timestamp,ltp,volume
2021-06-15 09:15:41,1880.8,0
2021-06-15 09:15:42,1880.45,0
2021-06-15 09:15:43,1880.65,0
2021-06-15 09:15:51,1881.6,0
2021-06-15 09:15:56,1881.55,0
2021-06-15 09:15:57,1881.65,0
2021-06-15 09:15:59,1881.95,0
2021-06-15 09:16:00,1882.2,0
2021-06-15 09:16:01,1881.2,0
2021-06-15 09:16:02,1880.85,0
2021-06-15 09:16:07,1881.5,0
2021-06-15 09:16:09,1880.95,0
2021-06-15 09:16:24,1880.85,0
2021-06-15 09:16:27,1881.55,0
2021-06-15 09:16:29,1881.25,0
2021-06-15 09:16:35,1881.55,0
2021-06-15 09:16:45,1882.3,0
2021-06-15 09:16:46,1881.9,0
2021-06-15 09:16:47,1881.7,0
2021-06-15 09:16:52,1882.9,0
2021-06-15 09:16:58,1882.65,0
2021-06-15 09:17:00,1881.4,0
2021-06-15 09:17:11,1883.85,0
2021-06-15 09:17:12,1883.05,0
2021-06-15 09:17:13,1883.15,0
2021-06-15 09:17:14,1883.0,0
2021-06-15 09:17:16,1882.2,0
2021-06-15 09:17:20,1881.35,0
2021-06-15 09:17:21,1881.1,0
2021-06-15 09:17:22,1883.0,0
2021-06-15 09:17:24,1881.6,0
2021-06-15 09:17:25,1882.15,0
2021-06-15 09:17:27,1882.0,0
2021-06-15 09:17:32,1882.1,0
2021-06-15 09:17:34,1882.05,0
2021-06-15 09:17:37,1881.9,0
2021-06-15 09:17:43,1882.8,0
2021-06-15 09:17:48,1882.35,0
2021-06-15 09:17:55,1883.65,0
2021-06-15 09:17:59,1882.9,0
2021-06-15 09:18:08,1882.0,0
2021-06-15 09:18:10,1882.15,0
2021-06-15 09:18:13,1882.65,0
2021-06-15 09:18:15,1882.25,0
2021-06-15 09:18:19,1881.95,0
2021-06-15 09:18:21,1881.85,0
2021-06-15 09:18:27,1881.9,0
2021-06-15 09:18:28,1882.45,0
2021-06-15 09:18:31,1883.15,0
2021-06-15 09:18:32,1882.5,0
2021-06-15 09:18:33,1882.75,0
2021-06-15 09:18:36,1882.5,0
2021-06-15 09:18:40,1882.0,0
2021-06-15 09:18:42,1881.7,0
2021-06-15 09:18:43,1881.85,0
2021-06-15 09:18:44,1881.95,0
2021-06-15 09:18:46,1882.1,0
2021-06-15 09:18:48,1881.45,0
2021-06-15 09:18:50,1881.4,0
2021-06-15 09:18:52,1881.5,0
2021-06-15 09:18:53,1881.0,0
2021-06-15 09:18:54,1881.75,0
2021-06-15 09:18:56,1881.55,0
2021-06-15 09:19:03,1881.8,0
2021-06-15 09:19:07,1880.95,0
2021-06-15 09:19:09,1881.1,0
2021-06-15 09:19:10,1880.75,0
2021-06-15 09:19:12,1881.6,0
2021-06-15 09:19:16,1881.6,0
2021-06-15 09:19:23,1882.2,0
2021-06-15 09:19:27,1882.25,0
2021-06-15 09:19:28,1882.5,0
2021-06-15 09:19:29,1882.8,0
2021-06-15 09:19:30,1882.8,0
2021-06-15 09:19:37,1882.85,0
2021-06-15 09:19:38,1883.6,0
2021-06-15 09:19:41,1883.4,0
2021-06-15 09:19:45,1883.85,0
2021-06-15 09:19:46,1883.75,0
2021-06-15 09:19:49,1884.8,0
2021-06-15 09:19:52,1884.9,0
2021-06-15 09:19:54,1884.6,0
2021-06-15 09:19:56,1885.05,0
2021-06-15 09:19:59,1884.05,0
2021-06-15 09:20:00,1883.9,0
2021-06-15 09:20:02,1884.25,0
2021-06-15 09:20:05,1883.75,0
2021-06-15 09:20:09,1884.3,0
2021-06-15 09:20:11,1884.05,0
2021-06-15 09:20:14,1884.8,0
2021-06-15 09:20:16,1884.25,0
2021-06-15 09:20:21,1884.65,0
2021-06-15 09:20:24,1884.45,0
2021-06-15 09:20:25,1884.95,0
2021-06-15 09:20:27,1884.8,0
2021-06-15 09:20:28,1884.8,0
2021-06-15 09:20:29,1884.65,0
2021-06-15 09:20:30,1884.75,0
2021-06-15 09:20:31,1883.85,0
2021-06-15 09:20:36,1884.35,0
2021-06-15 09:20:42,1885.35,0
2021-06-15 09:20:45,1885.05,0
2021-06-15 09:20:48,1883.8,0
2021-06-15 09:20:59,1883.75,0
2021-06-15 09:21:02,1883.45,0
2021-06-15 09:21:03,1883.9,0
2021-06-15 09:21:04,1883.95,0
2021-06-15 09:21:05,1883.95,0
2021-06-15 09:21:14,1884.2,0
2021-06-15 09:21:17,1883.65,0
2021-06-15 09:21:19,1884.15,0
2021-06-15 09:21:21,1884.55,0
2021-06-15 09:21:26,1883.95,0
2021-06-15 09:21:27,1884.1,0
2021-06-15 09:21:29,1884.35,0
2021-06-15 09:21:30,1884.35,0
2021-06-15 09:21:31,1884.3,0
2021-06-15 09:21:34,1884.15,0
2021-06-15 09:21:38,1885.05,0
2021-06-15 09:21:39,1884.25,0
2021-06-15 09:21:44,1885.3,0
2021-06-15 09:21:50,1885.35,0
2021-06-15 09:21:51,1885.45,0
2021-06-15 09:21:53,1885.5,0
2021-06-15 09:21:56,1886.0,0
2021-06-15 09:21:58,1886.3,0
2021-06-15 09:22:01,1886.25,0
2021-06-15 09:22:07,1886.15,0
2021-06-15 09:22:08,1887.0,0
2021-06-15 09:22:09,1886.75,0
2021-06-15 09:22:10,1886.6,0
2021-06-15 09:22:14,1887.1,0
2021-06-15 09:22:17,1886.2,0
2021-06-15 09:22:21,1886.25,0
2021-06-15 09:22:24,1886.9,0
2021-06-15 09:22:27,1885.85,0
2021-06-15 09:22:29,1886.65,0
2021-06-15 09:22:31,1886.5,0
2021-06-15 09:22:33,1885.7,0
2021-06-15 09:22:34,1885.3,0
2021-06-15 09:22:37,1885.85,0
2021-06-15 09:22:39,1885.25,0
2021-06-15 09:22:40,1885.5,0
2021-06-15 09:22:41,1885.35,0
2021-06-15 09:22:44,1885.9,0
2021-06-15 09:22:47,1886.25,0
2021-06-15 09:22:48,1885.5,0
2021-06-15 09:22:49,1885.2,0
2021-06-15 09:22:50,1885.2,0
2021-06-15 09:22:51,1885.3,0
2021-06-15 09:22:52,1886.2,0
2021-06-15 09:22:54,1885.75,0
2021-06-15 09:22:56,1885.65,0
2021-06-15 09:22:59,1886.3,0
2021-06-15 09:23:05,1885.65,0
2021-06-15 09:23:06,1885.65,0
2021-06-15 09:23:07,1885.9,0
2021-06-15 09:23:08,1885.95,0
2021-06-15 09:23:09,1885.35,0
2021-06-15 09:23:15,1886.15,0
2021-06-15 09:23:17,1885.9,0
2021-06-15 09:23:18,1886.0,0
2021-06-15 09:23:19,1886.4,0
2021-06-15 09:23:20,1886.05,0
2021-06-15 09:23:21,1886.05,0
2021-06-15 09:23:25,1884.95,0
2021-06-15 09:23:27,1884.7,0
2021-06-15 09:23:28,1884.8,0
2021-06-15 09:23:32,1884.45,0
2021-06-15 09:23:33,1884.45,0
2021-06-15 09:23:35,1884.3,0
2021-06-15 09:23:37,1883.85,0
2021-06-15 09:23:38,1884.95,0
2021-06-15 09:23:39,1885.2,0
2021-06-15 09:23:41,1884.6,0
2021-06-15 09:23:43,1884.65,0
2021-06-15 09:23:48,1885.1,0
2021-06-15 09:23:49,1884.8,0
2021-06-15 09:23:50,1884.7,0
2021-06-15 09:23:52,1884.3,0
2021-06-15 09:23:53,1883.85,0
2021-06-15 09:23:55,1884.15,0
2021-06-15 09:23:57,1883.85,0
2021-06-15 09:23:59,1884.0,0
2021-06-15 09:24:01,1883.3,0
2021-06-15 09:24:04,1883.6,0
2021-06-15 09:24:08,1883.9,0
2021-06-15 09:24:11,1884.25,0
2021-06-15 09:24:12,1884.05,0
2021-06-15 09:24:14,1884.2,0
2021-06-15 09:24:16,1884.65,0
2021-06-15 09:24:18,1884.15,0
2021-06-15 09:24:22,1884.1,0
2021-06-15 09:24:23,1884.6,0
2021-06-15 09:24:25,1884.8,0
2021-06-15 09:24:28,1884.2,0
2021-06-15 09:24:34,1884.65,0
2021-06-15 09:24:37,1884.65,0
2021-06-15 09:24:38,1884.55,0
2021-06-15 09:24:42,1884.75,0
2021-06-15 09:24:46,1884.9,0
2021-06-15 09:24:49,1885.3,0
2021-06-15 09:24:50,1884.6,0
2021-06-15 09:24:53,1885.3,0
2021-06-15 09:24:57,1884.95,0
2021-06-15 09:25:02,1886.05,0
2021-06-15 09:25:04,1884.6,0
2021-06-15 09:25:05,1884.9,0
2021-06-15 09:25:06,1884.1,0
2021-06-15 09:25:09,1884.65,0
2021-06-15 09:25:11,1884.7,0
2021-06-15 09:25:12,1884.55,0
2021-06-15 09:25:15,1884.9,0
2021-06-15 09:25:18,1884.4,0
2021-06-15 09:25:21,1884.75,0
2021-06-15 09:25:22,1884.65,0
2021-06-15 09:25:24,1884.65,0
2021-06-15 09:25:25,1884.05,0
2021-06-15 09:25:27,1884.35,0
2021-06-15 09:25:29,1884.35,0
2021-06-15 09:25:32,1883.85,0
2021-06-15 09:25:34,1884.5,0
2021-06-15 09:25:37,1884.75,0
2021-06-15 09:25:41,1884.1,0
2021-06-15 09:25:42,1884.1,0
2021-06-15 09:25:43,1884.5,0
2021-06-15 09:25:44,1884.25,0
2021-06-15 09:25:45,1884.55,0
2021-06-15 09:25:47,1884.75,0
2021-06-15 09:25:51,1884.9,0
2021-06-15 09:25:53,1884.75,0
2021-06-15 09:25:54,1884.6,0
2021-06-15 09:25:56,1884.7,0
2021-06-15 09:25:57,1885.3,0
2021-06-15 09:26:00,1884.9,0
2021-06-15 09:26:01,1884.8,0
2021-06-15 09:26:02,1884.8,0
2021-06-15 09:26:03,1885.05,0
2021-06-15 09:26:07,1884.15,0
2021-06-15 09:26:08,1884.4,0
2021-06-15 09:26:15,1885.05,0
2021-06-15 09:26:18,1885.25,0
2021-06-15 09:26:19,1884.95,0
2021-06-15 09:26:26,1885.15,0
2021-06-15 09:26:29,1885.7,0
2021-06-15 09:26:32,1885.95,0
2021-06-15 09:26:37,1885.6,0
2021-06-15 09:26:38,1885.8,0
2021-06-15 09:26:39,1885.65,0
2021-06-15 09:26:40,1885.45,0
2021-06-15 09:26:41,1885.8,0
2021-06-15 09:26:43,1885.95,0
2021-06-15 09:26:44,1886.35,0
2021-06-15 09:26:48,1885.25,0
2021-06-15 09:26:54,1885.25,0
2021-06-15 09:26:56,1885.4,0
2021-06-15 09:26:57,1885.5,0
2021-06-15 09:27:01,1886.7,0
2021-06-15 09:27:04,1886.25,0
2021-06-15 09:27:06,1886.4,0
2021-06-15 09:27:07,1886.3,0
2021-06-15 09:27:09,1886.5,0
2021-06-15 09:27:11,1886.6,0
2021-06-15 09:27:14,1888.95,0
2021-06-15 09:27:19,1889.45,0
2021-06-15 09:27:21,1888.9,0
2021-06-15 09:27:22,1889.0,0
2021-06-15 09:27:25,1889.35,0
2021-06-15 09:27:26,1889.65,0
2021-06-15 09:27:28,1889.45,0
2021-06-15 09:27:31,1889.0,0
2021-06-15 09:27:32,1889.05,0
2021-06-15 09:27:33,1888.85,0
2021-06-15 09:27:34,1890.1,0
2021-06-15 09:27:35,1889.8,0
2021-06-15 09:27:37,1890.6,0
2021-06-15 09:27:38,1890.45,0
2021-06-15 09:27:41,1890.55,0
2021-06-15 09:27:44,1890.85,0
2021-06-15 09:27:45,1891.0,0
2021-06-15 09:27:49,1891.0,0
2021-06-15 09:27:50,1890.4,0
2021-06-15 09:27:52,1891.3,0
2021-06-15 09:27:54,1891.2,0
2021-06-15 09:27:55,1891.25,0
2021-06-15 09:27:56,1891.15,0
2021-06-15 09:27:57,1892.0,0
2021-06-15 09:27:59,1891.9,0
2021-06-15 09:28:01,1891.65,0
2021-06-15 09:28:02,1891.7,0
2021-06-15 09:28:05,1892.5,0
2021-06-15 09:28:06,1892.65,0
2021-06-15 09:28:11,1893.6,0
2021-06-15 09:28:12,1893.6,0
2021-06-15 09:28:15,1892.45,0
2021-06-15 09:28:16,1892.65,0
2021-06-15 09:28:17,1892.65,0
2021-06-15 09:28:20,1893.35,0
2021-06-15 09:28:22,1893.8,0
2021-06-15 09:28:23,1894.15,0
2021-06-15 09:28:25,1894.6,0
2021-06-15 09:28:27,1894.25,0
2021-06-15 09:28:30,1895.2,0
2021-06-15 09:28:32,1895.2,0
2021-06-15 09:28:33,1894.7,0
2021-06-15 09:28:34,1894.65,0
2021-06-15 09:28:37,1894.65,0
2021-06-15 09:28:39,1893.95,0
2021-06-15 09:28:46,1893.95,0
2021-06-15 09:28:47,1894.8,0
2021-06-15 09:28:49,1894.15,0
2021-06-15 09:28:51,1893.6,0
2021-06-15 09:28:52,1894.2,0
2021-06-15 09:28:53,1894.2,0
2021-06-15 09:28:56,1893.65,0
2021-06-15 09:28:58,1894.05,0
2021-06-15 09:28:59,1893.9,0
2021-06-15 09:29:07,1893.1,0
2021-06-15 09:29:08,1894.1,0
2021-06-15 09:29:11,1892.9,0
2021-06-15 09:29:12,1892.9,0
2021-06-15 09:29:14,1892.9,0
2021-06-15 09:29:16,1891.9,0
2021-06-15 09:29:17,1891.8,0
2021-06-15 09:29:19,1891.85,0
2021-06-15 09:29:21,1892.05,0
2021-06-15 09:29:22,1891.1,0
2021-06-15 09:29:26,1892.45,0
2021-06-15 09:29:27,1891.8,0
2021-06-15 09:29:28,1892.0,0
2021-06-15 09:29:29,1892.1,0
2021-06-15 09:29:30,1891.65,0
2021-06-15 09:29:31,1891.45,0
2021-06-15 09:29:32,1893.0,0
2021-06-15 09:29:34,1893.2,0
2021-06-15 09:29:35,1893.1,0
2021-06-15 09:29:39,1892.95,0
2021-06-15 09:29:42,1892.35,0
2021-06-15 09:29:46,1891.95,0
2021-06-15 09:29:50,1891.1,0
2021-06-15 09:29:51,1890.9,0
2021-06-15 09:29:52,1891.35,0
2021-06-15 09:29:53,1891.55,0
2021-06-15 09:29:54,1891.2,0
2021-06-15 09:29:55,1891.45,0
2021-06-15 09:29:57,1891.65,0
2021-06-15 09:30:00,1891.7,0
2021-06-15 09:30:02,1891.0,0
2021-06-15 09:30:03,1891.9,0
2021-06-15 09:30:04,1891.8,0
2021-06-15 09:30:05,1891.8,0
2021-06-15 09:30:08,1892.2,0
2021-06-15 09:30:09,1891.55,0
2021-06-15 09:30:15,1890.9,0
2021-06-15 09:30:16,1891.15,0
2021-06-15 09:30:19,1890.6,0
2021-06-15 09:30:23,1891.1,0
2021-06-15 09:30:26,1890.55,0
2021-06-15 09:30:27,1889.55,0
2021-06-15 09:30:28,1890.0,0
2021-06-15 09:30:29,1889.75,0
2021-06-15 09:30:35,1890.3,0
2021-06-15 09:30:37,1890.95,0
2021-06-15 09:30:38,1891.3,0
2021-06-15 09:30:39,1890.85,0
2021-06-15 09:30:40,1890.8,0
2021-06-15 09:30:49,1890.7,0
2021-06-15 09:30:52,1890.65,0
2021-06-15 09:30:53,1891.2,0
2021-06-15 09:30:59,1891.25,0
2021-06-15 09:31:02,1890.7,0
2021-06-15 09:31:05,1890.35,0
2021-06-15 09:31:06,1890.35,0
2021-06-15 09:31:07,1890.35,0
2021-06-15 09:31:08,1890.45,0
2021-06-15 09:31:12,1890.25,0
2021-06-15 09:31:14,1889.3,0
2021-06-15 09:31:16,1889.45,0
2021-06-15 09:31:19,1889.85,0
2021-06-15 09:31:20,1890.0,0
2021-06-15 09:31:22,1889.55,0
2021-06-15 09:31:24,1889.3,0
2021-06-15 09:31:25,1889.8,0
2021-06-15 09:31:29,1889.2,0
2021-06-15 09:31:30,1888.95,0
2021-06-15 09:31:31,1888.45,0
2021-06-15 09:31:32,1888.8,0
2021-06-15 09:31:36,1889.65,0
2021-06-15 09:31:39,1888.8,0
2021-06-15 09:31:41,1888.6,0
2021-06-15 09:31:42,1888.45,0
2021-06-15 09:31:43,1888.75,0
2021-06-15 09:31:44,1889.0,0
2021-06-15 09:31:47,1888.0,0
2021-06-15 09:31:49,1888.35,0
2021-06-15 09:31:50,1889.0,0
2021-06-15 09:31:51,1888.75,0
2021-06-15 09:31:57,1889.25,0
2021-06-15 09:31:59,1888.8,0
2021-06-15 09:32:01,1888.75,0
2021-06-15 09:32:02,1888.75,0
2021-06-15 09:32:03,1888.9,0
2021-06-15 09:32:04,1888.65,0
2021-06-15 09:32:05,1888.35,0
2021-06-15 09:32:06,1888.65,0
2021-06-15 09:32:07,1888.2,0
2021-06-15 09:32:10,1887.75,0
2021-06-15 09:32:15,1888.0,0
2021-06-15 09:32:17,1887.85,0
2021-06-15 09:32:19,1887.75,0
2021-06-15 09:32:20,1887.5,0
2021-06-15 09:32:21,1887.15,0
2021-06-15 09:32:22,1887.4,0
2021-06-15 09:32:26,1887.25,0
2021-06-15 09:32:27,1887.05,0
2021-06-15 09:32:28,1887.35,0
2021-06-15 09:32:30,1886.8,0
2021-06-15 09:32:31,1886.75,0
2021-06-15 09:32:46,1887.5,0
2021-06-15 09:32:51,1887.25,0
2021-06-15 09:32:54,1886.8,0
2021-06-15 09:32:57,1886.2,0
2021-06-15 09:33:03,1887.45,0
2021-06-15 09:33:05,1886.55,0
2021-06-15 09:33:08,1886.75,0
2021-06-15 09:33:09,1886.8,0
2021-06-15 09:33:12,1886.7,0
2021-06-15 09:33:15,1887.35,0
2021-06-15 09:33:17,1887.25,0
2021-06-15 09:33:18,1887.75,0
2021-06-15 09:33:20,1888.15,0
2021-06-15 09:33:23,1888.1,0
2021-06-15 09:33:24,1888.25,0
2021-06-15 09:33:26,1888.55,0
2021-06-15 09:33:27,1889.0,0
2021-06-15 09:33:28,1888.9,0
2021-06-15 09:33:31,1887.95,0
2021-06-15 09:33:32,1888.05,0
2021-06-15 09:33:34,1888.45,0
2021-06-15 09:33:37,1889.3,0
2021-06-15 09:33:42,1889.1,0
2021-06-15 09:33:44,1888.7,0
2021-06-15 09:33:56,1890.0,0
2021-06-15 09:33:59,1889.75,0
2021-06-15 09:34:03,1889.7,0
2021-06-15 09:34:05,1889.9,0
2021-06-15 09:34:06,1889.7,0
2021-06-15 09:34:08,1889.75,0
2021-06-15 09:34:10,1889.95,0
2021-06-15 09:34:13,1889.9,0
2021-06-15 09:34:14,1889.75,0
2021-06-15 09:34:15,1890.05,0
2021-06-15 09:34:16,1889.5,0
2021-06-15 09:34:18,1889.4,0
2021-06-15 09:34:21,1888.9,0
2021-06-15 09:34:22,1889.3,0
2021-06-15 09:34:23,1889.2,0
2021-06-15 09:34:24,1889.7,0
2021-06-15 09:34:27,1890.0,0
2021-06-15 09:34:28,1889.7,0
2021-06-15 09:34:29,1889.85,0
2021-06-15 09:34:33,1889.65,0
2021-06-15 09:34:36,1889.4,0
2021-06-15 09:34:38,1889.55,0
2021-06-15 09:34:42,1889.9,0
2021-06-15 09:34:46,1888.85,0
2021-06-15 09:34:49,1889.25,0
2021-06-15 09:34:50,1889.2,0
2021-06-15 09:34:53,1889.25,0
2021-06-15 09:34:54,1888.7,0
2021-06-15 09:34:59,1889.6,0
2021-06-15 09:35:02,1889.3,0
2021-06-15 09:35:04,1887.8,0
2021-06-15 09:35:09,1888.15,0
2021-06-15 09:35:13,1889.05,0
2021-06-15 09:35:14,1889.55,0
2021-06-15 09:35:17,1889.05,0
2021-06-15 09:35:18,1889.0,0
2021-06-15 09:35:19,1889.45,0
2021-06-15 09:35:25,1889.7,0
2021-06-15 09:35:26,1889.6,0
2021-06-15 09:35:27,1889.7,0
2021-06-15 09:35:31,1889.7,0
2021-06-15 09:35:32,1889.55,0
2021-06-15 09:35:33,1889.5,0
2021-06-15 09:35:34,1889.35,0
2021-06-15 09:35:36,1889.85,0
2021-06-15 09:35:38,1889.25,0
2021-06-15 09:35:41,1889.25,0
2021-06-15 09:35:43,1889.0,0
2021-06-15 09:35:44,1888.75,0
2021-06-15 09:35:45,1888.65,0
2021-06-15 09:35:48,1888.7,0
2021-06-15 09:35:51,1888.9,0
2021-06-15 09:35:52,1888.75,0
2021-06-15 09:35:53,1888.55,0
2021-06-15 09:35:55,1889.05,0
2021-06-15 09:35:56,1889.05,0
2021-06-15 09:35:57,1889.2,0
2021-06-15 09:35:59,1888.8,0
2021-06-15 09:36:02,1889.15,0
2021-06-15 09:36:06,1889.45,0
2021-06-15 09:36:10,1889.55,0
2021-06-15 09:36:13,1890.45,0
2021-06-15 09:36:15,1890.0,0
2021-06-15 09:36:18,1889.95,0
2021-06-15 09:36:21,1890.35,0
2021-06-15 09:36:23,1890.55,0
2021-06-15 09:36:24,1890.45,0
2021-06-15 09:36:25,1889.85,0
2021-06-15 09:36:30,1889.95,0
2021-06-15 09:36:31,1889.65,0
2021-06-15 09:36:33,1888.9,0
2021-06-15 09:36:37,1889.3,0
2021-06-15 09:36:40,1888.95,0
2021-06-15 09:36:42,1888.75,0
2021-06-15 09:36:45,1889.15,0
2021-06-15 09:36:48,1889.1,0
2021-06-15 09:36:51,1889.55,0
2021-06-15 09:36:53,1889.2,0
2021-06-15 09:36:54,1889.6,0
2021-06-15 09:36:58,1889.75,0
2021-06-15 09:37:00,1889.85,0
2021-06-15 09:37:01,1889.5,0
2021-06-15 09:37:05,1890.0,0
2021-06-15 09:37:06,1889.3,0
2021-06-15 09:37:08,1889.05,0
2021-06-15 09:37:09,1889.5,0
2021-06-15 09:37:10,1889.8,0
2021-06-15 09:37:13,1890.0,0
2021-06-15 09:37:16,1889.0,0
2021-06-15 09:37:17,1888.9,0
2021-06-15 09:37:18,1889.0,0
2021-06-15 09:37:19,1889.5,0
2021-06-15 09:37:22,1889.5,0
2021-06-15 09:37:24,1890.0,0
2021-06-15 09:37:26,1890.5,0
2021-06-15 09:37:27,1890.45,0
2021-06-15 09:37:32,1890.3,0
2021-06-15 09:37:33,1891.1,0
2021-06-15 09:37:34,1890.4,0
2021-06-15 09:37:35,1890.65,0
2021-06-15 09:37:36,1890.6,0
2021-06-15 09:37:39,1890.45,0
2021-06-15 09:37:40,1890.55,0
2021-06-15 09:37:42,1890.3,0
2021-06-15 09:37:45,1890.85,0
2021-06-15 09:37:46,1890.95,0
2021-06-15 09:37:47,1889.85,0
2021-06-15 09:37:50,1889.95,0
2021-06-15 09:37:51,1890.25,0
2021-06-15 09:37:52,1889.8,0
2021-06-15 09:37:54,1889.75,0
2021-06-15 09:37:56,1890.3,0
2021-06-15 09:37:58,1889.8,0
2021-06-15 09:37:59,1890.35,0
2021-06-15 09:38:00,1890.3,0
2021-06-15 09:38:04,1890.6,0
2021-06-15 09:38:05,1890.4,0
2021-06-15 09:38:07,1890.85,0
2021-06-15 09:38:09,1890.7,0
2021-06-15 09:38:10,1890.5,0
2021-06-15 09:38:11,1890.55,0
2021-06-15 09:38:12,1890.3,0
2021-06-15 09:38:13,1889.65,0
2021-06-15 09:38:15,1889.5,0
2021-06-15 09:38:17,1889.7,0
2021-06-15 09:38:20,1890.15,0
2021-06-15 09:38:21,1889.8,0
2021-06-15 09:38:22,1889.95,0
2021-06-15 09:38:23,1889.7,0
2021-06-15 09:38:24,1889.8,0
2021-06-15 09:38:26,1890.0,0
2021-06-15 09:38:28,1890.55,0
2021-06-15 09:38:30,1890.35,0
2021-06-15 09:38:32,1890.0,0
2021-06-15 09:38:34,1890.5,0
2021-06-15 09:38:35,1890.45,0
2021-06-15 09:38:39,1890.15,0
2021-06-15 09:38:40,1889.55,0
2021-06-15 09:38:41,1889.4,0
2021-06-15 09:38:46,1889.4,0
2021-06-15 09:38:48,1889.65,0
2021-06-15 09:38:50,1889.55,0
2021-06-15 09:38:51,1889.45,0
2021-06-15 09:38:52,1889.2,0
2021-06-15 09:38:54,1889.65,0
2021-06-15 09:38:55,1890.15,0
2021-06-15 09:38:56,1890.1,0
2021-06-15 09:38:57,1889.9,0
2021-06-15 09:39:00,1889.8,0
2021-06-15 09:39:01,1889.15,0
2021-06-15 09:39:07,1889.75,0
2021-06-15 09:39:08,1889.95,0
2021-06-15 09:39:10,1889.95,0
2021-06-15 09:39:11,1890.45,0
2021-06-15 09:39:16,1889.6,0
2021-06-15 09:39:18,1889.45,0
2021-06-15 09:39:20,1889.35,0
2021-06-15 09:39:21,1889.85,0
2021-06-15 09:39:22,1889.65,0
2021-06-15 09:39:23,1889.5,0
2021-06-15 09:39:25,1890.3,0
2021-06-15 09:39:26,1890.45,0
2021-06-15 09:39:28,1890.6,0
2021-06-15 09:39:29,1890.3,0
2021-06-15 09:39:30,1890.65,0
2021-06-15 09:39:31,1889.95,0
2021-06-15 09:39:35,1889.75,0
2021-06-15 09:39:37,1889.85,0
2021-06-15 09:39:36,1889.75,0
2021-06-15 09:39:38,1889.5,0
2021-06-15 09:39:39,1889.4,0
2021-06-15 09:39:40,1889.75,0
2021-06-15 09:39:42,1889.7,0
2021-06-15 09:39:43,1889.25,0
2021-06-15 09:39:45,1889.15,0
2021-06-15 09:39:46,1889.1,0
2021-06-15 09:39:48,1889.15,0
2021-06-15 09:39:49,1889.5,0
2021-06-15 09:39:50,1889.7,0
2021-06-15 09:39:51,1888.8,0
2021-06-15 09:39:52,1889.25,0
2021-06-15 09:39:53,1889.0,0
2021-06-15 09:39:57,1889.05,0
2021-06-15 09:39:58,1889.1,0
2021-06-15 09:40:00,1888.8,0
2021-06-15 09:40:06,1889.05,0
2021-06-15 09:40:09,1889.4,0
2021-06-15 09:40:12,1889.25,0
2021-06-15 09:40:14,1889.4,0
2021-06-15 09:40:17,1889.85,0
2021-06-15 09:40:19,1889.8,0
2021-06-15 09:40:20,1888.5,0
2021-06-15 09:40:21,1888.75,0
2021-06-15 09:40:22,1888.85,0
2021-06-15 09:40:25,1888.0,0
2021-06-15 09:40:26,1887.65,0
2021-06-15 09:40:28,1888.35,0
2021-06-15 09:40:29,1888.3,0
2021-06-15 09:40:32,1888.9,0
2021-06-15 09:40:33,1888.45,0
2021-06-15 09:40:37,1888.5,0
2021-06-15 09:40:39,1888.1,0
2021-06-15 09:40:40,1888.1,0
2021-06-15 09:40:41,1888.3,0
2021-06-15 09:40:43,1888.3,0
2021-06-15 09:40:47,1887.8,0
2021-06-15 09:40:50,1887.6,0
2021-06-15 09:40:51,1887.6,0
2021-06-15 09:40:56,1888.0,0
2021-06-15 09:41:01,1886.85,0
2021-06-15 09:41:07,1886.85,0
2021-06-15 09:41:08,1887.0,0
2021-06-15 09:41:09,1887.1,0
2021-06-15 09:41:11,1887.65,0
2021-06-15 09:41:13,1887.75,0
2021-06-15 09:41:14,1887.7,0
2021-06-15 09:41:16,1887.45,0
2021-06-15 09:41:17,1886.9,0
2021-06-15 09:41:19,1886.75,0
2021-06-15 09:41:20,1886.65,0
2021-06-15 09:41:21,1886.55,0
2021-06-15 09:41:23,1886.9,0
2021-06-15 09:41:25,1887.25,0
2021-06-15 09:41:27,1887.05,0
2021-06-15 09:41:28,1887.55,0
2021-06-15 09:41:29,1887.6,0
2021-06-15 09:41:31,1887.65,0
2021-06-15 09:41:33,1887.75,0
2021-06-15 09:41:34,1888.4,0
2021-06-15 09:41:36,1887.5,0
2021-06-15 09:41:38,1886.95,0
2021-06-15 09:41:39,1887.35,0
2021-06-15 09:41:41,1887.8,0
2021-06-15 09:41:42,1887.25,0
2021-06-15 09:41:43,1887.35,0
2021-06-15 09:41:44,1887.65,0
2021-06-15 09:41:49,1888.05,0
2021-06-15 09:41:52,1888.5,0
2021-06-15 09:41:55,1888.35,0
2021-06-15 09:41:59,1888.5,0
2021-06-15 09:42:00,1888.9,0
2021-06-15 09:42:02,1888.5,0
2021-06-15 09:42:03,1888.4,0
2021-06-15 09:42:04,1888.7,0
2021-06-15 09:42:06,1888.3,0
2021-06-15 09:42:08,1888.2,0
2021-06-15 09:42:09,1888.2,0
2021-06-15 09:42:10,1888.2,0
2021-06-15 09:42:11,1888.2,0
2021-06-15 09:42:12,1888.2,0
2021-06-15 09:42:14,1888.15,0
2021-06-15 09:42:15,1888.2,0
2021-06-15 09:42:16,1888.35,0
2021-06-15 09:42:17,1888.55,0
2021-06-15 09:42:19,1888.3,0
2021-06-15 09:42:22,1888.25,0
2021-06-15 09:42:24,1888.4,0
2021-06-15 09:42:25,1888.35,0
2021-06-15 09:42:28,1888.55,0
2021-06-15 09:42:31,1888.1,0
2021-06-15 09:42:32,1888.1,0
2021-06-15 09:42:34,1888.75,0
2021-06-15 09:42:35,1888.4,0
2021-06-15 09:42:36,1887.95,0
2021-06-15 09:42:37,1888.4,0
2021-06-15 09:42:39,1888.6,0
2021-06-15 09:42:40,1888.35,0
2021-06-15 09:42:45,1888.6,0
2021-06-15 09:42:46,1888.4,0
2021-06-15 09:42:48,1888.85,0
2021-06-15 09:42:51,1888.65,0
2021-06-15 09:42:52,1888.55,0
2021-06-15 09:42:53,1888.55,0
2021-06-15 09:42:54,1888.9,0
2021-06-15 09:42:55,1888.9,0
2021-06-15 09:42:58,1888.95,0
2021-06-15 09:43:02,1889.45,0
2021-06-15 09:43:09,1889.1,0
2021-06-15 09:43:14,1888.9,0
2021-06-15 09:43:15,1889.35,0
2021-06-15 09:43:16,1889.2,0
2021-06-15 09:43:17,1888.6,0
2021-06-15 09:43:19,1888.85,0
2021-06-15 09:43:21,1888.45,0
2021-06-15 09:43:22,1888.65,0
2021-06-15 09:43:24,1889.05,0
2021-06-15 09:43:27,1889.3,0
2021-06-15 09:43:28,1889.2,0
2021-06-15 09:43:29,1889.3,0
2021-06-15 09:43:33,1889.55,0
2021-06-15 09:43:35,1889.4,0
2021-06-15 09:43:36,1889.3,0
2021-06-15 09:43:37,1889.55,0
2021-06-15 09:43:42,1889.25,0
2021-06-15 09:43:43,1889.25,0
2021-06-15 09:43:44,1889.0,0
2021-06-15 09:43:45,1888.8,0
2021-06-15 09:43:47,1889.4,0
2021-06-15 09:43:48,1889.9,0
2021-06-15 09:43:49,1889.8,0
2021-06-15 09:43:55,1889.5,0
2021-06-15 09:43:56,1889.65,0
2021-06-15 09:43:57,1889.65,0
2021-06-15 09:43:58,1890.0,0
2021-06-15 09:44:02,1889.55,0
2021-06-15 09:44:04,1889.6,0
2021-06-15 09:44:10,1889.6,0
2021-06-15 09:44:12,1890.0,0
2021-06-15 09:44:13,1889.45,0
2021-06-15 09:44:20,1889.95,0
2021-06-15 09:44:21,1889.5,0
2021-06-15 09:44:22,1889.9,0
2021-06-15 09:44:23,1889.75,0
2021-06-15 09:44:24,1889.55,0
2021-06-15 09:44:26,1889.45,0
2021-06-15 09:44:27,1889.15,0
2021-06-15 09:44:33,1889.4,0
2021-06-15 09:44:35,1890.1,0
2021-06-15 09:44:37,1890.05,0
2021-06-15 09:44:38,1890.3,0
2021-06-15 09:44:39,1890.2,0
2021-06-15 09:44:40,1890.35,0
2021-06-15 09:44:46,1888.8,0
2021-06-15 09:44:47,1889.15,0
2021-06-15 09:44:49,1889.1,0
2021-06-15 09:44:50,1889.35,0
2021-06-15 09:44:51,1889.65,0
2021-06-15 09:44:52,1889.65,0
2021-06-15 09:44:53,1889.55,0
2021-06-15 09:44:55,1889.2,0
2021-06-15 09:44:56,1889.2,0
2021-06-15 09:45:06,1889.15,0
2021-06-15 09:45:07,1889.25,0
2021-06-15 09:45:08,1889.45,0
2021-06-15 09:45:11,1889.2,0
2021-06-15 09:45:13,1888.7,0
2021-06-15 09:45:16,1888.8,0
2021-06-15 09:45:18,1887.65,0
2021-06-15 09:45:19,1887.65,0
2021-06-15 09:45:20,1888.05,0
2021-06-15 09:45:21,1888.55,0
2021-06-15 09:45:22,1888.4,0
2021-06-15 09:45:23,1888.3,0
2021-06-15 09:45:24,1887.45,0
2021-06-15 09:45:25,1888.1,0
2021-06-15 09:45:28,1887.8,0
2021-06-15 09:45:29,1888.2,0
2021-06-15 09:45:32,1887.1,0
2021-06-15 09:45:33,1887.2,0
2021-06-15 09:45:34,1887.25,0
2021-06-15 09:45:35,1887.35,0
2021-06-15 09:45:36,1887.35,0
2021-06-15 09:45:43,1886.5,0
2021-06-15 09:45:45,1887.1,0
2021-06-15 09:45:47,1887.25,0
2021-06-15 09:45:48,1887.05,0
2021-06-15 09:45:50,1887.25,0
2021-06-15 09:45:54,1887.05,0
2021-06-15 09:45:56,1887.3,0
2021-06-15 09:45:57,1887.25,0
2021-06-15 09:46:02,1887.1,0
2021-06-15 09:46:03,1887.1,0
2021-06-15 09:46:05,1887.1,0
2021-06-15 09:46:06,1887.15,0
2021-06-15 09:46:07,1886.65,0
2021-06-15 09:46:08,1886.6,0
2021-06-15 09:46:10,1886.05,0
2021-06-15 09:46:13,1886.75,0
2021-06-15 09:46:14,1886.8,0
2021-06-15 09:46:16,1886.45,0
2021-06-15 09:46:17,1886.5,0
2021-06-15 09:46:22,1886.75,0
2021-06-15 09:46:23,1886.6,0
2021-06-15 09:46:24,1886.1,0
2021-06-15 09:46:27,1886.85,0
2021-06-15 09:46:28,1886.85,0
2021-06-15 09:46:31,1886.9,0
2021-06-15 09:46:35,1887.05,0
2021-06-15 09:46:37,1887.05,0
2021-06-15 09:46:38,1887.05,0
2021-06-15 09:46:39,1887.05,0
2021-06-15 09:46:41,1886.25,0
2021-06-15 09:46:45,1886.0,0
2021-06-15 09:46:50,1885.65,0
2021-06-15 09:46:51,1885.9,0
2021-06-15 09:46:52,1885.85,0
2021-06-15 09:46:53,1885.95,0
2021-06-15 09:46:54,1885.75,0
2021-06-15 09:46:56,1885.6,0
2021-06-15 09:47:04,1884.75,0
2021-06-15 09:47:07,1884.6,0
2021-06-15 09:47:09,1884.45,0
2021-06-15 09:47:10,1884.5,0
2021-06-15 09:47:12,1883.7,0
2021-06-15 09:47:13,1883.65,0
2021-06-15 09:47:16,1883.9,0
2021-06-15 09:47:21,1884.2,0
2021-06-15 09:47:23,1883.95,0
2021-06-15 09:47:24,1884.2,0
2021-06-15 09:47:28,1884.0,0
2021-06-15 09:47:30,1883.95,0
2021-06-15 09:47:31,1884.0,0
2021-06-15 09:47:33,1884.25,0
2021-06-15 09:47:36,1884.95,0
2021-06-15 09:47:38,1884.8,0
2021-06-15 09:47:39,1884.7,0
2021-06-15 09:47:43,1885.05,0
2021-06-15 09:47:45,1885.1,0
2021-06-15 09:47:51,1884.65,0
2021-06-15 09:47:53,1884.55,0
2021-06-15 09:47:54,1884.55,0
2021-06-15 09:47:55,1884.6,0
2021-06-15 09:47:58,1884.5,0
2021-06-15 09:48:00,1884.75,0
2021-06-15 09:48:01,1884.45,0
2021-06-15 09:48:02,1884.45,0
2021-06-15 09:48:03,1884.55,0
2021-06-15 09:48:08,1884.75,0
2021-06-15 09:48:09,1884.45,0
2021-06-15 09:48:10,1884.45,0
2021-06-15 09:48:14,1885.45,0
2021-06-15 09:48:17,1885.15,0
2021-06-15 09:48:18,1885.15,0
2021-06-15 09:48:19,1885.15,0
2021-06-15 09:48:20,1885.45,0
2021-06-15 09:48:23,1884.9,0
2021-06-15 09:48:24,1884.95,0
2021-06-15 09:48:25,1884.75,0
2021-06-15 09:48:26,1884.95,0
2021-06-15 09:48:27,1884.3,0
2021-06-15 09:48:29,1884.45,0
2021-06-15 09:48:31,1884.25,0
2021-06-15 09:48:35,1885.1,0
2021-06-15 09:48:36,1885.1,0
2021-06-15 09:48:37,1884.9,0
2021-06-15 09:48:38,1885.15,0
2021-06-15 09:48:39,1884.85,0
2021-06-15 09:48:40,1884.95,0
2021-06-15 09:48:42,1885.75,0
2021-06-15 09:48:43,1885.6,0
2021-06-15 09:48:44,1885.65,0
2021-06-15 09:48:47,1885.85,0
2021-06-15 09:48:49,1885.65,0
2021-06-15 09:48:50,1885.45,0
2021-06-15 09:48:52,1885.6,0
2021-06-15 09:48:55,1886.0,0
2021-06-15 09:48:56,1885.65,0
2021-06-15 09:48:59,1885.7,0
2021-06-15 09:49:00,1885.2,0
2021-06-15 09:49:03,1884.85,0
2021-06-15 09:49:05,1885.05,0
2021-06-15 09:49:09,1885.0,0
2021-06-15 09:49:10,1885.25,0
2021-06-15 09:49:11,1885.2,0
2021-06-15 09:49:15,1884.4,0
2021-06-15 09:49:16,1885.05,0
2021-06-15 09:49:17,1885.05,0
2021-06-15 09:49:21,1884.55,0
2021-06-15 09:49:23,1884.5,0
2021-06-15 09:49:27,1884.05,0
2021-06-15 09:49:31,1883.85,0
2021-06-15 09:49:32,1883.85,0
2021-06-15 09:49:34,1883.65,0
2021-06-15 09:49:35,1883.5,0
2021-06-15 09:49:37,1883.3,0
2021-06-15 09:49:39,1883.6,0
2021-06-15 09:49:41,1884.25,0
2021-06-15 09:49:45,1883.5,0
2021-06-15 09:49:46,1883.75,0
2021-06-15 09:49:48,1883.75,0
2021-06-15 09:49:50,1884.15,0
2021-06-15 09:49:51,1884.15,0
2021-06-15 09:49:55,1884.3,0
2021-06-15 09:49:57,1884.2,0
2021-06-15 09:49:58,1883.75,0
2021-06-15 09:49:59,1883.6,0
2021-06-15 09:50:03,1883.95,0
2021-06-15 09:50:05,1884.0,0
2021-06-15 09:50:07,1884.5,0
2021-06-15 09:50:12,1884.5,0
2021-06-15 09:50:13,1884.4,0
2021-06-15 09:50:14,1883.75,0
2021-06-15 09:50:17,1884.05,0
2021-06-15 09:50:18,1883.8,0
2021-06-15 09:50:19,1883.95,0
2021-06-15 09:50:21,1883.7,0
2021-06-15 09:50:22,1883.45,0
2021-06-15 09:50:23,1883.4,0
2021-06-15 09:50:25,1883.55,0
2021-06-15 09:50:26,1884.15,0
2021-06-15 09:50:27,1884.25,0
2021-06-15 09:50:28,1884.1,0
2021-06-15 09:50:29,1884.65,0
2021-06-15 09:50:31,1884.35,0
2021-06-15 09:50:32,1884.55,0
2021-06-15 09:50:37,1884.35,0
2021-06-15 09:50:38,1884.3,0
2021-06-15 09:50:42,1884.2,0
2021-06-15 09:50:43,1884.6,0
2021-06-15 09:50:45,1884.65,0
2021-06-15 09:50:46,1885.0,0
2021-06-15 09:50:47,1885.0,0
2021-06-15 09:50:50,1884.4,0
2021-06-15 09:50:53,1884.75,0
2021-06-15 09:50:56,1884.0,0
2021-06-15 09:51:01,1884.9,0
2021-06-15 09:51:03,1884.65,0
2021-06-15 09:51:04,1884.9,0
2021-06-15 09:51:05,1884.75,0
2021-06-15 09:51:06,1884.75,0
2021-06-15 09:51:08,1884.5,0
2021-06-15 09:51:10,1883.9,0
2021-06-15 09:51:15,1884.15,0
2021-06-15 09:51:18,1884.85,0
2021-06-15 09:51:20,1885.45,0
2021-06-15 09:51:22,1885.65,0
2021-06-15 09:51:23,1885.45,0
2021-06-15 09:51:26,1885.2,0
2021-06-15 09:51:28,1885.0,0
2021-06-15 09:51:30,1884.7,0
2021-06-15 09:51:37,1884.15,0
2021-06-15 09:51:39,1883.65,0
2021-06-15 09:51:40,1884.0,0
2021-06-15 09:51:43,1883.95,0
2021-06-15 09:51:46,1884.65,0
2021-06-15 09:51:48,1884.05,0
2021-06-15 09:51:49,1883.65,0
2021-06-15 09:51:50,1883.9,0
2021-06-15 09:51:52,1883.55,0
2021-06-15 09:51:54,1883.3,0
2021-06-15 09:51:55,1883.05,0
2021-06-15 09:51:56,1883.15,0
2021-06-15 09:51:59,1884.15,0
2021-06-15 09:52:00,1884.1,0
2021-06-15 09:52:02,1883.85,0
2021-06-15 09:52:04,1883.65,0
2021-06-15 09:52:05,1883.2,0
2021-06-15 09:52:08,1883.4,0
2021-06-15 09:52:09,1883.35,0
2021-06-15 09:52:10,1883.65,0
2021-06-15 09:52:11,1883.6,0
2021-06-15 09:52:14,1883.45,0
2021-06-15 09:52:15,1883.85,0
2021-06-15 09:52:17,1884.0,0
2021-06-15 09:52:18,1884.0,0
2021-06-15 09:52:22,1883.9,0
2021-06-15 09:52:23,1883.35,0
2021-06-15 09:52:24,1883.75,0
2021-06-15 09:52:26,1883.75,0
2021-06-15 09:52:27,1883.75,0
2021-06-15 09:52:28,1883.95,0
2021-06-15 09:52:29,1883.65,0
2021-06-15 09:52:30,1883.85,0
2021-06-15 09:52:31,1884.4,0
2021-06-15 09:52:34,1884.5,0
2021-06-15 09:52:37,1884.75,0
2021-06-15 09:52:39,1884.05,0
2021-06-15 09:52:42,1884.35,0
2021-06-15 09:52:44,1884.25,0
2021-06-15 09:52:47,1885.15,0
2021-06-15 09:52:49,1885.0,0
2021-06-15 09:52:50,1885.15,0
2021-06-15 09:52:53,1885.15,0
2021-06-15 09:53:02,1884.1,0
2021-06-15 09:53:06,1884.85,0
2021-06-15 09:53:07,1884.8,0
2021-06-15 09:53:08,1884.7,0
2021-06-15 09:53:10,1885.3,0
2021-06-15 09:53:13,1885.0,0
2021-06-15 09:53:14,1885.5,0
2021-06-15 09:53:16,1884.8,0
2021-06-15 09:53:19,1885.45,0
2021-06-15 09:53:20,1885.25,0
2021-06-15 09:53:22,1885.45,0
2021-06-15 09:53:24,1885.45,0
2021-06-15 09:53:25,1885.45,0
2021-06-15 09:53:26,1885.45,0
2021-06-15 09:53:27,1885.1,0
2021-06-15 09:53:29,1885.4,0
2021-06-15 09:53:30,1886.1,0
2021-06-15 09:53:31,1886.05,0
2021-06-15 09:53:35,1885.15,0
2021-06-15 09:53:36,1884.9,0
2021-06-15 09:53:37,1885.25,0
2021-06-15 09:53:40,1885.45,0
2021-06-15 09:53:42,1886.05,0
2021-06-15 09:53:43,1885.55,0
2021-06-15 09:53:47,1885.5,0
2021-06-15 09:53:49,1885.7,0
2021-06-15 09:53:51,1885.2,0
2021-06-15 09:53:53,1885.45,0
2021-06-15 09:53:56,1885.45,0
2021-06-15 09:53:57,1885.45,0
2021-06-15 09:54:06,1885.45,0
2021-06-15 09:54:07,1885.1,0
2021-06-15 09:54:09,1885.4,0
2021-06-15 09:54:10,1885.6,0
2021-06-15 09:54:12,1885.35,0
2021-06-15 09:54:15,1885.35,0
2021-06-15 09:54:20,1884.85,0
2021-06-15 09:54:22,1885.45,0
2021-06-15 09:54:23,1885.45,0
2021-06-15 09:54:27,1884.55,0
2021-06-15 09:54:31,1885.4,0
2021-06-15 09:54:32,1885.15,0
2021-06-15 09:54:34,1885.45,0
2021-06-15 09:54:37,1885.85,0
2021-06-15 09:54:38,1885.85,0
2021-06-15 09:54:40,1885.4,0
2021-06-15 09:54:41,1885.4,0
2021-06-15 09:54:43,1885.3,0
2021-06-15 09:54:45,1885.0,0
2021-06-15 09:54:46,1884.75,0
2021-06-15 09:54:50,1884.7,0
2021-06-15 09:54:56,1885.1,0
2021-06-15 09:54:57,1884.9,0
2021-06-15 09:54:58,1885.15,0
2021-06-15 09:55:02,1884.95,0
2021-06-15 09:55:06,1884.55,0
2021-06-15 09:55:07,1884.6,0
2021-06-15 09:55:11,1884.9,0
2021-06-15 09:55:12,1884.9,0
2021-06-15 09:55:16,1885.1,0
2021-06-15 09:55:17,1884.95,0
2021-06-15 09:55:19,1885.35,0
2021-06-15 09:55:20,1885.55,0
2021-06-15 09:55:28,1885.4,0
2021-06-15 09:55:31,1885.55,0
2021-06-15 09:55:34,1885.95,0
2021-06-15 09:55:37,1885.9,0
2021-06-15 09:55:41,1886.05,0
2021-06-15 09:55:42,1886.05,0
2021-06-15 09:55:43,1885.95,0
2021-06-15 09:55:44,1885.6,0
2021-06-15 09:55:46,1885.9,0
2021-06-15 09:55:48,1885.85,0
2021-06-15 09:55:51,1886.0,0
2021-06-15 09:55:52,1886.0,0
2021-06-15 09:55:53,1885.7,0
2021-06-15 09:55:56,1885.5,0
2021-06-15 09:55:58,1885.0,0
2021-06-15 09:55:59,1885.0,0
2021-06-15 09:56:00,1885.3,0
2021-06-15 09:56:02,1884.85,0
2021-06-15 09:56:03,1885.2,0
2021-06-15 09:56:04,1884.95,0
2021-06-15 09:56:07,1884.75,0
2021-06-15 09:56:08,1884.75,0
2021-06-15 09:56:09,1884.85,0
2021-06-15 09:56:10,1885.0,0
2021-06-15 09:56:11,1885.15,0
2021-06-15 09:56:14,1885.2,0
2021-06-15 09:56:15,1885.05,0
2021-06-15 09:56:16,1885.1,0
2021-06-15 09:56:17,1885.5,0
2021-06-15 09:56:18,1885.75,0
2021-06-15 09:56:19,1885.2,0
2021-06-15 09:56:22,1885.35,0
2021-06-15 09:56:23,1885.35,0
2021-06-15 09:56:24,1885.35,0
2021-06-15 09:56:25,1885.0,0
2021-06-15 09:56:26,1885.05,0
2021-06-15 09:56:27,1885.05,0
2021-06-15 09:56:28,1885.15,0
2021-06-15 09:56:30,1885.45,0
2021-06-15 09:56:31,1885.2,0
2021-06-15 09:56:32,1885.5,0
2021-06-15 09:56:33,1885.15,0
2021-06-15 09:56:34,1885.35,0
2021-06-15 09:56:35,1885.35,0
2021-06-15 09:56:36,1885.35,0
2021-06-15 09:56:37,1885.9,0
2021-06-15 09:56:38,1885.9,0
2021-06-15 09:56:41,1885.65,0
2021-06-15 09:56:42,1885.9,0
2021-06-15 09:56:44,1885.85,0
2021-06-15 09:56:46,1885.85,0
2021-06-15 09:56:49,1886.1,0
2021-06-15 09:56:54,1885.85,0
2021-06-15 09:56:55,1885.85,0
2021-06-15 09:56:59,1885.3,0
2021-06-15 09:57:00,1885.5,0
2021-06-15 09:57:01,1885.6,0
2021-06-15 09:57:03,1885.65,0
2021-06-15 09:57:04,1885.65,0
2021-06-15 09:57:06,1885.9,0
2021-06-15 09:57:07,1885.6,0
2021-06-15 09:57:08,1885.6,0
2021-06-15 09:57:09,1885.6,0
2021-06-15 09:57:10,1885.65,0
2021-06-15 09:57:11,1885.9,0
2021-06-15 09:57:12,1886.0,0
2021-06-15 09:57:13,1886.05,0
2021-06-15 09:57:14,1886.05,0
2021-06-15 09:57:15,1885.9,0
2021-06-15 09:57:16,1886.0,0
2021-06-15 09:57:18,1886.0,0
2021-06-15 09:57:20,1885.65,0
2021-06-15 09:57:24,1885.1,0
2021-06-15 09:57:28,1885.4,0
2021-06-15 09:57:30,1886.05,0
2021-06-15 09:57:31,1886.05,0
2021-06-15 09:57:34,1885.85,0
2021-06-15 09:57:35,1885.4,0
2021-06-15 09:57:36,1886.1,0
2021-06-15 09:57:39,1885.7,0
2021-06-15 09:57:40,1885.6,0
2021-06-15 09:57:41,1885.65,0
2021-06-15 09:57:42,1885.65,0
2021-06-15 09:57:43,1886.05,0
2021-06-15 09:57:46,1885.35,0
2021-06-15 09:57:47,1885.35,0
2021-06-15 09:57:49,1885.8,0
2021-06-15 09:57:52,1886.1,0
2021-06-15 09:57:55,1885.45,0
2021-06-15 09:57:56,1885.4,0
2021-06-15 09:57:58,1885.7,0
2021-06-15 09:57:59,1885.45,0
2021-06-15 09:58:00,1885.45,0
2021-06-15 09:58:03,1885.1,0
2021-06-15 09:58:05,1885.4,0
2021-06-15 09:58:07,1885.65,0
2021-06-15 09:58:08,1885.5,0
2021-06-15 09:58:11,1885.6,0
2021-06-15 09:58:17,1885.15,0
2021-06-15 09:58:18,1885.2,0
2021-06-15 09:58:19,1885.2,0
2021-06-15 09:58:20,1885.2,0
2021-06-15 09:58:21,1885.55,0
2021-06-15 09:58:22,1885.55,0
2021-06-15 09:58:23,1885.4,0
2021-06-15 09:58:24,1885.75,0
2021-06-15 09:58:26,1885.5,0
2021-06-15 09:58:27,1885.55,0
2021-06-15 09:58:28,1885.45,0
2021-06-15 09:58:30,1885.25,0
2021-06-15 09:58:31,1885.1,0
2021-06-15 09:58:32,1885.1,0
2021-06-15 09:58:33,1884.35,0
2021-06-15 09:58:34,1884.45,0
2021-06-15 09:58:35,1884.75,0
2021-06-15 09:58:36,1884.45,0
2021-06-15 09:58:37,1884.45,0
2021-06-15 09:58:39,1884.6,0
2021-06-15 09:58:40,1884.55,0
2021-06-15 09:58:43,1885.45,0
2021-06-15 09:58:44,1885.35,0
2021-06-15 09:58:45,1885.25,0
2021-06-15 09:58:46,1885.25,0
2021-06-15 09:58:47,1885.15,0
2021-06-15 09:58:49,1885.05,0
2021-06-15 09:58:52,1884.95,0
2021-06-15 09:58:54,1884.9,0
2021-06-15 09:58:55,1884.8,0
2021-06-15 09:58:56,1884.65,0
2021-06-15 09:59:01,1884.75,0
2021-06-15 09:59:02,1884.8,0
2021-06-15 09:59:04,1884.2,0
2021-06-15 09:59:07,1883.7,0
2021-06-15 09:59:10,1884.1,0
2021-06-15 09:59:11,1884.1,0
2021-06-15 09:59:19,1884.2,0
2021-06-15 09:59:20,1884.5,0
2021-06-15 09:59:21,1884.5,0
2021-06-15 09:59:23,1884.5,0
2021-06-15 09:59:24,1884.2,0
2021-06-15 09:59:26,1884.2,0
2021-06-15 09:59:29,1885.15,0
2021-06-15 09:59:33,1884.75,0
2021-06-15 09:59:34,1884.65,0
2021-06-15 09:59:36,1883.95,0
2021-06-15 09:59:37,1883.9,0
2021-06-15 09:59:41,1883.95,0
2021-06-15 09:59:42,1883.95,0
2021-06-15 09:59:45,1883.95,0
2021-06-15 09:59:46,1884.15,0
2021-06-15 09:59:47,1883.95,0
2021-06-15 09:59:48,1883.75,0
2021-06-15 09:59:49,1883.2,0
2021-06-15 09:59:50,1883.2,0
2021-06-15 09:59:51,1883.2,0
2021-06-15 09:59:52,1883.35,0
2021-06-15 09:59:54,1883.35,0
2021-06-15 09:59:57,1883.75,0
2021-06-15 10:00:01,1884.4,0
2021-06-15 10:00:07,1884.65,0
2021-06-15 10:00:14,1883.75,0
2021-06-15 10:00:17,1883.25,0
2021-06-15 10:00:19,1882.8,0
2021-06-15 10:00:20,1882.95,0
2021-06-15 10:00:23,1883.9,0
2021-06-15 10:00:24,1883.95,0
2021-06-15 10:00:25,1884.2,0
2021-06-15 10:00:26,1884.3,0
2021-06-15 10:00:27,1884.3,0
2021-06-15 10:00:29,1884.75,0
2021-06-15 10:00:30,1884.65,0
2021-06-15 10:00:32,1884.15,0
2021-06-15 10:00:34,1882.75,0
2021-06-15 10:00:35,1882.65,0
2021-06-15 10:00:36,1882.7,0
2021-06-15 10:00:37,1883.2,0
2021-06-15 10:00:38,1884.15,0
2021-06-15 10:00:39,1883.65,0
2021-06-15 10:00:43,1883.7,0
2021-06-15 10:00:46,1883.25,0
2021-06-15 10:00:49,1883.7,0
2021-06-15 10:00:50,1883.45,0
2021-06-15 10:00:51,1883.2,0
2021-06-15 10:00:54,1883.35,0
2021-06-15 10:00:59,1883.4,0
2021-06-15 10:01:00,1883.0,0
2021-06-15 10:01:02,1883.1,0
2021-06-15 10:01:03,1883.1,0
2021-06-15 10:01:05,1882.4,0
2021-06-15 10:01:09,1882.4,0
2021-06-15 10:01:13,1882.7,0
2021-06-15 10:01:14,1882.65,0
2021-06-15 10:01:15,1882.65,0
2021-06-15 10:01:19,1883.1,0
2021-06-15 10:01:21,1883.15,0
2021-06-15 10:01:22,1882.6,0
2021-06-15 10:01:24,1882.8,0
2021-06-15 10:01:26,1882.9,0
2021-06-15 10:01:27,1883.05,0
2021-06-15 10:01:32,1882.9,0
2021-06-15 10:01:34,1883.0,0
2021-06-15 10:01:37,1882.7,0
2021-06-15 10:01:38,1882.7,0
2021-06-15 10:01:39,1882.7,0
2021-06-15 10:01:42,1882.9,0
2021-06-15 10:01:43,1882.9,0
2021-06-15 10:01:44,1882.9,0
2021-06-15 10:01:46,1883.05,0
2021-06-15 10:01:48,1883.4,0
2021-06-15 10:01:49,1882.7,0
2021-06-15 10:01:51,1882.8,0
2021-06-15 10:01:52,1882.95,0
2021-06-15 10:01:53,1883.1,0
2021-06-15 10:01:55,1883.1,0
2021-06-15 10:01:56,1882.9,0
2021-06-15 10:01:59,1882.7,0
2021-06-15 10:02:00,1882.95,0
2021-06-15 10:02:01,1882.85,0
2021-06-15 10:02:02,1882.7,0
2021-06-15 10:02:04,1882.25,0
2021-06-15 10:02:06,1882.65,0
2021-06-15 10:02:10,1882.65,0
2021-06-15 10:02:13,1882.65,0
2021-06-15 10:02:14,1882.65,0
2021-06-15 10:02:15,1882.65,0
2021-06-15 10:02:19,1882.6,0
2021-06-15 10:02:21,1882.6,0
2021-06-15 10:02:23,1882.55,0
2021-06-15 10:02:27,1881.75,0
2021-06-15 10:02:30,1881.95,0
2021-06-15 10:02:32,1882.15,0
2021-06-15 10:02:33,1881.6,0
2021-06-15 10:02:34,1881.6,0
2021-06-15 10:02:36,1881.75,0
2021-06-15 10:02:37,1881.5,0
2021-06-15 10:02:39,1881.75,0
2021-06-15 10:02:40,1881.7,0
2021-06-15 10:02:41,1881.6,0
2021-06-15 10:02:43,1881.25,0
2021-06-15 10:02:44,1881.3,0
2021-06-15 10:02:47,1881.45,0
2021-06-15 10:02:49,1880.65,0
2021-06-15 10:02:50,1880.7,0
2021-06-15 10:02:51,1880.6,0
2021-06-15 10:02:52,1880.6,0
2021-06-15 10:02:53,1880.65,0
2021-06-15 10:02:54,1880.6,0
2021-06-15 10:03:00,1881.0,0
2021-06-15 10:03:02,1881.2,0
2021-06-15 10:03:04,1881.05,0
2021-06-15 10:03:08,1880.8,0
2021-06-15 10:03:09,1880.95,0
2021-06-15 10:03:10,1880.15,0
2021-06-15 10:03:13,1880.5,0
2021-06-15 10:03:15,1880.7,0
2021-06-15 10:03:16,1880.95,0
2021-06-15 10:03:23,1880.55,0
2021-06-15 10:03:24,1880.35,0
2021-06-15 10:03:26,1880.95,0
2021-06-15 10:03:27,1880.95,0
2021-06-15 10:03:29,1881.2,0
2021-06-15 10:03:30,1880.85,0
2021-06-15 10:03:31,1880.75,0
2021-06-15 10:03:33,1880.5,0
2021-06-15 10:03:34,1880.7,0
2021-06-15 10:03:35,1880.7,0
2021-06-15 10:03:41,1880.15,0
2021-06-15 10:03:43,1880.05,0
2021-06-15 10:03:44,1879.95,0
2021-06-15 10:03:45,1879.95,0
2021-06-15 10:03:47,1880.75,0
2021-06-15 10:03:49,1880.45,0
2021-06-15 10:03:50,1880.45,0
2021-06-15 10:03:51,1880.85,0
2021-06-15 10:03:52,1880.7,0
2021-06-15 10:03:53,1880.8,0
2021-06-15 10:03:57,1880.5,0
2021-06-15 10:03:58,1880.5,0
2021-06-15 10:03:59,1880.35,0
2021-06-15 10:04:00,1880.45,0
2021-06-15 10:04:01,1879.95,0
2021-06-15 10:04:02,1880.2,0
2021-06-15 10:04:03,1880.2,0
2021-06-15 10:04:04,1880.0,0
2021-06-15 10:04:06,1880.3,0
2021-06-15 10:04:07,1880.4,0
2021-06-15 10:04:08,1880.4,0
2021-06-15 10:04:13,1880.1,0
2021-06-15 10:04:14,1879.95,0
2021-06-15 10:04:17,1880.4,0
2021-06-15 10:04:19,1880.2,0
2021-06-15 10:04:22,1879.95,0
2021-06-15 10:04:23,1879.95,0
2021-06-15 10:04:27,1880.2,0
2021-06-15 10:04:31,1879.95,0
2021-06-15 10:04:33,1879.7,0
2021-06-15 10:04:35,1879.8,0
2021-06-15 10:04:36,1879.9,0
2021-06-15 10:04:37,1879.75,0
2021-06-15 10:04:43,1879.3,0
2021-06-15 10:04:44,1879.35,0
2021-06-15 10:04:47,1880.1,0
2021-06-15 10:04:51,1879.95,0
2021-06-15 10:04:53,1879.9,0
2021-06-15 10:04:54,1879.85,0
2021-06-15 10:04:56,1879.3,0
2021-06-15 10:04:57,1879.35,0
2021-06-15 10:04:58,1879.6,0
2021-06-15 10:04:59,1879.45,0
2021-06-15 10:05:00,1879.7,0
2021-06-15 10:05:05,1879.85,0
2021-06-15 10:05:06,1879.85,0
2021-06-15 10:05:07,1879.85,0
2021-06-15 10:05:11,1880.7,0
2021-06-15 10:05:15,1880.55,0
2021-06-15 10:05:16,1880.4,0
2021-06-15 10:05:21,1879.3,0
2021-06-15 10:05:22,1879.1,0
2021-06-15 10:05:24,1879.6,0
2021-06-15 10:05:25,1879.1,0
2021-06-15 10:05:27,1879.25,0
2021-06-15 10:05:30,1879.65,0
2021-06-15 10:05:33,1879.4,0
2021-06-15 10:05:37,1878.9,0
2021-06-15 10:05:40,1879.2,0
2021-06-15 10:05:41,1879.45,0
2021-06-15 10:05:42,1879.55,0
2021-06-15 10:05:43,1880.0,0
2021-06-15 10:05:44,1879.45,0
2021-06-15 10:05:47,1878.7,0
2021-06-15 10:05:50,1879.5,0
2021-06-15 10:05:52,1879.1,0
2021-06-15 10:05:53,1878.8,0
2021-06-15 10:05:54,1878.55,0
2021-06-15 10:05:55,1878.35,0
2021-06-15 10:05:56,1878.6,0
2021-06-15 10:05:57,1878.6,0
2021-06-15 10:06:01,1878.3,0
2021-06-15 10:06:02,1878.3,0
2021-06-15 10:06:03,1878.6,0
2021-06-15 10:06:04,1878.6,0
2021-06-15 10:06:07,1877.9,0
2021-06-15 10:06:08,1878.5,0
2021-06-15 10:06:10,1878.5,0
2021-06-15 10:06:11,1879.0,0
2021-06-15 10:06:14,1878.75,0
2021-06-15 10:06:16,1879.0,0
2021-06-15 10:06:18,1879.2,0
2021-06-15 10:06:22,1879.0,0
2021-06-15 10:06:23,1879.0,0
2021-06-15 10:06:25,1879.0,0
2021-06-15 10:06:27,1879.0,0
2021-06-15 10:06:29,1878.9,0
2021-06-15 10:06:30,1879.3,0
2021-06-15 10:06:32,1879.65,0
2021-06-15 10:06:34,1879.7,0
2021-06-15 10:06:36,1879.65,0
2021-06-15 10:06:38,1879.4,0
2021-06-15 10:06:40,1879.35,0
2021-06-15 10:06:41,1879.75,0
2021-06-15 10:06:43,1879.6,0
2021-06-15 10:06:44,1879.6,0
2021-06-15 10:06:45,1879.45,0
2021-06-15 10:06:50,1879.2,0
2021-06-15 10:06:51,1879.3,0
2021-06-15 10:06:52,1879.15,0
2021-06-15 10:06:53,1879.45,0
2021-06-15 10:06:54,1879.0,0
2021-06-15 10:06:55,1878.75,0
2021-06-15 10:06:57,1879.75,0
2021-06-15 10:06:58,1879.45,0
2021-06-15 10:06:59,1879.35,0
2021-06-15 10:07:00,1879.35,0
2021-06-15 10:07:01,1879.45,0
2021-06-15 10:07:04,1879.55,0
2021-06-15 10:07:05,1879.4,0
2021-06-15 10:07:08,1879.0,0
2021-06-15 10:07:10,1878.7,0
2021-06-15 10:07:11,1878.85,0
2021-06-15 10:07:12,1878.6,0
2021-06-15 10:07:13,1878.85,0
2021-06-15 10:07:14,1878.8,0
2021-06-15 10:07:17,1878.85,0
2021-06-15 10:07:21,1879.35,0
2021-06-15 10:07:23,1879.1,0
2021-06-15 10:07:24,1879.35,0
2021-06-15 10:07:26,1879.4,0
2021-06-15 10:07:27,1879.6,0
2021-06-15 10:07:29,1878.4,0
2021-06-15 10:07:30,1878.15,0
2021-06-15 10:07:31,1878.3,0
2021-06-15 10:07:33,1878.6,0
2021-06-15 10:07:34,1878.55,0
2021-06-15 10:07:37,1878.9,0
2021-06-15 10:07:39,1879.5,0
2021-06-15 10:07:41,1879.55,0
2021-06-15 10:07:42,1879.8,0
2021-06-15 10:07:43,1879.75,0
2021-06-15 10:07:46,1879.1,0
2021-06-15 10:07:49,1879.7,0
2021-06-15 10:07:51,1879.75,0
2021-06-15 10:07:54,1879.85,0
2021-06-15 10:07:55,1880.0,0
2021-06-15 10:07:58,1879.2,0
2021-06-15 10:07:59,1879.15,0
2021-06-15 10:08:00,1879.1,0
2021-06-15 10:08:01,1879.1,0
2021-06-15 10:08:03,1878.85,0
2021-06-15 10:08:06,1878.15,0
2021-06-15 10:08:07,1878.15,0
2021-06-15 10:08:09,1879.15,0
2021-06-15 10:08:13,1879.25,0
2021-06-15 10:08:15,1879.0,0
2021-06-15 10:08:17,1878.95,0
2021-06-15 10:08:18,1878.85,0
2021-06-15 10:08:19,1879.05,0
2021-06-15 10:08:21,1879.7,0
2021-06-15 10:08:22,1879.85,0
2021-06-15 10:08:23,1879.95,0
2021-06-15 10:08:24,1879.85,0
2021-06-15 10:08:28,1880.25,0
2021-06-15 10:08:31,1879.75,0
2021-06-15 10:08:32,1879.75,0
2021-06-15 10:08:34,1879.75,0
2021-06-15 10:08:38,1880.15,0
2021-06-15 10:08:41,1879.8,0
2021-06-15 10:08:42,1879.8,0
2021-06-15 10:08:43,1880.05,0
2021-06-15 10:08:44,1879.95,0
2021-06-15 10:08:45,1880.05,0
2021-06-15 10:08:47,1879.8,0
2021-06-15 10:08:49,1879.8,0
2021-06-15 10:08:50,1879.8,0
2021-06-15 10:08:51,1879.85,0
2021-06-15 10:08:55,1880.15,0
2021-06-15 10:08:56,1880.15,0
2021-06-15 10:08:58,1880.05,0
2021-06-15 10:08:59,1880.05,0
2021-06-15 10:09:00,1879.6,0
2021-06-15 10:09:03,1879.25,0
2021-06-15 10:09:05,1879.35,0
2021-06-15 10:09:06,1879.25,0
2021-06-15 10:09:12,1879.15,0
2021-06-15 10:09:16,1879.05,0
2021-06-15 10:09:18,1879.7,0
2021-06-15 10:09:20,1879.5,0
2021-06-15 10:09:22,1879.3,0
2021-06-15 10:09:23,1879.3,0
2021-06-15 10:09:24,1879.15,0
2021-06-15 10:09:28,1879.9,0
2021-06-15 10:09:29,1879.95,0
2021-06-15 10:09:30,1879.95,0
2021-06-15 10:09:31,1880.0,0
2021-06-15 10:09:33,1879.9,0
2021-06-15 10:09:34,1880.0,0
2021-06-15 10:09:35,1879.5,0
2021-06-15 10:09:37,1879.35,0
2021-06-15 10:09:38,1879.6,0
2021-06-15 10:09:39,1879.65,0
2021-06-15 10:09:40,1879.65,0
2021-06-15 10:09:41,1879.75,0
2021-06-15 10:09:42,1879.5,0
2021-06-15 10:09:43,1879.4,0
2021-06-15 10:09:48,1879.8,0
2021-06-15 10:09:49,1879.8,0
2021-06-15 10:09:50,1879.55,0
2021-06-15 10:09:51,1880.3,0
2021-06-15 10:09:53,1879.7,0
2021-06-15 10:09:55,1879.8,0
2021-06-15 10:09:56,1879.85,0
2021-06-15 10:09:57,1880.25,0
2021-06-15 10:10:02,1880.3,0
2021-06-15 10:10:04,1880.35,0
2021-06-15 10:10:07,1880.15,0
2021-06-15 10:10:09,1880.05,0
2021-06-15 10:10:10,1880.3,0
2021-06-15 10:10:11,1880.3,0
2021-06-15 10:10:14,1880.1,0
2021-06-15 10:10:15,1880.1,0
2021-06-15 10:10:19,1880.2,0
2021-06-15 10:10:20,1880.25,0
2021-06-15 10:10:21,1879.75,0
2021-06-15 10:10:23,1879.15,0
2021-06-15 10:10:24,1879.45,0
2021-06-15 10:10:25,1879.6,0
2021-06-15 10:10:29,1879.95,0
2021-06-15 10:10:30,1879.9,0
2021-06-15 10:10:31,1879.4,0
2021-06-15 10:10:33,1879.35,0
2021-06-15 10:10:35,1879.2,0
2021-06-15 10:10:36,1879.75,0
2021-06-15 10:10:38,1880.35,0
2021-06-15 10:10:39,1880.1,0
2021-06-15 10:10:40,1880.1,0
2021-06-15 10:10:41,1880.35,0
2021-06-15 10:10:42,1880.4,0
2021-06-15 10:10:43,1880.35,0
2021-06-15 10:10:45,1880.1,0
2021-06-15 10:10:49,1879.95,0
2021-06-15 10:10:51,1880.3,0
2021-06-15 10:10:52,1880.35,0
2021-06-15 10:10:54,1880.0,0
2021-06-15 10:10:56,1880.0,0
2021-06-15 10:10:59,1879.7,0
2021-06-15 10:11:02,1880.0,0
2021-06-15 10:11:04,1880.25,0
2021-06-15 10:11:06,1880.05,0
2021-06-15 10:11:07,1879.75,0
2021-06-15 10:11:08,1880.05,0
2021-06-15 10:11:10,1879.45,0
2021-06-15 10:11:11,1879.35,0
2021-06-15 10:11:15,1879.9,0
2021-06-15 10:11:16,1880.1,0
2021-06-15 10:11:17,1879.8,0
2021-06-15 10:11:22,1880.45,0
2021-06-15 10:11:23,1880.3,0
2021-06-15 10:11:24,1880.1,0
2021-06-15 10:11:26,1879.9,0
2021-06-15 10:11:28,1880.25,0
2021-06-15 10:11:29,1880.35,0
2021-06-15 10:11:30,1880.35,0
2021-06-15 10:11:31,1880.45,0
2021-06-15 10:11:33,1880.05,0
2021-06-15 10:11:34,1880.0,0
2021-06-15 10:11:38,1879.95,0
2021-06-15 10:11:41,1880.05,0
2021-06-15 10:11:44,1880.25,0
2021-06-15 10:11:45,1880.3,0
2021-06-15 10:11:47,1880.35,0
2021-06-15 10:11:48,1880.1,0
2021-06-15 10:11:50,1880.2,0
2021-06-15 10:11:51,1880.05,0
2021-06-15 10:11:53,1880.0,0
2021-06-15 10:11:54,1880.0,0
2021-06-15 10:11:55,1880.4,0
2021-06-15 10:11:56,1880.35,0
2021-06-15 10:11:58,1880.4,0
2021-06-15 10:11:59,1879.85,0
2021-06-15 10:12:00,1879.95,0
2021-06-15 10:12:02,1879.65,0
2021-06-15 10:12:06,1880.65,0
2021-06-15 10:12:08,1880.85,0
2021-06-15 10:12:10,1880.8,0
2021-06-15 10:12:11,1880.7,0
2021-06-15 10:12:12,1880.7,0
2021-06-15 10:12:15,1880.7,0
2021-06-15 10:12:17,1880.4,0
2021-06-15 10:12:20,1880.2,0
2021-06-15 10:12:22,1879.7,0
2021-06-15 10:12:23,1880.2,0
2021-06-15 10:12:25,1880.35,0
2021-06-15 10:12:27,1879.95,0
2021-06-15 10:12:28,1879.95,0
2021-06-15 10:12:29,1879.95,0
2021-06-15 10:12:30,1880.2,0
2021-06-15 10:12:32,1880.25,0
2021-06-15 10:12:35,1879.85,0
2021-06-15 10:12:36,1880.0,0
2021-06-15 10:12:37,1880.0,0
2021-06-15 10:12:39,1879.75,0
2021-06-15 10:12:43,1880.0,0
2021-06-15 10:12:44,1879.9,0
2021-06-15 10:12:45,1879.9,0
2021-06-15 10:12:46,1880.75,0
2021-06-15 10:12:50,1880.3,0
2021-06-15 10:12:51,1880.0,0
2021-06-15 10:12:52,1879.95,0
2021-06-15 10:12:56,1880.55,0
2021-06-15 10:12:57,1880.55,0
2021-06-15 10:12:59,1880.65,0
2021-06-15 10:13:02,1881.0,0
2021-06-15 10:13:03,1881.1,0
2021-06-15 10:13:05,1881.3,0
2021-06-15 10:13:07,1881.2,0
2021-06-15 10:13:10,1881.15,0
2021-06-15 10:13:11,1881.15,0
2021-06-15 10:13:12,1881.25,0
2021-06-15 10:13:13,1881.5,0
2021-06-15 10:13:16,1881.6,0
2021-06-15 10:13:17,1881.3,0
2021-06-15 10:13:18,1881.5,0
2021-06-15 10:13:21,1881.5,0
2021-06-15 10:13:23,1881.7,0
2021-06-15 10:13:25,1881.25,0
2021-06-15 10:13:27,1881.35,0
2021-06-15 10:13:33,1881.9,0
2021-06-15 10:13:35,1882.05,0
2021-06-15 10:13:38,1882.15,0
2021-06-15 10:13:39,1882.15,0
2021-06-15 10:13:40,1881.9,0
2021-06-15 10:13:43,1882.0,0
2021-06-15 10:13:46,1881.9,0
2021-06-15 10:13:50,1882.2,0
2021-06-15 10:13:51,1882.2,0
2021-06-15 10:13:52,1882.3,0
2021-06-15 10:13:54,1882.4,0
2021-06-15 10:13:57,1882.4,0
2021-06-15 10:14:02,1882.0,0
2021-06-15 10:14:05,1882.2,0
2021-06-15 10:14:08,1882.25,0
2021-06-15 10:14:09,1882.25,0
2021-06-15 10:14:10,1882.25,0
2021-06-15 10:14:14,1882.2,0
2021-06-15 10:14:15,1882.6,0
2021-06-15 10:14:16,1882.6,0
2021-06-15 10:14:17,1882.4,0
2021-06-15 10:14:20,1882.6,0
2021-06-15 10:14:22,1882.25,0
2021-06-15 10:14:25,1882.35,0
2021-06-15 10:14:27,1882.5,0
2021-06-15 10:14:30,1882.6,0
2021-06-15 10:14:31,1883.05,0
2021-06-15 10:14:33,1883.45,0
2021-06-15 10:14:34,1883.3,0
2021-06-15 10:14:35,1882.5,0
2021-06-15 10:14:37,1883.15,0
2021-06-15 10:14:38,1883.1,0
2021-06-15 10:14:40,1883.9,0
2021-06-15 10:14:42,1883.4,0
2021-06-15 10:14:43,1883.3,0
2021-06-15 10:14:44,1883.25,0
2021-06-15 10:14:45,1883.25,0
2021-06-15 10:14:46,1883.1,0
2021-06-15 10:14:47,1883.45,0
2021-06-15 10:14:48,1883.35,0
2021-06-15 10:14:49,1883.75,0
2021-06-15 10:14:50,1883.55,0
2021-06-15 10:14:51,1883.45,0
2021-06-15 10:14:52,1883.5,0
2021-06-15 10:14:55,1882.85,0
2021-06-15 10:14:56,1883.1,0
2021-06-15 10:14:57,1882.8,0
2021-06-15 10:14:59,1883.6,0
2021-06-15 10:15:01,1884.1,0
2021-06-15 10:15:04,1883.95,0
2021-06-15 10:15:05,1884.25,0
2021-06-15 10:15:06,1884.25,0
2021-06-15 10:15:09,1884.85,0
2021-06-15 10:15:16,1883.55,0
2021-06-15 10:15:18,1883.05,0
2021-06-15 10:15:20,1883.3,0
2021-06-15 10:15:22,1884.25,0
2021-06-15 10:15:23,1884.2,0
2021-06-15 10:15:24,1883.85,0
2021-06-15 10:15:25,1884.2,0
2021-06-15 10:15:26,1883.9,0
2021-06-15 10:15:29,1885.25,0
2021-06-15 10:15:30,1885.25,0
2021-06-15 10:15:31,1885.15,0
2021-06-15 10:15:32,1884.2,0
2021-06-15 10:15:36,1885.05,0
2021-06-15 10:15:38,1884.35,0
2021-06-15 10:15:40,1884.8,0
2021-06-15 10:15:41,1885.0,0
2021-06-15 10:15:44,1884.9,0
2021-06-15 10:15:47,1884.95,0
2021-06-15 10:15:49,1884.85,0
2021-06-15 10:15:51,1884.85,0
2021-06-15 10:15:54,1884.95,0
2021-06-15 10:15:56,1884.8,0
2021-06-15 10:15:57,1884.8,0
2021-06-15 10:16:06,1884.1,0
2021-06-15 10:16:07,1883.7,0
2021-06-15 10:16:08,1884.05,0
2021-06-15 10:16:09,1883.35,0
2021-06-15 10:16:10,1883.2,0
2021-06-15 10:16:11,1883.55,0
2021-06-15 10:16:14,1884.5,0
2021-06-15 10:16:15,1884.2,0
2021-06-15 10:16:16,1884.6,0
2021-06-15 10:16:17,1884.0,0
2021-06-15 10:16:18,1884.0,0
2021-06-15 10:16:20,1884.65,0
2021-06-15 10:16:21,1884.8,0
2021-06-15 10:16:22,1885.35,0
2021-06-15 10:16:24,1885.25,0
2021-06-15 10:16:25,1885.25,0
2021-06-15 10:16:27,1884.7,0
2021-06-15 10:16:28,1885.0,0
2021-06-15 10:16:29,1884.9,0
2021-06-15 10:16:30,1884.35,0
2021-06-15 10:16:31,1884.35,0
2021-06-15 10:16:33,1884.5,0
2021-06-15 10:16:34,1884.75,0
2021-06-15 10:16:35,1884.75,0
2021-06-15 10:16:36,1884.75,0
2021-06-15 10:16:38,1884.15,0
2021-06-15 10:16:39,1884.05,0
2021-06-15 10:16:41,1884.1,0
2021-06-15 10:16:43,1883.95,0
2021-06-15 10:16:44,1883.9,0
2021-06-15 10:16:45,1884.2,0
2021-06-15 10:16:46,1884.75,0
2021-06-15 10:16:47,1884.4,0
2021-06-15 10:16:50,1884.1,0
2021-06-15 10:16:51,1884.6,0
2021-06-15 10:16:53,1884.8,0
2021-06-15 10:16:54,1884.7,0
2021-06-15 10:16:55,1884.7,0
2021-06-15 10:16:56,1884.8,0
2021-06-15 10:16:58,1885.05,0
2021-06-15 10:17:00,1885.15,0
2021-06-15 10:17:01,1885.15,0
2021-06-15 10:17:02,1885.0,0
2021-06-15 10:17:05,1884.7,0
2021-06-15 10:17:08,1884.4,0
2021-06-15 10:17:11,1884.75,0
2021-06-15 10:17:12,1884.25,0
2021-06-15 10:17:13,1884.25,0
2021-06-15 10:17:14,1883.75,0
2021-06-15 10:17:15,1883.75,0
2021-06-15 10:17:19,1884.1,0
2021-06-15 10:17:25,1884.15,0
2021-06-15 10:17:26,1884.35,0
2021-06-15 10:17:27,1884.35,0
2021-06-15 10:17:28,1884.8,0
2021-06-15 10:17:30,1884.6,0
2021-06-15 10:17:31,1884.5,0
2021-06-15 10:17:32,1884.8,0
2021-06-15 10:17:33,1884.8,0
2021-06-15 10:17:34,1885.0,0
2021-06-15 10:17:35,1884.95,0
2021-06-15 10:17:36,1884.9,0
2021-06-15 10:17:38,1885.0,0
2021-06-15 10:17:39,1884.7,0
2021-06-15 10:17:41,1885.25,0
2021-06-15 10:17:42,1885.45,0
2021-06-15 10:17:43,1885.2,0
2021-06-15 10:17:44,1885.45,0
2021-06-15 10:17:45,1885.2,0
2021-06-15 10:17:47,1885.1,0
2021-06-15 10:17:48,1885.1,0
2021-06-15 10:17:51,1885.45,0
2021-06-15 10:17:54,1885.05,0
2021-06-15 10:17:55,1885.3,0
2021-06-15 10:17:56,1885.3,0
2021-06-15 10:17:57,1885.1,0
2021-06-15 10:17:59,1885.1,0
2021-06-15 10:18:01,1885.15,0
2021-06-15 10:18:04,1884.85,0
2021-06-15 10:18:05,1884.8,0
2021-06-15 10:18:07,1885.05,0
2021-06-15 10:18:08,1884.65,0
2021-06-15 10:18:09,1884.65,0
2021-06-15 10:18:10,1884.75,0
2021-06-15 10:18:12,1884.75,0
2021-06-15 10:18:16,1884.8,0
2021-06-15 10:18:21,1884.7,0
2021-06-15 10:18:24,1884.75,0
2021-06-15 10:18:26,1885.35,0
2021-06-15 10:18:27,1885.05,0
2021-06-15 10:18:29,1885.35,0
2021-06-15 10:18:31,1885.5,0
2021-06-15 10:18:32,1885.5,0
2021-06-15 10:18:33,1885.2,0
2021-06-15 10:18:35,1885.0,0
2021-06-15 10:18:36,1884.9,0
2021-06-15 10:18:40,1885.45,0
2021-06-15 10:18:41,1885.9,0
2021-06-15 10:18:42,1886.1,0
2021-06-15 10:18:45,1885.7,0
2021-06-15 10:18:46,1886.7,0
2021-06-15 10:18:47,1886.7,0
2021-06-15 10:18:49,1886.6,0
2021-06-15 10:18:53,1886.2,0
2021-06-15 10:18:54,1886.55,0
2021-06-15 10:18:57,1885.9,0
2021-06-15 10:18:59,1886.3,0
2021-06-15 10:19:01,1886.3,0
2021-06-15 10:19:02,1886.05,0
2021-06-15 10:19:03,1886.25,0
2021-06-15 10:19:05,1886.3,0
2021-06-15 10:19:07,1886.1,0
2021-06-15 10:19:09,1885.8,0
2021-06-15 10:19:10,1885.35,0
2021-06-15 10:19:13,1885.85,0
2021-06-15 10:19:14,1885.7,0
2021-06-15 10:19:16,1885.8,0
2021-06-15 10:19:17,1885.6,0
2021-06-15 10:19:18,1885.65,0
2021-06-15 10:19:19,1885.65,0
2021-06-15 10:19:20,1885.65,0
2021-06-15 10:19:21,1886.0,0
2021-06-15 10:19:22,1886.6,0
2021-06-15 10:19:23,1886.45,0
2021-06-15 10:19:28,1886.7,0
2021-06-15 10:19:30,1887.35,0
2021-06-15 10:19:32,1886.65,0
2021-06-15 10:19:34,1886.75,0
2021-06-15 10:19:35,1886.75,0
2021-06-15 10:19:41,1886.4,0
2021-06-15 10:19:43,1887.05,0
2021-06-15 10:19:44,1887.25,0
2021-06-15 10:19:45,1886.95,0
2021-06-15 10:19:46,1886.65,0
2021-06-15 10:19:47,1887.25,0
2021-06-15 10:19:48,1887.75,0
2021-06-15 10:19:49,1887.6,0
2021-06-15 10:19:51,1886.85,0
2021-06-15 10:19:53,1887.4,0
2021-06-15 10:19:54,1887.5,0
2021-06-15 10:19:56,1887.7,0
2021-06-15 10:19:57,1887.7,0
2021-06-15 10:19:58,1887.65,0
2021-06-15 10:20:00,1887.75,0
2021-06-15 10:20:02,1887.6,0
2021-06-15 10:20:03,1887.8,0
2021-06-15 10:20:04,1887.75,0
2021-06-15 10:20:07,1887.85,0
2021-06-15 10:20:09,1887.4,0
2021-06-15 10:20:11,1887.55,0
2021-06-15 10:20:12,1887.55,0
2021-06-15 10:20:13,1887.55,0
2021-06-15 10:20:15,1887.8,0
2021-06-15 10:20:16,1887.75,0
2021-06-15 10:20:17,1887.4,0
2021-06-15 10:20:22,1888.75,0
2021-06-15 10:20:24,1889.0,0
2021-06-15 10:20:28,1888.75,0
2021-06-15 10:20:29,1889.05,0
2021-06-15 10:20:31,1888.5,0
2021-06-15 10:20:32,1888.45,0
2021-06-15 10:20:33,1888.45,0
2021-06-15 10:20:35,1888.5,0
2021-06-15 10:20:36,1888.55,0
2021-06-15 10:20:37,1889.0,0
2021-06-15 10:20:38,1889.0,0
2021-06-15 10:20:40,1888.8,0
2021-06-15 10:20:41,1888.75,0
2021-06-15 10:20:42,1888.75,0
2021-06-15 10:20:43,1888.65,0
2021-06-15 10:20:45,1888.85,0
2021-06-15 10:20:46,1888.35,0
2021-06-15 10:20:47,1888.4,0
2021-06-15 10:20:52,1888.65,0
2021-06-15 10:20:53,1888.65,0
2021-06-15 10:20:55,1888.5,0
2021-06-15 10:20:57,1889.3,0
2021-06-15 10:20:58,1889.65,0
2021-06-15 10:21:00,1890.1,0
2021-06-15 10:21:01,1889.75,0
2021-06-15 10:21:02,1889.8,0
2021-06-15 10:21:05,1889.75,0
2021-06-15 10:21:06,1889.65,0
2021-06-15 10:21:07,1889.65,0
2021-06-15 10:21:08,1889.85,0
2021-06-15 10:21:10,1889.4,0
2021-06-15 10:21:12,1889.5,0
2021-06-15 10:21:13,1890.1,0
2021-06-15 10:21:14,1889.65,0
2021-06-15 10:21:16,1889.25,0
2021-06-15 10:21:17,1888.9,0
2021-06-15 10:21:18,1888.4,0
2021-06-15 10:21:25,1889.45,0
2021-06-15 10:21:26,1889.45,0
2021-06-15 10:21:28,1890.15,0
2021-06-15 10:21:30,1890.8,0
2021-06-15 10:21:33,1891.0,0
2021-06-15 10:21:35,1890.95,0
2021-06-15 10:21:36,1890.55,0
2021-06-15 10:21:38,1890.5,0
2021-06-15 10:21:39,1890.7,0
2021-06-15 10:21:40,1890.85,0
2021-06-15 10:21:42,1890.5,0
2021-06-15 10:21:44,1890.5,0
2021-06-15 10:21:45,1890.8,0
2021-06-15 10:21:47,1891.65,0
2021-06-15 10:21:48,1891.2,0
2021-06-15 10:21:50,1891.55,0
2021-06-15 10:21:51,1891.2,0
2021-06-15 10:21:52,1891.1,0
2021-06-15 10:21:53,1891.1,0
2021-06-15 10:21:55,1890.95,0
2021-06-15 10:21:56,1891.45,0
2021-06-15 10:21:57,1890.95,0
2021-06-15 10:22:02,1891.25,0
2021-06-15 10:22:04,1891.25,0
2021-06-15 10:22:05,1891.35,0
2021-06-15 10:22:07,1891.25,0
2021-06-15 10:22:08,1891.4,0
2021-06-15 10:22:10,1891.15,0
2021-06-15 10:22:11,1891.5,0
2021-06-15 10:22:13,1891.6,0
2021-06-15 10:22:14,1891.3,0
2021-06-15 10:22:15,1891.0,0
2021-06-15 10:22:16,1890.8,0
2021-06-15 10:22:17,1890.95,0
2021-06-15 10:22:18,1890.95,0
2021-06-15 10:22:20,1891.8,0
2021-06-15 10:22:23,1891.1,0
2021-06-15 10:22:24,1891.85,0
2021-06-15 10:22:26,1891.2,0
2021-06-15 10:22:28,1891.75,0
2021-06-15 10:22:32,1891.45,0
2021-06-15 10:22:33,1891.45,0
2021-06-15 10:22:34,1891.5,0
2021-06-15 10:22:37,1891.2,0
2021-06-15 10:22:38,1891.6,0
2021-06-15 10:22:39,1891.25,0
2021-06-15 10:22:40,1891.6,0
2021-06-15 10:22:42,1891.7,0
2021-06-15 10:22:43,1891.5,0
2021-06-15 10:22:44,1891.4,0
2021-06-15 10:22:45,1891.2,0
2021-06-15 10:22:46,1891.1,0
2021-06-15 10:22:47,1891.45,0
2021-06-15 10:22:49,1891.45,0
2021-06-15 10:22:51,1891.8,0
2021-06-15 10:22:52,1891.8,0
2021-06-15 10:22:53,1891.8,0
2021-06-15 10:22:55,1891.7,0
2021-06-15 10:22:56,1891.2,0
2021-06-15 10:22:57,1891.3,0
2021-06-15 10:22:59,1890.5,0
2021-06-15 10:23:01,1889.9,0
2021-06-15 10:23:04,1889.95,0
2021-06-15 10:23:05,1891.1,0
2021-06-15 10:23:07,1890.85,0
2021-06-15 10:23:08,1891.2,0
2021-06-15 10:23:10,1891.35,0
2021-06-15 10:23:11,1890.6,0
2021-06-15 10:23:12,1890.75,0
2021-06-15 10:23:13,1890.65,0
2021-06-15 10:23:15,1890.5,0
2021-06-15 10:23:17,1891.0,0
2021-06-15 10:23:18,1891.0,0
2021-06-15 10:23:19,1891.0,0
2021-06-15 10:23:20,1891.0,0
2021-06-15 10:23:21,1891.0,0
2021-06-15 10:23:23,1890.8,0
2021-06-15 10:23:24,1890.9,0
2021-06-15 10:23:25,1890.55,0
2021-06-15 10:23:27,1890.35,0
2021-06-15 10:23:28,1891.1,0
2021-06-15 10:23:29,1891.1,0
2021-06-15 10:23:30,1890.5,0
2021-06-15 10:23:32,1890.0,0
2021-06-15 10:23:33,1890.75,0
2021-06-15 10:23:34,1890.65,0
2021-06-15 10:23:36,1892.2,0
2021-06-15 10:23:37,1891.9,0
2021-06-15 10:23:39,1892.35,0
2021-06-15 10:23:45,1892.25,0
2021-06-15 10:23:46,1891.55,0
2021-06-15 10:23:47,1892.1,0
2021-06-15 10:23:48,1892.25,0
2021-06-15 10:23:49,1892.45,0
2021-06-15 10:23:51,1892.3,0
2021-06-15 10:23:52,1892.65,0
2021-06-15 10:23:53,1892.65,0
2021-06-15 10:23:54,1892.5,0
2021-06-15 10:23:55,1891.5,0
2021-06-15 10:23:58,1892.7,0
2021-06-15 10:24:01,1892.45,0
2021-06-15 10:24:02,1892.35,0
2021-06-15 10:24:05,1891.8,0
2021-06-15 10:24:06,1892.15,0
2021-06-15 10:24:07,1892.15,0
2021-06-15 10:24:09,1892.35,0
2021-06-15 10:24:11,1893.0,0
2021-06-15 10:24:13,1892.0,0
2021-06-15 10:24:17,1891.55,0
2021-06-15 10:24:19,1892.35,0
2021-06-15 10:24:21,1892.25,0
2021-06-15 10:24:22,1892.35,0
2021-06-15 10:24:23,1892.25,0
2021-06-15 10:24:24,1892.1,0
2021-06-15 10:24:25,1892.4,0
2021-06-15 10:24:26,1892.1,0
2021-06-15 10:24:27,1893.1,0
2021-06-15 10:24:29,1892.9,0
2021-06-15 10:24:30,1892.6,0
2021-06-15 10:24:31,1892.75,0
2021-06-15 10:24:32,1892.4,0
2021-06-15 10:24:34,1892.25,0
2021-06-15 10:24:35,1892.15,0
2021-06-15 10:24:36,1892.1,0
2021-06-15 10:24:37,1891.75,0
2021-06-15 10:24:39,1892.65,0
2021-06-15 10:24:41,1891.95,0
2021-06-15 10:24:42,1892.2,0
2021-06-15 10:24:44,1892.15,0
2021-06-15 10:24:46,1892.4,0
2021-06-15 10:24:47,1892.6,0
2021-06-15 10:24:48,1892.4,0
2021-06-15 10:24:49,1892.6,0
2021-06-15 10:24:50,1893.0,0
2021-06-15 10:24:51,1892.85,0
2021-06-15 10:24:53,1892.25,0
2021-06-15 10:24:54,1892.4,0
2021-06-15 10:24:55,1892.6,0
2021-06-15 10:24:56,1892.6,0
2021-06-15 10:25:00,1892.35,0
2021-06-15 10:25:01,1892.35,0
2021-06-15 10:25:02,1892.35,0
2021-06-15 10:25:04,1892.5,0
2021-06-15 10:25:05,1892.2,0
2021-06-15 10:25:07,1892.4,0
2021-06-15 10:25:09,1892.35,0
2021-06-15 10:25:14,1892.75,0
2021-06-15 10:25:17,1892.5,0
2021-06-15 10:25:18,1892.3,0
2021-06-15 10:25:19,1892.55,0
2021-06-15 10:25:24,1892.55,0
2021-06-15 10:25:27,1892.3,0
2021-06-15 10:25:28,1892.65,0
2021-06-15 10:25:29,1892.35,0
2021-06-15 10:25:30,1892.05,0
2021-06-15 10:25:31,1892.1,0
2021-06-15 10:25:32,1892.15,0
2021-06-15 10:25:35,1892.2,0
2021-06-15 10:25:41,1892.65,0
2021-06-15 10:25:42,1892.65,0
2021-06-15 10:25:44,1892.0,0
2021-06-15 10:25:46,1891.9,0
2021-06-15 10:25:48,1891.95,0
2021-06-15 10:25:49,1891.9,0
2021-06-15 10:25:54,1891.85,0
2021-06-15 10:25:55,1891.85,0
2021-06-15 10:25:56,1891.8,0
2021-06-15 10:25:57,1891.25,0
2021-06-15 10:25:58,1891.4,0
2021-06-15 10:25:59,1891.4,0
2021-06-15 10:26:01,1891.55,0
2021-06-15 10:26:02,1891.05,0
2021-06-15 10:26:04,1891.3,0
2021-06-15 10:26:05,1890.95,0
2021-06-15 10:26:06,1891.2,0
2021-06-15 10:26:07,1891.4,0
2021-06-15 10:26:08,1890.8,0
2021-06-15 10:26:09,1890.9,0
2021-06-15 10:26:11,1891.5,0
2021-06-15 10:26:12,1891.55,0
2021-06-15 10:26:13,1891.55,0
2021-06-15 10:26:17,1891.55,0
2021-06-15 10:26:18,1891.55,0
2021-06-15 10:26:19,1891.6,0
2021-06-15 10:26:20,1891.9,0
2021-06-15 10:26:21,1891.55,0
2021-06-15 10:26:23,1891.7,0
2021-06-15 10:26:25,1892.25,0
2021-06-15 10:26:26,1892.25,0
2021-06-15 10:26:28,1892.2,0
2021-06-15 10:26:29,1891.95,0
2021-06-15 10:26:30,1892.35,0
2021-06-15 10:26:33,1891.85,0
2021-06-15 10:26:37,1892.25,0
2021-06-15 10:26:38,1891.65,0
2021-06-15 10:26:40,1891.45,0
2021-06-15 10:26:41,1891.25,0
2021-06-15 10:26:43,1891.5,0
2021-06-15 10:26:44,1891.4,0
2021-06-15 10:26:45,1891.4,0
2021-06-15 10:26:47,1891.2,0
2021-06-15 10:26:51,1891.8,0
2021-06-15 10:26:54,1891.2,0
2021-06-15 10:26:55,1891.5,0
2021-06-15 10:26:57,1891.85,0
2021-06-15 10:26:59,1891.65,0
2021-06-15 10:27:01,1891.75,0
2021-06-15 10:27:03,1891.85,0
2021-06-15 10:27:06,1891.6,0
2021-06-15 10:27:07,1891.4,0
2021-06-15 10:27:08,1891.4,0
2021-06-15 10:27:11,1891.55,0
2021-06-15 10:27:15,1891.25,0
2021-06-15 10:27:21,1892.25,0
2021-06-15 10:27:23,1891.75,0
2021-06-15 10:27:26,1892.35,0
2021-06-15 10:27:27,1892.35,0
2021-06-15 10:27:31,1891.6,0
2021-06-15 10:27:32,1892.15,0
2021-06-15 10:27:33,1891.9,0
2021-06-15 10:27:34,1891.9,0
2021-06-15 10:27:36,1891.85,0
2021-06-15 10:27:37,1892.05,0
2021-06-15 10:27:39,1891.95,0
2021-06-15 10:27:40,1892.1,0
2021-06-15 10:27:42,1892.65,0
2021-06-15 10:27:50,1892.15,0
2021-06-15 10:27:51,1892.4,0
2021-06-15 10:27:53,1891.9,0
2021-06-15 10:27:56,1891.9,0
2021-06-15 10:27:58,1892.9,0
2021-06-15 10:28:00,1892.2,0
2021-06-15 10:28:01,1891.5,0
2021-06-15 10:28:02,1891.65,0
2021-06-15 10:28:03,1891.35,0
2021-06-15 10:28:04,1891.95,0
2021-06-15 10:28:05,1891.95,0
2021-06-15 10:28:07,1891.8,0
2021-06-15 10:28:11,1891.3,0
2021-06-15 10:28:12,1891.55,0
2021-06-15 10:28:13,1891.45,0
2021-06-15 10:28:15,1892.5,0
2021-06-15 10:28:16,1892.6,0
2021-06-15 10:28:17,1891.95,0
2021-06-15 10:28:19,1891.55,0
2021-06-15 10:28:21,1891.65,0
2021-06-15 10:28:22,1891.7,0
2021-06-15 10:28:23,1892.2,0
2021-06-15 10:28:25,1891.7,0
2021-06-15 10:28:27,1892.05,0
2021-06-15 10:28:28,1891.9,0
2021-06-15 10:28:30,1891.95,0
2021-06-15 10:28:31,1891.6,0
2021-06-15 10:28:32,1892.1,0
2021-06-15 10:28:33,1892.1,0
2021-06-15 10:28:34,1892.0,0
2021-06-15 10:28:36,1891.9,0
2021-06-15 10:28:37,1892.1,0
2021-06-15 10:28:38,1893.05,0
2021-06-15 10:28:54,1893.1,0
2021-06-15 10:28:55,1893.2,0
2021-06-15 10:28:56,1893.15,0
2021-06-15 10:28:58,1893.05,0
2021-06-15 10:28:59,1893.35,0
2021-06-15 10:29:00,1892.9,0
2021-06-15 10:29:01,1892.95,0
2021-06-15 10:29:02,1892.95,0
2021-06-15 10:29:03,1892.95,0
2021-06-15 10:29:04,1892.95,0
2021-06-15 10:29:07,1893.25,0
2021-06-15 10:29:11,1892.45,0
2021-06-15 10:29:12,1892.7,0
2021-06-15 10:29:13,1893.2,0
2021-06-15 10:29:14,1893.35,0
2021-06-15 10:29:15,1893.1,0
2021-06-15 10:29:18,1892.45,0
2021-06-15 10:29:19,1892.55,0
2021-06-15 10:29:22,1892.3,0
2021-06-15 10:29:24,1892.85,0
2021-06-15 10:29:26,1893.45,0
2021-06-15 10:29:28,1893.55,0
2021-06-15 10:29:29,1893.55,0
2021-06-15 10:29:30,1893.25,0
2021-06-15 10:29:31,1892.15,0
2021-06-15 10:29:34,1892.7,0
2021-06-15 10:29:40,1892.1,0
2021-06-15 10:29:41,1892.55,0
2021-06-15 10:29:42,1892.55,0
2021-06-15 10:29:43,1892.5,0
2021-06-15 10:29:46,1892.7,0
2021-06-15 10:29:47,1892.35,0
2021-06-15 10:29:48,1892.25,0
2021-06-15 10:29:51,1891.9,0
2021-06-15 10:29:53,1892.35,0
2021-06-15 10:29:55,1892.35,0
2021-06-15 10:29:57,1892.3,0
2021-06-15 10:30:01,1891.3,0
2021-06-15 10:30:05,1890.95,0
2021-06-15 10:30:09,1891.55,0
2021-06-15 10:30:10,1891.95,0
2021-06-15 10:30:12,1891.55,0
2021-06-15 10:30:13,1892.05,0
2021-06-15 10:30:15,1891.8,0
2021-06-15 10:30:17,1891.7,0
2021-06-15 10:30:18,1892.15,0
2021-06-15 10:30:20,1891.6,0
2021-06-15 10:30:21,1891.6,0
2021-06-15 10:30:22,1891.95,0
2021-06-15 10:30:23,1891.95,0
2021-06-15 10:30:25,1891.15,0
2021-06-15 10:30:26,1891.25,0
2021-06-15 10:30:27,1891.75,0
2021-06-15 10:30:28,1891.55,0
2021-06-15 10:30:30,1891.5,0
2021-06-15 10:30:31,1891.5,0
2021-06-15 10:30:34,1891.7,0
2021-06-15 10:30:35,1891.75,0
2021-06-15 10:30:37,1891.2,0
2021-06-15 10:30:41,1891.3,0
2021-06-15 10:30:46,1891.4,0
2021-06-15 10:30:47,1891.7,0
2021-06-15 10:30:48,1891.15,0
2021-06-15 10:30:52,1891.9,0
2021-06-15 10:30:54,1892.15,0
2021-06-15 10:30:55,1891.4,0
2021-06-15 10:31:03,1890.45,0
2021-06-15 10:31:06,1891.35,0
2021-06-15 10:31:07,1891.25,0
2021-06-15 10:31:08,1891.45,0
2021-06-15 10:31:09,1890.75,0
2021-06-15 10:31:10,1890.85,0
2021-06-15 10:31:11,1890.95,0
2021-06-15 10:31:13,1891.0,0
2021-06-15 10:31:14,1890.4,0
2021-06-15 10:31:15,1890.75,0
2021-06-15 10:31:17,1890.9,0
2021-06-15 10:31:18,1890.55,0
2021-06-15 10:31:19,1891.2,0
2021-06-15 10:31:23,1891.4,0
2021-06-15 10:31:24,1891.3,0
2021-06-15 10:31:25,1891.25,0
2021-06-15 10:31:26,1891.05,0
2021-06-15 10:31:27,1890.95,0
2021-06-15 10:31:28,1891.05,0
2021-06-15 10:31:29,1891.2,0
2021-06-15 10:31:30,1891.1,0
2021-06-15 10:31:31,1890.65,0
2021-06-15 10:31:32,1891.0,0
2021-06-15 10:31:36,1890.95,0
2021-06-15 10:31:38,1890.95,0
2021-06-15 10:31:40,1891.85,0
2021-06-15 10:31:41,1891.65,0
2021-06-15 10:31:42,1891.3,0
2021-06-15 10:31:43,1891.75,0
2021-06-15 10:31:44,1892.1,0
2021-06-15 10:31:45,1891.2,0
2021-06-15 10:31:47,1891.7,0
2021-06-15 10:31:48,1892.2,0
2021-06-15 10:31:50,1892.3,0
2021-06-15 10:31:51,1891.75,0
2021-06-15 10:31:53,1890.5,0
2021-06-15 10:31:54,1890.75,0
2021-06-15 10:31:55,1890.75,0
2021-06-15 10:31:56,1890.5,0
2021-06-15 10:31:59,1891.15,0
2021-06-15 10:32:00,1891.25,0
2021-06-15 10:32:05,1890.7,0
2021-06-15 10:32:06,1890.5,0
2021-06-15 10:32:07,1890.5,0
2021-06-15 10:32:11,1891.2,0
2021-06-15 10:32:12,1891.7,0
2021-06-15 10:32:13,1892.0,0
2021-06-15 10:32:14,1892.0,0
2021-06-15 10:32:16,1892.15,0
2021-06-15 10:32:18,1892.65,0
2021-06-15 10:32:19,1892.05,0
2021-06-15 10:32:20,1892.25,0
2021-06-15 10:32:21,1891.85,0
2021-06-15 10:32:25,1891.3,0
2021-06-15 10:32:26,1891.4,0
2021-06-15 10:32:28,1891.5,0
2021-06-15 10:32:30,1891.3,0
2021-06-15 10:32:31,1891.35,0
2021-06-15 10:32:33,1891.5,0
2021-06-15 10:32:34,1892.0,0
2021-06-15 10:32:35,1892.0,0
2021-06-15 10:32:37,1891.15,0
2021-06-15 10:32:38,1891.15,0
2021-06-15 10:32:39,1891.85,0
2021-06-15 10:32:40,1891.4,0
2021-06-15 10:32:42,1891.85,0
2021-06-15 10:32:43,1891.85,0
2021-06-15 10:32:44,1891.5,0
2021-06-15 10:32:45,1891.5,0
2021-06-15 10:32:46,1892.2,0
2021-06-15 10:32:47,1892.15,0
2021-06-15 10:32:49,1891.55,0
2021-06-15 10:32:50,1891.55,0
2021-06-15 10:32:52,1891.55,0
2021-06-15 10:32:54,1891.75,0
2021-06-15 10:32:55,1891.85,0
2021-06-15 10:32:58,1891.45,0
2021-06-15 10:32:59,1891.55,0
2021-06-15 10:33:00,1891.55,0
2021-06-15 10:33:03,1891.55,0
2021-06-15 10:33:05,1890.95,0
2021-06-15 10:33:09,1890.75,0
2021-06-15 10:33:12,1891.1,0
2021-06-15 10:33:13,1891.05,0
2021-06-15 10:33:14,1890.9,0
2021-06-15 10:33:15,1891.7,0
2021-06-15 10:33:16,1891.4,0
2021-06-15 10:33:18,1891.25,0
2021-06-15 10:33:20,1890.9,0
2021-06-15 10:33:21,1890.95,0
2021-06-15 10:33:22,1890.95,0
2021-06-15 10:33:24,1890.9,0
2021-06-15 10:33:26,1890.75,0
2021-06-15 10:33:28,1890.65,0
2021-06-15 10:33:29,1890.6,0
2021-06-15 10:33:32,1890.5,0
2021-06-15 10:33:33,1890.55,0
2021-06-15 10:33:35,1890.65,0
2021-06-15 10:33:36,1891.2,0
2021-06-15 10:33:38,1890.25,0
2021-06-15 10:33:40,1890.15,0
2021-06-15 10:33:43,1890.25,0
2021-06-15 10:33:44,1890.5,0
2021-06-15 10:33:45,1890.5,0
2021-06-15 10:33:46,1890.2,0
2021-06-15 10:33:53,1890.75,0
2021-06-15 10:33:54,1890.9,0
2021-06-15 10:33:55,1890.65,0
2021-06-15 10:33:56,1890.95,0
2021-06-15 10:33:57,1890.95,0
2021-06-15 10:33:58,1890.9,0
2021-06-15 10:33:59,1890.85,0
2021-06-15 10:34:00,1891.05,0
2021-06-15 10:34:01,1891.05,0
2021-06-15 10:34:02,1891.05,0
2021-06-15 10:34:03,1891.05,0
2021-06-15 10:34:04,1890.85,0
2021-06-15 10:34:05,1890.85,0
2021-06-15 10:34:06,1890.85,0
2021-06-15 10:34:07,1890.7,0
2021-06-15 10:34:09,1890.7,0
2021-06-15 10:34:11,1890.2,0
2021-06-15 10:34:12,1890.2,0
2021-06-15 10:34:14,1890.1,0
2021-06-15 10:34:16,1890.35,0
2021-06-15 10:34:17,1890.35,0
2021-06-15 10:34:19,1890.5,0
2021-06-15 10:34:20,1890.5,0
2021-06-15 10:34:22,1890.45,0
2021-06-15 10:34:23,1889.95,0
2021-06-15 10:34:25,1890.45,0
2021-06-15 10:34:26,1890.6,0
2021-06-15 10:34:28,1890.95,0
2021-06-15 10:34:29,1890.95,0
2021-06-15 10:34:31,1891.5,0
2021-06-15 10:34:32,1891.05,0
2021-06-15 10:34:34,1891.25,0
2021-06-15 10:34:36,1890.5,0
2021-06-15 10:34:37,1890.5,0
2021-06-15 10:34:38,1890.5,0
2021-06-15 10:34:40,1890.45,0
2021-06-15 10:34:41,1890.55,0
2021-06-15 10:34:42,1891.2,0
2021-06-15 10:34:44,1890.95,0
2021-06-15 10:34:45,1891.0,0
2021-06-15 10:34:48,1891.0,0
2021-06-15 10:34:49,1890.9,0
2021-06-15 10:34:51,1890.9,0
2021-06-15 10:34:52,1891.0,0
2021-06-15 10:34:53,1891.0,0
2021-06-15 10:34:54,1890.65,0
2021-06-15 10:34:55,1890.65,0
2021-06-15 10:34:57,1890.6,0
2021-06-15 10:34:58,1890.6,0
2021-06-15 10:35:02,1890.6,0
2021-06-15 10:35:03,1890.6,0
2021-06-15 10:35:04,1890.6,0
2021-06-15 10:35:08,1890.65,0
2021-06-15 10:35:09,1890.6,0
2021-06-15 10:35:11,1890.7,0
2021-06-15 10:35:14,1890.9,0
2021-06-15 10:35:19,1890.8,0
2021-06-15 10:35:20,1890.65,0
2021-06-15 10:35:22,1890.65,0
2021-06-15 10:35:23,1890.3,0
2021-06-15 10:35:24,1890.2,0
2021-06-15 10:35:25,1890.2,0
2021-06-15 10:35:28,1890.65,0
2021-06-15 10:35:29,1890.15,0
2021-06-15 10:35:30,1890.25,0
2021-06-15 10:35:31,1890.15,0
2021-06-15 10:35:32,1890.1,0
2021-06-15 10:35:34,1889.7,0
2021-06-15 10:35:35,1889.7,0
2021-06-15 10:35:36,1890.0,0
2021-06-15 10:35:40,1890.0,0
2021-06-15 10:35:41,1890.0,0
2021-06-15 10:35:47,1889.75,0
2021-06-15 10:35:49,1889.5,0
2021-06-15 10:35:50,1889.75,0
2021-06-15 10:35:51,1889.8,0
2021-06-15 10:35:52,1890.2,0
2021-06-15 10:35:53,1890.0,0
2021-06-15 10:35:54,1890.2,0
2021-06-15 10:35:56,1890.2,0
2021-06-15 10:35:57,1890.3,0
2021-06-15 10:35:58,1889.1,0
2021-06-15 10:35:59,1889.85,0
2021-06-15 10:36:01,1890.3,0
2021-06-15 10:36:02,1889.7,0
2021-06-15 10:36:18,1889.45,0
2021-06-15 10:36:19,1889.45,0
2021-06-15 10:36:20,1888.75,0
2021-06-15 10:36:21,1888.85,0
2021-06-15 10:36:23,1889.45,0
2021-06-15 10:36:25,1889.0,0
2021-06-15 10:36:27,1889.9,0
2021-06-15 10:36:28,1888.5,0
2021-06-15 10:36:30,1888.95,0
2021-06-15 10:36:31,1888.9,0
2021-06-15 10:36:33,1889.65,0
2021-06-15 10:36:34,1889.85,0
2021-06-15 10:36:37,1890.0,0
2021-06-15 10:36:40,1889.9,0
2021-06-15 10:36:41,1890.0,0
2021-06-15 10:36:42,1890.5,0
2021-06-15 10:36:43,1890.5,0
2021-06-15 10:36:44,1889.75,0
2021-06-15 10:36:45,1889.85,0
2021-06-15 10:36:48,1890.1,0
2021-06-15 10:36:49,1890.3,0
2021-06-15 10:36:50,1890.3,0
2021-06-15 10:36:51,1891.7,0
2021-06-15 10:36:54,1891.4,0
2021-06-15 10:36:55,1891.15,0
2021-06-15 10:36:56,1891.2,0
2021-06-15 10:36:57,1891.05,0
2021-06-15 10:36:58,1890.95,0
2021-06-15 10:37:03,1891.35,0
2021-06-15 10:37:06,1891.5,0
2021-06-15 10:37:07,1892.0,0
2021-06-15 10:37:11,1891.6,0
2021-06-15 10:37:12,1891.45,0
2021-06-15 10:37:14,1890.95,0
2021-06-15 10:37:16,1891.05,0
2021-06-15 10:37:18,1891.3,0
2021-06-15 10:37:19,1891.3,0
2021-06-15 10:37:21,1891.65,0
2021-06-15 10:37:23,1891.2,0
2021-06-15 10:37:26,1890.95,0
2021-06-15 10:37:27,1890.95,0
2021-06-15 10:37:28,1890.95,0
2021-06-15 10:37:29,1891.2,0
2021-06-15 10:37:30,1891.75,0
2021-06-15 10:37:33,1890.95,0
2021-06-15 10:37:34,1890.65,0
2021-06-15 10:37:35,1890.65,0
2021-06-15 10:37:36,1890.5,0
2021-06-15 10:37:37,1891.2,0
2021-06-15 10:37:38,1890.45,0
2021-06-15 10:37:39,1890.65,0
2021-06-15 10:37:41,1890.55,0
2021-06-15 10:37:42,1890.75,0
2021-06-15 10:37:43,1890.9,0
2021-06-15 10:37:44,1890.65,0
2021-06-15 10:37:46,1890.4,0
2021-06-15 10:37:47,1890.4,0
2021-06-15 10:37:48,1890.4,0
2021-06-15 10:37:49,1890.5,0
2021-06-15 10:37:50,1890.9,0
2021-06-15 10:37:51,1890.75,0
2021-06-15 10:37:52,1891.1,0
2021-06-15 10:37:54,1890.65,0
2021-06-15 10:37:55,1890.65,0
2021-06-15 10:37:57,1890.95,0
2021-06-15 10:37:58,1890.95,0
2021-06-15 10:37:59,1890.85,0
2021-06-15 10:38:01,1890.8,0
2021-06-15 10:38:02,1890.45,0
2021-06-15 10:38:04,1890.4,0
2021-06-15 10:38:07,1891.15,0
2021-06-15 10:38:10,1890.95,0
2021-06-15 10:38:12,1890.5,0
2021-06-15 10:38:15,1890.65,0
2021-06-15 10:38:16,1890.75,0
2021-06-15 10:38:18,1891.3,0
2021-06-15 10:38:19,1890.4,0
2021-06-15 10:38:21,1890.7,0
2021-06-15 10:38:22,1890.7,0
2021-06-15 10:38:27,1890.7,0
2021-06-15 10:38:31,1890.85,0
2021-06-15 10:38:37,1890.75,0
2021-06-15 10:38:40,1890.6,0
2021-06-15 10:38:42,1890.95,0
2021-06-15 10:38:45,1890.45,0
2021-06-15 10:38:46,1890.45,0
2021-06-15 10:38:48,1891.55,0
2021-06-15 10:38:49,1891.8,0
2021-06-15 10:38:50,1892.0,0
2021-06-15 10:38:51,1892.05,0
2021-06-15 10:38:52,1892.05,0
2021-06-15 10:38:53,1892.05,0
2021-06-15 10:38:55,1891.9,0
2021-06-15 10:38:56,1891.35,0
2021-06-15 10:38:57,1891.1,0
2021-06-15 10:38:58,1891.3,0
2021-06-15 10:38:59,1890.9,0
2021-06-15 10:39:01,1891.1,0
2021-06-15 10:39:03,1891.3,0
2021-06-15 10:39:04,1890.95,0
2021-06-15 10:39:05,1890.75,0
2021-06-15 10:39:06,1890.75,0
2021-06-15 10:39:09,1890.75,0
2021-06-15 10:39:11,1890.8,0
2021-06-15 10:39:14,1890.25,0
2021-06-15 10:39:17,1890.0,0
2021-06-15 10:39:18,1890.3,0
2021-06-15 10:39:19,1890.45,0
2021-06-15 10:39:20,1890.75,0
2021-06-15 10:39:21,1890.5,0
2021-06-15 10:39:23,1890.55,0
2021-06-15 10:39:24,1890.45,0
2021-06-15 10:39:26,1890.25,0
2021-06-15 10:39:28,1889.65,0
2021-06-15 10:39:30,1890.45,0
2021-06-15 10:39:31,1889.4,0
2021-06-15 10:39:32,1889.4,0
2021-06-15 10:39:33,1889.3,0
2021-06-15 10:39:34,1889.0,0
2021-06-15 10:39:37,1889.35,0
2021-06-15 10:39:39,1889.3,0
2021-06-15 10:39:40,1889.9,0
2021-06-15 10:39:42,1890.0,0
2021-06-15 10:39:43,1889.55,0
2021-06-15 10:39:45,1889.55,0
2021-06-15 10:39:48,1890.65,0
2021-06-15 10:39:50,1890.1,0
2021-06-15 10:39:51,1890.1,0
2021-06-15 10:39:53,1891.45,0
2021-06-15 10:39:54,1891.45,0
2021-06-15 10:39:55,1891.45,0
2021-06-15 10:39:57,1891.55,0
2021-06-15 10:39:59,1891.6,0
2021-06-15 10:40:00,1891.6,0
2021-06-15 10:40:01,1891.15,0
2021-06-15 10:40:02,1891.3,0
2021-06-15 10:40:10,1891.2,0
2021-06-15 10:40:11,1891.05,0
2021-06-15 10:40:14,1890.55,0
2021-06-15 10:40:15,1890.55,0
2021-06-15 10:40:16,1889.75,0
2021-06-15 10:40:18,1889.85,0
2021-06-15 10:40:19,1890.0,0
2021-06-15 10:40:20,1889.75,0
2021-06-15 10:40:22,1890.75,0
2021-06-15 10:40:25,1890.8,0
2021-06-15 10:40:26,1891.25,0
2021-06-15 10:40:27,1891.1,0
2021-06-15 10:40:28,1890.5,0
2021-06-15 10:40:29,1890.4,0
2021-06-15 10:40:32,1890.0,0
2021-06-15 10:40:34,1890.15,0
2021-06-15 10:40:35,1890.15,0
2021-06-15 10:40:37,1890.6,0
2021-06-15 10:40:39,1890.1,0
2021-06-15 10:40:41,1889.9,0
2021-06-15 10:40:44,1890.15,0
2021-06-15 10:40:45,1890.2,0
2021-06-15 10:40:47,1890.45,0
2021-06-15 10:40:49,1891.05,0
2021-06-15 10:40:51,1890.55,0
2021-06-15 10:40:52,1890.9,0
2021-06-15 10:40:54,1890.6,0
2021-06-15 10:40:55,1890.5,0
2021-06-15 10:40:56,1890.55,0
2021-06-15 10:40:58,1890.85,0
2021-06-15 10:40:59,1891.05,0
2021-06-15 10:41:00,1891.35,0
2021-06-15 10:41:01,1891.2,0
2021-06-15 10:41:02,1891.05,0
2021-06-15 10:41:03,1891.5,0
2021-06-15 10:41:05,1891.35,0
2021-06-15 10:41:08,1891.45,0
2021-06-15 10:41:09,1891.55,0
2021-06-15 10:41:10,1891.7,0
2021-06-15 10:41:11,1891.65,0
2021-06-15 10:41:15,1891.15,0
2021-06-15 10:41:16,1891.1,0
2021-06-15 10:41:17,1891.2,0
2021-06-15 10:41:20,1890.8,0
2021-06-15 10:41:21,1891.1,0
2021-06-15 10:41:24,1890.45,0
2021-06-15 10:41:27,1890.55,0
2021-06-15 10:41:28,1891.0,0
2021-06-15 10:41:29,1890.8,0
2021-06-15 10:41:31,1890.5,0
2021-06-15 10:41:32,1890.7,0
2021-06-15 10:41:34,1890.8,0
2021-06-15 10:41:35,1890.9,0
2021-06-15 10:41:36,1891.0,0
2021-06-15 10:41:39,1890.75,0
2021-06-15 10:41:42,1891.4,0
2021-06-15 10:41:43,1891.5,0
2021-06-15 10:41:48,1891.4,0
2021-06-15 10:41:49,1890.95,0
2021-06-15 10:41:50,1890.9,0
2021-06-15 10:41:51,1890.95,0
2021-06-15 10:41:52,1890.85,0
2021-06-15 10:41:53,1891.25,0
2021-06-15 10:41:54,1891.2,0
2021-06-15 10:41:55,1891.15,0
2021-06-15 10:41:56,1891.1,0
2021-06-15 10:41:57,1891.0,0
2021-06-15 10:41:59,1891.5,0
2021-06-15 10:42:04,1890.75,0
2021-06-15 10:42:05,1891.2,0
2021-06-15 10:42:07,1890.9,0
2021-06-15 10:42:08,1891.0,0
2021-06-15 10:42:10,1890.65,0
2021-06-15 10:42:12,1890.85,0
2021-06-15 10:42:14,1890.3,0
2021-06-15 10:42:15,1890.1,0
2021-06-15 10:42:16,1890.25,0
2021-06-15 10:42:17,1890.25,0
2021-06-15 10:42:20,1890.25,0
2021-06-15 10:42:21,1890.1,0
2021-06-15 10:42:22,1891.3,0
2021-06-15 10:42:23,1890.7,0
2021-06-15 10:42:24,1890.95,0
2021-06-15 10:42:25,1891.1,0
2021-06-15 10:42:26,1891.1,0
2021-06-15 10:42:28,1891.2,0
2021-06-15 10:42:32,1891.2,0
2021-06-15 10:42:33,1891.35,0
2021-06-15 10:42:35,1891.55,0
2021-06-15 10:42:37,1891.15,0
2021-06-15 10:42:38,1891.65,0
2021-06-15 10:42:39,1891.5,0
2021-06-15 10:42:40,1891.8,0
2021-06-15 10:42:41,1891.95,0
2021-06-15 10:42:44,1892.1,0
2021-06-15 10:42:46,1891.5,0
2021-06-15 10:42:47,1891.5,0
2021-06-15 10:42:48,1891.65,0
2021-06-15 10:42:49,1891.25,0
2021-06-15 10:42:53,1891.7,0
2021-06-15 10:42:57,1891.85,0
2021-06-15 10:42:58,1891.4,0
2021-06-15 10:42:59,1891.15,0
2021-06-15 10:43:03,1891.0,0
2021-06-15 10:43:04,1891.0,0
2021-06-15 10:43:07,1891.5,0
2021-06-15 10:43:10,1891.6,0
2021-06-15 10:43:11,1891.1,0
2021-06-15 10:43:13,1891.3,0
2021-06-15 10:43:14,1891.25,0
2021-06-15 10:43:15,1891.35,0
2021-06-15 10:43:17,1891.25,0
2021-06-15 10:43:18,1891.25,0
2021-06-15 10:43:19,1891.25,0
2021-06-15 10:43:20,1891.4,0
2021-06-15 10:43:21,1891.65,0
2021-06-15 10:43:22,1891.8,0
2021-06-15 10:43:25,1891.7,0
2021-06-15 10:43:28,1891.0,0
2021-06-15 10:43:29,1891.0,0
2021-06-15 10:43:30,1891.15,0
2021-06-15 10:43:36,1891.75,0
2021-06-15 10:43:38,1892.05,0
2021-06-15 10:43:39,1891.95,0
2021-06-15 10:43:40,1891.95,0
2021-06-15 10:43:42,1892.3,0
2021-06-15 10:43:46,1892.0,0
2021-06-15 10:43:48,1892.0,0
2021-06-15 10:43:50,1892.35,0
2021-06-15 10:43:52,1891.65,0
2021-06-15 10:43:55,1891.85,0
2021-06-15 10:43:57,1891.6,0
2021-06-15 10:43:58,1892.1,0
2021-06-15 10:43:59,1891.75,0
2021-06-15 10:44:00,1891.35,0
2021-06-15 10:44:02,1891.9,0
2021-06-15 10:44:03,1891.9,0
2021-06-15 10:44:05,1891.9,0
2021-06-15 10:44:09,1892.1,0
2021-06-15 10:44:12,1892.7,0
2021-06-15 10:44:14,1892.65,0
2021-06-15 10:44:16,1892.6,0
2021-06-15 10:44:17,1891.65,0
2021-06-15 10:44:18,1892.15,0
2021-06-15 10:44:20,1892.35,0
2021-06-15 10:44:21,1892.25,0
2021-06-15 10:44:23,1892.5,0
2021-06-15 10:44:25,1892.75,0
2021-06-15 10:44:26,1892.9,0
2021-06-15 10:44:27,1892.9,0
2021-06-15 10:44:28,1892.9,0
2021-06-15 10:44:30,1893.3,0
2021-06-15 10:44:31,1893.05,0
2021-06-15 10:44:32,1893.05,0
2021-06-15 10:44:35,1893.7,0
2021-06-15 10:44:36,1893.45,0
2021-06-15 10:44:39,1894.25,0
2021-06-15 10:44:40,1894.1,0
2021-06-15 10:44:41,1894.1,0
2021-06-15 10:44:42,1894.1,0
2021-06-15 10:44:43,1894.35,0
2021-06-15 10:44:44,1894.5,0
2021-06-15 10:44:45,1894.5,0
2021-06-15 10:44:46,1894.45,0
2021-06-15 10:44:47,1894.45,0
2021-06-15 10:44:48,1894.55,0
2021-06-15 10:44:49,1894.45,0
2021-06-15 10:44:50,1894.55,0
2021-06-15 10:44:51,1894.35,0
2021-06-15 10:44:52,1894.35,0
2021-06-15 10:44:53,1894.35,0
2021-06-15 10:44:54,1894.45,0
2021-06-15 10:44:55,1894.35,0
2021-06-15 10:44:56,1894.35,0
2021-06-15 10:44:57,1894.65,0
2021-06-15 10:44:58,1894.55,0
2021-06-15 10:44:59,1894.45,0
2021-06-15 10:45:00,1894.95,0
2021-06-15 10:45:01,1894.4,0
2021-06-15 10:45:02,1894.5,0
2021-06-15 10:45:03,1894.5,0
2021-06-15 10:45:05,1894.6,0
2021-06-15 10:45:08,1894.55,0
2021-06-15 10:45:09,1894.45,0
2021-06-15 10:45:10,1894.6,0
2021-06-15 10:45:12,1894.45,0
2021-06-15 10:45:15,1894.4,0
2021-06-15 10:45:16,1894.65,0
2021-06-15 10:45:18,1894.5,0
2021-06-15 10:45:20,1894.55,0
2021-06-15 10:45:21,1894.8,0
2021-06-15 10:45:25,1894.45,0
2021-06-15 10:45:26,1894.6,0
2021-06-15 10:45:27,1894.95,0
2021-06-15 10:45:28,1894.6,0
2021-06-15 10:45:30,1894.9,0
2021-06-15 10:45:31,1894.6,0
2021-06-15 10:45:32,1894.6,0
2021-06-15 10:45:36,1894.4,0
2021-06-15 10:45:37,1894.45,0
2021-06-15 10:45:38,1894.25,0
2021-06-15 10:45:39,1894.35,0
2021-06-15 10:45:40,1894.45,0
2021-06-15 10:45:41,1895.15,0
2021-06-15 10:45:43,1895.15,0
2021-06-15 10:45:44,1895.0,0
2021-06-15 10:45:47,1895.05,0
2021-06-15 10:45:50,1895.05,0
2021-06-15 10:45:52,1895.05,0
2021-06-15 10:45:53,1895.2,0
2021-06-15 10:45:56,1895.4,0
2021-06-15 10:45:57,1895.4,0
2021-06-15 10:46:00,1895.1,0
2021-06-15 10:46:01,1895.15,0
2021-06-15 10:46:02,1895.15,0
2021-06-15 10:46:03,1895.5,0
2021-06-15 10:46:05,1895.45,0
2021-06-15 10:46:06,1895.25,0
2021-06-15 10:46:07,1894.95,0
2021-06-15 10:46:09,1894.9,0
2021-06-15 10:46:13,1895.9,0
2021-06-15 10:46:14,1896.35,0
2021-06-15 10:46:15,1896.1,0
2021-06-15 10:46:16,1896.0,0
2021-06-15 10:46:18,1895.95,0
2021-06-15 10:46:20,1895.9,0
2021-06-15 10:46:21,1896.5,0
2021-06-15 10:46:22,1896.4,0
2021-06-15 10:46:27,1896.25,0
2021-06-15 10:46:29,1896.6,0
2021-06-15 10:46:33,1895.3,0
2021-06-15 10:46:35,1896.0,0
2021-06-15 10:46:36,1896.4,0
2021-06-15 10:46:37,1896.7,0
2021-06-15 10:46:38,1896.5,0
2021-06-15 10:46:40,1895.65,0
2021-06-15 10:46:41,1895.75,0
2021-06-15 10:46:42,1896.0,0
2021-06-15 10:46:43,1896.15,0
2021-06-15 10:46:48,1895.75,0
2021-06-15 10:46:49,1895.9,0
2021-06-15 10:46:50,1895.9,0
2021-06-15 10:46:52,1895.7,0
2021-06-15 10:46:54,1895.95,0
2021-06-15 10:46:57,1895.95,0
2021-06-15 10:46:58,1896.3,0
2021-06-15 10:46:59,1895.95,0
2021-06-15 10:47:00,1896.55,0
2021-06-15 10:47:01,1896.75,0
2021-06-15 10:47:02,1896.6,0
2021-06-15 10:47:03,1896.95,0
2021-06-15 10:47:05,1896.95,0
2021-06-15 10:47:06,1897.05,0
2021-06-15 10:47:08,1896.95,0
2021-06-15 10:47:09,1897.05,0
2021-06-15 10:47:10,1896.4,0
2021-06-15 10:47:12,1896.45,0
2021-06-15 10:47:13,1896.45,0
2021-06-15 10:47:14,1896.25,0
2021-06-15 10:47:15,1896.45,0
2021-06-15 10:47:16,1896.45,0
2021-06-15 10:47:17,1896.8,0
2021-06-15 10:47:18,1896.0,0
2021-06-15 10:47:20,1896.45,0
2021-06-15 10:47:21,1896.5,0
2021-06-15 10:47:23,1896.2,0
2021-06-15 10:47:24,1896.4,0
2021-06-15 10:47:27,1896.6,0
2021-06-15 10:47:28,1897.1,0
2021-06-15 10:47:29,1896.5,0
2021-06-15 10:47:31,1896.1,0
2021-06-15 10:47:32,1896.25,0
2021-06-15 10:47:34,1896.55,0
2021-06-15 10:47:36,1896.35,0
2021-06-15 10:47:37,1896.35,0
2021-06-15 10:47:39,1896.35,0
2021-06-15 10:47:40,1897.1,0
2021-06-15 10:47:50,1896.65,0
2021-06-15 10:47:53,1897.15,0
2021-06-15 10:47:54,1897.05,0
2021-06-15 10:47:55,1897.05,0
2021-06-15 10:47:56,1896.6,0
2021-06-15 10:47:57,1896.15,0
2021-06-15 10:47:58,1896.45,0
2021-06-15 10:47:59,1896.15,0
2021-06-15 10:48:01,1896.85,0
2021-06-15 10:48:02,1896.6,0
2021-06-15 10:48:03,1896.85,0
2021-06-15 10:48:04,1896.6,0
2021-06-15 10:48:06,1896.85,0
2021-06-15 10:48:07,1896.7,0
2021-06-15 10:48:08,1897.05,0
2021-06-15 10:48:09,1896.95,0
2021-06-15 10:48:14,1896.7,0
2021-06-15 10:48:15,1896.45,0
2021-06-15 10:48:17,1897.05,0
2021-06-15 10:48:18,1897.05,0
2021-06-15 10:48:19,1897.15,0
2021-06-15 10:48:20,1897.1,0
2021-06-15 10:48:21,1897.2,0
2021-06-15 10:48:23,1896.75,0
2021-06-15 10:48:24,1896.25,0
2021-06-15 10:48:25,1896.6,0
2021-06-15 10:48:26,1896.6,0
2021-06-15 10:48:30,1897.65,0
2021-06-15 10:48:31,1897.65,0
2021-06-15 10:48:32,1897.2,0
2021-06-15 10:48:33,1897.55,0
2021-06-15 10:48:38,1897.55,0
2021-06-15 10:48:39,1897.35,0
2021-06-15 10:48:40,1897.6,0
2021-06-15 10:48:42,1897.8,0
2021-06-15 10:48:43,1897.6,0
2021-06-15 10:48:44,1898.0,0
2021-06-15 10:48:45,1897.3,0
2021-06-15 10:48:46,1897.3,0
2021-06-15 10:48:47,1897.15,0
2021-06-15 10:48:48,1897.7,0
2021-06-15 10:48:50,1897.2,0
2021-06-15 10:48:51,1897.2,0
2021-06-15 10:48:52,1897.2,0
2021-06-15 10:48:54,1896.75,0
2021-06-15 10:48:55,1897.1,0
2021-06-15 10:48:57,1896.75,0
2021-06-15 10:48:58,1897.7,0
2021-06-15 10:48:59,1897.6,0
2021-06-15 10:49:02,1897.95,0
2021-06-15 10:49:03,1898.1,0
2021-06-15 10:49:04,1897.95,0
2021-06-15 10:49:06,1898.05,0
2021-06-15 10:49:07,1897.95,0
2021-06-15 10:49:08,1897.85,0
2021-06-15 10:49:09,1897.7,0
2021-06-15 10:49:11,1897.85,0
2021-06-15 10:49:12,1897.75,0
2021-06-15 10:49:13,1897.6,0
2021-06-15 10:49:15,1897.3,0
2021-06-15 10:49:16,1897.25,0
2021-06-15 10:49:21,1896.65,0
2021-06-15 10:49:22,1897.15,0
2021-06-15 10:49:28,1897.4,0
2021-06-15 10:49:29,1897.15,0
2021-06-15 10:49:30,1897.5,0
2021-06-15 10:49:31,1897.45,0
2021-06-15 10:49:32,1897.1,0
2021-06-15 10:49:34,1896.6,0
2021-06-15 10:49:38,1897.15,0
2021-06-15 10:49:39,1897.6,0
2021-06-15 10:49:42,1896.75,0
2021-06-15 10:49:45,1897.0,0
2021-06-15 10:49:48,1897.1,0
2021-06-15 10:49:54,1896.8,0
2021-06-15 10:49:55,1896.8,0
2021-06-15 10:49:56,1896.85,0
2021-06-15 10:49:57,1896.65,0
2021-06-15 10:50:00,1896.65,0
2021-06-15 10:50:01,1896.95,0
2021-06-15 10:50:04,1897.4,0
2021-06-15 10:50:08,1897.9,0
2021-06-15 10:50:09,1897.9,0
2021-06-15 10:50:11,1897.9,0
2021-06-15 10:50:12,1898.05,0
2021-06-15 10:50:14,1897.55,0
2021-06-15 10:50:16,1898.3,0
2021-06-15 10:50:17,1898.2,0
2021-06-15 10:50:18,1897.45,0
2021-06-15 10:50:21,1897.65,0
2021-06-15 10:50:24,1897.6,0
2021-06-15 10:50:27,1897.75,0
2021-06-15 10:50:29,1898.85,0
2021-06-15 10:50:30,1898.75,0
2021-06-15 10:50:31,1898.3,0
2021-06-15 10:50:32,1898.3,0
2021-06-15 10:50:33,1898.3,0
2021-06-15 10:50:36,1896.75,0
2021-06-15 10:50:37,1897.6,0
2021-06-15 10:50:38,1897.6,0
2021-06-15 10:50:41,1897.5,0
2021-06-15 10:50:43,1897.1,0
2021-06-15 10:50:44,1897.85,0
2021-06-15 10:50:45,1897.4,0
2021-06-15 10:50:48,1897.55,0
2021-06-15 10:50:49,1897.55,0
2021-06-15 10:50:50,1897.7,0
2021-06-15 10:50:51,1898.15,0
2021-06-15 10:50:52,1898.3,0
2021-06-15 10:50:55,1897.9,0
2021-06-15 10:50:56,1898.0,0
2021-06-15 10:50:57,1898.8,0
2021-06-15 10:50:58,1898.7,0
2021-06-15 10:50:59,1898.6,0
2021-06-15 10:51:01,1898.75,0
2021-06-15 10:51:02,1898.15,0
2021-06-15 10:51:06,1897.75,0
2021-06-15 10:51:07,1897.55,0
2021-06-15 10:51:08,1897.55,0
2021-06-15 10:51:09,1898.05,0
2021-06-15 10:51:10,1897.9,0
2021-06-15 10:51:13,1897.55,0
2021-06-15 10:51:14,1897.55,0
2021-06-15 10:51:15,1897.7,0
2021-06-15 10:51:16,1897.7,0
2021-06-15 10:51:17,1897.85,0
2021-06-15 10:51:18,1898.1,0
2021-06-15 10:51:19,1898.5,0
2021-06-15 10:51:24,1898.2,0
2021-06-15 10:51:25,1898.2,0
2021-06-15 10:51:27,1898.2,0
2021-06-15 10:51:28,1898.7,0
2021-06-15 10:51:29,1898.2,0
2021-06-15 10:51:33,1898.25,0
2021-06-15 10:51:41,1898.75,0
2021-06-15 10:51:42,1899.05,0
2021-06-15 10:51:43,1898.35,0
2021-06-15 10:51:45,1898.65,0
2021-06-15 10:51:46,1898.85,0
2021-06-15 10:51:47,1899.2,0
2021-06-15 10:51:48,1899.5,0
2021-06-15 10:51:49,1899.15,0
2021-06-15 10:51:51,1898.55,0
2021-06-15 10:51:52,1898.75,0
2021-06-15 10:51:54,1899.35,0
2021-06-15 10:51:57,1898.3,0
2021-06-15 10:51:59,1897.95,0
2021-06-15 10:52:00,1897.7,0
2021-06-15 10:52:01,1897.65,0
2021-06-15 10:52:02,1898.15,0
2021-06-15 10:52:03,1898.15,0
2021-06-15 10:52:05,1897.8,0
2021-06-15 10:52:11,1897.9,0
2021-06-15 10:52:12,1898.1,0
2021-06-15 10:52:13,1898.1,0
2021-06-15 10:52:14,1897.7,0
2021-06-15 10:52:22,1897.8,0
2021-06-15 10:52:25,1898.3,0
2021-06-15 10:52:27,1898.0,0
2021-06-15 10:52:28,1897.85,0
2021-06-15 10:52:29,1897.65,0
2021-06-15 10:52:30,1897.75,0
2021-06-15 10:52:31,1897.5,0
2021-06-15 10:52:32,1897.75,0
2021-06-15 10:52:33,1897.65,0
2021-06-15 10:52:34,1897.75,0
2021-06-15 10:52:37,1897.4,0
2021-06-15 10:52:38,1897.75,0
2021-06-15 10:52:39,1897.5,0
2021-06-15 10:52:40,1897.4,0
2021-06-15 10:52:44,1897.35,0
2021-06-15 10:52:45,1897.7,0
2021-06-15 10:52:48,1897.6,0
2021-06-15 10:52:49,1897.45,0
2021-06-15 10:52:50,1897.7,0
2021-06-15 10:52:51,1898.05,0
2021-06-15 10:52:52,1897.95,0
2021-06-15 10:52:54,1898.05,0
2021-06-15 10:52:55,1897.8,0
2021-06-15 10:52:56,1897.65,0
2021-06-15 10:52:57,1897.9,0
2021-06-15 10:52:59,1898.2,0
2021-06-15 10:53:00,1898.7,0
2021-06-15 10:53:01,1899.35,0
2021-06-15 10:53:02,1899.35,0
2021-06-15 10:53:03,1899.6,0
2021-06-15 10:53:04,1897.8,0
2021-06-15 10:53:05,1898.3,0
2021-06-15 10:53:06,1898.15,0
2021-06-15 10:53:09,1898.25,0
2021-06-15 10:53:11,1898.15,0
2021-06-15 10:53:12,1898.35,0
2021-06-15 10:53:14,1898.45,0
2021-06-15 10:53:15,1898.3,0
2021-06-15 10:53:16,1899.45,0
2021-06-15 10:53:17,1899.55,0
2021-06-15 10:53:18,1898.85,0
2021-06-15 10:53:19,1898.85,0
2021-06-15 10:53:20,1898.45,0
2021-06-15 10:53:21,1898.55,0
2021-06-15 10:53:22,1899.15,0
2021-06-15 10:53:29,1899.15,0
2021-06-15 10:53:34,1898.5,0
2021-06-15 10:53:35,1898.7,0
2021-06-15 10:53:36,1898.7,0
2021-06-15 10:53:38,1898.3,0
2021-06-15 10:53:39,1898.6,0
2021-06-15 10:53:41,1899.2,0
2021-06-15 10:53:42,1899.2,0
2021-06-15 10:53:43,1899.2,0
2021-06-15 10:53:44,1899.35,0
2021-06-15 10:53:45,1899.5,0
2021-06-15 10:53:47,1898.65,0
2021-06-15 10:53:48,1898.1,0
2021-06-15 10:53:49,1898.75,0
2021-06-15 10:53:50,1899.05,0
2021-06-15 10:53:51,1899.05,0
2021-06-15 10:53:53,1899.65,0
2021-06-15 10:53:54,1899.25,0
2021-06-15 10:53:55,1899.3,0
2021-06-15 10:53:56,1899.35,0
2021-06-15 10:54:06,1898.7,0
2021-06-15 10:54:07,1898.8,0
2021-06-15 10:54:08,1898.4,0
2021-06-15 10:54:09,1898.3,0
2021-06-15 10:54:10,1898.5,0
2021-06-15 10:54:13,1898.05,0
2021-06-15 10:54:14,1897.75,0
2021-06-15 10:54:17,1898.8,0
2021-06-15 10:54:18,1898.7,0
2021-06-15 10:54:19,1899.45,0
2021-06-15 10:54:20,1899.55,0
2021-06-15 10:54:21,1899.45,0
2021-06-15 10:54:22,1898.9,0
2021-06-15 10:54:27,1899.0,0
2021-06-15 10:54:28,1899.6,0
2021-06-15 10:54:29,1899.1,0
2021-06-15 10:54:31,1898.55,0
2021-06-15 10:54:35,1899.6,0
2021-06-15 10:54:37,1899.35,0
2021-06-15 10:54:38,1899.5,0
2021-06-15 10:54:42,1898.95,0
2021-06-15 10:54:43,1898.6,0
2021-06-15 10:54:45,1899.35,0
2021-06-15 10:54:47,1899.75,0
2021-06-15 10:54:48,1899.7,0
2021-06-15 10:54:49,1899.7,0
2021-06-15 10:54:50,1899.6,0
2021-06-15 10:54:52,1899.25,0
2021-06-15 10:54:53,1898.8,0
2021-06-15 10:54:54,1899.7,0
2021-06-15 10:54:55,1899.15,0
2021-06-15 10:54:56,1899.1,0
2021-06-15 10:54:59,1899.4,0
2021-06-15 10:55:01,1899.85,0
2021-06-15 10:55:02,1899.9,0
2021-06-15 10:55:04,1899.2,0
2021-06-15 10:55:05,1899.2,0
2021-06-15 10:55:06,1899.2,0
2021-06-15 10:55:08,1899.3,0
2021-06-15 10:55:11,1899.85,0
2021-06-15 10:55:14,1899.9,0
2021-06-15 10:55:15,1899.85,0
2021-06-15 10:55:16,1900.15,0
2021-06-15 10:55:17,1899.55,0
2021-06-15 10:55:20,1899.4,0
2021-06-15 10:55:24,1899.2,0
2021-06-15 10:55:26,1899.0,0
2021-06-15 10:55:27,1899.6,0
2021-06-15 10:55:28,1899.2,0
2021-06-15 10:55:29,1898.9,0
2021-06-15 10:55:30,1898.8,0
2021-06-15 10:55:31,1898.9,0
2021-06-15 10:55:33,1899.4,0
2021-06-15 10:55:34,1899.3,0
2021-06-15 10:55:37,1899.3,0
2021-06-15 10:55:38,1899.05,0
2021-06-15 10:55:39,1898.15,0
2021-06-15 10:55:41,1898.75,0
2021-06-15 10:55:42,1898.75,0
2021-06-15 10:55:45,1899.0,0
2021-06-15 10:55:46,1899.5,0
2021-06-15 10:55:47,1899.4,0
2021-06-15 10:55:48,1899.25,0
2021-06-15 10:55:49,1899.45,0
2021-06-15 10:55:50,1899.45,0
2021-06-15 10:55:51,1898.95,0
2021-06-15 10:55:52,1898.95,0
2021-06-15 10:55:56,1898.55,0
2021-06-15 10:55:57,1898.55,0
2021-06-15 10:55:58,1898.85,0
2021-06-15 10:55:59,1898.6,0
2021-06-15 10:56:00,1898.85,0
2021-06-15 10:56:02,1898.25,0
2021-06-15 10:56:03,1898.4,0
2021-06-15 10:56:04,1898.25,0
2021-06-15 10:56:05,1898.3,0
2021-06-15 10:56:07,1897.95,0
2021-06-15 10:56:13,1897.85,0
2021-06-15 10:56:16,1897.75,0
2021-06-15 10:56:18,1898.0,0
2021-06-15 10:56:19,1898.2,0
2021-06-15 10:56:21,1898.2,0
2021-06-15 10:56:24,1897.8,0
2021-06-15 10:56:25,1897.7,0
2021-06-15 10:56:27,1898.05,0
2021-06-15 10:56:31,1898.5,0
2021-06-15 10:56:32,1898.6,0
2021-06-15 10:56:33,1898.6,0
2021-06-15 10:56:35,1898.8,0
2021-06-15 10:56:36,1898.4,0
2021-06-15 10:56:37,1898.3,0
2021-06-15 10:56:38,1898.4,0
2021-06-15 10:56:40,1898.45,0
2021-06-15 10:56:41,1898.45,0
2021-06-15 10:56:42,1898.6,0
2021-06-15 10:56:44,1898.6,0
2021-06-15 10:56:46,1898.7,0
2021-06-15 10:56:47,1898.75,0
2021-06-15 10:56:50,1899.1,0
2021-06-15 10:56:51,1899.1,0
2021-06-15 10:56:54,1899.75,0
2021-06-15 10:56:57,1899.45,0
2021-06-15 10:56:59,1899.3,0
2021-06-15 10:57:01,1898.7,0
2021-06-15 10:57:02,1899.1,0
2021-06-15 10:57:05,1898.95,0
2021-06-15 10:57:06,1899.0,0
2021-06-15 10:57:07,1899.05,0
2021-06-15 10:57:09,1899.05,0
2021-06-15 10:57:10,1899.2,0
2021-06-15 10:57:12,1898.75,0
2021-06-15 10:57:13,1898.95,0
2021-06-15 10:57:14,1899.2,0
2021-06-15 10:57:16,1899.35,0
2021-06-15 10:57:17,1899.45,0
2021-06-15 10:57:21,1899.3,0
2021-06-15 10:57:22,1899.4,0
2021-06-15 10:57:24,1899.4,0
2021-06-15 10:57:25,1899.45,0
2021-06-15 10:57:28,1899.45,0
2021-06-15 10:57:30,1899.05,0
2021-06-15 10:57:32,1899.05,0
2021-06-15 10:57:33,1899.3,0
2021-06-15 10:57:34,1899.35,0
2021-06-15 10:57:35,1899.55,0
2021-06-15 10:57:37,1899.55,0
2021-06-15 10:57:39,1899.75,0
2021-06-15 10:57:40,1899.65,0
2021-06-15 10:57:41,1899.65,0
2021-06-15 10:57:42,1899.65,0
2021-06-15 10:57:48,1899.8,0
2021-06-15 10:57:49,1899.05,0
2021-06-15 10:57:50,1898.9,0
2021-06-15 10:57:52,1898.55,0
2021-06-15 10:57:53,1898.75,0
2021-06-15 10:57:54,1898.9,0
2021-06-15 10:57:55,1898.4,0
2021-06-15 10:57:56,1898.2,0
2021-06-15 10:57:58,1898.3,0
2021-06-15 10:58:00,1898.3,0
2021-06-15 10:58:01,1897.95,0
2021-06-15 10:58:04,1898.35,0
2021-06-15 10:58:05,1898.65,0
2021-06-15 10:58:07,1898.05,0
2021-06-15 10:58:08,1897.95,0
2021-06-15 10:58:09,1898.45,0
2021-06-15 10:58:10,1897.75,0
2021-06-15 10:58:11,1898.35,0
2021-06-15 10:58:12,1898.25,0
2021-06-15 10:58:13,1897.5,0
2021-06-15 10:58:15,1897.85,0
2021-06-15 10:58:16,1897.5,0
2021-06-15 10:58:17,1897.6,0
2021-06-15 10:58:18,1897.95,0
2021-06-15 10:58:19,1897.9,0
2021-06-15 10:58:20,1898.25,0
2021-06-15 10:58:22,1897.4,0
2021-06-15 10:58:23,1897.45,0
2021-06-15 10:58:24,1897.55,0
2021-06-15 10:58:26,1897.15,0
2021-06-15 10:58:27,1897.35,0
2021-06-15 10:58:29,1896.3,0
2021-06-15 10:58:30,1896.9,0
2021-06-15 10:58:33,1896.35,0
2021-06-15 10:58:36,1896.2,0
2021-06-15 10:58:37,1896.05,0
2021-06-15 10:58:38,1895.95,0
2021-06-15 10:58:39,1895.9,0
2021-06-15 10:58:40,1896.15,0
2021-06-15 10:58:41,1896.45,0
2021-06-15 10:58:44,1896.25,0
2021-06-15 10:58:45,1896.4,0
2021-06-15 10:58:47,1896.4,0
2021-06-15 10:58:51,1897.0,0
2021-06-15 10:58:53,1896.95,0
2021-06-15 10:58:55,1897.75,0
2021-06-15 10:58:56,1897.9,0
2021-06-15 10:58:58,1898.05,0
2021-06-15 10:58:59,1898.45,0
2021-06-15 10:59:00,1898.2,0
2021-06-15 10:59:01,1898.1,0
2021-06-15 10:59:02,1897.85,0
2021-06-15 10:59:04,1898.8,0
2021-06-15 10:59:05,1898.8,0
2021-06-15 10:59:08,1898.1,0
2021-06-15 10:59:10,1898.65,0
2021-06-15 10:59:11,1898.5,0
2021-06-15 10:59:12,1898.6,0
2021-06-15 10:59:16,1898.35,0
2021-06-15 10:59:18,1898.3,0
2021-06-15 10:59:20,1897.8,0
2021-06-15 10:59:21,1898.05,0
2021-06-15 10:59:22,1897.85,0
2021-06-15 10:59:23,1897.7,0
2021-06-15 10:59:29,1898.25,0
2021-06-15 10:59:30,1898.35,0
2021-06-15 10:59:31,1898.2,0
2021-06-15 10:59:33,1898.25,0
2021-06-15 10:59:34,1897.7,0
2021-06-15 10:59:35,1897.7,0
2021-06-15 10:59:37,1897.85,0
2021-06-15 10:59:38,1897.4,0
2021-06-15 10:59:39,1897.55,0
2021-06-15 10:59:40,1897.55,0
2021-06-15 10:59:43,1897.6,0
2021-06-15 10:59:44,1897.7,0
2021-06-15 10:59:47,1897.5,0
2021-06-15 10:59:48,1897.45,0
2021-06-15 10:59:49,1897.3,0
2021-06-15 10:59:51,1897.35,0
2021-06-15 10:59:52,1897.35,0
2021-06-15 10:59:57,1897.35,0
2021-06-15 10:59:59,1897.8,0
2021-06-15 11:00:00,1898.05,0
2021-06-15 11:00:01,1897.9,0
2021-06-15 11:00:03,1898.35,0
2021-06-15 11:00:04,1898.75,0
2021-06-15 11:00:05,1898.2,0
2021-06-15 11:00:08,1898.05,0
2021-06-15 11:00:09,1898.25,0
2021-06-15 11:00:10,1898.0,0
2021-06-15 11:00:12,1897.85,0
2021-06-15 11:00:13,1897.85,0
2021-06-15 11:00:14,1898.35,0
2021-06-15 11:00:16,1898.5,0
2021-06-15 11:00:17,1898.15,0
2021-06-15 11:00:21,1897.9,0
2021-06-15 11:00:22,1897.5,0
2021-06-15 11:00:23,1899.15,0
2021-06-15 11:00:25,1898.9,0
2021-06-15 11:00:27,1898.8,0
2021-06-15 11:00:28,1898.3,0
2021-06-15 11:00:29,1898.65,0
2021-06-15 11:00:30,1899.3,0
2021-06-15 11:00:33,1898.4,0
2021-06-15 11:00:35,1898.3,0
2021-06-15 11:00:36,1898.05,0
2021-06-15 11:00:37,1898.0,0
2021-06-15 11:00:38,1897.75,0
2021-06-15 11:00:39,1898.0,0
2021-06-15 11:00:42,1897.7,0
2021-06-15 11:00:43,1897.8,0
2021-06-15 11:00:44,1897.8,0
2021-06-15 11:00:45,1897.85,0
2021-06-15 11:00:46,1897.8,0
2021-06-15 11:00:47,1897.7,0
2021-06-15 11:00:48,1897.8,0
2021-06-15 11:00:51,1896.95,0
2021-06-15 11:00:54,1897.75,0
2021-06-15 11:00:56,1898.0,0
2021-06-15 11:00:58,1898.15,0
2021-06-15 11:00:59,1898.45,0
2021-06-15 11:01:00,1898.45,0
2021-06-15 11:01:01,1898.45,0
2021-06-15 11:01:03,1898.15,0
2021-06-15 11:01:04,1897.95,0
2021-06-15 11:01:05,1897.95,0
2021-06-15 11:01:07,1897.85,0
2021-06-15 11:01:08,1898.05,0
2021-06-15 11:01:10,1898.1,0
2021-06-15 11:01:11,1897.75,0
2021-06-15 11:01:13,1898.1,0
2021-06-15 11:01:14,1899.25,0
2021-06-15 11:01:17,1899.65,0
2021-06-15 11:01:18,1899.4,0
2021-06-15 11:01:19,1899.75,0
2021-06-15 11:01:21,1899.45,0
2021-06-15 11:01:22,1899.5,0
2021-06-15 11:01:24,1899.6,0
2021-06-15 11:01:25,1899.6,0
2021-06-15 11:01:31,1899.7,0
2021-06-15 11:01:34,1899.75,0
2021-06-15 11:01:37,1900.35,0
2021-06-15 11:01:38,1900.0,0
2021-06-15 11:01:40,1899.55,0
2021-06-15 11:01:42,1899.25,0
2021-06-15 11:01:43,1899.4,0
2021-06-15 11:01:46,1898.85,0
2021-06-15 11:01:49,1899.5,0
2021-06-15 11:01:50,1899.65,0
2021-06-15 11:01:51,1899.3,0
2021-06-15 11:01:52,1899.4,0
2021-06-15 11:01:54,1898.7,0
2021-06-15 11:01:56,1898.6,0
2021-06-15 11:01:57,1899.15,0
2021-06-15 11:01:58,1899.4,0
2021-06-15 11:02:00,1899.8,0
2021-06-15 11:02:01,1899.3,0
2021-06-15 11:02:02,1899.65,0
2021-06-15 11:02:03,1899.3,0
2021-06-15 11:02:04,1898.95,0
2021-06-15 11:02:05,1899.45,0
2021-06-15 11:02:07,1899.35,0
2021-06-15 11:02:08,1899.6,0
2021-06-15 11:02:10,1899.85,0
2021-06-15 11:02:12,1899.0,0
2021-06-15 11:02:16,1899.45,0
2021-06-15 11:02:17,1899.2,0
2021-06-15 11:02:19,1898.95,0
2021-06-15 11:02:20,1898.95,0
2021-06-15 11:02:21,1898.95,0
2021-06-15 11:02:22,1898.85,0
2021-06-15 11:02:24,1899.2,0
2021-06-15 11:02:26,1899.2,0
2021-06-15 11:02:28,1899.35,0
2021-06-15 11:02:29,1899.15,0
2021-06-15 11:02:30,1899.3,0
2021-06-15 11:02:33,1899.3,0
2021-06-15 11:02:34,1899.3,0
2021-06-15 11:02:36,1898.95,0
2021-06-15 11:02:37,1899.05,0
2021-06-15 11:02:38,1898.85,0
2021-06-15 11:02:40,1899.1,0
2021-06-15 11:02:41,1899.1,0
2021-06-15 11:02:44,1899.05,0
2021-06-15 11:02:45,1899.05,0
2021-06-15 11:02:46,1899.05,0
2021-06-15 11:02:47,1899.3,0
