timestamp,ltp,volume
2021-06-22 09:16:38,354.85,0
2021-06-22 09:16:46,354.9,0
2021-06-22 09:16:47,354.95,0
2021-06-22 09:16:48,355.0,0
2021-06-22 09:16:51,354.9,0
2021-06-22 09:16:52,354.9,0
2021-06-22 09:16:53,354.85,0
2021-06-22 09:16:54,354.9,0
2021-06-22 09:16:55,354.9,0
2021-06-22 09:16:56,354.75,0
2021-06-22 09:16:57,354.65,0
2021-06-22 09:16:59,354.7,0
2021-06-22 09:17:00,354.65,0
2021-06-22 09:17:01,354.8,0
2021-06-22 09:17:02,354.7,0
2021-06-22 09:17:03,354.75,0
2021-06-22 09:17:04,354.65,0
2021-06-22 09:17:05,354.7,0
2021-06-22 09:17:06,354.7,0
2021-06-22 09:17:07,354.75,0
2021-06-22 09:17:08,354.7,0
2021-06-22 09:17:10,354.65,0
2021-06-22 09:17:11,354.85,0
2021-06-22 09:17:12,354.75,0
2021-06-22 09:17:13,354.85,0
2021-06-22 09:17:14,354.75,0
2021-06-22 09:17:18,354.7,0
2021-06-22 09:17:19,354.7,0
2021-06-22 09:17:20,354.75,0
2021-06-22 09:17:21,354.7,0
2021-06-22 09:17:22,354.8,0
2021-06-22 09:17:23,354.8,0
2021-06-22 09:17:24,354.8,0
2021-06-22 09:17:25,354.75,0
2021-06-22 09:17:26,354.9,0
2021-06-22 09:17:27,354.8,0
2021-06-22 09:17:28,354.8,0
2021-06-22 09:17:29,354.75,0
2021-06-22 09:17:30,354.85,0
2021-06-22 09:17:34,355.05,0
2021-06-22 09:17:35,355.05,0
2021-06-22 09:17:36,355.1,0
2021-06-22 09:17:38,355.1,0
2021-06-22 09:17:39,355.25,0
2021-06-22 09:17:42,355.3,0
2021-06-22 09:17:43,355.35,0
2021-06-22 09:17:46,355.3,0
2021-06-22 09:17:49,355.35,0
2021-06-22 09:17:50,355.25,0
2021-06-22 09:17:51,355.35,0
2021-06-22 09:17:52,355.35,0
2021-06-22 09:17:53,355.35,0
2021-06-22 09:17:54,355.3,0
2021-06-22 09:17:56,355.25,0
2021-06-22 09:17:57,355.25,0
2021-06-22 09:17:58,355.25,0
2021-06-22 09:18:00,355.3,0
2021-06-22 09:18:01,355.25,0
2021-06-22 09:18:02,355.25,0
2021-06-22 09:18:03,355.25,0
2021-06-22 09:18:04,355.2,0
2021-06-22 09:18:06,355.25,0
2021-06-22 09:18:07,355.25,0
2021-06-22 09:18:08,355.3,0
2021-06-22 09:18:09,355.3,0
2021-06-22 09:18:10,355.3,0
2021-06-22 09:18:11,355.25,0
2021-06-22 09:18:12,355.3,0
2021-06-22 09:18:14,355.15,0
2021-06-22 09:18:15,355.15,0
2021-06-22 09:18:16,355.2,0
2021-06-22 09:18:17,355.3,0
2021-06-22 09:18:18,355.15,0
2021-06-22 09:18:19,355.15,0
2021-06-22 09:18:20,355.2,0
2021-06-22 09:18:21,355.2,0
2021-06-22 09:18:23,355.3,0
2021-06-22 09:18:24,355.2,0
2021-06-22 09:18:26,355.15,0
2021-06-22 09:18:27,355.25,0
2021-06-22 09:18:29,355.3,0
2021-06-22 09:18:30,355.35,0
2021-06-22 09:18:31,355.3,0
2021-06-22 09:18:32,355.3,0
2021-06-22 09:18:33,355.35,0
2021-06-22 09:18:34,355.3,0
2021-06-22 09:18:35,355.3,0
2021-06-22 09:18:37,355.4,0
2021-06-22 09:18:38,355.35,0
2021-06-22 09:18:39,355.35,0
2021-06-22 09:18:40,355.3,0
2021-06-22 09:18:41,355.4,0
2021-06-22 09:18:42,355.4,0
2021-06-22 09:18:43,355.35,0
2021-06-22 09:18:44,355.45,0
2021-06-22 09:18:45,355.4,0
2021-06-22 09:18:46,355.45,0
2021-06-22 09:18:47,355.35,0
2021-06-22 09:18:48,355.4,0
2021-06-22 09:18:50,355.4,0
2021-06-22 09:18:52,355.6,0
2021-06-22 09:18:53,355.65,0
2021-06-22 09:18:54,355.6,0
2021-06-22 09:18:55,355.55,0
2021-06-22 09:18:56,355.5,0
2021-06-22 09:18:57,355.6,0
2021-06-22 09:18:58,355.6,0
2021-06-22 09:18:59,355.6,0
2021-06-22 09:19:00,355.65,0
2021-06-22 09:19:01,355.65,0
2021-06-22 09:19:03,355.55,0
2021-06-22 09:19:04,355.7,0
2021-06-22 09:19:05,355.65,0
2021-06-22 09:19:06,355.65,0
2021-06-22 09:19:07,355.7,0
2021-06-22 09:19:08,355.7,0
2021-06-22 09:19:09,355.75,0
2021-06-22 09:19:10,355.7,0
2021-06-22 09:19:11,355.7,0
2021-06-22 09:19:13,355.65,0
2021-06-22 09:19:16,355.85,0
2021-06-22 09:19:17,355.7,0
2021-06-22 09:19:18,355.75,0
2021-06-22 09:19:19,355.8,0
2021-06-22 09:19:20,355.95,0
2021-06-22 09:19:21,355.85,0
2021-06-22 09:19:23,355.9,0
2021-06-22 09:19:24,355.95,0
2021-06-22 09:19:26,356.05,0
2021-06-22 09:19:27,356.0,0
2021-06-22 09:19:28,356.05,0
2021-06-22 09:19:29,356.1,0
2021-06-22 09:19:30,356.1,0
2021-06-22 09:19:32,356.25,0
2021-06-22 09:19:33,356.3,0
2021-06-22 09:19:34,356.3,0
2021-06-22 09:19:37,356.4,0
2021-06-22 09:19:38,356.35,0
2021-06-22 09:19:39,356.4,0
2021-06-22 09:19:43,356.3,0
2021-06-22 09:19:44,356.4,0
2021-06-22 09:19:45,356.45,0
2021-06-22 09:19:46,356.5,0
2021-06-22 09:19:47,356.45,0
2021-06-22 09:19:48,356.4,0
2021-06-22 09:19:49,356.4,0
2021-06-22 09:19:50,356.4,0
2021-06-22 09:19:51,356.35,0
2021-06-22 09:19:52,356.5,0
2021-06-22 09:19:53,356.55,0
2021-06-22 09:19:54,356.6,0
2021-06-22 09:19:55,356.55,0
2021-06-22 09:19:57,356.75,0
2021-06-22 09:19:58,356.7,0
2021-06-22 09:19:59,356.75,0
2021-06-22 09:20:00,356.65,0
2021-06-22 09:20:01,356.75,0
2021-06-22 09:20:02,356.6,0
2021-06-22 09:20:03,356.65,0
2021-06-22 09:20:04,356.65,0
2021-06-22 09:20:05,356.65,0
2021-06-22 09:20:06,356.55,0
2021-06-22 09:20:08,356.65,0
2021-06-22 09:20:09,356.7,0
2021-06-22 09:20:10,356.7,0
2021-06-22 09:20:11,356.7,0
2021-06-22 09:20:12,356.7,0
2021-06-22 09:20:13,356.6,0
2021-06-22 09:20:14,356.65,0
2021-06-22 09:20:15,356.65,0
2021-06-22 09:20:16,356.65,0
2021-06-22 09:20:17,356.65,0
2021-06-22 09:20:19,356.65,0
2021-06-22 09:20:20,356.55,0
2021-06-22 09:20:21,356.5,0
2021-06-22 09:20:22,356.45,0
2021-06-22 09:20:23,356.45,0
2021-06-22 09:20:24,356.45,0
2021-06-22 09:20:25,356.5,0
2021-06-22 09:20:26,356.5,0
2021-06-22 09:20:27,356.4,0
2021-06-22 09:20:34,356.3,0
2021-06-22 09:20:35,356.3,0
2021-06-22 09:20:36,356.35,0
2021-06-22 09:20:37,356.45,0
2021-06-22 09:20:38,356.4,0
2021-06-22 09:20:39,356.4,0
2021-06-22 09:20:40,356.3,0
2021-06-22 09:20:41,356.25,0
2021-06-22 09:20:42,356.25,0
2021-06-22 09:20:43,356.2,0
2021-06-22 09:20:44,356.25,0
2021-06-22 09:20:45,356.25,0
2021-06-22 09:20:46,356.3,0
2021-06-22 09:20:47,356.25,0
2021-06-22 09:20:48,356.3,0
2021-06-22 09:20:49,356.2,0
2021-06-22 09:20:50,356.15,0
2021-06-22 09:20:51,356.1,0
2021-06-22 09:20:52,356.1,0
2021-06-22 09:20:53,356.1,0
2021-06-22 09:20:54,356.2,0
2021-06-22 09:20:55,356.2,0
2021-06-22 09:20:57,356.2,0
2021-06-22 09:20:58,356.15,0
2021-06-22 09:20:59,356.2,0
2021-06-22 09:21:00,356.1,0
2021-06-22 09:21:01,356.15,0
2021-06-22 09:21:02,356.1,0
2021-06-22 09:21:03,356.15,0
2021-06-22 09:21:04,356.2,0
2021-06-22 09:21:05,356.2,0
2021-06-22 09:21:06,356.2,0
2021-06-22 09:21:08,356.15,0
2021-06-22 09:21:10,356.15,0
2021-06-22 09:21:11,356.15,0
2021-06-22 09:21:12,356.05,0
2021-06-22 09:21:13,356.05,0
2021-06-22 09:21:14,355.95,0
2021-06-22 09:21:15,356.0,0
2021-06-22 09:21:16,355.85,0
2021-06-22 09:21:17,355.9,0
2021-06-22 09:21:18,355.85,0
2021-06-22 09:21:19,355.9,0
2021-06-22 09:21:20,355.8,0
2021-06-22 09:21:21,355.7,0
2021-06-22 09:21:23,355.7,0
2021-06-22 09:21:24,355.8,0
2021-06-22 09:21:25,355.75,0
2021-06-22 09:21:26,355.75,0
2021-06-22 09:21:27,355.75,0
2021-06-22 09:21:28,355.75,0
2021-06-22 09:21:29,355.65,0
2021-06-22 09:21:30,355.6,0
2021-06-22 09:21:31,355.55,0
2021-06-22 09:21:32,355.55,0
2021-06-22 09:21:33,355.55,0
2021-06-22 09:21:35,355.55,0
2021-06-22 09:21:36,355.55,0
2021-06-22 09:21:37,355.55,0
2021-06-22 09:21:38,355.5,0
2021-06-22 09:21:39,355.5,0
2021-06-22 09:21:40,355.55,0
2021-06-22 09:21:41,355.55,0
2021-06-22 09:21:43,355.5,0
2021-06-22 09:21:44,355.55,0
2021-06-22 09:21:45,355.55,0
2021-06-22 09:21:46,355.6,0
2021-06-22 09:21:48,355.6,0
2021-06-22 09:21:49,355.5,0
2021-06-22 09:21:50,355.6,0
2021-06-22 09:21:51,355.55,0
2021-06-22 09:21:52,355.65,0
2021-06-22 09:21:54,355.7,0
2021-06-22 09:21:55,355.7,0
2021-06-22 09:21:56,355.7,0
2021-06-22 09:21:57,355.7,0
2021-06-22 09:21:58,355.65,0
2021-06-22 09:21:59,355.65,0
2021-06-22 09:22:02,355.7,0
2021-06-22 09:22:03,355.7,0
2021-06-22 09:22:05,355.75,0
2021-06-22 09:22:07,355.7,0
2021-06-22 09:22:08,355.7,0
2021-06-22 09:22:09,355.75,0
2021-06-22 09:22:11,355.75,0
2021-06-22 09:22:12,355.65,0
2021-06-22 09:22:14,355.65,0
2021-06-22 09:22:15,355.65,0
2021-06-22 09:22:16,355.65,0
2021-06-22 09:22:17,355.65,0
2021-06-22 09:22:18,355.55,0
2021-06-22 09:22:19,355.6,0
2021-06-22 09:22:22,355.55,0
2021-06-22 09:22:23,355.65,0
2021-06-22 09:22:24,355.6,0
2021-06-22 09:22:26,355.6,0
2021-06-22 09:22:31,355.75,0
2021-06-22 09:22:33,355.65,0
2021-06-22 09:22:34,355.65,0
2021-06-22 09:22:35,355.7,0
2021-06-22 09:22:36,355.7,0
2021-06-22 09:22:37,355.7,0
2021-06-22 09:22:39,355.65,0
2021-06-22 09:22:41,355.6,0
2021-06-22 09:22:42,355.6,0
2021-06-22 09:22:43,355.6,0
2021-06-22 09:22:45,355.8,0
2021-06-22 09:22:46,355.85,0
2021-06-22 09:22:47,355.75,0
2021-06-22 09:22:48,355.75,0
2021-06-22 09:22:49,355.75,0
2021-06-22 09:22:50,355.75,0
2021-06-22 09:22:51,355.75,0
2021-06-22 09:22:52,355.75,0
2021-06-22 09:22:53,355.7,0
2021-06-22 09:22:54,355.75,0
2021-06-22 09:22:55,355.75,0
2021-06-22 09:22:56,355.7,0
2021-06-22 09:22:57,355.8,0
2021-06-22 09:22:58,355.8,0
2021-06-22 09:22:59,355.75,0
2021-06-22 09:23:00,355.8,0
2021-06-22 09:23:01,355.8,0
2021-06-22 09:23:02,355.8,0
2021-06-22 09:23:03,355.8,0
2021-06-22 09:23:04,355.85,0
2021-06-22 09:23:06,355.8,0
2021-06-22 09:23:07,355.8,0
2021-06-22 09:23:09,355.8,0
2021-06-22 09:23:10,355.8,0
2021-06-22 09:23:11,355.9,0
2021-06-22 09:23:12,355.95,0
2021-06-22 09:23:13,355.95,0
2021-06-22 09:23:15,355.95,0
2021-06-22 09:23:16,355.9,0
2021-06-22 09:23:18,355.85,0
2021-06-22 09:23:19,355.85,0
2021-06-22 09:23:22,355.75,0
2021-06-22 09:23:23,355.85,0
2021-06-22 09:23:24,355.8,0
2021-06-22 09:23:25,355.75,0
2021-06-22 09:23:26,355.75,0
2021-06-22 09:23:29,355.8,0
2021-06-22 09:23:30,355.9,0
2021-06-22 09:23:31,355.85,0
2021-06-22 09:23:32,355.8,0
2021-06-22 09:23:33,355.85,0
2021-06-22 09:23:37,355.85,0
2021-06-22 09:23:38,355.9,0
2021-06-22 09:23:41,355.9,0
2021-06-22 09:23:43,356.0,0
2021-06-22 09:23:44,356.0,0
2021-06-22 09:23:45,356.0,0
2021-06-22 09:23:46,356.05,0
2021-06-22 09:23:48,356.1,0
2021-06-22 09:23:49,356.05,0
2021-06-22 09:23:51,356.1,0
2021-06-22 09:23:52,356.05,0
2021-06-22 09:23:53,356.0,0
2021-06-22 09:23:54,356.0,0
2021-06-22 09:23:56,356.1,0
2021-06-22 09:23:57,356.1,0
2021-06-22 09:23:58,356.0,0
2021-06-22 09:24:01,356.05,0
2021-06-22 09:24:02,356.05,0
2021-06-22 09:24:03,356.05,0
2021-06-22 09:24:05,355.95,0
2021-06-22 09:24:06,356.0,0
2021-06-22 09:24:07,356.05,0
2021-06-22 09:24:08,355.95,0
2021-06-22 09:24:09,355.95,0
2021-06-22 09:24:11,355.95,0
2021-06-22 09:24:13,356.0,0
2021-06-22 09:24:14,356.0,0
2021-06-22 09:24:15,355.95,0
2021-06-22 09:24:16,356.0,0
2021-06-22 09:24:17,356.0,0
2021-06-22 09:24:19,356.0,0
2021-06-22 09:24:20,355.95,0
2021-06-22 09:24:23,356.0,0
2021-06-22 09:24:25,355.95,0
2021-06-22 09:24:27,356.05,0
2021-06-22 09:24:29,356.05,0
2021-06-22 09:24:31,355.95,0
2021-06-22 09:24:34,356.0,0
2021-06-22 09:24:35,355.95,0
2021-06-22 09:24:36,355.95,0
2021-06-22 09:24:38,355.95,0
2021-06-22 09:24:39,356.0,0
2021-06-22 09:24:40,355.95,0
2021-06-22 09:24:41,355.95,0
2021-06-22 09:24:42,355.95,0
2021-06-22 09:24:44,355.95,0
2021-06-22 09:24:45,355.9,0
2021-06-22 09:24:46,356.0,0
2021-06-22 09:24:47,355.95,0
2021-06-22 09:24:49,355.95,0
2021-06-22 09:24:50,356.0,0
2021-06-22 09:24:52,355.85,0
2021-06-22 09:24:53,355.85,0
2021-06-22 09:24:54,355.9,0
2021-06-22 09:24:55,355.95,0
2021-06-22 09:24:56,355.9,0
2021-06-22 09:24:57,355.8,0
2021-06-22 09:24:58,355.85,0
2021-06-22 09:24:59,355.8,0
2021-06-22 09:25:00,355.8,0
2021-06-22 09:25:01,355.8,0
2021-06-22 09:25:02,355.75,0
2021-06-22 09:25:03,355.75,0
2021-06-22 09:25:05,355.75,0
2021-06-22 09:25:06,355.7,0
2021-06-22 09:25:07,355.65,0
2021-06-22 09:25:09,355.7,0
2021-06-22 09:25:10,355.65,0
2021-06-22 09:25:11,355.55,0
2021-06-22 09:25:12,355.55,0
2021-06-22 09:25:13,355.55,0
2021-06-22 09:25:14,355.5,0
2021-06-22 09:25:15,355.55,0
2021-06-22 09:25:16,355.5,0
2021-06-22 09:25:17,355.5,0
2021-06-22 09:25:18,355.5,0
2021-06-22 09:25:19,355.55,0
2021-06-22 09:25:20,355.55,0
2021-06-22 09:25:22,355.5,0
2021-06-22 09:25:23,355.55,0
2021-06-22 09:25:24,355.5,0
2021-06-22 09:25:25,355.45,0
2021-06-22 09:25:26,355.55,0
2021-06-22 09:25:27,355.5,0
2021-06-22 09:25:28,355.45,0
2021-06-22 09:25:29,355.45,0
2021-06-22 09:25:30,355.4,0
2021-06-22 09:25:31,355.4,0
2021-06-22 09:25:34,355.35,0
2021-06-22 09:25:35,355.35,0
2021-06-22 09:25:36,355.25,0
2021-06-22 09:25:37,355.3,0
2021-06-22 09:25:38,355.25,0
2021-06-22 09:25:40,355.15,0
2021-06-22 09:25:41,355.15,0
2021-06-22 09:25:43,355.15,0
2021-06-22 09:25:44,355.1,0
2021-06-22 09:25:45,355.15,0
2021-06-22 09:25:46,355.15,0
2021-06-22 09:25:47,355.15,0
2021-06-22 09:25:49,355.15,0
2021-06-22 09:25:50,355.1,0
2021-06-22 09:25:52,355.25,0
2021-06-22 09:25:53,355.25,0
2021-06-22 09:25:54,355.25,0
2021-06-22 09:25:56,355.2,0
2021-06-22 09:25:57,355.15,0
2021-06-22 09:25:59,355.3,0
2021-06-22 09:26:00,355.25,0
2021-06-22 09:26:01,355.25,0
2021-06-22 09:26:02,355.25,0
2021-06-22 09:26:03,355.15,0
2021-06-22 09:26:06,355.15,0
2021-06-22 09:26:07,355.2,0
2021-06-22 09:26:08,355.2,0
2021-06-22 09:26:10,355.15,0
2021-06-22 09:26:12,355.15,0
2021-06-22 09:26:13,355.2,0
2021-06-22 09:26:15,355.2,0
2021-06-22 09:26:17,355.15,0
2021-06-22 09:26:18,355.15,0
2021-06-22 09:26:19,355.15,0
2021-06-22 09:26:21,355.2,0
2021-06-22 09:26:25,355.3,0
2021-06-22 09:26:27,355.25,0
2021-06-22 09:26:28,355.25,0
2021-06-22 09:26:29,355.2,0
2021-06-22 09:26:30,355.2,0
2021-06-22 09:26:31,355.25,0
2021-06-22 09:26:33,355.3,0
2021-06-22 09:26:34,355.35,0
2021-06-22 09:26:35,355.3,0
2021-06-22 09:26:36,355.3,0
2021-06-22 09:26:37,355.35,0
2021-06-22 09:26:38,355.4,0
2021-06-22 09:26:39,355.35,0
2021-06-22 09:26:40,355.3,0
2021-06-22 09:26:41,355.4,0
2021-06-22 09:26:42,355.4,0
2021-06-22 09:26:43,355.3,0
2021-06-22 09:26:44,355.3,0
2021-06-22 09:26:45,355.2,0
2021-06-22 09:26:46,355.3,0
2021-06-22 09:26:47,355.25,0
2021-06-22 09:26:48,355.25,0
2021-06-22 09:26:49,355.25,0
2021-06-22 09:26:50,355.2,0
2021-06-22 09:26:51,355.2,0
2021-06-22 09:26:52,355.2,0
2021-06-22 09:26:53,355.2,0
2021-06-22 09:26:54,355.2,0
2021-06-22 09:26:55,355.15,0
2021-06-22 09:26:56,355.2,0
2021-06-22 09:26:57,355.2,0
2021-06-22 09:26:58,355.15,0
2021-06-22 09:27:00,355.1,0
2021-06-22 09:27:01,355.15,0
2021-06-22 09:27:02,355.15,0
2021-06-22 09:27:03,355.1,0
2021-06-22 09:27:04,355.15,0
2021-06-22 09:27:06,355.05,0
2021-06-22 09:27:07,355.1,0
2021-06-22 09:27:08,355.2,0
2021-06-22 09:27:10,355.2,0
2021-06-22 09:27:11,355.15,0
2021-06-22 09:27:12,355.2,0
2021-06-22 09:27:13,355.15,0
2021-06-22 09:27:14,355.15,0
2021-06-22 09:27:15,355.2,0
2021-06-22 09:27:16,355.25,0
2021-06-22 09:27:17,355.25,0
2021-06-22 09:27:18,355.15,0
2021-06-22 09:27:19,355.15,0
2021-06-22 09:27:20,355.15,0
2021-06-22 09:27:23,355.05,0
2021-06-22 09:27:24,355.1,0
2021-06-22 09:27:25,355.15,0
2021-06-22 09:27:26,355.15,0
2021-06-22 09:27:27,355.15,0
2021-06-22 09:27:28,355.15,0
2021-06-22 09:27:30,355.2,0
2021-06-22 09:27:31,355.2,0
2021-06-22 09:27:32,355.2,0
2021-06-22 09:27:33,355.2,0
2021-06-22 09:27:34,355.1,0
2021-06-22 09:27:35,355.1,0
2021-06-22 09:27:36,355.1,0
2021-06-22 09:27:37,355.15,0
2021-06-22 09:27:38,355.15,0
2021-06-22 09:27:39,355.15,0
2021-06-22 09:27:40,355.25,0
2021-06-22 09:27:41,355.3,0
2021-06-22 09:27:42,355.3,0
2021-06-22 09:27:43,355.35,0
2021-06-22 09:27:44,355.5,0
2021-06-22 09:27:45,355.45,0
2021-06-22 09:27:46,355.5,0
2021-06-22 09:27:47,355.5,0
2021-06-22 09:27:48,355.55,0
2021-06-22 09:27:49,355.5,0
2021-06-22 09:27:50,355.55,0
2021-06-22 09:27:51,355.5,0
2021-06-22 09:27:52,355.45,0
2021-06-22 09:27:53,355.45,0
2021-06-22 09:27:54,355.55,0
2021-06-22 09:27:55,355.55,0
2021-06-22 09:27:56,355.6,0
2021-06-22 09:27:58,355.5,0
2021-06-22 09:27:59,355.55,0
2021-06-22 09:28:00,355.6,0
2021-06-22 09:28:01,355.4,0
2021-06-22 09:28:03,355.5,0
2021-06-22 09:28:04,355.5,0
2021-06-22 09:28:05,355.45,0
2021-06-22 09:28:06,355.5,0
2021-06-22 09:28:07,355.5,0
2021-06-22 09:28:08,355.45,0
2021-06-22 09:28:09,355.45,0
2021-06-22 09:28:13,355.5,0
2021-06-22 09:28:14,355.4,0
2021-06-22 09:28:16,355.45,0
2021-06-22 09:28:17,355.55,0
2021-06-22 09:28:18,355.65,0
2021-06-22 09:28:19,355.65,0
2021-06-22 09:28:20,355.65,0
2021-06-22 09:28:21,355.65,0
2021-06-22 09:28:22,355.7,0
2021-06-22 09:28:23,355.7,0
2021-06-22 09:28:25,355.7,0
2021-06-22 09:28:26,355.7,0
2021-06-22 09:28:27,355.65,0
2021-06-22 09:28:28,355.7,0
2021-06-22 09:28:29,355.65,0
2021-06-22 09:28:30,355.75,0
2021-06-22 09:28:31,355.7,0
2021-06-22 09:28:32,355.7,0
2021-06-22 09:28:34,355.65,0
2021-06-22 09:28:35,355.7,0
2021-06-22 09:28:36,355.7,0
2021-06-22 09:28:37,355.75,0
2021-06-22 09:28:38,355.75,0
2021-06-22 09:28:39,355.75,0
2021-06-22 09:28:40,355.85,0
2021-06-22 09:28:41,355.85,0
2021-06-22 09:28:42,355.8,0
2021-06-22 09:28:43,355.8,0
2021-06-22 09:28:44,355.9,0
2021-06-22 09:28:45,355.95,0
2021-06-22 09:28:46,356.05,0
2021-06-22 09:28:47,356.05,0
2021-06-22 09:28:49,356.0,0
2021-06-22 09:28:50,356.05,0
2021-06-22 09:28:51,356.1,0
2021-06-22 09:28:52,356.1,0
2021-06-22 09:28:53,356.05,0
2021-06-22 09:28:54,356.1,0
2021-06-22 09:28:55,356.2,0
2021-06-22 09:28:56,356.2,0
2021-06-22 09:28:57,356.25,0
2021-06-22 09:28:58,356.25,0
2021-06-22 09:28:59,356.25,0
2021-06-22 09:29:00,356.25,0
2021-06-22 09:29:01,356.25,0
2021-06-22 09:29:02,356.2,0
2021-06-22 09:29:03,356.2,0
2021-06-22 09:29:04,356.1,0
2021-06-22 09:29:06,356.0,0
2021-06-22 09:29:08,355.95,0
2021-06-22 09:29:09,355.9,0
2021-06-22 09:29:11,355.9,0
2021-06-22 09:29:12,356.0,0
2021-06-22 09:29:13,356.0,0
2021-06-22 09:29:14,356.05,0
2021-06-22 09:29:15,356.0,0
2021-06-22 09:29:16,356.05,0
2021-06-22 09:29:17,356.0,0
2021-06-22 09:29:18,356.05,0
2021-06-22 09:29:19,356.05,0
2021-06-22 09:29:23,356.05,0
2021-06-22 09:29:24,356.15,0
2021-06-22 09:29:25,356.05,0
2021-06-22 09:29:26,356.1,0
2021-06-22 09:29:27,355.95,0
2021-06-22 09:29:28,356.05,0
2021-06-22 09:29:29,356.0,0
2021-06-22 09:29:30,355.95,0
2021-06-22 09:29:31,356.0,0
2021-06-22 09:29:32,356.0,0
2021-06-22 09:29:33,356.0,0
2021-06-22 09:29:34,356.05,0
2021-06-22 09:29:36,356.0,0
2021-06-22 09:29:38,356.0,0
2021-06-22 09:29:39,356.05,0
2021-06-22 09:29:40,356.0,0
2021-06-22 09:29:42,356.05,0
2021-06-22 09:29:43,356.0,0
2021-06-22 09:29:44,356.0,0
2021-06-22 09:29:45,356.0,0
2021-06-22 09:29:46,356.0,0
2021-06-22 09:29:47,356.0,0
2021-06-22 09:29:48,356.0,0
2021-06-22 09:29:49,356.05,0
2021-06-22 09:29:50,356.0,0
2021-06-22 09:29:51,356.05,0
2021-06-22 09:29:52,356.1,0
2021-06-22 09:29:53,356.1,0
2021-06-22 09:29:54,356.1,0
2021-06-22 09:29:55,356.25,0
2021-06-22 09:29:57,356.15,0
2021-06-22 09:29:58,356.15,0
2021-06-22 09:29:59,356.15,0
2021-06-22 09:30:00,356.2,0
2021-06-22 09:30:01,356.2,0
2021-06-22 09:30:02,356.2,0
2021-06-22 09:30:03,356.15,0
2021-06-22 09:30:04,356.2,0
2021-06-22 09:30:05,356.25,0
2021-06-22 09:30:06,356.25,0
2021-06-22 09:30:08,356.2,0
2021-06-22 09:30:10,356.15,0
2021-06-22 09:30:11,356.15,0
2021-06-22 09:30:14,355.75,0
2021-06-22 09:30:16,355.8,0
2021-06-22 09:30:17,355.8,0
2021-06-22 09:30:18,355.8,0
2021-06-22 09:30:19,355.7,0
2021-06-22 09:30:21,355.65,0
2021-06-22 09:30:23,355.6,0
2021-06-22 09:30:24,355.6,0
2021-06-22 09:30:25,355.65,0
2021-06-22 09:30:28,355.65,0
2021-06-22 09:30:30,355.8,0
2021-06-22 09:30:31,355.85,0
2021-06-22 09:30:32,355.8,0
2021-06-22 09:30:33,355.85,0
2021-06-22 09:30:34,355.8,0
2021-06-22 09:30:35,355.85,0
2021-06-22 09:30:36,355.85,0
2021-06-22 09:30:37,355.85,0
2021-06-22 09:30:38,355.85,0
2021-06-22 09:30:39,355.75,0
2021-06-22 09:30:40,355.75,0
2021-06-22 09:30:41,355.75,0
2021-06-22 09:30:42,355.75,0
2021-06-22 09:30:43,355.75,0
2021-06-22 09:30:44,355.75,0
2021-06-22 09:30:45,355.7,0
2021-06-22 09:30:46,355.8,0
2021-06-22 09:30:48,355.75,0
2021-06-22 09:30:51,355.8,0
2021-06-22 09:30:54,355.7,0
2021-06-22 09:30:55,355.65,0
2021-06-22 09:30:56,355.7,0
2021-06-22 09:30:57,355.75,0
2021-06-22 09:30:58,355.8,0
2021-06-22 09:31:01,355.65,0
2021-06-22 09:31:02,355.7,0
2021-06-22 09:31:05,355.65,0
2021-06-22 09:31:06,355.65,0
2021-06-22 09:31:07,355.65,0
2021-06-22 09:31:08,355.75,0
2021-06-22 09:31:09,355.75,0
2021-06-22 09:31:10,355.7,0
2021-06-22 09:31:11,355.75,0
2021-06-22 09:31:12,355.75,0
2021-06-22 09:31:14,355.8,0
2021-06-22 09:31:15,355.65,0
2021-06-22 09:31:16,355.7,0
2021-06-22 09:31:19,355.65,0
2021-06-22 09:31:20,355.65,0
2021-06-22 09:31:21,355.7,0
2021-06-22 09:31:22,355.65,0
2021-06-22 09:31:23,355.65,0
2021-06-22 09:31:24,355.65,0
2021-06-22 09:31:25,355.6,0
2021-06-22 09:31:26,355.7,0
2021-06-22 09:31:27,355.65,0
2021-06-22 09:31:28,355.65,0
2021-06-22 09:31:30,355.8,0
2021-06-22 09:31:31,355.8,0
2021-06-22 09:31:32,355.75,0
2021-06-22 09:31:34,355.75,0
2021-06-22 09:31:38,355.85,0
2021-06-22 09:31:39,355.85,0
2021-06-22 09:31:42,356.15,0
2021-06-22 09:31:43,356.2,0
2021-06-22 09:31:44,356.2,0
2021-06-22 09:31:45,356.25,0
2021-06-22 09:31:46,356.2,0
2021-06-22 09:31:47,356.25,0
2021-06-22 09:31:48,356.35,0
2021-06-22 09:31:51,356.3,0
2021-06-22 09:31:52,356.25,0
2021-06-22 09:31:53,356.25,0
2021-06-22 09:31:54,356.3,0
2021-06-22 09:31:55,356.35,0
2021-06-22 09:31:57,356.35,0
2021-06-22 09:31:58,356.35,0
2021-06-22 09:32:01,356.35,0
2021-06-22 09:32:02,356.35,0
2021-06-22 09:32:03,356.25,0
2021-06-22 09:32:04,356.4,0
2021-06-22 09:32:05,356.4,0
2021-06-22 09:32:07,356.45,0
2021-06-22 09:32:08,356.4,0
2021-06-22 09:32:09,356.35,0
2021-06-22 09:32:10,356.4,0
2021-06-22 09:32:12,356.4,0
2021-06-22 09:32:14,356.35,0
2021-06-22 09:32:16,356.35,0
2021-06-22 09:32:17,356.35,0
2021-06-22 09:32:18,356.35,0
2021-06-22 09:32:20,356.35,0
2021-06-22 09:32:21,356.35,0
2021-06-22 09:32:22,356.35,0
2021-06-22 09:32:23,356.35,0
2021-06-22 09:32:25,356.35,0
2021-06-22 09:32:26,356.35,0
2021-06-22 09:32:27,356.35,0
2021-06-22 09:32:28,356.35,0
2021-06-22 09:32:29,356.3,0
2021-06-22 09:32:30,356.3,0
2021-06-22 09:32:31,356.35,0
2021-06-22 09:32:32,356.25,0
2021-06-22 09:32:33,356.3,0
2021-06-22 09:32:34,356.4,0
2021-06-22 09:32:35,356.4,0
2021-06-22 09:32:36,356.4,0
2021-06-22 09:32:37,356.35,0
2021-06-22 09:32:39,356.3,0
2021-06-22 09:32:40,356.4,0
2021-06-22 09:32:42,356.6,0
2021-06-22 09:32:43,356.65,0
2021-06-22 09:32:45,356.65,0
2021-06-22 09:32:46,356.65,0
2021-06-22 09:32:48,356.8,0
2021-06-22 09:32:49,356.85,0
2021-06-22 09:32:50,356.8,0
2021-06-22 09:32:51,356.8,0
2021-06-22 09:32:52,356.8,0
2021-06-22 09:32:53,356.8,0
2021-06-22 09:32:54,356.85,0
2021-06-22 09:32:55,356.8,0
2021-06-22 09:32:56,356.7,0
2021-06-22 09:32:57,356.75,0
2021-06-22 09:32:58,356.6,0
2021-06-22 09:33:00,356.7,0
2021-06-22 09:33:01,356.7,0
2021-06-22 09:33:03,356.75,0
2021-06-22 09:33:04,356.75,0
2021-06-22 09:33:05,356.7,0
2021-06-22 09:33:06,356.6,0
2021-06-22 09:33:08,356.6,0
2021-06-22 09:33:09,356.75,0
2021-06-22 09:33:11,356.6,0
2021-06-22 09:33:12,356.7,0
2021-06-22 09:33:13,356.65,0
2021-06-22 09:33:14,356.7,0
2021-06-22 09:33:15,356.65,0
2021-06-22 09:33:16,356.7,0
2021-06-22 09:33:18,356.65,0
2021-06-22 09:33:19,356.65,0
2021-06-22 09:33:21,356.6,0
2021-06-22 09:33:22,356.65,0
2021-06-22 09:33:23,356.65,0
2021-06-22 09:33:24,356.65,0
2021-06-22 09:33:25,356.55,0
2021-06-22 09:33:26,356.6,0
2021-06-22 09:33:27,356.9,0
2021-06-22 09:33:28,356.6,0
2021-06-22 09:33:30,356.8,0
2021-06-22 09:33:31,356.9,0
2021-06-22 09:33:33,356.95,0
2021-06-22 09:33:35,357.0,0
2021-06-22 09:33:37,356.95,0
2021-06-22 09:33:38,356.9,0
2021-06-22 09:33:39,356.95,0
2021-06-22 09:33:41,356.9,0
2021-06-22 09:33:42,356.9,0
2021-06-22 09:33:43,356.9,0
2021-06-22 09:33:44,356.95,0
2021-06-22 09:33:45,356.9,0
2021-06-22 09:33:46,356.95,0
2021-06-22 09:33:47,356.95,0
2021-06-22 09:33:48,356.9,0
2021-06-22 09:33:49,356.9,0
2021-06-22 09:33:50,356.9,0
2021-06-22 09:33:51,356.95,0
2021-06-22 09:33:53,356.9,0
2021-06-22 09:33:54,356.85,0
2021-06-22 09:33:55,356.85,0
2021-06-22 09:33:56,356.85,0
2021-06-22 09:33:57,356.8,0
2021-06-22 09:33:59,356.8,0
2021-06-22 09:34:01,356.85,0
2021-06-22 09:34:02,356.75,0
2021-06-22 09:34:03,356.65,0
2021-06-22 09:34:04,356.7,0
2021-06-22 09:34:06,356.75,0
2021-06-22 09:34:07,356.75,0
2021-06-22 09:34:08,356.8,0
2021-06-22 09:34:09,356.75,0
2021-06-22 09:34:10,356.7,0
2021-06-22 09:34:11,356.75,0
2021-06-22 09:34:12,356.7,0
2021-06-22 09:34:13,356.8,0
2021-06-22 09:34:14,356.8,0
2021-06-22 09:34:15,356.8,0
2021-06-22 09:34:16,356.8,0
2021-06-22 09:34:17,356.8,0
2021-06-22 09:34:18,356.8,0
2021-06-22 09:34:19,356.9,0
2021-06-22 09:34:20,356.85,0
2021-06-22 09:34:21,356.75,0
2021-06-22 09:34:23,356.85,0
2021-06-22 09:34:24,357.1,0
2021-06-22 09:34:25,356.85,0
2021-06-22 09:34:26,356.85,0
2021-06-22 09:34:27,356.85,0
2021-06-22 09:34:28,356.85,0
2021-06-22 09:34:29,356.85,0
2021-06-22 09:34:30,356.85,0
2021-06-22 09:34:31,356.8,0
2021-06-22 09:34:32,356.9,0
2021-06-22 09:34:33,356.9,0
2021-06-22 09:34:34,356.9,0
2021-06-22 09:34:35,356.9,0
2021-06-22 09:34:36,356.9,0
2021-06-22 09:34:37,356.85,0
2021-06-22 09:34:38,356.95,0
2021-06-22 09:34:39,356.95,0
2021-06-22 09:34:40,356.9,0
2021-06-22 09:34:41,356.85,0
2021-06-22 09:34:42,356.8,0
2021-06-22 09:34:43,356.8,0
2021-06-22 09:34:44,356.85,0
2021-06-22 09:34:45,356.85,0
2021-06-22 09:34:46,356.85,0
2021-06-22 09:34:47,356.85,0
2021-06-22 09:34:48,356.9,0
2021-06-22 09:34:49,356.95,0
2021-06-22 09:34:50,356.9,0
2021-06-22 09:34:51,356.9,0
2021-06-22 09:34:52,356.9,0
2021-06-22 09:34:53,356.9,0
2021-06-22 09:34:54,356.9,0
2021-06-22 09:34:55,356.8,0
2021-06-22 09:34:56,356.8,0
2021-06-22 09:34:57,356.8,0
2021-06-22 09:34:58,356.8,0
2021-06-22 09:34:59,356.85,0
2021-06-22 09:35:00,356.7,0
2021-06-22 09:35:01,356.7,0
2021-06-22 09:35:02,356.8,0
2021-06-22 09:35:03,356.8,0
2021-06-22 09:35:04,356.85,0
2021-06-22 09:35:05,356.85,0
2021-06-22 09:35:06,356.85,0
2021-06-22 09:35:07,356.85,0
2021-06-22 09:35:08,356.85,0
2021-06-22 09:35:09,356.8,0
2021-06-22 09:35:10,356.8,0
2021-06-22 09:35:11,356.8,0
2021-06-22 09:35:12,356.8,0
2021-06-22 09:35:13,356.9,0
2021-06-22 09:35:14,357.15,0
2021-06-22 09:35:15,357.0,0
2021-06-22 09:35:16,357.0,0
2021-06-22 09:35:17,357.0,0
2021-06-22 09:35:18,357.0,0
2021-06-22 09:35:19,357.0,0
2021-06-22 09:35:21,357.05,0
2021-06-22 09:35:22,357.0,0
2021-06-22 09:35:23,357.1,0
2021-06-22 09:35:24,357.1,0
2021-06-22 09:35:25,357.05,0
2021-06-22 09:35:26,357.1,0
2021-06-22 09:35:28,357.1,0
2021-06-22 09:35:29,357.1,0
2021-06-22 09:35:30,357.1,0
2021-06-22 09:35:31,357.05,0
2021-06-22 09:35:32,357.05,0
2021-06-22 09:35:33,357.05,0
2021-06-22 09:35:34,357.05,0
2021-06-22 09:35:35,357.05,0
2021-06-22 09:35:36,357.05,0
2021-06-22 09:35:39,357.05,0
2021-06-22 09:35:40,357.0,0
2021-06-22 09:35:41,357.0,0
2021-06-22 09:35:42,357.0,0
2021-06-22 09:35:43,357.0,0
2021-06-22 09:35:44,357.05,0
2021-06-22 09:35:45,357.05,0
2021-06-22 09:35:46,357.05,0
2021-06-22 09:35:47,357.05,0
2021-06-22 09:35:48,357.1,0
2021-06-22 09:35:50,357.1,0
2021-06-22 09:35:53,357.0,0
2021-06-22 09:35:54,357.0,0
2021-06-22 09:35:55,356.95,0
2021-06-22 09:35:56,356.9,0
2021-06-22 09:35:57,356.9,0
2021-06-22 09:35:59,356.85,0
2021-06-22 09:36:00,356.85,0
2021-06-22 09:36:03,356.85,0
2021-06-22 09:36:06,356.75,0
2021-06-22 09:36:07,356.65,0
2021-06-22 09:36:08,356.7,0
2021-06-22 09:36:09,356.7,0
2021-06-22 09:36:10,356.7,0
2021-06-22 09:36:11,356.75,0
2021-06-22 09:36:12,356.7,0
2021-06-22 09:36:13,356.7,0
2021-06-22 09:36:14,356.7,0
2021-06-22 09:36:15,356.7,0
2021-06-22 09:36:16,356.65,0
2021-06-22 09:36:17,356.7,0
2021-06-22 09:36:18,356.65,0
2021-06-22 09:36:19,356.7,0
2021-06-22 09:36:20,356.7,0
2021-06-22 09:36:21,356.7,0
2021-06-22 09:36:22,356.75,0
2021-06-22 09:36:23,356.75,0
2021-06-22 09:36:24,356.8,0
2021-06-22 09:36:25,356.75,0
2021-06-22 09:36:26,356.8,0
2021-06-22 09:36:27,356.8,0
2021-06-22 09:36:28,356.8,0
2021-06-22 09:36:29,356.75,0
2021-06-22 09:36:30,356.8,0
2021-06-22 09:36:31,356.75,0
2021-06-22 09:36:32,356.75,0
2021-06-22 09:36:33,356.7,0
2021-06-22 09:36:34,356.75,0
2021-06-22 09:36:35,356.7,0
2021-06-22 09:36:36,356.8,0
2021-06-22 09:36:37,356.8,0
2021-06-22 09:36:38,356.85,0
2021-06-22 09:36:39,356.85,0
2021-06-22 09:36:40,356.75,0
2021-06-22 09:36:41,356.8,0
2021-06-22 09:36:42,356.75,0
2021-06-22 09:36:43,356.75,0
2021-06-22 09:36:44,356.75,0
2021-06-22 09:36:45,356.8,0
2021-06-22 09:36:46,356.8,0
2021-06-22 09:36:51,356.75,0
2021-06-22 09:36:53,356.9,0
2021-06-22 09:36:54,356.85,0
2021-06-22 09:36:55,356.95,0
2021-06-22 09:36:56,356.95,0
2021-06-22 09:36:57,356.85,0
2021-06-22 09:36:58,356.9,0
2021-06-22 09:36:59,356.9,0
2021-06-22 09:37:00,356.95,0
2021-06-22 09:37:01,356.95,0
2021-06-22 09:37:02,356.9,0
2021-06-22 09:37:03,356.85,0
2021-06-22 09:37:04,356.9,0
2021-06-22 09:37:05,357.0,0
2021-06-22 09:37:06,357.0,0
2021-06-22 09:37:08,356.95,0
2021-06-22 09:37:09,357.0,0
2021-06-22 09:37:10,357.0,0
2021-06-22 09:37:11,357.0,0
2021-06-22 09:37:12,357.0,0
2021-06-22 09:37:14,356.9,0
2021-06-22 09:37:16,356.85,0
2021-06-22 09:37:18,356.75,0
2021-06-22 09:37:19,356.7,0
2021-06-22 09:37:20,356.7,0
2021-06-22 09:37:21,356.7,0
2021-06-22 09:37:23,356.7,0
2021-06-22 09:37:25,356.75,0
2021-06-22 09:37:27,356.8,0
2021-06-22 09:37:29,356.8,0
2021-06-22 09:37:31,356.85,0
2021-06-22 09:37:32,356.85,0
2021-06-22 09:37:34,356.8,0
2021-06-22 09:37:35,356.85,0
2021-06-22 09:37:37,356.85,0
2021-06-22 09:37:39,356.85,0
2021-06-22 09:37:40,356.85,0
2021-06-22 09:37:41,356.85,0
2021-06-22 09:37:42,356.85,0
2021-06-22 09:37:43,356.85,0
2021-06-22 09:37:44,356.9,0
2021-06-22 09:37:45,356.85,0
2021-06-22 09:37:46,356.85,0
2021-06-22 09:37:47,356.8,0
2021-06-22 09:37:48,356.8,0
2021-06-22 09:37:50,356.75,0
2021-06-22 09:37:51,356.8,0
2021-06-22 09:37:52,356.75,0
2021-06-22 09:37:53,356.75,0
2021-06-22 09:37:54,356.7,0
2021-06-22 09:37:55,356.65,0
2021-06-22 09:37:56,356.7,0
2021-06-22 09:37:57,356.65,0
2021-06-22 09:37:59,356.7,0
2021-06-22 09:38:01,356.75,0
2021-06-22 09:38:02,356.75,0
2021-06-22 09:38:07,356.65,0
2021-06-22 09:38:11,356.65,0
2021-06-22 09:38:12,356.65,0
2021-06-22 09:38:13,356.65,0
2021-06-22 09:38:14,356.7,0
2021-06-22 09:38:16,356.65,0
2021-06-22 09:38:17,356.65,0
2021-06-22 09:38:18,356.65,0
2021-06-22 09:38:19,356.6,0
2021-06-22 09:38:20,356.6,0
2021-06-22 09:38:21,356.65,0
2021-06-22 09:38:22,356.7,0
2021-06-22 09:38:23,356.7,0
2021-06-22 09:38:24,356.65,0
2021-06-22 09:38:25,356.65,0
2021-06-22 09:38:26,356.65,0
2021-06-22 09:38:27,356.7,0
2021-06-22 09:38:28,356.7,0
2021-06-22 09:38:29,356.7,0
2021-06-22 09:38:30,356.75,0
2021-06-22 09:38:31,356.7,0
2021-06-22 09:38:32,356.75,0
2021-06-22 09:38:33,356.85,0
2021-06-22 09:38:34,356.85,0
2021-06-22 09:38:35,356.85,0
2021-06-22 09:38:36,356.85,0
2021-06-22 09:38:37,356.85,0
2021-06-22 09:38:38,356.85,0
2021-06-22 09:38:39,356.85,0
2021-06-22 09:38:40,356.85,0
2021-06-22 09:38:41,356.9,0
2021-06-22 09:38:42,356.85,0
2021-06-22 09:38:44,356.85,0
2021-06-22 09:38:45,356.85,0
2021-06-22 09:38:47,356.85,0
2021-06-22 09:38:48,356.8,0
2021-06-22 09:38:49,356.8,0
2021-06-22 09:38:50,356.85,0
2021-06-22 09:38:51,356.85,0
2021-06-22 09:38:52,356.75,0
2021-06-22 09:38:54,356.8,0
2021-06-22 09:38:55,356.7,0
2021-06-22 09:38:56,356.75,0
2021-06-22 09:38:57,356.75,0
2021-06-22 09:38:58,356.65,0
2021-06-22 09:38:59,356.65,0
2021-06-22 09:39:00,356.7,0
2021-06-22 09:39:01,356.65,0
2021-06-22 09:39:02,356.65,0
2021-06-22 09:39:03,356.65,0
2021-06-22 09:39:04,356.7,0
2021-06-22 09:39:07,356.65,0
2021-06-22 09:39:08,356.7,0
2021-06-22 09:39:10,356.75,0
2021-06-22 09:39:11,356.75,0
2021-06-22 09:39:12,356.75,0
2021-06-22 09:39:13,356.75,0
2021-06-22 09:39:14,356.7,0
2021-06-22 09:39:15,356.7,0
2021-06-22 09:39:16,356.7,0
2021-06-22 09:39:17,356.7,0
2021-06-22 09:39:18,356.65,0
2021-06-22 09:39:19,356.65,0
2021-06-22 09:39:20,356.65,0
2021-06-22 09:39:21,356.65,0
2021-06-22 09:39:22,356.75,0
2021-06-22 09:39:23,356.7,0
2021-06-22 09:39:24,356.65,0
2021-06-22 09:39:25,356.75,0
2021-06-22 09:39:28,356.75,0
2021-06-22 09:39:29,356.8,0
2021-06-22 09:39:30,356.8,0
2021-06-22 09:39:31,356.8,0
2021-06-22 09:39:32,356.8,0
2021-06-22 09:39:33,356.8,0
2021-06-22 09:39:34,356.75,0
2021-06-22 09:39:36,356.8,0
2021-06-22 09:39:37,356.8,0
2021-06-22 09:39:38,356.8,0
2021-06-22 09:39:40,356.7,0
2021-06-22 09:39:41,356.8,0
2021-06-22 09:39:42,356.75,0
2021-06-22 09:39:43,356.75,0
2021-06-22 09:39:47,356.7,0
2021-06-22 09:39:48,356.75,0
2021-06-22 09:39:49,356.75,0
2021-06-22 09:39:51,356.75,0
2021-06-22 09:39:53,356.65,0
2021-06-22 09:39:55,356.65,0
2021-06-22 09:39:56,356.6,0
2021-06-22 09:39:57,356.6,0
2021-06-22 09:39:58,356.65,0
2021-06-22 09:39:59,356.6,0
2021-06-22 09:40:00,356.6,0
2021-06-22 09:40:01,356.7,0
2021-06-22 09:40:02,356.65,0
2021-06-22 09:40:03,356.65,0
2021-06-22 09:40:04,356.65,0
2021-06-22 09:40:05,356.6,0
2021-06-22 09:40:06,356.65,0
2021-06-22 09:40:07,356.65,0
2021-06-22 09:40:08,356.6,0
2021-06-22 09:40:09,356.55,0
2021-06-22 09:40:11,356.5,0
2021-06-22 09:40:12,356.45,0
2021-06-22 09:40:13,356.5,0
2021-06-22 09:40:14,356.45,0
2021-06-22 09:40:15,356.5,0
2021-06-22 09:40:16,356.45,0
2021-06-22 09:40:17,356.45,0
2021-06-22 09:40:18,356.45,0
2021-06-22 09:40:19,356.45,0
2021-06-22 09:40:20,356.5,0
2021-06-22 09:40:21,356.5,0
2021-06-22 09:40:22,356.45,0
2021-06-22 09:40:23,356.45,0
2021-06-22 09:40:25,356.55,0
2021-06-22 09:40:27,356.55,0
2021-06-22 09:40:28,356.55,0
2021-06-22 09:40:30,356.55,0
2021-06-22 09:40:31,356.55,0
2021-06-22 09:40:32,356.55,0
2021-06-22 09:40:33,356.55,0
2021-06-22 09:40:34,356.55,0
2021-06-22 09:40:35,356.5,0
2021-06-22 09:40:38,356.5,0
2021-06-22 09:40:39,356.45,0
2021-06-22 09:40:40,356.5,0
2021-06-22 09:40:42,356.5,0
2021-06-22 09:40:43,356.45,0
2021-06-22 09:40:44,356.35,0
2021-06-22 09:40:45,356.35,0
2021-06-22 09:40:46,356.35,0
2021-06-22 09:40:47,356.35,0
2021-06-22 09:40:48,356.35,0
2021-06-22 09:40:50,356.45,0
2021-06-22 09:40:51,356.5,0
2021-06-22 09:40:52,356.5,0
2021-06-22 09:40:53,356.5,0
2021-06-22 09:40:54,356.5,0
2021-06-22 09:40:55,356.55,0
2021-06-22 09:40:56,356.55,0
2021-06-22 09:40:57,356.5,0
2021-06-22 09:40:58,356.5,0
2021-06-22 09:40:59,356.45,0
2021-06-22 09:41:00,356.5,0
2021-06-22 09:41:01,356.5,0
2021-06-22 09:41:03,356.45,0
2021-06-22 09:41:04,356.4,0
2021-06-22 09:41:05,356.35,0
2021-06-22 09:41:06,356.4,0
2021-06-22 09:41:07,356.4,0
2021-06-22 09:41:08,356.35,0
2021-06-22 09:41:09,356.3,0
2021-06-22 09:41:10,356.3,0
2021-06-22 09:41:11,356.35,0
2021-06-22 09:41:12,356.4,0
2021-06-22 09:41:13,356.4,0
2021-06-22 09:41:14,356.45,0
2021-06-22 09:41:15,356.45,0
2021-06-22 09:41:16,356.45,0
2021-06-22 09:41:17,356.45,0
2021-06-22 09:41:18,356.45,0
2021-06-22 09:41:19,356.45,0
2021-06-22 09:41:20,356.45,0
2021-06-22 09:41:21,356.4,0
2021-06-22 09:41:22,356.45,0
2021-06-22 09:41:24,356.45,0
2021-06-22 09:41:25,356.4,0
2021-06-22 09:41:26,356.4,0
2021-06-22 09:41:27,356.4,0
2021-06-22 09:41:28,356.4,0
2021-06-22 09:41:29,356.4,0
2021-06-22 09:41:30,356.4,0
2021-06-22 09:41:31,356.4,0
2021-06-22 09:41:32,356.4,0
2021-06-22 09:41:33,356.35,0
2021-06-22 09:41:34,356.35,0
2021-06-22 09:41:35,356.4,0
2021-06-22 09:41:36,356.4,0
2021-06-22 09:41:37,356.4,0
2021-06-22 09:41:39,356.35,0
2021-06-22 09:41:40,356.35,0
2021-06-22 09:41:41,356.3,0
2021-06-22 09:41:42,356.3,0
2021-06-22 09:41:43,356.35,0
2021-06-22 09:41:44,356.4,0
2021-06-22 09:41:45,356.4,0
2021-06-22 09:41:46,356.3,0
2021-06-22 09:41:47,356.35,0
2021-06-22 09:41:48,356.3,0
2021-06-22 09:41:49,356.35,0
2021-06-22 09:41:50,356.3,0
2021-06-22 09:41:51,356.3,0
2021-06-22 09:41:52,356.3,0
2021-06-22 09:41:53,356.3,0
2021-06-22 09:41:54,356.3,0
2021-06-22 09:41:56,356.25,0
2021-06-22 09:41:57,356.25,0
2021-06-22 09:41:58,356.25,0
2021-06-22 09:41:59,356.15,0
2021-06-22 09:42:00,356.3,0
2021-06-22 09:42:01,356.25,0
2021-06-22 09:42:02,356.25,0
2021-06-22 09:42:03,356.25,0
2021-06-22 09:42:04,356.25,0
2021-06-22 09:42:05,356.25,0
2021-06-22 09:42:06,356.25,0
2021-06-22 09:42:07,356.25,0
2021-06-22 09:42:09,356.2,0
2021-06-22 09:42:10,356.25,0
2021-06-22 09:42:11,356.25,0
2021-06-22 09:42:12,356.2,0
2021-06-22 09:42:13,356.25,0
2021-06-22 09:42:14,356.25,0
2021-06-22 09:42:16,356.25,0
2021-06-22 09:42:17,356.25,0
2021-06-22 09:42:19,356.25,0
2021-06-22 09:42:20,356.25,0
2021-06-22 09:42:21,356.2,0
2021-06-22 09:42:22,356.2,0
2021-06-22 09:42:24,356.2,0
2021-06-22 09:42:25,356.2,0
2021-06-22 09:42:26,356.2,0
2021-06-22 09:42:27,356.2,0
2021-06-22 09:42:28,356.25,0
2021-06-22 09:42:29,356.2,0
2021-06-22 09:42:30,356.25,0
2021-06-22 09:42:31,356.25,0
2021-06-22 09:42:32,356.25,0
2021-06-22 09:42:33,356.2,0
2021-06-22 09:42:34,356.25,0
2021-06-22 09:42:35,356.25,0
2021-06-22 09:42:36,356.25,0
2021-06-22 09:42:37,356.35,0
2021-06-22 09:42:38,356.35,0
2021-06-22 09:42:40,356.3,0
2021-06-22 09:42:41,356.3,0
2021-06-22 09:42:42,356.3,0
2021-06-22 09:42:44,356.35,0
2021-06-22 09:42:45,356.35,0
2021-06-22 09:42:46,356.25,0
2021-06-22 09:42:47,356.3,0
2021-06-22 09:42:48,356.25,0
2021-06-22 09:42:49,356.25,0
2021-06-22 09:42:50,356.3,0
2021-06-22 09:42:51,356.25,0
2021-06-22 09:42:52,356.25,0
2021-06-22 09:42:54,356.25,0
2021-06-22 09:42:55,356.2,0
2021-06-22 09:42:57,356.15,0
2021-06-22 09:42:58,356.1,0
2021-06-22 09:42:59,356.1,0
2021-06-22 09:43:02,356.1,0
2021-06-22 09:43:04,356.05,0
2021-06-22 09:43:05,356.1,0
2021-06-22 09:43:06,356.15,0
2021-06-22 09:43:07,356.2,0
2021-06-22 09:43:09,356.15,0
2021-06-22 09:43:10,356.15,0
2021-06-22 09:43:11,356.15,0
2021-06-22 09:43:13,356.0,0
2021-06-22 09:43:14,356.0,0
2021-06-22 09:43:15,356.0,0
2021-06-22 09:43:16,356.05,0
2021-06-22 09:43:17,356.1,0
2021-06-22 09:43:18,356.1,0
2021-06-22 09:43:19,356.05,0
2021-06-22 09:43:20,356.05,0
2021-06-22 09:43:21,356.05,0
2021-06-22 09:43:22,356.1,0
2021-06-22 09:43:24,356.1,0
2021-06-22 09:43:25,356.1,0
2021-06-22 09:43:26,356.1,0
2021-06-22 09:43:27,356.1,0
2021-06-22 09:43:28,356.05,0
2021-06-22 09:43:29,356.1,0
2021-06-22 09:43:31,356.05,0
2021-06-22 09:43:32,356.05,0
2021-06-22 09:43:33,356.05,0
2021-06-22 09:43:34,356.1,0
2021-06-22 09:43:35,356.1,0
2021-06-22 09:43:37,356.15,0
2021-06-22 09:43:38,356.15,0
2021-06-22 09:43:39,356.15,0
2021-06-22 09:43:40,356.1,0
2021-06-22 09:43:41,356.1,0
2021-06-22 09:43:43,356.15,0
2021-06-22 09:43:44,356.15,0
2021-06-22 09:43:46,356.2,0
2021-06-22 09:43:47,356.1,0
2021-06-22 09:43:48,356.1,0
2021-06-22 09:43:49,356.1,0
2021-06-22 09:43:50,356.1,0
2021-06-22 09:43:51,356.1,0
2021-06-22 09:43:53,356.15,0
2021-06-22 09:43:54,356.15,0
2021-06-22 09:43:55,356.15,0
2021-06-22 09:43:57,356.1,0
2021-06-22 09:43:59,356.1,0
2021-06-22 09:44:00,356.1,0
2021-06-22 09:44:01,356.2,0
2021-06-22 09:44:02,356.25,0
2021-06-22 09:44:03,356.25,0
2021-06-22 09:44:04,356.25,0
2021-06-22 09:44:05,356.25,0
2021-06-22 09:44:06,356.3,0
2021-06-22 09:44:08,356.3,0
2021-06-22 09:44:09,356.25,0
2021-06-22 09:44:12,356.3,0
2021-06-22 09:44:13,356.3,0
2021-06-22 09:44:14,356.3,0
2021-06-22 09:44:15,356.3,0
2021-06-22 09:44:17,356.3,0
2021-06-22 09:44:18,356.35,0
2021-06-22 09:44:20,356.3,0
2021-06-22 09:44:22,356.4,0
2021-06-22 09:44:23,356.4,0
2021-06-22 09:44:25,356.3,0
2021-06-22 09:44:26,356.3,0
2021-06-22 09:44:27,356.3,0
2021-06-22 09:44:28,356.25,0
2021-06-22 09:44:29,356.2,0
2021-06-22 09:44:31,356.25,0
2021-06-22 09:44:33,356.25,0
2021-06-22 09:44:34,356.2,0
2021-06-22 09:44:35,356.25,0
2021-06-22 09:44:37,356.25,0
2021-06-22 09:44:38,356.25,0
2021-06-22 09:44:39,356.3,0
2021-06-22 09:44:40,356.4,0
2021-06-22 09:44:41,356.4,0
2021-06-22 09:44:42,356.4,0
2021-06-22 09:44:43,356.4,0
2021-06-22 09:44:44,356.45,0
2021-06-22 09:44:45,356.4,0
2021-06-22 09:44:46,356.35,0
2021-06-22 09:44:47,356.4,0
2021-06-22 09:44:48,356.35,0
2021-06-22 09:44:49,356.25,0
2021-06-22 09:44:50,356.3,0
2021-06-22 09:44:51,356.25,0
2021-06-22 09:44:52,356.25,0
2021-06-22 09:44:53,356.25,0
2021-06-22 09:44:54,356.25,0
2021-06-22 09:44:55,356.25,0
2021-06-22 09:44:56,356.25,0
2021-06-22 09:44:57,356.25,0
2021-06-22 09:44:58,356.2,0
2021-06-22 09:44:59,356.25,0
2021-06-22 09:45:00,356.2,0
2021-06-22 09:45:01,356.2,0
2021-06-22 09:45:02,356.25,0
2021-06-22 09:45:03,356.2,0
2021-06-22 09:45:04,356.2,0
2021-06-22 09:45:06,356.2,0
2021-06-22 09:45:07,356.2,0
2021-06-22 09:45:08,356.25,0
2021-06-22 09:45:09,356.2,0
2021-06-22 09:45:10,356.2,0
2021-06-22 09:45:11,356.2,0
2021-06-22 09:45:13,356.2,0
2021-06-22 09:45:14,356.15,0
2021-06-22 09:45:15,356.2,0
2021-06-22 09:45:16,356.2,0
2021-06-22 09:45:17,356.2,0
2021-06-22 09:45:18,356.2,0
2021-06-22 09:45:19,356.2,0
2021-06-22 09:45:20,356.25,0
2021-06-22 09:45:21,356.3,0
2021-06-22 09:45:22,356.3,0
2021-06-22 09:45:23,356.3,0
2021-06-22 09:45:26,356.25,0
2021-06-22 09:45:28,356.2,0
2021-06-22 09:45:29,356.2,0
2021-06-22 09:45:30,356.1,0
2021-06-22 09:45:32,356.1,0
2021-06-22 09:45:33,356.15,0
2021-06-22 09:45:34,356.2,0
2021-06-22 09:45:35,356.2,0
2021-06-22 09:45:36,356.15,0
2021-06-22 09:45:37,356.15,0
2021-06-22 09:45:38,356.15,0
2021-06-22 09:45:40,356.2,0
2021-06-22 09:45:41,356.2,0
2021-06-22 09:45:42,356.15,0
2021-06-22 09:45:43,356.15,0
2021-06-22 09:45:44,356.15,0
2021-06-22 09:45:45,356.15,0
2021-06-22 09:45:46,356.2,0
2021-06-22 09:45:49,356.25,0
2021-06-22 09:45:50,356.25,0
2021-06-22 09:45:51,356.35,0
2021-06-22 09:45:52,356.2,0
2021-06-22 09:45:53,356.2,0
2021-06-22 09:45:54,356.2,0
2021-06-22 09:45:55,356.2,0
2021-06-22 09:45:56,356.15,0
2021-06-22 09:45:57,356.15,0
2021-06-22 09:45:58,356.25,0
2021-06-22 09:45:59,356.25,0
2021-06-22 09:46:00,356.25,0
2021-06-22 09:46:01,356.3,0
2021-06-22 09:46:03,356.3,0
2021-06-22 09:46:06,356.3,0
2021-06-22 09:46:08,356.2,0
2021-06-22 09:46:10,356.25,0
2021-06-22 09:46:11,356.25,0
2021-06-22 09:46:12,356.25,0
2021-06-22 09:46:13,356.2,0
2021-06-22 09:46:14,356.2,0
2021-06-22 09:46:15,356.2,0
2021-06-22 09:46:16,356.15,0
2021-06-22 09:46:17,356.15,0
2021-06-22 09:46:18,356.1,0
2021-06-22 09:46:19,356.1,0
2021-06-22 09:46:21,356.25,0
2021-06-22 09:46:22,356.2,0
2021-06-22 09:46:24,356.25,0
2021-06-22 09:46:25,356.15,0
2021-06-22 09:46:26,356.15,0
2021-06-22 09:46:27,356.15,0
2021-06-22 09:46:28,356.15,0
2021-06-22 09:46:29,356.2,0
2021-06-22 09:46:31,356.2,0
2021-06-22 09:46:32,356.2,0
2021-06-22 09:46:34,356.2,0
2021-06-22 09:46:36,356.25,0
2021-06-22 09:46:39,356.25,0
2021-06-22 09:46:40,356.2,0
2021-06-22 09:46:42,356.25,0
2021-06-22 09:46:43,356.25,0
2021-06-22 09:46:44,356.3,0
2021-06-22 09:46:46,356.2,0
2021-06-22 09:46:47,356.2,0
2021-06-22 09:46:48,356.15,0
2021-06-22 09:46:49,356.15,0
2021-06-22 09:46:50,356.15,0
2021-06-22 09:46:52,356.1,0
2021-06-22 09:46:53,356.15,0
2021-06-22 09:46:54,356.1,0
2021-06-22 09:46:55,356.1,0
2021-06-22 09:46:57,356.1,0
2021-06-22 09:46:58,356.15,0
2021-06-22 09:46:59,356.15,0
2021-06-22 09:47:00,356.2,0
2021-06-22 09:47:01,356.25,0
2021-06-22 09:47:02,356.15,0
2021-06-22 09:47:03,356.2,0
2021-06-22 09:47:05,356.2,0
2021-06-22 09:47:06,356.2,0
2021-06-22 09:47:07,356.15,0
2021-06-22 09:47:09,356.2,0
2021-06-22 09:47:10,356.1,0
2021-06-22 09:47:11,356.1,0
2021-06-22 09:47:12,356.1,0
2021-06-22 09:47:13,356.0,0
2021-06-22 09:47:14,356.0,0
2021-06-22 09:47:15,356.0,0
2021-06-22 09:47:16,356.05,0
2021-06-22 09:47:17,356.15,0
2021-06-22 09:47:18,356.2,0
2021-06-22 09:47:20,356.15,0
2021-06-22 09:47:21,356.1,0
2021-06-22 09:47:22,356.1,0
2021-06-22 09:47:23,356.1,0
2021-06-22 09:47:24,356.1,0
2021-06-22 09:47:25,356.1,0
2021-06-22 09:47:26,356.05,0
2021-06-22 09:47:27,356.1,0
2021-06-22 09:47:28,356.1,0
2021-06-22 09:47:29,356.1,0
2021-06-22 09:47:30,356.15,0
2021-06-22 09:47:31,356.15,0
2021-06-22 09:47:32,356.2,0
2021-06-22 09:47:33,356.2,0
2021-06-22 09:47:34,356.2,0
2021-06-22 09:47:35,356.25,0
2021-06-22 09:47:36,356.25,0
2021-06-22 09:47:37,356.2,0
2021-06-22 09:47:38,356.2,0
2021-06-22 09:47:39,356.2,0
2021-06-22 09:47:40,356.25,0
2021-06-22 09:47:41,356.25,0
2021-06-22 09:47:42,356.25,0
2021-06-22 09:47:44,356.2,0
2021-06-22 09:47:45,356.25,0
2021-06-22 09:47:46,356.25,0
2021-06-22 09:47:47,356.3,0
2021-06-22 09:47:48,356.3,0
2021-06-22 09:47:49,356.25,0
2021-06-22 09:47:50,356.2,0
2021-06-22 09:47:51,356.15,0
2021-06-22 09:47:52,356.2,0
2021-06-22 09:47:53,356.15,0
2021-06-22 09:47:58,356.25,0
2021-06-22 09:47:59,356.25,0
2021-06-22 09:48:00,356.2,0
2021-06-22 09:48:01,356.1,0
2021-06-22 09:48:02,356.15,0
2021-06-22 09:48:03,356.1,0
2021-06-22 09:48:04,356.1,0
2021-06-22 09:48:05,356.15,0
2021-06-22 09:48:07,356.1,0
2021-06-22 09:48:08,356.1,0
2021-06-22 09:48:10,356.1,0
2021-06-22 09:48:11,356.1,0
2021-06-22 09:48:13,356.1,0
2021-06-22 09:48:14,356.1,0
2021-06-22 09:48:15,356.15,0
2021-06-22 09:48:16,356.15,0
2021-06-22 09:48:17,356.1,0
2021-06-22 09:48:18,356.15,0
2021-06-22 09:48:19,356.15,0
2021-06-22 09:48:21,356.2,0
2021-06-22 09:48:22,356.15,0
2021-06-22 09:48:23,356.15,0
2021-06-22 09:48:25,356.15,0
2021-06-22 09:48:27,356.15,0
2021-06-22 09:48:29,356.1,0
2021-06-22 09:48:30,356.1,0
2021-06-22 09:48:32,356.1,0
2021-06-22 09:48:36,356.1,0
2021-06-22 09:48:41,356.05,0
2021-06-22 09:48:43,356.1,0
2021-06-22 09:48:44,356.05,0
2021-06-22 09:48:45,356.1,0
2021-06-22 09:48:46,356.05,0
2021-06-22 09:48:47,356.0,0
2021-06-22 09:48:48,355.95,0
2021-06-22 09:48:49,355.95,0
2021-06-22 09:48:50,355.95,0
2021-06-22 09:48:51,355.95,0
2021-06-22 09:48:52,356.0,0
2021-06-22 09:48:53,356.0,0
2021-06-22 09:48:54,356.0,0
2021-06-22 09:48:55,356.0,0
2021-06-22 09:48:57,355.95,0
2021-06-22 09:48:58,355.95,0
2021-06-22 09:48:59,356.0,0
2021-06-22 09:49:00,356.0,0
2021-06-22 09:49:01,356.0,0
2021-06-22 09:49:02,356.05,0
2021-06-22 09:49:03,356.0,0
2021-06-22 09:49:04,356.0,0
2021-06-22 09:49:05,356.05,0
2021-06-22 09:49:07,356.05,0
2021-06-22 09:49:08,356.05,0
2021-06-22 09:49:09,356.05,0
2021-06-22 09:49:10,356.05,0
2021-06-22 09:49:11,356.0,0
2021-06-22 09:49:12,356.05,0
2021-06-22 09:49:13,356.0,0
2021-06-22 09:49:14,356.05,0
2021-06-22 09:49:15,356.05,0
2021-06-22 09:49:16,356.1,0
2021-06-22 09:49:17,356.1,0
2021-06-22 09:49:19,356.1,0
2021-06-22 09:49:20,356.1,0
2021-06-22 09:49:22,356.1,0
2021-06-22 09:49:25,356.15,0
2021-06-22 09:49:27,356.1,0
2021-06-22 09:49:28,356.1,0
2021-06-22 09:49:29,356.1,0
2021-06-22 09:49:30,356.1,0
2021-06-22 09:49:31,356.1,0
2021-06-22 09:49:32,356.05,0
2021-06-22 09:49:33,356.1,0
2021-06-22 09:49:34,356.1,0
2021-06-22 09:49:35,356.1,0
2021-06-22 09:49:36,356.1,0
2021-06-22 09:49:37,356.1,0
2021-06-22 09:49:38,356.15,0
2021-06-22 09:49:39,356.15,0
2021-06-22 09:49:40,356.15,0
2021-06-22 09:49:41,356.15,0
2021-06-22 09:49:42,356.15,0
2021-06-22 09:49:43,356.15,0
2021-06-22 09:49:44,356.2,0
2021-06-22 09:49:45,356.2,0
2021-06-22 09:49:46,356.2,0
2021-06-22 09:49:47,356.2,0
2021-06-22 09:49:49,356.2,0
2021-06-22 09:49:50,356.2,0
2021-06-22 09:49:51,356.2,0
2021-06-22 09:49:52,356.2,0
2021-06-22 09:49:53,356.2,0
2021-06-22 09:49:54,356.25,0
2021-06-22 09:49:55,356.25,0
2021-06-22 09:49:56,356.25,0
2021-06-22 09:49:57,356.25,0
2021-06-22 09:49:58,356.25,0
2021-06-22 09:49:59,356.15,0
2021-06-22 09:50:01,356.25,0
2021-06-22 09:50:03,356.2,0
2021-06-22 09:50:04,356.2,0
2021-06-22 09:50:06,356.2,0
2021-06-22 09:50:07,356.2,0
2021-06-22 09:50:08,356.25,0
2021-06-22 09:50:09,356.25,0
2021-06-22 09:50:10,356.25,0
2021-06-22 09:50:12,356.25,0
2021-06-22 09:50:13,356.3,0
2021-06-22 09:50:16,356.25,0
2021-06-22 09:50:17,356.3,0
2021-06-22 09:50:18,356.3,0
2021-06-22 09:50:19,356.3,0
2021-06-22 09:50:20,356.3,0
2021-06-22 09:50:21,356.25,0
2021-06-22 09:50:22,356.25,0
2021-06-22 09:50:24,356.25,0
2021-06-22 09:50:27,356.15,0
2021-06-22 09:50:28,356.15,0
2021-06-22 09:50:29,356.15,0
2021-06-22 09:50:30,356.15,0
2021-06-22 09:50:31,356.15,0
2021-06-22 09:50:33,356.15,0
2021-06-22 09:50:34,356.15,0
2021-06-22 09:50:35,356.1,0
2021-06-22 09:50:41,356.15,0
2021-06-22 09:50:42,356.1,0
2021-06-22 09:50:43,356.1,0
2021-06-22 09:50:44,356.1,0
2021-06-22 09:50:46,356.1,0
2021-06-22 09:50:47,356.1,0
2021-06-22 09:50:48,356.1,0
2021-06-22 09:50:49,356.05,0
2021-06-22 09:50:50,356.05,0
2021-06-22 09:50:51,356.05,0
2021-06-22 09:50:52,356.05,0
2021-06-22 09:50:53,356.05,0
2021-06-22 09:50:54,356.05,0
2021-06-22 09:50:55,356.05,0
2021-06-22 09:50:56,356.0,0
2021-06-22 09:50:57,356.1,0
2021-06-22 09:50:58,356.05,0
2021-06-22 09:50:59,356.05,0
2021-06-22 09:51:00,356.15,0
2021-06-22 09:51:01,356.15,0
2021-06-22 09:51:02,356.15,0
2021-06-22 09:51:03,356.1,0
2021-06-22 09:51:04,356.05,0
2021-06-22 09:51:05,356.05,0
2021-06-22 09:51:06,356.1,0
2021-06-22 09:51:07,356.1,0
2021-06-22 09:51:08,356.15,0
2021-06-22 09:51:09,356.15,0
2021-06-22 09:51:10,356.1,0
2021-06-22 09:51:11,356.1,0
2021-06-22 09:51:12,356.1,0
2021-06-22 09:51:13,356.05,0
2021-06-22 09:51:14,356.05,0
2021-06-22 09:51:15,356.05,0
2021-06-22 09:51:16,355.95,0
2021-06-22 09:51:17,356.0,0
2021-06-22 09:51:18,356.0,0
2021-06-22 09:51:19,356.05,0
2021-06-22 09:51:20,356.05,0
2021-06-22 09:51:21,356.05,0
2021-06-22 09:51:22,356.0,0
2021-06-22 09:51:23,355.95,0
2021-06-22 09:51:24,355.95,0
2021-06-22 09:51:26,356.0,0
2021-06-22 09:51:27,356.05,0
2021-06-22 09:51:28,356.0,0
2021-06-22 09:51:29,356.05,0
2021-06-22 09:51:30,356.05,0
2021-06-22 09:51:31,356.0,0
2021-06-22 09:51:32,355.95,0
2021-06-22 09:51:33,356.0,0
2021-06-22 09:51:34,356.1,0
2021-06-22 09:51:35,356.05,0
2021-06-22 09:51:36,356.05,0
2021-06-22 09:51:37,356.05,0
2021-06-22 09:51:38,356.05,0
2021-06-22 09:51:39,356.0,0
2021-06-22 09:51:40,356.0,0
2021-06-22 09:51:41,356.0,0
2021-06-22 09:51:42,356.0,0
2021-06-22 09:51:43,356.0,0
2021-06-22 09:51:44,356.0,0
2021-06-22 09:51:45,356.0,0
2021-06-22 09:51:46,356.05,0
2021-06-22 09:51:50,356.1,0
2021-06-22 09:51:51,356.0,0
2021-06-22 09:51:52,356.0,0
2021-06-22 09:51:53,356.0,0
2021-06-22 09:51:54,355.95,0
2021-06-22 09:51:55,356.0,0
2021-06-22 09:51:56,356.05,0
2021-06-22 09:51:58,356.1,0
2021-06-22 09:51:59,356.1,0
2021-06-22 09:52:00,356.1,0
2021-06-22 09:52:01,356.1,0
2021-06-22 09:52:02,356.1,0
2021-06-22 09:52:03,356.15,0
2021-06-22 09:52:04,356.15,0
2021-06-22 09:52:05,356.15,0
2021-06-22 09:52:06,356.15,0
2021-06-22 09:52:07,356.15,0
2021-06-22 09:52:08,356.2,0
2021-06-22 09:52:09,356.2,0
2021-06-22 09:52:11,356.15,0
2021-06-22 09:52:12,356.2,0
2021-06-22 09:52:13,356.15,0
2021-06-22 09:52:17,356.15,0
2021-06-22 09:52:18,356.15,0
2021-06-22 09:52:19,356.1,0
2021-06-22 09:52:20,356.1,0
2021-06-22 09:52:21,356.0,0
2021-06-22 09:52:23,356.05,0
2021-06-22 09:52:24,356.0,0
2021-06-22 09:52:25,356.0,0
2021-06-22 09:52:26,356.0,0
2021-06-22 09:52:27,356.0,0
2021-06-22 09:52:28,356.0,0
2021-06-22 09:52:29,355.95,0
2021-06-22 09:52:32,356.05,0
2021-06-22 09:52:34,356.05,0
2021-06-22 09:52:36,356.0,0
2021-06-22 09:52:37,356.0,0
2021-06-22 09:52:39,355.9,0
2021-06-22 09:52:40,355.85,0
2021-06-22 09:52:41,355.9,0
2021-06-22 09:52:42,355.85,0
2021-06-22 09:52:44,355.9,0
2021-06-22 09:52:45,355.85,0
2021-06-22 09:52:46,355.85,0
2021-06-22 09:52:47,355.85,0
2021-06-22 09:52:48,355.85,0
2021-06-22 09:52:49,355.85,0
2021-06-22 09:52:50,355.8,0
2021-06-22 09:52:52,355.8,0
2021-06-22 09:52:54,355.85,0
2021-06-22 09:52:55,355.85,0
2021-06-22 09:52:56,355.85,0
2021-06-22 09:52:58,355.85,0
2021-06-22 09:53:01,355.9,0
2021-06-22 09:53:02,355.9,0
2021-06-22 09:53:03,355.9,0
2021-06-22 09:53:06,355.95,0
2021-06-22 09:53:07,355.95,0
2021-06-22 09:53:08,355.9,0
2021-06-22 09:53:09,356.0,0
2021-06-22 09:53:10,356.0,0
2021-06-22 09:53:11,356.05,0
2021-06-22 09:53:12,356.0,0
2021-06-22 09:53:13,356.05,0
2021-06-22 09:53:14,356.1,0
2021-06-22 09:53:15,356.15,0
2021-06-22 09:53:17,356.15,0
2021-06-22 09:53:18,356.1,0
2021-06-22 09:53:19,356.1,0
2021-06-22 09:53:20,356.1,0
2021-06-22 09:53:21,356.1,0
2021-06-22 09:53:22,356.1,0
2021-06-22 09:53:24,356.15,0
2021-06-22 09:53:25,356.1,0
2021-06-22 09:53:26,356.1,0
2021-06-22 09:53:27,356.15,0
2021-06-22 09:53:28,356.15,0
2021-06-22 09:53:29,356.15,0
2021-06-22 09:53:30,356.05,0
2021-06-22 09:53:31,356.0,0
2021-06-22 09:53:32,356.1,0
2021-06-22 09:53:33,356.1,0
2021-06-22 09:53:36,356.1,0
2021-06-22 09:53:37,356.1,0
2021-06-22 09:53:38,356.1,0
2021-06-22 09:53:39,356.1,0
2021-06-22 09:53:40,356.1,0
2021-06-22 09:53:41,356.1,0
2021-06-22 09:53:42,356.15,0
2021-06-22 09:53:43,356.15,0
2021-06-22 09:53:44,356.15,0
2021-06-22 09:53:46,356.15,0
2021-06-22 09:53:47,356.05,0
2021-06-22 09:53:48,356.1,0
2021-06-22 09:53:49,356.05,0
2021-06-22 09:53:50,356.1,0
2021-06-22 09:53:51,356.1,0
2021-06-22 09:53:52,356.2,0
2021-06-22 09:53:53,356.2,0
2021-06-22 09:53:54,356.2,0
2021-06-22 09:53:55,356.2,0
2021-06-22 09:53:56,356.3,0
2021-06-22 09:53:57,356.3,0
2021-06-22 09:53:58,356.25,0
2021-06-22 09:53:59,356.25,0
2021-06-22 09:54:00,356.25,0
2021-06-22 09:54:02,356.2,0
2021-06-22 09:54:03,356.15,0
2021-06-22 09:54:04,356.1,0
2021-06-22 09:54:05,356.2,0
2021-06-22 09:54:06,356.2,0
2021-06-22 09:54:07,356.2,0
2021-06-22 09:54:08,356.25,0
2021-06-22 09:54:09,356.2,0
2021-06-22 09:54:10,356.25,0
2021-06-22 09:54:11,356.15,0
2021-06-22 09:54:12,356.15,0
2021-06-22 09:54:13,356.2,0
2021-06-22 09:54:14,356.25,0
2021-06-22 09:54:17,356.25,0
2021-06-22 09:54:18,356.2,0
2021-06-22 09:54:19,356.2,0
2021-06-22 09:54:20,356.15,0
2021-06-22 09:54:21,356.15,0
2021-06-22 09:54:22,356.15,0
2021-06-22 09:54:23,356.15,0
2021-06-22 09:54:24,356.15,0
2021-06-22 09:54:25,356.1,0
2021-06-22 09:54:26,356.15,0
2021-06-22 09:54:27,356.1,0
2021-06-22 09:54:28,356.1,0
2021-06-22 09:54:30,356.1,0
2021-06-22 09:54:32,356.15,0
2021-06-22 09:54:33,356.1,0
2021-06-22 09:54:34,356.15,0
2021-06-22 09:54:35,356.15,0
2021-06-22 09:54:36,356.05,0
2021-06-22 09:54:37,356.1,0
2021-06-22 09:54:40,356.1,0
2021-06-22 09:54:42,356.05,0
2021-06-22 09:54:48,356.05,0
2021-06-22 09:54:49,356.05,0
2021-06-22 09:54:51,356.1,0
2021-06-22 09:54:52,356.05,0
2021-06-22 09:54:55,356.1,0
2021-06-22 09:54:58,356.1,0
2021-06-22 09:55:00,356.05,0
2021-06-22 09:55:03,356.1,0
2021-06-22 09:55:04,356.1,0
2021-06-22 09:55:07,356.1,0
2021-06-22 09:55:08,356.1,0
2021-06-22 09:55:09,356.1,0
2021-06-22 09:55:10,356.1,0
2021-06-22 09:55:11,356.1,0
2021-06-22 09:55:13,356.1,0
2021-06-22 09:55:14,356.15,0
2021-06-22 09:55:16,356.15,0
2021-06-22 09:55:17,356.2,0
2021-06-22 09:55:18,356.25,0
2021-06-22 09:55:19,356.2,0
2021-06-22 09:55:20,356.15,0
2021-06-22 09:55:21,356.15,0
2021-06-22 09:55:22,356.15,0
2021-06-22 09:55:24,356.15,0
2021-06-22 09:55:26,356.15,0
2021-06-22 09:55:27,356.2,0
2021-06-22 09:55:28,356.2,0
2021-06-22 09:55:29,356.15,0
2021-06-22 09:55:30,356.15,0
2021-06-22 09:55:31,356.2,0
2021-06-22 09:55:32,356.2,0
2021-06-22 09:55:34,356.2,0
2021-06-22 09:55:35,356.25,0
2021-06-22 09:55:36,356.3,0
2021-06-22 09:55:38,356.4,0
2021-06-22 09:55:39,356.45,0
2021-06-22 09:55:40,356.45,0
2021-06-22 09:55:42,356.45,0
2021-06-22 09:55:43,356.45,0
2021-06-22 09:55:44,356.5,0
2021-06-22 09:55:45,356.45,0
2021-06-22 09:55:46,356.4,0
2021-06-22 09:55:47,356.45,0
2021-06-22 09:55:48,356.4,0
2021-06-22 09:55:50,356.3,0
2021-06-22 09:55:51,356.3,0
2021-06-22 09:55:52,356.4,0
2021-06-22 09:55:53,356.4,0
2021-06-22 09:55:54,356.4,0
2021-06-22 09:55:55,356.5,0
2021-06-22 09:55:56,356.4,0
2021-06-22 09:55:57,356.5,0
2021-06-22 09:55:58,356.55,0
2021-06-22 09:55:59,356.5,0
2021-06-22 09:56:00,356.5,0
2021-06-22 09:56:01,356.5,0
2021-06-22 09:56:03,356.45,0
2021-06-22 09:56:04,356.45,0
2021-06-22 09:56:05,356.4,0
2021-06-22 09:56:06,356.35,0
2021-06-22 09:56:07,356.45,0
2021-06-22 09:56:08,356.4,0
2021-06-22 09:56:09,356.35,0
2021-06-22 09:56:10,356.35,0
2021-06-22 09:56:12,356.3,0
2021-06-22 09:56:13,356.35,0
2021-06-22 09:56:16,356.3,0
2021-06-22 09:56:17,356.35,0
2021-06-22 09:56:19,356.35,0
2021-06-22 09:56:20,356.4,0
2021-06-22 09:56:21,356.4,0
2021-06-22 09:56:23,356.4,0
2021-06-22 09:56:24,356.35,0
2021-06-22 09:56:25,356.35,0
2021-06-22 09:56:26,356.35,0
2021-06-22 09:56:27,356.4,0
2021-06-22 09:56:28,356.4,0
2021-06-22 09:56:29,356.45,0
2021-06-22 09:56:30,356.4,0
2021-06-22 09:56:31,356.4,0
2021-06-22 09:56:33,356.45,0
2021-06-22 09:56:34,356.4,0
2021-06-22 09:56:35,356.4,0
2021-06-22 09:56:36,356.45,0
2021-06-22 09:56:37,356.45,0
2021-06-22 09:56:38,356.35,0
2021-06-22 09:56:39,356.4,0
2021-06-22 09:56:40,356.45,0
2021-06-22 09:56:41,356.45,0
2021-06-22 09:56:43,356.4,0
2021-06-22 09:56:44,356.45,0
2021-06-22 09:56:45,356.4,0
2021-06-22 09:56:46,356.4,0
2021-06-22 09:56:47,356.4,0
2021-06-22 09:56:49,356.4,0
2021-06-22 09:56:50,356.35,0
2021-06-22 09:56:51,356.35,0
2021-06-22 09:56:52,356.35,0
2021-06-22 09:56:55,356.25,0
2021-06-22 09:56:57,356.35,0
2021-06-22 09:56:58,356.35,0
2021-06-22 09:56:59,356.3,0
2021-06-22 09:57:00,356.35,0
2021-06-22 09:57:01,356.4,0
2021-06-22 09:57:02,356.35,0
2021-06-22 09:57:03,356.4,0
2021-06-22 09:57:05,356.4,0
2021-06-22 09:57:06,356.4,0
2021-06-22 09:57:07,356.35,0
2021-06-22 09:57:09,356.3,0
2021-06-22 09:57:12,356.3,0
2021-06-22 09:57:13,356.3,0
2021-06-22 09:57:14,356.3,0
2021-06-22 09:57:15,356.3,0
2021-06-22 09:57:17,356.3,0
2021-06-22 09:57:20,356.3,0
2021-06-22 09:57:21,356.3,0
2021-06-22 09:57:22,356.3,0
2021-06-22 09:57:23,356.35,0
2021-06-22 09:57:24,356.35,0
2021-06-22 09:57:25,356.25,0
2021-06-22 09:57:26,356.35,0
2021-06-22 09:57:27,356.3,0
2021-06-22 09:57:28,356.35,0
2021-06-22 09:57:29,356.3,0
2021-06-22 09:57:30,356.3,0
2021-06-22 09:57:31,356.3,0
2021-06-22 09:57:32,356.3,0
2021-06-22 09:57:33,356.3,0
2021-06-22 09:57:34,356.3,0
2021-06-22 09:57:35,356.25,0
2021-06-22 09:57:36,356.2,0
2021-06-22 09:57:37,356.2,0
2021-06-22 09:57:38,356.15,0
2021-06-22 09:57:39,356.1,0
2021-06-22 09:57:40,356.15,0
2021-06-22 09:57:41,356.15,0
2021-06-22 09:57:42,356.15,0
2021-06-22 09:57:43,356.15,0
2021-06-22 09:57:44,356.2,0
2021-06-22 09:57:45,356.25,0
2021-06-22 09:57:46,356.2,0
2021-06-22 09:57:47,356.25,0
2021-06-22 09:57:48,356.15,0
2021-06-22 09:57:49,356.15,0
2021-06-22 09:57:50,356.15,0
2021-06-22 09:57:51,356.1,0
2021-06-22 09:57:53,356.0,0
2021-06-22 09:57:54,355.95,0
2021-06-22 09:57:55,355.95,0
2021-06-22 09:57:56,356.05,0
2021-06-22 09:57:57,356.0,0
2021-06-22 09:57:58,356.05,0
2021-06-22 09:57:59,356.05,0
2021-06-22 09:58:00,356.05,0
2021-06-22 09:58:01,356.0,0
2021-06-22 09:58:02,356.05,0
2021-06-22 09:58:03,356.05,0
2021-06-22 09:58:04,356.0,0
2021-06-22 09:58:05,356.05,0
2021-06-22 09:58:06,356.0,0
2021-06-22 09:58:07,356.05,0
2021-06-22 09:58:08,356.0,0
2021-06-22 09:58:09,356.0,0
2021-06-22 09:58:10,356.0,0
2021-06-22 09:58:12,356.05,0
2021-06-22 09:58:13,356.05,0
2021-06-22 09:58:14,356.05,0
2021-06-22 09:58:15,356.05,0
2021-06-22 09:58:17,356.05,0
2021-06-22 09:58:19,355.95,0
2021-06-22 09:58:20,355.95,0
2021-06-22 09:58:21,355.95,0
2021-06-22 09:58:22,355.95,0
2021-06-22 09:58:23,355.95,0
2021-06-22 09:58:24,355.85,0
2021-06-22 09:58:25,355.85,0
2021-06-22 09:58:26,355.85,0
2021-06-22 09:58:27,355.75,0
2021-06-22 09:58:29,355.8,0
2021-06-22 09:58:30,355.85,0
2021-06-22 09:58:32,355.85,0
2021-06-22 09:58:33,355.85,0
2021-06-22 09:58:35,355.75,0
2021-06-22 09:58:36,355.8,0
2021-06-22 09:58:37,355.8,0
2021-06-22 09:58:38,355.8,0
2021-06-22 09:58:39,355.85,0
2021-06-22 09:58:40,355.85,0
2021-06-22 09:58:41,355.85,0
2021-06-22 09:58:42,355.8,0
2021-06-22 09:58:43,355.8,0
2021-06-22 09:58:44,355.8,0
2021-06-22 09:58:45,355.75,0
2021-06-22 09:58:46,355.75,0
2021-06-22 09:58:47,355.8,0
2021-06-22 09:58:48,355.8,0
2021-06-22 09:58:49,355.8,0
2021-06-22 09:58:50,355.8,0
2021-06-22 09:58:51,355.85,0
2021-06-22 09:58:52,355.8,0
2021-06-22 09:58:53,355.75,0
2021-06-22 09:58:54,355.8,0
2021-06-22 09:58:58,355.75,0
2021-06-22 09:58:59,355.8,0
2021-06-22 09:59:00,355.8,0
2021-06-22 09:59:01,355.75,0
2021-06-22 09:59:02,355.75,0
2021-06-22 09:59:04,355.7,0
2021-06-22 09:59:05,355.7,0
2021-06-22 09:59:06,355.7,0
2021-06-22 09:59:07,355.7,0
2021-06-22 09:59:08,355.7,0
2021-06-22 09:59:10,355.75,0
2021-06-22 09:59:11,355.7,0
2021-06-22 09:59:12,355.8,0
2021-06-22 09:59:15,355.8,0
2021-06-22 09:59:16,355.8,0
2021-06-22 09:59:17,355.75,0
2021-06-22 09:59:18,355.7,0
2021-06-22 09:59:19,355.7,0
2021-06-22 09:59:20,355.7,0
2021-06-22 09:59:22,355.7,0
2021-06-22 09:59:23,355.7,0
2021-06-22 09:59:25,355.75,0
2021-06-22 09:59:27,355.8,0
2021-06-22 09:59:28,355.7,0
2021-06-22 09:59:29,355.7,0
2021-06-22 09:59:32,355.75,0
2021-06-22 09:59:34,355.75,0
2021-06-22 09:59:35,355.75,0
2021-06-22 09:59:38,355.75,0
2021-06-22 09:59:39,355.7,0
2021-06-22 09:59:40,355.7,0
2021-06-22 09:59:41,355.7,0
2021-06-22 09:59:42,355.7,0
2021-06-22 09:59:43,355.7,0
2021-06-22 09:59:44,355.75,0
2021-06-22 09:59:45,355.75,0
2021-06-22 09:59:48,355.75,0
2021-06-22 09:59:50,355.75,0
2021-06-22 09:59:51,355.75,0
2021-06-22 09:59:52,355.75,0
2021-06-22 09:59:53,355.7,0
2021-06-22 09:59:55,355.8,0
2021-06-22 09:59:56,355.7,0
2021-06-22 09:59:58,355.75,0
2021-06-22 09:59:59,355.7,0
2021-06-22 10:00:00,355.7,0
2021-06-22 10:00:01,355.7,0
2021-06-22 10:00:02,355.7,0
2021-06-22 10:00:03,355.75,0
2021-06-22 10:00:04,355.75,0
2021-06-22 10:00:05,355.65,0
2021-06-22 10:00:06,355.65,0
2021-06-22 10:00:07,355.65,0
2021-06-22 10:00:09,355.65,0
2021-06-22 10:00:10,355.65,0
2021-06-22 10:00:12,355.7,0
2021-06-22 10:00:13,355.65,0
2021-06-22 10:00:15,355.75,0
2021-06-22 10:00:16,355.8,0
2021-06-22 10:00:17,355.8,0
2021-06-22 10:00:18,355.75,0
2021-06-22 10:00:19,355.75,0
2021-06-22 10:00:21,355.65,0
2021-06-22 10:00:22,355.65,0
2021-06-22 10:00:23,355.7,0
2021-06-22 10:00:24,355.65,0
2021-06-22 10:00:26,355.65,0
2021-06-22 10:00:27,355.65,0
2021-06-22 10:00:28,355.65,0
2021-06-22 10:00:29,355.7,0
2021-06-22 10:00:30,355.6,0
2021-06-22 10:00:31,355.6,0
2021-06-22 10:00:32,355.65,0
2021-06-22 10:00:33,355.6,0
2021-06-22 10:00:34,355.55,0
2021-06-22 10:00:35,355.6,0
2021-06-22 10:00:36,355.6,0
2021-06-22 10:00:37,355.6,0
2021-06-22 10:00:38,355.6,0
2021-06-22 10:00:39,355.6,0
2021-06-22 10:00:40,355.6,0
2021-06-22 10:00:41,355.6,0
2021-06-22 10:00:42,355.6,0
2021-06-22 10:00:43,355.55,0
2021-06-22 10:00:44,355.65,0
2021-06-22 10:00:45,355.6,0
2021-06-22 10:00:46,355.55,0
2021-06-22 10:00:48,355.6,0
2021-06-22 10:00:49,355.65,0
2021-06-22 10:00:51,355.6,0
2021-06-22 10:00:52,355.6,0
2021-06-22 10:00:53,355.65,0
2021-06-22 10:00:54,355.6,0
2021-06-22 10:00:55,355.65,0
2021-06-22 10:00:56,355.6,0
2021-06-22 10:00:57,355.65,0
2021-06-22 10:00:58,355.6,0
2021-06-22 10:01:00,355.65,0
2021-06-22 10:01:01,355.65,0
2021-06-22 10:01:03,355.7,0
2021-06-22 10:01:04,355.65,0
2021-06-22 10:01:05,355.65,0
2021-06-22 10:01:06,355.6,0
2021-06-22 10:01:07,355.55,0
2021-06-22 10:01:08,355.55,0
2021-06-22 10:01:09,355.55,0
2021-06-22 10:01:10,355.6,0
2021-06-22 10:01:11,355.55,0
2021-06-22 10:01:12,355.55,0
2021-06-22 10:01:13,355.55,0
2021-06-22 10:01:14,355.5,0
2021-06-22 10:01:15,355.5,0
2021-06-22 10:01:16,355.5,0
2021-06-22 10:01:19,355.5,0
2021-06-22 10:01:21,355.4,0
2021-06-22 10:01:22,355.55,0
2021-06-22 10:01:23,355.55,0
2021-06-22 10:01:24,355.5,0
2021-06-22 10:01:25,355.5,0
2021-06-22 10:01:27,355.55,0
2021-06-22 10:01:28,355.5,0
2021-06-22 10:01:29,355.55,0
2021-06-22 10:01:30,355.55,0
2021-06-22 10:01:34,355.6,0
2021-06-22 10:01:36,355.55,0
2021-06-22 10:01:38,355.5,0
2021-06-22 10:01:39,355.45,0
2021-06-22 10:01:41,355.45,0
2021-06-22 10:01:42,355.4,0
2021-06-22 10:01:43,355.4,0
2021-06-22 10:01:45,355.45,0
2021-06-22 10:01:46,355.45,0
2021-06-22 10:01:47,355.55,0
2021-06-22 10:01:50,355.6,0
2021-06-22 10:01:52,355.65,0
2021-06-22 10:01:53,355.6,0
2021-06-22 10:01:55,355.65,0
2021-06-22 10:01:56,355.65,0
2021-06-22 10:02:00,355.7,0
2021-06-22 10:02:01,355.75,0
2021-06-22 10:02:02,355.7,0
2021-06-22 10:02:03,355.7,0
2021-06-22 10:02:04,355.65,0
2021-06-22 10:02:05,355.65,0
2021-06-22 10:02:06,355.65,0
2021-06-22 10:02:07,355.65,0
2021-06-22 10:02:09,355.65,0
2021-06-22 10:02:10,355.65,0
2021-06-22 10:02:11,355.65,0
2021-06-22 10:02:12,355.65,0
2021-06-22 10:02:13,355.7,0
2021-06-22 10:02:14,355.75,0
2021-06-22 10:02:15,355.7,0
2021-06-22 10:02:17,355.95,0
2021-06-22 10:02:18,355.95,0
2021-06-22 10:02:19,355.95,0
2021-06-22 10:02:20,355.95,0
2021-06-22 10:02:22,355.95,0
2021-06-22 10:02:24,355.95,0
2021-06-22 10:02:25,355.95,0
2021-06-22 10:02:26,355.9,0
2021-06-22 10:02:27,355.85,0
2021-06-22 10:02:28,355.9,0
2021-06-22 10:02:29,355.9,0
2021-06-22 10:02:30,355.8,0
2021-06-22 10:02:31,355.85,0
2021-06-22 10:02:33,355.8,0
2021-06-22 10:02:34,355.8,0
2021-06-22 10:02:35,355.85,0
2021-06-22 10:02:36,355.8,0
2021-06-22 10:02:37,355.8,0
2021-06-22 10:02:38,355.8,0
2021-06-22 10:02:39,355.8,0
2021-06-22 10:02:40,355.85,0
2021-06-22 10:02:41,355.8,0
2021-06-22 10:02:43,355.8,0
2021-06-22 10:02:44,355.85,0
2021-06-22 10:02:45,355.8,0
2021-06-22 10:02:46,355.8,0
2021-06-22 10:02:47,355.8,0
2021-06-22 10:02:49,355.8,0
2021-06-22 10:02:50,355.85,0
2021-06-22 10:02:52,355.8,0
2021-06-22 10:02:53,355.8,0
2021-06-22 10:02:54,355.8,0
2021-06-22 10:02:55,355.75,0
2021-06-22 10:02:57,355.8,0
2021-06-22 10:02:58,355.85,0
2021-06-22 10:02:59,355.85,0
2021-06-22 10:03:00,355.75,0
2021-06-22 10:03:02,355.8,0
2021-06-22 10:03:03,355.75,0
2021-06-22 10:03:04,355.75,0
2021-06-22 10:03:05,355.7,0
2021-06-22 10:03:06,355.7,0
2021-06-22 10:03:07,355.75,0
2021-06-22 10:03:08,355.75,0
2021-06-22 10:03:09,355.7,0
2021-06-22 10:03:10,355.8,0
2021-06-22 10:03:11,355.8,0
2021-06-22 10:03:12,355.8,0
2021-06-22 10:03:13,355.8,0
2021-06-22 10:03:14,355.85,0
2021-06-22 10:03:16,355.7,0
2021-06-22 10:03:17,355.7,0
2021-06-22 10:03:18,355.7,0
2021-06-22 10:03:19,355.65,0
2021-06-22 10:03:20,355.65,0
2021-06-22 10:03:21,355.7,0
2021-06-22 10:03:22,355.65,0
2021-06-22 10:03:23,355.65,0
2021-06-22 10:03:27,355.65,0
2021-06-22 10:03:28,355.7,0
2021-06-22 10:03:29,355.7,0
2021-06-22 10:03:30,355.7,0
2021-06-22 10:03:31,355.7,0
2021-06-22 10:03:32,355.7,0
2021-06-22 10:03:33,355.7,0
2021-06-22 10:03:34,355.65,0
2021-06-22 10:03:35,355.65,0
2021-06-22 10:03:36,355.65,0
2021-06-22 10:03:37,355.65,0
2021-06-22 10:03:38,355.7,0
2021-06-22 10:03:39,355.65,0
2021-06-22 10:03:40,355.65,0
2021-06-22 10:03:41,355.7,0
2021-06-22 10:03:42,355.7,0
2021-06-22 10:03:43,355.75,0
2021-06-22 10:03:44,355.7,0
2021-06-22 10:03:45,355.7,0
2021-06-22 10:03:47,355.65,0
2021-06-22 10:03:49,355.65,0
2021-06-22 10:03:50,355.65,0
2021-06-22 10:03:51,355.7,0
2021-06-22 10:03:53,355.7,0
2021-06-22 10:03:54,355.65,0
2021-06-22 10:03:55,355.65,0
2021-06-22 10:03:58,355.65,0
2021-06-22 10:03:59,355.65,0
2021-06-22 10:04:00,355.65,0
2021-06-22 10:04:01,355.6,0
2021-06-22 10:04:02,355.6,0
2021-06-22 10:04:03,355.6,0
2021-06-22 10:04:04,355.6,0
2021-06-22 10:04:05,355.6,0
2021-06-22 10:04:07,355.65,0
2021-06-22 10:04:09,355.65,0
2021-06-22 10:04:10,355.65,0
2021-06-22 10:04:11,355.65,0
2021-06-22 10:04:13,355.65,0
2021-06-22 10:04:15,355.65,0
2021-06-22 10:04:16,355.65,0
2021-06-22 10:04:17,355.65,0
2021-06-22 10:04:18,355.65,0
2021-06-22 10:04:19,355.6,0
2021-06-22 10:04:21,355.65,0
2021-06-22 10:04:22,355.7,0
2021-06-22 10:04:23,355.7,0
2021-06-22 10:04:24,355.7,0
2021-06-22 10:04:25,355.65,0
2021-06-22 10:04:26,355.7,0
2021-06-22 10:04:27,355.7,0
2021-06-22 10:04:28,355.65,0
2021-06-22 10:04:29,355.7,0
2021-06-22 10:04:30,355.7,0
2021-06-22 10:04:31,355.65,0
2021-06-22 10:04:33,355.65,0
2021-06-22 10:04:34,355.65,0
2021-06-22 10:04:35,355.65,0
2021-06-22 10:04:36,355.6,0
2021-06-22 10:04:37,355.6,0
2021-06-22 10:04:38,355.6,0
2021-06-22 10:04:39,355.6,0
2021-06-22 10:04:40,355.55,0
2021-06-22 10:04:41,355.55,0
2021-06-22 10:04:42,355.6,0
2021-06-22 10:04:43,355.55,0
2021-06-22 10:04:44,355.5,0
2021-06-22 10:04:45,355.5,0
2021-06-22 10:04:46,355.45,0
2021-06-22 10:04:47,355.5,0
2021-06-22 10:04:48,355.5,0
2021-06-22 10:04:49,355.6,0
2021-06-22 10:04:50,355.6,0
2021-06-22 10:04:51,355.6,0
2021-06-22 10:04:52,355.6,0
2021-06-22 10:04:54,355.6,0
2021-06-22 10:04:55,355.55,0
2021-06-22 10:04:57,355.5,0
2021-06-22 10:04:58,355.5,0
2021-06-22 10:05:01,355.6,0
2021-06-22 10:05:02,355.6,0
2021-06-22 10:05:03,355.6,0
2021-06-22 10:05:04,355.55,0
2021-06-22 10:05:05,355.5,0
2021-06-22 10:05:07,355.5,0
2021-06-22 10:05:08,355.5,0
2021-06-22 10:05:09,355.55,0
2021-06-22 10:05:10,355.5,0
2021-06-22 10:05:11,355.55,0
2021-06-22 10:05:15,355.55,0
2021-06-22 10:05:16,355.6,0
2021-06-22 10:05:17,355.55,0
2021-06-22 10:05:18,355.5,0
2021-06-22 10:05:21,355.55,0
2021-06-22 10:05:22,355.65,0
2021-06-22 10:05:23,355.5,0
2021-06-22 10:05:25,355.55,0
2021-06-22 10:05:26,355.5,0
2021-06-22 10:05:27,355.55,0
2021-06-22 10:05:28,355.55,0
2021-06-22 10:05:30,355.55,0
2021-06-22 10:05:31,355.55,0
2021-06-22 10:05:33,355.5,0
2021-06-22 10:05:34,355.55,0
2021-06-22 10:05:35,355.55,0
2021-06-22 10:05:37,355.55,0
2021-06-22 10:05:38,355.55,0
2021-06-22 10:05:39,355.5,0
2021-06-22 10:05:40,355.5,0
2021-06-22 10:05:41,355.5,0
2021-06-22 10:05:43,355.5,0
2021-06-22 10:05:44,355.55,0
2021-06-22 10:05:45,355.55,0
2021-06-22 10:05:46,355.55,0
2021-06-22 10:05:47,355.55,0
2021-06-22 10:05:48,355.45,0
2021-06-22 10:05:49,355.5,0
2021-06-22 10:05:51,355.5,0
2021-06-22 10:05:54,355.45,0
2021-06-22 10:05:55,355.45,0
2021-06-22 10:05:57,355.4,0
2021-06-22 10:05:58,355.45,0
2021-06-22 10:05:59,355.4,0
2021-06-22 10:06:02,355.45,0
2021-06-22 10:06:04,355.45,0
2021-06-22 10:06:05,355.45,0
2021-06-22 10:06:06,355.4,0
2021-06-22 10:06:09,355.4,0
2021-06-22 10:06:11,355.35,0
2021-06-22 10:06:12,355.4,0
2021-06-22 10:06:13,355.4,0
2021-06-22 10:06:14,355.4,0
2021-06-22 10:06:15,355.4,0
2021-06-22 10:06:16,355.4,0
2021-06-22 10:06:18,355.4,0
2021-06-22 10:06:19,355.55,0
2021-06-22 10:06:22,355.55,0
2021-06-22 10:06:23,355.6,0
2021-06-22 10:06:24,355.55,0
2021-06-22 10:06:25,355.55,0
2021-06-22 10:06:26,355.6,0
2021-06-22 10:06:27,355.6,0
2021-06-22 10:06:30,355.55,0
2021-06-22 10:06:31,355.5,0
2021-06-22 10:06:32,355.45,0
2021-06-22 10:06:33,355.45,0
2021-06-22 10:06:34,355.45,0
2021-06-22 10:06:36,355.5,0
2021-06-22 10:06:37,355.5,0
2021-06-22 10:06:38,355.5,0
2021-06-22 10:06:39,355.45,0
2021-06-22 10:06:40,355.45,0
2021-06-22 10:06:41,355.45,0
2021-06-22 10:06:42,355.5,0
2021-06-22 10:06:43,355.5,0
2021-06-22 10:06:44,355.45,0
2021-06-22 10:06:45,355.5,0
2021-06-22 10:06:46,355.5,0
2021-06-22 10:06:47,355.5,0
2021-06-22 10:06:48,355.5,0
2021-06-22 10:06:49,355.5,0
2021-06-22 10:06:50,355.45,0
2021-06-22 10:06:52,355.45,0
2021-06-22 10:06:53,355.5,0
2021-06-22 10:06:54,355.45,0
2021-06-22 10:06:56,355.4,0
2021-06-22 10:06:58,355.4,0
2021-06-22 10:07:02,355.4,0
2021-06-22 10:07:03,355.4,0
2021-06-22 10:07:04,355.4,0
2021-06-22 10:07:05,355.4,0
2021-06-22 10:07:06,355.4,0
2021-06-22 10:07:08,355.4,0
2021-06-22 10:07:10,355.35,0
2021-06-22 10:07:12,355.35,0
2021-06-22 10:07:13,355.35,0
2021-06-22 10:07:15,355.3,0
2021-06-22 10:07:16,355.35,0
2021-06-22 10:07:20,355.3,0
2021-06-22 10:07:22,355.35,0
2021-06-22 10:07:23,355.4,0
2021-06-22 10:07:25,355.5,0
2021-06-22 10:07:26,355.5,0
2021-06-22 10:07:27,355.5,0
2021-06-22 10:07:28,355.45,0
2021-06-22 10:07:29,355.45,0
2021-06-22 10:07:30,355.5,0
2021-06-22 10:07:31,355.5,0
2021-06-22 10:07:32,355.55,0
2021-06-22 10:07:33,355.6,0
2021-06-22 10:07:34,355.7,0
2021-06-22 10:07:35,355.7,0
2021-06-22 10:07:36,355.7,0
2021-06-22 10:07:37,355.7,0
2021-06-22 10:07:38,355.65,0
2021-06-22 10:07:39,355.7,0
2021-06-22 10:07:41,355.75,0
2021-06-22 10:07:43,355.75,0
2021-06-22 10:07:44,355.7,0
2021-06-22 10:07:45,355.75,0
2021-06-22 10:07:47,355.7,0
2021-06-22 10:07:48,355.7,0
2021-06-22 10:07:50,355.6,0
2021-06-22 10:07:51,355.6,0
2021-06-22 10:07:52,355.7,0
2021-06-22 10:07:53,355.65,0
2021-06-22 10:07:54,355.65,0
2021-06-22 10:07:55,355.6,0
2021-06-22 10:07:56,355.6,0
2021-06-22 10:07:58,355.7,0
2021-06-22 10:07:59,355.7,0
2021-06-22 10:08:00,355.65,0
2021-06-22 10:08:01,355.7,0
2021-06-22 10:08:02,355.65,0
2021-06-22 10:08:03,355.7,0
2021-06-22 10:08:04,355.7,0
2021-06-22 10:08:06,355.65,0
2021-06-22 10:08:09,355.65,0
2021-06-22 10:08:10,355.6,0
2021-06-22 10:08:13,355.6,0
2021-06-22 10:08:14,355.55,0
2021-06-22 10:08:16,355.6,0
2021-06-22 10:08:17,355.6,0
2021-06-22 10:08:18,355.6,0
2021-06-22 10:08:19,355.65,0
2021-06-22 10:08:20,355.65,0
2021-06-22 10:08:21,355.6,0
2021-06-22 10:08:22,355.6,0
2021-06-22 10:08:23,355.6,0
2021-06-22 10:08:24,355.6,0
2021-06-22 10:08:25,355.6,0
2021-06-22 10:08:26,355.55,0
2021-06-22 10:08:29,355.6,0
2021-06-22 10:08:31,355.55,0
2021-06-22 10:08:32,355.6,0
2021-06-22 10:08:33,355.6,0
2021-06-22 10:08:34,355.55,0
2021-06-22 10:08:35,355.55,0
2021-06-22 10:08:36,355.6,0
2021-06-22 10:08:37,355.6,0
2021-06-22 10:08:40,355.6,0
2021-06-22 10:08:42,355.5,0
2021-06-22 10:08:43,355.55,0
2021-06-22 10:08:46,355.5,0
2021-06-22 10:08:47,355.55,0
2021-06-22 10:08:48,355.55,0
2021-06-22 10:08:49,355.55,0
2021-06-22 10:08:51,355.55,0
2021-06-22 10:08:52,355.55,0
2021-06-22 10:08:54,355.55,0
2021-06-22 10:08:56,355.6,0
2021-06-22 10:08:57,355.6,0
2021-06-22 10:08:58,355.6,0
2021-06-22 10:08:59,355.5,0
2021-06-22 10:09:00,355.5,0
2021-06-22 10:09:01,355.5,0
2021-06-22 10:09:02,355.55,0
2021-06-22 10:09:03,355.65,0
2021-06-22 10:09:04,355.65,0
2021-06-22 10:09:05,355.7,0
2021-06-22 10:09:06,355.7,0
2021-06-22 10:09:07,355.7,0
2021-06-22 10:09:08,355.75,0
2021-06-22 10:09:09,355.75,0
2021-06-22 10:09:10,355.75,0
2021-06-22 10:09:11,355.85,0
2021-06-22 10:09:12,355.8,0
2021-06-22 10:09:13,355.75,0
2021-06-22 10:09:14,355.75,0
2021-06-22 10:09:15,355.75,0
2021-06-22 10:09:16,355.75,0
2021-06-22 10:09:19,355.75,0
2021-06-22 10:09:20,355.75,0
2021-06-22 10:09:21,355.75,0
2021-06-22 10:09:25,355.65,0
2021-06-22 10:09:27,355.7,0
2021-06-22 10:09:29,355.7,0
2021-06-22 10:09:30,355.6,0
2021-06-22 10:09:32,355.65,0
2021-06-22 10:09:34,355.65,0
2021-06-22 10:09:35,355.7,0
2021-06-22 10:09:36,355.6,0
2021-06-22 10:09:37,355.6,0
2021-06-22 10:09:39,355.55,0
2021-06-22 10:09:40,355.65,0
2021-06-22 10:09:41,355.65,0
2021-06-22 10:09:42,355.65,0
2021-06-22 10:09:43,355.65,0
2021-06-22 10:09:44,355.7,0
2021-06-22 10:09:45,355.65,0
2021-06-22 10:09:46,355.65,0
2021-06-22 10:09:47,355.65,0
2021-06-22 10:09:48,355.75,0
2021-06-22 10:09:49,355.75,0
2021-06-22 10:09:50,355.75,0
2021-06-22 10:09:51,355.75,0
2021-06-22 10:09:52,355.65,0
2021-06-22 10:09:53,355.65,0
2021-06-22 10:09:55,355.65,0
2021-06-22 10:09:57,355.65,0
2021-06-22 10:09:58,355.65,0
2021-06-22 10:09:59,355.6,0
2021-06-22 10:10:00,355.65,0
2021-06-22 10:10:02,355.55,0
2021-06-22 10:10:03,355.6,0
2021-06-22 10:10:04,355.55,0
2021-06-22 10:10:05,355.55,0
2021-06-22 10:10:06,355.6,0
2021-06-22 10:10:07,355.6,0
2021-06-22 10:10:08,355.6,0
2021-06-22 10:10:09,355.6,0
2021-06-22 10:10:10,355.65,0
2021-06-22 10:10:11,355.7,0
2021-06-22 10:10:12,355.7,0
2021-06-22 10:10:13,355.7,0
2021-06-22 10:10:14,355.7,0
2021-06-22 10:10:15,355.7,0
2021-06-22 10:10:17,355.7,0
2021-06-22 10:10:18,355.6,0
2021-06-22 10:10:19,355.7,0
2021-06-22 10:10:20,355.75,0
2021-06-22 10:10:22,355.7,0
2021-06-22 10:10:23,355.55,0
2021-06-22 10:10:24,355.6,0
2021-06-22 10:10:25,355.7,0
2021-06-22 10:10:26,355.7,0
2021-06-22 10:10:29,355.65,0
2021-06-22 10:10:30,355.65,0
2021-06-22 10:10:31,355.7,0
2021-06-22 10:10:32,355.7,0
2021-06-22 10:10:34,355.65,0
2021-06-22 10:10:35,355.7,0
2021-06-22 10:10:37,355.75,0
2021-06-22 10:10:38,355.65,0
2021-06-22 10:10:39,355.6,0
2021-06-22 10:10:40,355.55,0
2021-06-22 10:10:41,355.5,0
2021-06-22 10:10:42,355.4,0
2021-06-22 10:10:43,355.5,0
2021-06-22 10:10:44,355.5,0
2021-06-22 10:10:45,355.5,0
2021-06-22 10:10:46,355.5,0
2021-06-22 10:10:47,355.5,0
2021-06-22 10:10:48,355.5,0
2021-06-22 10:10:49,355.55,0
2021-06-22 10:10:50,355.45,0
2021-06-22 10:10:51,355.55,0
2021-06-22 10:10:53,355.55,0
2021-06-22 10:10:55,355.5,0
2021-06-22 10:10:57,355.5,0
2021-06-22 10:10:58,355.5,0
2021-06-22 10:10:59,355.45,0
2021-06-22 10:11:00,355.5,0
2021-06-22 10:11:01,355.5,0
2021-06-22 10:11:02,355.45,0
2021-06-22 10:11:03,355.5,0
2021-06-22 10:11:04,355.45,0
2021-06-22 10:11:06,355.45,0
2021-06-22 10:11:07,355.45,0
2021-06-22 10:11:08,355.55,0
2021-06-22 10:11:09,355.5,0
2021-06-22 10:11:10,355.5,0
2021-06-22 10:11:11,355.45,0
2021-06-22 10:11:12,355.45,0
2021-06-22 10:11:13,355.5,0
2021-06-22 10:11:14,355.5,0
2021-06-22 10:11:15,355.5,0
2021-06-22 10:11:16,355.45,0
2021-06-22 10:11:17,355.5,0
2021-06-22 10:11:18,355.5,0
2021-06-22 10:11:19,355.45,0
2021-06-22 10:11:20,355.45,0
2021-06-22 10:11:21,355.4,0
2021-06-22 10:11:23,355.45,0
2021-06-22 10:11:24,355.4,0
2021-06-22 10:11:25,355.45,0
2021-06-22 10:11:26,355.45,0
2021-06-22 10:11:27,355.45,0
2021-06-22 10:11:30,355.45,0
2021-06-22 10:11:32,355.45,0
2021-06-22 10:11:33,355.45,0
2021-06-22 10:11:34,355.45,0
2021-06-22 10:11:35,355.4,0
2021-06-22 10:11:36,355.4,0
2021-06-22 10:11:37,355.4,0
2021-06-22 10:11:39,355.45,0
2021-06-22 10:11:40,355.45,0
2021-06-22 10:11:41,355.45,0
2021-06-22 10:11:42,355.5,0
2021-06-22 10:11:44,355.5,0
2021-06-22 10:11:45,355.5,0
2021-06-22 10:11:46,355.5,0
2021-06-22 10:11:47,355.5,0
2021-06-22 10:11:48,355.5,0
2021-06-22 10:11:49,355.55,0
2021-06-22 10:11:50,355.5,0
2021-06-22 10:11:51,355.5,0
2021-06-22 10:11:52,355.45,0
2021-06-22 10:11:53,355.55,0
2021-06-22 10:11:54,355.55,0
2021-06-22 10:11:56,355.6,0
2021-06-22 10:11:58,355.55,0
2021-06-22 10:11:59,355.5,0
2021-06-22 10:12:00,355.55,0
2021-06-22 10:12:01,355.5,0
2021-06-22 10:12:02,355.55,0
2021-06-22 10:12:03,355.55,0
2021-06-22 10:12:04,355.5,0
2021-06-22 10:12:05,355.5,0
2021-06-22 10:12:06,355.6,0
2021-06-22 10:12:07,355.6,0
2021-06-22 10:12:08,355.55,0
2021-06-22 10:12:09,355.5,0
2021-06-22 10:12:10,355.55,0
2021-06-22 10:12:12,355.55,0
2021-06-22 10:12:13,355.55,0
2021-06-22 10:12:14,355.6,0
2021-06-22 10:12:16,355.55,0
2021-06-22 10:12:17,355.55,0
2021-06-22 10:12:18,355.6,0
2021-06-22 10:12:19,355.6,0
2021-06-22 10:12:20,355.5,0
2021-06-22 10:12:21,355.55,0
2021-06-22 10:12:22,355.55,0
2021-06-22 10:12:23,355.55,0
2021-06-22 10:12:24,355.65,0
2021-06-22 10:12:25,355.65,0
2021-06-22 10:12:26,355.65,0
2021-06-22 10:12:28,355.6,0
2021-06-22 10:12:29,355.55,0
2021-06-22 10:12:30,355.55,0
2021-06-22 10:12:31,355.55,0
2021-06-22 10:12:32,355.5,0
2021-06-22 10:12:33,355.6,0
2021-06-22 10:12:34,355.6,0
2021-06-22 10:12:35,355.6,0
2021-06-22 10:12:37,355.45,0
2021-06-22 10:12:39,355.45,0
2021-06-22 10:12:40,355.45,0
2021-06-22 10:12:41,355.45,0
2021-06-22 10:12:42,355.5,0
2021-06-22 10:12:43,355.5,0
2021-06-22 10:12:45,355.5,0
2021-06-22 10:12:47,355.5,0
2021-06-22 10:12:48,355.55,0
2021-06-22 10:12:49,355.5,0
2021-06-22 10:12:50,355.5,0
2021-06-22 10:12:51,355.5,0
2021-06-22 10:12:52,355.5,0
2021-06-22 10:12:53,355.55,0
2021-06-22 10:12:54,355.55,0
2021-06-22 10:12:55,355.5,0
2021-06-22 10:12:56,355.5,0
2021-06-22 10:12:57,355.5,0
2021-06-22 10:12:58,355.55,0
2021-06-22 10:12:59,355.55,0
2021-06-22 10:13:00,355.5,0
2021-06-22 10:13:01,355.5,0
2021-06-22 10:13:02,355.5,0
2021-06-22 10:13:03,355.5,0
2021-06-22 10:13:04,355.5,0
2021-06-22 10:13:05,355.55,0
2021-06-22 10:13:06,355.5,0
2021-06-22 10:13:07,355.5,0
2021-06-22 10:13:08,355.5,0
2021-06-22 10:13:10,355.55,0
2021-06-22 10:13:12,355.5,0
2021-06-22 10:13:13,355.6,0
2021-06-22 10:13:15,355.6,0
2021-06-22 10:13:16,355.55,0
2021-06-22 10:13:18,355.5,0
2021-06-22 10:13:19,355.5,0
2021-06-22 10:13:20,355.5,0
2021-06-22 10:13:21,355.5,0
2021-06-22 10:13:22,355.5,0
2021-06-22 10:13:23,355.55,0
2021-06-22 10:13:24,355.55,0
2021-06-22 10:13:26,355.6,0
2021-06-22 10:13:27,355.6,0
2021-06-22 10:13:28,355.6,0
2021-06-22 10:13:29,355.6,0
2021-06-22 10:13:30,355.6,0
2021-06-22 10:13:33,355.6,0
2021-06-22 10:13:34,355.55,0
2021-06-22 10:13:35,355.6,0
2021-06-22 10:13:37,355.5,0
2021-06-22 10:13:38,355.5,0
2021-06-22 10:13:39,355.5,0
2021-06-22 10:13:40,355.5,0
2021-06-22 10:13:41,355.5,0
2021-06-22 10:13:42,355.45,0
2021-06-22 10:13:43,355.45,0
2021-06-22 10:13:44,355.5,0
2021-06-22 10:13:45,355.5,0
2021-06-22 10:13:46,355.45,0
2021-06-22 10:13:47,355.45,0
2021-06-22 10:13:48,355.45,0
2021-06-22 10:13:50,355.5,0
2021-06-22 10:13:51,355.5,0
2021-06-22 10:13:52,355.5,0
2021-06-22 10:13:53,355.5,0
2021-06-22 10:13:54,355.5,0
2021-06-22 10:13:55,355.45,0
2021-06-22 10:13:56,355.5,0
2021-06-22 10:13:57,355.5,0
2021-06-22 10:13:58,355.45,0
2021-06-22 10:13:59,355.45,0
2021-06-22 10:14:00,355.45,0
2021-06-22 10:14:01,355.45,0
2021-06-22 10:14:02,355.45,0
2021-06-22 10:14:03,355.4,0
2021-06-22 10:14:06,355.45,0
2021-06-22 10:14:07,355.5,0
2021-06-22 10:14:08,355.45,0
2021-06-22 10:14:09,355.5,0
2021-06-22 10:14:10,355.5,0
2021-06-22 10:14:11,355.5,0
2021-06-22 10:14:12,355.55,0
2021-06-22 10:14:13,355.55,0
2021-06-22 10:14:14,355.55,0
2021-06-22 10:14:15,355.45,0
2021-06-22 10:14:16,355.45,0
2021-06-22 10:14:18,355.5,0
2021-06-22 10:14:19,355.45,0
2021-06-22 10:14:20,355.45,0
2021-06-22 10:14:21,355.45,0
2021-06-22 10:14:22,355.4,0
2021-06-22 10:14:24,355.45,0
2021-06-22 10:14:26,355.45,0
2021-06-22 10:14:27,355.45,0
2021-06-22 10:14:28,355.4,0
2021-06-22 10:14:31,355.45,0
2021-06-22 10:14:32,355.45,0
2021-06-22 10:14:34,355.45,0
2021-06-22 10:14:35,355.5,0
2021-06-22 10:14:36,355.5,0
2021-06-22 10:14:37,355.45,0
2021-06-22 10:14:39,355.55,0
2021-06-22 10:14:40,355.55,0
2021-06-22 10:14:41,355.55,0
2021-06-22 10:14:42,355.6,0
2021-06-22 10:14:43,355.6,0
2021-06-22 10:14:44,355.55,0
2021-06-22 10:14:45,355.55,0
2021-06-22 10:14:46,355.6,0
2021-06-22 10:14:47,355.55,0
2021-06-22 10:14:48,355.55,0
2021-06-22 10:14:50,355.55,0
2021-06-22 10:14:51,355.6,0
2021-06-22 10:14:52,355.6,0
2021-06-22 10:14:53,355.6,0
2021-06-22 10:14:54,355.6,0
2021-06-22 10:14:55,355.55,0
2021-06-22 10:14:56,355.45,0
2021-06-22 10:14:57,355.4,0
2021-06-22 10:14:58,355.4,0
2021-06-22 10:14:59,355.4,0
2021-06-22 10:15:00,355.4,0
2021-06-22 10:15:01,355.45,0
2021-06-22 10:15:02,355.45,0
2021-06-22 10:15:03,355.4,0
2021-06-22 10:15:04,355.4,0
2021-06-22 10:15:05,355.4,0
2021-06-22 10:15:06,355.4,0
2021-06-22 10:15:07,355.45,0
2021-06-22 10:15:08,355.45,0
2021-06-22 10:15:09,355.45,0
2021-06-22 10:15:10,355.45,0
2021-06-22 10:15:11,355.45,0
2021-06-22 10:15:12,355.45,0
2021-06-22 10:15:14,355.5,0
2021-06-22 10:15:15,355.55,0
2021-06-22 10:15:16,355.55,0
2021-06-22 10:15:17,355.5,0
2021-06-22 10:15:19,355.6,0
2021-06-22 10:15:20,355.65,0
2021-06-22 10:15:21,355.6,0
2021-06-22 10:15:22,355.6,0
2021-06-22 10:15:23,355.6,0
2021-06-22 10:15:24,355.6,0
2021-06-22 10:15:25,355.6,0
2021-06-22 10:15:26,355.6,0
2021-06-22 10:15:29,355.5,0
2021-06-22 10:15:30,355.5,0
2021-06-22 10:15:31,355.55,0
2021-06-22 10:15:32,355.5,0
2021-06-22 10:15:33,355.55,0
2021-06-22 10:15:34,355.55,0
2021-06-22 10:15:35,355.55,0
2021-06-22 10:15:36,355.5,0
2021-06-22 10:15:37,355.55,0
2021-06-22 10:15:38,355.45,0
2021-06-22 10:15:39,355.5,0
2021-06-22 10:15:40,355.55,0
2021-06-22 10:15:41,355.6,0
2021-06-22 10:15:42,355.65,0
2021-06-22 10:15:43,355.6,0
2021-06-22 10:15:44,355.65,0
2021-06-22 10:15:45,355.6,0
2021-06-22 10:15:46,355.55,0
2021-06-22 10:15:47,355.55,0
2021-06-22 10:15:48,355.55,0
2021-06-22 10:15:49,355.55,0
2021-06-22 10:15:50,355.55,0
2021-06-22 10:15:51,355.5,0
2021-06-22 10:15:52,355.55,0
2021-06-22 10:15:53,355.55,0
2021-06-22 10:15:54,355.55,0
2021-06-22 10:15:55,355.6,0
2021-06-22 10:15:56,355.55,0
2021-06-22 10:15:58,355.55,0
2021-06-22 10:15:59,355.6,0
2021-06-22 10:16:00,355.6,0
2021-06-22 10:16:01,355.55,0
2021-06-22 10:16:02,355.6,0
2021-06-22 10:16:03,355.6,0
2021-06-22 10:16:04,355.6,0
2021-06-22 10:16:05,355.6,0
2021-06-22 10:16:06,355.7,0
2021-06-22 10:16:08,355.65,0
2021-06-22 10:16:09,355.6,0
2021-06-22 10:16:10,355.6,0
2021-06-22 10:16:11,355.7,0
2021-06-22 10:16:12,355.75,0
2021-06-22 10:16:13,355.7,0
2021-06-22 10:16:15,355.7,0
2021-06-22 10:16:16,355.7,0
2021-06-22 10:16:17,355.7,0
2021-06-22 10:16:18,355.7,0
2021-06-22 10:16:19,355.7,0
2021-06-22 10:16:23,355.75,0
2021-06-22 10:16:24,355.75,0
2021-06-22 10:16:25,355.7,0
2021-06-22 10:16:26,355.7,0
2021-06-22 10:16:27,355.7,0
2021-06-22 10:16:28,355.7,0
2021-06-22 10:16:29,355.7,0
2021-06-22 10:16:30,355.7,0
2021-06-22 10:16:31,355.75,0
2021-06-22 10:16:32,355.75,0
2021-06-22 10:16:33,355.75,0
2021-06-22 10:16:34,355.75,0
2021-06-22 10:16:36,355.7,0
2021-06-22 10:16:39,355.65,0
2021-06-22 10:16:42,355.7,0
2021-06-22 10:16:44,355.75,0
2021-06-22 10:16:45,355.75,0
2021-06-22 10:16:46,355.8,0
2021-06-22 10:16:47,355.75,0
2021-06-22 10:16:48,355.75,0
2021-06-22 10:16:49,355.75,0
2021-06-22 10:16:52,355.65,0
2021-06-22 10:16:55,355.65,0
2021-06-22 10:16:56,355.8,0
2021-06-22 10:16:57,355.85,0
2021-06-22 10:16:58,355.75,0
2021-06-22 10:16:59,355.75,0
2021-06-22 10:17:00,355.75,0
2021-06-22 10:17:01,355.75,0
2021-06-22 10:17:02,355.8,0
2021-06-22 10:17:03,355.8,0
2021-06-22 10:17:04,355.75,0
2021-06-22 10:17:05,355.8,0
2021-06-22 10:17:06,355.75,0
2021-06-22 10:17:07,355.75,0
2021-06-22 10:17:08,355.75,0
2021-06-22 10:17:09,355.75,0
2021-06-22 10:17:11,355.75,0
2021-06-22 10:17:12,355.8,0
2021-06-22 10:17:13,355.8,0
2021-06-22 10:17:14,355.85,0
2021-06-22 10:17:15,355.9,0
2021-06-22 10:17:16,355.85,0
2021-06-22 10:17:17,355.85,0
2021-06-22 10:17:19,355.8,0
2021-06-22 10:17:21,355.85,0
2021-06-22 10:17:22,355.85,0
2021-06-22 10:17:23,355.85,0
2021-06-22 10:17:24,355.75,0
2021-06-22 10:17:25,355.8,0
2021-06-22 10:17:28,355.8,0
2021-06-22 10:17:29,355.8,0
2021-06-22 10:17:30,355.8,0
2021-06-22 10:17:32,355.75,0
2021-06-22 10:17:33,355.75,0
2021-06-22 10:17:35,355.75,0
2021-06-22 10:17:36,355.75,0
2021-06-22 10:17:37,355.75,0
2021-06-22 10:17:38,355.8,0
2021-06-22 10:17:39,355.9,0
2021-06-22 10:17:40,355.85,0
2021-06-22 10:17:41,355.85,0
2021-06-22 10:17:43,355.85,0
2021-06-22 10:17:44,355.85,0
2021-06-22 10:17:45,355.85,0
2021-06-22 10:17:46,355.85,0
2021-06-22 10:17:47,355.85,0
2021-06-22 10:17:48,355.85,0
2021-06-22 10:17:49,355.8,0
2021-06-22 10:17:51,355.85,0
2021-06-22 10:17:52,355.85,0
2021-06-22 10:17:57,355.85,0
2021-06-22 10:17:58,355.8,0
2021-06-22 10:17:59,355.8,0
2021-06-22 10:18:00,355.8,0
2021-06-22 10:18:01,355.85,0
2021-06-22 10:18:02,355.8,0
2021-06-22 10:18:03,355.8,0
2021-06-22 10:18:04,355.75,0
2021-06-22 10:18:05,355.75,0
2021-06-22 10:18:07,355.75,0
2021-06-22 10:18:08,356.0,0
2021-06-22 10:18:09,356.0,0
2021-06-22 10:18:10,356.0,0
2021-06-22 10:18:11,356.0,0
2021-06-22 10:18:12,356.05,0
2021-06-22 10:18:13,356.0,0
2021-06-22 10:18:14,355.95,0
2021-06-22 10:18:15,355.85,0
2021-06-22 10:18:18,355.95,0
2021-06-22 10:18:19,355.9,0
2021-06-22 10:18:20,355.9,0
2021-06-22 10:18:21,355.9,0
2021-06-22 10:18:22,355.95,0
2021-06-22 10:18:23,355.95,0
2021-06-22 10:18:24,355.95,0
2021-06-22 10:18:25,355.95,0
2021-06-22 10:18:26,355.85,0
2021-06-22 10:18:27,355.9,0
2021-06-22 10:18:28,355.9,0
2021-06-22 10:18:29,355.9,0
2021-06-22 10:18:30,355.9,0
2021-06-22 10:18:31,355.85,0
2021-06-22 10:18:32,355.85,0
2021-06-22 10:18:34,355.8,0
2021-06-22 10:18:35,355.8,0
2021-06-22 10:18:36,355.75,0
2021-06-22 10:18:37,355.7,0
2021-06-22 10:18:38,355.7,0
2021-06-22 10:18:39,355.7,0
2021-06-22 10:18:40,355.7,0
2021-06-22 10:18:41,355.7,0
2021-06-22 10:18:42,355.7,0
2021-06-22 10:18:43,355.7,0
2021-06-22 10:18:44,355.65,0
2021-06-22 10:18:45,355.75,0
2021-06-22 10:18:47,355.85,0
2021-06-22 10:18:48,355.9,0
2021-06-22 10:18:49,355.9,0
2021-06-22 10:18:50,355.85,0
2021-06-22 10:18:51,355.85,0
2021-06-22 10:18:52,355.85,0
2021-06-22 10:18:53,355.85,0
2021-06-22 10:18:56,355.85,0
2021-06-22 10:18:57,355.8,0
2021-06-22 10:18:58,355.8,0
2021-06-22 10:19:01,355.9,0
2021-06-22 10:19:02,355.9,0
2021-06-22 10:19:03,355.95,0
2021-06-22 10:19:05,356.0,0
2021-06-22 10:19:07,355.9,0
2021-06-22 10:19:09,355.9,0
2021-06-22 10:19:11,355.9,0
2021-06-22 10:19:13,355.95,0
2021-06-22 10:19:14,355.95,0
2021-06-22 10:19:15,356.0,0
2021-06-22 10:19:16,356.0,0
2021-06-22 10:19:20,355.9,0
2021-06-22 10:19:22,355.85,0
2021-06-22 10:19:23,355.85,0
2021-06-22 10:19:25,355.85,0
2021-06-22 10:19:26,355.85,0
2021-06-22 10:19:28,355.75,0
2021-06-22 10:19:29,355.8,0
2021-06-22 10:19:30,355.8,0
2021-06-22 10:19:31,355.75,0
2021-06-22 10:19:32,355.65,0
2021-06-22 10:19:33,355.65,0
2021-06-22 10:19:34,355.7,0
2021-06-22 10:19:35,355.7,0
2021-06-22 10:19:36,355.7,0
2021-06-22 10:19:37,355.7,0
2021-06-22 10:19:38,355.7,0
2021-06-22 10:19:39,355.7,0
2021-06-22 10:19:40,355.65,0
2021-06-22 10:19:41,355.65,0
2021-06-22 10:19:42,355.65,0
2021-06-22 10:19:44,355.75,0
2021-06-22 10:19:45,355.75,0
2021-06-22 10:19:46,355.85,0
2021-06-22 10:19:47,355.85,0
2021-06-22 10:19:48,355.85,0
2021-06-22 10:19:49,355.85,0
2021-06-22 10:19:50,355.85,0
2021-06-22 10:19:51,355.85,0
2021-06-22 10:19:52,355.85,0
2021-06-22 10:19:53,355.85,0
2021-06-22 10:19:54,355.85,0
2021-06-22 10:19:55,355.85,0
2021-06-22 10:19:56,355.9,0
2021-06-22 10:19:57,355.9,0
2021-06-22 10:19:58,355.9,0
2021-06-22 10:20:01,355.85,0
2021-06-22 10:20:02,355.8,0
2021-06-22 10:20:03,355.8,0
2021-06-22 10:20:04,355.85,0
2021-06-22 10:20:05,355.85,0
2021-06-22 10:20:06,355.85,0
2021-06-22 10:20:08,355.8,0
2021-06-22 10:20:09,355.85,0
2021-06-22 10:20:10,355.8,0
2021-06-22 10:20:11,355.75,0
2021-06-22 10:20:12,355.75,0
2021-06-22 10:20:14,355.75,0
2021-06-22 10:20:15,355.75,0
2021-06-22 10:20:16,355.75,0
2021-06-22 10:20:17,355.75,0
2021-06-22 10:20:18,355.75,0
2021-06-22 10:20:19,355.75,0
2021-06-22 10:20:20,355.8,0
2021-06-22 10:20:21,355.85,0
2021-06-22 10:20:22,355.85,0
2021-06-22 10:20:23,355.8,0
2021-06-22 10:20:24,355.75,0
2021-06-22 10:20:25,355.75,0
2021-06-22 10:20:26,355.75,0
2021-06-22 10:20:30,355.75,0
2021-06-22 10:20:31,355.8,0
2021-06-22 10:20:32,355.8,0
2021-06-22 10:20:34,355.8,0
2021-06-22 10:20:36,355.8,0
2021-06-22 10:20:37,355.8,0
2021-06-22 10:20:38,355.85,0
2021-06-22 10:20:39,355.85,0
2021-06-22 10:20:40,355.85,0
2021-06-22 10:20:41,355.8,0
2021-06-22 10:20:42,355.9,0
2021-06-22 10:20:43,355.85,0
2021-06-22 10:20:44,355.85,0
2021-06-22 10:20:45,355.8,0
2021-06-22 10:20:46,355.8,0
2021-06-22 10:20:47,355.75,0
2021-06-22 10:20:48,355.75,0
2021-06-22 10:20:49,355.75,0
2021-06-22 10:20:50,355.75,0
2021-06-22 10:20:51,355.75,0
2021-06-22 10:20:52,355.75,0
2021-06-22 10:20:53,355.75,0
2021-06-22 10:20:54,355.75,0
2021-06-22 10:20:55,355.75,0
2021-06-22 10:20:56,355.7,0
2021-06-22 10:20:57,355.7,0
2021-06-22 10:20:58,355.7,0
2021-06-22 10:20:59,355.7,0
2021-06-22 10:21:01,355.75,0
2021-06-22 10:21:02,355.7,0
2021-06-22 10:21:04,355.7,0
2021-06-22 10:21:05,355.75,0
2021-06-22 10:21:06,355.75,0
2021-06-22 10:21:07,355.75,0
2021-06-22 10:21:08,355.75,0
2021-06-22 10:21:09,355.75,0
2021-06-22 10:21:12,355.75,0
2021-06-22 10:21:13,355.7,0
2021-06-22 10:21:14,355.7,0
2021-06-22 10:21:16,355.7,0
2021-06-22 10:21:17,355.75,0
2021-06-22 10:21:18,355.75,0
2021-06-22 10:21:20,355.8,0
2021-06-22 10:21:21,355.8,0
2021-06-22 10:21:22,355.8,0
2021-06-22 10:21:23,355.8,0
2021-06-22 10:21:24,355.8,0
2021-06-22 10:21:25,355.7,0
2021-06-22 10:21:26,355.7,0
2021-06-22 10:21:27,355.7,0
2021-06-22 10:21:30,355.7,0
2021-06-22 10:21:31,355.7,0
2021-06-22 10:21:32,355.7,0
2021-06-22 10:21:33,355.8,0
2021-06-22 10:21:34,355.8,0
2021-06-22 10:21:35,355.8,0
2021-06-22 10:21:36,355.8,0
2021-06-22 10:21:37,355.8,0
2021-06-22 10:21:38,355.75,0
2021-06-22 10:21:39,355.75,0
2021-06-22 10:21:40,355.75,0
2021-06-22 10:21:41,355.8,0
2021-06-22 10:21:42,355.75,0
2021-06-22 10:21:44,355.75,0
2021-06-22 10:21:45,355.7,0
2021-06-22 10:21:46,355.75,0
2021-06-22 10:21:47,355.75,0
2021-06-22 10:21:48,355.75,0
2021-06-22 10:21:49,355.75,0
2021-06-22 10:21:50,355.75,0
2021-06-22 10:21:52,355.65,0
2021-06-22 10:21:53,355.7,0
2021-06-22 10:21:54,355.7,0
2021-06-22 10:21:56,355.7,0
2021-06-22 10:21:57,355.65,0
2021-06-22 10:21:58,355.65,0
2021-06-22 10:21:59,355.7,0
2021-06-22 10:22:00,355.65,0
2021-06-22 10:22:01,355.65,0
2021-06-22 10:22:02,355.65,0
2021-06-22 10:22:03,355.65,0
2021-06-22 10:22:04,355.65,0
2021-06-22 10:22:05,355.65,0
2021-06-22 10:22:06,355.65,0
2021-06-22 10:22:07,355.6,0
2021-06-22 10:22:08,355.55,0
2021-06-22 10:22:09,355.6,0
2021-06-22 10:22:11,355.6,0
2021-06-22 10:22:12,355.6,0
2021-06-22 10:22:13,355.65,0
2021-06-22 10:22:14,355.6,0
2021-06-22 10:22:15,355.65,0
2021-06-22 10:22:16,355.65,0
2021-06-22 10:22:17,355.65,0
2021-06-22 10:22:18,355.65,0
2021-06-22 10:22:19,355.65,0
2021-06-22 10:22:20,355.65,0
2021-06-22 10:22:21,355.65,0
2021-06-22 10:22:22,355.65,0
2021-06-22 10:22:23,355.65,0
2021-06-22 10:22:25,355.65,0
2021-06-22 10:22:26,355.7,0
2021-06-22 10:22:27,355.7,0
2021-06-22 10:22:28,355.7,0
2021-06-22 10:22:29,355.7,0
2021-06-22 10:22:31,355.65,0
2021-06-22 10:22:32,355.65,0
2021-06-22 10:22:33,355.65,0
2021-06-22 10:22:34,355.65,0
2021-06-22 10:22:36,355.65,0
2021-06-22 10:22:39,355.6,0
2021-06-22 10:22:40,355.6,0
2021-06-22 10:22:41,355.6,0
2021-06-22 10:22:42,355.6,0
2021-06-22 10:22:43,355.6,0
2021-06-22 10:22:44,355.6,0
2021-06-22 10:22:45,355.6,0
2021-06-22 10:22:46,355.6,0
2021-06-22 10:22:47,355.6,0
2021-06-22 10:22:48,355.6,0
2021-06-22 10:22:49,355.6,0
2021-06-22 10:22:50,355.6,0
2021-06-22 10:22:51,355.6,0
2021-06-22 10:22:53,355.55,0
2021-06-22 10:22:55,355.6,0
2021-06-22 10:22:56,355.55,0
2021-06-22 10:22:57,355.55,0
2021-06-22 10:22:58,355.55,0
2021-06-22 10:22:59,355.55,0
2021-06-22 10:23:00,355.55,0
2021-06-22 10:23:01,355.55,0
2021-06-22 10:23:03,355.55,0
2021-06-22 10:23:04,355.55,0
2021-06-22 10:23:05,355.55,0
2021-06-22 10:23:07,355.55,0
2021-06-22 10:23:08,355.55,0
2021-06-22 10:23:09,355.5,0
2021-06-22 10:23:11,355.55,0
2021-06-22 10:23:12,355.55,0
2021-06-22 10:23:13,355.55,0
2021-06-22 10:23:14,355.55,0
2021-06-22 10:23:15,355.5,0
2021-06-22 10:23:16,355.5,0
2021-06-22 10:23:17,355.55,0
2021-06-22 10:23:18,355.55,0
2021-06-22 10:23:19,355.55,0
2021-06-22 10:23:20,355.55,0
2021-06-22 10:23:21,355.55,0
2021-06-22 10:23:22,355.5,0
2021-06-22 10:23:23,355.55,0
2021-06-22 10:23:26,355.6,0
2021-06-22 10:23:27,355.65,0
2021-06-22 10:23:29,355.6,0
2021-06-22 10:23:30,355.65,0
2021-06-22 10:23:31,355.65,0
2021-06-22 10:23:32,355.6,0
2021-06-22 10:23:33,355.6,0
2021-06-22 10:23:34,355.65,0
2021-06-22 10:23:35,355.65,0
2021-06-22 10:23:36,355.65,0
2021-06-22 10:23:37,355.6,0
2021-06-22 10:23:38,355.65,0
2021-06-22 10:23:39,355.65,0
2021-06-22 10:23:40,355.6,0
2021-06-22 10:23:41,355.65,0
2021-06-22 10:23:44,355.6,0
2021-06-22 10:23:45,355.6,0
2021-06-22 10:23:46,355.55,0
2021-06-22 10:23:47,355.55,0
2021-06-22 10:23:48,355.55,0
2021-06-22 10:23:49,355.55,0
2021-06-22 10:23:50,355.65,0
2021-06-22 10:23:51,355.6,0
2021-06-22 10:23:54,355.6,0
2021-06-22 10:23:55,355.6,0
2021-06-22 10:23:58,355.55,0
2021-06-22 10:23:59,355.55,0
2021-06-22 10:24:01,355.65,0
2021-06-22 10:24:02,355.65,0
2021-06-22 10:24:04,355.65,0
2021-06-22 10:24:05,355.7,0
2021-06-22 10:24:06,355.65,0
2021-06-22 10:24:07,355.65,0
2021-06-22 10:24:08,355.65,0
2021-06-22 10:24:10,355.65,0
2021-06-22 10:24:11,355.65,0
2021-06-22 10:24:12,355.55,0
2021-06-22 10:24:13,355.55,0
2021-06-22 10:24:14,355.6,0
2021-06-22 10:24:15,355.6,0
2021-06-22 10:24:16,355.55,0
2021-06-22 10:24:17,355.55,0
2021-06-22 10:24:18,355.55,0
2021-06-22 10:24:20,355.5,0
2021-06-22 10:24:21,355.5,0
2021-06-22 10:24:22,355.55,0
2021-06-22 10:24:23,355.55,0
2021-06-22 10:24:24,355.5,0
2021-06-22 10:24:25,355.55,0
2021-06-22 10:24:26,355.55,0
2021-06-22 10:24:29,355.6,0
2021-06-22 10:24:30,355.55,0
2021-06-22 10:24:31,355.55,0
2021-06-22 10:24:32,355.55,0
2021-06-22 10:24:33,355.6,0
2021-06-22 10:24:34,355.6,0
2021-06-22 10:24:35,355.6,0
2021-06-22 10:24:36,355.6,0
2021-06-22 10:24:37,355.6,0
2021-06-22 10:24:38,355.55,0
2021-06-22 10:24:39,355.55,0
2021-06-22 10:24:41,355.55,0
2021-06-22 10:24:42,355.6,0
2021-06-22 10:24:43,355.5,0
2021-06-22 10:24:45,355.5,0
2021-06-22 10:24:46,355.5,0
2021-06-22 10:24:47,355.5,0
2021-06-22 10:24:48,355.5,0
2021-06-22 10:24:50,355.5,0
2021-06-22 10:24:51,355.5,0
2021-06-22 10:24:53,355.5,0
2021-06-22 10:24:54,355.5,0
2021-06-22 10:24:55,355.5,0
2021-06-22 10:24:57,355.5,0
2021-06-22 10:24:59,355.5,0
2021-06-22 10:25:00,355.55,0
2021-06-22 10:25:01,355.5,0
2021-06-22 10:25:03,355.5,0
2021-06-22 10:25:04,355.55,0
2021-06-22 10:25:06,355.55,0
2021-06-22 10:25:07,355.5,0
2021-06-22 10:25:08,355.55,0
2021-06-22 10:25:09,355.5,0
2021-06-22 10:25:10,355.5,0
2021-06-22 10:25:12,355.55,0
2021-06-22 10:25:14,355.55,0
2021-06-22 10:25:15,355.5,0
2021-06-22 10:25:17,355.55,0
2021-06-22 10:25:18,355.5,0
2021-06-22 10:25:19,355.5,0
2021-06-22 10:25:21,355.6,0
2021-06-22 10:25:23,355.6,0
2021-06-22 10:25:24,355.6,0
2021-06-22 10:25:25,355.6,0
2021-06-22 10:25:26,355.55,0
2021-06-22 10:25:28,355.5,0
2021-06-22 10:25:29,355.55,0
2021-06-22 10:25:30,355.55,0
2021-06-22 10:25:31,355.5,0
2021-06-22 10:25:32,355.5,0
2021-06-22 10:25:33,355.55,0
2021-06-22 10:25:34,355.55,0
2021-06-22 10:25:35,355.55,0
2021-06-22 10:25:36,355.5,0
2021-06-22 10:25:37,355.55,0
2021-06-22 10:25:38,355.55,0
2021-06-22 10:25:40,355.55,0
2021-06-22 10:25:41,355.55,0
2021-06-22 10:25:43,355.55,0
2021-06-22 10:25:44,355.55,0
2021-06-22 10:25:45,355.6,0
2021-06-22 10:25:46,355.6,0
2021-06-22 10:25:48,355.6,0
2021-06-22 10:25:49,355.55,0
2021-06-22 10:25:51,355.6,0
2021-06-22 10:25:52,355.6,0
2021-06-22 10:25:53,355.6,0
2021-06-22 10:25:54,355.6,0
2021-06-22 10:25:55,355.6,0
2021-06-22 10:25:56,355.55,0
2021-06-22 10:25:57,355.55,0
2021-06-22 10:25:58,355.55,0
2021-06-22 10:25:59,355.5,0
2021-06-22 10:26:00,355.5,0
2021-06-22 10:26:01,355.5,0
2021-06-22 10:26:02,355.55,0
2021-06-22 10:26:03,355.5,0
2021-06-22 10:26:04,355.55,0
2021-06-22 10:26:05,355.55,0
2021-06-22 10:26:06,355.6,0
2021-06-22 10:26:07,355.6,0
2021-06-22 10:26:08,355.55,0
2021-06-22 10:26:09,355.55,0
2021-06-22 10:26:10,355.55,0
2021-06-22 10:26:11,355.55,0
2021-06-22 10:26:12,355.55,0
2021-06-22 10:26:13,355.55,0
2021-06-22 10:26:14,355.55,0
2021-06-22 10:26:15,355.6,0
2021-06-22 10:26:16,355.6,0
2021-06-22 10:26:17,355.6,0
2021-06-22 10:26:18,355.55,0
2021-06-22 10:26:20,355.6,0
2021-06-22 10:26:21,355.6,0
2021-06-22 10:26:22,355.6,0
2021-06-22 10:26:23,355.6,0
2021-06-22 10:26:25,355.6,0
2021-06-22 10:26:26,355.6,0
2021-06-22 10:26:27,355.65,0
2021-06-22 10:26:28,355.7,0
2021-06-22 10:26:29,355.7,0
2021-06-22 10:26:30,355.7,0
2021-06-22 10:26:31,355.7,0
2021-06-22 10:26:32,355.7,0
2021-06-22 10:26:33,355.7,0
2021-06-22 10:26:34,355.7,0
2021-06-22 10:26:35,355.7,0
2021-06-22 10:26:36,355.7,0
2021-06-22 10:26:37,355.7,0
2021-06-22 10:26:38,355.7,0
2021-06-22 10:26:39,355.7,0
2021-06-22 10:26:40,355.75,0
2021-06-22 10:26:41,355.7,0
2021-06-22 10:26:42,355.7,0
2021-06-22 10:26:44,355.7,0
2021-06-22 10:26:46,355.65,0
2021-06-22 10:26:47,355.65,0
2021-06-22 10:26:48,355.65,0
2021-06-22 10:26:49,355.7,0
2021-06-22 10:26:50,355.7,0
2021-06-22 10:26:52,355.65,0
2021-06-22 10:26:53,355.65,0
2021-06-22 10:26:54,355.7,0
2021-06-22 10:26:55,355.65,0
2021-06-22 10:26:56,355.65,0
2021-06-22 10:26:57,355.7,0
2021-06-22 10:26:58,355.65,0
2021-06-22 10:27:00,355.65,0
2021-06-22 10:27:01,355.7,0
2021-06-22 10:27:03,355.65,0
2021-06-22 10:27:04,355.65,0
2021-06-22 10:27:08,355.7,0
2021-06-22 10:27:10,355.7,0
2021-06-22 10:27:11,355.75,0
2021-06-22 10:27:13,355.7,0
2021-06-22 10:27:14,355.75,0
2021-06-22 10:27:15,355.7,0
2021-06-22 10:27:16,355.7,0
2021-06-22 10:27:18,355.7,0
2021-06-22 10:27:20,355.7,0
2021-06-22 10:27:22,355.7,0
2021-06-22 10:27:23,355.7,0
2021-06-22 10:27:24,355.7,0
2021-06-22 10:27:25,355.7,0
2021-06-22 10:27:26,355.7,0
2021-06-22 10:27:28,355.7,0
2021-06-22 10:27:31,355.7,0
2021-06-22 10:27:32,355.65,0
2021-06-22 10:27:34,355.65,0
2021-06-22 10:27:35,355.65,0
2021-06-22 10:27:37,355.7,0
2021-06-22 10:27:38,355.75,0
2021-06-22 10:27:39,355.75,0
2021-06-22 10:27:40,355.75,0
2021-06-22 10:27:41,355.75,0
2021-06-22 10:27:42,355.7,0
2021-06-22 10:27:43,355.6,0
2021-06-22 10:27:44,355.65,0
2021-06-22 10:27:45,355.65,0
2021-06-22 10:27:47,355.65,0
2021-06-22 10:27:48,355.65,0
2021-06-22 10:27:49,355.7,0
2021-06-22 10:27:51,355.75,0
2021-06-22 10:27:52,355.7,0
2021-06-22 10:27:54,355.75,0
2021-06-22 10:27:55,355.75,0
2021-06-22 10:27:56,355.75,0
2021-06-22 10:27:58,355.7,0
2021-06-22 10:27:59,355.65,0
2021-06-22 10:28:01,355.65,0
2021-06-22 10:28:02,355.6,0
2021-06-22 10:28:03,355.65,0
2021-06-22 10:28:04,355.6,0
2021-06-22 10:28:05,355.65,0
2021-06-22 10:28:06,355.65,0
2021-06-22 10:28:07,355.65,0
2021-06-22 10:28:08,355.65,0
2021-06-22 10:28:09,355.6,0
2021-06-22 10:28:10,355.65,0
2021-06-22 10:28:11,355.65,0
2021-06-22 10:28:13,355.6,0
2021-06-22 10:28:15,355.65,0
2021-06-22 10:28:16,355.65,0
2021-06-22 10:28:17,355.7,0
2021-06-22 10:28:18,355.65,0
2021-06-22 10:28:20,355.7,0
2021-06-22 10:28:21,355.65,0
2021-06-22 10:28:22,355.65,0
2021-06-22 10:28:24,355.7,0
2021-06-22 10:28:25,355.7,0
2021-06-22 10:28:26,355.65,0
2021-06-22 10:28:27,355.65,0
2021-06-22 10:28:28,355.65,0
2021-06-22 10:28:29,355.65,0
2021-06-22 10:28:30,355.65,0
2021-06-22 10:28:31,355.65,0
2021-06-22 10:28:32,355.65,0
2021-06-22 10:28:34,355.65,0
2021-06-22 10:28:35,355.7,0
2021-06-22 10:28:36,355.7,0
2021-06-22 10:28:38,355.6,0
2021-06-22 10:28:40,355.55,0
2021-06-22 10:28:41,355.6,0
2021-06-22 10:28:45,355.7,0
2021-06-22 10:28:46,355.65,0
2021-06-22 10:28:47,355.65,0
2021-06-22 10:28:49,355.7,0
2021-06-22 10:28:50,355.7,0
2021-06-22 10:28:51,355.7,0
2021-06-22 10:28:52,355.7,0
2021-06-22 10:28:53,355.7,0
2021-06-22 10:28:55,355.65,0
2021-06-22 10:28:56,355.65,0
