timestamp,ltp,volume
2021-06-22 09:16:33,35090.85,0
2021-06-22 09:16:36,35078.25,0
2021-06-22 09:16:38,35082.85,0
2021-06-22 09:16:40,35080.95,0
2021-06-22 09:16:41,35066.0,0
2021-06-22 09:16:42,35077.9,0
2021-06-22 09:16:44,35069.45,0
2021-06-22 09:16:45,35078.25,0
2021-06-22 09:16:46,35076.1,0
2021-06-22 09:16:47,35069.85,0
2021-06-22 09:16:48,35063.75,0
2021-06-22 09:16:51,35066.3,0
2021-06-22 09:16:52,35059.9,0
2021-06-22 09:16:53,35063.25,0
2021-06-22 09:16:54,35059.55,0
2021-06-22 09:16:55,35065.35,0
2021-06-22 09:16:56,35057.85,0
2021-06-22 09:16:57,35049.1,0
2021-06-22 09:16:58,35051.75,0
2021-06-22 09:16:59,35045.15,0
2021-06-22 09:17:00,35047.7,0
2021-06-22 09:17:01,35043.7,0
2021-06-22 09:17:02,35047.05,0
2021-06-22 09:17:03,35041.7,0
2021-06-22 09:17:04,35043.35,0
2021-06-22 09:17:05,35044.6,0
2021-06-22 09:17:06,35042.55,0
2021-06-22 09:17:07,35053.45,0
2021-06-22 09:17:08,35051.5,0
2021-06-22 09:17:10,35051.1,0
2021-06-22 09:17:11,35060.7,0
2021-06-22 09:17:12,35059.4,0
2021-06-22 09:17:13,35060.75,0
2021-06-22 09:17:14,35063.35,0
2021-06-22 09:17:15,35063.5,0
2021-06-22 09:17:16,35066.7,0
2021-06-22 09:17:19,35068.4,0
2021-06-22 09:17:20,35067.15,0
2021-06-22 09:17:21,35070.4,0
2021-06-22 09:17:22,35072.25,0
2021-06-22 09:17:23,35072.05,0
2021-06-22 09:17:24,35071.15,0
2021-06-22 09:17:25,35071.55,0
2021-06-22 09:17:26,35074.6,0
2021-06-22 09:17:27,35069.55,0
2021-06-22 09:17:28,35073.05,0
2021-06-22 09:17:29,35073.5,0
2021-06-22 09:17:30,35076.3,0
2021-06-22 09:17:32,35073.2,0
2021-06-22 09:17:33,35071.85,0
2021-06-22 09:17:34,35076.95,0
2021-06-22 09:17:35,35077.85,0
2021-06-22 09:17:37,35076.2,0
2021-06-22 09:17:38,35077.2,0
2021-06-22 09:17:39,35078.25,0
2021-06-22 09:17:40,35076.35,0
2021-06-22 09:17:42,35082.6,0
2021-06-22 09:17:43,35078.9,0
2021-06-22 09:17:44,35078.65,0
2021-06-22 09:17:46,35084.15,0
2021-06-22 09:17:48,35081.5,0
2021-06-22 09:17:49,35080.6,0
2021-06-22 09:17:50,35086.1,0
2021-06-22 09:17:51,35085.45,0
2021-06-22 09:17:52,35088.0,0
2021-06-22 09:17:53,35085.7,0
2021-06-22 09:17:54,35086.3,0
2021-06-22 09:17:55,35083.2,0
2021-06-22 09:17:57,35087.55,0
2021-06-22 09:17:58,35086.2,0
2021-06-22 09:18:00,35087.5,0
2021-06-22 09:18:01,35082.7,0
2021-06-22 09:18:02,35082.5,0
2021-06-22 09:18:03,35085.25,0
2021-06-22 09:18:04,35081.5,0
2021-06-22 09:18:06,35078.2,0
2021-06-22 09:18:07,35070.9,0
2021-06-22 09:18:08,35066.75,0
2021-06-22 09:18:09,35074.35,0
2021-06-22 09:18:10,35065.15,0
2021-06-22 09:18:11,35065.0,0
2021-06-22 09:18:12,35066.1,0
2021-06-22 09:18:13,35070.7,0
2021-06-22 09:18:14,35064.65,0
2021-06-22 09:18:15,35071.55,0
2021-06-22 09:18:16,35066.9,0
2021-06-22 09:18:17,35067.25,0
2021-06-22 09:18:18,35075.3,0
2021-06-22 09:18:19,35070.3,0
2021-06-22 09:18:20,35071.5,0
2021-06-22 09:18:21,35077.35,0
2021-06-22 09:18:23,35077.1,0
2021-06-22 09:18:24,35074.75,0
2021-06-22 09:18:25,35072.15,0
2021-06-22 09:18:26,35073.0,0
2021-06-22 09:18:27,35067.65,0
2021-06-22 09:18:28,35077.6,0
2021-06-22 09:18:29,35074.7,0
2021-06-22 09:18:30,35077.1,0
2021-06-22 09:18:31,35077.65,0
2021-06-22 09:18:32,35077.55,0
2021-06-22 09:18:33,35078.3,0
2021-06-22 09:18:34,35073.85,0
2021-06-22 09:18:35,35083.95,0
2021-06-22 09:18:37,35083.8,0
2021-06-22 09:18:38,35077.55,0
2021-06-22 09:18:39,35078.1,0
2021-06-22 09:18:40,35078.3,0
2021-06-22 09:18:41,35076.35,0
2021-06-22 09:18:42,35077.0,0
2021-06-22 09:18:43,35074.45,0
2021-06-22 09:18:44,35078.2,0
2021-06-22 09:18:45,35078.9,0
2021-06-22 09:18:46,35080.05,0
2021-06-22 09:18:47,35079.9,0
2021-06-22 09:18:48,35080.35,0
2021-06-22 09:18:49,35084.55,0
2021-06-22 09:18:50,35075.6,0
2021-06-22 09:18:51,35081.35,0
2021-06-22 09:18:52,35083.2,0
2021-06-22 09:18:53,35084.8,0
2021-06-22 09:18:54,35080.55,0
2021-06-22 09:18:55,35080.3,0
2021-06-22 09:18:56,35076.95,0
2021-06-22 09:18:57,35081.35,0
2021-06-22 09:18:58,35072.15,0
2021-06-22 09:18:59,35074.9,0
2021-06-22 09:19:00,35074.25,0
2021-06-22 09:19:01,35079.35,0
2021-06-22 09:19:02,35080.75,0
2021-06-22 09:19:03,35081.25,0
2021-06-22 09:19:04,35081.0,0
2021-06-22 09:19:05,35082.35,0
2021-06-22 09:19:06,35081.1,0
2021-06-22 09:19:07,35080.95,0
2021-06-22 09:19:08,35084.9,0
2021-06-22 09:19:09,35082.6,0
2021-06-22 09:19:10,35079.1,0
2021-06-22 09:19:11,35079.5,0
2021-06-22 09:19:12,35086.45,0
2021-06-22 09:19:13,35084.1,0
2021-06-22 09:19:14,35088.65,0
2021-06-22 09:19:15,35087.1,0
2021-06-22 09:19:16,35081.65,0
2021-06-22 09:19:17,35080.8,0
2021-06-22 09:19:18,35086.55,0
2021-06-22 09:19:19,35088.15,0
2021-06-22 09:19:20,35088.5,0
2021-06-22 09:19:21,35088.45,0
2021-06-22 09:19:22,35090.35,0
2021-06-22 09:19:23,35089.45,0
2021-06-22 09:19:24,35093.75,0
2021-06-22 09:19:25,35096.25,0
2021-06-22 09:19:26,35097.7,0
2021-06-22 09:19:27,35099.5,0
2021-06-22 09:19:28,35099.0,0
2021-06-22 09:19:29,35102.9,0
2021-06-22 09:19:30,35109.0,0
2021-06-22 09:19:31,35105.8,0
2021-06-22 09:19:32,35110.3,0
2021-06-22 09:19:33,35114.8,0
2021-06-22 09:19:34,35124.85,0
2021-06-22 09:19:35,35122.95,0
2021-06-22 09:19:36,35122.8,0
2021-06-22 09:19:37,35120.8,0
2021-06-22 09:19:38,35118.35,0
2021-06-22 09:19:39,35123.4,0
2021-06-22 09:19:40,35123.05,0
2021-06-22 09:19:42,35122.2,0
2021-06-22 09:19:43,35117.95,0
2021-06-22 09:19:44,35124.65,0
2021-06-22 09:19:45,35125.15,0
2021-06-22 09:19:46,35122.2,0
2021-06-22 09:19:47,35127.9,0
2021-06-22 09:19:48,35127.35,0
2021-06-22 09:19:49,35131.1,0
2021-06-22 09:19:50,35129.55,0
2021-06-22 09:19:51,35131.05,0
2021-06-22 09:19:52,35134.1,0
2021-06-22 09:19:53,35133.45,0
2021-06-22 09:19:54,35134.95,0
2021-06-22 09:19:55,35134.45,0
2021-06-22 09:19:57,35136.65,0
2021-06-22 09:19:59,35138.1,0
2021-06-22 09:20:00,35139.15,0
2021-06-22 09:20:01,35135.1,0
2021-06-22 09:20:03,35143.3,0
2021-06-22 09:20:04,35137.55,0
2021-06-22 09:20:05,35139.0,0
2021-06-22 09:20:06,35142.9,0
2021-06-22 09:20:08,35139.45,0
2021-06-22 09:20:09,35143.1,0
2021-06-22 09:20:10,35142.25,0
2021-06-22 09:20:11,35146.7,0
2021-06-22 09:20:12,35145.25,0
2021-06-22 09:20:13,35144.4,0
2021-06-22 09:20:14,35140.65,0
2021-06-22 09:20:15,35144.7,0
2021-06-22 09:20:16,35143.3,0
2021-06-22 09:20:17,35150.45,0
2021-06-22 09:20:19,35149.15,0
2021-06-22 09:20:20,35147.0,0
2021-06-22 09:20:21,35150.25,0
2021-06-22 09:20:22,35146.25,0
2021-06-22 09:20:23,35145.35,0
2021-06-22 09:20:24,35148.0,0
2021-06-22 09:20:25,35148.9,0
2021-06-22 09:20:26,35147.55,0
2021-06-22 09:20:27,35146.45,0
2021-06-22 09:20:30,35152.1,0
2021-06-22 09:20:34,35156.75,0
2021-06-22 09:20:35,35151.25,0
2021-06-22 09:20:36,35155.5,0
2021-06-22 09:20:38,35152.6,0
2021-06-22 09:20:39,35157.15,0
2021-06-22 09:20:40,35154.85,0
2021-06-22 09:20:41,35156.2,0
2021-06-22 09:20:42,35157.9,0
2021-06-22 09:20:43,35153.45,0
2021-06-22 09:20:44,35156.5,0
2021-06-22 09:20:45,35154.15,0
2021-06-22 09:20:46,35153.5,0
2021-06-22 09:20:47,35154.05,0
2021-06-22 09:20:48,35153.1,0
2021-06-22 09:20:49,35157.8,0
2021-06-22 09:20:50,35166.0,0
2021-06-22 09:20:51,35163.25,0
2021-06-22 09:20:52,35163.45,0
2021-06-22 09:20:53,35165.15,0
2021-06-22 09:20:54,35162.4,0
2021-06-22 09:20:55,35160.1,0
2021-06-22 09:20:57,35163.4,0
2021-06-22 09:20:58,35163.35,0
2021-06-22 09:20:59,35165.5,0
2021-06-22 09:21:00,35169.3,0
2021-06-22 09:21:01,35167.7,0
2021-06-22 09:21:02,35171.5,0
2021-06-22 09:21:03,35167.7,0
2021-06-22 09:21:04,35165.05,0
2021-06-22 09:21:05,35169.7,0
2021-06-22 09:21:06,35164.4,0
2021-06-22 09:21:08,35167.85,0
2021-06-22 09:21:10,35167.8,0
2021-06-22 09:21:11,35164.45,0
2021-06-22 09:21:12,35166.2,0
2021-06-22 09:21:13,35164.45,0
2021-06-22 09:21:14,35157.65,0
2021-06-22 09:21:15,35162.75,0
2021-06-22 09:21:16,35163.05,0
2021-06-22 09:21:17,35159.2,0
2021-06-22 09:21:18,35160.6,0
2021-06-22 09:21:19,35159.4,0
2021-06-22 09:21:20,35164.15,0
2021-06-22 09:21:21,35164.7,0
2021-06-22 09:21:23,35168.45,0
2021-06-22 09:21:24,35169.0,0
2021-06-22 09:21:25,35167.55,0
2021-06-22 09:21:26,35173.85,0
2021-06-22 09:21:27,35178.0,0
2021-06-22 09:21:28,35172.65,0
2021-06-22 09:21:29,35177.7,0
2021-06-22 09:21:30,35174.9,0
2021-06-22 09:21:31,35185.3,0
2021-06-22 09:21:32,35187.05,0
2021-06-22 09:21:33,35181.65,0
2021-06-22 09:21:35,35186.0,0
2021-06-22 09:21:36,35176.65,0
2021-06-22 09:21:37,35177.0,0
2021-06-22 09:21:38,35180.45,0
2021-06-22 09:21:39,35180.05,0
2021-06-22 09:21:40,35181.3,0
2021-06-22 09:21:41,35180.05,0
2021-06-22 09:21:42,35178.25,0
2021-06-22 09:21:43,35176.5,0
2021-06-22 09:21:44,35175.3,0
2021-06-22 09:21:45,35184.4,0
2021-06-22 09:21:46,35181.15,0
2021-06-22 09:21:48,35184.25,0
2021-06-22 09:21:49,35180.45,0
2021-06-22 09:21:50,35181.8,0
2021-06-22 09:21:51,35182.75,0
2021-06-22 09:21:52,35186.15,0
2021-06-22 09:21:53,35183.55,0
2021-06-22 09:21:54,35185.25,0
2021-06-22 09:21:55,35185.15,0
2021-06-22 09:21:56,35186.45,0
2021-06-22 09:21:57,35179.1,0
2021-06-22 09:21:58,35181.3,0
2021-06-22 09:21:59,35180.35,0
2021-06-22 09:22:02,35177.1,0
2021-06-22 09:22:03,35177.45,0
2021-06-22 09:22:04,35178.05,0
2021-06-22 09:22:05,35179.5,0
2021-06-22 09:22:07,35172.7,0
2021-06-22 09:22:08,35167.75,0
2021-06-22 09:22:09,35173.8,0
2021-06-22 09:22:10,35163.45,0
2021-06-22 09:22:11,35162.8,0
2021-06-22 09:22:12,35159.85,0
2021-06-22 09:22:15,35161.3,0
2021-06-22 09:22:16,35165.1,0
2021-06-22 09:22:17,35167.15,0
2021-06-22 09:22:18,35172.15,0
2021-06-22 09:22:19,35170.85,0
2021-06-22 09:22:20,35179.05,0
2021-06-22 09:22:22,35186.75,0
2021-06-22 09:22:24,35184.55,0
2021-06-22 09:22:26,35185.0,0
2021-06-22 09:22:29,35183.95,0
2021-06-22 09:22:30,35182.9,0
2021-06-22 09:22:31,35182.35,0
2021-06-22 09:22:32,35181.55,0
2021-06-22 09:22:34,35185.5,0
2021-06-22 09:22:35,35183.5,0
2021-06-22 09:22:36,35182.3,0
2021-06-22 09:22:37,35184.95,0
2021-06-22 09:22:38,35190.25,0
2021-06-22 09:22:39,35187.1,0
2021-06-22 09:22:40,35185.85,0
2021-06-22 09:22:41,35186.1,0
2021-06-22 09:22:42,35188.1,0
2021-06-22 09:22:43,35189.5,0
2021-06-22 09:22:45,35194.2,0
2021-06-22 09:22:46,35191.35,0
2021-06-22 09:22:47,35187.05,0
2021-06-22 09:22:48,35190.75,0
2021-06-22 09:22:49,35196.3,0
2021-06-22 09:22:50,35193.7,0
2021-06-22 09:22:51,35197.8,0
2021-06-22 09:22:52,35196.5,0
2021-06-22 09:22:53,35192.85,0
2021-06-22 09:22:54,35191.95,0
2021-06-22 09:22:55,35193.8,0
2021-06-22 09:22:56,35196.25,0
2021-06-22 09:22:57,35193.05,0
2021-06-22 09:22:58,35193.7,0
2021-06-22 09:22:59,35193.75,0
2021-06-22 09:23:00,35193.9,0
2021-06-22 09:23:01,35193.85,0
2021-06-22 09:23:02,35195.55,0
2021-06-22 09:23:03,35192.65,0
2021-06-22 09:23:04,35188.2,0
2021-06-22 09:23:06,35193.5,0
2021-06-22 09:23:07,35187.45,0
2021-06-22 09:23:09,35192.25,0
2021-06-22 09:23:10,35193.35,0
2021-06-22 09:23:11,35189.25,0
2021-06-22 09:23:12,35194.5,0
2021-06-22 09:23:13,35194.15,0
2021-06-22 09:23:15,35192.85,0
2021-06-22 09:23:16,35194.35,0
2021-06-22 09:23:18,35197.45,0
2021-06-22 09:23:19,35198.45,0
2021-06-22 09:23:20,35193.0,0
2021-06-22 09:23:22,35195.15,0
2021-06-22 09:23:23,35194.95,0
2021-06-22 09:23:24,35201.4,0
2021-06-22 09:23:25,35197.1,0
2021-06-22 09:23:26,35199.35,0
2021-06-22 09:23:28,35192.2,0
2021-06-22 09:23:29,35194.4,0
2021-06-22 09:23:30,35196.2,0
2021-06-22 09:23:31,35193.65,0
2021-06-22 09:23:32,35194.2,0
2021-06-22 09:23:33,35193.65,0
2021-06-22 09:23:35,35186.35,0
2021-06-22 09:23:36,35185.8,0
2021-06-22 09:23:37,35187.0,0
2021-06-22 09:23:38,35188.55,0
2021-06-22 09:23:41,35193.5,0
2021-06-22 09:23:42,35193.65,0
2021-06-22 09:23:43,35191.25,0
2021-06-22 09:23:45,35197.45,0
2021-06-22 09:23:46,35197.1,0
2021-06-22 09:23:47,35193.5,0
2021-06-22 09:23:48,35196.9,0
2021-06-22 09:23:49,35196.55,0
2021-06-22 09:23:51,35193.15,0
2021-06-22 09:23:52,35192.9,0
2021-06-22 09:23:53,35194.1,0
2021-06-22 09:23:54,35187.7,0
2021-06-22 09:23:56,35184.5,0
2021-06-22 09:23:57,35183.6,0
2021-06-22 09:23:58,35183.95,0
2021-06-22 09:24:00,35182.3,0
2021-06-22 09:24:01,35182.45,0
2021-06-22 09:24:02,35178.85,0
2021-06-22 09:24:03,35179.55,0
2021-06-22 09:24:05,35178.75,0
2021-06-22 09:24:06,35179.75,0
2021-06-22 09:24:07,35175.3,0
2021-06-22 09:24:08,35178.65,0
2021-06-22 09:24:09,35172.1,0
2021-06-22 09:24:10,35167.65,0
2021-06-22 09:24:11,35172.65,0
2021-06-22 09:24:12,35178.3,0
2021-06-22 09:24:13,35178.1,0
2021-06-22 09:24:14,35174.75,0
2021-06-22 09:24:15,35170.75,0
2021-06-22 09:24:16,35179.05,0
2021-06-22 09:24:19,35170.9,0
2021-06-22 09:24:20,35176.85,0
2021-06-22 09:24:23,35173.1,0
2021-06-22 09:24:25,35175.15,0
2021-06-22 09:24:27,35167.55,0
2021-06-22 09:24:29,35166.25,0
2021-06-22 09:24:31,35170.4,0
2021-06-22 09:24:34,35173.15,0
2021-06-22 09:24:35,35171.35,0
2021-06-22 09:24:36,35175.45,0
2021-06-22 09:24:38,35177.4,0
2021-06-22 09:24:39,35177.25,0
2021-06-22 09:24:40,35171.3,0
2021-06-22 09:24:41,35170.8,0
2021-06-22 09:24:42,35173.85,0
2021-06-22 09:24:44,35178.1,0
2021-06-22 09:24:45,35172.65,0
2021-06-22 09:24:46,35177.7,0
2021-06-22 09:24:47,35179.1,0
2021-06-22 09:24:48,35178.6,0
2021-06-22 09:24:49,35173.85,0
2021-06-22 09:24:50,35173.6,0
2021-06-22 09:24:51,35170.55,0
2021-06-22 09:24:52,35169.85,0
2021-06-22 09:24:53,35169.8,0
2021-06-22 09:24:54,35173.05,0
2021-06-22 09:24:55,35170.6,0
2021-06-22 09:24:56,35174.35,0
2021-06-22 09:24:57,35172.95,0
2021-06-22 09:24:58,35171.25,0
2021-06-22 09:24:59,35178.25,0
2021-06-22 09:25:00,35171.2,0
2021-06-22 09:25:01,35170.05,0
2021-06-22 09:25:02,35177.4,0
2021-06-22 09:25:03,35172.2,0
2021-06-22 09:25:04,35165.95,0
2021-06-22 09:25:05,35167.85,0
2021-06-22 09:25:06,35168.35,0
2021-06-22 09:25:07,35168.8,0
2021-06-22 09:25:09,35160.55,0
2021-06-22 09:25:11,35161.05,0
2021-06-22 09:25:12,35160.35,0
2021-06-22 09:25:13,35162.9,0
2021-06-22 09:25:14,35159.0,0
2021-06-22 09:25:15,35161.3,0
2021-06-22 09:25:16,35158.7,0
2021-06-22 09:25:17,35158.5,0
2021-06-22 09:25:18,35154.3,0
2021-06-22 09:25:19,35155.25,0
2021-06-22 09:25:20,35157.1,0
2021-06-22 09:25:22,35156.75,0
2021-06-22 09:25:23,35157.65,0
2021-06-22 09:25:24,35154.75,0
2021-06-22 09:25:25,35153.25,0
2021-06-22 09:25:26,35151.9,0
2021-06-22 09:25:27,35146.85,0
2021-06-22 09:25:28,35149.5,0
2021-06-22 09:25:29,35147.95,0
2021-06-22 09:25:30,35146.6,0
2021-06-22 09:25:31,35146.15,0
2021-06-22 09:25:32,35148.6,0
2021-06-22 09:25:34,35156.95,0
2021-06-22 09:25:35,35156.6,0
2021-06-22 09:25:36,35155.9,0
2021-06-22 09:25:37,35149.8,0
2021-06-22 09:25:38,35148.0,0
2021-06-22 09:25:39,35151.9,0
2021-06-22 09:25:40,35152.55,0
2021-06-22 09:25:41,35150.35,0
2021-06-22 09:25:42,35150.15,0
2021-06-22 09:25:43,35148.45,0
2021-06-22 09:25:44,35150.3,0
2021-06-22 09:25:45,35154.45,0
2021-06-22 09:25:46,35161.35,0
2021-06-22 09:25:47,35159.2,0
2021-06-22 09:25:49,35159.45,0
2021-06-22 09:25:50,35160.1,0
2021-06-22 09:25:51,35157.8,0
2021-06-22 09:25:53,35159.65,0
2021-06-22 09:25:54,35162.8,0
2021-06-22 09:25:55,35160.2,0
2021-06-22 09:25:56,35160.65,0
2021-06-22 09:25:57,35159.5,0
2021-06-22 09:25:59,35155.7,0
2021-06-22 09:26:00,35157.2,0
2021-06-22 09:26:01,35155.8,0
2021-06-22 09:26:02,35152.3,0
2021-06-22 09:26:03,35155.8,0
2021-06-22 09:26:04,35153.2,0
2021-06-22 09:26:06,35152.7,0
2021-06-22 09:26:07,35152.3,0
2021-06-22 09:26:08,35153.3,0
2021-06-22 09:26:09,35154.55,0
2021-06-22 09:26:10,35154.35,0
2021-06-22 09:26:12,35150.5,0
2021-06-22 09:26:13,35149.35,0
2021-06-22 09:26:15,35150.2,0
2021-06-22 09:26:17,35147.3,0
2021-06-22 09:26:18,35151.6,0
2021-06-22 09:26:19,35154.5,0
2021-06-22 09:26:21,35156.1,0
2021-06-22 09:26:25,35151.35,0
2021-06-22 09:26:27,35152.3,0
2021-06-22 09:26:28,35154.5,0
2021-06-22 09:26:29,35150.3,0
2021-06-22 09:26:30,35147.15,0
2021-06-22 09:26:31,35146.0,0
2021-06-22 09:26:32,35149.4,0
2021-06-22 09:26:33,35150.25,0
2021-06-22 09:26:34,35150.2,0
2021-06-22 09:26:35,35148.8,0
2021-06-22 09:26:36,35154.0,0
2021-06-22 09:26:38,35155.7,0
2021-06-22 09:26:39,35150.25,0
2021-06-22 09:26:40,35152.25,0
2021-06-22 09:26:41,35150.95,0
2021-06-22 09:26:42,35156.2,0
2021-06-22 09:26:43,35149.6,0
2021-06-22 09:26:44,35149.15,0
2021-06-22 09:26:45,35143.0,0
2021-06-22 09:26:46,35145.9,0
2021-06-22 09:26:48,35142.0,0
2021-06-22 09:26:49,35138.65,0
2021-06-22 09:26:50,35139.05,0
2021-06-22 09:26:51,35138.65,0
2021-06-22 09:26:53,35140.5,0
2021-06-22 09:26:54,35139.45,0
2021-06-22 09:26:55,35141.1,0
2021-06-22 09:26:56,35141.1,0
2021-06-22 09:26:57,35143.8,0
2021-06-22 09:26:58,35139.15,0
2021-06-22 09:26:59,35141.1,0
2021-06-22 09:27:00,35141.9,0
2021-06-22 09:27:01,35136.05,0
2021-06-22 09:27:02,35139.65,0
2021-06-22 09:27:03,35137.9,0
2021-06-22 09:27:04,35139.05,0
2021-06-22 09:27:06,35134.25,0
2021-06-22 09:27:07,35137.45,0
2021-06-22 09:27:08,35138.6,0
2021-06-22 09:27:09,35143.4,0
2021-06-22 09:27:10,35142.3,0
2021-06-22 09:27:11,35135.8,0
2021-06-22 09:27:12,35138.1,0
2021-06-22 09:27:13,35140.0,0
2021-06-22 09:27:14,35134.3,0
2021-06-22 09:27:15,35136.15,0
2021-06-22 09:27:16,35136.25,0
2021-06-22 09:27:17,35136.7,0
2021-06-22 09:27:18,35134.55,0
2021-06-22 09:27:19,35134.95,0
2021-06-22 09:27:20,35132.75,0
2021-06-22 09:27:21,35138.95,0
2021-06-22 09:27:23,35133.2,0
2021-06-22 09:27:24,35135.85,0
2021-06-22 09:27:25,35132.9,0
2021-06-22 09:27:26,35133.05,0
2021-06-22 09:27:27,35138.0,0
2021-06-22 09:27:28,35132.2,0
2021-06-22 09:27:29,35134.4,0
2021-06-22 09:27:30,35134.2,0
2021-06-22 09:27:31,35131.9,0
2021-06-22 09:27:32,35132.85,0
2021-06-22 09:27:33,35130.9,0
2021-06-22 09:27:34,35129.65,0
2021-06-22 09:27:35,35135.9,0
2021-06-22 09:27:36,35132.1,0
2021-06-22 09:27:37,35131.95,0
2021-06-22 09:27:38,35139.8,0
2021-06-22 09:27:39,35134.2,0
2021-06-22 09:27:40,35136.7,0
2021-06-22 09:27:41,35138.3,0
2021-06-22 09:27:42,35136.5,0
2021-06-22 09:27:43,35140.25,0
2021-06-22 09:27:44,35140.65,0
2021-06-22 09:27:45,35145.75,0
2021-06-22 09:27:46,35147.85,0
2021-06-22 09:27:47,35143.75,0
2021-06-22 09:27:48,35148.55,0
2021-06-22 09:27:49,35145.4,0
2021-06-22 09:27:50,35143.55,0
2021-06-22 09:27:51,35148.45,0
2021-06-22 09:27:52,35146.55,0
2021-06-22 09:27:53,35145.45,0
2021-06-22 09:27:54,35147.05,0
2021-06-22 09:27:55,35150.55,0
2021-06-22 09:27:56,35153.65,0
2021-06-22 09:27:57,35154.0,0
2021-06-22 09:27:58,35149.85,0
2021-06-22 09:27:59,35153.65,0
2021-06-22 09:28:00,35150.65,0
2021-06-22 09:28:01,35149.0,0
2021-06-22 09:28:02,35147.7,0
2021-06-22 09:28:03,35150.35,0
2021-06-22 09:28:04,35154.6,0
2021-06-22 09:28:05,35151.9,0
2021-06-22 09:28:06,35152.65,0
2021-06-22 09:28:07,35148.1,0
2021-06-22 09:28:08,35149.65,0
2021-06-22 09:28:09,35146.85,0
2021-06-22 09:28:13,35149.35,0
2021-06-22 09:28:14,35152.05,0
2021-06-22 09:28:16,35153.65,0
2021-06-22 09:28:17,35154.85,0
2021-06-22 09:28:18,35154.45,0
2021-06-22 09:28:19,35158.45,0
2021-06-22 09:28:20,35155.0,0
2021-06-22 09:28:21,35157.75,0
2021-06-22 09:28:22,35158.6,0
2021-06-22 09:28:23,35154.85,0
2021-06-22 09:28:24,35157.6,0
2021-06-22 09:28:25,35157.9,0
2021-06-22 09:28:26,35156.05,0
2021-06-22 09:28:27,35158.2,0
2021-06-22 09:28:28,35158.4,0
2021-06-22 09:28:29,35159.6,0
2021-06-22 09:28:30,35156.75,0
2021-06-22 09:28:31,35155.55,0
2021-06-22 09:28:32,35155.4,0
2021-06-22 09:28:34,35158.65,0
2021-06-22 09:28:35,35155.2,0
2021-06-22 09:28:36,35159.0,0
2021-06-22 09:28:37,35161.9,0
2021-06-22 09:28:38,35157.2,0
2021-06-22 09:28:39,35159.1,0
2021-06-22 09:28:40,35160.25,0
2021-06-22 09:28:41,35160.3,0
2021-06-22 09:28:42,35159.45,0
2021-06-22 09:28:43,35162.5,0
2021-06-22 09:28:44,35163.65,0
2021-06-22 09:28:45,35161.05,0
2021-06-22 09:28:46,35163.9,0
2021-06-22 09:28:47,35162.8,0
2021-06-22 09:28:48,35161.8,0
2021-06-22 09:28:49,35161.3,0
2021-06-22 09:28:50,35161.0,0
2021-06-22 09:28:51,35160.0,0
2021-06-22 09:28:52,35164.4,0
2021-06-22 09:28:53,35168.7,0
2021-06-22 09:28:54,35161.9,0
2021-06-22 09:28:55,35167.8,0
2021-06-22 09:28:56,35165.6,0
2021-06-22 09:28:57,35167.9,0
2021-06-22 09:28:58,35169.05,0
2021-06-22 09:28:59,35171.45,0
2021-06-22 09:29:00,35170.1,0
2021-06-22 09:29:01,35169.1,0
2021-06-22 09:29:02,35169.25,0
2021-06-22 09:29:03,35166.3,0
2021-06-22 09:29:04,35169.2,0
2021-06-22 09:29:06,35163.05,0
2021-06-22 09:29:07,35165.2,0
2021-06-22 09:29:08,35165.45,0
2021-06-22 09:29:09,35161.45,0
2021-06-22 09:29:11,35166.2,0
2021-06-22 09:29:12,35166.9,0
2021-06-22 09:29:13,35171.45,0
2021-06-22 09:29:14,35166.4,0
2021-06-22 09:29:15,35168.25,0
2021-06-22 09:29:16,35166.95,0
2021-06-22 09:29:17,35171.65,0
2021-06-22 09:29:18,35171.85,0
2021-06-22 09:29:19,35166.85,0
2021-06-22 09:29:21,35169.6,0
2021-06-22 09:29:22,35171.05,0
2021-06-22 09:29:23,35172.4,0
2021-06-22 09:29:24,35166.55,0
2021-06-22 09:29:25,35166.95,0
2021-06-22 09:29:26,35169.0,0
2021-06-22 09:29:27,35169.95,0
2021-06-22 09:29:28,35168.65,0
2021-06-22 09:29:29,35167.85,0
2021-06-22 09:29:30,35167.45,0
2021-06-22 09:29:32,35168.25,0
2021-06-22 09:29:34,35168.05,0
2021-06-22 09:29:36,35170.4,0
2021-06-22 09:29:39,35171.25,0
2021-06-22 09:29:40,35168.1,0
2021-06-22 09:29:42,35169.25,0
2021-06-22 09:29:43,35169.15,0
2021-06-22 09:29:44,35167.3,0
2021-06-22 09:29:45,35170.65,0
2021-06-22 09:29:46,35171.25,0
2021-06-22 09:29:47,35169.2,0
2021-06-22 09:29:48,35170.25,0
2021-06-22 09:29:49,35173.6,0
2021-06-22 09:29:50,35166.25,0
2021-06-22 09:29:51,35165.85,0
2021-06-22 09:29:52,35165.9,0
2021-06-22 09:29:53,35164.1,0
2021-06-22 09:29:54,35167.95,0
2021-06-22 09:29:55,35171.8,0
2021-06-22 09:29:56,35163.7,0
2021-06-22 09:29:57,35161.3,0
2021-06-22 09:29:58,35158.1,0
2021-06-22 09:29:59,35163.75,0
2021-06-22 09:30:00,35160.25,0
2021-06-22 09:30:01,35165.7,0
2021-06-22 09:30:02,35164.4,0
2021-06-22 09:30:03,35159.45,0
2021-06-22 09:30:04,35153.0,0
2021-06-22 09:30:05,35151.85,0
2021-06-22 09:30:06,35149.9,0
2021-06-22 09:30:08,35153.8,0
2021-06-22 09:30:10,35148.3,0
2021-06-22 09:30:11,35151.7,0
2021-06-22 09:30:12,35142.25,0
2021-06-22 09:30:14,35138.15,0
2021-06-22 09:30:15,35138.05,0
2021-06-22 09:30:16,35127.1,0
2021-06-22 09:30:18,35123.55,0
2021-06-22 09:30:19,35126.65,0
2021-06-22 09:30:20,35123.0,0
2021-06-22 09:30:21,35130.8,0
2021-06-22 09:30:23,35124.4,0
2021-06-22 09:30:24,35127.6,0
2021-06-22 09:30:25,35126.7,0
2021-06-22 09:30:27,35131.9,0
2021-06-22 09:30:28,35139.9,0
2021-06-22 09:30:29,35135.4,0
2021-06-22 09:30:30,35137.8,0
2021-06-22 09:30:31,35132.75,0
2021-06-22 09:30:32,35135.3,0
2021-06-22 09:30:33,35128.6,0
2021-06-22 09:30:34,35129.45,0
2021-06-22 09:30:35,35125.9,0
2021-06-22 09:30:36,35128.0,0
2021-06-22 09:30:37,35131.65,0
2021-06-22 09:30:38,35136.6,0
2021-06-22 09:30:39,35128.0,0
2021-06-22 09:30:40,35131.2,0
2021-06-22 09:30:41,35131.35,0
2021-06-22 09:30:42,35133.25,0
2021-06-22 09:30:43,35134.7,0
2021-06-22 09:30:44,35135.3,0
2021-06-22 09:30:45,35134.3,0
2021-06-22 09:30:46,35132.55,0
2021-06-22 09:30:47,35131.6,0
2021-06-22 09:30:48,35135.0,0
2021-06-22 09:30:49,35136.05,0
2021-06-22 09:30:51,35136.95,0
2021-06-22 09:30:52,35134.5,0
2021-06-22 09:30:54,35131.45,0
2021-06-22 09:30:55,35129.95,0
2021-06-22 09:30:56,35129.3,0
2021-06-22 09:30:57,35130.35,0
2021-06-22 09:30:58,35131.65,0
2021-06-22 09:31:00,35132.55,0
2021-06-22 09:31:01,35124.65,0
2021-06-22 09:31:02,35130.45,0
2021-06-22 09:31:03,35130.15,0
2021-06-22 09:31:04,35122.9,0
2021-06-22 09:31:05,35124.85,0
2021-06-22 09:31:06,35127.55,0
2021-06-22 09:31:07,35128.6,0
2021-06-22 09:31:08,35124.7,0
2021-06-22 09:31:09,35119.4,0
2021-06-22 09:31:10,35123.05,0
2021-06-22 09:31:11,35126.05,0
2021-06-22 09:31:12,35121.35,0
2021-06-22 09:31:14,35125.65,0
2021-06-22 09:31:16,35120.55,0
2021-06-22 09:31:18,35126.1,0
2021-06-22 09:31:19,35120.6,0
2021-06-22 09:31:20,35118.8,0
2021-06-22 09:31:21,35120.9,0
2021-06-22 09:31:22,35120.15,0
2021-06-22 09:31:23,35118.2,0
2021-06-22 09:31:24,35125.0,0
2021-06-22 09:31:25,35122.8,0
2021-06-22 09:31:26,35120.85,0
2021-06-22 09:31:27,35120.25,0
2021-06-22 09:31:28,35119.35,0
2021-06-22 09:31:30,35122.5,0
2021-06-22 09:31:31,35127.9,0
2021-06-22 09:31:32,35127.8,0
2021-06-22 09:31:34,35130.65,0
2021-06-22 09:31:38,35128.4,0
2021-06-22 09:31:39,35125.65,0
2021-06-22 09:31:42,35128.1,0
2021-06-22 09:31:43,35125.9,0
2021-06-22 09:31:44,35126.2,0
2021-06-22 09:31:45,35125.8,0
2021-06-22 09:31:46,35136.6,0
2021-06-22 09:31:47,35133.65,0
2021-06-22 09:31:48,35126.45,0
2021-06-22 09:31:52,35128.65,0
2021-06-22 09:31:53,35137.2,0
2021-06-22 09:31:54,35132.1,0
2021-06-22 09:31:55,35130.0,0
2021-06-22 09:31:57,35129.3,0
2021-06-22 09:31:58,35129.7,0
2021-06-22 09:32:01,35134.85,0
2021-06-22 09:32:02,35132.35,0
2021-06-22 09:32:03,35126.05,0
2021-06-22 09:32:04,35132.25,0
2021-06-22 09:32:05,35128.2,0
2021-06-22 09:32:07,35127.7,0
2021-06-22 09:32:08,35127.4,0
2021-06-22 09:32:09,35132.55,0
2021-06-22 09:32:10,35133.5,0
2021-06-22 09:32:11,35124.7,0
2021-06-22 09:32:12,35123.8,0
2021-06-22 09:32:14,35128.1,0
2021-06-22 09:32:16,35126.6,0
2021-06-22 09:32:17,35128.55,0
2021-06-22 09:32:18,35131.65,0
2021-06-22 09:32:19,35133.0,0
2021-06-22 09:32:20,35132.35,0
2021-06-22 09:32:21,35129.65,0
2021-06-22 09:32:22,35130.9,0
2021-06-22 09:32:23,35130.55,0
2021-06-22 09:32:24,35127.05,0
2021-06-22 09:32:25,35123.5,0
2021-06-22 09:32:26,35123.1,0
2021-06-22 09:32:27,35121.05,0
2021-06-22 09:32:28,35122.95,0
2021-06-22 09:32:29,35122.3,0
2021-06-22 09:32:30,35123.7,0
2021-06-22 09:32:31,35121.05,0
2021-06-22 09:32:32,35122.8,0
2021-06-22 09:32:33,35122.55,0
2021-06-22 09:32:34,35122.7,0
2021-06-22 09:32:35,35126.6,0
2021-06-22 09:32:36,35124.65,0
2021-06-22 09:32:37,35127.5,0
2021-06-22 09:32:39,35129.55,0
2021-06-22 09:32:40,35121.95,0
2021-06-22 09:32:41,35122.1,0
2021-06-22 09:32:42,35122.85,0
2021-06-22 09:32:43,35127.15,0
2021-06-22 09:32:44,35128.2,0
2021-06-22 09:32:45,35125.8,0
2021-06-22 09:32:46,35129.35,0
2021-06-22 09:32:47,35130.55,0
2021-06-22 09:32:48,35124.25,0
2021-06-22 09:32:49,35121.05,0
2021-06-22 09:32:50,35121.3,0
2021-06-22 09:32:51,35117.9,0
2021-06-22 09:32:52,35123.35,0
2021-06-22 09:32:53,35129.2,0
2021-06-22 09:32:54,35131.0,0
2021-06-22 09:32:55,35126.05,0
2021-06-22 09:32:56,35129.7,0
2021-06-22 09:32:57,35126.3,0
2021-06-22 09:32:58,35127.35,0
2021-06-22 09:32:59,35128.3,0
2021-06-22 09:33:00,35126.9,0
2021-06-22 09:33:01,35127.0,0
2021-06-22 09:33:02,35128.55,0
2021-06-22 09:33:03,35126.35,0
2021-06-22 09:33:04,35120.05,0
2021-06-22 09:33:05,35122.6,0
2021-06-22 09:33:07,35119.25,0
2021-06-22 09:33:08,35123.1,0
2021-06-22 09:33:09,35121.55,0
2021-06-22 09:33:10,35123.1,0
2021-06-22 09:33:11,35123.65,0
2021-06-22 09:33:12,35124.1,0
2021-06-22 09:33:13,35126.8,0
2021-06-22 09:33:14,35126.3,0
2021-06-22 09:33:15,35126.9,0
2021-06-22 09:33:16,35123.7,0
2021-06-22 09:33:18,35124.55,0
2021-06-22 09:33:19,35130.85,0
2021-06-22 09:33:20,35128.75,0
2021-06-22 09:33:21,35130.05,0
2021-06-22 09:33:22,35126.2,0
2021-06-22 09:33:23,35127.15,0
2021-06-22 09:33:24,35131.75,0
2021-06-22 09:33:25,35132.75,0
2021-06-22 09:33:26,35134.75,0
2021-06-22 09:33:27,35133.45,0
2021-06-22 09:33:28,35128.95,0
2021-06-22 09:33:30,35134.9,0
2021-06-22 09:33:31,35125.15,0
2021-06-22 09:33:33,35129.75,0
2021-06-22 09:33:34,35131.65,0
2021-06-22 09:33:35,35129.5,0
2021-06-22 09:33:37,35124.9,0
2021-06-22 09:33:38,35124.1,0
2021-06-22 09:33:39,35127.0,0
2021-06-22 09:33:40,35125.35,0
2021-06-22 09:33:41,35124.4,0
2021-06-22 09:33:42,35127.05,0
2021-06-22 09:33:43,35125.9,0
2021-06-22 09:33:44,35127.35,0
2021-06-22 09:33:45,35127.15,0
2021-06-22 09:33:46,35128.2,0
2021-06-22 09:33:47,35121.7,0
2021-06-22 09:33:48,35129.3,0
2021-06-22 09:33:49,35116.15,0
2021-06-22 09:33:50,35116.45,0
2021-06-22 09:33:51,35113.9,0
2021-06-22 09:33:53,35115.85,0
2021-06-22 09:33:54,35110.35,0
2021-06-22 09:33:55,35114.45,0
2021-06-22 09:33:56,35113.0,0
2021-06-22 09:33:57,35110.9,0
2021-06-22 09:33:59,35107.85,0
2021-06-22 09:34:01,35109.25,0
2021-06-22 09:34:02,35108.8,0
2021-06-22 09:34:03,35106.4,0
2021-06-22 09:34:04,35106.85,0
2021-06-22 09:34:06,35104.9,0
2021-06-22 09:34:07,35103.2,0
2021-06-22 09:34:08,35100.15,0
2021-06-22 09:34:09,35100.05,0
2021-06-22 09:34:10,35099.7,0
2021-06-22 09:34:11,35101.8,0
2021-06-22 09:34:12,35102.25,0
2021-06-22 09:34:13,35105.5,0
2021-06-22 09:34:14,35105.95,0
2021-06-22 09:34:15,35105.35,0
2021-06-22 09:34:16,35105.2,0
2021-06-22 09:34:17,35104.5,0
2021-06-22 09:34:18,35103.6,0
2021-06-22 09:34:19,35105.9,0
2021-06-22 09:34:20,35101.5,0
2021-06-22 09:34:21,35106.6,0
2021-06-22 09:34:22,35104.7,0
2021-06-22 09:34:23,35105.4,0
2021-06-22 09:34:24,35097.65,0
2021-06-22 09:34:25,35102.55,0
2021-06-22 09:34:26,35095.45,0
2021-06-22 09:34:27,35103.1,0
2021-06-22 09:34:28,35102.5,0
2021-06-22 09:34:29,35104.0,0
2021-06-22 09:34:30,35102.6,0
2021-06-22 09:34:31,35100.2,0
2021-06-22 09:34:32,35099.7,0
2021-06-22 09:34:33,35107.7,0
2021-06-22 09:34:34,35099.2,0
2021-06-22 09:34:35,35101.8,0
2021-06-22 09:34:36,35109.25,0
2021-06-22 09:34:37,35110.15,0
2021-06-22 09:34:38,35109.25,0
2021-06-22 09:34:39,35111.3,0
2021-06-22 09:34:40,35109.1,0
2021-06-22 09:34:41,35114.95,0
2021-06-22 09:34:42,35116.2,0
2021-06-22 09:34:43,35115.95,0
2021-06-22 09:34:44,35113.0,0
2021-06-22 09:34:45,35114.15,0
2021-06-22 09:34:46,35111.7,0
2021-06-22 09:34:47,35117.25,0
2021-06-22 09:34:48,35110.9,0
2021-06-22 09:34:49,35111.2,0
2021-06-22 09:34:50,35111.7,0
2021-06-22 09:34:51,35113.1,0
2021-06-22 09:34:52,35113.7,0
2021-06-22 09:34:53,35113.65,0
2021-06-22 09:34:54,35114.15,0
2021-06-22 09:34:55,35114.15,0
2021-06-22 09:34:56,35115.9,0
2021-06-22 09:34:57,35109.7,0
2021-06-22 09:34:58,35111.15,0
2021-06-22 09:34:59,35111.15,0
2021-06-22 09:35:00,35112.45,0
2021-06-22 09:35:01,35109.6,0
2021-06-22 09:35:02,35107.25,0
2021-06-22 09:35:03,35111.7,0
2021-06-22 09:35:04,35110.05,0
2021-06-22 09:35:05,35110.1,0
2021-06-22 09:35:06,35110.8,0
2021-06-22 09:35:07,35110.9,0
2021-06-22 09:35:09,35110.45,0
2021-06-22 09:35:10,35109.35,0
2021-06-22 09:35:11,35106.9,0
2021-06-22 09:35:12,35113.9,0
2021-06-22 09:35:13,35117.1,0
2021-06-22 09:35:14,35113.75,0
2021-06-22 09:35:15,35114.1,0
2021-06-22 09:35:16,35115.8,0
2021-06-22 09:35:17,35112.6,0
2021-06-22 09:35:18,35118.55,0
2021-06-22 09:35:19,35118.05,0
2021-06-22 09:35:21,35109.9,0
2021-06-22 09:35:22,35116.9,0
2021-06-22 09:35:23,35114.0,0
2021-06-22 09:35:24,35117.65,0
2021-06-22 09:35:25,35113.7,0
2021-06-22 09:35:26,35120.85,0
2021-06-22 09:35:28,35122.3,0
2021-06-22 09:35:29,35123.7,0
2021-06-22 09:35:30,35120.85,0
2021-06-22 09:35:31,35127.3,0
2021-06-22 09:35:32,35125.75,0
2021-06-22 09:35:33,35127.75,0
2021-06-22 09:35:34,35128.7,0
2021-06-22 09:35:35,35129.3,0
2021-06-22 09:35:36,35126.95,0
2021-06-22 09:35:38,35126.7,0
2021-06-22 09:35:39,35124.55,0
2021-06-22 09:35:40,35120.6,0
2021-06-22 09:35:41,35125.7,0
2021-06-22 09:35:42,35121.25,0
2021-06-22 09:35:43,35123.4,0
2021-06-22 09:35:44,35125.65,0
2021-06-22 09:35:45,35124.25,0
2021-06-22 09:35:46,35127.25,0
2021-06-22 09:35:48,35128.2,0
2021-06-22 09:35:50,35132.0,0
2021-06-22 09:35:53,35134.05,0
2021-06-22 09:35:54,35138.55,0
2021-06-22 09:35:56,35135.9,0
2021-06-22 09:35:57,35136.4,0
2021-06-22 09:35:59,35132.25,0
2021-06-22 09:36:00,35133.45,0
2021-06-22 09:36:03,35129.65,0
2021-06-22 09:36:06,35134.45,0
2021-06-22 09:36:07,35133.85,0
2021-06-22 09:36:08,35130.1,0
2021-06-22 09:36:09,35130.85,0
2021-06-22 09:36:10,35137.0,0
2021-06-22 09:36:11,35133.05,0
2021-06-22 09:36:12,35134.85,0
2021-06-22 09:36:13,35133.55,0
2021-06-22 09:36:14,35135.45,0
2021-06-22 09:36:15,35131.7,0
2021-06-22 09:36:16,35134.7,0
2021-06-22 09:36:17,35133.65,0
2021-06-22 09:36:18,35139.45,0
2021-06-22 09:36:19,35140.95,0
2021-06-22 09:36:20,35141.6,0
2021-06-22 09:36:21,35140.05,0
2021-06-22 09:36:22,35142.05,0
2021-06-22 09:36:24,35148.25,0
2021-06-22 09:36:25,35147.9,0
2021-06-22 09:36:26,35146.75,0
2021-06-22 09:36:27,35148.25,0
2021-06-22 09:36:28,35147.3,0
2021-06-22 09:36:29,35146.85,0
2021-06-22 09:36:30,35145.55,0
2021-06-22 09:36:31,35146.6,0
2021-06-22 09:36:32,35148.65,0
2021-06-22 09:36:33,35144.55,0
2021-06-22 09:36:34,35147.8,0
2021-06-22 09:36:35,35143.2,0
2021-06-22 09:36:36,35145.05,0
2021-06-22 09:36:37,35145.25,0
2021-06-22 09:36:38,35149.2,0
2021-06-22 09:36:39,35145.25,0
2021-06-22 09:36:40,35145.4,0
2021-06-22 09:36:41,35150.45,0
2021-06-22 09:36:42,35156.25,0
2021-06-22 09:36:43,35152.95,0
2021-06-22 09:36:44,35154.6,0
2021-06-22 09:36:45,35148.3,0
2021-06-22 09:36:46,35152.5,0
2021-06-22 09:36:48,35154.45,0
2021-06-22 09:36:49,35153.95,0
2021-06-22 09:36:51,35154.45,0
2021-06-22 09:36:53,35157.3,0
2021-06-22 09:36:54,35158.05,0
2021-06-22 09:36:55,35156.0,0
2021-06-22 09:36:56,35157.85,0
2021-06-22 09:36:57,35156.65,0
2021-06-22 09:36:58,35155.45,0
2021-06-22 09:36:59,35153.9,0
2021-06-22 09:37:00,35158.75,0
2021-06-22 09:37:01,35156.7,0
2021-06-22 09:37:02,35155.75,0
2021-06-22 09:37:03,35156.6,0
2021-06-22 09:37:04,35156.7,0
2021-06-22 09:37:06,35159.55,0
2021-06-22 09:37:07,35153.8,0
2021-06-22 09:37:08,35153.75,0
2021-06-22 09:37:09,35152.5,0
2021-06-22 09:37:10,35155.55,0
2021-06-22 09:37:11,35153.1,0
2021-06-22 09:37:12,35153.6,0
2021-06-22 09:37:13,35153.15,0
2021-06-22 09:37:14,35154.65,0
2021-06-22 09:37:16,35152.5,0
2021-06-22 09:37:18,35140.7,0
2021-06-22 09:37:19,35149.05,0
2021-06-22 09:37:20,35146.95,0
2021-06-22 09:37:21,35150.8,0
2021-06-22 09:37:23,35156.05,0
2021-06-22 09:37:25,35155.8,0
2021-06-22 09:37:27,35153.6,0
2021-06-22 09:37:28,35148.3,0
2021-06-22 09:37:29,35145.75,0
2021-06-22 09:37:30,35148.8,0
2021-06-22 09:37:31,35151.4,0
2021-06-22 09:37:32,35153.1,0
2021-06-22 09:37:33,35151.0,0
2021-06-22 09:37:34,35152.35,0
2021-06-22 09:37:36,35154.45,0
2021-06-22 09:37:37,35155.0,0
2021-06-22 09:37:38,35154.05,0
2021-06-22 09:37:39,35153.2,0
2021-06-22 09:37:40,35153.85,0
2021-06-22 09:37:41,35152.3,0
2021-06-22 09:37:42,35153.05,0
2021-06-22 09:37:43,35150.85,0
2021-06-22 09:37:44,35153.25,0
2021-06-22 09:37:45,35151.35,0
2021-06-22 09:37:46,35152.4,0
2021-06-22 09:37:47,35153.45,0
2021-06-22 09:37:48,35151.75,0
2021-06-22 09:37:49,35152.4,0
2021-06-22 09:37:50,35151.75,0
2021-06-22 09:37:51,35153.35,0
2021-06-22 09:37:52,35153.0,0
2021-06-22 09:37:53,35152.4,0
2021-06-22 09:37:55,35153.25,0
2021-06-22 09:37:56,35153.8,0
2021-06-22 09:37:57,35153.8,0
2021-06-22 09:37:59,35154.6,0
2021-06-22 09:38:01,35155.8,0
2021-06-22 09:38:02,35154.35,0
2021-06-22 09:38:05,35151.8,0
2021-06-22 09:38:07,35154.8,0
2021-06-22 09:38:12,35152.0,0
2021-06-22 09:38:13,35153.05,0
2021-06-22 09:38:14,35151.3,0
2021-06-22 09:38:16,35153.1,0
2021-06-22 09:38:17,35153.3,0
2021-06-22 09:38:18,35152.35,0
2021-06-22 09:38:19,35154.9,0
2021-06-22 09:38:21,35154.7,0
2021-06-22 09:38:22,35155.25,0
2021-06-22 09:38:23,35151.35,0
2021-06-22 09:38:24,35147.15,0
2021-06-22 09:38:25,35148.25,0
2021-06-22 09:38:26,35150.5,0
2021-06-22 09:38:27,35149.55,0
2021-06-22 09:38:28,35150.55,0
2021-06-22 09:38:29,35153.25,0
2021-06-22 09:38:30,35150.95,0
2021-06-22 09:38:31,35149.2,0
2021-06-22 09:38:32,35149.6,0
2021-06-22 09:38:33,35150.85,0
2021-06-22 09:38:34,35150.45,0
2021-06-22 09:38:35,35149.4,0
2021-06-22 09:38:36,35147.85,0
2021-06-22 09:38:37,35149.3,0
2021-06-22 09:38:38,35149.0,0
2021-06-22 09:38:39,35148.4,0
2021-06-22 09:38:40,35149.35,0
2021-06-22 09:38:41,35149.85,0
2021-06-22 09:38:42,35150.45,0
2021-06-22 09:38:44,35147.5,0
2021-06-22 09:38:45,35148.55,0
2021-06-22 09:38:46,35145.35,0
2021-06-22 09:38:47,35145.25,0
2021-06-22 09:38:48,35147.1,0
2021-06-22 09:38:49,35149.2,0
2021-06-22 09:38:50,35147.9,0
2021-06-22 09:38:52,35147.7,0
2021-06-22 09:38:53,35146.65,0
2021-06-22 09:38:54,35142.8,0
2021-06-22 09:38:55,35145.0,0
2021-06-22 09:38:56,35143.8,0
2021-06-22 09:38:57,35143.65,0
2021-06-22 09:38:58,35138.95,0
2021-06-22 09:38:59,35138.7,0
2021-06-22 09:39:00,35140.2,0
2021-06-22 09:39:01,35133.35,0
2021-06-22 09:39:02,35134.8,0
2021-06-22 09:39:03,35136.1,0
2021-06-22 09:39:04,35135.65,0
2021-06-22 09:39:05,35135.0,0
2021-06-22 09:39:07,35134.65,0
2021-06-22 09:39:08,35128.25,0
2021-06-22 09:39:09,35131.95,0
2021-06-22 09:39:10,35134.75,0
2021-06-22 09:39:11,35134.7,0
2021-06-22 09:39:12,35132.35,0
2021-06-22 09:39:13,35133.3,0
2021-06-22 09:39:14,35133.55,0
2021-06-22 09:39:15,35132.3,0
2021-06-22 09:39:16,35135.05,0
2021-06-22 09:39:17,35134.95,0
2021-06-22 09:39:18,35135.05,0
2021-06-22 09:39:19,35136.45,0
2021-06-22 09:39:20,35140.7,0
2021-06-22 09:39:21,35141.3,0
2021-06-22 09:39:22,35139.8,0
2021-06-22 09:39:23,35141.1,0
2021-06-22 09:39:24,35143.65,0
2021-06-22 09:39:25,35145.35,0
2021-06-22 09:39:26,35144.3,0
2021-06-22 09:39:28,35150.35,0
2021-06-22 09:39:29,35150.8,0
2021-06-22 09:39:30,35147.75,0
2021-06-22 09:39:31,35151.0,0
2021-06-22 09:39:32,35150.5,0
2021-06-22 09:39:33,35148.25,0
2021-06-22 09:39:34,35154.7,0
2021-06-22 09:39:35,35160.45,0
2021-06-22 09:39:36,35165.45,0
2021-06-22 09:39:37,35167.6,0
2021-06-22 09:39:38,35166.2,0
2021-06-22 09:39:40,35161.5,0
2021-06-22 09:39:41,35167.05,0
2021-06-22 09:39:42,35163.65,0
2021-06-22 09:39:43,35162.45,0
2021-06-22 09:39:45,35161.2,0
2021-06-22 09:39:48,35163.4,0
2021-06-22 09:39:49,35160.85,0
2021-06-22 09:39:51,35167.15,0
2021-06-22 09:39:52,35167.35,0
2021-06-22 09:39:53,35168.3,0
2021-06-22 09:39:54,35170.45,0
2021-06-22 09:39:55,35167.45,0
2021-06-22 09:39:56,35170.8,0
2021-06-22 09:39:57,35175.95,0
2021-06-22 09:39:58,35180.05,0
2021-06-22 09:39:59,35178.6,0
2021-06-22 09:40:00,35179.85,0
2021-06-22 09:40:01,35176.85,0
2021-06-22 09:40:02,35174.0,0
2021-06-22 09:40:03,35177.25,0
2021-06-22 09:40:04,35179.85,0
2021-06-22 09:40:05,35176.9,0
2021-06-22 09:40:06,35181.3,0
2021-06-22 09:40:07,35174.3,0
2021-06-22 09:40:08,35174.85,0
2021-06-22 09:40:09,35178.05,0
2021-06-22 09:40:11,35175.1,0
2021-06-22 09:40:12,35172.5,0
2021-06-22 09:40:13,35176.1,0
2021-06-22 09:40:14,35178.65,0
2021-06-22 09:40:15,35178.45,0
2021-06-22 09:40:16,35178.45,0
2021-06-22 09:40:17,35178.55,0
2021-06-22 09:40:18,35181.5,0
2021-06-22 09:40:19,35181.6,0
2021-06-22 09:40:20,35183.4,0
2021-06-22 09:40:21,35184.55,0
2021-06-22 09:40:22,35182.05,0
2021-06-22 09:40:23,35180.7,0
2021-06-22 09:40:25,35195.9,0
2021-06-22 09:40:27,35193.9,0
2021-06-22 09:40:28,35193.2,0
2021-06-22 09:40:30,35199.5,0
2021-06-22 09:40:31,35198.4,0
2021-06-22 09:40:32,35196.55,0
2021-06-22 09:40:33,35197.9,0
2021-06-22 09:40:34,35188.05,0
2021-06-22 09:40:35,35185.6,0
2021-06-22 09:40:36,35186.75,0
2021-06-22 09:40:38,35187.85,0
2021-06-22 09:40:39,35188.6,0
2021-06-22 09:40:40,35188.25,0
2021-06-22 09:40:42,35190.6,0
2021-06-22 09:40:43,35187.4,0
2021-06-22 09:40:44,35186.05,0
2021-06-22 09:40:45,35187.35,0
2021-06-22 09:40:46,35188.65,0
2021-06-22 09:40:47,35183.55,0
2021-06-22 09:40:48,35188.15,0
2021-06-22 09:40:50,35185.3,0
2021-06-22 09:40:51,35186.75,0
2021-06-22 09:40:52,35188.05,0
2021-06-22 09:40:53,35186.3,0
2021-06-22 09:40:54,35186.7,0
2021-06-22 09:40:55,35188.05,0
2021-06-22 09:40:56,35201.9,0
2021-06-22 09:40:57,35198.55,0
2021-06-22 09:40:58,35200.85,0
2021-06-22 09:40:59,35196.8,0
2021-06-22 09:41:00,35193.65,0
2021-06-22 09:41:01,35189.75,0
2021-06-22 09:41:03,35185.65,0
2021-06-22 09:41:04,35185.35,0
2021-06-22 09:41:05,35183.4,0
2021-06-22 09:41:06,35189.1,0
2021-06-22 09:41:07,35187.7,0
2021-06-22 09:41:08,35185.3,0
2021-06-22 09:41:09,35186.7,0
2021-06-22 09:41:10,35186.65,0
2021-06-22 09:41:11,35190.75,0
2021-06-22 09:41:12,35190.35,0
2021-06-22 09:41:13,35193.8,0
2021-06-22 09:41:14,35193.3,0
2021-06-22 09:41:15,35192.9,0
2021-06-22 09:41:16,35190.1,0
2021-06-22 09:41:17,35192.75,0
2021-06-22 09:41:18,35192.0,0
2021-06-22 09:41:19,35194.2,0
2021-06-22 09:41:20,35187.55,0
2021-06-22 09:41:21,35193.45,0
2021-06-22 09:41:22,35188.25,0
2021-06-22 09:41:23,35190.9,0
2021-06-22 09:41:24,35192.7,0
2021-06-22 09:41:25,35188.85,0
2021-06-22 09:41:26,35189.3,0
2021-06-22 09:41:27,35188.75,0
2021-06-22 09:41:28,35188.85,0
2021-06-22 09:41:29,35188.25,0
2021-06-22 09:41:30,35188.35,0
2021-06-22 09:41:31,35188.25,0
2021-06-22 09:41:32,35189.2,0
2021-06-22 09:41:33,35176.65,0
2021-06-22 09:41:34,35178.7,0
2021-06-22 09:41:35,35182.3,0
2021-06-22 09:41:36,35181.5,0
2021-06-22 09:41:37,35181.5,0
2021-06-22 09:41:39,35180.9,0
2021-06-22 09:41:40,35176.6,0
2021-06-22 09:41:41,35179.4,0
2021-06-22 09:41:42,35182.45,0
2021-06-22 09:41:43,35179.8,0
2021-06-22 09:41:44,35177.1,0
2021-06-22 09:41:45,35178.95,0
2021-06-22 09:41:46,35177.25,0
2021-06-22 09:41:47,35178.0,0
2021-06-22 09:41:48,35181.1,0
2021-06-22 09:41:49,35181.1,0
2021-06-22 09:41:50,35181.3,0
2021-06-22 09:41:51,35184.85,0
2021-06-22 09:41:52,35182.25,0
2021-06-22 09:41:53,35181.75,0
2021-06-22 09:41:54,35180.2,0
2021-06-22 09:41:56,35179.35,0
2021-06-22 09:41:57,35184.0,0
2021-06-22 09:41:58,35182.55,0
2021-06-22 09:41:59,35183.8,0
2021-06-22 09:42:00,35185.85,0
2021-06-22 09:42:01,35186.5,0
2021-06-22 09:42:02,35187.1,0
2021-06-22 09:42:03,35185.5,0
2021-06-22 09:42:04,35188.9,0
2021-06-22 09:42:05,35189.3,0
2021-06-22 09:42:06,35188.75,0
2021-06-22 09:42:07,35187.7,0
2021-06-22 09:42:08,35186.75,0
2021-06-22 09:42:09,35186.0,0
2021-06-22 09:42:10,35184.45,0
2021-06-22 09:42:11,35185.2,0
2021-06-22 09:42:12,35187.85,0
2021-06-22 09:42:13,35184.6,0
2021-06-22 09:42:14,35182.3,0
2021-06-22 09:42:16,35183.0,0
2021-06-22 09:42:17,35184.35,0
2021-06-22 09:42:19,35188.45,0
2021-06-22 09:42:20,35186.8,0
2021-06-22 09:42:21,35187.05,0
2021-06-22 09:42:22,35190.4,0
2021-06-22 09:42:23,35187.05,0
2021-06-22 09:42:24,35186.05,0
2021-06-22 09:42:25,35187.9,0
2021-06-22 09:42:26,35191.6,0
2021-06-22 09:42:27,35191.9,0
2021-06-22 09:42:28,35192.45,0
2021-06-22 09:42:29,35188.1,0
2021-06-22 09:42:30,35189.55,0
2021-06-22 09:42:31,35193.05,0
2021-06-22 09:42:32,35193.5,0
2021-06-22 09:42:33,35191.7,0
2021-06-22 09:42:34,35190.5,0
2021-06-22 09:42:35,35186.55,0
2021-06-22 09:42:36,35190.0,0
2021-06-22 09:42:37,35189.25,0
2021-06-22 09:42:38,35189.25,0
2021-06-22 09:42:40,35192.45,0
2021-06-22 09:42:41,35197.0,0
2021-06-22 09:42:42,35193.75,0
2021-06-22 09:42:43,35193.4,0
2021-06-22 09:42:44,35196.55,0
2021-06-22 09:42:45,35195.3,0
2021-06-22 09:42:46,35197.65,0
2021-06-22 09:42:47,35196.5,0
2021-06-22 09:42:48,35195.7,0
2021-06-22 09:42:49,35197.6,0
2021-06-22 09:42:50,35196.8,0
2021-06-22 09:42:51,35199.15,0
2021-06-22 09:42:52,35195.7,0
2021-06-22 09:42:54,35200.7,0
2021-06-22 09:42:55,35196.0,0
2021-06-22 09:42:56,35202.0,0
2021-06-22 09:42:57,35195.5,0
2021-06-22 09:42:58,35194.65,0
2021-06-22 09:42:59,35198.5,0
2021-06-22 09:43:00,35199.3,0
2021-06-22 09:43:01,35196.15,0
2021-06-22 09:43:02,35196.5,0
2021-06-22 09:43:04,35192.8,0
2021-06-22 09:43:05,35196.15,0
2021-06-22 09:43:06,35193.25,0
2021-06-22 09:43:07,35193.6,0
2021-06-22 09:43:08,35192.7,0
2021-06-22 09:43:09,35191.55,0
2021-06-22 09:43:10,35190.25,0
2021-06-22 09:43:11,35194.55,0
2021-06-22 09:43:13,35192.85,0
2021-06-22 09:43:14,35190.85,0
2021-06-22 09:43:15,35192.0,0
2021-06-22 09:43:16,35186.75,0
2021-06-22 09:43:17,35187.85,0
2021-06-22 09:43:18,35189.85,0
2021-06-22 09:43:19,35192.05,0
2021-06-22 09:43:20,35189.2,0
2021-06-22 09:43:21,35192.05,0
2021-06-22 09:43:22,35188.55,0
2021-06-22 09:43:23,35190.55,0
2021-06-22 09:43:24,35192.0,0
2021-06-22 09:43:25,35190.35,0
2021-06-22 09:43:26,35191.45,0
2021-06-22 09:43:27,35192.35,0
2021-06-22 09:43:28,35192.0,0
2021-06-22 09:43:29,35191.3,0
2021-06-22 09:43:31,35193.0,0
2021-06-22 09:43:32,35190.6,0
2021-06-22 09:43:33,35190.0,0
2021-06-22 09:43:34,35190.2,0
2021-06-22 09:43:35,35189.4,0
2021-06-22 09:43:37,35189.9,0
2021-06-22 09:43:38,35189.3,0
2021-06-22 09:43:39,35191.85,0
2021-06-22 09:43:40,35191.6,0
2021-06-22 09:43:41,35190.75,0
2021-06-22 09:43:43,35192.3,0
2021-06-22 09:43:44,35193.9,0
2021-06-22 09:43:46,35189.65,0
2021-06-22 09:43:47,35192.65,0
2021-06-22 09:43:48,35190.65,0
2021-06-22 09:43:49,35191.05,0
2021-06-22 09:43:50,35191.95,0
2021-06-22 09:43:51,35189.9,0
2021-06-22 09:43:52,35185.55,0
2021-06-22 09:43:53,35187.7,0
2021-06-22 09:43:54,35186.85,0
2021-06-22 09:43:55,35189.7,0
2021-06-22 09:43:57,35196.35,0
2021-06-22 09:43:59,35193.7,0
2021-06-22 09:44:00,35190.75,0
2021-06-22 09:44:01,35198.25,0
2021-06-22 09:44:02,35198.4,0
2021-06-22 09:44:03,35197.05,0
2021-06-22 09:44:04,35194.55,0
2021-06-22 09:44:05,35193.55,0
2021-06-22 09:44:06,35195.2,0
2021-06-22 09:44:08,35195.9,0
2021-06-22 09:44:09,35192.65,0
2021-06-22 09:44:11,35194.45,0
2021-06-22 09:44:12,35193.8,0
2021-06-22 09:44:13,35193.9,0
2021-06-22 09:44:14,35194.2,0
2021-06-22 09:44:15,35197.1,0
2021-06-22 09:44:17,35190.75,0
2021-06-22 09:44:18,35193.4,0
2021-06-22 09:44:20,35203.25,0
2021-06-22 09:44:22,35202.3,0
2021-06-22 09:44:23,35198.15,0
2021-06-22 09:44:25,35201.8,0
2021-06-22 09:44:26,35199.7,0
2021-06-22 09:44:27,35199.25,0
2021-06-22 09:44:28,35192.85,0
2021-06-22 09:44:29,35189.0,0
2021-06-22 09:44:30,35189.0,0
2021-06-22 09:44:31,35195.5,0
2021-06-22 09:44:32,35199.7,0
2021-06-22 09:44:33,35201.1,0
2021-06-22 09:44:34,35200.25,0
2021-06-22 09:44:35,35196.9,0
2021-06-22 09:44:37,35201.25,0
2021-06-22 09:44:38,35204.35,0
2021-06-22 09:44:39,35194.45,0
2021-06-22 09:44:40,35206.35,0
2021-06-22 09:44:41,35202.25,0
2021-06-22 09:44:42,35204.6,0
2021-06-22 09:44:43,35212.35,0
2021-06-22 09:44:44,35205.2,0
2021-06-22 09:44:45,35207.35,0
2021-06-22 09:44:46,35207.9,0
2021-06-22 09:44:47,35206.75,0
2021-06-22 09:44:48,35204.8,0
2021-06-22 09:44:49,35207.5,0
2021-06-22 09:44:50,35216.6,0
2021-06-22 09:44:51,35213.55,0
2021-06-22 09:44:52,35211.75,0
2021-06-22 09:44:53,35212.45,0
2021-06-22 09:44:54,35213.6,0
2021-06-22 09:44:55,35200.45,0
2021-06-22 09:44:56,35204.15,0
2021-06-22 09:44:57,35204.05,0
2021-06-22 09:44:58,35207.4,0
2021-06-22 09:44:59,35211.5,0
2021-06-22 09:45:00,35201.95,0
2021-06-22 09:45:01,35202.4,0
2021-06-22 09:45:02,35211.05,0
2021-06-22 09:45:03,35212.6,0
2021-06-22 09:45:04,35216.45,0
2021-06-22 09:45:06,35219.75,0
2021-06-22 09:45:07,35222.45,0
2021-06-22 09:45:08,35213.25,0
2021-06-22 09:45:09,35216.15,0
2021-06-22 09:45:10,35217.3,0
2021-06-22 09:45:11,35216.4,0
2021-06-22 09:45:13,35217.5,0
2021-06-22 09:45:14,35219.35,0
2021-06-22 09:45:15,35220.25,0
2021-06-22 09:45:16,35214.6,0
2021-06-22 09:45:17,35216.9,0
2021-06-22 09:45:18,35222.45,0
2021-06-22 09:45:19,35217.7,0
2021-06-22 09:45:20,35216.5,0
2021-06-22 09:45:21,35221.6,0
2021-06-22 09:45:22,35219.05,0
2021-06-22 09:45:23,35223.85,0
2021-06-22 09:45:26,35221.75,0
2021-06-22 09:45:28,35223.9,0
2021-06-22 09:45:29,35227.25,0
2021-06-22 09:45:30,35226.75,0
2021-06-22 09:45:31,35226.1,0
2021-06-22 09:45:32,35225.5,0
2021-06-22 09:45:33,35224.3,0
2021-06-22 09:45:34,35225.25,0
2021-06-22 09:45:35,35224.5,0
2021-06-22 09:45:36,35223.55,0
2021-06-22 09:45:37,35225.05,0
2021-06-22 09:45:38,35222.25,0
2021-06-22 09:45:39,35221.9,0
2021-06-22 09:45:40,35221.15,0
2021-06-22 09:45:41,35222.45,0
2021-06-22 09:45:42,35224.8,0
2021-06-22 09:45:43,35224.7,0
2021-06-22 09:45:44,35225.8,0
2021-06-22 09:45:45,35225.4,0
2021-06-22 09:45:46,35222.75,0
2021-06-22 09:45:47,35226.45,0
2021-06-22 09:45:48,35224.35,0
2021-06-22 09:45:49,35226.2,0
2021-06-22 09:45:50,35223.2,0
2021-06-22 09:45:51,35228.85,0
2021-06-22 09:45:52,35226.1,0
2021-06-22 09:45:53,35221.35,0
2021-06-22 09:45:54,35222.15,0
2021-06-22 09:45:55,35220.8,0
2021-06-22 09:45:56,35227.4,0
2021-06-22 09:45:57,35224.15,0
2021-06-22 09:45:58,35217.25,0
2021-06-22 09:45:59,35222.4,0
2021-06-22 09:46:00,35218.65,0
2021-06-22 09:46:01,35213.2,0
2021-06-22 09:46:03,35207.3,0
2021-06-22 09:46:04,35206.85,0
2021-06-22 09:46:06,35210.25,0
2021-06-22 09:46:08,35216.15,0
2021-06-22 09:46:09,35220.8,0
2021-06-22 09:46:10,35220.95,0
2021-06-22 09:46:12,35218.15,0
2021-06-22 09:46:13,35216.45,0
2021-06-22 09:46:14,35219.2,0
2021-06-22 09:46:15,35221.55,0
2021-06-22 09:46:16,35220.25,0
2021-06-22 09:46:17,35221.7,0
2021-06-22 09:46:18,35224.7,0
2021-06-22 09:46:19,35222.3,0
2021-06-22 09:46:21,35222.55,0
2021-06-22 09:46:22,35220.8,0
2021-06-22 09:46:24,35225.05,0
2021-06-22 09:46:25,35228.95,0
2021-06-22 09:46:26,35229.85,0
2021-06-22 09:46:27,35228.95,0
2021-06-22 09:46:28,35229.15,0
2021-06-22 09:46:29,35226.3,0
2021-06-22 09:46:31,35224.55,0
2021-06-22 09:46:32,35225.95,0
2021-06-22 09:46:34,35231.75,0
2021-06-22 09:46:35,35230.95,0
2021-06-22 09:46:36,35228.95,0
2021-06-22 09:46:39,35230.85,0
2021-06-22 09:46:40,35224.65,0
2021-06-22 09:46:41,35230.15,0
2021-06-22 09:46:42,35230.9,0
2021-06-22 09:46:43,35220.5,0
2021-06-22 09:46:44,35219.2,0
2021-06-22 09:46:45,35222.5,0
2021-06-22 09:46:46,35222.15,0
2021-06-22 09:46:47,35222.2,0
2021-06-22 09:46:48,35223.5,0
2021-06-22 09:46:49,35223.35,0
2021-06-22 09:46:50,35224.5,0
2021-06-22 09:46:51,35222.95,0
2021-06-22 09:46:52,35218.95,0
2021-06-22 09:46:53,35223.55,0
2021-06-22 09:46:54,35221.6,0
2021-06-22 09:46:55,35218.6,0
2021-06-22 09:46:57,35223.15,0
2021-06-22 09:46:58,35221.4,0
2021-06-22 09:46:59,35221.15,0
2021-06-22 09:47:00,35222.9,0
2021-06-22 09:47:01,35221.5,0
2021-06-22 09:47:02,35222.15,0
2021-06-22 09:47:03,35222.05,0
2021-06-22 09:47:04,35224.8,0
2021-06-22 09:47:05,35221.9,0
2021-06-22 09:47:06,35223.7,0
2021-06-22 09:47:07,35224.25,0
2021-06-22 09:47:09,35226.6,0
2021-06-22 09:47:10,35225.1,0
2021-06-22 09:47:11,35226.0,0
2021-06-22 09:47:12,35225.55,0
2021-06-22 09:47:13,35232.4,0
2021-06-22 09:47:14,35226.25,0
2021-06-22 09:47:15,35226.35,0
2021-06-22 09:47:16,35226.3,0
2021-06-22 09:47:17,35222.4,0
2021-06-22 09:47:18,35224.75,0
2021-06-22 09:47:20,35225.25,0
2021-06-22 09:47:21,35226.4,0
2021-06-22 09:47:22,35223.15,0
2021-06-22 09:47:23,35226.65,0
2021-06-22 09:47:24,35234.25,0
2021-06-22 09:47:25,35232.4,0
2021-06-22 09:47:26,35234.25,0
2021-06-22 09:47:27,35231.8,0
2021-06-22 09:47:28,35227.8,0
2021-06-22 09:47:29,35234.85,0
2021-06-22 09:47:30,35221.05,0
2021-06-22 09:47:31,35232.0,0
2021-06-22 09:47:32,35229.65,0
2021-06-22 09:47:34,35228.5,0
2021-06-22 09:47:35,35231.65,0
2021-06-22 09:47:36,35228.9,0
2021-06-22 09:47:37,35222.35,0
2021-06-22 09:47:38,35228.7,0
2021-06-22 09:47:39,35230.75,0
2021-06-22 09:47:40,35225.75,0
2021-06-22 09:47:41,35228.1,0
2021-06-22 09:47:42,35230.4,0
2021-06-22 09:47:44,35227.55,0
2021-06-22 09:47:45,35229.25,0
2021-06-22 09:47:46,35228.2,0
2021-06-22 09:47:47,35227.6,0
2021-06-22 09:47:48,35230.55,0
2021-06-22 09:47:49,35227.05,0
2021-06-22 09:47:50,35227.15,0
2021-06-22 09:47:51,35229.7,0
2021-06-22 09:47:52,35229.65,0
2021-06-22 09:47:53,35224.5,0
2021-06-22 09:47:54,35230.85,0
2021-06-22 09:47:55,35227.5,0
2021-06-22 09:47:57,35232.5,0
2021-06-22 09:47:58,35230.05,0
2021-06-22 09:47:59,35229.9,0
2021-06-22 09:48:00,35226.6,0
2021-06-22 09:48:01,35227.85,0
2021-06-22 09:48:02,35225.2,0
2021-06-22 09:48:03,35221.25,0
2021-06-22 09:48:04,35223.6,0
2021-06-22 09:48:05,35223.4,0
2021-06-22 09:48:06,35221.05,0
2021-06-22 09:48:07,35220.5,0
2021-06-22 09:48:09,35225.7,0
2021-06-22 09:48:10,35223.1,0
2021-06-22 09:48:11,35225.45,0
2021-06-22 09:48:13,35222.95,0
2021-06-22 09:48:14,35223.45,0
2021-06-22 09:48:15,35225.8,0
2021-06-22 09:48:16,35225.95,0
2021-06-22 09:48:17,35225.95,0
2021-06-22 09:48:18,35226.45,0
2021-06-22 09:48:19,35227.5,0
2021-06-22 09:48:21,35228.6,0
2021-06-22 09:48:22,35228.5,0
2021-06-22 09:48:23,35227.75,0
2021-06-22 09:48:25,35226.2,0
2021-06-22 09:48:27,35226.5,0
2021-06-22 09:48:28,35226.45,0
2021-06-22 09:48:29,35224.8,0
2021-06-22 09:48:30,35224.45,0
2021-06-22 09:48:32,35223.2,0
2021-06-22 09:48:41,35224.85,0
2021-06-22 09:48:43,35225.85,0
2021-06-22 09:48:44,35224.8,0
2021-06-22 09:48:45,35227.45,0
2021-06-22 09:48:46,35227.9,0
2021-06-22 09:48:47,35226.85,0
2021-06-22 09:48:48,35226.5,0
2021-06-22 09:48:49,35227.35,0
2021-06-22 09:48:50,35225.6,0
2021-06-22 09:48:51,35223.4,0
2021-06-22 09:48:52,35221.9,0
2021-06-22 09:48:53,35222.45,0
2021-06-22 09:48:54,35222.65,0
2021-06-22 09:48:55,35221.0,0
2021-06-22 09:48:57,35223.85,0
2021-06-22 09:48:58,35221.4,0
2021-06-22 09:48:59,35224.4,0
2021-06-22 09:49:00,35223.2,0
2021-06-22 09:49:01,35221.7,0
2021-06-22 09:49:02,35223.0,0
2021-06-22 09:49:03,35225.55,0
2021-06-22 09:49:04,35225.2,0
2021-06-22 09:49:05,35223.85,0
2021-06-22 09:49:06,35225.75,0
2021-06-22 09:49:07,35226.55,0
2021-06-22 09:49:08,35226.8,0
2021-06-22 09:49:09,35227.0,0
2021-06-22 09:49:10,35227.1,0
2021-06-22 09:49:11,35227.35,0
2021-06-22 09:49:12,35228.8,0
2021-06-22 09:49:13,35225.8,0
2021-06-22 09:49:14,35224.4,0
2021-06-22 09:49:15,35224.1,0
2021-06-22 09:49:16,35227.8,0
2021-06-22 09:49:17,35229.95,0
2021-06-22 09:49:19,35231.4,0
2021-06-22 09:49:20,35230.25,0
2021-06-22 09:49:22,35230.35,0
2021-06-22 09:49:23,35233.25,0
2021-06-22 09:49:25,35235.55,0
2021-06-22 09:49:26,35228.9,0
2021-06-22 09:49:27,35232.7,0
2021-06-22 09:49:28,35230.55,0
2021-06-22 09:49:29,35231.95,0
2021-06-22 09:49:30,35229.95,0
2021-06-22 09:49:31,35229.15,0
2021-06-22 09:49:32,35229.15,0
2021-06-22 09:49:33,35229.35,0
2021-06-22 09:49:34,35231.8,0
2021-06-22 09:49:35,35230.2,0
2021-06-22 09:49:36,35230.45,0
2021-06-22 09:49:37,35230.75,0
2021-06-22 09:49:39,35229.0,0
2021-06-22 09:49:40,35229.85,0
2021-06-22 09:49:41,35230.0,0
2021-06-22 09:49:42,35228.95,0
2021-06-22 09:49:43,35233.1,0
2021-06-22 09:49:44,35225.75,0
2021-06-22 09:49:45,35227.45,0
2021-06-22 09:49:46,35228.55,0
2021-06-22 09:49:47,35228.55,0
2021-06-22 09:49:48,35231.8,0
2021-06-22 09:49:49,35230.85,0
2021-06-22 09:49:50,35228.2,0
2021-06-22 09:49:51,35227.45,0
2021-06-22 09:49:52,35225.5,0
2021-06-22 09:49:53,35224.85,0
2021-06-22 09:49:54,35224.65,0
2021-06-22 09:49:55,35225.5,0
2021-06-22 09:49:56,35225.1,0
2021-06-22 09:49:57,35227.05,0
2021-06-22 09:49:58,35229.05,0
2021-06-22 09:49:59,35228.5,0
2021-06-22 09:50:00,35227.3,0
2021-06-22 09:50:01,35229.45,0
2021-06-22 09:50:04,35231.0,0
2021-06-22 09:50:06,35231.5,0
2021-06-22 09:50:07,35229.25,0
2021-06-22 09:50:08,35231.1,0
2021-06-22 09:50:09,35232.1,0
2021-06-22 09:50:10,35228.3,0
2021-06-22 09:50:11,35229.6,0
2021-06-22 09:50:12,35227.9,0
2021-06-22 09:50:13,35228.85,0
2021-06-22 09:50:14,35227.45,0
2021-06-22 09:50:16,35229.3,0
2021-06-22 09:50:17,35229.9,0
2021-06-22 09:50:18,35229.75,0
2021-06-22 09:50:19,35226.6,0
2021-06-22 09:50:20,35229.05,0
2021-06-22 09:50:21,35225.9,0
2021-06-22 09:50:22,35228.75,0
2021-06-22 09:50:23,35227.45,0
2021-06-22 09:50:24,35224.7,0
2021-06-22 09:50:27,35225.15,0
2021-06-22 09:50:28,35228.2,0
2021-06-22 09:50:30,35223.75,0
2021-06-22 09:50:31,35219.05,0
2021-06-22 09:50:33,35207.9,0
2021-06-22 09:50:34,35203.5,0
2021-06-22 09:50:35,35202.9,0
2021-06-22 09:50:41,35218.25,0
2021-06-22 09:50:42,35219.25,0
2021-06-22 09:50:43,35217.95,0
2021-06-22 09:50:44,35218.15,0
2021-06-22 09:50:46,35208.35,0
2021-06-22 09:50:47,35208.75,0
2021-06-22 09:50:48,35212.45,0
2021-06-22 09:50:49,35212.9,0
2021-06-22 09:50:50,35212.85,0
2021-06-22 09:50:51,35212.15,0
2021-06-22 09:50:52,35215.85,0
2021-06-22 09:50:53,35209.55,0
2021-06-22 09:50:55,35214.2,0
2021-06-22 09:50:56,35216.05,0
2021-06-22 09:50:57,35213.3,0
2021-06-22 09:50:58,35216.3,0
2021-06-22 09:50:59,35213.45,0
2021-06-22 09:51:00,35214.05,0
2021-06-22 09:51:01,35209.15,0
2021-06-22 09:51:02,35210.25,0
2021-06-22 09:51:03,35209.45,0
2021-06-22 09:51:04,35214.45,0
2021-06-22 09:51:05,35210.5,0
2021-06-22 09:51:06,35214.1,0
2021-06-22 09:51:07,35214.0,0
2021-06-22 09:51:08,35213.3,0
2021-06-22 09:51:09,35211.9,0
2021-06-22 09:51:10,35212.9,0
2021-06-22 09:51:11,35210.6,0
2021-06-22 09:51:12,35209.75,0
2021-06-22 09:51:13,35210.05,0
2021-06-22 09:51:14,35208.25,0
2021-06-22 09:51:15,35207.35,0
2021-06-22 09:51:16,35204.65,0
2021-06-22 09:51:17,35201.35,0
2021-06-22 09:51:18,35202.55,0
2021-06-22 09:51:19,35201.2,0
2021-06-22 09:51:20,35201.9,0
2021-06-22 09:51:21,35204.75,0
2021-06-22 09:51:22,35202.65,0
2021-06-22 09:51:23,35205.75,0
2021-06-22 09:51:24,35204.15,0
2021-06-22 09:51:25,35203.1,0
2021-06-22 09:51:26,35201.35,0
2021-06-22 09:51:27,35200.6,0
2021-06-22 09:51:28,35207.5,0
2021-06-22 09:51:29,35203.8,0
2021-06-22 09:51:30,35202.45,0
2021-06-22 09:51:31,35202.9,0
2021-06-22 09:51:32,35204.6,0
2021-06-22 09:51:33,35207.65,0
2021-06-22 09:51:34,35203.9,0
2021-06-22 09:51:35,35202.45,0
2021-06-22 09:51:36,35199.9,0
2021-06-22 09:51:37,35202.1,0
2021-06-22 09:51:38,35202.55,0
2021-06-22 09:51:39,35202.0,0
2021-06-22 09:51:40,35203.35,0
2021-06-22 09:51:41,35202.35,0
2021-06-22 09:51:42,35202.45,0
2021-06-22 09:51:43,35205.55,0
2021-06-22 09:51:44,35203.0,0
2021-06-22 09:51:45,35203.5,0
2021-06-22 09:51:46,35203.9,0
2021-06-22 09:51:50,35205.2,0
2021-06-22 09:51:51,35200.4,0
2021-06-22 09:51:52,35204.45,0
2021-06-22 09:51:53,35204.5,0
2021-06-22 09:51:54,35204.95,0
2021-06-22 09:51:55,35203.7,0
2021-06-22 09:51:56,35202.45,0
2021-06-22 09:51:57,35205.95,0
2021-06-22 09:51:58,35206.4,0
2021-06-22 09:51:59,35204.15,0
2021-06-22 09:52:00,35205.6,0
2021-06-22 09:52:01,35205.05,0
2021-06-22 09:52:02,35202.15,0
2021-06-22 09:52:03,35204.85,0
2021-06-22 09:52:04,35201.75,0
2021-06-22 09:52:05,35205.0,0
2021-06-22 09:52:06,35203.8,0
2021-06-22 09:52:08,35202.55,0
2021-06-22 09:52:09,35201.75,0
2021-06-22 09:52:10,35201.4,0
2021-06-22 09:52:11,35201.5,0
2021-06-22 09:52:12,35202.3,0
2021-06-22 09:52:13,35201.9,0
2021-06-22 09:52:15,35199.3,0
2021-06-22 09:52:17,35201.6,0
2021-06-22 09:52:18,35197.45,0
2021-06-22 09:52:19,35198.55,0
2021-06-22 09:52:20,35197.8,0
2021-06-22 09:52:21,35199.6,0
2021-06-22 09:52:23,35196.45,0
2021-06-22 09:52:24,35194.6,0
2021-06-22 09:52:25,35200.25,0
2021-06-22 09:52:26,35198.25,0
2021-06-22 09:52:27,35197.85,0
2021-06-22 09:52:28,35199.55,0
2021-06-22 09:52:29,35197.5,0
2021-06-22 09:52:30,35200.35,0
2021-06-22 09:52:31,35201.85,0
2021-06-22 09:52:32,35196.0,0
2021-06-22 09:52:34,35196.25,0
2021-06-22 09:52:35,35193.25,0
2021-06-22 09:52:36,35193.05,0
2021-06-22 09:52:37,35195.75,0
2021-06-22 09:52:38,35193.75,0
2021-06-22 09:52:39,35191.95,0
2021-06-22 09:52:40,35190.45,0
2021-06-22 09:52:41,35192.9,0
2021-06-22 09:52:42,35190.85,0
2021-06-22 09:52:44,35181.3,0
2021-06-22 09:52:45,35185.4,0
2021-06-22 09:52:47,35182.4,0
2021-06-22 09:52:48,35184.5,0
2021-06-22 09:52:49,35183.95,0
2021-06-22 09:52:50,35182.85,0
2021-06-22 09:52:52,35180.5,0
2021-06-22 09:52:54,35182.2,0
2021-06-22 09:52:55,35180.8,0
2021-06-22 09:52:56,35184.75,0
2021-06-22 09:52:58,35183.05,0
2021-06-22 09:53:01,35184.8,0
2021-06-22 09:53:02,35182.6,0
2021-06-22 09:53:03,35183.3,0
2021-06-22 09:53:04,35183.7,0
2021-06-22 09:53:05,35183.25,0
2021-06-22 09:53:07,35185.45,0
2021-06-22 09:53:08,35186.9,0
2021-06-22 09:53:09,35186.95,0
2021-06-22 09:53:11,35186.4,0
2021-06-22 09:53:12,35186.65,0
2021-06-22 09:53:13,35189.85,0
2021-06-22 09:53:14,35192.35,0
2021-06-22 09:53:15,35192.1,0
2021-06-22 09:53:16,35190.55,0
2021-06-22 09:53:18,35192.85,0
2021-06-22 09:53:19,35189.2,0
2021-06-22 09:53:20,35181.45,0
2021-06-22 09:53:21,35183.6,0
2021-06-22 09:53:22,35185.0,0
2021-06-22 09:53:23,35185.95,0
2021-06-22 09:53:24,35185.3,0
2021-06-22 09:53:25,35182.25,0
2021-06-22 09:53:26,35182.5,0
2021-06-22 09:53:27,35177.65,0
2021-06-22 09:53:29,35180.3,0
2021-06-22 09:53:30,35180.65,0
2021-06-22 09:53:31,35179.65,0
2021-06-22 09:53:32,35178.15,0
2021-06-22 09:53:33,35177.85,0
2021-06-22 09:53:36,35179.7,0
2021-06-22 09:53:37,35176.05,0
2021-06-22 09:53:38,35177.25,0
2021-06-22 09:53:39,35176.35,0
2021-06-22 09:53:40,35177.45,0
2021-06-22 09:53:41,35182.1,0
2021-06-22 09:53:42,35181.4,0
2021-06-22 09:53:43,35183.9,0
2021-06-22 09:53:44,35182.0,0
2021-06-22 09:53:45,35186.9,0
2021-06-22 09:53:46,35185.25,0
2021-06-22 09:53:47,35183.7,0
2021-06-22 09:53:48,35182.7,0
2021-06-22 09:53:50,35184.65,0
2021-06-22 09:53:51,35187.95,0
2021-06-22 09:53:52,35183.55,0
2021-06-22 09:53:53,35182.1,0
2021-06-22 09:53:54,35181.25,0
2021-06-22 09:53:55,35182.8,0
2021-06-22 09:53:56,35186.35,0
2021-06-22 09:53:57,35184.9,0
2021-06-22 09:53:58,35184.5,0
2021-06-22 09:53:59,35184.2,0
2021-06-22 09:54:00,35182.9,0
2021-06-22 09:54:01,35182.35,0
2021-06-22 09:54:02,35181.2,0
2021-06-22 09:54:03,35180.7,0
2021-06-22 09:54:04,35185.5,0
2021-06-22 09:54:05,35185.05,0
2021-06-22 09:54:06,35186.4,0
2021-06-22 09:54:07,35185.65,0
2021-06-22 09:54:08,35182.6,0
2021-06-22 09:54:09,35186.65,0
2021-06-22 09:54:10,35185.1,0
2021-06-22 09:54:11,35182.5,0
2021-06-22 09:54:12,35182.7,0
2021-06-22 09:54:13,35181.25,0
2021-06-22 09:54:14,35184.4,0
2021-06-22 09:54:15,35181.95,0
2021-06-22 09:54:16,35182.35,0
2021-06-22 09:54:17,35182.15,0
2021-06-22 09:54:18,35183.5,0
2021-06-22 09:54:19,35181.95,0
2021-06-22 09:54:20,35183.65,0
2021-06-22 09:54:22,35180.6,0
2021-06-22 09:54:23,35181.55,0
2021-06-22 09:54:24,35182.85,0
2021-06-22 09:54:25,35179.55,0
2021-06-22 09:54:26,35180.35,0
2021-06-22 09:54:28,35183.8,0
2021-06-22 09:54:30,35181.4,0
2021-06-22 09:54:31,35181.4,0
2021-06-22 09:54:32,35178.85,0
2021-06-22 09:54:33,35182.3,0
2021-06-22 09:54:35,35179.8,0
2021-06-22 09:54:36,35179.85,0
2021-06-22 09:54:37,35182.05,0
2021-06-22 09:54:40,35176.55,0
2021-06-22 09:54:42,35183.0,0
2021-06-22 09:54:44,35180.4,0
2021-06-22 09:54:45,35179.6,0
2021-06-22 09:54:48,35180.05,0
2021-06-22 09:54:49,35182.05,0
2021-06-22 09:54:51,35175.5,0
2021-06-22 09:54:52,35176.3,0
2021-06-22 09:54:54,35174.65,0
2021-06-22 09:54:55,35174.1,0
2021-06-22 09:54:56,35175.15,0
2021-06-22 09:54:57,35174.8,0
2021-06-22 09:54:58,35173.4,0
2021-06-22 09:55:00,35170.85,0
2021-06-22 09:55:03,35170.65,0
2021-06-22 09:55:04,35173.8,0
2021-06-22 09:55:07,35171.2,0
2021-06-22 09:55:08,35168.75,0
2021-06-22 09:55:09,35165.25,0
2021-06-22 09:55:10,35171.9,0
2021-06-22 09:55:11,35172.65,0
2021-06-22 09:55:12,35171.55,0
2021-06-22 09:55:13,35173.35,0
2021-06-22 09:55:14,35173.25,0
2021-06-22 09:55:15,35175.1,0
2021-06-22 09:55:16,35175.8,0
2021-06-22 09:55:17,35174.2,0
2021-06-22 09:55:18,35173.1,0
2021-06-22 09:55:19,35175.0,0
2021-06-22 09:55:20,35177.0,0
2021-06-22 09:55:21,35175.35,0
2021-06-22 09:55:22,35172.45,0
2021-06-22 09:55:23,35174.0,0
2021-06-22 09:55:24,35175.3,0
2021-06-22 09:55:25,35174.5,0
2021-06-22 09:55:26,35169.5,0
2021-06-22 09:55:27,35170.6,0
2021-06-22 09:55:28,35168.5,0
2021-06-22 09:55:29,35172.8,0
2021-06-22 09:55:30,35170.75,0
2021-06-22 09:55:31,35166.9,0
2021-06-22 09:55:32,35170.45,0
2021-06-22 09:55:33,35169.45,0
2021-06-22 09:55:35,35170.95,0
2021-06-22 09:55:36,35172.4,0
2021-06-22 09:55:38,35170.5,0
2021-06-22 09:55:39,35171.5,0
2021-06-22 09:55:40,35171.55,0
2021-06-22 09:55:41,35169.55,0
2021-06-22 09:55:42,35169.6,0
2021-06-22 09:55:43,35169.7,0
2021-06-22 09:55:44,35169.0,0
2021-06-22 09:55:45,35168.35,0
2021-06-22 09:55:46,35170.75,0
2021-06-22 09:55:47,35165.05,0
2021-06-22 09:55:48,35168.45,0
2021-06-22 09:55:50,35171.25,0
2021-06-22 09:55:51,35172.3,0
2021-06-22 09:55:52,35173.15,0
2021-06-22 09:55:53,35173.35,0
2021-06-22 09:55:54,35175.15,0
2021-06-22 09:55:55,35176.5,0
2021-06-22 09:55:56,35175.6,0
2021-06-22 09:55:57,35173.8,0
2021-06-22 09:55:58,35171.7,0
2021-06-22 09:55:59,35178.95,0
2021-06-22 09:56:00,35179.8,0
2021-06-22 09:56:01,35178.15,0
2021-06-22 09:56:03,35176.7,0
2021-06-22 09:56:04,35180.65,0
2021-06-22 09:56:05,35179.7,0
2021-06-22 09:56:06,35180.85,0
2021-06-22 09:56:07,35179.15,0
2021-06-22 09:56:08,35182.85,0
2021-06-22 09:56:09,35184.85,0
2021-06-22 09:56:10,35184.15,0
2021-06-22 09:56:11,35187.75,0
2021-06-22 09:56:12,35187.65,0
2021-06-22 09:56:13,35187.15,0
2021-06-22 09:56:14,35191.5,0
2021-06-22 09:56:15,35193.65,0
2021-06-22 09:56:16,35192.0,0
2021-06-22 09:56:17,35192.4,0
2021-06-22 09:56:19,35197.2,0
2021-06-22 09:56:20,35197.1,0
2021-06-22 09:56:21,35198.25,0
2021-06-22 09:56:23,35202.6,0
2021-06-22 09:56:24,35202.55,0
2021-06-22 09:56:25,35200.75,0
2021-06-22 09:56:26,35203.4,0
2021-06-22 09:56:27,35205.4,0
2021-06-22 09:56:28,35199.8,0
2021-06-22 09:56:29,35203.8,0
2021-06-22 09:56:30,35202.6,0
2021-06-22 09:56:31,35204.3,0
2021-06-22 09:56:33,35205.4,0
2021-06-22 09:56:34,35203.15,0
2021-06-22 09:56:35,35204.65,0
2021-06-22 09:56:36,35202.45,0
2021-06-22 09:56:37,35201.85,0
2021-06-22 09:56:38,35204.3,0
2021-06-22 09:56:39,35200.95,0
2021-06-22 09:56:40,35197.2,0
2021-06-22 09:56:41,35201.9,0
2021-06-22 09:56:43,35202.25,0
2021-06-22 09:56:44,35199.25,0
2021-06-22 09:56:45,35201.95,0
2021-06-22 09:56:46,35199.1,0
2021-06-22 09:56:47,35199.9,0
2021-06-22 09:56:49,35202.6,0
2021-06-22 09:56:50,35201.3,0
2021-06-22 09:56:51,35202.1,0
2021-06-22 09:56:52,35202.3,0
2021-06-22 09:56:55,35193.6,0
2021-06-22 09:56:57,35195.35,0
2021-06-22 09:56:58,35197.6,0
2021-06-22 09:56:59,35196.4,0
2021-06-22 09:57:00,35197.85,0
2021-06-22 09:57:01,35197.6,0
2021-06-22 09:57:02,35194.5,0
2021-06-22 09:57:03,35193.85,0
2021-06-22 09:57:04,35193.5,0
2021-06-22 09:57:05,35194.55,0
2021-06-22 09:57:06,35192.95,0
2021-06-22 09:57:07,35196.25,0
2021-06-22 09:57:09,35192.05,0
2021-06-22 09:57:10,35194.35,0
2021-06-22 09:57:12,35196.8,0
2021-06-22 09:57:13,35195.3,0
2021-06-22 09:57:14,35195.7,0
2021-06-22 09:57:15,35196.35,0
2021-06-22 09:57:17,35194.1,0
2021-06-22 09:57:19,35195.05,0
2021-06-22 09:57:20,35192.9,0
2021-06-22 09:57:21,35195.5,0
2021-06-22 09:57:22,35193.45,0
2021-06-22 09:57:23,35190.8,0
2021-06-22 09:57:24,35190.8,0
2021-06-22 09:57:26,35193.05,0
2021-06-22 09:57:27,35190.15,0
2021-06-22 09:57:28,35187.8,0
2021-06-22 09:57:29,35190.2,0
2021-06-22 09:57:30,35188.15,0
2021-06-22 09:57:31,35187.9,0
2021-06-22 09:57:32,35185.9,0
2021-06-22 09:57:33,35186.0,0
2021-06-22 09:57:34,35182.75,0
2021-06-22 09:57:35,35182.3,0
2021-06-22 09:57:36,35184.3,0
2021-06-22 09:57:37,35184.1,0
2021-06-22 09:57:38,35183.3,0
2021-06-22 09:57:39,35179.7,0
2021-06-22 09:57:40,35179.15,0
2021-06-22 09:57:41,35180.2,0
2021-06-22 09:57:42,35180.0,0
2021-06-22 09:57:43,35182.05,0
2021-06-22 09:57:45,35178.65,0
2021-06-22 09:57:46,35179.45,0
2021-06-22 09:57:47,35177.65,0
2021-06-22 09:57:48,35178.55,0
2021-06-22 09:57:49,35176.85,0
2021-06-22 09:57:50,35177.8,0
2021-06-22 09:57:51,35175.8,0
2021-06-22 09:57:52,35175.6,0
2021-06-22 09:57:53,35176.6,0
2021-06-22 09:57:54,35178.35,0
2021-06-22 09:57:55,35174.75,0
2021-06-22 09:57:56,35176.65,0
2021-06-22 09:57:57,35175.5,0
2021-06-22 09:57:58,35176.05,0
2021-06-22 09:57:59,35176.9,0
2021-06-22 09:58:00,35177.65,0
2021-06-22 09:58:01,35174.5,0
2021-06-22 09:58:02,35178.55,0
2021-06-22 09:58:03,35174.8,0
2021-06-22 09:58:04,35176.3,0
2021-06-22 09:58:05,35178.3,0
2021-06-22 09:58:06,35175.65,0
2021-06-22 09:58:07,35176.95,0
2021-06-22 09:58:08,35176.15,0
2021-06-22 09:58:09,35177.15,0
2021-06-22 09:58:10,35177.75,0
2021-06-22 09:58:12,35178.1,0
2021-06-22 09:58:13,35180.55,0
2021-06-22 09:58:14,35184.65,0
2021-06-22 09:58:15,35181.8,0
2021-06-22 09:58:16,35178.8,0
2021-06-22 09:58:17,35179.4,0
2021-06-22 09:58:18,35177.4,0
2021-06-22 09:58:19,35173.0,0
2021-06-22 09:58:20,35174.3,0
2021-06-22 09:58:21,35172.3,0
2021-06-22 09:58:22,35172.7,0
2021-06-22 09:58:23,35173.25,0
2021-06-22 09:58:24,35175.1,0
2021-06-22 09:58:25,35172.45,0
2021-06-22 09:58:26,35173.05,0
2021-06-22 09:58:27,35173.05,0
2021-06-22 09:58:28,35173.4,0
2021-06-22 09:58:29,35173.0,0
2021-06-22 09:58:30,35170.5,0
2021-06-22 09:58:32,35172.65,0
2021-06-22 09:58:33,35173.3,0
2021-06-22 09:58:34,35171.2,0
2021-06-22 09:58:35,35171.15,0
2021-06-22 09:58:36,35170.05,0
2021-06-22 09:58:37,35170.8,0
2021-06-22 09:58:38,35170.5,0
2021-06-22 09:58:39,35170.55,0
2021-06-22 09:58:40,35172.75,0
2021-06-22 09:58:41,35172.0,0
2021-06-22 09:58:42,35170.45,0
2021-06-22 09:58:43,35170.4,0
2021-06-22 09:58:44,35170.4,0
2021-06-22 09:58:45,35170.8,0
2021-06-22 09:58:46,35171.25,0
2021-06-22 09:58:47,35170.55,0
2021-06-22 09:58:48,35172.0,0
2021-06-22 09:58:49,35171.1,0
2021-06-22 09:58:50,35170.5,0
2021-06-22 09:58:51,35168.75,0
2021-06-22 09:58:52,35169.9,0
2021-06-22 09:58:56,35167.3,0
2021-06-22 09:58:58,35169.25,0
2021-06-22 09:58:59,35166.5,0
2021-06-22 09:59:00,35166.8,0
2021-06-22 09:59:01,35166.0,0
2021-06-22 09:59:02,35164.45,0
2021-06-22 09:59:03,35160.7,0
2021-06-22 09:59:04,35161.6,0
2021-06-22 09:59:05,35162.3,0
2021-06-22 09:59:06,35163.65,0
2021-06-22 09:59:07,35162.35,0
2021-06-22 09:59:08,35163.7,0
2021-06-22 09:59:09,35161.35,0
2021-06-22 09:59:10,35161.5,0
2021-06-22 09:59:11,35162.85,0
2021-06-22 09:59:12,35166.25,0
2021-06-22 09:59:14,35165.45,0
2021-06-22 09:59:15,35165.55,0
2021-06-22 09:59:16,35164.5,0
2021-06-22 09:59:17,35167.8,0
2021-06-22 09:59:18,35164.0,0
2021-06-22 09:59:19,35166.8,0
2021-06-22 09:59:20,35164.55,0
2021-06-22 09:59:22,35165.25,0
2021-06-22 09:59:23,35163.7,0
2021-06-22 09:59:25,35163.65,0
2021-06-22 09:59:26,35165.45,0
2021-06-22 09:59:28,35168.25,0
2021-06-22 09:59:29,35165.0,0
2021-06-22 09:59:32,35161.35,0
2021-06-22 09:59:33,35160.6,0
2021-06-22 09:59:34,35163.25,0
2021-06-22 09:59:35,35161.55,0
2021-06-22 09:59:38,35164.1,0
2021-06-22 09:59:39,35160.6,0
2021-06-22 09:59:41,35158.55,0
2021-06-22 09:59:42,35161.05,0
2021-06-22 09:59:43,35158.5,0
2021-06-22 09:59:44,35163.0,0
2021-06-22 09:59:45,35161.35,0
2021-06-22 09:59:46,35161.4,0
2021-06-22 09:59:48,35158.35,0
2021-06-22 09:59:50,35158.3,0
2021-06-22 09:59:51,35158.9,0
2021-06-22 09:59:52,35157.55,0
2021-06-22 09:59:53,35156.45,0
2021-06-22 09:59:54,35155.8,0
2021-06-22 09:59:55,35150.65,0
2021-06-22 09:59:56,35152.35,0
2021-06-22 09:59:58,35151.0,0
2021-06-22 09:59:59,35150.2,0
2021-06-22 10:00:00,35149.7,0
2021-06-22 10:00:01,35149.95,0
2021-06-22 10:00:02,35152.55,0
2021-06-22 10:00:03,35152.6,0
2021-06-22 10:00:04,35152.3,0
2021-06-22 10:00:05,35154.0,0
2021-06-22 10:00:06,35152.65,0
2021-06-22 10:00:07,35151.65,0
2021-06-22 10:00:08,35152.35,0
2021-06-22 10:00:09,35152.6,0
2021-06-22 10:00:10,35151.6,0
2021-06-22 10:00:12,35154.4,0
2021-06-22 10:00:13,35153.7,0
2021-06-22 10:00:15,35151.9,0
2021-06-22 10:00:16,35150.3,0
2021-06-22 10:00:17,35148.75,0
2021-06-22 10:00:18,35151.05,0
2021-06-22 10:00:19,35150.65,0
2021-06-22 10:00:21,35149.15,0
2021-06-22 10:00:22,35149.4,0
2021-06-22 10:00:23,35149.2,0
2021-06-22 10:00:24,35149.55,0
2021-06-22 10:00:26,35148.95,0
2021-06-22 10:00:27,35147.95,0
2021-06-22 10:00:28,35146.65,0
2021-06-22 10:00:29,35150.3,0
2021-06-22 10:00:30,35149.45,0
2021-06-22 10:00:31,35149.3,0
2021-06-22 10:00:32,35147.85,0
2021-06-22 10:00:33,35147.25,0
2021-06-22 10:00:34,35148.15,0
2021-06-22 10:00:35,35148.05,0
2021-06-22 10:00:36,35147.9,0
2021-06-22 10:00:37,35147.65,0
2021-06-22 10:00:38,35151.3,0
2021-06-22 10:00:39,35147.5,0
2021-06-22 10:00:40,35148.8,0
2021-06-22 10:00:41,35147.35,0
2021-06-22 10:00:42,35147.6,0
2021-06-22 10:00:43,35147.0,0
2021-06-22 10:00:45,35146.65,0
2021-06-22 10:00:46,35146.6,0
2021-06-22 10:00:48,35146.15,0
2021-06-22 10:00:49,35150.25,0
2021-06-22 10:00:51,35151.85,0
2021-06-22 10:00:52,35152.2,0
2021-06-22 10:00:53,35151.35,0
2021-06-22 10:00:54,35150.95,0
2021-06-22 10:00:55,35144.85,0
2021-06-22 10:00:56,35145.0,0
2021-06-22 10:00:57,35147.1,0
2021-06-22 10:00:58,35144.95,0
2021-06-22 10:00:59,35144.65,0
2021-06-22 10:01:00,35146.85,0
2021-06-22 10:01:01,35141.9,0
2021-06-22 10:01:02,35141.0,0
2021-06-22 10:01:03,35141.4,0
2021-06-22 10:01:04,35140.35,0
2021-06-22 10:01:06,35140.35,0
2021-06-22 10:01:07,35139.9,0
2021-06-22 10:01:08,35140.4,0
2021-06-22 10:01:09,35139.4,0
2021-06-22 10:01:10,35137.7,0
2021-06-22 10:01:11,35135.75,0
2021-06-22 10:01:12,35132.25,0
2021-06-22 10:01:13,35133.85,0
2021-06-22 10:01:14,35130.9,0
2021-06-22 10:01:15,35130.65,0
2021-06-22 10:01:16,35130.0,0
2021-06-22 10:01:17,35130.45,0
2021-06-22 10:01:19,35130.2,0
2021-06-22 10:01:20,35131.05,0
2021-06-22 10:01:21,35130.85,0
2021-06-22 10:01:22,35132.0,0
2021-06-22 10:01:23,35131.15,0
2021-06-22 10:01:24,35130.85,0
2021-06-22 10:01:25,35134.9,0
2021-06-22 10:01:26,35135.9,0
2021-06-22 10:01:27,35138.85,0
2021-06-22 10:01:28,35134.65,0
2021-06-22 10:01:29,35137.15,0
2021-06-22 10:01:30,35135.8,0
2021-06-22 10:01:32,35137.7,0
2021-06-22 10:01:33,35136.15,0
2021-06-22 10:01:34,35132.35,0
2021-06-22 10:01:35,35136.7,0
2021-06-22 10:01:36,35136.7,0
2021-06-22 10:01:38,35135.8,0
2021-06-22 10:01:39,35137.85,0
2021-06-22 10:01:41,35135.5,0
2021-06-22 10:01:42,35138.25,0
2021-06-22 10:01:43,35135.15,0
2021-06-22 10:01:45,35138.9,0
2021-06-22 10:01:46,35135.4,0
2021-06-22 10:01:47,35142.4,0
2021-06-22 10:01:48,35140.0,0
2021-06-22 10:01:49,35143.05,0
2021-06-22 10:01:50,35143.8,0
2021-06-22 10:01:51,35147.35,0
2021-06-22 10:01:52,35146.65,0
2021-06-22 10:01:53,35143.25,0
2021-06-22 10:01:54,35145.05,0
2021-06-22 10:01:55,35151.05,0
2021-06-22 10:01:56,35149.65,0
2021-06-22 10:01:58,35148.15,0
2021-06-22 10:01:59,35144.4,0
2021-06-22 10:02:00,35144.55,0
2021-06-22 10:02:01,35147.4,0
2021-06-22 10:02:02,35146.95,0
2021-06-22 10:02:03,35143.1,0
2021-06-22 10:02:04,35146.8,0
2021-06-22 10:02:05,35145.25,0
2021-06-22 10:02:06,35148.3,0
2021-06-22 10:02:07,35144.65,0
2021-06-22 10:02:08,35150.5,0
2021-06-22 10:02:09,35149.35,0
2021-06-22 10:02:10,35147.9,0
2021-06-22 10:02:11,35149.7,0
2021-06-22 10:02:12,35150.05,0
2021-06-22 10:02:13,35154.75,0
2021-06-22 10:02:14,35153.35,0
2021-06-22 10:02:15,35158.35,0
2021-06-22 10:02:17,35163.6,0
2021-06-22 10:02:18,35163.6,0
2021-06-22 10:02:19,35167.75,0
2021-06-22 10:02:21,35167.25,0
2021-06-22 10:02:22,35169.8,0
2021-06-22 10:02:24,35163.25,0
2021-06-22 10:02:25,35164.15,0
2021-06-22 10:02:26,35167.6,0
2021-06-22 10:02:27,35171.8,0
2021-06-22 10:02:28,35168.45,0
2021-06-22 10:02:30,35172.25,0
2021-06-22 10:02:31,35175.65,0
2021-06-22 10:02:32,35175.45,0
2021-06-22 10:02:33,35175.6,0
2021-06-22 10:02:34,35172.9,0
2021-06-22 10:02:35,35174.3,0
2021-06-22 10:02:36,35173.1,0
2021-06-22 10:02:37,35173.2,0
2021-06-22 10:02:38,35172.3,0
2021-06-22 10:02:39,35170.85,0
2021-06-22 10:02:40,35170.85,0
2021-06-22 10:02:41,35172.15,0
2021-06-22 10:02:42,35171.1,0
2021-06-22 10:02:43,35172.1,0
2021-06-22 10:02:44,35172.0,0
2021-06-22 10:02:45,35171.25,0
2021-06-22 10:02:46,35170.45,0
2021-06-22 10:02:47,35170.45,0
2021-06-22 10:02:48,35173.15,0
2021-06-22 10:02:49,35172.9,0
2021-06-22 10:02:50,35170.7,0
2021-06-22 10:02:52,35168.65,0
2021-06-22 10:02:53,35169.2,0
2021-06-22 10:02:54,35167.7,0
2021-06-22 10:02:55,35168.45,0
2021-06-22 10:02:57,35164.0,0
2021-06-22 10:02:58,35165.65,0
2021-06-22 10:02:59,35166.05,0
2021-06-22 10:03:00,35166.0,0
2021-06-22 10:03:02,35162.3,0
2021-06-22 10:03:03,35162.5,0
2021-06-22 10:03:04,35162.7,0
2021-06-22 10:03:05,35163.15,0
2021-06-22 10:03:06,35162.4,0
2021-06-22 10:03:07,35161.3,0
2021-06-22 10:03:08,35162.05,0
2021-06-22 10:03:09,35162.7,0
2021-06-22 10:03:10,35160.55,0
2021-06-22 10:03:11,35158.9,0
2021-06-22 10:03:12,35157.5,0
2021-06-22 10:03:13,35159.45,0
2021-06-22 10:03:14,35157.9,0
2021-06-22 10:03:16,35155.8,0
2021-06-22 10:03:17,35155.6,0
2021-06-22 10:03:18,35154.3,0
2021-06-22 10:03:19,35158.1,0
2021-06-22 10:03:20,35158.3,0
2021-06-22 10:03:21,35159.3,0
2021-06-22 10:03:22,35161.95,0
2021-06-22 10:03:23,35163.65,0
2021-06-22 10:03:24,35156.1,0
2021-06-22 10:03:27,35156.95,0
2021-06-22 10:03:28,35169.85,0
2021-06-22 10:03:29,35172.95,0
2021-06-22 10:03:30,35176.6,0
2021-06-22 10:03:31,35171.95,0
2021-06-22 10:03:32,35172.3,0
2021-06-22 10:03:33,35173.75,0
2021-06-22 10:03:34,35171.8,0
2021-06-22 10:03:35,35173.05,0
2021-06-22 10:03:36,35170.4,0
2021-06-22 10:03:37,35169.85,0
2021-06-22 10:03:38,35167.05,0
2021-06-22 10:03:39,35167.4,0
2021-06-22 10:03:40,35169.65,0
2021-06-22 10:03:42,35169.15,0
2021-06-22 10:03:43,35172.7,0
2021-06-22 10:03:44,35171.25,0
2021-06-22 10:03:45,35173.5,0
2021-06-22 10:03:47,35167.1,0
2021-06-22 10:03:49,35171.95,0
2021-06-22 10:03:50,35171.15,0
2021-06-22 10:03:51,35173.8,0
2021-06-22 10:03:53,35169.7,0
2021-06-22 10:03:54,35174.85,0
2021-06-22 10:03:55,35172.7,0
2021-06-22 10:03:56,35171.65,0
2021-06-22 10:03:58,35173.8,0
2021-06-22 10:03:59,35173.35,0
2021-06-22 10:04:00,35175.75,0
2021-06-22 10:04:01,35174.7,0
2021-06-22 10:04:02,35176.05,0
2021-06-22 10:04:03,35171.55,0
2021-06-22 10:04:04,35169.5,0
2021-06-22 10:04:05,35170.35,0
2021-06-22 10:04:07,35175.15,0
2021-06-22 10:04:09,35171.8,0
2021-06-22 10:04:10,35174.15,0
2021-06-22 10:04:11,35176.05,0
2021-06-22 10:04:13,35182.65,0
2021-06-22 10:04:15,35187.15,0
2021-06-22 10:04:16,35183.8,0
2021-06-22 10:04:17,35183.05,0
2021-06-22 10:04:18,35186.1,0
2021-06-22 10:04:19,35179.15,0
2021-06-22 10:04:21,35181.85,0
2021-06-22 10:04:22,35178.3,0
2021-06-22 10:04:23,35179.95,0
2021-06-22 10:04:24,35179.9,0
2021-06-22 10:04:25,35179.55,0
2021-06-22 10:04:26,35184.05,0
2021-06-22 10:04:27,35183.6,0
2021-06-22 10:04:28,35185.9,0
2021-06-22 10:04:29,35184.6,0
2021-06-22 10:04:30,35184.15,0
2021-06-22 10:04:31,35186.25,0
2021-06-22 10:04:33,35188.65,0
2021-06-22 10:04:34,35187.05,0
2021-06-22 10:04:35,35186.95,0
2021-06-22 10:04:36,35187.1,0
2021-06-22 10:04:37,35188.95,0
2021-06-22 10:04:38,35189.2,0
2021-06-22 10:04:39,35189.7,0
2021-06-22 10:04:40,35187.35,0
2021-06-22 10:04:41,35187.8,0
2021-06-22 10:04:42,35189.9,0
2021-06-22 10:04:43,35190.55,0
2021-06-22 10:04:44,35191.05,0
2021-06-22 10:04:45,35190.65,0
2021-06-22 10:04:46,35193.2,0
2021-06-22 10:04:47,35191.15,0
2021-06-22 10:04:48,35191.75,0
2021-06-22 10:04:49,35194.05,0
2021-06-22 10:04:50,35193.7,0
2021-06-22 10:04:51,35190.8,0
2021-06-22 10:04:52,35193.5,0
2021-06-22 10:04:54,35191.85,0
2021-06-22 10:04:55,35191.2,0
2021-06-22 10:04:56,35191.15,0
2021-06-22 10:04:57,35190.65,0
2021-06-22 10:04:58,35189.6,0
2021-06-22 10:04:59,35189.5,0
2021-06-22 10:05:01,35187.05,0
2021-06-22 10:05:02,35187.7,0
2021-06-22 10:05:03,35187.5,0
2021-06-22 10:05:06,35189.55,0
2021-06-22 10:05:07,35193.3,0
2021-06-22 10:05:08,35192.7,0
2021-06-22 10:05:09,35192.8,0
2021-06-22 10:05:10,35196.35,0
2021-06-22 10:05:11,35195.9,0
2021-06-22 10:05:15,35201.7,0
2021-06-22 10:05:16,35203.35,0
2021-06-22 10:05:17,35206.1,0
2021-06-22 10:05:18,35205.65,0
2021-06-22 10:05:19,35202.55,0
2021-06-22 10:05:21,35204.4,0
2021-06-22 10:05:22,35205.75,0
2021-06-22 10:05:23,35205.05,0
2021-06-22 10:05:25,35207.3,0
2021-06-22 10:05:26,35208.6,0
2021-06-22 10:05:27,35205.65,0
2021-06-22 10:05:28,35193.95,0
2021-06-22 10:05:29,35199.85,0
2021-06-22 10:05:30,35199.1,0
2021-06-22 10:05:31,35201.7,0
2021-06-22 10:05:32,35201.0,0
2021-06-22 10:05:33,35196.75,0
2021-06-22 10:05:34,35198.0,0
2021-06-22 10:05:35,35200.7,0
2021-06-22 10:05:36,35199.5,0
2021-06-22 10:05:37,35204.6,0
2021-06-22 10:05:38,35199.75,0
2021-06-22 10:05:39,35202.75,0
2021-06-22 10:05:40,35200.7,0
2021-06-22 10:05:41,35203.15,0
2021-06-22 10:05:43,35204.7,0
2021-06-22 10:05:45,35206.1,0
2021-06-22 10:05:46,35204.2,0
2021-06-22 10:05:47,35205.3,0
2021-06-22 10:05:48,35208.1,0
2021-06-22 10:05:49,35209.8,0
2021-06-22 10:05:50,35208.35,0
2021-06-22 10:05:51,35210.15,0
2021-06-22 10:05:52,35211.65,0
2021-06-22 10:05:54,35207.75,0
2021-06-22 10:05:55,35211.8,0
2021-06-22 10:05:58,35211.65,0
2021-06-22 10:05:59,35212.7,0
2021-06-22 10:06:00,35215.45,0
2021-06-22 10:06:02,35212.35,0
2021-06-22 10:06:04,35211.25,0
2021-06-22 10:06:05,35213.9,0
2021-06-22 10:06:06,35218.3,0
2021-06-22 10:06:09,35216.9,0
2021-06-22 10:06:10,35214.85,0
2021-06-22 10:06:11,35217.45,0
2021-06-22 10:06:12,35220.25,0
2021-06-22 10:06:13,35216.15,0
2021-06-22 10:06:15,35215.05,0
2021-06-22 10:06:18,35215.1,0
2021-06-22 10:06:19,35221.2,0
2021-06-22 10:06:21,35216.15,0
2021-06-22 10:06:22,35217.85,0
2021-06-22 10:06:23,35217.55,0
2021-06-22 10:06:24,35220.05,0
2021-06-22 10:06:25,35221.75,0
2021-06-22 10:06:26,35221.45,0
2021-06-22 10:06:27,35221.8,0
2021-06-22 10:06:28,35221.1,0
2021-06-22 10:06:29,35223.2,0
2021-06-22 10:06:30,35216.75,0
2021-06-22 10:06:31,35219.45,0
2021-06-22 10:06:32,35218.45,0
2021-06-22 10:06:33,35221.7,0
2021-06-22 10:06:34,35220.8,0
2021-06-22 10:06:35,35222.75,0
2021-06-22 10:06:36,35222.3,0
2021-06-22 10:06:37,35224.5,0
2021-06-22 10:06:38,35224.75,0
2021-06-22 10:06:39,35222.65,0
2021-06-22 10:06:40,35224.7,0
2021-06-22 10:06:41,35222.3,0
2021-06-22 10:06:42,35224.95,0
2021-06-22 10:06:43,35225.0,0
2021-06-22 10:06:44,35222.75,0
2021-06-22 10:06:45,35221.15,0
2021-06-22 10:06:46,35224.15,0
2021-06-22 10:06:47,35224.8,0
2021-06-22 10:06:48,35224.0,0
2021-06-22 10:06:49,35227.7,0
2021-06-22 10:06:50,35226.5,0
2021-06-22 10:06:52,35230.3,0
2021-06-22 10:06:54,35233.45,0
2021-06-22 10:06:55,35232.4,0
2021-06-22 10:06:56,35231.25,0
2021-06-22 10:06:58,35234.4,0
2021-06-22 10:07:02,35235.25,0
2021-06-22 10:07:03,35236.7,0
2021-06-22 10:07:04,35234.65,0
2021-06-22 10:07:05,35236.6,0
2021-06-22 10:07:06,35237.45,0
2021-06-22 10:07:07,35238.8,0
2021-06-22 10:07:08,35237.0,0
2021-06-22 10:07:10,35235.75,0
2021-06-22 10:07:12,35239.1,0
2021-06-22 10:07:13,35236.15,0
2021-06-22 10:07:15,35238.0,0
2021-06-22 10:07:16,35234.1,0
2021-06-22 10:07:20,35240.6,0
2021-06-22 10:07:22,35244.45,0
2021-06-22 10:07:23,35242.15,0
2021-06-22 10:07:25,35243.65,0
2021-06-22 10:07:26,35244.6,0
2021-06-22 10:07:27,35240.7,0
2021-06-22 10:07:28,35247.85,0
2021-06-22 10:07:29,35250.0,0
2021-06-22 10:07:30,35246.75,0
2021-06-22 10:07:31,35250.7,0
2021-06-22 10:07:32,35250.65,0
2021-06-22 10:07:33,35246.0,0
2021-06-22 10:07:34,35262.95,0
2021-06-22 10:07:35,35262.25,0
2021-06-22 10:07:36,35257.05,0
2021-06-22 10:07:37,35260.25,0
2021-06-22 10:07:38,35255.55,0
2021-06-22 10:07:39,35252.85,0
2021-06-22 10:07:40,35253.25,0
2021-06-22 10:07:41,35262.2,0
2021-06-22 10:07:42,35259.25,0
2021-06-22 10:07:43,35262.0,0
2021-06-22 10:07:44,35252.4,0
2021-06-22 10:07:45,35252.0,0
2021-06-22 10:07:47,35259.65,0
2021-06-22 10:07:48,35255.55,0
2021-06-22 10:07:50,35259.6,0
2021-06-22 10:07:51,35261.9,0
2021-06-22 10:07:52,35261.7,0
2021-06-22 10:07:53,35261.65,0
2021-06-22 10:07:54,35261.1,0
2021-06-22 10:07:55,35258.6,0
2021-06-22 10:07:56,35262.75,0
2021-06-22 10:07:57,35257.45,0
2021-06-22 10:07:58,35255.65,0
2021-06-22 10:07:59,35260.85,0
2021-06-22 10:08:00,35262.45,0
2021-06-22 10:08:01,35262.35,0
2021-06-22 10:08:02,35260.1,0
2021-06-22 10:08:03,35259.95,0
2021-06-22 10:08:04,35262.5,0
2021-06-22 10:08:05,35263.35,0
2021-06-22 10:08:06,35258.25,0
2021-06-22 10:08:09,35261.55,0
2021-06-22 10:08:10,35263.75,0
2021-06-22 10:08:13,35263.8,0
2021-06-22 10:08:14,35263.45,0
2021-06-22 10:08:16,35263.9,0
2021-06-22 10:08:17,35266.2,0
2021-06-22 10:08:18,35261.65,0
2021-06-22 10:08:19,35266.85,0
2021-06-22 10:08:20,35266.7,0
2021-06-22 10:08:21,35262.9,0
2021-06-22 10:08:22,35267.25,0
2021-06-22 10:08:23,35264.7,0
2021-06-22 10:08:24,35267.85,0
2021-06-22 10:08:25,35265.15,0
2021-06-22 10:08:26,35262.65,0
2021-06-22 10:08:29,35265.25,0
2021-06-22 10:08:30,35266.9,0
2021-06-22 10:08:31,35270.15,0
2021-06-22 10:08:33,35264.85,0
2021-06-22 10:08:34,35269.5,0
2021-06-22 10:08:35,35265.75,0
2021-06-22 10:08:36,35267.45,0
2021-06-22 10:08:37,35264.95,0
2021-06-22 10:08:39,35266.75,0
2021-06-22 10:08:40,35267.45,0
2021-06-22 10:08:42,35266.75,0
2021-06-22 10:08:43,35267.4,0
2021-06-22 10:08:46,35265.75,0
2021-06-22 10:08:47,35262.9,0
2021-06-22 10:08:48,35263.55,0
2021-06-22 10:08:49,35263.45,0
2021-06-22 10:08:51,35262.1,0
2021-06-22 10:08:52,35261.95,0
2021-06-22 10:08:54,35260.55,0
2021-06-22 10:08:55,35262.4,0
2021-06-22 10:08:56,35262.2,0
2021-06-22 10:08:57,35264.4,0
2021-06-22 10:08:58,35259.8,0
2021-06-22 10:08:59,35263.3,0
2021-06-22 10:09:00,35260.4,0
2021-06-22 10:09:01,35263.55,0
2021-06-22 10:09:02,35262.4,0
2021-06-22 10:09:03,35264.1,0
2021-06-22 10:09:04,35261.0,0
2021-06-22 10:09:05,35263.65,0
2021-06-22 10:09:06,35262.0,0
2021-06-22 10:09:07,35263.85,0
2021-06-22 10:09:08,35262.35,0
2021-06-22 10:09:09,35265.35,0
2021-06-22 10:09:10,35263.6,0
2021-06-22 10:09:11,35264.25,0
2021-06-22 10:09:12,35261.45,0
2021-06-22 10:09:13,35260.3,0
2021-06-22 10:09:14,35261.9,0
2021-06-22 10:09:15,35260.85,0
2021-06-22 10:09:16,35257.7,0
2021-06-22 10:09:17,35261.4,0
2021-06-22 10:09:19,35260.35,0
2021-06-22 10:09:20,35259.0,0
2021-06-22 10:09:21,35256.75,0
2021-06-22 10:09:24,35249.55,0
2021-06-22 10:09:25,35248.7,0
2021-06-22 10:09:27,35249.0,0
2021-06-22 10:09:29,35259.9,0
2021-06-22 10:09:30,35260.8,0
2021-06-22 10:09:32,35258.05,0
2021-06-22 10:09:34,35249.25,0
2021-06-22 10:09:35,35250.55,0
2021-06-22 10:09:36,35253.1,0
2021-06-22 10:09:37,35251.35,0
2021-06-22 10:09:39,35255.1,0
2021-06-22 10:09:40,35256.8,0
2021-06-22 10:09:41,35254.45,0
2021-06-22 10:09:42,35255.5,0
2021-06-22 10:09:43,35256.0,0
2021-06-22 10:09:44,35256.3,0
2021-06-22 10:09:45,35260.15,0
2021-06-22 10:09:46,35258.45,0
2021-06-22 10:09:47,35259.65,0
2021-06-22 10:09:48,35259.95,0
2021-06-22 10:09:49,35261.6,0
2021-06-22 10:09:50,35259.65,0
2021-06-22 10:09:51,35261.2,0
2021-06-22 10:09:52,35260.8,0
2021-06-22 10:09:53,35255.65,0
2021-06-22 10:09:54,35255.55,0
2021-06-22 10:09:55,35261.0,0
2021-06-22 10:09:56,35257.75,0
2021-06-22 10:09:57,35254.3,0
2021-06-22 10:09:58,35259.45,0
2021-06-22 10:09:59,35253.65,0
2021-06-22 10:10:00,35255.7,0
2021-06-22 10:10:02,35254.65,0
2021-06-22 10:10:03,35254.4,0
2021-06-22 10:10:04,35251.1,0
2021-06-22 10:10:05,35253.75,0
2021-06-22 10:10:06,35259.5,0
2021-06-22 10:10:07,35258.55,0
2021-06-22 10:10:08,35256.6,0
2021-06-22 10:10:09,35257.6,0
2021-06-22 10:10:10,35255.5,0
2021-06-22 10:10:11,35255.65,0
2021-06-22 10:10:12,35252.45,0
2021-06-22 10:10:13,35250.8,0
2021-06-22 10:10:14,35254.4,0
2021-06-22 10:10:15,35253.6,0
2021-06-22 10:10:17,35252.2,0
2021-06-22 10:10:18,35253.4,0
2021-06-22 10:10:19,35250.95,0
2021-06-22 10:10:20,35253.45,0
2021-06-22 10:10:22,35252.2,0
2021-06-22 10:10:23,35252.1,0
2021-06-22 10:10:24,35254.5,0
2021-06-22 10:10:25,35252.9,0
2021-06-22 10:10:26,35249.85,0
2021-06-22 10:10:29,35249.3,0
2021-06-22 10:10:30,35250.55,0
2021-06-22 10:10:31,35250.3,0
2021-06-22 10:10:32,35246.65,0
2021-06-22 10:10:34,35247.4,0
2021-06-22 10:10:35,35241.35,0
2021-06-22 10:10:37,35241.6,0
2021-06-22 10:10:38,35240.05,0
2021-06-22 10:10:39,35237.5,0
2021-06-22 10:10:40,35236.2,0
2021-06-22 10:10:41,35239.45,0
2021-06-22 10:10:42,35240.0,0
2021-06-22 10:10:43,35240.3,0
2021-06-22 10:10:44,35239.0,0
2021-06-22 10:10:45,35239.75,0
2021-06-22 10:10:46,35244.6,0
2021-06-22 10:10:47,35244.35,0
2021-06-22 10:10:48,35240.25,0
2021-06-22 10:10:49,35243.8,0
2021-06-22 10:10:50,35241.5,0
2021-06-22 10:10:51,35240.9,0
2021-06-22 10:10:52,35241.55,0
2021-06-22 10:10:53,35238.4,0
2021-06-22 10:10:54,35241.35,0
2021-06-22 10:10:55,35239.75,0
2021-06-22 10:10:57,35249.55,0
2021-06-22 10:10:58,35244.8,0
2021-06-22 10:10:59,35237.15,0
2021-06-22 10:11:00,35247.0,0
2021-06-22 10:11:01,35248.5,0
2021-06-22 10:11:02,35245.75,0
2021-06-22 10:11:03,35244.2,0
2021-06-22 10:11:04,35241.4,0
2021-06-22 10:11:06,35246.65,0
2021-06-22 10:11:07,35247.8,0
2021-06-22 10:11:08,35243.35,0
2021-06-22 10:11:09,35247.3,0
2021-06-22 10:11:10,35245.55,0
2021-06-22 10:11:11,35248.35,0
2021-06-22 10:11:12,35248.35,0
2021-06-22 10:11:13,35249.7,0
2021-06-22 10:11:14,35245.6,0
2021-06-22 10:11:15,35245.3,0
2021-06-22 10:11:16,35247.2,0
2021-06-22 10:11:17,35245.1,0
2021-06-22 10:11:18,35242.5,0
2021-06-22 10:11:19,35240.65,0
2021-06-22 10:11:20,35241.95,0
2021-06-22 10:11:21,35241.7,0
2021-06-22 10:11:22,35244.75,0
2021-06-22 10:11:23,35240.55,0
2021-06-22 10:11:24,35243.95,0
2021-06-22 10:11:25,35245.25,0
2021-06-22 10:11:26,35245.25,0
2021-06-22 10:11:27,35243.65,0
2021-06-22 10:11:32,35244.8,0
2021-06-22 10:11:33,35242.65,0
2021-06-22 10:11:34,35243.85,0
2021-06-22 10:11:35,35244.45,0
2021-06-22 10:11:36,35245.35,0
2021-06-22 10:11:37,35246.25,0
2021-06-22 10:11:38,35248.2,0
2021-06-22 10:11:39,35246.5,0
2021-06-22 10:11:40,35244.1,0
2021-06-22 10:11:41,35245.65,0
2021-06-22 10:11:42,35246.1,0
2021-06-22 10:11:43,35248.85,0
2021-06-22 10:11:44,35249.25,0
2021-06-22 10:11:45,35242.75,0
2021-06-22 10:11:46,35243.65,0
2021-06-22 10:11:47,35247.4,0
2021-06-22 10:11:48,35245.5,0
2021-06-22 10:11:49,35246.9,0
2021-06-22 10:11:50,35246.4,0
2021-06-22 10:11:51,35243.65,0
2021-06-22 10:11:52,35248.45,0
2021-06-22 10:11:53,35249.6,0
2021-06-22 10:11:54,35247.7,0
2021-06-22 10:11:55,35246.75,0
2021-06-22 10:11:56,35244.45,0
2021-06-22 10:11:57,35245.7,0
2021-06-22 10:11:59,35250.55,0
2021-06-22 10:12:00,35249.6,0
2021-06-22 10:12:01,35251.75,0
2021-06-22 10:12:02,35252.8,0
2021-06-22 10:12:03,35248.55,0
2021-06-22 10:12:04,35253.9,0
2021-06-22 10:12:05,35252.7,0
2021-06-22 10:12:06,35255.0,0
2021-06-22 10:12:07,35253.15,0
2021-06-22 10:12:08,35250.7,0
2021-06-22 10:12:09,35249.65,0
2021-06-22 10:12:10,35249.05,0
2021-06-22 10:12:11,35253.55,0
2021-06-22 10:12:12,35253.85,0
2021-06-22 10:12:13,35254.85,0
2021-06-22 10:12:14,35256.25,0
2021-06-22 10:12:15,35253.25,0
2021-06-22 10:12:16,35256.45,0
2021-06-22 10:12:17,35259.15,0
2021-06-22 10:12:18,35261.5,0
2021-06-22 10:12:20,35260.05,0
2021-06-22 10:12:21,35260.85,0
2021-06-22 10:12:22,35259.25,0
2021-06-22 10:12:23,35260.2,0
2021-06-22 10:12:24,35257.85,0
2021-06-22 10:12:25,35260.6,0
2021-06-22 10:12:26,35259.35,0
2021-06-22 10:12:28,35257.3,0
2021-06-22 10:12:29,35256.95,0
2021-06-22 10:12:30,35257.95,0
2021-06-22 10:12:31,35255.25,0
2021-06-22 10:12:32,35257.15,0
2021-06-22 10:12:33,35254.75,0
2021-06-22 10:12:34,35253.9,0
2021-06-22 10:12:35,35253.5,0
2021-06-22 10:12:37,35255.45,0
2021-06-22 10:12:39,35255.5,0
2021-06-22 10:12:40,35254.3,0
2021-06-22 10:12:41,35254.7,0
2021-06-22 10:12:42,35258.1,0
2021-06-22 10:12:43,35254.4,0
2021-06-22 10:12:45,35259.95,0
2021-06-22 10:12:47,35257.8,0
2021-06-22 10:12:48,35256.25,0
2021-06-22 10:12:49,35258.55,0
2021-06-22 10:12:50,35255.2,0
2021-06-22 10:12:51,35258.25,0
2021-06-22 10:12:52,35256.85,0
2021-06-22 10:12:53,35256.45,0
2021-06-22 10:12:54,35252.2,0
2021-06-22 10:12:55,35253.6,0
2021-06-22 10:12:56,35255.2,0
2021-06-22 10:12:57,35253.5,0
2021-06-22 10:12:58,35256.55,0
2021-06-22 10:12:59,35256.15,0
2021-06-22 10:13:00,35254.1,0
2021-06-22 10:13:01,35253.85,0
2021-06-22 10:13:02,35255.2,0
2021-06-22 10:13:03,35253.55,0
2021-06-22 10:13:04,35252.95,0
2021-06-22 10:13:05,35254.05,0
2021-06-22 10:13:06,35252.3,0
2021-06-22 10:13:07,35253.8,0
2021-06-22 10:13:08,35252.35,0
2021-06-22 10:13:09,35252.1,0
2021-06-22 10:13:10,35255.1,0
2021-06-22 10:13:11,35253.1,0
2021-06-22 10:13:12,35255.1,0
2021-06-22 10:13:13,35252.2,0
2021-06-22 10:13:15,35252.95,0
2021-06-22 10:13:16,35251.4,0
2021-06-22 10:13:17,35250.65,0
2021-06-22 10:13:18,35252.55,0
2021-06-22 10:13:19,35252.05,0
2021-06-22 10:13:20,35252.1,0
2021-06-22 10:13:21,35253.05,0
2021-06-22 10:13:22,35255.45,0
2021-06-22 10:13:24,35253.4,0
2021-06-22 10:13:26,35251.9,0
2021-06-22 10:13:27,35247.85,0
2021-06-22 10:13:28,35251.4,0
2021-06-22 10:13:29,35255.65,0
2021-06-22 10:13:30,35251.65,0
2021-06-22 10:13:33,35253.25,0
2021-06-22 10:13:34,35250.65,0
2021-06-22 10:13:35,35248.25,0
2021-06-22 10:13:37,35250.3,0
2021-06-22 10:13:38,35247.7,0
2021-06-22 10:13:39,35248.7,0
2021-06-22 10:13:40,35248.15,0
2021-06-22 10:13:41,35249.15,0
2021-06-22 10:13:42,35246.35,0
2021-06-22 10:13:43,35246.8,0
2021-06-22 10:13:44,35247.8,0
2021-06-22 10:13:45,35247.95,0
2021-06-22 10:13:46,35246.0,0
2021-06-22 10:13:47,35245.25,0
2021-06-22 10:13:48,35244.7,0
2021-06-22 10:13:50,35248.4,0
2021-06-22 10:13:52,35244.45,0
2021-06-22 10:13:53,35249.15,0
2021-06-22 10:13:54,35247.45,0
2021-06-22 10:13:55,35244.4,0
2021-06-22 10:13:56,35249.05,0
2021-06-22 10:13:57,35245.6,0
2021-06-22 10:13:58,35249.85,0
2021-06-22 10:13:59,35244.0,0
2021-06-22 10:14:00,35245.4,0
2021-06-22 10:14:01,35247.65,0
2021-06-22 10:14:02,35243.65,0
2021-06-22 10:14:03,35246.3,0
2021-06-22 10:14:04,35246.05,0
2021-06-22 10:14:06,35247.55,0
2021-06-22 10:14:08,35248.15,0
2021-06-22 10:14:09,35245.55,0
2021-06-22 10:14:10,35246.3,0
2021-06-22 10:14:11,35245.9,0
2021-06-22 10:14:12,35246.85,0
2021-06-22 10:14:13,35244.95,0
2021-06-22 10:14:14,35248.0,0
2021-06-22 10:14:15,35247.9,0
2021-06-22 10:14:16,35246.95,0
2021-06-22 10:14:18,35246.7,0
2021-06-22 10:14:19,35245.45,0
2021-06-22 10:14:20,35245.4,0
2021-06-22 10:14:21,35246.1,0
2021-06-22 10:14:22,35245.95,0
2021-06-22 10:14:23,35253.6,0
2021-06-22 10:14:24,35245.9,0
2021-06-22 10:14:25,35248.05,0
2021-06-22 10:14:26,35247.75,0
2021-06-22 10:14:27,35246.45,0
2021-06-22 10:14:28,35248.8,0
2021-06-22 10:14:29,35248.2,0
2021-06-22 10:14:30,35248.65,0
2021-06-22 10:14:31,35246.65,0
2021-06-22 10:14:32,35247.85,0
2021-06-22 10:14:34,35247.95,0
2021-06-22 10:14:35,35247.65,0
2021-06-22 10:14:36,35247.4,0
2021-06-22 10:14:37,35247.8,0
2021-06-22 10:14:38,35248.35,0
2021-06-22 10:14:39,35247.6,0
2021-06-22 10:14:40,35250.6,0
2021-06-22 10:14:41,35249.4,0
2021-06-22 10:14:42,35253.55,0
2021-06-22 10:14:43,35253.45,0
2021-06-22 10:14:44,35253.6,0
2021-06-22 10:14:46,35253.05,0
2021-06-22 10:14:47,35249.6,0
2021-06-22 10:14:48,35247.6,0
2021-06-22 10:14:50,35249.75,0
2021-06-22 10:14:51,35248.1,0
2021-06-22 10:14:52,35250.1,0
2021-06-22 10:14:53,35250.3,0
2021-06-22 10:14:54,35247.55,0
2021-06-22 10:14:55,35252.5,0
2021-06-22 10:14:56,35252.35,0
2021-06-22 10:14:57,35251.95,0
2021-06-22 10:14:58,35252.85,0
2021-06-22 10:14:59,35249.05,0
2021-06-22 10:15:00,35249.25,0
2021-06-22 10:15:01,35250.2,0
2021-06-22 10:15:03,35247.4,0
2021-06-22 10:15:04,35251.6,0
2021-06-22 10:15:05,35254.7,0
2021-06-22 10:15:06,35250.4,0
2021-06-22 10:15:07,35250.2,0
2021-06-22 10:15:08,35251.05,0
2021-06-22 10:15:09,35253.2,0
2021-06-22 10:15:10,35252.15,0
2021-06-22 10:15:11,35253.95,0
2021-06-22 10:15:12,35256.55,0
2021-06-22 10:15:13,35252.6,0
2021-06-22 10:15:14,35261.4,0
2021-06-22 10:15:15,35254.65,0
2021-06-22 10:15:16,35257.9,0
2021-06-22 10:15:17,35259.2,0
2021-06-22 10:15:19,35255.55,0
2021-06-22 10:15:20,35255.25,0
2021-06-22 10:15:21,35260.05,0
2021-06-22 10:15:22,35258.6,0
2021-06-22 10:15:23,35262.4,0
2021-06-22 10:15:24,35254.85,0
2021-06-22 10:15:25,35257.65,0
2021-06-22 10:15:29,35260.0,0
2021-06-22 10:15:30,35256.4,0
2021-06-22 10:15:31,35253.1,0
2021-06-22 10:15:32,35257.0,0
2021-06-22 10:15:33,35259.6,0
2021-06-22 10:15:34,35256.0,0
2021-06-22 10:15:35,35256.8,0
2021-06-22 10:15:36,35255.45,0
2021-06-22 10:15:37,35258.65,0
2021-06-22 10:15:38,35253.6,0
2021-06-22 10:15:39,35259.6,0
2021-06-22 10:15:40,35259.05,0
2021-06-22 10:15:41,35254.35,0
2021-06-22 10:15:43,35255.8,0
2021-06-22 10:15:44,35255.5,0
2021-06-22 10:15:45,35254.7,0
2021-06-22 10:15:46,35255.7,0
2021-06-22 10:15:48,35254.35,0
2021-06-22 10:15:49,35256.1,0
2021-06-22 10:15:50,35257.35,0
2021-06-22 10:15:51,35255.4,0
2021-06-22 10:15:52,35257.45,0
2021-06-22 10:15:53,35257.75,0
2021-06-22 10:15:54,35255.6,0
2021-06-22 10:15:55,35259.05,0
2021-06-22 10:15:56,35257.85,0
2021-06-22 10:15:57,35255.1,0
2021-06-22 10:15:58,35257.1,0
2021-06-22 10:15:59,35257.8,0
2021-06-22 10:16:00,35258.3,0
2021-06-22 10:16:01,35256.8,0
2021-06-22 10:16:02,35254.1,0
2021-06-22 10:16:03,35255.25,0
2021-06-22 10:16:04,35258.5,0
2021-06-22 10:16:05,35257.55,0
2021-06-22 10:16:06,35261.15,0
2021-06-22 10:16:07,35258.4,0
2021-06-22 10:16:08,35260.15,0
2021-06-22 10:16:09,35260.5,0
2021-06-22 10:16:10,35259.2,0
2021-06-22 10:16:11,35259.8,0
2021-06-22 10:16:12,35256.1,0
2021-06-22 10:16:15,35260.2,0
2021-06-22 10:16:16,35259.0,0
2021-06-22 10:16:17,35259.15,0
2021-06-22 10:16:18,35259.35,0
2021-06-22 10:16:19,35261.25,0
2021-06-22 10:16:23,35257.45,0
2021-06-22 10:16:24,35260.55,0
2021-06-22 10:16:25,35259.75,0
2021-06-22 10:16:26,35259.4,0
2021-06-22 10:16:27,35255.4,0
2021-06-22 10:16:28,35256.6,0
2021-06-22 10:16:29,35257.25,0
2021-06-22 10:16:30,35259.9,0
2021-06-22 10:16:31,35257.95,0
2021-06-22 10:16:32,35260.2,0
2021-06-22 10:16:33,35261.45,0
2021-06-22 10:16:34,35256.7,0
2021-06-22 10:16:35,35257.05,0
2021-06-22 10:16:36,35262.5,0
2021-06-22 10:16:37,35262.85,0
2021-06-22 10:16:38,35262.0,0
2021-06-22 10:16:39,35260.85,0
2021-06-22 10:16:40,35260.5,0
2021-06-22 10:16:41,35261.1,0
2021-06-22 10:16:42,35258.7,0
2021-06-22 10:16:43,35260.5,0
2021-06-22 10:16:44,35260.35,0
2021-06-22 10:16:45,35261.8,0
2021-06-22 10:16:46,35262.3,0
2021-06-22 10:16:47,35261.4,0
2021-06-22 10:16:49,35266.75,0
2021-06-22 10:16:50,35262.6,0
2021-06-22 10:16:52,35264.4,0
2021-06-22 10:16:53,35261.6,0
2021-06-22 10:16:55,35264.05,0
2021-06-22 10:16:56,35268.0,0
2021-06-22 10:16:57,35263.0,0
2021-06-22 10:16:58,35264.05,0
2021-06-22 10:16:59,35262.7,0
2021-06-22 10:17:00,35262.5,0
2021-06-22 10:17:01,35261.95,0
2021-06-22 10:17:03,35260.25,0
2021-06-22 10:17:04,35262.0,0
2021-06-22 10:17:05,35260.7,0
2021-06-22 10:17:07,35257.85,0
2021-06-22 10:17:08,35263.55,0
2021-06-22 10:17:09,35263.95,0
2021-06-22 10:17:10,35259.55,0
2021-06-22 10:17:11,35259.05,0
2021-06-22 10:17:12,35258.6,0
2021-06-22 10:17:13,35256.7,0
2021-06-22 10:17:14,35256.4,0
2021-06-22 10:17:15,35257.1,0
2021-06-22 10:17:16,35259.35,0
2021-06-22 10:17:17,35260.55,0
2021-06-22 10:17:19,35261.75,0
2021-06-22 10:17:21,35254.9,0
2021-06-22 10:17:22,35256.2,0
2021-06-22 10:17:23,35253.45,0
2021-06-22 10:17:24,35254.15,0
2021-06-22 10:17:25,35256.9,0
2021-06-22 10:17:28,35255.1,0
2021-06-22 10:17:29,35255.25,0
2021-06-22 10:17:30,35257.5,0
2021-06-22 10:17:32,35254.8,0
2021-06-22 10:17:33,35253.7,0
2021-06-22 10:17:34,35255.2,0
2021-06-22 10:17:35,35255.95,0
2021-06-22 10:17:36,35254.7,0
2021-06-22 10:17:37,35254.75,0
2021-06-22 10:17:38,35250.2,0
2021-06-22 10:17:39,35252.7,0
2021-06-22 10:17:40,35253.5,0
2021-06-22 10:17:41,35255.05,0
2021-06-22 10:17:43,35252.3,0
2021-06-22 10:17:44,35252.4,0
2021-06-22 10:17:45,35251.1,0
2021-06-22 10:17:46,35253.05,0
2021-06-22 10:17:47,35253.45,0
2021-06-22 10:17:49,35254.2,0
2021-06-22 10:17:50,35252.65,0
2021-06-22 10:17:51,35251.25,0
2021-06-22 10:17:52,35250.25,0
2021-06-22 10:17:53,35250.1,0
2021-06-22 10:17:54,35250.95,0
2021-06-22 10:17:55,35248.1,0
2021-06-22 10:17:56,35248.6,0
2021-06-22 10:17:57,35251.1,0
2021-06-22 10:17:58,35249.1,0
2021-06-22 10:17:59,35251.55,0
2021-06-22 10:18:00,35252.15,0
2021-06-22 10:18:01,35249.6,0
2021-06-22 10:18:02,35249.05,0
2021-06-22 10:18:03,35248.85,0
2021-06-22 10:18:04,35254.45,0
2021-06-22 10:18:05,35254.85,0
2021-06-22 10:18:07,35250.05,0
2021-06-22 10:18:08,35252.35,0
2021-06-22 10:18:09,35250.6,0
2021-06-22 10:18:10,35250.65,0
2021-06-22 10:18:12,35249.2,0
2021-06-22 10:18:13,35250.3,0
2021-06-22 10:18:14,35250.9,0
2021-06-22 10:18:15,35251.65,0
2021-06-22 10:18:16,35252.9,0
2021-06-22 10:18:17,35251.05,0
2021-06-22 10:18:18,35252.2,0
2021-06-22 10:18:19,35252.0,0
2021-06-22 10:18:20,35251.45,0
2021-06-22 10:18:21,35254.9,0
2021-06-22 10:18:22,35252.95,0
2021-06-22 10:18:23,35255.8,0
2021-06-22 10:18:24,35256.0,0
2021-06-22 10:18:25,35253.8,0
2021-06-22 10:18:26,35253.0,0
2021-06-22 10:18:27,35255.65,0
2021-06-22 10:18:28,35256.3,0
2021-06-22 10:18:29,35257.35,0
2021-06-22 10:18:30,35258.45,0
2021-06-22 10:18:31,35256.6,0
2021-06-22 10:18:32,35259.8,0
2021-06-22 10:18:34,35256.15,0
2021-06-22 10:18:35,35256.05,0
2021-06-22 10:18:36,35256.85,0
2021-06-22 10:18:37,35256.7,0
2021-06-22 10:18:38,35258.3,0
2021-06-22 10:18:39,35255.2,0
2021-06-22 10:18:40,35257.0,0
2021-06-22 10:18:41,35255.7,0
2021-06-22 10:18:42,35255.75,0
2021-06-22 10:18:43,35255.1,0
2021-06-22 10:18:44,35255.25,0
2021-06-22 10:18:45,35253.4,0
2021-06-22 10:18:47,35254.05,0
2021-06-22 10:18:48,35255.05,0
2021-06-22 10:18:49,35253.65,0
2021-06-22 10:18:50,35247.5,0
2021-06-22 10:18:51,35250.2,0
2021-06-22 10:18:52,35251.0,0
2021-06-22 10:18:53,35250.7,0
2021-06-22 10:18:56,35247.85,0
2021-06-22 10:18:57,35250.1,0
2021-06-22 10:18:58,35248.3,0
2021-06-22 10:19:01,35249.0,0
2021-06-22 10:19:02,35248.65,0
2021-06-22 10:19:03,35250.15,0
2021-06-22 10:19:05,35250.0,0
2021-06-22 10:19:07,35246.15,0
2021-06-22 10:19:09,35247.15,0
2021-06-22 10:19:11,35245.65,0
2021-06-22 10:19:13,35248.25,0
2021-06-22 10:19:14,35244.4,0
2021-06-22 10:19:15,35246.6,0
2021-06-22 10:19:16,35247.15,0
2021-06-22 10:19:20,35247.95,0
2021-06-22 10:19:22,35248.35,0
2021-06-22 10:19:23,35249.25,0
2021-06-22 10:19:25,35247.7,0
2021-06-22 10:19:26,35244.25,0
2021-06-22 10:19:28,35246.5,0
2021-06-22 10:19:29,35242.8,0
2021-06-22 10:19:30,35244.35,0
2021-06-22 10:19:31,35245.1,0
2021-06-22 10:19:32,35245.15,0
2021-06-22 10:19:33,35244.15,0
2021-06-22 10:19:34,35246.35,0
2021-06-22 10:19:35,35249.85,0
2021-06-22 10:19:36,35246.2,0
2021-06-22 10:19:37,35251.7,0
2021-06-22 10:19:38,35250.8,0
2021-06-22 10:19:39,35249.45,0
2021-06-22 10:19:40,35250.25,0
2021-06-22 10:19:41,35248.95,0
2021-06-22 10:19:42,35247.65,0
2021-06-22 10:19:43,35250.8,0
2021-06-22 10:19:44,35255.45,0
2021-06-22 10:19:45,35251.8,0
2021-06-22 10:19:46,35254.75,0
2021-06-22 10:19:47,35254.7,0
2021-06-22 10:19:48,35253.25,0
2021-06-22 10:19:49,35256.45,0
2021-06-22 10:19:50,35253.55,0
2021-06-22 10:19:51,35254.15,0
2021-06-22 10:19:52,35253.4,0
2021-06-22 10:19:53,35255.55,0
2021-06-22 10:19:54,35256.65,0
2021-06-22 10:19:55,35255.9,0
2021-06-22 10:19:56,35255.3,0
2021-06-22 10:19:57,35254.65,0
