timestamp,ltp,volume
2021-06-15 09:15:40,6196.75,19847
2021-06-15 09:15:47,6196.55,21178
2021-06-15 09:15:48,6198.1,22401
2021-06-15 09:15:49,6195.35,22637
2021-06-15 09:15:50,6198.2,22817
2021-06-15 09:15:51,6195.05,23092
2021-06-15 09:15:52,6198.0,23157
2021-06-15 09:15:53,6195.5,23243
2021-06-15 09:15:54,6197.85,23454
2021-06-15 09:15:55,6195.8,23706
2021-06-15 09:15:56,6195.8,23858
2021-06-15 09:15:57,6196.0,24266
2021-06-15 09:15:58,6195.0,24479
2021-06-15 09:15:59,6196.0,24502
2021-06-15 09:16:00,6195.0,24695
2021-06-15 09:16:01,6192.75,25192
2021-06-15 09:16:02,6195.0,25356
2021-06-15 09:16:03,6194.45,25426
2021-06-15 09:16:04,6192.0,26217
2021-06-15 09:16:05,6192.25,26903
2021-06-15 09:16:06,6191.15,27230
2021-06-15 09:16:07,6193.7,28059
2021-06-15 09:16:08,6191.5,28118
2021-06-15 09:16:09,6194.0,28195
2021-06-15 09:16:10,6191.0,28324
2021-06-15 09:16:11,6190.0,28596
2021-06-15 09:16:12,6190.05,28633
2021-06-15 09:16:13,6190.0,29439
2021-06-15 09:16:14,6185.6,29842
2021-06-15 09:16:15,6187.7,30087
2021-06-15 09:16:16,6182.3,30318
2021-06-15 09:16:17,6180.0,30428
2021-06-15 09:16:18,6180.05,30540
2021-06-15 09:16:19,6178.1,30675
2021-06-15 09:16:20,6178.0,30858
2021-06-15 09:16:21,6180.7,31099
2021-06-15 09:16:22,6181.35,32872
2021-06-15 09:16:23,6181.65,33087
2021-06-15 09:16:24,6184.05,33500
2021-06-15 09:16:25,6183.3,33717
2021-06-15 09:16:26,6181.25,33826
2021-06-15 09:16:27,6180.2,34026
2021-06-15 09:16:28,6180.1,34957
2021-06-15 09:16:30,6183.9,35107
2021-06-15 09:16:30,6180.75,35255
2021-06-15 09:16:31,6180.2,35362
2021-06-15 09:16:32,6182.9,35531
2021-06-15 09:16:33,6184.25,35795
2021-06-15 09:16:34,6184.05,36147
2021-06-15 09:16:35,6187.4,37051
2021-06-15 09:16:36,6187.15,37498
2021-06-15 09:16:37,6187.15,37551
2021-06-15 09:16:38,6184.0,37859
2021-06-15 09:16:40,6185.15,38629
2021-06-15 09:16:40,6183.05,38843
2021-06-15 09:16:41,6183.8,38855
2021-06-15 09:16:42,6185.2,39129
2021-06-15 09:16:43,6185.4,39196
2021-06-15 09:16:44,6189.0,39293
2021-06-15 09:16:45,6188.75,39303
2021-06-15 09:16:46,6185.9,39500
2021-06-15 09:16:47,6188.4,39528
2021-06-15 09:16:48,6185.25,39672
2021-06-15 09:16:49,6185.15,40965
2021-06-15 09:16:50,6184.15,41034
2021-06-15 09:16:51,6185.0,41287
2021-06-15 09:16:52,6186.2,42072
2021-06-15 09:16:53,6181.0,42434
2021-06-15 09:16:54,6185.15,42656
2021-06-15 09:16:55,6181.3,42729
2021-06-15 09:16:57,6181.2,42833
2021-06-15 09:16:58,6184.85,42849
2021-06-15 09:16:59,6184.15,42856
2021-06-15 09:17:00,6184.8,42865
2021-06-15 09:17:01,6184.8,42919
2021-06-15 09:17:01,6184.8,43139
2021-06-15 09:17:03,6182.45,43200
2021-06-15 09:17:04,6181.8,43379
2021-06-15 09:17:05,6183.25,43439
2021-06-15 09:17:06,6183.15,44347
2021-06-15 09:17:07,6183.3,44456
2021-06-15 09:17:08,6184.0,44537
2021-06-15 09:17:09,6182.0,44725
2021-06-15 09:17:10,6181.8,44913
2021-06-15 09:17:10,6181.8,44933
2021-06-15 09:17:11,6181.2,45051
2021-06-15 09:17:12,6181.0,45142
2021-06-15 09:17:13,6182.0,45224
2021-06-15 09:17:14,6180.75,46454
2021-06-15 09:17:15,6182.0,46499
2021-06-15 09:17:16,6180.0,47127
2021-06-15 09:17:17,6180.0,47247
2021-06-15 09:17:18,6181.75,48244
2021-06-15 09:17:19,6181.2,48602
2021-06-15 09:17:21,6181.2,48690
2021-06-15 09:17:22,6181.2,49302
2021-06-15 09:17:23,6180.0,49368
2021-06-15 09:17:24,6181.6,50075
2021-06-15 09:17:26,6181.0,50713
2021-06-15 09:17:30,6180.85,51133
2021-06-15 09:17:31,6179.6,51256
2021-06-15 09:17:33,6179.95,51858
2021-06-15 09:17:36,6179.0,52177
2021-06-15 09:17:38,6179.75,52452
2021-06-15 09:17:40,6180.6,53038
2021-06-15 09:17:42,6181.9,53380
2021-06-15 09:17:43,6178.2,53438
2021-06-15 09:17:45,6181.0,53732
2021-06-15 09:17:48,6179.85,54072
2021-06-15 09:17:55,6183.8,55296
2021-06-15 09:17:55,6180.65,55308
2021-06-15 09:17:56,6183.4,55321
2021-06-15 09:17:57,6183.7,55774
2021-06-15 09:17:58,6183.7,55900
2021-06-15 09:17:59,6184.1,56284
2021-06-15 09:18:00,6185.0,56422
2021-06-15 09:18:01,6186.9,56883
2021-06-15 09:18:02,6183.65,56928
2021-06-15 09:18:03,6185.45,56969
2021-06-15 09:18:04,6185.45,57021
2021-06-15 09:18:05,6184.85,57221
2021-06-15 09:18:06,6185.6,57355
2021-06-15 09:18:07,6185.45,57432
2021-06-15 09:18:09,6187.0,57517
2021-06-15 09:18:10,6187.0,57542
2021-06-15 09:18:11,6185.45,57730
2021-06-15 09:18:12,6188.25,58060
2021-06-15 09:18:13,6189.0,58201
2021-06-15 09:18:14,6188.95,59245
2021-06-15 09:18:15,6190.05,59284
2021-06-15 09:18:16,6189.35,59349
2021-06-15 09:18:17,6189.35,59493
2021-06-15 09:18:18,6193.6,59539
2021-06-15 09:18:19,6193.5,59578
2021-06-15 09:18:19,6190.15,59727
2021-06-15 09:18:20,6190.15,59928
2021-06-15 09:18:22,6190.1,60598
2021-06-15 09:18:23,6194.95,60965
2021-06-15 09:18:23,6194.8,60986
2021-06-15 09:18:25,6194.75,61160
2021-06-15 09:18:26,6194.8,61499
2021-06-15 09:18:27,6192.2,61796
2021-06-15 09:18:28,6194.7,61844
2021-06-15 09:18:29,6195.9,62288
2021-06-15 09:18:30,6191.85,62449
2021-06-15 09:18:31,6194.6,62818
2021-06-15 09:18:32,6192.25,62910
2021-06-15 09:18:33,6195.1,62975
2021-06-15 09:18:34,6195.1,63052
2021-06-15 09:18:35,6195.0,63309
2021-06-15 09:18:36,6196.0,63539
2021-06-15 09:18:37,6196.0,63721
2021-06-15 09:18:38,6196.0,63791
2021-06-15 09:18:39,6196.1,64064
2021-06-15 09:18:40,6198.0,64652
2021-06-15 09:18:41,6196.55,64694
2021-06-15 09:18:42,6196.55,64856
2021-06-15 09:18:43,6195.2,65155
2021-06-15 09:18:44,6198.0,65498
2021-06-15 09:18:45,6198.0,65581
2021-06-15 09:18:46,6198.0,65695
2021-06-15 09:18:47,6198.0,65799
2021-06-15 09:18:48,6197.85,66023
2021-06-15 09:18:49,6197.65,66271
2021-06-15 09:18:50,6196.9,66449
2021-06-15 09:18:51,6195.1,66588
2021-06-15 09:18:52,6195.2,66814
2021-06-15 09:18:53,6197.9,67419
2021-06-15 09:18:54,6197.6,67611
2021-06-15 09:18:55,6196.45,67715
2021-06-15 09:18:56,6195.05,67732
2021-06-15 09:18:57,6197.7,67833
2021-06-15 09:18:58,6197.65,68020
2021-06-15 09:18:59,6196.0,68092
2021-06-15 09:19:00,6196.0,68104
2021-06-15 09:19:01,6196.45,68130
2021-06-15 09:19:02,6198.0,68671
2021-06-15 09:19:03,6197.65,69635
2021-06-15 09:19:04,6197.1,69706
2021-06-15 09:19:05,6199.95,69806
2021-06-15 09:19:06,6199.85,70058
2021-06-15 09:19:07,6199.85,70132
2021-06-15 09:19:08,6198.0,70355
2021-06-15 09:19:09,6199.25,72194
2021-06-15 09:19:10,6200.0,72929
2021-06-15 09:19:10,6200.0,72929
2021-06-15 09:19:12,6200.0,73259
2021-06-15 09:19:13,6200.0,73318
2021-06-15 09:19:14,6199.95,73641
2021-06-15 09:19:15,6198.0,74248
2021-06-15 09:19:16,6198.9,74288
2021-06-15 09:19:17,6198.9,74682
2021-06-15 09:19:18,6198.9,74737
2021-06-15 09:19:19,6198.9,74795
2021-06-15 09:19:20,6198.75,74935
2021-06-15 09:19:21,6198.75,75017
2021-06-15 09:19:23,6198.75,75083
2021-06-15 09:19:24,6198.9,75143
2021-06-15 09:19:25,6198.9,75174
2021-06-15 09:19:26,6198.9,75314
2021-06-15 09:19:27,6198.75,75413
2021-06-15 09:19:28,6198.75,75437
2021-06-15 09:19:29,6198.75,75889
2021-06-15 09:19:30,6198.0,75960
2021-06-15 09:19:31,6198.0,76323
2021-06-15 09:19:32,6198.9,76411
2021-06-15 09:19:33,6198.7,76436
2021-06-15 09:19:34,6198.7,76573
2021-06-15 09:19:35,6200.0,76841
2021-06-15 09:19:36,6198.35,76861
2021-06-15 09:19:37,6199.35,77015
2021-06-15 09:19:38,6200.0,77080
2021-06-15 09:19:40,6202.9,77233
2021-06-15 09:19:41,6203.6,77302
2021-06-15 09:19:42,6201.15,77522
2021-06-15 09:19:42,6200.0,77572
2021-06-15 09:19:43,6200.55,78141
2021-06-15 09:19:44,6201.25,78256
2021-06-15 09:19:45,6201.6,78550
2021-06-15 09:19:46,6202.8,78712
2021-06-15 09:19:47,6202.0,78788
2021-06-15 09:19:49,6208.75,79217
2021-06-15 09:19:50,6205.65,79273
2021-06-15 09:19:51,6208.9,79487
2021-06-15 09:19:52,6208.75,79552
2021-06-15 09:19:53,6205.8,79595
2021-06-15 09:19:54,6210.0,80373
2021-06-15 09:19:55,6208.75,80566
2021-06-15 09:19:56,6208.1,80662
2021-06-15 09:19:57,6209.9,80908
2021-06-15 09:19:58,6209.9,81008
2021-06-15 09:19:59,6209.9,81048
2021-06-15 09:20:00,6211.45,81556
2021-06-15 09:20:01,6209.95,82195
2021-06-15 09:20:02,6209.0,82283
2021-06-15 09:20:03,6209.0,82308
2021-06-15 09:20:04,6206.85,82578
2021-06-15 09:20:05,6210.5,83069
2021-06-15 09:20:06,6211.0,83894
2021-06-15 09:20:07,6211.0,84238
2021-06-15 09:20:08,6209.0,84693
2021-06-15 09:20:09,6209.0,84757
2021-06-15 09:20:10,6210.0,84938
2021-06-15 09:20:11,6210.0,85043
2021-06-15 09:20:12,6210.0,85211
2021-06-15 09:20:13,6209.0,85375
2021-06-15 09:20:14,6209.0,85585
2021-06-15 09:20:15,6210.0,85728
2021-06-15 09:20:16,6210.0,85923
2021-06-15 09:20:17,6210.0,86455
2021-06-15 09:20:18,6210.0,86519
2021-06-15 09:20:19,6210.0,86615
2021-06-15 09:20:20,6209.05,86754
2021-06-15 09:20:21,6210.0,86984
2021-06-15 09:20:22,6210.0,87480
2021-06-15 09:20:23,6210.0,87532
2021-06-15 09:20:24,6210.0,87639
2021-06-15 09:20:25,6210.0,87827
2021-06-15 09:20:26,6209.9,87995
2021-06-15 09:20:26,6210.0,87996
2021-06-15 09:20:27,6209.0,88034
2021-06-15 09:20:28,6210.0,88186
2021-06-15 09:20:29,6210.0,88382
2021-06-15 09:20:30,6209.0,88636
2021-06-15 09:20:32,6208.0,88725
2021-06-15 09:20:33,6209.0,88837
2021-06-15 09:20:34,6208.85,89066
2021-06-15 09:20:35,6210.0,89185
2021-06-15 09:20:36,6209.0,89186
2021-06-15 09:20:37,6210.0,89259
2021-06-15 09:20:38,6209.0,89263
2021-06-15 09:20:39,6209.0,89330
2021-06-15 09:20:40,6210.0,89680
2021-06-15 09:20:41,6210.0,89724
2021-06-15 09:20:42,6209.4,89783
2021-06-15 09:20:43,6210.0,90090
2021-06-15 09:20:43,6210.0,90111
2021-06-15 09:20:45,6209.3,90314
2021-06-15 09:20:46,6210.0,90939
2021-06-15 09:20:47,6209.4,91012
2021-06-15 09:20:48,6209.8,91276
2021-06-15 09:20:49,6209.0,91533
2021-06-15 09:20:50,6209.0,91634
2021-06-15 09:20:51,6209.0,91651
2021-06-15 09:20:52,6209.0,91651
2021-06-15 09:20:53,6210.0,92416
2021-06-15 09:20:54,6208.0,92546
2021-06-15 09:20:55,6209.8,92552
2021-06-15 09:20:56,6210.0,92689
2021-06-15 09:20:57,6208.0,92778
2021-06-15 09:20:58,6207.15,93095
2021-06-15 09:20:59,6209.8,93132
2021-06-15 09:21:00,6209.9,93157
2021-06-15 09:21:01,6207.9,93826
2021-06-15 09:21:02,6205.7,93889
2021-06-15 09:21:03,6209.8,94089
2021-06-15 09:21:04,6209.5,94175
2021-06-15 09:21:05,6208.0,94266
2021-06-15 09:21:06,6207.0,94434
2021-06-15 09:21:07,6205.7,94478
2021-06-15 09:21:08,6205.35,94681
2021-06-15 09:21:09,6205.2,94702
2021-06-15 09:21:10,6205.05,95247
2021-06-15 09:21:11,6202.15,95344
2021-06-15 09:21:12,6204.85,95411
2021-06-15 09:21:13,6203.1,95750
2021-06-15 09:21:14,6204.5,96030
2021-06-15 09:21:15,6202.25,96092
2021-06-15 09:21:16,6202.25,96127
2021-06-15 09:21:17,6204.85,96137
2021-06-15 09:21:18,6202.5,96305
2021-06-15 09:21:19,6202.35,96322
2021-06-15 09:21:20,6202.3,96628
2021-06-15 09:21:21,6202.3,96665
2021-06-15 09:21:22,6197.0,99198
2021-06-15 09:21:23,6199.65,99231
2021-06-15 09:21:25,6199.9,99271
2021-06-15 09:21:26,6200.1,99343
2021-06-15 09:21:27,6198.2,99472
2021-06-15 09:21:29,6199.65,100835
2021-06-15 09:21:30,6199.65,100905
2021-06-15 09:21:31,6198.0,101252
2021-06-15 09:21:32,6198.3,101515
2021-06-15 09:21:33,6199.65,101627
2021-06-15 09:21:34,6198.0,101834
2021-06-15 09:21:35,6198.0,101834
2021-06-15 09:21:36,6200.0,102040
2021-06-15 09:21:36,6202.35,102071
2021-06-15 09:21:37,6200.65,102078
2021-06-15 09:21:38,6203.5,102164
2021-06-15 09:21:39,6200.1,102186
2021-06-15 09:21:40,6200.1,102217
2021-06-15 09:21:42,6201.4,102299
2021-06-15 09:21:43,6200.0,102414
2021-06-15 09:21:44,6201.8,102991
2021-06-15 09:21:45,6201.85,103026
2021-06-15 09:21:46,6201.85,103139
2021-06-15 09:21:47,6201.4,103238
2021-06-15 09:21:48,6201.1,103278
2021-06-15 09:21:49,6200.0,103328
2021-06-15 09:21:50,6201.9,103464
2021-06-15 09:21:51,6201.65,103565
2021-06-15 09:21:52,6202.65,103719
2021-06-15 09:21:53,6200.15,103847
2021-06-15 09:21:54,6203.0,104101
2021-06-15 09:21:54,6203.0,104101
2021-06-15 09:21:55,6202.35,104119
2021-06-15 09:21:56,6204.0,104221
2021-06-15 09:21:57,6203.9,104222
2021-06-15 09:21:59,6202.65,104233
2021-06-15 09:22:00,6202.65,104259
2021-06-15 09:22:01,6202.55,104447
2021-06-15 09:22:02,6205.7,104600
2021-06-15 09:22:03,6203.8,104606
2021-06-15 09:22:04,6205.6,105261
2021-06-15 09:22:05,6208.75,105350
2021-06-15 09:22:06,6206.15,105479
2021-06-15 09:22:07,6208.55,105534
2021-06-15 09:22:08,6206.9,105561
2021-06-15 09:22:09,6209.45,105709
2021-06-15 09:22:10,6208.6,105814
2021-06-15 09:22:11,6204.05,105932
2021-06-15 09:22:12,6205.0,106097
2021-06-15 09:22:12,6205.6,106105
2021-06-15 09:22:14,6207.5,106175
2021-06-15 09:22:15,6205.0,106201
2021-06-15 09:22:16,6206.95,106204
2021-06-15 09:22:17,6206.95,106410
2021-06-15 09:22:18,6205.15,106465
2021-06-15 09:22:19,6206.0,106737
2021-06-15 09:22:20,6205.0,106768
2021-06-15 09:22:21,6204.9,106799
2021-06-15 09:22:22,6205.0,106872
2021-06-15 09:22:23,6206.0,106897
2021-06-15 09:22:24,6205.75,106899
2021-06-15 09:22:25,6205.75,106924
2021-06-15 09:22:26,6205.75,107378
2021-06-15 09:22:27,6204.9,107451
2021-06-15 09:22:28,6204.9,107460
2021-06-15 09:22:29,6204.9,107460
2021-06-15 09:22:30,6205.15,107633
2021-06-15 09:22:31,6203.9,108040
2021-06-15 09:22:32,6203.0,108060
2021-06-15 09:22:33,6202.45,108913
2021-06-15 09:22:33,6202.45,108913
2021-06-15 09:22:34,6202.8,108923
2021-06-15 09:22:35,6201.3,108925
2021-06-15 09:22:36,6201.3,109498
2021-06-15 09:22:37,6202.25,109501
2021-06-15 09:22:38,6198.0,110831
2021-06-15 09:22:40,6199.3,110843
2021-06-15 09:22:41,6199.35,110883
2021-06-15 09:22:43,6198.0,111108
2021-06-15 09:22:44,6200.3,111119
2021-06-15 09:22:45,6199.55,111397
2021-06-15 09:22:46,6197.2,111605
2021-06-15 09:22:47,6199.35,111609
2021-06-15 09:22:48,6201.2,111634
2021-06-15 09:22:49,6200.0,111672
2021-06-15 09:22:50,6198.2,111722
2021-06-15 09:22:51,6198.3,111849
2021-06-15 09:22:52,6200.0,112027
2021-06-15 09:22:53,6197.0,112476
2021-06-15 09:22:55,6197.55,112761
2021-06-15 09:22:56,6200.0,112833
2021-06-15 09:22:57,6200.0,113033
2021-06-15 09:22:58,6200.0,113064
2021-06-15 09:22:59,6198.55,113364
2021-06-15 09:23:00,6198.9,113466
2021-06-15 09:23:01,6197.0,113486
2021-06-15 09:23:02,6197.0,113564
2021-06-15 09:23:03,6197.0,113564
2021-06-15 09:23:04,6198.0,113621
2021-06-15 09:23:05,6198.0,113621
2021-06-15 09:23:06,6198.0,113621
2021-06-15 09:23:06,6198.0,113621
2021-06-15 09:23:08,6197.0,113633
2021-06-15 09:23:10,6197.0,113962
2021-06-15 09:23:12,6196.9,114534
2021-06-15 09:23:13,6197.0,114590
2021-06-15 09:23:14,6196.9,114625
2021-06-15 09:23:15,6196.9,114860
2021-06-15 09:23:15,6197.0,114870
2021-06-15 09:23:16,6197.0,115095
2021-06-15 09:23:17,6197.0,115127
2021-06-15 09:23:18,6197.0,115193
2021-06-15 09:23:19,6197.0,115208
2021-06-15 09:23:20,6197.0,115298
2021-06-15 09:23:21,6197.0,115326
2021-06-15 09:23:22,6197.0,115434
2021-06-15 09:23:23,6197.0,115522
2021-06-15 09:23:24,6197.95,115540
2021-06-15 09:23:25,6196.7,115605
2021-06-15 09:23:27,6198.0,115622
2021-06-15 09:23:27,6198.0,115622
2021-06-15 09:23:28,6198.0,115715
2021-06-15 09:23:29,6199.0,115745
2021-06-15 09:23:30,6197.85,115751
2021-06-15 09:23:31,6197.95,115877
2021-06-15 09:23:33,6198.0,116009
2021-06-15 09:23:34,6197.95,116014
2021-06-15 09:23:35,6197.0,116073
2021-06-15 09:23:36,6197.0,116110
2021-06-15 09:23:37,6198.0,116180
2021-06-15 09:23:38,6197.5,116214
2021-06-15 09:23:40,6197.5,116375
2021-06-15 09:23:41,6197.5,116421
2021-06-15 09:23:42,6197.0,116448
2021-06-15 09:23:43,6197.0,116484
2021-06-15 09:23:44,6197.5,116700
2021-06-15 09:23:45,6197.0,117229
2021-06-15 09:23:46,6197.5,117272
2021-06-15 09:23:47,6197.0,117277
2021-06-15 09:23:48,6196.0,117414
2021-06-15 09:23:49,6197.5,117425
2021-06-15 09:23:50,6196.3,117464
2021-06-15 09:23:51,6196.0,117469
2021-06-15 09:23:52,6195.5,118356
2021-06-15 09:23:53,6195.5,118399
2021-06-15 09:23:54,6195.6,118444
2021-06-15 09:23:55,6194.55,118679
2021-06-15 09:23:56,6194.1,118772
2021-06-15 09:23:57,6194.0,118779
2021-06-15 09:23:58,6196.0,118846
2021-06-15 09:23:59,6193.2,118848
2021-06-15 09:24:00,6192.4,119371
2021-06-15 09:24:01,6195.35,119401
2021-06-15 09:24:03,6193.95,119910
2021-06-15 09:24:04,6191.25,119938
2021-06-15 09:24:05,6191.35,120007
2021-06-15 09:24:06,6194.0,120017
2021-06-15 09:24:07,6193.85,120022
2021-06-15 09:24:08,6193.75,120132
2021-06-15 09:24:09,6191.1,120223
2021-06-15 09:24:10,6193.2,120249
2021-06-15 09:24:11,6191.8,120267
2021-06-15 09:24:12,6194.0,120408
2021-06-15 09:24:13,6191.35,120486
2021-06-15 09:24:14,6191.9,120551
2021-06-15 09:24:15,6192.0,120626
2021-06-15 09:24:16,6193.0,120739
2021-06-15 09:24:17,6191.7,120746
2021-06-15 09:24:18,6191.7,120754
2021-06-15 09:24:21,6193.0,121238
2021-06-15 09:24:22,6191.9,121305
2021-06-15 09:24:23,6191.9,121365
2021-06-15 09:24:24,6191.9,121380
2021-06-15 09:24:25,6191.9,121461
2021-06-15 09:24:26,6191.9,121666
2021-06-15 09:24:27,6192.0,122727
2021-06-15 09:24:28,6192.0,122747
2021-06-15 09:24:29,6192.0,122816
2021-06-15 09:24:30,6192.0,123186
2021-06-15 09:24:31,6193.2,123264
2021-06-15 09:24:32,6192.0,123304
2021-06-15 09:24:33,6194.0,123339
2021-06-15 09:24:35,6192.0,123449
2021-06-15 09:24:36,6194.85,123531
2021-06-15 09:24:37,6195.7,123919
2021-06-15 09:24:38,6196.0,123921
2021-06-15 09:24:39,6194.1,123956
2021-06-15 09:24:40,6193.25,124270
2021-06-15 09:24:41,6195.35,124349
2021-06-15 09:24:42,6195.4,124350
2021-06-15 09:24:43,6194.0,124553
2021-06-15 09:24:44,6195.85,124622
2021-06-15 09:24:46,6194.3,124966
2021-06-15 09:24:47,6194.3,124966
2021-06-15 09:24:48,6194.0,125037
2021-06-15 09:24:49,6196.4,125158
2021-06-15 09:24:50,6198.0,125187
2021-06-15 09:24:51,6198.9,125377
2021-06-15 09:24:53,6198.75,125441
2021-06-15 09:24:54,6198.75,125469
2021-06-15 09:24:55,6196.15,125484
2021-06-15 09:24:56,6200.0,126497
2021-06-15 09:24:57,6200.0,126509
2021-06-15 09:24:58,6200.0,126509
2021-06-15 09:24:59,6196.15,126578
2021-06-15 09:25:00,6199.25,126598
2021-06-15 09:25:01,6197.0,126628
2021-06-15 09:25:02,6196.0,126842
2021-06-15 09:25:03,6197.3,126857
2021-06-15 09:25:04,6197.6,126878
2021-06-15 09:25:05,6197.9,126905
2021-06-15 09:25:06,6197.75,126926
2021-06-15 09:25:07,6197.75,126933
2021-06-15 09:25:08,6196.0,127025
2021-06-15 09:25:09,6197.0,127027
2021-06-15 09:25:10,6197.0,127028
2021-06-15 09:25:11,6197.85,127247
2021-06-15 09:25:12,6196.7,127800
2021-06-15 09:25:13,6196.7,127829
2021-06-15 09:25:14,6194.3,128001
2021-06-15 09:25:15,6194.05,128015
2021-06-15 09:25:16,6194.0,128050
2021-06-15 09:25:17,6194.05,128053
2021-06-15 09:25:18,6194.05,128053
2021-06-15 09:25:19,6197.2,128103
2021-06-15 09:25:20,6197.2,128109
2021-06-15 09:25:21,6197.55,128135
2021-06-15 09:25:22,6195.15,128407
2021-06-15 09:25:23,6195.6,128522
2021-06-15 09:25:24,6196.7,128556
2021-06-15 09:25:25,6195.15,128735
2021-06-15 09:25:26,6197.0,128810
2021-06-15 09:25:27,6197.5,128830
2021-06-15 09:25:28,6194.45,128905
2021-06-15 09:25:29,6194.45,128905
2021-06-15 09:25:30,6195.65,128947
2021-06-15 09:25:31,6195.6,128955
2021-06-15 09:25:32,6195.7,128990
2021-06-15 09:25:33,6195.05,129012
2021-06-15 09:25:34,6195.85,129022
2021-06-15 09:25:35,6194.05,129183
2021-06-15 09:25:36,6194.05,129245
2021-06-15 09:25:37,6195.9,129308
2021-06-15 09:25:38,6197.0,129378
2021-06-15 09:25:39,6195.95,129396
2021-06-15 09:25:40,6195.95,129408
2021-06-15 09:25:41,6195.0,129419
2021-06-15 09:25:42,6195.95,129667
2021-06-15 09:25:43,6195.8,129669
2021-06-15 09:25:44,6195.95,129672
2021-06-15 09:25:45,6195.95,129673
2021-06-15 09:25:47,6195.95,129896
2021-06-15 09:25:48,6195.95,129904
2021-06-15 09:25:49,6194.5,129940
2021-06-15 09:25:50,6195.95,130054
2021-06-15 09:25:51,6195.8,130265
2021-06-15 09:25:52,6195.8,130267
2021-06-15 09:25:53,6194.8,130310
2021-06-15 09:25:54,6194.8,130420
2021-06-15 09:25:55,6194.8,130471
2021-06-15 09:25:56,6194.8,130616
2021-06-15 09:25:57,6195.0,130631
2021-06-15 09:25:58,6195.0,130631
2021-06-15 09:25:59,6197.0,130635
2021-06-15 09:26:00,6197.0,130635
2021-06-15 09:26:01,6196.95,130652
2021-06-15 09:26:02,6195.8,130684
2021-06-15 09:26:03,6197.0,130697
2021-06-15 09:26:04,6196.35,130702
2021-06-15 09:26:05,6197.0,130722
2021-06-15 09:26:06,6196.95,130732
2021-06-15 09:26:07,6197.0,130779
2021-06-15 09:26:08,6197.0,130781
2021-06-15 09:26:09,6197.0,130781
2021-06-15 09:26:10,6197.0,130861
2021-06-15 09:26:11,6196.35,130890
2021-06-15 09:26:12,6196.35,130899
2021-06-15 09:26:13,6197.0,130999
2021-06-15 09:26:14,6197.0,131069
2021-06-15 09:26:15,6197.0,131073
2021-06-15 09:26:16,6197.0,131073
2021-06-15 09:26:17,6197.0,131194
2021-06-15 09:26:18,6204.55,133218
2021-06-15 09:26:20,6202.15,133442
2021-06-15 09:26:21,6202.0,133566
2021-06-15 09:26:22,6204.8,133630
2021-06-15 09:26:23,6204.65,133676
2021-06-15 09:26:24,6203.95,133861
2021-06-15 09:26:26,6204.85,134123
2021-06-15 09:26:27,6204.85,134131
2021-06-15 09:26:28,6204.75,134168
2021-06-15 09:26:29,6205.0,134478
2021-06-15 09:26:29,6204.8,134483
2021-06-15 09:26:30,6204.8,134518
2021-06-15 09:26:31,6204.8,134531
2021-06-15 09:26:32,6204.7,134762
2021-06-15 09:26:33,6204.65,135040
2021-06-15 09:26:34,6202.25,135055
2021-06-15 09:26:35,6205.0,135249
2021-06-15 09:26:36,6204.75,135419
2021-06-15 09:26:37,6204.85,135630
2021-06-15 09:26:38,6205.85,135856
2021-06-15 09:26:39,6204.95,136032
2021-06-15 09:26:40,6207.0,136216
2021-06-15 09:26:41,6205.65,136235
2021-06-15 09:26:42,6205.65,136308
2021-06-15 09:26:43,6205.65,136327
2021-06-15 09:26:44,6206.0,136399
2021-06-15 09:26:45,6205.65,136425
2021-06-15 09:26:46,6207.0,136530
2021-06-15 09:26:47,6207.0,136602
2021-06-15 09:26:48,6207.0,136771
2021-06-15 09:26:49,6207.0,136915
2021-06-15 09:26:50,6206.0,136937
2021-06-15 09:26:51,6208.0,137164
2021-06-15 09:26:52,6205.9,137178
2021-06-15 09:26:53,6205.9,137178
2021-06-15 09:26:55,6207.0,137273
2021-06-15 09:26:55,6207.0,137273
2021-06-15 09:26:56,6207.0,137278
2021-06-15 09:26:57,6206.0,137363
2021-06-15 09:26:58,6206.15,138414
2021-06-15 09:26:59,6206.85,138595
2021-06-15 09:27:00,6208.6,138913
2021-06-15 09:27:01,6206.8,139020
2021-06-15 09:27:02,6207.0,139037
2021-06-15 09:27:03,6207.0,139140
2021-06-15 09:27:04,6207.0,139166
2021-06-15 09:27:06,6207.8,139262
2021-06-15 09:27:07,6207.0,139312
2021-06-15 09:27:08,6207.0,139325
2021-06-15 09:27:08,6207.0,139325
2021-06-15 09:27:09,6207.0,139368
2021-06-15 09:27:10,6207.0,139368
2021-06-15 09:27:11,6208.0,139378
2021-06-15 09:27:12,6208.0,139573
2021-06-15 09:27:13,6207.0,139789
2021-06-15 09:27:14,6206.8,139843
2021-06-15 09:27:15,6208.0,140018
2021-06-15 09:27:16,6206.9,140046
2021-06-15 09:27:17,6206.9,140162
2021-06-15 09:27:18,6206.9,140190
2021-06-15 09:27:19,6205.0,140816
2021-06-15 09:27:20,6205.0,140970
2021-06-15 09:27:21,6204.75,141085
2021-06-15 09:27:22,6206.9,141186
2021-06-15 09:27:23,6205.0,141223
2021-06-15 09:27:24,6206.55,141273
2021-06-15 09:27:25,6207.0,141285
2021-06-15 09:27:26,6207.0,141324
2021-06-15 09:27:27,6206.95,141413
2021-06-15 09:27:28,6206.95,141657
2021-06-15 09:27:30,6206.9,141747
2021-06-15 09:27:31,6206.85,141765
2021-06-15 09:27:32,6204.85,142299
2021-06-15 09:27:33,6204.75,142399
2021-06-15 09:27:34,6204.75,142440
2021-06-15 09:27:34,6205.0,142523
2021-06-15 09:27:35,6202.05,143074
2021-06-15 09:27:36,6204.3,143110
2021-06-15 09:27:37,6204.15,143140
2021-06-15 09:27:38,6200.8,143209
2021-06-15 09:27:39,6204.35,143224
2021-06-15 09:27:40,6204.35,143226
2021-06-15 09:27:41,6204.35,143232
2021-06-15 09:27:42,6201.85,143378
2021-06-15 09:27:44,6201.85,143450
2021-06-15 09:27:45,6201.3,143762
2021-06-15 09:27:46,6204.25,143785
2021-06-15 09:27:47,6204.6,143860
2021-06-15 09:27:48,6204.35,144024
2021-06-15 09:27:49,6200.05,145034
2021-06-15 09:27:50,6202.0,145163
2021-06-15 09:27:51,6203.55,145270
2021-06-15 09:27:52,6203.9,145289
2021-06-15 09:27:53,6203.85,145299
2021-06-15 09:27:55,6204.1,147517
2021-06-15 09:27:55,6204.1,147517
2021-06-15 09:27:56,6204.6,147665
2021-06-15 09:27:58,6203.85,147784
2021-06-15 09:27:59,6208.0,148479
2021-06-15 09:28:00,6208.0,148540
2021-06-15 09:28:01,6208.0,148585
2021-06-15 09:28:02,6206.45,148637
2021-06-15 09:28:03,6207.0,148854
2021-06-15 09:28:04,6209.0,150971
2021-06-15 09:28:05,6210.2,151038
2021-06-15 09:28:06,6210.7,151798
2021-06-15 09:28:07,6212.3,151820
2021-06-15 09:28:08,6212.0,151955
2021-06-15 09:28:09,6213.0,152137
2021-06-15 09:28:10,6213.0,152155
2021-06-15 09:28:11,6217.6,153866
2021-06-15 09:28:12,6215.55,154095
2021-06-15 09:28:14,6218.3,156555
2021-06-15 09:28:16,6224.9,158109
2021-06-15 09:28:17,6224.7,158385
2021-06-15 09:28:18,6224.7,158593
2021-06-15 09:28:19,6225.0,158819
2021-06-15 09:28:20,6224.4,160319
2021-06-15 09:28:21,6224.4,160562
2021-06-15 09:28:22,6224.4,160889
2021-06-15 09:28:23,6224.4,161139
2021-06-15 09:28:24,6224.4,161561
2021-06-15 09:28:24,6224.35,161689
2021-06-15 09:28:25,6225.0,162690
2021-06-15 09:28:27,6224.15,163083
2021-06-15 09:28:27,6222.45,163531
2021-06-15 09:28:29,6219.8,163780
2021-06-15 09:28:30,6222.45,164270
2021-06-15 09:28:30,6220.35,164440
2021-06-15 09:28:32,6222.3,164966
2021-06-15 09:28:33,6222.35,165043
2021-06-15 09:28:33,6222.3,165063
2021-06-15 09:28:35,6222.0,165242
2021-06-15 09:28:35,6222.1,165577
2021-06-15 09:28:36,6222.3,166284
2021-06-15 09:28:37,6222.3,166379
2021-06-15 09:28:38,6222.45,166781
2021-06-15 09:28:39,6222.0,166924
2021-06-15 09:28:40,6223.8,167268
2021-06-15 09:28:41,6224.4,167820
2021-06-15 09:28:42,6222.3,167998
2021-06-15 09:28:43,6222.45,168075
2021-06-15 09:28:44,6221.45,168201
2021-06-15 09:28:45,6220.6,168850
2021-06-15 09:28:46,6218.55,169116
2021-06-15 09:28:47,6217.2,169578
2021-06-15 09:28:50,6219.3,170353
2021-06-15 09:28:51,6217.2,170405
2021-06-15 09:28:52,6218.8,170965
2021-06-15 09:28:53,6217.2,171495
2021-06-15 09:28:54,6216.85,171642
2021-06-15 09:28:55,6217.1,171721
2021-06-15 09:28:56,6217.2,171759
2021-06-15 09:28:57,6218.55,171944
2021-06-15 09:28:58,6220.15,172031
2021-06-15 09:28:59,6220.35,172110
2021-06-15 09:29:00,6219.45,172272
2021-06-15 09:29:01,6220.2,173470
2021-06-15 09:29:02,6218.0,174119
2021-06-15 09:29:03,6219.45,174122
2021-06-15 09:29:05,6218.0,174320
2021-06-15 09:29:05,6220.0,174336
2021-06-15 09:29:06,6219.5,174406
2021-06-15 09:29:08,6220.0,174506
2021-06-15 09:29:09,6220.0,174598
2021-06-15 09:29:10,6218.0,174640
2021-06-15 09:29:10,6218.0,174640
2021-06-15 09:29:12,6220.0,175348
2021-06-15 09:29:12,6220.0,175348
2021-06-15 09:29:14,6219.4,175454
2021-06-15 09:29:14,6221.95,175478
2021-06-15 09:29:15,6219.5,175603
2021-06-15 09:29:16,6220.0,175764
2021-06-15 09:29:17,6220.0,175825
2021-06-15 09:29:18,6219.5,176198
2021-06-15 09:29:19,6219.5,176258
2021-06-15 09:29:20,6219.4,176317
2021-06-15 09:29:21,6219.5,176328
2021-06-15 09:29:23,6219.55,176565
2021-06-15 09:29:24,6219.55,176675
2021-06-15 09:29:25,6220.0,176743
2021-06-15 09:29:26,6220.0,176898
2021-06-15 09:29:27,6220.05,177405
2021-06-15 09:29:29,6223.5,177809
2021-06-15 09:29:30,6220.3,177869
2021-06-15 09:29:31,6220.3,177979
2021-06-15 09:29:32,6221.1,178047
2021-06-15 09:29:34,6219.0,179396
2021-06-15 09:29:35,6220.0,179707
2021-06-15 09:29:37,6219.0,180301
2021-06-15 09:29:38,6219.0,180334
2021-06-15 09:29:39,6219.0,180457
2021-06-15 09:29:41,6218.5,180769
2021-06-15 09:29:43,6219.15,180906
2021-06-15 09:29:44,6217.4,181084
2021-06-15 09:29:45,6219.05,181341
2021-06-15 09:29:46,6219.0,181354
2021-06-15 09:29:47,6218.75,181360
2021-06-15 09:29:48,6218.0,181463
2021-06-15 09:29:48,6215.65,181468
2021-06-15 09:29:49,6219.15,181500
2021-06-15 09:29:50,6216.3,181660
2021-06-15 09:29:51,6216.35,181671
2021-06-15 09:29:52,6218.45,181704
2021-06-15 09:29:53,6219.0,181759
2021-06-15 09:29:54,6218.0,181841
2021-06-15 09:29:55,6217.2,181848
2021-06-15 09:29:56,6217.2,181848
2021-06-15 09:29:57,6219.0,181913
2021-06-15 09:29:58,6215.0,182188
2021-06-15 09:29:59,6218.8,182391
2021-06-15 09:30:01,6218.75,182422
2021-06-15 09:30:02,6218.7,182446
2021-06-15 09:30:03,6218.7,182452
2021-06-15 09:30:04,6218.7,182454
2021-06-15 09:30:05,6218.7,182672
2021-06-15 09:30:06,6215.2,183057
2021-06-15 09:30:07,6217.0,183190
2021-06-15 09:30:08,6215.1,183195
2021-06-15 09:30:09,6210.85,184765
2021-06-15 09:30:10,6208.05,185768
2021-06-15 09:30:11,6211.6,185981
2021-06-15 09:30:12,6211.5,186122
2021-06-15 09:30:13,6211.5,186143
2021-06-15 09:30:14,6210.0,186215
2021-06-15 09:30:15,6211.85,186521
2021-06-15 09:30:16,6214.75,186536
2021-06-15 09:30:17,6215.05,186560
2021-06-15 09:30:18,6216.0,186573
2021-06-15 09:30:19,6214.65,186601
2021-06-15 09:30:20,6213.6,186633
2021-06-15 09:30:21,6216.0,186692
2021-06-15 09:30:22,6215.0,187049
2021-06-15 09:30:23,6215.0,187085
2021-06-15 09:30:24,6215.0,187106
2021-06-15 09:30:25,6215.0,187135
2021-06-15 09:30:26,6215.05,187156
2021-06-15 09:30:27,6213.75,187556
2021-06-15 09:30:28,6216.0,187717
2021-06-15 09:30:29,6215.0,187822
2021-06-15 09:30:30,6215.0,187840
2021-06-15 09:30:31,6215.0,187926
2021-06-15 09:30:31,6215.0,187926
2021-06-15 09:30:33,6215.0,188062
2021-06-15 09:30:34,6215.0,188151
2021-06-15 09:30:35,6215.0,189587
2021-06-15 09:30:36,6216.0,189814
2021-06-15 09:30:37,6215.85,189841
2021-06-15 09:30:38,6213.6,189960
2021-06-15 09:30:39,6215.0,190163
2021-06-15 09:30:40,6215.0,190174
2021-06-15 09:30:41,6215.0,190198
2021-06-15 09:30:42,6214.8,190464
2021-06-15 09:30:42,6212.2,190469
2021-06-15 09:30:43,6212.0,190539
2021-06-15 09:30:45,6214.6,190832
2021-06-15 09:30:46,6214.6,190834
2021-06-15 09:30:47,6214.6,190835
2021-06-15 09:30:47,6214.6,190835
2021-06-15 09:30:49,6213.0,190866
2021-06-15 09:30:50,6212.0,191151
2021-06-15 09:30:51,6212.2,191365
2021-06-15 09:30:52,6212.2,191371
2021-06-15 09:30:52,6212.2,191371
2021-06-15 09:30:54,6210.85,191643
2021-06-15 09:30:54,6209.4,192409
2021-06-15 09:30:55,6209.35,192413
2021-06-15 09:30:56,6206.35,192672
2021-06-15 09:30:58,6209.4,192674
2021-06-15 09:30:59,6205.65,192826
2021-06-15 09:31:00,6205.7,193002
2021-06-15 09:31:03,6206.0,193296
2021-06-15 09:31:04,6206.45,193307
2021-06-15 09:31:05,6208.45,193672
2021-06-15 09:31:06,6206.4,193781
2021-06-15 09:31:07,6207.85,193851
2021-06-15 09:31:08,6205.05,194165
2021-06-15 09:31:09,6208.4,194244
2021-06-15 09:31:10,6208.25,194336
2021-06-15 09:31:11,6206.0,194397
2021-06-15 09:31:12,6206.0,194612
2021-06-15 09:31:13,6208.05,195016
2021-06-15 09:31:14,6208.05,195020
2021-06-15 09:31:15,6208.1,195035
2021-06-15 09:31:16,6208.1,195068
2021-06-15 09:31:17,6208.25,195336
2021-06-15 09:31:18,6208.1,195410
2021-06-15 09:31:18,6208.0,195435
2021-06-15 09:31:19,6207.85,195595
2021-06-15 09:31:20,6207.7,195811
2021-06-15 09:31:22,6207.0,195828
2021-06-15 09:31:22,6207.0,195881
2021-06-15 09:31:23,6205.55,195908
2021-06-15 09:31:24,6207.0,195992
2021-06-15 09:31:25,6207.0,196459
2021-06-15 09:31:26,6207.0,196499
2021-06-15 09:31:27,6207.0,196533
2021-06-15 09:31:28,6207.0,196540
2021-06-15 09:31:29,6205.05,196592
2021-06-15 09:31:31,6206.0,196606
2021-06-15 09:31:32,6207.0,196706
2021-06-15 09:31:33,6205.0,197146
2021-06-15 09:31:34,6206.1,197168
2021-06-15 09:31:35,6205.0,197201
2021-06-15 09:31:36,6206.0,197229
2021-06-15 09:31:37,6206.0,197264
2021-06-15 09:31:38,6202.0,199426
2021-06-15 09:31:39,6202.0,199489
2021-06-15 09:31:40,6202.0,199631
2021-06-15 09:31:41,6201.0,199779
2021-06-15 09:31:43,6204.25,200009
2021-06-15 09:31:44,6204.05,200082
2021-06-15 09:31:45,6204.05,200098
2021-06-15 09:31:46,6202.0,200550
2021-06-15 09:31:47,6200.0,201806
2021-06-15 09:31:48,6202.75,201873
2021-06-15 09:31:49,6202.7,201893
2021-06-15 09:31:50,6200.4,201983
2021-06-15 09:31:52,6203.5,202140
2021-06-15 09:31:53,6205.4,202211
2021-06-15 09:31:54,6205.25,202249
2021-06-15 09:31:55,6205.25,202255
2021-06-15 09:31:56,6202.0,202307
2021-06-15 09:31:57,6203.5,204162
2021-06-15 09:31:58,6202.0,204234
2021-06-15 09:31:59,6203.75,204236
2021-06-15 09:32:00,6202.0,204544
2021-06-15 09:32:01,6201.4,204909
2021-06-15 09:32:02,6204.35,204985
2021-06-15 09:32:03,6201.3,205038
2021-06-15 09:32:04,6202.0,205188
2021-06-15 09:32:04,6202.0,205188
2021-06-15 09:32:06,6204.15,205228
2021-06-15 09:32:07,6202.0,205237
2021-06-15 09:32:08,6204.55,207251
2021-06-15 09:32:09,6204.9,207550
2021-06-15 09:32:10,6204.7,207581
2021-06-15 09:32:10,6204.7,207581
2021-06-15 09:32:11,6200.05,208159
2021-06-15 09:32:12,6202.85,208264
2021-06-15 09:32:13,6202.65,208487
2021-06-15 09:32:14,6201.55,208562
2021-06-15 09:32:16,6200.5,208662
2021-06-15 09:32:17,6202.5,208667
2021-06-15 09:32:18,6202.5,208668
2021-06-15 09:32:19,6202.5,208697
2021-06-15 09:32:20,6202.5,208757
2021-06-15 09:32:21,6202.5,209280
2021-06-15 09:32:21,6201.8,209457
2021-06-15 09:32:22,6204.8,209473
2021-06-15 09:32:23,6201.3,209481
2021-06-15 09:32:24,6201.3,209497
2021-06-15 09:32:25,6201.3,209551
2021-06-15 09:32:26,6201.15,210065
2021-06-15 09:32:27,6204.3,210097
2021-06-15 09:32:28,6202.0,210139
2021-06-15 09:32:29,6201.0,210170
2021-06-15 09:32:32,6202.0,210329
2021-06-15 09:32:33,6201.2,210345
2021-06-15 09:32:35,6202.5,210394
2021-06-15 09:32:36,6201.3,210443
2021-06-15 09:32:38,6200.9,210712
2021-06-15 09:32:39,6200.0,210858
2021-06-15 09:32:43,6201.2,210967
2021-06-15 09:32:44,6200.0,211275
2021-06-15 09:32:46,6200.0,211625
2021-06-15 09:32:47,6200.7,211626
2021-06-15 09:32:48,6200.0,211669
2021-06-15 09:32:49,6200.0,211680
2021-06-15 09:32:51,6200.9,211881
2021-06-15 09:32:52,6198.5,214754
2021-06-15 09:32:53,6195.1,214918
2021-06-15 09:32:54,6197.75,215119
2021-06-15 09:32:56,6195.0,215250
2021-06-15 09:32:57,6195.1,215265
2021-06-15 09:32:58,6197.4,215282
2021-06-15 09:32:59,6197.4,215286
2021-06-15 09:33:00,6197.2,215473
2021-06-15 09:33:01,6195.0,215688
2021-06-15 09:33:02,6195.0,216091
2021-06-15 09:33:03,6197.15,216839
2021-06-15 09:33:04,6197.15,216867
2021-06-15 09:33:05,6197.0,216951
2021-06-15 09:33:06,6197.0,216997
2021-06-15 09:33:07,6197.0,216998
2021-06-15 09:33:08,6197.0,217175
2021-06-15 09:33:09,6195.0,217358
2021-06-15 09:33:10,6197.0,217592
2021-06-15 09:33:11,6197.0,217593
2021-06-15 09:33:12,6197.0,217704
2021-06-15 09:33:13,6197.0,217723
2021-06-15 09:33:14,6198.5,218165
2021-06-15 09:33:15,6197.0,218226
2021-06-15 09:33:16,6197.0,218241
2021-06-15 09:33:17,6199.7,218271
2021-06-15 09:33:18,6200.0,218321
2021-06-15 09:33:19,6200.0,218321
2021-06-15 09:33:20,6198.2,218403
2021-06-15 09:33:21,6200.0,218458
2021-06-15 09:33:22,6199.0,218459
2021-06-15 09:33:22,6198.0,218490
2021-06-15 09:33:23,6198.05,218567
2021-06-15 09:33:24,6200.45,218590
2021-06-15 09:33:25,6198.0,218711
2021-06-15 09:33:26,6200.0,218750
2021-06-15 09:33:27,6200.0,218794
2021-06-15 09:33:28,6200.0,218808
2021-06-15 09:33:30,6201.0,219008
2021-06-15 09:33:31,6198.65,219016
2021-06-15 09:33:32,6200.95,219075
2021-06-15 09:33:33,6198.5,219135
2021-06-15 09:33:34,6200.55,219149
2021-06-15 09:33:35,6200.0,219159
2021-06-15 09:33:37,6200.8,219246
2021-06-15 09:33:38,6200.8,219246
2021-06-15 09:33:40,6201.0,219390
2021-06-15 09:33:41,6201.0,219390
2021-06-15 09:33:42,6201.55,219897
2021-06-15 09:33:43,6201.0,219916
2021-06-15 09:33:44,6200.0,220020
2021-06-15 09:33:45,6200.0,220075
2021-06-15 09:33:46,6198.65,220250
2021-06-15 09:33:47,6199.0,220569
2021-06-15 09:33:48,6198.65,220594
2021-06-15 09:33:49,6198.45,220613
2021-06-15 09:33:50,6198.8,221248
2021-06-15 09:33:51,6198.35,221456
2021-06-15 09:33:52,6199.0,221461
2021-06-15 09:33:54,6197.15,221523
2021-06-15 09:33:55,6198.45,221583
2021-06-15 09:33:56,6199.0,221731
2021-06-15 09:33:57,6199.0,221751
2021-06-15 09:33:58,6198.65,221752
2021-06-15 09:33:59,6198.95,221788
2021-06-15 09:34:00,6198.55,221814
2021-06-15 09:34:01,6200.0,222063
2021-06-15 09:34:02,6200.0,222063
2021-06-15 09:34:03,6198.55,222198
2021-06-15 09:34:04,6200.0,222298
2021-06-15 09:34:05,6200.0,222298
2021-06-15 09:34:07,6200.0,222941
2021-06-15 09:34:08,6200.0,222956
2021-06-15 09:34:09,6200.0,223105
2021-06-15 09:34:12,6200.0,223314
2021-06-15 09:34:13,6200.0,223353
2021-06-15 09:34:15,6198.55,223400
2021-06-15 09:34:16,6199.6,223434
2021-06-15 09:34:17,6200.0,223482
2021-06-15 09:34:18,6199.0,223502
2021-06-15 09:34:19,6199.45,223545
2021-06-15 09:34:20,6198.5,223554
2021-06-15 09:34:21,6198.5,223554
2021-06-15 09:34:22,6197.0,223794
2021-06-15 09:34:23,6199.35,223799
2021-06-15 09:34:24,6198.0,223826
2021-06-15 09:34:25,6198.0,223845
2021-06-15 09:34:26,6198.0,223845
2021-06-15 09:34:27,6198.5,223848
2021-06-15 09:34:28,6198.95,223885
2021-06-15 09:34:29,6199.6,224495
2021-06-15 09:34:30,6199.0,224505
2021-06-15 09:34:31,6199.0,224513
2021-06-15 09:34:32,6198.95,224523
2021-06-15 09:34:33,6199.0,224678
2021-06-15 09:34:34,6197.35,224924
2021-06-15 09:34:35,6197.0,225067
2021-06-15 09:34:35,6197.05,225077
2021-06-15 09:34:37,6198.95,225084
2021-06-15 09:34:38,6197.0,225109
2021-06-15 09:34:39,6199.0,225112
2021-06-15 09:34:40,6199.0,225117
2021-06-15 09:34:41,6199.0,225201
2021-06-15 09:34:42,6197.95,225394
2021-06-15 09:34:43,6196.0,225573
2021-06-15 09:34:45,6194.35,229458
2021-06-15 09:34:46,6194.55,229464
2021-06-15 09:34:47,6192.2,229468
2021-06-15 09:34:48,6192.15,229529
2021-06-15 09:34:49,6193.9,229630
2021-06-15 09:34:51,6192.2,229690
2021-06-15 09:34:52,6192.0,229711
2021-06-15 09:34:53,6191.7,229726
2021-06-15 09:34:54,6192.0,229763
2021-06-15 09:34:55,6192.0,229951
2021-06-15 09:34:56,6191.0,230311
2021-06-15 09:34:57,6192.0,230394
2021-06-15 09:34:59,6191.65,230437
2021-06-15 09:35:00,6191.0,230592
2021-06-15 09:35:02,6190.0,232383
2021-06-15 09:35:03,6191.15,232437
2021-06-15 09:35:04,6186.8,236005
2021-06-15 09:35:05,6185.0,236085
2021-06-15 09:35:06,6186.8,236175
2021-06-15 09:35:07,6185.0,236475
2021-06-15 09:35:08,6186.9,236638
2021-06-15 09:35:09,6185.0,236792
2021-06-15 09:35:10,6185.0,236897
2021-06-15 09:35:11,6184.95,238246
2021-06-15 09:35:12,6181.85,238642
2021-06-15 09:35:13,6188.0,239127
2021-06-15 09:35:14,6188.0,239249
2021-06-15 09:35:15,6188.0,239321
2021-06-15 09:35:16,6185.7,239458
2021-06-15 09:35:17,6188.0,239460
2021-06-15 09:35:18,6188.0,239493
2021-06-15 09:35:19,6188.0,239791
2021-06-15 09:35:20,6185.7,239815
2021-06-15 09:35:21,6185.95,240108
2021-06-15 09:35:22,6188.0,240141
2021-06-15 09:35:23,6186.0,240190
2021-06-15 09:35:24,6188.0,240200
2021-06-15 09:35:25,6188.0,240273
2021-06-15 09:35:26,6187.45,240798
2021-06-15 09:35:28,6190.0,240895
2021-06-15 09:35:29,6188.0,240910
2021-06-15 09:35:30,6188.0,241240
2021-06-15 09:35:31,6188.0,241246
2021-06-15 09:35:32,6188.0,242186
2021-06-15 09:35:34,6187.45,243697
2021-06-15 09:35:35,6187.5,244170
2021-06-15 09:35:36,6188.2,244470
2021-06-15 09:35:37,6191.25,244589
2021-06-15 09:35:38,6191.6,244798
2021-06-15 09:35:39,6188.95,244872
2021-06-15 09:35:40,6188.0,244959
2021-06-15 09:35:41,6186.65,245123
2021-06-15 09:35:42,6190.0,245419
2021-06-15 09:35:43,6188.0,245478
2021-06-15 09:35:44,6189.2,245798
2021-06-15 09:35:45,6188.65,245859
2021-06-15 09:35:46,6188.0,246016
2021-06-15 09:35:47,6189.0,246061
2021-06-15 09:35:48,6189.0,246061
2021-06-15 09:35:49,6188.0,246119
2021-06-15 09:35:50,6188.0,246190
2021-06-15 09:35:51,6190.1,246533
2021-06-15 09:35:52,6188.0,246592
2021-06-15 09:35:53,6188.0,246594
2021-06-15 09:35:54,6186.0,246945
2021-06-15 09:35:55,6187.5,246998
2021-06-15 09:35:56,6187.35,247064
2021-06-15 09:35:57,6184.95,247958
2021-06-15 09:35:58,6184.8,247980
2021-06-15 09:35:59,6183.85,248095
2021-06-15 09:36:00,6183.85,248527
2021-06-15 09:36:01,6183.85,248528
2021-06-15 09:36:02,6182.3,248530
2021-06-15 09:36:03,6181.1,248590
2021-06-15 09:36:04,6183.65,248633
2021-06-15 09:36:05,6182.0,248657
2021-06-15 09:36:06,6183.8,248867
2021-06-15 09:36:07,6183.8,248948
2021-06-15 09:36:08,6182.95,249095
2021-06-15 09:36:09,6182.85,249203
2021-06-15 09:36:10,6182.85,249293
2021-06-15 09:36:11,6183.15,249411
2021-06-15 09:36:12,6180.05,249693
2021-06-15 09:36:13,6181.0,250173
2021-06-15 09:36:14,6181.0,250186
2021-06-15 09:36:15,6182.75,250298
2021-06-15 09:36:16,6181.0,250360
2021-06-15 09:36:17,6181.55,250369
2021-06-15 09:36:18,6182.75,250390
2021-06-15 09:36:19,6181.55,250428
2021-06-15 09:36:20,6181.3,250596
2021-06-15 09:36:22,6181.45,250803
2021-06-15 09:36:23,6181.85,250836
2021-06-15 09:36:24,6181.55,250881
2021-06-15 09:36:25,6182.0,250891
2021-06-15 09:36:26,6180.9,251392
2021-06-15 09:36:27,6180.05,251564
2021-06-15 09:36:28,6181.0,251794
2021-06-15 09:36:29,6181.3,251854
2021-06-15 09:36:30,6180.0,252036
2021-06-15 09:36:31,6180.05,252353
2021-06-15 09:36:32,6181.3,252358
2021-06-15 09:36:33,6181.3,252509
2021-06-15 09:36:34,6181.3,252575
2021-06-15 09:36:35,6180.0,252588
2021-06-15 09:36:36,6180.0,252616
2021-06-15 09:36:37,6181.0,253141
2021-06-15 09:36:38,6181.3,253277
2021-06-15 09:36:39,6181.0,253292
2021-06-15 09:36:40,6181.0,253292
2021-06-15 09:36:41,6181.3,253526
2021-06-15 09:36:42,6181.0,253671
2021-06-15 09:36:43,6181.0,253671
2021-06-15 09:36:44,6181.0,253726
2021-06-15 09:36:45,6181.3,253917
2021-06-15 09:36:46,6181.3,254087
2021-06-15 09:36:47,6181.0,254277
2021-06-15 09:36:48,6181.3,254411
2021-06-15 09:36:49,6181.25,254566
2021-06-15 09:36:50,6181.25,254577
2021-06-15 09:36:52,6181.25,254587
2021-06-15 09:36:52,6181.2,254616
2021-06-15 09:36:53,6181.3,254649
2021-06-15 09:36:54,6186.7,255326
2021-06-15 09:36:55,6184.55,255374
2021-06-15 09:36:56,6187.3,255507
2021-06-15 09:36:57,6184.45,255527
2021-06-15 09:36:58,6186.15,255777
2021-06-15 09:36:59,6183.15,255898
2021-06-15 09:37:00,6184.5,255946
2021-06-15 09:37:01,6184.45,256345
2021-06-15 09:37:02,6184.1,256365
2021-06-15 09:37:03,6184.1,256578
2021-06-15 09:37:04,6184.1,256589
2021-06-15 09:37:05,6185.05,256657
2021-06-15 09:37:07,6184.1,256676
2021-06-15 09:37:08,6183.85,256817
2021-06-15 09:37:08,6183.85,256817
2021-06-15 09:37:09,6184.95,257203
2021-06-15 09:37:10,6182.6,257305
2021-06-15 09:37:11,6185.15,257360
2021-06-15 09:37:13,6185.9,257468
2021-06-15 09:37:14,6185.9,257469
2021-06-15 09:37:15,6185.9,257503
2021-06-15 09:37:16,6185.5,257507
2021-06-15 09:37:17,6185.9,257518
2021-06-15 09:37:18,6185.9,257680
2021-06-15 09:37:19,6185.85,257730
2021-06-15 09:37:20,6187.3,257871
2021-06-15 09:37:21,6188.0,257930
2021-06-15 09:37:22,6190.0,258500
2021-06-15 09:37:23,6190.0,258547
2021-06-15 09:37:24,6192.0,258775
2021-06-15 09:37:26,6192.0,258910
2021-06-15 09:37:27,6192.75,258982
2021-06-15 09:37:28,6192.75,258992
2021-06-15 09:37:29,6192.0,259004
2021-06-15 09:37:30,6192.0,259006
2021-06-15 09:37:31,6192.65,259134
2021-06-15 09:37:33,6195.0,259454
2021-06-15 09:37:35,6194.95,259612
2021-06-15 09:37:36,6196.0,259775
2021-06-15 09:37:37,6197.65,260132
2021-06-15 09:37:38,6198.0,260270
2021-06-15 09:37:38,6199.4,260300
2021-06-15 09:37:39,6197.45,260353
2021-06-15 09:37:40,6199.4,260643
2021-06-15 09:37:41,6199.4,260713
2021-06-15 09:37:42,6200.0,261946
2021-06-15 09:37:43,6200.0,262219
2021-06-15 09:37:44,6200.0,262575
2021-06-15 09:37:45,6202.95,262688
2021-06-15 09:37:46,6203.6,262879
2021-06-15 09:37:48,6203.0,263611
2021-06-15 09:37:49,6203.7,264061
2021-06-15 09:37:50,6200.4,264114
2021-06-15 09:37:51,6202.7,264238
2021-06-15 09:37:52,6202.3,264458
2021-06-15 09:37:53,6202.35,264527
2021-06-15 09:37:54,6202.0,264756
2021-06-15 09:37:55,6197.25,265774
2021-06-15 09:37:56,6197.35,265908
2021-06-15 09:37:57,6197.3,265997
2021-06-15 09:37:58,6197.3,266021
2021-06-15 09:37:59,6200.0,266536
2021-06-15 09:38:01,6199.1,266654
2021-06-15 09:38:02,6201.15,266699
2021-06-15 09:38:03,6198.55,266778
2021-06-15 09:38:03,6198.55,266778
2021-06-15 09:38:04,6201.15,266791
2021-06-15 09:38:05,6198.65,266841
2021-06-15 09:38:06,6200.0,266912
2021-06-15 09:38:08,6199.8,267230
2021-06-15 09:38:09,6201.0,267269
2021-06-15 09:38:11,6201.15,267376
2021-06-15 09:38:11,6201.15,267376
2021-06-15 09:38:12,6202.65,267454
2021-06-15 09:38:13,6203.0,267500
2021-06-15 09:38:14,6202.75,267587
2021-06-15 09:38:15,6201.7,267636
2021-06-15 09:38:16,6202.15,268024
2021-06-15 09:38:17,6203.0,268077
2021-06-15 09:38:18,6203.0,268109
2021-06-15 09:38:19,6203.0,268219
2021-06-15 09:38:21,6203.45,268435
2021-06-15 09:38:22,6203.45,268445
2021-06-15 09:38:22,6203.45,268446
2021-06-15 09:38:23,6204.75,268566
2021-06-15 09:38:24,6204.75,268580
2021-06-15 09:38:25,6204.15,268648
2021-06-15 09:38:26,6204.55,268803
2021-06-15 09:38:27,6204.55,269201
2021-06-15 09:38:30,6204.45,270520
2021-06-15 09:38:31,6205.0,271531
2021-06-15 09:38:32,6204.75,271906
2021-06-15 09:38:33,6204.0,271951
2021-06-15 09:38:34,6204.05,272158
2021-06-15 09:38:36,6205.0,272542
2021-06-15 09:38:36,6205.0,272542
2021-06-15 09:38:37,6204.8,272683
2021-06-15 09:38:39,6205.0,273033
2021-06-15 09:38:40,6205.0,273203
2021-06-15 09:38:41,6205.0,273220
2021-06-15 09:38:43,6205.0,273236
2021-06-15 09:38:43,6204.95,273388
2021-06-15 09:38:45,6205.0,273448
2021-06-15 09:38:46,6204.9,273823
2021-06-15 09:38:47,6204.85,273884
2021-06-15 09:38:48,6204.0,274112
2021-06-15 09:38:48,6204.0,274166
2021-06-15 09:38:49,6203.0,274293
2021-06-15 09:38:50,6204.0,274298
2021-06-15 09:38:52,6203.0,274313
2021-06-15 09:38:53,6204.75,274379
2021-06-15 09:38:53,6204.75,274379
2021-06-15 09:38:55,6203.0,274632
2021-06-15 09:38:56,6203.0,274665
2021-06-15 09:38:57,6203.0,274684
2021-06-15 09:38:58,6203.3,274688
2021-06-15 09:39:00,6204.0,274824
2021-06-15 09:39:01,6203.6,274991
2021-06-15 09:39:02,6203.55,275011
2021-06-15 09:39:03,6203.5,275209
2021-06-15 09:39:03,6203.5,275209
2021-06-15 09:39:04,6203.0,275224
2021-06-15 09:39:05,6203.65,275225
2021-06-15 09:39:06,6203.65,275225
2021-06-15 09:39:08,6203.35,275412
2021-06-15 09:39:10,6203.35,275413
2021-06-15 09:39:10,6203.15,275417
2021-06-15 09:39:12,6203.3,275644
2021-06-15 09:39:13,6203.3,275804
2021-06-15 09:39:14,6203.15,275808
2021-06-15 09:39:15,6203.65,275999
2021-06-15 09:39:16,6203.65,275999
2021-06-15 09:39:17,6203.0,276025
2021-06-15 09:39:18,6200.7,276333
2021-06-15 09:39:19,6202.0,276804
2021-06-15 09:39:20,6202.0,276804
2021-06-15 09:39:21,6199.4,277137
2021-06-15 09:39:22,6199.9,277158
2021-06-15 09:39:23,6199.9,277158
2021-06-15 09:39:24,6199.5,277464
2021-06-15 09:39:25,6199.5,277477
2021-06-15 09:39:26,6201.75,277604
2021-06-15 09:39:26,6202.0,277585
2021-06-15 09:39:27,6200.0,277606
2021-06-15 09:39:28,6200.75,277660
2021-06-15 09:39:29,6200.0,277740
2021-06-15 09:39:31,6200.85,277750
2021-06-15 09:39:32,6200.3,277835
2021-06-15 09:39:34,6200.55,277885
2021-06-15 09:39:35,6200.3,277888
2021-06-15 09:39:36,6200.3,277892
2021-06-15 09:39:36,6200.3,277892
2021-06-15 09:39:37,6200.3,277892
2021-06-15 09:39:38,6200.25,277992
2021-06-15 09:39:39,6200.25,278117
2021-06-15 09:39:40,6201.1,278119
2021-06-15 09:39:41,6201.4,278239
2021-06-15 09:39:42,6201.55,278311
2021-06-15 09:39:43,6202.35,278360
2021-06-15 09:39:44,6200.3,278480
2021-06-15 09:39:45,6200.3,278492
2021-06-15 09:39:46,6200.3,278527
2021-06-15 09:39:48,6202.25,278655
2021-06-15 09:39:49,6202.05,278721
2021-06-15 09:39:50,6200.95,278745
2021-06-15 09:39:51,6200.45,278772
2021-06-15 09:39:52,6200.45,278772
2021-06-15 09:39:53,6202.25,278778
2021-06-15 09:39:54,6202.05,278785
2021-06-15 09:39:55,6201.0,278903
2021-06-15 09:39:56,6201.7,279159
2021-06-15 09:39:58,6201.7,279194
2021-06-15 09:39:57,6201.7,279184
2021-06-15 09:39:59,6201.0,279214
2021-06-15 09:40:00,6201.35,279298
2021-06-15 09:40:02,6201.7,279324
2021-06-15 09:40:01,6201.35,279318
2021-06-15 09:40:03,6201.7,279329
2021-06-15 09:40:04,6201.7,279334
2021-06-15 09:40:05,6201.75,279367
2021-06-15 09:40:06,6201.35,279397
2021-06-15 09:40:07,6201.35,279414
2021-06-15 09:40:08,6201.7,279502
2021-06-15 09:40:09,6201.55,279526
2021-06-15 09:40:10,6201.55,279526
2021-06-15 09:40:11,6201.7,279613
2021-06-15 09:40:12,6201.55,279667
2021-06-15 09:40:14,6201.7,279790
2021-06-15 09:40:15,6201.55,279832
2021-06-15 09:40:15,6201.7,279834
2021-06-15 09:40:16,6201.7,279834
2021-06-15 09:40:17,6201.55,279965
2021-06-15 09:40:18,6201.65,280026
2021-06-15 09:40:19,6201.55,280035
2021-06-15 09:40:20,6201.7,280045
2021-06-15 09:40:21,6201.7,280045
2021-06-15 09:40:22,6201.7,280084
2021-06-15 09:40:23,6201.7,280084
2021-06-15 09:40:24,6201.7,280090
2021-06-15 09:40:25,6201.7,280105
2021-06-15 09:40:26,6201.7,280124
2021-06-15 09:40:28,6202.3,280274
2021-06-15 09:40:29,6202.0,280294
2021-06-15 09:40:30,6202.0,280304
2021-06-15 09:40:31,6202.0,280312
2021-06-15 09:40:32,6202.0,280312
2021-06-15 09:40:33,6202.3,280321
2021-06-15 09:40:34,6202.3,280321
2021-06-15 09:40:35,6202.0,280328
2021-06-15 09:40:37,6202.0,280354
2021-06-15 09:40:39,6204.0,280556
2021-06-15 09:40:40,6202.95,280560
2021-06-15 09:40:41,6205.0,280653
2021-06-15 09:40:42,6204.85,280689
2021-06-15 09:40:43,6204.85,280702
2021-06-15 09:40:44,6203.15,280715
2021-06-15 09:40:45,6203.2,280840
2021-06-15 09:40:46,6205.0,280860
2021-06-15 09:40:47,6204.95,280869
2021-06-15 09:40:48,6205.0,281406
2021-06-15 09:40:49,6203.35,281416
2021-06-15 09:40:50,6203.35,281416
2021-06-15 09:40:51,6204.55,281551
2021-06-15 09:40:53,6204.95,281789
2021-06-15 09:40:54,6204.55,281814
2021-06-15 09:40:55,6204.95,281861
2021-06-15 09:40:56,6206.0,281905
2021-06-15 09:40:56,6206.0,281905
2021-06-15 09:40:57,6204.55,281925
2021-06-15 09:40:58,6204.9,281940
2021-06-15 09:40:59,6204.75,281958
2021-06-15 09:41:01,6204.75,282167
2021-06-15 09:41:02,6205.85,282217
2021-06-15 09:41:05,6205.1,283207
2021-06-15 09:41:06,6205.1,283217
2021-06-15 09:41:07,6205.55,283513
2021-06-15 09:41:08,6207.75,283766
2021-06-15 09:41:08,6207.75,283781
2021-06-15 09:41:09,6207.75,283784
2021-06-15 09:41:10,6207.75,283836
2021-06-15 09:41:11,6207.75,283836
2021-06-15 09:41:12,6208.0,284176
2021-06-15 09:41:14,6207.5,284231
2021-06-15 09:41:15,6207.75,284254
2021-06-15 09:41:16,6207.75,284276
2021-06-15 09:41:17,6208.5,284571
2021-06-15 09:41:18,6208.0,284762
2021-06-15 09:41:18,6208.0,284762
2021-06-15 09:41:19,6208.4,284986
2021-06-15 09:41:20,6208.95,285269
2021-06-15 09:41:21,6209.15,285386
2021-06-15 09:41:22,6209.15,285436
2021-06-15 09:41:23,6209.4,285474
2021-06-15 09:41:24,6209.15,285485
2021-06-15 09:41:26,6209.4,285572
2021-06-15 09:41:27,6209.4,285572
2021-06-15 09:41:28,6209.4,285580
2021-06-15 09:41:29,6209.35,285771
2021-06-15 09:41:30,6210.0,285836
2021-06-15 09:41:31,6209.6,285871
2021-06-15 09:41:32,6210.0,285967
2021-06-15 09:41:33,6210.0,286036
2021-06-15 09:41:34,6209.6,286147
2021-06-15 09:41:35,6210.0,286254
2021-06-15 09:41:36,6209.6,286326
2021-06-15 09:41:37,6210.0,286458
2021-06-15 09:41:38,6209.95,286587
2021-06-15 09:41:39,6209.95,286688
2021-06-15 09:41:41,6209.95,288203
2021-06-15 09:41:42,6210.0,288239
2021-06-15 09:41:43,6209.45,288367
2021-06-15 09:41:44,6210.0,291274
2021-06-15 09:41:45,6210.0,291340
2021-06-15 09:41:47,6209.85,292459
2021-06-15 09:41:48,6209.9,292656
2021-06-15 09:41:49,6210.0,292702
2021-06-15 09:41:50,6210.0,292733
2021-06-15 09:41:51,6209.9,292990
2021-06-15 09:41:52,6210.0,293002
2021-06-15 09:41:54,6210.0,293052
2021-06-15 09:41:55,6210.0,293055
2021-06-15 09:41:56,6210.0,293060
2021-06-15 09:41:57,6209.9,293071
2021-06-15 09:41:58,6210.0,293072
2021-06-15 09:41:58,6210.0,293077
2021-06-15 09:42:00,6209.95,293115
2021-06-15 09:42:01,6210.0,293123
2021-06-15 09:42:02,6210.0,293193
2021-06-15 09:42:03,6210.0,293208
2021-06-15 09:42:04,6210.0,293279
2021-06-15 09:42:06,6210.0,293336
2021-06-15 09:42:07,6209.9,293343
2021-06-15 09:42:08,6209.85,293503
2021-06-15 09:42:09,6210.0,293526
2021-06-15 09:42:09,6210.0,293527
2021-06-15 09:42:10,6209.9,293530
2021-06-15 09:42:11,6209.7,293775
2021-06-15 09:42:12,6209.7,293985
2021-06-15 09:42:14,6209.9,293986
2021-06-15 09:42:15,6209.7,294065
2021-06-15 09:42:16,6209.75,294289
2021-06-15 09:42:18,6209.8,294411
2021-06-15 09:42:18,6209.8,294411
2021-06-15 09:42:19,6208.0,294476
2021-06-15 09:42:20,6207.0,294526
2021-06-15 09:42:21,6209.7,294872
2021-06-15 09:42:22,6208.0,294910
2021-06-15 09:42:23,6207.5,294960
2021-06-15 09:42:24,6207.55,295315
2021-06-15 09:42:25,6207.45,295345
2021-06-15 09:42:26,6207.0,295568
2021-06-15 09:42:28,6207.0,295568
2021-06-15 09:42:29,6206.8,295818
2021-06-15 09:42:30,6207.1,295820
2021-06-15 09:42:32,6207.1,295973
2021-06-15 09:42:33,6206.0,296297
2021-06-15 09:42:34,6207.0,296337
2021-06-15 09:42:35,6207.0,296373
2021-06-15 09:42:36,6206.0,296683
2021-06-15 09:42:37,6206.0,296786
2021-06-15 09:42:38,6206.0,296789
2021-06-15 09:42:39,6206.95,296792
2021-06-15 09:42:40,6206.95,296831
2021-06-15 09:42:41,6207.0,296876
2021-06-15 09:42:42,6207.0,296894
2021-06-15 09:42:43,6207.0,296894
2021-06-15 09:42:44,6206.4,296959
2021-06-15 09:42:45,6206.95,296969
2021-06-15 09:42:46,6209.9,298972
2021-06-15 09:42:47,6206.95,300120
2021-06-15 09:42:48,6206.95,300571
2021-06-15 09:42:49,6206.95,300584
2021-06-15 09:42:50,6206.9,300604
2021-06-15 09:42:50,6206.9,300604
2021-06-15 09:42:52,6206.9,300612
2021-06-15 09:42:53,6206.95,300627
2021-06-15 09:42:55,6206.9,300840
2021-06-15 09:42:56,6206.9,300840
2021-06-15 09:42:57,6206.9,300862
2021-06-15 09:42:59,6206.95,300880
2021-06-15 09:43:00,6206.95,300885
2021-06-15 09:43:01,6206.9,300906
2021-06-15 09:43:02,6206.9,301114
2021-06-15 09:43:03,6206.95,301124
2021-06-15 09:43:04,6206.9,301228
2021-06-15 09:43:05,6206.9,301320
2021-06-15 09:43:06,6206.9,301320
2021-06-15 09:43:07,6206.9,301395
2021-06-15 09:43:07,6206.9,301395
2021-06-15 09:43:08,6206.95,301437
2021-06-15 09:43:12,6206.95,301492
2021-06-15 09:43:13,6206.95,301492
2021-06-15 09:43:14,6206.95,301492
2021-06-15 09:43:15,6206.95,301503
2021-06-15 09:43:16,6206.95,301503
2021-06-15 09:43:17,6206.9,301504
2021-06-15 09:43:18,6206.9,301504
2021-06-15 09:43:19,6206.95,301513
2021-06-15 09:43:20,6206.95,301514
2021-06-15 09:43:21,6206.95,301514
2021-06-15 09:43:22,6206.95,301514
2021-06-15 09:43:23,6206.9,301641
2021-06-15 09:43:24,6206.9,301641
2021-06-15 09:43:26,6206.95,301642
2021-06-15 09:43:27,6206.9,301710
2021-06-15 09:43:28,6206.9,301711
2021-06-15 09:43:29,6206.95,301739
2021-06-15 09:43:30,6207.0,301764
2021-06-15 09:43:31,6207.0,301818
2021-06-15 09:43:31,6207.0,301818
2021-06-15 09:43:32,6207.0,301819
2021-06-15 09:43:34,6207.0,301819
2021-06-15 09:43:35,6207.0,301819
2021-06-15 09:43:36,6206.95,301821
2021-06-15 09:43:37,6206.95,301821
2021-06-15 09:43:38,6206.95,301851
2021-06-15 09:43:39,6206.95,302106
2021-06-15 09:43:40,6206.95,302116
2021-06-15 09:43:41,6207.0,302203
2021-06-15 09:43:42,6207.0,302203
2021-06-15 09:43:43,6206.95,302213
2021-06-15 09:43:44,6206.95,302264
2021-06-15 09:43:45,6207.0,302315
2021-06-15 09:43:46,6207.0,302315
2021-06-15 09:43:47,6206.95,302352
2021-06-15 09:43:49,6207.0,302393
2021-06-15 09:43:50,6206.95,302394
2021-06-15 09:43:51,6206.95,302394
2021-06-15 09:43:52,6206.95,302484
2021-06-15 09:43:53,6207.0,302501
2021-06-15 09:43:54,6206.25,303981
2021-06-15 09:43:55,6206.25,303981
2021-06-15 09:43:56,6206.0,304010
2021-06-15 09:43:57,6206.0,304041
2021-06-15 09:43:58,6205.9,304266
2021-06-15 09:43:59,6206.0,304298
2021-06-15 09:44:00,6204.3,304348
2021-06-15 09:44:04,6203.95,304356
2021-06-15 09:44:05,6203.95,304356
2021-06-15 09:44:06,6205.0,304362
2021-06-15 09:44:07,6205.0,304385
2021-06-15 09:44:08,6203.3,304505
2021-06-15 09:44:09,6205.2,304507
2021-06-15 09:44:10,6204.0,304767
2021-06-15 09:44:11,6205.5,304776
2021-06-15 09:44:12,6205.5,304776
2021-06-15 09:44:13,6205.9,304798
2021-06-15 09:44:14,6205.9,304798
2021-06-15 09:44:15,6204.05,304818
2021-06-15 09:44:16,6205.0,304833
2021-06-15 09:44:17,6205.5,304848
2021-06-15 09:44:17,6205.5,304848
2021-06-15 09:44:18,6205.0,304861
2021-06-15 09:44:19,6205.0,304861
2021-06-15 09:44:20,6204.5,304863
2021-06-15 09:44:21,6204.4,304913
2021-06-15 09:44:22,6205.0,304914
2021-06-15 09:44:23,6205.5,304970
2021-06-15 09:44:25,6205.0,305024
2021-06-15 09:44:26,6206.05,305202
2021-06-15 09:44:27,6205.0,305278
2021-06-15 09:44:28,6204.95,305287
2021-06-15 09:44:29,6204.4,305289
2021-06-15 09:44:30,6204.95,305319
2021-06-15 09:44:31,6204.95,305319
2021-06-15 09:44:32,6204.95,305376
2021-06-15 09:44:33,6204.95,305376
2021-06-15 09:44:34,6205.5,305689
2021-06-15 09:44:35,6205.5,305694
2021-06-15 09:44:37,6205.5,305699
2021-06-15 09:44:38,6205.5,305699
2021-06-15 09:44:39,6205.0,305712
2021-06-15 09:44:40,6205.0,305712
2021-06-15 09:44:41,6205.5,305782
2021-06-15 09:44:42,6205.0,305802
2021-06-15 09:44:43,6205.0,305802
2021-06-15 09:44:44,6206.0,305858
2021-06-15 09:44:45,6206.65,305938
2021-06-15 09:44:46,6206.65,305938
2021-06-15 09:44:47,6206.65,305938
2021-06-15 09:44:48,6206.65,305938
2021-06-15 09:44:48,6206.65,305938
2021-06-15 09:44:49,6205.25,305951
2021-06-15 09:44:50,6206.9,306129
2021-06-15 09:44:51,6205.85,306147
2021-06-15 09:44:52,6206.7,306166
2021-06-15 09:44:53,6206.7,306174
2021-06-15 09:44:55,6206.7,306174
2021-06-15 09:44:56,6206.7,306174
2021-06-15 09:44:57,6206.7,306174
2021-06-15 09:44:58,6206.7,306174
2021-06-15 09:44:59,6206.7,306217
2021-06-15 09:45:00,6206.25,306260
2021-06-15 09:45:01,6207.0,306308
2021-06-15 09:45:02,6207.0,306329
2021-06-15 09:45:03,6206.9,306369
2021-06-15 09:45:04,6207.0,306509
2021-06-15 09:45:05,6207.0,306509
2021-06-15 09:45:06,6206.7,306539
2021-06-15 09:45:06,6206.35,306538
2021-06-15 09:45:08,6209.6,308558
2021-06-15 09:45:09,6210.0,308969
2021-06-15 09:45:10,6209.65,308974
2021-06-15 09:45:11,6209.65,308974
2021-06-15 09:45:12,6209.65,308974
2021-06-15 09:45:13,6209.65,308976
2021-06-15 09:45:14,6209.65,308985
2021-06-15 09:45:15,6209.65,308985
2021-06-15 09:45:16,6209.65,309016
2021-06-15 09:45:17,6209.65,309026
2021-06-15 09:45:18,6209.25,309031
2021-06-15 09:45:19,6209.65,309041
2021-06-15 09:45:20,6209.65,309051
2021-06-15 09:45:21,6209.65,309160
2021-06-15 09:45:23,6209.65,309176
2021-06-15 09:45:24,6209.65,310255
2021-06-15 09:45:25,6208.75,310260
2021-06-15 09:45:26,6209.65,310382
2021-06-15 09:45:27,6208.75,310575
2021-06-15 09:45:28,6208.75,310646
2021-06-15 09:45:29,6208.9,310647
2021-06-15 09:45:30,6209.0,310686
2021-06-15 09:45:31,6209.05,310706
2021-06-15 09:45:32,6208.75,310760
2021-06-15 09:45:33,6208.75,310762
2021-06-15 09:45:34,6208.75,310790
2021-06-15 09:45:35,6209.0,310807
2021-06-15 09:45:36,6208.9,310850
2021-06-15 09:45:37,6208.9,310854
2021-06-15 09:45:38,6208.75,310924
2021-06-15 09:45:39,6208.9,310981
2021-06-15 09:45:40,6208.9,310997
2021-06-15 09:45:41,6208.9,311029
2021-06-15 09:45:42,6208.9,311031
2021-06-15 09:45:43,6208.9,311031
2021-06-15 09:45:44,6208.85,311053
2021-06-15 09:45:45,6208.85,311053
2021-06-15 09:45:46,6208.85,311088
2021-06-15 09:45:47,6208.85,311197
2021-06-15 09:45:48,6208.9,311250
2021-06-15 09:45:49,6208.9,311280
2021-06-15 09:45:50,6208.9,311280
2021-06-15 09:45:51,6208.9,311280
2021-06-15 09:45:52,6208.85,311285
2021-06-15 09:45:53,6208.75,311322
2021-06-15 09:45:54,6208.85,311410
2021-06-15 09:45:55,6208.75,311440
2021-06-15 09:45:56,6208.75,311440
2021-06-15 09:45:57,6208.65,311526
2021-06-15 09:45:58,6208.65,311526
2021-06-15 09:45:59,6210.0,314184
2021-06-15 09:46:01,6211.0,314519
2021-06-15 09:46:02,6211.45,314878
2021-06-15 09:46:04,6214.0,315221
2021-06-15 09:46:03,6212.0,314935
2021-06-15 09:46:05,6211.7,315310
2021-06-15 09:46:06,6211.95,315370
2021-06-15 09:46:07,6214.0,315501
2021-06-15 09:46:08,6214.0,315504
2021-06-15 09:46:09,6215.9,316983
2021-06-15 09:46:10,6213.65,316998
2021-06-15 09:46:11,6214.05,317359
2021-06-15 09:46:12,6215.6,317921
2021-06-15 09:46:13,6215.85,318309
2021-06-15 09:46:14,6214.45,318319
2021-06-15 09:46:15,6215.85,318416
2021-06-15 09:46:16,6215.85,318422
2021-06-15 09:46:17,6215.9,318555
2021-06-15 09:46:18,6215.4,318712
2021-06-15 09:46:19,6215.65,318731
2021-06-15 09:46:20,6215.9,318745
2021-06-15 09:46:21,6215.9,318790
2021-06-15 09:46:22,6216.0,318962
2021-06-15 09:46:23,6215.85,319299
2021-06-15 09:46:24,6215.75,320329
2021-06-15 09:46:25,6215.4,320369
2021-06-15 09:46:26,6215.4,320371
2021-06-15 09:46:27,6215.8,320432
2021-06-15 09:46:28,6215.9,320567
2021-06-15 09:46:29,6215.4,320650
2021-06-15 09:46:30,6214.0,320723
2021-06-15 09:46:31,6214.0,320848
2021-06-15 09:46:32,6214.3,320851
2021-06-15 09:46:33,6214.45,320868
2021-06-15 09:46:35,6212.45,320962
2021-06-15 09:46:36,6212.45,321029
2021-06-15 09:46:38,6214.0,321041
2021-06-15 09:46:37,6214.0,321041
2021-06-15 09:46:39,6212.65,321185
2021-06-15 09:46:40,6214.8,321201
2021-06-15 09:46:41,6212.0,321499
2021-06-15 09:46:42,6212.0,321512
2021-06-15 09:46:43,6212.45,321528
2021-06-15 09:46:44,6212.65,321539
2021-06-15 09:46:45,6212.45,321548
2021-06-15 09:46:46,6212.05,321761
2021-06-15 09:46:47,6212.05,321761
2021-06-15 09:46:48,6212.05,321761
2021-06-15 09:46:49,6214.0,321817
2021-06-15 09:46:50,6212.4,322017
2021-06-15 09:46:51,6213.9,322032
2021-06-15 09:46:52,6214.0,322071
2021-06-15 09:46:53,6214.0,322083
2021-06-15 09:46:54,6212.0,322193
2021-06-15 09:46:55,6212.05,322234
2021-06-15 09:46:56,6212.45,322282
2021-06-15 09:46:57,6213.6,322284
2021-06-15 09:46:58,6213.6,322284
2021-06-15 09:46:59,6213.0,322538
2021-06-15 09:47:00,6213.6,322570
2021-06-15 09:47:01,6213.6,322570
2021-06-15 09:47:02,6213.0,322606
2021-06-15 09:47:03,6213.0,322606
2021-06-15 09:47:04,6213.0,322637
2021-06-15 09:47:05,6213.0,322673
2021-06-15 09:47:06,6213.0,322694
2021-06-15 09:47:07,6213.0,322767
2021-06-15 09:47:08,6214.0,322787
2021-06-15 09:47:09,6213.5,322902
2021-06-15 09:47:10,6213.5,322904
2021-06-15 09:47:11,6213.5,322904
2021-06-15 09:47:12,6213.0,323057
2021-06-15 09:47:13,6214.0,323097
2021-06-15 09:47:14,6213.0,323206
2021-06-15 09:47:15,6214.0,323240
2021-06-15 09:47:16,6214.0,323240
2021-06-15 09:47:17,6213.95,323254
2021-06-15 09:47:18,6213.5,323320
2021-06-15 09:47:19,6213.5,323358
2021-06-15 09:47:20,6214.0,323374
2021-06-15 09:47:22,6213.0,323409
2021-06-15 09:47:23,6214.0,323416
2021-06-15 09:47:24,6214.0,323426
2021-06-15 09:47:25,6212.4,323713
2021-06-15 09:47:27,6213.95,323789
2021-06-15 09:47:28,6212.4,323790
2021-06-15 09:47:29,6213.5,323791
2021-06-15 09:47:30,6213.5,323791
2021-06-15 09:47:32,6213.0,323816
2021-06-15 09:47:33,6213.0,323817
2021-06-15 09:47:34,6213.0,323855
2021-06-15 09:47:34,6213.0,323855
2021-06-15 09:47:35,6213.0,323876
2021-06-15 09:47:36,6213.0,323877
2021-06-15 09:47:37,6213.0,323885
2021-06-15 09:47:38,6213.0,323952
2021-06-15 09:47:39,6213.05,323979
2021-06-15 09:47:41,6213.5,324017
2021-06-15 09:47:42,6213.5,324061
2021-06-15 09:47:43,6213.05,324207
2021-06-15 09:47:44,6213.05,324280
2021-06-15 09:47:45,6213.05,324321
2021-06-15 09:47:46,6213.5,324341
2021-06-15 09:47:49,6213.3,324377
2021-06-15 09:47:50,6213.05,324631
2021-06-15 09:47:51,6213.5,324835
2021-06-15 09:47:52,6213.3,324936
2021-06-15 09:47:53,6213.3,324936
2021-06-15 09:47:54,6213.3,325006
2021-06-15 09:47:55,6213.05,325067
2021-06-15 09:47:56,6213.05,325067
2021-06-15 09:47:57,6213.3,325082
2021-06-15 09:47:58,6213.3,325107
2021-06-15 09:47:59,6213.05,325111
2021-06-15 09:48:00,6213.3,325116
2021-06-15 09:48:01,6213.3,325172
2021-06-15 09:48:02,6213.3,325174
2021-06-15 09:48:06,6213.25,325424
2021-06-15 09:48:07,6213.3,325437
2021-06-15 09:48:08,6213.3,325442
2021-06-15 09:48:09,6213.3,325442
2021-06-15 09:48:10,6213.3,325452
2021-06-15 09:48:11,6213.3,325452
2021-06-15 09:48:12,6213.05,325535
2021-06-15 09:48:13,6213.25,325536
2021-06-15 09:48:14,6213.25,325607
2021-06-15 09:48:15,6213.3,325609
2021-06-15 09:48:16,6213.3,325664
2021-06-15 09:48:17,6213.25,325672
2021-06-15 09:48:18,6213.3,325673
2021-06-15 09:48:19,6213.3,325681
2021-06-15 09:48:20,6213.3,326257
2021-06-15 09:48:21,6213.3,326614
2021-06-15 09:48:22,6213.3,326622
2021-06-15 09:48:23,6213.3,326627
2021-06-15 09:48:24,6213.3,326627
2021-06-15 09:48:25,6214.0,326634
2021-06-15 09:48:26,6213.5,326652
2021-06-15 09:48:27,6213.5,326733
2021-06-15 09:48:28,6214.0,329448
2021-06-15 09:48:30,6214.0,329722
2021-06-15 09:48:30,6215.0,329753
2021-06-15 09:48:31,6216.15,330498
2021-06-15 09:48:32,6216.4,330655
2021-06-15 09:48:34,6218.0,330975
2021-06-15 09:48:33,6218.0,330975
2021-06-15 09:48:35,6219.9,331718
2021-06-15 09:48:36,6219.85,331959
2021-06-15 09:48:37,6219.5,331978
2021-06-15 09:48:38,6219.5,332248
2021-06-15 09:48:39,6219.4,332728
2021-06-15 09:48:40,6219.95,333470
2021-06-15 09:48:41,6219.95,333579
2021-06-15 09:48:42,6219.85,335636
2021-06-15 09:48:43,6219.4,335687
2021-06-15 09:48:44,6220.0,337188
2021-06-15 09:48:45,6219.7,337213
2021-06-15 09:48:46,6216.95,338382
2021-06-15 09:48:47,6217.35,338491
2021-06-15 09:48:48,6214.8,338498
2021-06-15 09:48:49,6216.5,338561
2021-06-15 09:48:50,6216.5,338584
2021-06-15 09:48:51,6216.5,338599
2021-06-15 09:48:52,6216.5,338642
2021-06-15 09:48:53,6216.45,338765
2021-06-15 09:48:54,6216.45,339041
2021-06-15 09:48:55,6216.45,339042
2021-06-15 09:48:56,6216.45,339117
2021-06-15 09:48:57,6216.45,339187
2021-06-15 09:48:58,6216.45,339223
2021-06-15 09:48:59,6216.45,339241
2021-06-15 09:49:01,6216.1,339259
2021-06-15 09:49:02,6216.1,339289
2021-06-15 09:49:03,6216.0,339305
2021-06-15 09:49:04,6216.0,339307
2021-06-15 09:49:05,6218.0,339407
2021-06-15 09:49:06,6216.0,339421
2021-06-15 09:49:07,6216.05,339440
2021-06-15 09:49:08,6216.05,339454
2021-06-15 09:49:09,6216.05,339454
2021-06-15 09:49:10,6216.05,339512
2021-06-15 09:49:11,6216.1,339518
2021-06-15 09:49:12,6216.45,339570
2021-06-15 09:49:13,6216.4,339572
2021-06-15 09:49:14,6216.85,339574
2021-06-15 09:49:15,6217.0,339606
2021-06-15 09:49:16,6218.5,339812
2021-06-15 09:49:17,6217.25,340002
2021-06-15 09:49:18,6217.4,340039
2021-06-15 09:49:19,6217.25,340289
2021-06-15 09:49:21,6217.15,340424
2021-06-15 09:49:22,6217.0,340428
2021-06-15 09:49:23,6217.0,340786
2021-06-15 09:49:25,6217.0,340886
2021-06-15 09:49:26,6217.0,340991
2021-06-15 09:49:28,6217.0,340991
2021-06-15 09:49:28,6217.0,340991
2021-06-15 09:49:29,6217.0,341247
2021-06-15 09:49:30,6217.0,341250
2021-06-15 09:49:31,6216.75,341934
2021-06-15 09:49:32,6217.0,342065
2021-06-15 09:49:33,6216.75,342112
2021-06-15 09:49:34,6216.95,342117
2021-06-15 09:49:35,6217.0,342139
2021-06-15 09:49:36,6217.0,342270
2021-06-15 09:49:37,6217.0,342278
2021-06-15 09:49:38,6217.0,342278
2021-06-15 09:49:40,6217.0,342399
2021-06-15 09:49:41,6217.0,342421
2021-06-15 09:49:43,6218.0,342654
2021-06-15 09:49:44,6217.5,342676
2021-06-15 09:49:45,6215.0,343506
2021-06-15 09:49:46,6216.4,343525
2021-06-15 09:49:49,6215.95,344119
2021-06-15 09:49:50,6213.6,344158
2021-06-15 09:49:52,6214.7,344204
2021-06-15 09:49:53,6214.9,344212
2021-06-15 09:49:53,6214.9,344212
2021-06-15 09:49:54,6216.0,344227
2021-06-15 09:49:55,6216.9,344441
2021-06-15 09:49:56,6217.9,344453
2021-06-15 09:49:57,6216.9,344459
2021-06-15 09:49:59,6217.85,344465
2021-06-15 09:50:00,6217.85,344815
2021-06-15 09:50:01,6216.0,344977
2021-06-15 09:50:02,6216.0,345093
2021-06-15 09:50:03,6216.0,345243
2021-06-15 09:50:04,6215.95,345264
2021-06-15 09:50:05,6217.2,345313
2021-06-15 09:50:06,6217.5,345323
2021-06-15 09:50:06,6217.5,345323
2021-06-15 09:50:07,6216.9,345329
2021-06-15 09:50:08,6215.45,345429
2021-06-15 09:50:09,6215.45,345472
2021-06-15 09:50:10,6215.5,345589
2021-06-15 09:50:11,6215.5,345700
2021-06-15 09:50:12,6215.35,345823
2021-06-15 09:50:13,6215.5,345851
2021-06-15 09:50:14,6215.95,345879
2021-06-15 09:50:15,6215.55,345888
2021-06-15 09:50:16,6215.95,345911
2021-06-15 09:50:17,6215.55,346030
2021-06-15 09:50:18,6215.55,346076
2021-06-15 09:50:19,6215.55,346136
2021-06-15 09:50:20,6215.95,346250
2021-06-15 09:50:21,6215.95,346261
2021-06-15 09:50:22,6215.95,346261
2021-06-15 09:50:23,6215.95,346263
2021-06-15 09:50:24,6215.95,346264
2021-06-15 09:50:25,6215.9,346278
2021-06-15 09:50:26,6215.9,346329
2021-06-15 09:50:27,6215.75,346333
2021-06-15 09:50:28,6215.75,346353
2021-06-15 09:50:29,6215.75,346410
2021-06-15 09:50:30,6215.95,346413
2021-06-15 09:50:31,6215.85,346453
2021-06-15 09:50:32,6215.85,346470
2021-06-15 09:50:34,6215.85,346521
2021-06-15 09:50:35,6215.85,346550
2021-06-15 09:50:36,6215.85,346620
2021-06-15 09:50:36,6215.95,346681
2021-06-15 09:50:37,6215.85,346684
2021-06-15 09:50:38,6215.95,346755
2021-06-15 09:50:39,6215.85,346975
2021-06-15 09:50:40,6215.85,347107
2021-06-15 09:50:41,6215.75,347142
2021-06-15 09:50:42,6215.75,347166
2021-06-15 09:50:43,6215.75,347167
2021-06-15 09:50:44,6215.75,347177
2021-06-15 09:50:45,6215.55,347281
2021-06-15 09:50:47,6215.0,347292
2021-06-15 09:50:48,6214.0,347538
2021-06-15 09:50:49,6215.05,347581
2021-06-15 09:50:50,6214.8,347716
2021-06-15 09:50:51,6214.95,347717
2021-06-15 09:50:52,6214.95,347728
2021-06-15 09:50:53,6214.95,348033
2021-06-15 09:50:54,6214.95,348038
2021-06-15 09:50:55,6214.95,348140
2021-06-15 09:50:56,6213.5,348181
2021-06-15 09:50:57,6213.5,348185
2021-06-15 09:50:58,6213.5,348185
2021-06-15 09:50:59,6214.5,348195
2021-06-15 09:51:00,6213.5,348254
2021-06-15 09:51:01,6214.45,348338
2021-06-15 09:51:02,6214.0,348343
2021-06-15 09:51:03,6214.0,348369
2021-06-15 09:51:04,6213.3,348382
2021-06-15 09:51:06,6214.0,348383
2021-06-15 09:51:07,6213.5,348554
2021-06-15 09:51:07,6213.5,348577
2021-06-15 09:51:10,6213.5,348866
2021-06-15 09:51:11,6212.0,350882
2021-06-15 09:51:12,6211.0,351194
2021-06-15 09:51:13,6210.1,351204
2021-06-15 09:51:13,6211.0,351205
2021-06-15 09:51:14,6209.95,351595
2021-06-15 09:51:15,6209.5,351608
2021-06-15 09:51:16,6209.1,351625
2021-06-15 09:51:17,6206.35,352294
2021-06-15 09:51:18,6206.75,352346
2021-06-15 09:51:19,6206.75,352383
2021-06-15 09:51:21,6207.1,352510
2021-06-15 09:51:22,6209.05,352516
2021-06-15 09:51:23,6209.05,352531
2021-06-15 09:51:25,6207.25,352559
2021-06-15 09:51:26,6207.3,352608
2021-06-15 09:51:27,6207.25,352618
2021-06-15 09:51:28,6207.15,352727
2021-06-15 09:51:29,6208.7,352834
2021-06-15 09:51:31,6207.15,353154
2021-06-15 09:51:33,6207.15,353210
2021-06-15 09:51:33,6207.15,353210
2021-06-15 09:51:35,6208.35,353312
2021-06-15 09:51:36,6207.0,353428
2021-06-15 09:51:37,6207.15,353431
2021-06-15 09:51:38,6208.35,353530
2021-06-15 09:51:39,6206.85,353565
2021-06-15 09:51:40,6207.0,353615
2021-06-15 09:51:41,6208.35,353691
2021-06-15 09:51:41,6207.6,353701
2021-06-15 09:51:42,6207.0,353720
2021-06-15 09:51:43,6207.0,353720
2021-06-15 09:51:44,6207.0,353729
2021-06-15 09:51:45,6207.0,353788
2021-06-15 09:51:46,6208.0,353801
2021-06-15 09:51:47,6208.0,353803
2021-06-15 09:51:50,6206.3,354023
2021-06-15 09:51:51,6206.8,354080
2021-06-15 09:51:51,6206.8,354081
2021-06-15 09:51:53,6206.8,354082
2021-06-15 09:51:54,6207.0,355243
2021-06-15 09:51:55,6208.35,355245
2021-06-15 09:51:56,6206.6,355333
2021-06-15 09:51:57,6206.8,355337
2021-06-15 09:51:57,6206.8,355337
2021-06-15 09:51:58,6207.0,355387
2021-06-15 09:52:00,6206.95,355402
2021-06-15 09:52:01,6206.95,355402
2021-06-15 09:52:02,6207.9,355413
2021-06-15 09:52:03,6207.9,355611
2021-06-15 09:52:04,6207.9,355987
2021-06-15 09:52:04,6207.9,356002
2021-06-15 09:52:05,6207.9,356010
2021-06-15 09:52:06,6207.75,356018
2021-06-15 09:52:07,6207.75,356018
2021-06-15 09:52:08,6207.9,356020
2021-06-15 09:52:09,6207.9,356416
2021-06-15 09:52:10,6208.4,357295
2021-06-15 09:52:11,6209.0,357458
2021-06-15 09:52:12,6208.55,357612
2021-06-15 09:52:14,6208.8,357622
2021-06-15 09:52:14,6208.8,357622
2021-06-15 09:52:16,6208.8,357783
2021-06-15 09:52:17,6209.0,357807
2021-06-15 09:52:18,6209.0,357825
2021-06-15 09:52:18,6209.0,357825
2021-06-15 09:52:20,6209.8,357894
2021-06-15 09:52:21,6209.8,357894
2021-06-15 09:52:22,6209.95,357904
2021-06-15 09:52:22,6209.95,357895
2021-06-15 09:52:23,6210.0,358442
2021-06-15 09:52:24,6210.0,358664
2021-06-15 09:52:25,6210.0,358751
2021-06-15 09:52:26,6210.0,358751
2021-06-15 09:52:27,6210.0,359025
2021-06-15 09:52:28,6211.0,359026
2021-06-15 09:52:30,6210.5,359106
2021-06-15 09:52:31,6210.5,359106
2021-06-15 09:52:32,6211.0,359107
2021-06-15 09:52:33,6211.0,359109
2021-06-15 09:52:35,6212.0,359144
2021-06-15 09:52:35,6212.0,359144
2021-06-15 09:52:36,6213.2,359552
2021-06-15 09:52:37,6213.6,359674
2021-06-15 09:52:38,6213.6,359674
2021-06-15 09:52:39,6212.55,359695
2021-06-15 09:52:40,6213.05,359731
2021-06-15 09:52:42,6213.5,359753
2021-06-15 09:52:43,6214.0,360015
2021-06-15 09:52:44,6214.0,360015
2021-06-15 09:52:45,6213.25,360389
2021-06-15 09:52:46,6213.6,360392
2021-06-15 09:52:47,6214.0,360394
2021-06-15 09:52:48,6214.0,360394
2021-06-15 09:52:49,6213.8,360650
2021-06-15 09:52:50,6214.0,360652
2021-06-15 09:52:51,6213.8,360728
2021-06-15 09:52:52,6213.8,360728
2021-06-15 09:52:53,6213.8,360728
2021-06-15 09:52:54,6213.8,360728
2021-06-15 09:52:55,6214.0,360850
2021-06-15 09:52:57,6212.55,361213
2021-06-15 09:52:58,6211.05,361766
2021-06-15 09:52:58,6213.15,361814
2021-06-15 09:53:01,6212.35,361916
2021-06-15 09:53:02,6212.35,361916
2021-06-15 09:53:03,6213.0,361946
2021-06-15 09:53:04,6213.0,362032
2021-06-15 09:53:05,6213.0,362032
2021-06-15 09:53:06,6213.0,362032
2021-06-15 09:53:07,6213.0,362036
2021-06-15 09:53:08,6215.0,362570
2021-06-15 09:53:09,6212.9,363723
2021-06-15 09:53:10,6216.0,363882
2021-06-15 09:53:11,6216.0,363882
2021-06-15 09:53:12,6216.0,363988
2021-06-15 09:53:13,6216.0,363991
2021-06-15 09:53:13,6216.0,363992
2021-06-15 09:53:14,6216.0,364024
2021-06-15 09:53:15,6215.8,364122
2021-06-15 09:53:16,6216.0,364127
2021-06-15 09:53:19,6216.0,364260
2021-06-15 09:53:20,6215.95,364261
2021-06-15 09:53:20,6215.95,364261
2021-06-15 09:53:22,6215.0,365163
2021-06-15 09:53:23,6215.0,365180
2021-06-15 09:53:23,6215.0,365180
2021-06-15 09:53:24,6215.0,365180
2021-06-15 09:53:25,6215.0,365181
2021-06-15 09:53:26,6213.15,365185
2021-06-15 09:53:27,6213.15,365185
2021-06-15 09:53:28,6213.15,365194
2021-06-15 09:53:29,6213.15,365319
2021-06-15 09:53:30,6214.65,365324
2021-06-15 09:53:31,6214.3,365441
2021-06-15 09:53:32,6214.75,365491
2021-06-15 09:53:33,6214.75,365491
2021-06-15 09:53:34,6213.2,365521
2021-06-15 09:53:35,6214.25,365522
2021-06-15 09:53:37,6213.65,365525
2021-06-15 09:53:38,6213.95,365535
2021-06-15 09:53:39,6214.25,365547
2021-06-15 09:53:40,6214.25,365550
2021-06-15 09:53:41,6214.2,365551
2021-06-15 09:53:42,6214.2,365556
2021-06-15 09:53:42,6214.2,365556
2021-06-15 09:53:43,6214.2,365559
2021-06-15 09:53:44,6214.2,365745
2021-06-15 09:53:45,6214.2,365755
2021-06-15 09:53:47,6214.1,367276
2021-06-15 09:53:48,6216.95,367390
2021-06-15 09:53:49,6215.3,367418
2021-06-15 09:53:50,6215.05,367429
2021-06-15 09:53:52,6215.65,367449
2021-06-15 09:53:53,6215.0,367852
2021-06-15 09:53:54,6216.0,367977
2021-06-15 09:53:55,6214.75,367980
2021-06-15 09:53:56,6214.8,367983
2021-06-15 09:53:57,6215.0,368037
2021-06-15 09:53:58,6214.75,368109
2021-06-15 09:53:59,6215.0,368144
2021-06-15 09:54:00,6215.0,368707
2021-06-15 09:54:01,6215.0,368737
2021-06-15 09:54:02,6215.0,368737
2021-06-15 09:54:03,6215.0,369847
2021-06-15 09:54:04,6215.0,369847
2021-06-15 09:54:05,6215.0,369853
2021-06-15 09:54:06,6215.05,369953
2021-06-15 09:54:06,6214.0,369961
2021-06-15 09:54:08,6214.0,370037
2021-06-15 09:54:10,6214.9,370222
2021-06-15 09:54:11,6215.0,370227
2021-06-15 09:54:12,6215.0,370228
2021-06-15 09:54:13,6214.85,370283
2021-06-15 09:54:14,6214.9,370284
2021-06-15 09:54:15,6215.05,370299
2021-06-15 09:54:16,6215.65,370301
2021-06-15 09:54:17,6214.9,370347
2021-06-15 09:54:18,6214.9,370418
2021-06-15 09:54:18,6214.9,370418
2021-06-15 09:54:19,6214.95,370469
2021-06-15 09:54:21,6215.0,370550
2021-06-15 09:54:22,6214.95,370555
2021-06-15 09:54:22,6215.0,370667
2021-06-15 09:54:23,6215.0,370811
2021-06-15 09:54:24,6215.0,370827
2021-06-15 09:54:25,6214.9,370893
2021-06-15 09:54:27,6214.85,370908
2021-06-15 09:54:28,6214.9,370941
2021-06-15 09:54:29,6214.85,371066
2021-06-15 09:54:30,6214.0,371245
2021-06-15 09:54:31,6213.95,371258
2021-06-15 09:54:32,6211.45,371274
2021-06-15 09:54:34,6210.6,371364
2021-06-15 09:54:36,6211.45,371469
2021-06-15 09:54:37,6211.45,371476
2021-06-15 09:54:37,6211.45,371476
2021-06-15 09:54:38,6210.0,371489
2021-06-15 09:54:39,6210.0,371514
2021-06-15 09:54:41,6212.4,371534
2021-06-15 09:54:42,6212.35,371544
2021-06-15 09:54:43,6212.35,371544
2021-06-15 09:54:44,6211.0,371545
2021-06-15 09:54:45,6210.75,371551
2021-06-15 09:54:46,6211.0,371563
2021-06-15 09:54:50,6211.0,371720
2021-06-15 09:54:51,6211.0,371720
2021-06-15 09:54:52,6213.2,371747
2021-06-15 09:54:52,6213.2,371747
2021-06-15 09:54:54,6212.95,371789
2021-06-15 09:54:54,6212.95,371789
2021-06-15 09:54:56,6213.95,372621
2021-06-15 09:54:56,6213.95,372621
2021-06-15 09:54:57,6215.0,373021
2021-06-15 09:54:58,6214.0,373189
2021-06-15 09:55:00,6213.95,373243
2021-06-15 09:55:01,6213.95,373263
2021-06-15 09:55:02,6214.4,373453
2021-06-15 09:55:03,6214.4,373463
2021-06-15 09:55:04,6214.7,373469
2021-06-15 09:55:05,6215.0,373479
2021-06-15 09:55:06,6215.0,373504
2021-06-15 09:55:07,6214.9,373618
2021-06-15 09:55:08,6215.0,373623
2021-06-15 09:55:09,6214.95,373635
2021-06-15 09:55:10,6215.0,373748
2021-06-15 09:55:11,6215.0,373753
2021-06-15 09:55:12,6215.0,373753
2021-06-15 09:55:13,6215.0,373753
2021-06-15 09:55:15,6214.95,374070
2021-06-15 09:55:16,6215.0,374075
2021-06-15 09:55:17,6214.7,374133
2021-06-15 09:55:18,6214.7,374190
2021-06-15 09:55:19,6214.9,374191
2021-06-15 09:55:20,6214.95,374192
2021-06-15 09:55:21,6214.85,374201
2021-06-15 09:55:22,6214.85,374336
2021-06-15 09:55:23,6215.0,375038
2021-06-15 09:55:24,6215.0,375038
2021-06-15 09:55:25,6215.6,375261
2021-06-15 09:55:26,6214.95,375271
2021-06-15 09:55:27,6214.95,375275
2021-06-15 09:55:28,6214.95,375358
2021-06-15 09:55:29,6215.0,375359
2021-06-15 09:55:30,6215.0,375367
2021-06-15 09:55:31,6215.0,375367
2021-06-15 09:55:32,6214.95,375397
2021-06-15 09:55:34,6214.85,375455
2021-06-15 09:55:35,6215.0,375590
2021-06-15 09:55:36,6215.0,375786
2021-06-15 09:55:36,6214.85,375789
2021-06-15 09:55:37,6217.3,377449
2021-06-15 09:55:38,6217.3,377454
2021-06-15 09:55:40,6217.85,377628
2021-06-15 09:55:41,6218.3,377741
2021-06-15 09:55:43,6219.95,378178
2021-06-15 09:55:44,6223.0,381115
2021-06-15 09:55:45,6222.65,383137
2021-06-15 09:55:47,6223.0,383213
2021-06-15 09:55:48,6224.35,383390
2021-06-15 09:55:49,6224.9,383791
2021-06-15 09:55:50,6225.0,383861
2021-06-15 09:55:51,6223.0,384247
2021-06-15 09:55:52,6224.6,384344
2021-06-15 09:55:53,6224.35,384354
2021-06-15 09:55:54,6224.4,384357
2021-06-15 09:55:55,6219.55,386281
2021-06-15 09:55:56,6219.6,386439
2021-06-15 09:55:57,6221.95,386440
2021-06-15 09:55:58,6220.1,386628
2021-06-15 09:55:59,6220.6,386655
2021-06-15 09:56:00,6221.75,387748
2021-06-15 09:56:01,6222.0,388900
2021-06-15 09:56:02,6220.55,389064
2021-06-15 09:56:04,6219.55,389459
2021-06-15 09:56:05,6218.95,389509
2021-06-15 09:56:06,6219.55,389620
2021-06-15 09:56:10,6219.6,389692
2021-06-15 09:56:11,6221.2,389724
2021-06-15 09:56:12,6221.0,389729
2021-06-15 09:56:13,6221.0,389729
2021-06-15 09:56:14,6220.8,389747
2021-06-15 09:56:15,6219.55,389855
2021-06-15 09:56:16,6218.95,390133
2021-06-15 09:56:17,6218.8,390305
2021-06-15 09:56:19,6218.95,390357
2021-06-15 09:56:20,6218.95,390366
2021-06-15 09:56:21,6218.45,390368
2021-06-15 09:56:22,6219.0,390378
2021-06-15 09:56:23,6218.45,390385
2021-06-15 09:56:24,6218.45,390385
2021-06-15 09:56:25,6218.45,390411
2021-06-15 09:56:26,6218.8,390442
2021-06-15 09:56:27,6218.8,390467
2021-06-15 09:56:28,6218.8,390478
2021-06-15 09:56:29,6219.0,390484
2021-06-15 09:56:30,6219.6,390512
2021-06-15 09:56:31,6219.0,390650
2021-06-15 09:56:32,6218.9,390675
2021-06-15 09:56:33,6219.0,390756
2021-06-15 09:56:34,6219.05,390953
2021-06-15 09:56:35,6219.0,390959
2021-06-15 09:56:36,6219.0,390994
2021-06-15 09:56:37,6219.0,391051
2021-06-15 09:56:39,6219.0,391066
2021-06-15 09:56:40,6218.95,391184
2021-06-15 09:56:41,6218.95,391184
2021-06-15 09:56:42,6219.0,391240
2021-06-15 09:56:43,6219.0,391241
2021-06-15 09:56:44,6219.0,391351
2021-06-15 09:56:45,6219.0,391912
2021-06-15 09:56:46,6219.05,391992
2021-06-15 09:56:48,6219.0,392071
2021-06-15 09:56:49,6219.6,392188
2021-06-15 09:56:50,6219.45,392316
2021-06-15 09:56:51,6219.45,392372
2021-06-15 09:56:52,6219.45,392426
2021-06-15 09:56:53,6219.95,394039
2021-06-15 09:56:54,6220.0,394042
2021-06-15 09:56:55,6220.7,394127
2021-06-15 09:56:56,6224.0,394516
2021-06-15 09:56:57,6222.3,394520
2021-06-15 09:56:58,6224.0,394537
2021-06-15 09:56:59,6224.9,394823
2021-06-15 09:57:00,6223.55,394986
2021-06-15 09:57:01,6225.0,395162
2021-06-15 09:57:02,6229.4,404752
2021-06-15 09:57:03,6234.55,409153
2021-06-15 09:57:04,6235.45,412736
2021-06-15 09:57:05,6234.7,412857
2021-06-15 09:57:06,6232.3,413044
2021-06-15 09:57:07,6234.4,413498
2021-06-15 09:57:08,6234.35,413561
2021-06-15 09:57:09,6234.35,413707
2021-06-15 09:57:10,6234.3,413872
2021-06-15 09:57:11,6231.2,414203
2021-06-15 09:57:12,6231.6,414675
2021-06-15 09:57:13,6231.55,414877
2021-06-15 09:57:14,6232.3,415014
2021-06-15 09:57:15,6232.3,415014
2021-06-15 09:57:16,6232.65,415071
2021-06-15 09:57:17,6231.2,415148
2021-06-15 09:57:18,6231.2,415209
2021-06-15 09:57:19,6231.0,415219
2021-06-15 09:57:20,6231.85,417133
2021-06-15 09:57:22,6236.0,417883
2021-06-15 09:57:23,6235.0,417924
2021-06-15 09:57:24,6235.7,419687
2021-06-15 09:57:25,6237.9,419777
2021-06-15 09:57:26,6235.7,420173
2021-06-15 09:57:27,6237.15,420374
2021-06-15 09:57:28,6237.15,420622
2021-06-15 09:57:29,6237.15,420935
2021-06-15 09:57:30,6235.25,421215
2021-06-15 09:57:31,6234.3,421895
2021-06-15 09:57:32,6235.7,422039
2021-06-15 09:57:33,6235.7,422158
2021-06-15 09:57:34,6235.0,422398
2021-06-15 09:57:35,6235.65,422631
2021-06-15 09:57:36,6235.0,422756
2021-06-15 09:57:37,6235.1,423901
2021-06-15 09:57:38,6236.5,425294
2021-06-15 09:57:39,6236.35,425296
2021-06-15 09:57:40,6238.0,425682
2021-06-15 09:57:41,6238.0,425857
2021-06-15 09:57:42,6238.0,425941
2021-06-15 09:57:43,6236.4,426187
2021-06-15 09:57:44,6238.0,426362
2021-06-15 09:57:45,6237.9,426652
2021-06-15 09:57:46,6236.8,426677
2021-06-15 09:57:47,6236.4,427050
2021-06-15 09:57:48,6236.8,427234
2021-06-15 09:57:49,6236.8,427444
2021-06-15 09:57:50,6238.0,427471
2021-06-15 09:57:51,6238.0,428149
2021-06-15 09:57:52,6238.9,428333
2021-06-15 09:57:54,6238.5,428728
2021-06-15 09:57:55,6236.0,428948
2021-06-15 09:57:57,6237.4,429570
2021-06-15 09:57:58,6236.0,429784
2021-06-15 09:57:59,6237.9,429901
2021-06-15 09:58:01,6236.8,430059
2021-06-15 09:58:01,6236.8,430059
2021-06-15 09:58:02,6236.8,430358
2021-06-15 09:58:03,6235.9,430648
2021-06-15 09:58:04,6235.0,431041
2021-06-15 09:58:05,6235.4,432403
2021-06-15 09:58:06,6234.0,432900
2021-06-15 09:58:07,6234.0,433103
2021-06-15 09:58:08,6232.85,433156
2021-06-15 09:58:10,6232.15,433221
2021-06-15 09:58:10,6233.7,433329
2021-06-15 09:58:11,6233.7,433480
2021-06-15 09:58:12,6233.7,433911
2021-06-15 09:58:13,6231.2,433977
2021-06-15 09:58:14,6229.75,435957
2021-06-15 09:58:15,6228.0,436514
2021-06-15 09:58:16,6228.0,436643
2021-06-15 09:58:18,6230.0,436873
2021-06-15 09:58:18,6230.0,436873
2021-06-15 09:58:19,6229.7,436888
2021-06-15 09:58:20,6231.9,438419
2021-06-15 09:58:21,6230.0,438482
2021-06-15 09:58:23,6231.95,438709
2021-06-15 09:58:23,6231.95,438709
2021-06-15 09:58:24,6229.45,438962
2021-06-15 09:58:25,6229.95,439148
2021-06-15 09:58:26,6232.4,439390
2021-06-15 09:58:27,6230.4,439486
2021-06-15 09:58:28,6230.4,439621
2021-06-15 09:58:30,6232.0,440488
2021-06-15 09:58:30,6232.0,440488
2021-06-15 09:58:31,6233.0,440860
2021-06-15 09:58:32,6231.8,442209
2021-06-15 09:58:33,6231.9,442217
2021-06-15 09:58:34,6232.0,442630
2021-06-15 09:58:36,6232.0,442630
2021-06-15 09:58:37,6231.8,442738
2021-06-15 09:58:37,6232.0,442739
2021-06-15 09:58:38,6232.0,442795
2021-06-15 09:58:39,6232.0,443095
2021-06-15 09:58:40,6232.0,443102
2021-06-15 09:58:42,6230.65,443238
2021-06-15 09:58:42,6230.65,443238
2021-06-15 09:58:43,6230.65,443474
2021-06-15 09:58:46,6233.0,443802
2021-06-15 09:58:47,6233.0,443837
2021-06-15 09:58:48,6233.0,443854
2021-06-15 09:58:49,6232.15,443946
2021-06-15 09:58:51,6233.0,443999
2021-06-15 09:58:51,6233.0,443999
2021-06-15 09:58:55,6230.45,444371
2021-06-15 09:58:56,6230.4,444394
2021-06-15 09:58:57,6232.4,444443
2021-06-15 09:58:58,6231.45,444630
2021-06-15 09:58:59,6230.4,444664
2021-06-15 09:59:00,6232.0,444717
2021-06-15 09:59:02,6233.0,444820
2021-06-15 09:59:02,6233.0,444820
2021-06-15 09:59:03,6233.0,444859
2021-06-15 09:59:04,6231.15,445096
2021-06-15 09:59:05,6233.0,445133
2021-06-15 09:59:06,6230.8,445171
2021-06-15 09:59:07,6232.4,445224
2021-06-15 09:59:08,6232.4,445297
2021-06-15 09:59:11,6232.4,445586
2021-06-15 09:59:11,6232.4,445601
2021-06-15 09:59:12,6232.4,445609
2021-06-15 09:59:13,6230.0,446021
2021-06-15 09:59:14,6230.0,446046
2021-06-15 09:59:15,6230.65,446124
2021-06-15 09:59:16,6228.05,446955
2021-06-15 09:59:17,6231.1,447014
2021-06-15 09:59:18,6229.45,447079
2021-06-15 09:59:20,6231.7,447181
2021-06-15 09:59:20,6231.7,447182
2021-06-15 09:59:21,6231.7,447389
2021-06-15 09:59:22,6231.7,447467
2021-06-15 09:59:23,6231.6,447563
2021-06-15 09:59:24,6231.1,447579
2021-06-15 09:59:25,6231.0,447591
2021-06-15 09:59:27,6230.1,447715
2021-06-15 09:59:27,6230.1,447715
2021-06-15 09:59:28,6230.1,447729
2021-06-15 09:59:29,6230.1,447766
2021-06-15 09:59:30,6230.05,447785
2021-06-15 09:59:31,6230.05,447785
2021-06-15 09:59:33,6230.1,447979
2021-06-15 09:59:33,6230.1,447979
2021-06-15 09:59:34,6230.05,448077
2021-06-15 09:59:35,6230.05,448086
2021-06-15 09:59:36,6230.1,448207
2021-06-15 09:59:37,6230.0,448289
2021-06-15 09:59:38,6230.0,448316
2021-06-15 09:59:39,6230.0,448327
2021-06-15 09:59:40,6230.05,448399
2021-06-15 09:59:42,6230.05,448485
2021-06-15 09:59:43,6230.05,448572
2021-06-15 09:59:44,6230.05,448651
2021-06-15 09:59:45,6230.1,448774
2021-06-15 09:59:46,6230.0,448879
2021-06-15 09:59:47,6230.1,449006
2021-06-15 09:59:48,6230.05,449078
2021-06-15 09:59:49,6230.1,449130
2021-06-15 09:59:51,6230.45,449152
2021-06-15 09:59:51,6230.45,449152
2021-06-15 09:59:52,6230.65,449160
2021-06-15 09:59:53,6230.65,449188
2021-06-15 09:59:54,6230.65,449213
2021-06-15 09:59:55,6230.65,449614
2021-06-15 09:59:57,6233.0,450133
2021-06-15 09:59:57,6231.05,450139
2021-06-15 09:59:58,6233.0,450559
2021-06-15 09:59:59,6233.0,450722
2021-06-15 10:00:00,6232.0,450970
2021-06-15 10:00:02,6233.0,451072
2021-06-15 10:00:02,6233.0,451122
2021-06-15 10:00:03,6233.0,451199
2021-06-15 10:00:04,6233.7,451342
2021-06-15 10:00:05,6234.05,451506
2021-06-15 10:00:06,6233.75,451725
2021-06-15 10:00:07,6235.0,452148
2021-06-15 10:00:08,6235.0,452717
2021-06-15 10:00:09,6235.0,452766
2021-06-15 10:00:11,6235.0,452832
2021-06-15 10:00:12,6235.0,453018
2021-06-15 10:00:12,6235.0,452967
2021-06-15 10:00:13,6234.95,453021
2021-06-15 10:00:14,6234.4,453092
2021-06-15 10:00:15,6234.95,453194
2021-06-15 10:00:17,6234.95,453317
2021-06-15 10:00:18,6234.95,453351
2021-06-15 10:00:18,6234.95,453351
2021-06-15 10:00:19,6234.95,453543
2021-06-15 10:00:20,6234.95,453562
2021-06-15 10:00:21,6234.95,453830
2021-06-15 10:00:22,6234.4,453842
2021-06-15 10:00:23,6234.95,453928
2021-06-15 10:00:25,6235.0,453993
2021-06-15 10:00:26,6234.0,454403
2021-06-15 10:00:27,6234.0,454575
2021-06-15 10:00:27,6234.0,454575
2021-06-15 10:00:28,6234.0,454584
2021-06-15 10:00:29,6235.0,454708
2021-06-15 10:00:30,6234.45,454744
2021-06-15 10:00:32,6234.4,454758
2021-06-15 10:00:33,6234.0,454979
2021-06-15 10:00:34,6235.0,455062
2021-06-15 10:00:35,6234.95,455108
2021-06-15 10:00:36,6234.95,455128
2021-06-15 10:00:38,6235.0,455165
2021-06-15 10:00:39,6235.0,455250
2021-06-15 10:00:40,6234.65,455568
2021-06-15 10:00:40,6234.0,455329
2021-06-15 10:00:41,6234.95,455570
2021-06-15 10:00:42,6234.65,455622
2021-06-15 10:00:43,6234.95,455701
2021-06-15 10:00:44,6234.0,455882
2021-06-15 10:00:45,6232.0,456664
2021-06-15 10:00:46,6231.05,456717
2021-06-15 10:00:48,6233.4,456720
2021-06-15 10:00:49,6231.25,456734
2021-06-15 10:00:50,6233.4,456848
2021-06-15 10:00:51,6233.4,456858
2021-06-15 10:00:52,6233.4,456883
2021-06-15 10:00:54,6233.4,456913
2021-06-15 10:00:55,6234.0,459127
2021-06-15 10:00:55,6234.0,459127
2021-06-15 10:00:56,6232.2,459297
2021-06-15 10:00:57,6231.0,459333
2021-06-15 10:00:59,6230.0,461111
2021-06-15 10:01:00,6229.85,461512
2021-06-15 10:01:00,6230.65,461509
2021-06-15 10:01:01,6228.05,461580
2021-06-15 10:01:02,6230.0,461632
2021-06-15 10:01:03,6230.0,461647
2021-06-15 10:01:04,6229.85,461698
2021-06-15 10:01:05,6229.95,461699
2021-06-15 10:01:06,6229.85,461752
2021-06-15 10:01:08,6230.0,461959
2021-06-15 10:01:09,6228.05,462166
2021-06-15 10:01:10,6229.0,462188
2021-06-15 10:01:11,6229.0,462205
2021-06-15 10:01:12,6229.85,462222
2021-06-15 10:01:13,6230.0,462512
2021-06-15 10:01:14,6229.2,462668
2021-06-15 10:01:17,6228.0,463044
2021-06-15 10:01:18,6228.0,463056
2021-06-15 10:01:19,6228.45,463064
2021-06-15 10:01:20,6229.0,463087
2021-06-15 10:01:20,6229.0,463087
2021-06-15 10:01:21,6229.0,463122
2021-06-15 10:01:22,6229.2,463258
2021-06-15 10:01:23,6229.2,463387
2021-06-15 10:01:26,6229.2,463504
2021-06-15 10:01:28,6229.1,463672
2021-06-15 10:01:28,6229.1,463672
2021-06-15 10:01:29,6229.1,463717
2021-06-15 10:01:30,6229.6,463787
2021-06-15 10:01:32,6230.0,463823
2021-06-15 10:01:33,6229.8,463834
2021-06-15 10:01:33,6229.8,463869
2021-06-15 10:01:34,6229.8,463869
2021-06-15 10:01:35,6229.8,464000
2021-06-15 10:01:36,6229.8,464007
2021-06-15 10:01:37,6228.0,464302
2021-06-15 10:01:39,6229.8,464317
2021-06-15 10:01:40,6229.8,464317
2021-06-15 10:01:40,6229.2,464329
2021-06-15 10:01:41,6229.2,464339
2021-06-15 10:01:42,6229.8,464444
2021-06-15 10:01:43,6228.0,465394
2021-06-15 10:01:45,6227.8,465548
2021-06-15 10:01:46,6227.8,465657
2021-06-15 10:01:46,6226.85,465669
2021-06-15 10:01:47,6229.4,465732
2021-06-15 10:01:48,6229.4,465757
2021-06-15 10:01:49,6226.0,466059
2021-06-15 10:01:50,6226.6,466069
2021-06-15 10:01:51,6226.6,466104
2021-06-15 10:01:53,6226.6,466156
2021-06-15 10:01:54,6226.6,466229
2021-06-15 10:01:54,6226.6,466229
2021-06-15 10:01:55,6226.0,466295
2021-06-15 10:01:56,6225.0,466886
2021-06-15 10:01:57,6225.0,466892
2021-06-15 10:01:58,6225.95,467621
2021-06-15 10:02:00,6225.0,467661
2021-06-15 10:02:01,6225.5,467687
2021-06-15 10:02:01,6225.5,467687
2021-06-15 10:02:02,6225.0,467704
2021-06-15 10:02:03,6225.9,467737
2021-06-15 10:02:04,6225.9,467938
2021-06-15 10:02:06,6225.5,467971
2021-06-15 10:02:07,6225.0,467988
2021-06-15 10:02:08,6225.0,468038
2021-06-15 10:02:09,6225.0,468215
2021-06-15 10:02:09,6225.0,468048
2021-06-15 10:02:10,6221.75,468745
2021-06-15 10:02:13,6224.4,468914
2021-06-15 10:02:14,6221.85,469142
2021-06-15 10:02:14,6221.85,469143
2021-06-15 10:02:15,6224.15,469161
2021-06-15 10:02:16,6221.35,469350
2021-06-15 10:02:17,6220.7,471220
2021-06-15 10:02:19,6218.05,471378
2021-06-15 10:02:20,6221.25,471550
2021-06-15 10:02:21,6220.95,471662
2021-06-15 10:02:22,6220.95,471932
2021-06-15 10:02:22,6220.95,471932
2021-06-15 10:02:23,6220.95,471932
2021-06-15 10:02:24,6221.35,471987
2021-06-15 10:02:26,6223.35,472122
2021-06-15 10:02:27,6223.35,472196
2021-06-15 10:02:28,6223.6,472226
2021-06-15 10:02:29,6221.85,472246
2021-06-15 10:02:30,6223.95,472278
2021-06-15 10:02:31,6223.95,472278
2021-06-15 10:02:32,6223.95,472531
2021-06-15 10:02:33,6223.55,472598
2021-06-15 10:02:34,6223.95,474169
2021-06-15 10:02:36,6223.95,474282
2021-06-15 10:02:37,6223.85,474379
2021-06-15 10:02:38,6223.95,474389
2021-06-15 10:02:39,6223.9,474654
2021-06-15 10:02:40,6223.75,475265
2021-06-15 10:02:41,6223.95,475466
2021-06-15 10:02:42,6223.75,475668
2021-06-15 10:02:42,6223.75,475670
2021-06-15 10:02:43,6223.9,475751
2021-06-15 10:02:44,6223.85,475758
2021-06-15 10:02:46,6223.95,475809
2021-06-15 10:02:47,6223.75,475837
2021-06-15 10:02:48,6223.75,475876
2021-06-15 10:02:49,6223.85,475882
2021-06-15 10:02:50,6223.85,475884
2021-06-15 10:02:50,6223.85,475888
2021-06-15 10:02:51,6223.95,476256
2021-06-15 10:02:53,6223.75,476267
2021-06-15 10:02:54,6223.75,476318
2021-06-15 10:02:55,6223.75,476347
2021-06-15 10:02:55,6223.85,476348
2021-06-15 10:02:56,6223.75,476691
2021-06-15 10:02:57,6223.95,476988
2021-06-15 10:02:59,6224.05,477046
2021-06-15 10:03:00,6223.9,477053
2021-06-15 10:03:01,6224.95,477638
2021-06-15 10:03:02,6224.95,477736
2021-06-15 10:03:03,6224.45,477739
2021-06-15 10:03:04,6224.7,477775
2021-06-15 10:03:05,6224.95,477807
2021-06-15 10:03:06,6224.8,478116
2021-06-15 10:03:07,6224.95,478350
2021-06-15 10:03:07,6224.95,478350
2021-06-15 10:03:08,6226.6,478626
2021-06-15 10:03:10,6225.0,478756
2021-06-15 10:03:10,6225.0,478756
2021-06-15 10:03:13,6226.15,478975
2021-06-15 10:03:14,6226.15,478975
2021-06-15 10:03:15,6226.0,479001
2021-06-15 10:03:16,6226.0,479117
2021-06-15 10:03:17,6225.0,479122
2021-06-15 10:03:18,6225.0,479132
2021-06-15 10:03:19,6224.05,479418
2021-06-15 10:03:21,6225.0,479488
2021-06-15 10:03:21,6224.95,479495
2021-06-15 10:03:22,6225.0,479520
2021-06-15 10:03:25,6225.0,479588
2021-06-15 10:03:26,6224.05,479594
2021-06-15 10:03:27,6224.05,479607
2021-06-15 10:03:28,6225.2,479662
2021-06-15 10:03:29,6225.2,479663
2021-06-15 10:03:30,6225.0,479714
2021-06-15 10:03:31,6225.3,479778
2021-06-15 10:03:32,6225.3,479788
2021-06-15 10:03:33,6225.1,480096
2021-06-15 10:03:34,6225.1,480129
2021-06-15 10:03:35,6225.3,480140
2021-06-15 10:03:36,6225.3,480163
2021-06-15 10:03:37,6224.5,480243
2021-06-15 10:03:38,6225.0,480253
2021-06-15 10:03:39,6225.0,480253
2021-06-15 10:03:40,6225.3,480345
2021-06-15 10:03:41,6225.3,480345
2021-06-15 10:03:42,6225.2,480381
2021-06-15 10:03:43,6225.0,480396
2021-06-15 10:03:44,6225.0,480396
2021-06-15 10:03:44,6225.0,480396
2021-06-15 10:03:45,6225.2,480467
2021-06-15 10:03:46,6225.15,480498
2021-06-15 10:03:47,6225.2,480499
2021-06-15 10:03:48,6225.15,480618
2021-06-15 10:03:50,6225.15,480711
2021-06-15 10:03:51,6225.0,481508
2021-06-15 10:03:52,6224.95,481544
2021-06-15 10:03:53,6224.0,481634
2021-06-15 10:03:54,6224.0,481634
2021-06-15 10:03:55,6223.2,481791
2021-06-15 10:03:56,6223.0,481800
2021-06-15 10:03:56,6223.0,481804
2021-06-15 10:03:57,6225.0,481811
2021-06-15 10:03:58,6223.0,481848
2021-06-15 10:04:00,6223.0,481863
2021-06-15 10:04:01,6224.95,481949
2021-06-15 10:04:02,6224.0,481950
2021-06-15 10:04:03,6225.0,482097
2021-06-15 10:04:04,6225.0,482097
2021-06-15 10:04:05,6223.0,482114
2021-06-15 10:04:06,6223.0,482158
2021-06-15 10:04:07,6221.0,482175
2021-06-15 10:04:07,6221.0,482175
2021-06-15 10:04:08,6223.5,482216
2021-06-15 10:04:09,6221.0,482456
2021-06-15 10:04:11,6223.6,482563
2021-06-15 10:04:13,6223.6,482563
2021-06-15 10:04:14,6223.6,482563
2021-06-15 10:04:15,6223.6,482581
2021-06-15 10:04:16,6223.9,482583
2021-06-15 10:04:16,6222.55,482586
2021-06-15 10:04:18,6223.0,482589
2021-06-15 10:04:19,6223.0,482590
2021-06-15 10:04:20,6223.0,482630
2021-06-15 10:04:21,6223.6,482658
2021-06-15 10:04:22,6223.6,482658
2021-06-15 10:04:23,6224.4,482775
2021-06-15 10:04:24,6223.3,482785
2021-06-15 10:04:26,6223.75,482795
2021-06-15 10:04:27,6224.2,482824
2021-06-15 10:04:28,6224.2,482872
2021-06-15 10:04:29,6224.2,482872
2021-06-15 10:04:30,6224.75,482873
2021-06-15 10:04:31,6224.75,482998
2021-06-15 10:04:33,6224.95,483890
2021-06-15 10:04:34,6224.8,483993
2021-06-15 10:04:34,6226.0,484048
2021-06-15 10:04:35,6224.9,484300
2021-06-15 10:04:36,6224.85,484359
2021-06-15 10:04:39,6227.95,484678
2021-06-15 10:04:40,6227.95,484718
2021-06-15 10:04:40,6227.95,484718
2021-06-15 10:04:42,6227.15,484722
2021-06-15 10:04:43,6227.35,484930
2021-06-15 10:04:44,6227.35,484942
2021-06-15 10:04:45,6226.0,484953
2021-06-15 10:04:46,6226.0,485008
2021-06-15 10:04:47,6225.9,485135
2021-06-15 10:04:48,6227.55,485138
2021-06-15 10:04:49,6227.5,485850
2021-06-15 10:04:50,6227.45,485885
2021-06-15 10:04:51,6226.5,485959
2021-06-15 10:04:52,6226.5,485959
2021-06-15 10:04:53,6225.9,485960
2021-06-15 10:04:53,6226.5,485967
2021-06-15 10:04:55,6227.2,486221
2021-06-15 10:04:56,6225.9,486223
2021-06-15 10:04:57,6225.9,486282
2021-06-15 10:04:58,6225.9,486592
2021-06-15 10:04:59,6226.3,486597
2021-06-15 10:05:02,6225.0,487039
2021-06-15 10:05:03,6226.2,487084
2021-06-15 10:05:04,6226.0,487087
2021-06-15 10:05:05,6226.0,487091
2021-06-15 10:05:06,6224.2,487115
2021-06-15 10:05:06,6224.2,487150
2021-06-15 10:05:07,6224.2,487150
2021-06-15 10:05:08,6224.2,487207
2021-06-15 10:05:10,6225.05,487223
2021-06-15 10:05:11,6224.2,487224
2021-06-15 10:05:12,6225.0,487225
2021-06-15 10:05:13,6225.6,487236
2021-06-15 10:05:14,6224.8,487360
2021-06-15 10:05:16,6224.0,487513
2021-06-15 10:05:17,6223.0,487534
2021-06-15 10:05:18,6223.0,487535
2021-06-15 10:05:19,6224.0,487545
2021-06-15 10:05:20,6223.3,487717
2021-06-15 10:05:21,6223.4,488352
2021-06-15 10:05:22,6223.4,488353
2021-06-15 10:05:23,6223.5,488363
2021-06-15 10:05:24,6220.8,489248
2021-06-15 10:05:26,6219.9,490796
2021-06-15 10:05:27,6218.0,490800
2021-06-15 10:05:28,6217.0,490999
2021-06-15 10:05:29,6218.95,491039
2021-06-15 10:05:30,6216.0,491133
2021-06-15 10:05:31,6215.0,491551
2021-06-15 10:05:32,6217.85,491596
2021-06-15 10:05:33,6215.0,491598
2021-06-15 10:05:34,6215.0,491667
2021-06-15 10:05:35,6217.55,491773
2021-06-15 10:05:37,6215.0,491917
2021-06-15 10:05:38,6216.95,491961
2021-06-15 10:05:39,6215.0,492001
2021-06-15 10:05:41,6216.7,492156
2021-06-15 10:05:42,6216.9,492179
2021-06-15 10:05:43,6215.0,492263
2021-06-15 10:05:44,6215.0,492290
2021-06-15 10:05:45,6215.0,492394
2021-06-15 10:05:46,6215.0,492417
2021-06-15 10:05:46,6215.0,492417
2021-06-15 10:05:47,6216.85,492547
2021-06-15 10:05:48,6217.6,492904
2021-06-15 10:05:50,6217.6,493005
2021-06-15 10:05:51,6218.0,493007
2021-06-15 10:05:52,6217.6,493078
2021-06-15 10:05:53,6219.4,493554
2021-06-15 10:05:54,6217.9,493556
2021-06-15 10:05:55,6217.4,493746
2021-06-15 10:05:56,6218.0,493966
2021-06-15 10:05:57,6217.9,493978
2021-06-15 10:05:58,6219.4,494939
2021-06-15 10:05:59,6219.4,494945
2021-06-15 10:06:00,6218.75,494988
2021-06-15 10:06:01,6218.0,495378
2021-06-15 10:06:02,6217.2,495437
2021-06-15 10:06:02,6218.45,495911
2021-06-15 10:06:03,6219.0,495953
2021-06-15 10:06:05,6219.0,495953
2021-06-15 10:06:06,6218.7,495956
2021-06-15 10:06:07,6218.7,496015
2021-06-15 10:06:08,6219.0,496032
2021-06-15 10:06:09,6218.85,496048
2021-06-15 10:06:10,6218.9,496053
2021-06-15 10:06:11,6218.9,496053
2021-06-15 10:06:12,6218.7,496940
2021-06-15 10:06:13,6218.7,496940
2021-06-15 10:06:13,6218.7,496940
2021-06-15 10:06:14,6218.7,497163
2021-06-15 10:06:16,6218.0,497237
2021-06-15 10:06:17,6218.0,497454
2021-06-15 10:06:18,6217.0,497505
2021-06-15 10:06:19,6217.0,497543
2021-06-15 10:06:20,6218.65,497548
2021-06-15 10:06:21,6219.0,497599
2021-06-15 10:06:22,6218.65,497601
2021-06-15 10:06:23,6219.0,497603
2021-06-15 10:06:24,6218.65,497604
2021-06-15 10:06:25,6217.85,497635
2021-06-15 10:06:26,6215.95,497895
2021-06-15 10:06:27,6215.65,497907
2021-06-15 10:06:28,6215.6,498167
2021-06-15 10:06:29,6215.3,498209
2021-06-15 10:06:30,6215.3,498209
2021-06-15 10:06:31,6215.3,498261
2021-06-15 10:06:32,6215.3,498261
2021-06-15 10:06:33,6215.3,498261
2021-06-15 10:06:34,6215.6,498266
2021-06-15 10:06:35,6216.7,498770
2021-06-15 10:06:36,6215.3,498792
2021-06-15 10:06:37,6215.3,498799
2021-06-15 10:06:38,6215.0,499058
2021-06-15 10:06:39,6215.0,499074
2021-06-15 10:06:40,6215.0,499074
2021-06-15 10:06:41,6215.0,499177
2021-06-15 10:06:43,6215.3,499274
2021-06-15 10:06:44,6215.0,499294
2021-06-15 10:06:45,6215.3,499297
2021-06-15 10:06:46,6215.6,499488
2021-06-15 10:06:47,6215.0,499801
2021-06-15 10:06:48,6216.3,499823
2021-06-15 10:06:49,6216.3,499823
2021-06-15 10:06:50,6215.8,499825
2021-06-15 10:06:51,6215.8,499835
2021-06-15 10:06:52,6215.6,499861
2021-06-15 10:06:53,6215.6,499861
2021-06-15 10:06:54,6215.6,499863
2021-06-15 10:06:55,6215.6,499867
2021-06-15 10:06:56,6216.0,499908
2021-06-15 10:06:57,6216.0,499929
2021-06-15 10:06:58,6215.8,499981
2021-06-15 10:06:59,6215.8,500086
2021-06-15 10:07:00,6216.0,500211
2021-06-15 10:07:01,6215.9,500229
2021-06-15 10:07:02,6215.95,500264
2021-06-15 10:07:03,6215.9,500304
2021-06-15 10:07:04,6215.9,500305
2021-06-15 10:07:05,6215.6,500336
2021-06-15 10:07:06,6215.6,500336
2021-06-15 10:07:07,6215.6,500350
2021-06-15 10:07:08,6215.95,500380
2021-06-15 10:07:09,6216.0,500440
2021-06-15 10:07:10,6216.0,500440
2021-06-15 10:07:11,6216.0,500640
2021-06-15 10:07:12,6216.45,500691
2021-06-15 10:07:13,6216.0,500731
2021-06-15 10:07:14,6216.0,500742
2021-06-15 10:07:15,6217.2,500826
2021-06-15 10:07:16,6217.2,500826
2021-06-15 10:07:17,6217.25,500830
2021-06-15 10:07:18,6216.65,500845
2021-06-15 10:07:19,6217.1,501866
2021-06-15 10:07:20,6217.55,502173
2021-06-15 10:07:21,6217.8,502365
2021-06-15 10:07:22,6217.8,502372
2021-06-15 10:07:23,6217.8,502372
2021-06-15 10:07:24,6217.75,502437
2021-06-15 10:07:25,6217.75,502437
2021-06-15 10:07:26,6217.85,502537
2021-06-15 10:07:27,6217.6,502541
2021-06-15 10:07:28,6217.3,502547
2021-06-15 10:07:29,6217.75,502553
2021-06-15 10:07:30,6218.6,502653
2021-06-15 10:07:31,6218.6,502653
2021-06-15 10:07:32,6218.6,502653
2021-06-15 10:07:33,6218.6,502653
2021-06-15 10:07:34,6218.6,502653
2021-06-15 10:07:35,6218.6,502668
