timestamp,ltp,volume
2021-06-15 09:15:41,539.75,81839
2021-06-15 09:15:47,540.1,84213
2021-06-15 09:15:52,540.0,86057
2021-06-15 09:15:58,539.7,90169
2021-06-15 09:16:03,540.2,100381
2021-06-15 09:16:08,540.55,103155
2021-06-15 09:16:14,540.9,107501
2021-06-15 09:16:19,540.75,107840
2021-06-15 09:16:24,540.8,110461
2021-06-15 09:16:29,540.9,115381
2021-06-15 09:16:35,540.85,118622
2021-06-15 09:16:45,541.0,121375
2021-06-15 09:16:50,541.0,123071
2021-06-15 09:16:55,541.0,126237
2021-06-15 09:17:01,541.1,127291
2021-06-15 09:17:06,541.1,128408
2021-06-15 09:17:11,541.0,140098
2021-06-15 09:17:21,541.25,147580
2021-06-15 09:17:26,541.55,150068
2021-06-15 09:17:32,541.6,151273
2021-06-15 09:17:37,541.6,168372
2021-06-15 09:17:42,542.3,172486
2021-06-15 09:17:48,542.1,176180
2021-06-15 09:17:57,542.0,178627
2021-06-15 09:18:02,542.2,185345
2021-06-15 09:18:08,542.0,188909
2021-06-15 09:18:13,542.05,192740
2021-06-15 09:18:18,542.1,200372
2021-06-15 09:18:23,542.15,201570
2021-06-15 09:18:28,542.0,206034
2021-06-15 09:18:33,542.0,207152
2021-06-15 09:18:38,542.1,209204
2021-06-15 09:18:42,542.1,210395
2021-06-15 09:18:47,541.15,217113
2021-06-15 09:18:52,541.25,218263
2021-06-15 09:18:57,542.1,227995
2021-06-15 09:19:02,542.05,234081
2021-06-15 09:19:07,542.05,235700
2021-06-15 09:19:12,541.85,240191
2021-06-15 09:19:17,542.0,240848
2021-06-15 09:19:26,542.25,242809
2021-06-15 09:19:31,542.05,244764
2021-06-15 09:19:36,542.0,250155
2021-06-15 09:19:41,542.15,255675
2021-06-15 09:19:46,542.15,257067
2021-06-15 09:19:51,542.25,260753
2021-06-15 09:19:56,542.2,261864
2021-06-15 09:20:00,542.3,263952
2021-06-15 09:20:05,542.2,264441
2021-06-15 09:20:10,542.2,269761
2021-06-15 09:20:15,542.1,270163
2021-06-15 09:20:20,542.35,283612
2021-06-15 09:20:25,542.45,284655
2021-06-15 09:20:30,542.2,286244
2021-06-15 09:20:34,542.35,302896
2021-06-15 09:20:39,542.7,308311
2021-06-15 09:20:44,542.75,310466
2021-06-15 09:20:49,542.85,312483
2021-06-15 09:20:54,542.9,316380
2021-06-15 09:20:59,542.8,320468
2021-06-15 09:21:03,542.8,321363
2021-06-15 09:21:08,542.65,321894
2021-06-15 09:21:13,542.55,325914
2021-06-15 09:21:18,542.1,330356
2021-06-15 09:21:23,542.15,331342
2021-06-15 09:21:32,542.4,332753
2021-06-15 09:21:37,542.5,333535
2021-06-15 09:21:47,542.5,336709
2021-06-15 09:21:51,542.9,339343
2021-06-15 09:21:56,542.9,340991
2021-06-15 09:22:01,542.75,354266
2021-06-15 09:22:06,542.8,356942
2021-06-15 09:22:10,542.8,358003
2021-06-15 09:22:15,542.8,358690
2021-06-15 09:22:20,542.5,371610
2021-06-15 09:22:24,542.55,372742
2021-06-15 09:22:29,542.55,373213
2021-06-15 09:22:33,542.5,374155
2021-06-15 09:22:38,542.6,376322
2021-06-15 09:22:42,542.65,377769
2021-06-15 09:22:47,542.25,384913
2021-06-15 09:22:52,542.25,386449
2021-06-15 09:22:56,542.25,386795
2021-06-15 09:23:01,542.25,387051
2021-06-15 09:23:06,542.25,393938
2021-06-15 09:23:15,542.05,396456
2021-06-15 09:23:20,540.85,424923
2021-06-15 09:23:25,540.65,447607
2021-06-15 09:23:29,540.3,448467
2021-06-15 09:23:34,540.65,456309
2021-06-15 09:23:39,541.2,457932
2021-06-15 09:23:43,541.6,460515
2021-06-15 09:23:48,542.0,465548
2021-06-15 09:23:53,541.5,470131
2021-06-15 09:23:58,541.55,471330
2021-06-15 09:24:03,541.55,473297
2021-06-15 09:24:07,541.55,474084
2021-06-15 09:24:12,541.55,475489
2021-06-15 09:24:16,541.7,476389
2021-06-15 09:24:21,542.0,476998
2021-06-15 09:24:25,541.7,477315
2021-06-15 09:24:30,541.7,477420
2021-06-15 09:24:34,541.9,477621
2021-06-15 09:24:39,541.75,479146
2021-06-15 09:24:43,541.75,481894
2021-06-15 09:24:48,541.55,485748
2021-06-15 09:24:53,541.85,489231
2021-06-15 09:24:57,541.6,490759
2021-06-15 09:25:02,541.85,493493
2021-06-15 09:25:07,541.9,498164
2021-06-15 09:25:11,542.0,500630
2021-06-15 09:25:16,542.0,502515
2021-06-15 09:25:21,542.1,504644
2021-06-15 09:25:25,542.25,509556
2021-06-15 09:25:29,542.3,510754
2021-06-15 09:25:34,542.3,512671
2021-06-15 09:25:39,542.5,516470
2021-06-15 09:25:43,542.55,519383
2021-06-15 09:25:48,542.5,523738
2021-06-15 09:25:52,542.5,526451
2021-06-15 09:25:57,542.65,532100
2021-06-15 09:26:01,542.75,537114
2021-06-15 09:26:05,542.9,538953
2021-06-15 09:26:15,542.7,550140
2021-06-15 09:26:24,542.6,554627
2021-06-15 09:26:29,542.7,557056
2021-06-15 09:26:33,542.55,578923
2021-06-15 09:26:38,542.7,583733
2021-06-15 09:26:43,542.8,589205
2021-06-15 09:26:47,542.5,597009
2021-06-15 09:26:52,542.55,601804
2021-06-15 09:26:56,542.6,609905
2021-06-15 09:27:00,542.65,612787
2021-06-15 09:27:05,542.8,614353
2021-06-15 09:27:09,542.6,614927
2021-06-15 09:27:14,542.6,616803
2021-06-15 09:27:18,542.5,621314
2021-06-15 09:27:22,542.6,622190
2021-06-15 09:27:27,542.3,625908
2021-06-15 09:27:31,542.6,629192
2021-06-15 09:27:34,542.5,631883
2021-06-15 09:27:35,542.45,632153
2021-06-15 09:27:36,542.45,632266
2021-06-15 09:27:37,542.45,632418
2021-06-15 09:27:38,542.6,633012
2021-06-15 09:27:39,542.55,633047
2021-06-15 09:27:40,542.5,633106
2021-06-15 09:27:41,542.55,633142
2021-06-15 09:27:42,542.55,633345
2021-06-15 09:27:43,542.4,633563
2021-06-15 09:27:44,542.5,633778
2021-06-15 09:27:45,542.5,634414
2021-06-15 09:27:46,542.5,634432
2021-06-15 09:27:47,542.5,634522
2021-06-15 09:27:48,542.45,634728
2021-06-15 09:27:49,542.45,635059
2021-06-15 09:27:50,542.5,635270
2021-06-15 09:27:51,542.45,635324
2021-06-15 09:27:53,542.4,638735
2021-06-15 09:27:54,542.4,638861
2021-06-15 09:27:55,542.35,639347
2021-06-15 09:27:56,542.2,640376
2021-06-15 09:27:57,542.3,640857
2021-06-15 09:27:58,542.05,643646
2021-06-15 09:27:59,542.25,644741
2021-06-15 09:28:00,542.3,645075
2021-06-15 09:28:01,542.3,645253
2021-06-15 09:28:02,542.3,645354
2021-06-15 09:28:03,542.3,646116
2021-06-15 09:28:04,542.25,646410
2021-06-15 09:28:05,542.25,646910
2021-06-15 09:28:06,542.25,647121
2021-06-15 09:28:07,542.0,649592
2021-06-15 09:28:09,542.25,649886
2021-06-15 09:28:10,542.1,649997
2021-06-15 09:28:11,542.25,650073
2021-06-15 09:28:12,542.25,650181
2021-06-15 09:28:13,542.25,650309
2021-06-15 09:28:14,542.25,650367
2021-06-15 09:28:15,542.25,650589
2021-06-15 09:28:16,542.1,651528
2021-06-15 09:28:17,542.1,652952
2021-06-15 09:28:18,542.25,653007
2021-06-15 09:28:19,542.25,653390
2021-06-15 09:28:20,542.25,653426
2021-06-15 09:28:21,542.0,654095
2021-06-15 09:28:22,542.25,654792
2021-06-15 09:28:23,542.25,654797
2021-06-15 09:28:24,542.1,654883
2021-06-15 09:28:25,542.25,655072
2021-06-15 09:28:26,542.25,655132
2021-06-15 09:28:27,542.25,655928
2021-06-15 09:28:29,542.25,657749
2021-06-15 09:28:30,542.0,667106
2021-06-15 09:28:32,542.25,676828
2021-06-15 09:28:33,542.05,677484
2021-06-15 09:28:34,542.25,677843
2021-06-15 09:28:35,542.05,678022
2021-06-15 09:28:36,542.2,678259
2021-06-15 09:28:37,542.25,678901
2021-06-15 09:28:38,542.2,678958
2021-06-15 09:28:39,542.2,679028
2021-06-15 09:28:40,542.0,680246
2021-06-15 09:28:41,542.2,681194
2021-06-15 09:28:43,542.2,681494
2021-06-15 09:28:44,542.0,681845
2021-06-15 09:28:45,542.1,682005
2021-06-15 09:28:46,542.05,684069
2021-06-15 09:28:47,542.2,684149
2021-06-15 09:28:48,542.0,684509
2021-06-15 09:28:50,542.15,684577
2021-06-15 09:28:51,542.2,684658
2021-06-15 09:28:52,542.2,685910
2021-06-15 09:28:53,542.25,685956
2021-06-15 09:28:54,542.15,686006
2021-06-15 09:28:55,542.25,686101
2021-06-15 09:28:56,542.25,686232
2021-06-15 09:28:57,542.25,686294
2021-06-15 09:28:58,542.2,686495
2021-06-15 09:28:59,542.2,689634
2021-06-15 09:29:00,542.2,689871
2021-06-15 09:29:01,542.0,692023
2021-06-15 09:29:02,542.0,695580
2021-06-15 09:29:04,542.0,695769
2021-06-15 09:29:04,542.1,696066
2021-06-15 09:29:05,542.1,696156
2021-06-15 09:29:06,542.1,696281
2021-06-15 09:29:07,542.1,696449
2021-06-15 09:29:08,542.05,696600
2021-06-15 09:29:11,542.05,696865
2021-06-15 09:29:11,542.25,696888
2021-06-15 09:29:12,542.25,696944
2021-06-15 09:29:13,542.0,697845
2021-06-15 09:29:14,542.1,698010
2021-06-15 09:29:15,542.1,698422
2021-06-15 09:29:16,542.0,698453
2021-06-15 09:29:17,542.1,698486
2021-06-15 09:29:18,542.0,699073
2021-06-15 09:29:19,541.85,702178
2021-06-15 09:29:20,541.9,702223
2021-06-15 09:29:21,541.9,703468
2021-06-15 09:29:23,542.1,707571
2021-06-15 09:29:23,542.1,707732
2021-06-15 09:29:24,542.1,707759
2021-06-15 09:29:25,542.0,707915
2021-06-15 09:29:27,541.95,708001
2021-06-15 09:29:28,541.95,708017
2021-06-15 09:29:29,541.9,708183
2021-06-15 09:29:29,541.95,708194
2021-06-15 09:29:30,541.95,708311
2021-06-15 09:29:31,541.95,708391
2021-06-15 09:29:32,541.95,708612
2021-06-15 09:29:33,541.95,708655
2021-06-15 09:29:34,541.95,708830
2021-06-15 09:29:35,541.95,708840
2021-06-15 09:29:36,541.95,708935
2021-06-15 09:29:37,541.95,708950
2021-06-15 09:29:38,541.9,709126
2021-06-15 09:29:39,541.9,709403
2021-06-15 09:29:40,541.8,710555
2021-06-15 09:29:41,541.85,710586
2021-06-15 09:29:42,541.95,710686
2021-06-15 09:29:43,541.95,710837
2021-06-15 09:29:44,541.95,710841
2021-06-15 09:29:45,541.85,711146
2021-06-15 09:29:46,541.8,711239
2021-06-15 09:29:47,541.8,711951
2021-06-15 09:29:49,541.9,712144
2021-06-15 09:29:50,541.95,712164
2021-06-15 09:29:51,541.95,712417
2021-06-15 09:29:52,541.65,713446
2021-06-15 09:29:53,541.8,713561
2021-06-15 09:29:54,541.8,713591
2021-06-15 09:29:55,541.8,714359
2021-06-15 09:29:56,541.6,716524
2021-06-15 09:29:57,541.85,717099
2021-06-15 09:29:58,541.85,717420
2021-06-15 09:29:59,541.85,717545
2021-06-15 09:29:59,541.85,717556
2021-06-15 09:30:00,541.8,717939
2021-06-15 09:30:01,541.85,718292
2021-06-15 09:30:02,541.85,718294
2021-06-15 09:30:03,541.75,718338
2021-06-15 09:30:04,541.85,718536
2021-06-15 09:30:05,541.85,718613
2021-06-15 09:30:06,541.8,719758
2021-06-15 09:30:07,541.8,719908
2021-06-15 09:30:08,541.8,720505
2021-06-15 09:30:09,541.75,721142
2021-06-15 09:30:10,541.7,721369
2021-06-15 09:30:11,541.7,721739
2021-06-15 09:30:12,541.7,722349
2021-06-15 09:30:13,541.7,722419
2021-06-15 09:30:14,541.65,722563
2021-06-15 09:30:15,541.65,722688
2021-06-15 09:30:17,541.7,724682
2021-06-15 09:30:18,541.55,725241
2021-06-15 09:30:19,541.7,725345
2021-06-15 09:30:19,541.6,725348
2021-06-15 09:30:20,541.55,725680
2021-06-15 09:30:21,541.55,725910
2021-06-15 09:30:22,541.5,726937
2021-06-15 09:30:23,541.7,727136
2021-06-15 09:30:26,541.7,727884
2021-06-15 09:30:27,541.7,727969
2021-06-15 09:30:28,541.65,728116
2021-06-15 09:30:29,541.65,728691
2021-06-15 09:30:30,541.65,728851
2021-06-15 09:30:31,541.55,729145
2021-06-15 09:30:32,541.6,729146
2021-06-15 09:30:33,541.7,729439
2021-06-15 09:30:34,541.35,761166
2021-06-15 09:30:35,541.4,761198
2021-06-15 09:30:36,541.4,761870
2021-06-15 09:30:37,541.4,761973
2021-06-15 09:30:38,541.5,762321
2021-06-15 09:30:39,541.35,762691
2021-06-15 09:30:40,541.35,762749
2021-06-15 09:30:41,541.35,762758
2021-06-15 09:30:42,541.35,762878
2021-06-15 09:30:43,541.35,765998
2021-06-15 09:30:44,541.35,766834
2021-06-15 09:30:45,541.5,766873
2021-06-15 09:30:46,541.35,767213
2021-06-15 09:30:47,541.45,767368
2021-06-15 09:30:48,541.35,767887
2021-06-15 09:30:49,541.3,768090
2021-06-15 09:30:50,541.35,768102
2021-06-15 09:30:51,541.5,768212
2021-06-15 09:30:52,541.5,768305
2021-06-15 09:30:53,541.3,768564
2021-06-15 09:30:54,541.5,768589
2021-06-15 09:30:55,541.5,769241
2021-06-15 09:30:56,541.5,769463
2021-06-15 09:30:57,541.3,769846
2021-06-15 09:30:57,541.5,770109
2021-06-15 09:30:58,541.3,770699
2021-06-15 09:30:59,541.2,771005
2021-06-15 09:31:00,541.05,771073
2021-06-15 09:31:01,541.05,771273
2021-06-15 09:31:08,541.65,788064
2021-06-15 09:31:12,541.5,789376
2021-06-15 09:31:13,541.5,789394
2021-06-15 09:31:14,541.5,789447
2021-06-15 09:31:15,541.45,789555
2021-06-15 09:31:16,541.45,789772
2021-06-15 09:31:17,541.3,789836
2021-06-15 09:31:18,541.3,790088
2021-06-15 09:31:19,541.5,790191
2021-06-15 09:31:20,541.5,790224
2021-06-15 09:31:21,541.5,790260
2021-06-15 09:31:21,541.5,790276
2021-06-15 09:31:22,541.2,790377
2021-06-15 09:31:23,541.2,790380
2021-06-15 09:31:24,541.5,791213
2021-06-15 09:31:25,541.5,791284
2021-06-15 09:31:26,541.5,791285
2021-06-15 09:31:27,541.5,791398
2021-06-15 09:31:28,541.65,791505
2021-06-15 09:31:29,541.45,791611
2021-06-15 09:31:30,541.5,791631
2021-06-15 09:31:31,541.5,791877
2021-06-15 09:31:32,541.65,791902
2021-06-15 09:31:34,541.5,792945
2021-06-15 09:31:35,541.5,793151
2021-06-15 09:31:36,541.5,793286
2021-06-15 09:31:37,541.65,793295
2021-06-15 09:31:38,541.5,794249
2021-06-15 09:31:39,541.5,794409
2021-06-15 09:31:40,541.5,794493
2021-06-15 09:31:41,541.5,794493
2021-06-15 09:31:42,541.5,794493
2021-06-15 09:31:43,541.65,794494
2021-06-15 09:31:44,541.5,794509
2021-06-15 09:31:45,541.6,794527
2021-06-15 09:31:46,541.6,794615
2021-06-15 09:31:47,541.5,796430
2021-06-15 09:31:48,541.5,796558
2021-06-15 09:31:49,541.5,796641
2021-06-15 09:31:50,541.55,796713
2021-06-15 09:31:51,541.6,796817
2021-06-15 09:31:52,541.5,796927
2021-06-15 09:31:53,541.6,796957
2021-06-15 09:31:54,541.5,797125
2021-06-15 09:31:55,541.6,797175
2021-06-15 09:31:56,541.5,797248
2021-06-15 09:31:57,541.6,797398
2021-06-15 09:31:58,541.6,797421
2021-06-15 09:31:59,541.5,797432
2021-06-15 09:32:00,541.65,798305
2021-06-15 09:32:01,541.75,798672
2021-06-15 09:32:02,541.75,798881
2021-06-15 09:32:03,541.55,798887
2021-06-15 09:32:04,541.55,798907
2021-06-15 09:32:05,541.8,799264
2021-06-15 09:32:06,541.8,799366
2021-06-15 09:32:07,541.65,799450
2021-06-15 09:32:08,541.6,799794
2021-06-15 09:32:09,541.6,799959
2021-06-15 09:32:10,541.6,799959
2021-06-15 09:32:11,541.6,800714
2021-06-15 09:32:12,541.6,800714
2021-06-15 09:32:13,541.6,800714
2021-06-15 09:32:14,541.45,810524
2021-06-15 09:32:15,541.45,810729
2021-06-15 09:32:15,541.45,810729
2021-06-15 09:32:16,541.45,810739
2021-06-15 09:32:17,541.45,810782
2021-06-15 09:32:18,541.45,810871
2021-06-15 09:32:19,541.4,810971
2021-06-15 09:32:20,541.3,812013
2021-06-15 09:32:22,541.45,812119
2021-06-15 09:32:23,541.45,812239
2021-06-15 09:32:24,541.3,812251
2021-06-15 09:32:25,541.3,812251
2021-06-15 09:32:26,541.45,812516
2021-06-15 09:32:27,541.45,812816
2021-06-15 09:32:28,541.3,813039
2021-06-15 09:32:29,541.3,813188
2021-06-15 09:32:30,541.3,813272
2021-06-15 09:32:31,541.5,813403
2021-06-15 09:32:32,541.5,813424
2021-06-15 09:32:33,541.4,813449
2021-06-15 09:32:34,541.5,813657
2021-06-15 09:32:35,541.4,813903
2021-06-15 09:32:36,541.4,814249
2021-06-15 09:32:37,541.45,814399
2021-06-15 09:32:38,541.1,833395
2021-06-15 09:32:39,541.0,833791
2021-06-15 09:32:40,541.2,834086
2021-06-15 09:32:41,541.2,835236
2021-06-15 09:32:42,541.15,836304
2021-06-15 09:32:43,541.3,836504
2021-06-15 09:32:44,541.25,836505
2021-06-15 09:32:45,541.1,836527
2021-06-15 09:32:46,541.15,836540
2021-06-15 09:32:47,541.15,836570
2021-06-15 09:32:48,541.15,836573
2021-06-15 09:32:49,541.0,837003
2021-06-15 09:32:50,541.0,837086
2021-06-15 09:32:51,541.0,838004
2021-06-15 09:32:52,541.0,840359
2021-06-15 09:32:53,541.0,840845
2021-06-15 09:32:54,541.1,840885
2021-06-15 09:32:56,541.2,841996
2021-06-15 09:32:57,541.2,842053
2021-06-15 09:32:58,541.0,842446
2021-06-15 09:32:59,541.05,842466
2021-06-15 09:33:00,541.1,842477
2021-06-15 09:33:01,541.2,843610
2021-06-15 09:33:02,541.2,843660
2021-06-15 09:33:03,541.1,843685
2021-06-15 09:33:04,541.2,843705
2021-06-15 09:33:05,541.2,843805
2021-06-15 09:33:06,541.2,843940
2021-06-15 09:33:07,541.15,843950
2021-06-15 09:33:08,541.1,847112
2021-06-15 09:33:09,541.0,847395
2021-06-15 09:33:10,541.1,847739
2021-06-15 09:33:11,541.1,847844
2021-06-15 09:33:11,541.1,847859
2021-06-15 09:33:12,541.5,856437
2021-06-15 09:33:13,541.6,857572
2021-06-15 09:33:14,541.15,862854
2021-06-15 09:33:15,541.4,862979
2021-06-15 09:33:16,541.35,862993
2021-06-15 09:33:17,541.35,862993
2021-06-15 09:33:18,541.4,863111
2021-06-15 09:33:19,541.25,863181
2021-06-15 09:33:20,541.35,863192
2021-06-15 09:33:21,541.35,863192
2021-06-15 09:33:23,541.2,863332
2021-06-15 09:33:23,541.1,863374
2021-06-15 09:33:24,541.15,863583
2021-06-15 09:33:25,541.25,863613
2021-06-15 09:33:26,541.4,863718
2021-06-15 09:33:27,541.25,863913
2021-06-15 09:33:28,541.25,864047
2021-06-15 09:33:30,541.4,864122
2021-06-15 09:33:31,541.55,864725
2021-06-15 09:33:32,541.5,864733
2021-06-15 09:33:33,541.3,864828
2021-06-15 09:33:34,541.4,865170
2021-06-15 09:33:35,541.35,865280
2021-06-15 09:33:37,541.35,865280
2021-06-15 09:33:38,541.4,865400
2021-06-15 09:33:40,541.35,865750
2021-06-15 09:33:41,541.35,866080
2021-06-15 09:33:42,541.4,866107
2021-06-15 09:33:43,541.4,866107
2021-06-15 09:33:44,541.4,866927
2021-06-15 09:33:45,541.35,867124
2021-06-15 09:33:46,541.45,867129
2021-06-15 09:33:47,541.35,868673
2021-06-15 09:33:48,541.3,869362
2021-06-15 09:33:49,541.35,869365
2021-06-15 09:33:50,541.35,869583
2021-06-15 09:33:51,541.45,869740
2021-06-15 09:33:52,541.35,869743
2021-06-15 09:33:53,541.35,869775
2021-06-15 09:33:54,541.45,870118
2021-06-15 09:33:55,541.35,870119
2021-06-15 09:33:56,541.3,870301
2021-06-15 09:33:57,541.35,870302
2021-06-15 09:33:58,541.2,870404
2021-06-15 09:33:59,541.4,870554
2021-06-15 09:34:00,541.4,870624
2021-06-15 09:34:01,541.4,870724
2021-06-15 09:34:02,541.4,870839
2021-06-15 09:34:03,541.3,870866
2021-06-15 09:34:04,541.45,870924
2021-06-15 09:34:05,541.2,871057
2021-06-15 09:34:06,541.3,871103
2021-06-15 09:34:07,541.3,871126
2021-06-15 09:34:08,541.2,871143
2021-06-15 09:34:09,541.2,873048
2021-06-15 09:34:10,541.2,873238
2021-06-15 09:34:11,541.2,873342
2021-06-15 09:34:12,541.2,873383
2021-06-15 09:34:13,541.2,873503
2021-06-15 09:34:14,541.1,873545
2021-06-15 09:34:15,541.1,873762
2021-06-15 09:34:16,541.05,873872
2021-06-15 09:34:17,541.2,873875
2021-06-15 09:34:18,541.2,874230
2021-06-15 09:34:18,541.05,874487
2021-06-15 09:34:19,541.2,874502
2021-06-15 09:34:20,540.95,891476
2021-06-15 09:34:21,540.95,891631
2021-06-15 09:34:22,540.8,891726
2021-06-15 09:34:24,540.8,891728
2021-06-15 09:34:24,540.95,891768
2021-06-15 09:34:25,540.8,892044
2021-06-15 09:34:26,540.8,892044
2021-06-15 09:34:27,540.9,892045
2021-06-15 09:34:28,540.9,892045
2021-06-15 09:34:29,540.9,892045
2021-06-15 09:34:31,540.9,892170
2021-06-15 09:34:31,540.8,892797
2021-06-15 09:34:32,540.8,892855
2021-06-15 09:34:33,540.8,892859
2021-06-15 09:34:34,540.5,893411
2021-06-15 09:34:36,540.75,897531
2021-06-15 09:34:37,540.55,897633
2021-06-15 09:34:38,540.55,897761
2021-06-15 09:34:39,540.8,897792
2021-06-15 09:34:40,540.85,897969
2021-06-15 09:34:41,540.55,898010
2021-06-15 09:34:42,540.8,898415
2021-06-15 09:34:43,540.6,898573
2021-06-15 09:34:44,540.8,898603
2021-06-15 09:34:45,540.8,899104
2021-06-15 09:34:46,540.8,899104
2021-06-15 09:34:48,540.5,899871
2021-06-15 09:34:49,540.65,899973
2021-06-15 09:34:50,540.65,900168
2021-06-15 09:34:52,540.3,902007
2021-06-15 09:34:53,540.5,902759
2021-06-15 09:34:55,540.5,903224
2021-06-15 09:34:56,540.5,903226
2021-06-15 09:34:57,540.5,903335
2021-06-15 09:34:58,540.4,903480
2021-06-15 09:34:59,540.5,903718
2021-06-15 09:35:00,540.65,907274
2021-06-15 09:35:01,540.65,907525
2021-06-15 09:35:02,540.6,907620
2021-06-15 09:35:03,540.6,907670
2021-06-15 09:35:04,540.4,907720
2021-06-15 09:35:05,540.6,907755
2021-06-15 09:35:06,540.35,908035
2021-06-15 09:35:07,540.55,908059
2021-06-15 09:35:08,540.5,908207
2021-06-15 09:35:09,540.5,908408
2021-06-15 09:35:10,540.45,908513
2021-06-15 09:35:11,540.45,908918
2021-06-15 09:35:12,540.45,909060
2021-06-15 09:35:13,540.45,909120
2021-06-15 09:35:14,540.45,909235
2021-06-15 09:35:15,540.55,909627
2021-06-15 09:35:16,540.55,909729
2021-06-15 09:35:17,540.65,909769
2021-06-15 09:35:18,540.8,910769
2021-06-15 09:35:19,540.6,910869
2021-06-15 09:35:20,540.6,910935
2021-06-15 09:35:21,540.65,911010
2021-06-15 09:35:22,540.85,911147
2021-06-15 09:35:23,540.8,911169
2021-06-15 09:35:25,540.6,911333
2021-06-15 09:35:26,540.8,911473
2021-06-15 09:35:27,540.6,914527
2021-06-15 09:35:28,540.7,914530
2021-06-15 09:35:29,540.7,914577
2021-06-15 09:35:30,540.7,914588
2021-06-15 09:35:31,540.65,914608
2021-06-15 09:35:32,540.65,914612
2021-06-15 09:35:33,540.75,915234
2021-06-15 09:35:34,540.7,915290
2021-06-15 09:35:35,540.75,915760
2021-06-15 09:35:36,540.7,917828
2021-06-15 09:35:37,540.5,918406
2021-06-15 09:35:38,540.6,918751
2021-06-15 09:35:39,540.75,918773
2021-06-15 09:35:40,540.6,919073
2021-06-15 09:35:41,540.7,919138
2021-06-15 09:35:42,540.6,919139
2021-06-15 09:35:43,540.6,919512
2021-06-15 09:35:45,540.7,919729
2021-06-15 09:35:46,540.7,919729
2021-06-15 09:35:47,540.7,919729
2021-06-15 09:35:48,540.75,919824
2021-06-15 09:35:49,540.75,919824
2021-06-15 09:35:50,540.5,919892
2021-06-15 09:35:51,540.75,919941
2021-06-15 09:35:52,540.6,919966
2021-06-15 09:35:53,540.75,919993
2021-06-15 09:35:54,540.75,920493
2021-06-15 09:35:55,540.55,920801
2021-06-15 09:35:56,540.55,920902
2021-06-15 09:35:58,540.7,920945
2021-06-15 09:35:59,540.7,921324
2021-06-15 09:36:00,540.7,921324
2021-06-15 09:36:01,540.7,921324
2021-06-15 09:36:02,540.6,921327
2021-06-15 09:36:03,540.7,921842
2021-06-15 09:36:04,540.7,921883
2021-06-15 09:36:05,540.7,922119
2021-06-15 09:36:06,540.7,922139
2021-06-15 09:36:07,540.75,922292
2021-06-15 09:36:08,540.6,922329
2021-06-15 09:36:09,540.6,922329
2021-06-15 09:36:10,540.75,922729
2021-06-15 09:36:11,540.8,922959
2021-06-15 09:36:12,540.8,922984
2021-06-15 09:36:13,540.7,923003
2021-06-15 09:36:14,540.85,923077
2021-06-15 09:36:15,540.6,923294
2021-06-15 09:36:16,540.65,924128
2021-06-15 09:36:17,540.8,924332
2021-06-15 09:36:18,540.8,924337
2021-06-15 09:36:19,540.8,924487
2021-06-15 09:36:20,540.8,924498
2021-06-15 09:36:21,540.8,924838
2021-06-15 09:36:22,540.8,924953
2021-06-15 09:36:23,540.7,928027
2021-06-15 09:36:24,540.7,928716
2021-06-15 09:36:25,540.65,928720
2021-06-15 09:36:26,540.65,928720
2021-06-15 09:36:27,540.55,932457
2021-06-15 09:36:28,540.55,932461
2021-06-15 09:36:29,540.4,933499
2021-06-15 09:36:30,540.45,933793
2021-06-15 09:36:31,540.5,933918
2021-06-15 09:36:32,540.5,934168
2021-06-15 09:36:33,540.5,934225
2021-06-15 09:36:34,540.5,934255
2021-06-15 09:36:35,540.15,941445
2021-06-15 09:36:36,540.15,943631
2021-06-15 09:36:37,540.15,944155
2021-06-15 09:36:38,540.2,944215
2021-06-15 09:36:39,540.2,944342
2021-06-15 09:36:40,540.2,944342
2021-06-15 09:36:41,540.2,944392
2021-06-15 09:36:42,540.2,944393
2021-06-15 09:36:43,540.15,944937
2021-06-15 09:36:44,540.15,945263
2021-06-15 09:36:45,540.2,945316
2021-06-15 09:36:46,540.15,945390
2021-06-15 09:36:47,540.2,945516
2021-06-15 09:36:48,540.15,945521
2021-06-15 09:36:49,540.15,945521
2021-06-15 09:36:50,540.15,945521
2021-06-15 09:36:51,540.2,945621
2021-06-15 09:36:52,540.2,945634
2021-06-15 09:36:53,540.15,945682
2021-06-15 09:36:54,540.25,946402
2021-06-15 09:36:55,540.25,946496
2021-06-15 09:36:56,540.25,946497
2021-06-15 09:36:57,540.25,946802
2021-06-15 09:36:58,540.25,946819
2021-06-15 09:36:59,540.25,946819
2021-06-15 09:37:00,540.2,946828
2021-06-15 09:37:01,540.15,947043
2021-06-15 09:37:02,540.15,947213
2021-06-15 09:37:03,540.05,947406
2021-06-15 09:37:04,540.15,947414
2021-06-15 09:37:05,540.05,948351
2021-06-15 09:37:07,540.25,948352
2021-06-15 09:37:08,540.25,948535
2021-06-15 09:37:08,540.25,948540
2021-06-15 09:37:09,540.05,948541
2021-06-15 09:37:10,540.0,957009
2021-06-15 09:37:11,540.15,957324
2021-06-15 09:37:12,540.05,957379
2021-06-15 09:37:14,540.15,957701
2021-06-15 09:37:15,540.05,957967
2021-06-15 09:37:16,540.05,957992
2021-06-15 09:37:17,540.1,958183
2021-06-15 09:37:18,540.15,958348
2021-06-15 09:37:18,540.15,958348
2021-06-15 09:37:19,540.15,958368
2021-06-15 09:37:20,540.1,958487
2021-06-15 09:37:21,540.1,958550
2021-06-15 09:37:22,540.1,958602
2021-06-15 09:37:24,540.15,959011
2021-06-15 09:37:25,540.1,959148
2021-06-15 09:37:26,540.1,959268
2021-06-15 09:37:28,540.15,959323
2021-06-15 09:37:29,540.1,959440
2021-06-15 09:37:33,540.05,962229
2021-06-15 09:37:36,540.15,963357
2021-06-15 09:37:40,540.15,965209
2021-06-15 09:37:48,540.0,967292
2021-06-15 09:37:52,540.0,968116
2021-06-15 09:37:57,540.0,968289
2021-06-15 09:38:01,540.15,968786
2021-06-15 09:38:05,540.05,971600
2021-06-15 09:38:13,540.05,972050
2021-06-15 09:38:17,540.0,972687
2021-06-15 09:38:21,540.05,974161
2021-06-15 09:38:25,540.05,974438
2021-06-15 09:38:29,540.1,975108
2021-06-15 09:38:33,540.15,975376
2021-06-15 09:38:37,540.1,975825
2021-06-15 09:38:41,540.05,976359
2021-06-15 09:38:45,540.1,979347
2021-06-15 09:38:49,540.1,979586
2021-06-15 09:38:53,540.1,980144
2021-06-15 09:38:57,540.1,980294
2021-06-15 09:39:01,540.2,981489
2021-06-15 09:39:05,540.1,981850
2021-06-15 09:39:08,540.1,982357
2021-06-15 09:39:12,540.15,983300
2021-06-15 09:39:16,540.1,985235
2021-06-15 09:39:19,540.2,985501
2021-06-15 09:39:27,540.2,987762
2021-06-15 09:39:30,540.2,988554
2021-06-15 09:39:34,540.15,988826
2021-06-15 09:39:38,540.3,990859
2021-06-15 09:39:42,540.25,991094
2021-06-15 09:39:46,540.3,991975
2021-06-15 09:39:50,540.15,992282
2021-06-15 09:39:54,540.15,992312
2021-06-15 09:39:58,540.2,993997
2021-06-15 09:40:02,540.05,994987
2021-06-15 09:40:07,540.0,995548
2021-06-15 09:40:11,540.2,997209
2021-06-15 09:40:14,540.0,997584
2021-06-15 09:40:18,540.0,998910
2021-06-15 09:40:22,539.95,1011124
2021-06-15 09:40:26,539.95,1011412
2021-06-15 09:40:30,539.7,1012390
2021-06-15 09:40:35,540.0,1013039
2021-06-15 09:40:39,539.8,1013281
2021-06-15 09:40:43,539.7,1013660
2021-06-15 09:40:46,539.7,1013994
2021-06-15 09:40:50,539.9,1015126
2021-06-15 09:40:54,539.9,1015579
2021-06-15 09:40:58,539.7,1021454
2021-06-15 09:41:02,539.3,1024829
2021-06-15 09:41:06,539.25,1025894
2021-06-15 09:41:10,539.4,1026402
2021-06-15 09:41:14,539.3,1027336
2021-06-15 09:41:18,539.15,1027695
2021-06-15 09:41:25,539.2,1030308
2021-06-15 09:41:29,539.25,1030597
2021-06-15 09:41:33,539.3,1030984
2021-06-15 09:41:37,539.3,1031474
2021-06-15 09:41:41,539.6,1032594
2021-06-15 09:41:45,539.6,1032927
2021-06-15 09:41:49,539.4,1033512
2021-06-15 09:41:52,539.6,1033834
2021-06-15 09:41:56,539.5,1034209
2021-06-15 09:41:59,539.5,1034449
2021-06-15 09:42:03,539.5,1036244
2021-06-15 09:42:06,539.5,1036978
2021-06-15 09:42:13,539.65,1037406
2021-06-15 09:42:17,539.7,1037677
2021-06-15 09:42:21,539.65,1037860
2021-06-15 09:42:24,539.8,1047104
2021-06-15 09:42:27,539.8,1047395
2021-06-15 09:42:31,539.85,1048488
2021-06-15 09:42:34,539.8,1048733
2021-06-15 09:42:38,539.9,1049174
2021-06-15 09:42:45,539.9,1049733
2021-06-15 09:42:48,539.95,1050245
2021-06-15 09:42:52,539.9,1051026
2021-06-15 09:42:56,539.8,1052256
2021-06-15 09:43:00,539.95,1053189
2021-06-15 09:43:03,539.85,1053227
2021-06-15 09:43:07,539.85,1055263
2021-06-15 09:43:11,539.9,1055273
2021-06-15 09:43:15,539.9,1055361
2021-06-15 09:43:18,540.0,1056896
2021-06-15 09:43:22,539.95,1057639
2021-06-15 09:43:26,540.05,1058611
2021-06-15 09:43:30,540.05,1058985
2021-06-15 09:43:33,540.2,1059168
2021-06-15 09:43:37,540.2,1059232
2021-06-15 09:43:41,540.2,1059845
2021-06-15 09:43:44,540.05,1061899
2021-06-15 09:43:52,540.1,1064045
2021-06-15 09:43:56,540.1,1064128
2021-06-15 09:43:59,540.3,1066035
2021-06-15 09:44:03,540.1,1066482
2021-06-15 09:44:06,540.3,1068247
2021-06-15 09:44:10,539.95,1078741
2021-06-15 09:44:14,539.8,1079872
2021-06-15 09:44:17,539.85,1080182
2021-06-15 09:44:21,539.8,1080801
2021-06-15 09:44:24,539.9,1080843
2021-06-15 09:44:28,539.85,1081003
2021-06-15 09:44:31,539.9,1082160
2021-06-15 09:44:35,539.8,1082591
2021-06-15 09:44:38,539.9,1083378
2021-06-15 09:44:42,539.8,1084158
2021-06-15 09:44:45,539.8,1084388
2021-06-15 09:44:49,539.9,1084607
2021-06-15 09:44:52,539.9,1084683
2021-06-15 09:44:56,539.9,1084804
2021-06-15 09:44:59,539.9,1084809
2021-06-15 09:45:06,539.85,1086023
2021-06-15 09:45:09,539.95,1086183
2021-06-15 09:45:13,539.95,1086561
2021-06-15 09:45:16,539.9,1086645
2021-06-15 09:45:20,539.85,1087089
2021-06-15 09:45:23,539.65,1096211
2021-06-15 09:45:27,539.7,1097193
2021-06-15 09:45:31,539.7,1097642
2021-06-15 09:45:36,539.5,1103649
2021-06-15 09:45:40,539.5,1104039
2021-06-15 09:45:43,539.35,1104702
2021-06-15 09:45:46,539.6,1104854
2021-06-15 09:45:50,539.5,1105182
2021-06-15 09:45:54,539.5,1107678
2021-06-15 09:45:58,539.5,1107856
2021-06-15 09:46:01,539.5,1108202
2021-06-15 09:46:05,539.55,1108571
2021-06-15 09:46:09,539.5,1108655
2021-06-15 09:46:12,539.55,1108710
2021-06-15 09:46:16,539.55,1108948
2021-06-15 09:46:20,539.5,1109400
2021-06-15 09:46:24,539.5,1109596
2021-06-15 09:46:27,539.5,1109976
2021-06-15 09:46:31,539.3,1110371
2021-06-15 09:46:35,539.5,1111083
2021-06-15 09:46:38,539.5,1112014
2021-06-15 09:46:42,539.45,1112349
2021-06-15 09:46:45,539.4,1112496
2021-06-15 09:46:49,539.4,1112751
2021-06-15 09:46:52,539.45,1113003
2021-06-15 09:46:56,539.35,1114130
2021-06-15 09:46:59,539.25,1114183
2021-06-15 09:47:02,539.4,1114363
2021-06-15 09:47:06,539.35,1114515
2021-06-15 09:47:09,539.5,1115039
2021-06-15 09:47:13,539.5,1115072
2021-06-15 09:47:21,539.8,1117179
2021-06-15 09:47:24,539.65,1117449
2021-06-15 09:47:28,539.8,1117684
2021-06-15 09:47:32,539.8,1118343
2021-06-15 09:47:35,539.95,1118900
2021-06-15 09:47:39,539.95,1119297
2021-06-15 09:47:43,539.95,1119395
2021-06-15 09:47:46,539.95,1119480
2021-06-15 09:47:50,539.8,1120122
2021-06-15 09:47:53,539.85,1120252
2021-06-15 09:47:57,539.9,1121144
2021-06-15 09:48:07,540.0,1122694
2021-06-15 09:48:13,539.8,1123401
2021-06-15 09:48:17,539.8,1123462
2021-06-15 09:48:20,539.95,1123822
2021-06-15 09:48:27,539.65,1128981
2021-06-15 09:48:31,539.7,1129200
2021-06-15 09:48:35,539.4,1131343
2021-06-15 09:48:38,539.65,1131674
2021-06-15 09:48:42,539.4,1131699
2021-06-15 09:48:45,539.65,1132252
2021-06-15 09:48:49,539.45,1132274
2021-06-15 09:48:52,539.45,1132274
2021-06-15 09:48:56,539.5,1132390
2021-06-15 09:48:59,539.45,1132890
2021-06-15 09:49:03,539.7,1133014
2021-06-15 09:49:06,539.7,1133014
2021-06-15 09:49:10,539.65,1133060
2021-06-15 09:49:14,539.65,1133666
2021-06-15 09:49:28,539.65,1136613
2021-06-15 09:49:32,539.7,1136630
2021-06-15 09:49:36,539.8,1137267
2021-06-15 09:49:39,539.7,1138040
2021-06-15 09:49:43,539.8,1138421
2021-06-15 09:49:46,539.95,1140035
2021-06-15 09:49:50,539.8,1140536
2021-06-15 09:49:53,539.95,1140746
2021-06-15 09:49:56,539.95,1140780
2021-06-15 09:49:59,539.95,1140780
2021-06-15 09:50:02,540.0,1141889
2021-06-15 09:50:06,539.95,1142291
2021-06-15 09:50:09,539.95,1142574
2021-06-15 09:50:12,540.0,1143663
2021-06-15 09:50:15,540.0,1144026
2021-06-15 09:50:18,539.95,1144568
2021-06-15 09:50:21,540.0,1144846
2021-06-15 09:50:25,539.95,1145043
2021-06-15 09:50:28,539.95,1145375
2021-06-15 09:50:32,539.95,1145447
2021-06-15 09:50:35,540.0,1145493
2021-06-15 09:50:38,540.0,1148643
2021-06-15 09:50:41,540.25,1149345
2021-06-15 09:50:44,540.15,1149500
2021-06-15 09:50:51,540.2,1152921
2021-06-15 09:50:54,540.2,1153180
2021-06-15 09:50:58,540.2,1153504
2021-06-15 09:51:01,540.1,1153746
2021-06-15 09:51:04,540.1,1153764
2021-06-15 09:51:07,540.2,1154092
2021-06-15 09:51:10,540.2,1155111
2021-06-15 09:51:14,540.25,1155350
2021-06-15 09:51:17,540.3,1155985
2021-06-15 09:51:21,540.3,1156090
2021-06-15 09:51:24,540.2,1157579
2021-06-15 09:51:28,540.3,1157936
2021-06-15 09:51:35,540.35,1158124
2021-06-15 09:51:39,540.45,1158413
2021-06-15 09:51:42,540.3,1158860
2021-06-15 09:51:45,540.2,1160643
2021-06-15 09:51:49,540.25,1161026
2021-06-15 09:51:52,540.4,1161703
2021-06-15 09:51:56,540.45,1161858
2021-06-15 09:52:00,540.45,1162494
2021-06-15 09:52:03,540.35,1163223
2021-06-15 09:52:06,540.55,1167139
2021-06-15 09:52:09,540.55,1167443
2021-06-15 09:52:12,540.6,1168030
2021-06-15 09:52:15,540.6,1168613
2021-06-15 09:52:19,540.6,1169149
2021-06-15 09:52:23,540.75,1169331
2021-06-15 09:52:27,540.75,1169524
2021-06-15 09:52:30,540.75,1169660
2021-06-15 09:52:34,540.8,1169808
2021-06-15 09:52:37,540.85,1170737
2021-06-15 09:52:40,540.75,1170960
2021-06-15 09:52:43,540.75,1171176
2021-06-15 09:52:47,540.8,1171575
2021-06-15 09:52:51,540.95,1173966
2021-06-15 09:52:54,540.85,1174614
2021-06-15 09:52:57,540.95,1175483
2021-06-15 09:53:00,540.95,1175954
2021-06-15 09:53:04,540.85,1177578
2021-06-15 09:53:07,540.95,1177755
2021-06-15 09:53:11,540.85,1178122
2021-06-15 09:53:14,540.85,1178265
2021-06-15 09:53:17,540.95,1179140
2021-06-15 09:53:20,540.95,1179264
2021-06-15 09:53:23,540.85,1179289
2021-06-15 09:53:27,540.85,1186407
2021-06-15 09:53:30,540.85,1188481
2021-06-15 09:53:33,540.9,1188562
2021-06-15 09:53:36,540.85,1189027
2021-06-15 09:53:39,540.85,1189669
2021-06-15 09:53:42,540.85,1189817
2021-06-15 09:53:46,540.85,1191094
2021-06-15 09:53:50,540.9,1191376
2021-06-15 09:53:53,540.8,1191535
2021-06-15 09:53:56,540.85,1191611
2021-06-15 09:53:59,540.9,1192467
2021-06-15 09:54:03,540.9,1192903
2021-06-15 09:54:06,540.95,1193177
2021-06-15 09:54:09,540.85,1193270
2021-06-15 09:54:12,540.85,1193627
2021-06-15 09:54:16,540.85,1193693
2021-06-15 09:54:18,540.85,1193802
2021-06-15 09:54:22,540.85,1193912
2021-06-15 09:54:28,540.8,1194315
2021-06-15 09:54:31,540.65,1194828
2021-06-15 09:54:34,540.6,1195300
2021-06-15 09:54:38,540.5,1195797
2021-06-15 09:54:42,540.5,1196416
2021-06-15 09:54:45,540.5,1196683
2021-06-15 09:54:48,540.5,1197018
2021-06-15 09:54:52,540.65,1197207
2021-06-15 09:54:56,540.5,1198588
2021-06-15 09:54:59,540.5,1198677
2021-06-15 09:55:03,540.45,1198926
2021-06-15 09:55:06,540.5,1199831
2021-06-15 09:55:10,540.5,1200381
2021-06-15 09:55:13,540.45,1201224
2021-06-15 09:55:16,540.5,1201659
2021-06-15 09:55:20,540.45,1201803
2021-06-15 09:55:23,540.3,1202112
2021-06-15 09:55:26,540.55,1202462
2021-06-15 09:55:29,540.35,1202485
2021-06-15 09:55:36,540.55,1203496
2021-06-15 09:55:39,540.4,1203521
2021-06-15 09:55:42,540.45,1203660
2021-06-15 09:55:45,540.5,1203963
2021-06-15 09:55:49,540.4,1204516
2021-06-15 09:55:52,540.45,1204755
2021-06-15 09:55:56,540.45,1204823
2021-06-15 09:55:59,540.45,1204881
2021-06-15 09:56:02,540.45,1204881
2021-06-15 09:56:05,540.45,1204899
2021-06-15 09:56:09,540.55,1205021
2021-06-15 09:56:12,540.45,1205176
2021-06-15 09:56:15,540.55,1205474
2021-06-15 09:56:18,540.45,1205619
2021-06-15 09:56:21,540.45,1205630
2021-06-15 09:56:25,540.55,1205655
2021-06-15 09:56:28,540.45,1205767
2021-06-15 09:56:31,540.55,1205885
2021-06-15 09:56:34,540.45,1205913
2021-06-15 09:56:37,540.45,1206607
2021-06-15 09:56:41,540.5,1206991
2021-06-15 09:56:44,540.45,1207015
2021-06-15 09:56:47,540.5,1207119
2021-06-15 09:56:50,540.5,1207679
2021-06-15 09:56:53,540.5,1207720
2021-06-15 09:56:56,540.35,1207898
2021-06-15 09:57:00,540.45,1207951
2021-06-15 09:57:03,540.5,1208083
2021-06-15 09:57:06,540.55,1208294
2021-06-15 09:57:10,540.5,1208410
2021-06-15 09:57:13,540.55,1208590
2021-06-15 09:57:16,540.55,1208616
2021-06-15 09:57:19,540.55,1208648
2021-06-15 09:57:22,540.5,1208676
2021-06-15 09:57:25,540.5,1209645
2021-06-15 09:57:28,540.45,1209683
2021-06-15 09:57:31,540.45,1210092
2021-06-15 09:57:36,540.45,1210801
2021-06-15 09:57:39,540.35,1211014
2021-06-15 09:57:43,540.45,1213535
2021-06-15 09:57:46,540.3,1213677
2021-06-15 09:57:49,540.3,1213686
2021-06-15 09:57:52,540.5,1213787
2021-06-15 09:57:55,540.5,1213886
2021-06-15 09:57:58,540.3,1214339
2021-06-15 09:58:02,540.3,1214362
2021-06-15 09:58:05,540.3,1214398
2021-06-15 09:58:08,540.3,1214536
2021-06-15 09:58:12,540.5,1214794
2021-06-15 09:58:14,540.3,1214816
2021-06-15 09:58:18,540.3,1215066
2021-06-15 09:58:20,540.3,1215080
2021-06-15 09:58:23,540.3,1215200
2021-06-15 09:58:26,540.3,1215210
2021-06-15 09:58:29,540.45,1215325
2021-06-15 09:58:32,540.3,1215511
2021-06-15 09:58:35,540.3,1215607
2021-06-15 09:58:38,540.3,1215632
2021-06-15 09:58:41,540.3,1215693
2021-06-15 09:58:44,540.3,1215741
2021-06-15 09:58:48,540.35,1215862
2021-06-15 09:58:51,540.3,1215909
2021-06-15 09:58:57,540.0,1232698
2021-06-15 09:59:01,540.0,1233215
2021-06-15 09:59:04,540.05,1233434
2021-06-15 09:59:08,540.05,1233453
2021-06-15 09:59:11,540.0,1233467
2021-06-15 09:59:14,540.0,1234095
2021-06-15 09:59:17,540.0,1234235
2021-06-15 09:59:20,540.05,1235174
2021-06-15 09:59:23,540.05,1235369
2021-06-15 09:59:27,540.05,1235510
2021-06-15 09:59:30,540.05,1237399
2021-06-15 09:59:33,539.8,1241014
2021-06-15 09:59:37,539.9,1241725
2021-06-15 09:59:40,539.9,1241836
2021-06-15 09:59:43,539.8,1242329
2021-06-15 09:59:47,540.0,1242846
2021-06-15 09:59:50,539.95,1242874
2021-06-15 09:59:54,539.7,1243481
2021-06-15 09:59:57,540.0,1249119
2021-06-15 10:00:00,540.0,1249390
2021-06-15 10:00:03,539.8,1249630
2021-06-15 10:00:06,539.75,1249783
2021-06-15 10:00:10,539.95,1250156
2021-06-15 10:00:13,539.8,1250277
2021-06-15 10:00:16,539.85,1251636
2021-06-15 10:00:19,539.65,1251836
2021-06-15 10:00:23,539.6,1251874
2021-06-15 10:00:29,539.7,1254214
2021-06-15 10:00:32,539.6,1254791
2021-06-15 10:00:36,539.6,1255593
2021-06-15 10:00:39,539.65,1255828
2021-06-15 10:00:42,539.65,1257823
2021-06-15 10:00:48,539.4,1259944
2021-06-15 10:00:52,539.4,1260052
2021-06-15 10:00:55,539.4,1260061
2021-06-15 10:01:01,539.45,1260812
2021-06-15 10:01:05,539.45,1261553
2021-06-15 10:01:08,539.6,1261696
2021-06-15 10:01:11,539.4,1268978
2021-06-15 10:01:15,539.6,1269232
2021-06-15 10:01:18,539.6,1270997
2021-06-15 10:01:22,539.6,1271080
2021-06-15 10:01:25,539.4,1271132
2021-06-15 10:01:28,539.4,1271365
2021-06-15 10:01:31,539.4,1271430
2021-06-15 10:01:34,539.4,1271938
2021-06-15 10:01:37,539.4,1272148
2021-06-15 10:01:40,539.55,1272287
2021-06-15 10:01:43,539.4,1272309
2021-06-15 10:01:50,539.5,1272858
2021-06-15 10:01:53,539.5,1272962
2021-06-15 10:01:56,539.6,1273082
2021-06-15 10:01:59,539.5,1273410
2021-06-15 10:02:03,539.65,1273506
2021-06-15 10:02:06,539.65,1273773
2021-06-15 10:02:09,539.65,1273804
2021-06-15 10:02:12,539.65,1273910
2021-06-15 10:02:19,539.5,1274302
2021-06-15 10:02:22,539.5,1274846
2021-06-15 10:02:26,539.65,1278920
2021-06-15 10:02:29,539.5,1278960
2021-06-15 10:02:32,539.65,1279263
2021-06-15 10:02:36,539.7,1279445
2021-06-15 10:02:39,539.65,1279612
2021-06-15 10:02:42,539.65,1279615
2021-06-15 10:02:45,539.65,1279732
2021-06-15 10:02:48,539.6,1279906
2021-06-15 10:02:51,539.75,1279972
2021-06-15 10:02:55,539.8,1280045
2021-06-15 10:02:58,539.75,1280055
2021-06-15 10:03:02,539.8,1280182
2021-06-15 10:03:05,539.75,1280373
2021-06-15 10:03:08,539.85,1280383
2021-06-15 10:03:15,539.85,1280905
2021-06-15 10:03:18,539.75,1280953
2021-06-15 10:03:22,539.75,1282798
2021-06-15 10:03:25,539.75,1284457
2021-06-15 10:03:29,539.85,1284483
2021-06-15 10:03:32,539.9,1284739
2021-06-15 10:03:36,539.9,1284929
2021-06-15 10:03:39,539.85,1285043
2021-06-15 10:03:42,539.85,1285118
2021-06-15 10:03:45,539.85,1285126
2021-06-15 10:03:49,539.85,1285278
2021-06-15 10:03:52,539.9,1285382
2021-06-15 10:03:55,539.9,1285423
2021-06-15 10:03:59,539.85,1285491
2021-06-15 10:04:02,539.85,1285759
2021-06-15 10:04:05,539.85,1285858
2021-06-15 10:04:08,539.85,1285967
2021-06-15 10:04:12,539.9,1285998
2021-06-15 10:04:15,539.85,1286355
2021-06-15 10:04:17,539.8,1286622
2021-06-15 10:04:21,539.9,1287009
2021-06-15 10:04:24,539.85,1291147
2021-06-15 10:04:27,539.85,1291504
2021-06-15 10:04:30,539.85,1291514
2021-06-15 10:04:33,539.8,1291623
2021-06-15 10:04:36,539.85,1291763
2021-06-15 10:04:39,539.85,1291906
2021-06-15 10:04:42,539.6,1293939
2021-06-15 10:04:45,539.6,1294014
2021-06-15 10:04:48,539.7,1294056
2021-06-15 10:04:51,539.7,1294078
2021-06-15 10:04:54,539.75,1294174
2021-06-15 10:04:57,539.7,1294207
2021-06-15 10:05:00,539.7,1294242
2021-06-15 10:05:03,539.7,1294580
2021-06-15 10:05:06,539.7,1294695
2021-06-15 10:05:09,539.7,1294704
2021-06-15 10:05:13,539.8,1294721
2021-06-15 10:05:16,539.7,1294893
2021-06-15 10:05:19,539.8,1295344
2021-06-15 10:05:22,539.75,1295419
2021-06-15 10:05:26,539.75,1295431
2021-06-15 10:05:29,539.8,1295819
2021-06-15 10:05:33,539.75,1295824
2021-06-15 10:05:36,539.75,1296183
2021-06-15 10:05:39,539.75,1296448
2021-06-15 10:05:43,539.6,1296869
2021-06-15 10:05:46,539.0,1316637
2021-06-15 10:05:49,539.0,1316918
2021-06-15 10:05:52,539.0,1317052
2021-06-15 10:05:56,539.0,1317713
2021-06-15 10:05:59,539.1,1317836
2021-06-15 10:06:02,539.1,1318332
2021-06-15 10:06:06,539.15,1319493
2021-06-15 10:06:09,539.4,1319815
2021-06-15 10:06:12,539.15,1320181
2021-06-15 10:06:15,539.3,1320661
2021-06-15 10:06:18,539.1,1322012
2021-06-15 10:06:21,539.15,1322326
2021-06-15 10:06:24,539.3,1322383
2021-06-15 10:06:27,539.2,1322682
2021-06-15 10:06:33,539.3,1323292
2021-06-15 10:06:36,539.4,1323887
2021-06-15 10:06:39,539.3,1324103
2021-06-15 10:06:42,539.3,1324498
2021-06-15 10:06:48,539.3,1324645
2021-06-15 10:06:51,539.3,1325468
2021-06-15 10:06:54,539.3,1325481
2021-06-15 10:06:57,539.35,1325840
2021-06-15 10:07:00,539.3,1325924
2021-06-15 10:07:04,539.4,1326998
2021-06-15 10:07:07,539.3,1327017
2021-06-15 10:07:10,539.35,1327027
2021-06-15 10:07:13,539.3,1327477
2021-06-15 10:07:16,539.3,1327592
2021-06-15 10:07:19,539.35,1327667
2021-06-15 10:07:21,539.4,1327897
2021-06-15 10:07:24,539.4,1328102
2021-06-15 10:07:27,539.3,1328451
2021-06-15 10:07:30,539.4,1328894
2021-06-15 10:07:33,539.35,1328902
2021-06-15 10:07:37,539.3,1329448
2021-06-15 10:07:40,539.35,1329473
2021-06-15 10:07:43,539.35,1330314
2021-06-15 10:07:46,539.4,1330683
2021-06-15 10:07:49,539.35,1331147
2021-06-15 10:07:52,539.35,1331557
2021-06-15 10:07:56,539.3,1331958
2021-06-15 10:07:59,539.3,1332422
2021-06-15 10:08:02,539.3,1338620
2021-06-15 10:08:05,539.3,1338816
2021-06-15 10:08:08,539.25,1338918
2021-06-15 10:08:10,539.3,1338959
2021-06-15 10:08:13,539.3,1338979
2021-06-15 10:08:16,539.3,1339009
2021-06-15 10:08:19,539.25,1339095
2021-06-15 10:08:22,539.2,1339269
2021-06-15 10:08:26,539.25,1339368
2021-06-15 10:08:28,539.2,1339377
2021-06-15 10:08:32,539.25,1339439
2021-06-15 10:08:34,539.25,1339726
2021-06-15 10:08:37,539.25,1339737
2021-06-15 10:08:40,539.2,1340264
2021-06-15 10:08:43,539.2,1340325
2021-06-15 10:08:46,539.25,1345729
2021-06-15 10:08:49,539.2,1345916
2021-06-15 10:08:52,539.2,1345976
2021-06-15 10:08:56,539.25,1351559
2021-06-15 10:08:59,539.25,1352058
2021-06-15 10:09:02,539.3,1352588
2021-06-15 10:09:05,539.25,1352674
2021-06-15 10:09:08,539.25,1353634
2021-06-15 10:09:14,539.25,1354467
2021-06-15 10:09:17,539.35,1354545
2021-06-15 10:09:20,539.4,1354673
2021-06-15 10:09:23,539.4,1354798
2021-06-15 10:09:26,539.35,1354838
2021-06-15 10:09:29,539.3,1354850
2021-06-15 10:09:32,539.3,1355752
2021-06-15 10:09:35,539.4,1355765
2021-06-15 10:09:38,539.45,1356860
2021-06-15 10:09:44,539.7,1358633
2021-06-15 10:09:47,539.45,1359466
2021-06-15 10:09:51,539.7,1360763
2021-06-15 10:09:54,539.75,1361802
2021-06-15 10:09:58,539.5,1362604
2021-06-15 10:10:01,539.55,1364084
2021-06-15 10:10:04,539.55,1364222
2021-06-15 10:10:07,539.8,1364339
2021-06-15 10:10:10,539.55,1364348
2021-06-15 10:10:12,539.7,1364478
2021-06-15 10:10:19,539.8,1364933
2021-06-15 10:10:22,539.65,1365006
2021-06-15 10:10:26,539.65,1365174
2021-06-15 10:10:30,539.55,1365889
2021-06-15 10:10:33,539.7,1366328
2021-06-15 10:10:36,539.85,1366834
2021-06-15 10:10:39,539.75,1367249
2021-06-15 10:10:42,539.7,1367295
2021-06-15 10:10:44,539.85,1367453
2021-06-15 10:10:47,539.9,1367954
2021-06-15 10:10:50,539.9,1368654
2021-06-15 10:10:53,539.9,1368720
2021-06-15 10:10:56,539.9,1368782
2021-06-15 10:10:59,539.9,1370731
2021-06-15 10:11:02,539.9,1370861
2021-06-15 10:11:05,539.85,1370920
2021-06-15 10:11:08,539.85,1371076
2021-06-15 10:11:11,539.85,1371098
2021-06-15 10:11:13,539.85,1371524
2021-06-15 10:11:16,539.85,1371547
2021-06-15 10:11:18,539.85,1371883
2021-06-15 10:11:21,539.95,1371986
2021-06-15 10:11:24,539.85,1372328
2021-06-15 10:11:31,539.95,1372493
2021-06-15 10:11:33,539.85,1372515
2021-06-15 10:11:36,539.9,1373164
2021-06-15 10:11:39,539.95,1373224
2021-06-15 10:11:42,540.0,1373408
2021-06-15 10:11:45,540.0,1373668
2021-06-15 10:11:48,539.95,1373710
2021-06-15 10:11:51,540.0,1373737
2021-06-15 10:11:54,539.95,1373781
2021-06-15 10:11:56,539.95,1374304
2021-06-15 10:11:59,540.0,1375049
2021-06-15 10:12:02,540.0,1375151
2021-06-15 10:12:05,540.0,1376196
2021-06-15 10:12:08,539.95,1376314
2021-06-15 10:12:11,540.0,1376542
2021-06-15 10:12:13,539.95,1376550
2021-06-15 10:12:16,540.1,1378689
2021-06-15 10:12:18,539.95,1378786
2021-06-15 10:12:21,540.2,1379199
2021-06-15 10:12:24,540.0,1379262
2021-06-15 10:12:27,540.0,1379279
2021-06-15 10:12:29,540.05,1379412
2021-06-15 10:12:32,540.05,1379528
2021-06-15 10:12:39,540.05,1379580
2021-06-15 10:12:42,540.05,1379689
2021-06-15 10:12:45,540.1,1380039
2021-06-15 10:12:48,540.05,1380374
2021-06-15 10:12:51,540.05,1380385
2021-06-15 10:12:54,540.05,1380497
2021-06-15 10:12:57,540.2,1380927
2021-06-15 10:13:01,540.3,1381106
2021-06-15 10:13:04,540.3,1381574
2021-06-15 10:13:07,540.25,1382984
2021-06-15 10:13:10,540.3,1383009
2021-06-15 10:13:13,540.3,1383063
2021-06-15 10:13:16,540.5,1384240
2021-06-15 10:13:18,540.3,1384263
2021-06-15 10:13:21,540.3,1384453
2021-06-15 10:13:24,540.3,1384527
2021-06-15 10:13:27,540.3,1385537
2021-06-15 10:13:30,540.3,1385614
2021-06-15 10:13:33,540.25,1385771
2021-06-15 10:13:36,540.25,1387133
2021-06-15 10:13:40,540.3,1387591
2021-06-15 10:13:43,540.25,1387796
2021-06-15 10:13:46,540.25,1387827
2021-06-15 10:13:49,540.3,1388057
2021-06-15 10:13:52,540.3,1388282
2021-06-15 10:13:55,540.3,1388405
2021-06-15 10:13:58,540.3,1388425
2021-06-15 10:14:01,540.35,1389488
2021-06-15 10:14:04,540.25,1389527
2021-06-15 10:14:07,540.3,1390138
2021-06-15 10:14:10,540.3,1390170
2021-06-15 10:14:13,540.35,1390175
2021-06-15 10:14:16,540.3,1390561
2021-06-15 10:14:20,540.35,1390596
2021-06-15 10:14:23,540.3,1390756
2021-06-15 10:14:26,540.3,1392678
2021-06-15 10:14:29,540.3,1393381
2021-06-15 10:14:32,540.35,1393517
2021-06-15 10:14:35,540.3,1393935
2021-06-15 10:14:37,540.3,1394042
2021-06-15 10:14:41,540.35,1394746
2021-06-15 10:14:44,540.35,1394767
2021-06-15 10:14:47,540.4,1395619
2021-06-15 10:14:50,540.4,1395786
2021-06-15 10:14:53,540.35,1395886
2021-06-15 10:14:56,540.35,1395945
2021-06-15 10:14:59,540.3,1395973
2021-06-15 10:15:02,540.35,1396173
2021-06-15 10:15:05,540.35,1396525
2021-06-15 10:15:08,540.3,1399298
2021-06-15 10:15:12,540.25,1399348
2021-06-15 10:15:14,540.25,1399937
2021-06-15 10:15:17,540.2,1400053
2021-06-15 10:15:20,540.2,1400098
2021-06-15 10:15:24,540.15,1400189
2021-06-15 10:15:27,540.05,1401005
2021-06-15 10:15:30,540.0,1403414
2021-06-15 10:15:36,540.2,1404082
2021-06-15 10:15:39,540.05,1404111
2021-06-15 10:15:42,540.2,1404162
2021-06-15 10:15:45,540.2,1404494
2021-06-15 10:15:48,540.05,1404530
2021-06-15 10:15:51,540.0,1405108
2021-06-15 10:15:54,540.05,1405250
2021-06-15 10:15:58,540.2,1405685
2021-06-15 10:16:01,540.1,1406030
2021-06-15 10:16:04,540.1,1407043
2021-06-15 10:16:07,540.2,1407119
2021-06-15 10:16:09,540.2,1407148
2021-06-15 10:16:12,540.2,1407150
2021-06-15 10:16:15,540.2,1408174
2021-06-15 10:16:17,540.35,1408344
2021-06-15 10:16:20,540.3,1408364
2021-06-15 10:16:23,540.35,1409869
2021-06-15 10:16:26,540.35,1409940
2021-06-15 10:16:28,540.3,1410342
2021-06-15 10:16:34,540.3,1411503
2021-06-15 10:16:37,540.2,1412551
2021-06-15 10:16:40,540.2,1412589
2021-06-15 10:16:43,540.2,1412604
2021-06-15 10:16:46,540.2,1412954
2021-06-15 10:16:49,540.15,1413278
2021-06-15 10:16:52,540.2,1413540
2021-06-15 10:16:55,540.2,1413560
2021-06-15 10:16:58,540.35,1414431
2021-06-15 10:17:01,540.3,1414660
2021-06-15 10:17:04,540.35,1414679
2021-06-15 10:17:06,540.3,1414736
2021-06-15 10:17:09,540.3,1414795
2021-06-15 10:17:12,540.35,1415589
2021-06-15 10:17:15,540.3,1415627
2021-06-15 10:17:17,540.35,1415639
2021-06-15 10:17:20,540.3,1415689
2021-06-15 10:17:23,540.3,1416090
2021-06-15 10:17:26,540.4,1416370
2021-06-15 10:17:29,540.35,1416486
2021-06-15 10:17:31,540.35,1416486
2021-06-15 10:17:34,540.35,1416494
2021-06-15 10:17:37,540.4,1416975
2021-06-15 10:17:40,540.35,1418096
2021-06-15 10:17:42,540.4,1419486
2021-06-15 10:17:45,540.3,1419602
2021-06-15 10:17:48,540.3,1419851
2021-06-15 10:17:51,540.3,1419948
2021-06-15 10:17:54,540.3,1421092
2021-06-15 10:17:56,540.2,1421107
2021-06-15 10:17:59,540.2,1421196
2021-06-15 10:18:02,540.3,1421412
2021-06-15 10:18:05,540.2,1421514
2021-06-15 10:18:07,540.2,1421686
2021-06-15 10:18:10,540.1,1422569
2021-06-15 10:18:13,540.1,1422909
2021-06-15 10:18:16,540.3,1423300
2021-06-15 10:18:18,540.1,1423388
2021-06-15 10:18:21,540.2,1423389
2021-06-15 10:18:23,540.1,1423649
2021-06-15 10:18:26,540.2,1423743
2021-06-15 10:18:28,540.1,1423769
2021-06-15 10:18:31,540.2,1423910
2021-06-15 10:18:33,540.1,1424019
2021-06-15 10:18:36,540.2,1424150
2021-06-15 10:18:38,540.1,1424221
2021-06-15 10:18:41,540.2,1424226
2021-06-15 10:18:43,540.15,1424262
2021-06-15 10:18:47,540.25,1424467
2021-06-15 10:18:50,540.25,1424481
2021-06-15 10:18:53,540.1,1424717
2021-06-15 10:18:58,540.2,1424870
2021-06-15 10:19:01,540.2,1424909
2021-06-15 10:19:04,540.2,1424917
2021-06-15 10:19:07,540.25,1424993
2021-06-15 10:19:09,540.2,1425286
2021-06-15 10:19:12,540.1,1425471
2021-06-15 10:19:15,540.1,1425623
2021-06-15 10:19:19,540.1,1425637
2021-06-15 10:19:22,540.1,1425683
2021-06-15 10:19:24,540.15,1425844
2021-06-15 10:19:27,540.15,1425868
2021-06-15 10:19:30,540.15,1425906
2021-06-15 10:19:33,540.1,1425914
2021-06-15 10:19:36,540.15,1426979
2021-06-15 10:19:38,540.05,1427159
2021-06-15 10:19:41,540.15,1427292
2021-06-15 10:19:44,540.05,1427750
2021-06-15 10:19:47,540.05,1427956
2021-06-15 10:19:50,540.05,1427975
2021-06-15 10:19:52,540.0,1433034
2021-06-15 10:19:55,540.05,1433122
2021-06-15 10:19:57,540.15,1433134
2021-06-15 10:20:00,540.0,1438154
2021-06-15 10:20:03,540.05,1438452
2021-06-15 10:20:06,540.05,1438662
2021-06-15 10:20:09,540.05,1438837
2021-06-15 10:20:12,540.15,1438886
2021-06-15 10:20:15,540.2,1439211
2021-06-15 10:20:18,540.05,1439323
2021-06-15 10:20:21,540.2,1440304
2021-06-15 10:20:24,540.15,1441314
2021-06-15 10:20:27,540.15,1441339
2021-06-15 10:20:29,540.15,1441398
2021-06-15 10:20:32,540.15,1441405
2021-06-15 10:20:34,540.15,1441421
2021-06-15 10:20:37,540.05,1441568
2021-06-15 10:20:40,540.15,1441597
2021-06-15 10:20:43,540.05,1441793
2021-06-15 10:20:46,539.95,1442407
2021-06-15 10:20:49,540.3,1444069
2021-06-15 10:20:52,540.35,1445216
2021-06-15 10:20:54,540.15,1445256
2021-06-15 10:20:57,540.3,1445366
2021-06-15 10:21:00,540.35,1445949
2021-06-15 10:21:03,540.3,1446145
2021-06-15 10:21:06,540.2,1446206
2021-06-15 10:21:08,540.2,1446292
2021-06-15 10:21:11,540.35,1446326
2021-06-15 10:21:14,540.25,1446344
2021-06-15 10:21:17,540.2,1446444
2021-06-15 10:21:19,540.25,1446452
2021-06-15 10:21:22,540.25,1446499
2021-06-15 10:21:25,540.35,1446590
2021-06-15 10:21:27,540.3,1446608
2021-06-15 10:21:30,540.35,1446878
2021-06-15 10:21:32,540.3,1447088
2021-06-15 10:21:35,540.35,1447215
2021-06-15 10:21:38,540.3,1447286
2021-06-15 10:21:41,540.35,1447417
2021-06-15 10:21:44,540.3,1447425
2021-06-15 10:21:46,540.3,1448092
2021-06-15 10:21:49,540.3,1448173
2021-06-15 10:21:52,540.3,1448410
2021-06-15 10:21:55,540.3,1448668
2021-06-15 10:21:58,540.75,1460044
2021-06-15 10:22:01,540.0,1509662
2021-06-15 10:22:04,540.15,1510277
2021-06-15 10:22:07,539.95,1510977
2021-06-15 10:22:10,540.15,1511204
2021-06-15 10:22:13,540.1,1511254
2021-06-15 10:22:16,540.05,1511269
2021-06-15 10:22:18,540.0,1511281
2021-06-15 10:22:21,539.95,1511357
2021-06-15 10:22:23,539.95,1511424
2021-06-15 10:22:26,539.95,1511717
2021-06-15 10:22:29,539.95,1512761
2021-06-15 10:22:32,539.95,1512781
2021-06-15 10:22:34,539.95,1512899
2021-06-15 10:22:37,539.95,1513800
2021-06-15 10:22:40,540.0,1513989
2021-06-15 10:22:43,539.95,1514065
2021-06-15 10:22:46,540.0,1514107
2021-06-15 10:22:49,539.95,1514545
2021-06-15 10:22:52,540.0,1514790
2021-06-15 10:22:55,540.0,1514895
2021-06-15 10:22:58,540.0,1515317
2021-06-15 10:23:01,540.15,1515367
2021-06-15 10:23:04,540.15,1515678
2021-06-15 10:23:07,540.0,1516344
2021-06-15 10:23:09,540.0,1516353
2021-06-15 10:23:12,540.15,1516459
2021-06-15 10:23:15,540.0,1516467
2021-06-15 10:23:18,540.0,1516659
2021-06-15 10:23:21,540.0,1517190
2021-06-15 10:23:23,539.95,1520280
2021-06-15 10:23:26,540.0,1520356
2021-06-15 10:23:29,539.95,1520416
2021-06-15 10:23:32,539.95,1520480
2021-06-15 10:23:35,539.9,1520683
2021-06-15 10:23:37,539.9,1522410
2021-06-15 10:23:40,539.9,1522428
2021-06-15 10:23:42,539.85,1522945
2021-06-15 10:23:45,539.7,1523174
2021-06-15 10:23:48,539.7,1523181
2021-06-15 10:23:51,539.7,1523701
2021-06-15 10:23:54,539.5,1528759
2021-06-15 10:23:57,539.3,1529435
2021-06-15 10:24:00,538.95,1543079
2021-06-15 10:24:03,539.15,1544033
2021-06-15 10:24:06,539.05,1544212
2021-06-15 10:24:09,539.05,1545551
2021-06-15 10:24:12,539.05,1546092
2021-06-15 10:24:15,539.25,1547398
2021-06-15 10:24:18,539.25,1548005
2021-06-15 10:24:20,539.25,1548215
2021-06-15 10:24:23,539.15,1548565
2021-06-15 10:24:25,539.25,1549254
2021-06-15 10:24:29,539.25,1549770
2021-06-15 10:24:32,539.25,1550194
2021-06-15 10:24:34,539.2,1550261
2021-06-15 10:24:37,539.15,1551358
2021-06-15 10:24:43,539.15,1551532
2021-06-15 10:24:46,539.2,1551640
2021-06-15 10:24:49,539.15,1551654
2021-06-15 10:24:52,539.15,1552063
2021-06-15 10:24:55,539.25,1552134
2021-06-15 10:24:57,539.15,1552264
2021-06-15 10:25:00,539.15,1552960
2021-06-15 10:25:03,539.2,1553056
2021-06-15 10:25:06,539.15,1554503
2021-06-15 10:25:09,539.25,1554724
2021-06-15 10:25:12,539.25,1554738
2021-06-15 10:25:14,539.25,1555393
2021-06-15 10:25:17,539.2,1555449
2021-06-15 10:25:20,539.25,1555531
2021-06-15 10:25:22,539.2,1558645
2021-06-15 10:25:24,539.25,1558708
2021-06-15 10:25:27,539.25,1558712
2021-06-15 10:25:30,539.2,1560281
2021-06-15 10:25:33,539.2,1560809
2021-06-15 10:25:35,539.3,1560908
2021-06-15 10:25:38,539.25,1561038
2021-06-15 10:25:41,539.15,1562846
2021-06-15 10:25:44,539.25,1562979
2021-06-15 10:25:47,539.25,1563189
2021-06-15 10:25:50,539.25,1563202
2021-06-15 10:25:52,539.35,1563518
2021-06-15 10:25:55,539.3,1563647
2021-06-15 10:25:58,539.3,1563970
2021-06-15 10:26:01,539.3,1565170
2021-06-15 10:26:04,539.35,1565509
2021-06-15 10:26:07,539.3,1566079
2021-06-15 10:26:10,539.35,1566281
2021-06-15 10:26:12,539.15,1568759
2021-06-15 10:26:15,539.1,1568796
2021-06-15 10:26:17,539.0,1577965
2021-06-15 10:26:19,539.1,1578198
2021-06-15 10:26:22,539.0,1578753
2021-06-15 10:26:25,539.15,1578802
2021-06-15 10:26:28,539.1,1578822
2021-06-15 10:26:30,539.15,1579189
2021-06-15 10:26:33,539.1,1579324
2021-06-15 10:26:36,539.15,1579407
2021-06-15 10:26:38,539.0,1579630
2021-06-15 10:26:41,539.1,1580493
2021-06-15 10:26:45,538.8,1581243
2021-06-15 10:26:48,539.05,1581539
2021-06-15 10:26:50,539.0,1581698
2021-06-15 10:26:53,539.0,1581903
2021-06-15 10:26:56,539.0,1584048
2021-06-15 10:26:59,539.05,1584146
2021-06-15 10:27:02,539.05,1584345
2021-06-15 10:27:05,539.05,1584500
2021-06-15 10:27:07,539.05,1585737
2021-06-15 10:27:10,539.15,1586040
2021-06-15 10:27:12,539.05,1586272
2021-06-15 10:27:15,539.05,1586610
2021-06-15 10:27:17,539.1,1587016
2021-06-15 10:27:20,539.15,1587151
2021-06-15 10:27:22,539.1,1587546
2021-06-15 10:27:25,539.1,1588015
2021-06-15 10:27:27,539.15,1588159
2021-06-15 10:27:32,539.0,1589294
2021-06-15 10:27:35,539.15,1589703
2021-06-15 10:27:38,539.0,1589887
2021-06-15 10:27:40,539.0,1590651
2021-06-15 10:27:43,539.15,1590861
2021-06-15 10:27:48,539.1,1593752
2021-06-15 10:27:51,539.0,1593920
2021-06-15 10:27:54,539.1,1594215
2021-06-15 10:27:57,539.1,1594334
2021-06-15 10:27:59,539.0,1594578
2021-06-15 10:28:02,539.15,1594793
2021-06-15 10:28:04,539.1,1594839
2021-06-15 10:28:06,539.0,1595150
2021-06-15 10:28:09,539.15,1595191
2021-06-15 10:28:11,539.0,1596210
2021-06-15 10:28:14,539.0,1597140
2021-06-15 10:28:16,539.0,1597169
2021-06-15 10:28:18,539.05,1597334
2021-06-15 10:28:21,538.95,1597354
2021-06-15 10:28:23,539.1,1597546
2021-06-15 10:28:26,539.0,1597607
2021-06-15 10:28:28,539.1,1597770
2021-06-15 10:28:31,539.1,1598308
2021-06-15 10:28:34,539.1,1598309
2021-06-15 10:28:37,539.1,1604670
2021-06-15 10:28:40,538.8,1604734
2021-06-15 10:28:42,538.9,1605165
2021-06-15 10:28:45,538.9,1605236
2021-06-15 10:28:49,538.9,1605452
2021-06-15 10:28:51,539.0,1605525
2021-06-15 10:28:54,538.85,1605660
2021-06-15 10:28:57,538.9,1605920
2021-06-15 10:28:59,539.0,1606187
2021-06-15 10:29:02,538.85,1606477
2021-06-15 10:29:05,539.0,1607073
2021-06-15 10:29:10,539.0,1607690
2021-06-15 10:29:13,538.85,1609585
2021-06-15 10:29:15,538.85,1609625
2021-06-15 10:29:18,538.9,1609755
2021-06-15 10:29:21,538.9,1610072
2021-06-15 10:29:25,538.9,1610084
2021-06-15 10:29:27,538.8,1610795
2021-06-15 10:29:30,538.8,1610845
2021-06-15 10:29:32,538.8,1610845
2021-06-15 10:29:35,538.8,1610949
2021-06-15 10:29:37,538.9,1611584
2021-06-15 10:29:40,538.9,1611793
2021-06-15 10:29:43,538.85,1611808
2021-06-15 10:29:46,538.95,1612700
2021-06-15 10:29:48,538.9,1612908
2021-06-15 10:29:51,538.9,1613265
2021-06-15 10:29:53,538.8,1614063
2021-06-15 10:29:56,538.8,1614172
2021-06-15 10:29:58,538.8,1614197
2021-06-15 10:30:01,538.95,1614399
2021-06-15 10:30:04,538.9,1614717
2021-06-15 10:30:10,538.85,1615613
2021-06-15 10:30:16,539.0,1616792
2021-06-15 10:30:18,539.0,1616892
2021-06-15 10:30:27,538.65,1629635
2021-06-15 10:30:29,538.65,1629688
2021-06-15 10:30:32,538.8,1630458
2021-06-15 10:30:35,538.65,1630953
2021-06-15 10:30:38,538.65,1631200
2021-06-15 10:30:40,538.65,1637348
2021-06-15 10:30:46,538.7,1638110
2021-06-15 10:30:49,538.8,1638809
2021-06-15 10:30:52,538.8,1639202
2021-06-15 10:30:55,538.8,1640001
2021-06-15 10:30:58,538.8,1640996
2021-06-15 10:31:00,538.65,1641048
2021-06-15 10:31:03,538.6,1672506
2021-06-15 10:31:08,538.6,1673022
2021-06-15 10:31:11,538.4,1673223
2021-06-15 10:31:13,538.6,1673845
2021-06-15 10:31:18,538.6,1674818
2021-06-15 10:31:21,538.6,1675368
2021-06-15 10:31:24,538.7,1676949
2021-06-15 10:31:26,538.6,1679764
2021-06-15 10:31:29,538.4,1681181
2021-06-15 10:31:32,538.65,1681280
2021-06-15 10:31:34,538.65,1681326
2021-06-15 10:31:37,538.65,1681864
2021-06-15 10:31:39,538.4,1682231
2021-06-15 10:31:41,538.7,1683164
2021-06-15 10:31:44,538.65,1688236
2021-06-15 10:31:47,538.4,1688877
2021-06-15 10:31:50,538.75,1741575
2021-06-15 10:31:53,538.75,1745401
2021-06-15 10:31:56,538.45,1745457
2021-06-15 10:31:58,538.5,1745515
2021-06-15 10:32:01,538.65,1746074
2021-06-15 10:32:04,538.65,1765165
2021-06-15 10:32:07,538.8,1766774
2021-06-15 10:32:10,539.45,1819158
2021-06-15 10:32:13,539.35,1819575
2021-06-15 10:32:19,539.25,1832109
2021-06-15 10:32:21,539.1,1832212
2021-06-15 10:32:24,539.1,1832337
2021-06-15 10:32:27,539.0,1833142
2021-06-15 10:32:30,539.0,1833202
2021-06-15 10:32:32,539.1,1833408
2021-06-15 10:32:34,539.15,1833425
2021-06-15 10:32:35,539.1,1833566
2021-06-15 10:32:36,539.45,1833781
2021-06-15 10:32:36,539.45,1833781
2021-06-15 10:32:37,539.25,1833804
2021-06-15 10:32:39,539.45,1833994
2021-06-15 10:32:39,539.45,1834322
2021-06-15 10:32:41,539.45,1834352
2021-06-15 10:32:42,539.45,1834352
2021-06-15 10:32:43,539.45,1834352
2021-06-15 10:32:43,539.5,1834451
2021-06-15 10:32:44,539.4,1835442
2021-06-15 10:32:45,539.4,1836142
2021-06-15 10:32:46,539.65,1836158
2021-06-15 10:32:47,539.7,1836658
2021-06-15 10:32:48,539.7,1836674
2021-06-15 10:32:49,539.55,1836732
2021-06-15 10:32:50,539.7,1836755
2021-06-15 10:32:51,539.55,1836910
2021-06-15 10:32:52,539.7,1838412
2021-06-15 10:32:53,539.7,1838547
2021-06-15 10:32:54,539.7,1840975
2021-06-15 10:32:55,539.7,1841047
2021-06-15 10:32:56,539.7,1841048
2021-06-15 10:32:57,539.3,1850576
2021-06-15 10:32:58,539.5,1850865
2021-06-15 10:32:59,539.35,1850866
2021-06-15 10:33:01,539.5,1850900
2021-06-15 10:33:01,539.5,1850914
2021-06-15 10:33:02,539.5,1850939
2021-06-15 10:33:04,539.5,1850940
2021-06-15 10:33:05,539.3,1851248
2021-06-15 10:33:06,539.5,1851258
2021-06-15 10:33:07,539.3,1851314
2021-06-15 10:33:07,539.3,1851314
2021-06-15 10:33:08,539.5,1851464
2021-06-15 10:33:09,539.5,1851573
2021-06-15 10:33:12,539.4,1856329
2021-06-15 10:33:12,539.3,1856369
2021-06-15 10:33:13,539.35,1856371
2021-06-15 10:33:14,539.35,1856809
2021-06-15 10:33:15,539.35,1856860
2021-06-15 10:33:16,539.35,1856920
2021-06-15 10:33:17,539.35,1856920
2021-06-15 10:33:18,539.35,1856940
2021-06-15 10:33:19,539.3,1856948
2021-06-15 10:33:20,539.3,1856950
2021-06-15 10:33:21,539.3,1857025
2021-06-15 10:33:22,539.35,1857039
2021-06-15 10:33:23,539.35,1857039
2021-06-15 10:33:24,539.3,1857060
2021-06-15 10:33:25,539.5,1858085
2021-06-15 10:33:26,539.5,1858115
2021-06-15 10:33:27,539.5,1858115
2021-06-15 10:33:28,539.5,1858116
2021-06-15 10:33:29,539.35,1858124
2021-06-15 10:33:30,539.35,1858139
2021-06-15 10:33:31,539.35,1858139
2021-06-15 10:33:32,539.5,1858140
2021-06-15 10:33:34,539.5,1858142
2021-06-15 10:33:35,539.35,1858150
2021-06-15 10:33:36,539.5,1858151
2021-06-15 10:33:36,539.35,1858353
2021-06-15 10:33:38,539.35,1858399
2021-06-15 10:33:38,539.35,1858409
2021-06-15 10:33:39,539.35,1858448
2021-06-15 10:33:41,539.35,1858451
2021-06-15 10:33:41,539.35,1858491
2021-06-15 10:33:42,539.35,1858516
2021-06-15 10:33:43,539.45,1858536
2021-06-15 10:33:44,539.35,1858652
2021-06-15 10:33:46,539.35,1858652
2021-06-15 10:33:47,539.45,1858655
2021-06-15 10:33:48,539.45,1858655
2021-06-15 10:33:48,539.45,1858655
2021-06-15 10:33:49,539.4,1858656
2021-06-15 10:33:50,539.5,1858710
2021-06-15 10:33:51,539.45,1858960
2021-06-15 10:33:52,539.5,1859023
2021-06-15 10:33:53,539.45,1859098
2021-06-15 10:33:54,539.5,1859108
2021-06-15 10:33:55,539.5,1859108
2021-06-15 10:33:56,539.5,1859108
2021-06-15 10:33:57,539.5,1859118
2021-06-15 10:33:58,539.5,1859173
2021-06-15 10:33:59,539.5,1859189
2021-06-15 10:34:00,539.5,1859189
2021-06-15 10:34:01,539.5,1859289
2021-06-15 10:34:02,539.5,1859289
2021-06-15 10:34:03,539.5,1859289
2021-06-15 10:34:05,539.5,1859341
2021-06-15 10:34:06,539.45,1859351
2021-06-15 10:34:07,539.45,1859615
2021-06-15 10:34:08,539.45,1859706
2021-06-15 10:34:09,539.45,1859916
2021-06-15 10:34:10,539.45,1860047
2021-06-15 10:34:11,539.5,1860061
2021-06-15 10:34:12,539.5,1860061
2021-06-15 10:34:13,539.55,1860600
2021-06-15 10:34:14,539.6,1860616
2021-06-15 10:34:14,539.45,1860624
2021-06-15 10:34:15,539.6,1860636
2021-06-15 10:34:16,539.45,1860642
2021-06-15 10:34:18,539.6,1860679
2021-06-15 10:34:19,539.6,1860729
2021-06-15 10:34:20,539.6,1860884
2021-06-15 10:34:20,539.45,1860909
2021-06-15 10:34:21,539.45,1861004
2021-06-15 10:34:22,539.6,1861154
2021-06-15 10:34:23,539.6,1861155
2021-06-15 10:34:25,539.45,1861168
2021-06-15 10:34:26,539.5,1861318
2021-06-15 10:34:27,539.5,1861340
2021-06-15 10:34:28,539.5,1861480
2021-06-15 10:34:29,539.6,1861520
2021-06-15 10:34:29,539.5,1861528
2021-06-15 10:34:30,539.5,1861528
2021-06-15 10:34:31,539.5,1861528
2021-06-15 10:34:33,539.5,1861965
2021-06-15 10:34:34,539.65,1861987
2021-06-15 10:34:35,539.5,1861995
2021-06-15 10:34:36,539.5,1861995
2021-06-15 10:34:37,539.5,1862042
2021-06-15 10:34:38,539.5,1862042
2021-06-15 10:34:39,539.5,1862442
2021-06-15 10:34:40,539.65,1862453
2021-06-15 10:34:41,539.65,1862453
2021-06-15 10:34:42,539.5,1862523
2021-06-15 10:34:43,539.5,1862523
2021-06-15 10:34:43,539.5,1862523
2021-06-15 10:34:44,539.6,1862531
2021-06-15 10:34:45,539.65,1862533
2021-06-15 10:34:46,539.65,1862533
2021-06-15 10:34:47,539.65,1862669
2021-06-15 10:34:49,539.6,1862687
2021-06-15 10:34:50,539.55,1862703
2021-06-15 10:34:51,539.55,1862706
2021-06-15 10:34:52,539.55,1862751
2021-06-15 10:34:53,539.6,1862788
2021-06-15 10:34:54,539.55,1863053
2021-06-15 10:34:55,539.6,1863200
2021-06-15 10:34:56,539.6,1863232
2021-06-15 10:34:57,539.65,1863397
2021-06-15 10:34:58,539.65,1863397
2021-06-15 10:34:59,539.65,1863397
2021-06-15 10:35:00,539.65,1863505
2021-06-15 10:35:01,539.55,1863715
2021-06-15 10:35:02,539.55,1863775
2021-06-15 10:35:03,539.65,1863883
2021-06-15 10:35:04,539.65,1863884
2021-06-15 10:35:05,539.65,1863896
2021-06-15 10:35:06,539.55,1863906
2021-06-15 10:35:07,539.55,1863952
2021-06-15 10:35:07,539.55,1863952
2021-06-15 10:35:08,539.55,1863952
2021-06-15 10:35:09,539.6,1863965
2021-06-15 10:35:10,539.65,1863992
2021-06-15 10:35:11,539.65,1864007
2021-06-15 10:35:12,539.65,1864018
2021-06-15 10:35:13,539.65,1864018
2021-06-15 10:35:16,539.65,1864211
2021-06-15 10:35:18,539.65,1864211
2021-06-15 10:35:19,539.6,1864393
2021-06-15 10:35:20,539.6,1864417
2021-06-15 10:35:21,539.6,1864462
2021-06-15 10:35:22,539.65,1864712
2021-06-15 10:35:24,539.65,1864730
2021-06-15 10:35:24,539.6,1864839
2021-06-15 10:35:26,539.6,1864857
2021-06-15 10:35:27,539.65,1864877
2021-06-15 10:35:28,539.65,1864878
2021-06-15 10:35:29,539.65,1864890
2021-06-15 10:35:30,539.65,1865041
2021-06-15 10:35:31,539.6,1865512
2021-06-15 10:35:32,539.6,1865512
2021-06-15 10:35:34,539.6,1865523
2021-06-15 10:35:35,539.6,1865546
2021-06-15 10:35:36,539.7,1865548
2021-06-15 10:35:37,539.7,1865806
2021-06-15 10:35:38,539.7,1865956
2021-06-15 10:35:39,539.7,1865961
2021-06-15 10:35:40,539.6,1865972
2021-06-15 10:35:41,539.6,1865972
2021-06-15 10:35:42,539.6,1865972
2021-06-15 10:35:43,539.6,1865972
2021-06-15 10:35:44,539.65,1867599
2021-06-15 10:35:45,539.65,1867662
2021-06-15 10:35:46,539.65,1867662
2021-06-15 10:35:47,539.6,1868117
2021-06-15 10:35:48,539.6,1868117
2021-06-15 10:35:49,539.65,1868131
2021-06-15 10:35:50,539.6,1868139
2021-06-15 10:35:50,539.6,1868139
2021-06-15 10:35:51,539.6,1868185
2021-06-15 10:35:52,539.65,1868211
2021-06-15 10:35:53,539.65,1868211
2021-06-15 10:35:54,539.6,1868470
2021-06-15 10:35:55,539.6,1868470
2021-06-15 10:35:56,539.6,1868470
2021-06-15 10:35:58,539.6,1868490
2021-06-15 10:35:59,539.65,1868643
2021-06-15 10:36:00,539.65,1868652
2021-06-15 10:36:01,539.65,1868652
2021-06-15 10:36:02,539.6,1868672
2021-06-15 10:36:03,539.6,1868722
2021-06-15 10:36:04,539.65,1869223
2021-06-15 10:36:05,539.65,1875745
2021-06-15 10:36:06,539.65,1875875
2021-06-15 10:36:07,539.6,1875921
2021-06-15 10:36:08,539.65,1875924
2021-06-15 10:36:09,539.65,1875925
2021-06-15 10:36:10,539.6,1878133
2021-06-15 10:36:11,539.6,1878133
2021-06-15 10:36:12,539.6,1878133
2021-06-15 10:36:12,539.65,1878138
2021-06-15 10:36:13,539.65,1878138
2021-06-15 10:36:15,539.6,1878247
2021-06-15 10:36:16,539.65,1878262
2021-06-15 10:36:17,539.65,1878262
2021-06-15 10:36:18,539.65,1878316
2021-06-15 10:36:19,539.6,1878816
2021-06-15 10:36:20,539.65,1879201
2021-06-15 10:36:21,539.65,1879203
2021-06-15 10:36:23,539.6,1879264
2021-06-15 10:36:24,539.65,1879285
2021-06-15 10:36:25,539.6,1879491
2021-06-15 10:36:26,539.65,1880021
2021-06-15 10:36:27,539.65,1880043
2021-06-15 10:36:28,539.6,1881302
2021-06-15 10:36:29,539.6,1881328
2021-06-15 10:36:31,539.65,1881365
2021-06-15 10:36:32,539.6,1881367
2021-06-15 10:36:33,539.6,1881369
2021-06-15 10:36:34,539.6,1881869
2021-06-15 10:36:35,539.6,1881947
2021-06-15 10:36:36,539.65,1881967
2021-06-15 10:36:37,539.65,1882116
2021-06-15 10:36:38,539.65,1882306
2021-06-15 10:36:39,539.6,1882356
2021-06-15 10:36:40,539.65,1882494
2021-06-15 10:36:41,539.65,1882589
2021-06-15 10:36:42,539.65,1882769
2021-06-15 10:36:43,539.6,1882773
2021-06-15 10:36:45,539.6,1882781
2021-06-15 10:36:46,539.6,1882781
2021-06-15 10:36:48,539.65,1883523
2021-06-15 10:36:49,539.65,1883541
2021-06-15 10:36:51,539.6,1883639
2021-06-15 10:36:51,539.6,1883639
2021-06-15 10:36:53,539.6,1883772
2021-06-15 10:36:54,539.65,1883872
2021-06-15 10:36:55,539.6,1883881
2021-06-15 10:36:56,539.65,1883882
2021-06-15 10:36:57,539.65,1883882
2021-06-15 10:36:58,539.65,1883882
2021-06-15 10:36:59,539.6,1883897
2021-06-15 10:37:00,539.6,1884562
2021-06-15 10:37:01,539.65,1884604
2021-06-15 10:37:02,539.65,1884614
2021-06-15 10:37:03,539.65,1884614
2021-06-15 10:37:04,539.6,1884625
2021-06-15 10:37:05,539.65,1884663
2021-06-15 10:37:06,539.6,1884673
2021-06-15 10:37:07,539.65,1884744
2021-06-15 10:37:08,539.65,1884744
2021-06-15 10:37:09,539.65,1884744
2021-06-15 10:37:10,539.6,1885046
2021-06-15 10:37:11,539.6,1885046
2021-06-15 10:37:12,539.6,1885251
2021-06-15 10:37:13,539.6,1885251
2021-06-15 10:37:14,539.6,1885251
2021-06-15 10:37:16,539.6,1885392
2021-06-15 10:37:17,539.6,1885392
2021-06-15 10:37:18,539.6,1885392
2021-06-15 10:37:18,539.65,1885402
2021-06-15 10:37:19,539.65,1885411
2021-06-15 10:37:20,539.65,1886876
2021-06-15 10:37:22,539.65,1887425
2021-06-15 10:37:22,539.65,1887426
2021-06-15 10:37:23,539.65,1888442
2021-06-15 10:37:25,539.7,1906899
2021-06-15 10:37:26,539.8,1909204
2021-06-15 10:37:27,539.85,1909209
2021-06-15 10:37:28,539.95,1909818
2021-06-15 10:37:29,539.95,1909820
2021-06-15 10:37:30,540.0,1920298
2021-06-15 10:37:31,540.0,1920298
2021-06-15 10:37:32,540.15,1920644
2021-06-15 10:37:32,540.1,1920694
2021-06-15 10:37:36,540.15,1920825
2021-06-15 10:37:38,540.1,1921250
2021-06-15 10:37:41,540.0,1922555
2021-06-15 10:37:44,540.15,1922682
2021-06-15 10:37:46,540.0,1922991
2021-06-15 10:37:49,540.0,1922991
2021-06-15 10:37:51,540.0,1923004
2021-06-15 10:37:54,540.15,1923537
2021-06-15 10:37:56,540.05,1924074
2021-06-15 10:37:59,540.15,1924109
2021-06-15 10:38:02,540.1,1924217
2021-06-15 10:38:04,540.1,1924849
2021-06-15 10:38:07,540.05,1924906
2021-06-15 10:38:10,540.1,1924976
2021-06-15 10:38:13,540.1,1925045
2021-06-15 10:38:15,540.1,1925202
2021-06-15 10:38:18,540.05,1925218
2021-06-15 10:38:21,540.1,1925332
2021-06-15 10:38:23,540.1,1930137
2021-06-15 10:38:26,540.15,1932373
2021-06-15 10:38:34,540.2,1932913
2021-06-15 10:38:37,540.2,1933185
2021-06-15 10:38:39,540.05,1933225
2021-06-15 10:38:42,540.2,1933274
2021-06-15 10:38:44,540.15,1933865
2021-06-15 10:38:48,540.25,1934320
2021-06-15 10:38:50,540.1,1934542
2021-06-15 10:38:53,540.1,1934626
2021-06-15 10:38:56,540.15,1934636
2021-06-15 10:38:59,540.15,1934842
2021-06-15 10:39:01,540.15,1934923
2021-06-15 10:39:04,540.15,1934931
2021-06-15 10:39:07,540.1,1935033
2021-06-15 10:39:10,540.1,1935092
2021-06-15 10:39:13,540.1,1935148
2021-06-15 10:39:16,540.2,1935654
2021-06-15 10:39:19,540.15,1935735
2021-06-15 10:39:21,540.1,1935853
2021-06-15 10:39:23,540.1,1935862
2021-06-15 10:39:26,540.1,1935922
2021-06-15 10:39:28,540.1,1936422
2021-06-15 10:39:30,540.1,1936551
2021-06-15 10:39:33,540.15,1936586
2021-06-15 10:39:35,540.15,1936721
2021-06-15 10:39:38,540.1,1936875
2021-06-15 10:39:41,540.1,1937307
2021-06-15 10:39:46,540.1,1937346
2021-06-15 10:39:48,540.1,1937540
2021-06-15 10:39:51,540.15,1937649
2021-06-15 10:39:54,540.1,1937694
2021-06-15 10:39:56,540.1,1937704
2021-06-15 10:39:59,540.2,1938096
2021-06-15 10:40:02,540.15,1938898
2021-06-15 10:40:07,540.15,1939043
2021-06-15 10:40:10,540.15,1939122
2021-06-15 10:40:12,540.15,1939122
2021-06-15 10:40:15,540.25,1939250
2021-06-15 10:40:18,540.25,1939312
2021-06-15 10:40:22,540.15,1940285
2021-06-15 10:40:25,540.15,1940321
2021-06-15 10:40:28,540.15,1943347
2021-06-15 10:40:31,540.15,1943489
2021-06-15 10:40:36,540.15,1944281
2021-06-15 10:40:39,540.2,1944291
2021-06-15 10:40:42,540.2,1944800
2021-06-15 10:40:45,540.2,1944937
2021-06-15 10:40:47,540.25,1945229
2021-06-15 10:40:50,540.25,1947125
2021-06-15 10:40:53,540.25,1947242
2021-06-15 10:40:55,540.15,1947419
2021-06-15 10:40:58,540.25,1947466
2021-06-15 10:41:00,540.15,1947685
2021-06-15 10:41:03,540.15,1947803
2021-06-15 10:41:06,540.15,1947821
2021-06-15 10:41:09,540.15,1947922
2021-06-15 10:41:11,540.25,1947952
2021-06-15 10:41:14,540.15,1948022
2021-06-15 10:41:17,540.15,1948032
2021-06-15 10:41:20,540.25,1948420
2021-06-15 10:41:22,540.15,1948518
2021-06-15 10:41:25,540.25,1948575
2021-06-15 10:41:27,540.15,1948595
2021-06-15 10:41:30,540.25,1948643
2021-06-15 10:41:32,540.25,1948653
2021-06-15 10:41:35,540.25,1948866
2021-06-15 10:41:38,540.15,1948925
2021-06-15 10:41:40,540.25,1949528
2021-06-15 10:41:43,540.15,1950046
2021-06-15 10:41:45,540.15,1951322
2021-06-15 10:41:47,540.15,1953320
2021-06-15 10:41:50,540.15,1954424
2021-06-15 10:41:52,540.2,1954491
2021-06-15 10:41:55,540.25,1954629
2021-06-15 10:41:57,540.25,1954629
2021-06-15 10:42:00,540.25,1954807
2021-06-15 10:42:03,540.2,1955309
2021-06-15 10:42:05,540.2,1955341
2021-06-15 10:42:08,540.25,1955547
2021-06-15 10:42:10,540.2,1955556
2021-06-15 10:42:13,540.2,1957120
2021-06-15 10:42:15,540.2,1957497
2021-06-15 10:42:17,540.25,1959340
2021-06-15 10:42:20,540.2,1959384
2021-06-15 10:42:22,540.2,1959799
2021-06-15 10:42:25,540.25,1959810
2021-06-15 10:42:27,540.3,1959814
2021-06-15 10:42:30,540.3,1960076
2021-06-15 10:42:33,540.3,1960091
2021-06-15 10:42:36,540.3,1960104
2021-06-15 10:42:39,540.25,1960755
2021-06-15 10:42:42,540.25,1960791
2021-06-15 10:42:44,540.25,1960799
2021-06-15 10:42:47,540.25,1962904
2021-06-15 10:42:50,540.2,1963178
2021-06-15 10:42:52,540.3,1963396
2021-06-15 10:42:55,540.3,1963421
2021-06-15 10:42:57,540.3,1963453
2021-06-15 10:43:00,540.2,1964561
2021-06-15 10:43:02,540.2,1964711
2021-06-15 10:43:05,540.25,1964812
2021-06-15 10:43:07,540.3,1964890
2021-06-15 10:43:10,540.25,1964899
2021-06-15 10:43:12,540.25,1964899
2021-06-15 10:43:15,540.25,1964909
2021-06-15 10:43:17,540.25,1965274
2021-06-15 10:43:19,540.25,1965614
2021-06-15 10:43:22,540.25,1965675
2021-06-15 10:43:25,540.25,1973444
2021-06-15 10:43:27,540.4,1973666
2021-06-15 10:43:29,540.3,1973782
2021-06-15 10:43:32,540.4,1973862
2021-06-15 10:43:35,540.3,1973870
2021-06-15 10:43:37,540.4,1973923
2021-06-15 10:43:40,540.3,1973932
2021-06-15 10:43:42,540.35,1974026
2021-06-15 10:43:45,540.4,1974515
2021-06-15 10:43:47,540.45,1975320
2021-06-15 10:43:50,540.4,1975462
2021-06-15 10:43:53,540.4,1975502
2021-06-15 10:43:55,540.4,1975790
2021-06-15 10:43:58,540.4,1976049
2021-06-15 10:44:01,540.45,1976080
2021-06-15 10:44:03,540.5,1976220
2021-06-15 10:44:06,540.4,1977172
2021-06-15 10:44:09,540.4,1977272
2021-06-15 10:44:12,540.4,1977678
2021-06-15 10:44:15,540.5,1977884
2021-06-15 10:44:18,540.45,1978270
2021-06-15 10:44:21,540.45,1978390
2021-06-15 10:44:24,540.5,1979535
2021-06-15 10:44:27,540.45,1980132
2021-06-15 10:44:29,540.45,1980423
2021-06-15 10:44:32,540.5,1980447
2021-06-15 10:44:35,540.45,1980656
2021-06-15 10:44:37,540.45,1980905
2021-06-15 10:44:40,540.45,1981001
2021-06-15 10:44:42,540.5,1981083
2021-06-15 10:44:44,540.5,1981152
2021-06-15 10:44:47,540.5,1981192
2021-06-15 10:44:50,540.5,1981435
2021-06-15 10:44:52,540.45,1981480
2021-06-15 10:44:55,540.45,1981689
2021-06-15 10:44:58,540.5,1983714
2021-06-15 10:45:00,540.45,1984037
2021-06-15 10:45:03,540.45,1984037
2021-06-15 10:45:06,540.45,1984084
2021-06-15 10:45:08,540.45,1984185
2021-06-15 10:45:11,540.6,1984718
2021-06-15 10:45:13,540.45,1985301
2021-06-15 10:45:16,540.5,1985373
2021-06-15 10:45:19,540.5,1985375
2021-06-15 10:45:21,540.45,1985466
2021-06-15 10:45:23,540.45,1990477
2021-06-15 10:45:26,540.45,1995578
2021-06-15 10:45:28,540.7,1995981
2021-06-15 10:45:31,540.6,1996065
2021-06-15 10:45:34,540.7,1996610
2021-06-15 10:45:36,540.6,1996930
2021-06-15 10:45:39,540.6,1996952
2021-06-15 10:45:42,540.65,1996961
2021-06-15 10:45:44,540.65,1998838
2021-06-15 10:45:47,540.6,2000411
2021-06-15 10:45:50,540.6,2000470
2021-06-15 10:45:52,540.6,2000634
2021-06-15 10:45:55,540.6,2000646
2021-06-15 10:45:57,540.6,2001053
2021-06-15 10:46:00,540.5,2001081
2021-06-15 10:46:03,540.55,2001330
2021-06-15 10:46:06,540.55,2001604
2021-06-15 10:46:09,540.6,2001673
2021-06-15 10:46:11,540.6,2001796
2021-06-15 10:46:14,540.6,2001837
2021-06-15 10:46:17,540.6,2001996
2021-06-15 10:46:20,540.55,2002009
2021-06-15 10:46:22,540.6,2002204
2021-06-15 10:46:25,540.55,2002553
2021-06-15 10:46:27,540.55,2002604
2021-06-15 10:46:30,540.55,2002613
2021-06-15 10:46:32,540.55,2002913
2021-06-15 10:46:34,540.6,2003248
2021-06-15 10:46:37,540.6,2003444
2021-06-15 10:46:40,540.55,2003453
2021-06-15 10:46:42,540.6,2003626
2021-06-15 10:46:45,540.55,2003684
2021-06-15 10:46:47,540.45,2005954
2021-06-15 10:46:50,540.4,2006156
2021-06-15 10:46:52,540.25,2006819
2021-06-15 10:46:55,540.2,2006904
2021-06-15 10:46:57,540.2,2006994
2021-06-15 10:47:00,540.2,2007015
2021-06-15 10:47:02,540.3,2010016
2021-06-15 10:47:04,540.1,2010067
2021-06-15 10:47:07,540.1,2010133
2021-06-15 10:47:09,540.3,2010183
2021-06-15 10:47:12,540.15,2010644
2021-06-15 10:47:14,540.15,2010839
2021-06-15 10:47:17,540.35,2011539
2021-06-15 10:47:19,540.15,2011563
2021-06-15 10:47:21,540.1,2011622
2021-06-15 10:47:24,540.25,2011691
2021-06-15 10:47:26,540.15,2011717
2021-06-15 10:47:28,540.15,2011717
2021-06-15 10:47:31,540.25,2011770
2021-06-15 10:47:33,540.25,2011794
2021-06-15 10:47:35,540.2,2011796
2021-06-15 10:47:37,540.2,2011853
2021-06-15 10:47:40,540.2,2011862
2021-06-15 10:47:42,540.15,2011882
2021-06-15 10:47:45,540.15,2011907
2021-06-15 10:47:47,540.1,2012800
2021-06-15 10:47:50,540.1,2012837
2021-06-15 10:47:53,540.2,2012893
2021-06-15 10:47:55,540.1,2013072
2021-06-15 10:47:58,540.05,2013327
2021-06-15 10:48:01,540.1,2013352
2021-06-15 10:48:03,540.1,2013352
2021-06-15 10:48:06,540.05,2013370
2021-06-15 10:48:08,540.1,2013608
2021-06-15 10:48:11,540.1,2013677
2021-06-15 10:48:13,540.1,2013677
2021-06-15 10:48:15,540.1,2013692
2021-06-15 10:48:18,540.15,2014819
2021-06-15 10:48:20,540.2,2015078
2021-06-15 10:48:23,540.05,2015185
2021-06-15 10:48:25,540.1,2015464
2021-06-15 10:48:31,540.25,2017570
2021-06-15 10:48:34,540.25,2017670
2021-06-15 10:48:37,540.3,2018301
2021-06-15 10:48:39,540.45,2018461
2021-06-15 10:48:42,540.55,2019709
2021-06-15 10:48:44,540.45,2020333
2021-06-15 10:48:47,540.35,2021690
2021-06-15 10:48:49,540.6,2021729
2021-06-15 10:48:51,540.5,2021750
2021-06-15 10:48:53,540.5,2021805
2021-06-15 10:48:56,540.5,2022210
2021-06-15 10:48:58,540.6,2025049
2021-06-15 10:49:00,540.5,2025205
2021-06-15 10:49:03,540.5,2025265
2021-06-15 10:49:05,540.5,2025476
2021-06-15 10:49:08,540.5,2025542
2021-06-15 10:49:10,540.5,2025571
2021-06-15 10:49:12,540.5,2025571
2021-06-15 10:49:15,540.5,2025639
2021-06-15 10:49:17,540.55,2026191
2021-06-15 10:49:19,540.5,2026379
2021-06-15 10:49:22,540.5,2026424
2021-06-15 10:49:24,540.5,2026547
2021-06-15 10:49:26,540.55,2026683
2021-06-15 10:49:28,540.5,2026755
2021-06-15 10:49:31,540.55,2027259
2021-06-15 10:49:33,540.55,2027349
2021-06-15 10:49:36,540.5,2027361
2021-06-15 10:49:38,540.5,2027518
2021-06-15 10:49:40,540.5,2027537
2021-06-15 10:49:42,540.5,2027537
2021-06-15 10:49:44,540.5,2027545
2021-06-15 10:49:47,540.55,2027745
2021-06-15 10:49:49,540.55,2027832
2021-06-15 10:49:51,540.5,2028340
2021-06-15 10:49:53,540.5,2028521
2021-06-15 10:49:56,540.5,2028545
2021-06-15 10:49:58,540.5,2028860
2021-06-15 10:50:00,540.5,2029244
2021-06-15 10:50:03,540.5,2029247
2021-06-15 10:50:05,540.6,2030254
2021-06-15 10:50:08,540.65,2030608
2021-06-15 10:50:10,540.5,2030750
2021-06-15 10:50:13,540.5,2030785
2021-06-15 10:50:15,540.65,2030828
2021-06-15 10:50:18,540.7,2031659
2021-06-15 10:50:20,540.7,2031711
2021-06-15 10:50:22,540.75,2032883
2021-06-15 10:50:25,540.5,2033135
2021-06-15 10:50:27,540.7,2033230
2021-06-15 10:50:29,540.5,2033321
2021-06-15 10:50:32,540.5,2033321
2021-06-15 10:50:34,540.65,2033343
2021-06-15 10:50:36,540.55,2033593
2021-06-15 10:50:39,540.7,2033759
2021-06-15 10:50:41,540.55,2033908
2021-06-15 10:50:43,540.7,2034459
2021-06-15 10:50:46,540.7,2034563
2021-06-15 10:50:48,540.55,2034688
2021-06-15 10:50:51,540.7,2035102
2021-06-15 10:50:53,540.7,2035294
2021-06-15 10:50:56,540.55,2035298
2021-06-15 10:50:58,540.7,2035354
2021-06-15 10:51:03,540.7,2035596
2021-06-15 10:51:05,540.6,2035628
2021-06-15 10:51:08,540.6,2035902
2021-06-15 10:51:10,540.75,2037375
2021-06-15 10:51:13,540.75,2037491
2021-06-15 10:51:15,540.6,2037650
2021-06-15 10:51:17,540.6,2037650
2021-06-15 10:51:20,540.75,2038121
2021-06-15 10:51:22,540.65,2038687
2021-06-15 10:51:25,540.7,2038764
2021-06-15 10:51:28,540.6,2039120
2021-06-15 10:51:31,540.7,2039425
2021-06-15 10:51:34,540.65,2040569
2021-06-15 10:51:37,540.75,2040775
2021-06-15 10:51:40,540.75,2040837
2021-06-15 10:51:43,540.75,2040887
2021-06-15 10:51:46,540.65,2041189
2021-06-15 10:51:48,540.65,2041301
2021-06-15 10:51:51,540.7,2041544
2021-06-15 10:51:54,540.75,2041968
2021-06-15 10:51:57,540.8,2042000
2021-06-15 10:51:59,540.75,2043981
2021-06-15 10:52:01,540.8,2045144
2021-06-15 10:52:04,540.85,2045502
2021-06-15 10:52:07,540.75,2045771
2021-06-15 10:52:10,540.9,2060611
2021-06-15 10:52:13,540.95,2061658
2021-06-15 10:52:16,540.95,2061715
2021-06-15 10:52:18,540.9,2062134
2021-06-15 10:52:21,540.9,2062161
2021-06-15 10:52:23,541.0,2082328
2021-06-15 10:52:25,541.0,2084633
2021-06-15 10:52:28,541.0,2085464
2021-06-15 10:52:32,541.05,2088390
2021-06-15 10:52:35,541.0,2088772
2021-06-15 10:52:37,541.05,2088959
2021-06-15 10:52:39,541.05,2089117
2021-06-15 10:52:42,541.0,2089390
2021-06-15 10:52:44,541.2,2089731
2021-06-15 10:52:47,541.05,2089799
2021-06-15 10:52:50,541.0,2090315
2021-06-15 10:52:53,541.05,2091494
2021-06-15 10:52:55,541.05,2091567
2021-06-15 10:52:58,541.2,2092098
2021-06-15 10:53:00,541.2,2092201
2021-06-15 10:53:02,541.1,2092428
2021-06-15 10:53:04,541.2,2092538
2021-06-15 10:53:09,541.2,2092963
2021-06-15 10:53:11,541.2,2093117
2021-06-15 10:53:13,541.2,2094037
2021-06-15 10:53:15,541.3,2095497
2021-06-15 10:53:17,541.2,2095542
2021-06-15 10:53:19,541.2,2096391
2021-06-15 10:53:22,541.1,2096875
2021-06-15 10:53:24,541.15,2096910
2021-06-15 10:53:27,541.15,2097488
2021-06-15 10:53:30,541.25,2097538
2021-06-15 10:53:32,541.25,2098606
2021-06-15 10:53:35,541.3,2098782
2021-06-15 10:53:37,541.4,2099020
2021-06-15 10:53:39,541.4,2099121
2021-06-15 10:53:41,541.4,2100086
2021-06-15 10:53:44,541.4,2100146
2021-06-15 10:53:46,541.35,2100208
2021-06-15 10:53:48,541.35,2100260
2021-06-15 10:53:50,541.35,2105991
2021-06-15 10:53:52,541.35,2106734
2021-06-15 10:53:55,541.35,2106935
2021-06-15 10:53:57,541.4,2108051
2021-06-15 10:53:59,541.35,2108498
2021-06-15 10:54:02,541.35,2108536
2021-06-15 10:54:04,541.35,2108635
2021-06-15 10:54:06,541.45,2108970
2021-06-15 10:54:09,541.35,2109254
2021-06-15 10:54:11,541.45,2112642
2021-06-15 10:54:13,541.4,2112794
2021-06-15 10:54:15,541.7,2122093
2021-06-15 10:54:18,541.65,2123606
2021-06-15 10:54:20,541.8,2124890
2021-06-15 10:54:25,541.75,2132509
2021-06-15 10:54:28,541.9,2132642
2021-06-15 10:54:30,541.7,2132950
2021-06-15 10:54:32,541.85,2132994
2021-06-15 10:54:34,541.7,2133383
2021-06-15 10:54:36,541.7,2133608
2021-06-15 10:54:39,541.7,2133709
2021-06-15 10:54:41,541.7,2133773
2021-06-15 10:54:43,541.85,2133978
2021-06-15 10:54:46,541.75,2139057
2021-06-15 10:54:48,541.75,2139638
2021-06-15 10:54:51,541.8,2139708
2021-06-15 10:54:54,541.8,2140056
2021-06-15 10:54:57,541.75,2140232
2021-06-15 10:54:59,541.7,2158480
2021-06-15 10:55:02,541.5,2159216
2021-06-15 10:55:04,541.65,2159676
2021-06-15 10:55:06,541.5,2159800
2021-06-15 10:55:08,541.5,2160110
2021-06-15 10:55:11,541.5,2160526
2021-06-15 10:55:13,541.3,2163179
2021-06-15 10:55:16,541.3,2164152
2021-06-15 10:55:18,541.3,2164258
2021-06-15 10:55:21,541.35,2164902
2021-06-15 10:55:24,541.4,2165670
2021-06-15 10:55:26,541.5,2166128
2021-06-15 10:55:29,541.5,2166505
2021-06-15 10:55:31,541.5,2166814
2021-06-15 10:55:34,541.5,2166854
2021-06-15 10:55:36,541.5,2167019
2021-06-15 10:55:39,541.5,2167134
2021-06-15 10:55:42,541.5,2167253
2021-06-15 10:55:44,541.65,2167403
2021-06-15 10:55:47,541.5,2167663
2021-06-15 10:55:49,541.55,2167681
2021-06-15 10:55:52,541.5,2168251
2021-06-15 10:55:54,541.5,2168388
2021-06-15 10:55:57,541.5,2168522
2021-06-15 10:55:59,541.5,2169201
2021-06-15 10:56:02,541.5,2169535
2021-06-15 10:56:04,541.5,2170152
2021-06-15 10:56:06,541.5,2170197
2021-06-15 10:56:08,541.7,2170279
2021-06-15 10:56:11,541.6,2170306
2021-06-15 10:56:13,541.7,2170346
2021-06-15 10:56:15,541.5,2170525
2021-06-15 10:56:18,541.5,2172457
2021-06-15 10:56:21,541.5,2172533
2021-06-15 10:56:23,541.6,2172583
2021-06-15 10:56:26,541.7,2172611
2021-06-15 10:56:28,541.5,2172698
2021-06-15 10:56:30,541.7,2173038
2021-06-15 10:56:33,541.7,2173184
2021-06-15 10:56:35,541.55,2173812
2021-06-15 10:56:37,541.65,2173863
2021-06-15 10:56:40,541.65,2173911
2021-06-15 10:56:43,541.7,2174076
2021-06-15 10:56:45,541.7,2174241
2021-06-15 10:56:47,541.7,2174256
2021-06-15 10:56:50,541.7,2174532
2021-06-15 10:56:52,541.7,2176064
2021-06-15 10:56:54,541.75,2176184
2021-06-15 10:56:57,541.7,2176570
2021-06-15 10:56:59,541.7,2176703
2021-06-15 10:57:05,541.7,2179120
2021-06-15 10:57:07,541.75,2179427
2021-06-15 10:57:10,541.8,2200182
2021-06-15 10:57:12,541.8,2200232
2021-06-15 10:57:14,541.95,2200550
2021-06-15 10:57:17,541.75,2200909
2021-06-15 10:57:19,541.8,2201932
2021-06-15 10:57:21,541.75,2202021
2021-06-15 10:57:24,541.95,2202703
2021-06-15 10:57:26,541.75,2203088
2021-06-15 10:57:29,541.8,2204045
2021-06-15 10:57:31,542.15,2237871
2021-06-15 10:57:34,542.15,2238546
2021-06-15 10:57:34,542.15,2238874
2021-06-15 10:57:35,542.15,2238874
2021-06-15 10:57:36,542.3,2239053
2021-06-15 10:57:38,542.15,2239322
2021-06-15 10:57:39,542.15,2239323
2021-06-15 10:57:40,542.15,2239465
2021-06-15 10:57:41,542.1,2239527
2021-06-15 10:57:42,542.1,2239910
2021-06-15 10:57:42,542.1,2239910
2021-06-15 10:57:44,542.0,2247289
2021-06-15 10:57:45,542.0,2249217
2021-06-15 10:57:46,542.15,2249642
2021-06-15 10:57:46,542.15,2249642
2021-06-15 10:57:47,542.15,2249677
2021-06-15 10:57:48,542.0,2249732
2021-06-15 10:57:50,542.0,2250261
2021-06-15 10:57:51,542.0,2250311
2021-06-15 10:57:52,542.0,2250356
2021-06-15 10:57:53,542.0,2250556
2021-06-15 10:57:54,542.1,2250636
2021-06-15 10:57:55,542.0,2250661
2021-06-15 10:57:56,542.0,2250661
2021-06-15 10:57:57,542.1,2250711
2021-06-15 10:57:58,542.05,2250841
2021-06-15 10:57:58,542.1,2250846
2021-06-15 10:58:00,542.05,2250855
2021-06-15 10:58:01,542.0,2251255
2021-06-15 10:58:02,542.15,2251843
2021-06-15 10:58:03,542.15,2252316
2021-06-15 10:58:03,542.15,2252316
2021-06-15 10:58:05,542.25,2252851
2021-06-15 10:58:06,542.05,2252866
2021-06-15 10:58:07,542.25,2252882
2021-06-15 10:58:07,542.25,2252882
2021-06-15 10:58:08,542.25,2252894
2021-06-15 10:58:10,542.3,2253329
2021-06-15 10:58:10,542.05,2253503
2021-06-15 10:58:11,542.05,2253503
2021-06-15 10:58:13,542.2,2253603
2021-06-15 10:58:14,542.05,2253740
2021-06-15 10:58:15,542.05,2253748
2021-06-15 10:58:16,542.25,2253782
2021-06-15 10:58:17,542.1,2253783
2021-06-15 10:58:18,542.1,2253784
2021-06-15 10:58:19,542.1,2253788
2021-06-15 10:58:20,542.25,2253956
2021-06-15 10:58:21,542.25,2253976
2021-06-15 10:58:22,542.1,2254031
2021-06-15 10:58:23,542.1,2254031
2021-06-15 10:58:24,542.05,2254347
2021-06-15 10:58:25,542.15,2254357
2021-06-15 10:58:26,542.15,2254357
2021-06-15 10:58:27,542.15,2254396
2021-06-15 10:58:28,542.15,2254418
2021-06-15 10:58:28,542.15,2254423
2021-06-15 10:58:30,542.15,2254725
2021-06-15 10:58:31,542.15,2254841
2021-06-15 10:58:32,542.2,2254842
2021-06-15 10:58:33,542.15,2256585
2021-06-15 10:58:33,542.1,2256640
2021-06-15 10:58:35,542.05,2256951
2021-06-15 10:58:36,542.0,2257145
2021-06-15 10:58:37,542.25,2257825
2021-06-15 10:58:38,542.0,2258032
2021-06-15 10:58:39,542.1,2258063
2021-06-15 10:58:40,542.25,2258123
2021-06-15 10:58:41,542.25,2258123
2021-06-15 10:58:42,542.25,2258178
2021-06-15 10:58:43,542.25,2258180
2021-06-15 10:58:44,542.05,2258189
2021-06-15 10:58:44,542.05,2258189
2021-06-15 10:58:46,542.2,2258504
2021-06-15 10:58:47,542.05,2258514
2021-06-15 10:58:47,542.05,2258514
2021-06-15 10:58:48,542.2,2258764
2021-06-15 10:58:49,542.2,2258851
2021-06-15 10:58:50,542.2,2258988
2021-06-15 10:58:52,542.2,2259233
2021-06-15 10:58:53,542.15,2259324
2021-06-15 10:58:54,542.15,2259373
2021-06-15 10:58:54,542.15,2259373
2021-06-15 10:58:56,542.2,2259575
2021-06-15 10:58:56,542.2,2259575
2021-06-15 10:58:57,542.15,2259595
2021-06-15 10:58:59,542.2,2259610
2021-06-15 10:59:00,542.2,2259854
2021-06-15 10:59:01,542.2,2259872
2021-06-15 10:59:02,542.2,2259892
2021-06-15 10:59:03,542.2,2259892
2021-06-15 10:59:04,542.2,2259892
2021-06-15 10:59:05,542.2,2260150
2021-06-15 10:59:06,542.15,2260323
2021-06-15 10:59:07,542.15,2260437
2021-06-15 10:59:08,542.25,2261469
2021-06-15 10:59:09,542.15,2261479
2021-06-15 10:59:10,542.25,2262679
2021-06-15 10:59:11,542.25,2262756
2021-06-15 10:59:12,542.15,2262960
2021-06-15 10:59:13,542.15,2262978
2021-06-15 10:59:14,542.15,2262993
2021-06-15 10:59:15,542.2,2263560
2021-06-15 10:59:16,542.2,2263988
2021-06-15 10:59:17,542.25,2264038
2021-06-15 10:59:18,542.2,2264072
2021-06-15 10:59:19,542.2,2264072
2021-06-15 10:59:20,542.2,2264080
2021-06-15 10:59:21,542.2,2265126
2021-06-15 10:59:22,542.2,2265130
2021-06-15 10:59:23,542.1,2265267
2021-06-15 10:59:24,542.15,2265954
2021-06-15 10:59:25,542.15,2266152
2021-06-15 10:59:26,542.15,2266215
2021-06-15 10:59:27,542.0,2266295
2021-06-15 10:59:28,542.0,2266295
2021-06-15 10:59:29,542.0,2266295
2021-06-15 10:59:30,542.0,2266304
2021-06-15 10:59:31,542.0,2266304
2021-06-15 10:59:32,542.0,2266304
2021-06-15 10:59:33,542.0,2266308
2021-06-15 10:59:34,542.0,2266308
2021-06-15 10:59:35,542.1,2266367
2021-06-15 10:59:36,542.0,2266417
2021-06-15 10:59:37,542.0,2266493
2021-06-15 10:59:38,542.0,2266554
2021-06-15 10:59:39,542.0,2266612
2021-06-15 10:59:40,542.0,2266676
2021-06-15 10:59:41,542.0,2266697
2021-06-15 10:59:42,542.1,2266740
2021-06-15 10:59:43,542.1,2266740
2021-06-15 10:59:44,542.0,2267171
2021-06-15 10:59:45,542.0,2267201
2021-06-15 10:59:46,542.1,2267202
2021-06-15 10:59:47,542.1,2267212
2021-06-15 10:59:48,542.0,2267332
2021-06-15 10:59:49,542.0,2267332
2021-06-15 10:59:50,542.15,2267531
2021-06-15 10:59:51,542.05,2267682
2021-06-15 10:59:52,542.2,2267907
2021-06-15 10:59:53,542.2,2267907
2021-06-15 10:59:54,542.2,2268063
2021-06-15 10:59:55,542.2,2268063
2021-06-15 10:59:56,542.15,2268170
2021-06-15 10:59:57,542.0,2268180
2021-06-15 10:59:58,542.15,2268191
2021-06-15 10:59:59,541.85,2279976
2021-06-15 11:00:00,541.8,2280454
2021-06-15 11:00:01,541.8,2280454
2021-06-15 11:00:02,541.5,2283639
2021-06-15 11:00:04,541.85,2284425
2021-06-15 11:00:03,541.85,2284425
2021-06-15 11:00:05,541.6,2284530
2021-06-15 11:00:06,541.6,2284574
2021-06-15 11:00:07,541.85,2284622
2021-06-15 11:00:08,541.6,2284880
2021-06-15 11:00:09,541.6,2284880
2021-06-15 11:00:10,541.7,2284905
2021-06-15 11:00:11,541.8,2287935
2021-06-15 11:00:12,541.75,2288029
2021-06-15 11:00:13,541.75,2288179
2021-06-15 11:00:14,541.75,2288179
2021-06-15 11:00:15,541.8,2288334
2021-06-15 11:00:16,541.8,2288890
2021-06-15 11:00:17,542.0,2288927
2021-06-15 11:00:18,541.95,2289037
2021-06-15 11:00:19,541.95,2289061
2021-06-15 11:00:20,541.8,2289069
2021-06-15 11:00:21,541.8,2289113
2021-06-15 11:00:22,541.7,2289158
2021-06-15 11:00:23,541.8,2289191
2021-06-15 11:00:24,541.8,2289191
2021-06-15 11:00:25,541.75,2289200
2021-06-15 11:00:26,541.75,2289200
2021-06-15 11:00:27,541.75,2289325
2021-06-15 11:00:28,541.75,2289575
2021-06-15 11:00:29,541.75,2289575
2021-06-15 11:00:30,541.75,2289583
2021-06-15 11:00:31,541.75,2289783
2021-06-15 11:00:32,541.75,2289836
2021-06-15 11:00:33,541.75,2289842
2021-06-15 11:00:34,541.75,2289850
2021-06-15 11:00:35,541.8,2289977
2021-06-15 11:00:36,541.8,2289977
2021-06-15 11:00:37,541.75,2290624
2021-06-15 11:00:38,541.8,2291737
2021-06-15 11:00:39,541.8,2291776
2021-06-15 11:00:40,541.8,2291997
2021-06-15 11:00:41,541.8,2292265
2021-06-15 11:00:42,541.9,2292310
2021-06-15 11:00:43,541.9,2292310
2021-06-15 11:00:44,541.9,2292310
2021-06-15 11:00:45,541.8,2292329
2021-06-15 11:00:46,541.8,2292485
2021-06-15 11:00:47,541.8,2292485
2021-06-15 11:00:48,541.8,2292485
2021-06-15 11:00:49,541.8,2292493
2021-06-15 11:00:50,541.8,2292493
2021-06-15 11:00:51,541.8,2292538
2021-06-15 11:00:52,541.8,2292789
2021-06-15 11:00:53,541.8,2292789
2021-06-15 11:00:54,541.95,2292819
2021-06-15 11:00:55,541.95,2292891
2021-06-15 11:00:56,541.95,2292891
2021-06-15 11:00:57,541.75,2293191
2021-06-15 11:00:58,541.75,2293191
2021-06-15 11:00:59,541.75,2293191
2021-06-15 11:01:01,541.65,2293804
2021-06-15 11:01:02,541.9,2293824
2021-06-15 11:01:03,541.65,2293924
2021-06-15 11:01:04,541.75,2294146
2021-06-15 11:01:05,541.75,2294146
2021-06-15 11:01:06,541.7,2294396
2021-06-15 11:01:07,541.7,2294514
2021-06-15 11:01:08,541.9,2294524
2021-06-15 11:01:09,541.9,2294530
2021-06-15 11:01:10,541.65,2294564
2021-06-15 11:01:11,541.7,2294654
2021-06-15 11:01:13,541.7,2294674
2021-06-15 11:01:14,541.9,2294925
2021-06-15 11:01:14,541.9,2294940
2021-06-15 11:01:15,541.7,2294948
2021-06-15 11:01:16,541.7,2294948
2021-06-15 11:01:17,541.7,2295038
2021-06-15 11:01:18,541.7,2295038
2021-06-15 11:01:19,541.7,2295071
2021-06-15 11:01:20,541.7,2295071
2021-06-15 11:01:21,541.7,2295073
2021-06-15 11:01:22,541.7,2295123
2021-06-15 11:01:23,541.6,2295443
2021-06-15 11:01:24,541.9,2296458
2021-06-15 11:01:25,541.7,2296497
2021-06-15 11:01:26,541.7,2296497
2021-06-15 11:01:27,541.7,2296522
2021-06-15 11:01:29,541.6,2296566
2021-06-15 11:01:29,541.6,2296566
2021-06-15 11:01:30,541.65,2296619
2021-06-15 11:01:31,541.7,2296769
2021-06-15 11:01:32,541.7,2296829
2021-06-15 11:01:33,541.7,2296829
2021-06-15 11:01:34,541.7,2296840
2021-06-15 11:01:35,541.55,2297348
2021-06-15 11:01:36,541.55,2297430
2021-06-15 11:01:37,541.55,2297430
2021-06-15 11:01:39,541.55,2297438
2021-06-15 11:01:39,541.55,2297547
2021-06-15 11:01:40,541.55,2297547
2021-06-15 11:01:41,541.65,2297551
2021-06-15 11:01:42,541.65,2297561
2021-06-15 11:01:43,541.7,2297811
2021-06-15 11:01:44,541.6,2297819
2021-06-15 11:01:46,541.7,2297984
2021-06-15 11:01:46,541.7,2298000
2021-06-15 11:01:47,541.7,2298000
2021-06-15 11:01:48,541.6,2298319
2021-06-15 11:01:49,541.6,2298349
2021-06-15 11:01:50,541.6,2298604
2021-06-15 11:01:52,541.55,2298731
2021-06-15 11:01:52,541.55,2298731
2021-06-15 11:01:53,541.35,2302133
2021-06-15 11:01:54,541.35,2302284
2021-06-15 11:01:55,541.35,2302301
2021-06-15 11:01:56,541.35,2303303
2021-06-15 11:01:57,541.6,2303357
2021-06-15 11:01:58,541.6,2303357
2021-06-15 11:01:59,541.35,2303591
2021-06-15 11:02:00,541.35,2303674
2021-06-15 11:02:01,541.35,2303806
2021-06-15 11:02:02,541.35,2303806
2021-06-15 11:02:03,541.55,2303808
2021-06-15 11:02:04,541.35,2303811
2021-06-15 11:02:05,541.35,2303819
2021-06-15 11:02:06,541.35,2303839
2021-06-15 11:02:07,541.35,2303885
2021-06-15 11:02:08,541.55,2303945
2021-06-15 11:02:09,541.25,2306954
2021-06-15 11:02:10,541.5,2307069
2021-06-15 11:02:12,541.25,2307874
2021-06-15 11:02:13,541.5,2307999
2021-06-15 11:02:14,541.35,2308000
2021-06-15 11:02:15,541.45,2308116
2021-06-15 11:02:17,541.25,2308245
2021-06-15 11:02:18,541.3,2308545
2021-06-15 11:02:19,541.25,2309545
2021-06-15 11:02:20,541.3,2309891
2021-06-15 11:02:21,541.3,2309891
2021-06-15 11:02:22,541.45,2309959
2021-06-15 11:02:23,541.45,2309959
2021-06-15 11:02:24,541.3,2309969
2021-06-15 11:02:25,541.3,2309980
2021-06-15 11:02:26,541.3,2309990
2021-06-15 11:02:27,541.3,2310000
2021-06-15 11:02:28,541.3,2310080
2021-06-15 11:02:29,541.45,2310089
2021-06-15 11:02:30,541.3,2310120
2021-06-15 11:02:31,541.3,2310120
2021-06-15 11:02:32,541.3,2310120
2021-06-15 11:02:33,541.3,2310220
2021-06-15 11:02:35,541.3,2310238
2021-06-15 11:02:38,541.45,2311313
2021-06-15 11:02:40,541.45,2311530
2021-06-15 11:02:42,541.3,2311671
2021-06-15 11:02:44,541.3,2311671
2021-06-15 11:02:46,541.3,2312183
2021-06-15 11:02:48,541.4,2312333
2021-06-15 11:02:51,541.35,2312503
2021-06-15 11:02:53,541.3,2312583
2021-06-15 11:02:55,541.3,2312740
2021-06-15 11:02:57,541.4,2312873
2021-06-15 11:02:59,541.4,2312883
2021-06-15 11:03:01,541.3,2313069
2021-06-15 11:03:03,541.3,2313153
2021-06-15 11:03:06,541.3,2313319
2021-06-15 11:03:08,541.3,2313423
2021-06-15 11:03:10,541.35,2313497
2021-06-15 11:03:12,541.35,2313497
2021-06-15 11:03:14,541.35,2313591
2021-06-15 11:03:16,541.35,2313649
2021-06-15 11:03:18,541.3,2313709
2021-06-15 11:03:20,541.35,2314117
2021-06-15 11:03:22,541.25,2315548
2021-06-15 11:03:24,541.25,2315642
2021-06-15 11:03:27,541.3,2315643
2021-06-15 11:03:29,541.3,2316052
2021-06-15 11:03:31,541.35,2318300
2021-06-15 11:03:33,541.25,2318417
2021-06-15 11:03:35,541.25,2318537
2021-06-15 11:03:37,541.25,2318539
2021-06-15 11:03:39,541.25,2318648
2021-06-15 11:03:42,541.3,2318796
2021-06-15 11:03:44,541.3,2319347
2021-06-15 11:03:46,541.4,2319382
2021-06-15 11:03:48,541.25,2319492
2021-06-15 11:03:50,541.25,2319502
2021-06-15 11:03:52,541.3,2319649
2021-06-15 11:03:54,541.25,2319658
2021-06-15 11:03:56,541.5,2321513
2021-06-15 11:03:58,541.4,2321658
2021-06-15 11:04:00,541.4,2322231
2021-06-15 11:04:02,541.4,2322401
2021-06-15 11:04:04,541.6,2322901
2021-06-15 11:04:06,541.55,2322974
2021-06-15 11:04:08,541.55,2323024
2021-06-15 11:04:11,541.5,2323749
2021-06-15 11:04:13,541.65,2323771
2021-06-15 11:04:15,541.6,2323806
2021-06-15 11:04:17,541.6,2323806
2021-06-15 11:04:19,541.5,2324557
2021-06-15 11:04:21,541.65,2324594
2021-06-15 11:04:23,541.5,2324740
2021-06-15 11:04:25,541.65,2324854
2021-06-15 11:04:27,541.65,2324874
2021-06-15 11:04:29,541.5,2324892
2021-06-15 11:04:31,541.45,2325892
2021-06-15 11:04:34,541.5,2325902
2021-06-15 11:04:36,541.65,2326023
2021-06-15 11:04:38,541.5,2326075
2021-06-15 11:04:40,541.5,2326782
2021-06-15 11:04:42,541.65,2326803
2021-06-15 11:04:44,541.55,2326812
2021-06-15 11:04:47,541.65,2326862
2021-06-15 11:04:49,541.65,2327164
2021-06-15 11:04:51,541.75,2328008
2021-06-15 11:04:53,541.6,2328113
2021-06-15 11:04:56,541.8,2328296
2021-06-15 11:04:58,541.8,2328297
2021-06-15 11:05:00,541.6,2328330
2021-06-15 11:05:02,541.6,2328541
2021-06-15 11:05:04,541.6,2329182
2021-06-15 11:05:09,541.8,2329719
2021-06-15 11:05:11,541.8,2329771
2021-06-15 11:05:14,541.8,2329786
2021-06-15 11:05:16,541.7,2329916
2021-06-15 11:05:18,541.8,2330130
2021-06-15 11:05:21,541.85,2330259
2021-06-15 11:05:23,541.85,2330316
2021-06-15 11:05:25,541.7,2330325
2021-06-15 11:05:27,541.8,2330330
2021-06-15 11:05:29,541.85,2330814
2021-06-15 11:05:32,541.9,2331235
2021-06-15 11:05:34,541.9,2335689
2021-06-15 11:05:37,541.95,2336887
2021-06-15 11:05:40,542.0,2343956
2021-06-15 11:05:43,542.05,2344474
2021-06-15 11:05:45,542.2,2347917
2021-06-15 11:05:48,542.0,2348179
2021-06-15 11:05:50,542.0,2348187
2021-06-15 11:05:55,542.0,2348520
2021-06-15 11:05:57,542.2,2349520
2021-06-15 11:06:00,542.2,2349985
2021-06-15 11:06:02,542.0,2350055
2021-06-15 11:06:04,542.0,2350481
2021-06-15 11:06:06,542.0,2350914
2021-06-15 11:06:09,542.2,2350929
2021-06-15 11:06:11,542.0,2350996
2021-06-15 11:06:14,542.0,2351050
2021-06-15 11:06:17,542.2,2351270
2021-06-15 11:06:19,542.1,2351271
2021-06-15 11:06:21,542.1,2351374
2021-06-15 11:06:24,542.1,2351374
2021-06-15 11:06:26,542.2,2352113
2021-06-15 11:06:29,542.2,2352142
2021-06-15 11:06:31,542.2,2352460
2021-06-15 11:06:33,542.1,2352665
2021-06-15 11:06:36,542.15,2353198
2021-06-15 11:06:38,542.0,2355238
2021-06-15 11:06:40,542.1,2355619
2021-06-15 11:06:42,542.15,2355624
2021-06-15 11:06:45,542.15,2355635
2021-06-15 11:06:47,542.15,2356169
2021-06-15 11:06:50,542.1,2356197
2021-06-15 11:06:52,542.1,2356668
2021-06-15 11:06:54,542.1,2357132
2021-06-15 11:06:56,542.1,2357794
2021-06-15 11:06:58,542.1,2357850
2021-06-15 11:07:00,542.1,2358387
2021-06-15 11:07:03,542.15,2358447
2021-06-15 11:07:05,542.15,2358476
2021-06-15 11:07:07,542.15,2365658
2021-06-15 11:07:10,542.15,2366658
2021-06-15 11:07:12,542.15,2366658
2021-06-15 11:07:14,542.15,2366668
2021-06-15 11:07:17,542.15,2367226
2021-06-15 11:07:19,542.05,2367359
2021-06-15 11:07:21,542.05,2367402
2021-06-15 11:07:23,542.0,2367558
2021-06-15 11:07:25,542.1,2367667
2021-06-15 11:07:26,542.1,2367767
2021-06-15 11:07:28,542.0,2367867
2021-06-15 11:07:31,542.0,2368180
2021-06-15 11:07:32,542.1,2368230
2021-06-15 11:07:34,542.0,2368288
2021-06-15 11:07:36,542.05,2368289
2021-06-15 11:07:38,542.0,2369686
2021-06-15 11:07:41,542.1,2369929
2021-06-15 11:07:43,542.1,2370077
2021-06-15 11:07:45,542.05,2370111
2021-06-15 11:07:47,542.05,2370114
2021-06-15 11:07:49,542.1,2370124
2021-06-15 11:07:51,542.05,2370307
2021-06-15 11:07:53,542.05,2371115
2021-06-15 11:07:55,542.1,2371275
2021-06-15 11:07:57,542.0,2380412
2021-06-15 11:07:59,542.0,2380695
2021-06-15 11:08:01,542.05,2380846
2021-06-15 11:08:06,542.0,2381302
2021-06-15 11:08:08,542.15,2381648
2021-06-15 11:08:10,542.15,2381670
2021-06-15 11:08:13,542.15,2381670
2021-06-15 11:08:15,542.1,2382037
2021-06-15 11:08:17,542.1,2382092
2021-06-15 11:08:20,542.05,2382420
2021-06-15 11:08:22,542.05,2382533
2021-06-15 11:08:24,542.05,2382578
2021-06-15 11:08:27,542.0,2382737
2021-06-15 11:08:29,542.1,2383398
2021-06-15 11:08:31,542.1,2384141
2021-06-15 11:08:36,542.0,2384305
2021-06-15 11:08:39,542.05,2384425
2021-06-15 11:08:42,542.05,2384437
