timestamp,ltp,volume
2021-06-15 09:15:38,485.9,45952
2021-06-15 09:15:45,485.95,49362
2021-06-15 09:15:50,486.0,53744
2021-06-15 09:15:56,486.15,59824
2021-06-15 09:16:01,486.45,64953
2021-06-15 09:16:06,486.65,69192
2021-06-15 09:16:12,486.15,73877
2021-06-15 09:16:17,486.5,77144
2021-06-15 09:16:22,486.0,91434
2021-06-15 09:16:28,485.9,97482
2021-06-15 09:16:33,485.15,106452
2021-06-15 09:16:38,484.25,139731
2021-06-15 09:16:43,485.0,145419
2021-06-15 09:16:49,485.25,147405
2021-06-15 09:16:54,484.65,154220
2021-06-15 09:16:59,484.8,155519
2021-06-15 09:17:04,485.3,155957
2021-06-15 09:17:09,484.85,157665
2021-06-15 09:17:14,485.05,164687
2021-06-15 09:17:19,485.0,168429
2021-06-15 09:17:25,485.35,171442
2021-06-15 09:17:30,485.5,172295
2021-06-15 09:17:35,485.3,172489
2021-06-15 09:17:40,485.2,174947
2021-06-15 09:17:51,484.6,188283
2021-06-15 09:18:01,484.55,195726
2021-06-15 09:18:16,485.0,199222
2021-06-15 09:18:21,485.0,200105
2021-06-15 09:18:31,485.05,201674
2021-06-15 09:18:36,484.75,202579
2021-06-15 09:18:41,485.0,204095
2021-06-15 09:18:46,484.7,206166
2021-06-15 09:18:51,484.7,207604
2021-06-15 09:18:55,484.95,208057
2021-06-15 09:19:00,484.95,209695
2021-06-15 09:19:05,484.75,210788
2021-06-15 09:19:10,484.7,211201
2021-06-15 09:19:15,484.7,211674
2021-06-15 09:19:20,484.75,212393
2021-06-15 09:19:25,485.0,212701
2021-06-15 09:19:29,485.0,214207
2021-06-15 09:19:34,485.2,215055
2021-06-15 09:19:39,484.7,240207
2021-06-15 09:19:44,484.9,240738
2021-06-15 09:19:49,484.3,242091
2021-06-15 09:19:54,484.6,242623
2021-06-15 09:19:59,484.1,244523
2021-06-15 09:20:03,484.05,247457
2021-06-15 09:20:08,484.35,247544
2021-06-15 09:20:13,484.35,248448
2021-06-15 09:20:18,484.6,248726
2021-06-15 09:20:23,484.5,249345
2021-06-15 09:20:28,484.25,250179
2021-06-15 09:20:33,484.05,252087
2021-06-15 09:20:37,483.8,252424
2021-06-15 09:20:42,483.95,257046
2021-06-15 09:20:47,483.75,258535
2021-06-15 09:20:52,483.8,260440
2021-06-15 09:20:57,484.0,262101
2021-06-15 09:21:02,484.0,262557
2021-06-15 09:21:07,484.1,273415
2021-06-15 09:21:11,484.25,273994
2021-06-15 09:21:16,484.1,274694
2021-06-15 09:21:21,484.1,275055
2021-06-15 09:21:26,484.45,276404
2021-06-15 09:21:31,484.5,276613
2021-06-15 09:21:40,484.25,277581
2021-06-15 09:21:45,484.25,278218
2021-06-15 09:21:50,483.9,283093
2021-06-15 09:21:54,483.65,289164
2021-06-15 09:21:59,483.7,289917
2021-06-15 09:22:04,483.7,290563
2021-06-15 09:22:09,483.6,291422
2021-06-15 09:22:13,483.7,292372
2021-06-15 09:22:18,483.6,293175
2021-06-15 09:22:23,483.6,294268
2021-06-15 09:22:27,483.5,294959
2021-06-15 09:22:32,483.5,296382
2021-06-15 09:22:36,483.55,299892
2021-06-15 09:22:41,483.6,303885
2021-06-15 09:22:45,483.5,304670
2021-06-15 09:22:50,483.65,307194
2021-06-15 09:22:59,483.55,308343
2021-06-15 09:23:04,483.85,309863
2021-06-15 09:23:09,483.95,312208
2021-06-15 09:23:18,483.75,314576
2021-06-15 09:23:23,483.65,315268
2021-06-15 09:23:28,483.75,315427
2021-06-15 09:23:33,483.85,323632
2021-06-15 09:23:37,483.75,325069
2021-06-15 09:23:42,483.75,325447
2021-06-15 09:23:46,483.7,325920
2021-06-15 09:23:51,483.75,326542
2021-06-15 09:23:56,484.0,326748
2021-06-15 09:24:01,483.75,328055
2021-06-15 09:24:06,484.0,328876
2021-06-15 09:24:10,484.35,330593
2021-06-15 09:24:15,484.1,330965
2021-06-15 09:24:24,484.0,331436
2021-06-15 09:24:28,484.2,331685
2021-06-15 09:24:33,484.2,331876
2021-06-15 09:24:37,484.4,332450
2021-06-15 09:24:42,484.4,332628
2021-06-15 09:24:46,484.2,332828
2021-06-15 09:24:51,484.4,333152
2021-06-15 09:24:55,484.25,333498
2021-06-15 09:25:00,484.45,333906
2021-06-15 09:25:05,484.6,334306
2021-06-15 09:25:09,484.6,334986
2021-06-15 09:25:14,484.6,335215
2021-06-15 09:25:19,484.25,336732
2021-06-15 09:25:23,484.6,337413
2021-06-15 09:25:28,484.65,337591
2021-06-15 09:25:32,484.55,338082
2021-06-15 09:25:37,485.1,349537
2021-06-15 09:25:41,485.1,349975
2021-06-15 09:25:46,485.2,350992
2021-06-15 09:25:51,485.0,353164
2021-06-15 09:25:55,485.15,359966
2021-06-15 09:25:59,485.2,361522
2021-06-15 09:26:04,485.2,366437
2021-06-15 09:26:08,485.0,366996
2021-06-15 09:26:13,485.05,367454
2021-06-15 09:26:18,485.05,367836
2021-06-15 09:26:22,485.15,368031
2021-06-15 09:26:27,485.05,370826
2021-06-15 09:26:32,485.2,371839
2021-06-15 09:26:36,485.1,373073
2021-06-15 09:26:41,485.1,373590
2021-06-15 09:26:46,485.2,374572
2021-06-15 09:26:50,485.1,374848
2021-06-15 09:26:54,484.8,375734
2021-06-15 09:26:59,484.7,385174
2021-06-15 09:27:03,484.95,387209
2021-06-15 09:27:08,484.7,388045
2021-06-15 09:27:12,485.05,389431
2021-06-15 09:27:16,485.1,391411
2021-06-15 09:27:21,485.0,392445
2021-06-15 09:27:25,484.8,392630
2021-06-15 09:27:29,484.8,392785
2021-06-15 09:27:34,484.95,392821
2021-06-15 09:27:38,485.0,392927
2021-06-15 09:27:43,484.8,393242
2021-06-15 09:27:47,484.8,393293
2021-06-15 09:27:51,484.8,393651
2021-06-15 09:27:56,484.85,394836
2021-06-15 09:28:00,484.75,394957
2021-06-15 09:28:05,485.0,395062
2021-06-15 09:28:09,484.95,395271
2021-06-15 09:28:13,484.75,395376
2021-06-15 09:28:18,484.95,397012
2021-06-15 09:28:22,484.85,398298
2021-06-15 09:28:26,484.85,398975
2021-06-15 09:28:30,484.95,399007
2021-06-15 09:28:34,484.95,399007
2021-06-15 09:28:39,485.0,399974
2021-06-15 09:28:43,484.85,400848
2021-06-15 09:28:47,484.85,401169
2021-06-15 09:28:51,485.0,401428
2021-06-15 09:28:55,485.0,402139
2021-06-15 09:28:59,484.85,402358
2021-06-15 09:29:03,484.85,402704
2021-06-15 09:29:08,484.85,402805
2021-06-15 09:29:12,484.85,403202
2021-06-15 09:29:16,484.8,403805
2021-06-15 09:29:21,484.9,405251
2021-06-15 09:29:25,484.9,405251
2021-06-15 09:29:29,484.9,405730
2021-06-15 09:29:33,484.9,406276
2021-06-15 09:29:37,484.9,406302
2021-06-15 09:29:41,484.7,406757
2021-06-15 09:29:45,484.65,408268
2021-06-15 09:29:49,484.65,408279
2021-06-15 09:29:54,484.6,408453
2021-06-15 09:29:58,484.8,408927
2021-06-15 09:30:03,484.5,409297
2021-06-15 09:30:11,484.45,410107
2021-06-15 09:30:15,484.5,415645
2021-06-15 09:30:19,484.5,415926
2021-06-15 09:30:24,484.1,418232
2021-06-15 09:30:28,484.0,419702
2021-06-15 09:30:32,484.0,420847
2021-06-15 09:30:36,484.25,421400
2021-06-15 09:30:40,484.25,421868
2021-06-15 09:30:45,484.5,422564
2021-06-15 09:30:49,484.65,424117
2021-06-15 09:30:53,484.6,424597
2021-06-15 09:30:58,484.6,425446
2021-06-15 09:31:06,484.65,426467
2021-06-15 09:31:10,484.6,430347
2021-06-15 09:31:15,484.55,433515
2021-06-15 09:31:19,484.5,434458
2021-06-15 09:31:24,484.65,434463
2021-06-15 09:31:32,484.65,435298
2021-06-15 09:31:36,484.9,437999
2021-06-15 09:31:40,484.8,438199
2021-06-15 09:31:45,484.65,439082
2021-06-15 09:31:49,484.55,439229
2021-06-15 09:31:53,484.75,439410
2021-06-15 09:31:57,484.65,439704
2021-06-15 09:32:02,484.8,439854
2021-06-15 09:32:06,484.65,439936
2021-06-15 09:32:10,484.65,440243
2021-06-15 09:32:14,484.55,440479
2021-06-15 09:32:19,484.65,440596
2021-06-15 09:32:23,484.85,441127
2021-06-15 09:32:27,484.65,442026
2021-06-15 09:32:36,484.75,442610
2021-06-15 09:32:40,484.35,443095
2021-06-15 09:32:44,484.35,443841
2021-06-15 09:32:49,484.85,444148
2021-06-15 09:32:53,484.55,444416
2021-06-15 09:32:58,484.35,444829
2021-06-15 09:33:02,484.6,445024
2021-06-15 09:33:06,484.55,445249
2021-06-15 09:33:11,484.55,445416
2021-06-15 09:33:15,484.85,445455
2021-06-15 09:33:20,484.55,445666
2021-06-15 09:33:24,484.7,445895
2021-06-15 09:33:28,484.6,446017
2021-06-15 09:33:33,484.7,446159
2021-06-15 09:33:37,484.3,448208
2021-06-15 09:33:41,484.5,448905
2021-06-15 09:33:45,484.55,449187
2021-06-15 09:33:50,484.8,450759
2021-06-15 09:33:54,484.85,451405
2021-06-15 09:33:58,484.7,451421
2021-06-15 09:34:02,484.55,451571
2021-06-15 09:34:10,484.5,452198
2021-06-15 09:34:14,484.3,452317
2021-06-15 09:34:19,484.5,452865
2021-06-15 09:34:23,484.5,452885
2021-06-15 09:34:27,484.45,453199
2021-06-15 09:34:31,484.2,456401
2021-06-15 09:34:35,484.1,457881
2021-06-15 09:34:39,484.1,457906
2021-06-15 09:34:43,484.05,458126
2021-06-15 09:34:47,484.25,458452
2021-06-15 09:34:52,484.1,458802
2021-06-15 09:34:56,484.2,458832
2021-06-15 09:35:00,484.05,459233
2021-06-15 09:35:04,483.95,463612
2021-06-15 09:35:08,483.95,464062
2021-06-15 09:35:13,483.75,465696
2021-06-15 09:35:17,483.7,465820
2021-06-15 09:35:21,483.7,465985
2021-06-15 09:35:25,483.95,466149
2021-06-15 09:35:29,483.75,466254
2021-06-15 09:35:34,483.8,466481
2021-06-15 09:35:38,483.9,466723
2021-06-15 09:35:42,483.95,466780
2021-06-15 09:35:46,483.95,466888
2021-06-15 09:35:50,484.1,467313
2021-06-15 09:35:53,484.0,467719
2021-06-15 09:35:57,483.95,468824
2021-06-15 09:36:01,484.0,469089
2021-06-15 09:36:05,484.15,469363
2021-06-15 09:36:09,484.5,469565
2021-06-15 09:36:13,484.45,470077
2021-06-15 09:36:18,484.45,470128
2021-06-15 09:36:22,484.5,470238
2021-06-15 09:36:26,484.5,470238
2021-06-15 09:36:30,484.2,470368
2021-06-15 09:36:34,484.25,470384
2021-06-15 09:36:38,484.25,470542
2021-06-15 09:36:43,484.3,470923
2021-06-15 09:36:47,484.15,470948
2021-06-15 09:36:51,484.3,470998
2021-06-15 09:36:54,484.3,471008
2021-06-15 09:36:58,484.3,471018
2021-06-15 09:37:02,484.25,471073
2021-06-15 09:37:06,484.2,471529
2021-06-15 09:37:10,484.25,471764
2021-06-15 09:37:14,484.25,471825
2021-06-15 09:37:18,484.25,471846
2021-06-15 09:37:22,484.25,471944
2021-06-15 09:37:27,484.2,472119
2021-06-15 09:37:31,484.25,472169
2021-06-15 09:37:35,484.1,472461
2021-06-15 09:37:39,484.15,472521
2021-06-15 09:37:42,484.15,472727
2021-06-15 09:37:47,484.2,473235
2021-06-15 09:37:51,484.0,474075
2021-06-15 09:37:55,484.0,474218
2021-06-15 09:38:00,484.0,474707
2021-06-15 09:38:04,484.0,474832
2021-06-15 09:38:07,484.25,474932
2021-06-15 09:38:11,484.2,474941
2021-06-15 09:38:15,484.15,475617
2021-06-15 09:38:19,484.1,475814
2021-06-15 09:38:24,484.25,475826
2021-06-15 09:38:27,484.1,475915
2021-06-15 09:38:31,484.1,475997
2021-06-15 09:38:36,484.15,476329
2021-06-15 09:38:39,484.0,476443
2021-06-15 09:38:43,484.0,476598
2021-06-15 09:38:47,484.0,476859
2021-06-15 09:38:51,484.1,476984
2021-06-15 09:38:55,484.2,477865
2021-06-15 09:38:59,484.0,478025
2021-06-15 09:39:03,484.0,478030
2021-06-15 09:39:07,484.2,478032
2021-06-15 09:39:11,484.1,478089
2021-06-15 09:39:14,484.1,478219
2021-06-15 09:39:18,484.05,478697
2021-06-15 09:39:22,484.05,478815
2021-06-15 09:39:25,484.2,479720
2021-06-15 09:39:29,484.05,479926
2021-06-15 09:39:33,484.05,479926
2021-06-15 09:39:36,484.05,480080
2021-06-15 09:39:40,484.15,480081
2021-06-15 09:39:45,484.05,480239
2021-06-15 09:39:49,484.2,480299
2021-06-15 09:39:53,484.15,480433
2021-06-15 09:40:01,484.1,480654
2021-06-15 09:40:05,484.15,480882
2021-06-15 09:40:09,484.05,481447
2021-06-15 09:40:13,483.9,483870
2021-06-15 09:40:17,483.7,485357
2021-06-15 09:40:21,483.55,486063
2021-06-15 09:40:25,483.8,486715
2021-06-15 09:40:29,483.6,487473
2021-06-15 09:40:33,483.75,487665
2021-06-15 09:40:37,484.35,493417
2021-06-15 09:40:41,484.35,493469
2021-06-15 09:40:45,484.35,494784
2021-06-15 09:40:49,484.4,495539
2021-06-15 09:40:53,484.65,496205
2021-06-15 09:40:57,484.45,496239
2021-06-15 09:41:01,484.5,496359
2021-06-15 09:41:05,484.65,497162
2021-06-15 09:41:13,484.45,498015
2021-06-15 09:41:17,484.45,498135
2021-06-15 09:41:20,484.45,498144
2021-06-15 09:41:24,484.7,500718
2021-06-15 09:41:28,484.65,501005
2021-06-15 09:41:32,484.8,501314
2021-06-15 09:41:36,484.8,501340
2021-06-15 09:41:40,484.65,501524
2021-06-15 09:41:44,484.8,501705
2021-06-15 09:41:47,484.8,501725
2021-06-15 09:41:55,484.75,501854
2021-06-15 09:41:58,484.55,502052
2021-06-15 09:42:02,484.75,502698
2021-06-15 09:42:05,484.6,502763
2021-06-15 09:42:09,484.8,503094
2021-06-15 09:42:12,484.95,508243
2021-06-15 09:42:16,484.95,508792
2021-06-15 09:42:23,484.95,518349
2021-06-15 09:42:26,485.0,518562
2021-06-15 09:42:33,484.9,518727
2021-06-15 09:42:36,484.95,518942
2021-06-15 09:42:40,485.0,522498
2021-06-15 09:42:43,484.95,522874
2021-06-15 09:42:47,485.0,523371
2021-06-15 09:42:51,485.15,526811
2021-06-15 09:42:54,485.2,528701
2021-06-15 09:42:58,485.2,530122
2021-06-15 09:43:02,485.45,530321
2021-06-15 09:43:06,485.2,530922
2021-06-15 09:43:13,485.3,532742
2021-06-15 09:43:17,485.6,543760
2021-06-15 09:43:21,485.6,544780
2021-06-15 09:43:24,485.6,544996
2021-06-15 09:43:28,485.55,545357
2021-06-15 09:43:32,485.65,547788
2021-06-15 09:43:36,485.5,548762
2021-06-15 09:43:39,485.75,548875
2021-06-15 09:43:43,485.75,549306
2021-06-15 09:43:47,485.5,549933
2021-06-15 09:43:51,485.7,550243
2021-06-15 09:43:54,485.7,550801
2021-06-15 09:43:58,485.7,552635
2021-06-15 09:44:01,485.7,563730
2021-06-15 09:44:05,485.85,566127
2021-06-15 09:44:09,486.0,579784
2021-06-15 09:44:12,486.0,580599
2021-06-15 09:44:16,485.8,584354
2021-06-15 09:44:19,485.95,585452
2021-06-15 09:44:23,486.0,585808
2021-06-15 09:44:27,485.95,586237
2021-06-15 09:44:30,486.0,586417
2021-06-15 09:44:34,485.7,586977
2021-06-15 09:44:37,485.95,587556
2021-06-15 09:44:41,485.8,587581
2021-06-15 09:44:44,485.5,590676
2021-06-15 09:44:47,485.45,591268
2021-06-15 09:44:51,485.7,591377
2021-06-15 09:44:54,485.7,591508
2021-06-15 09:44:58,485.7,591600
2021-06-15 09:45:01,485.8,592243
2021-06-15 09:45:05,485.8,592729
2021-06-15 09:45:08,485.55,592901
2021-06-15 09:45:12,485.75,593075
2021-06-15 09:45:15,485.6,593210
2021-06-15 09:45:18,485.95,602266
2021-06-15 09:45:22,486.0,625061
2021-06-15 09:45:26,485.9,627880
2021-06-15 09:45:30,486.0,628202
2021-06-15 09:45:34,485.85,628529
2021-06-15 09:45:38,485.85,628823
2021-06-15 09:45:45,485.9,630651
2021-06-15 09:45:49,485.8,630683
2021-06-15 09:45:53,485.95,631666
2021-06-15 09:46:00,485.8,632524
2021-06-15 09:46:04,485.6,633091
2021-06-15 09:46:07,485.65,634829
2021-06-15 09:46:11,485.5,635566
2021-06-15 09:46:15,485.3,635703
2021-06-15 09:46:19,485.4,636254
2021-06-15 09:46:22,485.3,636280
2021-06-15 09:46:26,485.3,636725
2021-06-15 09:46:30,484.95,640834
2021-06-15 09:46:33,485.0,641697
2021-06-15 09:46:37,484.75,641955
2021-06-15 09:46:41,485.0,642396
2021-06-15 09:46:44,484.7,642617
2021-06-15 09:46:47,484.85,643237
2021-06-15 09:46:51,484.95,646562
2021-06-15 09:46:54,484.9,646871
2021-06-15 09:46:58,484.85,647261
2021-06-15 09:47:01,484.85,647363
2021-06-15 09:47:04,484.65,647816
2021-06-15 09:47:08,484.75,648084
2021-06-15 09:47:12,484.65,648201
2021-06-15 09:47:15,484.6,649109
2021-06-15 09:47:19,484.7,649230
2021-06-15 09:47:23,484.7,649375
2021-06-15 09:47:27,484.6,649531
2021-06-15 09:47:30,484.7,651721
2021-06-15 09:47:34,484.7,651721
2021-06-15 09:47:38,484.9,651971
2021-06-15 09:47:41,485.0,652236
2021-06-15 09:47:45,484.9,652755
2021-06-15 09:47:52,484.9,653925
2021-06-15 09:47:56,485.05,653927
2021-06-15 09:48:02,485.2,654971
2021-06-15 09:48:06,485.0,655002
2021-06-15 09:48:09,485.15,655261
2021-06-15 09:48:16,485.2,655351
2021-06-15 09:48:19,485.2,655351
2021-06-15 09:48:22,485.0,657165
2021-06-15 09:48:26,485.25,657895
2021-06-15 09:48:30,485.25,658254
2021-06-15 09:48:33,485.3,658265
2021-06-15 09:48:37,485.3,658453
2021-06-15 09:48:40,485.15,658533
2021-06-15 09:48:44,485.35,658724
2021-06-15 09:48:48,485.35,658741
2021-06-15 09:48:51,485.3,659028
2021-06-15 09:48:55,485.25,659478
2021-06-15 09:48:58,485.0,659610
2021-06-15 09:49:01,485.35,659735
2021-06-15 09:49:05,485.25,660670
2021-06-15 09:49:08,485.55,662096
2021-06-15 09:49:12,485.5,662137
2021-06-15 09:49:16,485.25,662172
2021-06-15 09:49:20,485.25,662572
2021-06-15 09:49:24,485.35,664093
2021-06-15 09:49:27,485.15,664218
2021-06-15 09:49:31,485.4,664235
2021-06-15 09:49:34,485.25,664361
2021-06-15 09:49:38,485.25,664372
2021-06-15 09:49:42,485.4,664394
2021-06-15 09:49:45,485.25,664472
2021-06-15 09:49:52,485.25,664600
2021-06-15 09:49:55,485.25,664659
2021-06-15 09:49:58,485.4,665066
2021-06-15 09:50:01,485.4,665225
2021-06-15 09:50:04,485.25,665364
2021-06-15 09:50:07,485.3,669567
2021-06-15 09:50:14,485.5,670133
2021-06-15 09:50:17,485.4,670180
2021-06-15 09:50:23,485.55,670628
2021-06-15 09:50:27,485.75,671464
2021-06-15 09:50:30,485.65,671688
2021-06-15 09:50:34,485.75,671711
2021-06-15 09:50:37,486.15,685634
2021-06-15 09:50:40,486.2,686104
2021-06-15 09:50:43,486.3,688170
2021-06-15 09:50:46,486.2,689022
2021-06-15 09:50:50,486.4,690487
2021-06-15 09:50:53,486.4,691342
2021-06-15 09:50:56,486.5,692465
2021-06-15 09:51:00,486.3,693017
2021-06-15 09:51:03,486.2,693874
2021-06-15 09:51:06,486.45,695393
2021-06-15 09:51:09,486.2,695837
2021-06-15 09:51:12,486.2,696179
2021-06-15 09:51:16,486.45,696825
2021-06-15 09:51:20,486.45,697208
2021-06-15 09:51:23,486.2,697592
2021-06-15 09:51:26,486.7,707582
2021-06-15 09:51:30,486.65,709968
2021-06-15 09:51:34,486.4,710501
2021-06-15 09:51:37,486.45,713151
2021-06-15 09:51:41,486.5,713251
2021-06-15 09:51:44,486.65,713697
2021-06-15 09:51:48,486.4,714124
2021-06-15 09:51:51,486.35,714471
2021-06-15 09:51:55,486.7,714680
2021-06-15 09:51:58,486.5,716394
2021-06-15 09:52:02,486.6,719201
2021-06-15 09:52:05,486.5,719734
2021-06-15 09:52:08,486.6,719838
2021-06-15 09:52:11,486.6,719991
2021-06-15 09:52:14,486.5,720018
2021-06-15 09:52:18,486.5,720588
2021-06-15 09:52:22,486.2,722335
2021-06-15 09:52:25,486.35,722948
2021-06-15 09:52:29,486.45,724249
2021-06-15 09:52:32,486.45,724670
2021-06-15 09:52:36,486.5,725164
2021-06-15 09:52:39,486.5,725451
2021-06-15 09:52:42,486.35,725739
2021-06-15 09:52:46,486.5,725780
2021-06-15 09:52:49,486.5,726414
2021-06-15 09:52:53,486.5,729917
2021-06-15 09:52:59,486.25,733578
2021-06-15 09:53:03,486.25,733895
2021-06-15 09:53:06,486.15,735492
2021-06-15 09:53:09,486.15,735713
2021-06-15 09:53:13,486.05,736428
2021-06-15 09:53:16,486.3,737397
2021-06-15 09:53:19,486.35,738967
2021-06-15 09:53:22,486.35,739044
2021-06-15 09:53:25,486.5,739125
2021-06-15 09:53:29,486.45,739419
2021-06-15 09:53:35,486.5,742969
2021-06-15 09:53:38,486.4,743647
2021-06-15 09:53:41,486.35,744218
2021-06-15 09:53:45,486.35,744705
2021-06-15 09:53:48,486.35,745305
2021-06-15 09:53:52,486.7,747350
2021-06-15 09:53:55,486.6,748338
2021-06-15 09:53:58,486.75,750204
2021-06-15 09:54:01,486.8,750795
2021-06-15 09:54:05,486.65,750986
2021-06-15 09:54:11,486.8,751463
2021-06-15 09:54:14,486.6,751538
2021-06-15 09:54:17,486.8,751619
2021-06-15 09:54:20,486.7,752334
2021-06-15 09:54:23,486.6,752432
2021-06-15 09:54:26,486.6,755513
2021-06-15 09:54:30,486.5,759368
2021-06-15 09:54:33,486.35,759559
2021-06-15 09:54:37,486.3,759956
2021-06-15 09:54:40,486.25,760520
2021-06-15 09:54:44,486.25,760630
2021-06-15 09:54:47,486.25,760814
2021-06-15 09:54:51,486.3,761187
2021-06-15 09:54:54,486.1,761486
2021-06-15 09:54:58,486.25,762373
2021-06-15 09:55:02,486.1,763056
2021-06-15 09:55:05,486.25,765358
2021-06-15 09:55:08,486.45,765546
2021-06-15 09:55:12,486.45,765623
2021-06-15 09:55:15,486.45,767162
2021-06-15 09:55:19,486.6,767843
2021-06-15 09:55:22,486.6,767918
2021-06-15 09:55:25,486.7,768216
2021-06-15 09:55:28,486.5,768335
2021-06-15 09:55:32,486.5,768635
2021-06-15 09:55:35,486.5,782739
2021-06-15 09:55:38,486.75,783037
2021-06-15 09:55:41,486.75,783740
2021-06-15 09:55:44,486.8,787006
2021-06-15 09:55:48,486.75,788387
2021-06-15 09:55:51,486.75,788592
2021-06-15 09:55:55,486.55,788824
2021-06-15 09:55:58,486.55,789099
2021-06-15 09:56:01,486.5,789119
2021-06-15 09:56:04,486.7,789751
2021-06-15 09:56:07,486.7,789972
2021-06-15 09:56:11,486.55,789994
2021-06-15 09:56:14,486.7,790264
2021-06-15 09:56:17,486.55,790286
2021-06-15 09:56:20,486.7,790888
2021-06-15 09:56:23,486.65,791268
2021-06-15 09:56:27,486.6,791628
2021-06-15 09:56:30,486.45,793126
2021-06-15 09:56:33,486.6,793402
2021-06-15 09:56:36,486.5,793408
2021-06-15 09:56:40,486.45,793741
2021-06-15 09:56:43,486.45,793795
2021-06-15 09:56:46,486.1,796674
2021-06-15 09:56:49,486.45,796675
2021-06-15 09:56:52,486.35,796766
2021-06-15 09:56:55,486.1,797458
2021-06-15 09:56:59,486.35,798361
2021-06-15 09:57:05,486.4,798470
2021-06-15 09:57:09,486.2,798820
2021-06-15 09:57:15,486.4,800430
2021-06-15 09:57:18,486.1,800754
2021-06-15 09:57:21,486.1,800981
2021-06-15 09:57:24,486.3,802261
2021-06-15 09:57:27,486.3,802336
2021-06-15 09:57:29,486.3,802669
2021-06-15 09:57:32,486.35,802989
2021-06-15 09:57:35,486.1,803482
2021-06-15 09:57:38,486.1,803520
2021-06-15 09:57:41,486.35,804535
2021-06-15 09:57:45,486.3,804635
2021-06-15 09:57:48,486.3,804862
2021-06-15 09:57:51,486.3,807302
2021-06-15 09:57:54,486.05,807489
2021-06-15 09:57:57,486.3,807744
2021-06-15 09:58:01,486.3,808852
2021-06-15 09:58:04,486.3,810135
2021-06-15 09:58:07,486.3,810319
2021-06-15 09:58:10,486.4,810654
2021-06-15 09:58:13,486.3,810660
2021-06-15 09:58:17,486.3,811170
2021-06-15 09:58:20,486.3,811593
2021-06-15 09:58:22,486.3,811609
2021-06-15 09:58:25,486.35,811672
2021-06-15 09:58:28,486.3,811834
2021-06-15 09:58:31,486.25,812000
2021-06-15 09:58:34,486.35,812167
2021-06-15 09:58:37,486.35,812352
2021-06-15 09:58:40,486.35,812387
2021-06-15 09:58:43,486.45,814467
2021-06-15 09:58:47,486.4,814901
2021-06-15 09:58:50,486.5,816053
2021-06-15 09:58:56,486.5,818809
2021-06-15 09:58:59,486.6,822009
2021-06-15 09:59:03,486.6,822346
2021-06-15 09:59:07,486.5,824606
2021-06-15 09:59:10,486.7,824719
2021-06-15 09:59:13,486.5,825034
2021-06-15 09:59:16,486.5,826042
2021-06-15 09:59:19,486.5,826867
2021-06-15 09:59:22,486.7,826958
2021-06-15 09:59:26,486.65,827385
2021-06-15 09:59:29,486.7,827539
2021-06-15 09:59:32,486.7,827736
2021-06-15 09:59:36,486.6,827741
2021-06-15 09:59:39,486.7,828061
2021-06-15 09:59:42,486.7,828147
2021-06-15 09:59:46,486.7,828434
2021-06-15 09:59:49,486.7,828584
2021-06-15 09:59:52,486.7,828584
2021-06-15 09:59:56,486.65,828720
2021-06-15 09:59:59,486.6,828725
2021-06-15 10:00:02,486.55,828993
2021-06-15 10:00:05,486.5,829365
2021-06-15 10:00:09,486.55,829483
2021-06-15 10:00:12,486.5,829496
2021-06-15 10:00:15,486.5,829701
2021-06-15 10:00:18,486.5,830782
2021-06-15 10:00:22,486.3,831157
2021-06-15 10:00:25,486.1,832954
2021-06-15 10:00:28,486.0,833114
2021-06-15 10:00:31,486.0,833114
2021-06-15 10:00:35,486.05,833565
2021-06-15 10:00:41,486.0,834223
2021-06-15 10:00:44,486.05,834263
2021-06-15 10:00:47,486.25,834719
2021-06-15 10:00:50,486.0,836654
2021-06-15 10:00:54,485.85,837130
2021-06-15 10:00:57,485.75,839220
2021-06-15 10:01:04,485.5,841656
2021-06-15 10:01:07,485.25,841890
2021-06-15 10:01:10,485.55,842122
2021-06-15 10:01:13,485.5,842302
2021-06-15 10:01:17,485.5,842327
2021-06-15 10:01:21,485.5,842749
2021-06-15 10:01:24,485.8,844727
2021-06-15 10:01:27,485.6,845000
2021-06-15 10:01:30,485.8,845031
2021-06-15 10:01:33,485.8,845034
2021-06-15 10:01:36,485.85,845047
2021-06-15 10:01:39,485.85,845053
2021-06-15 10:01:42,486.0,845384
2021-06-15 10:01:45,486.0,845384
2021-06-15 10:01:49,485.8,846384
2021-06-15 10:01:52,485.8,846541
2021-06-15 10:01:55,485.8,846656
2021-06-15 10:01:58,485.8,846671
2021-06-15 10:02:02,485.8,846799
2021-06-15 10:02:05,485.8,847082
2021-06-15 10:02:08,485.85,847475
2021-06-15 10:02:11,485.85,847548
2021-06-15 10:02:14,485.65,847678
2021-06-15 10:02:18,485.85,847866
2021-06-15 10:02:25,486.0,851952
2021-06-15 10:02:28,486.0,851953
2021-06-15 10:02:31,485.95,852064
2021-06-15 10:02:35,485.95,852064
2021-06-15 10:02:38,485.95,852280
2021-06-15 10:02:41,485.7,853880
2021-06-15 10:02:44,485.9,853997
2021-06-15 10:02:47,485.9,854014
2021-06-15 10:02:50,485.8,854311
2021-06-15 10:02:54,485.8,854789
2021-06-15 10:02:57,485.85,855289
2021-06-15 10:03:00,485.85,855339
2021-06-15 10:03:04,485.9,855402
2021-06-15 10:03:07,485.85,855554
2021-06-15 10:03:10,485.85,855861
2021-06-15 10:03:13,485.85,856081
2021-06-15 10:03:17,485.9,856188
2021-06-15 10:03:20,485.95,856488
2021-06-15 10:03:24,486.0,857048
2021-06-15 10:03:27,486.0,857840
2021-06-15 10:03:31,485.9,858659
2021-06-15 10:03:34,485.85,858840
2021-06-15 10:03:38,485.9,858908
2021-06-15 10:03:41,485.85,859191
2021-06-15 10:03:44,485.85,859396
2021-06-15 10:03:47,485.85,859451
2021-06-15 10:03:51,486.0,859690
2021-06-15 10:03:54,486.05,859966
2021-06-15 10:03:57,486.0,859983
2021-06-15 10:04:01,486.15,860105
2021-06-15 10:04:04,486.25,860405
2021-06-15 10:04:07,486.25,860626
2021-06-15 10:04:14,486.2,860882
2021-06-15 10:04:16,486.25,861567
2021-06-15 10:04:20,486.0,862041
2021-06-15 10:04:23,486.15,862096
2021-06-15 10:04:26,486.0,862265
2021-06-15 10:04:29,486.15,862799
2021-06-15 10:04:32,486.15,862804
2021-06-15 10:04:35,486.15,863409
2021-06-15 10:04:38,486.05,863439
2021-06-15 10:04:41,486.1,863599
2021-06-15 10:04:50,486.0,863825
2021-06-15 10:04:53,486.0,863894
2021-06-15 10:04:56,486.0,864254
2021-06-15 10:04:59,486.0,864254
2021-06-15 10:05:02,486.1,865733
2021-06-15 10:05:05,486.1,866507
2021-06-15 10:05:12,486.25,867106
2021-06-15 10:05:15,486.25,867297
2021-06-15 10:05:18,486.25,867323
2021-06-15 10:05:25,486.25,868590
2021-06-15 10:05:31,486.05,869102
2021-06-15 10:05:35,486.05,869102
2021-06-15 10:05:38,486.25,869162
2021-06-15 10:05:41,486.05,869645
2021-06-15 10:05:45,486.1,870219
2021-06-15 10:05:48,486.1,870219
2021-06-15 10:05:51,486.15,870448
2021-06-15 10:05:55,486.1,870503
2021-06-15 10:05:58,486.25,870930
2021-06-15 10:06:01,486.15,871219
2021-06-15 10:06:04,486.25,871353
2021-06-15 10:06:07,486.45,871956
2021-06-15 10:06:10,486.65,883269
2021-06-15 10:06:13,486.55,883319
2021-06-15 10:06:16,486.55,883328
2021-06-15 10:06:20,486.6,891263
2021-06-15 10:06:23,486.65,891438
2021-06-15 10:06:26,486.6,891970
2021-06-15 10:06:29,486.5,892071
2021-06-15 10:06:32,486.45,892302
2021-06-15 10:06:35,486.5,892602
2021-06-15 10:06:38,486.5,892752
2021-06-15 10:06:41,486.35,892827
2021-06-15 10:06:44,486.35,893374
2021-06-15 10:06:47,486.5,893378
2021-06-15 10:06:50,486.45,893383
2021-06-15 10:06:53,486.45,893643
2021-06-15 10:06:56,486.55,894400
2021-06-15 10:06:59,486.35,894432
2021-06-15 10:07:02,486.55,895362
2021-06-15 10:07:06,486.55,896038
2021-06-15 10:07:09,486.55,896098
2021-06-15 10:07:12,486.35,896148
2021-06-15 10:07:15,486.5,896230
2021-06-15 10:07:17,486.35,896250
2021-06-15 10:07:20,486.35,896266
2021-06-15 10:07:23,486.3,896311
2021-06-15 10:07:26,486.3,896559
2021-06-15 10:07:29,486.2,896594
2021-06-15 10:07:32,486.3,896608
2021-06-15 10:07:36,486.3,896704
2021-06-15 10:07:39,486.3,896756
2021-06-15 10:07:42,486.25,896976
2021-06-15 10:07:45,486.25,897052
2021-06-15 10:07:48,486.25,897227
2021-06-15 10:07:51,486.3,897577
2021-06-15 10:07:55,486.3,897607
2021-06-15 10:07:58,486.35,897611
2021-06-15 10:08:01,486.3,897726
2021-06-15 10:08:04,486.3,898232
2021-06-15 10:08:07,486.2,898516
2021-06-15 10:08:10,486.3,898524
2021-06-15 10:08:12,486.6,899678
2021-06-15 10:08:15,486.45,899973
2021-06-15 10:08:18,486.65,899988
2021-06-15 10:08:21,486.9,906921
2021-06-15 10:08:24,486.95,907571
2021-06-15 10:08:27,486.8,907809
2021-06-15 10:08:30,486.8,909724
2021-06-15 10:08:33,486.8,909826
2021-06-15 10:08:36,486.8,911044
2021-06-15 10:08:39,486.8,911360
2021-06-15 10:08:42,486.8,912140
2021-06-15 10:08:45,486.8,912599
2021-06-15 10:08:48,486.9,912821
2021-06-15 10:08:51,486.7,913114
2021-06-15 10:08:55,486.75,913298
2021-06-15 10:08:58,486.5,913331
2021-06-15 10:09:01,486.8,913691
2021-06-15 10:09:04,486.8,913786
2021-06-15 10:09:07,486.5,913871
2021-06-15 10:09:10,486.5,913921
2021-06-15 10:09:13,486.45,914248
2021-06-15 10:09:16,486.45,914649
2021-06-15 10:09:19,486.45,914649
2021-06-15 10:09:22,486.55,914686
2021-06-15 10:09:25,486.55,914801
2021-06-15 10:09:28,486.55,914801
2021-06-15 10:09:31,486.8,914906
2021-06-15 10:09:34,486.55,915059
2021-06-15 10:09:37,486.7,915280
2021-06-15 10:09:40,486.75,915645
2021-06-15 10:09:43,486.75,915779
2021-06-15 10:09:46,486.7,915864
2021-06-15 10:09:49,486.6,916041
2021-06-15 10:09:56,486.75,916989
2021-06-15 10:10:00,486.75,917899
2021-06-15 10:10:03,486.7,918597
2021-06-15 10:10:06,486.6,919099
2021-06-15 10:10:09,486.6,919141
2021-06-15 10:10:11,486.6,919185
2021-06-15 10:10:14,486.6,919341
2021-06-15 10:10:18,486.6,919383
2021-06-15 10:10:21,486.8,919908
2021-06-15 10:10:25,486.8,921918
2021-06-15 10:10:28,486.6,921940
2021-06-15 10:10:32,486.6,922012
2021-06-15 10:10:35,486.8,923117
2021-06-15 10:10:38,486.6,923420
2021-06-15 10:10:40,486.8,923520
2021-06-15 10:10:43,486.6,924074
2021-06-15 10:10:46,486.8,924093
2021-06-15 10:10:49,486.6,924170
2021-06-15 10:10:52,486.7,924216
2021-06-15 10:10:55,486.7,924460
2021-06-15 10:10:58,486.8,924470
2021-06-15 10:11:01,486.75,924770
2021-06-15 10:11:04,486.8,925309
2021-06-15 10:11:07,486.85,925524
2021-06-15 10:11:10,486.8,926098
2021-06-15 10:11:12,486.7,926103
2021-06-15 10:11:15,486.7,926480
2021-06-15 10:11:17,486.8,926486
2021-06-15 10:11:20,486.8,926646
2021-06-15 10:11:23,486.6,926830
2021-06-15 10:11:27,486.7,926991
2021-06-15 10:11:30,486.8,928287
2021-06-15 10:11:33,486.6,928518
2021-06-15 10:11:35,486.6,928763
2021-06-15 10:11:38,486.6,928914
2021-06-15 10:11:41,486.6,929328
2021-06-15 10:11:43,486.8,929329
2021-06-15 10:11:46,486.65,929460
2021-06-15 10:11:50,486.6,929641
2021-06-15 10:11:53,486.6,929661
2021-06-15 10:11:55,486.6,929661
2021-06-15 10:11:58,486.8,929965
2021-06-15 10:12:01,486.8,929965
2021-06-15 10:12:04,486.8,929995
2021-06-15 10:12:07,486.8,930085
2021-06-15 10:12:10,486.6,930086
2021-06-15 10:12:12,486.8,930186
2021-06-15 10:12:15,486.6,930452
2021-06-15 10:12:17,486.75,930502
2021-06-15 10:12:20,486.75,930635
2021-06-15 10:12:23,486.6,930835
2021-06-15 10:12:26,486.75,930856
2021-06-15 10:12:28,486.75,930999
2021-06-15 10:12:31,486.5,931020
2021-06-15 10:12:34,486.7,931036
2021-06-15 10:12:38,486.5,931476
2021-06-15 10:12:41,486.7,931526
2021-06-15 10:12:44,486.55,931589
2021-06-15 10:12:50,486.7,932247
2021-06-15 10:12:56,486.7,932486
2021-06-15 10:13:00,486.6,932511
2021-06-15 10:13:03,486.6,932644
2021-06-15 10:13:06,486.65,933595
2021-06-15 10:13:09,486.6,933620
2021-06-15 10:13:15,486.5,934375
2021-06-15 10:13:18,486.7,934481
2021-06-15 10:13:20,486.7,934706
2021-06-15 10:13:23,486.5,935524
2021-06-15 10:13:26,486.7,935900
2021-06-15 10:13:29,486.7,935910
2021-06-15 10:13:32,486.7,936025
2021-06-15 10:13:35,486.45,936095
2021-06-15 10:13:38,486.45,936191
2021-06-15 10:13:42,486.45,936201
2021-06-15 10:13:45,486.45,936451
2021-06-15 10:13:48,486.45,936451
2021-06-15 10:13:51,486.4,936803
2021-06-15 10:13:54,486.4,936831
2021-06-15 10:14:03,486.4,937505
2021-06-15 10:14:06,486.3,937765
2021-06-15 10:14:09,486.3,937765
2021-06-15 10:14:12,486.3,937949
2021-06-15 10:14:14,486.3,937949
2021-06-15 10:14:18,486.3,937960
2021-06-15 10:14:22,486.3,939114
2021-06-15 10:14:25,486.2,939186
2021-06-15 10:14:28,486.35,939211
2021-06-15 10:14:31,486.4,939347
2021-06-15 10:14:34,486.15,940050
2021-06-15 10:14:36,486.15,940051
2021-06-15 10:14:39,486.35,940056
2021-06-15 10:14:43,486.55,941178
2021-06-15 10:14:46,486.35,943154
2021-06-15 10:14:49,486.45,943235
2021-06-15 10:14:52,486.55,943236
2021-06-15 10:14:55,486.4,943288
2021-06-15 10:14:58,486.55,943838
2021-06-15 10:15:01,486.5,943858
2021-06-15 10:15:04,486.5,943858
2021-06-15 10:15:07,486.5,944097
2021-06-15 10:15:10,486.5,944097
2021-06-15 10:15:13,486.6,944112
2021-06-15 10:15:16,486.45,944114
2021-06-15 10:15:19,486.4,944164
2021-06-15 10:15:22,486.4,944617
2021-06-15 10:15:26,486.6,944682
2021-06-15 10:15:29,486.6,944682
2021-06-15 10:15:32,486.4,944686
2021-06-15 10:15:35,486.4,944686
2021-06-15 10:15:38,486.4,944901
2021-06-15 10:15:40,486.35,945127
2021-06-15 10:15:44,486.35,945139
2021-06-15 10:15:47,486.3,945278
2021-06-15 10:15:50,486.0,946891
2021-06-15 10:15:53,486.0,946992
2021-06-15 10:15:56,485.65,949898
2021-06-15 10:16:00,486.0,950002
2021-06-15 10:16:03,486.2,950212
2021-06-15 10:16:06,485.95,950222
2021-06-15 10:16:08,485.95,950372
2021-06-15 10:16:11,486.05,951466
2021-06-15 10:16:14,486.0,951916
2021-06-15 10:16:16,486.25,952150
2021-06-15 10:16:19,486.25,952370
2021-06-15 10:16:22,486.2,954025
2021-06-15 10:16:25,486.15,954295
2021-06-15 10:16:27,486.15,954360
2021-06-15 10:16:30,486.25,954370
2021-06-15 10:16:33,486.25,954370
2021-06-15 10:16:36,486.45,957876
2021-06-15 10:16:39,486.45,959086
2021-06-15 10:16:42,486.45,959086
2021-06-15 10:16:45,486.5,959187
2021-06-15 10:16:48,486.55,959198
2021-06-15 10:16:51,486.7,961319
2021-06-15 10:16:54,486.5,961768
2021-06-15 10:16:57,486.6,962116
2021-06-15 10:17:00,486.6,963986
2021-06-15 10:17:03,486.6,964082
2021-06-15 10:17:05,486.55,964102
2021-06-15 10:17:08,486.5,964113
2021-06-15 10:17:11,486.75,964188
2021-06-15 10:17:14,486.75,964238
2021-06-15 10:17:16,486.7,964438
2021-06-15 10:17:19,486.7,964438
2021-06-15 10:17:22,486.7,964488
2021-06-15 10:17:25,486.7,964673
2021-06-15 10:17:28,486.45,964908
2021-06-15 10:17:30,486.65,964978
2021-06-15 10:17:33,486.45,964999
2021-06-15 10:17:36,486.45,965809
2021-06-15 10:17:39,486.45,965834
2021-06-15 10:17:41,486.5,966056
2021-06-15 10:17:44,486.65,966156
2021-06-15 10:17:47,486.65,966462
2021-06-15 10:17:50,486.65,966462
2021-06-15 10:17:53,486.65,966504
2021-06-15 10:17:55,486.65,966561
2021-06-15 10:17:58,486.65,966561
2021-06-15 10:18:01,486.4,968155
2021-06-15 10:18:04,486.4,968208
2021-06-15 10:18:07,486.55,968402
2021-06-15 10:18:09,486.5,968511
2021-06-15 10:18:12,486.5,968745
2021-06-15 10:18:15,486.5,969229
2021-06-15 10:18:17,486.6,969810
2021-06-15 10:18:20,486.55,969863
2021-06-15 10:18:22,486.65,969877
2021-06-15 10:18:25,486.35,970023
2021-06-15 10:18:27,486.55,970173
2021-06-15 10:18:30,486.5,970184
2021-06-15 10:18:32,486.6,970185
2021-06-15 10:18:35,486.5,970385
2021-06-15 10:18:37,486.25,985483
2021-06-15 10:18:40,486.5,985484
2021-06-15 10:18:43,486.4,986130
2021-06-15 10:18:46,486.3,986282
2021-06-15 10:18:49,486.3,986414
2021-06-15 10:18:52,486.6,986774
2021-06-15 10:18:58,486.65,987713
2021-06-15 10:19:03,486.5,987749
2021-06-15 10:19:06,486.45,988249
2021-06-15 10:19:08,486.7,988352
2021-06-15 10:19:11,486.55,988579
2021-06-15 10:19:14,486.45,988723
2021-06-15 10:19:17,486.45,989723
2021-06-15 10:19:21,486.45,989773
2021-06-15 10:19:23,486.45,989773
2021-06-15 10:19:26,486.3,989824
2021-06-15 10:19:29,486.5,989856
2021-06-15 10:19:32,486.5,989856
2021-06-15 10:19:35,486.5,989856
2021-06-15 10:19:40,486.4,990315
2021-06-15 10:19:44,486.4,990420
2021-06-15 10:19:46,486.4,990420
2021-06-15 10:19:49,486.5,990430
2021-06-15 10:19:51,486.5,990614
2021-06-15 10:19:54,486.45,990740
2021-06-15 10:19:57,486.2,990749
2021-06-15 10:19:59,486.45,990821
2021-06-15 10:20:02,486.6,991722
2021-06-15 10:20:08,486.35,991978
2021-06-15 10:20:11,486.5,992021
2021-06-15 10:20:14,486.35,992175
2021-06-15 10:20:17,486.35,992520
2021-06-15 10:20:20,486.4,992811
2021-06-15 10:20:23,486.4,992970
2021-06-15 10:20:26,486.4,992972
2021-06-15 10:20:28,486.4,992985
2021-06-15 10:20:31,486.4,992985
2021-06-15 10:20:33,486.4,993010
2021-06-15 10:20:36,486.4,993057
2021-06-15 10:20:39,486.4,993295
2021-06-15 10:20:42,486.4,993427
2021-06-15 10:20:45,486.4,993542
2021-06-15 10:20:48,486.5,993830
2021-06-15 10:20:51,486.5,993830
2021-06-15 10:20:53,486.4,993840
2021-06-15 10:20:56,486.5,994015
2021-06-15 10:20:59,486.55,994150
2021-06-15 10:21:02,486.6,994179
2021-06-15 10:21:05,486.5,994330
2021-06-15 10:21:07,486.5,994379
2021-06-15 10:21:10,486.6,994551
2021-06-15 10:21:13,486.4,994686
2021-06-15 10:21:16,486.4,994686
2021-06-15 10:21:18,486.4,994686
2021-06-15 10:21:21,486.4,994781
2021-06-15 10:21:24,486.3,994841
2021-06-15 10:21:26,486.5,994842
2021-06-15 10:21:29,486.55,994862
2021-06-15 10:21:32,486.35,995041
2021-06-15 10:21:34,486.3,995566
2021-06-15 10:21:37,486.3,995566
2021-06-15 10:21:40,486.4,995949
2021-06-15 10:21:43,486.4,995977
2021-06-15 10:21:46,486.4,995977
2021-06-15 10:21:48,486.4,995977
2021-06-15 10:21:51,486.4,995980
2021-06-15 10:21:54,486.4,996846
2021-06-15 10:21:57,486.2,996899
2021-06-15 10:22:00,486.4,996995
2021-06-15 10:22:03,486.4,996995
2021-06-15 10:22:06,486.25,997025
2021-06-15 10:22:09,486.3,997125
2021-06-15 10:22:12,486.4,997209
2021-06-15 10:22:15,486.2,997309
2021-06-15 10:22:17,486.4,997310
2021-06-15 10:22:20,486.4,997310
2021-06-15 10:22:23,486.2,997835
2021-06-15 10:22:25,486.2,997835
2021-06-15 10:22:28,486.2,997875
2021-06-15 10:22:31,486.15,1000375
2021-06-15 10:22:33,486.05,1000630
2021-06-15 10:22:36,486.2,1000651
2021-06-15 10:22:37,486.2,1000661
2021-06-15 10:22:38,486.1,1000714
2021-06-15 10:22:38,486.1,1000714
2021-06-15 10:22:39,486.2,1000815
2021-06-15 10:22:40,486.2,1000833
2021-06-15 10:22:41,486.25,1000835
2021-06-15 10:22:42,486.25,1000835
2021-06-15 10:22:43,486.25,1000835
2021-06-15 10:22:44,486.25,1000835
2021-06-15 10:22:45,486.15,1001020
2021-06-15 10:22:46,486.1,1001070
2021-06-15 10:22:47,486.35,1001078
2021-06-15 10:22:48,486.35,1001078
2021-06-15 10:22:50,486.35,1001078
2021-06-15 10:22:52,486.35,1001078
2021-06-15 10:22:53,486.35,1001078
2021-06-15 10:22:54,486.35,1001078
2021-06-15 10:22:55,486.35,1001079
2021-06-15 10:22:56,486.25,1001129
2021-06-15 10:22:56,486.25,1001129
2021-06-15 10:22:57,486.15,1001159
2021-06-15 10:22:59,486.25,1001249
2021-06-15 10:23:00,486.2,1001289
2021-06-15 10:23:01,486.4,1001309
2021-06-15 10:23:03,486.2,1001336
2021-06-15 10:23:04,486.4,1001361
2021-06-15 10:23:05,486.4,1001361
2021-06-15 10:23:06,486.4,1001371
2021-06-15 10:23:07,486.4,1001391
2021-06-15 10:23:08,486.25,1001451
2021-06-15 10:23:10,486.4,1001861
2021-06-15 10:23:11,486.4,1001861
2021-06-15 10:23:12,486.25,1001961
2021-06-15 10:23:13,486.35,1002061
2021-06-15 10:23:14,486.25,1002161
2021-06-15 10:23:15,486.3,1002165
2021-06-15 10:23:16,486.3,1002165
2021-06-15 10:23:17,486.3,1002165
2021-06-15 10:23:18,486.3,1002165
2021-06-15 10:23:19,486.3,1002165
2021-06-15 10:23:20,486.35,1002345
2021-06-15 10:23:21,486.35,1002345
2021-06-15 10:23:22,486.35,1002345
2021-06-15 10:23:24,486.35,1002345
2021-06-15 10:23:24,486.35,1002345
2021-06-15 10:23:26,486.35,1002345
2021-06-15 10:23:27,486.35,1002345
2021-06-15 10:23:28,486.35,1002345
2021-06-15 10:23:28,486.35,1002345
2021-06-15 10:23:29,486.35,1002345
2021-06-15 10:23:30,486.35,1002345
2021-06-15 10:23:31,486.35,1002352
2021-06-15 10:23:32,486.35,1002953
2021-06-15 10:23:33,486.35,1002953
2021-06-15 10:23:34,486.35,1002953
2021-06-15 10:23:35,486.35,1002975
2021-06-15 10:23:36,486.35,1002975
2021-06-15 10:23:37,486.25,1002985
2021-06-15 10:23:38,486.25,1002985
2021-06-15 10:23:40,486.25,1002991
2021-06-15 10:23:40,486.25,1002991
2021-06-15 10:23:42,486.25,1003006
2021-06-15 10:23:43,486.25,1003021
2021-06-15 10:23:43,486.25,1003021
2021-06-15 10:23:45,486.25,1003021
2021-06-15 10:23:46,486.35,1003022
2021-06-15 10:23:47,486.4,1003143
2021-06-15 10:23:48,486.4,1003143
2021-06-15 10:23:49,486.4,1003143
2021-06-15 10:23:50,486.4,1003328
2021-06-15 10:23:51,486.4,1003328
2021-06-15 10:23:52,486.4,1003328
2021-06-15 10:23:53,486.35,1003338
2021-06-15 10:23:54,486.35,1003338
2021-06-15 10:23:55,486.2,1003440
2021-06-15 10:23:56,486.45,1003940
2021-06-15 10:23:57,486.45,1003940
2021-06-15 10:23:58,486.45,1003940
2021-06-15 10:23:59,486.45,1003940
2021-06-15 10:24:01,486.45,1003940
2021-06-15 10:24:02,486.45,1003940
2021-06-15 10:24:03,486.45,1003940
2021-06-15 10:24:04,486.35,1003968
2021-06-15 10:24:05,486.35,1003968
2021-06-15 10:24:06,486.35,1003968
2021-06-15 10:24:07,486.4,1003969
2021-06-15 10:24:08,486.25,1003984
2021-06-15 10:24:09,486.25,1003984
2021-06-15 10:24:10,486.25,1004184
2021-06-15 10:24:12,486.25,1004184
2021-06-15 10:24:13,486.25,1004184
2021-06-15 10:24:14,486.25,1004460
2021-06-15 10:24:15,486.25,1004497
2021-06-15 10:24:16,486.25,1004497
2021-06-15 10:24:17,486.25,1004497
2021-06-15 10:24:18,486.1,1004512
2021-06-15 10:24:19,486.1,1004512
2021-06-15 10:24:20,486.1,1004512
2021-06-15 10:24:21,486.1,1004512
2021-06-15 10:24:22,486.1,1004512
2021-06-15 10:24:23,486.5,1005393
2021-06-15 10:24:24,486.5,1005393
2021-06-15 10:24:25,486.5,1005578
2021-06-15 10:24:26,486.3,1005678
2021-06-15 10:24:27,486.6,1009476
2021-06-15 10:24:28,486.5,1009496
2021-06-15 10:24:29,486.5,1009516
2021-06-15 10:24:30,486.5,1009516
2021-06-15 10:24:31,486.65,1009517
2021-06-15 10:24:32,486.55,1009524
2021-06-15 10:24:33,486.55,1009537
2021-06-15 10:24:33,486.55,1009537
2021-06-15 10:24:34,486.55,1009868
2021-06-15 10:24:35,486.55,1009873
2021-06-15 10:24:36,486.55,1009873
2021-06-15 10:24:37,486.85,1017686
2021-06-15 10:24:39,486.85,1017686
2021-06-15 10:24:40,486.7,1017726
2021-06-15 10:24:41,486.7,1017726
2021-06-15 10:24:42,486.9,1017776
2021-06-15 10:24:43,486.7,1017799
2021-06-15 10:24:44,486.7,1017799
2021-06-15 10:24:44,486.7,1017799
2021-06-15 10:24:45,486.7,1017799
2021-06-15 10:24:46,486.7,1017799
2021-06-15 10:24:47,486.7,1017799
2021-06-15 10:24:48,486.75,1017816
2021-06-15 10:24:50,486.75,1017816
2021-06-15 10:24:51,486.75,1017816
2021-06-15 10:24:52,486.75,1017816
2021-06-15 10:24:53,486.75,1017816
2021-06-15 10:24:54,486.75,1017816
2021-06-15 10:24:55,486.75,1017816
2021-06-15 10:24:56,486.9,1018816
2021-06-15 10:24:57,486.9,1018816
2021-06-15 10:24:58,486.85,1018936
2021-06-15 10:24:59,486.85,1018936
2021-06-15 10:25:00,486.9,1019122
2021-06-15 10:25:01,486.65,1019288
2021-06-15 10:25:03,486.65,1019288
2021-06-15 10:25:04,486.65,1019288
2021-06-15 10:25:04,486.6,1019352
2021-06-15 10:25:05,486.6,1019352
2021-06-15 10:25:06,486.75,1019357
2021-06-15 10:25:07,486.7,1019377
2021-06-15 10:25:08,486.7,1019377
2021-06-15 10:25:10,486.75,1019407
2021-06-15 10:25:11,486.7,1019427
2021-06-15 10:25:12,486.75,1019628
2021-06-15 10:25:13,486.75,1019659
2021-06-15 10:25:14,486.75,1019659
2021-06-15 10:25:16,486.75,1019659
2021-06-15 10:25:17,486.75,1019659
2021-06-15 10:25:18,486.5,1019683
2021-06-15 10:25:19,486.75,1019883
2021-06-15 10:25:21,486.75,1019883
2021-06-15 10:25:22,486.6,1019893
2021-06-15 10:25:23,486.6,1019893
2021-06-15 10:25:24,486.6,1019893
2021-06-15 10:25:24,486.6,1019893
2021-06-15 10:25:26,486.75,1019898
2021-06-15 10:25:27,486.75,1019898
2021-06-15 10:25:28,486.55,1020029
2021-06-15 10:25:29,486.55,1020054
2021-06-15 10:25:31,486.7,1020304
2021-06-15 10:25:31,486.7,1020304
2021-06-15 10:25:33,486.7,1020304
2021-06-15 10:25:34,486.55,1020504
2021-06-15 10:25:37,486.7,1022366
2021-06-15 10:25:38,486.9,1024166
2021-06-15 10:25:39,486.75,1024172
2021-06-15 10:25:40,486.9,1024341
2021-06-15 10:25:41,486.7,1024424
2021-06-15 10:25:41,486.7,1024424
2021-06-15 10:25:42,486.7,1024424
2021-06-15 10:25:44,486.75,1024458
2021-06-15 10:25:45,486.75,1024458
2021-06-15 10:25:47,486.7,1024491
2021-06-15 10:25:48,486.75,1024496
2021-06-15 10:25:49,486.9,1026296
2021-06-15 10:25:49,486.9,1026296
2021-06-15 10:25:51,486.9,1026296
2021-06-15 10:25:52,486.9,1026296
2021-06-15 10:25:53,486.9,1026316
2021-06-15 10:25:54,486.9,1026316
2021-06-15 10:25:55,486.9,1026316
2021-06-15 10:25:56,486.75,1026346
2021-06-15 10:25:57,486.75,1026347
2021-06-15 10:25:58,486.75,1026347
2021-06-15 10:25:59,486.75,1026412
2021-06-15 10:26:00,486.95,1028312
2021-06-15 10:26:01,486.75,1028402
2021-06-15 10:26:02,486.9,1028403
2021-06-15 10:26:03,486.9,1028403
2021-06-15 10:26:04,486.9,1028403
2021-06-15 10:26:05,486.9,1028403
2021-06-15 10:26:06,486.9,1028404
2021-06-15 10:26:07,486.65,1029296
2021-06-15 10:26:08,486.65,1029296
2021-06-15 10:26:09,486.65,1029347
2021-06-15 10:26:10,486.65,1029537
2021-06-15 10:26:11,486.65,1029537
2021-06-15 10:26:11,486.9,1029547
2021-06-15 10:26:12,486.65,1029551
2021-06-15 10:26:13,486.9,1029554
2021-06-15 10:26:15,486.9,1029561
2021-06-15 10:26:16,486.9,1029566
2021-06-15 10:26:17,486.9,1029571
2021-06-15 10:26:18,486.9,1030377
2021-06-15 10:26:19,486.9,1030382
2021-06-15 10:26:20,486.9,1030387
2021-06-15 10:26:21,486.75,1030407
2021-06-15 10:26:21,486.75,1030410
2021-06-15 10:26:22,486.65,1030437
2021-06-15 10:26:23,486.75,1030442
2021-06-15 10:26:25,486.75,1030457
2021-06-15 10:26:26,486.75,1030460
2021-06-15 10:26:27,486.75,1030462
2021-06-15 10:26:28,486.75,1030462
2021-06-15 10:26:29,486.75,1030476
2021-06-15 10:26:30,486.75,1030476
2021-06-15 10:26:31,486.75,1030476
2021-06-15 10:26:32,486.65,1030566
2021-06-15 10:26:33,486.65,1030566
2021-06-15 10:26:34,486.75,1030606
2021-06-15 10:26:34,486.75,1030606
2021-06-15 10:26:35,486.75,1030606
2021-06-15 10:26:36,486.6,1031031
2021-06-15 10:26:37,486.65,1031045
2021-06-15 10:26:39,486.65,1031045
2021-06-15 10:26:40,486.65,1031045
2021-06-15 10:26:41,486.75,1031067
2021-06-15 10:26:42,486.6,1031217
2021-06-15 10:26:43,486.75,1031218
2021-06-15 10:26:44,486.6,1031223
2021-06-15 10:26:45,486.75,1031273
2021-06-15 10:26:46,486.75,1031328
2021-06-15 10:26:47,486.75,1031328
2021-06-15 10:26:48,486.65,1031338
2021-06-15 10:26:49,486.65,1031338
2021-06-15 10:26:50,486.6,1031596
2021-06-15 10:26:50,486.6,1031596
2021-06-15 10:26:51,486.6,1031596
2021-06-15 10:26:52,486.6,1031653
2021-06-15 10:26:54,486.6,1031653
2021-06-15 10:26:55,486.5,1032243
2021-06-15 10:26:57,486.75,1032253
2021-06-15 10:26:58,486.75,1032278
2021-06-15 10:26:59,486.75,1032278
2021-06-15 10:27:00,486.5,1032308
2021-06-15 10:27:01,486.5,1032308
2021-06-15 10:27:02,486.5,1032308
2021-06-15 10:27:03,486.5,1032328
2021-06-15 10:27:04,486.5,1032328
2021-06-15 10:27:05,486.6,1032329
2021-06-15 10:27:06,486.55,1032521
2021-06-15 10:27:06,486.55,1032531
2021-06-15 10:27:07,486.6,1032532
2021-06-15 10:27:09,486.6,1032619
2021-06-15 10:27:10,486.6,1032619
2021-06-15 10:27:12,486.55,1032649
2021-06-15 10:27:13,486.6,1032749
2021-06-15 10:27:14,486.6,1032749
2021-06-15 10:27:15,486.55,1032781
2021-06-15 10:27:16,486.55,1032858
2021-06-15 10:27:17,486.55,1032858
2021-06-15 10:27:18,486.8,1034733
2021-06-15 10:27:19,486.8,1034733
2021-06-15 10:27:20,486.6,1034761
2021-06-15 10:27:21,486.85,1034762
2021-06-15 10:27:22,486.85,1034762
2021-06-15 10:27:23,486.65,1034782
2021-06-15 10:27:24,486.65,1034782
2021-06-15 10:27:25,486.9,1035147
2021-06-15 10:27:26,486.9,1035147
2021-06-15 10:27:27,486.9,1035160
2021-06-15 10:27:28,486.9,1035160
2021-06-15 10:27:29,486.9,1035212
2021-06-15 10:27:30,486.9,1035212
2021-06-15 10:27:31,486.9,1035212
2021-06-15 10:27:32,486.65,1035262
2021-06-15 10:27:33,486.6,1035264
2021-06-15 10:27:34,486.6,1035264
2021-06-15 10:27:36,486.9,1035394
2021-06-15 10:27:39,486.9,1035498
2021-06-15 10:27:42,486.65,1035599
2021-06-15 10:27:45,486.65,1035599
2021-06-15 10:27:47,486.65,1035599
2021-06-15 10:27:50,486.85,1035724
2021-06-15 10:27:53,486.9,1035777
2021-06-15 10:27:56,486.75,1036082
2021-06-15 10:27:58,486.65,1036092
2021-06-15 10:28:01,486.5,1036100
2021-06-15 10:28:03,486.5,1036100
2021-06-15 10:28:05,486.5,1036109
2021-06-15 10:28:08,486.5,1036109
2021-06-15 10:28:10,486.5,1036189
2021-06-15 10:28:13,486.75,1037284
2021-06-15 10:28:15,486.5,1037354
2021-06-15 10:28:18,486.5,1037459
2021-06-15 10:28:20,486.5,1037559
2021-06-15 10:28:22,486.5,1037559
2021-06-15 10:28:25,486.5,1037770
2021-06-15 10:28:27,486.7,1037828
2021-06-15 10:28:33,486.45,1038487
2021-06-15 10:28:36,486.45,1038860
2021-06-15 10:28:39,486.65,1040660
2021-06-15 10:28:41,486.65,1040661
2021-06-15 10:28:44,486.65,1040671
2021-06-15 10:28:47,486.45,1041768
2021-06-15 10:28:51,486.4,1041843
2021-06-15 10:28:53,486.4,1041843
2021-06-15 10:28:56,486.4,1041843
2021-06-15 10:28:58,486.5,1041853
2021-06-15 10:29:01,486.7,1042427
2021-06-15 10:29:04,486.5,1043168
2021-06-15 10:29:06,486.7,1045153
2021-06-15 10:29:09,486.6,1045345
2021-06-15 10:29:12,486.6,1045345
2021-06-15 10:29:15,486.45,1045346
2021-06-15 10:29:17,486.6,1045546
2021-06-15 10:29:20,486.5,1045588
2021-06-15 10:29:24,486.6,1046170
2021-06-15 10:29:26,486.5,1046570
2021-06-15 10:29:29,486.5,1046570
2021-06-15 10:29:32,486.6,1047637
2021-06-15 10:29:34,486.7,1048187
2021-06-15 10:29:36,486.7,1048187
2021-06-15 10:29:39,486.75,1048482
2021-06-15 10:29:42,486.75,1048668
2021-06-15 10:29:45,486.7,1048973
2021-06-15 10:29:47,486.6,1048974
2021-06-15 10:29:50,486.7,1049011
2021-06-15 10:29:53,486.75,1049261
2021-06-15 10:29:55,486.75,1049262
2021-06-15 10:29:57,486.6,1049273
2021-06-15 10:30:00,486.75,1049283
2021-06-15 10:30:03,486.75,1049910
2021-06-15 10:30:06,486.75,1049920
2021-06-15 10:30:09,487.0,1081780
2021-06-15 10:30:12,487.0,1081781
2021-06-15 10:30:15,486.8,1083268
2021-06-15 10:30:17,486.8,1083268
2021-06-15 10:30:20,487.0,1083299
2021-06-15 10:30:23,486.8,1083761
2021-06-15 10:30:26,487.15,1086566
2021-06-15 10:30:31,486.8,1086988
2021-06-15 10:30:34,487.0,1087014
2021-06-15 10:30:37,487.0,1087017
2021-06-15 10:30:39,487.0,1087517
2021-06-15 10:30:42,487.0,1087619
2021-06-15 10:30:45,486.85,1088295
2021-06-15 10:30:48,486.85,1088370
2021-06-15 10:30:51,486.85,1088567
2021-06-15 10:30:54,486.85,1088609
2021-06-15 10:30:57,486.85,1088627
2021-06-15 10:30:59,487.0,1088989
2021-06-15 10:31:02,487.0,1089161
2021-06-15 10:31:04,486.85,1089261
2021-06-15 10:31:07,486.85,1089471
2021-06-15 10:31:10,486.85,1089472
2021-06-15 10:31:13,486.85,1089857
2021-06-15 10:31:15,487.0,1089942
2021-06-15 10:31:17,486.75,1090244
2021-06-15 10:31:20,486.7,1090247
2021-06-15 10:31:23,487.0,1091272
2021-06-15 10:31:25,486.9,1091767
2021-06-15 10:31:28,487.0,1096877
2021-06-15 10:31:31,486.95,1097428
2021-06-15 10:31:33,486.9,1097453
2021-06-15 10:31:36,486.95,1097473
2021-06-15 10:31:38,486.75,1097523
2021-06-15 10:31:40,486.85,1097644
2021-06-15 10:31:43,486.9,1097751
2021-06-15 10:31:46,486.65,1097761
2021-06-15 10:31:49,487.0,1097816
2021-06-15 10:31:52,486.85,1097874
2021-06-15 10:31:55,486.85,1098339
2021-06-15 10:31:58,486.85,1098343
2021-06-15 10:32:00,486.95,1098598
2021-06-15 10:32:03,486.85,1098621
2021-06-15 10:32:06,486.95,1098651
2021-06-15 10:32:09,486.85,1099141
2021-06-15 10:32:12,486.95,1099750
2021-06-15 10:32:15,486.95,1099804
2021-06-15 10:32:18,486.75,1099930
2021-06-15 10:32:20,486.75,1099930
2021-06-15 10:32:23,487.15,1103130
2021-06-15 10:32:26,487.0,1103449
2021-06-15 10:32:29,487.0,1103824
2021-06-15 10:32:34,487.0,1103993
2021-06-15 10:32:34,487.2,1104038
2021-06-15 10:32:35,487.2,1104222
2021-06-15 10:32:36,487.0,1104324
2021-06-15 10:32:37,487.05,1104350
2021-06-15 10:32:38,487.05,1104350
2021-06-15 10:32:39,487.05,1104350
2021-06-15 10:32:40,487.0,1104446
2021-06-15 10:32:42,487.0,1104571
2021-06-15 10:32:43,487.0,1104571
2021-06-15 10:32:43,487.0,1104581
2021-06-15 10:32:44,487.0,1104581
2021-06-15 10:32:45,487.0,1104684
2021-06-15 10:32:46,487.0,1105044
2021-06-15 10:32:47,487.0,1105563
2021-06-15 10:32:48,487.0,1105563
2021-06-15 10:32:49,487.1,1105572
2021-06-15 10:32:50,487.1,1105574
2021-06-15 10:32:51,487.0,1105874
2021-06-15 10:32:52,487.0,1105924
2021-06-15 10:32:53,487.1,1106056
2021-06-15 10:32:54,487.1,1106056
2021-06-15 10:32:55,487.1,1106056
2021-06-15 10:32:56,487.1,1106066
2021-06-15 10:32:57,487.1,1106066
2021-06-15 10:32:58,487.1,1106066
2021-06-15 10:32:59,487.1,1106066
2021-06-15 10:33:01,487.0,1106126
2021-06-15 10:33:01,487.0,1106126
2021-06-15 10:33:02,487.1,1106140
2021-06-15 10:33:03,487.1,1106160
2021-06-15 10:33:05,487.1,1106287
2021-06-15 10:33:06,487.0,1106339
2021-06-15 10:33:06,487.0,1106339
2021-06-15 10:33:07,487.2,1106443
2021-06-15 10:33:08,487.05,1106447
2021-06-15 10:33:09,487.05,1106486
2021-06-15 10:33:11,487.2,1106675
2021-06-15 10:33:12,487.2,1106677
2021-06-15 10:33:13,487.15,1111732
2021-06-15 10:33:14,487.2,1112132
2021-06-15 10:33:15,487.1,1112352
2021-06-15 10:33:16,487.1,1112357
2021-06-15 10:33:17,487.1,1112361
2021-06-15 10:33:18,487.1,1112363
2021-06-15 10:33:19,487.1,1112392
2021-06-15 10:33:20,487.1,1112397
2021-06-15 10:33:21,487.1,1112400
2021-06-15 10:33:22,487.2,1112500
2021-06-15 10:33:23,487.1,1112506
2021-06-15 10:33:24,487.0,1112536
2021-06-15 10:33:25,487.1,1112983
2021-06-15 10:33:26,487.0,1113092
2021-06-15 10:33:27,487.15,1113694
2021-06-15 10:33:28,487.15,1113716
2021-06-15 10:33:29,487.15,1114126
2021-06-15 10:33:30,487.15,1114270
2021-06-15 10:33:31,487.15,1114272
2021-06-15 10:33:32,487.15,1114517
2021-06-15 10:33:34,487.15,1114530
2021-06-15 10:33:34,487.15,1114530
2021-06-15 10:33:36,487.2,1119580
2021-06-15 10:33:36,487.2,1119580
2021-06-15 10:33:38,487.05,1119705
2021-06-15 10:33:38,487.05,1119705
2021-06-15 10:33:39,487.2,1119944
2021-06-15 10:33:40,487.2,1119944
2021-06-15 10:33:41,487.2,1120379
2021-06-15 10:33:42,487.2,1120379
2021-06-15 10:33:43,487.2,1120681
2021-06-15 10:33:44,487.0,1121012
2021-06-15 10:33:45,487.05,1121042
2021-06-15 10:33:46,487.05,1121118
2021-06-15 10:33:48,487.05,1121118
2021-06-15 10:33:49,487.05,1121118
2021-06-15 10:33:50,487.2,1121199
2021-06-15 10:33:51,487.05,1121299
2021-06-15 10:33:51,487.0,1121349
2021-06-15 10:33:52,487.15,1121389
2021-06-15 10:33:53,487.15,1121389
2021-06-15 10:33:54,487.0,1121493
2021-06-15 10:33:55,487.0,1121493
2021-06-15 10:33:56,487.0,1121616
2021-06-15 10:33:57,487.0,1121616
2021-06-15 10:33:58,487.15,1121622
2021-06-15 10:33:59,487.15,1121922
2021-06-15 10:34:00,487.15,1121942
2021-06-15 10:34:01,487.15,1121942
2021-06-15 10:34:02,487.2,1121982
2021-06-15 10:34:03,487.2,1121983
2021-06-15 10:34:05,487.2,1122083
2021-06-15 10:34:06,487.15,1122093
2021-06-15 10:34:07,487.2,1122120
2021-06-15 10:34:08,487.1,1122312
2021-06-15 10:34:09,487.05,1122317
2021-06-15 10:34:10,487.05,1122318
2021-06-15 10:34:11,487.05,1122409
2021-06-15 10:34:12,487.05,1122409
2021-06-15 10:34:13,487.2,1122819
2021-06-15 10:34:13,487.05,1123042
2021-06-15 10:34:14,487.1,1123047
2021-06-15 10:34:15,487.1,1123047
2021-06-15 10:34:16,487.2,1123277
2021-06-15 10:34:17,487.2,1123279
2021-06-15 10:34:19,487.2,1123530
2021-06-15 10:34:20,487.0,1129197
2021-06-15 10:34:20,487.15,1129217
2021-06-15 10:34:21,487.15,1129378
2021-06-15 10:34:22,487.0,1129502
2021-06-15 10:34:23,487.0,1129502
2021-06-15 10:34:25,487.0,1129502
2021-06-15 10:34:26,487.15,1129504
2021-06-15 10:34:27,487.2,1130046
2021-06-15 10:34:28,487.2,1130046
2021-06-15 10:34:29,487.2,1130146
2021-06-15 10:34:30,487.2,1130149
2021-06-15 10:34:30,487.2,1130149
2021-06-15 10:34:31,487.2,1130449
2021-06-15 10:34:33,487.0,1133943
2021-06-15 10:34:34,487.25,1134143
2021-06-15 10:34:35,487.15,1134153
2021-06-15 10:34:36,487.0,1134253
2021-06-15 10:34:37,487.0,1134253
2021-06-15 10:34:38,487.0,1134374
2021-06-15 10:34:39,487.15,1134448
2021-06-15 10:34:40,487.2,1134568
2021-06-15 10:34:41,487.25,1134578
2021-06-15 10:34:42,487.0,1134722
2021-06-15 10:34:43,487.0,1134722
2021-06-15 10:34:43,487.0,1134722
2021-06-15 10:34:44,487.0,1134723
2021-06-15 10:34:45,487.2,1134808
2021-06-15 10:34:46,487.25,1134820
2021-06-15 10:34:47,487.2,1134828
2021-06-15 10:34:48,487.2,1134828
2021-06-15 10:34:49,487.25,1134884
2021-06-15 10:34:51,487.25,1134888
2021-06-15 10:34:51,487.25,1134946
2021-06-15 10:34:53,487.2,1135238
2021-06-15 10:34:54,487.2,1135513
2021-06-15 10:34:55,487.2,1135596
2021-06-15 10:34:56,487.25,1135598
2021-06-15 10:34:57,487.25,1135985
2021-06-15 10:34:58,487.25,1135988
2021-06-15 10:34:59,487.2,1136009
2021-06-15 10:34:59,487.2,1136112
2021-06-15 10:35:00,487.2,1136126
2021-06-15 10:35:01,487.15,1136127
2021-06-15 10:35:03,487.2,1136234
2021-06-15 10:35:04,487.2,1136344
2021-06-15 10:35:05,487.0,1137556
2021-06-15 10:35:06,487.0,1137556
2021-06-15 10:35:07,487.2,1137561
2021-06-15 10:35:07,487.2,1137561
2021-06-15 10:35:08,487.2,1137561
2021-06-15 10:35:09,487.0,1137641
2021-06-15 10:35:10,487.0,1140947
2021-06-15 10:35:11,486.9,1141048
2021-06-15 10:35:12,487.0,1142556
2021-06-15 10:35:13,486.8,1142656
2021-06-15 10:35:15,487.1,1142987
2021-06-15 10:35:16,487.1,1142987
2021-06-15 10:35:18,487.1,1142987
2021-06-15 10:35:19,487.0,1143112
2021-06-15 10:35:20,487.1,1146712
2021-06-15 10:35:21,486.85,1146732
2021-06-15 10:35:22,486.85,1146862
2021-06-15 10:35:22,487.1,1146852
2021-06-15 10:35:23,487.0,1147184
2021-06-15 10:35:24,487.0,1147184
2021-06-15 10:35:25,487.0,1147194
2021-06-15 10:35:26,487.1,1147197
2021-06-15 10:35:28,487.1,1147202
2021-06-15 10:35:29,487.0,1147870
2021-06-15 10:35:30,487.0,1148055
2021-06-15 10:35:31,487.0,1148055
2021-06-15 10:35:32,487.0,1148075
2021-06-15 10:35:34,487.0,1148096
2021-06-15 10:35:35,487.0,1148098
2021-06-15 10:35:35,487.0,1148098
2021-06-15 10:35:37,487.0,1148098
2021-06-15 10:35:37,486.9,1148242
2021-06-15 10:35:38,487.0,1148270
2021-06-15 10:35:40,487.0,1148320
2021-06-15 10:35:41,487.0,1148321
2021-06-15 10:35:42,487.0,1148822
2021-06-15 10:35:43,487.0,1148822
2021-06-15 10:35:44,486.9,1148823
2021-06-15 10:35:45,486.9,1148873
2021-06-15 10:35:46,486.8,1149075
2021-06-15 10:35:47,486.8,1149075
2021-06-15 10:35:48,486.8,1149075
2021-06-15 10:35:49,486.8,1149075
2021-06-15 10:35:50,486.9,1149444
2021-06-15 10:35:51,486.9,1149444
2021-06-15 10:35:51,486.9,1149444
2021-06-15 10:35:52,487.0,1149978
2021-06-15 10:35:53,486.85,1150003
2021-06-15 10:35:54,486.85,1150053
2021-06-15 10:35:55,486.8,1150103
2021-06-15 10:35:56,486.8,1150150
2021-06-15 10:35:57,486.9,1150175
2021-06-15 10:35:59,487.0,1150189
2021-06-15 10:36:00,487.0,1150189
2021-06-15 10:36:01,487.0,1150189
2021-06-15 10:36:02,487.0,1150499
2021-06-15 10:36:03,487.0,1150499
2021-06-15 10:36:04,487.0,1150991
2021-06-15 10:36:05,486.9,1151070
2021-06-15 10:36:07,486.9,1151589
2021-06-15 10:36:08,486.9,1151723
2021-06-15 10:36:10,487.0,1151762
2021-06-15 10:36:11,487.0,1151763
2021-06-15 10:36:12,486.9,1151801
2021-06-15 10:36:13,486.8,1152211
2021-06-15 10:36:14,487.0,1152716
2021-06-15 10:36:15,487.0,1152716
2021-06-15 10:36:16,487.0,1152716
2021-06-15 10:36:17,487.0,1152717
2021-06-15 10:36:18,486.8,1153248
2021-06-15 10:36:19,486.8,1153328
2021-06-15 10:36:19,487.05,1153358
2021-06-15 10:36:20,486.95,1153368
2021-06-15 10:36:23,486.95,1153378
2021-06-15 10:36:23,486.95,1153378
2021-06-15 10:36:25,486.95,1153378
2021-06-15 10:36:26,486.8,1153491
2021-06-15 10:36:27,486.95,1153541
2021-06-15 10:36:28,486.85,1153551
2021-06-15 10:36:29,486.85,1153551
2021-06-15 10:36:29,486.85,1153551
2021-06-15 10:36:30,486.85,1153551
2021-06-15 10:36:32,486.65,1154185
2021-06-15 10:36:33,486.55,1154437
2021-06-15 10:36:34,486.55,1156088
2021-06-15 10:36:34,486.55,1156089
2021-06-15 10:36:36,486.45,1156727
2021-06-15 10:36:37,486.45,1156965
2021-06-15 10:36:38,486.5,1157088
2021-06-15 10:36:39,486.4,1157188
2021-06-15 10:36:40,486.6,1157813
2021-06-15 10:36:41,486.65,1157984
2021-06-15 10:36:42,486.65,1157984
2021-06-15 10:36:43,486.4,1158633
2021-06-15 10:36:44,486.4,1158633
2021-06-15 10:36:45,486.4,1158699
2021-06-15 10:36:46,486.4,1158729
2021-06-15 10:36:48,486.6,1158745
2021-06-15 10:36:49,486.6,1158745
2021-06-15 10:36:51,486.65,1158770
2021-06-15 10:36:52,486.7,1158802
2021-06-15 10:36:53,486.7,1158802
2021-06-15 10:36:54,486.45,1158812
2021-06-15 10:36:54,486.45,1158812
2021-06-15 10:36:55,486.45,1159054
2021-06-15 10:36:56,486.45,1159055
2021-06-15 10:36:58,486.45,1159250
2021-06-15 10:36:59,486.6,1159251
2021-06-15 10:37:00,486.6,1159253
2021-06-15 10:37:01,486.65,1159321
2021-06-15 10:37:02,486.4,1160125
2021-06-15 10:37:03,486.65,1160126
2021-06-15 10:37:04,486.65,1160126
2021-06-15 10:37:05,486.65,1160126
2021-06-15 10:37:06,486.4,1160194
2021-06-15 10:37:07,486.4,1160194
2021-06-15 10:37:08,486.4,1160201
2021-06-15 10:37:09,486.4,1160201
2021-06-15 10:37:10,486.35,1160267
2021-06-15 10:37:11,486.55,1160366
2021-06-15 10:37:13,486.35,1160368
2021-06-15 10:37:14,486.3,1161062
2021-06-15 10:37:16,486.55,1161101
2021-06-15 10:37:17,486.25,1162101
2021-06-15 10:37:18,486.55,1162102
2021-06-15 10:37:19,486.55,1162757
2021-06-15 10:37:20,486.55,1162937
2021-06-15 10:37:21,486.65,1164537
2021-06-15 10:37:22,486.45,1164587
2021-06-15 10:37:22,486.5,1164710
2021-06-15 10:37:23,486.45,1164830
2021-06-15 10:37:25,486.4,1164857
2021-06-15 10:37:26,486.4,1164857
2021-06-15 10:37:27,486.4,1164857
2021-06-15 10:37:28,486.45,1164926
2021-06-15 10:37:30,486.45,1164926
2021-06-15 10:37:31,486.45,1164926
2021-06-15 10:37:32,486.45,1164926
2021-06-15 10:37:33,486.45,1164926
2021-06-15 10:37:35,486.45,1164926
2021-06-15 10:37:37,486.45,1165037
2021-06-15 10:37:40,486.45,1165059
2021-06-15 10:37:43,486.55,1165119
2021-06-15 10:37:45,486.55,1165140
2021-06-15 10:37:48,486.55,1165140
2021-06-15 10:37:50,486.4,1165357
2021-06-15 10:37:53,486.4,1165407
2021-06-15 10:37:56,486.35,1165549
2021-06-15 10:37:58,486.55,1165563
2021-06-15 10:38:01,486.55,1165564
2021-06-15 10:38:03,486.4,1165565
2021-06-15 10:38:06,486.55,1165566
2021-06-15 10:38:08,486.4,1165724
2021-06-15 10:38:12,486.4,1165972
2021-06-15 10:38:14,486.4,1166122
2021-06-15 10:38:17,486.3,1166133
2021-06-15 10:38:20,486.4,1166169
2021-06-15 10:38:22,486.4,1166275
2021-06-15 10:38:25,486.3,1166397
2021-06-15 10:38:27,486.4,1167046
2021-06-15 10:38:30,486.55,1167182
2021-06-15 10:38:33,486.4,1167497
2021-06-15 10:38:36,486.6,1167640
2021-06-15 10:38:38,486.45,1167763
2021-06-15 10:38:41,486.4,1167764
2021-06-15 10:38:43,486.65,1167839
2021-06-15 10:38:47,486.4,1168039
2021-06-15 10:38:49,486.7,1168914
2021-06-15 10:38:52,486.4,1168994
2021-06-15 10:38:55,486.4,1169197
2021-06-15 10:38:58,486.45,1169322
2021-06-15 10:39:00,486.65,1169374
2021-06-15 10:39:03,486.45,1169386
2021-06-15 10:39:06,486.5,1169401
2021-06-15 10:39:09,486.4,1170418
2021-06-15 10:39:12,486.45,1170768
2021-06-15 10:39:15,486.4,1170769
2021-06-15 10:39:18,486.3,1171169
2021-06-15 10:39:20,486.3,1171379
2021-06-15 10:39:23,486.45,1171601
2021-06-15 10:39:25,486.4,1171605
2021-06-15 10:39:27,486.45,1171683
2021-06-15 10:39:30,486.4,1171758
2021-06-15 10:39:32,486.45,1172062
2021-06-15 10:39:34,486.4,1172077
2021-06-15 10:39:37,486.3,1172582
2021-06-15 10:39:40,486.3,1173015
2021-06-15 10:39:42,486.45,1173315
2021-06-15 10:39:45,486.45,1173315
2021-06-15 10:39:47,486.45,1173335
2021-06-15 10:39:50,486.45,1173390
2021-06-15 10:39:53,486.3,1173826
2021-06-15 10:39:55,486.55,1174206
2021-06-15 10:39:58,486.5,1174255
2021-06-15 10:40:01,486.3,1174503
2021-06-15 10:40:04,486.6,1174803
2021-06-15 10:40:06,486.6,1174803
2021-06-15 10:40:09,486.4,1175388
2021-06-15 10:40:11,486.4,1175500
2021-06-15 10:40:14,486.55,1175621
2021-06-15 10:40:17,486.55,1175680
2021-06-15 10:40:21,486.5,1175815
2021-06-15 10:40:24,486.35,1176163
2021-06-15 10:40:27,486.1,1177998
2021-06-15 10:40:30,486.0,1185043
2021-06-15 10:40:32,486.25,1186859
2021-06-15 10:40:35,486.2,1186899
2021-06-15 10:40:38,486.15,1187060
2021-06-15 10:40:41,486.15,1187060
2021-06-15 10:40:43,485.9,1187512
2021-06-15 10:40:46,486.2,1189175
2021-06-15 10:40:49,486.0,1189623
2021-06-15 10:40:52,486.0,1189663
2021-06-15 10:40:54,486.0,1190129
2021-06-15 10:40:57,485.8,1190478
2021-06-15 10:41:00,486.15,1190646
2021-06-15 10:41:02,485.9,1190696
2021-06-15 10:41:05,486.0,1190701
2021-06-15 10:41:08,486.0,1190946
2021-06-15 10:41:10,485.9,1191063
2021-06-15 10:41:13,486.0,1191073
2021-06-15 10:41:16,486.0,1191194
2021-06-15 10:41:19,486.0,1191260
2021-06-15 10:41:21,486.05,1191480
2021-06-15 10:41:24,486.0,1191717
2021-06-15 10:41:26,485.9,1191755
2021-06-15 10:41:29,486.0,1191890
2021-06-15 10:41:31,485.9,1191975
2021-06-15 10:41:34,486.0,1191976
2021-06-15 10:41:37,486.0,1192126
2021-06-15 10:41:39,485.9,1192297
2021-06-15 10:41:42,485.9,1192339
2021-06-15 10:41:44,486.0,1192340
2021-06-15 10:41:46,486.0,1192340
2021-06-15 10:41:49,485.9,1192341
2021-06-15 10:41:51,485.9,1192341
2021-06-15 10:41:54,486.0,1192713
2021-06-15 10:41:56,485.9,1192715
2021-06-15 10:41:59,485.9,1192715
2021-06-15 10:42:02,485.9,1193771
2021-06-15 10:42:04,485.9,1193778
2021-06-15 10:42:07,485.9,1193949
2021-06-15 10:42:09,485.8,1194182
2021-06-15 10:42:12,485.9,1194253
2021-06-15 10:42:14,485.9,1194254
2021-06-15 10:42:16,485.9,1194312
2021-06-15 10:42:19,485.9,1194364
2021-06-15 10:42:22,485.85,1194370
2021-06-15 10:42:24,485.8,1194692
2021-06-15 10:42:26,485.8,1194742
2021-06-15 10:42:29,485.8,1194908
2021-06-15 10:42:32,485.8,1195108
2021-06-15 10:42:35,485.8,1195108
2021-06-15 10:42:38,485.9,1195220
2021-06-15 10:42:41,485.95,1195285
2021-06-15 10:42:46,485.95,1195527
2021-06-15 10:42:49,485.9,1195579
2021-06-15 10:42:51,485.8,1195792
2021-06-15 10:42:54,485.8,1195924
2021-06-15 10:42:56,485.8,1196345
2021-06-15 10:42:59,485.8,1196345
2021-06-15 10:43:01,485.9,1196379
2021-06-15 10:43:04,485.8,1196589
2021-06-15 10:43:06,485.8,1196599
2021-06-15 10:43:09,485.85,1196736
2021-06-15 10:43:11,485.95,1196784
2021-06-15 10:43:14,485.8,1196844
2021-06-15 10:43:16,485.8,1196844
2021-06-15 10:43:18,485.8,1196844
2021-06-15 10:43:21,485.75,1197270
2021-06-15 10:43:24,485.95,1197606
2021-06-15 10:43:26,485.75,1197784
2021-06-15 10:43:29,485.75,1197791
2021-06-15 10:43:31,485.95,1197936
2021-06-15 10:43:34,485.75,1198023
2021-06-15 10:43:36,485.95,1198057
2021-06-15 10:43:39,486.1,1205303
2021-06-15 10:43:41,486.25,1205310
2021-06-15 10:43:44,486.25,1205318
2021-06-15 10:43:46,486.1,1205553
2021-06-15 10:43:49,486.1,1205600
2021-06-15 10:43:52,486.1,1205600
2021-06-15 10:43:54,486.1,1205823
2021-06-15 10:43:57,486.05,1205913
2021-06-15 10:44:00,486.15,1206504
2021-06-15 10:44:02,486.25,1206810
2021-06-15 10:44:05,486.15,1206933
2021-06-15 10:44:08,486.05,1207176
2021-06-15 10:44:11,486.05,1207176
2021-06-15 10:44:14,486.05,1207881
2021-06-15 10:44:17,486.25,1208131
2021-06-15 10:44:20,486.1,1208248
2021-06-15 10:44:23,486.05,1209325
2021-06-15 10:44:26,485.95,1209541
2021-06-15 10:44:28,485.95,1209541
2021-06-15 10:44:31,485.95,1209643
2021-06-15 10:44:34,485.95,1209643
2021-06-15 10:44:36,486.15,1209843
2021-06-15 10:44:39,485.95,1209954
2021-06-15 10:44:41,485.85,1209964
2021-06-15 10:44:43,486.1,1210736
2021-06-15 10:44:46,486.0,1210738
2021-06-15 10:44:49,486.0,1210770
2021-06-15 10:44:51,486.05,1210777
2021-06-15 10:44:54,486.0,1211057
2021-06-15 10:44:57,486.15,1211286
2021-06-15 10:44:59,485.85,1211411
2021-06-15 10:45:02,485.85,1211411
2021-06-15 10:45:05,485.9,1211471
2021-06-15 10:45:07,485.9,1211476
2021-06-15 10:45:10,486.0,1211599
2021-06-15 10:45:12,485.9,1211600
2021-06-15 10:45:15,486.0,1211626
2021-06-15 10:45:18,485.9,1211796
2021-06-15 10:45:20,486.0,1211821
2021-06-15 10:45:22,485.9,1212192
2021-06-15 10:45:25,485.9,1212192
2021-06-15 10:45:27,485.9,1212192
2021-06-15 10:45:30,486.2,1212272
2021-06-15 10:45:33,486.15,1212452
2021-06-15 10:45:36,486.0,1212487
2021-06-15 10:45:38,486.0,1212529
2021-06-15 10:45:41,486.15,1212679
2021-06-15 10:45:43,486.4,1214686
2021-06-15 10:45:46,486.15,1214946
2021-06-15 10:45:49,486.2,1215248
2021-06-15 10:45:52,486.4,1215303
2021-06-15 10:45:54,486.4,1215303
2021-06-15 10:45:56,486.15,1215425
2021-06-15 10:45:59,486.15,1215425
2021-06-15 10:46:02,486.45,1215592
2021-06-15 10:46:05,486.4,1215785
2021-06-15 10:46:08,486.2,1215805
2021-06-15 10:46:10,486.4,1215959
2021-06-15 10:46:13,486.2,1215969
2021-06-15 10:46:16,486.4,1215973
2021-06-15 10:46:19,486.4,1215975
2021-06-15 10:46:21,486.25,1215976
2021-06-15 10:46:24,486.25,1216015
2021-06-15 10:46:26,486.25,1216853
2021-06-15 10:46:29,486.25,1216894
2021-06-15 10:46:31,486.2,1216904
2021-06-15 10:46:34,486.2,1216904
2021-06-15 10:46:36,486.25,1217138
2021-06-15 10:46:39,486.05,1217364
2021-06-15 10:46:41,486.0,1217398
2021-06-15 10:46:44,486.2,1217448
2021-06-15 10:46:46,486.2,1217461
2021-06-15 10:46:49,486.2,1217461
2021-06-15 10:46:51,486.2,1217461
2021-06-15 10:46:54,486.0,1217761
2021-06-15 10:46:56,486.35,1218941
2021-06-15 10:46:59,485.95,1220916
2021-06-15 10:47:01,486.05,1220936
2021-06-15 10:47:03,486.0,1220986
2021-06-15 10:47:06,486.15,1221002
2021-06-15 10:47:08,485.95,1222021
2021-06-15 10:47:11,486.0,1222123
2021-06-15 10:47:13,486.0,1222123
2021-06-15 10:47:16,486.0,1223233
2021-06-15 10:47:18,486.3,1223283
2021-06-15 10:47:20,486.0,1223623
2021-06-15 10:47:23,486.0,1223623
2021-06-15 10:47:25,486.0,1223623
2021-06-15 10:47:28,485.9,1223764
2021-06-15 10:47:30,485.9,1223764
2021-06-15 10:47:32,485.9,1224219
2021-06-15 10:47:37,486.05,1224229
2021-06-15 10:47:39,486.05,1224244
2021-06-15 10:47:41,485.85,1224551
2021-06-15 10:47:44,485.85,1224552
2021-06-15 10:47:47,486.0,1224578
2021-06-15 10:47:49,485.9,1224619
2021-06-15 10:47:52,485.9,1224758
2021-06-15 10:47:54,485.9,1224758
2021-06-15 10:47:57,485.8,1225075
2021-06-15 10:48:00,486.1,1225495
2021-06-15 10:48:02,486.1,1225495
2021-06-15 10:48:05,486.25,1226515
2021-06-15 10:48:07,486.25,1226515
2021-06-15 10:48:10,486.15,1226766
2021-06-15 10:48:12,486.15,1226766
2021-06-15 10:48:15,486.15,1226766
2021-06-15 10:48:17,486.15,1227166
2021-06-15 10:48:19,485.9,1227466
2021-06-15 10:48:22,485.9,1227466
2021-06-15 10:48:24,486.0,1227467
2021-06-15 10:48:27,486.0,1227588
2021-06-15 10:48:30,486.15,1227651
2021-06-15 10:48:33,486.15,1227651
2021-06-15 10:48:36,486.2,1227682
2021-06-15 10:48:38,486.0,1227882
2021-06-15 10:48:41,486.0,1228003
2021-06-15 10:48:43,486.0,1228018
2021-06-15 10:48:46,486.0,1228518
2021-06-15 10:48:48,486.0,1228790
2021-06-15 10:48:50,486.0,1228790
2021-06-15 10:48:53,486.0,1228790
2021-06-15 10:48:55,486.0,1228790
2021-06-15 10:48:57,486.15,1228933
2021-06-15 10:48:59,486.2,1228963
2021-06-15 10:49:02,486.2,1229036
2021-06-15 10:49:04,486.2,1229036
2021-06-15 10:49:07,486.0,1229039
2021-06-15 10:49:09,486.05,1229162
2021-06-15 10:49:12,486.0,1229312
2021-06-15 10:49:14,486.0,1229320
2021-06-15 10:49:16,486.0,1229320
2021-06-15 10:49:18,486.05,1229340
2021-06-15 10:49:21,486.0,1229510
2021-06-15 10:49:25,486.05,1230661
2021-06-15 10:49:28,486.0,1230666
2021-06-15 10:49:30,486.2,1230901
2021-06-15 10:49:32,486.2,1230901
2021-06-15 10:49:35,486.2,1230901
2021-06-15 10:49:37,486.2,1230901
2021-06-15 10:49:39,486.0,1230922
2021-06-15 10:49:41,486.0,1231043
2021-06-15 10:49:43,486.0,1231043
2021-06-15 10:49:46,486.0,1231043
2021-06-15 10:49:48,486.2,1231048
2021-06-15 10:49:50,486.0,1231299
2021-06-15 10:49:52,486.05,1231531
2021-06-15 10:49:55,486.05,1231539
2021-06-15 10:49:57,486.05,1231539
2021-06-15 10:49:59,486.05,1231690
2021-06-15 10:50:02,486.2,1231691
2021-06-15 10:50:04,486.1,1234120
2021-06-15 10:50:07,486.0,1234719
2021-06-15 10:50:09,486.15,1234941
2021-06-15 10:50:12,486.0,1234976
2021-06-15 10:50:14,486.15,1235026
2021-06-15 10:50:19,486.0,1235479
2021-06-15 10:50:21,485.95,1235560
2021-06-15 10:50:24,485.9,1235733
2021-06-15 10:50:28,485.95,1235734
2021-06-15 10:50:31,485.95,1235753
2021-06-15 10:50:33,486.0,1235830
2021-06-15 10:50:35,486.0,1235880
2021-06-15 10:50:38,485.9,1235960
2021-06-15 10:50:40,486.15,1236195
2021-06-15 10:50:42,486.2,1236200
2021-06-15 10:50:45,485.9,1236205
2021-06-15 10:50:47,485.9,1236241
2021-06-15 10:50:50,485.9,1236436
2021-06-15 10:50:52,485.9,1236489
2021-06-15 10:50:55,485.9,1236622
2021-06-15 10:50:59,486.0,1236688
2021-06-15 10:51:02,485.9,1237148
2021-06-15 10:51:04,485.9,1237148
2021-06-15 10:51:07,486.1,1237195
2021-06-15 10:51:09,485.9,1237220
2021-06-15 10:51:12,485.9,1237341
2021-06-15 10:51:14,485.85,1239408
2021-06-15 10:51:17,486.05,1240044
2021-06-15 10:51:19,486.05,1240044
2021-06-15 10:51:21,486.05,1240044
2021-06-15 10:51:24,485.6,1241691
2021-06-15 10:51:27,485.5,1242664
2021-06-15 10:51:30,485.7,1242920
2021-06-15 10:51:33,485.7,1243064
2021-06-15 10:51:36,485.5,1243194
2021-06-15 10:51:39,485.5,1243211
2021-06-15 10:51:42,485.5,1243352
2021-06-15 10:51:45,485.75,1243652
2021-06-15 10:51:47,485.75,1243883
2021-06-15 10:51:50,485.5,1244184
2021-06-15 10:51:56,485.6,1244379
2021-06-15 10:51:58,485.6,1244379
2021-06-15 10:52:01,485.5,1245099
2021-06-15 10:52:03,485.25,1247582
2021-06-15 10:52:06,485.5,1247773
2021-06-15 10:52:09,485.5,1248110
2021-06-15 10:52:12,485.5,1248273
2021-06-15 10:52:15,485.25,1248323
2021-06-15 10:52:17,485.5,1248369
2021-06-15 10:52:20,485.4,1248569
2021-06-15 10:52:22,485.4,1248595
2021-06-15 10:52:24,485.4,1248774
2021-06-15 10:52:27,485.25,1251323
2021-06-15 10:52:29,485.3,1251904
2021-06-15 10:52:31,485.3,1251906
2021-06-15 10:52:34,485.25,1252353
2021-06-15 10:52:36,485.25,1252903
2021-06-15 10:52:39,485.35,1254531
2021-06-15 10:52:41,485.3,1254532
2021-06-15 10:52:44,485.3,1254638
2021-06-15 10:52:46,485.25,1255257
2021-06-15 10:52:49,485.25,1255466
2021-06-15 10:52:52,485.15,1256143
2021-06-15 10:52:55,485.25,1256315
2021-06-15 10:52:57,485.2,1256316
2021-06-15 10:52:59,485.2,1256467
2021-06-15 10:53:01,485.2,1256566
2021-06-15 10:53:03,485.3,1256866
2021-06-15 10:53:06,485.2,1257066
2021-06-15 10:53:08,485.2,1257085
2021-06-15 10:53:10,485.2,1257085
2021-06-15 10:53:12,485.2,1257188
2021-06-15 10:53:14,485.25,1257196
2021-06-15 10:53:16,485.2,1257296
2021-06-15 10:53:18,485.25,1257386
2021-06-15 10:53:21,485.15,1257969
2021-06-15 10:53:24,485.25,1258156
2021-06-15 10:53:26,485.25,1258264
2021-06-15 10:53:29,485.25,1258264
2021-06-15 10:53:31,485.25,1258264
2021-06-15 10:53:34,485.25,1259904
2021-06-15 10:53:36,485.3,1260277
2021-06-15 10:53:38,485.35,1260460
2021-06-15 10:53:41,485.45,1260982
2021-06-15 10:53:43,485.5,1261111
2021-06-15 10:53:45,485.5,1261111
2021-06-15 10:53:47,485.45,1261112
2021-06-15 10:53:49,485.5,1261127
2021-06-15 10:53:51,485.5,1261127
2021-06-15 10:53:54,485.5,1261272
2021-06-15 10:53:56,485.5,1261368
2021-06-15 10:53:58,485.25,1261829
2021-06-15 10:54:01,485.3,1261831
2021-06-15 10:54:03,485.3,1261956
2021-06-15 10:54:06,485.5,1261969
2021-06-15 10:54:08,485.5,1262326
2021-06-15 10:54:10,485.6,1262521
2021-06-15 10:54:12,485.5,1262531
2021-06-15 10:54:15,485.55,1263178
2021-06-15 10:54:17,485.55,1263178
2021-06-15 10:54:19,485.65,1263186
2021-06-15 10:54:22,485.65,1263186
2021-06-15 10:54:24,485.7,1267948
2021-06-15 10:54:29,485.6,1268148
2021-06-15 10:54:31,485.65,1268155
2021-06-15 10:54:33,485.65,1268155
2021-06-15 10:54:35,485.6,1268257
2021-06-15 10:54:38,485.55,1268378
2021-06-15 10:54:40,485.65,1268379
2021-06-15 10:54:43,485.5,1268484
2021-06-15 10:54:45,485.65,1268713
2021-06-15 10:54:47,485.5,1268825
2021-06-15 10:54:50,485.55,1269125
2021-06-15 10:54:53,485.55,1269647
2021-06-15 10:54:56,485.55,1269697
2021-06-15 10:54:58,485.55,1269697
2021-06-15 10:55:01,485.55,1269697
2021-06-15 10:55:03,485.55,1269723
2021-06-15 10:55:05,485.55,1269729
2021-06-15 10:55:08,485.55,1269876
2021-06-15 10:55:10,485.55,1270412
2021-06-15 10:55:12,485.6,1270420
2021-06-15 10:55:15,485.65,1270641
2021-06-15 10:55:17,485.65,1270641
2021-06-15 10:55:20,485.6,1271042
2021-06-15 10:55:23,485.6,1271164
2021-06-15 10:55:25,485.65,1271220
2021-06-15 10:55:28,485.55,1271302
2021-06-15 10:55:31,485.5,1271694
2021-06-15 10:55:33,485.5,1271833
2021-06-15 10:55:35,485.5,1272458
2021-06-15 10:55:38,485.5,1272458
2021-06-15 10:55:41,485.5,1272580
2021-06-15 10:55:43,485.7,1273083
2021-06-15 10:55:46,485.7,1273085
2021-06-15 10:55:48,485.5,1273141
2021-06-15 10:55:51,485.7,1273142
2021-06-15 10:55:54,485.7,1273152
2021-06-15 10:55:56,485.55,1273304
2021-06-15 10:55:58,485.55,1273304
2021-06-15 10:56:01,485.7,1273431
2021-06-15 10:56:03,485.55,1273433
2021-06-15 10:56:05,485.55,1273433
2021-06-15 10:56:07,485.55,1273545
2021-06-15 10:56:10,485.7,1274545
2021-06-15 10:56:12,485.7,1274545
2021-06-15 10:56:15,485.7,1274545
2021-06-15 10:56:17,485.7,1274555
2021-06-15 10:56:20,485.7,1274664
2021-06-15 10:56:22,485.5,1275051
2021-06-15 10:56:25,485.5,1275052
2021-06-15 10:56:27,485.5,1275052
2021-06-15 10:56:30,485.7,1275736
2021-06-15 10:56:32,485.7,1275736
2021-06-15 10:56:35,485.7,1275781
2021-06-15 10:56:37,485.55,1275931
2021-06-15 10:56:39,485.75,1276082
2021-06-15 10:56:42,485.75,1276278
2021-06-15 10:56:44,485.55,1276282
2021-06-15 10:56:47,485.55,1276332
2021-06-15 10:56:49,485.55,1276347
2021-06-15 10:56:51,485.8,1276367
2021-06-15 10:56:53,485.8,1276667
2021-06-15 10:56:56,485.5,1280139
2021-06-15 10:56:58,485.8,1280199
2021-06-15 10:57:01,485.55,1280315
2021-06-15 10:57:04,485.55,1280315
2021-06-15 10:57:06,485.8,1280524
2021-06-15 10:57:09,485.5,1280547
2021-06-15 10:57:11,485.55,1280869
2021-06-15 10:57:14,485.55,1280869
2021-06-15 10:57:16,485.6,1280879
2021-06-15 10:57:19,485.55,1281029
2021-06-15 10:57:21,485.75,1281059
2021-06-15 10:57:23,485.6,1281358
2021-06-15 10:57:25,485.6,1281436
2021-06-15 10:57:28,485.6,1281436
2021-06-15 10:57:30,485.5,1281855
2021-06-15 10:57:33,485.75,1282030
2021-06-15 10:57:35,485.5,1282060
2021-06-15 10:57:38,485.55,1283071
2021-06-15 10:57:41,485.55,1283207
2021-06-15 10:57:44,485.55,1283207
2021-06-15 10:57:46,485.75,1283257
2021-06-15 10:57:49,485.7,1283412
2021-06-15 10:57:52,485.5,1283444
2021-06-15 10:57:54,485.5,1283568
2021-06-15 10:57:57,485.5,1283768
2021-06-15 10:57:59,485.75,1283780
2021-06-15 10:58:01,485.75,1283780
2021-06-15 10:58:04,485.55,1283817
2021-06-15 10:58:06,485.75,1283822
2021-06-15 10:58:08,485.6,1283934
2021-06-15 10:58:11,485.75,1283949
2021-06-15 10:58:13,485.75,1283950
2021-06-15 10:58:15,485.8,1284134
2021-06-15 10:58:18,485.75,1284184
2021-06-15 10:58:20,485.75,1284184
2021-06-15 10:58:23,485.75,1284184
2021-06-15 10:58:25,485.6,1284306
2021-06-15 10:58:28,485.75,1284322
2021-06-15 10:58:30,485.6,1284324
2021-06-15 10:58:32,485.8,1284499
2021-06-15 10:58:35,485.6,1284500
2021-06-15 10:58:37,485.75,1284511
2021-06-15 10:58:39,485.65,1284521
2021-06-15 10:58:41,485.6,1286351
2021-06-15 10:58:44,485.5,1286487
2021-06-15 10:58:46,485.7,1286521
2021-06-15 10:58:48,485.7,1286521
2021-06-15 10:58:51,485.75,1286705
2021-06-15 10:58:53,485.6,1286828
2021-06-15 10:58:55,485.6,1286986
2021-06-15 10:58:57,485.6,1286986
2021-06-15 10:59:00,485.7,1287336
2021-06-15 10:59:02,485.7,1287736
2021-06-15 10:59:04,485.7,1287736
2021-06-15 10:59:06,485.7,1287736
2021-06-15 10:59:08,485.6,1287857
2021-06-15 10:59:11,485.6,1287857
2021-06-15 10:59:13,485.6,1287857
2021-06-15 10:59:15,485.7,1287896
2021-06-15 10:59:17,485.75,1287983
2021-06-15 10:59:19,485.75,1287983
2021-06-15 10:59:22,485.7,1288023
2021-06-15 10:59:24,485.7,1288106
2021-06-15 10:59:26,485.75,1288291
2021-06-15 10:59:28,485.75,1288291
2021-06-15 10:59:30,485.6,1288389
2021-06-15 10:59:32,485.6,1288389
2021-06-15 10:59:34,485.5,1288489
2021-06-15 10:59:36,485.7,1288564
2021-06-15 10:59:39,485.55,1288903
2021-06-15 10:59:41,485.5,1288986
2021-06-15 10:59:44,485.6,1289007
2021-06-15 10:59:46,485.7,1289067
2021-06-15 10:59:48,485.5,1289123
2021-06-15 10:59:51,485.65,1289639
2021-06-15 10:59:53,485.55,1289807
2021-06-15 10:59:55,485.7,1289822
2021-06-15 10:59:57,485.55,1289923
2021-06-15 10:59:59,485.55,1289923
2021-06-15 11:00:02,485.7,1289925
2021-06-15 11:00:05,485.7,1290124
2021-06-15 11:00:07,485.5,1290755
2021-06-15 11:00:10,485.55,1290756
2021-06-15 11:00:12,485.5,1290877
2021-06-15 11:00:15,485.55,1290902
2021-06-15 11:00:17,485.55,1290902
2021-06-15 11:00:19,485.55,1290982
2021-06-15 11:00:21,485.55,1290982
2021-06-15 11:00:23,485.55,1290982
2021-06-15 11:00:26,485.55,1291104
2021-06-15 11:00:29,485.75,1291117
2021-06-15 11:00:31,485.75,1291117
2021-06-15 11:00:34,485.75,1291178
2021-06-15 11:00:36,485.65,1291204
2021-06-15 11:00:38,485.65,1291327
2021-06-15 11:00:41,485.75,1291587
2021-06-15 11:00:43,485.6,1291597
2021-06-15 11:00:45,485.55,1291604
2021-06-15 11:00:48,485.55,1291604
2021-06-15 11:00:50,485.55,1291604
2021-06-15 11:00:53,485.55,1291831
2021-06-15 11:00:55,485.55,1292186
2021-06-15 11:00:57,485.55,1292186
2021-06-15 11:01:02,485.7,1292266
2021-06-15 11:01:04,485.7,1292286
2021-06-15 11:01:07,485.7,1292286
2021-06-15 11:01:09,485.7,1292408
2021-06-15 11:01:12,485.75,1292593
2021-06-15 11:01:14,485.75,1292619
2021-06-15 11:01:17,485.75,1292635
2021-06-15 11:01:19,485.75,1292685
2021-06-15 11:01:21,485.75,1292685
2021-06-15 11:01:24,485.75,1292685
2021-06-15 11:01:26,485.55,1292819
2021-06-15 11:01:28,485.55,1293294
2021-06-15 11:01:30,485.7,1293295
2021-06-15 11:01:33,485.7,1293295
2021-06-15 11:01:35,485.7,1293295
2021-06-15 11:01:38,485.55,1293441
2021-06-15 11:01:40,485.55,1293491
2021-06-15 11:01:42,485.55,1297217
2021-06-15 11:01:45,485.65,1297686
2021-06-15 11:01:47,485.65,1298252
2021-06-15 11:01:50,485.65,1298353
2021-06-15 11:01:53,485.55,1299215
2021-06-15 11:01:56,485.5,1299262
2021-06-15 11:01:59,485.5,1299285
2021-06-15 11:02:01,485.65,1299305
2021-06-15 11:02:03,485.65,1299346
2021-06-15 11:02:05,485.65,1299356
2021-06-15 11:02:08,485.5,1299527
2021-06-15 11:02:10,485.5,1299577
2021-06-15 11:02:12,485.5,1299945
2021-06-15 11:02:15,485.65,1299955
2021-06-15 11:02:17,485.65,1299955
2021-06-15 11:02:19,485.65,1300205
2021-06-15 11:02:21,485.65,1300246
2021-06-15 11:02:23,485.55,1300569
2021-06-15 11:02:25,485.65,1300632
2021-06-15 11:02:28,485.5,1300682
2021-06-15 11:02:30,485.5,1300682
2021-06-15 11:02:32,485.65,1300733
2021-06-15 11:02:34,485.65,1300843
2021-06-15 11:02:37,485.5,1300882
2021-06-15 11:02:39,485.65,1301015
2021-06-15 11:02:41,485.65,1301015
2021-06-15 11:02:43,485.65,1301015
2021-06-15 11:02:45,485.65,1301015
2021-06-15 11:02:47,485.5,1301040
2021-06-15 11:02:50,485.5,1301040
2021-06-15 11:02:52,485.65,1301640
2021-06-15 11:02:54,485.5,1301812
2021-06-15 11:02:56,485.65,1301912
2021-06-15 11:03:00,485.65,1302272
2021-06-15 11:03:02,485.65,1302292
2021-06-15 11:03:05,485.65,1302292
2021-06-15 11:03:07,485.5,1302318
2021-06-15 11:03:09,485.5,1302496
2021-06-15 11:03:11,485.5,1302501
2021-06-15 11:03:13,485.5,1302501
2021-06-15 11:03:17,485.5,1302521
2021-06-15 11:03:19,485.5,1302521
2021-06-15 11:03:21,485.5,1302621
2021-06-15 11:03:24,485.5,1302743
2021-06-15 11:03:26,485.6,1302796
2021-06-15 11:03:28,485.6,1302896
2021-06-15 11:03:30,485.6,1303905
2021-06-15 11:03:33,485.6,1304126
2021-06-15 11:03:35,485.6,1304779
2021-06-15 11:03:37,485.6,1305455
2021-06-15 11:03:39,485.45,1305560
2021-06-15 11:03:41,485.3,1305675
2021-06-15 11:03:43,485.3,1305675
2021-06-15 11:03:45,485.65,1306531
2021-06-15 11:03:47,485.35,1306631
2021-06-15 11:03:49,485.35,1306631
2021-06-15 11:03:51,485.35,1306631
2021-06-15 11:03:54,485.35,1306831
2021-06-15 11:03:56,485.3,1306979
2021-06-15 11:03:58,485.35,1306980
2021-06-15 11:04:00,485.6,1306991
2021-06-15 11:04:02,485.6,1306991
2021-06-15 11:04:03,485.6,1306992
2021-06-15 11:04:05,485.65,1307179
2021-06-15 11:04:08,485.45,1307312
2021-06-15 11:04:10,485.65,1307371
2021-06-15 11:04:12,485.65,1307371
2021-06-15 11:04:14,485.65,1307371
2021-06-15 11:04:16,485.6,1307651
2021-06-15 11:04:18,485.6,1307658
2021-06-15 11:04:20,485.65,1307683
2021-06-15 11:04:22,485.6,1307698
2021-06-15 11:04:24,485.6,1307820
2021-06-15 11:04:26,485.6,1307820
2021-06-15 11:04:29,485.65,1307920
2021-06-15 11:04:30,485.6,1307935
2021-06-15 11:04:33,485.6,1307935
2021-06-15 11:04:35,485.5,1307960
2021-06-15 11:04:37,485.5,1307960
2021-06-15 11:04:39,485.5,1307992
2021-06-15 11:04:41,485.55,1308291
2021-06-15 11:04:44,485.55,1308313
2021-06-15 11:04:46,485.5,1308793
2021-06-15 11:04:48,485.65,1308817
2021-06-15 11:04:50,485.5,1308827
2021-06-15 11:04:52,485.45,1308902
2021-06-15 11:04:55,485.4,1309027
2021-06-15 11:04:57,485.4,1309150
2021-06-15 11:04:59,485.6,1309151
2021-06-15 11:05:01,485.4,1309159
2021-06-15 11:05:03,485.45,1309160
2021-06-15 11:05:05,485.45,1309211
2021-06-15 11:05:08,485.5,1309260
2021-06-15 11:05:11,485.3,1309343
2021-06-15 11:05:13,485.55,1309453
2021-06-15 11:05:15,485.6,1309637
2021-06-15 11:05:17,485.6,1309637
2021-06-15 11:05:20,485.6,1309637
2021-06-15 11:05:22,485.3,1310637
2021-06-15 11:05:24,485.3,1310645
2021-06-15 11:05:26,485.3,1310767
2021-06-15 11:05:29,485.5,1311795
2021-06-15 11:05:31,485.25,1311820
2021-06-15 11:05:34,485.5,1311843
2021-06-15 11:05:36,485.5,1311846
2021-06-15 11:05:38,485.4,1311993
2021-06-15 11:05:42,485.4,1311993
2021-06-15 11:05:44,485.4,1311993
2021-06-15 11:05:47,485.3,1312193
2021-06-15 11:05:49,485.55,1312274
2021-06-15 11:05:52,485.6,1312459
2021-06-15 11:05:54,485.35,1312565
2021-06-15 11:05:56,485.55,1312816
2021-06-15 11:05:59,485.3,1312917
2021-06-15 11:06:01,485.55,1312979
2021-06-15 11:06:03,485.55,1312979
2021-06-15 11:06:06,485.3,1313024
2021-06-15 11:06:08,485.3,1313024
2021-06-15 11:06:10,485.3,1313024
2021-06-15 11:06:13,485.3,1313170
2021-06-15 11:06:16,485.3,1313671
2021-06-15 11:06:18,485.3,1313671
2021-06-15 11:06:21,485.3,1313671
2021-06-15 11:06:23,485.5,1313781
2021-06-15 11:06:25,485.35,1313934
2021-06-15 11:06:28,485.35,1313934
2021-06-15 11:06:30,485.5,1313997
2021-06-15 11:06:32,485.5,1314002
2021-06-15 11:06:35,485.35,1314004
2021-06-15 11:06:37,485.35,1314035
2021-06-15 11:06:39,485.35,1314156
2021-06-15 11:06:41,485.35,1314156
2021-06-15 11:06:44,485.3,1314256
2021-06-15 11:06:46,485.3,1314256
2021-06-15 11:06:49,485.5,1314276
2021-06-15 11:06:51,485.3,1314411
2021-06-15 11:06:53,485.3,1314411
2021-06-15 11:06:55,485.3,1314933
2021-06-15 11:06:57,485.3,1314933
2021-06-15 11:06:59,485.3,1314933
2021-06-15 11:07:02,485.35,1314934
2021-06-15 11:07:04,485.4,1314939
2021-06-15 11:07:07,485.5,1315123
2021-06-15 11:07:09,485.4,1315244
2021-06-15 11:07:11,485.4,1316351
2021-06-15 11:07:13,485.4,1316352
2021-06-15 11:07:16,485.5,1316374
2021-06-15 11:07:18,485.5,1316374
2021-06-15 11:07:20,485.5,1316389
2021-06-15 11:07:22,485.5,1316439
2021-06-15 11:07:24,485.6,1317712
2021-06-15 11:07:26,485.6,1317712
2021-06-15 11:07:28,485.45,1317877
2021-06-15 11:07:30,485.45,1317877
2021-06-15 11:07:32,485.65,1318199
2021-06-15 11:07:34,485.5,1318339
2021-06-15 11:07:35,485.5,1318578
2021-06-15 11:07:37,485.5,1318578
2021-06-15 11:07:40,485.55,1318658
2021-06-15 11:07:42,485.6,1318740
2021-06-15 11:07:44,485.5,1318840
2021-06-15 11:07:46,485.65,1318885
2021-06-15 11:07:48,485.45,1319186
2021-06-15 11:07:50,485.45,1319186
2021-06-15 11:07:52,485.45,1319186
2021-06-15 11:07:54,485.55,1319346
2021-06-15 11:07:56,485.5,1319358
2021-06-15 11:07:58,485.5,1319385
2021-06-15 11:08:03,485.65,1320410
2021-06-15 11:08:05,485.65,1320410
2021-06-15 11:08:07,485.65,1320410
2021-06-15 11:08:10,485.6,1320532
2021-06-15 11:08:12,485.6,1320532
2021-06-15 11:08:14,485.65,1320538
2021-06-15 11:08:17,485.65,1320605
2021-06-15 11:08:19,485.65,1320606
2021-06-15 11:08:21,485.65,1320606
2021-06-15 11:08:23,485.45,1320676
2021-06-15 11:08:26,485.65,1320808
2021-06-15 11:08:28,485.65,1320808
2021-06-15 11:08:30,485.65,1320808
2021-06-15 11:08:33,485.65,1320808
2021-06-15 11:08:35,485.5,1320844
2021-06-15 11:08:38,485.5,1320956
2021-06-15 11:08:41,485.65,1321136
2021-06-15 11:08:43,485.65,1321336
2021-06-15 11:08:46,485.45,1321722
2021-06-15 11:08:48,485.45,1321722
2021-06-15 11:08:50,485.6,1321923
2021-06-15 11:08:52,485.6,1321923
2021-06-15 11:08:54,485.45,1321993
2021-06-15 11:08:56,485.45,1322108
2021-06-15 11:08:59,485.45,1322108
2021-06-15 11:09:01,485.45,1322108
2021-06-15 11:09:04,485.45,1322108
2021-06-15 11:09:06,485.4,1322411
2021-06-15 11:09:09,485.45,1322622
2021-06-15 11:09:11,485.45,1322623
2021-06-15 11:09:13,485.45,1322623
2021-06-15 11:09:16,485.45,1322713
2021-06-15 11:09:18,485.4,1322748
2021-06-15 11:09:20,485.45,1322932
2021-06-15 11:09:22,485.45,1323366
2021-06-15 11:09:24,485.4,1323488
2021-06-15 11:09:26,485.45,1323499
2021-06-15 11:09:28,485.45,1323634
2021-06-15 11:09:30,485.45,1323766
2021-06-15 11:09:33,485.4,1323808
2021-06-15 11:09:35,485.45,1323817
2021-06-15 11:09:37,485.4,1324317
2021-06-15 11:09:39,485.4,1324438
2021-06-15 11:09:42,485.45,1324538
2021-06-15 11:09:44,485.45,1324538
2021-06-15 11:09:47,485.45,1324538
2021-06-15 11:09:49,485.45,1324538
2021-06-15 11:09:51,485.45,1324850
2021-06-15 11:09:53,485.4,1325205
2021-06-15 11:09:55,485.45,1325391
2021-06-15 11:09:57,485.45,1325562
2021-06-15 11:09:59,485.4,1325567
2021-06-15 11:10:02,485.45,1325568
2021-06-15 11:10:04,485.4,1325600
2021-06-15 11:10:07,485.4,1325601
2021-06-15 11:10:09,485.45,1325896
2021-06-15 11:10:11,485.5,1325898
2021-06-15 11:10:13,485.5,1325924
2021-06-15 11:10:15,485.6,1326043
2021-06-15 11:10:18,485.6,1326043
2021-06-15 11:10:20,485.6,1326178
2021-06-15 11:10:22,485.5,1326278
2021-06-15 11:10:25,485.35,1326526
2021-06-15 11:10:27,485.45,1326557
2021-06-15 11:10:29,485.6,1326650
2021-06-15 11:10:31,485.6,1326850
2021-06-15 11:10:34,485.5,1326852
2021-06-15 11:10:36,485.5,1326852
2021-06-15 11:10:38,485.45,1327038
2021-06-15 11:10:40,485.45,1327038
2021-06-15 11:10:42,485.6,1327048
2021-06-15 11:10:44,485.6,1327048
2021-06-15 11:10:46,485.6,1327048
2021-06-15 11:10:48,485.5,1327083
2021-06-15 11:10:50,485.4,1327093
2021-06-15 11:10:52,485.4,1327093
2021-06-15 11:10:54,485.4,1327215
2021-06-15 11:10:57,485.4,1327215
2021-06-15 11:10:59,485.6,1327565
2021-06-15 11:11:01,485.6,1327621
2021-06-15 11:11:03,485.6,1327621
2021-06-15 11:11:06,485.6,1327806
2021-06-15 11:11:08,485.5,1327983
2021-06-15 11:11:10,485.4,1328018
2021-06-15 11:11:13,485.4,1328018
2021-06-15 11:11:15,485.6,1328027
2021-06-15 11:11:18,485.6,1328027
2021-06-15 11:11:20,485.6,1328119
2021-06-15 11:11:23,485.4,1328392
2021-06-15 11:11:25,485.35,1328563
2021-06-15 11:11:27,485.3,1328771
2021-06-15 11:11:29,485.3,1328771
2021-06-15 11:11:31,485.3,1328771
2021-06-15 11:11:33,485.45,1328776
2021-06-15 11:11:36,485.5,1329276
2021-06-15 11:11:38,485.35,1329457
2021-06-15 11:11:42,485.35,1329457
2021-06-15 11:11:44,485.4,1329577
2021-06-15 11:11:46,485.5,1329580
2021-06-15 11:11:48,485.55,1329581
2021-06-15 11:11:51,485.55,1329643
2021-06-15 11:11:53,485.35,1329765
2021-06-15 11:11:55,485.35,1329765
2021-06-15 11:11:57,485.35,1329775
2021-06-15 11:11:59,485.35,1329775
2021-06-15 11:12:02,485.55,1329795
2021-06-15 11:12:04,485.35,1329903
2021-06-15 11:12:06,485.35,1329923
2021-06-15 11:12:08,485.35,1330045
2021-06-15 11:12:10,485.35,1330045
2021-06-15 11:12:12,485.4,1330050
2021-06-15 11:12:14,485.4,1330050
2021-06-15 11:12:16,485.4,1330084
2021-06-15 11:12:18,485.5,1330585
2021-06-15 11:12:20,485.55,1330904
2021-06-15 11:12:22,485.55,1331129
2021-06-15 11:12:24,485.5,1331251
2021-06-15 11:12:26,485.65,1331506
2021-06-15 11:12:28,485.65,1331513
2021-06-15 11:12:30,485.6,1332043
2021-06-15 11:12:32,485.6,1332143
2021-06-15 11:12:37,485.6,1332149
2021-06-15 11:12:39,485.6,1332392
2021-06-15 11:12:41,485.5,1332442
2021-06-15 11:12:44,485.5,1332942
2021-06-15 11:12:46,485.65,1332967
2021-06-15 11:12:48,485.65,1332967
2021-06-15 11:12:51,485.5,1333042
2021-06-15 11:12:53,485.55,1333164
2021-06-15 11:12:55,485.65,1333232
2021-06-15 11:12:57,485.65,1333232
2021-06-15 11:12:59,485.65,1333232
2021-06-15 11:13:01,485.65,1334083
2021-06-15 11:13:03,485.65,1334083
2021-06-15 11:13:05,485.65,1334083
2021-06-15 11:13:07,485.6,1337008
2021-06-15 11:13:09,485.6,1337008
2021-06-15 11:13:11,485.5,1337129
2021-06-15 11:13:13,485.5,1337129
2021-06-15 11:13:15,485.5,1337129
2021-06-15 11:13:17,485.5,1337129
2021-06-15 11:13:22,485.65,1337139
2021-06-15 11:13:24,485.5,1337642
2021-06-15 11:13:27,485.55,1337781
2021-06-15 11:13:29,485.55,1337781
2021-06-15 11:13:31,485.75,1337830
2021-06-15 11:13:33,485.5,1337930
2021-06-15 11:13:35,485.5,1337930
2021-06-15 11:13:37,485.55,1338084
2021-06-15 11:13:39,485.55,1338084
2021-06-15 11:13:41,485.7,1338259
2021-06-15 11:13:44,485.7,1338259
2021-06-15 11:13:46,485.7,1338262
2021-06-15 11:13:48,485.75,1338293
2021-06-15 11:13:50,485.5,1338793
2021-06-15 11:13:52,485.75,1338798
2021-06-15 11:13:55,485.55,1338808
2021-06-15 11:13:57,485.65,1339071
2021-06-15 11:13:59,485.65,1339071
2021-06-15 11:14:01,485.65,1339257
2021-06-15 11:14:04,485.65,1339266
2021-06-15 11:14:06,485.65,1339266
2021-06-15 11:14:09,485.5,1339787
2021-06-15 11:14:11,485.5,1339787
2021-06-15 11:14:14,485.5,1339787
2021-06-15 11:14:16,485.55,1339897
2021-06-15 11:14:18,485.55,1339897
2021-06-15 11:14:20,485.65,1339898
2021-06-15 11:14:22,485.75,1340148
2021-06-15 11:14:24,485.4,1340467
2021-06-15 11:14:27,485.5,1341931
2021-06-15 11:14:29,485.6,1341946
2021-06-15 11:14:31,485.6,1341946
2021-06-15 11:14:33,485.35,1342346
2021-06-15 11:14:36,485.4,1342443
2021-06-15 11:14:38,485.45,1342564
2021-06-15 11:14:40,485.4,1342626
2021-06-15 11:14:41,485.35,1342682
2021-06-15 11:14:43,485.4,1342689
2021-06-15 11:14:45,485.4,1342689
2021-06-15 11:14:48,485.4,1342689
2021-06-15 11:14:50,485.4,1342689
2021-06-15 11:14:53,485.5,1342811
2021-06-15 11:14:55,485.65,1342822
2021-06-15 11:14:59,485.4,1342885
2021-06-15 11:15:02,485.55,1342895
2021-06-15 11:15:04,485.4,1342937
2021-06-15 11:15:07,485.4,1342947
2021-06-15 11:15:09,485.4,1343079
2021-06-15 11:15:11,485.45,1343084
2021-06-15 11:15:14,485.45,1343084
2021-06-15 11:15:16,485.6,1343110
2021-06-15 11:15:18,485.6,1343110
2021-06-15 11:15:20,485.6,1343129
2021-06-15 11:15:22,485.7,1343439
2021-06-15 11:15:24,485.75,1344610
2021-06-15 11:15:26,485.5,1344672
2021-06-15 11:15:28,485.45,1344697
2021-06-15 11:15:30,485.45,1344697
2021-06-15 11:15:32,485.45,1344738
2021-06-15 11:15:35,485.4,1344788
2021-06-15 11:15:37,485.4,1344943
2021-06-15 11:15:39,485.4,1345064
2021-06-15 11:15:42,485.45,1345080
2021-06-15 11:15:44,485.45,1345114
2021-06-15 11:15:46,485.65,1345182
2021-06-15 11:15:48,485.6,1345217
2021-06-15 11:15:50,485.65,1345319
2021-06-15 11:15:53,485.4,1345508
2021-06-15 11:15:54,485.35,1346510
2021-06-15 11:15:56,485.5,1346562
2021-06-15 11:15:58,485.5,1346562
2021-06-15 11:16:01,485.5,1346597
2021-06-15 11:16:03,485.5,1346597
2021-06-15 11:16:05,485.45,1346658
2021-06-15 11:16:07,485.3,1346684
2021-06-15 11:16:09,485.3,1346805
2021-06-15 11:16:11,485.3,1347533
2021-06-15 11:16:14,485.35,1348689
2021-06-15 11:16:17,485.5,1349229
2021-06-15 11:16:20,485.4,1349240
2021-06-15 11:16:22,485.5,1349243
2021-06-15 11:16:24,485.45,1349416
2021-06-15 11:16:26,485.4,1349427
2021-06-15 11:16:28,485.4,1349427
2021-06-15 11:16:30,485.4,1349427
2021-06-15 11:16:32,485.4,1349427
2021-06-15 11:16:35,485.5,1349432
2021-06-15 11:16:37,485.35,1349528
2021-06-15 11:16:39,485.3,1349649
2021-06-15 11:16:41,485.3,1349649
2021-06-15 11:16:43,485.3,1350014
2021-06-15 11:16:44,485.3,1350014
2021-06-15 11:16:46,485.35,1350149
2021-06-15 11:16:50,485.2,1350165
2021-06-15 11:16:52,485.3,1350175
2021-06-15 11:16:55,485.2,1350297
2021-06-15 11:16:57,485.2,1350297
2021-06-15 11:16:58,485.35,1350392
2021-06-15 11:17:01,485.35,1350392
2021-06-15 11:17:03,485.35,1350392
2021-06-15 11:17:06,485.45,1350576
2021-06-15 11:17:08,485.35,1350811
2021-06-15 11:17:12,485.35,1350953
2021-06-15 11:17:15,485.35,1350953
2021-06-15 11:17:17,485.3,1351258
2021-06-15 11:17:19,485.25,1351308
2021-06-15 11:17:21,485.25,1351308
2021-06-15 11:17:23,485.25,1351430
2021-06-15 11:17:25,485.3,1351455
2021-06-15 11:17:27,485.3,1351455
2021-06-15 11:17:29,485.3,1351455
2021-06-15 11:17:30,485.3,1351939
2021-06-15 11:17:32,485.3,1351946
2021-06-15 11:17:34,485.3,1351982
2021-06-15 11:17:36,485.3,1352007
2021-06-15 11:17:38,485.25,1352162
2021-06-15 11:17:40,485.25,1352162
2021-06-15 11:17:42,485.35,1352163
2021-06-15 11:17:44,485.3,1352260
2021-06-15 11:17:46,485.5,1352760
2021-06-15 11:17:48,485.3,1352804
2021-06-15 11:17:50,485.3,1352882
2021-06-15 11:17:53,485.3,1352882
2021-06-15 11:17:55,485.25,1353029
2021-06-15 11:17:58,485.25,1353029
2021-06-15 11:18:00,485.3,1353030
2021-06-15 11:18:02,485.3,1353030
2021-06-15 11:18:05,485.25,1354030
2021-06-15 11:18:07,485.3,1354062
2021-06-15 11:18:10,485.35,1354188
2021-06-15 11:18:12,485.35,1354188
2021-06-15 11:18:14,485.5,1354388
2021-06-15 11:18:17,485.35,1354463
2021-06-15 11:18:19,485.35,1354493
2021-06-15 11:18:21,485.35,1354493
2021-06-15 11:18:23,485.35,1354514
2021-06-15 11:18:25,485.35,1354615
2021-06-15 11:18:28,485.3,1354685
2021-06-15 11:18:29,485.3,1354685
2021-06-15 11:18:32,485.3,1354685
2021-06-15 11:18:34,485.3,1354685
2021-06-15 11:18:36,485.5,1354697
2021-06-15 11:18:38,485.35,1354974
2021-06-15 11:18:40,485.35,1354974
2021-06-15 11:18:42,485.5,1355075
2021-06-15 11:18:45,485.5,1355090
2021-06-15 11:18:47,485.35,1355270
2021-06-15 11:18:49,485.4,1355573
2021-06-15 11:18:51,485.4,1355573
2021-06-15 11:18:53,485.3,1355696
2021-06-15 11:18:55,485.5,1355916
2021-06-15 11:18:58,485.5,1355916
2021-06-15 11:19:02,485.4,1356141
2021-06-15 11:19:04,485.4,1356141
2021-06-15 11:19:06,485.4,1356266
2021-06-15 11:19:08,485.4,1356276
2021-06-15 11:19:10,485.4,1356276
2021-06-15 11:19:12,485.3,1356387
2021-06-15 11:19:14,485.5,1356442
2021-06-15 11:19:17,485.3,1357105
2021-06-15 11:19:19,485.25,1357615
2021-06-15 11:19:21,485.25,1357615
2021-06-15 11:19:23,485.2,1357737
2021-06-15 11:19:25,485.25,1357762
2021-06-15 11:19:28,485.25,1357792
2021-06-15 11:19:30,485.25,1357972
2021-06-15 11:19:32,485.25,1357992
2021-06-15 11:19:35,485.25,1357992
2021-06-15 11:19:37,485.25,1357992
2021-06-15 11:19:39,485.25,1358153
2021-06-15 11:19:42,485.3,1358203
2021-06-15 11:19:44,485.3,1358203
2021-06-15 11:19:46,485.3,1358224
2021-06-15 11:19:49,485.3,1358224
2021-06-15 11:19:51,485.3,1358460
2021-06-15 11:19:53,485.2,1359582
2021-06-15 11:19:55,485.2,1359582
2021-06-15 11:19:58,485.2,1359582
2021-06-15 11:20:00,485.3,1359652
2021-06-15 11:20:02,485.25,1359684
2021-06-15 11:20:05,485.3,1359744
2021-06-15 11:20:07,485.3,1359744
2021-06-15 11:20:09,485.2,1359866
2021-06-15 11:20:11,485.2,1359986
2021-06-15 11:20:14,485.3,1360002
2021-06-15 11:20:16,485.2,1368105
2021-06-15 11:20:18,485.3,1368156
2021-06-15 11:20:20,485.2,1368157
2021-06-15 11:20:23,485.2,1368279
2021-06-15 11:20:25,485.2,1368524
2021-06-15 11:20:27,485.2,1368524
2021-06-15 11:20:29,485.3,1368604
2021-06-15 11:20:31,485.2,1368924
2021-06-15 11:20:34,485.2,1368924
2021-06-15 11:20:36,485.2,1368924
2021-06-15 11:20:38,485.2,1369047
2021-06-15 11:20:40,485.2,1369072
2021-06-15 11:20:43,485.2,1369097
2021-06-15 11:20:45,485.2,1369097
2021-06-15 11:20:47,485.3,1369098
2021-06-15 11:20:49,485.3,1369148
2021-06-15 11:20:51,485.2,1369248
2021-06-15 11:20:53,485.2,1369445
2021-06-15 11:20:55,485.35,1369704
2021-06-15 11:21:00,485.35,1369929
2021-06-15 11:21:02,485.35,1369995
2021-06-15 11:21:04,485.25,1370125
2021-06-15 11:21:06,485.25,1370125
2021-06-15 11:21:08,485.25,1370257
2021-06-15 11:21:10,485.25,1370257
2021-06-15 11:21:12,485.45,1370262
2021-06-15 11:21:14,485.45,1370262
2021-06-15 11:21:16,485.45,1370262
2021-06-15 11:21:19,485.45,1370262
2021-06-15 11:21:21,485.5,1370263
2021-06-15 11:21:23,485.5,1370313
2021-06-15 11:21:25,485.5,1370313
2021-06-15 11:21:27,485.3,1370457
2021-06-15 11:21:30,485.3,1370457
2021-06-15 11:21:32,485.3,1370457
2021-06-15 11:21:34,485.5,1371366
2021-06-15 11:21:36,485.35,1371650
2021-06-15 11:21:39,485.35,1371772
2021-06-15 11:21:41,485.35,1371772
2021-06-15 11:21:43,485.5,1371872
2021-06-15 11:21:45,485.5,1372197
2021-06-15 11:21:48,485.4,1372198
2021-06-15 11:21:50,485.5,1372267
2021-06-15 11:21:52,485.5,1372267
2021-06-15 11:21:54,485.5,1372390
2021-06-15 11:21:56,485.5,1372415
2021-06-15 11:21:59,485.4,1372622
2021-06-15 11:22:01,485.4,1372622
2021-06-15 11:22:03,485.4,1372622
2021-06-15 11:22:04,485.4,1372622
2021-06-15 11:22:07,485.4,1372622
2021-06-15 11:22:09,485.3,1376744
2021-06-15 11:22:11,485.3,1377775
2021-06-15 11:22:14,485.2,1377815
2021-06-15 11:22:16,485.3,1377816
2021-06-15 11:22:18,485.3,1377971
2021-06-15 11:22:21,485.3,1379186
2021-06-15 11:22:23,485.35,1379220
2021-06-15 11:22:25,485.35,1379220
2021-06-15 11:22:27,485.25,1379309
2021-06-15 11:22:29,485.25,1379309
2021-06-15 11:22:31,485.3,1379359
2021-06-15 11:22:34,485.45,1379389
2021-06-15 11:22:36,485.5,1379459
2021-06-15 11:22:38,485.35,1379581
2021-06-15 11:22:40,485.35,1379581
2021-06-15 11:22:43,485.5,1379583
2021-06-15 11:22:45,485.5,1379867
2021-06-15 11:22:47,485.5,1379867
2021-06-15 11:22:50,485.5,1379892
2021-06-15 11:22:52,485.5,1379992
2021-06-15 11:22:54,485.4,1380765
2021-06-15 11:22:56,485.4,1380972
2021-06-15 11:22:58,485.5,1380976
2021-06-15 11:23:00,485.5,1381201
2021-06-15 11:23:02,485.5,1381201
2021-06-15 11:23:04,485.5,1381301
2021-06-15 11:23:06,485.4,1381311
2021-06-15 11:23:08,485.4,1381361
2021-06-15 11:23:10,485.4,1381361
2021-06-15 11:23:12,485.35,1381432
2021-06-15 11:23:14,485.35,1381432
2021-06-15 11:23:17,485.5,1381532
2021-06-15 11:23:19,485.5,1381532
2021-06-15 11:23:21,485.35,1381766
2021-06-15 11:23:25,485.35,1381891
2021-06-15 11:23:27,485.4,1382060
2021-06-15 11:23:29,485.3,1382095
2021-06-15 11:23:31,485.3,1382100
2021-06-15 11:23:33,485.5,1382104
2021-06-15 11:23:35,485.35,1382107
2021-06-15 11:23:37,485.35,1382107
2021-06-15 11:23:39,485.5,1382282
2021-06-15 11:23:41,485.35,1382332
2021-06-15 11:23:44,485.35,1382332
2021-06-15 11:23:45,485.35,1382332
2021-06-15 11:23:48,485.4,1382352
2021-06-15 11:23:50,485.4,1382352
2021-06-15 11:23:52,485.4,1382562
2021-06-15 11:23:54,485.4,1382685
2021-06-15 11:23:56,485.4,1382685
2021-06-15 11:23:59,485.5,1382688
2021-06-15 11:24:01,485.35,1383073
2021-06-15 11:24:03,485.35,1383307
2021-06-15 11:24:06,485.35,1383307
2021-06-15 11:24:08,485.35,1383380
2021-06-15 11:24:11,485.2,1396504
2021-06-15 11:24:13,485.3,1396514
2021-06-15 11:24:15,485.3,1396529
2021-06-15 11:24:18,485.3,1396529
2021-06-15 11:24:20,485.3,1396562
2021-06-15 11:24:22,485.3,1396582
2021-06-15 11:24:24,485.2,1396729
2021-06-15 11:24:26,485.3,1396754
2021-06-15 11:24:28,485.3,1396754
