timestamp,ltp,volume
2021-06-15 09:15:41,161.15,1436336
2021-06-15 09:15:42,161.3,1446110
2021-06-15 09:15:44,161.3,1472320
2021-06-15 09:15:45,161.15,1495275
2021-06-15 09:15:46,161.15,1501485
2021-06-15 09:15:47,161.15,1508966
2021-06-15 09:15:48,161.25,1515631
2021-06-15 09:15:49,161.3,1524446
2021-06-15 09:15:50,161.3,1528101
2021-06-15 09:15:51,161.05,1541626
2021-06-15 09:15:52,161.05,1579046
2021-06-15 09:15:53,161.05,1581720
2021-06-15 09:15:54,161.2,1588189
2021-06-15 09:15:55,161.25,1604014
2021-06-15 09:15:56,161.3,1611348
2021-06-15 09:15:57,161.25,1617333
2021-06-15 09:15:58,161.2,1640058
2021-06-15 09:15:59,161.15,1642362
2021-06-15 09:16:00,160.75,1748146
2021-06-15 09:16:01,161.0,1784219
2021-06-15 09:16:02,160.7,1822130
2021-06-15 09:16:03,160.9,1830833
2021-06-15 09:16:04,160.6,1841995
2021-06-15 09:16:06,160.7,1866705
2021-06-15 09:16:07,160.65,1880658
2021-06-15 09:16:08,160.7,1901938
2021-06-15 09:16:09,160.7,1920222
2021-06-15 09:16:10,160.6,1930601
2021-06-15 09:16:11,160.8,1944332
2021-06-15 09:16:12,160.7,1952456
2021-06-15 09:16:13,160.75,1960494
2021-06-15 09:16:14,160.55,1976018
2021-06-15 09:16:16,160.65,1992335
2021-06-15 09:16:17,160.65,2030813
2021-06-15 09:16:18,160.55,2063129
2021-06-15 09:16:19,160.35,2070726
2021-06-15 09:16:20,160.35,2081879
2021-06-15 09:16:21,160.55,2094005
2021-06-15 09:16:22,160.5,2108073
2021-06-15 09:16:23,160.45,2116907
2021-06-15 09:16:24,160.3,2121602
2021-06-15 09:16:25,160.1,2156749
2021-06-15 09:16:26,160.1,2161242
2021-06-15 09:16:27,160.3,2185443
2021-06-15 09:16:29,160.3,2219827
2021-06-15 09:16:30,160.55,2235263
2021-06-15 09:16:31,160.5,2271743
2021-06-15 09:16:32,160.4,2282137
2021-06-15 09:16:33,160.45,2301239
2021-06-15 09:16:34,160.45,2306487
2021-06-15 09:16:35,160.3,2311166
2021-06-15 09:16:36,160.35,2320759
2021-06-15 09:16:37,160.4,2327312
2021-06-15 09:16:38,160.4,2339670
2021-06-15 09:16:39,160.15,2344946
2021-06-15 09:16:42,160.35,2356338
2021-06-15 09:16:43,160.35,2364075
2021-06-15 09:16:45,160.5,2382179
2021-06-15 09:16:46,160.5,2393004
2021-06-15 09:16:47,160.55,2399743
2021-06-15 09:16:48,160.5,2406044
2021-06-15 09:16:49,160.45,2411627
2021-06-15 09:16:50,160.4,2421990
2021-06-15 09:16:52,160.45,2431807
2021-06-15 09:16:53,160.45,2436062
2021-06-15 09:16:54,160.2,2454172
2021-06-15 09:16:55,160.15,2499930
2021-06-15 09:16:56,160.2,2510060
2021-06-15 09:16:57,160.3,2519552
2021-06-15 09:16:58,160.35,2526006
2021-06-15 09:16:59,160.3,2532342
2021-06-15 09:17:00,160.35,2535976
2021-06-15 09:17:01,160.2,2540941
2021-06-15 09:17:02,160.35,2543265
2021-06-15 09:17:03,160.2,2554118
2021-06-15 09:17:04,160.15,2559341
2021-06-15 09:17:05,160.25,2561126
2021-06-15 09:17:06,160.3,2570117
2021-06-15 09:17:07,160.15,2581016
2021-06-15 09:17:09,160.1,2590320
2021-06-15 09:17:10,160.15,2593825
2021-06-15 09:17:11,160.2,2596439
2021-06-15 09:17:12,160.2,2602021
2021-06-15 09:17:13,160.15,2606678
2021-06-15 09:17:14,160.1,2612477
2021-06-15 09:17:15,160.1,2615857
2021-06-15 09:17:16,160.1,2622629
2021-06-15 09:17:17,160.05,2626578
2021-06-15 09:17:18,160.15,2628491
2021-06-15 09:17:19,160.1,2638220
2021-06-15 09:17:20,160.1,2644512
2021-06-15 09:17:21,160.15,2653444
2021-06-15 09:17:22,160.0,2658756
2021-06-15 09:17:23,160.15,2661059
2021-06-15 09:17:24,160.2,2661759
2021-06-15 09:17:25,160.0,2666963
2021-06-15 09:17:26,160.2,2690070
2021-06-15 09:17:27,160.0,2723224
2021-06-15 09:17:28,160.1,2734151
2021-06-15 09:17:29,160.1,2736804
2021-06-15 09:17:30,160.05,2741420
2021-06-15 09:17:31,160.1,2743596
2021-06-15 09:17:32,160.15,2746132
2021-06-15 09:17:33,160.0,2861265
2021-06-15 09:17:34,160.0,2871712
2021-06-15 09:17:35,160.0,2880060
2021-06-15 09:17:36,160.0,2887721
2021-06-15 09:17:37,159.95,2891055
2021-06-15 09:17:38,160.0,2893886
2021-06-15 09:17:39,159.85,2902047
2021-06-15 09:17:40,159.95,2908904
2021-06-15 09:17:41,159.85,2918778
2021-06-15 09:17:42,159.95,2925452
2021-06-15 09:17:43,160.0,2961578
2021-06-15 09:17:44,160.0,2963744
2021-06-15 09:17:45,159.9,2978735
2021-06-15 09:17:46,159.9,2979696
2021-06-15 09:17:48,159.9,2991403
2021-06-15 09:17:49,159.9,3003219
2021-06-15 09:17:50,159.75,3021922
2021-06-15 09:17:51,159.7,3030198
2021-06-15 09:17:52,159.65,3037313
2021-06-15 09:17:53,159.7,3043950
2021-06-15 09:17:54,159.6,3061357
2021-06-15 09:17:55,159.5,3068829
2021-06-15 09:17:56,159.65,3072419
2021-06-15 09:18:01,159.4,3191833
2021-06-15 09:18:02,159.5,3197777
2021-06-15 09:18:03,159.6,3205970
2021-06-15 09:18:04,159.6,3209318
2021-06-15 09:18:05,159.65,3213373
2021-06-15 09:18:06,159.6,3221896
2021-06-15 09:18:07,159.6,3224445
2021-06-15 09:18:08,159.6,3230481
2021-06-15 09:18:08,159.65,3232473
2021-06-15 09:18:09,159.65,3235422
2021-06-15 09:18:10,159.55,3260330
2021-06-15 09:18:11,159.6,3265453
2021-06-15 09:18:12,159.6,3276205
2021-06-15 09:18:13,159.75,3281332
2021-06-15 09:18:14,159.65,3282947
2021-06-15 09:18:15,159.65,3285046
2021-06-15 09:18:16,159.75,3285431
2021-06-15 09:18:17,159.8,3287291
2021-06-15 09:18:18,159.5,3354991
2021-06-15 09:18:19,159.5,3356219
2021-06-15 09:18:21,159.5,3370186
2021-06-15 09:18:22,159.45,3372247
2021-06-15 09:18:23,159.5,3379184
2021-06-15 09:18:24,159.35,3387056
2021-06-15 09:18:25,159.5,3391131
2021-06-15 09:18:26,159.5,3395969
2021-06-15 09:18:27,159.5,3397750
2021-06-15 09:18:28,159.55,3424209
2021-06-15 09:18:29,159.5,3426021
2021-06-15 09:18:30,159.5,3435131
2021-06-15 09:18:31,159.5,3438773
2021-06-15 09:18:32,159.4,3440123
2021-06-15 09:18:33,159.5,3441080
2021-06-15 09:18:34,159.55,3451509
2021-06-15 09:18:35,159.4,3453080
2021-06-15 09:18:36,159.6,3466971
2021-06-15 09:18:37,159.65,3470399
2021-06-15 09:18:38,159.65,3472750
2021-06-15 09:18:39,159.65,3492233
2021-06-15 09:18:40,159.55,3500189
2021-06-15 09:18:41,159.65,3506715
2021-06-15 09:18:42,159.55,3511777
2021-06-15 09:18:43,159.4,3567857
2021-06-15 09:18:44,159.5,3582605
2021-06-15 09:18:45,159.35,3584973
2021-06-15 09:18:46,159.35,3588963
2021-06-15 09:18:47,159.25,3636009
2021-06-15 09:18:49,159.4,3658373
2021-06-15 09:18:50,159.4,3665443
2021-06-15 09:18:55,159.4,3677263
2021-06-15 09:18:58,159.65,3715089
2021-06-15 09:18:59,159.6,3719685
2021-06-15 09:19:00,159.45,3726676
2021-06-15 09:19:01,159.4,3735581
2021-06-15 09:19:02,159.6,3745305
2021-06-15 09:19:04,159.55,3749840
2021-06-15 09:19:05,159.35,3762122
2021-06-15 09:19:06,159.45,3777713
2021-06-15 09:19:07,159.4,3779012
2021-06-15 09:19:08,159.5,3781418
2021-06-15 09:19:09,159.45,3786227
2021-06-15 09:19:10,159.5,3787627
2021-06-15 09:19:11,159.45,3788086
2021-06-15 09:19:12,159.5,3790075
2021-06-15 09:19:13,159.45,3793165
2021-06-15 09:19:14,159.45,3795630
2021-06-15 09:19:15,159.5,3806553
2021-06-15 09:19:16,159.5,3817098
2021-06-15 09:19:17,159.7,3824780
2021-06-15 09:19:18,159.7,3829929
2021-06-15 09:19:19,159.75,3833167
2021-06-15 09:19:20,159.6,3848916
2021-06-15 09:19:22,159.8,3862894
2021-06-15 09:19:23,159.85,3866994
2021-06-15 09:19:24,159.85,3888479
2021-06-15 09:19:25,159.85,3892228
2021-06-15 09:19:26,159.9,3898894
2021-06-15 09:19:27,159.8,3905566
2021-06-15 09:19:28,160.0,3930546
2021-06-15 09:19:29,159.95,3933014
2021-06-15 09:19:30,159.95,3949022
2021-06-15 09:19:31,159.9,3955333
2021-06-15 09:19:32,160.0,3969364
2021-06-15 09:19:33,159.9,3974939
2021-06-15 09:19:34,160.0,3985848
2021-06-15 09:19:35,160.0,3992276
2021-06-15 09:19:36,160.0,4014241
2021-06-15 09:19:37,159.95,4033108
2021-06-15 09:19:38,160.0,4041803
2021-06-15 09:19:39,159.8,4072034
2021-06-15 09:19:40,159.95,4079441
2021-06-15 09:19:41,159.95,4087319
2021-06-15 09:19:44,160.05,4099549
2021-06-15 09:19:45,160.05,4124838
2021-06-15 09:19:46,159.95,4128131
2021-06-15 09:19:47,159.9,4133836
2021-06-15 09:19:48,159.9,4139410
2021-06-15 09:19:48,159.8,4146007
2021-06-15 09:19:49,159.9,4157557
2021-06-15 09:19:51,159.9,4160218
2021-06-15 09:19:51,159.9,4161756
2021-06-15 09:19:52,159.75,4170818
2021-06-15 09:19:53,159.9,4173614
2021-06-15 09:19:55,159.85,4176363
2021-06-15 09:19:56,159.85,4177948
2021-06-15 09:19:57,159.9,4180686
2021-06-15 09:19:58,159.8,4185777
2021-06-15 09:19:59,159.85,4189899
2021-06-15 09:20:00,159.95,4197212
2021-06-15 09:20:01,159.95,4198853
2021-06-15 09:20:02,159.85,4199655
2021-06-15 09:20:03,159.9,4200202
2021-06-15 09:20:04,159.9,4200949
2021-06-15 09:20:05,159.9,4211327
2021-06-15 09:20:06,160.0,4212369
2021-06-15 09:20:07,159.9,4218954
2021-06-15 09:20:09,159.9,4227863
2021-06-15 09:20:10,160.0,4309736
2021-06-15 09:20:11,160.0,4314911
2021-06-15 09:20:13,160.0,4320147
2021-06-15 09:20:13,159.95,4322025
2021-06-15 09:20:14,160.0,4344348
2021-06-15 09:20:15,159.9,4350815
2021-06-15 09:20:16,159.8,4383047
2021-06-15 09:20:17,159.75,4406316
2021-06-15 09:20:18,159.75,4419983
2021-06-15 09:20:19,159.6,4438713
2021-06-15 09:20:20,159.6,4447079
2021-06-15 09:20:21,159.45,4500230
2021-06-15 09:20:22,159.5,4501948
2021-06-15 09:20:23,159.45,4513999
2021-06-15 09:20:24,159.55,4515058
2021-06-15 09:20:26,159.45,4520003
2021-06-15 09:20:27,159.4,4524171
2021-06-15 09:20:28,159.5,4533579
2021-06-15 09:20:29,159.45,4550918
2021-06-15 09:20:30,159.35,4555900
2021-06-15 09:20:31,159.4,4561839
2021-06-15 09:20:31,159.4,4563026
2021-06-15 09:20:32,159.45,4565086
2021-06-15 09:20:33,159.2,4737479
2021-06-15 09:20:34,159.1,4739104
2021-06-15 09:20:35,159.2,4746681
2021-06-15 09:20:36,159.05,4748367
2021-06-15 09:20:37,159.15,4755373
2021-06-15 09:20:38,159.0,4760218
2021-06-15 09:20:39,159.1,4775065
2021-06-15 09:20:40,158.85,4955862
2021-06-15 09:20:41,158.8,4967495
2021-06-15 09:20:42,158.9,4973199
2021-06-15 09:20:44,158.75,4978726
2021-06-15 09:20:45,158.85,4981314
2021-06-15 09:20:45,158.85,4982704
2021-06-15 09:20:46,158.7,4988345
2021-06-15 09:20:47,158.65,4995570
2021-06-15 09:20:49,158.85,5002876
2021-06-15 09:20:50,158.8,5004659
2021-06-15 09:20:51,158.7,5013348
2021-06-15 09:20:52,158.6,5029890
2021-06-15 09:20:53,158.7,5032542
2021-06-15 09:20:54,158.7,5041738
2021-06-15 09:20:55,158.7,5051022
2021-06-15 09:20:58,158.7,5113388
2021-06-15 09:21:03,158.8,5238368
2021-06-15 09:21:05,158.7,5253688
2021-06-15 09:21:11,158.5,5292037
2021-06-15 09:21:12,158.5,5302071
2021-06-15 09:21:13,158.6,5308836
2021-06-15 09:21:14,158.55,5328301
2021-06-15 09:21:15,158.55,5332294
2021-06-15 09:21:16,158.6,5333150
2021-06-15 09:21:17,158.75,5337878
2021-06-15 09:21:18,158.75,5338770
2021-06-15 09:21:19,158.6,5339771
2021-06-15 09:21:20,158.7,5340569
2021-06-15 09:21:22,158.75,5346359
2021-06-15 09:21:23,158.65,5350619
2021-06-15 09:21:23,158.6,5354399
2021-06-15 09:21:24,158.65,5357423
2021-06-15 09:21:25,158.75,5374717
2021-06-15 09:21:28,158.7,5386922
2021-06-15 09:21:31,158.65,5410642
2021-06-15 09:21:32,158.6,5418558
2021-06-15 09:21:33,158.7,5422013
2021-06-15 09:21:34,158.7,5425785
2021-06-15 09:21:38,158.6,5506856
2021-06-15 09:21:39,158.55,5514538
2021-06-15 09:21:40,158.65,5519175
2021-06-15 09:21:41,158.6,5525545
2021-06-15 09:21:41,158.55,5527868
2021-06-15 09:21:42,158.7,5534839
2021-06-15 09:21:43,158.6,5536327
2021-06-15 09:21:44,158.55,5540558
2021-06-15 09:21:45,158.5,5542799
2021-06-15 09:21:46,158.5,5545725
2021-06-15 09:21:48,158.55,5556043
2021-06-15 09:21:49,158.5,5562880
2021-06-15 09:21:50,158.5,5575223
2021-06-15 09:21:51,158.45,5586955
2021-06-15 09:21:53,158.45,5590589
2021-06-15 09:21:54,158.5,5595285
2021-06-15 09:21:55,158.45,5599613
2021-06-15 09:21:56,158.45,5610362
2021-06-15 09:21:57,158.35,5615951
2021-06-15 09:21:58,158.45,5626072
2021-06-15 09:21:59,158.4,5629516
2021-06-15 09:22:00,158.5,5632523
2021-06-15 09:22:01,158.5,5634268
2021-06-15 09:22:02,158.55,5641813
2021-06-15 09:22:02,158.5,5636376
2021-06-15 09:22:03,158.5,5648769
2021-06-15 09:22:04,158.4,5649849
2021-06-15 09:22:06,158.55,5654988
2021-06-15 09:22:07,158.45,5656230
2021-06-15 09:22:08,158.5,5665802
2021-06-15 09:22:09,158.5,5674512
2021-06-15 09:22:10,158.55,5676110
2021-06-15 09:22:11,158.5,5680226
2021-06-15 09:22:12,158.45,5682311
2021-06-15 09:22:13,158.5,5686095
2021-06-15 09:22:14,158.45,5686438
2021-06-15 09:22:15,158.6,5694228
2021-06-15 09:22:16,158.55,5697900
2021-06-15 09:22:17,158.55,5698322
2021-06-15 09:22:18,158.6,5702023
2021-06-15 09:22:19,158.65,5706858
2021-06-15 09:22:20,158.6,5712861
2021-06-15 09:22:21,158.65,5720431
2021-06-15 09:22:22,158.5,5734436
2021-06-15 09:22:23,158.65,5741159
2021-06-15 09:22:24,158.65,5741297
2021-06-15 09:22:26,158.55,5749320
2021-06-15 09:22:27,158.45,5767332
2021-06-15 09:22:29,158.6,5775973
2021-06-15 09:22:30,158.55,5789173
2021-06-15 09:22:31,158.65,5789650
2021-06-15 09:22:32,158.65,5790051
2021-06-15 09:22:33,158.55,5796692
2021-06-15 09:22:34,158.55,5800767
2021-06-15 09:22:35,158.6,5808427
2021-06-15 09:22:36,158.7,5811495
2021-06-15 09:22:37,158.65,5814594
2021-06-15 09:22:38,158.6,5816271
2021-06-15 09:22:39,158.6,5822219
2021-06-15 09:22:40,158.6,5827448
2021-06-15 09:22:41,158.6,5828071
2021-06-15 09:22:42,158.7,5835737
2021-06-15 09:22:43,158.6,5837651
2021-06-15 09:22:44,158.55,5840871
2021-06-15 09:22:45,158.45,5888353
2021-06-15 09:22:47,158.1,5996703
2021-06-15 09:22:48,158.2,6000156
2021-06-15 09:22:49,158.15,6002315
2021-06-15 09:22:50,158.25,6005446
2021-06-15 09:22:52,158.2,6013154
2021-06-15 09:22:54,158.25,6016625
2021-06-15 09:22:56,158.2,6029676
2021-06-15 09:22:57,158.35,6030997
2021-06-15 09:22:58,158.3,6035240
2021-06-15 09:22:59,158.25,6042234
2021-06-15 09:23:00,158.15,6048552
2021-06-15 09:23:01,158.15,6049408
2021-06-15 09:23:02,158.05,6071423
2021-06-15 09:23:03,158.1,6096807
2021-06-15 09:23:04,158.0,6102347
2021-06-15 09:23:05,158.0,6252120
2021-06-15 09:23:06,157.95,6255488
2021-06-15 09:23:07,157.95,6267191
2021-06-15 09:23:08,158.0,6270547
2021-06-15 09:23:09,157.75,6283728
2021-06-15 09:23:10,157.95,6292825
2021-06-15 09:23:11,157.9,6299856
2021-06-15 09:23:12,157.75,6369574
2021-06-15 09:23:12,157.75,6370174
2021-06-15 09:23:16,158.0,6517323
2021-06-15 09:23:17,158.0,6522821
2021-06-15 09:23:18,158.0,6528859
2021-06-15 09:23:19,158.05,6532683
2021-06-15 09:23:20,158.2,6539025
2021-06-15 09:23:21,158.2,6547429
2021-06-15 09:23:22,158.15,6561628
2021-06-15 09:23:23,158.15,6564542
2021-06-15 09:23:24,158.05,6569594
2021-06-15 09:23:25,158.05,6571693
2021-06-15 09:23:26,158.15,6573280
2021-06-15 09:23:27,158.05,6582005
2021-06-15 09:23:28,158.15,6585003
2021-06-15 09:23:29,158.2,6588464
2021-06-15 09:23:30,158.2,6589916
2021-06-15 09:23:31,158.1,6592514
2021-06-15 09:23:32,158.05,6603230
2021-06-15 09:23:33,158.0,6660905
2021-06-15 09:23:34,158.0,6664487
2021-06-15 09:23:35,158.15,6680251
2021-06-15 09:23:36,157.95,6710731
2021-06-15 09:23:37,158.0,6717677
2021-06-15 09:23:38,157.9,6730891
2021-06-15 09:23:39,157.75,6752577
2021-06-15 09:23:40,157.9,6757425
2021-06-15 09:23:41,157.95,6762862
2021-06-15 09:23:42,158.0,6770911
2021-06-15 09:23:43,157.85,6778671
2021-06-15 09:23:44,158.0,6780972
2021-06-15 09:23:45,158.0,6782402
2021-06-15 09:23:46,158.0,6787523
2021-06-15 09:23:47,157.9,6787976
2021-06-15 09:23:48,158.0,6792528
2021-06-15 09:23:49,158.0,6793073
2021-06-15 09:23:50,158.0,6796305
2021-06-15 09:23:51,157.95,6803768
2021-06-15 09:23:52,158.1,6805496
2021-06-15 09:23:53,158.0,6812090
2021-06-15 09:23:54,158.15,6815029
2021-06-15 09:23:55,158.2,6816078
2021-06-15 09:23:56,158.2,6820479
2021-06-15 09:23:57,158.2,6822015
2021-06-15 09:23:57,158.05,6822025
2021-06-15 09:23:58,158.15,6824964
2021-06-15 09:23:59,158.1,6840199
2021-06-15 09:24:01,158.15,6840973
2021-06-15 09:24:02,158.15,6843031
2021-06-15 09:24:03,158.05,6849019
2021-06-15 09:24:04,158.1,6850619
2021-06-15 09:24:05,158.25,6864603
2021-06-15 09:24:06,158.4,6868724
2021-06-15 09:24:07,158.4,6870597
2021-06-15 09:24:08,158.45,6873657
2021-06-15 09:24:09,158.45,6875050
2021-06-15 09:24:10,158.45,6886517
2021-06-15 09:24:11,158.3,6888502
2021-06-15 09:24:12,158.4,6891414
2021-06-15 09:24:13,158.45,6895050
2021-06-15 09:24:14,158.5,6939051
2021-06-15 09:24:15,158.45,6939251
2021-06-15 09:24:16,158.4,6942101
2021-06-15 09:24:17,158.5,6947438
2021-06-15 09:24:18,158.4,6966511
2021-06-15 09:24:19,158.4,6971256
2021-06-15 09:24:20,158.45,6976250
2021-06-15 09:24:21,158.45,6978413
2021-06-15 09:24:22,158.45,6981315
2021-06-15 09:24:23,158.5,6983651
2021-06-15 09:24:24,158.45,7001126
2021-06-15 09:24:25,158.45,7001844
2021-06-15 09:24:26,158.4,7006702
2021-06-15 09:24:27,158.4,7016606
2021-06-15 09:24:28,158.5,7022554
2021-06-15 09:24:29,158.4,7028407
2021-06-15 09:24:30,158.5,7029156
2021-06-15 09:24:31,158.5,7034493
2021-06-15 09:24:32,158.35,7043409
2021-06-15 09:24:33,158.5,7050633
2021-06-15 09:24:34,158.45,7056764
2021-06-15 09:24:35,158.45,7057782
2021-06-15 09:24:36,158.55,7059571
2021-06-15 09:24:37,158.55,7059981
2021-06-15 09:24:38,158.5,7061464
2021-06-15 09:24:39,158.55,7071602
2021-06-15 09:24:40,158.45,7083446
2021-06-15 09:24:41,158.4,7086120
2021-06-15 09:24:42,158.55,7092702
2021-06-15 09:24:43,158.55,7094125
2021-06-15 09:24:44,158.4,7114569
2021-06-15 09:24:45,158.45,7118388
2021-06-15 09:24:46,158.3,7139197
2021-06-15 09:24:47,158.25,7169882
2021-06-15 09:24:48,158.15,7171637
2021-06-15 09:24:49,158.35,7177484
2021-06-15 09:24:50,158.35,7180585
2021-06-15 09:24:51,158.35,7183014
2021-06-15 09:24:52,158.2,7183668
2021-06-15 09:24:53,158.4,7184724
2021-06-15 09:24:54,158.35,7184924
2021-06-15 09:24:55,158.4,7185326
2021-06-15 09:24:56,158.4,7187074
2021-06-15 09:24:57,158.35,7189109
2021-06-15 09:24:58,158.4,7189928
2021-06-15 09:24:59,158.3,7190973
2021-06-15 09:25:00,158.4,7193628
2021-06-15 09:25:01,158.4,7193798
2021-06-15 09:25:02,158.4,7194832
2021-06-15 09:25:03,158.4,7200799
2021-06-15 09:25:04,158.4,7202365
2021-06-15 09:25:05,158.4,7204606
2021-06-15 09:25:06,158.3,7206896
2021-06-15 09:25:07,158.4,7207507
2021-06-15 09:25:08,158.35,7208005
2021-06-15 09:25:09,158.4,7209781
2021-06-15 09:25:10,158.35,7213331
2021-06-15 09:25:11,158.35,7215855
2021-06-15 09:25:12,158.3,7217176
2021-06-15 09:25:13,158.35,7218022
2021-06-15 09:25:14,158.35,7223578
2021-06-15 09:25:15,158.4,7224344
2021-06-15 09:25:16,158.4,7228746
2021-06-15 09:25:19,158.35,7241606
2021-06-15 09:25:20,158.35,7246193
2021-06-15 09:25:21,158.4,7247830
2021-06-15 09:25:22,158.4,7249071
2021-06-15 09:25:23,158.4,7255983
2021-06-15 09:25:24,158.4,7257954
2021-06-15 09:25:25,158.4,7263493
2021-06-15 09:25:26,158.4,7263858
2021-06-15 09:25:27,158.4,7264104
2021-06-15 09:25:28,158.45,7278711
2021-06-15 09:25:29,158.45,7280658
2021-06-15 09:25:30,158.45,7282974
2021-06-15 09:25:31,158.55,7295512
2021-06-15 09:25:32,158.45,7296175
2021-06-15 09:25:33,158.45,7296641
2021-06-15 09:25:34,158.45,7297602
2021-06-15 09:25:35,158.45,7299555
2021-06-15 09:25:36,158.45,7301823
2021-06-15 09:25:37,158.55,7302438
2021-06-15 09:25:38,158.55,7302538
2021-06-15 09:25:39,158.55,7308083
2021-06-15 09:25:40,158.55,7313430
2021-06-15 09:25:41,158.55,7389662
2021-06-15 09:25:43,158.8,7407536
2021-06-15 09:25:44,158.85,7410044
2021-06-15 09:25:45,158.8,7414738
2021-06-15 09:25:46,158.85,7416242
2021-06-15 09:25:47,158.75,7437462
2021-06-15 09:25:48,158.8,7443462
2021-06-15 09:25:49,158.85,7444113
2021-06-15 09:25:50,158.85,7445268
2021-06-15 09:25:51,158.85,7447342
2021-06-15 09:25:52,158.95,7465723
2021-06-15 09:25:53,159.0,7473421
2021-06-15 09:25:54,159.0,7479560
2021-06-15 09:25:55,159.0,7487324
2021-06-15 09:25:56,159.0,7497439
2021-06-15 09:25:57,158.9,7501729
2021-06-15 09:25:58,159.0,7505752
2021-06-15 09:25:59,159.0,7510170
2021-06-15 09:26:00,159.0,7517436
2021-06-15 09:26:01,159.0,7521488
2021-06-15 09:26:02,159.0,7526124
2021-06-15 09:26:03,159.0,7526274
2021-06-15 09:26:04,159.0,7534874
2021-06-15 09:26:05,158.95,7538020
2021-06-15 09:26:07,158.95,7549680
2021-06-15 09:26:08,158.9,7551867
2021-06-15 09:26:14,158.95,7572662
2021-06-15 09:26:15,159.0,7579168
2021-06-15 09:26:16,159.15,7611588
2021-06-15 09:26:17,158.95,7623029
2021-06-15 09:26:18,158.95,7631836
2021-06-15 09:26:20,158.8,7710420
2021-06-15 09:26:21,158.75,7711837
2021-06-15 09:26:23,158.65,7715955
2021-06-15 09:26:23,158.8,7715323
2021-06-15 09:26:24,158.75,7719111
2021-06-15 09:26:25,158.7,7728320
2021-06-15 09:26:26,158.65,7728985
2021-06-15 09:26:27,158.65,7730101
2021-06-15 09:26:28,158.7,7730548
2021-06-15 09:26:29,158.75,7743540
2021-06-15 09:26:30,158.85,7744194
2021-06-15 09:26:31,158.85,7745312
2021-06-15 09:26:32,158.85,7745349
2021-06-15 09:26:33,158.8,7748673
2021-06-15 09:26:34,158.9,7751257
2021-06-15 09:26:35,158.9,7751415
2021-06-15 09:26:36,158.8,7752630
2021-06-15 09:26:37,158.9,7753062
2021-06-15 09:26:38,158.95,7753209
2021-06-15 09:26:39,158.95,7753438
2021-06-15 09:26:40,158.95,7754713
2021-06-15 09:26:41,158.9,7758093
2021-06-15 09:26:42,158.85,7796274
2021-06-15 09:26:43,158.85,7800180
2021-06-15 09:26:46,158.85,7804105
2021-06-15 09:26:49,158.8,7817137
2021-06-15 09:26:50,158.75,7819424
2021-06-15 09:26:52,158.8,7820322
2021-06-15 09:26:53,158.8,7821712
2021-06-15 09:26:53,158.8,7822412
2021-06-15 09:26:54,158.65,7842928
2021-06-15 09:26:55,158.6,7854910
2021-06-15 09:26:56,158.7,7855148
2021-06-15 09:26:57,158.7,7857866
2021-06-15 09:26:58,158.7,7858289
2021-06-15 09:26:59,158.7,7858356
2021-06-15 09:27:00,158.75,7859727
2021-06-15 09:27:02,158.75,7862289
2021-06-15 09:27:03,158.75,7862886
2021-06-15 09:27:04,158.75,7865143
2021-06-15 09:27:04,158.75,7865143
2021-06-15 09:27:05,158.75,7867859
2021-06-15 09:27:06,158.6,7889613
2021-06-15 09:27:07,158.6,7889683
2021-06-15 09:27:08,158.65,7889997
2021-06-15 09:27:09,158.65,7895561
2021-06-15 09:27:10,158.55,7897953
2021-06-15 09:27:11,158.7,7904527
2021-06-15 09:27:12,158.7,7906598
2021-06-15 09:27:13,158.7,7907853
2021-06-15 09:27:14,158.75,7913735
2021-06-15 09:27:15,158.7,7913935
2021-06-15 09:27:16,158.75,7917825
2021-06-15 09:27:18,158.75,7918892
2021-06-15 09:27:18,158.75,7918892
2021-06-15 09:27:19,158.7,7919000
2021-06-15 09:27:20,158.8,7924523
2021-06-15 09:27:21,158.7,7925138
2021-06-15 09:27:22,158.7,7930584
2021-06-15 09:27:23,158.8,7930611
2021-06-15 09:27:24,158.8,7930741
2021-06-15 09:27:25,158.8,7931091
2021-06-15 09:27:26,158.85,7933386
2021-06-15 09:27:27,158.8,7933696
2021-06-15 09:27:28,158.85,7936602
2021-06-15 09:27:29,158.75,7937467
2021-06-15 09:27:31,158.8,7944841
2021-06-15 09:27:32,158.8,7947643
2021-06-15 09:27:33,158.8,7948399
2021-06-15 09:27:34,158.8,7949905
2021-06-15 09:27:35,158.75,7951198
2021-06-15 09:27:36,158.7,7951624
2021-06-15 09:27:37,158.75,7952044
2021-06-15 09:27:38,158.75,7952977
2021-06-15 09:27:39,158.75,7953138
2021-06-15 09:27:40,158.8,7956182
2021-06-15 09:27:41,158.85,7957033
2021-06-15 09:27:42,158.85,7957144
2021-06-15 09:27:43,158.8,7960503
2021-06-15 09:27:44,158.75,7961290
2021-06-15 09:27:45,158.85,7962813
2021-06-15 09:27:46,158.75,7963123
2021-06-15 09:27:47,158.75,7963656
2021-06-15 09:27:48,158.75,7964292
2021-06-15 09:27:49,158.6,7972690
2021-06-15 09:27:50,158.7,7975480
2021-06-15 09:27:51,158.7,7976834
2021-06-15 09:27:53,158.65,7979644
2021-06-15 09:27:54,158.6,7980994
2021-06-15 09:27:55,158.7,7983308
2021-06-15 09:27:56,158.6,7983982
2021-06-15 09:27:57,158.7,7983984
2021-06-15 09:27:58,158.7,7986124
2021-06-15 09:27:59,158.7,7986696
2021-06-15 09:28:00,158.7,7988179
2021-06-15 09:28:01,158.7,7988236
2021-06-15 09:28:02,158.6,7994584
2021-06-15 09:28:03,158.7,7994757
2021-06-15 09:28:04,158.65,8001913
2021-06-15 09:28:05,158.6,8002188
2021-06-15 09:28:06,158.7,8002906
2021-06-15 09:28:07,158.75,8004142
2021-06-15 09:28:09,158.75,8005024
2021-06-15 09:28:10,158.8,8005335
2021-06-15 09:28:11,158.7,8006670
2021-06-15 09:28:12,158.8,8011670
2021-06-15 09:28:13,158.8,8012411
2021-06-15 09:28:14,158.75,8012447
2021-06-15 09:28:15,158.8,8013473
2021-06-15 09:28:16,158.8,8016966
2021-06-15 09:28:17,158.8,8023920
2021-06-15 09:28:18,158.75,8024193
2021-06-15 09:28:19,158.7,8025091
2021-06-15 09:28:20,158.8,8025149
2021-06-15 09:28:21,158.7,8025414
2021-06-15 09:28:22,158.7,8025720
2021-06-15 09:28:24,158.8,8026314
2021-06-15 09:28:25,158.75,8028400
2021-06-15 09:28:26,158.8,8032889
2021-06-15 09:28:27,158.8,8033276
2021-06-15 09:28:28,158.75,8034008
2021-06-15 09:28:29,158.8,8036903
2021-06-15 09:28:30,158.75,8037024
2021-06-15 09:28:32,158.8,8038930
2021-06-15 09:28:33,158.8,8039555
2021-06-15 09:28:34,158.8,8039560
2021-06-15 09:28:35,158.8,8039812
2021-06-15 09:28:36,158.8,8039912
2021-06-15 09:28:37,158.85,8046706
2021-06-15 09:28:38,158.8,8047244
2021-06-15 09:28:39,158.75,8048918
2021-06-15 09:28:40,158.8,8049916
2021-06-15 09:28:41,158.8,8050342
2021-06-15 09:28:43,158.85,8052758
2021-06-15 09:28:44,158.85,8052890
2021-06-15 09:28:45,158.75,8055638
2021-06-15 09:28:46,158.85,8057331
2021-06-15 09:28:47,158.85,8057535
2021-06-15 09:28:48,158.8,8057635
2021-06-15 09:28:50,158.8,8059885
2021-06-15 09:28:51,158.8,8060443
2021-06-15 09:28:52,158.85,8060499
2021-06-15 09:28:53,158.85,8060560
2021-06-15 09:28:54,158.85,8062109
2021-06-15 09:28:55,158.9,8062585
2021-06-15 09:28:56,158.85,8062597
2021-06-15 09:28:57,158.9,8062613
2021-06-15 09:28:58,158.9,8063222
2021-06-15 09:28:59,158.9,8063438
2021-06-15 09:29:00,158.9,8067689
2021-06-15 09:29:01,158.9,8067792
2021-06-15 09:29:02,158.9,8067884
2021-06-15 09:29:04,158.8,8072085
2021-06-15 09:29:04,158.9,8073131
2021-06-15 09:29:05,158.9,8073381
2021-06-15 09:29:06,158.85,8074741
2021-06-15 09:29:07,158.9,8075191
2021-06-15 09:29:08,158.85,8075266
2021-06-15 09:29:11,158.9,8081765
2021-06-15 09:29:11,158.9,8082631
2021-06-15 09:29:12,158.95,8084381
2021-06-15 09:29:13,158.95,8084448
2021-06-15 09:29:14,158.95,8085928
2021-06-15 09:29:15,158.9,8086779
2021-06-15 09:29:16,158.9,8087392
2021-06-15 09:29:17,158.95,8091467
2021-06-15 09:29:18,159.0,8092478
2021-06-15 09:29:19,158.95,8092780
2021-06-15 09:29:20,159.0,8094582
2021-06-15 09:29:21,159.0,8094913
2021-06-15 09:29:23,158.95,8098007
2021-06-15 09:29:24,158.95,8098315
2021-06-15 09:29:24,159.0,8098339
2021-06-15 09:29:25,158.95,8106625
2021-06-15 09:29:27,159.0,8107676
2021-06-15 09:29:28,158.95,8108081
2021-06-15 09:29:29,159.0,8108959
2021-06-15 09:29:30,159.0,8113263
2021-06-15 09:29:31,159.0,8114179
2021-06-15 09:29:32,159.0,8116629
2021-06-15 09:29:33,159.0,8116894
2021-06-15 09:29:34,159.0,8116935
2021-06-15 09:29:35,158.95,8155519
2021-06-15 09:29:36,158.95,8155898
2021-06-15 09:29:37,159.0,8157660
2021-06-15 09:29:38,158.95,8157884
2021-06-15 09:29:39,159.0,8157934
2021-06-15 09:29:40,159.0,8161075
2021-06-15 09:29:41,158.95,8164783
2021-06-15 09:29:42,159.0,8166423
2021-06-15 09:29:43,158.85,8184625
2021-06-15 09:29:44,158.75,8224322
2021-06-15 09:29:45,158.75,8226969
2021-06-15 09:29:46,158.8,8230529
2021-06-15 09:29:47,158.8,8235801
2021-06-15 09:29:47,158.8,8236298
2021-06-15 09:29:49,158.75,8236714
2021-06-15 09:29:50,158.8,8236717
2021-06-15 09:29:51,158.7,8242798
2021-06-15 09:29:52,158.8,8268598
2021-06-15 09:29:53,158.7,8272763
2021-06-15 09:29:54,158.65,8272932
2021-06-15 09:29:55,158.65,8285877
2021-06-15 09:29:56,158.65,8286063
2021-06-15 09:29:57,158.5,8296770
2021-06-15 09:29:58,158.6,8300095
2021-06-15 09:29:59,158.4,8360107
2021-06-15 09:29:59,158.45,8360763
2021-06-15 09:30:00,158.4,8367893
2021-06-15 09:30:01,158.3,8369865
2021-06-15 09:30:02,158.35,8371572
2021-06-15 09:30:03,158.3,8377938
2021-06-15 09:30:04,158.35,8378977
2021-06-15 09:30:06,158.55,8447595
2021-06-15 09:30:06,158.35,8475443
2021-06-15 09:30:07,158.25,8498906
2021-06-15 09:30:08,158.3,8502323
2021-06-15 09:30:09,158.3,8502623
2021-06-15 09:30:10,158.45,8507187
2021-06-15 09:30:11,158.35,8509843
2021-06-15 09:30:12,158.45,8512418
2021-06-15 09:30:13,158.4,8513964
2021-06-15 09:30:14,158.5,8514305
2021-06-15 09:30:15,158.5,8514547
2021-06-15 09:30:17,158.45,8530554
2021-06-15 09:30:18,158.45,8533342
2021-06-15 09:30:19,158.45,8537242
2021-06-15 09:30:20,158.45,8537590
2021-06-15 09:30:20,158.45,8538499
2021-06-15 09:30:21,158.55,8549578
2021-06-15 09:30:22,158.65,8551044
2021-06-15 09:30:23,158.55,8551261
2021-06-15 09:30:26,158.7,8552140
2021-06-15 09:30:27,158.7,8555147
2021-06-15 09:30:28,158.7,8555485
2021-06-15 09:30:29,158.7,8555541
2021-06-15 09:30:30,158.6,8556698
2021-06-15 09:30:31,158.65,8559055
2021-06-15 09:30:32,158.75,8559612
2021-06-15 09:30:33,158.7,8560878
2021-06-15 09:30:34,158.75,8560993
2021-06-15 09:30:35,158.75,8563313
2021-06-15 09:30:36,158.85,8604896
2021-06-15 09:30:37,158.9,8605689
2021-06-15 09:30:38,158.8,8605911
2021-06-15 09:30:39,158.85,8612370
2021-06-15 09:30:40,158.85,8614860
2021-06-15 09:30:41,158.75,8619937
2021-06-15 09:30:42,158.75,8620035
2021-06-15 09:30:43,158.8,8620170
2021-06-15 09:30:44,158.85,8621570
2021-06-15 09:30:45,158.85,8621784
2021-06-15 09:30:46,158.85,8621868
2021-06-15 09:30:47,158.8,8627310
2021-06-15 09:30:48,158.85,8628196
2021-06-15 09:30:49,158.9,8636199
2021-06-15 09:30:50,158.9,8639190
2021-06-15 09:30:51,158.95,8640679
2021-06-15 09:30:52,158.85,8640859
2021-06-15 09:30:53,158.95,8641056
2021-06-15 09:30:54,158.95,8641142
2021-06-15 09:30:55,158.95,8641504
2021-06-15 09:30:56,158.95,8641743
2021-06-15 09:30:56,158.95,8641993
2021-06-15 09:30:57,158.95,8642473
2021-06-15 09:30:58,158.9,8643083
2021-06-15 09:30:59,158.95,8647782
2021-06-15 09:31:00,158.95,8649506
2021-06-15 09:31:01,158.95,8652353
2021-06-15 09:31:08,159.05,8697599
2021-06-15 09:31:12,159.2,8718959
2021-06-15 09:31:13,159.05,8724394
2021-06-15 09:31:14,159.15,8726363
2021-06-15 09:31:15,159.05,8727213
2021-06-15 09:31:16,159.1,8732613
2021-06-15 09:31:17,159.1,8733713
2021-06-15 09:31:18,159.15,8735696
2021-06-15 09:31:19,159.1,8736515
2021-06-15 09:31:20,159.05,8742018
2021-06-15 09:31:21,159.05,8744819
2021-06-15 09:31:21,159.05,8745071
2021-06-15 09:31:22,159.0,8745794
2021-06-15 09:31:23,159.05,8748442
2021-06-15 09:31:24,159.05,8749409
2021-06-15 09:31:25,159.15,8749659
2021-06-15 09:31:26,159.15,8749925
2021-06-15 09:31:27,159.15,8752975
2021-06-15 09:31:28,159.15,8753633
2021-06-15 09:31:29,159.05,8759838
2021-06-15 09:31:30,159.05,8761938
2021-06-15 09:31:31,159.15,8763313
2021-06-15 09:31:32,159.15,8764128
2021-06-15 09:31:36,159.35,8818323
2021-06-15 09:31:37,159.3,8819479
2021-06-15 09:31:38,159.4,8822226
2021-06-15 09:31:39,159.3,8822732
2021-06-15 09:31:40,159.35,8827054
2021-06-15 09:31:41,159.3,8827902
2021-06-15 09:31:42,159.35,8828187
2021-06-15 09:31:43,159.25,8834237
2021-06-15 09:31:44,159.25,8835058
2021-06-15 09:31:45,159.35,8835690
2021-06-15 09:31:46,159.2,8837556
2021-06-15 09:31:47,159.35,8840290
2021-06-15 09:31:48,159.2,8840850
2021-06-15 09:31:49,159.3,8843818
2021-06-15 09:31:50,159.35,8853244
2021-06-15 09:31:51,159.4,8853642
2021-06-15 09:31:52,159.45,8855356
2021-06-15 09:31:53,159.4,8858374
2021-06-15 09:31:54,159.4,8860137
2021-06-15 09:31:55,159.35,8861727
2021-06-15 09:31:56,159.35,8862251
2021-06-15 09:31:57,159.4,8862410
2021-06-15 09:31:58,159.4,8863750
2021-06-15 09:31:59,159.4,8865234
2021-06-15 09:32:00,159.35,8870877
2021-06-15 09:32:01,159.35,8873037
2021-06-15 09:32:02,159.35,8876352
2021-06-15 09:32:03,159.35,8881803
2021-06-15 09:32:04,159.35,8882421
2021-06-15 09:32:05,159.35,8883811
2021-06-15 09:32:06,159.25,8885834
2021-06-15 09:32:07,159.35,8886741
2021-06-15 09:32:08,159.35,8888154
2021-06-15 09:32:09,159.35,8890352
2021-06-15 09:32:10,159.35,8890719
2021-06-15 09:32:12,159.2,8901734
2021-06-15 09:32:13,159.2,8902056
2021-06-15 09:32:14,159.1,9006455
2021-06-15 09:32:15,159.1,9007862
2021-06-15 09:32:16,159.1,9013360
2021-06-15 09:32:16,159.2,9013912
2021-06-15 09:32:17,159.05,9019319
2021-06-15 09:32:18,159.2,9019939
2021-06-15 09:32:19,159.2,9021670
2021-06-15 09:32:20,159.1,9023223
2021-06-15 09:32:22,159.15,9024264
2021-06-15 09:32:23,159.2,9024984
2021-06-15 09:32:24,159.1,9028783
2021-06-15 09:32:25,159.2,9028876
2021-06-15 09:32:26,159.1,9035325
2021-06-15 09:32:27,159.25,9037700
2021-06-15 09:32:28,159.2,9038217
2021-06-15 09:32:29,159.15,9038587
2021-06-15 09:32:30,159.1,9039253
2021-06-15 09:32:31,159.2,9040288
2021-06-15 09:32:31,159.2,9041005
2021-06-15 09:32:33,159.15,9043452
2021-06-15 09:32:35,159.1,9047342
2021-06-15 09:32:36,159.1,9054221
2021-06-15 09:32:38,159.2,9057232
2021-06-15 09:32:39,159.1,9059284
2021-06-15 09:32:43,159.15,9061975
2021-06-15 09:32:44,159.1,9062100
2021-06-15 09:32:46,159.2,9062748
2021-06-15 09:32:47,159.2,9064316
2021-06-15 09:32:48,159.1,9066114
2021-06-15 09:32:49,159.15,9066327
2021-06-15 09:32:51,159.2,9066557
2021-06-15 09:32:52,159.2,9067231
2021-06-15 09:32:53,159.2,9068542
2021-06-15 09:32:54,159.2,9069020
2021-06-15 09:32:56,159.1,9069588
2021-06-15 09:32:57,159.2,9071498
2021-06-15 09:32:58,159.2,9074059
2021-06-15 09:32:59,159.2,9074592
2021-06-15 09:33:00,159.2,9075621
2021-06-15 09:33:01,159.2,9084177
2021-06-15 09:33:02,159.0,9109683
2021-06-15 09:33:03,159.05,9109802
2021-06-15 09:33:04,158.8,9167409
2021-06-15 09:33:05,159.05,9222868
2021-06-15 09:33:06,159.15,9223503
2021-06-15 09:33:07,159.05,9224348
2021-06-15 09:33:08,159.1,9225248
2021-06-15 09:33:09,159.1,9225498
2021-06-15 09:33:10,159.1,9225774
2021-06-15 09:33:11,159.1,9225830
2021-06-15 09:33:12,159.05,9226343
2021-06-15 09:33:13,159.05,9226801
2021-06-15 09:33:14,159.15,9227071
2021-06-15 09:33:15,159.2,9244516
2021-06-15 09:33:16,159.2,9245745
2021-06-15 09:33:17,159.2,9245770
2021-06-15 09:33:18,159.15,9245878
2021-06-15 09:33:19,159.15,9246403
2021-06-15 09:33:20,159.15,9247024
2021-06-15 09:33:21,159.2,9247630
2021-06-15 09:33:22,159.2,9248930
2021-06-15 09:33:23,159.15,9249687
2021-06-15 09:33:24,159.2,9250156
2021-06-15 09:33:25,159.15,9251167
2021-06-15 09:33:26,159.15,9251240
2021-06-15 09:33:27,159.2,9251537
2021-06-15 09:33:28,159.2,9252661
2021-06-15 09:33:29,159.1,9252724
2021-06-15 09:33:30,159.2,9260694
2021-06-15 09:33:31,159.2,9261324
2021-06-15 09:33:32,159.2,9263133
2021-06-15 09:33:33,159.15,9264204
2021-06-15 09:33:34,159.1,9264313
2021-06-15 09:33:35,159.15,9264883
2021-06-15 09:33:36,159.15,9264884
2021-06-15 09:33:37,159.15,9264964
2021-06-15 09:33:39,159.2,9267423
2021-06-15 09:33:40,159.15,9268544
2021-06-15 09:33:41,159.15,9272969
2021-06-15 09:33:42,159.3,9279209
2021-06-15 09:33:43,159.2,9279759
2021-06-15 09:33:44,159.25,9280061
2021-06-15 09:33:45,159.15,9290128
2021-06-15 09:33:46,159.05,9293487
2021-06-15 09:33:47,159.1,9294936
2021-06-15 09:33:48,159.0,9322765
2021-06-15 09:33:49,159.0,9323840
2021-06-15 09:33:50,158.95,9324406
2021-06-15 09:33:51,158.95,9324960
2021-06-15 09:33:52,159.0,9326376
2021-06-15 09:33:53,159.05,9327580
2021-06-15 09:33:54,158.95,9330144
2021-06-15 09:33:55,159.0,9330212
2021-06-15 09:33:56,159.05,9330641
2021-06-15 09:33:57,158.95,9341330
2021-06-15 09:33:58,158.95,9342915
2021-06-15 09:33:59,158.95,9343258
2021-06-15 09:34:00,158.95,9343934
2021-06-15 09:34:01,158.95,9345309
2021-06-15 09:34:02,158.9,9345405
2021-06-15 09:34:03,159.1,9405749
2021-06-15 09:34:04,159.0,9408830
2021-06-15 09:34:05,159.0,9408880
2021-06-15 09:34:07,159.0,9412282
2021-06-15 09:34:08,158.95,9412507
2021-06-15 09:34:09,158.95,9412899
2021-06-15 09:34:12,158.9,9425154
2021-06-15 09:34:13,158.85,9429314
2021-06-15 09:34:15,158.85,9431202
2021-06-15 09:34:16,158.9,9432554
2021-06-15 09:34:17,158.9,9432575
2021-06-15 09:34:18,158.9,9432575
2021-06-15 09:34:19,158.9,9433738
2021-06-15 09:34:20,158.9,9434149
2021-06-15 09:34:21,158.9,9434535
2021-06-15 09:34:22,158.9,9434823
2021-06-15 09:34:23,158.95,9436047
2021-06-15 09:34:24,158.9,9448171
2021-06-15 09:34:25,158.9,9448498
2021-06-15 09:34:26,158.85,9450173
2021-06-15 09:34:27,158.8,9450430
2021-06-15 09:34:28,158.9,9451487
2021-06-15 09:34:29,158.85,9452381
2021-06-15 09:34:30,158.85,9452884
2021-06-15 09:34:31,158.85,9453976
2021-06-15 09:34:32,158.8,9460468
2021-06-15 09:34:33,158.85,9466477
2021-06-15 09:34:34,158.9,9467677
2021-06-15 09:34:35,158.85,9467877
2021-06-15 09:34:36,158.9,9468428
2021-06-15 09:34:37,158.85,9469020
2021-06-15 09:34:39,158.9,9469404
2021-06-15 09:34:40,158.8,9469817
2021-06-15 09:34:41,158.9,9470557
2021-06-15 09:34:43,158.9,9472132
2021-06-15 09:34:44,158.75,9474442
2021-06-15 09:34:45,158.85,9474458
2021-06-15 09:34:46,158.8,9475615
2021-06-15 09:34:47,158.8,9475625
2021-06-15 09:34:48,158.9,9476116
2021-06-15 09:34:49,158.9,9476186
2021-06-15 09:34:51,158.85,9485412
2021-06-15 09:34:52,158.95,9486113
2021-06-15 09:34:53,158.85,9487751
2021-06-15 09:34:54,158.85,9487751
2021-06-15 09:34:55,158.9,9488361
2021-06-15 09:34:56,158.85,9496352
2021-06-15 09:34:57,158.85,9496657
2021-06-15 09:34:58,158.85,9496762
2021-06-15 09:34:59,158.85,9497232
2021-06-15 09:35:00,158.85,9497661
2021-06-15 09:35:01,158.55,9559298
2021-06-15 09:35:02,158.75,9566270
2021-06-15 09:35:03,158.75,9566372
2021-06-15 09:35:04,158.75,9566492
2021-06-15 09:35:05,158.75,9567959
2021-06-15 09:35:06,158.75,9568340
2021-06-15 09:35:07,158.75,9569147
2021-06-15 09:35:08,158.8,9569311
2021-06-15 09:35:09,158.8,9569611
2021-06-15 09:35:10,158.8,9569821
2021-06-15 09:35:11,158.75,9570364
2021-06-15 09:35:12,158.7,9572670
2021-06-15 09:35:13,158.7,9572695
2021-06-15 09:35:14,158.8,9572712
2021-06-15 09:35:15,158.8,9573224
2021-06-15 09:35:16,158.75,9574735
2021-06-15 09:35:17,158.75,9574760
2021-06-15 09:35:18,158.75,9574813
2021-06-15 09:35:19,158.75,9575103
2021-06-15 09:35:20,158.75,9575103
2021-06-15 09:35:21,158.9,9581075
2021-06-15 09:35:22,158.9,9584324
2021-06-15 09:35:23,158.85,9598549
2021-06-15 09:35:24,158.95,9600549
2021-06-15 09:35:25,158.95,9600556
2021-06-15 09:35:26,158.9,9601004
2021-06-15 09:35:27,158.95,9601141
2021-06-15 09:35:28,158.95,9601363
2021-06-15 09:35:29,158.85,9602405
2021-06-15 09:35:30,158.95,9602501
2021-06-15 09:35:31,158.9,9602849
2021-06-15 09:35:32,158.95,9603049
2021-06-15 09:35:34,158.9,9603865
2021-06-15 09:35:35,158.95,9603981
2021-06-15 09:35:36,158.95,9604305
2021-06-15 09:35:37,158.95,9604517
2021-06-15 09:35:38,158.9,9606542
2021-06-15 09:35:39,158.9,9606752
2021-06-15 09:35:40,158.95,9607370
2021-06-15 09:35:41,158.95,9609767
2021-06-15 09:35:42,159.0,9609842
2021-06-15 09:35:43,158.95,9610043
2021-06-15 09:35:44,158.95,9610113
2021-06-15 09:35:45,158.9,9611049
2021-06-15 09:35:46,158.95,9611290
2021-06-15 09:35:47,158.95,9611832
2021-06-15 09:35:48,159.0,9612149
2021-06-15 09:35:49,159.0,9612825
2021-06-15 09:35:50,158.95,9613407
2021-06-15 09:35:51,159.0,9613606
2021-06-15 09:35:52,158.95,9614652
2021-06-15 09:35:53,158.9,9615344
2021-06-15 09:35:54,159.0,9616685
2021-06-15 09:35:55,158.95,9617788
2021-06-15 09:35:56,158.95,9617938
2021-06-15 09:35:57,158.95,9619804
2021-06-15 09:35:59,159.0,9620260
2021-06-15 09:36:01,158.95,9623508
2021-06-15 09:36:02,159.05,9623567
2021-06-15 09:36:03,158.9,9654411
2021-06-15 09:36:05,158.9,9657593
2021-06-15 09:36:06,158.9,9658073
2021-06-15 09:36:07,158.95,9668738
2021-06-15 09:36:08,158.95,9668975
2021-06-15 09:36:09,158.95,9669065
2021-06-15 09:36:10,158.95,9669073
2021-06-15 09:36:11,158.95,9669923
2021-06-15 09:36:12,158.95,9670134
2021-06-15 09:36:14,158.95,9671703
2021-06-15 09:36:16,159.0,9672037
2021-06-15 09:36:17,159.0,9672087
2021-06-15 09:36:18,158.9,9672118
2021-06-15 09:36:19,159.0,9672858
2021-06-15 09:36:20,159.0,9675809
2021-06-15 09:36:21,158.95,9675847
2021-06-15 09:36:22,159.0,9676227
2021-06-15 09:36:23,158.95,9676327
2021-06-15 09:36:24,159.0,9677087
2021-06-15 09:36:25,158.9,9677363
2021-06-15 09:36:26,159.0,9677697
2021-06-15 09:36:27,159.05,9678598
2021-06-15 09:36:28,159.05,9678739
2021-06-15 09:36:30,159.05,9678814
2021-06-15 09:36:31,159.05,9678814
2021-06-15 09:36:32,159.05,9678854
2021-06-15 09:36:33,159.1,9679038
2021-06-15 09:36:34,159.1,9679101
2021-06-15 09:36:35,159.05,9680471
2021-06-15 09:36:36,159.05,9680471
2021-06-15 09:36:37,159.05,9680771
2021-06-15 09:36:38,159.05,9680821
2021-06-15 09:36:39,159.0,9681460
2021-06-15 09:36:40,159.0,9681472
2021-06-15 09:36:41,159.05,9681492
2021-06-15 09:36:42,159.05,9681970
2021-06-15 09:36:43,159.0,9682339
2021-06-15 09:36:44,159.0,9682340
2021-06-15 09:36:45,159.05,9683722
2021-06-15 09:36:46,159.0,9683982
2021-06-15 09:36:47,159.0,9687152
2021-06-15 09:36:48,159.0,9689161
2021-06-15 09:36:49,159.0,9689386
2021-06-15 09:36:50,158.95,9689431
2021-06-15 09:36:51,159.0,9693021
2021-06-15 09:36:52,158.95,9700238
2021-06-15 09:36:53,158.95,9700239
2021-06-15 09:36:54,158.95,9700266
2021-06-15 09:36:55,158.95,9700324
2021-06-15 09:36:56,158.95,9700394
2021-06-15 09:36:57,158.9,9701095
2021-06-15 09:36:58,158.9,9701975
2021-06-15 09:36:59,158.8,9702879
2021-06-15 09:37:00,158.85,9704038
2021-06-15 09:37:01,158.85,9704151
2021-06-15 09:37:02,158.8,9704171
2021-06-15 09:37:03,158.85,9704287
2021-06-15 09:37:04,158.85,9704398
2021-06-15 09:37:05,158.85,9704518
2021-06-15 09:37:06,158.85,9705392
2021-06-15 09:37:07,158.85,9705543
2021-06-15 09:37:08,158.8,9726350
2021-06-15 09:37:09,158.8,9726350
2021-06-15 09:37:10,158.75,9730951
2021-06-15 09:37:11,158.75,9730952
2021-06-15 09:37:12,158.75,9731289
2021-06-15 09:37:14,158.7,9761586
2021-06-15 09:37:15,158.8,9766692
2021-06-15 09:37:16,158.8,9767092
2021-06-15 09:37:17,158.8,9769331
2021-06-15 09:37:18,158.85,9770151
2021-06-15 09:37:19,158.8,9770208
2021-06-15 09:37:20,158.85,9770879
2021-06-15 09:37:21,158.85,9771479
2021-06-15 09:37:22,158.8,9771559
2021-06-15 09:37:23,158.8,9771649
2021-06-15 09:37:26,158.9,9774180
2021-06-15 09:37:27,158.9,9774284
2021-06-15 09:37:28,158.9,9774534
2021-06-15 09:37:29,158.9,9775040
2021-06-15 09:37:30,158.85,9775083
2021-06-15 09:37:31,158.9,9776119
2021-06-15 09:37:32,158.85,9781239
2021-06-15 09:37:33,158.85,9781557
2021-06-15 09:37:34,158.5,9855034
2021-06-15 09:37:35,158.7,9856239
2021-06-15 09:37:36,158.7,9857439
2021-06-15 09:37:37,158.6,9857954
2021-06-15 09:37:38,158.75,9862383
2021-06-15 09:37:39,158.75,9862581
2021-06-15 09:37:40,158.75,9862664
2021-06-15 09:37:41,158.75,9863301
2021-06-15 09:37:42,158.7,9863635
2021-06-15 09:37:43,158.55,9871918
2021-06-15 09:37:44,158.6,9873111
2021-06-15 09:37:45,158.7,9873441
2021-06-15 09:37:46,158.6,9873608
2021-06-15 09:37:48,158.65,9874108
2021-06-15 09:37:49,158.6,9874933
2021-06-15 09:37:50,158.65,9875957
2021-06-15 09:37:51,158.65,9876658
2021-06-15 09:37:52,158.65,9876668
2021-06-15 09:37:53,158.6,9877735
2021-06-15 09:37:54,158.65,9878033
2021-06-15 09:37:55,158.65,9879443
2021-06-15 09:37:56,158.65,9880043
2021-06-15 09:37:57,158.65,9880247
2021-06-15 09:37:58,158.65,9880737
2021-06-15 09:37:59,158.65,9881644
2021-06-15 09:38:01,158.65,9882054
2021-06-15 09:38:02,158.65,9882069
2021-06-15 09:38:03,158.65,9882109
2021-06-15 09:38:03,158.65,9882109
2021-06-15 09:38:04,158.7,9883134
2021-06-15 09:38:05,158.65,9883190
2021-06-15 09:38:06,158.75,9884666
2021-06-15 09:38:09,158.75,9886451
2021-06-15 09:38:10,158.75,9886523
2021-06-15 09:38:11,158.75,9886923
2021-06-15 09:38:12,158.7,9887633
2021-06-15 09:38:13,158.8,9889045
2021-06-15 09:38:15,158.85,9893237
2021-06-15 09:38:16,158.75,9893515
2021-06-15 09:38:16,158.75,9893515
2021-06-15 09:38:17,158.75,9893657
2021-06-15 09:38:18,158.75,9893811
2021-06-15 09:38:19,158.75,9893836
2021-06-15 09:38:20,158.85,9894665
2021-06-15 09:38:21,158.85,9894675
2021-06-15 09:38:22,158.8,9895875
2021-06-15 09:38:23,158.85,9896459
2021-06-15 09:38:24,158.85,9896461
2021-06-15 09:38:25,158.9,9903120
2021-06-15 09:38:26,158.85,9903195
2021-06-15 09:38:27,158.9,9903795
2021-06-15 09:38:28,158.8,9904273
2021-06-15 09:38:29,158.8,9904318
2021-06-15 09:38:30,158.8,9904390
2021-06-15 09:38:31,158.75,9905090
2021-06-15 09:38:32,158.8,9905227
2021-06-15 09:38:33,158.8,9905328
2021-06-15 09:38:34,158.9,9905390
2021-06-15 09:38:36,158.9,9905412
2021-06-15 09:38:36,158.9,9905412
2021-06-15 09:38:37,158.9,9906906
2021-06-15 09:38:39,158.8,9907457
2021-06-15 09:38:40,158.8,9908864
2021-06-15 09:38:41,158.8,9908937
2021-06-15 09:38:43,158.85,9912398
2021-06-15 09:38:44,158.85,9912799
2021-06-15 09:38:45,158.85,9912799
2021-06-15 09:38:46,158.8,9913254
2021-06-15 09:38:47,158.8,9913510
2021-06-15 09:38:48,158.9,9913852
2021-06-15 09:38:49,158.85,9914233
2021-06-15 09:38:51,158.75,9914309
2021-06-15 09:38:52,158.75,9914539
2021-06-15 09:38:53,158.8,9915101
2021-06-15 09:38:53,158.8,9915101
2021-06-15 09:38:54,158.8,9916774
2021-06-15 09:38:56,158.75,9917953
2021-06-15 09:38:57,158.8,9918278
2021-06-15 09:38:59,158.75,9918336
2021-06-15 09:39:00,158.75,9918946
2021-06-15 09:39:01,158.8,9920203
2021-06-15 09:39:02,158.75,9920307
2021-06-15 09:39:03,158.8,9922817
2021-06-15 09:39:04,158.8,9923087
2021-06-15 09:39:05,158.8,9923087
2021-06-15 09:39:06,158.8,9923593
2021-06-15 09:39:06,158.8,9923293
2021-06-15 09:39:07,158.8,9923598
2021-06-15 09:39:08,158.8,9924613
2021-06-15 09:39:09,158.8,9924823
2021-06-15 09:39:10,158.75,9924918
2021-06-15 09:39:11,158.8,9925166
2021-06-15 09:39:12,158.8,9925169
2021-06-15 09:39:13,158.75,9925433
2021-06-15 09:39:14,158.75,9925436
2021-06-15 09:39:16,158.7,9928781
2021-06-15 09:39:17,158.75,9929278
2021-06-15 09:39:20,158.65,9932457
2021-06-15 09:39:20,158.7,9932560
2021-06-15 09:39:22,158.65,9933136
2021-06-15 09:39:23,158.7,9934469
2021-06-15 09:39:24,158.7,9935729
2021-06-15 09:39:25,158.7,9937116
2021-06-15 09:39:26,158.65,9937491
2021-06-15 09:39:27,158.65,9937612
2021-06-15 09:39:28,158.7,9938112
2021-06-15 09:39:28,158.75,9938293
2021-06-15 09:39:29,158.75,9938785
2021-06-15 09:39:30,158.75,9939068
2021-06-15 09:39:31,158.7,9939286
2021-06-15 09:39:33,158.75,9939599
2021-06-15 09:39:35,158.7,9940268
2021-06-15 09:39:36,158.65,9940768
2021-06-15 09:39:36,158.65,9940768
2021-06-15 09:39:38,158.75,9959025
2021-06-15 09:39:39,158.7,9959177
2021-06-15 09:39:39,158.7,9959177
2021-06-15 09:39:40,158.8,9959178
2021-06-15 09:39:41,158.8,9959310
2021-06-15 09:39:42,158.75,9962427
2021-06-15 09:39:44,158.7,9962694
2021-06-15 09:39:44,158.7,9962794
2021-06-15 09:39:45,158.75,9963194
2021-06-15 09:39:46,158.75,9963194
2021-06-15 09:39:47,158.7,9964371
2021-06-15 09:39:48,158.7,9964821
2021-06-15 09:39:49,158.75,9965061
2021-06-15 09:39:50,158.75,9965171
2021-06-15 09:39:51,158.75,9965171
2021-06-15 09:39:52,158.7,9965287
2021-06-15 09:39:53,158.75,9965388
2021-06-15 09:39:54,158.75,9966398
2021-06-15 09:39:55,158.65,9970243
2021-06-15 09:39:56,158.65,9971050
2021-06-15 09:39:57,158.65,9971191
2021-06-15 09:39:58,158.8,9973701
2021-06-15 09:39:59,158.65,9973755
2021-06-15 09:40:00,158.65,9974406
2021-06-15 09:40:01,158.65,9974662
2021-06-15 09:40:02,158.75,9975777
2021-06-15 09:40:03,158.7,9976792
2021-06-15 09:40:04,158.7,9976992
2021-06-15 09:40:05,158.75,9977492
2021-06-15 09:40:06,158.75,9977575
2021-06-15 09:40:08,158.75,9977692
2021-06-15 09:40:09,158.7,9977724
2021-06-15 09:40:10,158.7,9977776
2021-06-15 09:40:11,158.75,9978079
2021-06-15 09:40:11,158.75,9978079
2021-06-15 09:40:13,158.75,9978125
2021-06-15 09:40:13,158.7,9978806
2021-06-15 09:40:14,158.7,9979135
2021-06-15 09:40:15,158.75,9981913
2021-06-15 09:40:17,158.65,10000770
2021-06-15 09:40:18,158.65,10001444
2021-06-15 09:40:19,158.6,10004792
2021-06-15 09:40:20,158.6,10005082
2021-06-15 09:40:21,158.65,10005371
2021-06-15 09:40:22,158.65,10005576
2021-06-15 09:40:22,158.6,10005613
2021-06-15 09:40:23,158.65,10005884
2021-06-15 09:40:25,158.65,10006359
2021-06-15 09:40:25,158.65,10006872
2021-06-15 09:40:27,158.6,10090705
2021-06-15 09:40:28,158.6,10090941
2021-06-15 09:40:29,158.65,10093487
2021-06-15 09:40:30,158.6,10093512
2021-06-15 09:40:31,158.7,10093629
2021-06-15 09:40:32,158.7,10095644
2021-06-15 09:40:33,158.6,10096020
2021-06-15 09:40:33,158.6,10096020
2021-06-15 09:40:34,158.6,10096321
2021-06-15 09:40:36,158.75,10098873
2021-06-15 09:40:37,158.65,10099153
2021-06-15 09:40:38,158.65,10099153
2021-06-15 09:40:38,158.65,10099153
2021-06-15 09:40:39,158.7,10104660
2021-06-15 09:40:40,158.75,10105210
2021-06-15 09:40:41,158.7,10105214
2021-06-15 09:40:42,158.75,10105415
2021-06-15 09:40:43,158.75,10105415
2021-06-15 09:40:45,158.7,10105427
2021-06-15 09:40:45,158.75,10105452
2021-06-15 09:40:46,158.75,10105453
2021-06-15 09:40:48,158.65,10114004
2021-06-15 09:40:49,158.75,10115060
2021-06-15 09:40:50,158.7,10115812
2021-06-15 09:40:51,158.65,10116326
2021-06-15 09:40:53,158.65,10116781
2021-06-15 09:40:54,158.65,10117092
2021-06-15 09:40:55,158.7,10117186
2021-06-15 09:40:56,158.7,10117190
2021-06-15 09:40:56,158.65,10117315
2021-06-15 09:40:57,158.7,10117861
2021-06-15 09:40:58,158.65,10117866
2021-06-15 09:40:59,158.65,10118860
2021-06-15 09:41:00,158.6,10119523
2021-06-15 09:41:02,158.6,10123769
2021-06-15 09:41:03,158.6,10124011
2021-06-15 09:41:04,158.55,10125004
2021-06-15 09:41:06,158.5,10126208
2021-06-15 09:41:07,158.55,10126224
2021-06-15 09:41:08,158.55,10128632
2021-06-15 09:41:09,158.55,10129368
2021-06-15 09:41:10,158.55,10144494
2021-06-15 09:41:11,158.5,10145507
2021-06-15 09:41:12,158.55,10145682
2021-06-15 09:41:13,158.55,10145792
2021-06-15 09:41:14,158.55,10146499
2021-06-15 09:41:14,158.55,10146499
2021-06-15 09:41:16,158.6,10149452
2021-06-15 09:41:17,158.6,10151117
2021-06-15 09:41:18,158.55,10151168
2021-06-15 09:41:19,158.6,10153169
2021-06-15 09:41:20,158.55,10154836
2021-06-15 09:41:21,158.55,10154981
2021-06-15 09:41:22,158.55,10155746
2021-06-15 09:41:23,158.65,10156908
2021-06-15 09:41:24,158.65,10156927
2021-06-15 09:41:25,158.7,10157038
2021-06-15 09:41:26,158.55,10165725
2021-06-15 09:41:27,158.65,10165961
2021-06-15 09:41:28,158.65,10166463
2021-06-15 09:41:29,158.55,10166659
2021-06-15 09:41:30,158.65,10166855
2021-06-15 09:41:31,158.55,10167020
2021-06-15 09:41:32,158.55,10167825
2021-06-15 09:41:33,158.55,10168078
2021-06-15 09:41:34,158.65,10168310
2021-06-15 09:41:35,158.55,10168323
2021-06-15 09:41:36,158.55,10168323
2021-06-15 09:41:37,158.65,10169389
2021-06-15 09:41:40,158.65,10179103
2021-06-15 09:41:41,158.65,10179279
2021-06-15 09:41:42,158.55,10180585
2021-06-15 09:41:43,158.6,10180704
2021-06-15 09:41:44,158.6,10181139
2021-06-15 09:41:45,158.6,10181568
2021-06-15 09:41:46,158.6,10182329
2021-06-15 09:41:46,158.6,10182385
2021-06-15 09:41:47,158.55,10182405
2021-06-15 09:41:48,158.6,10182435
2021-06-15 09:41:50,158.6,10187329
2021-06-15 09:41:51,158.65,10188353
2021-06-15 09:41:52,158.55,10188828
2021-06-15 09:41:53,158.55,10189398
2021-06-15 09:41:54,158.65,10190403
2021-06-15 09:41:55,158.55,10190763
2021-06-15 09:41:56,158.6,10191068
2021-06-15 09:41:57,158.6,10192608
2021-06-15 09:41:58,158.6,10192658
2021-06-15 09:41:58,158.6,10192708
2021-06-15 09:42:00,158.55,10195771
2021-06-15 09:42:01,158.55,10197853
2021-06-15 09:42:02,158.55,10198062
2021-06-15 09:42:03,158.55,10199868
2021-06-15 09:42:04,158.55,10200064
2021-06-15 09:42:05,158.5,10200078
2021-06-15 09:42:06,158.5,10201527
2021-06-15 09:42:07,158.7,10217832
2021-06-15 09:42:08,158.65,10218724
2021-06-15 09:42:09,158.65,10218830
2021-06-15 09:42:10,158.55,10218940
2021-06-15 09:42:11,158.65,10218990
2021-06-15 09:42:12,158.65,10219107
2021-06-15 09:42:13,158.65,10219217
2021-06-15 09:42:14,158.65,10219227
2021-06-15 09:42:15,158.55,10221703
2021-06-15 09:42:16,158.7,10221803
2021-06-15 09:42:17,158.6,10222160
2021-06-15 09:42:17,158.7,10222210
2021-06-15 09:42:18,158.7,10222210
2021-06-15 09:42:19,158.65,10223692
2021-06-15 09:42:20,158.6,10225138
2021-06-15 09:42:22,158.6,10227239
2021-06-15 09:42:23,158.85,10257579
2021-06-15 09:42:24,158.7,10260914
2021-06-15 09:42:25,158.8,10261124
2021-06-15 09:42:26,158.65,10261206
2021-06-15 09:42:26,158.65,10261266
2021-06-15 09:42:27,158.7,10261370
2021-06-15 09:42:28,158.65,10262380
2021-06-15 09:42:30,158.7,10262507
2021-06-15 09:42:31,158.75,10263107
2021-06-15 09:42:32,158.65,10263157
2021-06-15 09:42:33,158.75,10263187
2021-06-15 09:42:34,158.75,10263348
2021-06-15 09:42:35,158.75,10263348
2021-06-15 09:42:35,158.75,10263648
2021-06-15 09:42:36,158.65,10263659
2021-06-15 09:42:37,158.75,10263881
2021-06-15 09:42:38,158.75,10264388
2021-06-15 09:42:40,158.75,10265527
2021-06-15 09:42:40,158.65,10265627
2021-06-15 09:42:42,158.75,10267233
2021-06-15 09:42:43,158.8,10267603
2021-06-15 09:42:45,158.85,10269148
2021-06-15 09:42:46,158.9,10269788
2021-06-15 09:42:47,158.9,10269894
2021-06-15 09:42:48,158.8,10269998
2021-06-15 09:42:49,158.8,10270058
2021-06-15 09:42:50,158.8,10270128
2021-06-15 09:42:51,158.8,10270628
2021-06-15 09:42:52,158.85,10271781
2021-06-15 09:42:53,158.85,10272501
2021-06-15 09:42:54,158.85,10272608
2021-06-15 09:42:55,158.85,10274065
2021-06-15 09:42:56,158.85,10274566
2021-06-15 09:42:57,158.95,10274591
2021-06-15 09:42:59,158.85,10275891
2021-06-15 09:42:59,158.85,10275891
2021-06-15 09:43:00,158.85,10276315
2021-06-15 09:43:02,158.8,10278576
2021-06-15 09:43:02,158.85,10278676
2021-06-15 09:43:04,158.8,10279312
2021-06-15 09:43:04,158.8,10279461
2021-06-15 09:43:05,158.8,10279473
2021-06-15 09:43:08,158.8,10286107
2021-06-15 09:43:09,158.85,10286773
2021-06-15 09:43:11,158.8,10288583
2021-06-15 09:43:12,158.75,10292288
2021-06-15 09:43:13,158.8,10292934
2021-06-15 09:43:14,158.85,10293239
2021-06-15 09:43:15,158.8,10293425
2021-06-15 09:43:16,158.85,10293479
2021-06-15 09:43:17,158.85,10293489
2021-06-15 09:43:18,158.8,10293645
2021-06-15 09:43:19,158.85,10293980
2021-06-15 09:43:20,158.8,10293991
2021-06-15 09:43:21,158.8,10294407
2021-06-15 09:43:22,158.8,10294446
2021-06-15 09:43:23,158.75,10295390
2021-06-15 09:43:24,158.8,10295755
2021-06-15 09:43:24,158.8,10295755
2021-06-15 09:43:26,158.7,10302856
2021-06-15 09:43:27,158.8,10304419
2021-06-15 09:43:28,158.85,10305141
2021-06-15 09:43:29,158.85,10305141
2021-06-15 09:43:30,158.9,10311038
2021-06-15 09:43:31,158.85,10313107
2021-06-15 09:43:31,158.85,10313107
2021-06-15 09:43:33,158.85,10314217
2021-06-15 09:43:33,158.95,10314417
2021-06-15 09:43:35,158.8,10318243
2021-06-15 09:43:36,158.95,10318998
2021-06-15 09:43:36,158.95,10318998
2021-06-15 09:43:38,158.85,10319324
2021-06-15 09:43:39,158.95,10321524
2021-06-15 09:43:40,158.9,10322278
2021-06-15 09:43:40,158.9,10322278
2021-06-15 09:43:42,158.85,10322381
2021-06-15 09:43:43,158.9,10323707
2021-06-15 09:43:44,158.85,10324461
2021-06-15 09:43:45,158.8,10324669
2021-06-15 09:43:46,158.75,10325906
2021-06-15 09:43:47,158.75,10326219
2021-06-15 09:43:48,158.8,10326521
2021-06-15 09:43:49,158.8,10326705
2021-06-15 09:43:50,158.8,10326705
2021-06-15 09:43:51,158.8,10326707
2021-06-15 09:43:52,158.75,10326711
2021-06-15 09:43:53,158.8,10327394
2021-06-15 09:43:54,158.75,10327736
2021-06-15 09:43:55,158.75,10327736
2021-06-15 09:43:56,158.8,10328307
2021-06-15 09:43:58,158.8,10329235
2021-06-15 09:43:59,158.8,10330551
2021-06-15 09:44:00,158.8,10330551
2021-06-15 09:44:01,158.8,10331152
2021-06-15 09:44:02,158.8,10332413
2021-06-15 09:44:03,158.8,10334450
2021-06-15 09:44:04,158.8,10334602
2021-06-15 09:44:05,158.8,10334757
2021-06-15 09:44:06,158.8,10335057
2021-06-15 09:44:06,158.8,10335057
2021-06-15 09:44:07,158.8,10335063
2021-06-15 09:44:09,158.8,10335250
2021-06-15 09:44:10,158.8,10335255
2021-06-15 09:44:11,158.8,10335295
2021-06-15 09:44:12,158.8,10335593
2021-06-15 09:44:13,158.75,10335943
2021-06-15 09:44:14,158.8,10336062
2021-06-15 09:44:15,158.8,10336112
2021-06-15 09:44:16,158.75,10340968
2021-06-15 09:44:17,158.75,10341263
2021-06-15 09:44:19,158.75,10341458
2021-06-15 09:44:20,158.75,10341678
2021-06-15 09:44:20,158.75,10342193
2021-06-15 09:44:22,158.7,10342543
2021-06-15 09:44:22,158.7,10343444
2021-06-15 09:44:24,158.75,10344722
2021-06-15 09:44:25,158.75,10344723
2021-06-15 09:44:26,158.75,10347723
2021-06-15 09:44:27,158.75,10352923
2021-06-15 09:44:28,158.7,10353393
2021-06-15 09:44:29,158.75,10353493
2021-06-15 09:44:30,158.7,10355043
2021-06-15 09:44:31,158.7,10355194
2021-06-15 09:44:33,158.75,10356122
2021-06-15 09:44:34,158.6,10358981
2021-06-15 09:44:35,158.7,10359231
2021-06-15 09:44:36,158.65,10359524
2021-06-15 09:44:37,158.7,10360004
2021-06-15 09:44:38,158.65,10360418
2021-06-15 09:44:39,158.65,10360646
2021-06-15 09:44:40,158.7,10360849
2021-06-15 09:44:41,158.7,10361221
2021-06-15 09:44:42,158.7,10361363
2021-06-15 09:44:43,158.7,10361471
2021-06-15 09:44:44,158.7,10361506
2021-06-15 09:44:47,158.65,10368246
2021-06-15 09:44:48,158.5,10379440
2021-06-15 09:44:49,158.5,10379778
2021-06-15 09:44:49,158.5,10424024
2021-06-15 09:44:50,158.5,10427341
2021-06-15 09:44:51,158.5,10428241
2021-06-15 09:44:52,158.45,10429941
2021-06-15 09:44:53,158.5,10431893
2021-06-15 09:44:54,158.5,10432463
2021-06-15 09:44:55,158.5,10433909
2021-06-15 09:44:56,158.5,10434399
2021-06-15 09:44:58,158.5,10446789
2021-06-15 09:44:59,158.5,10447140
2021-06-15 09:45:00,158.5,10450339
2021-06-15 09:45:02,158.5,10455135
2021-06-15 09:45:03,158.5,10457659
2021-06-15 09:45:06,158.5,10463220
2021-06-15 09:45:07,158.6,10463481
2021-06-15 09:45:08,158.5,10463997
2021-06-15 09:45:09,158.6,10464932
2021-06-15 09:45:10,158.6,10464982
2021-06-15 09:45:11,158.5,10465047
2021-06-15 09:45:12,158.5,10465072
2021-06-15 09:45:13,158.5,10466610
2021-06-15 09:45:14,158.6,10466705
2021-06-15 09:45:15,158.6,10466705
2021-06-15 09:45:16,158.6,10467706
2021-06-15 09:45:17,158.55,10468414
2021-06-15 09:45:18,158.55,10468419
2021-06-15 09:45:19,158.5,10484508
2021-06-15 09:45:20,158.5,10484916
2021-06-15 09:45:21,158.45,10489659
2021-06-15 09:45:23,158.4,10546746
2021-06-15 09:45:24,158.4,10549330
2021-06-15 09:45:25,158.4,10553510
2021-06-15 09:45:26,158.45,10555605
2021-06-15 09:45:27,158.45,10556260
2021-06-15 09:45:28,158.25,10564424
2021-06-15 09:45:29,158.25,10568410
2021-06-15 09:45:30,158.3,10568739
2021-06-15 09:45:31,158.35,10569879
2021-06-15 09:45:32,158.35,10569879
2021-06-15 09:45:33,158.25,10570179
2021-06-15 09:45:35,158.35,10570552
2021-06-15 09:45:34,158.3,10570401
2021-06-15 09:45:36,158.4,10572052
2021-06-15 09:45:37,158.35,10574002
2021-06-15 09:45:38,158.4,10574279
2021-06-15 09:45:39,158.3,10575111
2021-06-15 09:45:40,158.3,10575621
2021-06-15 09:45:41,158.3,10576699
2021-06-15 09:45:43,158.3,10583093
2021-06-15 09:45:44,158.3,10583278
2021-06-15 09:45:45,158.3,10584809
2021-06-15 09:45:46,158.25,10585309
2021-06-15 09:45:47,158.25,10589541
2021-06-15 09:45:48,158.3,10591683
2021-06-15 09:45:49,158.25,10592483
2021-06-15 09:45:50,158.3,10592983
2021-06-15 09:45:51,158.25,10607969
2021-06-15 09:45:52,158.2,10610519
2021-06-15 09:45:53,158.3,10611593
2021-06-15 09:45:54,158.25,10616143
2021-06-15 09:45:55,158.25,10616894
2021-06-15 09:45:57,158.25,10619846
2021-06-15 09:45:58,158.25,10619967
2021-06-15 09:45:59,158.2,10621649
2021-06-15 09:46:00,158.2,10622435
2021-06-15 09:46:01,158.25,10624028
2021-06-15 09:46:02,158.25,10624138
2021-06-15 09:46:03,158.25,10625641
2021-06-15 09:46:04,158.25,10626234
2021-06-15 09:46:05,158.25,10627068
2021-06-15 09:46:06,158.2,10627509
2021-06-15 09:46:07,158.25,10629928
2021-06-15 09:46:08,158.25,10630403
2021-06-15 09:46:09,158.2,10631236
2021-06-15 09:46:10,158.25,10632701
2021-06-15 09:46:11,158.2,10633322
2021-06-15 09:46:12,158.25,10636253
2021-06-15 09:46:13,158.25,10636525
2021-06-15 09:46:14,158.2,10643238
2021-06-15 09:46:15,158.2,10643298
2021-06-15 09:46:16,158.2,10644008
2021-06-15 09:46:17,158.25,10644049
2021-06-15 09:46:18,158.2,10644299
2021-06-15 09:46:19,158.1,10657098
2021-06-15 09:46:21,158.1,10659888
2021-06-15 09:46:23,158.1,10661919
2021-06-15 09:46:24,158.1,10665196
2021-06-15 09:46:25,158.2,10667034
2021-06-15 09:46:26,158.2,10668257
2021-06-15 09:46:27,158.2,10669346
2021-06-15 09:46:28,158.2,10669346
2021-06-15 09:46:29,158.2,10670429
2021-06-15 09:46:30,158.1,10670773
2021-06-15 09:46:31,158.1,10671934
2021-06-15 09:46:32,158.1,10672194
2021-06-15 09:46:33,158.15,10672233
2021-06-15 09:46:35,158.15,10672625
2021-06-15 09:46:36,158.15,10674486
2021-06-15 09:46:37,158.2,10674922
2021-06-15 09:46:38,158.05,10804113
2021-06-15 09:46:39,158.05,10806094
2021-06-15 09:46:40,158.15,10808856
2021-06-15 09:46:41,158.0,10815462
2021-06-15 09:46:42,158.05,10817027
2021-06-15 09:46:43,158.1,10817049
2021-06-15 09:46:44,158.0,10828244
2021-06-15 09:46:45,158.1,10828773
2021-06-15 09:46:46,158.1,10833329
2021-06-15 09:46:47,158.05,10836656
2021-06-15 09:46:48,158.1,10837221
2021-06-15 09:46:49,158.05,10838731
2021-06-15 09:46:50,158.1,10840362
2021-06-15 09:46:51,158.1,10841804
2021-06-15 09:46:52,158.05,10842141
2021-06-15 09:46:53,158.1,10842641
2021-06-15 09:46:54,158.1,10843301
2021-06-15 09:46:56,158.1,10845461
2021-06-15 09:46:58,158.1,10853292
2021-06-15 09:46:59,158.05,10854022
2021-06-15 09:47:00,158.05,10854332
2021-06-15 09:47:01,158.1,10854452
2021-06-15 09:47:02,158.1,10855039
2021-06-15 09:47:03,158.1,10855229
2021-06-15 09:47:04,158.0,10857226
2021-06-15 09:47:05,158.05,10863721
2021-06-15 09:47:06,158.0,10864404
2021-06-15 09:47:07,158.05,10896561
2021-06-15 09:47:08,158.0,10899334
2021-06-15 09:47:09,157.9,11109023
2021-06-15 09:47:10,157.9,11110251
2021-06-15 09:47:11,157.8,11115597
2021-06-15 09:47:12,157.9,11119307
2021-06-15 09:47:13,157.8,11122008
2021-06-15 09:47:14,157.85,11122943
2021-06-15 09:47:15,157.8,11129950
2021-06-15 09:47:16,157.85,11131854
2021-06-15 09:47:18,157.85,11136576
2021-06-15 09:47:19,157.85,11138788
2021-06-15 09:47:20,157.95,11139740
2021-06-15 09:47:21,157.85,11141495
2021-06-15 09:47:22,157.9,11142047
2021-06-15 09:47:23,157.95,11144235
2021-06-15 09:47:24,157.95,11146130
2021-06-15 09:47:25,157.95,11147122
2021-06-15 09:47:27,157.9,11150959
2021-06-15 09:47:28,157.9,11151977
2021-06-15 09:47:29,157.85,11155012
2021-06-15 09:47:30,157.95,11155395
2021-06-15 09:47:32,157.95,11164592
2021-06-15 09:47:32,157.9,11165109
2021-06-15 09:47:33,158.0,11179944
2021-06-15 09:47:35,158.15,11194875
2021-06-15 09:47:36,158.15,11196571
2021-06-15 09:47:37,158.15,11197267
2021-06-15 09:47:37,158.15,11199483
2021-06-15 09:47:38,158.1,11199700
2021-06-15 09:47:39,158.2,11202750
2021-06-15 09:47:40,158.2,11203537
2021-06-15 09:47:41,158.15,11203807
2021-06-15 09:47:42,158.2,11204275
2021-06-15 09:47:43,158.15,11204975
2021-06-15 09:47:44,158.15,11205436
2021-06-15 09:47:45,158.15,11206100
2021-06-15 09:47:46,158.2,11210804
2021-06-15 09:47:47,158.2,11211024
2021-06-15 09:47:50,158.25,11213745
2021-06-15 09:47:51,158.2,11214056
2021-06-15 09:47:52,158.25,11215810
2021-06-15 09:47:53,158.25,11216679
2021-06-15 09:47:54,158.3,11228225
2021-06-15 09:47:56,158.3,11231852
2021-06-15 09:47:57,158.2,11232242
2021-06-15 09:47:58,158.3,11232342
2021-06-15 09:48:01,158.2,11249094
2021-06-15 09:48:02,158.25,11256237
2021-06-15 09:48:05,158.3,11257268
2021-06-15 09:48:08,158.35,11265816
2021-06-15 09:48:09,158.3,11265902
2021-06-15 09:48:13,158.25,11269231
2021-06-15 09:48:14,158.25,11269311
2021-06-15 09:48:15,158.25,11270838
2021-06-15 09:48:16,158.25,11270979
2021-06-15 09:48:17,158.25,11276677
2021-06-15 09:48:18,158.3,11277108
2021-06-15 09:48:19,158.35,11277502
2021-06-15 09:48:20,158.3,11278102
2021-06-15 09:48:21,158.3,11278614
2021-06-15 09:48:22,158.35,11278714
2021-06-15 09:48:23,158.25,11279484
2021-06-15 09:48:24,158.25,11279484
2021-06-15 09:48:25,158.3,11281719
2021-06-15 09:48:26,158.3,11281859
2021-06-15 09:48:27,158.3,11281880
2021-06-15 09:48:28,158.25,11282845
2021-06-15 09:48:29,158.3,11282860
2021-06-15 09:48:30,158.3,11285841
2021-06-15 09:48:32,158.3,11286626
2021-06-15 09:48:34,158.25,11287331
2021-06-15 09:48:34,158.25,11287331
2021-06-15 09:48:35,158.3,11287431
2021-06-15 09:48:36,158.3,11287491
2021-06-15 09:48:37,158.25,11287691
2021-06-15 09:48:38,158.25,11287697
2021-06-15 09:48:39,158.3,11288088
2021-06-15 09:48:41,158.3,11288733
2021-06-15 09:48:42,158.3,11289833
2021-06-15 09:48:44,158.3,11290765
2021-06-15 09:48:45,158.25,11292817
2021-06-15 09:48:46,158.25,11292940
2021-06-15 09:48:47,158.25,11292987
2021-06-15 09:48:48,158.3,11292990
2021-06-15 09:48:49,158.25,11294190
2021-06-15 09:48:50,158.25,11296353
2021-06-15 09:48:51,158.25,11296608
2021-06-15 09:48:52,158.2,11296973
2021-06-15 09:48:53,158.2,11311079
2021-06-15 09:48:54,158.2,11312363
2021-06-15 09:48:55,158.15,11312463
2021-06-15 09:48:56,158.15,11312813
2021-06-15 09:48:57,158.15,11313442
2021-06-15 09:48:58,158.1,11314492
2021-06-15 09:48:59,158.1,11315552
2021-06-15 09:49:01,158.15,11316332
2021-06-15 09:49:02,158.1,11321636
2021-06-15 09:49:03,158.2,11321899
2021-06-15 09:49:04,158.2,11322299
2021-06-15 09:49:05,158.2,11322851
2021-06-15 09:49:06,158.2,11322956
2021-06-15 09:49:08,158.2,11324390
2021-06-15 09:49:09,158.2,11325054
2021-06-15 09:49:10,158.2,11325810
2021-06-15 09:49:11,158.25,11327512
2021-06-15 09:49:12,158.2,11327526
2021-06-15 09:49:13,158.2,11331726
2021-06-15 09:49:14,158.2,11331788
2021-06-15 09:49:15,158.25,11332819
2021-06-15 09:49:16,158.25,11335896
2021-06-15 09:49:17,158.25,11335896
2021-06-15 09:49:18,158.25,11336468
2021-06-15 09:49:19,158.25,11336569
2021-06-15 09:49:20,158.25,11336853
2021-06-15 09:49:22,158.25,11337522
2021-06-15 09:49:23,158.3,11337915
2021-06-15 09:49:24,158.3,11337926
2021-06-15 09:49:25,158.25,11337927
2021-06-15 09:49:26,158.25,11338128
2021-06-15 09:49:27,158.3,11338291
2021-06-15 09:49:28,158.3,11342846
2021-06-15 09:49:30,158.3,11343596
2021-06-15 09:49:31,158.35,11344661
2021-06-15 09:49:32,158.3,11346828
2021-06-15 09:49:33,158.35,11348378
2021-06-15 09:49:34,158.35,11348740
2021-06-15 09:49:35,158.35,11348781
2021-06-15 09:49:36,158.3,11348932
2021-06-15 09:49:37,158.3,11349701
2021-06-15 09:49:38,158.35,11350201
2021-06-15 09:49:38,158.35,11350532
2021-06-15 09:49:39,158.35,11356221
2021-06-15 09:49:40,158.35,11356251
2021-06-15 09:49:41,158.35,11356351
2021-06-15 09:49:42,158.35,11356361
2021-06-15 09:49:43,158.3,11356397
2021-06-15 09:49:45,158.35,11356669
2021-06-15 09:49:46,158.35,11357742
2021-06-15 09:49:47,158.35,11357929
2021-06-15 09:49:47,158.3,11357965
2021-06-15 09:49:49,158.4,11359508
2021-06-15 09:49:50,158.4,11359510
2021-06-15 09:49:51,158.3,11360071
2021-06-15 09:49:52,158.35,11360121
2021-06-15 09:49:53,158.3,11360197
2021-06-15 09:49:54,158.35,11360472
2021-06-15 09:49:55,158.35,11361020
2021-06-15 09:49:56,158.4,11363998
2021-06-15 09:49:57,158.35,11364500
2021-06-15 09:49:58,158.35,11364500
2021-06-15 09:49:59,158.3,11370013
2021-06-15 09:50:00,158.35,11370214
2021-06-15 09:50:01,158.3,11371329
2021-06-15 09:50:02,158.25,11371588
2021-06-15 09:50:03,158.25,11371661
2021-06-15 09:50:04,158.35,11371761
2021-06-15 09:50:05,158.25,11372036
2021-06-15 09:50:06,158.25,11372037
2021-06-15 09:50:07,158.3,11372223
2021-06-15 09:50:08,158.35,11372324
2021-06-15 09:50:09,158.35,11375035
2021-06-15 09:50:10,158.4,11387148
2021-06-15 09:50:11,158.35,11387278
2021-06-15 09:50:12,158.35,11387631
2021-06-15 09:50:13,158.35,11388091
2021-06-15 09:50:14,158.4,11388141
2021-06-15 09:50:15,158.4,11388441
2021-06-15 09:50:16,158.4,11388444
2021-06-15 09:50:18,158.4,11388887
2021-06-15 09:50:19,158.4,11389679
2021-06-15 09:50:20,158.35,11390519
2021-06-15 09:50:21,158.4,11391226
2021-06-15 09:50:22,158.5,11400346
2021-06-15 09:50:23,158.5,11400946
2021-06-15 09:50:23,158.4,11401050
2021-06-15 09:50:24,158.45,11402451
2021-06-15 09:50:26,158.4,11405782
2021-06-15 09:50:26,158.55,11412503
2021-06-15 09:50:27,158.55,11412543
2021-06-15 09:50:28,158.5,11415265
2021-06-15 09:50:29,158.5,11416070
2021-06-15 09:50:30,158.55,11421698
2021-06-15 09:50:31,158.55,11421899
2021-06-15 09:50:32,158.45,11423898
2021-06-15 09:50:33,158.55,11424213
2021-06-15 09:50:34,158.45,11424444
2021-06-15 09:50:35,158.45,11424499
2021-06-15 09:50:37,158.55,11424520
2021-06-15 09:50:37,158.5,11425050
2021-06-15 09:50:39,158.5,11429930
2021-06-15 09:50:40,158.5,11432499
2021-06-15 09:50:41,158.55,11432526
2021-06-15 09:50:42,158.55,11432527
2021-06-15 09:50:44,158.5,11432557
2021-06-15 09:50:45,158.55,11432796
2021-06-15 09:50:46,158.55,11436521
2021-06-15 09:50:46,158.5,11436723
2021-06-15 09:50:47,158.5,11436964
2021-06-15 09:50:49,158.5,11443947
2021-06-15 09:50:51,158.5,11444283
2021-06-15 09:50:51,158.5,11445109
2021-06-15 09:50:53,158.45,11456220
2021-06-15 09:50:53,158.45,11457264
2021-06-15 09:50:54,158.5,11457404
2021-06-15 09:50:55,158.5,11458520
2021-06-15 09:50:56,158.5,11458520
2021-06-15 09:50:57,158.45,11458592
2021-06-15 09:51:00,158.35,11471013
2021-06-15 09:51:01,158.4,11478775
2021-06-15 09:51:02,158.4,11478816
2021-06-15 09:51:03,158.4,11478908
2021-06-15 09:51:03,158.3,11480318
2021-06-15 09:51:04,158.4,11480818
2021-06-15 09:51:05,158.4,11480856
2021-06-15 09:51:06,158.4,11480856
2021-06-15 09:51:07,158.5,11484431
2021-06-15 09:51:08,158.45,11485668
2021-06-15 09:51:09,158.45,11486244
2021-06-15 09:51:10,158.4,11486808
2021-06-15 09:51:12,158.3,11487296
2021-06-15 09:51:15,158.4,11488078
2021-06-15 09:51:15,158.35,11488863
2021-06-15 09:51:17,158.45,11488963
2021-06-15 09:51:17,158.45,11489676
2021-06-15 09:51:18,158.4,11490676
2021-06-15 09:51:19,158.5,11491395
2021-06-15 09:51:20,158.5,11491397
2021-06-15 09:51:21,158.4,11491530
2021-06-15 09:51:22,158.45,11492325
2021-06-15 09:51:23,158.45,11492846
2021-06-15 09:51:24,158.45,11493048
2021-06-15 09:51:25,158.35,11493620
2021-06-15 09:51:26,158.4,11494101
2021-06-15 09:51:27,158.45,11494320
2021-06-15 09:51:28,158.45,11494459
2021-06-15 09:51:29,158.5,11496759
2021-06-15 09:51:30,158.5,11497260
2021-06-15 09:51:31,158.4,11497364
2021-06-15 09:51:32,158.5,11498145
2021-06-15 09:51:33,158.5,11498249
2021-06-15 09:51:34,158.5,11498249
2021-06-15 09:51:35,158.45,11498413
2021-06-15 09:51:36,158.5,11498991
2021-06-15 09:51:37,158.5,11499169
2021-06-15 09:51:38,158.4,11499343
2021-06-15 09:51:39,158.35,11516328
2021-06-15 09:51:40,158.3,11516810
2021-06-15 09:51:42,158.3,11516961
2021-06-15 09:51:43,158.35,11517421
2021-06-15 09:51:44,158.2,11530471
2021-06-15 09:51:45,158.3,11530667
2021-06-15 09:51:46,158.25,11531362
2021-06-15 09:51:49,158.2,11533211
2021-06-15 09:51:49,158.2,11533211
2021-06-15 09:51:50,158.2,11534512
2021-06-15 09:51:52,158.3,11536705
2021-06-15 09:51:53,158.15,11562268
2021-06-15 09:51:53,158.15,11562271
2021-06-15 09:51:54,158.2,11563021
2021-06-15 09:51:55,158.1,11563029
2021-06-15 09:51:56,158.15,11563332
2021-06-15 09:51:58,158.15,11563626
2021-06-15 09:51:59,158.15,11563644
2021-06-15 09:51:59,158.15,11564700
2021-06-15 09:52:00,158.1,11564805
2021-06-15 09:52:01,158.15,11567157
2021-06-15 09:52:02,158.1,11567289
2021-06-15 09:52:03,158.2,11572094
2021-06-15 09:52:05,158.15,11573026
2021-06-15 09:52:06,158.2,11574226
2021-06-15 09:52:07,158.2,11574346
2021-06-15 09:52:08,158.2,11574369
2021-06-15 09:52:09,158.2,11574870
2021-06-15 09:52:10,158.2,11575372
2021-06-15 09:52:11,158.15,11576029
2021-06-15 09:52:12,158.15,11576134
2021-06-15 09:52:13,158.15,11576257
2021-06-15 09:52:13,158.2,11576277
2021-06-15 09:52:15,158.15,11576846
2021-06-15 09:52:15,158.2,11577056
2021-06-15 09:52:16,158.15,11577071
2021-06-15 09:52:17,158.1,11577821
2021-06-15 09:52:19,158.25,11591045
2021-06-15 09:52:20,158.2,11592223
2021-06-15 09:52:21,158.25,11594388
2021-06-15 09:52:23,158.15,11595520
2021-06-15 09:52:25,158.25,11595706
2021-06-15 09:52:26,158.25,11595906
2021-06-15 09:52:27,158.25,11596931
2021-06-15 09:52:28,158.2,11597403
2021-06-15 09:52:29,158.2,11597451
2021-06-15 09:52:30,158.2,11597951
2021-06-15 09:52:31,158.15,11598167
2021-06-15 09:52:32,158.15,11599167
2021-06-15 09:52:33,158.2,11601087
2021-06-15 09:52:34,158.2,11601191
2021-06-15 09:52:35,158.2,11601354
2021-06-15 09:52:36,158.2,11601354
2021-06-15 09:52:37,158.2,11601665
2021-06-15 09:52:38,158.2,11602055
2021-06-15 09:52:39,158.25,11604671
2021-06-15 09:52:40,158.15,11605171
2021-06-15 09:52:41,158.25,11605231
2021-06-15 09:52:41,158.25,11605297
2021-06-15 09:52:43,158.25,11606196
2021-06-15 09:52:45,158.25,11606960
2021-06-15 09:52:46,158.2,11607017
2021-06-15 09:52:47,158.2,11607361
2021-06-15 09:52:48,158.15,11607591
2021-06-15 09:52:49,158.2,11607932
2021-06-15 09:52:50,158.2,11608004
2021-06-15 09:52:51,158.2,11608189
2021-06-15 09:52:52,158.2,11609752
2021-06-15 09:52:53,158.2,11618952
2021-06-15 09:52:54,158.25,11621106
2021-06-15 09:52:55,158.25,11621106
2021-06-15 09:52:56,158.25,11621271
2021-06-15 09:52:57,158.2,11623363
2021-06-15 09:52:59,158.2,11623572
2021-06-15 09:52:59,158.2,11623572
2021-06-15 09:53:00,158.15,11634453
2021-06-15 09:53:01,158.15,11634473
2021-06-15 09:53:02,158.1,11647902
2021-06-15 09:53:03,158.1,11648348
2021-06-15 09:53:04,158.1,11648508
2021-06-15 09:53:05,158.05,11651175
2021-06-15 09:53:06,158.1,11651250
2021-06-15 09:53:07,158.1,11651710
2021-06-15 09:53:08,158.15,11653240
2021-06-15 09:53:09,158.1,11653269
2021-06-15 09:53:12,158.15,11654722
2021-06-15 09:53:14,158.1,11657368
2021-06-15 09:53:15,158.15,11657481
2021-06-15 09:53:16,158.15,11657955
2021-06-15 09:53:17,158.15,11658362
2021-06-15 09:53:18,158.15,11659093
2021-06-15 09:53:18,158.15,11659154
2021-06-15 09:53:20,158.15,11659354
2021-06-15 09:53:21,158.15,11659585
2021-06-15 09:53:21,158.0,11724121
2021-06-15 09:53:22,158.0,11741490
2021-06-15 09:53:24,157.95,11743938
2021-06-15 09:53:25,158.0,11745028
2021-06-15 09:53:26,158.0,11747365
2021-06-15 09:53:27,157.95,11747676
2021-06-15 09:53:28,158.0,11748109
2021-06-15 09:53:29,158.0,11748475
2021-06-15 09:53:30,158.0,11766105
2021-06-15 09:53:31,158.05,11766110
2021-06-15 09:53:33,158.0,11769924
2021-06-15 09:53:34,158.0,11771265
2021-06-15 09:53:35,157.9,11771377
2021-06-15 09:53:36,157.9,11773180
2021-06-15 09:53:36,158.0,11773190
2021-06-15 09:53:37,157.95,11774206
2021-06-15 09:53:38,158.0,11774210
2021-06-15 09:53:39,158.0,11775989
2021-06-15 09:53:40,158.0,11776974
2021-06-15 09:53:42,158.0,11777086
2021-06-15 09:53:43,157.95,11778206
2021-06-15 09:53:44,157.9,11779287
2021-06-15 09:53:45,157.95,11781033
2021-06-15 09:53:46,158.0,11781533
2021-06-15 09:53:46,158.0,11781563
2021-06-15 09:53:47,157.9,11789969
2021-06-15 09:53:49,158.0,11790396
2021-06-15 09:53:50,158.0,11790465
2021-06-15 09:53:51,158.0,11791110
2021-06-15 09:53:52,158.0,11791220
2021-06-15 09:53:53,158.0,11792445
2021-06-15 09:53:54,158.0,11795087
2021-06-15 09:53:54,157.9,11796707
2021-06-15 09:53:55,157.9,11797157
2021-06-15 09:53:56,158.0,11798949
2021-06-15 09:53:57,157.95,11800464
2021-06-15 09:53:59,157.9,11801737
2021-06-15 09:54:01,157.85,11822127
2021-06-15 09:54:02,158.0,11826204
2021-06-15 09:54:03,158.0,11829188
2021-06-15 09:54:04,157.95,11829289
2021-06-15 09:54:05,158.0,11829491
2021-06-15 09:54:06,157.95,11830698
2021-06-15 09:54:07,157.95,11830772
2021-06-15 09:54:08,158.0,11834362
2021-06-15 09:54:09,158.0,11834964
2021-06-15 09:54:10,157.95,11839445
2021-06-15 09:54:11,157.9,11840445
2021-06-15 09:54:11,157.95,11840755
2021-06-15 09:54:12,158.0,11841048
2021-06-15 09:54:13,158.0,11841985
2021-06-15 09:54:14,157.95,11842536
2021-06-15 09:54:15,158.0,11843495
2021-06-15 09:54:17,157.95,11843554
2021-06-15 09:54:18,158.0,11843838
2021-06-15 09:54:19,158.0,11844159
2021-06-15 09:54:20,157.95,11846684
2021-06-15 09:54:21,157.95,11846788
2021-06-15 09:54:22,157.95,11847028
2021-06-15 09:54:23,157.95,11853309
2021-06-15 09:54:24,157.95,11854033
2021-06-15 09:54:25,157.9,11856244
2021-06-15 09:54:26,157.95,11856776
2021-06-15 09:54:26,158.0,11856355
2021-06-15 09:54:27,158.0,11858242
2021-06-15 09:54:28,157.95,11859744
2021-06-15 09:54:29,157.9,11861619
2021-06-15 09:54:30,157.95,11862195
2021-06-15 09:54:32,157.9,11863591
2021-06-15 09:54:34,157.95,11868596
2021-06-15 09:54:35,157.9,11869755
2021-06-15 09:54:36,157.95,11876409
2021-06-15 09:54:37,157.9,11878097
2021-06-15 09:54:38,157.8,11891590
2021-06-15 09:54:39,157.85,11894173
2021-06-15 09:54:40,157.9,11902973
2021-06-15 09:54:41,157.85,11903359
2021-06-15 09:54:42,157.8,11903400
2021-06-15 09:54:43,157.85,11904605
2021-06-15 09:54:44,157.85,11910028
2021-06-15 09:54:44,157.85,11906062
2021-06-15 09:54:46,157.85,11911084
2021-06-15 09:54:46,157.85,11910584
2021-06-15 09:54:47,157.8,11912784
2021-06-15 09:54:48,157.85,11916942
2021-06-15 09:54:49,157.85,11917266
2021-06-15 09:54:51,157.8,11918391
2021-06-15 09:54:53,157.8,11931361
2021-06-15 09:54:54,157.85,11931871
2021-06-15 09:54:55,157.85,11932148
2021-06-15 09:54:56,157.8,11933048
2021-06-15 09:54:57,157.8,11938003
2021-06-15 09:54:58,157.75,11947531
2021-06-15 09:54:59,157.85,11947925
2021-06-15 09:55:00,157.6,11988174
2021-06-15 09:55:01,157.7,11989864
2021-06-15 09:55:01,157.6,11990219
2021-06-15 09:55:03,157.65,11995164
2021-06-15 09:55:04,157.65,11996028
2021-06-15 09:55:04,157.7,11997680
2021-06-15 09:55:05,157.7,12002587
2021-06-15 09:55:06,157.75,12002745
2021-06-15 09:55:09,157.8,12009762
2021-06-15 09:55:10,157.8,12015572
2021-06-15 09:55:11,157.8,12015952
2021-06-15 09:55:12,157.75,12016361
2021-06-15 09:55:12,157.75,12017161
2021-06-15 09:55:13,157.75,12018264
2021-06-15 09:55:14,157.8,12052836
2021-06-15 09:55:16,157.95,12062487
2021-06-15 09:55:16,157.95,12062487
2021-06-15 09:55:18,157.85,12065245
2021-06-15 09:55:19,157.85,12066048
2021-06-15 09:55:21,157.8,12066544
2021-06-15 09:55:22,157.8,12066672
2021-06-15 09:55:23,157.85,12067047
2021-06-15 09:55:26,157.85,12072072
2021-06-15 09:55:28,157.8,12073517
2021-06-15 09:55:28,157.8,12074471
2021-06-15 09:55:29,157.85,12075320
2021-06-15 09:55:30,157.85,12075880
2021-06-15 09:55:31,157.85,12076584
2021-06-15 09:55:33,157.9,12077884
2021-06-15 09:55:33,157.85,12095246
2021-06-15 09:55:34,157.9,12102658
2021-06-15 09:55:36,157.9,12102834
2021-06-15 09:55:37,157.95,12104467
2021-06-15 09:55:38,157.9,12106185
2021-06-15 09:55:39,157.85,12107216
2021-06-15 09:55:40,157.9,12112242
2021-06-15 09:55:42,157.85,12114732
2021-06-15 09:55:43,157.8,12119037
2021-06-15 09:55:44,157.85,12119469
2021-06-15 09:55:44,157.9,12119514
2021-06-15 09:55:45,157.85,12120846
2021-06-15 09:55:46,157.9,12121051
2021-06-15 09:55:48,157.9,12121202
2021-06-15 09:55:49,157.9,12123163
2021-06-15 09:55:50,157.95,12123317
2021-06-15 09:55:52,157.95,12124691
2021-06-15 09:55:53,157.9,12124967
2021-06-15 09:55:54,157.9,12125117
2021-06-15 09:55:55,157.95,12125147
2021-06-15 09:55:56,157.9,12183344
2021-06-15 09:55:57,158.05,12183613
2021-06-15 09:55:58,158.05,12183829
2021-06-15 09:55:59,158.0,12183931
2021-06-15 09:56:00,158.05,12184938
2021-06-15 09:56:01,157.95,12186140
2021-06-15 09:56:02,158.0,12187150
2021-06-15 09:56:03,158.05,12187438
2021-06-15 09:56:04,158.05,12188105
2021-06-15 09:56:05,158.0,12188684
2021-06-15 09:56:06,157.95,12189634
2021-06-15 09:56:07,158.0,12190250
2021-06-15 09:56:08,158.0,12190377
2021-06-15 09:56:09,158.0,12190478
2021-06-15 09:56:10,157.9,12191286
2021-06-15 09:56:11,158.0,12192104
2021-06-15 09:56:12,157.95,12193640
2021-06-15 09:56:13,157.95,12193964
2021-06-15 09:56:14,158.0,12194064
2021-06-15 09:56:15,158.0,12195105
2021-06-15 09:56:16,158.0,12195905
2021-06-15 09:56:17,158.05,12195991
2021-06-15 09:56:18,157.95,12195994
2021-06-15 09:56:19,157.9,12200394
2021-06-15 09:56:20,158.0,12200906
2021-06-15 09:56:21,158.0,12201909
2021-06-15 09:56:22,157.95,12202109
2021-06-15 09:56:23,157.9,12204420
2021-06-15 09:56:24,157.95,12204945
2021-06-15 09:56:25,157.95,12209443
2021-06-15 09:56:26,157.95,12210564
2021-06-15 09:56:28,157.95,12212687
2021-06-15 09:56:29,157.95,12212693
2021-06-15 09:56:30,157.95,12212806
2021-06-15 09:56:31,157.95,12212806
2021-06-15 09:56:32,157.95,12213413
2021-06-15 09:56:33,158.0,12213563
2021-06-15 09:56:34,157.9,12232838
2021-06-15 09:56:35,157.95,12234063
2021-06-15 09:56:36,157.95,12234746
2021-06-15 09:56:37,157.95,12234807
2021-06-15 09:56:38,157.95,12235129
2021-06-15 09:56:39,157.9,12237724
2021-06-15 09:56:40,157.9,12238003
2021-06-15 09:56:41,157.9,12239703
2021-06-15 09:56:42,157.85,12240312
2021-06-15 09:56:43,157.95,12241369
2021-06-15 09:56:44,157.9,12241390
2021-06-15 09:56:45,157.95,12241407
2021-06-15 09:56:46,157.95,12241408
2021-06-15 09:56:47,158.0,12243660
2021-06-15 09:56:48,157.95,12243793
2021-06-15 09:56:50,157.9,12244126
2021-06-15 09:56:51,157.9,12244358
2021-06-15 09:56:52,157.95,12245886
2021-06-15 09:56:53,157.95,12245899
2021-06-15 09:56:54,157.95,12247199
2021-06-15 09:56:55,157.95,12248643
2021-06-15 09:56:56,157.95,12249044
2021-06-15 09:56:57,157.95,12249864
2021-06-15 09:56:58,157.9,12252465
2021-06-15 09:56:59,157.95,12253244
2021-06-15 09:57:00,157.8,12269275
2021-06-15 09:57:01,157.85,12285086
2021-06-15 09:57:02,157.85,12285087
2021-06-15 09:57:03,157.85,12285537
2021-06-15 09:57:04,157.85,12285667
2021-06-15 09:57:05,157.8,12286390
2021-06-15 09:57:06,157.85,12286825
2021-06-15 09:57:07,157.85,12287216
2021-06-15 09:57:08,157.8,12287420
2021-06-15 09:57:09,157.85,12289390
2021-06-15 09:57:10,157.8,12290104
2021-06-15 09:57:11,157.75,12300497
2021-06-15 09:57:13,157.8,12303055
2021-06-15 09:57:14,157.8,12306376
2021-06-15 09:57:15,157.75,12306587
2021-06-15 09:57:16,157.8,12306971
2021-06-15 09:57:17,157.8,12308346
2021-06-15 09:57:18,157.85,12308751
2021-06-15 09:57:19,157.75,12308816
2021-06-15 09:57:21,157.85,12309718
2021-06-15 09:57:23,157.9,12310936
2021-06-15 09:57:22,157.8,12310934
2021-06-15 09:57:24,157.8,12312041
2021-06-15 09:57:25,157.9,12312457
2021-06-15 09:57:27,157.85,12313494
2021-06-15 09:57:28,157.9,12314192
2021-06-15 09:57:29,157.9,12314205
2021-06-15 09:57:30,157.9,12314323
2021-06-15 09:57:31,157.95,12314541
2021-06-15 09:57:33,157.95,12314866
2021-06-15 09:57:34,157.85,12315270
2021-06-15 09:57:35,157.9,12315420
2021-06-15 09:57:36,157.9,12315595
2021-06-15 09:57:37,157.85,12315797
2021-06-15 09:57:38,157.9,12315798
2021-06-15 09:57:39,157.85,12316433
2021-06-15 09:57:40,157.85,12316984
2021-06-15 09:57:41,157.85,12318534
2021-06-15 09:57:42,157.8,12321449
2021-06-15 09:57:43,157.8,12321651
2021-06-15 09:57:44,157.8,12321651
2021-06-15 09:57:45,157.85,12322408
2021-06-15 09:57:46,157.8,12322805
2021-06-15 09:57:47,157.85,12323135
2021-06-15 09:57:48,157.9,12325417
2021-06-15 09:57:49,157.85,12326468
2021-06-15 09:57:50,157.85,12326740
2021-06-15 09:57:51,157.85,12326912
2021-06-15 09:57:52,157.85,12327033
2021-06-15 09:57:53,157.85,12327035
2021-06-15 09:57:54,157.85,12327050
2021-06-15 09:57:55,157.85,12328042
2021-06-15 09:57:56,157.9,12329826
2021-06-15 09:57:57,157.95,12329948
2021-06-15 09:57:58,157.95,12330747
2021-06-15 09:58:00,157.9,12330788
2021-06-15 09:58:00,157.9,12330788
2021-06-15 09:58:01,157.95,12330909
2021-06-15 09:58:02,157.95,12331266
2021-06-15 09:58:03,157.85,12331981
2021-06-15 09:58:04,157.85,12332481
2021-06-15 09:58:05,157.9,12333190
2021-06-15 09:58:06,157.9,12333190
2021-06-15 09:58:07,157.9,12333195
2021-06-15 09:58:08,157.9,12333480
2021-06-15 09:58:11,157.9,12336155
2021-06-15 09:58:11,157.9,12336181
2021-06-15 09:58:12,157.9,12336653
2021-06-15 09:58:13,157.9,12336823
2021-06-15 09:58:14,157.9,12336934
2021-06-15 09:58:15,157.9,12338884
2021-06-15 09:58:18,157.9,12339679
2021-06-15 09:58:19,157.9,12340286
2021-06-15 09:58:20,157.9,12340796
2021-06-15 09:58:21,157.95,12342370
2021-06-15 09:58:22,157.95,12342395
2021-06-15 09:58:23,157.95,12342395
2021-06-15 09:58:24,157.95,12343196
2021-06-15 09:58:26,157.9,12343471
2021-06-15 09:58:26,157.9,12343471
2021-06-15 09:58:28,157.9,12343790
2021-06-15 09:58:29,157.95,12349169
2021-06-15 09:58:30,157.9,12349394
2021-06-15 09:58:31,157.85,12349678
2021-06-15 09:58:32,157.85,12349745
2021-06-15 09:58:33,157.85,12350962
2021-06-15 09:58:35,157.9,12351562
2021-06-15 09:58:36,157.85,12352909
2021-06-15 09:58:37,157.9,12352936
2021-06-15 09:58:38,157.9,12358584
2021-06-15 09:58:40,157.9,12359338
2021-06-15 09:58:40,157.9,12359438
2021-06-15 09:58:41,157.95,12359589
2021-06-15 09:58:42,157.95,12359714
2021-06-15 09:58:43,157.95,12360516
2021-06-15 09:58:44,157.9,12360517
2021-06-15 09:58:45,157.95,12360917
2021-06-15 09:58:46,157.9,12360918
2021-06-15 09:58:47,157.9,12361889
2021-06-15 09:58:48,157.9,12361959
2021-06-15 09:58:49,157.95,12362264
2021-06-15 09:58:52,157.95,12364728
2021-06-15 09:58:54,157.95,12371188
2021-06-15 09:58:55,157.95,12372530
2021-06-15 09:58:57,157.9,12372655
2021-06-15 09:58:58,157.95,12374408
2021-06-15 09:58:59,158.0,12376321
2021-06-15 09:59:00,158.0,12376854
2021-06-15 09:59:01,157.95,12377796
2021-06-15 09:59:02,157.95,12377893
2021-06-15 09:59:03,157.95,12378001
2021-06-15 09:59:04,157.95,12382192
2021-06-15 09:59:05,157.9,12387339
2021-06-15 09:59:06,158.0,12388279
2021-06-15 09:59:08,157.95,12392688
2021-06-15 09:59:09,157.95,12392688
2021-06-15 09:59:10,157.9,12396794
2021-06-15 09:59:11,158.0,12397114
2021-06-15 09:59:12,158.0,12397362
2021-06-15 09:59:14,158.0,12397442
2021-06-15 09:59:14,158.0,12397442
2021-06-15 09:59:15,157.9,12398428
2021-06-15 09:59:16,157.95,12398575
2021-06-15 09:59:17,157.95,12398885
2021-06-15 09:59:18,157.9,12399060
2021-06-15 09:59:19,157.95,12402883
2021-06-15 09:59:20,157.95,12403083
2021-06-15 09:59:21,157.95,12403806
2021-06-15 09:59:22,157.9,12406343
2021-06-15 09:59:23,157.95,12406885
2021-06-15 09:59:24,157.95,12406970
2021-06-15 09:59:25,157.9,12410061
2021-06-15 09:59:26,157.9,12410171
2021-06-15 09:59:27,157.9,12411693
2021-06-15 09:59:28,157.9,12412699
2021-06-15 09:59:29,157.85,12413921
2021-06-15 09:59:30,157.85,12416865
2021-06-15 09:59:31,157.8,12445606
2021-06-15 09:59:32,157.8,12445606
2021-06-15 09:59:33,157.8,12446256
2021-06-15 09:59:34,157.8,12446257
2021-06-15 09:59:35,157.85,12453557
2021-06-15 09:59:36,157.9,12453811
2021-06-15 09:59:39,157.8,12456293
2021-06-15 09:59:40,157.8,12456305
2021-06-15 09:59:41,157.9,12457040
2021-06-15 09:59:42,157.85,12457072
2021-06-15 09:59:43,157.9,12458142
2021-06-15 09:59:44,157.9,12458991
2021-06-15 09:59:45,157.8,12459003
2021-06-15 09:59:46,157.85,12459353
2021-06-15 09:59:47,157.8,12463203
2021-06-15 09:59:48,157.85,12463680
2021-06-15 09:59:50,157.8,12464204
2021-06-15 09:59:50,157.8,12464257
2021-06-15 09:59:51,157.9,12465357
2021-06-15 09:59:52,157.9,12465767
2021-06-15 09:59:53,157.9,12466017
2021-06-15 09:59:54,157.9,12466030
2021-06-15 09:59:55,157.9,12466036
2021-06-15 09:59:56,157.85,12466347
2021-06-15 09:59:57,157.9,12466369
2021-06-15 09:59:58,157.8,12466589
2021-06-15 09:59:59,157.8,12467199
2021-06-15 10:00:01,157.9,12468254
2021-06-15 10:00:02,157.85,12470356
2021-06-15 10:00:03,157.9,12470588
2021-06-15 10:00:04,157.85,12471736
2021-06-15 10:00:05,157.85,12471736
2021-06-15 10:00:06,157.85,12471823
2021-06-15 10:00:07,157.9,12472323
2021-06-15 10:00:08,157.9,12472576
2021-06-15 10:00:09,157.9,12472698
2021-06-15 10:00:11,157.85,12478444
2021-06-15 10:00:12,157.85,12478480
2021-06-15 10:00:13,157.9,12478717
2021-06-15 10:00:14,157.85,12490213
2021-06-15 10:00:15,157.9,12490273
2021-06-15 10:00:15,157.8,12490286
2021-06-15 10:00:16,157.85,12490397
2021-06-15 10:00:17,157.9,12490447
2021-06-15 10:00:18,157.9,12490807
2021-06-15 10:00:19,157.85,12495576
2021-06-15 10:00:20,157.85,12495876
2021-06-15 10:00:21,157.9,12499172
2021-06-15 10:00:22,157.85,12499272
2021-06-15 10:00:23,157.9,12501543
2021-06-15 10:00:24,157.85,12507883
2021-06-15 10:00:25,157.85,12508416
2021-06-15 10:00:27,157.85,12508495
2021-06-15 10:00:28,157.85,12508498
2021-06-15 10:00:29,157.8,12509712
2021-06-15 10:00:30,157.9,12510973
2021-06-15 10:00:33,157.8,12511623
2021-06-15 10:00:34,157.85,12512720
2021-06-15 10:00:35,157.85,12512866
2021-06-15 10:00:35,157.85,12512867
2021-06-15 10:00:36,157.8,12512915
2021-06-15 10:00:37,157.8,12516525
2021-06-15 10:00:39,157.8,12517169
2021-06-15 10:00:40,157.85,12517675
2021-06-15 10:00:41,157.8,12518068
2021-06-15 10:00:42,157.85,12523198
2021-06-15 10:00:43,157.8,12523734
2021-06-15 10:00:43,157.8,12523734
2021-06-15 10:00:44,157.85,12524500
2021-06-15 10:00:45,157.8,12525385
2021-06-15 10:00:46,157.75,12526613
2021-06-15 10:00:47,157.85,12527646
2021-06-15 10:00:48,157.85,12528188
2021-06-15 10:00:49,157.85,12528229
2021-06-15 10:00:50,157.8,12528791
2021-06-15 10:00:51,157.85,12533118
2021-06-15 10:00:52,157.75,12533150
2021-06-15 10:00:53,157.75,12533855
2021-06-15 10:00:54,157.55,12670346
2021-06-15 10:00:55,157.65,12678029
2021-06-15 10:00:57,157.65,12678394
2021-06-15 10:00:58,157.55,12679078
2021-06-15 10:00:59,157.65,12679352
2021-06-15 10:00:59,157.6,12679353
2021-06-15 10:01:00,157.6,12680754
2021-06-15 10:01:01,157.55,12681121
2021-06-15 10:01:02,157.6,12690032
2021-06-15 10:01:03,157.55,12691385
2021-06-15 10:01:04,157.55,12692285
2021-06-15 10:01:05,157.6,12692597
2021-06-15 10:01:06,157.6,12697911
2021-06-15 10:01:07,157.75,12700293
2021-06-15 10:01:08,157.65,12700424
2021-06-15 10:01:09,157.6,12706065
2021-06-15 10:01:10,157.7,12706566
2021-06-15 10:01:12,157.65,12708284
2021-06-15 10:01:13,157.7,12709475
2021-06-15 10:01:14,157.7,12710019
2021-06-15 10:01:16,157.65,12713732
2021-06-15 10:01:17,157.7,12714022
2021-06-15 10:01:19,157.7,12716146
2021-06-15 10:01:20,157.75,12717462
2021-06-15 10:01:20,157.65,12717644
2021-06-15 10:01:21,157.7,12718864
2021-06-15 10:01:22,157.75,12720988
2021-06-15 10:01:23,157.7,12722794
2021-06-15 10:01:24,157.75,12723488
2021-06-15 10:01:25,157.7,12723508
2021-06-15 10:01:26,157.75,12724218
2021-06-15 10:01:27,157.65,12724839
2021-06-15 10:01:28,157.7,12725306
2021-06-15 10:01:31,157.85,12740354
2021-06-15 10:01:32,157.8,12740605
2021-06-15 10:01:33,157.8,12740639
2021-06-15 10:01:34,157.85,12740670
2021-06-15 10:01:35,157.75,12741542
2021-06-15 10:01:36,157.75,12741642
2021-06-15 10:01:37,157.85,12744470
2021-06-15 10:01:37,157.85,12744470
2021-06-15 10:01:38,157.8,12744643
2021-06-15 10:01:39,157.8,12744713
2021-06-15 10:01:40,157.85,12745718
2021-06-15 10:01:41,157.85,12746208
2021-06-15 10:01:43,157.85,12746258
2021-06-15 10:01:43,157.85,12746258
2021-06-15 10:01:44,157.8,12746371
2021-06-15 10:01:45,157.8,12751603
2021-06-15 10:01:46,157.9,12752507
2021-06-15 10:01:47,157.9,12758756
2021-06-15 10:01:48,157.9,12758756
2021-06-15 10:01:49,157.9,12758758
2021-06-15 10:01:50,157.9,12758942
2021-06-15 10:01:52,157.95,12759998
2021-06-15 10:01:54,157.85,12760303
2021-06-15 10:01:55,157.95,12761369
2021-06-15 10:01:56,157.95,12761369
2021-06-15 10:01:57,157.95,12761823
2021-06-15 10:01:58,157.9,12762023
2021-06-15 10:01:59,157.9,12762117
2021-06-15 10:02:01,157.9,12762147
2021-06-15 10:02:02,157.9,12762788
2021-06-15 10:02:03,157.9,12762801
2021-06-15 10:02:03,157.9,12764181
2021-06-15 10:02:04,157.95,12764251
2021-06-15 10:02:05,157.85,12764814
2021-06-15 10:02:06,157.85,12765445
2021-06-15 10:02:07,157.9,12765895
2021-06-15 10:02:08,157.9,12766091
2021-06-15 10:02:09,157.9,12766111
2021-06-15 10:02:10,157.9,12767760
2021-06-15 10:02:11,157.9,12767760
2021-06-15 10:02:12,157.9,12768476
2021-06-15 10:02:13,157.9,12769074
2021-06-15 10:02:14,157.95,12770168
2021-06-15 10:02:17,157.85,12770627
2021-06-15 10:02:18,157.9,12770834
2021-06-15 10:02:19,157.85,12771086
2021-06-15 10:02:20,157.9,12771350
2021-06-15 10:02:21,157.9,12771378
2021-06-15 10:02:22,157.95,12772020
2021-06-15 10:02:23,157.9,12776814
2021-06-15 10:02:24,157.95,12777184
2021-06-15 10:02:25,157.9,12777324
2021-06-15 10:02:26,157.9,12778829
2021-06-15 10:02:27,157.9,12778829
2021-06-15 10:02:28,157.9,12779211
2021-06-15 10:02:29,157.95,12779350
2021-06-15 10:02:30,157.95,12780375
2021-06-15 10:02:31,157.85,12780543
2021-06-15 10:02:32,157.85,12780840
2021-06-15 10:02:32,157.85,12781220
2021-06-15 10:02:33,157.85,12783239
2021-06-15 10:02:34,157.9,12783438
2021-06-15 10:02:36,157.85,12784604
2021-06-15 10:02:37,157.85,12786539
2021-06-15 10:02:38,157.85,12787099
2021-06-15 10:02:39,157.85,12787289
2021-06-15 10:02:40,157.8,12787387
2021-06-15 10:02:41,157.8,12787695
2021-06-15 10:02:43,157.85,12787980
2021-06-15 10:02:44,157.8,12790462
2021-06-15 10:02:45,157.85,12790662
2021-06-15 10:02:46,157.85,12791173
2021-06-15 10:02:47,157.8,12791706
2021-06-15 10:02:47,157.8,12791514
2021-06-15 10:02:49,157.85,12795261
2021-06-15 10:02:50,157.8,12796681
2021-06-15 10:02:51,157.75,12796691
2021-06-15 10:02:52,157.8,12796795
2021-06-15 10:02:53,157.75,12797543
2021-06-15 10:02:55,157.9,12798095
2021-06-15 10:02:55,157.8,12798175
2021-06-15 10:02:57,157.9,12798860
2021-06-15 10:02:59,157.9,12799696
2021-06-15 10:03:01,157.9,12799696
2021-06-15 10:03:02,157.9,12800716
2021-06-15 10:03:03,157.85,12801328
2021-06-15 10:03:04,157.8,12802183
2021-06-15 10:03:04,157.9,12802433
2021-06-15 10:03:05,157.9,12802603
2021-06-15 10:03:07,157.9,12802738
2021-06-15 10:03:08,157.9,12802738
2021-06-15 10:03:09,157.9,12803455
2021-06-15 10:03:10,157.9,12803775
2021-06-15 10:03:10,157.8,12805475
2021-06-15 10:03:13,157.9,12809532
2021-06-15 10:03:14,157.95,12809946
2021-06-15 10:03:16,157.95,12810124
2021-06-15 10:03:18,157.95,12811375
2021-06-15 10:03:19,157.95,12811480
2021-06-15 10:03:19,157.95,12811552
2021-06-15 10:03:21,157.95,12812189
2021-06-15 10:03:22,158.0,12827258
2021-06-15 10:03:23,158.0,12827569
2021-06-15 10:03:24,158.0,12827916
2021-06-15 10:03:25,158.0,12828394
2021-06-15 10:03:26,158.0,12828485
2021-06-15 10:03:27,158.0,12828800
2021-06-15 10:03:28,158.0,12829594
2021-06-15 10:03:29,157.9,12833587
2021-06-15 10:03:30,158.0,12835214
2021-06-15 10:03:31,158.0,12835963
2021-06-15 10:03:32,157.95,12835975
2021-06-15 10:03:33,157.95,12835987
2021-06-15 10:03:34,157.9,12837008
2021-06-15 10:03:35,158.0,12838411
2021-06-15 10:03:36,157.95,12838693
2021-06-15 10:03:37,157.95,12838835
2021-06-15 10:03:38,158.0,12839004
2021-06-15 10:03:39,157.9,12841450
2021-06-15 10:03:40,157.85,12843051
2021-06-15 10:03:41,157.9,12843063
2021-06-15 10:03:42,157.95,12843472
2021-06-15 10:03:42,157.95,12843472
2021-06-15 10:03:43,157.95,12844556
2021-06-15 10:03:44,157.95,12844567
2021-06-15 10:03:46,157.95,12844711
2021-06-15 10:03:47,157.9,12844913
2021-06-15 10:03:48,157.95,12844914
2021-06-15 10:03:49,157.95,12845015
2021-06-15 10:03:50,157.95,12846721
2021-06-15 10:03:51,157.95,12846832
2021-06-15 10:03:52,157.95,12846857
2021-06-15 10:03:52,157.95,12846957
2021-06-15 10:03:53,157.95,12847400
2021-06-15 10:03:54,157.9,12847562
2021-06-15 10:03:55,157.9,12848074
2021-06-15 10:03:56,157.9,12849835
2021-06-15 10:03:57,157.95,12850123
2021-06-15 10:03:58,157.85,12851403
2021-06-15 10:03:59,157.9,12851660
2021-06-15 10:04:00,157.95,12851761
2021-06-15 10:04:03,157.95,12852691
2021-06-15 10:04:04,157.9,12853095
2021-06-15 10:04:06,157.9,12853245
2021-06-15 10:04:07,157.9,12855254
2021-06-15 10:04:08,157.9,12855305
2021-06-15 10:04:09,157.85,12856563
2021-06-15 10:04:10,157.85,12856584
2021-06-15 10:04:11,157.85,12857580
2021-06-15 10:04:12,157.85,12857580
2021-06-15 10:04:13,157.9,12858614
2021-06-15 10:04:14,157.85,12859154
2021-06-15 10:04:14,157.85,12859053
2021-06-15 10:04:15,157.8,12859237
2021-06-15 10:04:16,157.85,12859344
2021-06-15 10:04:18,157.9,12859515
2021-06-15 10:04:18,157.8,12860241
2021-06-15 10:04:20,157.85,12860295
2021-06-15 10:04:21,157.85,12860310
2021-06-15 10:04:21,157.9,12860390
2021-06-15 10:04:22,157.9,12860450
2021-06-15 10:04:26,157.85,12860591
2021-06-15 10:04:28,157.9,12869165
2021-06-15 10:04:29,157.9,12869713
2021-06-15 10:04:29,157.9,12869723
2021-06-15 10:04:31,157.8,12881744
2021-06-15 10:04:33,157.9,12881993
2021-06-15 10:04:33,157.9,12881995
2021-06-15 10:04:34,157.9,12881995
2021-06-15 10:04:35,157.9,12882023
2021-06-15 10:04:36,157.9,12882023
2021-06-15 10:04:37,157.85,12882631
2021-06-15 10:04:39,157.8,12883278
2021-06-15 10:04:41,157.85,12885869
2021-06-15 10:04:42,157.85,12885919
2021-06-15 10:04:43,157.85,12886309
2021-06-15 10:04:43,157.8,12886866
2021-06-15 10:04:44,157.9,12887011
2021-06-15 10:04:46,157.9,12887214
2021-06-15 10:04:46,157.9,12887296
2021-06-15 10:04:47,157.9,12887546
2021-06-15 10:04:49,157.8,12887694
2021-06-15 10:04:50,157.9,12887729
2021-06-15 10:04:51,157.85,12887964
2021-06-15 10:04:52,157.9,12888064
2021-06-15 10:04:53,157.9,12888084
2021-06-15 10:04:54,157.8,12888415
2021-06-15 10:04:55,157.9,12888476
2021-06-15 10:04:56,157.8,12889782
2021-06-15 10:04:57,157.85,12889817
2021-06-15 10:04:58,157.85,12889991
2021-06-15 10:04:59,157.9,12890094
2021-06-15 10:05:00,157.9,12890094
2021-06-15 10:05:02,157.8,12890779
2021-06-15 10:05:03,157.9,12890816
2021-06-15 10:05:05,157.9,12891431
2021-06-15 10:05:06,157.8,12892603
2021-06-15 10:05:07,157.9,12893603
2021-06-15 10:05:07,157.9,12893603
2021-06-15 10:05:10,157.9,12894758
2021-06-15 10:05:09,157.85,12893735
2021-06-15 10:05:11,157.9,12894758
2021-06-15 10:05:12,157.9,12894823
2021-06-15 10:05:13,157.9,12894974
2021-06-15 10:05:14,157.9,12894984
2021-06-15 10:05:15,157.9,12901288
2021-06-15 10:05:15,157.9,12901288
2021-06-15 10:05:18,157.9,12901525
2021-06-15 10:05:18,157.9,12901525
2021-06-15 10:05:20,157.95,12913149
2021-06-15 10:05:22,158.0,12913853
2021-06-15 10:05:23,157.95,12914584
2021-06-15 10:05:24,157.95,12914649
2021-06-15 10:05:25,157.95,12914809
2021-06-15 10:05:25,158.0,12915109
2021-06-15 10:05:26,157.95,12916255
2021-06-15 10:05:28,158.0,12917263
2021-06-15 10:05:30,158.0,12944224
2021-06-15 10:05:32,158.05,12956489
2021-06-15 10:05:33,158.0,12956549
2021-06-15 10:05:34,158.1,12957446
2021-06-15 10:05:34,158.05,12957444
2021-06-15 10:05:36,158.0,12958850
2021-06-15 10:05:37,158.1,12959135
2021-06-15 10:05:38,158.1,12959772
2021-06-15 10:05:40,158.15,12961625
2021-06-15 10:05:40,158.15,12962472
2021-06-15 10:05:42,158.1,12963289
2021-06-15 10:05:43,158.15,12963852
2021-06-15 10:05:44,158.15,12963872
2021-06-15 10:05:45,158.15,12978871
2021-06-15 10:05:46,158.3,12997648
2021-06-15 10:05:47,158.2,13001693
2021-06-15 10:05:48,158.3,13002981
2021-06-15 10:05:50,158.25,13005573
2021-06-15 10:05:52,158.3,13014297
2021-06-15 10:05:53,158.25,13014728
2021-06-15 10:05:54,158.25,13015409
2021-06-15 10:05:55,158.3,13018811
2021-06-15 10:05:56,158.35,13020894
2021-06-15 10:05:58,158.35,13026447
2021-06-15 10:05:59,158.3,13026507
2021-06-15 10:06:00,158.3,13028917
2021-06-15 10:06:00,158.3,13028917
2021-06-15 10:06:01,158.3,13032091
2021-06-15 10:06:02,158.4,13036622
2021-06-15 10:06:03,158.3,13037052
2021-06-15 10:06:05,158.3,13042552
2021-06-15 10:06:06,158.4,13043308
2021-06-15 10:06:07,158.4,13043308
2021-06-15 10:06:08,158.45,13044675
2021-06-15 10:06:09,158.45,13045609
2021-06-15 10:06:10,158.45,13046375
2021-06-15 10:06:11,158.5,13053620
2021-06-15 10:06:12,158.5,13055370
2021-06-15 10:06:13,158.5,13056011
2021-06-15 10:06:14,158.4,13058081
2021-06-15 10:06:15,158.5,13058598
2021-06-15 10:06:16,158.5,13060701
2021-06-15 10:06:17,158.45,13060900
2021-06-15 10:06:17,158.45,13061457
2021-06-15 10:06:18,158.4,13062886
2021-06-15 10:06:21,158.4,13064096
2021-06-15 10:06:22,158.45,13064607
2021-06-15 10:06:23,158.35,13065431
2021-06-15 10:06:24,158.35,13066431
2021-06-15 10:06:25,158.4,13067592
2021-06-15 10:06:26,158.3,13067800
2021-06-15 10:06:27,158.3,13069101
2021-06-15 10:06:28,158.35,13069111
2021-06-15 10:06:29,158.35,13070290
2021-06-15 10:06:30,158.35,13070634
2021-06-15 10:06:31,158.35,13071198
2021-06-15 10:06:33,158.35,13071323
2021-06-15 10:06:34,158.4,13072489
2021-06-15 10:06:35,158.3,13073599
2021-06-15 10:06:36,158.4,13073704
2021-06-15 10:06:37,158.3,13074224
2021-06-15 10:06:38,158.4,13076654
2021-06-15 10:06:39,158.3,13076694
2021-06-15 10:06:40,158.3,13077722
2021-06-15 10:06:41,158.3,13078022
2021-06-15 10:06:43,158.4,13080308
2021-06-15 10:06:44,158.35,13080693
2021-06-15 10:06:45,158.4,13080855
2021-06-15 10:06:46,158.4,13081699
2021-06-15 10:06:47,158.35,13083207
2021-06-15 10:06:48,158.35,13085093
2021-06-15 10:06:49,158.35,13085144
2021-06-15 10:06:50,158.35,13086257
2021-06-15 10:06:51,158.3,13087415
2021-06-15 10:06:52,158.3,13087721
2021-06-15 10:06:53,158.35,13088383
2021-06-15 10:06:54,158.4,13089514
2021-06-15 10:06:55,158.3,13090314
2021-06-15 10:06:56,158.35,13090562
2021-06-15 10:06:58,158.4,13090723
2021-06-15 10:06:57,158.3,13090593
2021-06-15 10:06:59,158.3,13091469
2021-06-15 10:07:00,158.3,13091689
2021-06-15 10:07:01,158.3,13091700
2021-06-15 10:07:02,158.35,13091808
2021-06-15 10:07:03,158.3,13092308
2021-06-15 10:07:05,158.35,13093290
2021-06-15 10:07:06,158.35,13093942
2021-06-15 10:07:07,158.35,13094042
2021-06-15 10:07:08,158.35,13094279
2021-06-15 10:07:09,158.35,13094298
2021-06-15 10:07:10,158.35,13096689
2021-06-15 10:07:11,158.35,13096695
2021-06-15 10:07:12,158.35,13096695
2021-06-15 10:07:13,158.35,13097242
2021-06-15 10:07:14,158.35,13100560
2021-06-15 10:07:15,158.4,13100663
2021-06-15 10:07:16,158.4,13100663
2021-06-15 10:07:17,158.4,13100663
2021-06-15 10:07:18,158.3,13100794
2021-06-15 10:07:19,158.35,13100875
2021-06-15 10:07:20,158.35,13100990
2021-06-15 10:07:21,158.3,13103649
2021-06-15 10:07:22,158.35,13103664
2021-06-15 10:07:23,158.3,13107005
2021-06-15 10:07:24,158.4,13107045
2021-06-15 10:07:25,158.3,13119706
2021-06-15 10:07:26,158.3,13119708
2021-06-15 10:07:27,158.4,13121389
2021-06-15 10:07:28,158.4,13121591
