timestamp,ltp,volume
2021-06-15 09:15:41,4408.85,4686
2021-06-15 09:15:42,4411.5,4810
2021-06-15 09:15:44,4408.1,4910
2021-06-15 09:15:45,4408.0,5103
2021-06-15 09:15:46,4407.95,5243
2021-06-15 09:15:47,4402.05,5465
2021-06-15 09:15:48,4405.25,5544
2021-06-15 09:15:49,4400.05,5768
2021-06-15 09:15:50,4400.0,5936
2021-06-15 09:15:51,4400.0,5936
2021-06-15 09:15:52,4397.75,6101
2021-06-15 09:15:53,4397.9,6167
2021-06-15 09:15:54,4391.25,6489
2021-06-15 09:15:55,4391.95,6494
2021-06-15 09:15:56,4394.65,6578
2021-06-15 09:15:57,4391.2,6583
2021-06-15 09:15:58,4391.05,6603
2021-06-15 09:16:00,4392.9,6637
2021-06-15 09:16:01,4392.95,6758
2021-06-15 09:16:02,4392.95,6758
2021-06-15 09:16:05,4397.1,7256
2021-06-15 09:16:06,4394.1,7267
2021-06-15 09:16:07,4397.95,7308
2021-06-15 09:16:08,4397.95,7310
2021-06-15 09:16:09,4398.15,7366
2021-06-15 09:16:10,4401.3,7445
2021-06-15 09:16:11,4402.65,7535
2021-06-15 09:16:12,4404.45,7584
2021-06-15 09:16:14,4406.9,7842
2021-06-15 09:16:15,4407.1,8596
2021-06-15 09:16:19,4408.6,8725
2021-06-15 09:16:20,4408.6,8725
2021-06-15 09:16:21,4406.9,8741
2021-06-15 09:16:22,4406.9,8745
2021-06-15 09:16:23,4409.7,8783
2021-06-15 09:16:24,4407.1,8842
2021-06-15 09:16:25,4407.1,8842
2021-06-15 09:16:27,4407.1,8865
2021-06-15 09:16:29,4407.1,9396
2021-06-15 09:16:30,4407.1,9398
2021-06-15 09:16:31,4405.2,9486
2021-06-15 09:16:32,4404.1,9503
2021-06-15 09:16:33,4402.75,9538
2021-06-15 09:16:34,4403.05,9568
2021-06-15 09:16:35,4403.05,9578
2021-06-15 09:16:36,4403.05,9578
2021-06-15 09:16:37,4403.05,9635
2021-06-15 09:16:38,4403.05,9635
2021-06-15 09:16:39,4404.15,9718
2021-06-15 09:16:42,4405.05,9720
2021-06-15 09:16:43,4405.05,9720
2021-06-15 09:16:45,4406.2,9730
2021-06-15 09:16:46,4404.7,9740
2021-06-15 09:16:47,4406.65,9876
2021-06-15 09:16:48,4404.7,9885
2021-06-15 09:16:49,4404.7,9885
2021-06-15 09:16:50,4403.2,9929
2021-06-15 09:16:51,4406.75,10234
2021-06-15 09:16:52,4405.25,10241
2021-06-15 09:16:53,4405.25,10243
2021-06-15 09:16:54,4403.35,10463
2021-06-15 09:16:55,4403.35,10473
2021-06-15 09:16:56,4406.35,10845
2021-06-15 09:16:57,4406.4,10853
2021-06-15 09:16:58,4406.0,10906
2021-06-15 09:16:59,4406.0,10907
2021-06-15 09:17:00,4405.7,10911
2021-06-15 09:17:01,4403.5,11216
2021-06-15 09:17:02,4403.5,11216
2021-06-15 09:17:03,4405.75,11231
2021-06-15 09:17:04,4405.75,11231
2021-06-15 09:17:05,4403.5,11244
2021-06-15 09:17:06,4403.5,11265
2021-06-15 09:17:07,4403.5,11265
2021-06-15 09:17:09,4403.5,11391
2021-06-15 09:17:10,4403.35,11415
2021-06-15 09:17:11,4402.95,11625
2021-06-15 09:17:12,4401.8,11631
2021-06-15 09:17:13,4404.0,11658
2021-06-15 09:17:15,4401.35,11773
2021-06-15 09:17:18,4401.45,11905
2021-06-15 09:17:19,4401.45,11905
2021-06-15 09:17:20,4404.35,11907
2021-06-15 09:17:22,4404.5,11971
2021-06-15 09:17:23,4401.5,11973
2021-06-15 09:17:24,4401.6,11975
2021-06-15 09:17:25,4401.6,11984
2021-06-15 09:17:26,4401.6,11984
2021-06-15 09:17:27,4401.6,11984
2021-06-15 09:17:28,4401.6,11984
2021-06-15 09:17:29,4401.6,11984
2021-06-15 09:17:30,4401.6,11984
2021-06-15 09:17:31,4404.45,11996
2021-06-15 09:17:32,4401.95,12099
2021-06-15 09:17:33,4401.95,12101
2021-06-15 09:17:34,4401.95,12101
2021-06-15 09:17:35,4402.95,12123
2021-06-15 09:17:36,4400.0,13148
2021-06-15 09:17:37,4399.95,13293
2021-06-15 09:17:38,4403.3,13298
2021-06-15 09:17:39,4403.35,13334
2021-06-15 09:17:40,4403.6,13386
2021-06-15 09:17:41,4399.95,14125
2021-06-15 09:17:42,4400.0,14130
2021-06-15 09:17:43,4398.05,14143
2021-06-15 09:17:44,4398.55,14919
2021-06-15 09:17:45,4398.3,15346
2021-06-15 09:17:46,4398.1,15409
2021-06-15 09:17:48,4398.2,15424
2021-06-15 09:17:49,4400.0,15433
2021-06-15 09:17:50,4398.3,15439
2021-06-15 09:17:51,4398.3,15508
2021-06-15 09:17:52,4396.0,16105
2021-06-15 09:17:53,4396.85,16112
2021-06-15 09:17:54,4396.85,16117
2021-06-15 09:17:55,4396.85,16117
2021-06-15 09:17:56,4397.6,16522
2021-06-15 09:17:58,4396.05,16738
2021-06-15 09:18:01,4396.0,16752
2021-06-15 09:18:02,4396.25,16759
2021-06-15 09:18:03,4396.25,16759
2021-06-15 09:18:04,4396.25,16759
2021-06-15 09:18:05,4395.0,16842
2021-06-15 09:18:06,4395.0,16842
2021-06-15 09:18:07,4394.0,16993
2021-06-15 09:18:08,4394.0,16993
2021-06-15 09:18:08,4394.0,16993
2021-06-15 09:18:09,4394.0,16993
2021-06-15 09:18:10,4396.6,17084
2021-06-15 09:18:11,4399.95,17104
2021-06-15 09:18:12,4398.7,17118
2021-06-15 09:18:13,4398.7,17118
2021-06-15 09:18:14,4400.85,17725
2021-06-15 09:18:15,4401.3,17727
2021-06-15 09:18:16,4402.2,17869
2021-06-15 09:18:17,4404.5,17894
2021-06-15 09:18:18,4404.5,17894
2021-06-15 09:18:19,4402.05,17903
2021-06-15 09:18:20,4402.05,17903
2021-06-15 09:18:21,4402.15,17905
2021-06-15 09:18:22,4402.15,17910
2021-06-15 09:18:24,4402.15,17928
2021-06-15 09:18:25,4402.15,17953
2021-06-15 09:18:26,4401.8,18037
2021-06-15 09:18:27,4401.8,18092
2021-06-15 09:18:28,4401.8,18093
2021-06-15 09:18:32,4402.0,18179
2021-06-15 09:18:33,4402.0,18179
2021-06-15 09:18:34,4400.1,18185
2021-06-15 09:18:36,4400.2,18258
2021-06-15 09:18:37,4400.2,18258
2021-06-15 09:18:38,4400.2,18258
2021-06-15 09:18:39,4402.15,18279
2021-06-15 09:18:40,4404.0,18664
2021-06-15 09:18:41,4404.85,18669
2021-06-15 09:18:42,4402.2,18677
2021-06-15 09:18:43,4402.2,18679
2021-06-15 09:18:44,4400.2,18896
2021-06-15 09:18:45,4398.55,19215
2021-06-15 09:18:46,4398.5,19219
2021-06-15 09:18:47,4400.45,19604
2021-06-15 09:18:48,4402.25,19613
2021-06-15 09:18:49,4402.05,19628
2021-06-15 09:18:50,4400.0,19665
2021-06-15 09:18:52,4400.8,19705
2021-06-15 09:18:54,4400.8,19705
2021-06-15 09:18:55,4404.3,20720
2021-06-15 09:18:56,4404.3,20720
2021-06-15 09:18:57,4401.45,20726
2021-06-15 09:18:58,4401.45,20726
2021-06-15 09:18:59,4403.05,20745
2021-06-15 09:19:00,4403.05,20745
2021-06-15 09:19:01,4403.05,20752
2021-06-15 09:19:02,4403.05,20754
2021-06-15 09:19:03,4401.45,20764
2021-06-15 09:19:04,4403.5,20771
2021-06-15 09:19:05,4401.65,20782
2021-06-15 09:19:06,4403.5,20811
2021-06-15 09:19:07,4401.65,20814
2021-06-15 09:19:08,4402.4,21066
2021-06-15 09:19:09,4402.5,21096
2021-06-15 09:19:10,4402.0,21100
2021-06-15 09:19:11,4402.0,21108
2021-06-15 09:19:12,4396.0,21436
2021-06-15 09:19:13,4398.35,21508
2021-06-15 09:19:14,4398.35,21508
2021-06-15 09:19:15,4397.3,21521
2021-06-15 09:19:16,4397.85,21535
2021-06-15 09:19:17,4397.85,21544
2021-06-15 09:19:19,4397.85,21590
2021-06-15 09:19:20,4397.85,21590
2021-06-15 09:19:21,4397.1,21594
2021-06-15 09:19:22,4397.1,21594
2021-06-15 09:19:23,4397.1,21594
2021-06-15 09:19:24,4397.1,21594
2021-06-15 09:19:25,4397.1,21600
2021-06-15 09:19:26,4399.55,21626
2021-06-15 09:19:27,4398.9,21660
2021-06-15 09:19:28,4396.0,21864
2021-06-15 09:19:29,4399.35,21897
2021-06-15 09:19:30,4399.55,21929
2021-06-15 09:19:31,4396.85,21936
2021-06-15 09:19:32,4398.75,21990
2021-06-15 09:19:33,4395.55,22012
2021-06-15 09:19:34,4395.55,22012
2021-06-15 09:19:35,4398.55,22013
2021-06-15 09:19:36,4397.0,22173
2021-06-15 09:19:37,4395.5,22373
2021-06-15 09:19:38,4395.55,22433
2021-06-15 09:19:39,4397.85,22472
2021-06-15 09:19:40,4397.85,22472
2021-06-15 09:19:41,4399.4,22473
2021-06-15 09:19:42,4396.15,22508
2021-06-15 09:19:43,4398.55,22633
2021-06-15 09:19:44,4396.6,22649
2021-06-15 09:19:46,4397.0,22653
2021-06-15 09:19:47,4397.0,22724
2021-06-15 09:19:48,4397.0,22732
2021-06-15 09:19:48,4396.15,22840
2021-06-15 09:19:49,4397.0,22858
2021-06-15 09:19:50,4395.05,22867
2021-06-15 09:19:51,4397.0,22871
2021-06-15 09:19:52,4397.0,22871
2021-06-15 09:19:53,4395.05,22874
2021-06-15 09:19:55,4396.4,23958
2021-06-15 09:19:56,4396.4,24003
2021-06-15 09:19:57,4396.4,24013
2021-06-15 09:19:58,4396.05,24025
2021-06-15 09:19:59,4395.55,24046
2021-06-15 09:20:00,4395.4,24918
2021-06-15 09:20:01,4392.0,24925
2021-06-15 09:20:02,4392.0,24925
2021-06-15 09:20:03,4394.55,25098
2021-06-15 09:20:04,4395.15,25198
2021-06-15 09:20:05,4392.3,25203
2021-06-15 09:20:06,4392.2,25252
2021-06-15 09:20:07,4392.2,25252
2021-06-15 09:20:09,4394.85,25329
2021-06-15 09:20:10,4394.85,25329
2021-06-15 09:20:11,4394.6,25344
2021-06-15 09:20:12,4394.65,25345
2021-06-15 09:20:13,4392.7,25350
2021-06-15 09:20:14,4392.7,25350
2021-06-15 09:20:15,4392.7,25354
2021-06-15 09:20:16,4395.0,25379
2021-06-15 09:20:17,4394.2,25383
2021-06-15 09:20:18,4393.45,25488
2021-06-15 09:20:19,4392.8,25501
2021-06-15 09:20:20,4395.5,25521
2021-06-15 09:20:21,4393.15,25539
2021-06-15 09:20:22,4393.15,25539
2021-06-15 09:20:23,4393.2,25550
2021-06-15 09:20:24,4393.0,25563
2021-06-15 09:20:25,4393.0,25641
2021-06-15 09:20:27,4393.0,25641
2021-06-15 09:20:28,4393.15,25648
2021-06-15 09:20:29,4393.15,25702
2021-06-15 09:20:30,4393.15,25702
2021-06-15 09:20:31,4393.15,25762
2021-06-15 09:20:33,4394.85,25772
2021-06-15 09:20:35,4392.75,25977
2021-06-15 09:20:36,4392.75,25977
2021-06-15 09:20:37,4393.05,26037
2021-06-15 09:20:38,4393.05,26037
2021-06-15 09:20:39,4393.1,26066
2021-06-15 09:20:40,4393.1,26066
2021-06-15 09:20:41,4390.15,26184
2021-06-15 09:20:42,4392.35,26205
2021-06-15 09:20:44,4392.35,26207
2021-06-15 09:20:44,4392.35,26207
2021-06-15 09:20:45,4392.35,26207
2021-06-15 09:20:46,4392.5,26256
2021-06-15 09:20:47,4392.5,26256
2021-06-15 09:20:48,4390.4,26262
2021-06-15 09:20:49,4392.6,26315
2021-06-15 09:20:50,4392.6,26315
2021-06-15 09:20:51,4389.8,26899
2021-06-15 09:20:52,4389.8,26899
2021-06-15 09:20:53,4389.8,26899
2021-06-15 09:20:54,4389.8,26899
2021-06-15 09:20:55,4389.8,26899
2021-06-15 09:20:57,4390.0,26904
2021-06-15 09:20:58,4385.0,28451
2021-06-15 09:20:59,4385.0,28461
2021-06-15 09:21:01,4388.85,28488
2021-06-15 09:21:02,4388.6,28563
2021-06-15 09:21:03,4386.95,28583
2021-06-15 09:21:04,4386.95,28583
2021-06-15 09:21:05,4390.75,28599
2021-06-15 09:21:06,4393.7,28782
2021-06-15 09:21:07,4393.15,28811
2021-06-15 09:21:10,4395.5,28953
2021-06-15 09:21:11,4394.45,28957
2021-06-15 09:21:12,4394.45,28984
2021-06-15 09:21:13,4394.45,29017
2021-06-15 09:21:14,4394.0,29063
2021-06-15 09:21:15,4394.0,29063
2021-06-15 09:21:16,4391.25,29068
2021-06-15 09:21:17,4390.05,29088
2021-06-15 09:21:18,4390.05,29088
2021-06-15 09:21:19,4393.05,29218
2021-06-15 09:21:20,4392.85,29228
2021-06-15 09:21:22,4391.15,29253
2021-06-15 09:21:23,4393.8,29255
2021-06-15 09:21:24,4393.0,29267
2021-06-15 09:21:25,4391.05,29270
2021-06-15 09:21:27,4392.0,29295
2021-06-15 09:21:28,4392.0,29295
2021-06-15 09:21:30,4392.0,29295
2021-06-15 09:21:31,4393.0,29300
2021-06-15 09:21:32,4393.0,29300
2021-06-15 09:21:33,4391.15,29305
2021-06-15 09:21:34,4393.0,29311
2021-06-15 09:21:35,4393.0,29311
2021-06-15 09:21:38,4393.0,29346
2021-06-15 09:21:39,4393.0,29346
2021-06-15 09:21:40,4393.0,29346
2021-06-15 09:21:41,4391.3,29347
2021-06-15 09:21:41,4391.3,29347
2021-06-15 09:21:42,4391.3,29347
2021-06-15 09:21:43,4391.0,29639
2021-06-15 09:21:44,4390.5,30142
2021-06-15 09:21:45,4390.5,30142
2021-06-15 09:21:46,4390.5,30142
2021-06-15 09:21:47,4390.5,30142
2021-06-15 09:21:48,4390.5,30142
2021-06-15 09:21:49,4390.5,30142
2021-06-15 09:21:50,4390.0,30146
2021-06-15 09:21:51,4390.5,30148
2021-06-15 09:21:52,4391.2,30367
2021-06-15 09:21:54,4391.2,30367
2021-06-15 09:21:55,4390.75,30382
2021-06-15 09:21:56,4390.75,30382
2021-06-15 09:21:57,4390.55,30388
2021-06-15 09:21:58,4390.55,30398
2021-06-15 09:21:59,4390.55,30398
2021-06-15 09:22:00,4390.5,30540
2021-06-15 09:22:01,4390.2,30555
2021-06-15 09:22:03,4390.0,30616
2021-06-15 09:22:04,4390.0,30616
2021-06-15 09:22:05,4390.0,30666
2021-06-15 09:22:06,4390.0,30666
2021-06-15 09:22:07,4388.85,30727
2021-06-15 09:22:08,4388.8,30728
2021-06-15 09:22:09,4388.8,30728
2021-06-15 09:22:10,4390.85,30764
2021-06-15 09:22:11,4390.85,30764
2021-06-15 09:22:12,4388.85,30770
2021-06-15 09:22:13,4390.85,30794
2021-06-15 09:22:13,4388.85,30810
2021-06-15 09:22:15,4388.85,30834
2021-06-15 09:22:15,4388.0,30835
2021-06-15 09:22:16,4387.05,30843
2021-06-15 09:22:17,4387.05,30843
2021-06-15 09:22:19,4387.05,30843
2021-06-15 09:22:20,4389.1,30868
2021-06-15 09:22:22,4389.1,30868
2021-06-15 09:22:22,4389.1,30868
2021-06-15 09:22:23,4386.5,31031
2021-06-15 09:22:24,4386.5,31031
2021-06-15 09:22:25,4386.5,31031
2021-06-15 09:22:27,4386.3,31045
2021-06-15 09:22:27,4386.3,31046
2021-06-15 09:22:28,4386.3,31046
2021-06-15 09:22:30,4386.3,31046
2021-06-15 09:22:30,4386.3,31046
2021-06-15 09:22:32,4385.0,31107
2021-06-15 09:22:34,4386.0,31140
2021-06-15 09:22:35,4386.5,31422
2021-06-15 09:22:36,4386.5,31422
2021-06-15 09:22:37,4386.0,31423
2021-06-15 09:22:38,4386.0,31478
2021-06-15 09:22:40,4385.0,31828
2021-06-15 09:22:41,4386.5,31864
2021-06-15 09:22:43,4388.0,31896
2021-06-15 09:22:44,4388.0,31896
2021-06-15 09:22:45,4388.0,31900
2021-06-15 09:22:46,4388.0,31910
2021-06-15 09:22:47,4388.0,31910
2021-06-15 09:22:48,4386.1,32021
2021-06-15 09:22:49,4388.45,32041
2021-06-15 09:22:51,4386.35,32045
2021-06-15 09:22:52,4386.35,32045
2021-06-15 09:22:53,4386.35,32045
2021-06-15 09:22:54,4388.45,32065
2021-06-15 09:22:55,4388.45,32065
2021-06-15 09:22:56,4387.0,32134
2021-06-15 09:22:57,4387.0,32134
2021-06-15 09:22:58,4388.0,32152
2021-06-15 09:22:59,4388.0,32152
2021-06-15 09:23:00,4388.85,32191
2021-06-15 09:23:01,4387.75,32260
2021-06-15 09:23:02,4387.75,32264
2021-06-15 09:23:03,4387.75,32289
2021-06-15 09:23:04,4387.75,32289
2021-06-15 09:23:05,4389.95,32316
2021-06-15 09:23:06,4387.75,32317
2021-06-15 09:23:07,4387.75,32320
2021-06-15 09:23:08,4388.0,32321
2021-06-15 09:23:09,4390.0,32346
2021-06-15 09:23:10,4390.4,32451
2021-06-15 09:23:11,4390.4,32451
2021-06-15 09:23:11,4390.4,32451
2021-06-15 09:23:14,4390.25,32666
2021-06-15 09:23:16,4384.05,33916
2021-06-15 09:23:17,4382.6,33922
2021-06-15 09:23:17,4384.4,33933
2021-06-15 09:23:18,4384.35,33942
2021-06-15 09:23:19,4384.4,33943
2021-06-15 09:23:21,4382.6,33945
2021-06-15 09:23:22,4382.7,34148
2021-06-15 09:23:23,4385.8,34173
2021-06-15 09:23:24,4383.15,34185
2021-06-15 09:23:25,4384.5,34194
2021-06-15 09:23:26,4384.5,34196
2021-06-15 09:23:27,4384.5,34206
2021-06-15 09:23:28,4384.5,34208
2021-06-15 09:23:29,4384.5,34280
2021-06-15 09:23:30,4384.4,34340
2021-06-15 09:23:31,4384.4,34340
2021-06-15 09:23:32,4384.5,34345
2021-06-15 09:23:34,4383.0,34392
2021-06-15 09:23:36,4383.25,34424
2021-06-15 09:23:37,4383.25,34424
2021-06-15 09:23:38,4383.25,34431
2021-06-15 09:23:38,4383.25,34431
2021-06-15 09:23:40,4382.0,34543
2021-06-15 09:23:40,4382.95,34757
2021-06-15 09:23:42,4382.95,34781
2021-06-15 09:23:43,4383.25,34794
2021-06-15 09:23:44,4383.25,34794
2021-06-15 09:23:45,4383.25,34794
2021-06-15 09:23:46,4383.25,34794
2021-06-15 09:23:47,4385.85,34795
2021-06-15 09:23:48,4386.35,34895
2021-06-15 09:23:49,4386.35,34895
2021-06-15 09:23:50,4387.7,35113
2021-06-15 09:23:51,4388.65,35126
2021-06-15 09:23:52,4387.2,35184
2021-06-15 09:23:53,4387.2,35184
2021-06-15 09:23:54,4386.35,35185
2021-06-15 09:23:55,4386.35,35185
2021-06-15 09:23:56,4386.35,35185
2021-06-15 09:23:57,4387.7,35190
2021-06-15 09:23:58,4387.75,35193
2021-06-15 09:23:59,4387.75,35193
2021-06-15 09:24:00,4387.75,35200
2021-06-15 09:24:01,4387.75,35200
2021-06-15 09:24:02,4386.35,35272
2021-06-15 09:24:03,4383.35,35282
2021-06-15 09:24:04,4385.45,35386
2021-06-15 09:24:05,4383.4,35424
2021-06-15 09:24:06,4383.4,35424
2021-06-15 09:24:07,4383.4,35446
2021-06-15 09:24:08,4383.4,35446
2021-06-15 09:24:09,4383.4,35446
2021-06-15 09:24:10,4383.4,35448
2021-06-15 09:24:11,4384.2,35449
2021-06-15 09:24:12,4384.2,35449
2021-06-15 09:24:13,4384.2,35458
2021-06-15 09:24:14,4383.45,35464
2021-06-15 09:24:15,4383.45,35464
2021-06-15 09:24:16,4383.45,35466
2021-06-15 09:24:17,4381.95,35812
2021-06-15 09:24:18,4381.95,35812
2021-06-15 09:24:21,4384.9,36265
2021-06-15 09:24:22,4382.55,36270
2021-06-15 09:24:23,4384.7,36295
2021-06-15 09:24:24,4382.5,36499
2021-06-15 09:24:25,4384.5,36504
2021-06-15 09:24:26,4384.5,36504
2021-06-15 09:24:27,4384.5,36504
2021-06-15 09:24:28,4384.5,36504
2021-06-15 09:24:29,4384.5,36504
2021-06-15 09:24:30,4385.0,36526
2021-06-15 09:24:31,4382.65,36544
2021-06-15 09:24:32,4384.2,36633
2021-06-15 09:24:33,4384.65,36634
2021-06-15 09:24:35,4383.0,36666
2021-06-15 09:24:36,4384.65,36679
2021-06-15 09:24:37,4384.65,36679
2021-06-15 09:24:38,4383.0,36700
2021-06-15 09:24:39,4383.05,36703
2021-06-15 09:24:40,4383.05,36708
2021-06-15 09:24:41,4383.05,36713
2021-06-15 09:24:42,4384.75,36724
2021-06-15 09:24:43,4382.5,36732
2021-06-15 09:24:44,4382.5,36732
2021-06-15 09:24:45,4382.55,36737
2021-06-15 09:24:46,4383.35,36742
2021-06-15 09:24:47,4383.35,36742
2021-06-15 09:24:48,4383.3,36750
2021-06-15 09:24:49,4383.5,36761
2021-06-15 09:24:50,4383.5,36766
2021-06-15 09:24:51,4383.5,36766
2021-06-15 09:24:52,4383.5,36776
2021-06-15 09:24:53,4383.5,36776
2021-06-15 09:24:54,4383.5,36780
2021-06-15 09:24:55,4383.5,36780
2021-06-15 09:24:56,4383.5,36797
2021-06-15 09:24:57,4382.0,36997
2021-06-15 09:24:58,4382.0,36997
2021-06-15 09:24:59,4382.4,37559
2021-06-15 09:25:00,4380.25,37640
2021-06-15 09:25:01,4380.15,37651
2021-06-15 09:25:02,4380.0,38191
2021-06-15 09:25:03,4380.0,38191
2021-06-15 09:25:04,4380.0,38191
2021-06-15 09:25:05,4377.85,38233
2021-06-15 09:25:06,4375.55,38238
2021-06-15 09:25:07,4375.55,38238
2021-06-15 09:25:08,4377.75,38248
2021-06-15 09:25:10,4375.75,38249
2021-06-15 09:25:11,4377.1,38255
2021-06-15 09:25:19,4378.5,38441
2021-06-15 09:25:20,4375.75,38491
2021-06-15 09:25:21,4375.45,38626
2021-06-15 09:25:22,4378.6,38857
2021-06-15 09:25:23,4378.6,38857
2021-06-15 09:25:24,4378.6,38857
2021-06-15 09:25:25,4378.6,38857
2021-06-15 09:25:26,4379.7,38863
2021-06-15 09:25:27,4381.55,39010
2021-06-15 09:25:28,4381.95,39058
2021-06-15 09:25:29,4382.85,39069
2021-06-15 09:25:30,4382.85,39069
2021-06-15 09:25:31,4382.85,39069
2021-06-15 09:25:32,4382.65,39109
2021-06-15 09:25:33,4382.6,39110
2021-06-15 09:25:34,4380.5,39112
2021-06-15 09:25:35,4380.5,39167
2021-06-15 09:25:38,4382.9,39296
2021-06-15 09:25:39,4382.9,39296
2021-06-15 09:25:40,4382.9,39296
2021-06-15 09:25:41,4382.9,39346
2021-06-15 09:25:42,4382.95,39447
2021-06-15 09:25:44,4382.95,39447
2021-06-15 09:25:45,4380.85,39581
2021-06-15 09:25:46,4380.85,39581
2021-06-15 09:25:47,4380.85,39586
2021-06-15 09:25:48,4382.0,39596
2021-06-15 09:25:49,4382.0,39596
2021-06-15 09:25:50,4382.0,39596
2021-06-15 09:25:51,4382.0,39603
2021-06-15 09:25:52,4382.0,39603
2021-06-15 09:25:53,4382.0,39603
2021-06-15 09:25:54,4382.0,39604
2021-06-15 09:25:55,4381.6,39652
2021-06-15 09:25:56,4381.6,39652
2021-06-15 09:25:57,4381.6,39652
2021-06-15 09:25:58,4381.6,39652
2021-06-15 09:25:59,4381.6,39652
2021-06-15 09:26:00,4381.6,39652
2021-06-15 09:26:01,4383.35,39750
2021-06-15 09:26:02,4382.3,39767
2021-06-15 09:26:03,4384.0,39772
2021-06-15 09:26:04,4384.0,39772
2021-06-15 09:26:05,4384.05,39799
2021-06-15 09:26:06,4384.2,39890
2021-06-15 09:26:07,4384.2,39890
2021-06-15 09:26:08,4384.2,39890
2021-06-15 09:26:09,4382.6,39900
2021-06-15 09:26:10,4382.6,39900
2021-06-15 09:26:11,4382.4,39906
2021-06-15 09:26:12,4382.4,39906
2021-06-15 09:26:13,4382.55,39917
2021-06-15 09:26:15,4384.3,39922
2021-06-15 09:26:16,4382.7,39924
2021-06-15 09:26:17,4382.7,39924
2021-06-15 09:26:18,4384.05,40167
2021-06-15 09:26:20,4384.55,40220
2021-06-15 09:26:21,4385.0,40336
2021-06-15 09:26:22,4385.0,40339
2021-06-15 09:26:23,4384.05,40350
2021-06-15 09:26:24,4384.05,40350
2021-06-15 09:26:25,4384.05,40350
2021-06-15 09:26:26,4384.3,40352
2021-06-15 09:26:27,4384.3,40355
2021-06-15 09:26:28,4384.0,40427
2021-06-15 09:26:29,4383.0,40434
2021-06-15 09:26:30,4383.0,40436
2021-06-15 09:26:31,4383.0,40436
2021-06-15 09:26:32,4382.0,40812
2021-06-15 09:26:33,4382.0,40812
2021-06-15 09:26:34,4381.0,40822
2021-06-15 09:26:35,4381.8,40848
2021-06-15 09:26:36,4381.0,40855
2021-06-15 09:26:37,4381.0,40855
2021-06-15 09:26:38,4381.7,40925
2021-06-15 09:26:39,4380.0,40953
2021-06-15 09:26:40,4380.0,40964
2021-06-15 09:26:41,4377.8,40986
2021-06-15 09:26:42,4377.75,41001
2021-06-15 09:26:43,4377.85,41156
2021-06-15 09:26:44,4379.3,41311
2021-06-15 09:26:45,4379.3,41311
2021-06-15 09:26:46,4379.0,41329
2021-06-15 09:26:47,4378.35,41339
2021-06-15 09:26:48,4380.6,41344
2021-06-15 09:26:49,4378.5,41353
2021-06-15 09:26:50,4378.35,41363
2021-06-15 09:26:51,4378.35,41363
2021-06-15 09:26:52,4378.35,41372
2021-06-15 09:26:54,4378.35,41372
2021-06-15 09:26:55,4378.35,41372
2021-06-15 09:26:56,4378.35,41373
2021-06-15 09:26:57,4378.35,41373
2021-06-15 09:26:58,4380.65,41378
2021-06-15 09:26:59,4380.7,41382
2021-06-15 09:27:00,4379.75,41386
2021-06-15 09:27:00,4379.75,41386
2021-06-15 09:27:01,4379.75,41386
2021-06-15 09:27:02,4380.65,41391
2021-06-15 09:27:03,4380.65,41391
2021-06-15 09:27:04,4382.3,41411
2021-06-15 09:27:05,4382.4,41438
2021-06-15 09:27:06,4382.4,41438
2021-06-15 09:27:07,4382.4,41438
2021-06-15 09:27:09,4382.4,41444
2021-06-15 09:27:10,4382.4,41444
2021-06-15 09:27:11,4382.4,41444
2021-06-15 09:27:12,4381.25,41467
2021-06-15 09:27:13,4379.75,41551
2021-06-15 09:27:15,4382.2,41572
2021-06-15 09:27:16,4379.25,41576
2021-06-15 09:27:17,4379.3,41581
2021-06-15 09:27:17,4379.3,41581
2021-06-15 09:27:18,4379.3,41593
2021-06-15 09:27:19,4380.65,41615
2021-06-15 09:27:21,4379.25,41629
2021-06-15 09:27:22,4380.0,41729
2021-06-15 09:27:23,4381.5,41731
2021-06-15 09:27:24,4380.0,41735
2021-06-15 09:27:25,4380.0,41735
2021-06-15 09:27:26,4380.0,41790
2021-06-15 09:27:27,4382.3,41990
2021-06-15 09:27:28,4380.0,42161
2021-06-15 09:27:28,4380.0,42161
2021-06-15 09:27:30,4379.0,42170
2021-06-15 09:27:31,4381.15,42220
2021-06-15 09:27:32,4380.3,42282
2021-06-15 09:27:33,4382.25,42286
2021-06-15 09:27:34,4382.6,42287
2021-06-15 09:27:35,4381.35,42370
2021-06-15 09:27:36,4379.8,42420
2021-06-15 09:27:38,4379.8,42420
2021-06-15 09:27:39,4379.8,42420
2021-06-15 09:27:40,4379.8,42420
2021-06-15 09:27:41,4379.8,42420
2021-06-15 09:27:42,4379.8,42420
2021-06-15 09:27:44,4379.8,42420
2021-06-15 09:27:44,4380.35,42430
2021-06-15 09:27:45,4380.35,42430
2021-06-15 09:27:47,4380.3,42431
2021-06-15 09:27:47,4380.3,42431
2021-06-15 09:27:48,4382.2,42531
2021-06-15 09:27:49,4380.4,42533
2021-06-15 09:27:50,4380.55,42557
2021-06-15 09:27:51,4380.55,42557
2021-06-15 09:27:52,4382.2,42566
2021-06-15 09:27:53,4382.2,42566
2021-06-15 09:27:54,4383.05,42567
2021-06-15 09:27:55,4382.2,42652
2021-06-15 09:27:56,4381.4,42656
2021-06-15 09:27:57,4381.4,42656
2021-06-15 09:27:58,4380.95,42661
2021-06-15 09:27:59,4381.1,42665
2021-06-15 09:28:00,4381.15,42699
2021-06-15 09:28:01,4381.15,42699
2021-06-15 09:28:02,4381.15,42699
2021-06-15 09:28:03,4382.6,42702
2021-06-15 09:28:04,4382.6,42709
2021-06-15 09:28:05,4382.6,42736
2021-06-15 09:28:06,4382.6,42736
2021-06-15 09:28:07,4382.3,42775
2021-06-15 09:28:08,4382.65,42778
2021-06-15 09:28:09,4382.65,42780
2021-06-15 09:28:10,4382.65,42780
2021-06-15 09:28:11,4382.65,42780
2021-06-15 09:28:12,4382.65,42780
2021-06-15 09:28:13,4382.65,42780
2021-06-15 09:28:14,4381.25,42782
2021-06-15 09:28:15,4381.25,42782
2021-06-15 09:28:16,4381.25,42782
2021-06-15 09:28:17,4381.25,42782
2021-06-15 09:28:18,4382.3,42783
2021-06-15 09:28:19,4381.25,42785
2021-06-15 09:28:20,4382.3,42831
2021-06-15 09:28:21,4382.3,42831
2021-06-15 09:28:22,4381.65,42835
2021-06-15 09:28:23,4381.7,42843
2021-06-15 09:28:24,4383.8,42879
2021-06-15 09:28:25,4384.15,42883
2021-06-15 09:28:26,4384.45,42894
2021-06-15 09:28:27,4384.35,42930
2021-06-15 09:28:28,4384.05,43004
2021-06-15 09:28:29,4382.25,43009
2021-06-15 09:28:30,4382.25,43009
2021-06-15 09:28:31,4381.7,43209
2021-06-15 09:28:32,4384.45,43277
2021-06-15 09:28:33,4384.05,43281
2021-06-15 09:28:34,4384.1,43294
2021-06-15 09:28:35,4382.0,43494
2021-06-15 09:28:36,4382.0,43494
2021-06-15 09:28:37,4382.0,43494
2021-06-15 09:28:38,4382.0,43494
2021-06-15 09:28:39,4384.5,43504
2021-06-15 09:28:40,4384.55,43505
2021-06-15 09:28:42,4382.35,43506
2021-06-15 09:28:43,4382.35,43506
2021-06-15 09:28:44,4384.5,43509
2021-06-15 09:28:45,4384.5,43509
2021-06-15 09:28:46,4384.5,43509
2021-06-15 09:28:47,4384.5,43509
2021-06-15 09:28:49,4384.5,43509
2021-06-15 09:28:50,4384.5,43515
2021-06-15 09:28:51,4384.5,43515
2021-06-15 09:28:52,4384.5,43515
2021-06-15 09:28:53,4384.5,43515
2021-06-15 09:28:54,4384.5,43515
2021-06-15 09:28:55,4384.5,43515
2021-06-15 09:28:56,4384.5,43515
2021-06-15 09:28:57,4384.5,43515
2021-06-15 09:28:58,4384.55,43516
2021-06-15 09:28:59,4384.55,43516
2021-06-15 09:29:01,4380.45,43899
2021-06-15 09:29:02,4380.45,43899
2021-06-15 09:29:03,4380.45,43949
2021-06-15 09:29:03,4379.9,44017
2021-06-15 09:29:04,4379.9,44017
2021-06-15 09:29:05,4380.25,44164
2021-06-15 09:29:06,4379.0,44184
2021-06-15 09:29:07,4378.15,44209
2021-06-15 09:29:08,4379.95,44243
2021-06-15 09:29:09,4378.55,44262
2021-06-15 09:29:10,4378.55,44262
2021-06-15 09:29:11,4378.0,44264
2021-06-15 09:29:12,4378.4,44378
2021-06-15 09:29:13,4378.4,44378
2021-06-15 09:29:15,4377.95,44388
2021-06-15 09:29:16,4377.95,44390
2021-06-15 09:29:17,4377.8,44391
2021-06-15 09:29:18,4377.8,44392
2021-06-15 09:29:19,4375.0,45340
2021-06-15 09:29:20,4378.55,45341
2021-06-15 09:29:21,4378.0,45359
2021-06-15 09:29:22,4378.8,45360
2021-06-15 09:29:22,4378.8,45360
2021-06-15 09:29:23,4378.8,45360
2021-06-15 09:29:24,4377.0,45376
2021-06-15 09:29:25,4378.0,45378
2021-06-15 09:29:26,4378.0,45378
2021-06-15 09:29:27,4378.0,45378
2021-06-15 09:29:29,4378.45,45393
2021-06-15 09:29:30,4378.45,45393
2021-06-15 09:29:31,4378.45,45393
2021-06-15 09:29:32,4378.45,45431
2021-06-15 09:29:34,4378.45,45431
2021-06-15 09:29:35,4378.45,45448
2021-06-15 09:29:36,4378.45,45448
2021-06-15 09:29:37,4378.65,45449
2021-06-15 09:29:39,4380.0,45516
2021-06-15 09:29:40,4380.4,45539
2021-06-15 09:29:41,4381.0,45555
2021-06-15 09:29:42,4381.0,45555
2021-06-15 09:29:43,4381.15,45578
2021-06-15 09:29:45,4382.0,45601
2021-06-15 09:29:46,4382.2,45609
2021-06-15 09:29:48,4382.15,45611
2021-06-15 09:29:48,4382.2,45613
2021-06-15 09:29:49,4381.15,45733
2021-06-15 09:29:51,4381.45,45734
2021-06-15 09:29:52,4381.15,45765
2021-06-15 09:29:53,4381.15,45765
2021-06-15 09:29:54,4381.15,45765
2021-06-15 09:29:55,4380.25,45767
2021-06-15 09:29:56,4380.25,45767
2021-06-15 09:29:57,4380.25,45791
2021-06-15 09:29:58,4381.25,45796
2021-06-15 09:29:58,4381.2,45797
2021-06-15 09:30:00,4381.2,45797
2021-06-15 09:30:01,4381.2,45797
2021-06-15 09:30:03,4381.2,45803
2021-06-15 09:30:04,4381.2,45803
2021-06-15 09:30:05,4381.7,45822
2021-06-15 09:30:06,4382.0,45862
2021-06-15 09:30:07,4382.0,45869
2021-06-15 09:30:12,4383.1,45900
2021-06-15 09:30:13,4383.1,45900
2021-06-15 09:30:14,4383.1,45900
2021-06-15 09:30:15,4381.95,46150
2021-06-15 09:30:17,4381.95,46150
2021-06-15 09:30:18,4379.15,46154
2021-06-15 09:30:19,4381.9,46158
2021-06-15 09:30:20,4379.35,46217
2021-06-15 09:30:21,4378.0,46417
2021-06-15 09:30:22,4378.25,46421
2021-06-15 09:30:23,4378.25,46421
2021-06-15 09:30:24,4378.25,46426
2021-06-15 09:30:25,4378.25,46426
2021-06-15 09:30:26,4378.25,46436
2021-06-15 09:30:27,4381.25,46437
2021-06-15 09:30:28,4381.25,46437
2021-06-15 09:30:29,4381.25,46437
2021-06-15 09:30:31,4381.3,46443
2021-06-15 09:30:34,4381.95,46543
2021-06-15 09:30:36,4379.8,46592
2021-06-15 09:30:37,4379.8,46592
2021-06-15 09:30:38,4379.0,46669
2021-06-15 09:30:39,4379.0,46669
2021-06-15 09:30:40,4378.6,46673
2021-06-15 09:30:41,4379.0,46693
2021-06-15 09:30:43,4379.0,46873
2021-06-15 09:30:44,4379.8,46874
2021-06-15 09:30:45,4379.8,46874
2021-06-15 09:30:46,4379.8,46874
2021-06-15 09:30:48,4380.95,46894
2021-06-15 09:30:48,4381.95,46904
2021-06-15 09:30:49,4381.95,46904
2021-06-15 09:30:50,4380.25,46928
2021-06-15 09:30:51,4382.45,46938
2021-06-15 09:30:53,4380.35,46939
2021-06-15 09:30:53,4380.35,46939
2021-06-15 09:30:55,4380.35,46939
2021-06-15 09:30:56,4381.1,46949
2021-06-15 09:30:58,4381.1,46949
2021-06-15 09:30:59,4382.75,46973
2021-06-15 09:31:00,4382.0,46981
2021-06-15 09:31:00,4382.0,46981
2021-06-15 09:31:01,4382.0,46981
2021-06-15 09:31:02,4379.9,47241
2021-06-15 09:31:03,4379.0,47405
2021-06-15 09:31:04,4379.0,47508
2021-06-15 09:31:05,4379.0,47536
2021-06-15 09:31:06,4378.3,47540
2021-06-15 09:31:07,4378.3,47540
2021-06-15 09:31:08,4378.3,47540
2021-06-15 09:31:09,4378.15,47545
2021-06-15 09:31:10,4379.0,47566
2021-06-15 09:31:11,4378.65,47641
2021-06-15 09:31:12,4378.85,47693
2021-06-15 09:31:13,4377.0,47756
2021-06-15 09:31:14,4377.0,47756
2021-06-15 09:31:15,4378.65,47776
2021-06-15 09:31:16,4378.65,47776
2021-06-15 09:31:17,4377.0,47781
2021-06-15 09:31:19,4377.0,47781
2021-06-15 09:31:20,4378.5,47787
2021-06-15 09:31:21,4378.95,47837
2021-06-15 09:31:21,4378.95,47837
2021-06-15 09:31:23,4378.95,47837
2021-06-15 09:31:24,4379.0,47890
2021-06-15 09:31:25,4379.0,47890
2021-06-15 09:31:26,4379.0,47890
2021-06-15 09:31:27,4379.0,47890
2021-06-15 09:31:28,4379.0,47890
2021-06-15 09:31:29,4378.9,47891
2021-06-15 09:31:30,4379.0,47897
2021-06-15 09:31:31,4379.0,48007
2021-06-15 09:31:32,4378.95,48008
2021-06-15 09:31:33,4378.95,48008
2021-06-15 09:31:33,4378.95,48008
2021-06-15 09:31:34,4379.0,48034
2021-06-15 09:31:35,4377.35,48038
2021-06-15 09:31:36,4377.35,48038
2021-06-15 09:31:37,4377.35,48043
2021-06-15 09:31:38,4379.0,48048
2021-06-15 09:31:39,4377.35,48053
2021-06-15 09:31:40,4377.35,48053
2021-06-15 09:31:41,4379.0,48064
2021-06-15 09:31:42,4379.0,48064
2021-06-15 09:31:43,4377.35,48114
2021-06-15 09:31:44,4377.35,48114
2021-06-15 09:31:45,4377.35,48114
2021-06-15 09:31:46,4377.0,48453
2021-06-15 09:31:47,4377.45,48457
2021-06-15 09:31:48,4376.2,48466
2021-06-15 09:31:49,4377.7,48496
2021-06-15 09:31:50,4376.2,48500
2021-06-15 09:31:51,4377.0,48501
2021-06-15 09:31:52,4377.0,48501
2021-06-15 09:31:53,4377.0,48501
2021-06-15 09:31:54,4377.0,48506
2021-06-15 09:31:55,4377.0,48506
2021-06-15 09:31:56,4377.0,48510
2021-06-15 09:31:57,4377.0,48510
2021-06-15 09:31:58,4377.0,48510
2021-06-15 09:31:59,4378.45,48522
2021-06-15 09:32:00,4378.45,48522
2021-06-15 09:32:01,4377.0,48527
2021-06-15 09:32:02,4378.85,48537
2021-06-15 09:32:03,4378.95,48589
2021-06-15 09:32:05,4378.95,48620
2021-06-15 09:32:05,4378.95,48620
2021-06-15 09:32:06,4377.0,48629
2021-06-15 09:32:07,4377.0,48745
2021-06-15 09:32:08,4376.25,48845
2021-06-15 09:32:09,4378.6,48884
2021-06-15 09:32:11,4376.35,48887
2021-06-15 09:32:12,4375.35,48970
2021-06-15 09:32:13,4375.35,48970
2021-06-15 09:32:14,4375.1,49026
2021-06-15 09:32:15,4373.0,49072
2021-06-15 09:32:15,4373.1,49078
2021-06-15 09:32:16,4373.85,49083
2021-06-15 09:32:17,4373.5,49148
2021-06-15 09:32:18,4373.5,49148
2021-06-15 09:32:19,4375.25,49149
2021-06-15 09:32:20,4375.85,49150
2021-06-15 09:32:22,4375.9,49160
2021-06-15 09:32:23,4375.9,49160
2021-06-15 09:32:24,4375.9,49160
2021-06-15 09:32:25,4376.6,49394
2021-06-15 09:32:26,4376.0,49396
2021-06-15 09:32:27,4376.0,49396
2021-06-15 09:32:28,4377.0,49505
2021-06-15 09:32:29,4374.35,49509
2021-06-15 09:32:30,4375.85,49517
2021-06-15 09:32:31,4375.85,49532
2021-06-15 09:32:32,4375.85,49552
2021-06-15 09:32:33,4373.3,49762
2021-06-15 09:32:34,4373.75,49766
2021-06-15 09:32:36,4375.05,49788
2021-06-15 09:32:37,4375.05,49798
2021-06-15 09:32:38,4375.05,49798
2021-06-15 09:32:39,4375.05,49798
2021-06-15 09:32:41,4373.15,49816
2021-06-15 09:32:43,4373.0,49910
2021-06-15 09:32:44,4373.0,49910
2021-06-15 09:32:45,4373.0,49910
2021-06-15 09:32:46,4372.5,49930
2021-06-15 09:32:47,4370.0,50194
2021-06-15 09:32:48,4370.0,50194
2021-06-15 09:32:49,4370.0,50201
2021-06-15 09:32:51,4370.0,50209
2021-06-15 09:32:52,4370.0,50415
2021-06-15 09:32:53,4368.05,50919
2021-06-15 09:32:54,4368.05,50921
2021-06-15 09:32:56,4368.05,50924
2021-06-15 09:32:57,4370.3,50927
2021-06-15 09:32:58,4368.35,50941
2021-06-15 09:32:59,4368.35,50951
2021-06-15 09:33:00,4371.05,50965
2021-06-15 09:33:01,4371.05,50965
2021-06-15 09:33:02,4370.55,50972
2021-06-15 09:33:03,4370.55,50972
2021-06-15 09:33:04,4370.55,50972
2021-06-15 09:33:05,4372.25,50979
2021-06-15 09:33:06,4372.25,50979
2021-06-15 09:33:07,4372.25,50979
2021-06-15 09:33:08,4372.25,50979
2021-06-15 09:33:09,4373.0,50986
2021-06-15 09:33:10,4373.0,51136
2021-06-15 09:33:11,4373.9,51156
2021-06-15 09:33:12,4375.5,51258
2021-06-15 09:33:13,4375.85,51260
2021-06-15 09:33:14,4375.0,51283
2021-06-15 09:33:15,4377.0,51412
2021-06-15 09:33:16,4377.0,51412
2021-06-15 09:33:17,4377.0,51412
2021-06-15 09:33:18,4377.0,51412
2021-06-15 09:33:19,4377.0,51412
2021-06-15 09:33:20,4375.15,51414
2021-06-15 09:33:21,4376.65,51467
2021-06-15 09:33:22,4376.65,51467
2021-06-15 09:33:23,4375.15,51473
2021-06-15 09:33:24,4375.15,51475
2021-06-15 09:33:26,4375.15,51479
2021-06-15 09:33:27,4375.15,51591
2021-06-15 09:33:28,4373.0,51611
2021-06-15 09:33:29,4373.0,51611
2021-06-15 09:33:30,4373.0,51613
2021-06-15 09:33:31,4373.0,51613
2021-06-15 09:33:32,4372.9,51618
2021-06-15 09:33:33,4371.75,51620
2021-06-15 09:33:34,4371.75,51620
2021-06-15 09:33:35,4373.7,51653
2021-06-15 09:33:36,4373.7,51653
2021-06-15 09:33:37,4373.7,51653
2021-06-15 09:33:39,4373.85,51661
2021-06-15 09:33:40,4373.85,51710
2021-06-15 09:33:41,4373.85,51710
2021-06-15 09:33:42,4373.85,51710
2021-06-15 09:33:43,4373.95,51711
2021-06-15 09:33:44,4373.95,51711
2021-06-15 09:33:45,4373.95,51711
2021-06-15 09:33:46,4373.9,51713
2021-06-15 09:33:47,4373.9,51713
2021-06-15 09:33:48,4373.9,51713
2021-06-15 09:33:49,4373.9,51713
2021-06-15 09:33:50,4375.0,51733
2021-06-15 09:33:51,4376.75,51735
2021-06-15 09:33:52,4377.0,51753
2021-06-15 09:33:53,4377.0,51753
2021-06-15 09:33:54,4377.0,51753
2021-06-15 09:33:55,4376.75,51780
2021-06-15 09:33:56,4377.0,51796
2021-06-15 09:33:57,4377.0,51796
2021-06-15 09:33:58,4377.0,51797
2021-06-15 09:33:59,4376.75,51798
2021-06-15 09:34:00,4376.75,51798
2021-06-15 09:34:01,4376.75,51798
2021-06-15 09:34:02,4376.75,51798
2021-06-15 09:34:03,4376.35,51799
2021-06-15 09:34:04,4376.35,51823
2021-06-15 09:34:05,4377.0,51850
2021-06-15 09:34:07,4377.0,51850
2021-06-15 09:34:08,4377.0,51850
2021-06-15 09:34:09,4377.0,51950
2021-06-15 09:34:12,4376.35,51953
2021-06-15 09:34:13,4376.35,51956
2021-06-15 09:34:15,4376.95,51960
2021-06-15 09:34:16,4376.35,51976
2021-06-15 09:34:17,4376.35,52001
2021-06-15 09:34:18,4377.0,52051
2021-06-15 09:34:19,4373.95,52354
2021-06-15 09:34:20,4373.95,52354
2021-06-15 09:34:21,4375.0,52356
2021-06-15 09:34:22,4375.0,52356
2021-06-15 09:34:23,4375.0,52411
2021-06-15 09:34:24,4375.0,52411
2021-06-15 09:34:25,4375.0,52411
2021-06-15 09:34:26,4375.0,52431
2021-06-15 09:34:27,4375.0,52487
2021-06-15 09:34:28,4375.0,52488
2021-06-15 09:34:29,4375.0,52498
2021-06-15 09:34:30,4375.0,52498
2021-06-15 09:34:31,4375.0,52498
2021-06-15 09:34:32,4374.95,52501
2021-06-15 09:34:33,4374.95,52509
2021-06-15 09:34:34,4374.95,52518
2021-06-15 09:34:35,4375.0,52544
2021-06-15 09:34:36,4375.0,52544
2021-06-15 09:34:37,4375.0,52554
2021-06-15 09:34:38,4375.0,52559
2021-06-15 09:34:39,4375.0,52559
2021-06-15 09:34:40,4375.0,52559
2021-06-15 09:34:41,4375.0,52559
2021-06-15 09:34:43,4375.0,52563
2021-06-15 09:34:44,4375.0,52563
2021-06-15 09:34:45,4374.95,52589
2021-06-15 09:34:46,4374.95,52600
2021-06-15 09:34:47,4374.95,52600
2021-06-15 09:34:48,4374.95,52600
2021-06-15 09:34:49,4374.95,52600
2021-06-15 09:34:51,4373.95,52602
2021-06-15 09:34:52,4373.95,52602
2021-06-15 09:34:53,4373.95,52602
2021-06-15 09:34:54,4373.95,52602
2021-06-15 09:34:55,4374.95,52604
2021-06-15 09:34:56,4374.95,52604
2021-06-15 09:34:57,4373.95,52605
2021-06-15 09:34:58,4373.95,52605
2021-06-15 09:34:59,4373.95,52605
2021-06-15 09:35:00,4373.85,52725
2021-06-15 09:35:01,4373.7,52734
2021-06-15 09:35:02,4373.7,52734
2021-06-15 09:35:03,4373.7,52734
2021-06-15 09:35:04,4373.85,52744
2021-06-15 09:35:05,4373.0,52807
2021-06-15 09:35:06,4372.0,52809
2021-06-15 09:35:07,4373.2,52835
2021-06-15 09:35:08,4373.2,52835
2021-06-15 09:35:09,4371.85,52855
2021-06-15 09:35:10,4371.85,52855
2021-06-15 09:35:11,4373.65,52880
2021-06-15 09:35:12,4373.85,52904
2021-06-15 09:35:13,4373.85,52904
2021-06-15 09:35:14,4373.85,52904
2021-06-15 09:35:15,4373.85,52904
2021-06-15 09:35:16,4373.85,52904
2021-06-15 09:35:17,4373.85,52904
2021-06-15 09:35:18,4373.85,52904
2021-06-15 09:35:19,4372.95,52912
2021-06-15 09:35:20,4372.95,52912
2021-06-15 09:35:21,4372.95,52912
2021-06-15 09:35:22,4372.95,52912
2021-06-15 09:35:23,4372.95,52912
2021-06-15 09:35:24,4372.35,52917
2021-06-15 09:35:25,4372.35,52917
2021-06-15 09:35:26,4372.35,52917
2021-06-15 09:35:27,4374.0,52919
2021-06-15 09:35:28,4375.0,63657
2021-06-15 09:35:29,4374.5,63658
2021-06-15 09:35:30,4374.95,63663
2021-06-15 09:35:31,4374.9,63664
2021-06-15 09:35:32,4374.0,63670
2021-06-15 09:35:34,4375.0,63675
2021-06-15 09:35:35,4375.0,63692
2021-06-15 09:35:36,4375.0,63692
2021-06-15 09:35:37,4375.0,63692
2021-06-15 09:35:38,4375.0,63692
2021-06-15 09:35:39,4375.0,63692
2021-06-15 09:35:40,4374.0,63712
2021-06-15 09:35:41,4375.0,63720
2021-06-15 09:35:42,4375.0,63731
2021-06-15 09:35:43,4375.0,63731
2021-06-15 09:35:44,4375.0,63731
2021-06-15 09:35:45,4375.0,63731
2021-06-15 09:35:46,4375.0,63731
2021-06-15 09:35:47,4375.0,63731
2021-06-15 09:35:48,4374.0,63810
2021-06-15 09:35:49,4374.0,63810
2021-06-15 09:35:50,4374.95,63820
2021-06-15 09:35:51,4374.95,63820
2021-06-15 09:35:52,4374.95,63820
2021-06-15 09:35:54,4375.0,63821
2021-06-15 09:35:55,4375.0,63821
2021-06-15 09:35:56,4375.0,63835
2021-06-15 09:35:57,4374.5,63850
2021-06-15 09:35:58,4374.5,63850
2021-06-15 09:35:59,4374.5,63862
2021-06-15 09:36:00,4374.5,63862
2021-06-15 09:36:01,4374.95,63867
2021-06-15 09:36:02,4374.85,63871
2021-06-15 09:36:03,4374.7,63991
2021-06-15 09:36:05,4374.8,63993
2021-06-15 09:36:06,4374.9,64018
2021-06-15 09:36:07,4374.9,64024
2021-06-15 09:36:08,4374.9,64024
2021-06-15 09:36:09,4375.0,64057
2021-06-15 09:36:10,4375.0,64057
2021-06-15 09:36:11,4375.0,64057
2021-06-15 09:36:12,4375.0,64057
2021-06-15 09:36:13,4375.0,64057
2021-06-15 09:36:14,4375.0,64057
2021-06-15 09:36:16,4375.0,64067
2021-06-15 09:36:17,4375.0,64067
2021-06-15 09:36:18,4375.0,64068
2021-06-15 09:36:19,4375.0,64070
2021-06-15 09:36:20,4373.05,64080
2021-06-15 09:36:21,4372.15,64280
2021-06-15 09:36:22,4372.15,64290
2021-06-15 09:36:23,4372.15,64290
2021-06-15 09:36:24,4373.75,64295
2021-06-15 09:36:25,4373.75,64295
2021-06-15 09:36:26,4373.75,64295
2021-06-15 09:36:27,4373.75,64295
2021-06-15 09:36:30,4371.6,64318
2021-06-15 09:36:31,4371.6,64318
2021-06-15 09:36:32,4371.55,64353
2021-06-15 09:36:33,4371.85,64360
2021-06-15 09:36:34,4371.85,64360
2021-06-15 09:36:35,4371.0,64619
2021-06-15 09:36:36,4370.0,65499
2021-06-15 09:36:37,4370.0,65601
2021-06-15 09:36:38,4370.0,65640
2021-06-15 09:36:39,4369.3,65656
2021-06-15 09:36:40,4369.25,65667
2021-06-15 09:36:41,4369.0,65687
2021-06-15 09:36:42,4370.0,65691
2021-06-15 09:36:43,4370.0,65729
2021-06-15 09:36:44,4370.0,65754
2021-06-15 09:36:45,4370.0,65754
2021-06-15 09:36:46,4370.0,65754
2021-06-15 09:36:47,4370.0,65754
2021-06-15 09:36:49,4370.0,65755
2021-06-15 09:36:49,4369.9,65763
2021-06-15 09:36:50,4369.9,65763
2021-06-15 09:36:51,4369.95,65767
2021-06-15 09:36:52,4369.95,65772
2021-06-15 09:36:54,4370.0,65787
2021-06-15 09:36:54,4370.0,65787
2021-06-15 09:36:55,4370.0,65797
2021-06-15 09:36:56,4370.0,65797
2021-06-15 09:36:57,4370.0,65807
2021-06-15 09:36:58,4369.8,65913
2021-06-15 09:36:59,4368.15,66474
2021-06-15 09:37:00,4368.0,66612
2021-06-15 09:37:01,4368.0,66612
2021-06-15 09:37:02,4368.0,66612
2021-06-15 09:37:03,4368.0,66612
2021-06-15 09:37:04,4368.0,66612
2021-06-15 09:37:06,4368.0,66706
2021-06-15 09:37:07,4368.0,66706
2021-06-15 09:37:08,4368.0,66707
2021-06-15 09:37:09,4368.0,66731
2021-06-15 09:37:10,4367.85,66784
2021-06-15 09:37:11,4367.85,66784
2021-06-15 09:37:12,4367.85,66784
2021-06-15 09:37:13,4367.85,66784
2021-06-15 09:37:14,4367.85,66784
2021-06-15 09:37:15,4370.0,66788
2021-06-15 09:37:16,4368.25,66791
2021-06-15 09:37:17,4368.25,66791
2021-06-15 09:37:18,4370.0,66797
2021-06-15 09:37:19,4370.0,66797
2021-06-15 09:37:21,4370.0,66797
2021-06-15 09:37:22,4370.0,66797
2021-06-15 09:37:23,4370.0,66797
2021-06-15 09:37:24,4370.9,66822
2021-06-15 09:37:26,4369.35,66852
2021-06-15 09:37:27,4369.35,66852
2021-06-15 09:37:28,4369.35,66852
2021-06-15 09:37:29,4369.35,66852
2021-06-15 09:37:30,4369.35,66852
2021-06-15 09:37:31,4369.35,66852
2021-06-15 09:37:32,4369.35,66852
2021-06-15 09:37:33,4369.35,66852
2021-06-15 09:37:35,4372.0,66857
2021-06-15 09:37:36,4372.0,66857
2021-06-15 09:37:37,4374.95,66863
2021-06-15 09:37:38,4374.95,66863
2021-06-15 09:37:38,4374.95,66863
2021-06-15 09:37:39,4374.95,66875
2021-06-15 09:37:40,4374.95,66895
2021-06-15 09:37:41,4373.0,66900
2021-06-15 09:37:42,4373.0,66900
2021-06-15 09:37:43,4373.0,66900
2021-06-15 09:37:45,4373.0,66900
2021-06-15 09:37:46,4374.95,66901
2021-06-15 09:37:47,4374.95,66902
2021-06-15 09:37:48,4373.35,66907
2021-06-15 09:37:49,4374.9,66967
2021-06-15 09:37:50,4373.35,67026
2021-06-15 09:37:51,4373.35,67101
2021-06-15 09:37:52,4373.35,67101
2021-06-15 09:37:53,4374.9,67121
2021-06-15 09:37:54,4374.9,67121
2021-06-15 09:37:55,4374.9,67121
2021-06-15 09:37:56,4374.9,67121
2021-06-15 09:37:57,4374.9,67121
2021-06-15 09:37:58,4374.9,67121
2021-06-15 09:37:59,4374.9,67121
2021-06-15 09:38:00,4374.8,67127
2021-06-15 09:38:01,4374.8,67127
2021-06-15 09:38:02,4374.8,67127
2021-06-15 09:38:05,4374.8,67127
2021-06-15 09:38:06,4374.9,67128
2021-06-15 09:38:06,4374.9,67128
2021-06-15 09:38:08,4374.9,67128
2021-06-15 09:38:09,4374.9,67141
2021-06-15 09:38:10,4374.9,67141
2021-06-15 09:38:12,4374.8,67146
2021-06-15 09:38:12,4374.8,67146
2021-06-15 09:38:13,4374.8,67154
2021-06-15 09:38:14,4374.8,67154
2021-06-15 09:38:15,4374.9,67175
2021-06-15 09:38:16,4374.8,67179
2021-06-15 09:38:17,4374.8,67184
2021-06-15 09:38:18,4372.95,67360
2021-06-15 09:38:19,4372.0,67361
2021-06-15 09:38:21,4375.0,67865
2021-06-15 09:38:23,4375.0,67865
2021-06-15 09:38:24,4375.0,67865
2021-06-15 09:38:24,4375.0,67865
2021-06-15 09:38:26,4373.0,67896
2021-06-15 09:38:25,4373.0,67894
2021-06-15 09:38:27,4373.0,67904
2021-06-15 09:38:28,4373.0,67904
2021-06-15 09:38:29,4373.0,67904
2021-06-15 09:38:30,4373.0,67925
2021-06-15 09:38:31,4373.0,67925
2021-06-15 09:38:32,4373.0,67941
2021-06-15 09:38:33,4373.0,67941
2021-06-15 09:38:34,4372.1,67950
2021-06-15 09:38:35,4372.1,67950
2021-06-15 09:38:37,4372.1,67955
2021-06-15 09:38:38,4372.1,67959
2021-06-15 09:38:39,4372.1,67978
2021-06-15 09:38:40,4372.1,67983
2021-06-15 09:38:41,4372.0,68002
2021-06-15 09:38:43,4372.1,68004
2021-06-15 09:38:45,4372.1,68004
2021-06-15 09:38:46,4372.1,68004
2021-06-15 09:38:47,4372.1,68004
2021-06-15 09:38:48,4372.0,68104
2021-06-15 09:38:48,4372.0,68104
2021-06-15 09:38:49,4371.0,68109
2021-06-15 09:38:50,4371.0,68120
2021-06-15 09:38:52,4371.0,68120
2021-06-15 09:38:53,4371.0,68120
2021-06-15 09:38:53,4371.0,68120
2021-06-15 09:38:55,4371.0,68120
2021-06-15 09:38:56,4371.0,68120
2021-06-15 09:38:57,4373.0,68234
2021-06-15 09:38:58,4371.35,68237
2021-06-15 09:39:00,4371.35,68247
2021-06-15 09:39:01,4371.35,68247
2021-06-15 09:39:02,4372.1,68290
2021-06-15 09:39:03,4372.1,68290
2021-06-15 09:39:04,4372.1,68290
2021-06-15 09:39:05,4372.1,68290
2021-06-15 09:39:06,4372.1,68290
2021-06-15 09:39:06,4372.1,68290
2021-06-15 09:39:08,4373.0,68316
2021-06-15 09:39:09,4373.0,68316
2021-06-15 09:39:10,4372.1,68332
2021-06-15 09:39:12,4372.1,68335
2021-06-15 09:39:13,4373.0,68340
2021-06-15 09:39:14,4373.0,68340
2021-06-15 09:39:15,4373.0,68363
2021-06-15 09:39:16,4373.0,68363
2021-06-15 09:39:17,4373.0,68363
2021-06-15 09:39:18,4373.0,68364
2021-06-15 09:39:19,4373.0,68364
2021-06-15 09:39:20,4373.0,68364
2021-06-15 09:39:21,4373.85,68403
2021-06-15 09:39:22,4372.1,68566
2021-06-15 09:39:23,4373.0,68978
2021-06-15 09:39:24,4373.0,68978
2021-06-15 09:39:25,4373.0,68981
2021-06-15 09:39:26,4372.1,68982
2021-06-15 09:39:26,4372.1,68982
2021-06-15 09:39:27,4372.1,68982
2021-06-15 09:39:28,4373.0,69009
2021-06-15 09:39:29,4373.0,69010
2021-06-15 09:39:31,4373.0,69013
2021-06-15 09:39:32,4370.0,69835
2021-06-15 09:39:34,4370.0,69835
2021-06-15 09:39:35,4370.0,69835
2021-06-15 09:39:36,4370.0,69835
2021-06-15 09:39:37,4371.15,69836
2021-06-15 09:39:38,4370.0,69837
2021-06-15 09:39:39,4371.0,70078
2021-06-15 09:39:39,4371.0,70078
2021-06-15 09:39:40,4370.5,70155
2021-06-15 09:39:41,4370.0,70160
2021-06-15 09:39:42,4370.0,70160
2021-06-15 09:39:43,4370.25,70170
2021-06-15 09:39:44,4370.25,70170
2021-06-15 09:39:45,4370.25,70170
2021-06-15 09:39:46,4370.25,70183
2021-06-15 09:39:47,4370.25,70183
2021-06-15 09:39:48,4370.25,70183
2021-06-15 09:39:49,4370.25,70183
2021-06-15 09:39:50,4370.25,70183
2021-06-15 09:39:51,4370.25,70183
2021-06-15 09:39:52,4370.5,70218
2021-06-15 09:39:53,4370.5,70218
2021-06-15 09:39:54,4370.5,70218
2021-06-15 09:39:55,4370.5,70218
2021-06-15 09:39:59,4370.5,70236
2021-06-15 09:40:00,4370.5,70256
2021-06-15 09:40:01,4370.5,70256
2021-06-15 09:40:02,4370.5,70257
2021-06-15 09:40:03,4370.5,70257
2021-06-15 09:40:04,4370.25,70263
2021-06-15 09:40:05,4370.25,70263
2021-06-15 09:40:06,4370.0,70313
2021-06-15 09:40:07,4370.0,70313
2021-06-15 09:40:08,4370.25,70400
2021-06-15 09:40:09,4370.25,70400
2021-06-15 09:40:10,4370.0,70411
2021-06-15 09:40:12,4370.0,70411
2021-06-15 09:40:14,4370.0,70411
2021-06-15 09:40:15,4370.0,70411
2021-06-15 09:40:16,4370.0,70411
2021-06-15 09:40:17,4370.0,70420
2021-06-15 09:40:18,4370.0,70420
2021-06-15 09:40:19,4370.0,70500
2021-06-15 09:40:20,4370.0,70500
2021-06-15 09:40:21,4370.0,70500
2021-06-15 09:40:22,4370.0,70500
2021-06-15 09:40:23,4370.0,70500
2021-06-15 09:40:24,4370.0,70500
2021-06-15 09:40:25,4370.15,70502
2021-06-15 09:40:26,4370.15,70502
2021-06-15 09:40:27,4370.15,70502
2021-06-15 09:40:28,4370.0,70507
2021-06-15 09:40:29,4370.0,70507
2021-06-15 09:40:32,4365.0,70887
2021-06-15 09:40:33,4366.0,70889
2021-06-15 09:40:36,4366.1,70949
2021-06-15 09:40:37,4366.0,71017
2021-06-15 09:40:39,4366.15,71029
2021-06-15 09:40:40,4365.0,71369
2021-06-15 09:40:41,4367.4,71371
2021-06-15 09:40:42,4365.65,71421
2021-06-15 09:40:43,4367.35,71422
2021-06-15 09:40:44,4367.35,71422
2021-06-15 09:40:45,4367.35,71422
2021-06-15 09:40:46,4367.35,71422
2021-06-15 09:40:47,4367.35,71422
2021-06-15 09:40:48,4367.35,71422
2021-06-15 09:40:49,4367.35,71422
2021-06-15 09:40:50,4368.0,71427
2021-06-15 09:40:51,4366.4,71442
2021-06-15 09:40:53,4368.0,71657
2021-06-15 09:40:54,4368.0,71657
2021-06-15 09:40:55,4368.0,71657
2021-06-15 09:40:56,4368.0,71657
2021-06-15 09:40:57,4367.35,71718
2021-06-15 09:40:58,4367.35,71718
2021-06-15 09:40:58,4368.0,71734
2021-06-15 09:40:59,4368.0,71734
2021-06-15 09:41:00,4367.35,72101
2021-06-15 09:41:01,4367.35,72139
2021-06-15 09:41:02,4364.0,72555
2021-06-15 09:41:03,4364.0,72600
2021-06-15 09:41:06,4364.5,72654
2021-06-15 09:41:07,4365.9,72660
2021-06-15 09:41:08,4364.0,72781
2021-06-15 09:41:10,4364.7,73002
2021-06-15 09:41:11,4364.7,73002
2021-06-15 09:41:11,4364.7,73002
2021-06-15 09:41:12,4363.0,73024
2021-06-15 09:41:13,4364.6,73029
2021-06-15 09:41:15,4363.0,73079
2021-06-15 09:41:16,4363.0,73079
2021-06-15 09:41:17,4362.75,73105
2021-06-15 09:41:18,4362.9,73245
2021-06-15 09:41:19,4362.85,73306
2021-06-15 09:41:20,4363.35,73307
2021-06-15 09:41:20,4363.25,73311
2021-06-15 09:41:21,4361.35,73361
2021-06-15 09:41:22,4361.35,73362
2021-06-15 09:41:23,4361.35,73362
2021-06-15 09:41:24,4361.35,73362
2021-06-15 09:41:25,4361.35,73403
2021-06-15 09:41:26,4361.2,73475
2021-06-15 09:41:27,4361.15,73538
2021-06-15 09:41:28,4360.55,73716
2021-06-15 09:41:29,4360.0,73811
2021-06-15 09:41:31,4360.0,74101
2021-06-15 09:41:32,4360.0,74101
2021-06-15 09:41:33,4360.0,74101
2021-06-15 09:41:34,4362.9,74104
2021-06-15 09:41:35,4360.65,74105
2021-06-15 09:41:37,4364.75,74142
2021-06-15 09:41:38,4360.65,74996
2021-06-15 09:41:40,4360.0,75029
2021-06-15 09:41:41,4360.0,75029
2021-06-15 09:41:42,4360.0,75029
2021-06-15 09:41:43,4360.0,75031
2021-06-15 09:41:44,4360.0,75031
2021-06-15 09:41:45,4360.0,75031
2021-06-15 09:41:46,4363.6,75081
2021-06-15 09:41:47,4365.2,75087
2021-06-15 09:41:48,4365.2,75087
2021-06-15 09:41:48,4365.2,75087
2021-06-15 09:41:49,4365.2,75087
2021-06-15 09:41:52,4365.65,75209
2021-06-15 09:41:54,4365.65,75209
2021-06-15 09:41:55,4365.65,75209
2021-06-15 09:41:56,4365.65,75209
2021-06-15 09:41:57,4365.65,75209
2021-06-15 09:41:58,4365.65,75209
2021-06-15 09:41:59,4365.65,75209
2021-06-15 09:42:00,4365.0,75212
2021-06-15 09:42:01,4365.0,75212
2021-06-15 09:42:02,4366.1,75214
2021-06-15 09:42:03,4366.1,75214
2021-06-15 09:42:04,4366.1,75214
2021-06-15 09:42:04,4366.1,75214
2021-06-15 09:42:05,4366.1,75229
2021-06-15 09:42:07,4367.0,75232
2021-06-15 09:42:08,4365.1,75252
2021-06-15 09:42:09,4366.9,75256
2021-06-15 09:42:10,4366.9,75631
2021-06-15 09:42:11,4366.65,75763
2021-06-15 09:42:12,4366.65,75763
2021-06-15 09:42:13,4366.65,75763
2021-06-15 09:42:15,4368.0,75916
2021-06-15 09:42:16,4368.0,75918
2021-06-15 09:42:17,4368.0,75918
2021-06-15 09:42:18,4368.0,75919
2021-06-15 09:42:19,4366.55,75951
2021-06-15 09:42:20,4368.0,76003
2021-06-15 09:42:21,4368.0,76309
2021-06-15 09:42:22,4368.0,76309
2021-06-15 09:42:23,4368.0,76309
2021-06-15 09:42:24,4368.0,76309
2021-06-15 09:42:25,4368.0,76309
2021-06-15 09:42:26,4368.0,76310
2021-06-15 09:42:27,4368.0,76310
2021-06-15 09:42:28,4366.95,76320
2021-06-15 09:42:30,4366.95,76320
2021-06-15 09:42:31,4366.95,76320
2021-06-15 09:42:33,4367.9,76343
2021-06-15 09:42:33,4367.9,76343
2021-06-15 09:42:34,4367.95,76347
2021-06-15 09:42:36,4367.95,76347
2021-06-15 09:42:37,4367.95,76347
2021-06-15 09:42:37,4367.95,76347
2021-06-15 09:42:38,4367.95,76419
2021-06-15 09:42:40,4368.0,76469
2021-06-15 09:42:40,4367.95,76470
2021-06-15 09:42:41,4368.0,76472
2021-06-15 09:42:42,4367.3,76524
2021-06-15 09:42:43,4367.3,76529
2021-06-15 09:42:44,4368.0,76829
2021-06-15 09:42:46,4368.0,76833
2021-06-15 09:42:47,4368.0,76833
2021-06-15 09:42:48,4368.0,76833
2021-06-15 09:42:51,4366.65,77046
2021-06-15 09:42:52,4366.7,77048
2021-06-15 09:42:53,4366.7,77053
2021-06-15 09:42:55,4366.55,77106
2021-06-15 09:42:56,4364.75,77600
2021-06-15 09:42:57,4363.6,77639
2021-06-15 09:42:58,4363.6,77639
2021-06-15 09:42:59,4363.6,77649
2021-06-15 09:43:00,4363.2,77653
2021-06-15 09:43:01,4363.6,77677
2021-06-15 09:43:02,4363.05,77681
2021-06-15 09:43:03,4363.05,77681
2021-06-15 09:43:04,4363.6,77699
2021-06-15 09:43:05,4363.0,77706
2021-06-15 09:43:06,4363.6,77707
2021-06-15 09:43:07,4363.0,77711
2021-06-15 09:43:08,4363.0,77711
2021-06-15 09:43:09,4363.5,77726
2021-06-15 09:43:10,4363.0,77766
2021-06-15 09:43:11,4363.0,77766
2021-06-15 09:43:12,4363.0,77766
2021-06-15 09:43:13,4363.0,77816
2021-06-15 09:43:14,4363.0,77816
2021-06-15 09:43:15,4363.0,77846
2021-06-15 09:43:16,4362.0,77849
2021-06-15 09:43:17,4362.55,77850
2021-06-15 09:43:17,4362.55,77850
2021-06-15 09:43:18,4362.55,77850
2021-06-15 09:43:19,4361.85,77852
2021-06-15 09:43:20,4362.95,77873
2021-06-15 09:43:21,4362.95,77873
2021-06-15 09:43:22,4362.95,77873
2021-06-15 09:43:23,4362.95,77873
2021-06-15 09:43:25,4362.95,77873
2021-06-15 09:43:26,4362.9,77879
2021-06-15 09:43:27,4361.8,77881
2021-06-15 09:43:27,4361.8,77881
2021-06-15 09:43:28,4361.8,77881
2021-06-15 09:43:29,4362.65,77949
2021-06-15 09:43:30,4361.0,77958
2021-06-15 09:43:32,4362.8,77981
2021-06-15 09:43:32,4363.0,78017
2021-06-15 09:43:34,4363.0,78017
2021-06-15 09:43:34,4363.0,78017
2021-06-15 09:43:35,4363.0,78017
2021-06-15 09:43:37,4363.6,78055
2021-06-15 09:43:37,4363.6,78055
2021-06-15 09:43:39,4363.3,78069
2021-06-15 09:43:39,4363.3,78069
2021-06-15 09:43:41,4363.6,78079
2021-06-15 09:43:42,4363.6,78079
2021-06-15 09:43:43,4363.6,78079
2021-06-15 09:43:44,4363.6,78130
2021-06-15 09:43:45,4363.6,78130
2021-06-15 09:43:46,4363.6,78132
2021-06-15 09:43:47,4362.05,78179
2021-06-15 09:43:48,4362.0,78188
2021-06-15 09:43:49,4362.8,78445
2021-06-15 09:43:50,4362.8,78445
2021-06-15 09:43:52,4362.6,78467
2021-06-15 09:43:53,4362.6,78467
2021-06-15 09:43:53,4360.55,79017
2021-06-15 09:43:54,4362.8,79118
2021-06-15 09:43:55,4360.6,79129
2021-06-15 09:43:57,4360.6,79129
2021-06-15 09:43:57,4363.1,79229
2021-06-15 09:43:58,4363.1,79229
2021-06-15 09:43:59,4359.75,79929
2021-06-15 09:44:00,4361.3,79940
2021-06-15 09:44:01,4361.3,79940
2021-06-15 09:44:03,4359.1,79944
2021-06-15 09:44:04,4359.1,79944
2021-06-15 09:44:05,4359.1,79944
2021-06-15 09:44:06,4361.0,79947
2021-06-15 09:44:07,4361.25,79953
2021-06-15 09:44:08,4361.25,79953
2021-06-15 09:44:09,4361.0,79987
2021-06-15 09:44:10,4362.35,80012
2021-06-15 09:44:11,4360.95,80041
2021-06-15 09:44:12,4358.55,80066
2021-06-15 09:44:13,4358.55,80066
2021-06-15 09:44:15,4358.5,80069
2021-06-15 09:44:14,4358.55,80066
2021-06-15 09:44:16,4360.0,80074
2021-06-15 09:44:17,4360.0,80074
2021-06-15 09:44:18,4360.0,80076
2021-06-15 09:44:19,4360.0,80076
2021-06-15 09:44:20,4360.0,80076
2021-06-15 09:44:21,4360.0,80076
2021-06-15 09:44:22,4360.55,80078
2021-06-15 09:44:23,4360.25,80079
2021-06-15 09:44:24,4360.0,81086
2021-06-15 09:44:25,4357.9,81102
2021-06-15 09:44:26,4359.95,81107
2021-06-15 09:44:27,4358.5,81157
2021-06-15 09:44:28,4358.5,81157
2021-06-15 09:44:30,4358.05,81358
2021-06-15 09:44:29,4360.3,81357
2021-06-15 09:44:31,4360.0,81368
2021-06-15 09:44:32,4360.0,81368
2021-06-15 09:44:33,4358.05,81382
2021-06-15 09:44:34,4358.05,81382
2021-06-15 09:44:35,4358.05,81382
2021-06-15 09:44:36,4360.0,81393
2021-06-15 09:44:37,4360.0,81401
2021-06-15 09:44:38,4360.0,81507
2021-06-15 09:44:39,4361.35,81800
2021-06-15 09:44:40,4361.35,81800
2021-06-15 09:44:41,4361.45,81843
2021-06-15 09:44:42,4361.45,81843
2021-06-15 09:44:43,4360.0,81904
2021-06-15 09:44:44,4360.0,81904
2021-06-15 09:44:45,4360.0,81904
2021-06-15 09:44:46,4360.7,81905
2021-06-15 09:44:47,4360.7,81905
2021-06-15 09:44:48,4360.7,81905
2021-06-15 09:44:49,4360.7,81905
2021-06-15 09:44:50,4360.7,81905
2021-06-15 09:44:51,4360.9,81908
2021-06-15 09:44:53,4360.9,81908
2021-06-15 09:44:54,4360.9,81908
2021-06-15 09:44:55,4360.85,81923
2021-06-15 09:44:56,4360.85,81923
2021-06-15 09:44:58,4360.85,81923
2021-06-15 09:44:59,4360.85,81923
2021-06-15 09:45:00,4360.9,81951
2021-06-15 09:45:01,4361.5,81969
2021-06-15 09:45:02,4361.5,81969
2021-06-15 09:45:03,4361.5,81969
2021-06-15 09:45:04,4361.5,81994
2021-06-15 09:45:05,4361.45,81995
2021-06-15 09:45:06,4361.45,82000
2021-06-15 09:45:06,4361.45,82000
2021-06-15 09:45:07,4361.7,82004
2021-06-15 09:45:09,4361.7,82016
2021-06-15 09:45:10,4361.7,82016
2021-06-15 09:45:11,4362.3,82117
2021-06-15 09:45:12,4360.85,82137
2021-06-15 09:45:13,4360.85,82137
2021-06-15 09:45:14,4362.3,82193
2021-06-15 09:45:15,4362.3,82193
2021-06-15 09:45:16,4361.0,82218
2021-06-15 09:45:17,4361.0,82218
2021-06-15 09:45:18,4362.2,82219
2021-06-15 09:45:19,4362.2,82219
2021-06-15 09:45:21,4362.2,82219
2021-06-15 09:45:20,4362.2,82219
2021-06-15 09:45:22,4362.2,82219
2021-06-15 09:45:23,4361.0,82231
2021-06-15 09:45:24,4362.3,82289
2021-06-15 09:45:25,4360.85,82303
2021-06-15 09:45:26,4360.85,82303
2021-06-15 09:45:27,4360.85,82303
2021-06-15 09:45:28,4360.85,82328
2021-06-15 09:45:29,4360.0,82445
2021-06-15 09:45:30,4360.0,82445
2021-06-15 09:45:31,4360.0,82466
2021-06-15 09:45:32,4359.0,82505
2021-06-15 09:45:33,4359.9,82542
2021-06-15 09:45:34,4359.9,82546
2021-06-15 09:45:35,4359.9,82546
2021-06-15 09:45:37,4358.0,82655
2021-06-15 09:45:38,4358.0,82655
2021-06-15 09:45:39,4358.0,82727
2021-06-15 09:45:40,4358.0,82727
2021-06-15 09:45:41,4358.0,82752
2021-06-15 09:45:42,4358.0,82762
2021-06-15 09:45:43,4359.4,82870
2021-06-15 09:45:44,4358.0,82880
2021-06-15 09:45:45,4358.0,82931
2021-06-15 09:45:46,4358.0,82931
2021-06-15 09:45:47,4358.0,82931
2021-06-15 09:45:48,4359.8,82932
2021-06-15 09:45:49,4359.8,82932
2021-06-15 09:45:50,4359.5,82936
2021-06-15 09:45:51,4359.5,82936
2021-06-15 09:45:52,4359.5,82941
2021-06-15 09:45:53,4359.5,82941
2021-06-15 09:45:54,4358.05,83005
2021-06-15 09:45:55,4358.05,83005
2021-06-15 09:45:56,4359.5,83006
2021-06-15 09:45:57,4359.5,83007
2021-06-15 09:45:58,4359.5,83020
2021-06-15 09:45:59,4359.5,83026
2021-06-15 09:46:00,4359.5,83026
2021-06-15 09:46:01,4358.15,83030
2021-06-15 09:46:02,4358.7,83051
2021-06-15 09:46:03,4358.7,83051
2021-06-15 09:46:04,4359.0,83056
2021-06-15 09:46:06,4360.0,83072
2021-06-15 09:46:07,4358.05,83272
2021-06-15 09:46:08,4358.25,83297
2021-06-15 09:46:09,4358.25,83297
2021-06-15 09:46:10,4360.0,83462
2021-06-15 09:46:11,4360.05,83564
2021-06-15 09:46:12,4360.05,83564
2021-06-15 09:46:13,4358.05,83619
2021-06-15 09:46:14,4360.0,83629
2021-06-15 09:46:15,4360.0,83629
2021-06-15 09:46:16,4358.05,83684
2021-06-15 09:46:17,4358.05,83748
2021-06-15 09:46:18,4358.0,83751
2021-06-15 09:46:19,4358.0,83751
2021-06-15 09:46:20,4358.0,84189
2021-06-15 09:46:21,4358.7,84193
2021-06-15 09:46:22,4357.05,84224
2021-06-15 09:46:23,4356.0,84347
2021-06-15 09:46:24,4356.2,84367
2021-06-15 09:46:25,4359.55,84707
2021-06-15 09:46:26,4356.85,84720
2021-06-15 09:46:27,4356.85,84720
2021-06-15 09:46:28,4358.7,84722
2021-06-15 09:46:29,4356.9,84796
2021-06-15 09:46:30,4359.95,85168
2021-06-15 09:46:31,4356.9,85271
2021-06-15 09:46:32,4359.15,85276
2021-06-15 09:46:33,4359.15,85276
2021-06-15 09:46:35,4357.15,85341
2021-06-15 09:46:36,4359.6,85342
2021-06-15 09:46:37,4358.7,85347
2021-06-15 09:46:38,4360.0,85600
2021-06-15 09:46:40,4357.0,85869
2021-06-15 09:46:41,4355.6,85904
2021-06-15 09:46:42,4357.25,86436
2021-06-15 09:46:44,4355.1,86441
2021-06-15 09:46:45,4355.0,86682
2021-06-15 09:46:47,4355.0,86693
2021-06-15 09:46:48,4355.0,86696
2021-06-15 09:46:49,4353.55,86746
2021-06-15 09:46:50,4353.55,86746
2021-06-15 09:46:51,4356.65,86754
2021-06-15 09:46:52,4356.2,86761
2021-06-15 09:46:53,4355.0,86811
2021-06-15 09:46:54,4355.0,86811
2021-06-15 09:46:55,4355.0,86821
2021-06-15 09:46:56,4353.25,87262
2021-06-15 09:46:57,4354.5,87274
2021-06-15 09:46:58,4354.9,87376
2021-06-15 09:47:00,4354.55,87497
2021-06-15 09:47:01,4354.55,87497
2021-06-15 09:47:03,4352.65,87507
2021-06-15 09:47:04,4354.55,87512
2021-06-15 09:47:05,4354.5,87551
2021-06-15 09:47:06,4355.0,87591
2021-06-15 09:47:07,4353.9,88960
2021-06-15 09:47:08,4354.0,88969
2021-06-15 09:47:09,4354.0,88974
2021-06-15 09:47:10,4351.75,89004
2021-06-15 09:47:11,4351.75,89004
2021-06-15 09:47:12,4351.95,89011
2021-06-15 09:47:13,4354.95,89014
2021-06-15 09:47:14,4352.8,89015
2021-06-15 09:47:15,4352.8,89015
2021-06-15 09:47:17,4355.0,89188
2021-06-15 09:47:18,4355.0,89188
2021-06-15 09:47:19,4354.95,89194
2021-06-15 09:47:20,4352.7,89434
2021-06-15 09:47:22,4354.85,89435
2021-06-15 09:47:24,4352.8,89483
2021-06-15 09:47:26,4352.75,89488
2021-06-15 09:47:27,4352.75,89488
2021-06-15 09:47:28,4354.9,89502
2021-06-15 09:47:29,4354.9,89502
2021-06-15 09:47:31,4354.2,89774
2021-06-15 09:47:31,4354.5,89764
2021-06-15 09:47:32,4354.3,89775
2021-06-15 09:47:34,4354.2,89820
2021-06-15 09:47:35,4354.2,89820
2021-06-15 09:47:36,4354.2,89820
2021-06-15 09:47:37,4354.2,89820
2021-06-15 09:47:38,4354.2,89820
2021-06-15 09:47:39,4356.0,89833
2021-06-15 09:47:41,4362.0,90953
2021-06-15 09:47:42,4362.0,90953
2021-06-15 09:47:43,4362.0,90964
2021-06-15 09:47:44,4363.35,90999
2021-06-15 09:47:45,4363.35,90999
2021-06-15 09:47:46,4363.35,90999
2021-06-15 09:47:48,4363.35,91002
2021-06-15 09:47:50,4363.0,91042
2021-06-15 09:47:51,4362.9,91045
2021-06-15 09:47:52,4362.9,91051
2021-06-15 09:47:53,4362.9,91051
2021-06-15 09:47:54,4362.75,91080
2021-06-15 09:47:56,4362.0,91148
2021-06-15 09:47:57,4359.05,91158
2021-06-15 09:47:59,4361.75,91178
2021-06-15 09:48:00,4361.75,91178
2021-06-15 09:48:00,4362.1,91188
2021-06-15 09:48:02,4362.5,91193
2021-06-15 09:48:02,4362.5,91193
2021-06-15 09:48:06,4362.1,91252
2021-06-15 09:48:07,4362.35,91325
2021-06-15 09:48:08,4362.35,91325
2021-06-15 09:48:09,4362.55,91337
2021-06-15 09:48:10,4362.55,91337
2021-06-15 09:48:11,4362.55,91343
2021-06-15 09:48:12,4362.55,91343
2021-06-15 09:48:13,4362.55,91373
2021-06-15 09:48:14,4362.75,91380
2021-06-15 09:48:15,4362.75,91380
2021-06-15 09:48:16,4362.75,91380
2021-06-15 09:48:17,4361.15,91515
2021-06-15 09:48:18,4361.15,91515
2021-06-15 09:48:19,4361.15,91515
2021-06-15 09:48:20,4361.1,91634
2021-06-15 09:48:21,4361.1,91634
2021-06-15 09:48:22,4361.65,91865
2021-06-15 09:48:23,4360.0,91867
2021-06-15 09:48:24,4360.0,91869
2021-06-15 09:48:26,4360.0,91979
2021-06-15 09:48:27,4360.0,91979
2021-06-15 09:48:28,4360.0,91985
2021-06-15 09:48:30,4359.9,92095
2021-06-15 09:48:31,4360.0,92149
2021-06-15 09:48:32,4360.0,92149
2021-06-15 09:48:32,4360.0,92149
2021-06-15 09:48:33,4360.0,92154
2021-06-15 09:48:34,4359.0,92204
2021-06-15 09:48:35,4359.0,92204
2021-06-15 09:48:36,4359.0,92204
2021-06-15 09:48:37,4359.0,92204
2021-06-15 09:48:38,4360.0,92210
2021-06-15 09:48:39,4360.0,92223
2021-06-15 09:48:40,4360.0,92223
2021-06-15 09:48:41,4360.0,92233
2021-06-15 09:48:42,4360.0,92233
2021-06-15 09:48:43,4360.0,92238
2021-06-15 09:48:44,4359.0,92259
2021-06-15 09:48:45,4359.0,92259
2021-06-15 09:48:46,4359.0,92259
2021-06-15 09:48:47,4359.0,92259
2021-06-15 09:48:48,4359.0,92281
2021-06-15 09:48:50,4359.0,92281
2021-06-15 09:48:51,4358.0,92291
2021-06-15 09:48:52,4359.9,92292
2021-06-15 09:48:52,4360.0,92293
2021-06-15 09:48:54,4359.95,92328
2021-06-15 09:48:54,4359.95,92328
2021-06-15 09:48:55,4359.95,92328
2021-06-15 09:48:56,4358.1,92332
2021-06-15 09:48:57,4358.1,92332
2021-06-15 09:48:58,4359.85,92337
2021-06-15 09:48:59,4359.85,92337
2021-06-15 09:49:01,4359.85,92337
2021-06-15 09:49:01,4359.85,92337
2021-06-15 09:49:03,4359.8,92339
2021-06-15 09:49:04,4358.0,92389
2021-06-15 09:49:05,4359.65,92394
2021-06-15 09:49:06,4359.6,92409
2021-06-15 09:49:08,4359.0,92425
2021-06-15 09:49:10,4359.8,92440
2021-06-15 09:49:11,4360.0,92445
2021-06-15 09:49:12,4360.0,92445
2021-06-15 09:49:13,4359.7,92456
2021-06-15 09:49:13,4360.0,92490
2021-06-15 09:49:14,4360.0,92710
2021-06-15 09:49:15,4360.0,92711
2021-06-15 09:49:16,4360.0,92711
2021-06-15 09:49:17,4360.0,92711
2021-06-15 09:49:18,4358.15,92716
2021-06-15 09:49:19,4359.85,92746
2021-06-15 09:49:20,4359.85,92746
2021-06-15 09:49:21,4359.85,92799
2021-06-15 09:49:22,4359.85,92799
2021-06-15 09:49:23,4359.75,92809
2021-06-15 09:49:24,4359.75,92809
2021-06-15 09:49:26,4359.75,92809
2021-06-15 09:49:27,4359.75,92809
2021-06-15 09:49:29,4359.75,92809
2021-06-15 09:49:30,4359.6,92837
2021-06-15 09:49:30,4359.6,92837
2021-06-15 09:49:31,4359.55,92838
2021-06-15 09:49:32,4358.7,93065
2021-06-15 09:49:33,4356.6,93080
2021-06-15 09:49:34,4356.6,93080
2021-06-15 09:49:35,4356.35,93083
2021-06-15 09:49:36,4356.35,93083
2021-06-15 09:49:37,4356.35,93083
2021-06-15 09:49:38,4356.35,93083
2021-06-15 09:49:40,4359.5,93124
2021-06-15 09:49:41,4359.5,93124
2021-06-15 09:49:42,4359.5,93124
2021-06-15 09:49:43,4359.6,93131
2021-06-15 09:49:44,4358.1,93136
2021-06-15 09:49:45,4358.1,93140
2021-06-15 09:49:46,4358.1,93140
2021-06-15 09:49:48,4359.55,93146
2021-06-15 09:49:49,4359.6,93230
2021-06-15 09:49:49,4359.6,93230
2021-06-15 09:49:51,4359.6,93230
2021-06-15 09:49:52,4359.6,93230
2021-06-15 09:49:53,4359.6,93230
2021-06-15 09:49:54,4358.1,93260
2021-06-15 09:49:54,4359.2,93259
2021-06-15 09:49:55,4358.1,93290
2021-06-15 09:49:56,4359.6,93305
2021-06-15 09:49:57,4359.6,93383
2021-06-15 09:49:58,4359.6,93383
2021-06-15 09:49:59,4359.6,93383
2021-06-15 09:50:00,4360.0,93439
2021-06-15 09:50:01,4360.0,94832
2021-06-15 09:50:02,4360.0,94846
2021-06-15 09:50:03,4359.6,94851
2021-06-15 09:50:04,4359.6,94851
2021-06-15 09:50:06,4359.5,94877
2021-06-15 09:50:07,4358.1,94878
2021-06-15 09:50:08,4358.1,94878
2021-06-15 09:50:09,4358.1,94894
2021-06-15 09:50:10,4358.1,94898
2021-06-15 09:50:12,4358.1,94898
2021-06-15 09:50:14,4359.45,94900
2021-06-15 09:50:15,4359.45,94900
2021-06-15 09:50:16,4359.45,94900
2021-06-15 09:50:16,4359.45,94900
2021-06-15 09:50:17,4358.1,94924
2021-06-15 09:50:19,4357.95,95325
2021-06-15 09:50:20,4358.0,95326
2021-06-15 09:50:21,4356.2,95356
2021-06-15 09:50:22,4358.05,95357
2021-06-15 09:50:23,4358.0,95365
2021-06-15 09:50:24,4358.05,95371
2021-06-15 09:50:24,4358.05,95371
2021-06-15 09:50:25,4358.05,95371
2021-06-15 09:50:26,4355.15,95551
2021-06-15 09:50:27,4355.15,95551
2021-06-15 09:50:28,4355.0,95760
2021-06-15 09:50:29,4355.0,95760
2021-06-15 09:50:30,4357.7,95765
2021-06-15 09:50:31,4357.7,95765
2021-06-15 09:50:32,4357.7,95765
2021-06-15 09:50:34,4357.7,95765
2021-06-15 09:50:35,4355.6,95770
2021-06-15 09:50:36,4355.9,95771
2021-06-15 09:50:37,4355.9,95772
2021-06-15 09:50:38,4357.15,95790
2021-06-15 09:50:39,4358.85,95803
2021-06-15 09:50:40,4359.1,95830
2021-06-15 09:50:41,4358.1,95842
2021-06-15 09:50:42,4358.1,95842
2021-06-15 09:50:44,4359.0,95873
2021-06-15 09:50:45,4359.0,95873
2021-06-15 09:50:46,4359.0,95873
2021-06-15 09:50:47,4359.0,95876
2021-06-15 09:50:47,4359.0,95876
2021-06-15 09:50:48,4359.0,95876
2021-06-15 09:50:49,4359.0,95876
2021-06-15 09:50:50,4359.0,95876
2021-06-15 09:50:51,4357.7,95907
2021-06-15 09:50:52,4357.7,95907
2021-06-15 09:50:53,4357.7,95907
2021-06-15 09:50:54,4357.7,95907
2021-06-15 09:50:55,4356.15,95921
2021-06-15 09:50:56,4357.9,95951
2021-06-15 09:50:57,4357.9,95951
2021-06-15 09:51:00,4358.2,95961
2021-06-15 09:51:01,4358.25,96002
2021-06-15 09:51:01,4358.2,95961
2021-06-15 09:51:02,4358.25,96002
2021-06-15 09:51:03,4358.2,96015
2021-06-15 09:51:04,4356.4,96647
2021-06-15 09:51:05,4356.65,96652
2021-06-15 09:51:06,4356.65,96652
2021-06-15 09:51:07,4356.65,96667
2021-06-15 09:51:10,4355.9,96687
2021-06-15 09:51:11,4356.4,96707
2021-06-15 09:51:12,4356.4,96707
2021-06-15 09:51:13,4356.4,96707
2021-06-15 09:51:13,4356.4,96707
2021-06-15 09:51:14,4356.4,96707
2021-06-15 09:51:15,4356.4,96707
2021-06-15 09:51:16,4355.9,96735
2021-06-15 09:51:17,4355.1,96736
2021-06-15 09:51:18,4355.1,96736
2021-06-15 09:51:19,4355.1,96736
2021-06-15 09:51:20,4357.7,96738
2021-06-15 09:51:21,4357.9,96744
2021-06-15 09:51:22,4357.9,96744
2021-06-15 09:51:23,4356.85,96745
2021-06-15 09:51:24,4356.8,96751
2021-06-15 09:51:25,4356.8,96763
2021-06-15 09:51:26,4355.05,96768
2021-06-15 09:51:27,4356.2,96782
2021-06-15 09:51:28,4354.2,96785
2021-06-15 09:51:29,4354.2,96785
2021-06-15 09:51:30,4356.2,96795
2021-06-15 09:51:31,4356.2,96795
2021-06-15 09:51:32,4356.2,96795
2021-06-15 09:51:33,4356.2,96795
2021-06-15 09:51:34,4356.2,96795
2021-06-15 09:51:35,4355.1,96799
2021-06-15 09:51:36,4355.1,96803
2021-06-15 09:51:37,4355.1,96856
2021-06-15 09:51:38,4355.1,96856
2021-06-15 09:51:39,4355.1,96868
2021-06-15 09:51:40,4355.0,96890
2021-06-15 09:51:41,4354.65,96894
2021-06-15 09:51:42,4354.2,96900
2021-06-15 09:51:43,4352.7,97111
2021-06-15 09:51:44,4352.7,97118
2021-06-15 09:51:45,4354.7,97138
2021-06-15 09:51:46,4352.0,101579
2021-06-15 09:51:47,4353.7,101592
2021-06-15 09:51:48,4353.7,101593
2021-06-15 09:51:49,4353.7,101593
2021-06-15 09:51:50,4353.7,101593
2021-06-15 09:51:51,4353.7,101593
2021-06-15 09:51:52,4353.85,101608
2021-06-15 09:51:54,4353.7,101633
2021-06-15 09:51:54,4353.7,101633
2021-06-15 09:51:55,4355.0,101723
2021-06-15 09:51:56,4355.0,101723
2021-06-15 09:51:57,4355.0,101723
2021-06-15 09:51:58,4355.0,101723
2021-06-15 09:51:59,4354.65,101733
2021-06-15 09:52:00,4355.0,101812
2021-06-15 09:52:01,4355.0,102012
2021-06-15 09:52:02,4355.0,102012
2021-06-15 09:52:03,4355.0,102012
2021-06-15 09:52:04,4355.0,102012
2021-06-15 09:52:05,4354.65,102077
2021-06-15 09:52:06,4355.0,102134
2021-06-15 09:52:07,4355.0,102134
2021-06-15 09:52:08,4355.0,102134
2021-06-15 09:52:09,4355.0,102148
2021-06-15 09:52:10,4355.0,102203
2021-06-15 09:52:11,4355.0,102209
2021-06-15 09:52:12,4355.0,102210
2021-06-15 09:52:13,4354.95,102291
2021-06-15 09:52:15,4355.0,102330
2021-06-15 09:52:16,4355.0,102331
2021-06-15 09:52:17,4355.0,102332
2021-06-15 09:52:18,4355.0,102383
2021-06-15 09:52:19,4355.0,102394
2021-06-15 09:52:21,4355.0,102404
2021-06-15 09:52:22,4355.0,102404
2021-06-15 09:52:23,4355.0,102404
2021-06-15 09:52:24,4355.0,102406
2021-06-15 09:52:25,4355.0,102406
2021-06-15 09:52:26,4355.0,102406
2021-06-15 09:52:27,4355.0,102406
2021-06-15 09:52:28,4355.1,103167
2021-06-15 09:52:30,4356.0,103178
2021-06-15 09:52:31,4356.0,103178
2021-06-15 09:52:32,4357.5,103328
2021-06-15 09:52:33,4357.25,103352
2021-06-15 09:52:35,4357.25,103352
2021-06-15 09:52:36,4358.6,103362
2021-06-15 09:52:37,4358.6,103362
2021-06-15 09:52:38,4358.6,103362
2021-06-15 09:52:38,4358.6,103362
2021-06-15 09:52:39,4358.7,103374
2021-06-15 09:52:41,4359.25,103399
2021-06-15 09:52:41,4359.25,103399
2021-06-15 09:52:43,4359.25,103399
2021-06-15 09:52:44,4359.35,103407
2021-06-15 09:52:45,4359.35,103407
2021-06-15 09:52:46,4359.35,103407
2021-06-15 09:52:46,4359.35,103407
2021-06-15 09:52:47,4360.0,103681
2021-06-15 09:52:48,4360.0,103681
2021-06-15 09:52:49,4360.0,103681
2021-06-15 09:52:50,4362.75,103714
2021-06-15 09:52:51,4362.75,103716
2021-06-15 09:52:53,4362.75,103720
2021-06-15 09:52:54,4362.75,103724
2021-06-15 09:52:55,4361.35,103729
2021-06-15 09:52:55,4361.35,103729
2021-06-15 09:52:57,4361.35,103923
2021-06-15 09:52:59,4361.6,103925
2021-06-15 09:53:00,4362.75,103940
2021-06-15 09:53:01,4362.75,103940
2021-06-15 09:53:02,4362.75,103940
2021-06-15 09:53:03,4361.2,104004
2021-06-15 09:53:04,4360.9,104273
2021-06-15 09:53:06,4361.3,104410
2021-06-15 09:53:07,4359.45,104423
2021-06-15 09:53:08,4362.45,104428
2021-06-15 09:53:09,4362.35,104440
2021-06-15 09:53:09,4362.35,104440
2021-06-15 09:53:10,4362.35,104440
2021-06-15 09:53:11,4362.35,104440
2021-06-15 09:53:14,4362.3,104445
2021-06-15 09:53:15,4362.35,104447
2021-06-15 09:53:16,4362.95,104545
2021-06-15 09:53:16,4362.95,104545
2021-06-15 09:53:18,4359.85,105067
2021-06-15 09:53:19,4359.75,105074
2021-06-15 09:53:21,4360.35,105278
2021-06-15 09:53:22,4361.05,105279
2021-06-15 09:53:23,4361.05,105279
2021-06-15 09:53:24,4361.05,105279
2021-06-15 09:53:25,4361.05,105279
2021-06-15 09:53:26,4361.0,105285
2021-06-15 09:53:27,4360.95,105290
2021-06-15 09:53:27,4360.95,105290
2021-06-15 09:53:28,4360.95,105290
2021-06-15 09:53:29,4360.95,105295
2021-06-15 09:53:30,4361.1,105304
2021-06-15 09:53:31,4359.0,105594
2021-06-15 09:53:32,4359.05,105597
2021-06-15 09:53:33,4359.05,105603
2021-06-15 09:53:36,4358.25,105733
2021-06-15 09:53:37,4358.25,105733
2021-06-15 09:53:38,4358.25,105735
2021-06-15 09:53:39,4357.9,105749
2021-06-15 09:53:40,4357.9,105799
2021-06-15 09:53:40,4357.9,105799
2021-06-15 09:53:41,4355.6,105809
2021-06-15 09:53:43,4357.0,105820
2021-06-15 09:53:44,4357.0,105820
2021-06-15 09:53:45,4357.0,105820
2021-06-15 09:53:46,4357.0,105820
2021-06-15 09:53:47,4357.0,105820
2021-06-15 09:53:48,4357.0,105820
2021-06-15 09:53:49,4357.0,105854
2021-06-15 09:53:49,4357.0,105854
2021-06-15 09:53:50,4357.0,105855
2021-06-15 09:53:51,4356.95,105860
2021-06-15 09:53:53,4356.95,105860
2021-06-15 09:53:53,4356.95,105860
2021-06-15 09:53:55,4356.95,105860
2021-06-15 09:53:56,4356.95,105860
2021-06-15 09:53:58,4354.85,106309
2021-06-15 09:53:59,4354.6,106359
2021-06-15 09:53:59,4354.6,106359
2021-06-15 09:54:01,4354.5,106365
2021-06-15 09:54:02,4355.0,106374
2021-06-15 09:54:02,4355.0,106384
2021-06-15 09:54:04,4355.0,106384
2021-06-15 09:54:05,4354.5,106585
2021-06-15 09:54:06,4355.0,106631
2021-06-15 09:54:07,4355.0,106648
2021-06-15 09:54:09,4355.0,106684
2021-06-15 09:54:10,4354.95,106891
2021-06-15 09:54:11,4355.0,106896
2021-06-15 09:54:12,4354.5,107278
2021-06-15 09:54:13,4354.5,107630
2021-06-15 09:54:13,4354.5,107630
2021-06-15 09:54:14,4354.4,107650
2021-06-15 09:54:16,4354.5,107659
2021-06-15 09:54:17,4354.5,107659
2021-06-15 09:54:18,4353.7,108695
2021-06-15 09:54:19,4353.7,108695
2021-06-15 09:54:20,4353.7,108705
2021-06-15 09:54:21,4354.5,108905
2021-06-15 09:54:23,4354.5,108905
2021-06-15 09:54:24,4354.5,108905
2021-06-15 09:54:25,4354.5,108909
2021-06-15 09:54:26,4354.5,108915
2021-06-15 09:54:27,4354.5,108915
2021-06-15 09:54:28,4354.4,108928
2021-06-15 09:54:29,4354.5,108938
2021-06-15 09:54:30,4354.4,108950
2021-06-15 09:54:30,4354.4,108948
2021-06-15 09:54:32,4354.5,109001
2021-06-15 09:54:33,4354.4,109008
2021-06-15 09:54:34,4354.4,109008
2021-06-15 09:54:36,4354.5,109181
2021-06-15 09:54:37,4354.5,109181
2021-06-15 09:54:37,4354.5,109181
2021-06-15 09:54:39,4354.5,109193
2021-06-15 09:54:40,4354.5,109199
2021-06-15 09:54:41,4353.75,109385
2021-06-15 09:54:42,4353.75,109453
2021-06-15 09:54:43,4353.75,109453
2021-06-15 09:54:44,4353.75,109453
2021-06-15 09:54:45,4353.75,109453
2021-06-15 09:54:46,4353.75,109465
2021-06-15 09:54:47,4353.75,109465
2021-06-15 09:54:48,4353.75,109518
2021-06-15 09:54:49,4353.75,109538
2021-06-15 09:54:50,4353.7,109542
2021-06-15 09:54:51,4353.7,109542
2021-06-15 09:54:53,4353.7,109562
2021-06-15 09:54:54,4355.0,109775
2021-06-15 09:54:55,4355.0,109825
2021-06-15 09:54:56,4355.0,109844
2021-06-15 09:54:57,4355.0,109854
2021-06-15 09:54:58,4353.75,109880
2021-06-15 09:54:59,4352.0,110714
2021-06-15 09:54:59,4352.0,110714
2021-06-15 09:55:00,4353.2,110731
2021-06-15 09:55:02,4353.15,110764
2021-06-15 09:55:03,4353.25,110814
2021-06-15 09:55:04,4353.25,110814
2021-06-15 09:55:05,4353.3,110961
2021-06-15 09:55:06,4353.3,110961
2021-06-15 09:55:07,4352.0,110962
2021-06-15 09:55:08,4353.0,110967
2021-06-15 09:55:08,4353.3,110980
2021-06-15 09:55:09,4353.3,110999
2021-06-15 09:55:11,4353.3,110999
2021-06-15 09:55:12,4353.3,110999
2021-06-15 09:55:13,4353.3,110999
2021-06-15 09:55:15,4352.0,111052
2021-06-15 09:55:16,4353.25,111077
2021-06-15 09:55:17,4353.3,111092
2021-06-15 09:55:18,4353.3,111092
2021-06-15 09:55:18,4353.3,111092
2021-06-15 09:55:19,4353.3,111092
2021-06-15 09:55:21,4353.75,111341
2021-06-15 09:55:22,4354.95,111351
2021-06-15 09:55:23,4350.0,113347
2021-06-15 09:55:24,4352.0,113352
2021-06-15 09:55:26,4351.8,113362
2021-06-15 09:55:28,4350.9,113366
2021-06-15 09:55:29,4350.9,113366
2021-06-15 09:55:30,4350.9,113366
2021-06-15 09:55:31,4353.05,113368
2021-06-15 09:55:32,4353.05,113394
2021-06-15 09:55:33,4348.35,114654
2021-06-15 09:55:34,4348.35,114654
2021-06-15 09:55:34,4349.9,114655
2021-06-15 09:55:36,4348.25,114661
2021-06-15 09:55:37,4349.9,114667
2021-06-15 09:55:38,4350.0,114767
2021-06-15 09:55:39,4350.0,114779
2021-06-15 09:55:40,4348.35,114812
2021-06-15 09:55:41,4348.8,114864
2021-06-15 09:55:41,4350.0,114860
2021-06-15 09:55:42,4348.8,114864
2021-06-15 09:55:44,4350.0,114875
2021-06-15 09:55:45,4350.0,114875
2021-06-15 09:55:47,4350.0,114912
2021-06-15 09:55:48,4348.85,115313
2021-06-15 09:55:49,4348.85,115313
2021-06-15 09:55:50,4348.85,115313
2021-06-15 09:55:51,4348.8,115423
2021-06-15 09:55:52,4350.0,115514
2021-06-15 09:55:54,4350.0,115515
2021-06-15 09:55:53,4350.0,115515
2021-06-15 09:55:55,4348.9,115535
2021-06-15 09:55:58,4350.0,115546
2021-06-15 09:55:59,4350.0,115647
2021-06-15 09:56:00,4350.0,115649
2021-06-15 09:56:01,4350.0,115649
2021-06-15 09:56:02,4350.0,115672
2021-06-15 09:56:04,4345.75,116506
2021-06-15 09:56:05,4345.75,116506
2021-06-15 09:56:06,4345.75,116506
2021-06-15 09:56:07,4345.75,116506
2021-06-15 09:56:08,4349.1,116906
2021-06-15 09:56:09,4347.65,116918
2021-06-15 09:56:10,4346.0,116976
2021-06-15 09:56:11,4347.7,116978
2021-06-15 09:56:12,4347.95,116981
2021-06-15 09:56:13,4347.95,116981
2021-06-15 09:56:14,4350.0,117382
2021-06-15 09:56:15,4350.0,117382
2021-06-15 09:56:16,4348.25,117383
2021-06-15 09:56:17,4348.25,117383
2021-06-15 09:56:18,4348.25,117383
2021-06-15 09:56:19,4348.25,117408
2021-06-15 09:56:20,4350.0,117938
2021-06-15 09:56:21,4350.0,117938
2021-06-15 09:56:22,4348.2,118368
2021-06-15 09:56:23,4348.2,118368
2021-06-15 09:56:24,4348.25,118403
2021-06-15 09:56:25,4348.25,118419
2021-06-15 09:56:26,4348.25,118428
2021-06-15 09:56:27,4349.85,118435
2021-06-15 09:56:28,4348.25,118439
2021-06-15 09:56:29,4348.9,118449
2021-06-15 09:56:30,4350.0,118849
2021-06-15 09:56:31,4349.9,118850
2021-06-15 09:56:32,4349.9,118850
2021-06-15 09:56:33,4349.95,118871
2021-06-15 09:56:34,4349.95,118871
2021-06-15 09:56:35,4349.95,118871
2021-06-15 09:56:36,4349.95,118871
2021-06-15 09:56:37,4350.0,119271
2021-06-15 09:56:38,4348.0,119497
2021-06-15 09:56:39,4349.05,119517
2021-06-15 09:56:40,4350.0,119519
2021-06-15 09:56:41,4348.0,119619
2021-06-15 09:56:42,4348.0,119619
2021-06-15 09:56:43,4349.95,119620
2021-06-15 09:56:44,4349.95,119620
2021-06-15 09:56:45,4349.95,119620
2021-06-15 09:56:46,4349.95,119620
2021-06-15 09:56:47,4349.95,119620
2021-06-15 09:56:48,4349.95,119620
2021-06-15 09:56:49,4349.95,119620
2021-06-15 09:56:50,4349.95,119620
2021-06-15 09:56:51,4349.95,119620
2021-06-15 09:56:52,4350.0,119648
2021-06-15 09:56:53,4350.0,119648
2021-06-15 09:56:54,4349.0,119649
2021-06-15 09:56:55,4349.0,119649
2021-06-15 09:56:56,4350.0,119679
2021-06-15 09:56:57,4348.3,119739
2021-06-15 09:56:58,4350.0,119742
2021-06-15 09:56:59,4350.0,119742
2021-06-15 09:57:00,4347.75,119933
2021-06-15 09:57:01,4348.05,119936
2021-06-15 09:57:02,4348.05,119936
2021-06-15 09:57:03,4348.05,119937
2021-06-15 09:57:04,4348.05,119937
2021-06-15 09:57:05,4348.05,119937
2021-06-15 09:57:06,4348.0,119943
2021-06-15 09:57:07,4347.95,119951
2021-06-15 09:57:08,4348.35,119976
2021-06-15 09:57:09,4347.8,120023
2021-06-15 09:57:10,4347.8,120023
2021-06-15 09:57:11,4347.65,120049
2021-06-15 09:57:12,4347.65,120053
2021-06-15 09:57:13,4347.65,120053
2021-06-15 09:57:14,4347.65,120053
2021-06-15 09:57:15,4347.65,120065
2021-06-15 09:57:16,4347.65,120065
2021-06-15 09:57:17,4347.65,120065
2021-06-15 09:57:18,4348.0,120067
2021-06-15 09:57:19,4348.0,120067
2021-06-15 09:57:20,4348.0,120067
2021-06-15 09:57:21,4347.1,120090
2021-06-15 09:57:22,4348.75,120115
2021-06-15 09:57:23,4348.75,120115
2021-06-15 09:57:24,4348.75,120115
2021-06-15 09:57:25,4348.75,120115
2021-06-15 09:57:27,4348.75,120115
2021-06-15 09:57:28,4347.1,120136
2021-06-15 09:57:29,4347.1,120136
2021-06-15 09:57:30,4347.1,120136
2021-06-15 09:57:31,4347.65,120137
2021-06-15 09:57:32,4347.65,120137
2021-06-15 09:57:33,4347.85,120247
2021-06-15 09:57:35,4348.85,120248
2021-06-15 09:57:34,4348.85,120248
2021-06-15 09:57:36,4349.95,120253
2021-06-15 09:57:37,4349.75,120259
2021-06-15 09:57:38,4349.75,120259
2021-06-15 09:57:39,4348.65,120269
2021-06-15 09:57:40,4349.8,120348
2021-06-15 09:57:41,4350.0,120359
2021-06-15 09:57:42,4350.0,120569
2021-06-15 09:57:43,4349.95,120587
2021-06-15 09:57:44,4349.95,120587
2021-06-15 09:57:46,4350.0,121176
2021-06-15 09:57:45,4350.0,121176
2021-06-15 09:57:47,4350.0,121176
2021-06-15 09:57:48,4350.0,121176
2021-06-15 09:57:49,4350.0,121176
2021-06-15 09:57:50,4350.9,121177
2021-06-15 09:57:51,4350.9,121177
2021-06-15 09:57:52,4351.7,121280
2021-06-15 09:57:53,4351.8,121283
2021-06-15 09:57:54,4351.8,121283
2021-06-15 09:57:55,4351.8,121283
2021-06-15 09:57:57,4351.8,121289
2021-06-15 09:57:58,4351.8,121290
2021-06-15 09:57:59,4350.1,121292
2021-06-15 09:58:01,4351.8,121308
2021-06-15 09:58:03,4351.8,121308
2021-06-15 09:58:03,4351.8,121308
2021-06-15 09:58:04,4351.8,121308
2021-06-15 09:58:05,4351.8,121308
2021-06-15 09:58:06,4351.8,121314
2021-06-15 09:58:07,4351.8,121314
2021-06-15 09:58:08,4351.9,121329
2021-06-15 09:58:09,4351.9,121347
2021-06-15 09:58:10,4351.85,121399
2021-06-15 09:58:11,4352.35,121400
2021-06-15 09:58:12,4352.35,121400
2021-06-15 09:58:14,4352.5,121428
2021-06-15 09:58:14,4352.5,121428
2021-06-15 09:58:15,4351.85,121453
2021-06-15 09:58:17,4352.35,121454
2021-06-15 09:58:18,4353.05,121458
2021-06-15 09:58:19,4352.35,121477
2021-06-15 09:58:20,4353.05,121478
2021-06-15 09:58:21,4352.6,121519
2021-06-15 09:58:22,4352.6,121519
2021-06-15 09:58:23,4351.95,121634
2021-06-15 09:58:24,4351.95,121634
2021-06-15 09:58:25,4351.15,121646
2021-06-15 09:58:27,4352.3,122672
2021-06-15 09:58:29,4352.3,122672
2021-06-15 09:58:29,4352.3,122672
2021-06-15 09:58:30,4350.45,122677
2021-06-15 09:58:31,4350.45,122681
2021-06-15 09:58:32,4350.45,122681
2021-06-15 09:58:33,4350.5,122685
2021-06-15 09:58:34,4350.5,122686
2021-06-15 09:58:35,4350.5,122686
2021-06-15 09:58:36,4350.5,122686
2021-06-15 09:58:37,4350.5,122686
2021-06-15 09:58:38,4351.95,122691
2021-06-15 09:58:39,4352.0,122753
2021-06-15 09:58:40,4352.1,122754
2021-06-15 09:58:41,4351.2,122755
2021-06-15 09:58:42,4351.2,122755
2021-06-15 09:58:43,4351.2,122755
2021-06-15 09:58:44,4351.8,122765
2021-06-15 09:58:45,4352.5,122825
2021-06-15 09:58:47,4352.5,122828
2021-06-15 09:58:48,4351.8,122830
2021-06-15 09:58:49,4352.5,122880
2021-06-15 09:58:49,4352.5,122880
2021-06-15 09:58:50,4352.5,122896
2021-06-15 09:58:51,4352.5,122924
2021-06-15 09:58:53,4352.5,122926
2021-06-15 09:58:55,4351.85,122927
2021-06-15 09:58:56,4351.85,122927
2021-06-15 09:58:57,4351.85,122927
2021-06-15 09:58:59,4351.9,122930
2021-06-15 09:58:59,4351.9,122930
2021-06-15 09:59:00,4351.9,122930
2021-06-15 09:59:01,4351.9,122945
2021-06-15 09:59:02,4351.9,122945
2021-06-15 09:59:03,4353.1,122948
2021-06-15 09:59:04,4352.9,122949
2021-06-15 09:59:05,4352.9,122949
2021-06-15 09:59:06,4352.9,122951
2021-06-15 09:59:07,4352.9,122952
2021-06-15 09:59:08,4352.8,122964
2021-06-15 09:59:10,4352.8,122964
2021-06-15 09:59:10,4352.8,122964
2021-06-15 09:59:11,4352.8,122964
2021-06-15 09:59:12,4353.5,123164
2021-06-15 09:59:13,4355.9,123376
2021-06-15 09:59:15,4353.15,123476
2021-06-15 09:59:17,4353.15,123476
2021-06-15 09:59:18,4355.5,123477
2021-06-15 09:59:18,4355.5,123477
2021-06-15 09:59:19,4355.5,123477
2021-06-15 09:59:20,4354.05,123487
2021-06-15 09:59:21,4355.85,123490
2021-06-15 09:59:22,4355.85,123492
2021-06-15 09:59:23,4356.0,123506
2021-06-15 09:59:24,4356.0,123506
2021-06-15 09:59:25,4356.0,123506
2021-06-15 09:59:27,4356.0,123520
2021-06-15 09:59:28,4356.0,123541
2021-06-15 09:59:29,4356.0,123541
2021-06-15 09:59:29,4356.0,123541
2021-06-15 09:59:30,4356.0,123541
2021-06-15 09:59:31,4356.0,123541
2021-06-15 09:59:32,4356.0,123541
2021-06-15 09:59:33,4356.0,123541
2021-06-15 09:59:34,4356.0,123541
2021-06-15 09:59:36,4354.05,123546
2021-06-15 09:59:37,4354.05,123546
2021-06-15 09:59:38,4356.1,123596
2021-06-15 09:59:39,4356.1,123596
2021-06-15 09:59:40,4356.1,123596
2021-06-15 09:59:42,4356.65,123607
2021-06-15 09:59:43,4356.0,123779
2021-06-15 09:59:44,4356.75,123842
2021-06-15 09:59:45,4356.75,123842
2021-06-15 09:59:46,4356.75,123842
2021-06-15 09:59:47,4356.75,123842
2021-06-15 09:59:48,4356.75,123843
2021-06-15 09:59:49,4356.75,123843
2021-06-15 09:59:50,4355.1,123844
2021-06-15 09:59:51,4355.1,123844
2021-06-15 09:59:52,4355.1,123844
2021-06-15 09:59:54,4355.1,123844
2021-06-15 09:59:54,4355.1,123844
2021-06-15 09:59:55,4355.1,123848
2021-06-15 09:59:56,4355.1,123848
2021-06-15 09:59:58,4355.1,123848
2021-06-15 10:00:00,4357.0,123868
2021-06-15 10:00:01,4357.0,123870
2021-06-15 10:00:02,4357.0,123870
2021-06-15 10:00:03,4357.0,123871
2021-06-15 10:00:04,4357.0,123871
2021-06-15 10:00:05,4356.5,123872
2021-06-15 10:00:06,4356.0,123879
2021-06-15 10:00:08,4357.0,123889
2021-06-15 10:00:09,4357.0,123911
2021-06-15 10:00:10,4357.0,123911
2021-06-15 10:00:11,4357.0,123927
2021-06-15 10:00:12,4357.95,124006
2021-06-15 10:00:14,4359.6,124039
2021-06-15 10:00:14,4359.6,124039
2021-06-15 10:00:16,4360.0,124100
2021-06-15 10:00:17,4360.0,124100
2021-06-15 10:00:18,4360.0,124110
2021-06-15 10:00:19,4360.0,124110
2021-06-15 10:00:20,4360.0,124110
2021-06-15 10:00:22,4358.85,124169
2021-06-15 10:00:23,4358.85,124169
2021-06-15 10:00:24,4359.95,124219
2021-06-15 10:00:25,4359.55,124269
2021-06-15 10:00:27,4359.5,124299
2021-06-15 10:00:28,4359.6,124409
2021-06-15 10:00:29,4359.0,124520
2021-06-15 10:00:30,4359.0,124522
2021-06-15 10:00:31,4358.35,124544
2021-06-15 10:00:32,4358.35,124544
2021-06-15 10:00:33,4358.95,124545
2021-06-15 10:00:34,4358.0,124581
2021-06-15 10:00:36,4357.9,124695
2021-06-15 10:00:37,4357.75,124717
2021-06-15 10:00:38,4358.85,124739
2021-06-15 10:00:39,4358.85,124739
2021-06-15 10:00:41,4358.85,124739
2021-06-15 10:00:41,4358.85,124739
2021-06-15 10:00:44,4358.35,124778
2021-06-15 10:00:45,4359.0,124832
2021-06-15 10:00:45,4359.0,124832
2021-06-15 10:00:46,4357.7,124835
2021-06-15 10:00:47,4359.0,124845
2021-06-15 10:00:48,4359.0,124845
2021-06-15 10:00:50,4356.55,125250
2021-06-15 10:00:51,4356.55,125250
2021-06-15 10:00:52,4358.35,125261
2021-06-15 10:00:53,4358.35,125261
2021-06-15 10:00:54,4358.2,125292
2021-06-15 10:00:55,4356.0,125303
2021-06-15 10:00:56,4357.9,125310
2021-06-15 10:00:57,4357.9,125310
2021-06-15 10:00:59,4357.9,125310
2021-06-15 10:01:00,4357.9,125310
2021-06-15 10:01:01,4358.85,125336
2021-06-15 10:01:02,4358.85,125336
2021-06-15 10:01:03,4358.85,125337
2021-06-15 10:01:03,4358.85,125337
2021-06-15 10:01:05,4358.85,125343
2021-06-15 10:01:06,4358.85,125343
2021-06-15 10:01:07,4358.6,125349
2021-06-15 10:01:08,4358.6,125349
2021-06-15 10:01:08,4358.85,125354
2021-06-15 10:01:09,4358.85,125367
2021-06-15 10:01:10,4358.7,125408
2021-06-15 10:01:12,4358.7,125413
2021-06-15 10:01:13,4358.7,125413
2021-06-15 10:01:14,4358.7,125413
2021-06-15 10:01:15,4358.6,125437
2021-06-15 10:01:16,4358.6,125437
2021-06-15 10:01:18,4358.65,125438
2021-06-15 10:01:19,4358.7,125443
2021-06-15 10:01:21,4358.85,125498
2021-06-15 10:01:22,4358.85,125498
2021-06-15 10:01:23,4360.0,125806
2021-06-15 10:01:24,4358.6,125990
2021-06-15 10:01:24,4358.6,125990
2021-06-15 10:01:25,4358.6,125990
2021-06-15 10:01:26,4358.6,126005
2021-06-15 10:01:27,4358.6,126017
2021-06-15 10:01:28,4358.6,126017
2021-06-15 10:01:29,4358.6,126019
2021-06-15 10:01:30,4358.6,126019
2021-06-15 10:01:32,4358.6,126019
2021-06-15 10:01:33,4358.6,126019
2021-06-15 10:01:34,4358.55,126021
2021-06-15 10:01:35,4358.25,126024
2021-06-15 10:01:36,4358.25,126030
2021-06-15 10:01:38,4358.25,126030
2021-06-15 10:01:39,4358.6,126042
2021-06-15 10:01:40,4358.6,126042
2021-06-15 10:01:41,4358.6,126042
2021-06-15 10:01:42,4358.6,126047
2021-06-15 10:01:42,4358.6,126053
2021-06-15 10:01:44,4358.65,126822
2021-06-15 10:01:45,4358.6,126826
2021-06-15 10:01:46,4359.9,126830
2021-06-15 10:01:46,4359.9,126830
2021-06-15 10:01:47,4359.9,126830
2021-06-15 10:01:48,4359.9,126830
2021-06-15 10:01:49,4359.85,126840
2021-06-15 10:01:50,4359.85,126840
2021-06-15 10:01:51,4358.65,126841
2021-06-15 10:01:53,4359.8,126844
2021-06-15 10:01:54,4359.85,126846
2021-06-15 10:01:54,4359.85,126846
2021-06-15 10:01:55,4359.85,126846
2021-06-15 10:01:56,4359.9,126847
2021-06-15 10:01:57,4359.9,126847
2021-06-15 10:01:58,4359.9,126858
2021-06-15 10:01:59,4359.9,126858
2021-06-15 10:02:00,4359.9,126858
2021-06-15 10:02:01,4359.0,126896
2021-06-15 10:02:02,4359.9,126898
2021-06-15 10:02:04,4359.9,126898
2021-06-15 10:02:05,4359.9,126898
2021-06-15 10:02:05,4359.9,126898
2021-06-15 10:02:06,4359.0,126904
2021-06-15 10:02:07,4360.8,127004
2021-06-15 10:02:08,4360.8,127004
2021-06-15 10:02:09,4360.8,127016
2021-06-15 10:02:10,4360.75,127022
2021-06-15 10:02:11,4360.8,127024
2021-06-15 10:02:12,4360.8,127024
2021-06-15 10:02:13,4360.8,127024
2021-06-15 10:02:14,4359.9,127049
2021-06-15 10:02:15,4359.05,127052
2021-06-15 10:02:16,4359.9,127058
2021-06-15 10:02:17,4359.9,127058
2021-06-15 10:02:18,4359.9,127058
2021-06-15 10:02:19,4359.9,127108
2021-06-15 10:02:21,4360.75,127208
2021-06-15 10:02:22,4359.0,127260
2021-06-15 10:02:23,4357.3,127339
2021-06-15 10:02:24,4357.3,127339
2021-06-15 10:02:25,4359.5,127342
2021-06-15 10:02:26,4359.5,127342
2021-06-15 10:02:27,4359.5,127342
2021-06-15 10:02:28,4359.5,127342
2021-06-15 10:02:29,4359.5,127342
2021-06-15 10:02:30,4359.5,127342
2021-06-15 10:02:32,4360.55,127417
2021-06-15 10:02:33,4360.55,127417
2021-06-15 10:02:34,4360.55,127417
2021-06-15 10:02:35,4360.7,127421
2021-06-15 10:02:35,4360.7,127426
2021-06-15 10:02:36,4358.55,127439
2021-06-15 10:02:37,4360.65,127449
2021-06-15 10:02:38,4360.7,127463
2021-06-15 10:02:39,4360.75,127464
2021-06-15 10:02:41,4360.75,127464
2021-06-15 10:02:42,4360.75,127464
2021-06-15 10:02:43,4360.75,127464
2021-06-15 10:02:44,4360.55,127498
2021-06-15 10:02:44,4360.55,127498
2021-06-15 10:02:45,4360.55,127498
2021-06-15 10:02:47,4360.8,127523
2021-06-15 10:02:48,4359.25,127528
2021-06-15 10:02:50,4359.25,127533
2021-06-15 10:02:51,4359.25,127533
2021-06-15 10:02:52,4359.25,127533
2021-06-15 10:02:53,4359.25,127533
2021-06-15 10:02:54,4359.25,127533
2021-06-15 10:02:55,4360.8,127545
2021-06-15 10:02:55,4360.8,127546
2021-06-15 10:02:57,4359.4,127549
2021-06-15 10:02:58,4359.4,127549
2021-06-15 10:02:59,4360.75,127574
2021-06-15 10:03:00,4360.7,127580
2021-06-15 10:03:01,4360.7,127580
2021-06-15 10:03:01,4360.7,127580
2021-06-15 10:03:02,4360.7,127580
2021-06-15 10:03:03,4360.7,127580
2021-06-15 10:03:05,4360.7,127580
2021-06-15 10:03:05,4360.7,127580
2021-06-15 10:03:06,4360.15,127587
2021-06-15 10:03:07,4360.8,129234
2021-06-15 10:03:08,4360.8,129246
2021-06-15 10:03:09,4360.8,129246
2021-06-15 10:03:11,4360.55,129247
2021-06-15 10:03:13,4360.8,129367
2021-06-15 10:03:14,4360.8,129422
2021-06-15 10:03:15,4360.55,129423
2021-06-15 10:03:16,4360.55,129423
2021-06-15 10:03:17,4360.55,129423
2021-06-15 10:03:17,4360.55,129423
2021-06-15 10:03:18,4360.55,129426
2021-06-15 10:03:20,4360.8,129428
2021-06-15 10:03:20,4360.55,129438
2021-06-15 10:03:22,4360.55,129438
2021-06-15 10:03:23,4360.55,129438
2021-06-15 10:03:24,4360.8,129443
2021-06-15 10:03:25,4360.7,129445
2021-06-15 10:03:25,4361.4,131370
2021-06-15 10:03:27,4362.0,131384
2021-06-15 10:03:28,4362.0,131385
2021-06-15 10:03:29,4361.95,131388
2021-06-15 10:03:30,4361.95,131388
2021-06-15 10:03:32,4361.9,131590
2021-06-15 10:03:33,4361.9,131591
2021-06-15 10:03:35,4362.0,131599
2021-06-15 10:03:35,4362.0,131609
2021-06-15 10:03:37,4360.45,131615
2021-06-15 10:03:38,4362.0,131627
2021-06-15 10:03:40,4360.45,131632
2021-06-15 10:03:40,4360.45,131632
2021-06-15 10:03:42,4360.45,131632
2021-06-15 10:03:43,4360.45,131632
2021-06-15 10:03:44,4360.3,131633
2021-06-15 10:03:45,4360.3,131633
2021-06-15 10:03:45,4360.3,131633
2021-06-15 10:03:46,4360.3,131633
2021-06-15 10:03:47,4362.0,131816
2021-06-15 10:03:48,4362.0,131816
2021-06-15 10:03:50,4362.45,131818
2021-06-15 10:03:51,4362.95,131825
2021-06-15 10:03:51,4366.05,132182
2021-06-15 10:03:53,4366.4,132201
2021-06-15 10:03:54,4363.6,132207
2021-06-15 10:03:55,4366.35,132223
2021-06-15 10:03:56,4367.3,132270
2021-06-15 10:03:57,4367.3,132270
2021-06-15 10:03:58,4367.3,132270
2021-06-15 10:03:59,4367.3,132270
2021-06-15 10:04:00,4367.15,132280
2021-06-15 10:04:00,4365.15,132305
2021-06-15 10:04:01,4365.15,132305
2021-06-15 10:04:02,4365.15,132305
2021-06-15 10:04:03,4365.15,132305
2021-06-15 10:04:05,4366.65,132326
2021-06-15 10:04:05,4366.65,132326
2021-06-15 10:04:06,4365.0,132332
2021-06-15 10:04:07,4365.0,132332
2021-06-15 10:04:08,4367.0,132345
2021-06-15 10:04:09,4367.0,132345
2021-06-15 10:04:11,4366.1,132355
2021-06-15 10:04:13,4366.1,132355
2021-06-15 10:04:14,4366.15,132389
2021-06-15 10:04:15,4367.8,132513
2021-06-15 10:04:16,4367.8,132513
2021-06-15 10:04:17,4367.8,132513
2021-06-15 10:04:18,4367.0,132514
2021-06-15 10:04:19,4367.0,132563
2021-06-15 10:04:20,4368.0,132663
2021-06-15 10:04:21,4368.0,132663
2021-06-15 10:04:22,4368.0,132663
2021-06-15 10:04:23,4368.0,132663
2021-06-15 10:04:26,4368.0,132870
2021-06-15 10:04:27,4367.0,132880
2021-06-15 10:04:28,4367.0,132880
2021-06-15 10:04:29,4368.0,132994
2021-06-15 10:04:30,4368.0,133020
2021-06-15 10:04:31,4368.0,133020
2021-06-15 10:04:32,4368.0,133020
2021-06-15 10:04:33,4366.7,133021
2021-06-15 10:04:34,4366.7,133021
2021-06-15 10:04:36,4366.7,133041
2021-06-15 10:04:37,4366.7,133357
2021-06-15 10:04:39,4366.9,133401
2021-06-15 10:04:40,4366.9,133401
2021-06-15 10:04:41,4366.9,133401
2021-06-15 10:04:41,4366.9,133401
2021-06-15 10:04:43,4366.9,133401
2021-06-15 10:04:45,4366.9,133401
2021-06-15 10:04:46,4366.9,133401
2021-06-15 10:04:48,4366.85,133456
2021-06-15 10:04:49,4366.85,133456
2021-06-15 10:04:50,4366.85,133456
2021-06-15 10:04:51,4366.85,133456
2021-06-15 10:04:52,4362.65,133602
2021-06-15 10:04:53,4362.65,133602
2021-06-15 10:04:54,4362.65,133602
2021-06-15 10:04:55,4362.65,133602
2021-06-15 10:04:56,4362.5,133688
2021-06-15 10:04:56,4362.5,133688
2021-06-15 10:04:57,4362.5,133688
2021-06-15 10:04:58,4363.7,133691
2021-06-15 10:04:59,4363.7,133691
2021-06-15 10:05:00,4363.7,133691
2021-06-15 10:05:01,4363.75,133722
2021-06-15 10:05:02,4363.75,133722
2021-06-15 10:05:03,4363.2,133753
2021-06-15 10:05:04,4363.75,133768
2021-06-15 10:05:05,4363.75,133768
2021-06-15 10:05:07,4363.65,133822
2021-06-15 10:05:08,4363.65,133822
2021-06-15 10:05:09,4363.9,133834
2021-06-15 10:05:10,4363.9,133834
2021-06-15 10:05:11,4364.05,133852
2021-06-15 10:05:12,4365.4,133859
2021-06-15 10:05:13,4365.4,133865
2021-06-15 10:05:14,4365.4,133887
2021-06-15 10:05:15,4365.4,133887
2021-06-15 10:05:16,4365.4,133887
2021-06-15 10:05:17,4365.4,133887
2021-06-15 10:05:18,4365.4,133887
2021-06-15 10:05:19,4363.75,134056
2021-06-15 10:05:20,4363.75,134056
2021-06-15 10:05:21,4363.75,134056
2021-06-15 10:05:22,4363.75,134056
2021-06-15 10:05:23,4363.75,134056
2021-06-15 10:05:24,4363.75,134056
2021-06-15 10:05:26,4363.75,134069
2021-06-15 10:05:27,4363.75,134069
2021-06-15 10:05:28,4363.0,134380
2021-06-15 10:05:29,4362.5,134388
2021-06-15 10:05:30,4362.5,134388
2021-06-15 10:05:31,4362.0,134438
2021-06-15 10:05:32,4362.0,134438
2021-06-15 10:05:33,4362.0,134438
2021-06-15 10:05:34,4362.0,134438
2021-06-15 10:05:35,4361.0,134484
2021-06-15 10:05:36,4360.0,134717
2021-06-15 10:05:37,4360.0,134717
2021-06-15 10:05:38,4361.2,134782
2021-06-15 10:05:39,4361.65,134797
2021-06-15 10:05:40,4360.0,134981
2021-06-15 10:05:41,4360.0,134996
2021-06-15 10:05:42,4359.95,134997
2021-06-15 10:05:43,4359.1,135018
2021-06-15 10:05:44,4360.0,135372
2021-06-15 10:05:45,4360.0,135372
2021-06-15 10:05:46,4360.0,135372
2021-06-15 10:05:47,4360.0,135372
2021-06-15 10:05:48,4360.0,135372
2021-06-15 10:05:49,4360.0,135387
2021-06-15 10:05:50,4360.0,135387
2021-06-15 10:05:51,4360.0,135387
2021-06-15 10:05:52,4360.0,135387
2021-06-15 10:05:52,4360.0,135387
2021-06-15 10:05:53,4359.95,135388
2021-06-15 10:05:55,4359.95,135388
2021-06-15 10:05:56,4359.95,135392
2021-06-15 10:05:57,4361.35,135424
2021-06-15 10:05:58,4361.35,135424
2021-06-15 10:05:59,4361.35,135424
2021-06-15 10:06:00,4361.35,135424
2021-06-15 10:06:01,4361.95,135425
2021-06-15 10:06:02,4361.95,135429
2021-06-15 10:06:03,4361.95,135429
2021-06-15 10:06:04,4361.95,135429
2021-06-15 10:06:04,4361.95,135429
2021-06-15 10:06:05,4361.95,135429
2021-06-15 10:06:06,4360.25,135436
2021-06-15 10:06:08,4360.25,135436
2021-06-15 10:06:09,4361.9,135448
2021-06-15 10:06:10,4361.9,135448
2021-06-15 10:06:11,4361.85,135504
2021-06-15 10:06:12,4361.85,135504
2021-06-15 10:06:13,4361.9,135506
2021-06-15 10:06:14,4361.9,135509
2021-06-15 10:06:15,4361.9,135509
2021-06-15 10:06:16,4359.8,135553
2021-06-15 10:06:17,4359.8,135553
2021-06-15 10:06:18,4359.8,135553
2021-06-15 10:06:19,4359.8,135553
2021-06-15 10:06:20,4360.0,135595
2021-06-15 10:06:21,4360.0,135595
2021-06-15 10:06:22,4360.0,135595
2021-06-15 10:06:23,4359.95,135610
2021-06-15 10:06:24,4359.95,135610
2021-06-15 10:06:25,4359.95,135610
2021-06-15 10:06:26,4359.95,135610
2021-06-15 10:06:27,4360.0,135611
2021-06-15 10:06:29,4361.15,135690
2021-06-15 10:06:30,4361.15,135690
2021-06-15 10:06:31,4361.15,135690
2021-06-15 10:06:32,4361.15,135690
2021-06-15 10:06:33,4361.15,135690
2021-06-15 10:06:34,4361.15,135690
2021-06-15 10:06:35,4360.0,135741
2021-06-15 10:06:36,4359.3,135745
2021-06-15 10:06:37,4360.0,135752
2021-06-15 10:06:38,4360.0,135752
2021-06-15 10:06:39,4360.0,135764
2021-06-15 10:06:40,4360.0,135764
2021-06-15 10:06:41,4360.85,135792
2021-06-15 10:06:42,4360.85,135792
2021-06-15 10:06:43,4360.85,135792
2021-06-15 10:06:44,4360.85,135796
2021-06-15 10:06:45,4360.85,135819
2021-06-15 10:06:46,4360.85,135829
2021-06-15 10:06:47,4360.85,135829
2021-06-15 10:06:48,4360.85,135829
2021-06-15 10:06:49,4359.65,135833
2021-06-15 10:06:50,4361.0,136006
2021-06-15 10:06:51,4361.0,136006
2021-06-15 10:06:52,4361.0,136006
2021-06-15 10:06:53,4361.0,136006
2021-06-15 10:06:55,4361.0,136008
2021-06-15 10:06:54,4361.0,136008
2021-06-15 10:06:56,4360.0,136063
2021-06-15 10:06:57,4360.0,136063
2021-06-15 10:06:58,4360.0,136063
2021-06-15 10:06:59,4362.0,136335
2021-06-15 10:07:00,4361.0,136336
2021-06-15 10:07:01,4361.0,136336
2021-06-15 10:07:02,4361.0,136336
2021-06-15 10:07:03,4362.45,136337
2021-06-15 10:07:04,4362.45,136337
2021-06-15 10:07:05,4362.45,136337
2021-06-15 10:07:06,4362.45,136337
2021-06-15 10:07:07,4361.0,136344
2021-06-15 10:07:08,4361.0,136344
2021-06-15 10:07:09,4361.7,136358
2021-06-15 10:07:10,4362.4,136363
2021-06-15 10:07:11,4361.7,136452
2021-06-15 10:07:13,4361.7,136452
2021-06-15 10:07:14,4362.2,136483
2021-06-15 10:07:15,4361.7,136488
2021-06-15 10:07:16,4361.7,136488
2021-06-15 10:07:18,4362.45,136493
2021-06-15 10:07:20,4362.45,136493
2021-06-15 10:07:21,4362.45,136499
2021-06-15 10:07:22,4362.45,136514
2021-06-15 10:07:23,4362.0,136537
2021-06-15 10:07:25,4362.0,136537
2021-06-15 10:07:24,4362.0,136537
2021-06-15 10:07:26,4362.0,136537
2021-06-15 10:07:27,4362.0,136537
2021-06-15 10:07:28,4361.9,136538
2021-06-15 10:07:29,4361.9,136538
2021-06-15 10:07:30,4361.9,136538
2021-06-15 10:07:31,4361.9,136538
2021-06-15 10:07:33,4361.8,136539
2021-06-15 10:07:32,4361.8,136539
2021-06-15 10:07:34,4361.8,136539
2021-06-15 10:07:35,4361.8,136552
2021-06-15 10:07:36,4361.0,136558
2021-06-15 10:07:38,4361.4,136563
2021-06-15 10:07:39,4361.9,136594
2021-06-15 10:07:40,4361.9,136594
2021-06-15 10:07:41,4361.45,136601
2021-06-15 10:07:42,4361.8,136611
2021-06-15 10:07:43,4361.8,136611
2021-06-15 10:07:44,4362.05,136663
2021-06-15 10:07:45,4362.05,136663
2021-06-15 10:07:46,4362.05,136663
2021-06-15 10:07:47,4362.05,136663
2021-06-15 10:07:48,4362.05,136663
2021-06-15 10:07:49,4362.05,136663
2021-06-15 10:07:50,4361.8,136763
2021-06-15 10:07:51,4362.1,137215
2021-06-15 10:07:52,4362.5,137220
2021-06-15 10:07:53,4362.5,137220
2021-06-15 10:07:54,4362.1,137225
2021-06-15 10:07:55,4362.1,137225
2021-06-15 10:07:56,4362.1,137225
2021-06-15 10:07:57,4362.1,137225
2021-06-15 10:07:58,4362.1,137225
2021-06-15 10:07:59,4362.1,137225
2021-06-15 10:08:00,4362.95,137226
2021-06-15 10:08:01,4363.0,137227
2021-06-15 10:08:02,4364.05,137230
2021-06-15 10:08:03,4364.05,137231
2021-06-15 10:08:04,4364.05,137231
2021-06-15 10:08:05,4363.55,137232
2021-06-15 10:08:06,4362.45,137239
2021-06-15 10:08:07,4362.45,137239
2021-06-15 10:08:08,4362.45,137239
2021-06-15 10:08:09,4363.3,137254
2021-06-15 10:08:10,4363.3,137263
2021-06-15 10:08:11,4363.3,137263
2021-06-15 10:08:12,4363.3,137263
2021-06-15 10:08:13,4363.3,137263
2021-06-15 10:08:14,4363.3,137280
2021-06-15 10:08:15,4363.3,137280
2021-06-15 10:08:16,4363.3,137280
2021-06-15 10:08:17,4363.3,137280
2021-06-15 10:08:18,4363.3,137280
2021-06-15 10:08:19,4363.3,137280
2021-06-15 10:08:20,4363.3,137305
2021-06-15 10:08:22,4363.3,137305
2021-06-15 10:08:23,4363.3,137305
2021-06-15 10:08:23,4363.3,137305
2021-06-15 10:08:24,4363.3,137305
2021-06-15 10:08:25,4362.7,137385
2021-06-15 10:08:26,4362.7,137424
2021-06-15 10:08:27,4362.7,137424
2021-06-15 10:08:28,4362.7,137424
2021-06-15 10:08:29,4361.7,137506
2021-06-15 10:08:30,4361.7,137506
2021-06-15 10:08:31,4362.65,137510
2021-06-15 10:08:32,4363.9,137513
2021-06-15 10:08:34,4363.9,137513
2021-06-15 10:08:35,4363.9,137513
2021-06-15 10:08:36,4362.25,137519
2021-06-15 10:08:37,4363.55,137529
2021-06-15 10:08:39,4362.9,137544
2021-06-15 10:08:39,4362.9,137544
2021-06-15 10:08:40,4363.8,137549
2021-06-15 10:08:41,4363.8,137549
2021-06-15 10:08:42,4363.8,137549
2021-06-15 10:08:43,4363.8,137549
2021-06-15 10:08:44,4363.85,137580
2021-06-15 10:08:45,4363.85,137580
2021-06-15 10:08:46,4363.8,137581
2021-06-15 10:08:47,4363.8,137581
2021-06-15 10:08:48,4363.8,137581
2021-06-15 10:08:49,4363.8,137581
2021-06-15 10:08:50,4363.8,137581
2021-06-15 10:08:51,4363.8,137588
2021-06-15 10:08:52,4363.8,137589
2021-06-15 10:08:53,4363.8,137661
2021-06-15 10:08:54,4363.05,137672
2021-06-15 10:08:55,4363.05,137672
2021-06-15 10:08:56,4363.05,137672
2021-06-15 10:08:57,4363.05,137672
2021-06-15 10:08:58,4363.8,137682
2021-06-15 10:08:59,4363.8,137683
2021-06-15 10:09:00,4363.8,137683
2021-06-15 10:09:01,4363.8,137684
2021-06-15 10:09:03,4363.75,137686
2021-06-15 10:09:04,4363.75,137686
2021-06-15 10:09:06,4363.05,137687
2021-06-15 10:09:07,4363.05,137694
2021-06-15 10:09:07,4363.05,137694
2021-06-15 10:09:08,4363.75,137695
2021-06-15 10:09:09,4363.75,137707
2021-06-15 10:09:10,4363.75,137707
2021-06-15 10:09:12,4363.75,137707
