timestamp,ltp,volume
2021-06-15 09:15:40,5471.15,6933
2021-06-15 09:15:41,5470.0,7092
2021-06-15 09:15:42,5472.85,7096
2021-06-15 09:15:45,5468.25,7474
2021-06-15 09:15:45,5470.2,7495
2021-06-15 09:15:46,5470.15,7513
2021-06-15 09:15:47,5466.25,7517
2021-06-15 09:15:48,5466.25,7547
2021-06-15 09:15:49,5470.2,7581
2021-06-15 09:15:50,5469.95,7605
2021-06-15 09:15:51,5469.95,7605
2021-06-15 09:15:52,5467.0,7647
2021-06-15 09:15:53,5466.4,7719
2021-06-15 09:15:54,5466.4,7747
2021-06-15 09:15:55,5470.3,7768
2021-06-15 09:15:56,5466.45,7802
2021-06-15 09:15:57,5467.8,7822
2021-06-15 09:15:58,5467.8,7841
2021-06-15 09:15:59,5467.8,8051
2021-06-15 09:16:00,5466.4,8426
2021-06-15 09:16:02,5469.55,8482
2021-06-15 09:16:03,5469.65,8598
2021-06-15 09:16:04,5466.55,8628
2021-06-15 09:16:05,5466.45,8660
2021-06-15 09:16:05,5466.45,8678
2021-06-15 09:16:06,5466.45,8680
2021-06-15 09:16:07,5466.4,8715
2021-06-15 09:16:08,5466.25,8717
2021-06-15 09:16:09,5466.25,8742
2021-06-15 09:16:10,5466.5,8813
2021-06-15 09:16:11,5465.85,8819
2021-06-15 09:16:12,5465.85,8819
2021-06-15 09:16:13,5466.6,8836
2021-06-15 09:16:14,5469.1,9054
2021-06-15 09:16:15,5465.0,9156
2021-06-15 09:16:16,5466.65,9178
2021-06-15 09:16:17,5466.65,9278
2021-06-15 09:16:18,5466.5,9782
2021-06-15 09:16:19,5466.6,9850
2021-06-15 09:16:20,5465.85,9965
2021-06-15 09:16:21,5466.6,9968
2021-06-15 09:16:23,5465.85,9982
2021-06-15 09:16:23,5465.85,9982
2021-06-15 09:16:24,5463.7,10089
2021-06-15 09:16:25,5463.2,10116
2021-06-15 09:16:26,5465.0,10226
2021-06-15 09:16:27,5463.15,10332
2021-06-15 09:16:29,5461.95,10487
2021-06-15 09:16:29,5465.2,10492
2021-06-15 09:16:30,5465.2,10542
2021-06-15 09:16:31,5465.0,10575
2021-06-15 09:16:32,5463.1,10605
2021-06-15 09:16:33,5462.9,10715
2021-06-15 09:16:34,5462.8,10797
2021-06-15 09:16:35,5465.0,10854
2021-06-15 09:16:36,5465.0,10860
2021-06-15 09:16:37,5462.45,10879
2021-06-15 09:16:38,5465.0,10910
2021-06-15 09:16:40,5463.1,10968
2021-06-15 09:16:41,5465.0,11078
2021-06-15 09:16:42,5465.1,11912
2021-06-15 09:16:43,5463.3,11926
2021-06-15 09:16:44,5464.95,11936
2021-06-15 09:16:45,5464.95,11954
2021-06-15 09:16:46,5465.0,12364
2021-06-15 09:16:47,5464.95,12399
2021-06-15 09:16:47,5464.95,12407
2021-06-15 09:16:49,5465.0,12560
2021-06-15 09:16:49,5465.0,12560
2021-06-15 09:16:50,5462.7,12577
2021-06-15 09:16:51,5462.75,12615
2021-06-15 09:16:52,5465.0,12665
2021-06-15 09:16:53,5461.0,13190
2021-06-15 09:16:54,5456.5,13800
2021-06-15 09:16:55,5460.95,13863
2021-06-15 09:16:56,5457.35,13868
2021-06-15 09:16:57,5461.8,14019
2021-06-15 09:16:58,5461.65,14070
2021-06-15 09:16:59,5462.0,14097
2021-06-15 09:17:00,5457.95,14217
2021-06-15 09:17:01,5459.15,14225
2021-06-15 09:17:03,5458.6,14245
2021-06-15 09:17:04,5460.35,14370
2021-06-15 09:17:05,5457.3,14425
2021-06-15 09:17:05,5457.95,14439
2021-06-15 09:17:07,5460.85,14461
2021-06-15 09:17:07,5460.85,14461
2021-06-15 09:17:09,5459.5,14505
2021-06-15 09:17:10,5457.0,14516
2021-06-15 09:17:11,5456.6,14524
2021-06-15 09:17:12,5458.2,14575
2021-06-15 09:17:13,5456.05,14589
2021-06-15 09:17:15,5458.9,14728
2021-06-15 09:17:18,5457.0,14865
2021-06-15 09:17:19,5458.95,14873
2021-06-15 09:17:21,5457.0,15246
2021-06-15 09:17:22,5457.0,15258
2021-06-15 09:17:23,5457.0,15290
2021-06-15 09:17:24,5458.55,15408
2021-06-15 09:17:26,5458.65,15434
2021-06-15 09:17:27,5456.3,15435
2021-06-15 09:17:28,5458.75,16346
2021-06-15 09:17:29,5457.1,16368
2021-06-15 09:17:30,5457.1,16368
2021-06-15 09:17:31,5457.1,16368
2021-06-15 09:17:32,5458.55,16398
2021-06-15 09:17:33,5457.45,17311
2021-06-15 09:17:34,5458.65,17339
2021-06-15 09:17:35,5457.35,17369
2021-06-15 09:17:36,5458.0,17386
2021-06-15 09:17:37,5457.3,17415
2021-06-15 09:17:40,5459.15,18176
2021-06-15 09:17:42,5459.15,18238
2021-06-15 09:17:43,5457.7,18250
2021-06-15 09:17:43,5457.4,18252
2021-06-15 09:17:44,5460.0,18371
2021-06-15 09:17:45,5458.0,18413
2021-06-15 09:17:46,5457.35,18497
2021-06-15 09:17:48,5457.55,18615
2021-06-15 09:17:48,5460.0,18623
2021-06-15 09:17:49,5459.15,18627
2021-06-15 09:17:50,5460.0,18639
2021-06-15 09:17:51,5457.45,18731
2021-06-15 09:17:52,5459.9,18740
2021-06-15 09:17:53,5458.0,18769
2021-06-15 09:17:55,5458.0,18777
2021-06-15 09:17:56,5457.85,18898
2021-06-15 09:17:57,5458.4,18923
2021-06-15 09:17:58,5458.4,18923
2021-06-15 09:17:59,5458.0,18927
2021-06-15 09:18:00,5458.0,18932
2021-06-15 09:18:01,5457.85,18937
2021-06-15 09:18:02,5459.85,18938
2021-06-15 09:18:03,5458.0,18959
2021-06-15 09:18:04,5458.0,18959
2021-06-15 09:18:05,5458.0,18959
2021-06-15 09:18:07,5459.7,18973
2021-06-15 09:18:08,5459.7,18973
2021-06-15 09:18:09,5459.7,18974
2021-06-15 09:18:09,5459.7,18974
2021-06-15 09:18:10,5462.1,19806
2021-06-15 09:18:11,5462.1,19865
2021-06-15 09:18:13,5463.3,19900
2021-06-15 09:18:17,5462.3,19934
2021-06-15 09:18:18,5462.3,19949
2021-06-15 09:18:19,5462.3,19959
2021-06-15 09:18:20,5464.75,19961
2021-06-15 09:18:22,5462.35,19987
2021-06-15 09:18:23,5462.3,20034
2021-06-15 09:18:24,5462.35,20042
2021-06-15 09:18:25,5462.2,20095
2021-06-15 09:18:26,5462.0,20134
2021-06-15 09:18:27,5462.4,20157
2021-06-15 09:18:28,5462.4,20173
2021-06-15 09:18:29,5462.4,20259
2021-06-15 09:18:30,5460.0,20316
2021-06-15 09:18:31,5462.2,20429
2021-06-15 09:18:32,5462.4,20630
2021-06-15 09:18:33,5462.35,20635
2021-06-15 09:18:35,5462.4,20677
2021-06-15 09:18:36,5462.4,20677
2021-06-15 09:18:37,5463.95,20792
2021-06-15 09:18:38,5464.0,20806
2021-06-15 09:18:39,5464.0,20869
2021-06-15 09:18:40,5464.0,20869
2021-06-15 09:18:41,5463.9,20930
2021-06-15 09:18:42,5463.9,20953
2021-06-15 09:18:42,5463.75,21209
2021-06-15 09:18:43,5463.85,21231
2021-06-15 09:18:44,5464.55,21239
2021-06-15 09:18:45,5463.35,21269
2021-06-15 09:18:46,5466.05,21358
2021-06-15 09:18:47,5466.2,21375
2021-06-15 09:18:49,5466.1,21529
2021-06-15 09:18:50,5466.15,21566
2021-06-15 09:18:51,5463.4,21623
2021-06-15 09:18:52,5466.1,21633
2021-06-15 09:18:53,5463.2,21693
2021-06-15 09:18:54,5462.4,21700
2021-06-15 09:18:55,5462.05,22195
2021-06-15 09:18:56,5461.9,22639
2021-06-15 09:18:58,5462.2,22700
2021-06-15 09:18:59,5459.05,22777
2021-06-15 09:19:00,5459.05,22777
2021-06-15 09:19:02,5460.0,22783
2021-06-15 09:19:03,5460.0,22790
2021-06-15 09:19:04,5460.0,22807
2021-06-15 09:19:04,5460.0,22807
2021-06-15 09:19:05,5459.75,22873
2021-06-15 09:19:06,5459.3,22875
2021-06-15 09:19:07,5459.35,22880
2021-06-15 09:19:08,5460.0,22882
2021-06-15 09:19:10,5462.05,22960
2021-06-15 09:19:11,5460.6,22984
2021-06-15 09:19:11,5462.0,23044
2021-06-15 09:19:13,5460.6,23047
2021-06-15 09:19:14,5460.05,23064
2021-06-15 09:19:15,5460.0,23195
2021-06-15 09:19:16,5461.9,23309
2021-06-15 09:19:17,5461.9,23340
2021-06-15 09:19:18,5462.0,23354
2021-06-15 09:19:19,5461.95,23356
2021-06-15 09:19:19,5461.9,23394
2021-06-15 09:19:20,5462.0,23425
2021-06-15 09:19:22,5461.9,23454
2021-06-15 09:19:23,5461.9,23480
2021-06-15 09:19:24,5462.0,23485
2021-06-15 09:19:26,5462.0,23616
2021-06-15 09:19:27,5460.05,23741
2021-06-15 09:19:27,5460.2,23752
2021-06-15 09:19:28,5460.05,23767
2021-06-15 09:19:29,5462.0,23903
2021-06-15 09:19:31,5460.0,23906
2021-06-15 09:19:32,5459.75,24021
2021-06-15 09:19:32,5459.75,24021
2021-06-15 09:19:33,5459.75,24021
2021-06-15 09:19:34,5459.45,24035
2021-06-15 09:19:35,5459.75,24050
2021-06-15 09:19:36,5459.4,24080
2021-06-15 09:19:37,5461.7,24081
2021-06-15 09:19:38,5461.8,24105
2021-06-15 09:19:40,5460.95,24546
2021-06-15 09:19:42,5460.5,24600
2021-06-15 09:19:43,5462.1,24621
2021-06-15 09:19:44,5460.5,24625
2021-06-15 09:19:45,5460.5,24625
2021-06-15 09:19:46,5462.0,24665
2021-06-15 09:19:47,5461.0,24716
2021-06-15 09:19:48,5460.95,24751
2021-06-15 09:19:49,5462.1,24791
2021-06-15 09:19:49,5462.1,24791
2021-06-15 09:19:50,5462.1,24802
2021-06-15 09:19:51,5462.1,24802
2021-06-15 09:19:52,5460.95,24824
2021-06-15 09:19:53,5461.15,24847
2021-06-15 09:19:54,5461.0,24883
2021-06-15 09:19:55,5462.1,24894
2021-06-15 09:19:56,5460.45,24938
2021-06-15 09:19:58,5461.2,25150
2021-06-15 09:19:59,5461.7,25252
2021-06-15 09:20:00,5460.0,25269
2021-06-15 09:20:01,5456.45,25967
2021-06-15 09:20:02,5456.45,25967
2021-06-15 09:20:03,5457.3,25971
2021-06-15 09:20:04,5459.45,25975
2021-06-15 09:20:05,5457.25,26009
2021-06-15 09:20:06,5457.25,26009
2021-06-15 09:20:07,5457.35,26074
2021-06-15 09:20:09,5459.2,26078
2021-06-15 09:20:10,5459.8,26090
2021-06-15 09:20:11,5457.0,26104
2021-06-15 09:20:12,5455.8,26263
2021-06-15 09:20:12,5455.8,26263
2021-06-15 09:20:13,5456.1,26291
2021-06-15 09:20:14,5456.1,26291
2021-06-15 09:20:15,5458.0,26301
2021-06-15 09:20:16,5456.1,26336
2021-06-15 09:20:17,5457.75,26400
2021-06-15 09:20:18,5457.7,26401
2021-06-15 09:20:20,5455.65,26426
2021-06-15 09:20:21,5455.95,26449
2021-06-15 09:20:22,5458.1,26452
2021-06-15 09:20:23,5455.75,26453
2021-06-15 09:20:24,5455.75,26467
2021-06-15 09:20:25,5457.3,27532
2021-06-15 09:20:26,5456.05,27582
2021-06-15 09:20:27,5458.5,27588
2021-06-15 09:20:27,5458.5,27588
2021-06-15 09:20:28,5456.6,27605
2021-06-15 09:20:29,5456.4,27615
2021-06-15 09:20:32,5452.9,28483
2021-06-15 09:20:33,5453.7,28558
2021-06-15 09:20:34,5450.8,28627
2021-06-15 09:20:35,5453.75,28659
2021-06-15 09:20:36,5450.9,28676
2021-06-15 09:20:37,5450.25,28781
2021-06-15 09:20:38,5453.35,28793
2021-06-15 09:20:39,5453.35,28793
2021-06-15 09:20:40,5453.35,28793
2021-06-15 09:20:41,5453.0,28795
2021-06-15 09:20:42,5450.95,28825
2021-06-15 09:20:43,5453.2,28859
2021-06-15 09:20:44,5450.0,28919
2021-06-15 09:20:45,5453.0,28920
2021-06-15 09:20:46,5450.3,28930
2021-06-15 09:20:47,5450.1,28933
2021-06-15 09:20:48,5450.1,28933
2021-06-15 09:20:50,5448.45,29975
2021-06-15 09:20:51,5448.45,29975
2021-06-15 09:20:52,5448.35,29985
2021-06-15 09:20:53,5447.95,30010
2021-06-15 09:20:54,5447.85,30036
2021-06-15 09:20:55,5447.85,30038
2021-06-15 09:20:56,5447.85,30038
2021-06-15 09:20:57,5443.35,30231
2021-06-15 09:20:58,5442.95,30316
2021-06-15 09:20:59,5440.2,30349
2021-06-15 09:21:00,5440.2,30359
2021-06-15 09:21:01,5440.2,30359
2021-06-15 09:21:02,5442.75,30366
2021-06-15 09:21:04,5440.05,30798
2021-06-15 09:21:05,5440.4,30868
2021-06-15 09:21:06,5440.45,30883
2021-06-15 09:21:07,5442.7,30943
2021-06-15 09:21:08,5440.55,30945
2021-06-15 09:21:09,5443.0,30997
2021-06-15 09:21:09,5442.9,31092
2021-06-15 09:21:10,5442.9,31092
2021-06-15 09:21:11,5441.0,31105
2021-06-15 09:21:13,5440.55,31209
2021-06-15 09:21:14,5442.65,31374
2021-06-15 09:21:15,5438.3,31779
2021-06-15 09:21:16,5439.25,31791
2021-06-15 09:21:18,5438.0,31917
2021-06-15 09:21:18,5440.0,31922
2021-06-15 09:21:19,5440.0,31922
2021-06-15 09:21:20,5436.9,31982
2021-06-15 09:21:21,5439.5,32041
2021-06-15 09:21:22,5438.55,32047
2021-06-15 09:21:23,5440.05,32132
2021-06-15 09:21:24,5438.25,32141
2021-06-15 09:21:25,5441.0,32146
2021-06-15 09:21:27,5439.8,32188
2021-06-15 09:21:28,5439.8,32188
2021-06-15 09:21:30,5439.8,32188
2021-06-15 09:21:31,5440.1,32301
2021-06-15 09:21:31,5440.1,32303
2021-06-15 09:21:36,5440.25,32680
2021-06-15 09:21:38,5440.0,32688
2021-06-15 09:21:39,5442.3,32716
2021-06-15 09:21:40,5442.5,32761
2021-06-15 09:21:41,5442.5,32761
2021-06-15 09:21:42,5442.95,32764
2021-06-15 09:21:43,5442.8,32798
2021-06-15 09:21:43,5442.8,32798
2021-06-15 09:21:44,5441.0,32895
2021-06-15 09:21:45,5441.0,32895
2021-06-15 09:21:47,5442.1,32915
2021-06-15 09:21:48,5442.1,32915
2021-06-15 09:21:49,5440.3,32986
2021-06-15 09:21:50,5441.0,33087
2021-06-15 09:21:51,5441.0,33091
2021-06-15 09:21:52,5441.05,33117
2021-06-15 09:21:53,5441.05,33129
2021-06-15 09:21:54,5445.0,33477
2021-06-15 09:21:55,5443.15,33541
2021-06-15 09:21:56,5443.2,33545
2021-06-15 09:21:57,5444.8,33550
2021-06-15 09:21:58,5443.15,33675
2021-06-15 09:21:59,5444.8,33714
2021-06-15 09:22:00,5444.8,33738
2021-06-15 09:22:01,5445.0,33765
2021-06-15 09:22:02,5445.0,33765
2021-06-15 09:22:03,5436.95,35743
2021-06-15 09:22:04,5437.9,35910
2021-06-15 09:22:05,5435.15,36102
2021-06-15 09:22:06,5437.45,36115
2021-06-15 09:22:07,5438.2,36145
2021-06-15 09:22:07,5437.95,36166
2021-06-15 09:22:09,5437.95,36166
2021-06-15 09:22:10,5434.4,36399
2021-06-15 09:22:11,5432.8,36428
2021-06-15 09:22:12,5430.2,36463
2021-06-15 09:22:13,5430.55,36644
2021-06-15 09:22:14,5430.7,36663
2021-06-15 09:22:15,5432.55,36693
2021-06-15 09:22:16,5432.6,36708
2021-06-15 09:22:17,5430.4,36730
2021-06-15 09:22:17,5430.4,36730
2021-06-15 09:22:18,5433.25,36752
2021-06-15 09:22:20,5430.5,36872
2021-06-15 09:22:21,5432.9,36907
2021-06-15 09:22:22,5432.9,36907
2021-06-15 09:22:23,5425.0,38178
2021-06-15 09:22:24,5425.3,38218
2021-06-15 09:22:25,5426.0,38246
2021-06-15 09:22:26,5426.0,38254
2021-06-15 09:22:27,5425.4,38384
2021-06-15 09:22:28,5425.4,38384
2021-06-15 09:22:29,5422.6,38412
2021-06-15 09:22:30,5424.7,38858
2021-06-15 09:22:31,5422.6,38868
2021-06-15 09:22:32,5423.0,38964
2021-06-15 09:22:33,5426.95,39167
2021-06-15 09:22:34,5425.4,39444
2021-06-15 09:22:35,5425.0,39450
2021-06-15 09:22:36,5426.0,39451
2021-06-15 09:22:37,5428.25,39518
2021-06-15 09:22:39,5426.25,39554
2021-06-15 09:22:39,5426.25,39554
2021-06-15 09:22:42,5426.2,39573
2021-06-15 09:22:43,5429.0,39593
2021-06-15 09:22:44,5429.1,39601
2021-06-15 09:22:45,5429.65,39669
2021-06-15 09:22:47,5427.95,40217
2021-06-15 09:22:49,5428.0,40331
2021-06-15 09:22:51,5426.25,40372
2021-06-15 09:22:52,5429.2,40402
2021-06-15 09:22:53,5429.45,40519
2021-06-15 09:22:54,5429.5,40672
2021-06-15 09:22:56,5433.0,40915
2021-06-15 09:22:57,5433.0,40923
2021-06-15 09:22:58,5433.4,40983
2021-06-15 09:22:59,5433.9,41069
2021-06-15 09:23:00,5434.0,41110
2021-06-15 09:23:01,5433.35,41158
2021-06-15 09:23:02,5433.25,41270
2021-06-15 09:23:03,5432.25,41421
2021-06-15 09:23:04,5432.35,41471
2021-06-15 09:23:05,5432.35,41497
2021-06-15 09:23:06,5433.2,41506
2021-06-15 09:23:07,5433.2,41506
2021-06-15 09:23:08,5433.25,41527
2021-06-15 09:23:09,5430.9,41721
2021-06-15 09:23:10,5433.85,41725
2021-06-15 09:23:11,5432.25,41770
2021-06-15 09:23:12,5431.0,41775
2021-06-15 09:23:13,5432.0,41800
2021-06-15 09:23:13,5432.0,41800
2021-06-15 09:23:14,5432.0,41819
2021-06-15 09:23:15,5430.0,41976
2021-06-15 09:23:16,5430.6,41995
2021-06-15 09:23:18,5429.65,42097
2021-06-15 09:23:19,5429.5,42203
2021-06-15 09:23:20,5428.3,42422
2021-06-15 09:23:20,5429.6,42496
2021-06-15 09:23:21,5429.6,42526
2021-06-15 09:23:22,5429.0,42556
2021-06-15 09:23:23,5429.0,42564
2021-06-15 09:23:24,5426.75,42930
2021-06-15 09:23:25,5429.25,42951
2021-06-15 09:23:26,5427.0,42952
2021-06-15 09:23:27,5429.6,43059
2021-06-15 09:23:28,5427.05,43150
2021-06-15 09:23:29,5427.05,43150
2021-06-15 09:23:30,5429.3,43160
2021-06-15 09:23:31,5427.25,43183
2021-06-15 09:23:33,5427.35,43192
2021-06-15 09:23:34,5429.3,43196
2021-06-15 09:23:35,5429.2,43230
2021-06-15 09:23:36,5427.5,43272
2021-06-15 09:23:37,5427.5,43272
2021-06-15 09:23:38,5427.55,43278
2021-06-15 09:23:39,5427.55,43278
2021-06-15 09:23:40,5427.65,43286
2021-06-15 09:23:41,5429.2,43293
2021-06-15 09:23:42,5427.65,43301
2021-06-15 09:23:43,5427.65,43366
2021-06-15 09:23:44,5427.65,43366
2021-06-15 09:23:45,5429.2,43422
2021-06-15 09:23:46,5427.7,43458
2021-06-15 09:23:47,5427.8,43584
2021-06-15 09:23:48,5427.8,43584
2021-06-15 09:23:49,5429.2,43607
2021-06-15 09:23:50,5427.65,43634
2021-06-15 09:23:51,5427.65,43637
2021-06-15 09:23:52,5429.2,43662
2021-06-15 09:23:53,5428.0,43671
2021-06-15 09:23:54,5428.0,43671
2021-06-15 09:23:55,5428.0,43682
2021-06-15 09:23:56,5430.0,43953
2021-06-15 09:23:57,5431.0,43971
2021-06-15 09:23:58,5429.3,43980
2021-06-15 09:23:59,5429.5,44044
2021-06-15 09:24:00,5428.15,44176
2021-06-15 09:24:01,5430.5,44187
2021-06-15 09:24:03,5428.45,44430
2021-06-15 09:24:04,5429.3,44450
2021-06-15 09:24:05,5427.35,44626
2021-06-15 09:24:06,5427.35,44673
2021-06-15 09:24:07,5427.35,44673
2021-06-15 09:24:08,5429.5,44692
2021-06-15 09:24:09,5429.5,44692
2021-06-15 09:24:10,5427.75,44761
2021-06-15 09:24:11,5430.5,44795
2021-06-15 09:24:12,5430.5,44795
2021-06-15 09:24:14,5430.75,45038
2021-06-15 09:24:15,5427.8,45049
2021-06-15 09:24:16,5426.0,45491
2021-06-15 09:24:17,5427.45,45592
2021-06-15 09:24:18,5427.5,45612
2021-06-15 09:24:19,5427.5,45612
2021-06-15 09:24:20,5427.55,45615
2021-06-15 09:24:21,5427.55,45615
2021-06-15 09:24:22,5427.5,45648
2021-06-15 09:24:23,5428.0,45667
2021-06-15 09:24:24,5427.7,45672
2021-06-15 09:24:25,5427.7,45672
2021-06-15 09:24:26,5427.7,45672
2021-06-15 09:24:27,5429.3,45767
2021-06-15 09:24:28,5429.3,45770
2021-06-15 09:24:29,5427.55,45780
2021-06-15 09:24:30,5426.15,45964
2021-06-15 09:24:31,5427.55,45969
2021-06-15 09:24:32,5428.65,45981
2021-06-15 09:24:33,5429.1,45985
2021-06-15 09:24:34,5429.1,45985
2021-06-15 09:24:35,5427.5,46006
2021-06-15 09:24:36,5430.1,46094
2021-06-15 09:24:37,5430.1,46094
2021-06-15 09:24:38,5430.1,46164
2021-06-15 09:24:39,5430.1,46164
2021-06-15 09:24:41,5429.0,46174
2021-06-15 09:24:42,5426.0,46525
2021-06-15 09:24:43,5426.0,46535
2021-06-15 09:24:44,5426.0,46535
2021-06-15 09:24:45,5426.0,46545
2021-06-15 09:24:46,5429.05,46595
2021-06-15 09:24:47,5428.0,46628
2021-06-15 09:24:48,5427.7,46685
2021-06-15 09:24:49,5427.1,46721
2021-06-15 09:24:50,5428.7,46750
2021-06-15 09:24:51,5427.1,46792
2021-06-15 09:24:52,5428.7,46794
2021-06-15 09:24:53,5428.7,46822
2021-06-15 09:24:54,5428.7,46822
2021-06-15 09:24:55,5426.4,46941
2021-06-15 09:24:56,5428.65,46948
2021-06-15 09:24:57,5426.15,46998
2021-06-15 09:24:58,5427.0,47106
2021-06-15 09:24:59,5427.0,47109
2021-06-15 09:25:00,5427.1,47230
2021-06-15 09:25:01,5426.0,47273
2021-06-15 09:25:02,5426.2,47275
2021-06-15 09:25:03,5426.05,47306
2021-06-15 09:25:04,5427.0,47319
2021-06-15 09:25:05,5427.0,47319
2021-06-15 09:25:06,5425.25,47405
2021-06-15 09:25:08,5426.0,47559
2021-06-15 09:25:09,5421.15,48646
2021-06-15 09:25:10,5423.95,48823
2021-06-15 09:25:11,5423.4,48950
2021-06-15 09:25:12,5423.4,48950
2021-06-15 09:25:13,5421.0,49100
2021-06-15 09:25:14,5420.5,49231
2021-06-15 09:25:15,5421.1,49405
2021-06-15 09:25:16,5420.0,49691
2021-06-15 09:25:17,5415.1,50127
2021-06-15 09:25:18,5416.85,50342
2021-06-15 09:25:19,5417.0,50451
2021-06-15 09:25:20,5417.0,50515
2021-06-15 09:25:21,5415.1,50525
2021-06-15 09:25:22,5419.25,51199
2021-06-15 09:25:23,5418.0,51200
2021-06-15 09:25:24,5418.2,51468
2021-06-15 09:25:25,5421.05,51487
2021-06-15 09:25:26,5421.1,51871
2021-06-15 09:25:27,5419.0,51879
2021-06-15 09:25:28,5418.6,51927
2021-06-15 09:25:29,5418.6,51927
2021-06-15 09:25:30,5421.05,51954
2021-06-15 09:25:31,5420.95,52555
2021-06-15 09:25:32,5420.95,52669
2021-06-15 09:25:33,5420.95,52689
2021-06-15 09:25:34,5421.0,52748
2021-06-15 09:25:35,5421.5,52790
2021-06-15 09:25:36,5420.95,52870
2021-06-15 09:25:37,5422.5,52987
2021-06-15 09:25:38,5422.5,53013
2021-06-15 09:25:39,5422.85,53033
2021-06-15 09:25:40,5421.05,53062
2021-06-15 09:25:41,5422.85,53137
2021-06-15 09:25:43,5421.05,53242
2021-06-15 09:25:44,5421.25,53273
2021-06-15 09:25:46,5423.0,53320
2021-06-15 09:25:47,5421.0,53451
2021-06-15 09:25:48,5423.0,53462
2021-06-15 09:25:49,5423.15,53657
2021-06-15 09:25:50,5421.2,53717
2021-06-15 09:25:51,5422.1,53732
2021-06-15 09:25:52,5424.2,53786
2021-06-15 09:25:53,5424.2,53786
2021-06-15 09:25:54,5424.2,53786
2021-06-15 09:25:55,5422.15,53932
2021-06-15 09:25:56,5422.15,53932
2021-06-15 09:25:57,5421.4,54043
2021-06-15 09:25:58,5421.35,54061
2021-06-15 09:25:59,5421.55,54134
2021-06-15 09:26:00,5424.25,54263
2021-06-15 09:26:01,5424.25,54263
2021-06-15 09:26:02,5424.25,54274
2021-06-15 09:26:03,5421.8,54383
2021-06-15 09:26:04,5421.8,54383
2021-06-15 09:26:05,5424.2,54412
2021-06-15 09:26:06,5424.25,54426
2021-06-15 09:26:07,5422.95,54439
2021-06-15 09:26:08,5424.25,54996
2021-06-15 09:26:09,5425.0,55034
2021-06-15 09:26:10,5423.35,55049
2021-06-15 09:26:11,5424.65,55098
2021-06-15 09:26:12,5422.95,55102
2021-06-15 09:26:13,5422.9,55334
2021-06-15 09:26:14,5425.8,55516
2021-06-15 09:26:15,5422.1,55577
2021-06-15 09:26:16,5425.0,55614
2021-06-15 09:26:17,5423.0,55625
2021-06-15 09:26:18,5423.1,55667
2021-06-15 09:26:19,5423.6,55696
2021-06-15 09:26:20,5423.05,55723
2021-06-15 09:26:21,5422.8,55809
2021-06-15 09:26:22,5423.1,55816
2021-06-15 09:26:23,5425.0,55837
2021-06-15 09:26:24,5422.7,55849
2021-06-15 09:26:25,5423.1,55881
2021-06-15 09:26:27,5423.45,55887
2021-06-15 09:26:28,5423.45,55889
2021-06-15 09:26:29,5426.0,56002
2021-06-15 09:26:29,5426.0,56002
2021-06-15 09:26:30,5423.05,56132
2021-06-15 09:26:31,5422.0,56186
2021-06-15 09:26:32,5421.5,56411
2021-06-15 09:26:33,5422.9,56419
2021-06-15 09:26:34,5422.9,56435
2021-06-15 09:26:35,5422.95,56458
2021-06-15 09:26:36,5422.0,56517
2021-06-15 09:26:37,5422.0,56517
2021-06-15 09:26:38,5421.45,56575
2021-06-15 09:26:39,5421.45,56575
2021-06-15 09:26:41,5418.6,57162
2021-06-15 09:26:42,5418.6,57169
2021-06-15 09:26:43,5419.15,57196
2021-06-15 09:26:44,5418.0,57217
2021-06-15 09:26:44,5419.15,57205
2021-06-15 09:26:45,5419.15,57243
2021-06-15 09:26:46,5418.0,57264
2021-06-15 09:26:49,5420.25,57473
2021-06-15 09:26:50,5419.4,57532
2021-06-15 09:26:51,5419.4,57716
2021-06-15 09:26:52,5419.4,57744
2021-06-15 09:26:53,5419.4,57744
2021-06-15 09:26:54,5419.4,57746
2021-06-15 09:26:55,5421.2,57797
2021-06-15 09:26:56,5421.2,57924
2021-06-15 09:26:57,5421.2,58024
2021-06-15 09:26:58,5423.0,58041
2021-06-15 09:26:59,5423.5,58047
2021-06-15 09:27:00,5423.55,58079
2021-06-15 09:27:01,5421.2,58115
2021-06-15 09:27:02,5423.05,58124
2021-06-15 09:27:03,5422.9,58134
2021-06-15 09:27:04,5422.0,58143
2021-06-15 09:27:06,5423.0,58146
2021-06-15 09:27:06,5423.0,58147
2021-06-15 09:27:07,5423.15,58157
2021-06-15 09:27:08,5421.8,58159
2021-06-15 09:27:09,5416.85,60103
2021-06-15 09:27:11,5417.95,60109
2021-06-15 09:27:11,5417.95,60109
2021-06-15 09:27:12,5416.0,60151
2021-06-15 09:27:13,5417.9,60153
2021-06-15 09:27:14,5417.0,60193
2021-06-15 09:27:15,5418.2,60254
2021-06-15 09:27:16,5417.0,60271
2021-06-15 09:27:17,5417.15,60398
2021-06-15 09:27:19,5417.0,60417
2021-06-15 09:27:19,5419.35,60433
2021-06-15 09:27:20,5419.5,60472
2021-06-15 09:27:21,5417.95,60507
2021-06-15 09:27:22,5420.0,60518
2021-06-15 09:27:23,5420.85,60573
2021-06-15 09:27:24,5419.85,60611
2021-06-15 09:27:25,5419.85,60611
2021-06-15 09:27:26,5421.4,60624
2021-06-15 09:27:27,5419.05,60647
2021-06-15 09:27:28,5419.05,60647
2021-06-15 09:27:29,5418.45,60657
2021-06-15 09:27:30,5420.0,60658
2021-06-15 09:27:31,5420.0,60664
2021-06-15 09:27:32,5420.0,60664
2021-06-15 09:27:33,5420.0,60664
2021-06-15 09:27:34,5420.0,60664
2021-06-15 09:27:35,5420.0,60681
2021-06-15 09:27:36,5421.7,60684
2021-06-15 09:27:37,5420.0,60709
2021-06-15 09:27:38,5420.0,60717
2021-06-15 09:27:39,5421.0,60722
2021-06-15 09:27:40,5420.0,60786
2021-06-15 09:27:41,5421.0,60896
2021-06-15 09:27:42,5421.7,60919
2021-06-15 09:27:43,5421.7,61049
2021-06-15 09:27:45,5421.7,61095
2021-06-15 09:27:46,5421.7,61095
2021-06-15 09:27:47,5421.7,61112
2021-06-15 09:27:47,5421.7,61112
2021-06-15 09:27:48,5421.0,61117
2021-06-15 09:27:49,5421.7,61141
2021-06-15 09:27:50,5420.0,61208
2021-06-15 09:27:51,5421.7,61221
2021-06-15 09:27:52,5420.0,61277
2021-06-15 09:27:53,5421.7,61311
2021-06-15 09:27:54,5421.7,61338
2021-06-15 09:27:55,5420.4,61493
2021-06-15 09:27:57,5421.7,61539
2021-06-15 09:27:58,5421.7,61539
2021-06-15 09:27:59,5420.0,61563
2021-06-15 09:27:59,5420.0,61565
2021-06-15 09:28:01,5421.7,61642
2021-06-15 09:28:02,5423.15,62260
2021-06-15 09:28:03,5426.0,62372
2021-06-15 09:28:04,5426.0,62557
2021-06-15 09:28:05,5426.0,63105
2021-06-15 09:28:06,5424.0,63234
2021-06-15 09:28:08,5426.0,63249
2021-06-15 09:28:09,5426.0,63309
2021-06-15 09:28:09,5426.0,63309
2021-06-15 09:28:10,5426.0,63328
2021-06-15 09:28:11,5424.25,63330
2021-06-15 09:28:12,5424.25,63336
2021-06-15 09:28:13,5424.25,63336
2021-06-15 09:28:14,5424.25,63343
2021-06-15 09:28:15,5424.85,63578
2021-06-15 09:28:17,5426.0,63713
2021-06-15 09:28:18,5426.0,63794
2021-06-15 09:28:19,5428.9,63857
2021-06-15 09:28:20,5428.9,63934
2021-06-15 09:28:21,5429.0,64136
2021-06-15 09:28:22,5428.95,64445
2021-06-15 09:28:24,5428.75,64602
2021-06-15 09:28:25,5431.45,64607
2021-06-15 09:28:27,5431.65,64688
2021-06-15 09:28:28,5431.6,64690
2021-06-15 09:28:29,5432.0,64857
2021-06-15 09:28:29,5432.0,64857
2021-06-15 09:28:30,5429.15,64943
2021-06-15 09:28:31,5429.85,64981
2021-06-15 09:28:32,5431.65,65456
2021-06-15 09:28:33,5432.9,65473
2021-06-15 09:28:34,5434.0,65538
2021-06-15 09:28:35,5434.0,65659
2021-06-15 09:28:36,5430.0,65929
2021-06-15 09:28:37,5434.5,66362
2021-06-15 09:28:38,5434.15,66501
2021-06-15 09:28:39,5433.05,66513
2021-06-15 09:28:40,5434.0,66549
2021-06-15 09:28:41,5434.55,66574
2021-06-15 09:28:43,5432.2,67199
2021-06-15 09:28:44,5434.55,67201
2021-06-15 09:28:45,5434.0,67224
2021-06-15 09:28:46,5433.6,67355
2021-06-15 09:28:47,5434.5,67400
2021-06-15 09:28:50,5438.0,68440
2021-06-15 09:28:51,5439.9,68456
2021-06-15 09:28:52,5437.6,68619
2021-06-15 09:28:53,5441.7,69009
2021-06-15 09:28:54,5441.7,69009
2021-06-15 09:28:55,5442.0,69011
2021-06-15 09:28:56,5442.0,69016
2021-06-15 09:28:57,5441.5,69021
2021-06-15 09:28:59,5442.0,69032
2021-06-15 09:29:00,5435.95,69247
2021-06-15 09:29:01,5433.0,69425
2021-06-15 09:29:02,5433.4,69760
2021-06-15 09:29:03,5434.75,69770
2021-06-15 09:29:04,5434.8,69790
2021-06-15 09:29:05,5434.35,69806
2021-06-15 09:29:06,5432.75,69827
2021-06-15 09:29:07,5432.75,69874
2021-06-15 09:29:07,5432.75,69877
2021-06-15 09:29:08,5432.75,69877
2021-06-15 09:29:09,5432.75,69887
2021-06-15 09:29:10,5432.75,69901
2021-06-15 09:29:11,5430.0,70013
2021-06-15 09:29:12,5430.2,70047
2021-06-15 09:29:15,5431.85,70186
2021-06-15 09:29:16,5431.85,70186
2021-06-15 09:29:17,5430.05,70438
2021-06-15 09:29:18,5430.0,70488
2021-06-15 09:29:19,5430.55,70522
2021-06-15 09:29:20,5429.8,70652
2021-06-15 09:29:21,5429.75,70702
2021-06-15 09:29:22,5427.9,70851
2021-06-15 09:29:23,5427.9,70851
2021-06-15 09:29:24,5427.9,70851
2021-06-15 09:29:25,5430.2,70911
2021-06-15 09:29:26,5428.55,71011
2021-06-15 09:29:27,5428.6,71067
2021-06-15 09:29:29,5431.6,71177
2021-06-15 09:29:30,5431.6,71177
2021-06-15 09:29:31,5429.05,71184
2021-06-15 09:29:32,5431.6,71195
2021-06-15 09:29:33,5429.2,71209
2021-06-15 09:29:34,5429.3,71224
2021-06-15 09:29:35,5429.3,71224
2021-06-15 09:29:36,5429.3,71224
2021-06-15 09:29:37,5431.6,71229
2021-06-15 09:29:38,5429.2,71297
2021-06-15 09:29:39,5431.5,71302
2021-06-15 09:29:40,5431.75,71354
2021-06-15 09:29:41,5429.0,71397
2021-06-15 09:29:42,5431.1,71447
2021-06-15 09:29:43,5431.1,71447
2021-06-15 09:29:44,5431.1,71447
2021-06-15 09:29:45,5430.0,71450
2021-06-15 09:29:46,5431.1,71556
2021-06-15 09:29:47,5430.5,71561
2021-06-15 09:29:48,5428.0,71577
2021-06-15 09:29:49,5428.0,71577
2021-06-15 09:29:50,5428.0,71584
2021-06-15 09:29:51,5426.55,71674
2021-06-15 09:29:52,5426.9,71710
2021-06-15 09:29:53,5427.0,71711
2021-06-15 09:29:54,5427.0,71719
2021-06-15 09:29:55,5425.05,71723
2021-06-15 09:29:56,5426.55,71733
2021-06-15 09:29:57,5426.8,71766
2021-06-15 09:29:58,5426.8,71773
2021-06-15 09:29:59,5427.0,71803
2021-06-15 09:30:01,5425.0,71827
2021-06-15 09:30:02,5426.55,71839
2021-06-15 09:30:03,5425.0,71867
2021-06-15 09:30:04,5425.0,71867
2021-06-15 09:30:05,5425.0,71968
2021-06-15 09:30:06,5425.0,72029
2021-06-15 09:30:07,5423.6,72154
2021-06-15 09:30:08,5422.0,72184
2021-06-15 09:30:09,5422.0,72184
2021-06-15 09:30:10,5424.95,72189
2021-06-15 09:30:11,5425.0,72201
2021-06-15 09:30:12,5423.35,72203
2021-06-15 09:30:13,5425.0,72204
2021-06-15 09:30:14,5425.0,72204
2021-06-15 09:30:15,5425.0,72204
2021-06-15 09:30:16,5425.0,72205
2021-06-15 09:30:16,5425.0,72205
2021-06-15 09:30:17,5425.0,72205
2021-06-15 09:30:18,5423.0,72255
2021-06-15 09:30:19,5425.0,72256
2021-06-15 09:30:20,5423.25,72307
2021-06-15 09:30:21,5423.25,72307
2021-06-15 09:30:22,5423.25,72307
2021-06-15 09:30:23,5423.0,72324
2021-06-15 09:30:24,5422.1,72351
2021-06-15 09:30:25,5422.0,72355
2021-06-15 09:30:26,5424.45,72386
2021-06-15 09:30:27,5424.7,72440
2021-06-15 09:30:28,5422.65,72452
2021-06-15 09:30:29,5424.9,72552
2021-06-15 09:30:32,5423.1,72843
2021-06-15 09:30:33,5423.1,72894
2021-06-15 09:30:34,5422.0,72914
2021-06-15 09:30:35,5422.0,72921
2021-06-15 09:30:36,5421.0,73130
2021-06-15 09:30:37,5423.1,73180
2021-06-15 09:30:38,5423.1,73224
2021-06-15 09:30:39,5422.0,73300
2021-06-15 09:30:40,5421.0,73320
2021-06-15 09:30:41,5422.25,73370
2021-06-15 09:30:42,5422.55,73390
2021-06-15 09:30:43,5422.55,73390
2021-06-15 09:30:44,5421.0,73392
2021-06-15 09:30:45,5421.0,73392
2021-06-15 09:30:46,5421.0,73397
2021-06-15 09:30:47,5421.0,73397
2021-06-15 09:30:48,5421.1,73410
2021-06-15 09:30:49,5421.0,73613
2021-06-15 09:30:50,5421.0,73613
2021-06-15 09:30:51,5421.0,73655
2021-06-15 09:30:52,5421.0,73776
2021-06-15 09:30:52,5421.0,73776
2021-06-15 09:30:53,5421.0,73796
2021-06-15 09:30:54,5421.0,73796
2021-06-15 09:30:55,5421.0,73808
2021-06-15 09:30:56,5419.0,74653
2021-06-15 09:30:58,5421.0,74659
2021-06-15 09:30:59,5421.0,74659
2021-06-15 09:31:00,5421.0,74670
2021-06-15 09:31:01,5421.0,74675
2021-06-15 09:31:02,5421.1,74729
2021-06-15 09:31:03,5421.1,74729
2021-06-15 09:31:04,5421.1,74779
2021-06-15 09:31:05,5421.0,74796
2021-06-15 09:31:06,5421.0,74818
2021-06-15 09:31:07,5421.0,74818
2021-06-15 09:31:08,5421.0,74828
2021-06-15 09:31:09,5420.0,74840
2021-06-15 09:31:10,5420.0,74935
2021-06-15 09:31:11,5420.0,75380
2021-06-15 09:31:12,5419.0,75391
2021-06-15 09:31:13,5418.6,75448
2021-06-15 09:31:14,5418.6,75448
2021-06-15 09:31:15,5420.65,75458
2021-06-15 09:31:16,5420.75,75492
2021-06-15 09:31:17,5420.75,75492
2021-06-15 09:31:17,5420.75,75492
2021-06-15 09:31:18,5420.75,75498
2021-06-15 09:31:19,5420.75,75498
2021-06-15 09:31:20,5420.75,75503
2021-06-15 09:31:21,5420.75,75503
2021-06-15 09:31:22,5420.75,75503
2021-06-15 09:31:23,5420.65,75504
2021-06-15 09:31:24,5420.0,75519
2021-06-15 09:31:25,5420.75,75634
2021-06-15 09:31:26,5420.0,75638
2021-06-15 09:31:27,5419.0,75669
2021-06-15 09:31:28,5419.0,75669
2021-06-15 09:31:29,5420.0,75682
2021-06-15 09:31:31,5420.0,75702
2021-06-15 09:31:32,5420.0,75722
2021-06-15 09:31:33,5419.15,75782
2021-06-15 09:31:34,5419.0,75823
2021-06-15 09:31:35,5419.0,76393
2021-06-15 09:31:36,5419.0,76457
2021-06-15 09:31:37,5420.0,76507
2021-06-15 09:31:38,5418.6,76876
2021-06-15 09:31:39,5418.2,76992
2021-06-15 09:31:40,5416.15,77368
2021-06-15 09:31:41,5417.9,77375
2021-06-15 09:31:43,5418.6,77492
2021-06-15 09:31:45,5416.15,77497
2021-06-15 09:31:46,5416.0,77506
2021-06-15 09:31:47,5417.1,77522
2021-06-15 09:31:48,5416.0,77565
2021-06-15 09:31:49,5417.1,77567
2021-06-15 09:31:50,5416.0,77602
2021-06-15 09:31:54,5416.0,77750
2021-06-15 09:31:55,5416.25,77887
2021-06-15 09:31:56,5416.0,77888
2021-06-15 09:31:57,5416.0,77895
2021-06-15 09:31:58,5416.25,77956
2021-06-15 09:31:59,5416.25,78050
2021-06-15 09:32:00,5418.85,78067
2021-06-15 09:32:01,5419.0,78117
2021-06-15 09:32:02,5419.0,78141
2021-06-15 09:32:03,5419.0,78141
2021-06-15 09:32:04,5419.0,78141
2021-06-15 09:32:05,5418.95,78198
2021-06-15 09:32:06,5419.0,78221
2021-06-15 09:32:07,5416.8,78225
2021-06-15 09:32:08,5416.8,78225
2021-06-15 09:32:09,5418.1,78247
2021-06-15 09:32:10,5416.65,78287
2021-06-15 09:32:10,5416.65,78287
2021-06-15 09:32:11,5416.65,78298
2021-06-15 09:32:12,5418.3,78358
2021-06-15 09:32:13,5419.0,78361
2021-06-15 09:32:14,5419.0,78361
2021-06-15 09:32:15,5418.1,78362
2021-06-15 09:32:16,5419.0,78451
2021-06-15 09:32:17,5419.55,78551
2021-06-15 09:32:18,5419.55,78551
2021-06-15 09:32:19,5417.6,78555
2021-06-15 09:32:20,5420.0,78561
2021-06-15 09:32:21,5420.0,78587
2021-06-15 09:32:22,5420.0,78587
2021-06-15 09:32:23,5421.1,78632
2021-06-15 09:32:24,5421.1,78632
2021-06-15 09:32:25,5422.05,78917
2021-06-15 09:32:26,5423.6,78928
2021-06-15 09:32:27,5421.15,78933
2021-06-15 09:32:28,5421.1,78947
2021-06-15 09:32:29,5421.1,78951
2021-06-15 09:32:34,5421.1,79031
2021-06-15 09:32:35,5422.0,79038
2021-06-15 09:32:36,5422.0,79042
2021-06-15 09:32:37,5422.75,79092
2021-06-15 09:32:38,5420.0,79243
2021-06-15 09:32:39,5420.5,79248
2021-06-15 09:32:40,5418.9,79481
2021-06-15 09:32:41,5417.1,79484
2021-06-15 09:32:42,5418.9,79494
2021-06-15 09:32:43,5418.9,79502
2021-06-15 09:32:44,5418.9,79610
2021-06-15 09:32:45,5420.1,79767
2021-06-15 09:32:46,5420.1,79792
2021-06-15 09:32:47,5420.1,79822
2021-06-15 09:32:49,5419.2,79834
2021-06-15 09:32:50,5418.0,79897
2021-06-15 09:32:51,5418.9,79903
2021-06-15 09:32:52,5418.9,79926
2021-06-15 09:32:53,5418.9,79930
2021-06-15 09:32:54,5418.9,79934
2021-06-15 09:32:56,5420.1,79946
2021-06-15 09:32:57,5420.1,79979
2021-06-15 09:32:58,5420.1,79989
2021-06-15 09:32:59,5420.1,79992
2021-06-15 09:33:00,5420.1,80085
2021-06-15 09:33:01,5420.1,80106
2021-06-15 09:33:02,5420.1,80106
2021-06-15 09:33:03,5420.1,80107
2021-06-15 09:33:04,5420.1,80110
2021-06-15 09:33:05,5420.1,80120
2021-06-15 09:33:06,5420.1,80120
2021-06-15 09:33:07,5420.1,80120
2021-06-15 09:33:08,5420.1,80121
2021-06-15 09:33:09,5420.1,80121
2021-06-15 09:33:10,5420.1,80121
2021-06-15 09:33:11,5420.1,80121
2021-06-15 09:33:12,5419.15,80166
2021-06-15 09:33:14,5420.1,80180
2021-06-15 09:33:15,5420.1,80180
2021-06-15 09:33:16,5420.1,80180
2021-06-15 09:33:17,5420.1,80200
2021-06-15 09:33:17,5420.1,80200
2021-06-15 09:33:19,5420.0,80210
2021-06-15 09:33:20,5419.0,80213
2021-06-15 09:33:21,5419.0,80213
2021-06-15 09:33:23,5420.3,80437
2021-06-15 09:33:24,5420.3,80441
2021-06-15 09:33:25,5420.3,80441
2021-06-15 09:33:26,5420.3,80453
2021-06-15 09:33:27,5420.3,80455
2021-06-15 09:33:28,5420.3,80460
2021-06-15 09:33:29,5420.3,80468
2021-06-15 09:33:30,5420.3,80482
2021-06-15 09:33:31,5420.3,80482
2021-06-15 09:33:32,5420.3,80489
2021-06-15 09:33:33,5420.3,80491
2021-06-15 09:33:34,5420.3,80506
2021-06-15 09:33:35,5420.3,80508
2021-06-15 09:33:36,5420.3,80508
2021-06-15 09:33:37,5420.3,80508
2021-06-15 09:33:39,5422.4,80610
2021-06-15 09:33:40,5422.3,80611
2021-06-15 09:33:41,5422.3,80611
2021-06-15 09:33:42,5422.3,80611
2021-06-15 09:33:43,5422.3,80611
2021-06-15 09:33:44,5422.3,80611
2021-06-15 09:33:45,5422.3,80611
2021-06-15 09:33:46,5423.1,80613
2021-06-15 09:33:47,5421.95,80619
2021-06-15 09:33:48,5423.5,80627
2021-06-15 09:33:49,5423.5,80627
2021-06-15 09:33:50,5423.5,80627
2021-06-15 09:33:51,5423.5,80627
2021-06-15 09:33:52,5423.5,80627
2021-06-15 09:33:52,5423.5,80627
2021-06-15 09:33:53,5423.5,80627
2021-06-15 09:33:54,5423.5,80627
2021-06-15 09:33:55,5421.95,80764
2021-06-15 09:33:56,5423.0,80766
2021-06-15 09:33:57,5421.0,80823
2021-06-15 09:33:58,5423.5,80836
2021-06-15 09:33:59,5423.5,80857
2021-06-15 09:34:00,5423.5,80857
2021-06-15 09:34:01,5423.5,80888
2021-06-15 09:34:02,5425.0,81488
2021-06-15 09:34:03,5425.0,81498
2021-06-15 09:34:04,5422.95,81698
2021-06-15 09:34:05,5422.95,81698
2021-06-15 09:34:06,5423.4,81704
2021-06-15 09:34:07,5422.2,81778
2021-06-15 09:34:08,5423.4,81779
2021-06-15 09:34:09,5423.4,81782
2021-06-15 09:34:10,5422.0,81783
2021-06-15 09:34:11,5423.35,81793
2021-06-15 09:34:12,5423.35,81793
2021-06-15 09:34:13,5423.15,81919
2021-06-15 09:34:14,5422.0,81921
2021-06-15 09:34:15,5421.0,81925
2021-06-15 09:34:16,5423.2,81958
2021-06-15 09:34:17,5423.15,81981
2021-06-15 09:34:18,5423.15,81986
2021-06-15 09:34:19,5423.2,82018
2021-06-15 09:34:20,5423.5,82058
2021-06-15 09:34:21,5423.4,82067
2021-06-15 09:34:22,5423.5,82070
2021-06-15 09:34:24,5423.5,82070
2021-06-15 09:34:25,5423.5,82080
2021-06-15 09:34:26,5423.5,82131
2021-06-15 09:34:27,5423.5,82156
2021-06-15 09:34:28,5422.05,82157
2021-06-15 09:34:29,5423.5,82187
2021-06-15 09:34:30,5423.5,82187
2021-06-15 09:34:31,5423.25,82213
2021-06-15 09:34:32,5423.25,82218
2021-06-15 09:34:33,5422.0,82343
2021-06-15 09:34:34,5422.0,82393
2021-06-15 09:34:35,5422.0,82393
2021-06-15 09:34:36,5422.0,82393
2021-06-15 09:34:37,5422.0,82393
2021-06-15 09:34:38,5423.25,82418
2021-06-15 09:34:39,5423.25,82418
2021-06-15 09:34:42,5422.0,82438
2021-06-15 09:34:43,5422.1,82500
2021-06-15 09:34:44,5420.0,82893
2021-06-15 09:34:45,5420.25,82921
2021-06-15 09:34:46,5420.0,82927
2021-06-15 09:34:48,5422.15,82944
2021-06-15 09:34:49,5422.15,82944
2021-06-15 09:34:50,5422.15,82944
2021-06-15 09:34:52,5420.0,82956
2021-06-15 09:34:53,5420.0,82956
2021-06-15 09:34:55,5421.55,83119
2021-06-15 09:34:56,5421.55,83119
2021-06-15 09:34:57,5419.7,83120
2021-06-15 09:34:58,5421.8,83239
2021-06-15 09:34:59,5419.0,83249
2021-06-15 09:35:00,5416.7,85685
2021-06-15 09:35:01,5416.9,85746
2021-06-15 09:35:02,5415.55,85885
2021-06-15 09:35:03,5417.3,85890
2021-06-15 09:35:04,5417.3,85890
2021-06-15 09:35:05,5412.0,87456
2021-06-15 09:35:06,5412.0,87492
2021-06-15 09:35:07,5412.0,87499
2021-06-15 09:35:08,5415.25,87678
2021-06-15 09:35:09,5415.25,87678
2021-06-15 09:35:10,5416.95,87743
2021-06-15 09:35:11,5416.7,87748
2021-06-15 09:35:12,5415.25,87750
2021-06-15 09:35:13,5415.25,87776
2021-06-15 09:35:14,5415.25,87776
2021-06-15 09:35:15,5415.25,87778
2021-06-15 09:35:16,5415.25,87779
2021-06-15 09:35:17,5413.95,87819
2021-06-15 09:35:18,5414.25,87839
2021-06-15 09:35:19,5416.9,87895
2021-06-15 09:35:20,5416.9,87895
2021-06-15 09:35:21,5416.9,87895
2021-06-15 09:35:22,5416.9,87895
2021-06-15 09:35:23,5417.1,87908
2021-06-15 09:35:25,5415.05,87914
2021-06-15 09:35:26,5416.9,87919
2021-06-15 09:35:28,5417.1,87954
2021-06-15 09:35:29,5417.1,87954
2021-06-15 09:35:30,5417.0,87964
2021-06-15 09:35:31,5417.1,87971
2021-06-15 09:35:32,5415.05,88105
2021-06-15 09:35:33,5415.05,88105
2021-06-15 09:35:34,5415.05,88125
2021-06-15 09:35:35,5415.05,88126
2021-06-15 09:35:36,5415.05,88126
2021-06-15 09:35:37,5415.05,88137
2021-06-15 09:35:38,5415.05,88137
2021-06-15 09:35:39,5416.0,88294
2021-06-15 09:35:40,5417.0,88295
2021-06-15 09:35:41,5417.35,88878
2021-06-15 09:35:42,5417.4,88885
2021-06-15 09:35:43,5417.4,88885
2021-06-15 09:35:45,5418.9,88897
2021-06-15 09:35:46,5416.7,88898
2021-06-15 09:35:47,5418.95,88903
2021-06-15 09:35:48,5418.95,88955
2021-06-15 09:35:49,5418.95,88955
2021-06-15 09:35:50,5418.95,88955
2021-06-15 09:35:51,5417.4,88966
2021-06-15 09:35:52,5417.4,88966
2021-06-15 09:35:54,5419.0,89071
2021-06-15 09:35:53,5419.0,89066
2021-06-15 09:35:55,5419.0,89071
2021-06-15 09:35:56,5419.0,89071
2021-06-15 09:35:57,5419.0,89071
2021-06-15 09:35:58,5419.0,89081
2021-06-15 09:35:59,5419.0,89085
2021-06-15 09:36:00,5417.4,89267
2021-06-15 09:36:02,5418.2,89467
2021-06-15 09:36:03,5419.0,89529
2021-06-15 09:36:04,5416.55,89654
2021-06-15 09:36:05,5416.05,89746
2021-06-15 09:36:06,5418.5,89860
2021-06-15 09:36:07,5418.5,89860
2021-06-15 09:36:08,5418.5,89860
2021-06-15 09:36:09,5418.5,89860
2021-06-15 09:36:10,5417.0,89870
2021-06-15 09:36:11,5417.0,89870
2021-06-15 09:36:12,5417.0,89870
2021-06-15 09:36:13,5416.35,89968
2021-06-15 09:36:14,5418.6,90132
2021-06-15 09:36:16,5418.5,90133
2021-06-15 09:36:17,5417.15,90137
2021-06-15 09:36:18,5417.05,90138
2021-06-15 09:36:19,5417.05,90152
2021-06-15 09:36:20,5417.15,90528
2021-06-15 09:36:21,5417.15,90528
2021-06-15 09:36:22,5417.15,90528
2021-06-15 09:36:23,5416.2,90535
2021-06-15 09:36:24,5416.2,90556
2021-06-15 09:36:25,5417.15,90656
2021-06-15 09:36:26,5417.15,90656
2021-06-15 09:36:27,5417.15,90675
2021-06-15 09:36:28,5417.0,90677
2021-06-15 09:36:29,5417.0,90677
2021-06-15 09:36:30,5417.0,90711
2021-06-15 09:36:31,5417.0,90711
2021-06-15 09:36:32,5417.0,90715
2021-06-15 09:36:33,5417.0,90766
2021-06-15 09:36:34,5417.0,90806
2021-06-15 09:36:35,5417.15,90811
2021-06-15 09:36:36,5417.15,90836
2021-06-15 09:36:37,5417.15,90840
2021-06-15 09:36:39,5417.0,90844
2021-06-15 09:36:40,5417.15,90845
2021-06-15 09:36:41,5417.15,90845
2021-06-15 09:36:42,5417.0,90846
2021-06-15 09:36:43,5417.15,90856
2021-06-15 09:36:44,5417.15,90856
2021-06-15 09:36:45,5417.15,90866
2021-06-15 09:36:46,5417.0,90868
2021-06-15 09:36:47,5416.0,91067
2021-06-15 09:36:49,5417.15,91068
2021-06-15 09:36:50,5417.15,91076
2021-06-15 09:36:51,5416.0,91077
2021-06-15 09:36:51,5416.0,91202
2021-06-15 09:36:52,5414.95,91399
2021-06-15 09:36:53,5414.95,91399
2021-06-15 09:36:54,5414.95,91449
2021-06-15 09:36:55,5414.95,91451
2021-06-15 09:36:56,5414.0,91707
2021-06-15 09:36:57,5414.1,91708
2021-06-15 09:36:58,5414.1,91708
2021-06-15 09:37:00,5414.1,91708
2021-06-15 09:37:02,5413.0,91759
2021-06-15 09:37:03,5414.1,91787
2021-06-15 09:37:04,5414.2,91980
2021-06-15 09:37:05,5414.2,91980
2021-06-15 09:37:05,5414.2,91980
2021-06-15 09:37:06,5413.0,91982
2021-06-15 09:37:07,5414.0,92032
2021-06-15 09:37:08,5414.0,92052
2021-06-15 09:37:09,5414.95,92202
2021-06-15 09:37:10,5415.0,92223
2021-06-15 09:37:11,5415.0,92228
2021-06-15 09:37:12,5415.0,92236
2021-06-15 09:37:13,5415.0,92241
2021-06-15 09:37:14,5413.3,92259
2021-06-15 09:37:15,5415.0,92275
2021-06-15 09:37:16,5415.0,92275
2021-06-15 09:37:17,5415.0,92275
2021-06-15 09:37:18,5416.45,92285
2021-06-15 09:37:19,5416.65,92345
2021-06-15 09:37:21,5416.5,92347
2021-06-15 09:37:21,5414.3,92349
2021-06-15 09:37:22,5414.3,92349
2021-06-15 09:37:24,5416.95,92361
2021-06-15 09:37:25,5415.1,92374
2021-06-15 09:37:26,5415.1,92374
2021-06-15 09:37:28,5417.0,92375
2021-06-15 09:37:29,5417.0,92375
2021-06-15 09:37:33,5416.95,92411
2021-06-15 09:37:35,5418.15,92619
2021-06-15 09:37:36,5418.15,92619
2021-06-15 09:37:37,5418.15,92619
2021-06-15 09:37:38,5420.0,92669
2021-06-15 09:37:39,5417.7,92675
2021-06-15 09:37:40,5419.95,92685
2021-06-15 09:37:41,5418.5,92694
2021-06-15 09:37:42,5420.0,92719
2021-06-15 09:37:43,5419.95,92776
2021-06-15 09:37:44,5419.95,92776
2021-06-15 09:37:45,5419.95,92824
2021-06-15 09:37:46,5419.95,92844
2021-06-15 09:37:48,5419.95,92852
2021-06-15 09:37:49,5420.95,92854
2021-06-15 09:37:50,5419.95,92878
2021-06-15 09:37:51,5421.0,92883
2021-06-15 09:37:52,5419.2,93083
2021-06-15 09:37:53,5421.05,93103
2021-06-15 09:37:53,5421.05,93103
2021-06-15 09:37:54,5418.6,93203
2021-06-15 09:37:55,5418.6,93203
2021-06-15 09:37:56,5420.5,93205
2021-06-15 09:37:57,5420.85,93215
2021-06-15 09:37:58,5421.05,93315
2021-06-15 09:37:59,5421.05,93315
2021-06-15 09:38:01,5420.0,93501
2021-06-15 09:38:02,5420.0,93501
2021-06-15 09:38:03,5420.0,93501
2021-06-15 09:38:04,5420.0,93501
2021-06-15 09:38:05,5420.1,93506
2021-06-15 09:38:06,5420.1,93701
2021-06-15 09:38:08,5420.0,93705
2021-06-15 09:38:08,5420.0,93705
2021-06-15 09:38:09,5420.1,93706
2021-06-15 09:38:10,5420.1,93712
2021-06-15 09:38:11,5420.0,93931
2021-06-15 09:38:12,5420.0,93940
2021-06-15 09:38:13,5420.0,93940
2021-06-15 09:38:14,5420.0,93940
2021-06-15 09:38:15,5420.0,93944
2021-06-15 09:38:16,5420.0,94174
2021-06-15 09:38:17,5420.1,94203
2021-06-15 09:38:18,5420.0,94205
2021-06-15 09:38:19,5420.0,94212
2021-06-15 09:38:21,5420.0,94216
2021-06-15 09:38:22,5420.0,94242
2021-06-15 09:38:23,5420.1,94412
2021-06-15 09:38:24,5420.1,94437
2021-06-15 09:38:26,5420.0,94459
2021-06-15 09:38:27,5420.0,94488
2021-06-15 09:38:28,5420.0,94501
2021-06-15 09:38:28,5420.0,94501
2021-06-15 09:38:29,5420.0,94515
2021-06-15 09:38:30,5420.0,94524
2021-06-15 09:38:31,5420.0,94524
2021-06-15 09:38:32,5420.0,94524
2021-06-15 09:38:33,5419.95,94529
2021-06-15 09:38:34,5420.0,94543
2021-06-15 09:38:35,5420.0,94551
2021-06-15 09:38:36,5420.1,94556
2021-06-15 09:38:37,5420.0,94560
2021-06-15 09:38:38,5420.1,94582
2021-06-15 09:38:39,5420.1,94671
2021-06-15 09:38:40,5419.0,94896
2021-06-15 09:38:42,5419.0,95025
2021-06-15 09:38:42,5419.0,95025
2021-06-15 09:38:43,5420.4,95033
2021-06-15 09:38:44,5420.6,95074
2021-06-15 09:38:46,5420.6,95074
2021-06-15 09:38:47,5420.6,95074
2021-06-15 09:38:47,5420.95,95075
2021-06-15 09:38:48,5420.95,95075
2021-06-15 09:38:51,5420.95,95090
2021-06-15 09:38:52,5419.5,95333
2021-06-15 09:38:53,5419.45,95334
2021-06-15 09:38:54,5418.0,95339
2021-06-15 09:38:55,5418.0,95339
2021-06-15 09:38:57,5419.7,95340
2021-06-15 09:38:58,5419.7,95340
2021-06-15 09:38:57,5419.7,95340
2021-06-15 09:38:59,5419.7,95340
2021-06-15 09:39:00,5419.7,95340
2021-06-15 09:39:01,5419.7,95340
2021-06-15 09:39:03,5419.7,95340
2021-06-15 09:39:04,5420.4,95350
2021-06-15 09:39:05,5420.4,95350
2021-06-15 09:39:06,5420.4,95350
2021-06-15 09:39:08,5420.4,95403
2021-06-15 09:39:09,5420.4,95403
2021-06-15 09:39:10,5420.4,95403
2021-06-15 09:39:11,5422.0,95423
2021-06-15 09:39:13,5422.0,95423
2021-06-15 09:39:14,5420.6,95548
2021-06-15 09:39:15,5420.6,95548
2021-06-15 09:39:16,5420.6,95579
2021-06-15 09:39:17,5421.95,95584
2021-06-15 09:39:18,5421.95,95586
2021-06-15 09:39:18,5421.95,95586
2021-06-15 09:39:19,5420.6,95636
2021-06-15 09:39:21,5420.6,95691
2021-06-15 09:39:22,5422.0,95743
2021-06-15 09:39:23,5424.5,95882
2021-06-15 09:39:24,5425.0,96171
2021-06-15 09:39:25,5426.0,96190
2021-06-15 09:39:26,5426.0,96190
2021-06-15 09:39:27,5426.0,96190
2021-06-15 09:39:28,5424.95,96197
2021-06-15 09:39:29,5424.95,96197
2021-06-15 09:39:30,5424.95,96200
2021-06-15 09:39:31,5424.95,96200
2021-06-15 09:39:32,5424.95,96200
2021-06-15 09:39:34,5424.3,96205
2021-06-15 09:39:35,5424.3,96205
2021-06-15 09:39:36,5424.3,96205
2021-06-15 09:39:37,5424.95,96207
2021-06-15 09:39:38,5424.3,96217
2021-06-15 09:39:39,5424.3,96217
2021-06-15 09:39:41,5424.3,96245
2021-06-15 09:39:42,5424.3,96245
2021-06-15 09:39:43,5424.95,96265
2021-06-15 09:39:43,5424.95,96270
2021-06-15 09:39:44,5424.95,96270
2021-06-15 09:39:46,5426.0,96279
2021-06-15 09:39:46,5424.95,96284
2021-06-15 09:39:48,5424.95,96288
2021-06-15 09:39:49,5426.0,96298
2021-06-15 09:39:50,5425.5,96308
2021-06-15 09:39:51,5425.5,96308
2021-06-15 09:39:52,5425.5,96308
2021-06-15 09:39:53,5425.5,96308
2021-06-15 09:39:54,5425.5,96308
2021-06-15 09:39:55,5425.5,96308
2021-06-15 09:39:56,5424.5,96802
2021-06-15 09:39:57,5423.85,96807
2021-06-15 09:39:58,5423.85,96809
2021-06-15 09:39:59,5423.85,96813
2021-06-15 09:39:59,5423.85,96813
2021-06-15 09:40:00,5423.65,96838
2021-06-15 09:40:02,5423.1,96840
2021-06-15 09:40:03,5423.1,96840
2021-06-15 09:40:04,5423.85,96849
2021-06-15 09:40:05,5425.5,96859
2021-06-15 09:40:06,5425.5,96870
2021-06-15 09:40:06,5425.35,96872
2021-06-15 09:40:07,5425.35,96872
2021-06-15 09:40:08,5425.35,96872
2021-06-15 09:40:09,5425.5,96890
2021-06-15 09:40:10,5425.35,96894
2021-06-15 09:40:11,5425.5,96899
2021-06-15 09:40:12,5425.5,96947
2021-06-15 09:40:14,5425.6,97454
2021-06-15 09:40:15,5425.6,97462
2021-06-15 09:40:16,5425.35,97485
2021-06-15 09:40:17,5425.35,97506
2021-06-15 09:40:18,5425.6,97526
2021-06-15 09:40:19,5425.05,97540
2021-06-15 09:40:20,5424.4,97642
2021-06-15 09:40:21,5425.5,97643
2021-06-15 09:40:24,5425.6,97812
2021-06-15 09:40:24,5425.6,97812
2021-06-15 09:40:25,5425.8,97816
2021-06-15 09:40:26,5426.0,97833
2021-06-15 09:40:28,5426.0,97903
2021-06-15 09:40:29,5429.0,97993
2021-06-15 09:40:30,5428.0,97998
2021-06-15 09:40:31,5429.6,98066
2021-06-15 09:40:32,5427.0,98068
2021-06-15 09:40:33,5429.6,98268
2021-06-15 09:40:35,5429.6,98268
2021-06-15 09:40:36,5429.5,98269
2021-06-15 09:40:37,5429.55,98274
2021-06-15 09:40:38,5429.55,98276
2021-06-15 09:40:39,5429.85,98304
2021-06-15 09:40:40,5428.35,98306
2021-06-15 09:40:41,5428.2,98316
2021-06-15 09:40:42,5430.1,98581
2021-06-15 09:40:43,5430.1,98581
2021-06-15 09:40:44,5428.95,98584
2021-06-15 09:40:46,5429.8,98594
2021-06-15 09:40:46,5430.1,98644
2021-06-15 09:40:47,5428.95,98662
2021-06-15 09:40:48,5430.55,98698
2021-06-15 09:40:49,5430.55,98698
2021-06-15 09:40:50,5427.85,98723
2021-06-15 09:40:51,5430.1,98783
2021-06-15 09:40:52,5430.1,98786
2021-06-15 09:40:53,5430.1,98786
2021-06-15 09:40:54,5430.1,98786
2021-06-15 09:40:55,5430.1,98786
2021-06-15 09:40:56,5429.5,98796
2021-06-15 09:40:57,5430.55,98832
2021-06-15 09:40:59,5430.55,98841
2021-06-15 09:40:59,5431.1,98953
2021-06-15 09:41:01,5429.55,98971
2021-06-15 09:41:02,5431.5,98981
2021-06-15 09:41:03,5430.55,99081
2021-06-15 09:41:04,5430.55,99081
2021-06-15 09:41:05,5431.0,99094
2021-06-15 09:41:06,5433.75,99130
2021-06-15 09:41:07,5432.05,99172
2021-06-15 09:41:08,5432.05,99172
2021-06-15 09:41:09,5432.05,99182
2021-06-15 09:41:10,5433.8,99207
2021-06-15 09:41:11,5434.15,99223
2021-06-15 09:41:12,5434.15,99223
2021-06-15 09:41:13,5434.15,99224
2021-06-15 09:41:14,5434.15,99224
2021-06-15 09:41:15,5432.05,99394
2021-06-15 09:41:17,5432.05,99397
2021-06-15 09:41:18,5432.05,99500
2021-06-15 09:41:18,5434.6,99510
2021-06-15 09:41:19,5433.0,99511
2021-06-15 09:41:20,5432.0,99691
2021-06-15 09:41:21,5432.0,99691
2021-06-15 09:41:22,5432.0,99696
2021-06-15 09:41:23,5432.0,99696
2021-06-15 09:41:24,5432.05,99768
2021-06-15 09:41:25,5432.0,99813
2021-06-15 09:41:27,5432.0,99813
2021-06-15 09:41:28,5432.05,99825
2021-06-15 09:41:29,5432.05,99875
2021-06-15 09:41:30,5432.05,99875
2021-06-15 09:41:31,5432.05,99961
2021-06-15 09:41:32,5432.05,99980
2021-06-15 09:41:33,5432.05,100000
2021-06-15 09:41:34,5432.05,100000
2021-06-15 09:41:35,5432.0,100006
2021-06-15 09:41:36,5432.05,100597
2021-06-15 09:41:36,5434.0,100647
2021-06-15 09:41:37,5432.5,100748
2021-06-15 09:41:38,5434.0,100750
2021-06-15 09:41:39,5434.0,100750
2021-06-15 09:41:40,5434.0,100871
2021-06-15 09:41:41,5434.0,100871
2021-06-15 09:41:42,5434.0,100871
2021-06-15 09:41:43,5434.0,100871
2021-06-15 09:41:44,5434.0,100871
2021-06-15 09:41:45,5435.0,101257
2021-06-15 09:41:47,5434.85,101283
2021-06-15 09:41:48,5435.0,101333
2021-06-15 09:41:49,5434.1,101338
2021-06-15 09:41:50,5434.1,101338
2021-06-15 09:41:52,5435.7,101341
2021-06-15 09:41:52,5435.7,101341
2021-06-15 09:41:53,5435.7,101341
2021-06-15 09:41:54,5435.0,101377
2021-06-15 09:41:55,5435.0,101377
2021-06-15 09:41:56,5436.0,101402
2021-06-15 09:41:57,5436.0,101403
2021-06-15 09:41:58,5436.0,101411
2021-06-15 09:41:59,5436.0,101411
2021-06-15 09:42:00,5435.95,101436
2021-06-15 09:42:01,5435.05,101446
2021-06-15 09:42:02,5436.0,101451
2021-06-15 09:42:04,5436.0,101581
2021-06-15 09:42:05,5436.0,101611
2021-06-15 09:42:05,5436.0,101611
2021-06-15 09:42:06,5436.0,101611
2021-06-15 09:42:07,5436.0,101611
2021-06-15 09:42:09,5435.7,101612
2021-06-15 09:42:09,5435.7,101612
2021-06-15 09:42:10,5436.0,101644
2021-06-15 09:42:12,5436.0,101983
2021-06-15 09:42:12,5436.0,101983
2021-06-15 09:42:13,5436.1,102004
2021-06-15 09:42:14,5436.5,102638
2021-06-15 09:42:16,5436.0,102718
2021-06-15 09:42:16,5436.0,102718
2021-06-15 09:42:18,5434.0,102770
2021-06-15 09:42:19,5434.45,102845
2021-06-15 09:42:20,5433.15,102849
2021-06-15 09:42:21,5432.05,102866
2021-06-15 09:42:21,5434.5,102891
2021-06-15 09:42:22,5432.5,102894
2021-06-15 09:42:23,5435.8,103194
2021-06-15 09:42:24,5432.65,103196
2021-06-15 09:42:25,5435.15,103201
2021-06-15 09:42:27,5435.75,103204
2021-06-15 09:42:29,5434.0,103210
2021-06-15 09:42:29,5434.0,103210
2021-06-15 09:42:30,5433.15,103339
2021-06-15 09:42:31,5433.15,103339
2021-06-15 09:42:32,5433.75,103372
2021-06-15 09:42:34,5429.55,104090
2021-06-15 09:42:36,5430.8,104105
2021-06-15 09:42:37,5430.8,104157
2021-06-15 09:42:37,5430.8,104157
2021-06-15 09:42:38,5430.8,104177
2021-06-15 09:42:40,5430.8,104227
2021-06-15 09:42:40,5430.8,104227
2021-06-15 09:42:41,5431.0,104432
2021-06-15 09:42:42,5431.0,104432
2021-06-15 09:42:43,5431.0,104432
2021-06-15 09:42:44,5430.0,104434
2021-06-15 09:42:46,5431.3,104444
2021-06-15 09:42:47,5431.3,104444
2021-06-15 09:42:48,5430.0,104451
2021-06-15 09:42:51,5430.0,104451
2021-06-15 09:42:52,5430.0,104451
2021-06-15 09:42:53,5430.0,104722
2021-06-15 09:42:55,5431.9,104737
2021-06-15 09:42:56,5431.9,104737
2021-06-15 09:42:57,5431.2,104756
2021-06-15 09:42:58,5431.2,104766
2021-06-15 09:42:59,5431.2,104766
2021-06-15 09:43:00,5431.0,104786
2021-06-15 09:43:01,5431.0,104786
2021-06-15 09:43:02,5431.0,104786
2021-06-15 09:43:03,5431.0,104786
2021-06-15 09:43:04,5431.05,104788
2021-06-15 09:43:05,5431.05,104788
2021-06-15 09:43:06,5431.05,104788
2021-06-15 09:43:07,5431.05,104788
2021-06-15 09:43:08,5431.75,104793
2021-06-15 09:43:09,5431.75,104793
2021-06-15 09:43:10,5431.8,104801
2021-06-15 09:43:11,5432.95,104804
2021-06-15 09:43:12,5432.95,104804
2021-06-15 09:43:13,5432.95,104804
2021-06-15 09:43:14,5434.0,104808
2021-06-15 09:43:15,5434.0,104808
2021-06-15 09:43:16,5434.0,104809
2021-06-15 09:43:17,5434.0,104809
2021-06-15 09:43:17,5434.0,104809
2021-06-15 09:43:18,5434.7,104819
2021-06-15 09:43:19,5434.7,104819
2021-06-15 09:43:20,5434.7,104820
2021-06-15 09:43:21,5434.7,104831
2021-06-15 09:43:22,5433.0,104833
2021-06-15 09:43:23,5434.7,104858
2021-06-15 09:43:25,5434.7,104858
2021-06-15 09:43:26,5434.7,104858
2021-06-15 09:43:27,5434.7,104858
2021-06-15 09:43:27,5434.7,104858
2021-06-15 09:43:28,5434.7,104859
2021-06-15 09:43:29,5434.7,104859
2021-06-15 09:43:30,5434.8,104879
2021-06-15 09:43:32,5434.8,104879
2021-06-15 09:43:32,5434.8,104879
2021-06-15 09:43:33,5434.8,104879
2021-06-15 09:43:34,5434.8,104879
2021-06-15 09:43:35,5434.8,104927
2021-06-15 09:43:37,5434.8,104927
2021-06-15 09:43:37,5435.0,104953
2021-06-15 09:43:39,5435.5,105008
2021-06-15 09:43:39,5435.5,105008
2021-06-15 09:43:40,5435.5,105013
2021-06-15 09:43:42,5435.5,105013
2021-06-15 09:43:43,5434.8,105029
2021-06-15 09:43:44,5434.8,105113
2021-06-15 09:43:45,5434.3,105115
2021-06-15 09:43:46,5434.85,105120
2021-06-15 09:43:47,5434.85,105181
2021-06-15 09:43:48,5435.5,105201
2021-06-15 09:43:49,5434.85,105215
2021-06-15 09:43:50,5435.5,105216
2021-06-15 09:43:51,5435.5,105216
2021-06-15 09:43:52,5435.0,105221
2021-06-15 09:43:53,5435.5,105237
2021-06-15 09:43:53,5435.5,105237
2021-06-15 09:43:54,5435.2,105244
2021-06-15 09:43:55,5435.05,105295
2021-06-15 09:43:56,5436.0,105357
2021-06-15 09:43:57,5435.65,105427
2021-06-15 09:43:58,5436.0,105428
2021-06-15 09:43:59,5436.0,105428
2021-06-15 09:44:00,5435.4,105549
2021-06-15 09:44:01,5435.4,105549
2021-06-15 09:44:03,5436.9,105566
2021-06-15 09:44:04,5436.9,105568
2021-06-15 09:44:05,5436.9,105568
2021-06-15 09:44:06,5435.8,105582
2021-06-15 09:44:07,5435.8,105582
2021-06-15 09:44:08,5435.8,105582
2021-06-15 09:44:09,5433.65,106009
2021-06-15 09:44:10,5433.65,106009
2021-06-15 09:44:11,5433.65,106009
2021-06-15 09:44:12,5434.2,106050
2021-06-15 09:44:13,5434.2,106085
2021-06-15 09:44:15,5434.2,106085
2021-06-15 09:44:14,5434.2,106085
2021-06-15 09:44:16,5434.2,106085
2021-06-15 09:44:17,5434.2,106085
2021-06-15 09:44:18,5434.2,106085
2021-06-15 09:44:19,5430.9,106105
2021-06-15 09:44:20,5430.9,106105
2021-06-15 09:44:21,5430.9,106105
2021-06-15 09:44:22,5434.0,106243
2021-06-15 09:44:23,5434.0,106243
2021-06-15 09:44:24,5434.0,106268
2021-06-15 09:44:25,5434.0,106268
2021-06-15 09:44:26,5434.0,106273
2021-06-15 09:44:27,5434.0,106275
2021-06-15 09:44:28,5434.0,106275
2021-06-15 09:44:30,5434.0,106275
2021-06-15 09:44:29,5434.0,106275
2021-06-15 09:44:31,5434.0,106285
2021-06-15 09:44:32,5434.0,106285
2021-06-15 09:44:33,5434.0,106285
2021-06-15 09:44:34,5434.0,106285
2021-06-15 09:44:35,5432.05,106328
2021-06-15 09:44:36,5432.05,106328
2021-06-15 09:44:37,5434.0,106348
2021-06-15 09:44:38,5434.0,106348
2021-06-15 09:44:39,5432.95,106349
2021-06-15 09:44:40,5433.9,106376
2021-06-15 09:44:41,5433.9,106376
2021-06-15 09:44:42,5431.85,106426
2021-06-15 09:44:43,5431.85,106426
2021-06-15 09:44:44,5431.85,106426
2021-06-15 09:44:45,5431.85,106426
2021-06-15 09:44:46,5431.9,106676
2021-06-15 09:44:47,5431.9,106676
2021-06-15 09:44:48,5431.9,106676
2021-06-15 09:44:49,5432.0,107090
2021-06-15 09:44:50,5431.65,107100
2021-06-15 09:44:51,5431.65,107100
2021-06-15 09:44:53,5433.8,107142
2021-06-15 09:44:54,5432.05,107143
2021-06-15 09:44:55,5432.05,107143
2021-06-15 09:44:56,5432.05,107143
2021-06-15 09:44:57,5432.05,107167
2021-06-15 09:44:58,5432.05,107167
2021-06-15 09:44:59,5432.05,107167
2021-06-15 09:45:00,5432.05,107183
2021-06-15 09:45:01,5432.05,107195
2021-06-15 09:45:02,5432.05,107195
2021-06-15 09:45:03,5432.05,107195
2021-06-15 09:45:04,5432.05,107195
2021-06-15 09:45:05,5432.05,107195
2021-06-15 09:45:06,5432.05,107195
2021-06-15 09:45:07,5432.05,107214
2021-06-15 09:45:07,5433.0,107205
2021-06-15 09:45:09,5432.05,107214
2021-06-15 09:45:10,5432.05,107214
2021-06-15 09:45:11,5433.8,107215
2021-06-15 09:45:12,5433.05,107216
2021-06-15 09:45:13,5433.05,107216
2021-06-15 09:45:14,5433.9,107222
2021-06-15 09:45:15,5433.8,107232
2021-06-15 09:45:16,5433.8,107232
2021-06-15 09:45:17,5433.8,107232
2021-06-15 09:45:18,5433.9,107292
2021-06-15 09:45:19,5433.9,107426
2021-06-15 09:45:20,5433.8,107428
2021-06-15 09:45:21,5433.8,107449
2021-06-15 09:45:22,5433.8,107449
2021-06-15 09:45:23,5433.9,107454
2021-06-15 09:45:24,5433.9,107454
2021-06-15 09:45:25,5433.9,107474
2021-06-15 09:45:27,5433.9,107483
2021-06-15 09:45:28,5433.8,107512
2021-06-15 09:45:29,5433.8,107512
2021-06-15 09:45:30,5433.8,107512
2021-06-15 09:45:31,5431.95,107731
2021-06-15 09:45:32,5430.0,107766
2021-06-15 09:45:33,5430.0,107766
2021-06-15 09:45:34,5430.0,107800
2021-06-15 09:45:35,5430.95,107813
2021-06-15 09:45:37,5431.75,107823
2021-06-15 09:45:38,5431.5,107824
2021-06-15 09:45:39,5430.0,107825
2021-06-15 09:45:40,5430.0,107825
2021-06-15 09:45:41,5430.0,107825
2021-06-15 09:45:42,5430.0,107825
2021-06-15 09:45:43,5428.65,107864
2021-06-15 09:45:44,5428.65,107864
2021-06-15 09:45:45,5428.65,107864
2021-06-15 09:45:46,5428.65,107865
2021-06-15 09:45:47,5430.0,107874
2021-06-15 09:45:48,5430.0,107874
2021-06-15 09:45:49,5428.0,108017
2021-06-15 09:45:50,5428.0,108017
2021-06-15 09:45:51,5428.0,108017
2021-06-15 09:45:52,5428.0,108017
2021-06-15 09:45:53,5428.0,108027
2021-06-15 09:45:54,5429.9,108078
2021-06-15 09:45:56,5429.9,108091
2021-06-15 09:45:55,5429.9,108088
2021-06-15 09:45:57,5428.0,108102
2021-06-15 09:45:58,5427.0,108145
2021-06-15 09:45:59,5427.0,108145
2021-06-15 09:46:00,5428.0,108149
2021-06-15 09:46:01,5428.0,108178
2021-06-15 09:46:02,5427.2,108424
2021-06-15 09:46:03,5428.1,108435
2021-06-15 09:46:04,5427.0,108439
2021-06-15 09:46:05,5428.0,108445
2021-06-15 09:46:06,5427.05,108475
2021-06-15 09:46:07,5428.1,108575
2021-06-15 09:46:08,5428.1,108575
2021-06-15 09:46:09,5428.1,108575
2021-06-15 09:46:10,5428.0,108590
2021-06-15 09:46:11,5428.0,108591
2021-06-15 09:46:12,5428.0,108594
2021-06-15 09:46:13,5428.0,108594
2021-06-15 09:46:14,5427.55,108615
2021-06-15 09:46:15,5427.55,108615
2021-06-15 09:46:16,5427.55,108615
2021-06-15 09:46:17,5427.55,108615
2021-06-15 09:46:18,5427.55,108615
2021-06-15 09:46:19,5428.1,108704
2021-06-15 09:46:20,5428.1,108704
2021-06-15 09:46:21,5428.0,108707
2021-06-15 09:46:22,5428.1,108826
2021-06-15 09:46:23,5428.1,108826
2021-06-15 09:46:24,5428.1,108826
2021-06-15 09:46:25,5428.1,108826
2021-06-15 09:46:26,5427.3,108877
2021-06-15 09:46:27,5427.3,108877
2021-06-15 09:46:28,5427.3,108877
2021-06-15 09:46:29,5427.15,108907
2021-06-15 09:46:30,5427.05,108910
2021-06-15 09:46:31,5427.05,108919
2021-06-15 09:46:32,5425.0,109070
2021-06-15 09:46:33,5425.0,109070
2021-06-15 09:46:35,5425.0,109070
2021-06-15 09:46:36,5427.55,109109
2021-06-15 09:46:37,5427.05,109113
2021-06-15 09:46:38,5427.05,109113
2021-06-15 09:46:40,5427.05,109118
2021-06-15 09:46:41,5428.0,109233
2021-06-15 09:46:42,5428.0,109233
2021-06-15 09:46:44,5428.0,109250
2021-06-15 09:46:45,5428.0,109278
2021-06-15 09:46:46,5428.0,109278
2021-06-15 09:46:47,5428.0,109278
2021-06-15 09:46:48,5428.0,109278
2021-06-15 09:46:49,5427.55,109301
2021-06-15 09:46:50,5427.55,109348
2021-06-15 09:46:51,5427.55,109348
2021-06-15 09:46:52,5427.45,109354
2021-06-15 09:46:53,5427.45,109354
2021-06-15 09:46:54,5427.55,109355
2021-06-15 09:46:55,5427.45,109375
2021-06-15 09:46:58,5427.45,109399
2021-06-15 09:47:00,5427.55,109449
2021-06-15 09:47:03,5425.3,109594
2021-06-15 09:47:04,5425.4,109619
2021-06-15 09:47:05,5427.5,109625
2021-06-15 09:47:06,5427.55,109652
2021-06-15 09:47:07,5427.55,109652
2021-06-15 09:47:08,5427.55,109652
2021-06-15 09:47:09,5429.0,110712
2021-06-15 09:47:10,5429.0,110725
2021-06-15 09:47:11,5429.0,110725
2021-06-15 09:47:12,5429.0,110725
2021-06-15 09:47:13,5427.6,110766
2021-06-15 09:47:14,5427.6,110766
2021-06-15 09:47:15,5427.6,110766
2021-06-15 09:47:16,5429.0,110850
2021-06-15 09:47:17,5429.0,110850
2021-06-15 09:47:18,5429.0,110850
2021-06-15 09:47:19,5427.3,110952
2021-06-15 09:47:20,5427.3,110952
2021-06-15 09:47:22,5427.3,110952
2021-06-15 09:47:24,5427.6,110962
2021-06-15 09:47:26,5427.6,110962
2021-06-15 09:47:27,5429.0,110982
2021-06-15 09:47:28,5429.0,110992
2021-06-15 09:47:29,5429.0,111237
2021-06-15 09:47:31,5427.9,111322
2021-06-15 09:47:31,5429.1,111356
2021-06-15 09:47:32,5428.0,111372
2021-06-15 09:47:34,5428.05,111374
2021-06-15 09:47:34,5430.0,111375
2021-06-15 09:47:35,5430.0,111429
2021-06-15 09:47:36,5430.0,111441
2021-06-15 09:47:37,5430.0,111442
2021-06-15 09:47:38,5429.0,111443
2021-06-15 09:47:39,5430.0,111453
2021-06-15 09:47:40,5429.95,111457
2021-06-15 09:47:41,5429.0,111470
2021-06-15 09:47:42,5429.95,111472
2021-06-15 09:47:43,5429.95,111472
2021-06-15 09:47:44,5429.95,111472
2021-06-15 09:47:45,5430.0,111513
2021-06-15 09:47:46,5430.0,111523
2021-06-15 09:47:49,5429.0,111533
2021-06-15 09:47:50,5431.85,112197
2021-06-15 09:47:51,5433.55,112206
2021-06-15 09:47:52,5433.65,112243
2021-06-15 09:47:53,5432.5,112251
2021-06-15 09:47:54,5433.85,112280
2021-06-15 09:47:55,5431.95,112374
2021-06-15 09:47:56,5434.0,112411
2021-06-15 09:47:57,5434.7,112418
2021-06-15 09:47:58,5434.7,112428
2021-06-15 09:47:59,5434.7,112438
2021-06-15 09:48:00,5434.7,112438
2021-06-15 09:48:01,5434.7,112463
2021-06-15 09:48:02,5434.7,112463
2021-06-15 09:48:06,5433.65,112466
2021-06-15 09:48:07,5434.0,112467
2021-06-15 09:48:08,5434.7,112477
2021-06-15 09:48:09,5434.7,112479
2021-06-15 09:48:10,5435.0,112503
2021-06-15 09:48:11,5435.0,112522
2021-06-15 09:48:12,5435.0,112608
2021-06-15 09:48:13,5436.0,112628
2021-06-15 09:48:14,5436.0,112849
2021-06-15 09:48:15,5434.55,112949
2021-06-15 09:48:16,5436.9,112963
2021-06-15 09:48:18,5436.9,112963
2021-06-15 09:48:18,5436.9,112963
2021-06-15 09:48:19,5436.9,112963
2021-06-15 09:48:20,5435.0,113093
2021-06-15 09:48:21,5435.05,113153
2021-06-15 09:48:23,5436.9,113200
2021-06-15 09:48:23,5435.05,113202
2021-06-15 09:48:24,5435.0,113252
2021-06-15 09:48:25,5435.05,113285
2021-06-15 09:48:26,5435.05,113285
2021-06-15 09:48:27,5435.05,113286
2021-06-15 09:48:29,5435.05,113286
2021-06-15 09:48:29,5435.05,113286
2021-06-15 09:48:30,5435.05,113370
2021-06-15 09:48:31,5435.0,113420
2021-06-15 09:48:32,5435.0,113420
2021-06-15 09:48:33,5435.9,113422
2021-06-15 09:48:34,5436.8,113481
2021-06-15 09:48:35,5436.8,113481
2021-06-15 09:48:36,5435.05,113482
2021-06-15 09:48:37,5435.05,113482
2021-06-15 09:48:38,5437.8,113642
2021-06-15 09:48:39,5435.95,113655
2021-06-15 09:48:40,5437.5,113656
2021-06-15 09:48:41,5435.0,113752
2021-06-15 09:48:42,5437.45,113754
2021-06-15 09:48:43,5437.45,113754
2021-06-15 09:48:44,5434.25,113854
2021-06-15 09:48:45,5434.25,113854
2021-06-15 09:48:46,5437.4,113860
2021-06-15 09:48:47,5437.55,113910
2021-06-15 09:48:48,5435.1,113915
2021-06-15 09:48:49,5437.4,113941
2021-06-15 09:48:50,5437.45,114039
2021-06-15 09:48:51,5437.45,114039
2021-06-15 09:48:52,5437.6,114046
2021-06-15 09:48:53,5437.6,114046
2021-06-15 09:48:54,5437.6,114046
2021-06-15 09:48:55,5438.3,114121
2021-06-15 09:48:56,5437.45,114143
2021-06-15 09:48:57,5437.45,114143
2021-06-15 09:48:58,5437.45,114143
2021-06-15 09:48:59,5438.25,114146
2021-06-15 09:49:01,5438.6,114585
2021-06-15 09:49:02,5438.5,114636
2021-06-15 09:49:03,5438.7,114649
2021-06-15 09:49:04,5436.6,114660
2021-06-15 09:49:05,5438.1,114670
2021-06-15 09:49:06,5438.7,114693
2021-06-15 09:49:07,5438.75,114718
2021-06-15 09:49:08,5438.75,114718
2021-06-15 09:49:09,5438.75,114718
2021-06-15 09:49:10,5436.6,114886
2021-06-15 09:49:11,5439.1,114902
2021-06-15 09:49:12,5439.1,114925
2021-06-15 09:49:13,5439.75,114945
2021-06-15 09:49:14,5439.75,114945
2021-06-15 09:49:16,5441.0,116666
2021-06-15 09:49:19,5439.2,116967
2021-06-15 09:49:20,5441.65,116980
2021-06-15 09:49:20,5441.9,117038
2021-06-15 09:49:22,5439.2,117077
2021-06-15 09:49:23,5441.9,117094
2021-06-15 09:49:24,5439.5,117103
2021-06-15 09:49:25,5439.15,117131
2021-06-15 09:49:26,5439.1,117181
2021-06-15 09:49:27,5439.1,117181
2021-06-15 09:49:28,5441.75,118187
2021-06-15 09:49:29,5439.6,118252
2021-06-15 09:49:30,5439.65,118455
2021-06-15 09:49:31,5441.9,118542
2021-06-15 09:49:32,5441.9,118552
2021-06-15 09:49:33,5439.6,118566
2021-06-15 09:49:34,5442.0,118666
2021-06-15 09:49:35,5439.6,118670
2021-06-15 09:49:36,5439.6,118670
2021-06-15 09:49:37,5439.6,118670
2021-06-15 09:49:38,5439.6,118670
2021-06-15 09:49:39,5440.35,118674
2021-06-15 09:49:40,5439.6,118694
2021-06-15 09:49:42,5441.8,118709
2021-06-15 09:49:43,5441.0,118734
2021-06-15 09:49:44,5440.35,118752
2021-06-15 09:49:45,5439.35,118843
2021-06-15 09:49:46,5441.1,118855
2021-06-15 09:49:47,5441.1,118863
2021-06-15 09:49:49,5441.1,118864
2021-06-15 09:49:50,5441.1,118864
2021-06-15 09:49:52,5440.0,118991
2021-06-15 09:49:52,5441.0,119011
2021-06-15 09:49:53,5441.0,119011
2021-06-15 09:49:54,5441.0,119011
2021-06-15 09:49:55,5440.0,119033
2021-06-15 09:49:56,5440.0,119033
2021-06-15 09:49:57,5440.95,119043
2021-06-15 09:49:59,5441.0,119095
2021-06-15 09:49:59,5441.0,119095
2021-06-15 09:50:02,5440.95,119319
2021-06-15 09:50:03,5440.65,119595
2021-06-15 09:50:04,5438.35,119639
2021-06-15 09:50:05,5440.65,119642
2021-06-15 09:50:05,5438.15,119692
2021-06-15 09:50:06,5440.45,119699
2021-06-15 09:50:07,5440.35,119702
2021-06-15 09:50:08,5440.35,119702
2021-06-15 09:50:09,5438.15,119706
2021-06-15 09:50:10,5438.15,119706
2021-06-15 09:50:11,5438.15,119706
2021-06-15 09:50:12,5438.15,119706
2021-06-15 09:50:13,5438.15,119706
2021-06-15 09:50:14,5438.15,119736
2021-06-15 09:50:15,5439.0,119737
2021-06-15 09:50:16,5439.0,119737
2021-06-15 09:50:17,5438.1,119742
2021-06-15 09:50:18,5439.1,119781
2021-06-15 09:50:19,5439.0,119832
2021-06-15 09:50:20,5438.0,119882
2021-06-15 09:50:21,5438.0,119882
2021-06-15 09:50:22,5438.0,119882
2021-06-15 09:50:23,5438.0,119882
2021-06-15 09:50:24,5438.0,119888
2021-06-15 09:50:25,5438.0,119888
2021-06-15 09:50:26,5439.05,119898
2021-06-15 09:50:27,5437.45,119903
2021-06-15 09:50:28,5439.1,119904
2021-06-15 09:50:29,5439.1,119904
2021-06-15 09:50:30,5439.1,119904
2021-06-15 09:50:31,5437.45,119927
2021-06-15 09:50:33,5437.45,119927
2021-06-15 09:50:34,5437.45,119927
2021-06-15 09:50:35,5439.0,119933
2021-06-15 09:50:36,5439.0,119933
2021-06-15 09:50:36,5439.0,119933
2021-06-15 09:50:37,5439.0,119938
2021-06-15 09:50:38,5439.0,119938
2021-06-15 09:50:39,5438.0,119955
2021-06-15 09:50:40,5438.0,119955
2021-06-15 09:50:41,5439.0,119985
2021-06-15 09:50:42,5438.0,120085
2021-06-15 09:50:43,5439.0,120095
2021-06-15 09:50:44,5439.0,120095
2021-06-15 09:50:45,5439.0,120095
2021-06-15 09:50:47,5438.0,120105
2021-06-15 09:50:48,5438.0,120105
2021-06-15 09:50:48,5438.0,120105
2021-06-15 09:50:49,5438.0,120105
2021-06-15 09:50:50,5438.0,120105
2021-06-15 09:50:51,5438.0,120105
2021-06-15 09:50:52,5439.0,120112
2021-06-15 09:50:53,5439.0,120112
2021-06-15 09:50:54,5439.0,120112
2021-06-15 09:50:55,5439.0,120116
2021-06-15 09:50:56,5439.0,120136
2021-06-15 09:50:57,5439.0,120136
2021-06-15 09:50:58,5439.0,120136
2021-06-15 09:50:59,5438.0,120139
2021-06-15 09:51:00,5438.0,120139
2021-06-15 09:51:01,5439.0,120150
2021-06-15 09:51:02,5439.0,120155
2021-06-15 09:51:03,5439.0,120156
2021-06-15 09:51:05,5439.0,120156
2021-06-15 09:51:06,5438.0,120167
2021-06-15 09:51:07,5438.0,120167
2021-06-15 09:51:08,5439.1,120320
2021-06-15 09:51:10,5439.1,120320
2021-06-15 09:51:10,5439.1,120320
2021-06-15 09:51:11,5439.1,120385
2021-06-15 09:51:12,5439.1,120416
2021-06-15 09:51:13,5439.1,120444
2021-06-15 09:51:14,5439.1,120451
2021-06-15 09:51:15,5441.0,120983
2021-06-15 09:51:16,5439.6,121041
2021-06-15 09:51:17,5442.0,121138
2021-06-15 09:51:18,5442.0,121143
2021-06-15 09:51:20,5441.0,121192
2021-06-15 09:51:21,5442.0,121626
2021-06-15 09:51:22,5443.0,121716
2021-06-15 09:51:23,5443.0,121786
2021-06-15 09:51:24,5443.0,121813
2021-06-15 09:51:25,5441.35,121825
2021-06-15 09:51:25,5443.0,121827
2021-06-15 09:51:27,5443.1,122032
2021-06-15 09:51:28,5443.1,122041
2021-06-15 09:51:28,5443.1,122051
2021-06-15 09:51:29,5443.1,122051
2021-06-15 09:51:31,5443.1,122056
2021-06-15 09:51:32,5443.1,122074
2021-06-15 09:51:32,5443.0,122075
2021-06-15 09:51:33,5443.1,122076
2021-06-15 09:51:35,5444.6,122337
2021-06-15 09:51:36,5443.0,122412
2021-06-15 09:51:37,5444.9,122448
2021-06-15 09:51:38,5445.0,122455
2021-06-15 09:51:39,5445.0,122458
2021-06-15 09:51:40,5444.6,122485
2021-06-15 09:51:41,5444.6,122564
2021-06-15 09:51:41,5444.6,122564
2021-06-15 09:51:42,5443.4,122585
2021-06-15 09:51:43,5445.0,122691
2021-06-15 09:51:44,5443.4,122715
2021-06-15 09:51:45,5445.0,122718
2021-06-15 09:51:46,5445.0,122750
2021-06-15 09:51:47,5445.0,122767
2021-06-15 09:51:49,5443.55,122830
2021-06-15 09:51:50,5445.95,122870
2021-06-15 09:51:51,5446.0,122913
2021-06-15 09:51:51,5446.0,122913
2021-06-15 09:51:53,5445.95,122943
2021-06-15 09:51:54,5446.0,122959
2021-06-15 09:51:55,5445.8,123061
2021-06-15 09:51:56,5445.95,123087
2021-06-15 09:51:57,5445.0,123094
2021-06-15 09:51:57,5445.9,123092
2021-06-15 09:51:58,5445.0,123104
2021-06-15 09:52:01,5445.2,123550
2021-06-15 09:52:01,5445.0,123503
2021-06-15 09:52:03,5446.5,123555
2021-06-15 09:52:04,5447.85,123639
2021-06-15 09:52:04,5448.35,123741
2021-06-15 09:52:06,5445.65,123754
2021-06-15 09:52:06,5447.0,123755
2021-06-15 09:52:07,5447.0,123757
2021-06-15 09:52:08,5447.15,123769
2021-06-15 09:52:09,5447.15,123774
2021-06-15 09:52:10,5447.15,123774
2021-06-15 09:52:11,5448.0,123801
2021-06-15 09:52:12,5447.15,123870
2021-06-15 09:52:14,5448.0,123872
2021-06-15 09:52:17,5445.55,124102
2021-06-15 09:52:17,5445.55,124102
2021-06-15 09:52:18,5447.15,124103
2021-06-15 09:52:20,5447.15,124113
2021-06-15 09:52:21,5447.15,124117
2021-06-15 09:52:22,5447.15,124167
2021-06-15 09:52:23,5447.15,124167
2021-06-15 09:52:24,5447.15,124210
2021-06-15 09:52:25,5446.0,124220
2021-06-15 09:52:26,5447.0,124329
2021-06-15 09:52:27,5446.0,124364
2021-06-15 09:52:28,5447.0,124368
2021-06-15 09:52:29,5447.0,124368
2021-06-15 09:52:30,5447.0,124368
2021-06-15 09:52:31,5446.0,124371
2021-06-15 09:52:32,5447.0,124372
2021-06-15 09:52:33,5446.0,124373
2021-06-15 09:52:34,5446.0,124384
2021-06-15 09:52:35,5446.0,124409
2021-06-15 09:52:36,5446.5,124494
2021-06-15 09:52:37,5446.5,124510
2021-06-15 09:52:39,5446.5,124555
2021-06-15 09:52:40,5447.0,124565
2021-06-15 09:52:41,5447.0,124567
2021-06-15 09:52:42,5447.0,124567
2021-06-15 09:52:43,5447.0,124567
2021-06-15 09:52:43,5447.0,124567
2021-06-15 09:52:45,5447.0,124597
2021-06-15 09:52:47,5447.0,124636
2021-06-15 09:52:48,5446.5,124656
2021-06-15 09:52:49,5447.0,124769
2021-06-15 09:52:50,5447.0,124788
2021-06-15 09:52:51,5447.0,124860
2021-06-15 09:52:52,5447.0,124879
2021-06-15 09:52:53,5446.55,125188
2021-06-15 09:52:53,5446.55,125188
2021-06-15 09:52:54,5446.55,125188
2021-06-15 09:52:56,5446.0,125674
2021-06-15 09:52:57,5445.05,125694
2021-06-15 09:52:59,5444.3,125796
2021-06-15 09:52:59,5446.0,125799
2021-06-15 09:53:00,5446.0,125799
2021-06-15 09:53:02,5446.0,125799
2021-06-15 09:53:04,5444.35,126168
2021-06-15 09:53:05,5444.35,126168
2021-06-15 09:53:05,5444.35,126168
2021-06-15 09:53:06,5446.1,126169
2021-06-15 09:53:07,5444.45,126177
2021-06-15 09:53:08,5444.45,126177
2021-06-15 09:53:10,5444.45,126177
2021-06-15 09:53:11,5444.45,126177
2021-06-15 09:53:12,5445.0,126182
2021-06-15 09:53:13,5444.5,126192
2021-06-15 09:53:13,5445.0,126182
2021-06-15 09:53:14,5445.0,126222
2021-06-15 09:53:15,5444.35,126223
2021-06-15 09:53:18,5444.35,126754
2021-06-15 09:53:19,5444.35,126760
2021-06-15 09:53:20,5444.35,126760
2021-06-15 09:53:21,5444.35,126769
2021-06-15 09:53:22,5444.35,126769
2021-06-15 09:53:22,5444.35,126769
2021-06-15 09:53:23,5444.25,126856
2021-06-15 09:53:24,5444.25,126856
2021-06-15 09:53:25,5444.25,126856
2021-06-15 09:53:26,5444.45,126886
2021-06-15 09:53:28,5444.45,126886
2021-06-15 09:53:29,5444.45,126899
2021-06-15 09:53:30,5444.0,126901
2021-06-15 09:53:31,5444.0,126901
2021-06-15 09:53:32,5444.45,126971
2021-06-15 09:53:33,5444.45,126971
2021-06-15 09:53:34,5444.45,126971
2021-06-15 09:53:35,5444.0,126981
2021-06-15 09:53:36,5444.45,127018
2021-06-15 09:53:37,5444.45,127018
2021-06-15 09:53:37,5444.45,127018
2021-06-15 09:53:38,5444.45,127451
2021-06-15 09:53:39,5444.2,127520
2021-06-15 09:53:41,5444.45,127529
2021-06-15 09:53:42,5444.45,127530
2021-06-15 09:53:43,5444.0,127678
2021-06-15 09:53:44,5444.0,127698
2021-06-15 09:53:45,5443.1,127734
2021-06-15 09:53:46,5444.0,127735
2021-06-15 09:53:47,5444.0,127745
2021-06-15 09:53:47,5444.0,127745
2021-06-15 09:53:49,5444.0,127762
2021-06-15 09:53:50,5444.0,127762
2021-06-15 09:53:51,5444.0,127762
2021-06-15 09:53:52,5445.0,128271
2021-06-15 09:53:53,5446.1,128288
2021-06-15 09:53:54,5446.55,128351
2021-06-15 09:53:55,5446.55,128391
2021-06-15 09:53:56,5446.75,128395
2021-06-15 09:53:56,5446.7,128396
2021-06-15 09:53:57,5445.95,128848
2021-06-15 09:53:59,5444.35,128867
2021-06-15 09:54:00,5446.55,128923
2021-06-15 09:54:00,5446.9,128973
2021-06-15 09:54:02,5446.9,129006
2021-06-15 09:54:03,5444.05,129016
2021-06-15 09:54:04,5446.7,129098
2021-06-15 09:54:05,5444.2,129134
2021-06-15 09:54:06,5444.2,129134
2021-06-15 09:54:06,5444.2,129134
2021-06-15 09:54:07,5446.0,129135
2021-06-15 09:54:08,5446.0,129135
2021-06-15 09:54:09,5445.5,129164
2021-06-15 09:54:10,5444.8,129177
2021-06-15 09:54:11,5445.9,129180
2021-06-15 09:54:13,5445.9,129182
2021-06-15 09:54:14,5445.9,129184
2021-06-15 09:54:15,5445.5,129314
2021-06-15 09:54:16,5448.9,130488
2021-06-15 09:54:17,5447.4,130703
2021-06-15 09:54:18,5449.5,130937
2021-06-15 09:54:18,5449.5,130937
2021-06-15 09:54:20,5449.5,130946
2021-06-15 09:54:21,5449.5,130946
2021-06-15 09:54:22,5449.5,130946
2021-06-15 09:54:23,5449.5,130946
2021-06-15 09:54:24,5449.5,130956
2021-06-15 09:54:25,5449.5,130958
2021-06-15 09:54:26,5449.45,130960
2021-06-15 09:54:27,5447.55,130976
2021-06-15 09:54:29,5447.55,130976
2021-06-15 09:54:30,5449.25,130990
2021-06-15 09:54:31,5447.55,131052
2021-06-15 09:54:32,5449.15,131057
2021-06-15 09:54:33,5449.5,131073
2021-06-15 09:54:33,5447.55,131078
2021-06-15 09:54:34,5447.55,131078
2021-06-15 09:54:35,5447.55,131091
2021-06-15 09:54:37,5449.45,131115
2021-06-15 09:54:38,5449.45,131125
2021-06-15 09:54:39,5449.45,131125
2021-06-15 09:54:41,5448.5,131132
2021-06-15 09:54:41,5448.5,131132
2021-06-15 09:54:42,5448.5,131132
2021-06-15 09:54:43,5449.5,131136
2021-06-15 09:54:45,5448.0,131146
2021-06-15 09:54:46,5448.5,131200
2021-06-15 09:54:47,5448.5,131200
2021-06-15 09:54:48,5449.5,131214
2021-06-15 09:54:50,5449.5,131343
2021-06-15 09:54:51,5449.5,131353
2021-06-15 09:54:52,5448.0,131358
2021-06-15 09:54:53,5449.5,131371
2021-06-15 09:54:54,5449.5,131405
2021-06-15 09:54:54,5449.5,131410
2021-06-15 09:54:55,5449.5,131436
2021-06-15 09:54:57,5449.45,131457
2021-06-15 09:54:58,5448.0,131460
2021-06-15 09:54:59,5449.5,131465
2021-06-15 09:55:00,5449.5,131465
2021-06-15 09:55:01,5448.0,131515
2021-06-15 09:55:02,5448.0,131515
2021-06-15 09:55:03,5448.0,131518
2021-06-15 09:55:04,5448.0,131518
2021-06-15 09:55:05,5448.0,131518
2021-06-15 09:55:06,5448.0,131518
2021-06-15 09:55:07,5448.0,131518
2021-06-15 09:55:08,5448.0,131546
2021-06-15 09:55:09,5448.0,131546
2021-06-15 09:55:10,5449.4,131547
2021-06-15 09:55:11,5449.5,131564
2021-06-15 09:55:12,5449.5,131565
2021-06-15 09:55:13,5449.5,131580
2021-06-15 09:55:14,5449.5,131583
2021-06-15 09:55:15,5448.75,131594
2021-06-15 09:55:16,5448.75,131594
2021-06-15 09:55:18,5449.5,131597
2021-06-15 09:55:19,5448.75,131615
2021-06-15 09:55:20,5449.0,131940
2021-06-15 09:55:21,5449.5,131990
2021-06-15 09:55:22,5448.7,132000
2021-06-15 09:55:23,5448.7,132000
2021-06-15 09:55:24,5448.7,132000
2021-06-15 09:55:25,5448.7,132000
2021-06-15 09:55:26,5447.2,132001
2021-06-15 09:55:27,5447.2,132051
2021-06-15 09:55:28,5447.2,132051
2021-06-15 09:55:29,5442.0,132690
2021-06-15 09:55:29,5445.1,132718
2021-06-15 09:55:30,5445.1,132718
2021-06-15 09:55:32,5447.85,132721
2021-06-15 09:55:33,5447.85,132721
2021-06-15 09:55:34,5446.5,132724
2021-06-15 09:55:35,5447.0,132725
2021-06-15 09:55:36,5447.0,132725
2021-06-15 09:55:37,5447.0,132725
2021-06-15 09:55:38,5447.0,132725
2021-06-15 09:55:39,5447.0,132725
2021-06-15 09:55:41,5447.0,132729
2021-06-15 09:55:42,5447.1,132749
2021-06-15 09:55:43,5449.1,133164
2021-06-15 09:55:44,5448.75,133323
2021-06-15 09:55:45,5449.0,133336
2021-06-15 09:55:46,5449.0,133337
2021-06-15 09:55:46,5449.0,133337
2021-06-15 09:55:47,5449.0,133337
2021-06-15 09:55:49,5446.55,133344
2021-06-15 09:55:50,5447.15,133350
2021-06-15 09:55:52,5449.0,133352
2021-06-15 09:55:53,5449.1,133373
2021-06-15 09:55:54,5449.1,133377
2021-06-15 09:55:55,5449.1,133377
2021-06-15 09:55:56,5447.2,133527
2021-06-15 09:55:57,5447.2,133532
2021-06-15 09:55:58,5447.2,133532
2021-06-15 09:55:59,5447.2,133532
2021-06-15 09:56:00,5447.2,133532
2021-06-15 09:56:01,5447.35,133551
2021-06-15 09:56:02,5447.35,133551
2021-06-15 09:56:03,5447.25,133673
2021-06-15 09:56:04,5447.25,133673
2021-06-15 09:56:05,5447.25,133673
2021-06-15 09:56:06,5447.25,133673
2021-06-15 09:56:08,5445.35,133840
2021-06-15 09:56:09,5441.4,134017
2021-06-15 09:56:10,5440.0,134105
2021-06-15 09:56:11,5440.0,134105
2021-06-15 09:56:12,5440.0,134105
2021-06-15 09:56:13,5440.0,134105
2021-06-15 09:56:14,5440.0,134105
2021-06-15 09:56:15,5440.0,134105
2021-06-15 09:56:16,5440.0,134105
2021-06-15 09:56:17,5440.45,134135
2021-06-15 09:56:19,5441.0,134136
2021-06-15 09:56:20,5440.0,134208
2021-06-15 09:56:22,5443.25,134708
2021-06-15 09:56:21,5440.0,134208
2021-06-15 09:56:23,5443.1,134709
2021-06-15 09:56:24,5441.05,134720
2021-06-15 09:56:25,5441.05,134720
2021-06-15 09:56:26,5441.05,134722
2021-06-15 09:56:28,5443.15,134723
2021-06-15 09:56:29,5443.35,134760
2021-06-15 09:56:30,5443.2,134777
2021-06-15 09:56:31,5443.2,134777
2021-06-15 09:56:32,5443.45,134781
2021-06-15 09:56:33,5443.45,134781
2021-06-15 09:56:34,5443.45,134781
2021-06-15 09:56:35,5441.5,134791
2021-06-15 09:56:36,5443.45,134794
2021-06-15 09:56:37,5441.5,134795
2021-06-15 09:56:39,5441.5,134795
2021-06-15 09:56:40,5441.5,134795
2021-06-15 09:56:41,5441.5,134795
2021-06-15 09:56:42,5441.5,134795
2021-06-15 09:56:43,5443.45,134808
2021-06-15 09:56:44,5443.45,134812
2021-06-15 09:56:45,5442.5,134815
2021-06-15 09:56:46,5442.5,134815
2021-06-15 09:56:48,5443.45,134858
2021-06-15 09:56:49,5442.75,134897
2021-06-15 09:56:51,5444.8,134905
2021-06-15 09:56:50,5443.45,134898
2021-06-15 09:56:52,5444.8,134915
2021-06-15 09:56:53,5444.8,134918
2021-06-15 09:56:54,5442.8,134928
2021-06-15 09:56:55,5444.4,134929
2021-06-15 09:56:56,5444.4,134929
2021-06-15 09:56:57,5444.4,134929
2021-06-15 09:56:58,5442.0,135054
2021-06-15 09:56:59,5442.0,135054
2021-06-15 09:57:00,5442.2,135061
2021-06-15 09:57:01,5442.2,135061
2021-06-15 09:57:02,5444.4,135127
2021-06-15 09:57:03,5444.4,135127
2021-06-15 09:57:04,5444.3,135134
2021-06-15 09:57:05,5442.6,135139
2021-06-15 09:57:06,5442.2,135227
2021-06-15 09:57:07,5442.6,135240
2021-06-15 09:57:08,5443.15,135291
2021-06-15 09:57:09,5442.0,135341
2021-06-15 09:57:10,5442.0,135341
2021-06-15 09:57:11,5442.0,135341
2021-06-15 09:57:13,5442.0,135341
2021-06-15 09:57:14,5442.0,135341
2021-06-15 09:57:15,5442.85,135342
2021-06-15 09:57:16,5442.85,135343
2021-06-15 09:57:17,5442.85,135346
2021-06-15 09:57:18,5442.85,135346
2021-06-15 09:57:20,5443.85,135446
2021-06-15 09:57:21,5443.85,135446
2021-06-15 09:57:22,5443.85,135446
2021-06-15 09:57:23,5443.85,135446
2021-06-15 09:57:24,5441.75,135496
2021-06-15 09:57:25,5440.25,135502
2021-06-15 09:57:26,5440.25,135502
2021-06-15 09:57:27,5440.25,135502
2021-06-15 09:57:28,5443.45,135503
2021-06-15 09:57:29,5443.45,135503
2021-06-15 09:57:30,5443.45,135503
2021-06-15 09:57:31,5443.45,135503
2021-06-15 09:57:32,5441.5,135505
2021-06-15 09:57:33,5441.4,135511
2021-06-15 09:57:34,5441.05,135561
2021-06-15 09:57:35,5441.05,135561
2021-06-15 09:57:36,5441.4,135569
2021-06-15 09:57:37,5443.0,135632
2021-06-15 09:57:38,5443.0,135632
2021-06-15 09:57:39,5443.0,135632
2021-06-15 09:57:40,5443.0,135632
2021-06-15 09:57:41,5443.0,135632
2021-06-15 09:57:42,5443.0,135632
2021-06-15 09:57:43,5443.0,135632
2021-06-15 09:57:44,5443.0,135632
2021-06-15 09:57:45,5443.0,135632
2021-06-15 09:57:46,5441.55,135640
2021-06-15 09:57:47,5441.55,135640
2021-06-15 09:57:49,5441.55,135640
2021-06-15 09:57:50,5441.55,135640
2021-06-15 09:57:51,5441.55,135640
2021-06-15 09:57:52,5441.55,135640
2021-06-15 09:57:53,5441.55,135640
2021-06-15 09:57:54,5441.55,135640
2021-06-15 09:57:55,5443.1,135676
2021-06-15 09:57:56,5443.1,135676
2021-06-15 09:57:57,5443.1,135681
2021-06-15 09:57:58,5443.1,135681
2021-06-15 09:57:59,5443.1,135681
2021-06-15 09:58:00,5443.0,135686
2021-06-15 09:58:01,5443.0,135686
2021-06-15 09:58:03,5443.0,135686
2021-06-15 09:58:03,5443.0,135686
2021-06-15 09:58:04,5443.0,135686
2021-06-15 09:58:05,5443.0,135686
2021-06-15 09:58:06,5443.1,135832
2021-06-15 09:58:07,5443.1,135832
2021-06-15 09:58:08,5441.7,135841
2021-06-15 09:58:09,5441.7,135841
2021-06-15 09:58:10,5441.7,135841
2021-06-15 09:58:11,5441.7,135841
2021-06-15 09:58:13,5443.1,135851
2021-06-15 09:58:13,5441.7,135841
2021-06-15 09:58:14,5442.5,135852
2021-06-15 09:58:15,5443.1,136342
2021-06-15 09:58:17,5444.95,136397
2021-06-15 09:58:18,5444.8,136443
2021-06-15 09:58:20,5444.95,136452
2021-06-15 09:58:20,5444.95,136452
2021-06-15 09:58:21,5445.0,136462
2021-06-15 09:58:22,5445.0,136464
2021-06-15 09:58:23,5445.0,136469
2021-06-15 09:58:25,5445.0,136470
2021-06-15 09:58:25,5445.0,136471
2021-06-15 09:58:26,5445.25,136712
2021-06-15 09:58:28,5443.75,136776
2021-06-15 09:58:29,5445.9,136777
2021-06-15 09:58:30,5443.85,136786
2021-06-15 09:58:32,5443.85,136786
2021-06-15 09:58:32,5443.85,136786
2021-06-15 09:58:33,5443.9,136792
2021-06-15 09:58:34,5445.9,136817
2021-06-15 09:58:35,5444.0,136818
2021-06-15 09:58:36,5446.2,136828
2021-06-15 09:58:37,5444.1,136847
2021-06-15 09:58:39,5447.0,136852
2021-06-15 09:58:39,5444.5,136872
2021-06-15 09:58:40,5444.6,136881
2021-06-15 09:58:41,5444.6,136902
2021-06-15 09:58:42,5445.9,136904
2021-06-15 09:58:44,5444.85,136909
2021-06-15 09:58:44,5444.85,136909
2021-06-15 09:58:45,5445.2,136930
2021-06-15 09:58:46,5446.9,136939
2021-06-15 09:58:47,5445.2,136961
2021-06-15 09:58:48,5446.9,136964
2021-06-15 09:58:49,5445.35,136979
2021-06-15 09:58:51,5446.9,136988
2021-06-15 09:58:53,5445.35,136993
2021-06-15 09:58:54,5445.35,136993
2021-06-15 09:58:56,5445.35,136993
2021-06-15 09:58:57,5446.9,136995
2021-06-15 09:58:58,5446.9,136995
2021-06-15 09:58:59,5445.5,136998
2021-06-15 09:59:01,5445.5,136998
2021-06-15 09:59:02,5445.5,137023
2021-06-15 09:59:04,5445.5,137033
2021-06-15 09:59:05,5445.5,137033
2021-06-15 09:59:05,5445.5,137033
2021-06-15 09:59:06,5445.5,137033
2021-06-15 09:59:07,5445.5,137033
2021-06-15 09:59:08,5445.5,137033
2021-06-15 09:59:09,5445.5,137033
2021-06-15 09:59:10,5445.5,137064
2021-06-15 09:59:11,5445.5,137064
2021-06-15 09:59:12,5445.5,137064
2021-06-15 09:59:13,5445.5,137064
2021-06-15 09:59:15,5446.2,137114
2021-06-15 09:59:15,5446.2,137114
2021-06-15 09:59:16,5446.2,137124
2021-06-15 09:59:17,5446.2,137139
2021-06-15 09:59:18,5446.2,137139
2021-06-15 09:59:19,5446.2,137139
2021-06-15 09:59:20,5446.2,137143
2021-06-15 09:59:21,5446.2,137143
2021-06-15 09:59:23,5446.8,137153
2021-06-15 09:59:23,5446.8,137153
2021-06-15 09:59:24,5446.8,137153
2021-06-15 09:59:25,5446.8,137153
2021-06-15 09:59:27,5446.8,137217
2021-06-15 09:59:29,5446.8,137217
2021-06-15 09:59:29,5446.8,137217
2021-06-15 09:59:30,5446.2,137247
2021-06-15 09:59:31,5446.8,137250
2021-06-15 09:59:32,5446.2,137278
2021-06-15 09:59:33,5446.2,137283
2021-06-15 09:59:34,5446.2,137283
2021-06-15 09:59:36,5446.2,137283
2021-06-15 09:59:37,5446.2,137357
2021-06-15 09:59:38,5446.9,137457
2021-06-15 09:59:38,5446.9,137457
2021-06-15 09:59:39,5446.9,137457
2021-06-15 09:59:40,5447.0,137458
2021-06-15 09:59:41,5447.0,137459
2021-06-15 09:59:42,5447.0,137479
2021-06-15 09:59:44,5447.0,137481
2021-06-15 09:59:45,5447.0,137486
2021-06-15 09:59:46,5447.0,137486
2021-06-15 09:59:46,5447.0,137492
2021-06-15 09:59:47,5446.7,137517
2021-06-15 09:59:48,5446.7,137567
2021-06-15 09:59:49,5446.7,137567
2021-06-15 09:59:50,5447.0,137568
2021-06-15 09:59:51,5447.0,137568
2021-06-15 09:59:53,5447.0,137591
2021-06-15 09:59:53,5447.0,137591
2021-06-15 09:59:54,5447.0,137591
2021-06-15 09:59:55,5447.0,137593
2021-06-15 09:59:56,5447.0,137692
2021-06-15 09:59:57,5447.0,137692
2021-06-15 09:59:59,5447.0,137712
2021-06-15 10:00:00,5447.0,137712
2021-06-15 10:00:01,5446.2,137737
2021-06-15 10:00:02,5446.2,137737
2021-06-15 10:00:04,5446.2,137737
2021-06-15 10:00:05,5446.9,137752
2021-06-15 10:00:05,5446.9,137775
2021-06-15 10:00:06,5446.2,137777
2021-06-15 10:00:08,5446.9,137787
2021-06-15 10:00:09,5446.9,137787
2021-06-15 10:00:11,5446.55,137798
2021-06-15 10:00:13,5446.55,137798
2021-06-15 10:00:14,5446.95,137811
2021-06-15 10:00:14,5446.95,137831
2021-06-15 10:00:15,5446.95,137831
2021-06-15 10:00:16,5446.95,137831
2021-06-15 10:00:17,5446.55,138371
2021-06-15 10:00:19,5446.7,138407
2021-06-15 10:00:20,5446.7,138411
2021-06-15 10:00:22,5446.7,138612
2021-06-15 10:00:23,5446.7,138612
2021-06-15 10:00:24,5446.7,138612
2021-06-15 10:00:25,5446.7,138612
2021-06-15 10:00:26,5446.7,138616
2021-06-15 10:00:28,5446.7,138616
2021-06-15 10:00:29,5446.7,138616
2021-06-15 10:00:29,5446.7,138616
2021-06-15 10:00:30,5446.7,138658
2021-06-15 10:00:31,5446.7,138658
2021-06-15 10:00:32,5446.7,138672
2021-06-15 10:00:34,5446.7,138672
2021-06-15 10:00:35,5446.7,138672
2021-06-15 10:00:35,5446.7,138672
2021-06-15 10:00:36,5445.0,138701
2021-06-15 10:00:37,5445.2,138726
2021-06-15 10:00:38,5445.0,138841
2021-06-15 10:00:39,5445.0,138941
2021-06-15 10:00:41,5442.6,139363
2021-06-15 10:00:42,5442.35,139387
2021-06-15 10:00:43,5440.15,139391
2021-06-15 10:00:43,5440.15,139391
2021-06-15 10:00:44,5442.1,139394
2021-06-15 10:00:45,5442.1,139394
2021-06-15 10:00:46,5442.1,139394
2021-06-15 10:00:47,5442.1,139394
2021-06-15 10:00:48,5442.1,139394
2021-06-15 10:00:50,5441.85,139396
2021-06-15 10:00:51,5441.85,139396
2021-06-15 10:00:51,5441.85,139396
2021-06-15 10:00:52,5441.85,139396
2021-06-15 10:00:53,5442.0,139397
2021-06-15 10:00:54,5440.0,139497
2021-06-15 10:00:56,5440.0,139507
2021-06-15 10:00:57,5440.0,139507
2021-06-15 10:00:57,5440.0,139507
2021-06-15 10:00:58,5440.0,139508
2021-06-15 10:00:59,5440.2,139509
2021-06-15 10:01:01,5440.2,139523
2021-06-15 10:01:02,5440.5,139559
2021-06-15 10:01:02,5440.05,139550
2021-06-15 10:01:03,5440.5,139559
2021-06-15 10:01:04,5440.1,139637
2021-06-15 10:01:05,5440.1,139637
2021-06-15 10:01:06,5440.05,139639
2021-06-15 10:01:07,5440.05,139639
2021-06-15 10:01:08,5441.8,139667
2021-06-15 10:01:09,5440.05,139683
2021-06-15 10:01:10,5440.05,139683
2021-06-15 10:01:13,5440.0,139693
2021-06-15 10:01:14,5440.0,139693
2021-06-15 10:01:15,5440.0,139693
2021-06-15 10:01:15,5440.0,139693
2021-06-15 10:01:16,5442.3,139893
2021-06-15 10:01:17,5442.3,139893
2021-06-15 10:01:18,5442.3,139893
2021-06-15 10:01:19,5442.3,139893
2021-06-15 10:01:21,5442.3,139893
2021-06-15 10:01:22,5442.3,139893
2021-06-15 10:01:22,5442.3,139893
2021-06-15 10:01:23,5442.3,139893
2021-06-15 10:01:24,5442.3,139893
2021-06-15 10:01:25,5442.3,139893
2021-06-15 10:01:26,5440.55,139913
2021-06-15 10:01:27,5440.55,139913
2021-06-15 10:01:29,5440.6,139923
2021-06-15 10:01:30,5440.6,139923
2021-06-15 10:01:30,5440.6,139923
2021-06-15 10:01:31,5440.7,139926
2021-06-15 10:01:32,5440.7,139926
2021-06-15 10:01:34,5442.7,139978
2021-06-15 10:01:35,5442.5,139979
2021-06-15 10:01:36,5440.7,139981
2021-06-15 10:01:37,5440.7,139981
2021-06-15 10:01:37,5440.7,139981
2021-06-15 10:01:38,5440.7,139981
2021-06-15 10:01:39,5440.7,139981
2021-06-15 10:01:41,5442.75,140024
2021-06-15 10:01:42,5442.75,140024
2021-06-15 10:01:43,5442.75,140024
2021-06-15 10:01:43,5442.75,140024
2021-06-15 10:01:44,5442.75,140024
2021-06-15 10:01:45,5441.7,140026
2021-06-15 10:01:48,5441.7,140026
2021-06-15 10:01:49,5441.7,140031
2021-06-15 10:01:49,5441.7,140027
2021-06-15 10:01:50,5441.7,140034
2021-06-15 10:01:51,5441.7,140034
2021-06-15 10:01:52,5441.7,140170
2021-06-15 10:01:53,5441.7,140170
2021-06-15 10:01:54,5442.15,140248
2021-06-15 10:01:57,5442.45,140250
2021-06-15 10:01:57,5442.45,140250
2021-06-15 10:01:58,5442.45,140250
2021-06-15 10:01:59,5442.45,140256
2021-06-15 10:02:00,5442.45,140256
2021-06-15 10:02:02,5442.45,140277
2021-06-15 10:02:03,5442.45,140277
2021-06-15 10:02:04,5442.45,140277
2021-06-15 10:02:04,5442.45,140277
2021-06-15 10:02:05,5442.45,140277
2021-06-15 10:02:06,5442.0,140292
2021-06-15 10:02:07,5442.15,140377
2021-06-15 10:02:08,5442.15,140377
2021-06-15 10:02:10,5442.15,140377
2021-06-15 10:02:11,5442.15,140377
2021-06-15 10:02:11,5442.15,140377
2021-06-15 10:02:12,5441.4,140384
2021-06-15 10:02:14,5441.4,140393
2021-06-15 10:02:15,5440.0,140548
2021-06-15 10:02:16,5440.0,140548
2021-06-15 10:02:17,5440.0,140548
2021-06-15 10:02:18,5440.0,140548
2021-06-15 10:02:20,5440.0,140548
2021-06-15 10:02:22,5440.0,140551
2021-06-15 10:02:23,5440.0,140551
2021-06-15 10:02:24,5440.0,140551
2021-06-15 10:02:25,5440.0,140551
2021-06-15 10:02:25,5440.0,140551
2021-06-15 10:02:26,5440.0,140566
2021-06-15 10:02:27,5440.0,140566
2021-06-15 10:02:28,5440.0,140566
2021-06-15 10:02:29,5440.0,140586
2021-06-15 10:02:31,5441.5,140726
2021-06-15 10:02:32,5441.5,140729
2021-06-15 10:02:33,5441.5,140729
2021-06-15 10:02:35,5441.5,140729
2021-06-15 10:02:36,5440.15,140731
2021-06-15 10:02:37,5440.15,140731
2021-06-15 10:02:38,5441.45,140734
2021-06-15 10:02:39,5441.45,140734
2021-06-15 10:02:40,5441.45,140734
2021-06-15 10:02:41,5440.8,140744
2021-06-15 10:02:42,5440.8,140744
2021-06-15 10:02:42,5441.5,140764
2021-06-15 10:02:43,5441.5,140764
2021-06-15 10:02:44,5441.5,140765
2021-06-15 10:02:45,5440.8,140780
2021-06-15 10:02:46,5440.8,140789
2021-06-15 10:02:47,5440.8,140789
2021-06-15 10:02:48,5440.8,140789
2021-06-15 10:02:50,5440.8,140789
2021-06-15 10:02:50,5440.8,140789
2021-06-15 10:02:51,5440.8,140789
2021-06-15 10:02:53,5440.8,140789
2021-06-15 10:02:54,5440.8,140789
2021-06-15 10:02:54,5440.8,140789
2021-06-15 10:02:55,5440.8,140789
2021-06-15 10:02:56,5440.8,140789
2021-06-15 10:02:57,5440.8,140789
2021-06-15 10:02:58,5440.8,140789
2021-06-15 10:02:59,5440.8,140789
2021-06-15 10:03:00,5440.8,140789
2021-06-15 10:03:01,5440.8,140791
2021-06-15 10:03:02,5440.8,140821
2021-06-15 10:03:04,5441.5,140942
2021-06-15 10:03:05,5441.5,140942
2021-06-15 10:03:06,5441.0,140950
2021-06-15 10:03:07,5441.0,140950
2021-06-15 10:03:07,5441.5,140957
2021-06-15 10:03:08,5441.5,140957
2021-06-15 10:03:09,5441.5,140957
2021-06-15 10:03:10,5441.5,140957
2021-06-15 10:03:12,5441.5,141225
2021-06-15 10:03:13,5441.5,141225
2021-06-15 10:03:14,5441.5,141306
2021-06-15 10:03:16,5441.5,141312
2021-06-15 10:03:17,5441.5,141318
2021-06-15 10:03:18,5441.5,141321
2021-06-15 10:03:19,5441.5,141321
2021-06-15 10:03:20,5441.5,141321
2021-06-15 10:03:21,5441.25,141327
2021-06-15 10:03:22,5441.5,141329
2021-06-15 10:03:23,5441.5,141329
2021-06-15 10:03:24,5441.25,141331
2021-06-15 10:03:25,5441.5,141342
2021-06-15 10:03:27,5441.25,141350
2021-06-15 10:03:28,5441.5,141351
2021-06-15 10:03:29,5441.25,141353
2021-06-15 10:03:30,5441.5,141373
2021-06-15 10:03:31,5441.5,141377
2021-06-15 10:03:32,5441.5,141387
2021-06-15 10:03:33,5441.5,141395
2021-06-15 10:03:34,5441.25,141399
2021-06-15 10:03:35,5441.25,141425
2021-06-15 10:03:36,5441.25,141433
2021-06-15 10:03:37,5441.25,141433
2021-06-15 10:03:38,5441.25,141433
2021-06-15 10:03:39,5441.35,141436
2021-06-15 10:03:39,5441.35,141436
2021-06-15 10:03:41,5441.35,141442
2021-06-15 10:03:42,5441.5,141449
2021-06-15 10:03:43,5441.45,141459
2021-06-15 10:03:43,5441.35,141462
2021-06-15 10:03:44,5441.5,141482
2021-06-15 10:03:45,5442.5,141981
2021-06-15 10:03:46,5443.0,141982
2021-06-15 10:03:47,5444.0,142002
2021-06-15 10:03:48,5442.3,142102
2021-06-15 10:03:49,5445.0,142170
2021-06-15 10:03:50,5445.0,142199
2021-06-15 10:03:51,5445.0,142201
2021-06-15 10:03:52,5442.85,142202
2021-06-15 10:03:54,5442.85,142202
2021-06-15 10:03:55,5442.85,142202
2021-06-15 10:03:56,5445.0,142204
2021-06-15 10:03:56,5445.0,142205
2021-06-15 10:03:57,5445.0,142205
2021-06-15 10:03:58,5445.0,142205
2021-06-15 10:03:59,5445.0,142205
2021-06-15 10:04:03,5443.1,142222
2021-06-15 10:04:05,5443.1,142222
2021-06-15 10:04:06,5443.1,142224
2021-06-15 10:04:07,5443.1,142224
2021-06-15 10:04:07,5443.1,142224
2021-06-15 10:04:08,5443.1,142249
2021-06-15 10:04:09,5444.95,142274
2021-06-15 10:04:11,5444.95,142274
2021-06-15 10:04:12,5444.95,142274
2021-06-15 10:04:14,5444.9,142285
2021-06-15 10:04:15,5444.9,142288
2021-06-15 10:04:16,5444.05,142319
2021-06-15 10:04:17,5444.9,142323
2021-06-15 10:04:17,5444.9,142323
2021-06-15 10:04:19,5444.9,142323
2021-06-15 10:04:20,5444.9,142323
2021-06-15 10:04:21,5444.9,142323
2021-06-15 10:04:22,5444.9,142323
2021-06-15 10:04:23,5444.9,142323
2021-06-15 10:04:26,5444.9,142323
2021-06-15 10:04:27,5444.9,142323
2021-06-15 10:04:28,5444.9,142378
2021-06-15 10:04:29,5445.0,142392
2021-06-15 10:04:30,5441.45,142574
2021-06-15 10:04:31,5445.0,142660
2021-06-15 10:04:33,5446.8,142663
2021-06-15 10:04:34,5446.8,142663
2021-06-15 10:04:35,5446.8,142663
2021-06-15 10:04:36,5445.2,142665
2021-06-15 10:04:37,5446.8,142671
2021-06-15 10:04:38,5446.8,142672
2021-06-15 10:04:39,5446.8,142672
2021-06-15 10:04:40,5446.8,142672
2021-06-15 10:04:41,5446.0,142673
2021-06-15 10:04:41,5446.0,142673
2021-06-15 10:04:42,5446.0,142673
2021-06-15 10:04:44,5446.8,142686
2021-06-15 10:04:45,5446.0,142690
2021-06-15 10:04:46,5446.0,142690
2021-06-15 10:04:47,5445.2,142735
2021-06-15 10:04:48,5445.15,142765
2021-06-15 10:04:49,5446.0,142775
2021-06-15 10:04:50,5446.95,142776
2021-06-15 10:04:51,5446.95,142776
2021-06-15 10:04:52,5445.1,142806
2021-06-15 10:04:53,5447.0,142824
2021-06-15 10:04:53,5447.0,142824
2021-06-15 10:04:55,5447.0,142829
2021-06-15 10:04:56,5447.0,142829
2021-06-15 10:04:57,5447.0,142829
2021-06-15 10:04:58,5447.0,142839
2021-06-15 10:04:59,5447.0,142845
2021-06-15 10:05:00,5447.0,142847
2021-06-15 10:05:02,5445.25,142870
2021-06-15 10:05:03,5445.2,142873
2021-06-15 10:05:04,5447.6,142883
2021-06-15 10:05:05,5447.6,142883
2021-06-15 10:05:06,5445.2,142901
2021-06-15 10:05:07,5447.5,142902
2021-06-15 10:05:09,5447.0,142908
2021-06-15 10:05:11,5447.5,142918
2021-06-15 10:05:12,5447.5,142918
2021-06-15 10:05:13,5447.0,142928
2021-06-15 10:05:14,5447.0,142928
2021-06-15 10:05:16,5447.5,142935
2021-06-15 10:05:17,5447.5,142935
2021-06-15 10:05:18,5447.5,142935
2021-06-15 10:05:19,5447.5,142935
2021-06-15 10:05:20,5447.5,142935
2021-06-15 10:05:21,5447.0,142996
2021-06-15 10:05:22,5447.0,142996
2021-06-15 10:05:23,5447.0,142996
2021-06-15 10:05:25,5447.6,143022
2021-06-15 10:05:26,5447.6,143023
2021-06-15 10:05:27,5447.6,143023
2021-06-15 10:05:28,5447.6,143023
2021-06-15 10:05:29,5447.6,143023
2021-06-15 10:05:30,5447.5,143043
2021-06-15 10:05:31,5447.6,143044
2021-06-15 10:05:32,5447.6,143044
2021-06-15 10:05:33,5447.6,143045
2021-06-15 10:05:34,5447.5,143228
2021-06-15 10:05:35,5447.5,143228
2021-06-15 10:05:37,5447.5,143358
2021-06-15 10:05:38,5447.5,143358
2021-06-15 10:05:39,5447.6,143458
2021-06-15 10:05:40,5447.55,143459
2021-06-15 10:05:42,5447.6,143469
2021-06-15 10:05:43,5447.6,143469
2021-06-15 10:05:44,5447.6,143469
2021-06-15 10:05:45,5447.6,143469
2021-06-15 10:05:46,5445.5,143484
2021-06-15 10:05:47,5445.5,143486
2021-06-15 10:05:48,5445.5,143486
2021-06-15 10:05:48,5445.5,143486
2021-06-15 10:05:50,5445.5,143486
2021-06-15 10:05:51,5445.5,143486
2021-06-15 10:05:52,5447.35,143492
2021-06-15 10:05:53,5447.4,143497
2021-06-15 10:05:54,5447.4,143497
2021-06-15 10:05:55,5447.4,143497
2021-06-15 10:05:56,5445.5,143525
2021-06-15 10:05:57,5445.5,143525
2021-06-15 10:05:58,5447.25,143545
2021-06-15 10:05:59,5445.5,143575
2021-06-15 10:06:00,5446.8,143577
2021-06-15 10:06:01,5446.8,143577
2021-06-15 10:06:02,5445.5,143579
2021-06-15 10:06:03,5445.5,143686
2021-06-15 10:06:03,5445.5,143686
2021-06-15 10:06:05,5443.4,143697
2021-06-15 10:06:06,5443.4,143697
2021-06-15 10:06:07,5443.4,143700
2021-06-15 10:06:08,5443.4,143700
2021-06-15 10:06:09,5443.15,143823
2021-06-15 10:06:10,5443.4,143824
2021-06-15 10:06:11,5443.15,143834
2021-06-15 10:06:12,5443.2,143844
2021-06-15 10:06:13,5443.2,143844
2021-06-15 10:06:14,5443.2,143844
2021-06-15 10:06:15,5443.2,143844
2021-06-15 10:06:15,5443.2,143888
2021-06-15 10:06:17,5443.2,143888
2021-06-15 10:06:18,5443.2,143888
2021-06-15 10:06:19,5443.2,143888
2021-06-15 10:06:20,5443.2,143888
2021-06-15 10:06:21,5443.25,143898
2021-06-15 10:06:22,5445.4,143910
2021-06-15 10:06:24,5443.25,143959
2021-06-15 10:06:25,5443.25,143959
2021-06-15 10:06:26,5443.25,143959
2021-06-15 10:06:27,5443.25,143959
2021-06-15 10:06:28,5444.45,143966
2021-06-15 10:06:29,5445.1,144046
2021-06-15 10:06:30,5443.25,144048
2021-06-15 10:06:31,5443.25,144048
2021-06-15 10:06:32,5443.25,144048
2021-06-15 10:06:33,5443.4,144053
2021-06-15 10:06:34,5443.4,144054
2021-06-15 10:06:35,5443.4,144054
2021-06-15 10:06:36,5443.25,144056
2021-06-15 10:06:37,5444.9,144136
2021-06-15 10:06:38,5444.9,144136
2021-06-15 10:06:39,5443.25,144157
2021-06-15 10:06:40,5443.25,144157
2021-06-15 10:06:41,5443.25,144157
2021-06-15 10:06:42,5443.25,144157
2021-06-15 10:06:43,5444.7,144158
2021-06-15 10:06:45,5444.7,144158
2021-06-15 10:06:46,5444.7,144158
2021-06-15 10:06:47,5444.7,144158
2021-06-15 10:06:48,5443.25,144159
2021-06-15 10:06:49,5443.25,144159
2021-06-15 10:06:50,5443.4,144637
2021-06-15 10:06:51,5443.4,144637
2021-06-15 10:06:52,5443.4,144637
2021-06-15 10:06:53,5443.4,144637
2021-06-15 10:06:54,5443.4,144637
2021-06-15 10:06:55,5443.4,144637
2021-06-15 10:06:56,5443.4,144637
2021-06-15 10:06:57,5443.4,144637
2021-06-15 10:06:58,5443.4,144637
2021-06-15 10:06:59,5443.4,144637
2021-06-15 10:07:00,5444.8,144638
2021-06-15 10:07:01,5443.4,144673
2021-06-15 10:07:02,5443.55,144678
2021-06-15 10:07:03,5443.4,144710
2021-06-15 10:07:04,5443.4,144710
2021-06-15 10:07:05,5443.4,144710
2021-06-15 10:07:06,5444.75,144716
2021-06-15 10:07:07,5444.75,144716
2021-06-15 10:07:08,5443.4,144793
2021-06-15 10:07:09,5444.0,144797
2021-06-15 10:07:10,5442.35,144876
2021-06-15 10:07:11,5442.35,144876
2021-06-15 10:07:12,5441.1,145026
2021-06-15 10:07:13,5441.1,145026
2021-06-15 10:07:14,5441.1,145026
2021-06-15 10:07:15,5441.1,145026
2021-06-15 10:07:16,5441.1,145026
2021-06-15 10:07:17,5444.1,145146
2021-06-15 10:07:18,5444.1,145146
2021-06-15 10:07:19,5442.35,145159
2021-06-15 10:07:20,5441.2,145289
2021-06-15 10:07:21,5442.65,145348
2021-06-15 10:07:22,5442.65,145348
2021-06-15 10:07:23,5442.65,145348
2021-06-15 10:07:24,5442.65,145348
2021-06-15 10:07:25,5442.65,145348
2021-06-15 10:07:26,5442.65,145348
2021-06-15 10:07:27,5442.65,145348
2021-06-15 10:07:28,5442.5,145359
2021-06-15 10:07:29,5441.55,145363
2021-06-15 10:07:30,5441.5,145364
2021-06-15 10:07:31,5441.3,145376
2021-06-15 10:07:32,5441.3,145500
2021-06-15 10:07:33,5441.3,145500
2021-06-15 10:07:34,5441.3,145500
2021-06-15 10:07:35,5441.3,145500
2021-06-15 10:07:36,5441.6,145512
2021-06-15 10:07:37,5441.1,145549
2021-06-15 10:07:38,5441.1,145549
2021-06-15 10:07:39,5441.1,145549
2021-06-15 10:07:40,5441.6,145551
2021-06-15 10:07:41,5441.6,145551
2021-06-15 10:07:42,5441.1,145552
2021-06-15 10:07:43,5441.1,145552
2021-06-15 10:07:44,5441.1,145552
2021-06-15 10:07:45,5441.1,145552
2021-06-15 10:07:46,5441.1,145553
2021-06-15 10:07:47,5441.1,145553
2021-06-15 10:07:48,5441.1,145553
2021-06-15 10:07:49,5441.1,145553
2021-06-15 10:07:50,5441.1,145553
2021-06-15 10:07:51,5441.1,145553
2021-06-15 10:07:52,5441.1,145553
2021-06-15 10:07:53,5441.1,145553
2021-06-15 10:07:54,5441.1,145553
2021-06-15 10:07:56,5441.1,145553
2021-06-15 10:07:57,5441.3,145554
2021-06-15 10:07:58,5441.1,145604
2021-06-15 10:07:59,5441.1,145604
2021-06-15 10:08:00,5441.1,145604
2021-06-15 10:08:01,5441.1,145604
2021-06-15 10:08:03,5441.1,145604
2021-06-15 10:08:04,5441.1,145604
2021-06-15 10:08:05,5441.3,145608
2021-06-15 10:08:06,5441.3,145610
2021-06-15 10:08:07,5441.4,145615
2021-06-15 10:08:08,5441.4,145615
2021-06-15 10:08:09,5441.4,145615
2021-06-15 10:08:10,5441.4,145805
2021-06-15 10:08:11,5442.0,145814
2021-06-15 10:08:12,5442.0,145814
