timestamp,ltp,volume
2021-06-15 09:15:34,1492.25,6885
2021-06-15 09:15:41,1492.05,7371
2021-06-15 09:15:42,1492.0,7378
2021-06-15 09:15:44,1492.25,8341
2021-06-15 09:15:45,1492.25,8500
2021-06-15 09:15:46,1492.75,8762
2021-06-15 09:15:47,1492.3,8836
2021-06-15 09:15:48,1492.35,8875
2021-06-15 09:15:49,1492.3,8887
2021-06-15 09:15:50,1493.4,8952
2021-06-15 09:15:51,1492.95,9096
2021-06-15 09:15:53,1492.7,9298
2021-06-15 09:15:52,1492.7,9291
2021-06-15 09:15:54,1493.4,9560
2021-06-15 09:15:55,1492.85,9567
2021-06-15 09:15:56,1492.8,9629
2021-06-15 09:15:57,1492.8,9629
2021-06-15 09:15:58,1492.75,9676
2021-06-15 09:15:59,1493.4,9718
2021-06-15 09:16:00,1493.4,9739
2021-06-15 09:16:01,1493.6,9782
2021-06-15 09:16:02,1493.6,9782
2021-06-15 09:16:03,1493.45,9834
2021-06-15 09:16:04,1493.5,9854
2021-06-15 09:16:05,1494.9,9904
2021-06-15 09:16:06,1493.6,9953
2021-06-15 09:16:07,1493.55,9997
2021-06-15 09:16:08,1493.45,10047
2021-06-15 09:16:09,1494.95,10250
2021-06-15 09:16:10,1494.0,11940
2021-06-15 09:16:11,1494.85,12203
2021-06-15 09:16:12,1493.75,12214
2021-06-15 09:16:13,1493.6,12244
2021-06-15 09:16:14,1494.8,12466
2021-06-15 09:16:15,1492.55,13069
2021-06-15 09:16:16,1493.15,13140
2021-06-15 09:16:17,1493.6,15175
2021-06-15 09:16:18,1493.6,15175
2021-06-15 09:16:19,1492.55,15208
2021-06-15 09:16:20,1492.55,15265
2021-06-15 09:16:21,1492.55,15367
2021-06-15 09:16:22,1492.55,15367
2021-06-15 09:16:23,1493.5,15450
2021-06-15 09:16:24,1492.55,15577
2021-06-15 09:16:25,1492.55,15649
2021-06-15 09:16:26,1492.25,15896
2021-06-15 09:16:27,1492.25,16216
2021-06-15 09:16:29,1493.5,16363
2021-06-15 09:16:30,1492.3,16509
2021-06-15 09:16:31,1492.25,16542
2021-06-15 09:16:32,1492.6,16672
2021-06-15 09:16:33,1494.05,16913
2021-06-15 09:16:34,1492.75,17011
2021-06-15 09:16:35,1492.75,17024
2021-06-15 09:16:36,1493.6,17029
2021-06-15 09:16:37,1493.6,17056
2021-06-15 09:16:38,1494.5,17156
2021-06-15 09:16:39,1493.6,17194
2021-06-15 09:16:40,1493.6,17194
2021-06-15 09:16:41,1493.6,17194
2021-06-15 09:16:42,1494.25,17214
2021-06-15 09:16:43,1494.25,17214
2021-06-15 09:16:44,1494.25,17214
2021-06-15 09:16:45,1494.25,17217
2021-06-15 09:16:47,1494.25,17257
2021-06-15 09:16:47,1494.25,17257
2021-06-15 09:16:48,1493.6,17278
2021-06-15 09:16:50,1493.6,17300
2021-06-15 09:16:51,1493.3,17591
2021-06-15 09:16:52,1494.5,17651
2021-06-15 09:16:53,1494.0,17726
2021-06-15 09:16:54,1493.15,17772
2021-06-15 09:16:55,1493.3,17798
2021-06-15 09:16:56,1493.3,17824
2021-06-15 09:16:58,1494.0,17937
2021-06-15 09:16:59,1493.0,18111
2021-06-15 09:16:59,1493.0,18111
2021-06-15 09:17:00,1494.45,18211
2021-06-15 09:17:01,1495.0,18322
2021-06-15 09:17:02,1495.0,18322
2021-06-15 09:17:03,1496.75,18574
2021-06-15 09:17:04,1496.8,18584
2021-06-15 09:17:05,1495.85,18734
2021-06-15 09:17:06,1495.45,18887
2021-06-15 09:17:07,1495.45,18905
2021-06-15 09:17:08,1495.55,19058
2021-06-15 09:17:09,1495.55,19092
2021-06-15 09:17:10,1496.0,19192
2021-06-15 09:17:11,1495.25,19299
2021-06-15 09:17:13,1493.3,21512
2021-06-15 09:17:14,1493.0,21851
2021-06-15 09:17:15,1494.2,21871
2021-06-15 09:17:16,1493.4,21924
2021-06-15 09:17:17,1493.1,21964
2021-06-15 09:17:18,1493.4,22664
2021-06-15 09:17:19,1493.6,22691
2021-06-15 09:17:20,1493.6,22691
2021-06-15 09:17:21,1493.35,22764
2021-06-15 09:17:22,1493.35,22771
2021-06-15 09:17:23,1493.35,22777
2021-06-15 09:17:25,1494.1,22806
2021-06-15 09:17:25,1494.1,22806
2021-06-15 09:17:26,1495.05,22921
2021-06-15 09:17:27,1495.05,22921
2021-06-15 09:17:28,1495.05,22921
2021-06-15 09:17:29,1495.05,22921
2021-06-15 09:17:30,1495.05,22921
2021-06-15 09:17:31,1495.1,22936
2021-06-15 09:17:32,1495.1,22936
2021-06-15 09:17:33,1496.05,22953
2021-06-15 09:17:34,1495.05,23429
2021-06-15 09:17:35,1495.15,23457
2021-06-15 09:17:36,1496.45,23551
2021-06-15 09:17:40,1497.2,24168
2021-06-15 09:17:40,1497.2,24168
2021-06-15 09:17:42,1495.65,24344
2021-06-15 09:17:45,1496.55,24383
2021-06-15 09:17:47,1496.65,24530
2021-06-15 09:17:49,1496.4,24889
2021-06-15 09:17:50,1496.4,24908
2021-06-15 09:17:51,1496.4,24921
2021-06-15 09:17:54,1497.3,26916
2021-06-15 09:17:54,1497.3,26916
2021-06-15 09:17:55,1497.3,26930
2021-06-15 09:17:56,1498.45,26963
2021-06-15 09:17:57,1497.85,27230
2021-06-15 09:17:58,1498.8,27278
2021-06-15 09:17:59,1497.9,27292
2021-06-15 09:18:00,1497.9,27292
2021-06-15 09:18:01,1497.8,27327
2021-06-15 09:18:02,1498.7,27427
2021-06-15 09:18:03,1498.5,27447
2021-06-15 09:18:07,1498.75,27626
2021-06-15 09:18:08,1498.75,27636
2021-06-15 09:18:09,1499.3,28309
2021-06-15 09:18:10,1499.0,28310
2021-06-15 09:18:11,1498.75,28332
2021-06-15 09:18:13,1499.4,28464
2021-06-15 09:18:14,1499.95,28514
2021-06-15 09:18:15,1499.95,28632
2021-06-15 09:18:16,1499.3,30372
2021-06-15 09:18:17,1499.2,30542
2021-06-15 09:18:18,1498.3,30587
2021-06-15 09:18:19,1499.25,30666
2021-06-15 09:18:20,1499.9,30667
2021-06-15 09:18:21,1499.9,30747
2021-06-15 09:18:22,1499.25,30770
2021-06-15 09:18:23,1499.25,30777
2021-06-15 09:18:25,1499.85,30909
2021-06-15 09:18:26,1499.25,30915
2021-06-15 09:18:27,1499.1,31239
2021-06-15 09:18:27,1500.0,31246
2021-06-15 09:18:28,1499.5,31824
2021-06-15 09:18:30,1499.6,31825
2021-06-15 09:18:31,1499.25,31925
2021-06-15 09:18:32,1499.25,31925
2021-06-15 09:18:33,1499.25,31930
2021-06-15 09:18:33,1499.25,31950
2021-06-15 09:18:34,1498.45,31966
2021-06-15 09:18:36,1499.0,31972
2021-06-15 09:18:37,1499.25,32049
2021-06-15 09:18:38,1499.25,32171
2021-06-15 09:18:39,1499.25,32219
2021-06-15 09:18:40,1499.25,32369
2021-06-15 09:18:40,1499.25,32369
2021-06-15 09:18:41,1499.25,32369
2021-06-15 09:18:43,1498.75,32395
2021-06-15 09:18:44,1499.25,32711
2021-06-15 09:18:46,1499.25,32863
2021-06-15 09:18:47,1500.0,33188
2021-06-15 09:18:48,1499.35,33339
2021-06-15 09:18:49,1499.6,33369
2021-06-15 09:18:50,1499.25,33437
2021-06-15 09:18:51,1499.3,33456
2021-06-15 09:18:52,1499.5,33476
2021-06-15 09:18:52,1499.25,33606
2021-06-15 09:18:54,1500.25,34275
2021-06-15 09:18:54,1500.75,34294
2021-06-15 09:18:55,1501.05,34494
2021-06-15 09:18:56,1501.35,34582
2021-06-15 09:18:58,1501.35,34596
2021-06-15 09:18:59,1501.05,34646
2021-06-15 09:19:00,1500.55,34801
2021-06-15 09:19:01,1500.55,34831
2021-06-15 09:19:02,1500.55,34831
2021-06-15 09:19:03,1502.05,35181
2021-06-15 09:19:04,1500.9,35328
2021-06-15 09:19:05,1500.95,35516
2021-06-15 09:19:06,1502.15,35678
2021-06-15 09:19:07,1500.0,37500
2021-06-15 09:19:08,1500.1,37506
2021-06-15 09:19:08,1501.4,37556
2021-06-15 09:19:09,1501.6,37653
2021-06-15 09:19:10,1500.9,37659
2021-06-15 09:19:12,1500.45,37726
2021-06-15 09:19:13,1500.1,37779
2021-06-15 09:19:13,1500.0,38254
2021-06-15 09:19:14,1499.6,38498
2021-06-15 09:19:15,1499.3,38518
2021-06-15 09:19:16,1499.3,38750
2021-06-15 09:19:18,1499.3,38782
2021-06-15 09:19:18,1500.4,38787
2021-06-15 09:19:19,1499.3,38828
2021-06-15 09:19:21,1499.35,38866
2021-06-15 09:19:23,1499.35,38872
2021-06-15 09:19:23,1499.35,38872
2021-06-15 09:19:25,1499.35,38949
2021-06-15 09:19:25,1499.35,38949
2021-06-15 09:19:27,1500.35,39009
2021-06-15 09:19:27,1499.4,39042
2021-06-15 09:19:28,1499.4,39042
2021-06-15 09:19:29,1499.35,39088
2021-06-15 09:19:30,1499.35,39095
2021-06-15 09:19:31,1500.35,40122
2021-06-15 09:19:32,1500.05,40129
2021-06-15 09:19:33,1499.55,40426
2021-06-15 09:19:34,1500.35,40436
2021-06-15 09:19:35,1499.65,40556
2021-06-15 09:19:36,1500.95,41339
2021-06-15 09:19:37,1500.0,41352
2021-06-15 09:19:38,1500.0,41365
2021-06-15 09:19:39,1500.0,41365
2021-06-15 09:19:40,1500.0,41479
2021-06-15 09:19:41,1500.0,41479
2021-06-15 09:19:42,1500.0,41479
2021-06-15 09:19:43,1500.0,41485
2021-06-15 09:19:45,1500.0,41498
2021-06-15 09:19:46,1500.0,41515
2021-06-15 09:19:47,1499.75,41592
2021-06-15 09:19:47,1499.75,41592
2021-06-15 09:19:48,1499.75,41618
2021-06-15 09:19:49,1499.75,41618
2021-06-15 09:19:50,1499.75,41644
2021-06-15 09:19:51,1500.6,41645
2021-06-15 09:19:52,1499.75,41678
2021-06-15 09:19:53,1499.75,41678
2021-06-15 09:19:55,1499.75,41706
2021-06-15 09:19:56,1500.7,41923
2021-06-15 09:19:56,1500.7,41923
2021-06-15 09:19:57,1500.0,42186
2021-06-15 09:19:58,1499.75,42230
2021-06-15 09:19:59,1499.75,42230
2021-06-15 09:20:00,1499.8,42358
2021-06-15 09:20:01,1499.75,42405
2021-06-15 09:20:02,1499.75,42405
2021-06-15 09:20:03,1499.75,42633
2021-06-15 09:20:04,1499.8,42663
2021-06-15 09:20:05,1499.8,42663
2021-06-15 09:20:06,1499.8,42663
2021-06-15 09:20:07,1499.75,42679
2021-06-15 09:20:08,1499.75,42679
2021-06-15 09:20:09,1500.0,42769
2021-06-15 09:20:10,1500.75,42840
2021-06-15 09:20:11,1500.75,42840
2021-06-15 09:20:12,1500.75,42847
2021-06-15 09:20:13,1500.75,42891
2021-06-15 09:20:14,1500.0,42911
2021-06-15 09:20:15,1500.1,43228
2021-06-15 09:20:17,1500.15,43248
2021-06-15 09:20:19,1501.25,43342
2021-06-15 09:20:20,1500.15,43360
2021-06-15 09:20:21,1500.15,43367
2021-06-15 09:20:23,1500.25,43494
2021-06-15 09:20:25,1500.25,43659
2021-06-15 09:20:27,1500.15,43717
2021-06-15 09:20:27,1500.15,43717
2021-06-15 09:20:28,1500.05,43737
2021-06-15 09:20:29,1500.35,43750
2021-06-15 09:20:30,1501.3,43871
2021-06-15 09:20:31,1500.0,44767
2021-06-15 09:20:32,1500.0,44767
2021-06-15 09:20:33,1500.0,44767
2021-06-15 09:20:34,1500.15,44825
2021-06-15 09:20:36,1500.15,44825
2021-06-15 09:20:37,1500.15,44825
2021-06-15 09:20:38,1500.0,44960
2021-06-15 09:20:38,1500.0,44960
2021-06-15 09:20:40,1499.9,45060
2021-06-15 09:20:41,1499.9,45060
2021-06-15 09:20:42,1499.9,45060
2021-06-15 09:20:42,1499.9,45060
2021-06-15 09:20:43,1499.9,45060
2021-06-15 09:20:44,1499.9,45060
2021-06-15 09:20:45,1499.9,45060
2021-06-15 09:20:48,1500.0,45065
2021-06-15 09:20:50,1500.0,45120
2021-06-15 09:20:51,1500.0,45120
2021-06-15 09:20:52,1500.35,45171
2021-06-15 09:20:53,1500.35,45171
2021-06-15 09:20:54,1500.35,45171
2021-06-15 09:20:55,1500.4,45176
2021-06-15 09:20:56,1500.4,45176
2021-06-15 09:20:57,1500.35,45191
2021-06-15 09:20:58,1497.0,49030
2021-06-15 09:20:58,1497.0,49030
2021-06-15 09:20:59,1497.75,49031
2021-06-15 09:21:00,1497.05,49699
2021-06-15 09:21:01,1497.05,49699
2021-06-15 09:21:02,1497.0,49713
2021-06-15 09:21:03,1497.75,49764
2021-06-15 09:21:05,1497.75,49769
2021-06-15 09:21:06,1497.75,49805
2021-06-15 09:21:08,1497.0,49836
2021-06-15 09:21:09,1497.0,49944
2021-06-15 09:21:09,1497.0,49944
2021-06-15 09:21:10,1497.7,50045
2021-06-15 09:21:11,1497.7,50045
2021-06-15 09:21:12,1497.7,50059
2021-06-15 09:21:13,1496.4,50253
2021-06-15 09:21:15,1497.0,50274
2021-06-15 09:21:16,1497.05,50363
2021-06-15 09:21:16,1497.05,50363
2021-06-15 09:21:20,1497.05,50745
2021-06-15 09:21:21,1497.0,50776
2021-06-15 09:21:22,1496.4,50777
2021-06-15 09:21:24,1497.0,50811
2021-06-15 09:21:25,1496.0,50877
2021-06-15 09:21:26,1496.0,50877
2021-06-15 09:21:27,1496.4,50902
2021-06-15 09:21:29,1495.3,50952
2021-06-15 09:21:30,1495.05,50953
2021-06-15 09:21:31,1495.05,50953
2021-06-15 09:21:32,1495.0,51551
2021-06-15 09:21:32,1495.65,51573
2021-06-15 09:21:34,1495.65,51889
2021-06-15 09:21:34,1495.65,51889
2021-06-15 09:21:35,1495.25,51890
2021-06-15 09:21:36,1495.25,51890
2021-06-15 09:21:37,1495.0,52000
2021-06-15 09:21:38,1494.2,52002
2021-06-15 09:21:39,1494.2,52002
2021-06-15 09:21:41,1494.45,52032
2021-06-15 09:21:41,1494.45,52032
2021-06-15 09:21:43,1494.9,52128
2021-06-15 09:21:44,1494.9,52138
2021-06-15 09:21:45,1494.9,52148
2021-06-15 09:21:46,1494.9,52249
2021-06-15 09:21:47,1494.9,52259
2021-06-15 09:21:48,1494.9,52359
2021-06-15 09:21:48,1494.9,52359
2021-06-15 09:21:49,1494.8,52361
2021-06-15 09:21:50,1494.05,52377
2021-06-15 09:21:51,1494.05,52377
2021-06-15 09:21:52,1494.7,52404
2021-06-15 09:21:55,1494.05,52465
2021-06-15 09:21:56,1493.8,52515
2021-06-15 09:21:57,1494.4,52541
2021-06-15 09:21:58,1494.0,52548
2021-06-15 09:21:59,1494.0,52559
2021-06-15 09:21:59,1494.1,52562
2021-06-15 09:22:00,1494.1,52562
2021-06-15 09:22:01,1494.05,52823
2021-06-15 09:22:02,1493.65,52881
2021-06-15 09:22:04,1493.65,52881
2021-06-15 09:22:04,1494.5,52891
2021-06-15 09:22:05,1494.5,52891
2021-06-15 09:22:06,1494.5,52891
2021-06-15 09:22:07,1494.5,52891
2021-06-15 09:22:08,1494.5,52891
2021-06-15 09:22:09,1493.95,52904
2021-06-15 09:22:11,1493.95,52924
2021-06-15 09:22:12,1494.85,52972
2021-06-15 09:22:13,1494.1,53018
2021-06-15 09:22:14,1494.1,53018
2021-06-15 09:22:15,1494.1,53018
2021-06-15 09:22:18,1494.9,53219
2021-06-15 09:22:19,1494.9,53229
2021-06-15 09:22:21,1494.1,53249
2021-06-15 09:22:21,1494.1,53249
2021-06-15 09:22:22,1494.9,53261
2021-06-15 09:22:23,1494.9,53264
2021-06-15 09:22:26,1494.9,53457
2021-06-15 09:22:27,1494.9,53591
2021-06-15 09:22:28,1494.7,53596
2021-06-15 09:22:28,1494.7,53596
2021-06-15 09:22:30,1494.1,53604
2021-06-15 09:22:30,1494.1,53604
2021-06-15 09:22:31,1494.1,53604
2021-06-15 09:22:32,1494.1,53604
2021-06-15 09:22:33,1494.1,53604
2021-06-15 09:22:35,1494.1,53604
2021-06-15 09:22:36,1494.1,53672
2021-06-15 09:22:37,1494.1,53672
2021-06-15 09:22:38,1494.1,53672
2021-06-15 09:22:40,1494.1,53728
2021-06-15 09:22:41,1494.1,53730
2021-06-15 09:22:43,1494.1,53730
2021-06-15 09:22:44,1494.1,53730
2021-06-15 09:22:45,1494.1,53744
2021-06-15 09:22:46,1494.0,53857
2021-06-15 09:22:47,1493.65,53900
2021-06-15 09:22:48,1493.0,54401
2021-06-15 09:22:49,1493.2,54445
2021-06-15 09:22:49,1493.2,54445
2021-06-15 09:22:51,1494.0,54945
2021-06-15 09:22:52,1493.15,55045
2021-06-15 09:22:53,1493.15,55045
2021-06-15 09:22:54,1493.15,55045
2021-06-15 09:22:55,1493.15,55045
2021-06-15 09:22:56,1493.15,55073
2021-06-15 09:22:57,1493.1,55088
2021-06-15 09:22:58,1493.9,55138
2021-06-15 09:22:59,1492.0,56464
2021-06-15 09:22:59,1492.0,56464
2021-06-15 09:23:00,1492.75,56771
2021-06-15 09:23:01,1492.65,56794
2021-06-15 09:23:02,1491.75,56837
2021-06-15 09:23:03,1492.95,56938
2021-06-15 09:23:05,1492.95,56938
2021-06-15 09:23:06,1492.95,56938
2021-06-15 09:23:07,1492.95,56938
2021-06-15 09:23:07,1492.95,56938
2021-06-15 09:23:08,1491.0,57285
2021-06-15 09:23:09,1492.05,57835
2021-06-15 09:23:10,1492.05,57835
2021-06-15 09:23:12,1491.15,58676
2021-06-15 09:23:13,1491.15,58676
2021-06-15 09:23:14,1491.9,59075
2021-06-15 09:23:15,1491.0,59095
2021-06-15 09:23:16,1491.9,59133
2021-06-15 09:23:16,1491.9,59133
2021-06-15 09:23:18,1491.95,59154
2021-06-15 09:23:19,1491.15,59172
2021-06-15 09:23:20,1491.9,59213
2021-06-15 09:23:21,1490.35,60263
2021-06-15 09:23:22,1490.25,60270
2021-06-15 09:23:23,1490.1,60276
2021-06-15 09:23:24,1490.0,60661
2021-06-15 09:23:25,1490.0,60686
2021-06-15 09:23:26,1490.0,60975
2021-06-15 09:23:27,1490.9,61026
2021-06-15 09:23:28,1490.0,61085
2021-06-15 09:23:29,1490.75,61155
2021-06-15 09:23:31,1490.75,61210
2021-06-15 09:23:34,1490.0,61237
2021-06-15 09:23:36,1488.9,61812
2021-06-15 09:23:37,1489.2,61838
2021-06-15 09:23:38,1490.1,62446
2021-06-15 09:23:40,1489.2,62560
2021-06-15 09:23:41,1489.2,62569
2021-06-15 09:23:42,1488.95,62747
2021-06-15 09:23:43,1488.6,63042
2021-06-15 09:23:44,1490.05,63111
2021-06-15 09:23:44,1489.8,63142
2021-06-15 09:23:45,1489.8,63142
2021-06-15 09:23:46,1489.8,63142
2021-06-15 09:23:47,1490.0,63242
2021-06-15 09:23:49,1490.0,63252
2021-06-15 09:23:49,1489.25,63326
2021-06-15 09:23:50,1489.85,63346
2021-06-15 09:23:51,1488.9,63354
2021-06-15 09:23:53,1489.9,63624
2021-06-15 09:23:54,1489.9,63624
2021-06-15 09:23:55,1489.15,63628
2021-06-15 09:23:56,1490.0,63704
2021-06-15 09:23:57,1490.0,63704
2021-06-15 09:23:58,1489.5,63904
2021-06-15 09:23:58,1490.3,64099
2021-06-15 09:23:59,1490.3,64114
2021-06-15 09:24:00,1489.6,64144
2021-06-15 09:24:01,1490.0,64154
2021-06-15 09:24:03,1489.4,64179
2021-06-15 09:24:04,1489.35,64208
2021-06-15 09:24:05,1489.35,64241
2021-06-15 09:24:06,1489.35,64392
2021-06-15 09:24:07,1490.0,64492
2021-06-15 09:24:08,1490.0,64492
2021-06-15 09:24:09,1490.0,64563
2021-06-15 09:24:10,1490.05,64582
2021-06-15 09:24:11,1490.05,64583
2021-06-15 09:24:12,1490.05,64583
2021-06-15 09:24:13,1489.45,64596
2021-06-15 09:24:14,1489.35,64617
2021-06-15 09:24:15,1489.35,64623
2021-06-15 09:24:16,1489.35,64649
2021-06-15 09:24:17,1490.0,64697
2021-06-15 09:24:18,1490.0,64697
2021-06-15 09:24:19,1489.35,64797
2021-06-15 09:24:20,1489.35,64797
2021-06-15 09:24:21,1490.9,65092
2021-06-15 09:24:22,1489.85,65105
2021-06-15 09:24:23,1490.85,65106
2021-06-15 09:24:24,1490.85,65106
2021-06-15 09:24:25,1489.7,65119
2021-06-15 09:24:26,1489.7,65119
2021-06-15 09:24:27,1489.7,65144
2021-06-15 09:24:28,1489.65,65215
2021-06-15 09:24:29,1489.65,65215
2021-06-15 09:24:30,1490.5,65227
2021-06-15 09:24:31,1490.5,65345
2021-06-15 09:24:32,1489.7,65358
2021-06-15 09:24:32,1489.7,65358
2021-06-15 09:24:33,1491.0,65612
2021-06-15 09:24:34,1490.35,65669
2021-06-15 09:24:36,1491.95,65703
2021-06-15 09:24:36,1491.95,65703
2021-06-15 09:24:37,1492.1,65704
2021-06-15 09:24:39,1492.15,65766
2021-06-15 09:24:40,1491.8,65779
2021-06-15 09:24:41,1491.25,65793
2021-06-15 09:24:42,1491.9,65803
2021-06-15 09:24:43,1491.2,65829
2021-06-15 09:24:44,1491.2,65829
2021-06-15 09:24:45,1491.85,66055
2021-06-15 09:24:46,1492.5,66586
2021-06-15 09:24:47,1490.9,66599
2021-06-15 09:24:48,1491.95,66600
2021-06-15 09:24:49,1491.5,66613
2021-06-15 09:24:50,1491.5,66613
2021-06-15 09:24:51,1491.05,67088
2021-06-15 09:24:52,1490.85,67118
2021-06-15 09:24:53,1492.05,68118
2021-06-15 09:24:54,1491.3,68133
2021-06-15 09:24:55,1490.85,68145
2021-06-15 09:24:56,1491.35,68760
2021-06-15 09:24:57,1491.35,68760
2021-06-15 09:24:58,1491.35,68760
2021-06-15 09:24:59,1490.25,68795
2021-06-15 09:25:00,1490.45,68818
2021-06-15 09:25:01,1490.45,68818
2021-06-15 09:25:02,1490.45,68818
2021-06-15 09:25:04,1491.0,68830
2021-06-15 09:25:05,1491.0,68830
2021-06-15 09:25:06,1490.45,68843
2021-06-15 09:25:07,1490.45,68843
2021-06-15 09:25:08,1490.45,68871
2021-06-15 09:25:09,1490.05,69011
2021-06-15 09:25:10,1490.85,69111
2021-06-15 09:25:12,1490.9,69171
2021-06-15 09:25:13,1491.2,69196
2021-06-15 09:25:14,1491.2,69196
2021-06-15 09:25:15,1491.0,69671
2021-06-15 09:25:16,1491.0,69671
2021-06-15 09:25:17,1491.0,69681
2021-06-15 09:25:18,1491.0,69682
2021-06-15 09:25:19,1491.0,69682
2021-06-15 09:25:20,1491.0,69682
2021-06-15 09:25:21,1491.0,69682
2021-06-15 09:25:22,1491.0,69691
2021-06-15 09:25:23,1491.0,69691
2021-06-15 09:25:24,1492.05,69737
2021-06-15 09:25:25,1493.1,70037
2021-06-15 09:25:26,1493.1,70037
2021-06-15 09:25:28,1493.05,70042
2021-06-15 09:25:29,1493.05,70042
2021-06-15 09:25:30,1493.05,70042
2021-06-15 09:25:31,1493.05,70042
2021-06-15 09:25:32,1492.5,70560
2021-06-15 09:25:33,1492.5,70560
2021-06-15 09:25:34,1491.55,70566
2021-06-15 09:25:36,1492.65,70736
2021-06-15 09:25:37,1492.85,70946
2021-06-15 09:25:38,1492.9,70996
2021-06-15 09:25:39,1492.5,71096
2021-06-15 09:25:40,1491.25,71346
2021-06-15 09:25:41,1492.15,71465
2021-06-15 09:25:42,1492.5,71505
2021-06-15 09:25:43,1492.5,71505
2021-06-15 09:25:44,1492.2,71507
2021-06-15 09:25:45,1491.6,71520
2021-06-15 09:25:46,1492.2,71528
2021-06-15 09:25:47,1491.6,71541
2021-06-15 09:25:48,1492.2,71558
2021-06-15 09:25:49,1491.6,71559
2021-06-15 09:25:50,1492.0,71560
2021-06-15 09:25:52,1492.0,71560
2021-06-15 09:25:53,1491.25,73690
2021-06-15 09:25:54,1491.3,73700
2021-06-15 09:25:55,1491.3,73700
2021-06-15 09:25:56,1491.3,73800
2021-06-15 09:25:57,1491.55,73969
2021-06-15 09:25:58,1491.4,75508
2021-06-15 09:26:00,1491.3,75638
2021-06-15 09:26:01,1491.6,75749
2021-06-15 09:26:02,1491.6,75749
2021-06-15 09:26:03,1492.0,75794
2021-06-15 09:26:04,1492.0,75794
2021-06-15 09:26:05,1492.0,75794
2021-06-15 09:26:06,1492.0,75794
2021-06-15 09:26:08,1493.25,75907
2021-06-15 09:26:09,1493.25,75907
2021-06-15 09:26:10,1493.0,75912
2021-06-15 09:26:11,1492.2,75932
2021-06-15 09:26:12,1493.05,76032
2021-06-15 09:26:13,1492.05,76066
2021-06-15 09:26:14,1492.05,76066
2021-06-15 09:26:15,1492.35,76266
2021-06-15 09:26:16,1492.25,76281
2021-06-15 09:26:17,1493.45,76285
2021-06-15 09:26:18,1492.55,76324
2021-06-15 09:26:20,1492.25,76342
2021-06-15 09:26:21,1491.9,76374
2021-06-15 09:26:22,1491.9,76374
2021-06-15 09:26:23,1492.35,76397
2021-06-15 09:26:25,1493.25,76402
2021-06-15 09:26:26,1492.55,76409
2021-06-15 09:26:27,1492.7,76469
2021-06-15 09:26:28,1492.75,76481
2021-06-15 09:26:29,1492.85,76488
2021-06-15 09:26:30,1492.85,76514
2021-06-15 09:26:31,1493.5,76544
2021-06-15 09:26:33,1493.45,76638
2021-06-15 09:26:34,1493.25,76725
2021-06-15 09:26:35,1493.25,76725
2021-06-15 09:26:36,1492.25,76745
2021-06-15 09:26:37,1493.5,76848
2021-06-15 09:26:38,1494.0,77067
2021-06-15 09:26:39,1494.0,77067
2021-06-15 09:26:40,1492.95,77155
2021-06-15 09:26:41,1492.5,77174
2021-06-15 09:26:42,1492.45,77220
2021-06-15 09:26:43,1492.45,77233
2021-06-15 09:26:44,1493.5,77243
2021-06-15 09:26:45,1492.7,77256
2021-06-15 09:26:46,1492.7,77330
2021-06-15 09:26:47,1492.85,77435
2021-06-15 09:26:48,1492.0,77448
2021-06-15 09:26:49,1492.0,77488
2021-06-15 09:26:50,1493.25,77989
2021-06-15 09:26:51,1491.8,78125
2021-06-15 09:26:52,1491.8,78125
2021-06-15 09:26:53,1491.7,78258
2021-06-15 09:26:54,1492.0,78261
2021-06-15 09:26:55,1491.6,78271
2021-06-15 09:26:56,1491.6,78386
2021-06-15 09:26:57,1491.6,78386
2021-06-15 09:26:58,1491.6,78387
2021-06-15 09:26:59,1491.6,78387
2021-06-15 09:27:00,1491.5,78400
2021-06-15 09:27:01,1491.3,78933
2021-06-15 09:27:02,1491.0,78946
2021-06-15 09:27:03,1491.55,78997
2021-06-15 09:27:04,1491.55,78997
2021-06-15 09:27:05,1491.55,78997
2021-06-15 09:27:06,1491.55,78997
2021-06-15 09:27:07,1491.45,79054
2021-06-15 09:27:08,1491.45,79054
2021-06-15 09:27:09,1491.45,79054
2021-06-15 09:27:10,1491.6,79154
2021-06-15 09:27:11,1491.6,79154
2021-06-15 09:27:12,1491.45,79167
2021-06-15 09:27:13,1491.65,79255
2021-06-15 09:27:14,1491.7,79269
2021-06-15 09:27:15,1491.7,79282
2021-06-15 09:27:16,1491.9,79321
2021-06-15 09:27:17,1491.9,79321
2021-06-15 09:27:18,1491.8,79381
2021-06-15 09:27:19,1491.6,79395
2021-06-15 09:27:20,1491.55,79435
2021-06-15 09:27:21,1492.45,79460
2021-06-15 09:27:22,1492.45,79510
2021-06-15 09:27:23,1492.45,79510
2021-06-15 09:27:24,1491.55,79525
2021-06-15 09:27:25,1491.55,79525
2021-06-15 09:27:26,1491.6,79539
2021-06-15 09:27:27,1492.45,79577
2021-06-15 09:27:28,1492.7,79727
2021-06-15 09:27:30,1491.7,79753
2021-06-15 09:27:32,1491.75,79766
2021-06-15 09:27:33,1491.75,79766
2021-06-15 09:27:33,1491.75,79766
2021-06-15 09:27:35,1491.75,79766
2021-06-15 09:27:36,1492.45,79767
2021-06-15 09:27:37,1492.45,79767
2021-06-15 09:27:38,1492.45,79767
2021-06-15 09:27:39,1492.45,79767
2021-06-15 09:27:40,1492.45,79767
2021-06-15 09:27:41,1492.45,79767
2021-06-15 09:27:42,1492.45,80067
2021-06-15 09:27:43,1491.7,80542
2021-06-15 09:27:44,1491.7,80542
2021-06-15 09:27:45,1491.7,80719
2021-06-15 09:27:46,1491.7,81366
2021-06-15 09:27:47,1491.7,81366
2021-06-15 09:27:48,1491.7,81366
2021-06-15 09:27:49,1491.7,81543
2021-06-15 09:27:50,1491.0,81860
2021-06-15 09:27:51,1491.0,81860
2021-06-15 09:27:52,1491.0,81860
2021-06-15 09:27:53,1491.95,81870
2021-06-15 09:27:54,1491.95,81870
2021-06-15 09:27:55,1491.95,81870
2021-06-15 09:27:56,1491.0,81883
2021-06-15 09:27:58,1491.0,81896
2021-06-15 09:27:58,1491.0,81896
2021-06-15 09:27:59,1491.0,81909
2021-06-15 09:28:01,1491.95,81934
2021-06-15 09:28:02,1491.95,81955
2021-06-15 09:28:03,1491.95,81955
2021-06-15 09:28:05,1491.95,81955
2021-06-15 09:28:05,1491.95,81956
2021-06-15 09:28:06,1491.95,81956
2021-06-15 09:28:07,1492.2,82156
2021-06-15 09:28:08,1492.2,82156
2021-06-15 09:28:09,1492.2,82156
2021-06-15 09:28:10,1492.2,82156
2021-06-15 09:28:11,1490.0,83089
2021-06-15 09:28:12,1490.0,83089
2021-06-15 09:28:13,1490.0,83089
2021-06-15 09:28:14,1490.0,83096
2021-06-15 09:28:15,1490.7,83121
2021-06-15 09:28:16,1490.7,83121
2021-06-15 09:28:17,1490.0,83596
2021-06-15 09:28:18,1490.55,83608
2021-06-15 09:28:19,1490.55,83608
2021-06-15 09:28:20,1490.3,83755
2021-06-15 09:28:21,1490.0,83768
2021-06-15 09:28:22,1490.0,83781
2021-06-15 09:28:23,1490.15,83796
2021-06-15 09:28:24,1490.15,83796
2021-06-15 09:28:25,1490.0,83809
2021-06-15 09:28:26,1490.0,83809
2021-06-15 09:28:27,1490.0,83809
2021-06-15 09:28:28,1490.0,83822
2021-06-15 09:28:29,1490.0,83822
2021-06-15 09:28:30,1490.05,83826
2021-06-15 09:28:31,1490.1,83832
2021-06-15 09:28:33,1490.05,83921
2021-06-15 09:28:34,1490.15,83989
2021-06-15 09:28:35,1490.15,83989
2021-06-15 09:28:36,1490.15,83989
2021-06-15 09:28:37,1490.15,83989
2021-06-15 09:28:38,1490.15,83989
2021-06-15 09:28:39,1490.15,83989
2021-06-15 09:28:39,1490.15,83989
2021-06-15 09:28:40,1490.15,83989
2021-06-15 09:28:41,1490.15,83989
2021-06-15 09:28:42,1490.15,83989
2021-06-15 09:28:43,1490.15,83989
2021-06-15 09:28:44,1490.2,84001
2021-06-15 09:28:45,1490.95,84011
2021-06-15 09:28:46,1490.95,84011
2021-06-15 09:28:48,1491.1,84081
2021-06-15 09:28:49,1491.1,84081
2021-06-15 09:28:50,1491.1,84081
2021-06-15 09:28:51,1490.2,84101
2021-06-15 09:28:53,1490.2,84121
2021-06-15 09:28:55,1490.2,84403
2021-06-15 09:28:56,1490.2,84403
2021-06-15 09:28:57,1490.2,84403
2021-06-15 09:28:58,1490.2,84403
2021-06-15 09:28:59,1490.7,84408
2021-06-15 09:29:00,1490.7,84408
2021-06-15 09:29:02,1490.7,84408
2021-06-15 09:29:04,1490.7,84412
2021-06-15 09:29:05,1490.7,84412
2021-06-15 09:29:06,1490.7,84512
2021-06-15 09:29:07,1490.7,84512
2021-06-15 09:29:08,1490.45,84515
2021-06-15 09:29:09,1490.7,84516
2021-06-15 09:29:10,1490.7,84516
2021-06-15 09:29:11,1490.7,84516
2021-06-15 09:29:12,1490.7,84516
2021-06-15 09:29:13,1490.7,84646
2021-06-15 09:29:13,1490.45,84546
2021-06-15 09:29:14,1490.7,84681
2021-06-15 09:29:15,1490.7,84681
2021-06-15 09:29:16,1490.7,84681
2021-06-15 09:29:18,1490.7,84681
2021-06-15 09:29:19,1490.7,84681
2021-06-15 09:29:20,1490.7,84681
2021-06-15 09:29:21,1490.7,84681
2021-06-15 09:29:22,1490.75,84683
2021-06-15 09:29:23,1490.75,84683
2021-06-15 09:29:24,1490.75,84683
2021-06-15 09:29:25,1490.1,85174
2021-06-15 09:29:26,1490.1,85174
2021-06-15 09:29:27,1490.1,85174
2021-06-15 09:29:29,1490.0,85184
2021-06-15 09:29:31,1490.65,85204
2021-06-15 09:29:32,1490.0,85404
2021-06-15 09:29:33,1490.6,85405
2021-06-15 09:29:35,1490.3,85529
2021-06-15 09:29:38,1490.0,85888
2021-06-15 09:29:39,1490.0,85977
2021-06-15 09:29:42,1490.0,85977
2021-06-15 09:29:43,1490.0,85977
2021-06-15 09:29:44,1490.0,86037
2021-06-15 09:29:45,1490.0,86037
2021-06-15 09:29:46,1490.1,86047
2021-06-15 09:29:47,1490.0,86052
2021-06-15 09:29:48,1490.0,86052
2021-06-15 09:29:48,1490.0,88145
2021-06-15 09:29:49,1489.35,88176
2021-06-15 09:29:50,1489.35,88176
2021-06-15 09:29:51,1489.35,88277
2021-06-15 09:29:52,1489.0,88280
2021-06-15 09:29:53,1489.2,88310
2021-06-15 09:29:54,1489.2,88310
2021-06-15 09:29:55,1489.0,88410
2021-06-15 09:29:56,1489.1,88500
2021-06-15 09:29:58,1489.1,88500
2021-06-15 09:29:59,1489.1,88500
2021-06-15 09:30:00,1489.05,88501
2021-06-15 09:30:01,1489.05,88502
2021-06-15 09:30:02,1489.05,88553
2021-06-15 09:30:03,1489.05,88553
2021-06-15 09:30:04,1489.0,88557
2021-06-15 09:30:05,1489.05,88758
2021-06-15 09:30:06,1489.05,88759
2021-06-15 09:30:07,1489.05,88759
2021-06-15 09:30:08,1488.55,89035
2021-06-15 09:30:09,1489.05,89365
2021-06-15 09:30:10,1489.05,89385
2021-06-15 09:30:11,1489.05,89485
2021-06-15 09:30:12,1489.05,89485
2021-06-15 09:30:13,1488.65,89605
2021-06-15 09:30:14,1488.65,89605
2021-06-15 09:30:15,1488.5,89615
2021-06-15 09:30:16,1488.95,89630
2021-06-15 09:30:17,1488.5,89631
2021-06-15 09:30:18,1488.5,89656
2021-06-15 09:30:19,1488.5,89658
2021-06-15 09:30:20,1488.5,89671
2021-06-15 09:30:21,1488.5,89671
2021-06-15 09:30:22,1488.5,89684
2021-06-15 09:30:25,1488.95,89708
2021-06-15 09:30:27,1488.5,89845
2021-06-15 09:30:28,1488.5,89845
2021-06-15 09:30:29,1488.5,89854
2021-06-15 09:30:32,1488.5,89864
2021-06-15 09:30:33,1488.95,89999
2021-06-15 09:30:35,1489.0,90006
2021-06-15 09:30:36,1488.95,90019
2021-06-15 09:30:37,1489.0,90021
2021-06-15 09:30:38,1488.9,90091
2021-06-15 09:30:39,1488.95,90124
2021-06-15 09:30:40,1489.0,90217
2021-06-15 09:30:41,1488.8,90310
2021-06-15 09:30:42,1488.8,90340
2021-06-15 09:30:43,1488.8,90340
2021-06-15 09:30:44,1488.5,90351
2021-06-15 09:30:45,1488.55,90353
2021-06-15 09:30:46,1488.5,90360
2021-06-15 09:30:47,1488.5,90360
2021-06-15 09:30:47,1488.5,90360
2021-06-15 09:30:48,1488.5,90373
2021-06-15 09:30:49,1488.5,90373
2021-06-15 09:30:50,1488.45,90494
2021-06-15 09:30:51,1489.65,90644
2021-06-15 09:30:52,1488.95,90645
2021-06-15 09:30:53,1488.95,90645
2021-06-15 09:30:55,1488.45,90780
2021-06-15 09:30:57,1489.75,90883
2021-06-15 09:30:58,1489.75,90883
2021-06-15 09:30:58,1489.75,90883
2021-06-15 09:30:59,1489.75,90883
2021-06-15 09:31:00,1489.45,90890
2021-06-15 09:31:02,1489.9,90990
2021-06-15 09:31:03,1489.65,91000
2021-06-15 09:31:04,1489.65,91000
2021-06-15 09:31:05,1489.45,91013
2021-06-15 09:31:07,1489.5,91026
2021-06-15 09:31:08,1489.5,91026
2021-06-15 09:31:09,1489.5,91026
2021-06-15 09:31:10,1489.45,91040
2021-06-15 09:31:11,1489.45,91066
2021-06-15 09:31:12,1489.45,91069
2021-06-15 09:31:13,1489.0,91082
2021-06-15 09:31:14,1489.0,91082
2021-06-15 09:31:15,1489.0,91082
2021-06-15 09:31:16,1489.0,91085
2021-06-15 09:31:17,1489.0,91085
2021-06-15 09:31:18,1489.0,91098
2021-06-15 09:31:19,1489.0,91098
2021-06-15 09:31:23,1489.45,91148
2021-06-15 09:31:24,1489.65,91150
2021-06-15 09:31:25,1489.65,91150
2021-06-15 09:31:26,1489.65,91150
2021-06-15 09:31:27,1489.45,91151
2021-06-15 09:31:27,1489.65,91150
2021-06-15 09:31:28,1489.45,91151
2021-06-15 09:31:29,1489.7,91208
2021-06-15 09:31:30,1489.9,91222
2021-06-15 09:31:31,1489.05,91698
2021-06-15 09:31:32,1489.05,91700
2021-06-15 09:31:33,1490.0,92744
2021-06-15 09:31:34,1490.0,92744
2021-06-15 09:31:35,1490.2,92764
2021-06-15 09:31:36,1490.2,92764
2021-06-15 09:31:37,1489.0,92814
2021-06-15 09:31:38,1489.0,92930
2021-06-15 09:31:39,1489.35,92948
2021-06-15 09:31:40,1489.95,92963
2021-06-15 09:31:41,1489.1,92979
2021-06-15 09:31:42,1489.1,92979
2021-06-15 09:31:44,1490.3,93038
2021-06-15 09:31:44,1489.95,93028
2021-06-15 09:31:46,1490.75,93139
2021-06-15 09:31:47,1489.8,93152
2021-06-15 09:31:48,1489.8,93152
2021-06-15 09:31:49,1489.45,93179
2021-06-15 09:31:50,1489.45,93179
2021-06-15 09:31:51,1489.95,93192
2021-06-15 09:31:52,1489.95,93192
2021-06-15 09:31:53,1489.35,93205
2021-06-15 09:31:54,1489.35,93221
2021-06-15 09:31:55,1489.35,93221
2021-06-15 09:31:56,1490.5,94276
2021-06-15 09:31:57,1490.5,94276
2021-06-15 09:31:58,1490.5,94286
2021-06-15 09:31:59,1490.5,94295
2021-06-15 09:32:00,1490.5,94295
2021-06-15 09:32:01,1489.6,94409
2021-06-15 09:32:02,1490.5,94509
2021-06-15 09:32:03,1490.5,94509
2021-06-15 09:32:05,1490.45,94572
2021-06-15 09:32:05,1490.45,94572
2021-06-15 09:32:06,1489.5,94637
2021-06-15 09:32:07,1489.5,94637
2021-06-15 09:32:08,1489.8,94697
2021-06-15 09:32:09,1489.0,94710
2021-06-15 09:32:10,1489.65,94720
2021-06-15 09:32:11,1489.0,94727
2021-06-15 09:32:12,1489.0,94727
2021-06-15 09:32:13,1489.0,95037
2021-06-15 09:32:14,1489.0,95037
2021-06-15 09:32:15,1488.45,95260
2021-06-15 09:32:16,1488.45,95260
2021-06-15 09:32:17,1488.45,95260
2021-06-15 09:32:18,1488.45,95260
2021-06-15 09:32:19,1488.45,95260
2021-06-15 09:32:20,1488.45,95260
2021-06-15 09:32:21,1489.4,95321
2021-06-15 09:32:22,1489.4,95321
2021-06-15 09:32:23,1489.4,95324
2021-06-15 09:32:24,1489.4,95767
2021-06-15 09:32:25,1489.85,95892
2021-06-15 09:32:26,1489.85,95892
2021-06-15 09:32:28,1489.4,95918
2021-06-15 09:32:29,1489.4,95932
2021-06-15 09:32:30,1489.55,95945
2021-06-15 09:32:31,1489.55,95958
2021-06-15 09:32:33,1489.95,95987
2021-06-15 09:32:37,1489.55,96135
2021-06-15 09:32:40,1489.55,96162
2021-06-15 09:32:44,1490.3,96222
2021-06-15 09:32:51,1489.55,96357
2021-06-15 09:32:59,1488.5,97937
2021-06-15 09:33:03,1488.05,98307
2021-06-15 09:33:06,1488.6,98440
2021-06-15 09:33:10,1488.6,98440
2021-06-15 09:33:14,1489.55,98467
2021-06-15 09:33:18,1488.7,98482
2021-06-15 09:33:21,1488.7,98489
2021-06-15 09:33:25,1488.75,98505
2021-06-15 09:33:28,1488.6,98529
2021-06-15 09:33:32,1488.65,98544
2021-06-15 09:33:35,1488.8,98806
2021-06-15 09:33:39,1490.15,99106
2021-06-15 09:33:43,1489.55,99137
2021-06-15 09:33:46,1489.6,99163
2021-06-15 09:33:50,1489.6,99163
2021-06-15 09:33:54,1489.6,99217
2021-06-15 09:33:57,1488.8,99269
2021-06-15 09:34:00,1489.75,99369
2021-06-15 09:34:04,1489.75,99369
2021-06-15 09:34:07,1489.75,99369
2021-06-15 09:34:11,1489.0,99375
2021-06-15 09:34:14,1489.6,99387
2021-06-15 09:34:18,1489.65,99532
2021-06-15 09:34:22,1489.6,99599
2021-06-15 09:34:25,1489.6,99599
2021-06-15 09:34:29,1489.65,99649
2021-06-15 09:34:32,1489.5,99655
2021-06-15 09:34:36,1489.0,99755
2021-06-15 09:34:39,1489.5,99761
2021-06-15 09:34:43,1489.45,100478
2021-06-15 09:34:46,1489.45,100478
2021-06-15 09:34:50,1490.5,100488
2021-06-15 09:34:53,1490.5,100488
2021-06-15 09:34:57,1490.1,100723
2021-06-15 09:35:00,1491.2,100733
2021-06-15 09:35:03,1490.75,100883
2021-06-15 09:35:07,1490.75,100883
2021-06-15 09:35:11,1490.75,100883
2021-06-15 09:35:14,1490.75,100902
2021-06-15 09:35:18,1490.05,100928
2021-06-15 09:35:21,1491.0,100929
2021-06-15 09:35:25,1491.0,100929
2021-06-15 09:35:28,1491.0,100929
2021-06-15 09:35:32,1490.75,100982
2021-06-15 09:35:35,1490.75,100982
2021-06-15 09:35:39,1490.75,100982
2021-06-15 09:35:42,1490.75,100982
2021-06-15 09:35:45,1491.0,101057
2021-06-15 09:35:49,1490.3,101107
2021-06-15 09:35:52,1490.3,101107
2021-06-15 09:35:55,1490.75,101115
2021-06-15 09:35:59,1490.5,101123
2021-06-15 09:36:02,1490.3,101134
2021-06-15 09:36:06,1489.65,102083
2021-06-15 09:36:09,1490.0,102184
2021-06-15 09:36:12,1489.05,102284
2021-06-15 09:36:16,1489.05,102284
2021-06-15 09:36:19,1489.05,102284
2021-06-15 09:36:23,1489.05,102387
2021-06-15 09:36:26,1489.45,102457
2021-06-15 09:36:30,1489.5,102557
2021-06-15 09:36:34,1489.5,102557
2021-06-15 09:36:37,1489.55,102818
2021-06-15 09:36:41,1489.0,102830
2021-06-15 09:36:45,1489.55,102840
2021-06-15 09:36:48,1489.0,102845
2021-06-15 09:36:52,1489.5,102870
2021-06-15 09:36:55,1489.0,102920
2021-06-15 09:36:58,1489.55,102940
2021-06-15 09:37:01,1489.5,102950
2021-06-15 09:37:05,1489.5,102950
2021-06-15 09:37:08,1489.5,102950
2021-06-15 09:37:11,1489.55,102965
2021-06-15 09:37:15,1489.95,103016
2021-06-15 09:37:18,1490.0,103137
2021-06-15 09:37:22,1490.0,103137
2021-06-15 09:37:25,1489.85,103138
2021-06-15 09:37:29,1490.0,103140
2021-06-15 09:37:33,1490.0,103140
2021-06-15 09:37:34,1489.9,103320
2021-06-15 09:37:34,1489.9,103320
2021-06-15 09:37:35,1489.9,103320
2021-06-15 09:37:36,1490.6,103330
2021-06-15 09:37:37,1490.6,103330
2021-06-15 09:37:38,1490.6,103330
2021-06-15 09:37:39,1490.55,103376
2021-06-15 09:37:40,1490.55,103376
2021-06-15 09:37:41,1490.55,103376
2021-06-15 09:37:42,1490.55,103376
2021-06-15 09:37:43,1490.55,103376
2021-06-15 09:37:45,1490.0,103379
2021-06-15 09:37:46,1490.6,103392
2021-06-15 09:37:47,1489.65,103490
2021-06-15 09:37:48,1490.4,103521
2021-06-15 09:37:49,1489.65,103568
2021-06-15 09:37:50,1489.65,103568
2021-06-15 09:37:51,1489.65,103568
2021-06-15 09:37:53,1490.45,103609
2021-06-15 09:37:53,1490.45,103609
2021-06-15 09:37:54,1490.45,103609
2021-06-15 09:37:55,1490.4,103707
2021-06-15 09:37:56,1489.55,103755
2021-06-15 09:37:57,1489.3,104105
2021-06-15 09:37:58,1489.0,104155
2021-06-15 09:37:59,1489.0,104155
2021-06-15 09:38:00,1489.0,104155
2021-06-15 09:38:02,1489.6,104160
2021-06-15 09:38:03,1489.6,104166
2021-06-15 09:38:03,1489.6,104166
2021-06-15 09:38:05,1489.6,104166
2021-06-15 09:38:05,1489.6,104166
2021-06-15 09:38:06,1489.0,104226
2021-06-15 09:38:09,1489.0,104226
2021-06-15 09:38:10,1489.0,104226
2021-06-15 09:38:12,1489.0,104226
2021-06-15 09:38:13,1489.0,104226
2021-06-15 09:38:14,1489.0,104239
2021-06-15 09:38:15,1489.0,104239
2021-06-15 09:38:17,1489.0,104391
2021-06-15 09:38:17,1489.45,104409
2021-06-15 09:38:18,1489.45,104409
2021-06-15 09:38:19,1489.45,104410
2021-06-15 09:38:20,1489.0,104423
2021-06-15 09:38:21,1489.0,104573
2021-06-15 09:38:22,1489.0,104679
2021-06-15 09:38:23,1489.0,104679
2021-06-15 09:38:24,1489.0,104679
2021-06-15 09:38:25,1489.0,104679
2021-06-15 09:38:26,1489.0,104713
2021-06-15 09:38:27,1489.95,104890
2021-06-15 09:38:28,1489.95,104890
2021-06-15 09:38:30,1489.95,104890
2021-06-15 09:38:31,1489.95,104890
2021-06-15 09:38:33,1490.6,105012
2021-06-15 09:38:34,1490.6,105012
2021-06-15 09:38:35,1490.85,105014
2021-06-15 09:38:36,1491.0,105440
2021-06-15 09:38:37,1491.0,105453
2021-06-15 09:38:38,1491.0,105466
2021-06-15 09:38:39,1491.0,105485
2021-06-15 09:38:40,1491.0,105498
2021-06-15 09:38:41,1490.8,105512
2021-06-15 09:38:43,1490.8,105515
2021-06-15 09:38:44,1490.8,105515
2021-06-15 09:38:45,1490.8,105515
2021-06-15 09:38:46,1490.75,105590
2021-06-15 09:38:47,1490.75,105590
2021-06-15 09:38:49,1490.75,105590
2021-06-15 09:38:51,1490.75,105590
2021-06-15 09:38:52,1490.75,105590
2021-06-15 09:38:52,1490.75,105590
2021-06-15 09:38:53,1491.35,105592
2021-06-15 09:38:54,1491.35,105592
2021-06-15 09:38:56,1491.35,105592
2021-06-15 09:38:57,1490.4,105642
2021-06-15 09:38:58,1490.4,105642
2021-06-15 09:38:59,1491.0,105712
2021-06-15 09:39:00,1491.35,105752
2021-06-15 09:39:01,1491.35,105752
2021-06-15 09:39:02,1490.55,105759
2021-06-15 09:39:03,1491.35,105859
2021-06-15 09:39:04,1491.4,105882
2021-06-15 09:39:05,1491.4,105882
2021-06-15 09:39:06,1491.35,105883
2021-06-15 09:39:07,1491.35,105883
2021-06-15 09:39:08,1491.35,105883
2021-06-15 09:39:09,1491.4,105893
2021-06-15 09:39:10,1491.7,105950
2021-06-15 09:39:12,1491.7,105950
2021-06-15 09:39:12,1491.7,105950
2021-06-15 09:39:13,1491.35,105952
2021-06-15 09:39:15,1491.35,105952
2021-06-15 09:39:17,1491.35,105952
2021-06-15 09:39:18,1491.35,105952
2021-06-15 09:39:19,1491.35,105952
2021-06-15 09:39:19,1491.35,105952
2021-06-15 09:39:20,1491.35,105985
2021-06-15 09:39:22,1491.35,105985
2021-06-15 09:39:23,1491.35,105985
2021-06-15 09:39:24,1491.35,105985
2021-06-15 09:39:25,1491.35,105985
2021-06-15 09:39:26,1491.35,105985
2021-06-15 09:39:27,1491.35,105985
2021-06-15 09:39:28,1491.95,106235
2021-06-15 09:39:29,1491.95,106235
2021-06-15 09:39:30,1491.95,106235
2021-06-15 09:39:31,1491.95,106235
2021-06-15 09:39:32,1491.35,106236
2021-06-15 09:39:34,1491.35,106236
2021-06-15 09:39:36,1491.35,106236
2021-06-15 09:39:36,1491.35,106236
2021-06-15 09:39:37,1491.35,106236
2021-06-15 09:39:38,1491.35,106236
2021-06-15 09:39:39,1491.35,106236
2021-06-15 09:39:40,1491.35,106236
2021-06-15 09:39:42,1491.35,106363
2021-06-15 09:39:42,1491.85,106423
2021-06-15 09:39:43,1491.35,106449
2021-06-15 09:39:44,1491.35,106449
2021-06-15 09:39:46,1491.35,106449
2021-06-15 09:39:47,1491.35,106449
2021-06-15 09:39:49,1491.35,106453
2021-06-15 09:39:50,1491.35,106453
2021-06-15 09:39:51,1491.35,106453
2021-06-15 09:39:51,1491.35,106453
2021-06-15 09:39:52,1491.15,106503
2021-06-15 09:39:54,1491.0,106715
2021-06-15 09:39:55,1490.75,106725
2021-06-15 09:39:56,1490.5,106818
2021-06-15 09:39:56,1490.5,106818
2021-06-15 09:39:57,1490.5,106818
2021-06-15 09:39:58,1490.5,106818
2021-06-15 09:39:59,1490.35,106919
2021-06-15 09:40:00,1490.35,106919
2021-06-15 09:40:01,1490.35,106919
2021-06-15 09:40:03,1490.35,106919
2021-06-15 09:40:03,1490.35,106919
2021-06-15 09:40:04,1491.0,107019
2021-06-15 09:40:05,1490.35,107069
2021-06-15 09:40:06,1490.35,107069
2021-06-15 09:40:08,1490.35,107069
2021-06-15 09:40:09,1490.35,107069
2021-06-15 09:40:09,1490.35,107069
2021-06-15 09:40:11,1490.35,107069
2021-06-15 09:40:12,1490.35,107069
2021-06-15 09:40:14,1490.35,107110
2021-06-15 09:40:15,1490.35,107110
2021-06-15 09:40:16,1490.5,107112
2021-06-15 09:40:16,1490.5,107112
2021-06-15 09:40:17,1490.35,107137
2021-06-15 09:40:18,1490.35,107137
2021-06-15 09:40:19,1490.35,107372
2021-06-15 09:40:20,1490.35,107422
2021-06-15 09:40:21,1490.35,107422
2021-06-15 09:40:25,1490.35,107423
2021-06-15 09:40:26,1490.35,107423
2021-06-15 09:40:27,1490.5,107463
2021-06-15 09:40:27,1490.5,107463
2021-06-15 09:40:28,1490.5,107463
2021-06-15 09:40:29,1490.5,107463
2021-06-15 09:40:31,1490.5,107463
2021-06-15 09:40:31,1490.5,107463
2021-06-15 09:40:32,1490.5,107463
2021-06-15 09:40:33,1490.5,107463
2021-06-15 09:40:35,1490.5,107463
2021-06-15 09:40:36,1490.5,107469
2021-06-15 09:40:37,1490.5,107474
2021-06-15 09:40:38,1490.5,107474
2021-06-15 09:40:38,1490.5,107474
2021-06-15 09:40:39,1490.2,108527
2021-06-15 09:40:40,1490.2,108527
2021-06-15 09:40:41,1490.2,108527
2021-06-15 09:40:42,1489.6,108537
2021-06-15 09:40:43,1489.6,108537
2021-06-15 09:40:44,1489.6,108537
2021-06-15 09:40:45,1489.6,108537
2021-06-15 09:40:46,1489.6,108537
2021-06-15 09:40:47,1489.6,108537
2021-06-15 09:40:48,1489.6,108537
2021-06-15 09:40:50,1489.95,108562
2021-06-15 09:40:50,1489.95,108563
2021-06-15 09:40:51,1489.95,108563
2021-06-15 09:40:52,1489.95,108563
2021-06-15 09:40:53,1489.95,108563
2021-06-15 09:40:55,1490.05,108610
2021-06-15 09:40:56,1490.05,108610
2021-06-15 09:40:58,1489.7,108623
2021-06-15 09:40:59,1489.95,108657
2021-06-15 09:41:00,1489.65,108726
2021-06-15 09:41:00,1489.6,108739
2021-06-15 09:41:02,1489.6,108744
2021-06-15 09:41:02,1489.6,108757
2021-06-15 09:41:03,1489.6,108757
2021-06-15 09:41:06,1489.6,108757
2021-06-15 09:41:06,1489.6,108757
2021-06-15 09:41:07,1489.2,108858
2021-06-15 09:41:09,1489.2,108858
2021-06-15 09:41:09,1490.0,108870
2021-06-15 09:41:11,1489.2,108872
2021-06-15 09:41:12,1490.0,108922
2021-06-15 09:41:13,1489.3,109093
2021-06-15 09:41:14,1489.3,109093
2021-06-15 09:41:16,1489.3,109093
2021-06-15 09:41:17,1489.3,109093
2021-06-15 09:41:18,1489.3,109093
2021-06-15 09:41:18,1489.3,109093
2021-06-15 09:41:19,1489.3,109093
2021-06-15 09:41:20,1489.8,109095
2021-06-15 09:41:22,1489.8,109095
2021-06-15 09:41:23,1489.8,109095
2021-06-15 09:41:24,1489.8,109095
2021-06-15 09:41:25,1489.8,109095
2021-06-15 09:41:26,1489.8,109102
2021-06-15 09:41:27,1489.8,109102
2021-06-15 09:41:28,1489.0,109752
2021-06-15 09:41:29,1489.0,109752
2021-06-15 09:41:31,1489.0,109752
2021-06-15 09:41:32,1489.0,109752
2021-06-15 09:41:34,1489.8,109787
2021-06-15 09:41:34,1489.8,109797
2021-06-15 09:41:35,1489.8,109797
2021-06-15 09:41:37,1489.8,109797
2021-06-15 09:41:38,1489.8,109797
2021-06-15 09:41:39,1489.8,109797
2021-06-15 09:41:40,1490.2,109897
2021-06-15 09:41:41,1490.2,109897
2021-06-15 09:41:42,1490.2,109897
2021-06-15 09:41:42,1490.2,109897
2021-06-15 09:41:44,1490.2,109897
2021-06-15 09:41:44,1490.2,109897
2021-06-15 09:41:45,1490.2,109897
2021-06-15 09:41:46,1490.2,109897
2021-06-15 09:41:47,1490.2,109897
2021-06-15 09:41:48,1490.2,109897
2021-06-15 09:41:49,1490.2,109897
2021-06-15 09:41:50,1489.3,109947
2021-06-15 09:41:53,1489.35,110027
2021-06-15 09:41:54,1489.35,110027
2021-06-15 09:41:54,1489.35,110027
2021-06-15 09:41:56,1490.0,110032
2021-06-15 09:41:56,1490.0,110032
2021-06-15 09:41:58,1489.3,110042
2021-06-15 09:41:59,1489.3,110042
2021-06-15 09:42:00,1489.3,110042
2021-06-15 09:42:01,1489.3,110042
2021-06-15 09:42:02,1489.3,110042
2021-06-15 09:42:03,1489.3,110052
2021-06-15 09:42:04,1489.3,110052
2021-06-15 09:42:04,1489.3,110052
2021-06-15 09:42:06,1490.0,110062
2021-06-15 09:42:07,1489.2,110073
2021-06-15 09:42:08,1489.2,110073
2021-06-15 09:42:08,1489.2,110073
2021-06-15 09:42:09,1489.2,110073
2021-06-15 09:42:12,1489.2,110083
2021-06-15 09:42:13,1490.0,110133
2021-06-15 09:42:14,1490.0,110133
2021-06-15 09:42:14,1490.0,110133
2021-06-15 09:42:15,1490.0,110133
2021-06-15 09:42:17,1489.2,110158
2021-06-15 09:42:18,1489.2,110158
2021-06-15 09:42:19,1489.2,110160
2021-06-15 09:42:21,1489.2,110190
2021-06-15 09:42:22,1489.2,110357
2021-06-15 09:42:23,1489.2,110357
2021-06-15 09:42:24,1489.2,110357
2021-06-15 09:42:25,1490.0,110465
2021-06-15 09:42:26,1490.0,110465
2021-06-15 09:42:27,1490.0,110485
2021-06-15 09:42:29,1490.0,110485
2021-06-15 09:42:30,1489.95,110515
2021-06-15 09:42:31,1489.95,110515
2021-06-15 09:42:32,1489.95,110515
2021-06-15 09:42:33,1489.95,110515
2021-06-15 09:42:35,1489.95,110515
2021-06-15 09:42:35,1489.95,110515
2021-06-15 09:42:37,1489.95,110854
2021-06-15 09:42:38,1489.5,110983
2021-06-15 09:42:39,1489.4,111185
2021-06-15 09:42:40,1489.4,111185
2021-06-15 09:42:41,1489.4,111185
2021-06-15 09:42:42,1489.4,111185
2021-06-15 09:42:43,1489.4,111185
2021-06-15 09:42:46,1489.4,111185
2021-06-15 09:42:47,1490.6,111385
2021-06-15 09:42:48,1489.7,111397
2021-06-15 09:42:48,1489.7,111397
2021-06-15 09:42:51,1489.7,111397
2021-06-15 09:42:51,1489.7,111397
2021-06-15 09:42:52,1489.7,111397
2021-06-15 09:42:53,1489.7,111397
2021-06-15 09:42:55,1489.7,111397
2021-06-15 09:42:56,1489.7,111397
2021-06-15 09:42:57,1489.7,111397
2021-06-15 09:42:58,1489.7,111397
2021-06-15 09:42:59,1489.7,111397
2021-06-15 09:43:00,1489.7,111397
2021-06-15 09:43:01,1489.7,111397
2021-06-15 09:43:02,1490.45,111433
2021-06-15 09:43:02,1490.45,111512
2021-06-15 09:43:04,1490.6,111562
2021-06-15 09:43:06,1490.55,111586
2021-06-15 09:43:06,1490.55,111586
2021-06-15 09:43:08,1490.65,111635
2021-06-15 09:43:08,1490.65,111635
2021-06-15 09:43:12,1490.7,111638
2021-06-15 09:43:13,1490.7,111638
2021-06-15 09:43:15,1490.7,111638
2021-06-15 09:43:16,1490.7,111638
2021-06-15 09:43:17,1490.85,111749
2021-06-15 09:43:18,1490.85,111749
2021-06-15 09:43:20,1490.85,111749
2021-06-15 09:43:20,1490.85,111749
2021-06-15 09:43:21,1490.55,111761
2021-06-15 09:43:23,1490.55,111761
2021-06-15 09:43:24,1490.55,111775
2021-06-15 09:43:25,1490.55,111775
2021-06-15 09:43:26,1490.55,111775
2021-06-15 09:43:27,1490.55,111775
2021-06-15 09:43:28,1490.55,111775
2021-06-15 09:43:29,1489.45,112275
2021-06-15 09:43:29,1489.45,112275
2021-06-15 09:43:30,1489.45,112275
2021-06-15 09:43:31,1489.45,112275
2021-06-15 09:43:33,1489.7,112285
2021-06-15 09:43:35,1489.7,112386
2021-06-15 09:43:36,1490.5,112412
2021-06-15 09:43:36,1490.5,112412
2021-06-15 09:43:38,1490.5,112412
2021-06-15 09:43:39,1490.5,112412
2021-06-15 09:43:41,1490.5,112433
2021-06-15 09:43:42,1490.4,112438
2021-06-15 09:43:43,1490.4,112438
2021-06-15 09:43:43,1490.4,112438
2021-06-15 09:43:44,1490.4,112438
2021-06-15 09:43:46,1490.4,112438
2021-06-15 09:43:47,1490.4,112438
2021-06-15 09:43:48,1490.6,112617
2021-06-15 09:43:49,1489.55,112666
2021-06-15 09:43:50,1489.55,112666
2021-06-15 09:43:51,1490.5,112671
2021-06-15 09:43:52,1490.5,112671
2021-06-15 09:43:53,1490.5,112671
2021-06-15 09:43:54,1490.5,112671
2021-06-15 09:43:55,1490.8,112785
2021-06-15 09:43:56,1490.8,112785
2021-06-15 09:43:57,1490.45,112786
2021-06-15 09:43:58,1490.45,112786
2021-06-15 09:43:59,1490.45,112786
2021-06-15 09:44:00,1490.45,112786
2021-06-15 09:44:01,1490.45,112786
2021-06-15 09:44:02,1490.45,112786
2021-06-15 09:44:03,1490.45,112786
2021-06-15 09:44:04,1490.45,112790
2021-06-15 09:44:05,1489.75,112805
2021-06-15 09:44:06,1489.75,112805
2021-06-15 09:44:07,1489.75,112805
2021-06-15 09:44:08,1489.75,112805
2021-06-15 09:44:10,1489.75,112805
2021-06-15 09:44:12,1489.75,112805
2021-06-15 09:44:13,1489.75,112870
2021-06-15 09:44:14,1489.8,113033
2021-06-15 09:44:15,1489.8,113033
2021-06-15 09:44:16,1490.5,113058
2021-06-15 09:44:17,1490.5,113058
2021-06-15 09:44:18,1490.5,113058
2021-06-15 09:44:19,1490.5,113058
2021-06-15 09:44:20,1490.5,113058
2021-06-15 09:44:21,1490.5,113058
2021-06-15 09:44:22,1490.5,113078
2021-06-15 09:44:23,1490.5,113078
2021-06-15 09:44:23,1489.85,113143
2021-06-15 09:44:24,1489.8,113151
2021-06-15 09:44:25,1489.8,113151
2021-06-15 09:44:27,1489.8,113151
2021-06-15 09:44:28,1489.8,113151
2021-06-15 09:44:28,1489.8,113151
2021-06-15 09:44:30,1489.8,113151
2021-06-15 09:44:30,1490.5,113183
2021-06-15 09:44:32,1490.5,113183
2021-06-15 09:44:33,1490.5,113183
2021-06-15 09:44:34,1490.5,113183
2021-06-15 09:44:35,1490.5,113183
2021-06-15 09:44:36,1490.5,113183
2021-06-15 09:44:37,1490.5,113183
2021-06-15 09:44:38,1490.5,113183
2021-06-15 09:44:39,1490.5,113183
2021-06-15 09:44:40,1490.5,113183
2021-06-15 09:44:41,1490.5,113183
2021-06-15 09:44:42,1490.5,113183
2021-06-15 09:44:43,1490.5,113183
2021-06-15 09:44:44,1490.5,113183
2021-06-15 09:44:45,1490.5,113183
2021-06-15 09:44:45,1490.5,113483
2021-06-15 09:44:46,1490.5,113483
2021-06-15 09:44:47,1490.5,113488
2021-06-15 09:44:48,1491.0,113588
2021-06-15 09:44:49,1491.0,113590
2021-06-15 09:44:50,1491.0,113590
2021-06-15 09:44:51,1491.0,113600
2021-06-15 09:44:53,1491.0,113600
2021-06-15 09:44:54,1491.0,113600
2021-06-15 09:44:55,1491.0,113602
2021-06-15 09:44:56,1491.0,113604
2021-06-15 09:44:57,1491.0,113604
2021-06-15 09:44:58,1491.0,113604
2021-06-15 09:44:59,1491.0,113604
2021-06-15 09:45:00,1491.0,113604
2021-06-15 09:45:01,1491.0,113638
2021-06-15 09:45:02,1491.0,113638
2021-06-15 09:45:03,1491.0,113638
2021-06-15 09:45:04,1491.0,113638
2021-06-15 09:45:06,1490.75,113726
2021-06-15 09:45:07,1490.75,113726
2021-06-15 09:45:08,1490.75,113726
2021-06-15 09:45:09,1490.75,113726
2021-06-15 09:45:10,1490.75,113726
2021-06-15 09:45:11,1490.75,113726
2021-06-15 09:45:12,1490.75,113726
2021-06-15 09:45:13,1490.75,113726
2021-06-15 09:45:13,1490.75,113726
2021-06-15 09:45:14,1490.75,113726
2021-06-15 09:45:16,1491.0,113728
2021-06-15 09:45:17,1490.75,113729
2021-06-15 09:45:18,1490.75,113729
2021-06-15 09:45:19,1490.75,113739
2021-06-15 09:45:20,1490.75,113739
2021-06-15 09:45:21,1490.75,113739
2021-06-15 09:45:22,1490.75,113739
2021-06-15 09:45:23,1490.75,113739
2021-06-15 09:45:25,1490.75,113773
2021-06-15 09:45:26,1490.75,113828
2021-06-15 09:45:27,1490.75,113828
2021-06-15 09:45:28,1490.75,113828
2021-06-15 09:45:29,1490.75,113828
2021-06-15 09:45:30,1490.75,113828
2021-06-15 09:45:31,1490.75,113861
2021-06-15 09:45:32,1490.75,113876
2021-06-15 09:45:33,1490.75,113876
2021-06-15 09:45:34,1490.75,113876
2021-06-15 09:45:39,1490.95,113981
2021-06-15 09:45:40,1490.95,113981
2021-06-15 09:45:42,1490.95,113981
2021-06-15 09:45:43,1490.95,113981
2021-06-15 09:45:45,1490.95,113981
2021-06-15 09:45:44,1490.95,113981
2021-06-15 09:45:46,1490.95,113981
2021-06-15 09:45:47,1490.95,113981
2021-06-15 09:45:48,1490.95,113981
2021-06-15 09:45:49,1490.95,113981
2021-06-15 09:45:50,1490.95,113983
2021-06-15 09:45:51,1490.95,113983
2021-06-15 09:45:52,1490.95,113983
2021-06-15 09:45:54,1490.95,113983
2021-06-15 09:45:55,1490.95,113983
2021-06-15 09:45:57,1490.95,113983
2021-06-15 09:45:58,1490.95,113983
2021-06-15 09:45:59,1490.95,113983
2021-06-15 09:46:00,1490.95,113983
2021-06-15 09:46:01,1490.9,113986
2021-06-15 09:46:02,1490.5,113999
2021-06-15 09:46:03,1490.3,114012
2021-06-15 09:46:04,1490.3,114025
2021-06-15 09:46:05,1491.0,114073
2021-06-15 09:46:06,1491.0,114088
2021-06-15 09:46:07,1491.0,114088
2021-06-15 09:46:08,1491.0,114088
2021-06-15 09:46:09,1491.0,114088
2021-06-15 09:46:10,1491.0,114088
2021-06-15 09:46:11,1491.0,114088
2021-06-15 09:46:12,1491.0,114088
2021-06-15 09:46:13,1491.8,114091
2021-06-15 09:46:14,1491.8,114091
2021-06-15 09:46:15,1491.8,114091
2021-06-15 09:46:16,1491.8,114101
2021-06-15 09:46:17,1492.0,114236
2021-06-15 09:46:18,1492.0,114236
2021-06-15 09:46:19,1492.0,114236
2021-06-15 09:46:20,1491.75,114239
2021-06-15 09:46:21,1491.75,114239
2021-06-15 09:46:22,1491.75,114239
2021-06-15 09:46:23,1491.0,114269
2021-06-15 09:46:24,1491.0,114269
2021-06-15 09:46:25,1491.0,114269
2021-06-15 09:46:27,1491.0,114269
2021-06-15 09:46:26,1491.0,114269
2021-06-15 09:46:28,1491.0,114269
2021-06-15 09:46:29,1491.0,114269
2021-06-15 09:46:30,1491.0,114269
2021-06-15 09:46:31,1491.0,114269
2021-06-15 09:46:32,1491.0,114269
2021-06-15 09:46:33,1491.45,114277
2021-06-15 09:46:34,1491.45,114277
2021-06-15 09:46:35,1491.45,114277
2021-06-15 09:46:36,1491.45,114391
2021-06-15 09:46:37,1490.85,114442
2021-06-15 09:46:38,1490.85,114442
2021-06-15 09:46:39,1491.65,114491
2021-06-15 09:46:40,1490.8,114495
2021-06-15 09:46:41,1491.8,114745
2021-06-15 09:46:42,1491.8,114745
2021-06-15 09:46:43,1491.8,114745
2021-06-15 09:46:44,1491.8,114745
2021-06-15 09:46:45,1491.8,114745
2021-06-15 09:46:46,1491.8,114745
2021-06-15 09:46:47,1491.8,114745
2021-06-15 09:46:48,1491.8,114745
2021-06-15 09:46:49,1491.6,114749
2021-06-15 09:46:50,1491.6,114749
2021-06-15 09:46:51,1491.6,114749
2021-06-15 09:46:52,1491.6,114749
2021-06-15 09:46:53,1491.6,114749
2021-06-15 09:46:54,1491.6,114749
2021-06-15 09:46:56,1490.8,114798
2021-06-15 09:46:57,1490.8,114798
2021-06-15 09:46:58,1490.8,114798
2021-06-15 09:46:59,1490.8,114798
2021-06-15 09:47:00,1490.8,114798
2021-06-15 09:47:01,1490.8,114798
2021-06-15 09:47:02,1490.8,114798
2021-06-15 09:47:03,1490.8,114811
2021-06-15 09:47:04,1490.8,114811
2021-06-15 09:47:05,1490.8,114811
2021-06-15 09:47:06,1490.8,114811
2021-06-15 09:47:07,1490.8,114811
2021-06-15 09:47:08,1490.8,114811
2021-06-15 09:47:09,1490.8,114812
2021-06-15 09:47:10,1490.8,114812
2021-06-15 09:47:11,1490.8,114812
2021-06-15 09:47:12,1490.8,114812
2021-06-15 09:47:13,1490.8,114812
2021-06-15 09:47:14,1490.85,114814
2021-06-15 09:47:15,1490.85,114819
2021-06-15 09:47:16,1490.85,114819
2021-06-15 09:47:18,1490.85,114819
2021-06-15 09:47:19,1490.85,114819
2021-06-15 09:47:20,1490.85,114819
2021-06-15 09:47:21,1490.85,114819
2021-06-15 09:47:22,1490.85,114819
2021-06-15 09:47:23,1490.85,114819
2021-06-15 09:47:24,1490.85,114819
2021-06-15 09:47:26,1490.85,114819
2021-06-15 09:47:27,1490.85,114819
2021-06-15 09:47:28,1490.85,114819
2021-06-15 09:47:30,1490.85,114819
2021-06-15 09:47:31,1490.85,114819
2021-06-15 09:47:32,1490.85,114819
2021-06-15 09:47:33,1491.55,114824
2021-06-15 09:47:34,1491.75,114924
2021-06-15 09:47:35,1491.75,114924
2021-06-15 09:47:36,1491.8,115028
2021-06-15 09:47:37,1491.8,115028
2021-06-15 09:47:38,1491.8,115028
2021-06-15 09:47:39,1491.8,115048
2021-06-15 09:47:40,1491.8,115048
2021-06-15 09:47:41,1491.8,115048
2021-06-15 09:47:42,1491.8,115048
2021-06-15 09:47:43,1491.8,115048
2021-06-15 09:47:44,1491.8,115048
2021-06-15 09:47:45,1491.65,115083
2021-06-15 09:47:46,1491.65,115083
2021-06-15 09:47:51,1490.8,115236
2021-06-15 09:47:52,1490.8,115236
2021-06-15 09:47:53,1490.8,115236
2021-06-15 09:47:54,1490.8,115236
2021-06-15 09:47:54,1490.8,115236
2021-06-15 09:47:56,1490.8,115236
2021-06-15 09:47:57,1490.8,115236
2021-06-15 09:47:58,1490.0,116226
2021-06-15 09:47:59,1489.5,116701
2021-06-15 09:48:01,1489.5,116701
2021-06-15 09:48:02,1489.5,116701
2021-06-15 09:48:02,1489.5,116701
2021-06-15 09:48:05,1490.55,116781
2021-06-15 09:48:06,1490.55,116813
2021-06-15 09:48:07,1490.0,116823
2021-06-15 09:48:08,1490.0,116823
2021-06-15 09:48:09,1490.0,116823
2021-06-15 09:48:11,1490.0,116823
2021-06-15 09:48:12,1490.0,116823
2021-06-15 09:48:12,1490.0,116823
2021-06-15 09:48:13,1490.0,116823
2021-06-15 09:48:14,1490.2,116927
2021-06-15 09:48:15,1490.15,117027
2021-06-15 09:48:16,1490.15,117027
2021-06-15 09:48:17,1490.15,117027
2021-06-15 09:48:18,1490.15,117027
2021-06-15 09:48:19,1490.15,117027
2021-06-15 09:48:20,1490.15,117027
2021-06-15 09:48:21,1490.15,117027
2021-06-15 09:48:22,1490.15,117027
2021-06-15 09:48:23,1490.0,117034
2021-06-15 09:48:24,1490.0,117035
2021-06-15 09:48:26,1490.0,117035
2021-06-15 09:48:27,1490.4,117069
2021-06-15 09:48:28,1490.4,117069
2021-06-15 09:48:28,1490.4,117069
2021-06-15 09:48:29,1490.4,117069
2021-06-15 09:48:30,1490.4,117069
2021-06-15 09:48:31,1490.4,117069
2021-06-15 09:48:32,1490.4,117069
2021-06-15 09:48:33,1490.4,117069
2021-06-15 09:48:34,1490.4,117069
2021-06-15 09:48:35,1490.4,117069
2021-06-15 09:48:36,1490.0,117071
2021-06-15 09:48:37,1490.0,117071
2021-06-15 09:48:38,1490.0,117071
2021-06-15 09:48:39,1490.0,117071
2021-06-15 09:48:40,1491.0,117314
2021-06-15 09:48:41,1490.75,117323
2021-06-15 09:48:43,1490.75,117323
2021-06-15 09:48:44,1490.75,117323
2021-06-15 09:48:45,1490.75,117323
2021-06-15 09:48:45,1490.75,117323
2021-06-15 09:48:46,1490.75,117323
2021-06-15 09:48:47,1490.75,117323
2021-06-15 09:48:48,1490.75,117323
2021-06-15 09:48:49,1490.75,117323
2021-06-15 09:48:50,1490.75,117323
2021-06-15 09:48:51,1490.75,117323
2021-06-15 09:48:52,1490.75,117323
2021-06-15 09:48:53,1490.75,117323
2021-06-15 09:48:54,1490.75,117323
2021-06-15 09:48:56,1490.8,117324
2021-06-15 09:48:57,1490.8,117337
2021-06-15 09:48:58,1490.8,117337
2021-06-15 09:48:59,1490.8,117337
2021-06-15 09:49:00,1490.8,117337
2021-06-15 09:49:01,1490.8,117337
2021-06-15 09:49:02,1490.8,117337
2021-06-15 09:49:03,1490.8,117337
2021-06-15 09:49:04,1490.8,117337
2021-06-15 09:49:05,1490.8,117337
2021-06-15 09:49:06,1490.8,117337
2021-06-15 09:49:07,1490.8,117337
2021-06-15 09:49:08,1490.8,117337
2021-06-15 09:49:09,1491.3,117387
2021-06-15 09:49:10,1490.8,117397
2021-06-15 09:49:11,1490.8,117397
2021-06-15 09:49:12,1491.45,117401
2021-06-15 09:49:13,1491.45,117401
2021-06-15 09:49:14,1491.45,117401
2021-06-15 09:49:15,1491.45,117401
2021-06-15 09:49:16,1491.45,117401
2021-06-15 09:49:17,1491.45,117401
2021-06-15 09:49:19,1491.45,117401
2021-06-15 09:49:23,1490.8,117471
2021-06-15 09:49:24,1490.8,117571
2021-06-15 09:49:24,1490.8,117571
2021-06-15 09:49:26,1490.8,117571
2021-06-15 09:49:28,1490.85,117577
2021-06-15 09:49:29,1490.85,117577
2021-06-15 09:49:30,1490.85,117577
2021-06-15 09:49:31,1490.85,117577
2021-06-15 09:49:32,1490.85,117577
2021-06-15 09:49:33,1490.8,117627
2021-06-15 09:49:35,1490.8,117627
2021-06-15 09:49:37,1490.8,117627
2021-06-15 09:49:37,1490.8,117627
2021-06-15 09:49:39,1490.8,117627
2021-06-15 09:49:39,1490.8,117627
2021-06-15 09:49:41,1490.8,117627
2021-06-15 09:49:41,1490.8,117627
2021-06-15 09:49:42,1490.8,117627
2021-06-15 09:49:44,1490.8,117640
2021-06-15 09:49:45,1490.8,117653
2021-06-15 09:49:45,1490.15,117903
2021-06-15 09:49:46,1490.9,117953
2021-06-15 09:49:49,1490.85,117979
2021-06-15 09:49:50,1490.85,117979
2021-06-15 09:49:51,1490.85,117979
2021-06-15 09:49:52,1490.85,117979
2021-06-15 09:49:53,1491.5,119505
2021-06-15 09:49:54,1491.5,119505
2021-06-15 09:49:55,1491.35,119635
2021-06-15 09:49:56,1491.35,119635
2021-06-15 09:49:58,1491.95,119645
2021-06-15 09:49:59,1491.95,119645
2021-06-15 09:50:00,1491.95,119645
2021-06-15 09:50:02,1491.95,119645
2021-06-15 09:50:03,1491.95,119645
2021-06-15 09:50:04,1491.35,119658
2021-06-15 09:50:05,1491.35,119658
2021-06-15 09:50:05,1491.35,119658
2021-06-15 09:50:07,1491.35,119658
2021-06-15 09:50:08,1491.35,119658
2021-06-15 09:50:08,1491.35,119658
2021-06-15 09:50:12,1491.85,119673
2021-06-15 09:50:12,1491.85,119673
2021-06-15 09:50:13,1491.85,119673
2021-06-15 09:50:14,1491.85,119673
2021-06-15 09:50:15,1491.85,119673
2021-06-15 09:50:16,1491.7,119674
2021-06-15 09:50:17,1490.9,119727
2021-06-15 09:50:18,1490.85,119740
2021-06-15 09:50:19,1491.65,119790
2021-06-15 09:50:21,1491.65,119790
2021-06-15 09:50:21,1491.65,119790
2021-06-15 09:50:22,1490.85,119799
2021-06-15 09:50:24,1490.85,119799
2021-06-15 09:50:25,1490.85,119799
2021-06-15 09:50:26,1490.85,119799
2021-06-15 09:50:27,1490.85,119809
2021-06-15 09:50:28,1490.85,119809
2021-06-15 09:50:28,1490.85,119809
2021-06-15 09:50:29,1490.85,119809
2021-06-15 09:50:30,1490.85,119809
2021-06-15 09:50:31,1490.85,119809
2021-06-15 09:50:32,1490.85,119809
2021-06-15 09:50:33,1490.85,119809
2021-06-15 09:50:34,1490.85,119809
2021-06-15 09:50:35,1490.85,119809
2021-06-15 09:50:37,1490.85,119809
2021-06-15 09:50:38,1490.85,119809
2021-06-15 09:50:39,1490.85,119809
2021-06-15 09:50:40,1490.85,119809
2021-06-15 09:50:42,1490.85,119809
2021-06-15 09:50:43,1490.85,119809
2021-06-15 09:50:44,1490.85,119809
2021-06-15 09:50:45,1490.85,119809
2021-06-15 09:50:46,1490.85,119809
2021-06-15 09:50:50,1491.5,119853
2021-06-15 09:50:51,1491.5,119853
2021-06-15 09:50:51,1491.5,119853
2021-06-15 09:50:52,1491.5,119853
2021-06-15 09:50:56,1491.5,119853
2021-06-15 09:50:58,1490.95,119891
2021-06-15 09:50:59,1490.95,119891
2021-06-15 09:50:59,1490.95,119891
2021-06-15 09:51:00,1491.5,120000
2021-06-15 09:51:02,1492.0,120100
2021-06-15 09:51:02,1492.0,120100
2021-06-15 09:51:03,1491.1,120105
2021-06-15 09:51:04,1491.1,120105
2021-06-15 09:51:05,1491.1,120105
2021-06-15 09:51:06,1491.75,120107
2021-06-15 09:51:07,1491.75,120107
2021-06-15 09:51:08,1491.75,120205
2021-06-15 09:51:09,1491.75,120205
2021-06-15 09:51:10,1492.75,121085
2021-06-15 09:51:12,1492.75,121085
2021-06-15 09:51:13,1492.75,121085
2021-06-15 09:51:14,1492.25,121485
2021-06-15 09:51:15,1493.0,121527
2021-06-15 09:51:16,1493.0,121527
2021-06-15 09:51:18,1492.45,121627
2021-06-15 09:51:20,1492.45,121627
2021-06-15 09:51:21,1492.45,121627
2021-06-15 09:51:22,1492.45,121627
2021-06-15 09:51:23,1492.4,121628
2021-06-15 09:51:25,1492.45,121654
2021-06-15 09:51:26,1492.45,121672
2021-06-15 09:51:27,1492.45,121686
2021-06-15 09:51:27,1492.45,121699
2021-06-15 09:51:28,1492.45,121733
2021-06-15 09:51:30,1492.9,121803
2021-06-15 09:51:30,1492.9,121803
2021-06-15 09:51:31,1492.9,121803
2021-06-15 09:51:32,1492.9,121803
2021-06-15 09:51:34,1492.3,121823
2021-06-15 09:51:36,1492.2,121836
2021-06-15 09:51:36,1492.2,121836
2021-06-15 09:51:37,1492.2,121836
2021-06-15 09:51:38,1492.2,121836
2021-06-15 09:51:39,1492.2,121836
2021-06-15 09:51:40,1492.2,121836
2021-06-15 09:51:41,1492.15,121849
2021-06-15 09:51:43,1492.4,121864
2021-06-15 09:51:44,1492.4,121864
2021-06-15 09:51:45,1492.15,122048
2021-06-15 09:51:46,1492.15,122048
2021-06-15 09:51:46,1492.25,122123
2021-06-15 09:51:47,1492.25,122123
2021-06-15 09:51:48,1492.35,122168
2021-06-15 09:51:50,1492.35,122168
2021-06-15 09:51:51,1492.35,122168
2021-06-15 09:51:51,1492.35,122168
2021-06-15 09:51:53,1491.65,122238
2021-06-15 09:51:55,1491.65,122238
2021-06-15 09:51:55,1491.65,122238
2021-06-15 09:51:57,1491.65,122238
2021-06-15 09:51:57,1491.65,122238
2021-06-15 09:51:58,1491.65,122238
2021-06-15 09:51:59,1491.65,122238
2021-06-15 09:52:01,1491.7,122240
2021-06-15 09:52:02,1491.7,122240
2021-06-15 09:52:03,1491.7,122240
2021-06-15 09:52:04,1491.7,122240
2021-06-15 09:52:05,1491.7,122240
2021-06-15 09:52:06,1491.7,122240
2021-06-15 09:52:07,1491.7,122240
2021-06-15 09:52:08,1491.7,122240
2021-06-15 09:52:09,1491.7,122240
2021-06-15 09:52:10,1491.7,122240
2021-06-15 09:52:11,1491.7,122240
2021-06-15 09:52:12,1490.85,122255
2021-06-15 09:52:13,1490.85,122255
2021-06-15 09:52:13,1491.5,122256
2021-06-15 09:52:14,1491.5,122268
2021-06-15 09:52:15,1491.5,122268
2021-06-15 09:52:16,1491.5,122268
2021-06-15 09:52:17,1491.5,122268
2021-06-15 09:52:18,1491.5,122268
2021-06-15 09:52:20,1491.5,122298
2021-06-15 09:52:22,1491.5,122301
2021-06-15 09:52:24,1491.5,122301
2021-06-15 09:52:24,1491.5,122301
2021-06-15 09:52:25,1491.5,122301
2021-06-15 09:52:26,1491.8,122401
2021-06-15 09:52:28,1491.8,122401
2021-06-15 09:52:29,1491.8,122401
2021-06-15 09:52:30,1491.8,122401
2021-06-15 09:52:31,1491.8,122401
2021-06-15 09:52:31,1490.4,122589
2021-06-15 09:52:32,1490.05,122806
2021-06-15 09:52:33,1490.05,122806
2021-06-15 09:52:35,1490.05,122806
2021-06-15 09:52:36,1490.05,122806
2021-06-15 09:52:37,1490.05,122806
2021-06-15 09:52:38,1490.05,122806
2021-06-15 09:52:39,1490.05,122806
2021-06-15 09:52:40,1490.75,122826
2021-06-15 09:52:42,1490.75,122826
2021-06-15 09:52:43,1490.75,122826
2021-06-15 09:52:44,1490.75,122830
2021-06-15 09:52:45,1490.75,122830
2021-06-15 09:52:45,1490.75,122831
2021-06-15 09:52:46,1490.75,122831
2021-06-15 09:52:47,1490.75,122831
2021-06-15 09:52:49,1490.9,122946
2021-06-15 09:52:50,1490.9,122946
2021-06-15 09:52:51,1490.9,122956
2021-06-15 09:52:52,1490.25,123006
2021-06-15 09:52:53,1490.85,123031
2021-06-15 09:52:54,1490.85,123031
2021-06-15 09:52:55,1490.85,123031
2021-06-15 09:52:56,1490.85,123031
2021-06-15 09:52:56,1490.85,123031
2021-06-15 09:52:58,1490.05,123038
2021-06-15 09:52:59,1490.05,123038
2021-06-15 09:53:00,1490.05,123052
2021-06-15 09:53:01,1490.05,123052
2021-06-15 09:53:01,1490.8,123062
2021-06-15 09:53:04,1490.05,123107
2021-06-15 09:53:05,1490.05,123107
2021-06-15 09:53:06,1490.05,123107
2021-06-15 09:53:07,1490.05,123107
2021-06-15 09:53:08,1490.05,123107
2021-06-15 09:53:09,1490.05,123157
2021-06-15 09:53:10,1490.5,123177
2021-06-15 09:53:11,1490.7,123277
2021-06-15 09:53:12,1490.7,123277
2021-06-15 09:53:12,1490.7,123277
2021-06-15 09:53:13,1490.9,123279
2021-06-15 09:53:16,1490.0,123361
2021-06-15 09:53:18,1490.0,123361
2021-06-15 09:53:18,1490.0,123361
2021-06-15 09:53:19,1490.0,123361
2021-06-15 09:53:20,1490.05,123411
2021-06-15 09:53:21,1490.05,123411
2021-06-15 09:53:24,1490.05,123421
2021-06-15 09:53:25,1489.7,123716
2021-06-15 09:53:25,1489.55,123767
2021-06-15 09:53:26,1489.55,123767
2021-06-15 09:53:27,1489.55,123816
2021-06-15 09:53:28,1489.55,123816
2021-06-15 09:53:30,1489.4,123845
2021-06-15 09:53:31,1488.5,124806
2021-06-15 09:53:33,1489.15,125360
2021-06-15 09:53:33,1489.15,125360
2021-06-15 09:53:34,1489.15,125360
2021-06-15 09:53:35,1489.15,125360
2021-06-15 09:53:37,1489.45,125361
2021-06-15 09:53:38,1490.05,125363
2021-06-15 09:53:39,1489.45,125433
2021-06-15 09:53:39,1489.45,125433
2021-06-15 09:53:40,1489.45,125433
2021-06-15 09:53:41,1489.45,125433
2021-06-15 09:53:42,1489.45,125433
2021-06-15 09:53:43,1489.45,125433
2021-06-15 09:53:45,1489.45,125433
2021-06-15 09:53:46,1489.45,125433
2021-06-15 09:53:47,1489.45,125433
2021-06-15 09:53:48,1489.45,125433
2021-06-15 09:53:49,1489.45,125433
2021-06-15 09:53:50,1489.45,125433
2021-06-15 09:53:51,1489.45,125433
2021-06-15 09:53:51,1489.45,125433
2021-06-15 09:53:52,1489.45,125433
2021-06-15 09:53:53,1489.45,125433
2021-06-15 09:53:54,1489.45,125433
2021-06-15 09:53:55,1489.95,125448
2021-06-15 09:53:59,1490.05,126121
2021-06-15 09:54:00,1490.05,126141
2021-06-15 09:54:01,1490.05,126287
2021-06-15 09:54:01,1490.05,126287
2021-06-15 09:54:02,1490.05,126287
2021-06-15 09:54:04,1490.05,126287
2021-06-15 09:54:05,1489.65,126354
2021-06-15 09:54:06,1489.5,126558
2021-06-15 09:54:07,1490.5,126568
2021-06-15 09:54:08,1490.5,126568
2021-06-15 09:54:08,1490.5,126568
2021-06-15 09:54:10,1490.0,126577
2021-06-15 09:54:11,1490.0,126577
2021-06-15 09:54:12,1490.0,126577
2021-06-15 09:54:13,1490.0,126577
2021-06-15 09:54:13,1490.0,126577
2021-06-15 09:54:15,1490.0,126577
2021-06-15 09:54:16,1490.0,126577
2021-06-15 09:54:17,1490.0,126577
2021-06-15 09:54:18,1490.0,126577
2021-06-15 09:54:19,1490.0,126582
2021-06-15 09:54:20,1490.0,126582
2021-06-15 09:54:20,1490.0,126582
2021-06-15 09:54:22,1489.45,126588
2021-06-15 09:54:23,1489.45,126588
2021-06-15 09:54:24,1490.0,126597
2021-06-15 09:54:25,1490.0,126597
2021-06-15 09:54:26,1490.0,126597
2021-06-15 09:54:27,1490.0,126598
2021-06-15 09:54:28,1489.5,126638
2021-06-15 09:54:30,1489.5,126658
2021-06-15 09:54:30,1489.5,126651
2021-06-15 09:54:31,1489.5,126658
2021-06-15 09:54:34,1489.5,126677
2021-06-15 09:54:35,1489.4,126752
2021-06-15 09:54:36,1489.0,126792
2021-06-15 09:54:37,1489.0,126792
2021-06-15 09:54:38,1489.0,126792
2021-06-15 09:54:39,1489.45,126982
2021-06-15 09:54:40,1489.45,126982
2021-06-15 09:54:40,1489.45,126982
2021-06-15 09:54:42,1489.5,127034
2021-06-15 09:54:43,1489.0,127039
2021-06-15 09:54:44,1489.0,127039
2021-06-15 09:54:45,1489.0,127039
2021-06-15 09:54:46,1489.0,127039
2021-06-15 09:54:47,1489.0,127039
2021-06-15 09:54:47,1489.0,127039
2021-06-15 09:54:48,1489.35,127079
2021-06-15 09:54:49,1490.25,127179
2021-06-15 09:54:51,1490.25,127179
2021-06-15 09:54:53,1489.35,127204
2021-06-15 09:54:54,1489.2,127354
2021-06-15 09:54:54,1489.2,127354
2021-06-15 09:54:56,1489.2,127355
2021-06-15 09:54:57,1489.2,127355
2021-06-15 09:54:58,1489.2,127355
2021-06-15 09:54:59,1489.2,127358
2021-06-15 09:55:01,1489.2,127358
2021-06-15 09:55:02,1490.0,127418
2021-06-15 09:55:03,1490.0,127418
2021-06-15 09:55:03,1490.0,127518
2021-06-15 09:55:05,1490.0,127518
2021-06-15 09:55:06,1490.0,127518
2021-06-15 09:55:07,1490.0,127523
2021-06-15 09:55:09,1490.0,127523
2021-06-15 09:55:10,1490.0,127523
2021-06-15 09:55:10,1490.0,127523
2021-06-15 09:55:12,1490.0,127523
2021-06-15 09:55:13,1490.0,127523
2021-06-15 09:55:14,1490.0,127523
2021-06-15 09:55:15,1490.0,127648
2021-06-15 09:55:16,1490.0,127657
2021-06-15 09:55:17,1490.0,127657
2021-06-15 09:55:18,1490.0,127657
2021-06-15 09:55:19,1490.0,127657
2021-06-15 09:55:20,1490.0,127657
2021-06-15 09:55:21,1490.0,127657
2021-06-15 09:55:22,1490.0,127657
2021-06-15 09:55:24,1490.0,127696
2021-06-15 09:55:25,1490.0,127696
2021-06-15 09:55:26,1490.0,127696
2021-06-15 09:55:27,1490.0,127721
2021-06-15 09:55:28,1490.0,127721
2021-06-15 09:55:29,1490.0,127721
2021-06-15 09:55:31,1490.0,127721
2021-06-15 09:55:30,1490.0,127721
2021-06-15 09:55:32,1489.95,127722
2021-06-15 09:55:33,1489.95,127722
2021-06-15 09:55:34,1490.0,127723
2021-06-15 09:55:35,1490.0,127723
2021-06-15 09:55:36,1490.0,127723
2021-06-15 09:55:37,1490.0,127723
2021-06-15 09:55:38,1490.0,127723
2021-06-15 09:55:39,1490.0,127723
2021-06-15 09:55:39,1490.0,127723
2021-06-15 09:55:40,1490.0,127723
2021-06-15 09:55:42,1489.35,127737
2021-06-15 09:55:43,1489.35,127737
2021-06-15 09:55:44,1489.35,127737
2021-06-15 09:55:45,1489.35,127737
2021-06-15 09:55:46,1489.35,127737
2021-06-15 09:55:47,1490.0,127787
2021-06-15 09:55:47,1490.0,127787
2021-06-15 09:55:49,1490.0,127787
2021-06-15 09:55:50,1490.0,127788
2021-06-15 09:55:52,1490.0,127788
2021-06-15 09:55:53,1489.35,127807
2021-06-15 09:55:54,1489.35,127807
2021-06-15 09:55:55,1489.35,127807
2021-06-15 09:55:55,1489.35,127807
2021-06-15 09:55:56,1489.35,127807
2021-06-15 09:55:58,1489.35,127807
2021-06-15 09:55:59,1489.35,127807
2021-06-15 09:56:00,1489.35,127807
2021-06-15 09:56:01,1489.35,127807
2021-06-15 09:56:02,1489.35,127808
2021-06-15 09:56:03,1489.35,127808
2021-06-15 09:56:04,1489.35,127808
2021-06-15 09:56:04,1489.35,127808
2021-06-15 09:56:06,1489.35,127808
2021-06-15 09:56:07,1489.35,127808
2021-06-15 09:56:08,1489.35,127808
2021-06-15 09:56:09,1490.0,127858
2021-06-15 09:56:10,1489.3,127878
2021-06-15 09:56:11,1489.3,127878
2021-06-15 09:56:12,1489.3,127878
2021-06-15 09:56:13,1489.3,127878
2021-06-15 09:56:14,1489.95,127898
2021-06-15 09:56:15,1489.95,127898
2021-06-15 09:56:16,1489.95,127898
2021-06-15 09:56:17,1489.95,127898
2021-06-15 09:56:18,1489.95,127898
2021-06-15 09:56:19,1489.3,127899
2021-06-15 09:56:20,1489.95,127909
2021-06-15 09:56:21,1489.95,127909
2021-06-15 09:56:24,1489.95,127909
2021-06-15 09:56:25,1489.95,127909
2021-06-15 09:56:26,1490.1,128798
2021-06-15 09:56:27,1489.5,128932
2021-06-15 09:56:28,1489.5,128932
2021-06-15 09:56:29,1489.5,128932
2021-06-15 09:56:30,1489.5,128932
2021-06-15 09:56:31,1489.5,128932
2021-06-15 09:56:32,1489.5,128932
2021-06-15 09:56:33,1489.5,128932
2021-06-15 09:56:34,1489.5,128932
2021-06-15 09:56:35,1489.5,128932
2021-06-15 09:56:36,1489.55,128964
2021-06-15 09:56:37,1489.55,128964
2021-06-15 09:56:38,1489.55,128964
2021-06-15 09:56:39,1489.55,128965
2021-06-15 09:56:40,1489.55,128998
2021-06-15 09:56:41,1489.55,128998
2021-06-15 09:56:42,1489.55,128998
2021-06-15 09:56:43,1489.55,128998
2021-06-15 09:56:44,1489.55,128998
2021-06-15 09:56:45,1489.55,128998
2021-06-15 09:56:46,1489.55,129006
2021-06-15 09:56:48,1490.4,129010
2021-06-15 09:56:49,1490.4,129010
2021-06-15 09:56:51,1490.4,129011
2021-06-15 09:56:52,1490.4,129011
2021-06-15 09:56:53,1490.4,129011
2021-06-15 09:56:55,1490.45,129024
2021-06-15 09:56:56,1490.45,129024
2021-06-15 09:56:57,1490.5,129034
2021-06-15 09:56:58,1490.5,129034
2021-06-15 09:56:59,1490.5,129034
2021-06-15 09:57:00,1490.5,129034
2021-06-15 09:57:01,1490.5,129034
2021-06-15 09:57:03,1491.0,129188
2021-06-15 09:57:04,1491.0,129188
2021-06-15 09:57:05,1491.0,129188
2021-06-15 09:57:06,1491.0,129188
2021-06-15 09:57:07,1491.0,129188
2021-06-15 09:57:08,1491.0,129188
2021-06-15 09:57:09,1491.0,129188
2021-06-15 09:57:10,1491.45,131597
2021-06-15 09:57:11,1491.7,131648
2021-06-15 09:57:12,1492.4,131789
2021-06-15 09:57:13,1492.05,131809
2021-06-15 09:57:14,1492.05,131809
2021-06-15 09:57:15,1493.0,132029
2021-06-15 09:57:16,1493.0,132029
2021-06-15 09:57:17,1493.0,132029
2021-06-15 09:57:18,1493.0,132034
2021-06-15 09:57:19,1492.1,132054
2021-06-15 09:57:21,1492.1,132054
2021-06-15 09:57:22,1492.5,132106
2021-06-15 09:57:23,1492.5,132106
2021-06-15 09:57:24,1492.5,132106
2021-06-15 09:57:25,1492.5,132106
2021-06-15 09:57:26,1492.5,132106
2021-06-15 09:57:27,1492.5,132136
2021-06-15 09:57:28,1493.0,132194
2021-06-15 09:57:29,1493.0,132249
2021-06-15 09:57:30,1493.0,132249
2021-06-15 09:57:31,1493.05,132299
2021-06-15 09:57:32,1493.05,132301
2021-06-15 09:57:33,1493.05,132302
2021-06-15 09:57:34,1493.15,132402
2021-06-15 09:57:37,1492.55,132428
2021-06-15 09:57:40,1492.55,132428
2021-06-15 09:57:43,1492.05,133028
2021-06-15 09:57:46,1492.1,133041
2021-06-15 09:57:48,1492.1,133041
2021-06-15 09:57:51,1492.45,133101
2021-06-15 09:57:54,1492.45,133102
2021-06-15 09:57:57,1492.95,133110
2021-06-15 09:58:03,1493.85,134274
2021-06-15 09:58:05,1494.0,134487
2021-06-15 09:58:08,1494.9,134669
2021-06-15 09:58:10,1493.8,134749
2021-06-15 09:58:13,1494.25,134840
2021-06-15 09:58:19,1493.7,135795
2021-06-15 09:58:22,1494.05,135838
2021-06-15 09:58:24,1495.0,135918
2021-06-15 09:58:27,1495.0,136697
2021-06-15 09:58:30,1495.25,138441
2021-06-15 09:58:33,1496.15,138611
2021-06-15 09:58:36,1497.0,138751
2021-06-15 09:58:39,1497.0,139017
2021-06-15 09:58:42,1496.5,139271
2021-06-15 09:58:45,1495.9,139636
2021-06-15 09:58:48,1495.9,139836
2021-06-15 09:58:50,1495.85,140031
2021-06-15 09:58:56,1496.95,140150
2021-06-15 09:58:59,1496.6,140411
2021-06-15 09:59:02,1495.1,140583
2021-06-15 09:59:05,1495.1,140583
2021-06-15 09:59:07,1496.9,140685
2021-06-15 09:59:10,1495.4,141100
2021-06-15 09:59:13,1495.85,141337
2021-06-15 09:59:16,1496.8,141367
2021-06-15 09:59:18,1496.0,141384
2021-06-15 09:59:21,1496.0,141427
2021-06-15 09:59:24,1496.55,141443
2021-06-15 09:59:27,1496.0,141543
2021-06-15 09:59:30,1496.6,141643
2021-06-15 09:59:32,1495.85,141713
2021-06-15 09:59:38,1496.5,141723
2021-06-15 09:59:41,1496.5,141799
2021-06-15 09:59:44,1495.85,141964
2021-06-15 09:59:49,1496.1,141984
2021-06-15 09:59:52,1496.0,141990
2021-06-15 09:59:55,1496.5,142231
2021-06-15 09:59:57,1496.5,142231
2021-06-15 10:00:00,1496.5,142231
2021-06-15 10:00:03,1496.0,142433
2021-06-15 10:00:05,1496.0,142433
2021-06-15 10:00:08,1496.0,142553
2021-06-15 10:00:11,1496.4,142652
2021-06-15 10:00:14,1496.1,143261
2021-06-15 10:00:16,1496.0,143262
2021-06-15 10:00:19,1496.9,143286
2021-06-15 10:00:22,1496.8,143486
2021-06-15 10:00:25,1496.9,143537
2021-06-15 10:00:28,1496.1,143878
2021-06-15 10:00:31,1496.9,143888
2021-06-15 10:00:34,1496.9,143888
2021-06-15 10:00:37,1496.9,143899
2021-06-15 10:00:39,1496.95,144018
2021-06-15 10:00:45,1496.95,144018
2021-06-15 10:00:49,1497.0,146684
2021-06-15 10:00:51,1496.9,146860
2021-06-15 10:00:54,1496.95,146861
2021-06-15 10:00:57,1496.5,146931
2021-06-15 10:01:01,1496.0,146980
2021-06-15 10:01:04,1496.05,146988
2021-06-15 10:01:07,1496.05,147269
2021-06-15 10:01:10,1495.6,147454
2021-06-15 10:01:13,1496.7,147459
2021-06-15 10:01:16,1496.75,147462
2021-06-15 10:01:19,1496.75,147462
2021-06-15 10:01:22,1495.95,147522
2021-06-15 10:01:27,1495.7,147552
2021-06-15 10:01:30,1496.0,147587
2021-06-15 10:01:33,1496.05,147612
2021-06-15 10:01:36,1496.05,147624
2021-06-15 10:01:38,1496.95,147678
2021-06-15 10:01:41,1496.95,147694
2021-06-15 10:01:44,1496.05,148171
2021-06-15 10:01:48,1496.4,148181
2021-06-15 10:01:54,1496.4,148181
2021-06-15 10:01:57,1496.4,148181
2021-06-15 10:02:00,1494.75,148387
2021-06-15 10:02:03,1495.15,148407
2021-06-15 10:02:06,1495.15,148507
2021-06-15 10:02:09,1495.15,148507
2021-06-15 10:02:12,1495.15,148518
2021-06-15 10:02:18,1494.75,148529
2021-06-15 10:02:21,1495.2,148530
2021-06-15 10:02:24,1494.75,148630
2021-06-15 10:02:27,1494.55,148745
2021-06-15 10:02:30,1494.55,148745
2021-06-15 10:02:33,1494.55,148745
2021-06-15 10:02:35,1495.15,148859
2021-06-15 10:02:36,1495.15,148859
2021-06-15 10:02:37,1495.15,148859
2021-06-15 10:02:37,1495.15,148859
2021-06-15 10:02:38,1495.15,148909
2021-06-15 10:02:39,1495.15,148909
2021-06-15 10:02:41,1495.15,148909
2021-06-15 10:02:43,1495.15,148909
2021-06-15 10:02:44,1495.1,148928
2021-06-15 10:02:45,1495.1,148928
2021-06-15 10:02:48,1495.1,148928
2021-06-15 10:02:49,1495.1,148928
2021-06-15 10:02:50,1495.9,149028
2021-06-15 10:02:51,1495.9,149028
2021-06-15 10:02:52,1495.9,149028
2021-06-15 10:02:53,1495.9,149028
2021-06-15 10:02:54,1495.9,149028
2021-06-15 10:02:55,1495.9,149028
2021-06-15 10:02:56,1495.9,149028
2021-06-15 10:02:57,1495.9,149054
2021-06-15 10:02:58,1495.9,149065
2021-06-15 10:03:00,1495.9,149065
2021-06-15 10:03:01,1495.9,149065
2021-06-15 10:03:01,1496.0,149545
2021-06-15 10:03:02,1495.9,149595
2021-06-15 10:03:03,1496.55,149596
2021-06-15 10:03:05,1496.55,149596
2021-06-15 10:03:06,1496.55,149596
2021-06-15 10:03:07,1496.55,149596
2021-06-15 10:03:08,1496.55,149646
2021-06-15 10:03:09,1496.6,149659
2021-06-15 10:03:10,1496.6,149659
2021-06-15 10:03:10,1496.6,149659
2021-06-15 10:03:13,1496.5,149679
2021-06-15 10:03:14,1496.5,149679
2021-06-15 10:03:15,1496.5,149679
2021-06-15 10:03:16,1496.5,149679
2021-06-15 10:03:17,1496.5,149679
2021-06-15 10:03:17,1496.5,149679
2021-06-15 10:03:18,1496.5,149679
2021-06-15 10:03:19,1496.5,149679
2021-06-15 10:03:20,1495.9,149704
2021-06-15 10:03:21,1495.9,149704
2021-06-15 10:03:24,1495.95,149724
2021-06-15 10:03:26,1495.95,149724
2021-06-15 10:03:27,1495.95,149724
2021-06-15 10:03:27,1495.95,149724
2021-06-15 10:03:28,1495.95,149724
2021-06-15 10:03:29,1495.95,149724
2021-06-15 10:03:30,1495.95,149724
2021-06-15 10:03:32,1497.1,150523
2021-06-15 10:03:33,1497.1,150523
2021-06-15 10:03:34,1497.1,150523
2021-06-15 10:03:35,1497.1,150523
2021-06-15 10:03:38,1497.1,150523
2021-06-15 10:03:39,1496.05,150533
2021-06-15 10:03:39,1496.05,150533
2021-06-15 10:03:40,1496.05,150533
2021-06-15 10:03:42,1496.05,150533
2021-06-15 10:03:42,1496.05,150533
2021-06-15 10:03:43,1496.6,150592
2021-06-15 10:03:44,1496.6,150592
2021-06-15 10:03:45,1496.35,150597
2021-06-15 10:03:46,1496.35,150597
2021-06-15 10:03:48,1496.6,150662
2021-06-15 10:03:48,1496.6,150662
2021-06-15 10:03:50,1497.1,150914
2021-06-15 10:03:51,1496.8,150919
2021-06-15 10:03:52,1496.8,150919
2021-06-15 10:03:53,1497.45,150920
2021-06-15 10:03:54,1497.45,150920
2021-06-15 10:03:55,1497.45,150920
2021-06-15 10:03:55,1497.45,150920
2021-06-15 10:03:56,1497.0,150930
2021-06-15 10:03:57,1497.75,151050
2021-06-15 10:03:58,1497.75,151050
2021-06-15 10:04:00,1497.75,151086
2021-06-15 10:04:00,1497.75,151086
2021-06-15 10:04:01,1496.8,151137
2021-06-15 10:04:02,1496.8,151137
2021-06-15 10:04:03,1497.75,151167
2021-06-15 10:04:04,1497.75,151167
2021-06-15 10:04:06,1497.75,151167
2021-06-15 10:04:07,1496.65,151169
2021-06-15 10:04:08,1497.45,151180
2021-06-15 10:04:09,1497.45,151180
2021-06-15 10:04:09,1497.45,151180
2021-06-15 10:04:11,1496.4,151182
2021-06-15 10:04:12,1496.4,151182
2021-06-15 10:04:13,1497.2,151232
2021-06-15 10:04:14,1497.2,151232
2021-06-15 10:04:16,1497.2,151232
2021-06-15 10:04:17,1497.2,152132
2021-06-15 10:04:20,1497.2,152132
2021-06-15 10:04:21,1497.2,152132
2021-06-15 10:04:22,1497.2,152132
2021-06-15 10:04:23,1497.2,152132
2021-06-15 10:04:25,1497.2,152132
2021-06-15 10:04:26,1497.2,152132
2021-06-15 10:04:28,1497.2,152137
2021-06-15 10:04:29,1497.2,152137
2021-06-15 10:04:30,1497.2,152137
2021-06-15 10:04:31,1497.2,152137
2021-06-15 10:04:32,1497.0,152147
2021-06-15 10:04:33,1497.0,152147
2021-06-15 10:04:34,1497.0,152147
2021-06-15 10:04:35,1497.0,152147
2021-06-15 10:04:35,1497.0,152147
2021-06-15 10:04:37,1497.2,152172
2021-06-15 10:04:38,1497.2,152243
2021-06-15 10:04:39,1497.45,152292
2021-06-15 10:04:40,1497.45,152292
2021-06-15 10:04:41,1497.2,152297
2021-06-15 10:04:42,1497.2,152297
2021-06-15 10:04:43,1497.2,152297
2021-06-15 10:04:44,1497.2,152297
2021-06-15 10:04:45,1497.2,152297
2021-06-15 10:04:46,1497.2,152297
2021-06-15 10:04:47,1497.7,152347
2021-06-15 10:04:48,1497.7,152347
2021-06-15 10:04:49,1497.7,152347
2021-06-15 10:04:50,1498.9,153989
2021-06-15 10:04:51,1498.1,154339
2021-06-15 10:04:52,1498.1,154474
2021-06-15 10:04:53,1498.1,154508
2021-06-15 10:04:54,1498.1,154508
2021-06-15 10:04:55,1498.2,154519
2021-06-15 10:04:56,1499.0,154524
2021-06-15 10:04:57,1499.0,154524
2021-06-15 10:04:58,1499.0,154534
2021-06-15 10:04:59,1498.25,154559
2021-06-15 10:04:59,1499.0,154569
2021-06-15 10:05:00,1499.0,154591
2021-06-15 10:05:01,1498.25,154592
2021-06-15 10:05:02,1498.25,154592
2021-06-15 10:05:04,1499.0,154617
2021-06-15 10:05:05,1498.25,154621
2021-06-15 10:05:06,1498.25,154642
2021-06-15 10:05:07,1499.0,154966
2021-06-15 10:05:08,1499.0,155017
2021-06-15 10:05:09,1499.0,155017
2021-06-15 10:05:10,1499.0,155024
2021-06-15 10:05:11,1498.25,155064
2021-06-15 10:05:12,1499.0,155090
2021-06-15 10:05:13,1499.0,155090
2021-06-15 10:05:14,1499.0,155090
2021-06-15 10:05:15,1498.2,155205
2021-06-15 10:05:16,1499.0,155208
2021-06-15 10:05:17,1499.0,155208
2021-06-15 10:05:18,1499.0,155208
2021-06-15 10:05:19,1499.0,155208
2021-06-15 10:05:20,1499.0,155628
2021-06-15 10:05:21,1499.0,155700
2021-06-15 10:05:23,1498.9,155865
2021-06-15 10:05:25,1498.9,155869
2021-06-15 10:05:26,1498.9,155874
2021-06-15 10:05:27,1499.2,155989
2021-06-15 10:05:28,1499.2,155989
2021-06-15 10:05:29,1499.4,156188
2021-06-15 10:05:30,1498.45,156247
2021-06-15 10:05:31,1498.5,156399
2021-06-15 10:05:32,1498.5,156399
2021-06-15 10:05:33,1498.5,156399
2021-06-15 10:05:34,1499.35,156409
2021-06-15 10:05:35,1499.35,156409
2021-06-15 10:05:36,1499.0,156429
2021-06-15 10:05:37,1498.4,156493
2021-06-15 10:05:38,1499.05,156523
2021-06-15 10:05:39,1499.05,156523
2021-06-15 10:05:40,1499.25,156590
2021-06-15 10:05:41,1499.25,156590
2021-06-15 10:05:42,1499.25,156590
2021-06-15 10:05:43,1499.45,156673
2021-06-15 10:05:43,1499.45,156673
2021-06-15 10:05:45,1499.45,156673
2021-06-15 10:05:46,1499.5,156683
2021-06-15 10:05:47,1499.5,156683
2021-06-15 10:05:48,1499.45,156692
2021-06-15 10:05:49,1499.45,156692
2021-06-15 10:05:51,1499.45,156734
2021-06-15 10:05:52,1499.0,156754
2021-06-15 10:05:53,1499.5,156814
2021-06-15 10:05:54,1499.0,156821
2021-06-15 10:05:55,1499.0,156821
2021-06-15 10:05:56,1499.5,156861
2021-06-15 10:05:57,1499.5,156871
2021-06-15 10:05:58,1499.5,156967
2021-06-15 10:06:00,1499.5,156967
2021-06-15 10:06:01,1499.5,156992
2021-06-15 10:06:02,1499.5,157084
2021-06-15 10:06:03,1499.5,157084
2021-06-15 10:06:03,1499.5,157084
2021-06-15 10:06:04,1499.75,157085
2021-06-15 10:06:05,1499.75,157085
2021-06-15 10:06:06,1499.5,157117
2021-06-15 10:06:07,1500.35,162678
2021-06-15 10:06:08,1500.3,162797
2021-06-15 10:06:09,1500.0,162832
2021-06-15 10:06:10,1499.85,163064
2021-06-15 10:06:12,1499.65,163099
2021-06-15 10:06:13,1499.65,163099
2021-06-15 10:06:14,1499.65,163099
2021-06-15 10:06:15,1500.0,163182
2021-06-15 10:06:16,1500.0,163324
2021-06-15 10:06:17,1500.05,163384
2021-06-15 10:06:18,1500.95,163445
2021-06-15 10:06:19,1500.9,163882
2021-06-15 10:06:20,1500.9,163882
2021-06-15 10:06:21,1499.7,163892
2021-06-15 10:06:22,1499.7,164018
2021-06-15 10:06:24,1500.0,164069
2021-06-15 10:06:25,1500.0,164069
2021-06-15 10:06:26,1499.9,164091
2021-06-15 10:06:27,1499.9,164091
2021-06-15 10:06:28,1500.0,164101
2021-06-15 10:06:29,1500.0,164101
2021-06-15 10:06:31,1499.9,164135
2021-06-15 10:06:32,1500.0,164252
2021-06-15 10:06:33,1499.95,164262
2021-06-15 10:06:34,1499.95,164262
2021-06-15 10:06:35,1500.5,164264
2021-06-15 10:06:36,1500.85,164959
2021-06-15 10:06:37,1500.85,164959
2021-06-15 10:06:38,1500.85,165162
2021-06-15 10:06:38,1499.9,165469
2021-06-15 10:06:39,1499.7,165595
2021-06-15 10:06:40,1499.7,165595
2021-06-15 10:06:42,1499.7,165595
2021-06-15 10:06:43,1499.7,165595
2021-06-15 10:06:44,1499.7,165595
2021-06-15 10:06:45,1500.0,165612
2021-06-15 10:06:46,1499.7,165687
2021-06-15 10:06:47,1500.0,165723
2021-06-15 10:06:48,1500.0,165748
2021-06-15 10:06:49,1499.7,165768
2021-06-15 10:06:50,1500.6,165968
2021-06-15 10:06:51,1500.6,165968
2021-06-15 10:06:52,1500.6,165968
2021-06-15 10:06:53,1499.7,166078
2021-06-15 10:06:54,1499.7,166088
2021-06-15 10:06:55,1499.7,166162
2021-06-15 10:06:56,1499.7,166162
2021-06-15 10:06:57,1499.7,166162
2021-06-15 10:06:58,1500.0,166187
2021-06-15 10:06:59,1501.5,168193
2021-06-15 10:07:00,1500.5,168293
2021-06-15 10:07:01,1500.5,168434
2021-06-15 10:07:02,1501.5,168449
2021-06-15 10:07:04,1501.7,168464
2021-06-15 10:07:05,1501.7,168483
2021-06-15 10:07:06,1501.7,168483
2021-06-15 10:07:07,1501.7,168483
2021-06-15 10:07:08,1501.7,168483
2021-06-15 10:07:09,1500.6,168525
2021-06-15 10:07:10,1501.6,168598
2021-06-15 10:07:11,1500.6,168608
2021-06-15 10:07:12,1501.65,168658
2021-06-15 10:07:13,1501.7,168858
2021-06-15 10:07:14,1501.7,168858
2021-06-15 10:07:15,1501.7,168858
2021-06-15 10:07:16,1501.65,168859
2021-06-15 10:07:17,1502.0,169118
2021-06-15 10:07:18,1502.0,169132
2021-06-15 10:07:19,1502.0,169564
2021-06-15 10:07:20,1502.0,169564
2021-06-15 10:07:21,1502.0,169899
2021-06-15 10:07:22,1502.0,170059
2021-06-15 10:07:23,1502.0,170105
2021-06-15 10:07:24,1501.1,170305
2021-06-15 10:07:25,1502.4,170405
2021-06-15 10:07:26,1501.4,170509
2021-06-15 10:07:27,1502.4,170537
2021-06-15 10:07:28,1502.4,170539
2021-06-15 10:07:29,1502.4,170749
2021-06-15 10:07:30,1502.45,170799
2021-06-15 10:07:31,1502.45,170799
2021-06-15 10:07:32,1503.0,171385
2021-06-15 10:07:33,1502.1,171452
2021-06-15 10:07:34,1503.0,171453
2021-06-15 10:07:35,1503.0,171453
2021-06-15 10:07:36,1502.6,171461
2021-06-15 10:07:37,1503.0,171826
2021-06-15 10:07:38,1503.0,171826
2021-06-15 10:07:40,1503.0,172030
2021-06-15 10:07:41,1503.55,172355
2021-06-15 10:07:42,1503.7,172472
2021-06-15 10:07:43,1503.45,172716
2021-06-15 10:07:44,1503.65,172924
2021-06-15 10:07:45,1504.0,173041
2021-06-15 10:07:46,1504.0,173253
2021-06-15 10:07:47,1503.2,174038
2021-06-15 10:07:48,1503.3,174089
2021-06-15 10:07:49,1504.0,174290
2021-06-15 10:07:50,1504.0,174642
2021-06-15 10:07:51,1503.5,174685
2021-06-15 10:07:52,1504.0,174803
2021-06-15 10:07:53,1503.5,174814
2021-06-15 10:07:54,1503.5,174814
2021-06-15 10:07:55,1504.45,175024
2021-06-15 10:07:56,1504.0,175224
2021-06-15 10:07:57,1504.5,175258
2021-06-15 10:07:58,1503.9,175436
2021-06-15 10:07:59,1503.9,175436
2021-06-15 10:08:00,1504.0,175461
2021-06-15 10:08:01,1503.75,175661
2021-06-15 10:08:02,1504.5,175679
2021-06-15 10:08:03,1503.85,175729
2021-06-15 10:08:04,1504.0,175773
2021-06-15 10:08:05,1504.5,175864
2021-06-15 10:08:06,1504.5,175899
2021-06-15 10:08:07,1503.75,175985
2021-06-15 10:08:08,1504.0,176011
2021-06-15 10:08:11,1504.5,176014
2021-06-15 10:08:12,1504.5,176029
2021-06-15 10:08:13,1504.5,176039
2021-06-15 10:08:14,1504.0,176079
2021-06-15 10:08:15,1504.0,176094
2021-06-15 10:08:16,1505.0,177158
2021-06-15 10:08:17,1504.15,177408
2021-06-15 10:08:18,1504.15,177448
2021-06-15 10:08:19,1504.15,177473
2021-06-15 10:08:20,1504.15,177602
2021-06-15 10:08:21,1504.05,177743
2021-06-15 10:08:22,1504.95,177793
2021-06-15 10:08:23,1504.15,177808
2021-06-15 10:08:24,1504.15,177818
2021-06-15 10:08:25,1504.35,177830
2021-06-15 10:08:26,1504.55,177859
2021-06-15 10:08:27,1504.15,177944
2021-06-15 10:08:28,1504.15,178044
2021-06-15 10:08:29,1504.75,178054
2021-06-15 10:08:30,1504.75,178054
2021-06-15 10:08:31,1504.0,179494
2021-06-15 10:08:32,1504.65,179501
2021-06-15 10:08:33,1504.2,179625
2021-06-15 10:08:34,1504.2,179650
2021-06-15 10:08:35,1504.85,179660
2021-06-15 10:08:36,1505.0,179745
2021-06-15 10:08:37,1504.2,179825
2021-06-15 10:08:38,1504.2,179825
2021-06-15 10:08:39,1504.2,179839
2021-06-15 10:08:40,1504.85,180309
2021-06-15 10:08:41,1504.4,180321
2021-06-15 10:08:42,1505.0,180451
2021-06-15 10:08:43,1505.0,180701
2021-06-15 10:08:44,1504.95,180708
2021-06-15 10:08:45,1504.3,180738
2021-06-15 10:08:46,1504.3,180738
2021-06-15 10:08:47,1504.4,180788
2021-06-15 10:08:48,1504.9,180906
2021-06-15 10:08:49,1504.4,180926
2021-06-15 10:08:50,1504.4,180974
2021-06-15 10:08:51,1505.0,181174
2021-06-15 10:08:52,1504.5,181209
2021-06-15 10:08:53,1504.5,181209
2021-06-15 10:08:54,1504.5,181289
2021-06-15 10:08:55,1504.5,181289
2021-06-15 10:08:56,1504.5,181289
2021-06-15 10:08:57,1504.4,181489
2021-06-15 10:08:58,1504.3,182056
2021-06-15 10:08:59,1504.0,182291
2021-06-15 10:09:01,1504.0,182309
2021-06-15 10:09:01,1504.0,182309
2021-06-15 10:09:02,1504.0,182359
2021-06-15 10:09:04,1504.0,183359
2021-06-15 10:09:05,1503.4,183514
2021-06-15 10:09:06,1503.4,183544
2021-06-15 10:09:07,1503.4,183544
2021-06-15 10:09:08,1503.0,183600
2021-06-15 10:09:09,1502.65,183750
2021-06-15 10:09:10,1502.55,184100
2021-06-15 10:09:12,1502.05,184477
2021-06-15 10:09:13,1502.0,184499
2021-06-15 10:09:14,1502.0,184499
2021-06-15 10:09:15,1502.0,184734
2021-06-15 10:09:16,1502.0,184873
2021-06-15 10:09:17,1501.1,184875
2021-06-15 10:09:19,1502.0,184878
2021-06-15 10:09:19,1501.1,184875
2021-06-15 10:09:20,1501.4,184890
2021-06-15 10:09:21,1502.2,185140
2021-06-15 10:09:22,1502.2,185149
2021-06-15 10:09:23,1502.2,185149
2021-06-15 10:09:24,1502.2,185249
2021-06-15 10:09:25,1502.2,185249
2021-06-15 10:09:26,1501.3,185354
2021-06-15 10:09:27,1501.3,185354
2021-06-15 10:09:28,1501.3,185354
2021-06-15 10:09:29,1501.3,185354
2021-06-15 10:09:30,1502.0,185430
2021-06-15 10:09:31,1501.8,185523
2021-06-15 10:09:32,1501.8,185523
2021-06-15 10:09:33,1501.8,185523
2021-06-15 10:09:34,1501.8,185523
2021-06-15 10:09:35,1502.5,185823
2021-06-15 10:09:36,1502.5,185823
2021-06-15 10:09:37,1502.5,185823
2021-06-15 10:09:38,1501.8,185873
2021-06-15 10:09:39,1501.8,185873
2021-06-15 10:09:40,1501.8,185873
2021-06-15 10:09:42,1501.8,185873
2021-06-15 10:09:43,1501.45,185886
2021-06-15 10:09:44,1502.35,185914
2021-06-15 10:09:45,1501.5,186052
2021-06-15 10:09:47,1501.3,186103
2021-06-15 10:09:48,1501.3,186120
2021-06-15 10:09:49,1501.0,186303
2021-06-15 10:09:50,1501.0,186653
2021-06-15 10:09:51,1501.85,186654
2021-06-15 10:09:52,1501.2,186754
2021-06-15 10:09:54,1501.2,186925
2021-06-15 10:09:55,1501.2,186925
2021-06-15 10:09:56,1501.2,186925
2021-06-15 10:09:57,1502.0,186950
2021-06-15 10:09:58,1502.0,186975
2021-06-15 10:09:59,1501.85,186985
2021-06-15 10:10:00,1501.85,186995
2021-06-15 10:10:02,1501.85,186995
2021-06-15 10:10:03,1502.0,187927
2021-06-15 10:10:04,1502.0,187927
2021-06-15 10:10:04,1502.0,187927
2021-06-15 10:10:05,1502.0,187927
2021-06-15 10:10:06,1502.35,187934
2021-06-15 10:10:07,1502.35,187949
2021-06-15 10:10:08,1502.35,187949
2021-06-15 10:10:09,1502.35,187949
2021-06-15 10:10:10,1502.0,187960
2021-06-15 10:10:11,1502.0,187960
2021-06-15 10:10:12,1502.0,187960
2021-06-15 10:10:13,1502.0,187960
2021-06-15 10:10:14,1501.0,188329
2021-06-15 10:10:15,1501.0,188441
2021-06-15 10:10:17,1501.85,188442
2021-06-15 10:10:18,1501.85,188442
2021-06-15 10:10:20,1500.0,188965
2021-06-15 10:10:20,1500.0,188965
2021-06-15 10:10:22,1500.9,189044
2021-06-15 10:10:22,1500.9,189044
2021-06-15 10:10:23,1500.85,189054
2021-06-15 10:10:24,1500.85,189195
2021-06-15 10:10:25,1500.85,189195
2021-06-15 10:10:26,1500.85,189195
2021-06-15 10:10:27,1500.85,189195
2021-06-15 10:10:28,1500.85,189195
2021-06-15 10:10:29,1500.8,189285
2021-06-15 10:10:31,1500.95,189502
2021-06-15 10:10:32,1500.95,189502
2021-06-15 10:10:32,1500.95,189502
2021-06-15 10:10:33,1501.5,189989
2021-06-15 10:10:34,1502.0,189992
2021-06-15 10:10:35,1502.0,189992
2021-06-15 10:10:36,1502.0,191570
2021-06-15 10:10:37,1502.0,191570
2021-06-15 10:10:38,1502.0,191570
2021-06-15 10:10:39,1500.85,191573
2021-06-15 10:10:40,1501.8,191754
2021-06-15 10:10:41,1501.8,191754
2021-06-15 10:10:42,1501.65,191755
2021-06-15 10:10:43,1501.65,191755
2021-06-15 10:10:44,1501.65,191755
2021-06-15 10:10:46,1501.65,191755
2021-06-15 10:10:47,1500.95,191815
2021-06-15 10:10:48,1500.95,191815
2021-06-15 10:10:49,1502.0,191995
2021-06-15 10:10:51,1501.9,192107
2021-06-15 10:10:53,1501.8,192111
2021-06-15 10:10:54,1501.8,192112
2021-06-15 10:10:55,1501.8,192112
2021-06-15 10:10:56,1501.05,192122
2021-06-15 10:10:57,1501.05,192122
2021-06-15 10:10:58,1501.8,192135
2021-06-15 10:10:59,1501.8,192135
2021-06-15 10:11:01,1501.8,192135
2021-06-15 10:11:02,1501.8,192135
2021-06-15 10:11:03,1501.8,192135
2021-06-15 10:11:04,1501.05,192140
2021-06-15 10:11:05,1501.05,192140
2021-06-15 10:11:06,1501.05,192144
2021-06-15 10:11:07,1501.05,192144
2021-06-15 10:11:08,1500.9,192444
2021-06-15 10:11:09,1500.9,192444
2021-06-15 10:11:10,1500.9,192444
2021-06-15 10:11:11,1500.9,192444
2021-06-15 10:11:12,1501.75,192454
2021-06-15 10:11:14,1501.75,192468
2021-06-15 10:11:15,1501.75,192468
2021-06-15 10:11:15,1501.0,192469
2021-06-15 10:11:17,1501.8,192519
2021-06-15 10:11:17,1501.8,192519
2021-06-15 10:11:19,1501.75,192670
2021-06-15 10:11:20,1500.9,192705
2021-06-15 10:11:21,1500.9,192705
2021-06-15 10:11:21,1501.7,192730
2021-06-15 10:11:22,1501.7,192730
2021-06-15 10:11:23,1501.7,192730
2021-06-15 10:11:24,1500.9,192830
2021-06-15 10:11:26,1500.75,193105
2021-06-15 10:11:26,1500.75,193105
2021-06-15 10:11:27,1500.75,193105
2021-06-15 10:11:28,1500.75,193105
2021-06-15 10:11:29,1500.75,193105
2021-06-15 10:11:30,1500.8,193111
2021-06-15 10:11:31,1501.5,193119
2021-06-15 10:11:32,1501.5,193119
2021-06-15 10:11:35,1500.8,193120
2021-06-15 10:11:36,1500.8,193120
2021-06-15 10:11:36,1500.8,193120
2021-06-15 10:11:37,1500.8,193120
2021-06-15 10:11:38,1500.8,193120
2021-06-15 10:11:39,1500.8,193120
2021-06-15 10:11:40,1500.8,193125
2021-06-15 10:11:41,1500.8,193125
2021-06-15 10:11:42,1500.8,193125
2021-06-15 10:11:43,1500.8,193125
2021-06-15 10:11:45,1500.8,193125
2021-06-15 10:11:46,1500.8,193125
2021-06-15 10:11:47,1500.8,193125
2021-06-15 10:11:47,1500.8,193135
2021-06-15 10:11:48,1501.5,193260
2021-06-15 10:11:49,1501.5,193285
2021-06-15 10:11:51,1501.5,193286
2021-06-15 10:11:52,1501.5,193286
2021-06-15 10:11:53,1500.8,193316
2021-06-15 10:11:54,1500.8,193316
2021-06-15 10:11:55,1500.8,193316
2021-06-15 10:11:55,1500.8,193316
2021-06-15 10:11:56,1501.5,193356
2021-06-15 10:11:57,1500.8,193366
2021-06-15 10:11:58,1500.8,193366
2021-06-15 10:11:59,1500.8,193566
2021-06-15 10:12:00,1500.8,193566
2021-06-15 10:12:01,1500.8,193566
2021-06-15 10:12:02,1500.8,193566
2021-06-15 10:12:03,1500.8,193586
2021-06-15 10:12:05,1500.8,193586
2021-06-15 10:12:05,1500.8,193586
2021-06-15 10:12:06,1500.5,193661
2021-06-15 10:12:07,1500.05,193763
2021-06-15 10:12:08,1500.05,193763
2021-06-15 10:12:09,1500.05,193763
2021-06-15 10:12:10,1500.05,193763
2021-06-15 10:12:11,1500.05,193763
2021-06-15 10:12:12,1500.05,193763
2021-06-15 10:12:13,1500.05,193763
2021-06-15 10:12:14,1501.0,193766
2021-06-15 10:12:15,1501.0,193766
2021-06-15 10:12:16,1501.0,193766
2021-06-15 10:12:17,1500.1,193906
2021-06-15 10:12:19,1500.1,193906
2021-06-15 10:12:21,1500.15,194006
2021-06-15 10:12:22,1500.15,194006
2021-06-15 10:12:22,1500.15,194006
2021-06-15 10:12:24,1500.15,194006
2021-06-15 10:12:25,1500.15,194006
2021-06-15 10:12:26,1500.15,194006
2021-06-15 10:12:27,1500.15,194006
2021-06-15 10:12:28,1500.15,194006
2021-06-15 10:12:29,1500.15,194006
2021-06-15 10:12:30,1501.0,194206
2021-06-15 10:12:30,1501.0,194206
2021-06-15 10:12:32,1500.2,194406
2021-06-15 10:12:34,1500.25,194446
2021-06-15 10:12:35,1500.25,194446
2021-06-15 10:12:36,1500.25,194446
2021-06-15 10:12:38,1500.25,194446
2021-06-15 10:12:39,1500.3,194466
2021-06-15 10:12:40,1500.3,194466
2021-06-15 10:12:41,1501.2,194666
2021-06-15 10:12:42,1501.2,194666
2021-06-15 10:12:43,1501.2,194666
2021-06-15 10:12:44,1501.2,194666
2021-06-15 10:12:45,1501.2,194666
2021-06-15 10:12:46,1501.0,194678
2021-06-15 10:12:47,1501.0,194678
2021-06-15 10:12:47,1501.0,194678
2021-06-15 10:12:48,1501.0,194681
2021-06-15 10:12:49,1501.0,194681
2021-06-15 10:12:50,1500.25,194696
2021-06-15 10:12:51,1500.25,194696
2021-06-15 10:12:52,1500.25,194696
2021-06-15 10:12:54,1501.25,194847
2021-06-15 10:12:56,1500.0,194902
2021-06-15 10:12:57,1500.0,194902
2021-06-15 10:12:58,1500.0,194902
2021-06-15 10:12:59,1500.0,194902
2021-06-15 10:13:00,1501.05,194912
2021-06-15 10:13:01,1501.05,194912
2021-06-15 10:13:01,1501.05,194912
2021-06-15 10:13:02,1500.15,194915
2021-06-15 10:13:03,1500.15,194965
2021-06-15 10:13:04,1500.15,194965
2021-06-15 10:13:05,1500.15,194965
2021-06-15 10:13:06,1500.15,194965
2021-06-15 10:13:07,1500.15,194965
2021-06-15 10:13:09,1501.0,195015
2021-06-15 10:13:10,1500.0,195525
2021-06-15 10:13:11,1500.0,195526
2021-06-15 10:13:12,1500.0,195526
2021-06-15 10:13:12,1501.0,195531
2021-06-15 10:13:13,1500.0,195581
2021-06-15 10:13:14,1501.0,195591
2021-06-15 10:13:15,1501.0,195591
2021-06-15 10:13:18,1501.0,195591
2021-06-15 10:13:19,1501.0,195591
2021-06-15 10:13:20,1501.0,195591
2021-06-15 10:13:21,1501.0,195591
2021-06-15 10:13:22,1501.0,195591
2021-06-15 10:13:22,1501.0,195601
2021-06-15 10:13:24,1500.05,195701
2021-06-15 10:13:25,1500.05,195701
2021-06-15 10:13:26,1500.05,195743
2021-06-15 10:13:27,1500.0,195803
2021-06-15 10:13:28,1500.05,195863
2021-06-15 10:13:29,1500.05,195863
2021-06-15 10:13:30,1500.05,195863
2021-06-15 10:13:33,1500.05,195863
2021-06-15 10:13:34,1500.05,195863
2021-06-15 10:13:35,1500.05,195863
2021-06-15 10:13:35,1500.05,195863
2021-06-15 10:13:36,1500.05,195863
2021-06-15 10:13:37,1501.0,195903
2021-06-15 10:13:38,1501.0,195903
2021-06-15 10:13:39,1501.0,195903
2021-06-15 10:13:40,1501.0,195903
2021-06-15 10:13:41,1500.15,195913
2021-06-15 10:13:43,1500.05,196071
2021-06-15 10:13:44,1500.05,196071
2021-06-15 10:13:45,1500.05,196071
2021-06-15 10:13:46,1500.05,196071
2021-06-15 10:13:47,1500.1,196132
2021-06-15 10:13:47,1500.1,196132
2021-06-15 10:13:48,1500.1,196132
2021-06-15 10:13:49,1500.1,196132
2021-06-15 10:13:52,1500.15,196147
2021-06-15 10:13:53,1500.15,196158
2021-06-15 10:13:54,1500.15,196198
2021-06-15 10:13:55,1500.15,196198
2021-06-15 10:13:56,1500.15,196211
2021-06-15 10:13:57,1500.05,196412
2021-06-15 10:13:58,1500.05,196412
2021-06-15 10:13:59,1500.05,196415
2021-06-15 10:14:00,1500.05,196415
2021-06-15 10:14:01,1500.05,196415
2021-06-15 10:14:02,1500.05,196415
2021-06-15 10:14:03,1500.05,196415
2021-06-15 10:14:04,1500.05,196415
2021-06-15 10:14:05,1500.05,196415
2021-06-15 10:14:06,1500.05,196415
2021-06-15 10:14:07,1500.05,196415
2021-06-15 10:14:08,1500.05,196415
2021-06-15 10:14:09,1500.05,196415
2021-06-15 10:14:10,1500.95,196445
2021-06-15 10:14:11,1500.95,196445
2021-06-15 10:14:12,1500.95,196450
2021-06-15 10:14:13,1500.95,196450
2021-06-15 10:14:14,1500.95,196450
2021-06-15 10:14:15,1500.05,196470
2021-06-15 10:14:17,1500.05,196470
2021-06-15 10:14:18,1500.05,196470
2021-06-15 10:14:19,1500.05,196470
2021-06-15 10:14:20,1500.05,196470
2021-06-15 10:14:21,1501.0,197481
2021-06-15 10:14:22,1501.0,197481
2021-06-15 10:14:23,1501.0,197481
2021-06-15 10:14:25,1501.0,197481
2021-06-15 10:14:26,1501.0,197481
2021-06-15 10:14:27,1501.0,197491
2021-06-15 10:14:27,1501.0,197481
2021-06-15 10:14:29,1501.0,197511
2021-06-15 10:14:30,1501.0,197511
2021-06-15 10:14:31,1501.0,197511
2021-06-15 10:14:32,1501.0,197511
2021-06-15 10:14:32,1500.15,197536
2021-06-15 10:14:33,1500.15,197536
2021-06-15 10:14:34,1500.15,197536
2021-06-15 10:14:35,1500.15,197536
2021-06-15 10:14:36,1500.15,197536
2021-06-15 10:14:38,1500.15,197536
2021-06-15 10:14:39,1500.15,197536
2021-06-15 10:14:40,1500.15,197536
2021-06-15 10:14:41,1500.15,197536
2021-06-15 10:14:42,1500.15,197536
2021-06-15 10:14:43,1500.15,197536
2021-06-15 10:14:44,1500.15,197536
2021-06-15 10:14:45,1500.15,197937
2021-06-15 10:14:45,1500.05,197637
2021-06-15 10:14:46,1500.15,197937
2021-06-15 10:14:47,1500.05,198036
2021-06-15 10:14:48,1500.05,198036
2021-06-15 10:14:50,1500.05,198036
2021-06-15 10:14:51,1500.05,198036
2021-06-15 10:14:52,1500.05,198036
2021-06-15 10:14:53,1500.05,198036
2021-06-15 10:14:54,1500.05,198036
2021-06-15 10:14:55,1500.05,198036
2021-06-15 10:14:56,1500.05,198036
2021-06-15 10:14:57,1500.0,198049
2021-06-15 10:14:58,1500.0,198049
2021-06-15 10:15:00,1500.05,198054
2021-06-15 10:15:02,1500.8,198059
2021-06-15 10:15:03,1500.8,198059
2021-06-15 10:15:04,1500.8,198059
2021-06-15 10:15:05,1500.8,198059
2021-06-15 10:15:06,1500.95,198259
2021-06-15 10:15:07,1500.95,198259
2021-06-15 10:15:07,1500.95,198259
2021-06-15 10:15:09,1500.95,198359
2021-06-15 10:15:10,1500.95,198359
2021-06-15 10:15:13,1500.95,198402
2021-06-15 10:15:14,1500.95,198402
2021-06-15 10:15:15,1500.95,198402
2021-06-15 10:15:18,1500.25,198422
2021-06-15 10:15:19,1500.25,198422
2021-06-15 10:15:20,1501.0,198579
2021-06-15 10:15:21,1501.0,198579
2021-06-15 10:15:22,1501.0,198848
2021-06-15 10:15:23,1501.0,198848
2021-06-15 10:15:24,1500.35,198884
2021-06-15 10:15:25,1500.35,198884
2021-06-15 10:15:26,1500.35,198884
2021-06-15 10:15:27,1500.35,198884
2021-06-15 10:15:28,1500.35,198884
2021-06-15 10:15:29,1500.35,198884
2021-06-15 10:15:30,1500.35,198884
2021-06-15 10:15:31,1500.35,198884
