timestamp,ltp,volume
2021-06-15 09:15:46,2556.7,64073
2021-06-15 09:15:47,2555.3,65636
2021-06-15 09:15:48,2555.9,65879
2021-06-15 09:15:49,2555.25,66249
2021-06-15 09:15:50,2555.9,66494
2021-06-15 09:15:51,2556.4,66646
2021-06-15 09:15:52,2556.4,67135
2021-06-15 09:15:54,2555.65,68732
2021-06-15 09:15:53,2555.95,68384
2021-06-15 09:15:55,2556.6,68852
2021-06-15 09:15:56,2556.5,69394
2021-06-15 09:15:57,2556.5,70317
2021-06-15 09:15:58,2556.5,70317
2021-06-15 09:15:59,2556.5,70443
2021-06-15 09:16:00,2556.5,70495
2021-06-15 09:16:02,2556.5,70968
2021-06-15 09:16:01,2556.5,70968
2021-06-15 09:16:04,2557.5,72725
2021-06-15 09:16:06,2558.75,73528
2021-06-15 09:16:07,2558.25,76696
2021-06-15 09:16:08,2558.05,77474
2021-06-15 09:16:09,2558.75,78044
2021-06-15 09:16:11,2559.0,80097
2021-06-15 09:16:14,2555.05,88615
2021-06-15 09:16:15,2554.75,89867
2021-06-15 09:16:16,2554.25,90184
2021-06-15 09:16:17,2554.3,90920
2021-06-15 09:16:18,2554.0,91761
2021-06-15 09:16:19,2553.75,91910
2021-06-15 09:16:20,2552.85,92149
2021-06-15 09:16:21,2552.95,92244
2021-06-15 09:16:22,2554.65,92870
2021-06-15 09:16:23,2553.8,93132
2021-06-15 09:16:24,2553.4,93637
2021-06-15 09:16:25,2553.4,93749
2021-06-15 09:16:26,2553.4,93779
2021-06-15 09:16:27,2553.4,93967
2021-06-15 09:16:28,2552.95,94135
2021-06-15 09:16:30,2552.35,94223
2021-06-15 09:16:31,2553.0,95185
2021-06-15 09:16:32,2553.0,95270
2021-06-15 09:16:33,2551.95,96482
2021-06-15 09:16:34,2551.95,96483
2021-06-15 09:16:35,2551.95,96801
2021-06-15 09:16:36,2551.95,96801
2021-06-15 09:16:37,2553.0,96821
2021-06-15 09:16:38,2552.15,97894
2021-06-15 09:16:39,2553.05,98016
2021-06-15 09:16:40,2552.85,98181
2021-06-15 09:16:40,2552.85,98181
2021-06-15 09:16:41,2551.95,98400
2021-06-15 09:16:42,2553.1,98797
2021-06-15 09:16:43,2552.3,98843
2021-06-15 09:16:44,2552.35,98844
2021-06-15 09:16:45,2552.95,99017
2021-06-15 09:16:46,2552.95,99181
2021-06-15 09:16:48,2552.95,99218
2021-06-15 09:16:48,2552.95,99218
2021-06-15 09:16:49,2552.35,99229
2021-06-15 09:16:50,2552.35,99529
2021-06-15 09:16:52,2552.35,99628
2021-06-15 09:16:52,2552.35,99989
2021-06-15 09:16:53,2552.35,100312
2021-06-15 09:16:54,2552.3,101226
2021-06-15 09:16:56,2552.35,101624
2021-06-15 09:16:56,2552.35,101708
2021-06-15 09:16:57,2552.45,102228
2021-06-15 09:16:58,2552.45,102491
2021-06-15 09:16:59,2553.3,102568
2021-06-15 09:17:00,2553.15,102592
2021-06-15 09:17:01,2554.0,102925
2021-06-15 09:17:03,2553.65,102939
2021-06-15 09:17:03,2555.05,103257
2021-06-15 09:17:04,2555.6,103357
2021-06-15 09:17:05,2556.3,103426
2021-06-15 09:17:06,2554.75,103777
2021-06-15 09:17:07,2554.75,104444
2021-06-15 09:17:08,2555.0,105392
2021-06-15 09:17:11,2554.35,106790
2021-06-15 09:17:12,2554.35,107013
2021-06-15 09:17:13,2554.8,107452
2021-06-15 09:17:14,2554.35,107549
2021-06-15 09:17:16,2553.95,107586
2021-06-15 09:17:17,2552.8,108346
2021-06-15 09:17:18,2552.7,108699
2021-06-15 09:17:18,2552.85,108537
2021-06-15 09:17:19,2552.5,108877
2021-06-15 09:17:20,2553.5,108883
2021-06-15 09:17:21,2552.55,108981
2021-06-15 09:17:22,2553.5,109361
2021-06-15 09:17:23,2554.35,109654
2021-06-15 09:17:24,2553.8,109734
2021-06-15 09:17:25,2553.75,109774
2021-06-15 09:17:26,2553.75,109780
2021-06-15 09:17:30,2554.55,109821
2021-06-15 09:17:30,2553.75,109824
2021-06-15 09:17:31,2553.75,109824
2021-06-15 09:17:32,2554.6,110966
2021-06-15 09:17:33,2554.6,111072
2021-06-15 09:17:34,2553.75,111077
2021-06-15 09:17:36,2553.7,111511
2021-06-15 09:17:39,2554.55,112174
2021-06-15 09:17:39,2554.55,112174
2021-06-15 09:17:40,2553.75,112210
2021-06-15 09:17:41,2553.75,112280
2021-06-15 09:17:42,2554.45,112590
2021-06-15 09:17:43,2553.75,112725
2021-06-15 09:17:44,2554.2,112914
2021-06-15 09:17:45,2553.3,113150
2021-06-15 09:17:46,2553.0,113472
2021-06-15 09:17:47,2553.0,113496
2021-06-15 09:17:49,2553.0,113611
2021-06-15 09:17:50,2552.6,113864
2021-06-15 09:17:51,2552.6,113952
2021-06-15 09:17:52,2552.6,114056
2021-06-15 09:17:53,2552.3,114342
2021-06-15 09:17:54,2552.3,114517
2021-06-15 09:17:55,2552.15,114987
2021-06-15 09:17:57,2552.5,115073
2021-06-15 09:17:57,2552.5,115073
2021-06-15 09:17:58,2551.75,116109
2021-06-15 09:17:59,2551.5,116162
2021-06-15 09:18:01,2551.45,116312
2021-06-15 09:18:02,2551.4,116323
2021-06-15 09:18:03,2550.7,116420
2021-06-15 09:18:04,2550.7,116612
2021-06-15 09:18:05,2550.7,116612
2021-06-15 09:18:06,2551.45,116946
2021-06-15 09:18:07,2550.7,116966
2021-06-15 09:18:08,2551.45,117913
2021-06-15 09:18:11,2552.0,118476
2021-06-15 09:18:12,2552.0,118803
2021-06-15 09:18:13,2551.45,118813
2021-06-15 09:18:14,2551.45,118944
2021-06-15 09:18:15,2552.0,119273
2021-06-15 09:18:17,2551.45,119434
2021-06-15 09:18:18,2551.45,119434
2021-06-15 09:18:19,2551.8,119497
2021-06-15 09:18:20,2551.8,119622
2021-06-15 09:18:21,2551.8,119623
2021-06-15 09:18:21,2551.8,119623
2021-06-15 09:18:22,2552.3,119830
2021-06-15 09:18:23,2551.7,120447
2021-06-15 09:18:24,2551.7,120540
2021-06-15 09:18:25,2551.7,120540
2021-06-15 09:18:27,2551.7,120614
2021-06-15 09:18:28,2551.7,120728
2021-06-15 09:18:28,2551.7,120728
2021-06-15 09:18:29,2552.4,120878
2021-06-15 09:18:30,2551.7,120933
2021-06-15 09:18:31,2551.7,120933
2021-06-15 09:18:32,2551.7,121543
2021-06-15 09:18:33,2551.75,121634
2021-06-15 09:18:35,2551.55,121821
2021-06-15 09:18:36,2551.55,121821
2021-06-15 09:18:37,2552.2,121831
2021-06-15 09:18:38,2552.3,121981
2021-06-15 09:18:38,2552.3,121981
2021-06-15 09:18:39,2552.45,122231
2021-06-15 09:18:40,2551.95,122312
2021-06-15 09:18:41,2552.0,122423
2021-06-15 09:18:42,2551.9,122575
2021-06-15 09:18:44,2552.2,122625
2021-06-15 09:18:45,2551.9,122718
2021-06-15 09:18:45,2551.9,122718
2021-06-15 09:18:46,2551.85,123436
2021-06-15 09:18:47,2550.75,123788
2021-06-15 09:18:49,2550.7,123932
2021-06-15 09:18:50,2550.7,124063
2021-06-15 09:18:50,2551.3,124067
2021-06-15 09:18:51,2550.7,124139
2021-06-15 09:18:52,2551.45,124501
2021-06-15 09:18:53,2551.4,125378
2021-06-15 09:18:55,2551.3,125395
2021-06-15 09:18:56,2551.75,125478
2021-06-15 09:18:56,2551.75,125478
2021-06-15 09:18:57,2551.25,125726
2021-06-15 09:18:58,2551.15,125748
2021-06-15 09:19:00,2551.45,125846
2021-06-15 09:19:01,2551.15,125906
2021-06-15 09:19:02,2551.05,126033
2021-06-15 09:19:03,2551.2,126185
2021-06-15 09:19:04,2551.05,126341
2021-06-15 09:19:05,2551.05,126377
2021-06-15 09:19:06,2551.05,126474
2021-06-15 09:19:07,2551.05,126507
2021-06-15 09:19:08,2551.05,126563
2021-06-15 09:19:09,2550.9,127098
2021-06-15 09:19:10,2550.9,127269
2021-06-15 09:19:11,2550.9,127425
2021-06-15 09:19:11,2550.9,127461
2021-06-15 09:19:12,2550.9,127918
2021-06-15 09:19:13,2550.3,127951
2021-06-15 09:19:14,2550.3,127951
2021-06-15 09:19:15,2550.3,128375
2021-06-15 09:19:16,2550.3,128440
2021-06-15 09:19:17,2550.7,129559
2021-06-15 09:19:18,2551.15,129811
2021-06-15 09:19:20,2551.5,129846
2021-06-15 09:19:21,2551.55,130078
2021-06-15 09:19:21,2551.8,130103
2021-06-15 09:19:22,2551.5,130126
2021-06-15 09:19:23,2551.5,130396
2021-06-15 09:19:24,2551.8,130416
2021-06-15 09:19:26,2551.3,130489
2021-06-15 09:19:27,2551.3,130489
2021-06-15 09:19:28,2551.3,130520
2021-06-15 09:19:28,2551.3,130605
2021-06-15 09:19:29,2552.15,130726
2021-06-15 09:19:30,2551.3,130760
2021-06-15 09:19:31,2551.25,131134
2021-06-15 09:19:32,2551.25,131169
2021-06-15 09:19:33,2551.0,132047
2021-06-15 09:19:35,2551.7,132048
2021-06-15 09:19:36,2550.6,132262
2021-06-15 09:19:37,2550.6,132364
2021-06-15 09:19:38,2550.65,132517
2021-06-15 09:19:39,2550.65,132517
2021-06-15 09:19:40,2550.65,132760
2021-06-15 09:19:41,2550.65,132803
2021-06-15 09:19:42,2550.3,132929
2021-06-15 09:19:42,2550.3,132934
2021-06-15 09:19:43,2550.3,132934
2021-06-15 09:19:44,2550.45,133212
2021-06-15 09:19:45,2550.1,133271
2021-06-15 09:19:46,2550.65,133389
2021-06-15 09:19:48,2550.65,133501
2021-06-15 09:19:49,2550.5,133594
2021-06-15 09:19:50,2550.5,133595
2021-06-15 09:19:50,2550.5,133752
2021-06-15 09:19:51,2550.65,133778
2021-06-15 09:19:52,2550.75,134475
2021-06-15 09:19:53,2550.7,134719
2021-06-15 09:19:54,2550.55,134812
2021-06-15 09:19:56,2550.55,134874
2021-06-15 09:19:57,2550.7,135093
2021-06-15 09:19:58,2547.45,137282
2021-06-15 09:19:59,2550.0,139382
2021-06-15 09:20:00,2549.9,139772
2021-06-15 09:20:01,2549.35,139979
2021-06-15 09:20:02,2549.15,140157
2021-06-15 09:20:04,2549.4,140229
2021-06-15 09:20:05,2549.15,140267
2021-06-15 09:20:06,2549.45,140369
2021-06-15 09:20:07,2549.45,140369
2021-06-15 09:20:07,2549.45,140369
2021-06-15 09:20:08,2549.15,140649
2021-06-15 09:20:09,2549.6,140766
2021-06-15 09:20:10,2550.8,143092
2021-06-15 09:20:11,2550.8,143092
2021-06-15 09:20:12,2550.8,143092
2021-06-15 09:20:13,2550.8,143155
2021-06-15 09:20:15,2550.8,143155
2021-06-15 09:20:16,2551.45,143156
2021-06-15 09:20:17,2550.8,143223
2021-06-15 09:20:17,2550.8,143286
2021-06-15 09:20:18,2550.4,143760
2021-06-15 09:20:19,2550.4,143921
2021-06-15 09:20:20,2550.85,143990
2021-06-15 09:20:21,2550.9,144165
2021-06-15 09:20:23,2550.9,144165
2021-06-15 09:20:24,2550.75,144259
2021-06-15 09:20:25,2550.65,144309
2021-06-15 09:20:26,2550.5,144434
2021-06-15 09:20:27,2550.5,144441
2021-06-15 09:20:28,2550.05,144615
2021-06-15 09:20:29,2549.0,145222
2021-06-15 09:20:30,2549.7,145224
2021-06-15 09:20:30,2549.7,145224
2021-06-15 09:20:31,2549.35,145331
2021-06-15 09:20:32,2549.4,145332
2021-06-15 09:20:35,2549.0,145406
2021-06-15 09:20:36,2549.0,145418
2021-06-15 09:20:37,2549.4,145672
2021-06-15 09:20:37,2549.4,145674
2021-06-15 09:20:38,2548.7,145774
2021-06-15 09:20:39,2549.4,145859
2021-06-15 09:20:40,2550.55,146170
2021-06-15 09:20:41,2549.4,146180
2021-06-15 09:20:43,2549.35,146280
2021-06-15 09:20:44,2549.35,146280
2021-06-15 09:20:45,2549.35,146280
2021-06-15 09:20:46,2549.35,146280
2021-06-15 09:20:47,2549.35,146280
2021-06-15 09:20:48,2550.3,146295
2021-06-15 09:20:48,2550.0,146296
2021-06-15 09:20:49,2550.0,146435
2021-06-15 09:20:50,2550.0,146435
2021-06-15 09:20:52,2550.0,146597
2021-06-15 09:20:53,2550.0,146598
2021-06-15 09:20:53,2550.0,146598
2021-06-15 09:20:54,2550.0,146598
2021-06-15 09:20:56,2550.0,146639
2021-06-15 09:20:58,2550.0,146639
2021-06-15 09:20:59,2550.0,146715
2021-06-15 09:21:00,2549.75,146929
2021-06-15 09:21:01,2549.9,146950
2021-06-15 09:21:01,2549.75,146954
2021-06-15 09:21:02,2549.75,147183
2021-06-15 09:21:03,2549.75,147183
2021-06-15 09:21:04,2549.75,147183
2021-06-15 09:21:05,2550.0,147207
2021-06-15 09:21:06,2549.65,147285
2021-06-15 09:21:07,2549.75,147662
2021-06-15 09:21:09,2549.75,147693
2021-06-15 09:21:11,2550.05,147793
2021-06-15 09:21:12,2550.0,148076
2021-06-15 09:21:13,2550.0,148159
2021-06-15 09:21:13,2550.0,148159
2021-06-15 09:21:14,2550.0,148258
2021-06-15 09:21:15,2549.55,148724
2021-06-15 09:21:16,2549.5,148737
2021-06-15 09:21:18,2549.85,148931
2021-06-15 09:21:19,2550.0,149131
2021-06-15 09:21:19,2550.0,149135
2021-06-15 09:21:21,2550.0,149135
2021-06-15 09:21:22,2550.0,149135
2021-06-15 09:21:23,2550.0,151072
2021-06-15 09:21:23,2550.0,151072
2021-06-15 09:21:24,2549.6,151544
2021-06-15 09:21:25,2550.05,151564
2021-06-15 09:21:26,2550.05,151772
2021-06-15 09:21:29,2550.4,151881
2021-06-15 09:21:30,2551.0,151981
2021-06-15 09:21:31,2551.0,151981
2021-06-15 09:21:32,2551.0,152084
2021-06-15 09:21:32,2551.0,152084
2021-06-15 09:21:33,2550.3,152204
2021-06-15 09:21:34,2551.0,152359
2021-06-15 09:21:36,2551.6,152381
2021-06-15 09:21:38,2551.7,152382
2021-06-15 09:21:39,2551.85,152635
2021-06-15 09:21:40,2551.85,152635
2021-06-15 09:21:41,2551.55,152650
2021-06-15 09:21:42,2551.1,152868
2021-06-15 09:21:43,2551.15,153053
2021-06-15 09:21:43,2551.15,153053
2021-06-15 09:21:44,2551.15,153053
2021-06-15 09:21:45,2551.85,153078
2021-06-15 09:21:46,2551.85,153113
2021-06-15 09:21:47,2551.25,153122
2021-06-15 09:21:49,2551.8,153223
2021-06-15 09:21:51,2551.25,153487
2021-06-15 09:21:52,2551.25,153487
2021-06-15 09:21:53,2551.65,153616
2021-06-15 09:21:54,2551.25,153652
2021-06-15 09:21:55,2551.25,153652
2021-06-15 09:21:56,2551.6,153653
2021-06-15 09:21:56,2551.6,153656
2021-06-15 09:21:57,2551.7,153856
2021-06-15 09:21:58,2551.75,153956
2021-06-15 09:21:59,2551.75,153956
2021-06-15 09:22:00,2551.35,154220
2021-06-15 09:22:02,2551.45,154241
2021-06-15 09:22:03,2551.65,154242
2021-06-15 09:22:04,2551.75,154312
2021-06-15 09:22:05,2551.5,154774
2021-06-15 09:22:06,2552.0,154824
2021-06-15 09:22:07,2551.95,154849
2021-06-15 09:22:07,2551.95,154849
2021-06-15 09:22:08,2551.5,155059
2021-06-15 09:22:10,2551.5,155356
2021-06-15 09:22:11,2551.5,155356
2021-06-15 09:22:12,2552.0,155599
2021-06-15 09:22:13,2551.9,156032
2021-06-15 09:22:14,2552.0,156082
2021-06-15 09:22:15,2552.0,156385
2021-06-15 09:22:16,2552.0,156385
2021-06-15 09:22:17,2552.0,156385
2021-06-15 09:22:19,2552.15,156425
2021-06-15 09:22:20,2551.9,157675
2021-06-15 09:22:21,2552.0,157708
2021-06-15 09:22:22,2551.85,157739
2021-06-15 09:22:23,2551.85,157739
2021-06-15 09:22:23,2551.9,157742
2021-06-15 09:22:24,2551.85,158329
2021-06-15 09:22:26,2551.75,158366
2021-06-15 09:22:27,2551.65,158407
2021-06-15 09:22:28,2551.65,158735
2021-06-15 09:22:29,2551.65,158748
2021-06-15 09:22:29,2551.65,158763
2021-06-15 09:22:30,2551.65,158763
2021-06-15 09:22:31,2551.25,158807
2021-06-15 09:22:33,2551.45,158811
2021-06-15 09:22:34,2551.65,158812
2021-06-15 09:22:35,2551.65,158827
2021-06-15 09:22:36,2551.65,158827
2021-06-15 09:22:37,2551.65,158833
2021-06-15 09:22:38,2551.65,158951
2021-06-15 09:22:39,2551.65,159080
2021-06-15 09:22:40,2551.65,159105
2021-06-15 09:22:41,2551.65,159116
2021-06-15 09:22:42,2551.65,159176
2021-06-15 09:22:44,2551.65,159190
2021-06-15 09:22:45,2551.25,159415
2021-06-15 09:22:46,2551.6,159416
2021-06-15 09:22:47,2551.0,159573
2021-06-15 09:22:48,2551.25,159577
2021-06-15 09:22:49,2550.95,159883
2021-06-15 09:22:49,2550.95,159883
2021-06-15 09:22:50,2551.5,159898
2021-06-15 09:22:51,2551.05,160214
2021-06-15 09:22:52,2551.25,160239
2021-06-15 09:22:53,2551.25,160261
2021-06-15 09:22:56,2551.35,160266
2021-06-15 09:22:57,2551.05,160561
2021-06-15 09:22:58,2550.55,160632
2021-06-15 09:22:59,2550.55,160633
2021-06-15 09:23:01,2550.55,160649
2021-06-15 09:23:02,2550.55,160733
2021-06-15 09:23:03,2550.55,160805
2021-06-15 09:23:04,2550.55,160810
2021-06-15 09:23:05,2550.0,160830
2021-06-15 09:23:06,2550.3,160840
2021-06-15 09:23:07,2550.0,160854
2021-06-15 09:23:08,2550.0,160854
2021-06-15 09:23:09,2550.3,160855
2021-06-15 09:23:10,2550.3,160898
2021-06-15 09:23:11,2550.3,160902
2021-06-15 09:23:12,2550.0,161010
2021-06-15 09:23:13,2550.55,161268
2021-06-15 09:23:14,2550.55,161268
2021-06-15 09:23:14,2550.55,161268
2021-06-15 09:23:16,2550.55,161364
2021-06-15 09:23:17,2549.75,161458
2021-06-15 09:23:18,2550.55,161459
2021-06-15 09:23:19,2549.75,161522
2021-06-15 09:23:20,2549.75,161567
2021-06-15 09:23:21,2549.75,161598
2021-06-15 09:23:22,2550.5,161729
2021-06-15 09:23:23,2550.5,161811
2021-06-15 09:23:24,2549.6,161913
2021-06-15 09:23:25,2549.5,161945
2021-06-15 09:23:27,2549.5,162007
2021-06-15 09:23:28,2549.5,162042
2021-06-15 09:23:29,2549.4,162264
2021-06-15 09:23:30,2549.6,162314
2021-06-15 09:23:31,2549.6,162324
2021-06-15 09:23:32,2549.4,162387
2021-06-15 09:23:33,2549.4,162489
2021-06-15 09:23:34,2550.0,163377
2021-06-15 09:23:35,2550.0,163408
2021-06-15 09:23:36,2550.15,163518
2021-06-15 09:23:37,2550.25,163701
2021-06-15 09:23:38,2550.15,163769
2021-06-15 09:23:39,2550.0,164196
2021-06-15 09:23:40,2550.0,164620
2021-06-15 09:23:41,2550.15,164653
2021-06-15 09:23:42,2550.15,165061
2021-06-15 09:23:43,2550.15,165246
2021-06-15 09:23:44,2550.15,165281
2021-06-15 09:23:45,2550.15,165382
2021-06-15 09:23:46,2550.15,165382
2021-06-15 09:23:48,2550.0,165384
2021-06-15 09:23:49,2550.15,165385
2021-06-15 09:23:50,2550.0,165635
2021-06-15 09:23:51,2550.0,165666
2021-06-15 09:23:52,2550.15,165716
2021-06-15 09:23:53,2550.15,165856
2021-06-15 09:23:54,2550.0,165875
2021-06-15 09:23:55,2550.0,165875
2021-06-15 09:23:56,2550.2,165876
2021-06-15 09:23:56,2550.2,165876
2021-06-15 09:23:57,2550.2,165884
2021-06-15 09:23:59,2552.0,166514
2021-06-15 09:23:59,2552.0,166514
2021-06-15 09:24:00,2551.1,166608
2021-06-15 09:24:01,2551.85,166643
2021-06-15 09:24:02,2551.1,166837
2021-06-15 09:24:03,2551.1,166899
2021-06-15 09:24:04,2551.65,166901
2021-06-15 09:24:05,2551.65,166965
2021-06-15 09:24:06,2551.65,166965
2021-06-15 09:24:07,2551.65,167095
2021-06-15 09:24:08,2551.7,167146
2021-06-15 09:24:09,2551.1,167188
2021-06-15 09:24:11,2551.1,167250
2021-06-15 09:24:12,2551.1,167250
2021-06-15 09:24:13,2551.1,167250
2021-06-15 09:24:14,2551.1,167544
2021-06-15 09:24:15,2551.1,167575
2021-06-15 09:24:16,2551.65,167576
2021-06-15 09:24:17,2551.55,167626
2021-06-15 09:24:18,2551.55,167626
2021-06-15 09:24:19,2551.55,167626
2021-06-15 09:24:20,2551.55,167666
2021-06-15 09:24:21,2551.55,167666
2021-06-15 09:24:22,2551.1,167791
2021-06-15 09:24:23,2551.55,167792
2021-06-15 09:24:24,2551.7,168192
2021-06-15 09:24:25,2551.1,168319
2021-06-15 09:24:25,2551.1,168322
2021-06-15 09:24:27,2551.5,168368
2021-06-15 09:24:28,2551.5,168381
2021-06-15 09:24:29,2551.5,168381
2021-06-15 09:24:30,2551.5,169163
2021-06-15 09:24:31,2551.5,169163
2021-06-15 09:24:31,2551.5,169194
2021-06-15 09:24:32,2551.5,169225
2021-06-15 09:24:33,2551.5,169225
2021-06-15 09:24:34,2551.55,169257
2021-06-15 09:24:35,2551.5,169322
2021-06-15 09:24:36,2551.5,169323
2021-06-15 09:24:37,2551.05,170863
2021-06-15 09:24:38,2550.05,170894
2021-06-15 09:24:39,2550.0,170960
2021-06-15 09:24:42,2550.0,171227
2021-06-15 09:24:43,2550.0,171267
2021-06-15 09:24:44,2550.0,171330
2021-06-15 09:24:45,2550.0,171393
2021-06-15 09:24:46,2550.0,171635
2021-06-15 09:24:47,2549.65,171759
2021-06-15 09:24:48,2550.0,171795
2021-06-15 09:24:49,2549.1,171921
2021-06-15 09:24:50,2549.1,171921
2021-06-15 09:24:51,2549.1,171921
2021-06-15 09:24:52,2550.0,171986
2021-06-15 09:24:53,2549.4,172125
2021-06-15 09:24:54,2549.85,172126
2021-06-15 09:24:55,2549.4,172128
2021-06-15 09:24:56,2549.4,172203
2021-06-15 09:24:57,2549.85,172211
2021-06-15 09:24:58,2549.4,172257
2021-06-15 09:24:59,2549.65,172259
2021-06-15 09:25:00,2549.4,172272
2021-06-15 09:25:01,2549.4,172272
2021-06-15 09:25:02,2549.4,172287
2021-06-15 09:25:03,2549.55,172389
2021-06-15 09:25:05,2549.4,172495
2021-06-15 09:25:06,2548.25,172989
2021-06-15 09:25:07,2548.1,173114
2021-06-15 09:25:08,2548.15,173179
2021-06-15 09:25:09,2548.15,173450
2021-06-15 09:25:10,2548.6,173452
2021-06-15 09:25:11,2548.6,173530
2021-06-15 09:25:12,2548.55,173610
2021-06-15 09:25:13,2548.0,174901
2021-06-15 09:25:14,2548.0,174903
2021-06-15 09:25:15,2547.95,174955
2021-06-15 09:25:16,2547.95,174955
2021-06-15 09:25:17,2547.95,174956
2021-06-15 09:25:18,2547.95,174956
2021-06-15 09:25:19,2547.0,174960
2021-06-15 09:25:20,2547.0,174960
2021-06-15 09:25:21,2547.95,174961
2021-06-15 09:25:22,2547.2,174962
2021-06-15 09:25:23,2547.2,175033
2021-06-15 09:25:24,2547.2,175033
2021-06-15 09:25:25,2547.9,175034
2021-06-15 09:25:26,2547.9,175127
2021-06-15 09:25:27,2547.1,175427
2021-06-15 09:25:28,2547.55,175537
2021-06-15 09:25:29,2547.55,175537
2021-06-15 09:25:30,2547.55,175637
2021-06-15 09:25:31,2547.55,175637
2021-06-15 09:25:32,2547.3,175639
2021-06-15 09:25:33,2547.5,175691
2021-06-15 09:25:34,2547.3,175696
2021-06-15 09:25:40,2547.0,176761
2021-06-15 09:25:41,2546.2,176776
2021-06-15 09:25:42,2547.0,176876
2021-06-15 09:25:44,2546.9,176963
2021-06-15 09:25:45,2546.9,177211
2021-06-15 09:25:46,2546.9,177237
2021-06-15 09:25:47,2546.3,177288
2021-06-15 09:25:48,2546.3,177288
2021-06-15 09:25:49,2546.3,177376
2021-06-15 09:25:50,2546.7,177433
2021-06-15 09:25:51,2546.0,177449
2021-06-15 09:25:52,2546.35,177458
2021-06-15 09:25:53,2546.25,177488
2021-06-15 09:25:54,2546.25,177490
2021-06-15 09:25:55,2545.1,178512
2021-06-15 09:25:56,2545.1,178512
2021-06-15 09:25:57,2545.9,178564
2021-06-15 09:25:58,2545.05,178627
2021-06-15 09:25:59,2545.05,178727
2021-06-15 09:26:00,2545.5,178806
2021-06-15 09:26:02,2545.05,178906
2021-06-15 09:26:03,2545.45,178937
2021-06-15 09:26:04,2545.45,179272
2021-06-15 09:26:05,2545.45,179327
2021-06-15 09:26:06,2545.45,179327
2021-06-15 09:26:07,2545.45,179327
2021-06-15 09:26:08,2545.45,179478
2021-06-15 09:26:09,2545.1,179783
2021-06-15 09:26:10,2545.45,179784
2021-06-15 09:26:11,2545.0,180241
2021-06-15 09:26:12,2545.0,180661
2021-06-15 09:26:13,2545.45,180893
2021-06-15 09:26:14,2545.45,180893
2021-06-15 09:26:15,2545.0,180993
2021-06-15 09:26:16,2545.0,180994
2021-06-15 09:26:17,2545.0,181069
2021-06-15 09:26:18,2545.0,181852
2021-06-15 09:26:20,2545.1,182075
2021-06-15 09:26:21,2545.55,183110
2021-06-15 09:26:22,2545.35,183798
2021-06-15 09:26:23,2545.7,183860
2021-06-15 09:26:24,2546.0,183927
2021-06-15 09:26:25,2545.7,184083
2021-06-15 09:26:26,2545.7,184116
2021-06-15 09:26:27,2545.7,184226
2021-06-15 09:26:28,2546.0,184343
2021-06-15 09:26:29,2546.0,184503
2021-06-15 09:26:33,2545.85,184974
2021-06-15 09:26:37,2545.8,185421
2021-06-15 09:26:38,2545.75,185595
2021-06-15 09:26:39,2545.75,185767
2021-06-15 09:26:40,2545.7,185984
2021-06-15 09:26:41,2546.2,186093
2021-06-15 09:26:42,2545.7,186217
2021-06-15 09:26:43,2545.6,186403
2021-06-15 09:26:44,2545.7,186761
2021-06-15 09:26:45,2546.5,186837
2021-06-15 09:26:46,2546.8,186954
2021-06-15 09:26:47,2546.5,187017
2021-06-15 09:26:48,2546.5,187079
2021-06-15 09:26:49,2546.25,187205
2021-06-15 09:26:50,2546.25,187205
2021-06-15 09:26:51,2546.85,187387
2021-06-15 09:26:52,2547.0,187474
2021-06-15 09:26:53,2546.85,187536
2021-06-15 09:26:54,2547.0,187559
2021-06-15 09:26:55,2547.0,187559
2021-06-15 09:26:56,2547.0,187589
2021-06-15 09:26:57,2547.0,187996
2021-06-15 09:26:58,2546.0,188016
2021-06-15 09:26:59,2546.95,188132
2021-06-15 09:27:00,2546.7,188257
2021-06-15 09:27:01,2547.0,188277
2021-06-15 09:27:02,2546.95,188298
2021-06-15 09:27:03,2547.0,188609
2021-06-15 09:27:04,2547.0,188609
2021-06-15 09:27:05,2546.9,188655
2021-06-15 09:27:07,2546.7,188722
2021-06-15 09:27:07,2546.95,188747
2021-06-15 09:27:08,2546.95,188747
2021-06-15 09:27:09,2547.45,188912
2021-06-15 09:27:10,2546.95,189088
2021-06-15 09:27:11,2548.0,189220
2021-06-15 09:27:12,2548.9,190266
2021-06-15 09:27:13,2547.75,190336
2021-06-15 09:27:14,2547.75,190399
2021-06-15 09:27:15,2547.85,190581
2021-06-15 09:27:16,2547.85,190683
2021-06-15 09:27:17,2547.85,190809
2021-06-15 09:27:18,2548.55,190888
2021-06-15 09:27:19,2548.55,190960
2021-06-15 09:27:20,2548.0,191037
2021-06-15 09:27:21,2548.0,191038
2021-06-15 09:27:22,2548.0,191038
2021-06-15 09:27:23,2548.0,191038
2021-06-15 09:27:24,2548.55,191230
2021-06-15 09:27:26,2548.55,191242
2021-06-15 09:27:26,2548.0,191246
2021-06-15 09:27:27,2548.25,191286
2021-06-15 09:27:28,2548.4,191460
2021-06-15 09:27:29,2548.15,191597
2021-06-15 09:27:31,2548.4,191697
2021-06-15 09:27:32,2548.4,191723
2021-06-15 09:27:33,2548.4,191745
2021-06-15 09:27:34,2548.4,191745
2021-06-15 09:27:34,2548.4,191745
2021-06-15 09:27:35,2548.4,191750
2021-06-15 09:27:36,2548.4,191750
2021-06-15 09:27:37,2548.35,192180
2021-06-15 09:27:38,2548.35,192180
2021-06-15 09:27:39,2548.45,192190
2021-06-15 09:27:40,2548.95,192293
2021-06-15 09:27:41,2548.95,192293
2021-06-15 09:27:42,2548.95,192297
2021-06-15 09:27:43,2548.95,192297
2021-06-15 09:27:44,2548.4,192402
2021-06-15 09:27:45,2548.65,193294
2021-06-15 09:27:46,2548.65,193294
2021-06-15 09:27:47,2548.65,193320
2021-06-15 09:27:48,2548.55,193434
2021-06-15 09:27:49,2548.0,193785
2021-06-15 09:27:50,2548.55,193849
2021-06-15 09:27:51,2548.55,193849
2021-06-15 09:27:52,2548.55,193850
2021-06-15 09:27:53,2548.0,194204
2021-06-15 09:27:54,2547.95,194210
2021-06-15 09:27:55,2547.95,194230
2021-06-15 09:27:56,2547.5,194385
2021-06-15 09:27:57,2547.5,194421
2021-06-15 09:27:58,2547.5,194421
2021-06-15 09:27:59,2547.35,194546
2021-06-15 09:28:01,2547.85,194583
2021-06-15 09:28:02,2547.85,194583
2021-06-15 09:28:03,2547.75,194731
2021-06-15 09:28:05,2547.5,194909
2021-06-15 09:28:06,2547.75,195009
2021-06-15 09:28:07,2547.85,195109
2021-06-15 09:28:08,2547.5,195119
2021-06-15 09:28:09,2547.5,195129
2021-06-15 09:28:10,2547.5,195141
2021-06-15 09:28:11,2547.55,195168
2021-06-15 09:28:12,2547.55,195168
2021-06-15 09:28:13,2547.55,195193
2021-06-15 09:28:14,2547.5,195282
2021-06-15 09:28:15,2547.5,195400
2021-06-15 09:28:16,2547.5,195485
2021-06-15 09:28:17,2547.5,195486
2021-06-15 09:28:18,2547.5,195487
2021-06-15 09:28:19,2547.4,195488
2021-06-15 09:28:20,2547.35,195519
2021-06-15 09:28:21,2547.4,195521
2021-06-15 09:28:22,2547.0,195585
2021-06-15 09:28:23,2547.3,195946
2021-06-15 09:28:24,2547.3,196010
2021-06-15 09:28:25,2547.5,196377
2021-06-15 09:28:26,2547.3,196519
2021-06-15 09:28:28,2547.3,196654
2021-06-15 09:28:29,2547.0,196716
2021-06-15 09:28:30,2547.3,196719
2021-06-15 09:28:31,2546.75,196969
2021-06-15 09:28:32,2546.75,196969
2021-06-15 09:28:33,2547.3,197083
2021-06-15 09:28:34,2547.35,197163
2021-06-15 09:28:35,2546.95,197164
2021-06-15 09:28:36,2546.95,197164
2021-06-15 09:28:37,2546.95,197164
2021-06-15 09:28:38,2546.95,197164
2021-06-15 09:28:39,2547.35,197189
2021-06-15 09:28:40,2547.35,197273
2021-06-15 09:28:41,2547.35,197273
2021-06-15 09:28:42,2547.35,197273
2021-06-15 09:28:43,2547.35,197273
2021-06-15 09:28:44,2547.35,197281
2021-06-15 09:28:45,2547.35,197289
2021-06-15 09:28:46,2547.1,197294
2021-06-15 09:28:47,2547.1,197294
2021-06-15 09:28:48,2547.1,197314
2021-06-15 09:28:49,2547.1,197314
2021-06-15 09:28:50,2547.35,197319
2021-06-15 09:28:51,2547.35,197343
2021-06-15 09:28:52,2547.25,197378
2021-06-15 09:28:53,2547.25,197478
2021-06-15 09:28:54,2547.05,197627
2021-06-15 09:28:55,2547.05,197627
2021-06-15 09:28:56,2547.05,197627
2021-06-15 09:28:57,2547.05,197627
2021-06-15 09:28:58,2547.05,197627
2021-06-15 09:28:59,2547.25,197634
2021-06-15 09:29:00,2547.0,197641
2021-06-15 09:29:01,2547.0,197641
2021-06-15 09:29:02,2547.25,197644
2021-06-15 09:29:03,2547.0,197645
2021-06-15 09:29:04,2547.0,197647
2021-06-15 09:29:05,2547.45,198310
2021-06-15 09:29:06,2547.45,198310
2021-06-15 09:29:07,2547.45,198310
2021-06-15 09:29:08,2547.45,198572
2021-06-15 09:29:09,2547.45,198572
2021-06-15 09:29:10,2547.75,198597
2021-06-15 09:29:11,2547.75,198597
2021-06-15 09:29:12,2547.75,198597
2021-06-15 09:29:13,2547.75,198597
2021-06-15 09:29:14,2547.75,198597
2021-06-15 09:29:15,2547.75,198633
2021-06-15 09:29:16,2547.75,198633
2021-06-15 09:29:18,2548.0,198726
2021-06-15 09:29:19,2548.0,198726
2021-06-15 09:29:20,2548.15,199086
2021-06-15 09:29:21,2548.0,199104
2021-06-15 09:29:22,2548.4,199155
2021-06-15 09:29:23,2548.4,199155
2021-06-15 09:29:24,2548.4,199223
2021-06-15 09:29:25,2548.4,199223
2021-06-15 09:29:26,2549.9,199302
2021-06-15 09:29:27,2548.75,199312
2021-06-15 09:29:29,2549.75,199456
2021-06-15 09:29:30,2549.9,199617
2021-06-15 09:29:31,2549.9,199687
2021-06-15 09:29:32,2549.45,199892
2021-06-15 09:29:34,2549.45,199892
2021-06-15 09:29:35,2549.45,199892
2021-06-15 09:29:36,2549.45,199900
2021-06-15 09:29:37,2549.45,199900
2021-06-15 09:29:39,2549.5,200304
2021-06-15 09:29:40,2549.5,200304
2021-06-15 09:29:41,2549.9,200364
2021-06-15 09:29:43,2550.4,200563
2021-06-15 09:29:44,2550.0,200618
2021-06-15 09:29:45,2549.9,200690
2021-06-15 09:29:46,2549.9,200700
2021-06-15 09:29:47,2550.3,200824
2021-06-15 09:29:48,2549.65,200885
2021-06-15 09:29:48,2549.7,200985
2021-06-15 09:29:49,2550.7,201085
2021-06-15 09:29:50,2549.75,201117
2021-06-15 09:29:51,2550.75,201378
2021-06-15 09:29:52,2551.0,201398
2021-06-15 09:29:53,2551.0,201398
2021-06-15 09:29:54,2551.85,202753
2021-06-15 09:29:55,2552.0,202856
2021-06-15 09:29:56,2552.0,202856
2021-06-15 09:29:57,2552.0,203066
2021-06-15 09:29:58,2552.0,203089
2021-06-15 09:29:59,2551.3,203343
2021-06-15 09:30:00,2551.35,203444
2021-06-15 09:30:01,2551.35,203480
2021-06-15 09:30:02,2552.0,203487
2021-06-15 09:30:04,2553.1,206090
2021-06-15 09:30:05,2553.0,206163
2021-06-15 09:30:06,2553.05,206168
2021-06-15 09:30:07,2553.1,206183
2021-06-15 09:30:08,2553.4,206559
2021-06-15 09:30:09,2551.6,212774
2021-06-15 09:30:10,2551.6,212774
2021-06-15 09:30:11,2551.55,212903
2021-06-15 09:30:13,2551.55,213426
2021-06-15 09:30:14,2551.55,213619
2021-06-15 09:30:15,2551.25,214280
2021-06-15 09:30:16,2551.25,214280
2021-06-15 09:30:17,2552.0,214333
2021-06-15 09:30:18,2552.0,214333
2021-06-15 09:30:19,2552.0,214333
2021-06-15 09:30:20,2552.0,214333
2021-06-15 09:30:21,2552.05,214488
2021-06-15 09:30:22,2552.05,214488
2021-06-15 09:30:23,2551.9,214824
2021-06-15 09:30:24,2551.9,215031
2021-06-15 09:30:25,2551.9,215104
2021-06-15 09:30:26,2551.9,215167
2021-06-15 09:30:27,2551.9,215167
2021-06-15 09:30:28,2552.0,215168
2021-06-15 09:30:29,2552.0,215177
2021-06-15 09:30:30,2552.0,215227
2021-06-15 09:30:31,2552.0,215377
2021-06-15 09:30:32,2552.0,215377
2021-06-15 09:30:32,2552.0,215377
2021-06-15 09:30:33,2552.05,215620
2021-06-15 09:30:35,2552.9,215628
2021-06-15 09:30:36,2552.9,215628
2021-06-15 09:30:37,2552.5,215638
2021-06-15 09:30:38,2552.05,215939
2021-06-15 09:30:39,2552.7,216204
2021-06-15 09:30:40,2553.05,216309
2021-06-15 09:30:41,2552.5,216312
2021-06-15 09:30:42,2552.9,216520
2021-06-15 09:30:43,2552.5,216570
2021-06-15 09:30:44,2553.0,216571
2021-06-15 09:30:45,2552.5,216575
2021-06-15 09:30:46,2552.9,216580
2021-06-15 09:30:47,2553.0,216590
2021-06-15 09:30:48,2552.5,216719
2021-06-15 09:30:49,2552.5,216719
2021-06-15 09:30:50,2552.5,216719
2021-06-15 09:30:51,2552.5,216719
2021-06-15 09:30:52,2552.5,216764
2021-06-15 09:30:53,2552.5,216764
2021-06-15 09:30:54,2553.0,216765
2021-06-15 09:30:57,2552.5,216972
2021-06-15 09:30:58,2552.5,217081
2021-06-15 09:30:59,2553.0,217091
2021-06-15 09:31:00,2553.0,217226
2021-06-15 09:31:01,2553.0,217240
2021-06-15 09:31:02,2553.0,217399
2021-06-15 09:31:03,2553.0,217399
2021-06-15 09:31:04,2552.9,217619
2021-06-15 09:31:05,2553.0,217707
2021-06-15 09:31:06,2553.0,217789
2021-06-15 09:31:07,2553.0,217823
2021-06-15 09:31:08,2553.1,218097
2021-06-15 09:31:09,2552.9,218170
2021-06-15 09:31:10,2554.45,218304
2021-06-15 09:31:11,2553.25,218490
2021-06-15 09:31:12,2554.1,218627
2021-06-15 09:31:13,2554.1,218696
2021-06-15 09:31:14,2554.1,218697
2021-06-15 09:31:15,2554.1,218697
2021-06-15 09:31:16,2554.1,218709
2021-06-15 09:31:17,2554.45,218838
2021-06-15 09:31:18,2553.4,218901
2021-06-15 09:31:19,2553.4,219051
2021-06-15 09:31:20,2553.4,219051
2021-06-15 09:31:21,2554.05,219615
2021-06-15 09:31:22,2554.1,219631
2021-06-15 09:31:23,2554.5,219711
2021-06-15 09:31:24,2554.8,219888
2021-06-15 09:31:25,2554.9,220040
2021-06-15 09:31:26,2554.9,220040
2021-06-15 09:31:27,2554.9,220040
2021-06-15 09:31:28,2554.9,220040
2021-06-15 09:31:29,2554.85,220060
2021-06-15 09:31:30,2554.5,220148
2021-06-15 09:31:31,2554.8,220208
2021-06-15 09:31:32,2554.0,221756
2021-06-15 09:31:33,2554.05,221806
2021-06-15 09:31:34,2554.0,221826
2021-06-15 09:31:35,2553.0,221951
2021-06-15 09:31:36,2554.0,221956
2021-06-15 09:31:37,2553.65,222077
2021-06-15 09:31:38,2553.95,222210
2021-06-15 09:31:39,2554.05,222562
2021-06-15 09:31:40,2554.05,222562
2021-06-15 09:31:41,2554.0,222662
2021-06-15 09:31:42,2554.4,222742
2021-06-15 09:31:44,2554.0,222792
2021-06-15 09:31:44,2554.0,222792
2021-06-15 09:31:46,2553.95,223540
2021-06-15 09:31:47,2553.7,223668
2021-06-15 09:31:48,2553.5,223690
2021-06-15 09:31:48,2553.5,223865
2021-06-15 09:31:50,2553.5,223890
2021-06-15 09:31:50,2553.5,223890
2021-06-15 09:31:51,2553.5,223890
2021-06-15 09:31:53,2553.5,223906
2021-06-15 09:31:53,2553.0,223945
2021-06-15 09:31:55,2553.5,224095
2021-06-15 09:31:56,2553.5,224156
2021-06-15 09:31:57,2553.5,224156
2021-06-15 09:31:58,2553.9,224366
2021-06-15 09:31:58,2553.0,224371
2021-06-15 09:31:59,2553.9,224397
2021-06-15 09:32:00,2553.9,224397
2021-06-15 09:32:01,2553.4,224460
2021-06-15 09:32:02,2553.7,224860
2021-06-15 09:32:03,2553.4,224880
2021-06-15 09:32:04,2553.5,225030
2021-06-15 09:32:05,2553.5,225030
2021-06-15 09:32:06,2553.5,225134
2021-06-15 09:32:07,2553.45,225497
2021-06-15 09:32:09,2553.35,225561
2021-06-15 09:32:10,2552.65,226061
2021-06-15 09:32:10,2552.5,226136
2021-06-15 09:32:11,2553.1,226227
2021-06-15 09:32:12,2553.1,226238
2021-06-15 09:32:13,2552.5,226241
2021-06-15 09:32:14,2552.5,226476
2021-06-15 09:32:15,2552.5,226476
2021-06-15 09:32:16,2552.5,226517
2021-06-15 09:32:17,2552.5,226548
2021-06-15 09:32:18,2552.5,226594
2021-06-15 09:32:19,2552.8,226694
2021-06-15 09:32:20,2552.5,226696
2021-06-15 09:32:21,2552.5,226696
2021-06-15 09:32:22,2552.5,226696
2021-06-15 09:32:23,2552.85,227044
2021-06-15 09:32:24,2552.9,227055
2021-06-15 09:32:25,2552.85,227106
2021-06-15 09:32:27,2553.0,227333
2021-06-15 09:32:28,2552.9,227458
2021-06-15 09:32:29,2552.9,227634
2021-06-15 09:32:31,2552.9,227747
2021-06-15 09:32:32,2552.9,227747
2021-06-15 09:32:33,2553.5,227810
2021-06-15 09:32:35,2552.75,228030
2021-06-15 09:32:37,2552.75,228067
2021-06-15 09:32:38,2551.9,228529
2021-06-15 09:32:39,2551.95,228539
2021-06-15 09:32:40,2551.9,228581
2021-06-15 09:32:42,2551.95,228586
2021-06-15 09:32:44,2551.95,228587
2021-06-15 09:32:45,2551.95,228587
2021-06-15 09:32:46,2551.8,229362
2021-06-15 09:32:47,2551.55,229364
2021-06-15 09:32:48,2551.35,229396
2021-06-15 09:32:49,2551.0,229729
2021-06-15 09:32:50,2551.0,229792
2021-06-15 09:32:51,2550.0,230821
2021-06-15 09:32:52,2550.0,231597
2021-06-15 09:32:53,2549.35,231639
2021-06-15 09:32:56,2549.35,231639
2021-06-15 09:32:57,2549.25,231640
2021-06-15 09:32:58,2549.0,231802
2021-06-15 09:32:58,2549.0,232008
2021-06-15 09:33:01,2548.35,232807
2021-06-15 09:33:02,2548.35,232807
2021-06-15 09:33:03,2548.35,232807
2021-06-15 09:33:04,2549.25,232812
2021-06-15 09:33:05,2549.25,232814
2021-06-15 09:33:06,2549.25,232814
2021-06-15 09:33:07,2549.0,232914
2021-06-15 09:33:08,2550.0,233449
2021-06-15 09:33:09,2550.0,233449
2021-06-15 09:33:10,2550.4,233548
2021-06-15 09:33:10,2550.4,233548
2021-06-15 09:33:12,2550.4,233548
2021-06-15 09:33:14,2551.0,233610
2021-06-15 09:33:15,2551.0,233610
2021-06-15 09:33:16,2551.0,233610
2021-06-15 09:33:17,2551.65,233727
2021-06-15 09:33:18,2551.65,233727
2021-06-15 09:33:18,2551.65,233727
2021-06-15 09:33:19,2551.1,233759
2021-06-15 09:33:21,2551.1,233759
2021-06-15 09:33:22,2551.1,233760
2021-06-15 09:33:23,2551.1,233760
2021-06-15 09:33:24,2551.15,233853
2021-06-15 09:33:25,2551.7,234054
2021-06-15 09:33:26,2551.7,234054
2021-06-15 09:33:27,2551.15,234151
2021-06-15 09:33:28,2551.15,234151
2021-06-15 09:33:29,2551.15,234151
2021-06-15 09:33:30,2551.5,234161
2021-06-15 09:33:31,2551.15,234192
2021-06-15 09:33:32,2551.5,234222
2021-06-15 09:33:33,2551.25,234562
2021-06-15 09:33:34,2551.25,234714
2021-06-15 09:33:35,2551.15,234745
2021-06-15 09:33:36,2551.15,234745
2021-06-15 09:33:37,2551.1,235307
2021-06-15 09:33:38,2551.1,235307
2021-06-15 09:33:39,2551.3,235607
2021-06-15 09:33:40,2551.3,235607
2021-06-15 09:33:41,2551.3,235607
2021-06-15 09:33:42,2551.3,235607
2021-06-15 09:33:43,2551.3,235607
2021-06-15 09:33:44,2551.15,235612
2021-06-15 09:33:45,2551.15,235612
2021-06-15 09:33:46,2551.3,236055
2021-06-15 09:33:47,2551.3,236087
2021-06-15 09:33:48,2551.0,236577
2021-06-15 09:33:49,2550.75,237987
2021-06-15 09:33:50,2550.75,237987
2021-06-15 09:33:51,2551.45,238197
2021-06-15 09:33:52,2551.45,238197
2021-06-15 09:33:54,2551.45,238237
2021-06-15 09:33:55,2551.3,238239
2021-06-15 09:33:56,2551.3,238239
2021-06-15 09:33:57,2550.8,238884
2021-06-15 09:33:58,2551.0,239009
2021-06-15 09:33:59,2551.0,239009
2021-06-15 09:34:00,2551.0,239009
2021-06-15 09:34:01,2552.0,239182
2021-06-15 09:34:02,2552.0,239182
2021-06-15 09:34:02,2552.0,239182
2021-06-15 09:34:04,2552.0,239182
2021-06-15 09:34:05,2551.2,239282
2021-06-15 09:34:06,2551.2,239282
2021-06-15 09:34:07,2551.2,239282
2021-06-15 09:34:08,2551.2,239287
2021-06-15 09:34:09,2551.2,239588
2021-06-15 09:34:10,2551.3,239626
2021-06-15 09:34:11,2551.2,239673
2021-06-15 09:34:12,2551.15,240020
2021-06-15 09:34:13,2551.15,240020
2021-06-15 09:34:14,2551.05,240051
2021-06-15 09:34:15,2551.05,240082
2021-06-15 09:34:16,2551.05,240117
2021-06-15 09:34:17,2551.3,240383
2021-06-15 09:34:18,2551.1,240432
2021-06-15 09:34:19,2551.1,240528
2021-06-15 09:34:20,2551.1,240528
2021-06-15 09:34:21,2551.1,240528
2021-06-15 09:34:22,2551.05,240838
2021-06-15 09:34:23,2551.0,241086
2021-06-15 09:34:23,2551.0,241086
2021-06-15 09:34:24,2551.0,241086
2021-06-15 09:34:26,2550.95,241190
2021-06-15 09:34:27,2551.0,241203
2021-06-15 09:34:28,2551.0,241203
2021-06-15 09:34:29,2550.9,241324
2021-06-15 09:34:30,2550.8,241385
2021-06-15 09:34:31,2550.35,241490
2021-06-15 09:34:32,2550.55,241583
2021-06-15 09:34:33,2550.45,241588
2021-06-15 09:34:34,2550.4,241599
2021-06-15 09:34:35,2550.4,241599
2021-06-15 09:34:36,2550.0,241601
2021-06-15 09:34:37,2550.4,241605
2021-06-15 09:34:38,2550.4,241721
2021-06-15 09:34:39,2550.4,241748
2021-06-15 09:34:40,2550.75,241948
2021-06-15 09:34:41,2550.75,241948
2021-06-15 09:34:42,2550.0,242085
2021-06-15 09:34:43,2548.55,242750
2021-06-15 09:34:44,2549.75,242789
2021-06-15 09:34:45,2549.45,242839
2021-06-15 09:34:46,2549.45,242839
2021-06-15 09:34:47,2549.45,242839
2021-06-15 09:34:48,2549.45,242843
2021-06-15 09:34:49,2548.45,242984
2021-06-15 09:34:51,2548.45,243266
2021-06-15 09:34:52,2548.45,243268
2021-06-15 09:34:52,2548.45,243268
2021-06-15 09:34:55,2549.4,243278
2021-06-15 09:34:56,2549.4,243278
2021-06-15 09:34:57,2549.4,243278
2021-06-15 09:34:58,2549.25,243293
2021-06-15 09:34:59,2549.3,243793
2021-06-15 09:35:00,2548.85,243804
2021-06-15 09:35:01,2547.65,245080
2021-06-15 09:35:02,2547.4,245221
2021-06-15 09:35:03,2547.05,245328
2021-06-15 09:35:04,2547.05,245338
2021-06-15 09:35:05,2546.2,245383
2021-06-15 09:35:06,2546.2,245383
2021-06-15 09:35:07,2546.95,245385
2021-06-15 09:35:08,2546.2,245472
2021-06-15 09:35:09,2546.95,245558
2021-06-15 09:35:10,2546.95,245558
2021-06-15 09:35:11,2546.2,245630
2021-06-15 09:35:12,2546.9,245660
2021-06-15 09:35:13,2546.9,245660
2021-06-15 09:35:14,2546.25,245701
2021-06-15 09:35:15,2546.25,245791
2021-06-15 09:35:16,2546.25,245812
2021-06-15 09:35:17,2546.25,245812
2021-06-15 09:35:18,2546.25,245833
2021-06-15 09:35:19,2546.7,245883
2021-06-15 09:35:20,2546.25,245920
2021-06-15 09:35:21,2546.9,246164
2021-06-15 09:35:22,2548.0,246472
2021-06-15 09:35:23,2547.65,246473
2021-06-15 09:35:25,2547.65,246512
2021-06-15 09:35:28,2547.65,246628
2021-06-15 09:35:29,2547.65,246628
2021-06-15 09:35:30,2547.65,246628
2021-06-15 09:35:31,2547.7,246633
2021-06-15 09:35:32,2547.7,246633
2021-06-15 09:35:34,2547.7,246633
2021-06-15 09:35:35,2547.7,246633
2021-06-15 09:35:36,2547.7,246633
2021-06-15 09:35:37,2548.4,246648
2021-06-15 09:35:38,2548.0,246652
2021-06-15 09:35:39,2548.4,246667
2021-06-15 09:35:40,2548.4,246673
2021-06-15 09:35:41,2548.4,246708
2021-06-15 09:35:42,2548.4,246773
2021-06-15 09:35:43,2548.0,246774
2021-06-15 09:35:45,2548.0,246774
2021-06-15 09:35:46,2548.3,246776
2021-06-15 09:35:47,2548.3,246777
2021-06-15 09:35:48,2548.0,246939
2021-06-15 09:35:49,2548.0,247039
2021-06-15 09:35:50,2548.2,247094
2021-06-15 09:35:51,2548.2,247296
2021-06-15 09:35:52,2548.0,247396
2021-06-15 09:35:53,2548.0,247396
2021-06-15 09:35:54,2548.0,247396
2021-06-15 09:35:55,2548.0,247397
2021-06-15 09:35:56,2548.0,247627
2021-06-15 09:35:57,2548.35,247635
2021-06-15 09:35:58,2547.85,248811
2021-06-15 09:35:59,2547.8,249111
2021-06-15 09:36:00,2547.5,249648
2021-06-15 09:36:01,2547.5,249648
2021-06-15 09:36:02,2547.3,249649
2021-06-15 09:36:03,2547.3,249649
2021-06-15 09:36:04,2547.7,249654
2021-06-15 09:36:05,2547.7,249654
2021-06-15 09:36:06,2547.7,249654
2021-06-15 09:36:07,2547.65,249655
2021-06-15 09:36:08,2547.6,249656
2021-06-15 09:36:09,2547.6,249656
2021-06-15 09:36:10,2547.45,249826
2021-06-15 09:36:11,2547.45,249826
2021-06-15 09:36:12,2547.65,250304
2021-06-15 09:36:13,2547.55,250329
2021-06-15 09:36:14,2547.4,250467
2021-06-15 09:36:15,2547.5,250530
2021-06-15 09:36:16,2547.5,250540
2021-06-15 09:36:17,2547.65,250541
2021-06-15 09:36:18,2547.65,250541
2021-06-15 09:36:19,2547.6,250611
2021-06-15 09:36:20,2547.6,250619
2021-06-15 09:36:21,2547.6,250619
2021-06-15 09:36:22,2547.6,250619
2021-06-15 09:36:23,2547.6,250620
2021-06-15 09:36:24,2547.7,250820
2021-06-15 09:36:25,2548.15,251234
2021-06-15 09:36:26,2548.15,251234
2021-06-15 09:36:27,2547.9,251356
2021-06-15 09:36:29,2547.9,251356
2021-06-15 09:36:30,2548.4,251358
2021-06-15 09:36:31,2547.9,251391
2021-06-15 09:36:32,2547.9,251405
2021-06-15 09:36:33,2547.9,251405
2021-06-15 09:36:34,2547.9,251405
2021-06-15 09:36:35,2548.3,251435
2021-06-15 09:36:36,2547.75,251796
2021-06-15 09:36:37,2547.75,251796
2021-06-15 09:36:38,2547.75,251796
2021-06-15 09:36:39,2547.6,252068
2021-06-15 09:36:40,2547.85,252069
2021-06-15 09:36:41,2548.0,253000
2021-06-15 09:36:42,2548.15,253053
2021-06-15 09:36:43,2548.0,253054
2021-06-15 09:36:44,2548.0,253094
2021-06-15 09:36:45,2548.0,253094
2021-06-15 09:36:46,2548.0,253114
2021-06-15 09:36:47,2548.0,253126
2021-06-15 09:36:48,2548.0,253126
2021-06-15 09:36:49,2548.0,253126
2021-06-15 09:36:50,2548.0,253126
2021-06-15 09:36:51,2548.15,253151
2021-06-15 09:36:55,2548.15,253155
2021-06-15 09:36:56,2548.15,253769
2021-06-15 09:36:57,2548.0,253770
2021-06-15 09:36:58,2548.0,253836
2021-06-15 09:36:59,2548.0,253837
2021-06-15 09:37:00,2548.0,254137
2021-06-15 09:37:01,2547.9,254964
2021-06-15 09:37:02,2547.9,254964
2021-06-15 09:37:03,2547.9,254964
2021-06-15 09:37:04,2547.5,254969
2021-06-15 09:37:05,2547.5,254969
2021-06-15 09:37:06,2547.65,254994
2021-06-15 09:37:07,2547.65,254994
2021-06-15 09:37:09,2547.65,254994
2021-06-15 09:37:10,2547.6,255144
2021-06-15 09:37:11,2547.6,255170
2021-06-15 09:37:11,2547.6,255170
2021-06-15 09:37:13,2547.6,255176
2021-06-15 09:37:14,2547.6,255182
2021-06-15 09:37:15,2547.5,255232
2021-06-15 09:37:16,2547.5,255482
2021-06-15 09:37:17,2547.5,255519
2021-06-15 09:37:18,2547.45,255795
2021-06-15 09:37:19,2547.45,255907
2021-06-15 09:37:20,2547.35,256044
2021-06-15 09:37:21,2547.45,256045
2021-06-15 09:37:22,2547.45,256095
2021-06-15 09:37:24,2547.45,256095
2021-06-15 09:37:25,2547.45,256095
2021-06-15 09:37:26,2547.5,256096
2021-06-15 09:37:27,2547.45,256100
2021-06-15 09:37:28,2547.5,256115
2021-06-15 09:37:29,2547.5,256132
2021-06-15 09:37:30,2547.5,256142
2021-06-15 09:37:31,2547.35,256511
2021-06-15 09:37:32,2547.35,256511
2021-06-15 09:37:33,2547.45,256513
2021-06-15 09:37:34,2547.45,256513
2021-06-15 09:37:35,2547.45,256513
2021-06-15 09:37:36,2547.5,256553
2021-06-15 09:37:37,2547.45,256565
2021-06-15 09:37:38,2547.35,256580
2021-06-15 09:37:39,2547.45,256680
2021-06-15 09:37:40,2547.45,256680
2021-06-15 09:37:41,2547.45,256680
2021-06-15 09:37:42,2547.45,256680
2021-06-15 09:37:43,2547.45,256680
2021-06-15 09:37:44,2547.45,256685
2021-06-15 09:37:46,2547.45,256707
2021-06-15 09:37:47,2547.35,256712
2021-06-15 09:37:48,2547.35,257094
2021-06-15 09:37:49,2547.0,257674
2021-06-15 09:37:49,2547.0,257679
2021-06-15 09:37:50,2547.0,258538
2021-06-15 09:37:51,2547.3,258545
2021-06-15 09:37:52,2547.3,258967
2021-06-15 09:37:53,2546.15,259497
2021-06-15 09:37:54,2546.1,259528
2021-06-15 09:37:56,2546.1,259528
2021-06-15 09:37:57,2546.1,259683
2021-06-15 09:37:58,2547.0,259724
2021-06-15 09:37:59,2547.0,259724
2021-06-15 09:38:00,2546.95,259725
2021-06-15 09:38:00,2546.95,259725
2021-06-15 09:38:01,2546.95,259725
2021-06-15 09:38:02,2546.95,259725
2021-06-15 09:38:03,2546.95,259725
2021-06-15 09:38:04,2546.95,259725
2021-06-15 09:38:05,2546.1,259731
2021-06-15 09:38:06,2546.1,259733
2021-06-15 09:38:07,2546.1,259733
2021-06-15 09:38:08,2546.3,259734
2021-06-15 09:38:10,2546.3,259749
2021-06-15 09:38:10,2546.55,259940
2021-06-15 09:38:11,2546.6,259950
2021-06-15 09:38:12,2546.6,259950
2021-06-15 09:38:13,2546.6,259950
2021-06-15 09:38:14,2546.55,260482
2021-06-15 09:38:15,2546.55,260482
2021-06-15 09:38:16,2546.55,260544
2021-06-15 09:38:17,2546.55,260657
2021-06-15 09:38:18,2546.55,260700
2021-06-15 09:38:19,2546.55,260762
2021-06-15 09:38:21,2547.0,260763
2021-06-15 09:38:21,2547.0,260763
2021-06-15 09:38:22,2546.6,260773
2021-06-15 09:38:23,2547.0,260873
2021-06-15 09:38:24,2546.6,260923
2021-06-15 09:38:25,2546.6,260924
2021-06-15 09:38:26,2546.6,260924
2021-06-15 09:38:27,2546.6,260987
2021-06-15 09:38:29,2547.0,260992
2021-06-15 09:38:30,2546.85,261002
2021-06-15 09:38:31,2546.85,261002
2021-06-15 09:38:33,2546.85,261011
2021-06-15 09:38:33,2546.85,261011
2021-06-15 09:38:34,2546.85,261011
2021-06-15 09:38:35,2546.85,261026
2021-06-15 09:38:37,2546.6,261192
2021-06-15 09:38:39,2547.1,262472
2021-06-15 09:38:40,2547.1,262534
2021-06-15 09:38:41,2547.25,262598
2021-06-15 09:38:43,2547.1,262638
2021-06-15 09:38:44,2548.15,262716
2021-06-15 09:38:45,2548.0,262736
2021-06-15 09:38:47,2548.0,262736
2021-06-15 09:38:47,2548.0,262736
2021-06-15 09:38:48,2548.0,262736
2021-06-15 09:38:49,2547.15,262953
2021-06-15 09:38:50,2547.15,262994
2021-06-15 09:38:51,2547.15,262994
2021-06-15 09:38:52,2547.15,263044
2021-06-15 09:38:53,2547.15,263048
2021-06-15 09:38:54,2547.7,263248
2021-06-15 09:38:55,2547.1,263333
2021-06-15 09:38:56,2547.7,263390
2021-06-15 09:38:57,2547.7,263400
2021-06-15 09:38:58,2547.15,263682
2021-06-15 09:38:59,2547.15,263682
2021-06-15 09:39:00,2547.15,263783
2021-06-15 09:39:01,2547.15,263783
2021-06-15 09:39:02,2547.35,264093
2021-06-15 09:39:04,2547.5,266828
2021-06-15 09:39:04,2547.5,266828
2021-06-15 09:39:05,2548.0,266920
2021-06-15 09:39:06,2548.05,266952
2021-06-15 09:39:07,2548.65,267033
2021-06-15 09:39:08,2548.65,267204
2021-06-15 09:39:10,2549.0,267304
2021-06-15 09:39:10,2549.4,267376
2021-06-15 09:39:12,2550.0,267398
2021-06-15 09:39:13,2550.0,267398
2021-06-15 09:39:14,2550.0,267637
2021-06-15 09:39:16,2550.0,267637
2021-06-15 09:39:17,2550.0,267637
2021-06-15 09:39:18,2550.0,267637
2021-06-15 09:39:19,2549.7,267707
2021-06-15 09:39:21,2549.7,267987
2021-06-15 09:39:22,2550.0,268046
2021-06-15 09:39:23,2550.9,268193
2021-06-15 09:39:24,2550.9,268193
2021-06-15 09:39:25,2550.9,268193
2021-06-15 09:39:26,2550.85,268408
2021-06-15 09:39:27,2550.95,268489
2021-06-15 09:39:28,2550.5,268509
2021-06-15 09:39:29,2550.95,268576
2021-06-15 09:39:30,2550.95,268580
2021-06-15 09:39:31,2550.5,269147
2021-06-15 09:39:32,2550.5,269228
2021-06-15 09:39:33,2550.55,269307
2021-06-15 09:39:34,2549.2,274449
2021-06-15 09:39:35,2549.2,274515
2021-06-15 09:39:36,2549.15,274520
2021-06-15 09:39:37,2548.85,275011
2021-06-15 09:39:38,2549.15,275036
2021-06-15 09:39:39,2549.15,275036
2021-06-15 09:39:41,2549.15,275239
2021-06-15 09:39:42,2549.0,275414
2021-06-15 09:39:43,2548.6,276338
2021-06-15 09:39:44,2548.0,276401
2021-06-15 09:39:45,2548.0,276401
2021-06-15 09:39:46,2548.6,276417
2021-06-15 09:39:48,2548.6,276417
2021-06-15 09:39:49,2548.0,277120
2021-06-15 09:39:51,2548.0,277169
2021-06-15 09:39:52,2548.0,277169
2021-06-15 09:39:53,2548.0,277169
2021-06-15 09:39:54,2548.0,277180
2021-06-15 09:39:55,2548.0,277180
2021-06-15 09:39:56,2548.0,277430
2021-06-15 09:39:58,2547.9,277608
2021-06-15 09:39:59,2547.9,277848
2021-06-15 09:40:02,2547.9,277848
2021-06-15 09:40:03,2547.9,277948
2021-06-15 09:40:04,2547.6,277971
2021-06-15 09:40:05,2547.6,277971
2021-06-15 09:40:06,2547.5,278522
2021-06-15 09:40:06,2547.5,278522
2021-06-15 09:40:07,2547.5,278522
2021-06-15 09:40:08,2547.5,278522
2021-06-15 09:40:09,2547.35,278526
2021-06-15 09:40:11,2547.35,278574
2021-06-15 09:40:12,2547.35,278576
2021-06-15 09:40:12,2547.35,278576
2021-06-15 09:40:13,2547.45,278601
2021-06-15 09:40:14,2547.45,278640
2021-06-15 09:40:15,2547.45,278645
2021-06-15 09:40:16,2547.0,279386
2021-06-15 09:40:17,2547.05,279482
2021-06-15 09:40:19,2547.45,279603
2021-06-15 09:40:21,2547.45,279703
2021-06-15 09:40:22,2547.45,279749
2021-06-15 09:40:25,2547.0,281096
2021-06-15 09:40:26,2547.0,281096
2021-06-15 09:40:27,2547.0,281101
2021-06-15 09:40:27,2547.0,281103
2021-06-15 09:40:28,2547.0,281103
2021-06-15 09:40:29,2547.0,281108
2021-06-15 09:40:31,2546.85,281269
2021-06-15 09:40:32,2546.85,283280
2021-06-15 09:40:33,2546.85,283280
2021-06-15 09:40:33,2546.85,283280
2021-06-15 09:40:34,2546.85,283280
2021-06-15 09:40:35,2546.85,283280
2021-06-15 09:40:36,2546.85,283280
2021-06-15 09:40:37,2546.8,283290
2021-06-15 09:40:38,2546.8,283333
2021-06-15 09:40:39,2546.15,283398
2021-06-15 09:40:41,2546.15,283461
2021-06-15 09:40:42,2546.15,283914
2021-06-15 09:40:43,2546.45,284020
2021-06-15 09:40:44,2546.15,284132
2021-06-15 09:40:44,2546.15,284132
2021-06-15 09:40:45,2546.15,284190
2021-06-15 09:40:46,2546.15,284191
2021-06-15 09:40:47,2546.15,284191
2021-06-15 09:40:48,2546.15,284191
2021-06-15 09:40:50,2546.4,284210
2021-06-15 09:40:51,2546.4,284210
2021-06-15 09:40:52,2546.2,284225
2021-06-15 09:40:53,2546.4,284237
2021-06-15 09:40:54,2546.4,284237
2021-06-15 09:40:54,2546.4,284237
2021-06-15 09:40:55,2546.4,284237
2021-06-15 09:40:56,2546.4,284237
2021-06-15 09:40:57,2546.35,284620
2021-06-15 09:40:58,2546.35,284620
2021-06-15 09:41:01,2546.05,285332
2021-06-15 09:41:01,2544.05,287760
2021-06-15 09:41:03,2544.3,287850
2021-06-15 09:41:03,2544.4,287868
2021-06-15 09:41:05,2544.4,288220
2021-06-15 09:41:06,2544.4,288262
2021-06-15 09:41:07,2544.4,288304
2021-06-15 09:41:09,2544.9,288440
2021-06-15 09:41:10,2544.4,288465
2021-06-15 09:41:11,2544.4,288479
2021-06-15 09:41:12,2544.9,288508
2021-06-15 09:41:14,2544.4,288513
2021-06-15 09:41:15,2544.9,288551
2021-06-15 09:41:16,2544.8,288562
2021-06-15 09:41:16,2544.8,288562
2021-06-15 09:41:17,2544.4,288565
2021-06-15 09:41:18,2544.4,288565
2021-06-15 09:41:19,2544.4,288565
2021-06-15 09:41:21,2544.4,288629
2021-06-15 09:41:22,2544.4,288635
2021-06-15 09:41:23,2544.4,288735
2021-06-15 09:41:25,2544.4,288735
2021-06-15 09:41:26,2544.4,288735
2021-06-15 09:41:26,2544.4,288735
2021-06-15 09:41:27,2544.4,288735
2021-06-15 09:41:28,2544.7,288785
2021-06-15 09:41:30,2544.4,289003
2021-06-15 09:41:31,2544.4,289003
2021-06-15 09:41:32,2544.75,289029
2021-06-15 09:41:33,2544.75,289054
2021-06-15 09:41:34,2544.75,289066
2021-06-15 09:41:35,2544.7,289081
2021-06-15 09:41:35,2544.7,289081
2021-06-15 09:41:36,2544.4,289195
2021-06-15 09:41:38,2544.7,289197
2021-06-15 09:41:40,2544.4,289201
2021-06-15 09:41:41,2544.4,289201
2021-06-15 09:41:42,2544.4,289201
2021-06-15 09:41:43,2544.7,289202
2021-06-15 09:41:44,2544.4,289206
2021-06-15 09:41:45,2544.8,289256
2021-06-15 09:41:46,2544.8,289256
2021-06-15 09:41:47,2544.4,289271
2021-06-15 09:41:48,2544.4,289321
2021-06-15 09:41:49,2544.4,289321
2021-06-15 09:41:50,2544.8,289422
2021-06-15 09:41:51,2544.7,289540
2021-06-15 09:41:53,2545.2,290473
2021-06-15 09:41:54,2545.2,290618
2021-06-15 09:41:55,2546.05,290623
2021-06-15 09:41:56,2546.05,290627
2021-06-15 09:41:57,2545.75,290934
2021-06-15 09:41:58,2545.75,290944
2021-06-15 09:41:59,2546.0,291021
2021-06-15 09:42:01,2546.0,291021
2021-06-15 09:42:02,2545.15,291026
2021-06-15 09:42:03,2545.15,291197
2021-06-15 09:42:04,2545.7,291217
2021-06-15 09:42:05,2545.15,291218
2021-06-15 09:42:06,2545.35,291763
2021-06-15 09:42:07,2545.35,291763
2021-06-15 09:42:09,2545.15,292368
2021-06-15 09:42:10,2545.15,292368
2021-06-15 09:42:11,2545.35,292451
2021-06-15 09:42:12,2545.15,292476
2021-06-15 09:42:12,2545.15,292476
2021-06-15 09:42:13,2545.35,292481
2021-06-15 09:42:14,2545.15,292589
2021-06-15 09:42:16,2545.7,292671
2021-06-15 09:42:17,2546.1,292771
2021-06-15 09:42:18,2545.2,292853
2021-06-15 09:42:19,2546.1,292858
2021-06-15 09:42:19,2546.1,292858
2021-06-15 09:42:20,2546.15,292958
2021-06-15 09:42:21,2546.2,293120
2021-06-15 09:42:22,2546.2,293120
2021-06-15 09:42:23,2546.2,293120
2021-06-15 09:42:24,2546.3,293140
2021-06-15 09:42:25,2546.3,293144
2021-06-15 09:42:27,2547.4,293249
2021-06-15 09:42:28,2547.65,293324
2021-06-15 09:42:29,2547.7,293462
2021-06-15 09:42:30,2547.9,293467
2021-06-15 09:42:32,2547.9,293492
2021-06-15 09:42:33,2548.15,293557
2021-06-15 09:42:34,2548.05,293559
2021-06-15 09:42:35,2548.05,293559
2021-06-15 09:42:36,2548.05,293559
2021-06-15 09:42:37,2547.65,293560
2021-06-15 09:42:38,2547.6,293591
2021-06-15 09:42:39,2547.65,293717
2021-06-15 09:42:40,2547.65,293754
2021-06-15 09:42:41,2547.15,293779
2021-06-15 09:42:42,2547.15,293829
2021-06-15 09:42:43,2547.7,293992
2021-06-15 09:42:44,2547.15,294885
2021-06-15 09:42:47,2547.5,295364
2021-06-15 09:42:48,2547.65,295378
2021-06-15 09:42:49,2547.5,295833
2021-06-15 09:42:50,2547.5,295833
2021-06-15 09:42:51,2547.5,295833
2021-06-15 09:42:52,2546.35,296835
2021-06-15 09:42:53,2546.35,296835
2021-06-15 09:42:54,2546.3,296865
2021-06-15 09:42:55,2546.8,296896
2021-06-15 09:42:55,2546.8,296896
2021-06-15 09:42:57,2546.8,296896
2021-06-15 09:42:58,2546.8,296896
2021-06-15 09:42:59,2546.8,296897
2021-06-15 09:43:00,2546.8,296907
2021-06-15 09:43:01,2546.8,296916
2021-06-15 09:43:03,2546.8,297139
2021-06-15 09:43:04,2546.75,297179
2021-06-15 09:43:05,2546.8,297181
2021-06-15 09:43:06,2546.3,297205
2021-06-15 09:43:08,2546.95,297305
2021-06-15 09:43:09,2546.95,297305
2021-06-15 09:43:11,2546.95,297305
2021-06-15 09:43:13,2546.95,297354
2021-06-15 09:43:15,2547.2,297413
2021-06-15 09:43:15,2547.2,297413
2021-06-15 09:43:16,2547.2,297413
2021-06-15 09:43:17,2547.2,297413
2021-06-15 09:43:18,2548.1,298920
2021-06-15 09:43:19,2548.1,298920
2021-06-15 09:43:20,2548.8,298924
2021-06-15 09:43:22,2548.8,298924
2021-06-15 09:43:23,2548.8,298924
2021-06-15 09:43:24,2548.8,298964
2021-06-15 09:43:25,2549.25,299364
2021-06-15 09:43:26,2549.25,299364
2021-06-15 09:43:27,2549.25,299364
2021-06-15 09:43:27,2549.25,299364
2021-06-15 09:43:28,2548.5,299366
2021-06-15 09:43:30,2549.1,299466
2021-06-15 09:43:30,2549.2,299517
2021-06-15 09:43:31,2549.2,299517
2021-06-15 09:43:34,2548.5,299863
2021-06-15 09:43:35,2548.55,300589
2021-06-15 09:43:36,2548.55,300590
2021-06-15 09:43:37,2548.5,300702
2021-06-15 09:43:38,2548.5,300739
2021-06-15 09:43:39,2548.5,300760
2021-06-15 09:43:40,2548.5,300760
2021-06-15 09:43:41,2548.5,300760
2021-06-15 09:43:42,2548.5,300760
2021-06-15 09:43:43,2548.5,300830
2021-06-15 09:43:44,2548.5,300880
2021-06-15 09:43:45,2548.5,300881
2021-06-15 09:43:46,2547.9,301350
2021-06-15 09:43:47,2547.85,301572
2021-06-15 09:43:48,2547.8,301841
2021-06-15 09:43:49,2547.8,301902
2021-06-15 09:43:50,2547.8,301902
2021-06-15 09:43:52,2547.8,301923
2021-06-15 09:43:54,2547.85,302036
2021-06-15 09:43:54,2547.85,302036
2021-06-15 09:43:55,2547.85,302036
2021-06-15 09:43:57,2548.0,302336
2021-06-15 09:43:58,2548.05,302641
2021-06-15 09:43:59,2548.0,303816
2021-06-15 09:44:00,2548.0,303816
2021-06-15 09:44:03,2548.05,303841
2021-06-15 09:44:03,2548.05,303840
2021-06-15 09:44:05,2548.05,303941
2021-06-15 09:44:06,2548.0,304241
2021-06-15 09:44:07,2548.05,304294
2021-06-15 09:44:08,2548.05,304294
2021-06-15 09:44:09,2548.05,304294
2021-06-15 09:44:10,2548.05,304431
2021-06-15 09:44:10,2548.05,304431
2021-06-15 09:44:11,2548.05,304431
2021-06-15 09:44:12,2548.05,304431
2021-06-15 09:44:14,2548.05,304431
2021-06-15 09:44:15,2548.5,304555
2021-06-15 09:44:16,2548.5,304555
2021-06-15 09:44:17,2549.0,304644
2021-06-15 09:44:17,2549.0,304644
2021-06-15 09:44:19,2548.85,304645
2021-06-15 09:44:20,2549.25,304649
2021-06-15 09:44:21,2549.25,304655
2021-06-15 09:44:22,2549.25,304692
2021-06-15 09:44:23,2549.05,304693
2021-06-15 09:44:24,2550.0,304770
2021-06-15 09:44:25,2550.0,304955
2021-06-15 09:44:26,2550.0,304955
2021-06-15 09:44:26,2550.0,304955
2021-06-15 09:44:28,2549.9,305005
2021-06-15 09:44:29,2549.9,305005
2021-06-15 09:44:30,2549.9,305005
2021-06-15 09:44:31,2549.8,305271
2021-06-15 09:44:32,2549.8,305271
2021-06-15 09:44:33,2549.5,305282
2021-06-15 09:44:34,2549.5,305392
2021-06-15 09:44:35,2549.5,305392
2021-06-15 09:44:36,2549.25,305526
2021-06-15 09:44:36,2549.25,305526
2021-06-15 09:44:37,2549.75,305672
2021-06-15 09:44:38,2549.25,306052
2021-06-15 09:44:39,2549.25,306152
2021-06-15 09:44:41,2549.8,306195
2021-06-15 09:44:42,2549.35,306200
2021-06-15 09:44:43,2549.35,306200
2021-06-15 09:44:44,2549.7,306245
2021-06-15 09:44:44,2549.7,306245
2021-06-15 09:44:45,2549.7,306255
2021-06-15 09:44:47,2549.5,306290
2021-06-15 09:44:49,2549.5,306290
2021-06-15 09:44:50,2549.5,306290
2021-06-15 09:44:51,2549.7,306330
2021-06-15 09:44:52,2549.7,306330
2021-06-15 09:44:53,2549.7,306466
2021-06-15 09:44:53,2549.7,306466
2021-06-15 09:44:55,2549.7,306467
2021-06-15 09:44:56,2549.7,306467
2021-06-15 09:44:57,2549.5,306468
2021-06-15 09:44:58,2549.55,306544
2021-06-15 09:44:59,2549.55,306588
2021-06-15 09:44:59,2549.55,306588
2021-06-15 09:45:01,2549.85,306832
2021-06-15 09:45:02,2549.85,306832
2021-06-15 09:45:03,2550.0,307158
2021-06-15 09:45:04,2550.5,307722
2021-06-15 09:45:05,2550.5,307722
2021-06-15 09:45:05,2550.5,307722
2021-06-15 09:45:06,2550.5,307772
2021-06-15 09:45:07,2550.25,307822
2021-06-15 09:45:09,2550.25,307822
2021-06-15 09:45:10,2550.5,307905
2021-06-15 09:45:11,2550.5,307905
2021-06-15 09:45:12,2550.25,307932
2021-06-15 09:45:12,2550.25,307932
2021-06-15 09:45:14,2550.5,307937
2021-06-15 09:45:15,2550.5,307937
2021-06-15 09:45:16,2550.85,308111
2021-06-15 09:45:17,2550.85,308130
2021-06-15 09:45:18,2550.85,308130
2021-06-15 09:45:18,2550.85,308130
2021-06-15 09:45:20,2550.85,308130
2021-06-15 09:45:21,2551.0,308215
2021-06-15 09:45:23,2550.6,308641
2021-06-15 09:45:23,2550.6,308641
2021-06-15 09:45:25,2550.35,311007
2021-06-15 09:45:26,2550.55,311128
2021-06-15 09:45:27,2550.55,311128
2021-06-15 09:45:28,2550.15,311230
2021-06-15 09:45:29,2550.15,311230
2021-06-15 09:45:29,2550.15,311230
2021-06-15 09:45:31,2549.85,311385
2021-06-15 09:45:32,2549.85,311385
2021-06-15 09:45:33,2549.85,311385
2021-06-15 09:45:34,2549.85,311385
2021-06-15 09:45:35,2549.8,311395
2021-06-15 09:45:36,2549.75,311396
2021-06-15 09:45:37,2549.75,311396
2021-06-15 09:45:38,2549.75,311406
2021-06-15 09:45:39,2549.75,311406
2021-06-15 09:45:40,2549.75,311406
2021-06-15 09:45:41,2550.0,311712
2021-06-15 09:45:42,2550.0,311712
2021-06-15 09:45:43,2551.0,311822
2021-06-15 09:45:44,2551.0,311822
2021-06-15 09:45:45,2551.0,311822
2021-06-15 09:45:46,2551.0,311832
2021-06-15 09:45:47,2551.0,311832
2021-06-15 09:45:48,2551.0,311832
2021-06-15 09:45:49,2551.0,311852
2021-06-15 09:45:50,2551.0,311852
2021-06-15 09:45:51,2551.0,311852
2021-06-15 09:45:52,2551.35,311952
2021-06-15 09:45:53,2551.4,311960
2021-06-15 09:45:54,2551.4,311960
2021-06-15 09:45:55,2551.4,311960
2021-06-15 09:45:56,2551.4,312027
2021-06-15 09:45:57,2551.4,312027
2021-06-15 09:45:58,2551.4,312027
2021-06-15 09:45:59,2551.4,312027
2021-06-15 09:46:00,2551.35,312056
2021-06-15 09:46:01,2551.0,312061
2021-06-15 09:46:02,2551.0,312126
2021-06-15 09:46:03,2551.35,312262
2021-06-15 09:46:04,2551.0,312355
2021-06-15 09:46:05,2551.0,312421
2021-06-15 09:46:06,2551.0,312484
2021-06-15 09:46:07,2551.3,312486
2021-06-15 09:46:08,2551.3,312488
2021-06-15 09:46:09,2551.3,312490
2021-06-15 09:46:10,2551.0,312513
2021-06-15 09:46:11,2551.0,312514
2021-06-15 09:46:12,2551.0,312514
2021-06-15 09:46:13,2551.3,312629
2021-06-15 09:46:14,2551.3,312664
2021-06-15 09:46:15,2551.3,312664
2021-06-15 09:46:16,2551.15,312674
2021-06-15 09:46:17,2551.15,312674
2021-06-15 09:46:18,2551.3,312676
2021-06-15 09:46:19,2551.3,312776
2021-06-15 09:46:20,2551.3,312776
2021-06-15 09:46:21,2551.3,312778
2021-06-15 09:46:22,2551.15,312832
2021-06-15 09:46:23,2551.3,312837
2021-06-15 09:46:25,2551.3,312837
2021-06-15 09:46:24,2551.3,312837
2021-06-15 09:46:26,2551.15,312887
2021-06-15 09:46:27,2551.15,312887
2021-06-15 09:46:28,2551.3,312903
2021-06-15 09:46:29,2551.3,312903
2021-06-15 09:46:30,2551.15,312912
2021-06-15 09:46:31,2551.15,312912
2021-06-15 09:46:32,2551.15,312912
2021-06-15 09:46:33,2551.15,312913
2021-06-15 09:46:34,2551.15,312913
2021-06-15 09:46:35,2551.15,313013
2021-06-15 09:46:36,2551.15,313235
2021-06-15 09:46:37,2551.25,313350
2021-06-15 09:46:38,2551.15,313616
2021-06-15 09:46:39,2551.15,313617
2021-06-15 09:46:40,2551.15,313617
2021-06-15 09:46:41,2551.2,313645
2021-06-15 09:46:42,2551.15,313670
2021-06-15 09:46:43,2551.2,313683
2021-06-15 09:46:44,2551.15,313983
2021-06-15 09:46:45,2551.15,314004
2021-06-15 09:46:46,2551.15,314004
2021-06-15 09:46:47,2551.15,314044
2021-06-15 09:46:48,2551.15,314054
2021-06-15 09:46:49,2551.15,314054
2021-06-15 09:46:50,2551.15,314054
2021-06-15 09:46:51,2551.15,314061
2021-06-15 09:46:52,2551.15,314061
2021-06-15 09:46:53,2551.15,314063
2021-06-15 09:46:54,2551.15,314163
2021-06-15 09:46:55,2551.15,314194
2021-06-15 09:46:56,2551.15,314417
2021-06-15 09:46:58,2550.2,316028
2021-06-15 09:46:59,2550.2,316052
2021-06-15 09:47:00,2550.15,316499
2021-06-15 09:47:01,2549.05,316529
2021-06-15 09:47:02,2549.05,316532
2021-06-15 09:47:03,2549.05,316532
2021-06-15 09:47:04,2549.0,316632
2021-06-15 09:47:05,2549.0,316632
2021-06-15 09:47:06,2549.95,316782
2021-06-15 09:47:07,2549.95,316783
2021-06-15 09:47:08,2549.95,316783
2021-06-15 09:47:09,2549.95,316794
2021-06-15 09:47:10,2549.7,316795
2021-06-15 09:47:11,2549.0,317095
2021-06-15 09:47:12,2549.0,317169
2021-06-15 09:47:13,2549.0,317190
2021-06-15 09:47:14,2548.65,317200
2021-06-15 09:47:15,2548.65,317207
2021-06-15 09:47:16,2548.85,317429
2021-06-15 09:47:17,2548.85,317429
2021-06-15 09:47:18,2548.85,317429
2021-06-15 09:47:19,2548.85,317429
2021-06-15 09:47:20,2548.85,317429
2021-06-15 09:47:21,2548.85,317429
2021-06-15 09:47:22,2548.85,317429
2021-06-15 09:47:23,2548.85,317429
2021-06-15 09:47:24,2548.85,317435
2021-06-15 09:47:25,2548.7,317437
2021-06-15 09:47:26,2548.7,317437
2021-06-15 09:47:27,2548.7,317437
2021-06-15 09:47:28,2548.7,317437
2021-06-15 09:47:29,2548.7,317437
2021-06-15 09:47:30,2548.7,317437
2021-06-15 09:47:31,2548.7,317438
2021-06-15 09:47:32,2548.7,317440
2021-06-15 09:47:33,2548.7,317440
2021-06-15 09:47:34,2548.7,317444
2021-06-15 09:47:35,2548.8,317445
2021-06-15 09:47:36,2548.8,317445
2021-06-15 09:47:37,2548.8,317445
2021-06-15 09:47:38,2548.7,317648
2021-06-15 09:47:40,2548.7,317648
2021-06-15 09:47:41,2548.6,317655
2021-06-15 09:47:41,2548.6,317655
2021-06-15 09:47:42,2548.6,317659
2021-06-15 09:47:43,2548.6,317659
2021-06-15 09:47:44,2548.55,317881
2021-06-15 09:47:45,2548.65,317911
2021-06-15 09:47:46,2548.65,317911
2021-06-15 09:47:47,2548.65,317911
2021-06-15 09:47:48,2548.65,317911
2021-06-15 09:47:50,2548.3,318368
2021-06-15 09:47:51,2548.45,318370
2021-06-15 09:47:52,2548.45,318381
2021-06-15 09:47:53,2548.45,318381
2021-06-15 09:47:54,2548.45,318381
2021-06-15 09:47:56,2548.6,318547
2021-06-15 09:47:57,2548.6,318547
2021-06-15 09:47:58,2548.45,318617
2021-06-15 09:48:00,2549.0,319593
2021-06-15 09:48:01,2549.0,319593
2021-06-15 09:48:02,2549.0,319593
2021-06-15 09:48:06,2549.7,319628
2021-06-15 09:48:06,2549.7,319628
2021-06-15 09:48:07,2549.7,319628
2021-06-15 09:48:08,2549.7,319628
2021-06-15 09:48:09,2549.7,319628
2021-06-15 09:48:12,2549.0,319675
2021-06-15 09:48:13,2549.0,319681
2021-06-15 09:48:14,2549.0,319691
2021-06-15 09:48:15,2549.0,319691
2021-06-15 09:48:16,2548.6,319712
2021-06-15 09:48:17,2548.6,319732
2021-06-15 09:48:18,2549.0,319734
2021-06-15 09:48:20,2549.0,319734
2021-06-15 09:48:21,2549.0,319734
2021-06-15 09:48:21,2549.0,319734
2021-06-15 09:48:22,2548.6,320035
2021-06-15 09:48:23,2548.6,320066
2021-06-15 09:48:24,2549.0,320076
2021-06-15 09:48:25,2549.0,320076
2021-06-15 09:48:26,2549.0,320077
2021-06-15 09:48:27,2549.0,320077
2021-06-15 09:48:28,2549.0,320512
2021-06-15 09:48:29,2549.0,320512
2021-06-15 09:48:31,2549.4,320543
2021-06-15 09:48:32,2549.4,320543
2021-06-15 09:48:32,2549.4,320543
2021-06-15 09:48:33,2549.4,320543
2021-06-15 09:48:34,2549.4,320543
2021-06-15 09:48:35,2549.4,320543
2021-06-15 09:48:36,2549.4,320543
2021-06-15 09:48:37,2549.4,320543
2021-06-15 09:48:38,2549.4,320543
2021-06-15 09:48:39,2549.4,320543
2021-06-15 09:48:41,2549.4,320543
2021-06-15 09:48:43,2549.3,320743
2021-06-15 09:48:44,2549.3,320743
2021-06-15 09:48:45,2548.7,320749
2021-06-15 09:48:46,2549.3,320767
2021-06-15 09:48:47,2549.3,320767
2021-06-15 09:48:48,2549.3,320767
2021-06-15 09:48:49,2549.3,320767
2021-06-15 09:48:49,2549.3,320767
2021-06-15 09:48:50,2549.3,320767
2021-06-15 09:48:51,2548.7,320829
2021-06-15 09:48:52,2548.7,320829
2021-06-15 09:48:53,2548.7,320829
2021-06-15 09:48:54,2548.7,320829
2021-06-15 09:48:55,2548.7,320829
2021-06-15 09:48:56,2548.75,320892
2021-06-15 09:48:57,2548.75,320892
2021-06-15 09:48:58,2548.75,320892
2021-06-15 09:48:59,2548.75,320892
2021-06-15 09:49:01,2549.3,320893
2021-06-15 09:49:01,2549.3,320893
2021-06-15 09:49:02,2549.3,320932
2021-06-15 09:49:03,2549.3,320932
2021-06-15 09:49:04,2549.3,320933
2021-06-15 09:49:05,2549.3,320933
2021-06-15 09:49:06,2549.3,320933
2021-06-15 09:49:07,2549.3,320934
2021-06-15 09:49:08,2549.3,320944
2021-06-15 09:49:09,2549.3,320944
2021-06-15 09:49:10,2548.75,320949
2021-06-15 09:49:11,2548.75,320949
2021-06-15 09:49:12,2548.75,320949
2021-06-15 09:49:13,2548.75,320949
2021-06-15 09:49:14,2549.25,320960
2021-06-15 09:49:15,2549.25,320960
2021-06-15 09:49:16,2549.25,320960
2021-06-15 09:49:18,2549.25,321160
2021-06-15 09:49:19,2549.55,321321
2021-06-15 09:49:20,2549.55,321321
2021-06-15 09:49:22,2549.6,321399
2021-06-15 09:49:23,2549.45,321400
2021-06-15 09:49:24,2549.45,321400
2021-06-15 09:49:25,2548.75,321405
2021-06-15 09:49:26,2549.45,321416
2021-06-15 09:49:27,2549.4,321566
2021-06-15 09:49:28,2549.4,321649
2021-06-15 09:49:29,2549.0,321659
2021-06-15 09:49:30,2549.4,321763
2021-06-15 09:49:31,2549.4,321763
2021-06-15 09:49:32,2549.45,321826
2021-06-15 09:49:33,2548.75,322058
2021-06-15 09:49:34,2548.75,322063
2021-06-15 09:49:35,2548.75,322064
2021-06-15 09:49:36,2548.75,322064
2021-06-15 09:49:37,2549.35,322079
2021-06-15 09:49:38,2549.35,322154
2021-06-15 09:49:39,2549.35,322154
2021-06-15 09:49:40,2549.35,322154
2021-06-15 09:49:41,2549.35,322154
2021-06-15 09:49:42,2549.35,322154
2021-06-15 09:49:44,2548.75,322217
2021-06-15 09:49:45,2549.35,322283
2021-06-15 09:49:46,2549.35,322283
2021-06-15 09:49:47,2549.35,322293
2021-06-15 09:49:49,2549.35,322293
2021-06-15 09:49:50,2549.35,322295
2021-06-15 09:49:51,2549.35,322295
2021-06-15 09:49:52,2549.35,322295
2021-06-15 09:49:53,2549.35,322295
2021-06-15 09:49:54,2549.35,322295
2021-06-15 09:49:55,2549.35,322373
2021-06-15 09:49:56,2549.35,322373
2021-06-15 09:49:57,2549.2,322374
2021-06-15 09:49:58,2549.0,322394
2021-06-15 09:49:59,2549.2,322448
2021-06-15 09:50:00,2549.2,322448
2021-06-15 09:50:01,2549.0,322453
2021-06-15 09:50:02,2548.85,323373
2021-06-15 09:50:03,2548.85,323440
2021-06-15 09:50:05,2548.85,323440
2021-06-15 09:50:06,2548.9,323542
2021-06-15 09:50:07,2548.85,323548
2021-06-15 09:50:08,2548.85,323548
2021-06-15 09:50:08,2548.85,323548
2021-06-15 09:50:09,2548.8,323719
2021-06-15 09:50:10,2548.8,323719
2021-06-15 09:50:11,2548.75,323720
2021-06-15 09:50:12,2548.7,324341
2021-06-15 09:50:13,2548.55,324348
2021-06-15 09:50:15,2548.55,324348
2021-06-15 09:50:16,2548.3,324368
2021-06-15 09:50:17,2548.3,324368
2021-06-15 09:50:18,2548.15,324433
2021-06-15 09:50:19,2548.15,324433
2021-06-15 09:50:19,2548.15,324433
2021-06-15 09:50:20,2547.85,329666
2021-06-15 09:50:21,2547.95,329726
2021-06-15 09:50:22,2547.95,329741
2021-06-15 09:50:23,2547.95,329741
2021-06-15 09:50:25,2547.95,329741
2021-06-15 09:50:26,2547.95,329741
2021-06-15 09:50:26,2547.95,329741
2021-06-15 09:50:28,2547.8,329745
2021-06-15 09:50:29,2547.6,329875
2021-06-15 09:50:30,2547.65,329877
2021-06-15 09:50:31,2547.65,329877
2021-06-15 09:50:32,2547.65,329879
2021-06-15 09:50:33,2547.65,329879
2021-06-15 09:50:34,2547.65,329879
2021-06-15 09:50:35,2547.65,329879
2021-06-15 09:50:36,2547.65,329879
2021-06-15 09:50:37,2547.65,329879
2021-06-15 09:50:38,2547.65,329879
2021-06-15 09:50:39,2546.7,330131
2021-06-15 09:50:40,2546.7,330131
2021-06-15 09:50:41,2547.4,330166
2021-06-15 09:50:42,2546.75,330171
2021-06-15 09:50:42,2546.75,330171
2021-06-15 09:50:43,2547.15,330555
2021-06-15 09:50:44,2547.15,330555
2021-06-15 09:50:45,2546.75,330556
2021-06-15 09:50:46,2546.95,330808
2021-06-15 09:50:47,2546.95,330808
2021-06-15 09:50:48,2547.4,330809
2021-06-15 09:50:49,2547.55,330930
2021-06-15 09:50:50,2547.9,330934
2021-06-15 09:50:51,2547.9,330934
2021-06-15 09:50:52,2547.9,330934
2021-06-15 09:50:53,2547.9,330954
2021-06-15 09:50:55,2547.9,330959
2021-06-15 09:50:56,2547.4,330985
2021-06-15 09:50:56,2547.4,330985
2021-06-15 09:50:57,2547.9,331005
2021-06-15 09:51:00,2547.7,331024
2021-06-15 09:51:01,2547.9,331047
2021-06-15 09:51:02,2547.9,331047
2021-06-15 09:51:02,2547.9,331047
2021-06-15 09:51:03,2547.9,331047
2021-06-15 09:51:04,2547.9,331047
2021-06-15 09:51:06,2547.9,331047
2021-06-15 09:51:07,2547.9,331047
2021-06-15 09:51:08,2547.9,331047
2021-06-15 09:51:09,2547.9,331047
2021-06-15 09:51:10,2547.9,331047
2021-06-15 09:51:12,2547.9,331047
2021-06-15 09:51:13,2547.9,331047
2021-06-15 09:51:14,2547.9,331047
2021-06-15 09:51:15,2547.8,331049
2021-06-15 09:51:15,2547.8,331057
2021-06-15 09:51:16,2547.8,331057
2021-06-15 09:51:17,2547.7,331096
2021-06-15 09:51:18,2547.7,331096
2021-06-15 09:51:19,2547.7,331097
2021-06-15 09:51:20,2547.8,331127
2021-06-15 09:51:21,2547.7,331130
2021-06-15 09:51:22,2547.7,331135
2021-06-15 09:51:23,2547.7,331197
2021-06-15 09:51:25,2547.8,331265
2021-06-15 09:51:26,2547.5,331389
2021-06-15 09:51:26,2547.8,331397
2021-06-15 09:51:27,2547.5,331470
2021-06-15 09:51:29,2547.8,331473
2021-06-15 09:51:30,2547.5,331497
2021-06-15 09:51:31,2547.5,331497
2021-06-15 09:51:32,2547.5,331497
2021-06-15 09:51:33,2547.7,331597
2021-06-15 09:51:35,2547.7,331597
2021-06-15 09:51:36,2547.5,331659
2021-06-15 09:51:37,2547.7,331660
2021-06-15 09:51:38,2547.7,331760
2021-06-15 09:51:38,2547.7,331760
2021-06-15 09:51:39,2547.7,331763
2021-06-15 09:51:40,2547.7,331763
2021-06-15 09:51:41,2547.4,332056
2021-06-15 09:51:42,2547.3,332120
2021-06-15 09:51:43,2547.3,332127
2021-06-15 09:51:45,2547.3,332207
2021-06-15 09:51:46,2547.3,332207
2021-06-15 09:51:49,2547.65,332233
2021-06-15 09:51:49,2547.65,332233
2021-06-15 09:51:50,2547.65,332304
2021-06-15 09:51:51,2547.65,332304
2021-06-15 09:51:52,2547.65,332348
2021-06-15 09:51:54,2547.65,332348
2021-06-15 09:51:55,2547.65,332390
2021-06-15 09:51:56,2547.25,332395
2021-06-15 09:51:57,2547.25,332395
2021-06-15 09:51:57,2547.65,332396
2021-06-15 09:51:58,2547.4,332401
2021-06-15 09:51:59,2547.4,332401
2021-06-15 09:52:00,2547.4,332401
2021-06-15 09:52:01,2547.4,332401
2021-06-15 09:52:02,2547.4,332401
2021-06-15 09:52:03,2547.15,332467
2021-06-15 09:52:04,2547.4,332567
2021-06-15 09:52:05,2547.1,333507
2021-06-15 09:52:07,2547.1,333611
2021-06-15 09:52:08,2547.1,333611
2021-06-15 09:52:09,2547.1,333611
2021-06-15 09:52:10,2547.1,333611
2021-06-15 09:52:11,2547.1,333611
2021-06-15 09:52:12,2547.1,333661
2021-06-15 09:52:13,2547.1,333665
2021-06-15 09:52:14,2547.1,333715
2021-06-15 09:52:14,2547.1,333715
2021-06-15 09:52:15,2547.1,333715
2021-06-15 09:52:16,2547.1,333715
2021-06-15 09:52:17,2547.1,333715
2021-06-15 09:52:18,2547.1,333740
2021-06-15 09:52:19,2547.0,333770
2021-06-15 09:52:20,2547.0,333770
2021-06-15 09:52:21,2547.1,333834
2021-06-15 09:52:22,2547.1,333834
2021-06-15 09:52:24,2547.0,333890
2021-06-15 09:52:26,2547.0,333890
2021-06-15 09:52:27,2547.0,333890
2021-06-15 09:52:28,2547.0,333890
2021-06-15 09:52:29,2547.0,333967
2021-06-15 09:52:30,2547.0,333967
2021-06-15 09:52:31,2547.0,333967
2021-06-15 09:52:32,2547.0,333968
2021-06-15 09:52:33,2547.0,333968
2021-06-15 09:52:34,2547.0,333997
2021-06-15 09:52:35,2547.0,333997
2021-06-15 09:52:36,2547.0,333997
2021-06-15 09:52:37,2547.7,334381
2021-06-15 09:52:37,2547.7,334381
2021-06-15 09:52:38,2548.05,334397
2021-06-15 09:52:39,2548.05,334397
2021-06-15 09:52:41,2548.05,334397
2021-06-15 09:52:42,2548.55,334408
2021-06-15 09:52:43,2548.55,334408
2021-06-15 09:52:43,2548.55,334408
2021-06-15 09:52:45,2548.55,334426
2021-06-15 09:52:46,2548.55,334426
2021-06-15 09:52:47,2548.55,334426
2021-06-15 09:52:49,2547.95,334436
2021-06-15 09:52:50,2547.95,334436
2021-06-15 09:52:51,2547.95,334436
2021-06-15 09:52:52,2548.55,334444
2021-06-15 09:52:53,2548.55,334444
2021-06-15 09:52:53,2548.55,334444
2021-06-15 09:52:54,2548.55,334444
2021-06-15 09:52:55,2548.55,334455
2021-06-15 09:52:57,2548.55,334505
2021-06-15 09:52:58,2548.0,334536
2021-06-15 09:52:59,2548.0,334536
2021-06-15 09:53:00,2548.55,334540
2021-06-15 09:53:00,2548.55,334540
2021-06-15 09:53:01,2548.55,334540
2021-06-15 09:53:04,2548.05,334825
2021-06-15 09:53:05,2548.05,334825
2021-06-15 09:53:05,2548.05,334827
2021-06-15 09:53:06,2548.05,334828
2021-06-15 09:53:07,2548.05,334828
2021-06-15 09:53:08,2548.05,334828
2021-06-15 09:53:09,2548.0,334835
2021-06-15 09:53:10,2548.05,334970
2021-06-15 09:53:11,2548.05,334970
2021-06-15 09:53:12,2548.05,334970
2021-06-15 09:53:13,2548.05,334970
2021-06-15 09:53:16,2548.05,334983
2021-06-15 09:53:18,2548.05,335072
2021-06-15 09:53:18,2548.05,335072
2021-06-15 09:53:19,2548.05,335072
2021-06-15 09:53:20,2548.05,335292
2021-06-15 09:53:22,2548.05,335292
2021-06-15 09:53:24,2548.4,335398
2021-06-15 09:53:25,2548.45,335512
2021-06-15 09:53:25,2548.45,335512
2021-06-15 09:53:26,2549.55,335548
2021-06-15 09:53:27,2549.0,335652
2021-06-15 09:53:29,2549.8,335662
2021-06-15 09:53:30,2549.0,335843
2021-06-15 09:53:31,2549.7,335993
2021-06-15 09:53:33,2549.7,336008
2021-06-15 09:53:34,2549.7,336008
2021-06-15 09:53:34,2549.7,336008
2021-06-15 09:53:36,2549.7,336008
2021-06-15 09:53:37,2549.7,336008
2021-06-15 09:53:38,2549.8,336074
2021-06-15 09:53:38,2549.8,336074
2021-06-15 09:53:39,2549.8,336094
2021-06-15 09:53:40,2549.8,336094
2021-06-15 09:53:41,2549.7,336144
2021-06-15 09:53:42,2549.7,336144
2021-06-15 09:53:44,2549.7,336144
2021-06-15 09:53:45,2549.7,336144
2021-06-15 09:53:46,2549.7,336268
2021-06-15 09:53:47,2549.7,336268
2021-06-15 09:53:48,2549.7,336268
2021-06-15 09:53:49,2549.65,336327
2021-06-15 09:53:49,2549.65,336327
2021-06-15 09:53:50,2549.65,336327
2021-06-15 09:53:51,2549.65,336327
2021-06-15 09:53:52,2549.65,336327
2021-06-15 09:53:53,2549.65,336327
2021-06-15 09:53:54,2549.65,336337
2021-06-15 09:53:56,2549.7,336389
2021-06-15 09:53:58,2550.5,337042
2021-06-15 09:53:59,2550.5,337042
2021-06-15 09:54:00,2550.5,337042
2021-06-15 09:54:01,2550.8,337164
2021-06-15 09:54:01,2550.8,337164
2021-06-15 09:54:03,2550.0,337172
2021-06-15 09:54:05,2550.6,337268
2021-06-15 09:54:06,2550.6,337268
2021-06-15 09:54:07,2550.6,337268
2021-06-15 09:54:08,2550.2,337437
2021-06-15 09:54:08,2550.2,337437
2021-06-15 09:54:10,2550.2,337437
2021-06-15 09:54:11,2550.2,337437
2021-06-15 09:54:12,2550.2,337474
2021-06-15 09:54:13,2550.5,337484
2021-06-15 09:54:13,2550.5,337484
2021-06-15 09:54:15,2550.5,337484
2021-06-15 09:54:16,2550.2,337509
2021-06-15 09:54:17,2550.8,337710
2021-06-15 09:54:18,2550.8,337710
2021-06-15 09:54:19,2550.2,337818
2021-06-15 09:54:20,2550.55,337823
2021-06-15 09:54:20,2550.2,337818
2021-06-15 09:54:22,2550.55,337825
2021-06-15 09:54:23,2550.55,337830
2021-06-15 09:54:24,2550.55,337830
2021-06-15 09:54:25,2550.55,337830
2021-06-15 09:54:26,2550.45,337832
2021-06-15 09:54:27,2550.45,337978
2021-06-15 09:54:28,2550.25,338092
2021-06-15 09:54:29,2550.2,338291
2021-06-15 09:54:29,2550.2,338291
2021-06-15 09:54:30,2550.0,338448
2021-06-15 09:54:32,2550.2,338486
2021-06-15 09:54:33,2550.0,338583
2021-06-15 09:54:34,2550.0,338583
2021-06-15 09:54:35,2550.05,338603
2021-06-15 09:54:36,2549.0,339883
2021-06-15 09:54:37,2549.0,340011
2021-06-15 09:54:38,2549.0,340032
2021-06-15 09:54:39,2548.05,340120
2021-06-15 09:54:40,2549.0,340174
2021-06-15 09:54:40,2549.0,340174
2021-06-15 09:54:42,2549.0,340174
2021-06-15 09:54:43,2549.0,340174
2021-06-15 09:54:44,2549.0,340174
2021-06-15 09:54:45,2548.25,340184
2021-06-15 09:54:46,2548.25,340209
2021-06-15 09:54:47,2548.25,340209
2021-06-15 09:54:47,2548.25,340209
2021-06-15 09:54:48,2548.35,340334
2021-06-15 09:54:50,2548.3,340373
2021-06-15 09:54:51,2547.7,340438
2021-06-15 09:54:52,2547.7,340438
2021-06-15 09:54:53,2548.6,340919
2021-06-15 09:54:53,2548.6,340919
2021-06-15 09:54:55,2548.05,341021
2021-06-15 09:54:56,2548.75,341236
2021-06-15 09:54:57,2548.85,341246
2021-06-15 09:54:58,2548.85,341246
2021-06-15 09:54:59,2548.85,341264
2021-06-15 09:55:00,2548.3,341361
2021-06-15 09:55:01,2548.3,341388
2021-06-15 09:55:02,2549.1,341395
2021-06-15 09:55:04,2549.1,341398
2021-06-15 09:55:05,2549.0,341408
2021-06-15 09:55:06,2547.9,341531
2021-06-15 09:55:07,2548.95,341532
2021-06-15 09:55:08,2548.95,341533
2021-06-15 09:55:08,2548.95,341533
2021-06-15 09:55:09,2548.95,341533
2021-06-15 09:55:11,2548.95,341533
2021-06-15 09:55:12,2548.95,341536
2021-06-15 09:55:13,2548.95,341536
2021-06-15 09:55:14,2548.95,341536
2021-06-15 09:55:15,2548.95,341580
2021-06-15 09:55:15,2548.95,341580
2021-06-15 09:55:17,2548.95,341609
2021-06-15 09:55:18,2548.95,341624
2021-06-15 09:55:19,2549.1,341834
2021-06-15 09:55:20,2549.5,341884
2021-06-15 09:55:21,2548.7,341904
2021-06-15 09:55:22,2548.7,341904
2021-06-15 09:55:23,2548.7,342004
2021-06-15 09:55:23,2548.7,342004
2021-06-15 09:55:24,2548.7,342004
2021-06-15 09:55:26,2548.7,342004
2021-06-15 09:55:27,2549.35,342017
2021-06-15 09:55:28,2549.35,342017
2021-06-15 09:55:28,2549.35,342017
2021-06-15 09:55:29,2549.1,342037
2021-06-15 09:55:31,2549.0,342042
2021-06-15 09:55:32,2548.85,342052
2021-06-15 09:55:33,2548.85,342052
2021-06-15 09:55:34,2548.75,342076
2021-06-15 09:55:35,2548.75,342076
2021-06-15 09:55:36,2549.0,342151
2021-06-15 09:55:36,2549.0,342151
2021-06-15 09:55:38,2549.0,342151
2021-06-15 09:55:38,2549.25,342259
2021-06-15 09:55:39,2549.25,342260
2021-06-15 09:55:41,2549.25,342264
2021-06-15 09:55:42,2548.7,342327
2021-06-15 09:55:43,2548.7,342327
2021-06-15 09:55:45,2549.25,342428
2021-06-15 09:55:46,2548.7,342430
2021-06-15 09:55:46,2548.7,342430
2021-06-15 09:55:48,2548.65,342459
2021-06-15 09:55:49,2548.7,342517
2021-06-15 09:55:50,2548.95,342561
2021-06-15 09:55:51,2548.95,342561
2021-06-15 09:55:52,2548.95,342561
2021-06-15 09:55:53,2548.95,342561
2021-06-15 09:55:53,2548.7,342573
2021-06-15 09:55:54,2548.7,342573
2021-06-15 09:55:55,2548.95,342575
2021-06-15 09:55:57,2548.95,342577
2021-06-15 09:55:58,2548.95,342588
2021-06-15 09:55:59,2548.95,342590
2021-06-15 09:56:00,2548.7,342615
2021-06-15 09:56:01,2548.7,342615
2021-06-15 09:56:02,2548.95,342617
2021-06-15 09:56:03,2548.95,342617
2021-06-15 09:56:03,2548.95,342617
2021-06-15 09:56:04,2548.7,342624
2021-06-15 09:56:06,2548.7,342624
2021-06-15 09:56:07,2548.95,342634
2021-06-15 09:56:08,2548.95,342674
2021-06-15 09:56:09,2549.0,342724
2021-06-15 09:56:10,2549.0,342724
2021-06-15 09:56:11,2548.95,342771
2021-06-15 09:56:12,2548.95,342771
2021-06-15 09:56:13,2548.95,342771
2021-06-15 09:56:14,2548.95,342771
2021-06-15 09:56:15,2548.7,342817
2021-06-15 09:56:16,2548.7,342817
2021-06-15 09:56:17,2548.7,342817
2021-06-15 09:56:18,2548.6,342917
2021-06-15 09:56:19,2548.9,342927
2021-06-15 09:56:20,2548.9,342927
2021-06-15 09:56:21,2548.6,342934
2021-06-15 09:56:22,2548.9,342946
2021-06-15 09:56:24,2548.9,343075
2021-06-15 09:56:25,2548.9,343075
2021-06-15 09:56:26,2548.95,343275
2021-06-15 09:56:27,2548.6,343300
2021-06-15 09:56:28,2548.6,343300
2021-06-15 09:56:29,2548.6,343301
2021-06-15 09:56:30,2548.6,343301
2021-06-15 09:56:31,2548.95,343326
2021-06-15 09:56:32,2548.95,343396
2021-06-15 09:56:33,2548.95,343396
2021-06-15 09:56:34,2548.95,343396
2021-06-15 09:56:35,2548.95,343396
2021-06-15 09:56:37,2548.95,343396
2021-06-15 09:56:39,2548.6,343398
2021-06-15 09:56:40,2548.6,343398
2021-06-15 09:56:41,2548.7,343408
2021-06-15 09:56:42,2548.7,343428
2021-06-15 09:56:43,2548.7,343448
2021-06-15 09:56:44,2548.6,343723
2021-06-15 09:56:45,2548.6,343745
2021-06-15 09:56:46,2548.5,343770
2021-06-15 09:56:48,2548.55,344302
2021-06-15 09:56:49,2548.55,344310
2021-06-15 09:56:50,2548.55,344310
2021-06-15 09:56:51,2548.55,344311
2021-06-15 09:56:52,2548.55,344312
2021-06-15 09:56:53,2548.55,344312
2021-06-15 09:56:54,2548.55,344313
2021-06-15 09:56:55,2548.55,344313
2021-06-15 09:56:56,2548.55,344314
2021-06-15 09:56:57,2548.55,344315
2021-06-15 09:56:58,2548.55,344315
2021-06-15 09:56:59,2548.55,344315
2021-06-15 09:57:00,2548.55,344327
2021-06-15 09:57:01,2548.55,344356
2021-06-15 09:57:02,2548.55,344356
2021-06-15 09:57:03,2548.55,344356
2021-06-15 09:57:04,2548.55,344357
2021-06-15 09:57:05,2548.55,344358
2021-06-15 09:57:06,2548.55,344593
2021-06-15 09:57:07,2548.45,344651
2021-06-15 09:57:08,2548.45,344651
2021-06-15 09:57:09,2548.45,344651
2021-06-15 09:57:10,2548.45,344651
2021-06-15 09:57:11,2548.55,344654
2021-06-15 09:57:12,2548.55,344678
2021-06-15 09:57:13,2548.55,344678
2021-06-15 09:57:14,2548.55,344679
2021-06-15 09:57:15,2548.55,344679
2021-06-15 09:57:17,2548.5,344703
2021-06-15 09:57:16,2548.5,344703
2021-06-15 09:57:18,2548.55,344710
2021-06-15 09:57:19,2548.55,344711
2021-06-15 09:57:20,2548.55,344711
2021-06-15 09:57:21,2548.55,344769
2021-06-15 09:57:22,2548.55,344774
2021-06-15 09:57:24,2548.55,344774
2021-06-15 09:57:23,2548.55,344774
2021-06-15 09:57:25,2548.8,344800
2021-06-15 09:57:26,2549.0,344815
2021-06-15 09:57:27,2549.0,344860
2021-06-15 09:57:28,2549.0,344860
2021-06-15 09:57:29,2549.0,344860
2021-06-15 09:57:30,2548.55,344885
2021-06-15 09:57:31,2549.0,344887
2021-06-15 09:57:32,2549.0,344887
2021-06-15 09:57:33,2549.0,344892
2021-06-15 09:57:34,2549.0,344892
2021-06-15 09:57:35,2548.55,344975
2021-06-15 09:57:36,2548.55,345037
2021-06-15 09:57:37,2548.55,345100
2021-06-15 09:57:38,2549.2,345146
2021-06-15 09:57:39,2549.2,345146
2021-06-15 09:57:40,2549.3,345237
2021-06-15 09:57:41,2549.3,345237
2021-06-15 09:57:42,2549.3,345237
2021-06-15 09:57:43,2549.3,345237
2021-06-15 09:57:45,2549.35,345250
2021-06-15 09:57:46,2549.2,345336
2021-06-15 09:57:47,2549.2,345648
2021-06-15 09:57:48,2549.2,345648
2021-06-15 09:57:49,2549.2,345648
2021-06-15 09:57:50,2549.45,345655
2021-06-15 09:57:51,2549.5,345695
2021-06-15 09:57:52,2549.5,345746
2021-06-15 09:57:53,2549.1,346195
2021-06-15 09:57:54,2549.2,346199
2021-06-15 09:57:55,2549.05,346499
2021-06-15 09:57:57,2549.05,346499
2021-06-15 09:57:58,2549.05,346614
2021-06-15 09:57:59,2549.05,346641
2021-06-15 09:58:00,2549.2,346667
2021-06-15 09:58:01,2549.2,346667
2021-06-15 09:58:02,2549.2,346669
2021-06-15 09:58:03,2549.2,346669
2021-06-15 09:58:04,2549.2,346669
2021-06-15 09:58:05,2549.2,346669
2021-06-15 09:58:06,2549.2,346670
2021-06-15 09:58:07,2549.4,346775
2021-06-15 09:58:08,2549.4,346775
2021-06-15 09:58:09,2549.4,346775
2021-06-15 09:58:11,2549.4,346775
2021-06-15 09:58:13,2549.2,346956
2021-06-15 09:58:13,2549.2,346956
2021-06-15 09:58:14,2549.2,346956
2021-06-15 09:58:15,2549.2,346956
2021-06-15 09:58:16,2549.1,346981
2021-06-15 09:58:18,2549.1,346981
2021-06-15 09:58:19,2549.05,347100
2021-06-15 09:58:20,2549.05,347100
2021-06-15 09:58:21,2549.2,347200
2021-06-15 09:58:22,2549.2,347200
2021-06-15 09:58:23,2549.25,347295
2021-06-15 09:58:24,2549.25,347295
2021-06-15 09:58:25,2549.25,347295
2021-06-15 09:58:26,2549.25,347295
2021-06-15 09:58:27,2549.25,347295
2021-06-15 09:58:29,2549.05,347313
2021-06-15 09:58:29,2549.05,347313
2021-06-15 09:58:30,2549.25,347472
2021-06-15 09:58:31,2549.2,347558
2021-06-15 09:58:32,2549.2,347623
2021-06-15 09:58:34,2549.2,347623
2021-06-15 09:58:34,2549.2,347623
2021-06-15 09:58:35,2549.2,347623
2021-06-15 09:58:36,2549.2,347623
2021-06-15 09:58:37,2549.2,347623
2021-06-15 09:58:38,2549.2,347625
2021-06-15 09:58:39,2549.2,347625
2021-06-15 09:58:40,2549.2,347625
2021-06-15 09:58:42,2549.25,347645
2021-06-15 09:58:42,2549.25,347645
2021-06-15 09:58:43,2549.25,347721
2021-06-15 09:58:44,2549.25,347721
2021-06-15 09:58:45,2549.25,347721
2021-06-15 09:58:46,2549.2,347746
2021-06-15 09:58:47,2549.45,347833
2021-06-15 09:58:48,2549.2,347838
2021-06-15 09:58:49,2549.2,348138
2021-06-15 09:58:51,2549.2,348270
2021-06-15 09:58:53,2549.2,348270
2021-06-15 09:58:54,2549.2,348270
2021-06-15 09:58:54,2549.2,348270
2021-06-15 09:58:55,2549.2,348270
2021-06-15 09:58:56,2549.2,348270
2021-06-15 09:58:58,2549.25,348281
2021-06-15 09:59:00,2549.0,351252
2021-06-15 09:59:01,2549.3,351556
2021-06-15 09:59:02,2549.05,351678
2021-06-15 09:59:03,2549.15,351721
2021-06-15 09:59:05,2549.0,351752
2021-06-15 09:59:05,2549.0,351755
2021-06-15 09:59:06,2549.0,351755
2021-06-15 09:59:07,2549.0,351763
2021-06-15 09:59:08,2549.0,351763
2021-06-15 09:59:09,2549.1,351764
2021-06-15 09:59:10,2549.0,351889
2021-06-15 09:59:11,2549.0,351889
2021-06-15 09:59:12,2548.6,351893
2021-06-15 09:59:13,2548.9,351993
2021-06-15 09:59:14,2548.9,352008
2021-06-15 09:59:15,2548.9,352010
2021-06-15 09:59:16,2548.9,352159
2021-06-15 09:59:17,2548.9,352159
2021-06-15 09:59:18,2548.9,352159
2021-06-15 09:59:20,2548.8,352425
2021-06-15 09:59:20,2548.9,352159
2021-06-15 09:59:21,2548.55,352611
2021-06-15 09:59:22,2548.3,352782
2021-06-15 09:59:23,2548.15,352783
2021-06-15 09:59:24,2548.15,352783
2021-06-15 09:59:25,2548.0,352798
2021-06-15 09:59:27,2548.0,352799
2021-06-15 09:59:27,2548.0,352799
2021-06-15 09:59:28,2548.0,352799
2021-06-15 09:59:29,2548.0,352799
2021-06-15 09:59:30,2547.3,352845
2021-06-15 09:59:31,2547.3,352845
2021-06-15 09:59:32,2547.3,352845
2021-06-15 09:59:33,2547.3,352845
2021-06-15 09:59:34,2547.3,352845
2021-06-15 09:59:35,2547.45,352847
2021-06-15 09:59:37,2547.3,352848
2021-06-15 09:59:41,2548.2,354216
2021-06-15 09:59:42,2547.95,354611
2021-06-15 09:59:43,2548.8,354616
2021-06-15 09:59:44,2548.0,354675
2021-06-15 09:59:46,2548.0,354751
2021-06-15 09:59:46,2548.0,354751
2021-06-15 09:59:47,2548.0,354751
2021-06-15 09:59:48,2549.05,354793
2021-06-15 09:59:49,2549.05,354798
2021-06-15 09:59:50,2549.05,354864
2021-06-15 09:59:52,2549.05,354864
2021-06-15 09:59:53,2549.05,354876
2021-06-15 09:59:53,2549.05,354876
2021-06-15 09:59:54,2549.05,354880
2021-06-15 09:59:55,2548.0,354885
2021-06-15 09:59:56,2549.05,354895
2021-06-15 09:59:57,2548.1,354896
2021-06-15 09:59:58,2548.1,354896
2021-06-15 10:00:00,2548.2,354921
2021-06-15 10:00:02,2548.25,354952
2021-06-15 10:00:03,2549.05,354960
2021-06-15 10:00:06,2549.05,354960
2021-06-15 10:00:06,2549.05,354960
2021-06-15 10:00:09,2549.0,354971
2021-06-15 10:00:11,2549.0,354978
2021-06-15 10:00:12,2549.0,355119
2021-06-15 10:00:13,2549.05,355121
2021-06-15 10:00:14,2549.05,355121
2021-06-15 10:00:16,2549.0,355228
2021-06-15 10:00:17,2549.0,355228
2021-06-15 10:00:17,2549.0,355228
2021-06-15 10:00:18,2549.0,355228
2021-06-15 10:00:19,2548.9,355586
2021-06-15 10:00:20,2548.85,355906
2021-06-15 10:00:22,2548.85,355906
2021-06-15 10:00:23,2549.2,355916
2021-06-15 10:00:23,2549.2,355916
2021-06-15 10:00:24,2549.2,355916
2021-06-15 10:00:25,2549.2,355961
2021-06-15 10:00:27,2549.2,355961
2021-06-15 10:00:28,2549.2,355961
2021-06-15 10:00:30,2549.2,355964
2021-06-15 10:00:30,2549.2,355988
2021-06-15 10:00:32,2549.2,355999
2021-06-15 10:00:33,2549.0,356306
2021-06-15 10:00:33,2548.85,356356
2021-06-15 10:00:34,2548.85,356357
2021-06-15 10:00:35,2549.35,356479
2021-06-15 10:00:36,2548.85,356486
2021-06-15 10:00:38,2548.85,356486
2021-06-15 10:00:39,2548.85,356486
2021-06-15 10:00:39,2548.85,356486
2021-06-15 10:00:40,2549.0,356492
2021-06-15 10:00:41,2549.0,356494
2021-06-15 10:00:44,2549.0,356494
2021-06-15 10:00:45,2549.0,356494
2021-06-15 10:00:46,2549.0,356517
2021-06-15 10:00:47,2549.0,356517
2021-06-15 10:00:47,2549.0,356517
2021-06-15 10:00:48,2549.0,356517
2021-06-15 10:00:49,2548.85,356523
2021-06-15 10:00:50,2548.85,356523
2021-06-15 10:00:52,2548.85,356523
2021-06-15 10:00:53,2548.85,356523
2021-06-15 10:00:54,2549.0,356539
2021-06-15 10:00:55,2549.0,356539
2021-06-15 10:00:55,2549.0,356539
2021-06-15 10:00:56,2549.0,356539
2021-06-15 10:00:59,2549.0,356539
2021-06-15 10:01:00,2548.85,356564
2021-06-15 10:01:01,2548.65,356844
2021-06-15 10:01:02,2548.95,356856
2021-06-15 10:01:03,2548.95,356856
2021-06-15 10:01:04,2548.95,356887
2021-06-15 10:01:05,2548.95,356887
2021-06-15 10:01:07,2548.85,356895
2021-06-15 10:01:08,2548.65,356896
2021-06-15 10:01:08,2548.85,356897
2021-06-15 10:01:09,2548.4,357422
2021-06-15 10:01:10,2548.4,357422
2021-06-15 10:01:11,2548.4,357422
2021-06-15 10:01:12,2548.4,357422
2021-06-15 10:01:13,2548.4,357422
2021-06-15 10:01:14,2548.65,357515
2021-06-15 10:01:16,2548.4,357539
2021-06-15 10:01:17,2548.4,357539
2021-06-15 10:01:17,2548.4,357539
2021-06-15 10:01:18,2548.4,357539
2021-06-15 10:01:19,2548.4,357539
2021-06-15 10:01:20,2548.65,357564
2021-06-15 10:01:21,2548.65,357564
2021-06-15 10:01:22,2548.65,357564
2021-06-15 10:01:24,2548.4,357569
2021-06-15 10:01:25,2548.4,357569
2021-06-15 10:01:26,2548.6,357687
2021-06-15 10:01:26,2548.6,357687
2021-06-15 10:01:27,2548.6,357687
2021-06-15 10:01:28,2548.6,357688
2021-06-15 10:01:30,2548.6,357688
2021-06-15 10:01:31,2548.4,357709
2021-06-15 10:01:32,2548.4,357731
2021-06-15 10:01:33,2548.25,357739
2021-06-15 10:01:34,2548.25,357739
2021-06-15 10:01:34,2548.25,357739
2021-06-15 10:01:36,2548.1,357956
2021-06-15 10:01:37,2548.1,357975
2021-06-15 10:01:38,2548.15,357979
2021-06-15 10:01:39,2548.15,357979
2021-06-15 10:01:40,2548.15,357985
2021-06-15 10:01:40,2548.15,357979
2021-06-15 10:01:42,2548.15,358002
2021-06-15 10:01:42,2548.15,358023
2021-06-15 10:01:43,2548.2,358057
2021-06-15 10:01:44,2548.25,358183
2021-06-15 10:01:45,2548.3,358207
2021-06-15 10:01:46,2548.3,358207
2021-06-15 10:01:48,2548.3,358207
2021-06-15 10:01:49,2548.3,358208
2021-06-15 10:01:50,2548.3,358208
2021-06-15 10:01:52,2548.4,358251
2021-06-15 10:01:53,2548.4,358251
2021-06-15 10:01:53,2548.4,358251
2021-06-15 10:01:54,2548.35,358397
2021-06-15 10:01:55,2548.35,358397
2021-06-15 10:01:56,2548.25,358517
2021-06-15 10:01:57,2548.4,358542
2021-06-15 10:01:58,2548.4,358542
2021-06-15 10:01:59,2548.35,358545
2021-06-15 10:02:00,2548.35,358571
2021-06-15 10:02:01,2548.4,358703
2021-06-15 10:02:02,2548.35,358713
2021-06-15 10:02:03,2548.35,358713
2021-06-15 10:02:04,2548.4,358727
2021-06-15 10:02:05,2548.4,358727
2021-06-15 10:02:06,2548.25,358735
2021-06-15 10:02:07,2548.25,358735
2021-06-15 10:02:08,2548.25,358735
2021-06-15 10:02:09,2548.25,358735
2021-06-15 10:02:11,2548.25,358737
2021-06-15 10:02:12,2548.25,358737
2021-06-15 10:02:13,2548.25,358737
2021-06-15 10:02:14,2548.4,358747
2021-06-15 10:02:15,2548.4,358748
2021-06-15 10:02:16,2548.15,359523
2021-06-15 10:02:16,2548.15,359523
2021-06-15 10:02:17,2548.15,359523
2021-06-15 10:02:18,2548.15,359641
2021-06-15 10:02:19,2547.8,359859
2021-06-15 10:02:20,2548.1,359990
2021-06-15 10:02:21,2546.5,360265
2021-06-15 10:02:22,2546.5,360265
2021-06-15 10:02:23,2547.5,360365
2021-06-15 10:02:24,2546.6,360469
2021-06-15 10:02:25,2546.6,360474
2021-06-15 10:02:26,2546.5,360499
2021-06-15 10:02:27,2547.5,360508
2021-06-15 10:02:28,2547.5,360565
2021-06-15 10:02:29,2547.5,360565
2021-06-15 10:02:30,2546.6,360614
2021-06-15 10:02:31,2546.6,360614
2021-06-15 10:02:32,2546.6,360614
2021-06-15 10:02:34,2546.6,360645
2021-06-15 10:02:34,2546.6,360645
2021-06-15 10:02:35,2546.6,360645
2021-06-15 10:02:36,2546.6,360652
2021-06-15 10:02:37,2546.2,360917
2021-06-15 10:02:38,2546.2,360917
2021-06-15 10:02:40,2546.55,361081
2021-06-15 10:02:41,2546.55,361091
2021-06-15 10:02:43,2546.55,361091
2021-06-15 10:02:45,2546.25,361116
2021-06-15 10:02:46,2546.5,361136
2021-06-15 10:02:47,2546.25,361140
2021-06-15 10:02:49,2546.25,361140
2021-06-15 10:02:50,2546.25,361140
2021-06-15 10:02:51,2546.5,361141
2021-06-15 10:02:52,2546.5,361191
2021-06-15 10:02:53,2546.5,361191
2021-06-15 10:02:54,2546.5,361191
2021-06-15 10:02:55,2546.5,361191
2021-06-15 10:02:56,2546.5,361191
2021-06-15 10:02:57,2546.5,361191
2021-06-15 10:02:59,2546.25,361193
2021-06-15 10:03:00,2546.25,361212
2021-06-15 10:03:01,2546.25,361237
2021-06-15 10:03:02,2546.25,361238
2021-06-15 10:03:03,2546.25,361238
2021-06-15 10:03:04,2546.25,361238
2021-06-15 10:03:05,2546.25,361238
2021-06-15 10:03:06,2546.5,361263
2021-06-15 10:03:07,2545.95,361283
2021-06-15 10:03:08,2545.95,361283
2021-06-15 10:03:09,2545.95,361283
2021-06-15 10:03:10,2546.5,361284
2021-06-15 10:03:10,2546.5,361284
2021-06-15 10:03:13,2546.5,361284
2021-06-15 10:03:14,2546.5,361284
2021-06-15 10:03:15,2546.25,361312
2021-06-15 10:03:16,2546.25,361312
2021-06-15 10:03:17,2546.25,361312
2021-06-15 10:03:18,2546.25,361316
2021-06-15 10:03:19,2546.4,361416
2021-06-15 10:03:20,2546.4,361416
2021-06-15 10:03:21,2546.4,361416
2021-06-15 10:03:22,2546.4,361416
2021-06-15 10:03:24,2546.4,361417
2021-06-15 10:03:25,2546.4,361417
2021-06-15 10:03:26,2546.4,361427
2021-06-15 10:03:27,2546.4,361427
2021-06-15 10:03:28,2546.4,361427
2021-06-15 10:03:28,2546.4,361427
2021-06-15 10:03:29,2546.4,361427
2021-06-15 10:03:30,2546.25,361481
2021-06-15 10:03:32,2546.25,361482
2021-06-15 10:03:34,2546.25,361482
2021-06-15 10:03:35,2546.4,361484
2021-06-15 10:03:36,2546.4,361524
2021-06-15 10:03:37,2546.4,361564
2021-06-15 10:03:38,2546.4,361579
2021-06-15 10:03:39,2546.5,361587
2021-06-15 10:03:40,2546.5,361592
2021-06-15 10:03:41,2546.5,361592
2021-06-15 10:03:41,2546.5,361592
2021-06-15 10:03:42,2546.5,361592
2021-06-15 10:03:43,2546.5,361592
2021-06-15 10:03:44,2546.5,361602
2021-06-15 10:03:46,2546.45,361626
2021-06-15 10:03:47,2546.45,361646
2021-06-15 10:03:48,2546.45,361685
2021-06-15 10:03:49,2546.5,361731
2021-06-15 10:03:50,2546.45,361746
2021-06-15 10:03:51,2546.45,361746
2021-06-15 10:03:52,2546.45,361746
2021-06-15 10:03:53,2546.5,361847
2021-06-15 10:03:54,2546.5,362109
2021-06-15 10:03:54,2546.5,362109
2021-06-15 10:03:55,2546.5,362109
2021-06-15 10:03:56,2546.5,362109
2021-06-15 10:03:58,2546.5,362109
2021-06-15 10:03:59,2546.5,362110
2021-06-15 10:04:00,2546.45,362136
2021-06-15 10:04:01,2546.5,362200
2021-06-15 10:04:02,2546.5,362200
2021-06-15 10:04:02,2546.5,362210
2021-06-15 10:04:03,2546.5,362524
2021-06-15 10:04:05,2546.45,362632
2021-06-15 10:04:06,2546.45,362639
2021-06-15 10:04:07,2546.45,362645
2021-06-15 10:04:08,2546.5,362646
2021-06-15 10:04:09,2546.5,362646
2021-06-15 10:04:10,2546.45,362656
2021-06-15 10:04:11,2546.5,362668
2021-06-15 10:04:11,2546.5,362668
2021-06-15 10:04:12,2546.5,362668
2021-06-15 10:04:13,2546.5,362689
2021-06-15 10:04:15,2546.5,362689
2021-06-15 10:04:16,2546.3,363892
2021-06-15 10:04:17,2546.25,364492
2021-06-15 10:04:18,2546.25,364492
2021-06-15 10:04:19,2546.25,364492
2021-06-15 10:04:20,2546.25,364492
2021-06-15 10:04:20,2546.25,364492
2021-06-15 10:04:21,2546.25,364492
2021-06-15 10:04:22,2546.25,364492
2021-06-15 10:04:26,2546.3,364797
2021-06-15 10:04:27,2546.25,364824
2021-06-15 10:04:28,2546.3,364978
2021-06-15 10:04:29,2546.0,365178
2021-06-15 10:04:30,2546.0,365202
2021-06-15 10:04:31,2546.25,365302
2021-06-15 10:04:32,2546.3,365322
2021-06-15 10:04:33,2546.0,365328
2021-06-15 10:04:34,2546.0,365329
2021-06-15 10:04:34,2546.0,365329
2021-06-15 10:04:36,2546.0,365354
2021-06-15 10:04:37,2546.0,365360
2021-06-15 10:04:38,2546.0,365360
2021-06-15 10:04:40,2545.65,365525
2021-06-15 10:04:41,2545.65,365525
2021-06-15 10:04:42,2546.3,365527
2021-06-15 10:04:43,2546.3,365527
2021-06-15 10:04:44,2546.3,365527
2021-06-15 10:04:45,2545.65,365552
2021-06-15 10:04:46,2545.65,365555
2021-06-15 10:04:46,2545.65,365555
2021-06-15 10:04:47,2545.65,365555
2021-06-15 10:04:49,2545.65,365555
2021-06-15 10:04:50,2546.25,365559
2021-06-15 10:04:51,2546.25,365559
2021-06-15 10:04:52,2545.25,365659
2021-06-15 10:04:53,2545.25,365661
2021-06-15 10:04:53,2545.25,365661
2021-06-15 10:04:54,2545.25,365661
2021-06-15 10:04:56,2545.25,365661
2021-06-15 10:04:57,2545.25,365661
2021-06-15 10:04:58,2545.25,365661
2021-06-15 10:04:59,2545.65,365663
2021-06-15 10:05:00,2545.65,365707
2021-06-15 10:05:01,2545.65,365707
2021-06-15 10:05:02,2546.2,365717
2021-06-15 10:05:02,2546.2,365717
2021-06-15 10:05:03,2545.65,365747
2021-06-15 10:05:05,2545.65,365747
2021-06-15 10:05:06,2545.65,365751
2021-06-15 10:05:07,2545.65,365757
2021-06-15 10:05:08,2545.3,365861
2021-06-15 10:05:09,2545.3,365861
2021-06-15 10:05:10,2545.5,365871
2021-06-15 10:05:11,2545.3,365951
2021-06-15 10:05:11,2545.3,365951
2021-06-15 10:05:13,2545.3,365951
2021-06-15 10:05:14,2545.3,365951
2021-06-15 10:05:15,2545.3,365999
2021-06-15 10:05:16,2545.5,366096
2021-06-15 10:05:18,2545.5,366096
2021-06-15 10:05:17,2545.5,366096
2021-06-15 10:05:19,2545.3,366097
2021-06-15 10:05:20,2545.3,366097
2021-06-15 10:05:21,2545.3,366098
2021-06-15 10:05:22,2545.3,366127
2021-06-15 10:05:23,2545.3,366140
2021-06-15 10:05:24,2545.5,366144
2021-06-15 10:05:25,2545.5,366144
2021-06-15 10:05:26,2545.5,366144
2021-06-15 10:05:27,2545.5,366144
2021-06-15 10:05:28,2545.3,366250
2021-06-15 10:05:30,2545.5,366310
2021-06-15 10:05:31,2545.3,366495
2021-06-15 10:05:32,2545.5,366595
2021-06-15 10:05:33,2545.5,366595
2021-06-15 10:05:34,2545.5,366595
2021-06-15 10:05:34,2545.5,366595
2021-06-15 10:05:36,2545.5,366745
2021-06-15 10:05:37,2545.3,366751
2021-06-15 10:05:38,2545.3,366755
2021-06-15 10:05:39,2545.5,366857
2021-06-15 10:05:40,2545.5,367057
2021-06-15 10:05:41,2545.3,367195
2021-06-15 10:05:42,2545.5,368205
2021-06-15 10:05:44,2545.0,368252
2021-06-15 10:05:45,2545.5,368262
2021-06-15 10:05:46,2545.0,368287
2021-06-15 10:05:47,2545.0,368287
2021-06-15 10:05:47,2545.0,368287
2021-06-15 10:05:49,2545.05,368362
2021-06-15 10:05:50,2545.0,368562
2021-06-15 10:05:51,2545.0,368562
2021-06-15 10:05:52,2545.0,368562
2021-06-15 10:05:53,2545.0,368565
2021-06-15 10:05:54,2545.5,368574
2021-06-15 10:05:55,2545.5,368574
2021-06-15 10:05:56,2545.5,368574
2021-06-15 10:05:57,2545.0,368675
2021-06-15 10:05:57,2545.0,368675
2021-06-15 10:06:00,2545.0,368735
2021-06-15 10:06:01,2545.0,368816
2021-06-15 10:06:02,2545.0,368816
2021-06-15 10:06:03,2545.0,368816
2021-06-15 10:06:04,2545.5,368821
2021-06-15 10:06:04,2545.5,368821
2021-06-15 10:06:06,2545.5,368822
2021-06-15 10:06:07,2545.05,368828
2021-06-15 10:06:08,2545.05,368828
2021-06-15 10:06:09,2545.5,368892
2021-06-15 10:06:10,2545.05,368962
2021-06-15 10:06:11,2545.05,369064
2021-06-15 10:06:12,2545.05,369364
2021-06-15 10:06:13,2545.05,369372
2021-06-15 10:06:14,2545.05,369372
2021-06-15 10:06:15,2545.05,369397
2021-06-15 10:06:15,2545.0,370025
2021-06-15 10:06:17,2545.0,370030
2021-06-15 10:06:18,2545.4,370058
2021-06-15 10:06:19,2545.0,370163
2021-06-15 10:06:20,2545.4,370174
2021-06-15 10:06:21,2545.4,370174
2021-06-15 10:06:22,2545.4,370174
2021-06-15 10:06:22,2545.4,370174
2021-06-15 10:06:24,2545.4,370175
2021-06-15 10:06:25,2545.4,370177
2021-06-15 10:06:26,2545.4,370202
2021-06-15 10:06:27,2545.4,370202
2021-06-15 10:06:28,2545.4,370214
2021-06-15 10:06:29,2545.4,370214
2021-06-15 10:06:30,2545.2,370248
2021-06-15 10:06:32,2545.2,370248
2021-06-15 10:06:33,2545.2,370355
2021-06-15 10:06:35,2545.35,370469
2021-06-15 10:06:36,2545.2,370475
2021-06-15 10:06:37,2545.35,370506
2021-06-15 10:06:38,2545.35,370557
2021-06-15 10:06:38,2545.35,370557
2021-06-15 10:06:40,2545.35,370568
2021-06-15 10:06:41,2545.35,370568
2021-06-15 10:06:42,2545.35,370698
2021-06-15 10:06:43,2545.35,370798
2021-06-15 10:06:44,2545.35,370798
2021-06-15 10:06:46,2544.4,373226
2021-06-15 10:06:47,2544.45,373307
2021-06-15 10:06:48,2543.7,374228
2021-06-15 10:06:49,2543.7,374228
2021-06-15 10:06:50,2543.55,374286
2021-06-15 10:06:52,2543.3,374454
2021-06-15 10:06:53,2543.1,374784
2021-06-15 10:06:54,2543.0,375054
2021-06-15 10:06:55,2542.7,375155
2021-06-15 10:06:56,2542.7,375155
2021-06-15 10:06:57,2543.0,375493
2021-06-15 10:06:58,2543.0,375493
2021-06-15 10:06:59,2542.55,375544
2021-06-15 10:07:00,2542.55,375563
2021-06-15 10:07:02,2543.0,375607
2021-06-15 10:07:03,2542.55,375657
2021-06-15 10:07:04,2542.55,375657
2021-06-15 10:07:05,2543.0,375795
2021-06-15 10:07:06,2542.95,376151
2021-06-15 10:07:07,2542.6,376243
2021-06-15 10:07:09,2542.9,376253
2021-06-15 10:07:08,2542.6,376243
2021-06-15 10:07:10,2543.25,376453
2021-06-15 10:07:11,2542.6,376475
2021-06-15 10:07:12,2542.6,376525
2021-06-15 10:07:13,2542.65,376541
2021-06-15 10:07:14,2542.65,376541
2021-06-15 10:07:16,2543.25,376788
2021-06-15 10:07:15,2543.2,376786
2021-06-15 10:07:17,2543.05,376818
2021-06-15 10:07:18,2543.05,376818
2021-06-15 10:07:19,2543.25,376868
2021-06-15 10:07:20,2543.25,376869
2021-06-15 10:07:21,2543.65,376997
2021-06-15 10:07:22,2543.65,376997
2021-06-15 10:07:23,2543.65,377001
2021-06-15 10:07:24,2543.65,377002
2021-06-15 10:07:25,2543.65,377002
