timestamp,ltp,volume
2021-06-15 09:15:39,681.1,14528
2021-06-15 09:15:49,681.0,17004
2021-06-15 09:15:54,681.45,17639
2021-06-15 09:15:59,681.1,17940
2021-06-15 09:16:03,681.8,18605
2021-06-15 09:16:12,681.6,20414
2021-06-15 09:16:17,681.55,20788
2021-06-15 09:16:22,681.9,21670
2021-06-15 09:16:27,681.8,22282
2021-06-15 09:16:31,682.3,24609
2021-06-15 09:16:35,682.9,25177
2021-06-15 09:16:40,682.9,25912
2021-06-15 09:16:44,682.7,27600
2021-06-15 09:16:49,682.95,27850
2021-06-15 09:16:57,683.0,30195
2021-06-15 09:17:02,683.4,30594
2021-06-15 09:17:06,683.7,32108
2021-06-15 09:17:11,683.4,32949
2021-06-15 09:17:15,683.45,33613
2021-06-15 09:17:20,683.5,34032
2021-06-15 09:17:24,683.5,34298
2021-06-15 09:17:28,683.55,34760
2021-06-15 09:17:33,683.6,34806
2021-06-15 09:17:37,683.6,35314
2021-06-15 09:17:41,683.6,35558
2021-06-15 09:17:50,684.15,37183
2021-06-15 09:17:54,683.7,38168
2021-06-15 09:18:03,684.15,38749
2021-06-15 09:18:07,683.95,38968
2021-06-15 09:18:11,684.25,40371
2021-06-15 09:18:16,684.05,40669
2021-06-15 09:18:20,684.15,41032
2021-06-15 09:18:24,684.15,41481
2021-06-15 09:18:28,684.4,41638
2021-06-15 09:18:32,684.25,42742
2021-06-15 09:18:36,684.25,43200
2021-06-15 09:18:40,684.25,43245
2021-06-15 09:18:44,684.35,43756
2021-06-15 09:18:48,684.5,44545
2021-06-15 09:18:52,684.35,45776
2021-06-15 09:18:56,684.8,46726
2021-06-15 09:19:00,684.9,47260
2021-06-15 09:19:04,684.5,47634
2021-06-15 09:19:08,684.95,48724
2021-06-15 09:19:12,684.9,50072
2021-06-15 09:19:17,684.5,50350
2021-06-15 09:19:21,684.4,51686
2021-06-15 09:19:25,684.35,52002
2021-06-15 09:19:29,684.4,53273
2021-06-15 09:19:33,684.1,54873
2021-06-15 09:19:37,684.5,55928
2021-06-15 09:19:41,684.55,56400
2021-06-15 09:19:45,684.4,57032
2021-06-15 09:19:49,684.5,57567
2021-06-15 09:19:53,684.35,58132
2021-06-15 09:19:57,684.15,58409
2021-06-15 09:20:01,683.7,61456
2021-06-15 09:20:06,683.65,61746
2021-06-15 09:20:10,683.85,61889
2021-06-15 09:20:14,684.3,62065
2021-06-15 09:20:18,684.3,62188
2021-06-15 09:20:22,684.1,62394
2021-06-15 09:20:26,684.3,62638
2021-06-15 09:20:30,684.2,63446
2021-06-15 09:20:34,683.95,64690
2021-06-15 09:20:38,683.95,64844
2021-06-15 09:20:42,683.75,64869
2021-06-15 09:20:46,683.75,64907
2021-06-15 09:20:50,683.95,65141
2021-06-15 09:20:54,683.95,65370
2021-06-15 09:20:58,684.0,65992
2021-06-15 09:21:02,684.05,66107
2021-06-15 09:21:06,684.0,66294
2021-06-15 09:21:10,684.3,66328
2021-06-15 09:21:14,684.4,66804
2021-06-15 09:21:18,684.45,66933
2021-06-15 09:21:22,684.3,67592
2021-06-15 09:21:26,684.4,67976
2021-06-15 09:21:30,684.4,69092
2021-06-15 09:21:34,684.75,69133
2021-06-15 09:21:38,684.85,70136
2021-06-15 09:21:46,684.9,70710
2021-06-15 09:21:54,685.65,77051
2021-06-15 09:21:58,685.5,77510
2021-06-15 09:22:02,686.0,79705
2021-06-15 09:22:06,685.85,80976
2021-06-15 09:22:10,685.95,81310
2021-06-15 09:22:14,685.6,82123
2021-06-15 09:22:17,685.95,82175
2021-06-15 09:22:21,685.9,82202
2021-06-15 09:22:25,686.0,83594
2021-06-15 09:22:29,686.0,85305
2021-06-15 09:22:33,686.0,85964
2021-06-15 09:22:34,686.4,86066
2021-06-15 09:22:36,686.25,86800
2021-06-15 09:22:37,686.25,86800
2021-06-15 09:22:39,686.1,87348
2021-06-15 09:22:40,686.15,87429
2021-06-15 09:22:41,686.05,87457
2021-06-15 09:22:42,686.05,87664
2021-06-15 09:22:43,686.2,88823
2021-06-15 09:22:44,686.2,88963
2021-06-15 09:22:46,686.15,91007
2021-06-15 09:22:47,686.2,91305
2021-06-15 09:22:48,686.15,91493
2021-06-15 09:22:49,686.1,91636
2021-06-15 09:22:50,686.15,92137
2021-06-15 09:22:51,686.2,92243
2021-06-15 09:22:52,686.15,92269
2021-06-15 09:22:53,686.15,92322
2021-06-15 09:22:54,686.35,92602
2021-06-15 09:22:56,686.2,94783
2021-06-15 09:22:56,686.5,95492
2021-06-15 09:22:58,686.5,95515
2021-06-15 09:22:59,686.5,95516
2021-06-15 09:23:00,686.5,95544
2021-06-15 09:23:01,686.25,96723
2021-06-15 09:23:02,686.35,96752
2021-06-15 09:23:03,686.35,96804
2021-06-15 09:23:04,686.45,97241
2021-06-15 09:23:04,686.45,97246
2021-06-15 09:23:06,686.4,97250
2021-06-15 09:23:07,686.4,97300
2021-06-15 09:23:08,686.3,97326
2021-06-15 09:23:09,686.4,97334
2021-06-15 09:23:10,686.4,97498
2021-06-15 09:23:11,686.3,97502
2021-06-15 09:23:12,686.25,97877
2021-06-15 09:23:13,686.25,97877
2021-06-15 09:23:14,686.35,98318
2021-06-15 09:23:14,686.35,98319
2021-06-15 09:23:16,686.35,98395
2021-06-15 09:23:17,686.25,98444
2021-06-15 09:23:18,686.25,98451
2021-06-15 09:23:19,686.3,98484
2021-06-15 09:23:20,686.25,98968
2021-06-15 09:23:21,686.25,99309
2021-06-15 09:23:22,686.35,99333
2021-06-15 09:23:23,686.35,99361
2021-06-15 09:23:24,686.25,99450
2021-06-15 09:23:25,685.65,103628
2021-06-15 09:23:25,685.1,103708
2021-06-15 09:23:26,685.8,103875
2021-06-15 09:23:27,685.95,104719
2021-06-15 09:23:28,685.55,104889
2021-06-15 09:23:29,685.95,104893
2021-06-15 09:23:30,685.95,104964
2021-06-15 09:23:31,685.8,105011
2021-06-15 09:23:32,685.9,105115
2021-06-15 09:23:33,685.9,105120
2021-06-15 09:23:34,685.85,105163
2021-06-15 09:23:35,685.7,105281
2021-06-15 09:23:36,685.85,105284
2021-06-15 09:23:37,685.8,105299
2021-06-15 09:23:38,685.8,105333
2021-06-15 09:23:39,685.65,105602
2021-06-15 09:23:40,685.65,105616
2021-06-15 09:23:42,685.65,105868
2021-06-15 09:23:43,685.75,105896
2021-06-15 09:23:44,685.65,105979
2021-06-15 09:23:45,685.65,106486
2021-06-15 09:23:46,685.75,106606
2021-06-15 09:23:48,685.65,106757
2021-06-15 09:23:48,685.9,106759
2021-06-15 09:23:50,685.65,106835
2021-06-15 09:23:51,685.9,106851
2021-06-15 09:23:52,685.9,106918
2021-06-15 09:23:53,685.7,107222
2021-06-15 09:23:54,685.9,107223
2021-06-15 09:23:55,686.0,107770
2021-06-15 09:23:56,686.0,107870
2021-06-15 09:23:56,686.25,107887
2021-06-15 09:23:57,686.3,107992
2021-06-15 09:23:59,686.3,108030
2021-06-15 09:24:00,686.05,108211
2021-06-15 09:24:01,686.25,108213
2021-06-15 09:24:02,686.2,108391
2021-06-15 09:24:03,686.25,108503
2021-06-15 09:24:04,686.15,108960
2021-06-15 09:24:05,686.3,108999
2021-06-15 09:24:06,686.3,109004
2021-06-15 09:24:07,686.3,109004
2021-06-15 09:24:08,686.3,109004
2021-06-15 09:24:09,686.3,109376
2021-06-15 09:24:10,686.3,109622
2021-06-15 09:24:11,686.3,109622
2021-06-15 09:24:12,686.2,109656
2021-06-15 09:24:13,686.3,109681
2021-06-15 09:24:14,686.3,109730
2021-06-15 09:24:16,686.2,109842
2021-06-15 09:24:17,686.2,109867
2021-06-15 09:24:18,686.2,109867
2021-06-15 09:24:19,686.1,110642
2021-06-15 09:24:20,686.1,110642
2021-06-15 09:24:21,686.15,110647
2021-06-15 09:24:22,686.1,110672
2021-06-15 09:24:23,686.1,110900
2021-06-15 09:24:24,686.0,110988
2021-06-15 09:24:24,686.0,111735
2021-06-15 09:24:25,686.05,111743
2021-06-15 09:24:27,686.05,111743
2021-06-15 09:24:28,686.15,111808
2021-06-15 09:24:29,686.15,111808
2021-06-15 09:24:30,686.15,111832
2021-06-15 09:24:31,686.0,112982
2021-06-15 09:24:32,686.1,113182
2021-06-15 09:24:33,686.1,113187
2021-06-15 09:24:34,685.95,113232
2021-06-15 09:24:35,685.95,113261
2021-06-15 09:24:35,685.95,113261
2021-06-15 09:24:37,685.95,113261
2021-06-15 09:24:38,686.1,113296
2021-06-15 09:24:39,686.1,113325
2021-06-15 09:24:41,685.95,113530
2021-06-15 09:24:43,685.95,113590
2021-06-15 09:24:44,685.95,113590
2021-06-15 09:24:45,685.95,113590
2021-06-15 09:24:46,686.25,115693
2021-06-15 09:24:47,686.25,115693
2021-06-15 09:24:48,686.0,115727
2021-06-15 09:24:49,686.25,115729
2021-06-15 09:24:50,686.0,115757
2021-06-15 09:24:51,686.1,115887
2021-06-15 09:24:52,686.25,115994
2021-06-15 09:24:53,686.25,115994
2021-06-15 09:24:54,686.1,116023
2021-06-15 09:24:55,686.25,116133
2021-06-15 09:24:56,686.25,116437
2021-06-15 09:24:57,685.75,118292
2021-06-15 09:24:59,685.5,118340
2021-06-15 09:25:00,685.5,118363
2021-06-15 09:25:01,685.5,118389
2021-06-15 09:25:02,685.75,118889
2021-06-15 09:25:03,685.75,118897
2021-06-15 09:25:04,685.5,118907
2021-06-15 09:25:05,685.75,119209
2021-06-15 09:25:06,685.5,119306
2021-06-15 09:25:07,685.5,119306
2021-06-15 09:25:08,685.75,119387
2021-06-15 09:25:09,685.5,119445
2021-06-15 09:25:10,685.6,119457
2021-06-15 09:25:11,685.6,119736
2021-06-15 09:25:13,685.75,119913
2021-06-15 09:25:14,685.75,119915
2021-06-15 09:25:15,685.75,119923
2021-06-15 09:25:16,685.8,120029
2021-06-15 09:25:17,685.8,120029
2021-06-15 09:25:18,685.8,120029
2021-06-15 09:25:19,685.65,120030
2021-06-15 09:25:20,685.8,120034
2021-06-15 09:25:21,685.9,120184
2021-06-15 09:25:22,685.9,120184
2021-06-15 09:25:23,685.75,120185
2021-06-15 09:25:24,686.0,120195
2021-06-15 09:25:25,685.75,120200
2021-06-15 09:25:26,686.0,120212
2021-06-15 09:25:27,686.0,120212
2021-06-15 09:25:28,686.2,121399
2021-06-15 09:25:29,686.2,121399
2021-06-15 09:25:30,686.15,121550
2021-06-15 09:25:31,686.15,121990
2021-06-15 09:25:32,686.15,121990
2021-06-15 09:25:33,686.15,122005
2021-06-15 09:25:34,686.15,122005
2021-06-15 09:25:35,686.15,122005
2021-06-15 09:25:36,686.15,122005
2021-06-15 09:25:40,686.3,122607
2021-06-15 09:25:41,686.3,122688
2021-06-15 09:25:42,686.35,122838
2021-06-15 09:25:43,686.3,122943
2021-06-15 09:25:45,686.3,122943
2021-06-15 09:25:47,686.3,123194
2021-06-15 09:25:48,686.25,123222
2021-06-15 09:25:49,686.25,123512
2021-06-15 09:25:50,686.3,123522
2021-06-15 09:25:51,686.3,123831
2021-06-15 09:25:52,686.25,124951
2021-06-15 09:25:53,686.45,124966
2021-06-15 09:25:54,686.4,125131
2021-06-15 09:25:55,686.4,125131
2021-06-15 09:25:56,686.4,125543
2021-06-15 09:25:57,686.25,126996
2021-06-15 09:25:58,686.25,126996
2021-06-15 09:25:59,686.0,127056
2021-06-15 09:26:00,686.0,127097
2021-06-15 09:26:01,686.35,127597
2021-06-15 09:26:02,686.35,127597
2021-06-15 09:26:03,686.35,127597
2021-06-15 09:26:04,686.35,127597
2021-06-15 09:26:05,686.05,127599
2021-06-15 09:26:06,686.05,127606
2021-06-15 09:26:07,686.35,127686
2021-06-15 09:26:08,686.35,127686
2021-06-15 09:26:09,686.35,127686
2021-06-15 09:26:10,686.05,127706
2021-06-15 09:26:11,686.1,127799
2021-06-15 09:26:12,686.1,127839
2021-06-15 09:26:13,686.1,127921
2021-06-15 09:26:14,686.1,127921
2021-06-15 09:26:15,686.1,127921
2021-06-15 09:26:16,686.4,128456
2021-06-15 09:26:17,686.3,129225
2021-06-15 09:26:18,686.1,129419
2021-06-15 09:26:20,686.15,130082
2021-06-15 09:26:21,686.45,130259
2021-06-15 09:26:22,686.45,130406
2021-06-15 09:26:23,686.45,130514
2021-06-15 09:26:24,686.45,130534
2021-06-15 09:26:25,686.35,131431
2021-06-15 09:26:26,686.4,131711
2021-06-15 09:26:27,686.4,131711
2021-06-15 09:26:28,686.4,131896
2021-06-15 09:26:29,686.4,131911
2021-06-15 09:26:30,686.5,132506
2021-06-15 09:26:31,686.45,133765
2021-06-15 09:26:32,686.35,133873
2021-06-15 09:26:33,686.5,134191
2021-06-15 09:26:34,686.35,134274
2021-06-15 09:26:35,686.45,134288
2021-06-15 09:26:36,686.5,134531
2021-06-15 09:26:37,686.4,134537
2021-06-15 09:26:38,686.4,134683
2021-06-15 09:26:39,686.5,134684
2021-06-15 09:26:40,686.4,134784
2021-06-15 09:26:41,686.35,134942
2021-06-15 09:26:42,686.35,135028
2021-06-15 09:26:43,686.5,135222
2021-06-15 09:26:44,686.35,135250
2021-06-15 09:26:45,686.35,135305
2021-06-15 09:26:47,686.5,135402
2021-06-15 09:26:48,686.35,135481
2021-06-15 09:26:49,686.2,137468
2021-06-15 09:26:50,686.3,137811
2021-06-15 09:26:51,686.25,137840
2021-06-15 09:26:52,686.4,138214
2021-06-15 09:26:53,686.2,138271
2021-06-15 09:26:54,686.4,138316
2021-06-15 09:26:55,686.35,138317
2021-06-15 09:26:56,686.25,138364
2021-06-15 09:26:59,686.4,138482
2021-06-15 09:27:01,686.35,139807
2021-06-15 09:27:02,686.2,139808
2021-06-15 09:27:02,686.35,140099
2021-06-15 09:27:04,686.2,140549
2021-06-15 09:27:05,686.35,140580
2021-06-15 09:27:06,686.35,140580
2021-06-15 09:27:07,686.25,140911
2021-06-15 09:27:08,686.45,141218
2021-06-15 09:27:09,686.45,141218
2021-06-15 09:27:10,686.35,141221
2021-06-15 09:27:11,686.35,141221
2021-06-15 09:27:12,686.35,141250
2021-06-15 09:27:14,686.35,141250
2021-06-15 09:27:14,686.35,141307
2021-06-15 09:27:15,686.35,141360
2021-06-15 09:27:16,686.4,141365
2021-06-15 09:27:17,686.35,141630
2021-06-15 09:27:18,686.35,142911
2021-06-15 09:27:19,686.45,143051
2021-06-15 09:27:20,686.35,143138
2021-06-15 09:27:21,686.35,143229
2021-06-15 09:27:22,686.35,143229
2021-06-15 09:27:23,686.45,143234
2021-06-15 09:27:24,686.35,143264
2021-06-15 09:27:25,686.35,143315
2021-06-15 09:27:26,686.35,143353
2021-06-15 09:27:27,686.45,143429
2021-06-15 09:27:28,686.35,143458
2021-06-15 09:27:29,686.45,143478
2021-06-15 09:27:30,686.35,143562
2021-06-15 09:27:31,686.2,145251
2021-06-15 09:27:32,686.35,145317
2021-06-15 09:27:33,686.4,147202
2021-06-15 09:27:36,686.4,148587
2021-06-15 09:27:40,686.4,148718
2021-06-15 09:27:43,686.5,150371
2021-06-15 09:27:47,686.4,150513
2021-06-15 09:27:51,686.35,150615
2021-06-15 09:27:54,686.3,151118
2021-06-15 09:27:58,686.1,151190
2021-06-15 09:28:02,686.3,151324
2021-06-15 09:28:06,686.1,151474
2021-06-15 09:28:09,686.1,151478
2021-06-15 09:28:17,686.0,151586
2021-06-15 09:28:21,686.0,151706
2021-06-15 09:28:24,686.05,151803
2021-06-15 09:28:28,686.05,151885
2021-06-15 09:28:32,686.1,153164
2021-06-15 09:28:35,686.1,153184
2021-06-15 09:28:39,686.0,153327
2021-06-15 09:28:43,686.05,153445
2021-06-15 09:28:51,686.3,154428
2021-06-15 09:28:55,686.25,154507
2021-06-15 09:28:58,686.3,154680
2021-06-15 09:29:02,686.1,155002
2021-06-15 09:29:06,686.3,155015
2021-06-15 09:29:10,686.3,155015
2021-06-15 09:29:14,686.3,155175
2021-06-15 09:29:18,686.25,155487
2021-06-15 09:29:21,686.25,155568
2021-06-15 09:29:25,686.25,155603
2021-06-15 09:29:29,686.3,155735
2021-06-15 09:29:32,686.25,156207
2021-06-15 09:29:36,686.25,156233
2021-06-15 09:29:39,686.3,156290
2021-06-15 09:29:43,686.25,156420
2021-06-15 09:29:46,686.25,156461
2021-06-15 09:29:49,686.25,156461
2021-06-15 09:29:53,686.25,156544
2021-06-15 09:29:57,686.25,156826
2021-06-15 09:30:01,686.3,157090
2021-06-15 09:30:04,686.3,157236
2021-06-15 09:30:08,686.3,157387
2021-06-15 09:30:12,686.25,157525
2021-06-15 09:30:16,686.25,157748
2021-06-15 09:30:19,686.4,159100
2021-06-15 09:30:23,686.7,163627
2021-06-15 09:30:27,686.5,163820
2021-06-15 09:30:34,686.65,164954
2021-06-15 09:30:38,686.5,165293
2021-06-15 09:30:42,686.6,166562
2021-06-15 09:30:46,686.5,167212
2021-06-15 09:30:49,686.7,167725
2021-06-15 09:30:53,686.5,168179
2021-06-15 09:30:56,686.8,168349
2021-06-15 09:31:00,686.6,168405
2021-06-15 09:31:04,686.35,170949
2021-06-15 09:31:07,686.7,171405
2021-06-15 09:31:11,686.7,172941
2021-06-15 09:31:14,686.85,173019
2021-06-15 09:31:18,686.65,173619
2021-06-15 09:31:22,686.7,173634
2021-06-15 09:31:25,686.55,198960
2021-06-15 09:31:29,686.65,199238
2021-06-15 09:31:32,686.7,201231
2021-06-15 09:31:36,686.75,202585
2021-06-15 09:31:39,686.5,209206
2021-06-15 09:31:43,686.8,210997
2021-06-15 09:31:47,686.65,212105
2021-06-15 09:31:50,686.65,213200
2021-06-15 09:31:54,686.65,213254
2021-06-15 09:31:58,687.0,213433
2021-06-15 09:32:01,686.65,213486
2021-06-15 09:32:05,686.6,216161
2021-06-15 09:32:08,686.25,218092
2021-06-15 09:32:12,686.1,220572
2021-06-15 09:32:15,686.0,221292
2021-06-15 09:32:19,685.95,221656
2021-06-15 09:32:23,686.1,221667
2021-06-15 09:32:26,685.1,223954
2021-06-15 09:32:30,685.15,225093
2021-06-15 09:32:33,685.3,225351
2021-06-15 09:32:34,685.15,225394
2021-06-15 09:32:35,685.15,225423
2021-06-15 09:32:36,685.3,225424
2021-06-15 09:32:38,685.1,226609
2021-06-15 09:32:39,685.0,226694
2021-06-15 09:32:40,685.0,226694
2021-06-15 09:32:41,685.3,228994
2021-06-15 09:32:42,685.3,229014
2021-06-15 09:32:43,685.9,232308
2021-06-15 09:32:44,685.95,232418
2021-06-15 09:32:45,685.95,232644
2021-06-15 09:32:45,685.95,232444
2021-06-15 09:32:47,685.85,232752
2021-06-15 09:32:47,685.85,232752
2021-06-15 09:32:49,685.7,232780
2021-06-15 09:32:50,685.95,233017
2021-06-15 09:32:51,685.65,233046
2021-06-15 09:32:52,685.55,233237
2021-06-15 09:32:53,685.7,235883
2021-06-15 09:32:54,685.5,235897
2021-06-15 09:32:55,685.7,235997
2021-06-15 09:32:56,685.5,236639
2021-06-15 09:32:57,685.5,236639
2021-06-15 09:32:58,685.5,236639
2021-06-15 09:33:01,685.65,236677
2021-06-15 09:33:02,685.65,236677
2021-06-15 09:33:03,685.65,236720
2021-06-15 09:33:04,685.65,236720
2021-06-15 09:33:05,685.65,236724
2021-06-15 09:33:06,685.5,236769
2021-06-15 09:33:07,685.5,236769
2021-06-15 09:33:08,685.5,236769
2021-06-15 09:33:09,685.65,236829
2021-06-15 09:33:09,685.65,236843
2021-06-15 09:33:10,685.65,236844
2021-06-15 09:33:11,685.65,236844
2021-06-15 09:33:14,685.65,236936
2021-06-15 09:33:15,685.65,237017
2021-06-15 09:33:16,685.8,238580
2021-06-15 09:33:17,685.8,238580
2021-06-15 09:33:18,685.65,238680
2021-06-15 09:33:19,685.65,238680
2021-06-15 09:33:20,685.6,238815
2021-06-15 09:33:21,685.6,238845
2021-06-15 09:33:21,685.6,238845
2021-06-15 09:33:23,685.6,238845
2021-06-15 09:33:24,685.7,238874
2021-06-15 09:33:25,685.7,238880
2021-06-15 09:33:27,685.65,238949
2021-06-15 09:33:28,685.7,238957
2021-06-15 09:33:29,685.7,239031
2021-06-15 09:33:30,685.7,239032
2021-06-15 09:33:31,685.65,239086
2021-06-15 09:33:31,685.65,239136
2021-06-15 09:33:32,685.65,239151
2021-06-15 09:33:33,685.65,239174
2021-06-15 09:33:35,685.65,239243
2021-06-15 09:33:36,685.65,239243
2021-06-15 09:33:37,685.65,239253
2021-06-15 09:33:38,685.7,239353
2021-06-15 09:33:39,685.65,239488
2021-06-15 09:33:40,685.65,239513
2021-06-15 09:33:41,685.65,239513
2021-06-15 09:33:42,685.65,239516
2021-06-15 09:33:43,685.65,239527
2021-06-15 09:33:44,685.65,239527
2021-06-15 09:33:45,685.65,239556
2021-06-15 09:33:47,685.6,239570
2021-06-15 09:33:48,685.6,240959
2021-06-15 09:33:49,685.65,242969
2021-06-15 09:33:50,685.65,242969
2021-06-15 09:33:51,685.65,242969
2021-06-15 09:33:52,685.65,242969
2021-06-15 09:33:54,685.75,243085
2021-06-15 09:33:55,685.75,243085
2021-06-15 09:33:56,685.75,243085
2021-06-15 09:33:57,685.75,243086
2021-06-15 09:33:58,685.65,243146
2021-06-15 09:33:59,685.65,243146
2021-06-15 09:34:00,685.65,243156
2021-06-15 09:34:01,685.6,244389
2021-06-15 09:34:02,685.6,244412
2021-06-15 09:34:03,685.6,244412
2021-06-15 09:34:04,685.25,246302
2021-06-15 09:34:05,685.25,246302
2021-06-15 09:34:06,685.3,246412
2021-06-15 09:34:07,685.1,246920
2021-06-15 09:34:10,685.45,248380
2021-06-15 09:34:11,685.35,249130
2021-06-15 09:34:12,685.35,249130
2021-06-15 09:34:13,685.75,249135
2021-06-15 09:34:14,685.5,249160
2021-06-15 09:34:15,685.5,249190
2021-06-15 09:34:16,685.5,249246
2021-06-15 09:34:17,685.5,249246
2021-06-15 09:34:18,685.45,249345
2021-06-15 09:34:19,685.35,249351
2021-06-15 09:34:20,685.35,249351
2021-06-15 09:34:21,685.35,249351
2021-06-15 09:34:22,685.45,249363
2021-06-15 09:34:23,685.45,249363
2021-06-15 09:34:24,685.4,249399
2021-06-15 09:34:25,685.45,249401
2021-06-15 09:34:26,685.45,249401
2021-06-15 09:34:27,685.45,249408
2021-06-15 09:34:28,685.35,249923
2021-06-15 09:34:29,685.35,249923
2021-06-15 09:34:30,685.45,249948
2021-06-15 09:34:31,685.45,249975
2021-06-15 09:34:32,685.45,249975
2021-06-15 09:34:33,685.65,250092
2021-06-15 09:34:34,685.65,250092
2021-06-15 09:34:35,685.65,250092
2021-06-15 09:34:36,685.4,250139
2021-06-15 09:34:37,685.4,250139
2021-06-15 09:34:38,685.45,250156
2021-06-15 09:34:40,685.4,250306
2021-06-15 09:34:40,685.45,250307
2021-06-15 09:34:41,685.45,250307
2021-06-15 09:34:42,685.45,250307
2021-06-15 09:34:44,685.4,250837
2021-06-15 09:34:45,685.4,250865
2021-06-15 09:34:46,685.4,250865
2021-06-15 09:34:48,685.4,251400
2021-06-15 09:34:51,685.45,251460
2021-06-15 09:34:52,685.45,251460
2021-06-15 09:34:53,685.4,251505
2021-06-15 09:34:54,685.45,251555
2021-06-15 09:34:55,685.4,251557
2021-06-15 09:34:56,685.45,251558
2021-06-15 09:34:57,685.45,251563
2021-06-15 09:34:58,685.4,251564
2021-06-15 09:34:59,685.45,251565
2021-06-15 09:35:00,685.6,252805
2021-06-15 09:35:01,685.6,252805
2021-06-15 09:35:02,685.65,252818
2021-06-15 09:35:03,686.0,252947
2021-06-15 09:35:04,685.6,252952
2021-06-15 09:35:05,686.0,253152
2021-06-15 09:35:06,686.0,253152
2021-06-15 09:35:07,686.0,253152
2021-06-15 09:35:08,686.0,253153
2021-06-15 09:35:09,685.65,253230
2021-06-15 09:35:10,685.95,253282
2021-06-15 09:35:11,686.0,253378
2021-06-15 09:35:12,686.0,253480
2021-06-15 09:35:13,685.7,253658
2021-06-15 09:35:14,686.0,253673
2021-06-15 09:35:15,686.0,253673
2021-06-15 09:35:16,685.7,253699
2021-06-15 09:35:17,686.3,278297
2021-06-15 09:35:18,686.3,278297
2021-06-15 09:35:19,686.3,278297
2021-06-15 09:35:20,686.5,278324
2021-06-15 09:35:21,686.65,278678
2021-06-15 09:35:22,686.7,279256
2021-06-15 09:35:23,686.65,279361
2021-06-15 09:35:25,686.7,279554
2021-06-15 09:35:26,686.85,280686
2021-06-15 09:35:27,687.0,282862
2021-06-15 09:35:28,687.0,290727
2021-06-15 09:35:29,687.0,290727
2021-06-15 09:35:30,687.0,290727
2021-06-15 09:35:31,687.0,293518
2021-06-15 09:35:32,687.0,294135
2021-06-15 09:35:33,687.0,294135
2021-06-15 09:35:34,687.0,295428
2021-06-15 09:35:35,687.1,295729
2021-06-15 09:35:38,687.2,295757
2021-06-15 09:35:39,687.2,296050
2021-06-15 09:35:40,687.2,296251
2021-06-15 09:35:41,687.2,296251
2021-06-15 09:35:42,687.2,296280
2021-06-15 09:35:43,687.2,296280
2021-06-15 09:35:45,687.2,296283
2021-06-15 09:35:46,687.2,296757
2021-06-15 09:35:47,687.05,297007
2021-06-15 09:35:48,687.05,297258
2021-06-15 09:35:49,687.05,297258
2021-06-15 09:35:50,687.25,297367
2021-06-15 09:35:51,687.2,297369
2021-06-15 09:35:52,687.2,297369
2021-06-15 09:35:53,687.2,301255
2021-06-15 09:35:54,687.2,301255
2021-06-15 09:35:55,687.2,301255
2021-06-15 09:35:56,687.15,301375
2021-06-15 09:35:57,687.2,301388
2021-06-15 09:35:58,686.5,306159
2021-06-15 09:35:59,686.65,306684
2021-06-15 09:36:01,687.05,306733
2021-06-15 09:36:02,687.05,306733
2021-06-15 09:36:03,686.75,307677
2021-06-15 09:36:04,686.85,307684
2021-06-15 09:36:05,686.85,307684
2021-06-15 09:36:06,686.85,307684
2021-06-15 09:36:07,686.85,307684
2021-06-15 09:36:08,686.85,307684
2021-06-15 09:36:09,687.1,307694
2021-06-15 09:36:10,687.1,307694
2021-06-15 09:36:11,687.1,307704
2021-06-15 09:36:12,687.1,307704
2021-06-15 09:36:13,686.85,307705
2021-06-15 09:36:14,686.85,307705
2021-06-15 09:36:15,686.85,307733
2021-06-15 09:36:16,686.85,307733
2021-06-15 09:36:17,686.8,307759
2021-06-15 09:36:18,686.8,307759
2021-06-15 09:36:19,686.8,307759
2021-06-15 09:36:20,686.85,307769
2021-06-15 09:36:21,686.85,308054
2021-06-15 09:36:22,687.0,308063
2021-06-15 09:36:23,687.0,308069
2021-06-15 09:36:24,687.0,308069
2021-06-15 09:36:25,687.0,308069
2021-06-15 09:36:26,686.8,308099
2021-06-15 09:36:27,686.8,308099
2021-06-15 09:36:28,687.15,308210
2021-06-15 09:36:29,687.2,308460
2021-06-15 09:36:30,686.75,308486
2021-06-15 09:36:31,686.75,308486
2021-06-15 09:36:32,686.75,308486
2021-06-15 09:36:33,686.75,308486
2021-06-15 09:36:34,687.0,308491
2021-06-15 09:36:35,687.0,308491
2021-06-15 09:36:36,687.0,308491
2021-06-15 09:36:37,686.8,308542
2021-06-15 09:36:38,686.95,308561
2021-06-15 09:36:39,686.8,308704
2021-06-15 09:36:40,686.8,308720
2021-06-15 09:36:41,686.95,308731
2021-06-15 09:36:42,686.8,308733
2021-06-15 09:36:43,686.8,308734
2021-06-15 09:36:45,686.8,309866
2021-06-15 09:36:46,686.8,309926
2021-06-15 09:36:47,686.8,309968
2021-06-15 09:36:48,686.9,309981
2021-06-15 09:36:49,686.8,310041
2021-06-15 09:36:50,686.75,310520
2021-06-15 09:36:51,686.8,310521
2021-06-15 09:36:52,686.8,311041
2021-06-15 09:36:53,686.8,311051
2021-06-15 09:36:54,686.8,311051
2021-06-15 09:36:55,686.8,311051
2021-06-15 09:36:56,686.8,311084
2021-06-15 09:36:57,686.8,311134
2021-06-15 09:36:59,686.95,312897
2021-06-15 09:37:00,686.75,312924
2021-06-15 09:37:01,686.95,312974
2021-06-15 09:37:02,686.85,312976
2021-06-15 09:37:03,686.85,312980
2021-06-15 09:37:04,686.85,312980
2021-06-15 09:37:05,686.85,313005
2021-06-15 09:37:06,686.85,314877
2021-06-15 09:37:07,686.8,315033
2021-06-15 09:37:08,686.75,315037
2021-06-15 09:37:09,686.85,315048
2021-06-15 09:37:11,686.85,315148
2021-06-15 09:37:12,686.85,315148
2021-06-15 09:37:12,686.85,315148
2021-06-15 09:37:14,686.85,315148
2021-06-15 09:37:15,686.85,315148
2021-06-15 09:37:16,686.75,315174
2021-06-15 09:37:17,687.1,315996
2021-06-15 09:37:18,686.85,316229
2021-06-15 09:37:19,686.85,316229
2021-06-15 09:37:20,686.8,316240
2021-06-15 09:37:21,686.8,316240
2021-06-15 09:37:21,686.8,316240
2021-06-15 09:37:22,686.8,316240
2021-06-15 09:37:26,687.2,316601
2021-06-15 09:37:27,687.2,316601
2021-06-15 09:37:28,687.0,316611
2021-06-15 09:37:30,687.0,317140
2021-06-15 09:37:31,686.85,317241
2021-06-15 09:37:32,687.0,317276
2021-06-15 09:37:33,687.2,317282
2021-06-15 09:37:36,686.95,317285
2021-06-15 09:37:39,687.2,317438
2021-06-15 09:37:43,687.3,318164
2021-06-15 09:37:46,687.4,318662
2021-06-15 09:37:50,686.95,319133
2021-06-15 09:37:54,687.3,321699
2021-06-15 09:37:58,687.55,322949
2021-06-15 09:38:01,687.3,323362
2021-06-15 09:38:05,687.5,323772
2021-06-15 09:38:08,687.5,323787
2021-06-15 09:38:12,687.65,324750
2021-06-15 09:38:15,687.4,325322
2021-06-15 09:38:19,687.6,325480
2021-06-15 09:38:22,687.7,326142
2021-06-15 09:38:26,687.65,326327
2021-06-15 09:38:29,687.75,327829
2021-06-15 09:38:32,687.6,329713
2021-06-15 09:38:35,687.65,330284
2021-06-15 09:38:39,687.5,330906
2021-06-15 09:38:42,687.5,331142
2021-06-15 09:38:49,687.7,331583
2021-06-15 09:38:52,687.6,333257
2021-06-15 09:38:55,687.6,333257
2021-06-15 09:38:58,687.6,333452
2021-06-15 09:39:02,687.7,335010
2021-06-15 09:39:05,687.75,335512
2021-06-15 09:39:08,687.7,336740
2021-06-15 09:39:12,687.75,337051
2021-06-15 09:39:15,687.65,337378
2021-06-15 09:39:18,687.65,337564
2021-06-15 09:39:21,687.65,337614
2021-06-15 09:39:24,687.65,337714
2021-06-15 09:39:27,687.75,338273
2021-06-15 09:39:31,687.7,338379
2021-06-15 09:39:34,687.7,338904
2021-06-15 09:39:37,686.3,345859
2021-06-15 09:39:40,686.85,346379
2021-06-15 09:39:44,686.5,346615
2021-06-15 09:39:47,686.55,346740
2021-06-15 09:39:51,686.85,346969
2021-06-15 09:39:54,686.85,346969
2021-06-15 09:39:58,686.85,348600
2021-06-15 09:40:01,687.3,350175
2021-06-15 09:40:05,686.95,350338
2021-06-15 09:40:08,687.0,350850
2021-06-15 09:40:12,687.3,351101
2021-06-15 09:40:15,687.3,352298
2021-06-15 09:40:18,687.35,352637
2021-06-15 09:40:22,687.25,352758
2021-06-15 09:40:25,687.3,353294
2021-06-15 09:40:29,687.3,353906
2021-06-15 09:40:32,687.3,353982
2021-06-15 09:40:35,687.35,354062
2021-06-15 09:40:39,687.3,354173
2021-06-15 09:40:42,687.35,354403
2021-06-15 09:40:46,687.3,354499
2021-06-15 09:40:49,687.2,358351
2021-06-15 09:40:52,687.1,358477
2021-06-15 09:40:56,687.3,358496
2021-06-15 09:40:59,687.2,358527
2021-06-15 09:41:03,687.1,359135
2021-06-15 09:41:06,687.1,359173
2021-06-15 09:41:10,687.1,360313
2021-06-15 09:41:13,687.05,360321
2021-06-15 09:41:16,687.1,360348
2021-06-15 09:41:19,687.05,360971
2021-06-15 09:41:23,687.1,361122
2021-06-15 09:41:26,687.1,361122
2021-06-15 09:41:29,687.05,361311
2021-06-15 09:41:32,687.05,361895
2021-06-15 09:41:36,687.05,362467
2021-06-15 09:41:39,687.05,362470
2021-06-15 09:41:42,687.05,362470
2021-06-15 09:41:45,687.05,362623
2021-06-15 09:41:49,687.05,362660
2021-06-15 09:41:52,687.0,362833
2021-06-15 09:41:56,687.0,362904
2021-06-15 09:41:59,686.85,363151
2021-06-15 09:42:02,686.6,363177
2021-06-15 09:42:05,686.85,363390
2021-06-15 09:42:08,686.65,363405
2021-06-15 09:42:15,686.6,364439
2021-06-15 09:42:18,686.25,364695
2021-06-15 09:42:21,686.3,364718
2021-06-15 09:42:24,686.35,364730
2021-06-15 09:42:27,686.35,364940
2021-06-15 09:42:30,686.3,365063
2021-06-15 09:42:33,686.3,365099
2021-06-15 09:42:40,686.55,365270
2021-06-15 09:42:43,686.55,365305
2021-06-15 09:42:46,686.4,365345
2021-06-15 09:42:53,686.5,365618
2021-06-15 09:42:56,686.35,365991
2021-06-15 09:42:59,686.35,365995
2021-06-15 09:43:02,686.1,366051
2021-06-15 09:43:06,686.1,366061
2021-06-15 09:43:12,686.1,366162
2021-06-15 09:43:15,686.15,366247
2021-06-15 09:43:18,686.1,366288
2021-06-15 09:43:21,686.15,366997
2021-06-15 09:43:24,686.15,367147
2021-06-15 09:43:27,686.15,367147
2021-06-15 09:43:31,686.15,367260
2021-06-15 09:43:34,686.2,367409
2021-06-15 09:43:38,686.2,367410
2021-06-15 09:43:41,686.15,367838
2021-06-15 09:43:44,686.1,367839
2021-06-15 09:43:47,686.1,368009
2021-06-15 09:43:54,686.1,368777
2021-06-15 09:43:57,686.1,368836
2021-06-15 09:44:01,686.0,368984
2021-06-15 09:44:04,686.1,369021
2021-06-15 09:44:07,686.1,369027
2021-06-15 09:44:10,686.0,369030
2021-06-15 09:44:13,686.0,369030
2021-06-15 09:44:16,686.0,369063
2021-06-15 09:44:19,685.8,370175
2021-06-15 09:44:23,686.0,370253
2021-06-15 09:44:26,686.0,370255
2021-06-15 09:44:29,686.0,370355
2021-06-15 09:44:32,686.0,370480
2021-06-15 09:44:35,685.6,371632
2021-06-15 09:44:38,685.6,371643
2021-06-15 09:44:41,685.5,371701
2021-06-15 09:44:44,685.75,372599
2021-06-15 09:44:47,685.75,372675
2021-06-15 09:44:50,686.0,372932
2021-06-15 09:44:53,685.95,372982
2021-06-15 09:44:56,686.25,373464
2021-06-15 09:44:59,686.25,373464
2021-06-15 09:45:02,686.25,373573
2021-06-15 09:45:08,686.4,374287
2021-06-15 09:45:11,686.5,374312
2021-06-15 09:45:14,686.25,374362
2021-06-15 09:45:17,686.25,374404
2021-06-15 09:45:20,686.25,374411
2021-06-15 09:45:23,686.4,374412
2021-06-15 09:45:26,686.55,374762
2021-06-15 09:45:30,686.5,374973
2021-06-15 09:45:33,686.4,374984
2021-06-15 09:45:37,686.4,374995
2021-06-15 09:45:40,686.4,375625
2021-06-15 09:45:43,686.25,375835
2021-06-15 09:45:46,686.25,376412
2021-06-15 09:45:49,686.25,376489
2021-06-15 09:45:53,686.25,376489
2021-06-15 09:45:56,686.4,376589
2021-06-15 09:45:59,686.25,376599
2021-06-15 09:46:02,686.25,376670
2021-06-15 09:46:05,686.3,376912
2021-06-15 09:46:08,686.3,377060
2021-06-15 09:46:11,686.3,377300
2021-06-15 09:46:14,686.25,377316
2021-06-15 09:46:17,686.25,377341
2021-06-15 09:46:20,686.25,377356
2021-06-15 09:46:23,686.25,377515
2021-06-15 09:46:29,686.25,377676
2021-06-15 09:46:33,686.25,377716
2021-06-15 09:46:36,686.25,377825
2021-06-15 09:46:39,686.05,378806
2021-06-15 09:46:42,686.0,379106
2021-06-15 09:46:45,686.0,379128
2021-06-15 09:46:48,686.0,379164
2021-06-15 09:46:51,686.0,379164
2021-06-15 09:46:54,686.0,379185
2021-06-15 09:46:57,686.0,379410
2021-06-15 09:47:00,686.0,379433
2021-06-15 09:47:03,686.0,379459
2021-06-15 09:47:05,686.0,379559
2021-06-15 09:47:08,686.2,380130
2021-06-15 09:47:12,686.0,380135
2021-06-15 09:47:15,685.95,381435
2021-06-15 09:47:19,686.0,381779
2021-06-15 09:47:22,685.9,382393
2021-06-15 09:47:25,685.95,382398
2021-06-15 09:47:28,685.95,382413
2021-06-15 09:47:31,685.9,382421
2021-06-15 09:47:34,685.95,382441
2021-06-15 09:47:37,685.85,382791
2021-06-15 09:47:40,685.75,382824
2021-06-15 09:47:44,685.75,382909
2021-06-15 09:47:47,685.7,382940
2021-06-15 09:47:50,685.75,383143
2021-06-15 09:47:53,685.7,383343
2021-06-15 09:47:56,685.9,383385
2021-06-15 09:47:59,685.9,383385
2021-06-15 09:48:02,685.7,383411
2021-06-15 09:48:06,685.7,383461
2021-06-15 09:48:09,685.7,383728
2021-06-15 09:48:12,685.7,383748
2021-06-15 09:48:15,685.7,383753
2021-06-15 09:48:18,685.7,383829
2021-06-15 09:48:21,685.7,383832
2021-06-15 09:48:24,685.7,383874
2021-06-15 09:48:27,685.7,383879
2021-06-15 09:48:31,685.7,383904
2021-06-15 09:48:34,685.85,383915
2021-06-15 09:48:37,685.7,383916
2021-06-15 09:48:40,685.85,383917
2021-06-15 09:48:43,685.85,383948
2021-06-15 09:48:46,685.75,383997
2021-06-15 09:48:49,685.75,384020
2021-06-15 09:48:52,685.75,384071
2021-06-15 09:48:55,685.75,384071
2021-06-15 09:48:58,685.75,384102
2021-06-15 09:49:01,685.75,384130
2021-06-15 09:49:04,685.75,384140
2021-06-15 09:49:07,685.8,384142
2021-06-15 09:49:10,685.75,384195
2021-06-15 09:49:14,685.8,384212
2021-06-15 09:49:17,685.8,384470
2021-06-15 09:49:20,685.75,384612
2021-06-15 09:49:23,685.95,385112
2021-06-15 09:49:26,686.0,386781
2021-06-15 09:49:29,686.15,387033
2021-06-15 09:49:31,686.0,387059
2021-06-15 09:49:35,686.0,387166
2021-06-15 09:49:38,686.15,387515
2021-06-15 09:49:41,686.0,387549
2021-06-15 09:49:44,686.0,387612
2021-06-15 09:49:50,686.0,387744
2021-06-15 09:49:54,686.0,387744
2021-06-15 09:49:56,686.0,387744
2021-06-15 09:49:59,686.15,387747
2021-06-15 09:50:02,686.0,387779
2021-06-15 09:50:05,686.0,387907
2021-06-15 09:50:08,686.1,387914
2021-06-15 09:50:11,686.15,388039
2021-06-15 09:50:14,686.0,388064
2021-06-15 09:50:17,686.1,388370
2021-06-15 09:50:26,686.0,388657
2021-06-15 09:50:29,686.05,388669
2021-06-15 09:50:32,686.05,390676
2021-06-15 09:50:35,686.05,391682
2021-06-15 09:50:38,686.0,392685
2021-06-15 09:50:41,686.5,392730
2021-06-15 09:50:44,686.2,393336
2021-06-15 09:50:46,686.2,393362
2021-06-15 09:50:49,686.15,393562
2021-06-15 09:50:52,686.15,393562
2021-06-15 09:50:55,686.45,393563
2021-06-15 09:50:58,686.45,393588
2021-06-15 09:51:01,686.15,393613
2021-06-15 09:51:03,686.4,393752
2021-06-15 09:51:06,686.45,393757
2021-06-15 09:51:09,686.2,393767
2021-06-15 09:51:12,686.5,393791
2021-06-15 09:51:15,686.45,393825
2021-06-15 09:51:18,686.35,393975
2021-06-15 09:51:20,686.45,394229
2021-06-15 09:51:23,686.45,394230
2021-06-15 09:51:26,686.35,394346
2021-06-15 09:51:32,686.45,394780
2021-06-15 09:51:38,686.6,395583
2021-06-15 09:51:41,686.55,395662
2021-06-15 09:51:44,686.55,395731
2021-06-15 09:51:47,686.9,395761
2021-06-15 09:51:50,686.55,395771
2021-06-15 09:51:53,686.55,395843
2021-06-15 09:51:56,686.55,395843
2021-06-15 09:51:59,686.6,395854
2021-06-15 09:52:01,686.8,395891
2021-06-15 09:52:04,686.8,395993
2021-06-15 09:52:07,686.8,395993
2021-06-15 09:52:10,686.6,396012
2021-06-15 09:52:12,686.8,396014
2021-06-15 09:52:15,686.7,396027
2021-06-15 09:52:18,686.7,396151
2021-06-15 09:52:21,686.8,396301
2021-06-15 09:52:24,686.65,396306
2021-06-15 09:52:27,686.65,396396
2021-06-15 09:52:30,686.65,396422
2021-06-15 09:52:33,687.0,411493
2021-06-15 09:52:36,686.65,411580
2021-06-15 09:52:39,686.65,411580
2021-06-15 09:52:41,686.65,411580
2021-06-15 09:52:44,686.7,411633
2021-06-15 09:52:47,686.65,411664
2021-06-15 09:52:50,686.7,411680
2021-06-15 09:52:53,686.7,411734
2021-06-15 09:52:55,686.7,411734
2021-06-15 09:53:01,686.65,411775
2021-06-15 09:53:04,686.7,411779
2021-06-15 09:53:07,686.8,411850
2021-06-15 09:53:10,686.85,412074
2021-06-15 09:53:15,686.8,412326
2021-06-15 09:53:18,687.0,412426
2021-06-15 09:53:21,686.8,413214
2021-06-15 09:53:24,686.75,413364
2021-06-15 09:53:26,686.75,416366
2021-06-15 09:53:29,686.75,416440
2021-06-15 09:53:32,687.0,416506
2021-06-15 09:53:35,686.7,417035
2021-06-15 09:53:38,686.7,417037
2021-06-15 09:53:41,686.7,417137
2021-06-15 09:53:45,686.7,417240
2021-06-15 09:53:48,686.75,418835
2021-06-15 09:53:51,687.0,419401
2021-06-15 09:53:54,687.0,419403
2021-06-15 09:53:56,686.8,419580
2021-06-15 09:53:59,687.0,419715
2021-06-15 09:54:03,686.7,425976
2021-06-15 09:54:06,686.95,426026
2021-06-15 09:54:09,686.95,426029
2021-06-15 09:54:11,686.8,426030
2021-06-15 09:54:14,687.0,426040
2021-06-15 09:54:17,687.0,426131
2021-06-15 09:54:20,687.0,426138
2021-06-15 09:54:23,687.0,426138
2021-06-15 09:54:26,687.0,426139
2021-06-15 09:54:29,686.7,426225
2021-06-15 09:54:32,686.7,426393
2021-06-15 09:54:35,686.7,426528
2021-06-15 09:54:39,686.7,426528
2021-06-15 09:54:42,686.8,426595
2021-06-15 09:54:45,686.8,426610
2021-06-15 09:54:51,686.75,426733
2021-06-15 09:54:54,686.7,426866
2021-06-15 09:54:57,686.7,426960
2021-06-15 09:55:00,686.7,426987
2021-06-15 09:55:03,686.8,427038
2021-06-15 09:55:06,686.7,427128
2021-06-15 09:55:09,686.8,427131
2021-06-15 09:55:12,686.8,427131
2021-06-15 09:55:15,686.8,427150
2021-06-15 09:55:17,686.7,430542
2021-06-15 09:55:23,687.0,431693
2021-06-15 09:55:26,686.7,431713
2021-06-15 09:55:29,686.95,431763
2021-06-15 09:55:32,686.8,431790
2021-06-15 09:55:34,686.8,431803
2021-06-15 09:55:37,686.8,431822
2021-06-15 09:55:40,686.95,431883
2021-06-15 09:55:43,686.95,431913
2021-06-15 09:55:46,686.95,432160
2021-06-15 09:55:49,686.95,432231
2021-06-15 09:55:52,686.95,432231
2021-06-15 09:55:55,686.95,432291
2021-06-15 09:55:58,686.8,432292
2021-06-15 09:56:01,686.8,432338
2021-06-15 09:56:04,686.8,432444
2021-06-15 09:56:07,686.9,432694
2021-06-15 09:56:10,686.9,432705
2021-06-15 09:56:12,686.9,432795
2021-06-15 09:56:15,686.8,432972
2021-06-15 09:56:18,686.8,433001
2021-06-15 09:56:21,686.8,433002
2021-06-15 09:56:24,686.8,433014
2021-06-15 09:56:27,686.8,433389
2021-06-15 09:56:30,686.8,433445
2021-06-15 09:56:32,686.8,434008
2021-06-15 09:56:35,686.85,434128
2021-06-15 09:56:38,686.75,434448
2021-06-15 09:56:41,686.8,434490
2021-06-15 09:56:43,686.8,434613
2021-06-15 09:56:46,686.9,434654
2021-06-15 09:56:49,686.9,434654
2021-06-15 09:56:52,686.8,434734
2021-06-15 09:56:55,686.9,434744
2021-06-15 09:56:58,686.75,435289
2021-06-15 09:57:01,686.8,435414
2021-06-15 09:57:04,687.1,437790
2021-06-15 09:57:07,687.0,437791
2021-06-15 09:57:10,687.0,437791
2021-06-15 09:57:13,687.1,437843
2021-06-15 09:57:15,686.95,437921
2021-06-15 09:57:18,687.0,438013
2021-06-15 09:57:20,686.9,438044
2021-06-15 09:57:23,687.0,440165
2021-06-15 09:57:29,686.95,440328
2021-06-15 09:57:31,687.0,440456
2021-06-15 09:57:34,687.2,440670
2021-06-15 09:57:37,687.0,440733
2021-06-15 09:57:39,687.2,440779
2021-06-15 09:57:42,687.2,440779
2021-06-15 09:57:45,687.0,440997
2021-06-15 09:57:48,687.25,441134
2021-06-15 09:57:51,687.25,441747
2021-06-15 09:57:54,687.2,441766
2021-06-15 09:57:56,687.45,441939
2021-06-15 09:58:00,687.45,441939
2021-06-15 09:58:02,687.2,442066
2021-06-15 09:58:05,687.2,442102
2021-06-15 09:58:08,687.2,442102
2021-06-15 09:58:10,687.3,442143
2021-06-15 09:58:16,687.3,442205
2021-06-15 09:58:18,687.45,442357
2021-06-15 09:58:21,687.45,442407
2021-06-15 09:58:24,687.5,442945
2021-06-15 09:58:30,687.45,443015
2021-06-15 09:58:32,687.45,443102
2021-06-15 09:58:36,687.45,443126
2021-06-15 09:58:39,687.5,443614
2021-06-15 09:58:42,687.45,443642
2021-06-15 09:58:44,687.5,443690
2021-06-15 09:58:47,687.45,443748
2021-06-15 09:58:53,687.45,443835
2021-06-15 09:58:56,687.4,443860
2021-06-15 09:58:58,687.4,443877
2021-06-15 09:59:01,687.4,444255
2021-06-15 09:59:04,687.45,444302
2021-06-15 09:59:07,687.45,444359
2021-06-15 09:59:10,687.3,445986
2021-06-15 09:59:12,687.45,446046
2021-06-15 09:59:15,687.3,446103
2021-06-15 09:59:18,687.4,446108
2021-06-15 09:59:21,687.4,446163
2021-06-15 09:59:24,687.3,446187
2021-06-15 09:59:26,687.05,447187
2021-06-15 09:59:29,687.4,447188
2021-06-15 09:59:32,687.4,447855
2021-06-15 09:59:35,687.4,448406
2021-06-15 09:59:38,687.3,448431
2021-06-15 09:59:40,687.4,448481
2021-06-15 09:59:43,687.3,448967
2021-06-15 09:59:46,687.3,449026
2021-06-15 09:59:49,687.3,449056
2021-06-15 09:59:51,687.3,449656
2021-06-15 09:59:54,687.3,450639
2021-06-15 09:59:57,687.25,450862
2021-06-15 09:59:59,687.3,450967
2021-06-15 10:00:02,687.25,451729
2021-06-15 10:00:08,687.25,451755
2021-06-15 10:00:10,687.3,451791
2021-06-15 10:00:13,687.3,451791
2021-06-15 10:00:16,687.3,451853
2021-06-15 10:00:19,687.3,451943
2021-06-15 10:00:22,687.3,451951
2021-06-15 10:00:25,687.05,451975
2021-06-15 10:00:28,687.25,452010
2021-06-15 10:00:30,687.0,452035
2021-06-15 10:00:33,687.0,452045
2021-06-15 10:00:36,687.0,452374
2021-06-15 10:00:39,687.2,452389
2021-06-15 10:00:42,687.15,452390
2021-06-15 10:00:45,687.05,452445
2021-06-15 10:00:48,687.1,452486
2021-06-15 10:00:51,687.05,452519
2021-06-15 10:00:54,687.05,452543
2021-06-15 10:01:00,686.5,453600
2021-06-15 10:01:04,686.55,453849
2021-06-15 10:01:07,686.5,453964
2021-06-15 10:01:10,686.45,453967
2021-06-15 10:01:13,686.4,454072
2021-06-15 10:01:16,686.35,454156
2021-06-15 10:01:19,686.35,454185
2021-06-15 10:01:21,686.35,454188
2021-06-15 10:01:24,686.15,454631
2021-06-15 10:01:27,686.1,454664
2021-06-15 10:01:30,686.1,454671
2021-06-15 10:01:33,686.05,454731
2021-06-15 10:01:35,686.05,454755
2021-06-15 10:01:38,686.05,454755
2021-06-15 10:01:41,686.0,454777
2021-06-15 10:01:44,686.0,454826
2021-06-15 10:01:47,686.05,454862
2021-06-15 10:01:50,686.0,456433
2021-06-15 10:01:53,686.0,457909
2021-06-15 10:01:56,686.0,458322
2021-06-15 10:02:00,686.05,458464
2021-06-15 10:02:03,686.3,458628
2021-06-15 10:02:06,686.3,458628
2021-06-15 10:02:09,686.0,458778
2021-06-15 10:02:12,686.05,458883
2021-06-15 10:02:15,686.0,459538
2021-06-15 10:02:18,686.3,459586
2021-06-15 10:02:21,686.3,459595
2021-06-15 10:02:24,686.05,459632
2021-06-15 10:02:27,686.3,459732
2021-06-15 10:02:30,686.3,459732
2021-06-15 10:02:33,686.0,461699
2021-06-15 10:02:36,686.3,461852
2021-06-15 10:02:39,686.3,461990
2021-06-15 10:02:42,686.35,462175
2021-06-15 10:02:45,686.0,462178
2021-06-15 10:02:48,686.0,462203
2021-06-15 10:02:50,686.0,462278
2021-06-15 10:02:53,686.0,462278
2021-06-15 10:02:56,686.0,462327
2021-06-15 10:02:59,686.0,462427
2021-06-15 10:03:02,686.05,462551
2021-06-15 10:03:05,686.35,462852
2021-06-15 10:03:07,686.3,462908
2021-06-15 10:03:11,686.3,462985
2021-06-15 10:03:14,686.4,463162
2021-06-15 10:03:17,686.15,463202
2021-06-15 10:03:23,686.4,463203
2021-06-15 10:03:26,686.4,463386
2021-06-15 10:03:29,686.4,463386
2021-06-15 10:03:34,686.15,463901
2021-06-15 10:03:37,686.5,464142
2021-06-15 10:03:40,686.5,464158
2021-06-15 10:03:43,686.5,464158
2021-06-15 10:03:46,686.35,464682
2021-06-15 10:03:49,686.3,464701
2021-06-15 10:03:51,686.35,464720
2021-06-15 10:03:54,686.3,464734
2021-06-15 10:03:57,686.25,464754
2021-06-15 10:04:00,686.25,465043
2021-06-15 10:04:03,686.25,465097
2021-06-15 10:04:06,686.3,465222
2021-06-15 10:04:08,686.3,466273
2021-06-15 10:04:13,686.3,466286
2021-06-15 10:04:16,686.25,466496
2021-06-15 10:04:21,686.25,467102
2021-06-15 10:04:24,686.25,467128
2021-06-15 10:04:27,686.25,467128
2021-06-15 10:04:29,686.3,467961
2021-06-15 10:04:32,686.5,468668
2021-06-15 10:04:35,686.35,468921
2021-06-15 10:04:41,686.3,469195
2021-06-15 10:04:44,686.3,469245
2021-06-15 10:04:47,686.3,469281
2021-06-15 10:04:49,686.3,469291
2021-06-15 10:04:52,686.3,469291
2021-06-15 10:04:55,686.25,469364
2021-06-15 10:04:57,686.5,469365
2021-06-15 10:05:00,686.25,469465
2021-06-15 10:05:03,686.25,469491
2021-06-15 10:05:05,686.25,470256
2021-06-15 10:05:11,686.5,470268
2021-06-15 10:05:14,686.35,470328
2021-06-15 10:05:17,686.5,470459
2021-06-15 10:05:20,686.5,470459
2021-06-15 10:05:23,686.35,470877
2021-06-15 10:05:25,686.35,470901
2021-06-15 10:05:31,686.5,470931
2021-06-15 10:05:34,686.35,471027
2021-06-15 10:05:37,686.7,471917
2021-06-15 10:05:43,686.5,472697
2021-06-15 10:05:46,686.4,472760
2021-06-15 10:05:48,686.35,472762
2021-06-15 10:05:51,686.65,472778
2021-06-15 10:05:54,686.35,472808
2021-06-15 10:05:57,686.5,472809
2021-06-15 10:05:59,686.5,472809
2021-06-15 10:06:02,686.8,474168
2021-06-15 10:06:05,686.5,474268
2021-06-15 10:06:07,686.5,474268
2021-06-15 10:06:10,686.5,474268
2021-06-15 10:06:13,686.95,474362
2021-06-15 10:06:15,686.95,474378
2021-06-15 10:06:18,686.7,474684
2021-06-15 10:06:20,686.6,475184
2021-06-15 10:06:23,686.6,475184
2021-06-15 10:06:26,686.85,475459
2021-06-15 10:06:29,686.9,475479
2021-06-15 10:06:32,686.85,475523
2021-06-15 10:06:34,687.0,476570
2021-06-15 10:06:37,686.85,476590
2021-06-15 10:06:40,686.85,476590
2021-06-15 10:06:43,687.0,476790
2021-06-15 10:06:45,686.95,476951
2021-06-15 10:06:48,686.9,476977
2021-06-15 10:06:51,687.0,477577
2021-06-15 10:06:53,686.9,477578
2021-06-15 10:06:56,687.0,477806
2021-06-15 10:06:59,687.0,488817
2021-06-15 10:07:02,687.0,489254
2021-06-15 10:07:04,686.95,489300
2021-06-15 10:07:07,686.95,489300
2021-06-15 10:07:10,687.0,489307
2021-06-15 10:07:12,687.0,489337
2021-06-15 10:07:15,686.95,489407
2021-06-15 10:07:17,687.0,491269
2021-06-15 10:07:20,687.0,503472
2021-06-15 10:07:23,686.3,511443
2021-06-15 10:07:25,686.4,511467
2021-06-15 10:07:27,686.95,511520
2021-06-15 10:07:30,686.65,511548
2021-06-15 10:07:33,686.85,511560
2021-06-15 10:07:38,686.85,511600
2021-06-15 10:07:41,686.9,511715
2021-06-15 10:07:43,686.7,511717
2021-06-15 10:07:46,686.7,511821
2021-06-15 10:07:49,686.85,511831
2021-06-15 10:07:52,686.85,511831
2021-06-15 10:07:55,686.7,511870
2021-06-15 10:07:58,686.6,511900
2021-06-15 10:08:01,686.6,512001
2021-06-15 10:08:04,686.85,512036
2021-06-15 10:08:07,686.85,512036
2021-06-15 10:08:09,686.75,512056
2021-06-15 10:08:12,686.75,512056
2021-06-15 10:08:15,686.75,512118
2021-06-15 10:08:18,686.75,512118
2021-06-15 10:08:20,686.75,512118
2021-06-15 10:08:23,686.75,512118
2021-06-15 10:08:26,686.7,512124
2021-06-15 10:08:29,686.65,512142
2021-06-15 10:08:31,686.65,512193
2021-06-15 10:08:34,686.65,512207
2021-06-15 10:08:37,686.75,512208
2021-06-15 10:08:39,686.7,512312
2021-06-15 10:08:42,686.75,512313
2021-06-15 10:08:44,686.65,512388
2021-06-15 10:08:47,686.65,512413
2021-06-15 10:08:50,686.7,512472
2021-06-15 10:08:52,686.85,512743
2021-06-15 10:08:55,687.0,513393
2021-06-15 10:08:58,687.0,514218
2021-06-15 10:09:00,686.9,514288
2021-06-15 10:09:03,687.4,515227
2021-06-15 10:09:06,687.15,515238
2021-06-15 10:09:08,687.65,518534
2021-06-15 10:09:14,687.45,523184
2021-06-15 10:09:16,687.4,523290
2021-06-15 10:09:19,687.45,524149
2021-06-15 10:09:22,687.45,524503
2021-06-15 10:09:24,687.4,525524
2021-06-15 10:09:27,687.45,525858
2021-06-15 10:09:30,687.4,525868
2021-06-15 10:09:32,687.4,525904
2021-06-15 10:09:35,687.4,526006
2021-06-15 10:09:37,687.45,526590
2021-06-15 10:09:40,687.45,526633
2021-06-15 10:09:42,687.5,526742
2021-06-15 10:09:45,687.45,526932
2021-06-15 10:09:48,686.65,533801
2021-06-15 10:09:51,686.65,533912
2021-06-15 10:09:53,687.0,533994
2021-06-15 10:09:59,687.0,534183
2021-06-15 10:10:02,687.1,534249
2021-06-15 10:10:05,687.4,534363
2021-06-15 10:10:07,687.4,534387
2021-06-15 10:10:10,687.4,534429
2021-06-15 10:10:15,687.5,534749
2021-06-15 10:10:18,687.5,534795
2021-06-15 10:10:21,687.45,534835
2021-06-15 10:10:24,687.45,534982
2021-06-15 10:10:27,687.45,535106
2021-06-15 10:10:30,687.3,535205
2021-06-15 10:10:33,687.45,535231
2021-06-15 10:10:35,687.25,535256
2021-06-15 10:10:38,687.4,535299
2021-06-15 10:10:40,687.25,535568
2021-06-15 10:10:43,687.2,535625
2021-06-15 10:10:48,687.25,535683
2021-06-15 10:10:50,687.25,535741
2021-06-15 10:10:53,687.25,535743
2021-06-15 10:10:55,687.25,535768
2021-06-15 10:10:58,687.2,535785
2021-06-15 10:11:01,687.2,535831
2021-06-15 10:11:04,687.25,535976
2021-06-15 10:11:07,687.2,536129
2021-06-15 10:11:09,687.2,536140
2021-06-15 10:11:12,687.25,536203
2021-06-15 10:11:14,687.25,536292
2021-06-15 10:11:17,687.2,536319
2021-06-15 10:11:19,687.25,536940
2021-06-15 10:11:22,687.2,536974
2021-06-15 10:11:25,687.25,537516
2021-06-15 10:11:28,687.25,542312
2021-06-15 10:11:30,687.25,542339
2021-06-15 10:11:33,687.45,542440
2021-06-15 10:11:36,687.45,542515
2021-06-15 10:11:38,687.45,542536
2021-06-15 10:11:41,687.35,542547
2021-06-15 10:11:44,687.45,542590
2021-06-15 10:11:46,687.35,542616
2021-06-15 10:11:50,687.35,542687
2021-06-15 10:11:52,687.45,542855
2021-06-15 10:11:55,687.35,542950
2021-06-15 10:11:57,687.35,542950
2021-06-15 10:11:59,687.45,542955
2021-06-15 10:12:01,687.35,542981
2021-06-15 10:12:04,687.45,543110
2021-06-15 10:12:07,687.55,544555
2021-06-15 10:12:10,687.5,544556
2021-06-15 10:12:13,687.65,544916
2021-06-15 10:12:15,687.45,545061
2021-06-15 10:12:18,687.65,545332
2021-06-15 10:12:20,687.45,545412
2021-06-15 10:12:23,687.45,545412
2021-06-15 10:12:25,687.45,546043
2021-06-15 10:12:28,687.45,546234
2021-06-15 10:12:30,687.7,546835
2021-06-15 10:12:33,687.9,547492
2021-06-15 10:12:35,687.9,547631
2021-06-15 10:12:38,687.7,548333
2021-06-15 10:12:41,688.0,550428
2021-06-15 10:12:44,688.0,550445
2021-06-15 10:12:47,688.0,550816
2021-06-15 10:12:49,688.0,551555
2021-06-15 10:12:52,688.0,551846
2021-06-15 10:12:55,687.8,552203
2021-06-15 10:12:58,687.75,552508
2021-06-15 10:13:01,687.8,552608
2021-06-15 10:13:04,687.9,552611
2021-06-15 10:13:07,687.9,552616
2021-06-15 10:13:09,688.0,552837
2021-06-15 10:13:12,688.0,552837
2021-06-15 10:13:14,687.95,554662
2021-06-15 10:13:17,687.95,555209
2021-06-15 10:13:20,687.95,555263
2021-06-15 10:13:22,687.95,555357
2021-06-15 10:13:24,688.0,555367
2021-06-15 10:13:27,687.85,555486
2021-06-15 10:13:29,687.85,555486
2021-06-15 10:13:32,687.85,555839
2021-06-15 10:13:35,687.85,556042
2021-06-15 10:13:38,687.85,556042
2021-06-15 10:13:40,688.0,556581
2021-06-15 10:13:43,688.0,556644
2021-06-15 10:13:45,687.85,556681
2021-06-15 10:13:47,687.85,556714
2021-06-15 10:13:49,688.0,558214
2021-06-15 10:13:52,687.85,558231
2021-06-15 10:13:54,687.95,558246
2021-06-15 10:13:57,688.0,558247
2021-06-15 10:13:59,687.9,558258
2021-06-15 10:14:04,687.9,558363
2021-06-15 10:14:06,687.9,558365
2021-06-15 10:14:09,687.95,558520
2021-06-15 10:14:12,687.95,558564
2021-06-15 10:14:14,688.0,558877
2021-06-15 10:14:17,688.0,558971
2021-06-15 10:14:20,688.0,559299
2021-06-15 10:14:23,688.0,559758
2021-06-15 10:14:26,688.2,559856
2021-06-15 10:14:28,688.0,560482
2021-06-15 10:14:31,688.0,560575
2021-06-15 10:14:33,688.0,560620
2021-06-15 10:14:36,688.2,560624
2021-06-15 10:14:39,688.05,560669
2021-06-15 10:14:41,688.3,561073
2021-06-15 10:14:44,688.2,561226
2021-06-15 10:14:46,688.2,561501
2021-06-15 10:14:49,688.2,561501
2021-06-15 10:14:52,688.2,561608
2021-06-15 10:14:54,688.3,561616
2021-06-15 10:14:57,688.2,561844
2021-06-15 10:14:59,688.2,561844
2021-06-15 10:15:02,688.3,565028
2021-06-15 10:15:05,688.4,565051
2021-06-15 10:15:07,688.4,565057
2021-06-15 10:15:10,688.55,565091
2021-06-15 10:15:13,688.45,566309
2021-06-15 10:15:19,688.5,566436
2021-06-15 10:15:22,688.65,567612
2021-06-15 10:15:25,688.5,567706
2021-06-15 10:15:28,688.75,567926
2021-06-15 10:15:31,688.75,568749
2021-06-15 10:15:33,688.75,569155
2021-06-15 10:15:36,688.35,572316
2021-06-15 10:15:39,688.0,572408
2021-06-15 10:15:41,688.4,572433
2021-06-15 10:15:44,687.9,574918
2021-06-15 10:15:47,687.9,574955
2021-06-15 10:15:49,688.35,576955
2021-06-15 10:15:52,687.95,577165
2021-06-15 10:15:55,687.95,577165
2021-06-15 10:15:58,687.9,577265
2021-06-15 10:16:00,687.9,577295
2021-06-15 10:16:03,687.9,577403
2021-06-15 10:16:05,688.2,577538
2021-06-15 10:16:08,688.1,577541
2021-06-15 10:16:10,687.9,579634
2021-06-15 10:16:13,688.0,579637
2021-06-15 10:16:15,688.0,579788
2021-06-15 10:16:17,688.0,580344
2021-06-15 10:16:20,688.0,580431
2021-06-15 10:16:23,688.0,580432
2021-06-15 10:16:25,688.0,580472
2021-06-15 10:16:28,688.0,580572
2021-06-15 10:16:30,687.85,581080
2021-06-15 10:16:33,687.85,581679
2021-06-15 10:16:36,687.75,581799
2021-06-15 10:16:38,687.95,581955
2021-06-15 10:16:41,687.55,582895
2021-06-15 10:16:44,687.95,583181
2021-06-15 10:16:46,687.65,583312
2021-06-15 10:16:50,687.9,583516
2021-06-15 10:16:52,687.9,583536
2021-06-15 10:16:58,687.6,583667
2021-06-15 10:17:01,687.55,583693
2021-06-15 10:17:03,687.55,583737
2021-06-15 10:17:06,687.6,583869
2021-06-15 10:17:08,687.8,583996
2021-06-15 10:17:11,687.65,584006
2021-06-15 10:17:13,687.65,584006
2021-06-15 10:17:15,687.65,584108
2021-06-15 10:17:18,687.95,584620
2021-06-15 10:17:21,687.85,584650
2021-06-15 10:17:24,687.85,584650
2021-06-15 10:17:26,687.95,585344
2021-06-15 10:17:29,687.9,585405
2021-06-15 10:17:31,687.95,585436
2021-06-15 10:17:34,687.9,585460
2021-06-15 10:17:37,688.0,587166
2021-06-15 10:17:39,688.0,587200
2021-06-15 10:17:42,687.95,587210
2021-06-15 10:17:45,688.0,587244
2021-06-15 10:17:47,688.0,587872
2021-06-15 10:17:50,688.0,587925
2021-06-15 10:17:52,687.95,587976
2021-06-15 10:17:54,687.95,588477
2021-06-15 10:17:57,688.0,588494
2021-06-15 10:17:59,687.95,589633
2021-06-15 10:18:01,687.8,589791
2021-06-15 10:18:04,687.8,590160
2021-06-15 10:18:07,687.7,590168
2021-06-15 10:18:10,687.7,590351
2021-06-15 10:18:12,687.7,590455
2021-06-15 10:18:15,687.7,590516
2021-06-15 10:18:17,687.8,590616
2021-06-15 10:18:20,687.7,590642
2021-06-15 10:18:22,687.8,590653
2021-06-15 10:18:25,687.7,590746
2021-06-15 10:18:27,687.7,590770
2021-06-15 10:18:30,687.7,591097
2021-06-15 10:18:32,687.8,591099
2021-06-15 10:18:35,687.75,591123
2021-06-15 10:18:37,687.8,591124
2021-06-15 10:18:39,687.8,591151
2021-06-15 10:18:42,687.8,591163
2021-06-15 10:18:44,687.75,591281
2021-06-15 10:18:47,687.75,591338
2021-06-15 10:18:50,687.75,591401
2021-06-15 10:18:53,687.7,593537
2021-06-15 10:18:55,687.75,593542
2021-06-15 10:18:58,687.7,593942
2021-06-15 10:19:00,687.7,593976
2021-06-15 10:19:03,687.7,594022
2021-06-15 10:19:05,687.7,594024
2021-06-15 10:19:07,687.7,594028
2021-06-15 10:19:12,687.7,594224
2021-06-15 10:19:14,687.7,594341
2021-06-15 10:19:17,687.8,594377
2021-06-15 10:19:20,687.8,594390
2021-06-15 10:19:25,687.7,594666
2021-06-15 10:19:28,687.7,594867
2021-06-15 10:19:30,687.65,594912
2021-06-15 10:19:35,687.7,595002
2021-06-15 10:19:38,687.65,595531
2021-06-15 10:19:40,687.65,595665
2021-06-15 10:19:43,687.7,596667
2021-06-15 10:19:45,687.6,596718
2021-06-15 10:19:48,687.8,596892
2021-06-15 10:19:50,687.7,596977
2021-06-15 10:19:53,687.7,597002
2021-06-15 10:19:55,687.4,598840
2021-06-15 10:19:57,687.45,598845
2021-06-15 10:20:00,687.45,598845
2021-06-15 10:20:03,687.25,599066
2021-06-15 10:20:05,687.25,599130
2021-06-15 10:20:08,687.1,599791
2021-06-15 10:20:11,687.15,599798
2021-06-15 10:20:13,687.25,599808
2021-06-15 10:20:16,687.15,599974
2021-06-15 10:20:18,687.45,599984
2021-06-15 10:20:21,687.2,600272
2021-06-15 10:20:24,687.2,600451
2021-06-15 10:20:26,687.2,600661
2021-06-15 10:20:29,687.45,600672
2021-06-15 10:20:31,687.45,600778
2021-06-15 10:20:33,687.25,600806
2021-06-15 10:20:36,687.45,600844
2021-06-15 10:20:38,687.45,600850
2021-06-15 10:20:41,687.45,601052
2021-06-15 10:20:44,687.15,601529
2021-06-15 10:20:46,687.35,601635
2021-06-15 10:20:48,687.1,601777
2021-06-15 10:20:51,687.0,602063
2021-06-15 10:20:53,687.0,602147
2021-06-15 10:20:56,687.3,602227
2021-06-15 10:20:58,687.05,602267
2021-06-15 10:21:00,687.05,602498
2021-06-15 10:21:03,687.3,602511
2021-06-15 10:21:05,687.05,602565
2021-06-15 10:21:11,687.0,603197
2021-06-15 10:21:13,687.0,603197
2021-06-15 10:21:16,687.05,603222
2021-06-15 10:21:18,687.25,603312
2021-06-15 10:21:20,687.4,603322
2021-06-15 10:21:23,687.4,603322
2021-06-15 10:21:25,687.25,603349
2021-06-15 10:21:28,687.25,603570
2021-06-15 10:21:30,687.2,603588
2021-06-15 10:21:33,687.25,603603
2021-06-15 10:21:36,687.2,603640
2021-06-15 10:21:38,687.2,603750
2021-06-15 10:21:41,687.2,603836
2021-06-15 10:21:43,687.2,603836
2021-06-15 10:21:46,687.2,604040
2021-06-15 10:21:48,687.2,604078
2021-06-15 10:21:50,687.15,604824
2021-06-15 10:21:53,687.15,604826
2021-06-15 10:21:56,687.15,604863
2021-06-15 10:21:58,687.15,604877
2021-06-15 10:22:01,687.0,604903
2021-06-15 10:22:04,687.0,604962
2021-06-15 10:22:06,687.15,605084
2021-06-15 10:22:09,687.15,605093
2021-06-15 10:22:11,687.15,605093
2021-06-15 10:22:14,687.15,605224
2021-06-15 10:22:17,687.0,605250
2021-06-15 10:22:19,687.0,605270
2021-06-15 10:22:22,687.1,605273
2021-06-15 10:22:24,687.0,605350
2021-06-15 10:22:27,687.0,605350
2021-06-15 10:22:29,687.1,605567
2021-06-15 10:22:32,687.1,605641
2021-06-15 10:22:34,687.2,605768
2021-06-15 10:22:37,687.2,606091
2021-06-15 10:22:39,687.2,606392
2021-06-15 10:22:42,687.2,606412
2021-06-15 10:22:44,687.15,606449
2021-06-15 10:22:47,687.15,606475
2021-06-15 10:22:49,687.2,606480
2021-06-15 10:22:52,687.2,606529
2021-06-15 10:22:54,687.2,606683
2021-06-15 10:22:57,687.1,606803
2021-06-15 10:23:00,687.2,606830
2021-06-15 10:23:04,687.2,607209
2021-06-15 10:23:07,687.1,607213
2021-06-15 10:23:09,687.1,607238
2021-06-15 10:23:12,687.1,607345
2021-06-15 10:23:14,687.1,607378
2021-06-15 10:23:17,687.2,609554
2021-06-15 10:23:19,687.2,609564
2021-06-15 10:23:21,687.1,609566
2021-06-15 10:23:24,687.1,609647
2021-06-15 10:23:26,687.2,609676
2021-06-15 10:23:28,687.1,609791
2021-06-15 10:23:31,687.2,609818
2021-06-15 10:23:34,687.1,609910
2021-06-15 10:23:36,687.2,609962
2021-06-15 10:23:39,687.2,610004
2021-06-15 10:23:41,687.3,610345
2021-06-15 10:23:43,687.3,610345
2021-06-15 10:23:46,687.45,610382
2021-06-15 10:23:48,687.45,610382
2021-06-15 10:23:50,687.25,610383
2021-06-15 10:23:53,687.2,610545
2021-06-15 10:23:56,687.5,610649
2021-06-15 10:23:58,687.4,610658
2021-06-15 10:24:00,687.25,611184
2021-06-15 10:24:03,687.25,611184
2021-06-15 10:24:06,687.25,611208
2021-06-15 10:24:08,687.5,611268
2021-06-15 10:24:11,687.5,611275
2021-06-15 10:24:14,687.25,611561
2021-06-15 10:24:16,687.35,611712
2021-06-15 10:24:19,687.25,611732
2021-06-15 10:24:21,687.35,611746
2021-06-15 10:24:24,687.25,611829
2021-06-15 10:24:26,687.35,611830
2021-06-15 10:24:29,687.25,612129
2021-06-15 10:24:31,687.35,612163
2021-06-15 10:24:34,687.25,612188
2021-06-15 10:24:36,687.5,612245
2021-06-15 10:24:38,687.25,612638
2021-06-15 10:24:41,687.25,612639
2021-06-15 10:24:43,687.25,612715
2021-06-15 10:24:46,687.25,612768
2021-06-15 10:24:48,687.2,612778
2021-06-15 10:24:51,687.25,612798
2021-06-15 10:24:53,687.25,612821
2021-06-15 10:24:55,687.25,612855
2021-06-15 10:24:57,687.25,612859
2021-06-15 10:25:00,687.5,613028
2021-06-15 10:25:04,687.45,613271
2021-06-15 10:25:06,687.25,613321
2021-06-15 10:25:09,687.45,613329
2021-06-15 10:25:11,687.45,613334
2021-06-15 10:25:13,687.35,613355
2021-06-15 10:25:16,687.3,613386
2021-06-15 10:25:18,687.3,613412
2021-06-15 10:25:22,687.5,613592
2021-06-15 10:25:24,687.3,613941
2021-06-15 10:25:26,687.3,613942
2021-06-15 10:25:28,687.3,613942
2021-06-15 10:25:31,687.3,613983
2021-06-15 10:25:33,687.45,614229
2021-06-15 10:25:35,687.45,614230
2021-06-15 10:25:37,687.45,614238
2021-06-15 10:25:39,687.4,614611
2021-06-15 10:25:41,687.35,614926
2021-06-15 10:25:44,687.4,615026
2021-06-15 10:25:47,687.4,615182
2021-06-15 10:25:49,687.45,615396
2021-06-15 10:25:51,687.45,615422
2021-06-15 10:25:53,687.45,615500
2021-06-15 10:25:55,687.45,615533
2021-06-15 10:25:58,687.45,615742
2021-06-15 10:26:00,687.45,615847
2021-06-15 10:26:02,687.35,615973
2021-06-15 10:26:04,687.45,616002
2021-06-15 10:26:07,687.35,616049
2021-06-15 10:26:09,687.35,617012
2021-06-15 10:26:11,687.45,617014
2021-06-15 10:26:13,687.35,617030
2021-06-15 10:26:18,687.35,617072
2021-06-15 10:26:20,687.45,617078
2021-06-15 10:26:22,687.45,617079
2021-06-15 10:26:24,687.35,617105
2021-06-15 10:26:26,687.45,617190
2021-06-15 10:26:28,687.45,617190
2021-06-15 10:26:30,687.35,617240
2021-06-15 10:26:32,687.35,617240
2021-06-15 10:26:34,687.35,617268
2021-06-15 10:26:37,687.6,617708
2021-06-15 10:26:39,687.35,618008
2021-06-15 10:26:41,687.45,618468
2021-06-15 10:26:44,687.45,618492
2021-06-15 10:26:46,687.5,618536
2021-06-15 10:26:48,687.5,618811
2021-06-15 10:26:50,687.45,618850
2021-06-15 10:26:53,687.4,618981
2021-06-15 10:26:56,687.55,619007
2021-06-15 10:26:59,687.4,619008
2021-06-15 10:27:01,687.4,619035
2021-06-15 10:27:04,687.4,619066
2021-06-15 10:27:06,687.4,619097
2021-06-15 10:27:09,687.4,619120
2021-06-15 10:27:10,687.55,619122
2021-06-15 10:27:13,687.4,619133
2021-06-15 10:27:15,687.4,619305
2021-06-15 10:27:19,687.55,619332
2021-06-15 10:27:22,687.55,619337
2021-06-15 10:27:24,687.4,619370
2021-06-15 10:27:26,687.55,619470
2021-06-15 10:27:28,687.4,619476
2021-06-15 10:27:30,687.25,619788
2021-06-15 10:27:35,687.25,620019
2021-06-15 10:27:37,687.05,620419
2021-06-15 10:27:40,687.25,620431
2021-06-15 10:27:42,687.25,620432
2021-06-15 10:27:44,687.1,621237
2021-06-15 10:27:49,687.05,621297
2021-06-15 10:27:51,687.25,621584
2021-06-15 10:27:54,687.25,621585
2021-06-15 10:27:56,687.4,622386
2021-06-15 10:27:58,687.4,622386
2021-06-15 10:28:01,687.1,622412
2021-06-15 10:28:03,687.1,622412
2021-06-15 10:28:05,687.1,622467
2021-06-15 10:28:07,687.1,622495
2021-06-15 10:28:10,687.45,622503
2021-06-15 10:28:12,687.45,622554
2021-06-15 10:28:14,687.25,622600
2021-06-15 10:28:16,687.2,622630
2021-06-15 10:28:18,687.2,622632
2021-06-15 10:28:20,687.2,622654
2021-06-15 10:28:22,687.25,622664
2021-06-15 10:28:25,687.25,622720
2021-06-15 10:28:27,687.25,622720
2021-06-15 10:28:29,687.4,622732
2021-06-15 10:28:32,687.4,622759
2021-06-15 10:28:34,687.2,622882
2021-06-15 10:28:37,687.2,622891
2021-06-15 10:28:39,687.2,622899
2021-06-15 10:28:41,687.2,622899
2021-06-15 10:28:43,687.5,623186
2021-06-15 10:28:46,687.25,623227
2021-06-15 10:28:52,687.5,623270
2021-06-15 10:28:54,687.25,623297
2021-06-15 10:28:57,687.5,623307
2021-06-15 10:28:59,687.25,623317
2021-06-15 10:29:02,687.45,623343
2021-06-15 10:29:05,687.25,623367
2021-06-15 10:29:07,687.25,623390
2021-06-15 10:29:10,687.25,623390
2021-06-15 10:29:13,687.3,623668
2021-06-15 10:29:15,687.4,623720
2021-06-15 10:29:18,687.4,623748
2021-06-15 10:29:21,687.4,623802
2021-06-15 10:29:24,687.3,623830
2021-06-15 10:29:29,687.4,623923
2021-06-15 10:29:31,687.3,623949
2021-06-15 10:29:33,687.3,624003
2021-06-15 10:29:36,687.3,624003
2021-06-15 10:29:39,687.3,624003
2021-06-15 10:29:42,687.25,624224
2021-06-15 10:29:44,687.25,624229
2021-06-15 10:29:46,687.2,624255
2021-06-15 10:29:49,687.15,624278
2021-06-15 10:29:51,687.15,624328
2021-06-15 10:29:54,687.1,624339
2021-06-15 10:29:56,687.1,624342
2021-06-15 10:29:59,687.05,624359
2021-06-15 10:30:01,687.1,624535
2021-06-15 10:30:04,687.0,624559
2021-06-15 10:30:07,687.05,624586
2021-06-15 10:30:09,687.1,624587
2021-06-15 10:30:11,687.1,624587
2021-06-15 10:30:14,687.05,624905
2021-06-15 10:30:16,687.0,624930
2021-06-15 10:30:19,687.0,624960
2021-06-15 10:30:24,687.0,625443
2021-06-15 10:30:26,687.0,625443
2021-06-15 10:30:31,687.0,625482
2021-06-15 10:30:33,687.0,625482
2021-06-15 10:30:36,687.05,625511
2021-06-15 10:30:38,687.05,625523
2021-06-15 10:30:41,687.0,625633
2021-06-15 10:30:46,687.0,625801
2021-06-15 10:30:48,687.0,625801
2021-06-15 10:30:51,687.0,625930
2021-06-15 10:30:54,687.0,626054
2021-06-15 10:30:56,687.0,626492
2021-06-15 10:30:59,687.1,627562
2021-06-15 10:31:01,687.1,627657
2021-06-15 10:31:03,687.2,627667
2021-06-15 10:31:06,687.1,627677
2021-06-15 10:31:08,687.1,627728
2021-06-15 10:31:10,687.2,627732
2021-06-15 10:31:13,687.2,627822
2021-06-15 10:31:15,687.1,627846
2021-06-15 10:31:18,687.05,628371
2021-06-15 10:31:20,687.05,628371
2021-06-15 10:31:23,687.05,628371
2021-06-15 10:31:25,687.2,628417
2021-06-15 10:31:27,687.2,628419
2021-06-15 10:31:30,687.2,628419
2021-06-15 10:31:32,687.05,628445
2021-06-15 10:31:34,687.2,628779
2021-06-15 10:31:37,687.05,628842
2021-06-15 10:31:39,687.05,628870
2021-06-15 10:31:41,687.05,628870
2021-06-15 10:31:43,687.1,628876
2021-06-15 10:31:46,687.05,628902
2021-06-15 10:31:48,687.1,628939
2021-06-15 10:31:51,687.1,628939
2021-06-15 10:31:54,687.05,629137
2021-06-15 10:31:56,687.2,629209
2021-06-15 10:31:58,687.1,629275
2021-06-15 10:32:00,687.2,629293
2021-06-15 10:32:02,687.15,629344
2021-06-15 10:32:05,687.15,629368
2021-06-15 10:32:07,687.2,629458
2021-06-15 10:32:10,687.2,629458
2021-06-15 10:32:12,687.2,629459
2021-06-15 10:32:14,687.15,629584
2021-06-15 10:32:17,687.2,629611
2021-06-15 10:32:19,687.2,629614
2021-06-15 10:32:21,687.2,629614
2021-06-15 10:32:23,687.15,629864
2021-06-15 10:32:25,687.15,629888
2021-06-15 10:32:28,687.15,629914
2021-06-15 10:32:30,687.15,629949
2021-06-15 10:32:33,687.2,629988
2021-06-15 10:32:35,687.15,630077
2021-06-15 10:32:38,687.2,630282
2021-06-15 10:32:41,687.2,630282
2021-06-15 10:32:44,687.1,630321
2021-06-15 10:32:46,687.1,630347
2021-06-15 10:32:48,687.1,630497
2021-06-15 10:32:51,687.2,630516
2021-06-15 10:32:53,687.2,630519
2021-06-15 10:32:56,687.1,630605
2021-06-15 10:32:58,687.2,630606
2021-06-15 10:33:01,687.1,630632
2021-06-15 10:33:03,687.1,630864
2021-06-15 10:33:06,687.1,630889
2021-06-15 10:33:08,687.15,630931
2021-06-15 10:33:11,687.15,630966
2021-06-15 10:33:13,687.15,631066
2021-06-15 10:33:15,686.8,633103
2021-06-15 10:33:18,687.1,633189
2021-06-15 10:33:21,687.15,633589
2021-06-15 10:33:23,687.1,633746
2021-06-15 10:33:26,687.1,633846
2021-06-15 10:33:28,687.15,633919
2021-06-15 10:33:30,686.85,633945
2021-06-15 10:33:33,686.9,633958
2021-06-15 10:33:35,686.9,634033
2021-06-15 10:33:37,686.9,634033
2021-06-15 10:33:39,687.2,634332
2021-06-15 10:33:42,686.8,634453
2021-06-15 10:33:44,687.05,634542
2021-06-15 10:33:46,686.95,634678
2021-06-15 10:33:49,686.8,634778
2021-06-15 10:33:51,687.05,635006
2021-06-15 10:33:53,687.2,635355
2021-06-15 10:33:56,687.2,635512
2021-06-15 10:33:58,687.2,635633
2021-06-15 10:34:01,687.2,635652
2021-06-15 10:34:03,687.25,635697
2021-06-15 10:34:05,687.05,635721
2021-06-15 10:34:08,687.05,635724
2021-06-15 10:34:10,687.2,635774
2021-06-15 10:34:13,687.05,635800
2021-06-15 10:34:15,687.05,635850
2021-06-15 10:34:18,687.2,635852
2021-06-15 10:34:20,687.2,635853
2021-06-15 10:34:22,687.05,635856
2021-06-15 10:34:24,687.05,635885
2021-06-15 10:34:27,687.05,635996
2021-06-15 10:34:29,687.05,636028
2021-06-15 10:34:32,687.05,636059
2021-06-15 10:34:34,687.05,636168
2021-06-15 10:34:37,687.2,636174
2021-06-15 10:34:39,687.2,636232
2021-06-15 10:34:42,687.1,636244
2021-06-15 10:34:44,687.1,636248
2021-06-15 10:34:47,687.1,636280
2021-06-15 10:34:49,687.05,636283
2021-06-15 10:34:51,687.05,636283
2021-06-15 10:34:54,687.4,637283
2021-06-15 10:34:56,687.4,637283
2021-06-15 10:34:58,687.4,637343
2021-06-15 10:35:00,687.15,637368
2021-06-15 10:35:03,687.05,637918
2021-06-15 10:35:05,687.05,637942
2021-06-15 10:35:07,687.05,637945
2021-06-15 10:35:09,687.05,637980
2021-06-15 10:35:11,687.05,637980
2021-06-15 10:35:13,687.05,637980
2021-06-15 10:35:16,687.15,638038
2021-06-15 10:35:18,687.15,638038
2021-06-15 10:35:20,687.05,638043
2021-06-15 10:35:22,687.05,638043
2021-06-15 10:35:24,687.05,638267
2021-06-15 10:35:26,687.05,638372
2021-06-15 10:35:29,687.15,638407
2021-06-15 10:35:31,687.05,638633
2021-06-15 10:35:33,687.05,638836
2021-06-15 10:35:35,687.05,639061
2021-06-15 10:35:37,687.05,639062
2021-06-15 10:35:40,687.15,639064
2021-06-15 10:35:42,687.15,639064
2021-06-15 10:35:44,687.05,639164
2021-06-15 10:35:46,687.05,639190
2021-06-15 10:35:49,687.15,639498
2021-06-15 10:35:51,687.1,639499
2021-06-15 10:35:54,687.05,640022
2021-06-15 10:35:56,687.15,640064
2021-06-15 10:35:58,687.15,640064
2021-06-15 10:36:00,687.05,640089
2021-06-15 10:36:03,687.05,640092
2021-06-15 10:36:05,687.05,640219
2021-06-15 10:36:07,687.15,640223
2021-06-15 10:36:10,687.05,640248
2021-06-15 10:36:12,687.05,640248
2021-06-15 10:36:14,687.05,640273
2021-06-15 10:36:17,687.05,640336
2021-06-15 10:36:19,687.05,640336
2021-06-15 10:36:22,687.05,640366
2021-06-15 10:36:25,687.05,640391
2021-06-15 10:36:27,687.05,640393
2021-06-15 10:36:29,687.1,640403
2021-06-15 10:36:32,687.1,640490
2021-06-15 10:36:34,687.05,640514
2021-06-15 10:36:36,687.05,640614
2021-06-15 10:36:38,687.1,640615
2021-06-15 10:36:41,687.05,640730
2021-06-15 10:36:43,687.05,640748
2021-06-15 10:36:45,687.0,646823
2021-06-15 10:36:47,687.1,647146
2021-06-15 10:36:50,687.1,647146
2021-06-15 10:36:52,687.1,647174
2021-06-15 10:36:55,687.05,648866
2021-06-15 10:36:57,687.05,648867
2021-06-15 10:36:59,687.0,650654
2021-06-15 10:37:02,687.05,650894
2021-06-15 10:37:04,687.0,650958
2021-06-15 10:37:07,687.0,650961
2021-06-15 10:37:09,687.1,650964
2021-06-15 10:37:11,687.1,650964
2021-06-15 10:37:13,687.1,650964
2021-06-15 10:37:15,687.05,650983
2021-06-15 10:37:17,687.0,651024
2021-06-15 10:37:19,687.0,651030
2021-06-15 10:37:21,687.05,651045
2021-06-15 10:37:24,687.0,651265
2021-06-15 10:37:26,687.0,651273
2021-06-15 10:37:28,687.0,651273
2021-06-15 10:37:29,687.0,651273
2021-06-15 10:37:31,687.05,651300
2021-06-15 10:37:33,687.0,651320
2021-06-15 10:37:35,687.05,651420
2021-06-15 10:37:38,687.05,651420
2021-06-15 10:37:39,687.05,651420
2021-06-15 10:37:41,687.05,651422
2021-06-15 10:37:43,687.0,651442
2021-06-15 10:37:45,687.05,651539
2021-06-15 10:37:47,687.0,651664
2021-06-15 10:37:49,687.0,651664
2021-06-15 10:37:52,687.0,651664
2021-06-15 10:37:54,687.0,651688
2021-06-15 10:37:56,687.15,651967
2021-06-15 10:37:58,687.0,652139
2021-06-15 10:38:00,687.0,652139
2021-06-15 10:38:02,687.05,652536
2021-06-15 10:38:03,687.15,652557
2021-06-15 10:38:05,687.0,652567
2021-06-15 10:38:07,687.05,652587
2021-06-15 10:38:10,687.05,652611
2021-06-15 10:38:12,687.05,652611
2021-06-15 10:38:14,687.05,652743
2021-06-15 10:38:16,687.0,652769
2021-06-15 10:38:18,687.15,652779
2021-06-15 10:38:20,687.15,652779
2021-06-15 10:38:22,687.15,652901
2021-06-15 10:38:24,687.05,652904
2021-06-15 10:38:26,687.1,652914
2021-06-15 10:38:29,687.1,652914
2021-06-15 10:38:31,687.25,653111
2021-06-15 10:38:33,687.25,653111
2021-06-15 10:38:36,687.25,653111
2021-06-15 10:38:38,687.3,653237
2021-06-15 10:38:40,687.45,653247
2021-06-15 10:38:42,687.45,653247
2021-06-15 10:38:44,687.3,653360
2021-06-15 10:38:46,687.5,653417
2021-06-15 10:38:49,687.3,653427
2021-06-15 10:38:51,687.3,653427
2021-06-15 10:38:54,687.5,653702
2021-06-15 10:38:56,687.5,653703
2021-06-15 10:38:59,687.5,653703
2021-06-15 10:39:01,687.3,653729
2021-06-15 10:39:04,687.3,653778
2021-06-15 10:39:06,687.3,653811
2021-06-15 10:39:08,687.3,653811
2021-06-15 10:39:10,687.3,653811
2021-06-15 10:39:13,687.5,653904
2021-06-15 10:39:15,687.4,653967
2021-06-15 10:39:17,687.4,653967
2021-06-15 10:39:19,687.5,654155
2021-06-15 10:39:21,687.5,654155
2021-06-15 10:39:23,687.5,654157
2021-06-15 10:39:25,687.6,654197
2021-06-15 10:39:27,687.6,654197
2021-06-15 10:39:30,687.6,654295
2021-06-15 10:39:32,687.5,654326
2021-06-15 10:39:34,687.5,654352
2021-06-15 10:39:36,687.7,654452
2021-06-15 10:39:39,687.7,654452
2021-06-15 10:39:41,687.6,654471
2021-06-15 10:39:45,687.5,655696
2021-06-15 10:39:48,687.5,655723
2021-06-15 10:39:50,687.35,655874
2021-06-15 10:39:53,687.35,655916
2021-06-15 10:39:55,687.35,655927
2021-06-15 10:39:57,687.35,655927
2021-06-15 10:39:59,687.15,656140
2021-06-15 10:40:02,687.2,656166
2021-06-15 10:40:04,687.2,656189
2021-06-15 10:40:06,687.1,656332
2021-06-15 10:40:09,687.1,656332
2021-06-15 10:40:11,687.1,656332
2021-06-15 10:40:14,687.2,656414
2021-06-15 10:40:16,687.2,656440
2021-06-15 10:40:19,687.1,656654
2021-06-15 10:40:22,687.1,656654
2021-06-15 10:40:24,687.1,656680
2021-06-15 10:40:26,687.1,656740
2021-06-15 10:40:28,687.1,656842
2021-06-15 10:40:31,687.1,656868
2021-06-15 10:40:33,687.1,656878
2021-06-15 10:40:36,687.1,656954
2021-06-15 10:40:38,687.25,656963
2021-06-15 10:40:40,687.25,656985
2021-06-15 10:40:42,687.15,656989
2021-06-15 10:40:45,687.15,657024
2021-06-15 10:40:47,687.25,657065
2021-06-15 10:40:49,687.15,657089
2021-06-15 10:40:51,687.15,657090
2021-06-15 10:40:53,687.25,657093
2021-06-15 10:40:55,687.1,657135
2021-06-15 10:40:57,687.15,657190
2021-06-15 10:40:59,687.15,657190
2021-06-15 10:41:02,687.1,657824
2021-06-15 10:41:04,687.1,657848
2021-06-15 10:41:06,687.0,658350
2021-06-15 10:41:08,687.0,658403
2021-06-15 10:41:10,687.1,658416
2021-06-15 10:41:12,687.1,658516
2021-06-15 10:41:14,687.0,658589
2021-06-15 10:41:16,687.0,658615
2021-06-15 10:41:18,687.0,658615
2021-06-15 10:41:21,687.0,658645
2021-06-15 10:41:23,687.0,658658
2021-06-15 10:41:25,687.0,658703
2021-06-15 10:41:27,687.0,658758
2021-06-15 10:41:30,687.0,658763
2021-06-15 10:41:32,687.0,658789
2021-06-15 10:41:34,687.0,658823
2021-06-15 10:41:36,687.0,658823
2021-06-15 10:41:38,687.0,658933
2021-06-15 10:41:40,687.1,658964
2021-06-15 10:41:42,687.1,658964
2021-06-15 10:41:44,687.05,658984
2021-06-15 10:41:46,687.0,659010
2021-06-15 10:41:48,687.05,659038
2021-06-15 10:41:50,687.0,659085
2021-06-15 10:41:52,687.0,659085
2021-06-15 10:41:54,687.0,659109
2021-06-15 10:41:56,687.0,659134
2021-06-15 10:41:58,687.05,659189
2021-06-15 10:42:01,687.0,659215
2021-06-15 10:42:03,687.0,659240
2021-06-15 10:42:05,687.0,659264
2021-06-15 10:42:07,687.05,659270
2021-06-15 10:42:09,687.0,659280
2021-06-15 10:42:12,687.0,659280
2021-06-15 10:42:14,687.05,659325
2021-06-15 10:42:16,687.0,659354
2021-06-15 10:42:18,687.1,659454
2021-06-15 10:42:20,687.0,659455
2021-06-15 10:42:22,687.0,659470
2021-06-15 10:42:24,687.0,659494
2021-06-15 10:42:26,687.0,659494
2021-06-15 10:42:29,687.05,659711
2021-06-15 10:42:31,687.0,659764
2021-06-15 10:42:33,687.0,659764
2021-06-15 10:42:36,687.0,659829
2021-06-15 10:42:37,687.0,659829
2021-06-15 10:42:40,687.0,659829
2021-06-15 10:42:42,687.0,659829
2021-06-15 10:42:44,687.05,660015
2021-06-15 10:42:46,687.0,660037
2021-06-15 10:42:49,687.0,660044
2021-06-15 10:42:51,687.0,660044
2021-06-15 10:42:53,687.0,660044
2021-06-15 10:42:55,687.1,660183
2021-06-15 10:42:58,687.1,660184
2021-06-15 10:43:00,687.05,660703
2021-06-15 10:43:02,687.05,660703
2021-06-15 10:43:04,687.25,660742
2021-06-15 10:43:06,687.25,660742
2021-06-15 10:43:08,687.0,660765
2021-06-15 10:43:10,687.3,660766
2021-06-15 10:43:14,687.0,661082
2021-06-15 10:43:16,687.0,661169
2021-06-15 10:43:18,687.0,661185
2021-06-15 10:43:20,687.2,661187
2021-06-15 10:43:22,687.2,661187
2021-06-15 10:43:24,687.0,661211
2021-06-15 10:43:27,687.0,661221
2021-06-15 10:43:29,687.0,661258
2021-06-15 10:43:31,687.2,661322
2021-06-15 10:43:33,687.2,661327
2021-06-15 10:43:35,687.0,661376
2021-06-15 10:43:37,687.0,661376
2021-06-15 10:43:40,687.2,661381
2021-06-15 10:43:42,687.2,661381
2021-06-15 10:43:44,687.1,661402
2021-06-15 10:43:46,687.25,661620
2021-06-15 10:43:48,687.0,661830
2021-06-15 10:43:50,687.0,661830
2021-06-15 10:43:52,687.2,661834
2021-06-15 10:43:54,687.2,661884
2021-06-15 10:43:56,687.2,661884
2021-06-15 10:43:58,686.95,661984
2021-06-15 10:44:00,686.95,662010
2021-06-15 10:44:03,686.95,662010
2021-06-15 10:44:05,687.15,662122
2021-06-15 10:44:07,686.95,662211
2021-06-15 10:44:09,686.9,662308
2021-06-15 10:44:12,686.95,662333
2021-06-15 10:44:14,686.9,662357
2021-06-15 10:44:16,686.9,662383
2021-06-15 10:44:19,686.95,662542
2021-06-15 10:44:21,686.95,662542
2021-06-15 10:44:23,686.95,662543
2021-06-15 10:44:25,686.8,663000
2021-06-15 10:44:27,687.0,663001
2021-06-15 10:44:29,686.75,663011
2021-06-15 10:44:31,686.75,663039
2021-06-15 10:44:34,687.1,663174
2021-06-15 10:44:36,687.1,663174
2021-06-15 10:44:38,687.1,663174
2021-06-15 10:44:40,686.75,663224
2021-06-15 10:44:42,687.0,663245
2021-06-15 10:44:44,686.6,664020
2021-06-15 10:44:46,686.6,664046
2021-06-15 10:44:48,686.6,664066
2021-06-15 10:44:50,686.75,664067
2021-06-15 10:44:52,686.75,664178
2021-06-15 10:44:54,686.75,664290
2021-06-15 10:44:57,686.75,664299
2021-06-15 10:44:59,686.6,664340
2021-06-15 10:45:01,686.6,664357
2021-06-15 10:45:03,686.5,664366
2021-06-15 10:45:05,686.5,664390
2021-06-15 10:45:07,686.5,664393
2021-06-15 10:45:09,686.5,664393
2021-06-15 10:45:12,686.6,664548
2021-06-15 10:45:14,686.5,664635
2021-06-15 10:45:16,686.5,664671
2021-06-15 10:45:18,686.5,664671
2021-06-15 10:45:20,686.6,664681
2021-06-15 10:45:22,686.6,664681
2021-06-15 10:45:24,686.5,664725
2021-06-15 10:45:26,686.6,664747
2021-06-15 10:45:28,686.5,664772
2021-06-15 10:45:30,686.5,664823
2021-06-15 10:45:32,686.6,664833
2021-06-15 10:45:34,686.6,664925
2021-06-15 10:45:36,686.6,664925
2021-06-15 10:45:38,686.6,664925
2021-06-15 10:45:40,686.7,664944
2021-06-15 10:45:41,686.7,664944
2021-06-15 10:45:44,686.75,664995
2021-06-15 10:45:46,686.65,665021
2021-06-15 10:45:48,686.65,665033
2021-06-15 10:45:50,686.65,665057
2021-06-15 10:45:51,686.65,665072
2021-06-15 10:45:54,686.65,665096
2021-06-15 10:45:56,686.65,665096
2021-06-15 10:45:58,686.65,665126
2021-06-15 10:46:00,686.65,665173
2021-06-15 10:46:03,686.65,665273
2021-06-15 10:46:05,686.65,665297
2021-06-15 10:46:07,686.6,665330
2021-06-15 10:46:09,686.5,666252
2021-06-15 10:46:11,686.5,666252
2021-06-15 10:46:13,686.7,666254
2021-06-15 10:46:15,686.65,666310
2021-06-15 10:46:17,686.6,666325
2021-06-15 10:46:20,686.6,666325
2021-06-15 10:46:22,686.6,666325
2021-06-15 10:46:24,686.6,666364
2021-06-15 10:46:26,686.6,666364
2021-06-15 10:46:28,686.6,666364
2021-06-15 10:46:30,686.65,666505
2021-06-15 10:46:32,686.5,666531
2021-06-15 10:46:34,686.6,666750
2021-06-15 10:46:37,686.65,666765
2021-06-15 10:46:39,686.6,667095
2021-06-15 10:46:41,686.6,667095
2021-06-15 10:46:44,686.5,667109
2021-06-15 10:46:46,686.35,667214
2021-06-15 10:46:48,686.5,667248
2021-06-15 10:46:50,686.35,667281
2021-06-15 10:46:52,686.5,667331
2021-06-15 10:46:54,686.35,667500
2021-06-15 10:46:57,686.35,667500
2021-06-15 10:46:59,686.35,667544
2021-06-15 10:47:02,686.35,667570
2021-06-15 10:47:04,686.35,667792
2021-06-15 10:47:06,686.3,668107
2021-06-15 10:47:08,686.3,668107
2021-06-15 10:47:11,686.35,668259
2021-06-15 10:47:13,686.6,668630
2021-06-15 10:47:15,686.45,668650
2021-06-15 10:47:17,686.45,668676
2021-06-15 10:47:19,686.45,668676
2021-06-15 10:47:21,686.4,668776
2021-06-15 10:47:23,686.4,669786
2021-06-15 10:47:25,686.4,669812
2021-06-15 10:47:28,686.4,669812
2021-06-15 10:47:30,686.35,669833
2021-06-15 10:47:32,686.35,669859
2021-06-15 10:47:34,686.35,669883
2021-06-15 10:47:36,686.4,669885
2021-06-15 10:47:38,686.4,669885
2021-06-15 10:47:40,686.4,669920
2021-06-15 10:47:42,686.35,669950
2021-06-15 10:47:44,686.35,669994
2021-06-15 10:47:47,686.35,670070
2021-06-15 10:47:49,686.35,670240
2021-06-15 10:47:51,686.35,670240
2021-06-15 10:47:53,686.35,670240
2021-06-15 10:47:56,686.3,670345
2021-06-15 10:47:58,686.3,670345
2021-06-15 10:48:00,686.3,670391
2021-06-15 10:48:03,686.3,670391
2021-06-15 10:48:05,686.35,670400
2021-06-15 10:48:07,686.3,670403
2021-06-15 10:48:09,686.5,671419
2021-06-15 10:48:11,686.5,671429
2021-06-15 10:48:14,686.35,671478
2021-06-15 10:48:16,686.3,671504
2021-06-15 10:48:18,686.5,672332
2021-06-15 10:48:20,686.6,672333
2021-06-15 10:48:22,686.5,672398
2021-06-15 10:48:24,686.5,672422
2021-06-15 10:48:27,686.5,672422
2021-06-15 10:48:29,686.5,672550
2021-06-15 10:48:31,686.6,672584
2021-06-15 10:48:34,686.5,672773
2021-06-15 10:48:36,686.45,672774
2021-06-15 10:48:38,686.25,672847
2021-06-15 10:48:40,686.5,672865
2021-06-15 10:48:43,686.25,672876
2021-06-15 10:48:45,686.25,672900
2021-06-15 10:48:47,686.25,672946
2021-06-15 10:48:49,686.25,673090
2021-06-15 10:48:51,686.25,673091
2021-06-15 10:48:53,686.45,673106
2021-06-15 10:48:55,686.25,673131
2021-06-15 10:48:57,686.25,673131
2021-06-15 10:49:00,686.25,673131
2021-06-15 10:49:02,686.25,673178
2021-06-15 10:49:04,686.25,673224
2021-06-15 10:49:07,686.25,673227
2021-06-15 10:49:09,686.25,673228
2021-06-15 10:49:11,686.35,673238
2021-06-15 10:49:13,686.35,673273
2021-06-15 10:49:15,686.35,673325
2021-06-15 10:49:17,686.35,673325
2021-06-15 10:49:20,686.3,673455
2021-06-15 10:49:22,686.3,673455
2021-06-15 10:49:24,686.3,673480
2021-06-15 10:49:26,686.35,673531
2021-06-15 10:49:28,686.3,673631
2021-06-15 10:49:30,686.3,673679
2021-06-15 10:49:33,686.35,673684
2021-06-15 10:49:35,686.25,673708
2021-06-15 10:49:37,686.25,673708
2021-06-15 10:49:39,686.25,673718
2021-06-15 10:49:41,686.25,673798
2021-06-15 10:49:44,686.25,674909
2021-06-15 10:49:46,686.25,674935
2021-06-15 10:49:49,686.25,674935
2021-06-15 10:49:51,686.25,674935
2021-06-15 10:49:53,686.25,674981
2021-06-15 10:49:55,686.25,675025
2021-06-15 10:49:57,686.25,675035
2021-06-15 10:50:00,686.25,675045
2021-06-15 10:50:02,686.25,675103
2021-06-15 10:50:04,686.25,675127
2021-06-15 10:50:06,686.25,675255
2021-06-15 10:50:09,686.5,675281
2021-06-15 10:50:11,686.5,675281
2021-06-15 10:50:13,686.5,675281
2021-06-15 10:50:15,686.5,675298
2021-06-15 10:50:17,686.5,675892
2021-06-15 10:50:19,686.25,675894
2021-06-15 10:50:21,686.25,675894
2021-06-15 10:50:23,686.25,676110
2021-06-15 10:50:25,686.25,676134
2021-06-15 10:50:27,686.25,676134
2021-06-15 10:50:30,686.3,676147
2021-06-15 10:50:32,686.25,676184
2021-06-15 10:50:34,686.3,676243
2021-06-15 10:50:36,686.3,676243
2021-06-15 10:50:38,686.35,676267
2021-06-15 10:50:40,686.5,676277
2021-06-15 10:50:44,686.35,676979
2021-06-15 10:50:46,686.3,677026
2021-06-15 10:50:48,686.35,678026
2021-06-15 10:50:50,686.35,678075
2021-06-15 10:50:53,686.35,678194
2021-06-15 10:50:55,686.3,678218
2021-06-15 10:50:56,686.35,678227
2021-06-15 10:50:58,686.3,678248
2021-06-15 10:51:00,686.3,678265
2021-06-15 10:51:02,686.3,678304
2021-06-15 10:51:04,686.3,678343
2021-06-15 10:51:07,686.3,678434
2021-06-15 10:51:09,686.3,678434
2021-06-15 10:51:11,686.3,678434
2021-06-15 10:51:13,686.25,678634
2021-06-15 10:51:15,686.25,678688
2021-06-15 10:51:17,686.35,678770
2021-06-15 10:51:19,686.35,678770
2021-06-15 10:51:20,686.25,678870
2021-06-15 10:51:23,686.25,678895
2021-06-15 10:51:25,686.25,678925
2021-06-15 10:51:27,686.35,678999
2021-06-15 10:51:30,686.25,679056
2021-06-15 10:51:32,686.35,679181
2021-06-15 10:51:35,686.5,679469
2021-06-15 10:51:37,686.5,679516
2021-06-15 10:51:40,686.5,679516
2021-06-15 10:51:42,686.3,679531
2021-06-15 10:51:44,686.3,679575
2021-06-15 10:51:47,686.3,679601
2021-06-15 10:51:49,686.5,679603
2021-06-15 10:51:51,686.3,679623
2021-06-15 10:51:53,686.3,679623
2021-06-15 10:51:56,686.3,679647
2021-06-15 10:51:58,686.3,679862
2021-06-15 10:52:02,686.3,679920
2021-06-15 10:52:05,686.3,680344
2021-06-15 10:52:07,686.3,680349
2021-06-15 10:52:10,686.25,680384
2021-06-15 10:52:12,686.5,680791
2021-06-15 10:52:14,686.5,680791
2021-06-15 10:52:17,686.25,680837
2021-06-15 10:52:19,686.5,680838
2021-06-15 10:52:21,686.5,680838
2021-06-15 10:52:23,686.5,680849
2021-06-15 10:52:25,686.25,680873
2021-06-15 10:52:27,686.25,680873
2021-06-15 10:52:29,686.25,680873
2021-06-15 10:52:31,686.25,680904
2021-06-15 10:52:34,686.25,680949
2021-06-15 10:52:36,686.25,680965
2021-06-15 10:52:38,686.25,680996
2021-06-15 10:52:41,686.35,681096
2021-06-15 10:52:43,686.5,681097
2021-06-15 10:52:45,686.35,681179
2021-06-15 10:52:47,686.5,681189
2021-06-15 10:52:52,686.5,681265
2021-06-15 10:52:54,686.35,681289
2021-06-15 10:52:56,686.35,681290
2021-06-15 10:52:58,686.35,681615
2021-06-15 10:53:01,686.4,681647
2021-06-15 10:53:03,686.4,681647
2021-06-15 10:53:05,686.5,681802
2021-06-15 10:53:07,686.3,681805
2021-06-15 10:53:11,686.5,681888
2021-06-15 10:53:14,686.4,681904
2021-06-15 10:53:16,686.3,682040
2021-06-15 10:53:18,686.3,682040
2021-06-15 10:53:20,686.3,682042
2021-06-15 10:53:22,686.3,682144
2021-06-15 10:53:25,686.3,682168
2021-06-15 10:53:27,686.5,682208
2021-06-15 10:53:29,686.5,682209
2021-06-15 10:53:31,686.3,682257
2021-06-15 10:53:33,686.25,682858
2021-06-15 10:53:35,686.25,682882
2021-06-15 10:53:37,686.35,682914
2021-06-15 10:53:40,686.25,682945
2021-06-15 10:53:42,686.5,683242
2021-06-15 10:53:44,686.5,683267
2021-06-15 10:53:46,686.25,683318
2021-06-15 10:53:49,686.25,683343
2021-06-15 10:53:51,686.25,683344
2021-06-15 10:53:53,686.5,683544
2021-06-15 10:53:56,686.5,683558
2021-06-15 10:53:58,686.5,684072
2021-06-15 10:54:00,686.3,684184
2021-06-15 10:54:03,686.25,684212
2021-06-15 10:54:05,686.3,684239
2021-06-15 10:54:07,686.5,684256
2021-06-15 10:54:09,686.5,684256
2021-06-15 10:54:11,686.5,684256
2021-06-15 10:54:13,686.3,684257
2021-06-15 10:54:15,686.3,684301
2021-06-15 10:54:17,686.3,684330
2021-06-15 10:54:19,686.3,684362
2021-06-15 10:54:21,686.35,684372
2021-06-15 10:54:23,686.35,684372
2021-06-15 10:54:25,686.25,684390
2021-06-15 10:54:29,686.25,684468
2021-06-15 10:54:33,686.25,684496
2021-06-15 10:54:35,686.25,684530
2021-06-15 10:54:37,686.25,684733
2021-06-15 10:54:39,686.3,684735
2021-06-15 10:54:41,686.25,684772
2021-06-15 10:54:44,686.3,685398
2021-06-15 10:54:46,686.25,685404
2021-06-15 10:54:48,686.25,685426
2021-06-15 10:54:50,686.25,685428
2021-06-15 10:54:52,686.35,685454
2021-06-15 10:54:54,686.3,685458
2021-06-15 10:54:56,686.3,685458
2021-06-15 10:54:58,686.3,685459
2021-06-15 10:55:00,686.3,685533
2021-06-15 10:55:02,686.35,685559
2021-06-15 10:55:04,686.65,685688
2021-06-15 10:55:06,686.9,685695
2021-06-15 10:55:08,686.9,685712
2021-06-15 10:55:10,686.9,685769
2021-06-15 10:55:14,686.7,685829
2021-06-15 10:55:16,686.7,685877
2021-06-15 10:55:19,686.7,685877
2021-06-15 10:55:21,686.8,685878
2021-06-15 10:55:23,686.9,685881
2021-06-15 10:55:25,686.9,685925
2021-06-15 10:55:27,686.9,685925
2021-06-15 10:55:29,686.8,686064
2021-06-15 10:55:31,686.65,686355
2021-06-15 10:55:33,686.9,686381
2021-06-15 10:55:35,686.9,686381
2021-06-15 10:55:37,686.9,686451
2021-06-15 10:55:40,686.9,686451
2021-06-15 10:55:42,687.0,698055
2021-06-15 10:55:44,687.0,698065
2021-06-15 10:55:46,686.7,698091
2021-06-15 10:55:48,686.7,698112
2021-06-15 10:55:50,686.7,698112
2021-06-15 10:55:52,686.75,698263
2021-06-15 10:55:54,686.7,698389
2021-06-15 10:55:56,686.7,698389
2021-06-15 10:55:58,686.95,698393
2021-06-15 10:56:00,686.7,698403
2021-06-15 10:56:02,686.7,698452
2021-06-15 10:56:04,686.7,698476
2021-06-15 10:56:06,686.7,698980
2021-06-15 10:56:08,686.7,698997
2021-06-15 10:56:10,686.8,698998
2021-06-15 10:56:12,686.9,699032
2021-06-15 10:56:14,686.7,699053
2021-06-15 10:56:16,686.7,699223
2021-06-15 10:56:18,686.65,699248
2021-06-15 10:56:20,686.65,699251
2021-06-15 10:56:23,686.7,699277
2021-06-15 10:56:25,686.8,699286
2021-06-15 10:56:27,686.8,699286
2021-06-15 10:56:29,686.8,699286
2021-06-15 10:56:32,686.7,699341
2021-06-15 10:56:34,686.75,699416
2021-06-15 10:56:36,687.1,699507
2021-06-15 10:56:38,687.1,699507
2021-06-15 10:56:40,686.75,699557
2021-06-15 10:56:43,686.75,699557
2021-06-15 10:56:47,686.75,699638
2021-06-15 10:56:49,686.75,699717
2021-06-15 10:56:51,686.75,699918
2021-06-15 10:56:53,687.05,699919
2021-06-15 10:56:55,687.05,699919
2021-06-15 10:56:57,687.05,699919
2021-06-15 10:56:59,686.8,699933
2021-06-15 10:57:01,686.8,699959
2021-06-15 10:57:03,687.1,700015
2021-06-15 10:57:05,686.85,700039
2021-06-15 10:57:08,686.85,700042
2021-06-15 10:57:10,686.95,700043
2021-06-15 10:57:12,686.9,700052
2021-06-15 10:57:14,686.9,700108
2021-06-15 10:57:16,687.05,700171
2021-06-15 10:57:18,687.1,700182
2021-06-15 10:57:20,687.15,700232
2021-06-15 10:57:22,687.3,700418
2021-06-15 10:57:24,687.05,700602
2021-06-15 10:57:26,687.05,700602
2021-06-15 10:57:28,687.3,700778
2021-06-15 10:57:30,687.1,700867
2021-06-15 10:57:33,687.05,700928
2021-06-15 10:57:35,687.1,700953
2021-06-15 10:57:37,687.1,700953
2021-06-15 10:57:39,687.15,700959
2021-06-15 10:57:42,687.3,700995
2021-06-15 10:57:44,687.2,701026
2021-06-15 10:57:46,687.3,701204
2021-06-15 10:57:49,687.3,701204
2021-06-15 10:57:51,687.3,701229
2021-06-15 10:57:53,687.35,701295
2021-06-15 10:57:56,687.35,701295
2021-06-15 10:57:58,687.2,702315
2021-06-15 10:58:01,687.1,702423
2021-06-15 10:58:03,687.1,702423
2021-06-15 10:58:05,687.1,702432
2021-06-15 10:58:08,687.1,702435
2021-06-15 10:58:10,687.2,702436
2021-06-15 10:58:12,687.3,702448
2021-06-15 10:58:14,687.1,702518
2021-06-15 10:58:16,687.1,702572
2021-06-15 10:58:19,687.1,702596
2021-06-15 10:58:21,687.1,702596
2021-06-15 10:58:23,687.1,702598
2021-06-15 10:58:25,687.1,702625
2021-06-15 10:58:27,687.1,702625
2021-06-15 10:58:29,687.1,702676
2021-06-15 10:58:31,687.1,702703
2021-06-15 10:58:33,687.15,702713
2021-06-15 10:58:35,687.1,702737
2021-06-15 10:58:37,687.1,702790
2021-06-15 10:58:41,687.1,702802
2021-06-15 10:58:43,687.1,702808
2021-06-15 10:58:45,687.0,703969
2021-06-15 10:58:47,687.0,703994
2021-06-15 10:58:49,687.15,703996
2021-06-15 10:58:51,687.05,703998
2021-06-15 10:58:53,687.05,703999
2021-06-15 10:58:55,687.0,704024
2021-06-15 10:58:57,687.0,704174
2021-06-15 10:59:00,687.1,704195
2021-06-15 10:59:02,687.1,704376
2021-06-15 10:59:06,687.05,704413
2021-06-15 10:59:08,687.05,704431
2021-06-15 10:59:10,686.85,705231
2021-06-15 10:59:13,686.85,705231
2021-06-15 10:59:15,686.85,705275
2021-06-15 10:59:17,686.8,705720
2021-06-15 10:59:19,686.85,705786
2021-06-15 10:59:21,686.85,705789
2021-06-15 10:59:23,686.85,705792
2021-06-15 10:59:25,686.65,705807
2021-06-15 10:59:27,686.85,705907
2021-06-15 10:59:29,686.65,706030
2021-06-15 10:59:31,686.65,706062
2021-06-15 10:59:33,686.55,706092
2021-06-15 10:59:35,686.65,706118
2021-06-15 10:59:37,686.65,706120
2021-06-15 10:59:39,686.6,706148
2021-06-15 10:59:41,686.65,706151
2021-06-15 10:59:43,686.65,706157
2021-06-15 10:59:45,686.6,706187
2021-06-15 10:59:47,686.55,706326
2021-06-15 10:59:49,686.55,706335
2021-06-15 10:59:51,686.55,706368
2021-06-15 10:59:54,686.75,706418
2021-06-15 10:59:56,686.75,706418
2021-06-15 10:59:58,686.75,706418
2021-06-15 11:00:00,686.6,706442
2021-06-15 11:00:02,686.65,706471
2021-06-15 11:00:05,686.6,706494
2021-06-15 11:00:06,686.6,706497
2021-06-15 11:00:08,686.6,706507
2021-06-15 11:00:11,686.65,706508
2021-06-15 11:00:13,686.85,709509
2021-06-15 11:00:15,687.0,709525
2021-06-15 11:00:17,686.6,709621
2021-06-15 11:00:19,686.6,709725
2021-06-15 11:00:21,686.6,709747
2021-06-15 11:00:23,686.65,709748
2021-06-15 11:00:25,686.9,709757
2021-06-15 11:00:27,686.9,709757
2021-06-15 11:00:30,686.6,709796
2021-06-15 11:00:32,686.9,709851
2021-06-15 11:00:33,686.6,709918
2021-06-15 11:00:35,686.6,709943
2021-06-15 11:00:38,686.6,709943
2021-06-15 11:00:40,686.9,709973
2021-06-15 11:00:42,686.5,710089
2021-06-15 11:00:43,686.5,710110
2021-06-15 11:00:46,687.1,710164
2021-06-15 11:00:48,686.8,710291
2021-06-15 11:00:50,687.05,710295
2021-06-15 11:00:52,687.05,710295
2021-06-15 11:00:54,686.85,710319
2021-06-15 11:00:56,686.85,710320
2021-06-15 11:00:59,686.8,710342
2021-06-15 11:01:01,686.8,710368
2021-06-15 11:01:03,686.85,710372
2021-06-15 11:01:05,686.8,710396
2021-06-15 11:01:07,686.8,710399
2021-06-15 11:01:09,686.8,710429
2021-06-15 11:01:11,687.1,710450
2021-06-15 11:01:14,687.1,710450
2021-06-15 11:01:15,686.95,710522
2021-06-15 11:01:17,686.75,710572
2021-06-15 11:01:19,686.75,710590
2021-06-15 11:01:21,686.9,710594
2021-06-15 11:01:23,686.9,710594
2021-06-15 11:01:25,686.75,710617
2021-06-15 11:01:26,686.75,710617
2021-06-15 11:01:28,686.75,710617
2021-06-15 11:01:30,686.75,710712
2021-06-15 11:01:32,686.75,710783
2021-06-15 11:01:34,686.8,710818
2021-06-15 11:01:36,686.75,710868
2021-06-15 11:01:38,686.8,710869
2021-06-15 11:01:40,686.9,710870
2021-06-15 11:01:41,686.9,710891
2021-06-15 11:01:43,686.8,710991
2021-06-15 11:01:45,686.8,711041
2021-06-15 11:01:47,686.8,711041
2021-06-15 11:01:50,686.8,711041
2021-06-15 11:01:52,686.8,711043
2021-06-15 11:01:54,686.8,711074
2021-06-15 11:01:56,686.85,711084
2021-06-15 11:01:58,686.8,711106
2021-06-15 11:02:00,686.8,711135
2021-06-15 11:02:02,686.8,711138
2021-06-15 11:02:04,686.85,711173
2021-06-15 11:02:06,686.8,711176
2021-06-15 11:02:07,686.8,711177
2021-06-15 11:02:09,686.8,711205
2021-06-15 11:02:11,686.8,711207
2021-06-15 11:02:14,686.85,711241
2021-06-15 11:02:16,686.8,711292
2021-06-15 11:02:18,686.85,711327
2021-06-15 11:02:19,686.8,711337
2021-06-15 11:02:21,686.75,713839
2021-06-15 11:02:23,686.75,713854
2021-06-15 11:02:25,686.55,713882
2021-06-15 11:02:27,686.55,714012
2021-06-15 11:02:29,686.6,714033
2021-06-15 11:02:31,686.55,714059
2021-06-15 11:02:33,686.55,714059
2021-06-15 11:02:34,686.65,714085
2021-06-15 11:02:34,686.9,714494
2021-06-15 11:02:35,686.6,714509
2021-06-15 11:02:36,686.9,714510
2021-06-15 11:02:37,686.9,714510
2021-06-15 11:02:38,686.9,714510
2021-06-15 11:02:39,686.75,714511
2021-06-15 11:02:40,686.75,714511
2021-06-15 11:02:41,686.6,714512
2021-06-15 11:02:42,686.6,714512
2021-06-15 11:02:43,686.6,714533
2021-06-15 11:02:44,686.6,714557
2021-06-15 11:02:45,686.6,714557
2021-06-15 11:02:47,686.65,714561
2021-06-15 11:02:48,686.6,714585
2021-06-15 11:02:50,686.6,714585
2021-06-15 11:02:51,686.6,714585
2021-06-15 11:02:52,686.6,714586
2021-06-15 11:02:53,686.65,714742
2021-06-15 11:02:54,686.65,714742
2021-06-15 11:02:55,686.65,714759
2021-06-15 11:02:56,686.9,714760
2021-06-15 11:02:57,686.9,714760
2021-06-15 11:02:58,686.9,714760
2021-06-15 11:02:59,686.9,714761
2021-06-15 11:03:00,686.6,714789
2021-06-15 11:03:01,686.6,714810
2021-06-15 11:03:02,686.6,714811
2021-06-15 11:03:04,686.6,714836
2021-06-15 11:03:05,686.6,714836
2021-06-15 11:03:06,686.6,714836
2021-06-15 11:03:06,686.6,714839
2021-06-15 11:03:07,686.6,714839
2021-06-15 11:03:08,686.6,714840
2021-06-15 11:03:09,686.6,714855
2021-06-15 11:03:10,686.6,714857
2021-06-15 11:03:12,686.6,714857
2021-06-15 11:03:12,686.6,714858
2021-06-15 11:03:13,686.6,714858
2021-06-15 11:03:14,686.55,714886
2021-06-15 11:03:16,686.55,714916
2021-06-15 11:03:17,686.6,714923
2021-06-15 11:03:19,686.55,714944
2021-06-15 11:03:20,686.55,714945
2021-06-15 11:03:21,686.55,714951
2021-06-15 11:03:23,686.6,714956
2021-06-15 11:03:24,686.55,714977
2021-06-15 11:03:25,686.55,714977
2021-06-15 11:03:26,686.65,714983
2021-06-15 11:03:27,686.65,714983
2021-06-15 11:03:28,686.55,715038
2021-06-15 11:03:29,686.55,715059
2021-06-15 11:03:30,686.55,715086
2021-06-15 11:03:31,686.55,715086
2021-06-15 11:03:33,686.6,715136
2021-06-15 11:03:34,686.55,715160
2021-06-15 11:03:35,686.55,715160
2021-06-15 11:03:36,686.55,715161
2021-06-15 11:03:37,686.55,715161
2021-06-15 11:03:38,686.55,715161
2021-06-15 11:03:39,686.6,715162
2021-06-15 11:03:40,686.55,715165
2021-06-15 11:03:43,686.55,715165
2021-06-15 11:03:43,686.55,715199
2021-06-15 11:03:44,686.55,715224
2021-06-15 11:03:45,686.55,715250
2021-06-15 11:03:46,686.55,715251
2021-06-15 11:03:48,686.55,715251
2021-06-15 11:03:48,686.55,715251
2021-06-15 11:03:49,686.55,715262
2021-06-15 11:03:50,686.5,715293
2021-06-15 11:03:51,686.5,715294
2021-06-15 11:03:53,686.5,715294
2021-06-15 11:03:53,686.5,715294
2021-06-15 11:03:54,686.5,715419
2021-06-15 11:03:55,686.5,715420
2021-06-15 11:03:56,686.5,715421
2021-06-15 11:03:57,686.5,715421
2021-06-15 11:03:58,686.5,715422
2021-06-15 11:03:59,686.5,715443
2021-06-15 11:04:00,686.5,715471
2021-06-15 11:04:01,686.55,715472
2021-06-15 11:04:02,686.55,715472
2021-06-15 11:04:03,686.55,715473
2021-06-15 11:04:04,686.55,715512
2021-06-15 11:04:06,686.55,715514
2021-06-15 11:04:07,686.55,715518
2021-06-15 11:04:08,686.55,715518
2021-06-15 11:04:09,686.55,715518
2021-06-15 11:04:09,686.55,715518
2021-06-15 11:04:10,686.5,715519
2021-06-15 11:04:11,686.5,715519
2021-06-15 11:04:12,686.5,715583
2021-06-15 11:04:13,686.5,715583
2021-06-15 11:04:14,686.5,715647
2021-06-15 11:04:15,686.5,715647
2021-06-15 11:04:16,686.55,715693
2021-06-15 11:04:17,686.5,715696
2021-06-15 11:04:18,686.55,715697
2021-06-15 11:04:19,686.55,715697
2021-06-15 11:04:20,686.5,715699
2021-06-15 11:04:21,686.55,715752
2021-06-15 11:04:22,686.55,715752
2021-06-15 11:04:23,686.55,715767
2021-06-15 11:04:24,686.55,715769
2021-06-15 11:04:25,686.55,715769
2021-06-15 11:04:26,686.55,715833
2021-06-15 11:04:27,686.55,715833
2021-06-15 11:04:28,686.5,715874
2021-06-15 11:04:30,686.5,715874
2021-06-15 11:04:31,686.5,715901
2021-06-15 11:04:32,686.5,715901
2021-06-15 11:04:33,686.5,715901
2021-06-15 11:04:34,686.5,715925
2021-06-15 11:04:34,686.55,715935
2021-06-15 11:04:35,686.55,715935
2021-06-15 11:04:36,686.5,716000
2021-06-15 11:04:37,686.5,716000
2021-06-15 11:04:38,686.5,716200
2021-06-15 11:04:39,686.5,716200
2021-06-15 11:04:41,686.5,716202
2021-06-15 11:04:42,686.5,716202
2021-06-15 11:04:43,686.5,716202
2021-06-15 11:04:44,686.5,716241
2021-06-15 11:04:45,686.5,716267
2021-06-15 11:04:46,686.5,716293
2021-06-15 11:04:47,686.5,716293
2021-06-15 11:04:48,686.55,716396
2021-06-15 11:04:48,686.85,720148
2021-06-15 11:04:51,686.5,720198
2021-06-15 11:04:53,686.5,720198
2021-06-15 11:04:54,686.5,720222
2021-06-15 11:04:54,686.5,720222
2021-06-15 11:04:55,686.8,720236
2021-06-15 11:04:57,686.8,720236
2021-06-15 11:04:58,686.8,720236
2021-06-15 11:04:59,686.8,720236
2021-06-15 11:05:00,686.55,720263
2021-06-15 11:05:00,686.55,720265
2021-06-15 11:05:02,686.7,724225
2021-06-15 11:05:03,686.7,724225
2021-06-15 11:05:04,686.45,724226
2021-06-15 11:05:05,686.25,724228
2021-06-15 11:05:06,686.15,724231
2021-06-15 11:05:08,686.45,724257
2021-06-15 11:05:09,686.15,724273
2021-06-15 11:05:11,686.15,724273
2021-06-15 11:05:12,686.15,724273
2021-06-15 11:05:12,686.15,724273
2021-06-15 11:05:13,686.15,724273
2021-06-15 11:05:14,686.1,724317
2021-06-15 11:05:15,686.4,724519
2021-06-15 11:05:16,686.1,724546
2021-06-15 11:05:17,686.4,724555
2021-06-15 11:05:18,686.45,724655
2021-06-15 11:05:19,686.15,724682
2021-06-15 11:05:20,686.45,724689
2021-06-15 11:05:22,686.45,724689
2021-06-15 11:05:23,686.45,724689
2021-06-15 11:05:24,686.2,724793
2021-06-15 11:05:25,686.15,724794
2021-06-15 11:05:26,686.2,724795
2021-06-15 11:05:26,686.2,724895
2021-06-15 11:05:27,686.2,724895
2021-06-15 11:05:28,686.15,724916
2021-06-15 11:05:30,686.15,724933
2021-06-15 11:05:31,686.15,724982
2021-06-15 11:05:32,686.2,725025
2021-06-15 11:05:32,686.2,725025
2021-06-15 11:05:33,686.2,725025
2021-06-15 11:05:34,686.2,725025
2021-06-15 11:05:35,686.3,725026
2021-06-15 11:05:36,686.3,725028
2021-06-15 11:05:38,686.25,725035
2021-06-15 11:05:40,686.45,725260
2021-06-15 11:05:41,686.4,725262
2021-06-15 11:05:42,686.45,725263
2021-06-15 11:05:43,686.45,725576
2021-06-15 11:05:44,686.3,725696
2021-06-15 11:05:45,686.45,725775
2021-06-15 11:05:46,686.45,726090
2021-06-15 11:05:48,686.45,726090
2021-06-15 11:05:49,686.7,726106
2021-06-15 11:05:50,686.6,726133
2021-06-15 11:05:51,686.6,726135
2021-06-15 11:05:52,686.6,726135
2021-06-15 11:05:53,686.85,726185
2021-06-15 11:05:55,686.85,726185
2021-06-15 11:05:55,686.85,726185
2021-06-15 11:05:56,686.85,726185
2021-06-15 11:05:57,686.85,726187
2021-06-15 11:05:58,686.85,726187
2021-06-15 11:05:59,686.7,726209
2021-06-15 11:06:00,686.6,726238
2021-06-15 11:06:01,686.75,726243
2021-06-15 11:06:02,686.75,726253
2021-06-15 11:06:04,686.6,726329
2021-06-15 11:06:04,686.6,726329
2021-06-15 11:06:05,686.6,726329
2021-06-15 11:06:06,686.5,726334
2021-06-15 11:06:08,686.5,726334
2021-06-15 11:06:09,686.5,726334
2021-06-15 11:06:10,686.6,726336
2021-06-15 11:06:10,686.6,726336
2021-06-15 11:06:11,686.75,726396
2021-06-15 11:06:13,686.7,726397
2021-06-15 11:06:14,686.65,726417
2021-06-15 11:06:15,686.65,726417
2021-06-15 11:06:16,686.5,726443
2021-06-15 11:06:17,686.6,726722
2021-06-15 11:06:18,686.6,726722
2021-06-15 11:06:19,686.45,726734
2021-06-15 11:06:20,686.5,726987
2021-06-15 11:06:21,686.7,727004
2021-06-15 11:06:21,686.7,727006
2021-06-15 11:06:23,686.7,727006
2021-06-15 11:06:24,686.7,727006
2021-06-15 11:06:25,686.6,727007
2021-06-15 11:06:25,686.6,727007
2021-06-15 11:06:26,686.55,727049
2021-06-15 11:06:27,686.55,727049
2021-06-15 11:06:28,686.55,727071
2021-06-15 11:06:30,686.55,727071
2021-06-15 11:06:31,686.6,727097
2021-06-15 11:06:32,686.6,727097
2021-06-15 11:06:33,686.6,727098
2021-06-15 11:06:34,686.6,727126
2021-06-15 11:06:34,686.6,727126
2021-06-15 11:06:35,686.6,727127
2021-06-15 11:06:36,686.6,727130
2021-06-15 11:06:37,686.6,727131
2021-06-15 11:06:38,686.6,727132
2021-06-15 11:06:39,686.6,727132
2021-06-15 11:06:40,686.6,727133
2021-06-15 11:06:42,686.7,727328
2021-06-15 11:06:43,686.7,727437
2021-06-15 11:06:44,686.7,727437
2021-06-15 11:06:45,686.7,727446
2021-06-15 11:06:46,686.7,727451
2021-06-15 11:06:47,686.6,727471
2021-06-15 11:06:48,686.6,727484
2021-06-15 11:06:48,686.6,727484
2021-06-15 11:06:49,686.6,727484
2021-06-15 11:06:50,686.6,727485
2021-06-15 11:06:52,686.6,727497
2021-06-15 11:06:53,686.65,727505
2021-06-15 11:06:54,686.6,727517
2021-06-15 11:06:55,686.6,727517
2021-06-15 11:06:56,686.6,727599
2021-06-15 11:06:57,686.6,727599
2021-06-15 11:06:58,686.65,727600
2021-06-15 11:06:58,686.65,727600
2021-06-15 11:06:59,686.7,727624
2021-06-15 11:07:00,686.65,727653
2021-06-15 11:07:02,686.65,727653
2021-06-15 11:07:03,686.65,727653
2021-06-15 11:07:04,686.65,727677
2021-06-15 11:07:05,686.65,727677
2021-06-15 11:07:06,686.65,727677
2021-06-15 11:07:07,686.65,727680
2021-06-15 11:07:08,686.65,727734
2021-06-15 11:07:08,686.65,727734
2021-06-15 11:07:09,686.65,727734
2021-06-15 11:07:10,686.5,728834
2021-06-15 11:07:11,686.5,728834
2021-06-15 11:07:12,686.55,728835
2021-06-15 11:07:13,686.5,728857
2021-06-15 11:07:14,686.5,728882
2021-06-15 11:07:16,686.5,728910
2021-06-15 11:07:17,686.5,728910
2021-06-15 11:07:18,686.5,728910
2021-06-15 11:07:19,686.6,728919
2021-06-15 11:07:20,686.6,728919
2021-06-15 11:07:21,686.6,728919
2021-06-15 11:07:22,686.5,728930
2021-06-15 11:07:23,686.5,728930
2021-06-15 11:07:24,686.5,728956
2021-06-15 11:07:25,686.5,728957
2021-06-15 11:07:26,686.5,728957
2021-06-15 11:07:27,686.55,728982
2021-06-15 11:07:28,686.5,728994
2021-06-15 11:07:29,686.5,729015
2021-06-15 11:07:30,686.5,729173
2021-06-15 11:07:31,686.55,729176
2021-06-15 11:07:32,686.55,729176
2021-06-15 11:07:33,686.55,729176
2021-06-15 11:07:34,686.6,729269
2021-06-15 11:07:35,686.6,729269
2021-06-15 11:07:36,686.5,729272
2021-06-15 11:07:37,686.65,729290
2021-06-15 11:07:38,686.65,729290
2021-06-15 11:07:40,686.6,729300
2021-06-15 11:07:40,686.6,729302
2021-06-15 11:07:42,686.6,729302
2021-06-15 11:07:43,686.6,729305
2021-06-15 11:07:44,686.7,729475
2021-06-15 11:07:45,686.7,729475
2021-06-15 11:07:45,686.6,729501
2021-06-15 11:07:48,686.6,729501
2021-06-15 11:07:49,686.6,729501
2021-06-15 11:07:50,686.6,729501
2021-06-15 11:07:51,686.6,729504
2021-06-15 11:07:52,686.6,729504
2021-06-15 11:07:53,686.6,729505
2021-06-15 11:07:54,686.6,729530
