timestamp,ltp,volume
2021-06-15 09:15:40,2989.2,7947
2021-06-15 09:15:55,2985.05,9189
2021-06-15 09:15:59,2986.8,9495
2021-06-15 09:16:13,2986.8,10024
2021-06-15 09:16:18,2986.8,10064
2021-06-15 09:16:23,2986.0,10224
2021-06-15 09:16:27,2985.9,10310
2021-06-15 09:16:32,2985.8,10463
2021-06-15 09:16:41,2986.15,11145
2021-06-15 09:16:45,2989.7,11427
2021-06-15 09:16:49,2987.75,12011
2021-06-15 09:16:54,2988.0,12065
2021-06-15 09:17:02,2987.45,12347
2021-06-15 09:17:07,2986.0,12535
2021-06-15 09:17:11,2987.4,12668
2021-06-15 09:17:16,2986.0,12863
2021-06-15 09:17:20,2986.1,13062
2021-06-15 09:17:25,2987.0,13170
2021-06-15 09:17:29,2987.95,13324
2021-06-15 09:17:33,2987.4,13482
2021-06-15 09:17:38,2987.4,13730
2021-06-15 09:17:42,2987.0,14055
2021-06-15 09:17:46,2987.35,14799
2021-06-15 09:17:55,2987.15,15699
2021-06-15 09:17:59,2987.0,15864
2021-06-15 09:18:08,2990.0,16405
2021-06-15 09:18:16,2991.8,16646
2021-06-15 09:18:21,2989.15,16973
2021-06-15 09:18:25,2989.25,17021
2021-06-15 09:18:29,2987.25,17493
2021-06-15 09:18:33,2989.6,17497
2021-06-15 09:18:37,2987.8,18565
2021-06-15 09:18:41,2989.05,18584
2021-06-15 09:18:45,2987.5,18812
2021-06-15 09:18:49,2987.3,18878
2021-06-15 09:18:53,2987.75,19164
2021-06-15 09:18:57,2990.0,19187
2021-06-15 09:19:01,2987.8,19302
2021-06-15 09:19:05,2987.8,19411
2021-06-15 09:19:09,2987.95,19578
2021-06-15 09:19:13,2988.15,19657
2021-06-15 09:19:17,2989.3,20109
2021-06-15 09:19:25,2990.25,20297
2021-06-15 09:19:29,2990.25,20432
2021-06-15 09:19:33,2989.2,21208
2021-06-15 09:19:38,2990.95,21337
2021-06-15 09:19:42,2989.5,21416
2021-06-15 09:19:46,2990.0,21430
2021-06-15 09:19:50,2990.95,21520
2021-06-15 09:19:54,2995.0,22651
2021-06-15 09:19:58,2994.5,23072
2021-06-15 09:20:02,2994.5,23171
2021-06-15 09:20:06,2994.0,23284
2021-06-15 09:20:11,2994.4,23398
2021-06-15 09:20:14,2995.05,23482
2021-06-15 09:20:18,2995.75,23601
2021-06-15 09:20:22,2995.0,24135
2021-06-15 09:20:26,2994.85,24523
2021-06-15 09:20:30,2994.9,24545
2021-06-15 09:20:35,2995.25,24884
2021-06-15 09:20:39,2994.0,25096
2021-06-15 09:20:43,2995.8,25183
2021-06-15 09:20:47,2995.0,25286
2021-06-15 09:20:51,2995.9,25290
2021-06-15 09:20:55,2995.9,25631
2021-06-15 09:20:59,2997.0,25643
2021-06-15 09:21:03,2998.0,25799
2021-06-15 09:21:11,2997.15,25883
2021-06-15 09:21:15,2997.9,26028
2021-06-15 09:21:23,3000.0,28351
2021-06-15 09:21:26,3000.6,28546
2021-06-15 09:21:30,3002.6,29044
2021-06-15 09:21:34,3004.7,29503
2021-06-15 09:21:39,3003.0,29797
2021-06-15 09:21:42,3002.25,30445
2021-06-15 09:21:46,3002.6,30949
2021-06-15 09:21:50,3004.35,31533
2021-06-15 09:21:54,3005.0,31910
2021-06-15 09:21:58,3004.75,32691
2021-06-15 09:22:02,3004.0,32842
2021-06-15 09:22:06,3004.75,33084
2021-06-15 09:22:10,3004.7,33258
2021-06-15 09:22:14,3004.75,33362
2021-06-15 09:22:18,3004.0,33732
2021-06-15 09:22:22,3004.0,33799
2021-06-15 09:22:26,3003.9,34449
2021-06-15 09:22:30,3002.85,34684
2021-06-15 09:22:34,3000.7,34860
2021-06-15 09:22:35,3002.0,34985
2021-06-15 09:22:35,3002.0,34985
2021-06-15 09:22:36,3000.9,35005
2021-06-15 09:22:37,3002.2,35105
2021-06-15 09:22:39,3000.65,35110
2021-06-15 09:22:40,3001.8,35120
2021-06-15 09:22:41,3000.5,35135
2021-06-15 09:22:43,3000.3,35614
2021-06-15 09:22:44,2999.4,35810
2021-06-15 09:22:45,2999.05,35814
2021-06-15 09:22:45,2999.05,35814
2021-06-15 09:22:46,2999.4,35845
2021-06-15 09:22:49,2997.6,35895
2021-06-15 09:22:50,2999.4,35917
2021-06-15 09:22:50,2999.25,35943
2021-06-15 09:22:51,2999.25,35972
2021-06-15 09:22:52,2999.25,35991
2021-06-15 09:22:53,2999.25,35991
2021-06-15 09:22:55,2999.05,36001
2021-06-15 09:22:57,2999.1,36013
2021-06-15 09:22:58,2999.25,36065
2021-06-15 09:22:59,2999.25,36067
2021-06-15 09:23:00,2999.55,36094
2021-06-15 09:23:01,2999.55,36094
2021-06-15 09:23:02,2999.05,36123
2021-06-15 09:23:03,2999.05,36142
2021-06-15 09:23:04,2999.25,36194
2021-06-15 09:23:05,2999.0,36307
2021-06-15 09:23:06,2999.55,36328
2021-06-15 09:23:07,2999.55,36334
2021-06-15 09:23:08,2999.8,36425
2021-06-15 09:23:09,2999.8,36450
2021-06-15 09:23:10,2999.8,36452
2021-06-15 09:23:11,2999.55,36462
2021-06-15 09:23:12,2999.55,36481
2021-06-15 09:23:13,2999.55,36481
2021-06-15 09:23:14,2999.65,36533
2021-06-15 09:23:15,2999.85,36534
2021-06-15 09:23:16,2998.55,36542
2021-06-15 09:23:17,2999.4,36557
2021-06-15 09:23:17,2999.4,36557
2021-06-15 09:23:18,2999.4,36564
2021-06-15 09:23:19,2998.2,36574
2021-06-15 09:23:20,2999.4,36582
2021-06-15 09:23:21,2998.0,36584
2021-06-15 09:23:22,2998.0,36586
2021-06-15 09:23:23,2998.35,36602
2021-06-15 09:23:24,2998.3,36755
2021-06-15 09:23:26,2999.95,36758
2021-06-15 09:23:27,3000.0,36785
2021-06-15 09:23:28,2999.4,36856
2021-06-15 09:23:29,3000.0,36871
2021-06-15 09:23:30,3000.0,36871
2021-06-15 09:23:31,3000.0,36876
2021-06-15 09:23:32,3000.0,36925
2021-06-15 09:23:33,3000.0,36936
2021-06-15 09:23:34,2999.4,36940
2021-06-15 09:23:35,2999.4,37023
2021-06-15 09:23:36,3000.3,37051
2021-06-15 09:23:37,3000.6,37202
2021-06-15 09:23:38,3002.0,37354
2021-06-15 09:23:39,3000.6,37524
2021-06-15 09:23:40,3000.9,37534
2021-06-15 09:23:41,3001.95,37684
2021-06-15 09:23:42,3000.6,37693
2021-06-15 09:23:43,2999.85,37948
2021-06-15 09:23:44,2999.85,37948
2021-06-15 09:23:45,3001.75,37951
2021-06-15 09:23:46,3001.95,37953
2021-06-15 09:23:47,3000.6,38024
2021-06-15 09:23:48,3000.6,38024
2021-06-15 09:23:49,3001.8,38240
2021-06-15 09:23:50,3001.3,38326
2021-06-15 09:23:51,3001.85,38535
2021-06-15 09:23:52,3001.8,38700
2021-06-15 09:23:53,3002.75,38727
2021-06-15 09:23:54,3003.9,38818
2021-06-15 09:23:55,3003.95,38868
2021-06-15 09:23:56,3003.9,38879
2021-06-15 09:23:57,3004.0,38889
2021-06-15 09:23:58,3003.5,38892
2021-06-15 09:23:59,3003.95,38902
2021-06-15 09:24:00,3002.8,38912
2021-06-15 09:24:01,3003.5,38938
2021-06-15 09:24:02,3002.45,38947
2021-06-15 09:24:03,3002.45,38947
2021-06-15 09:24:04,2999.9,40228
2021-06-15 09:24:05,3001.0,40509
2021-06-15 09:24:10,2997.7,42803
2021-06-15 09:24:11,2997.0,42810
2021-06-15 09:24:12,2997.0,42890
2021-06-15 09:24:13,2996.75,42901
2021-06-15 09:24:14,2997.0,42924
2021-06-15 09:24:15,2998.25,43550
2021-06-15 09:24:15,2999.5,43560
2021-06-15 09:24:16,2999.55,43589
2021-06-15 09:24:17,2999.1,43590
2021-06-15 09:24:18,3000.15,43723
2021-06-15 09:24:19,3000.35,43946
2021-06-15 09:24:20,3000.65,43997
2021-06-15 09:24:21,3000.65,44002
2021-06-15 09:24:22,3000.65,44016
2021-06-15 09:24:23,3000.65,44018
2021-06-15 09:24:25,3000.05,44023
2021-06-15 09:24:26,3000.65,44029
2021-06-15 09:24:26,3000.05,44023
2021-06-15 09:24:27,3000.15,44041
2021-06-15 09:24:29,3000.15,44091
2021-06-15 09:24:30,3000.65,44097
2021-06-15 09:24:30,3000.65,44097
2021-06-15 09:24:33,3000.65,44127
2021-06-15 09:24:34,3001.7,44158
2021-06-15 09:24:35,3000.4,44160
2021-06-15 09:24:36,3001.95,44199
2021-06-15 09:24:37,3001.05,44293
2021-06-15 09:24:38,3000.7,44371
2021-06-15 09:24:39,3000.05,44463
2021-06-15 09:24:40,3001.45,44473
2021-06-15 09:24:41,2999.9,44477
2021-06-15 09:24:42,3001.05,44518
2021-06-15 09:24:43,3000.4,44523
2021-06-15 09:24:44,3001.5,44643
2021-06-15 09:24:45,3001.5,44681
2021-06-15 09:24:46,3001.5,44681
2021-06-15 09:24:47,3000.4,44731
2021-06-15 09:24:48,3000.4,44739
2021-06-15 09:24:49,3002.0,44748
2021-06-15 09:24:50,3000.7,44903
2021-06-15 09:24:51,3000.8,44950
2021-06-15 09:24:52,3000.8,44950
2021-06-15 09:24:53,3001.9,44960
2021-06-15 09:24:54,3001.9,44960
2021-06-15 09:24:55,3001.15,44982
2021-06-15 09:24:56,3001.15,44982
2021-06-15 09:24:57,3000.9,45060
2021-06-15 09:24:58,3001.45,45257
2021-06-15 09:24:59,3001.9,45281
2021-06-15 09:25:00,3000.1,45469
2021-06-15 09:25:01,3002.0,45505
2021-06-15 09:25:02,3001.95,45542
2021-06-15 09:25:03,3001.0,45552
2021-06-15 09:25:04,3001.85,45629
2021-06-15 09:25:05,3001.9,45631
2021-06-15 09:25:06,3001.0,45713
2021-06-15 09:25:07,3001.0,45713
2021-06-15 09:25:08,3001.5,45718
2021-06-15 09:25:09,3001.9,45736
2021-06-15 09:25:10,3001.0,45741
2021-06-15 09:25:11,3001.8,45795
2021-06-15 09:25:12,3001.8,45795
2021-06-15 09:25:13,3001.8,45795
2021-06-15 09:25:14,3002.0,45796
2021-06-15 09:25:15,3002.0,45801
2021-06-15 09:25:16,3002.0,45803
2021-06-15 09:25:17,3002.2,45897
2021-06-15 09:25:18,3002.2,45915
2021-06-15 09:25:19,3002.2,45925
2021-06-15 09:25:20,3002.2,45925
2021-06-15 09:25:21,3003.0,46175
2021-06-15 09:25:22,3003.0,46175
2021-06-15 09:25:23,3002.7,46236
2021-06-15 09:25:24,3002.7,46236
2021-06-15 09:25:25,3002.7,46236
2021-06-15 09:25:26,3002.2,46246
2021-06-15 09:25:27,3002.2,46246
2021-06-15 09:25:28,3002.2,46246
2021-06-15 09:25:29,3002.0,46319
2021-06-15 09:25:30,3003.0,46419
2021-06-15 09:25:31,3002.35,46488
2021-06-15 09:25:32,3002.15,46605
2021-06-15 09:25:33,3002.15,46616
2021-06-15 09:25:34,3002.1,46618
2021-06-15 09:25:35,3002.0,47692
2021-06-15 09:25:36,3002.0,47692
2021-06-15 09:25:37,3002.25,47696
2021-06-15 09:25:38,3002.25,47696
2021-06-15 09:25:39,3002.3,47750
2021-06-15 09:25:40,3002.25,47963
2021-06-15 09:25:41,3002.25,47963
2021-06-15 09:25:42,3002.25,47963
2021-06-15 09:25:44,3002.25,48081
2021-06-15 09:25:45,3001.2,48085
2021-06-15 09:25:46,3001.2,48085
2021-06-15 09:25:48,3002.35,48107
2021-06-15 09:25:47,3002.35,48105
2021-06-15 09:25:49,3002.35,48107
2021-06-15 09:25:50,3002.35,48107
2021-06-15 09:25:51,3002.35,48107
2021-06-15 09:25:52,3002.35,48207
2021-06-15 09:25:53,3002.45,48279
2021-06-15 09:25:54,3002.5,48319
2021-06-15 09:25:55,3002.5,48319
2021-06-15 09:25:56,3002.25,48696
2021-06-15 09:25:57,3002.5,48778
2021-06-15 09:25:58,3001.25,48785
2021-06-15 09:25:59,3002.4,48860
2021-06-15 09:26:01,3001.25,48870
2021-06-15 09:26:02,3000.6,48874
2021-06-15 09:26:03,3000.6,48874
2021-06-15 09:26:04,3000.6,48874
2021-06-15 09:26:05,3000.6,48874
2021-06-15 09:26:06,3000.6,48874
2021-06-15 09:26:07,3000.6,48874
2021-06-15 09:26:08,3000.6,48874
2021-06-15 09:26:09,3001.65,48876
2021-06-15 09:26:11,3001.65,48907
2021-06-15 09:26:12,3001.65,48907
2021-06-15 09:26:13,3000.3,48918
2021-06-15 09:26:14,3000.3,48918
2021-06-15 09:26:15,3000.3,49028
2021-06-15 09:26:16,3000.3,49028
2021-06-15 09:26:17,3001.1,49032
2021-06-15 09:26:18,3000.6,49052
2021-06-15 09:26:19,3001.1,49054
2021-06-15 09:26:20,3001.1,49054
2021-06-15 09:26:21,3001.5,49073
2021-06-15 09:26:22,3001.9,49083
2021-06-15 09:26:23,3001.5,49099
2021-06-15 09:26:24,3001.95,49124
2021-06-15 09:26:25,3001.85,49193
2021-06-15 09:26:26,3001.85,49207
2021-06-15 09:26:27,3000.6,49232
2021-06-15 09:26:28,3000.6,49234
2021-06-15 09:26:29,3000.45,49241
2021-06-15 09:26:33,3000.05,49290
2021-06-15 09:26:37,3000.3,49354
2021-06-15 09:26:38,3000.3,49359
2021-06-15 09:26:39,3000.4,49364
2021-06-15 09:26:40,3000.3,49386
2021-06-15 09:26:41,2999.0,49563
2021-06-15 09:26:42,2998.0,49577
2021-06-15 09:26:43,2999.1,49586
2021-06-15 09:26:44,2998.0,49611
2021-06-15 09:26:45,2998.0,49615
2021-06-15 09:26:46,2998.0,49629
2021-06-15 09:26:47,2998.0,49734
2021-06-15 09:26:48,2998.8,49748
2021-06-15 09:26:49,2998.0,49752
2021-06-15 09:26:50,2998.0,49758
2021-06-15 09:26:51,2998.0,49794
2021-06-15 09:26:52,2997.05,49803
2021-06-15 09:26:53,2998.0,49907
2021-06-15 09:26:54,2997.25,49911
2021-06-15 09:26:55,2998.0,49947
2021-06-15 09:26:57,2998.0,49948
2021-06-15 09:26:57,2998.0,49948
2021-06-15 09:26:58,2998.0,49948
2021-06-15 09:26:59,2998.0,49948
2021-06-15 09:27:00,2997.05,50052
2021-06-15 09:27:01,2998.0,50102
2021-06-15 09:27:02,2997.1,50109
2021-06-15 09:27:03,2998.0,50113
2021-06-15 09:27:04,2998.0,50113
2021-06-15 09:27:05,2998.0,50119
2021-06-15 09:27:06,2998.0,50119
2021-06-15 09:27:08,2998.0,50119
2021-06-15 09:27:08,2998.0,50119
2021-06-15 09:27:09,2998.0,50129
2021-06-15 09:27:11,2997.25,50130
2021-06-15 09:27:12,2998.4,50328
2021-06-15 09:27:12,2998.35,50332
2021-06-15 09:27:13,2998.4,50337
2021-06-15 09:27:14,2998.4,50347
2021-06-15 09:27:15,2998.4,50347
2021-06-15 09:27:16,2999.05,50455
2021-06-15 09:27:17,2997.7,50469
2021-06-15 09:27:18,2997.15,50483
2021-06-15 09:27:19,2997.05,50850
2021-06-15 09:27:20,2997.0,51770
2021-06-15 09:27:21,2997.9,51796
2021-06-15 09:27:22,2997.15,51804
2021-06-15 09:27:23,2997.15,51804
2021-06-15 09:27:24,2997.2,51809
2021-06-15 09:27:26,2998.8,51819
2021-06-15 09:27:26,2997.35,51823
2021-06-15 09:27:27,2997.35,51823
2021-06-15 09:27:28,2997.4,51828
2021-06-15 09:27:29,2997.3,52048
2021-06-15 09:27:31,2997.2,52297
2021-06-15 09:27:32,2996.15,52306
2021-06-15 09:27:33,2997.85,52308
2021-06-15 09:27:34,2997.85,52308
2021-06-15 09:27:35,2997.85,52308
2021-06-15 09:27:36,2997.85,52323
2021-06-15 09:27:37,2997.2,52326
2021-06-15 09:27:38,2997.2,52326
2021-06-15 09:27:39,2996.0,52769
2021-06-15 09:27:40,2996.0,52789
2021-06-15 09:27:41,2996.0,52789
2021-06-15 09:27:42,2997.5,52879
2021-06-15 09:27:43,2997.5,52882
2021-06-15 09:27:44,2997.5,52882
2021-06-15 09:27:45,2997.5,52887
2021-06-15 09:27:46,2997.5,52887
2021-06-15 09:27:47,2997.5,52887
2021-06-15 09:27:48,2997.5,52887
2021-06-15 09:27:49,2996.1,52891
2021-06-15 09:27:50,2996.1,52893
2021-06-15 09:27:51,2997.6,52899
2021-06-15 09:27:53,2997.7,52984
2021-06-15 09:27:54,2997.7,52984
2021-06-15 09:27:55,2997.7,52984
2021-06-15 09:27:56,2996.7,53000
2021-06-15 09:27:57,2996.7,53000
2021-06-15 09:27:58,2996.6,53006
2021-06-15 09:27:59,2997.7,53011
2021-06-15 09:28:00,2997.7,53017
2021-06-15 09:28:01,2997.7,53019
2021-06-15 09:28:02,2997.7,53019
2021-06-15 09:28:03,2997.7,53019
2021-06-15 09:28:04,2997.7,53039
2021-06-15 09:28:05,2997.7,53039
2021-06-15 09:28:07,2997.7,53039
2021-06-15 09:28:07,2997.7,53092
2021-06-15 09:28:08,2997.7,53102
2021-06-15 09:28:09,2997.7,53102
2021-06-15 09:28:10,2997.7,53135
2021-06-15 09:28:11,2997.85,53140
2021-06-15 09:28:12,2997.85,53140
2021-06-15 09:28:13,2997.6,53185
2021-06-15 09:28:14,2997.7,53187
2021-06-15 09:28:15,2997.7,53187
2021-06-15 09:28:16,2997.7,53187
2021-06-15 09:28:17,2997.35,53197
2021-06-15 09:28:18,2997.8,53219
2021-06-15 09:28:19,2997.7,53321
2021-06-15 09:28:20,2997.7,53321
2021-06-15 09:28:21,2997.7,53341
2021-06-15 09:28:22,2997.7,53350
2021-06-15 09:28:23,2997.1,53355
2021-06-15 09:28:24,2997.85,53378
2021-06-15 09:28:25,2997.1,53383
2021-06-15 09:28:27,2998.1,53532
2021-06-15 09:28:28,2997.3,53736
2021-06-15 09:28:29,2997.15,53750
2021-06-15 09:28:30,2996.0,53854
2021-06-15 09:28:31,2997.0,53856
2021-06-15 09:28:32,2995.5,53871
2021-06-15 09:28:33,2995.5,53871
2021-06-15 09:28:34,2996.9,53906
2021-06-15 09:28:35,2996.9,53906
2021-06-15 09:28:36,2996.9,53921
2021-06-15 09:28:37,2996.9,53930
2021-06-15 09:28:38,2996.9,53930
2021-06-15 09:28:39,2995.2,53974
2021-06-15 09:28:40,2995.3,53984
2021-06-15 09:28:41,2996.85,54002
2021-06-15 09:28:42,2996.85,54003
2021-06-15 09:28:43,2995.15,54083
2021-06-15 09:28:44,2996.4,54088
2021-06-15 09:28:45,2996.4,54088
2021-06-15 09:28:46,2996.4,54088
2021-06-15 09:28:47,2996.6,54095
2021-06-15 09:28:48,2995.2,54096
2021-06-15 09:28:49,2995.2,54122
2021-06-15 09:28:50,2995.2,54122
2021-06-15 09:28:51,2995.2,54123
2021-06-15 09:28:53,2996.6,54128
2021-06-15 09:28:55,2995.8,54143
2021-06-15 09:28:56,2995.8,54144
2021-06-15 09:28:57,2995.8,54144
2021-06-15 09:28:58,2995.8,54144
2021-06-15 09:28:59,2996.05,54151
2021-06-15 09:28:59,2996.1,54153
2021-06-15 09:29:00,2996.5,54212
2021-06-15 09:29:01,2997.1,54313
2021-06-15 09:29:02,2997.1,54313
2021-06-15 09:29:03,2995.6,54355
2021-06-15 09:29:04,2995.6,54355
2021-06-15 09:29:05,2995.6,54388
2021-06-15 09:29:06,2996.55,54410
2021-06-15 09:29:07,2996.0,54413
2021-06-15 09:29:08,2996.0,54413
2021-06-15 09:29:09,2996.0,54413
2021-06-15 09:29:10,2996.0,54413
2021-06-15 09:29:11,2996.0,54413
2021-06-15 09:29:12,2996.5,54442
2021-06-15 09:29:13,2996.0,54462
2021-06-15 09:29:15,2996.0,54467
2021-06-15 09:29:15,2996.0,54467
2021-06-15 09:29:16,2996.0,54470
2021-06-15 09:29:17,2996.0,54470
2021-06-15 09:29:18,2996.0,54483
2021-06-15 09:29:19,2994.0,55297
2021-06-15 09:29:20,2994.85,55647
2021-06-15 09:29:21,2994.85,55647
2021-06-15 09:29:22,2993.25,55666
2021-06-15 09:29:23,2994.75,55669
2021-06-15 09:29:24,2993.3,55818
2021-06-15 09:29:25,2993.25,55838
2021-06-15 09:29:26,2993.3,55848
2021-06-15 09:29:27,2993.95,55961
2021-06-15 09:29:28,2993.25,55969
2021-06-15 09:29:29,2993.25,56020
2021-06-15 09:29:30,2993.6,56060
2021-06-15 09:29:31,2990.85,56233
2021-06-15 09:29:32,2992.45,56328
2021-06-15 09:29:33,2990.5,56358
2021-06-15 09:29:34,2990.45,56412
2021-06-15 09:29:35,2990.45,56492
2021-06-15 09:29:36,2992.45,56502
2021-06-15 09:29:37,2991.0,56527
2021-06-15 09:29:38,2991.0,56527
2021-06-15 09:29:39,2992.45,56578
2021-06-15 09:29:40,2992.45,56593
2021-06-15 09:29:41,2994.65,56831
2021-06-15 09:29:42,2993.75,56858
2021-06-15 09:29:43,2993.75,56858
2021-06-15 09:29:44,2994.85,56861
2021-06-15 09:29:45,2994.85,56861
2021-06-15 09:29:46,2994.85,56861
2021-06-15 09:29:47,2994.85,56861
2021-06-15 09:29:48,2993.8,56866
2021-06-15 09:29:49,2994.85,56869
2021-06-15 09:29:50,2994.85,56869
2021-06-15 09:29:51,2994.85,56869
2021-06-15 09:29:52,2995.4,57156
2021-06-15 09:29:53,2995.4,57156
2021-06-15 09:29:54,2996.0,57159
2021-06-15 09:29:56,2996.0,57159
2021-06-15 09:29:57,2996.0,57167
2021-06-15 09:29:58,2996.0,57173
2021-06-15 09:29:59,2994.95,57192
2021-06-15 09:30:00,2994.9,57194
2021-06-15 09:30:01,2995.75,57220
2021-06-15 09:30:01,2994.9,57225
2021-06-15 09:30:02,2994.9,57225
2021-06-15 09:30:03,2996.0,57417
2021-06-15 09:30:04,2996.0,57420
2021-06-15 09:30:05,2995.0,57434
2021-06-15 09:30:06,2996.2,57442
2021-06-15 09:30:07,2996.2,57442
2021-06-15 09:30:08,2996.2,57442
2021-06-15 09:30:09,2996.0,57447
2021-06-15 09:30:10,2996.0,57597
2021-06-15 09:30:11,2996.25,57640
2021-06-15 09:30:12,2996.25,57640
2021-06-15 09:30:13,2996.25,57640
2021-06-15 09:30:14,2996.1,57651
2021-06-15 09:30:15,2996.0,57699
2021-06-15 09:30:16,2996.0,57699
2021-06-15 09:30:17,2996.25,57715
2021-06-15 09:30:18,2996.0,57725
2021-06-15 09:30:20,2994.95,57730
2021-06-15 09:30:21,2994.95,57754
2021-06-15 09:30:22,2994.95,57754
2021-06-15 09:30:22,2994.95,57759
2021-06-15 09:30:23,2994.95,57759
2021-06-15 09:30:24,2995.0,57813
2021-06-15 09:30:25,2995.0,57813
2021-06-15 09:30:26,2995.25,57822
2021-06-15 09:30:27,2995.25,57822
2021-06-15 09:30:28,2995.3,57823
2021-06-15 09:30:29,2995.3,57823
2021-06-15 09:30:30,2996.0,57828
2021-06-15 09:30:31,2996.2,57848
2021-06-15 09:30:32,2996.2,57848
2021-06-15 09:30:33,2996.2,57848
2021-06-15 09:30:34,2996.2,57848
2021-06-15 09:30:36,2996.2,57848
2021-06-15 09:30:37,2996.2,57848
2021-06-15 09:30:38,2996.1,57961
2021-06-15 09:30:39,2996.1,57961
2021-06-15 09:30:40,2996.15,57966
2021-06-15 09:30:41,2995.4,58027
2021-06-15 09:30:42,2996.45,58028
2021-06-15 09:30:43,2996.45,58028
2021-06-15 09:30:44,2995.4,58083
2021-06-15 09:30:45,2995.45,58085
2021-06-15 09:30:46,2996.45,58095
2021-06-15 09:30:47,2997.45,59776
2021-06-15 09:30:48,3001.5,59913
2021-06-15 09:30:49,3001.5,59951
2021-06-15 09:30:50,3001.3,60012
2021-06-15 09:30:51,3001.3,60032
2021-06-15 09:30:52,3001.3,60032
2021-06-15 09:30:53,3001.3,60032
2021-06-15 09:30:54,3001.3,60032
2021-06-15 09:30:57,3001.0,60042
2021-06-15 09:30:58,3001.0,60042
2021-06-15 09:30:59,3000.25,60107
2021-06-15 09:31:00,3000.25,60107
2021-06-15 09:31:00,3000.25,60107
2021-06-15 09:31:01,3000.25,60107
2021-06-15 09:31:02,3001.65,60132
2021-06-15 09:31:03,3001.3,60134
2021-06-15 09:31:04,3001.3,60134
2021-06-15 09:31:05,3000.0,60168
2021-06-15 09:31:06,2999.9,60183
2021-06-15 09:31:07,2999.9,60183
2021-06-15 09:31:08,2999.9,60183
2021-06-15 09:31:09,2999.85,60192
2021-06-15 09:31:11,2999.85,60196
2021-06-15 09:31:11,2998.15,60203
2021-06-15 09:31:12,2998.15,60203
2021-06-15 09:31:13,2998.15,60208
2021-06-15 09:31:14,2998.15,60214
2021-06-15 09:31:15,2999.1,60264
2021-06-15 09:31:16,2999.35,60289
2021-06-15 09:31:17,2998.15,60295
2021-06-15 09:31:18,2999.25,60300
2021-06-15 09:31:19,2999.25,60300
2021-06-15 09:31:20,2999.1,60312
2021-06-15 09:31:21,2999.1,60312
2021-06-15 09:31:22,2999.1,60312
2021-06-15 09:31:23,2998.45,60313
2021-06-15 09:31:24,3000.0,60364
2021-06-15 09:31:25,3000.0,60364
2021-06-15 09:31:26,3000.0,60364
2021-06-15 09:31:27,2998.8,60370
2021-06-15 09:31:28,2998.8,60370
2021-06-15 09:31:29,2998.8,60370
2021-06-15 09:31:31,2998.8,60370
2021-06-15 09:31:31,2998.8,60370
2021-06-15 09:31:32,2998.8,60370
2021-06-15 09:31:34,2998.8,60370
2021-06-15 09:31:35,2998.5,60427
2021-06-15 09:31:36,2999.1,60453
2021-06-15 09:31:37,2999.1,60453
2021-06-15 09:31:38,2998.5,60462
2021-06-15 09:31:39,2998.5,60462
2021-06-15 09:31:40,2998.45,60466
2021-06-15 09:31:41,2998.45,60466
2021-06-15 09:31:42,2998.55,60471
2021-06-15 09:31:43,2999.1,60548
2021-06-15 09:31:44,2999.1,60548
2021-06-15 09:31:45,2999.1,60548
2021-06-15 09:31:46,2998.35,60552
2021-06-15 09:31:47,2999.35,60602
2021-06-15 09:31:48,2998.35,60633
2021-06-15 09:31:49,2997.7,60763
2021-06-15 09:31:50,2997.7,60789
2021-06-15 09:31:51,2997.65,60795
2021-06-15 09:31:52,2997.65,60795
2021-06-15 09:31:53,2996.45,60796
2021-06-15 09:31:54,2997.55,60810
2021-06-15 09:31:55,2995.7,60870
2021-06-15 09:31:56,2995.7,60875
2021-06-15 09:31:57,2997.25,60877
2021-06-15 09:31:58,2997.25,60877
2021-06-15 09:31:59,2997.55,60878
2021-06-15 09:31:59,2997.55,60878
2021-06-15 09:32:00,2997.55,60878
2021-06-15 09:32:01,2996.3,60882
2021-06-15 09:32:02,2996.3,60882
2021-06-15 09:32:03,2996.3,60907
2021-06-15 09:32:04,2996.25,60912
2021-06-15 09:32:06,2996.25,60912
2021-06-15 09:32:07,2996.3,60921
2021-06-15 09:32:08,2999.95,62374
2021-06-15 09:32:09,2999.0,62378
2021-06-15 09:32:10,2999.0,62378
2021-06-15 09:32:11,2999.0,62380
2021-06-15 09:32:12,2999.0,62380
2021-06-15 09:32:13,2999.0,62380
2021-06-15 09:32:14,2999.9,62390
2021-06-15 09:32:15,2999.9,62406
2021-06-15 09:32:16,2999.9,62406
2021-06-15 09:32:17,2999.85,62434
2021-06-15 09:32:18,3000.0,62621
2021-06-15 09:32:19,2999.75,62645
2021-06-15 09:32:19,2999.75,62645
2021-06-15 09:32:20,2999.75,62645
2021-06-15 09:32:21,2999.75,62645
2021-06-15 09:32:22,2999.9,62733
2021-06-15 09:32:23,2999.95,62758
2021-06-15 09:32:24,2999.95,62758
2021-06-15 09:32:25,2999.9,62770
2021-06-15 09:32:26,2999.9,62770
2021-06-15 09:32:27,2999.9,62780
2021-06-15 09:32:29,2999.9,62809
2021-06-15 09:32:30,2999.9,62814
2021-06-15 09:32:31,3000.0,62820
2021-06-15 09:32:32,3000.0,63000
2021-06-15 09:32:33,2999.0,63087
2021-06-15 09:32:34,2998.2,63167
2021-06-15 09:32:35,2999.0,63172
2021-06-15 09:32:36,2999.65,63173
2021-06-15 09:32:37,2999.65,63182
2021-06-15 09:32:38,2999.65,63182
2021-06-15 09:32:39,2999.0,63191
2021-06-15 09:32:40,2999.0,63191
2021-06-15 09:32:41,2998.0,63201
2021-06-15 09:32:43,2999.05,63209
2021-06-15 09:32:44,2999.05,63209
2021-06-15 09:32:45,2999.05,63209
2021-06-15 09:32:47,2999.05,63209
2021-06-15 09:32:48,2999.05,63209
2021-06-15 09:32:48,2999.05,63209
2021-06-15 09:32:50,2998.75,63395
2021-06-15 09:32:51,2997.4,63409
2021-06-15 09:32:52,2997.4,63409
2021-06-15 09:32:54,2997.5,63501
2021-06-15 09:32:55,2997.4,63561
2021-06-15 09:32:57,2997.4,63561
2021-06-15 09:32:58,2997.4,63561
2021-06-15 09:32:59,2997.0,63571
2021-06-15 09:33:00,2997.0,63573
2021-06-15 09:33:03,2996.45,63597
2021-06-15 09:33:04,2996.45,63601
2021-06-15 09:33:05,2996.45,63601
2021-06-15 09:33:06,2996.45,63603
2021-06-15 09:33:07,2996.45,63603
2021-06-15 09:33:07,2996.45,63603
2021-06-15 09:33:08,2996.45,63603
2021-06-15 09:33:10,2996.45,63604
2021-06-15 09:33:12,2995.6,63644
2021-06-15 09:33:13,2995.6,63644
2021-06-15 09:33:14,2995.6,63644
2021-06-15 09:33:15,2995.6,63644
2021-06-15 09:33:16,2995.6,63644
2021-06-15 09:33:17,2995.6,63644
2021-06-15 09:33:18,2995.5,63678
2021-06-15 09:33:19,2995.5,63678
2021-06-15 09:33:19,2996.1,63680
2021-06-15 09:33:21,2997.05,63690
2021-06-15 09:33:22,2997.05,63690
2021-06-15 09:33:23,2997.05,63690
2021-06-15 09:33:24,2996.1,63692
2021-06-15 09:33:25,2996.1,63692
2021-06-15 09:33:26,2996.1,63707
2021-06-15 09:33:27,2996.1,63709
2021-06-15 09:33:28,2996.1,63711
2021-06-15 09:33:29,2996.1,63711
2021-06-15 09:33:30,2996.1,63711
2021-06-15 09:33:31,2996.1,63738
2021-06-15 09:33:32,2995.65,63746
2021-06-15 09:33:33,2995.45,63788
2021-06-15 09:33:34,2995.1,63791
2021-06-15 09:33:35,2995.1,63794
2021-06-15 09:33:36,2996.3,64191
2021-06-15 09:33:37,2996.3,64191
2021-06-15 09:33:38,2998.1,64285
2021-06-15 09:33:39,2998.1,64285
2021-06-15 09:33:40,2999.0,64304
2021-06-15 09:33:41,2999.0,64304
2021-06-15 09:33:42,2999.0,64304
2021-06-15 09:33:43,2999.8,64330
2021-06-15 09:33:44,2999.8,64355
2021-06-15 09:33:45,2999.8,64385
2021-06-15 09:33:46,2999.8,64385
2021-06-15 09:33:47,2998.85,64388
2021-06-15 09:33:48,2998.85,64388
2021-06-15 09:33:49,2999.95,64390
2021-06-15 09:33:50,2998.35,64393
2021-06-15 09:33:51,2998.35,64393
2021-06-15 09:33:52,2998.35,64393
2021-06-15 09:33:52,2998.35,64393
2021-06-15 09:33:53,2998.35,64393
2021-06-15 09:33:54,2998.35,64393
2021-06-15 09:33:55,2998.55,64398
2021-06-15 09:33:56,2998.55,64398
2021-06-15 09:33:58,2998.55,64398
2021-06-15 09:33:59,2998.55,64398
2021-06-15 09:34:00,2998.55,64398
2021-06-15 09:34:01,2998.55,64398
2021-06-15 09:34:02,2998.55,64398
2021-06-15 09:34:03,2998.55,64398
2021-06-15 09:34:04,2999.0,64400
2021-06-15 09:34:05,2999.0,64400
2021-06-15 09:34:06,2999.0,64401
2021-06-15 09:34:07,2999.0,64430
2021-06-15 09:34:08,2999.0,64430
2021-06-15 09:34:09,2999.0,64455
2021-06-15 09:34:10,2998.0,64457
2021-06-15 09:34:11,2998.0,64457
2021-06-15 09:34:12,2999.0,64466
2021-06-15 09:34:12,2999.0,64466
2021-06-15 09:34:15,2998.2,64470
2021-06-15 09:34:16,2998.0,64472
2021-06-15 09:34:17,2998.0,64473
2021-06-15 09:34:18,2998.0,64473
2021-06-15 09:34:19,2998.0,64473
2021-06-15 09:34:20,2999.0,64488
2021-06-15 09:34:21,2999.0,64556
2021-06-15 09:34:22,2999.0,64556
2021-06-15 09:34:23,2999.0,64558
2021-06-15 09:34:24,2998.0,64608
2021-06-15 09:34:25,2998.75,64611
2021-06-15 09:34:25,2998.75,64611
2021-06-15 09:34:26,2998.75,64611
2021-06-15 09:34:27,2998.0,64621
2021-06-15 09:34:29,2998.0,64623
2021-06-15 09:34:30,2998.0,64623
2021-06-15 09:34:30,2999.0,64663
2021-06-15 09:34:31,2995.0,64963
2021-06-15 09:34:33,2997.4,65057
2021-06-15 09:34:34,2997.2,65059
2021-06-15 09:34:35,2997.2,65059
2021-06-15 09:34:36,2995.65,65069
2021-06-15 09:34:37,2997.2,65077
2021-06-15 09:34:38,2997.2,65077
2021-06-15 09:34:39,2997.2,65077
2021-06-15 09:34:40,2997.2,65077
2021-06-15 09:34:41,2995.95,65127
2021-06-15 09:34:43,2997.55,65181
2021-06-15 09:34:43,2997.55,65181
2021-06-15 09:34:44,2997.55,65181
2021-06-15 09:34:45,2997.55,65181
2021-06-15 09:34:47,2996.05,65191
2021-06-15 09:34:48,2996.05,65191
2021-06-15 09:34:50,2996.05,65191
2021-06-15 09:34:52,2995.9,65213
2021-06-15 09:34:53,2997.3,65235
2021-06-15 09:34:54,2997.3,65235
2021-06-15 09:34:56,2997.3,65235
2021-06-15 09:34:57,2996.15,65240
2021-06-15 09:34:58,2996.15,65240
2021-06-15 09:34:59,2996.15,65240
2021-06-15 09:34:59,2996.15,65240
2021-06-15 09:35:01,2996.1,65544
2021-06-15 09:35:02,2996.1,65544
2021-06-15 09:35:03,2996.1,65550
2021-06-15 09:35:04,2996.1,65550
2021-06-15 09:35:05,2996.1,65550
2021-06-15 09:35:06,2996.1,65550
2021-06-15 09:35:07,2995.1,65604
2021-06-15 09:35:08,2995.1,65604
2021-06-15 09:35:09,2995.1,65605
2021-06-15 09:35:10,2995.1,65606
2021-06-15 09:35:11,2996.15,65656
2021-06-15 09:35:12,2996.15,65656
2021-06-15 09:35:13,2995.1,65666
2021-06-15 09:35:14,2995.05,65707
2021-06-15 09:35:15,2995.05,65707
2021-06-15 09:35:16,2995.05,65707
2021-06-15 09:35:17,2995.5,65712
2021-06-15 09:35:18,2995.5,65712
2021-06-15 09:35:19,2996.2,65722
2021-06-15 09:35:20,2996.2,65722
2021-06-15 09:35:21,2996.2,65722
2021-06-15 09:35:22,2996.2,65722
2021-06-15 09:35:23,2996.2,65722
2021-06-15 09:35:25,2996.2,65722
2021-06-15 09:35:28,2996.4,65816
2021-06-15 09:35:29,2996.4,65816
2021-06-15 09:35:30,2996.4,65816
2021-06-15 09:35:31,2997.0,65829
2021-06-15 09:35:32,2997.0,65834
2021-06-15 09:35:34,2997.0,65857
2021-06-15 09:35:35,2997.4,65907
2021-06-15 09:35:36,2997.4,65907
2021-06-15 09:35:37,2997.4,65907
2021-06-15 09:35:38,2997.4,65912
2021-06-15 09:35:39,2997.4,65912
2021-06-15 09:35:40,2997.4,65920
2021-06-15 09:35:41,2997.4,65930
2021-06-15 09:35:42,2997.4,65930
2021-06-15 09:35:44,2997.4,65937
2021-06-15 09:35:45,2997.75,65977
2021-06-15 09:35:46,2997.75,65977
2021-06-15 09:35:47,2997.75,65977
2021-06-15 09:35:48,2997.75,65977
2021-06-15 09:35:49,2997.75,65977
2021-06-15 09:35:50,2997.75,65977
2021-06-15 09:35:51,2997.75,65977
2021-06-15 09:35:52,2997.75,65997
2021-06-15 09:35:53,2997.75,65997
2021-06-15 09:35:54,2997.75,65997
2021-06-15 09:35:55,2998.05,66088
2021-06-15 09:35:56,2998.05,66089
2021-06-15 09:35:58,2998.05,66091
2021-06-15 09:35:59,2998.05,66091
2021-06-15 09:36:01,2997.75,66141
2021-06-15 09:36:02,2997.75,66141
2021-06-15 09:36:03,2997.75,66141
2021-06-15 09:36:04,2996.6,66142
2021-06-15 09:36:05,2996.6,66142
2021-06-15 09:36:06,2996.6,66142
2021-06-15 09:36:07,2996.6,66142
2021-06-15 09:36:08,2997.9,66144
2021-06-15 09:36:09,2997.9,66144
2021-06-15 09:36:10,2997.9,66144
2021-06-15 09:36:11,2997.9,66149
2021-06-15 09:36:12,2997.9,66149
2021-06-15 09:36:13,2996.75,66159
2021-06-15 09:36:15,2996.75,66159
2021-06-15 09:36:16,2997.9,66168
2021-06-15 09:36:17,2997.9,66168
2021-06-15 09:36:18,2997.9,66168
2021-06-15 09:36:19,2997.9,66168
2021-06-15 09:36:20,2997.9,66168
2021-06-15 09:36:22,2997.9,66168
2021-06-15 09:36:23,2997.9,66168
2021-06-15 09:36:24,2997.9,66168
2021-06-15 09:36:25,2997.9,66168
2021-06-15 09:36:26,2996.7,66219
2021-06-15 09:36:27,2996.7,66221
2021-06-15 09:36:28,2996.7,66221
2021-06-15 09:36:29,2997.9,66321
2021-06-15 09:36:30,2997.9,66321
2021-06-15 09:36:31,2996.6,66576
2021-06-15 09:36:32,2997.0,66601
2021-06-15 09:36:33,2995.8,66661
2021-06-15 09:36:34,2995.55,66662
2021-06-15 09:36:35,2995.55,66669
2021-06-15 09:36:36,2995.55,66669
2021-06-15 09:36:37,2995.7,66670
2021-06-15 09:36:38,2995.7,66670
2021-06-15 09:36:39,2995.5,66674
2021-06-15 09:36:40,2995.7,66679
2021-06-15 09:36:41,2995.7,66679
2021-06-15 09:36:42,2995.7,66679
2021-06-15 09:36:43,2995.7,66679
2021-06-15 09:36:44,2996.3,66684
2021-06-15 09:36:45,2995.75,66686
2021-06-15 09:36:46,2996.3,66690
2021-06-15 09:36:47,2996.3,66691
2021-06-15 09:36:48,2996.3,66691
2021-06-15 09:36:49,2996.65,66701
2021-06-15 09:36:50,2996.65,66701
2021-06-15 09:36:51,2996.65,66701
2021-06-15 09:36:55,2995.7,66759
2021-06-15 09:36:56,2995.7,66759
2021-06-15 09:36:57,2995.7,66759
2021-06-15 09:36:58,2995.7,66759
2021-06-15 09:36:59,2996.65,66762
2021-06-15 09:37:00,2996.65,66762
2021-06-15 09:37:01,2996.65,66762
2021-06-15 09:37:02,2996.0,66763
2021-06-15 09:37:03,2996.0,66763
2021-06-15 09:37:04,2995.75,66773
2021-06-15 09:37:05,2996.0,66777
2021-06-15 09:37:07,2996.0,66777
2021-06-15 09:37:08,2996.0,66778
2021-06-15 09:37:09,2996.0,66778
2021-06-15 09:37:10,2995.75,66816
2021-06-15 09:37:11,2995.75,66816
2021-06-15 09:37:13,2995.75,66816
2021-06-15 09:37:14,2996.0,67061
2021-06-15 09:37:14,2996.0,67063
2021-06-15 09:37:15,2996.0,67063
2021-06-15 09:37:16,2995.75,67064
2021-06-15 09:37:17,2995.75,67064
2021-06-15 09:37:18,2995.75,67064
2021-06-15 09:37:19,2996.0,67069
2021-06-15 09:37:20,2996.0,67069
2021-06-15 09:37:21,2996.0,67244
2021-06-15 09:37:22,2995.45,67444
2021-06-15 09:37:23,2995.45,67444
2021-06-15 09:37:25,2996.35,67445
2021-06-15 09:37:26,2996.35,67450
2021-06-15 09:37:27,2996.35,67450
2021-06-15 09:37:28,2996.35,67450
2021-06-15 09:37:29,2996.35,67450
2021-06-15 09:37:30,2996.35,67450
2021-06-15 09:37:31,2996.35,67450
2021-06-15 09:37:32,2995.2,67500
2021-06-15 09:37:33,2995.2,67500
2021-06-15 09:37:36,2995.2,67500
2021-06-15 09:37:40,2995.15,67534
2021-06-15 09:37:43,2995.2,67544
2021-06-15 09:37:47,2995.15,67550
2021-06-15 09:37:50,2995.0,67786
2021-06-15 09:37:54,2995.0,68095
2021-06-15 09:37:58,2995.0,68272
2021-06-15 09:38:02,2995.0,68336
2021-06-15 09:38:05,2995.0,68344
2021-06-15 09:38:09,2996.0,68353
2021-06-15 09:38:12,2995.9,68363
2021-06-15 09:38:16,2995.0,68377
2021-06-15 09:38:23,2995.0,68430
2021-06-15 09:38:26,2995.0,68430
2021-06-15 09:38:29,2996.0,68534
2021-06-15 09:38:33,2996.0,68534
2021-06-15 09:38:36,2996.0,68534
2021-06-15 09:38:40,2995.05,68578
2021-06-15 09:38:43,2995.05,68587
2021-06-15 09:38:46,2995.9,68617
2021-06-15 09:38:49,2995.05,68687
2021-06-15 09:38:52,2995.05,68688
2021-06-15 09:38:59,2995.0,68746
2021-06-15 09:39:02,2995.0,68746
2021-06-15 09:39:05,2995.0,68796
2021-06-15 09:39:09,2995.0,68796
2021-06-15 09:39:12,2995.0,68830
2021-06-15 09:39:15,2995.0,68830
2021-06-15 09:39:19,2995.0,68830
2021-06-15 09:39:22,2994.9,69080
2021-06-15 09:39:25,2994.9,69301
2021-06-15 09:39:28,2994.0,69327
2021-06-15 09:39:31,2993.15,69387
2021-06-15 09:39:34,2993.6,69416
2021-06-15 09:39:38,2993.6,69416
2021-06-15 09:39:41,2993.0,69455
2021-06-15 09:39:44,2993.05,69504
2021-06-15 09:39:48,2992.75,69526
2021-06-15 09:39:51,2993.2,69552
2021-06-15 09:39:55,2992.8,69591
2021-06-15 09:39:58,2992.85,69599
2021-06-15 09:40:02,2992.8,69609
2021-06-15 09:40:05,2992.2,70061
2021-06-15 09:40:09,2992.0,70159
2021-06-15 09:40:12,2992.0,70206
2021-06-15 09:40:19,2991.1,70592
2021-06-15 09:40:23,2991.05,70603
2021-06-15 09:40:26,2991.05,70603
2021-06-15 09:40:29,2991.25,70657
2021-06-15 09:40:33,2992.15,70680
2021-06-15 09:40:36,2991.25,70790
2021-06-15 09:40:39,2991.25,70797
2021-06-15 09:40:43,2992.15,70820
2021-06-15 09:40:46,2992.2,70821
2021-06-15 09:40:49,2991.3,70853
2021-06-15 09:40:53,2992.95,70903
2021-06-15 09:40:56,2991.6,70923
2021-06-15 09:41:00,2992.75,71032
2021-06-15 09:41:03,2991.05,71041
2021-06-15 09:41:07,2991.35,71047
2021-06-15 09:41:10,2992.0,71102
2021-06-15 09:41:14,2992.0,71113
2021-06-15 09:41:17,2992.0,71113
2021-06-15 09:41:20,2992.0,71113
2021-06-15 09:41:23,2991.35,71287
2021-06-15 09:41:26,2991.3,71323
2021-06-15 09:41:30,2992.45,71423
2021-06-15 09:41:33,2991.95,71436
2021-06-15 09:41:36,2991.95,71466
2021-06-15 09:41:40,2991.05,71516
2021-06-15 09:41:43,2991.95,71526
2021-06-15 09:41:46,2991.95,71527
2021-06-15 09:41:49,2991.95,71527
2021-06-15 09:41:53,2991.9,71529
2021-06-15 09:41:56,2991.1,71546
2021-06-15 09:41:59,2991.3,71559
2021-06-15 09:42:03,2991.9,71574
2021-06-15 09:42:06,2991.9,71576
2021-06-15 09:42:09,2991.9,71581
2021-06-15 09:42:12,2991.9,71581
2021-06-15 09:42:15,2991.9,71636
2021-06-15 09:42:18,2991.1,71883
2021-06-15 09:42:21,2991.9,71918
2021-06-15 09:42:25,2991.0,72136
2021-06-15 09:42:28,2991.75,72173
2021-06-15 09:42:30,2991.1,72398
2021-06-15 09:42:34,2991.3,72718
2021-06-15 09:42:37,2989.95,73145
2021-06-15 09:42:40,2989.25,73157
2021-06-15 09:42:43,2989.25,73393
2021-06-15 09:42:47,2989.4,73407
2021-06-15 09:42:50,2990.0,73418
2021-06-15 09:42:53,2990.35,73469
2021-06-15 09:42:56,2990.4,73508
2021-06-15 09:43:00,2990.45,73538
2021-06-15 09:43:03,2990.45,73538
2021-06-15 09:43:06,2990.45,73551
2021-06-15 09:43:12,2987.65,73978
2021-06-15 09:43:16,2987.7,74782
2021-06-15 09:43:19,2987.7,74787
2021-06-15 09:43:22,2987.75,74819
2021-06-15 09:43:25,2986.0,75431
2021-06-15 09:43:28,2988.1,75522
2021-06-15 09:43:31,2988.9,75526
2021-06-15 09:43:35,2989.9,75576
2021-06-15 09:43:38,2983.5,79024
2021-06-15 09:43:41,2981.4,79639
2021-06-15 09:43:45,2982.5,79855
2021-06-15 09:43:48,2981.45,79988
2021-06-15 09:43:51,2979.0,81019
2021-06-15 09:43:55,2980.8,81232
2021-06-15 09:43:58,2982.05,81490
2021-06-15 09:44:05,2984.75,81599
2021-06-15 09:44:08,2985.6,81650
2021-06-15 09:44:11,2986.2,81789
2021-06-15 09:44:14,2985.6,81814
2021-06-15 09:44:17,2985.85,81842
2021-06-15 09:44:20,2985.0,81936
2021-06-15 09:44:23,2985.2,82026
2021-06-15 09:44:27,2985.0,82114
2021-06-15 09:44:30,2985.2,82173
2021-06-15 09:44:32,2985.0,82199
2021-06-15 09:44:36,2985.2,82386
2021-06-15 09:44:39,2983.8,82811
2021-06-15 09:44:42,2982.0,83022
2021-06-15 09:44:45,2982.0,83103
2021-06-15 09:44:51,2984.15,83885
2021-06-15 09:44:54,2983.45,83927
2021-06-15 09:44:57,2983.45,84001
2021-06-15 09:44:59,2982.45,84061
2021-06-15 09:45:02,2983.45,84097
2021-06-15 09:45:05,2982.7,84157
2021-06-15 09:45:08,2983.45,84282
2021-06-15 09:45:12,2983.35,84285
2021-06-15 09:45:15,2983.75,84829
2021-06-15 09:45:17,2985.0,84944
2021-06-15 09:45:20,2985.0,84950
2021-06-15 09:45:23,2985.0,84965
2021-06-15 09:45:27,2985.0,84990
2021-06-15 09:45:31,2983.45,85054
2021-06-15 09:45:34,2984.4,85075
2021-06-15 09:45:38,2984.65,85095
2021-06-15 09:45:41,2984.4,85096
2021-06-15 09:45:44,2984.9,85296
2021-06-15 09:45:47,2984.9,85296
2021-06-15 09:45:50,2984.9,85343
2021-06-15 09:45:53,2984.9,85443
2021-06-15 09:45:56,2985.0,85458
2021-06-15 09:45:59,2985.0,86099
2021-06-15 09:46:03,2985.0,86110
2021-06-15 09:46:06,2985.8,86149
2021-06-15 09:46:09,2986.35,86204
2021-06-15 09:46:12,2986.45,86222
2021-06-15 09:46:15,2986.45,86263
2021-06-15 09:46:18,2986.55,86264
2021-06-15 09:46:21,2986.7,86275
2021-06-15 09:46:24,2986.7,86290
2021-06-15 09:46:27,2986.3,86365
2021-06-15 09:46:30,2985.0,87511
2021-06-15 09:46:33,2985.0,87511
2021-06-15 09:46:36,2985.3,87528
2021-06-15 09:46:39,2985.05,87531
2021-06-15 09:46:42,2986.0,87646
2021-06-15 09:46:45,2985.05,87648
2021-06-15 09:46:48,2986.3,87675
2021-06-15 09:46:51,2984.4,88533
2021-06-15 09:46:54,2984.9,88634
2021-06-15 09:47:00,2986.0,90227
2021-06-15 09:47:03,2985.8,90242
2021-06-15 09:47:06,2984.5,90257
2021-06-15 09:47:09,2986.85,90815
2021-06-15 09:47:12,2986.3,90816
2021-06-15 09:47:16,2986.85,90847
2021-06-15 09:47:19,2987.6,90849
2021-06-15 09:47:22,2988.0,91047
2021-06-15 09:47:25,2988.4,91050
2021-06-15 09:47:28,2988.8,91089
2021-06-15 09:47:31,2989.0,91189
2021-06-15 09:47:34,2988.8,91190
2021-06-15 09:47:35,2988.8,91191
2021-06-15 09:47:36,2988.8,91191
2021-06-15 09:47:37,2988.8,91193
2021-06-15 09:47:38,2988.8,91193
2021-06-15 09:47:39,2988.0,91293
2021-06-15 09:47:40,2988.8,91303
2021-06-15 09:47:42,2988.8,91306
2021-06-15 09:47:43,2988.8,91306
2021-06-15 09:47:44,2988.8,91306
2021-06-15 09:47:45,2989.0,91357
2021-06-15 09:47:45,2989.0,91357
2021-06-15 09:47:46,2989.0,91357
2021-06-15 09:47:50,2988.0,91607
2021-06-15 09:47:51,2988.0,91607
2021-06-15 09:47:52,2988.0,91607
2021-06-15 09:47:53,2988.0,91607
2021-06-15 09:47:54,2989.25,91619
2021-06-15 09:47:56,2989.05,91644
2021-06-15 09:47:57,2989.6,91647
2021-06-15 09:47:58,2989.6,91647
2021-06-15 09:48:01,2989.65,91730
2021-06-15 09:48:06,2989.9,92256
2021-06-15 09:48:07,2989.9,92256
2021-06-15 09:48:08,2991.1,92266
2021-06-15 09:48:09,2991.1,92266
2021-06-15 09:48:12,2990.0,92321
2021-06-15 09:48:13,2990.0,92321
2021-06-15 09:48:14,2990.0,92321
2021-06-15 09:48:15,2990.0,92321
2021-06-15 09:48:16,2990.0,92321
2021-06-15 09:48:17,2990.0,92321
2021-06-15 09:48:18,2990.15,92322
2021-06-15 09:48:19,2990.15,92322
2021-06-15 09:48:20,2990.15,92322
2021-06-15 09:48:21,2990.9,92323
2021-06-15 09:48:22,2990.9,92323
2021-06-15 09:48:23,2990.3,92329
2021-06-15 09:48:24,2990.3,92329
2021-06-15 09:48:25,2990.3,92339
2021-06-15 09:48:26,2990.9,92395
2021-06-15 09:48:27,2990.9,92400
2021-06-15 09:48:28,2990.9,92400
2021-06-15 09:48:29,2991.0,92401
2021-06-15 09:48:31,2989.35,94680
2021-06-15 09:48:32,2989.35,94680
2021-06-15 09:48:32,2989.35,94680
2021-06-15 09:48:33,2989.45,94681
2021-06-15 09:48:34,2989.45,94681
2021-06-15 09:48:35,2989.5,94716
2021-06-15 09:48:36,2989.35,94717
2021-06-15 09:48:37,2989.35,94717
2021-06-15 09:48:38,2989.35,94717
2021-06-15 09:48:40,2989.4,94742
2021-06-15 09:48:41,2989.4,94742
2021-06-15 09:48:42,2988.2,94802
2021-06-15 09:48:43,2986.5,94821
2021-06-15 09:48:44,2985.0,94896
2021-06-15 09:48:45,2986.5,94897
2021-06-15 09:48:46,2986.55,94987
2021-06-15 09:48:47,2986.55,94987
2021-06-15 09:48:48,2986.45,95022
2021-06-15 09:48:49,2986.45,95022
2021-06-15 09:48:50,2986.45,95022
2021-06-15 09:48:51,2986.45,95022
2021-06-15 09:48:52,2986.4,95047
2021-06-15 09:48:53,2986.4,95047
2021-06-15 09:48:54,2986.4,95051
2021-06-15 09:48:55,2986.4,95051
2021-06-15 09:48:56,2985.6,95055
2021-06-15 09:48:57,2986.4,95086
2021-06-15 09:48:59,2986.4,95086
2021-06-15 09:48:59,2986.4,95086
2021-06-15 09:49:01,2986.4,95086
2021-06-15 09:49:01,2986.4,95086
2021-06-15 09:49:03,2986.4,95086
2021-06-15 09:49:04,2986.95,95089
2021-06-15 09:49:04,2986.95,95089
2021-06-15 09:49:06,2988.8,95233
2021-06-15 09:49:08,2987.35,95243
2021-06-15 09:49:08,2987.35,95243
2021-06-15 09:49:09,2989.05,95245
2021-06-15 09:49:10,2988.2,95647
2021-06-15 09:49:11,2987.85,95657
2021-06-15 09:49:12,2987.85,95659
2021-06-15 09:49:14,2987.85,95659
2021-06-15 09:49:16,2987.85,95659
2021-06-15 09:49:17,2987.85,95659
2021-06-15 09:49:18,2989.1,95684
2021-06-15 09:49:19,2987.7,95704
2021-06-15 09:49:20,2987.7,95704
2021-06-15 09:49:22,2987.05,95877
2021-06-15 09:49:23,2987.05,95877
2021-06-15 09:49:24,2987.05,95877
2021-06-15 09:49:25,2987.05,95877
2021-06-15 09:49:26,2986.7,95885
2021-06-15 09:49:27,2986.7,95885
2021-06-15 09:49:28,2986.7,95885
2021-06-15 09:49:29,2986.7,95885
2021-06-15 09:49:30,2986.7,95885
2021-06-15 09:49:31,2986.7,95885
2021-06-15 09:49:32,2987.1,95890
2021-06-15 09:49:33,2986.05,95906
2021-06-15 09:49:34,2986.05,95906
2021-06-15 09:49:35,2986.0,95942
2021-06-15 09:49:36,2987.1,95946
2021-06-15 09:49:37,2987.1,95946
2021-06-15 09:49:38,2986.0,95986
2021-06-15 09:49:39,2987.65,96090
2021-06-15 09:49:40,2987.65,96090
2021-06-15 09:49:41,2987.65,96090
2021-06-15 09:49:42,2986.0,96119
2021-06-15 09:49:43,2986.0,96119
2021-06-15 09:49:44,2986.0,96123
2021-06-15 09:49:45,2986.05,96158
2021-06-15 09:49:47,2987.05,96160
2021-06-15 09:49:48,2987.05,96160
2021-06-15 09:49:50,2987.05,96161
2021-06-15 09:49:51,2987.05,96161
2021-06-15 09:49:52,2986.95,96196
2021-06-15 09:49:53,2986.95,96196
2021-06-15 09:49:54,2986.95,96196
2021-06-15 09:49:55,2987.1,96246
2021-06-15 09:49:56,2986.45,96285
2021-06-15 09:49:56,2987.35,96290
2021-06-15 09:49:57,2987.35,96290
2021-06-15 09:49:58,2987.35,96290
2021-06-15 09:49:59,2987.4,96350
2021-06-15 09:50:00,2987.4,96350
2021-06-15 09:50:01,2987.4,96350
2021-06-15 09:50:02,2987.0,96365
2021-06-15 09:50:03,2986.4,96370
2021-06-15 09:50:04,2986.4,96370
2021-06-15 09:50:06,2986.4,96370
2021-06-15 09:50:06,2987.0,96372
2021-06-15 09:50:07,2987.0,96372
2021-06-15 09:50:09,2986.8,96387
2021-06-15 09:50:10,2987.4,96388
2021-06-15 09:50:10,2987.4,96388
2021-06-15 09:50:11,2986.8,96391
2021-06-15 09:50:13,2986.8,96392
2021-06-15 09:50:13,2986.8,96392
2021-06-15 09:50:15,2986.8,96392
2021-06-15 09:50:16,2987.75,96412
2021-06-15 09:50:17,2986.05,96750
2021-06-15 09:50:18,2986.0,96754
2021-06-15 09:50:19,2985.65,96757
2021-06-15 09:50:21,2987.05,96967
2021-06-15 09:50:22,2987.05,96967
2021-06-15 09:50:24,2987.05,96967
2021-06-15 09:50:25,2987.05,96967
2021-06-15 09:50:26,2985.75,97086
2021-06-15 09:50:27,2985.75,97086
2021-06-15 09:50:29,2985.75,97086
2021-06-15 09:50:30,2987.45,97261
2021-06-15 09:50:31,2987.45,97261
2021-06-15 09:50:32,2987.3,97311
2021-06-15 09:50:33,2987.3,97311
2021-06-15 09:50:34,2986.0,97322
2021-06-15 09:50:35,2986.0,97322
2021-06-15 09:50:36,2986.0,97323
2021-06-15 09:50:36,2986.0,97323
2021-06-15 09:50:37,2986.0,97323
2021-06-15 09:50:39,2986.0,97323
2021-06-15 09:50:40,2987.7,97368
2021-06-15 09:50:42,2987.7,97369
2021-06-15 09:50:43,2987.3,97389
2021-06-15 09:50:44,2987.3,97389
2021-06-15 09:50:45,2987.3,97389
2021-06-15 09:50:46,2987.3,97389
2021-06-15 09:50:46,2987.3,97389
2021-06-15 09:50:47,2987.3,97389
2021-06-15 09:50:48,2987.3,97389
2021-06-15 09:50:49,2987.3,97399
2021-06-15 09:50:50,2987.3,97399
2021-06-15 09:50:51,2987.3,97399
2021-06-15 09:50:52,2987.3,97399
2021-06-15 09:50:53,2987.3,97399
2021-06-15 09:50:54,2987.3,97399
2021-06-15 09:50:55,2987.3,97399
2021-06-15 09:50:56,2987.3,97399
2021-06-15 09:51:00,2987.6,97621
2021-06-15 09:51:01,2986.0,97724
2021-06-15 09:51:02,2986.0,97810
2021-06-15 09:51:03,2986.0,97810
2021-06-15 09:51:04,2986.0,97810
2021-06-15 09:51:05,2984.8,98616
2021-06-15 09:51:05,2986.0,97810
2021-06-15 09:51:06,2984.8,98748
2021-06-15 09:51:07,2984.8,98748
2021-06-15 09:51:08,2984.8,98748
2021-06-15 09:51:09,2986.05,98759
2021-06-15 09:51:10,2986.05,98759
2021-06-15 09:51:11,2986.0,99759
2021-06-15 09:51:12,2986.0,99759
2021-06-15 09:51:13,2986.0,99759
2021-06-15 09:51:14,2986.0,99759
2021-06-15 09:51:15,2986.0,99759
2021-06-15 09:51:16,2986.0,99759
2021-06-15 09:51:17,2986.05,99766
2021-06-15 09:51:18,2985.0,99801
2021-06-15 09:51:19,2985.0,99801
2021-06-15 09:51:20,2985.05,99804
2021-06-15 09:51:21,2986.4,99854
2021-06-15 09:51:22,2986.4,99854
2021-06-15 09:51:23,2985.25,99859
2021-06-15 09:51:24,2985.25,99864
2021-06-15 09:51:25,2986.3,99880
2021-06-15 09:51:26,2986.05,99885
2021-06-15 09:51:27,2986.0,99961
2021-06-15 09:51:29,2986.0,99967
2021-06-15 09:51:30,2986.0,99967
2021-06-15 09:51:31,2986.7,99976
2021-06-15 09:51:32,2986.7,99976
2021-06-15 09:51:33,2986.05,99977
2021-06-15 09:51:34,2986.05,99977
2021-06-15 09:51:35,2986.05,99987
2021-06-15 09:51:36,2986.05,99987
2021-06-15 09:51:37,2986.05,99987
2021-06-15 09:51:38,2986.05,99987
2021-06-15 09:51:39,2986.05,99987
2021-06-15 09:51:40,2986.05,99987
2021-06-15 09:51:41,2986.05,100011
2021-06-15 09:51:42,2986.05,100016
2021-06-15 09:51:43,2986.55,100020
2021-06-15 09:51:44,2986.45,100079
2021-06-15 09:51:45,2986.85,100224
2021-06-15 09:51:46,2986.85,100224
2021-06-15 09:51:47,2986.85,100224
2021-06-15 09:51:49,2986.85,100224
2021-06-15 09:51:50,2986.5,100249
2021-06-15 09:51:51,2986.5,100249
2021-06-15 09:51:52,2986.5,100249
2021-06-15 09:51:54,2986.5,100249
2021-06-15 09:51:55,2986.5,100249
2021-06-15 09:51:56,2986.15,100251
2021-06-15 09:51:57,2986.15,100251
2021-06-15 09:51:58,2986.15,100251
2021-06-15 09:51:59,2986.15,100256
2021-06-15 09:52:00,2986.15,100257
2021-06-15 09:52:00,2986.15,100257
2021-06-15 09:52:01,2985.15,100267
2021-06-15 09:52:02,2985.15,100267
2021-06-15 09:52:03,2986.15,100270
2021-06-15 09:52:04,2986.15,100270
2021-06-15 09:52:05,2986.15,100270
2021-06-15 09:52:06,2986.15,100270
2021-06-15 09:52:07,2986.15,100270
2021-06-15 09:52:08,2986.15,100270
2021-06-15 09:52:09,2986.15,100270
2021-06-15 09:52:11,2987.0,101439
2021-06-15 09:52:12,2987.0,101439
2021-06-15 09:52:13,2987.65,101489
2021-06-15 09:52:14,2987.65,101489
2021-06-15 09:52:15,2987.3,101496
2021-06-15 09:52:17,2987.2,101507
2021-06-15 09:52:18,2987.2,101507
2021-06-15 09:52:20,2987.2,101512
2021-06-15 09:52:21,2987.0,101638
2021-06-15 09:52:22,2987.0,101638
2021-06-15 09:52:23,2987.0,101693
2021-06-15 09:52:24,2987.0,101693
2021-06-15 09:52:25,2987.0,101721
2021-06-15 09:52:26,2987.0,101721
2021-06-15 09:52:27,2987.0,101721
2021-06-15 09:52:27,2987.0,101791
2021-06-15 09:52:28,2987.0,101791
2021-06-15 09:52:30,2987.0,101793
2021-06-15 09:52:32,2987.0,101802
2021-06-15 09:52:32,2987.0,101802
2021-06-15 09:52:33,2987.0,101802
2021-06-15 09:52:35,2987.0,101811
2021-06-15 09:52:36,2987.0,101861
2021-06-15 09:52:37,2987.0,101861
2021-06-15 09:52:38,2987.0,101861
2021-06-15 09:52:38,2987.0,101861
2021-06-15 09:52:39,2987.0,101861
2021-06-15 09:52:41,2987.0,101861
2021-06-15 09:52:42,2987.0,101863
2021-06-15 09:52:43,2987.0,101863
2021-06-15 09:52:44,2986.15,101883
2021-06-15 09:52:45,2986.15,101883
2021-06-15 09:52:46,2986.15,101883
2021-06-15 09:52:48,2986.15,101883
2021-06-15 09:52:48,2986.15,101883
2021-06-15 09:52:49,2986.15,101883
2021-06-15 09:52:51,2986.15,101883
2021-06-15 09:52:52,2986.15,101883
2021-06-15 09:52:53,2986.15,101883
2021-06-15 09:52:54,2986.15,101883
2021-06-15 09:52:55,2987.05,101983
2021-06-15 09:52:56,2987.05,101999
2021-06-15 09:52:57,2987.05,101999
2021-06-15 09:52:58,2986.05,102051
2021-06-15 09:53:00,2986.05,102051
2021-06-15 09:53:01,2986.05,102051
2021-06-15 09:53:02,2986.05,102051
2021-06-15 09:53:02,2986.05,102051
2021-06-15 09:53:03,2986.05,102051
2021-06-15 09:53:05,2986.05,102051
2021-06-15 09:53:06,2986.05,102051
2021-06-15 09:53:07,2986.05,102051
2021-06-15 09:53:08,2986.05,102051
2021-06-15 09:53:10,2986.05,102051
2021-06-15 09:53:11,2987.05,102069
2021-06-15 09:53:11,2987.05,102069
2021-06-15 09:53:12,2987.05,102069
2021-06-15 09:53:13,2987.05,102069
2021-06-15 09:53:15,2987.05,102069
2021-06-15 09:53:16,2987.05,102069
2021-06-15 09:53:17,2987.05,102069
2021-06-15 09:53:18,2986.95,102077
2021-06-15 09:53:19,2986.95,102084
2021-06-15 09:53:20,2986.95,102093
2021-06-15 09:53:21,2986.95,102093
2021-06-15 09:53:22,2986.95,102093
2021-06-15 09:53:23,2986.95,102093
2021-06-15 09:53:26,2986.95,102094
2021-06-15 09:53:27,2986.95,102110
2021-06-15 09:53:27,2986.95,102110
2021-06-15 09:53:28,2986.95,102110
2021-06-15 09:53:29,2986.2,102111
2021-06-15 09:53:30,2986.2,102113
2021-06-15 09:53:31,2986.2,102126
2021-06-15 09:53:32,2986.2,102126
2021-06-15 09:53:33,2986.2,102126
2021-06-15 09:53:34,2986.2,102126
2021-06-15 09:53:35,2986.2,102126
2021-06-15 09:53:37,2986.05,102132
2021-06-15 09:53:38,2986.05,102132
2021-06-15 09:53:39,2985.65,102332
2021-06-15 09:53:40,2985.65,102332
2021-06-15 09:53:41,2986.85,102336
2021-06-15 09:53:42,2986.85,102346
2021-06-15 09:53:43,2986.85,102346
2021-06-15 09:53:44,2986.85,102346
2021-06-15 09:53:44,2986.85,102346
2021-06-15 09:53:45,2986.85,102346
2021-06-15 09:53:46,2986.85,102346
2021-06-15 09:53:48,2986.85,102346
2021-06-15 09:53:48,2986.85,102346
2021-06-15 09:53:49,2986.65,102348
2021-06-15 09:53:50,2986.65,102348
2021-06-15 09:53:51,2986.2,102349
2021-06-15 09:53:52,2985.65,102399
2021-06-15 09:53:53,2985.65,102399
2021-06-15 09:53:54,2985.65,102399
2021-06-15 09:53:55,2985.05,102439
2021-06-15 09:53:56,2985.05,102439
2021-06-15 09:53:57,2985.05,102439
2021-06-15 09:53:58,2985.35,102454
2021-06-15 09:53:59,2985.35,102454
2021-06-15 09:54:00,2986.0,102512
2021-06-15 09:54:01,2986.6,102547
2021-06-15 09:54:02,2986.6,102547
2021-06-15 09:54:03,2986.6,102547
2021-06-15 09:54:04,2986.6,102547
2021-06-15 09:54:06,2985.3,102637
2021-06-15 09:54:07,2985.55,102710
2021-06-15 09:54:08,2985.55,102737
2021-06-15 09:54:09,2985.55,102737
2021-06-15 09:54:10,2985.55,102737
2021-06-15 09:54:11,2985.55,102762
2021-06-15 09:54:12,2985.55,102763
2021-06-15 09:54:13,2985.6,102863
2021-06-15 09:54:14,2986.6,102888
2021-06-15 09:54:15,2986.6,102891
2021-06-15 09:54:16,2986.85,102952
2021-06-15 09:54:17,2985.65,103052
2021-06-15 09:54:18,2987.0,103067
2021-06-15 09:54:19,2987.0,103067
2021-06-15 09:54:20,2987.0,103067
2021-06-15 09:54:20,2987.25,103181
2021-06-15 09:54:21,2987.25,103181
2021-06-15 09:54:23,2987.1,103182
2021-06-15 09:54:24,2987.5,103183
2021-06-15 09:54:25,2988.0,103233
2021-06-15 09:54:27,2988.0,103233
2021-06-15 09:54:26,2988.0,103233
2021-06-15 09:54:28,2987.35,103247
2021-06-15 09:54:28,2987.35,103247
2021-06-15 09:54:29,2987.35,103250
2021-06-15 09:54:30,2987.3,103257
2021-06-15 09:54:32,2987.3,103257
2021-06-15 09:54:34,2987.0,103307
2021-06-15 09:54:34,2987.0,103307
2021-06-15 09:54:35,2986.65,103421
2021-06-15 09:54:36,2986.65,103421
2021-06-15 09:54:37,2986.65,103421
2021-06-15 09:54:39,2987.3,103426
2021-06-15 09:54:40,2987.3,103426
2021-06-15 09:54:41,2986.15,103471
2021-06-15 09:54:42,2986.15,103471
2021-06-15 09:54:43,2986.15,103471
2021-06-15 09:54:44,2986.15,103476
2021-06-15 09:54:45,2985.65,104126
2021-06-15 09:54:45,2985.65,104126
2021-06-15 09:54:47,2986.55,104159
2021-06-15 09:54:48,2986.55,104159
2021-06-15 09:54:49,2986.5,104169
2021-06-15 09:54:49,2986.5,104169
2021-06-15 09:54:50,2985.6,104174
2021-06-15 09:54:51,2985.6,104174
2021-06-15 09:54:53,2986.1,104411
2021-06-15 09:54:54,2986.0,104432
2021-06-15 09:54:55,2986.0,104433
2021-06-15 09:54:56,2986.0,104433
2021-06-15 09:54:57,2986.0,104433
2021-06-15 09:54:58,2984.75,104499
2021-06-15 09:54:59,2984.75,104499
2021-06-15 09:55:00,2984.75,104499
2021-06-15 09:55:01,2986.5,104579
2021-06-15 09:55:02,2986.5,104581
2021-06-15 09:55:03,2986.5,104581
2021-06-15 09:55:04,2986.5,104581
2021-06-15 09:55:05,2986.5,104581
2021-06-15 09:55:05,2986.5,104581
2021-06-15 09:55:06,2985.3,104582
2021-06-15 09:55:09,2986.5,104640
2021-06-15 09:55:10,2986.5,104945
2021-06-15 09:55:11,2986.5,104945
2021-06-15 09:55:12,2986.5,104945
2021-06-15 09:55:13,2986.5,104945
2021-06-15 09:55:14,2986.45,104955
2021-06-15 09:55:15,2986.45,104955
2021-06-15 09:55:16,2986.45,104977
2021-06-15 09:55:16,2985.35,104978
2021-06-15 09:55:17,2986.0,105207
2021-06-15 09:55:19,2985.35,105232
2021-06-15 09:55:19,2986.5,105233
2021-06-15 09:55:21,2986.4,105234
2021-06-15 09:55:22,2986.4,105235
2021-06-15 09:55:23,2986.4,105235
2021-06-15 09:55:25,2986.4,105235
2021-06-15 09:55:27,2986.05,105260
2021-06-15 09:55:28,2986.05,105260
2021-06-15 09:55:29,2986.05,105260
2021-06-15 09:55:30,2986.05,105260
2021-06-15 09:55:31,2986.05,105260
2021-06-15 09:55:32,2986.05,105260
2021-06-15 09:55:33,2986.0,105280
2021-06-15 09:55:34,2986.0,105280
2021-06-15 09:55:35,2986.0,105280
2021-06-15 09:55:36,2986.25,105300
2021-06-15 09:55:37,2986.25,105322
2021-06-15 09:55:38,2986.25,105322
2021-06-15 09:55:39,2986.25,105322
2021-06-15 09:55:40,2986.25,105322
2021-06-15 09:55:41,2986.25,105323
2021-06-15 09:55:42,2986.0,105328
2021-06-15 09:55:43,2986.0,105328
2021-06-15 09:55:44,2986.0,105328
2021-06-15 09:55:45,2986.0,105328
2021-06-15 09:55:46,2986.0,105654
2021-06-15 09:55:47,2986.0,105654
2021-06-15 09:55:48,2986.0,105654
2021-06-15 09:55:49,2986.1,105659
2021-06-15 09:55:49,2986.1,105659
2021-06-15 09:55:52,2986.15,106408
2021-06-15 09:55:53,2986.15,106408
2021-06-15 09:55:54,2986.35,106415
2021-06-15 09:55:55,2986.4,106418
2021-06-15 09:55:57,2986.05,106419
2021-06-15 09:55:58,2986.05,106419
2021-06-15 09:55:59,2986.05,106425
2021-06-15 09:56:00,2986.05,106475
2021-06-15 09:56:01,2986.05,106475
2021-06-15 09:56:02,2986.05,106475
2021-06-15 09:56:03,2986.05,106475
2021-06-15 09:56:04,2986.05,106475
2021-06-15 09:56:05,2986.05,106475
2021-06-15 09:56:05,2986.4,106476
2021-06-15 09:56:08,2986.95,106526
2021-06-15 09:56:09,2986.95,106526
2021-06-15 09:56:10,2986.35,106529
2021-06-15 09:56:11,2986.35,106529
2021-06-15 09:56:12,2986.95,106531
2021-06-15 09:56:13,2986.95,106531
2021-06-15 09:56:14,2986.95,106581
2021-06-15 09:56:15,2986.95,106581
2021-06-15 09:56:16,2986.95,106581
2021-06-15 09:56:17,2986.9,106582
2021-06-15 09:56:18,2986.9,106582
2021-06-15 09:56:19,2986.9,106582
2021-06-15 09:56:21,2986.9,106582
2021-06-15 09:56:22,2986.9,106582
2021-06-15 09:56:23,2986.9,106582
2021-06-15 09:56:24,2986.8,106585
2021-06-15 09:56:25,2986.05,106590
2021-06-15 09:56:26,2986.65,106591
2021-06-15 09:56:27,2986.65,106591
2021-06-15 09:56:28,2986.75,106592
2021-06-15 09:56:29,2986.75,106601
2021-06-15 09:56:30,2986.3,106602
2021-06-15 09:56:31,2986.3,106602
2021-06-15 09:56:32,2986.3,106602
2021-06-15 09:56:33,2986.3,106602
2021-06-15 09:56:34,2986.3,106602
2021-06-15 09:56:35,2986.3,106602
2021-06-15 09:56:36,2986.3,106602
2021-06-15 09:56:37,2986.3,106602
2021-06-15 09:56:38,2987.35,106630
2021-06-15 09:56:39,2987.35,106630
2021-06-15 09:56:40,2987.35,106630
2021-06-15 09:56:41,2987.05,106930
2021-06-15 09:56:42,2987.05,106930
2021-06-15 09:56:43,2987.05,106930
2021-06-15 09:56:44,2984.5,107635
2021-06-15 09:56:45,2984.5,107635
2021-06-15 09:56:46,2984.5,107635
2021-06-15 09:56:47,2986.55,107636
2021-06-15 09:56:48,2986.55,107636
2021-06-15 09:56:49,2986.55,107636
2021-06-15 09:56:50,2986.55,107636
2021-06-15 09:56:51,2986.55,107636
2021-06-15 09:56:52,2986.55,107636
2021-06-15 09:56:53,2986.55,107636
2021-06-15 09:56:54,2984.7,107676
2021-06-15 09:56:55,2984.7,107676
2021-06-15 09:56:56,2984.7,107676
2021-06-15 09:56:57,2984.7,107676
2021-06-15 09:56:59,2986.05,107727
2021-06-15 09:56:58,2986.05,107727
2021-06-15 09:57:00,2984.85,107732
2021-06-15 09:57:01,2986.55,107832
2021-06-15 09:57:02,2986.55,107843
2021-06-15 09:57:03,2986.55,107844
2021-06-15 09:57:04,2986.55,107854
2021-06-15 09:57:05,2986.55,107854
2021-06-15 09:57:06,2986.55,107854
2021-06-15 09:57:07,2986.55,107854
2021-06-15 09:57:08,2986.55,107854
2021-06-15 09:57:09,2986.55,107854
2021-06-15 09:57:10,2986.55,107861
2021-06-15 09:57:11,2985.25,107871
2021-06-15 09:57:13,2985.25,107871
2021-06-15 09:57:14,2986.25,107872
2021-06-15 09:57:15,2986.25,107873
2021-06-15 09:57:16,2986.25,107873
2021-06-15 09:57:17,2986.25,107873
2021-06-15 09:57:18,2986.25,107873
2021-06-15 09:57:19,2986.25,107873
2021-06-15 09:57:21,2986.25,107873
2021-06-15 09:57:23,2986.25,107873
2021-06-15 09:57:24,2986.25,107873
2021-06-15 09:57:25,2986.45,107878
2021-06-15 09:57:26,2986.45,107878
2021-06-15 09:57:27,2986.45,107879
2021-06-15 09:57:28,2986.25,107881
2021-06-15 09:57:29,2986.45,107906
2021-06-15 09:57:30,2986.0,107918
2021-06-15 09:57:31,2986.4,107925
2021-06-15 09:57:33,2986.6,108043
2021-06-15 09:57:32,2986.6,108043
2021-06-15 09:57:34,2986.55,108044
2021-06-15 09:57:35,2986.55,108044
2021-06-15 09:57:36,2986.0,108059
2021-06-15 09:57:37,2986.0,108063
2021-06-15 09:57:38,2986.0,108063
2021-06-15 09:57:39,2986.4,108064
2021-06-15 09:57:40,2986.4,108064
2021-06-15 09:57:41,2986.4,108075
2021-06-15 09:57:42,2986.4,108075
2021-06-15 09:57:43,2986.4,108156
2021-06-15 09:57:44,2986.4,108156
2021-06-15 09:57:45,2986.4,108156
2021-06-15 09:57:46,2985.7,108168
2021-06-15 09:57:47,2985.6,108176
2021-06-15 09:57:48,2985.6,108176
2021-06-15 09:57:49,2985.6,108176
2021-06-15 09:57:50,2985.55,108184
2021-06-15 09:57:52,2985.55,108184
2021-06-15 09:57:54,2985.35,108206
2021-06-15 09:57:55,2985.55,108210
2021-06-15 09:57:57,2985.55,108210
2021-06-15 09:57:58,2985.55,108210
2021-06-15 09:57:59,2985.6,108222
2021-06-15 09:58:00,2985.55,108258
2021-06-15 09:58:01,2985.55,108258
2021-06-15 09:58:03,2985.55,108259
2021-06-15 09:58:02,2985.55,108258
2021-06-15 09:58:04,2986.3,108310
2021-06-15 09:58:05,2986.3,108310
2021-06-15 09:58:06,2986.3,108320
2021-06-15 09:58:07,2986.3,108320
2021-06-15 09:58:08,2986.3,108320
2021-06-15 09:58:09,2985.35,108630
2021-06-15 09:58:10,2986.1,108631
2021-06-15 09:58:11,2985.85,108670
2021-06-15 09:58:13,2986.1,108769
2021-06-15 09:58:14,2986.1,108794
2021-06-15 09:58:15,2986.1,108794
2021-06-15 09:58:17,2985.35,108798
2021-06-15 09:58:18,2985.35,108810
2021-06-15 09:58:19,2985.35,108810
2021-06-15 09:58:21,2985.35,108830
2021-06-15 09:58:22,2986.0,108887
2021-06-15 09:58:23,2986.0,108954
2021-06-15 09:58:24,2986.0,109022
2021-06-15 09:58:26,2986.05,109042
2021-06-15 09:58:27,2986.05,109042
2021-06-15 09:58:28,2986.0,109112
2021-06-15 09:58:28,2985.25,109113
2021-06-15 09:58:29,2985.25,109113
2021-06-15 09:58:30,2985.2,109117
2021-06-15 09:58:31,2985.15,109132
2021-06-15 09:58:32,2985.25,109155
2021-06-15 09:58:33,2986.0,109174
2021-06-15 09:58:35,2986.0,109174
2021-06-15 09:58:36,2986.0,109174
2021-06-15 09:58:36,2986.0,109174
2021-06-15 09:58:38,2986.0,109174
2021-06-15 09:58:39,2986.0,109174
2021-06-15 09:58:40,2986.05,109307
2021-06-15 09:58:41,2986.05,109307
2021-06-15 09:58:41,2986.05,109307
2021-06-15 09:58:43,2986.05,109307
2021-06-15 09:58:44,2986.3,109331
2021-06-15 09:58:45,2986.3,109331
2021-06-15 09:58:47,2986.3,109331
2021-06-15 09:58:48,2986.0,109335
2021-06-15 09:58:48,2986.05,109345
2021-06-15 09:58:50,2986.05,109357
2021-06-15 09:58:51,2986.05,109441
2021-06-15 09:58:52,2986.05,109441
2021-06-15 09:58:53,2986.05,109441
2021-06-15 09:58:54,2986.05,109441
2021-06-15 09:58:55,2986.05,109441
2021-06-15 09:58:56,2986.25,109468
2021-06-15 09:58:57,2985.55,109470
2021-06-15 09:58:58,2986.3,109495
2021-06-15 09:59:00,2985.6,109502
2021-06-15 09:59:02,2985.6,109502
2021-06-15 09:59:02,2986.45,109505
2021-06-15 09:59:03,2986.45,109517
2021-06-15 09:59:04,2986.55,109629
2021-06-15 09:59:05,2986.55,109629
2021-06-15 09:59:06,2986.55,109629
2021-06-15 09:59:07,2986.55,109629
2021-06-15 09:59:08,2986.55,109629
2021-06-15 09:59:10,2986.55,109629
2021-06-15 09:59:11,2986.55,109629
2021-06-15 09:59:12,2986.9,109630
2021-06-15 09:59:13,2986.2,109658
2021-06-15 09:59:15,2987.0,109981
2021-06-15 09:59:16,2987.0,109981
2021-06-15 09:59:17,2987.0,109981
2021-06-15 09:59:18,2987.0,109982
2021-06-15 09:59:19,2987.0,109982
2021-06-15 09:59:20,2986.8,110022
2021-06-15 09:59:21,2986.8,110022
2021-06-15 09:59:22,2986.25,110025
2021-06-15 09:59:23,2985.7,110225
2021-06-15 09:59:25,2986.75,110226
2021-06-15 09:59:26,2986.75,110226
2021-06-15 09:59:26,2986.75,110226
2021-06-15 09:59:27,2986.75,110226
2021-06-15 09:59:28,2986.55,110227
2021-06-15 09:59:29,2986.55,110227
2021-06-15 09:59:30,2986.55,110227
2021-06-15 09:59:32,2985.4,110234
2021-06-15 09:59:33,2985.4,110234
2021-06-15 09:59:34,2985.4,110234
2021-06-15 09:59:34,2985.4,110234
2021-06-15 09:59:35,2985.7,110254
2021-06-15 09:59:37,2985.7,110254
2021-06-15 09:59:37,2985.7,110254
2021-06-15 09:59:38,2985.7,110254
2021-06-15 09:59:39,2985.7,110254
2021-06-15 09:59:40,2985.7,110254
2021-06-15 09:59:41,2986.95,110294
2021-06-15 09:59:42,2986.95,110299
2021-06-15 09:59:43,2986.95,110299
2021-06-15 09:59:44,2985.85,110302
2021-06-15 09:59:45,2985.85,110302
2021-06-15 09:59:46,2986.95,110377
2021-06-15 09:59:47,2986.95,110377
2021-06-15 09:59:48,2986.95,110377
2021-06-15 09:59:49,2986.5,110403
2021-06-15 09:59:50,2986.5,110405
2021-06-15 09:59:51,2985.95,110415
2021-06-15 09:59:52,2985.95,110415
2021-06-15 09:59:53,2985.95,110415
2021-06-15 09:59:54,2985.95,110415
2021-06-15 09:59:55,2985.95,110415
2021-06-15 09:59:56,2986.5,110416
2021-06-15 09:59:57,2986.5,110416
2021-06-15 09:59:58,2986.5,110423
2021-06-15 10:00:00,2986.5,110434
2021-06-15 10:00:01,2986.5,110439
2021-06-15 10:00:02,2986.5,110444
2021-06-15 10:00:03,2986.5,110444
2021-06-15 10:00:04,2986.5,110444
2021-06-15 10:00:05,2986.5,110444
2021-06-15 10:00:06,2986.5,110444
2021-06-15 10:00:07,2986.5,110454
2021-06-15 10:00:08,2986.5,110454
2021-06-15 10:00:10,2986.5,110454
2021-06-15 10:00:11,2986.5,110454
2021-06-15 10:00:12,2986.5,110454
2021-06-15 10:00:13,2986.5,110454
2021-06-15 10:00:14,2986.5,110464
2021-06-15 10:00:14,2986.5,110464
2021-06-15 10:00:16,2986.5,110464
2021-06-15 10:00:16,2986.5,110464
2021-06-15 10:00:18,2986.5,110466
2021-06-15 10:00:19,2986.5,110466
2021-06-15 10:00:20,2986.5,110466
2021-06-15 10:00:20,2986.5,110466
2021-06-15 10:00:21,2986.1,110792
2021-06-15 10:00:22,2985.95,111092
2021-06-15 10:00:23,2985.95,111092
2021-06-15 10:00:24,2986.0,111094
2021-06-15 10:00:25,2986.0,111094
2021-06-15 10:00:27,2986.4,111151
2021-06-15 10:00:28,2986.4,111151
2021-06-15 10:00:31,2986.5,111156
2021-06-15 10:00:33,2986.5,111156
2021-06-15 10:00:34,2986.5,111156
2021-06-15 10:00:35,2986.5,111181
2021-06-15 10:00:36,2986.5,111181
2021-06-15 10:00:37,2986.5,111181
2021-06-15 10:00:38,2986.5,111181
2021-06-15 10:00:39,2986.55,111206
2021-06-15 10:00:41,2986.55,111206
2021-06-15 10:00:41,2986.5,111256
2021-06-15 10:00:43,2986.5,111262
2021-06-15 10:00:44,2986.5,111262
2021-06-15 10:00:46,2986.5,111262
2021-06-15 10:00:46,2986.5,111262
2021-06-15 10:00:47,2986.5,111262
2021-06-15 10:00:49,2986.5,111262
2021-06-15 10:00:49,2986.5,111268
2021-06-15 10:00:50,2986.5,111268
2021-06-15 10:00:52,2986.5,111288
2021-06-15 10:00:52,2986.5,111288
2021-06-15 10:00:54,2986.5,111293
2021-06-15 10:00:55,2986.0,111399
2021-06-15 10:00:56,2986.35,111400
2021-06-15 10:00:57,2986.9,111418
2021-06-15 10:00:58,2985.95,111431
2021-06-15 10:00:59,2985.95,111431
2021-06-15 10:01:01,2985.55,111447
2021-06-15 10:01:02,2985.55,111447
2021-06-15 10:01:04,2985.55,111447
2021-06-15 10:01:05,2986.0,111448
2021-06-15 10:01:06,2986.0,111448
2021-06-15 10:01:07,2986.0,111448
2021-06-15 10:01:08,2986.0,111449
2021-06-15 10:01:09,2985.6,111898
2021-06-15 10:01:10,2985.7,112101
2021-06-15 10:01:11,2985.7,112178
2021-06-15 10:01:12,2986.0,112856
2021-06-15 10:01:13,2986.0,112856
2021-06-15 10:01:14,2985.65,112871
2021-06-15 10:01:15,2986.65,112908
2021-06-15 10:01:16,2986.65,112908
2021-06-15 10:01:17,2986.65,112908
2021-06-15 10:01:18,2986.65,112908
2021-06-15 10:01:19,2986.65,112908
2021-06-15 10:01:20,2986.65,112908
2021-06-15 10:01:21,2986.6,112918
2021-06-15 10:01:22,2986.6,112918
2021-06-15 10:01:23,2986.6,112918
2021-06-15 10:01:24,2986.6,112918
2021-06-15 10:01:25,2986.6,112918
2021-06-15 10:01:27,2986.6,112918
2021-06-15 10:01:27,2986.6,112918
2021-06-15 10:01:29,2986.6,112918
2021-06-15 10:01:30,2986.6,112918
2021-06-15 10:01:31,2986.6,112918
2021-06-15 10:01:32,2986.6,112918
2021-06-15 10:01:32,2986.6,112918
2021-06-15 10:01:33,2986.6,112918
2021-06-15 10:01:34,2986.6,112918
2021-06-15 10:01:35,2986.6,112918
2021-06-15 10:01:36,2986.6,112918
2021-06-15 10:01:37,2986.45,112923
2021-06-15 10:01:38,2986.45,112923
2021-06-15 10:01:39,2986.45,112923
2021-06-15 10:01:40,2986.45,112923
2021-06-15 10:01:41,2986.45,112923
2021-06-15 10:01:42,2986.4,112926
2021-06-15 10:01:44,2986.4,112926
2021-06-15 10:01:44,2986.4,112973
2021-06-15 10:01:46,2986.4,112973
2021-06-15 10:01:48,2986.45,112980
2021-06-15 10:01:48,2986.45,112980
2021-06-15 10:01:50,2986.45,112980
2021-06-15 10:01:52,2986.45,112980
2021-06-15 10:01:54,2986.5,112982
2021-06-15 10:01:56,2986.65,112992
2021-06-15 10:01:57,2986.8,112998
2021-06-15 10:01:58,2986.45,113006
2021-06-15 10:01:59,2986.6,113024
2021-06-15 10:01:59,2986.6,113024
2021-06-15 10:02:00,2986.7,113324
2021-06-15 10:02:01,2986.7,113327
2021-06-15 10:02:02,2986.7,113327
2021-06-15 10:02:04,2986.7,113327
2021-06-15 10:02:05,2986.7,113327
2021-06-15 10:02:06,2986.7,113327
2021-06-15 10:02:06,2986.7,113327
2021-06-15 10:02:07,2986.7,113327
2021-06-15 10:02:08,2986.7,113327
2021-06-15 10:02:09,2986.7,113327
2021-06-15 10:02:10,2986.7,113327
2021-06-15 10:02:11,2986.7,113327
2021-06-15 10:02:12,2986.7,113327
2021-06-15 10:02:13,2986.7,113327
2021-06-15 10:02:15,2987.0,113339
2021-06-15 10:02:16,2987.0,113339
2021-06-15 10:02:17,2986.95,113398
2021-06-15 10:02:19,2986.95,113398
2021-06-15 10:02:20,2986.95,113398
2021-06-15 10:02:22,2986.0,113407
2021-06-15 10:02:22,2986.0,113407
2021-06-15 10:02:23,2986.0,113407
2021-06-15 10:02:24,2986.0,113407
2021-06-15 10:02:26,2986.0,113407
2021-06-15 10:02:26,2986.0,113407
2021-06-15 10:02:27,2986.6,113409
2021-06-15 10:02:28,2986.6,113409
2021-06-15 10:02:30,2986.6,113432
2021-06-15 10:02:32,2986.6,113436
2021-06-15 10:02:33,2986.6,113436
2021-06-15 10:02:34,2987.0,113536
2021-06-15 10:02:34,2987.0,113536
2021-06-15 10:02:35,2987.0,113536
2021-06-15 10:02:36,2987.0,113536
2021-06-15 10:02:38,2987.0,113536
2021-06-15 10:02:39,2986.85,113696
2021-06-15 10:02:40,2986.1,113836
2021-06-15 10:02:40,2986.1,113836
2021-06-15 10:02:41,2986.1,113836
2021-06-15 10:02:42,2986.1,113836
2021-06-15 10:02:44,2986.1,113836
2021-06-15 10:02:45,2986.1,113836
2021-06-15 10:02:46,2987.0,113842
2021-06-15 10:02:47,2987.0,113842
2021-06-15 10:02:48,2987.0,113842
2021-06-15 10:02:49,2987.0,113842
2021-06-15 10:02:51,2987.0,113842
2021-06-15 10:02:53,2986.1,113847
2021-06-15 10:02:54,2987.0,113868
2021-06-15 10:02:55,2987.0,113868
2021-06-15 10:02:56,2987.0,113868
2021-06-15 10:02:57,2987.0,113868
2021-06-15 10:02:58,2987.0,113868
2021-06-15 10:02:59,2987.0,113868
2021-06-15 10:02:59,2986.2,113870
2021-06-15 10:03:00,2986.2,113870
2021-06-15 10:03:02,2986.2,113870
2021-06-15 10:03:04,2986.8,113890
2021-06-15 10:03:05,2986.2,113891
2021-06-15 10:03:06,2986.8,113907
2021-06-15 10:03:07,2986.8,113907
2021-06-15 10:03:08,2986.8,113907
2021-06-15 10:03:09,2986.8,113907
2021-06-15 10:03:11,2986.8,113907
2021-06-15 10:03:13,2986.8,113914
2021-06-15 10:03:14,2986.8,113915
2021-06-15 10:03:16,2986.8,113915
2021-06-15 10:03:18,2986.2,113940
2021-06-15 10:03:19,2986.2,113940
2021-06-15 10:03:20,2986.2,113940
2021-06-15 10:03:22,2986.2,113944
2021-06-15 10:03:21,2986.2,113944
2021-06-15 10:03:23,2986.2,113995
2021-06-15 10:03:25,2986.2,113995
2021-06-15 10:03:25,2986.2,113995
2021-06-15 10:03:26,2986.2,113995
2021-06-15 10:03:28,2986.2,114005
2021-06-15 10:03:29,2986.2,114005
2021-06-15 10:03:30,2986.2,114005
2021-06-15 10:03:31,2986.2,114005
2021-06-15 10:03:32,2986.8,114013
2021-06-15 10:03:33,2986.8,114013
2021-06-15 10:03:35,2986.8,114013
2021-06-15 10:03:37,2986.8,114013
2021-06-15 10:03:37,2986.8,114013
2021-06-15 10:03:40,2986.2,114015
2021-06-15 10:03:41,2986.7,114023
2021-06-15 10:03:41,2986.7,114025
2021-06-15 10:03:43,2986.7,114025
2021-06-15 10:03:44,2986.7,114025
2021-06-15 10:03:45,2986.7,114025
2021-06-15 10:03:46,2986.7,114025
2021-06-15 10:03:47,2986.7,114085
2021-06-15 10:03:47,2986.7,114085
2021-06-15 10:03:49,2986.7,114087
2021-06-15 10:03:50,2986.7,114087
2021-06-15 10:03:51,2986.7,114087
2021-06-15 10:03:52,2986.7,114087
2021-06-15 10:03:53,2986.7,114107
2021-06-15 10:03:54,2986.7,114107
2021-06-15 10:03:56,2986.7,114107
2021-06-15 10:03:57,2986.8,114118
2021-06-15 10:03:58,2986.8,114118
2021-06-15 10:03:58,2986.8,114118
2021-06-15 10:03:59,2986.8,114143
2021-06-15 10:04:01,2987.2,114218
2021-06-15 10:04:02,2987.2,114218
2021-06-15 10:04:03,2987.2,114218
2021-06-15 10:04:04,2987.2,114218
2021-06-15 10:04:05,2987.2,114218
2021-06-15 10:04:05,2987.2,114218
2021-06-15 10:04:06,2987.25,114228
2021-06-15 10:04:07,2987.25,114228
2021-06-15 10:04:08,2987.25,114228
2021-06-15 10:04:10,2987.25,114236
2021-06-15 10:04:11,2987.25,114236
2021-06-15 10:04:12,2987.25,114236
2021-06-15 10:04:13,2987.25,114236
2021-06-15 10:04:14,2987.25,114236
2021-06-15 10:04:15,2987.25,114236
2021-06-15 10:04:16,2987.15,114241
2021-06-15 10:04:16,2986.9,114271
2021-06-15 10:04:17,2986.9,114271
2021-06-15 10:04:18,2986.9,114271
2021-06-15 10:04:19,2986.9,114271
2021-06-15 10:04:20,2986.9,114271
2021-06-15 10:04:21,2986.9,114300
2021-06-15 10:04:22,2986.9,114300
2021-06-15 10:04:25,2986.9,114300
2021-06-15 10:04:26,2986.9,114300
2021-06-15 10:04:28,2986.9,114300
2021-06-15 10:04:29,2986.9,114300
2021-06-15 10:04:30,2986.9,114300
2021-06-15 10:04:32,2986.9,114300
2021-06-15 10:04:33,2986.3,114340
2021-06-15 10:04:34,2986.3,114340
2021-06-15 10:04:35,2986.3,114340
2021-06-15 10:04:36,2986.2,114375
2021-06-15 10:04:37,2986.2,114375
2021-06-15 10:04:38,2986.2,114375
2021-06-15 10:04:40,2986.2,114384
2021-06-15 10:04:41,2986.2,114384
2021-06-15 10:04:42,2986.2,114384
2021-06-15 10:04:43,2986.5,114385
2021-06-15 10:04:44,2986.5,114385
2021-06-15 10:04:45,2986.5,114385
2021-06-15 10:04:46,2986.5,114385
2021-06-15 10:04:47,2986.2,114435
2021-06-15 10:04:47,2986.2,114435
2021-06-15 10:04:48,2986.2,114435
2021-06-15 10:04:49,2986.2,114435
2021-06-15 10:04:50,2986.2,114435
2021-06-15 10:04:51,2986.2,114435
2021-06-15 10:04:53,2986.2,114440
2021-06-15 10:04:54,2986.5,114465
2021-06-15 10:04:55,2986.5,114465
2021-06-15 10:04:56,2986.5,114465
2021-06-15 10:04:57,2986.2,114475
2021-06-15 10:04:58,2986.5,114495
2021-06-15 10:04:59,2986.5,114497
2021-06-15 10:05:00,2986.5,114497
2021-06-15 10:05:01,2986.5,114547
2021-06-15 10:05:02,2986.5,114547
2021-06-15 10:05:03,2986.5,114547
2021-06-15 10:05:04,2986.5,114548
2021-06-15 10:05:06,2986.5,114548
2021-06-15 10:05:07,2986.5,114548
2021-06-15 10:05:08,2986.5,114548
2021-06-15 10:05:09,2986.5,114548
2021-06-15 10:05:11,2986.5,114548
2021-06-15 10:05:13,2986.5,114575
2021-06-15 10:05:14,2986.5,114575
2021-06-15 10:05:16,2986.5,114575
2021-06-15 10:05:17,2986.5,114575
2021-06-15 10:05:18,2986.5,114576
2021-06-15 10:05:19,2986.5,114576
2021-06-15 10:05:20,2986.5,114576
2021-06-15 10:05:22,2986.5,114576
2021-06-15 10:05:25,2986.55,114599
2021-06-15 10:05:26,2986.55,114624
2021-06-15 10:05:27,2986.55,114624
2021-06-15 10:05:28,2986.55,114624
2021-06-15 10:05:29,2986.55,114624
2021-06-15 10:05:30,2986.55,114624
2021-06-15 10:05:31,2986.55,114624
2021-06-15 10:05:32,2986.55,114624
2021-06-15 10:05:33,2986.55,114624
2021-06-15 10:05:34,2986.5,114659
2021-06-15 10:05:34,2986.5,114659
2021-06-15 10:05:36,2986.75,114679
2021-06-15 10:05:37,2986.95,114739
2021-06-15 10:05:37,2986.95,114739
2021-06-15 10:05:38,2986.95,114739
2021-06-15 10:05:40,2987.0,114770
2021-06-15 10:05:41,2987.0,114770
2021-06-15 10:05:42,2987.0,114770
2021-06-15 10:05:43,2987.0,114770
2021-06-15 10:05:44,2987.0,114770
2021-06-15 10:05:45,2987.0,114774
2021-06-15 10:05:46,2987.0,114774
2021-06-15 10:05:47,2987.0,114774
2021-06-15 10:05:48,2987.0,114774
2021-06-15 10:05:48,2987.2,114777
2021-06-15 10:05:49,2987.2,114777
2021-06-15 10:05:50,2987.2,114787
2021-06-15 10:05:52,2986.2,114887
2021-06-15 10:05:53,2986.2,114887
2021-06-15 10:05:53,2986.2,114888
2021-06-15 10:05:55,2986.2,114888
2021-06-15 10:05:56,2986.2,114888
2021-06-15 10:05:58,2987.2,114898
2021-06-15 10:05:59,2987.2,114898
2021-06-15 10:06:00,2987.2,114898
2021-06-15 10:06:01,2987.2,114898
2021-06-15 10:06:02,2987.2,114898
2021-06-15 10:06:03,2987.2,114898
2021-06-15 10:06:04,2987.2,114918
2021-06-15 10:06:05,2987.2,114918
2021-06-15 10:06:06,2987.2,114918
2021-06-15 10:06:07,2987.2,114918
2021-06-15 10:06:08,2987.2,114918
2021-06-15 10:06:09,2987.2,114918
2021-06-15 10:06:10,2987.2,114918
2021-06-15 10:06:11,2987.2,114919
2021-06-15 10:06:12,2987.2,114919
2021-06-15 10:06:13,2987.2,114929
2021-06-15 10:06:14,2987.2,114929
2021-06-15 10:06:15,2987.2,114931
2021-06-15 10:06:16,2987.2,114931
2021-06-15 10:06:16,2986.55,114932
2021-06-15 10:06:17,2986.55,114932
2021-06-15 10:06:18,2986.55,114932
2021-06-15 10:06:19,2987.55,115016
2021-06-15 10:06:21,2987.55,115016
2021-06-15 10:06:23,2987.55,115016
2021-06-15 10:06:24,2987.55,115016
2021-06-15 10:06:25,2987.55,115036
2021-06-15 10:06:26,2987.55,115036
2021-06-15 10:06:26,2987.55,115052
2021-06-15 10:06:27,2987.55,115052
2021-06-15 10:06:29,2987.55,115052
2021-06-15 10:06:30,2987.95,115102
2021-06-15 10:06:31,2987.95,115102
2021-06-15 10:06:32,2987.95,115102
2021-06-15 10:06:33,2987.95,115102
2021-06-15 10:06:34,2987.95,115102
2021-06-15 10:06:35,2987.95,115102
2021-06-15 10:06:36,2987.95,115103
2021-06-15 10:06:37,2987.95,115103
2021-06-15 10:06:38,2987.95,115103
2021-06-15 10:06:40,2987.95,115103
2021-06-15 10:06:41,2987.95,115103
2021-06-15 10:06:42,2987.95,115103
2021-06-15 10:06:43,2987.95,115103
2021-06-15 10:06:44,2987.95,115103
2021-06-15 10:06:45,2989.35,115379
2021-06-15 10:06:46,2989.4,115444
2021-06-15 10:06:47,2989.4,115444
2021-06-15 10:06:48,2989.4,115493
2021-06-15 10:06:49,2989.0,115513
2021-06-15 10:06:50,2989.0,115513
2021-06-15 10:06:53,2989.9,115550
2021-06-15 10:06:54,2989.9,115552
2021-06-15 10:06:55,2989.9,115562
2021-06-15 10:06:56,2990.15,115712
2021-06-15 10:06:57,2990.15,115712
2021-06-15 10:06:58,2990.15,115712
2021-06-15 10:07:00,2991.0,115724
2021-06-15 10:07:01,2990.85,115726
2021-06-15 10:07:02,2990.85,115727
2021-06-15 10:07:03,2990.85,115727
2021-06-15 10:07:04,2990.85,115727
2021-06-15 10:07:05,2989.9,115768
2021-06-15 10:07:06,2989.9,115768
2021-06-15 10:07:07,2989.9,115818
2021-06-15 10:07:08,2989.9,115818
2021-06-15 10:07:09,2990.85,115828
2021-06-15 10:07:10,2990.85,115829
2021-06-15 10:07:12,2990.85,115829
2021-06-15 10:07:13,2990.75,115865
2021-06-15 10:07:14,2990.75,115865
2021-06-15 10:07:15,2990.85,115866
2021-06-15 10:07:16,2990.85,115866
2021-06-15 10:07:17,2990.85,115866
2021-06-15 10:07:18,2990.8,115922
2021-06-15 10:07:19,2990.8,115922
2021-06-15 10:07:20,2990.8,115922
2021-06-15 10:07:21,2990.85,115933
2021-06-15 10:07:22,2990.8,116038
2021-06-15 10:07:23,2990.8,116038
2021-06-15 10:07:24,2990.8,116038
2021-06-15 10:07:26,2990.8,116038
2021-06-15 10:07:25,2990.8,116038
2021-06-15 10:07:27,2990.8,116038
2021-06-15 10:07:28,2990.8,116038
2021-06-15 10:07:29,2990.8,116056
2021-06-15 10:07:30,2990.8,116056
2021-06-15 10:07:31,2990.8,116056
2021-06-15 10:07:32,2990.85,116066
2021-06-15 10:07:33,2990.8,116122
2021-06-15 10:07:36,2990.8,116131
2021-06-15 10:07:39,2990.8,116202
2021-06-15 10:07:41,2990.8,116338
2021-06-15 10:07:44,2990.8,117162
2021-06-15 10:07:46,2989.9,117277
2021-06-15 10:07:49,2989.1,117283
2021-06-15 10:07:52,2986.0,118459
2021-06-15 10:07:56,2986.0,118459
2021-06-15 10:07:59,2986.75,118461
2021-06-15 10:08:01,2986.95,118611
2021-06-15 10:08:04,2987.0,118620
2021-06-15 10:08:07,2989.5,119641
2021-06-15 10:08:10,2989.65,119671
2021-06-15 10:08:13,2989.6,119702
2021-06-15 10:08:15,2989.9,120045
2021-06-15 10:08:18,2990.0,120188
2021-06-15 10:08:21,2991.0,120256
2021-06-15 10:08:24,2991.0,120256
2021-06-15 10:08:27,2991.0,120256
2021-06-15 10:08:29,2991.0,120271
2021-06-15 10:08:32,2990.0,120321
2021-06-15 10:08:34,2990.0,120321
2021-06-15 10:08:37,2989.6,125403
2021-06-15 10:08:40,2990.0,125521
2021-06-15 10:08:42,2990.0,125521
2021-06-15 10:08:45,2991.95,125710
2021-06-15 10:08:47,2988.8,126679
2021-06-15 10:08:50,2989.55,126704
2021-06-15 10:08:53,2989.75,126798
2021-06-15 10:08:56,2989.95,126939
2021-06-15 10:08:58,2989.95,126939
2021-06-15 10:09:01,2989.95,126939
2021-06-15 10:09:04,2989.95,126939
2021-06-15 10:09:06,2989.5,127039
2021-06-15 10:09:09,2989.4,127069
2021-06-15 10:09:11,2990.75,127166
2021-06-15 10:09:14,2990.25,127782
2021-06-15 10:09:17,2991.85,127787
2021-06-15 10:09:19,2991.9,127812
2021-06-15 10:09:22,2991.9,127812
2021-06-15 10:09:25,2991.9,127812
2021-06-15 10:09:27,2991.9,127812
2021-06-15 10:09:30,2991.1,127827
2021-06-15 10:09:33,2991.2,127857
2021-06-15 10:09:35,2991.5,127862
2021-06-15 10:09:38,2991.5,127891
2021-06-15 10:09:43,2991.5,127972
2021-06-15 10:09:45,2991.5,127991
2021-06-15 10:09:48,2991.75,128012
2021-06-15 10:09:51,2991.75,128044
2021-06-15 10:09:54,2991.85,128066
2021-06-15 10:09:57,2991.9,128090
2021-06-15 10:10:00,2992.15,128643
2021-06-15 10:10:02,2993.1,128765
2021-06-15 10:10:05,2993.1,128765
2021-06-15 10:10:08,2993.15,128772
2021-06-15 10:10:10,2994.45,128817
2021-06-15 10:10:13,2990.15,129353
2021-06-15 10:10:16,2991.15,129356
2021-06-15 10:10:19,2991.1,129371
2021-06-15 10:10:22,2991.1,129386
2021-06-15 10:10:25,2991.0,129387
2021-06-15 10:10:28,2991.0,129391
2021-06-15 10:10:30,2991.0,129391
2021-06-15 10:10:33,2991.0,129401
2021-06-15 10:10:36,2991.0,129405
2021-06-15 10:10:39,2991.1,129410
2021-06-15 10:10:41,2991.4,129419
2021-06-15 10:10:43,2991.0,129420
2021-06-15 10:10:48,2991.5,129456
2021-06-15 10:10:50,2991.5,129456
2021-06-15 10:10:53,2991.5,129545
2021-06-15 10:10:56,2991.5,129560
2021-06-15 10:10:59,2991.5,129560
2021-06-15 10:11:02,2992.45,129562
2021-06-15 10:11:04,2991.0,129612
2021-06-15 10:11:07,2991.0,129612
2021-06-15 10:11:10,2992.15,129614
2021-06-15 10:11:12,2992.15,129614
2021-06-15 10:11:15,2991.0,129624
2021-06-15 10:11:17,2991.0,129624
2021-06-15 10:11:20,2991.9,129634
2021-06-15 10:11:22,2991.6,129814
2021-06-15 10:11:25,2992.0,129819
2021-06-15 10:11:28,2992.0,129859
2021-06-15 10:11:31,2992.0,129859
2021-06-15 10:11:36,2992.0,129859
2021-06-15 10:11:39,2992.0,129859
2021-06-15 10:11:41,2992.0,129859
2021-06-15 10:11:44,2992.0,129859
2021-06-15 10:11:47,2991.0,130219
2021-06-15 10:11:50,2991.85,130249
2021-06-15 10:11:53,2991.9,130251
2021-06-15 10:11:55,2991.9,130252
2021-06-15 10:11:57,2992.0,130282
2021-06-15 10:12:00,2991.25,130330
2021-06-15 10:12:02,2991.25,130330
2021-06-15 10:12:05,2992.0,130340
2021-06-15 10:12:07,2991.95,130400
2021-06-15 10:12:10,2991.95,130401
2021-06-15 10:12:13,2991.25,130402
2021-06-15 10:12:16,2991.95,130462
2021-06-15 10:12:18,2991.95,130462
2021-06-15 10:12:21,2991.95,130465
2021-06-15 10:12:23,2991.95,130467
2021-06-15 10:12:26,2992.0,130517
2021-06-15 10:12:31,2991.5,130518
2021-06-15 10:12:33,2991.5,130518
2021-06-15 10:12:35,2991.5,130521
2021-06-15 10:12:36,2991.5,130521
2021-06-15 10:12:37,2991.5,130527
2021-06-15 10:12:39,2991.5,130527
2021-06-15 10:12:40,2991.5,130527
2021-06-15 10:12:42,2992.0,130528
2021-06-15 10:12:43,2992.0,130528
2021-06-15 10:12:44,2992.0,130528
2021-06-15 10:12:45,2992.0,130528
2021-06-15 10:12:46,2992.0,130528
2021-06-15 10:12:48,2992.0,130528
2021-06-15 10:12:49,2992.0,130528
2021-06-15 10:12:49,2992.0,130528
2021-06-15 10:12:50,2991.5,130533
2021-06-15 10:12:51,2991.5,130533
2021-06-15 10:12:52,2991.5,130545
2021-06-15 10:12:54,2992.0,130555
2021-06-15 10:12:55,2992.0,130555
2021-06-15 10:12:56,2992.0,130555
2021-06-15 10:12:57,2992.0,130560
2021-06-15 10:12:58,2992.0,130560
2021-06-15 10:12:59,2992.0,130560
2021-06-15 10:13:00,2992.0,131109
2021-06-15 10:13:01,2992.0,131109
2021-06-15 10:13:02,2991.5,131198
2021-06-15 10:13:03,2991.5,131198
2021-06-15 10:13:04,2992.0,131208
2021-06-15 10:13:06,2992.0,131208
2021-06-15 10:13:07,2992.0,131208
2021-06-15 10:13:08,2992.0,131208
2021-06-15 10:13:09,2992.0,131208
2021-06-15 10:13:10,2992.0,131208
2021-06-15 10:13:10,2992.0,131208
2021-06-15 10:13:11,2992.0,131208
2021-06-15 10:13:12,2992.0,131238
2021-06-15 10:13:13,2992.0,131238
2021-06-15 10:13:14,2992.0,131248
2021-06-15 10:13:15,2992.0,131258
2021-06-15 10:13:17,2991.5,131266
2021-06-15 10:13:18,2991.5,131271
2021-06-15 10:13:19,2991.5,131271
2021-06-15 10:13:20,2991.5,131271
2021-06-15 10:13:21,2991.5,131271
2021-06-15 10:13:22,2991.5,131271
2021-06-15 10:13:23,2991.5,131271
2021-06-15 10:13:24,2992.0,131276
2021-06-15 10:13:25,2992.0,131276
2021-06-15 10:13:26,2992.0,131276
2021-06-15 10:13:27,2992.0,131276
2021-06-15 10:13:28,2991.5,131284
2021-06-15 10:13:29,2991.5,131284
2021-06-15 10:13:30,2992.0,131381
2021-06-15 10:13:31,2992.0,131381
2021-06-15 10:13:31,2992.0,131381
2021-06-15 10:13:32,2992.0,131381
2021-06-15 10:13:33,2992.0,131384
2021-06-15 10:13:34,2992.0,131384
2021-06-15 10:13:35,2992.0,131384
2021-06-15 10:13:37,2992.0,131384
2021-06-15 10:13:37,2992.0,131384
2021-06-15 10:13:38,2992.0,131384
2021-06-15 10:13:39,2992.0,131384
2021-06-15 10:13:41,2991.6,131395
2021-06-15 10:13:42,2991.6,131395
2021-06-15 10:13:43,2991.6,131395
2021-06-15 10:13:44,2991.6,131395
2021-06-15 10:13:45,2991.6,131395
2021-06-15 10:13:46,2991.6,131395
2021-06-15 10:13:46,2991.6,131395
2021-06-15 10:13:48,2991.6,131395
2021-06-15 10:13:50,2991.6,131395
2021-06-15 10:13:51,2991.5,131445
2021-06-15 10:13:52,2991.95,131447
2021-06-15 10:13:53,2991.95,131447
2021-06-15 10:13:54,2991.5,131456
2021-06-15 10:13:55,2991.5,131456
2021-06-15 10:13:56,2991.5,131456
2021-06-15 10:13:56,2991.5,131456
2021-06-15 10:13:58,2991.5,131456
2021-06-15 10:13:59,2991.5,131456
2021-06-15 10:14:00,2991.0,131668
2021-06-15 10:14:01,2991.0,131668
2021-06-15 10:14:02,2991.5,131676
2021-06-15 10:14:03,2991.5,131676
2021-06-15 10:14:04,2991.5,131723
2021-06-15 10:14:05,2991.5,131723
2021-06-15 10:14:06,2991.1,131724
2021-06-15 10:14:06,2991.1,131724
2021-06-15 10:14:07,2991.1,131724
2021-06-15 10:14:10,2991.1,131724
2021-06-15 10:14:11,2991.1,131724
2021-06-15 10:14:11,2991.1,131724
2021-06-15 10:14:12,2991.1,131725
2021-06-15 10:14:13,2991.1,131725
2021-06-15 10:14:14,2991.5,131735
2021-06-15 10:14:17,2991.5,131735
2021-06-15 10:14:18,2991.5,131735
2021-06-15 10:14:19,2991.5,131735
2021-06-15 10:14:20,2991.5,131735
2021-06-15 10:14:21,2991.5,131735
2021-06-15 10:14:22,2991.5,131735
2021-06-15 10:14:23,2991.5,131735
2021-06-15 10:14:24,2991.1,131736
2021-06-15 10:14:24,2990.6,131843
2021-06-15 10:14:25,2990.6,131843
2021-06-15 10:14:26,2989.95,131866
2021-06-15 10:14:27,2989.0,131867
2021-06-15 10:14:29,2989.0,131867
2021-06-15 10:14:30,2989.0,131867
2021-06-15 10:14:30,2989.0,131867
2021-06-15 10:14:31,2989.0,131875
2021-06-15 10:14:32,2989.0,131875
2021-06-15 10:14:33,2988.25,131880
2021-06-15 10:14:34,2988.25,131880
2021-06-15 10:14:35,2988.25,131880
2021-06-15 10:14:37,2988.25,131880
2021-06-15 10:14:38,2988.1,131914
2021-06-15 10:14:39,2988.1,131914
2021-06-15 10:14:40,2988.1,131914
2021-06-15 10:14:41,2988.1,131914
2021-06-15 10:14:42,2988.0,131957
2021-06-15 10:14:42,2988.0,131957
2021-06-15 10:14:44,2988.1,131960
2021-06-15 10:14:45,2988.25,132342
2021-06-15 10:14:46,2988.25,132342
2021-06-15 10:14:47,2988.25,132342
2021-06-15 10:14:49,2988.25,132342
2021-06-15 10:14:49,2988.25,132342
2021-06-15 10:14:50,2988.25,132342
2021-06-15 10:14:51,2988.25,132342
2021-06-15 10:14:53,2988.25,132342
2021-06-15 10:14:54,2988.25,132342
2021-06-15 10:14:55,2988.25,132342
2021-06-15 10:14:56,2988.25,132342
2021-06-15 10:14:57,2988.25,132342
2021-06-15 10:14:58,2988.25,132342
2021-06-15 10:14:59,2988.25,132342
2021-06-15 10:15:00,2988.25,132342
2021-06-15 10:15:02,2988.2,132496
2021-06-15 10:15:02,2988.2,132496
2021-06-15 10:15:04,2988.2,132496
2021-06-15 10:15:05,2989.35,132498
2021-06-15 10:15:06,2989.35,132498
2021-06-15 10:15:06,2989.35,132498
2021-06-15 10:15:08,2989.4,132499
2021-06-15 10:15:09,2989.4,132499
2021-06-15 10:15:10,2988.35,132500
2021-06-15 10:15:11,2988.35,132527
2021-06-15 10:15:11,2988.35,132527
2021-06-15 10:15:12,2988.35,132527
2021-06-15 10:15:14,2988.35,132527
2021-06-15 10:15:15,2988.35,132527
2021-06-15 10:15:16,2989.65,132528
2021-06-15 10:15:18,2989.65,132528
2021-06-15 10:15:19,2988.2,133052
2021-06-15 10:15:20,2988.2,133052
2021-06-15 10:15:21,2988.2,133052
2021-06-15 10:15:22,2988.2,133052
2021-06-15 10:15:22,2988.2,133052
2021-06-15 10:15:23,2988.2,133052
2021-06-15 10:15:25,2988.2,133052
2021-06-15 10:15:26,2988.2,133052
2021-06-15 10:15:27,2988.8,133071
2021-06-15 10:15:28,2988.8,133071
2021-06-15 10:15:29,2988.8,133071
2021-06-15 10:15:30,2988.8,133071
2021-06-15 10:15:31,2988.8,133071
2021-06-15 10:15:32,2989.0,133072
2021-06-15 10:15:33,2989.0,133072
2021-06-15 10:15:34,2989.0,133072
2021-06-15 10:15:35,2989.0,133072
2021-06-15 10:15:36,2989.0,133077
2021-06-15 10:15:37,2989.0,133077
2021-06-15 10:15:38,2988.2,133107
2021-06-15 10:15:39,2988.2,133107
2021-06-15 10:15:40,2988.2,133107
2021-06-15 10:15:43,2988.2,133107
2021-06-15 10:15:44,2988.2,133107
2021-06-15 10:15:44,2988.2,133107
2021-06-15 10:15:45,2988.2,133107
2021-06-15 10:15:46,2988.2,133107
2021-06-15 10:15:48,2988.2,133107
2021-06-15 10:15:49,2988.55,133108
2021-06-15 10:15:50,2988.55,133108
2021-06-15 10:15:52,2989.0,133211
2021-06-15 10:15:53,2989.0,133211
2021-06-15 10:15:54,2989.0,133211
2021-06-15 10:15:55,2988.95,133267
2021-06-15 10:15:56,2988.95,133267
2021-06-15 10:15:57,2988.95,133267
2021-06-15 10:15:58,2988.95,133267
2021-06-15 10:15:58,2988.95,133267
2021-06-15 10:15:59,2990.0,133381
2021-06-15 10:16:01,2990.0,133381
2021-06-15 10:16:01,2990.0,133381
2021-06-15 10:16:03,2990.0,133386
2021-06-15 10:16:04,2990.0,133386
2021-06-15 10:16:05,2990.0,133386
2021-06-15 10:16:06,2990.0,133386
2021-06-15 10:16:08,2990.0,133389
2021-06-15 10:16:08,2990.0,133389
2021-06-15 10:16:10,2990.85,133405
2021-06-15 10:16:11,2990.85,133405
2021-06-15 10:16:13,2990.85,133405
2021-06-15 10:16:14,2990.85,133405
2021-06-15 10:16:15,2990.85,133405
2021-06-15 10:16:17,2990.85,133405
2021-06-15 10:16:19,2990.85,133405
2021-06-15 10:16:21,2990.85,133409
2021-06-15 10:16:23,2990.0,133425
2021-06-15 10:16:24,2990.0,133425
2021-06-15 10:16:25,2990.7,133429
2021-06-15 10:16:26,2990.7,133429
2021-06-15 10:16:26,2990.7,133429
2021-06-15 10:16:27,2990.0,133443
2021-06-15 10:16:28,2990.0,133443
2021-06-15 10:16:29,2990.0,133443
2021-06-15 10:16:30,2990.0,133443
2021-06-15 10:16:32,2990.6,133453
2021-06-15 10:16:33,2990.6,133463
2021-06-15 10:16:34,2990.6,133463
2021-06-15 10:16:35,2990.6,133463
2021-06-15 10:16:37,2990.6,133463
2021-06-15 10:16:38,2990.6,133543
2021-06-15 10:16:39,2990.6,133543
2021-06-15 10:16:39,2990.6,133543
2021-06-15 10:16:41,2990.6,133593
2021-06-15 10:16:43,2990.6,133593
2021-06-15 10:16:44,2990.6,133593
2021-06-15 10:16:45,2991.0,133611
2021-06-15 10:16:46,2990.5,133626
2021-06-15 10:16:47,2990.5,133626
2021-06-15 10:16:48,2990.5,133626
2021-06-15 10:16:49,2991.0,133673
2021-06-15 10:16:49,2991.0,133673
2021-06-15 10:16:51,2991.0,133673
2021-06-15 10:16:52,2991.0,133673
2021-06-15 10:16:53,2991.0,133673
2021-06-15 10:16:56,2991.1,133734
2021-06-15 10:16:58,2991.1,133734
2021-06-15 10:16:59,2991.1,133734
2021-06-15 10:17:00,2991.1,133734
2021-06-15 10:17:02,2991.1,133734
2021-06-15 10:17:04,2991.1,133734
2021-06-15 10:17:04,2991.1,133734
2021-06-15 10:17:08,2991.1,133734
2021-06-15 10:17:09,2991.1,133734
2021-06-15 10:17:09,2991.1,133734
2021-06-15 10:17:11,2991.1,133734
2021-06-15 10:17:12,2990.5,133735
2021-06-15 10:17:14,2990.5,133735
2021-06-15 10:17:14,2990.5,133735
2021-06-15 10:17:17,2990.0,134687
2021-06-15 10:17:19,2988.9,134692
2021-06-15 10:17:18,2988.9,134692
2021-06-15 10:17:20,2988.9,134692
2021-06-15 10:17:22,2988.9,134692
2021-06-15 10:17:23,2988.9,134692
2021-06-15 10:17:24,2989.45,134896
2021-06-15 10:17:25,2989.45,134950
2021-06-15 10:17:26,2989.45,134950
2021-06-15 10:17:27,2989.45,134950
2021-06-15 10:17:28,2989.45,134950
2021-06-15 10:17:29,2989.5,134956
2021-06-15 10:17:30,2989.5,134956
2021-06-15 10:17:31,2988.45,135054
2021-06-15 10:17:32,2988.45,135054
2021-06-15 10:17:37,2990.4,135059
2021-06-15 10:17:40,2990.4,135059
2021-06-15 10:17:42,2990.4,135059
2021-06-15 10:17:45,2990.4,135059
2021-06-15 10:17:48,2990.3,135060
2021-06-15 10:17:50,2989.25,135073
2021-06-15 10:17:52,2990.15,135082
2021-06-15 10:17:55,2990.15,135082
2021-06-15 10:17:57,2990.15,135082
2021-06-15 10:17:59,2989.25,135087
2021-06-15 10:18:02,2989.25,135091
2021-06-15 10:18:05,2990.0,135107
2021-06-15 10:18:07,2990.25,135117
2021-06-15 10:18:10,2990.0,135165
2021-06-15 10:18:13,2989.0,135181
2021-06-15 10:18:15,2989.0,135182
2021-06-15 10:18:18,2989.95,135192
2021-06-15 10:18:20,2989.95,135192
2021-06-15 10:18:23,2989.95,135192
2021-06-15 10:18:25,2989.0,135203
2021-06-15 10:18:28,2989.0,135203
2021-06-15 10:18:30,2989.75,135204
2021-06-15 10:18:33,2989.75,135204
2021-06-15 10:18:35,2988.45,135240
2021-06-15 10:18:38,2988.45,135240
2021-06-15 10:18:40,2989.45,135242
2021-06-15 10:18:42,2989.45,135242
2021-06-15 10:18:45,2989.65,135262
2021-06-15 10:18:48,2989.65,135262
2021-06-15 10:18:51,2989.65,135262
2021-06-15 10:18:53,2989.55,135265
2021-06-15 10:18:56,2989.55,135265
2021-06-15 10:18:58,2989.55,135265
2021-06-15 10:19:01,2989.6,135268
2021-06-15 10:19:03,2989.6,135273
2021-06-15 10:19:05,2989.55,135275
2021-06-15 10:19:08,2989.55,135275
2021-06-15 10:19:10,2989.4,135279
2021-06-15 10:19:12,2989.05,135315
2021-06-15 10:19:15,2989.05,135319
2021-06-15 10:19:18,2989.05,135319
2021-06-15 10:19:21,2989.05,135337
2021-06-15 10:19:23,2989.75,135371
2021-06-15 10:19:26,2989.75,135371
2021-06-15 10:19:28,2989.75,135371
2021-06-15 10:19:31,2989.75,135371
2021-06-15 10:19:33,2989.7,135455
2021-06-15 10:19:36,2989.7,135455
2021-06-15 10:19:38,2989.7,135455
2021-06-15 10:19:40,2989.3,135484
2021-06-15 10:19:43,2989.7,135534
2021-06-15 10:19:46,2989.7,135534
2021-06-15 10:19:48,2989.7,135534
2021-06-15 10:19:50,2990.05,135865
2021-06-15 10:19:53,2992.3,135915
2021-06-15 10:19:55,2992.3,135915
2021-06-15 10:19:58,2992.5,135976
2021-06-15 10:20:00,2992.15,135977
2021-06-15 10:20:03,2989.0,136170
2021-06-15 10:20:06,2989.0,136170
2021-06-15 10:20:08,2989.0,136170
2021-06-15 10:20:11,2989.0,136187
2021-06-15 10:20:14,2989.0,136192
2021-06-15 10:20:16,2989.5,136218
2021-06-15 10:20:19,2989.5,136218
2021-06-15 10:20:22,2989.25,136310
2021-06-15 10:20:27,2989.25,136310
2021-06-15 10:20:29,2989.25,136310
2021-06-15 10:20:31,2990.8,136312
2021-06-15 10:20:34,2990.8,136312
2021-06-15 10:20:36,2991.2,136321
2021-06-15 10:20:39,2991.2,136407
2021-06-15 10:20:41,2991.2,136418
2021-06-15 10:20:44,2991.2,136449
2021-06-15 10:20:46,2991.2,136453
2021-06-15 10:20:49,2991.2,136453
2021-06-15 10:20:51,2991.2,136453
2021-06-15 10:20:54,2991.2,136453
2021-06-15 10:20:56,2991.2,136526
2021-06-15 10:20:58,2991.2,136526
2021-06-15 10:21:01,2991.2,136526
2021-06-15 10:21:03,2991.2,136526
2021-06-15 10:21:09,2991.2,136526
2021-06-15 10:21:11,2991.2,136526
2021-06-15 10:21:13,2991.2,136526
2021-06-15 10:21:16,2991.2,136526
2021-06-15 10:21:18,2991.2,136526
2021-06-15 10:21:21,2991.2,136526
2021-06-15 10:21:23,2991.2,136526
2021-06-15 10:21:26,2991.2,136541
2021-06-15 10:21:28,2990.2,136544
2021-06-15 10:21:31,2990.2,136544
2021-06-15 10:21:33,2990.2,136544
2021-06-15 10:21:36,2990.2,136544
2021-06-15 10:21:39,2990.2,136544
2021-06-15 10:21:41,2991.15,136555
2021-06-15 10:21:44,2991.0,136894
2021-06-15 10:21:49,2990.85,136961
2021-06-15 10:21:51,2991.6,136996
2021-06-15 10:21:53,2991.6,136996
2021-06-15 10:21:56,2992.5,137012
2021-06-15 10:21:59,2992.5,137013
2021-06-15 10:22:01,2992.5,137019
2021-06-15 10:22:07,2992.45,137036
2021-06-15 10:22:09,2992.45,137036
2021-06-15 10:22:12,2992.45,137036
2021-06-15 10:22:17,2992.5,137140
2021-06-15 10:22:20,2992.4,137144
2021-06-15 10:22:22,2992.25,137149
2021-06-15 10:22:25,2991.15,137263
2021-06-15 10:22:27,2992.5,137283
2021-06-15 10:22:30,2991.6,137284
2021-06-15 10:22:32,2991.6,137284
2021-06-15 10:22:34,2991.6,137284
2021-06-15 10:22:37,2991.6,137284
2021-06-15 10:22:40,2991.6,137330
2021-06-15 10:22:42,2991.0,137344
2021-06-15 10:22:45,2991.0,137344
2021-06-15 10:22:47,2991.85,137346
2021-06-15 10:22:52,2991.05,137358
2021-06-15 10:22:57,2991.85,137367
2021-06-15 10:23:00,2991.85,137386
2021-06-15 10:23:03,2991.85,137386
2021-06-15 10:23:05,2991.85,137386
2021-06-15 10:23:07,2991.85,137386
2021-06-15 10:23:09,2991.85,137389
2021-06-15 10:23:12,2991.85,137389
2021-06-15 10:23:15,2991.85,137389
2021-06-15 10:23:17,2991.85,137389
2021-06-15 10:23:22,2991.85,137390
2021-06-15 10:23:24,2991.0,137417
2021-06-15 10:23:26,2991.0,137417
2021-06-15 10:23:29,2991.0,137417
2021-06-15 10:23:31,2991.0,137417
2021-06-15 10:23:34,2991.0,137417
2021-06-15 10:23:37,2991.0,137417
2021-06-15 10:23:39,2991.0,137417
2021-06-15 10:23:41,2991.0,137417
2021-06-15 10:23:44,2991.05,137418
2021-06-15 10:23:46,2991.05,137430
2021-06-15 10:23:49,2991.05,137430
2021-06-15 10:23:51,2991.05,137430
2021-06-15 10:23:53,2991.05,137472
2021-06-15 10:23:56,2991.05,137472
2021-06-15 10:23:58,2991.05,137472
2021-06-15 10:24:01,2991.75,137473
2021-06-15 10:24:03,2991.75,137483
2021-06-15 10:24:06,2991.75,137513
2021-06-15 10:24:09,2991.75,137533
2021-06-15 10:24:12,2991.05,137549
2021-06-15 10:24:14,2991.75,137785
2021-06-15 10:24:17,2992.25,137799
2021-06-15 10:24:19,2992.25,137802
2021-06-15 10:24:22,2992.25,137802
2021-06-15 10:24:24,2992.25,137802
2021-06-15 10:24:26,2992.25,137827
2021-06-15 10:24:29,2992.25,137827
2021-06-15 10:24:32,2992.5,138327
2021-06-15 10:24:34,2992.5,138327
2021-06-15 10:24:36,2992.5,138327
2021-06-15 10:24:39,2992.5,138327
2021-06-15 10:24:41,2992.5,138327
2021-06-15 10:24:44,2993.0,138348
2021-06-15 10:24:46,2993.0,138348
2021-06-15 10:24:49,2993.4,138365
2021-06-15 10:24:53,2993.8,138370
2021-06-15 10:24:55,2993.8,138370
2021-06-15 10:24:58,2993.9,138390
2021-06-15 10:25:00,2993.9,138390
2021-06-15 10:25:05,2993.9,138390
2021-06-15 10:25:07,2993.9,138396
2021-06-15 10:25:09,2993.9,138397
2021-06-15 10:25:11,2993.4,138402
2021-06-15 10:25:14,2993.9,138407
2021-06-15 10:25:16,2993.85,138410
2021-06-15 10:25:18,2993.85,138410
2021-06-15 10:25:20,2993.85,138410
2021-06-15 10:25:22,2993.85,138410
2021-06-15 10:25:24,2993.4,138411
2021-06-15 10:25:27,2993.4,138411
2021-06-15 10:25:29,2993.4,138411
2021-06-15 10:25:31,2993.4,138411
2021-06-15 10:25:33,2993.4,138424
2021-06-15 10:25:36,2993.4,138496
2021-06-15 10:25:38,2993.75,138499
2021-06-15 10:25:39,2993.75,138499
2021-06-15 10:25:42,2993.75,138499
2021-06-15 10:25:44,2993.75,138499
2021-06-15 10:25:47,2993.6,138521
2021-06-15 10:25:49,2993.6,138521
2021-06-15 10:25:51,2993.6,138521
2021-06-15 10:25:53,2993.6,138521
2021-06-15 10:25:56,2993.4,138526
2021-06-15 10:26:00,2993.6,138532
2021-06-15 10:26:02,2993.6,138535
2021-06-15 10:26:05,2994.0,138945
2021-06-15 10:26:07,2994.0,139285
2021-06-15 10:26:09,2993.65,139291
2021-06-15 10:26:12,2993.65,139291
2021-06-15 10:26:14,2993.65,139291
2021-06-15 10:26:16,2993.65,139291
2021-06-15 10:26:18,2993.5,139292
2021-06-15 10:26:22,2993.7,139294
2021-06-15 10:26:24,2993.7,139294
2021-06-15 10:26:27,2994.0,140427
2021-06-15 10:26:29,2994.4,140481
2021-06-15 10:26:31,2994.75,140551
2021-06-15 10:26:33,2994.95,140704
2021-06-15 10:26:35,2996.0,141179
2021-06-15 10:26:37,2996.9,141300
2021-06-15 10:26:39,2997.0,141562
2021-06-15 10:26:42,2997.0,141775
2021-06-15 10:26:44,2997.0,141785
2021-06-15 10:26:47,2997.0,141786
2021-06-15 10:26:49,2997.0,141978
2021-06-15 10:26:51,2998.0,142553
2021-06-15 10:26:53,2997.2,142581
2021-06-15 10:26:56,2998.0,142718
2021-06-15 10:26:59,2998.0,142778
2021-06-15 10:27:02,2998.0,142840
2021-06-15 10:27:04,2997.9,142869
2021-06-15 10:27:07,2997.9,142869
2021-06-15 10:27:09,2997.9,142869
2021-06-15 10:27:11,2997.9,142869
2021-06-15 10:27:13,2997.9,142869
2021-06-15 10:27:15,2997.9,142869
2021-06-15 10:27:17,2997.9,142869
2021-06-15 10:27:19,2997.9,142870
2021-06-15 10:27:22,2998.0,142927
2021-06-15 10:27:24,2998.0,142977
2021-06-15 10:27:27,2997.0,142981
2021-06-15 10:27:29,2997.85,143072
2021-06-15 10:27:31,2997.85,143097
2021-06-15 10:27:33,2997.0,143100
2021-06-15 10:27:35,2997.85,143104
2021-06-15 10:27:38,2997.85,143104
2021-06-15 10:27:40,2997.85,143106
2021-06-15 10:27:43,2997.85,143365
2021-06-15 10:27:45,2997.0,143575
2021-06-15 10:27:47,2997.0,143587
2021-06-15 10:27:49,2996.1,143741
2021-06-15 10:27:52,2996.0,143747
2021-06-15 10:27:54,2996.0,143747
2021-06-15 10:27:57,2996.0,143747
2021-06-15 10:27:59,2996.0,143747
2021-06-15 10:28:01,2996.0,143757
2021-06-15 10:28:03,2996.55,143763
2021-06-15 10:28:05,2996.7,143789
2021-06-15 10:28:08,2996.55,143792
2021-06-15 10:28:10,2996.55,143792
2021-06-15 10:28:12,2996.55,143795
2021-06-15 10:28:14,2996.85,143826
2021-06-15 10:28:17,2994.6,143976
2021-06-15 10:28:19,2994.6,143976
2021-06-15 10:28:21,2995.0,143986
2021-06-15 10:28:23,2994.6,144046
2021-06-15 10:28:25,2995.15,144062
2021-06-15 10:28:27,2995.15,144062
2021-06-15 10:28:30,2995.15,144062
2021-06-15 10:28:32,2995.15,144062
2021-06-15 10:28:34,2995.15,144062
2021-06-15 10:28:37,2995.15,144063
2021-06-15 10:28:39,2994.0,144087
2021-06-15 10:28:42,2994.0,144087
2021-06-15 10:28:44,2995.15,144096
2021-06-15 10:28:47,2995.15,144096
2021-06-15 10:28:50,2995.1,144098
2021-06-15 10:28:52,2995.1,144100
2021-06-15 10:28:55,2995.1,144147
2021-06-15 10:28:57,2995.1,144147
2021-06-15 10:29:00,2995.15,144157
2021-06-15 10:29:03,2996.0,144413
2021-06-15 10:29:05,2996.7,144418
2021-06-15 10:29:08,2996.7,144418
2021-06-15 10:29:10,2996.7,144418
2021-06-15 10:29:13,2996.9,144420
2021-06-15 10:29:16,2996.9,144434
2021-06-15 10:29:18,2996.0,144439
2021-06-15 10:29:21,2996.0,144439
2021-06-15 10:29:24,2996.0,144439
2021-06-15 10:29:27,2996.0,144439
2021-06-15 10:29:29,2996.0,144439
2021-06-15 10:29:31,2996.9,144489
2021-06-15 10:29:34,2996.2,144535
2021-06-15 10:29:37,2996.0,144552
2021-06-15 10:29:39,2996.9,144602
2021-06-15 10:29:42,2996.15,144633
2021-06-15 10:29:45,2997.0,144808
2021-06-15 10:29:47,2996.4,144823
2021-06-15 10:29:49,2997.0,144826
2021-06-15 10:29:52,2997.0,144827
2021-06-15 10:29:54,2997.0,144827
2021-06-15 10:29:56,2996.05,144830
2021-06-15 10:29:59,2996.05,144830
2021-06-15 10:30:02,2996.05,144846
2021-06-15 10:30:05,2996.05,144846
2021-06-15 10:30:07,2996.05,144846
2021-06-15 10:30:10,2996.1,144850
2021-06-15 10:30:12,2996.1,144850
2021-06-15 10:30:15,2996.9,144855
2021-06-15 10:30:17,2996.1,144918
2021-06-15 10:30:19,2996.9,144920
2021-06-15 10:30:21,2996.1,144921
2021-06-15 10:30:27,2996.1,144949
2021-06-15 10:30:31,2996.35,144950
2021-06-15 10:30:34,2996.1,144961
2021-06-15 10:30:36,2996.1,144961
2021-06-15 10:30:39,2996.1,144961
2021-06-15 10:30:41,2996.1,144995
2021-06-15 10:30:43,2995.15,145071
2021-06-15 10:30:46,2995.75,145078
2021-06-15 10:30:49,2995.75,145078
2021-06-15 10:30:52,2995.75,145078
2021-06-15 10:30:54,2996.1,145130
2021-06-15 10:30:57,2996.1,145175
2021-06-15 10:30:59,2996.1,145364
2021-06-15 10:31:01,2996.15,145390
2021-06-15 10:31:04,2995.1,145391
2021-06-15 10:31:06,2995.1,145391
2021-06-15 10:31:09,2995.1,145391
2021-06-15 10:31:11,2993.55,146008
2021-06-15 10:31:13,2993.55,146008
2021-06-15 10:31:15,2993.55,146008
2021-06-15 10:31:18,2994.1,146045
2021-06-15 10:31:21,2993.25,146159
2021-06-15 10:31:23,2993.9,146184
2021-06-15 10:31:26,2994.0,146264
2021-06-15 10:31:28,2994.0,146264
2021-06-15 10:31:30,2992.0,146334
2021-06-15 10:31:33,2993.35,146593
2021-06-15 10:31:37,2993.75,146604
2021-06-15 10:31:39,2993.7,146623
2021-06-15 10:31:42,2993.75,146650
2021-06-15 10:31:44,2993.7,146651
2021-06-15 10:31:46,2993.7,146659
2021-06-15 10:31:49,2993.9,146784
2021-06-15 10:31:52,2993.9,146784
2021-06-15 10:31:54,2993.9,146784
2021-06-15 10:31:56,2994.1,146794
2021-06-15 10:31:58,2993.1,146800
2021-06-15 10:32:00,2993.1,146801
2021-06-15 10:32:03,2993.1,146801
2021-06-15 10:32:05,2994.1,146811
2021-06-15 10:32:10,2994.1,146813
2021-06-15 10:32:12,2994.1,146813
2021-06-15 10:32:15,2994.1,146813
2021-06-15 10:32:17,2994.1,146813
2021-06-15 10:32:19,2994.1,146813
2021-06-15 10:32:21,2994.1,146813
2021-06-15 10:32:24,2993.15,146814
2021-06-15 10:32:26,2993.15,146814
2021-06-15 10:32:28,2993.15,146814
2021-06-15 10:32:30,2993.15,146814
2021-06-15 10:32:33,2994.0,146824
2021-06-15 10:32:35,2994.0,146826
2021-06-15 10:32:38,2994.0,146826
2021-06-15 10:32:41,2994.0,146859
2021-06-15 10:32:44,2994.4,146868
2021-06-15 10:32:46,2994.4,146868
2021-06-15 10:32:49,2994.4,146868
2021-06-15 10:32:51,2993.4,146927
2021-06-15 10:32:54,2994.5,146929
