timestamp,ltp,volume
2021-06-15 09:15:40,391.9,164687
2021-06-15 09:15:41,392.25,166533
2021-06-15 09:15:42,392.15,166621
2021-06-15 09:15:43,392.0,166672
2021-06-15 09:15:44,391.85,170715
2021-06-15 09:15:45,391.75,172555
2021-06-15 09:15:46,392.0,173993
2021-06-15 09:15:47,391.9,174178
2021-06-15 09:15:48,392.15,176924
2021-06-15 09:15:49,392.15,180678
2021-06-15 09:15:50,392.05,182344
2021-06-15 09:15:52,392.1,184299
2021-06-15 09:15:53,392.2,184610
2021-06-15 09:15:54,392.2,184935
2021-06-15 09:15:55,392.2,185696
2021-06-15 09:15:57,392.3,186374
2021-06-15 09:15:58,392.6,195340
2021-06-15 09:15:59,392.75,201951
2021-06-15 09:16:00,393.0,203597
2021-06-15 09:16:02,393.35,214186
2021-06-15 09:16:03,393.0,214909
2021-06-15 09:16:04,393.05,215728
2021-06-15 09:16:05,393.0,216541
2021-06-15 09:16:06,393.2,220602
2021-06-15 09:16:07,392.6,226539
2021-06-15 09:16:08,392.5,227847
2021-06-15 09:16:09,392.5,230128
2021-06-15 09:16:10,392.75,231496
2021-06-15 09:16:11,392.8,232192
2021-06-15 09:16:12,392.7,233764
2021-06-15 09:16:13,392.55,236679
2021-06-15 09:16:14,392.55,238196
2021-06-15 09:16:15,392.6,239134
2021-06-15 09:16:16,392.6,239417
2021-06-15 09:16:17,392.85,242031
2021-06-15 09:16:18,392.5,249782
2021-06-15 09:16:19,392.5,250116
2021-06-15 09:16:20,393.75,283626
2021-06-15 09:16:21,393.4,285180
2021-06-15 09:16:22,393.2,290594
2021-06-15 09:16:23,392.8,297272
2021-06-15 09:16:24,392.7,299273
2021-06-15 09:16:25,392.5,299367
2021-06-15 09:16:26,393.0,299669
2021-06-15 09:16:27,392.6,299936
2021-06-15 09:16:28,392.6,299936
2021-06-15 09:16:29,392.6,302943
2021-06-15 09:16:31,392.6,303539
2021-06-15 09:16:32,392.6,303675
2021-06-15 09:16:33,392.65,304325
2021-06-15 09:16:34,392.6,304504
2021-06-15 09:16:34,392.7,306042
2021-06-15 09:16:35,392.7,306777
2021-06-15 09:16:36,392.5,308624
2021-06-15 09:16:37,392.35,309287
2021-06-15 09:16:38,392.45,309617
2021-06-15 09:16:39,392.6,309767
2021-06-15 09:16:41,392.5,309833
2021-06-15 09:16:42,392.5,309983
2021-06-15 09:16:43,392.65,310783
2021-06-15 09:16:43,392.65,310783
2021-06-15 09:16:45,392.75,315679
2021-06-15 09:16:45,392.75,315679
2021-06-15 09:16:46,392.7,315830
2021-06-15 09:16:47,392.7,315959
2021-06-15 09:16:49,392.9,318321
2021-06-15 09:16:49,392.8,318326
2021-06-15 09:16:50,392.75,318869
2021-06-15 09:16:51,392.65,319202
2021-06-15 09:16:52,392.75,319366
2021-06-15 09:16:53,392.55,319926
2021-06-15 09:16:54,392.3,329681
2021-06-15 09:16:55,391.8,333512
2021-06-15 09:16:56,391.75,334424
2021-06-15 09:16:57,392.0,334701
2021-06-15 09:16:58,392.0,335474
2021-06-15 09:16:59,391.85,335549
2021-06-15 09:17:00,392.25,336299
2021-06-15 09:17:01,391.9,336635
2021-06-15 09:17:03,392.3,336891
2021-06-15 09:17:04,392.1,336915
2021-06-15 09:17:05,392.15,337249
2021-06-15 09:17:06,391.9,352077
2021-06-15 09:17:07,392.1,352576
2021-06-15 09:17:08,392.0,353025
2021-06-15 09:17:11,391.6,387099
2021-06-15 09:17:12,391.85,389983
2021-06-15 09:17:13,391.6,390236
2021-06-15 09:17:14,391.55,390534
2021-06-15 09:17:15,391.65,390846
2021-06-15 09:17:16,391.7,392348
2021-06-15 09:17:17,391.6,392510
2021-06-15 09:17:18,391.7,392605
2021-06-15 09:17:19,391.6,392723
2021-06-15 09:17:20,391.4,397636
2021-06-15 09:17:21,391.65,398636
2021-06-15 09:17:22,391.6,399308
2021-06-15 09:17:23,391.6,399518
2021-06-15 09:17:24,391.55,399586
2021-06-15 09:17:25,391.6,401279
2021-06-15 09:17:26,391.6,401788
2021-06-15 09:17:27,391.45,401878
2021-06-15 09:17:28,391.55,402753
2021-06-15 09:17:29,391.8,402779
2021-06-15 09:17:30,391.5,403082
2021-06-15 09:17:31,391.7,403193
2021-06-15 09:17:32,391.7,403599
2021-06-15 09:17:33,391.7,406829
2021-06-15 09:17:34,391.6,408361
2021-06-15 09:17:35,391.65,408555
2021-06-15 09:17:36,391.3,408756
2021-06-15 09:17:38,391.45,408949
2021-06-15 09:17:38,391.45,408894
2021-06-15 09:17:39,391.3,409427
2021-06-15 09:17:40,391.5,411827
2021-06-15 09:17:41,391.7,412266
2021-06-15 09:17:43,391.7,413485
2021-06-15 09:17:44,391.75,413635
2021-06-15 09:17:44,391.7,413760
2021-06-15 09:17:46,391.7,414690
2021-06-15 09:17:48,391.85,416845
2021-06-15 09:17:49,391.85,416897
2021-06-15 09:17:50,392.05,418797
2021-06-15 09:17:51,392.0,419473
2021-06-15 09:17:52,392.0,420050
2021-06-15 09:17:53,392.0,420226
2021-06-15 09:17:54,392.0,421008
2021-06-15 09:17:55,392.05,421089
2021-06-15 09:17:56,392.25,423856
2021-06-15 09:17:57,392.25,425135
2021-06-15 09:17:58,391.9,425671
2021-06-15 09:17:59,391.85,428665
2021-06-15 09:18:00,391.85,429125
2021-06-15 09:18:01,392.0,429333
2021-06-15 09:18:02,391.85,429888
2021-06-15 09:18:03,391.95,430888
2021-06-15 09:18:04,391.9,431213
2021-06-15 09:18:05,391.95,432463
2021-06-15 09:18:06,391.95,432513
2021-06-15 09:18:07,392.0,435972
2021-06-15 09:18:08,392.1,436096
2021-06-15 09:18:09,392.2,436122
2021-06-15 09:18:10,392.25,436332
2021-06-15 09:18:11,392.3,442345
2021-06-15 09:18:12,392.15,444128
2021-06-15 09:18:13,392.35,444371
2021-06-15 09:18:14,392.35,444371
2021-06-15 09:18:15,392.4,444549
2021-06-15 09:18:16,392.25,444674
2021-06-15 09:18:17,392.4,444974
2021-06-15 09:18:18,392.25,445033
2021-06-15 09:18:20,392.4,445290
2021-06-15 09:18:21,392.4,445592
2021-06-15 09:18:23,392.4,446726
2021-06-15 09:18:25,392.45,450745
2021-06-15 09:18:25,392.45,450745
2021-06-15 09:18:26,392.45,450927
2021-06-15 09:18:28,392.45,451029
2021-06-15 09:18:29,392.85,452623
2021-06-15 09:18:30,392.7,452689
2021-06-15 09:18:31,392.75,452749
2021-06-15 09:18:31,392.75,452749
2021-06-15 09:18:33,392.75,452839
2021-06-15 09:18:33,392.7,453844
2021-06-15 09:18:34,392.8,454031
2021-06-15 09:18:36,392.7,454708
2021-06-15 09:18:37,392.9,455138
2021-06-15 09:18:38,392.8,455290
2021-06-15 09:18:38,392.8,455290
2021-06-15 09:18:39,392.85,457332
2021-06-15 09:18:40,392.85,457616
2021-06-15 09:18:41,392.9,457617
2021-06-15 09:18:42,393.0,460185
2021-06-15 09:18:44,392.95,460349
2021-06-15 09:18:45,392.85,460727
2021-06-15 09:18:46,392.9,461117
2021-06-15 09:18:46,392.9,461117
2021-06-15 09:18:47,392.95,462107
2021-06-15 09:18:48,392.95,462668
2021-06-15 09:18:49,392.9,463248
2021-06-15 09:18:50,393.25,489510
2021-06-15 09:18:51,393.25,489591
2021-06-15 09:18:53,393.1,492162
2021-06-15 09:18:54,393.3,492264
2021-06-15 09:18:55,393.3,492579
2021-06-15 09:18:56,393.35,493179
2021-06-15 09:18:57,393.2,493180
2021-06-15 09:18:58,393.65,499034
2021-06-15 09:18:58,393.65,499034
2021-06-15 09:18:59,393.45,499404
2021-06-15 09:19:00,393.65,500138
2021-06-15 09:19:01,393.55,500226
2021-06-15 09:19:03,393.6,504886
2021-06-15 09:19:03,393.6,504989
2021-06-15 09:19:04,393.6,506134
2021-06-15 09:19:06,393.65,508739
2021-06-15 09:19:06,393.4,509838
2021-06-15 09:19:07,393.6,509888
2021-06-15 09:19:08,393.8,510743
2021-06-15 09:19:10,393.6,512889
2021-06-15 09:19:10,393.6,513055
2021-06-15 09:19:11,393.6,513282
2021-06-15 09:19:12,393.6,513308
2021-06-15 09:19:13,393.6,513819
2021-06-15 09:19:14,393.5,514344
2021-06-15 09:19:15,393.5,516589
2021-06-15 09:19:17,393.4,516650
2021-06-15 09:19:18,393.35,518287
2021-06-15 09:19:19,393.3,519217
2021-06-15 09:19:20,393.1,520369
2021-06-15 09:19:21,393.35,520992
2021-06-15 09:19:21,393.35,520992
2021-06-15 09:19:22,393.35,521078
2021-06-15 09:19:23,393.2,521572
2021-06-15 09:19:24,393.45,524572
2021-06-15 09:19:25,393.2,526811
2021-06-15 09:19:26,393.45,528831
2021-06-15 09:19:27,393.4,528988
2021-06-15 09:19:28,393.4,529242
2021-06-15 09:19:29,393.55,530270
2021-06-15 09:19:30,393.55,530905
2021-06-15 09:19:31,393.4,530950
2021-06-15 09:19:32,393.4,531075
2021-06-15 09:19:33,393.4,531659
2021-06-15 09:19:34,393.5,532458
2021-06-15 09:19:38,393.4,533023
2021-06-15 09:19:39,393.2,533223
2021-06-15 09:19:39,393.3,533869
2021-06-15 09:19:40,393.3,533969
2021-06-15 09:19:41,393.4,533981
2021-06-15 09:19:42,393.3,534077
2021-06-15 09:19:43,393.3,534139
2021-06-15 09:19:44,393.25,534241
2021-06-15 09:19:45,393.35,534246
2021-06-15 09:19:46,393.35,534999
2021-06-15 09:19:47,393.45,535192
2021-06-15 09:19:48,393.25,535394
2021-06-15 09:19:49,393.25,535394
2021-06-15 09:19:50,393.45,535626
2021-06-15 09:19:51,393.45,535679
2021-06-15 09:19:52,393.35,537055
2021-06-15 09:19:53,393.35,537080
2021-06-15 09:19:55,393.4,537282
2021-06-15 09:19:55,393.4,537364
2021-06-15 09:19:56,393.35,537972
2021-06-15 09:19:57,393.35,538125
2021-06-15 09:19:59,393.35,538298
2021-06-15 09:20:00,393.4,538500
2021-06-15 09:20:01,393.35,538775
2021-06-15 09:20:01,393.35,539051
2021-06-15 09:20:02,393.4,539281
2021-06-15 09:20:03,393.5,539745
2021-06-15 09:20:04,393.55,540741
2021-06-15 09:20:05,393.55,540741
2021-06-15 09:20:06,393.55,540984
2021-06-15 09:20:08,393.6,541182
2021-06-15 09:20:08,393.6,541186
2021-06-15 09:20:09,393.8,544547
2021-06-15 09:20:10,393.85,544873
2021-06-15 09:20:11,393.75,544973
2021-06-15 09:20:12,393.85,545051
2021-06-15 09:20:13,393.75,545727
2021-06-15 09:20:14,393.75,545803
2021-06-15 09:20:16,393.9,546453
2021-06-15 09:20:17,393.9,546528
2021-06-15 09:20:18,394.0,548887
2021-06-15 09:20:19,393.75,549083
2021-06-15 09:20:21,394.05,553105
2021-06-15 09:20:22,394.0,553225
2021-06-15 09:20:23,394.1,554150
2021-06-15 09:20:24,394.25,554566
2021-06-15 09:20:25,394.1,555015
2021-06-15 09:20:26,394.15,555543
2021-06-15 09:20:27,394.0,555895
2021-06-15 09:20:28,394.15,558997
2021-06-15 09:20:29,393.75,561303
2021-06-15 09:20:30,393.9,563313
2021-06-15 09:20:32,394.1,565659
2021-06-15 09:20:33,394.0,566004
2021-06-15 09:20:33,394.15,566214
2021-06-15 09:20:34,394.0,572563
2021-06-15 09:20:36,394.0,574251
2021-06-15 09:20:37,394.3,575251
2021-06-15 09:20:38,394.3,575751
2021-06-15 09:20:39,394.15,575821
2021-06-15 09:20:40,394.1,576131
2021-06-15 09:20:41,394.15,576139
2021-06-15 09:20:41,394.15,576370
2021-06-15 09:20:42,394.1,576633
2021-06-15 09:20:43,394.15,576728
2021-06-15 09:20:44,393.9,581717
2021-06-15 09:20:45,394.15,583267
2021-06-15 09:20:47,394.0,584317
2021-06-15 09:20:48,394.0,584793
2021-06-15 09:20:49,394.0,585386
2021-06-15 09:20:50,394.1,585758
2021-06-15 09:20:50,394.15,587458
2021-06-15 09:20:52,394.1,588568
2021-06-15 09:20:53,393.9,590406
2021-06-15 09:20:54,394.1,590806
2021-06-15 09:20:54,394.1,590806
2021-06-15 09:20:55,394.1,591075
2021-06-15 09:20:56,394.1,591295
2021-06-15 09:20:57,393.85,591643
2021-06-15 09:20:58,393.9,592018
2021-06-15 09:20:59,394.1,592564
2021-06-15 09:21:01,394.1,592984
2021-06-15 09:21:02,394.15,593151
2021-06-15 09:21:03,394.1,593702
2021-06-15 09:21:04,394.2,610024
2021-06-15 09:21:05,394.15,610654
2021-06-15 09:21:06,394.2,610706
2021-06-15 09:21:07,394.25,611292
2021-06-15 09:21:08,394.15,612142
2021-06-15 09:21:09,394.1,612806
2021-06-15 09:21:09,394.1,612857
2021-06-15 09:21:10,394.1,614560
2021-06-15 09:21:11,394.1,614712
2021-06-15 09:21:12,393.9,619362
2021-06-15 09:21:13,394.05,619823
2021-06-15 09:21:15,394.25,620337
2021-06-15 09:21:16,394.1,620402
2021-06-15 09:21:16,394.1,620452
2021-06-15 09:21:18,394.1,622161
2021-06-15 09:21:19,394.1,622161
2021-06-15 09:21:19,394.1,625173
2021-06-15 09:21:20,394.1,626317
2021-06-15 09:21:22,394.3,627031
2021-06-15 09:21:23,394.3,627031
2021-06-15 09:21:24,394.05,644602
2021-06-15 09:21:25,394.05,645521
2021-06-15 09:21:26,394.15,649675
2021-06-15 09:21:27,394.05,650132
2021-06-15 09:21:29,394.1,651449
2021-06-15 09:21:29,393.95,651678
2021-06-15 09:21:30,393.75,653482
2021-06-15 09:21:31,393.8,653934
2021-06-15 09:21:32,394.0,653977
2021-06-15 09:21:33,394.0,654138
2021-06-15 09:21:34,393.8,654178
2021-06-15 09:21:36,393.95,654398
2021-06-15 09:21:37,393.9,654604
2021-06-15 09:21:39,394.0,654654
2021-06-15 09:21:40,393.75,654689
2021-06-15 09:21:41,393.95,654893
2021-06-15 09:21:41,393.95,654943
2021-06-15 09:21:43,393.75,655483
2021-06-15 09:21:44,393.7,656612
2021-06-15 09:21:45,393.75,657279
2021-06-15 09:21:47,393.75,657733
2021-06-15 09:21:48,393.75,658025
2021-06-15 09:21:48,393.8,658050
2021-06-15 09:21:49,393.8,658388
2021-06-15 09:21:50,393.25,666489
2021-06-15 09:21:51,393.3,667574
2021-06-15 09:21:53,393.25,667650
2021-06-15 09:21:54,393.4,668756
2021-06-15 09:21:55,393.2,668933
2021-06-15 09:21:56,393.25,669611
2021-06-15 09:21:57,393.3,669747
2021-06-15 09:21:58,393.25,669979
2021-06-15 09:21:58,393.3,669983
2021-06-15 09:21:59,393.3,670278
2021-06-15 09:22:00,393.5,670453
2021-06-15 09:22:01,393.15,675063
2021-06-15 09:22:03,393.4,675099
2021-06-15 09:22:03,393.5,675100
2021-06-15 09:22:04,393.3,675391
2021-06-15 09:22:05,393.5,675394
2021-06-15 09:22:06,393.5,675514
2021-06-15 09:22:07,393.4,676346
2021-06-15 09:22:08,393.55,676724
2021-06-15 09:22:10,393.55,676850
2021-06-15 09:22:11,393.55,676850
2021-06-15 09:22:12,393.35,676926
2021-06-15 09:22:12,393.35,676946
2021-06-15 09:22:13,393.25,677261
2021-06-15 09:22:14,393.4,677266
2021-06-15 09:22:15,393.35,677301
2021-06-15 09:22:16,393.2,680414
2021-06-15 09:22:17,393.3,681039
2021-06-15 09:22:18,393.3,682139
2021-06-15 09:22:19,393.35,682159
2021-06-15 09:22:20,393.2,682160
2021-06-15 09:22:21,393.2,682410
2021-06-15 09:22:22,393.2,682410
2021-06-15 09:22:23,393.35,682710
2021-06-15 09:22:25,393.35,682710
2021-06-15 09:22:26,393.2,682960
2021-06-15 09:22:26,393.2,682960
2021-06-15 09:22:27,393.2,683010
2021-06-15 09:22:29,393.2,683881
2021-06-15 09:22:30,393.05,686906
2021-06-15 09:22:30,393.05,686911
2021-06-15 09:22:31,393.2,686961
2021-06-15 09:22:32,393.2,686961
2021-06-15 09:22:34,393.2,687287
2021-06-15 09:22:35,393.2,687287
2021-06-15 09:22:36,393.2,687487
2021-06-15 09:22:37,393.2,687487
2021-06-15 09:22:38,393.05,687506
2021-06-15 09:22:41,393.0,688387
2021-06-15 09:22:41,392.8,703856
2021-06-15 09:22:43,392.95,704525
2021-06-15 09:22:44,392.9,704710
2021-06-15 09:22:45,392.7,705356
2021-06-15 09:22:46,392.7,705356
2021-06-15 09:22:47,392.7,705483
2021-06-15 09:22:48,392.7,705744
2021-06-15 09:22:49,392.7,705997
2021-06-15 09:22:49,392.7,706012
2021-06-15 09:22:51,392.7,706478
2021-06-15 09:22:52,392.65,707617
2021-06-15 09:22:53,392.65,707986
2021-06-15 09:22:54,392.7,708612
2021-06-15 09:22:55,392.7,709154
2021-06-15 09:22:56,392.7,709154
2021-06-15 09:22:57,392.5,709389
2021-06-15 09:22:58,392.6,709954
2021-06-15 09:22:59,392.5,710005
2021-06-15 09:22:59,392.5,710005
2021-06-15 09:23:00,392.3,716854
2021-06-15 09:23:01,392.3,717084
2021-06-15 09:23:02,392.45,717409
2021-06-15 09:23:03,392.2,718862
2021-06-15 09:23:05,392.5,719292
2021-06-15 09:23:06,392.5,720001
2021-06-15 09:23:07,392.45,721583
2021-06-15 09:23:08,392.55,721697
2021-06-15 09:23:08,392.5,721748
2021-06-15 09:23:09,392.4,721758
2021-06-15 09:23:10,392.4,721758
2021-06-15 09:23:12,392.4,721855
2021-06-15 09:23:13,392.3,723609
2021-06-15 09:23:14,392.5,723817
2021-06-15 09:23:15,392.35,726487
2021-06-15 09:23:16,392.45,726964
2021-06-15 09:23:16,392.45,726964
2021-06-15 09:23:18,392.5,727085
2021-06-15 09:23:19,392.65,727165
2021-06-15 09:23:20,392.5,727191
2021-06-15 09:23:21,392.2,732270
2021-06-15 09:23:22,392.2,732430
2021-06-15 09:23:23,392.1,734981
2021-06-15 09:23:24,392.2,735378
2021-06-15 09:23:25,392.2,736174
2021-06-15 09:23:26,392.0,736199
2021-06-15 09:23:27,392.0,738935
2021-06-15 09:23:28,392.1,739476
2021-06-15 09:23:29,392.0,739930
2021-06-15 09:23:31,392.2,740335
2021-06-15 09:23:34,392.15,743635
2021-06-15 09:23:36,392.2,743909
2021-06-15 09:23:37,392.2,744391
2021-06-15 09:23:38,392.0,746342
2021-06-15 09:23:40,392.0,747696
2021-06-15 09:23:41,392.0,748772
2021-06-15 09:23:42,392.0,750983
2021-06-15 09:23:43,392.0,751459
2021-06-15 09:23:44,392.0,751534
2021-06-15 09:23:44,392.15,751744
2021-06-15 09:23:45,392.0,751901
2021-06-15 09:23:46,392.2,752737
2021-06-15 09:23:47,392.4,754137
2021-06-15 09:23:49,392.2,754138
2021-06-15 09:23:49,392.25,754375
2021-06-15 09:23:50,392.4,754884
2021-06-15 09:23:51,392.35,754947
2021-06-15 09:23:53,392.2,759209
2021-06-15 09:23:54,392.05,759245
2021-06-15 09:23:55,392.25,759448
2021-06-15 09:23:56,392.45,759665
2021-06-15 09:23:57,392.3,760013
2021-06-15 09:23:58,392.45,760163
2021-06-15 09:23:58,392.5,760414
2021-06-15 09:23:59,392.3,760588
2021-06-15 09:24:00,392.3,760664
2021-06-15 09:24:01,392.5,761319
2021-06-15 09:24:03,392.35,761595
2021-06-15 09:24:04,392.35,761724
2021-06-15 09:24:05,392.5,762032
2021-06-15 09:24:06,392.35,762054
2021-06-15 09:24:07,392.35,762054
2021-06-15 09:24:08,392.5,762154
2021-06-15 09:24:09,392.5,762470
2021-06-15 09:24:10,392.6,762683
2021-06-15 09:24:11,392.6,762684
2021-06-15 09:24:12,392.6,762872
2021-06-15 09:24:13,392.65,764069
2021-06-15 09:24:14,392.65,764148
2021-06-15 09:24:15,392.55,765175
2021-06-15 09:24:16,392.55,765402
2021-06-15 09:24:17,392.75,766612
2021-06-15 09:24:18,392.75,766612
2021-06-15 09:24:19,392.8,766627
2021-06-15 09:24:20,392.6,767197
2021-06-15 09:24:21,392.8,767242
2021-06-15 09:24:22,392.65,767327
2021-06-15 09:24:23,392.8,767527
2021-06-15 09:24:25,392.7,767646
2021-06-15 09:24:26,392.8,767844
2021-06-15 09:24:27,392.85,767964
2021-06-15 09:24:28,392.85,768176
2021-06-15 09:24:29,392.75,768217
2021-06-15 09:24:31,392.85,768362
2021-06-15 09:24:32,392.8,768431
2021-06-15 09:24:33,392.9,768531
2021-06-15 09:24:33,392.9,770031
2021-06-15 09:24:34,392.8,770068
2021-06-15 09:24:36,392.8,770244
2021-06-15 09:24:37,392.8,770254
2021-06-15 09:24:39,392.7,770323
2021-06-15 09:24:40,392.9,770489
2021-06-15 09:24:41,392.65,772042
2021-06-15 09:24:42,392.8,772542
2021-06-15 09:24:43,392.7,772948
2021-06-15 09:24:44,392.9,773355
2021-06-15 09:24:45,392.75,773707
2021-06-15 09:24:46,392.75,773707
2021-06-15 09:24:47,392.7,773857
2021-06-15 09:24:48,392.8,773965
2021-06-15 09:24:49,392.85,774116
2021-06-15 09:24:50,392.85,774116
2021-06-15 09:24:51,392.85,774167
2021-06-15 09:24:52,392.8,776885
2021-06-15 09:24:53,392.8,776885
2021-06-15 09:24:54,392.8,776967
2021-06-15 09:24:55,392.85,777187
2021-06-15 09:24:56,392.65,777299
2021-06-15 09:24:57,392.65,777331
2021-06-15 09:24:58,392.7,777431
2021-06-15 09:24:59,392.8,777633
2021-06-15 09:25:00,392.7,778083
2021-06-15 09:25:01,392.7,778083
2021-06-15 09:25:02,392.7,778283
2021-06-15 09:25:04,392.8,779982
2021-06-15 09:25:05,392.8,779982
2021-06-15 09:25:06,392.6,780128
2021-06-15 09:25:07,392.85,785553
2021-06-15 09:25:08,392.65,785604
2021-06-15 09:25:09,392.3,809786
2021-06-15 09:25:10,392.3,809805
2021-06-15 09:25:11,392.3,809990
2021-06-15 09:25:12,392.3,809990
2021-06-15 09:25:13,392.3,810110
2021-06-15 09:25:14,392.2,810147
2021-06-15 09:25:15,392.2,811153
2021-06-15 09:25:16,392.2,813558
2021-06-15 09:25:17,392.05,813659
2021-06-15 09:25:18,392.2,813666
2021-06-15 09:25:19,392.2,814706
2021-06-15 09:25:20,392.2,814741
2021-06-15 09:25:21,392.0,816531
2021-06-15 09:25:22,392.2,817039
2021-06-15 09:25:23,392.2,817039
2021-06-15 09:25:24,392.05,817914
2021-06-15 09:25:25,392.2,817939
2021-06-15 09:25:26,392.5,820565
2021-06-15 09:25:28,392.2,821594
2021-06-15 09:25:29,392.2,821594
2021-06-15 09:25:30,392.05,821597
2021-06-15 09:25:31,392.05,831519
2021-06-15 09:25:32,392.0,831520
2021-06-15 09:25:33,392.05,831820
2021-06-15 09:25:34,392.2,832042
2021-06-15 09:25:36,392.2,833282
2021-06-15 09:25:37,392.15,833377
2021-06-15 09:25:38,392.0,833577
2021-06-15 09:25:39,392.15,833607
2021-06-15 09:25:40,392.05,833618
2021-06-15 09:25:41,392.15,833666
2021-06-15 09:25:42,392.0,833986
2021-06-15 09:25:43,392.15,834086
2021-06-15 09:25:44,392.0,837115
2021-06-15 09:25:45,391.85,838259
2021-06-15 09:25:46,392.1,838304
2021-06-15 09:25:47,392.0,838740
2021-06-15 09:25:48,392.1,841465
2021-06-15 09:25:49,391.85,841990
2021-06-15 09:25:50,392.0,844593
2021-06-15 09:25:51,392.05,844594
2021-06-15 09:25:52,392.05,844594
2021-06-15 09:25:53,392.05,845309
2021-06-15 09:25:54,392.0,847764
2021-06-15 09:25:55,391.75,847914
2021-06-15 09:25:56,392.0,848114
2021-06-15 09:25:57,391.8,850549
2021-06-15 09:25:58,391.85,850886
2021-06-15 09:26:00,391.9,850906
2021-06-15 09:26:02,391.9,850906
2021-06-15 09:26:03,391.85,851406
2021-06-15 09:26:04,391.85,851416
2021-06-15 09:26:05,391.9,851426
2021-06-15 09:26:06,391.9,851426
2021-06-15 09:26:08,391.9,851743
2021-06-15 09:26:09,391.9,851768
2021-06-15 09:26:10,391.9,851768
2021-06-15 09:26:11,391.9,852079
2021-06-15 09:26:12,391.9,852149
2021-06-15 09:26:13,391.95,854505
2021-06-15 09:26:14,392.0,855303
2021-06-15 09:26:15,392.2,855908
2021-06-15 09:26:16,392.2,855909
2021-06-15 09:26:17,392.2,855909
2021-06-15 09:26:18,392.05,856300
2021-06-15 09:26:20,392.0,857230
2021-06-15 09:26:21,392.1,857415
2021-06-15 09:26:22,392.0,857765
2021-06-15 09:26:23,392.05,857816
2021-06-15 09:26:25,392.05,858476
2021-06-15 09:26:26,392.1,858502
2021-06-15 09:26:27,392.1,858831
2021-06-15 09:26:28,392.1,858956
2021-06-15 09:26:29,392.05,859336
2021-06-15 09:26:30,392.15,859743
2021-06-15 09:26:31,392.0,860951
2021-06-15 09:26:33,391.7,867869
2021-06-15 09:26:34,391.85,868136
2021-06-15 09:26:35,391.85,868221
2021-06-15 09:26:36,391.7,868548
2021-06-15 09:26:37,391.7,868586
2021-06-15 09:26:38,391.7,870104
2021-06-15 09:26:39,391.85,870119
2021-06-15 09:26:40,391.85,870916
2021-06-15 09:26:41,391.7,870992
2021-06-15 09:26:42,391.7,871648
2021-06-15 09:26:43,391.7,871719
2021-06-15 09:26:44,391.7,871750
2021-06-15 09:26:45,391.75,872284
2021-06-15 09:26:46,391.7,879749
2021-06-15 09:26:47,391.6,880713
2021-06-15 09:26:48,391.6,881382
2021-06-15 09:26:49,391.65,881586
2021-06-15 09:26:50,391.65,881686
2021-06-15 09:26:51,391.5,882947
2021-06-15 09:26:52,391.35,895633
2021-06-15 09:26:53,391.55,897734
2021-06-15 09:26:54,391.55,899134
2021-06-15 09:26:55,391.65,902799
2021-06-15 09:26:56,391.7,903379
2021-06-15 09:26:57,391.65,903517
2021-06-15 09:26:58,391.45,904122
2021-06-15 09:26:59,391.4,904588
2021-06-15 09:27:00,391.45,904640
2021-06-15 09:27:01,391.5,904690
2021-06-15 09:27:02,391.45,906975
2021-06-15 09:27:03,391.7,907226
2021-06-15 09:27:04,391.4,907426
2021-06-15 09:27:05,391.45,907956
2021-06-15 09:27:06,391.55,907957
2021-06-15 09:27:07,391.55,908140
2021-06-15 09:27:08,391.45,908822
2021-06-15 09:27:09,391.65,909253
2021-06-15 09:27:10,391.5,909353
2021-06-15 09:27:11,391.7,909364
2021-06-15 09:27:12,391.65,909414
2021-06-15 09:27:13,391.95,911114
2021-06-15 09:27:14,391.75,912215
2021-06-15 09:27:15,391.75,912416
2021-06-15 09:27:16,391.95,913129
2021-06-15 09:27:17,391.75,913149
2021-06-15 09:27:18,391.75,913290
2021-06-15 09:27:19,391.7,913492
2021-06-15 09:27:20,391.7,913623
2021-06-15 09:27:21,391.7,913678
2021-06-15 09:27:22,391.7,913910
2021-06-15 09:27:23,391.7,914029
2021-06-15 09:27:24,391.65,914280
2021-06-15 09:27:25,391.65,914603
2021-06-15 09:27:26,391.7,914664
2021-06-15 09:27:27,391.7,914789
2021-06-15 09:27:28,391.6,915789
2021-06-15 09:27:30,391.55,915985
2021-06-15 09:27:31,391.65,915988
2021-06-15 09:27:32,391.7,917291
2021-06-15 09:27:33,391.7,917391
2021-06-15 09:27:33,391.8,917491
2021-06-15 09:27:34,391.8,917811
2021-06-15 09:27:35,391.8,917811
2021-06-15 09:27:36,391.8,918643
2021-06-15 09:27:37,391.8,919143
2021-06-15 09:27:38,391.8,919143
2021-06-15 09:27:39,391.8,919143
2021-06-15 09:27:40,392.0,921882
2021-06-15 09:27:41,392.15,921909
2021-06-15 09:27:42,392.0,921929
2021-06-15 09:27:43,392.2,922029
2021-06-15 09:27:44,392.2,922279
2021-06-15 09:27:45,392.25,922790
2021-06-15 09:27:46,392.2,925805
2021-06-15 09:27:47,392.2,925805
2021-06-15 09:27:48,392.0,926280
2021-06-15 09:27:49,392.15,926355
2021-06-15 09:27:50,392.25,926508
2021-06-15 09:27:51,392.15,926598
2021-06-15 09:27:53,392.0,926823
2021-06-15 09:27:54,392.2,927389
2021-06-15 09:27:55,392.2,927904
2021-06-15 09:27:56,392.15,927957
2021-06-15 09:27:57,392.15,927987
2021-06-15 09:27:58,392.1,928309
2021-06-15 09:27:59,392.0,928360
2021-06-15 09:28:00,392.0,928447
2021-06-15 09:28:02,392.0,928447
2021-06-15 09:28:02,392.0,928447
2021-06-15 09:28:03,392.0,928625
2021-06-15 09:28:04,392.15,928636
2021-06-15 09:28:05,392.0,928928
2021-06-15 09:28:07,392.1,929111
2021-06-15 09:28:08,392.1,929111
2021-06-15 09:28:08,392.15,929136
2021-06-15 09:28:09,392.15,929136
2021-06-15 09:28:10,392.1,929366
2021-06-15 09:28:11,392.0,930061
2021-06-15 09:28:12,391.7,939901
2021-06-15 09:28:13,391.85,940081
2021-06-15 09:28:14,391.6,940121
2021-06-15 09:28:15,391.8,940225
2021-06-15 09:28:16,391.8,940225
2021-06-15 09:28:17,391.8,940225
2021-06-15 09:28:18,392.05,940826
2021-06-15 09:28:19,391.85,941592
2021-06-15 09:28:20,392.0,941712
2021-06-15 09:28:21,391.85,941785
2021-06-15 09:28:22,392.0,941795
2021-06-15 09:28:23,391.95,941971
2021-06-15 09:28:24,391.9,942102
2021-06-15 09:28:25,391.9,942368
2021-06-15 09:28:27,392.0,942470
2021-06-15 09:28:28,391.9,942535
2021-06-15 09:28:29,391.9,942535
2021-06-15 09:28:30,392.0,942620
2021-06-15 09:28:31,392.05,942635
2021-06-15 09:28:32,392.0,942835
2021-06-15 09:28:33,392.0,942845
2021-06-15 09:28:34,392.0,942845
2021-06-15 09:28:35,392.0,942865
2021-06-15 09:28:36,392.0,942965
2021-06-15 09:28:37,392.0,942965
2021-06-15 09:28:38,392.0,942965
2021-06-15 09:28:39,392.0,943005
2021-06-15 09:28:40,392.0,943051
2021-06-15 09:28:41,391.85,943321
2021-06-15 09:28:42,391.85,943321
2021-06-15 09:28:43,391.85,943321
2021-06-15 09:28:44,392.0,943551
2021-06-15 09:28:45,391.9,943614
2021-06-15 09:28:46,392.0,944196
2021-06-15 09:28:47,391.9,945121
2021-06-15 09:28:48,391.95,945206
2021-06-15 09:28:49,391.95,945256
2021-06-15 09:28:50,391.95,945276
2021-06-15 09:28:51,392.0,946046
2021-06-15 09:28:53,391.9,947631
2021-06-15 09:28:55,391.9,947631
2021-06-15 09:28:56,391.9,950171
2021-06-15 09:28:57,391.8,950201
2021-06-15 09:28:58,391.8,950201
2021-06-15 09:28:59,391.9,950226
2021-06-15 09:29:00,391.9,951879
2021-06-15 09:29:00,391.9,951879
2021-06-15 09:29:01,391.8,952570
2021-06-15 09:29:02,391.8,954573
2021-06-15 09:29:03,391.8,954628
2021-06-15 09:29:04,391.8,954628
2021-06-15 09:29:05,391.6,954787
2021-06-15 09:29:06,391.8,955062
2021-06-15 09:29:07,391.8,955063
2021-06-15 09:29:08,391.8,955063
2021-06-15 09:29:09,391.85,955786
2021-06-15 09:29:10,391.85,955786
2021-06-15 09:29:11,391.85,955786
2021-06-15 09:29:12,391.85,955786
2021-06-15 09:29:13,391.95,955791
2021-06-15 09:29:15,391.95,955991
2021-06-15 09:29:15,391.85,956201
2021-06-15 09:29:16,391.85,956201
2021-06-15 09:29:17,391.9,956301
2021-06-15 09:29:18,391.9,956301
2021-06-15 09:29:19,391.9,956401
2021-06-15 09:29:20,391.55,958637
2021-06-15 09:29:21,391.55,958637
2021-06-15 09:29:22,391.75,960853
2021-06-15 09:29:23,391.8,961046
2021-06-15 09:29:24,391.95,961161
2021-06-15 09:29:25,391.95,961211
2021-06-15 09:29:26,391.85,961241
2021-06-15 09:29:27,391.65,962305
2021-06-15 09:29:28,391.85,962365
2021-06-15 09:29:29,391.85,962365
2021-06-15 09:29:30,391.7,962747
2021-06-15 09:29:31,391.9,962872
2021-06-15 09:29:32,391.95,962874
2021-06-15 09:29:33,391.7,963226
2021-06-15 09:29:34,391.7,963226
2021-06-15 09:29:35,391.85,963227
2021-06-15 09:29:36,391.9,963242
2021-06-15 09:29:37,391.9,963252
2021-06-15 09:29:38,391.75,963352
2021-06-15 09:29:39,392.0,963457
2021-06-15 09:29:40,392.0,964057
2021-06-15 09:29:41,391.85,964357
2021-06-15 09:29:42,391.75,964358
2021-06-15 09:29:43,391.95,964608
2021-06-15 09:29:44,391.9,964613
2021-06-15 09:29:45,391.9,964613
2021-06-15 09:29:46,391.65,967703
2021-06-15 09:29:47,391.7,968116
2021-06-15 09:29:48,391.55,968538
2021-06-15 09:29:49,391.7,975887
2021-06-15 09:29:50,391.75,975957
2021-06-15 09:29:51,391.65,976503
2021-06-15 09:29:52,391.65,976506
2021-06-15 09:29:53,391.55,976511
2021-06-15 09:29:54,391.65,976811
2021-06-15 09:29:56,391.55,977226
2021-06-15 09:29:57,391.55,977226
2021-06-15 09:29:58,391.55,977241
2021-06-15 09:29:59,391.7,977602
2021-06-15 09:30:00,391.55,977662
2021-06-15 09:30:01,391.55,985778
2021-06-15 09:30:02,391.65,986303
2021-06-15 09:30:02,391.65,986428
2021-06-15 09:30:03,391.5,986609
2021-06-15 09:30:04,391.65,986732
2021-06-15 09:30:05,391.65,986807
2021-06-15 09:30:06,391.5,991853
2021-06-15 09:30:07,391.6,992259
2021-06-15 09:30:08,391.6,992284
2021-06-15 09:30:09,391.4,995234
2021-06-15 09:30:10,391.5,995334
2021-06-15 09:30:11,391.5,995364
2021-06-15 09:30:12,391.5,995364
2021-06-15 09:30:13,391.55,995507
2021-06-15 09:30:14,391.5,998269
2021-06-15 09:30:15,391.55,998494
2021-06-15 09:30:16,391.55,998494
2021-06-15 09:30:17,391.7,998514
2021-06-15 09:30:18,391.7,998514
2021-06-15 09:30:20,391.6,999335
2021-06-15 09:30:21,391.6,999386
2021-06-15 09:30:22,391.7,999486
2021-06-15 09:30:22,391.7,999536
2021-06-15 09:30:23,391.85,999676
2021-06-15 09:30:24,391.7,999754
2021-06-15 09:30:25,391.7,999768
2021-06-15 09:30:26,391.65,999869
2021-06-15 09:30:27,391.8,1000028
2021-06-15 09:30:28,391.8,1000028
2021-06-15 09:30:29,391.8,1000198
2021-06-15 09:30:30,391.65,1000210
2021-06-15 09:30:31,391.65,1000213
2021-06-15 09:30:32,391.65,1001648
2021-06-15 09:30:33,391.65,1001648
2021-06-15 09:30:34,391.85,1003008
2021-06-15 09:30:36,391.95,1008112
2021-06-15 09:30:37,391.95,1008112
2021-06-15 09:30:38,391.9,1008320
2021-06-15 09:30:39,392.0,1008331
2021-06-15 09:30:40,391.9,1008382
2021-06-15 09:30:41,392.0,1008608
2021-06-15 09:30:42,392.0,1008710
2021-06-15 09:30:43,392.0,1008725
2021-06-15 09:30:44,392.0,1008887
2021-06-15 09:30:45,392.0,1008887
2021-06-15 09:30:46,392.0,1009506
2021-06-15 09:30:47,391.9,1009531
2021-06-15 09:30:48,392.0,1010082
2021-06-15 09:30:49,392.0,1010327
2021-06-15 09:30:50,391.9,1010428
2021-06-15 09:30:51,392.0,1011428
2021-06-15 09:30:52,392.0,1011428
2021-06-15 09:30:53,392.0,1011468
2021-06-15 09:30:54,392.0,1011756
2021-06-15 09:30:56,392.2,1017992
2021-06-15 09:30:57,392.2,1017992
2021-06-15 09:30:58,392.2,1018119
2021-06-15 09:30:58,392.2,1018119
2021-06-15 09:31:00,392.1,1018298
2021-06-15 09:31:00,392.1,1018298
2021-06-15 09:31:01,392.15,1018453
2021-06-15 09:31:02,392.15,1018478
2021-06-15 09:31:03,392.15,1018493
2021-06-15 09:31:04,392.15,1018554
2021-06-15 09:31:05,392.15,1018554
2021-06-15 09:31:06,392.35,1019505
2021-06-15 09:31:07,392.35,1019915
2021-06-15 09:31:08,392.45,1019940
2021-06-15 09:31:09,392.45,1020020
2021-06-15 09:31:11,392.35,1020121
2021-06-15 09:31:11,392.35,1020357
2021-06-15 09:31:12,392.35,1020357
2021-06-15 09:31:13,392.45,1020889
2021-06-15 09:31:14,392.5,1020917
2021-06-15 09:31:15,392.5,1021100
2021-06-15 09:31:16,392.5,1021235
2021-06-15 09:31:17,392.5,1021461
2021-06-15 09:31:18,392.5,1021461
2021-06-15 09:31:19,392.5,1021606
2021-06-15 09:31:20,392.35,1021706
2021-06-15 09:31:21,392.45,1021906
2021-06-15 09:31:22,392.5,1021927
2021-06-15 09:31:23,392.4,1023211
2021-06-15 09:31:24,392.4,1023211
2021-06-15 09:31:25,392.35,1023526
2021-06-15 09:31:26,392.5,1023921
2021-06-15 09:31:27,392.45,1024004
2021-06-15 09:31:28,392.45,1024004
2021-06-15 09:31:29,392.55,1024674
2021-06-15 09:31:31,392.55,1024867
2021-06-15 09:31:31,392.55,1024991
2021-06-15 09:31:32,392.55,1024991
2021-06-15 09:31:34,392.55,1025136
2021-06-15 09:31:35,392.4,1026087
2021-06-15 09:31:36,392.55,1026615
2021-06-15 09:31:37,392.7,1027964
2021-06-15 09:31:38,392.55,1028067
2021-06-15 09:31:39,392.7,1028068
2021-06-15 09:31:40,392.7,1028469
2021-06-15 09:31:41,392.7,1029469
2021-06-15 09:31:42,392.65,1029626
2021-06-15 09:31:43,392.45,1029651
2021-06-15 09:31:44,392.65,1030001
2021-06-15 09:31:45,392.55,1030024
2021-06-15 09:31:46,392.55,1030167
2021-06-15 09:31:47,392.65,1030667
2021-06-15 09:31:48,392.55,1031178
2021-06-15 09:31:49,392.55,1032099
2021-06-15 09:31:50,392.65,1032103
2021-06-15 09:31:51,392.5,1032153
2021-06-15 09:31:52,392.65,1032613
2021-06-15 09:31:53,392.65,1032904
2021-06-15 09:31:54,392.55,1032955
2021-06-15 09:31:55,392.65,1033003
2021-06-15 09:31:56,392.45,1037536
2021-06-15 09:31:57,392.55,1037780
2021-06-15 09:31:58,392.6,1038035
2021-06-15 09:31:59,392.55,1038136
2021-06-15 09:31:59,392.65,1038195
2021-06-15 09:32:00,392.65,1038349
2021-06-15 09:32:01,392.65,1038539
2021-06-15 09:32:02,392.7,1038620
2021-06-15 09:32:03,392.7,1038646
2021-06-15 09:32:04,392.7,1039408
2021-06-15 09:32:06,392.7,1039508
2021-06-15 09:32:07,392.65,1039999
2021-06-15 09:32:08,392.7,1040275
2021-06-15 09:32:09,392.65,1040351
2021-06-15 09:32:10,392.7,1040399
2021-06-15 09:32:11,392.5,1042544
2021-06-15 09:32:12,392.6,1042619
2021-06-15 09:32:13,392.65,1042719
2021-06-15 09:32:14,392.65,1042729
2021-06-15 09:32:15,392.45,1042929
2021-06-15 09:32:16,392.45,1042929
2021-06-15 09:32:17,392.65,1043075
2021-06-15 09:32:18,392.65,1043075
2021-06-15 09:32:19,392.65,1043143
2021-06-15 09:32:19,392.6,1043243
2021-06-15 09:32:20,392.65,1043252
2021-06-15 09:32:21,392.6,1043264
2021-06-15 09:32:22,392.45,1045371
2021-06-15 09:32:23,392.45,1045386
2021-06-15 09:32:24,392.45,1045676
2021-06-15 09:32:25,392.4,1045701
2021-06-15 09:32:26,392.4,1045701
2021-06-15 09:32:28,392.45,1045962
2021-06-15 09:32:29,392.4,1046039
2021-06-15 09:32:30,392.0,1057036
2021-06-15 09:32:31,392.0,1057117
2021-06-15 09:32:32,392.3,1058147
2021-06-15 09:32:33,392.25,1058924
2021-06-15 09:32:34,392.0,1059020
2021-06-15 09:32:35,392.2,1059229
2021-06-15 09:32:36,392.0,1059329
2021-06-15 09:32:37,392.0,1060529
2021-06-15 09:32:37,392.25,1061104
2021-06-15 09:32:38,392.25,1062104
2021-06-15 09:32:39,392.0,1062206
2021-06-15 09:32:40,392.1,1062319
2021-06-15 09:32:42,392.1,1062319
2021-06-15 09:32:44,392.15,1062320
2021-06-15 09:32:45,392.15,1062471
2021-06-15 09:32:46,392.15,1062471
2021-06-15 09:32:49,392.25,1062528
2021-06-15 09:32:50,392.05,1062855
2021-06-15 09:32:51,392.25,1062905
2021-06-15 09:32:52,392.05,1063411
2021-06-15 09:32:53,391.95,1073998
2021-06-15 09:32:54,391.75,1074026
2021-06-15 09:32:54,391.75,1074061
2021-06-15 09:32:56,391.95,1074614
2021-06-15 09:32:57,391.95,1074824
2021-06-15 09:32:58,391.95,1074824
2021-06-15 09:32:59,391.95,1074824
2021-06-15 09:33:00,391.95,1075974
2021-06-15 09:33:00,391.75,1076758
2021-06-15 09:33:01,391.75,1076758
2021-06-15 09:33:02,391.85,1076959
2021-06-15 09:33:03,391.85,1076961
2021-06-15 09:33:04,391.85,1077011
2021-06-15 09:33:05,391.85,1077359
2021-06-15 09:33:06,391.85,1077666
2021-06-15 09:33:07,391.9,1077667
2021-06-15 09:33:09,392.0,1078411
2021-06-15 09:33:10,391.95,1078571
2021-06-15 09:33:11,391.95,1078637
2021-06-15 09:33:12,392.1,1078644
2021-06-15 09:33:13,392.1,1078644
2021-06-15 09:33:14,392.1,1078644
2021-06-15 09:33:15,392.1,1078644
2021-06-15 09:33:16,392.0,1078699
2021-06-15 09:33:17,392.35,1088753
2021-06-15 09:33:17,392.35,1088753
2021-06-15 09:33:18,392.25,1088872
2021-06-15 09:33:20,392.25,1089047
2021-06-15 09:33:21,392.25,1089047
2021-06-15 09:33:22,392.25,1089049
2021-06-15 09:33:23,392.25,1089074
2021-06-15 09:33:24,392.25,1089114
2021-06-15 09:33:26,392.25,1089150
2021-06-15 09:33:27,392.15,1089804
2021-06-15 09:33:29,392.2,1089856
2021-06-15 09:33:30,392.2,1090306
2021-06-15 09:33:31,392.25,1090314
2021-06-15 09:33:32,392.25,1090439
2021-06-15 09:33:33,392.1,1090464
2021-06-15 09:33:34,392.3,1090465
2021-06-15 09:33:34,392.3,1090465
2021-06-15 09:33:35,392.25,1090665
2021-06-15 09:33:36,392.25,1090665
2021-06-15 09:33:37,392.3,1090666
2021-06-15 09:33:38,392.3,1090666
2021-06-15 09:33:39,392.3,1090686
2021-06-15 09:33:40,392.3,1090686
2021-06-15 09:33:42,392.25,1090739
2021-06-15 09:33:44,392.25,1091474
2021-06-15 09:33:45,392.25,1092888
2021-06-15 09:33:45,392.3,1094803
2021-06-15 09:33:47,392.25,1094828
2021-06-15 09:33:47,392.25,1094828
2021-06-15 09:33:48,392.25,1094828
2021-06-15 09:33:49,392.25,1094832
2021-06-15 09:33:50,392.25,1094933
2021-06-15 09:33:51,392.15,1097083
2021-06-15 09:33:53,392.25,1097375
2021-06-15 09:33:54,392.25,1097375
2021-06-15 09:33:55,392.25,1098057
2021-06-15 09:33:56,392.15,1098941
2021-06-15 09:33:57,392.15,1098941
2021-06-15 09:33:58,392.15,1098986
2021-06-15 09:33:59,392.15,1099036
2021-06-15 09:34:00,392.15,1099036
2021-06-15 09:34:01,392.2,1099777
2021-06-15 09:34:02,392.1,1101362
2021-06-15 09:34:03,392.1,1101363
2021-06-15 09:34:04,392.15,1101463
2021-06-15 09:34:05,392.15,1101463
2021-06-15 09:34:07,392.1,1101464
2021-06-15 09:34:08,392.1,1101494
2021-06-15 09:34:09,392.1,1101844
2021-06-15 09:34:10,392.1,1102129
2021-06-15 09:34:11,392.1,1102184
2021-06-15 09:34:12,392.0,1102260
2021-06-15 09:34:13,392.0,1102355
2021-06-15 09:34:13,392.0,1102356
2021-06-15 09:34:15,391.85,1103493
2021-06-15 09:34:16,391.95,1104560
2021-06-15 09:34:17,391.95,1104575
2021-06-15 09:34:17,391.95,1104575
2021-06-15 09:34:20,391.85,1106007
2021-06-15 09:34:20,391.85,1106007
2021-06-15 09:34:21,391.6,1106632
2021-06-15 09:34:22,391.8,1106782
2021-06-15 09:34:23,391.8,1106782
2021-06-15 09:34:24,391.6,1106862
2021-06-15 09:34:26,391.75,1106872
2021-06-15 09:34:27,391.75,1106890
2021-06-15 09:34:28,391.85,1106925
2021-06-15 09:34:28,391.8,1106944
2021-06-15 09:34:29,391.8,1106947
2021-06-15 09:34:31,391.8,1106948
2021-06-15 09:34:32,391.9,1107179
2021-06-15 09:34:33,391.9,1107279
2021-06-15 09:34:34,391.6,1109429
2021-06-15 09:34:35,391.8,1109440
2021-06-15 09:34:36,391.85,1109590
2021-06-15 09:34:37,391.85,1109590
2021-06-15 09:34:38,391.85,1109739
2021-06-15 09:34:39,391.85,1109740
2021-06-15 09:34:40,391.65,1109892
2021-06-15 09:34:41,391.75,1110694
2021-06-15 09:34:42,391.8,1110894
2021-06-15 09:34:43,391.7,1111818
2021-06-15 09:34:44,391.7,1111818
2021-06-15 09:34:45,391.8,1111879
2021-06-15 09:34:46,391.8,1116228
2021-06-15 09:34:47,391.8,1116390
2021-06-15 09:34:48,391.8,1116390
2021-06-15 09:34:49,391.85,1117872
2021-06-15 09:34:50,391.85,1117872
2021-06-15 09:34:51,391.9,1125039
2021-06-15 09:34:51,392.0,1125051
2021-06-15 09:34:52,392.0,1125055
2021-06-15 09:34:53,391.95,1125155
2021-06-15 09:34:54,391.95,1125370
2021-06-15 09:34:55,391.95,1125705
2021-06-15 09:34:56,391.95,1125705
2021-06-15 09:34:58,392.0,1126200
2021-06-15 09:35:02,391.8,1131893
2021-06-15 09:35:03,391.8,1132051
2021-06-15 09:35:04,391.85,1132157
2021-06-15 09:35:05,391.85,1132157
2021-06-15 09:35:06,391.85,1132162
2021-06-15 09:35:07,391.6,1136991
2021-06-15 09:35:08,391.7,1137021
2021-06-15 09:35:09,391.7,1137096
2021-06-15 09:35:10,391.7,1137146
2021-06-15 09:35:11,391.6,1137351
2021-06-15 09:35:12,391.6,1137351
2021-06-15 09:35:13,391.6,1137551
2021-06-15 09:35:14,391.8,1138036
2021-06-15 09:35:15,391.55,1140656
2021-06-15 09:35:16,391.6,1140882
2021-06-15 09:35:17,391.6,1140885
2021-06-15 09:35:18,391.6,1140885
2021-06-15 09:35:19,391.6,1141233
2021-06-15 09:35:20,391.6,1141283
2021-06-15 09:35:21,391.55,1141492
2021-06-15 09:35:22,391.6,1141878
2021-06-15 09:35:23,391.65,1141883
2021-06-15 09:35:24,391.65,1141883
2021-06-15 09:35:25,391.65,1141883
2021-06-15 09:35:26,391.6,1141885
2021-06-15 09:35:27,391.65,1141886
2021-06-15 09:35:28,391.6,1141986
2021-06-15 09:35:29,391.6,1141986
2021-06-15 09:35:30,391.7,1142036
2021-06-15 09:35:31,391.65,1142099
2021-06-15 09:35:32,391.65,1142099
2021-06-15 09:35:33,391.65,1142186
2021-06-15 09:35:34,391.65,1142324
2021-06-15 09:35:35,391.65,1144154
2021-06-15 09:35:36,391.65,1144654
2021-06-15 09:35:37,391.65,1144914
2021-06-15 09:35:38,391.65,1144914
2021-06-15 09:35:39,391.5,1154860
2021-06-15 09:35:41,391.5,1158160
2021-06-15 09:35:40,391.5,1158160
2021-06-15 09:35:42,391.55,1159163
2021-06-15 09:35:43,391.55,1159163
2021-06-15 09:35:44,391.55,1159163
2021-06-15 09:35:45,391.6,1159188
2021-06-15 09:35:46,391.6,1159188
2021-06-15 09:35:47,391.6,1159198
2021-06-15 09:35:48,391.65,1159273
2021-06-15 09:35:49,391.7,1159536
2021-06-15 09:35:50,391.6,1160073
2021-06-15 09:35:51,391.6,1160073
2021-06-15 09:35:52,391.7,1161072
2021-06-15 09:35:53,391.65,1161077
2021-06-15 09:35:54,391.5,1161195
2021-06-15 09:35:55,391.6,1161332
2021-06-15 09:35:56,391.55,1161362
2021-06-15 09:35:57,391.55,1161362
2021-06-15 09:35:58,391.8,1161564
2021-06-15 09:35:59,391.8,1161564
2021-06-15 09:36:00,391.7,1161854
2021-06-15 09:36:01,391.75,1161855
2021-06-15 09:36:02,391.8,1161856
2021-06-15 09:36:03,391.8,1161856
2021-06-15 09:36:04,391.65,1167197
2021-06-15 09:36:05,391.7,1167217
2021-06-15 09:36:06,391.8,1169099
2021-06-15 09:36:07,391.9,1169459
2021-06-15 09:36:08,391.9,1169459
2021-06-15 09:36:09,391.9,1169459
2021-06-15 09:36:10,391.9,1169459
2021-06-15 09:36:11,391.8,1169512
2021-06-15 09:36:12,391.7,1169649
2021-06-15 09:36:13,391.7,1169749
2021-06-15 09:36:15,391.7,1169749
2021-06-15 09:36:14,391.7,1169749
2021-06-15 09:36:16,391.85,1169769
2021-06-15 09:36:17,391.85,1169769
2021-06-15 09:36:18,391.9,1169770
2021-06-15 09:36:19,391.7,1169871
2021-06-15 09:36:20,391.9,1170071
2021-06-15 09:36:21,391.9,1170071
2021-06-15 09:36:22,391.9,1170072
2021-06-15 09:36:24,391.9,1170072
2021-06-15 09:36:25,391.9,1170202
2021-06-15 09:36:26,391.75,1170282
2021-06-15 09:36:27,391.9,1170386
2021-06-15 09:36:28,391.9,1170393
2021-06-15 09:36:29,391.75,1170463
2021-06-15 09:36:30,391.8,1170477
2021-06-15 09:36:31,391.9,1170792
2021-06-15 09:36:32,391.75,1170978
2021-06-15 09:36:33,391.75,1171796
2021-06-15 09:36:34,391.95,1171895
2021-06-15 09:36:35,391.8,1172351
2021-06-15 09:36:36,391.8,1172394
2021-06-15 09:36:37,391.8,1172394
2021-06-15 09:36:38,391.8,1172394
2021-06-15 09:36:40,391.85,1172742
2021-06-15 09:36:41,391.85,1172742
2021-06-15 09:36:42,391.85,1172742
2021-06-15 09:36:43,391.75,1175503
2021-06-15 09:36:44,391.65,1175882
2021-06-15 09:36:45,391.7,1176932
2021-06-15 09:36:46,391.35,1206307
2021-06-15 09:36:47,391.35,1206307
2021-06-15 09:36:48,391.35,1206307
2021-06-15 09:36:49,391.15,1217466
2021-06-15 09:36:50,391.2,1217470
2021-06-15 09:36:51,391.15,1217751
2021-06-15 09:36:52,391.15,1217751
2021-06-15 09:36:53,391.2,1218111
2021-06-15 09:36:54,391.0,1231737
2021-06-15 09:36:55,391.2,1233662
2021-06-15 09:36:56,391.2,1233691
2021-06-15 09:36:57,391.3,1234041
2021-06-15 09:36:58,391.3,1234041
2021-06-15 09:36:59,391.3,1234041
2021-06-15 09:37:00,391.3,1234311
2021-06-15 09:37:01,391.35,1234633
2021-06-15 09:37:02,391.3,1234634
2021-06-15 09:37:03,391.3,1234644
2021-06-15 09:37:04,391.25,1235044
2021-06-15 09:37:05,391.25,1235047
2021-06-15 09:37:06,391.2,1240623
2021-06-15 09:37:07,391.3,1240708
2021-06-15 09:37:08,391.1,1242310
2021-06-15 09:37:09,391.1,1242430
2021-06-15 09:37:10,391.15,1245079
2021-06-15 09:37:11,391.05,1245315
2021-06-15 09:37:13,391.15,1246403
2021-06-15 09:37:14,391.2,1246503
2021-06-15 09:37:15,391.35,1247936
2021-06-15 09:37:16,391.15,1248003
2021-06-15 09:37:17,391.35,1248054
2021-06-15 09:37:18,391.1,1249224
2021-06-15 09:37:19,391.05,1249229
2021-06-15 09:37:20,391.2,1249279
2021-06-15 09:37:22,391.4,1249837
2021-06-15 09:37:23,391.4,1249837
2021-06-15 09:37:24,391.4,1249837
2021-06-15 09:37:26,391.4,1249838
2021-06-15 09:37:27,391.4,1249938
2021-06-15 09:37:28,391.4,1250139
2021-06-15 09:37:29,391.25,1250149
2021-06-15 09:37:30,391.25,1250249
2021-06-15 09:37:31,391.25,1250249
2021-06-15 09:37:32,391.4,1253599
2021-06-15 09:37:33,391.45,1253604
2021-06-15 09:37:34,391.25,1253986
2021-06-15 09:37:35,391.15,1254311
2021-06-15 09:37:36,391.2,1254511
2021-06-15 09:37:38,391.2,1254541
2021-06-15 09:37:38,391.2,1254541
2021-06-15 09:37:39,391.2,1254591
2021-06-15 09:37:41,391.25,1254794
2021-06-15 09:37:41,391.25,1254794
2021-06-15 09:37:43,391.25,1255874
2021-06-15 09:37:43,391.25,1255874
2021-06-15 09:37:45,391.25,1255963
2021-06-15 09:37:45,391.25,1255963
2021-06-15 09:37:46,391.25,1256222
2021-06-15 09:37:47,391.25,1256227
2021-06-15 09:37:48,391.25,1256742
2021-06-15 09:37:49,391.25,1257753
2021-06-15 09:37:50,390.55,1329053
2021-06-15 09:37:51,390.85,1336735
2021-06-15 09:37:52,391.0,1337554
2021-06-15 09:37:54,390.6,1339264
2021-06-15 09:37:54,390.6,1339264
2021-06-15 09:37:55,390.25,1343456
2021-06-15 09:37:57,390.3,1343675
2021-06-15 09:37:58,390.35,1344100
2021-06-15 09:37:59,390.5,1344735
2021-06-15 09:38:00,390.5,1345781
2021-06-15 09:38:01,390.6,1346240
2021-06-15 09:38:02,390.55,1347553
2021-06-15 09:38:03,390.55,1348996
2021-06-15 09:38:04,390.6,1349046
2021-06-15 09:38:05,390.8,1350453
2021-06-15 09:38:06,390.95,1350801
2021-06-15 09:38:07,390.65,1351801
2021-06-15 09:38:08,390.75,1352056
2021-06-15 09:38:09,390.65,1352560
2021-06-15 09:38:10,390.85,1353260
2021-06-15 09:38:11,390.9,1354960
2021-06-15 09:38:12,390.5,1356398
2021-06-15 09:38:13,390.75,1356482
2021-06-15 09:38:14,390.65,1356536
2021-06-15 09:38:15,390.75,1356931
2021-06-15 09:38:16,390.8,1357232
2021-06-15 09:38:18,390.85,1357305
2021-06-15 09:38:19,390.8,1357314
2021-06-15 09:38:20,390.8,1358215
2021-06-15 09:38:21,390.75,1358227
2021-06-15 09:38:22,390.8,1358539
2021-06-15 09:38:23,390.85,1364742
2021-06-15 09:38:24,390.9,1364916
2021-06-15 09:38:25,390.8,1366245
2021-06-15 09:38:26,390.85,1366409
2021-06-15 09:38:27,391.0,1367441
2021-06-15 09:38:29,391.3,1373670
2021-06-15 09:38:30,391.1,1374039
2021-06-15 09:38:31,391.15,1374142
2021-06-15 09:38:33,391.35,1374182
2021-06-15 09:38:34,391.3,1375233
2021-06-15 09:38:35,391.35,1377397
2021-06-15 09:38:35,391.35,1377397
2021-06-15 09:38:36,391.4,1377734
2021-06-15 09:38:37,391.35,1378784
2021-06-15 09:38:39,391.5,1379017
2021-06-15 09:38:40,391.4,1379067
2021-06-15 09:38:41,391.4,1379362
2021-06-15 09:38:43,391.5,1380349
2021-06-15 09:38:44,391.7,1383745
2021-06-15 09:38:45,391.5,1383865
2021-06-15 09:38:46,391.7,1383884
2021-06-15 09:38:47,391.5,1383905
2021-06-15 09:38:48,391.5,1383905
2021-06-15 09:38:49,391.5,1383905
2021-06-15 09:38:50,391.7,1386005
2021-06-15 09:38:51,391.7,1386840
2021-06-15 09:38:52,391.7,1386840
2021-06-15 09:38:53,391.7,1386860
2021-06-15 09:38:55,391.55,1387144
2021-06-15 09:38:56,391.55,1390617
2021-06-15 09:38:57,391.55,1390617
2021-06-15 09:38:57,391.55,1390617
2021-06-15 09:38:58,391.55,1390669
2021-06-15 09:39:00,391.55,1390669
2021-06-15 09:39:00,391.55,1390669
2021-06-15 09:39:02,391.75,1391035
2021-06-15 09:39:03,391.8,1391155
2021-06-15 09:39:03,391.8,1391155
2021-06-15 09:39:04,391.7,1391170
2021-06-15 09:39:06,391.75,1393517
2021-06-15 09:39:06,391.75,1393717
2021-06-15 09:39:08,391.8,1394067
2021-06-15 09:39:09,391.75,1394452
2021-06-15 09:39:10,391.75,1394452
2021-06-15 09:39:11,391.75,1394469
2021-06-15 09:39:12,391.75,1394469
2021-06-15 09:39:13,391.85,1394786
2021-06-15 09:39:14,391.95,1396407
2021-06-15 09:39:15,392.0,1401514
2021-06-15 09:39:16,391.9,1401669
2021-06-15 09:39:18,391.95,1401911
2021-06-15 09:39:19,391.95,1401911
2021-06-15 09:39:20,391.95,1401911
2021-06-15 09:39:21,392.05,1402616
2021-06-15 09:39:21,392.05,1402616
2021-06-15 09:39:22,392.0,1403021
2021-06-15 09:39:23,391.95,1403151
2021-06-15 09:39:24,392.0,1403171
2021-06-15 09:39:26,392.0,1403171
2021-06-15 09:39:27,392.0,1403171
2021-06-15 09:39:28,392.0,1403213
2021-06-15 09:39:29,392.0,1403563
2021-06-15 09:39:30,392.0,1403563
2021-06-15 09:39:31,392.0,1403868
2021-06-15 09:39:32,392.0,1404898
2021-06-15 09:39:33,392.0,1404940
2021-06-15 09:39:34,392.0,1405236
2021-06-15 09:39:35,392.05,1405359
2021-06-15 09:39:36,392.0,1405874
2021-06-15 09:39:37,392.0,1406494
2021-06-15 09:39:38,392.05,1406794
2021-06-15 09:39:39,392.05,1406794
2021-06-15 09:39:41,391.9,1407548
2021-06-15 09:39:42,391.9,1407548
2021-06-15 09:39:43,392.0,1408151
2021-06-15 09:39:44,392.1,1408160
2021-06-15 09:39:45,392.1,1408260
2021-06-15 09:39:46,391.9,1408344
2021-06-15 09:39:47,391.9,1408345
2021-06-15 09:39:48,392.0,1408868
2021-06-15 09:39:49,392.1,1409918
2021-06-15 09:39:50,392.1,1409918
2021-06-15 09:39:51,392.1,1410618
2021-06-15 09:39:52,392.1,1410719
2021-06-15 09:39:53,391.9,1411219
2021-06-15 09:39:54,391.9,1411219
2021-06-15 09:39:55,392.0,1411249
2021-06-15 09:39:56,392.0,1411301
2021-06-15 09:39:57,392.0,1411426
2021-06-15 09:39:58,392.0,1411426
2021-06-15 09:40:00,391.9,1414055
2021-06-15 09:40:01,391.95,1414065
2021-06-15 09:40:02,391.95,1414090
2021-06-15 09:40:03,391.95,1414090
2021-06-15 09:40:05,391.95,1414271
2021-06-15 09:40:07,392.0,1414471
2021-06-15 09:40:08,391.75,1417838
2021-06-15 09:40:09,391.8,1417855
2021-06-15 09:40:10,391.9,1419482
2021-06-15 09:40:11,391.9,1419482
2021-06-15 09:40:12,391.95,1419732
2021-06-15 09:40:13,391.8,1420112
2021-06-15 09:40:14,391.8,1420112
2021-06-15 09:40:16,391.8,1420112
2021-06-15 09:40:17,391.75,1420213
2021-06-15 09:40:18,391.75,1420213
2021-06-15 09:40:19,391.9,1420414
2021-06-15 09:40:20,391.75,1420422
2021-06-15 09:40:21,391.75,1420422
2021-06-15 09:40:22,391.9,1420451
2021-06-15 09:40:22,391.9,1420451
2021-06-15 09:40:23,391.75,1420471
2021-06-15 09:40:24,391.8,1420722
2021-06-15 09:40:25,391.9,1420772
2021-06-15 09:40:26,391.8,1420921
2021-06-15 09:40:27,391.8,1421097
2021-06-15 09:40:28,391.8,1421097
2021-06-15 09:40:29,391.7,1421397
2021-06-15 09:40:30,391.7,1421398
2021-06-15 09:40:32,391.7,1421931
2021-06-15 09:40:33,391.75,1422200
2021-06-15 09:40:34,391.9,1422254
2021-06-15 09:40:35,391.9,1422259
2021-06-15 09:40:37,391.75,1422280
2021-06-15 09:40:37,391.9,1422363
2021-06-15 09:40:38,391.7,1422383
2021-06-15 09:40:39,392.0,1426077
2021-06-15 09:40:40,392.0,1426077
2021-06-15 09:40:41,391.85,1426177
2021-06-15 09:40:42,391.75,1426180
2021-06-15 09:40:43,391.9,1426530
2021-06-15 09:40:44,391.7,1426590
2021-06-15 09:40:45,391.7,1426590
2021-06-15 09:40:46,391.9,1426890
2021-06-15 09:40:47,391.9,1426890
2021-06-15 09:40:48,391.9,1426907
2021-06-15 09:40:49,391.75,1426912
2021-06-15 09:40:50,391.75,1426912
2021-06-15 09:40:51,391.95,1427212
2021-06-15 09:40:52,391.95,1427212
2021-06-15 09:40:53,391.95,1427212
2021-06-15 09:40:54,391.95,1427212
2021-06-15 09:40:55,391.95,1427398
2021-06-15 09:40:57,392.0,1431848
2021-06-15 09:40:57,392.0,1431848
2021-06-15 09:40:58,392.1,1431849
2021-06-15 09:41:00,391.95,1434235
2021-06-15 09:41:01,391.9,1434272
2021-06-15 09:41:02,391.9,1434322
2021-06-15 09:41:03,391.9,1434328
2021-06-15 09:41:04,391.85,1435008
2021-06-15 09:41:05,391.75,1435277
2021-06-15 09:41:06,391.7,1436612
2021-06-15 09:41:07,391.8,1436821
2021-06-15 09:41:08,391.8,1436821
2021-06-15 09:41:09,391.8,1437007
2021-06-15 09:41:10,391.8,1437007
2021-06-15 09:41:11,392.0,1438028
2021-06-15 09:41:12,392.0,1438110
2021-06-15 09:41:13,392.0,1440470
2021-06-15 09:41:14,392.0,1440477
2021-06-15 09:41:15,391.95,1440697
2021-06-15 09:41:16,391.9,1441647
2021-06-15 09:41:17,391.95,1441648
2021-06-15 09:41:18,391.95,1441648
2021-06-15 09:41:19,391.95,1441648
2021-06-15 09:41:20,392.2,1445442
2021-06-15 09:41:21,392.2,1445442
2021-06-15 09:41:23,392.2,1445464
2021-06-15 09:41:25,392.2,1445837
2021-06-15 09:41:26,392.2,1446087
2021-06-15 09:41:26,392.2,1446087
2021-06-15 09:41:28,392.5,1451881
2021-06-15 09:41:28,392.35,1452175
2021-06-15 09:41:29,392.5,1452206
2021-06-15 09:41:31,392.5,1452326
2021-06-15 09:41:31,392.5,1452336
2021-06-15 09:41:32,392.5,1452359
2021-06-15 09:41:33,392.3,1452659
2021-06-15 09:41:35,392.5,1453210
2021-06-15 09:41:35,392.5,1453452
2021-06-15 09:41:36,392.45,1453462
2021-06-15 09:41:37,392.5,1453667
2021-06-15 09:41:38,392.5,1453667
2021-06-15 09:41:39,392.5,1453707
2021-06-15 09:41:40,392.5,1453815
2021-06-15 09:41:41,392.45,1454632
2021-06-15 09:41:43,392.45,1455345
2021-06-15 09:41:43,392.45,1455570
2021-06-15 09:41:44,392.45,1455720
2021-06-15 09:41:45,392.4,1455745
2021-06-15 09:41:47,392.35,1456516
2021-06-15 09:41:48,392.6,1461837
2021-06-15 09:41:49,392.4,1462007
2021-06-15 09:41:49,392.4,1461907
2021-06-15 09:41:50,392.4,1462007
2021-06-15 09:41:53,392.55,1462572
2021-06-15 09:41:53,392.35,1463572
2021-06-15 09:41:54,392.6,1463632
2021-06-15 09:41:56,392.5,1463652
2021-06-15 09:41:57,392.6,1463677
2021-06-15 09:41:57,392.6,1463762
2021-06-15 09:41:58,392.55,1464160
2021-06-15 09:42:00,392.55,1464220
2021-06-15 09:42:01,392.35,1464500
2021-06-15 09:42:02,392.35,1464500
2021-06-15 09:42:03,392.6,1465135
2021-06-15 09:42:04,392.6,1465165
2021-06-15 09:42:05,392.6,1465165
2021-06-15 09:42:06,392.65,1465365
2021-06-15 09:42:07,392.5,1465665
2021-06-15 09:42:08,392.6,1465925
2021-06-15 09:42:09,392.6,1467348
2021-06-15 09:42:10,392.65,1467748
2021-06-15 09:42:12,392.65,1468189
2021-06-15 09:42:14,392.8,1471267
2021-06-15 09:42:15,392.85,1472277
2021-06-15 09:42:16,392.85,1472341
2021-06-15 09:42:16,392.85,1472341
2021-06-15 09:42:17,392.85,1472870
2021-06-15 09:42:19,392.85,1473984
2021-06-15 09:42:20,392.9,1474054
2021-06-15 09:42:21,392.9,1474516
2021-06-15 09:42:22,392.9,1474604
2021-06-15 09:42:23,392.75,1474614
2021-06-15 09:42:24,392.9,1474935
2021-06-15 09:42:25,392.75,1474945
2021-06-15 09:42:26,392.75,1474945
2021-06-15 09:42:27,392.7,1476165
2021-06-15 09:42:27,392.9,1476336
2021-06-15 09:42:29,392.9,1476336
2021-06-15 09:42:30,393.0,1495126
2021-06-15 09:42:30,393.05,1497246
2021-06-15 09:42:32,393.2,1498506
2021-06-15 09:42:33,393.2,1498693
2021-06-15 09:42:35,393.0,1499213
2021-06-15 09:42:35,393.2,1499214
2021-06-15 09:42:37,393.1,1499635
2021-06-15 09:42:38,393.2,1499739
2021-06-15 09:42:39,393.15,1500315
2021-06-15 09:42:40,393.35,1502935
2021-06-15 09:42:42,393.35,1505941
2021-06-15 09:42:43,393.45,1508210
2021-06-15 09:42:46,393.7,1513675
2021-06-15 09:42:47,393.65,1513815
2021-06-15 09:42:48,393.7,1514124
2021-06-15 09:42:48,393.7,1514655
2021-06-15 09:42:50,393.8,1515255
2021-06-15 09:42:51,393.7,1515902
2021-06-15 09:42:52,393.85,1515933
2021-06-15 09:42:53,393.8,1517163
2021-06-15 09:42:55,393.7,1520047
2021-06-15 09:42:56,393.8,1520284
2021-06-15 09:42:57,393.7,1520294
2021-06-15 09:42:58,393.75,1520375
2021-06-15 09:42:59,393.7,1522063
2021-06-15 09:42:59,393.75,1522337
2021-06-15 09:43:01,393.8,1522857
2021-06-15 09:43:02,393.75,1523290
2021-06-15 09:43:02,393.75,1523350
2021-06-15 09:43:03,393.75,1523360
2021-06-15 09:43:04,393.7,1523645
2021-06-15 09:43:06,393.7,1525076
2021-06-15 09:43:06,393.7,1525198
2021-06-15 09:43:07,393.8,1525958
2021-06-15 09:43:08,393.65,1526591
2021-06-15 09:43:12,393.65,1527457
2021-06-15 09:43:13,393.65,1527457
2021-06-15 09:43:15,393.7,1529841
2021-06-15 09:43:15,393.7,1529841
2021-06-15 09:43:16,393.75,1529970
2021-06-15 09:43:17,393.8,1530270
2021-06-15 09:43:18,393.8,1530770
2021-06-15 09:43:20,393.55,1531250
2021-06-15 09:43:20,393.8,1532379
2021-06-15 09:43:21,393.8,1533954
2021-06-15 09:43:24,393.9,1541907
2021-06-15 09:43:25,393.8,1543172
2021-06-15 09:43:26,393.8,1543282
2021-06-15 09:43:27,394.0,1546706
2021-06-15 09:43:28,394.0,1556165
2021-06-15 09:43:29,393.85,1558025
2021-06-15 09:43:30,394.1,1562907
2021-06-15 09:43:31,394.3,1563343
2021-06-15 09:43:32,394.2,1563543
2021-06-15 09:43:33,394.45,1572098
2021-06-15 09:43:33,394.45,1572098
2021-06-15 09:43:34,394.6,1578031
2021-06-15 09:43:35,394.65,1579426
2021-06-15 09:43:36,394.55,1581238
2021-06-15 09:43:37,394.6,1582495
2021-06-15 09:43:39,394.55,1584100
2021-06-15 09:43:41,394.15,1592749
2021-06-15 09:43:42,394.5,1594762
2021-06-15 09:43:42,394.45,1596042
2021-06-15 09:43:43,394.55,1597870
2021-06-15 09:43:44,394.5,1598220
2021-06-15 09:43:45,394.5,1598722
2021-06-15 09:43:46,394.35,1599061
2021-06-15 09:43:47,394.25,1600933
2021-06-15 09:43:48,394.25,1604651
2021-06-15 09:43:49,394.35,1614873
2021-06-15 09:43:50,394.0,1616864
2021-06-15 09:43:51,394.2,1617063
2021-06-15 09:43:52,394.25,1617897
2021-06-15 09:43:53,394.25,1620197
2021-06-15 09:43:55,394.25,1621339
2021-06-15 09:43:56,394.25,1621941
2021-06-15 09:43:57,394.0,1624756
2021-06-15 09:43:58,394.0,1624906
2021-06-15 09:43:59,394.15,1624958
2021-06-15 09:44:00,394.05,1625387
2021-06-15 09:44:01,394.3,1626643
2021-06-15 09:44:02,394.2,1627073
2021-06-15 09:44:03,394.2,1627098
2021-06-15 09:44:04,394.1,1627448
2021-06-15 09:44:05,394.0,1628365
2021-06-15 09:44:06,394.2,1628710
2021-06-15 09:44:07,394.15,1628820
2021-06-15 09:44:08,394.15,1628912
2021-06-15 09:44:09,394.2,1629132
2021-06-15 09:44:10,394.05,1629141
2021-06-15 09:44:10,394.05,1629141
2021-06-15 09:44:11,394.2,1633509
2021-06-15 09:44:12,394.25,1633859
2021-06-15 09:44:14,394.25,1637415
2021-06-15 09:44:15,394.25,1637625
2021-06-15 09:44:16,394.25,1637825
2021-06-15 09:44:17,394.45,1642689
2021-06-15 09:44:18,394.6,1643008
2021-06-15 09:44:19,394.35,1643231
2021-06-15 09:44:20,394.5,1643756
2021-06-15 09:44:21,394.5,1644158
2021-06-15 09:44:22,394.35,1645083
2021-06-15 09:44:23,394.45,1646080
2021-06-15 09:44:24,394.4,1647253
2021-06-15 09:44:24,394.4,1647253
2021-06-15 09:44:25,394.65,1649301
2021-06-15 09:44:26,394.6,1650151
2021-06-15 09:44:27,394.5,1650251
2021-06-15 09:44:28,394.5,1650274
2021-06-15 09:44:30,394.4,1650989
2021-06-15 09:44:31,394.3,1651590
2021-06-15 09:44:32,394.2,1652870
2021-06-15 09:44:33,394.2,1653188
2021-06-15 09:44:35,394.45,1653328
2021-06-15 09:44:36,394.3,1653533
2021-06-15 09:44:37,394.25,1657158
2021-06-15 09:44:37,394.25,1657158
2021-06-15 09:44:39,394.45,1657988
2021-06-15 09:44:40,394.25,1658235
2021-06-15 09:44:41,394.3,1658242
2021-06-15 09:44:42,394.4,1659392
2021-06-15 09:44:43,394.25,1659920
2021-06-15 09:44:44,394.4,1660237
2021-06-15 09:44:45,394.4,1660237
2021-06-15 09:44:46,394.3,1660287
2021-06-15 09:44:46,394.4,1660367
2021-06-15 09:44:47,394.3,1660417
2021-06-15 09:44:48,394.3,1660959
2021-06-15 09:44:49,394.4,1662710
2021-06-15 09:44:50,394.45,1662810
2021-06-15 09:44:51,394.45,1662910
2021-06-15 09:44:53,394.4,1663320
2021-06-15 09:44:54,394.45,1663534
2021-06-15 09:44:55,394.5,1665980
2021-06-15 09:44:56,394.5,1666469
2021-06-15 09:44:57,394.5,1666794
2021-06-15 09:44:58,394.5,1666803
2021-06-15 09:44:59,394.5,1666861
2021-06-15 09:45:00,394.5,1667480
2021-06-15 09:45:01,394.4,1668655
2021-06-15 09:45:02,394.45,1668956
2021-06-15 09:45:03,394.45,1670696
2021-06-15 09:45:06,394.4,1671948
2021-06-15 09:45:07,394.4,1672254
2021-06-15 09:45:08,394.4,1678254
2021-06-15 09:45:09,394.45,1678965
2021-06-15 09:45:10,394.45,1679360
2021-06-15 09:45:11,394.45,1682973
2021-06-15 09:45:13,394.45,1684306
2021-06-15 09:45:14,394.45,1684311
2021-06-15 09:45:15,394.3,1685321
2021-06-15 09:45:16,394.45,1686552
2021-06-15 09:45:17,394.3,1686862
2021-06-15 09:45:18,394.45,1687003
2021-06-15 09:45:19,394.3,1687355
2021-06-15 09:45:20,394.25,1688980
2021-06-15 09:45:21,394.35,1691114
2021-06-15 09:45:22,394.35,1691168
2021-06-15 09:45:23,394.1,1695383
2021-06-15 09:45:25,394.05,1696176
2021-06-15 09:45:26,394.0,1698880
2021-06-15 09:45:26,393.95,1702035
2021-06-15 09:45:27,394.0,1704546
2021-06-15 09:45:28,393.9,1704871
2021-06-15 09:45:29,394.1,1707871
2021-06-15 09:45:31,393.6,1708716
2021-06-15 09:45:32,393.65,1708728
2021-06-15 09:45:33,393.9,1708929
2021-06-15 09:45:34,394.0,1709480
2021-06-15 09:45:36,394.1,1713773
2021-06-15 09:45:37,394.0,1713924
2021-06-15 09:45:39,393.9,1718963
2021-06-15 09:45:40,394.0,1719058
2021-06-15 09:45:43,394.15,1721284
2021-06-15 09:45:44,393.9,1721936
2021-06-15 09:45:45,394.0,1722036
2021-06-15 09:45:46,394.2,1722181
2021-06-15 09:45:47,394.05,1722320
2021-06-15 09:45:48,394.4,1723970
2021-06-15 09:45:49,394.2,1724245
2021-06-15 09:45:50,394.2,1724261
2021-06-15 09:45:51,394.2,1724441
2021-06-15 09:45:52,394.3,1724974
2021-06-15 09:45:53,394.05,1725385
2021-06-15 09:45:54,394.05,1725385
2021-06-15 09:45:55,394.05,1725956
2021-06-15 09:45:56,393.95,1728981
2021-06-15 09:45:58,394.15,1730807
2021-06-15 09:45:59,394.15,1730807
2021-06-15 09:46:00,394.15,1731407
2021-06-15 09:46:01,393.95,1732028
2021-06-15 09:46:02,394.0,1732079
2021-06-15 09:46:03,394.2,1732135
2021-06-15 09:46:04,394.05,1732585
2021-06-15 09:46:05,394.0,1733140
2021-06-15 09:46:06,393.9,1733697
2021-06-15 09:46:07,394.05,1734005
2021-06-15 09:46:08,394.05,1734005
2021-06-15 09:46:09,393.9,1737006
2021-06-15 09:46:10,394.0,1737010
2021-06-15 09:46:11,394.0,1737020
2021-06-15 09:46:12,394.0,1737427
2021-06-15 09:46:13,393.9,1737727
2021-06-15 09:46:14,393.9,1737727
2021-06-15 09:46:15,393.9,1737727
2021-06-15 09:46:16,394.0,1737916
2021-06-15 09:46:17,393.9,1737937
2021-06-15 09:46:18,394.0,1739435
2021-06-15 09:46:19,394.0,1739800
2021-06-15 09:46:20,393.9,1742706
2021-06-15 09:46:21,394.0,1742977
2021-06-15 09:46:22,393.85,1743477
2021-06-15 09:46:23,394.0,1744599
2021-06-15 09:46:24,393.9,1744675
2021-06-15 09:46:25,393.8,1744725
2021-06-15 09:46:26,393.8,1744725
2021-06-15 09:46:27,393.9,1744795
2021-06-15 09:46:28,393.8,1745295
2021-06-15 09:46:30,393.8,1747316
2021-06-15 09:46:31,393.8,1747316
2021-06-15 09:46:32,393.85,1747391
2021-06-15 09:46:33,393.7,1747518
2021-06-15 09:46:34,393.9,1747538
2021-06-15 09:46:35,393.9,1747738
2021-06-15 09:46:36,393.6,1748150
2021-06-15 09:46:37,393.8,1748176
2021-06-15 09:46:38,393.6,1749176
2021-06-15 09:46:39,393.6,1749181
2021-06-15 09:46:40,393.75,1750236
2021-06-15 09:46:41,393.6,1750238
2021-06-15 09:46:42,393.7,1750538
2021-06-15 09:46:43,393.6,1751043
2021-06-15 09:46:44,393.55,1752358
2021-06-15 09:46:45,393.7,1753252
2021-06-15 09:46:46,393.55,1753253
2021-06-15 09:46:47,393.65,1754294
2021-06-15 09:46:48,393.5,1754296
2021-06-15 09:46:49,393.6,1754297
2021-06-15 09:46:50,393.6,1754297
2021-06-15 09:46:51,393.65,1754532
2021-06-15 09:46:52,393.65,1754532
2021-06-15 09:46:53,393.5,1755719
2021-06-15 09:46:54,393.6,1755874
2021-06-15 09:46:55,393.6,1755874
2021-06-15 09:46:56,393.7,1756484
2021-06-15 09:46:57,393.55,1756501
2021-06-15 09:46:58,393.9,1767611
2021-06-15 09:46:59,393.75,1767617
2021-06-15 09:47:00,393.85,1767817
2021-06-15 09:47:01,393.85,1767817
2021-06-15 09:47:02,393.95,1767822
2021-06-15 09:47:03,394.0,1768472
2021-06-15 09:47:04,394.0,1768472
2021-06-15 09:47:05,393.95,1768502
2021-06-15 09:47:06,393.9,1768938
2021-06-15 09:47:07,393.85,1769073
2021-06-15 09:47:09,393.9,1769074
2021-06-15 09:47:10,394.0,1769622
2021-06-15 09:47:11,394.0,1769637
2021-06-15 09:47:12,394.1,1782196
2021-06-15 09:47:13,394.2,1785301
2021-06-15 09:47:14,394.2,1785332
2021-06-15 09:47:15,394.2,1788743
2021-06-15 09:47:16,394.15,1789743
2021-06-15 09:47:18,394.15,1789949
2021-06-15 09:47:19,394.2,1790049
2021-06-15 09:47:20,394.2,1790299
2021-06-15 09:47:21,394.2,1790370
2021-06-15 09:47:22,394.3,1791670
2021-06-15 09:47:23,394.3,1791670
2021-06-15 09:47:24,394.2,1791820
2021-06-15 09:47:26,394.2,1792605
2021-06-15 09:47:27,394.3,1792613
2021-06-15 09:47:28,394.2,1792718
2021-06-15 09:47:29,394.3,1792908
2021-06-15 09:47:30,394.4,1795094
2021-06-15 09:47:31,394.4,1795094
2021-06-15 09:47:32,394.2,1795214
2021-06-15 09:47:33,394.25,1795373
2021-06-15 09:47:34,394.25,1795373
2021-06-15 09:47:35,394.4,1795726
2021-06-15 09:47:36,394.35,1796039
2021-06-15 09:47:37,394.45,1796596
2021-06-15 09:47:38,394.35,1796636
2021-06-15 09:47:39,394.45,1796661
2021-06-15 09:47:40,394.45,1796661
2021-06-15 09:47:41,394.35,1797288
2021-06-15 09:47:42,394.2,1797518
2021-06-15 09:47:43,394.35,1797857
2021-06-15 09:47:45,394.35,1797912
2021-06-15 09:47:46,394.35,1798019
2021-06-15 09:47:48,394.2,1798236
2021-06-15 09:47:49,394.2,1798236
2021-06-15 09:47:50,394.15,1801246
2021-06-15 09:47:51,394.35,1801347
2021-06-15 09:47:52,394.4,1801374
2021-06-15 09:47:53,394.35,1801376
2021-06-15 09:47:54,394.2,1801458
2021-06-15 09:47:56,394.2,1802003
2021-06-15 09:47:57,394.35,1802010
2021-06-15 09:47:58,394.35,1802210
2021-06-15 09:47:58,394.35,1802260
2021-06-15 09:48:00,394.35,1802360
2021-06-15 09:48:00,394.35,1802360
2021-06-15 09:48:01,394.35,1802593
2021-06-15 09:48:02,394.35,1802708
2021-06-15 09:48:03,394.4,1802716
2021-06-15 09:48:06,394.4,1803224
2021-06-15 09:48:07,394.35,1803296
2021-06-15 09:48:08,394.4,1803343
2021-06-15 09:48:09,394.35,1803493
2021-06-15 09:48:11,394.25,1804293
2021-06-15 09:48:12,394.25,1804295
2021-06-15 09:48:13,394.25,1804295
2021-06-15 09:48:14,394.25,1804295
2021-06-15 09:48:15,394.4,1806195
2021-06-15 09:48:16,394.3,1806211
2021-06-15 09:48:17,394.4,1806222
2021-06-15 09:48:17,394.3,1806254
2021-06-15 09:48:18,394.25,1806554
2021-06-15 09:48:19,394.25,1806554
2021-06-15 09:48:20,394.25,1806554
2021-06-15 09:48:21,394.4,1811604
2021-06-15 09:48:23,394.4,1811604
2021-06-15 09:48:23,394.3,1811629
2021-06-15 09:48:25,394.25,1812772
2021-06-15 09:48:25,394.25,1812772
2021-06-15 09:48:26,394.25,1812802
2021-06-15 09:48:28,394.25,1812910
2021-06-15 09:48:28,394.15,1812960
2021-06-15 09:48:29,394.15,1812960
2021-06-15 09:48:30,394.25,1813073
2021-06-15 09:48:31,394.3,1813075
2021-06-15 09:48:32,394.3,1813695
2021-06-15 09:48:33,394.3,1813695
2021-06-15 09:48:34,394.3,1813695
2021-06-15 09:48:37,394.3,1814076
2021-06-15 09:48:38,394.3,1814076
2021-06-15 09:48:39,394.35,1814189
2021-06-15 09:48:39,394.2,1814574
2021-06-15 09:48:40,394.15,1814682
2021-06-15 09:48:41,394.3,1814687
2021-06-15 09:48:42,394.2,1814837
2021-06-15 09:48:43,394.2,1814837
2021-06-15 09:48:44,394.2,1814837
2021-06-15 09:48:45,394.2,1814837
2021-06-15 09:48:46,394.15,1814937
2021-06-15 09:48:47,394.1,1815209
2021-06-15 09:48:48,394.1,1815209
2021-06-15 09:48:49,394.2,1815215
2021-06-15 09:48:50,394.2,1815215
2021-06-15 09:48:51,394.3,1815625
2021-06-15 09:48:52,394.3,1815625
2021-06-15 09:48:53,394.0,1818637
2021-06-15 09:48:54,394.0,1818737
2021-06-15 09:48:55,394.2,1819037
2021-06-15 09:48:57,394.2,1819094
2021-06-15 09:48:58,394.2,1819094
2021-06-15 09:48:58,394.2,1819181
2021-06-15 09:48:59,394.2,1819491
2021-06-15 09:49:00,394.2,1819491
2021-06-15 09:49:01,394.2,1819491
2021-06-15 09:49:02,394.2,1819491
2021-06-15 09:49:03,394.05,1821198
2021-06-15 09:49:04,393.95,1821564
2021-06-15 09:49:05,393.9,1821765
2021-06-15 09:49:06,393.9,1822822
2021-06-15 09:49:07,393.9,1822822
2021-06-15 09:49:09,394.2,1823733
2021-06-15 09:49:10,394.4,1835878
2021-06-15 09:49:11,394.4,1835878
2021-06-15 09:49:13,394.65,1851720
2021-06-15 09:49:13,394.65,1851720
2021-06-15 09:49:14,394.6,1851793
2021-06-15 09:49:15,394.6,1851793
2021-06-15 09:49:16,394.5,1851873
2021-06-15 09:49:17,394.55,1851980
2021-06-15 09:49:18,394.5,1851985
2021-06-15 09:49:19,394.4,1851996
2021-06-15 09:49:22,394.6,1853221
2021-06-15 09:49:23,394.6,1853221
2021-06-15 09:49:24,394.6,1853221
2021-06-15 09:49:25,394.65,1854213
2021-06-15 09:49:26,394.65,1854246
2021-06-15 09:49:28,394.6,1854966
2021-06-15 09:49:29,394.65,1855137
2021-06-15 09:49:30,394.5,1855160
2021-06-15 09:49:31,394.65,1855185
2021-06-15 09:49:32,394.6,1855685
2021-06-15 09:49:34,394.5,1856835
2021-06-15 09:49:35,394.35,1856987
2021-06-15 09:49:36,394.35,1856987
2021-06-15 09:49:37,394.5,1856995
2021-06-15 09:49:38,394.5,1857130
2021-06-15 09:49:39,394.35,1857180
2021-06-15 09:49:41,394.55,1857283
2021-06-15 09:49:42,394.55,1859618
2021-06-15 09:49:44,394.5,1860114
2021-06-15 09:49:45,394.6,1860190
2021-06-15 09:49:47,394.55,1860197
2021-06-15 09:49:48,394.55,1860328
2021-06-15 09:49:49,394.6,1861528
2021-06-15 09:49:50,394.5,1861606
2021-06-15 09:49:51,394.6,1861756
2021-06-15 09:49:52,394.5,1861758
2021-06-15 09:49:52,394.5,1861758
2021-06-15 09:49:54,394.6,1862584
2021-06-15 09:49:55,394.6,1862746
2021-06-15 09:49:56,394.65,1863406
2021-06-15 09:49:57,394.65,1863613
2021-06-15 09:49:58,394.65,1864777
2021-06-15 09:49:59,394.8,1866457
2021-06-15 09:50:00,394.8,1866523
2021-06-15 09:50:01,394.7,1866573
2021-06-15 09:50:02,394.65,1867128
2021-06-15 09:50:03,394.65,1867128
2021-06-15 09:50:03,394.65,1867128
2021-06-15 09:50:04,394.8,1867639
2021-06-15 09:50:05,394.75,1868199
2021-06-15 09:50:06,394.85,1873544
2021-06-15 09:50:07,394.85,1874879
2021-06-15 09:50:08,394.8,1875599
2021-06-15 09:50:09,394.8,1875738
2021-06-15 09:50:12,394.9,1877111
2021-06-15 09:50:13,394.85,1877211
2021-06-15 09:50:14,394.9,1878511
2021-06-15 09:50:14,394.85,1878761
2021-06-15 09:50:15,394.85,1878841
2021-06-15 09:50:16,394.9,1879834
2021-06-15 09:50:17,394.85,1880555
2021-06-15 09:50:18,394.85,1880636
2021-06-15 09:50:20,394.85,1886729
2021-06-15 09:50:22,394.85,1888249
2021-06-15 09:50:22,394.85,1887849
2021-06-15 09:50:23,394.9,1888663
2021-06-15 09:50:24,395.0,1917044
2021-06-15 09:50:25,395.45,1946740
2021-06-15 09:50:27,395.45,1947201
2021-06-15 09:50:27,395.2,1948570
2021-06-15 09:50:28,395.0,1952587
2021-06-15 09:50:29,395.0,1952593
2021-06-15 09:50:30,394.9,1957616
2021-06-15 09:50:31,395.0,1958266
2021-06-15 09:50:32,395.0,1959987
2021-06-15 09:50:33,395.2,1960527
2021-06-15 09:50:34,395.2,1960527
2021-06-15 09:50:35,395.15,1962569
2021-06-15 09:50:37,395.2,1965630
2021-06-15 09:50:38,395.2,1965939
2021-06-15 09:50:39,395.2,1966059
2021-06-15 09:50:40,395.05,1967568
2021-06-15 09:50:41,395.15,1968013
2021-06-15 09:50:42,395.2,1968163
2021-06-15 09:50:44,395.05,1968503
2021-06-15 09:50:45,395.2,1969743
2021-06-15 09:50:46,395.2,1970395
2021-06-15 09:50:47,395.2,1970465
2021-06-15 09:50:48,395.2,1970565
2021-06-15 09:50:49,395.2,1970839
2021-06-15 09:50:50,395.2,1970844
2021-06-15 09:50:51,395.2,1970875
2021-06-15 09:50:52,395.2,1972031
2021-06-15 09:50:53,395.2,1972061
2021-06-15 09:50:54,395.15,1972210
2021-06-15 09:50:54,395.15,1972199
2021-06-15 09:50:55,395.05,1972464
2021-06-15 09:50:56,395.2,1972942
2021-06-15 09:50:58,395.1,1973362
2021-06-15 09:50:59,395.2,1973557
2021-06-15 09:50:59,395.2,1973557
2021-06-15 09:51:00,395.15,1973572
2021-06-15 09:51:01,395.2,1973573
2021-06-15 09:51:02,395.1,1973988
2021-06-15 09:51:03,395.15,1974098
2021-06-15 09:51:05,395.15,1975753
2021-06-15 09:51:06,395.15,1975791
2021-06-15 09:51:07,395.15,1977131
2021-06-15 09:51:08,395.2,1977251
2021-06-15 09:51:09,395.2,1977251
2021-06-15 09:51:10,395.2,1977391
2021-06-15 09:51:11,395.15,1978713
2021-06-15 09:51:11,395.15,1978813
2021-06-15 09:51:12,395.2,1979105
2021-06-15 09:51:13,395.15,1979210
2021-06-15 09:51:14,395.2,1984615
2021-06-15 09:51:15,395.2,1984715
2021-06-15 09:51:17,395.2,1985823
2021-06-15 09:51:19,395.2,1987464
2021-06-15 09:51:20,395.2,1992956
2021-06-15 09:51:21,395.2,1993316
2021-06-15 09:51:22,395.2,1994098
2021-06-15 09:51:23,395.2,1994239
2021-06-15 09:51:24,395.3,1994596
2021-06-15 09:51:24,395.2,1995607
2021-06-15 09:51:25,395.3,1995785
2021-06-15 09:51:26,395.2,1999654
2021-06-15 09:51:28,395.35,2008572
2021-06-15 09:51:30,395.3,2012647
2021-06-15 09:51:31,395.2,2013298
2021-06-15 09:51:32,395.25,2013318
2021-06-15 09:51:32,395.2,2013709
2021-06-15 09:51:33,395.25,2013759
2021-06-15 09:51:34,395.3,2016209
2021-06-15 09:51:35,395.3,2016463
2021-06-15 09:51:36,395.3,2017085
2021-06-15 09:51:37,395.2,2017185
2021-06-15 09:51:38,395.4,2018013
2021-06-15 09:51:39,395.3,2018073
2021-06-15 09:51:40,395.45,2018873
2021-06-15 09:51:41,395.3,2019923
2021-06-15 09:51:43,395.5,2020210
2021-06-15 09:51:44,395.3,2020315
2021-06-15 09:51:44,395.3,2020315
2021-06-15 09:51:45,395.35,2020357
2021-06-15 09:51:46,395.45,2020827
2021-06-15 09:51:47,395.45,2020919
2021-06-15 09:51:49,395.3,2021191
2021-06-15 09:51:51,395.5,2021983
2021-06-15 09:51:52,395.3,2022313
2021-06-15 09:51:53,395.35,2022335
2021-06-15 09:51:54,395.4,2024549
2021-06-15 09:51:55,395.3,2025249
2021-06-15 09:51:56,395.35,2026355
2021-06-15 09:51:58,395.3,2026463
2021-06-15 09:51:59,395.3,2026498
2021-06-15 09:52:00,395.3,2026498
2021-06-15 09:52:01,395.4,2026764
2021-06-15 09:52:02,395.2,2034828
2021-06-15 09:52:03,395.25,2035337
2021-06-15 09:52:04,395.25,2036518
2021-06-15 09:52:05,395.35,2037128
2021-06-15 09:52:06,395.2,2037171
2021-06-15 09:52:08,395.2,2037191
2021-06-15 09:52:09,395.4,2038846
2021-06-15 09:52:10,395.4,2040906
2021-06-15 09:52:11,395.35,2041107
2021-06-15 09:52:11,395.35,2041107
2021-06-15 09:52:12,395.35,2041358
2021-06-15 09:52:13,395.2,2041406
2021-06-15 09:52:16,395.4,2041854
2021-06-15 09:52:17,395.25,2046867
2021-06-15 09:52:18,395.4,2047147
2021-06-15 09:52:20,395.4,2047182
2021-06-15 09:52:21,395.35,2048523
2021-06-15 09:52:22,395.35,2049013
2021-06-15 09:52:23,395.25,2049183
2021-06-15 09:52:24,395.45,2049704
2021-06-15 09:52:26,395.35,2051133
2021-06-15 09:52:27,395.35,2051713
2021-06-15 09:52:28,395.45,2054723
2021-06-15 09:52:28,395.35,2051713
2021-06-15 09:52:30,395.5,2055205
2021-06-15 09:52:31,395.5,2055356
2021-06-15 09:52:32,395.5,2055356
2021-06-15 09:52:33,395.4,2055366
2021-06-15 09:52:35,395.4,2055371
2021-06-15 09:52:36,395.4,2055372
2021-06-15 09:52:37,395.45,2055535
2021-06-15 09:52:38,395.4,2055562
2021-06-15 09:52:39,395.4,2055582
2021-06-15 09:52:39,395.4,2055647
2021-06-15 09:52:40,395.45,2055773
2021-06-15 09:52:42,395.45,2055823
2021-06-15 09:52:43,395.45,2056443
2021-06-15 09:52:44,395.45,2056443
2021-06-15 09:52:45,395.35,2059381
2021-06-15 09:52:45,395.4,2057043
2021-06-15 09:52:46,395.2,2061671
2021-06-15 09:52:47,395.35,2061746
2021-06-15 09:52:48,395.35,2061746
2021-06-15 09:52:49,395.35,2061746
2021-06-15 09:52:50,395.35,2061746
2021-06-15 09:52:52,395.3,2061899
2021-06-15 09:52:53,395.3,2061999
2021-06-15 09:52:54,395.35,2062122
2021-06-15 09:52:55,395.35,2062181
2021-06-15 09:52:56,395.25,2062282
2021-06-15 09:52:57,395.4,2062441
2021-06-15 09:52:58,395.35,2062916
2021-06-15 09:52:59,395.4,2066544
2021-06-15 09:53:00,395.4,2067004
2021-06-15 09:53:01,395.4,2067004
2021-06-15 09:53:02,395.4,2067004
2021-06-15 09:53:02,395.4,2067004
2021-06-15 09:53:03,395.3,2067272
2021-06-15 09:53:04,395.3,2067292
2021-06-15 09:53:05,395.3,2067292
2021-06-15 09:53:06,395.2,2067417
2021-06-15 09:53:07,395.25,2086809
2021-06-15 09:53:10,395.1,2088216
2021-06-15 09:53:10,395.15,2088316
2021-06-15 09:53:11,395.2,2088772
2021-06-15 09:53:12,395.2,2088847
2021-06-15 09:53:13,395.3,2090027
2021-06-15 09:53:14,395.35,2090121
2021-06-15 09:53:16,395.35,2090498
2021-06-15 09:53:18,395.3,2090959
2021-06-15 09:53:19,395.25,2090960
2021-06-15 09:53:19,395.25,2090960
2021-06-15 09:53:20,395.25,2091080
2021-06-15 09:53:21,395.3,2091100
2021-06-15 09:53:22,395.2,2091326
2021-06-15 09:53:23,395.3,2091327
2021-06-15 09:53:24,395.2,2091367
2021-06-15 09:53:25,395.2,2091517
2021-06-15 09:53:27,395.2,2091557
2021-06-15 09:53:27,395.2,2092557
2021-06-15 09:53:28,395.2,2092674
2021-06-15 09:53:29,395.2,2093051
2021-06-15 09:53:30,395.1,2094331
2021-06-15 09:53:31,395.2,2094341
2021-06-15 09:53:32,395.1,2094449
2021-06-15 09:53:33,395.1,2094449
2021-06-15 09:53:34,395.2,2094503
2021-06-15 09:53:35,395.25,2095131
2021-06-15 09:53:36,395.05,2095561
2021-06-15 09:53:38,395.2,2095567
2021-06-15 09:53:39,395.05,2095592
2021-06-15 09:53:40,395.05,2095933
2021-06-15 09:53:41,395.0,2096716
2021-06-15 09:53:42,395.0,2096766
2021-06-15 09:53:43,395.0,2096766
2021-06-15 09:53:43,395.2,2096836
2021-06-15 09:53:44,395.05,2096941
2021-06-15 09:53:45,395.05,2096966
2021-06-15 09:53:46,395.2,2097691
2021-06-15 09:53:48,395.2,2100787
2021-06-15 09:53:48,395.2,2100787
2021-06-15 09:53:49,395.25,2100814
2021-06-15 09:53:50,395.25,2100864
2021-06-15 09:53:51,395.2,2103291
2021-06-15 09:53:52,395.2,2103291
2021-06-15 09:53:53,395.05,2103441
2021-06-15 09:53:54,395.2,2104170
2021-06-15 09:53:55,395.05,2104275
2021-06-15 09:53:56,395.05,2104275
2021-06-15 09:53:57,395.05,2104475
2021-06-15 09:53:58,395.25,2105575
2021-06-15 09:53:59,395.05,2105579
2021-06-15 09:54:00,395.05,2105664
2021-06-15 09:54:01,395.15,2105834
2021-06-15 09:54:02,395.15,2105936
2021-06-15 09:54:03,395.15,2108536
2021-06-15 09:54:04,395.15,2108536
2021-06-15 09:54:06,395.05,2108786
2021-06-15 09:54:07,395.05,2108786
2021-06-15 09:54:08,395.2,2108790
2021-06-15 09:54:09,395.05,2109108
2021-06-15 09:54:10,395.05,2109134
2021-06-15 09:54:11,395.05,2109134
2021-06-15 09:54:12,395.05,2109134
2021-06-15 09:54:13,395.2,2109209
2021-06-15 09:54:14,395.2,2109309
2021-06-15 09:54:15,395.05,2109413
2021-06-15 09:54:16,395.2,2110464
2021-06-15 09:54:17,395.2,2110479
2021-06-15 09:54:19,395.2,2110665
2021-06-15 09:54:18,395.15,2110564
2021-06-15 09:54:20,395.2,2110675
2021-06-15 09:54:20,395.2,2110675
2021-06-15 09:54:21,395.2,2110675
2021-06-15 09:54:23,395.15,2110700
2021-06-15 09:54:24,395.15,2111195
2021-06-15 09:54:26,395.2,2111218
2021-06-15 09:54:27,395.2,2111218
2021-06-15 09:54:28,395.1,2111274
2021-06-15 09:54:29,395.1,2111425
2021-06-15 09:54:29,395.1,2111425
2021-06-15 09:54:30,395.2,2111633
2021-06-15 09:54:31,395.05,2112329
2021-06-15 09:54:34,395.05,2112466
2021-06-15 09:54:34,395.2,2112471
2021-06-15 09:54:35,395.05,2112625
2021-06-15 09:54:36,395.05,2112645
2021-06-15 09:54:37,395.05,2113145
2021-06-15 09:54:39,395.15,2113293
2021-06-15 09:54:40,395.15,2113333
2021-06-15 09:54:41,395.05,2113407
2021-06-15 09:54:42,395.05,2113407
2021-06-15 09:54:43,395.05,2113407
2021-06-15 09:54:44,395.05,2113412
2021-06-15 09:54:45,395.15,2120398
2021-06-15 09:54:46,395.35,2120949
2021-06-15 09:54:46,395.35,2120952
2021-06-15 09:54:48,395.35,2120952
2021-06-15 09:54:49,395.15,2122002
2021-06-15 09:54:50,395.2,2122008
2021-06-15 09:54:50,395.2,2122008
2021-06-15 09:54:51,395.35,2122018
2021-06-15 09:54:53,395.35,2122018
2021-06-15 09:54:54,395.25,2123477
2021-06-15 09:54:55,395.1,2123629
2021-06-15 09:54:56,395.35,2125726
2021-06-15 09:54:57,395.3,2125751
2021-06-15 09:54:58,395.3,2125796
2021-06-15 09:54:59,395.35,2126646
2021-06-15 09:55:00,395.35,2126646
2021-06-15 09:55:01,395.4,2127174
2021-06-15 09:55:02,395.35,2127924
2021-06-15 09:55:03,395.35,2127924
2021-06-15 09:55:04,395.35,2127924
2021-06-15 09:55:05,395.4,2128524
2021-06-15 09:55:05,395.4,2128575
2021-06-15 09:55:06,395.3,2128831
2021-06-15 09:55:09,395.3,2134351
2021-06-15 09:55:10,395.3,2134401
2021-06-15 09:55:11,395.3,2134951
2021-06-15 09:55:12,395.3,2134987
2021-06-15 09:55:13,395.3,2135127
2021-06-15 09:55:14,395.15,2135608
2021-06-15 09:55:15,395.2,2135613
2021-06-15 09:55:16,395.3,2136503
2021-06-15 09:55:16,395.3,2137345
2021-06-15 09:55:17,395.3,2137345
2021-06-15 09:55:18,395.3,2137995
2021-06-15 09:55:19,395.15,2140053
2021-06-15 09:55:21,395.15,2140053
2021-06-15 09:55:22,395.15,2140373
2021-06-15 09:55:23,395.15,2140373
2021-06-15 09:55:25,395.25,2141407
2021-06-15 09:55:28,395.4,2142469
2021-06-15 09:55:29,395.4,2142474
2021-06-15 09:55:30,395.35,2142499
2021-06-15 09:55:31,395.35,2142499
2021-06-15 09:55:32,395.35,2142607
2021-06-15 09:55:33,395.5,2164570
2021-06-15 09:55:34,395.5,2169610
2021-06-15 09:55:35,395.45,2170732
2021-06-15 09:55:36,395.45,2170937
2021-06-15 09:55:37,395.75,2171205
2021-06-15 09:55:38,395.55,2171270
2021-06-15 09:55:39,395.7,2171320
2021-06-15 09:55:40,395.75,2176122
2021-06-15 09:55:41,395.75,2178815
2021-06-15 09:55:42,395.75,2179005
2021-06-15 09:55:43,395.55,2180127
2021-06-15 09:55:44,395.7,2180328
2021-06-15 09:55:45,395.35,2180673
2021-06-15 09:55:46,395.45,2180703
2021-06-15 09:55:47,395.45,2180944
2021-06-15 09:55:48,395.45,2181224
2021-06-15 09:55:49,395.4,2181395
2021-06-15 09:55:49,395.4,2181602
2021-06-15 09:55:50,395.45,2181701
2021-06-15 09:55:52,395.45,2181846
2021-06-15 09:55:53,395.45,2183447
2021-06-15 09:55:54,395.25,2183497
2021-06-15 09:55:55,395.5,2184197
2021-06-15 09:55:56,395.4,2184698
2021-06-15 09:55:57,395.3,2184870
2021-06-15 09:55:58,395.2,2185194
2021-06-15 09:55:59,395.15,2185745
2021-06-15 09:56:00,395.4,2188785
2021-06-15 09:56:01,395.4,2188840
2021-06-15 09:56:02,395.25,2188941
2021-06-15 09:56:03,395.25,2188996
2021-06-15 09:56:04,395.45,2190067
2021-06-15 09:56:05,395.4,2190667
2021-06-15 09:56:05,395.5,2190738
2021-06-15 09:56:09,395.25,2191702
2021-06-15 09:56:10,395.45,2192882
2021-06-15 09:56:11,395.25,2192884
2021-06-15 09:56:12,395.25,2192884
2021-06-15 09:56:13,395.25,2193887
2021-06-15 09:56:14,395.2,2194882
2021-06-15 09:56:15,395.2,2195182
2021-06-15 09:56:16,395.2,2198044
2021-06-15 09:56:17,395.2,2198165
2021-06-15 09:56:18,394.95,2213432
2021-06-15 09:56:19,395.05,2214020
2021-06-15 09:56:20,394.95,2214171
2021-06-15 09:56:21,394.8,2215254
2021-06-15 09:56:22,395.0,2215404
2021-06-15 09:56:23,394.9,2215405
2021-06-15 09:56:24,394.9,2215446
2021-06-15 09:56:25,395.1,2215569
2021-06-15 09:56:26,395.1,2215649
2021-06-15 09:56:27,395.1,2215757
2021-06-15 09:56:28,395.0,2215897
2021-06-15 09:56:29,395.0,2215907
2021-06-15 09:56:30,394.95,2216072
2021-06-15 09:56:31,395.0,2216102
2021-06-15 09:56:32,395.0,2216203
2021-06-15 09:56:33,395.0,2216203
2021-06-15 09:56:34,395.0,2216231
2021-06-15 09:56:35,394.85,2216331
2021-06-15 09:56:36,394.85,2216331
2021-06-15 09:56:37,394.9,2216347
2021-06-15 09:56:38,394.8,2216672
2021-06-15 09:56:39,394.9,2216676
2021-06-15 09:56:40,394.8,2216692
2021-06-15 09:56:41,394.8,2216692
2021-06-15 09:56:42,394.8,2216812
2021-06-15 09:56:43,394.8,2216812
2021-06-15 09:56:44,394.8,2216962
2021-06-15 09:56:45,394.9,2218522
2021-06-15 09:56:46,394.75,2218631
2021-06-15 09:56:47,395.0,2219557
2021-06-15 09:56:48,395.0,2219557
2021-06-15 09:56:49,395.0,2219557
2021-06-15 09:56:50,394.95,2219567
2021-06-15 09:56:51,395.0,2219617
2021-06-15 09:56:52,394.95,2219842
2021-06-15 09:56:53,395.0,2221283
2021-06-15 09:56:54,395.0,2221283
2021-06-15 09:56:55,394.95,2221383
2021-06-15 09:56:56,395.0,2221433
2021-06-15 09:56:57,394.95,2222657
2021-06-15 09:56:58,394.95,2222657
2021-06-15 09:56:59,394.95,2222657
2021-06-15 09:57:00,394.95,2222827
2021-06-15 09:57:01,394.95,2222831
2021-06-15 09:57:02,394.95,2222981
2021-06-15 09:57:03,394.85,2223012
2021-06-15 09:57:04,394.8,2223327
2021-06-15 09:57:05,394.8,2223467
2021-06-15 09:57:06,394.95,2223487
2021-06-15 09:57:07,394.95,2223994
2021-06-15 09:57:08,394.95,2223999
2021-06-15 09:57:09,394.95,2224159
2021-06-15 09:57:10,394.95,2225139
2021-06-15 09:57:11,394.8,2225239
2021-06-15 09:57:13,394.8,2225354
2021-06-15 09:57:14,394.75,2225519
2021-06-15 09:57:15,394.8,2225569
2021-06-15 09:57:16,394.8,2225575
2021-06-15 09:57:17,394.8,2225575
2021-06-15 09:57:18,394.8,2225575
2021-06-15 09:57:19,394.8,2225576
2021-06-15 09:57:21,394.95,2226188
2021-06-15 09:57:23,394.8,2226505
2021-06-15 09:57:24,394.95,2226558
2021-06-15 09:57:25,394.95,2226558
2021-06-15 09:57:26,394.95,2227591
2021-06-15 09:57:27,394.85,2227611
2021-06-15 09:57:28,395.0,2228111
2021-06-15 09:57:29,395.0,2228127
2021-06-15 09:57:30,394.95,2228129
2021-06-15 09:57:31,394.95,2228134
2021-06-15 09:57:33,395.0,2229639
2021-06-15 09:57:32,395.0,2229139
2021-06-15 09:57:34,395.0,2229912
2021-06-15 09:57:35,395.0,2229912
2021-06-15 09:57:36,394.95,2229963
2021-06-15 09:57:37,394.95,2230025
2021-06-15 09:57:38,394.85,2230085
2021-06-15 09:57:39,394.85,2230085
2021-06-15 09:57:40,394.9,2230185
2021-06-15 09:57:41,394.9,2230368
2021-06-15 09:57:42,394.95,2230371
2021-06-15 09:57:43,394.95,2230371
2021-06-15 09:57:44,394.9,2230396
2021-06-15 09:57:46,394.9,2230497
2021-06-15 09:57:45,394.9,2230497
2021-06-15 09:57:47,394.95,2230504
2021-06-15 09:57:48,394.9,2230779
2021-06-15 09:57:49,394.9,2230779
2021-06-15 09:57:50,394.8,2232091
2021-06-15 09:57:52,394.8,2232339
2021-06-15 09:57:51,394.8,2232339
2021-06-15 09:57:53,394.8,2232339
2021-06-15 09:57:54,394.9,2232340
2021-06-15 09:57:55,394.8,2232674
2021-06-15 09:57:56,394.95,2232831
2021-06-15 09:57:57,395.0,2233831
2021-06-15 09:57:58,395.0,2233831
2021-06-15 09:57:59,395.0,2234384
2021-06-15 09:58:00,395.0,2234384
2021-06-15 09:58:01,394.9,2234385
2021-06-15 09:58:02,395.0,2234885
2021-06-15 09:58:03,395.0,2234885
2021-06-15 09:58:04,395.0,2235005
2021-06-15 09:58:05,395.0,2235005
2021-06-15 09:58:06,395.0,2235016
2021-06-15 09:58:07,395.0,2235016
2021-06-15 09:58:08,395.0,2235016
2021-06-15 09:58:09,394.9,2235042
2021-06-15 09:58:10,394.95,2235056
2021-06-15 09:58:11,394.95,2235076
2021-06-15 09:58:12,394.95,2235076
2021-06-15 09:58:13,394.95,2235076
2021-06-15 09:58:14,394.95,2235386
2021-06-15 09:58:15,395.0,2235488
2021-06-15 09:58:16,395.0,2235544
2021-06-15 09:58:18,394.95,2235644
2021-06-15 09:58:19,395.0,2239056
2021-06-15 09:58:20,395.0,2239406
2021-06-15 09:58:21,395.0,2239416
2021-06-15 09:58:22,395.05,2240794
2021-06-15 09:58:23,395.05,2240797
2021-06-15 09:58:24,395.0,2240822
2021-06-15 09:58:25,395.0,2240846
2021-06-15 09:58:26,395.05,2241301
2021-06-15 09:58:27,395.15,2241559
2021-06-15 09:58:28,395.15,2241559
2021-06-15 09:58:30,395.05,2241610
2021-06-15 09:58:30,395.05,2241610
2021-06-15 09:58:31,395.05,2241660
2021-06-15 09:58:32,395.2,2242368
2021-06-15 09:58:33,395.2,2242469
2021-06-15 09:58:35,395.2,2243619
2021-06-15 09:58:36,395.25,2243629
2021-06-15 09:58:37,395.25,2243635
2021-06-15 09:58:38,395.25,2243839
2021-06-15 09:58:39,395.2,2243869
2021-06-15 09:58:40,395.2,2243869
2021-06-15 09:58:41,395.2,2243879
2021-06-15 09:58:42,395.2,2243924
2021-06-15 09:58:43,395.25,2243955
2021-06-15 09:58:44,395.2,2244720
2021-06-15 09:58:45,395.25,2244730
2021-06-15 09:58:46,395.25,2244730
2021-06-15 09:58:47,395.2,2244937
2021-06-15 09:58:48,395.2,2244937
2021-06-15 09:58:49,395.3,2245312
2021-06-15 09:58:51,395.3,2245347
2021-06-15 09:58:52,395.3,2245347
2021-06-15 09:58:54,395.4,2245367
2021-06-15 09:58:56,395.25,2246075
2021-06-15 09:58:56,395.25,2246075
2021-06-15 09:58:58,395.35,2246102
2021-06-15 09:58:59,395.05,2251139
2021-06-15 09:59:00,395.05,2251139
2021-06-15 09:59:01,395.0,2252169
2021-06-15 09:59:02,395.05,2252194
2021-06-15 09:59:03,395.05,2252334
2021-06-15 09:59:04,394.9,2252942
2021-06-15 09:59:05,394.85,2252991
2021-06-15 09:59:06,394.85,2252991
2021-06-15 09:59:07,395.0,2253523
2021-06-15 09:59:08,395.0,2253523
2021-06-15 09:59:09,394.85,2253625
2021-06-15 09:59:10,394.85,2253625
2021-06-15 09:59:11,394.85,2254139
2021-06-15 09:59:12,394.9,2254199
2021-06-15 09:59:13,394.9,2254199
2021-06-15 09:59:14,394.7,2261589
2021-06-15 09:59:15,394.75,2262071
2021-06-15 09:59:16,394.75,2262077
2021-06-15 09:59:17,394.75,2262097
2021-06-15 09:59:19,394.75,2262329
2021-06-15 09:59:19,394.75,2262329
2021-06-15 09:59:20,394.8,2262533
2021-06-15 09:59:21,394.65,2262843
2021-06-15 09:59:22,394.85,2262868
2021-06-15 09:59:23,394.65,2262907
2021-06-15 09:59:24,394.65,2262907
2021-06-15 09:59:25,394.8,2263447
2021-06-15 09:59:26,394.75,2263455
2021-06-15 09:59:27,394.75,2263625
2021-06-15 09:59:28,394.75,2263785
2021-06-15 09:59:29,394.75,2264151
2021-06-15 09:59:31,394.7,2265220
2021-06-15 09:59:31,394.5,2266815
2021-06-15 09:59:32,394.65,2267370
2021-06-15 09:59:33,394.65,2267472
2021-06-15 09:59:34,394.5,2267643
2021-06-15 09:59:36,394.65,2267899
2021-06-15 09:59:37,394.65,2267999
2021-06-15 09:59:38,394.5,2268299
2021-06-15 09:59:39,394.5,2268499
2021-06-15 09:59:41,394.5,2268499
2021-06-15 09:59:41,394.5,2269627
2021-06-15 09:59:42,394.5,2269627
2021-06-15 09:59:43,394.4,2269713
2021-06-15 09:59:44,394.4,2269922
2021-06-15 09:59:45,394.4,2269922
2021-06-15 09:59:46,394.4,2270350
2021-06-15 09:59:47,394.5,2270370
2021-06-15 09:59:48,394.5,2270370
2021-06-15 09:59:49,394.4,2270471
2021-06-15 09:59:50,394.5,2270478
2021-06-15 09:59:51,394.5,2271135
2021-06-15 09:59:52,394.4,2271210
2021-06-15 09:59:53,394.4,2271610
2021-06-15 09:59:54,394.4,2271635
2021-06-15 09:59:55,394.4,2271635
2021-06-15 09:59:56,394.5,2271679
2021-06-15 09:59:57,394.4,2271836
2021-06-15 09:59:58,394.4,2271843
2021-06-15 09:59:59,394.45,2271943
2021-06-15 10:00:01,394.5,2271978
2021-06-15 10:00:02,394.5,2272031
2021-06-15 10:00:03,394.5,2272218
2021-06-15 10:00:04,394.45,2272338
2021-06-15 10:00:06,394.5,2272738
2021-06-15 10:00:07,394.45,2272760
2021-06-15 10:00:08,394.4,2273060
2021-06-15 10:00:09,394.4,2273110
2021-06-15 10:00:10,394.4,2273185
2021-06-15 10:00:11,394.4,2273185
2021-06-15 10:00:12,394.4,2274695
2021-06-15 10:00:13,394.4,2274695
2021-06-15 10:00:14,394.45,2274795
2021-06-15 10:00:15,394.5,2274830
2021-06-15 10:00:16,394.5,2275055
2021-06-15 10:00:17,394.4,2275101
2021-06-15 10:00:18,394.4,2276355
2021-06-15 10:00:20,394.4,2276407
2021-06-15 10:00:21,394.4,2276514
2021-06-15 10:00:22,394.4,2276514
2021-06-15 10:00:22,394.4,2276514
2021-06-15 10:00:23,394.4,2276515
2021-06-15 10:00:24,394.5,2276565
2021-06-15 10:00:25,394.45,2276615
2021-06-15 10:00:27,394.5,2276625
2021-06-15 10:00:28,394.4,2276809
2021-06-15 10:00:29,394.5,2276835
2021-06-15 10:00:30,394.5,2276835
2021-06-15 10:00:32,394.45,2276860
2021-06-15 10:00:34,394.5,2277435
2021-06-15 10:00:35,394.5,2277435
2021-06-15 10:00:36,394.5,2277635
2021-06-15 10:00:36,394.45,2278336
2021-06-15 10:00:37,394.5,2278342
2021-06-15 10:00:38,394.5,2278442
2021-06-15 10:00:39,394.4,2278542
2021-06-15 10:00:40,394.5,2279067
2021-06-15 10:00:41,394.5,2279367
2021-06-15 10:00:42,394.5,2279367
2021-06-15 10:00:43,394.35,2280892
2021-06-15 10:00:44,394.4,2280939
2021-06-15 10:00:45,394.3,2281104
2021-06-15 10:00:47,394.4,2281111
2021-06-15 10:00:48,394.4,2281112
2021-06-15 10:00:49,394.3,2281138
2021-06-15 10:00:50,394.3,2281238
2021-06-15 10:00:50,394.3,2281238
2021-06-15 10:00:51,394.3,2281238
2021-06-15 10:00:52,394.3,2281340
2021-06-15 10:00:53,394.15,2286095
2021-06-15 10:00:54,394.1,2286440
2021-06-15 10:00:55,394.25,2286761
2021-06-15 10:00:57,394.2,2286780
2021-06-15 10:00:58,394.15,2287148
2021-06-15 10:01:00,394.1,2287191
2021-06-15 10:01:00,394.05,2287341
2021-06-15 10:01:01,394.05,2287623
2021-06-15 10:01:02,394.05,2288173
2021-06-15 10:01:03,394.05,2288173
2021-06-15 10:01:04,394.1,2291320
2021-06-15 10:01:05,394.0,2291436
2021-06-15 10:01:06,394.05,2293776
2021-06-15 10:01:07,393.85,2293882
2021-06-15 10:01:08,393.85,2293899
2021-06-15 10:01:10,393.8,2294949
2021-06-15 10:01:11,394.0,2295449
2021-06-15 10:01:11,393.85,2295451
2021-06-15 10:01:13,393.95,2296776
2021-06-15 10:01:14,394.1,2296800
2021-06-15 10:01:16,394.1,2296900
2021-06-15 10:01:17,394.3,2298684
2021-06-15 10:01:17,394.3,2298684
2021-06-15 10:01:18,394.2,2298744
2021-06-15 10:01:19,394.15,2298770
2021-06-15 10:01:20,394.05,2299025
2021-06-15 10:01:21,394.05,2299031
2021-06-15 10:01:23,394.0,2299281
2021-06-15 10:01:24,394.0,2299281
2021-06-15 10:01:25,394.0,2299283
2021-06-15 10:01:26,394.15,2299553
2021-06-15 10:01:27,393.9,2299737
2021-06-15 10:01:28,393.85,2300237
2021-06-15 10:01:29,394.0,2300287
2021-06-15 10:01:29,394.0,2300488
2021-06-15 10:01:30,394.0,2300488
2021-06-15 10:01:33,393.9,2301333
2021-06-15 10:01:33,393.9,2301374
2021-06-15 10:01:35,393.9,2301424
2021-06-15 10:01:36,393.9,2301424
2021-06-15 10:01:37,394.0,2301785
2021-06-15 10:01:38,393.85,2301786
2021-06-15 10:01:38,393.85,2301786
2021-06-15 10:01:40,393.85,2301786
2021-06-15 10:01:41,393.85,2302016
2021-06-15 10:01:42,394.0,2302126
2021-06-15 10:01:43,394.0,2302439
2021-06-15 10:01:44,393.85,2302699
2021-06-15 10:01:45,393.85,2302699
2021-06-15 10:01:46,394.0,2302906
2021-06-15 10:01:47,393.95,2302912
2021-06-15 10:01:48,393.95,2302931
2021-06-15 10:01:49,393.85,2303111
2021-06-15 10:01:50,393.85,2303314
2021-06-15 10:01:51,394.15,2307324
2021-06-15 10:01:52,394.15,2307324
2021-06-15 10:01:53,393.9,2307348
2021-06-15 10:01:54,394.1,2307548
2021-06-15 10:01:55,393.95,2307648
2021-06-15 10:01:56,394.2,2307855
2021-06-15 10:01:57,394.15,2308353
2021-06-15 10:01:58,394.15,2308653
2021-06-15 10:01:59,394.05,2308854
2021-06-15 10:02:00,394.1,2308904
2021-06-15 10:02:01,394.1,2308904
2021-06-15 10:02:02,394.1,2308908
2021-06-15 10:02:03,394.1,2308908
2021-06-15 10:02:04,394.1,2309479
2021-06-15 10:02:05,394.05,2309480
2021-06-15 10:02:07,394.15,2309537
2021-06-15 10:02:08,394.1,2309607
2021-06-15 10:02:09,393.9,2313177
2021-06-15 10:02:10,393.95,2313277
2021-06-15 10:02:11,393.85,2313377
2021-06-15 10:02:11,393.85,2313377
2021-06-15 10:02:13,393.85,2313378
2021-06-15 10:02:14,393.85,2313483
2021-06-15 10:02:14,393.9,2313492
2021-06-15 10:02:15,393.95,2315262
2021-06-15 10:02:16,393.7,2319161
2021-06-15 10:02:17,393.55,2319503
2021-06-15 10:02:18,393.65,2319662
2021-06-15 10:02:20,393.7,2320128
2021-06-15 10:02:20,393.55,2320199
2021-06-15 10:02:21,393.7,2320525
2021-06-15 10:02:22,393.7,2320525
2021-06-15 10:02:24,393.7,2323606
2021-06-15 10:02:25,393.75,2329333
2021-06-15 10:02:25,393.55,2329583
2021-06-15 10:02:27,393.65,2329724
2021-06-15 10:02:28,393.7,2330724
2021-06-15 10:02:28,393.5,2333166
2021-06-15 10:02:29,393.55,2334625
2021-06-15 10:02:30,393.55,2334625
2021-06-15 10:02:31,393.5,2335847
2021-06-15 10:02:32,393.5,2335847
2021-06-15 10:02:33,393.35,2336884
2021-06-15 10:02:35,393.6,2336954
2021-06-15 10:02:35,393.6,2336954
2021-06-15 10:02:36,393.5,2338945
2021-06-15 10:02:38,393.4,2340624
2021-06-15 10:02:39,393.4,2341543
2021-06-15 10:02:39,393.45,2340643
2021-06-15 10:02:41,393.6,2341843
2021-06-15 10:02:42,393.6,2341843
2021-06-15 10:02:43,393.55,2344241
2021-06-15 10:02:45,393.45,2344281
2021-06-15 10:02:46,393.55,2345467
2021-06-15 10:02:47,393.45,2345854
2021-06-15 10:02:47,393.5,2345479
2021-06-15 10:02:50,393.45,2347267
2021-06-15 10:02:51,393.65,2347292
2021-06-15 10:02:52,393.55,2348303
2021-06-15 10:02:53,393.55,2348303
2021-06-15 10:02:55,393.65,2350108
2021-06-15 10:02:56,393.7,2353115
2021-06-15 10:02:57,393.7,2353115
2021-06-15 10:02:58,393.6,2353119
2021-06-15 10:02:59,393.6,2353419
2021-06-15 10:03:00,393.6,2353419
2021-06-15 10:03:01,393.6,2353538
2021-06-15 10:03:02,393.7,2353580
2021-06-15 10:03:03,393.7,2353580
2021-06-15 10:03:04,393.7,2353780
2021-06-15 10:03:05,393.6,2354220
2021-06-15 10:03:06,393.75,2354227
2021-06-15 10:03:07,393.85,2354423
2021-06-15 10:03:08,393.85,2354423
2021-06-15 10:03:09,393.7,2354482
2021-06-15 10:03:10,393.7,2354582
2021-06-15 10:03:13,393.9,2354682
2021-06-15 10:03:14,393.8,2354783
2021-06-15 10:03:15,393.8,2354783
2021-06-15 10:03:16,393.9,2354792
2021-06-15 10:03:17,393.9,2354792
2021-06-15 10:03:18,393.9,2354792
2021-06-15 10:03:19,393.9,2354792
2021-06-15 10:03:20,393.75,2354842
2021-06-15 10:03:21,393.7,2354862
2021-06-15 10:03:22,393.8,2354927
2021-06-15 10:03:23,393.7,2354951
2021-06-15 10:03:24,393.7,2354951
2021-06-15 10:03:25,393.7,2354961
2021-06-15 10:03:27,393.85,2354969
2021-06-15 10:03:27,393.75,2355219
2021-06-15 10:03:28,393.9,2355344
2021-06-15 10:03:29,393.9,2355344
2021-06-15 10:03:30,393.85,2355704
2021-06-15 10:03:31,393.85,2355812
2021-06-15 10:03:32,393.9,2356018
2021-06-15 10:03:33,393.9,2356102
2021-06-15 10:03:34,393.9,2356102
2021-06-15 10:03:35,393.85,2356202
2021-06-15 10:03:37,393.9,2356209
2021-06-15 10:03:38,393.9,2356239
2021-06-15 10:03:40,393.9,2356339
2021-06-15 10:03:41,393.9,2356344
2021-06-15 10:03:42,393.9,2356344
2021-06-15 10:03:43,393.9,2356544
2021-06-15 10:03:45,393.9,2356544
2021-06-15 10:03:46,393.9,2356544
2021-06-15 10:03:47,393.9,2357551
2021-06-15 10:03:47,393.9,2357605
2021-06-15 10:03:48,393.9,2357630
2021-06-15 10:03:49,393.8,2357680
2021-06-15 10:03:51,393.8,2357710
2021-06-15 10:03:52,393.8,2357710
2021-06-15 10:03:54,393.9,2357847
2021-06-15 10:03:55,393.9,2357848
2021-06-15 10:03:55,393.85,2357898
2021-06-15 10:03:56,393.9,2357905
2021-06-15 10:03:57,393.9,2357905
2021-06-15 10:03:58,393.95,2358755
2021-06-15 10:03:59,393.95,2359255
2021-06-15 10:04:00,393.95,2359255
2021-06-15 10:04:01,393.95,2359265
2021-06-15 10:04:02,394.0,2359281
2021-06-15 10:04:03,394.0,2359282
2021-06-15 10:04:04,394.0,2359318
2021-06-15 10:04:05,393.9,2359818
2021-06-15 10:04:06,394.0,2359826
2021-06-15 10:04:07,394.0,2359831
2021-06-15 10:04:09,394.0,2359931
2021-06-15 10:04:09,394.0,2359950
2021-06-15 10:04:10,393.9,2360030
2021-06-15 10:04:11,393.9,2361180
2021-06-15 10:04:12,393.9,2361186
2021-06-15 10:04:13,394.0,2361236
2021-06-15 10:04:14,394.0,2361336
2021-06-15 10:04:15,394.0,2362241
2021-06-15 10:04:16,393.95,2362292
2021-06-15 10:04:17,393.95,2362368
2021-06-15 10:04:18,394.0,2362379
2021-06-15 10:04:20,394.0,2362379
2021-06-15 10:04:21,393.95,2362389
2021-06-15 10:04:22,394.15,2365144
2021-06-15 10:04:23,394.15,2365144
2021-06-15 10:04:24,393.95,2366388
2021-06-15 10:04:26,393.95,2366423
2021-06-15 10:04:28,393.95,2366441
2021-06-15 10:04:29,394.15,2366754
2021-06-15 10:04:30,394.15,2366904
2021-06-15 10:04:31,394.0,2367114
2021-06-15 10:04:33,394.05,2367516
2021-06-15 10:04:34,394.25,2367551
2021-06-15 10:04:35,394.25,2367551
2021-06-15 10:04:36,394.1,2367851
2021-06-15 10:04:37,394.25,2367857
2021-06-15 10:04:37,394.25,2367857
2021-06-15 10:04:39,394.25,2367857
2021-06-15 10:04:40,394.25,2367857
2021-06-15 10:04:41,394.05,2369361
2021-06-15 10:04:42,394.25,2369366
2021-06-15 10:04:42,394.25,2369366
2021-06-15 10:04:43,394.25,2369366
2021-06-15 10:04:44,394.25,2369366
2021-06-15 10:04:45,394.25,2371110
2021-06-15 10:04:46,394.3,2371117
2021-06-15 10:04:48,394.25,2371118
2021-06-15 10:04:49,394.25,2371123
2021-06-15 10:04:50,394.25,2371150
2021-06-15 10:04:50,394.3,2371163
2021-06-15 10:04:51,394.25,2371208
2021-06-15 10:04:53,394.25,2371638
2021-06-15 10:04:54,394.25,2371645
2021-06-15 10:04:55,394.25,2372492
2021-06-15 10:04:56,394.3,2372497
2021-06-15 10:04:57,394.25,2372769
2021-06-15 10:04:58,394.3,2373073
2021-06-15 10:04:59,394.3,2373073
2021-06-15 10:05:00,394.3,2373076
2021-06-15 10:05:01,394.3,2373076
2021-06-15 10:05:01,394.25,2373176
2021-06-15 10:05:03,394.15,2373193
2021-06-15 10:05:03,394.15,2373194
2021-06-15 10:05:04,394.25,2373200
2021-06-15 10:05:05,394.25,2373220
2021-06-15 10:05:06,394.1,2373349
2021-06-15 10:05:07,394.25,2373749
2021-06-15 10:05:08,394.25,2373749
2021-06-15 10:05:09,394.25,2373749
2021-06-15 10:05:10,394.25,2373749
2021-06-15 10:05:11,394.0,2380182
2021-06-15 10:05:12,394.0,2380182
2021-06-15 10:05:14,394.0,2380182
2021-06-15 10:05:15,393.95,2380307
2021-06-15 10:05:16,394.0,2382332
2021-06-15 10:05:17,394.0,2382388
2021-06-15 10:05:18,393.95,2384617
2021-06-15 10:05:19,393.95,2384617
2021-06-15 10:05:20,393.95,2384617
2021-06-15 10:05:21,394.0,2384717
2021-06-15 10:05:22,394.0,2384717
2021-06-15 10:05:22,394.0,2384717
2021-06-15 10:05:23,394.0,2384717
2021-06-15 10:05:25,393.95,2385717
2021-06-15 10:05:26,394.1,2385726
2021-06-15 10:05:26,393.8,2396038
2021-06-15 10:05:28,393.95,2396138
2021-06-15 10:05:29,393.95,2396149
2021-06-15 10:05:30,393.95,2396152
2021-06-15 10:05:31,393.8,2396252
2021-06-15 10:05:31,393.8,2396252
2021-06-15 10:05:32,393.95,2396352
2021-06-15 10:05:33,393.8,2396362
2021-06-15 10:05:35,393.9,2396372
2021-06-15 10:05:36,393.8,2396472
2021-06-15 10:05:37,393.85,2396478
2021-06-15 10:05:38,393.95,2396678
2021-06-15 10:05:39,393.95,2396678
2021-06-15 10:05:40,394.0,2398519
2021-06-15 10:05:41,394.0,2398520
2021-06-15 10:05:42,394.0,2398520
2021-06-15 10:05:43,393.9,2398620
2021-06-15 10:05:44,393.9,2398620
2021-06-15 10:05:44,393.9,2398620
2021-06-15 10:05:45,393.95,2398650
2021-06-15 10:05:46,394.0,2398657
2021-06-15 10:05:47,394.0,2398657
2021-06-15 10:05:49,394.0,2398657
2021-06-15 10:05:51,394.0,2400114
2021-06-15 10:05:51,394.0,2400218
2021-06-15 10:05:52,394.0,2400223
2021-06-15 10:05:54,394.0,2400223
2021-06-15 10:05:54,394.0,2400223
2021-06-15 10:05:55,394.1,2400343
2021-06-15 10:05:56,394.1,2400450
2021-06-15 10:05:57,394.0,2400651
2021-06-15 10:05:58,394.1,2401138
2021-06-15 10:06:00,394.0,2401263
2021-06-15 10:06:01,394.1,2401370
2021-06-15 10:06:02,394.1,2401668
2021-06-15 10:06:03,394.1,2401668
2021-06-15 10:06:04,394.25,2405166
2021-06-15 10:06:05,394.25,2405166
2021-06-15 10:06:06,394.25,2405166
2021-06-15 10:06:07,394.3,2405173
2021-06-15 10:06:08,394.3,2405173
2021-06-15 10:06:09,394.35,2405985
2021-06-15 10:06:10,394.55,2414908
2021-06-15 10:06:10,394.55,2414908
2021-06-15 10:06:11,394.55,2414908
2021-06-15 10:06:12,394.55,2414908
2021-06-15 10:06:13,394.55,2414908
2021-06-15 10:06:14,394.55,2415108
2021-06-15 10:06:15,394.4,2415618
2021-06-15 10:06:17,394.7,2415624
2021-06-15 10:06:18,394.7,2415625
2021-06-15 10:06:19,394.55,2415705
2021-06-15 10:06:19,394.5,2416030
2021-06-15 10:06:20,394.2,2416590
2021-06-15 10:06:21,394.4,2416690
2021-06-15 10:06:22,394.5,2417190
2021-06-15 10:06:24,394.25,2417440
2021-06-15 10:06:25,394.3,2418827
2021-06-15 10:06:27,394.7,2418836
2021-06-15 10:06:28,394.5,2418846
2021-06-15 10:06:29,394.95,2421229
2021-06-15 10:06:30,394.9,2421231
2021-06-15 10:06:32,394.8,2426419
2021-06-15 10:06:33,395.05,2435620
2021-06-15 10:06:34,395.05,2436310
2021-06-15 10:06:35,394.95,2436590
2021-06-15 10:06:36,395.05,2436596
2021-06-15 10:06:37,395.05,2436917
2021-06-15 10:06:38,395.0,2438738
2021-06-15 10:06:40,395.05,2439078
2021-06-15 10:06:41,395.0,2439588
2021-06-15 10:06:42,395.0,2441763
2021-06-15 10:06:43,395.0,2441763
2021-06-15 10:06:44,395.05,2442192
2021-06-15 10:06:45,395.05,2442397
2021-06-15 10:06:46,395.1,2442797
2021-06-15 10:06:47,395.1,2443083
2021-06-15 10:06:48,395.1,2443688
2021-06-15 10:06:49,395.1,2443688
2021-06-15 10:06:50,395.05,2444298
2021-06-15 10:06:51,395.0,2444398
2021-06-15 10:06:52,395.05,2444428
2021-06-15 10:06:53,395.1,2444442
2021-06-15 10:06:54,395.1,2444442
2021-06-15 10:06:55,395.1,2444617
2021-06-15 10:06:56,395.15,2446544
2021-06-15 10:06:57,395.2,2446551
2021-06-15 10:06:58,395.0,2447551
2021-06-15 10:06:59,395.2,2447581
2021-06-15 10:07:00,395.05,2447681
2021-06-15 10:07:02,395.0,2447706
2021-06-15 10:07:03,395.2,2447756
2021-06-15 10:07:04,395.2,2447756
2021-06-15 10:07:05,395.2,2447758
2021-06-15 10:07:07,395.25,2449100
2021-06-15 10:07:08,395.2,2449132
2021-06-15 10:07:09,395.2,2449132
2021-06-15 10:07:10,395.2,2449231
2021-06-15 10:07:11,395.2,2449295
2021-06-15 10:07:12,395.2,2449357
2021-06-15 10:07:13,395.05,2450367
2021-06-15 10:07:14,395.15,2450387
2021-06-15 10:07:15,395.0,2450937
2021-06-15 10:07:16,395.0,2450947
2021-06-15 10:07:17,395.1,2450953
2021-06-15 10:07:18,395.1,2450953
2021-06-15 10:07:19,395.1,2450958
