timestamp,ltp,volume
2021-06-15 09:15:47,638.15,155944
2021-06-15 09:15:48,638.15,158803
2021-06-15 09:15:49,638.15,162490
2021-06-15 09:15:50,638.35,165215
2021-06-15 09:15:51,638.3,165268
2021-06-15 09:15:52,638.45,166711
2021-06-15 09:15:53,638.1,170517
2021-06-15 09:15:54,638.35,171810
2021-06-15 09:15:55,638.7,177202
2021-06-15 09:15:56,638.6,179692
2021-06-15 09:15:57,638.65,180279
2021-06-15 09:15:58,638.4,181479
2021-06-15 09:15:59,638.4,181593
2021-06-15 09:16:00,638.75,182160
2021-06-15 09:16:01,638.7,185491
2021-06-15 09:16:02,638.75,188708
2021-06-15 09:16:03,638.75,190471
2021-06-15 09:16:04,638.7,192015
2021-06-15 09:16:05,638.7,193053
2021-06-15 09:16:06,638.75,194733
2021-06-15 09:16:07,638.4,196018
2021-06-15 09:16:08,638.6,199395
2021-06-15 09:16:09,638.7,201069
2021-06-15 09:16:10,638.25,202139
2021-06-15 09:16:11,638.55,204083
2021-06-15 09:16:12,638.25,204400
2021-06-15 09:16:13,638.35,208022
2021-06-15 09:16:14,638.35,208673
2021-06-15 09:16:16,638.45,209167
2021-06-15 09:16:17,638.45,213837
2021-06-15 09:16:18,638.45,214887
2021-06-15 09:16:19,638.5,215693
2021-06-15 09:16:20,638.6,219435
2021-06-15 09:16:22,638.3,220417
2021-06-15 09:16:23,638.3,221948
2021-06-15 09:16:23,638.2,224239
2021-06-15 09:16:24,638.2,225295
2021-06-15 09:16:25,638.15,226498
2021-06-15 09:16:26,638.25,227144
2021-06-15 09:16:27,638.2,228147
2021-06-15 09:16:28,638.45,230182
2021-06-15 09:16:29,638.45,231813
2021-06-15 09:16:30,638.05,233057
2021-06-15 09:16:31,638.0,234519
2021-06-15 09:16:32,638.35,236290
2021-06-15 09:16:33,638.3,236780
2021-06-15 09:16:34,638.3,239460
2021-06-15 09:16:35,638.0,241223
2021-06-15 09:16:36,638.3,242647
2021-06-15 09:16:37,638.0,244010
2021-06-15 09:16:38,638.35,245095
2021-06-15 09:16:39,638.05,245435
2021-06-15 09:16:41,638.0,247336
2021-06-15 09:16:42,638.3,247553
2021-06-15 09:16:43,638.35,247953
2021-06-15 09:16:43,638.35,247949
2021-06-15 09:16:44,638.35,249191
2021-06-15 09:16:45,638.05,250973
2021-06-15 09:16:46,638.25,252827
2021-06-15 09:16:47,638.25,252997
2021-06-15 09:16:48,638.2,253393
2021-06-15 09:16:50,638.0,253893
2021-06-15 09:16:51,638.25,256087
2021-06-15 09:16:52,638.25,256087
2021-06-15 09:16:53,638.0,261084
2021-06-15 09:16:55,638.1,270393
2021-06-15 09:16:57,638.05,270849
2021-06-15 09:16:58,638.1,271249
2021-06-15 09:16:59,638.2,271427
2021-06-15 09:16:59,638.05,271897
2021-06-15 09:17:00,638.35,274410
2021-06-15 09:17:01,638.15,274857
2021-06-15 09:17:02,638.2,275070
2021-06-15 09:17:04,638.5,279073
2021-06-15 09:17:05,638.6,279309
2021-06-15 09:17:05,638.5,279220
2021-06-15 09:17:06,638.3,281067
2021-06-15 09:17:07,638.6,281578
2021-06-15 09:17:08,638.6,284807
2021-06-15 09:17:09,638.75,286003
2021-06-15 09:17:10,638.4,288425
2021-06-15 09:17:11,638.65,290117
2021-06-15 09:17:13,638.6,292176
2021-06-15 09:17:14,638.6,293836
2021-06-15 09:17:15,638.3,296172
2021-06-15 09:17:16,638.25,297891
2021-06-15 09:17:17,638.45,298803
2021-06-15 09:17:19,638.5,299963
2021-06-15 09:17:19,638.5,299963
2021-06-15 09:17:20,638.4,300153
2021-06-15 09:17:21,638.4,300639
2021-06-15 09:17:22,638.5,302370
2021-06-15 09:17:23,638.5,303295
2021-06-15 09:17:24,638.5,304159
2021-06-15 09:17:25,638.5,304738
2021-06-15 09:17:26,638.5,304878
2021-06-15 09:17:27,638.45,305167
2021-06-15 09:17:28,638.35,305714
2021-06-15 09:17:31,638.15,307565
2021-06-15 09:17:32,638.15,308522
2021-06-15 09:17:33,638.4,309402
2021-06-15 09:17:33,638.4,309402
2021-06-15 09:17:34,638.5,310547
2021-06-15 09:17:35,638.45,313354
2021-06-15 09:17:36,638.55,313764
2021-06-15 09:17:37,638.3,317718
2021-06-15 09:17:39,638.3,321811
2021-06-15 09:17:41,638.45,326073
2021-06-15 09:17:42,638.35,326971
2021-06-15 09:17:43,638.4,328193
2021-06-15 09:17:44,638.65,334147
2021-06-15 09:17:44,638.5,334277
2021-06-15 09:17:45,638.55,335232
2021-06-15 09:17:46,638.6,336460
2021-06-15 09:17:48,638.6,338055
2021-06-15 09:17:49,638.45,339578
2021-06-15 09:17:51,638.2,340186
2021-06-15 09:17:52,638.45,341969
2021-06-15 09:17:53,638.35,342314
2021-06-15 09:17:54,638.25,342914
2021-06-15 09:17:55,638.45,345484
2021-06-15 09:17:56,638.75,345844
2021-06-15 09:17:57,638.4,347084
2021-06-15 09:17:58,638.45,347624
2021-06-15 09:17:59,638.6,348901
2021-06-15 09:18:00,638.75,349331
2021-06-15 09:18:03,638.5,351921
2021-06-15 09:18:06,638.55,354206
2021-06-15 09:18:08,638.5,354226
2021-06-15 09:18:09,638.75,355986
2021-06-15 09:18:10,638.8,356163
2021-06-15 09:18:11,638.7,356713
2021-06-15 09:18:12,638.5,356867
2021-06-15 09:18:13,638.7,356970
2021-06-15 09:18:14,638.55,357896
2021-06-15 09:18:15,638.75,359618
2021-06-15 09:18:16,638.8,369150
2021-06-15 09:18:17,638.6,369428
2021-06-15 09:18:18,638.6,369974
2021-06-15 09:18:19,638.5,372099
2021-06-15 09:18:20,638.45,372340
2021-06-15 09:18:21,638.35,372904
2021-06-15 09:18:23,638.35,375456
2021-06-15 09:18:23,638.1,375626
2021-06-15 09:18:25,638.25,377630
2021-06-15 09:18:26,638.45,378414
2021-06-15 09:18:28,638.45,379664
2021-06-15 09:18:29,638.45,379989
2021-06-15 09:18:29,638.3,380194
2021-06-15 09:18:30,638.55,380552
2021-06-15 09:18:31,638.55,380675
2021-06-15 09:18:32,638.55,380870
2021-06-15 09:18:33,638.4,381039
2021-06-15 09:18:34,638.2,381908
2021-06-15 09:18:35,638.45,382760
2021-06-15 09:18:36,638.4,382983
2021-06-15 09:18:38,638.3,383138
2021-06-15 09:18:39,638.4,383502
2021-06-15 09:18:40,638.4,384034
2021-06-15 09:18:41,638.15,384311
2021-06-15 09:18:41,638.2,384430
2021-06-15 09:18:43,638.2,385347
2021-06-15 09:18:45,638.2,386438
2021-06-15 09:18:46,637.65,396868
2021-06-15 09:18:46,638.0,400210
2021-06-15 09:18:47,638.0,401424
2021-06-15 09:18:48,637.95,404648
2021-06-15 09:18:50,637.7,406328
2021-06-15 09:18:51,637.9,408209
2021-06-15 09:18:52,637.9,408941
2021-06-15 09:18:53,638.3,409654
2021-06-15 09:18:53,638.0,409754
2021-06-15 09:18:54,638.2,410343
2021-06-15 09:18:56,638.3,410557
2021-06-15 09:18:57,638.0,412144
2021-06-15 09:18:57,638.0,412624
2021-06-15 09:18:58,638.15,414018
2021-06-15 09:18:59,638.15,414940
2021-06-15 09:19:00,638.0,415403
2021-06-15 09:19:01,638.2,416829
2021-06-15 09:19:02,638.05,417278
2021-06-15 09:19:05,637.95,421120
2021-06-15 09:19:06,638.15,422015
2021-06-15 09:19:07,638.15,422288
2021-06-15 09:19:09,637.95,424025
2021-06-15 09:19:10,637.95,425581
2021-06-15 09:19:11,638.15,425968
2021-06-15 09:19:12,638.0,426671
2021-06-15 09:19:13,638.15,427397
2021-06-15 09:19:13,638.15,427397
2021-06-15 09:19:14,637.9,427598
2021-06-15 09:19:15,637.9,428808
2021-06-15 09:19:16,637.9,429060
2021-06-15 09:19:17,637.7,430080
2021-06-15 09:19:18,638.05,430141
2021-06-15 09:19:19,638.05,430233
2021-06-15 09:19:21,638.0,431957
2021-06-15 09:19:22,638.15,432040
2021-06-15 09:19:22,638.15,432040
2021-06-15 09:19:23,638.2,433058
2021-06-15 09:19:24,638.2,433205
2021-06-15 09:19:25,638.0,434219
2021-06-15 09:19:26,638.0,434263
2021-06-15 09:19:28,638.0,434532
2021-06-15 09:19:29,637.95,435009
2021-06-15 09:19:30,638.15,440201
2021-06-15 09:19:31,638.1,441172
2021-06-15 09:19:31,638.0,442226
2021-06-15 09:19:32,638.0,442508
2021-06-15 09:19:33,638.1,442888
2021-06-15 09:19:34,638.2,442939
2021-06-15 09:19:38,638.35,445645
2021-06-15 09:19:39,638.05,445770
2021-06-15 09:19:40,638.0,446181
2021-06-15 09:19:41,638.05,446297
2021-06-15 09:19:42,638.0,446895
2021-06-15 09:19:43,638.4,449042
2021-06-15 09:19:43,638.4,449190
2021-06-15 09:19:44,638.2,450397
2021-06-15 09:19:45,638.15,450833
2021-06-15 09:19:46,638.15,451575
2021-06-15 09:19:47,638.0,452891
2021-06-15 09:19:48,638.15,453381
2021-06-15 09:19:50,638.2,453736
2021-06-15 09:19:51,638.1,454711
2021-06-15 09:19:52,638.05,455248
2021-06-15 09:19:53,638.05,456127
2021-06-15 09:19:53,638.05,457042
2021-06-15 09:19:54,638.05,457543
2021-06-15 09:19:55,637.95,457952
2021-06-15 09:19:57,638.05,459763
2021-06-15 09:19:58,638.0,460190
2021-06-15 09:19:59,638.05,460721
2021-06-15 09:20:00,637.9,461696
2021-06-15 09:20:01,637.9,462675
2021-06-15 09:20:02,637.95,463936
2021-06-15 09:20:03,637.9,464330
2021-06-15 09:20:04,637.9,464608
2021-06-15 09:20:05,637.9,464678
2021-06-15 09:20:07,637.75,465544
2021-06-15 09:20:08,637.9,466148
2021-06-15 09:20:09,637.95,466478
2021-06-15 09:20:10,638.05,470605
2021-06-15 09:20:10,638.15,470937
2021-06-15 09:20:11,638.2,471255
2021-06-15 09:20:12,638.15,471293
2021-06-15 09:20:13,638.1,472613
2021-06-15 09:20:14,638.0,472719
2021-06-15 09:20:15,638.0,472742
2021-06-15 09:20:17,638.0,474130
2021-06-15 09:20:19,638.0,476014
2021-06-15 09:20:19,637.95,476179
2021-06-15 09:20:21,637.95,477342
2021-06-15 09:20:22,638.15,477485
2021-06-15 09:20:23,638.2,477727
2021-06-15 09:20:24,638.05,477864
2021-06-15 09:20:26,637.95,478617
2021-06-15 09:20:26,638.2,478787
2021-06-15 09:20:28,638.2,479173
2021-06-15 09:20:29,638.15,479802
2021-06-15 09:20:30,638.2,480027
2021-06-15 09:20:31,637.95,481362
2021-06-15 09:20:32,638.15,481806
2021-06-15 09:20:32,638.15,481861
2021-06-15 09:20:33,638.2,481906
2021-06-15 09:20:35,638.0,482526
2021-06-15 09:20:36,638.2,482608
2021-06-15 09:20:37,638.25,482654
2021-06-15 09:20:38,638.25,482654
2021-06-15 09:20:39,638.25,483319
2021-06-15 09:20:39,638.2,483452
2021-06-15 09:20:40,638.25,483842
2021-06-15 09:20:41,638.0,484033
2021-06-15 09:20:42,638.2,484107
2021-06-15 09:20:44,638.2,484936
2021-06-15 09:20:44,638.2,485002
2021-06-15 09:20:46,638.15,485547
2021-06-15 09:20:47,638.15,485662
2021-06-15 09:20:48,637.95,486783
2021-06-15 09:20:50,637.6,497211
2021-06-15 09:20:50,637.6,497230
2021-06-15 09:20:52,637.6,498576
2021-06-15 09:20:53,637.55,499384
2021-06-15 09:20:54,637.6,499764
2021-06-15 09:20:55,637.6,499948
2021-06-15 09:20:55,637.6,499948
2021-06-15 09:20:56,637.55,502658
2021-06-15 09:20:57,637.65,502739
2021-06-15 09:20:59,637.6,503125
2021-06-15 09:21:00,637.6,505158
2021-06-15 09:21:01,637.7,505525
2021-06-15 09:21:02,637.6,506592
2021-06-15 09:21:03,637.7,506609
2021-06-15 09:21:04,637.7,506709
2021-06-15 09:21:04,637.7,506709
2021-06-15 09:21:05,637.7,506727
2021-06-15 09:21:06,637.65,506982
2021-06-15 09:21:07,637.7,508902
2021-06-15 09:21:08,637.65,509341
2021-06-15 09:21:09,637.7,509419
2021-06-15 09:21:11,637.6,510064
2021-06-15 09:21:12,637.5,513611
2021-06-15 09:21:13,637.55,513953
2021-06-15 09:21:14,637.2,517082
2021-06-15 09:21:15,637.3,517279
2021-06-15 09:21:15,637.3,517309
2021-06-15 09:21:16,637.0,517874
2021-06-15 09:21:19,637.1,518309
2021-06-15 09:21:20,637.2,518400
2021-06-15 09:21:22,637.15,519073
2021-06-15 09:21:23,637.35,519343
2021-06-15 09:21:25,637.0,520802
2021-06-15 09:21:25,637.35,520922
2021-06-15 09:21:26,637.35,520922
2021-06-15 09:21:29,637.75,523151
2021-06-15 09:21:31,637.8,524456
2021-06-15 09:21:32,637.9,525623
2021-06-15 09:21:33,637.9,525655
2021-06-15 09:21:34,638.0,527872
2021-06-15 09:21:34,638.0,527872
2021-06-15 09:21:35,638.0,528082
2021-06-15 09:21:38,638.2,530153
2021-06-15 09:21:39,638.2,530153
2021-06-15 09:21:40,638.0,530235
2021-06-15 09:21:41,638.0,530493
2021-06-15 09:21:42,638.15,530766
2021-06-15 09:21:43,637.7,533662
2021-06-15 09:21:44,637.65,533823
2021-06-15 09:21:45,637.7,534081
2021-06-15 09:21:45,637.65,534092
2021-06-15 09:21:46,637.7,534175
2021-06-15 09:21:47,637.95,534370
2021-06-15 09:21:48,638.0,534841
2021-06-15 09:21:50,637.75,535200
2021-06-15 09:21:51,637.75,536803
2021-06-15 09:21:52,637.75,538164
2021-06-15 09:21:53,637.8,538795
2021-06-15 09:21:54,637.9,538885
2021-06-15 09:21:55,638.0,539621
2021-06-15 09:21:56,638.0,539747
2021-06-15 09:21:57,638.0,540019
2021-06-15 09:21:58,638.0,540418
2021-06-15 09:21:58,637.9,540452
2021-06-15 09:21:59,637.9,540452
2021-06-15 09:22:00,638.0,541514
2021-06-15 09:22:01,638.05,542534
2021-06-15 09:22:02,638.15,543333
2021-06-15 09:22:04,638.2,543513
2021-06-15 09:22:05,638.2,544183
2021-06-15 09:22:06,638.0,544250
2021-06-15 09:22:07,637.95,544299
2021-06-15 09:22:08,638.15,544436
2021-06-15 09:22:08,638.15,544436
2021-06-15 09:22:09,638.1,545573
2021-06-15 09:22:11,638.1,545772
2021-06-15 09:22:12,638.1,546621
2021-06-15 09:22:13,638.1,546731
2021-06-15 09:22:14,638.0,546984
2021-06-15 09:22:15,638.15,547036
2021-06-15 09:22:16,638.0,547182
2021-06-15 09:22:16,638.0,547182
2021-06-15 09:22:17,638.0,547393
2021-06-15 09:22:18,638.0,549867
2021-06-15 09:22:20,638.2,549973
2021-06-15 09:22:21,638.2,550123
2021-06-15 09:22:22,638.15,550249
2021-06-15 09:22:23,638.15,550529
2021-06-15 09:22:24,638.2,550819
2021-06-15 09:22:26,638.15,551485
2021-06-15 09:22:27,637.75,553540
2021-06-15 09:22:28,637.8,554418
2021-06-15 09:22:29,637.9,554560
2021-06-15 09:22:30,637.9,554675
2021-06-15 09:22:31,638.0,555324
2021-06-15 09:22:31,638.0,555324
2021-06-15 09:22:32,638.0,555589
2021-06-15 09:22:34,638.0,556050
2021-06-15 09:22:35,638.15,556265
2021-06-15 09:22:36,638.2,556367
2021-06-15 09:22:37,638.0,556677
2021-06-15 09:22:38,638.0,556736
2021-06-15 09:22:39,637.95,557607
2021-06-15 09:22:40,637.9,557877
2021-06-15 09:22:41,637.95,558279
2021-06-15 09:22:42,638.0,558750
2021-06-15 09:22:43,638.0,559653
2021-06-15 09:22:43,637.9,559813
2021-06-15 09:22:44,638.0,560106
2021-06-15 09:22:46,638.0,560618
2021-06-15 09:22:47,638.0,561164
2021-06-15 09:22:48,638.0,561939
2021-06-15 09:22:49,638.0,562428
2021-06-15 09:22:50,637.9,563070
2021-06-15 09:22:51,637.8,563244
2021-06-15 09:22:52,637.8,563246
2021-06-15 09:22:53,637.75,566316
2021-06-15 09:22:55,637.9,568112
2021-06-15 09:22:55,637.85,568232
2021-06-15 09:22:57,637.85,568896
2021-06-15 09:22:57,637.85,568924
2021-06-15 09:22:58,637.8,570375
2021-06-15 09:22:59,637.85,570504
2021-06-15 09:23:00,637.85,570537
2021-06-15 09:23:01,637.8,570785
2021-06-15 09:23:02,637.65,571081
2021-06-15 09:23:03,637.8,571182
2021-06-15 09:23:05,637.8,571544
2021-06-15 09:23:06,637.75,571803
2021-06-15 09:23:07,637.85,572606
2021-06-15 09:23:08,637.9,572888
2021-06-15 09:23:09,637.95,572945
2021-06-15 09:23:11,638.0,573915
2021-06-15 09:23:12,638.0,574196
2021-06-15 09:23:13,637.85,575083
2021-06-15 09:23:14,638.0,575679
2021-06-15 09:23:15,638.0,576345
2021-06-15 09:23:15,638.0,576245
2021-06-15 09:23:16,637.95,576379
2021-06-15 09:23:17,637.95,576977
2021-06-15 09:23:18,638.0,577392
2021-06-15 09:23:19,638.0,577481
2021-06-15 09:23:20,638.0,577655
2021-06-15 09:23:22,637.8,578159
2021-06-15 09:23:23,637.8,579899
2021-06-15 09:23:24,637.95,580035
2021-06-15 09:23:25,637.8,580358
2021-06-15 09:23:26,637.95,580643
2021-06-15 09:23:27,637.8,580763
2021-06-15 09:23:28,637.75,581222
2021-06-15 09:23:29,637.55,582138
2021-06-15 09:23:31,637.85,583284
2021-06-15 09:23:34,637.75,584470
2021-06-15 09:23:36,637.8,584905
2021-06-15 09:23:37,637.75,585041
2021-06-15 09:23:38,637.75,585371
2021-06-15 09:23:39,637.75,585403
2021-06-15 09:23:40,637.75,586163
2021-06-15 09:23:41,637.75,586432
2021-06-15 09:23:42,637.5,586901
2021-06-15 09:23:43,637.5,587712
2021-06-15 09:23:44,637.5,587856
2021-06-15 09:23:45,637.5,589446
2021-06-15 09:23:46,637.6,589499
2021-06-15 09:23:47,637.6,590181
2021-06-15 09:23:48,637.6,590522
2021-06-15 09:23:49,637.7,590713
2021-06-15 09:23:50,637.5,591676
2021-06-15 09:23:51,637.45,592116
2021-06-15 09:23:52,637.7,592662
2021-06-15 09:23:53,637.75,598039
2021-06-15 09:23:54,637.85,598072
2021-06-15 09:23:55,637.7,598382
2021-06-15 09:23:56,637.75,598392
2021-06-15 09:23:56,637.7,598506
2021-06-15 09:23:57,637.6,598511
2021-06-15 09:23:58,637.6,599050
2021-06-15 09:23:59,637.7,600446
2021-06-15 09:24:00,637.55,605246
2021-06-15 09:24:01,637.6,605471
2021-06-15 09:24:02,637.4,606518
2021-06-15 09:24:03,637.7,607184
2021-06-15 09:24:04,637.5,607215
2021-06-15 09:24:05,637.7,607543
2021-06-15 09:24:06,637.45,607873
2021-06-15 09:24:07,637.75,608914
2021-06-15 09:24:08,637.5,608977
2021-06-15 09:24:09,637.75,609133
2021-06-15 09:24:11,637.5,609548
2021-06-15 09:24:12,637.5,609558
2021-06-15 09:24:13,637.7,610306
2021-06-15 09:24:14,637.7,611287
2021-06-15 09:24:15,637.7,611432
2021-06-15 09:24:16,637.6,613124
2021-06-15 09:24:17,637.7,613589
2021-06-15 09:24:18,637.4,615100
2021-06-15 09:24:19,637.5,615116
2021-06-15 09:24:20,637.5,615176
2021-06-15 09:24:21,637.5,615180
2021-06-15 09:24:22,637.5,615713
2021-06-15 09:24:23,637.5,615713
2021-06-15 09:24:24,637.65,615734
2021-06-15 09:24:25,637.65,615734
2021-06-15 09:24:25,637.65,615734
2021-06-15 09:24:26,637.65,616747
2021-06-15 09:24:28,637.7,616783
2021-06-15 09:24:29,637.7,620963
2021-06-15 09:24:30,637.65,621308
2021-06-15 09:24:31,637.75,621328
2021-06-15 09:24:32,637.85,622074
2021-06-15 09:24:33,637.9,622551
2021-06-15 09:24:34,638.2,625480
2021-06-15 09:24:36,638.35,627681
2021-06-15 09:24:37,638.2,627845
2021-06-15 09:24:38,638.3,628146
2021-06-15 09:24:38,638.3,628146
2021-06-15 09:24:39,638.3,633700
2021-06-15 09:24:42,638.55,636108
2021-06-15 09:24:43,638.6,636737
2021-06-15 09:24:44,638.55,637312
2021-06-15 09:24:45,638.45,637871
2021-06-15 09:24:46,638.7,638140
2021-06-15 09:24:47,638.7,638429
2021-06-15 09:24:48,638.7,639171
2021-06-15 09:24:49,638.6,641279
2021-06-15 09:24:50,638.7,641429
2021-06-15 09:24:51,638.8,642780
2021-06-15 09:24:52,638.7,643639
2021-06-15 09:24:53,638.7,646403
2021-06-15 09:24:54,638.8,646852
2021-06-15 09:24:55,638.9,648388
2021-06-15 09:24:56,638.9,652288
2021-06-15 09:24:57,639.0,654515
2021-06-15 09:24:58,639.05,656515
2021-06-15 09:24:59,639.15,659036
2021-06-15 09:25:00,638.6,667941
2021-06-15 09:25:01,638.9,673112
2021-06-15 09:25:02,639.0,679332
2021-06-15 09:25:03,639.15,682816
2021-06-15 09:25:05,639.2,684156
2021-06-15 09:25:06,638.9,686902
2021-06-15 09:25:07,639.1,688442
2021-06-15 09:25:08,638.95,691802
2021-06-15 09:25:09,638.85,696337
2021-06-15 09:25:10,638.9,698664
2021-06-15 09:25:11,638.9,700108
2021-06-15 09:25:12,638.8,701134
2021-06-15 09:25:13,638.95,708937
2021-06-15 09:25:14,638.95,710480
2021-06-15 09:25:15,638.9,712807
2021-06-15 09:25:16,639.0,713951
2021-06-15 09:25:17,639.15,717519
2021-06-15 09:25:18,639.15,718811
2021-06-15 09:25:19,639.0,720496
2021-06-15 09:25:20,639.15,720792
2021-06-15 09:25:21,639.2,721160
2021-06-15 09:25:22,639.2,722311
2021-06-15 09:25:23,639.3,724295
2021-06-15 09:25:24,639.25,725801
2021-06-15 09:25:25,639.25,730906
2021-06-15 09:25:26,639.3,732055
2021-06-15 09:25:27,639.2,735798
2021-06-15 09:25:28,639.2,736910
2021-06-15 09:25:29,639.25,738638
2021-06-15 09:25:30,639.3,739868
2021-06-15 09:25:31,639.3,740853
2021-06-15 09:25:32,639.3,742227
2021-06-15 09:25:33,639.3,743645
2021-06-15 09:25:34,639.2,744958
2021-06-15 09:25:35,639.3,745174
2021-06-15 09:25:37,639.3,749629
2021-06-15 09:25:38,639.45,750363
2021-06-15 09:25:39,639.45,752745
2021-06-15 09:25:40,639.3,753898
2021-06-15 09:25:41,639.3,754383
2021-06-15 09:25:42,639.45,755525
2021-06-15 09:25:43,639.35,755945
2021-06-15 09:25:44,639.45,756959
2021-06-15 09:25:45,639.5,759680
2021-06-15 09:25:46,639.45,761435
2021-06-15 09:25:47,639.45,761956
2021-06-15 09:25:48,639.45,762286
2021-06-15 09:25:49,639.45,763599
2021-06-15 09:25:50,639.45,764622
2021-06-15 09:25:51,639.5,765219
2021-06-15 09:25:52,639.5,767298
2021-06-15 09:25:53,639.5,768934
2021-06-15 09:25:54,639.45,773790
2021-06-15 09:25:55,639.45,775866
2021-06-15 09:25:56,639.35,779703
2021-06-15 09:25:57,639.3,781222
2021-06-15 09:25:58,639.35,788072
2021-06-15 09:25:59,639.3,789208
2021-06-15 09:26:00,639.3,790158
2021-06-15 09:26:02,639.45,791973
2021-06-15 09:26:03,639.5,799058
2021-06-15 09:26:04,639.3,801716
2021-06-15 09:26:05,639.45,802243
2021-06-15 09:26:06,639.55,803245
2021-06-15 09:26:07,639.45,803417
2021-06-15 09:26:08,639.45,803542
2021-06-15 09:26:09,639.4,806072
2021-06-15 09:26:10,639.45,808035
2021-06-15 09:26:11,639.3,810587
2021-06-15 09:26:12,639.4,811669
2021-06-15 09:26:13,639.4,813544
2021-06-15 09:26:14,639.3,813559
2021-06-15 09:26:15,639.6,815201
2021-06-15 09:26:16,639.3,816119
2021-06-15 09:26:17,639.7,816805
2021-06-15 09:26:18,639.9,821501
2021-06-15 09:26:20,639.8,828250
2021-06-15 09:26:21,639.45,831632
2021-06-15 09:26:22,639.7,833170
2021-06-15 09:26:23,639.45,833531
2021-06-15 09:26:24,639.75,833785
2021-06-15 09:26:25,639.55,836965
2021-06-15 09:26:26,639.7,837250
2021-06-15 09:26:27,639.75,839712
2021-06-15 09:26:28,639.85,841122
2021-06-15 09:26:29,639.65,842658
2021-06-15 09:26:33,639.8,847309
2021-06-15 09:26:37,640.35,870106
2021-06-15 09:26:38,640.25,871736
2021-06-15 09:26:39,640.25,872701
2021-06-15 09:26:40,640.35,874887
2021-06-15 09:26:41,640.0,877378
2021-06-15 09:26:42,640.0,878187
2021-06-15 09:26:43,639.95,879236
2021-06-15 09:26:44,640.25,882101
2021-06-15 09:26:45,640.25,882463
2021-06-15 09:26:46,640.0,883476
2021-06-15 09:26:47,640.25,885858
2021-06-15 09:26:48,640.25,886881
2021-06-15 09:26:49,640.2,888529
2021-06-15 09:26:50,640.2,889862
2021-06-15 09:26:51,640.2,891233
2021-06-15 09:26:52,640.2,893281
2021-06-15 09:26:53,640.25,894611
2021-06-15 09:26:54,640.2,895502
2021-06-15 09:26:55,640.25,896993
2021-06-15 09:26:56,640.2,897721
2021-06-15 09:26:57,640.25,898280
2021-06-15 09:26:58,640.2,899682
2021-06-15 09:26:59,640.3,900318
2021-06-15 09:27:00,640.35,901119
2021-06-15 09:27:01,640.4,902649
2021-06-15 09:27:02,640.25,903707
2021-06-15 09:27:03,640.4,904106
2021-06-15 09:27:04,640.4,905405
2021-06-15 09:27:05,640.4,906250
2021-06-15 09:27:06,640.35,907873
2021-06-15 09:27:08,640.35,908621
2021-06-15 09:27:08,640.35,908621
2021-06-15 09:27:09,640.4,912119
2021-06-15 09:27:10,640.4,912877
2021-06-15 09:27:11,640.65,921723
2021-06-15 09:27:12,640.55,928063
2021-06-15 09:27:13,640.6,929461
2021-06-15 09:27:14,640.8,930866
2021-06-15 09:27:15,640.55,931016
2021-06-15 09:27:16,640.8,931873
2021-06-15 09:27:17,640.7,933143
2021-06-15 09:27:18,640.75,934617
2021-06-15 09:27:19,640.4,936093
2021-06-15 09:27:20,640.7,936473
2021-06-15 09:27:21,640.75,940387
2021-06-15 09:27:22,640.75,940438
2021-06-15 09:27:23,640.85,946373
2021-06-15 09:27:24,640.75,947380
2021-06-15 09:27:25,640.8,948980
2021-06-15 09:27:27,640.65,949779
2021-06-15 09:27:27,640.5,949979
2021-06-15 09:27:28,640.75,951011
2021-06-15 09:27:29,640.55,951336
2021-06-15 09:27:30,640.5,954621
2021-06-15 09:27:31,640.6,954729
2021-06-15 09:27:32,640.6,955079
2021-06-15 09:27:34,640.65,955326
2021-06-15 09:27:34,640.65,955328
2021-06-15 09:27:35,640.7,955748
2021-06-15 09:27:36,640.5,956727
2021-06-15 09:27:37,640.65,957316
2021-06-15 09:27:38,640.5,957505
2021-06-15 09:27:39,640.45,958736
2021-06-15 09:27:40,640.7,961093
2021-06-15 09:27:41,640.55,961719
2021-06-15 09:27:42,640.65,961835
2021-06-15 09:27:43,640.8,963069
2021-06-15 09:27:44,640.85,966126
2021-06-15 09:27:45,640.6,967357
2021-06-15 09:27:46,640.6,968067
2021-06-15 09:27:47,640.95,969428
2021-06-15 09:27:48,640.6,970060
2021-06-15 09:27:49,640.8,970296
2021-06-15 09:27:50,640.7,970482
2021-06-15 09:27:51,640.8,970790
2021-06-15 09:27:52,640.8,971055
2021-06-15 09:27:53,640.8,971390
2021-06-15 09:27:54,640.6,972253
2021-06-15 09:27:55,640.8,972511
2021-06-15 09:27:56,640.8,973134
2021-06-15 09:27:57,640.8,974669
2021-06-15 09:27:58,640.7,975744
2021-06-15 09:28:00,640.55,975930
2021-06-15 09:28:01,640.5,976744
2021-06-15 09:28:01,640.5,976744
2021-06-15 09:28:02,640.55,991794
2021-06-15 09:28:03,640.55,993019
2021-06-15 09:28:05,640.5,994913
2021-06-15 09:28:06,640.5,995545
2021-06-15 09:28:07,640.6,996330
2021-06-15 09:28:08,640.65,996690
2021-06-15 09:28:09,640.5,997211
2021-06-15 09:28:10,640.55,997914
2021-06-15 09:28:11,640.75,998007
2021-06-15 09:28:12,640.55,998474
2021-06-15 09:28:14,640.75,999983
2021-06-15 09:28:15,640.55,1000241
2021-06-15 09:28:16,640.65,1000520
2021-06-15 09:28:17,640.7,1000795
2021-06-15 09:28:18,640.7,1001239
2021-06-15 09:28:19,640.55,1002220
2021-06-15 09:28:20,640.55,1003194
2021-06-15 09:28:22,640.7,1004183
2021-06-15 09:28:22,640.7,1004125
2021-06-15 09:28:23,640.45,1004453
2021-06-15 09:28:24,640.4,1004987
2021-06-15 09:28:25,640.7,1005286
2021-06-15 09:28:26,640.55,1005530
2021-06-15 09:28:27,640.5,1006695
2021-06-15 09:28:28,640.7,1007424
2021-06-15 09:28:29,640.55,1008296
2021-06-15 09:28:30,640.7,1008919
2021-06-15 09:28:31,640.75,1010241
2021-06-15 09:28:32,640.5,1011580
2021-06-15 09:28:33,640.7,1011945
2021-06-15 09:28:34,640.5,1014377
2021-06-15 09:28:35,640.45,1014423
2021-06-15 09:28:36,640.5,1015053
2021-06-15 09:28:37,640.5,1015523
2021-06-15 09:28:38,640.5,1015830
2021-06-15 09:28:39,640.45,1016639
2021-06-15 09:28:40,640.55,1016670
2021-06-15 09:28:41,640.4,1016977
2021-06-15 09:28:42,640.55,1017182
2021-06-15 09:28:43,640.75,1018984
2021-06-15 09:28:44,640.7,1019593
2021-06-15 09:28:45,640.4,1020080
2021-06-15 09:28:46,640.65,1021191
2021-06-15 09:28:47,640.65,1021191
2021-06-15 09:28:48,640.5,1021494
2021-06-15 09:28:50,640.4,1021694
2021-06-15 09:28:51,640.5,1021744
2021-06-15 09:28:52,640.55,1022132
2021-06-15 09:28:52,640.55,1022166
2021-06-15 09:28:53,640.6,1022432
2021-06-15 09:28:54,640.5,1022587
2021-06-15 09:28:55,640.4,1024010
2021-06-15 09:28:56,640.35,1024948
2021-06-15 09:28:57,640.4,1024985
2021-06-15 09:28:58,640.5,1026822
2021-06-15 09:28:59,640.35,1027243
2021-06-15 09:29:00,640.35,1028069
2021-06-15 09:29:01,640.45,1028521
2021-06-15 09:29:02,640.35,1028821
2021-06-15 09:29:03,640.4,1028921
2021-06-15 09:29:04,640.5,1029016
2021-06-15 09:29:05,640.55,1029582
2021-06-15 09:29:07,640.4,1029846
2021-06-15 09:29:08,640.4,1030182
2021-06-15 09:29:09,640.55,1031356
2021-06-15 09:29:10,640.45,1031491
2021-06-15 09:29:11,640.45,1031562
2021-06-15 09:29:12,640.55,1032064
2021-06-15 09:29:13,640.45,1032166
2021-06-15 09:29:14,640.55,1033750
2021-06-15 09:29:15,640.45,1034454
2021-06-15 09:29:16,640.65,1034669
2021-06-15 09:29:17,640.55,1035983
2021-06-15 09:29:18,640.7,1036286
2021-06-15 09:29:19,640.55,1036695
2021-06-15 09:29:20,640.55,1036864
2021-06-15 09:29:21,640.7,1037026
2021-06-15 09:29:22,640.7,1037267
2021-06-15 09:29:23,640.7,1037454
2021-06-15 09:29:24,640.65,1038156
2021-06-15 09:29:25,640.5,1038177
2021-06-15 09:29:27,640.65,1038546
2021-06-15 09:29:28,640.45,1038876
2021-06-15 09:29:29,640.65,1041156
2021-06-15 09:29:30,640.65,1041157
2021-06-15 09:29:30,640.75,1043373
2021-06-15 09:29:31,640.7,1043472
2021-06-15 09:29:32,640.75,1044163
2021-06-15 09:29:34,640.6,1044724
2021-06-15 09:29:35,640.75,1045047
2021-06-15 09:29:36,640.6,1045446
2021-06-15 09:29:37,640.75,1046167
2021-06-15 09:29:39,640.9,1058490
2021-06-15 09:29:40,640.7,1059228
2021-06-15 09:29:41,640.95,1059538
2021-06-15 09:29:42,640.95,1061669
2021-06-15 09:29:43,640.75,1063885
2021-06-15 09:29:45,640.95,1064593
2021-06-15 09:29:46,640.7,1065709
2021-06-15 09:29:47,640.95,1065854
2021-06-15 09:29:48,640.75,1066452
2021-06-15 09:29:49,640.6,1067131
2021-06-15 09:29:50,640.65,1068286
2021-06-15 09:29:51,640.65,1068647
2021-06-15 09:29:52,640.75,1068972
2021-06-15 09:29:54,640.75,1069142
2021-06-15 09:29:55,640.9,1070254
2021-06-15 09:29:56,640.8,1070331
2021-06-15 09:29:57,640.8,1070388
2021-06-15 09:29:57,640.8,1070523
2021-06-15 09:29:58,640.8,1071011
2021-06-15 09:29:59,640.7,1071461
2021-06-15 09:30:00,640.7,1076739
2021-06-15 09:30:01,640.75,1078230
2021-06-15 09:30:02,640.8,1078654
2021-06-15 09:30:03,640.85,1079690
2021-06-15 09:30:04,640.85,1079922
2021-06-15 09:30:05,640.8,1079992
2021-06-15 09:30:06,640.8,1080271
2021-06-15 09:30:07,640.7,1081300
2021-06-15 09:30:08,640.85,1081324
2021-06-15 09:30:09,640.85,1082016
2021-06-15 09:30:10,640.8,1082179
2021-06-15 09:30:11,640.85,1082796
2021-06-15 09:30:12,640.85,1083042
2021-06-15 09:30:13,640.8,1083261
2021-06-15 09:30:14,640.85,1083461
2021-06-15 09:30:15,640.8,1083997
2021-06-15 09:30:17,640.8,1085405
2021-06-15 09:30:18,641.0,1089450
2021-06-15 09:30:19,641.0,1089990
2021-06-15 09:30:20,640.95,1090966
2021-06-15 09:30:21,640.95,1091700
2021-06-15 09:30:23,640.8,1092192
2021-06-15 09:30:24,640.75,1093867
2021-06-15 09:30:25,640.95,1094221
2021-06-15 09:30:26,640.7,1095051
2021-06-15 09:30:27,640.8,1095395
2021-06-15 09:30:28,640.7,1096158
2021-06-15 09:30:29,640.9,1096360
2021-06-15 09:30:30,640.9,1096627
2021-06-15 09:30:31,640.95,1096931
2021-06-15 09:30:32,640.95,1097643
2021-06-15 09:30:33,640.7,1098025
2021-06-15 09:30:34,640.95,1098298
2021-06-15 09:30:34,640.95,1098308
2021-06-15 09:30:35,641.0,1100768
2021-06-15 09:30:36,640.9,1101666
2021-06-15 09:30:37,640.9,1102443
2021-06-15 09:30:38,640.65,1103457
2021-06-15 09:30:39,640.85,1103770
2021-06-15 09:30:40,640.85,1103917
2021-06-15 09:30:41,640.75,1104085
2021-06-15 09:30:42,640.9,1104334
2021-06-15 09:30:43,640.8,1104496
2021-06-15 09:30:44,640.95,1105409
2021-06-15 09:30:45,640.95,1105910
2021-06-15 09:30:46,641.0,1106454
2021-06-15 09:30:47,641.0,1109001
2021-06-15 09:30:48,640.9,1109907
2021-06-15 09:30:49,640.95,1110228
2021-06-15 09:30:50,641.0,1110521
2021-06-15 09:30:51,641.2,1129915
2021-06-15 09:30:53,641.25,1132177
2021-06-15 09:30:54,641.25,1133422
2021-06-15 09:30:55,641.15,1134262
2021-06-15 09:30:56,641.15,1135661
2021-06-15 09:30:56,641.15,1135661
2021-06-15 09:30:57,641.2,1135755
2021-06-15 09:30:59,641.2,1137427
2021-06-15 09:31:00,641.2,1137750
2021-06-15 09:31:01,641.0,1141275
2021-06-15 09:31:02,641.2,1141738
2021-06-15 09:31:03,641.2,1142003
2021-06-15 09:31:04,641.1,1142522
2021-06-15 09:31:05,641.15,1143245
2021-06-15 09:31:06,641.25,1144301
2021-06-15 09:31:07,641.1,1144899
2021-06-15 09:31:08,641.0,1145121
2021-06-15 09:31:09,641.1,1145400
2021-06-15 09:31:09,641.1,1145664
2021-06-15 09:31:10,641.05,1146539
2021-06-15 09:31:11,641.0,1148930
2021-06-15 09:31:12,641.1,1149812
2021-06-15 09:31:13,641.0,1155520
2021-06-15 09:31:14,641.0,1156553
2021-06-15 09:31:15,641.0,1157830
2021-06-15 09:31:16,641.0,1158440
2021-06-15 09:31:17,641.0,1158821
2021-06-15 09:31:18,640.75,1159951
2021-06-15 09:31:19,640.85,1161641
2021-06-15 09:31:20,640.95,1163632
2021-06-15 09:31:21,640.9,1164197
2021-06-15 09:31:22,640.7,1165018
2021-06-15 09:31:23,640.9,1165361
2021-06-15 09:31:24,640.9,1166409
2021-06-15 09:31:25,640.85,1167439
2021-06-15 09:31:26,640.7,1169795
2021-06-15 09:31:27,640.65,1169957
2021-06-15 09:31:28,640.5,1173530
2021-06-15 09:31:29,640.5,1173585
2021-06-15 09:31:31,640.5,1173997
2021-06-15 09:31:32,640.35,1174969
2021-06-15 09:31:33,640.55,1175349
2021-06-15 09:31:34,640.6,1175380
2021-06-15 09:31:35,640.5,1176488
2021-06-15 09:31:36,640.6,1177404
2021-06-15 09:31:37,640.5,1177817
2021-06-15 09:31:39,640.35,1178895
2021-06-15 09:31:40,640.2,1179657
2021-06-15 09:31:41,640.25,1180321
2021-06-15 09:31:43,640.45,1180618
2021-06-15 09:31:44,640.35,1181315
2021-06-15 09:31:45,640.3,1182584
2021-06-15 09:31:46,640.1,1184890
2021-06-15 09:31:47,640.4,1185487
2021-06-15 09:31:48,640.15,1187034
2021-06-15 09:31:50,640.1,1189204
2021-06-15 09:31:52,640.2,1190438
2021-06-15 09:31:52,640.35,1190565
2021-06-15 09:31:53,640.35,1190817
2021-06-15 09:31:54,640.35,1191487
2021-06-15 09:31:55,640.25,1191735
2021-06-15 09:31:56,640.35,1192089
2021-06-15 09:31:57,640.25,1192636
2021-06-15 09:31:58,640.3,1193058
2021-06-15 09:31:59,640.4,1194211
2021-06-15 09:32:00,640.3,1195336
2021-06-15 09:32:01,640.5,1197009
2021-06-15 09:32:02,640.25,1197824
2021-06-15 09:32:03,640.5,1199174
2021-06-15 09:32:04,640.5,1200034
2021-06-15 09:32:06,640.3,1200960
2021-06-15 09:32:07,640.5,1201888
2021-06-15 09:32:08,640.5,1202808
2021-06-15 09:32:09,640.2,1203358
2021-06-15 09:32:10,640.3,1203553
2021-06-15 09:32:11,640.2,1203819
2021-06-15 09:32:12,640.2,1204039
2021-06-15 09:32:13,640.3,1205030
2021-06-15 09:32:14,640.1,1205856
2021-06-15 09:32:15,640.2,1206055
2021-06-15 09:32:16,640.3,1206189
2021-06-15 09:32:17,640.3,1207034
2021-06-15 09:32:18,640.4,1209408
2021-06-15 09:32:19,640.6,1211388
2021-06-15 09:32:20,640.7,1215192
2021-06-15 09:32:21,640.75,1216380
2021-06-15 09:32:22,640.95,1217802
2021-06-15 09:32:23,640.45,1222533
2021-06-15 09:32:24,641.0,1231980
2021-06-15 09:32:25,641.0,1234299
2021-06-15 09:32:26,641.2,1238499
2021-06-15 09:32:27,641.0,1240962
2021-06-15 09:32:28,641.4,1243849
2021-06-15 09:32:28,641.45,1244712
2021-06-15 09:32:29,641.2,1247315
2021-06-15 09:32:31,641.5,1252498
2021-06-15 09:32:32,641.55,1256182
2021-06-15 09:32:33,641.4,1257103
2021-06-15 09:32:34,641.65,1258060
2021-06-15 09:32:35,641.6,1267700
2021-06-15 09:32:36,641.75,1271801
2021-06-15 09:32:37,641.5,1273744
2021-06-15 09:32:38,641.35,1280045
2021-06-15 09:32:40,641.75,1286977
2021-06-15 09:32:42,641.8,1288715
2021-06-15 09:32:43,641.9,1290356
2021-06-15 09:32:44,641.9,1291307
2021-06-15 09:32:45,641.95,1293027
2021-06-15 09:32:46,641.95,1295253
2021-06-15 09:32:47,642.0,1296890
2021-06-15 09:32:49,641.8,1299682
2021-06-15 09:32:50,641.9,1302156
2021-06-15 09:32:51,641.85,1303490
2021-06-15 09:32:52,641.45,1309108
2021-06-15 09:32:53,641.4,1311934
2021-06-15 09:32:54,641.6,1314002
2021-06-15 09:32:55,641.8,1315745
2021-06-15 09:32:56,641.85,1317293
2021-06-15 09:32:58,641.7,1318854
2021-06-15 09:32:59,641.85,1319404
2021-06-15 09:33:00,641.9,1320951
2021-06-15 09:33:03,641.8,1324915
2021-06-15 09:33:04,641.85,1326407
2021-06-15 09:33:05,641.8,1326943
2021-06-15 09:33:06,641.6,1327698
2021-06-15 09:33:07,641.5,1329487
2021-06-15 09:33:08,641.8,1330666
2021-06-15 09:33:09,641.85,1331754
2021-06-15 09:33:09,641.8,1332098
2021-06-15 09:33:12,641.95,1332616
2021-06-15 09:33:13,641.9,1333005
2021-06-15 09:33:14,641.9,1333550
2021-06-15 09:33:15,641.8,1334711
2021-06-15 09:33:16,641.8,1335793
2021-06-15 09:33:16,641.95,1336151
2021-06-15 09:33:18,642.1,1381925
2021-06-15 09:33:19,642.25,1387336
2021-06-15 09:33:20,642.3,1390559
2021-06-15 09:33:21,642.2,1393539
2021-06-15 09:33:22,642.2,1396110
2021-06-15 09:33:23,642.3,1397573
2021-06-15 09:33:24,642.2,1398694
2021-06-15 09:33:26,642.3,1401172
2021-06-15 09:33:27,642.3,1403892
2021-06-15 09:33:28,642.5,1406073
2021-06-15 09:33:29,642.45,1407177
2021-06-15 09:33:30,642.45,1408104
2021-06-15 09:33:31,642.5,1408795
2021-06-15 09:33:32,642.2,1409486
2021-06-15 09:33:33,642.35,1411327
2021-06-15 09:33:34,642.15,1412761
2021-06-15 09:33:35,642.25,1413926
2021-06-15 09:33:37,641.85,1415791
2021-06-15 09:33:38,642.15,1416764
2021-06-15 09:33:39,642.0,1417837
2021-06-15 09:33:40,642.25,1418428
2021-06-15 09:33:41,642.15,1418753
2021-06-15 09:33:42,642.15,1418929
2021-06-15 09:33:43,641.95,1424423
2021-06-15 09:33:44,642.0,1426859
2021-06-15 09:33:45,642.0,1427745
2021-06-15 09:33:46,641.95,1428696
2021-06-15 09:33:47,642.4,1440685
2021-06-15 09:33:48,642.35,1446497
2021-06-15 09:33:49,642.25,1447869
2021-06-15 09:33:50,642.35,1449146
2021-06-15 09:33:51,642.45,1449619
2021-06-15 09:33:52,642.5,1450483
2021-06-15 09:33:52,642.5,1450702
2021-06-15 09:33:53,642.2,1450980
2021-06-15 09:33:54,642.2,1451908
2021-06-15 09:33:55,642.4,1452603
2021-06-15 09:33:56,642.4,1453252
2021-06-15 09:33:58,642.4,1454278
2021-06-15 09:33:59,642.4,1454660
2021-06-15 09:34:00,642.4,1456088
2021-06-15 09:34:01,642.0,1457940
2021-06-15 09:34:02,642.15,1458790
2021-06-15 09:34:03,642.0,1461441
2021-06-15 09:34:04,642.05,1462133
2021-06-15 09:34:05,642.2,1462445
2021-06-15 09:34:06,642.0,1463263
2021-06-15 09:34:07,642.3,1463632
2021-06-15 09:34:08,642.0,1464743
2021-06-15 09:34:09,642.05,1465617
2021-06-15 09:34:10,642.1,1466363
2021-06-15 09:34:11,642.25,1466736
2021-06-15 09:34:12,642.2,1467239
2021-06-15 09:34:13,642.25,1477614
2021-06-15 09:34:15,642.2,1481294
2021-06-15 09:34:16,642.2,1484009
2021-06-15 09:34:17,642.2,1484491
2021-06-15 09:34:18,642.0,1484623
2021-06-15 09:34:19,642.15,1488509
2021-06-15 09:34:20,642.2,1490509
2021-06-15 09:34:21,642.2,1491079
2021-06-15 09:34:21,642.2,1491176
2021-06-15 09:34:22,641.9,1493391
2021-06-15 09:34:24,641.9,1495719
2021-06-15 09:34:25,641.9,1496722
2021-06-15 09:34:26,642.25,1507955
2021-06-15 09:34:27,642.15,1510391
2021-06-15 09:34:28,642.05,1511176
2021-06-15 09:34:29,642.15,1511965
2021-06-15 09:34:30,641.9,1513824
2021-06-15 09:34:31,642.1,1515781
2021-06-15 09:34:32,641.8,1521216
2021-06-15 09:34:33,642.0,1526120
2021-06-15 09:34:34,641.75,1527016
2021-06-15 09:34:35,642.0,1527607
2021-06-15 09:34:36,641.9,1528020
2021-06-15 09:34:37,641.9,1528440
2021-06-15 09:34:38,641.9,1528600
2021-06-15 09:34:38,641.9,1528937
2021-06-15 09:34:39,641.9,1529500
2021-06-15 09:34:40,641.8,1530231
2021-06-15 09:34:41,641.8,1530511
2021-06-15 09:34:42,641.85,1532889
2021-06-15 09:34:43,641.85,1533426
2021-06-15 09:34:44,641.55,1535976
2021-06-15 09:34:45,641.55,1536895
2021-06-15 09:34:47,641.55,1539973
2021-06-15 09:34:48,641.5,1542000
2021-06-15 09:34:50,641.55,1542791
2021-06-15 09:34:51,641.5,1543046
2021-06-15 09:34:52,641.65,1544410
2021-06-15 09:34:53,641.65,1544862
2021-06-15 09:34:54,641.55,1545261
2021-06-15 09:34:56,641.2,1547251
2021-06-15 09:34:57,641.45,1547605
2021-06-15 09:34:58,641.15,1547795
2021-06-15 09:34:59,641.35,1547927
2021-06-15 09:34:59,641.3,1547950
2021-06-15 09:35:01,641.25,1550366
2021-06-15 09:35:02,641.0,1554474
2021-06-15 09:35:04,641.0,1556660
2021-06-15 09:35:06,641.1,1557823
2021-06-15 09:35:08,640.85,1580912
2021-06-15 09:35:09,640.85,1582189
2021-06-15 09:35:10,640.8,1582744
2021-06-15 09:35:11,640.85,1583741
2021-06-15 09:35:12,640.6,1584601
2021-06-15 09:35:13,640.7,1587694
2021-06-15 09:35:14,640.6,1588625
2021-06-15 09:35:15,640.55,1589108
2021-06-15 09:35:16,640.7,1589286
2021-06-15 09:35:17,640.7,1589722
2021-06-15 09:35:18,641.0,1595351
2021-06-15 09:35:19,640.7,1596627
2021-06-15 09:35:20,640.75,1597119
2021-06-15 09:35:21,640.95,1597262
2021-06-15 09:35:22,640.8,1597296
2021-06-15 09:35:23,640.95,1597327
2021-06-15 09:35:24,640.9,1597891
2021-06-15 09:35:25,640.9,1598619
2021-06-15 09:35:26,640.9,1598910
2021-06-15 09:35:27,640.9,1599141
2021-06-15 09:35:28,640.8,1600688
2021-06-15 09:35:29,640.8,1601044
2021-06-15 09:35:30,640.8,1601299
2021-06-15 09:35:31,641.2,1609075
2021-06-15 09:35:32,641.25,1610802
2021-06-15 09:35:33,641.25,1611184
2021-06-15 09:35:34,641.15,1611455
2021-06-15 09:35:35,641.1,1612202
2021-06-15 09:35:36,641.1,1612710
2021-06-15 09:35:37,641.1,1612970
2021-06-15 09:35:38,641.1,1613419
2021-06-15 09:35:39,641.1,1613498
2021-06-15 09:35:40,641.1,1613766
2021-06-15 09:35:41,641.15,1613937
2021-06-15 09:35:42,641.1,1614026
2021-06-15 09:35:44,640.95,1615428
2021-06-15 09:35:45,641.1,1616957
2021-06-15 09:35:46,641.1,1617847
2021-06-15 09:35:47,641.15,1618440
2021-06-15 09:35:48,641.05,1619971
2021-06-15 09:35:49,641.05,1620815
2021-06-15 09:35:50,641.0,1621372
2021-06-15 09:35:51,641.0,1622112
2021-06-15 09:35:52,640.85,1622334
2021-06-15 09:35:54,640.95,1622395
2021-06-15 09:35:55,640.95,1622549
2021-06-15 09:35:56,640.9,1624175
2021-06-15 09:35:57,640.75,1624468
2021-06-15 09:35:58,640.85,1624611
2021-06-15 09:35:59,640.85,1624728
2021-06-15 09:36:00,640.6,1626150
2021-06-15 09:36:01,640.6,1627187
2021-06-15 09:36:02,640.75,1628669
2021-06-15 09:36:03,640.7,1629182
2021-06-15 09:36:04,640.6,1630140
2021-06-15 09:36:05,640.7,1630753
2021-06-15 09:36:06,640.6,1630929
2021-06-15 09:36:07,640.6,1631000
2021-06-15 09:36:08,640.7,1631012
2021-06-15 09:36:09,640.7,1631335
2021-06-15 09:36:10,640.55,1632072
2021-06-15 09:36:11,640.75,1632701
2021-06-15 09:36:12,640.55,1633130
2021-06-15 09:36:13,640.7,1633245
2021-06-15 09:36:14,640.55,1633346
2021-06-15 09:36:15,640.5,1635367
2021-06-15 09:36:16,640.4,1636672
2021-06-15 09:36:17,640.7,1638102
2021-06-15 09:36:18,640.7,1638465
2021-06-15 09:36:19,640.7,1638559
2021-06-15 09:36:20,640.6,1638745
2021-06-15 09:36:21,640.5,1639044
2021-06-15 09:36:22,640.6,1639200
2021-06-15 09:36:24,640.6,1639434
2021-06-15 09:36:26,640.4,1641781
2021-06-15 09:36:27,640.5,1642194
2021-06-15 09:36:28,640.5,1642987
2021-06-15 09:36:29,640.6,1643202
2021-06-15 09:36:30,640.6,1643514
2021-06-15 09:36:31,640.5,1644270
2021-06-15 09:36:32,640.65,1644668
2021-06-15 09:36:33,640.5,1644746
2021-06-15 09:36:34,640.65,1644969
2021-06-15 09:36:35,640.3,1648904
2021-06-15 09:36:36,640.5,1650623
2021-06-15 09:36:37,640.5,1652972
2021-06-15 09:36:38,640.4,1653889
2021-06-15 09:36:39,640.4,1654344
2021-06-15 09:36:40,640.25,1655222
2021-06-15 09:36:41,640.15,1655893
2021-06-15 09:36:43,640.5,1656922
2021-06-15 09:36:44,640.3,1657252
2021-06-15 09:36:45,640.4,1657718
2021-06-15 09:36:46,640.3,1659070
2021-06-15 09:36:47,640.5,1659299
2021-06-15 09:36:48,640.3,1659438
2021-06-15 09:36:49,640.3,1660838
2021-06-15 09:36:50,640.3,1661349
2021-06-15 09:36:51,640.25,1661667
2021-06-15 09:36:52,640.45,1662098
2021-06-15 09:36:53,640.25,1662262
2021-06-15 09:36:54,640.45,1662473
2021-06-15 09:36:55,640.25,1662662
2021-06-15 09:36:56,640.25,1662880
2021-06-15 09:36:57,640.25,1663377
2021-06-15 09:36:58,640.25,1663462
2021-06-15 09:36:59,640.4,1663567
2021-06-15 09:37:00,640.3,1664523
2021-06-15 09:37:01,640.15,1665972
2021-06-15 09:37:02,640.15,1666822
2021-06-15 09:37:03,640.1,1667204
2021-06-15 09:37:04,640.1,1667304
2021-06-15 09:37:05,640.1,1667494
2021-06-15 09:37:06,640.0,1670414
2021-06-15 09:37:07,640.25,1670911
2021-06-15 09:37:08,640.0,1671592
2021-06-15 09:37:09,640.1,1671813
2021-06-15 09:37:10,640.0,1672495
2021-06-15 09:37:12,640.15,1674018
2021-06-15 09:37:13,640.15,1675464
2021-06-15 09:37:15,640.25,1676309
2021-06-15 09:37:15,640.2,1676755
2021-06-15 09:37:16,640.15,1677034
2021-06-15 09:37:17,640.25,1677907
2021-06-15 09:37:18,640.1,1680670
2021-06-15 09:37:19,640.3,1681600
2021-06-15 09:37:20,640.3,1682702
2021-06-15 09:37:22,640.3,1683035
2021-06-15 09:37:22,640.3,1683145
2021-06-15 09:37:23,640.4,1684616
2021-06-15 09:37:26,640.4,1689934
2021-06-15 09:37:27,640.55,1690103
2021-06-15 09:37:28,640.4,1690181
2021-06-15 09:37:31,640.45,1690630
2021-06-15 09:37:32,640.5,1691131
2021-06-15 09:37:32,640.5,1691216
2021-06-15 09:37:33,640.55,1692465
2021-06-15 09:37:34,640.6,1692907
2021-06-15 09:37:35,640.7,1694947
2021-06-15 09:37:36,640.7,1695440
2021-06-15 09:37:37,640.75,1695581
2021-06-15 09:37:38,640.7,1695764
2021-06-15 09:37:39,640.75,1696280
2021-06-15 09:37:40,641.0,1696368
2021-06-15 09:37:41,640.85,1696903
2021-06-15 09:37:42,640.8,1697706
2021-06-15 09:37:43,641.0,1698703
2021-06-15 09:37:44,641.0,1698942
2021-06-15 09:37:45,640.8,1699005
2021-06-15 09:37:46,641.0,1699016
2021-06-15 09:37:47,640.8,1699649
2021-06-15 09:37:48,640.85,1699961
2021-06-15 09:37:50,640.85,1700061
2021-06-15 09:37:51,640.85,1700104
2021-06-15 09:37:51,640.85,1700137
2021-06-15 09:37:52,640.95,1700252
2021-06-15 09:37:53,640.85,1700394
2021-06-15 09:37:54,640.95,1700525
2021-06-15 09:37:55,640.95,1700563
2021-06-15 09:37:56,640.85,1700845
2021-06-15 09:37:57,640.85,1700931
2021-06-15 09:37:58,640.95,1701435
2021-06-15 09:37:59,640.95,1701638
2021-06-15 09:38:01,640.95,1701892
2021-06-15 09:38:01,640.75,1703220
2021-06-15 09:38:02,640.75,1704702
2021-06-15 09:38:03,640.75,1705383
2021-06-15 09:38:04,640.7,1708620
2021-06-15 09:38:05,640.8,1709198
2021-06-15 09:38:06,640.8,1710296
2021-06-15 09:38:08,640.75,1711013
2021-06-15 09:38:09,640.7,1711712
2021-06-15 09:38:11,640.7,1712525
2021-06-15 09:38:11,640.7,1712365
2021-06-15 09:38:12,640.6,1712721
2021-06-15 09:38:13,640.7,1713229
2021-06-15 09:38:14,640.7,1713476
2021-06-15 09:38:15,640.7,1713860
2021-06-15 09:38:16,640.7,1714686
2021-06-15 09:38:17,640.65,1715317
2021-06-15 09:38:18,640.65,1715502
2021-06-15 09:38:19,640.75,1715539
2021-06-15 09:38:22,640.75,1716189
2021-06-15 09:38:22,640.75,1716257
2021-06-15 09:38:23,640.75,1716269
2021-06-15 09:38:24,641.0,1721373
2021-06-15 09:38:25,641.0,1722241
2021-06-15 09:38:26,640.75,1722833
2021-06-15 09:38:27,640.75,1724133
2021-06-15 09:38:28,640.7,1724689
2021-06-15 09:38:29,640.5,1726064
2021-06-15 09:38:30,640.55,1726377
2021-06-15 09:38:31,640.5,1726535
2021-06-15 09:38:32,640.5,1726592
2021-06-15 09:38:34,640.55,1726657
2021-06-15 09:38:35,640.7,1727275
2021-06-15 09:38:36,640.75,1728050
2021-06-15 09:38:37,640.6,1728432
2021-06-15 09:38:38,640.6,1729243
2021-06-15 09:38:39,640.5,1729866
2021-06-15 09:38:40,640.7,1730830
2021-06-15 09:38:41,640.5,1731292
2021-06-15 09:38:41,640.5,1731610
2021-06-15 09:38:43,640.6,1731687
2021-06-15 09:38:44,640.75,1731734
2021-06-15 09:38:45,640.75,1731780
2021-06-15 09:38:46,640.75,1731867
2021-06-15 09:38:48,640.75,1732254
2021-06-15 09:38:49,640.7,1732633
2021-06-15 09:38:49,640.7,1732697
2021-06-15 09:38:50,640.7,1733412
2021-06-15 09:38:51,640.65,1733675
2021-06-15 09:38:52,640.65,1733855
2021-06-15 09:38:53,640.7,1733885
2021-06-15 09:38:54,640.7,1734090
2021-06-15 09:38:55,640.65,1735011
2021-06-15 09:38:56,640.65,1735352
2021-06-15 09:38:57,640.75,1735510
2021-06-15 09:38:58,640.75,1735762
2021-06-15 09:38:59,640.7,1735805
2021-06-15 09:39:00,640.55,1736005
2021-06-15 09:39:01,640.75,1736119
2021-06-15 09:39:02,640.7,1736350
2021-06-15 09:39:03,640.6,1736704
2021-06-15 09:39:04,640.6,1736794
2021-06-15 09:39:05,640.7,1737041
2021-06-15 09:39:06,640.7,1737293
2021-06-15 09:39:08,640.65,1737439
2021-06-15 09:39:09,640.5,1738286
2021-06-15 09:39:11,640.7,1738451
2021-06-15 09:39:11,640.7,1738479
2021-06-15 09:39:12,640.7,1738511
2021-06-15 09:39:13,640.7,1738520
2021-06-15 09:39:14,640.6,1742305
2021-06-15 09:39:15,640.65,1743135
2021-06-15 09:39:16,640.75,1743282
2021-06-15 09:39:17,640.85,1743317
2021-06-15 09:39:19,640.8,1743633
2021-06-15 09:39:20,640.7,1743713
2021-06-15 09:39:21,640.75,1743774
2021-06-15 09:39:22,640.7,1744091
2021-06-15 09:39:24,640.65,1745537
2021-06-15 09:39:23,640.65,1745327
2021-06-15 09:39:26,640.7,1746151
2021-06-15 09:39:27,640.7,1746304
2021-06-15 09:39:28,640.75,1746380
2021-06-15 09:39:29,640.65,1746600
2021-06-15 09:39:29,640.65,1746691
2021-06-15 09:39:31,640.65,1747146
2021-06-15 09:39:32,640.65,1747744
2021-06-15 09:39:33,640.45,1748699
2021-06-15 09:39:34,640.4,1748943
2021-06-15 09:39:34,640.45,1749049
2021-06-15 09:39:35,640.65,1750446
2021-06-15 09:39:36,640.4,1751264
2021-06-15 09:39:37,640.45,1751703
2021-06-15 09:39:38,640.65,1752018
2021-06-15 09:39:39,640.65,1752267
2021-06-15 09:39:40,640.65,1752484
2021-06-15 09:39:41,640.55,1753374
2021-06-15 09:39:42,640.45,1753528
2021-06-15 09:39:43,640.25,1753819
2021-06-15 09:39:44,640.5,1754932
2021-06-15 09:39:46,640.35,1755940
2021-06-15 09:39:48,640.6,1756386
2021-06-15 09:39:48,640.5,1756425
2021-06-15 09:39:49,640.45,1760652
2021-06-15 09:39:50,640.55,1761451
2021-06-15 09:39:51,640.55,1762013
2021-06-15 09:39:52,640.7,1762109
2021-06-15 09:39:54,640.7,1762285
2021-06-15 09:39:55,640.7,1762380
2021-06-15 09:39:56,640.6,1762925
2021-06-15 09:39:58,640.65,1763404
2021-06-15 09:39:57,640.75,1763041
2021-06-15 09:39:59,640.7,1763568
2021-06-15 09:39:59,640.7,1764102
2021-06-15 09:40:02,640.75,1767429
2021-06-15 09:40:01,640.7,1765139
2021-06-15 09:40:03,640.75,1767875
2021-06-15 09:40:04,640.5,1768703
2021-06-15 09:40:05,640.85,1768843
2021-06-15 09:40:06,640.7,1768868
2021-06-15 09:40:07,640.45,1769092
2021-06-15 09:40:07,640.65,1769131
2021-06-15 09:40:08,640.65,1769137
2021-06-15 09:40:09,640.6,1769203
2021-06-15 09:40:10,640.7,1769223
2021-06-15 09:40:12,640.6,1769242
2021-06-15 09:40:13,640.6,1769435
2021-06-15 09:40:13,640.7,1769468
2021-06-15 09:40:14,640.55,1769668
2021-06-15 09:40:15,640.65,1769792
2021-06-15 09:40:16,640.65,1770544
2021-06-15 09:40:17,640.55,1771390
2021-06-15 09:40:18,640.6,1771744
2021-06-15 09:40:20,640.65,1772125
2021-06-15 09:40:21,640.5,1772238
2021-06-15 09:40:22,640.45,1772333
2021-06-15 09:40:23,640.6,1772350
2021-06-15 09:40:24,640.6,1772402
2021-06-15 09:40:25,640.6,1772511
2021-06-15 09:40:26,640.6,1772777
2021-06-15 09:40:27,640.5,1772845
2021-06-15 09:40:28,640.55,1773117
2021-06-15 09:40:29,640.6,1773457
2021-06-15 09:40:30,640.5,1775539
2021-06-15 09:40:31,640.55,1776016
2021-06-15 09:40:33,640.55,1776137
2021-06-15 09:40:34,640.6,1776963
2021-06-15 09:40:34,640.6,1777209
2021-06-15 09:40:36,640.8,1777814
2021-06-15 09:40:37,640.8,1777955
2021-06-15 09:40:38,640.65,1778088
2021-06-15 09:40:39,640.6,1778112
2021-06-15 09:40:40,640.65,1778116
2021-06-15 09:40:42,640.6,1778292
2021-06-15 09:40:43,640.55,1778472
2021-06-15 09:40:44,640.65,1778668
2021-06-15 09:40:45,640.65,1778909
2021-06-15 09:40:45,640.65,1778955
2021-06-15 09:40:46,640.85,1779198
2021-06-15 09:40:47,640.6,1779325
2021-06-15 09:40:48,640.8,1779420
2021-06-15 09:40:49,640.75,1779557
2021-06-15 09:40:50,640.75,1779631
2021-06-15 09:40:53,640.55,1780100
2021-06-15 09:40:54,640.7,1780178
2021-06-15 09:40:55,640.7,1780196
2021-06-15 09:40:56,640.6,1780239
2021-06-15 09:40:57,640.65,1780589
2021-06-15 09:40:58,640.6,1780739
2021-06-15 09:40:59,640.65,1780917
2021-06-15 09:41:00,640.6,1782149
2021-06-15 09:41:01,640.45,1792911
2021-06-15 09:41:02,640.5,1795542
2021-06-15 09:41:03,640.55,1795989
2021-06-15 09:41:04,640.5,1797065
2021-06-15 09:41:05,640.45,1797298
2021-06-15 09:41:06,640.2,1797431
2021-06-15 09:41:07,640.45,1799553
2021-06-15 09:41:08,640.3,1800051
2021-06-15 09:41:09,640.25,1803149
2021-06-15 09:41:11,640.2,1803712
2021-06-15 09:41:12,640.25,1803890
2021-06-15 09:41:13,640.3,1804922
2021-06-15 09:41:14,640.3,1805097
2021-06-15 09:41:16,640.35,1805897
2021-06-15 09:41:17,640.35,1806338
2021-06-15 09:41:17,640.2,1806429
2021-06-15 09:41:18,640.35,1806502
2021-06-15 09:41:19,640.3,1806545
2021-06-15 09:41:21,640.4,1806753
2021-06-15 09:41:22,640.4,1806788
2021-06-15 09:41:23,640.2,1807324
2021-06-15 09:41:24,640.15,1807726
2021-06-15 09:41:25,640.4,1808165
2021-06-15 09:41:26,640.15,1808469
2021-06-15 09:41:27,640.45,1808626
2021-06-15 09:41:28,640.15,1808763
2021-06-15 09:41:28,640.4,1808786
2021-06-15 09:41:29,640.4,1809119
2021-06-15 09:41:30,640.4,1809226
2021-06-15 09:41:32,640.45,1809914
2021-06-15 09:41:33,640.4,1810087
2021-06-15 09:41:34,640.6,1813565
2021-06-15 09:41:35,640.55,1814176
2021-06-15 09:41:36,640.6,1814408
2021-06-15 09:41:36,640.6,1814447
2021-06-15 09:41:37,640.55,1814965
2021-06-15 09:41:39,640.45,1815416
2021-06-15 09:41:40,640.4,1815562
2021-06-15 09:41:41,640.6,1815654
2021-06-15 09:41:42,640.6,1815670
2021-06-15 09:41:43,640.5,1815773
2021-06-15 09:41:44,640.55,1815810
2021-06-15 09:41:45,640.6,1815834
2021-06-15 09:41:46,640.6,1816439
2021-06-15 09:41:47,640.55,1816547
2021-06-15 09:41:48,640.55,1817089
2021-06-15 09:41:49,640.6,1817259
2021-06-15 09:41:50,640.7,1817337
2021-06-15 09:41:51,640.7,1817475
2021-06-15 09:41:52,640.8,1817621
2021-06-15 09:41:53,640.85,1817646
2021-06-15 09:41:54,640.6,1817796
2021-06-15 09:41:55,640.7,1817821
2021-06-15 09:41:56,640.7,1817852
2021-06-15 09:41:57,640.7,1818553
2021-06-15 09:41:58,640.7,1818998
2021-06-15 09:41:59,640.7,1819129
2021-06-15 09:41:59,640.7,1819152
2021-06-15 09:42:00,640.7,1819403
2021-06-15 09:42:01,640.7,1819447
2021-06-15 09:42:02,640.7,1819495
2021-06-15 09:42:04,640.7,1819604
2021-06-15 09:42:05,640.7,1820213
2021-06-15 09:42:06,640.7,1820669
2021-06-15 09:42:07,640.7,1820772
2021-06-15 09:42:07,640.7,1820789
2021-06-15 09:42:08,640.7,1821474
2021-06-15 09:42:10,640.7,1821700
2021-06-15 09:42:11,640.7,1822502
2021-06-15 09:42:12,640.65,1822811
2021-06-15 09:42:13,640.65,1822955
2021-06-15 09:42:14,640.7,1822979
2021-06-15 09:42:14,640.65,1822985
2021-06-15 09:42:15,640.85,1824489
2021-06-15 09:42:16,640.85,1824806
2021-06-15 09:42:18,640.65,1825013
2021-06-15 09:42:19,640.85,1825049
2021-06-15 09:42:20,640.85,1825056
2021-06-15 09:42:21,640.75,1825087
2021-06-15 09:42:21,640.85,1825092
2021-06-15 09:42:22,640.75,1825266
2021-06-15 09:42:23,640.75,1825317
2021-06-15 09:42:24,640.75,1825401
2021-06-15 09:42:25,640.85,1825415
2021-06-15 09:42:26,640.7,1825560
2021-06-15 09:42:27,640.75,1825697
2021-06-15 09:42:28,640.85,1825749
2021-06-15 09:42:30,640.85,1825811
2021-06-15 09:42:30,640.85,1825821
2021-06-15 09:42:31,640.85,1825823
2021-06-15 09:42:33,640.7,1826124
2021-06-15 09:42:34,640.85,1826247
2021-06-15 09:42:35,640.85,1826272
2021-06-15 09:42:36,640.85,1826883
2021-06-15 09:42:36,640.65,1826992
2021-06-15 09:42:37,640.75,1827107
2021-06-15 09:42:38,640.75,1827126
2021-06-15 09:42:39,640.8,1827186
2021-06-15 09:42:41,640.8,1827196
2021-06-15 09:42:42,640.8,1828198
2021-06-15 09:42:43,640.7,1828380
2021-06-15 09:42:44,640.8,1828512
2021-06-15 09:42:45,640.8,1828684
2021-06-15 09:42:46,640.8,1828721
2021-06-15 09:42:47,640.85,1829345
2021-06-15 09:42:48,640.85,1829451
2021-06-15 09:42:49,640.8,1829618
2021-06-15 09:42:50,640.8,1829746
2021-06-15 09:42:50,640.8,1829788
2021-06-15 09:42:51,640.8,1833639
2021-06-15 09:42:52,640.85,1835162
2021-06-15 09:42:53,640.6,1835500
2021-06-15 09:42:54,640.7,1836852
2021-06-15 09:42:55,640.6,1837492
2021-06-15 09:42:56,640.85,1837624
2021-06-15 09:42:57,640.95,1837717
2021-06-15 09:42:58,640.7,1838511
2021-06-15 09:42:59,640.95,1843079
2021-06-15 09:43:01,640.9,1845151
2021-06-15 09:43:02,641.0,1847451
2021-06-15 09:43:05,640.95,1847922
2021-06-15 09:43:06,640.95,1847987
2021-06-15 09:43:08,640.9,1848034
2021-06-15 09:43:10,641.0,1848317
2021-06-15 09:43:11,641.0,1848339
2021-06-15 09:43:12,641.0,1848346
2021-06-15 09:43:13,641.0,1848447
2021-06-15 09:43:14,641.0,1850400
2021-06-15 09:43:15,641.0,1851023
2021-06-15 09:43:16,640.95,1851078
2021-06-15 09:43:18,640.95,1851381
2021-06-15 09:43:19,641.0,1851535
2021-06-15 09:43:20,640.9,1852668
2021-06-15 09:43:21,640.9,1852887
2021-06-15 09:43:22,640.9,1853140
2021-06-15 09:43:24,641.0,1859059
2021-06-15 09:43:26,641.0,1859527
2021-06-15 09:43:28,641.2,1863854
2021-06-15 09:43:29,641.25,1864696
2021-06-15 09:43:31,641.3,1865533
2021-06-15 09:43:32,641.3,1865904
2021-06-15 09:43:33,641.25,1866592
2021-06-15 09:43:34,641.3,1866711
2021-06-15 09:43:35,641.3,1866933
2021-06-15 09:43:36,641.05,1867166
2021-06-15 09:43:38,641.2,1867320
2021-06-15 09:43:38,641.25,1867469
2021-06-15 09:43:39,641.2,1867922
2021-06-15 09:43:41,641.35,1870099
2021-06-15 09:43:42,641.25,1870536
2021-06-15 09:43:43,641.05,1870676
2021-06-15 09:43:44,641.15,1873453
2021-06-15 09:43:45,641.15,1873975
2021-06-15 09:43:49,641.05,1876591
2021-06-15 09:43:50,641.05,1876812
2021-06-15 09:43:50,641.05,1876849
2021-06-15 09:43:51,641.0,1876868
2021-06-15 09:43:52,641.05,1877331
2021-06-15 09:43:53,641.1,1877512
2021-06-15 09:43:55,641.1,1877544
2021-06-15 09:43:56,641.15,1877557
2021-06-15 09:43:57,641.15,1877624
2021-06-15 09:43:58,641.15,1878946
2021-06-15 09:43:59,641.15,1879263
2021-06-15 09:44:00,641.05,1880910
2021-06-15 09:44:01,640.85,1881336
2021-06-15 09:44:02,640.8,1881530
2021-06-15 09:44:04,641.05,1881709
2021-06-15 09:44:05,640.8,1881838
2021-06-15 09:44:06,641.0,1882135
2021-06-15 09:44:07,641.0,1882328
2021-06-15 09:44:08,641.0,1882361
2021-06-15 09:44:09,640.95,1882543
2021-06-15 09:44:10,640.9,1882828
2021-06-15 09:44:12,640.8,1883796
2021-06-15 09:44:13,640.95,1884009
2021-06-15 09:44:14,640.95,1884248
2021-06-15 09:44:15,640.95,1885298
2021-06-15 09:44:16,641.05,1885507
2021-06-15 09:44:16,641.05,1885477
2021-06-15 09:44:18,641.0,1885565
2021-06-15 09:44:19,641.0,1887340
2021-06-15 09:44:20,641.0,1887663
2021-06-15 09:44:21,640.85,1887788
2021-06-15 09:44:22,641.0,1888159
2021-06-15 09:44:23,641.0,1888273
2021-06-15 09:44:24,641.0,1888713
2021-06-15 09:44:25,641.0,1888841
2021-06-15 09:44:25,641.0,1888822
2021-06-15 09:44:27,641.0,1889014
2021-06-15 09:44:28,641.0,1890582
2021-06-15 09:44:29,640.95,1890960
2021-06-15 09:44:30,641.0,1891766
2021-06-15 09:44:31,641.0,1892183
2021-06-15 09:44:32,641.05,1892511
2021-06-15 09:44:33,640.95,1892832
2021-06-15 09:44:34,641.0,1892950
2021-06-15 09:44:34,641.0,1892925
2021-06-15 09:44:35,641.0,1892980
2021-06-15 09:44:37,640.95,1893001
2021-06-15 09:44:38,641.0,1893023
2021-06-15 09:44:39,640.95,1893129
2021-06-15 09:44:40,640.9,1894411
2021-06-15 09:44:41,640.95,1894732
2021-06-15 09:44:42,640.8,1894811
2021-06-15 09:44:43,640.85,1894853
2021-06-15 09:44:43,641.0,1894861
2021-06-15 09:44:45,640.8,1894869
2021-06-15 09:44:46,640.7,1895031
2021-06-15 09:44:47,640.9,1895226
2021-06-15 09:44:48,640.9,1895800
2021-06-15 09:44:49,640.9,1896008
2021-06-15 09:44:50,640.9,1896121
2021-06-15 09:44:51,640.9,1896165
2021-06-15 09:44:51,640.9,1896173
2021-06-15 09:44:52,640.9,1896188
2021-06-15 09:44:54,640.95,1896446
2021-06-15 09:44:55,640.8,1896849
2021-06-15 09:44:56,640.8,1897315
2021-06-15 09:44:57,640.7,1897904
2021-06-15 09:44:58,640.85,1898024
2021-06-15 09:45:00,640.85,1898252
2021-06-15 09:45:01,640.9,1899379
2021-06-15 09:45:02,640.9,1899572
2021-06-15 09:45:03,640.8,1899725
2021-06-15 09:45:04,640.75,1899769
2021-06-15 09:45:04,640.8,1899958
2021-06-15 09:45:06,640.8,1899990
2021-06-15 09:45:07,640.8,1900006
2021-06-15 09:45:08,640.9,1903069
2021-06-15 09:45:09,640.9,1903600
2021-06-15 09:45:10,640.85,1903916
2021-06-15 09:45:11,640.8,1904010
2021-06-15 09:45:11,640.8,1904246
2021-06-15 09:45:13,640.8,1904308
2021-06-15 09:45:14,640.85,1904360
2021-06-15 09:45:15,640.85,1904371
2021-06-15 09:45:16,640.8,1904600
2021-06-15 09:45:16,640.9,1907892
2021-06-15 09:45:17,640.9,1908680
2021-06-15 09:45:19,640.85,1908874
2021-06-15 09:45:20,640.85,1909141
2021-06-15 09:45:21,640.75,1909268
2021-06-15 09:45:22,640.9,1909470
2021-06-15 09:45:22,641.0,1909504
2021-06-15 09:45:25,640.95,1909957
2021-06-15 09:45:26,640.85,1910376
2021-06-15 09:45:27,640.8,1911124
2021-06-15 09:45:28,640.75,1912791
2021-06-15 09:45:28,640.85,1913075
2021-06-15 09:45:30,640.7,1913970
2021-06-15 09:45:31,640.75,1915062
2021-06-15 09:45:32,640.75,1915727
2021-06-15 09:45:33,640.75,1916216
2021-06-15 09:45:34,640.75,1916301
2021-06-15 09:45:35,640.75,1916406
2021-06-15 09:45:36,640.75,1916525
2021-06-15 09:45:37,640.7,1916770
2021-06-15 09:45:38,640.8,1916813
2021-06-15 09:45:39,640.85,1917042
2021-06-15 09:45:40,640.85,1917132
2021-06-15 09:45:41,640.8,1917387
2021-06-15 09:45:42,640.75,1917680
2021-06-15 09:45:43,640.8,1917775
2021-06-15 09:45:44,640.5,1937974
2021-06-15 09:45:45,640.75,1941520
2021-06-15 09:45:46,640.85,1942123
2021-06-15 09:45:47,640.8,1943614
2021-06-15 09:45:48,640.9,1943867
2021-06-15 09:45:49,640.85,1943912
2021-06-15 09:45:50,640.85,1943937
2021-06-15 09:45:51,640.9,1944001
2021-06-15 09:45:52,640.9,1944012
2021-06-15 09:45:54,640.85,1944284
2021-06-15 09:45:55,640.85,1944313
2021-06-15 09:45:56,640.85,1944369
2021-06-15 09:45:59,640.85,1946505
2021-06-15 09:45:58,640.8,1946453
2021-06-15 09:46:00,640.85,1946567
2021-06-15 09:46:01,640.85,1946653
2021-06-15 09:46:02,640.85,1947120
2021-06-15 09:46:03,640.85,1948263
2021-06-15 09:46:04,640.85,1948769
2021-06-15 09:46:06,640.7,1949479
2021-06-15 09:46:07,640.7,1949538
2021-06-15 09:46:08,640.75,1949758
2021-06-15 09:46:09,640.75,1949796
2021-06-15 09:46:10,640.65,1950277
2021-06-15 09:46:11,640.6,1950769
2021-06-15 09:46:12,640.45,1950865
2021-06-15 09:46:14,640.75,1951132
2021-06-15 09:46:15,640.75,1951364
2021-06-15 09:46:16,640.45,1951603
2021-06-15 09:46:17,640.65,1952144
2021-06-15 09:46:18,640.3,1953286
2021-06-15 09:46:19,640.45,1953951
2021-06-15 09:46:20,640.45,1954195
2021-06-15 09:46:21,640.45,1954256
2021-06-15 09:46:22,640.3,1954342
2021-06-15 09:46:24,640.45,1954838
2021-06-15 09:46:25,640.4,1954853
2021-06-15 09:46:26,640.4,1954855
2021-06-15 09:46:27,640.4,1954929
2021-06-15 09:46:28,640.35,1955085
2021-06-15 09:46:29,640.35,1955462
2021-06-15 09:46:31,640.5,1955844
2021-06-15 09:46:32,640.4,1955920
2021-06-15 09:46:33,640.45,1955983
2021-06-15 09:46:35,640.2,1956953
2021-06-15 09:46:36,640.1,1958131
2021-06-15 09:46:37,640.4,1958342
2021-06-15 09:46:38,640.2,1958513
2021-06-15 09:46:39,640.4,1958642
2021-06-15 09:46:40,640.2,1958750
2021-06-15 09:46:41,640.2,1958895
2021-06-15 09:46:42,640.2,1958943
2021-06-15 09:46:43,640.3,1959056
2021-06-15 09:46:44,640.4,1960608
2021-06-15 09:46:45,640.45,1960872
2021-06-15 09:46:46,640.35,1960971
2021-06-15 09:46:47,640.25,1961552
2021-06-15 09:46:48,640.6,1965848
2021-06-15 09:46:49,640.4,1966649
2021-06-15 09:46:50,640.6,1967155
2021-06-15 09:46:51,640.6,1967241
2021-06-15 09:46:52,640.7,1968112
2021-06-15 09:46:53,640.7,1968260
2021-06-15 09:46:54,640.7,1968285
2021-06-15 09:46:55,640.75,1968709
2021-06-15 09:46:56,640.4,1969638
2021-06-15 09:46:57,640.7,1969818
2021-06-15 09:46:58,640.65,1970674
2021-06-15 09:46:59,640.55,1973121
2021-06-15 09:47:00,640.55,1974415
2021-06-15 09:47:01,640.45,1974949
2021-06-15 09:47:03,640.25,1975213
2021-06-15 09:47:04,640.4,1975373
2021-06-15 09:47:05,640.4,1975405
2021-06-15 09:47:06,640.25,1975751
2021-06-15 09:47:07,640.2,1975867
2021-06-15 09:47:08,640.25,1975888
2021-06-15 09:47:09,640.1,1977038
2021-06-15 09:47:10,640.4,1977406
2021-06-15 09:47:11,640.25,1977570
2021-06-15 09:47:12,640.15,1977973
2021-06-15 09:47:13,640.35,1978041
2021-06-15 09:47:14,640.45,1978155
2021-06-15 09:47:15,640.45,1978182
2021-06-15 09:47:16,640.4,1978211
2021-06-15 09:47:17,640.3,1978246
2021-06-15 09:47:18,640.45,1978449
2021-06-15 09:47:19,640.3,1978493
2021-06-15 09:47:20,640.25,1978509
2021-06-15 09:47:21,640.45,1978604
2021-06-15 09:47:22,640.35,1978963
2021-06-15 09:47:23,640.6,1980184
2021-06-15 09:47:24,640.4,1980415
2021-06-15 09:47:25,640.6,1980975
2021-06-15 09:47:26,640.65,1981070
2021-06-15 09:47:27,640.7,1982086
2021-06-15 09:47:28,640.65,1982259
2021-06-15 09:47:29,640.65,1982290
2021-06-15 09:47:30,640.45,1982461
2021-06-15 09:47:31,640.5,1982691
2021-06-15 09:47:32,640.7,1982730
2021-06-15 09:47:33,640.45,1983251
2021-06-15 09:47:34,640.7,1983340
2021-06-15 09:47:35,640.7,1983355
2021-06-15 09:47:36,640.7,1983358
2021-06-15 09:47:37,640.7,1983358
2021-06-15 09:47:38,640.7,1983640
2021-06-15 09:47:39,640.65,1983698
2021-06-15 09:47:40,640.65,1983723
2021-06-15 09:47:41,640.75,1984027
2021-06-15 09:47:42,640.75,1984097
2021-06-15 09:47:43,640.75,1984109
2021-06-15 09:47:44,640.75,1984158
2021-06-15 09:47:45,640.7,1984274
2021-06-15 09:47:46,640.75,1984512
2021-06-15 09:47:50,640.75,1984968
2021-06-15 09:47:51,640.75,1985803
2021-06-15 09:47:52,640.7,1986070
2021-06-15 09:47:53,640.75,1986115
2021-06-15 09:47:54,640.75,1986403
2021-06-15 09:47:55,640.7,1987849
2021-06-15 09:47:56,640.9,1988108
2021-06-15 09:47:57,640.9,1988172
2021-06-15 09:47:59,640.9,1988183
2021-06-15 09:47:59,640.85,1989540
2021-06-15 09:48:01,640.75,1990429
2021-06-15 09:48:02,640.8,1990591
2021-06-15 09:48:02,640.75,1990719
2021-06-15 09:48:03,640.95,1992247
2021-06-15 09:48:06,640.95,1993714
2021-06-15 09:48:07,640.95,1993817
2021-06-15 09:48:08,640.95,1994579
2021-06-15 09:48:09,640.95,1994709
2021-06-15 09:48:10,640.95,1995493
2021-06-15 09:48:11,640.95,1995630
2021-06-15 09:48:12,640.95,1995747
2021-06-15 09:48:13,640.9,1995805
2021-06-15 09:48:14,640.9,1995921
2021-06-15 09:48:15,640.9,1995999
2021-06-15 09:48:16,640.9,1996348
2021-06-15 09:48:18,640.95,1996669
2021-06-15 09:48:18,640.95,1996724
2021-06-15 09:48:19,640.95,1996742
2021-06-15 09:48:20,640.75,1996850
2021-06-15 09:48:21,640.95,1996872
2021-06-15 09:48:22,640.85,1996900
2021-06-15 09:48:24,640.95,1997252
2021-06-15 09:48:24,640.95,1997379
2021-06-15 09:48:26,640.95,1997834
2021-06-15 09:48:27,640.8,1997996
2021-06-15 09:48:29,640.75,1998442
2021-06-15 09:48:29,640.75,1998387
2021-06-15 09:48:30,640.75,1998514
2021-06-15 09:48:31,640.95,1998839
2021-06-15 09:48:32,640.95,1998995
2021-06-15 09:48:33,640.95,1999108
2021-06-15 09:48:34,640.95,1999227
2021-06-15 09:48:36,640.85,1999341
2021-06-15 09:48:37,640.95,1999347
2021-06-15 09:48:38,640.9,1999348
2021-06-15 09:48:40,640.9,1999350
2021-06-15 09:48:41,640.9,1999461
2021-06-15 09:48:41,640.9,1999480
2021-06-15 09:48:42,640.9,1999494
2021-06-15 09:48:43,640.9,1999783
2021-06-15 09:48:44,640.9,1999833
2021-06-15 09:48:45,640.9,1999883
2021-06-15 09:48:46,640.85,2000142
2021-06-15 09:48:47,640.8,2000911
2021-06-15 09:48:48,640.7,2001226
2021-06-15 09:48:49,640.7,2001310
2021-06-15 09:48:50,640.8,2001328
2021-06-15 09:48:51,640.8,2001401
2021-06-15 09:48:52,640.8,2001414
2021-06-15 09:48:53,640.85,2001416
2021-06-15 09:48:54,640.8,2001678
2021-06-15 09:48:55,640.7,2001999
2021-06-15 09:48:56,640.7,2002172
2021-06-15 09:48:57,640.55,2002859
2021-06-15 09:48:59,640.65,2002985
2021-06-15 09:48:59,640.75,2003007
2021-06-15 09:49:00,640.65,2003258
2021-06-15 09:49:01,640.5,2003711
2021-06-15 09:49:02,640.5,2003788
2021-06-15 09:49:03,640.5,2003803
2021-06-15 09:49:04,640.55,2003908
2021-06-15 09:49:05,640.6,2003983
2021-06-15 09:49:06,640.6,2003996
2021-06-15 09:49:07,640.5,2004034
2021-06-15 09:49:08,640.6,2004097
2021-06-15 09:49:10,640.6,2004128
2021-06-15 09:49:10,640.6,2004123
2021-06-15 09:49:11,640.6,2004609
2021-06-15 09:49:12,640.5,2005296
2021-06-15 09:49:14,640.75,2007673
2021-06-15 09:49:14,640.8,2008077
2021-06-15 09:49:15,640.8,2008160
2021-06-15 09:49:16,640.8,2008174
2021-06-15 09:49:17,640.7,2008376
2021-06-15 09:49:18,640.75,2013413
2021-06-15 09:49:19,640.9,2014269
2021-06-15 09:49:20,640.9,2014415
2021-06-15 09:49:22,640.9,2014925
2021-06-15 09:49:23,640.75,2015355
2021-06-15 09:49:24,640.95,2016455
2021-06-15 09:49:25,640.95,2016654
2021-06-15 09:49:26,640.8,2017603
2021-06-15 09:49:28,641.0,2017793
2021-06-15 09:49:29,641.0,2018050
2021-06-15 09:49:30,640.95,2018472
2021-06-15 09:49:31,640.85,2018670
2021-06-15 09:49:32,641.0,2018704
2021-06-15 09:49:34,641.0,2019590
2021-06-15 09:49:35,640.75,2019933
2021-06-15 09:49:36,641.0,2020232
2021-06-15 09:49:37,641.0,2021392
2021-06-15 09:49:38,641.0,2021688
2021-06-15 09:49:39,641.0,2021834
2021-06-15 09:49:40,641.0,2021859
2021-06-15 09:49:42,641.0,2022468
2021-06-15 09:49:44,640.95,2022889
2021-06-15 09:49:45,641.0,2023279
2021-06-15 09:49:47,641.0,2023396
2021-06-15 09:49:48,640.95,2023466
2021-06-15 09:49:49,640.95,2023735
2021-06-15 09:49:50,640.95,2023786
2021-06-15 09:49:51,640.95,2024015
2021-06-15 09:49:52,641.0,2024374
2021-06-15 09:49:53,640.95,2024489
2021-06-15 09:49:54,640.95,2024808
2021-06-15 09:49:55,640.95,2025548
2021-06-15 09:49:56,640.95,2025675
2021-06-15 09:49:57,640.95,2025724
2021-06-15 09:49:58,640.95,2025732
2021-06-15 09:49:59,640.9,2026020
2021-06-15 09:50:00,640.95,2026196
2021-06-15 09:50:01,640.95,2026735
2021-06-15 09:50:03,640.95,2026953
2021-06-15 09:50:04,640.85,2027201
2021-06-15 09:50:04,640.95,2027243
2021-06-15 09:50:05,640.9,2027270
2021-06-15 09:50:06,640.9,2028021
2021-06-15 09:50:07,640.95,2028327
2021-06-15 09:50:08,641.0,2038421
2021-06-15 09:50:09,641.1,2041722
2021-06-15 09:50:10,641.15,2042023
2021-06-15 09:50:12,641.15,2043659
2021-06-15 09:50:13,641.0,2043831
2021-06-15 09:50:14,641.0,2044059
2021-06-15 09:50:15,641.0,2044444
2021-06-15 09:50:15,641.0,2044444
2021-06-15 09:50:16,641.2,2045729
2021-06-15 09:50:17,641.2,2045739
2021-06-15 09:50:18,641.25,2046281
2021-06-15 09:50:20,641.0,2046336
2021-06-15 09:50:21,641.2,2046439
2021-06-15 09:50:22,641.15,2046619
2021-06-15 09:50:23,641.15,2046843
2021-06-15 09:50:24,641.0,2047459
2021-06-15 09:50:24,641.1,2047159
2021-06-15 09:50:25,641.0,2047620
2021-06-15 09:50:27,641.15,2047655
2021-06-15 09:50:28,641.2,2049155
2021-06-15 09:50:28,641.2,2049155
2021-06-15 09:50:29,641.05,2049240
2021-06-15 09:50:30,641.15,2049294
2021-06-15 09:50:31,641.1,2049314
2021-06-15 09:50:32,641.1,2050366
2021-06-15 09:50:33,641.35,2051657
2021-06-15 09:50:34,641.35,2051867
2021-06-15 09:50:35,641.35,2052369
2021-06-15 09:50:36,641.25,2052516
2021-06-15 09:50:38,641.25,2056053
2021-06-15 09:50:39,641.25,2057515
2021-06-15 09:50:40,641.25,2057731
2021-06-15 09:50:41,641.2,2058339
2021-06-15 09:50:42,641.3,2058349
2021-06-15 09:50:43,641.3,2058394
2021-06-15 09:50:44,641.3,2058621
2021-06-15 09:50:45,641.3,2058621
2021-06-15 09:50:46,641.35,2058673
2021-06-15 09:50:50,641.3,2062054
2021-06-15 09:50:51,641.3,2063532
2021-06-15 09:50:52,641.3,2064057
2021-06-15 09:50:53,641.35,2064169
2021-06-15 09:50:54,641.3,2064215
2021-06-15 09:50:55,641.2,2075627
2021-06-15 09:50:55,641.2,2075627
2021-06-15 09:50:56,641.05,2076304
2021-06-15 09:50:57,641.2,2076490
2021-06-15 09:51:00,641.2,2076757
2021-06-15 09:51:01,641.05,2077447
2021-06-15 09:51:02,641.2,2077469
2021-06-15 09:51:03,641.15,2077489
2021-06-15 09:51:04,641.15,2079351
2021-06-15 09:51:05,641.3,2079353
2021-06-15 09:51:06,641.2,2079487
2021-06-15 09:51:07,641.3,2079636
2021-06-15 09:51:08,641.25,2079823
2021-06-15 09:51:09,641.25,2079942
2021-06-15 09:51:10,641.25,2079943
2021-06-15 09:51:11,641.25,2079958
2021-06-15 09:51:11,641.25,2079958
2021-06-15 09:51:12,641.25,2082107
2021-06-15 09:51:13,641.2,2082279
2021-06-15 09:51:14,641.2,2083704
2021-06-15 09:51:15,641.3,2086375
2021-06-15 09:51:16,641.3,2086407
2021-06-15 09:51:19,641.3,2086976
2021-06-15 09:51:20,641.3,2091369
2021-06-15 09:51:21,641.25,2094232
2021-06-15 09:51:22,641.3,2094259
2021-06-15 09:51:23,641.25,2095077
2021-06-15 09:51:25,641.25,2112258
2021-06-15 09:51:25,641.25,2114324
2021-06-15 09:51:26,641.3,2114565
2021-06-15 09:51:27,641.3,2114915
2021-06-15 09:51:30,641.25,2118328
2021-06-15 09:51:31,641.3,2118556
2021-06-15 09:51:33,641.3,2119341
2021-06-15 09:51:34,641.25,2120737
2021-06-15 09:51:34,641.3,2120739
2021-06-15 09:51:36,641.25,2126982
2021-06-15 09:51:37,641.25,2128887
2021-06-15 09:51:38,641.3,2129123
2021-06-15 09:51:39,641.25,2129280
2021-06-15 09:51:40,641.25,2132999
2021-06-15 09:51:41,641.25,2140005
2021-06-15 09:51:43,641.1,2142271
2021-06-15 09:51:44,641.1,2142643
2021-06-15 09:51:45,641.0,2142918
2021-06-15 09:51:46,641.0,2143918
2021-06-15 09:51:47,641.05,2145197
2021-06-15 09:51:47,641.05,2145197
2021-06-15 09:51:48,641.1,2145217
2021-06-15 09:51:49,641.0,2145227
2021-06-15 09:51:50,641.1,2145327
2021-06-15 09:51:52,641.1,2145857
2021-06-15 09:51:53,641.05,2146457
2021-06-15 09:51:54,641.1,2146693
2021-06-15 09:51:55,641.1,2147200
2021-06-15 09:51:55,641.1,2147200
2021-06-15 09:51:56,641.05,2147320
2021-06-15 09:51:58,641.05,2147320
2021-06-15 09:51:59,641.1,2148380
2021-06-15 09:52:00,641.1,2148704
2021-06-15 09:52:01,641.05,2148829
2021-06-15 09:52:02,641.1,2149281
2021-06-15 09:52:03,641.05,2149291
2021-06-15 09:52:04,641.05,2149298
2021-06-15 09:52:05,641.05,2149478
2021-06-15 09:52:06,641.1,2149686
2021-06-15 09:52:08,641.1,2150436
2021-06-15 09:52:09,641.1,2151840
2021-06-15 09:52:10,641.05,2151849
2021-06-15 09:52:11,641.25,2152564
2021-06-15 09:52:11,641.05,2152864
2021-06-15 09:52:12,641.2,2153498
2021-06-15 09:52:13,641.1,2153534
2021-06-15 09:52:16,641.2,2154094
2021-06-15 09:52:17,641.2,2154573
2021-06-15 09:52:18,641.2,2154574
2021-06-15 09:52:20,641.1,2154829
2021-06-15 09:52:21,641.3,2157604
2021-06-15 09:52:22,641.15,2157616
2021-06-15 09:52:23,641.3,2157686
2021-06-15 09:52:24,641.3,2157977
2021-06-15 09:52:25,641.25,2158127
2021-06-15 09:52:26,641.3,2160303
2021-06-15 09:52:27,641.35,2160910
2021-06-15 09:52:28,641.35,2161674
2021-06-15 09:52:29,641.35,2161700
2021-06-15 09:52:30,641.35,2162903
2021-06-15 09:52:31,641.35,2163003
2021-06-15 09:52:32,641.35,2163007
2021-06-15 09:52:33,641.3,2165861
2021-06-15 09:52:35,641.4,2166182
2021-06-15 09:52:36,641.4,2166207
2021-06-15 09:52:37,641.35,2166786
2021-06-15 09:52:38,641.35,2167197
2021-06-15 09:52:39,641.35,2167590
2021-06-15 09:52:39,641.35,2169017
2021-06-15 09:52:40,641.35,2169039
2021-06-15 09:52:41,641.4,2169412
2021-06-15 09:52:43,641.35,2169420
2021-06-15 09:52:44,641.35,2170333
2021-06-15 09:52:45,641.4,2172373
2021-06-15 09:52:46,641.35,2172381
2021-06-15 09:52:47,641.35,2175738
2021-06-15 09:52:48,641.4,2176288
2021-06-15 09:52:49,641.35,2176373
2021-06-15 09:52:49,641.45,2176431
2021-06-15 09:52:50,641.4,2176481
2021-06-15 09:52:51,641.45,2178299
2021-06-15 09:52:52,641.45,2178344
2021-06-15 09:52:53,641.4,2179724
2021-06-15 09:52:54,641.4,2180225
2021-06-15 09:52:56,641.45,2181825
2021-06-15 09:52:57,641.45,2183325
2021-06-15 09:52:58,641.4,2185666
2021-06-15 09:52:59,641.4,2186265
2021-06-15 09:53:01,641.4,2186863
2021-06-15 09:53:02,641.4,2188308
2021-06-15 09:53:03,641.45,2189079
2021-06-15 09:53:04,641.45,2189533
2021-06-15 09:53:05,641.55,2211978
2021-06-15 09:53:06,641.55,2212028
2021-06-15 09:53:07,641.55,2212141
2021-06-15 09:53:07,641.8,2212142
2021-06-15 09:53:08,641.75,2212580
2021-06-15 09:53:10,641.85,2212716
2021-06-15 09:53:11,641.8,2213183
2021-06-15 09:53:12,641.9,2214051
2021-06-15 09:53:13,641.8,2214847
2021-06-15 09:53:14,641.8,2214850
2021-06-15 09:53:15,641.9,2215317
2021-06-15 09:53:16,641.9,2215937
2021-06-15 09:53:19,641.9,2218588
2021-06-15 09:53:20,641.85,2218639
2021-06-15 09:53:21,641.95,2218679
2021-06-15 09:53:21,642.05,2237974
2021-06-15 09:53:22,642.05,2238135
2021-06-15 09:53:23,642.25,2242657
2021-06-15 09:53:24,642.3,2243556
2021-06-15 09:53:25,642.3,2244755
2021-06-15 09:53:27,642.35,2245759
2021-06-15 09:53:28,642.25,2246042
2021-06-15 09:53:29,642.35,2246047
2021-06-15 09:53:30,642.2,2246327
2021-06-15 09:53:31,642.2,2246647
2021-06-15 09:53:33,642.2,2246937
2021-06-15 09:53:33,642.2,2246937
2021-06-15 09:53:34,642.2,2247143
2021-06-15 09:53:35,642.3,2249781
2021-06-15 09:53:36,642.2,2250087
2021-06-15 09:53:37,642.15,2250243
2021-06-15 09:53:38,642.15,2250461
2021-06-15 09:53:39,642.15,2251122
2021-06-15 09:53:40,642.15,2252243
2021-06-15 09:53:42,642.15,2252358
2021-06-15 09:53:42,642.0,2253433
2021-06-15 09:53:43,641.95,2253758
2021-06-15 09:53:45,642.0,2253818
2021-06-15 09:53:46,642.05,2253837
2021-06-15 09:53:47,642.0,2253862
2021-06-15 09:53:48,642.2,2255014
2021-06-15 09:53:49,642.0,2255189
2021-06-15 09:53:50,642.0,2255239
2021-06-15 09:53:52,642.0,2256063
2021-06-15 09:53:53,642.0,2256499
2021-06-15 09:53:54,642.0,2256511
2021-06-15 09:53:55,642.0,2256511
2021-06-15 09:53:55,642.0,2256511
2021-06-15 09:53:57,642.2,2267788
2021-06-15 09:53:58,642.2,2270579
2021-06-15 09:53:59,642.2,2270964
2021-06-15 09:54:00,642.2,2271122
2021-06-15 09:54:01,642.25,2271491
2021-06-15 09:54:02,642.3,2272433
2021-06-15 09:54:03,642.2,2272596
2021-06-15 09:54:04,642.2,2272788
2021-06-15 09:54:05,642.15,2273526
2021-06-15 09:54:05,642.15,2273526
2021-06-15 09:54:06,642.3,2273528
2021-06-15 09:54:07,642.3,2273599
2021-06-15 09:54:08,642.25,2273602
2021-06-15 09:54:09,642.3,2273734
2021-06-15 09:54:10,642.2,2274837
2021-06-15 09:54:11,642.3,2274887
2021-06-15 09:54:12,642.25,2274931
2021-06-15 09:54:13,642.2,2300462
2021-06-15 09:54:14,642.4,2300612
2021-06-15 09:54:16,642.4,2301066
2021-06-15 09:54:17,642.2,2301175
2021-06-15 09:54:18,642.2,2302088
2021-06-15 09:54:18,642.25,2304407
2021-06-15 09:54:19,642.25,2306505
2021-06-15 09:54:21,642.3,2306599
2021-06-15 09:54:22,642.1,2313092
2021-06-15 09:54:23,642.1,2313095
2021-06-15 09:54:24,642.1,2313193
2021-06-15 09:54:24,642.05,2316298
2021-06-15 09:54:26,642.05,2316398
2021-06-15 09:54:26,642.3,2318414
2021-06-15 09:54:28,642.2,2319350
2021-06-15 09:54:29,642.3,2319451
2021-06-15 09:54:30,642.25,2319959
2021-06-15 09:54:31,642.3,2320514
2021-06-15 09:54:32,642.25,2321891
2021-06-15 09:54:32,642.25,2321969
2021-06-15 09:54:34,642.0,2323183
2021-06-15 09:54:36,642.15,2335207
2021-06-15 09:54:37,642.2,2337504
2021-06-15 09:54:38,642.25,2338953
2021-06-15 09:54:38,642.25,2342132
2021-06-15 09:54:39,642.0,2342683
2021-06-15 09:54:40,642.05,2345103
2021-06-15 09:54:41,642.15,2349840
2021-06-15 09:54:42,642.3,2363320
2021-06-15 09:54:43,642.1,2363337
2021-06-15 09:54:45,642.25,2363537
2021-06-15 09:54:46,642.15,2365135
2021-06-15 09:54:47,642.25,2365879
2021-06-15 09:54:47,642.25,2366049
2021-06-15 09:54:50,642.0,2367049
2021-06-15 09:54:51,642.2,2367224
2021-06-15 09:54:52,642.15,2369223
2021-06-15 09:54:52,642.15,2369327
2021-06-15 09:54:53,642.0,2369550
2021-06-15 09:54:54,642.0,2371092
2021-06-15 09:54:55,642.2,2374306
2021-06-15 09:54:56,642.25,2377080
2021-06-15 09:54:58,642.0,2380196
2021-06-15 09:54:59,642.3,2381380
2021-06-15 09:54:59,642.3,2381636
2021-06-15 09:55:00,642.25,2382163
2021-06-15 09:55:01,642.2,2382203
2021-06-15 09:55:02,642.0,2382844
2021-06-15 09:55:03,642.3,2384678
2021-06-15 09:55:04,642.3,2388137
2021-06-15 09:55:06,642.05,2390792
2021-06-15 09:55:07,642.0,2395253
2021-06-15 09:55:08,642.0,2397546
2021-06-15 09:55:09,642.05,2398189
2021-06-15 09:55:09,642.3,2398332
2021-06-15 09:55:10,641.95,2398936
2021-06-15 09:55:11,642.3,2403970
2021-06-15 09:55:13,642.2,2415681
2021-06-15 09:55:14,642.2,2415741
2021-06-15 09:55:15,642.05,2417987
2021-06-15 09:55:17,642.05,2418007
2021-06-15 09:55:18,642.05,2418007
2021-06-15 09:55:19,642.25,2418022
2021-06-15 09:55:21,642.2,2425498
2021-06-15 09:55:23,642.05,2425746
2021-06-15 09:55:23,642.05,2425846
2021-06-15 09:55:24,642.3,2425947
2021-06-15 09:55:26,642.1,2426324
2021-06-15 09:55:27,642.3,2426394
2021-06-15 09:55:28,642.25,2426395
2021-06-15 09:55:30,642.3,2426463
2021-06-15 09:55:31,642.15,2427123
2021-06-15 09:55:32,642.1,2427301
2021-06-15 09:55:33,642.25,2427312
2021-06-15 09:55:34,642.25,2427437
2021-06-15 09:55:35,642.05,2427587
2021-06-15 09:55:36,642.1,2427626
2021-06-15 09:55:37,642.1,2427659
2021-06-15 09:55:37,642.2,2428072
2021-06-15 09:55:38,642.0,2429210
2021-06-15 09:55:39,642.0,2432182
2021-06-15 09:55:40,642.15,2432232
2021-06-15 09:55:41,641.9,2432606
2021-06-15 09:55:42,642.0,2432636
2021-06-15 09:55:43,642.05,2432761
2021-06-15 09:55:44,642.0,2433674
2021-06-15 09:55:45,641.8,2434520
2021-06-15 09:55:46,642.05,2434693
2021-06-15 09:55:48,642.05,2434693
2021-06-15 09:55:49,641.9,2436059
2021-06-15 09:55:50,641.85,2436405
2021-06-15 09:55:50,641.85,2436571
2021-06-15 09:55:51,642.0,2438632
2021-06-15 09:55:53,642.0,2438907
2021-06-15 09:55:54,642.05,2439909
2021-06-15 09:55:56,642.0,2440189
2021-06-15 09:55:57,642.05,2440191
2021-06-15 09:55:58,642.1,2440492
2021-06-15 09:55:59,642.0,2441250
2021-06-15 09:56:00,642.05,2441434
2021-06-15 09:56:00,642.1,2441837
2021-06-15 09:56:01,642.05,2441876
2021-06-15 09:56:02,642.0,2442078
2021-06-15 09:56:03,641.9,2452054
2021-06-15 09:56:04,641.85,2455849
2021-06-15 09:56:06,642.0,2456329
2021-06-15 09:56:07,641.85,2456790
2021-06-15 09:56:08,641.9,2456940
2021-06-15 09:56:09,641.95,2457455
2021-06-15 09:56:10,641.9,2459396
2021-06-15 09:56:11,642.1,2459758
2021-06-15 09:56:12,641.9,2461018
2021-06-15 09:56:13,642.1,2461127
2021-06-15 09:56:14,641.9,2461304
2021-06-15 09:56:15,642.0,2461643
2021-06-15 09:56:16,642.0,2461698
2021-06-15 09:56:18,641.9,2466711
2021-06-15 09:56:17,641.9,2466707
2021-06-15 09:56:19,642.05,2466922
2021-06-15 09:56:20,642.05,2466943
2021-06-15 09:56:21,641.9,2467463
2021-06-15 09:56:22,642.05,2467533
2021-06-15 09:56:23,642.05,2467587
2021-06-15 09:56:24,642.0,2467792
2021-06-15 09:56:25,642.0,2468375
2021-06-15 09:56:26,642.0,2468571
2021-06-15 09:56:27,642.0,2471546
2021-06-15 09:56:28,642.0,2472015
2021-06-15 09:56:30,642.0,2475034
2021-06-15 09:56:31,642.0,2475035
2021-06-15 09:56:32,642.0,2475612
2021-06-15 09:56:33,641.95,2476058
2021-06-15 09:56:34,642.0,2476090
2021-06-15 09:56:35,642.0,2476253
2021-06-15 09:56:37,641.95,2476315
2021-06-15 09:56:39,641.95,2476608
2021-06-15 09:56:40,642.0,2476806
2021-06-15 09:56:41,642.0,2476922
2021-06-15 09:56:42,642.0,2477083
2021-06-15 09:56:43,642.0,2478776
2021-06-15 09:56:44,642.0,2478966
2021-06-15 09:56:45,642.0,2480039
2021-06-15 09:56:46,642.0,2480039
2021-06-15 09:56:47,642.0,2480900
2021-06-15 09:56:48,641.9,2482237
2021-06-15 09:56:49,641.9,2482287
2021-06-15 09:56:50,642.0,2482339
2021-06-15 09:56:51,642.0,2483449
2021-06-15 09:56:52,642.0,2483519
2021-06-15 09:56:53,642.0,2483519
2021-06-15 09:56:54,642.05,2484156
2021-06-15 09:56:55,642.0,2484206
2021-06-15 09:56:56,642.0,2484658
2021-06-15 09:56:57,642.0,2484740
2021-06-15 09:56:58,642.05,2487553
2021-06-15 09:56:59,641.95,2487579
2021-06-15 09:57:00,641.95,2487677
2021-06-15 09:57:01,642.0,2487820
2021-06-15 09:57:03,642.0,2488078
2021-06-15 09:57:04,641.95,2488135
2021-06-15 09:57:05,642.05,2488192
2021-06-15 09:57:06,642.05,2488712
2021-06-15 09:57:07,642.0,2488813
2021-06-15 09:57:10,642.0,2489050
2021-06-15 09:57:11,642.0,2489599
2021-06-15 09:57:13,642.0,2489811
2021-06-15 09:57:14,642.0,2489813
2021-06-15 09:57:15,642.0,2489844
2021-06-15 09:57:16,642.0,2490067
2021-06-15 09:57:17,642.0,2490167
2021-06-15 09:57:18,642.1,2490202
2021-06-15 09:57:19,642.0,2490339
2021-06-15 09:57:20,642.0,2490663
2021-06-15 09:57:21,641.95,2490941
2021-06-15 09:57:22,642.0,2491116
2021-06-15 09:57:23,642.05,2491162
2021-06-15 09:57:24,642.05,2491162
2021-06-15 09:57:25,641.85,2492292
2021-06-15 09:57:26,642.0,2492347
2021-06-15 09:57:27,642.1,2492548
2021-06-15 09:57:28,641.85,2493030
2021-06-15 09:57:29,642.0,2494247
2021-06-15 09:57:30,642.05,2494870
2021-06-15 09:57:31,642.0,2494983
2021-06-15 09:57:32,642.0,2495130
2021-06-15 09:57:33,642.05,2495145
2021-06-15 09:57:34,642.05,2495187
2021-06-15 09:57:35,641.85,2495494
2021-06-15 09:57:36,641.85,2495532
2021-06-15 09:57:37,642.05,2495775
2021-06-15 09:57:38,642.05,2495775
2021-06-15 09:57:39,641.85,2496375
2021-06-15 09:57:40,641.85,2496976
2021-06-15 09:57:41,642.05,2497028
2021-06-15 09:57:42,641.95,2497124
2021-06-15 09:57:43,641.95,2498628
2021-06-15 09:57:44,641.95,2499068
2021-06-15 09:57:45,642.05,2499157
2021-06-15 09:57:46,642.0,2499977
2021-06-15 09:57:47,642.0,2501294
2021-06-15 09:57:48,642.05,2501689
2021-06-15 09:57:49,642.0,2501700
2021-06-15 09:57:50,642.0,2501997
2021-06-15 09:57:51,642.05,2502218
2021-06-15 09:57:52,642.0,2502258
2021-06-15 09:57:53,642.0,2502384
2021-06-15 09:57:54,642.0,2502514
2021-06-15 09:57:55,642.0,2502628
2021-06-15 09:57:56,642.0,2502658
2021-06-15 09:57:57,641.95,2502711
2021-06-15 09:57:58,642.0,2502883
2021-06-15 09:57:59,642.0,2502937
2021-06-15 09:58:00,642.0,2503134
2021-06-15 09:58:01,641.95,2503172
2021-06-15 09:58:02,641.95,2503172
2021-06-15 09:58:04,642.0,2506014
2021-06-15 09:58:05,642.0,2506832
2021-06-15 09:58:06,642.0,2506882
2021-06-15 09:58:07,642.05,2511408
2021-06-15 09:58:08,642.05,2511559
2021-06-15 09:58:09,642.0,2512934
2021-06-15 09:58:10,642.05,2512956
2021-06-15 09:58:11,642.05,2513081
2021-06-15 09:58:12,642.0,2513358
2021-06-15 09:58:13,642.05,2513623
2021-06-15 09:58:14,642.0,2513674
2021-06-15 09:58:16,642.0,2513699
2021-06-15 09:58:17,642.0,2515080
2021-06-15 09:58:18,641.95,2515100
2021-06-15 09:58:19,642.0,2515111
2021-06-15 09:58:20,641.95,2515860
2021-06-15 09:58:21,642.1,2520860
2021-06-15 09:58:22,642.1,2520860
2021-06-15 09:58:23,642.05,2520870
2021-06-15 09:58:24,642.0,2520970
2021-06-15 09:58:26,642.1,2521071
2021-06-15 09:58:26,642.1,2521071
2021-06-15 09:58:28,642.0,2521320
2021-06-15 09:58:29,642.0,2521408
2021-06-15 09:58:30,641.9,2522736
2021-06-15 09:58:32,641.9,2522831
2021-06-15 09:58:32,642.0,2522836
2021-06-15 09:58:33,642.0,2523493
2021-06-15 09:58:35,642.0,2523513
2021-06-15 09:58:36,642.0,2523538
2021-06-15 09:58:38,641.85,2524249
2021-06-15 09:58:38,641.85,2524249
2021-06-15 09:58:39,641.9,2524369
2021-06-15 09:58:40,642.0,2524727
2021-06-15 09:58:41,642.05,2524884
2021-06-15 09:58:43,642.0,2525056
2021-06-15 09:58:44,642.0,2525162
2021-06-15 09:58:45,642.05,2525962
2021-06-15 09:58:46,642.0,2526867
2021-06-15 09:58:47,641.95,2527298
2021-06-15 09:58:48,642.05,2527375
2021-06-15 09:58:49,642.0,2528944
2021-06-15 09:58:51,641.85,2529085
2021-06-15 09:58:51,642.0,2529571
2021-06-15 09:58:52,642.0,2529871
2021-06-15 09:58:53,642.0,2530034
2021-06-15 09:58:54,642.0,2530189
2021-06-15 09:58:55,642.0,2530200
2021-06-15 09:58:56,641.9,2530212
2021-06-15 09:58:57,642.0,2530372
2021-06-15 09:58:58,642.0,2530372
2021-06-15 09:59:01,641.7,2532561
2021-06-15 09:59:01,641.7,2532561
2021-06-15 09:59:02,641.6,2532861
2021-06-15 09:59:03,641.8,2532916
2021-06-15 09:59:04,641.6,2532941
2021-06-15 09:59:05,641.8,2533441
2021-06-15 09:59:06,641.65,2534446
2021-06-15 09:59:07,641.65,2534471
2021-06-15 09:59:08,641.65,2534491
2021-06-15 09:59:10,641.7,2534714
2021-06-15 09:59:11,641.8,2535121
2021-06-15 09:59:12,641.75,2535391
2021-06-15 09:59:13,641.75,2535595
2021-06-15 09:59:14,641.75,2535705
2021-06-15 09:59:15,641.75,2535950
2021-06-15 09:59:16,641.8,2535956
2021-06-15 09:59:18,641.75,2536776
2021-06-15 09:59:18,641.75,2536776
2021-06-15 09:59:19,641.8,2536800
2021-06-15 09:59:20,641.85,2536852
2021-06-15 09:59:21,641.8,2536952
2021-06-15 09:59:22,641.7,2537188
2021-06-15 09:59:23,641.85,2537236
2021-06-15 09:59:25,641.85,2537236
2021-06-15 09:59:25,641.85,2537236
2021-06-15 09:59:26,641.7,2537270
2021-06-15 09:59:27,641.6,2537775
2021-06-15 09:59:28,641.7,2537776
2021-06-15 09:59:29,641.75,2538106
2021-06-15 09:59:31,641.75,2538425
2021-06-15 09:59:32,641.75,2538757
2021-06-15 09:59:33,641.75,2539024
2021-06-15 09:59:34,641.7,2539075
2021-06-15 09:59:35,641.7,2539090
2021-06-15 09:59:35,641.7,2539090
2021-06-15 09:59:36,641.7,2539270
2021-06-15 09:59:37,641.8,2540985
2021-06-15 09:59:38,641.8,2541150
2021-06-15 09:59:39,641.75,2541330
2021-06-15 09:59:40,641.85,2542052
2021-06-15 09:59:41,641.95,2549006
2021-06-15 09:59:43,641.9,2549366
2021-06-15 09:59:44,642.0,2550629
2021-06-15 09:59:44,642.0,2549876
2021-06-15 09:59:45,641.9,2550859
2021-06-15 09:59:46,642.0,2550860
2021-06-15 09:59:47,641.9,2550979
2021-06-15 09:59:49,642.0,2551380
2021-06-15 09:59:50,642.0,2551381
2021-06-15 09:59:50,642.0,2551402
2021-06-15 09:59:51,642.0,2552396
2021-06-15 09:59:52,641.95,2553166
2021-06-15 09:59:53,641.95,2553171
2021-06-15 09:59:54,642.0,2553359
2021-06-15 09:59:55,642.0,2553434
2021-06-15 09:59:58,642.0,2555164
2021-06-15 09:59:59,642.0,2555665
2021-06-15 10:00:00,642.0,2555832
2021-06-15 10:00:01,642.0,2556432
2021-06-15 10:00:02,641.95,2556507
2021-06-15 10:00:03,642.0,2557241
2021-06-15 10:00:04,641.95,2557549
2021-06-15 10:00:05,641.95,2557551
2021-06-15 10:00:06,642.2,2574637
2021-06-15 10:00:07,642.1,2574642
2021-06-15 10:00:08,642.1,2574771
2021-06-15 10:00:09,642.1,2574882
2021-06-15 10:00:10,642.15,2574900
2021-06-15 10:00:12,642.15,2574905
2021-06-15 10:00:12,642.15,2574906
2021-06-15 10:00:13,642.2,2575732
2021-06-15 10:00:14,642.25,2575964
2021-06-15 10:00:15,642.15,2576034
2021-06-15 10:00:16,642.25,2576409
2021-06-15 10:00:17,642.2,2576629
2021-06-15 10:00:19,642.2,2580660
2021-06-15 10:00:20,642.3,2581279
2021-06-15 10:00:20,642.3,2581279
2021-06-15 10:00:22,642.3,2581471
2021-06-15 10:00:23,642.25,2581511
2021-06-15 10:00:25,642.25,2581529
2021-06-15 10:00:26,642.25,2582173
2021-06-15 10:00:27,642.3,2582573
2021-06-15 10:00:28,642.25,2582637
2021-06-15 10:00:29,642.25,2582713
2021-06-15 10:00:30,642.3,2582775
2021-06-15 10:00:31,642.25,2582986
2021-06-15 10:00:32,642.25,2583127
2021-06-15 10:00:33,642.3,2583541
2021-06-15 10:00:35,642.25,2584081
2021-06-15 10:00:36,642.25,2584190
2021-06-15 10:00:37,642.3,2584380
2021-06-15 10:00:37,642.3,2584580
2021-06-15 10:00:38,642.3,2584717
2021-06-15 10:00:39,642.3,2584734
2021-06-15 10:00:41,642.3,2584867
2021-06-15 10:00:42,642.2,2587148
2021-06-15 10:00:43,642.3,2587594
2021-06-15 10:00:43,642.3,2587844
2021-06-15 10:00:44,642.3,2588539
2021-06-15 10:00:45,642.1,2588640
2021-06-15 10:00:46,642.1,2588640
2021-06-15 10:00:47,642.25,2591311
2021-06-15 10:00:48,642.25,2591336
2021-06-15 10:00:50,642.25,2591396
2021-06-15 10:00:51,642.3,2591789
2021-06-15 10:00:52,642.3,2591808
2021-06-15 10:00:52,642.3,2591958
2021-06-15 10:00:53,642.1,2591999
2021-06-15 10:00:54,642.1,2592115
2021-06-15 10:00:55,642.05,2592116
2021-06-15 10:00:57,642.15,2592229
2021-06-15 10:00:58,642.0,2592349
2021-06-15 10:00:59,642.15,2592404
2021-06-15 10:01:00,642.0,2593740
2021-06-15 10:01:01,642.0,2593970
2021-06-15 10:01:02,642.15,2593973
2021-06-15 10:01:03,642.15,2594038
2021-06-15 10:01:05,642.0,2594302
2021-06-15 10:01:06,642.0,2594400
2021-06-15 10:01:06,642.0,2594629
2021-06-15 10:01:07,642.0,2594679
2021-06-15 10:01:08,642.1,2594911
2021-06-15 10:01:09,642.1,2594911
2021-06-15 10:01:10,642.0,2595262
2021-06-15 10:01:12,642.0,2595962
2021-06-15 10:01:13,642.1,2596177
2021-06-15 10:01:14,642.1,2596296
2021-06-15 10:01:15,642.15,2596301
2021-06-15 10:01:15,642.15,2596301
2021-06-15 10:01:16,642.1,2596322
2021-06-15 10:01:17,642.1,2596355
2021-06-15 10:01:19,642.1,2596395
2021-06-15 10:01:20,642.15,2597850
2021-06-15 10:01:21,642.05,2597886
2021-06-15 10:01:22,642.15,2597936
2021-06-15 10:01:23,642.15,2597955
2021-06-15 10:01:23,642.15,2597955
2021-06-15 10:01:24,642.1,2598070
2021-06-15 10:01:25,642.05,2598105
2021-06-15 10:01:26,642.1,2598145
2021-06-15 10:01:28,642.15,2598210
2021-06-15 10:01:29,642.15,2598240
2021-06-15 10:01:30,642.0,2598757
2021-06-15 10:01:31,642.05,2598960
2021-06-15 10:01:32,641.9,2598961
2021-06-15 10:01:33,641.75,2599219
2021-06-15 10:01:34,641.75,2599299
2021-06-15 10:01:35,641.75,2599299
2021-06-15 10:01:36,641.75,2599299
2021-06-15 10:01:37,641.7,2599859
2021-06-15 10:01:38,641.9,2599879
2021-06-15 10:01:39,641.75,2600128
2021-06-15 10:01:40,641.95,2600131
2021-06-15 10:01:41,641.9,2600637
2021-06-15 10:01:42,641.75,2601020
2021-06-15 10:01:44,641.75,2601221
2021-06-15 10:01:45,641.75,2601221
2021-06-15 10:01:46,641.9,2601248
2021-06-15 10:01:47,641.85,2601625
2021-06-15 10:01:47,641.85,2601675
2021-06-15 10:01:48,641.75,2601875
2021-06-15 10:01:49,641.75,2602037
2021-06-15 10:01:50,641.75,2602624
2021-06-15 10:01:52,641.85,2602810
2021-06-15 10:01:53,641.75,2603310
2021-06-15 10:01:54,641.75,2603490
2021-06-15 10:01:55,641.75,2604231
2021-06-15 10:01:56,641.75,2604238
2021-06-15 10:01:57,641.7,2604258
2021-06-15 10:01:58,641.7,2604322
2021-06-15 10:01:59,641.75,2604427
2021-06-15 10:02:00,641.85,2604992
2021-06-15 10:02:01,641.85,2604992
2021-06-15 10:02:02,641.65,2606151
2021-06-15 10:02:03,641.65,2606183
2021-06-15 10:02:05,641.65,2606203
2021-06-15 10:02:06,641.85,2606903
2021-06-15 10:02:07,641.85,2606953
2021-06-15 10:02:08,641.7,2607104
2021-06-15 10:02:09,641.85,2607171
2021-06-15 10:02:09,641.85,2607171
2021-06-15 10:02:10,641.85,2607193
2021-06-15 10:02:11,641.6,2607443
2021-06-15 10:02:12,641.6,2607456
2021-06-15 10:02:13,641.8,2607761
2021-06-15 10:02:14,641.8,2607821
2021-06-15 10:02:16,641.55,2608086
2021-06-15 10:02:17,641.6,2608208
2021-06-15 10:02:19,641.55,2608284
2021-06-15 10:02:20,641.55,2608361
2021-06-15 10:02:21,641.6,2608461
2021-06-15 10:02:21,641.6,2608475
2021-06-15 10:02:22,641.5,2609216
2021-06-15 10:02:23,641.6,2609221
2021-06-15 10:02:25,641.6,2609799
2021-06-15 10:02:26,641.5,2609817
2021-06-15 10:02:27,641.6,2610921
2021-06-15 10:02:28,641.6,2610927
2021-06-15 10:02:29,641.6,2610933
2021-06-15 10:02:30,641.6,2611038
2021-06-15 10:02:32,641.55,2611599
2021-06-15 10:02:33,641.55,2611599
2021-06-15 10:02:34,641.5,2612280
2021-06-15 10:02:35,641.55,2612330
2021-06-15 10:02:35,641.5,2612481
2021-06-15 10:02:37,641.5,2616356
2021-06-15 10:02:38,641.5,2616997
2021-06-15 10:02:38,641.5,2616997
2021-06-15 10:02:39,641.55,2617476
2021-06-15 10:02:41,641.55,2618074
2021-06-15 10:02:42,641.6,2619543
2021-06-15 10:02:43,641.55,2619668
2021-06-15 10:02:45,641.6,2620088
2021-06-15 10:02:46,641.4,2620109
2021-06-15 10:02:47,641.6,2620852
2021-06-15 10:02:50,641.6,2621084
2021-06-15 10:02:51,641.4,2621416
2021-06-15 10:02:52,641.55,2621865
2021-06-15 10:02:53,641.55,2621865
2021-06-15 10:02:54,641.4,2622267
2021-06-15 10:02:55,641.4,2622683
2021-06-15 10:02:56,641.4,2622684
2021-06-15 10:02:57,641.6,2622996
2021-06-15 10:02:58,641.6,2623109
2021-06-15 10:02:59,641.6,2623454
2021-06-15 10:03:00,641.5,2623574
2021-06-15 10:03:01,641.4,2624613
2021-06-15 10:03:02,641.6,2624893
2021-06-15 10:03:03,641.4,2625325
2021-06-15 10:03:04,641.6,2625405
2021-06-15 10:03:05,641.4,2625411
2021-06-15 10:03:06,641.5,2625511
2021-06-15 10:03:07,641.4,2625514
2021-06-15 10:03:08,641.45,2625524
2021-06-15 10:03:09,641.45,2625529
2021-06-15 10:03:10,641.45,2625652
2021-06-15 10:03:13,641.45,2625802
2021-06-15 10:03:15,641.4,2625863
2021-06-15 10:03:16,641.4,2625874
2021-06-15 10:03:16,641.4,2625879
2021-06-15 10:03:17,641.4,2625988
2021-06-15 10:03:18,641.45,2626962
2021-06-15 10:03:19,641.35,2627015
2021-06-15 10:03:20,641.4,2627057
2021-06-15 10:03:21,641.45,2627488
2021-06-15 10:03:22,641.4,2627718
2021-06-15 10:03:24,641.4,2627947
2021-06-15 10:03:25,641.45,2628151
2021-06-15 10:03:27,641.4,2628275
2021-06-15 10:03:27,641.4,2628275
2021-06-15 10:03:28,641.4,2628285
2021-06-15 10:03:29,641.45,2628418
2021-06-15 10:03:30,641.4,2628492
2021-06-15 10:03:31,641.4,2629109
2021-06-15 10:03:32,641.4,2629400
2021-06-15 10:03:33,641.35,2629401
2021-06-15 10:03:34,641.4,2629406
2021-06-15 10:03:35,641.35,2629447
2021-06-15 10:03:38,641.35,2629803
2021-06-15 10:03:38,641.4,2630199
2021-06-15 10:03:40,641.35,2630571
2021-06-15 10:03:41,641.35,2632505
2021-06-15 10:03:42,641.25,2633110
2021-06-15 10:03:43,641.35,2633115
2021-06-15 10:03:45,641.3,2633615
2021-06-15 10:03:46,641.25,2634759
2021-06-15 10:03:46,641.25,2634759
2021-06-15 10:03:47,641.25,2634759
2021-06-15 10:03:48,641.25,2634895
2021-06-15 10:03:49,641.35,2635086
2021-06-15 10:03:51,641.3,2635186
2021-06-15 10:03:52,641.3,2635189
2021-06-15 10:03:53,641.35,2635344
2021-06-15 10:03:54,641.35,2638942
2021-06-15 10:03:55,641.35,2639050
2021-06-15 10:03:55,641.45,2639116
2021-06-15 10:03:56,641.35,2639167
2021-06-15 10:03:57,641.5,2640465
2021-06-15 10:03:58,641.45,2640510
2021-06-15 10:03:59,641.5,2640633
2021-06-15 10:04:00,641.45,2640879
2021-06-15 10:04:01,641.45,2640889
2021-06-15 10:04:02,641.35,2641121
2021-06-15 10:04:03,641.45,2641570
2021-06-15 10:04:04,641.45,2641570
2021-06-15 10:04:05,641.45,2641595
2021-06-15 10:04:06,641.45,2641957
2021-06-15 10:04:08,641.35,2641985
2021-06-15 10:04:09,641.35,2641985
2021-06-15 10:04:09,641.35,2642010
2021-06-15 10:04:10,641.4,2642138
2021-06-15 10:04:11,641.4,2642238
2021-06-15 10:04:12,641.45,2642413
2021-06-15 10:04:13,641.45,2642462
2021-06-15 10:04:14,641.45,2642663
2021-06-15 10:04:15,641.45,2643104
2021-06-15 10:04:16,641.4,2643210
2021-06-15 10:04:17,641.4,2643212
2021-06-15 10:04:20,641.4,2643227
2021-06-15 10:04:21,641.45,2643939
2021-06-15 10:04:22,641.4,2644806
2021-06-15 10:04:23,641.35,2645383
2021-06-15 10:04:25,641.3,2645727
2021-06-15 10:04:26,641.3,2646267
2021-06-15 10:04:28,641.3,2646267
2021-06-15 10:04:29,641.35,2646604
2021-06-15 10:04:30,641.3,2646740
2021-06-15 10:04:31,641.3,2646985
2021-06-15 10:04:33,641.3,2647476
2021-06-15 10:04:34,641.3,2647836
2021-06-15 10:04:35,641.3,2648341
2021-06-15 10:04:36,641.3,2648343
2021-06-15 10:04:37,641.3,2648343
2021-06-15 10:04:37,641.4,2648853
2021-06-15 10:04:39,641.4,2650076
2021-06-15 10:04:40,641.45,2651476
2021-06-15 10:04:41,641.4,2651584
2021-06-15 10:04:42,641.3,2651614
2021-06-15 10:04:43,641.3,2651614
2021-06-15 10:04:44,641.3,2651764
2021-06-15 10:04:44,641.3,2651874
2021-06-15 10:04:45,641.3,2651974
2021-06-15 10:04:46,641.3,2651974
2021-06-15 10:04:48,641.25,2652174
2021-06-15 10:04:49,641.4,2652486
2021-06-15 10:04:50,641.4,2652490
2021-06-15 10:04:51,641.3,2652541
2021-06-15 10:04:51,641.35,2652542
2021-06-15 10:04:53,641.4,2652627
2021-06-15 10:04:54,641.35,2652777
2021-06-15 10:04:55,641.35,2652827
2021-06-15 10:04:56,641.45,2653216
2021-06-15 10:04:57,641.35,2653293
2021-06-15 10:04:58,641.35,2653293
2021-06-15 10:04:59,641.45,2653488
2021-06-15 10:05:00,641.45,2653640
2021-06-15 10:05:00,641.45,2653540
2021-06-15 10:05:01,641.25,2654056
2021-06-15 10:05:03,641.25,2654556
2021-06-15 10:05:03,641.25,2654556
2021-06-15 10:05:05,641.4,2654609
2021-06-15 10:05:06,641.4,2654739
2021-06-15 10:05:06,641.3,2654759
2021-06-15 10:05:07,641.25,2654909
2021-06-15 10:05:08,641.25,2655009
2021-06-15 10:05:10,641.25,2655212
2021-06-15 10:05:11,641.35,2655532
2021-06-15 10:05:12,641.1,2657478
2021-06-15 10:05:13,641.25,2657618
2021-06-15 10:05:14,641.25,2658385
2021-06-15 10:05:15,641.25,2658405
2021-06-15 10:05:16,641.25,2658410
2021-06-15 10:05:17,641.25,2658468
2021-06-15 10:05:18,641.25,2658474
2021-06-15 10:05:19,641.25,2658474
2021-06-15 10:05:20,641.25,2658474
2021-06-15 10:05:21,641.05,2658489
2021-06-15 10:05:22,641.25,2658614
2021-06-15 10:05:25,641.25,2659668
2021-06-15 10:05:26,641.25,2660226
2021-06-15 10:05:27,641.25,2660226
2021-06-15 10:05:28,641.15,2660287
2021-06-15 10:05:29,641.15,2660297
2021-06-15 10:05:30,641.25,2660641
2021-06-15 10:05:31,641.15,2661117
2021-06-15 10:05:32,641.15,2661223
2021-06-15 10:05:33,641.15,2661223
2021-06-15 10:05:34,641.25,2661225
2021-06-15 10:05:35,641.15,2661533
2021-06-15 10:05:36,641.1,2661927
2021-06-15 10:05:37,641.1,2661977
2021-06-15 10:05:38,641.1,2661977
2021-06-15 10:05:39,641.15,2662032
2021-06-15 10:05:40,641.15,2662032
2021-06-15 10:05:41,641.15,2662133
2021-06-15 10:05:42,641.1,2662347
2021-06-15 10:05:43,641.1,2662347
2021-06-15 10:05:43,641.1,2662349
2021-06-15 10:05:44,641.05,2662750
2021-06-15 10:05:45,641.15,2662768
2021-06-15 10:05:46,641.15,2663144
2021-06-15 10:05:48,641.1,2663305
2021-06-15 10:05:49,641.15,2663664
2021-06-15 10:05:51,641.15,2664003
2021-06-15 10:05:51,641.05,2665046
2021-06-15 10:05:53,641.05,2668460
2021-06-15 10:05:54,641.05,2668509
2021-06-15 10:05:55,641.05,2668663
2021-06-15 10:05:56,641.15,2669073
2021-06-15 10:05:57,641.05,2670528
2021-06-15 10:05:58,641.1,2670946
2021-06-15 10:06:00,641.25,2671782
2021-06-15 10:06:01,641.1,2671922
2021-06-15 10:06:02,641.1,2672135
2021-06-15 10:06:03,641.1,2672490
2021-06-15 10:06:04,641.25,2672790
2021-06-15 10:06:05,641.25,2672790
2021-06-15 10:06:06,641.1,2673493
2021-06-15 10:06:06,641.1,2673493
2021-06-15 10:06:07,641.25,2673895
2021-06-15 10:06:08,641.25,2673910
2021-06-15 10:06:09,641.05,2675100
2021-06-15 10:06:10,641.05,2675464
2021-06-15 10:06:11,641.05,2675484
2021-06-15 10:06:12,641.05,2675581
2021-06-15 10:06:13,641.05,2675586
2021-06-15 10:06:14,641.05,2675686
2021-06-15 10:06:15,641.0,2675714
2021-06-15 10:06:17,641.0,2676560
2021-06-15 10:06:18,641.0,2676590
2021-06-15 10:06:19,641.0,2676645
2021-06-15 10:06:20,641.05,2676669
2021-06-15 10:06:20,641.05,2676969
2021-06-15 10:06:21,641.05,2677432
2021-06-15 10:06:22,641.05,2677532
2021-06-15 10:06:24,641.05,2677550
2021-06-15 10:06:25,641.0,2677575
2021-06-15 10:06:27,641.0,2677782
2021-06-15 10:06:28,641.0,2678842
2021-06-15 10:06:29,641.05,2678912
2021-06-15 10:06:30,641.05,2679036
2021-06-15 10:06:32,641.05,2679572
2021-06-15 10:06:33,641.0,2679586
2021-06-15 10:06:34,641.0,2683132
2021-06-15 10:06:35,641.05,2683154
2021-06-15 10:06:35,641.0,2684589
2021-06-15 10:06:36,641.0,2684589
2021-06-15 10:06:37,641.05,2684988
2021-06-15 10:06:38,641.05,2684988
2021-06-15 10:06:40,641.0,2685300
2021-06-15 10:06:41,641.05,2685404
2021-06-15 10:06:42,641.0,2685472
2021-06-15 10:06:43,641.0,2685493
2021-06-15 10:06:44,641.05,2685531
2021-06-15 10:06:45,641.05,2686043
2021-06-15 10:06:46,641.05,2686095
2021-06-15 10:06:47,641.0,2686790
2021-06-15 10:06:48,641.0,2686819
2021-06-15 10:06:49,641.05,2687039
2021-06-15 10:06:50,641.05,2687402
2021-06-15 10:06:51,641.0,2687572
2021-06-15 10:06:52,641.0,2687710
2021-06-15 10:06:53,641.05,2687829
2021-06-15 10:06:54,641.0,2688234
2021-06-15 10:06:55,640.95,2688274
2021-06-15 10:06:56,641.0,2688311
2021-06-15 10:06:57,641.0,2688311
2021-06-15 10:06:58,641.05,2688861
2021-06-15 10:06:59,641.05,2689095
2021-06-15 10:07:00,641.05,2692184
2021-06-15 10:07:02,640.9,2692760
2021-06-15 10:07:03,640.95,2693020
2021-06-15 10:07:04,640.95,2693045
2021-06-15 10:07:05,640.95,2693145
2021-06-15 10:07:07,641.0,2693582
2021-06-15 10:07:08,640.95,2693684
2021-06-15 10:07:09,640.95,2693684
2021-06-15 10:07:10,640.95,2693684
2021-06-15 10:07:11,641.0,2693807
2021-06-15 10:07:12,640.95,2693831
2021-06-15 10:07:13,641.0,2693982
2021-06-15 10:07:14,641.0,2693982
2021-06-15 10:07:15,640.95,2694532
2021-06-15 10:07:16,640.95,2694535
2021-06-15 10:07:17,640.95,2694550
2021-06-15 10:07:18,640.9,2694570
2021-06-15 10:07:19,640.9,2694783
2021-06-15 10:07:20,640.95,2694810
2021-06-15 10:07:21,640.95,2695111
2021-06-15 10:07:22,640.95,2695111
2021-06-15 10:07:23,640.9,2695264
2021-06-15 10:07:24,640.9,2698131
2021-06-15 10:07:25,641.05,2698852
2021-06-15 10:07:26,641.0,2698862
2021-06-15 10:07:27,641.05,2698901
2021-06-15 10:07:28,641.05,2698988
2021-06-15 10:07:29,641.0,2698998
2021-06-15 10:07:30,641.0,2699382
2021-06-15 10:07:31,641.0,2699507
2021-06-15 10:07:32,641.0,2699527
2021-06-15 10:07:33,641.0,2701087
2021-06-15 10:07:34,641.05,2701437
2021-06-15 10:07:35,640.95,2701489
2021-06-15 10:07:36,641.05,2701872
2021-06-15 10:07:37,641.05,2701874
2021-06-15 10:07:38,641.05,2701874
2021-06-15 10:07:40,641.05,2703267
2021-06-15 10:07:41,641.1,2703717
2021-06-15 10:07:42,641.1,2704052
2021-06-15 10:07:43,641.2,2704082
2021-06-15 10:07:44,641.2,2704082
2021-06-15 10:07:45,641.25,2704333
2021-06-15 10:07:46,641.1,2704626
2021-06-15 10:07:47,641.25,2704631
2021-06-15 10:07:48,641.25,2704631
2021-06-15 10:07:49,641.1,2704648
2021-06-15 10:07:50,641.25,2704694
2021-06-15 10:07:51,641.2,2704858
2021-06-15 10:07:52,641.25,2705204
2021-06-15 10:07:53,641.25,2705204
2021-06-15 10:07:54,641.25,2705433
2021-06-15 10:07:55,641.25,2705433
