timestamp,ltp,volume
2021-06-15 09:15:40,1029.85,66588
2021-06-15 09:15:48,1030.0,75836
2021-06-15 09:15:49,1030.65,76912
2021-06-15 09:15:51,1030.65,78532
2021-06-15 09:15:52,1030.6,78838
2021-06-15 09:15:53,1030.75,79071
2021-06-15 09:15:54,1031.3,79182
2021-06-15 09:15:55,1030.55,80376
2021-06-15 09:15:56,1030.65,80564
2021-06-15 09:15:57,1030.75,81104
2021-06-15 09:15:58,1030.25,81202
2021-06-15 09:15:59,1030.1,81796
2021-06-15 09:16:01,1029.75,84641
2021-06-15 09:16:02,1030.0,85719
2021-06-15 09:16:03,1030.2,86131
2021-06-15 09:16:04,1029.55,87165
2021-06-15 09:16:05,1029.7,87225
2021-06-15 09:16:06,1029.75,87325
2021-06-15 09:16:07,1029.85,87428
2021-06-15 09:16:08,1030.1,88251
2021-06-15 09:16:09,1030.55,88649
2021-06-15 09:16:10,1030.25,89232
2021-06-15 09:16:11,1030.1,89328
2021-06-15 09:16:12,1030.15,89682
2021-06-15 09:16:13,1031.1,94208
2021-06-15 09:16:14,1031.5,95023
2021-06-15 09:16:15,1031.65,95776
2021-06-15 09:16:16,1031.5,97804
2021-06-15 09:16:17,1031.5,98384
2021-06-15 09:16:18,1030.9,98591
2021-06-15 09:16:19,1031.0,98951
2021-06-15 09:16:20,1031.5,99155
2021-06-15 09:16:21,1032.5,103595
2021-06-15 09:16:22,1031.7,104411
2021-06-15 09:16:23,1032.3,104624
2021-06-15 09:16:24,1032.15,105331
2021-06-15 09:16:25,1032.2,105904
2021-06-15 09:16:26,1032.2,106031
2021-06-15 09:16:29,1031.95,108019
2021-06-15 09:16:30,1031.55,108362
2021-06-15 09:16:31,1031.65,109076
2021-06-15 09:16:32,1031.4,111994
2021-06-15 09:16:33,1030.95,112127
2021-06-15 09:16:34,1031.45,112363
2021-06-15 09:16:35,1032.0,113442
2021-06-15 09:16:36,1031.2,114594
2021-06-15 09:16:37,1031.8,115397
2021-06-15 09:16:38,1031.35,115867
2021-06-15 09:16:39,1032.0,116930
2021-06-15 09:16:40,1031.35,117176
2021-06-15 09:16:41,1031.8,117384
2021-06-15 09:16:42,1032.0,117857
2021-06-15 09:16:44,1031.85,120189
2021-06-15 09:16:45,1031.8,120844
2021-06-15 09:16:45,1031.9,121094
2021-06-15 09:16:46,1032.7,123597
2021-06-15 09:16:47,1031.85,125747
2021-06-15 09:16:48,1032.45,126141
2021-06-15 09:16:49,1032.85,126277
2021-06-15 09:16:50,1032.95,126508
2021-06-15 09:16:51,1033.1,131145
2021-06-15 09:16:52,1033.15,131249
2021-06-15 09:16:53,1033.3,132868
2021-06-15 09:16:54,1033.1,133049
2021-06-15 09:16:55,1033.5,134222
2021-06-15 09:16:56,1033.2,135015
2021-06-15 09:16:57,1033.15,135070
2021-06-15 09:16:58,1033.85,135385
2021-06-15 09:17:00,1034.3,136306
2021-06-15 09:17:00,1034.55,137702
2021-06-15 09:17:01,1034.4,138639
2021-06-15 09:17:03,1035.0,141115
2021-06-15 09:17:04,1034.9,141898
2021-06-15 09:17:06,1035.25,153785
2021-06-15 09:17:07,1035.3,154753
2021-06-15 09:17:08,1034.95,158785
2021-06-15 09:17:09,1035.0,159553
2021-06-15 09:17:09,1035.65,160629
2021-06-15 09:17:10,1035.0,161095
2021-06-15 09:17:11,1035.2,161628
2021-06-15 09:17:12,1036.0,162480
2021-06-15 09:17:13,1036.0,162744
2021-06-15 09:17:14,1035.5,164016
2021-06-15 09:17:15,1036.0,164807
2021-06-15 09:17:16,1035.55,166586
2021-06-15 09:17:17,1035.9,168779
2021-06-15 09:17:18,1035.45,169621
2021-06-15 09:17:20,1035.75,170607
2021-06-15 09:17:21,1036.0,171612
2021-06-15 09:17:22,1035.6,171968
2021-06-15 09:17:22,1036.0,171983
2021-06-15 09:17:23,1035.35,172438
2021-06-15 09:17:24,1036.0,173882
2021-06-15 09:17:25,1035.45,174092
2021-06-15 09:17:26,1035.75,175583
2021-06-15 09:17:27,1035.65,179401
2021-06-15 09:17:28,1035.6,179776
2021-06-15 09:17:29,1035.0,180457
2021-06-15 09:17:30,1035.35,180779
2021-06-15 09:17:31,1034.45,189422
2021-06-15 09:17:34,1034.95,195664
2021-06-15 09:17:34,1034.95,195712
2021-06-15 09:17:35,1035.65,202969
2021-06-15 09:17:36,1036.0,203827
2021-06-15 09:17:37,1036.95,214860
2021-06-15 09:17:38,1037.8,217280
2021-06-15 09:17:39,1037.95,224437
2021-06-15 09:17:41,1038.7,227265
2021-06-15 09:17:45,1038.35,236325
2021-06-15 09:17:46,1036.95,241268
2021-06-15 09:17:48,1037.35,242786
2021-06-15 09:17:49,1036.85,243958
2021-06-15 09:17:50,1037.2,244389
2021-06-15 09:17:54,1037.0,247665
2021-06-15 09:17:54,1036.8,247915
2021-06-15 09:17:55,1036.8,248083
2021-06-15 09:17:56,1036.9,251970
2021-06-15 09:17:57,1037.0,255169
2021-06-15 09:17:58,1037.05,256589
2021-06-15 09:17:59,1036.95,256982
2021-06-15 09:18:00,1037.35,257611
2021-06-15 09:18:01,1037.35,259022
2021-06-15 09:18:02,1037.0,260140
2021-06-15 09:18:03,1037.25,262608
2021-06-15 09:18:04,1037.55,263169
2021-06-15 09:18:05,1037.45,264665
2021-06-15 09:18:06,1037.95,265663
2021-06-15 09:18:07,1037.9,266323
2021-06-15 09:18:08,1037.4,266338
2021-06-15 09:18:09,1038.0,266912
2021-06-15 09:18:10,1037.45,267598
2021-06-15 09:18:11,1037.7,267654
2021-06-15 09:18:12,1037.9,268108
2021-06-15 09:18:13,1038.55,270193
2021-06-15 09:18:14,1038.0,270746
2021-06-15 09:18:15,1038.0,271930
2021-06-15 09:18:16,1038.2,273337
2021-06-15 09:18:17,1038.5,273864
2021-06-15 09:18:18,1038.5,279228
2021-06-15 09:18:19,1037.9,281233
2021-06-15 09:18:20,1037.55,282271
2021-06-15 09:18:22,1037.5,284678
2021-06-15 09:18:24,1037.45,286219
2021-06-15 09:18:25,1037.25,286619
2021-06-15 09:18:25,1037.0,286948
2021-06-15 09:18:26,1037.0,289760
2021-06-15 09:18:27,1036.85,291120
2021-06-15 09:18:29,1036.8,292984
2021-06-15 09:18:30,1036.3,293738
2021-06-15 09:18:31,1036.15,296923
2021-06-15 09:18:31,1035.8,297133
2021-06-15 09:18:32,1035.8,297435
2021-06-15 09:18:33,1035.55,298005
2021-06-15 09:18:34,1036.0,303009
2021-06-15 09:18:35,1035.8,304431
2021-06-15 09:18:36,1036.35,306126
2021-06-15 09:18:37,1035.7,307329
2021-06-15 09:18:38,1035.7,308024
2021-06-15 09:18:40,1035.75,309367
2021-06-15 09:18:41,1036.0,312651
2021-06-15 09:18:42,1035.65,313231
2021-06-15 09:18:42,1035.75,313387
2021-06-15 09:18:43,1035.6,313675
2021-06-15 09:18:44,1035.25,314126
2021-06-15 09:18:46,1035.05,315367
2021-06-15 09:18:47,1035.7,319550
2021-06-15 09:18:47,1035.1,319655
2021-06-15 09:18:48,1035.1,320002
2021-06-15 09:18:49,1034.95,320871
2021-06-15 09:18:51,1034.65,325366
2021-06-15 09:18:52,1034.6,325751
2021-06-15 09:18:53,1035.0,326756
2021-06-15 09:18:54,1034.6,327124
2021-06-15 09:18:54,1034.5,327248
2021-06-15 09:18:55,1034.6,327839
2021-06-15 09:18:57,1035.1,329062
2021-06-15 09:18:58,1035.6,332092
2021-06-15 09:18:58,1035.1,332097
2021-06-15 09:18:59,1035.15,332333
2021-06-15 09:19:00,1035.15,332913
2021-06-15 09:19:01,1035.65,333783
2021-06-15 09:19:02,1035.2,334301
2021-06-15 09:19:03,1035.2,334528
2021-06-15 09:19:04,1035.45,335402
2021-06-15 09:19:05,1035.9,336125
2021-06-15 09:19:06,1036.95,338136
2021-06-15 09:19:07,1036.95,338375
2021-06-15 09:19:09,1036.9,339250
2021-06-15 09:19:10,1036.7,339748
2021-06-15 09:19:12,1036.1,340123
2021-06-15 09:19:13,1036.5,340470
2021-06-15 09:19:14,1036.6,341123
2021-06-15 09:19:15,1036.6,341556
2021-06-15 09:19:16,1036.0,341826
2021-06-15 09:19:17,1036.0,341896
2021-06-15 09:19:17,1036.0,342025
2021-06-15 09:19:18,1037.0,342788
2021-06-15 09:19:19,1036.45,343107
2021-06-15 09:19:20,1036.4,343337
2021-06-15 09:19:23,1036.5,344110
2021-06-15 09:19:23,1036.75,344120
2021-06-15 09:19:24,1036.4,345682
2021-06-15 09:19:25,1037.15,353150
2021-06-15 09:19:26,1036.95,354087
2021-06-15 09:19:27,1037.4,354620
2021-06-15 09:19:28,1037.3,355432
2021-06-15 09:19:32,1037.15,358724
2021-06-15 09:19:32,1037.2,358734
2021-06-15 09:19:33,1037.35,358935
2021-06-15 09:19:34,1037.45,360780
2021-06-15 09:19:35,1037.55,361044
2021-06-15 09:19:36,1037.4,361783
2021-06-15 09:19:37,1037.9,362386
2021-06-15 09:19:38,1037.5,362784
2021-06-15 09:19:39,1038.0,364817
2021-06-15 09:19:40,1037.9,369408
2021-06-15 09:19:43,1037.9,374372
2021-06-15 09:19:44,1037.9,375476
2021-06-15 09:19:45,1037.9,376707
2021-06-15 09:19:46,1037.8,377990
2021-06-15 09:19:46,1037.8,377990
2021-06-15 09:19:47,1038.3,382745
2021-06-15 09:19:48,1038.8,386783
2021-06-15 09:19:49,1038.95,393429
2021-06-15 09:19:50,1038.95,394402
2021-06-15 09:19:52,1038.45,396366
2021-06-15 09:19:53,1039.0,406003
2021-06-15 09:19:54,1039.35,410818
2021-06-15 09:19:55,1039.0,411010
2021-06-15 09:19:55,1039.4,411419
2021-06-15 09:19:56,1038.95,412124
2021-06-15 09:19:57,1038.9,412408
2021-06-15 09:19:59,1038.5,413007
2021-06-15 09:20:00,1039.5,413960
2021-06-15 09:20:01,1038.8,415674
2021-06-15 09:20:02,1039.2,416315
2021-06-15 09:20:02,1039.2,416315
2021-06-15 09:20:03,1039.2,417074
2021-06-15 09:20:04,1039.5,417651
2021-06-15 09:20:05,1038.95,418215
2021-06-15 09:20:06,1039.5,421560
2021-06-15 09:20:08,1039.25,432378
2021-06-15 09:20:09,1040.0,455079
2021-06-15 09:20:10,1040.85,497147
2021-06-15 09:20:11,1040.55,501309
2021-06-15 09:20:11,1040.95,502169
2021-06-15 09:20:12,1041.15,504265
2021-06-15 09:20:13,1041.25,505277
2021-06-15 09:20:14,1041.2,507462
2021-06-15 09:20:15,1041.1,509380
2021-06-15 09:20:16,1041.2,510936
2021-06-15 09:20:17,1042.0,513364
2021-06-15 09:20:19,1042.2,518309
2021-06-15 09:20:20,1042.2,520737
2021-06-15 09:20:21,1042.9,523364
2021-06-15 09:20:22,1042.8,524365
2021-06-15 09:20:23,1042.6,527268
2021-06-15 09:20:24,1042.6,531446
2021-06-15 09:20:25,1041.45,534036
2021-06-15 09:20:26,1042.15,535475
2021-06-15 09:20:27,1041.95,537546
2021-06-15 09:20:28,1042.0,538083
2021-06-15 09:20:30,1042.25,539277
2021-06-15 09:20:31,1042.15,543074
2021-06-15 09:20:32,1042.3,545703
2021-06-15 09:20:33,1043.25,553055
2021-06-15 09:20:33,1043.2,553186
2021-06-15 09:20:34,1043.6,555842
2021-06-15 09:20:35,1043.25,556988
2021-06-15 09:20:37,1042.75,559755
2021-06-15 09:20:38,1043.25,561257
2021-06-15 09:20:39,1043.65,563399
2021-06-15 09:20:40,1043.8,565593
2021-06-15 09:20:41,1043.1,568506
2021-06-15 09:20:42,1043.85,570624
2021-06-15 09:20:42,1043.45,570952
2021-06-15 09:20:43,1044.0,575021
2021-06-15 09:20:44,1043.55,577023
2021-06-15 09:20:45,1043.6,581690
2021-06-15 09:20:48,1043.25,583181
2021-06-15 09:20:50,1043.7,585347
2021-06-15 09:20:51,1043.4,586192
2021-06-15 09:20:51,1043.35,587558
2021-06-15 09:20:53,1043.75,590455
2021-06-15 09:20:54,1043.45,595179
2021-06-15 09:20:55,1043.95,618667
2021-06-15 09:20:56,1043.9,621940
2021-06-15 09:20:57,1043.9,622923
2021-06-15 09:20:57,1043.75,622928
2021-06-15 09:20:58,1044.5,632126
2021-06-15 09:20:59,1044.1,634082
2021-06-15 09:21:01,1044.25,637249
2021-06-15 09:21:02,1044.0,644043
2021-06-15 09:21:03,1044.0,644835
2021-06-15 09:21:04,1044.0,647230
2021-06-15 09:21:05,1043.65,649399
2021-06-15 09:21:06,1043.75,650878
2021-06-15 09:21:07,1043.95,651615
2021-06-15 09:21:08,1043.9,654941
2021-06-15 09:21:08,1043.9,655967
2021-06-15 09:21:09,1043.9,657146
2021-06-15 09:21:10,1043.85,658161
2021-06-15 09:21:11,1044.0,659443
2021-06-15 09:21:13,1044.0,661021
2021-06-15 09:21:14,1043.55,664370
2021-06-15 09:21:15,1043.5,666361
2021-06-15 09:21:16,1043.35,668469
2021-06-15 09:21:17,1043.8,669064
2021-06-15 09:21:17,1043.8,669481
2021-06-15 09:21:20,1043.25,671639
2021-06-15 09:21:21,1043.35,672703
2021-06-15 09:21:24,1043.0,676636
2021-06-15 09:21:25,1042.8,677373
2021-06-15 09:21:26,1042.5,680763
2021-06-15 09:21:27,1042.55,682578
2021-06-15 09:21:27,1042.5,682579
2021-06-15 09:21:28,1042.15,684580
2021-06-15 09:21:29,1042.7,685157
2021-06-15 09:21:30,1042.7,686581
2021-06-15 09:21:32,1042.6,688188
2021-06-15 09:21:33,1042.6,688635
2021-06-15 09:21:34,1042.8,691653
2021-06-15 09:21:35,1042.3,694014
2021-06-15 09:21:35,1042.05,694534
2021-06-15 09:21:36,1042.15,695293
2021-06-15 09:21:37,1042.4,703111
2021-06-15 09:21:38,1042.85,703680
2021-06-15 09:21:39,1042.8,703916
2021-06-15 09:21:40,1042.9,704565
2021-06-15 09:21:41,1042.45,705538
2021-06-15 09:21:43,1043.0,706847
2021-06-15 09:21:44,1042.9,707691
2021-06-15 09:21:45,1042.35,708281
2021-06-15 09:21:46,1042.85,711091
2021-06-15 09:21:47,1043.65,715084
2021-06-15 09:21:48,1043.15,717381
2021-06-15 09:21:48,1043.75,717606
2021-06-15 09:21:49,1043.65,731252
2021-06-15 09:21:50,1043.1,732819
2021-06-15 09:21:51,1043.25,733903
2021-06-15 09:21:52,1043.65,735264
2021-06-15 09:21:53,1043.65,735596
2021-06-15 09:21:54,1043.65,736308
2021-06-15 09:21:56,1043.2,738904
2021-06-15 09:21:57,1043.2,740445
2021-06-15 09:21:58,1043.2,740966
2021-06-15 09:21:59,1043.0,741411
2021-06-15 09:22:00,1043.3,744237
2021-06-15 09:22:01,1043.3,745076
2021-06-15 09:22:01,1043.55,744926
2021-06-15 09:22:02,1043.2,747106
2021-06-15 09:22:03,1043.45,748014
2021-06-15 09:22:04,1043.5,751017
2021-06-15 09:22:05,1043.15,752926
2021-06-15 09:22:07,1042.7,754418
2021-06-15 09:22:08,1042.8,754759
2021-06-15 09:22:09,1042.75,755707
2021-06-15 09:22:09,1043.35,756635
2021-06-15 09:22:11,1042.1,759543
2021-06-15 09:22:12,1043.0,761491
2021-06-15 09:22:14,1042.4,762335
2021-06-15 09:22:15,1043.15,763662
2021-06-15 09:22:16,1042.6,765941
2021-06-15 09:22:17,1042.9,767933
2021-06-15 09:22:18,1042.95,769108
2021-06-15 09:22:19,1042.95,769492
2021-06-15 09:22:20,1042.65,771404
2021-06-15 09:22:21,1042.2,771495
2021-06-15 09:22:23,1042.75,772611
2021-06-15 09:22:24,1042.8,774051
2021-06-15 09:22:25,1042.8,775306
2021-06-15 09:22:25,1042.75,775841
2021-06-15 09:22:26,1042.3,776128
2021-06-15 09:22:28,1042.5,777095
2021-06-15 09:22:29,1042.35,777636
2021-06-15 09:22:30,1042.7,778370
2021-06-15 09:22:31,1042.8,779777
2021-06-15 09:22:32,1042.8,781050
2021-06-15 09:22:32,1042.4,781297
2021-06-15 09:22:34,1042.45,782481
2021-06-15 09:22:35,1042.45,784433
2021-06-15 09:22:36,1042.75,785971
2021-06-15 09:22:37,1042.45,786473
2021-06-15 09:22:38,1042.5,787642
2021-06-15 09:22:39,1042.55,790192
2021-06-15 09:22:40,1042.5,790437
2021-06-15 09:22:41,1042.5,792030
2021-06-15 09:22:42,1042.4,792512
2021-06-15 09:22:44,1042.35,793449
2021-06-15 09:22:45,1042.45,795766
2021-06-15 09:22:46,1042.45,796572
2021-06-15 09:22:47,1042.25,798272
2021-06-15 09:22:48,1042.6,799820
2021-06-15 09:22:49,1042.65,802518
2021-06-15 09:22:49,1042.3,802577
2021-06-15 09:22:50,1042.5,802767
2021-06-15 09:22:51,1042.1,802923
2021-06-15 09:22:52,1042.15,804652
2021-06-15 09:22:53,1042.9,805526
2021-06-15 09:22:56,1042.6,806791
2021-06-15 09:22:57,1042.65,807628
2021-06-15 09:22:58,1042.2,812289
2021-06-15 09:22:59,1042.3,813051
2021-06-15 09:23:01,1042.4,814393
2021-06-15 09:23:02,1042.2,815430
2021-06-15 09:23:03,1042.15,815634
2021-06-15 09:23:04,1042.25,816084
2021-06-15 09:23:05,1042.2,816811
2021-06-15 09:23:06,1043.0,819575
2021-06-15 09:23:07,1042.95,819990
2021-06-15 09:23:08,1042.55,821126
2021-06-15 09:23:09,1043.15,821780
2021-06-15 09:23:10,1043.15,821900
2021-06-15 09:23:11,1043.15,822777
2021-06-15 09:23:12,1043.3,823730
2021-06-15 09:23:13,1043.05,825037
2021-06-15 09:23:14,1043.4,825946
2021-06-15 09:23:14,1043.0,826281
2021-06-15 09:23:16,1043.35,826517
2021-06-15 09:23:17,1043.35,826936
2021-06-15 09:23:18,1043.55,828109
2021-06-15 09:23:19,1043.65,830075
2021-06-15 09:23:20,1043.55,831132
2021-06-15 09:23:21,1043.3,832710
2021-06-15 09:23:22,1043.45,833653
2021-06-15 09:23:23,1042.9,834605
2021-06-15 09:23:24,1043.0,835163
2021-06-15 09:23:25,1043.0,835412
2021-06-15 09:23:27,1043.0,836058
2021-06-15 09:23:28,1043.1,838026
2021-06-15 09:23:29,1043.35,838875
2021-06-15 09:23:30,1043.65,842793
2021-06-15 09:23:31,1043.65,853264
2021-06-15 09:23:32,1044.0,853756
2021-06-15 09:23:33,1043.85,855036
2021-06-15 09:23:34,1043.4,856576
2021-06-15 09:23:35,1043.65,856765
2021-06-15 09:23:36,1043.65,857908
2021-06-15 09:23:37,1043.6,858019
2021-06-15 09:23:38,1043.65,859258
2021-06-15 09:23:39,1044.0,860161
2021-06-15 09:23:40,1044.1,860708
2021-06-15 09:23:41,1044.15,861576
2021-06-15 09:23:42,1044.1,864268
2021-06-15 09:23:43,1044.0,864995
2021-06-15 09:23:44,1043.7,865097
2021-06-15 09:23:45,1043.85,865759
2021-06-15 09:23:46,1043.85,866809
2021-06-15 09:23:48,1044.1,867303
2021-06-15 09:23:49,1044.0,867989
2021-06-15 09:23:50,1044.1,868440
2021-06-15 09:23:51,1043.85,869031
2021-06-15 09:23:52,1044.0,869391
2021-06-15 09:23:52,1044.2,869641
2021-06-15 09:23:54,1044.05,870493
2021-06-15 09:23:55,1044.15,877448
2021-06-15 09:23:57,1044.25,879513
2021-06-15 09:23:58,1043.95,880709
2021-06-15 09:23:59,1044.2,881998
2021-06-15 09:24:00,1043.95,883574
2021-06-15 09:24:01,1044.25,884455
2021-06-15 09:24:02,1044.05,885193
2021-06-15 09:24:03,1044.6,906109
2021-06-15 09:24:04,1044.4,907464
2021-06-15 09:24:05,1044.4,909100
2021-06-15 09:24:06,1044.65,909571
2021-06-15 09:24:07,1044.6,909961
2021-06-15 09:24:08,1045.6,956793
2021-06-15 09:24:09,1045.6,958533
2021-06-15 09:24:10,1045.2,959393
2021-06-15 09:24:11,1045.8,960265
2021-06-15 09:24:12,1045.95,964761
2021-06-15 09:24:14,1045.95,970243
2021-06-15 09:24:15,1046.45,971134
2021-06-15 09:24:16,1046.15,973849
2021-06-15 09:24:16,1046.15,974353
2021-06-15 09:24:17,1046.15,974676
2021-06-15 09:24:18,1046.05,975515
2021-06-15 09:24:19,1046.75,978339
2021-06-15 09:24:20,1046.0,980779
2021-06-15 09:24:21,1046.0,981356
2021-06-15 09:24:22,1045.55,982555
2021-06-15 09:24:23,1045.7,983804
2021-06-15 09:24:24,1045.6,984040
2021-06-15 09:24:26,1045.9,984957
2021-06-15 09:24:27,1045.9,985699
2021-06-15 09:24:28,1045.9,985938
2021-06-15 09:24:29,1045.4,987067
2021-06-15 09:24:30,1045.85,988498
2021-06-15 09:24:31,1045.95,989271
2021-06-15 09:24:31,1045.95,989411
2021-06-15 09:24:32,1045.9,990061
2021-06-15 09:24:33,1046.0,990876
2021-06-15 09:24:34,1045.85,991594
2021-06-15 09:24:35,1045.65,991976
2021-06-15 09:24:36,1046.0,992578
2021-06-15 09:24:37,1045.5,993918
2021-06-15 09:24:39,1045.5,995426
2021-06-15 09:24:40,1045.0,996878
2021-06-15 09:24:41,1044.75,999685
2021-06-15 09:24:42,1044.0,1000447
2021-06-15 09:24:43,1044.35,1002023
2021-06-15 09:24:44,1044.35,1002958
2021-06-15 09:24:45,1044.3,1003667
2021-06-15 09:24:46,1044.8,1004570
2021-06-15 09:24:47,1044.75,1005879
2021-06-15 09:24:48,1044.8,1005916
2021-06-15 09:24:49,1044.75,1006500
2021-06-15 09:24:50,1044.35,1007181
2021-06-15 09:24:51,1044.8,1007433
2021-06-15 09:24:52,1044.3,1007970
2021-06-15 09:24:53,1044.3,1008380
2021-06-15 09:24:55,1044.65,1009494
2021-06-15 09:24:54,1044.65,1009494
2021-06-15 09:24:56,1043.9,1013418
2021-06-15 09:24:57,1044.1,1013829
2021-06-15 09:24:58,1044.0,1015185
2021-06-15 09:24:59,1044.0,1015221
2021-06-15 09:25:00,1043.65,1019404
2021-06-15 09:25:01,1044.0,1019707
2021-06-15 09:25:02,1043.75,1021263
2021-06-15 09:25:03,1044.0,1021369
2021-06-15 09:25:04,1044.5,1027027
2021-06-15 09:25:05,1044.35,1028949
2021-06-15 09:25:06,1044.8,1029764
2021-06-15 09:25:07,1044.1,1030054
2021-06-15 09:25:08,1044.55,1032000
2021-06-15 09:25:09,1044.4,1032140
2021-06-15 09:25:10,1044.4,1032682
2021-06-15 09:25:11,1044.3,1033652
2021-06-15 09:25:12,1044.15,1033967
2021-06-15 09:25:13,1044.0,1034325
2021-06-15 09:25:14,1044.4,1036022
2021-06-15 09:25:15,1044.65,1036822
2021-06-15 09:25:16,1044.85,1037417
2021-06-15 09:25:17,1044.3,1038507
2021-06-15 09:25:18,1044.05,1038911
2021-06-15 09:25:19,1044.2,1039406
2021-06-15 09:25:20,1044.25,1043813
2021-06-15 09:25:21,1044.0,1045270
2021-06-15 09:25:22,1044.0,1045770
2021-06-15 09:25:23,1044.7,1050990
2021-06-15 09:25:24,1044.15,1052267
2021-06-15 09:25:25,1044.05,1053540
2021-06-15 09:25:26,1044.05,1054557
2021-06-15 09:25:27,1043.6,1057927
2021-06-15 09:25:28,1043.05,1058407
2021-06-15 09:25:29,1043.05,1058582
2021-06-15 09:25:30,1043.55,1058794
2021-06-15 09:25:31,1043.3,1061070
2021-06-15 09:25:32,1043.85,1061610
2021-06-15 09:25:33,1043.25,1061878
2021-06-15 09:25:34,1043.2,1063023
2021-06-15 09:25:36,1043.75,1065554
2021-06-15 09:25:40,1043.3,1068253
2021-06-15 09:25:41,1043.1,1069343
2021-06-15 09:25:42,1043.3,1070320
2021-06-15 09:25:44,1043.2,1072328
2021-06-15 09:25:45,1043.05,1073268
2021-06-15 09:25:46,1043.45,1075266
2021-06-15 09:25:47,1043.35,1075426
2021-06-15 09:25:48,1043.0,1075914
2021-06-15 09:25:49,1043.2,1076083
2021-06-15 09:25:50,1043.0,1076536
2021-06-15 09:25:52,1043.0,1077788
2021-06-15 09:25:51,1043.0,1077788
2021-06-15 09:25:53,1043.2,1078203
2021-06-15 09:25:54,1043.0,1078889
2021-06-15 09:25:55,1043.0,1079378
2021-06-15 09:25:56,1043.0,1079922
2021-06-15 09:25:57,1043.2,1079952
2021-06-15 09:25:58,1043.0,1080097
2021-06-15 09:26:00,1043.2,1080891
2021-06-15 09:26:01,1043.1,1081173
2021-06-15 09:26:02,1042.35,1082393
2021-06-15 09:26:03,1042.3,1082714
2021-06-15 09:26:04,1042.3,1082714
2021-06-15 09:26:05,1043.2,1085262
2021-06-15 09:26:06,1043.2,1085262
2021-06-15 09:26:07,1042.5,1085943
2021-06-15 09:26:08,1043.2,1086223
2021-06-15 09:26:09,1043.0,1087179
2021-06-15 09:26:10,1042.95,1087591
2021-06-15 09:26:11,1042.95,1087620
2021-06-15 09:26:12,1043.35,1088121
2021-06-15 09:26:13,1043.15,1088295
2021-06-15 09:26:14,1043.2,1089287
2021-06-15 09:26:15,1043.15,1089589
2021-06-15 09:26:16,1043.95,1091190
2021-06-15 09:26:17,1043.5,1093215
2021-06-15 09:26:18,1044.5,1095637
2021-06-15 09:26:20,1044.5,1096462
2021-06-15 09:26:21,1044.6,1097476
2021-06-15 09:26:22,1044.3,1099256
2021-06-15 09:26:23,1044.65,1099915
2021-06-15 09:26:24,1044.25,1100189
2021-06-15 09:26:25,1044.3,1101194
2021-06-15 09:26:26,1044.5,1101401
2021-06-15 09:26:28,1045.0,1110874
2021-06-15 09:26:29,1044.6,1116784
2021-06-15 09:26:30,1044.35,1119955
2021-06-15 09:26:31,1044.4,1120084
2021-06-15 09:26:32,1044.15,1120542
2021-06-15 09:26:33,1044.15,1121064
2021-06-15 09:26:34,1044.2,1121720
2021-06-15 09:26:35,1044.5,1122035
2021-06-15 09:26:36,1044.75,1122623
2021-06-15 09:26:37,1044.85,1122894
2021-06-15 09:26:38,1044.45,1123222
2021-06-15 09:26:39,1044.5,1123795
2021-06-15 09:26:40,1044.5,1123890
2021-06-15 09:26:41,1044.15,1125735
2021-06-15 09:26:42,1044.65,1126838
2021-06-15 09:26:43,1044.5,1127258
2021-06-15 09:26:44,1044.35,1129014
2021-06-15 09:26:45,1044.35,1129445
2021-06-15 09:26:46,1044.25,1129814
2021-06-15 09:26:47,1044.2,1129974
2021-06-15 09:26:48,1044.2,1131696
2021-06-15 09:26:49,1044.2,1135086
2021-06-15 09:26:50,1043.55,1135644
2021-06-15 09:26:51,1043.95,1136125
2021-06-15 09:26:52,1043.35,1136588
2021-06-15 09:26:53,1043.95,1137132
2021-06-15 09:26:54,1043.45,1137363
2021-06-15 09:26:55,1043.95,1138035
2021-06-15 09:26:56,1043.7,1138384
2021-06-15 09:26:57,1044.0,1138554
2021-06-15 09:26:58,1044.7,1142719
2021-06-15 09:26:59,1044.7,1143248
2021-06-15 09:27:00,1044.55,1143343
2021-06-15 09:27:01,1044.85,1143471
2021-06-15 09:27:02,1044.65,1143728
2021-06-15 09:27:03,1044.85,1145530
2021-06-15 09:27:04,1044.55,1145616
2021-06-15 09:27:05,1045.0,1147001
2021-06-15 09:27:07,1044.55,1149847
2021-06-15 09:27:07,1044.55,1149847
2021-06-15 09:27:08,1044.45,1150523
2021-06-15 09:27:09,1044.5,1152406
2021-06-15 09:27:10,1044.75,1153327
2021-06-15 09:27:11,1045.2,1154694
2021-06-15 09:27:12,1045.55,1157638
2021-06-15 09:27:13,1045.5,1158383
2021-06-15 09:27:14,1045.5,1159554
2021-06-15 09:27:15,1045.3,1159785
2021-06-15 09:27:16,1045.75,1161421
2021-06-15 09:27:17,1045.5,1161713
2021-06-15 09:27:18,1045.8,1162333
2021-06-15 09:27:19,1046.0,1163571
2021-06-15 09:27:20,1046.0,1164055
2021-06-15 09:27:21,1046.0,1164428
2021-06-15 09:27:22,1046.0,1165000
2021-06-15 09:27:23,1045.8,1169757
2021-06-15 09:27:24,1045.55,1171314
2021-06-15 09:27:26,1045.5,1171914
2021-06-15 09:27:26,1045.5,1171944
2021-06-15 09:27:27,1046.15,1174077
2021-06-15 09:27:28,1046.0,1174480
2021-06-15 09:27:29,1046.2,1175977
2021-06-15 09:27:31,1045.7,1176938
2021-06-15 09:27:32,1045.95,1177277
2021-06-15 09:27:33,1046.0,1178583
2021-06-15 09:27:33,1046.0,1178583
2021-06-15 09:27:34,1046.0,1180089
2021-06-15 09:27:35,1045.95,1180472
2021-06-15 09:27:36,1046.0,1181646
2021-06-15 09:27:37,1046.4,1183000
2021-06-15 09:27:38,1045.85,1183528
2021-06-15 09:27:39,1046.3,1186564
2021-06-15 09:27:40,1046.3,1188202
2021-06-15 09:27:41,1045.75,1188688
2021-06-15 09:27:42,1046.0,1189225
2021-06-15 09:27:43,1045.75,1189926
2021-06-15 09:27:44,1046.25,1190504
2021-06-15 09:27:45,1046.25,1190652
2021-06-15 09:27:46,1045.8,1192093
2021-06-15 09:27:47,1046.0,1192452
2021-06-15 09:27:48,1046.0,1192739
2021-06-15 09:27:49,1046.2,1193408
2021-06-15 09:27:50,1045.5,1194866
2021-06-15 09:27:51,1046.0,1194926
2021-06-15 09:27:53,1046.0,1195805
2021-06-15 09:27:54,1045.55,1196603
2021-06-15 09:27:55,1045.5,1196659
2021-06-15 09:27:56,1045.9,1196985
2021-06-15 09:27:57,1045.5,1197113
2021-06-15 09:27:58,1045.5,1198175
2021-06-15 09:27:59,1045.95,1198398
2021-06-15 09:28:00,1045.5,1198840
2021-06-15 09:28:02,1045.2,1199836
2021-06-15 09:28:03,1045.4,1200070
2021-06-15 09:28:04,1045.8,1201220
2021-06-15 09:28:04,1045.15,1201230
2021-06-15 09:28:05,1045.35,1201793
2021-06-15 09:28:06,1045.45,1201850
2021-06-15 09:28:07,1045.1,1202065
2021-06-15 09:28:08,1045.4,1202191
2021-06-15 09:28:09,1045.35,1202637
2021-06-15 09:28:10,1045.3,1203967
2021-06-15 09:28:11,1045.75,1204099
2021-06-15 09:28:12,1045.45,1204245
2021-06-15 09:28:13,1045.75,1204799
2021-06-15 09:28:14,1045.8,1205436
2021-06-15 09:28:15,1045.8,1206165
2021-06-15 09:28:16,1045.35,1206271
2021-06-15 09:28:17,1045.75,1207196
2021-06-15 09:28:18,1045.35,1207682
2021-06-15 09:28:19,1045.25,1209822
2021-06-15 09:28:20,1045.15,1210034
2021-06-15 09:28:21,1045.5,1210248
2021-06-15 09:28:23,1045.5,1211429
2021-06-15 09:28:24,1045.4,1214285
2021-06-15 09:28:25,1045.3,1214460
2021-06-15 09:28:26,1045.3,1215874
2021-06-15 09:28:27,1045.25,1216595
2021-06-15 09:28:29,1045.75,1217334
2021-06-15 09:28:30,1045.7,1217671
2021-06-15 09:28:31,1045.9,1217815
2021-06-15 09:28:32,1045.9,1217882
2021-06-15 09:28:33,1045.45,1219171
2021-06-15 09:28:34,1046.0,1219443
2021-06-15 09:28:35,1045.55,1220208
2021-06-15 09:28:36,1046.0,1221243
2021-06-15 09:28:37,1045.35,1222161
2021-06-15 09:28:38,1045.5,1222406
2021-06-15 09:28:39,1045.35,1222533
2021-06-15 09:28:40,1045.85,1223492
2021-06-15 09:28:41,1045.5,1223688
2021-06-15 09:28:42,1045.3,1223887
2021-06-15 09:28:43,1045.8,1224067
2021-06-15 09:28:44,1045.3,1224419
2021-06-15 09:28:45,1045.75,1225278
2021-06-15 09:28:46,1045.6,1225445
2021-06-15 09:28:47,1045.15,1225461
2021-06-15 09:28:48,1045.6,1225695
2021-06-15 09:28:49,1045.15,1225706
2021-06-15 09:28:50,1045.15,1225766
2021-06-15 09:28:52,1045.55,1226228
2021-06-15 09:28:53,1045.4,1226494
2021-06-15 09:28:54,1045.25,1226986
2021-06-15 09:28:55,1045.05,1227397
2021-06-15 09:28:56,1045.15,1227648
2021-06-15 09:28:57,1045.05,1228938
2021-06-15 09:28:58,1045.35,1229654
2021-06-15 09:28:59,1045.05,1230176
2021-06-15 09:29:00,1045.05,1230390
2021-06-15 09:29:01,1045.05,1230972
2021-06-15 09:29:02,1045.25,1231339
2021-06-15 09:29:03,1045.4,1232152
2021-06-15 09:29:04,1045.35,1232665
2021-06-15 09:29:05,1045.2,1232885
2021-06-15 09:29:06,1045.05,1233830
2021-06-15 09:29:07,1045.25,1234243
2021-06-15 09:29:07,1045.25,1234243
2021-06-15 09:29:08,1045.05,1234374
2021-06-15 09:29:09,1045.45,1237896
2021-06-15 09:29:10,1045.05,1243920
2021-06-15 09:29:11,1044.85,1246966
2021-06-15 09:29:12,1045.2,1247414
2021-06-15 09:29:13,1045.35,1247841
2021-06-15 09:29:14,1045.15,1249907
2021-06-15 09:29:15,1045.4,1251002
2021-06-15 09:29:16,1044.8,1251231
2021-06-15 09:29:17,1044.55,1251444
2021-06-15 09:29:18,1044.55,1251860
2021-06-15 09:29:19,1045.0,1254258
2021-06-15 09:29:20,1045.0,1254566
2021-06-15 09:29:21,1044.55,1255024
2021-06-15 09:29:22,1044.9,1255222
2021-06-15 09:29:23,1044.9,1255416
2021-06-15 09:29:24,1044.5,1255490
2021-06-15 09:29:25,1044.4,1255703
2021-06-15 09:29:26,1044.8,1256768
2021-06-15 09:29:27,1044.2,1257514
2021-06-15 09:29:28,1044.95,1258141
2021-06-15 09:29:29,1044.85,1258888
2021-06-15 09:29:30,1044.5,1259665
2021-06-15 09:29:31,1044.95,1259747
2021-06-15 09:29:32,1044.6,1260864
2021-06-15 09:29:33,1044.9,1261035
2021-06-15 09:29:34,1045.0,1261204
2021-06-15 09:29:35,1045.0,1261973
2021-06-15 09:29:36,1044.6,1262134
2021-06-15 09:29:37,1044.55,1262736
2021-06-15 09:29:38,1044.9,1263204
2021-06-15 09:29:39,1044.85,1264111
2021-06-15 09:29:40,1044.6,1264375
2021-06-15 09:29:41,1044.35,1264405
2021-06-15 09:29:42,1044.85,1264422
2021-06-15 09:29:43,1044.3,1266445
2021-06-15 09:29:44,1044.85,1267791
2021-06-15 09:29:45,1044.85,1268161
2021-06-15 09:29:46,1044.2,1268927
2021-06-15 09:29:47,1044.7,1269042
2021-06-15 09:29:48,1044.0,1269794
2021-06-15 09:29:49,1044.0,1270128
2021-06-15 09:29:50,1044.45,1270823
2021-06-15 09:29:51,1044.15,1271144
2021-06-15 09:29:52,1044.65,1272534
2021-06-15 09:29:53,1044.2,1272947
2021-06-15 09:29:55,1044.75,1273009
2021-06-15 09:29:55,1044.75,1273290
2021-06-15 09:29:56,1044.7,1273312
2021-06-15 09:29:57,1044.2,1273831
2021-06-15 09:29:58,1044.2,1274186
2021-06-15 09:30:02,1043.95,1281416
2021-06-15 09:30:04,1043.45,1284621
2021-06-15 09:30:05,1043.15,1284926
2021-06-15 09:30:06,1043.15,1285369
2021-06-15 09:30:07,1043.1,1287690
2021-06-15 09:30:08,1043.5,1295071
2021-06-15 09:30:09,1043.45,1295500
2021-06-15 09:30:10,1043.0,1295687
2021-06-15 09:30:11,1043.5,1296079
2021-06-15 09:30:12,1043.0,1296995
2021-06-15 09:30:13,1043.6,1297593
2021-06-15 09:30:14,1043.2,1297887
2021-06-15 09:30:15,1043.0,1298952
2021-06-15 09:30:16,1043.05,1299680
2021-06-15 09:30:17,1043.3,1300759
2021-06-15 09:30:18,1043.0,1302984
2021-06-15 09:30:19,1043.0,1303260
2021-06-15 09:30:21,1043.3,1304954
2021-06-15 09:30:22,1043.0,1305948
2021-06-15 09:30:23,1043.0,1306716
2021-06-15 09:30:25,1043.0,1308393
2021-06-15 09:30:26,1043.1,1309186
2021-06-15 09:30:27,1042.8,1310193
2021-06-15 09:30:28,1042.85,1311344
2021-06-15 09:30:29,1042.75,1312214
2021-06-15 09:30:30,1043.0,1312745
2021-06-15 09:30:31,1043.2,1312809
2021-06-15 09:30:33,1043.0,1313157
2021-06-15 09:30:34,1042.9,1313326
2021-06-15 09:30:35,1043.3,1314737
2021-06-15 09:30:36,1043.3,1315163
2021-06-15 09:30:37,1043.0,1315213
2021-06-15 09:30:38,1043.2,1315380
2021-06-15 09:30:39,1043.3,1315813
2021-06-15 09:30:40,1043.0,1315963
2021-06-15 09:30:41,1043.2,1316216
2021-06-15 09:30:41,1043.0,1316636
2021-06-15 09:30:42,1043.0,1317421
2021-06-15 09:30:43,1043.25,1317697
2021-06-15 09:30:44,1043.35,1318099
2021-06-15 09:30:45,1042.9,1318492
2021-06-15 09:30:46,1042.85,1318575
2021-06-15 09:30:47,1042.85,1319110
2021-06-15 09:30:48,1042.85,1319195
2021-06-15 09:30:49,1043.0,1319696
2021-06-15 09:30:50,1042.85,1320277
2021-06-15 09:30:51,1042.85,1321592
2021-06-15 09:30:52,1042.7,1322395
2021-06-15 09:30:54,1043.1,1322645
2021-06-15 09:30:55,1043.0,1323060
2021-06-15 09:30:56,1042.65,1323269
2021-06-15 09:30:57,1042.55,1323791
2021-06-15 09:30:57,1042.85,1323794
2021-06-15 09:30:58,1042.95,1324485
2021-06-15 09:30:59,1042.55,1324870
2021-06-15 09:31:01,1042.5,1326009
2021-06-15 09:31:02,1042.5,1326125
2021-06-15 09:31:03,1043.15,1327275
2021-06-15 09:31:04,1043.2,1328349
2021-06-15 09:31:05,1042.85,1328907
2021-06-15 09:31:06,1043.2,1329034
2021-06-15 09:31:07,1043.0,1329288
2021-06-15 09:31:08,1042.85,1329389
2021-06-15 09:31:09,1042.6,1330752
2021-06-15 09:31:10,1042.65,1331057
2021-06-15 09:31:11,1042.55,1331402
2021-06-15 09:31:12,1042.95,1331731
2021-06-15 09:31:13,1042.9,1332038
2021-06-15 09:31:14,1042.75,1334248
2021-06-15 09:31:15,1042.5,1334536
2021-06-15 09:31:16,1042.5,1335740
2021-06-15 09:31:17,1042.9,1336080
2021-06-15 09:31:18,1042.55,1336424
2021-06-15 09:31:19,1042.2,1336575
2021-06-15 09:31:20,1042.5,1336782
2021-06-15 09:31:21,1042.65,1337254
2021-06-15 09:31:22,1042.3,1337433
2021-06-15 09:31:22,1042.7,1337673
2021-06-15 09:31:23,1042.35,1338035
2021-06-15 09:31:24,1042.65,1338141
2021-06-15 09:31:25,1042.5,1338563
2021-06-15 09:31:26,1042.2,1338599
2021-06-15 09:31:27,1042.1,1339105
2021-06-15 09:31:28,1042.1,1340014
2021-06-15 09:31:29,1042.4,1340074
2021-06-15 09:31:30,1042.1,1341074
2021-06-15 09:31:31,1042.1,1341246
2021-06-15 09:31:32,1042.25,1342037
2021-06-15 09:31:34,1042.05,1343307
2021-06-15 09:31:35,1042.1,1343772
2021-06-15 09:31:36,1042.0,1344955
2021-06-15 09:31:37,1042.0,1345174
2021-06-15 09:31:38,1042.5,1346076
2021-06-15 09:31:39,1042.1,1346481
2021-06-15 09:31:40,1042.5,1346986
2021-06-15 09:31:41,1042.1,1347096
2021-06-15 09:31:42,1042.05,1348765
2021-06-15 09:31:43,1042.1,1348835
2021-06-15 09:31:44,1042.05,1349418
2021-06-15 09:31:45,1042.45,1349608
2021-06-15 09:31:46,1042.1,1350223
2021-06-15 09:31:47,1042.35,1350529
2021-06-15 09:31:48,1042.1,1350634
2021-06-15 09:31:49,1042.05,1351006
2021-06-15 09:31:50,1042.5,1351343
2021-06-15 09:31:52,1042.5,1353150
2021-06-15 09:31:53,1042.1,1353339
2021-06-15 09:31:54,1042.1,1353402
2021-06-15 09:31:54,1042.1,1353428
2021-06-15 09:31:55,1042.2,1361778
2021-06-15 09:31:56,1042.3,1362804
2021-06-15 09:31:57,1042.45,1362976
2021-06-15 09:31:58,1042.3,1363158
2021-06-15 09:31:59,1042.1,1363193
2021-06-15 09:32:00,1042.1,1363736
2021-06-15 09:32:01,1042.0,1364703
2021-06-15 09:32:02,1042.2,1365596
2021-06-15 09:32:03,1042.0,1366242
2021-06-15 09:32:04,1042.0,1367948
2021-06-15 09:32:05,1042.0,1369298
2021-06-15 09:32:07,1041.9,1369489
2021-06-15 09:32:08,1041.5,1369634
2021-06-15 09:32:09,1041.5,1369704
2021-06-15 09:32:10,1041.5,1369820
2021-06-15 09:32:11,1041.45,1370692
2021-06-15 09:32:12,1040.7,1374311
2021-06-15 09:32:13,1040.9,1375115
2021-06-15 09:32:14,1041.0,1375210
2021-06-15 09:32:15,1040.9,1375524
2021-06-15 09:32:16,1041.05,1375767
2021-06-15 09:32:17,1041.35,1375779
2021-06-15 09:32:18,1041.5,1375978
2021-06-15 09:32:19,1041.5,1376339
2021-06-15 09:32:20,1041.15,1377787
2021-06-15 09:32:21,1041.5,1379856
2021-06-15 09:32:22,1041.3,1380017
2021-06-15 09:32:23,1041.0,1382286
2021-06-15 09:32:24,1041.2,1382786
2021-06-15 09:32:25,1040.75,1383584
2021-06-15 09:32:26,1040.8,1384751
2021-06-15 09:32:27,1040.65,1385198
2021-06-15 09:32:28,1041.0,1385575
2021-06-15 09:32:29,1040.7,1385751
2021-06-15 09:32:29,1041.0,1385834
2021-06-15 09:32:30,1040.6,1387143
2021-06-15 09:32:33,1041.0,1390540
2021-06-15 09:32:34,1041.45,1391673
2021-06-15 09:32:35,1040.85,1394489
2021-06-15 09:32:36,1041.0,1395699
2021-06-15 09:32:37,1041.0,1396423
2021-06-15 09:32:38,1041.0,1398111
2021-06-15 09:32:40,1041.0,1399046
2021-06-15 09:32:42,1041.0,1400282
2021-06-15 09:32:43,1041.15,1400813
2021-06-15 09:32:44,1041.5,1401400
2021-06-15 09:32:45,1041.5,1406365
2021-06-15 09:32:46,1041.6,1406845
2021-06-15 09:32:47,1041.6,1407236
2021-06-15 09:32:48,1041.55,1408113
2021-06-15 09:32:49,1041.35,1408229
2021-06-15 09:32:50,1041.05,1408260
2021-06-15 09:32:51,1041.5,1408770
2021-06-15 09:32:52,1041.0,1409624
2021-06-15 09:32:53,1040.95,1409987
2021-06-15 09:32:54,1041.05,1410156
2021-06-15 09:32:56,1041.0,1411123
2021-06-15 09:32:56,1040.7,1411129
2021-06-15 09:32:57,1040.85,1411294
2021-06-15 09:32:59,1041.0,1411603
2021-06-15 09:33:00,1041.0,1412568
2021-06-15 09:33:02,1040.65,1412946
2021-06-15 09:33:03,1041.2,1413239
2021-06-15 09:33:04,1040.6,1413526
2021-06-15 09:33:05,1041.0,1417319
2021-06-15 09:33:06,1041.0,1417618
2021-06-15 09:33:07,1041.0,1418187
2021-06-15 09:33:08,1041.0,1418683
2021-06-15 09:33:09,1041.5,1418898
2021-06-15 09:33:09,1041.5,1419228
2021-06-15 09:33:12,1041.1,1419702
2021-06-15 09:33:13,1041.0,1421639
2021-06-15 09:33:14,1041.1,1422591
2021-06-15 09:33:15,1041.5,1422786
2021-06-15 09:33:16,1041.65,1423016
2021-06-15 09:33:17,1041.6,1423350
2021-06-15 09:33:17,1041.6,1423350
2021-06-15 09:33:19,1041.25,1423712
2021-06-15 09:33:20,1041.6,1424038
2021-06-15 09:33:21,1041.6,1424144
2021-06-15 09:33:22,1041.85,1424709
2021-06-15 09:33:23,1041.4,1424739
2021-06-15 09:33:24,1041.3,1425042
2021-06-15 09:33:26,1042.0,1426829
2021-06-15 09:33:27,1042.0,1426973
2021-06-15 09:33:28,1042.0,1427435
2021-06-15 09:33:29,1042.0,1427826
2021-06-15 09:33:30,1041.45,1428260
2021-06-15 09:33:31,1041.6,1428816
2021-06-15 09:33:32,1041.5,1429526
2021-06-15 09:33:33,1041.9,1429726
2021-06-15 09:33:34,1042.0,1430336
2021-06-15 09:33:35,1042.05,1430415
2021-06-15 09:33:37,1042.05,1430708
2021-06-15 09:33:38,1042.0,1431077
2021-06-15 09:33:39,1042.2,1435030
2021-06-15 09:33:40,1042.45,1435200
2021-06-15 09:33:42,1042.75,1437348
2021-06-15 09:33:44,1042.95,1438454
2021-06-15 09:33:45,1042.5,1438763
2021-06-15 09:33:47,1042.8,1439142
2021-06-15 09:33:48,1042.8,1439204
2021-06-15 09:33:49,1042.25,1439406
2021-06-15 09:33:50,1042.85,1439636
2021-06-15 09:33:51,1042.8,1439736
2021-06-15 09:33:52,1042.35,1440039
2021-06-15 09:33:53,1042.75,1440145
2021-06-15 09:33:54,1042.5,1440165
2021-06-15 09:33:55,1042.05,1440513
2021-06-15 09:33:56,1042.55,1440966
2021-06-15 09:33:57,1042.1,1441071
2021-06-15 09:33:57,1042.1,1441121
2021-06-15 09:33:58,1042.6,1441307
2021-06-15 09:33:59,1042.0,1443639
2021-06-15 09:34:00,1042.05,1443727
2021-06-15 09:34:01,1042.5,1443937
2021-06-15 09:34:03,1042.25,1443947
2021-06-15 09:34:04,1042.0,1444017
2021-06-15 09:34:05,1042.05,1444384
2021-06-15 09:34:06,1041.95,1444585
2021-06-15 09:34:07,1042.0,1444595
2021-06-15 09:34:08,1041.9,1445027
2021-06-15 09:34:09,1041.65,1445122
2021-06-15 09:34:10,1041.85,1445156
2021-06-15 09:34:11,1041.65,1445190
2021-06-15 09:34:12,1041.65,1445710
2021-06-15 09:34:13,1042.0,1446791
2021-06-15 09:34:15,1041.4,1447071
2021-06-15 09:34:16,1041.1,1447664
2021-06-15 09:34:17,1041.4,1449074
2021-06-15 09:34:18,1041.65,1449131
2021-06-15 09:34:19,1041.6,1449382
2021-06-15 09:34:20,1041.65,1449542
2021-06-15 09:34:21,1041.25,1449829
2021-06-15 09:34:21,1041.65,1449839
2021-06-15 09:34:22,1041.65,1450039
2021-06-15 09:34:24,1041.9,1450217
2021-06-15 09:34:25,1041.3,1450772
2021-06-15 09:34:26,1042.0,1451446
2021-06-15 09:34:27,1041.6,1451665
2021-06-15 09:34:28,1041.7,1451716
2021-06-15 09:34:29,1041.65,1451977
2021-06-15 09:34:30,1041.5,1452191
2021-06-15 09:34:31,1041.9,1452219
2021-06-15 09:34:32,1042.0,1452269
2021-06-15 09:34:33,1041.8,1452449
2021-06-15 09:34:34,1041.4,1452788
2021-06-15 09:34:35,1041.85,1453130
2021-06-15 09:34:36,1041.7,1453196
2021-06-15 09:34:37,1041.35,1453231
2021-06-15 09:34:39,1041.75,1453634
2021-06-15 09:34:41,1041.65,1453840
2021-06-15 09:34:42,1041.0,1454370
2021-06-15 09:34:43,1041.1,1454638
2021-06-15 09:34:44,1041.15,1457700
2021-06-15 09:34:45,1041.3,1457948
2021-06-15 09:34:46,1041.55,1458907
2021-06-15 09:34:48,1040.9,1459711
2021-06-15 09:34:49,1041.3,1459821
2021-06-15 09:34:49,1041.3,1459821
2021-06-15 09:34:51,1041.1,1460250
2021-06-15 09:34:53,1040.7,1460348
2021-06-15 09:34:54,1040.6,1460705
2021-06-15 09:34:55,1040.6,1461152
2021-06-15 09:34:56,1041.0,1461693
2021-06-15 09:34:57,1040.8,1461745
2021-06-15 09:34:58,1041.05,1461945
2021-06-15 09:34:59,1040.7,1467714
2021-06-15 09:35:00,1041.1,1468499
2021-06-15 09:35:01,1040.6,1468629
2021-06-15 09:35:02,1040.6,1469124
2021-06-15 09:35:03,1039.8,1490818
2021-06-15 09:35:04,1040.0,1492459
2021-06-15 09:35:05,1040.55,1493995
2021-06-15 09:35:06,1040.7,1494067
2021-06-15 09:35:07,1040.5,1494920
2021-06-15 09:35:08,1040.55,1495076
2021-06-15 09:35:09,1040.15,1495388
2021-06-15 09:35:10,1040.55,1495912
2021-06-15 09:35:11,1040.05,1496792
2021-06-15 09:35:12,1040.55,1496866
2021-06-15 09:35:13,1040.0,1496921
2021-06-15 09:35:14,1040.4,1497065
2021-06-15 09:35:15,1039.9,1497545
2021-06-15 09:35:16,1039.8,1497682
2021-06-15 09:35:17,1039.75,1499883
2021-06-15 09:35:18,1040.0,1500054
2021-06-15 09:35:19,1040.0,1500459
2021-06-15 09:35:20,1039.7,1501148
2021-06-15 09:35:21,1039.8,1501783
2021-06-15 09:35:22,1039.75,1502078
2021-06-15 09:35:23,1039.75,1502201
2021-06-15 09:35:25,1040.0,1502514
2021-06-15 09:35:26,1040.0,1503007
2021-06-15 09:35:27,1040.15,1503258
2021-06-15 09:35:28,1040.0,1503389
2021-06-15 09:35:29,1040.0,1503684
2021-06-15 09:35:30,1040.0,1504493
2021-06-15 09:35:31,1040.55,1504927
2021-06-15 09:35:32,1040.25,1505070
2021-06-15 09:35:33,1040.1,1507519
2021-06-15 09:35:34,1040.15,1507830
2021-06-15 09:35:35,1040.65,1508174
2021-06-15 09:35:36,1040.15,1508755
2021-06-15 09:35:37,1040.15,1508855
2021-06-15 09:35:38,1040.15,1509270
2021-06-15 09:35:39,1040.65,1509483
2021-06-15 09:35:40,1041.3,1511274
2021-06-15 09:35:42,1040.3,1516602
2021-06-15 09:35:43,1040.75,1516795
2021-06-15 09:35:45,1040.8,1517487
2021-06-15 09:35:46,1040.95,1518778
2021-06-15 09:35:47,1040.85,1519262
2021-06-15 09:35:48,1040.7,1519399
2021-06-15 09:35:49,1040.65,1519553
2021-06-15 09:35:50,1040.65,1520584
2021-06-15 09:35:51,1040.65,1520669
2021-06-15 09:35:52,1040.75,1520742
2021-06-15 09:35:55,1040.75,1521127
2021-06-15 09:35:56,1040.4,1521251
2021-06-15 09:35:58,1040.85,1522332
2021-06-15 09:35:59,1040.55,1522434
2021-06-15 09:36:01,1040.4,1522582
2021-06-15 09:36:02,1040.15,1522999
2021-06-15 09:36:03,1040.15,1523918
2021-06-15 09:36:04,1040.15,1524448
2021-06-15 09:36:05,1040.15,1524469
2021-06-15 09:36:06,1040.45,1524780
2021-06-15 09:36:07,1040.45,1524890
2021-06-15 09:36:08,1040.5,1525090
2021-06-15 09:36:09,1040.1,1525507
2021-06-15 09:36:10,1040.0,1525527
2021-06-15 09:36:11,1040.15,1525529
2021-06-15 09:36:12,1040.15,1525751
2021-06-15 09:36:13,1040.4,1525853
2021-06-15 09:36:14,1040.15,1526865
2021-06-15 09:36:15,1040.5,1528262
2021-06-15 09:36:16,1040.15,1528431
2021-06-15 09:36:17,1040.55,1529533
2021-06-15 09:36:18,1040.4,1529545
2021-06-15 09:36:19,1040.6,1529574
2021-06-15 09:36:20,1040.4,1530168
2021-06-15 09:36:22,1040.1,1530523
2021-06-15 09:36:23,1040.25,1530821
2021-06-15 09:36:24,1040.2,1531032
2021-06-15 09:36:26,1040.8,1531595
2021-06-15 09:36:27,1040.15,1531912
2021-06-15 09:36:28,1040.1,1532241
2021-06-15 09:36:29,1040.7,1532618
2021-06-15 09:36:30,1040.1,1532769
2021-06-15 09:36:31,1040.7,1533952
2021-06-15 09:36:32,1040.3,1534034
2021-06-15 09:36:33,1040.75,1534050
2021-06-15 09:36:34,1040.5,1534058
2021-06-15 09:36:35,1040.7,1534207
2021-06-15 09:36:36,1040.4,1534557
2021-06-15 09:36:37,1040.55,1534638
2021-06-15 09:36:38,1040.1,1534808
2021-06-15 09:36:39,1040.1,1534876
2021-06-15 09:36:40,1040.15,1534992
2021-06-15 09:36:41,1040.15,1535032
2021-06-15 09:36:42,1040.1,1535529
2021-06-15 09:36:43,1040.05,1535588
2021-06-15 09:36:44,1040.45,1535677
2021-06-15 09:36:45,1040.15,1535754
2021-06-15 09:36:46,1040.75,1536761
2021-06-15 09:36:47,1040.75,1536763
2021-06-15 09:36:48,1040.7,1537136
2021-06-15 09:36:49,1040.2,1537537
2021-06-15 09:36:50,1040.55,1537794
2021-06-15 09:36:51,1040.55,1537794
2021-06-15 09:36:52,1040.0,1538759
2021-06-15 09:36:53,1040.0,1538884
2021-06-15 09:36:54,1040.5,1539144
2021-06-15 09:36:55,1040.95,1540215
2021-06-15 09:36:56,1040.8,1540666
2021-06-15 09:36:57,1040.8,1540726
2021-06-15 09:36:59,1040.0,1543256
2021-06-15 09:37:00,1040.65,1543356
2021-06-15 09:37:01,1040.1,1543974
2021-06-15 09:37:02,1040.45,1544148
2021-06-15 09:37:03,1040.5,1545231
2021-06-15 09:37:04,1040.1,1545686
2021-06-15 09:37:05,1040.55,1545807
2021-06-15 09:37:06,1040.55,1545952
2021-06-15 09:37:07,1040.55,1545962
2021-06-15 09:37:08,1040.1,1545979
2021-06-15 09:37:09,1040.6,1546080
2021-06-15 09:37:10,1040.1,1546331
2021-06-15 09:37:11,1040.05,1547100
2021-06-15 09:37:12,1040.55,1548105
2021-06-15 09:37:13,1040.45,1548349
2021-06-15 09:37:14,1040.0,1549411
2021-06-15 09:37:15,1040.5,1549471
2021-06-15 09:37:16,1040.55,1549723
2021-06-15 09:37:17,1040.2,1549855
2021-06-15 09:37:18,1040.1,1550090
2021-06-15 09:37:19,1040.55,1550610
2021-06-15 09:37:20,1040.55,1550756
2021-06-15 09:37:21,1040.15,1550769
2021-06-15 09:37:22,1040.55,1550870
2021-06-15 09:37:23,1040.1,1551466
2021-06-15 09:37:26,1040.55,1551684
2021-06-15 09:37:27,1040.0,1559094
2021-06-15 09:37:28,1040.1,1559637
2021-06-15 09:37:29,1039.4,1560246
2021-06-15 09:37:30,1039.95,1560276
2021-06-15 09:37:31,1039.85,1560561
2021-06-15 09:37:33,1039.6,1560728
2021-06-15 09:37:34,1039.75,1560895
2021-06-15 09:37:35,1040.3,1562105
2021-06-15 09:37:36,1039.8,1562219
2021-06-15 09:37:37,1040.3,1562267
2021-06-15 09:37:38,1039.95,1562608
2021-06-15 09:37:38,1039.7,1562951
2021-06-15 09:37:39,1040.2,1563156
2021-06-15 09:37:40,1039.6,1563419
2021-06-15 09:37:41,1039.65,1563580
2021-06-15 09:37:42,1039.6,1563760
2021-06-15 09:37:43,1039.6,1563900
2021-06-15 09:37:44,1039.4,1564102
2021-06-15 09:37:45,1040.05,1564480
2021-06-15 09:37:46,1039.55,1564708
2021-06-15 09:37:47,1039.4,1564753
2021-06-15 09:37:48,1039.4,1564908
2021-06-15 09:37:49,1039.45,1564928
2021-06-15 09:37:50,1039.4,1565182
2021-06-15 09:37:52,1040.0,1565433
2021-06-15 09:37:52,1040.0,1565443
2021-06-15 09:37:53,1039.45,1566031
2021-06-15 09:37:55,1039.85,1566385
2021-06-15 09:37:56,1040.0,1566494
2021-06-15 09:37:57,1039.5,1566868
2021-06-15 09:37:58,1039.5,1567049
2021-06-15 09:37:59,1040.0,1567507
2021-06-15 09:38:00,1040.1,1568117
2021-06-15 09:38:02,1040.0,1568526
2021-06-15 09:38:02,1040.0,1568936
2021-06-15 09:38:03,1040.1,1570184
2021-06-15 09:38:04,1040.0,1571388
2021-06-15 09:38:05,1040.1,1572075
2021-06-15 09:38:06,1040.05,1572160
2021-06-15 09:38:07,1039.6,1572503
2021-06-15 09:38:08,1039.45,1572880
2021-06-15 09:38:09,1040.1,1573293
2021-06-15 09:38:10,1039.55,1574488
2021-06-15 09:38:12,1040.2,1574859
2021-06-15 09:38:12,1040.2,1574809
2021-06-15 09:38:13,1039.7,1575324
2021-06-15 09:38:14,1040.0,1575410
2021-06-15 09:38:15,1039.65,1575575
2021-06-15 09:38:16,1039.65,1575726
2021-06-15 09:38:17,1040.1,1575875
2021-06-15 09:38:18,1039.5,1576224
2021-06-15 09:38:19,1039.5,1576480
2021-06-15 09:38:20,1039.9,1576603
2021-06-15 09:38:21,1039.95,1576800
2021-06-15 09:38:23,1039.75,1579009
2021-06-15 09:38:23,1039.9,1579084
2021-06-15 09:38:25,1039.4,1579181
2021-06-15 09:38:26,1039.45,1579192
2021-06-15 09:38:26,1039.45,1579194
2021-06-15 09:38:27,1039.45,1579213
2021-06-15 09:38:28,1039.5,1579233
2021-06-15 09:38:29,1039.5,1580243
2021-06-15 09:38:30,1039.25,1580808
2021-06-15 09:38:31,1039.25,1580973
2021-06-15 09:38:32,1039.45,1581582
2021-06-15 09:38:33,1039.3,1581607
2021-06-15 09:38:34,1039.4,1583176
2021-06-15 09:38:35,1039.45,1583432
2021-06-15 09:38:36,1039.85,1584074
2021-06-15 09:38:37,1039.5,1584105
2021-06-15 09:38:38,1039.5,1584135
2021-06-15 09:38:39,1039.75,1584407
2021-06-15 09:38:40,1039.4,1584705
2021-06-15 09:38:42,1039.7,1584766
2021-06-15 09:38:42,1039.5,1584776
2021-06-15 09:38:43,1039.3,1584876
2021-06-15 09:38:44,1039.5,1584996
2021-06-15 09:38:45,1039.55,1585523
2021-06-15 09:38:46,1039.3,1585718
2021-06-15 09:38:47,1039.3,1586204
2021-06-15 09:38:48,1039.65,1586215
2021-06-15 09:38:50,1039.2,1586780
2021-06-15 09:38:51,1039.5,1586980
2021-06-15 09:38:52,1039.2,1587173
2021-06-15 09:38:53,1039.3,1587248
2021-06-15 09:38:54,1039.2,1587355
2021-06-15 09:38:56,1039.2,1587495
2021-06-15 09:38:57,1039.5,1587906
2021-06-15 09:38:58,1039.1,1588060
2021-06-15 09:38:59,1039.3,1588501
2021-06-15 09:39:00,1039.25,1602166
2021-06-15 09:39:01,1039.25,1602390
2021-06-15 09:39:03,1039.2,1605940
2021-06-15 09:39:04,1039.15,1606063
2021-06-15 09:39:05,1038.65,1606240
2021-06-15 09:39:06,1039.1,1606856
2021-06-15 09:39:07,1038.95,1610908
2021-06-15 09:39:08,1038.9,1611102
2021-06-15 09:39:09,1038.45,1611259
2021-06-15 09:39:10,1039.0,1611617
2021-06-15 09:39:12,1038.9,1611740
2021-06-15 09:39:13,1038.45,1611770
2021-06-15 09:39:14,1038.45,1612049
2021-06-15 09:39:15,1038.3,1612199
2021-06-15 09:39:16,1038.9,1612512
2021-06-15 09:39:16,1038.9,1612512
2021-06-15 09:39:17,1038.65,1612941
2021-06-15 09:39:18,1038.95,1613074
2021-06-15 09:39:19,1038.95,1613099
2021-06-15 09:39:20,1038.55,1613919
2021-06-15 09:39:22,1038.45,1615386
2021-06-15 09:39:23,1038.95,1616623
2021-06-15 09:39:25,1038.75,1616893
2021-06-15 09:39:26,1039.0,1617840
2021-06-15 09:39:27,1039.0,1617923
2021-06-15 09:39:28,1038.55,1618382
2021-06-15 09:39:29,1039.0,1618534
2021-06-15 09:39:30,1038.6,1618569
2021-06-15 09:39:31,1038.95,1619193
2021-06-15 09:39:33,1039.0,1619245
2021-06-15 09:39:34,1039.0,1619499
2021-06-15 09:39:35,1039.0,1619618
2021-06-15 09:39:35,1038.55,1619818
2021-06-15 09:39:36,1038.55,1619961
2021-06-15 09:39:37,1039.0,1620376
2021-06-15 09:39:38,1038.55,1620792
2021-06-15 09:39:39,1039.0,1620897
2021-06-15 09:39:41,1038.55,1621432
2021-06-15 09:39:42,1038.9,1621521
2021-06-15 09:39:43,1038.9,1622509
2021-06-15 09:39:44,1038.95,1622738
2021-06-15 09:39:45,1038.95,1622993
2021-06-15 09:39:48,1038.55,1623415
2021-06-15 09:39:49,1039.0,1623735
2021-06-15 09:39:49,1039.0,1623666
2021-06-15 09:39:50,1039.0,1624510
2021-06-15 09:39:51,1038.95,1624699
2021-06-15 09:39:52,1039.0,1624738
2021-06-15 09:39:53,1039.0,1624925
2021-06-15 09:39:54,1039.15,1625108
2021-06-15 09:39:55,1039.05,1625289
2021-06-15 09:39:58,1039.0,1625498
2021-06-15 09:39:59,1039.0,1625505
2021-06-15 09:40:00,1039.0,1625558
2021-06-15 09:40:01,1039.2,1626314
2021-06-15 09:40:02,1039.1,1627088
2021-06-15 09:40:03,1039.1,1627103
2021-06-15 09:40:04,1038.55,1627887
2021-06-15 09:40:05,1038.95,1627917
2021-06-15 09:40:07,1038.7,1627984
2021-06-15 09:40:08,1039.0,1628000
2021-06-15 09:40:09,1038.6,1628351
2021-06-15 09:40:09,1039.1,1628476
2021-06-15 09:40:10,1038.95,1629003
2021-06-15 09:40:11,1039.15,1629442
2021-06-15 09:40:14,1039.0,1629769
2021-06-15 09:40:15,1038.95,1629832
2021-06-15 09:40:16,1038.7,1630834
2021-06-15 09:40:16,1038.7,1630984
2021-06-15 09:40:17,1039.0,1631104
2021-06-15 09:40:18,1039.0,1631202
2021-06-15 09:40:19,1038.6,1631241
2021-06-15 09:40:20,1039.0,1631456
2021-06-15 09:40:21,1038.7,1631641
2021-06-15 09:40:22,1038.65,1631902
2021-06-15 09:40:23,1038.45,1633545
2021-06-15 09:40:24,1038.9,1634278
2021-06-15 09:40:26,1038.85,1634486
2021-06-15 09:40:27,1038.9,1634515
2021-06-15 09:40:28,1038.95,1634848
2021-06-15 09:40:29,1038.85,1634873
2021-06-15 09:40:30,1038.85,1634885
2021-06-15 09:40:31,1038.95,1635012
2021-06-15 09:40:32,1038.95,1635463
2021-06-15 09:40:34,1039.0,1635725
2021-06-15 09:40:35,1038.6,1635763
2021-06-15 09:40:36,1038.95,1635795
2021-06-15 09:40:37,1038.95,1635795
2021-06-15 09:40:38,1038.95,1635795
2021-06-15 09:40:39,1039.0,1635915
2021-06-15 09:40:40,1039.05,1636451
2021-06-15 09:40:41,1039.2,1637231
2021-06-15 09:40:42,1039.15,1637629
2021-06-15 09:40:43,1039.0,1637769
2021-06-15 09:40:45,1038.8,1638294
2021-06-15 09:40:46,1039.0,1638468
2021-06-15 09:40:47,1039.4,1638980
2021-06-15 09:40:48,1039.75,1640030
2021-06-15 09:40:48,1039.75,1639841
2021-06-15 09:40:49,1040.0,1640839
2021-06-15 09:40:50,1039.95,1640956
2021-06-15 09:40:51,1039.9,1640972
2021-06-15 09:40:52,1039.85,1641009
2021-06-15 09:40:53,1039.9,1641334
2021-06-15 09:40:55,1039.45,1641612
2021-06-15 09:40:56,1039.6,1641722
2021-06-15 09:40:56,1040.0,1641838
2021-06-15 09:40:57,1039.35,1642054
2021-06-15 09:40:58,1039.35,1642054
2021-06-15 09:40:59,1039.45,1642059
2021-06-15 09:41:00,1039.6,1642377
2021-06-15 09:41:01,1039.25,1643272
2021-06-15 09:41:02,1039.8,1643457
2021-06-15 09:41:03,1040.0,1643936
2021-06-15 09:41:04,1040.0,1644156
2021-06-15 09:41:05,1039.9,1644183
2021-06-15 09:41:06,1039.95,1644251
2021-06-15 09:41:07,1039.95,1644260
2021-06-15 09:41:08,1039.55,1644370
2021-06-15 09:41:09,1039.9,1644520
2021-06-15 09:41:10,1039.9,1644898
2021-06-15 09:41:11,1039.95,1644928
2021-06-15 09:41:12,1039.85,1645216
2021-06-15 09:41:13,1039.85,1645216
2021-06-15 09:41:14,1039.8,1645422
2021-06-15 09:41:15,1039.85,1645702
2021-06-15 09:41:17,1039.9,1646352
2021-06-15 09:41:18,1039.85,1646522
2021-06-15 09:41:19,1039.85,1646577
2021-06-15 09:41:19,1039.85,1646582
2021-06-15 09:41:20,1039.9,1646658
2021-06-15 09:41:22,1039.9,1646792
2021-06-15 09:41:24,1039.5,1646885
2021-06-15 09:41:25,1039.95,1646920
2021-06-15 09:41:26,1040.0,1647267
2021-06-15 09:41:27,1040.0,1647437
2021-06-15 09:41:29,1040.15,1654999
2021-06-15 09:41:29,1040.15,1654999
2021-06-15 09:41:31,1040.6,1656081
2021-06-15 09:41:33,1040.6,1656404
2021-06-15 09:41:34,1040.8,1656418
2021-06-15 09:41:35,1040.6,1656925
2021-06-15 09:41:36,1040.85,1657088
2021-06-15 09:41:37,1040.85,1657535
2021-06-15 09:41:37,1040.6,1657540
2021-06-15 09:41:38,1040.85,1657967
2021-06-15 09:41:39,1040.85,1657967
2021-06-15 09:41:40,1040.85,1658624
2021-06-15 09:41:41,1040.8,1658882
2021-06-15 09:41:42,1040.8,1658983
2021-06-15 09:41:43,1041.0,1661213
2021-06-15 09:41:44,1041.0,1661407
2021-06-15 09:41:45,1040.65,1661963
2021-06-15 09:41:46,1040.95,1662227
2021-06-15 09:41:47,1040.8,1662459
2021-06-15 09:41:48,1041.0,1662526
2021-06-15 09:41:49,1041.25,1663424
2021-06-15 09:41:50,1040.65,1663710
2021-06-15 09:41:52,1041.2,1664011
2021-06-15 09:41:53,1041.0,1664156
2021-06-15 09:41:54,1041.2,1664176
2021-06-15 09:41:55,1041.0,1664282
2021-06-15 09:41:57,1040.75,1666060
2021-06-15 09:41:58,1040.8,1666322
2021-06-15 09:41:59,1040.8,1666578
2021-06-15 09:42:00,1040.8,1667029
2021-06-15 09:42:00,1040.8,1667029
2021-06-15 09:42:01,1040.65,1667075
2021-06-15 09:42:02,1040.85,1667425
2021-06-15 09:42:03,1040.5,1667964
2021-06-15 09:42:05,1040.5,1667964
2021-06-15 09:42:06,1040.9,1668395
2021-06-15 09:42:07,1040.25,1668474
2021-06-15 09:42:08,1040.8,1668536
2021-06-15 09:42:08,1040.8,1668536
2021-06-15 09:42:09,1040.45,1668554
2021-06-15 09:42:11,1040.65,1668556
2021-06-15 09:42:12,1040.45,1669002
2021-06-15 09:42:13,1040.9,1669160
2021-06-15 09:42:14,1040.25,1669270
2021-06-15 09:42:15,1040.25,1669270
2021-06-15 09:42:15,1040.6,1669420
2021-06-15 09:42:16,1040.8,1669903
2021-06-15 09:42:17,1040.8,1669948
2021-06-15 09:42:19,1040.45,1670448
2021-06-15 09:42:20,1040.95,1670638
2021-06-15 09:42:21,1040.8,1670826
2021-06-15 09:42:22,1040.8,1670887
2021-06-15 09:42:23,1040.6,1670900
2021-06-15 09:42:24,1040.55,1671031
2021-06-15 09:42:25,1040.75,1671051
2021-06-15 09:42:26,1040.5,1671065
2021-06-15 09:42:26,1040.75,1671165
2021-06-15 09:42:27,1040.35,1671561
2021-06-15 09:42:28,1040.75,1671629
2021-06-15 09:42:30,1040.95,1671877
2021-06-15 09:42:31,1040.8,1671928
2021-06-15 09:42:35,1040.75,1672124
2021-06-15 09:42:36,1040.8,1672204
2021-06-15 09:42:37,1041.0,1672357
2021-06-15 09:42:38,1040.85,1672492
2021-06-15 09:42:39,1040.8,1672542
2021-06-15 09:42:40,1040.9,1672644
2021-06-15 09:42:40,1040.75,1672776
2021-06-15 09:42:42,1040.75,1672776
2021-06-15 09:42:43,1041.0,1672835
2021-06-15 09:42:45,1041.0,1672896
2021-06-15 09:42:46,1041.0,1673040
2021-06-15 09:42:48,1041.0,1673710
2021-06-15 09:42:49,1041.4,1674474
2021-06-15 09:42:50,1041.45,1674484
2021-06-15 09:42:51,1041.0,1675021
2021-06-15 09:42:52,1041.0,1675697
2021-06-15 09:42:53,1041.0,1675740
2021-06-15 09:42:54,1041.0,1675975
2021-06-15 09:42:55,1041.0,1676177
2021-06-15 09:42:56,1041.0,1676248
2021-06-15 09:42:57,1041.0,1676984
2021-06-15 09:42:58,1041.0,1677409
2021-06-15 09:42:59,1041.0,1677932
2021-06-15 09:43:00,1041.0,1678255
2021-06-15 09:43:01,1041.0,1678731
2021-06-15 09:43:02,1040.75,1678768
2021-06-15 09:43:03,1041.0,1679323
2021-06-15 09:43:04,1041.0,1679524
2021-06-15 09:43:04,1041.0,1679524
2021-06-15 09:43:05,1041.0,1679590
2021-06-15 09:43:06,1041.0,1679741
2021-06-15 09:43:07,1041.0,1679842
2021-06-15 09:43:08,1040.75,1679980
2021-06-15 09:43:12,1041.0,1680265
2021-06-15 09:43:14,1041.0,1682641
2021-06-15 09:43:15,1041.3,1682721
2021-06-15 09:43:16,1041.35,1682861
2021-06-15 09:43:17,1041.0,1682921
2021-06-15 09:43:17,1040.95,1682996
2021-06-15 09:43:18,1041.45,1683086
2021-06-15 09:43:19,1041.25,1683099
2021-06-15 09:43:20,1041.15,1683620
2021-06-15 09:43:22,1041.1,1683717
2021-06-15 09:43:23,1041.5,1683720
2021-06-15 09:43:24,1041.5,1683720
2021-06-15 09:43:25,1041.35,1685875
2021-06-15 09:43:26,1041.8,1685876
2021-06-15 09:43:27,1041.9,1686718
2021-06-15 09:43:27,1041.9,1686718
2021-06-15 09:43:28,1041.85,1686848
2021-06-15 09:43:29,1041.35,1687649
2021-06-15 09:43:30,1041.85,1687826
2021-06-15 09:43:31,1041.9,1687891
2021-06-15 09:43:34,1041.85,1688013
2021-06-15 09:43:35,1041.25,1689540
2021-06-15 09:43:36,1042.0,1690058
2021-06-15 09:43:37,1041.55,1690142
2021-06-15 09:43:38,1041.55,1690204
2021-06-15 09:43:39,1041.95,1690302
2021-06-15 09:43:40,1042.0,1690332
2021-06-15 09:43:40,1042.0,1690332
2021-06-15 09:43:41,1042.0,1690393
2021-06-15 09:43:42,1042.0,1690501
2021-06-15 09:43:45,1042.0,1690760
2021-06-15 09:43:46,1041.65,1690892
2021-06-15 09:43:47,1042.0,1691036
2021-06-15 09:43:48,1041.6,1691339
2021-06-15 09:43:49,1041.8,1691680
2021-06-15 09:43:50,1041.75,1693064
2021-06-15 09:43:52,1042.0,1693357
2021-06-15 09:43:54,1042.0,1693597
2021-06-15 09:43:54,1042.0,1693747
2021-06-15 09:43:55,1042.0,1694265
2021-06-15 09:43:56,1042.0,1695471
2021-06-15 09:43:58,1041.95,1695660
2021-06-15 09:43:59,1041.65,1696216
2021-06-15 09:44:00,1042.0,1696466
2021-06-15 09:44:01,1042.0,1696807
2021-06-15 09:44:03,1042.0,1697167
2021-06-15 09:44:03,1042.0,1697167
2021-06-15 09:44:05,1042.0,1697287
2021-06-15 09:44:06,1041.6,1697302
2021-06-15 09:44:07,1041.75,1697485
2021-06-15 09:44:08,1041.75,1697697
2021-06-15 09:44:09,1041.75,1698000
2021-06-15 09:44:10,1041.95,1698650
2021-06-15 09:44:11,1041.95,1698650
2021-06-15 09:44:11,1041.65,1698740
2021-06-15 09:44:12,1041.75,1698745
2021-06-15 09:44:14,1041.7,1698766
2021-06-15 09:44:15,1042.0,1698952
2021-06-15 09:44:16,1041.95,1699130
2021-06-15 09:44:17,1041.95,1699902
2021-06-15 09:44:17,1041.95,1699902
2021-06-15 09:44:19,1042.0,1700499
2021-06-15 09:44:20,1041.95,1700581
2021-06-15 09:44:21,1042.0,1701161
2021-06-15 09:44:22,1042.0,1701411
2021-06-15 09:44:23,1041.95,1702262
2021-06-15 09:44:24,1042.0,1702462
2021-06-15 09:44:25,1041.95,1703288
2021-06-15 09:44:26,1042.0,1703338
2021-06-15 09:44:27,1042.0,1703659
2021-06-15 09:44:28,1042.0,1704184
2021-06-15 09:44:30,1041.95,1704254
2021-06-15 09:44:31,1042.0,1704995
2021-06-15 09:44:32,1042.15,1705713
2021-06-15 09:44:33,1042.0,1706014
2021-06-15 09:44:34,1042.15,1706077
2021-06-15 09:44:35,1042.5,1706362
2021-06-15 09:44:36,1041.95,1706905
2021-06-15 09:44:37,1042.0,1707068
2021-06-15 09:44:38,1042.0,1707160
2021-06-15 09:44:39,1042.0,1707208
2021-06-15 09:44:39,1042.0,1707330
2021-06-15 09:44:41,1042.45,1707336
2021-06-15 09:44:42,1042.4,1707411
2021-06-15 09:44:43,1042.4,1707416
2021-06-15 09:44:44,1042.45,1707766
2021-06-15 09:44:44,1042.45,1707766
2021-06-15 09:44:45,1042.4,1707897
2021-06-15 09:44:46,1042.45,1707964
2021-06-15 09:44:49,1042.5,1708274
2021-06-15 09:44:50,1042.15,1708527
2021-06-15 09:44:51,1042.5,1708857
2021-06-15 09:44:52,1042.65,1709067
2021-06-15 09:44:53,1042.15,1709175
2021-06-15 09:44:53,1042.15,1709176
2021-06-15 09:44:55,1042.5,1709336
2021-06-15 09:44:56,1042.6,1709741
2021-06-15 09:44:57,1042.4,1710573
2021-06-15 09:44:58,1042.5,1711008
2021-06-15 09:44:59,1042.55,1711643
2021-06-15 09:44:59,1042.55,1711668
2021-06-15 09:45:01,1042.5,1711948
2021-06-15 09:45:02,1042.6,1711989
2021-06-15 09:45:03,1042.7,1712049
2021-06-15 09:45:04,1042.5,1712182
2021-06-15 09:45:05,1042.7,1712294
2021-06-15 09:45:05,1042.7,1712294
2021-06-15 09:45:06,1042.75,1713300
2021-06-15 09:45:07,1042.75,1713665
2021-06-15 09:45:09,1042.7,1713768
2021-06-15 09:45:10,1042.7,1714323
2021-06-15 09:45:11,1042.75,1714384
2021-06-15 09:45:12,1042.5,1714489
2021-06-15 09:45:12,1042.5,1714489
2021-06-15 09:45:14,1042.75,1714493
2021-06-15 09:45:15,1042.75,1714543
2021-06-15 09:45:16,1042.5,1714576
2021-06-15 09:45:17,1042.5,1714584
2021-06-15 09:45:18,1042.75,1714893
2021-06-15 09:45:18,1042.8,1714901
2021-06-15 09:45:20,1042.8,1714981
2021-06-15 09:45:21,1042.5,1715123
2021-06-15 09:45:23,1042.4,1715560
2021-06-15 09:45:23,1042.5,1715562
2021-06-15 09:45:25,1042.5,1715700
2021-06-15 09:45:26,1042.55,1715795
2021-06-15 09:45:27,1042.0,1718191
2021-06-15 09:45:28,1042.5,1718486
2021-06-15 09:45:29,1042.0,1718630
2021-06-15 09:45:30,1042.0,1718865
2021-06-15 09:45:30,1042.5,1718915
2021-06-15 09:45:31,1042.05,1718916
2021-06-15 09:45:33,1042.65,1718942
2021-06-15 09:45:34,1042.2,1719156
2021-06-15 09:45:35,1042.65,1719241
2021-06-15 09:45:36,1042.3,1719242
2021-06-15 09:45:37,1042.45,1719387
2021-06-15 09:45:38,1042.4,1719688
2021-06-15 09:45:39,1042.4,1719688
2021-06-15 09:45:40,1042.5,1719893
2021-06-15 09:45:42,1042.6,1720330
2021-06-15 09:45:43,1042.25,1720405
2021-06-15 09:45:44,1042.25,1720649
2021-06-15 09:45:45,1042.5,1721029
2021-06-15 09:45:46,1042.5,1721053
2021-06-15 09:45:47,1042.5,1721053
2021-06-15 09:45:48,1042.25,1721077
2021-06-15 09:45:49,1042.5,1721108
2021-06-15 09:45:50,1042.5,1721507
2021-06-15 09:45:51,1042.65,1721706
2021-06-15 09:45:52,1042.65,1721706
2021-06-15 09:45:53,1042.65,1721826
2021-06-15 09:45:54,1042.65,1721926
2021-06-15 09:45:55,1042.65,1721926
2021-06-15 09:45:56,1042.4,1722012
2021-06-15 09:45:57,1042.4,1722032
2021-06-15 09:45:58,1042.4,1722062
2021-06-15 09:45:59,1042.65,1722362
2021-06-15 09:46:00,1042.25,1722639
2021-06-15 09:46:01,1042.6,1722884
2021-06-15 09:46:02,1042.25,1723170
2021-06-15 09:46:03,1042.35,1723301
2021-06-15 09:46:04,1042.3,1723333
2021-06-15 09:46:05,1042.25,1723463
2021-06-15 09:46:06,1042.25,1723753
2021-06-15 09:46:08,1042.5,1724362
2021-06-15 09:46:07,1042.5,1724362
2021-06-15 09:46:09,1042.3,1724415
2021-06-15 09:46:11,1042.3,1724975
2021-06-15 09:46:12,1042.3,1725048
2021-06-15 09:46:13,1042.25,1725696
2021-06-15 09:46:14,1042.25,1725714
2021-06-15 09:46:15,1042.1,1726017
2021-06-15 09:46:16,1042.15,1726092
2021-06-15 09:46:17,1042.2,1727683
2021-06-15 09:46:18,1042.0,1728248
2021-06-15 09:46:19,1042.0,1728613
2021-06-15 09:46:20,1042.0,1728908
2021-06-15 09:46:21,1042.5,1730496
2021-06-15 09:46:22,1042.0,1730541
2021-06-15 09:46:23,1042.4,1730829
2021-06-15 09:46:25,1042.2,1730877
2021-06-15 09:46:24,1042.2,1730831
2021-06-15 09:46:26,1042.0,1730924
2021-06-15 09:46:27,1042.0,1730959
2021-06-15 09:46:28,1042.55,1734920
2021-06-15 09:46:29,1042.6,1735408
2021-06-15 09:46:30,1042.6,1736120
2021-06-15 09:46:31,1042.65,1736241
2021-06-15 09:46:32,1042.6,1736246
2021-06-15 09:46:33,1042.65,1736350
2021-06-15 09:46:34,1042.65,1736350
2021-06-15 09:46:35,1042.6,1736392
2021-06-15 09:46:36,1042.45,1736837
2021-06-15 09:46:37,1042.35,1736875
2021-06-15 09:46:38,1042.05,1736937
2021-06-15 09:46:39,1042.05,1736937
2021-06-15 09:46:40,1042.5,1737205
2021-06-15 09:46:41,1042.5,1737205
2021-06-15 09:46:43,1042.0,1737895
2021-06-15 09:46:44,1042.0,1738576
2021-06-15 09:46:45,1042.0,1738610
2021-06-15 09:46:46,1042.0,1738629
2021-06-15 09:46:47,1042.0,1739986
2021-06-15 09:46:48,1042.0,1740061
2021-06-15 09:46:49,1042.05,1740278
2021-06-15 09:46:50,1041.5,1740557
2021-06-15 09:46:51,1042.0,1740638
2021-06-15 09:46:52,1042.0,1740650
2021-06-15 09:46:53,1042.0,1740650
2021-06-15 09:46:54,1041.65,1740825
2021-06-15 09:46:56,1041.85,1740908
2021-06-15 09:46:58,1041.8,1740930
2021-06-15 09:46:59,1041.75,1740937
2021-06-15 09:47:00,1041.8,1741207
2021-06-15 09:47:01,1041.35,1741209
2021-06-15 09:47:02,1041.0,1742449
2021-06-15 09:47:03,1041.0,1742449
2021-06-15 09:47:04,1041.0,1742703
2021-06-15 09:47:05,1041.0,1742781
2021-06-15 09:47:06,1041.0,1742906
2021-06-15 09:47:07,1041.05,1743926
2021-06-15 09:47:08,1041.0,1743975
2021-06-15 09:47:09,1041.0,1744063
2021-06-15 09:47:10,1041.0,1745183
2021-06-15 09:47:11,1040.85,1746205
2021-06-15 09:47:12,1040.8,1746210
2021-06-15 09:47:13,1040.95,1746319
2021-06-15 09:47:14,1040.95,1746319
2021-06-15 09:47:15,1041.6,1746373
2021-06-15 09:47:16,1041.15,1746544
2021-06-15 09:47:17,1041.15,1747051
2021-06-15 09:47:18,1041.6,1747081
2021-06-15 09:47:19,1041.05,1747234
2021-06-15 09:47:20,1041.25,1747264
2021-06-15 09:47:21,1041.15,1747274
2021-06-15 09:47:22,1041.15,1747274
2021-06-15 09:47:23,1041.15,1747309
2021-06-15 09:47:24,1041.5,1747575
2021-06-15 09:47:26,1041.1,1748740
2021-06-15 09:47:27,1041.6,1748853
2021-06-15 09:47:28,1041.5,1748909
2021-06-15 09:47:29,1041.05,1748910
2021-06-15 09:47:30,1041.05,1748991
2021-06-15 09:47:31,1041.1,1750719
2021-06-15 09:47:32,1041.2,1750739
2021-06-15 09:47:33,1041.6,1750814
2021-06-15 09:47:34,1041.15,1750821
2021-06-15 09:47:35,1041.15,1750821
2021-06-15 09:47:36,1041.5,1750876
2021-06-15 09:47:37,1041.2,1750891
2021-06-15 09:47:38,1041.8,1751251
2021-06-15 09:47:39,1041.5,1751612
2021-06-15 09:47:40,1041.5,1751643
2021-06-15 09:47:42,1041.05,1751749
2021-06-15 09:47:43,1041.4,1751750
2021-06-15 09:47:44,1041.45,1751845
2021-06-15 09:47:44,1041.45,1751845
2021-06-15 09:47:45,1041.45,1751895
2021-06-15 09:47:46,1041.45,1752041
2021-06-15 09:47:50,1041.3,1753385
2021-06-15 09:47:51,1041.45,1753480
2021-06-15 09:47:52,1041.5,1753545
2021-06-15 09:47:53,1041.1,1753670
2021-06-15 09:47:54,1041.0,1753772
2021-06-15 09:47:56,1041.65,1753828
2021-06-15 09:47:57,1041.4,1754842
2021-06-15 09:47:58,1041.45,1755365
2021-06-15 09:48:01,1041.8,1755483
2021-06-15 09:48:05,1041.8,1755657
2021-06-15 09:48:07,1041.8,1755876
2021-06-15 09:48:07,1041.8,1755931
2021-06-15 09:48:09,1041.5,1755951
2021-06-15 09:48:09,1041.5,1755951
2021-06-15 09:48:11,1041.5,1756242
2021-06-15 09:48:12,1041.4,1756615
2021-06-15 09:48:13,1041.55,1756822
2021-06-15 09:48:14,1041.55,1756972
2021-06-15 09:48:15,1041.75,1756986
2021-06-15 09:48:16,1041.4,1757004
2021-06-15 09:48:17,1041.2,1757156
2021-06-15 09:48:18,1042.25,1759384
2021-06-15 09:48:19,1042.25,1760377
2021-06-15 09:48:20,1042.15,1761968
2021-06-15 09:48:21,1042.5,1761993
2021-06-15 09:48:22,1042.5,1761993
2021-06-15 09:48:23,1042.2,1762138
2021-06-15 09:48:24,1042.15,1762215
2021-06-15 09:48:25,1042.5,1762267
2021-06-15 09:48:26,1042.05,1762365
2021-06-15 09:48:27,1042.0,1762628
2021-06-15 09:48:28,1042.0,1762654
2021-06-15 09:48:29,1042.5,1762789
2021-06-15 09:48:30,1042.5,1762989
2021-06-15 09:48:31,1042.5,1763177
2021-06-15 09:48:33,1042.15,1763341
2021-06-15 09:48:33,1042.15,1763341
2021-06-15 09:48:34,1042.5,1763372
2021-06-15 09:48:35,1042.5,1763731
2021-06-15 09:48:36,1042.5,1763841
2021-06-15 09:48:37,1042.4,1764200
2021-06-15 09:48:38,1042.4,1764236
2021-06-15 09:48:40,1042.5,1764943
2021-06-15 09:48:41,1042.45,1764949
2021-06-15 09:48:42,1042.5,1764964
2021-06-15 09:48:43,1042.5,1765362
2021-06-15 09:48:44,1043.5,1775736
2021-06-15 09:48:45,1043.35,1780016
2021-06-15 09:48:46,1043.1,1780175
2021-06-15 09:48:47,1043.1,1780492
2021-06-15 09:48:48,1043.35,1780740
2021-06-15 09:48:50,1043.45,1781104
2021-06-15 09:48:51,1043.6,1781240
2021-06-15 09:48:51,1044.0,1781308
2021-06-15 09:48:52,1044.0,1781816
2021-06-15 09:48:53,1044.0,1782014
2021-06-15 09:48:54,1043.7,1782121
2021-06-15 09:48:55,1044.0,1789745
2021-06-15 09:48:56,1043.75,1791076
2021-06-15 09:48:57,1044.0,1794038
2021-06-15 09:48:58,1044.1,1794222
2021-06-15 09:48:59,1044.55,1795075
2021-06-15 09:49:00,1044.0,1796781
2021-06-15 09:49:02,1043.75,1797017
2021-06-15 09:49:02,1043.95,1797720
2021-06-15 09:49:04,1044.2,1797833
2021-06-15 09:49:04,1044.2,1797843
2021-06-15 09:49:05,1044.0,1797865
2021-06-15 09:49:06,1043.8,1798271
2021-06-15 09:49:07,1043.65,1798797
2021-06-15 09:49:08,1043.65,1798926
2021-06-15 09:49:09,1043.7,1799084
2021-06-15 09:49:10,1043.95,1799164
2021-06-15 09:49:11,1044.0,1799215
2021-06-15 09:49:12,1044.0,1799298
2021-06-15 09:49:13,1044.35,1799687
2021-06-15 09:49:14,1044.3,1799786
2021-06-15 09:49:15,1044.35,1800251
2021-06-15 09:49:16,1044.0,1800452
2021-06-15 09:49:17,1043.95,1800636
2021-06-15 09:49:20,1044.0,1800860
2021-06-15 09:49:20,1044.25,1801368
2021-06-15 09:49:21,1044.0,1801439
2021-06-15 09:49:22,1044.0,1801484
2021-06-15 09:49:23,1044.0,1801646
2021-06-15 09:49:24,1044.0,1801646
2021-06-15 09:49:26,1044.35,1801879
2021-06-15 09:49:28,1044.35,1802014
2021-06-15 09:49:29,1044.05,1802634
2021-06-15 09:49:30,1044.35,1802684
2021-06-15 09:49:31,1044.2,1802770
2021-06-15 09:49:32,1044.1,1802785
2021-06-15 09:49:33,1044.35,1803865
2021-06-15 09:49:34,1044.0,1803990
2021-06-15 09:49:35,1044.3,1804683
2021-06-15 09:49:36,1043.95,1804788
2021-06-15 09:49:37,1043.95,1804788
2021-06-15 09:49:38,1044.25,1805070
2021-06-15 09:49:40,1044.0,1805475
2021-06-15 09:49:41,1044.0,1805500
2021-06-15 09:49:42,1043.95,1805706
2021-06-15 09:49:43,1043.95,1806156
2021-06-15 09:49:44,1044.0,1806353
2021-06-15 09:49:45,1044.25,1806450
2021-06-15 09:49:46,1044.0,1806463
2021-06-15 09:49:49,1043.95,1806921
2021-06-15 09:49:50,1043.8,1807264
2021-06-15 09:49:51,1044.0,1807498
2021-06-15 09:49:52,1044.0,1807564
2021-06-15 09:49:53,1044.0,1807564
2021-06-15 09:49:54,1043.55,1807996
2021-06-15 09:49:55,1043.55,1808530
2021-06-15 09:49:56,1043.5,1808916
2021-06-15 09:49:57,1043.0,1809331
2021-06-15 09:49:58,1043.75,1809487
2021-06-15 09:49:59,1043.85,1809518
2021-06-15 09:50:00,1043.5,1809746
2021-06-15 09:50:01,1043.95,1809815
2021-06-15 09:50:02,1044.0,1810742
2021-06-15 09:50:03,1043.5,1810896
2021-06-15 09:50:04,1044.0,1811186
2021-06-15 09:50:05,1043.5,1811196
2021-06-15 09:50:06,1043.4,1811301
2021-06-15 09:50:08,1043.7,1811313
2021-06-15 09:50:09,1043.25,1811339
2021-06-15 09:50:10,1043.9,1811542
2021-06-15 09:50:10,1043.9,1811542
2021-06-15 09:50:11,1043.5,1811812
2021-06-15 09:50:12,1043.5,1811867
2021-06-15 09:50:13,1043.7,1811887
2021-06-15 09:50:14,1043.7,1811933
2021-06-15 09:50:16,1043.1,1812081
2021-06-15 09:50:18,1043.7,1812120
2021-06-15 09:50:19,1043.6,1812125
2021-06-15 09:50:19,1043.5,1812328
2021-06-15 09:50:21,1043.25,1813219
2021-06-15 09:50:22,1043.5,1813220
2021-06-15 09:50:24,1043.25,1813567
2021-06-15 09:50:25,1043.0,1813686
2021-06-15 09:50:26,1043.25,1813911
2021-06-15 09:50:27,1043.25,1813911
2021-06-15 09:50:29,1043.1,1813951
2021-06-15 09:50:30,1043.25,1814423
2021-06-15 09:50:31,1043.0,1814727
2021-06-15 09:50:32,1043.25,1814832
2021-06-15 09:50:32,1043.0,1814845
2021-06-15 09:50:34,1043.1,1814867
2021-06-15 09:50:35,1043.1,1814873
2021-06-15 09:50:36,1042.85,1815668
2021-06-15 09:50:36,1042.85,1815706
2021-06-15 09:50:38,1042.75,1815890
2021-06-15 09:50:40,1043.25,1816127
2021-06-15 09:50:41,1042.9,1816298
2021-06-15 09:50:42,1043.25,1816348
2021-06-15 09:50:43,1043.25,1816424
2021-06-15 09:50:43,1043.25,1816424
2021-06-15 09:50:44,1043.25,1816636
2021-06-15 09:50:45,1043.25,1816729
2021-06-15 09:50:46,1043.2,1816817
2021-06-15 09:50:47,1043.2,1816838
2021-06-15 09:50:48,1043.25,1817000
2021-06-15 09:50:49,1043.5,1817740
2021-06-15 09:50:50,1043.75,1818138
2021-06-15 09:50:51,1043.35,1818452
2021-06-15 09:50:52,1043.25,1818955
2021-06-15 09:50:53,1043.75,1819200
2021-06-15 09:50:54,1043.75,1819200
2021-06-15 09:50:56,1043.55,1820096
2021-06-15 09:50:57,1043.1,1820281
2021-06-15 09:50:57,1043.1,1820281
2021-06-15 09:50:58,1043.15,1820301
2021-06-15 09:50:59,1043.15,1820301
2021-06-15 09:51:00,1043.1,1820318
2021-06-15 09:51:01,1043.1,1820318
2021-06-15 09:51:02,1043.15,1820358
2021-06-15 09:51:03,1043.15,1820861
2021-06-15 09:51:04,1043.15,1820862
2021-06-15 09:51:05,1043.3,1821162
2021-06-15 09:51:06,1043.0,1821202
2021-06-15 09:51:07,1043.0,1821524
2021-06-15 09:51:08,1043.1,1821529
2021-06-15 09:51:09,1042.95,1822738
2021-06-15 09:51:10,1042.6,1822791
2021-06-15 09:51:12,1042.6,1823065
2021-06-15 09:51:14,1042.65,1823382
2021-06-15 09:51:15,1042.55,1823482
2021-06-15 09:51:16,1042.5,1823935
2021-06-15 09:51:16,1042.5,1823935
2021-06-15 09:51:17,1042.85,1823945
2021-06-15 09:51:18,1042.95,1823965
2021-06-15 09:51:19,1042.95,1824006
2021-06-15 09:51:20,1042.45,1824169
2021-06-15 09:51:21,1042.45,1824169
2021-06-15 09:51:22,1042.6,1824194
2021-06-15 09:51:23,1042.6,1824208
2021-06-15 09:51:26,1042.45,1824394
2021-06-15 09:51:27,1042.6,1824740
2021-06-15 09:51:27,1042.6,1824720
2021-06-15 09:51:28,1042.6,1824750
2021-06-15 09:51:29,1042.5,1824795
2021-06-15 09:51:30,1042.5,1824798
2021-06-15 09:51:31,1042.6,1824852
2021-06-15 09:51:32,1042.85,1824927
2021-06-15 09:51:33,1041.5,1828351
2021-06-15 09:51:34,1041.5,1829012
2021-06-15 09:51:36,1041.55,1829104
2021-06-15 09:51:36,1041.55,1829367
2021-06-15 09:51:38,1042.05,1829467
2021-06-15 09:51:40,1042.05,1830451
2021-06-15 09:51:41,1041.5,1830821
2021-06-15 09:51:42,1041.5,1830821
2021-06-15 09:51:42,1041.25,1830840
2021-06-15 09:51:43,1041.25,1830955
2021-06-15 09:51:44,1041.05,1831512
2021-06-15 09:51:45,1041.0,1831993
2021-06-15 09:51:46,1040.8,1832452
2021-06-15 09:51:47,1040.45,1832932
2021-06-15 09:51:49,1040.65,1833205
2021-06-15 09:51:50,1040.1,1833547
2021-06-15 09:51:50,1040.1,1833547
2021-06-15 09:51:51,1040.2,1834062
2021-06-15 09:51:52,1040.7,1834162
2021-06-15 09:51:53,1040.0,1845820
2021-06-15 09:51:54,1040.85,1845852
2021-06-15 09:51:56,1040.45,1846157
2021-06-15 09:51:57,1040.65,1846294
2021-06-15 09:51:58,1040.65,1846855
2021-06-15 09:51:59,1040.65,1846911
2021-06-15 09:52:00,1040.7,1846991
2021-06-15 09:52:01,1040.9,1847016
2021-06-15 09:52:02,1040.9,1847036
2021-06-15 09:52:03,1040.65,1847306
2021-06-15 09:52:04,1040.65,1847533
2021-06-15 09:52:05,1040.65,1847835
2021-06-15 09:52:06,1040.6,1848078
2021-06-15 09:52:07,1040.2,1848578
2021-06-15 09:52:08,1040.2,1848730
2021-06-15 09:52:09,1040.45,1859447
2021-06-15 09:52:10,1039.95,1859518
2021-06-15 09:52:12,1040.45,1859698
2021-06-15 09:52:13,1040.55,1859886
2021-06-15 09:52:14,1040.25,1860280
2021-06-15 09:52:15,1040.3,1860838
2021-06-15 09:52:15,1040.45,1860843
2021-06-15 09:52:16,1040.55,1862701
2021-06-15 09:52:17,1040.55,1862721
2021-06-15 09:52:18,1040.6,1862867
2021-06-15 09:52:19,1040.6,1862977
2021-06-15 09:52:20,1039.6,1872987
2021-06-15 09:52:21,1041.0,1873589
2021-06-15 09:52:22,1041.05,1873635
2021-06-15 09:52:23,1041.15,1873843
2021-06-15 09:52:24,1040.65,1874001
2021-06-15 09:52:25,1040.65,1874012
2021-06-15 09:52:26,1041.2,1874238
2021-06-15 09:52:27,1040.75,1874598
2021-06-15 09:52:28,1041.0,1876021
2021-06-15 09:52:30,1040.4,1876647
2021-06-15 09:52:30,1040.3,1885710
2021-06-15 09:52:32,1040.25,1885968
2021-06-15 09:52:33,1040.3,1886477
2021-06-15 09:52:34,1040.35,1886613
2021-06-15 09:52:34,1040.75,1886909
2021-06-15 09:52:35,1040.7,1887021
2021-06-15 09:52:37,1040.15,1887146
2021-06-15 09:52:38,1040.6,1887331
2021-06-15 09:52:39,1040.2,1887411
2021-06-15 09:52:40,1040.2,1887411
2021-06-15 09:52:40,1040.2,1887411
2021-06-15 09:52:41,1040.2,1887411
2021-06-15 09:52:43,1040.65,1887417
2021-06-15 09:52:44,1040.45,1887723
2021-06-15 09:52:45,1040.45,1887783
2021-06-15 09:52:46,1040.4,1887910
2021-06-15 09:52:47,1040.3,1888861
2021-06-15 09:52:48,1040.0,1888905
2021-06-15 09:52:48,1040.0,1888905
2021-06-15 09:52:49,1040.35,1889657
2021-06-15 09:52:50,1040.8,1890803
2021-06-15 09:52:51,1040.5,1890995
2021-06-15 09:52:53,1041.0,1891434
2021-06-15 09:52:54,1040.9,1891501
2021-06-15 09:52:55,1040.5,1891506
2021-06-15 09:52:56,1040.4,1891508
2021-06-15 09:52:57,1040.4,1891690
2021-06-15 09:52:59,1040.65,1891725
2021-06-15 09:53:01,1040.1,1892099
2021-06-15 09:53:02,1040.0,1892224
2021-06-15 09:53:03,1040.45,1892340
2021-06-15 09:53:03,1040.45,1892340
2021-06-15 09:53:04,1040.5,1892371
2021-06-15 09:53:06,1040.15,1892502
2021-06-15 09:53:07,1040.0,1892579
2021-06-15 09:53:08,1040.3,1892713
2021-06-15 09:53:09,1040.3,1892733
2021-06-15 09:53:10,1040.3,1893026
2021-06-15 09:53:11,1040.5,1893036
2021-06-15 09:53:12,1040.25,1893190
2021-06-15 09:53:13,1040.25,1893210
2021-06-15 09:53:14,1040.5,1893410
2021-06-15 09:53:15,1040.3,1893418
2021-06-15 09:53:15,1040.3,1893418
2021-06-15 09:53:16,1040.5,1893423
2021-06-15 09:53:19,1040.05,1894959
2021-06-15 09:53:20,1040.0,1895040
2021-06-15 09:53:20,1040.0,1895040
2021-06-15 09:53:21,1040.25,1895165
2021-06-15 09:53:22,1040.25,1895250
2021-06-15 09:53:23,1040.05,1895278
2021-06-15 09:53:25,1040.05,1895288
2021-06-15 09:53:26,1040.15,1895598
2021-06-15 09:53:27,1040.0,1895806
2021-06-15 09:53:28,1040.0,1895806
2021-06-15 09:53:28,1040.05,1895826
2021-06-15 09:53:29,1040.05,1895826
2021-06-15 09:53:30,1040.0,1896040
2021-06-15 09:53:31,1040.0,1896632
2021-06-15 09:53:33,1040.0,1896632
2021-06-15 09:53:34,1040.25,1897553
2021-06-15 09:53:35,1040.25,1897835
2021-06-15 09:53:35,1040.25,1897835
2021-06-15 09:53:36,1040.25,1897923
2021-06-15 09:53:38,1040.25,1897990
2021-06-15 09:53:39,1040.05,1898090
2021-06-15 09:53:40,1040.05,1898092
2021-06-15 09:53:41,1040.1,1898117
2021-06-15 09:53:42,1040.1,1898131
2021-06-15 09:53:42,1040.1,1898131
2021-06-15 09:53:43,1040.25,1898900
2021-06-15 09:53:44,1040.1,1899479
2021-06-15 09:53:45,1040.1,1900123
2021-06-15 09:53:46,1040.05,1900247
2021-06-15 09:53:47,1040.05,1900247
2021-06-15 09:53:49,1040.1,1900747
2021-06-15 09:53:50,1040.25,1900759
2021-06-15 09:53:52,1040.05,1901031
2021-06-15 09:53:53,1040.1,1902264
2021-06-15 09:53:54,1040.0,1902711
2021-06-15 09:53:54,1040.0,1902711
2021-06-15 09:53:55,1040.1,1902961
2021-06-15 09:53:56,1040.0,1904254
2021-06-15 09:53:57,1040.0,1904254
2021-06-15 09:53:59,1040.5,1904399
2021-06-15 09:54:00,1040.5,1904403
2021-06-15 09:54:01,1040.1,1904529
2021-06-15 09:54:02,1040.5,1905181
2021-06-15 09:54:03,1040.6,1905297
2021-06-15 09:54:03,1040.6,1905297
2021-06-15 09:54:05,1040.1,1905497
2021-06-15 09:54:06,1040.45,1905549
2021-06-15 09:54:07,1040.35,1905553
2021-06-15 09:54:08,1040.0,1905583
2021-06-15 09:54:09,1040.5,1905723
2021-06-15 09:54:10,1040.1,1905761
2021-06-15 09:54:10,1040.1,1905761
2021-06-15 09:54:12,1040.25,1905816
2021-06-15 09:54:13,1040.65,1906566
2021-06-15 09:54:14,1040.35,1906595
2021-06-15 09:54:15,1040.65,1907800
2021-06-15 09:54:15,1040.65,1907800
2021-06-15 09:54:17,1040.2,1907840
2021-06-15 09:54:18,1040.15,1907989
2021-06-15 09:54:19,1040.6,1907994
2021-06-15 09:54:20,1040.65,1908114
2021-06-15 09:54:21,1040.65,1909139
2021-06-15 09:54:22,1040.65,1909159
2021-06-15 09:54:23,1040.65,1909245
2021-06-15 09:54:23,1040.65,1909246
2021-06-15 09:54:26,1040.2,1909578
2021-06-15 09:54:27,1040.15,1909631
2021-06-15 09:54:28,1040.15,1909690
2021-06-15 09:54:29,1040.2,1909940
2021-06-15 09:54:30,1040.15,1910068
2021-06-15 09:54:31,1040.2,1910129
2021-06-15 09:54:32,1040.1,1910157
2021-06-15 09:54:32,1040.1,1910157
2021-06-15 09:54:33,1040.0,1914711
2021-06-15 09:54:34,1039.8,1914811
2021-06-15 09:54:36,1039.7,1914828
2021-06-15 09:54:37,1039.55,1914958
2021-06-15 09:54:38,1040.1,1915058
2021-06-15 09:54:39,1039.95,1915088
2021-06-15 09:54:40,1039.8,1915188
2021-06-15 09:54:41,1039.65,1915288
2021-06-15 09:54:42,1040.0,1915663
2021-06-15 09:54:42,1040.0,1915663
2021-06-15 09:54:44,1040.0,1915771
2021-06-15 09:54:45,1039.95,1916999
2021-06-15 09:54:46,1040.0,1917972
2021-06-15 09:54:47,1040.55,1918182
2021-06-15 09:54:49,1040.5,1918837
2021-06-15 09:54:50,1040.05,1918852
2021-06-15 09:54:50,1040.05,1918852
2021-06-15 09:54:53,1040.05,1918949
2021-06-15 09:54:54,1040.5,1919525
2021-06-15 09:54:55,1040.55,1919738
2021-06-15 09:54:55,1040.55,1919738
2021-06-15 09:54:56,1040.4,1919803
2021-06-15 09:54:58,1040.55,1919882
2021-06-15 09:54:59,1040.65,1920321
2021-06-15 09:55:00,1041.0,1920691
2021-06-15 09:55:01,1041.0,1921087
2021-06-15 09:55:02,1040.55,1921162
2021-06-15 09:55:03,1040.6,1921274
2021-06-15 09:55:04,1040.5,1921309
2021-06-15 09:55:04,1040.5,1921309
2021-06-15 09:55:06,1040.5,1921358
2021-06-15 09:55:07,1040.45,1921452
2021-06-15 09:55:08,1040.4,1921472
2021-06-15 09:55:09,1041.0,1921527
2021-06-15 09:55:10,1040.45,1921705
2021-06-15 09:55:11,1040.45,1921821
2021-06-15 09:55:11,1040.9,1921851
2021-06-15 09:55:13,1040.9,1921860
2021-06-15 09:55:14,1040.45,1921861
2021-06-15 09:55:15,1040.9,1921875
2021-06-15 09:55:16,1040.9,1921924
2021-06-15 09:55:17,1040.9,1922074
2021-06-15 09:55:19,1040.5,1922107
2021-06-15 09:55:21,1040.55,1922168
2021-06-15 09:55:23,1041.0,1922368
2021-06-15 09:55:24,1040.75,1924523
2021-06-15 09:55:25,1041.0,1924591
2021-06-15 09:55:26,1041.0,1924591
2021-06-15 09:55:28,1041.2,1925226
2021-06-15 09:55:29,1041.15,1926625
2021-06-15 09:55:30,1041.5,1926644
2021-06-15 09:55:31,1041.5,1926675
2021-06-15 09:55:31,1041.45,1926758
2021-06-15 09:55:33,1041.45,1926758
2021-06-15 09:55:34,1041.45,1926767
2021-06-15 09:55:35,1041.45,1926872
2021-06-15 09:55:36,1041.0,1927224
2021-06-15 09:55:37,1041.4,1927336
2021-06-15 09:55:38,1041.5,1927402
2021-06-15 09:55:39,1041.5,1927402
2021-06-15 09:55:40,1041.2,1927452
2021-06-15 09:55:41,1041.2,1927452
2021-06-15 09:55:41,1041.2,1927472
2021-06-15 09:55:42,1041.2,1927524
2021-06-15 09:55:43,1041.2,1927534
2021-06-15 09:55:45,1041.55,1928308
2021-06-15 09:55:46,1041.4,1928319
2021-06-15 09:55:47,1041.4,1928319
2021-06-15 09:55:48,1041.35,1928329
2021-06-15 09:55:48,1041.35,1928329
2021-06-15 09:55:50,1041.05,1928345
2021-06-15 09:55:52,1041.05,1928506
2021-06-15 09:55:53,1041.4,1928511
2021-06-15 09:55:54,1041.2,1928521
2021-06-15 09:55:56,1041.7,1928767
2021-06-15 09:55:57,1041.7,1928991
2021-06-15 09:55:58,1041.5,1929423
2021-06-15 09:55:58,1041.5,1929423
2021-06-15 09:55:59,1041.5,1929483
2021-06-15 09:56:00,1041.75,1929640
2021-06-15 09:56:02,1041.5,1929891
2021-06-15 09:56:03,1041.5,1931289
2021-06-15 09:56:04,1041.5,1931329
2021-06-15 09:56:05,1041.2,1931534
2021-06-15 09:56:06,1041.25,1931712
2021-06-15 09:56:07,1041.7,1931781
2021-06-15 09:56:08,1041.7,1931781
2021-06-15 09:56:09,1041.7,1931781
2021-06-15 09:56:10,1041.7,1931891
2021-06-15 09:56:12,1041.55,1932255
2021-06-15 09:56:13,1041.55,1932265
2021-06-15 09:56:14,1041.55,1932265
2021-06-15 09:56:15,1041.45,1932351
2021-06-15 09:56:16,1041.45,1932491
2021-06-15 09:56:17,1041.65,1932501
2021-06-15 09:56:19,1041.25,1932793
2021-06-15 09:56:20,1041.2,1932993
2021-06-15 09:56:21,1041.2,1932993
2021-06-15 09:56:22,1041.2,1933003
2021-06-15 09:56:23,1041.2,1933763
2021-06-15 09:56:24,1041.2,1933863
2021-06-15 09:56:25,1041.1,1934279
2021-06-15 09:56:26,1041.2,1934339
2021-06-15 09:56:27,1041.6,1934361
2021-06-15 09:56:28,1041.05,1934731
2021-06-15 09:56:29,1041.2,1935036
2021-06-15 09:56:30,1041.2,1935036
2021-06-15 09:56:31,1041.05,1935059
2021-06-15 09:56:32,1041.05,1935069
2021-06-15 09:56:33,1041.05,1935074
2021-06-15 09:56:34,1041.0,1935402
2021-06-15 09:56:35,1041.0,1935603
2021-06-15 09:56:36,1041.0,1935659
2021-06-15 09:56:37,1041.0,1935712
2021-06-15 09:56:39,1041.0,1935762
2021-06-15 09:56:38,1041.0,1935762
2021-06-15 09:56:40,1040.95,1936165
2021-06-15 09:56:41,1041.1,1937165
2021-06-15 09:56:42,1040.6,1937166
2021-06-15 09:56:43,1041.0,1937219
2021-06-15 09:56:44,1040.5,1937369
2021-06-15 09:56:45,1040.5,1937370
2021-06-15 09:56:46,1041.0,1937380
2021-06-15 09:56:47,1040.6,1937384
2021-06-15 09:56:48,1040.6,1937384
2021-06-15 09:56:49,1040.6,1937384
2021-06-15 09:56:50,1041.0,1937544
2021-06-15 09:56:51,1040.7,1937844
2021-06-15 09:56:52,1041.0,1938019
2021-06-15 09:56:53,1041.1,1941544
2021-06-15 09:56:54,1041.2,1941571
2021-06-15 09:56:55,1041.2,1941571
2021-06-15 09:56:56,1041.2,1941571
2021-06-15 09:56:57,1041.6,1942275
2021-06-15 09:56:58,1041.75,1942797
2021-06-15 09:56:59,1041.4,1943395
2021-06-15 09:57:00,1041.35,1943902
2021-06-15 09:57:01,1041.4,1943908
2021-06-15 09:57:02,1041.4,1943908
2021-06-15 09:57:03,1041.25,1944268
2021-06-15 09:57:04,1041.8,1944568
2021-06-15 09:57:05,1041.8,1944568
2021-06-15 09:57:06,1041.35,1944718
2021-06-15 09:57:07,1041.75,1944758
2021-06-15 09:57:10,1041.4,1945419
2021-06-15 09:57:11,1041.4,1945419
2021-06-15 09:57:13,1041.4,1945749
2021-06-15 09:57:14,1041.8,1945786
2021-06-15 09:57:15,1041.6,1945846
2021-06-15 09:57:16,1041.6,1945846
2021-06-15 09:57:17,1041.8,1945863
2021-06-15 09:57:18,1041.9,1945886
2021-06-15 09:57:19,1041.6,1945906
2021-06-15 09:57:21,1041.6,1946050
2021-06-15 09:57:22,1041.9,1946134
2021-06-15 09:57:23,1041.9,1946156
2021-06-15 09:57:24,1041.6,1946327
2021-06-15 09:57:25,1041.45,1946347
2021-06-15 09:57:26,1041.35,1946471
2021-06-15 09:57:27,1041.85,1946526
2021-06-15 09:57:28,1041.85,1946526
2021-06-15 09:57:29,1041.85,1946526
2021-06-15 09:57:30,1041.6,1946648
2021-06-15 09:57:31,1041.6,1946648
2021-06-15 09:57:32,1041.6,1947007
2021-06-15 09:57:33,1041.8,1947017
2021-06-15 09:57:34,1041.9,1947132
2021-06-15 09:57:35,1041.8,1947134
2021-06-15 09:57:36,1041.35,1947199
2021-06-15 09:57:37,1041.5,1947251
2021-06-15 09:57:38,1041.55,1947336
2021-06-15 09:57:39,1041.6,1947776
2021-06-15 09:57:40,1041.6,1947826
2021-06-15 09:57:41,1041.6,1947855
2021-06-15 09:57:42,1041.55,1948018
2021-06-15 09:57:43,1041.55,1948018
2021-06-15 09:57:44,1041.6,1948073
2021-06-15 09:57:45,1041.45,1948176
2021-06-15 09:57:46,1041.0,1948570
2021-06-15 09:57:47,1041.35,1948595
2021-06-15 09:57:48,1041.35,1948595
2021-06-15 09:57:49,1041.35,1948620
2021-06-15 09:57:50,1041.0,1948633
2021-06-15 09:57:51,1041.35,1948642
2021-06-15 09:57:52,1041.0,1948742
2021-06-15 09:57:53,1041.25,1948904
2021-06-15 09:57:54,1041.25,1949054
2021-06-15 09:57:55,1041.25,1949054
2021-06-15 09:57:57,1041.35,1949414
2021-06-15 09:57:58,1041.0,1949434
2021-06-15 09:57:59,1041.0,1949487
2021-06-15 09:58:01,1041.0,1949599
2021-06-15 09:58:02,1041.0,1949671
2021-06-15 09:58:03,1041.0,1949727
2021-06-15 09:58:04,1041.0,1949727
2021-06-15 09:58:05,1041.25,1949890
2021-06-15 09:58:06,1041.0,1950030
2021-06-15 09:58:07,1040.8,1950831
2021-06-15 09:58:08,1040.8,1950831
2021-06-15 09:58:10,1040.8,1950920
2021-06-15 09:58:12,1040.5,1951155
2021-06-15 09:58:13,1040.5,1951155
2021-06-15 09:58:13,1040.5,1951422
2021-06-15 09:58:14,1040.5,1951522
2021-06-15 09:58:15,1040.7,1951572
2021-06-15 09:58:16,1040.5,1951577
2021-06-15 09:58:18,1040.75,1951591
2021-06-15 09:58:19,1040.8,1951691
2021-06-15 09:58:20,1040.8,1951691
2021-06-15 09:58:21,1040.35,1952196
2021-06-15 09:58:22,1040.75,1952338
2021-06-15 09:58:23,1040.8,1953568
2021-06-15 09:58:24,1040.4,1953593
2021-06-15 09:58:25,1040.4,1953686
2021-06-15 09:58:28,1040.95,1954696
2021-06-15 09:58:28,1040.95,1954696
2021-06-15 09:58:29,1040.75,1954877
2021-06-15 09:58:30,1040.25,1955101
2021-06-15 09:58:31,1040.4,1955129
2021-06-15 09:58:33,1040.4,1955239
2021-06-15 09:58:33,1040.45,1955309
2021-06-15 09:58:34,1040.35,1955482
2021-06-15 09:58:35,1040.35,1955542
2021-06-15 09:58:36,1040.35,1955542
2021-06-15 09:58:37,1040.35,1955586
2021-06-15 09:58:38,1040.45,1955847
2021-06-15 09:58:39,1040.0,1956006
2021-06-15 09:58:41,1040.0,1956006
2021-06-15 09:58:41,1040.0,1956006
2021-06-15 09:58:42,1040.05,1956529
2021-06-15 09:58:43,1040.05,1956555
2021-06-15 09:58:44,1040.05,1956626
2021-06-15 09:58:45,1040.35,1957226
2021-06-15 09:58:46,1040.0,1957613
2021-06-15 09:58:47,1040.0,1957932
2021-06-15 09:58:48,1040.0,1957937
2021-06-15 09:58:49,1040.0,1957992
2021-06-15 09:58:50,1039.95,1964606
2021-06-15 09:58:51,1039.8,1965108
2021-06-15 09:58:53,1039.5,1965793
2021-06-15 09:58:53,1039.8,1965798
2021-06-15 09:58:54,1039.9,1966037
2021-06-15 09:58:55,1039.6,1966131
2021-06-15 09:58:56,1039.55,1966291
2021-06-15 09:58:57,1039.95,1966341
2021-06-15 09:58:58,1039.5,1966491
2021-06-15 09:58:59,1039.4,1967185
2021-06-15 09:59:00,1039.4,1967185
2021-06-15 09:59:01,1039.55,1967240
2021-06-15 09:59:02,1039.5,1967653
2021-06-15 09:59:03,1039.5,1967743
2021-06-15 09:59:05,1039.55,1968189
2021-06-15 09:59:05,1039.55,1968189
2021-06-15 09:59:06,1039.5,1968219
2021-06-15 09:59:07,1039.55,1968339
2021-06-15 09:59:08,1039.5,1968457
2021-06-15 09:59:09,1039.55,1968482
2021-06-15 09:59:10,1039.5,1968574
2021-06-15 09:59:11,1039.5,1968574
2021-06-15 09:59:12,1039.5,1968644
2021-06-15 09:59:13,1039.55,1968956
2021-06-15 09:59:14,1039.5,1969104
2021-06-15 09:59:15,1039.55,1969244
2021-06-15 09:59:16,1039.5,1969246
2021-06-15 09:59:17,1039.55,1969426
2021-06-15 09:59:18,1039.5,1969759
2021-06-15 09:59:20,1039.4,1969962
2021-06-15 09:59:20,1039.55,1972145
2021-06-15 09:59:21,1039.55,1972320
2021-06-15 09:59:22,1039.5,1973043
2021-06-15 09:59:23,1039.5,1973419
2021-06-15 09:59:24,1039.55,1973521
2021-06-15 09:59:26,1039.5,1973625
2021-06-15 09:59:26,1039.55,1973724
2021-06-15 09:59:27,1039.9,1973919
2021-06-15 09:59:28,1040.0,1974474
2021-06-15 09:59:29,1040.0,1974866
2021-06-15 09:59:30,1039.9,1975882
2021-06-15 09:59:31,1040.0,1976609
2021-06-15 09:59:32,1039.7,1976803
2021-06-15 09:59:33,1040.0,1977573
2021-06-15 09:59:34,1040.0,1977736
2021-06-15 09:59:35,1040.0,1978093
2021-06-15 09:59:37,1040.0,1978275
2021-06-15 09:59:37,1040.0,1978175
2021-06-15 09:59:38,1040.4,1978385
2021-06-15 09:59:39,1040.3,1978404
2021-06-15 09:59:40,1040.0,1978836
2021-06-15 09:59:41,1040.65,1978933
2021-06-15 09:59:42,1040.55,1979232
2021-06-15 09:59:43,1040.55,1979775
2021-06-15 09:59:45,1040.5,1979926
2021-06-15 09:59:45,1040.55,1979916
2021-06-15 09:59:46,1040.5,1979926
2021-06-15 09:59:47,1040.05,1979939
2021-06-15 09:59:48,1040.0,1980247
2021-06-15 09:59:49,1040.5,1980429
2021-06-15 09:59:51,1040.5,1980504
2021-06-15 09:59:52,1040.5,1980661
2021-06-15 09:59:53,1040.5,1980698
2021-06-15 09:59:54,1040.5,1980708
2021-06-15 09:59:54,1040.15,1980728
2021-06-15 09:59:55,1040.15,1980851
2021-06-15 09:59:56,1040.5,1980962
2021-06-15 09:59:57,1040.15,1981493
2021-06-15 09:59:58,1040.55,1981584
2021-06-15 10:00:01,1040.3,1982077
2021-06-15 10:00:03,1040.15,1982178
2021-06-15 10:00:03,1040.3,1982188
2021-06-15 10:00:06,1040.25,1983164
2021-06-15 10:00:06,1040.85,1983314
2021-06-15 10:00:08,1040.95,1983618
2021-06-15 10:00:09,1040.45,1983674
2021-06-15 10:00:10,1040.45,1983674
2021-06-15 10:00:11,1040.45,1983674
2021-06-15 10:00:12,1040.5,1983687
2021-06-15 10:00:13,1040.5,1984562
2021-06-15 10:00:15,1040.9,1984671
2021-06-15 10:00:15,1040.9,1984671
2021-06-15 10:00:16,1040.95,1984828
2021-06-15 10:00:17,1040.5,1985152
2021-06-15 10:00:18,1040.45,1985492
2021-06-15 10:00:19,1040.9,1985642
2021-06-15 10:00:21,1040.9,1985758
2021-06-15 10:00:22,1040.9,1985758
2021-06-15 10:00:22,1040.55,1985808
2021-06-15 10:00:23,1040.55,1985858
2021-06-15 10:00:24,1040.9,1985873
2021-06-15 10:00:25,1040.5,1985943
2021-06-15 10:00:27,1040.5,1986227
2021-06-15 10:00:28,1041.0,1987033
2021-06-15 10:00:30,1040.95,1987736
2021-06-15 10:00:31,1040.95,1988242
2021-06-15 10:00:32,1041.4,1988257
2021-06-15 10:00:33,1041.0,1988758
2021-06-15 10:00:33,1041.0,1988884
2021-06-15 10:00:34,1041.4,1988967
2021-06-15 10:00:35,1041.4,1989000
2021-06-15 10:00:36,1041.1,1989412
2021-06-15 10:00:38,1041.5,1989706
2021-06-15 10:00:39,1041.5,1989859
2021-06-15 10:00:39,1041.5,1989879
2021-06-15 10:00:40,1041.1,1990250
2021-06-15 10:00:41,1041.45,1990345
2021-06-15 10:00:44,1041.2,1990519
2021-06-15 10:00:45,1041.4,1990529
2021-06-15 10:00:46,1041.2,1990656
2021-06-15 10:00:46,1041.25,1990676
2021-06-15 10:00:47,1041.0,1990686
2021-06-15 10:00:48,1041.15,1990757
2021-06-15 10:00:49,1041.15,1990825
2021-06-15 10:00:51,1041.0,1991075
2021-06-15 10:00:51,1041.15,1991082
2021-06-15 10:00:53,1041.2,1991262
2021-06-15 10:00:54,1041.0,1991324
2021-06-15 10:00:54,1041.0,1991324
2021-06-15 10:00:55,1041.15,1991333
2021-06-15 10:00:56,1041.0,1991352
2021-06-15 10:01:00,1041.1,1991473
2021-06-15 10:01:01,1040.55,1991913
2021-06-15 10:01:02,1040.75,1992029
2021-06-15 10:01:04,1040.25,1992966
2021-06-15 10:01:05,1040.9,1993107
2021-06-15 10:01:07,1040.25,1993117
2021-06-15 10:01:08,1040.5,1993152
2021-06-15 10:01:08,1040.5,1993187
2021-06-15 10:01:09,1040.5,1993187
2021-06-15 10:01:10,1040.5,1993187
2021-06-15 10:01:11,1040.5,1993247
2021-06-15 10:01:12,1040.5,1993662
2021-06-15 10:01:13,1040.5,1993848
2021-06-15 10:01:15,1040.65,1993997
2021-06-15 10:01:16,1040.7,1994112
2021-06-15 10:01:16,1040.7,1994112
2021-06-15 10:01:17,1040.7,1994160
2021-06-15 10:01:18,1040.25,1994212
2021-06-15 10:01:19,1040.25,1994276
2021-06-15 10:01:20,1040.05,1994552
2021-06-15 10:01:21,1040.15,1994667
2021-06-15 10:01:22,1040.0,1994885
2021-06-15 10:01:24,1040.0,1995272
2021-06-15 10:01:25,1040.0,1995533
2021-06-15 10:01:25,1040.35,1995569
2021-06-15 10:01:26,1040.4,1995640
2021-06-15 10:01:27,1040.0,1995662
2021-06-15 10:01:28,1039.8,1998877
2021-06-15 10:01:30,1040.0,1999477
2021-06-15 10:01:31,1039.8,1999670
2021-06-15 10:01:32,1040.0,1999784
2021-06-15 10:01:33,1040.0,1999899
2021-06-15 10:01:34,1040.0,1999967
2021-06-15 10:01:35,1040.0,2000117
2021-06-15 10:01:36,1040.0,2000152
2021-06-15 10:01:37,1039.95,2000331
2021-06-15 10:01:38,1040.0,2000376
2021-06-15 10:01:39,1040.0,2000376
2021-06-15 10:01:40,1040.0,2000380
2021-06-15 10:01:41,1040.0,2000380
2021-06-15 10:01:42,1040.0,2000380
2021-06-15 10:01:42,1040.0,2000380
2021-06-15 10:01:43,1040.0,2000380
2021-06-15 10:01:44,1039.95,2000390
2021-06-15 10:01:45,1040.0,2000602
2021-06-15 10:01:48,1040.0,2000933
2021-06-15 10:01:49,1039.95,2001055
2021-06-15 10:01:50,1040.0,2001172
2021-06-15 10:01:52,1040.0,2001552
2021-06-15 10:01:53,1040.0,2001625
2021-06-15 10:01:53,1040.0,2001625
2021-06-15 10:01:54,1039.8,2001825
2021-06-15 10:01:55,1040.0,2002519
2021-06-15 10:01:56,1039.8,2002998
2021-06-15 10:01:57,1040.0,2003139
2021-06-15 10:01:58,1040.1,2003143
2021-06-15 10:01:59,1040.1,2003143
2021-06-15 10:02:00,1040.0,2003176
2021-06-15 10:02:01,1040.0,2003176
2021-06-15 10:02:02,1040.0,2003274
2021-06-15 10:02:03,1040.0,2003329
2021-06-15 10:02:04,1040.0,2003349
2021-06-15 10:02:05,1040.0,2003414
2021-06-15 10:02:06,1040.0,2003419
2021-06-15 10:02:07,1040.0,2003559
2021-06-15 10:02:08,1039.8,2003583
2021-06-15 10:02:10,1039.8,2003588
2021-06-15 10:02:11,1039.8,2003588
2021-06-15 10:02:12,1040.0,2003849
2021-06-15 10:02:13,1040.0,2003896
2021-06-15 10:02:14,1039.7,2004096
2021-06-15 10:02:15,1039.9,2004136
2021-06-15 10:02:16,1039.7,2004142
2021-06-15 10:02:16,1039.8,2004192
2021-06-15 10:02:17,1039.8,2004228
2021-06-15 10:02:18,1039.8,2004242
2021-06-15 10:02:19,1039.8,2004242
2021-06-15 10:02:20,1039.5,2004637
2021-06-15 10:02:21,1039.5,2004847
2021-06-15 10:02:22,1039.8,2004870
2021-06-15 10:02:23,1039.95,2004970
2021-06-15 10:02:24,1039.5,2004998
2021-06-15 10:02:25,1039.5,2005373
2021-06-15 10:02:26,1039.5,2005454
2021-06-15 10:02:28,1039.5,2005704
2021-06-15 10:02:28,1039.5,2005889
2021-06-15 10:02:29,1039.85,2005973
2021-06-15 10:02:30,1039.5,2006197
2021-06-15 10:02:32,1039.5,2006274
2021-06-15 10:02:33,1039.5,2006395
2021-06-15 10:02:34,1039.6,2006747
2021-06-15 10:02:35,1039.55,2007137
2021-06-15 10:02:36,1039.55,2007196
2021-06-15 10:02:37,1039.5,2007216
2021-06-15 10:02:38,1039.9,2007221
2021-06-15 10:02:39,1039.6,2007471
2021-06-15 10:02:40,1039.5,2007844
2021-06-15 10:02:41,1039.6,2008352
2021-06-15 10:02:41,1039.5,2008284
2021-06-15 10:02:42,1039.5,2008353
2021-06-15 10:02:44,1039.5,2008354
2021-06-15 10:02:45,1039.5,2008407
2021-06-15 10:02:47,1039.6,2008482
2021-06-15 10:02:48,1039.6,2008505
2021-06-15 10:02:49,1039.5,2008852
2021-06-15 10:02:50,1039.8,2008923
2021-06-15 10:02:51,1039.6,2009063
2021-06-15 10:02:52,1039.6,2009134
2021-06-15 10:02:53,1039.6,2009179
2021-06-15 10:02:55,1039.5,2009246
2021-06-15 10:02:56,1039.9,2009324
2021-06-15 10:02:57,1039.85,2009326
2021-06-15 10:02:58,1039.85,2009326
2021-06-15 10:02:59,1039.85,2009327
2021-06-15 10:02:59,1039.85,2009327
2021-06-15 10:03:00,1040.1,2011346
2021-06-15 10:03:01,1040.3,2011797
2021-06-15 10:03:02,1040.8,2012479
2021-06-15 10:03:03,1040.6,2012771
2021-06-15 10:03:04,1040.25,2013002
2021-06-15 10:03:05,1040.65,2013037
2021-06-15 10:03:06,1040.65,2013037
2021-06-15 10:03:07,1040.1,2013046
2021-06-15 10:03:08,1040.1,2013046
2021-06-15 10:03:09,1040.25,2013061
2021-06-15 10:03:11,1040.1,2013181
2021-06-15 10:03:13,1040.0,2013228
2021-06-15 10:03:14,1040.0,2013228
2021-06-15 10:03:16,1040.3,2013327
2021-06-15 10:03:17,1040.3,2013558
2021-06-15 10:03:18,1040.0,2015872
2021-06-15 10:03:19,1040.35,2016304
2021-06-15 10:03:20,1040.25,2016705
2021-06-15 10:03:21,1040.1,2016908
2021-06-15 10:03:22,1040.1,2016996
2021-06-15 10:03:23,1040.0,2017015
2021-06-15 10:03:24,1040.1,2017232
2021-06-15 10:03:25,1040.35,2017342
2021-06-15 10:03:26,1040.55,2017660
2021-06-15 10:03:27,1040.1,2017898
2021-06-15 10:03:29,1040.5,2018131
2021-06-15 10:03:30,1040.3,2018280
2021-06-15 10:03:31,1040.3,2018280
2021-06-15 10:03:32,1040.5,2018286
2021-06-15 10:03:33,1039.75,2019886
2021-06-15 10:03:34,1040.3,2020123
2021-06-15 10:03:35,1040.25,2020364
2021-06-15 10:03:35,1040.3,2020399
2021-06-15 10:03:37,1040.0,2020502
2021-06-15 10:03:40,1039.75,2020771
2021-06-15 10:03:42,1040.1,2021096
2021-06-15 10:03:43,1040.05,2021150
2021-06-15 10:03:44,1040.1,2021414
2021-06-15 10:03:45,1040.4,2021510
2021-06-15 10:03:46,1040.5,2021640
2021-06-15 10:03:46,1040.35,2021639
2021-06-15 10:03:47,1040.5,2021690
2021-06-15 10:03:48,1040.0,2024396
2021-06-15 10:03:49,1040.3,2024880
2021-06-15 10:03:50,1040.3,2024890
2021-06-15 10:03:51,1039.75,2024915
2021-06-15 10:03:52,1040.15,2024967
2021-06-15 10:03:53,1039.6,2025040
2021-06-15 10:03:55,1039.75,2025083
2021-06-15 10:03:56,1039.5,2026302
2021-06-15 10:03:57,1039.6,2026723
2021-06-15 10:03:58,1040.0,2026912
2021-06-15 10:03:58,1040.0,2026939
2021-06-15 10:03:59,1040.0,2026939
2021-06-15 10:04:00,1039.75,2026989
2021-06-15 10:04:01,1039.5,2027244
2021-06-15 10:04:03,1039.75,2027392
2021-06-15 10:04:04,1039.45,2028190
2021-06-15 10:04:05,1040.0,2028217
2021-06-15 10:04:06,1039.55,2028442
2021-06-15 10:04:06,1040.0,2028463
2021-06-15 10:04:07,1040.0,2028463
2021-06-15 10:04:08,1040.0,2028463
2021-06-15 10:04:09,1040.0,2028463
2021-06-15 10:04:12,1039.5,2028727
2021-06-15 10:04:13,1039.5,2028781
2021-06-15 10:04:14,1039.45,2028817
2021-06-15 10:04:15,1039.7,2028954
2021-06-15 10:04:15,1039.65,2029026
2021-06-15 10:04:16,1039.5,2029031
2021-06-15 10:04:17,1039.5,2029041
2021-06-15 10:04:18,1039.5,2029263
2021-06-15 10:04:19,1039.5,2029305
2021-06-15 10:04:20,1039.1,2029322
2021-06-15 10:04:22,1039.0,2029866
2021-06-15 10:04:23,1039.05,2030030
2021-06-15 10:04:26,1039.1,2030255
2021-06-15 10:04:26,1039.1,2030268
2021-06-15 10:04:27,1039.0,2030290
2021-06-15 10:04:28,1039.0,2030598
2021-06-15 10:04:29,1039.1,2030681
2021-06-15 10:04:30,1039.25,2030799
2021-06-15 10:04:31,1039.25,2030862
2021-06-15 10:04:32,1039.3,2031175
2021-06-15 10:04:34,1039.75,2031268
2021-06-15 10:04:35,1039.95,2031938
2021-06-15 10:04:36,1039.95,2032084
2021-06-15 10:04:37,1039.5,2032249
2021-06-15 10:04:38,1039.55,2032299
2021-06-15 10:04:39,1040.0,2032594
2021-06-15 10:04:40,1040.0,2032723
2021-06-15 10:04:41,1039.75,2033038
2021-06-15 10:04:42,1040.0,2033193
2021-06-15 10:04:43,1040.0,2033211
2021-06-15 10:04:44,1040.0,2033295
2021-06-15 10:04:44,1040.0,2033320
2021-06-15 10:04:46,1040.0,2033420
2021-06-15 10:04:47,1039.7,2033490
2021-06-15 10:04:48,1039.7,2033603
2021-06-15 10:04:49,1039.7,2033631
2021-06-15 10:04:50,1039.65,2033637
2021-06-15 10:04:50,1039.65,2033634
2021-06-15 10:04:51,1039.65,2033637
2021-06-15 10:04:53,1039.7,2033668
2021-06-15 10:04:54,1039.35,2033923
2021-06-15 10:04:55,1039.7,2033974
2021-06-15 10:04:56,1039.7,2033974
2021-06-15 10:04:57,1040.0,2035302
2021-06-15 10:04:57,1039.4,2034202
2021-06-15 10:04:58,1040.0,2035468
2021-06-15 10:04:59,1040.0,2035544
2021-06-15 10:05:01,1039.75,2035660
2021-06-15 10:05:02,1039.9,2035800
2021-06-15 10:05:03,1039.7,2036017
2021-06-15 10:05:04,1039.7,2036176
2021-06-15 10:05:05,1039.65,2036289
2021-06-15 10:05:06,1040.25,2036771
2021-06-15 10:05:07,1040.35,2036901
2021-06-15 10:05:07,1040.35,2036901
2021-06-15 10:05:08,1039.9,2037155
2021-06-15 10:05:10,1039.75,2037199
2021-06-15 10:05:11,1039.3,2037229
2021-06-15 10:05:12,1039.2,2037478
2021-06-15 10:05:13,1039.65,2037609
2021-06-15 10:05:14,1039.65,2037723
2021-06-15 10:05:14,1039.65,2037723
2021-06-15 10:05:16,1039.65,2037723
2021-06-15 10:05:17,1039.75,2037778
2021-06-15 10:05:18,1039.65,2037789
2021-06-15 10:05:19,1039.75,2037802
2021-06-15 10:05:20,1039.7,2037813
2021-06-15 10:05:21,1039.65,2037902
2021-06-15 10:05:24,1039.65,2037947
2021-06-15 10:05:24,1039.65,2037947
2021-06-15 10:05:25,1039.4,2038048
2021-06-15 10:05:27,1039.65,2038178
2021-06-15 10:05:28,1039.65,2038197
2021-06-15 10:05:29,1039.4,2038202
2021-06-15 10:05:30,1039.2,2038269
2021-06-15 10:05:31,1039.35,2038283
2021-06-15 10:05:32,1039.4,2038323
2021-06-15 10:05:32,1039.4,2038323
2021-06-15 10:05:34,1039.2,2038433
2021-06-15 10:05:35,1039.15,2038575
2021-06-15 10:05:37,1039.1,2039022
2021-06-15 10:05:38,1039.4,2039090
2021-06-15 10:05:39,1039.4,2039240
2021-06-15 10:05:40,1039.1,2039583
2021-06-15 10:05:42,1039.5,2039669
2021-06-15 10:05:43,1038.85,2065942
2021-06-15 10:05:44,1038.8,2066217
2021-06-15 10:05:45,1038.35,2066483
2021-06-15 10:05:45,1038.75,2066513
2021-06-15 10:05:47,1038.8,2069297
2021-06-15 10:05:48,1038.3,2070455
2021-06-15 10:05:49,1038.35,2070639
2021-06-15 10:05:50,1038.35,2070772
2021-06-15 10:05:50,1038.8,2070888
2021-06-15 10:05:51,1038.4,2071228
2021-06-15 10:05:52,1039.0,2071999
2021-06-15 10:05:54,1039.8,2072492
2021-06-15 10:05:55,1039.85,2073761
2021-06-15 10:05:56,1039.9,2074293
2021-06-15 10:05:57,1039.45,2074414
2021-06-15 10:05:58,1040.1,2077868
2021-06-15 10:05:59,1040.2,2078351
2021-06-15 10:06:00,1040.1,2078488
2021-06-15 10:06:01,1040.5,2078636
2021-06-15 10:06:02,1040.55,2079440
2021-06-15 10:06:03,1040.3,2079746
2021-06-15 10:06:05,1040.6,2079939
2021-06-15 10:06:06,1040.6,2080034
2021-06-15 10:06:07,1040.6,2080046
2021-06-15 10:06:08,1040.9,2080440
2021-06-15 10:06:09,1040.4,2080578
2021-06-15 10:06:10,1040.85,2080910
2021-06-15 10:06:10,1040.85,2080861
2021-06-15 10:06:11,1040.4,2081368
2021-06-15 10:06:12,1040.8,2081848
2021-06-15 10:06:13,1040.4,2082060
2021-06-15 10:06:15,1040.8,2082125
2021-06-15 10:06:16,1040.5,2082150
2021-06-15 10:06:17,1040.85,2082163
2021-06-15 10:06:18,1040.8,2082168
2021-06-15 10:06:19,1040.45,2082177
2021-06-15 10:06:20,1040.85,2082401
2021-06-15 10:06:20,1040.85,2082443
2021-06-15 10:06:22,1040.5,2082531
2021-06-15 10:06:23,1040.5,2082636
2021-06-15 10:06:24,1040.5,2082690
2021-06-15 10:06:25,1040.85,2082725
2021-06-15 10:06:26,1040.85,2082738
