timestamp,ltp,volume
2021-06-15 09:15:47,1773.8,37385
2021-06-15 09:15:48,1773.75,38011
2021-06-15 09:15:49,1774.9,39176
2021-06-15 09:15:50,1775.0,39421
2021-06-15 09:15:51,1775.65,39473
2021-06-15 09:15:52,1774.45,39499
2021-06-15 09:15:53,1774.35,39617
2021-06-15 09:15:55,1774.1,39815
2021-06-15 09:15:54,1774.1,39789
2021-06-15 09:15:56,1774.1,40467
2021-06-15 09:15:57,1773.65,40746
2021-06-15 09:15:58,1773.7,41065
2021-06-15 09:15:59,1774.6,42269
2021-06-15 09:16:00,1775.25,42320
2021-06-15 09:16:01,1775.25,42331
2021-06-15 09:16:02,1775.25,42509
2021-06-15 09:16:03,1775.3,42557
2021-06-15 09:16:04,1775.3,42810
2021-06-15 09:16:06,1776.95,43111
2021-06-15 09:16:09,1776.4,45253
2021-06-15 09:16:10,1776.55,45529
2021-06-15 09:16:11,1777.35,45610
2021-06-15 09:16:12,1776.65,45929
2021-06-15 09:16:14,1777.25,47616
2021-06-15 09:16:15,1778.0,48493
2021-06-15 09:16:16,1778.4,48704
2021-06-15 09:16:17,1778.2,48716
2021-06-15 09:16:18,1778.85,48768
2021-06-15 09:16:19,1778.4,48769
2021-06-15 09:16:20,1778.6,48869
2021-06-15 09:16:21,1778.85,49157
2021-06-15 09:16:23,1778.55,49914
2021-06-15 09:16:23,1778.8,49997
2021-06-15 09:16:24,1778.1,50289
2021-06-15 09:16:26,1778.2,50900
2021-06-15 09:16:26,1778.95,51236
2021-06-15 09:16:27,1778.05,51291
2021-06-15 09:16:28,1777.25,51701
2021-06-15 09:16:29,1778.0,51781
2021-06-15 09:16:30,1778.25,52510
2021-06-15 09:16:31,1778.3,52568
2021-06-15 09:16:32,1777.4,52861
2021-06-15 09:16:34,1778.4,53249
2021-06-15 09:16:34,1778.7,53327
2021-06-15 09:16:35,1778.0,53430
2021-06-15 09:16:36,1778.8,53874
2021-06-15 09:16:37,1778.0,53926
2021-06-15 09:16:38,1778.05,53976
2021-06-15 09:16:39,1778.5,54175
2021-06-15 09:16:40,1778.9,54190
2021-06-15 09:16:41,1778.9,54190
2021-06-15 09:16:42,1779.0,54410
2021-06-15 09:16:43,1779.0,54431
2021-06-15 09:16:45,1779.0,54658
2021-06-15 09:16:45,1778.45,54660
2021-06-15 09:16:47,1779.4,55076
2021-06-15 09:16:47,1779.4,55079
2021-06-15 09:16:48,1778.5,55205
2021-06-15 09:16:51,1778.05,55571
2021-06-15 09:16:53,1778.5,55756
2021-06-15 09:16:53,1778.45,55833
2021-06-15 09:16:54,1778.0,56155
2021-06-15 09:16:56,1778.85,56485
2021-06-15 09:16:56,1778.05,56385
2021-06-15 09:16:57,1779.0,56585
2021-06-15 09:16:58,1778.2,56643
2021-06-15 09:16:59,1778.2,56677
2021-06-15 09:17:00,1779.0,57047
2021-06-15 09:17:01,1778.55,57097
2021-06-15 09:17:02,1779.15,57127
2021-06-15 09:17:03,1778.6,57228
2021-06-15 09:17:04,1779.0,57445
2021-06-15 09:17:05,1778.65,57446
2021-06-15 09:17:06,1778.65,57923
2021-06-15 09:17:07,1778.2,58114
2021-06-15 09:17:08,1778.65,58524
2021-06-15 09:17:09,1778.65,58693
2021-06-15 09:17:10,1778.65,60149
2021-06-15 09:17:11,1778.6,60427
2021-06-15 09:17:12,1778.6,60488
2021-06-15 09:17:13,1778.25,60521
2021-06-15 09:17:14,1778.2,60696
2021-06-15 09:17:15,1778.2,60748
2021-06-15 09:17:16,1778.05,61070
2021-06-15 09:17:17,1778.0,61162
2021-06-15 09:17:18,1778.05,61310
2021-06-15 09:17:19,1777.5,62188
2021-06-15 09:17:20,1776.7,62504
2021-06-15 09:17:21,1777.1,62687
2021-06-15 09:17:22,1777.55,62715
2021-06-15 09:17:23,1778.0,62950
2021-06-15 09:17:24,1777.5,62997
2021-06-15 09:17:25,1778.0,63225
2021-06-15 09:17:26,1777.5,63248
2021-06-15 09:17:27,1777.5,63254
2021-06-15 09:17:28,1777.5,63254
2021-06-15 09:17:29,1777.75,63285
2021-06-15 09:17:30,1778.15,63455
2021-06-15 09:17:31,1777.7,63485
2021-06-15 09:17:33,1777.9,63739
2021-06-15 09:17:33,1777.85,63810
2021-06-15 09:17:34,1778.0,63865
2021-06-15 09:17:35,1778.05,64050
2021-06-15 09:17:36,1778.0,64051
2021-06-15 09:17:37,1777.5,64463
2021-06-15 09:17:38,1778.65,64661
2021-06-15 09:17:39,1777.75,65125
2021-06-15 09:17:40,1778.0,65329
2021-06-15 09:17:41,1778.7,65430
2021-06-15 09:17:42,1778.65,65533
2021-06-15 09:17:43,1777.55,65711
2021-06-15 09:17:44,1777.75,65855
2021-06-15 09:17:45,1777.7,66199
2021-06-15 09:17:46,1778.5,66279
2021-06-15 09:17:48,1777.7,66306
2021-06-15 09:17:49,1777.6,66568
2021-06-15 09:17:50,1777.55,66681
2021-06-15 09:17:51,1777.55,66764
2021-06-15 09:17:52,1777.55,66946
2021-06-15 09:17:53,1777.5,67000
2021-06-15 09:17:54,1777.7,67121
2021-06-15 09:17:55,1777.0,67360
2021-06-15 09:17:56,1777.85,67987
2021-06-15 09:17:57,1777.0,68040
2021-06-15 09:17:58,1777.0,68091
2021-06-15 09:17:59,1777.8,68183
2021-06-15 09:18:00,1777.75,68693
2021-06-15 09:18:01,1778.0,68773
2021-06-15 09:18:02,1777.25,68781
2021-06-15 09:18:03,1777.15,68884
2021-06-15 09:18:04,1777.35,68972
2021-06-15 09:18:05,1777.15,69003
2021-06-15 09:18:06,1777.55,69073
2021-06-15 09:18:07,1778.0,69095
2021-06-15 09:18:08,1777.35,69120
2021-06-15 09:18:09,1777.35,69120
2021-06-15 09:18:10,1777.35,69120
2021-06-15 09:18:11,1777.95,69166
2021-06-15 09:18:12,1777.7,69228
2021-06-15 09:18:13,1777.7,69249
2021-06-15 09:18:14,1778.0,69294
2021-06-15 09:18:15,1777.7,69416
2021-06-15 09:18:17,1777.7,69439
2021-06-15 09:18:17,1777.7,69439
2021-06-15 09:18:18,1778.0,69455
2021-06-15 09:18:19,1777.65,69680
2021-06-15 09:18:20,1777.7,69853
2021-06-15 09:18:21,1777.7,69904
2021-06-15 09:18:22,1777.0,70207
2021-06-15 09:18:23,1777.9,70320
2021-06-15 09:18:24,1777.25,70417
2021-06-15 09:18:25,1778.0,70490
2021-06-15 09:18:26,1778.0,70490
2021-06-15 09:18:27,1778.0,70490
2021-06-15 09:18:28,1777.95,70541
2021-06-15 09:18:29,1777.95,70629
2021-06-15 09:18:30,1777.95,70635
2021-06-15 09:18:31,1777.95,70654
2021-06-15 09:18:32,1777.95,70667
2021-06-15 09:18:33,1777.95,70703
2021-06-15 09:18:34,1778.0,70919
2021-06-15 09:18:35,1777.8,71030
2021-06-15 09:18:36,1778.5,71081
2021-06-15 09:18:37,1777.45,71965
2021-06-15 09:18:38,1777.4,72034
2021-06-15 09:18:39,1778.0,72172
2021-06-15 09:18:40,1778.0,72423
2021-06-15 09:18:41,1778.0,72455
2021-06-15 09:18:43,1777.25,72928
2021-06-15 09:18:44,1777.05,73115
2021-06-15 09:18:45,1777.0,73469
2021-06-15 09:18:46,1777.0,73685
2021-06-15 09:18:47,1777.1,74286
2021-06-15 09:18:49,1777.0,74675
2021-06-15 09:18:50,1777.0,74777
2021-06-15 09:18:51,1777.65,74858
2021-06-15 09:18:52,1777.05,74910
2021-06-15 09:18:53,1778.0,74972
2021-06-15 09:18:55,1778.0,74972
2021-06-15 09:18:55,1777.9,75202
2021-06-15 09:18:56,1777.9,75353
2021-06-15 09:18:58,1777.85,75577
2021-06-15 09:18:58,1777.85,75577
2021-06-15 09:18:59,1778.05,75835
2021-06-15 09:19:00,1777.95,75847
2021-06-15 09:19:01,1777.95,76025
2021-06-15 09:19:02,1778.4,76195
2021-06-15 09:19:03,1778.0,76383
2021-06-15 09:19:04,1777.35,76584
2021-06-15 09:19:06,1777.35,76711
2021-06-15 09:19:07,1777.45,76843
2021-06-15 09:19:08,1778.35,77075
2021-06-15 09:19:09,1777.45,78487
2021-06-15 09:19:09,1777.45,78487
2021-06-15 09:19:10,1777.7,78522
2021-06-15 09:19:11,1778.5,78858
2021-06-15 09:19:12,1778.55,78938
2021-06-15 09:19:13,1777.75,79049
2021-06-15 09:19:15,1777.75,79054
2021-06-15 09:19:16,1778.5,79198
2021-06-15 09:19:17,1777.85,79224
2021-06-15 09:19:17,1777.65,79448
2021-06-15 09:19:19,1777.85,79532
2021-06-15 09:19:20,1777.85,79552
2021-06-15 09:19:20,1778.5,79555
2021-06-15 09:19:21,1777.65,79696
2021-06-15 09:19:22,1777.5,79734
2021-06-15 09:19:23,1777.45,79938
2021-06-15 09:19:24,1778.0,79950
2021-06-15 09:19:25,1778.5,80133
2021-06-15 09:19:26,1777.85,80144
2021-06-15 09:19:27,1778.45,80423
2021-06-15 09:19:28,1777.6,80475
2021-06-15 09:19:31,1778.0,80768
2021-06-15 09:19:32,1777.4,80973
2021-06-15 09:19:33,1777.65,80999
2021-06-15 09:19:33,1777.65,80999
2021-06-15 09:19:34,1777.4,81050
2021-06-15 09:19:35,1777.5,81101
2021-06-15 09:19:36,1777.6,81173
2021-06-15 09:19:37,1778.0,81322
2021-06-15 09:19:38,1778.3,81439
2021-06-15 09:19:39,1777.5,81516
2021-06-15 09:19:40,1777.5,81606
2021-06-15 09:19:41,1778.2,81652
2021-06-15 09:19:43,1778.3,81907
2021-06-15 09:19:44,1777.5,82034
2021-06-15 09:19:45,1777.4,82063
2021-06-15 09:19:45,1778.2,82138
2021-06-15 09:19:47,1777.25,82266
2021-06-15 09:19:48,1777.45,82418
2021-06-15 09:19:48,1777.45,82418
2021-06-15 09:19:49,1777.45,82444
2021-06-15 09:19:50,1778.0,82622
2021-06-15 09:19:51,1778.0,82622
2021-06-15 09:19:52,1777.35,82983
2021-06-15 09:19:53,1777.3,83023
2021-06-15 09:19:54,1778.05,83186
2021-06-15 09:19:55,1778.05,83216
2021-06-15 09:19:56,1777.3,83286
2021-06-15 09:19:57,1778.0,83551
2021-06-15 09:19:58,1778.0,83553
2021-06-15 09:19:59,1777.3,83685
2021-06-15 09:20:00,1777.3,83761
2021-06-15 09:20:01,1777.8,83897
2021-06-15 09:20:03,1777.25,83950
2021-06-15 09:20:03,1777.25,83950
2021-06-15 09:20:04,1777.9,83965
2021-06-15 09:20:05,1777.9,83965
2021-06-15 09:20:06,1777.4,86046
2021-06-15 09:20:08,1777.4,86059
2021-06-15 09:20:09,1777.15,86277
2021-06-15 09:20:10,1777.95,86307
2021-06-15 09:20:11,1777.85,86805
2021-06-15 09:20:12,1777.85,86805
2021-06-15 09:20:13,1777.05,86856
2021-06-15 09:20:15,1778.2,86982
2021-06-15 09:20:16,1778.3,87350
2021-06-15 09:20:17,1777.4,87421
2021-06-15 09:20:17,1777.15,87472
2021-06-15 09:20:18,1778.35,87681
2021-06-15 09:20:19,1778.0,87836
2021-06-15 09:20:20,1778.25,87887
2021-06-15 09:20:21,1778.35,88094
2021-06-15 09:20:23,1778.7,89203
2021-06-15 09:20:24,1778.7,89373
2021-06-15 09:20:25,1778.75,89817
2021-06-15 09:20:26,1778.75,90128
2021-06-15 09:20:27,1778.2,90130
2021-06-15 09:20:28,1777.85,90206
2021-06-15 09:20:29,1778.65,90813
2021-06-15 09:20:29,1778.65,90833
2021-06-15 09:20:30,1778.65,90833
2021-06-15 09:20:31,1778.95,91049
2021-06-15 09:20:32,1778.95,91110
2021-06-15 09:20:33,1778.95,91116
2021-06-15 09:20:34,1778.95,91246
2021-06-15 09:20:35,1778.75,91299
2021-06-15 09:20:36,1778.75,91299
2021-06-15 09:20:37,1779.0,91702
2021-06-15 09:20:38,1779.75,91717
2021-06-15 09:20:39,1779.75,91717
2021-06-15 09:20:40,1778.95,92274
2021-06-15 09:20:42,1779.0,92387
2021-06-15 09:20:43,1778.75,92402
2021-06-15 09:20:44,1778.9,92742
2021-06-15 09:20:45,1778.9,92742
2021-06-15 09:20:45,1779.05,93098
2021-06-15 09:20:47,1779.05,93241
2021-06-15 09:20:47,1779.05,93241
2021-06-15 09:20:48,1779.55,93359
2021-06-15 09:20:49,1779.05,93372
2021-06-15 09:20:51,1779.65,93385
2021-06-15 09:20:53,1779.65,93390
2021-06-15 09:20:53,1779.65,93484
2021-06-15 09:20:57,1779.95,94866
2021-06-15 09:20:58,1779.65,95216
2021-06-15 09:20:59,1779.75,95273
2021-06-15 09:21:00,1779.75,95273
2021-06-15 09:21:02,1778.75,96060
2021-06-15 09:21:03,1778.75,96111
2021-06-15 09:21:04,1779.3,96223
2021-06-15 09:21:05,1779.1,96294
2021-06-15 09:21:06,1779.55,96359
2021-06-15 09:21:07,1779.5,96463
2021-06-15 09:21:08,1779.1,96534
2021-06-15 09:21:09,1779.0,96584
2021-06-15 09:21:11,1779.5,96871
2021-06-15 09:21:12,1778.75,97115
2021-06-15 09:21:13,1778.75,97115
2021-06-15 09:21:14,1778.75,97172
2021-06-15 09:21:14,1775.45,103090
2021-06-15 09:21:16,1775.35,104984
2021-06-15 09:21:16,1775.75,105046
2021-06-15 09:21:17,1776.05,105128
2021-06-15 09:21:18,1776.15,105129
2021-06-15 09:21:19,1776.7,105692
2021-06-15 09:21:20,1776.7,105692
2021-06-15 09:21:22,1776.65,105753
2021-06-15 09:21:25,1776.65,105760
2021-06-15 09:21:26,1776.65,105765
2021-06-15 09:21:27,1776.65,105816
2021-06-15 09:21:28,1776.95,105852
2021-06-15 09:21:28,1777.1,106002
2021-06-15 09:21:29,1777.3,106003
2021-06-15 09:21:30,1777.7,106113
2021-06-15 09:21:32,1777.6,106231
2021-06-15 09:21:33,1776.8,106243
2021-06-15 09:21:33,1777.1,106383
2021-06-15 09:21:34,1777.95,106389
2021-06-15 09:21:35,1777.15,106394
2021-06-15 09:21:36,1777.95,106535
2021-06-15 09:21:37,1778.0,106740
2021-06-15 09:21:38,1778.0,106740
2021-06-15 09:21:40,1778.7,106973
2021-06-15 09:21:41,1778.35,107127
2021-06-15 09:21:41,1778.35,107157
2021-06-15 09:21:43,1778.9,107158
2021-06-15 09:21:43,1779.0,107263
2021-06-15 09:21:44,1779.0,107368
2021-06-15 09:21:46,1779.0,107368
2021-06-15 09:21:46,1778.7,107378
2021-06-15 09:21:47,1778.7,107922
2021-06-15 09:21:48,1778.9,108025
2021-06-15 09:21:49,1778.9,108026
2021-06-15 09:21:50,1778.7,108229
2021-06-15 09:21:52,1779.2,109249
2021-06-15 09:21:53,1778.7,109448
2021-06-15 09:21:54,1779.2,109512
2021-06-15 09:21:55,1779.2,109512
2021-06-15 09:21:56,1778.75,109577
2021-06-15 09:21:56,1779.35,109663
2021-06-15 09:21:57,1779.35,109664
2021-06-15 09:21:59,1779.35,109694
2021-06-15 09:22:00,1779.35,109694
2021-06-15 09:22:01,1779.25,109770
2021-06-15 09:22:02,1779.5,109771
2021-06-15 09:22:02,1779.5,109771
2021-06-15 09:22:03,1779.6,109821
2021-06-15 09:22:05,1779.7,109841
2021-06-15 09:22:06,1780.0,110075
2021-06-15 09:22:07,1779.45,110125
2021-06-15 09:22:08,1779.45,110125
2021-06-15 09:22:09,1779.45,110226
2021-06-15 09:22:09,1779.45,110226
2021-06-15 09:22:11,1779.15,110480
2021-06-15 09:22:12,1779.7,110540
2021-06-15 09:22:14,1779.05,110542
2021-06-15 09:22:15,1779.05,110567
2021-06-15 09:22:16,1779.75,110767
2021-06-15 09:22:17,1779.7,110773
2021-06-15 09:22:18,1779.7,110773
2021-06-15 09:22:20,1780.0,111197
2021-06-15 09:22:21,1780.0,111197
2021-06-15 09:22:21,1780.0,111295
2021-06-15 09:22:22,1780.0,111320
2021-06-15 09:22:23,1779.7,111481
2021-06-15 09:22:26,1780.0,111619
2021-06-15 09:22:29,1780.0,112418
2021-06-15 09:22:30,1780.0,112568
2021-06-15 09:22:31,1780.0,113011
2021-06-15 09:22:32,1780.0,113011
2021-06-15 09:22:33,1781.0,113611
2021-06-15 09:22:34,1781.0,113611
2021-06-15 09:22:34,1781.0,113611
2021-06-15 09:22:35,1779.85,113621
2021-06-15 09:22:37,1780.0,113875
2021-06-15 09:22:38,1779.9,113890
2021-06-15 09:22:40,1779.65,114432
2021-06-15 09:22:41,1779.75,114642
2021-06-15 09:22:43,1779.0,114942
2021-06-15 09:22:44,1779.75,115002
2021-06-15 09:22:46,1779.95,115259
2021-06-15 09:22:47,1779.85,115270
2021-06-15 09:22:49,1779.55,115459
2021-06-15 09:22:50,1779.75,115497
2021-06-15 09:22:51,1780.0,115498
2021-06-15 09:22:52,1780.0,115498
2021-06-15 09:22:53,1780.0,115499
2021-06-15 09:22:54,1779.4,115634
2021-06-15 09:22:55,1779.4,115634
2021-06-15 09:22:56,1778.85,115734
2021-06-15 09:22:57,1779.7,115739
2021-06-15 09:22:58,1778.9,115742
2021-06-15 09:22:59,1779.15,115950
2021-06-15 09:23:00,1778.2,116609
2021-06-15 09:23:01,1779.7,116660
2021-06-15 09:23:02,1778.5,116764
2021-06-15 09:23:02,1778.5,116764
2021-06-15 09:23:04,1778.5,117334
2021-06-15 09:23:05,1778.55,117336
2021-06-15 09:23:06,1778.55,117336
2021-06-15 09:23:07,1778.55,117337
2021-06-15 09:23:08,1778.55,117337
2021-06-15 09:23:10,1779.45,117837
2021-06-15 09:23:12,1778.95,118069
2021-06-15 09:23:12,1778.7,118146
2021-06-15 09:23:14,1779.6,118198
2021-06-15 09:23:15,1778.7,118398
2021-06-15 09:23:16,1778.7,118474
2021-06-15 09:23:17,1778.7,118550
2021-06-15 09:23:18,1778.65,118583
2021-06-15 09:23:19,1778.4,118831
2021-06-15 09:23:20,1779.4,119356
2021-06-15 09:23:21,1778.45,119381
2021-06-15 09:23:22,1779.1,119432
2021-06-15 09:23:22,1778.35,119629
2021-06-15 09:23:23,1778.8,119712
2021-06-15 09:23:25,1778.55,119778
2021-06-15 09:23:25,1778.0,119803
2021-06-15 09:23:26,1778.55,119885
2021-06-15 09:23:28,1778.0,119989
2021-06-15 09:23:29,1778.5,120175
2021-06-15 09:23:30,1778.0,120180
2021-06-15 09:23:31,1778.45,120238
2021-06-15 09:23:35,1778.45,122751
2021-06-15 09:23:37,1778.45,122830
2021-06-15 09:23:38,1778.0,122916
2021-06-15 09:23:39,1778.0,122960
2021-06-15 09:23:40,1777.3,123107
2021-06-15 09:23:41,1778.0,123157
2021-06-15 09:23:41,1777.3,123233
2021-06-15 09:23:42,1778.0,123295
2021-06-15 09:23:44,1778.0,123687
2021-06-15 09:23:45,1778.0,123688
2021-06-15 09:23:46,1777.9,123767
2021-06-15 09:23:46,1777.3,123772
2021-06-15 09:23:47,1778.1,124482
2021-06-15 09:23:48,1778.1,124482
2021-06-15 09:23:49,1778.4,124643
2021-06-15 09:23:50,1778.2,124769
2021-06-15 09:23:51,1778.2,124826
2021-06-15 09:23:52,1778.0,124831
2021-06-15 09:23:54,1778.5,125047
2021-06-15 09:23:55,1778.5,125047
2021-06-15 09:23:58,1778.0,125152
2021-06-15 09:23:59,1778.25,125297
2021-06-15 09:23:59,1778.25,125297
2021-06-15 09:24:01,1777.7,126080
2021-06-15 09:24:01,1778.85,126141
2021-06-15 09:24:03,1778.45,126644
2021-06-15 09:24:04,1777.7,126769
2021-06-15 09:24:05,1778.75,126859
2021-06-15 09:24:06,1778.75,126859
2021-06-15 09:24:07,1778.4,126901
2021-06-15 09:24:07,1778.4,126901
2021-06-15 09:24:08,1777.9,126928
2021-06-15 09:24:09,1777.7,126963
2021-06-15 09:24:10,1777.65,127016
2021-06-15 09:24:11,1777.65,127029
2021-06-15 09:24:12,1778.05,127060
2021-06-15 09:24:14,1777.2,127466
2021-06-15 09:24:15,1778.35,127518
2021-06-15 09:24:16,1777.1,127846
2021-06-15 09:24:17,1777.6,127872
2021-06-15 09:24:18,1776.5,128180
2021-06-15 09:24:19,1776.5,128180
2021-06-15 09:24:20,1778.1,131185
2021-06-15 09:24:21,1778.1,131185
2021-06-15 09:24:21,1778.1,131215
2021-06-15 09:24:22,1778.0,131355
2021-06-15 09:24:23,1778.0,131360
2021-06-15 09:24:25,1778.0,131410
2021-06-15 09:24:26,1778.4,134410
2021-06-15 09:24:27,1778.4,134410
2021-06-15 09:24:28,1778.4,134410
2021-06-15 09:24:29,1777.45,134636
2021-06-15 09:24:30,1777.45,134636
2021-06-15 09:24:31,1778.35,134686
2021-06-15 09:24:32,1777.45,134737
2021-06-15 09:24:33,1778.35,134778
2021-06-15 09:24:34,1778.0,135007
2021-06-15 09:24:35,1777.45,135407
2021-06-15 09:24:36,1778.0,135758
2021-06-15 09:24:37,1777.35,135861
2021-06-15 09:24:39,1777.1,135905
2021-06-15 09:24:40,1777.1,135956
2021-06-15 09:24:41,1777.1,136197
2021-06-15 09:24:42,1777.1,136197
2021-06-15 09:24:43,1777.1,136248
2021-06-15 09:24:44,1777.1,136248
2021-06-15 09:24:45,1777.6,136308
2021-06-15 09:24:46,1777.6,136316
2021-06-15 09:24:47,1777.1,136421
2021-06-15 09:24:48,1777.1,136496
2021-06-15 09:24:49,1777.1,136496
2021-06-15 09:24:50,1777.4,136608
2021-06-15 09:24:51,1778.0,136618
2021-06-15 09:24:52,1777.35,136669
2021-06-15 09:24:53,1777.35,136669
2021-06-15 09:24:54,1778.0,136872
2021-06-15 09:24:55,1778.0,136872
2021-06-15 09:24:56,1777.4,137520
2021-06-15 09:24:57,1777.3,137527
2021-06-15 09:24:58,1777.3,137527
2021-06-15 09:24:59,1777.6,138092
2021-06-15 09:25:00,1777.6,138092
2021-06-15 09:25:01,1777.0,141330
2021-06-15 09:25:02,1777.0,141330
2021-06-15 09:25:03,1776.6,141344
2021-06-15 09:25:04,1776.6,141344
2021-06-15 09:25:05,1776.75,141507
2021-06-15 09:25:06,1776.2,141679
2021-06-15 09:25:08,1776.05,142183
2021-06-15 09:25:09,1776.05,142183
2021-06-15 09:25:10,1776.8,142194
2021-06-15 09:25:11,1776.0,142245
2021-06-15 09:25:12,1776.0,142245
2021-06-15 09:25:13,1776.0,142261
2021-06-15 09:25:14,1776.0,142261
2021-06-15 09:25:15,1776.6,142341
2021-06-15 09:25:16,1776.6,142341
2021-06-15 09:25:17,1776.6,142341
2021-06-15 09:25:18,1776.85,142367
2021-06-15 09:25:19,1777.0,142467
2021-06-15 09:25:20,1777.0,142467
2021-06-15 09:25:21,1777.0,142467
2021-06-15 09:25:22,1777.0,142606
2021-06-15 09:25:23,1777.0,142606
2021-06-15 09:25:24,1776.85,142742
2021-06-15 09:25:25,1775.6,143708
2021-06-15 09:25:26,1776.55,143760
2021-06-15 09:25:27,1776.5,143846
2021-06-15 09:25:28,1776.1,143907
2021-06-15 09:25:29,1776.15,143973
2021-06-15 09:25:30,1776.6,144106
2021-06-15 09:25:31,1777.0,144109
2021-06-15 09:25:32,1777.0,144109
2021-06-15 09:25:33,1776.25,144148
2021-06-15 09:25:34,1776.2,144248
2021-06-15 09:25:35,1776.8,144273
2021-06-15 09:25:36,1776.55,144283
2021-06-15 09:25:37,1776.5,144314
2021-06-15 09:25:38,1776.5,144370
2021-06-15 09:25:39,1776.45,144414
2021-06-15 09:25:40,1776.55,144472
2021-06-15 09:25:41,1776.55,144472
2021-06-15 09:25:42,1776.85,144582
2021-06-15 09:25:44,1776.75,144632
2021-06-15 09:25:45,1776.5,144734
2021-06-15 09:25:46,1776.5,144736
2021-06-15 09:25:47,1776.5,144736
2021-06-15 09:25:48,1776.95,144740
2021-06-15 09:25:49,1776.4,144805
2021-06-15 09:25:50,1777.0,144855
2021-06-15 09:25:51,1777.0,144855
2021-06-15 09:25:52,1776.8,144865
2021-06-15 09:25:53,1776.8,144930
2021-06-15 09:25:54,1776.8,144930
2021-06-15 09:25:55,1776.85,144933
2021-06-15 09:25:56,1776.85,144933
2021-06-15 09:25:57,1776.85,144933
2021-06-15 09:25:58,1777.0,145266
2021-06-15 09:25:59,1777.0,145266
2021-06-15 09:26:00,1777.2,145276
2021-06-15 09:26:01,1777.1,145277
2021-06-15 09:26:02,1777.0,145477
2021-06-15 09:26:03,1777.15,145646
2021-06-15 09:26:04,1777.1,145988
2021-06-15 09:26:05,1777.15,146048
2021-06-15 09:26:07,1777.15,146289
2021-06-15 09:26:09,1777.0,146528
2021-06-15 09:26:12,1776.9,147756
2021-06-15 09:26:13,1777.15,147832
2021-06-15 09:26:14,1777.75,147833
2021-06-15 09:26:15,1777.8,147855
2021-06-15 09:26:16,1777.2,147860
2021-06-15 09:26:17,1777.2,147860
2021-06-15 09:26:18,1777.8,148269
2021-06-15 09:26:19,1777.8,148294
2021-06-15 09:26:20,1777.8,148329
2021-06-15 09:26:21,1777.75,148456
2021-06-15 09:26:22,1777.8,148478
2021-06-15 09:26:23,1777.7,148528
2021-06-15 09:26:24,1777.7,148528
2021-06-15 09:26:25,1777.8,148703
2021-06-15 09:26:26,1777.8,148778
2021-06-15 09:26:27,1777.8,148858
2021-06-15 09:26:28,1777.8,148933
2021-06-15 09:26:29,1777.8,149010
2021-06-15 09:26:30,1777.8,149036
2021-06-15 09:26:31,1777.65,149138
2021-06-15 09:26:33,1778.6,149189
2021-06-15 09:26:34,1778.0,149265
2021-06-15 09:26:35,1778.0,149265
2021-06-15 09:26:36,1778.85,149398
2021-06-15 09:26:37,1778.85,149398
2021-06-15 09:26:38,1778.8,149531
2021-06-15 09:26:39,1778.8,149531
2021-06-15 09:26:40,1778.75,149734
2021-06-15 09:26:41,1778.1,149813
2021-06-15 09:26:42,1778.05,149915
2021-06-15 09:26:43,1778.05,149979
2021-06-15 09:26:44,1778.1,150182
2021-06-15 09:26:46,1778.0,150233
2021-06-15 09:26:46,1778.0,150233
2021-06-15 09:26:47,1778.0,150284
2021-06-15 09:26:48,1778.3,150436
2021-06-15 09:26:49,1778.3,150487
2021-06-15 09:26:50,1778.15,150589
2021-06-15 09:26:51,1778.15,150589
2021-06-15 09:26:52,1778.0,150706
2021-06-15 09:26:53,1778.8,150716
2021-06-15 09:26:54,1778.8,150905
2021-06-15 09:26:55,1778.0,150966
2021-06-15 09:26:56,1778.8,151135
2021-06-15 09:26:58,1778.0,151143
2021-06-15 09:26:59,1778.0,151261
2021-06-15 09:26:59,1778.85,151476
2021-06-15 09:27:01,1778.85,151580
2021-06-15 09:27:01,1778.85,151580
2021-06-15 09:27:02,1779.0,151780
2021-06-15 09:27:03,1779.0,151780
2021-06-15 09:27:04,1779.0,151780
2021-06-15 09:27:05,1779.3,151912
2021-06-15 09:27:07,1779.05,152026
2021-06-15 09:27:10,1779.4,152197
2021-06-15 09:27:10,1779.65,152272
2021-06-15 09:27:11,1779.65,152272
2021-06-15 09:27:12,1778.95,152376
2021-06-15 09:27:13,1779.75,152379
2021-06-15 09:27:14,1779.8,152390
2021-06-15 09:27:15,1779.85,152446
2021-06-15 09:27:16,1778.95,152557
2021-06-15 09:27:17,1779.0,152559
2021-06-15 09:27:18,1779.0,152662
2021-06-15 09:27:19,1779.4,152692
2021-06-15 09:27:20,1778.3,152943
2021-06-15 09:27:21,1779.4,152950
2021-06-15 09:27:22,1779.0,153029
2021-06-15 09:27:23,1779.4,153039
2021-06-15 09:27:24,1778.75,153141
2021-06-15 09:27:25,1779.35,153155
2021-06-15 09:27:26,1779.35,153155
2021-06-15 09:27:27,1779.45,153165
2021-06-15 09:27:28,1779.4,153287
2021-06-15 09:27:29,1779.4,153287
2021-06-15 09:27:30,1779.4,153839
2021-06-15 09:27:31,1779.6,153864
2021-06-15 09:27:32,1779.75,153917
2021-06-15 09:27:33,1779.8,153948
2021-06-15 09:27:34,1779.4,153963
2021-06-15 09:27:35,1779.4,154013
2021-06-15 09:27:36,1779.4,154013
2021-06-15 09:27:37,1779.4,154013
2021-06-15 09:27:38,1779.4,154065
2021-06-15 09:27:40,1779.9,154495
2021-06-15 09:27:40,1779.9,154495
2021-06-15 09:27:41,1779.9,154495
2021-06-15 09:27:42,1779.45,154510
2021-06-15 09:27:43,1779.5,154530
2021-06-15 09:27:45,1779.45,155120
2021-06-15 09:27:46,1779.9,155135
2021-06-15 09:27:47,1779.9,155135
2021-06-15 09:27:48,1779.9,155135
2021-06-15 09:27:49,1779.9,155163
2021-06-15 09:27:49,1779.9,155163
2021-06-15 09:27:50,1779.45,155188
2021-06-15 09:27:51,1779.45,156082
2021-06-15 09:27:52,1779.45,156082
2021-06-15 09:27:53,1779.85,156142
2021-06-15 09:27:54,1779.85,156163
2021-06-15 09:27:56,1779.4,156265
2021-06-15 09:27:57,1779.85,156315
2021-06-15 09:27:58,1779.9,156385
2021-06-15 09:27:58,1779.9,156385
2021-06-15 09:27:59,1779.9,156446
2021-06-15 09:28:00,1779.0,156767
2021-06-15 09:28:01,1779.7,156783
2021-06-15 09:28:02,1779.7,156783
2021-06-15 09:28:03,1779.7,156783
2021-06-15 09:28:04,1779.0,156808
2021-06-15 09:28:05,1779.0,156808
2021-06-15 09:28:07,1779.7,156938
2021-06-15 09:28:08,1779.7,156938
2021-06-15 09:28:09,1779.85,156992
2021-06-15 09:28:09,1779.85,156992
2021-06-15 09:28:10,1779.9,156995
2021-06-15 09:28:11,1779.85,156996
2021-06-15 09:28:12,1779.9,157071
2021-06-15 09:28:13,1779.9,157273
2021-06-15 09:28:14,1779.85,157301
2021-06-15 09:28:15,1779.9,157332
2021-06-15 09:28:16,1779.85,157335
2021-06-15 09:28:17,1779.9,157512
2021-06-15 09:28:18,1779.9,157622
2021-06-15 09:28:20,1779.85,157678
2021-06-15 09:28:21,1779.85,157683
2021-06-15 09:28:22,1779.85,157734
2021-06-15 09:28:23,1779.7,157943
2021-06-15 09:28:23,1779.7,157943
2021-06-15 09:28:24,1779.85,158080
2021-06-15 09:28:25,1779.9,158448
2021-06-15 09:28:26,1779.85,158507
2021-06-15 09:28:28,1779.85,158518
2021-06-15 09:28:28,1779.85,158518
2021-06-15 09:28:30,1779.9,159411
2021-06-15 09:28:30,1779.9,159411
2021-06-15 09:28:33,1779.9,159411
2021-06-15 09:28:34,1779.85,159419
2021-06-15 09:28:35,1779.9,159819
2021-06-15 09:28:36,1779.85,159823
2021-06-15 09:28:37,1779.85,159823
2021-06-15 09:28:38,1779.85,159823
2021-06-15 09:28:39,1779.85,159823
2021-06-15 09:28:40,1779.85,159849
2021-06-15 09:28:41,1779.85,159913
2021-06-15 09:28:44,1779.85,159978
2021-06-15 09:28:45,1779.9,159983
2021-06-15 09:28:46,1779.9,159983
2021-06-15 09:28:47,1779.9,159984
2021-06-15 09:28:48,1779.85,160012
2021-06-15 09:28:49,1779.4,160512
2021-06-15 09:28:50,1779.8,160537
2021-06-15 09:28:51,1779.8,160537
2021-06-15 09:28:52,1779.8,160537
2021-06-15 09:28:53,1779.8,160714
2021-06-15 09:28:54,1779.5,160716
2021-06-15 09:28:55,1779.5,160800
2021-06-15 09:28:56,1779.8,160950
2021-06-15 09:28:58,1779.3,161050
2021-06-15 09:28:58,1779.3,161050
2021-06-15 09:28:59,1779.3,161050
2021-06-15 09:29:00,1779.8,161178
2021-06-15 09:29:01,1779.8,161178
2021-06-15 09:29:02,1779.8,161179
2021-06-15 09:29:03,1779.9,161279
2021-06-15 09:29:04,1779.9,161279
2021-06-15 09:29:05,1779.35,161287
2021-06-15 09:29:06,1780.0,161600
2021-06-15 09:29:07,1780.0,161607
2021-06-15 09:29:08,1780.0,162813
2021-06-15 09:29:09,1780.2,162823
2021-06-15 09:29:11,1780.2,162864
2021-06-15 09:29:12,1780.4,163088
2021-06-15 09:29:12,1780.4,163088
2021-06-15 09:29:13,1780.2,163103
2021-06-15 09:29:15,1780.4,163163
2021-06-15 09:29:16,1780.0,163238
2021-06-15 09:29:16,1780.0,163238
2021-06-15 09:29:18,1780.0,163281
2021-06-15 09:29:19,1780.0,163506
2021-06-15 09:29:20,1780.2,165351
2021-06-15 09:29:21,1780.2,165351
2021-06-15 09:29:23,1780.45,165352
2021-06-15 09:29:23,1780.45,165352
2021-06-15 09:29:24,1780.2,165371
2021-06-15 09:29:25,1780.2,165371
2021-06-15 09:29:26,1780.7,165382
2021-06-15 09:29:29,1780.9,165400
2021-06-15 09:29:30,1780.9,165426
2021-06-15 09:29:31,1781.0,165541
2021-06-15 09:29:32,1781.0,165577
2021-06-15 09:29:33,1781.0,165627
2021-06-15 09:29:34,1780.75,165632
2021-06-15 09:29:35,1781.0,165633
2021-06-15 09:29:36,1780.75,165634
2021-06-15 09:29:37,1781.0,165834
2021-06-15 09:29:39,1781.7,166745
2021-06-15 09:29:40,1781.45,166820
2021-06-15 09:29:42,1781.85,167021
2021-06-15 09:29:43,1781.7,167041
2021-06-15 09:29:43,1781.7,167041
2021-06-15 09:29:45,1781.9,167243
2021-06-15 09:29:45,1781.85,167245
2021-06-15 09:29:46,1781.85,167272
2021-06-15 09:29:47,1781.9,167441
2021-06-15 09:29:48,1781.85,167461
2021-06-15 09:29:49,1781.9,167523
2021-06-15 09:29:50,1781.9,167569
2021-06-15 09:29:51,1781.9,167571
2021-06-15 09:29:52,1781.9,167576
2021-06-15 09:29:53,1781.9,167701
2021-06-15 09:29:54,1781.9,168544
2021-06-15 09:29:56,1781.9,168645
2021-06-15 09:29:57,1781.9,168665
2021-06-15 09:29:58,1781.9,169277
2021-06-15 09:29:59,1781.9,169277
2021-06-15 09:30:00,1781.9,169306
2021-06-15 09:30:01,1781.85,170645
2021-06-15 09:30:02,1782.0,171143
2021-06-15 09:30:03,1782.0,171172
2021-06-15 09:30:04,1781.9,171283
2021-06-15 09:30:05,1782.0,171403
2021-06-15 09:30:06,1782.0,171473
2021-06-15 09:30:07,1781.9,171743
2021-06-15 09:30:08,1782.5,171757
2021-06-15 09:30:09,1782.5,171757
2021-06-15 09:30:10,1782.55,171968
2021-06-15 09:30:11,1782.7,171971
2021-06-15 09:30:11,1782.7,171971
2021-06-15 09:30:12,1782.55,171976
2021-06-15 09:30:13,1782.75,171977
2021-06-15 09:30:14,1782.8,171978
2021-06-15 09:30:16,1782.85,171997
2021-06-15 09:30:17,1782.9,172097
2021-06-15 09:30:18,1782.6,172131
2021-06-15 09:30:19,1782.65,172451
2021-06-15 09:30:20,1782.8,172461
2021-06-15 09:30:21,1782.9,172622
2021-06-15 09:30:21,1782.9,172772
2021-06-15 09:30:23,1782.6,172886
2021-06-15 09:30:24,1782.1,174464
2021-06-15 09:30:25,1782.9,174563
2021-06-15 09:30:25,1782.9,174763
2021-06-15 09:30:26,1782.9,175030
2021-06-15 09:30:27,1782.9,175043
2021-06-15 09:30:28,1782.55,175254
2021-06-15 09:30:29,1782.25,175611
2021-06-15 09:30:30,1782.9,175749
2021-06-15 09:30:31,1782.9,175802
2021-06-15 09:30:32,1782.9,175802
2021-06-15 09:30:33,1782.9,175802
2021-06-15 09:30:34,1782.9,178246
2021-06-15 09:30:35,1782.95,178347
2021-06-15 09:30:37,1782.9,178480
2021-06-15 09:30:37,1783.0,178530
2021-06-15 09:30:38,1782.9,178707
2021-06-15 09:30:39,1783.0,178917
2021-06-15 09:30:40,1783.0,179061
2021-06-15 09:30:41,1783.0,179246
2021-06-15 09:30:42,1782.95,179296
2021-06-15 09:30:44,1783.5,180366
2021-06-15 09:30:46,1783.0,180386
2021-06-15 09:30:47,1783.5,180440
2021-06-15 09:30:48,1783.5,180446
2021-06-15 09:30:49,1783.0,180852
2021-06-15 09:30:50,1783.55,180855
2021-06-15 09:30:50,1783.55,180855
2021-06-15 09:30:51,1783.05,180905
2021-06-15 09:30:52,1783.8,180960
2021-06-15 09:30:53,1783.05,181140
2021-06-15 09:30:55,1783.85,181180
2021-06-15 09:30:56,1783.5,181399
2021-06-15 09:30:57,1783.05,181529
2021-06-15 09:30:58,1783.05,181606
2021-06-15 09:30:58,1783.05,181606
2021-06-15 09:30:59,1783.0,182175
2021-06-15 09:31:01,1783.9,182384
2021-06-15 09:31:02,1784.0,182684
2021-06-15 09:31:02,1784.15,183007
2021-06-15 09:31:04,1784.0,183170
2021-06-15 09:31:04,1784.0,183170
2021-06-15 09:31:06,1783.5,183374
2021-06-15 09:31:07,1783.85,183425
2021-06-15 09:31:07,1783.75,183426
2021-06-15 09:31:08,1783.5,183706
2021-06-15 09:31:10,1783.1,183832
2021-06-15 09:31:11,1783.9,184219
2021-06-15 09:31:12,1783.8,184552
2021-06-15 09:31:12,1783.8,184552
2021-06-15 09:31:13,1783.0,184812
2021-06-15 09:31:14,1783.0,184845
2021-06-15 09:31:15,1782.95,184849
2021-06-15 09:31:16,1783.0,184860
2021-06-15 09:31:17,1783.1,184863
2021-06-15 09:31:18,1783.0,185102
2021-06-15 09:31:19,1783.1,185228
2021-06-15 09:31:20,1783.65,185229
2021-06-15 09:31:22,1783.65,185229
2021-06-15 09:31:23,1783.65,185257
2021-06-15 09:31:24,1783.0,185307
2021-06-15 09:31:25,1783.0,185307
2021-06-15 09:31:26,1783.5,185947
2021-06-15 09:31:27,1783.7,186011
2021-06-15 09:31:28,1783.05,186224
2021-06-15 09:31:28,1783.65,186164
2021-06-15 09:31:30,1783.0,186295
2021-06-15 09:31:32,1782.55,186640
2021-06-15 09:31:34,1783.05,187140
2021-06-15 09:31:35,1782.6,187272
2021-06-15 09:31:36,1782.6,187273
2021-06-15 09:31:36,1782.6,187343
2021-06-15 09:31:37,1782.8,187465
2021-06-15 09:31:39,1781.9,188765
2021-06-15 09:31:40,1782.5,189036
2021-06-15 09:31:41,1782.55,189302
2021-06-15 09:31:42,1782.55,189633
2021-06-15 09:31:43,1782.95,189636
2021-06-15 09:31:44,1782.5,189640
2021-06-15 09:31:45,1782.25,189665
2021-06-15 09:31:46,1781.6,189977
2021-06-15 09:31:47,1781.6,189977
2021-06-15 09:31:48,1781.55,190012
2021-06-15 09:31:49,1782.1,190084
2021-06-15 09:31:50,1781.5,190134
2021-06-15 09:31:52,1781.75,190652
2021-06-15 09:31:52,1781.75,190652
2021-06-15 09:31:53,1781.75,190652
2021-06-15 09:31:54,1781.45,190757
2021-06-15 09:31:55,1782.05,190967
2021-06-15 09:31:56,1781.75,191056
2021-06-15 09:31:57,1781.75,191056
2021-06-15 09:31:59,1781.6,191236
2021-06-15 09:32:00,1781.6,191245
2021-06-15 09:32:01,1781.5,191395
2021-06-15 09:32:02,1781.45,191446
2021-06-15 09:32:03,1781.55,191476
2021-06-15 09:32:04,1781.45,191481
2021-06-15 09:32:05,1781.4,191583
2021-06-15 09:32:06,1782.2,191584
2021-06-15 09:32:07,1782.05,191697
2021-06-15 09:32:07,1782.05,191697
2021-06-15 09:32:08,1782.15,191898
2021-06-15 09:32:09,1781.75,191949
2021-06-15 09:32:10,1782.0,191961
2021-06-15 09:32:11,1781.75,191987
2021-06-15 09:32:12,1781.75,191987
2021-06-15 09:32:13,1781.1,192070
2021-06-15 09:32:14,1781.1,192070
2021-06-15 09:32:15,1781.8,192071
2021-06-15 09:32:16,1781.8,192272
2021-06-15 09:32:18,1781.8,192272
2021-06-15 09:32:19,1781.8,192272
2021-06-15 09:32:20,1781.3,192386
2021-06-15 09:32:21,1781.2,192486
2021-06-15 09:32:22,1781.2,192486
2021-06-15 09:32:22,1781.2,192486
2021-06-15 09:32:23,1781.7,193497
2021-06-15 09:32:24,1781.45,193507
2021-06-15 09:32:25,1781.05,193533
2021-06-15 09:32:26,1781.05,193645
2021-06-15 09:32:27,1781.55,193646
2021-06-15 09:32:28,1781.0,193697
2021-06-15 09:32:29,1781.0,193749
2021-06-15 09:32:31,1781.0,193800
2021-06-15 09:32:32,1781.7,194001
2021-06-15 09:32:33,1781.0,194151
2021-06-15 09:32:34,1781.0,194239
2021-06-15 09:32:35,1781.5,194291
2021-06-15 09:32:35,1781.5,194291
2021-06-15 09:32:38,1779.15,196682
2021-06-15 09:32:40,1779.6,196936
2021-06-15 09:32:42,1779.6,196936
2021-06-15 09:32:44,1780.8,196947
2021-06-15 09:32:45,1780.8,196947
2021-06-15 09:32:46,1780.0,196965
2021-06-15 09:32:47,1780.0,196965
2021-06-15 09:32:48,1780.6,197090
2021-06-15 09:32:49,1780.45,197247
2021-06-15 09:32:49,1780.0,197272
2021-06-15 09:32:51,1780.0,197323
2021-06-15 09:32:52,1779.6,197480
2021-06-15 09:32:53,1779.3,198701
2021-06-15 09:32:54,1779.3,198737
2021-06-15 09:32:56,1778.95,198982
2021-06-15 09:32:57,1778.95,198982
2021-06-15 09:32:57,1778.95,198982
2021-06-15 09:32:58,1778.05,199182
2021-06-15 09:33:00,1778.9,199242
2021-06-15 09:33:01,1778.9,199252
2021-06-15 09:33:02,1778.9,199252
2021-06-15 09:33:03,1779.65,199302
2021-06-15 09:33:04,1779.65,199302
2021-06-15 09:33:04,1779.65,199302
2021-06-15 09:33:05,1779.65,199302
2021-06-15 09:33:06,1780.0,199403
2021-06-15 09:33:07,1780.0,199403
2021-06-15 09:33:09,1779.75,199514
2021-06-15 09:33:10,1779.45,199936
2021-06-15 09:33:11,1780.35,199988
2021-06-15 09:33:12,1780.35,199988
2021-06-15 09:33:12,1780.35,199988
2021-06-15 09:33:13,1780.35,199988
2021-06-15 09:33:14,1780.0,200245
2021-06-15 09:33:15,1780.4,200250
2021-06-15 09:33:16,1780.4,200250
2021-06-15 09:33:18,1780.4,200250
2021-06-15 09:33:19,1780.4,200250
2021-06-15 09:33:20,1779.75,200275
2021-06-15 09:33:21,1779.75,200290
2021-06-15 09:33:22,1779.95,200306
2021-06-15 09:33:23,1779.95,200342
2021-06-15 09:33:24,1779.8,200434
2021-06-15 09:33:25,1780.45,200444
2021-06-15 09:33:26,1780.6,200483
2021-06-15 09:33:28,1780.0,200594
2021-06-15 09:33:29,1780.55,200720
2021-06-15 09:33:30,1780.6,200746
2021-06-15 09:33:31,1780.0,200792
2021-06-15 09:33:32,1780.0,200792
2021-06-15 09:33:33,1780.0,200869
2021-06-15 09:33:34,1780.0,200878
2021-06-15 09:33:35,1780.0,200903
2021-06-15 09:33:36,1780.0,200907
2021-06-15 09:33:37,1780.0,200907
2021-06-15 09:33:38,1780.0,200907
2021-06-15 09:33:40,1780.0,200907
2021-06-15 09:33:42,1780.6,200922
2021-06-15 09:33:43,1780.45,200950
2021-06-15 09:33:44,1780.05,200958
2021-06-15 09:33:44,1780.6,200968
2021-06-15 09:33:45,1780.6,200968
2021-06-15 09:33:47,1780.6,201012
2021-06-15 09:33:48,1780.6,201014
2021-06-15 09:33:48,1780.0,201155
2021-06-15 09:33:49,1780.05,201160
2021-06-15 09:33:50,1780.6,201210
2021-06-15 09:33:52,1780.6,201212
2021-06-15 09:33:53,1780.1,201222
2021-06-15 09:33:54,1780.65,201282
2021-06-15 09:33:55,1780.65,201289
2021-06-15 09:33:56,1780.6,201789
2021-06-15 09:33:57,1780.6,201789
2021-06-15 09:33:58,1780.55,201799
2021-06-15 09:33:59,1780.45,201814
2021-06-15 09:34:00,1780.45,201839
2021-06-15 09:34:01,1780.6,201854
2021-06-15 09:34:02,1780.65,202051
2021-06-15 09:34:03,1780.7,202052
2021-06-15 09:34:04,1780.7,202052
2021-06-15 09:34:05,1780.7,202052
2021-06-15 09:34:06,1780.75,202079
2021-06-15 09:34:07,1780.8,202080
2021-06-15 09:34:08,1780.8,202080
2021-06-15 09:34:09,1780.75,202105
2021-06-15 09:34:09,1781.0,202399
2021-06-15 09:34:10,1781.0,202410
2021-06-15 09:34:11,1781.0,202433
2021-06-15 09:34:12,1781.0,202433
2021-06-15 09:34:14,1780.95,202460
2021-06-15 09:34:15,1780.75,202608
2021-06-15 09:34:16,1781.0,203134
2021-06-15 09:34:16,1781.0,203134
2021-06-15 09:34:18,1781.0,203159
2021-06-15 09:34:19,1779.6,204224
2021-06-15 09:34:20,1780.0,204274
2021-06-15 09:34:21,1780.0,204274
2021-06-15 09:34:22,1780.0,204330
2021-06-15 09:34:23,1780.0,204344
2021-06-15 09:34:23,1780.0,204359
2021-06-15 09:34:25,1780.5,204409
2021-06-15 09:34:25,1780.0,204741
2021-06-15 09:34:27,1779.6,204864
2021-06-15 09:34:27,1779.6,204864
2021-06-15 09:34:28,1780.0,205044
2021-06-15 09:34:29,1780.0,205068
2021-06-15 09:34:31,1780.0,205118
2021-06-15 09:34:32,1779.6,205218
2021-06-15 09:34:33,1780.0,205228
2021-06-15 09:34:34,1780.0,205228
2021-06-15 09:34:35,1780.0,205228
2021-06-15 09:34:36,1779.95,205428
2021-06-15 09:34:37,1780.0,205488
2021-06-15 09:34:38,1779.6,205850
2021-06-15 09:34:38,1779.6,205850
2021-06-15 09:34:40,1779.6,205851
2021-06-15 09:34:41,1779.6,205851
2021-06-15 09:34:42,1779.6,205851
2021-06-15 09:34:43,1779.65,205853
2021-06-15 09:34:44,1779.65,205853
2021-06-15 09:34:44,1779.5,206144
2021-06-15 09:34:46,1779.65,206165
2021-06-15 09:34:47,1779.65,206165
2021-06-15 09:34:48,1779.65,206172
2021-06-15 09:34:49,1779.5,206222
2021-06-15 09:34:50,1779.5,206222
2021-06-15 09:34:51,1779.25,206223
2021-06-15 09:34:52,1779.4,206233
2021-06-15 09:34:53,1779.4,206233
2021-06-15 09:34:54,1779.0,206249
2021-06-15 09:34:55,1779.25,206299
2021-06-15 09:34:56,1779.25,206299
2021-06-15 09:34:57,1779.25,206299
2021-06-15 09:34:58,1779.25,206299
2021-06-15 09:34:59,1778.95,207361
2021-06-15 09:35:00,1779.05,207894
2021-06-15 09:35:01,1778.65,207939
2021-06-15 09:35:02,1778.7,207950
2021-06-15 09:35:03,1778.7,207950
2021-06-15 09:35:04,1778.7,207950
2021-06-15 09:35:05,1778.7,207950
2021-06-15 09:35:06,1778.45,208086
2021-06-15 09:35:07,1778.5,208134
2021-06-15 09:35:08,1778.5,208134
2021-06-15 09:35:09,1778.45,208144
2021-06-15 09:35:10,1778.4,208178
2021-06-15 09:35:11,1778.35,208179
2021-06-15 09:35:12,1778.05,208193
2021-06-15 09:35:13,1778.05,211071
2021-06-15 09:35:14,1778.05,211071
2021-06-15 09:35:15,1778.05,211071
2021-06-15 09:35:16,1778.0,211122
2021-06-15 09:35:17,1778.1,211140
2021-06-15 09:35:18,1778.1,211140
2021-06-15 09:35:19,1778.35,211280
2021-06-15 09:35:20,1778.35,211399
2021-06-15 09:35:21,1778.35,211399
2021-06-15 09:35:22,1779.2,211419
2021-06-15 09:35:23,1779.2,211419
2021-06-15 09:35:25,1779.25,211439
2021-06-15 09:35:28,1778.45,211490
2021-06-15 09:35:29,1778.45,211510
2021-06-15 09:35:30,1778.45,211510
2021-06-15 09:35:31,1779.0,211540
2021-06-15 09:35:32,1779.0,211568
2021-06-15 09:35:33,1779.25,212254
2021-06-15 09:35:34,1779.05,212255
2021-06-15 09:35:35,1779.45,212259
2021-06-15 09:35:36,1779.45,212259
2021-06-15 09:35:38,1779.7,212569
2021-06-15 09:35:39,1779.7,212574
2021-06-15 09:35:40,1779.7,212584
2021-06-15 09:35:41,1779.7,212584
2021-06-15 09:35:42,1780.0,212669
2021-06-15 09:35:44,1780.0,212694
2021-06-15 09:35:45,1780.0,212695
2021-06-15 09:35:46,1780.0,212695
2021-06-15 09:35:47,1780.0,212695
2021-06-15 09:35:48,1780.0,212698
2021-06-15 09:35:49,1779.0,213248
2021-06-15 09:35:50,1779.0,213248
2021-06-15 09:35:51,1780.0,213278
2021-06-15 09:35:52,1780.0,213278
2021-06-15 09:35:53,1779.65,213322
2021-06-15 09:35:54,1779.65,213322
2021-06-15 09:35:55,1779.6,213343
2021-06-15 09:35:56,1779.6,213343
2021-06-15 09:35:58,1777.5,214693
2021-06-15 09:35:59,1777.5,214693
2021-06-15 09:36:00,1777.5,214693
2021-06-15 09:36:01,1778.2,214743
2021-06-15 09:36:02,1778.2,214763
2021-06-15 09:36:03,1778.2,214763
2021-06-15 09:36:04,1778.2,214763
2021-06-15 09:36:05,1778.2,214763
2021-06-15 09:36:06,1777.9,214783
2021-06-15 09:36:07,1777.9,214783
2021-06-15 09:36:08,1777.9,214783
2021-06-15 09:36:09,1777.9,214783
2021-06-15 09:36:10,1777.9,214783
2021-06-15 09:36:11,1778.55,214785
2021-06-15 09:36:12,1777.8,214791
2021-06-15 09:36:13,1778.4,214797
2021-06-15 09:36:14,1778.4,214797
2021-06-15 09:36:15,1778.4,214797
2021-06-15 09:36:16,1778.4,214797
2021-06-15 09:36:17,1778.4,214803
2021-06-15 09:36:18,1778.4,214803
2021-06-15 09:36:19,1778.4,214803
2021-06-15 09:36:20,1778.7,215169
2021-06-15 09:36:21,1778.7,215169
2021-06-15 09:36:22,1778.2,215179
2021-06-15 09:36:24,1779.15,215696
2021-06-15 09:36:23,1779.15,215696
2021-06-15 09:36:25,1778.25,215697
2021-06-15 09:36:26,1778.25,215697
2021-06-15 09:36:27,1778.65,215722
2021-06-15 09:36:29,1778.7,215723
2021-06-15 09:36:30,1778.7,215724
2021-06-15 09:36:31,1778.7,215724
2021-06-15 09:36:32,1778.7,215724
2021-06-15 09:36:33,1778.7,215729
2021-06-15 09:36:34,1778.7,215729
2021-06-15 09:36:35,1778.7,215731
2021-06-15 09:36:36,1778.25,215871
2021-06-15 09:36:37,1778.5,215891
2021-06-15 09:36:38,1778.5,215891
2021-06-15 09:36:39,1778.25,215971
2021-06-15 09:36:40,1778.25,215971
2021-06-15 09:36:41,1778.2,216060
2021-06-15 09:36:42,1778.2,216060
2021-06-15 09:36:43,1778.2,216060
2021-06-15 09:36:44,1778.0,216089
2021-06-15 09:36:45,1778.0,216089
2021-06-15 09:36:46,1777.5,216189
2021-06-15 09:36:47,1777.5,216189
2021-06-15 09:36:48,1777.5,216193
2021-06-15 09:36:49,1777.95,216238
2021-06-15 09:36:50,1778.0,216291
2021-06-15 09:36:51,1777.9,216501
2021-06-15 09:36:52,1777.95,216506
2021-06-15 09:36:53,1777.45,216510
2021-06-15 09:36:54,1777.45,216510
2021-06-15 09:36:55,1777.45,216511
2021-06-15 09:36:56,1777.45,216511
2021-06-15 09:36:57,1777.45,216511
2021-06-15 09:36:58,1777.45,216511
2021-06-15 09:36:59,1777.45,216555
2021-06-15 09:37:00,1777.45,216555
2021-06-15 09:37:01,1777.2,216560
2021-06-15 09:37:02,1777.2,217060
2021-06-15 09:37:03,1777.2,217131
2021-06-15 09:37:04,1777.2,217132
2021-06-15 09:37:05,1777.0,217842
2021-06-15 09:37:06,1777.0,217873
2021-06-15 09:37:07,1777.0,217873
2021-06-15 09:37:08,1776.7,217900
2021-06-15 09:37:09,1776.95,217990
2021-06-15 09:37:10,1776.95,217990
2021-06-15 09:37:11,1777.0,217992
2021-06-15 09:37:13,1777.0,218586
2021-06-15 09:37:14,1777.0,218586
2021-06-15 09:37:15,1776.6,218673
2021-06-15 09:37:16,1776.6,218914
2021-06-15 09:37:17,1777.85,219368
2021-06-15 09:37:18,1777.85,219383
2021-06-15 09:37:19,1777.85,219569
2021-06-15 09:37:20,1777.85,219569
2021-06-15 09:37:21,1777.85,219579
2021-06-15 09:37:22,1777.1,219679
2021-06-15 09:37:25,1777.85,219741
2021-06-15 09:37:26,1777.85,219741
2021-06-15 09:37:27,1777.85,219750
2021-06-15 09:37:28,1777.85,219750
2021-06-15 09:37:29,1777.85,219807
2021-06-15 09:37:31,1777.2,219878
2021-06-15 09:37:32,1777.75,219919
2021-06-15 09:37:33,1778.3,220440
2021-06-15 09:37:34,1778.3,220440
2021-06-15 09:37:35,1778.3,220440
2021-06-15 09:37:36,1778.35,220561
2021-06-15 09:37:37,1778.35,220561
2021-06-15 09:37:38,1778.35,220561
2021-06-15 09:37:39,1777.8,220572
2021-06-15 09:37:40,1777.8,220572
2021-06-15 09:37:41,1778.4,220573
2021-06-15 09:37:42,1778.35,220574
2021-06-15 09:37:43,1778.35,220574
2021-06-15 09:37:44,1778.4,220575
2021-06-15 09:37:45,1778.4,220642
2021-06-15 09:37:46,1778.4,220642
2021-06-15 09:37:47,1778.4,220642
2021-06-15 09:37:48,1778.0,220749
2021-06-15 09:37:50,1777.65,220826
2021-06-15 09:37:51,1778.45,220834
2021-06-15 09:37:52,1778.7,220886
2021-06-15 09:37:53,1778.7,220886
2021-06-15 09:37:54,1778.6,220907
2021-06-15 09:37:55,1778.6,220912
2021-06-15 09:37:56,1778.0,221017
2021-06-15 09:37:57,1778.6,221022
2021-06-15 09:37:59,1778.6,221022
2021-06-15 09:38:00,1778.4,221027
2021-06-15 09:38:00,1778.45,221127
2021-06-15 09:38:01,1778.45,221127
2021-06-15 09:38:02,1778.5,221132
2021-06-15 09:38:03,1778.05,221143
2021-06-15 09:38:04,1778.45,221148
2021-06-15 09:38:05,1778.5,221153
2021-06-15 09:38:06,1778.5,221153
2021-06-15 09:38:08,1778.45,221204
2021-06-15 09:38:09,1778.45,221262
2021-06-15 09:38:10,1778.45,221283
2021-06-15 09:38:11,1778.45,221283
2021-06-15 09:38:12,1778.45,221283
2021-06-15 09:38:13,1778.45,221286
2021-06-15 09:38:14,1778.45,221351
2021-06-15 09:38:16,1778.45,221403
2021-06-15 09:38:17,1778.45,221454
2021-06-15 09:38:17,1778.45,221403
2021-06-15 09:38:18,1778.45,221454
2021-06-15 09:38:19,1778.45,221454
2021-06-15 09:38:20,1778.75,221554
2021-06-15 09:38:21,1778.75,221673
2021-06-15 09:38:22,1778.5,221720
2021-06-15 09:38:23,1778.5,221720
2021-06-15 09:38:24,1778.8,221726
2021-06-15 09:38:25,1778.75,221786
2021-06-15 09:38:26,1778.5,221812
2021-06-15 09:38:27,1778.8,221878
2021-06-15 09:38:28,1778.8,221878
2021-06-15 09:38:29,1778.45,222359
2021-06-15 09:38:30,1778.5,222391
2021-06-15 09:38:31,1778.5,222401
2021-06-15 09:38:32,1778.5,222401
2021-06-15 09:38:33,1778.5,222407
2021-06-15 09:38:34,1778.5,222407
2021-06-15 09:38:35,1778.5,222663
2021-06-15 09:38:36,1778.5,222740
2021-06-15 09:38:37,1778.05,222791
2021-06-15 09:38:38,1778.05,222842
2021-06-15 09:38:39,1778.0,222978
2021-06-15 09:38:40,1778.0,223028
2021-06-15 09:38:41,1778.6,223173
2021-06-15 09:38:44,1778.6,223173
2021-06-15 09:38:43,1778.6,223173
2021-06-15 09:38:45,1778.6,223173
2021-06-15 09:38:46,1778.6,223174
2021-06-15 09:38:47,1778.6,223174
2021-06-15 09:38:48,1778.7,223224
2021-06-15 09:38:49,1778.7,223247
2021-06-15 09:38:50,1778.7,223247
2021-06-15 09:38:51,1778.7,223247
2021-06-15 09:38:52,1778.7,223247
2021-06-15 09:38:53,1778.7,223247
2021-06-15 09:38:56,1778.7,223267
2021-06-15 09:38:58,1778.5,223401
2021-06-15 09:38:58,1778.5,223401
2021-06-15 09:39:00,1778.7,223402
2021-06-15 09:39:00,1778.5,223403
2021-06-15 09:39:01,1778.75,223607
2021-06-15 09:39:02,1778.75,223607
2021-06-15 09:39:04,1778.75,223607
2021-06-15 09:39:04,1778.75,223612
2021-06-15 09:39:05,1778.75,223613
2021-06-15 09:39:06,1778.75,223613
2021-06-15 09:39:08,1778.75,223613
2021-06-15 09:39:09,1778.75,223613
2021-06-15 09:39:12,1778.75,223613
2021-06-15 09:39:13,1778.75,223613
2021-06-15 09:39:14,1778.75,223613
2021-06-15 09:39:16,1778.75,223613
2021-06-15 09:39:17,1778.75,223613
2021-06-15 09:39:18,1778.5,223640
2021-06-15 09:39:19,1778.5,223640
2021-06-15 09:39:21,1778.5,223640
2021-06-15 09:39:22,1778.5,223838
2021-06-15 09:39:23,1778.8,223843
2021-06-15 09:39:24,1778.5,223966
2021-06-15 09:39:25,1778.85,224036
2021-06-15 09:39:26,1778.85,224036
2021-06-15 09:39:27,1778.85,224036
2021-06-15 09:39:27,1778.55,224190
2021-06-15 09:39:28,1778.55,224245
2021-06-15 09:39:29,1778.75,224310
2021-06-15 09:39:30,1778.75,224312
2021-06-15 09:39:32,1778.75,224312
2021-06-15 09:39:33,1778.75,224312
2021-06-15 09:39:33,1778.75,224312
2021-06-15 09:39:34,1778.05,224432
2021-06-15 09:39:35,1778.05,224432
2021-06-15 09:39:36,1778.05,224432
2021-06-15 09:39:37,1778.05,224432
2021-06-15 09:39:38,1778.55,224436
2021-06-15 09:39:39,1778.55,224436
2021-06-15 09:39:41,1778.55,224436
2021-06-15 09:39:42,1778.25,224858
2021-06-15 09:39:42,1778.25,224858
2021-06-15 09:39:43,1777.75,224909
2021-06-15 09:39:44,1777.75,224909
2021-06-15 09:39:46,1777.75,224909
2021-06-15 09:39:47,1777.75,224909
2021-06-15 09:39:49,1777.75,225209
2021-06-15 09:39:50,1777.75,225327
2021-06-15 09:39:51,1778.35,225427
2021-06-15 09:39:52,1778.35,225427
2021-06-15 09:39:53,1778.55,225527
2021-06-15 09:39:53,1778.35,225427
2021-06-15 09:39:54,1778.55,225527
2021-06-15 09:39:55,1778.55,225527
2021-06-15 09:39:56,1778.55,225527
2021-06-15 09:39:59,1778.55,225527
2021-06-15 09:39:59,1778.55,225527
2021-06-15 09:40:01,1777.8,225727
2021-06-15 09:40:02,1777.8,225727
2021-06-15 09:40:03,1777.8,225737
2021-06-15 09:40:04,1778.2,225742
2021-06-15 09:40:05,1777.75,225844
2021-06-15 09:40:06,1777.75,225844
2021-06-15 09:40:07,1777.75,225844
2021-06-15 09:40:08,1777.75,225844
2021-06-15 09:40:08,1778.15,225854
2021-06-15 09:40:09,1778.15,225854
2021-06-15 09:40:11,1778.25,226064
2021-06-15 09:40:11,1777.75,226177
2021-06-15 09:40:14,1777.75,226177
2021-06-15 09:40:15,1777.75,226216
2021-06-15 09:40:15,1777.75,226216
2021-06-15 09:40:16,1777.9,226226
2021-06-15 09:40:18,1777.05,226378
2021-06-15 09:40:19,1777.05,226439
2021-06-15 09:40:19,1777.05,226439
2021-06-15 09:40:20,1777.05,226439
2021-06-15 09:40:21,1777.05,226439
2021-06-15 09:40:22,1777.75,226440
2021-06-15 09:40:23,1777.75,226496
2021-06-15 09:40:24,1777.75,226496
2021-06-15 09:40:25,1777.05,226515
2021-06-15 09:40:26,1777.05,226515
2021-06-15 09:40:27,1777.05,226515
2021-06-15 09:40:29,1777.05,226602
2021-06-15 09:40:30,1777.05,226602
2021-06-15 09:40:31,1777.0,226852
2021-06-15 09:40:32,1777.45,226867
2021-06-15 09:40:32,1777.45,226867
2021-06-15 09:40:33,1777.45,226867
2021-06-15 09:40:34,1776.95,227022
2021-06-15 09:40:36,1777.25,227047
2021-06-15 09:40:37,1777.25,227082
2021-06-15 09:40:38,1777.25,227087
2021-06-15 09:40:38,1777.25,227087
2021-06-15 09:40:39,1777.25,227097
2021-06-15 09:40:40,1777.25,227099
2021-06-15 09:40:41,1776.85,227109
2021-06-15 09:40:42,1776.85,227109
2021-06-15 09:40:43,1776.85,227109
2021-06-15 09:40:44,1776.9,227122
2021-06-15 09:40:45,1776.9,227122
2021-06-15 09:40:47,1777.45,227309
2021-06-15 09:40:47,1777.65,227559
2021-06-15 09:40:49,1777.0,227560
2021-06-15 09:40:49,1777.0,227560
2021-06-15 09:40:50,1777.3,227590
2021-06-15 09:40:52,1777.3,227590
2021-06-15 09:40:54,1777.0,227670
2021-06-15 09:40:55,1777.0,227770
2021-06-15 09:40:56,1777.0,227770
2021-06-15 09:40:57,1776.8,227820
2021-06-15 09:40:58,1776.8,227820
2021-06-15 09:40:59,1777.75,228769
2021-06-15 09:41:00,1776.75,229342
2021-06-15 09:41:01,1776.75,229342
2021-06-15 09:41:02,1776.75,229342
2021-06-15 09:41:03,1776.75,229342
2021-06-15 09:41:05,1776.75,229342
2021-06-15 09:41:06,1776.7,229357
2021-06-15 09:41:07,1776.7,229357
2021-06-15 09:41:08,1776.7,229357
2021-06-15 09:41:09,1776.8,229358
2021-06-15 09:41:10,1776.8,229358
2021-06-15 09:41:11,1776.8,229358
2021-06-15 09:41:12,1776.8,229358
2021-06-15 09:41:13,1776.8,229358
2021-06-15 09:41:14,1776.8,229358
2021-06-15 09:41:15,1777.25,229408
2021-06-15 09:41:16,1777.25,229408
2021-06-15 09:41:17,1777.55,229418
2021-06-15 09:41:18,1776.85,229454
2021-06-15 09:41:19,1776.85,229454
2021-06-15 09:41:20,1777.4,229492
2021-06-15 09:41:21,1777.4,229492
2021-06-15 09:41:22,1777.3,229493
2021-06-15 09:41:23,1777.3,229493
2021-06-15 09:41:24,1778.0,229993
2021-06-15 09:41:25,1778.0,229993
2021-06-15 09:41:26,1778.0,229993
2021-06-15 09:41:28,1778.0,229993
2021-06-15 09:41:29,1778.0,229993
2021-06-15 09:41:30,1778.0,230043
2021-06-15 09:41:30,1778.0,230056
2021-06-15 09:41:31,1778.0,230056
2021-06-15 09:41:32,1778.0,230056
2021-06-15 09:41:33,1778.0,230056
2021-06-15 09:41:34,1778.0,230056
2021-06-15 09:41:35,1778.0,230056
2021-06-15 09:41:36,1778.0,230068
2021-06-15 09:41:37,1778.0,230068
2021-06-15 09:41:38,1778.0,230068
2021-06-15 09:41:39,1778.0,230068
2021-06-15 09:41:40,1778.0,230068
2021-06-15 09:41:41,1778.0,230072
2021-06-15 09:41:42,1778.0,230072
2021-06-15 09:41:44,1778.0,230073
2021-06-15 09:41:45,1778.0,230076
2021-06-15 09:41:45,1778.0,230076
2021-06-15 09:41:46,1778.0,230076
2021-06-15 09:41:47,1778.0,230081
2021-06-15 09:41:48,1778.0,230093
2021-06-15 09:41:49,1778.0,230295
2021-06-15 09:41:50,1778.0,230295
2021-06-15 09:41:53,1778.0,230295
2021-06-15 09:41:54,1778.0,230296
2021-06-15 09:41:55,1778.0,230296
2021-06-15 09:41:55,1778.0,230296
2021-06-15 09:41:57,1778.0,230296
2021-06-15 09:41:58,1778.0,230322
2021-06-15 09:41:59,1778.0,230344
2021-06-15 09:42:00,1778.0,230354
2021-06-15 09:42:01,1778.0,230354
2021-06-15 09:42:02,1778.0,230358
2021-06-15 09:42:03,1778.0,230358
2021-06-15 09:42:04,1778.0,230408
2021-06-15 09:42:05,1778.0,230558
2021-06-15 09:42:06,1777.95,230687
2021-06-15 09:42:07,1778.0,230700
2021-06-15 09:42:08,1778.0,230700
2021-06-15 09:42:09,1778.0,230700
2021-06-15 09:42:10,1777.95,230750
2021-06-15 09:42:11,1777.95,230750
2021-06-15 09:42:12,1777.95,230750
2021-06-15 09:42:12,1778.0,230792
2021-06-15 09:42:13,1777.95,230798
2021-06-15 09:42:14,1777.95,230799
2021-06-15 09:42:15,1778.0,230868
2021-06-15 09:42:16,1778.0,230872
2021-06-15 09:42:17,1777.95,230952
2021-06-15 09:42:18,1778.0,230954
2021-06-15 09:42:21,1778.0,230966
2021-06-15 09:42:22,1778.0,230966
2021-06-15 09:42:23,1777.95,231091
2021-06-15 09:42:24,1778.0,231097
2021-06-15 09:42:25,1777.95,231103
2021-06-15 09:42:25,1777.95,231103
2021-06-15 09:42:27,1778.0,231118
2021-06-15 09:42:27,1778.0,231122
2021-06-15 09:42:28,1778.0,231122
2021-06-15 09:42:30,1778.0,231197
2021-06-15 09:42:31,1778.0,231197
2021-06-15 09:42:33,1778.0,231197
2021-06-15 09:42:34,1778.0,231197
2021-06-15 09:42:35,1778.0,231197
2021-06-15 09:42:36,1778.0,231197
2021-06-15 09:42:37,1778.0,231210
2021-06-15 09:42:39,1778.0,231210
2021-06-15 09:42:40,1778.0,231210
2021-06-15 09:42:41,1778.0,231220
2021-06-15 09:42:42,1778.0,231220
2021-06-15 09:42:43,1778.0,231220
2021-06-15 09:42:45,1778.0,231220
2021-06-15 09:42:46,1778.0,231220
2021-06-15 09:42:47,1778.0,233899
2021-06-15 09:42:48,1778.0,233904
2021-06-15 09:42:51,1778.0,233904
2021-06-15 09:42:52,1778.0,233909
2021-06-15 09:42:52,1778.0,233909
2021-06-15 09:42:53,1778.0,233909
2021-06-15 09:42:54,1778.0,234117
2021-06-15 09:42:55,1777.95,234122
2021-06-15 09:42:57,1778.0,234224
2021-06-15 09:42:58,1778.0,234224
2021-06-15 09:42:59,1778.0,234224
2021-06-15 09:43:00,1778.0,234224
2021-06-15 09:43:01,1777.95,234235
2021-06-15 09:43:02,1778.0,234268
2021-06-15 09:43:03,1778.0,234269
2021-06-15 09:43:04,1778.0,234281
2021-06-15 09:43:05,1778.0,234296
2021-06-15 09:43:06,1778.0,234396
2021-06-15 09:43:06,1778.0,234396
2021-06-15 09:43:07,1778.0,234396
2021-06-15 09:43:08,1778.0,234400
2021-06-15 09:43:10,1777.95,234540
2021-06-15 09:43:12,1777.95,234540
2021-06-15 09:43:12,1777.95,234540
2021-06-15 09:43:13,1778.0,234565
2021-06-15 09:43:14,1778.0,234607
2021-06-15 09:43:16,1778.0,234607
2021-06-15 09:43:17,1778.0,234607
2021-06-15 09:43:18,1777.95,234617
2021-06-15 09:43:18,1777.95,234617
2021-06-15 09:43:20,1778.0,234627
2021-06-15 09:43:22,1777.95,235087
2021-06-15 09:43:24,1777.95,235087
2021-06-15 09:43:26,1778.0,235152
2021-06-15 09:43:27,1777.95,235154
2021-06-15 09:43:27,1777.95,235154
2021-06-15 09:43:28,1778.0,235164
2021-06-15 09:43:29,1778.0,235164
2021-06-15 09:43:30,1778.0,235978
2021-06-15 09:43:31,1778.0,235980
2021-06-15 09:43:33,1778.0,235980
2021-06-15 09:43:34,1778.0,236877
2021-06-15 09:43:35,1777.95,236880
2021-06-15 09:43:36,1777.95,236880
2021-06-15 09:43:37,1778.0,237662
2021-06-15 09:43:38,1778.0,237666
2021-06-15 09:43:39,1778.0,237711
2021-06-15 09:43:40,1778.0,237711
2021-06-15 09:43:41,1778.0,237711
2021-06-15 09:43:42,1778.0,237721
2021-06-15 09:43:43,1778.0,237782
2021-06-15 09:43:44,1778.0,237883
2021-06-15 09:43:45,1777.95,237933
2021-06-15 09:43:46,1777.95,238032
2021-06-15 09:43:47,1778.0,238325
2021-06-15 09:43:49,1778.0,238510
2021-06-15 09:43:49,1778.0,238510
2021-06-15 09:43:50,1778.0,239032
2021-06-15 09:43:51,1778.0,239042
2021-06-15 09:43:53,1778.0,239092
2021-06-15 09:43:54,1778.0,239092
2021-06-15 09:43:55,1777.95,239105
2021-06-15 09:43:56,1777.95,239105
2021-06-15 09:43:57,1778.0,239205
2021-06-15 09:43:57,1778.0,239904
2021-06-15 09:43:58,1778.8,240004
2021-06-15 09:44:00,1778.8,240004
2021-06-15 09:44:01,1778.8,240004
2021-06-15 09:44:03,1778.95,240206
2021-06-15 09:44:03,1778.75,240056
2021-06-15 09:44:04,1778.95,240306
2021-06-15 09:44:05,1778.95,240306
2021-06-15 09:44:06,1778.95,240306
2021-06-15 09:44:07,1778.95,240306
2021-06-15 09:44:09,1779.0,240307
2021-06-15 09:44:11,1779.0,240407
2021-06-15 09:44:10,1779.0,240407
2021-06-15 09:44:12,1779.0,240412
2021-06-15 09:44:13,1779.0,240412
2021-06-15 09:44:14,1779.0,240412
2021-06-15 09:44:15,1779.0,240420
2021-06-15 09:44:16,1779.0,240448
2021-06-15 09:44:17,1779.0,240448
2021-06-15 09:44:18,1779.0,240448
2021-06-15 09:44:19,1779.0,240448
2021-06-15 09:44:20,1779.0,240448
2021-06-15 09:44:21,1779.0,240450
2021-06-15 09:44:21,1779.0,240470
2021-06-15 09:44:22,1779.0,240480
2021-06-15 09:44:23,1779.0,240480
2021-06-15 09:44:25,1779.0,240899
2021-06-15 09:44:26,1779.0,240899
2021-06-15 09:44:28,1779.0,240899
2021-06-15 09:44:29,1778.95,240997
2021-06-15 09:44:30,1779.0,241141
2021-06-15 09:44:31,1779.0,241340
2021-06-15 09:44:32,1779.05,241341
2021-06-15 09:44:33,1779.1,241342
2021-06-15 09:44:34,1779.15,241346
2021-06-15 09:44:35,1779.6,241400
2021-06-15 09:44:35,1779.6,241400
2021-06-15 09:44:36,1779.2,241450
2021-06-15 09:44:37,1779.2,241450
2021-06-15 09:44:38,1779.2,241450
2021-06-15 09:44:39,1779.7,241550
2021-06-15 09:44:40,1779.7,241550
2021-06-15 09:44:41,1779.7,241550
2021-06-15 09:44:43,1779.55,241552
2021-06-15 09:44:43,1779.55,241552
2021-06-15 09:44:44,1779.55,241552
2021-06-15 09:44:45,1779.85,241762
2021-06-15 09:44:47,1779.85,241762
2021-06-15 09:44:49,1779.75,241764
2021-06-15 09:44:50,1779.9,241954
2021-06-15 09:44:51,1779.9,241954
2021-06-15 09:44:52,1779.9,241954
2021-06-15 09:44:54,1779.9,241954
2021-06-15 09:44:55,1779.25,242014
2021-06-15 09:44:56,1779.25,242014
2021-06-15 09:44:57,1779.25,242075
2021-06-15 09:44:57,1779.25,242075
2021-06-15 09:44:59,1779.55,242165
2021-06-15 09:45:00,1779.8,242345
2021-06-15 09:45:01,1779.8,242345
2021-06-15 09:45:02,1779.8,242345
2021-06-15 09:45:03,1779.8,242345
2021-06-15 09:45:05,1779.75,242346
2021-06-15 09:45:06,1779.75,242346
2021-06-15 09:45:07,1779.75,242347
2021-06-15 09:45:08,1779.75,242380
2021-06-15 09:45:09,1779.75,242380
2021-06-15 09:45:10,1779.8,242388
2021-06-15 09:45:11,1779.8,242398
2021-06-15 09:45:12,1779.9,242430
2021-06-15 09:45:13,1779.9,242432
2021-06-15 09:45:14,1779.9,242432
2021-06-15 09:45:15,1779.9,242432
2021-06-15 09:45:16,1779.9,242432
2021-06-15 09:45:17,1779.9,242478
2021-06-15 09:45:18,1779.9,242478
2021-06-15 09:45:19,1779.9,242478
2021-06-15 09:45:20,1779.9,242478
2021-06-15 09:45:21,1779.9,242478
2021-06-15 09:45:23,1779.65,243060
2021-06-15 09:45:24,1779.55,243191
2021-06-15 09:45:25,1779.55,243191
2021-06-15 09:45:26,1779.2,243229
2021-06-15 09:45:27,1779.2,243229
2021-06-15 09:45:28,1779.25,243341
2021-06-15 09:45:29,1778.5,243879
2021-06-15 09:45:30,1778.45,244181
2021-06-15 09:45:31,1778.45,244181
2021-06-15 09:45:31,1778.45,244181
2021-06-15 09:45:32,1778.25,244279
2021-06-15 09:45:34,1779.05,244280
2021-06-15 09:45:36,1779.2,244291
2021-06-15 09:45:37,1779.25,244422
2021-06-15 09:45:38,1779.25,244423
2021-06-15 09:45:39,1779.25,244423
2021-06-15 09:45:40,1779.25,244423
2021-06-15 09:45:41,1779.25,244423
2021-06-15 09:45:42,1779.25,244423
2021-06-15 09:45:44,1779.2,244424
2021-06-15 09:45:43,1779.2,244424
2021-06-15 09:45:45,1779.25,244444
2021-06-15 09:45:46,1779.0,244451
2021-06-15 09:45:47,1779.0,244451
2021-06-15 09:45:48,1779.0,244451
2021-06-15 09:45:49,1779.25,244501
2021-06-15 09:45:50,1779.25,244501
2021-06-15 09:45:51,1779.25,244501
2021-06-15 09:45:52,1779.25,244501
2021-06-15 09:45:53,1779.25,244501
2021-06-15 09:45:54,1779.25,244501
2021-06-15 09:45:55,1779.25,244501
2021-06-15 09:45:58,1779.25,244509
2021-06-15 09:45:59,1779.05,244607
2021-06-15 09:46:00,1779.05,244607
2021-06-15 09:46:01,1779.05,244662
2021-06-15 09:46:02,1779.05,244662
2021-06-15 09:46:03,1779.0,244713
2021-06-15 09:46:04,1779.05,244764
2021-06-15 09:46:05,1778.65,244815
2021-06-15 09:46:06,1778.6,244966
2021-06-15 09:46:07,1779.05,244968
2021-06-15 09:46:08,1779.05,244969
2021-06-15 09:46:09,1779.05,245059
2021-06-15 09:46:10,1779.05,245059
2021-06-15 09:46:11,1779.05,245059
2021-06-15 09:46:12,1779.05,245059
2021-06-15 09:46:13,1779.05,245059
2021-06-15 09:46:14,1779.05,245059
2021-06-15 09:46:15,1779.05,245061
2021-06-15 09:46:16,1779.05,245061
2021-06-15 09:46:17,1779.55,245561
2021-06-15 09:46:18,1779.55,245561
2021-06-15 09:46:19,1779.55,245561
2021-06-15 09:46:21,1779.05,245563
2021-06-15 09:46:22,1779.05,245563
2021-06-15 09:46:24,1778.85,245565
2021-06-15 09:46:25,1779.05,245575
2021-06-15 09:46:26,1779.05,245575
2021-06-15 09:46:27,1779.05,245592
2021-06-15 09:46:28,1779.0,245606
2021-06-15 09:46:29,1779.05,245611
2021-06-15 09:46:30,1779.05,245611
2021-06-15 09:46:31,1779.05,245611
2021-06-15 09:46:32,1779.55,245634
2021-06-15 09:46:33,1778.9,245684
2021-06-15 09:46:34,1778.9,245684
2021-06-15 09:46:35,1778.85,245918
2021-06-15 09:46:36,1778.85,245918
2021-06-15 09:46:37,1778.85,245918
2021-06-15 09:46:38,1778.85,245919
2021-06-15 09:46:39,1778.85,245919
2021-06-15 09:46:40,1778.85,245919
2021-06-15 09:46:41,1779.25,245929
2021-06-15 09:46:43,1779.25,245929
2021-06-15 09:46:44,1779.35,246012
2021-06-15 09:46:46,1779.35,246012
2021-06-15 09:46:47,1779.35,246012
2021-06-15 09:46:48,1779.35,246012
2021-06-15 09:46:49,1779.35,246012
2021-06-15 09:46:51,1779.55,246013
2021-06-15 09:46:53,1779.55,246013
2021-06-15 09:46:54,1779.55,246013
2021-06-15 09:46:55,1779.7,246027
2021-06-15 09:46:58,1779.55,246242
2021-06-15 09:47:00,1779.9,246742
2021-06-15 09:47:01,1779.85,246743
2021-06-15 09:47:03,1779.85,246743
2021-06-15 09:47:04,1779.55,246744
2021-06-15 09:47:05,1779.9,246774
2021-06-15 09:47:06,1779.9,246774
2021-06-15 09:47:07,1779.9,246774
2021-06-15 09:47:08,1779.5,247213
2021-06-15 09:47:09,1779.65,247366
2021-06-15 09:47:10,1779.65,247366
2021-06-15 09:47:11,1779.65,247366
2021-06-15 09:47:12,1779.65,247366
2021-06-15 09:47:13,1779.65,247366
2021-06-15 09:47:14,1780.0,247367
2021-06-15 09:47:15,1780.0,247367
2021-06-15 09:47:16,1780.0,247367
2021-06-15 09:47:17,1780.3,248362
2021-06-15 09:47:18,1779.0,250011
2021-06-15 09:47:19,1779.0,252897
2021-06-15 09:47:20,1779.0,252897
2021-06-15 09:47:21,1779.0,252897
2021-06-15 09:47:22,1779.0,252897
2021-06-15 09:47:23,1779.0,252897
2021-06-15 09:47:24,1779.95,252909
2021-06-15 09:47:25,1780.0,252929
2021-06-15 09:47:26,1780.0,252929
2021-06-15 09:47:27,1780.0,252939
2021-06-15 09:47:28,1780.0,252940
2021-06-15 09:47:30,1780.0,252940
2021-06-15 09:47:32,1780.0,253301
2021-06-15 09:47:33,1780.0,253301
2021-06-15 09:47:34,1780.0,253301
2021-06-15 09:47:35,1780.0,253321
2021-06-15 09:47:36,1780.0,253321
2021-06-15 09:47:37,1780.0,253321
2021-06-15 09:47:38,1780.0,253321
2021-06-15 09:47:39,1780.0,253321
2021-06-15 09:47:40,1780.0,253321
2021-06-15 09:47:41,1780.1,253466
2021-06-15 09:47:42,1780.1,253466
2021-06-15 09:47:43,1780.1,253466
2021-06-15 09:47:44,1780.1,253466
2021-06-15 09:47:45,1780.1,253466
2021-06-15 09:47:46,1780.25,253467
2021-06-15 09:47:48,1780.25,253467
2021-06-15 09:47:49,1780.25,253467
2021-06-15 09:47:50,1780.25,253477
2021-06-15 09:47:51,1780.25,253477
2021-06-15 09:47:52,1780.25,253477
2021-06-15 09:47:53,1780.25,253477
2021-06-15 09:47:54,1779.9,254065
2021-06-15 09:47:56,1779.9,254065
2021-06-15 09:47:58,1779.9,254406
2021-06-15 09:47:58,1779.9,254066
2021-06-15 09:47:59,1779.9,254406
2021-06-15 09:48:00,1779.9,254406
2021-06-15 09:48:01,1780.05,254427
2021-06-15 09:48:06,1780.15,254500
2021-06-15 09:48:06,1780.4,254541
2021-06-15 09:48:07,1780.45,254547
2021-06-15 09:48:08,1780.7,254592
2021-06-15 09:48:09,1780.7,254592
2021-06-15 09:48:10,1780.75,254593
2021-06-15 09:48:11,1780.75,254593
2021-06-15 09:48:12,1780.75,254593
2021-06-15 09:48:14,1780.75,254593
2021-06-15 09:48:14,1780.75,254593
2021-06-15 09:48:15,1780.75,254603
2021-06-15 09:48:16,1780.8,254616
2021-06-15 09:48:17,1780.8,254618
2021-06-15 09:48:18,1780.8,254619
2021-06-15 09:48:19,1780.75,254621
2021-06-15 09:48:21,1780.8,255041
2021-06-15 09:48:21,1780.8,255041
2021-06-15 09:48:22,1780.8,255041
2021-06-15 09:48:23,1780.85,255087
2021-06-15 09:48:24,1780.75,255234
2021-06-15 09:48:25,1780.75,255254
2021-06-15 09:48:26,1780.0,255304
2021-06-15 09:48:27,1780.75,255465
2021-06-15 09:48:28,1780.4,256005
2021-06-15 09:48:29,1779.55,256256
2021-06-15 09:48:30,1780.05,256266
2021-06-15 09:48:32,1780.05,256266
2021-06-15 09:48:33,1780.05,256266
2021-06-15 09:48:34,1780.05,256266
2021-06-15 09:48:36,1780.05,256266
2021-06-15 09:48:38,1780.35,256268
2021-06-15 09:48:39,1780.35,256268
2021-06-15 09:48:39,1780.35,256268
2021-06-15 09:48:41,1780.7,256289
2021-06-15 09:48:41,1780.7,256289
2021-06-15 09:48:42,1780.7,256289
2021-06-15 09:48:43,1780.2,256350
2021-06-15 09:48:44,1780.2,256351
2021-06-15 09:48:45,1779.35,256679
2021-06-15 09:48:46,1779.35,256689
2021-06-15 09:48:47,1779.35,256689
2021-06-15 09:48:48,1779.35,256689
2021-06-15 09:48:49,1779.85,256695
2021-06-15 09:48:50,1779.85,256695
2021-06-15 09:48:51,1779.85,256695
2021-06-15 09:48:52,1779.85,256695
2021-06-15 09:48:53,1780.25,256712
2021-06-15 09:48:54,1780.05,256722
2021-06-15 09:48:55,1780.3,256723
2021-06-15 09:48:56,1780.3,256750
2021-06-15 09:48:57,1780.05,256752
2021-06-15 09:48:58,1780.05,256752
2021-06-15 09:48:59,1780.35,256872
2021-06-15 09:49:00,1780.0,256892
2021-06-15 09:49:01,1780.0,256973
2021-06-15 09:49:02,1779.95,256988
2021-06-15 09:49:03,1779.95,256988
2021-06-15 09:49:04,1779.75,256990
2021-06-15 09:49:05,1779.75,256990
2021-06-15 09:49:06,1779.35,256995
2021-06-15 09:49:07,1779.35,256995
2021-06-15 09:49:08,1779.75,257015
2021-06-15 09:49:10,1779.1,257075
2021-06-15 09:49:10,1779.85,257175
2021-06-15 09:49:12,1779.15,257303
2021-06-15 09:49:12,1779.15,257303
2021-06-15 09:49:13,1779.15,257303
2021-06-15 09:49:14,1779.15,257303
2021-06-15 09:49:16,1779.75,257311
2021-06-15 09:49:17,1779.75,257313
2021-06-15 09:49:18,1779.75,257313
2021-06-15 09:49:19,1779.75,257344
2021-06-15 09:49:20,1779.75,257344
2021-06-15 09:49:22,1779.15,257360
2021-06-15 09:49:23,1779.15,257360
2021-06-15 09:49:24,1779.15,257360
2021-06-15 09:49:25,1779.75,257361
2021-06-15 09:49:26,1779.75,257428
2021-06-15 09:49:27,1779.75,257428
2021-06-15 09:49:28,1779.75,257428
2021-06-15 09:49:29,1779.75,257428
2021-06-15 09:49:30,1779.75,257428
2021-06-15 09:49:31,1779.75,257428
2021-06-15 09:49:32,1779.75,257428
2021-06-15 09:49:33,1779.0,257712
2021-06-15 09:49:34,1779.0,257712
2021-06-15 09:49:35,1779.0,257712
2021-06-15 09:49:36,1779.0,257712
2021-06-15 09:49:37,1779.0,257732
2021-06-15 09:49:38,1779.0,257762
2021-06-15 09:49:39,1779.55,257764
2021-06-15 09:49:40,1779.55,257764
2021-06-15 09:49:41,1779.55,257764
2021-06-15 09:49:42,1779.55,257764
2021-06-15 09:49:44,1779.05,257916
2021-06-15 09:49:45,1779.05,257967
2021-06-15 09:49:46,1779.05,257967
2021-06-15 09:49:49,1778.75,258367
2021-06-15 09:49:50,1779.4,258369
2021-06-15 09:49:51,1779.4,258369
2021-06-15 09:49:52,1779.4,258369
2021-06-15 09:49:53,1779.0,258370
2021-06-15 09:49:54,1779.0,258370
2021-06-15 09:49:55,1779.0,258370
2021-06-15 09:49:56,1779.0,258370
2021-06-15 09:49:57,1779.35,258380
2021-06-15 09:49:58,1779.35,258380
2021-06-15 09:49:59,1779.35,258380
2021-06-15 09:50:00,1779.35,258380
2021-06-15 09:50:01,1779.35,258380
2021-06-15 09:50:02,1779.3,258390
2021-06-15 09:50:03,1779.0,258441
2021-06-15 09:50:04,1779.0,258441
2021-06-15 09:50:05,1779.3,258442
2021-06-15 09:50:06,1779.3,258555
2021-06-15 09:50:07,1779.3,258565
2021-06-15 09:50:08,1779.3,258565
2021-06-15 09:50:09,1778.9,258616
2021-06-15 09:50:10,1778.9,258616
2021-06-15 09:50:11,1778.9,258616
2021-06-15 09:50:12,1778.9,258616
2021-06-15 09:50:13,1778.9,258616
2021-06-15 09:50:14,1778.9,258616
2021-06-15 09:50:15,1778.9,258616
2021-06-15 09:50:16,1778.9,258616
2021-06-15 09:50:17,1778.9,258616
2021-06-15 09:50:18,1778.85,258666
2021-06-15 09:50:19,1778.85,258666
2021-06-15 09:50:21,1778.85,258879
2021-06-15 09:50:22,1778.75,258910
2021-06-15 09:50:24,1778.7,259144
2021-06-15 09:50:25,1778.7,259144
2021-06-15 09:50:26,1778.85,259194
2021-06-15 09:50:28,1778.85,259194
2021-06-15 09:50:29,1778.85,259194
2021-06-15 09:50:30,1778.85,259194
2021-06-15 09:50:31,1778.85,259194
2021-06-15 09:50:31,1778.85,259194
2021-06-15 09:50:32,1778.85,259194
2021-06-15 09:50:33,1778.85,259194
2021-06-15 09:50:34,1778.85,259194
2021-06-15 09:50:35,1779.0,259294
2021-06-15 09:50:36,1778.95,259305
2021-06-15 09:50:39,1779.0,259409
2021-06-15 09:50:40,1779.0,259410
2021-06-15 09:50:42,1779.0,259430
2021-06-15 09:50:43,1779.0,259430
2021-06-15 09:50:44,1779.0,259430
2021-06-15 09:50:44,1779.0,259430
2021-06-15 09:50:46,1778.7,259431
2021-06-15 09:50:46,1778.7,259431
2021-06-15 09:50:47,1778.7,259431
2021-06-15 09:50:49,1778.7,259431
2021-06-15 09:50:49,1778.7,259431
2021-06-15 09:50:50,1778.7,259431
2021-06-15 09:50:51,1778.7,259431
2021-06-15 09:50:52,1778.65,259434
2021-06-15 09:50:53,1778.65,259434
2021-06-15 09:50:55,1778.25,259534
2021-06-15 09:50:56,1778.4,259537
2021-06-15 09:50:58,1778.4,259537
2021-06-15 09:51:00,1778.4,259539
2021-06-15 09:51:00,1778.4,259539
2021-06-15 09:51:01,1778.4,259539
2021-06-15 09:51:02,1778.7,259589
2021-06-15 09:51:03,1778.4,259599
2021-06-15 09:51:04,1778.4,259599
2021-06-15 09:51:05,1778.4,259599
2021-06-15 09:51:06,1778.4,259599
2021-06-15 09:51:07,1778.4,259599
2021-06-15 09:51:08,1778.4,259599
2021-06-15 09:51:09,1778.4,259599
2021-06-15 09:51:10,1778.4,259599
2021-06-15 09:51:11,1778.4,259599
2021-06-15 09:51:12,1778.4,259719
2021-06-15 09:51:13,1778.4,259719
2021-06-15 09:51:14,1778.4,259719
2021-06-15 09:51:15,1778.4,259719
2021-06-15 09:51:16,1778.4,259719
2021-06-15 09:51:17,1778.7,259829
2021-06-15 09:51:18,1778.7,259829
2021-06-15 09:51:19,1778.7,259829
2021-06-15 09:51:20,1778.7,259829
2021-06-15 09:51:21,1778.65,259879
2021-06-15 09:51:22,1778.65,259879
2021-06-15 09:51:23,1778.65,259879
2021-06-15 09:51:24,1778.0,259970
2021-06-15 09:51:25,1778.4,260066
2021-06-15 09:51:26,1778.25,260217
2021-06-15 09:51:28,1778.05,260268
2021-06-15 09:51:30,1778.05,260268
2021-06-15 09:51:31,1777.75,260379
2021-06-15 09:51:32,1777.75,260379
2021-06-15 09:51:32,1777.75,260379
2021-06-15 09:51:33,1777.75,260379
2021-06-15 09:51:34,1778.0,260380
2021-06-15 09:51:35,1778.0,260380
2021-06-15 09:51:36,1778.2,260531
2021-06-15 09:51:37,1778.25,260541
2021-06-15 09:51:38,1778.25,260541
2021-06-15 09:51:39,1778.25,260611
2021-06-15 09:51:40,1778.0,260661
2021-06-15 09:51:41,1778.0,260711
2021-06-15 09:51:43,1778.0,260778
2021-06-15 09:51:44,1778.0,260788
2021-06-15 09:51:45,1778.0,260839
2021-06-15 09:51:46,1778.2,260855
2021-06-15 09:51:47,1778.2,260855
2021-06-15 09:51:49,1778.2,260855
2021-06-15 09:51:50,1778.4,260865
2021-06-15 09:51:51,1778.2,260915
2021-06-15 09:51:52,1778.2,260915
2021-06-15 09:51:54,1778.2,260915
2021-06-15 09:51:55,1778.2,260915
2021-06-15 09:51:56,1778.2,260915
2021-06-15 09:51:57,1778.2,260915
2021-06-15 09:51:58,1778.2,260915
2021-06-15 09:51:59,1778.2,260915
2021-06-15 09:51:59,1778.2,260915
2021-06-15 09:52:00,1778.4,260985
2021-06-15 09:52:01,1778.4,260985
2021-06-15 09:52:02,1778.4,260987
2021-06-15 09:52:03,1778.4,261062
2021-06-15 09:52:05,1778.4,261072
2021-06-15 09:52:06,1778.4,261072
2021-06-15 09:52:07,1778.95,261075
2021-06-15 09:52:08,1778.95,261075
2021-06-15 09:52:09,1778.95,261275
2021-06-15 09:52:10,1778.95,261275
2021-06-15 09:52:10,1778.95,261275
2021-06-15 09:52:11,1778.4,261324
2021-06-15 09:52:13,1778.4,261324
2021-06-15 09:52:14,1778.4,261324
2021-06-15 09:52:15,1778.4,261324
2021-06-15 09:52:16,1778.4,261324
2021-06-15 09:52:17,1778.4,261324
2021-06-15 09:52:18,1778.75,261329
2021-06-15 09:52:18,1778.75,261329
2021-06-15 09:52:19,1778.75,261329
2021-06-15 09:52:20,1778.75,261329
2021-06-15 09:52:21,1778.9,261340
2021-06-15 09:52:22,1778.9,261340
2021-06-15 09:52:24,1778.9,261360
2021-06-15 09:52:24,1778.9,261340
2021-06-15 09:52:25,1778.85,261385
2021-06-15 09:52:26,1778.85,261434
2021-06-15 09:52:27,1778.85,261443
2021-06-15 09:52:28,1778.85,261445
2021-06-15 09:52:29,1778.85,261446
2021-06-15 09:52:30,1778.85,261466
2021-06-15 09:52:31,1778.85,261466
2021-06-15 09:52:32,1778.7,261469
2021-06-15 09:52:33,1778.7,261469
2021-06-15 09:52:35,1778.7,261469
2021-06-15 09:52:35,1778.7,261469
2021-06-15 09:52:37,1778.7,261477
2021-06-15 09:52:38,1778.7,261477
2021-06-15 09:52:39,1778.7,261477
2021-06-15 09:52:40,1778.95,261487
2021-06-15 09:52:42,1778.95,261489
2021-06-15 09:52:43,1778.95,261494
2021-06-15 09:52:43,1778.95,261489
2021-06-15 09:52:45,1778.95,261494
2021-06-15 09:52:46,1778.95,261494
2021-06-15 09:52:47,1778.95,261494
2021-06-15 09:52:48,1778.95,261494
2021-06-15 09:52:49,1778.95,261559
2021-06-15 09:52:50,1778.9,261594
2021-06-15 09:52:51,1778.9,261594
2021-06-15 09:52:52,1778.95,261595
2021-06-15 09:52:53,1778.85,261605
2021-06-15 09:52:54,1778.25,261735
2021-06-15 09:52:55,1778.85,262135
2021-06-15 09:52:56,1778.85,262135
2021-06-15 09:52:57,1778.85,262135
2021-06-15 09:52:59,1778.85,262242
2021-06-15 09:53:00,1778.25,262243
2021-06-15 09:53:01,1778.25,262244
2021-06-15 09:53:03,1778.85,262245
2021-06-15 09:53:04,1779.2,262750
2021-06-15 09:53:05,1779.2,262750
2021-06-15 09:53:06,1779.2,262750
2021-06-15 09:53:07,1779.2,262750
2021-06-15 09:53:09,1778.8,262765
2021-06-15 09:53:10,1778.8,262765
2021-06-15 09:53:12,1779.0,262772
2021-06-15 09:53:13,1779.0,262772
2021-06-15 09:53:14,1779.0,262772
2021-06-15 09:53:14,1779.4,262782
2021-06-15 09:53:15,1779.4,262782
2021-06-15 09:53:18,1779.0,262832
2021-06-15 09:53:19,1779.0,262832
2021-06-15 09:53:20,1779.0,262832
2021-06-15 09:53:21,1779.0,262832
2021-06-15 09:53:21,1779.0,262832
2021-06-15 09:53:22,1779.0,262842
2021-06-15 09:53:23,1779.0,262842
2021-06-15 09:53:24,1779.0,262908
2021-06-15 09:53:26,1779.0,263008
2021-06-15 09:53:28,1779.05,263015
2021-06-15 09:53:28,1779.05,263010
2021-06-15 09:53:29,1779.05,263015
2021-06-15 09:53:30,1779.0,263123
2021-06-15 09:53:32,1779.0,263123
2021-06-15 09:53:33,1779.0,263123
2021-06-15 09:53:34,1779.2,263178
2021-06-15 09:53:34,1779.2,263178
2021-06-15 09:53:36,1779.05,263384
2021-06-15 09:53:37,1779.05,263384
2021-06-15 09:53:38,1778.75,263409
2021-06-15 09:53:39,1778.4,264598
2021-06-15 09:53:39,1778.4,264598
2021-06-15 09:53:40,1778.4,264628
2021-06-15 09:53:41,1778.4,264629
2021-06-15 09:53:42,1778.4,264629
2021-06-15 09:53:43,1778.4,264629
2021-06-15 09:53:45,1777.65,264899
2021-06-15 09:53:46,1777.0,265399
2021-06-15 09:53:47,1777.0,265399
2021-06-15 09:53:48,1777.0,265399
2021-06-15 09:53:49,1778.1,265408
2021-06-15 09:53:50,1778.05,266009
2021-06-15 09:53:51,1778.05,266136
2021-06-15 09:53:52,1778.0,266158
2021-06-15 09:53:53,1778.0,266159
2021-06-15 09:53:55,1778.0,267690
2021-06-15 09:53:55,1778.0,267690
2021-06-15 09:53:58,1777.75,267700
2021-06-15 09:53:59,1777.75,267803
2021-06-15 09:54:00,1777.95,268140
2021-06-15 09:54:01,1777.8,268153
2021-06-15 09:54:02,1777.8,268153
2021-06-15 09:54:03,1777.8,268153
2021-06-15 09:54:03,1778.0,268215
2021-06-15 09:54:04,1778.2,268228
2021-06-15 09:54:05,1777.7,268238
2021-06-15 09:54:06,1778.2,268240
2021-06-15 09:54:07,1778.2,268240
2021-06-15 09:54:09,1778.35,268245
2021-06-15 09:54:10,1778.35,268245
2021-06-15 09:54:11,1778.3,268246
2021-06-15 09:54:12,1778.3,268246
2021-06-15 09:54:13,1778.3,268251
2021-06-15 09:54:14,1778.3,268251
2021-06-15 09:54:14,1777.8,268360
2021-06-15 09:54:15,1778.5,268362
2021-06-15 09:54:17,1778.35,268386
2021-06-15 09:54:18,1778.0,268486
2021-06-15 09:54:19,1778.45,268536
2021-06-15 09:54:20,1778.2,268537
2021-06-15 09:54:21,1778.2,268581
2021-06-15 09:54:22,1778.2,268623
2021-06-15 09:54:23,1778.2,268691
2021-06-15 09:54:24,1778.2,268735
2021-06-15 09:54:25,1778.2,268764
2021-06-15 09:54:26,1778.2,268764
2021-06-15 09:54:26,1778.2,268764
2021-06-15 09:54:28,1777.9,268801
2021-06-15 09:54:29,1777.9,268922
2021-06-15 09:54:29,1777.9,268922
2021-06-15 09:54:31,1778.35,268999
2021-06-15 09:54:32,1778.0,269281
2021-06-15 09:54:32,1778.0,269511
2021-06-15 09:54:34,1777.7,270235
2021-06-15 09:54:35,1777.7,270235
2021-06-15 09:54:36,1777.7,270721
2021-06-15 09:54:37,1777.7,270721
2021-06-15 09:54:38,1777.5,270731
2021-06-15 09:54:39,1778.0,270759
2021-06-15 09:54:40,1778.0,270759
2021-06-15 09:54:41,1778.0,270772
2021-06-15 09:54:42,1778.0,270973
2021-06-15 09:54:43,1777.5,270976
2021-06-15 09:54:44,1777.5,270976
2021-06-15 09:54:45,1777.5,270976
2021-06-15 09:54:45,1777.5,270976
2021-06-15 09:54:47,1777.5,270976
2021-06-15 09:54:47,1777.5,270976
2021-06-15 09:54:48,1777.75,270984
2021-06-15 09:54:50,1777.45,271128
2021-06-15 09:54:51,1777.45,271128
2021-06-15 09:54:53,1777.45,271257
2021-06-15 09:54:54,1777.2,271294
2021-06-15 09:54:55,1777.2,271474
2021-06-15 09:54:57,1777.2,271474
2021-06-15 09:54:58,1777.2,271474
2021-06-15 09:54:59,1777.2,271474
2021-06-15 09:54:59,1777.2,271474
2021-06-15 09:55:00,1777.2,271474
2021-06-15 09:55:02,1777.2,271474
2021-06-15 09:55:03,1777.5,271549
2021-06-15 09:55:04,1777.5,271549
2021-06-15 09:55:05,1777.5,271549
2021-06-15 09:55:05,1777.25,271609
2021-06-15 09:55:07,1777.25,271609
2021-06-15 09:55:08,1777.25,271609
2021-06-15 09:55:09,1777.25,271609
2021-06-15 09:55:10,1777.25,271609
2021-06-15 09:55:11,1777.65,271671
2021-06-15 09:55:12,1777.5,271682
2021-06-15 09:55:13,1777.5,271682
2021-06-15 09:55:15,1777.95,271949
2021-06-15 09:55:16,1777.95,271949
2021-06-15 09:55:17,1777.95,271949
2021-06-15 09:55:18,1777.85,271951
2021-06-15 09:55:18,1777.85,271951
2021-06-15 09:55:19,1777.85,271951
2021-06-15 09:55:21,1777.85,271951
2021-06-15 09:55:22,1777.85,271951
2021-06-15 09:55:22,1777.85,272001
2021-06-15 09:55:24,1777.15,272003
2021-06-15 09:55:25,1777.15,272003
2021-06-15 09:55:26,1777.15,272003
2021-06-15 09:55:27,1777.15,272003
2021-06-15 09:55:28,1777.15,272003
2021-06-15 09:55:29,1777.15,272003
2021-06-15 09:55:30,1777.15,272003
2021-06-15 09:55:31,1777.15,272003
2021-06-15 09:55:32,1777.15,272003
2021-06-15 09:55:34,1777.05,272503
2021-06-15 09:55:35,1777.05,272503
2021-06-15 09:55:36,1777.05,272503
2021-06-15 09:55:37,1777.05,272503
2021-06-15 09:55:38,1777.65,272504
2021-06-15 09:55:39,1777.65,272504
2021-06-15 09:55:40,1777.05,272604
2021-06-15 09:55:41,1777.1,272606
2021-06-15 09:55:42,1777.1,272657
2021-06-15 09:55:43,1777.1,272657
2021-06-15 09:55:44,1777.3,272720
2021-06-15 09:55:45,1777.3,272720
2021-06-15 09:55:46,1777.3,272720
2021-06-15 09:55:46,1777.3,272720
2021-06-15 09:55:48,1777.3,272720
2021-06-15 09:55:49,1777.75,272770
2021-06-15 09:55:50,1777.1,272780
2021-06-15 09:55:52,1777.1,272877
2021-06-15 09:55:53,1777.1,272877
2021-06-15 09:55:54,1777.1,272877
2021-06-15 09:55:55,1777.1,272877
2021-06-15 09:55:56,1777.1,272877
2021-06-15 09:55:57,1777.1,272877
2021-06-15 09:55:58,1777.1,272877
2021-06-15 09:55:59,1777.1,272897
2021-06-15 09:55:59,1777.1,272897
2021-06-15 09:56:01,1777.1,272906
2021-06-15 09:56:01,1777.1,272906
2021-06-15 09:56:03,1777.1,272908
2021-06-15 09:56:04,1777.1,272908
2021-06-15 09:56:05,1777.6,272909
2021-06-15 09:56:06,1777.6,272909
2021-06-15 09:56:07,1777.6,272909
2021-06-15 09:56:08,1777.85,272959
2021-06-15 09:56:09,1777.6,273095
2021-06-15 09:56:10,1777.9,273160
2021-06-15 09:56:11,1777.95,273161
2021-06-15 09:56:12,1777.95,273161
2021-06-15 09:56:13,1777.95,273161
2021-06-15 09:56:13,1777.6,273173
2021-06-15 09:56:14,1777.6,273173
2021-06-15 09:56:15,1777.6,273173
2021-06-15 09:56:17,1777.6,273173
2021-06-15 09:56:17,1777.6,273173
2021-06-15 09:56:18,1777.95,273177
2021-06-15 09:56:20,1778.0,273187
2021-06-15 09:56:21,1778.0,273187
2021-06-15 09:56:22,1778.0,273192
2021-06-15 09:56:23,1778.0,273192
2021-06-15 09:56:24,1778.0,273192
2021-06-15 09:56:25,1778.0,273192
2021-06-15 09:56:26,1778.0,273192
2021-06-15 09:56:28,1778.0,273192
2021-06-15 09:56:29,1778.0,273192
2021-06-15 09:56:30,1777.95,273292
2021-06-15 09:56:31,1778.0,273342
2021-06-15 09:56:32,1777.95,273427
2021-06-15 09:56:33,1778.0,273637
2021-06-15 09:56:34,1778.0,273732
2021-06-15 09:56:35,1778.0,273986
2021-06-15 09:56:36,1778.0,273986
2021-06-15 09:56:37,1778.0,274006
2021-06-15 09:56:38,1778.0,274011
2021-06-15 09:56:39,1778.0,274016
2021-06-15 09:56:40,1778.0,274120
2021-06-15 09:56:41,1778.0,274120
2021-06-15 09:56:42,1778.0,274178
2021-06-15 09:56:43,1778.0,274178
2021-06-15 09:56:44,1778.0,274178
2021-06-15 09:56:45,1778.0,274207
2021-06-15 09:56:46,1778.0,274207
2021-06-15 09:56:48,1778.0,274217
2021-06-15 09:56:49,1778.0,274217
2021-06-15 09:56:50,1778.55,274487
2021-06-15 09:56:51,1778.55,274487
2021-06-15 09:56:52,1778.35,274492
2021-06-15 09:56:54,1778.45,274493
2021-06-15 09:56:53,1778.35,274492
2021-06-15 09:56:56,1777.95,274494
2021-06-15 09:56:57,1778.4,274514
2021-06-15 09:56:58,1778.4,274514
2021-06-15 09:56:59,1778.4,274514
2021-06-15 09:57:00,1778.0,274542
2021-06-15 09:57:01,1778.0,274556
2021-06-15 09:57:02,1778.0,274642
2021-06-15 09:57:03,1778.0,274663
2021-06-15 09:57:04,1778.3,274787
2021-06-15 09:57:05,1778.0,274802
2021-06-15 09:57:06,1778.0,274822
2021-06-15 09:57:07,1778.0,274844
2021-06-15 09:57:08,1778.0,274866
2021-06-15 09:57:09,1778.0,274886
2021-06-15 09:57:10,1778.0,274926
2021-06-15 09:57:11,1778.25,274949
2021-06-15 09:57:13,1778.25,274995
2021-06-15 09:57:14,1778.0,275065
2021-06-15 09:57:15,1778.0,275065
2021-06-15 09:57:16,1778.0,275121
2021-06-15 09:57:17,1778.25,275122
2021-06-15 09:57:18,1778.25,275272
2021-06-15 09:57:19,1778.0,275320
2021-06-15 09:57:21,1777.95,275383
2021-06-15 09:57:22,1777.95,275383
2021-06-15 09:57:23,1777.95,275406
2021-06-15 09:57:24,1777.95,275406
2021-06-15 09:57:25,1777.95,275406
2021-06-15 09:57:26,1777.95,275406
2021-06-15 09:57:27,1777.95,275406
2021-06-15 09:57:28,1778.0,275506
2021-06-15 09:57:29,1778.0,275506
2021-06-15 09:57:30,1778.0,275506
2021-06-15 09:57:31,1777.9,276023
2021-06-15 09:57:32,1777.9,276023
2021-06-15 09:57:33,1777.9,276023
2021-06-15 09:57:34,1777.9,276038
2021-06-15 09:57:35,1777.9,276063
2021-06-15 09:57:36,1777.4,276408
2021-06-15 09:57:37,1777.9,276460
2021-06-15 09:57:38,1777.9,276460
2021-06-15 09:57:39,1777.9,276460
2021-06-15 09:57:40,1777.9,276462
2021-06-15 09:57:41,1777.9,276462
2021-06-15 09:57:42,1777.9,276462
2021-06-15 09:57:43,1778.0,276663
2021-06-15 09:57:44,1778.25,277163
2021-06-15 09:57:45,1778.25,277163
2021-06-15 09:57:46,1777.55,277225
2021-06-15 09:57:47,1778.25,277375
2021-06-15 09:57:48,1778.0,277380
2021-06-15 09:57:49,1778.0,277380
2021-06-15 09:57:50,1777.9,277402
2021-06-15 09:57:51,1777.9,277402
2021-06-15 09:57:52,1778.0,277472
2021-06-15 09:57:53,1777.45,277497
2021-06-15 09:57:54,1777.45,277497
2021-06-15 09:57:55,1777.3,277704
2021-06-15 09:57:56,1777.3,277704
2021-06-15 09:57:57,1777.3,277704
2021-06-15 09:57:58,1777.4,277733
2021-06-15 09:57:59,1777.4,277733
2021-06-15 09:58:00,1778.05,277833
2021-06-15 09:58:01,1778.05,277833
2021-06-15 09:58:02,1778.05,277833
2021-06-15 09:58:04,1778.05,277833
2021-06-15 09:58:05,1778.05,277833
2021-06-15 09:58:06,1777.95,277834
2021-06-15 09:58:07,1778.05,277837
2021-06-15 09:58:08,1778.0,279576
2021-06-15 09:58:10,1778.0,284459
2021-06-15 09:58:11,1778.05,285920
2021-06-15 09:58:12,1778.0,286902
2021-06-15 09:58:13,1778.0,287342
2021-06-15 09:58:14,1778.0,289242
2021-06-15 09:58:15,1778.35,289474
2021-06-15 09:58:16,1778.0,289596
2021-06-15 09:58:17,1778.0,289716
2021-06-15 09:58:19,1778.0,289956
2021-06-15 09:58:20,1778.0,290076
2021-06-15 09:58:21,1778.0,291072
2021-06-15 09:58:22,1778.0,291072
2021-06-15 09:58:23,1778.0,291081
2021-06-15 09:58:24,1777.4,291327
2021-06-15 09:58:25,1778.2,291427
2021-06-15 09:58:27,1778.2,291427
2021-06-15 09:58:28,1778.2,291427
2021-06-15 09:58:29,1777.4,291478
2021-06-15 09:58:30,1777.95,291806
2021-06-15 09:58:31,1777.95,291806
2021-06-15 09:58:32,1777.35,291856
2021-06-15 09:58:33,1777.95,291858
2021-06-15 09:58:35,1778.0,291988
2021-06-15 09:58:36,1778.0,291988
2021-06-15 09:58:37,1778.0,292012
2021-06-15 09:58:38,1778.0,292012
2021-06-15 09:58:39,1778.0,292012
2021-06-15 09:58:40,1778.0,292012
2021-06-15 09:58:41,1778.2,292013
2021-06-15 09:58:42,1778.2,292013
2021-06-15 09:58:43,1778.2,292013
2021-06-15 09:58:44,1778.2,292013
2021-06-15 09:58:45,1778.2,292013
2021-06-15 09:58:46,1778.2,292013
2021-06-15 09:58:47,1778.2,292013
2021-06-15 09:58:48,1778.2,292013
2021-06-15 09:58:49,1778.0,292016
2021-06-15 09:58:51,1777.95,292052
2021-06-15 09:58:52,1777.95,292052
2021-06-15 09:58:53,1777.95,292052
2021-06-15 09:58:54,1777.95,292054
2021-06-15 09:58:55,1778.0,292064
2021-06-15 09:58:56,1778.0,292064
2021-06-15 09:58:57,1777.95,292071
2021-06-15 09:58:58,1778.0,292130
2021-06-15 09:58:59,1777.95,292156
2021-06-15 09:59:00,1778.0,292159
2021-06-15 09:59:01,1778.0,292172
2021-06-15 09:59:02,1778.0,292198
2021-06-15 09:59:03,1778.0,292220
2021-06-15 09:59:04,1778.3,292367
2021-06-15 09:59:05,1778.2,292392
2021-06-15 09:59:06,1778.0,292394
2021-06-15 09:59:07,1778.2,292399
2021-06-15 09:59:08,1778.2,292399
2021-06-15 09:59:09,1778.2,292399
2021-06-15 09:59:10,1778.15,292400
2021-06-15 09:59:11,1778.1,292402
2021-06-15 09:59:12,1778.1,292402
2021-06-15 09:59:13,1778.0,292412
2021-06-15 09:59:14,1778.0,292413
2021-06-15 09:59:15,1778.0,292419
2021-06-15 09:59:16,1778.0,292450
2021-06-15 09:59:17,1778.0,292452
2021-06-15 09:59:18,1778.0,292452
2021-06-15 09:59:19,1778.0,292452
2021-06-15 09:59:20,1778.0,292452
2021-06-15 09:59:21,1778.0,292502
2021-06-15 09:59:22,1778.0,292502
2021-06-15 09:59:24,1778.0,292502
2021-06-15 09:59:24,1778.0,292507
2021-06-15 09:59:25,1778.0,292507
2021-06-15 09:59:26,1778.0,292507
2021-06-15 09:59:27,1778.0,292507
2021-06-15 09:59:28,1778.0,292507
2021-06-15 09:59:30,1778.0,292507
2021-06-15 09:59:31,1778.0,292507
2021-06-15 09:59:32,1778.0,292507
2021-06-15 09:59:33,1778.0,292507
2021-06-15 09:59:34,1778.0,292507
2021-06-15 09:59:35,1778.0,292507
2021-06-15 09:59:36,1778.0,292507
2021-06-15 09:59:37,1778.0,292507
2021-06-15 09:59:38,1778.0,292507
2021-06-15 09:59:39,1778.0,292507
2021-06-15 09:59:41,1777.55,292715
2021-06-15 09:59:40,1778.0,292507
2021-06-15 09:59:42,1777.55,292715
2021-06-15 09:59:43,1777.55,292715
2021-06-15 09:59:44,1777.55,292944
2021-06-15 09:59:45,1777.55,292944
2021-06-15 09:59:46,1777.55,292944
2021-06-15 09:59:47,1777.55,292944
2021-06-15 09:59:48,1777.55,292944
2021-06-15 09:59:49,1777.55,292944
2021-06-15 09:59:50,1777.55,292959
2021-06-15 09:59:51,1777.55,292959
2021-06-15 09:59:52,1777.55,292959
2021-06-15 09:59:53,1777.55,292959
2021-06-15 09:59:54,1777.55,293063
2021-06-15 09:59:55,1777.55,293154
2021-06-15 09:59:56,1777.55,293154
2021-06-15 09:59:57,1777.55,293154
2021-06-15 09:59:58,1777.55,293154
2021-06-15 09:59:59,1777.5,293174
2021-06-15 10:00:00,1777.55,293206
2021-06-15 10:00:01,1777.95,293207
2021-06-15 10:00:02,1777.55,293233
2021-06-15 10:00:03,1777.95,293254
2021-06-15 10:00:05,1778.0,293593
2021-06-15 10:00:06,1777.9,293601
2021-06-15 10:00:07,1778.1,293615
2021-06-15 10:00:08,1778.15,293616
2021-06-15 10:00:09,1778.15,293621
2021-06-15 10:00:10,1778.1,293651
2021-06-15 10:00:11,1778.15,293652
2021-06-15 10:00:12,1778.15,293652
2021-06-15 10:00:13,1778.15,293652
2021-06-15 10:00:14,1778.15,293652
2021-06-15 10:00:15,1778.15,293652
2021-06-15 10:00:16,1778.15,293712
2021-06-15 10:00:17,1777.9,293895
2021-06-15 10:00:18,1777.8,293898
2021-06-15 10:00:19,1777.8,293898
2021-06-15 10:00:20,1777.8,293905
2021-06-15 10:00:21,1777.95,293910
2021-06-15 10:00:22,1777.6,293994
2021-06-15 10:00:23,1777.6,293994
2021-06-15 10:00:24,1777.95,293997
2021-06-15 10:00:25,1777.95,293998
2021-06-15 10:00:26,1777.95,293998
2021-06-15 10:00:27,1777.95,293998
2021-06-15 10:00:28,1777.95,293998
2021-06-15 10:00:29,1777.95,293998
2021-06-15 10:00:30,1777.95,293998
2021-06-15 10:00:31,1777.95,293998
2021-06-15 10:00:32,1777.95,294024
2021-06-15 10:00:33,1777.95,294024
2021-06-15 10:00:34,1777.95,294024
2021-06-15 10:00:35,1777.95,294024
2021-06-15 10:00:36,1777.95,294024
2021-06-15 10:00:37,1777.9,294034
2021-06-15 10:00:39,1777.95,294133
2021-06-15 10:00:40,1777.35,294168
2021-06-15 10:00:41,1777.95,294170
2021-06-15 10:00:42,1777.95,294172
2021-06-15 10:00:43,1777.95,294172
2021-06-15 10:00:44,1777.95,294173
2021-06-15 10:00:45,1777.95,294173
2021-06-15 10:00:46,1777.95,294175
2021-06-15 10:00:48,1777.35,294183
2021-06-15 10:00:49,1777.95,294184
2021-06-15 10:00:50,1777.95,294184
2021-06-15 10:00:51,1777.95,294184
2021-06-15 10:00:51,1777.95,294184
2021-06-15 10:00:52,1777.1,294389
2021-06-15 10:00:53,1777.1,294389
2021-06-15 10:00:54,1777.1,294389
2021-06-15 10:00:55,1777.35,294476
2021-06-15 10:00:59,1777.9,294697
2021-06-15 10:01:00,1777.5,294916
2021-06-15 10:01:01,1777.5,294994
2021-06-15 10:01:02,1777.5,295081
2021-06-15 10:01:03,1777.9,295086
2021-06-15 10:01:04,1777.9,295086
2021-06-15 10:01:06,1777.95,295088
2021-06-15 10:01:06,1777.95,295096
2021-06-15 10:01:07,1777.95,295112
2021-06-15 10:01:08,1778.0,295117
2021-06-15 10:01:09,1778.0,295117
2021-06-15 10:01:10,1778.0,295117
2021-06-15 10:01:11,1777.9,295297
2021-06-15 10:01:12,1777.9,295297
2021-06-15 10:01:13,1777.9,295323
2021-06-15 10:01:14,1777.9,295323
2021-06-15 10:01:15,1777.5,295399
2021-06-15 10:01:16,1777.5,295399
2021-06-15 10:01:17,1777.5,295399
2021-06-15 10:01:19,1777.5,295399
2021-06-15 10:01:20,1777.5,295399
2021-06-15 10:01:21,1777.5,295409
2021-06-15 10:01:22,1778.0,295527
2021-06-15 10:01:23,1778.0,295531
2021-06-15 10:01:24,1778.0,295531
2021-06-15 10:01:25,1778.0,295531
2021-06-15 10:01:26,1778.0,295531
2021-06-15 10:01:28,1778.0,295582
2021-06-15 10:01:29,1778.0,295582
2021-06-15 10:01:30,1778.0,295582
2021-06-15 10:01:31,1777.9,295584
2021-06-15 10:01:32,1777.9,295584
2021-06-15 10:01:32,1777.9,295589
2021-06-15 10:01:33,1777.9,295589
2021-06-15 10:01:34,1778.0,295594
2021-06-15 10:01:35,1777.5,295695
2021-06-15 10:01:36,1777.5,295803
2021-06-15 10:01:37,1778.0,295808
2021-06-15 10:01:38,1777.5,295823
2021-06-15 10:01:39,1778.0,295834
2021-06-15 10:01:42,1778.0,295835
2021-06-15 10:01:42,1778.0,295835
2021-06-15 10:01:44,1778.0,295835
2021-06-15 10:01:44,1777.5,295855
2021-06-15 10:01:46,1777.5,295855
2021-06-15 10:01:47,1777.5,295855
2021-06-15 10:01:47,1777.9,295876
2021-06-15 10:01:48,1777.9,295876
2021-06-15 10:01:49,1777.9,295876
2021-06-15 10:01:50,1777.9,295876
2021-06-15 10:01:51,1777.85,295890
2021-06-15 10:01:52,1777.85,295890
2021-06-15 10:01:53,1777.85,295890
2021-06-15 10:01:55,1777.85,295890
2021-06-15 10:01:55,1777.85,295890
2021-06-15 10:01:57,1777.85,295890
2021-06-15 10:01:57,1777.85,295890
2021-06-15 10:01:58,1777.8,295891
2021-06-15 10:01:59,1777.8,295891
2021-06-15 10:02:00,1777.8,295941
2021-06-15 10:02:01,1777.8,295941
2021-06-15 10:02:02,1777.8,295941
2021-06-15 10:02:03,1777.8,295941
2021-06-15 10:02:04,1777.8,295941
2021-06-15 10:02:05,1777.75,295951
2021-06-15 10:02:06,1777.55,295959
2021-06-15 10:02:08,1777.55,295959
2021-06-15 10:02:09,1777.55,295959
2021-06-15 10:02:10,1777.55,295959
2021-06-15 10:02:10,1777.75,295971
2021-06-15 10:02:11,1777.55,296021
2021-06-15 10:02:12,1777.55,296167
2021-06-15 10:02:13,1777.75,296182
2021-06-15 10:02:14,1777.75,296182
2021-06-15 10:02:16,1777.75,296196
2021-06-15 10:02:17,1777.75,296201
2021-06-15 10:02:18,1777.75,296201
2021-06-15 10:02:19,1777.75,296201
2021-06-15 10:02:20,1777.75,296201
2021-06-15 10:02:21,1777.75,296201
2021-06-15 10:02:22,1777.55,296228
2021-06-15 10:02:24,1777.55,296238
2021-06-15 10:02:25,1777.55,296244
2021-06-15 10:02:26,1777.55,296244
2021-06-15 10:02:27,1777.5,296254
2021-06-15 10:02:28,1777.55,296364
2021-06-15 10:02:29,1777.6,296366
2021-06-15 10:02:30,1777.6,296366
2021-06-15 10:02:31,1777.6,296366
2021-06-15 10:02:32,1777.6,296366
2021-06-15 10:02:33,1777.6,296366
2021-06-15 10:02:33,1777.55,296368
2021-06-15 10:02:34,1777.55,296368
2021-06-15 10:02:35,1777.5,296482
2021-06-15 10:02:37,1777.55,296504
2021-06-15 10:02:38,1777.55,296504
2021-06-15 10:02:39,1777.55,296504
2021-06-15 10:02:40,1777.5,296509
2021-06-15 10:02:41,1777.55,296510
2021-06-15 10:02:42,1777.55,296510
2021-06-15 10:02:43,1777.5,296732
2021-06-15 10:02:44,1777.5,296774
2021-06-15 10:02:45,1777.55,297096
2021-06-15 10:02:47,1777.3,297097
2021-06-15 10:02:49,1777.25,297112
2021-06-15 10:02:50,1777.5,297349
2021-06-15 10:02:51,1777.5,297433
2021-06-15 10:02:52,1777.5,297434
2021-06-15 10:02:53,1777.5,297459
2021-06-15 10:02:54,1777.25,297509
2021-06-15 10:02:55,1777.5,297609
2021-06-15 10:02:57,1777.5,297791
2021-06-15 10:02:58,1777.5,297791
2021-06-15 10:02:59,1777.5,297791
2021-06-15 10:03:00,1777.25,297813
2021-06-15 10:03:00,1777.25,297813
2021-06-15 10:03:01,1777.25,297904
2021-06-15 10:03:02,1777.3,297906
2021-06-15 10:03:04,1777.2,298005
2021-06-15 10:03:05,1777.15,298035
2021-06-15 10:03:06,1777.15,298035
2021-06-15 10:03:07,1777.1,298043
2021-06-15 10:03:08,1777.5,298143
2021-06-15 10:03:09,1777.0,299262
2021-06-15 10:03:10,1777.0,299319
2021-06-15 10:03:10,1777.0,299319
2021-06-15 10:03:13,1776.55,299711
2021-06-15 10:03:14,1776.55,299711
2021-06-15 10:03:15,1777.0,299748
2021-06-15 10:03:16,1777.0,299748
2021-06-15 10:03:17,1777.0,299748
2021-06-15 10:03:18,1777.0,299804
2021-06-15 10:03:19,1777.0,299805
2021-06-15 10:03:20,1777.0,299805
2021-06-15 10:03:21,1777.0,299805
2021-06-15 10:03:22,1777.0,299805
2021-06-15 10:03:25,1776.6,299835
2021-06-15 10:03:26,1777.0,299955
2021-06-15 10:03:27,1777.0,299955
2021-06-15 10:03:28,1777.0,299955
2021-06-15 10:03:29,1777.0,299955
2021-06-15 10:03:30,1777.0,300055
2021-06-15 10:03:31,1777.0,300055
2021-06-15 10:03:32,1777.0,300055
2021-06-15 10:03:33,1777.0,300055
2021-06-15 10:03:34,1777.0,300100
2021-06-15 10:03:35,1777.0,300250
2021-06-15 10:03:36,1777.0,300255
2021-06-15 10:03:38,1777.1,302970
2021-06-15 10:03:39,1777.1,302970
2021-06-15 10:03:40,1776.4,302974
2021-06-15 10:03:41,1776.4,302986
2021-06-15 10:03:41,1776.35,303001
2021-06-15 10:03:45,1776.35,303065
2021-06-15 10:03:46,1776.35,303105
2021-06-15 10:03:47,1776.35,303105
2021-06-15 10:03:48,1776.35,303105
2021-06-15 10:03:49,1776.75,303130
2021-06-15 10:03:49,1776.75,303130
2021-06-15 10:03:50,1776.75,303130
2021-06-15 10:03:51,1776.7,303133
2021-06-15 10:03:52,1776.7,303133
2021-06-15 10:03:54,1776.7,303133
2021-06-15 10:03:55,1776.7,303133
2021-06-15 10:03:56,1776.7,303133
2021-06-15 10:03:57,1776.55,303233
2021-06-15 10:03:58,1776.55,303242
2021-06-15 10:03:59,1776.55,303242
2021-06-15 10:03:59,1776.55,303242
2021-06-15 10:04:00,1776.55,303242
2021-06-15 10:04:01,1776.6,303342
2021-06-15 10:04:02,1776.6,303343
2021-06-15 10:04:03,1776.55,303350
2021-06-15 10:04:04,1776.55,303350
2021-06-15 10:04:05,1776.55,303350
2021-06-15 10:04:07,1776.35,303763
2021-06-15 10:04:08,1776.35,303772
2021-06-15 10:04:09,1776.35,304069
2021-06-15 10:04:10,1776.35,304097
2021-06-15 10:04:10,1776.35,304097
2021-06-15 10:04:11,1776.25,304118
2021-06-15 10:04:14,1776.0,304228
2021-06-15 10:04:16,1775.85,304237
2021-06-15 10:04:16,1775.85,304237
2021-06-15 10:04:17,1775.85,304255
2021-06-15 10:04:18,1775.85,304255
2021-06-15 10:04:19,1775.95,304317
2021-06-15 10:04:21,1775.95,304317
2021-06-15 10:04:22,1776.0,304336
2021-06-15 10:04:23,1775.8,304343
2021-06-15 10:04:24,1776.0,304353
2021-06-15 10:04:24,1776.0,304353
2021-06-15 10:04:25,1775.8,304366
2021-06-15 10:04:26,1775.6,304402
2021-06-15 10:04:28,1775.5,304494
2021-06-15 10:04:29,1775.6,304499
2021-06-15 10:04:30,1776.0,304599
2021-06-15 10:04:30,1775.6,304499
2021-06-15 10:04:31,1776.0,304599
2021-06-15 10:04:32,1776.0,304707
2021-06-15 10:04:33,1776.4,304817
2021-06-15 10:04:35,1776.4,304817
2021-06-15 10:04:36,1776.05,304894
2021-06-15 10:04:37,1775.8,304984
2021-06-15 10:04:38,1776.5,305084
2021-06-15 10:04:39,1775.85,305087
2021-06-15 10:04:39,1775.85,305087
2021-06-15 10:04:40,1775.9,305226
2021-06-15 10:04:41,1776.5,305227
2021-06-15 10:04:42,1776.5,305227
2021-06-15 10:04:43,1775.85,305247
2021-06-15 10:04:45,1775.85,305257
2021-06-15 10:04:46,1775.7,305488
2021-06-15 10:04:47,1775.75,305764
2021-06-15 10:04:48,1775.55,305872
2021-06-15 10:04:48,1775.55,305872
2021-06-15 10:04:49,1775.55,305872
2021-06-15 10:04:51,1775.6,305928
2021-06-15 10:04:52,1775.9,306448
2021-06-15 10:04:53,1775.55,306506
2021-06-15 10:04:54,1775.55,306506
2021-06-15 10:04:55,1775.55,306512
2021-06-15 10:04:56,1775.55,306755
2021-06-15 10:04:56,1775.55,306755
2021-06-15 10:04:58,1775.85,306765
2021-06-15 10:04:59,1775.5,307128
2021-06-15 10:05:00,1775.5,307524
2021-06-15 10:05:01,1775.5,307524
2021-06-15 10:05:02,1775.55,307549
2021-06-15 10:05:03,1775.55,307549
2021-06-15 10:05:03,1775.55,307549
2021-06-15 10:05:04,1775.55,307549
2021-06-15 10:05:06,1776.0,307570
2021-06-15 10:05:07,1775.55,307598
2021-06-15 10:05:08,1776.0,307713
2021-06-15 10:05:10,1775.55,308048
2021-06-15 10:05:09,1775.55,308048
2021-06-15 10:05:11,1776.0,308070
2021-06-15 10:05:12,1775.5,308679
2021-06-15 10:05:13,1775.5,308696
2021-06-15 10:05:15,1775.0,311426
2021-06-15 10:05:16,1775.0,311706
2021-06-15 10:05:17,1775.15,312036
2021-06-15 10:05:18,1775.15,312036
2021-06-15 10:05:19,1775.0,312060
2021-06-15 10:05:20,1775.0,312060
2021-06-15 10:05:21,1775.0,312060
2021-06-15 10:05:22,1775.0,312560
2021-06-15 10:05:24,1775.0,312783
2021-06-15 10:05:25,1775.0,313192
2021-06-15 10:05:26,1775.15,313199
2021-06-15 10:05:27,1775.2,313317
2021-06-15 10:05:28,1775.0,313426
2021-06-15 10:05:29,1775.0,313426
2021-06-15 10:05:30,1775.2,313444
2021-06-15 10:05:31,1775.2,313444
2021-06-15 10:05:32,1775.2,313444
2021-06-15 10:05:33,1774.95,313494
2021-06-15 10:05:34,1775.0,313744
2021-06-15 10:05:35,1775.0,313744
2021-06-15 10:05:36,1775.0,313785
2021-06-15 10:05:37,1774.95,313800
2021-06-15 10:05:38,1775.0,313801
2021-06-15 10:05:38,1775.0,313802
2021-06-15 10:05:40,1775.0,313803
2021-06-15 10:05:42,1775.0,313803
2021-06-15 10:05:42,1774.95,313824
2021-06-15 10:05:44,1774.95,313826
2021-06-15 10:05:45,1775.0,313828
2021-06-15 10:05:46,1775.0,313828
2021-06-15 10:05:47,1775.0,313888
2021-06-15 10:05:48,1775.0,313888
2021-06-15 10:05:49,1775.0,313894
2021-06-15 10:05:50,1775.0,313914
2021-06-15 10:05:51,1774.95,313948
2021-06-15 10:05:52,1775.0,314754
2021-06-15 10:05:54,1775.0,314824
2021-06-15 10:05:55,1774.95,314867
2021-06-15 10:05:56,1774.95,314867
2021-06-15 10:05:58,1775.0,314976
2021-06-15 10:05:59,1775.0,315003
2021-06-15 10:05:59,1774.95,315028
2021-06-15 10:06:00,1775.0,315056
2021-06-15 10:06:01,1774.95,315063
2021-06-15 10:06:02,1774.95,315070
2021-06-15 10:06:04,1774.95,315070
2021-06-15 10:06:05,1775.0,315386
2021-06-15 10:06:06,1774.95,315397
2021-06-15 10:06:07,1774.95,315452
2021-06-15 10:06:08,1775.0,315532
2021-06-15 10:06:09,1775.0,315538
2021-06-15 10:06:10,1775.0,315544
2021-06-15 10:06:11,1775.0,315546
2021-06-15 10:06:12,1775.0,315661
2021-06-15 10:06:12,1775.0,315661
2021-06-15 10:06:13,1775.0,315703
2021-06-15 10:06:14,1774.95,315748
2021-06-15 10:06:15,1775.0,315757
2021-06-15 10:06:16,1775.0,315758
2021-06-15 10:06:18,1775.0,315770
2021-06-15 10:06:19,1775.0,315771
2021-06-15 10:06:21,1774.95,316027
2021-06-15 10:06:22,1775.0,316052
2021-06-15 10:06:23,1775.0,316073
2021-06-15 10:06:24,1775.0,316093
2021-06-15 10:06:25,1775.0,316443
2021-06-15 10:06:26,1775.0,316449
2021-06-15 10:06:27,1775.0,316505
2021-06-15 10:06:28,1775.0,316508
2021-06-15 10:06:29,1775.0,316722
2021-06-15 10:06:31,1775.0,316899
2021-06-15 10:06:32,1775.0,316899
2021-06-15 10:06:33,1775.0,316905
2021-06-15 10:06:34,1775.0,316905
2021-06-15 10:06:35,1775.0,316905
2021-06-15 10:06:35,1775.0,316906
2021-06-15 10:06:36,1775.0,316999
2021-06-15 10:06:37,1775.0,317007
2021-06-15 10:06:39,1775.0,317007
2021-06-15 10:06:40,1775.0,317007
2021-06-15 10:06:41,1775.0,317009
2021-06-15 10:06:42,1774.95,317029
2021-06-15 10:06:43,1774.95,317029
2021-06-15 10:06:44,1775.0,317137
2021-06-15 10:06:45,1775.0,317137
2021-06-15 10:06:46,1775.0,317160
2021-06-15 10:06:46,1775.0,317240
2021-06-15 10:06:47,1775.0,317268
2021-06-15 10:06:48,1774.95,317286
2021-06-15 10:06:49,1775.0,317289
2021-06-15 10:06:53,1774.85,317830
2021-06-15 10:06:54,1774.9,317876
2021-06-15 10:06:55,1774.9,317876
2021-06-15 10:06:55,1774.9,317876
2021-06-15 10:06:56,1774.3,317891
2021-06-15 10:06:57,1774.3,317891
2021-06-15 10:06:59,1774.9,317893
2021-06-15 10:07:00,1774.95,318007
2021-06-15 10:07:01,1774.95,318007
2021-06-15 10:07:02,1774.95,318128
2021-06-15 10:07:03,1774.95,318314
2021-06-15 10:07:04,1774.95,318330
2021-06-15 10:07:05,1774.95,318330
2021-06-15 10:07:06,1774.95,318330
2021-06-15 10:07:07,1774.9,318338
2021-06-15 10:07:08,1774.9,318338
2021-06-15 10:07:09,1774.95,318348
2021-06-15 10:07:10,1774.9,318356
2021-06-15 10:07:11,1774.9,318358
2021-06-15 10:07:12,1774.9,318359
2021-06-15 10:07:13,1774.9,318359
2021-06-15 10:07:14,1774.9,318359
2021-06-15 10:07:15,1774.9,318359
2021-06-15 10:07:16,1774.9,318359
2021-06-15 10:07:17,1774.9,318467
2021-06-15 10:07:19,1774.95,318476
2021-06-15 10:07:20,1774.95,318476
2021-06-15 10:07:21,1774.95,318476
2021-06-15 10:07:22,1774.95,318476
2021-06-15 10:07:23,1775.0,318511
2021-06-15 10:07:24,1775.0,318512
2021-06-15 10:07:25,1775.0,318515
2021-06-15 10:07:26,1775.0,318515
2021-06-15 10:07:27,1775.0,318515
2021-06-15 10:07:28,1775.0,318515
2021-06-15 10:07:29,1775.0,318515
2021-06-15 10:07:30,1775.0,318515
2021-06-15 10:07:31,1775.0,318515
2021-06-15 10:07:32,1775.0,318515
2021-06-15 10:07:34,1775.0,318565
2021-06-15 10:07:33,1775.0,318565
2021-06-15 10:07:35,1775.0,318570
2021-06-15 10:07:36,1775.0,318580
2021-06-15 10:07:37,1775.0,318593
2021-06-15 10:07:38,1775.0,318593
2021-06-15 10:07:39,1775.0,318594
2021-06-15 10:07:40,1775.0,318594
2021-06-15 10:07:41,1775.0,318595
2021-06-15 10:07:42,1775.0,318597
2021-06-15 10:07:43,1775.0,318597
2021-06-15 10:07:44,1775.4,318937
2021-06-15 10:07:45,1775.0,318966
2021-06-15 10:07:46,1775.0,318966
