timestamp,ltp,volume
2021-06-15 09:15:40,7209.05,6032
2021-06-15 09:15:48,7216.15,6835
2021-06-15 09:15:49,7208.85,7316
2021-06-15 09:15:50,7210.65,7355
2021-06-15 09:15:52,7211.05,7584
2021-06-15 09:15:53,7211.05,7633
2021-06-15 09:15:54,7211.05,7752
2021-06-15 09:15:55,7209.0,7754
2021-06-15 09:15:56,7213.95,7778
2021-06-15 09:15:57,7213.6,7779
2021-06-15 09:15:58,7213.65,7786
2021-06-15 09:15:59,7211.0,7788
2021-06-15 09:16:00,7214.95,7826
2021-06-15 09:16:01,7211.1,8118
2021-06-15 09:16:02,7212.3,8145
2021-06-15 09:16:03,7212.8,8190
2021-06-15 09:16:04,7212.75,8193
2021-06-15 09:16:05,7213.1,8208
2021-06-15 09:16:06,7212.85,8229
2021-06-15 09:16:07,7212.75,8262
2021-06-15 09:16:08,7212.8,8265
2021-06-15 09:16:09,7212.8,8284
2021-06-15 09:16:10,7212.0,8419
2021-06-15 09:16:12,7211.0,8437
2021-06-15 09:16:14,7213.35,8518
2021-06-15 09:16:15,7213.35,8521
2021-06-15 09:16:16,7213.35,8624
2021-06-15 09:16:17,7214.95,8648
2021-06-15 09:16:18,7214.9,8663
2021-06-15 09:16:20,7214.9,8663
2021-06-15 09:16:20,7214.95,8664
2021-06-15 09:16:21,7213.35,8706
2021-06-15 09:16:22,7211.05,8790
2021-06-15 09:16:23,7214.25,8818
2021-06-15 09:16:24,7212.0,8842
2021-06-15 09:16:25,7213.4,8856
2021-06-15 09:16:26,7215.7,9064
2021-06-15 09:16:28,7216.0,9069
2021-06-15 09:16:28,7216.0,9069
2021-06-15 09:16:29,7214.0,9110
2021-06-15 09:16:30,7216.75,9130
2021-06-15 09:16:32,7212.0,9246
2021-06-15 09:16:33,7212.0,9253
2021-06-15 09:16:34,7212.4,9262
2021-06-15 09:16:35,7210.25,9367
2021-06-15 09:16:36,7210.65,9397
2021-06-15 09:16:38,7213.85,9421
2021-06-15 09:16:38,7211.05,9418
2021-06-15 09:16:39,7210.7,9447
2021-06-15 09:16:40,7213.85,9683
2021-06-15 09:16:41,7213.8,9698
2021-06-15 09:16:43,7213.8,9703
2021-06-15 09:16:43,7215.9,9729
2021-06-15 09:16:44,7215.9,9729
2021-06-15 09:16:45,7210.9,9932
2021-06-15 09:16:46,7214.75,10042
2021-06-15 09:16:48,7216.75,10077
2021-06-15 09:16:51,7214.8,10113
2021-06-15 09:16:52,7214.15,10135
2021-06-15 09:16:54,7214.35,10153
2021-06-15 09:16:54,7216.0,10156
2021-06-15 09:16:55,7209.9,10329
2021-06-15 09:16:56,7206.35,10351
2021-06-15 09:16:57,7209.1,10362
2021-06-15 09:16:58,7209.05,10383
2021-06-15 09:16:59,7209.05,10383
2021-06-15 09:17:01,7209.05,10421
2021-06-15 09:17:02,7210.45,10560
2021-06-15 09:17:04,7210.45,10560
2021-06-15 09:17:04,7210.45,10560
2021-06-15 09:17:05,7213.3,10623
2021-06-15 09:17:06,7208.0,10674
2021-06-15 09:17:07,7208.0,10674
2021-06-15 09:17:10,7208.7,10820
2021-06-15 09:17:11,7208.7,10875
2021-06-15 09:17:12,7208.7,10932
2021-06-15 09:17:13,7206.1,10950
2021-06-15 09:17:15,7208.7,10989
2021-06-15 09:17:15,7208.7,10989
2021-06-15 09:17:16,7205.65,11006
2021-06-15 09:17:17,7205.65,11029
2021-06-15 09:17:18,7208.45,11059
2021-06-15 09:17:19,7208.45,11068
2021-06-15 09:17:20,7205.45,11070
2021-06-15 09:17:21,7205.45,11070
2021-06-15 09:17:22,7208.45,11082
2021-06-15 09:17:23,7205.5,11084
2021-06-15 09:17:24,7205.8,11144
2021-06-15 09:17:27,7205.65,11151
2021-06-15 09:17:27,7208.1,11153
2021-06-15 09:17:28,7209.0,11353
2021-06-15 09:17:29,7209.0,11353
2021-06-15 09:17:30,7209.0,11353
2021-06-15 09:17:31,7209.6,11374
2021-06-15 09:17:32,7209.6,11374
2021-06-15 09:17:33,7204.9,11877
2021-06-15 09:17:34,7209.4,11914
2021-06-15 09:17:35,7205.8,11943
2021-06-15 09:17:36,7203.05,11953
2021-06-15 09:17:39,7206.25,12106
2021-06-15 09:17:42,7209.35,12161
2021-06-15 09:17:42,7209.35,12161
2021-06-15 09:17:43,7209.35,12186
2021-06-15 09:17:44,7210.0,12227
2021-06-15 09:17:45,7209.35,12243
2021-06-15 09:17:46,7209.35,12243
2021-06-15 09:17:49,7206.55,12289
2021-06-15 09:17:51,7206.25,12309
2021-06-15 09:17:52,7205.35,12353
2021-06-15 09:17:53,7209.3,12364
2021-06-15 09:17:54,7205.3,12369
2021-06-15 09:17:55,7205.3,12373
2021-06-15 09:17:56,7205.55,12435
2021-06-15 09:17:57,7205.65,12439
2021-06-15 09:17:58,7205.8,12446
2021-06-15 09:17:59,7205.15,12473
2021-06-15 09:18:01,7208.4,12479
2021-06-15 09:18:02,7208.4,12480
2021-06-15 09:18:03,7208.4,12480
2021-06-15 09:18:04,7208.4,12485
2021-06-15 09:18:05,7208.4,12485
2021-06-15 09:18:06,7205.75,12497
2021-06-15 09:18:07,7205.75,12497
2021-06-15 09:18:08,7206.0,12502
2021-06-15 09:18:09,7208.4,12614
2021-06-15 09:18:10,7208.4,12614
2021-06-15 09:18:12,7206.3,12708
2021-06-15 09:18:13,7206.3,12708
2021-06-15 09:18:14,7206.3,12708
2021-06-15 09:18:15,7208.45,12722
2021-06-15 09:18:16,7208.4,12726
2021-06-15 09:18:17,7206.3,12756
2021-06-15 09:18:19,7206.4,12761
2021-06-15 09:18:20,7206.0,12770
2021-06-15 09:18:21,7206.0,12770
2021-06-15 09:18:23,7205.3,12898
2021-06-15 09:18:24,7205.25,12902
2021-06-15 09:18:25,7205.25,12914
2021-06-15 09:18:26,7206.3,12921
2021-06-15 09:18:27,7205.4,12924
2021-06-15 09:18:28,7205.4,12924
2021-06-15 09:18:29,7208.55,12931
2021-06-15 09:18:30,7210.0,13033
2021-06-15 09:18:31,7210.0,13033
2021-06-15 09:18:32,7210.85,13038
2021-06-15 09:18:34,7208.5,13069
2021-06-15 09:18:35,7207.8,13082
2021-06-15 09:18:36,7209.9,13084
2021-06-15 09:18:37,7209.9,13084
2021-06-15 09:18:37,7208.8,13088
2021-06-15 09:18:38,7209.9,13089
2021-06-15 09:18:39,7209.9,13089
2021-06-15 09:18:40,7209.9,13089
2021-06-15 09:18:41,7208.8,13096
2021-06-15 09:18:43,7206.6,13215
2021-06-15 09:18:44,7206.05,13236
2021-06-15 09:18:46,7205.55,13267
2021-06-15 09:18:47,7205.55,13271
2021-06-15 09:18:48,7205.5,13375
2021-06-15 09:18:48,7208.65,13376
2021-06-15 09:18:49,7205.5,13382
2021-06-15 09:18:50,7205.5,13397
2021-06-15 09:18:51,7205.5,13403
2021-06-15 09:18:52,7206.4,13520
2021-06-15 09:18:53,7208.8,13568
2021-06-15 09:18:54,7209.7,13578
2021-06-15 09:18:56,7206.3,13590
2021-06-15 09:18:57,7206.3,13609
2021-06-15 09:18:58,7206.0,13618
2021-06-15 09:18:58,7206.0,13618
2021-06-15 09:18:59,7205.5,13625
2021-06-15 09:19:00,7205.5,13625
2021-06-15 09:19:01,7208.3,13685
2021-06-15 09:19:03,7205.3,13687
2021-06-15 09:19:04,7208.2,13704
2021-06-15 09:19:05,7208.2,13718
2021-06-15 09:19:06,7205.4,13726
2021-06-15 09:19:06,7208.2,13727
2021-06-15 09:19:07,7208.2,13734
2021-06-15 09:19:08,7205.5,13739
2021-06-15 09:19:09,7205.5,13758
2021-06-15 09:19:10,7206.4,13806
2021-06-15 09:19:11,7209.45,13824
2021-06-15 09:19:12,7205.55,13844
2021-06-15 09:19:14,7203.1,13983
2021-06-15 09:19:16,7203.35,13992
2021-06-15 09:19:17,7203.35,14045
2021-06-15 09:19:18,7203.65,14075
2021-06-15 09:19:19,7203.65,14075
2021-06-15 09:19:20,7207.05,14087
2021-06-15 09:19:21,7203.7,14092
2021-06-15 09:19:21,7206.75,14093
2021-06-15 09:19:22,7206.75,14106
2021-06-15 09:19:23,7205.1,14123
2021-06-15 09:19:24,7204.95,14263
2021-06-15 09:19:25,7204.6,14318
2021-06-15 09:19:27,7201.2,14330
2021-06-15 09:19:28,7200.7,14379
2021-06-15 09:19:29,7200.7,14400
2021-06-15 09:19:29,7200.35,14412
2021-06-15 09:19:30,7200.0,14569
2021-06-15 09:19:31,7197.5,14589
2021-06-15 09:19:32,7200.8,14651
2021-06-15 09:19:33,7200.0,14656
2021-06-15 09:19:34,7200.8,14665
2021-06-15 09:19:37,7200.8,14692
2021-06-15 09:19:37,7200.8,14709
2021-06-15 09:19:38,7200.8,14821
2021-06-15 09:19:39,7200.8,14829
2021-06-15 09:19:40,7200.8,14845
2021-06-15 09:19:41,7200.8,14845
2021-06-15 09:19:42,7199.5,14865
2021-06-15 09:19:43,7199.05,14876
2021-06-15 09:19:44,7200.8,14898
2021-06-15 09:19:45,7198.9,14910
2021-06-15 09:19:46,7198.9,14915
2021-06-15 09:19:47,7198.9,14922
2021-06-15 09:19:48,7198.9,14927
2021-06-15 09:19:50,7200.8,14961
2021-06-15 09:19:51,7198.5,14978
2021-06-15 09:19:52,7198.5,14978
2021-06-15 09:19:52,7198.0,14994
2021-06-15 09:19:53,7200.85,15129
2021-06-15 09:19:55,7201.1,15231
2021-06-15 09:19:56,7201.0,15286
2021-06-15 09:19:58,7201.0,15298
2021-06-15 09:19:59,7201.3,15403
2021-06-15 09:20:00,7201.1,15410
2021-06-15 09:20:01,7200.0,15489
2021-06-15 09:20:02,7202.65,15505
2021-06-15 09:20:03,7201.2,15512
2021-06-15 09:20:04,7201.2,15512
2021-06-15 09:20:05,7202.65,15513
2021-06-15 09:20:05,7201.2,15528
2021-06-15 09:20:06,7202.65,15529
2021-06-15 09:20:07,7202.65,15530
2021-06-15 09:20:08,7202.65,15531
2021-06-15 09:20:10,7202.65,15550
2021-06-15 09:20:11,7202.65,15555
2021-06-15 09:20:12,7201.2,15561
2021-06-15 09:20:12,7201.2,15561
2021-06-15 09:20:13,7200.7,15576
2021-06-15 09:20:14,7201.2,15626
2021-06-15 09:20:15,7201.2,15626
2021-06-15 09:20:16,7201.2,15626
2021-06-15 09:20:18,7201.2,15644
2021-06-15 09:20:19,7201.2,15644
2021-06-15 09:20:20,7201.2,15663
2021-06-15 09:20:20,7201.2,15663
2021-06-15 09:20:23,7198.25,15684
2021-06-15 09:20:25,7198.5,15702
2021-06-15 09:20:26,7197.5,15720
2021-06-15 09:20:27,7199.55,15722
2021-06-15 09:20:28,7197.0,15729
2021-06-15 09:20:28,7197.0,15729
2021-06-15 09:20:29,7197.05,15741
2021-06-15 09:20:31,7199.4,15746
2021-06-15 09:20:32,7201.95,15845
2021-06-15 09:20:33,7197.9,15975
2021-06-15 09:20:34,7201.7,16014
2021-06-15 09:20:35,7201.7,16014
2021-06-15 09:20:36,7198.3,16029
2021-06-15 09:20:36,7198.3,16029
2021-06-15 09:20:37,7198.3,16029
2021-06-15 09:20:38,7198.3,16029
2021-06-15 09:20:39,7200.9,16034
2021-06-15 09:20:41,7200.9,16084
2021-06-15 09:20:42,7200.9,16084
2021-06-15 09:20:43,7204.3,16095
2021-06-15 09:20:44,7205.0,16101
2021-06-15 09:20:45,7202.0,16104
2021-06-15 09:20:46,7205.0,16112
2021-06-15 09:20:47,7202.95,16152
2021-06-15 09:20:48,7207.05,16162
2021-06-15 09:20:48,7207.05,16162
2021-06-15 09:20:49,7207.05,16165
2021-06-15 09:20:52,7207.45,16181
2021-06-15 09:20:54,7207.45,16181
2021-06-15 09:20:57,7208.0,16284
2021-06-15 09:20:58,7210.0,16409
2021-06-15 09:21:00,7208.6,16508
2021-06-15 09:21:01,7209.05,16519
2021-06-15 09:21:02,7212.4,16526
2021-06-15 09:21:03,7212.4,16550
2021-06-15 09:21:04,7212.4,16551
2021-06-15 09:21:05,7213.0,16563
2021-06-15 09:21:05,7213.0,16563
2021-06-15 09:21:06,7215.0,16564
2021-06-15 09:21:07,7215.0,16587
2021-06-15 09:21:08,7213.45,16591
2021-06-15 09:21:09,7216.0,16658
2021-06-15 09:21:11,7216.0,16661
2021-06-15 09:21:12,7213.5,16668
2021-06-15 09:21:13,7216.5,16669
2021-06-15 09:21:14,7215.0,16684
2021-06-15 09:21:15,7216.0,16685
2021-06-15 09:21:16,7216.0,16707
2021-06-15 09:21:18,7214.7,16708
2021-06-15 09:21:19,7214.75,16758
2021-06-15 09:21:20,7215.1,16766
2021-06-15 09:21:20,7215.1,16766
2021-06-15 09:21:21,7215.1,16766
2021-06-15 09:21:22,7212.55,16771
2021-06-15 09:21:23,7212.55,16784
2021-06-15 09:21:24,7212.55,16784
2021-06-15 09:21:25,7210.3,16809
2021-06-15 09:21:26,7212.55,16814
2021-06-15 09:21:29,7207.65,16883
2021-06-15 09:21:31,7210.7,16891
2021-06-15 09:21:32,7209.55,17031
2021-06-15 09:21:33,7208.35,17058
2021-06-15 09:21:33,7208.35,17058
2021-06-15 09:21:34,7207.95,17065
2021-06-15 09:21:35,7207.95,17065
2021-06-15 09:21:36,7209.55,17066
2021-06-15 09:21:37,7209.55,17066
2021-06-15 09:21:38,7209.55,17066
2021-06-15 09:21:39,7209.55,17066
2021-06-15 09:21:41,7209.55,17066
2021-06-15 09:21:42,7209.5,17093
2021-06-15 09:21:43,7209.5,17095
2021-06-15 09:21:44,7209.5,17095
2021-06-15 09:21:47,7209.5,17100
2021-06-15 09:21:48,7209.5,17100
2021-06-15 09:21:48,7209.5,17100
2021-06-15 09:21:49,7209.5,17120
2021-06-15 09:21:50,7207.95,17135
2021-06-15 09:21:51,7207.95,17135
2021-06-15 09:21:53,7207.2,17167
2021-06-15 09:21:54,7209.95,17195
2021-06-15 09:21:55,7212.55,17200
2021-06-15 09:21:56,7215.0,17257
2021-06-15 09:21:57,7213.55,17274
2021-06-15 09:21:57,7213.55,17274
2021-06-15 09:21:58,7215.0,17574
2021-06-15 09:21:59,7211.0,17576
2021-06-15 09:22:01,7211.0,17576
2021-06-15 09:22:02,7212.55,17613
2021-06-15 09:22:03,7212.6,17679
2021-06-15 09:22:04,7212.55,17685
2021-06-15 09:22:05,7212.55,17685
2021-06-15 09:22:06,7212.55,17688
2021-06-15 09:22:06,7212.55,17689
2021-06-15 09:22:07,7212.55,17700
2021-06-15 09:22:08,7212.55,17701
2021-06-15 09:22:09,7211.1,17712
2021-06-15 09:22:11,7210.8,17751
2021-06-15 09:22:12,7210.8,17752
2021-06-15 09:22:13,7211.0,17788
2021-06-15 09:22:14,7211.0,17788
2021-06-15 09:22:16,7211.65,17819
2021-06-15 09:22:17,7208.2,17836
2021-06-15 09:22:18,7208.2,17836
2021-06-15 09:22:19,7211.6,17841
2021-06-15 09:22:20,7207.75,17891
2021-06-15 09:22:21,7208.95,17898
2021-06-15 09:22:22,7208.95,17898
2021-06-15 09:22:23,7211.45,17900
2021-06-15 09:22:24,7211.45,17901
2021-06-15 09:22:25,7210.0,17902
2021-06-15 09:22:27,7210.0,17911
2021-06-15 09:22:29,7210.0,17935
2021-06-15 09:22:30,7210.0,17935
2021-06-15 09:22:31,7211.45,17951
2021-06-15 09:22:32,7211.45,17951
2021-06-15 09:22:33,7211.45,17952
2021-06-15 09:22:34,7210.0,17961
2021-06-15 09:22:35,7210.0,17961
2021-06-15 09:22:36,7211.45,17976
2021-06-15 09:22:37,7210.05,17978
2021-06-15 09:22:38,7211.45,17979
2021-06-15 09:22:39,7210.0,18066
2021-06-15 09:22:40,7210.0,18085
2021-06-15 09:22:41,7210.0,18100
2021-06-15 09:22:42,7211.0,18101
2021-06-15 09:22:43,7208.0,18219
2021-06-15 09:22:44,7207.0,18239
2021-06-15 09:22:45,7209.65,18254
2021-06-15 09:22:45,7209.65,18255
2021-06-15 09:22:46,7210.5,18265
2021-06-15 09:22:48,7210.7,18290
2021-06-15 09:22:48,7210.7,18340
2021-06-15 09:22:49,7210.7,18343
2021-06-15 09:22:50,7210.7,18346
2021-06-15 09:22:51,7210.7,18346
2021-06-15 09:22:52,7210.0,18356
2021-06-15 09:22:53,7210.0,18356
2021-06-15 09:22:55,7210.0,18356
2021-06-15 09:22:57,7208.0,18456
2021-06-15 09:22:58,7210.0,18462
2021-06-15 09:22:59,7210.0,18462
2021-06-15 09:23:01,7210.9,18550
2021-06-15 09:23:02,7210.0,18559
2021-06-15 09:23:03,7213.0,18605
2021-06-15 09:23:03,7213.0,18628
2021-06-15 09:23:04,7211.75,18637
2021-06-15 09:23:05,7211.75,18637
2021-06-15 09:23:06,7214.15,18638
2021-06-15 09:23:07,7214.15,18638
2021-06-15 09:23:08,7213.6,18658
2021-06-15 09:23:09,7213.55,18660
2021-06-15 09:23:13,7210.4,18780
2021-06-15 09:23:13,7213.45,18781
2021-06-15 09:23:14,7213.45,18781
2021-06-15 09:23:15,7210.0,18789
2021-06-15 09:23:16,7210.0,18837
2021-06-15 09:23:18,7214.0,18996
2021-06-15 09:23:19,7211.1,19008
2021-06-15 09:23:20,7213.15,19009
2021-06-15 09:23:21,7210.0,19047
2021-06-15 09:23:22,7210.0,19060
2021-06-15 09:23:23,7210.0,19072
2021-06-15 09:23:24,7211.7,19073
2021-06-15 09:23:25,7210.0,19389
2021-06-15 09:23:26,7208.45,19395
2021-06-15 09:23:27,7207.05,19398
2021-06-15 09:23:27,7207.05,19398
2021-06-15 09:23:28,7210.55,19476
2021-06-15 09:23:29,7210.5,19527
2021-06-15 09:23:31,7210.5,19538
2021-06-15 09:23:31,7211.0,19638
2021-06-15 09:23:32,7210.0,19651
2021-06-15 09:23:33,7210.0,19666
2021-06-15 09:23:34,7210.0,19675
2021-06-15 09:23:36,7208.45,19691
2021-06-15 09:23:37,7208.45,19691
2021-06-15 09:23:38,7207.95,19697
2021-06-15 09:23:39,7207.95,19697
2021-06-15 09:23:40,7208.2,19705
2021-06-15 09:23:41,7208.15,19708
2021-06-15 09:23:42,7208.15,19715
2021-06-15 09:23:43,7208.2,19725
2021-06-15 09:23:43,7208.2,19725
2021-06-15 09:23:44,7208.2,19725
2021-06-15 09:23:45,7208.2,19728
2021-06-15 09:23:47,7208.35,19736
2021-06-15 09:23:49,7208.35,19737
2021-06-15 09:23:50,7207.0,19755
2021-06-15 09:23:51,7208.2,19793
2021-06-15 09:23:52,7208.2,19794
2021-06-15 09:23:52,7208.2,19794
2021-06-15 09:23:54,7207.3,19801
2021-06-15 09:23:55,7208.2,19810
2021-06-15 09:23:56,7207.45,19812
2021-06-15 09:23:57,7207.45,19812
2021-06-15 09:23:58,7207.45,19812
2021-06-15 09:23:59,7207.45,19812
2021-06-15 09:24:00,7207.4,19819
2021-06-15 09:24:00,7208.2,19820
2021-06-15 09:24:02,7207.25,19834
2021-06-15 09:24:03,7207.25,19837
2021-06-15 09:24:04,7207.25,19840
2021-06-15 09:24:05,7207.25,19845
2021-06-15 09:24:05,7207.25,19845
2021-06-15 09:24:06,7207.35,19854
2021-06-15 09:24:08,7207.75,19922
2021-06-15 09:24:09,7207.3,19924
2021-06-15 09:24:11,7206.0,19954
2021-06-15 09:24:12,7206.0,19959
2021-06-15 09:24:13,7206.0,19959
2021-06-15 09:24:14,7206.95,19976
2021-06-15 09:24:14,7205.0,19975
2021-06-15 09:24:15,7206.0,19978
2021-06-15 09:24:17,7206.95,19979
2021-06-15 09:24:18,7206.8,20074
2021-06-15 09:24:19,7206.95,20075
2021-06-15 09:24:20,7206.95,20075
2021-06-15 09:24:21,7206.75,20091
2021-06-15 09:24:22,7205.0,20101
2021-06-15 09:24:23,7205.0,20101
2021-06-15 09:24:24,7205.0,20103
2021-06-15 09:24:25,7206.0,20106
2021-06-15 09:24:26,7205.0,20107
2021-06-15 09:24:27,7205.0,20109
2021-06-15 09:24:28,7206.0,20110
2021-06-15 09:24:29,7206.0,20110
2021-06-15 09:24:30,7205.0,20113
2021-06-15 09:24:31,7205.0,20113
2021-06-15 09:24:32,7205.0,20118
2021-06-15 09:24:33,7206.0,20124
2021-06-15 09:24:34,7206.0,20124
2021-06-15 09:24:35,7205.0,20181
2021-06-15 09:24:36,7205.0,20184
2021-06-15 09:24:37,7205.0,20184
2021-06-15 09:24:38,7205.0,20187
2021-06-15 09:24:39,7206.0,20188
2021-06-15 09:24:40,7205.0,20198
2021-06-15 09:24:41,7201.3,20208
2021-06-15 09:24:42,7201.3,20241
2021-06-15 09:24:43,7202.6,20274
2021-06-15 09:24:44,7204.85,20280
2021-06-15 09:24:45,7202.0,20285
2021-06-15 09:24:46,7202.0,20385
2021-06-15 09:24:47,7202.8,20397
2021-06-15 09:24:48,7202.8,20397
2021-06-15 09:24:49,7201.85,20410
2021-06-15 09:24:50,7204.8,20420
2021-06-15 09:24:51,7201.6,20430
2021-06-15 09:24:52,7204.5,20448
2021-06-15 09:24:53,7204.5,20448
2021-06-15 09:24:54,7201.4,20475
2021-06-15 09:24:55,7204.0,20481
2021-06-15 09:24:56,7201.4,20496
2021-06-15 09:24:57,7201.4,20496
2021-06-15 09:24:59,7204.0,20497
2021-06-15 09:25:00,7202.0,20498
2021-06-15 09:25:01,7202.0,20498
2021-06-15 09:25:02,7202.0,20498
2021-06-15 09:25:03,7204.0,20518
2021-06-15 09:25:04,7204.0,20519
2021-06-15 09:25:05,7204.0,20519
2021-06-15 09:25:06,7202.0,20533
2021-06-15 09:25:07,7202.0,20533
2021-06-15 09:25:08,7202.0,20533
2021-06-15 09:25:09,7204.0,20577
2021-06-15 09:25:10,7204.0,20577
2021-06-15 09:25:11,7204.0,20577
2021-06-15 09:25:13,7204.0,20577
2021-06-15 09:25:14,7204.0,20577
2021-06-15 09:25:15,7204.0,20577
2021-06-15 09:25:16,7204.0,20597
2021-06-15 09:25:17,7204.0,20597
2021-06-15 09:25:18,7204.0,20597
2021-06-15 09:25:19,7204.0,20597
2021-06-15 09:25:20,7204.0,20599
2021-06-15 09:25:21,7204.0,20604
2021-06-15 09:25:22,7204.0,20606
2021-06-15 09:25:23,7204.0,20606
2021-06-15 09:25:24,7204.0,20606
2021-06-15 09:25:25,7204.0,20606
2021-06-15 09:25:26,7204.0,20616
2021-06-15 09:25:27,7204.0,20616
2021-06-15 09:25:28,7204.0,20616
2021-06-15 09:25:29,7204.0,20616
2021-06-15 09:25:30,7204.0,20617
2021-06-15 09:25:31,7204.0,20627
2021-06-15 09:25:32,7204.0,20627
2021-06-15 09:25:33,7204.0,20627
2021-06-15 09:25:34,7204.0,20694
2021-06-15 09:25:35,7204.0,20697
2021-06-15 09:25:36,7204.0,20697
2021-06-15 09:25:41,7204.75,21076
2021-06-15 09:25:42,7205.0,21092
2021-06-15 09:25:43,7205.0,21092
2021-06-15 09:25:44,7207.0,21102
2021-06-15 09:25:45,7207.0,21102
2021-06-15 09:25:46,7204.55,21111
2021-06-15 09:25:47,7204.55,21111
2021-06-15 09:25:48,7206.25,21112
2021-06-15 09:25:49,7206.25,21112
2021-06-15 09:25:50,7206.25,21112
2021-06-15 09:25:51,7206.25,21124
2021-06-15 09:25:52,7206.25,21124
2021-06-15 09:25:53,7204.6,21126
2021-06-15 09:25:54,7204.6,21126
2021-06-15 09:25:55,7204.6,21126
2021-06-15 09:25:56,7206.25,21127
2021-06-15 09:25:57,7205.0,21133
2021-06-15 09:25:58,7205.0,21140
2021-06-15 09:26:00,7206.25,21160
2021-06-15 09:26:01,7205.05,21161
2021-06-15 09:26:02,7205.05,21161
2021-06-15 09:26:03,7205.05,21161
2021-06-15 09:26:04,7206.25,21164
2021-06-15 09:26:05,7206.25,21164
2021-06-15 09:26:06,7206.25,21164
2021-06-15 09:26:08,7207.45,21250
2021-06-15 09:26:09,7209.0,21252
2021-06-15 09:26:10,7209.0,21262
2021-06-15 09:26:11,7207.55,21268
2021-06-15 09:26:12,7207.55,21272
2021-06-15 09:26:13,7208.0,21280
2021-06-15 09:26:14,7208.0,21301
2021-06-15 09:26:15,7208.0,21301
2021-06-15 09:26:16,7207.8,21303
2021-06-15 09:26:17,7208.7,21314
2021-06-15 09:26:18,7208.25,21337
2021-06-15 09:26:19,7208.05,21345
2021-06-15 09:26:20,7208.05,21345
2021-06-15 09:26:21,7208.0,21357
2021-06-15 09:26:22,7208.0,21357
2021-06-15 09:26:23,7208.05,21362
2021-06-15 09:26:25,7208.05,21365
2021-06-15 09:26:26,7208.1,21382
2021-06-15 09:26:27,7208.3,21416
2021-06-15 09:26:28,7208.3,21424
2021-06-15 09:26:29,7208.2,21428
2021-06-15 09:26:30,7211.0,21457
2021-06-15 09:26:31,7210.9,21459
2021-06-15 09:26:32,7208.4,21468
2021-06-15 09:26:33,7209.0,21495
2021-06-15 09:26:34,7210.4,21496
2021-06-15 09:26:35,7209.0,21501
2021-06-15 09:26:36,7208.0,21514
2021-06-15 09:26:37,7208.35,21515
2021-06-15 09:26:38,7208.0,21550
2021-06-15 09:26:39,7208.0,21552
2021-06-15 09:26:40,7208.0,21562
2021-06-15 09:26:41,7206.65,22184
2021-06-15 09:26:42,7205.6,22207
2021-06-15 09:26:43,7205.6,23236
2021-06-15 09:26:44,7205.25,23268
2021-06-15 09:26:45,7202.0,23278
2021-06-15 09:26:47,7202.0,23278
2021-06-15 09:26:47,7204.8,23280
2021-06-15 09:26:48,7202.0,23294
2021-06-15 09:26:49,7204.8,23324
2021-06-15 09:26:50,7202.0,23329
2021-06-15 09:26:52,7202.05,23360
2021-06-15 09:26:53,7202.05,23365
2021-06-15 09:26:54,7202.0,23376
2021-06-15 09:26:55,7202.0,23376
2021-06-15 09:26:56,7202.0,23381
2021-06-15 09:26:57,7204.75,23407
2021-06-15 09:26:58,7204.75,23408
2021-06-15 09:26:59,7204.75,23409
2021-06-15 09:27:00,7202.45,23418
2021-06-15 09:27:01,7204.75,23448
2021-06-15 09:27:03,7204.75,23458
2021-06-15 09:27:03,7202.7,23457
2021-06-15 09:27:04,7204.75,23460
2021-06-15 09:27:05,7204.7,23461
2021-06-15 09:27:06,7204.7,23461
2021-06-15 09:27:07,7204.7,23498
2021-06-15 09:27:08,7204.7,23498
2021-06-15 09:27:09,7204.7,23498
2021-06-15 09:27:11,7208.35,23813
2021-06-15 09:27:11,7207.9,23814
2021-06-15 09:27:13,7207.65,23834
2021-06-15 09:27:14,7204.8,23836
2021-06-15 09:27:15,7204.65,23840
2021-06-15 09:27:15,7204.65,23840
2021-06-15 09:27:16,7203.95,23850
2021-06-15 09:27:17,7203.95,23850
2021-06-15 09:27:18,7203.5,23858
2021-06-15 09:27:20,7203.0,23897
2021-06-15 09:27:20,7203.95,23898
2021-06-15 09:27:22,7203.95,23903
2021-06-15 09:27:22,7203.95,23903
2021-06-15 09:27:23,7205.9,23906
2021-06-15 09:27:24,7205.7,23926
2021-06-15 09:27:25,7205.85,23927
2021-06-15 09:27:27,7202.55,23937
2021-06-15 09:27:28,7205.7,23956
2021-06-15 09:27:28,7205.7,23957
2021-06-15 09:27:29,7205.7,23957
2021-06-15 09:27:31,7205.7,23982
2021-06-15 09:27:32,7203.05,23987
2021-06-15 09:27:33,7205.7,23988
2021-06-15 09:27:34,7205.7,23988
2021-06-15 09:27:35,7205.7,23988
2021-06-15 09:27:36,7205.7,23988
2021-06-15 09:27:37,7203.05,23993
2021-06-15 09:27:38,7203.05,23993
2021-06-15 09:27:39,7207.8,24074
2021-06-15 09:27:40,7207.45,24076
2021-06-15 09:27:41,7207.45,24076
2021-06-15 09:27:42,7207.65,24082
2021-06-15 09:27:44,7206.0,24183
2021-06-15 09:27:44,7206.2,24184
2021-06-15 09:27:46,7206.2,24184
2021-06-15 09:27:47,7203.3,24189
2021-06-15 09:27:48,7203.3,24189
2021-06-15 09:27:48,7205.0,24191
2021-06-15 09:27:50,7205.0,24193
2021-06-15 09:27:50,7205.0,24193
2021-06-15 09:27:51,7203.6,24208
2021-06-15 09:27:52,7206.55,24229
2021-06-15 09:27:53,7206.55,24230
2021-06-15 09:27:54,7206.6,24270
2021-06-15 09:27:55,7206.55,24271
2021-06-15 09:27:57,7205.7,24287
2021-06-15 09:27:57,7205.7,24287
2021-06-15 09:27:58,7205.7,24287
2021-06-15 09:27:59,7207.2,24293
2021-06-15 09:28:00,7204.2,24298
2021-06-15 09:28:01,7207.05,24309
2021-06-15 09:28:02,7203.7,24321
2021-06-15 09:28:03,7204.2,24348
2021-06-15 09:28:04,7204.2,24349
2021-06-15 09:28:05,7205.65,24357
2021-06-15 09:28:07,7205.65,24357
2021-06-15 09:28:07,7205.65,24357
2021-06-15 09:28:08,7205.65,24357
2021-06-15 09:28:09,7205.65,24360
2021-06-15 09:28:10,7205.65,24360
2021-06-15 09:28:11,7204.2,24385
2021-06-15 09:28:12,7203.85,24400
2021-06-15 09:28:13,7203.85,24400
2021-06-15 09:28:14,7203.65,24402
2021-06-15 09:28:16,7203.65,24412
2021-06-15 09:28:17,7205.7,24438
2021-06-15 09:28:17,7207.6,24470
2021-06-15 09:28:19,7207.6,24471
2021-06-15 09:28:19,7207.9,24621
2021-06-15 09:28:20,7207.9,24624
2021-06-15 09:28:21,7207.9,24660
2021-06-15 09:28:23,7207.0,24670
2021-06-15 09:28:24,7207.0,24674
2021-06-15 09:28:24,7207.9,24675
2021-06-15 09:28:25,7207.0,24680
2021-06-15 09:28:26,7207.0,24680
2021-06-15 09:28:27,7207.0,24680
2021-06-15 09:28:28,7207.0,24680
2021-06-15 09:28:29,7207.0,24685
2021-06-15 09:28:30,7207.0,24685
2021-06-15 09:28:32,7207.0,24685
2021-06-15 09:28:33,7207.0,24717
2021-06-15 09:28:34,7207.0,24717
2021-06-15 09:28:35,7207.0,24717
2021-06-15 09:28:36,7207.0,24717
2021-06-15 09:28:37,7207.0,24842
2021-06-15 09:28:39,7206.7,24852
2021-06-15 09:28:40,7206.7,24853
2021-06-15 09:28:41,7207.0,24882
2021-06-15 09:28:44,7206.3,24905
2021-06-15 09:28:45,7206.25,24939
2021-06-15 09:28:46,7206.25,24940
2021-06-15 09:28:47,7206.25,24940
2021-06-15 09:28:48,7206.25,24940
2021-06-15 09:28:49,7206.25,24940
2021-06-15 09:28:50,7206.25,24940
2021-06-15 09:28:51,7206.25,24940
2021-06-15 09:28:52,7206.2,24960
2021-06-15 09:28:53,7206.2,24961
2021-06-15 09:28:54,7206.2,24967
2021-06-15 09:28:55,7204.0,24981
2021-06-15 09:28:56,7206.2,24987
2021-06-15 09:28:57,7206.2,24987
2021-06-15 09:28:58,7206.2,24987
2021-06-15 09:29:00,7204.0,25037
2021-06-15 09:29:02,7204.0,25050
2021-06-15 09:29:04,7204.0,25050
2021-06-15 09:29:04,7204.0,25112
2021-06-15 09:29:05,7204.0,25112
2021-06-15 09:29:06,7204.0,25112
2021-06-15 09:29:07,7204.0,25112
2021-06-15 09:29:08,7204.0,25112
2021-06-15 09:29:09,7204.0,25112
2021-06-15 09:29:10,7204.0,25113
2021-06-15 09:29:11,7205.35,25115
2021-06-15 09:29:12,7205.05,25116
2021-06-15 09:29:14,7205.05,25116
2021-06-15 09:29:15,7205.05,25116
2021-06-15 09:29:16,7205.05,25116
2021-06-15 09:29:17,7205.05,25116
2021-06-15 09:29:18,7204.25,25127
2021-06-15 09:29:19,7204.25,25127
2021-06-15 09:29:20,7204.25,25127
2021-06-15 09:29:21,7205.05,25129
2021-06-15 09:29:22,7205.05,25129
2021-06-15 09:29:24,7205.05,25129
2021-06-15 09:29:25,7205.05,25129
2021-06-15 09:29:25,7205.05,25129
2021-06-15 09:29:27,7205.05,25129
2021-06-15 09:29:28,7205.05,25129
2021-06-15 09:29:28,7205.05,25129
2021-06-15 09:29:29,7205.05,25129
2021-06-15 09:29:31,7205.05,25129
2021-06-15 09:29:31,7205.05,25129
2021-06-15 09:29:32,7205.05,25129
2021-06-15 09:29:33,7204.25,25137
2021-06-15 09:29:34,7204.25,25138
2021-06-15 09:29:35,7204.25,25138
2021-06-15 09:29:36,7205.05,25141
2021-06-15 09:29:37,7205.05,25141
2021-06-15 09:29:39,7205.05,25156
2021-06-15 09:29:40,7206.2,25228
2021-06-15 09:29:41,7206.2,25230
2021-06-15 09:29:42,7206.2,25230
2021-06-15 09:29:43,7206.2,25230
2021-06-15 09:29:45,7206.2,25230
2021-06-15 09:29:46,7204.3,25235
2021-06-15 09:29:47,7204.3,25235
2021-06-15 09:29:47,7204.3,25235
2021-06-15 09:29:48,7204.3,25235
2021-06-15 09:29:49,7206.2,25245
2021-06-15 09:29:51,7206.2,25246
2021-06-15 09:29:52,7206.2,25246
2021-06-15 09:29:52,7206.2,25246
2021-06-15 09:29:54,7206.2,25266
2021-06-15 09:29:55,7206.2,25266
2021-06-15 09:29:56,7206.2,25266
2021-06-15 09:29:57,7205.05,25274
2021-06-15 09:29:57,7204.25,25279
2021-06-15 09:29:58,7204.25,25279
2021-06-15 09:29:59,7204.25,25289
2021-06-15 09:30:00,7204.25,25289
2021-06-15 09:30:01,7204.25,25289
2021-06-15 09:30:02,7205.5,25290
2021-06-15 09:30:03,7205.5,25290
2021-06-15 09:30:04,7205.5,25310
2021-06-15 09:30:05,7205.5,25310
2021-06-15 09:30:08,7206.0,25314
2021-06-15 09:30:09,7206.0,25416
2021-06-15 09:30:10,7206.55,25435
2021-06-15 09:30:11,7206.55,25435
2021-06-15 09:30:12,7206.55,25435
2021-06-15 09:30:13,7206.55,25435
2021-06-15 09:30:14,7206.4,25437
2021-06-15 09:30:16,7204.25,25439
2021-06-15 09:30:17,7204.25,25439
2021-06-15 09:30:18,7204.25,25450
2021-06-15 09:30:19,7204.25,25450
2021-06-15 09:30:20,7204.25,25450
2021-06-15 09:30:21,7204.25,25459
2021-06-15 09:30:22,7206.2,25460
2021-06-15 09:30:23,7206.2,25460
2021-06-15 09:30:24,7204.25,25464
2021-06-15 09:30:25,7204.25,25469
2021-06-15 09:30:27,7204.2,25475
2021-06-15 09:30:28,7204.2,25475
2021-06-15 09:30:29,7206.2,25480
2021-06-15 09:30:30,7204.0,25530
2021-06-15 09:30:31,7206.2,25533
2021-06-15 09:30:32,7206.2,25533
2021-06-15 09:30:33,7206.2,25533
2021-06-15 09:30:34,7206.2,25533
2021-06-15 09:30:35,7206.0,25536
2021-06-15 09:30:36,7206.0,25536
2021-06-15 09:30:37,7206.0,25536
2021-06-15 09:30:38,7206.0,25536
2021-06-15 09:30:39,7204.0,25551
2021-06-15 09:30:40,7205.0,25552
2021-06-15 09:30:41,7205.0,25552
2021-06-15 09:30:42,7204.0,25559
2021-06-15 09:30:43,7204.0,25560
2021-06-15 09:30:44,7204.0,25560
2021-06-15 09:30:45,7204.0,25560
2021-06-15 09:30:45,7204.0,25560
2021-06-15 09:30:46,7204.0,25560
2021-06-15 09:30:48,7204.0,25565
2021-06-15 09:30:49,7204.0,25570
2021-06-15 09:30:50,7204.0,25583
2021-06-15 09:30:51,7205.0,25584
2021-06-15 09:30:51,7205.0,25584
2021-06-15 09:30:53,7204.0,25626
2021-06-15 09:30:54,7204.0,25638
2021-06-15 09:30:54,7205.0,25639
2021-06-15 09:30:55,7205.0,25640
2021-06-15 09:30:56,7205.0,25641
2021-06-15 09:30:57,7205.0,25681
2021-06-15 09:30:58,7206.0,25700
2021-06-15 09:30:59,7206.2,25722
2021-06-15 09:31:00,7206.2,25722
2021-06-15 09:31:01,7206.2,25727
2021-06-15 09:31:02,7206.2,25728
2021-06-15 09:31:03,7206.2,25750
2021-06-15 09:31:04,7206.2,25750
2021-06-15 09:31:06,7206.0,25760
2021-06-15 09:31:06,7207.0,25761
2021-06-15 09:31:07,7207.0,25761
2021-06-15 09:31:09,7213.45,26800
2021-06-15 09:31:10,7214.0,26820
2021-06-15 09:31:11,7210.9,26839
2021-06-15 09:31:12,7210.85,26876
2021-06-15 09:31:12,7210.85,26876
2021-06-15 09:31:13,7213.7,26880
2021-06-15 09:31:14,7213.7,26880
2021-06-15 09:31:16,7213.7,26880
2021-06-15 09:31:16,7213.7,26880
2021-06-15 09:31:17,7210.6,26887
2021-06-15 09:31:18,7213.7,26892
2021-06-15 09:31:19,7213.7,26892
2021-06-15 09:31:23,7213.15,26924
2021-06-15 09:31:23,7210.6,26926
2021-06-15 09:31:24,7213.15,26931
2021-06-15 09:31:25,7213.15,26941
2021-06-15 09:31:26,7210.8,26943
2021-06-15 09:31:27,7210.8,26943
2021-06-15 09:31:28,7210.8,26943
2021-06-15 09:31:29,7210.8,26943
2021-06-15 09:31:30,7210.7,26966
2021-06-15 09:31:31,7213.05,26967
2021-06-15 09:31:32,7213.05,26967
2021-06-15 09:31:34,7210.8,26972
2021-06-15 09:31:35,7210.7,26981
2021-06-15 09:31:36,7210.7,26981
2021-06-15 09:31:37,7210.7,26986
2021-06-15 09:31:38,7210.7,26986
2021-06-15 09:31:39,7210.6,27005
2021-06-15 09:31:41,7212.75,27008
2021-06-15 09:31:41,7212.75,27008
2021-06-15 09:31:42,7212.7,27043
2021-06-15 09:31:43,7212.7,27044
2021-06-15 09:31:44,7212.7,27044
2021-06-15 09:31:46,7212.7,27044
2021-06-15 09:31:47,7210.7,27053
2021-06-15 09:31:48,7212.7,27054
2021-06-15 09:31:49,7210.7,27059
2021-06-15 09:31:50,7210.7,27059
2021-06-15 09:31:52,7210.7,27064
2021-06-15 09:31:53,7212.7,27065
2021-06-15 09:31:53,7212.7,27065
2021-06-15 09:31:55,7210.7,27086
2021-06-15 09:31:55,7212.65,27087
2021-06-15 09:31:56,7212.65,27097
2021-06-15 09:31:58,7212.65,27097
2021-06-15 09:31:59,7212.65,27097
2021-06-15 09:32:00,7210.7,27099
2021-06-15 09:32:01,7212.65,27105
2021-06-15 09:32:02,7210.7,27107
2021-06-15 09:32:03,7212.65,27108
2021-06-15 09:32:04,7210.7,27130
2021-06-15 09:32:05,7210.0,27180
2021-06-15 09:32:06,7210.0,27180
2021-06-15 09:32:07,7210.0,27192
2021-06-15 09:32:08,7210.0,27192
2021-06-15 09:32:08,7210.0,27192
2021-06-15 09:32:10,7207.5,27205
2021-06-15 09:32:11,7205.5,27209
2021-06-15 09:32:12,7205.0,27215
2021-06-15 09:32:13,7207.15,27240
2021-06-15 09:32:14,7207.8,27271
2021-06-15 09:32:15,7207.8,27271
2021-06-15 09:32:16,7207.75,27272
2021-06-15 09:32:17,7207.75,27272
2021-06-15 09:32:18,7205.0,27276
2021-06-15 09:32:19,7207.75,27278
2021-06-15 09:32:19,7207.75,27278
2021-06-15 09:32:21,7207.75,27279
2021-06-15 09:32:21,7207.75,27279
2021-06-15 09:32:22,7207.75,27279
2021-06-15 09:32:23,7207.75,27279
2021-06-15 09:32:24,7207.75,27279
2021-06-15 09:32:25,7205.0,27296
2021-06-15 09:32:26,7205.0,27305
2021-06-15 09:32:27,7207.75,27306
2021-06-15 09:32:28,7205.0,27360
2021-06-15 09:32:29,7204.85,27366
2021-06-15 09:32:32,7204.25,27377
2021-06-15 09:32:33,7204.05,27382
2021-06-15 09:32:35,7207.0,27405
2021-06-15 09:32:38,7206.9,27423
2021-06-15 09:32:40,7205.8,27424
2021-06-15 09:32:43,7205.8,27424
2021-06-15 09:32:44,7205.8,27524
2021-06-15 09:32:45,7206.0,27626
2021-06-15 09:32:46,7206.0,27626
2021-06-15 09:32:47,7206.7,27630
2021-06-15 09:32:48,7206.7,27630
2021-06-15 09:32:49,7204.0,27667
2021-06-15 09:32:50,7204.45,27827
2021-06-15 09:32:51,7202.5,27831
2021-06-15 09:32:52,7199.5,28557
2021-06-15 09:32:53,7197.0,28575
2021-06-15 09:32:54,7197.0,29455
2021-06-15 09:32:56,7196.0,29501
2021-06-15 09:32:56,7196.0,29501
2021-06-15 09:32:58,7196.6,29511
2021-06-15 09:32:59,7195.0,29539
2021-06-15 09:33:00,7193.3,29553
2021-06-15 09:33:02,7194.3,29595
2021-06-15 09:33:03,7194.35,29596
2021-06-15 09:33:04,7194.35,29597
2021-06-15 09:33:04,7194.3,29598
2021-06-15 09:33:06,7194.3,29598
2021-06-15 09:33:07,7194.3,29598
2021-06-15 09:33:08,7194.3,29598
2021-06-15 09:33:09,7194.3,29598
2021-06-15 09:33:10,7194.3,29925
2021-06-15 09:33:11,7193.3,29956
2021-06-15 09:33:12,7194.25,30160
2021-06-15 09:33:13,7194.3,30182
2021-06-15 09:33:14,7194.3,30182
2021-06-15 09:33:15,7194.3,30182
2021-06-15 09:33:17,7195.4,30183
2021-06-15 09:33:18,7195.4,30183
2021-06-15 09:33:19,7194.35,30201
2021-06-15 09:33:20,7194.3,30203
2021-06-15 09:33:21,7194.3,30208
2021-06-15 09:33:22,7194.3,30214
2021-06-15 09:33:23,7195.4,30215
2021-06-15 09:33:24,7194.3,30232
2021-06-15 09:33:27,7194.3,30239
2021-06-15 09:33:28,7194.3,30239
2021-06-15 09:33:29,7195.55,30368
2021-06-15 09:33:30,7196.0,30468
2021-06-15 09:33:31,7194.5,30485
2021-06-15 09:33:32,7195.7,30488
2021-06-15 09:33:33,7194.5,30493
2021-06-15 09:33:34,7194.5,30493
2021-06-15 09:33:35,7194.5,30496
2021-06-15 09:33:36,7194.5,30496
2021-06-15 09:33:37,7194.5,30496
2021-06-15 09:33:38,7194.5,30496
2021-06-15 09:33:40,7194.5,30602
2021-06-15 09:33:42,7195.55,30607
2021-06-15 09:33:43,7195.55,30607
2021-06-15 09:33:45,7195.55,30607
2021-06-15 09:33:46,7195.55,30607
2021-06-15 09:33:47,7195.0,30609
2021-06-15 09:33:48,7194.0,31192
2021-06-15 09:33:49,7192.5,31209
2021-06-15 09:33:50,7193.05,31225
2021-06-15 09:33:51,7193.05,31225
2021-06-15 09:33:52,7193.05,31225
2021-06-15 09:33:53,7193.05,31225
2021-06-15 09:33:54,7192.8,31250
2021-06-15 09:33:55,7190.0,31734
2021-06-15 09:33:56,7192.1,31834
2021-06-15 09:33:57,7192.55,31884
2021-06-15 09:33:58,7190.0,31904
2021-06-15 09:33:59,7192.55,31905
2021-06-15 09:34:00,7192.55,31905
2021-06-15 09:34:01,7192.55,31905
2021-06-15 09:34:02,7192.5,31930
2021-06-15 09:34:03,7192.25,32034
2021-06-15 09:34:04,7192.25,32034
2021-06-15 09:34:05,7191.9,32084
2021-06-15 09:34:06,7190.7,32312
2021-06-15 09:34:07,7186.5,32456
2021-06-15 09:34:08,7186.0,32457
2021-06-15 09:34:08,7186.0,32457
2021-06-15 09:34:09,7187.8,32467
2021-06-15 09:34:10,7187.8,32467
2021-06-15 09:34:11,7187.8,32467
2021-06-15 09:34:13,7185.0,32733
2021-06-15 09:34:14,7183.25,32778
2021-06-15 09:34:15,7183.0,32788
2021-06-15 09:34:16,7183.0,32790
2021-06-15 09:34:17,7183.0,32805
2021-06-15 09:34:18,7183.0,32805
2021-06-15 09:34:19,7184.0,32885
2021-06-15 09:34:20,7184.0,32885
2021-06-15 09:34:21,7183.65,32890
2021-06-15 09:34:22,7183.15,32897
2021-06-15 09:34:23,7183.15,32897
2021-06-15 09:34:24,7184.0,32901
2021-06-15 09:34:25,7184.0,32902
2021-06-15 09:34:26,7183.05,32952
2021-06-15 09:34:27,7184.0,32954
2021-06-15 09:34:28,7184.0,32954
2021-06-15 09:34:29,7183.65,33149
2021-06-15 09:34:30,7183.95,33157
2021-06-15 09:34:31,7183.95,33157
2021-06-15 09:34:32,7183.95,33157
2021-06-15 09:34:33,7182.0,33164
2021-06-15 09:34:34,7182.0,33211
2021-06-15 09:34:35,7183.95,33212
2021-06-15 09:34:36,7179.55,34274
2021-06-15 09:34:37,7177.5,34300
2021-06-15 09:34:38,7179.6,34312
2021-06-15 09:34:39,7176.8,34314
2021-06-15 09:34:40,7179.7,34401
2021-06-15 09:34:41,7179.7,34415
2021-06-15 09:34:42,7177.5,34465
2021-06-15 09:34:43,7177.05,34466
2021-06-15 09:34:44,7179.0,34467
2021-06-15 09:34:45,7179.0,34468
2021-06-15 09:34:46,7179.65,34496
2021-06-15 09:34:47,7177.75,34497
2021-06-15 09:34:48,7179.65,34573
2021-06-15 09:34:49,7179.0,34578
2021-06-15 09:34:50,7177.75,34579
2021-06-15 09:34:51,7179.0,34640
2021-06-15 09:34:52,7179.65,34678
2021-06-15 09:34:53,7179.65,34700
2021-06-15 09:34:54,7176.2,34720
2021-06-15 09:34:55,7179.1,34723
2021-06-15 09:34:56,7180.0,34728
2021-06-15 09:34:57,7180.0,34728
2021-06-15 09:34:59,7179.85,34850
2021-06-15 09:35:00,7180.5,35305
2021-06-15 09:35:02,7184.4,35312
2021-06-15 09:35:03,7182.75,35325
2021-06-15 09:35:04,7183.1,35339
2021-06-15 09:35:05,7183.1,35356
2021-06-15 09:35:06,7183.1,35356
2021-06-15 09:35:07,7182.95,35368
2021-06-15 09:35:08,7179.7,35386
2021-06-15 09:35:09,7179.65,35387
2021-06-15 09:35:10,7182.95,35414
2021-06-15 09:35:11,7182.95,35414
2021-06-15 09:35:12,7182.95,35414
2021-06-15 09:35:13,7182.95,35414
2021-06-15 09:35:14,7182.95,35414
2021-06-15 09:35:15,7182.0,35430
2021-06-15 09:35:16,7182.0,35440
2021-06-15 09:35:17,7182.0,35450
2021-06-15 09:35:18,7183.75,35494
2021-06-15 09:35:19,7183.75,35494
2021-06-15 09:35:20,7182.9,35504
2021-06-15 09:35:21,7182.9,35504
2021-06-15 09:35:22,7184.0,35506
2021-06-15 09:35:23,7185.55,35511
2021-06-15 09:35:25,7187.75,35514
2021-06-15 09:35:28,7187.75,35514
2021-06-15 09:35:29,7188.0,35520
2021-06-15 09:35:30,7188.0,35529
2021-06-15 09:35:31,7187.4,35839
2021-06-15 09:35:32,7187.4,35850
2021-06-15 09:35:33,7187.2,35858
2021-06-15 09:35:34,7187.4,35876
2021-06-15 09:35:35,7187.3,35887
2021-06-15 09:35:38,7188.0,35916
2021-06-15 09:35:39,7188.05,35924
2021-06-15 09:35:40,7188.0,35934
2021-06-15 09:35:41,7187.75,35944
2021-06-15 09:35:42,7187.75,35952
2021-06-15 09:35:44,7189.75,36011
2021-06-15 09:35:45,7189.75,36011
2021-06-15 09:35:46,7190.0,36061
2021-06-15 09:35:47,7184.35,36261
2021-06-15 09:35:48,7189.4,36272
2021-06-15 09:35:49,7189.4,36285
2021-06-15 09:35:50,7190.0,36325
2021-06-15 09:35:51,7190.0,36325
2021-06-15 09:35:52,7192.45,36359
2021-06-15 09:35:53,7192.45,36359
2021-06-15 09:35:55,7189.5,36363
2021-06-15 09:35:56,7189.5,36363
2021-06-15 09:35:58,7189.5,36363
2021-06-15 09:35:59,7189.5,36363
2021-06-15 09:36:00,7190.65,36365
2021-06-15 09:36:01,7190.65,36365
2021-06-15 09:36:02,7189.0,36366
2021-06-15 09:36:03,7188.6,36408
2021-06-15 09:36:04,7188.6,36413
2021-06-15 09:36:05,7187.0,37042
2021-06-15 09:36:06,7187.0,37042
2021-06-15 09:36:07,7187.0,37042
2021-06-15 09:36:08,7187.0,37065
2021-06-15 09:36:09,7187.0,37069
2021-06-15 09:36:10,7184.75,37082
2021-06-15 09:36:11,7184.75,37082
2021-06-15 09:36:12,7187.0,37107
2021-06-15 09:36:13,7185.0,37108
2021-06-15 09:36:14,7186.15,37109
2021-06-15 09:36:15,7186.15,37109
2021-06-15 09:36:16,7186.6,37119
2021-06-15 09:36:17,7186.55,37121
2021-06-15 09:36:18,7186.55,37121
2021-06-15 09:36:19,7186.55,37121
2021-06-15 09:36:20,7186.6,37271
2021-06-15 09:36:21,7186.6,37271
2021-06-15 09:36:22,7186.6,37271
2021-06-15 09:36:23,7186.6,37275
2021-06-15 09:36:24,7186.6,37275
2021-06-15 09:36:25,7186.6,37275
2021-06-15 09:36:26,7187.65,37300
2021-06-15 09:36:27,7187.65,37300
2021-06-15 09:36:29,7186.8,37314
2021-06-15 09:36:30,7186.8,37314
2021-06-15 09:36:31,7187.6,37315
2021-06-15 09:36:32,7187.6,37315
2021-06-15 09:36:33,7187.6,37325
2021-06-15 09:36:34,7186.8,37326
2021-06-15 09:36:35,7185.05,37348
2021-06-15 09:36:36,7185.05,37348
2021-06-15 09:36:37,7185.1,37350
2021-06-15 09:36:38,7185.1,37350
2021-06-15 09:36:39,7189.15,38171
2021-06-15 09:36:40,7190.95,38366
2021-06-15 09:36:41,7190.95,38366
2021-06-15 09:36:42,7186.75,38398
2021-06-15 09:36:43,7189.45,38431
2021-06-15 09:36:44,7189.45,38431
2021-06-15 09:36:45,7189.45,38451
2021-06-15 09:36:46,7189.45,38451
2021-06-15 09:36:47,7189.45,38458
2021-06-15 09:36:48,7189.45,38458
2021-06-15 09:36:49,7189.0,38476
2021-06-15 09:36:50,7189.0,38476
2021-06-15 09:36:51,7189.45,38491
2021-06-15 09:36:53,7189.45,38491
2021-06-15 09:36:54,7189.45,38491
2021-06-15 09:36:55,7186.8,38511
2021-06-15 09:36:56,7186.8,38511
2021-06-15 09:36:57,7186.8,38511
2021-06-15 09:36:58,7189.45,38512
2021-06-15 09:36:59,7189.45,38512
2021-06-15 09:37:00,7189.45,38513
2021-06-15 09:37:01,7189.45,38518
2021-06-15 09:37:02,7186.8,38658
2021-06-15 09:37:03,7187.4,38679
2021-06-15 09:37:04,7187.4,38679
2021-06-15 09:37:05,7187.4,38679
2021-06-15 09:37:06,7187.4,38679
2021-06-15 09:37:07,7188.0,38680
2021-06-15 09:37:08,7187.0,38887
2021-06-15 09:37:09,7187.0,38899
2021-06-15 09:37:10,7186.45,38902
2021-06-15 09:37:11,7188.0,38912
2021-06-15 09:37:12,7187.4,38929
2021-06-15 09:37:13,7188.0,38939
2021-06-15 09:37:14,7188.0,38939
2021-06-15 09:37:15,7188.0,38939
2021-06-15 09:37:16,7186.85,38971
2021-06-15 09:37:17,7186.0,38972
2021-06-15 09:37:18,7186.0,38972
2021-06-15 09:37:19,7186.0,38972
2021-06-15 09:37:20,7186.85,38973
2021-06-15 09:37:21,7186.85,38973
2021-06-15 09:37:22,7186.85,38973
2021-06-15 09:37:24,7186.85,38980
2021-06-15 09:37:25,7186.85,38980
2021-06-15 09:37:26,7186.85,38987
2021-06-15 09:37:27,7186.85,38987
2021-06-15 09:37:28,7186.0,38988
2021-06-15 09:37:29,7186.0,38988
2021-06-15 09:37:30,7186.0,38988
2021-06-15 09:37:31,7186.85,38989
2021-06-15 09:37:32,7186.3,38991
2021-06-15 09:37:33,7186.3,39003
2021-06-15 09:37:34,7186.3,39004
2021-06-15 09:37:35,7186.85,39005
2021-06-15 09:37:37,7186.85,39006
2021-06-15 09:37:37,7186.85,39006
2021-06-15 09:37:38,7186.3,39019
2021-06-15 09:37:39,7186.3,39019
2021-06-15 09:37:40,7186.3,39044
2021-06-15 09:37:41,7186.3,39044
2021-06-15 09:37:42,7186.3,39044
2021-06-15 09:37:43,7186.3,39044
2021-06-15 09:37:44,7186.85,39045
2021-06-15 09:37:45,7186.85,39045
2021-06-15 09:37:46,7186.85,39070
2021-06-15 09:37:47,7186.0,39079
2021-06-15 09:37:48,7188.7,39280
2021-06-15 09:37:50,7186.3,39300
2021-06-15 09:37:50,7186.3,39300
2021-06-15 09:37:52,7189.3,39302
2021-06-15 09:37:52,7189.3,39302
2021-06-15 09:37:53,7189.3,39302
2021-06-15 09:37:55,7189.45,39329
2021-06-15 09:37:56,7189.45,39329
2021-06-15 09:37:57,7189.45,39329
2021-06-15 09:37:58,7189.45,39349
2021-06-15 09:37:59,7189.45,39349
2021-06-15 09:38:00,7186.55,39350
2021-06-15 09:38:01,7188.6,39367
2021-06-15 09:38:02,7188.8,39371
2021-06-15 09:38:03,7188.8,39371
2021-06-15 09:38:05,7187.0,39392
2021-06-15 09:38:06,7187.0,39392
2021-06-15 09:38:06,7187.0,39392
2021-06-15 09:38:07,7187.0,39392
2021-06-15 09:38:08,7187.0,39392
2021-06-15 09:38:09,7187.0,39392
2021-06-15 09:38:10,7187.0,39392
2021-06-15 09:38:11,7187.0,39392
2021-06-15 09:38:12,7188.7,39413
2021-06-15 09:38:13,7188.7,39413
2021-06-15 09:38:14,7186.3,39417
2021-06-15 09:38:16,7186.3,39422
2021-06-15 09:38:17,7186.3,39426
2021-06-15 09:38:17,7186.3,39422
2021-06-15 09:38:18,7186.3,39433
2021-06-15 09:38:19,7188.7,39438
2021-06-15 09:38:20,7186.4,39443
2021-06-15 09:38:21,7188.7,39444
2021-06-15 09:38:22,7188.7,39444
2021-06-15 09:38:23,7188.7,39444
2021-06-15 09:38:24,7188.7,39444
2021-06-15 09:38:26,7188.7,39446
2021-06-15 09:38:26,7188.7,39446
2021-06-15 09:38:27,7187.0,39451
2021-06-15 09:38:28,7188.7,39452
2021-06-15 09:38:29,7188.7,39457
2021-06-15 09:38:30,7188.7,39458
2021-06-15 09:38:32,7188.7,39459
2021-06-15 09:38:33,7188.7,39490
2021-06-15 09:38:34,7188.7,39491
2021-06-15 09:38:35,7188.7,39491
2021-06-15 09:38:36,7188.7,39491
2021-06-15 09:38:37,7187.85,39652
2021-06-15 09:38:38,7186.0,39786
2021-06-15 09:38:40,7184.0,40738
2021-06-15 09:38:40,7184.75,40733
2021-06-15 09:38:41,7184.0,40750
2021-06-15 09:38:43,7185.2,40756
2021-06-15 09:38:44,7185.2,40757
2021-06-15 09:38:46,7185.2,40757
2021-06-15 09:38:46,7185.2,40757
2021-06-15 09:38:47,7184.0,40767
2021-06-15 09:38:49,7185.0,40817
2021-06-15 09:38:50,7184.0,40846
2021-06-15 09:38:51,7185.1,40853
2021-06-15 09:38:52,7185.1,40858
2021-06-15 09:38:53,7185.1,40858
2021-06-15 09:38:55,7185.1,40858
2021-06-15 09:38:56,7185.2,40903
2021-06-15 09:38:57,7185.2,40903
2021-06-15 09:38:58,7185.2,40903
2021-06-15 09:38:59,7185.2,40903
2021-06-15 09:39:00,7185.2,40903
2021-06-15 09:39:01,7185.1,40911
2021-06-15 09:39:03,7185.1,40919
2021-06-15 09:39:03,7185.1,40919
2021-06-15 09:39:04,7185.1,40919
2021-06-15 09:39:05,7185.1,40919
2021-06-15 09:39:06,7185.1,40919
2021-06-15 09:39:08,7185.1,40921
2021-06-15 09:39:09,7185.1,40921
2021-06-15 09:39:11,7184.4,40934
2021-06-15 09:39:13,7185.1,40936
2021-06-15 09:39:14,7185.1,40936
2021-06-15 09:39:15,7184.4,40988
2021-06-15 09:39:16,7184.4,41011
2021-06-15 09:39:16,7184.4,41013
2021-06-15 09:39:17,7184.4,41013
2021-06-15 09:39:19,7184.4,41085
2021-06-15 09:39:21,7184.4,41088
2021-06-15 09:39:22,7184.4,41088
2021-06-15 09:39:23,7184.4,41088
2021-06-15 09:39:24,7184.4,41088
2021-06-15 09:39:24,7184.4,41088
2021-06-15 09:39:25,7183.25,41090
2021-06-15 09:39:26,7184.4,41092
2021-06-15 09:39:27,7184.4,41092
2021-06-15 09:39:28,7184.4,41092
2021-06-15 09:39:29,7184.4,41092
2021-06-15 09:39:31,7184.4,41092
2021-06-15 09:39:32,7184.4,41092
2021-06-15 09:39:33,7184.4,41092
2021-06-15 09:39:34,7183.15,41166
2021-06-15 09:39:35,7183.15,41166
2021-06-15 09:39:35,7183.15,41166
2021-06-15 09:39:36,7184.4,41168
2021-06-15 09:39:37,7184.4,41218
2021-06-15 09:39:38,7183.3,41223
2021-06-15 09:39:39,7184.4,41224
2021-06-15 09:39:41,7183.1,41288
2021-06-15 09:39:42,7183.1,41288
2021-06-15 09:39:43,7184.35,41297
2021-06-15 09:39:44,7184.35,41297
2021-06-15 09:39:45,7183.1,41298
2021-06-15 09:39:46,7183.1,41298
2021-06-15 09:39:47,7183.1,41298
2021-06-15 09:39:48,7182.0,41377
2021-06-15 09:39:49,7182.0,41378
2021-06-15 09:39:50,7182.0,41378
2021-06-15 09:39:51,7180.15,41389
2021-06-15 09:39:52,7180.15,41389
2021-06-15 09:39:54,7182.0,41394
2021-06-15 09:39:54,7180.4,41406
2021-06-15 09:39:55,7180.4,41406
2021-06-15 09:39:57,7180.4,41406
2021-06-15 09:39:58,7181.95,41408
2021-06-15 09:39:59,7181.95,41413
2021-06-15 09:40:01,7181.95,41428
2021-06-15 09:40:02,7181.95,41434
2021-06-15 09:40:02,7181.95,41434
2021-06-15 09:40:03,7181.1,41438
2021-06-15 09:40:04,7181.95,41439
2021-06-15 09:40:05,7181.95,41439
2021-06-15 09:40:06,7181.95,41439
2021-06-15 09:40:07,7181.95,41439
2021-06-15 09:40:08,7181.95,41440
2021-06-15 09:40:09,7181.1,41443
2021-06-15 09:40:10,7181.1,41443
2021-06-15 09:40:11,7181.1,41443
2021-06-15 09:40:12,7181.1,41443
2021-06-15 09:40:14,7181.95,41458
2021-06-15 09:40:15,7181.95,41458
2021-06-15 09:40:16,7181.95,41458
2021-06-15 09:40:17,7180.5,41478
2021-06-15 09:40:18,7180.3,41585
2021-06-15 09:40:19,7181.1,41592
2021-06-15 09:40:20,7181.1,41592
2021-06-15 09:40:21,7181.95,41593
2021-06-15 09:40:22,7181.95,41593
2021-06-15 09:40:23,7181.1,41594
2021-06-15 09:40:23,7181.1,41594
2021-06-15 09:40:25,7181.1,41617
2021-06-15 09:40:26,7181.95,41618
2021-06-15 09:40:26,7181.95,41668
2021-06-15 09:40:27,7182.0,41720
2021-06-15 09:40:28,7182.0,41720
2021-06-15 09:40:29,7182.0,41720
2021-06-15 09:40:31,7181.95,41725
2021-06-15 09:40:32,7182.0,41751
2021-06-15 09:40:33,7182.0,41854
2021-06-15 09:40:34,7182.0,41854
2021-06-15 09:40:36,7182.0,41862
2021-06-15 09:40:37,7182.0,41870
2021-06-15 09:40:39,7185.1,41971
2021-06-15 09:40:40,7185.1,41971
2021-06-15 09:40:41,7185.05,41981
2021-06-15 09:40:41,7185.05,41982
2021-06-15 09:40:42,7185.05,41982
2021-06-15 09:40:43,7185.1,41983
2021-06-15 09:40:45,7185.1,41983
2021-06-15 09:40:46,7185.1,41986
2021-06-15 09:40:46,7185.1,42039
2021-06-15 09:40:47,7185.1,42043
2021-06-15 09:40:48,7185.1,42045
2021-06-15 09:40:49,7185.05,42055
2021-06-15 09:40:50,7185.1,42056
2021-06-15 09:40:53,7184.95,42163
2021-06-15 09:40:54,7184.95,42163
2021-06-15 09:40:54,7184.35,42164
2021-06-15 09:40:55,7184.35,42173
2021-06-15 09:40:56,7184.35,42174
2021-06-15 09:40:57,7182.0,42179
2021-06-15 09:40:58,7182.0,42183
2021-06-15 09:41:00,7182.0,42191
2021-06-15 09:41:01,7182.0,42200
2021-06-15 09:41:02,7182.0,42233
2021-06-15 09:41:02,7182.0,42233
2021-06-15 09:41:03,7182.0,42233
2021-06-15 09:41:04,7182.05,42238
2021-06-15 09:41:05,7182.05,42238
2021-06-15 09:41:06,7182.05,42238
2021-06-15 09:41:07,7182.2,42240
2021-06-15 09:41:08,7182.2,42240
2021-06-15 09:41:09,7182.2,42240
2021-06-15 09:41:10,7182.2,42240
2021-06-15 09:41:11,7182.2,42240
2021-06-15 09:41:12,7182.2,42240
2021-06-15 09:41:13,7182.2,42240
2021-06-15 09:41:14,7182.0,42265
2021-06-15 09:41:16,7182.0,42265
2021-06-15 09:41:17,7184.65,42345
2021-06-15 09:41:17,7184.65,42345
2021-06-15 09:41:18,7182.0,42386
2021-06-15 09:41:19,7182.0,42386
2021-06-15 09:41:20,7182.0,42386
2021-06-15 09:41:21,7182.0,42386
2021-06-15 09:41:22,7184.65,42391
2021-06-15 09:41:23,7184.65,42404
2021-06-15 09:41:25,7184.65,42505
2021-06-15 09:41:26,7184.65,42505
2021-06-15 09:41:27,7184.65,42505
2021-06-15 09:41:29,7184.65,42506
2021-06-15 09:41:29,7184.65,42506
2021-06-15 09:41:31,7184.65,42618
2021-06-15 09:41:32,7184.65,42628
2021-06-15 09:41:33,7184.65,42628
2021-06-15 09:41:34,7184.65,42628
2021-06-15 09:41:36,7184.65,42653
2021-06-15 09:41:37,7184.65,42653
2021-06-15 09:41:38,7184.7,42667
2021-06-15 09:41:39,7188.0,42676
2021-06-15 09:41:40,7188.0,42681
2021-06-15 09:41:41,7185.9,42701
2021-06-15 09:41:41,7185.9,42701
2021-06-15 09:41:43,7185.9,42701
2021-06-15 09:41:43,7188.0,42702
2021-06-15 09:41:45,7188.0,42702
2021-06-15 09:41:45,7188.0,42702
2021-06-15 09:41:47,7188.0,42703
2021-06-15 09:41:48,7188.0,42703
2021-06-15 09:41:49,7188.0,42708
2021-06-15 09:41:49,7188.0,42708
2021-06-15 09:41:50,7188.0,42708
2021-06-15 09:41:52,7188.0,42709
2021-06-15 09:41:53,7188.0,42711
2021-06-15 09:41:55,7188.0,42743
2021-06-15 09:41:55,7188.0,42743
2021-06-15 09:41:56,7188.0,42743
2021-06-15 09:41:58,7188.0,42744
2021-06-15 09:41:59,7188.0,42745
2021-06-15 09:42:00,7188.0,42745
2021-06-15 09:42:01,7188.0,42745
2021-06-15 09:42:02,7188.0,42745
2021-06-15 09:42:03,7188.0,42745
2021-06-15 09:42:04,7188.0,42745
2021-06-15 09:42:06,7188.05,42746
2021-06-15 09:42:07,7188.05,42746
2021-06-15 09:42:08,7188.05,42746
2021-06-15 09:42:09,7188.05,42751
2021-06-15 09:42:12,7188.0,42773
2021-06-15 09:42:12,7188.0,42773
2021-06-15 09:42:14,7188.0,42773
2021-06-15 09:42:15,7189.3,42800
2021-06-15 09:42:16,7189.3,42800
2021-06-15 09:42:17,7189.3,42820
2021-06-15 09:42:18,7189.3,42820
2021-06-15 09:42:20,7189.3,42820
2021-06-15 09:42:21,7189.3,42825
2021-06-15 09:42:22,7189.3,42825
2021-06-15 09:42:23,7188.05,42831
2021-06-15 09:42:23,7188.05,42831
2021-06-15 09:42:24,7188.05,42831
2021-06-15 09:42:25,7188.05,42831
2021-06-15 09:42:26,7188.05,42831
2021-06-15 09:42:27,7189.25,42834
2021-06-15 09:42:28,7189.25,42834
2021-06-15 09:42:30,7189.25,42837
2021-06-15 09:42:31,7189.25,42837
2021-06-15 09:42:32,7189.25,42837
2021-06-15 09:42:33,7189.25,42837
2021-06-15 09:42:34,7189.25,42837
2021-06-15 09:42:34,7189.25,42837
2021-06-15 09:42:36,7189.25,42837
2021-06-15 09:42:37,7189.25,42837
2021-06-15 09:42:38,7189.25,42837
2021-06-15 09:42:39,7189.25,42887
2021-06-15 09:42:40,7189.25,42887
2021-06-15 09:42:41,7189.25,42887
2021-06-15 09:42:42,7189.25,42887
2021-06-15 09:42:43,7189.25,42901
2021-06-15 09:42:44,7189.25,42901
2021-06-15 09:42:45,7189.25,42969
2021-06-15 09:42:46,7189.25,42974
2021-06-15 09:42:47,7189.3,42986
2021-06-15 09:42:47,7189.3,42986
2021-06-15 09:42:48,7189.3,42986
2021-06-15 09:42:49,7189.3,42986
2021-06-15 09:42:50,7189.25,42990
2021-06-15 09:42:51,7189.25,42993
2021-06-15 09:42:52,7190.0,42995
2021-06-15 09:42:53,7190.0,42996
2021-06-15 09:42:54,7190.0,42996
2021-06-15 09:42:56,7190.0,42996
2021-06-15 09:42:57,7190.0,42996
2021-06-15 09:42:58,7189.25,42997
2021-06-15 09:42:59,7189.25,42997
2021-06-15 09:43:00,7190.0,43031
2021-06-15 09:43:01,7188.0,43362
2021-06-15 09:43:02,7187.55,43465
2021-06-15 09:43:04,7187.45,43467
2021-06-15 09:43:06,7187.45,43467
2021-06-15 09:43:08,7187.45,43467
2021-06-15 09:43:09,7188.25,43469
2021-06-15 09:43:10,7188.25,43469
2021-06-15 09:43:11,7188.25,43469
2021-06-15 09:43:12,7186.0,43470
2021-06-15 09:43:14,7188.2,43471
2021-06-15 09:43:15,7188.2,43477
2021-06-15 09:43:16,7188.2,43477
2021-06-15 09:43:17,7188.2,43477
2021-06-15 09:43:18,7188.2,43477
2021-06-15 09:43:19,7187.0,43480
2021-06-15 09:43:20,7187.0,43492
2021-06-15 09:43:21,7187.0,43492
2021-06-15 09:43:22,7187.0,43492
2021-06-15 09:43:23,7187.0,43492
2021-06-15 09:43:24,7188.0,43493
2021-06-15 09:43:25,7188.0,43493
2021-06-15 09:43:25,7188.0,43493
2021-06-15 09:43:26,7188.0,43493
2021-06-15 09:43:27,7188.0,43493
2021-06-15 09:43:28,7187.0,43495
2021-06-15 09:43:30,7188.0,43505
2021-06-15 09:43:31,7188.0,43505
2021-06-15 09:43:32,7188.0,43505
2021-06-15 09:43:33,7188.0,43505
2021-06-15 09:43:34,7188.0,43505
2021-06-15 09:43:36,7188.0,43505
2021-06-15 09:43:36,7187.0,43518
2021-06-15 09:43:38,7188.0,43548
2021-06-15 09:43:39,7188.0,43548
2021-06-15 09:43:39,7188.0,43548
2021-06-15 09:43:40,7188.0,43548
2021-06-15 09:43:42,7188.0,43567
2021-06-15 09:43:43,7188.25,43633
2021-06-15 09:43:44,7188.25,43633
2021-06-15 09:43:45,7189.0,43639
2021-06-15 09:43:46,7187.5,43640
2021-06-15 09:43:47,7187.55,43676
2021-06-15 09:43:48,7187.55,43676
2021-06-15 09:43:49,7187.55,43676
2021-06-15 09:43:50,7191.4,43716
2021-06-15 09:43:52,7191.4,43716
2021-06-15 09:43:54,7188.25,43728
2021-06-15 09:43:55,7188.25,43728
2021-06-15 09:43:57,7188.25,43728
2021-06-15 09:43:58,7188.25,43728
2021-06-15 09:43:59,7189.2,43732
2021-06-15 09:44:00,7189.2,43732
2021-06-15 09:44:02,7189.2,43732
2021-06-15 09:44:03,7189.2,43732
2021-06-15 09:44:04,7189.2,43732
2021-06-15 09:44:05,7189.2,43732
2021-06-15 09:44:06,7190.85,43753
2021-06-15 09:44:07,7190.85,43753
2021-06-15 09:44:08,7190.1,43755
2021-06-15 09:44:09,7190.1,43755
2021-06-15 09:44:09,7190.1,43755
2021-06-15 09:44:10,7191.0,43783
2021-06-15 09:44:12,7190.2,43796
2021-06-15 09:44:13,7190.2,43796
2021-06-15 09:44:14,7190.45,43843
2021-06-15 09:44:15,7190.45,43843
2021-06-15 09:44:16,7190.45,43843
2021-06-15 09:44:17,7190.45,43843
2021-06-15 09:44:18,7190.0,44034
2021-06-15 09:44:19,7190.0,44034
2021-06-15 09:44:20,7190.0,44035
2021-06-15 09:44:21,7193.05,44050
2021-06-15 09:44:21,7193.05,44050
2021-06-15 09:44:23,7193.05,44050
2021-06-15 09:44:24,7191.75,44265
2021-06-15 09:44:25,7194.85,44270
2021-06-15 09:44:26,7194.85,44270
2021-06-15 09:44:27,7194.8,44275
2021-06-15 09:44:28,7194.8,44275
2021-06-15 09:44:29,7194.8,44275
2021-06-15 09:44:30,7194.8,44275
2021-06-15 09:44:31,7190.75,44349
2021-06-15 09:44:32,7193.1,44351
2021-06-15 09:44:33,7193.1,44354
2021-06-15 09:44:34,7190.6,44371
2021-06-15 09:44:35,7190.6,44371
2021-06-15 09:44:36,7190.6,44371
2021-06-15 09:44:37,7190.6,44371
2021-06-15 09:44:38,7190.6,44371
2021-06-15 09:44:39,7191.2,44379
2021-06-15 09:44:40,7191.2,44379
2021-06-15 09:44:41,7191.2,44379
2021-06-15 09:44:42,7191.2,44379
2021-06-15 09:44:43,7191.2,44379
2021-06-15 09:44:43,7191.2,44379
2021-06-15 09:44:45,7191.2,44379
2021-06-15 09:44:46,7191.2,44379
2021-06-15 09:44:47,7191.2,44404
2021-06-15 09:44:48,7191.2,44409
2021-06-15 09:44:49,7194.05,44470
2021-06-15 09:44:50,7194.05,44470
2021-06-15 09:44:51,7191.2,44474
2021-06-15 09:44:52,7191.2,44487
2021-06-15 09:44:53,7190.5,44500
2021-06-15 09:44:54,7193.1,44550
2021-06-15 09:44:55,7193.35,44551
2021-06-15 09:44:56,7193.35,44551
2021-06-15 09:44:57,7192.95,44837
2021-06-15 09:44:57,7191.0,44830
2021-06-15 09:44:59,7192.95,44837
2021-06-15 09:45:00,7193.15,44848
2021-06-15 09:45:01,7190.5,44856
2021-06-15 09:45:01,7190.5,44856
2021-06-15 09:45:03,7193.05,44857
2021-06-15 09:45:04,7193.05,44857
2021-06-15 09:45:06,7192.95,44874
2021-06-15 09:45:07,7192.95,44890
2021-06-15 09:45:08,7192.95,44901
2021-06-15 09:45:09,7192.95,44902
2021-06-15 09:45:10,7190.55,44935
2021-06-15 09:45:11,7190.55,44935
2021-06-15 09:45:13,7190.55,44935
2021-06-15 09:45:14,7192.75,44938
2021-06-15 09:45:15,7192.75,44938
2021-06-15 09:45:16,7192.75,44938
2021-06-15 09:45:17,7192.75,44938
2021-06-15 09:45:18,7190.0,45008
2021-06-15 09:45:19,7190.5,45009
2021-06-15 09:45:20,7190.5,45009
2021-06-15 09:45:21,7190.5,45011
2021-06-15 09:45:22,7190.0,45042
2021-06-15 09:45:23,7190.35,45054
2021-06-15 09:45:24,7190.35,45054
2021-06-15 09:45:25,7190.35,45054
2021-06-15 09:45:26,7190.35,45054
2021-06-15 09:45:27,7190.35,45054
2021-06-15 09:45:28,7190.35,45054
2021-06-15 09:45:29,7190.35,45054
2021-06-15 09:45:30,7190.25,45066
2021-06-15 09:45:31,7190.25,45067
2021-06-15 09:45:32,7190.15,45108
2021-06-15 09:45:33,7190.15,45108
2021-06-15 09:45:34,7187.05,45110
2021-06-15 09:45:35,7187.05,45110
2021-06-15 09:45:36,7187.05,45110
2021-06-15 09:45:37,7189.95,45112
2021-06-15 09:45:38,7189.95,45112
2021-06-15 09:45:39,7189.95,45112
2021-06-15 09:45:40,7187.05,45125
2021-06-15 09:45:41,7189.0,45126
2021-06-15 09:45:42,7189.0,45126
2021-06-15 09:45:43,7189.0,45126
2021-06-15 09:45:44,7189.0,45151
2021-06-15 09:45:45,7189.0,45151
2021-06-15 09:45:46,7189.0,45151
2021-06-15 09:45:47,7189.0,45151
2021-06-15 09:45:48,7189.0,45151
2021-06-15 09:45:49,7189.0,45151
2021-06-15 09:45:50,7189.0,45161
2021-06-15 09:45:51,7187.25,45173
2021-06-15 09:45:52,7189.0,45183
2021-06-15 09:45:53,7187.35,45184
2021-06-15 09:45:54,7187.35,45184
2021-06-15 09:45:55,7189.0,45195
2021-06-15 09:45:58,7189.0,45195
2021-06-15 09:46:01,7189.0,45211
2021-06-15 09:46:02,7187.15,45215
2021-06-15 09:46:03,7187.15,45241
2021-06-15 09:46:04,7187.1,45248
2021-06-15 09:46:05,7187.1,45253
2021-06-15 09:46:06,7187.05,45258
2021-06-15 09:46:07,7187.05,45258
2021-06-15 09:46:08,7187.05,45258
2021-06-15 09:46:09,7187.05,45258
2021-06-15 09:46:10,7189.0,45263
2021-06-15 09:46:11,7189.0,45263
2021-06-15 09:46:12,7189.0,45278
2021-06-15 09:46:13,7189.0,45279
2021-06-15 09:46:14,7189.0,45279
2021-06-15 09:46:15,7189.0,45279
2021-06-15 09:46:16,7189.0,45279
2021-06-15 09:46:17,7187.05,45383
2021-06-15 09:46:19,7187.6,45385
2021-06-15 09:46:18,7187.6,45385
2021-06-15 09:46:20,7185.0,45396
2021-06-15 09:46:21,7185.0,45396
2021-06-15 09:46:22,7185.0,45398
2021-06-15 09:46:23,7185.0,45398
2021-06-15 09:46:24,7185.0,45398
2021-06-15 09:46:25,7185.0,45398
2021-06-15 09:46:26,7185.0,45398
2021-06-15 09:46:27,7185.0,45398
2021-06-15 09:46:28,7185.0,45398
2021-06-15 09:46:29,7185.0,45398
2021-06-15 09:46:31,7185.0,45398
2021-06-15 09:46:32,7187.55,45404
2021-06-15 09:46:33,7187.55,45404
2021-06-15 09:46:34,7185.15,45405
2021-06-15 09:46:35,7185.15,45421
2021-06-15 09:46:36,7185.0,45438
2021-06-15 09:46:37,7185.0,45438
2021-06-15 09:46:39,7185.0,45438
2021-06-15 09:46:40,7185.15,45445
2021-06-15 09:46:42,7185.0,45783
2021-06-15 09:46:43,7185.0,45783
2021-06-15 09:46:44,7185.0,45783
2021-06-15 09:46:46,7185.0,45783
2021-06-15 09:46:47,7185.0,45783
2021-06-15 09:46:48,7185.15,45787
2021-06-15 09:46:49,7185.0,45838
2021-06-15 09:46:50,7185.0,45838
2021-06-15 09:46:51,7185.0,45838
2021-06-15 09:46:52,7185.0,45838
2021-06-15 09:46:53,7184.1,45863
2021-06-15 09:46:54,7185.15,45884
2021-06-15 09:46:55,7185.15,45916
2021-06-15 09:46:56,7183.8,45932
2021-06-15 09:46:57,7183.8,45962
2021-06-15 09:46:58,7183.8,45962
2021-06-15 09:46:59,7183.8,45962
2021-06-15 09:47:00,7185.15,45967
2021-06-15 09:47:01,7185.15,45967
2021-06-15 09:47:02,7183.8,45972
2021-06-15 09:47:03,7183.8,45972
2021-06-15 09:47:04,7185.15,45987
2021-06-15 09:47:05,7185.15,45987
2021-06-15 09:47:06,7185.15,45987
2021-06-15 09:47:07,7185.15,45987
2021-06-15 09:47:09,7185.15,46054
2021-06-15 09:47:10,7185.15,46057
2021-06-15 09:47:11,7185.15,46057
2021-06-15 09:47:12,7185.15,46057
2021-06-15 09:47:13,7185.15,46057
2021-06-15 09:47:14,7185.0,46058
2021-06-15 09:47:15,7185.0,46058
2021-06-15 09:47:16,7185.15,46060
2021-06-15 09:47:18,7185.0,46064
2021-06-15 09:47:19,7185.0,46077
2021-06-15 09:47:20,7185.15,46101
2021-06-15 09:47:21,7185.15,46101
2021-06-15 09:47:22,7185.25,46155
2021-06-15 09:47:23,7185.25,46155
2021-06-15 09:47:24,7185.25,46155
2021-06-15 09:47:25,7185.25,46155
2021-06-15 09:47:26,7185.25,46155
2021-06-15 09:47:27,7185.25,46155
2021-06-15 09:47:28,7185.25,46155
2021-06-15 09:47:29,7185.25,46155
2021-06-15 09:47:30,7185.25,46155
2021-06-15 09:47:31,7185.25,46185
2021-06-15 09:47:32,7185.5,46217
2021-06-15 09:47:33,7185.5,46217
2021-06-15 09:47:34,7185.5,46217
2021-06-15 09:47:35,7185.5,46217
2021-06-15 09:47:36,7185.5,46217
2021-06-15 09:47:37,7189.85,46367
2021-06-15 09:47:38,7189.45,46368
2021-06-15 09:47:39,7185.9,46373
2021-06-15 09:47:40,7185.9,46373
2021-06-15 09:47:41,7185.9,46373
2021-06-15 09:47:42,7185.9,46373
2021-06-15 09:47:43,7185.9,46373
2021-06-15 09:47:44,7185.9,46373
2021-06-15 09:47:45,7187.0,46375
2021-06-15 09:47:46,7187.0,46375
2021-06-15 09:47:48,7187.0,46375
2021-06-15 09:47:50,7188.9,46376
2021-06-15 09:47:51,7188.9,46376
2021-06-15 09:47:52,7188.9,46401
2021-06-15 09:47:54,7188.9,46401
2021-06-15 09:47:54,7187.0,46405
2021-06-15 09:47:57,7187.0,46407
2021-06-15 09:47:58,7185.9,46412
2021-06-15 09:47:59,7188.5,46413
2021-06-15 09:47:59,7188.5,46413
2021-06-15 09:48:00,7188.5,46413
2021-06-15 09:48:02,7188.0,46426
2021-06-15 09:48:02,7188.0,46426
2021-06-15 09:48:03,7188.0,46428
2021-06-15 09:48:07,7188.0,46428
2021-06-15 09:48:07,7188.0,46438
2021-06-15 09:48:09,7188.75,46446
2021-06-15 09:48:09,7188.75,46446
2021-06-15 09:48:11,7188.75,46446
2021-06-15 09:48:12,7188.75,46446
2021-06-15 09:48:13,7188.75,46446
2021-06-15 09:48:14,7188.75,46446
2021-06-15 09:48:15,7187.0,46458
2021-06-15 09:48:16,7186.0,46460
2021-06-15 09:48:17,7186.0,46460
2021-06-15 09:48:18,7188.0,46461
2021-06-15 09:48:20,7188.0,46461
2021-06-15 09:48:20,7188.0,46461
2021-06-15 09:48:21,7188.0,46461
2021-06-15 09:48:22,7188.0,46486
2021-06-15 09:48:23,7186.0,46488
2021-06-15 09:48:24,7188.0,46489
2021-06-15 09:48:25,7184.05,47067
2021-06-15 09:48:26,7184.05,47067
2021-06-15 09:48:28,7187.3,47135
2021-06-15 09:48:29,7186.0,47137
2021-06-15 09:48:30,7185.0,47142
2021-06-15 09:48:33,7185.0,47142
2021-06-15 09:48:32,7185.0,47142
2021-06-15 09:48:36,7182.0,47426
2021-06-15 09:48:36,7182.0,47426
2021-06-15 09:48:37,7182.85,47433
2021-06-15 09:48:38,7182.0,47434
2021-06-15 09:48:39,7182.0,47434
2021-06-15 09:48:40,7182.0,47434
2021-06-15 09:48:41,7182.0,47434
2021-06-15 09:48:42,7182.0,47494
2021-06-15 09:48:44,7183.0,47514
2021-06-15 09:48:45,7182.0,47515
2021-06-15 09:48:46,7182.0,47515
2021-06-15 09:48:47,7183.0,48028
2021-06-15 09:48:48,7183.0,48032
2021-06-15 09:48:49,7183.0,48032
2021-06-15 09:48:50,7183.0,48033
2021-06-15 09:48:51,7183.0,48033
2021-06-15 09:48:52,7182.0,48053
2021-06-15 09:48:53,7182.0,48053
2021-06-15 09:48:54,7183.0,48090
2021-06-15 09:48:55,7183.0,48090
2021-06-15 09:48:56,7182.0,48094
2021-06-15 09:48:57,7182.0,48094
2021-06-15 09:48:58,7182.0,48094
2021-06-15 09:48:59,7182.0,48094
2021-06-15 09:49:00,7182.0,48094
2021-06-15 09:49:01,7182.0,48094
2021-06-15 09:49:02,7182.0,48094
2021-06-15 09:49:03,7182.0,48094
2021-06-15 09:49:05,7182.0,48094
2021-06-15 09:49:05,7182.0,48094
2021-06-15 09:49:08,7183.0,48115
2021-06-15 09:49:08,7183.0,48120
2021-06-15 09:49:10,7183.0,48120
2021-06-15 09:49:11,7183.0,48121
2021-06-15 09:49:11,7183.0,48121
2021-06-15 09:49:13,7182.0,48133
2021-06-15 09:49:13,7182.0,48133
2021-06-15 09:49:14,7182.0,48133
2021-06-15 09:49:15,7183.0,48134
2021-06-15 09:49:16,7183.0,48145
2021-06-15 09:49:17,7183.0,48148
2021-06-15 09:49:18,7183.0,48148
2021-06-15 09:49:19,7183.0,48148
2021-06-15 09:49:20,7183.0,48168
2021-06-15 09:49:21,7183.0,48171
2021-06-15 09:49:22,7183.0,48171
2021-06-15 09:49:23,7183.0,48171
2021-06-15 09:49:24,7183.0,48179
2021-06-15 09:49:25,7183.0,48189
2021-06-15 09:49:26,7183.0,48191
2021-06-15 09:49:27,7183.0,48226
2021-06-15 09:49:28,7182.0,48357
2021-06-15 09:49:29,7182.0,48357
2021-06-15 09:49:30,7183.0,48369
2021-06-15 09:49:31,7183.0,48373
2021-06-15 09:49:32,7183.0,48373
2021-06-15 09:49:33,7182.0,48413
2021-06-15 09:49:34,7182.0,48413
2021-06-15 09:49:35,7183.0,48463
2021-06-15 09:49:36,7183.0,48475
2021-06-15 09:49:37,7183.0,48476
2021-06-15 09:49:38,7183.0,48479
2021-06-15 09:49:39,7182.0,48504
2021-06-15 09:49:40,7182.0,48504
2021-06-15 09:49:42,7182.0,48521
2021-06-15 09:49:43,7183.0,48522
2021-06-15 09:49:44,7183.0,48531
2021-06-15 09:49:45,7182.0,48561
2021-06-15 09:49:46,7182.0,48561
2021-06-15 09:49:47,7183.0,48564
2021-06-15 09:49:49,7183.0,48564
2021-06-15 09:49:50,7182.0,48572
2021-06-15 09:49:51,7183.0,48575
2021-06-15 09:49:52,7182.0,48585
2021-06-15 09:49:53,7182.0,48585
2021-06-15 09:49:54,7183.2,48689
2021-06-15 09:49:55,7183.2,48689
2021-06-15 09:49:56,7183.35,48693
2021-06-15 09:49:57,7185.0,48702
2021-06-15 09:49:58,7185.0,48702
2021-06-15 09:49:59,7185.0,48702
2021-06-15 09:50:00,7187.7,48704
2021-06-15 09:50:02,7188.0,48706
2021-06-15 09:50:02,7188.0,48707
2021-06-15 09:50:03,7187.7,48742
2021-06-15 09:50:04,7188.0,48748
2021-06-15 09:50:05,7187.7,48753
2021-06-15 09:50:06,7188.0,48803
2021-06-15 09:50:07,7187.95,48812
2021-06-15 09:50:08,7187.95,48812
2021-06-15 09:50:09,7187.95,48842
2021-06-15 09:50:10,7187.95,48848
2021-06-15 09:50:11,7187.95,48848
2021-06-15 09:50:12,7187.95,48848
2021-06-15 09:50:14,7187.95,48848
2021-06-15 09:50:14,7187.95,48848
2021-06-15 09:50:15,7187.95,48848
2021-06-15 09:50:16,7187.95,48848
2021-06-15 09:50:17,7187.95,48848
2021-06-15 09:50:18,7188.0,48855
2021-06-15 09:50:19,7188.0,48855
2021-06-15 09:50:21,7188.0,48855
2021-06-15 09:50:22,7187.0,48860
2021-06-15 09:50:23,7187.0,48860
2021-06-15 09:50:24,7187.85,48862
2021-06-15 09:50:25,7187.85,48863
2021-06-15 09:50:26,7184.15,48867
2021-06-15 09:50:28,7185.0,48873
2021-06-15 09:50:28,7185.0,48873
2021-06-15 09:50:30,7185.0,48873
2021-06-15 09:50:30,7185.0,48873
2021-06-15 09:50:31,7185.0,48873
2021-06-15 09:50:32,7187.8,48875
2021-06-15 09:50:33,7187.8,48875
2021-06-15 09:50:34,7185.6,48886
2021-06-15 09:50:35,7185.6,48886
2021-06-15 09:50:36,7185.6,48886
2021-06-15 09:50:37,7187.8,48939
2021-06-15 09:50:40,7187.8,48939
2021-06-15 09:50:41,7187.0,48940
2021-06-15 09:50:42,7187.0,48944
2021-06-15 09:50:43,7187.0,48951
2021-06-15 09:50:43,7187.0,48951
2021-06-15 09:50:44,7187.0,48951
2021-06-15 09:50:46,7185.25,48953
2021-06-15 09:50:46,7185.25,48953
2021-06-15 09:50:47,7185.25,48953
2021-06-15 09:50:49,7185.25,48965
2021-06-15 09:50:49,7185.25,48965
2021-06-15 09:50:51,7187.0,49128
2021-06-15 09:50:52,7187.0,49129
2021-06-15 09:50:53,7187.6,49149
2021-06-15 09:50:54,7187.7,49154
2021-06-15 09:50:55,7185.0,49161
2021-06-15 09:50:56,7185.0,49161
2021-06-15 09:50:58,7185.0,49161
2021-06-15 09:50:59,7185.0,49161
2021-06-15 09:50:59,7185.0,49161
2021-06-15 09:51:00,7186.4,49163
2021-06-15 09:51:01,7186.4,49163
2021-06-15 09:51:02,7186.4,49163
2021-06-15 09:51:03,7186.4,49163
2021-06-15 09:51:04,7186.4,49163
2021-06-15 09:51:05,7186.4,49165
2021-06-15 09:51:06,7186.4,49165
2021-06-15 09:51:07,7185.0,49169
2021-06-15 09:51:08,7185.0,49169
2021-06-15 09:51:09,7185.0,49169
2021-06-15 09:51:10,7185.0,49182
2021-06-15 09:51:11,7185.0,49182
2021-06-15 09:51:12,7185.0,49195
2021-06-15 09:51:13,7185.0,49195
2021-06-15 09:51:15,7185.0,49195
2021-06-15 09:51:16,7186.4,49197
2021-06-15 09:51:16,7185.0,49337
2021-06-15 09:51:17,7185.0,49337
2021-06-15 09:51:18,7185.0,49337
2021-06-15 09:51:19,7185.0,49337
2021-06-15 09:51:20,7185.0,49338
2021-06-15 09:51:22,7184.5,49370
2021-06-15 09:51:23,7184.5,49370
2021-06-15 09:51:25,7184.0,49386
2021-06-15 09:51:27,7184.05,49390
2021-06-15 09:51:28,7184.0,49493
2021-06-15 09:51:29,7183.55,49502
2021-06-15 09:51:31,7183.55,49502
2021-06-15 09:51:31,7183.55,49502
2021-06-15 09:51:32,7184.0,49506
2021-06-15 09:51:33,7184.55,49547
2021-06-15 09:51:34,7184.55,49549
2021-06-15 09:51:35,7182.0,49650
2021-06-15 09:51:36,7184.55,49651
2021-06-15 09:51:37,7184.55,49651
2021-06-15 09:51:38,7184.55,49651
2021-06-15 09:51:39,7184.7,49672
2021-06-15 09:51:41,7185.55,49690
2021-06-15 09:51:42,7185.55,49712
2021-06-15 09:51:43,7185.0,49719
2021-06-15 09:51:44,7185.0,49729
2021-06-15 09:51:44,7185.0,49729
2021-06-15 09:51:46,7185.0,50032
2021-06-15 09:51:46,7185.55,50033
2021-06-15 09:51:47,7185.55,50033
2021-06-15 09:51:49,7185.0,50034
2021-06-15 09:51:50,7189.75,50258
2021-06-15 09:51:51,7189.05,50316
2021-06-15 09:51:52,7188.9,50324
2021-06-15 09:51:54,7188.9,50324
2021-06-15 09:51:55,7187.1,50327
2021-06-15 09:51:56,7189.95,50328
2021-06-15 09:51:57,7189.95,50328
2021-06-15 09:51:58,7187.1,50359
2021-06-15 09:51:59,7187.1,50362
2021-06-15 09:51:59,7187.1,50362
2021-06-15 09:52:00,7187.1,50362
2021-06-15 09:52:01,7187.25,50363
2021-06-15 09:52:02,7190.0,50496
2021-06-15 09:52:04,7190.5,50503
2021-06-15 09:52:05,7186.4,51010
2021-06-15 09:52:06,7188.15,51032
2021-06-15 09:52:07,7188.15,51044
2021-06-15 09:52:08,7189.2,51052
2021-06-15 09:52:08,7189.2,51052
2021-06-15 09:52:10,7188.15,51055
2021-06-15 09:52:11,7188.15,51055
2021-06-15 09:52:12,7188.15,51055
2021-06-15 09:52:13,7188.15,51055
2021-06-15 09:52:14,7188.2,51056
2021-06-15 09:52:15,7189.35,51160
2021-06-15 09:52:16,7191.55,51171
2021-06-15 09:52:17,7189.35,51188
2021-06-15 09:52:18,7189.35,51219
2021-06-15 09:52:19,7185.9,51275
2021-06-15 09:52:20,7188.15,51276
2021-06-15 09:52:21,7188.55,51297
2021-06-15 09:52:23,7188.45,51298
2021-06-15 09:52:24,7188.45,51298
2021-06-15 09:52:25,7186.8,51308
2021-06-15 09:52:25,7186.8,51310
2021-06-15 09:52:26,7188.9,51337
2021-06-15 09:52:27,7190.5,51338
2021-06-15 09:52:28,7189.05,51386
2021-06-15 09:52:30,7190.5,51387
2021-06-15 09:52:30,7190.5,51390
2021-06-15 09:52:31,7190.5,51395
2021-06-15 09:52:32,7190.5,51400
2021-06-15 09:52:33,7190.45,51402
2021-06-15 09:52:35,7188.75,51437
2021-06-15 09:52:36,7190.45,51440
2021-06-15 09:52:37,7192.95,51452
2021-06-15 09:52:38,7192.95,51453
2021-06-15 09:52:39,7189.0,51553
2021-06-15 09:52:40,7192.45,51562
2021-06-15 09:52:40,7192.45,51562
2021-06-15 09:52:41,7192.45,51562
2021-06-15 09:52:42,7192.45,51562
2021-06-15 09:52:44,7191.6,51607
2021-06-15 09:52:45,7191.6,51608
2021-06-15 09:52:46,7191.6,51608
2021-06-15 09:52:47,7191.6,51608
2021-06-15 09:52:48,7191.6,51608
2021-06-15 09:52:49,7188.15,51642
2021-06-15 09:52:50,7188.6,51744
2021-06-15 09:52:51,7189.0,51749
2021-06-15 09:52:52,7189.0,51752
2021-06-15 09:52:53,7189.0,51752
2021-06-15 09:52:54,7191.2,51753
2021-06-15 09:52:55,7189.0,51772
2021-06-15 09:52:57,7191.2,51783
2021-06-15 09:52:58,7189.0,51785
2021-06-15 09:53:01,7189.0,51886
2021-06-15 09:53:02,7189.0,52197
2021-06-15 09:53:03,7189.55,52289
2021-06-15 09:53:04,7189.0,52530
2021-06-15 09:53:04,7189.0,52530
2021-06-15 09:53:05,7189.0,52531
2021-06-15 09:53:07,7189.0,52531
2021-06-15 09:53:08,7190.0,52534
2021-06-15 09:53:08,7190.0,52535
2021-06-15 09:53:09,7190.0,52541
2021-06-15 09:53:10,7190.0,52542
2021-06-15 09:53:11,7191.95,52543
2021-06-15 09:53:12,7188.65,52544
2021-06-15 09:53:13,7188.65,52546
2021-06-15 09:53:15,7188.65,52546
2021-06-15 09:53:16,7188.65,52546
2021-06-15 09:53:19,7188.65,52546
2021-06-15 09:53:20,7188.65,52547
2021-06-15 09:53:21,7188.65,52547
2021-06-15 09:53:22,7188.65,52547
2021-06-15 09:53:24,7188.65,52553
2021-06-15 09:53:25,7191.95,52554
2021-06-15 09:53:26,7188.65,52556
2021-06-15 09:53:27,7188.65,52556
2021-06-15 09:53:28,7191.95,52558
2021-06-15 09:53:29,7191.95,52559
2021-06-15 09:53:29,7189.0,52562
2021-06-15 09:53:30,7189.0,52562
2021-06-15 09:53:33,7189.0,52568
2021-06-15 09:53:34,7189.0,52568
2021-06-15 09:53:35,7189.0,52568
2021-06-15 09:53:36,7191.85,52569
2021-06-15 09:53:36,7191.85,52569
2021-06-15 09:53:38,7189.0,52570
2021-06-15 09:53:38,7189.0,52570
2021-06-15 09:53:39,7189.0,52570
2021-06-15 09:53:40,7189.0,52570
2021-06-15 09:53:41,7189.0,52570
2021-06-15 09:53:43,7189.0,52570
2021-06-15 09:53:44,7189.0,52571
2021-06-15 09:53:44,7189.0,52571
2021-06-15 09:53:46,7189.0,52571
2021-06-15 09:53:47,7189.0,52571
2021-06-15 09:53:48,7189.0,52571
2021-06-15 09:53:49,7191.0,52621
2021-06-15 09:53:50,7191.0,52629
2021-06-15 09:53:51,7191.0,52629
2021-06-15 09:53:52,7191.0,52629
2021-06-15 09:53:53,7191.0,52629
2021-06-15 09:53:54,7191.0,52629
2021-06-15 09:53:55,7191.25,52630
2021-06-15 09:53:56,7189.05,52631
2021-06-15 09:53:56,7189.05,52631
2021-06-15 09:53:58,7189.0,52633
2021-06-15 09:53:59,7189.0,52636
2021-06-15 09:53:59,7189.0,52636
2021-06-15 09:54:01,7189.0,52672
2021-06-15 09:54:02,7189.0,52672
2021-06-15 09:54:03,7192.4,52697
2021-06-15 09:54:03,7192.8,52699
2021-06-15 09:54:04,7193.0,52700
2021-06-15 09:54:05,7192.4,52701
2021-06-15 09:54:07,7193.0,52712
2021-06-15 09:54:08,7192.4,52713
2021-06-15 09:54:09,7192.4,52713
2021-06-15 09:54:10,7192.4,52713
2021-06-15 09:54:11,7192.4,52713
2021-06-15 09:54:11,7192.4,52713
2021-06-15 09:54:13,7192.4,52719
2021-06-15 09:54:14,7192.35,52722
2021-06-15 09:54:15,7192.35,52722
2021-06-15 09:54:16,7192.35,52722
2021-06-15 09:54:17,7192.35,52722
2021-06-15 09:54:18,7191.9,52725
2021-06-15 09:54:19,7191.9,52725
2021-06-15 09:54:20,7189.8,52727
2021-06-15 09:54:21,7189.8,52727
2021-06-15 09:54:22,7189.8,52727
2021-06-15 09:54:22,7189.8,52727
2021-06-15 09:54:24,7189.8,52727
2021-06-15 09:54:25,7191.9,52730
2021-06-15 09:54:26,7190.1,52731
2021-06-15 09:54:27,7190.1,52731
2021-06-15 09:54:28,7190.15,52746
2021-06-15 09:54:29,7190.55,52748
2021-06-15 09:54:30,7190.45,52750
2021-06-15 09:54:31,7190.45,52750
2021-06-15 09:54:32,7190.1,52756
2021-06-15 09:54:33,7190.15,52762
2021-06-15 09:54:34,7190.0,52774
2021-06-15 09:54:35,7190.0,52775
2021-06-15 09:54:36,7190.0,52788
2021-06-15 09:54:37,7190.0,52792
2021-06-15 09:54:38,7190.0,52793
2021-06-15 09:54:39,7190.0,52793
2021-06-15 09:54:40,7190.0,52793
2021-06-15 09:54:41,7190.0,52793
2021-06-15 09:54:42,7190.0,52794
2021-06-15 09:54:43,7190.0,52794
2021-06-15 09:54:44,7190.0,52795
2021-06-15 09:54:45,7190.15,52796
2021-06-15 09:54:46,7190.15,52796
2021-06-15 09:54:49,7190.0,52812
2021-06-15 09:54:49,7190.0,52812
2021-06-15 09:54:50,7190.0,52812
2021-06-15 09:54:51,7190.0,52812
2021-06-15 09:54:52,7190.15,52813
2021-06-15 09:54:54,7188.8,52988
2021-06-15 09:54:55,7188.05,53002
2021-06-15 09:54:56,7188.05,53003
2021-06-15 09:54:57,7188.05,53003
2021-06-15 09:54:58,7188.05,53016
2021-06-15 09:54:59,7188.0,53023
2021-06-15 09:55:01,7188.0,53023
2021-06-15 09:55:02,7187.0,53025
2021-06-15 09:55:03,7187.0,53025
2021-06-15 09:55:04,7187.0,53025
2021-06-15 09:55:05,7187.0,53026
2021-06-15 09:55:06,7187.0,53026
2021-06-15 09:55:07,7186.5,53027
2021-06-15 09:55:08,7186.5,53027
2021-06-15 09:55:09,7185.0,53031
2021-06-15 09:55:10,7185.0,53031
2021-06-15 09:55:11,7185.0,53031
2021-06-15 09:55:12,7185.0,53031
2021-06-15 09:55:13,7185.0,53031
2021-06-15 09:55:15,7185.0,53042
2021-06-15 09:55:16,7185.0,53042
2021-06-15 09:55:17,7185.0,53042
2021-06-15 09:55:18,7185.0,53054
2021-06-15 09:55:19,7185.0,53054
2021-06-15 09:55:20,7185.0,53055
2021-06-15 09:55:21,7185.0,53667
2021-06-15 09:55:22,7185.0,53667
2021-06-15 09:55:23,7185.0,53667
2021-06-15 09:55:24,7185.0,53667
2021-06-15 09:55:25,7185.0,53667
2021-06-15 09:55:26,7185.0,53668
2021-06-15 09:55:27,7185.0,53668
2021-06-15 09:55:28,7185.0,53668
2021-06-15 09:55:29,7185.0,53668
2021-06-15 09:55:30,7185.0,53668
2021-06-15 09:55:31,7185.0,53669
2021-06-15 09:55:32,7185.0,53669
2021-06-15 09:55:33,7185.0,53669
2021-06-15 09:55:34,7185.0,53669
2021-06-15 09:55:35,7185.0,53669
2021-06-15 09:55:36,7185.0,53671
2021-06-15 09:55:37,7185.0,53673
2021-06-15 09:55:38,7185.0,53673
2021-06-15 09:55:39,7185.0,53673
2021-06-15 09:55:40,7185.0,53673
2021-06-15 09:55:41,7185.0,53673
2021-06-15 09:55:42,7185.0,53690
2021-06-15 09:55:43,7185.0,53690
2021-06-15 09:55:44,7185.0,53691
2021-06-15 09:55:45,7185.0,53691
2021-06-15 09:55:46,7185.0,53691
2021-06-15 09:55:46,7185.0,53691
2021-06-15 09:55:47,7186.0,53700
2021-06-15 09:55:49,7186.0,53700
2021-06-15 09:55:50,7185.0,53701
2021-06-15 09:55:52,7185.0,53701
2021-06-15 09:55:53,7185.0,53701
2021-06-15 09:55:54,7185.0,53713
2021-06-15 09:55:54,7185.0,53713
2021-06-15 09:55:55,7185.0,53714
2021-06-15 09:55:57,7185.0,53714
2021-06-15 09:55:58,7185.0,53729
2021-06-15 09:55:59,7185.0,53729
2021-06-15 09:56:00,7185.0,53729
2021-06-15 09:56:01,7185.0,53730
2021-06-15 09:56:02,7185.85,53732
2021-06-15 09:56:03,7185.85,53732
2021-06-15 09:56:04,7185.85,53732
2021-06-15 09:56:05,7185.85,53742
2021-06-15 09:56:06,7185.85,53742
2021-06-15 09:56:07,7185.85,53742
2021-06-15 09:56:09,7185.0,53743
2021-06-15 09:56:10,7185.85,53750
2021-06-15 09:56:11,7185.85,53750
2021-06-15 09:56:12,7185.0,53763
2021-06-15 09:56:14,7185.0,53764
2021-06-15 09:56:15,7185.0,53764
2021-06-15 09:56:16,7185.0,53764
2021-06-15 09:56:17,7185.0,53764
2021-06-15 09:56:18,7185.0,53764
2021-06-15 09:56:19,7185.0,53775
2021-06-15 09:56:20,7185.0,53776
2021-06-15 09:56:21,7185.0,53777
2021-06-15 09:56:22,7185.0,53777
2021-06-15 09:56:23,7185.0,53777
2021-06-15 09:56:24,7185.0,53777
2021-06-15 09:56:25,7185.0,53777
2021-06-15 09:56:26,7185.0,53779
2021-06-15 09:56:27,7185.0,53779
2021-06-15 09:56:28,7185.0,53779
2021-06-15 09:56:30,7185.85,53782
2021-06-15 09:56:31,7185.0,53783
2021-06-15 09:56:32,7184.95,53856
2021-06-15 09:56:33,7184.95,53856
2021-06-15 09:56:34,7185.5,53857
2021-06-15 09:56:35,7185.5,53857
2021-06-15 09:56:36,7185.5,53857
2021-06-15 09:56:37,7184.0,53859
2021-06-15 09:56:38,7184.0,53859
2021-06-15 09:56:39,7184.0,53859
2021-06-15 09:56:40,7185.45,53862
2021-06-15 09:56:41,7185.45,53862
2021-06-15 09:56:42,7184.0,53863
2021-06-15 09:56:43,7184.0,53863
2021-06-15 09:56:44,7184.0,53881
2021-06-15 09:56:45,7184.0,53881
2021-06-15 09:56:46,7184.0,53881
2021-06-15 09:56:47,7184.0,53881
2021-06-15 09:56:48,7184.0,53881
2021-06-15 09:56:49,7183.0,53882
2021-06-15 09:56:51,7183.0,53882
2021-06-15 09:56:50,7183.0,53882
2021-06-15 09:56:52,7183.0,53882
2021-06-15 09:56:53,7183.0,53882
2021-06-15 09:56:54,7183.0,53894
2021-06-15 09:56:55,7183.0,53895
2021-06-15 09:56:56,7183.0,53895
2021-06-15 09:56:57,7183.0,53895
2021-06-15 09:56:58,7183.0,53895
2021-06-15 09:56:59,7183.0,53896
2021-06-15 09:57:00,7183.0,53900
2021-06-15 09:57:01,7183.0,53901
2021-06-15 09:57:02,7184.0,53906
2021-06-15 09:57:03,7183.0,53916
2021-06-15 09:57:04,7183.0,53916
2021-06-15 09:57:05,7183.0,53916
2021-06-15 09:57:07,7183.05,53957
2021-06-15 09:57:08,7184.0,53976
2021-06-15 09:57:09,7184.0,53976
2021-06-15 09:57:10,7183.0,53978
2021-06-15 09:57:11,7183.0,53978
2021-06-15 09:57:12,7183.0,53979
2021-06-15 09:57:13,7183.0,53983
2021-06-15 09:57:14,7184.0,53984
2021-06-15 09:57:15,7184.0,53984
2021-06-15 09:57:16,7184.0,53988
2021-06-15 09:57:17,7184.0,53988
2021-06-15 09:57:18,7183.0,53990
2021-06-15 09:57:19,7183.0,53991
2021-06-15 09:57:21,7184.0,54009
2021-06-15 09:57:22,7183.0,54019
2021-06-15 09:57:23,7183.0,54029
2021-06-15 09:57:24,7183.0,54029
2021-06-15 09:57:25,7183.0,54039
2021-06-15 09:57:26,7183.0,54040
2021-06-15 09:57:27,7183.0,54040
2021-06-15 09:57:28,7183.0,54040
2021-06-15 09:57:29,7183.0,54040
2021-06-15 09:57:30,7183.0,54040
2021-06-15 09:57:31,7183.0,54042
2021-06-15 09:57:32,7183.0,54043
2021-06-15 09:57:33,7183.0,54043
2021-06-15 09:57:34,7183.0,54043
2021-06-15 09:57:35,7183.0,54043
2021-06-15 09:57:36,7183.05,54058
2021-06-15 09:57:37,7182.0,54162
2021-06-15 09:57:38,7182.0,54163
2021-06-15 09:57:39,7182.0,54163
2021-06-15 09:57:40,7184.0,54173
2021-06-15 09:57:42,7182.0,54186
2021-06-15 09:57:43,7182.0,54188
2021-06-15 09:57:45,7182.0,54231
2021-06-15 09:57:46,7182.0,54231
2021-06-15 09:57:47,7182.0,54231
2021-06-15 09:57:48,7182.0,54231
2021-06-15 09:57:49,7182.0,54232
2021-06-15 09:57:50,7182.0,54242
2021-06-15 09:57:52,7182.0,54254
2021-06-15 09:57:53,7182.0,54254
2021-06-15 09:57:54,7182.0,54257
2021-06-15 09:57:55,7182.0,54264
2021-06-15 09:57:56,7182.0,54270
2021-06-15 09:57:57,7182.0,54270
2021-06-15 09:57:58,7182.0,54270
2021-06-15 09:57:59,7182.0,54270
2021-06-15 09:58:00,7182.0,54271
2021-06-15 09:58:01,7182.0,54276
2021-06-15 09:58:03,7182.0,54276
2021-06-15 09:58:05,7182.0,54279
2021-06-15 09:58:04,7182.0,54279
2021-06-15 09:58:06,7182.0,54279
2021-06-15 09:58:07,7182.0,54282
2021-06-15 09:58:08,7182.0,54283
2021-06-15 09:58:09,7182.0,54283
2021-06-15 09:58:10,7182.0,54283
2021-06-15 09:58:11,7183.95,54287
2021-06-15 09:58:12,7182.05,54295
2021-06-15 09:58:13,7182.0,54296
2021-06-15 09:58:14,7182.0,54302
2021-06-15 09:58:15,7182.0,54310
2021-06-15 09:58:16,7181.95,54312
2021-06-15 09:58:17,7181.95,54312
2021-06-15 09:58:18,7181.0,54374
2021-06-15 09:58:19,7177.0,55251
2021-06-15 09:58:21,7176.5,55392
2021-06-15 09:58:20,7176.5,55392
2021-06-15 09:58:22,7178.0,56162
2021-06-15 09:58:23,7176.6,56170
2021-06-15 09:58:24,7176.6,56170
2021-06-15 09:58:26,7176.6,56176
2021-06-15 09:58:27,7176.6,56176
2021-06-15 09:58:29,7176.6,56176
2021-06-15 09:58:30,7179.35,56186
2021-06-15 09:58:31,7177.95,56190
2021-06-15 09:58:32,7175.35,56192
2021-06-15 09:58:33,7175.35,56207
2021-06-15 09:58:34,7175.35,56219
2021-06-15 09:58:35,7175.25,56241
2021-06-15 09:58:36,7175.15,56283
2021-06-15 09:58:37,7175.15,56284
2021-06-15 09:58:38,7175.15,56284
2021-06-15 09:58:39,7175.15,56284
2021-06-15 09:58:40,7175.15,56284
2021-06-15 09:58:41,7175.15,56284
2021-06-15 09:58:42,7176.6,56294
2021-06-15 09:58:43,7176.0,56295
2021-06-15 09:58:44,7176.0,56295
2021-06-15 09:58:45,7176.0,56295
2021-06-15 09:58:46,7176.6,56303
2021-06-15 09:58:47,7176.05,56304
2021-06-15 09:58:48,7176.05,56304
2021-06-15 09:58:49,7176.05,56309
2021-06-15 09:58:51,7176.05,56320
2021-06-15 09:58:51,7176.05,56320
2021-06-15 09:58:52,7176.6,56341
2021-06-15 09:58:54,7176.6,56355
2021-06-15 09:58:55,7175.15,56356
2021-06-15 09:58:56,7176.6,56357
2021-06-15 09:58:57,7176.6,56358
2021-06-15 09:58:58,7176.6,56358
2021-06-15 09:58:59,7175.15,56370
2021-06-15 09:59:00,7175.15,56370
2021-06-15 09:59:01,7175.15,56370
2021-06-15 09:59:02,7175.5,56380
2021-06-15 09:59:03,7175.0,56393
2021-06-15 09:59:04,7175.0,56402
2021-06-15 09:59:05,7176.05,56415
2021-06-15 09:59:06,7175.4,56416
2021-06-15 09:59:07,7175.4,56424
2021-06-15 09:59:08,7175.4,56436
2021-06-15 09:59:10,7175.4,56437
2021-06-15 09:59:10,7176.05,56438
2021-06-15 09:59:11,7176.05,56438
2021-06-15 09:59:12,7176.05,56439
2021-06-15 09:59:13,7176.05,56460
2021-06-15 09:59:14,7176.05,56461
2021-06-15 09:59:15,7177.0,56905
2021-06-15 09:59:16,7176.65,56906
2021-06-15 09:59:17,7176.65,56906
2021-06-15 09:59:18,7176.6,56917
2021-06-15 09:59:19,7176.6,56928
2021-06-15 09:59:20,7177.95,56959
2021-06-15 09:59:21,7177.95,56959
2021-06-15 09:59:22,7177.05,56964
2021-06-15 09:59:23,7177.2,56969
2021-06-15 09:59:24,7177.0,56975
2021-06-15 09:59:25,7177.95,56977
2021-06-15 09:59:26,7177.95,56977
2021-06-15 09:59:27,7180.0,56978
2021-06-15 09:59:29,7180.0,56996
2021-06-15 09:59:29,7180.0,56996
2021-06-15 09:59:30,7180.0,57005
2021-06-15 09:59:31,7178.0,57006
2021-06-15 09:59:32,7178.0,57006
2021-06-15 09:59:33,7178.0,57006
2021-06-15 09:59:34,7178.0,57006
2021-06-15 09:59:35,7178.0,57006
2021-06-15 09:59:36,7178.0,57006
2021-06-15 09:59:37,7178.0,57006
2021-06-15 09:59:38,7178.0,57010
2021-06-15 09:59:39,7180.0,57012
2021-06-15 09:59:40,7178.0,57027
2021-06-15 09:59:42,7180.0,57028
2021-06-15 09:59:43,7178.1,57069
2021-06-15 09:59:44,7180.0,57070
2021-06-15 09:59:45,7180.0,57070
2021-06-15 09:59:46,7180.0,57070
2021-06-15 09:59:47,7180.0,57070
2021-06-15 09:59:48,7180.0,57070
2021-06-15 09:59:49,7178.15,57071
2021-06-15 09:59:50,7179.95,57075
2021-06-15 09:59:51,7179.95,57086
2021-06-15 09:59:53,7179.95,57086
2021-06-15 09:59:53,7179.95,57087
2021-06-15 09:59:54,7179.95,57087
2021-06-15 09:59:55,7178.2,57127
2021-06-15 09:59:56,7179.95,57128
2021-06-15 09:59:57,7179.95,57128
2021-06-15 09:59:58,7179.95,57128
2021-06-15 10:00:00,7179.95,57138
2021-06-15 10:00:01,7178.2,57139
2021-06-15 10:00:03,7178.2,57139
2021-06-15 10:00:04,7178.2,57139
2021-06-15 10:00:06,7178.0,57143
2021-06-15 10:00:07,7178.0,57143
2021-06-15 10:00:08,7179.95,57148
2021-06-15 10:00:09,7179.95,57148
2021-06-15 10:00:11,7179.95,57158
2021-06-15 10:00:12,7179.95,57158
2021-06-15 10:00:12,7179.95,57158
2021-06-15 10:00:13,7179.95,57158
2021-06-15 10:00:14,7179.95,57160
2021-06-15 10:00:15,7178.0,57177
2021-06-15 10:00:16,7178.0,57177
2021-06-15 10:00:17,7179.95,57178
2021-06-15 10:00:18,7179.95,57178
2021-06-15 10:00:19,7178.15,57179
2021-06-15 10:00:20,7179.95,57180
2021-06-15 10:00:21,7179.95,57180
2021-06-15 10:00:22,7179.95,57190
2021-06-15 10:00:23,7179.95,57190
2021-06-15 10:00:24,7179.95,57190
2021-06-15 10:00:25,7178.05,57195
2021-06-15 10:00:26,7178.05,57195
2021-06-15 10:00:27,7178.05,57195
2021-06-15 10:00:28,7178.05,57195
2021-06-15 10:00:29,7178.05,57195
2021-06-15 10:00:30,7179.0,57224
2021-06-15 10:00:31,7178.0,57225
2021-06-15 10:00:32,7178.0,57225
2021-06-15 10:00:33,7178.0,57225
2021-06-15 10:00:34,7180.0,57226
2021-06-15 10:00:35,7178.0,57250
2021-06-15 10:00:36,7178.0,57250
2021-06-15 10:00:37,7176.6,57253
2021-06-15 10:00:39,7178.0,57257
2021-06-15 10:00:40,7178.0,57271
2021-06-15 10:00:41,7178.0,57271
2021-06-15 10:00:42,7176.65,57301
2021-06-15 10:00:43,7176.65,57302
2021-06-15 10:00:44,7178.0,57304
2021-06-15 10:00:45,7178.0,57306
2021-06-15 10:00:46,7178.0,57306
2021-06-15 10:00:47,7178.0,57310
2021-06-15 10:00:48,7178.0,57310
2021-06-15 10:00:50,7178.0,57312
2021-06-15 10:00:51,7178.0,57312
2021-06-15 10:00:52,7178.0,57312
2021-06-15 10:00:53,7178.0,57312
2021-06-15 10:00:54,7176.6,57315
2021-06-15 10:00:55,7176.6,57316
2021-06-15 10:00:57,7177.75,57332
2021-06-15 10:00:59,7177.75,57332
2021-06-15 10:00:59,7177.75,57332
2021-06-15 10:01:00,7177.75,57332
2021-06-15 10:01:02,7177.75,57349
2021-06-15 10:01:03,7177.75,57349
2021-06-15 10:01:04,7178.0,57351
2021-06-15 10:01:05,7178.0,57361
2021-06-15 10:01:06,7178.0,57361
2021-06-15 10:01:07,7178.0,57365
2021-06-15 10:01:08,7178.0,57365
2021-06-15 10:01:10,7178.0,57365
2021-06-15 10:01:10,7178.0,57365
2021-06-15 10:01:11,7178.0,57367
2021-06-15 10:01:13,7178.0,57392
2021-06-15 10:01:14,7177.75,57395
2021-06-15 10:01:15,7177.75,57413
2021-06-15 10:01:16,7177.75,57420
2021-06-15 10:01:17,7177.75,57420
2021-06-15 10:01:17,7177.75,57420
2021-06-15 10:01:18,7177.75,57420
2021-06-15 10:01:19,7177.8,57421
2021-06-15 10:01:20,7177.75,57527
2021-06-15 10:01:21,7177.75,57591
2021-06-15 10:01:22,7177.75,57646
2021-06-15 10:01:23,7177.75,57646
2021-06-15 10:01:24,7177.75,57654
2021-06-15 10:01:25,7177.05,57655
2021-06-15 10:01:26,7177.05,57655
2021-06-15 10:01:27,7177.75,57668
2021-06-15 10:01:28,7180.0,57799
2021-06-15 10:01:29,7180.0,57799
2021-06-15 10:01:31,7177.55,57834
2021-06-15 10:01:34,7177.05,57864
2021-06-15 10:01:35,7180.0,57926
2021-06-15 10:01:36,7180.05,57941
2021-06-15 10:01:37,7180.05,57941
2021-06-15 10:01:37,7177.7,57942
2021-06-15 10:01:38,7177.7,57942
2021-06-15 10:01:39,7177.7,57942
2021-06-15 10:01:40,7178.15,57943
2021-06-15 10:01:41,7180.0,57962
2021-06-15 10:01:42,7180.95,57967
2021-06-15 10:01:43,7178.1,57968
2021-06-15 10:01:44,7177.95,57998
2021-06-15 10:01:45,7180.95,58006
2021-06-15 10:01:46,7180.0,58008
2021-06-15 10:01:47,7180.0,58008
2021-06-15 10:01:48,7178.15,58019
2021-06-15 10:01:49,7178.15,58020
2021-06-15 10:01:50,7178.15,58020
2021-06-15 10:01:51,7180.0,58025
2021-06-15 10:01:52,7181.45,58060
2021-06-15 10:01:54,7181.45,58060
2021-06-15 10:01:55,7178.3,58061
2021-06-15 10:01:56,7178.3,58061
2021-06-15 10:01:57,7178.3,58061
2021-06-15 10:01:58,7178.2,58101
2021-06-15 10:01:59,7178.2,58101
2021-06-15 10:02:00,7181.45,58151
2021-06-15 10:02:01,7178.35,58153
2021-06-15 10:02:02,7178.35,58153
2021-06-15 10:02:03,7178.35,58153
2021-06-15 10:02:05,7178.35,58153
2021-06-15 10:02:05,7181.25,58163
2021-06-15 10:02:06,7181.25,58163
2021-06-15 10:02:07,7180.0,58167
2021-06-15 10:02:08,7180.0,58167
2021-06-15 10:02:09,7180.0,58167
2021-06-15 10:02:10,7180.0,58167
2021-06-15 10:02:11,7180.0,58167
2021-06-15 10:02:12,7180.0,58167
2021-06-15 10:02:13,7180.0,58168
2021-06-15 10:02:14,7180.0,58168
2021-06-15 10:02:16,7180.0,58176
2021-06-15 10:02:16,7180.0,58176
2021-06-15 10:02:17,7180.0,58186
2021-06-15 10:02:18,7180.0,58186
2021-06-15 10:02:19,7180.0,58187
2021-06-15 10:02:20,7180.0,58187
2021-06-15 10:02:21,7180.0,58187
2021-06-15 10:02:22,7181.25,58189
2021-06-15 10:02:23,7181.25,58189
2021-06-15 10:02:24,7181.25,58189
2021-06-15 10:02:25,7180.0,58190
2021-06-15 10:02:26,7181.25,58200
2021-06-15 10:02:27,7181.25,58210
2021-06-15 10:02:28,7181.25,58210
2021-06-15 10:02:29,7181.25,58210
2021-06-15 10:02:31,7180.0,58218
2021-06-15 10:02:32,7180.0,58218
2021-06-15 10:02:33,7180.0,58218
2021-06-15 10:02:34,7181.5,58225
2021-06-15 10:02:35,7181.5,58225
2021-06-15 10:02:37,7181.5,58225
2021-06-15 10:02:38,7181.5,58226
2021-06-15 10:02:39,7181.5,58226
2021-06-15 10:02:40,7181.5,58226
2021-06-15 10:02:41,7181.5,58236
2021-06-15 10:02:42,7181.5,58236
2021-06-15 10:02:43,7181.5,58237
2021-06-15 10:02:45,7181.5,58237
2021-06-15 10:02:46,7181.5,58237
2021-06-15 10:02:49,7181.5,58237
2021-06-15 10:02:50,7182.0,58256
2021-06-15 10:02:51,7183.5,58266
2021-06-15 10:02:52,7184.05,58278
2021-06-15 10:02:53,7184.05,58278
2021-06-15 10:02:53,7184.05,58278
2021-06-15 10:02:55,7182.05,58293
2021-06-15 10:02:57,7182.05,58293
2021-06-15 10:02:58,7182.05,58293
2021-06-15 10:02:59,7182.05,58293
2021-06-15 10:03:00,7184.7,58605
2021-06-15 10:03:00,7186.0,58609
2021-06-15 10:03:01,7182.75,58610
2021-06-15 10:03:03,7182.75,58610
2021-06-15 10:03:04,7182.75,58612
2021-06-15 10:03:05,7182.75,58612
2021-06-15 10:03:06,7182.75,58612
2021-06-15 10:03:07,7182.75,58612
2021-06-15 10:03:08,7182.75,58613
2021-06-15 10:03:09,7182.75,58613
2021-06-15 10:03:09,7182.75,58613
2021-06-15 10:03:10,7182.75,58613
2021-06-15 10:03:13,7183.0,58654
2021-06-15 10:03:14,7184.0,58666
2021-06-15 10:03:15,7184.0,58666
2021-06-15 10:03:16,7184.0,58666
2021-06-15 10:03:17,7184.0,58666
2021-06-15 10:03:18,7183.0,58678
2021-06-15 10:03:19,7183.0,58679
2021-06-15 10:03:20,7184.0,58699
2021-06-15 10:03:21,7184.0,58700
2021-06-15 10:03:25,7183.0,58702
2021-06-15 10:03:26,7184.0,58723
2021-06-15 10:03:27,7185.95,58823
2021-06-15 10:03:28,7184.05,58853
2021-06-15 10:03:29,7184.05,58853
2021-06-15 10:03:30,7184.4,58854
2021-06-15 10:03:31,7185.05,58858
2021-06-15 10:03:32,7184.7,58860
2021-06-15 10:03:33,7184.7,58861
2021-06-15 10:03:34,7184.7,58861
2021-06-15 10:03:35,7184.7,58861
2021-06-15 10:03:36,7184.7,58861
2021-06-15 10:03:37,7184.7,58861
2021-06-15 10:03:38,7182.0,58863
2021-06-15 10:03:39,7182.0,58863
2021-06-15 10:03:40,7183.0,58868
2021-06-15 10:03:40,7183.0,58868
2021-06-15 10:03:41,7183.0,58868
2021-06-15 10:03:45,7183.0,58882
2021-06-15 10:03:46,7183.0,58882
2021-06-15 10:03:47,7183.0,58882
2021-06-15 10:03:48,7183.0,58895
2021-06-15 10:03:49,7183.0,58895
2021-06-15 10:03:49,7183.0,58919
2021-06-15 10:03:51,7183.0,58919
2021-06-15 10:03:52,7183.0,58919
2021-06-15 10:03:53,7183.0,59019
2021-06-15 10:03:54,7184.1,59020
2021-06-15 10:03:55,7182.0,59044
2021-06-15 10:03:56,7182.0,59046
2021-06-15 10:03:56,7182.0,59046
2021-06-15 10:03:57,7185.0,59086
2021-06-15 10:03:58,7184.75,59091
2021-06-15 10:03:59,7184.75,59091
2021-06-15 10:04:00,7184.75,59099
2021-06-15 10:04:01,7184.7,59101
2021-06-15 10:04:02,7184.7,59102
2021-06-15 10:04:05,7184.7,59102
2021-06-15 10:04:05,7184.7,59117
2021-06-15 10:04:07,7184.7,59117
2021-06-15 10:04:08,7182.0,59139
2021-06-15 10:04:09,7184.45,59140
2021-06-15 10:04:10,7184.45,59140
2021-06-15 10:04:10,7184.45,59140
2021-06-15 10:04:11,7184.45,59140
2021-06-15 10:04:13,7184.45,59140
2021-06-15 10:04:14,7181.5,59155
2021-06-15 10:04:16,7184.0,59171
2021-06-15 10:04:16,7184.0,59171
2021-06-15 10:04:17,7184.0,59171
2021-06-15 10:04:19,7182.15,59186
2021-06-15 10:04:21,7182.15,59186
2021-06-15 10:04:22,7184.95,59191
2021-06-15 10:04:23,7184.95,59191
2021-06-15 10:04:24,7184.95,59191
2021-06-15 10:04:25,7184.0,59192
2021-06-15 10:04:26,7184.0,59193
2021-06-15 10:04:28,7184.0,59193
2021-06-15 10:04:29,7184.0,59193
2021-06-15 10:04:30,7185.0,59204
2021-06-15 10:04:30,7185.0,59205
2021-06-15 10:04:31,7184.0,59206
2021-06-15 10:04:32,7184.0,59206
2021-06-15 10:04:34,7185.0,59209
2021-06-15 10:04:35,7185.0,59216
2021-06-15 10:04:36,7185.0,59216
2021-06-15 10:04:37,7184.0,59217
2021-06-15 10:04:38,7184.0,59219
2021-06-15 10:04:39,7184.0,59219
2021-06-15 10:04:40,7184.0,59219
2021-06-15 10:04:41,7184.0,59219
2021-06-15 10:04:42,7184.0,59219
2021-06-15 10:04:44,7184.0,59220
2021-06-15 10:04:45,7185.0,59231
2021-06-15 10:04:46,7185.0,59231
2021-06-15 10:04:46,7185.0,59231
2021-06-15 10:04:47,7185.0,59231
2021-06-15 10:04:48,7184.0,59244
2021-06-15 10:04:49,7182.4,59245
2021-06-15 10:04:51,7184.0,59252
2021-06-15 10:04:52,7184.0,59253
2021-06-15 10:04:53,7184.0,59253
2021-06-15 10:04:54,7184.0,59253
2021-06-15 10:04:55,7182.35,59254
2021-06-15 10:04:55,7182.35,59254
2021-06-15 10:04:57,7184.0,59268
2021-06-15 10:04:58,7184.0,59268
2021-06-15 10:04:59,7184.0,59268
2021-06-15 10:05:00,7184.0,59268
2021-06-15 10:05:00,7184.0,59268
2021-06-15 10:05:01,7184.0,59269
2021-06-15 10:05:02,7184.0,59269
2021-06-15 10:05:03,7184.0,59269
2021-06-15 10:05:04,7184.0,59269
2021-06-15 10:05:06,7184.0,59269
2021-06-15 10:05:07,7184.0,59269
2021-06-15 10:05:08,7184.0,59270
2021-06-15 10:05:10,7184.0,59282
2021-06-15 10:05:09,7184.0,59270
2021-06-15 10:05:11,7184.0,59304
2021-06-15 10:05:11,7184.0,59314
2021-06-15 10:05:12,7185.0,59315
2021-06-15 10:05:14,7184.0,59317
2021-06-15 10:05:16,7184.0,59317
2021-06-15 10:05:17,7184.0,59317
2021-06-15 10:05:18,7184.0,59317
2021-06-15 10:05:19,7184.0,59321
2021-06-15 10:05:20,7184.0,59321
2021-06-15 10:05:21,7184.0,59338
2021-06-15 10:05:22,7184.0,59338
2021-06-15 10:05:23,7184.0,59338
2021-06-15 10:05:25,7181.5,59339
2021-06-15 10:05:24,7184.0,59338
2021-06-15 10:05:26,7181.5,59339
2021-06-15 10:05:27,7184.45,59347
2021-06-15 10:05:28,7181.55,59360
2021-06-15 10:05:29,7181.55,59360
2021-06-15 10:05:30,7181.55,59360
2021-06-15 10:05:31,7181.55,59361
2021-06-15 10:05:33,7181.55,59361
2021-06-15 10:05:34,7181.55,59361
2021-06-15 10:05:35,7181.55,59361
2021-06-15 10:05:36,7181.55,59361
2021-06-15 10:05:37,7181.55,59363
2021-06-15 10:05:38,7181.55,59363
2021-06-15 10:05:38,7181.65,59364
2021-06-15 10:05:40,7184.25,59366
2021-06-15 10:05:41,7184.25,59366
2021-06-15 10:05:42,7184.25,59366
2021-06-15 10:05:43,7184.25,59366
2021-06-15 10:05:44,7184.0,59377
2021-06-15 10:05:45,7184.2,59398
2021-06-15 10:05:46,7184.05,59407
2021-06-15 10:05:47,7184.05,59407
2021-06-15 10:05:48,7184.05,59407
2021-06-15 10:05:49,7186.0,59458
2021-06-15 10:05:50,7186.1,59464
2021-06-15 10:05:51,7186.1,59464
2021-06-15 10:05:53,7186.1,59464
2021-06-15 10:05:55,7182.85,59465
2021-06-15 10:05:56,7182.85,59465
2021-06-15 10:05:58,7184.5,59466
2021-06-15 10:05:58,7184.5,59466
2021-06-15 10:05:59,7184.5,59466
2021-06-15 10:06:00,7186.0,59467
2021-06-15 10:06:02,7184.5,59469
2021-06-15 10:06:03,7184.5,59469
2021-06-15 10:06:04,7184.5,59469
2021-06-15 10:06:05,7184.5,59469
2021-06-15 10:06:06,7184.5,59469
2021-06-15 10:06:07,7184.5,59469
2021-06-15 10:06:08,7184.1,59482
2021-06-15 10:06:09,7188.4,59582
2021-06-15 10:06:10,7187.85,59584
2021-06-15 10:06:11,7187.85,59584
2021-06-15 10:06:11,7187.85,59584
2021-06-15 10:06:12,7187.85,59584
2021-06-15 10:06:13,7185.0,59585
2021-06-15 10:06:15,7187.85,59586
2021-06-15 10:06:16,7187.85,59586
2021-06-15 10:06:16,7187.85,59586
2021-06-15 10:06:18,7187.85,59586
2021-06-15 10:06:20,7185.0,59587
2021-06-15 10:06:21,7185.0,59587
2021-06-15 10:06:22,7185.0,59587
2021-06-15 10:06:23,7187.85,59590
2021-06-15 10:06:24,7185.05,59595
2021-06-15 10:06:25,7185.05,59604
2021-06-15 10:06:26,7185.05,59604
2021-06-15 10:06:27,7185.05,59604
2021-06-15 10:06:28,7185.05,59604
2021-06-15 10:06:31,7188.1,59707
2021-06-15 10:06:32,7188.8,59711
2021-06-15 10:06:33,7188.8,59711
2021-06-15 10:06:35,7188.75,59712
2021-06-15 10:06:36,7188.7,59724
2021-06-15 10:06:38,7185.15,59725
2021-06-15 10:06:39,7185.15,59725
2021-06-15 10:06:40,7185.15,59725
2021-06-15 10:06:41,7185.15,59725
2021-06-15 10:06:42,7185.15,59725
2021-06-15 10:06:43,7185.15,59726
2021-06-15 10:06:44,7185.15,59726
2021-06-15 10:06:45,7186.95,59727
2021-06-15 10:06:45,7185.15,59726
2021-06-15 10:06:46,7186.95,59727
2021-06-15 10:06:48,7186.95,59727
2021-06-15 10:06:49,7186.95,59727
2021-06-15 10:06:50,7186.85,59743
2021-06-15 10:06:51,7185.15,59747
2021-06-15 10:06:52,7185.15,59747
2021-06-15 10:06:53,7185.15,59747
2021-06-15 10:06:54,7185.15,59747
2021-06-15 10:06:55,7185.0,59853
2021-06-15 10:06:55,7185.15,59855
2021-06-15 10:06:56,7185.05,59862
2021-06-15 10:06:57,7185.05,59862
2021-06-15 10:07:00,7185.05,59862
2021-06-15 10:07:01,7185.05,59862
2021-06-15 10:07:02,7185.0,59863
2021-06-15 10:07:03,7185.0,59864
2021-06-15 10:07:04,7185.0,59864
2021-06-15 10:07:05,7185.0,59864
2021-06-15 10:07:06,7185.0,59864
2021-06-15 10:07:07,7185.0,59865
2021-06-15 10:07:08,7185.0,59865
2021-06-15 10:07:09,7185.0,59865
2021-06-15 10:07:10,7185.0,59865
2021-06-15 10:07:11,7185.05,59869
2021-06-15 10:07:12,7185.0,59882
2021-06-15 10:07:13,7185.05,59883
2021-06-15 10:07:14,7185.0,59884
2021-06-15 10:07:15,7185.0,59884
2021-06-15 10:07:16,7185.0,59894
2021-06-15 10:07:17,7185.0,59894
2021-06-15 10:07:18,7185.0,59894
2021-06-15 10:07:19,7185.0,59894
2021-06-15 10:07:20,7185.05,59896
2021-06-15 10:07:21,7185.05,59896
2021-06-15 10:07:22,7185.05,59896
2021-06-15 10:07:23,7185.0,59901
2021-06-15 10:07:24,7185.05,59951
2021-06-15 10:07:25,7185.0,59953
2021-06-15 10:07:26,7185.05,59960
2021-06-15 10:07:27,7185.05,59970
2021-06-15 10:07:28,7185.05,59970
2021-06-15 10:07:29,7185.05,59970
2021-06-15 10:07:30,7185.1,59976
2021-06-15 10:07:31,7185.2,59980
2021-06-15 10:07:32,7185.6,60006
2021-06-15 10:07:33,7185.6,60006
2021-06-15 10:07:34,7185.6,60006
2021-06-15 10:07:35,7188.6,60038
2021-06-15 10:07:37,7188.65,60039
2021-06-15 10:07:36,7188.65,60039
2021-06-15 10:07:38,7188.55,60042
2021-06-15 10:07:39,7188.55,60042
2021-06-15 10:07:40,7188.6,60043
2021-06-15 10:07:41,7188.6,60043
2021-06-15 10:07:42,7188.6,60043
2021-06-15 10:07:43,7185.65,60044
2021-06-15 10:07:44,7185.65,60044
2021-06-15 10:07:45,7185.65,60044
2021-06-15 10:07:46,7188.6,60051
2021-06-15 10:07:47,7188.6,60051
2021-06-15 10:07:48,7188.6,60051
2021-06-15 10:07:49,7186.25,60071
2021-06-15 10:07:50,7186.25,60072
2021-06-15 10:07:51,7186.25,60072
2021-06-15 10:07:52,7186.8,60085
2021-06-15 10:07:53,7188.55,60086
2021-06-15 10:07:54,7188.55,60086
2021-06-15 10:07:55,7185.15,60087
2021-06-15 10:07:56,7185.15,60088
2021-06-15 10:07:57,7185.15,60088
2021-06-15 10:07:58,7185.15,60088
2021-06-15 10:07:59,7185.15,60088
2021-06-15 10:08:00,7185.15,60088
2021-06-15 10:08:01,7185.15,60088
2021-06-15 10:08:02,7188.55,60121
2021-06-15 10:08:03,7188.55,60121
2021-06-15 10:08:04,7188.65,60156
2021-06-15 10:08:05,7188.7,60157
2021-06-15 10:08:06,7189.55,60166
2021-06-15 10:08:07,7188.7,60167
2021-06-15 10:08:08,7188.7,60167
2021-06-15 10:08:09,7188.7,60167
2021-06-15 10:08:10,7189.5,60171
2021-06-15 10:08:11,7189.5,60171
2021-06-15 10:08:12,7189.5,60171
2021-06-15 10:08:13,7189.4,60185
2021-06-15 10:08:14,7186.25,60187
2021-06-15 10:08:15,7189.0,60207
2021-06-15 10:08:16,7186.4,60213
2021-06-15 10:08:17,7186.4,60213
2021-06-15 10:08:18,7186.4,60213
2021-06-15 10:08:19,7186.4,60213
2021-06-15 10:08:20,7186.5,60214
2021-06-15 10:08:21,7186.5,60214
2021-06-15 10:08:22,7186.5,60214
2021-06-15 10:08:23,7186.5,60214
2021-06-15 10:08:24,7186.5,60214
2021-06-15 10:08:25,7186.5,60214
2021-06-15 10:08:26,7185.85,60316
2021-06-15 10:08:27,7188.9,60318
2021-06-15 10:08:28,7188.9,60328
2021-06-15 10:08:29,7188.9,60329
2021-06-15 10:08:30,7188.9,60329
2021-06-15 10:08:32,7188.9,60348
2021-06-15 10:08:33,7188.9,60348
2021-06-15 10:08:34,7188.9,60348
2021-06-15 10:08:35,7186.0,60360
2021-06-15 10:08:36,7188.9,60362
2021-06-15 10:08:37,7188.9,60362
2021-06-15 10:08:38,7185.0,60364
2021-06-15 10:08:39,7185.0,60364
2021-06-15 10:08:40,7185.0,60374
2021-06-15 10:08:41,7185.0,60374
2021-06-15 10:08:42,7185.5,60377
2021-06-15 10:08:43,7185.5,60377
2021-06-15 10:08:44,7186.0,60378
2021-06-15 10:08:45,7187.3,60388
2021-06-15 10:08:46,7187.3,60388
2021-06-15 10:08:47,7187.3,60388
2021-06-15 10:08:48,7187.3,60388
2021-06-15 10:08:49,7186.0,60389
2021-06-15 10:08:50,7186.0,60389
2021-06-15 10:08:51,7187.25,60399
2021-06-15 10:08:52,7187.25,60399
2021-06-15 10:08:53,7187.25,60399
2021-06-15 10:08:54,7187.25,60399
2021-06-15 10:08:55,7185.5,60400
2021-06-15 10:08:56,7186.0,60411
2021-06-15 10:08:57,7186.0,60411
2021-06-15 10:08:58,7186.5,60416
2021-06-15 10:08:59,7186.5,60416
2021-06-15 10:09:00,7186.5,60416
2021-06-15 10:09:01,7186.0,60417
2021-06-15 10:09:03,7186.5,60421
2021-06-15 10:09:05,7186.5,60421
2021-06-15 10:09:04,7186.5,60421
2021-06-15 10:09:06,7186.5,60421
2021-06-15 10:09:07,7186.5,60421
2021-06-15 10:09:10,7186.0,60422
2021-06-15 10:09:12,7186.5,60433
2021-06-15 10:09:13,7186.5,60436
2021-06-15 10:09:14,7186.0,60448
2021-06-15 10:09:15,7186.0,60448
2021-06-15 10:09:16,7186.0,60448
2021-06-15 10:09:17,7186.5,60449
2021-06-15 10:09:19,7186.5,60449
2021-06-15 10:09:19,7186.5,60449
2021-06-15 10:09:20,7186.5,60457
2021-06-15 10:09:22,7186.5,60457
2021-06-15 10:09:22,7186.5,60457
2021-06-15 10:09:23,7186.5,60457
2021-06-15 10:09:24,7186.5,60457
2021-06-15 10:09:25,7186.05,60458
2021-06-15 10:09:26,7186.05,60458
2021-06-15 10:09:27,7186.05,60458
2021-06-15 10:09:28,7186.05,60458
2021-06-15 10:09:29,7186.5,60463
2021-06-15 10:09:30,7186.5,60463
2021-06-15 10:09:31,7186.05,60464
2021-06-15 10:09:32,7186.05,60464
2021-06-15 10:09:34,7186.05,60464
2021-06-15 10:09:35,7186.05,60464
2021-06-15 10:09:37,7186.05,60464
2021-06-15 10:09:37,7186.05,60464
2021-06-15 10:09:38,7186.05,60478
2021-06-15 10:09:39,7186.5,60479
2021-06-15 10:09:42,7186.5,60479
2021-06-15 10:09:44,7186.5,60500
