timestamp,ltp,volume
2021-06-15 09:15:45,17522.6,473
2021-06-15 09:15:52,17532.1,494
2021-06-15 09:16:05,17561.15,612
2021-06-15 09:16:11,17573.55,640
2021-06-15 09:16:18,17573.9,666
2021-06-15 09:16:24,17579.8,703
2021-06-15 09:16:30,17583.2,774
2021-06-15 09:16:36,17583.45,788
2021-06-15 09:16:43,17584.1,794
2021-06-15 09:16:49,17597.95,803
2021-06-15 09:16:55,17585.0,843
2021-06-15 09:17:01,17597.1,858
2021-06-15 09:17:07,17588.1,880
2021-06-15 09:17:14,17585.8,921
2021-06-15 09:17:20,17585.85,949
2021-06-15 09:17:26,17585.85,954
2021-06-15 09:17:44,17569.3,1158
2021-06-15 09:17:50,17590.7,1246
2021-06-15 09:17:56,17591.65,1275
2021-06-15 09:18:02,17580.35,1282
2021-06-15 09:18:08,17581.15,1354
2021-06-15 09:18:14,17592.15,1393
2021-06-15 09:18:20,17599.1,1418
2021-06-15 09:18:26,17599.0,1430
2021-06-15 09:18:32,17608.95,1467
2021-06-15 09:18:38,17616.2,1473
2021-06-15 09:18:44,17605.65,1476
2021-06-15 09:18:49,17605.65,1495
2021-06-15 09:18:55,17605.65,1500
2021-06-15 09:19:01,17605.65,1560
2021-06-15 09:19:07,17605.65,1575
2021-06-15 09:19:12,17605.65,1583
2021-06-15 09:19:18,17605.65,1604
2021-06-15 09:19:24,17604.5,1695
2021-06-15 09:19:36,17604.05,1732
2021-06-15 09:19:47,17606.4,1756
2021-06-15 09:19:53,17606.4,1774
2021-06-15 09:19:59,17606.4,1784
2021-06-15 09:20:05,17607.05,1820
2021-06-15 09:20:10,17607.05,1851
2021-06-15 09:20:22,17613.9,1895
2021-06-15 09:20:27,17610.5,1914
2021-06-15 09:20:33,17601.0,1952
2021-06-15 09:20:39,17601.0,1952
2021-06-15 09:20:44,17601.15,1954
2021-06-15 09:20:50,17601.15,1960
2021-06-15 09:20:56,17613.2,1967
2021-06-15 09:21:02,17609.7,1974
2021-06-15 09:21:07,17617.15,1988
2021-06-15 09:21:13,17615.2,2059
2021-06-15 09:21:19,17609.35,2063
2021-06-15 09:21:25,17612.5,2069
2021-06-15 09:21:31,17610.5,2110
2021-06-15 09:21:42,17615.0,2153
2021-06-15 09:21:48,17607.4,2219
2021-06-15 09:21:54,17606.85,2222
2021-06-15 09:21:59,17614.45,2227
2021-06-15 09:22:05,17614.45,2235
2021-06-15 09:22:11,17605.6,2236
2021-06-15 09:22:16,17606.0,2242
2021-06-15 09:22:22,17615.0,2262
2021-06-15 09:22:28,17620.4,2271
2021-06-15 09:22:33,17616.0,2281
2021-06-15 09:22:35,17616.0,2281
2021-06-15 09:22:36,17616.0,2281
2021-06-15 09:22:37,17617.2,2282
2021-06-15 09:22:39,17620.0,2286
2021-06-15 09:22:40,17631.35,2294
2021-06-15 09:22:41,17618.05,2295
2021-06-15 09:22:44,17620.4,2297
2021-06-15 09:22:45,17619.05,2299
2021-06-15 09:22:46,17619.05,2299
2021-06-15 09:22:47,17619.05,2302
2021-06-15 09:22:48,17619.05,2302
2021-06-15 09:22:49,17619.05,2303
2021-06-15 09:22:50,17619.05,2303
2021-06-15 09:22:51,17619.05,2303
2021-06-15 09:22:57,17619.05,2303
2021-06-15 09:22:58,17619.05,2303
2021-06-15 09:23:00,17619.05,2303
2021-06-15 09:23:00,17619.05,2303
2021-06-15 09:23:02,17619.05,2304
2021-06-15 09:23:04,17619.05,2305
2021-06-15 09:23:05,17619.05,2314
2021-06-15 09:23:06,17627.6,2315
2021-06-15 09:23:11,17627.6,2315
2021-06-15 09:23:13,17619.05,2317
2021-06-15 09:23:14,17620.0,2349
2021-06-15 09:23:15,17620.8,2351
2021-06-15 09:23:16,17635.0,2389
2021-06-15 09:23:17,17622.4,2391
2021-06-15 09:23:18,17622.4,2391
2021-06-15 09:23:19,17622.05,2392
2021-06-15 09:23:20,17622.05,2392
2021-06-15 09:23:21,17622.05,2392
2021-06-15 09:23:22,17627.65,2393
2021-06-15 09:23:23,17627.65,2393
2021-06-15 09:23:24,17627.65,2394
2021-06-15 09:23:25,17627.65,2395
2021-06-15 09:23:26,17627.65,2395
2021-06-15 09:23:27,17627.65,2396
2021-06-15 09:23:28,17627.65,2400
2021-06-15 09:23:29,17627.65,2400
2021-06-15 09:23:30,17627.65,2400
2021-06-15 09:23:31,17627.65,2400
2021-06-15 09:23:32,17634.7,2403
2021-06-15 09:23:33,17634.7,2403
2021-06-15 09:23:34,17627.7,2404
2021-06-15 09:23:35,17627.7,2404
2021-06-15 09:23:36,17627.75,2405
2021-06-15 09:23:38,17627.75,2407
2021-06-15 09:23:40,17627.85,2410
2021-06-15 09:23:41,17627.85,2410
2021-06-15 09:23:42,17627.9,2411
2021-06-15 09:23:43,17627.8,2413
2021-06-15 09:23:44,17627.8,2413
2021-06-15 09:23:45,17627.8,2413
2021-06-15 09:23:46,17627.8,2413
2021-06-15 09:23:47,17627.8,2413
2021-06-15 09:23:48,17627.8,2413
2021-06-15 09:23:49,17627.8,2441
2021-06-15 09:23:50,17627.85,2445
2021-06-15 09:23:51,17627.85,2446
2021-06-15 09:23:52,17627.85,2448
2021-06-15 09:23:53,17627.85,2448
2021-06-15 09:23:54,17627.85,2448
2021-06-15 09:23:55,17630.0,2451
2021-06-15 09:23:56,17630.0,2451
2021-06-15 09:23:56,17634.0,2452
2021-06-15 09:23:58,17634.0,2452
2021-06-15 09:23:58,17634.0,2452
2021-06-15 09:24:00,17627.9,2463
2021-06-15 09:24:01,17627.9,2463
2021-06-15 09:24:02,17627.9,2466
2021-06-15 09:24:03,17627.9,2466
2021-06-15 09:24:04,17627.9,2468
2021-06-15 09:24:05,17627.9,2471
2021-06-15 09:24:06,17627.9,2471
2021-06-15 09:24:07,17627.9,2471
2021-06-15 09:24:08,17627.9,2471
2021-06-15 09:24:09,17627.9,2471
2021-06-15 09:24:10,17628.65,2492
2021-06-15 09:24:11,17628.65,2493
2021-06-15 09:24:12,17628.65,2497
2021-06-15 09:24:14,17628.65,2500
2021-06-15 09:24:15,17628.65,2500
2021-06-15 09:24:16,17628.65,2502
2021-06-15 09:24:17,17628.65,2502
2021-06-15 09:24:19,17628.65,2502
2021-06-15 09:24:20,17628.65,2502
2021-06-15 09:24:21,17628.65,2502
2021-06-15 09:24:22,17628.65,2503
2021-06-15 09:24:23,17628.65,2503
2021-06-15 09:24:24,17628.65,2503
2021-06-15 09:24:25,17628.65,2504
2021-06-15 09:24:26,17628.65,2504
2021-06-15 09:24:27,17633.55,2505
2021-06-15 09:24:28,17633.55,2505
2021-06-15 09:24:29,17633.55,2505
2021-06-15 09:24:30,17628.65,2506
2021-06-15 09:24:31,17628.65,2506
2021-06-15 09:24:32,17634.0,2507
2021-06-15 09:24:33,17628.65,2508
2021-06-15 09:24:34,17628.65,2508
2021-06-15 09:24:35,17628.65,2517
2021-06-15 09:24:36,17628.65,2517
2021-06-15 09:24:38,17628.65,2518
2021-06-15 09:24:39,17628.65,2519
2021-06-15 09:24:40,17628.65,2519
2021-06-15 09:24:43,17628.65,2523
2021-06-15 09:24:44,17628.65,2523
2021-06-15 09:24:45,17628.65,2526
2021-06-15 09:24:46,17634.85,2527
2021-06-15 09:24:47,17634.85,2527
2021-06-15 09:24:48,17628.65,2528
2021-06-15 09:24:49,17634.8,2529
2021-06-15 09:24:50,17628.65,2540
2021-06-15 09:24:51,17628.65,2542
2021-06-15 09:24:52,17628.65,2542
2021-06-15 09:24:53,17628.65,2544
2021-06-15 09:24:54,17628.65,2544
2021-06-15 09:24:55,17628.65,2560
2021-06-15 09:24:56,17628.65,2560
2021-06-15 09:24:58,17630.1,2562
2021-06-15 09:24:59,17623.7,2564
2021-06-15 09:25:00,17623.7,2566
2021-06-15 09:25:01,17623.7,2576
2021-06-15 09:25:02,17623.7,2576
2021-06-15 09:25:04,17623.7,2576
2021-06-15 09:25:05,17623.7,2576
2021-06-15 09:25:06,17623.7,2579
2021-06-15 09:25:07,17623.7,2579
2021-06-15 09:25:08,17621.35,2580
2021-06-15 09:25:09,17628.6,2581
2021-06-15 09:25:10,17628.6,2581
2021-06-15 09:25:11,17628.6,2581
2021-06-15 09:25:12,17628.6,2581
2021-06-15 09:25:13,17628.6,2581
2021-06-15 09:25:14,17628.6,2581
2021-06-15 09:25:15,17630.05,2586
2021-06-15 09:25:16,17630.05,2586
2021-06-15 09:25:17,17625.95,2591
2021-06-15 09:25:18,17625.95,2591
2021-06-15 09:25:19,17625.95,2591
2021-06-15 09:25:20,17625.95,2591
2021-06-15 09:25:21,17625.95,2591
2021-06-15 09:25:22,17625.95,2591
2021-06-15 09:25:23,17625.95,2591
2021-06-15 09:25:24,17625.95,2591
2021-06-15 09:25:25,17625.95,2591
2021-06-15 09:25:26,17625.95,2591
2021-06-15 09:25:27,17625.95,2591
2021-06-15 09:25:29,17625.95,2591
2021-06-15 09:25:30,17625.95,2592
2021-06-15 09:25:31,17625.95,2592
2021-06-15 09:25:32,17625.95,2592
2021-06-15 09:25:33,17625.95,2640
2021-06-15 09:25:34,17625.95,2640
2021-06-15 09:25:35,17625.95,2640
2021-06-15 09:25:36,17625.95,2640
2021-06-15 09:25:37,17625.95,2640
2021-06-15 09:25:39,17625.95,2640
2021-06-15 09:25:41,17625.95,2640
2021-06-15 09:25:42,17625.95,2640
2021-06-15 09:25:43,17625.95,2640
2021-06-15 09:25:44,17625.95,2640
2021-06-15 09:25:45,17622.55,2641
2021-06-15 09:25:46,17631.95,2646
2021-06-15 09:25:47,17623.25,2647
2021-06-15 09:25:49,17623.25,2647
2021-06-15 09:25:50,17623.25,2647
2021-06-15 09:25:51,17623.25,2647
2021-06-15 09:25:52,17623.25,2647
2021-06-15 09:25:53,17624.7,2648
2021-06-15 09:25:54,17624.7,2648
2021-06-15 09:25:55,17624.7,2648
2021-06-15 09:25:56,17624.9,2653
2021-06-15 09:25:59,17624.9,2653
2021-06-15 09:26:00,17636.0,2715
2021-06-15 09:26:01,17636.0,2715
2021-06-15 09:26:02,17636.0,2715
2021-06-15 09:26:03,17636.0,2715
2021-06-15 09:26:04,17636.0,2715
2021-06-15 09:26:05,17636.0,2715
2021-06-15 09:26:06,17636.0,2715
2021-06-15 09:26:07,17636.0,2715
2021-06-15 09:26:08,17636.0,2715
2021-06-15 09:26:09,17636.0,2716
2021-06-15 09:26:10,17632.0,2719
2021-06-15 09:26:11,17632.0,2721
2021-06-15 09:26:12,17636.0,2729
2021-06-15 09:26:13,17632.0,2739
2021-06-15 09:26:14,17632.0,2739
2021-06-15 09:26:15,17632.0,2739
2021-06-15 09:26:16,17636.0,2740
2021-06-15 09:26:17,17632.0,2741
2021-06-15 09:26:18,17632.0,2745
2021-06-15 09:26:20,17632.0,2745
2021-06-15 09:26:21,17632.0,2747
2021-06-15 09:26:22,17632.0,2747
2021-06-15 09:26:23,17632.0,2748
2021-06-15 09:26:24,17632.0,2748
2021-06-15 09:26:25,17632.0,2761
2021-06-15 09:26:26,17632.0,2762
2021-06-15 09:26:27,17632.0,2765
2021-06-15 09:26:28,17632.0,2766
2021-06-15 09:26:29,17627.0,2770
2021-06-15 09:26:30,17627.0,2770
2021-06-15 09:26:31,17621.35,2785
2021-06-15 09:26:32,17621.35,2785
2021-06-15 09:26:33,17617.0,2791
2021-06-15 09:26:34,17617.0,2791
2021-06-15 09:26:38,17613.7,2794
2021-06-15 09:26:39,17613.7,2794
2021-06-15 09:26:39,17616.05,2795
2021-06-15 09:26:41,17616.05,2810
2021-06-15 09:26:42,17606.6,2813
2021-06-15 09:26:42,17606.6,2814
2021-06-15 09:26:43,17606.55,2816
2021-06-15 09:26:44,17594.15,3104
2021-06-15 09:26:45,17582.2,3105
2021-06-15 09:26:46,17581.2,3108
2021-06-15 09:26:47,17575.7,3147
2021-06-15 09:26:49,17572.9,3151
2021-06-15 09:26:49,17572.9,3151
2021-06-15 09:26:50,17575.75,3152
2021-06-15 09:26:51,17575.75,3152
2021-06-15 09:26:52,17575.75,3152
2021-06-15 09:26:53,17576.8,3155
2021-06-15 09:26:54,17576.8,3155
2021-06-15 09:26:55,17576.8,3155
2021-06-15 09:26:56,17576.8,3155
2021-06-15 09:26:57,17576.8,3155
2021-06-15 09:26:59,17576.8,3155
2021-06-15 09:27:00,17591.6,3162
2021-06-15 09:27:01,17591.6,3162
2021-06-15 09:27:02,17588.05,3163
2021-06-15 09:27:04,17588.05,3163
2021-06-15 09:27:05,17588.05,3163
2021-06-15 09:27:06,17588.05,3163
2021-06-15 09:27:07,17588.05,3163
2021-06-15 09:27:08,17592.8,3173
2021-06-15 09:27:09,17592.8,3173
2021-06-15 09:27:10,17592.8,3173
2021-06-15 09:27:11,17592.8,3173
2021-06-15 09:27:12,17592.4,3174
2021-06-15 09:27:13,17592.4,3174
2021-06-15 09:27:14,17592.4,3177
2021-06-15 09:27:15,17592.8,3183
2021-06-15 09:27:16,17602.4,3185
2021-06-15 09:27:17,17592.4,3187
2021-06-15 09:27:19,17592.4,3188
2021-06-15 09:27:19,17592.4,3189
2021-06-15 09:27:20,17592.4,3192
2021-06-15 09:27:22,17592.4,3192
2021-06-15 09:27:23,17592.4,3193
2021-06-15 09:27:23,17592.4,3193
2021-06-15 09:27:24,17592.4,3195
2021-06-15 09:27:26,17592.4,3196
2021-06-15 09:27:26,17592.4,3197
2021-06-15 09:27:27,17592.4,3198
2021-06-15 09:27:29,17592.4,3198
2021-06-15 09:27:32,17580.0,3213
2021-06-15 09:27:33,17580.0,3213
2021-06-15 09:27:34,17580.0,3213
2021-06-15 09:27:34,17580.0,3213
2021-06-15 09:27:35,17580.0,3213
2021-06-15 09:27:36,17580.0,3213
2021-06-15 09:27:37,17580.0,3213
2021-06-15 09:27:38,17595.55,3232
2021-06-15 09:27:39,17595.55,3232
2021-06-15 09:27:40,17595.55,3232
2021-06-15 09:27:41,17591.6,3233
2021-06-15 09:27:42,17591.6,3233
2021-06-15 09:27:43,17591.6,3233
2021-06-15 09:27:44,17591.6,3233
2021-06-15 09:27:45,17591.6,3233
2021-06-15 09:27:46,17591.6,3233
2021-06-15 09:27:47,17591.6,3233
2021-06-15 09:27:48,17591.6,3233
2021-06-15 09:27:49,17591.6,3233
2021-06-15 09:27:50,17591.6,3234
2021-06-15 09:27:51,17591.6,3234
2021-06-15 09:27:53,17591.6,3234
2021-06-15 09:27:53,17591.6,3234
2021-06-15 09:27:54,17591.6,3234
2021-06-15 09:27:56,17591.6,3235
2021-06-15 09:27:56,17591.6,3235
2021-06-15 09:27:57,17591.6,3235
2021-06-15 09:27:59,17591.6,3238
2021-06-15 09:28:00,17591.6,3238
2021-06-15 09:28:00,17589.05,3239
2021-06-15 09:28:01,17589.05,3239
2021-06-15 09:28:02,17589.05,3239
2021-06-15 09:28:03,17589.05,3239
2021-06-15 09:28:05,17589.05,3239
2021-06-15 09:28:06,17589.05,3239
2021-06-15 09:28:08,17589.05,3239
2021-06-15 09:28:09,17589.05,3239
2021-06-15 09:28:10,17589.05,3239
2021-06-15 09:28:11,17589.05,3239
2021-06-15 09:28:12,17589.05,3239
2021-06-15 09:28:12,17595.0,3240
2021-06-15 09:28:15,17589.15,3242
2021-06-15 09:28:15,17589.15,3242
2021-06-15 09:28:16,17589.15,3242
2021-06-15 09:28:17,17589.15,3242
2021-06-15 09:28:18,17589.15,3242
2021-06-15 09:28:19,17589.15,3242
2021-06-15 09:28:20,17589.15,3242
2021-06-15 09:28:21,17592.8,3243
2021-06-15 09:28:22,17592.8,3243
2021-06-15 09:28:24,17598.0,3246
2021-06-15 09:28:25,17596.0,3255
2021-06-15 09:28:26,17598.0,3256
2021-06-15 09:28:27,17598.0,3256
2021-06-15 09:28:29,17594.8,3257
2021-06-15 09:28:29,17594.8,3257
2021-06-15 09:28:31,17594.8,3257
2021-06-15 09:28:33,17594.8,3257
2021-06-15 09:28:34,17594.8,3257
2021-06-15 09:28:35,17594.8,3257
2021-06-15 09:28:37,17594.8,3257
2021-06-15 09:28:39,17594.8,3257
2021-06-15 09:28:40,17594.8,3257
2021-06-15 09:28:42,17594.8,3257
2021-06-15 09:28:43,17594.8,3257
2021-06-15 09:28:45,17594.8,3257
2021-06-15 09:28:46,17605.95,3277
2021-06-15 09:28:46,17605.95,3277
2021-06-15 09:28:47,17605.95,3277
2021-06-15 09:28:49,17605.95,3277
2021-06-15 09:28:51,17605.95,3277
2021-06-15 09:28:52,17605.95,3277
2021-06-15 09:28:53,17605.95,3277
2021-06-15 09:28:54,17605.95,3277
2021-06-15 09:28:54,17605.95,3277
2021-06-15 09:28:56,17605.95,3277
2021-06-15 09:28:57,17605.95,3277
2021-06-15 09:28:59,17605.95,3277
2021-06-15 09:28:59,17605.95,3277
2021-06-15 09:29:00,17605.95,3277
2021-06-15 09:29:01,17605.95,3277
2021-06-15 09:29:02,17597.8,3287
2021-06-15 09:29:04,17604.5,3288
2021-06-15 09:29:05,17604.5,3288
2021-06-15 09:29:06,17604.5,3288
2021-06-15 09:29:07,17604.5,3288
2021-06-15 09:29:08,17604.5,3288
2021-06-15 09:29:09,17604.5,3288
2021-06-15 09:29:10,17604.5,3288
2021-06-15 09:29:12,17597.8,3298
2021-06-15 09:29:13,17597.8,3298
2021-06-15 09:29:14,17597.8,3298
2021-06-15 09:29:16,17597.8,3313
2021-06-15 09:29:16,17605.5,3314
2021-06-15 09:29:17,17605.5,3316
2021-06-15 09:29:19,17605.5,3316
2021-06-15 09:29:21,17605.5,3316
2021-06-15 09:29:22,17605.5,3316
2021-06-15 09:29:23,17605.5,3316
2021-06-15 09:29:24,17605.5,3316
2021-06-15 09:29:24,17605.5,3316
2021-06-15 09:29:26,17605.5,3316
2021-06-15 09:29:26,17605.5,3316
2021-06-15 09:29:27,17605.5,3316
2021-06-15 09:29:28,17605.5,3316
2021-06-15 09:29:29,17605.5,3316
2021-06-15 09:29:30,17605.5,3316
2021-06-15 09:29:31,17598.4,3369
2021-06-15 09:29:32,17598.4,3369
2021-06-15 09:29:34,17598.4,3369
2021-06-15 09:29:35,17598.4,3369
2021-06-15 09:29:36,17614.45,3469
2021-06-15 09:29:37,17614.45,3469
2021-06-15 09:29:38,17614.45,3469
2021-06-15 09:29:40,17614.45,3469
2021-06-15 09:29:41,17614.45,3469
2021-06-15 09:29:42,17614.45,3469
2021-06-15 09:29:42,17614.45,3469
2021-06-15 09:29:43,17614.45,3469
2021-06-15 09:29:44,17614.45,3469
2021-06-15 09:29:45,17614.45,3469
2021-06-15 09:29:46,17614.45,3469
2021-06-15 09:29:47,17614.45,3469
2021-06-15 09:29:49,17614.45,3469
2021-06-15 09:29:50,17614.45,3469
2021-06-15 09:29:50,17614.45,3469
2021-06-15 09:29:51,17614.45,3469
2021-06-15 09:29:53,17605.0,3470
2021-06-15 09:29:53,17603.2,3478
2021-06-15 09:29:54,17603.2,3478
2021-06-15 09:29:55,17603.2,3478
2021-06-15 09:29:56,17603.2,3478
2021-06-15 09:29:57,17603.2,3478
2021-06-15 09:29:58,17603.2,3478
2021-06-15 09:30:00,17603.2,3478
2021-06-15 09:30:05,17605.0,3485
2021-06-15 09:30:06,17605.0,3485
2021-06-15 09:30:06,17605.0,3485
2021-06-15 09:30:07,17605.0,3485
2021-06-15 09:30:08,17599.2,3486
2021-06-15 09:30:10,17599.2,3486
2021-06-15 09:30:11,17599.2,3486
2021-06-15 09:30:12,17599.2,3486
2021-06-15 09:30:13,17600.4,3487
2021-06-15 09:30:14,17600.4,3487
2021-06-15 09:30:15,17600.4,3487
2021-06-15 09:30:15,17600.4,3487
2021-06-15 09:30:17,17600.4,3487
2021-06-15 09:30:18,17600.4,3487
2021-06-15 09:30:19,17600.4,3487
2021-06-15 09:30:21,17600.4,3488
2021-06-15 09:30:22,17600.4,3489
2021-06-15 09:30:24,17595.0,3498
2021-06-15 09:30:25,17595.0,3498
2021-06-15 09:30:26,17595.2,3502
2021-06-15 09:30:27,17595.2,3502
2021-06-15 09:30:28,17595.2,3502
2021-06-15 09:30:36,17596.4,3503
2021-06-15 09:30:37,17596.4,3503
2021-06-15 09:30:38,17596.4,3506
2021-06-15 09:30:39,17596.4,3506
2021-06-15 09:30:40,17604.8,3512
2021-06-15 09:30:41,17605.0,3513
2021-06-15 09:30:42,17605.0,3513
2021-06-15 09:30:43,17605.0,3513
2021-06-15 09:30:45,17605.0,3513
2021-06-15 09:30:46,17605.0,3513
2021-06-15 09:30:48,17596.4,3515
2021-06-15 09:30:49,17596.4,3515
2021-06-15 09:30:50,17596.4,3515
2021-06-15 09:30:51,17596.4,3516
2021-06-15 09:30:52,17596.4,3516
2021-06-15 09:30:52,17596.4,3516
2021-06-15 09:30:53,17596.4,3516
2021-06-15 09:30:55,17596.4,3516
2021-06-15 09:30:57,17596.8,3524
2021-06-15 09:30:58,17596.8,3524
2021-06-15 09:30:59,17596.8,3524
2021-06-15 09:31:00,17596.8,3524
2021-06-15 09:31:01,17596.8,3524
2021-06-15 09:31:02,17596.8,3524
2021-06-15 09:31:03,17596.8,3524
2021-06-15 09:31:05,17596.8,3526
2021-06-15 09:31:06,17596.8,3527
2021-06-15 09:31:07,17596.8,3527
2021-06-15 09:31:08,17596.8,3527
2021-06-15 09:31:09,17596.8,3527
2021-06-15 09:31:09,17596.8,3528
2021-06-15 09:31:10,17596.8,3528
2021-06-15 09:31:11,17589.25,3546
2021-06-15 09:31:13,17589.25,3546
2021-06-15 09:31:14,17589.35,3547
2021-06-15 09:31:15,17589.35,3547
2021-06-15 09:31:15,17589.35,3547
2021-06-15 09:31:17,17601.95,3548
2021-06-15 09:31:18,17591.2,3550
2021-06-15 09:31:19,17591.2,3550
2021-06-15 09:31:20,17591.2,3550
2021-06-15 09:31:20,17591.2,3550
2021-06-15 09:31:21,17591.2,3550
2021-06-15 09:31:23,17591.2,3550
2021-06-15 09:31:24,17591.2,3550
2021-06-15 09:31:27,17591.2,3550
2021-06-15 09:31:29,17602.0,3551
2021-06-15 09:31:30,17602.0,3551
2021-06-15 09:31:34,17602.0,3551
2021-06-15 09:31:35,17591.6,3553
2021-06-15 09:31:37,17591.6,3554
2021-06-15 09:31:38,17591.6,3555
2021-06-15 09:31:39,17589.15,3566
2021-06-15 09:31:40,17589.15,3566
2021-06-15 09:31:40,17601.15,3576
2021-06-15 09:31:42,17590.05,3577
2021-06-15 09:31:43,17590.05,3577
2021-06-15 09:31:44,17590.05,3577
2021-06-15 09:31:45,17590.05,3577
2021-06-15 09:31:46,17591.2,3578
2021-06-15 09:31:47,17591.2,3578
2021-06-15 09:31:48,17591.2,3581
2021-06-15 09:31:49,17591.2,3581
2021-06-15 09:31:50,17591.2,3582
2021-06-15 09:31:52,17591.2,3582
2021-06-15 09:31:53,17591.2,3582
2021-06-15 09:31:54,17591.2,3583
2021-06-15 09:31:54,17591.2,3583
2021-06-15 09:31:56,17591.2,3585
2021-06-15 09:31:57,17591.2,3585
2021-06-15 09:31:58,17591.2,3585
2021-06-15 09:31:59,17591.2,3585
2021-06-15 09:32:00,17591.2,3585
2021-06-15 09:32:01,17591.2,3586
2021-06-15 09:32:02,17591.2,3586
2021-06-15 09:32:03,17603.25,3589
2021-06-15 09:32:04,17591.6,3590
2021-06-15 09:32:05,17591.6,3590
2021-06-15 09:32:06,17591.65,3592
2021-06-15 09:32:08,17591.65,3592
2021-06-15 09:32:09,17591.65,3593
2021-06-15 09:32:09,17591.65,3593
2021-06-15 09:32:10,17591.65,3593
2021-06-15 09:32:11,17591.7,3594
2021-06-15 09:32:12,17591.7,3594
2021-06-15 09:32:13,17591.7,3594
2021-06-15 09:32:14,17591.7,3594
2021-06-15 09:32:15,17591.7,3594
2021-06-15 09:32:16,17598.0,3595
2021-06-15 09:32:17,17598.0,3595
2021-06-15 09:32:19,17598.0,3595
2021-06-15 09:32:20,17598.75,3596
2021-06-15 09:32:21,17592.8,3597
2021-06-15 09:32:22,17592.8,3597
2021-06-15 09:32:23,17592.8,3597
2021-06-15 09:32:24,17592.8,3597
2021-06-15 09:32:25,17592.8,3597
2021-06-15 09:32:26,17592.8,3597
2021-06-15 09:32:27,17592.8,3599
2021-06-15 09:32:28,17592.8,3601
2021-06-15 09:32:29,17592.8,3601
2021-06-15 09:32:30,17592.8,3602
2021-06-15 09:32:31,17592.8,3603
2021-06-15 09:32:31,17592.0,3635
2021-06-15 09:32:33,17592.0,3635
2021-06-15 09:32:34,17589.05,3637
2021-06-15 09:32:35,17589.05,3662
2021-06-15 09:32:36,17589.05,3662
2021-06-15 09:32:37,17585.0,3672
2021-06-15 09:32:38,17585.0,3672
2021-06-15 09:32:40,17581.0,3675
2021-06-15 09:32:40,17581.0,3675
2021-06-15 09:32:43,17581.0,3675
2021-06-15 09:32:44,17581.0,3675
2021-06-15 09:32:45,17581.0,3675
2021-06-15 09:32:48,17581.0,3675
2021-06-15 09:32:49,17581.0,3676
2021-06-15 09:32:51,17588.35,3683
2021-06-15 09:32:52,17581.0,3685
2021-06-15 09:32:53,17575.95,3730
2021-06-15 09:32:54,17575.2,3731
2021-06-15 09:32:56,17575.2,3731
2021-06-15 09:32:58,17575.2,3731
2021-06-15 09:32:59,17575.2,3731
2021-06-15 09:33:00,17575.2,3731
2021-06-15 09:33:02,17569.2,3743
2021-06-15 09:33:03,17569.2,3743
2021-06-15 09:33:04,17569.2,3743
2021-06-15 09:33:05,17569.2,3743
2021-06-15 09:33:06,17569.2,3743
2021-06-15 09:33:07,17569.2,3743
2021-06-15 09:33:09,17569.2,3743
2021-06-15 09:33:10,17569.2,3743
2021-06-15 09:33:10,17569.2,3743
2021-06-15 09:33:12,17569.2,3743
2021-06-15 09:33:14,17580.8,3748
2021-06-15 09:33:16,17581.15,3759
2021-06-15 09:33:17,17581.15,3759
2021-06-15 09:33:18,17581.15,3759
2021-06-15 09:33:19,17581.15,3759
2021-06-15 09:33:20,17572.4,3760
2021-06-15 09:33:21,17572.4,3760
2021-06-15 09:33:22,17572.4,3760
2021-06-15 09:33:23,17572.4,3760
2021-06-15 09:33:24,17572.4,3760
2021-06-15 09:33:25,17572.4,3760
2021-06-15 09:33:27,17572.4,3760
2021-06-15 09:33:28,17570.8,3761
2021-06-15 09:33:29,17570.8,3761
2021-06-15 09:33:30,17570.8,3763
2021-06-15 09:33:31,17570.8,3766
2021-06-15 09:33:32,17570.8,3766
2021-06-15 09:33:33,17570.8,3766
2021-06-15 09:33:34,17570.8,3766
2021-06-15 09:33:35,17570.8,3767
2021-06-15 09:33:37,17570.8,3767
2021-06-15 09:33:38,17570.8,3767
2021-06-15 09:33:39,17570.8,3767
2021-06-15 09:33:40,17570.8,3767
2021-06-15 09:33:41,17570.8,3767
2021-06-15 09:33:42,17570.8,3767
2021-06-15 09:33:42,17570.8,3767
2021-06-15 09:33:43,17570.8,3767
2021-06-15 09:33:44,17570.8,3767
2021-06-15 09:33:46,17570.8,3767
2021-06-15 09:33:47,17573.2,3768
2021-06-15 09:33:48,17573.2,3768
2021-06-15 09:33:49,17573.2,3768
2021-06-15 09:33:50,17573.2,3768
2021-06-15 09:33:51,17573.2,3768
2021-06-15 09:33:52,17573.2,3768
2021-06-15 09:33:53,17573.2,3768
2021-06-15 09:33:54,17573.2,3768
2021-06-15 09:33:55,17573.2,3768
2021-06-15 09:33:56,17573.2,3768
2021-06-15 09:33:57,17573.2,3768
2021-06-15 09:33:58,17573.2,3768
2021-06-15 09:33:59,17573.2,3768
2021-06-15 09:34:00,17583.05,3775
2021-06-15 09:34:01,17583.05,3775
2021-06-15 09:34:02,17583.05,3775
2021-06-15 09:34:03,17583.05,3775
2021-06-15 09:34:04,17583.05,3775
2021-06-15 09:34:05,17583.05,3775
2021-06-15 09:34:06,17583.05,3775
2021-06-15 09:34:07,17583.05,3775
2021-06-15 09:34:08,17583.05,3775
2021-06-15 09:34:09,17593.95,3778
2021-06-15 09:34:10,17593.95,3778
2021-06-15 09:34:11,17593.95,3778
2021-06-15 09:34:12,17593.95,3778
2021-06-15 09:34:13,17593.95,3778
2021-06-15 09:34:14,17584.8,3779
2021-06-15 09:34:15,17584.8,3779
2021-06-15 09:34:16,17582.8,3809
2021-06-15 09:34:17,17582.8,3809
2021-06-15 09:34:18,17584.95,3813
2021-06-15 09:34:19,17584.95,3813
2021-06-15 09:34:20,17588.8,3815
2021-06-15 09:34:21,17588.8,3815
2021-06-15 09:34:22,17588.8,3815
2021-06-15 09:34:23,17595.7,3843
2021-06-15 09:34:24,17595.7,3843
2021-06-15 09:34:25,17595.7,3843
2021-06-15 09:34:26,17595.7,3843
2021-06-15 09:34:27,17595.7,3843
2021-06-15 09:34:28,17595.7,3843
2021-06-15 09:34:29,17595.7,3843
2021-06-15 09:34:30,17595.7,3843
2021-06-15 09:34:31,17595.7,3843
2021-06-15 09:34:32,17595.7,3843
2021-06-15 09:34:33,17595.7,3843
2021-06-15 09:34:34,17595.7,3843
2021-06-15 09:34:35,17594.8,3848
2021-06-15 09:34:36,17594.8,3848
2021-06-15 09:34:37,17594.8,3858
2021-06-15 09:34:38,17594.8,3858
2021-06-15 09:34:39,17594.8,3858
2021-06-15 09:34:40,17594.8,3858
2021-06-15 09:34:41,17594.8,3858
2021-06-15 09:34:42,17594.8,3858
2021-06-15 09:34:43,17594.8,3858
2021-06-15 09:34:44,17594.8,3858
2021-06-15 09:34:45,17600.0,3864
2021-06-15 09:34:46,17600.0,3864
2021-06-15 09:34:47,17600.0,3864
2021-06-15 09:34:48,17600.0,3864
2021-06-15 09:34:49,17597.3,3867
2021-06-15 09:34:50,17597.3,3867
2021-06-15 09:34:51,17597.65,3871
2021-06-15 09:34:52,17597.65,3871
2021-06-15 09:34:53,17597.65,3871
2021-06-15 09:34:54,17609.4,3881
2021-06-15 09:34:55,17609.4,3881
2021-06-15 09:34:55,17609.4,3881
2021-06-15 09:34:57,17609.4,3881
2021-06-15 09:34:58,17609.4,3881
2021-06-15 09:34:59,17609.4,3881
2021-06-15 09:35:00,17609.4,3881
2021-06-15 09:35:02,17598.8,3899
2021-06-15 09:35:03,17598.8,3899
2021-06-15 09:35:04,17598.8,3899
2021-06-15 09:35:05,17598.8,3899
2021-06-15 09:35:06,17598.8,3899
2021-06-15 09:35:07,17598.8,3899
2021-06-15 09:35:08,17597.3,3921
2021-06-15 09:35:09,17594.0,3922
2021-06-15 09:35:10,17580.65,3923
2021-06-15 09:35:11,17583.2,3948
2021-06-15 09:35:12,17586.35,3958
2021-06-15 09:35:13,17586.35,3958
2021-06-15 09:35:14,17586.35,3958
2021-06-15 09:35:15,17586.35,3958
2021-06-15 09:35:16,17586.35,3958
2021-06-15 09:35:17,17586.35,3958
2021-06-15 09:35:18,17586.35,3958
2021-06-15 09:35:19,17593.35,3982
2021-06-15 09:35:20,17593.35,3982
2021-06-15 09:35:21,17593.35,3982
2021-06-15 09:35:22,17593.35,3982
2021-06-15 09:35:23,17593.35,3982
2021-06-15 09:35:25,17593.35,3982
2021-06-15 09:35:26,17593.35,3982
2021-06-15 09:35:28,17598.65,3984
2021-06-15 09:35:29,17598.65,3984
2021-06-15 09:35:31,17598.65,3984
2021-06-15 09:35:32,17598.65,3984
2021-06-15 09:35:34,17589.6,3987
2021-06-15 09:35:35,17589.6,3987
2021-06-15 09:35:38,17593.35,3988
2021-06-15 09:35:39,17593.35,3992
2021-06-15 09:35:40,17593.35,3992
2021-06-15 09:35:41,17591.2,3994
2021-06-15 09:35:42,17591.2,3994
2021-06-15 09:35:43,17591.2,3994
2021-06-15 09:35:44,17591.2,3994
2021-06-15 09:35:45,17591.2,3994
2021-06-15 09:35:46,17591.2,3994
2021-06-15 09:35:47,17591.2,3994
2021-06-15 09:35:48,17591.2,3994
2021-06-15 09:35:49,17591.2,3994
2021-06-15 09:35:50,17591.2,3994
2021-06-15 09:35:51,17591.2,3994
2021-06-15 09:35:52,17591.2,3994
2021-06-15 09:35:53,17591.2,3994
2021-06-15 09:35:55,17591.7,3995
2021-06-15 09:35:56,17591.7,3995
2021-06-15 09:35:58,17591.7,3995
2021-06-15 09:35:59,17591.7,3995
2021-06-15 09:36:00,17591.7,3995
2021-06-15 09:36:01,17591.7,3995
2021-06-15 09:36:02,17591.7,3995
2021-06-15 09:36:03,17591.7,3995
2021-06-15 09:36:04,17591.7,3995
2021-06-15 09:36:05,17591.7,3995
2021-06-15 09:36:06,17591.7,3995
2021-06-15 09:36:07,17591.7,3995
2021-06-15 09:36:08,17591.7,3995
2021-06-15 09:36:09,17591.7,3995
2021-06-15 09:36:10,17591.7,3995
2021-06-15 09:36:11,17591.7,3995
2021-06-15 09:36:12,17591.7,3995
2021-06-15 09:36:13,17591.7,3995
2021-06-15 09:36:14,17592.45,3998
2021-06-15 09:36:15,17592.45,3998
2021-06-15 09:36:16,17592.45,3998
2021-06-15 09:36:17,17592.45,3998
2021-06-15 09:36:18,17601.7,4003
2021-06-15 09:36:19,17601.7,4003
2021-06-15 09:36:20,17601.7,4003
2021-06-15 09:36:21,17601.7,4003
2021-06-15 09:36:22,17601.7,4003
2021-06-15 09:36:23,17601.7,4003
2021-06-15 09:36:24,17601.7,4003
2021-06-15 09:36:25,17601.7,4003
2021-06-15 09:36:26,17601.7,4003
2021-06-15 09:36:27,17601.7,4003
2021-06-15 09:36:28,17601.7,4003
2021-06-15 09:36:29,17601.7,4003
2021-06-15 09:36:30,17601.7,4003
2021-06-15 09:36:32,17591.3,4053
2021-06-15 09:36:33,17595.95,4054
2021-06-15 09:36:34,17595.95,4054
2021-06-15 09:36:35,17587.25,4067
2021-06-15 09:36:36,17586.05,4072
2021-06-15 09:36:37,17586.05,4072
2021-06-15 09:36:38,17586.05,4072
2021-06-15 09:36:39,17589.15,4074
2021-06-15 09:36:40,17589.15,4074
2021-06-15 09:36:41,17589.15,4074
2021-06-15 09:36:42,17589.15,4074
2021-06-15 09:36:43,17589.15,4074
2021-06-15 09:36:44,17589.15,4074
2021-06-15 09:36:45,17601.5,4176
2021-06-15 09:36:46,17601.5,4176
2021-06-15 09:36:47,17601.5,4176
2021-06-15 09:36:48,17601.5,4176
2021-06-15 09:36:49,17601.5,4176
2021-06-15 09:36:50,17601.5,4176
2021-06-15 09:36:51,17601.5,4176
2021-06-15 09:36:52,17601.5,4176
2021-06-15 09:36:53,17601.5,4176
2021-06-15 09:36:54,17601.5,4176
2021-06-15 09:36:55,17596.0,4201
2021-06-15 09:36:56,17601.7,4220
2021-06-15 09:36:57,17601.7,4220
2021-06-15 09:36:58,17601.7,4220
2021-06-15 09:36:59,17601.7,4220
2021-06-15 09:37:00,17601.7,4220
2021-06-15 09:37:01,17581.85,4239
2021-06-15 09:37:02,17581.85,4239
2021-06-15 09:37:03,17581.85,4239
2021-06-15 09:37:04,17581.85,4239
2021-06-15 09:37:05,17581.85,4239
2021-06-15 09:37:06,17581.85,4239
2021-06-15 09:37:07,17581.85,4239
2021-06-15 09:37:08,17581.85,4239
2021-06-15 09:37:09,17581.85,4239
2021-06-15 09:37:10,17581.85,4239
2021-06-15 09:37:11,17581.85,4239
2021-06-15 09:37:12,17581.85,4239
2021-06-15 09:37:13,17581.85,4239
2021-06-15 09:37:14,17592.0,4246
2021-06-15 09:37:15,17592.0,4246
2021-06-15 09:37:16,17592.0,4246
2021-06-15 09:37:17,17592.0,4246
2021-06-15 09:37:18,17592.0,4246
2021-06-15 09:37:19,17592.0,4246
2021-06-15 09:37:21,17592.0,4246
2021-06-15 09:37:21,17592.0,4246
2021-06-15 09:37:22,17592.0,4246
2021-06-15 09:37:24,17592.0,4246
2021-06-15 09:37:25,17592.0,4246
2021-06-15 09:37:26,17592.0,4246
2021-06-15 09:37:28,17592.0,4246
2021-06-15 09:37:30,17592.0,4246
2021-06-15 09:37:30,17592.0,4246
2021-06-15 09:37:31,17592.0,4246
2021-06-15 09:37:32,17592.0,4246
2021-06-15 09:37:33,17592.0,4246
2021-06-15 09:37:34,17592.0,4246
2021-06-15 09:37:35,17592.0,4246
2021-06-15 09:37:36,17592.0,4246
2021-06-15 09:37:37,17592.0,4246
2021-06-15 09:37:38,17592.0,4246
2021-06-15 09:37:39,17592.0,4246
2021-06-15 09:37:40,17592.0,4246
2021-06-15 09:37:42,17592.0,4246
2021-06-15 09:37:43,17592.0,4246
2021-06-15 09:37:45,17589.85,4247
2021-06-15 09:37:46,17589.85,4247
2021-06-15 09:37:47,17589.85,4247
2021-06-15 09:37:48,17579.0,4253
2021-06-15 09:37:49,17579.0,4253
2021-06-15 09:37:50,17578.0,4254
2021-06-15 09:37:51,17578.0,4254
2021-06-15 09:37:51,17578.0,4254
2021-06-15 09:37:52,17578.0,4254
2021-06-15 09:37:53,17578.0,4254
2021-06-15 09:37:54,17578.0,4254
2021-06-15 09:37:55,17578.0,4254
2021-06-15 09:37:56,17578.0,4254
2021-06-15 09:37:57,17578.0,4254
2021-06-15 09:37:58,17578.0,4254
2021-06-15 09:37:59,17578.0,4254
2021-06-15 09:38:00,17578.0,4254
2021-06-15 09:38:01,17578.0,4254
2021-06-15 09:38:03,17578.0,4254
2021-06-15 09:38:04,17590.0,4265
2021-06-15 09:38:04,17590.0,4265
2021-06-15 09:38:05,17590.0,4265
2021-06-15 09:38:06,17590.0,4265
2021-06-15 09:38:08,17590.0,4265
2021-06-15 09:38:09,17590.0,4265
2021-06-15 09:38:10,17590.0,4265
2021-06-15 09:38:11,17590.0,4265
2021-06-15 09:38:12,17592.0,4266
2021-06-15 09:38:13,17592.0,4266
2021-06-15 09:38:15,17590.0,4267
2021-06-15 09:38:15,17590.0,4267
2021-06-15 09:38:16,17590.0,4268
2021-06-15 09:38:17,17592.4,4269
2021-06-15 09:38:18,17592.8,4271
2021-06-15 09:38:19,17592.8,4271
2021-06-15 09:38:20,17590.1,4272
2021-06-15 09:38:21,17590.1,4272
2021-06-15 09:38:23,17590.1,4272
2021-06-15 09:38:25,17590.1,4272
2021-06-15 09:38:25,17590.1,4272
2021-06-15 09:38:26,17590.1,4272
2021-06-15 09:38:27,17590.45,4274
2021-06-15 09:38:28,17590.45,4274
2021-06-15 09:38:30,17590.45,4274
2021-06-15 09:38:31,17590.45,4274
2021-06-15 09:38:31,17590.45,4274
2021-06-15 09:38:32,17590.45,4274
2021-06-15 09:38:33,17590.45,4274
2021-06-15 09:38:34,17590.45,4274
2021-06-15 09:38:35,17590.45,4274
2021-06-15 09:38:36,17590.45,4274
2021-06-15 09:38:37,17590.45,4275
2021-06-15 09:38:39,17590.45,4276
2021-06-15 09:38:39,17590.45,4278
2021-06-15 09:38:40,17590.45,4279
2021-06-15 09:38:41,17590.45,4280
2021-06-15 09:38:43,17590.45,4280
2021-06-15 09:38:45,17590.45,4280
2021-06-15 09:38:45,17590.45,4280
2021-06-15 09:38:46,17590.45,4280
2021-06-15 09:38:47,17590.45,4280
2021-06-15 09:38:48,17598.95,4295
2021-06-15 09:38:49,17598.95,4295
2021-06-15 09:38:50,17598.95,4295
2021-06-15 09:38:52,17607.15,4309
2021-06-15 09:38:53,17607.15,4309
2021-06-15 09:38:54,17607.15,4309
2021-06-15 09:38:54,17607.15,4309
2021-06-15 09:38:55,17607.15,4309
2021-06-15 09:38:56,17607.15,4309
2021-06-15 09:38:57,17607.15,4309
2021-06-15 09:38:59,17607.15,4309
2021-06-15 09:39:01,17607.15,4309
2021-06-15 09:39:02,17607.15,4309
2021-06-15 09:39:02,17607.15,4309
2021-06-15 09:39:03,17607.15,4309
2021-06-15 09:39:05,17607.15,4309
2021-06-15 09:39:06,17593.1,4316
2021-06-15 09:39:06,17607.15,4309
2021-06-15 09:39:07,17593.1,4316
2021-06-15 09:39:08,17593.1,4316
2021-06-15 09:39:09,17600.4,4318
2021-06-15 09:39:10,17600.4,4318
2021-06-15 09:39:12,17600.4,4318
2021-06-15 09:39:13,17600.4,4318
2021-06-15 09:39:14,17593.1,4323
2021-06-15 09:39:15,17593.1,4323
2021-06-15 09:39:15,17593.1,4323
2021-06-15 09:39:16,17593.1,4323
2021-06-15 09:39:17,17593.1,4323
2021-06-15 09:39:18,17593.1,4323
2021-06-15 09:39:20,17593.1,4323
2021-06-15 09:39:21,17593.1,4323
2021-06-15 09:39:22,17593.1,4323
2021-06-15 09:39:23,17593.1,4323
2021-06-15 09:39:25,17593.1,4323
2021-06-15 09:39:26,17593.1,4323
2021-06-15 09:39:28,17593.1,4323
2021-06-15 09:39:29,17593.1,4323
2021-06-15 09:39:30,17593.1,4323
2021-06-15 09:39:31,17598.9,4327
2021-06-15 09:39:33,17598.9,4327
2021-06-15 09:39:37,17598.9,4327
2021-06-15 09:39:37,17598.9,4327
2021-06-15 09:39:41,17593.1,4328
2021-06-15 09:39:41,17593.1,4328
2021-06-15 09:39:42,17584.9,4425
2021-06-15 09:39:43,17591.25,4428
2021-06-15 09:39:44,17591.25,4428
2021-06-15 09:39:46,17591.25,4428
2021-06-15 09:39:46,17602.7,4433
2021-06-15 09:39:47,17602.7,4433
2021-06-15 09:39:48,17602.7,4433
2021-06-15 09:39:49,17602.7,4433
2021-06-15 09:39:50,17602.7,4433
2021-06-15 09:39:52,17602.7,4433
2021-06-15 09:39:53,17602.7,4433
2021-06-15 09:39:55,17602.7,4433
2021-06-15 09:39:56,17602.7,4433
2021-06-15 09:39:58,17602.7,4433
2021-06-15 09:39:59,17602.7,4433
2021-06-15 09:40:00,17602.7,4433
2021-06-15 09:40:02,17602.7,4433
2021-06-15 09:40:02,17602.7,4433
2021-06-15 09:40:04,17596.0,4434
2021-06-15 09:40:04,17596.0,4434
2021-06-15 09:40:05,17596.0,4434
2021-06-15 09:40:07,17602.65,4436
2021-06-15 09:40:08,17602.65,4436
2021-06-15 09:40:08,17602.65,4436
2021-06-15 09:40:09,17602.65,4436
2021-06-15 09:40:10,17602.65,4436
2021-06-15 09:40:11,17602.65,4436
2021-06-15 09:40:15,17602.65,4436
2021-06-15 09:40:17,17598.0,4442
2021-06-15 09:40:18,17598.0,4442
2021-06-15 09:40:19,17598.05,4444
2021-06-15 09:40:20,17598.05,4445
2021-06-15 09:40:21,17598.05,4445
2021-06-15 09:40:21,17598.05,4445
2021-06-15 09:40:22,17598.05,4445
2021-06-15 09:40:23,17598.05,4445
2021-06-15 09:40:24,17598.05,4445
2021-06-15 09:40:25,17598.05,4445
2021-06-15 09:40:26,17598.05,4445
2021-06-15 09:40:27,17598.05,4445
2021-06-15 09:40:28,17598.05,4445
2021-06-15 09:40:29,17598.05,4445
2021-06-15 09:40:30,17598.05,4470
2021-06-15 09:40:31,17605.2,4471
2021-06-15 09:40:32,17605.2,4471
2021-06-15 09:40:33,17605.2,4471
2021-06-15 09:40:34,17605.2,4471
2021-06-15 09:40:35,17605.2,4471
2021-06-15 09:40:37,17605.2,4471
2021-06-15 09:40:38,17605.2,4471
2021-06-15 09:40:39,17605.2,4471
2021-06-15 09:40:40,17605.2,4471
2021-06-15 09:40:41,17605.2,4471
2021-06-15 09:40:41,17605.2,4471
2021-06-15 09:40:43,17599.3,4472
2021-06-15 09:40:44,17599.3,4472
2021-06-15 09:40:45,17599.3,4472
2021-06-15 09:40:46,17599.3,4472
2021-06-15 09:40:48,17599.3,4472
2021-06-15 09:40:49,17599.3,4472
2021-06-15 09:40:49,17599.4,4474
2021-06-15 09:40:50,17599.4,4474
2021-06-15 09:40:52,17599.4,4474
2021-06-15 09:40:53,17599.4,4474
2021-06-15 09:40:54,17599.4,4474
2021-06-15 09:40:54,17599.4,4474
2021-06-15 09:40:55,17599.4,4474
2021-06-15 09:40:56,17599.4,4474
2021-06-15 09:40:57,17599.5,4475
2021-06-15 09:40:59,17599.5,4475
2021-06-15 09:41:00,17599.55,4477
2021-06-15 09:41:01,17599.55,4477
2021-06-15 09:41:02,17599.55,4478
2021-06-15 09:41:03,17599.55,4478
2021-06-15 09:41:04,17599.55,4478
2021-06-15 09:41:05,17599.55,4488
2021-06-15 09:41:06,17599.55,4488
2021-06-15 09:41:07,17599.55,4488
2021-06-15 09:41:08,17599.55,4488
2021-06-15 09:41:09,17599.55,4488
2021-06-15 09:41:11,17599.55,4488
2021-06-15 09:41:11,17599.55,4488
2021-06-15 09:41:12,17599.55,4488
2021-06-15 09:41:14,17599.55,4488
2021-06-15 09:41:16,17599.55,4488
2021-06-15 09:41:16,17599.55,4488
2021-06-15 09:41:17,17599.55,4488
2021-06-15 09:41:18,17609.0,4489
2021-06-15 09:41:20,17609.0,4489
2021-06-15 09:41:21,17609.0,4489
2021-06-15 09:41:23,17609.0,4489
2021-06-15 09:41:26,17609.0,4489
2021-06-15 09:41:27,17609.0,4489
2021-06-15 09:41:28,17609.0,4493
2021-06-15 09:41:29,17609.0,4493
2021-06-15 09:41:29,17609.0,4493
2021-06-15 09:41:30,17609.0,4493
2021-06-15 09:41:31,17609.0,4493
2021-06-15 09:41:32,17609.0,4493
2021-06-15 09:41:34,17609.0,4493
2021-06-15 09:41:35,17609.0,4493
2021-06-15 09:41:36,17609.0,4493
2021-06-15 09:41:37,17609.0,4493
2021-06-15 09:41:40,17609.0,4493
2021-06-15 09:41:41,17609.0,4493
2021-06-15 09:41:42,17609.0,4493
2021-06-15 09:41:43,17609.0,4493
2021-06-15 09:41:44,17609.0,4493
2021-06-15 09:41:45,17609.0,4493
2021-06-15 09:41:46,17610.0,4533
2021-06-15 09:41:47,17609.0,4534
2021-06-15 09:41:48,17610.0,4592
2021-06-15 09:41:50,17610.0,4592
2021-06-15 09:41:52,17610.0,4592
2021-06-15 09:41:52,17610.0,4592
2021-06-15 09:41:54,17610.0,4592
2021-06-15 09:41:55,17610.0,4592
2021-06-15 09:41:56,17610.0,4592
2021-06-15 09:41:57,17615.0,4659
2021-06-15 09:41:58,17615.0,4659
2021-06-15 09:41:59,17615.0,4659
2021-06-15 09:42:00,17621.35,4693
2021-06-15 09:42:00,17621.35,4693
2021-06-15 09:42:01,17621.35,4693
2021-06-15 09:42:02,17621.35,4693
2021-06-15 09:42:03,17621.35,4693
2021-06-15 09:42:05,17621.35,4693
2021-06-15 09:42:06,17616.0,4704
2021-06-15 09:42:07,17616.0,4705
2021-06-15 09:42:08,17616.0,4710
2021-06-15 09:42:09,17616.0,4710
2021-06-15 09:42:10,17616.0,4710
2021-06-15 09:42:11,17616.0,4710
2021-06-15 09:42:12,17616.0,4710
2021-06-15 09:42:13,17616.0,4710
2021-06-15 09:42:14,17616.0,4710
2021-06-15 09:42:15,17616.0,4710
2021-06-15 09:42:17,17616.0,4710
2021-06-15 09:42:19,17616.0,4710
2021-06-15 09:42:20,17616.0,4710
2021-06-15 09:42:21,17616.0,4710
2021-06-15 09:42:22,17616.25,4711
2021-06-15 09:42:22,17616.25,4711
2021-06-15 09:42:23,17616.25,4711
2021-06-15 09:42:25,17616.25,4711
2021-06-15 09:42:26,17616.25,4711
2021-06-15 09:42:27,17616.25,4711
2021-06-15 09:42:28,17616.25,4711
2021-06-15 09:42:29,17616.25,4711
2021-06-15 09:42:30,17620.0,4731
2021-06-15 09:42:31,17611.6,4743
2021-06-15 09:42:31,17611.6,4743
2021-06-15 09:42:33,17611.6,4743
2021-06-15 09:42:34,17611.6,4743
2021-06-15 09:42:35,17611.6,4743
2021-06-15 09:42:36,17611.6,4743
2021-06-15 09:42:37,17611.6,4743
2021-06-15 09:42:38,17611.6,4743
2021-06-15 09:42:39,17611.6,4743
2021-06-15 09:42:40,17611.6,4743
2021-06-15 09:42:41,17611.6,4743
2021-06-15 09:42:41,17611.6,4743
2021-06-15 09:42:42,17611.6,4743
2021-06-15 09:42:43,17611.6,4743
2021-06-15 09:42:46,17611.6,4743
2021-06-15 09:42:47,17611.6,4743
2021-06-15 09:42:48,17611.6,4743
2021-06-15 09:42:50,17611.6,4743
2021-06-15 09:42:50,17611.6,4743
2021-06-15 09:42:51,17611.6,4743
2021-06-15 09:42:52,17611.6,4743
2021-06-15 09:42:53,17611.6,4743
2021-06-15 09:42:55,17611.6,4743
2021-06-15 09:42:57,17611.6,4743
2021-06-15 09:42:58,17611.6,4743
2021-06-15 09:42:59,17611.6,4745
2021-06-15 09:43:00,17609.4,4750
2021-06-15 09:43:01,17617.5,4760
2021-06-15 09:43:04,17617.5,4760
2021-06-15 09:43:05,17617.5,4760
2021-06-15 09:43:08,17617.5,4760
2021-06-15 09:43:10,17605.2,4810
2021-06-15 09:43:10,17605.2,4810
2021-06-15 09:43:15,17605.2,4810
2021-06-15 09:43:16,17605.2,4810
2021-06-15 09:43:17,17605.2,4810
2021-06-15 09:43:18,17605.2,4810
2021-06-15 09:43:19,17605.2,4810
2021-06-15 09:43:20,17605.2,4810
2021-06-15 09:43:21,17605.2,4810
2021-06-15 09:43:23,17605.2,4810
2021-06-15 09:43:24,17605.2,4810
2021-06-15 09:43:26,17605.2,4810
2021-06-15 09:43:27,17605.2,4810
2021-06-15 09:43:28,17605.2,4810
2021-06-15 09:43:30,17605.2,4810
2021-06-15 09:43:30,17605.2,4810
2021-06-15 09:43:32,17605.2,4810
2021-06-15 09:43:33,17605.2,4810
2021-06-15 09:43:36,17605.2,4810
2021-06-15 09:43:39,17605.2,4810
2021-06-15 09:43:40,17605.2,4810
2021-06-15 09:43:41,17605.2,4810
2021-06-15 09:43:42,17605.2,4810
2021-06-15 09:43:43,17605.2,4810
2021-06-15 09:43:45,17605.2,4810
2021-06-15 09:43:46,17605.2,4810
2021-06-15 09:43:48,17609.55,4818
2021-06-15 09:43:49,17609.55,4818
2021-06-15 09:43:49,17609.55,4818
2021-06-15 09:43:51,17609.55,4818
2021-06-15 09:43:51,17609.55,4818
2021-06-15 09:43:53,17609.55,4818
2021-06-15 09:43:54,17609.55,4818
2021-06-15 09:43:55,17609.55,4818
2021-06-15 09:43:56,17609.55,4818
2021-06-15 09:43:57,17609.55,4818
2021-06-15 09:43:59,17609.55,4819
2021-06-15 09:44:00,17609.55,4819
2021-06-15 09:44:01,17609.55,4819
2021-06-15 09:44:04,17609.55,4819
2021-06-15 09:44:05,17609.55,4819
2021-06-15 09:44:10,17609.55,4819
2021-06-15 09:44:11,17609.55,4820
2021-06-15 09:44:12,17605.2,4840
2021-06-15 09:44:13,17606.6,4845
2021-06-15 09:44:14,17606.6,4845
2021-06-15 09:44:16,17606.6,4845
2021-06-15 09:44:17,17606.6,4845
2021-06-15 09:44:17,17606.6,4845
2021-06-15 09:44:18,17599.0,4875
2021-06-15 09:44:19,17599.0,4877
2021-06-15 09:44:20,17599.0,4877
2021-06-15 09:44:22,17599.0,4877
2021-06-15 09:44:22,17599.0,4877
2021-06-15 09:44:24,17599.0,4877
2021-06-15 09:44:24,17599.0,4877
2021-06-15 09:44:26,17599.0,4877
2021-06-15 09:44:26,17599.0,4877
2021-06-15 09:44:28,17606.4,4878
2021-06-15 09:44:29,17606.4,4878
2021-06-15 09:44:30,17611.25,4881
2021-06-15 09:44:31,17611.25,4881
2021-06-15 09:44:32,17611.25,4881
2021-06-15 09:44:33,17611.25,4881
2021-06-15 09:44:34,17611.25,4881
2021-06-15 09:44:35,17611.25,4881
2021-06-15 09:44:37,17611.25,4881
2021-06-15 09:44:39,17611.25,4881
2021-06-15 09:44:40,17611.25,4881
2021-06-15 09:44:41,17611.25,4881
2021-06-15 09:44:42,17611.25,4881
2021-06-15 09:44:50,17614.8,4884
2021-06-15 09:44:51,17614.8,4884
2021-06-15 09:44:52,17614.8,4884
2021-06-15 09:44:52,17614.8,4884
2021-06-15 09:44:54,17614.8,4884
2021-06-15 09:44:58,17614.8,4884
2021-06-15 09:44:59,17614.8,4884
2021-06-15 09:44:59,17614.8,4884
2021-06-15 09:45:00,17612.5,4887
2021-06-15 09:45:02,17612.5,4887
2021-06-15 09:45:04,17612.5,4887
2021-06-15 09:45:05,17612.5,4887
2021-06-15 09:45:07,17612.5,4887
2021-06-15 09:45:08,17612.5,4887
2021-06-15 09:45:09,17612.5,4887
2021-06-15 09:45:10,17612.5,4887
2021-06-15 09:45:11,17612.5,4887
2021-06-15 09:45:13,17612.5,4887
2021-06-15 09:45:15,17610.0,4888
2021-06-15 09:45:16,17610.0,4888
2021-06-15 09:45:17,17610.0,4888
2021-06-15 09:45:18,17605.6,4889
2021-06-15 09:45:19,17605.6,4889
2021-06-15 09:45:20,17605.6,4889
2021-06-15 09:45:21,17605.6,4889
2021-06-15 09:45:23,17605.6,4889
2021-06-15 09:45:24,17605.6,4889
2021-06-15 09:45:25,17605.6,4889
2021-06-15 09:45:27,17605.6,4889
2021-06-15 09:45:27,17605.6,4889
2021-06-15 09:45:28,17605.6,4889
2021-06-15 09:45:29,17605.6,4889
2021-06-15 09:45:30,17610.0,4892
2021-06-15 09:45:31,17610.0,4892
2021-06-15 09:45:34,17610.0,4892
2021-06-15 09:45:35,17610.0,4892
2021-06-15 09:45:36,17610.0,4892
2021-06-15 09:45:39,17610.0,4892
2021-06-15 09:45:40,17610.0,4892
2021-06-15 09:45:41,17610.0,4892
2021-06-15 09:45:42,17610.0,4892
2021-06-15 09:45:44,17610.0,4892
2021-06-15 09:45:45,17610.55,4895
2021-06-15 09:45:46,17610.55,4895
2021-06-15 09:45:47,17610.55,4895
2021-06-15 09:45:48,17609.9,4925
2021-06-15 09:45:49,17612.75,4990
2021-06-15 09:45:50,17612.75,4990
2021-06-15 09:45:51,17612.75,4990
2021-06-15 09:45:52,17612.75,4990
2021-06-15 09:45:53,17612.75,4990
2021-06-15 09:45:55,17612.75,4990
2021-06-15 09:45:56,17612.75,4990
2021-06-15 09:45:58,17612.75,4990
2021-06-15 09:45:59,17612.75,4990
2021-06-15 09:46:00,17612.75,4990
2021-06-15 09:46:01,17609.9,4991
2021-06-15 09:46:02,17609.9,4992
2021-06-15 09:46:03,17612.5,4994
2021-06-15 09:46:04,17609.9,4995
2021-06-15 09:46:05,17609.9,4996
2021-06-15 09:46:06,17609.9,4996
2021-06-15 09:46:07,17609.9,5009
2021-06-15 09:46:08,17609.9,5009
2021-06-15 09:46:09,17609.9,5009
2021-06-15 09:46:10,17610.65,5010
2021-06-15 09:46:11,17610.65,5010
2021-06-15 09:46:12,17610.65,5010
2021-06-15 09:46:13,17610.65,5010
2021-06-15 09:46:14,17610.65,5010
2021-06-15 09:46:15,17610.65,5010
2021-06-15 09:46:16,17610.65,5010
2021-06-15 09:46:17,17610.65,5010
2021-06-15 09:46:18,17610.65,5010
2021-06-15 09:46:19,17615.0,5011
2021-06-15 09:46:21,17609.9,5029
2021-06-15 09:46:22,17609.9,5029
2021-06-15 09:46:24,17609.9,5029
2021-06-15 09:46:25,17609.9,5029
2021-06-15 09:46:26,17612.75,5059
2021-06-15 09:46:27,17612.75,5059
2021-06-15 09:46:28,17612.75,5059
2021-06-15 09:46:29,17612.75,5059
2021-06-15 09:46:30,17612.75,5059
2021-06-15 09:46:31,17609.9,5064
2021-06-15 09:46:33,17609.9,5064
2021-06-15 09:46:32,17609.9,5064
2021-06-15 09:46:34,17609.9,5064
2021-06-15 09:46:35,17609.9,5064
2021-06-15 09:46:36,17602.1,5068
2021-06-15 09:46:37,17602.1,5068
2021-06-15 09:46:38,17602.1,5068
2021-06-15 09:46:40,17602.1,5068
2021-06-15 09:46:41,17612.0,5078
2021-06-15 09:46:43,17612.0,5078
2021-06-15 09:46:44,17612.0,5078
2021-06-15 09:46:46,17612.0,5078
2021-06-15 09:46:48,17612.0,5078
2021-06-15 09:46:49,17612.0,5078
2021-06-15 09:46:50,17612.0,5078
2021-06-15 09:46:51,17612.0,5078
2021-06-15 09:46:52,17612.0,5078
2021-06-15 09:46:54,17612.0,5078
2021-06-15 09:46:56,17603.0,5085
2021-06-15 09:46:55,17603.05,5081
2021-06-15 09:46:57,17610.0,5089
2021-06-15 09:46:58,17610.0,5089
2021-06-15 09:47:00,17610.0,5089
2021-06-15 09:47:01,17610.0,5089
2021-06-15 09:47:02,17610.0,5089
2021-06-15 09:47:03,17610.0,5089
2021-06-15 09:47:09,17610.0,5089
2021-06-15 09:47:10,17610.0,5089
2021-06-15 09:47:11,17610.0,5089
2021-06-15 09:47:12,17610.0,5089
2021-06-15 09:47:14,17610.0,5089
2021-06-15 09:47:16,17610.0,5089
2021-06-15 09:47:18,17610.0,5089
2021-06-15 09:47:20,17611.4,5095
2021-06-15 09:47:22,17611.4,5095
2021-06-15 09:47:23,17611.4,5095
2021-06-15 09:47:24,17611.4,5095
2021-06-15 09:47:25,17611.4,5095
2021-06-15 09:47:26,17611.4,5095
2021-06-15 09:47:27,17611.4,5095
2021-06-15 09:47:28,17611.4,5095
2021-06-15 09:47:29,17611.4,5095
2021-06-15 09:47:30,17611.4,5095
2021-06-15 09:47:31,17611.4,5095
2021-06-15 09:47:33,17611.4,5095
2021-06-15 09:47:34,17611.4,5095
2021-06-15 09:47:39,17611.4,5095
2021-06-15 09:47:44,17611.4,5095
2021-06-15 09:47:53,17611.4,5095
2021-06-15 09:47:58,17612.0,5098
2021-06-15 09:48:02,17612.0,5098
2021-06-15 09:48:07,17604.6,5102
2021-06-15 09:48:16,17604.6,5102
2021-06-15 09:48:20,17604.6,5102
2021-06-15 09:48:24,17611.9,5107
2021-06-15 09:48:29,17611.9,5107
2021-06-15 09:48:34,17611.9,5107
2021-06-15 09:48:39,17611.9,5107
2021-06-15 09:48:43,17611.8,5113
2021-06-15 09:48:48,17611.8,5113
2021-06-15 09:48:53,17609.95,5156
2021-06-15 09:48:57,17614.8,5276
2021-06-15 09:49:02,17614.8,5276
2021-06-15 09:49:11,17620.0,5292
2021-06-15 09:49:16,17620.0,5293
2021-06-15 09:49:26,17617.6,5297
2021-06-15 09:49:30,17617.6,5297
2021-06-15 09:49:35,17620.0,5316
2021-06-15 09:49:40,17620.0,5316
2021-06-15 09:49:44,17617.6,5318
2021-06-15 09:49:48,17617.6,5321
2021-06-15 09:49:53,17622.0,5331
2021-06-15 09:49:58,17622.0,5331
2021-06-15 09:50:02,17622.0,5331
2021-06-15 09:50:06,17617.6,5344
2021-06-15 09:50:10,17617.6,5345
2021-06-15 09:50:15,17622.0,5346
2021-06-15 09:50:19,17619.8,5347
2021-06-15 09:50:28,17619.8,5348
2021-06-15 09:50:32,17622.0,5349
2021-06-15 09:50:37,17622.0,5349
2021-06-15 09:50:41,17622.0,5349
2021-06-15 09:50:45,17622.0,5350
2021-06-15 09:50:50,17622.0,5372
2021-06-15 09:50:54,17622.0,5374
2021-06-15 09:50:58,17622.0,5374
2021-06-15 09:51:03,17622.0,5374
2021-06-15 09:51:11,17627.95,5436
2021-06-15 09:51:15,17626.05,5437
2021-06-15 09:51:19,17628.0,5438
2021-06-15 09:51:23,17632.0,5469
2021-06-15 09:51:27,17626.7,5475
2021-06-15 09:51:32,17628.0,5476
2021-06-15 09:51:36,17626.75,5477
2021-06-15 09:51:41,17626.75,5481
2021-06-15 09:51:45,17626.75,5483
2021-06-15 09:51:49,17626.75,5508
2021-06-15 09:51:54,17626.75,5508
2021-06-15 09:51:58,17630.0,5509
2021-06-15 09:52:02,17626.75,5514
2021-06-15 09:52:07,17626.75,5515
2021-06-15 09:52:11,17627.5,5516
2021-06-15 09:52:15,17623.0,5583
2021-06-15 09:52:20,17623.65,5595
2021-06-15 09:52:24,17624.95,5596
2021-06-15 09:52:29,17624.95,5596
2021-06-15 09:52:33,17625.0,5601
2021-06-15 09:52:37,17625.0,5601
2021-06-15 09:52:41,17625.0,5601
2021-06-15 09:52:46,17627.5,5656
2021-06-15 09:52:50,17625.05,5670
2021-06-15 09:52:54,17631.85,5678
2021-06-15 09:52:58,17625.05,5679
2021-06-15 09:53:02,17631.9,5680
2021-06-15 09:53:07,17631.9,5680
2021-06-15 09:53:11,17631.9,5680
2021-06-15 09:53:15,17625.55,5683
2021-06-15 09:53:19,17625.55,5683
2021-06-15 09:53:27,17625.55,5683
2021-06-15 09:53:32,17625.55,5683
2021-06-15 09:53:36,17625.55,5683
2021-06-15 09:53:40,17625.55,5683
2021-06-15 09:53:45,17630.9,5690
2021-06-15 09:53:50,17630.45,5691
2021-06-15 09:53:54,17629.8,5702
2021-06-15 09:53:58,17629.8,5702
2021-06-15 09:54:03,17629.8,5702
2021-06-15 09:54:07,17629.8,5707
2021-06-15 09:54:12,17629.8,5707
2021-06-15 09:54:16,17629.8,5707
2021-06-15 09:54:20,17629.8,5713
2021-06-15 09:54:24,17623.3,5725
2021-06-15 09:54:28,17623.3,5729
2021-06-15 09:54:32,17623.3,5731
2021-06-15 09:54:37,17623.2,5742
2021-06-15 09:54:42,17623.2,5742
2021-06-15 09:54:47,17623.2,5742
2021-06-15 09:54:51,17620.5,5747
2021-06-15 09:54:55,17620.85,5758
2021-06-15 09:54:59,17617.6,5783
2021-06-15 09:55:04,17617.6,5783
2021-06-15 09:55:13,17612.0,5786
2021-06-15 09:55:17,17612.0,5786
2021-06-15 09:55:25,17610.0,5808
2021-06-15 09:55:29,17610.0,5808
2021-06-15 09:55:33,17615.0,5812
2021-06-15 09:55:37,17615.0,5812
2021-06-15 09:55:42,17609.75,5817
2021-06-15 09:55:46,17609.75,5818
2021-06-15 09:55:51,17609.75,5818
2021-06-15 09:55:55,17609.75,5818
2021-06-15 09:56:00,17609.75,5824
2021-06-15 09:56:04,17609.75,5824
2021-06-15 09:56:09,17609.75,5824
2021-06-15 09:56:17,17616.9,5825
2021-06-15 09:56:20,17606.4,5875
2021-06-15 09:56:25,17615.0,5900
2021-06-15 09:56:29,17605.6,5902
2021-06-15 09:56:33,17605.6,5902
2021-06-15 09:56:37,17605.6,5902
2021-06-15 09:56:41,17605.6,5903
2021-06-15 09:56:45,17605.6,5903
2021-06-15 09:56:49,17605.6,5903
2021-06-15 09:56:53,17605.6,5903
2021-06-15 09:56:57,17605.6,5903
2021-06-15 09:57:02,17614.4,5914
2021-06-15 09:57:10,17606.4,5916
2021-06-15 09:57:14,17614.65,5917
2021-06-15 09:57:18,17614.65,5917
2021-06-15 09:57:22,17610.55,5922
2021-06-15 09:57:26,17610.55,5922
2021-06-15 09:57:30,17610.55,5922
2021-06-15 09:57:34,17610.55,5922
2021-06-15 09:57:38,17612.0,5946
2021-06-15 09:57:42,17612.0,5946
2021-06-15 09:57:46,17620.55,5947
2021-06-15 09:57:49,17614.4,5952
2021-06-15 09:57:53,17614.4,5952
2021-06-15 09:57:58,17616.0,5953
2021-06-15 09:58:02,17616.0,5953
2021-06-15 09:58:06,17616.0,5953
2021-06-15 09:58:10,17616.0,5953
2021-06-15 09:58:13,17616.0,5953
2021-06-15 09:58:17,17621.25,5954
2021-06-15 09:58:29,17618.65,5957
2021-06-15 09:58:33,17618.65,5967
2021-06-15 09:58:38,17618.65,5967
2021-06-15 09:58:42,17618.65,5967
2021-06-15 09:58:46,17623.6,5970
2021-06-15 09:58:50,17623.65,5971
2021-06-15 09:59:01,17623.6,5974
2021-06-15 09:59:05,17623.6,5974
2021-06-15 09:59:13,17623.6,5974
2021-06-15 09:59:17,17628.95,5975
2021-06-15 09:59:21,17628.95,5975
2021-06-15 09:59:25,17628.95,5975
2021-06-15 09:59:29,17628.95,5975
2021-06-15 09:59:33,17626.25,5995
2021-06-15 09:59:37,17626.25,5995
2021-06-15 09:59:41,17626.25,5996
2021-06-15 09:59:45,17626.25,5996
2021-06-15 09:59:49,17626.25,5996
2021-06-15 09:59:52,17626.25,5996
2021-06-15 09:59:57,17626.25,5996
2021-06-15 10:00:01,17626.25,5996
2021-06-15 10:00:08,17626.25,5997
2021-06-15 10:00:12,17626.25,6001
2021-06-15 10:00:17,17626.25,6001
2021-06-15 10:00:21,17626.25,6001
2021-06-15 10:00:25,17628.45,6002
2021-06-15 10:00:29,17628.45,6002
2021-06-15 10:00:34,17628.45,6002
2021-06-15 10:00:38,17628.45,6002
2021-06-15 10:00:42,17628.95,6009
2021-06-15 10:00:46,17628.95,6012
2021-06-15 10:00:50,17628.95,6012
2021-06-15 10:00:54,17628.95,6013
2021-06-15 10:00:59,17628.95,6044
2021-06-15 10:01:03,17627.6,6048
2021-06-15 10:01:12,17627.6,6048
2021-06-15 10:01:16,17628.95,6049
2021-06-15 10:01:21,17628.95,6049
2021-06-15 10:01:25,17628.95,6058
2021-06-15 10:01:29,17628.95,6059
2021-06-15 10:01:33,17628.25,6060
2021-06-15 10:01:37,17628.25,6060
2021-06-15 10:01:41,17628.25,6060
2021-06-15 10:01:45,17628.6,6127
2021-06-15 10:01:50,17632.0,6134
2021-06-15 10:01:54,17632.0,6134
2021-06-15 10:01:58,17632.0,6134
2021-06-15 10:02:02,17632.0,6134
2021-06-15 10:02:06,17632.0,6134
2021-06-15 10:02:10,17632.0,6134
2021-06-15 10:02:15,17632.0,6135
2021-06-15 10:02:19,17630.3,6136
2021-06-15 10:02:23,17631.95,6222
2021-06-15 10:02:27,17631.95,6222
2021-06-15 10:02:31,17631.95,6222
2021-06-15 10:02:34,17635.0,6228
2021-06-15 10:02:34,17629.2,6231
2021-06-15 10:02:35,17629.2,6231
2021-06-15 10:02:36,17629.2,6231
2021-06-15 10:02:37,17629.2,6231
2021-06-15 10:02:38,17629.2,6231
2021-06-15 10:02:39,17629.2,6231
2021-06-15 10:02:41,17629.2,6231
2021-06-15 10:02:41,17629.2,6231
2021-06-15 10:02:42,17629.2,6231
2021-06-15 10:02:44,17629.2,6231
2021-06-15 10:02:46,17629.2,6231
2021-06-15 10:02:47,17629.2,6231
2021-06-15 10:02:50,17629.2,6231
2021-06-15 10:02:50,17629.2,6231
2021-06-15 10:02:51,17632.0,6240
2021-06-15 10:02:53,17632.0,6240
2021-06-15 10:02:54,17628.6,6246
2021-06-15 10:02:55,17628.6,6246
2021-06-15 10:02:56,17628.6,6246
2021-06-15 10:02:57,17628.6,6246
2021-06-15 10:02:58,17628.6,6246
2021-06-15 10:02:59,17628.6,6246
2021-06-15 10:03:00,17628.6,6246
2021-06-15 10:03:00,17628.6,6246
2021-06-15 10:03:01,17628.6,6246
2021-06-15 10:03:03,17628.6,6246
2021-06-15 10:03:03,17628.6,6247
2021-06-15 10:03:04,17632.0,6251
2021-06-15 10:03:05,17632.0,6251
2021-06-15 10:03:07,17635.2,6266
2021-06-15 10:03:08,17635.2,6266
2021-06-15 10:03:08,17636.0,6295
2021-06-15 10:03:09,17635.0,6296
2021-06-15 10:03:10,17635.0,6296
2021-06-15 10:03:13,17628.65,6297
2021-06-15 10:03:14,17637.9,6298
2021-06-15 10:03:15,17642.4,6404
2021-06-15 10:03:16,17642.4,6404
2021-06-15 10:03:18,17642.4,6404
2021-06-15 10:03:19,17642.4,6404
2021-06-15 10:03:20,17643.0,6405
2021-06-15 10:03:21,17643.0,6405
2021-06-15 10:03:22,17643.0,6405
2021-06-15 10:03:23,17643.0,6405
2021-06-15 10:03:24,17643.0,6405
2021-06-15 10:03:25,17643.0,6405
2021-06-15 10:03:26,17643.0,6405
2021-06-15 10:03:27,17643.0,6405
2021-06-15 10:03:28,17643.0,6405
2021-06-15 10:03:29,17643.0,6405
2021-06-15 10:03:30,17636.05,6406
2021-06-15 10:03:31,17636.05,6406
2021-06-15 10:03:32,17636.05,6406
2021-06-15 10:03:33,17636.05,6406
2021-06-15 10:03:34,17636.05,6406
2021-06-15 10:03:35,17634.15,6419
2021-06-15 10:03:37,17634.15,6419
2021-06-15 10:03:38,17634.15,6419
2021-06-15 10:03:40,17634.15,6419
2021-06-15 10:03:42,17634.15,6419
2021-06-15 10:03:43,17634.15,6419
2021-06-15 10:03:43,17634.15,6419
2021-06-15 10:03:45,17634.15,6419
2021-06-15 10:03:45,17634.15,6419
2021-06-15 10:03:46,17634.15,6419
2021-06-15 10:03:47,17634.15,6419
2021-06-15 10:03:48,17634.15,6419
2021-06-15 10:03:50,17635.65,6421
2021-06-15 10:03:51,17635.65,6421
2021-06-15 10:03:52,17635.65,6421
2021-06-15 10:03:53,17635.65,6421
2021-06-15 10:03:54,17635.65,6421
2021-06-15 10:03:54,17635.65,6421
2021-06-15 10:03:55,17635.65,6421
2021-06-15 10:03:57,17635.65,6421
2021-06-15 10:03:58,17635.65,6421
2021-06-15 10:03:59,17635.65,6421
2021-06-15 10:04:00,17635.65,6421
2021-06-15 10:04:01,17635.65,6421
2021-06-15 10:04:02,17641.15,6426
2021-06-15 10:04:05,17641.15,6427
2021-06-15 10:04:06,17641.15,6439
2021-06-15 10:04:07,17641.15,6439
2021-06-15 10:04:08,17632.45,6442
2021-06-15 10:04:09,17632.45,6442
2021-06-15 10:04:10,17632.45,6442
2021-06-15 10:04:12,17632.45,6442
2021-06-15 10:04:13,17632.45,6442
2021-06-15 10:04:14,17632.45,6442
2021-06-15 10:04:15,17632.45,6442
2021-06-15 10:04:16,17632.45,6442
2021-06-15 10:04:19,17632.45,6442
2021-06-15 10:04:20,17632.45,6442
2021-06-15 10:04:22,17632.45,6442
2021-06-15 10:04:23,17632.45,6442
2021-06-15 10:04:24,17632.45,6442
2021-06-15 10:04:28,17633.25,6444
2021-06-15 10:04:29,17633.25,6444
2021-06-15 10:04:30,17633.25,6444
2021-06-15 10:04:32,17633.25,6444
2021-06-15 10:04:32,17633.25,6444
2021-06-15 10:04:33,17633.25,6444
2021-06-15 10:04:35,17633.25,6444
2021-06-15 10:04:38,17633.25,6444
2021-06-15 10:04:40,17633.25,6444
2021-06-15 10:04:42,17636.1,6445
2021-06-15 10:04:43,17636.1,6445
2021-06-15 10:04:45,17636.1,6445
2021-06-15 10:04:46,17639.0,6454
2021-06-15 10:04:47,17639.0,6454
2021-06-15 10:04:48,17639.0,6454
2021-06-15 10:04:49,17639.0,6454
2021-06-15 10:04:49,17633.25,6455
2021-06-15 10:04:50,17633.25,6455
2021-06-15 10:04:51,17638.9,6458
2021-06-15 10:04:53,17638.9,6458
2021-06-15 10:04:57,17638.9,6458
2021-06-15 10:04:58,17638.9,6458
2021-06-15 10:04:59,17633.25,6459
2021-06-15 10:05:00,17633.25,6460
2021-06-15 10:05:01,17633.25,6462
2021-06-15 10:05:02,17633.25,6464
2021-06-15 10:05:03,17633.25,6465
2021-06-15 10:05:04,17637.0,6466
2021-06-15 10:05:05,17637.0,6466
2021-06-15 10:05:06,17637.0,6470
2021-06-15 10:05:07,17637.0,6470
2021-06-15 10:05:08,17637.0,6470
2021-06-15 10:05:10,17637.0,6470
2021-06-15 10:05:16,17637.0,6470
2021-06-15 10:05:17,17637.0,6470
2021-06-15 10:05:19,17637.0,6470
2021-06-15 10:05:20,17637.0,6470
2021-06-15 10:05:22,17637.0,6470
2021-06-15 10:05:25,17637.0,6470
2021-06-15 10:05:26,17637.0,6470
2021-06-15 10:05:27,17637.0,6470
2021-06-15 10:05:28,17637.0,6470
2021-06-15 10:05:29,17637.0,6470
2021-06-15 10:05:30,17637.0,6470
2021-06-15 10:05:31,17637.0,6470
2021-06-15 10:05:34,17637.0,6470
2021-06-15 10:05:36,17637.0,6470
2021-06-15 10:05:37,17637.0,6470
2021-06-15 10:05:38,17637.0,6470
2021-06-15 10:05:38,17637.0,6470
2021-06-15 10:05:41,17637.0,6470
2021-06-15 10:05:44,17635.6,6471
2021-06-15 10:05:45,17635.6,6471
2021-06-15 10:05:49,17641.8,6557
2021-06-15 10:05:50,17641.8,6557
2021-06-15 10:05:51,17641.8,6557
2021-06-15 10:05:51,17641.8,6557
2021-06-15 10:05:53,17641.8,6557
2021-06-15 10:05:53,17641.8,6557
2021-06-15 10:05:54,17641.8,6557
2021-06-15 10:05:55,17641.8,6557
2021-06-15 10:05:57,17641.8,6557
2021-06-15 10:05:59,17641.8,6557
2021-06-15 10:06:00,17641.8,6557
2021-06-15 10:06:01,17641.8,6557
2021-06-15 10:06:07,17641.8,6557
2021-06-15 10:06:09,17641.8,6557
2021-06-15 10:06:10,17641.8,6557
2021-06-15 10:06:11,17641.8,6557
2021-06-15 10:06:12,17641.8,6557
2021-06-15 10:06:14,17646.0,6558
2021-06-15 10:06:15,17646.0,6558
2021-06-15 10:06:16,17642.6,6570
2021-06-15 10:06:17,17642.6,6570
2021-06-15 10:06:19,17642.6,6570
2021-06-15 10:06:19,17642.6,6570
2021-06-15 10:06:21,17642.6,6591
2021-06-15 10:06:23,17642.6,6591
2021-06-15 10:06:25,17642.6,6591
2021-06-15 10:06:26,17642.6,6591
2021-06-15 10:06:28,17642.6,6591
2021-06-15 10:06:30,17642.6,6591
2021-06-15 10:06:31,17642.6,6591
2021-06-15 10:06:32,17642.6,6591
2021-06-15 10:06:34,17642.6,6591
2021-06-15 10:06:37,17646.0,6592
2021-06-15 10:06:38,17646.0,6592
2021-06-15 10:06:39,17646.0,6592
2021-06-15 10:06:40,17646.0,6594
2021-06-15 10:06:43,17646.0,6594
2021-06-15 10:06:46,17646.0,6597
2021-06-15 10:06:48,17646.0,6597
2021-06-15 10:06:52,17646.0,6597
2021-06-15 10:06:55,17646.0,6597
2021-06-15 10:06:55,17646.0,6597
2021-06-15 10:06:56,17646.0,6597
2021-06-15 10:06:58,17646.0,6597
2021-06-15 10:07:00,17644.3,6598
2021-06-15 10:07:01,17644.3,6598
2021-06-15 10:07:02,17644.3,6601
2021-06-15 10:07:06,17644.3,6601
2021-06-15 10:07:07,17644.3,6601
2021-06-15 10:07:08,17644.3,6601
2021-06-15 10:07:09,17645.15,6602
2021-06-15 10:07:10,17645.15,6602
2021-06-15 10:07:11,17644.3,6606
2021-06-15 10:07:13,17644.3,6606
2021-06-15 10:07:15,17644.3,6606
2021-06-15 10:07:14,17644.3,6606
2021-06-15 10:07:16,17644.3,6606
2021-06-15 10:07:17,17642.6,6607
2021-06-15 10:07:18,17644.3,6608
2021-06-15 10:07:19,17644.3,6608
2021-06-15 10:07:20,17644.3,6609
2021-06-15 10:07:21,17644.3,6609
2021-06-15 10:07:24,17644.3,6609
2021-06-15 10:07:25,17644.3,6609
2021-06-15 10:07:26,17644.3,6609
2021-06-15 10:07:27,17644.3,6609
2021-06-15 10:07:28,17642.6,6620
2021-06-15 10:07:29,17635.05,6621
2021-06-15 10:07:30,17635.05,6621
2021-06-15 10:07:31,17635.05,6621
2021-06-15 10:07:32,17635.05,6621
2021-06-15 10:07:34,17635.05,6621
2021-06-15 10:07:35,17635.05,6621
2021-06-15 10:07:36,17642.6,6627
2021-06-15 10:07:37,17642.6,6627
2021-06-15 10:07:38,17642.6,6627
2021-06-15 10:07:39,17642.6,6627
2021-06-15 10:07:40,17642.6,6627
2021-06-15 10:07:41,17642.6,6627
2021-06-15 10:07:42,17642.6,6627
2021-06-15 10:07:43,17642.6,6627
2021-06-15 10:07:44,17640.0,6628
2021-06-15 10:07:46,17640.0,6628
2021-06-15 10:07:47,17640.0,6628
2021-06-15 10:07:48,17640.0,6628
2021-06-15 10:07:49,17640.0,6628
2021-06-15 10:07:50,17640.0,6628
2021-06-15 10:07:51,17640.0,6628
2021-06-15 10:07:54,17640.0,6628
2021-06-15 10:07:56,17632.55,6629
2021-06-15 10:07:57,17632.55,6629
2021-06-15 10:07:58,17632.55,6629
2021-06-15 10:08:00,17632.55,6629
2021-06-15 10:08:01,17639.75,6630
2021-06-15 10:08:02,17639.75,6630
2021-06-15 10:08:03,17639.75,6630
2021-06-15 10:08:04,17639.75,6630
2021-06-15 10:08:05,17639.75,6630
2021-06-15 10:08:06,17632.55,6640
2021-06-15 10:08:07,17632.55,6640
2021-06-15 10:08:08,17632.55,6640
2021-06-15 10:08:09,17632.55,6640
2021-06-15 10:08:10,17632.55,6640
2021-06-15 10:08:11,17639.45,6641
2021-06-15 10:08:17,17639.45,6641
2021-06-15 10:08:21,17639.45,6641
2021-06-15 10:08:22,17639.45,6641
2021-06-15 10:08:23,17639.45,6641
2021-06-15 10:08:24,17639.45,6641
2021-06-15 10:08:25,17639.45,6641
2021-06-15 10:08:26,17639.45,6641
2021-06-15 10:08:27,17639.45,6641
2021-06-15 10:08:28,17639.45,6641
2021-06-15 10:08:29,17639.45,6641
2021-06-15 10:08:30,17639.45,6641
2021-06-15 10:08:31,17639.45,6641
2021-06-15 10:08:33,17639.45,6641
2021-06-15 10:08:34,17639.45,6641
2021-06-15 10:08:35,17639.55,6645
2021-06-15 10:08:37,17639.55,6645
2021-06-15 10:08:38,17639.55,6645
2021-06-15 10:08:39,17636.05,6646
2021-06-15 10:08:40,17636.05,6647
2021-06-15 10:08:41,17636.05,6647
2021-06-15 10:08:44,17636.05,6647
2021-06-15 10:08:45,17636.05,6647
2021-06-15 10:08:46,17636.05,6647
2021-06-15 10:08:47,17636.05,6647
2021-06-15 10:08:48,17636.05,6648
2021-06-15 10:08:49,17636.05,6648
2021-06-15 10:08:50,17636.05,6648
2021-06-15 10:08:51,17636.05,6648
2021-06-15 10:08:53,17636.05,6648
2021-06-15 10:08:54,17636.05,6648
2021-06-15 10:08:55,17636.05,6648
2021-06-15 10:08:56,17636.05,6648
2021-06-15 10:08:57,17636.05,6648
2021-06-15 10:08:58,17636.05,6648
2021-06-15 10:09:00,17636.05,6648
2021-06-15 10:09:01,17636.05,6648
2021-06-15 10:09:03,17636.05,6648
2021-06-15 10:09:04,17636.05,6648
2021-06-15 10:09:05,17636.05,6648
2021-06-15 10:09:06,17636.05,6648
2021-06-15 10:09:07,17639.4,6649
2021-06-15 10:09:08,17638.95,6650
2021-06-15 10:09:09,17638.95,6665
2021-06-15 10:09:10,17638.95,6685
2021-06-15 10:09:11,17638.95,6685
2021-06-15 10:09:12,17638.95,6685
2021-06-15 10:09:13,17638.95,6685
2021-06-15 10:09:15,17638.95,6685
2021-06-15 10:09:16,17638.95,6685
2021-06-15 10:09:17,17638.95,6685
2021-06-15 10:09:18,17638.95,6685
2021-06-15 10:09:21,17638.95,6685
2021-06-15 10:09:22,17638.95,6685
2021-06-15 10:09:24,17639.75,6686
2021-06-15 10:09:24,17639.75,6686
2021-06-15 10:09:25,17639.75,6686
2021-06-15 10:09:26,17639.75,6686
2021-06-15 10:09:27,17639.75,6686
2021-06-15 10:09:28,17639.75,6686
2021-06-15 10:09:30,17639.75,6686
2021-06-15 10:09:31,17639.75,6686
2021-06-15 10:09:33,17639.75,6686
2021-06-15 10:09:33,17639.75,6686
2021-06-15 10:09:34,17640.0,6693
2021-06-15 10:09:35,17640.0,6693
2021-06-15 10:09:36,17644.0,6695
2021-06-15 10:09:37,17644.0,6695
2021-06-15 10:09:38,17644.0,6695
2021-06-15 10:09:39,17644.0,6695
2021-06-15 10:09:41,17637.3,6696
2021-06-15 10:09:42,17637.3,6696
2021-06-15 10:09:43,17635.6,6697
2021-06-15 10:09:44,17635.6,6698
2021-06-15 10:09:46,17635.6,6699
2021-06-15 10:09:47,17635.6,6700
2021-06-15 10:09:48,17637.3,6702
2021-06-15 10:09:49,17635.65,6704
2021-06-15 10:09:50,17635.65,6704
2021-06-15 10:09:54,17635.65,6704
2021-06-15 10:09:55,17635.65,6704
2021-06-15 10:09:56,17635.65,6704
2021-06-15 10:09:57,17635.65,6704
2021-06-15 10:09:58,17635.65,6704
2021-06-15 10:09:59,17635.65,6704
2021-06-15 10:10:00,17635.65,6704
2021-06-15 10:10:01,17635.65,6704
2021-06-15 10:10:02,17635.65,6704
2021-06-15 10:10:03,17635.65,6704
2021-06-15 10:10:04,17635.65,6704
2021-06-15 10:10:05,17635.65,6704
2021-06-15 10:10:07,17635.65,6704
2021-06-15 10:10:07,17635.65,6704
2021-06-15 10:10:08,17635.65,6704
2021-06-15 10:10:09,17635.65,6704
2021-06-15 10:10:10,17635.65,6704
2021-06-15 10:10:11,17635.65,6704
2021-06-15 10:10:13,17635.65,6704
2021-06-15 10:10:14,17644.3,6705
2021-06-15 10:10:15,17644.3,6705
2021-06-15 10:10:16,17644.3,6705
2021-06-15 10:10:17,17644.3,6705
2021-06-15 10:10:18,17644.3,6705
2021-06-15 10:10:19,17644.3,6705
2021-06-15 10:10:20,17644.3,6705
2021-06-15 10:10:21,17644.3,6705
2021-06-15 10:10:22,17644.3,6705
2021-06-15 10:10:23,17644.3,6705
2021-06-15 10:10:25,17644.0,6706
2021-06-15 10:10:26,17644.0,6706
2021-06-15 10:10:27,17644.0,6706
2021-06-15 10:10:28,17644.0,6706
2021-06-15 10:10:29,17644.0,6706
2021-06-15 10:10:30,17644.0,6706
2021-06-15 10:10:31,17640.0,6731
2021-06-15 10:10:32,17640.0,6731
2021-06-15 10:10:33,17640.0,6731
2021-06-15 10:10:34,17640.0,6731
2021-06-15 10:10:35,17640.0,6731
2021-06-15 10:10:36,17633.7,6734
2021-06-15 10:10:37,17633.7,6734
2021-06-15 10:10:38,17633.7,6734
2021-06-15 10:10:41,17633.7,6734
2021-06-15 10:10:43,17633.7,6734
2021-06-15 10:10:43,17633.7,6734
2021-06-15 10:10:44,17633.7,6734
2021-06-15 10:10:46,17633.7,6735
2021-06-15 10:10:47,17633.7,6735
2021-06-15 10:10:48,17633.7,6735
2021-06-15 10:10:50,17633.7,6735
2021-06-15 10:10:50,17633.7,6735
2021-06-15 10:10:52,17633.7,6735
2021-06-15 10:10:52,17633.7,6738
2021-06-15 10:10:54,17633.7,6738
2021-06-15 10:10:54,17633.7,6738
2021-06-15 10:10:58,17633.7,6738
2021-06-15 10:10:59,17633.7,6738
2021-06-15 10:10:59,17633.7,6738
2021-06-15 10:11:00,17640.0,6748
2021-06-15 10:11:01,17640.0,6748
2021-06-15 10:11:02,17640.0,6751
2021-06-15 10:11:03,17640.0,6751
2021-06-15 10:11:04,17640.0,6751
2021-06-15 10:11:05,17640.0,6751
2021-06-15 10:11:08,17640.0,6751
2021-06-15 10:11:08,17640.0,6751
2021-06-15 10:11:09,17640.0,6751
2021-06-15 10:11:11,17640.0,6751
2021-06-15 10:11:11,17640.0,6751
2021-06-15 10:11:18,17640.0,6776
2021-06-15 10:11:19,17640.0,6776
2021-06-15 10:11:20,17640.0,6776
2021-06-15 10:11:21,17640.0,6776
2021-06-15 10:11:22,17640.0,6776
2021-06-15 10:11:23,17640.0,6776
2021-06-15 10:11:25,17640.0,6776
2021-06-15 10:11:27,17640.0,6776
2021-06-15 10:11:28,17640.0,6776
2021-06-15 10:11:30,17640.0,6776
2021-06-15 10:11:31,17640.0,6776
2021-06-15 10:11:32,17640.0,6776
2021-06-15 10:11:33,17640.0,6776
2021-06-15 10:11:37,17640.0,6776
2021-06-15 10:11:38,17640.0,6776
2021-06-15 10:11:38,17640.0,6776
2021-06-15 10:11:39,17640.0,6776
2021-06-15 10:11:41,17640.0,6776
2021-06-15 10:11:42,17640.0,6776
2021-06-15 10:11:42,17637.05,6777
2021-06-15 10:11:44,17637.05,6777
2021-06-15 10:11:45,17637.05,6777
2021-06-15 10:11:46,17637.05,6777
2021-06-15 10:11:49,17637.05,6777
2021-06-15 10:11:50,17637.05,6777
2021-06-15 10:11:51,17637.05,6777
2021-06-15 10:11:52,17632.5,6813
2021-06-15 10:11:54,17632.5,6813
2021-06-15 10:11:53,17632.5,6813
2021-06-15 10:11:55,17632.5,6813
2021-06-15 10:11:56,17632.5,6813
2021-06-15 10:11:57,17632.5,6813
2021-06-15 10:11:58,17632.5,6813
2021-06-15 10:11:59,17632.5,6813
2021-06-15 10:12:00,17632.5,6813
2021-06-15 10:12:01,17632.5,6813
2021-06-15 10:12:02,17635.25,6819
2021-06-15 10:12:03,17635.25,6820
2021-06-15 10:12:04,17635.25,6822
2021-06-15 10:12:06,17635.25,6822
2021-06-15 10:12:08,17635.25,6822
2021-06-15 10:12:09,17635.25,6822
2021-06-15 10:12:10,17635.25,6822
2021-06-15 10:12:11,17635.25,6822
2021-06-15 10:12:12,17635.25,6822
2021-06-15 10:12:14,17629.5,6824
2021-06-15 10:12:14,17629.5,6824
2021-06-15 10:12:16,17629.5,6824
2021-06-15 10:12:16,17629.5,6824
2021-06-15 10:12:17,17629.5,6824
2021-06-15 10:12:18,17629.5,6824
2021-06-15 10:12:19,17629.5,6824
2021-06-15 10:12:20,17634.95,6825
2021-06-15 10:12:21,17634.95,6825
2021-06-15 10:12:22,17634.95,6825
2021-06-15 10:12:23,17635.0,6827
2021-06-15 10:12:26,17635.0,6827
2021-06-15 10:12:28,17635.0,6827
2021-06-15 10:12:30,17635.0,6827
2021-06-15 10:12:32,17635.0,6827
2021-06-15 10:12:33,17635.0,6827
2021-06-15 10:12:35,17635.0,6827
2021-06-15 10:12:39,17635.0,6827
2021-06-15 10:12:43,17637.35,6977
2021-06-15 10:12:47,17634.0,7029
2021-06-15 10:12:51,17634.0,7029
2021-06-15 10:12:55,17639.65,7030
2021-06-15 10:12:59,17639.65,7030
2021-06-15 10:13:04,17639.65,7030
2021-06-15 10:13:07,17639.65,7030
2021-06-15 10:13:11,17639.65,7030
2021-06-15 10:13:15,17639.65,7031
2021-06-15 10:13:18,17639.65,7031
2021-06-15 10:13:22,17634.0,7036
2021-06-15 10:13:25,17634.0,7036
2021-06-15 10:13:28,17635.0,7038
2021-06-15 10:13:33,17634.0,7048
2021-06-15 10:13:37,17634.0,7048
2021-06-15 10:13:40,17634.0,7048
2021-06-15 10:13:44,17634.0,7048
2021-06-15 10:13:48,17634.0,7048
2021-06-15 10:13:52,17634.0,7048
2021-06-15 10:13:55,17634.0,7048
2021-06-15 10:13:59,17634.0,7048
2021-06-15 10:14:02,17630.25,7053
2021-06-15 10:14:06,17630.25,7053
2021-06-15 10:14:10,17630.25,7053
2021-06-15 10:14:14,17630.25,7053
2021-06-15 10:14:18,17635.0,7054
2021-06-15 10:14:22,17635.0,7054
2021-06-15 10:14:26,17635.0,7055
2021-06-15 10:14:29,17635.0,7055
2021-06-15 10:14:33,17635.0,7055
2021-06-15 10:14:37,17635.0,7055
2021-06-15 10:14:40,17635.75,7056
2021-06-15 10:14:44,17638.95,7057
2021-06-15 10:14:48,17638.95,7057
2021-06-15 10:14:52,17638.95,7057
2021-06-15 10:14:55,17638.95,7057
2021-06-15 10:14:59,17638.95,7057
2021-06-15 10:15:02,17638.95,7057
2021-06-15 10:15:06,17638.95,7057
2021-06-15 10:15:10,17639.0,7067
2021-06-15 10:15:13,17640.0,7076
2021-06-15 10:15:17,17639.35,7098
2021-06-15 10:15:21,17639.35,7098
2021-06-15 10:15:26,17639.35,7098
2021-06-15 10:15:30,17639.35,7098
2021-06-15 10:15:34,17638.95,7100
2021-06-15 10:15:38,17635.85,7103
2021-06-15 10:15:45,17635.85,7186
2021-06-15 10:15:50,17635.85,7186
2021-06-15 10:15:53,17635.85,7186
2021-06-15 10:15:57,17635.85,7186
2021-06-15 10:16:02,17635.85,7186
2021-06-15 10:16:06,17635.85,7186
2021-06-15 10:16:10,17635.85,7186
2021-06-15 10:16:13,17635.85,7186
2021-06-15 10:16:16,17638.0,7187
2021-06-15 10:16:20,17638.0,7187
2021-06-15 10:16:23,17638.0,7187
2021-06-15 10:16:27,17638.0,7187
2021-06-15 10:16:31,17638.0,7187
2021-06-15 10:16:35,17638.0,7187
2021-06-15 10:16:39,17638.0,7187
2021-06-15 10:16:42,17638.0,7187
2021-06-15 10:16:46,17638.0,7187
2021-06-15 10:16:50,17635.3,7191
2021-06-15 10:16:54,17635.3,7191
2021-06-15 10:16:58,17635.3,7191
2021-06-15 10:17:02,17640.0,7241
2021-06-15 10:17:06,17639.95,7242
2021-06-15 10:17:10,17639.95,7243
2021-06-15 10:17:13,17637.6,7246
2021-06-15 10:17:17,17637.6,7247
2021-06-15 10:17:21,17637.6,7247
2021-06-15 10:17:25,17637.6,7248
2021-06-15 10:17:29,17637.6,7248
2021-06-15 10:17:33,17637.6,7248
2021-06-15 10:17:34,17637.6,7248
2021-06-15 10:17:36,17637.6,7250
2021-06-15 10:17:37,17637.6,7250
2021-06-15 10:17:39,17637.6,7257
2021-06-15 10:17:40,17637.6,7257
2021-06-15 10:17:42,17637.6,7257
2021-06-15 10:17:44,17637.6,7257
2021-06-15 10:17:45,17637.6,7257
2021-06-15 10:17:46,17637.6,7257
2021-06-15 10:17:48,17637.6,7257
2021-06-15 10:17:49,17640.0,7262
2021-06-15 10:17:50,17640.0,7262
2021-06-15 10:17:51,17640.0,7262
2021-06-15 10:17:52,17640.0,7262
2021-06-15 10:17:53,17637.6,7263
2021-06-15 10:17:54,17640.0,7271
2021-06-15 10:17:55,17640.0,7274
2021-06-15 10:17:56,17639.95,7284
2021-06-15 10:17:57,17639.95,7284
2021-06-15 10:17:58,17639.95,7284
2021-06-15 10:17:59,17639.95,7284
2021-06-15 10:18:00,17640.0,7310
2021-06-15 10:18:01,17640.0,7310
2021-06-15 10:18:02,17637.6,7317
2021-06-15 10:18:03,17640.0,7327
2021-06-15 10:18:04,17640.0,7327
2021-06-15 10:18:05,17640.0,7327
2021-06-15 10:18:06,17640.0,7327
2021-06-15 10:18:07,17640.0,7327
2021-06-15 10:18:08,17640.0,7332
2021-06-15 10:18:10,17640.0,7333
2021-06-15 10:18:16,17637.6,7337
2021-06-15 10:18:17,17637.6,7338
2021-06-15 10:18:18,17637.6,7338
2021-06-15 10:18:19,17637.6,7338
2021-06-15 10:18:20,17637.6,7338
2021-06-15 10:18:22,17637.6,7338
2021-06-15 10:18:23,17637.6,7340
2021-06-15 10:18:24,17637.6,7340
2021-06-15 10:18:26,17637.6,7341
2021-06-15 10:18:25,17637.6,7341
2021-06-15 10:18:27,17637.6,7341
2021-06-15 10:18:28,17637.6,7341
2021-06-15 10:18:29,17637.6,7341
2021-06-15 10:18:30,17637.6,7341
2021-06-15 10:18:31,17637.6,7341
2021-06-15 10:18:32,17637.6,7341
2021-06-15 10:18:39,17637.6,7341
2021-06-15 10:18:40,17637.6,7341
2021-06-15 10:18:41,17637.6,7341
2021-06-15 10:18:42,17638.8,7342
2021-06-15 10:18:43,17638.8,7342
2021-06-15 10:18:44,17638.8,7342
2021-06-15 10:18:46,17638.8,7342
2021-06-15 10:18:45,17638.8,7342
2021-06-15 10:18:47,17638.8,7342
2021-06-15 10:18:49,17638.8,7342
2021-06-15 10:18:52,17638.8,7342
2021-06-15 10:18:53,17640.0,7346
2021-06-15 10:18:56,17640.0,7367
2021-06-15 10:18:57,17640.0,7367
2021-06-15 10:18:58,17640.0,7367
2021-06-15 10:18:59,17640.0,7367
2021-06-15 10:19:00,17640.0,7367
2021-06-15 10:19:01,17640.0,7367
2021-06-15 10:19:02,17640.0,7367
2021-06-15 10:19:03,17640.0,7367
2021-06-15 10:19:04,17640.0,7367
2021-06-15 10:19:06,17640.0,7367
2021-06-15 10:19:07,17640.0,7367
2021-06-15 10:19:08,17640.0,7367
2021-06-15 10:19:09,17640.0,7367
2021-06-15 10:19:10,17640.0,7367
2021-06-15 10:19:11,17640.0,7367
2021-06-15 10:19:12,17640.0,7367
2021-06-15 10:19:13,17640.0,7367
2021-06-15 10:19:14,17642.15,7369
2021-06-15 10:19:18,17642.15,7369
2021-06-15 10:19:24,17641.65,7371
2021-06-15 10:19:25,17642.5,7372
2021-06-15 10:19:28,17644.0,7373
2021-06-15 10:19:30,17644.0,7373
2021-06-15 10:19:31,17644.0,7373
2021-06-15 10:19:32,17644.0,7373
2021-06-15 10:19:34,17644.0,7373
2021-06-15 10:19:37,17644.0,7377
2021-06-15 10:19:38,17644.0,7378
2021-06-15 10:19:39,17644.0,7378
2021-06-15 10:19:40,17644.0,7380
2021-06-15 10:19:42,17644.0,7405
2021-06-15 10:19:44,17644.0,7405
2021-06-15 10:19:47,17644.0,7409
2021-06-15 10:19:48,17644.0,7409
2021-06-15 10:19:49,17644.0,7409
2021-06-15 10:19:51,17644.0,7409
2021-06-15 10:19:52,17644.0,7409
2021-06-15 10:19:53,17644.0,7409
2021-06-15 10:19:55,17644.0,7409
2021-06-15 10:19:56,17644.0,7409
2021-06-15 10:19:57,17644.95,7410
2021-06-15 10:19:57,17644.95,7410
2021-06-15 10:19:59,17645.0,7419
2021-06-15 10:19:59,17645.0,7419
2021-06-15 10:20:00,17644.0,7421
2021-06-15 10:20:02,17644.0,7431
2021-06-15 10:20:03,17644.0,7431
2021-06-15 10:20:04,17637.65,7436
2021-06-15 10:20:06,17637.65,7436
2021-06-15 10:20:07,17644.0,7445
2021-06-15 10:20:08,17644.0,7445
2021-06-15 10:20:11,17644.0,7445
2021-06-15 10:20:12,17644.0,7445
2021-06-15 10:20:13,17644.0,7445
2021-06-15 10:20:14,17644.0,7445
2021-06-15 10:20:15,17644.0,7445
2021-06-15 10:20:18,17637.6,7446
2021-06-15 10:20:19,17637.6,7446
2021-06-15 10:20:20,17638.0,7484
2021-06-15 10:20:20,17638.0,7484
2021-06-15 10:20:21,17635.0,7500
2021-06-15 10:20:22,17635.0,7500
2021-06-15 10:20:23,17631.25,7539
2021-06-15 10:20:24,17632.4,7543
2021-06-15 10:20:25,17632.4,7543
2021-06-15 10:20:26,17632.4,7543
2021-06-15 10:20:27,17632.4,7543
2021-06-15 10:20:28,17632.4,7543
2021-06-15 10:20:29,17632.4,7543
2021-06-15 10:20:30,17636.8,7548
2021-06-15 10:20:32,17636.8,7548
2021-06-15 10:20:32,17636.8,7548
2021-06-15 10:20:33,17636.8,7548
2021-06-15 10:20:34,17636.8,7548
2021-06-15 10:20:35,17631.45,7549
2021-06-15 10:20:36,17631.45,7549
2021-06-15 10:20:38,17634.05,7566
2021-06-15 10:20:39,17634.05,7566
2021-06-15 10:20:40,17634.05,7566
2021-06-15 10:20:41,17634.05,7566
2021-06-15 10:20:42,17635.6,7567
2021-06-15 10:20:43,17631.65,7569
2021-06-15 10:20:44,17632.05,7570
2021-06-15 10:20:45,17632.05,7570
2021-06-15 10:20:46,17632.05,7571
2021-06-15 10:20:47,17632.05,7571
2021-06-15 10:20:48,17632.05,7571
2021-06-15 10:20:52,17632.05,7571
2021-06-15 10:20:52,17632.05,7571
2021-06-15 10:20:53,17632.05,7571
2021-06-15 10:20:54,17632.05,7571
2021-06-15 10:20:55,17632.05,7571
2021-06-15 10:20:56,17632.05,7571
2021-06-15 10:20:57,17632.05,7571
2021-06-15 10:20:58,17632.05,7571
2021-06-15 10:20:59,17632.05,7571
2021-06-15 10:21:00,17632.05,7571
2021-06-15 10:21:02,17632.05,7571
2021-06-15 10:21:04,17634.4,7572
2021-06-15 10:21:04,17634.4,7572
2021-06-15 10:21:05,17634.4,7572
2021-06-15 10:21:07,17634.4,7572
2021-06-15 10:21:09,17634.4,7572
2021-06-15 10:21:10,17634.4,7572
2021-06-15 10:21:11,17640.0,7573
2021-06-15 10:21:12,17640.0,7573
2021-06-15 10:21:13,17634.4,7577
2021-06-15 10:21:14,17644.0,7613
2021-06-15 10:21:15,17644.0,7613
2021-06-15 10:21:17,17644.0,7613
2021-06-15 10:21:19,17644.0,7613
2021-06-15 10:21:20,17644.0,7613
2021-06-15 10:21:21,17644.0,7613
2021-06-15 10:21:22,17644.0,7613
2021-06-15 10:21:24,17644.0,7613
2021-06-15 10:21:24,17644.0,7613
2021-06-15 10:21:25,17644.0,7613
2021-06-15 10:21:26,17644.0,7613
2021-06-15 10:21:28,17640.0,7615
2021-06-15 10:21:28,17640.0,7615
2021-06-15 10:21:30,17640.0,7615
2021-06-15 10:21:30,17640.0,7619
2021-06-15 10:21:31,17640.0,7625
2021-06-15 10:21:32,17640.0,7625
2021-06-15 10:21:33,17640.0,7625
2021-06-15 10:21:34,17648.95,7666
2021-06-15 10:21:35,17648.95,7667
2021-06-15 10:21:36,17648.95,7667
2021-06-15 10:21:37,17648.95,7667
2021-06-15 10:21:38,17648.95,7667
2021-06-15 10:21:39,17648.95,7667
2021-06-15 10:21:40,17651.0,7987
2021-06-15 10:21:41,17651.0,7988
2021-06-15 10:21:42,17651.0,7988
2021-06-15 10:21:44,17650.95,7989
2021-06-15 10:21:44,17650.95,7989
2021-06-15 10:21:45,17650.95,7989
2021-06-15 10:21:47,17651.6,7996
2021-06-15 10:21:47,17651.6,7996
2021-06-15 10:21:49,17651.6,7996
2021-06-15 10:21:50,17651.6,7996
2021-06-15 10:21:51,17649.25,8025
2021-06-15 10:21:52,17649.25,8025
2021-06-15 10:21:53,17649.25,8025
2021-06-15 10:21:54,17654.9,8033
2021-06-15 10:21:55,17654.9,8033
2021-06-15 10:22:01,17654.9,8033
2021-06-15 10:22:02,17654.9,8033
2021-06-15 10:22:03,17654.9,8033
2021-06-15 10:22:05,17654.9,8033
2021-06-15 10:22:07,17654.9,8033
2021-06-15 10:22:07,17654.9,8033
2021-06-15 10:22:09,17654.9,8033
2021-06-15 10:22:09,17654.9,8033
2021-06-15 10:22:10,17654.9,8033
2021-06-15 10:22:12,17654.9,8033
2021-06-15 10:22:13,17654.9,8034
2021-06-15 10:22:15,17654.9,8034
2021-06-15 10:22:15,17654.9,8034
2021-06-15 10:22:17,17654.9,8034
2021-06-15 10:22:19,17655.0,8054
2021-06-15 10:22:20,17655.0,8054
2021-06-15 10:22:21,17655.0,8054
2021-06-15 10:22:21,17655.0,8054
2021-06-15 10:22:23,17655.0,8054
2021-06-15 10:22:29,17655.0,8054
2021-06-15 10:22:30,17655.0,8054
2021-06-15 10:22:31,17655.0,8054
2021-06-15 10:22:33,17649.45,8059
2021-06-15 10:22:33,17649.45,8059
2021-06-15 10:22:39,17655.0,8060
2021-06-15 10:22:40,17656.95,8061
2021-06-15 10:22:41,17653.6,8064
2021-06-15 10:22:41,17660.0,8244
2021-06-15 10:22:42,17660.0,8252
2021-06-15 10:22:43,17660.0,8252
2021-06-15 10:22:44,17660.0,8252
2021-06-15 10:22:46,17660.0,8325
2021-06-15 10:22:47,17664.9,8383
2021-06-15 10:22:47,17668.95,8384
2021-06-15 10:22:48,17668.95,8384
2021-06-15 10:22:50,17668.95,8384
2021-06-15 10:22:50,17668.95,8384
2021-06-15 10:22:51,17668.95,8384
2021-06-15 10:22:53,17670.0,8391
2021-06-15 10:22:53,17675.0,8431
2021-06-15 10:22:54,17675.0,8451
2021-06-15 10:22:57,17668.95,8452
2021-06-15 10:22:59,17668.95,8452
2021-06-15 10:22:59,17668.95,8452
2021-06-15 10:23:00,17668.95,8452
2021-06-15 10:23:01,17668.95,8452
2021-06-15 10:23:02,17668.95,8452
2021-06-15 10:23:04,17668.95,8452
2021-06-15 10:23:05,17668.95,8452
2021-06-15 10:23:06,17664.1,8460
2021-06-15 10:23:07,17664.1,8460
2021-06-15 10:23:09,17664.1,8460
2021-06-15 10:23:10,17664.1,8460
2021-06-15 10:23:10,17664.1,8460
2021-06-15 10:23:11,17664.1,8460
2021-06-15 10:23:12,17669.0,8461
2021-06-15 10:23:15,17667.85,8487
2021-06-15 10:23:16,17667.85,8489
2021-06-15 10:23:17,17667.85,8489
2021-06-15 10:23:18,17667.85,8489
2021-06-15 10:23:21,17667.85,8492
2021-06-15 10:23:22,17667.85,8492
2021-06-15 10:23:23,17667.85,8520
2021-06-15 10:23:24,17667.85,8520
2021-06-15 10:23:24,17667.85,8520
2021-06-15 10:23:25,17667.85,8520
2021-06-15 10:23:26,17667.85,8520
2021-06-15 10:23:27,17667.85,8520
2021-06-15 10:23:28,17667.85,8520
2021-06-15 10:23:29,17667.85,8520
2021-06-15 10:23:30,17667.85,8520
2021-06-15 10:23:31,17667.85,8520
2021-06-15 10:23:33,17667.85,8520
2021-06-15 10:23:34,17667.85,8520
2021-06-15 10:23:34,17667.85,8520
2021-06-15 10:23:35,17667.85,8520
2021-06-15 10:23:36,17667.85,8520
2021-06-15 10:23:39,17667.85,8520
2021-06-15 10:23:40,17667.85,8520
2021-06-15 10:23:41,17667.85,8520
2021-06-15 10:23:42,17667.85,8520
2021-06-15 10:23:43,17667.85,8520
2021-06-15 10:23:43,17667.85,8521
2021-06-15 10:23:45,17667.85,8521
2021-06-15 10:23:48,17667.85,8521
2021-06-15 10:23:48,17667.85,8521
2021-06-15 10:23:50,17667.85,8521
2021-06-15 10:23:53,17667.85,8521
2021-06-15 10:23:55,17667.85,8521
2021-06-15 10:23:58,17667.85,8521
2021-06-15 10:23:59,17667.85,8521
2021-06-15 10:24:00,17667.85,8521
2021-06-15 10:24:01,17667.85,8521
2021-06-15 10:24:02,17660.05,8531
2021-06-15 10:24:03,17660.0,8537
2021-06-15 10:24:04,17666.3,8538
2021-06-15 10:24:05,17666.3,8538
2021-06-15 10:24:07,17666.3,8538
2021-06-15 10:24:09,17663.25,8539
2021-06-15 10:24:10,17666.6,8541
2021-06-15 10:24:13,17666.6,8541
2021-06-15 10:24:14,17666.6,8541
2021-06-15 10:24:15,17666.6,8541
2021-06-15 10:24:16,17664.05,8550
2021-06-15 10:24:17,17664.05,8550
2021-06-15 10:24:18,17660.05,8551
2021-06-15 10:24:19,17660.05,8551
2021-06-15 10:24:20,17660.05,8553
2021-06-15 10:24:22,17660.05,8553
2021-06-15 10:24:23,17666.0,8554
2021-06-15 10:24:24,17666.0,8554
2021-06-15 10:24:25,17666.0,8554
2021-06-15 10:24:26,17666.0,8554
2021-06-15 10:24:27,17666.0,8554
2021-06-15 10:24:27,17666.0,8554
2021-06-15 10:24:28,17666.0,8554
2021-06-15 10:24:29,17666.65,8555
2021-06-15 10:24:30,17666.65,8555
2021-06-15 10:24:31,17666.65,8555
2021-06-15 10:24:32,17666.65,8555
2021-06-15 10:24:33,17666.65,8555
2021-06-15 10:24:35,17666.65,8555
2021-06-15 10:24:35,17666.65,8555
2021-06-15 10:24:36,17666.65,8555
2021-06-15 10:24:37,17666.65,8555
2021-06-15 10:24:38,17666.0,8557
2021-06-15 10:24:39,17666.0,8557
2021-06-15 10:24:41,17666.0,8557
2021-06-15 10:24:42,17665.0,8562
2021-06-15 10:24:44,17665.0,8562
2021-06-15 10:24:45,17666.0,8563
2021-06-15 10:24:46,17666.0,8563
2021-06-15 10:24:47,17666.0,8564
2021-06-15 10:24:48,17665.0,8572
2021-06-15 10:24:51,17665.0,8602
2021-06-15 10:24:54,17665.0,8602
2021-06-15 10:24:55,17665.0,8602
2021-06-15 10:24:56,17665.0,8602
2021-06-15 10:24:56,17665.0,8602
2021-06-15 10:24:58,17665.0,8602
2021-06-15 10:25:00,17665.0,8602
2021-06-15 10:25:01,17665.0,8602
2021-06-15 10:25:02,17665.0,8602
2021-06-15 10:25:03,17665.0,8602
2021-06-15 10:25:04,17665.0,8602
2021-06-15 10:25:05,17665.0,8602
2021-06-15 10:25:08,17660.05,8603
2021-06-15 10:25:09,17660.05,8603
2021-06-15 10:25:13,17660.05,8603
2021-06-15 10:25:17,17660.05,8604
2021-06-15 10:25:18,17666.0,8607
2021-06-15 10:25:19,17660.05,8614
2021-06-15 10:25:20,17660.05,8614
2021-06-15 10:25:21,17660.05,8614
2021-06-15 10:25:22,17665.0,8616
2021-06-15 10:25:24,17665.0,8616
2021-06-15 10:25:25,17665.0,8616
2021-06-15 10:25:27,17665.0,8616
2021-06-15 10:25:28,17665.0,8616
2021-06-15 10:25:30,17665.0,8616
2021-06-15 10:25:31,17665.0,8616
2021-06-15 10:25:35,17665.0,8616
2021-06-15 10:25:38,17665.0,8616
2021-06-15 10:25:38,17665.0,8621
2021-06-15 10:25:39,17665.0,8621
2021-06-15 10:25:40,17662.5,8631
2021-06-15 10:25:41,17662.5,8631
2021-06-15 10:25:44,17662.5,8631
2021-06-15 10:25:45,17662.5,8631
2021-06-15 10:25:45,17657.9,8656
2021-06-15 10:25:46,17655.0,8659
2021-06-15 10:25:47,17655.0,8659
2021-06-15 10:25:48,17655.0,8659
2021-06-15 10:25:49,17655.0,8659
2021-06-15 10:25:50,17655.0,8659
2021-06-15 10:25:52,17661.25,8660
2021-06-15 10:25:55,17661.25,8660
2021-06-15 10:25:56,17661.25,8660
2021-06-15 10:25:59,17661.25,8660
2021-06-15 10:26:00,17661.25,8660
2021-06-15 10:26:01,17661.25,8660
2021-06-15 10:26:02,17661.25,8660
2021-06-15 10:26:07,17661.25,8660
2021-06-15 10:26:08,17661.25,8660
2021-06-15 10:26:09,17664.95,8665
2021-06-15 10:26:10,17664.95,8665
2021-06-15 10:26:10,17664.95,8665
2021-06-15 10:26:11,17664.95,8670
2021-06-15 10:26:12,17664.85,8673
2021-06-15 10:26:13,17664.9,8684
2021-06-15 10:26:16,17664.9,8684
2021-06-15 10:26:17,17664.9,8684
2021-06-15 10:26:21,17664.85,8692
2021-06-15 10:26:22,17659.55,8694
2021-06-15 10:26:23,17659.55,8695
2021-06-15 10:26:25,17659.55,8695
2021-06-15 10:26:27,17664.9,8699
2021-06-15 10:26:28,17664.9,8699
2021-06-15 10:26:29,17664.9,8699
2021-06-15 10:26:30,17664.9,8702
2021-06-15 10:26:31,17664.9,8702
2021-06-15 10:26:32,17664.9,8712
2021-06-15 10:26:34,17664.9,8712
2021-06-15 10:26:37,17664.0,8713
2021-06-15 10:26:38,17664.0,8713
2021-06-15 10:26:38,17664.0,8713
2021-06-15 10:26:40,17655.85,8725
2021-06-15 10:26:41,17663.15,8736
2021-06-15 10:26:42,17663.15,8736
2021-06-15 10:26:43,17663.15,8736
2021-06-15 10:26:44,17663.15,8736
2021-06-15 10:26:45,17663.9,8741
2021-06-15 10:26:46,17663.9,8741
2021-06-15 10:26:47,17663.9,8741
2021-06-15 10:26:48,17663.9,8741
2021-06-15 10:26:49,17663.9,8741
2021-06-15 10:26:51,17668.8,8843
2021-06-15 10:26:52,17668.8,8843
2021-06-15 10:26:53,17668.8,8843
2021-06-15 10:26:53,17668.8,8843
2021-06-15 10:26:54,17668.8,8843
2021-06-15 10:26:56,17668.4,8846
2021-06-15 10:26:57,17668.4,8846
2021-06-15 10:26:58,17668.4,8846
2021-06-15 10:26:59,17668.4,8846
2021-06-15 10:27:00,17659.3,8850
2021-06-15 10:27:01,17659.3,8850
2021-06-15 10:27:02,17659.3,8850
2021-06-15 10:27:03,17659.3,8850
2021-06-15 10:27:04,17659.3,8850
2021-06-15 10:27:06,17659.3,8850
2021-06-15 10:27:07,17659.3,8850
2021-06-15 10:27:08,17659.3,8850
2021-06-15 10:27:09,17659.3,8850
2021-06-15 10:27:10,17668.4,8851
2021-06-15 10:27:11,17668.4,8851
2021-06-15 10:27:12,17670.0,8861
2021-06-15 10:27:13,17670.0,8861
2021-06-15 10:27:14,17670.0,8862
2021-06-15 10:27:15,17670.0,8862
2021-06-15 10:27:16,17670.0,8862
2021-06-15 10:27:17,17670.0,8862
2021-06-15 10:27:18,17670.0,8862
2021-06-15 10:27:18,17670.0,8862
2021-06-15 10:27:22,17675.9,8937
2021-06-15 10:27:23,17675.9,8937
2021-06-15 10:27:24,17675.9,8937
2021-06-15 10:27:25,17664.05,8939
2021-06-15 10:27:26,17664.1,8940
2021-06-15 10:27:27,17664.1,8940
2021-06-15 10:27:28,17664.1,8940
2021-06-15 10:27:29,17664.1,8940
2021-06-15 10:27:30,17664.1,8940
2021-06-15 10:27:31,17664.1,8940
2021-06-15 10:27:32,17664.1,8940
2021-06-15 10:27:33,17664.1,8940
2021-06-15 10:27:37,17668.0,8943
2021-06-15 10:27:41,17671.85,8944
2021-06-15 10:27:45,17674.95,8945
2021-06-15 10:27:48,17674.95,8945
2021-06-15 10:27:52,17674.95,8945
2021-06-15 10:27:56,17674.95,8945
2021-06-15 10:27:59,17668.0,8952
2021-06-15 10:28:03,17674.95,8953
2021-06-15 10:28:06,17674.95,8960
2021-06-15 10:28:09,17674.95,8960
2021-06-15 10:28:13,17674.0,8961
2021-06-15 10:28:16,17674.0,8962
2021-06-15 10:28:19,17674.0,8962
2021-06-15 10:28:23,17674.0,8966
2021-06-15 10:28:25,17674.0,8966
2021-06-15 10:28:29,17674.0,8966
2021-06-15 10:28:32,17674.0,8966
2021-06-15 10:28:36,17674.0,8981
2021-06-15 10:28:39,17674.0,8982
2021-06-15 10:28:42,17674.0,8982
2021-06-15 10:28:46,17671.5,8993
2021-06-15 10:28:50,17671.5,8996
2021-06-15 10:28:54,17674.0,8997
2021-06-15 10:28:57,17671.5,8999
2021-06-15 10:29:01,17671.5,8999
2021-06-15 10:29:04,17671.5,9011
2021-06-15 10:29:08,17673.9,9032
2021-06-15 10:29:11,17673.9,9032
2021-06-15 10:29:15,17672.8,9033
2021-06-15 10:29:19,17671.55,9035
2021-06-15 10:29:23,17671.55,9035
2021-06-15 10:29:27,17671.55,9038
2021-06-15 10:29:31,17671.55,9038
2021-06-15 10:29:34,17671.55,9069
2021-06-15 10:29:37,17671.5,9079
2021-06-15 10:29:41,17673.9,9109
2021-06-15 10:29:44,17673.9,9109
2021-06-15 10:29:48,17664.15,9134
2021-06-15 10:29:51,17664.15,9134
2021-06-15 10:29:54,17664.15,9135
2021-06-15 10:29:57,17664.15,9135
2021-06-15 10:30:01,17660.05,9150
2021-06-15 10:30:04,17660.0,9154
2021-06-15 10:30:07,17664.1,9155
2021-06-15 10:30:11,17660.0,9160
2021-06-15 10:30:15,17660.0,9160
2021-06-15 10:30:18,17660.0,9168
2021-06-15 10:30:22,17660.0,9168
2021-06-15 10:30:25,17659.6,9187
2021-06-15 10:30:33,17656.85,9192
2021-06-15 10:30:36,17656.85,9192
2021-06-15 10:30:39,17656.85,9192
2021-06-15 10:30:42,17656.85,9192
2021-06-15 10:30:46,17656.85,9192
2021-06-15 10:30:49,17656.85,9192
2021-06-15 10:30:53,17656.85,9192
2021-06-15 10:30:57,17656.85,9192
2021-06-15 10:31:01,17663.75,9201
2021-06-15 10:31:04,17663.75,9201
2021-06-15 10:31:08,17663.75,9201
2021-06-15 10:31:11,17663.75,9201
2021-06-15 10:31:15,17663.9,9202
2021-06-15 10:31:18,17656.45,9212
2021-06-15 10:31:21,17663.9,9216
2021-06-15 10:31:24,17660.1,9217
2021-06-15 10:31:27,17660.1,9217
2021-06-15 10:31:31,17660.1,9217
2021-06-15 10:31:37,17660.1,9217
2021-06-15 10:31:40,17660.1,9217
2021-06-15 10:31:44,17662.0,9218
2021-06-15 10:31:47,17662.0,9218
2021-06-15 10:31:51,17662.0,9218
2021-06-15 10:31:55,17662.0,9222
2021-06-15 10:31:58,17662.0,9222
2021-06-15 10:32:02,17662.0,9226
2021-06-15 10:32:06,17662.0,9226
2021-06-15 10:32:09,17662.0,9226
2021-06-15 10:32:13,17662.0,9226
2021-06-15 10:32:16,17663.9,9227
2021-06-15 10:32:20,17663.9,9228
2021-06-15 10:32:26,17662.95,9231
2021-06-15 10:32:29,17662.95,9231
2021-06-15 10:32:32,17662.95,9231
2021-06-15 10:32:34,17662.95,9231
2021-06-15 10:32:35,17662.95,9231
2021-06-15 10:32:36,17662.95,9231
2021-06-15 10:32:39,17662.95,9231
2021-06-15 10:32:41,17662.95,9231
2021-06-15 10:32:43,17662.95,9231
2021-06-15 10:32:43,17663.0,9232
2021-06-15 10:32:44,17663.0,9232
2021-06-15 10:32:49,17663.0,9232
2021-06-15 10:32:51,17663.9,9233
2021-06-15 10:32:54,17663.9,9233
2021-06-15 10:32:54,17663.9,9233
2021-06-15 10:32:55,17663.9,9233
2021-06-15 10:32:57,17663.9,9233
2021-06-15 10:32:58,17662.95,9234
2021-06-15 10:32:59,17662.95,9236
2021-06-15 10:33:01,17662.95,9236
2021-06-15 10:33:02,17662.95,9236
2021-06-15 10:33:03,17662.95,9236
2021-06-15 10:33:04,17662.95,9239
2021-06-15 10:33:05,17663.9,9240
2021-06-15 10:33:06,17662.95,9243
2021-06-15 10:33:07,17662.95,9243
2021-06-15 10:33:08,17662.95,9244
2021-06-15 10:33:09,17662.95,9257
2021-06-15 10:33:09,17662.95,9257
2021-06-15 10:33:11,17662.7,9258
2021-06-15 10:33:11,17662.7,9258
2021-06-15 10:33:12,17662.7,9258
2021-06-15 10:33:16,17655.05,9260
2021-06-15 10:33:18,17655.05,9260
2021-06-15 10:33:19,17655.05,9260
2021-06-15 10:33:20,17655.05,9260
2021-06-15 10:33:22,17655.05,9260
2021-06-15 10:33:23,17662.05,9261
2021-06-15 10:33:24,17662.05,9261
2021-06-15 10:33:27,17662.05,9261
2021-06-15 10:33:27,17662.05,9261
2021-06-15 10:33:29,17662.05,9261
2021-06-15 10:33:32,17662.05,9261
2021-06-15 10:33:33,17662.05,9261
2021-06-15 10:33:34,17662.05,9261
2021-06-15 10:33:36,17662.05,9261
2021-06-15 10:33:37,17662.05,9261
2021-06-15 10:33:39,17662.05,9261
2021-06-15 10:33:40,17662.05,9261
2021-06-15 10:33:42,17662.05,9261
2021-06-15 10:33:43,17662.05,9261
2021-06-15 10:33:45,17662.05,9261
2021-06-15 10:33:46,17662.05,9261
2021-06-15 10:33:48,17662.05,9261
2021-06-15 10:33:48,17662.05,9261
2021-06-15 10:33:50,17662.05,9261
2021-06-15 10:33:53,17662.05,9261
2021-06-15 10:33:55,17662.05,9261
2021-06-15 10:33:56,17662.05,9261
2021-06-15 10:33:57,17662.05,9261
2021-06-15 10:33:58,17662.05,9261
2021-06-15 10:33:58,17662.05,9261
2021-06-15 10:34:00,17662.05,9261
2021-06-15 10:34:03,17662.05,9261
2021-06-15 10:34:04,17662.05,9261
2021-06-15 10:34:04,17662.05,9261
2021-06-15 10:34:07,17662.05,9261
2021-06-15 10:34:09,17662.05,9261
2021-06-15 10:34:09,17662.05,9261
2021-06-15 10:34:10,17662.05,9261
2021-06-15 10:34:12,17662.05,9261
2021-06-15 10:34:13,17661.9,9263
2021-06-15 10:34:14,17661.9,9263
2021-06-15 10:34:18,17661.9,9263
2021-06-15 10:34:19,17661.9,9263
2021-06-15 10:34:21,17662.05,9270
2021-06-15 10:34:21,17662.05,9272
2021-06-15 10:34:23,17655.2,9277
2021-06-15 10:34:25,17655.2,9277
2021-06-15 10:34:25,17655.2,9277
2021-06-15 10:34:26,17665.55,9501
2021-06-15 10:34:28,17665.55,9501
2021-06-15 10:34:29,17665.55,9501
2021-06-15 10:34:30,17665.55,9501
2021-06-15 10:34:30,17671.45,9502
2021-06-15 10:34:32,17671.45,9502
2021-06-15 10:34:32,17671.45,9502
2021-06-15 10:34:34,17671.45,9502
2021-06-15 10:34:35,17671.45,9502
2021-06-15 10:34:36,17671.45,9502
2021-06-15 10:34:37,17671.45,9502
2021-06-15 10:34:38,17667.95,9503
2021-06-15 10:34:40,17667.95,9503
2021-06-15 10:34:41,17667.95,9503
2021-06-15 10:34:42,17667.95,9503
2021-06-15 10:34:42,17667.95,9503
2021-06-15 10:34:44,17667.95,9503
2021-06-15 10:34:45,17667.95,9503
2021-06-15 10:34:49,17667.95,9503
2021-06-15 10:34:50,17667.95,9503
2021-06-15 10:34:50,17667.95,9503
2021-06-15 10:34:52,17667.95,9503
2021-06-15 10:34:55,17667.95,9503
2021-06-15 10:34:56,17667.95,9503
2021-06-15 10:34:57,17667.95,9503
2021-06-15 10:34:58,17667.95,9503
2021-06-15 10:34:59,17671.45,9504
2021-06-15 10:35:00,17671.45,9504
2021-06-15 10:35:02,17671.45,9504
2021-06-15 10:35:03,17671.45,9504
2021-06-15 10:35:04,17671.45,9504
2021-06-15 10:35:06,17671.45,9504
2021-06-15 10:35:07,17664.5,9508
2021-06-15 10:35:08,17664.5,9508
2021-06-15 10:35:09,17664.5,9508
2021-06-15 10:35:10,17664.5,9508
2021-06-15 10:35:11,17664.5,9508
2021-06-15 10:35:11,17664.5,9508
2021-06-15 10:35:12,17664.5,9508
2021-06-15 10:35:13,17664.5,9508
2021-06-15 10:35:15,17671.5,9510
2021-06-15 10:35:16,17671.5,9510
2021-06-15 10:35:18,17671.5,9510
2021-06-15 10:35:20,17671.5,9510
2021-06-15 10:35:21,17671.5,9510
2021-06-15 10:35:22,17671.5,9510
2021-06-15 10:35:24,17668.0,9511
2021-06-15 10:35:24,17668.0,9511
2021-06-15 10:35:25,17674.0,9513
2021-06-15 10:35:30,17674.0,9513
2021-06-15 10:35:31,17674.0,9513
2021-06-15 10:35:32,17674.0,9513
2021-06-15 10:35:33,17674.0,9513
2021-06-15 10:35:34,17674.0,9513
2021-06-15 10:35:35,17674.0,9513
2021-06-15 10:35:35,17674.0,9513
2021-06-15 10:35:37,17674.0,9513
2021-06-15 10:35:39,17674.0,9513
2021-06-15 10:35:40,17674.0,9513
2021-06-15 10:35:40,17671.0,9515
2021-06-15 10:35:42,17671.0,9515
2021-06-15 10:35:43,17671.0,9515
2021-06-15 10:35:44,17671.0,9516
2021-06-15 10:35:45,17671.0,9516
2021-06-15 10:35:46,17671.0,9516
2021-06-15 10:35:46,17671.0,9516
2021-06-15 10:35:47,17671.0,9518
2021-06-15 10:35:48,17671.0,9518
2021-06-15 10:35:49,17673.95,9519
2021-06-15 10:35:50,17673.95,9519
2021-06-15 10:35:53,17673.95,9519
2021-06-15 10:35:54,17673.95,9519
2021-06-15 10:35:55,17673.95,9519
2021-06-15 10:35:56,17673.95,9519
2021-06-15 10:35:57,17673.95,9519
2021-06-15 10:35:58,17674.0,9532
2021-06-15 10:35:59,17674.0,9532
2021-06-15 10:36:00,17674.0,9532
2021-06-15 10:36:01,17675.0,9534
2021-06-15 10:36:02,17675.0,9552
2021-06-15 10:36:04,17675.0,9552
2021-06-15 10:36:05,17675.0,9552
2021-06-15 10:36:06,17675.0,9585
2021-06-15 10:36:06,17675.0,9585
2021-06-15 10:36:08,17675.0,9585
2021-06-15 10:36:08,17675.35,9636
2021-06-15 10:36:09,17675.35,9636
2021-06-15 10:36:11,17675.35,9636
2021-06-15 10:36:12,17675.35,9636
2021-06-15 10:36:13,17675.35,9636
2021-06-15 10:36:14,17675.35,9636
2021-06-15 10:36:14,17673.95,9650
2021-06-15 10:36:16,17673.95,9650
2021-06-15 10:36:18,17673.95,9650
2021-06-15 10:36:19,17673.95,9650
2021-06-15 10:36:21,17673.95,9650
2021-06-15 10:36:23,17673.95,9650
2021-06-15 10:36:24,17674.95,9651
2021-06-15 10:36:25,17674.95,9651
2021-06-15 10:36:26,17674.95,9651
2021-06-15 10:36:28,17673.95,9652
2021-06-15 10:36:30,17674.95,9653
2021-06-15 10:36:30,17674.95,9653
2021-06-15 10:36:31,17674.95,9653
2021-06-15 10:36:36,17674.95,9663
2021-06-15 10:36:38,17674.95,9663
2021-06-15 10:36:40,17674.95,9663
2021-06-15 10:36:44,17674.95,9673
2021-06-15 10:36:46,17674.95,9673
2021-06-15 10:36:46,17674.95,9673
2021-06-15 10:36:49,17674.95,9673
2021-06-15 10:36:50,17674.95,9673
2021-06-15 10:36:52,17675.0,9674
2021-06-15 10:36:53,17675.0,9674
2021-06-15 10:36:54,17675.0,9674
2021-06-15 10:36:56,17675.0,9680
2021-06-15 10:36:57,17673.95,9681
2021-06-15 10:36:58,17673.95,9681
2021-06-15 10:36:59,17673.95,9681
2021-06-15 10:37:00,17673.95,9681
2021-06-15 10:37:01,17673.95,9684
2021-06-15 10:37:02,17673.95,9684
2021-06-15 10:37:03,17673.95,9685
2021-06-15 10:37:04,17673.95,9685
2021-06-15 10:37:05,17673.95,9685
2021-06-15 10:37:06,17673.95,9685
2021-06-15 10:37:07,17673.95,9685
2021-06-15 10:37:08,17673.95,9685
2021-06-15 10:37:08,17673.95,9685
2021-06-15 10:37:10,17673.95,9685
2021-06-15 10:37:11,17673.95,9685
2021-06-15 10:37:13,17673.95,9685
2021-06-15 10:37:14,17673.95,9685
2021-06-15 10:37:14,17673.95,9685
2021-06-15 10:37:15,17673.95,9685
2021-06-15 10:37:16,17673.95,9685
2021-06-15 10:37:18,17673.95,9685
2021-06-15 10:37:19,17673.95,9685
2021-06-15 10:37:19,17673.95,9685
2021-06-15 10:37:21,17673.95,9685
2021-06-15 10:37:22,17673.95,9685
2021-06-15 10:37:23,17673.95,9685
2021-06-15 10:37:24,17673.95,9685
2021-06-15 10:37:25,17673.95,9685
2021-06-15 10:37:26,17673.95,9685
2021-06-15 10:37:27,17673.95,9685
2021-06-15 10:37:28,17673.95,9685
2021-06-15 10:37:29,17667.55,9717
2021-06-15 10:37:30,17667.55,9717
2021-06-15 10:37:36,17666.85,9767
2021-06-15 10:37:39,17666.85,9767
2021-06-15 10:37:45,17666.85,9767
2021-06-15 10:37:49,17666.85,9767
2021-06-15 10:37:55,17666.85,9767
2021-06-15 10:38:01,17667.55,9768
2021-06-15 10:38:05,17667.55,9768
2021-06-15 10:38:08,17667.6,9769
2021-06-15 10:38:11,17667.6,9769
2021-06-15 10:38:15,17675.0,9770
2021-06-15 10:38:18,17676.0,9824
2021-06-15 10:38:21,17678.7,9825
2021-06-15 10:38:24,17678.7,9825
2021-06-15 10:38:27,17678.7,9825
2021-06-15 10:38:30,17678.7,9825
2021-06-15 10:38:33,17678.7,9825
2021-06-15 10:38:36,17678.7,9825
2021-06-15 10:38:40,17678.75,9826
2021-06-15 10:38:43,17678.75,9826
2021-06-15 10:38:47,17669.8,9857
2021-06-15 10:38:51,17669.8,9857
2021-06-15 10:38:54,17669.8,9857
2021-06-15 10:38:58,17669.8,9857
2021-06-15 10:39:01,17669.8,9857
2021-06-15 10:39:04,17669.5,9858
2021-06-15 10:39:07,17669.55,9860
2021-06-15 10:39:11,17678.3,9880
2021-06-15 10:39:14,17678.3,9880
2021-06-15 10:39:18,17678.3,9880
2021-06-15 10:39:22,17678.75,9889
2021-06-15 10:39:25,17670.05,9900
2021-06-15 10:39:29,17670.05,9900
2021-06-15 10:39:32,17670.05,9900
2021-06-15 10:39:35,17669.55,9920
2021-06-15 10:39:38,17669.55,9920
2021-06-15 10:39:41,17669.55,9920
2021-06-15 10:39:45,17669.55,9920
2021-06-15 10:39:48,17668.55,9925
2021-06-15 10:39:51,17668.55,9925
2021-06-15 10:39:55,17668.55,9925
2021-06-15 10:39:59,17678.25,9937
2021-06-15 10:40:02,17678.2,9939
2021-06-15 10:40:05,17678.2,9939
2021-06-15 10:40:08,17678.2,9939
2021-06-15 10:40:12,17678.2,9939
2021-06-15 10:40:15,17677.0,9942
2021-06-15 10:40:19,17677.0,9942
2021-06-15 10:40:23,17677.0,9942
2021-06-15 10:40:27,17677.0,9942
2021-06-15 10:40:30,17667.75,9947
2021-06-15 10:40:34,17675.2,9964
2021-06-15 10:40:38,17675.2,9964
2021-06-15 10:40:41,17675.2,9964
2021-06-15 10:40:45,17677.2,9965
2021-06-15 10:40:49,17677.55,9967
2021-06-15 10:40:52,17677.55,9967
2021-06-15 10:40:56,17677.55,9967
2021-06-15 10:40:59,17677.55,9967
2021-06-15 10:41:03,17672.9,9969
2021-06-15 10:41:06,17672.95,9987
2021-06-15 10:41:10,17672.95,10003
2021-06-15 10:41:14,17672.55,10021
2021-06-15 10:41:17,17672.55,10021
2021-06-15 10:41:20,17672.55,10029
2021-06-15 10:41:23,17667.55,10045
2021-06-15 10:41:27,17667.55,10045
2021-06-15 10:41:30,17667.55,10045
2021-06-15 10:41:32,17667.55,10045
2021-06-15 10:41:36,17667.55,10047
2021-06-15 10:41:39,17667.55,10047
2021-06-15 10:41:42,17667.55,10047
2021-06-15 10:41:45,17672.55,10048
2021-06-15 10:41:48,17672.55,10048
2021-06-15 10:41:52,17672.55,10048
2021-06-15 10:41:55,17670.05,10049
2021-06-15 10:41:59,17672.55,10050
2021-06-15 10:42:02,17672.55,10052
2021-06-15 10:42:06,17670.05,10054
2021-06-15 10:42:09,17670.05,10054
2021-06-15 10:42:13,17652.65,10184
2021-06-15 10:42:16,17656.35,10193
2021-06-15 10:42:19,17656.35,10193
2021-06-15 10:42:22,17656.35,10193
2021-06-15 10:42:25,17656.35,10193
2021-06-15 10:42:29,17656.35,10193
2021-06-15 10:42:32,17656.35,10193
2021-06-15 10:42:36,17656.35,10193
2021-06-15 10:42:39,17656.35,10193
2021-06-15 10:42:42,17656.35,10193
2021-06-15 10:42:48,17666.3,10194
2021-06-15 10:42:51,17666.3,10194
2021-06-15 10:42:55,17660.25,10204
2021-06-15 10:42:58,17660.25,10204
2021-06-15 10:43:01,17660.25,10204
2021-06-15 10:43:10,17662.55,10205
2021-06-15 10:43:14,17662.55,10205
2021-06-15 10:43:16,17662.55,10205
2021-06-15 10:43:19,17662.55,10205
2021-06-15 10:43:23,17662.55,10205
2021-06-15 10:43:26,17662.55,10206
2021-06-15 10:43:29,17662.55,10206
2021-06-15 10:43:32,17662.55,10206
2021-06-15 10:43:36,17662.55,10206
2021-06-15 10:43:39,17662.55,10206
2021-06-15 10:43:42,17662.55,10206
2021-06-15 10:43:45,17669.95,10207
2021-06-15 10:43:49,17669.95,10207
2021-06-15 10:43:52,17669.95,10207
2021-06-15 10:43:55,17669.95,10207
2021-06-15 10:44:02,17669.95,10207
2021-06-15 10:44:05,17668.0,10216
2021-06-15 10:44:08,17665.65,10233
2021-06-15 10:44:12,17665.65,10233
2021-06-15 10:44:16,17665.65,10233
2021-06-15 10:44:19,17668.0,10239
2021-06-15 10:44:23,17668.0,10239
2021-06-15 10:44:26,17668.0,10239
2021-06-15 10:44:29,17668.0,10239
2021-06-15 10:44:32,17668.0,10239
2021-06-15 10:44:36,17668.0,10240
2021-06-15 10:44:39,17668.0,10240
2021-06-15 10:44:42,17668.0,10240
2021-06-15 10:44:45,17667.95,10241
2021-06-15 10:44:48,17667.95,10241
2021-06-15 10:44:51,17667.95,10241
2021-06-15 10:45:00,17655.0,10269
2021-06-15 10:45:03,17655.0,10269
2021-06-15 10:45:06,17655.0,10269
2021-06-15 10:45:09,17655.0,10294
2021-06-15 10:45:12,17655.0,10294
2021-06-15 10:45:15,17655.0,10294
