timestamp,ltp,volume
2021-06-15 09:15:41,126.0,337586
2021-06-15 09:15:48,125.8,358397
2021-06-15 09:15:54,126.0,402559
2021-06-15 09:16:01,125.9,415179
2021-06-15 09:16:07,125.85,460432
2021-06-15 09:16:13,125.8,482098
2021-06-15 09:16:20,125.7,505656
2021-06-15 09:16:26,125.75,543314
2021-06-15 09:16:32,125.75,581278
2021-06-15 09:16:38,125.8,594839
2021-06-15 09:16:45,125.75,613896
2021-06-15 09:16:51,125.75,620904
2021-06-15 09:16:57,125.75,628974
2021-06-15 09:17:10,125.75,658589
2021-06-15 09:17:16,125.8,686785
2021-06-15 09:17:22,125.7,695088
2021-06-15 09:17:35,125.75,703551
2021-06-15 09:17:41,125.75,708483
2021-06-15 09:17:52,125.75,776143
2021-06-15 09:17:58,125.75,787775
2021-06-15 09:18:04,125.75,790996
2021-06-15 09:18:16,125.85,809262
2021-06-15 09:18:22,125.7,835699
2021-06-15 09:18:28,125.8,853298
2021-06-15 09:18:34,125.75,866969
2021-06-15 09:18:40,125.8,874493
2021-06-15 09:18:46,125.75,878643
2021-06-15 09:18:51,125.75,882128
2021-06-15 09:18:57,125.85,906482
2021-06-15 09:19:03,125.75,913927
2021-06-15 09:19:09,125.75,922519
2021-06-15 09:19:14,125.75,927542
2021-06-15 09:19:20,125.65,946352
2021-06-15 09:19:26,125.7,949783
2021-06-15 09:19:32,125.75,954524
2021-06-15 09:19:38,125.9,977889
2021-06-15 09:19:43,125.85,981503
2021-06-15 09:19:49,125.75,986162
2021-06-15 09:19:55,125.75,992254
2021-06-15 09:20:01,125.8,1001850
2021-06-15 09:20:07,125.85,1003754
2021-06-15 09:20:12,125.9,1015346
2021-06-15 09:20:18,125.9,1021168
2021-06-15 09:20:24,125.9,1027448
2021-06-15 09:20:29,125.75,1066069
2021-06-15 09:20:35,125.55,1093034
2021-06-15 09:20:41,125.5,1095216
2021-06-15 09:20:52,125.45,1118956
2021-06-15 09:20:58,125.5,1123323
2021-06-15 09:21:04,125.5,1126121
2021-06-15 09:21:09,125.35,1141096
2021-06-15 09:21:15,125.45,1146714
2021-06-15 09:21:21,125.3,1156713
2021-06-15 09:21:27,125.25,1161793
2021-06-15 09:21:33,125.25,1170894
2021-06-15 09:21:39,125.2,1176419
2021-06-15 09:21:44,125.3,1193881
2021-06-15 09:21:50,125.3,1200659
2021-06-15 09:21:56,125.2,1217864
2021-06-15 09:22:01,125.25,1224245
2021-06-15 09:22:07,125.4,1237568
2021-06-15 09:22:13,125.45,1239938
2021-06-15 09:22:18,125.45,1241296
2021-06-15 09:22:24,125.4,1246781
2021-06-15 09:22:30,125.45,1247981
2021-06-15 09:22:35,125.45,1249342
2021-06-15 09:22:41,125.5,1250882
2021-06-15 09:22:46,125.4,1258062
2021-06-15 09:22:52,125.4,1259763
2021-06-15 09:22:58,125.45,1272575
2021-06-15 09:23:03,125.45,1274921
2021-06-15 09:23:09,125.4,1278320
2021-06-15 09:23:14,125.4,1282384
2021-06-15 09:23:20,125.35,1286322
2021-06-15 09:23:32,125.45,1306867
2021-06-15 09:23:37,125.45,1311813
2021-06-15 09:23:43,125.35,1315519
2021-06-15 09:23:48,125.4,1317942
2021-06-15 09:23:54,125.35,1319126
2021-06-15 09:24:00,125.4,1324258
2021-06-15 09:24:05,125.45,1330544
2021-06-15 09:24:10,125.5,1331610
2021-06-15 09:24:16,125.5,1334073
2021-06-15 09:24:22,125.55,1335369
2021-06-15 09:24:27,125.55,1355571
2021-06-15 09:24:33,125.5,1359509
2021-06-15 09:24:44,125.55,1362508
2021-06-15 09:24:49,125.55,1365215
2021-06-15 09:24:55,125.7,1368945
2021-06-15 09:25:00,125.6,1370223
2021-06-15 09:25:06,125.6,1374781
2021-06-15 09:25:11,125.65,1378947
2021-06-15 09:25:17,125.65,1382642
2021-06-15 09:25:22,125.6,1383874
2021-06-15 09:25:28,125.6,1384388
2021-06-15 09:25:33,125.55,1386574
2021-06-15 09:25:39,125.6,1390438
2021-06-15 09:25:44,125.6,1398650
2021-06-15 09:25:50,125.6,1399715
2021-06-15 09:25:55,125.65,1401118
2021-06-15 09:26:00,125.55,1403957
2021-06-15 09:26:05,125.6,1404615
2021-06-15 09:26:11,125.6,1406238
2021-06-15 09:26:16,125.65,1406855
2021-06-15 09:26:22,125.6,1409580
2021-06-15 09:26:27,125.6,1423174
2021-06-15 09:26:33,125.7,1427427
2021-06-15 09:26:38,125.7,1430028
2021-06-15 09:26:44,125.7,1433026
2021-06-15 09:26:49,125.6,1459263
2021-06-15 09:26:55,125.6,1462025
2021-06-15 09:27:00,125.5,1463886
2021-06-15 09:27:05,125.6,1475253
2021-06-15 09:27:11,125.5,1478697
2021-06-15 09:27:16,125.55,1480040
2021-06-15 09:27:21,125.4,1514190
2021-06-15 09:27:27,125.55,1515316
2021-06-15 09:27:37,125.5,1517556
2021-06-15 09:27:43,125.55,1518284
2021-06-15 09:27:48,125.5,1518544
2021-06-15 09:27:53,125.45,1523447
2021-06-15 09:27:58,125.45,1544516
2021-06-15 09:28:03,125.5,1547696
2021-06-15 09:28:09,125.55,1549885
2021-06-15 09:28:14,125.5,1550668
2021-06-15 09:28:20,125.5,1552872
2021-06-15 09:28:25,125.55,1554871
2021-06-15 09:28:30,125.5,1556827
2021-06-15 09:28:35,125.6,1560828
2021-06-15 09:28:40,125.55,1561622
2021-06-15 09:28:46,125.6,1566391
2021-06-15 09:28:51,125.6,1571267
2021-06-15 09:28:56,125.55,1571572
2021-06-15 09:29:02,125.55,1572059
2021-06-15 09:29:08,125.5,1579427
2021-06-15 09:29:13,125.5,1579810
2021-06-15 09:29:18,125.45,1581895
2021-06-15 09:29:24,125.45,1584328
2021-06-15 09:29:29,125.4,1584982
2021-06-15 09:29:34,125.45,1586208
2021-06-15 09:29:40,125.45,1586399
2021-06-15 09:29:45,125.4,1593952
2021-06-15 09:29:50,125.3,1599960
2021-06-15 09:29:56,125.4,1601679
2021-06-15 09:30:06,125.35,1609906
2021-06-15 09:30:12,125.3,1610201
2021-06-15 09:30:17,125.35,1611038
2021-06-15 09:30:22,125.3,1617123
2021-06-15 09:30:27,125.35,1618203
2021-06-15 09:30:33,125.3,1633408
2021-06-15 09:30:38,125.4,1666060
2021-06-15 09:30:43,125.4,1668311
2021-06-15 09:30:48,125.4,1672128
2021-06-15 09:30:53,125.45,1673353
2021-06-15 09:30:58,125.45,1673493
2021-06-15 09:31:03,125.45,1674855
2021-06-15 09:31:08,125.5,1677296
2021-06-15 09:31:14,125.45,1679139
2021-06-15 09:31:19,125.5,1680091
2021-06-15 09:31:24,125.5,1680588
2021-06-15 09:31:29,125.5,1694908
2021-06-15 09:31:34,125.45,1710622
2021-06-15 09:31:40,125.45,1715853
2021-06-15 09:31:45,125.5,1716763
2021-06-15 09:31:50,125.5,1722181
2021-06-15 09:31:55,125.55,1723255
2021-06-15 09:32:01,125.6,1723647
2021-06-15 09:32:06,125.55,1725489
2021-06-15 09:32:11,125.55,1733265
2021-06-15 09:32:17,125.5,1733816
2021-06-15 09:32:22,125.55,1733840
2021-06-15 09:32:27,125.45,1736950
2021-06-15 09:32:32,125.55,1745147
2021-06-15 09:32:37,125.45,1746280
2021-06-15 09:32:42,125.45,1766197
2021-06-15 09:32:47,125.35,1767896
2021-06-15 09:32:53,125.35,1770442
2021-06-15 09:32:59,125.3,1781954
2021-06-15 09:33:04,125.35,1789855
2021-06-15 09:33:09,125.35,1790582
2021-06-15 09:33:15,125.35,1795980
2021-06-15 09:33:20,125.25,1797459
2021-06-15 09:33:25,125.3,1802105
2021-06-15 09:33:30,125.3,1806616
2021-06-15 09:33:35,125.3,1808290
2021-06-15 09:33:40,125.3,1810906
2021-06-15 09:33:45,125.25,1814921
2021-06-15 09:33:51,125.35,1816811
2021-06-15 09:33:56,125.3,1824766
2021-06-15 09:34:01,125.35,1827404
2021-06-15 09:34:10,125.3,1830345
2021-06-15 09:34:15,125.3,1831547
2021-06-15 09:34:20,125.25,1834207
2021-06-15 09:34:25,125.3,1835591
2021-06-15 09:34:30,125.2,1879872
2021-06-15 09:34:35,125.15,1884071
2021-06-15 09:34:40,125.2,1896465
2021-06-15 09:34:45,125.25,1897087
2021-06-15 09:34:50,125.25,1898304
2021-06-15 09:34:55,125.25,1899323
2021-06-15 09:35:00,125.25,1903180
2021-06-15 09:35:05,125.2,1914115
2021-06-15 09:35:10,125.2,1914676
2021-06-15 09:35:15,125.2,1916310
2021-06-15 09:35:21,125.2,1916970
2021-06-15 09:35:31,125.2,1943875
2021-06-15 09:35:36,125.2,1946590
2021-06-15 09:35:41,125.25,1947346
2021-06-15 09:35:46,125.15,1949482
2021-06-15 09:35:51,125.25,1949859
2021-06-15 09:35:55,125.25,1950655
2021-06-15 09:36:01,125.2,1951301
2021-06-15 09:36:06,125.25,1951459
2021-06-15 09:36:11,125.25,1952244
2021-06-15 09:36:15,125.2,1953944
2021-06-15 09:36:20,125.2,1956605
2021-06-15 09:36:25,125.2,1957490
2021-06-15 09:36:30,125.2,1958302
2021-06-15 09:36:35,125.2,1960226
2021-06-15 09:36:41,125.15,1967070
2021-06-15 09:36:46,125.2,1969884
2021-06-15 09:36:50,125.2,1971102
2021-06-15 09:36:55,125.2,1972818
2021-06-15 09:37:00,125.2,1980857
2021-06-15 09:37:10,125.15,1999400
2021-06-15 09:37:15,125.2,2001610
2021-06-15 09:37:20,125.2,2002498
2021-06-15 09:37:30,125.25,2003590
2021-06-15 09:37:35,125.1,2042422
2021-06-15 09:37:40,125.1,2045931
2021-06-15 09:37:45,125.0,2052609
2021-06-15 09:37:50,125.0,2054678
2021-06-15 09:37:55,125.1,2056027
2021-06-15 09:38:00,125.0,2060909
2021-06-15 09:38:05,125.05,2063612
2021-06-15 09:38:10,125.05,2070263
2021-06-15 09:38:15,125.1,2074467
2021-06-15 09:38:25,125.05,2082116
2021-06-15 09:38:30,125.05,2082684
2021-06-15 09:38:35,125.1,2086591
2021-06-15 09:38:40,125.05,2089545
2021-06-15 09:38:46,125.1,2090552
2021-06-15 09:38:50,125.05,2091450
2021-06-15 09:39:00,125.1,2092408
2021-06-15 09:39:05,125.1,2092941
2021-06-15 09:39:14,125.1,2116972
2021-06-15 09:39:19,125.05,2121789
2021-06-15 09:39:24,125.1,2122856
2021-06-15 09:39:29,125.05,2124391
2021-06-15 09:39:33,125.1,2125643
2021-06-15 09:39:38,125.05,2134360
2021-06-15 09:39:42,125.1,2134628
2021-06-15 09:39:47,125.1,2143662
2021-06-15 09:39:52,125.05,2147322
2021-06-15 09:39:57,125.05,2147665
2021-06-15 09:40:02,125.1,2148971
2021-06-15 09:40:07,125.1,2149203
2021-06-15 09:40:12,125.05,2149834
2021-06-15 09:40:17,124.9,2242213
2021-06-15 09:40:22,125.0,2260568
2021-06-15 09:40:27,124.95,2270363
2021-06-15 09:40:32,125.0,2307958
2021-06-15 09:40:37,125.25,2313599
2021-06-15 09:40:42,125.2,2314929
2021-06-15 09:40:46,125.3,2316137
2021-06-15 09:40:51,125.25,2319572
2021-06-15 09:40:56,125.3,2320332
2021-06-15 09:41:00,125.3,2321466
2021-06-15 09:41:05,125.35,2322346
2021-06-15 09:41:10,125.3,2325514
2021-06-15 09:41:15,125.35,2326879
2021-06-15 09:41:20,125.3,2327352
2021-06-15 09:41:24,125.3,2338581
2021-06-15 09:41:29,125.3,2340911
2021-06-15 09:41:34,125.3,2342753
2021-06-15 09:41:38,125.3,2343983
2021-06-15 09:41:43,125.3,2347935
2021-06-15 09:41:47,125.25,2348538
2021-06-15 09:41:52,125.3,2349644
2021-06-15 09:41:56,125.25,2349855
2021-06-15 09:42:00,125.25,2354036
2021-06-15 09:42:05,125.3,2360468
2021-06-15 09:42:09,125.25,2362045
2021-06-15 09:42:14,125.25,2372161
2021-06-15 09:42:18,125.25,2384506
2021-06-15 09:42:22,125.3,2385094
2021-06-15 09:42:27,125.25,2385124
2021-06-15 09:42:31,125.3,2387113
2021-06-15 09:42:36,125.15,2396361
2021-06-15 09:42:40,125.2,2400941
2021-06-15 09:42:45,125.3,2427428
2021-06-15 09:42:50,125.3,2460817
2021-06-15 09:42:54,125.4,2462617
2021-06-15 09:42:59,125.4,2476098
2021-06-15 09:43:03,125.35,2476461
2021-06-15 09:43:12,125.35,2491686
2021-06-15 09:43:17,125.4,2492768
2021-06-15 09:43:21,125.35,2493039
2021-06-15 09:43:26,125.3,2513363
2021-06-15 09:43:35,125.35,2521643
2021-06-15 09:43:40,125.4,2523975
2021-06-15 09:43:45,125.4,2524840
2021-06-15 09:43:50,125.4,2530620
2021-06-15 09:44:00,125.35,2533961
2021-06-15 09:44:04,125.35,2534069
2021-06-15 09:44:09,125.35,2535161
2021-06-15 09:44:13,125.35,2536428
2021-06-15 09:44:18,125.3,2537794
2021-06-15 09:44:23,125.2,2541088
2021-06-15 09:44:27,125.25,2541645
2021-06-15 09:44:32,125.2,2543568
2021-06-15 09:44:36,125.2,2548089
2021-06-15 09:44:40,125.2,2549090
2021-06-15 09:44:45,125.15,2549925
2021-06-15 09:44:49,125.15,2552727
2021-06-15 09:44:53,125.1,2553016
2021-06-15 09:44:58,125.15,2561579
2021-06-15 09:45:02,125.05,2563048
2021-06-15 09:45:07,125.15,2563147
2021-06-15 09:45:11,125.15,2563938
2021-06-15 09:45:16,125.15,2564227
2021-06-15 09:45:20,125.15,2565069
2021-06-15 09:45:25,125.1,2565519
2021-06-15 09:45:30,125.1,2569388
2021-06-15 09:45:35,125.15,2570464
2021-06-15 09:45:40,125.15,2570894
2021-06-15 09:45:45,125.15,2571344
2021-06-15 09:45:50,125.15,2573108
2021-06-15 09:45:54,125.1,2574254
2021-06-15 09:45:59,125.15,2574661
2021-06-15 09:46:04,125.1,2575237
2021-06-15 09:46:08,125.15,2575744
2021-06-15 09:46:13,125.1,2577841
2021-06-15 09:46:18,125.15,2578837
2021-06-15 09:46:22,125.15,2579467
2021-06-15 09:46:31,124.95,2620107
2021-06-15 09:46:35,124.95,2622551
2021-06-15 09:46:40,124.85,2630669
2021-06-15 09:46:44,124.9,2631612
2021-06-15 09:46:49,124.95,2631919
2021-06-15 09:46:53,124.9,2636470
2021-06-15 09:46:58,124.95,2637735
2021-06-15 09:47:03,124.9,2638170
2021-06-15 09:47:07,124.95,2639464
2021-06-15 09:47:12,124.9,2640215
2021-06-15 09:47:17,124.9,2643921
2021-06-15 09:47:22,124.95,2646315
2021-06-15 09:47:26,124.95,2647434
2021-06-15 09:47:31,124.9,2649511
2021-06-15 09:47:35,125.05,2691936
2021-06-15 09:47:40,125.1,2693161
2021-06-15 09:47:45,125.1,2693343
2021-06-15 09:47:50,125.15,2694364
2021-06-15 09:47:55,125.1,2695083
2021-06-15 09:47:59,125.15,2696908
2021-06-15 09:48:08,125.15,2699783
2021-06-15 09:48:13,125.1,2701820
2021-06-15 09:48:17,125.1,2702211
2021-06-15 09:48:21,125.15,2703906
2021-06-15 09:48:26,125.15,2705707
2021-06-15 09:48:31,125.15,2705778
2021-06-15 09:48:36,125.15,2710602
2021-06-15 09:48:40,125.15,2719105
2021-06-15 09:48:45,125.15,2719698
2021-06-15 09:48:50,125.1,2719819
2021-06-15 09:48:54,125.1,2720094
2021-06-15 09:48:59,125.15,2725293
2021-06-15 09:49:04,125.15,2726791
2021-06-15 09:49:08,125.15,2727359
2021-06-15 09:49:13,125.05,2727640
2021-06-15 09:49:18,125.1,2728642
2021-06-15 09:49:23,125.05,2728703
2021-06-15 09:49:27,125.05,2729561
2021-06-15 09:49:32,125.1,2732503
2021-06-15 09:49:37,125.1,2733384
2021-06-15 09:49:41,125.05,2750348
2021-06-15 09:49:46,125.15,2751628
2021-06-15 09:49:50,125.2,2752206
2021-06-15 09:49:55,125.25,2761260
2021-06-15 09:49:59,125.25,2762654
2021-06-15 09:50:04,125.25,2763025
2021-06-15 09:50:08,125.25,2763114
2021-06-15 09:50:12,125.25,2763366
2021-06-15 09:50:16,125.3,2765099
2021-06-15 09:50:20,125.3,2766227
2021-06-15 09:50:25,125.3,2767833
2021-06-15 09:50:29,125.4,2768378
2021-06-15 09:50:34,125.35,2768715
2021-06-15 09:50:38,125.35,2778590
2021-06-15 09:50:43,125.35,2779790
2021-06-15 09:50:47,125.35,2780845
2021-06-15 09:50:51,125.35,2781550
2021-06-15 09:50:55,125.4,2784451
2021-06-15 09:51:00,125.3,2785943
2021-06-15 09:51:04,125.4,2788228
2021-06-15 09:51:08,125.3,2791968
2021-06-15 09:51:12,125.4,2792941
2021-06-15 09:51:17,125.4,2796404
2021-06-15 09:51:21,125.4,2797289
2021-06-15 09:51:33,125.3,2799054
2021-06-15 09:51:38,125.4,2799394
2021-06-15 09:51:43,125.3,2799874
2021-06-15 09:51:47,125.4,2802190
2021-06-15 09:51:51,125.3,2804192
2021-06-15 09:51:55,125.3,2804560
2021-06-15 09:51:59,125.35,2805752
2021-06-15 09:52:04,125.35,2805887
2021-06-15 09:52:08,125.35,2806863
2021-06-15 09:52:12,125.35,2807073
2021-06-15 09:52:16,125.35,2809150
2021-06-15 09:52:21,125.4,2809365
2021-06-15 09:52:26,125.35,2810661
2021-06-15 09:52:30,125.4,2816224
2021-06-15 09:52:35,125.3,2841619
2021-06-15 09:52:39,125.35,2843703
2021-06-15 09:52:43,125.35,2845082
2021-06-15 09:52:47,125.3,2878008
2021-06-15 09:52:51,125.3,2879520
2021-06-15 09:52:55,125.3,2880055
2021-06-15 09:52:59,125.3,2880146
2021-06-15 09:53:04,125.25,2880415
2021-06-15 09:53:08,125.35,2880567
2021-06-15 09:53:12,125.35,2882588
2021-06-15 09:53:21,125.35,2885814
2021-06-15 09:53:25,125.25,2887121
2021-06-15 09:53:29,125.35,2887230
2021-06-15 09:53:33,125.35,2888173
2021-06-15 09:53:37,125.35,2888338
2021-06-15 09:53:42,125.35,2888569
2021-06-15 09:53:47,125.35,2889735
2021-06-15 09:53:51,125.3,2889752
2021-06-15 09:53:55,125.35,2890304
2021-06-15 09:54:00,125.35,2890684
2021-06-15 09:54:04,125.35,2892701
2021-06-15 09:54:09,125.35,2892806
2021-06-15 09:54:13,125.3,2893011
2021-06-15 09:54:17,125.35,2893751
2021-06-15 09:54:21,125.3,2897667
2021-06-15 09:54:26,125.3,2898386
2021-06-15 09:54:30,125.25,2899743
2021-06-15 09:54:34,125.25,2904373
2021-06-15 09:54:39,125.25,2904828
2021-06-15 09:54:44,125.2,2905130
2021-06-15 09:54:48,125.2,2905631
2021-06-15 09:54:52,125.25,2905935
2021-06-15 09:54:56,125.15,2907950
2021-06-15 09:55:01,125.2,2908292
2021-06-15 09:55:05,125.15,2908882
2021-06-15 09:55:10,125.25,2908923
2021-06-15 09:55:14,125.25,2908929
2021-06-15 09:55:18,125.3,2910268
2021-06-15 09:55:22,125.25,2910320
2021-06-15 09:55:26,125.3,2910565
2021-06-15 09:55:30,125.25,2911540
2021-06-15 09:55:35,125.3,2912729
2021-06-15 09:55:39,125.25,2913583
2021-06-15 09:55:43,125.25,2915470
2021-06-15 09:55:48,125.3,2915647
2021-06-15 09:55:53,125.35,2916636
2021-06-15 09:55:57,125.3,2920036
2021-06-15 09:56:01,125.25,2920413
2021-06-15 09:56:06,125.25,2920799
2021-06-15 09:56:10,125.3,2920832
2021-06-15 09:56:14,125.2,2929484
2021-06-15 09:56:22,125.25,2929743
2021-06-15 09:56:26,125.2,2929932
2021-06-15 09:56:30,125.25,2929939
2021-06-15 09:56:35,125.2,2929976
2021-06-15 09:56:38,125.2,2932166
2021-06-15 09:56:42,125.25,2932199
2021-06-15 09:56:47,125.25,2932751
2021-06-15 09:56:51,125.25,2932752
2021-06-15 09:56:54,125.25,2932835
2021-06-15 09:56:59,125.2,2933036
2021-06-15 09:57:03,125.25,2933956
2021-06-15 09:57:08,125.25,2934366
2021-06-15 09:57:16,125.25,2938343
2021-06-15 09:57:24,125.15,2940348
2021-06-15 09:57:27,125.25,2940439
2021-06-15 09:57:31,125.25,2947038
2021-06-15 09:57:35,125.3,2948211
2021-06-15 09:57:39,125.2,2953514
2021-06-15 09:57:43,125.2,2954144
2021-06-15 09:57:47,125.2,2954373
2021-06-15 09:57:51,125.25,2956083
2021-06-15 09:57:55,125.15,2956315
2021-06-15 09:57:59,125.15,2957788
2021-06-15 09:58:03,125.2,2957817
2021-06-15 09:58:07,125.2,2959148
2021-06-15 09:58:11,125.25,2964320
2021-06-15 09:58:14,125.25,2964343
2021-06-15 09:58:18,125.25,2964464
2021-06-15 09:58:22,125.2,2964716
2021-06-15 09:58:30,125.2,2967984
2021-06-15 09:58:35,125.25,2968431
2021-06-15 09:58:39,125.25,2968483
2021-06-15 09:58:43,125.2,2968485
2021-06-15 09:58:47,125.25,2968623
2021-06-15 09:58:51,125.25,2969219
2021-06-15 09:58:55,125.25,2969226
2021-06-15 09:58:58,125.25,2969971
2021-06-15 09:59:02,125.25,2970138
2021-06-15 09:59:06,125.25,2970535
2021-06-15 09:59:11,125.25,2970735
2021-06-15 09:59:15,125.3,2971464
2021-06-15 09:59:18,125.3,2972464
2021-06-15 09:59:23,125.25,2974380
2021-06-15 09:59:27,125.3,2974533
2021-06-15 09:59:30,125.3,2974670
2021-06-15 09:59:34,125.3,2974678
2021-06-15 09:59:38,125.25,2975063
2021-06-15 09:59:42,125.3,2980241
2021-06-15 09:59:46,125.3,2980317
2021-06-15 09:59:50,125.3,2981457
2021-06-15 09:59:54,125.25,2981708
2021-06-15 09:59:58,125.25,2982340
2021-06-15 10:00:02,125.3,2982523
2021-06-15 10:00:06,125.3,2982714
2021-06-15 10:00:10,125.25,2982919
2021-06-15 10:00:14,125.3,2983538
2021-06-15 10:00:18,125.15,2992966
2021-06-15 10:00:22,125.1,2994493
2021-06-15 10:00:27,125.15,2995880
2021-06-15 10:00:31,125.1,2996248
2021-06-15 10:00:35,125.15,2997258
2021-06-15 10:00:39,125.15,2998177
2021-06-15 10:00:43,125.15,2998210
2021-06-15 10:00:48,125.0,3004899
2021-06-15 10:00:52,125.1,3005753
2021-06-15 10:00:56,124.95,3032177
2021-06-15 10:01:05,124.95,3037777
2021-06-15 10:01:09,124.9,3037877
2021-06-15 10:01:14,124.95,3038678
2021-06-15 10:01:18,124.9,3039159
2021-06-15 10:01:22,124.95,3040856
2021-06-15 10:01:26,124.9,3041385
2021-06-15 10:01:30,124.95,3042070
2021-06-15 10:01:34,124.95,3042072
2021-06-15 10:01:38,125.0,3064971
2021-06-15 10:01:43,125.0,3067891
2021-06-15 10:01:47,125.0,3069808
2021-06-15 10:01:51,124.95,3072158
2021-06-15 10:01:55,124.9,3072944
2021-06-15 10:01:59,124.95,3075300
2021-06-15 10:02:04,124.9,3076010
2021-06-15 10:02:08,124.95,3076126
2021-06-15 10:02:12,124.95,3076294
2021-06-15 10:02:16,124.95,3076472
2021-06-15 10:02:20,124.95,3086109
2021-06-15 10:02:25,124.9,3086597
2021-06-15 10:02:29,125.0,3087757
2021-06-15 10:02:33,125.0,3087774
2021-06-15 10:02:37,124.95,3090775
2021-06-15 10:02:41,124.95,3091533
2021-06-15 10:02:46,124.95,3091600
2021-06-15 10:02:50,124.9,3091939
2021-06-15 10:02:54,124.95,3092193
2021-06-15 10:02:59,124.95,3092438
2021-06-15 10:03:03,124.95,3099410
2021-06-15 10:03:07,124.95,3100573
2021-06-15 10:03:15,124.95,3100582
2021-06-15 10:03:20,124.9,3100814
2021-06-15 10:03:24,125.1,3201680
2021-06-15 10:03:28,125.2,3202290
2021-06-15 10:03:32,125.2,3203648
2021-06-15 10:03:41,125.35,3227495
2021-06-15 10:03:45,125.3,3227817
2021-06-15 10:03:49,125.25,3228180
2021-06-15 10:03:53,125.25,3230474
2021-06-15 10:03:57,125.4,3250074
2021-06-15 10:04:01,125.35,3250164
2021-06-15 10:04:05,125.4,3251669
2021-06-15 10:04:09,125.35,3258024
2021-06-15 10:04:13,125.4,3263341
2021-06-15 10:04:17,125.35,3275024
2021-06-15 10:04:21,125.4,3275135
2021-06-15 10:04:25,125.4,3275996
2021-06-15 10:04:29,125.65,3377614
2021-06-15 10:04:32,125.6,3380468
2021-06-15 10:04:36,125.6,3381208
2021-06-15 10:04:40,125.7,3392854
2021-06-15 10:04:44,125.7,3401383
2021-06-15 10:04:48,125.85,3451429
2021-06-15 10:04:52,125.95,3507347
2021-06-15 10:04:56,126.0,3673154
2021-06-15 10:05:00,126.0,3692930
2021-06-15 10:05:04,126.0,3707251
2021-06-15 10:05:08,126.0,3714201
2021-06-15 10:05:12,126.1,3740537
2021-06-15 10:05:16,126.0,3741776
2021-06-15 10:05:21,126.0,3756755
2021-06-15 10:05:25,126.05,3759225
2021-06-15 10:05:29,126.1,3761601
2021-06-15 10:05:33,126.2,3779052
2021-06-15 10:05:37,126.15,3840933
2021-06-15 10:05:41,126.25,3869328
2021-06-15 10:05:45,126.3,3887849
2021-06-15 10:05:49,126.5,4033194
2021-06-15 10:05:52,126.5,4046487
2021-06-15 10:05:57,126.65,4082154
2021-06-15 10:06:00,126.7,4094026
2021-06-15 10:06:05,126.8,4151810
2021-06-15 10:06:08,126.9,4220167
2021-06-15 10:06:12,127.0,4625547
2021-06-15 10:06:16,127.0,4654048
2021-06-15 10:06:20,126.75,4714261
2021-06-15 10:06:24,126.75,4738267
2021-06-15 10:06:28,126.8,4757052
2021-06-15 10:06:32,126.95,4794909
2021-06-15 10:06:36,126.9,4804471
2021-06-15 10:06:39,126.9,4819343
2021-06-15 10:06:47,126.75,4854486
2021-06-15 10:06:54,126.6,4899503
2021-06-15 10:06:58,126.8,4923069
2021-06-15 10:07:02,126.65,4926832
2021-06-15 10:07:06,126.7,4934450
2021-06-15 10:07:10,126.8,4949604
2021-06-15 10:07:14,126.7,4960845
2021-06-15 10:07:18,126.75,4964482
2021-06-15 10:07:22,126.8,4980062
2021-06-15 10:07:26,126.6,4991798
2021-06-15 10:07:31,126.75,4996393
2021-06-15 10:07:34,126.7,5009690
2021-06-15 10:07:35,126.7,5009708
2021-06-15 10:07:36,126.75,5010069
2021-06-15 10:07:38,126.7,5010409
2021-06-15 10:07:39,126.75,5010642
2021-06-15 10:07:40,126.75,5013381
2021-06-15 10:07:41,126.75,5016771
2021-06-15 10:07:42,126.7,5017427
2021-06-15 10:07:43,126.7,5017458
2021-06-15 10:07:44,126.75,5019633
2021-06-15 10:07:46,126.7,5022508
2021-06-15 10:07:47,126.75,5025825
2021-06-15 10:07:48,126.7,5027951
2021-06-15 10:07:49,126.75,5029112
2021-06-15 10:07:51,126.75,5031842
2021-06-15 10:07:50,126.7,5031286
2021-06-15 10:07:52,126.65,5032342
2021-06-15 10:07:53,126.75,5035021
2021-06-15 10:07:54,126.75,5035100
2021-06-15 10:07:55,126.65,5035745
2021-06-15 10:07:56,126.65,5035867
2021-06-15 10:07:57,126.8,5041826
2021-06-15 10:07:58,126.75,5044172
2021-06-15 10:07:59,126.75,5045426
2021-06-15 10:08:00,126.75,5045777
2021-06-15 10:08:01,126.75,5048667
2021-06-15 10:08:03,126.75,5052154
2021-06-15 10:08:04,126.8,5053761
2021-06-15 10:08:05,126.8,5058794
2021-06-15 10:08:06,126.8,5059892
2021-06-15 10:08:07,126.8,5060319
2021-06-15 10:08:08,126.8,5061009
2021-06-15 10:08:11,126.75,5062495
2021-06-15 10:08:12,126.8,5115166
2021-06-15 10:08:13,126.85,5116360
2021-06-15 10:08:14,126.85,5116734
2021-06-15 10:08:16,126.85,5125499
2021-06-15 10:08:17,126.85,5125669
2021-06-15 10:08:18,126.85,5126722
2021-06-15 10:08:19,126.9,5143276
2021-06-15 10:08:20,126.8,5143998
2021-06-15 10:08:21,126.85,5144318
2021-06-15 10:08:22,126.85,5181989
2021-06-15 10:08:23,126.9,5182008
2021-06-15 10:08:24,126.9,5183510
2021-06-15 10:08:25,126.9,5184615
2021-06-15 10:08:26,126.9,5185171
2021-06-15 10:08:27,126.9,5187273
2021-06-15 10:08:28,126.85,5187618
2021-06-15 10:08:29,126.8,5187913
2021-06-15 10:08:30,126.8,5188116
2021-06-15 10:08:31,126.8,5200390
2021-06-15 10:08:32,126.8,5200394
2021-06-15 10:08:33,126.8,5200416
2021-06-15 10:08:34,126.75,5200432
2021-06-15 10:08:35,126.8,5201082
2021-06-15 10:08:36,126.85,5202353
2021-06-15 10:08:37,126.8,5205244
2021-06-15 10:08:38,126.8,5205352
2021-06-15 10:08:39,126.75,5207825
2021-06-15 10:08:40,126.8,5208228
2021-06-15 10:08:41,126.75,5208706
2021-06-15 10:08:42,126.8,5209501
2021-06-15 10:08:43,126.8,5209503
2021-06-15 10:08:44,126.75,5209754
2021-06-15 10:08:45,126.75,5210917
2021-06-15 10:08:46,126.75,5217717
2021-06-15 10:08:47,126.75,5218858
2021-06-15 10:08:48,126.8,5218887
2021-06-15 10:08:49,126.75,5219101
2021-06-15 10:08:50,126.75,5221426
2021-06-15 10:08:51,126.75,5223942
2021-06-15 10:08:53,126.7,5236642
2021-06-15 10:08:52,126.7,5236642
2021-06-15 10:08:54,126.6,5248298
2021-06-15 10:08:55,126.65,5248423
2021-06-15 10:08:56,126.65,5265433
2021-06-15 10:08:57,126.55,5267315
2021-06-15 10:08:58,126.65,5267517
2021-06-15 10:08:59,126.65,5269079
2021-06-15 10:09:00,126.6,5271054
2021-06-15 10:09:01,126.55,5271106
2021-06-15 10:09:05,126.5,5274774
2021-06-15 10:09:06,126.45,5279731
2021-06-15 10:09:07,126.5,5282209
2021-06-15 10:09:11,126.4,5291702
2021-06-15 10:09:12,126.35,5292762
2021-06-15 10:09:13,126.4,5298276
2021-06-15 10:09:14,126.4,5299276
2021-06-15 10:09:15,126.4,5300399
2021-06-15 10:09:16,126.4,5302579
2021-06-15 10:09:19,126.5,5327677
2021-06-15 10:09:20,126.5,5330440
2021-06-15 10:09:21,126.5,5330756
2021-06-15 10:09:22,126.6,5330757
2021-06-15 10:09:23,126.55,5333297
2021-06-15 10:09:24,126.5,5340761
2021-06-15 10:09:26,126.5,5340817
2021-06-15 10:09:26,126.6,5340855
2021-06-15 10:09:27,126.8,5408298
2021-06-15 10:09:28,126.7,5421187
2021-06-15 10:09:29,126.65,5425623
2021-06-15 10:09:30,126.75,5425884
2021-06-15 10:09:31,126.65,5427009
2021-06-15 10:09:32,126.6,5428972
2021-06-15 10:09:34,126.6,5431345
2021-06-15 10:09:34,126.6,5431450
2021-06-15 10:09:35,126.6,5431500
2021-06-15 10:09:36,126.6,5431625
2021-06-15 10:09:37,126.6,5434224
2021-06-15 10:09:39,126.5,5435875
2021-06-15 10:09:41,126.6,5437074
2021-06-15 10:09:42,126.55,5438123
2021-06-15 10:09:44,126.6,5440756
2021-06-15 10:09:44,126.65,5440767
2021-06-15 10:09:45,126.6,5441356
2021-06-15 10:09:46,126.6,5441610
2021-06-15 10:09:47,126.55,5442069
2021-06-15 10:09:48,126.6,5442827
2021-06-15 10:09:49,126.5,5443411
2021-06-15 10:09:50,126.6,5443966
2021-06-15 10:09:52,126.6,5443971
2021-06-15 10:09:52,126.6,5443971
2021-06-15 10:09:53,126.55,5443973
2021-06-15 10:09:54,126.5,5445323
2021-06-15 10:09:55,126.6,5445734
2021-06-15 10:09:57,126.5,5454267
2021-06-15 10:09:58,126.55,5454422
2021-06-15 10:09:59,126.55,5454422
2021-06-15 10:10:00,126.5,5454942
2021-06-15 10:10:01,126.6,5459285
2021-06-15 10:10:02,126.6,5459580
2021-06-15 10:10:03,126.5,5459988
2021-06-15 10:10:05,126.55,5460476
2021-06-15 10:10:05,126.55,5460476
2021-06-15 10:10:06,126.55,5460891
2021-06-15 10:10:07,126.6,5460951
2021-06-15 10:10:08,126.6,5460951
2021-06-15 10:10:09,126.55,5465536
2021-06-15 10:10:10,126.6,5465661
2021-06-15 10:10:12,126.9,5610568
2021-06-15 10:10:12,126.9,5610618
2021-06-15 10:10:13,127.0,5619402
2021-06-15 10:10:14,126.95,5635093
2021-06-15 10:10:15,126.95,5635108
2021-06-15 10:10:17,126.85,5635396
2021-06-15 10:10:17,126.85,5635496
2021-06-15 10:10:18,126.95,5636524
2021-06-15 10:10:19,126.85,5638031
2021-06-15 10:10:20,126.85,5641337
2021-06-15 10:10:21,126.9,5641842
2021-06-15 10:10:22,126.9,5642344
2021-06-15 10:10:23,126.85,5672547
2021-06-15 10:10:25,126.85,5674317
2021-06-15 10:10:25,126.85,5674317
2021-06-15 10:10:26,126.95,5674938
2021-06-15 10:10:27,126.85,5675237
2021-06-15 10:10:28,126.9,5677485
2021-06-15 10:10:29,126.85,5678497
2021-06-15 10:10:31,126.95,5682064
2021-06-15 10:10:31,126.9,5679873
2021-06-15 10:10:32,126.9,5685777
2021-06-15 10:10:33,126.85,5690796
2021-06-15 10:10:34,126.85,5691270
2021-06-15 10:10:35,126.9,5700575
2021-06-15 10:10:37,126.9,5703829
2021-06-15 10:10:38,126.8,5706470
2021-06-15 10:10:39,126.9,5706710
2021-06-15 10:10:41,126.9,5721106
2021-06-15 10:10:41,126.85,5722951
2021-06-15 10:10:42,126.85,5722951
2021-06-15 10:10:43,126.8,5723512
2021-06-15 10:10:44,126.95,5732276
2021-06-15 10:10:45,126.95,5734228
2021-06-15 10:10:46,126.85,5734423
2021-06-15 10:10:47,126.85,5736075
2021-06-15 10:10:48,126.8,5794886
2021-06-15 10:10:49,126.85,5798870
2021-06-15 10:10:51,126.75,5799398
2021-06-15 10:10:52,126.75,5799654
2021-06-15 10:10:53,126.75,5800854
2021-06-15 10:10:55,126.75,5804106
2021-06-15 10:10:55,126.75,5804106
2021-06-15 10:10:56,126.75,5804106
2021-06-15 10:10:57,126.85,5804306
2021-06-15 10:10:58,126.85,5804417
2021-06-15 10:10:59,126.85,5805499
2021-06-15 10:11:01,126.8,5806547
2021-06-15 10:11:02,126.8,5806647
2021-06-15 10:11:03,126.85,5807159
2021-06-15 10:11:04,126.9,5815069
2021-06-15 10:11:05,126.8,5815986
2021-06-15 10:11:06,126.8,5816350
2021-06-15 10:11:07,126.9,5817850
2021-06-15 10:11:09,126.8,5818182
2021-06-15 10:11:09,126.8,5818183
2021-06-15 10:11:10,126.9,5820349
2021-06-15 10:11:11,126.9,5828204
2021-06-15 10:11:12,126.8,5831223
2021-06-15 10:11:13,126.85,5832676
2021-06-15 10:11:14,126.8,5834688
2021-06-15 10:11:15,126.85,5837290
2021-06-15 10:11:16,126.8,5837514
2021-06-15 10:11:17,126.85,5837592
2021-06-15 10:11:18,126.85,5840870
2021-06-15 10:11:19,126.8,5842048
2021-06-15 10:11:20,126.8,5842855
2021-06-15 10:11:21,126.8,5845053
2021-06-15 10:11:22,126.85,5845209
2021-06-15 10:11:23,126.8,5857900
2021-06-15 10:11:24,126.75,5858000
2021-06-15 10:11:25,126.9,5974009
2021-06-15 10:11:26,127.0,5974019
2021-06-15 10:11:27,126.9,5976019
2021-06-15 10:11:28,126.9,5977162
2021-06-15 10:11:29,126.9,5979427
2021-06-15 10:11:30,127.0,5998838
2021-06-15 10:11:31,126.9,5998973
2021-06-15 10:11:32,126.95,6000064
2021-06-15 10:11:33,126.95,6001325
2021-06-15 10:11:34,126.9,6001537
2021-06-15 10:11:35,126.95,6002102
2021-06-15 10:11:36,127.0,6002123
2021-06-15 10:11:37,126.9,6002303
2021-06-15 10:11:38,126.95,6005028
2021-06-15 10:11:39,126.95,6005874
2021-06-15 10:11:40,126.9,6016136
2021-06-15 10:11:41,126.9,6018287
2021-06-15 10:11:42,126.85,6036042
2021-06-15 10:11:43,126.9,6037702
2021-06-15 10:11:44,126.9,6041082
2021-06-15 10:11:45,126.9,6042243
2021-06-15 10:11:46,126.8,6044413
2021-06-15 10:11:47,126.8,6044513
2021-06-15 10:11:49,126.9,6046070
2021-06-15 10:11:50,126.9,6052700
2021-06-15 10:11:52,126.8,6056956
2021-06-15 10:11:53,126.9,6057811
2021-06-15 10:11:54,126.9,6057891
2021-06-15 10:11:55,126.9,6058142
2021-06-15 10:11:56,126.8,6058450
2021-06-15 10:11:57,126.9,6058583
2021-06-15 10:11:59,126.8,6064830
2021-06-15 10:12:00,126.85,6065041
2021-06-15 10:12:00,126.85,6065041
2021-06-15 10:12:01,126.8,6065121
2021-06-15 10:12:02,126.8,6067136
2021-06-15 10:12:03,126.75,6067295
2021-06-15 10:12:04,126.75,6067295
2021-06-15 10:12:06,126.8,6072159
2021-06-15 10:12:07,126.8,6072949
2021-06-15 10:12:08,126.8,6072949
2021-06-15 10:12:09,126.8,6073951
2021-06-15 10:12:10,126.75,6080281
2021-06-15 10:12:12,126.8,6081122
2021-06-15 10:12:12,126.8,6081122
2021-06-15 10:12:13,126.8,6082172
2021-06-15 10:12:14,126.75,6084344
2021-06-15 10:12:15,126.75,6084844
2021-06-15 10:12:16,126.75,6092334
2021-06-15 10:12:17,126.65,6092949
2021-06-15 10:12:18,126.7,6093100
2021-06-15 10:12:19,126.75,6096100
2021-06-15 10:12:20,126.75,6096680
2021-06-15 10:12:21,126.75,6096681
2021-06-15 10:12:22,126.75,6097850
2021-06-15 10:12:23,126.75,6098030
2021-06-15 10:12:25,126.75,6111465
2021-06-15 10:12:26,126.8,6115899
2021-06-15 10:12:27,126.75,6117636
2021-06-15 10:12:28,126.8,6120937
2021-06-15 10:12:29,126.8,6127574
2021-06-15 10:12:29,126.8,6127589
2021-06-15 10:12:30,126.8,6127899
2021-06-15 10:12:32,126.9,6132639
2021-06-15 10:12:34,126.9,6132643
2021-06-15 10:12:35,126.85,6133159
2021-06-15 10:12:36,126.9,6133667
2021-06-15 10:12:36,126.9,6133667
2021-06-15 10:12:37,126.9,6138700
2021-06-15 10:12:38,126.9,6139354
2021-06-15 10:12:39,126.9,6146899
2021-06-15 10:12:40,126.9,6147915
2021-06-15 10:12:41,126.9,6149759
2021-06-15 10:12:42,126.9,6150467
2021-06-15 10:12:43,126.9,6156630
2021-06-15 10:12:44,126.9,6156633
2021-06-15 10:12:45,126.9,6162138
2021-06-15 10:12:46,126.85,6164673
2021-06-15 10:12:47,126.8,6165843
2021-06-15 10:12:48,126.85,6166354
2021-06-15 10:12:49,126.85,6166627
2021-06-15 10:12:50,126.85,6167206
2021-06-15 10:12:51,126.95,6170969
2021-06-15 10:12:52,126.9,6171981
2021-06-15 10:12:53,126.95,6173245
2021-06-15 10:12:54,126.95,6174017
2021-06-15 10:12:55,126.9,6181801
2021-06-15 10:12:56,126.9,6182121
2021-06-15 10:12:57,126.9,6182740
2021-06-15 10:12:58,126.8,6183846
2021-06-15 10:12:59,126.9,6184157
2021-06-15 10:13:00,126.9,6184936
2021-06-15 10:13:01,126.8,6185984
2021-06-15 10:13:03,126.9,6186797
2021-06-15 10:13:04,126.95,6190107
2021-06-15 10:13:05,126.85,6193195
2021-06-15 10:13:05,126.85,6193195
2021-06-15 10:13:06,126.8,6197535
2021-06-15 10:13:07,126.9,6197876
2021-06-15 10:13:08,126.9,6200926
2021-06-15 10:13:09,126.9,6204221
2021-06-15 10:13:10,126.85,6206929
2021-06-15 10:13:11,126.9,6206979
2021-06-15 10:13:12,126.9,6207386
2021-06-15 10:13:14,126.8,6207526
2021-06-15 10:13:15,126.9,6207626
2021-06-15 10:13:16,126.8,6208411
2021-06-15 10:13:16,126.8,6208411
2021-06-15 10:13:17,126.8,6208516
2021-06-15 10:13:18,126.85,6208528
2021-06-15 10:13:19,126.9,6209608
2021-06-15 10:13:20,126.8,6209638
2021-06-15 10:13:22,126.85,6210566
2021-06-15 10:13:23,126.8,6221564
2021-06-15 10:13:24,126.85,6221566
2021-06-15 10:13:25,126.85,6221893
2021-06-15 10:13:25,126.85,6221893
2021-06-15 10:13:26,126.8,6222195
2021-06-15 10:13:27,126.8,6224994
2021-06-15 10:13:29,126.8,6225221
2021-06-15 10:13:30,126.8,6225526
2021-06-15 10:13:31,126.9,6229228
2021-06-15 10:13:32,126.85,6229470
2021-06-15 10:13:33,126.85,6290768
2021-06-15 10:13:34,126.8,6291068
2021-06-15 10:13:35,126.85,6292065
2021-06-15 10:13:36,126.8,6292779
2021-06-15 10:13:37,126.8,6294298
2021-06-15 10:13:38,126.8,6294398
2021-06-15 10:13:39,126.75,6294650
2021-06-15 10:13:40,126.8,6297510
2021-06-15 10:13:41,126.8,6297725
2021-06-15 10:13:42,126.8,6298034
2021-06-15 10:13:44,126.8,6298444
2021-06-15 10:13:45,126.8,6298444
2021-06-15 10:13:46,126.8,6298574
2021-06-15 10:13:47,126.8,6300633
2021-06-15 10:13:48,126.75,6300879
2021-06-15 10:13:49,126.8,6300900
2021-06-15 10:13:50,126.75,6301166
2021-06-15 10:13:51,126.75,6301476
2021-06-15 10:13:52,126.8,6301502
2021-06-15 10:13:53,126.8,6301563
2021-06-15 10:13:54,126.75,6302593
2021-06-15 10:13:55,126.8,6302783
2021-06-15 10:13:56,126.75,6303606
2021-06-15 10:13:57,126.75,6307367
2021-06-15 10:13:58,126.75,6309897
2021-06-15 10:13:59,126.75,6310899
2021-06-15 10:14:02,126.75,6320634
2021-06-15 10:14:03,127.0,6425239
2021-06-15 10:14:04,126.85,6427948
2021-06-15 10:14:05,126.95,6525957
2021-06-15 10:14:06,127.0,6531295
2021-06-15 10:14:07,127.05,6534642
2021-06-15 10:14:07,127.0,6535162
2021-06-15 10:14:08,127.05,6537517
2021-06-15 10:14:09,127.0,6538848
2021-06-15 10:14:10,127.05,6547854
2021-06-15 10:14:11,126.95,6548652
2021-06-15 10:14:12,127.0,6548757
2021-06-15 10:14:13,127.05,6551758
2021-06-15 10:14:14,126.95,6551873
2021-06-15 10:14:17,126.9,6568423
2021-06-15 10:14:18,126.9,6569043
2021-06-15 10:14:19,126.8,6569865
2021-06-15 10:14:20,126.9,6571865
2021-06-15 10:14:21,126.9,6572375
2021-06-15 10:14:22,126.9,6575083
2021-06-15 10:14:22,126.95,6575188
2021-06-15 10:14:23,126.9,6575586
2021-06-15 10:14:24,126.95,6576208
2021-06-15 10:14:26,126.95,6587211
2021-06-15 10:14:27,126.85,6589885
2021-06-15 10:14:28,126.9,6589896
2021-06-15 10:14:28,126.9,6589896
2021-06-15 10:14:29,126.95,6590196
2021-06-15 10:14:30,126.85,6590824
2021-06-15 10:14:31,126.95,6592505
2021-06-15 10:14:32,126.95,6592525
2021-06-15 10:14:33,126.9,6592881
2021-06-15 10:14:34,127.05,6622896
2021-06-15 10:14:36,127.05,6641031
2021-06-15 10:14:38,127.0,6656929
2021-06-15 10:14:39,127.25,6707545
2021-06-15 10:14:40,127.3,6741826
2021-06-15 10:14:41,127.4,6778454
2021-06-15 10:14:41,127.5,6809606
2021-06-15 10:14:42,127.5,6834504
2021-06-15 10:14:43,127.6,6951336
2021-06-15 10:14:47,127.45,6994861
2021-06-15 10:14:48,127.3,7034019
2021-06-15 10:14:49,127.3,7048338
2021-06-15 10:14:49,127.2,7058782
2021-06-15 10:14:50,127.2,7064267
2021-06-15 10:14:51,127.35,7071939
2021-06-15 10:14:52,127.3,7076601
2021-06-15 10:14:53,127.3,7080075
2021-06-15 10:14:54,127.35,7087025
2021-06-15 10:14:55,127.45,7127650
2021-06-15 10:14:56,127.45,7137372
2021-06-15 10:14:57,127.4,7145012
2021-06-15 10:14:58,127.5,7180546
2021-06-15 10:15:01,127.6,7234145
2021-06-15 10:15:02,127.6,7248796
2021-06-15 10:15:03,127.55,7277319
2021-06-15 10:15:04,127.55,7282170
2021-06-15 10:15:05,127.65,7363895
2021-06-15 10:15:05,127.5,7365250
2021-06-15 10:15:07,127.4,7442832
2021-06-15 10:15:09,127.45,7447738
2021-06-15 10:15:10,127.35,7453940
2021-06-15 10:15:13,127.35,7476157
2021-06-15 10:15:14,127.45,7480662
2021-06-15 10:15:15,127.3,7492539
2021-06-15 10:15:16,127.35,7522893
2021-06-15 10:15:17,127.45,7527834
2021-06-15 10:15:17,127.35,7528656
2021-06-15 10:15:18,127.35,7534587
2021-06-15 10:15:19,127.3,7537990
2021-06-15 10:15:21,127.35,7561860
2021-06-15 10:15:21,127.4,7563823
2021-06-15 10:15:22,127.3,7586787
2021-06-15 10:15:23,127.35,7595028
2021-06-15 10:15:24,127.35,7600370
2021-06-15 10:15:25,127.35,7612440
2021-06-15 10:15:26,127.25,7621394
2021-06-15 10:15:28,127.25,7671279
2021-06-15 10:15:28,127.35,7681615
2021-06-15 10:15:29,127.05,7762291
2021-06-15 10:15:31,127.15,7769581
2021-06-15 10:15:32,127.15,7783140
2021-06-15 10:15:33,127.2,7784592
2021-06-15 10:15:34,127.2,7788713
2021-06-15 10:15:35,127.1,7791112
2021-06-15 10:15:35,127.1,7791143
2021-06-15 10:15:37,127.15,7793019
2021-06-15 10:15:38,127.15,7810338
2021-06-15 10:15:38,127.2,7810363
2021-06-15 10:15:39,127.25,7816373
2021-06-15 10:15:41,127.1,7853513
2021-06-15 10:15:42,127.15,7874821
2021-06-15 10:15:42,127.2,7874505
2021-06-15 10:15:43,127.1,7877665
2021-06-15 10:15:44,127.05,7883998
2021-06-15 10:15:45,127.15,7897855
2021-06-15 10:15:47,127.05,7939916
2021-06-15 10:15:48,127.0,7944940
2021-06-15 10:15:49,127.0,7950945
2021-06-15 10:15:50,127.0,7959998
2021-06-15 10:15:52,126.9,7981967
2021-06-15 10:15:53,126.9,7982970
2021-06-15 10:15:54,126.9,7985156
2021-06-15 10:15:55,126.7,8028701
2021-06-15 10:15:56,126.8,8040343
2021-06-15 10:15:57,126.8,8046981
2021-06-15 10:15:58,126.8,8048041
2021-06-15 10:15:58,126.7,8057059
2021-06-15 10:15:59,126.8,8061664
2021-06-15 10:16:01,126.8,8064464
2021-06-15 10:16:02,126.7,8099540
2021-06-15 10:16:03,126.8,8101216
2021-06-15 10:16:04,126.85,8110879
2021-06-15 10:16:05,126.7,8127145
2021-06-15 10:16:06,126.7,8131723
2021-06-15 10:16:07,126.8,8133172
2021-06-15 10:16:08,126.8,8146641
2021-06-15 10:16:08,126.75,8146686
2021-06-15 10:16:10,126.9,8170455
2021-06-15 10:16:12,127.1,8185144
2021-06-15 10:16:13,127.0,8185876
2021-06-15 10:16:14,127.05,8206657
2021-06-15 10:16:15,127.0,8211388
2021-06-15 10:16:16,127.0,8240473
2021-06-15 10:16:17,127.1,8258490
2021-06-15 10:16:18,127.1,8267606
2021-06-15 10:16:20,127.1,8285830
2021-06-15 10:16:21,127.0,8287855
2021-06-15 10:16:21,127.1,8288801
2021-06-15 10:16:22,127.0,8303261
2021-06-15 10:16:24,127.1,8311407
2021-06-15 10:16:25,127.2,8330443
2021-06-15 10:16:26,127.2,8339107
2021-06-15 10:16:27,127.2,8346433
2021-06-15 10:16:28,127.35,8380401
2021-06-15 10:16:29,127.35,8384600
2021-06-15 10:16:30,127.35,8389402
2021-06-15 10:16:31,127.3,8397684
2021-06-15 10:16:32,127.35,8402112
2021-06-15 10:16:33,127.4,8426544
2021-06-15 10:16:34,127.55,8512951
2021-06-15 10:16:35,127.55,8547769
2021-06-15 10:16:36,127.5,8567920
2021-06-15 10:16:37,127.6,8610806
2021-06-15 10:16:37,127.55,8612579
2021-06-15 10:16:38,127.55,8617678
2021-06-15 10:16:39,127.55,8620799
2021-06-15 10:16:40,127.55,8623834
2021-06-15 10:16:41,127.6,8628625
2021-06-15 10:16:42,127.5,8642930
2021-06-15 10:16:43,127.5,8655773
2021-06-15 10:16:44,127.6,8674685
2021-06-15 10:16:45,127.65,8694602
2021-06-15 10:16:46,127.55,8712006
2021-06-15 10:16:47,127.6,8765993
2021-06-15 10:16:49,127.6,8795222
2021-06-15 10:16:50,127.55,8809358
2021-06-15 10:16:51,127.6,8819315
2021-06-15 10:16:52,127.6,8824540
2021-06-15 10:16:53,127.6,8827895
2021-06-15 10:16:54,127.6,8838719
2021-06-15 10:16:55,127.65,8851152
2021-06-15 10:16:56,127.55,8887219
2021-06-15 10:16:57,127.65,9014423
2021-06-15 10:16:57,127.65,9021658
2021-06-15 10:16:58,127.7,9027420
2021-06-15 10:17:00,127.6,9028041
2021-06-15 10:17:01,127.6,9036866
2021-06-15 10:17:02,127.6,9044908
2021-06-15 10:17:03,127.5,9052315
2021-06-15 10:17:04,127.65,9140798
2021-06-15 10:17:05,127.75,9151940
2021-06-15 10:17:07,127.75,9165685
2021-06-15 10:17:08,127.65,9167530
2021-06-15 10:17:09,127.7,9174719
2021-06-15 10:17:10,127.6,9180648
2021-06-15 10:17:11,127.5,9200257
2021-06-15 10:17:12,127.55,9202682
2021-06-15 10:17:13,127.4,9221914
2021-06-15 10:17:13,127.5,9225895
2021-06-15 10:17:14,127.5,9228476
2021-06-15 10:17:15,127.45,9233902
2021-06-15 10:17:16,127.45,9240654
2021-06-15 10:17:18,127.4,9259525
2021-06-15 10:17:19,127.6,9298494
2021-06-15 10:17:20,127.45,9306520
2021-06-15 10:17:20,127.55,9307863
2021-06-15 10:17:21,127.6,9331790
2021-06-15 10:17:23,127.6,9337094
2021-06-15 10:17:24,127.5,9339477
2021-06-15 10:17:25,127.5,9340055
2021-06-15 10:17:26,127.5,9345483
2021-06-15 10:17:27,127.55,9346964
2021-06-15 10:17:28,127.5,9347937
2021-06-15 10:17:28,127.55,9352257
2021-06-15 10:17:29,127.5,9357081
2021-06-15 10:17:30,127.5,9361382
2021-06-15 10:17:32,127.6,9377862
2021-06-15 10:17:33,127.55,9384685
2021-06-15 10:17:33,127.55,9384695
2021-06-15 10:17:34,127.5,9385049
2021-06-15 10:17:36,127.5,9387405
2021-06-15 10:17:36,127.5,9389111
2021-06-15 10:17:37,127.6,9390632
2021-06-15 10:17:38,127.55,9393321
2021-06-15 10:17:39,127.6,9398597
2021-06-15 10:17:40,127.55,9416767
2021-06-15 10:17:42,127.6,9418746
2021-06-15 10:17:43,127.6,9431491
2021-06-15 10:17:44,127.55,9433773
2021-06-15 10:17:45,127.55,9456298
2021-06-15 10:17:47,127.6,9524169
2021-06-15 10:17:48,127.65,9527183
2021-06-15 10:17:49,127.6,9530178
2021-06-15 10:17:50,127.65,9532657
2021-06-15 10:17:51,127.55,9541932
2021-06-15 10:17:52,127.55,9547310
2021-06-15 10:17:53,127.55,9554806
2021-06-15 10:17:54,127.5,9566405
2021-06-15 10:17:56,127.6,9575962
2021-06-15 10:17:55,127.5,9575861
2021-06-15 10:17:57,127.6,9579859
2021-06-15 10:17:58,127.6,9584175
2021-06-15 10:17:59,127.5,9585901
2021-06-15 10:18:00,127.5,9602124
2021-06-15 10:18:01,127.45,9608075
2021-06-15 10:18:02,127.45,9617063
2021-06-15 10:18:03,127.45,9618689
2021-06-15 10:18:04,127.45,9623862
2021-06-15 10:18:05,127.45,9627142
2021-06-15 10:18:06,127.35,9628793
2021-06-15 10:18:07,127.3,9674755
2021-06-15 10:18:08,127.4,9675397
2021-06-15 10:18:09,127.4,9677184
2021-06-15 10:18:10,127.35,9678054
2021-06-15 10:18:11,127.35,9679669
2021-06-15 10:18:12,127.35,9685396
2021-06-15 10:18:13,127.4,9688549
2021-06-15 10:18:14,127.3,9692034
2021-06-15 10:18:15,127.3,9697555
2021-06-15 10:18:16,127.35,9701648
2021-06-15 10:18:17,127.35,9713308
2021-06-15 10:18:18,127.25,9717714
2021-06-15 10:18:19,127.3,9722627
2021-06-15 10:18:20,127.25,9723260
2021-06-15 10:18:21,127.4,9824285
2021-06-15 10:18:22,127.3,9828403
2021-06-15 10:18:23,127.35,9828678
2021-06-15 10:18:24,127.4,9833402
2021-06-15 10:18:25,127.35,9847765
2021-06-15 10:18:26,127.3,9848979
2021-06-15 10:18:27,127.35,9853058
2021-06-15 10:18:28,127.35,9856180
2021-06-15 10:18:29,127.25,9857551
2021-06-15 10:18:30,127.3,9860845
2021-06-15 10:18:31,127.25,9865609
2021-06-15 10:18:32,127.3,9866734
2021-06-15 10:18:33,127.3,9868439
2021-06-15 10:18:34,127.25,9868744
2021-06-15 10:18:35,127.3,9871311
2021-06-15 10:18:36,127.3,9877252
2021-06-15 10:18:37,127.35,9881604
2021-06-15 10:18:38,127.25,9881627
2021-06-15 10:18:39,127.3,10006544
2021-06-15 10:18:41,127.3,10014296
2021-06-15 10:18:43,127.2,10033601
2021-06-15 10:18:44,127.3,10035834
2021-06-15 10:18:45,127.3,10042125
2021-06-15 10:18:46,127.3,10043868
2021-06-15 10:18:47,127.2,10048062
2021-06-15 10:18:48,127.3,10049414
2021-06-15 10:18:49,127.25,10054658
2021-06-15 10:18:50,127.3,10056693
2021-06-15 10:18:51,127.25,10059744
2021-06-15 10:18:52,127.35,10063131
2021-06-15 10:18:53,127.35,10063577
2021-06-15 10:18:54,127.35,10066893
2021-06-15 10:18:56,127.4,10077709
2021-06-15 10:18:57,127.4,10085056
2021-06-15 10:18:58,127.35,10088531
2021-06-15 10:18:59,127.3,10090166
2021-06-15 10:19:00,127.45,10099031
2021-06-15 10:19:01,127.45,10101327
2021-06-15 10:19:03,127.5,10109934
2021-06-15 10:19:04,127.45,10110545
2021-06-15 10:19:05,127.5,10115832
2021-06-15 10:19:06,127.5,10126525
2021-06-15 10:19:07,127.55,10129009
2021-06-15 10:19:08,127.7,10197272
2021-06-15 10:19:09,127.6,10198793
2021-06-15 10:19:11,127.75,10207973
2021-06-15 10:19:12,127.7,10209799
2021-06-15 10:19:13,127.7,10218562
2021-06-15 10:19:14,127.65,10227704
2021-06-15 10:19:15,127.65,10232266
2021-06-15 10:19:16,127.7,10233740
2021-06-15 10:19:17,127.7,10235215
2021-06-15 10:19:18,127.8,10272781
2021-06-15 10:19:19,127.7,10275554
2021-06-15 10:19:20,127.7,10279181
2021-06-15 10:19:21,127.7,10286792
2021-06-15 10:19:22,127.8,10290401
2021-06-15 10:19:23,127.7,10295608
2021-06-15 10:19:24,127.8,10297571
2021-06-15 10:19:25,127.75,10328643
2021-06-15 10:19:26,127.7,10343322
2021-06-15 10:19:27,127.8,10357645
2021-06-15 10:19:28,127.75,10365138
2021-06-15 10:19:29,127.8,10372249
2021-06-15 10:19:30,127.8,10375376
2021-06-15 10:19:31,127.8,10390741
2021-06-15 10:19:32,127.8,10392460
2021-06-15 10:19:33,127.8,10394947
2021-06-15 10:19:34,127.8,10404175
2021-06-15 10:19:35,127.85,10407922
2021-06-15 10:19:36,127.8,10408735
2021-06-15 10:19:38,127.85,10414814
2021-06-15 10:19:40,127.8,10437317
2021-06-15 10:19:42,127.85,10448003
2021-06-15 10:19:43,127.75,10475490
2021-06-15 10:19:44,127.8,10484128
2021-06-15 10:19:46,127.85,10494914
2021-06-15 10:19:47,127.85,10503191
2021-06-15 10:19:48,127.85,10507466
2021-06-15 10:19:49,127.75,10521425
2021-06-15 10:19:50,127.8,10525233
2021-06-15 10:19:51,127.8,10527044
2021-06-15 10:19:52,127.8,10531299
2021-06-15 10:19:53,127.8,10544799
2021-06-15 10:19:54,127.8,10569475
2021-06-15 10:19:55,127.85,10573009
2021-06-15 10:19:56,127.8,10576819
2021-06-15 10:19:57,127.85,10578745
2021-06-15 10:19:58,127.85,10582369
2021-06-15 10:19:59,127.8,10593114
2021-06-15 10:20:00,127.85,10594288
2021-06-15 10:20:01,127.8,10600189
2021-06-15 10:20:02,127.8,10607041
2021-06-15 10:20:03,127.85,10622429
2021-06-15 10:20:04,127.85,10630197
2021-06-15 10:20:05,127.85,10632878
2021-06-15 10:20:06,127.85,10649456
2021-06-15 10:20:07,127.85,10651068
2021-06-15 10:20:08,127.85,10657573
2021-06-15 10:20:09,127.85,10669709
2021-06-15 10:20:10,127.85,10673147
2021-06-15 10:20:11,127.85,10675087
2021-06-15 10:20:12,127.8,10678811
2021-06-15 10:20:13,127.75,10681443
2021-06-15 10:20:14,127.8,10689067
2021-06-15 10:20:15,127.8,10690936
2021-06-15 10:20:17,127.75,10698832
2021-06-15 10:20:17,127.75,10700932
2021-06-15 10:20:18,127.75,10707914
2021-06-15 10:20:19,127.75,10710408
2021-06-15 10:20:20,127.75,10716389
2021-06-15 10:20:22,127.75,10722937
2021-06-15 10:20:23,127.8,10730083
2021-06-15 10:20:25,127.75,10733681
2021-06-15 10:20:26,127.8,10734594
2021-06-15 10:20:27,127.75,10736753
2021-06-15 10:20:28,127.75,10738586
2021-06-15 10:20:29,127.75,10741095
2021-06-15 10:20:31,127.7,10751122
2021-06-15 10:20:31,127.65,10752252
2021-06-15 10:20:32,127.6,10757109
2021-06-15 10:20:33,127.65,10763216
2021-06-15 10:20:34,127.7,10764697
2021-06-15 10:20:35,127.55,10771161
2021-06-15 10:20:36,127.6,10775432
2021-06-15 10:20:38,127.55,10788043
2021-06-15 10:20:39,127.6,10791504
2021-06-15 10:20:40,127.6,10792058
2021-06-15 10:20:41,127.5,10801237
2021-06-15 10:20:42,127.6,10802334
2021-06-15 10:20:43,127.6,10805846
2021-06-15 10:20:44,127.55,10808232
2021-06-15 10:20:45,127.6,10812438
2021-06-15 10:20:46,127.7,10902899
2021-06-15 10:20:47,127.65,10926026
2021-06-15 10:20:49,127.6,10934298
2021-06-15 10:20:49,127.6,10934916
2021-06-15 10:20:50,127.65,10936602
2021-06-15 10:20:51,127.55,10939310
2021-06-15 10:20:52,127.55,10941751
2021-06-15 10:20:53,127.55,10945891
2021-06-15 10:20:54,127.6,10950415
2021-06-15 10:20:55,127.65,10952852
2021-06-15 10:20:56,127.7,10957397
2021-06-15 10:20:57,127.7,10958435
2021-06-15 10:20:58,127.55,10980480
2021-06-15 10:20:59,127.5,10982718
2021-06-15 10:21:00,127.5,10983916
2021-06-15 10:21:01,127.45,11003942
2021-06-15 10:21:03,127.35,11020836
2021-06-15 10:21:04,127.4,11023053
2021-06-15 10:21:06,127.4,11026664
2021-06-15 10:21:07,127.3,11029526
2021-06-15 10:21:09,127.4,11045762
2021-06-15 10:21:10,127.45,11046387
2021-06-15 10:21:12,127.45,11047575
2021-06-15 10:21:13,127.35,11050108
2021-06-15 10:21:14,127.45,11050798
2021-06-15 10:21:15,127.45,11051044
2021-06-15 10:21:16,127.45,11051914
2021-06-15 10:21:17,127.35,11059554
2021-06-15 10:21:18,127.4,11064301
2021-06-15 10:21:19,127.4,11067098
2021-06-15 10:21:20,127.5,11075305
2021-06-15 10:21:21,127.45,11076440
2021-06-15 10:21:22,127.4,11076492
2021-06-15 10:21:23,127.45,11079989
2021-06-15 10:21:24,127.45,11080894
2021-06-15 10:21:25,127.45,11082691
2021-06-15 10:21:26,127.5,11084421
2021-06-15 10:21:27,127.3,11113104
2021-06-15 10:21:29,127.35,11129067
2021-06-15 10:21:30,127.3,11132980
2021-06-15 10:21:31,127.3,11135082
2021-06-15 10:21:32,127.3,11137401
2021-06-15 10:21:33,127.35,11138836
2021-06-15 10:21:34,127.3,11147351
2021-06-15 10:21:35,127.35,11150487
2021-06-15 10:21:36,127.35,11151055
2021-06-15 10:21:37,127.35,11168360
2021-06-15 10:21:38,127.25,11170962
2021-06-15 10:21:39,127.3,11172121
2021-06-15 10:21:40,127.25,11172903
2021-06-15 10:21:41,127.3,11174155
2021-06-15 10:21:42,127.4,11179246
2021-06-15 10:21:43,127.4,11179664
2021-06-15 10:21:44,127.4,11180151
2021-06-15 10:21:45,127.35,11181375
2021-06-15 10:21:47,127.35,11185316
2021-06-15 10:21:47,127.35,11185347
2021-06-15 10:21:48,127.35,11193248
2021-06-15 10:21:49,127.35,11193642
2021-06-15 10:21:50,127.3,11194977
2021-06-15 10:21:51,127.35,11198055
2021-06-15 10:21:52,127.35,11243211
2021-06-15 10:21:53,127.4,11245699
2021-06-15 10:21:54,127.45,11248853
2021-06-15 10:21:56,127.4,11283316
2021-06-15 10:21:57,127.35,11285170
2021-06-15 10:21:58,127.45,11286894
2021-06-15 10:21:59,127.5,11294556
2021-06-15 10:22:00,127.45,11295795
2021-06-15 10:22:01,127.5,11296946
2021-06-15 10:22:02,127.45,11302985
2021-06-15 10:22:04,127.5,11309805
2021-06-15 10:22:05,127.55,11313301
2021-06-15 10:22:07,127.45,11318743
2021-06-15 10:22:08,127.55,11319669
2021-06-15 10:22:09,127.55,11320180
2021-06-15 10:22:10,127.5,11320594
2021-06-15 10:22:11,127.7,11337659
2021-06-15 10:22:12,127.75,11358303
2021-06-15 10:22:13,127.8,11359615
2021-06-15 10:22:14,127.8,11376671
2021-06-15 10:22:15,127.75,11406329
2021-06-15 10:22:16,127.75,11414141
2021-06-15 10:22:17,127.85,11419302
2021-06-15 10:22:18,127.85,11433052
2021-06-15 10:22:19,127.85,11442501
2021-06-15 10:22:20,127.8,11456718
2021-06-15 10:22:21,127.75,11466099
2021-06-15 10:22:22,127.75,11470463
2021-06-15 10:22:23,127.8,11492905
2021-06-15 10:22:24,127.8,11493334
2021-06-15 10:22:25,127.85,11496943
2021-06-15 10:22:26,127.85,11502548
2021-06-15 10:22:27,127.8,11506702
2021-06-15 10:22:28,127.9,11508792
2021-06-15 10:22:29,127.9,11513196
2021-06-15 10:22:30,127.9,11530999
2021-06-15 10:22:31,127.9,11563139
2021-06-15 10:22:32,128.0,11620198
2021-06-15 10:22:33,128.0,11645225
2021-06-15 10:22:34,128.0,11647187
2021-06-15 10:22:35,128.0,11687860
2021-06-15 10:22:36,127.9,11693462
2021-06-15 10:22:37,127.95,11699101
2021-06-15 10:22:39,128.0,11726365
2021-06-15 10:22:41,128.0,11764487
2021-06-15 10:22:42,128.2,12101336
2021-06-15 10:22:43,128.15,12106351
2021-06-15 10:22:43,128.2,12110480
2021-06-15 10:22:44,128.15,12120615
2021-06-15 10:22:45,128.2,12123607
2021-06-15 10:22:46,128.15,12128920
2021-06-15 10:22:47,128.25,12139149
2021-06-15 10:22:48,128.15,12176389
2021-06-15 10:22:49,128.3,12190191
2021-06-15 10:22:50,128.25,12222939
2021-06-15 10:22:51,128.25,12231285
2021-06-15 10:22:52,128.35,12238250
2021-06-15 10:22:54,128.2,12260134
2021-06-15 10:22:54,128.25,12281001
2021-06-15 10:22:56,128.25,12298704
2021-06-15 10:22:57,128.25,12316862
2021-06-15 10:22:57,128.25,12334434
2021-06-15 10:22:58,128.25,12346789
2021-06-15 10:22:59,128.1,12359262
2021-06-15 10:23:01,128.15,12375138
2021-06-15 10:23:02,128.2,12471693
2021-06-15 10:23:02,128.25,12473957
2021-06-15 10:23:03,128.2,12478817
2021-06-15 10:23:04,128.2,12482829
2021-06-15 10:23:05,128.15,12508625
2021-06-15 10:23:06,128.15,12521381
2021-06-15 10:23:07,128.25,12534771
2021-06-15 10:23:08,128.05,12549330
2021-06-15 10:23:09,128.2,12568988
2021-06-15 10:23:11,128.2,12586910
2021-06-15 10:23:12,128.2,12596574
2021-06-15 10:23:15,128.3,12615046
2021-06-15 10:23:16,128.2,12645076
2021-06-15 10:23:16,128.2,12646511
2021-06-15 10:23:17,128.25,12656134
2021-06-15 10:23:18,128.25,12661949
2021-06-15 10:23:19,128.25,12670313
2021-06-15 10:23:20,128.2,12677171
2021-06-15 10:23:21,128.15,12690162
2021-06-15 10:23:22,128.2,12694499
2021-06-15 10:23:23,128.25,12700136
2021-06-15 10:23:24,128.3,12706585
2021-06-15 10:23:25,128.35,12722472
2021-06-15 10:23:27,128.35,12732890
2021-06-15 10:23:29,128.35,12749635
2021-06-15 10:23:29,128.35,12751946
2021-06-15 10:23:30,128.4,12758935
2021-06-15 10:23:31,128.4,12761144
2021-06-15 10:23:32,128.35,12776735
2021-06-15 10:23:34,128.3,12788804
2021-06-15 10:23:34,128.25,12812227
2021-06-15 10:23:36,128.35,12827788
2021-06-15 10:23:37,128.4,12859475
2021-06-15 10:23:38,128.3,12863425
2021-06-15 10:23:39,128.4,12869586
2021-06-15 10:23:40,128.35,12877710
2021-06-15 10:23:40,128.35,12877305
2021-06-15 10:23:41,128.4,12896321
2021-06-15 10:23:42,128.4,12910884
2021-06-15 10:23:43,128.4,12921986
2021-06-15 10:23:44,128.4,12937642
2021-06-15 10:23:45,128.35,12941077
2021-06-15 10:23:46,128.4,12947482
2021-06-15 10:23:48,128.4,12952064
2021-06-15 10:23:49,128.4,12954053
2021-06-15 10:23:50,128.3,12959901
2021-06-15 10:23:51,128.4,12977818
2021-06-15 10:23:51,128.4,12980093
2021-06-15 10:23:52,128.3,13007168
2021-06-15 10:23:53,128.4,13014538
2021-06-15 10:23:54,128.4,13020202
2021-06-15 10:23:55,128.4,13032875
2021-06-15 10:23:56,128.35,13037999
2021-06-15 10:23:57,128.3,13041783
2021-06-15 10:23:58,128.3,13061596
2021-06-15 10:24:00,128.3,13077968
2021-06-15 10:24:02,128.3,13093671
2021-06-15 10:24:02,128.3,13092421
2021-06-15 10:24:03,128.25,13123848
2021-06-15 10:24:04,128.2,13127675
2021-06-15 10:24:05,128.25,13140071
2021-06-15 10:24:06,128.25,13154094
2021-06-15 10:24:08,128.2,13159141
2021-06-15 10:24:09,128.2,13169343
2021-06-15 10:24:10,128.2,13170985
2021-06-15 10:24:10,128.2,13183307
2021-06-15 10:24:12,128.2,13187381
2021-06-15 10:24:12,128.2,13188269
2021-06-15 10:24:14,128.2,13192366
2021-06-15 10:24:15,128.2,13195352
2021-06-15 10:24:16,128.2,13201505
2021-06-15 10:24:17,128.15,13207136
2021-06-15 10:24:18,128.15,13212416
2021-06-15 10:24:19,128.25,13251105
2021-06-15 10:24:20,128.35,13264284
2021-06-15 10:24:21,128.35,13287364
2021-06-15 10:24:21,128.25,13289006
2021-06-15 10:24:23,128.3,13291146
2021-06-15 10:24:24,128.35,13297707
2021-06-15 10:24:25,128.4,13303120
2021-06-15 10:24:26,128.35,13312659
2021-06-15 10:24:26,128.35,13314710
2021-06-15 10:24:27,128.35,13325599
2021-06-15 10:24:28,128.35,13335052
2021-06-15 10:24:29,128.25,13336715
2021-06-15 10:24:30,128.35,13340731
2021-06-15 10:24:31,128.35,13345096
2021-06-15 10:24:33,128.4,13353468
2021-06-15 10:24:34,128.35,13356320
2021-06-15 10:24:35,128.35,13360171
2021-06-15 10:24:36,128.4,13369681
2021-06-15 10:24:37,128.35,13384538
2021-06-15 10:24:37,128.35,13384549
2021-06-15 10:24:38,128.35,13387111
2021-06-15 10:24:39,128.4,13396210
2021-06-15 10:24:40,128.4,13405612
2021-06-15 10:24:41,128.35,13407559
2021-06-15 10:24:42,128.45,13456388
2021-06-15 10:24:43,128.4,13464848
2021-06-15 10:24:46,128.45,13471210
2021-06-15 10:24:49,128.4,13510029
2021-06-15 10:24:52,128.4,13547355
2021-06-15 10:24:53,128.4,13553583
2021-06-15 10:24:54,128.35,13588439
2021-06-15 10:24:55,128.3,13599709
2021-06-15 10:24:56,128.25,13606451
2021-06-15 10:24:57,128.25,13612893
2021-06-15 10:24:58,128.25,13643818
2021-06-15 10:24:59,128.2,13647560
2021-06-15 10:25:00,128.15,13652268
2021-06-15 10:25:01,128.1,13668667
2021-06-15 10:25:03,128.15,13686858
2021-06-15 10:25:04,128.15,13698000
2021-06-15 10:25:05,128.15,13704732
2021-06-15 10:25:07,128.15,13713101
2021-06-15 10:25:08,128.15,13717426
2021-06-15 10:25:10,128.15,13719825
2021-06-15 10:25:11,128.15,13721181
2021-06-15 10:25:12,128.1,13728352
2021-06-15 10:25:13,128.1,13756444
2021-06-15 10:25:15,128.2,13758732
2021-06-15 10:25:15,128.15,13760133
2021-06-15 10:25:17,128.1,13763883
2021-06-15 10:25:18,128.2,13772140
2021-06-15 10:25:18,128.2,13772375
2021-06-15 10:25:19,128.15,13773185
2021-06-15 10:25:20,128.15,13781334
2021-06-15 10:25:21,128.15,13785300
2021-06-15 10:25:23,128.15,13796226
2021-06-15 10:25:24,128.15,13814131
2021-06-15 10:25:25,128.25,13814506
2021-06-15 10:25:26,128.2,13824516
2021-06-15 10:25:27,128.25,13833147
2021-06-15 10:25:28,128.2,13835025
2021-06-15 10:25:29,128.25,13838192
2021-06-15 10:25:30,128.25,13844488
2021-06-15 10:25:31,128.2,13851647
2021-06-15 10:25:32,128.35,13858215
2021-06-15 10:25:33,128.2,13865738
2021-06-15 10:25:34,128.25,13866129
2021-06-15 10:25:36,128.25,13867085
2021-06-15 10:25:37,128.3,13873418
2021-06-15 10:25:38,128.3,13875859
2021-06-15 10:25:39,128.2,13877124
2021-06-15 10:25:40,128.25,13878618
2021-06-15 10:25:41,128.35,13898736
2021-06-15 10:25:42,128.25,13909713
2021-06-15 10:25:42,128.25,13910614
2021-06-15 10:25:44,128.3,13919113
2021-06-15 10:25:45,128.3,13920168
2021-06-15 10:25:46,128.25,13924690
2021-06-15 10:25:47,128.25,13926251
2021-06-15 10:25:48,128.2,13928137
2021-06-15 10:25:49,128.2,13929807
2021-06-15 10:25:50,128.2,13930851
2021-06-15 10:25:52,128.2,13942661
2021-06-15 10:25:53,128.2,13977106
2021-06-15 10:25:54,128.2,13980644
2021-06-15 10:25:55,128.2,13990920
2021-06-15 10:25:56,128.25,13996547
2021-06-15 10:25:59,128.3,14008420
2021-06-15 10:25:59,128.3,14014223
2021-06-15 10:26:00,128.35,14015278
2021-06-15 10:26:01,128.3,14022238
2021-06-15 10:26:02,128.25,14028534
2021-06-15 10:26:03,128.35,14030010
2021-06-15 10:26:04,128.25,14030945
2021-06-15 10:26:05,128.25,14032314
2021-06-15 10:26:06,128.25,14036883
2021-06-15 10:26:07,128.3,14038618
2021-06-15 10:26:09,128.25,14045200
2021-06-15 10:26:10,128.25,14046600
2021-06-15 10:26:11,128.3,14050170
2021-06-15 10:26:12,128.25,14050836
2021-06-15 10:26:13,128.25,14051437
2021-06-15 10:26:14,128.3,14053377
2021-06-15 10:26:15,128.3,14054188
2021-06-15 10:26:16,128.25,14054507
2021-06-15 10:26:17,128.3,14056431
2021-06-15 10:26:18,128.25,14057621
2021-06-15 10:26:19,128.25,14059417
2021-06-15 10:26:20,128.25,14062246
2021-06-15 10:26:21,128.2,14063969
2021-06-15 10:26:22,128.3,14064101
2021-06-15 10:26:24,128.25,14087851
2021-06-15 10:26:25,128.25,14093055
2021-06-15 10:26:26,128.2,14095787
2021-06-15 10:26:27,128.25,14099570
2021-06-15 10:26:27,128.2,14108040
2021-06-15 10:26:29,128.3,14111167
2021-06-15 10:26:30,128.3,14112730
2021-06-15 10:26:31,128.25,14116667
2021-06-15 10:26:32,128.3,14117664
2021-06-15 10:26:33,128.2,14120363
2021-06-15 10:26:34,128.3,14123790
2021-06-15 10:26:35,128.2,14128813
2021-06-15 10:26:35,128.2,14129259
2021-06-15 10:26:36,128.25,14129915
2021-06-15 10:26:38,128.25,14130031
2021-06-15 10:26:39,128.15,14138676
2021-06-15 10:26:39,128.25,14146674
2021-06-15 10:26:40,128.15,14147313
2021-06-15 10:26:42,128.2,14154048
2021-06-15 10:26:42,128.2,14154448
2021-06-15 10:26:43,128.2,14154586
2021-06-15 10:26:44,128.15,14156288
2021-06-15 10:26:45,128.2,14162155
2021-06-15 10:26:46,128.15,14178161
2021-06-15 10:26:48,128.2,14184600
2021-06-15 10:26:49,128.15,14186685
2021-06-15 10:26:50,128.15,14188453
2021-06-15 10:26:51,128.15,14221658
2021-06-15 10:26:52,128.1,14222171
2021-06-15 10:26:52,128.1,14222299
2021-06-15 10:26:53,128.15,14227525
2021-06-15 10:26:55,128.05,14228741
2021-06-15 10:26:56,128.15,14229392
2021-06-15 10:26:57,128.1,14233840
2021-06-15 10:26:58,128.15,14236224
2021-06-15 10:26:59,128.05,14239707
2021-06-15 10:27:00,128.1,14258245
2021-06-15 10:27:01,128.1,14265528
2021-06-15 10:27:01,128.05,14265533
2021-06-15 10:27:02,127.9,14423040
2021-06-15 10:27:03,128.0,14423369
2021-06-15 10:27:04,127.9,14426472
2021-06-15 10:27:05,127.85,14438926
2021-06-15 10:27:06,127.85,14440954
2021-06-15 10:27:08,127.85,14443787
2021-06-15 10:27:08,127.85,14444657
2021-06-15 10:27:09,127.9,14445685
2021-06-15 10:27:10,127.8,14448308
2021-06-15 10:27:11,127.9,14453269
2021-06-15 10:27:12,127.9,14458909
2021-06-15 10:27:14,128.05,14526549
2021-06-15 10:27:15,128.1,14527933
2021-06-15 10:27:16,128.1,14529155
2021-06-15 10:27:17,128.05,14534582
2021-06-15 10:27:18,128.05,14534914
2021-06-15 10:27:19,128.15,14546810
2021-06-15 10:27:19,128.2,14546813
2021-06-15 10:27:20,128.2,14548019
2021-06-15 10:27:22,128.1,14552002
2021-06-15 10:27:23,128.05,14556977
2021-06-15 10:27:24,128.15,14567097
2021-06-15 10:27:25,128.15,14568391
2021-06-15 10:27:26,128.05,14575246
2021-06-15 10:27:27,128.15,14576402
2021-06-15 10:27:28,128.1,14576903
2021-06-15 10:27:29,128.05,14579008
2021-06-15 10:27:30,128.05,14582840
2021-06-15 10:27:31,128.05,14588027
2021-06-15 10:27:32,128.1,14589744
2021-06-15 10:27:33,128.1,14589744
2021-06-15 10:27:35,128.1,14590483
2021-06-15 10:27:36,128.1,14592483
2021-06-15 10:27:37,128.1,14592633
2021-06-15 10:27:38,128.1,14594573
2021-06-15 10:27:39,128.1,14594729
2021-06-15 10:27:40,128.0,14596579
2021-06-15 10:27:41,128.25,14641456
2021-06-15 10:27:43,128.15,14652803
2021-06-15 10:27:45,128.2,14660924
2021-06-15 10:27:47,128.15,14664461
2021-06-15 10:27:48,128.1,14665481
2021-06-15 10:27:49,128.1,14665981
2021-06-15 10:27:49,128.1,14665981
2021-06-15 10:27:50,128.2,14666526
2021-06-15 10:27:51,128.1,14667826
2021-06-15 10:27:53,128.1,14668976
2021-06-15 10:27:54,128.2,14674878
2021-06-15 10:27:55,128.2,14679069
2021-06-15 10:27:56,128.2,14679623
2021-06-15 10:27:57,128.2,14680371
2021-06-15 10:27:58,128.2,14681561
2021-06-15 10:27:59,128.1,14682812
2021-06-15 10:28:00,128.15,14683028
2021-06-15 10:28:01,128.15,14684239
2021-06-15 10:28:01,128.15,14684239
2021-06-15 10:28:02,128.05,14684274
2021-06-15 10:28:04,128.1,14685236
2021-06-15 10:28:05,128.15,14686363
2021-06-15 10:28:06,128.05,14698382
2021-06-15 10:28:08,128.0,14702622
2021-06-15 10:28:09,128.0,14703067
2021-06-15 10:28:10,128.05,14716666
2021-06-15 10:28:12,128.1,14724968
2021-06-15 10:28:13,128.05,14725559
2021-06-15 10:28:14,128.1,14730116
2021-06-15 10:28:14,128.1,14730268
2021-06-15 10:28:16,128.15,14731346
2021-06-15 10:28:17,128.05,14732572
2021-06-15 10:28:18,128.0,14742890
2021-06-15 10:28:19,128.1,14744408
2021-06-15 10:28:20,128.1,14744530
2021-06-15 10:28:21,128.1,14745607
2021-06-15 10:28:22,128.1,14745683
2021-06-15 10:28:23,128.0,14747874
2021-06-15 10:28:24,128.1,14747877
2021-06-15 10:28:25,128.1,14747994
2021-06-15 10:28:26,128.1,14747994
2021-06-15 10:28:27,128.1,14749674
2021-06-15 10:28:28,128.1,14750221
2021-06-15 10:28:29,128.1,14754971
2021-06-15 10:28:30,128.0,14780809
2021-06-15 10:28:31,128.0,14781323
2021-06-15 10:28:33,128.0,14786183
2021-06-15 10:28:34,127.95,14790192
2021-06-15 10:28:35,127.95,14790511
2021-06-15 10:28:36,128.0,14791737
2021-06-15 10:28:37,127.95,14792065
2021-06-15 10:28:38,128.0,14794222
2021-06-15 10:28:39,127.95,14795855
2021-06-15 10:28:40,128.0,14798565
2021-06-15 10:28:41,128.0,14800513
2021-06-15 10:28:42,127.9,14800628
2021-06-15 10:28:43,127.9,14803175
2021-06-15 10:28:44,127.9,14805701
2021-06-15 10:28:45,127.95,14806161
2021-06-15 10:28:48,127.9,14809943
2021-06-15 10:28:49,127.9,14809943
2021-06-15 10:28:50,127.95,14816981
2021-06-15 10:28:51,127.95,14818466
2021-06-15 10:28:52,127.95,14819077
2021-06-15 10:28:53,127.9,14820977
2021-06-15 10:28:54,127.85,14821649
2021-06-15 10:28:55,127.95,14821797
2021-06-15 10:28:56,127.95,14827090
2021-06-15 10:28:57,127.85,14828145
2021-06-15 10:28:58,127.9,14828836
2021-06-15 10:28:59,127.85,14829343
2021-06-15 10:29:00,127.95,14830032
2021-06-15 10:29:01,127.9,14830059
2021-06-15 10:29:02,127.85,14830179
2021-06-15 10:29:03,127.9,14830429
2021-06-15 10:29:04,128.0,14840763
2021-06-15 10:29:05,127.95,14885140
2021-06-15 10:29:06,127.9,14885520
2021-06-15 10:29:07,127.95,14886848
2021-06-15 10:29:08,127.95,14890152
2021-06-15 10:29:10,127.95,14894149
2021-06-15 10:29:11,127.95,14894149
2021-06-15 10:29:12,128.05,14904689
2021-06-15 10:29:13,127.95,14906720
2021-06-15 10:29:14,128.1,14913572
2021-06-15 10:29:15,128.1,14918785
2021-06-15 10:29:16,128.05,14920953
2021-06-15 10:29:17,128.05,14925663
2021-06-15 10:29:18,128.05,14926863
2021-06-15 10:29:19,127.95,14932404
2021-06-15 10:29:20,128.0,14937963
2021-06-15 10:29:21,128.0,14938842
2021-06-15 10:29:22,128.0,14938962
2021-06-15 10:29:23,128.0,14939262
2021-06-15 10:29:24,127.95,14941296
2021-06-15 10:29:25,128.0,14944142
2021-06-15 10:29:26,128.05,14950901
2021-06-15 10:29:27,128.0,14951218
2021-06-15 10:29:29,127.95,14952703
2021-06-15 10:29:30,128.0,14952739
2021-06-15 10:29:32,127.95,14961623
2021-06-15 10:29:33,127.9,14961673
2021-06-15 10:29:34,127.95,14970193
2021-06-15 10:29:35,128.0,14972035
2021-06-15 10:29:36,127.9,14972043
2021-06-15 10:29:37,127.95,14972423
2021-06-15 10:29:38,128.0,14986076
2021-06-15 10:29:39,128.0,14986426
2021-06-15 10:29:40,128.0,14986698
2021-06-15 10:29:41,128.0,14989644
2021-06-15 10:29:42,128.0,14989644
2021-06-15 10:29:43,128.0,14989754
2021-06-15 10:29:44,128.0,14990551
2021-06-15 10:29:45,128.0,14992593
2021-06-15 10:29:46,128.0,14993642
2021-06-15 10:29:47,128.0,15004165
2021-06-15 10:29:48,128.0,15006044
2021-06-15 10:29:49,128.0,15007933
2021-06-15 10:29:50,128.0,15007963
2021-06-15 10:29:51,127.95,15112203
2021-06-15 10:29:52,127.9,15113307
2021-06-15 10:29:53,127.9,15114501
2021-06-15 10:29:54,128.0,15125583
2021-06-15 10:29:55,128.0,15126235
2021-06-15 10:29:56,128.05,15129148
2021-06-15 10:29:57,128.0,15129261
2021-06-15 10:29:58,127.9,15129694
2021-06-15 10:29:59,127.9,15132195
2021-06-15 10:30:00,127.95,15133057
2021-06-15 10:30:01,127.9,15134407
2021-06-15 10:30:02,127.85,15136911
2021-06-15 10:30:03,127.9,15139463
2021-06-15 10:30:05,127.9,15140448
2021-06-15 10:30:06,128.0,15144091
2021-06-15 10:30:07,128.0,15156392
2021-06-15 10:30:08,127.9,15156520
2021-06-15 10:30:10,127.9,15159003
2021-06-15 10:30:09,128.0,15157003
2021-06-15 10:30:11,127.9,15159105
2021-06-15 10:30:12,127.95,15161087
2021-06-15 10:30:14,127.95,15162458
2021-06-15 10:30:15,128.0,15184891
2021-06-15 10:30:16,128.0,15186078
2021-06-15 10:30:17,128.0,15189581
2021-06-15 10:30:18,128.0,15196344
2021-06-15 10:30:19,128.0,15196354
2021-06-15 10:30:20,128.0,15196997
2021-06-15 10:30:21,128.0,15197197
2021-06-15 10:30:22,127.9,15197217
2021-06-15 10:30:23,127.9,15200824
2021-06-15 10:30:25,127.95,15203860
2021-06-15 10:30:26,128.0,15225906
2021-06-15 10:30:27,128.1,15227337
2021-06-15 10:30:30,128.1,15230102
2021-06-15 10:30:31,128.05,15230353
2021-06-15 10:30:32,128.05,15231460
2021-06-15 10:30:33,128.05,15231569
2021-06-15 10:30:34,128.0,15232469
2021-06-15 10:30:35,128.05,15237729
2021-06-15 10:30:37,128.05,15238941
2021-06-15 10:30:37,128.05,15239415
2021-06-15 10:30:38,128.05,15347281
2021-06-15 10:30:39,128.05,15354492
2021-06-15 10:30:40,128.15,15371866
2021-06-15 10:30:41,128.1,15371916
2021-06-15 10:30:42,128.05,15385794
2021-06-15 10:30:44,128.0,15386674
2021-06-15 10:30:44,128.0,15386674
2021-06-15 10:30:45,128.0,15386803
2021-06-15 10:30:47,128.0,15390871
2021-06-15 10:30:48,128.05,15390987
2021-06-15 10:30:49,128.05,15390987
2021-06-15 10:30:50,128.05,15392559
2021-06-15 10:30:51,128.05,15400894
2021-06-15 10:30:53,128.0,15401021
2021-06-15 10:30:53,128.0,15401031
2021-06-15 10:30:54,128.0,15401282
2021-06-15 10:30:55,128.0,15402031
2021-06-15 10:30:56,128.0,15405783
2021-06-15 10:30:57,128.0,15405918
2021-06-15 10:30:58,128.05,15406554
2021-06-15 10:30:59,128.05,15409869
2021-06-15 10:31:00,128.05,15412676
2021-06-15 10:31:01,128.0,15412706
2021-06-15 10:31:02,128.0,15413295
2021-06-15 10:31:03,128.0,15414390
2021-06-15 10:31:04,128.1,15419650
2021-06-15 10:31:05,128.1,15420080
2021-06-15 10:31:06,128.05,15420088
2021-06-15 10:31:07,128.0,15422089
2021-06-15 10:31:09,128.1,15424163
2021-06-15 10:31:09,128.1,15424163
2021-06-15 10:31:10,128.1,15424297
2021-06-15 10:31:11,128.0,15425564
2021-06-15 10:31:12,128.1,15426072
2021-06-15 10:31:13,128.1,15426353
2021-06-15 10:31:14,128.0,15426866
2021-06-15 10:31:15,128.1,15427716
2021-06-15 10:31:16,128.0,15428266
2021-06-15 10:31:17,128.0,15429018
2021-06-15 10:31:18,128.0,15430532
2021-06-15 10:31:19,128.05,15430792
2021-06-15 10:31:20,128.05,15436189
2021-06-15 10:31:22,128.05,15437439
2021-06-15 10:31:22,128.05,15437439
2021-06-15 10:31:23,128.0,15453936
2021-06-15 10:31:24,128.0,15454387
2021-06-15 10:31:25,128.0,15454627
2021-06-15 10:31:26,128.0,15455353
2021-06-15 10:31:28,127.95,15470824
2021-06-15 10:31:29,127.95,15471404
2021-06-15 10:31:30,127.95,15471517
2021-06-15 10:31:31,127.95,15472857
2021-06-15 10:31:32,127.95,15472908
2021-06-15 10:31:33,127.95,15475116
2021-06-15 10:31:34,127.85,15476126
2021-06-15 10:31:35,127.95,15480797
2021-06-15 10:31:36,127.85,15482069
2021-06-15 10:31:37,127.85,15482117
2021-06-15 10:31:38,127.9,15492040
2021-06-15 10:31:40,127.85,15493353
2021-06-15 10:31:40,127.95,15493853
2021-06-15 10:31:41,127.9,15494642
2021-06-15 10:31:42,127.85,15497405
2021-06-15 10:31:43,127.95,15499515
2021-06-15 10:31:44,127.95,15499607
2021-06-15 10:31:45,127.95,15504957
2021-06-15 10:31:46,127.95,15505394
2021-06-15 10:31:47,127.85,15507335
2021-06-15 10:31:48,127.9,15508426
2021-06-15 10:31:49,127.9,15508876
2021-06-15 10:31:50,127.95,15510413
2021-06-15 10:31:53,127.9,15514131
2021-06-15 10:31:54,127.85,15515108
2021-06-15 10:31:55,127.95,15519541
2021-06-15 10:31:56,127.9,15519811
2021-06-15 10:31:57,127.95,15523438
2021-06-15 10:31:58,127.95,15523573
2021-06-15 10:31:59,127.9,15524483
2021-06-15 10:32:00,127.95,15525275
2021-06-15 10:32:01,127.95,15525499
2021-06-15 10:32:02,127.85,15526345
2021-06-15 10:32:03,127.85,15526470
2021-06-15 10:32:04,127.95,15529035
2021-06-15 10:32:05,127.95,15530035
2021-06-15 10:32:06,127.95,15531457
2021-06-15 10:32:08,127.85,15552251
2021-06-15 10:32:08,127.85,15552301
2021-06-15 10:32:09,127.85,15552493
2021-06-15 10:32:10,127.95,15552778
2021-06-15 10:32:11,127.95,15553028
2021-06-15 10:32:12,127.85,15553874
2021-06-15 10:32:14,127.95,15559779
2021-06-15 10:32:15,127.85,15570850
2021-06-15 10:32:16,127.9,15571851
2021-06-15 10:32:17,127.8,15572051
2021-06-15 10:32:18,127.8,15573406
2021-06-15 10:32:19,127.75,15590860
2021-06-15 10:32:20,127.85,15592082
2021-06-15 10:32:21,127.85,15593782
2021-06-15 10:32:22,127.8,15595897
2021-06-15 10:32:23,127.85,15600948
2021-06-15 10:32:24,127.9,15603123
2021-06-15 10:32:25,127.85,15603174
2021-06-15 10:32:26,127.85,15603299
2021-06-15 10:32:27,127.75,15605244
2021-06-15 10:32:28,127.8,15606104
2021-06-15 10:32:29,127.75,15608118
2021-06-15 10:32:30,127.75,15624039
2021-06-15 10:32:31,127.75,15625845
2021-06-15 10:32:32,127.8,15625991
2021-06-15 10:32:33,127.8,15626591
2021-06-15 10:32:34,127.85,15628871
2021-06-15 10:32:35,127.85,15630876
2021-06-15 10:32:36,127.8,15631226
2021-06-15 10:32:37,127.85,15634441
2021-06-15 10:32:38,127.8,15637642
2021-06-15 10:32:39,127.75,15642077
2021-06-15 10:32:40,127.75,15646497
2021-06-15 10:32:41,127.8,15648003
2021-06-15 10:32:42,127.7,15657125
2021-06-15 10:32:44,127.9,15667485
2021-06-15 10:32:44,127.9,15668404
2021-06-15 10:32:45,127.8,15668523
2021-06-15 10:32:46,127.8,15670744
2021-06-15 10:32:47,127.8,15676632
2021-06-15 10:32:48,127.85,15677956
2021-06-15 10:32:49,127.8,15679059
2021-06-15 10:32:50,127.75,15681710
2021-06-15 10:32:51,127.8,15684599
2021-06-15 10:32:52,127.75,15684608
2021-06-15 10:32:53,127.75,15684858
2021-06-15 10:32:54,127.75,15685008
2021-06-15 10:32:57,127.8,15686811
2021-06-15 10:32:58,127.75,15687466
2021-06-15 10:32:59,127.75,15687964
2021-06-15 10:33:00,127.75,15689072
2021-06-15 10:33:01,127.8,15689078
2021-06-15 10:33:02,127.75,15689281
2021-06-15 10:33:03,127.8,15692557
2021-06-15 10:33:04,127.7,15695674
2021-06-15 10:33:05,127.75,15696375
2021-06-15 10:33:06,127.75,15696408
2021-06-15 10:33:07,127.8,15696483
2021-06-15 10:33:08,127.8,15697053
2021-06-15 10:33:09,127.75,15698602
2021-06-15 10:33:10,127.7,15700117
2021-06-15 10:33:11,127.75,15700177
2021-06-15 10:33:12,127.75,15700683
2021-06-15 10:33:13,127.75,15701132
2021-06-15 10:33:14,127.75,15701521
2021-06-15 10:33:15,127.65,15765525
2021-06-15 10:33:16,127.7,15774275
2021-06-15 10:33:18,127.7,15774943
2021-06-15 10:33:18,127.7,15776440
2021-06-15 10:33:19,127.7,15776568
2021-06-15 10:33:20,127.7,15784885
2021-06-15 10:33:22,127.7,15789652
2021-06-15 10:33:22,127.7,15789778
2021-06-15 10:33:23,127.7,15791931
2021-06-15 10:33:24,127.7,15792981
2021-06-15 10:33:25,127.65,15793083
2021-06-15 10:33:26,127.75,15800596
2021-06-15 10:33:27,127.65,15800728
2021-06-15 10:33:28,127.7,15805742
2021-06-15 10:33:29,127.7,15810379
2021-06-15 10:33:30,127.7,15810539
2021-06-15 10:33:31,127.7,15811345
2021-06-15 10:33:32,127.7,15811388
2021-06-15 10:33:33,127.65,15812867
2021-06-15 10:33:34,127.65,15813168
2021-06-15 10:33:35,127.75,15816297
2021-06-15 10:33:36,127.7,15822470
2021-06-15 10:33:37,127.7,15835616
2021-06-15 10:33:38,127.75,15835759
2021-06-15 10:33:40,127.75,15836985
2021-06-15 10:33:40,127.75,15836485
2021-06-15 10:33:41,127.7,15837485
2021-06-15 10:33:42,127.75,15837527
2021-06-15 10:33:43,127.75,15837527
2021-06-15 10:33:44,127.65,15839276
2021-06-15 10:33:45,127.65,15839631
2021-06-15 10:33:46,127.7,15840834
2021-06-15 10:33:47,127.65,15841557
2021-06-15 10:33:48,127.75,15865946
2021-06-15 10:33:49,127.75,15870328
2021-06-15 10:33:50,127.65,15875546
2021-06-15 10:33:51,127.7,15875647
2021-06-15 10:33:52,127.75,15881249
2021-06-15 10:33:53,127.75,15881807
2021-06-15 10:33:54,127.7,15881907
2021-06-15 10:33:55,127.75,15883142
2021-06-15 10:33:56,127.75,15883250
2021-06-15 10:33:58,127.7,15883347
2021-06-15 10:33:59,127.7,15885197
2021-06-15 10:34:00,127.75,15885600
2021-06-15 10:34:01,127.75,15885600
2021-06-15 10:34:01,127.75,15885773
2021-06-15 10:34:03,127.7,15886426
2021-06-15 10:34:03,127.7,15886457
2021-06-15 10:34:04,127.75,15886782
2021-06-15 10:34:05,127.65,15887689
2021-06-15 10:34:06,127.65,15888766
2021-06-15 10:34:08,127.7,15888967
2021-06-15 10:34:09,127.75,15890252
2021-06-15 10:34:10,127.7,15890870
2021-06-15 10:34:11,127.65,15891650
2021-06-15 10:34:12,127.7,15899987
2021-06-15 10:34:13,127.7,15902309
2021-06-15 10:34:14,127.65,15902914
2021-06-15 10:34:15,127.65,15928866
2021-06-15 10:34:16,127.55,15928880
2021-06-15 10:34:17,127.65,15929195
2021-06-15 10:34:18,127.55,15929935
2021-06-15 10:34:19,127.6,15930155
2021-06-15 10:34:20,127.55,15933091
2021-06-15 10:34:21,127.55,15933191
2021-06-15 10:34:22,127.65,15933440
2021-06-15 10:34:23,127.6,15934870
2021-06-15 10:34:24,127.65,15935516
2021-06-15 10:34:25,127.55,15938542
2021-06-15 10:34:26,127.65,15941062
2021-06-15 10:34:28,127.55,15943428
2021-06-15 10:34:28,127.65,15944412
2021-06-15 10:34:29,127.55,15945147
2021-06-15 10:34:30,127.55,15949397
2021-06-15 10:34:31,127.65,15952912
2021-06-15 10:34:32,127.7,15956441
2021-06-15 10:34:33,127.6,15956521
2021-06-15 10:34:35,127.6,15958003
2021-06-15 10:34:35,127.6,15958003
2021-06-15 10:34:36,127.65,15959152
2021-06-15 10:34:37,127.6,15959650
2021-06-15 10:34:38,127.75,15970359
2021-06-15 10:34:40,127.7,15970598
2021-06-15 10:34:41,127.7,15971008
2021-06-15 10:34:41,127.75,15971558
2021-06-15 10:34:42,127.75,15972673
2021-06-15 10:34:43,127.7,15974323
2021-06-15 10:34:44,127.7,15975138
2021-06-15 10:34:46,127.7,15981849
2021-06-15 10:34:46,127.75,15982569
2021-06-15 10:34:47,127.8,15997160
2021-06-15 10:34:50,127.75,15997498
2021-06-15 10:34:50,127.75,15997652
2021-06-15 10:34:51,127.8,15998283
2021-06-15 10:34:53,127.75,15998299
2021-06-15 10:34:54,127.7,16001580
2021-06-15 10:34:55,127.8,16006289
2021-06-15 10:34:56,127.85,16006342
2021-06-15 10:34:57,127.85,16009454
2021-06-15 10:34:58,127.8,16009554
2021-06-15 10:34:59,127.85,16010484
2021-06-15 10:34:59,127.8,16011284
2021-06-15 10:35:00,127.9,16011691
2021-06-15 10:35:01,127.9,16014064
2021-06-15 10:35:02,127.9,16014069
2021-06-15 10:35:04,127.9,16014644
2021-06-15 10:35:05,127.9,16014801
2021-06-15 10:35:06,127.85,16015062
2021-06-15 10:35:07,127.9,16015703
2021-06-15 10:35:07,127.9,16015813
2021-06-15 10:35:09,127.9,16016213
2021-06-15 10:35:10,127.85,16016532
2021-06-15 10:35:11,127.85,16016535
2021-06-15 10:35:12,127.9,16017359
2021-06-15 10:35:13,127.85,16017370
2021-06-15 10:35:13,127.85,16017473
2021-06-15 10:35:14,127.85,16019531
2021-06-15 10:35:15,127.9,16020075
2021-06-15 10:35:16,127.85,16022667
2021-06-15 10:35:17,127.8,16023073
2021-06-15 10:35:18,127.85,16023358
2021-06-15 10:35:19,127.85,16023975
2021-06-15 10:35:22,127.9,16024097
2021-06-15 10:35:23,127.9,16024168
2021-06-15 10:35:23,127.85,16025546
2021-06-15 10:35:24,127.8,16028204
2021-06-15 10:35:25,127.9,16029204
2021-06-15 10:35:27,127.9,16030464
2021-06-15 10:35:28,127.9,16030465
2021-06-15 10:35:29,127.8,16030480
2021-06-15 10:35:30,127.85,16030716
2021-06-15 10:35:31,127.85,16031266
2021-06-15 10:35:32,127.8,16032764
2021-06-15 10:35:32,127.8,16033766
2021-06-15 10:35:33,127.85,16034269
2021-06-15 10:35:34,127.85,16034423
2021-06-15 10:35:35,127.85,16034440
2021-06-15 10:35:36,127.85,16034566
2021-06-15 10:35:37,127.8,16035919
2021-06-15 10:35:38,127.8,16037640
2021-06-15 10:35:40,127.85,16038649
2021-06-15 10:35:40,127.85,16038650
2021-06-15 10:35:41,127.85,16047692
2021-06-15 10:35:44,127.9,16048504
2021-06-15 10:35:44,127.9,16049056
2021-06-15 10:35:45,127.9,16049167
2021-06-15 10:35:46,127.8,16049311
2021-06-15 10:35:47,127.85,16049418
2021-06-15 10:35:48,127.8,16050143
2021-06-15 10:35:49,127.75,16062092
2021-06-15 10:35:50,127.85,16062501
2021-06-15 10:35:51,127.75,16063446
2021-06-15 10:35:52,127.75,16063623
2021-06-15 10:35:53,127.85,16063826
2021-06-15 10:35:54,127.8,16063829
2021-06-15 10:35:55,127.85,16063929
2021-06-15 10:35:56,127.8,16064331
2021-06-15 10:35:57,127.75,16064979
2021-06-15 10:35:58,127.85,16065529
2021-06-15 10:35:59,127.8,16069643
2021-06-15 10:36:00,127.8,16070395
2021-06-15 10:36:01,127.8,16082641
2021-06-15 10:36:02,127.7,16082782
2021-06-15 10:36:03,127.75,16083104
2021-06-15 10:36:05,127.7,16083309
2021-06-15 10:36:06,127.6,16093709
2021-06-15 10:36:06,127.7,16093999
2021-06-15 10:36:08,127.7,16094276
2021-06-15 10:36:08,127.7,16094301
2021-06-15 10:36:09,127.7,16094401
2021-06-15 10:36:10,127.7,16094551
2021-06-15 10:36:11,127.7,16094551
2021-06-15 10:36:13,127.65,16094721
2021-06-15 10:36:14,127.6,16096822
2021-06-15 10:36:15,127.7,16096847
2021-06-15 10:36:16,127.6,16096970
2021-06-15 10:36:17,127.7,16097210
2021-06-15 10:36:17,127.7,16097210
2021-06-15 10:36:18,127.7,16097530
2021-06-15 10:36:19,127.7,16099895
2021-06-15 10:36:20,127.6,16100274
2021-06-15 10:36:23,127.7,16101140
2021-06-15 10:36:23,127.7,16101543
2021-06-15 10:36:24,127.65,16101745
2021-06-15 10:36:25,127.65,16101745
2021-06-15 10:36:26,127.7,16102566
2021-06-15 10:36:27,127.7,16102846
2021-06-15 10:36:30,127.6,16103461
2021-06-15 10:36:31,127.7,16104105
2021-06-15 10:36:32,127.7,16105178
2021-06-15 10:36:32,127.65,16106859
2021-06-15 10:36:33,127.6,16109940
2021-06-15 10:36:35,127.6,16110717
2021-06-15 10:36:36,127.6,16110833
2021-06-15 10:36:37,127.6,16114025
2021-06-15 10:36:39,127.55,16124780
2021-06-15 10:36:39,127.55,16125533
2021-06-15 10:36:40,127.6,16125559
2021-06-15 10:36:41,127.55,16128513
2021-06-15 10:36:42,127.6,16129343
2021-06-15 10:36:43,127.55,16151901
2021-06-15 10:36:44,127.55,16152319
2021-06-15 10:36:45,127.6,16154850
2021-06-15 10:36:46,127.6,16164160
2021-06-15 10:36:47,127.6,16164684
2021-06-15 10:36:48,127.6,16166285
2021-06-15 10:36:50,127.7,16220268
2021-06-15 10:36:51,127.65,16222659
2021-06-15 10:36:52,127.65,16224139
2021-06-15 10:36:53,127.65,16224315
2021-06-15 10:36:53,127.65,16224375
2021-06-15 10:36:54,127.75,16224512
2021-06-15 10:36:55,127.75,16225586
2021-06-15 10:36:56,127.7,16225721
2021-06-15 10:36:58,127.7,16226122
2021-06-15 10:36:58,127.7,16226253
2021-06-15 10:36:59,127.6,16227140
2021-06-15 10:37:00,127.65,16228449
2021-06-15 10:37:02,127.65,16229439
2021-06-15 10:37:04,127.7,16230211
2021-06-15 10:37:05,127.7,16230241
2021-06-15 10:37:06,127.65,16230791
2021-06-15 10:37:07,127.7,16232602
2021-06-15 10:37:08,127.7,16232602
2021-06-15 10:37:09,127.65,16232673
2021-06-15 10:37:10,127.7,16232847
2021-06-15 10:37:10,127.7,16232847
2021-06-15 10:37:11,127.75,16238847
2021-06-15 10:37:12,127.65,16239449
2021-06-15 10:37:13,127.65,16239761
2021-06-15 10:37:14,127.65,16242407
2021-06-15 10:37:15,127.65,16245681
2021-06-15 10:37:16,127.7,16245829
2021-06-15 10:37:17,127.65,16245840
2021-06-15 10:37:19,127.65,16248846
2021-06-15 10:37:20,127.7,16248875
2021-06-15 10:37:20,127.65,16248873
2021-06-15 10:37:21,127.7,16252031
2021-06-15 10:37:22,127.75,16252279
2021-06-15 10:37:24,127.75,16253264
2021-06-15 10:37:25,127.75,16253386
2021-06-15 10:37:26,127.7,16253459
2021-06-15 10:37:26,127.7,16253589
2021-06-15 10:37:29,127.7,16266921
2021-06-15 10:37:31,127.7,16267181
2021-06-15 10:37:31,127.75,16267194
2021-06-15 10:37:32,127.75,16267224
2021-06-15 10:37:33,127.7,16267495
2021-06-15 10:37:34,127.75,16269695
2021-06-15 10:37:35,127.75,16269947
2021-06-15 10:37:36,127.7,16270128
2021-06-15 10:37:38,127.75,16270287
2021-06-15 10:37:39,127.75,16270357
2021-06-15 10:37:40,127.7,16270457
2021-06-15 10:37:41,127.75,16271221
2021-06-15 10:37:42,127.75,16271472
2021-06-15 10:37:43,127.7,16272018
2021-06-15 10:37:44,127.7,16278226
2021-06-15 10:37:45,127.7,16279867
2021-06-15 10:37:45,127.7,16279867
2021-06-15 10:37:48,127.75,16280418
2021-06-15 10:37:49,127.75,16280469
2021-06-15 10:37:50,127.65,16281509
2021-06-15 10:37:51,127.7,16284010
2021-06-15 10:37:52,127.65,16284271
2021-06-15 10:37:54,127.7,16287966
2021-06-15 10:37:54,127.7,16287976
2021-06-15 10:37:56,127.7,16289367
2021-06-15 10:37:57,127.7,16290238
2021-06-15 10:37:58,127.65,16292313
2021-06-15 10:37:59,127.65,16292913
2021-06-15 10:38:00,127.7,16293202
2021-06-15 10:38:01,127.7,16293318
2021-06-15 10:38:02,127.7,16293882
2021-06-15 10:38:03,127.7,16293924
2021-06-15 10:38:03,127.65,16293934
2021-06-15 10:38:05,127.65,16294034
2021-06-15 10:38:06,127.7,16299947
2021-06-15 10:38:07,127.65,16300061
2021-06-15 10:38:08,127.7,16300152
2021-06-15 10:38:09,127.65,16300265
2021-06-15 10:38:10,127.7,16300295
2021-06-15 10:38:11,127.7,16300685
2021-06-15 10:38:12,127.65,16300905
2021-06-15 10:38:13,127.7,16303105
2021-06-15 10:38:14,127.65,16303937
2021-06-15 10:38:15,127.65,16304158
2021-06-15 10:38:15,127.65,16304358
2021-06-15 10:38:16,127.65,16304624
2021-06-15 10:38:17,127.6,16304674
2021-06-15 10:38:18,127.6,16304674
2021-06-15 10:38:20,127.65,16304817
2021-06-15 10:38:21,127.65,16305039
2021-06-15 10:38:22,127.6,16305239
2021-06-15 10:38:23,127.65,16305354
2021-06-15 10:38:24,127.6,16305914
2021-06-15 10:38:25,127.65,16306406
2021-06-15 10:38:26,127.65,16309859
2021-06-15 10:38:27,127.6,16328774
2021-06-15 10:38:28,127.7,16329131
2021-06-15 10:38:29,127.7,16329332
2021-06-15 10:38:30,127.7,16329938
2021-06-15 10:38:31,127.65,16330344
2021-06-15 10:38:32,127.6,16330945
2021-06-15 10:38:33,127.65,16330971
2021-06-15 10:38:34,127.6,16331381
2021-06-15 10:38:35,127.6,16332058
2021-06-15 10:38:36,127.65,16332428
2021-06-15 10:38:37,127.65,16332448
2021-06-15 10:38:38,127.65,16332448
2021-06-15 10:38:39,127.65,16332948
2021-06-15 10:38:40,127.7,16334351
2021-06-15 10:38:41,127.6,16334561
2021-06-15 10:38:42,127.6,16335727
2021-06-15 10:38:43,127.6,16335860
2021-06-15 10:38:44,127.6,16336258
2021-06-15 10:38:44,127.6,16336258
2021-06-15 10:38:46,127.6,16336718
2021-06-15 10:38:47,127.6,16341718
2021-06-15 10:38:47,127.7,16341719
2021-06-15 10:38:49,127.7,16342764
2021-06-15 10:38:51,127.65,16345024
2021-06-15 10:38:52,127.6,16345076
2021-06-15 10:38:53,127.6,16345082
2021-06-15 10:38:54,127.6,16345187
2021-06-15 10:38:55,127.7,16345737
2021-06-15 10:38:56,127.6,16345937
2021-06-15 10:38:57,127.7,16349939
2021-06-15 10:38:58,127.7,16349939
2021-06-15 10:38:59,127.65,16349971
2021-06-15 10:39:00,127.7,16351335
2021-06-15 10:39:01,127.7,16351420
2021-06-15 10:39:02,127.6,16351422
2021-06-15 10:39:03,127.6,16351622
2021-06-15 10:39:04,127.6,16351622
2021-06-15 10:39:05,127.7,16351678
2021-06-15 10:39:06,127.6,16351780
2021-06-15 10:39:07,127.7,16354832
2021-06-15 10:39:08,127.65,16354865
2021-06-15 10:39:09,127.6,16355676
2021-06-15 10:39:11,127.6,16356141
2021-06-15 10:39:12,127.6,16356876
2021-06-15 10:39:13,127.6,16357106
2021-06-15 10:39:14,127.65,16358590
2021-06-15 10:39:15,127.65,16358758
2021-06-15 10:39:16,127.6,16358774
2021-06-15 10:39:17,127.65,16367333
2021-06-15 10:39:19,127.65,16367724
2021-06-15 10:39:20,127.6,16368733
2021-06-15 10:39:21,127.6,16368990
2021-06-15 10:39:22,127.7,16369516
2021-06-15 10:39:23,127.7,16369516
2021-06-15 10:39:24,127.65,16369751
2021-06-15 10:39:25,127.7,16370108
2021-06-15 10:39:26,127.65,16370254
2021-06-15 10:39:27,127.65,16370575
2021-06-15 10:39:28,127.65,16370645
2021-06-15 10:39:29,127.65,16370705
2021-06-15 10:39:30,127.7,16371164
2021-06-15 10:39:31,127.7,16371614
2021-06-15 10:39:32,127.6,16393096
2021-06-15 10:39:33,127.55,16393426
2021-06-15 10:39:34,127.6,16393430
2021-06-15 10:39:35,127.6,16393430
2021-06-15 10:39:36,127.55,16395741
2021-06-15 10:39:37,127.6,16395745
2021-06-15 10:39:38,127.6,16395745
2021-06-15 10:39:39,127.55,16395806
2021-06-15 10:39:40,127.6,16395856
2021-06-15 10:39:41,127.6,16396001
2021-06-15 10:39:42,127.6,16396010
2021-06-15 10:39:43,127.6,16408317
2021-06-15 10:39:44,127.55,16408370
2021-06-15 10:39:45,127.55,16408801
2021-06-15 10:39:47,127.55,16410047
2021-06-15 10:39:48,127.55,16411647
2021-06-15 10:39:49,127.5,16412847
2021-06-15 10:39:50,127.45,16487852
2021-06-15 10:39:51,127.5,16489053
2021-06-15 10:39:52,127.5,16489504
2021-06-15 10:39:53,127.45,16492661
2021-06-15 10:39:54,127.55,16493008
2021-06-15 10:39:55,127.55,16493233
2021-06-15 10:39:56,127.5,16493433
2021-06-15 10:39:57,127.5,16493433
2021-06-15 10:39:58,127.5,16501011
2021-06-15 10:40:00,127.6,16506560
2021-06-15 10:40:01,127.5,16516550
2021-06-15 10:40:02,127.6,16517456
2021-06-15 10:40:03,127.6,16518141
2021-06-15 10:40:04,127.6,16518949
2021-06-15 10:40:05,127.55,16519949
2021-06-15 10:40:06,127.55,16520749
2021-06-15 10:40:07,127.55,16526299
2021-06-15 10:40:08,127.6,16528309
2021-06-15 10:40:09,127.55,16529564
2021-06-15 10:40:10,127.55,16529689
2021-06-15 10:40:11,127.55,16529784
2021-06-15 10:40:12,127.6,16530443
2021-06-15 10:40:13,127.5,16532433
2021-06-15 10:40:14,127.6,16534433
2021-06-15 10:40:16,127.55,16537169
2021-06-15 10:40:15,127.6,16536742
2021-06-15 10:40:17,127.5,16537345
2021-06-15 10:40:18,127.5,16537345
2021-06-15 10:40:19,127.55,16538978
2021-06-15 10:40:20,127.5,16539079
2021-06-15 10:40:21,127.55,16539754
2021-06-15 10:40:22,127.5,16540754
2021-06-15 10:40:23,127.5,16540964
2021-06-15 10:40:24,127.6,16541505
2021-06-15 10:40:25,127.6,16542026
2021-06-15 10:40:26,127.5,16542196
2021-06-15 10:40:27,127.5,16543296
2021-06-15 10:40:28,127.55,16543768
2021-06-15 10:40:29,127.5,16544279
2021-06-15 10:40:30,127.5,16545820
2021-06-15 10:40:31,127.55,16549090
2021-06-15 10:40:32,127.55,16552250
2021-06-15 10:40:33,127.5,16556697
2021-06-15 10:40:34,127.45,16556842
2021-06-15 10:40:35,127.5,16560105
2021-06-15 10:40:36,127.55,16560216
2021-06-15 10:40:37,127.45,16564456
2021-06-15 10:40:38,127.45,16564456
2021-06-15 10:40:39,127.55,16564828
2021-06-15 10:40:40,127.55,16566973
2021-06-15 10:40:41,127.45,16567388
2021-06-15 10:40:42,127.55,16568758
2021-06-15 10:40:43,127.5,16568779
2021-06-15 10:40:44,127.45,16569061
2021-06-15 10:40:45,127.55,16569663
2021-06-15 10:40:46,127.5,16569763
2021-06-15 10:40:47,127.55,16586459
2021-06-15 10:40:48,127.55,16586585
2021-06-15 10:40:49,127.5,16586769
2021-06-15 10:40:50,127.5,16587657
2021-06-15 10:40:51,127.5,16587817
2021-06-15 10:40:52,127.5,16588019
2021-06-15 10:40:53,127.55,16588042
2021-06-15 10:40:54,127.5,16588659
2021-06-15 10:40:55,127.5,16590293
2021-06-15 10:40:56,127.55,16590695
2021-06-15 10:40:57,127.55,16590847
2021-06-15 10:40:58,127.5,16590849
2021-06-15 10:40:59,127.5,16592867
2021-06-15 10:41:00,127.55,16593270
2021-06-15 10:41:01,127.55,16594570
2021-06-15 10:41:02,127.55,16594800
2021-06-15 10:41:03,127.6,16595236
2021-06-15 10:41:04,127.5,16598203
2021-06-15 10:41:05,127.55,16600058
2021-06-15 10:41:06,127.6,16600109
2021-06-15 10:41:08,127.55,16600224
2021-06-15 10:41:08,127.6,16600227
2021-06-15 10:41:10,127.55,16600735
2021-06-15 10:41:10,127.55,16600735
2021-06-15 10:41:11,127.55,16600817
2021-06-15 10:41:12,127.55,16600918
2021-06-15 10:41:13,127.55,16601068
2021-06-15 10:41:14,127.5,16603247
2021-06-15 10:41:15,127.55,16604088
2021-06-15 10:41:17,127.55,16604091
2021-06-15 10:41:18,127.55,16613507
2021-06-15 10:41:19,127.5,16613511
2021-06-15 10:41:21,127.5,16614404
2021-06-15 10:41:21,127.55,16616081
2021-06-15 10:41:22,127.55,16616090
2021-06-15 10:41:23,127.55,16616570
2021-06-15 10:41:24,127.55,16616570
2021-06-15 10:41:25,127.5,16616855
2021-06-15 10:41:27,127.55,16619138
2021-06-15 10:41:27,127.5,16618837
2021-06-15 10:41:28,127.5,16619838
2021-06-15 10:41:29,127.55,16619840
2021-06-15 10:41:30,127.55,16619967
2021-06-15 10:41:31,127.55,16621456
2021-06-15 10:41:32,127.55,16621891
2021-06-15 10:41:33,127.55,16621931
2021-06-15 10:41:34,127.55,16623451
2021-06-15 10:41:35,127.55,16623618
2021-06-15 10:41:36,127.5,16623730
2021-06-15 10:41:37,127.5,16627839
2021-06-15 10:41:39,127.55,16628114
2021-06-15 10:41:39,127.55,16628164
2021-06-15 10:41:40,127.6,16631191
2021-06-15 10:41:41,127.6,16631291
2021-06-15 10:41:42,127.55,16631401
2021-06-15 10:41:43,127.55,16631482
2021-06-15 10:41:44,127.55,16631542
2021-06-15 10:41:45,127.55,16631542
2021-06-15 10:41:46,127.6,16639711
2021-06-15 10:41:47,127.55,16641888
2021-06-15 10:41:48,127.55,16642253
2021-06-15 10:41:49,127.6,16642813
2021-06-15 10:41:51,127.55,16667054
2021-06-15 10:41:51,127.55,16667054
2021-06-15 10:41:53,127.55,16670815
2021-06-15 10:41:53,127.55,16670815
2021-06-15 10:41:55,127.55,16670818
2021-06-15 10:41:55,127.6,16670833
2021-06-15 10:41:56,127.55,16671902
2021-06-15 10:41:58,127.6,16672253
2021-06-15 10:41:59,127.6,16672353
2021-06-15 10:41:59,127.6,16672353
2021-06-15 10:42:00,127.65,16673559
2021-06-15 10:42:01,127.65,16673789
2021-06-15 10:42:02,127.6,16673814
2021-06-15 10:42:03,127.6,16673884
2021-06-15 10:42:04,127.65,16673984
2021-06-15 10:42:05,127.65,16674209
2021-06-15 10:42:06,127.65,16674321
2021-06-15 10:42:07,127.65,16674444
2021-06-15 10:42:08,127.65,16675553
2021-06-15 10:42:09,127.6,16675983
2021-06-15 10:42:10,127.6,16675983
2021-06-15 10:42:11,127.65,16676284
2021-06-15 10:42:12,127.55,16680354
2021-06-15 10:42:13,127.55,16680359
2021-06-15 10:42:14,127.6,16680386
2021-06-15 10:42:15,127.6,16681305
2021-06-15 10:42:16,127.6,16681306
2021-06-15 10:42:17,127.6,16681408
2021-06-15 10:42:18,127.55,16681509
2021-06-15 10:42:19,127.55,16681509
2021-06-15 10:42:20,127.6,16681616
2021-06-15 10:42:21,127.6,16681865
2021-06-15 10:42:22,127.55,16682066
2021-06-15 10:42:23,127.6,16682792
2021-06-15 10:42:24,127.6,16682799
2021-06-15 10:42:25,127.6,16683178
2021-06-15 10:42:26,127.65,16683280
2021-06-15 10:42:27,127.65,16683280
2021-06-15 10:42:28,127.6,16683335
2021-06-15 10:42:29,127.6,16684132
2021-06-15 10:42:30,127.65,16685007
2021-06-15 10:42:31,127.65,16685217
2021-06-15 10:42:32,127.65,16686367
2021-06-15 10:42:33,127.6,16688368
2021-06-15 10:42:34,127.6,16690882
2021-06-15 10:42:35,127.65,16692914
2021-06-15 10:42:36,127.65,16693956
2021-06-15 10:42:37,127.65,16693956
2021-06-15 10:42:38,127.6,16694038
2021-06-15 10:42:39,127.6,16694939
2021-06-15 10:42:40,127.6,16696231
2021-06-15 10:42:41,127.6,16696231
2021-06-15 10:42:42,127.55,16697097
2021-06-15 10:42:43,127.6,16697126
2021-06-15 10:42:44,127.55,16697247
2021-06-15 10:42:45,127.6,16697286
2021-06-15 10:42:46,127.6,16697488
2021-06-15 10:42:48,127.6,16697583
2021-06-15 10:42:49,127.6,16697648
2021-06-15 10:42:50,127.6,16697653
2021-06-15 10:42:52,127.6,16697873
2021-06-15 10:42:53,127.6,16697913
2021-06-15 10:42:54,127.6,16699545
2021-06-15 10:42:55,127.65,16700017
2021-06-15 10:42:56,127.6,16700119
2021-06-15 10:42:57,127.65,16700129
2021-06-15 10:42:58,127.65,16700343
2021-06-15 10:42:59,127.6,16700918
2021-06-15 10:43:00,127.6,16700949
2021-06-15 10:43:01,127.65,16701480
2021-06-15 10:43:02,127.65,16703588
2021-06-15 10:43:03,127.6,16703664
2021-06-15 10:43:04,127.6,16703914
2021-06-15 10:43:05,127.65,16704514
2021-06-15 10:43:06,127.55,16705565
2021-06-15 10:43:08,127.55,16705625
2021-06-15 10:43:10,127.55,16707395
2021-06-15 10:43:10,127.55,16707395
2021-06-15 10:43:11,127.65,16707921
2021-06-15 10:43:12,127.6,16708751
2021-06-15 10:43:13,127.65,16708922
2021-06-15 10:43:14,127.65,16708923
2021-06-15 10:43:15,127.55,16708924
2021-06-15 10:43:16,127.6,16709126
2021-06-15 10:43:17,127.65,16710131
2021-06-15 10:43:18,127.55,16710331
2021-06-15 10:43:19,127.65,16710351
2021-06-15 10:43:20,127.65,16710354
2021-06-15 10:43:21,127.6,16710404
2021-06-15 10:43:22,127.55,16710914
2021-06-15 10:43:23,127.55,16710914
2021-06-15 10:43:24,127.6,16711114
2021-06-15 10:43:25,127.55,16711607
2021-06-15 10:43:26,127.55,16711710
2021-06-15 10:43:27,127.65,16711767
2021-06-15 10:43:29,127.55,16712267
2021-06-15 10:43:29,127.55,16712271
2021-06-15 10:43:30,127.6,16713176
2021-06-15 10:43:31,127.65,16713187
2021-06-15 10:43:33,127.65,16714366
2021-06-15 10:43:34,127.65,16714497
2021-06-15 10:43:35,127.65,16714640
2021-06-15 10:43:35,127.65,16714690
2021-06-15 10:43:36,127.65,16716309
2021-06-15 10:43:38,127.65,16716334
2021-06-15 10:43:38,127.55,16716684
2021-06-15 10:43:39,127.6,16716711
2021-06-15 10:43:41,127.6,16717829
2021-06-15 10:43:42,127.6,16718046
2021-06-15 10:43:42,127.6,16718046
2021-06-15 10:43:43,127.65,16718052
2021-06-15 10:43:44,127.5,16736589
2021-06-15 10:43:45,127.5,16736846
2021-06-15 10:43:46,127.55,16737038
2021-06-15 10:43:47,127.55,16737043
2021-06-15 10:43:48,127.55,16739474
2021-06-15 10:43:49,127.55,16739480
2021-06-15 10:43:50,127.55,16739495
2021-06-15 10:43:51,127.55,16740006
2021-06-15 10:43:52,127.55,16740011
2021-06-15 10:43:54,127.55,16741143
2021-06-15 10:43:55,127.55,16741322
2021-06-15 10:43:56,127.55,16741334
2021-06-15 10:43:56,127.55,16741334
2021-06-15 10:43:58,127.5,16741395
2021-06-15 10:43:58,127.55,16741820
2021-06-15 10:43:59,127.6,16744962
2021-06-15 10:44:00,127.6,16744962
2021-06-15 10:44:01,127.5,16745092
2021-06-15 10:44:02,127.55,16745592
2021-06-15 10:44:04,127.5,16792045
2021-06-15 10:44:04,127.5,16792045
2021-06-15 10:44:05,127.5,16792299
2021-06-15 10:44:06,127.5,16792517
2021-06-15 10:44:08,127.45,16792680
2021-06-15 10:44:08,127.5,16792994
2021-06-15 10:44:10,127.5,16793126
2021-06-15 10:44:11,127.5,16793655
2021-06-15 10:44:12,127.5,16793739
2021-06-15 10:44:12,127.5,16793739
2021-06-15 10:44:13,127.5,16793739
2021-06-15 10:44:14,127.5,16794575
2021-06-15 10:44:15,127.5,16794627
2021-06-15 10:44:16,127.5,16794756
2021-06-15 10:44:17,127.45,16795482
2021-06-15 10:44:18,127.5,16795537
2021-06-15 10:44:19,127.45,16796039
2021-06-15 10:44:20,127.5,16796425
2021-06-15 10:44:21,127.4,16799154
2021-06-15 10:44:22,127.5,16799354
2021-06-15 10:44:23,127.45,16799664
2021-06-15 10:44:24,127.45,16799765
2021-06-15 10:44:25,127.45,16799765
2021-06-15 10:44:27,127.5,16801945
2021-06-15 10:44:28,127.5,16801947
2021-06-15 10:44:29,127.5,16802072
2021-06-15 10:44:29,127.5,16802072
2021-06-15 10:44:30,127.4,16803077
2021-06-15 10:44:31,127.5,16803157
2021-06-15 10:44:32,127.5,16803258
2021-06-15 10:44:33,127.45,16803308
2021-06-15 10:44:35,127.4,16804221
2021-06-15 10:44:35,127.4,16804221
2021-06-15 10:44:36,127.5,16806123
2021-06-15 10:44:37,127.45,16806224
2021-06-15 10:44:39,127.5,16806539
2021-06-15 10:44:39,127.45,16806339
2021-06-15 10:44:41,127.45,16810157
2021-06-15 10:44:42,127.45,16810777
2021-06-15 10:44:42,127.45,16810777
2021-06-15 10:44:43,127.5,16810784
2021-06-15 10:44:44,127.5,16810796
2021-06-15 10:44:45,127.5,16811395
2021-06-15 10:44:46,127.45,16811396
2021-06-15 10:44:47,127.55,16823206
2021-06-15 10:44:48,127.5,16828379
2021-06-15 10:44:49,127.5,16828696
2021-06-15 10:44:50,127.45,16829734
2021-06-15 10:44:51,127.45,16832429
2021-06-15 10:44:52,127.55,16833232
2021-06-15 10:44:53,127.5,16839317
2021-06-15 10:44:54,127.5,16839318
2021-06-15 10:44:55,127.55,16841622
2021-06-15 10:44:56,127.45,16841743
2021-06-15 10:44:58,127.55,16842218
2021-06-15 10:44:59,127.45,16842798
2021-06-15 10:45:00,127.45,16843249
2021-06-15 10:45:01,127.45,16844519
2021-06-15 10:45:01,127.5,16844529
2021-06-15 10:45:02,127.45,16844532
2021-06-15 10:45:03,127.55,16852749
2021-06-15 10:45:04,127.55,16852751
2021-06-15 10:45:05,127.45,16852955
2021-06-15 10:45:07,127.45,16853155
2021-06-15 10:45:08,127.45,16853155
2021-06-15 10:45:08,127.45,16854155
2021-06-15 10:45:09,127.45,16854155
2021-06-15 10:45:10,127.55,16855155
2021-06-15 10:45:11,127.45,16855156
2021-06-15 10:45:13,127.5,16855187
2021-06-15 10:45:15,127.5,16855188
2021-06-15 10:45:16,127.45,16855584
2021-06-15 10:45:17,127.5,16855639
2021-06-15 10:45:18,127.5,16855639
2021-06-15 10:45:20,127.5,16856734
2021-06-15 10:45:21,127.45,16857655
2021-06-15 10:45:22,127.45,16858005
2021-06-15 10:45:22,127.45,16858005
2021-06-15 10:45:23,127.55,16858605
2021-06-15 10:45:25,127.5,16860105
2021-06-15 10:45:25,127.5,16860105
2021-06-15 10:45:26,127.55,16860205
2021-06-15 10:45:27,127.55,16872087
2021-06-15 10:45:28,127.55,16872300
2021-06-15 10:45:29,127.5,16873313
2021-06-15 10:45:30,127.5,16873313
2021-06-15 10:45:31,127.45,16873637
2021-06-15 10:45:33,127.55,16874665
2021-06-15 10:45:33,127.55,16874665
2021-06-15 10:45:34,127.45,16874675
2021-06-15 10:45:35,127.55,16875305
2021-06-15 10:45:36,127.55,16875305
2021-06-15 10:45:38,127.45,16875465
2021-06-15 10:45:39,127.45,16877030
2021-06-15 10:45:40,127.45,16878030
2021-06-15 10:45:41,127.45,16878030
2021-06-15 10:45:41,127.45,16878030
2021-06-15 10:45:42,127.55,16878271
2021-06-15 10:45:43,127.45,16878596
2021-06-15 10:45:44,127.5,16879176
2021-06-15 10:45:45,127.5,16879337
2021-06-15 10:45:46,127.45,16879352
2021-06-15 10:45:48,127.45,16880828
2021-06-15 10:45:48,127.45,16880828
2021-06-15 10:45:49,127.55,16884745
2021-06-15 10:45:50,127.55,16884995
2021-06-15 10:45:51,127.5,16885197
2021-06-15 10:45:53,127.5,16886003
2021-06-15 10:45:54,127.5,16886004
2021-06-15 10:45:54,127.5,16886004
2021-06-15 10:45:56,127.55,16898404
2021-06-15 10:45:57,127.55,16898404
2021-06-15 10:45:58,127.55,16899004
2021-06-15 10:45:59,127.45,16899504
2021-06-15 10:45:59,127.45,16899504
2021-06-15 10:46:01,127.5,16900587
2021-06-15 10:46:02,127.55,16900687
2021-06-15 10:46:03,127.55,16900694
2021-06-15 10:46:04,127.5,16900711
2021-06-15 10:46:05,127.55,16901920
2021-06-15 10:46:05,127.5,16908420
2021-06-15 10:46:06,127.55,16908425
2021-06-15 10:46:07,127.55,16908788
2021-06-15 10:46:08,127.55,16909489
2021-06-15 10:46:09,127.5,16910034
2021-06-15 10:46:10,127.5,16910586
2021-06-15 10:46:11,127.5,16911287
2021-06-15 10:46:13,127.55,16911497
2021-06-15 10:46:13,127.5,16911547
2021-06-15 10:46:14,127.5,16911599
2021-06-15 10:46:15,127.65,16923258
2021-06-15 10:46:16,127.6,16924248
2021-06-15 10:46:17,127.65,16924573
2021-06-15 10:46:18,127.55,16925361
2021-06-15 10:46:19,127.65,16925925
2021-06-15 10:46:20,127.55,16926395
2021-06-15 10:46:21,127.6,16926440
2021-06-15 10:46:23,127.6,16926541
2021-06-15 10:46:24,127.65,16926591
2021-06-15 10:46:25,127.6,16926641
2021-06-15 10:46:25,127.65,16927681
2021-06-15 10:46:26,127.65,16927681
2021-06-15 10:46:27,127.65,16928681
2021-06-15 10:46:28,127.65,16928731
2021-06-15 10:46:29,127.65,16928863
2021-06-15 10:46:30,127.65,16929303
2021-06-15 10:46:31,127.65,16929317
2021-06-15 10:46:32,127.6,16929333
2021-06-15 10:46:33,127.6,16929333
2021-06-15 10:46:34,127.65,16929392
2021-06-15 10:46:35,127.65,16929427
2021-06-15 10:46:36,127.65,16930427
2021-06-15 10:46:37,127.6,16932527
2021-06-15 10:46:38,127.65,16932608
2021-06-15 10:46:39,127.6,16932776
2021-06-15 10:46:40,127.65,16933160
2021-06-15 10:46:41,127.6,16943221
2021-06-15 10:46:42,127.65,16943571
2021-06-15 10:46:43,127.65,16943920
2021-06-15 10:46:44,127.65,16945070
2021-06-15 10:46:45,127.65,16945871
2021-06-15 10:46:46,127.6,16953214
2021-06-15 10:46:47,127.6,16959491
2021-06-15 10:46:48,127.6,16962175
2021-06-15 10:46:49,127.6,16962775
2021-06-15 10:46:50,127.65,16962901
2021-06-15 10:46:51,127.65,16963091
2021-06-15 10:46:52,127.65,16963221
2021-06-15 10:46:54,127.65,16963671
