timestamp,ltp,volume
2021-06-15 09:15:41,251.2,419604
2021-06-15 09:15:42,251.2,419859
2021-06-15 09:15:43,251.1,421127
2021-06-15 09:15:44,250.85,433657
2021-06-15 09:15:45,250.95,435426
2021-06-15 09:15:46,251.1,443455
2021-06-15 09:15:48,251.0,451787
2021-06-15 09:15:47,251.0,444635
2021-06-15 09:15:49,251.05,454593
2021-06-15 09:15:50,251.05,455698
2021-06-15 09:15:51,251.05,456878
2021-06-15 09:15:52,250.8,458371
2021-06-15 09:15:53,251.0,462604
2021-06-15 09:15:54,250.95,462774
2021-06-15 09:15:55,251.0,464822
2021-06-15 09:15:56,250.85,474736
2021-06-15 09:15:57,250.75,475912
2021-06-15 09:15:58,251.0,499170
2021-06-15 09:15:59,250.95,504138
2021-06-15 09:16:00,250.95,506729
2021-06-15 09:16:01,250.85,517954
2021-06-15 09:16:03,250.9,539108
2021-06-15 09:16:04,250.9,539388
2021-06-15 09:16:05,250.75,544282
2021-06-15 09:16:06,250.5,565529
2021-06-15 09:16:07,250.5,569607
2021-06-15 09:16:08,250.45,574949
2021-06-15 09:16:09,250.35,580461
2021-06-15 09:16:10,250.15,582804
2021-06-15 09:16:11,250.35,585004
2021-06-15 09:16:12,250.35,589127
2021-06-15 09:16:13,250.35,590312
2021-06-15 09:16:14,250.35,591345
2021-06-15 09:16:15,250.35,591625
2021-06-15 09:16:17,250.4,592896
2021-06-15 09:16:18,250.4,597320
2021-06-15 09:16:19,250.4,597973
2021-06-15 09:16:19,250.2,598719
2021-06-15 09:16:20,250.45,600701
2021-06-15 09:16:22,250.6,606691
2021-06-15 09:16:22,250.55,606841
2021-06-15 09:16:23,250.35,607950
2021-06-15 09:16:25,250.5,612782
2021-06-15 09:16:25,250.3,613032
2021-06-15 09:16:27,250.35,615007
2021-06-15 09:16:28,250.2,626519
2021-06-15 09:16:28,250.35,627313
2021-06-15 09:16:29,250.35,630853
2021-06-15 09:16:30,250.3,631289
2021-06-15 09:16:31,250.2,631913
2021-06-15 09:16:33,250.3,633566
2021-06-15 09:16:33,250.3,633566
2021-06-15 09:16:35,250.0,660331
2021-06-15 09:16:36,249.8,664709
2021-06-15 09:16:37,249.8,666405
2021-06-15 09:16:38,249.9,667245
2021-06-15 09:16:39,249.85,667912
2021-06-15 09:16:39,249.8,673644
2021-06-15 09:16:40,250.0,676320
2021-06-15 09:16:42,250.0,677270
2021-06-15 09:16:42,249.8,677280
2021-06-15 09:16:43,249.8,678703
2021-06-15 09:16:44,250.0,678928
2021-06-15 09:16:46,250.1,682928
2021-06-15 09:16:46,250.0,683699
2021-06-15 09:16:48,250.05,685780
2021-06-15 09:16:48,250.15,687338
2021-06-15 09:16:49,250.15,690081
2021-06-15 09:16:50,250.0,690331
2021-06-15 09:16:52,250.0,691154
2021-06-15 09:16:52,250.0,691154
2021-06-15 09:16:54,250.0,694085
2021-06-15 09:16:54,250.0,694085
2021-06-15 09:16:55,250.0,694524
2021-06-15 09:16:56,250.0,695255
2021-06-15 09:16:58,250.05,696786
2021-06-15 09:16:59,250.05,697412
2021-06-15 09:16:59,250.15,698692
2021-06-15 09:17:00,250.1,700794
2021-06-15 09:17:01,250.1,702185
2021-06-15 09:17:03,250.15,703866
2021-06-15 09:17:04,250.15,708027
2021-06-15 09:17:07,250.1,710769
2021-06-15 09:17:08,249.9,713958
2021-06-15 09:17:09,249.95,714857
2021-06-15 09:17:10,249.85,720093
2021-06-15 09:17:11,250.0,720871
2021-06-15 09:17:12,249.95,724519
2021-06-15 09:17:13,249.8,725281
2021-06-15 09:17:15,249.95,730930
2021-06-15 09:17:16,249.7,732930
2021-06-15 09:17:17,249.65,733247
2021-06-15 09:17:18,249.75,735467
2021-06-15 09:17:19,249.55,740164
2021-06-15 09:17:20,249.5,744969
2021-06-15 09:17:21,249.55,745299
2021-06-15 09:17:22,249.55,746339
2021-06-15 09:17:23,249.5,746426
2021-06-15 09:17:24,249.45,752071
2021-06-15 09:17:25,249.5,752132
2021-06-15 09:17:26,249.4,752734
2021-06-15 09:17:30,249.5,754286
2021-06-15 09:17:32,249.65,755736
2021-06-15 09:17:32,249.7,755786
2021-06-15 09:17:33,249.65,757930
2021-06-15 09:17:34,249.65,758970
2021-06-15 09:17:35,249.8,759372
2021-06-15 09:17:36,249.65,759596
2021-06-15 09:17:37,249.65,759850
2021-06-15 09:17:38,249.8,760451
2021-06-15 09:17:39,249.65,762806
2021-06-15 09:17:40,249.65,763877
2021-06-15 09:17:41,249.85,816181
2021-06-15 09:17:42,249.85,842953
2021-06-15 09:17:44,249.85,848054
2021-06-15 09:17:47,249.7,880840
2021-06-15 09:17:49,249.7,882495
2021-06-15 09:17:50,249.75,886090
2021-06-15 09:17:51,249.7,887687
2021-06-15 09:17:52,249.8,888690
2021-06-15 09:17:53,249.7,888906
2021-06-15 09:17:54,249.65,890971
2021-06-15 09:17:55,249.6,892114
2021-06-15 09:17:56,249.75,892404
2021-06-15 09:17:57,249.65,892668
2021-06-15 09:17:58,249.75,894553
2021-06-15 09:17:59,249.55,895618
2021-06-15 09:18:00,249.55,897170
2021-06-15 09:18:01,249.75,898747
2021-06-15 09:18:02,249.75,899371
2021-06-15 09:18:03,249.8,900871
2021-06-15 09:18:04,249.85,901383
2021-06-15 09:18:05,249.9,902809
2021-06-15 09:18:06,249.9,902909
2021-06-15 09:18:07,249.9,903009
2021-06-15 09:18:08,249.75,903109
2021-06-15 09:18:09,250.0,904659
2021-06-15 09:18:10,249.95,904815
2021-06-15 09:18:12,249.9,904913
2021-06-15 09:18:12,250.0,905804
2021-06-15 09:18:13,250.1,911755
2021-06-15 09:18:14,250.15,911943
2021-06-15 09:18:16,250.2,920577
2021-06-15 09:18:17,250.2,922173
2021-06-15 09:18:17,250.2,922173
2021-06-15 09:18:18,250.2,922243
2021-06-15 09:18:19,250.2,922674
2021-06-15 09:18:20,250.05,924096
2021-06-15 09:18:22,250.1,934941
2021-06-15 09:18:23,249.9,935836
2021-06-15 09:18:24,250.15,936645
2021-06-15 09:18:25,250.15,938320
2021-06-15 09:18:26,250.15,940448
2021-06-15 09:18:28,250.15,941518
2021-06-15 09:18:28,250.15,941692
2021-06-15 09:18:30,250.15,941752
2021-06-15 09:18:30,250.15,941853
2021-06-15 09:18:32,250.1,943969
2021-06-15 09:18:32,250.0,943979
2021-06-15 09:18:34,249.9,950589
2021-06-15 09:18:35,250.05,953145
2021-06-15 09:18:36,250.1,953976
2021-06-15 09:18:36,249.95,954294
2021-06-15 09:18:37,249.95,955383
2021-06-15 09:18:39,249.9,957327
2021-06-15 09:18:40,249.95,959114
2021-06-15 09:18:40,250.0,959734
2021-06-15 09:18:41,250.0,959914
2021-06-15 09:18:42,250.0,961446
2021-06-15 09:18:43,250.0,961493
2021-06-15 09:18:44,250.0,961906
2021-06-15 09:18:45,249.95,963140
2021-06-15 09:18:47,249.9,966653
2021-06-15 09:18:48,249.95,967333
2021-06-15 09:18:49,249.85,971153
2021-06-15 09:18:50,249.85,972903
2021-06-15 09:18:52,249.95,975382
2021-06-15 09:18:53,250.0,975531
2021-06-15 09:18:55,249.9,975707
2021-06-15 09:18:56,250.0,977612
2021-06-15 09:18:57,250.1,981093
2021-06-15 09:18:58,250.05,981313
2021-06-15 09:18:58,250.0,987004
2021-06-15 09:18:59,250.1,989938
2021-06-15 09:19:00,250.1,994395
2021-06-15 09:19:01,250.1,995134
2021-06-15 09:19:02,250.0,995429
2021-06-15 09:19:05,250.0,996424
2021-06-15 09:19:06,250.1,997684
2021-06-15 09:19:06,250.1,997684
2021-06-15 09:19:07,250.0,997779
2021-06-15 09:19:08,250.0,1000033
2021-06-15 09:19:09,250.3,1004398
2021-06-15 09:19:10,250.1,1007843
2021-06-15 09:19:11,250.3,1009009
2021-06-15 09:19:12,250.3,1009403
2021-06-15 09:19:15,250.3,1010879
2021-06-15 09:19:15,250.2,1012718
2021-06-15 09:19:16,250.3,1013463
2021-06-15 09:19:17,250.2,1013952
2021-06-15 09:19:19,250.3,1014496
2021-06-15 09:19:19,250.2,1014773
2021-06-15 09:19:20,250.2,1015438
2021-06-15 09:19:21,250.1,1017015
2021-06-15 09:19:22,250.15,1017515
2021-06-15 09:19:23,250.1,1021909
2021-06-15 09:19:24,250.25,1022029
2021-06-15 09:19:25,250.25,1022346
2021-06-15 09:19:26,250.25,1022758
2021-06-15 09:19:27,250.25,1023331
2021-06-15 09:19:29,250.2,1024229
2021-06-15 09:19:30,250.0,1032922
2021-06-15 09:19:30,250.1,1033022
2021-06-15 09:19:31,250.1,1033349
2021-06-15 09:19:32,250.0,1033413
2021-06-15 09:19:33,250.0,1033847
2021-06-15 09:19:34,250.3,1035585
2021-06-15 09:19:35,250.2,1037180
2021-06-15 09:19:36,250.1,1037369
2021-06-15 09:19:39,250.2,1037713
2021-06-15 09:19:40,250.1,1038170
2021-06-15 09:19:41,250.1,1039886
2021-06-15 09:19:42,250.2,1040096
2021-06-15 09:19:43,250.05,1046096
2021-06-15 09:19:44,249.9,1069616
2021-06-15 09:19:44,250.0,1073335
2021-06-15 09:19:46,249.95,1074988
2021-06-15 09:19:47,249.7,1083195
2021-06-15 09:19:47,249.75,1083390
2021-06-15 09:19:49,249.75,1105439
2021-06-15 09:19:50,249.65,1109023
2021-06-15 09:19:51,249.8,1109212
2021-06-15 09:19:51,249.8,1111892
2021-06-15 09:19:54,249.75,1114857
2021-06-15 09:19:55,249.85,1115445
2021-06-15 09:19:55,249.55,1116971
2021-06-15 09:19:56,249.55,1117549
2021-06-15 09:19:57,249.6,1117766
2021-06-15 09:19:58,249.6,1119013
2021-06-15 09:19:59,249.7,1119033
2021-06-15 09:20:00,249.65,1120598
2021-06-15 09:20:02,249.6,1121008
2021-06-15 09:20:03,249.65,1121345
2021-06-15 09:20:03,249.65,1121345
2021-06-15 09:20:04,249.65,1121346
2021-06-15 09:20:05,249.6,1123601
2021-06-15 09:20:06,249.7,1127015
2021-06-15 09:20:08,249.7,1127480
2021-06-15 09:20:08,249.7,1127575
2021-06-15 09:20:09,249.65,1127685
2021-06-15 09:20:10,249.65,1128075
2021-06-15 09:20:12,249.7,1128547
2021-06-15 09:20:13,249.65,1129060
2021-06-15 09:20:14,249.7,1129180
2021-06-15 09:20:15,249.7,1129248
2021-06-15 09:20:15,249.7,1129247
2021-06-15 09:20:17,249.65,1132066
2021-06-15 09:20:18,249.8,1132678
2021-06-15 09:20:19,249.7,1132787
2021-06-15 09:20:20,249.65,1138601
2021-06-15 09:20:22,249.5,1139248
2021-06-15 09:20:23,249.7,1139678
2021-06-15 09:20:26,249.5,1143652
2021-06-15 09:20:27,249.75,1143972
2021-06-15 09:20:28,249.6,1144123
2021-06-15 09:20:29,249.7,1144259
2021-06-15 09:20:30,249.7,1144369
2021-06-15 09:20:31,249.9,1144840
2021-06-15 09:20:32,250.0,1145215
2021-06-15 09:20:33,250.0,1145965
2021-06-15 09:20:34,250.0,1147031
2021-06-15 09:20:35,249.8,1149892
2021-06-15 09:20:36,250.0,1149917
2021-06-15 09:20:37,250.0,1149917
2021-06-15 09:20:39,249.75,1152658
2021-06-15 09:20:40,249.8,1153521
2021-06-15 09:20:41,249.75,1153622
2021-06-15 09:20:42,249.8,1153627
2021-06-15 09:20:43,249.8,1153838
2021-06-15 09:20:44,249.9,1154233
2021-06-15 09:20:45,249.9,1154380
2021-06-15 09:20:46,249.9,1154440
2021-06-15 09:20:47,249.9,1154665
2021-06-15 09:20:47,249.9,1155166
2021-06-15 09:20:50,249.8,1160546
2021-06-15 09:20:51,249.8,1160834
2021-06-15 09:20:53,249.7,1162146
2021-06-15 09:20:55,249.8,1163890
2021-06-15 09:20:56,249.8,1164946
2021-06-15 09:20:57,249.8,1164946
2021-06-15 09:20:58,249.8,1165966
2021-06-15 09:21:00,249.9,1166042
2021-06-15 09:21:01,249.9,1166442
2021-06-15 09:21:02,249.8,1166447
2021-06-15 09:21:03,249.9,1166699
2021-06-15 09:21:04,249.9,1166801
2021-06-15 09:21:05,249.9,1167187
2021-06-15 09:21:05,249.9,1167377
2021-06-15 09:21:06,250.0,1167546
2021-06-15 09:21:08,249.9,1168235
2021-06-15 09:21:09,249.9,1171185
2021-06-15 09:21:10,249.9,1171385
2021-06-15 09:21:11,249.8,1171688
2021-06-15 09:21:12,249.95,1172735
2021-06-15 09:21:13,249.95,1173089
2021-06-15 09:21:14,249.9,1177336
2021-06-15 09:21:15,249.9,1181439
2021-06-15 09:21:16,249.9,1182748
2021-06-15 09:21:16,249.9,1182773
2021-06-15 09:21:17,249.9,1182923
2021-06-15 09:21:18,249.8,1182935
2021-06-15 09:21:22,249.95,1184484
2021-06-15 09:21:23,249.8,1184814
2021-06-15 09:21:24,249.95,1185030
2021-06-15 09:21:25,250.05,1185680
2021-06-15 09:21:25,250.05,1185680
2021-06-15 09:21:26,249.95,1185708
2021-06-15 09:21:27,249.95,1185797
2021-06-15 09:21:28,250.0,1185802
2021-06-15 09:21:31,249.95,1186512
2021-06-15 09:21:32,250.0,1187085
2021-06-15 09:21:33,249.95,1192046
2021-06-15 09:21:33,249.95,1192546
2021-06-15 09:21:35,249.95,1193382
2021-06-15 09:21:36,249.85,1195624
2021-06-15 09:21:38,250.0,1197482
2021-06-15 09:21:39,249.9,1197698
2021-06-15 09:21:40,249.9,1197764
2021-06-15 09:21:41,249.75,1200720
2021-06-15 09:21:42,249.8,1201144
2021-06-15 09:21:43,249.8,1201466
2021-06-15 09:21:44,249.8,1201626
2021-06-15 09:21:45,249.6,1212855
2021-06-15 09:21:46,249.45,1226268
2021-06-15 09:21:48,249.5,1226618
2021-06-15 09:21:49,249.5,1226829
2021-06-15 09:21:50,249.5,1226849
2021-06-15 09:21:51,249.45,1227217
2021-06-15 09:21:52,249.45,1228079
2021-06-15 09:21:53,249.5,1231194
2021-06-15 09:21:55,249.45,1232194
2021-06-15 09:21:56,249.3,1232748
2021-06-15 09:21:57,249.45,1233432
2021-06-15 09:21:58,249.65,1241040
2021-06-15 09:21:59,249.6,1247493
2021-06-15 09:22:00,249.75,1247593
2021-06-15 09:22:01,249.6,1248122
2021-06-15 09:22:02,249.75,1248322
2021-06-15 09:22:02,249.75,1248322
2021-06-15 09:22:03,249.65,1248397
2021-06-15 09:22:05,249.75,1251494
2021-06-15 09:22:05,249.75,1251532
2021-06-15 09:22:06,249.75,1251532
2021-06-15 09:22:07,249.85,1252058
2021-06-15 09:22:08,249.75,1252065
2021-06-15 09:22:09,249.85,1252268
2021-06-15 09:22:11,249.85,1252268
2021-06-15 09:22:12,249.75,1252452
2021-06-15 09:22:13,249.75,1253776
2021-06-15 09:22:14,249.75,1264830
2021-06-15 09:22:15,249.8,1265130
2021-06-15 09:22:16,249.8,1265355
2021-06-15 09:22:16,249.65,1265360
2021-06-15 09:22:17,249.8,1265876
2021-06-15 09:22:18,249.8,1265972
2021-06-15 09:22:19,249.8,1266033
2021-06-15 09:22:22,249.75,1267297
2021-06-15 09:22:22,249.7,1267372
2021-06-15 09:22:23,249.7,1267372
2021-06-15 09:22:25,249.75,1268374
2021-06-15 09:22:26,249.8,1268694
2021-06-15 09:22:27,249.65,1269072
2021-06-15 09:22:28,249.6,1273102
2021-06-15 09:22:29,249.65,1273212
2021-06-15 09:22:30,249.65,1273313
2021-06-15 09:22:31,249.6,1273412
2021-06-15 09:22:32,249.6,1273808
2021-06-15 09:22:33,249.5,1275048
2021-06-15 09:22:34,249.6,1282306
2021-06-15 09:22:35,249.6,1282441
2021-06-15 09:22:36,249.5,1282481
2021-06-15 09:22:37,249.55,1282527
2021-06-15 09:22:38,249.55,1283537
2021-06-15 09:22:39,249.55,1287537
2021-06-15 09:22:40,249.65,1287548
2021-06-15 09:22:41,249.65,1288532
2021-06-15 09:22:42,249.65,1288607
2021-06-15 09:22:43,249.65,1288607
2021-06-15 09:22:44,249.6,1288708
2021-06-15 09:22:45,249.6,1288998
2021-06-15 09:22:46,249.6,1289279
2021-06-15 09:22:47,249.65,1289676
2021-06-15 09:22:48,249.6,1290276
2021-06-15 09:22:49,249.65,1290963
2021-06-15 09:22:49,249.65,1291100
2021-06-15 09:22:50,249.65,1291127
2021-06-15 09:22:51,249.6,1291370
2021-06-15 09:22:52,249.6,1292227
2021-06-15 09:22:53,249.6,1292649
2021-06-15 09:22:55,249.65,1298926
2021-06-15 09:22:56,249.65,1300855
2021-06-15 09:22:57,249.65,1302974
2021-06-15 09:22:59,249.65,1303573
2021-06-15 09:22:59,249.75,1306207
2021-06-15 09:23:01,249.75,1306810
2021-06-15 09:23:02,249.65,1307319
2021-06-15 09:23:03,249.8,1307530
2021-06-15 09:23:04,249.75,1307692
2021-06-15 09:23:05,249.75,1307925
2021-06-15 09:23:06,249.75,1308371
2021-06-15 09:23:07,249.75,1308559
2021-06-15 09:23:07,249.75,1308597
2021-06-15 09:23:08,249.75,1308724
2021-06-15 09:23:09,249.75,1308769
2021-06-15 09:23:10,249.85,1316925
2021-06-15 09:23:11,249.8,1322582
2021-06-15 09:23:13,249.75,1323803
2021-06-15 09:23:14,249.85,1324277
2021-06-15 09:23:14,249.9,1324372
2021-06-15 09:23:16,249.85,1325274
2021-06-15 09:23:17,249.85,1325588
2021-06-15 09:23:18,250.0,1326754
2021-06-15 09:23:19,250.0,1327156
2021-06-15 09:23:20,250.0,1327317
2021-06-15 09:23:21,249.85,1327423
2021-06-15 09:23:22,249.85,1327588
2021-06-15 09:23:23,249.95,1328770
2021-06-15 09:23:24,249.9,1330324
2021-06-15 09:23:25,249.9,1331164
2021-06-15 09:23:26,249.9,1331481
2021-06-15 09:23:27,249.85,1336601
2021-06-15 09:23:28,250.0,1359923
2021-06-15 09:23:29,250.0,1369652
2021-06-15 09:23:29,250.0,1373026
2021-06-15 09:23:30,250.0,1373064
2021-06-15 09:23:31,250.2,1373069
2021-06-15 09:23:32,250.2,1373218
2021-06-15 09:23:33,250.2,1373520
2021-06-15 09:23:34,250.2,1373810
2021-06-15 09:23:35,250.05,1373943
2021-06-15 09:23:36,250.05,1373943
2021-06-15 09:23:38,250.2,1374042
2021-06-15 09:23:39,250.2,1375392
2021-06-15 09:23:40,250.2,1375638
2021-06-15 09:23:40,250.05,1375887
2021-06-15 09:23:42,250.05,1376077
2021-06-15 09:23:43,250.05,1376445
2021-06-15 09:23:44,250.15,1376495
2021-06-15 09:23:45,250.05,1376646
2021-06-15 09:23:46,250.15,1377146
2021-06-15 09:23:47,250.1,1377256
2021-06-15 09:23:48,250.2,1378089
2021-06-15 09:23:49,250.2,1379256
2021-06-15 09:23:50,250.3,1382385
2021-06-15 09:23:51,250.1,1383083
2021-06-15 09:23:52,250.1,1383379
2021-06-15 09:23:53,250.2,1383499
2021-06-15 09:23:54,250.3,1383925
2021-06-15 09:23:55,250.3,1384255
2021-06-15 09:23:56,250.3,1384321
2021-06-15 09:23:57,250.3,1384587
2021-06-15 09:23:58,250.2,1384970
2021-06-15 09:23:59,250.2,1385197
2021-06-15 09:24:00,250.2,1386324
2021-06-15 09:24:01,250.35,1389217
2021-06-15 09:24:03,250.45,1391838
2021-06-15 09:24:04,250.4,1395904
2021-06-15 09:24:05,250.5,1396133
2021-06-15 09:24:05,250.55,1404241
2021-06-15 09:24:06,250.6,1404393
2021-06-15 09:24:08,250.55,1404802
2021-06-15 09:24:10,250.5,1405840
2021-06-15 09:24:12,250.75,1417014
2021-06-15 09:24:13,250.55,1425739
2021-06-15 09:24:14,250.7,1428166
2021-06-15 09:24:15,250.7,1431303
2021-06-15 09:24:16,250.65,1432307
2021-06-15 09:24:17,250.65,1432751
2021-06-15 09:24:17,250.6,1438596
2021-06-15 09:24:19,250.6,1441145
2021-06-15 09:24:20,250.6,1442315
2021-06-15 09:24:20,250.6,1442679
2021-06-15 09:24:22,250.6,1443417
2021-06-15 09:24:23,250.55,1444203
2021-06-15 09:24:24,250.55,1444810
2021-06-15 09:24:24,250.55,1445132
2021-06-15 09:24:26,250.55,1446741
2021-06-15 09:24:27,250.55,1447144
2021-06-15 09:24:28,250.55,1447233
2021-06-15 09:24:29,250.55,1447468
2021-06-15 09:24:30,250.55,1447619
2021-06-15 09:24:31,250.55,1447779
2021-06-15 09:24:32,250.55,1448970
2021-06-15 09:24:33,250.5,1450501
2021-06-15 09:24:34,250.7,1457588
2021-06-15 09:24:35,250.65,1459630
2021-06-15 09:24:36,250.65,1460324
2021-06-15 09:24:37,250.65,1460515
2021-06-15 09:24:38,250.6,1464210
2021-06-15 09:24:39,250.65,1465137
2021-06-15 09:24:40,250.8,1466447
2021-06-15 09:24:41,250.6,1466798
2021-06-15 09:24:42,250.8,1467868
2021-06-15 09:24:43,250.65,1471627
2021-06-15 09:24:44,250.65,1472894
2021-06-15 09:24:45,250.6,1473599
2021-06-15 09:24:46,250.7,1474350
2021-06-15 09:24:47,250.75,1474904
2021-06-15 09:24:48,250.75,1477660
2021-06-15 09:24:49,250.65,1478433
2021-06-15 09:24:50,250.65,1479134
2021-06-15 09:24:51,250.7,1479865
2021-06-15 09:24:52,250.7,1484361
2021-06-15 09:24:54,250.75,1486401
2021-06-15 09:24:53,250.6,1485394
2021-06-15 09:24:55,250.6,1487652
2021-06-15 09:24:56,250.7,1488347
2021-06-15 09:24:57,250.7,1488487
2021-06-15 09:24:58,250.7,1489979
2021-06-15 09:24:59,250.7,1490279
2021-06-15 09:25:00,250.7,1499566
2021-06-15 09:25:01,250.7,1501615
2021-06-15 09:25:02,250.85,1502214
2021-06-15 09:25:04,250.9,1505111
2021-06-15 09:25:05,250.9,1505401
2021-06-15 09:25:06,250.8,1512954
2021-06-15 09:25:07,250.9,1514270
2021-06-15 09:25:08,250.75,1515865
2021-06-15 09:25:09,250.85,1517134
2021-06-15 09:25:10,250.75,1519036
2021-06-15 09:25:11,250.85,1519538
2021-06-15 09:25:13,250.8,1520228
2021-06-15 09:25:14,250.75,1526059
2021-06-15 09:25:15,250.85,1530293
2021-06-15 09:25:16,250.85,1531234
2021-06-15 09:25:17,250.85,1531701
2021-06-15 09:25:18,250.85,1531814
2021-06-15 09:25:19,250.85,1531957
2021-06-15 09:25:20,250.85,1540687
2021-06-15 09:25:21,250.85,1541773
2021-06-15 09:25:22,250.85,1542425
2021-06-15 09:25:23,250.9,1542495
2021-06-15 09:25:24,250.9,1544225
2021-06-15 09:25:25,250.9,1545926
2021-06-15 09:25:26,250.9,1545926
2021-06-15 09:25:27,250.85,1546928
2021-06-15 09:25:28,250.9,1548628
2021-06-15 09:25:29,250.9,1550052
2021-06-15 09:25:30,250.9,1555707
2021-06-15 09:25:31,250.9,1555841
2021-06-15 09:25:32,250.9,1555841
2021-06-15 09:25:33,250.75,1557436
2021-06-15 09:25:34,250.9,1561379
2021-06-15 09:25:38,250.9,1567049
2021-06-15 09:25:39,250.9,1567729
2021-06-15 09:25:40,250.9,1567822
2021-06-15 09:25:41,250.9,1568330
2021-06-15 09:25:42,250.9,1568445
2021-06-15 09:25:43,250.9,1569046
2021-06-15 09:25:45,250.9,1572206
2021-06-15 09:25:47,250.9,1572561
2021-06-15 09:25:48,250.85,1576693
2021-06-15 09:25:49,250.85,1577270
2021-06-15 09:25:50,250.85,1577393
2021-06-15 09:25:51,250.85,1577413
2021-06-15 09:25:52,250.85,1579229
2021-06-15 09:25:53,250.85,1579229
2021-06-15 09:25:54,250.85,1580185
2021-06-15 09:25:55,250.8,1580728
2021-06-15 09:25:56,250.85,1581003
2021-06-15 09:25:57,250.85,1581003
2021-06-15 09:25:58,250.85,1581078
2021-06-15 09:25:59,250.85,1581397
2021-06-15 09:26:00,250.8,1583853
2021-06-15 09:26:01,250.85,1583857
2021-06-15 09:26:02,250.85,1584001
2021-06-15 09:26:03,250.85,1584102
2021-06-15 09:26:04,250.85,1584102
2021-06-15 09:26:05,250.85,1584407
2021-06-15 09:26:06,250.85,1585507
2021-06-15 09:26:07,250.85,1585641
2021-06-15 09:26:08,250.8,1588360
2021-06-15 09:26:09,250.8,1588360
2021-06-15 09:26:10,250.85,1589412
2021-06-15 09:26:11,250.8,1589546
2021-06-15 09:26:12,250.8,1593127
2021-06-15 09:26:13,250.75,1595681
2021-06-15 09:26:14,250.75,1595713
2021-06-15 09:26:15,250.75,1595713
2021-06-15 09:26:16,250.8,1596225
2021-06-15 09:26:17,250.7,1596393
2021-06-15 09:26:18,250.6,1598046
2021-06-15 09:26:20,250.6,1598991
2021-06-15 09:26:21,250.6,1599243
2021-06-15 09:26:22,250.6,1599243
2021-06-15 09:26:23,250.7,1601457
2021-06-15 09:26:24,250.6,1602267
2021-06-15 09:26:25,250.55,1602456
2021-06-15 09:26:26,250.7,1603466
2021-06-15 09:26:28,250.7,1604110
2021-06-15 09:26:29,250.75,1604162
2021-06-15 09:26:30,250.7,1604917
2021-06-15 09:26:31,250.75,1606218
2021-06-15 09:26:33,250.6,1608596
2021-06-15 09:26:34,250.7,1609697
2021-06-15 09:26:37,250.7,1610264
2021-06-15 09:26:37,250.7,1610274
2021-06-15 09:26:38,250.55,1614428
2021-06-15 09:26:40,250.55,1615894
2021-06-15 09:26:40,250.55,1615894
2021-06-15 09:26:41,250.65,1616063
2021-06-15 09:26:42,250.55,1616525
2021-06-15 09:26:43,250.65,1617190
2021-06-15 09:26:44,250.6,1617380
2021-06-15 09:26:45,250.6,1617903
2021-06-15 09:26:46,250.6,1618233
2021-06-15 09:26:48,250.6,1620382
2021-06-15 09:26:48,250.35,1632037
2021-06-15 09:26:49,250.4,1634177
2021-06-15 09:26:50,250.3,1634421
2021-06-15 09:26:52,250.4,1635721
2021-06-15 09:26:52,250.4,1635721
2021-06-15 09:26:53,250.2,1636942
2021-06-15 09:26:54,250.2,1638098
2021-06-15 09:26:55,250.15,1638413
2021-06-15 09:26:56,250.2,1638418
2021-06-15 09:26:57,250.15,1638568
2021-06-15 09:26:58,250.15,1638728
2021-06-15 09:26:59,250.2,1640532
2021-06-15 09:27:00,250.15,1640721
2021-06-15 09:27:01,250.05,1644391
2021-06-15 09:27:02,250.2,1644521
2021-06-15 09:27:03,250.2,1644581
2021-06-15 09:27:04,250.1,1645461
2021-06-15 09:27:05,250.2,1645466
2021-06-15 09:27:06,250.2,1645516
2021-06-15 09:27:07,250.05,1647402
2021-06-15 09:27:08,250.1,1649299
2021-06-15 09:27:09,250.0,1659487
2021-06-15 09:27:10,250.0,1660097
2021-06-15 09:27:12,250.0,1685604
2021-06-15 09:27:12,250.05,1685954
2021-06-15 09:27:13,250.05,1685954
2021-06-15 09:27:14,250.1,1690232
2021-06-15 09:27:16,250.15,1690680
2021-06-15 09:27:17,250.05,1690700
2021-06-15 09:27:18,250.05,1690879
2021-06-15 09:27:18,250.05,1690879
2021-06-15 09:27:19,250.15,1698204
2021-06-15 09:27:20,250.1,1698431
2021-06-15 09:27:22,250.2,1699062
2021-06-15 09:27:22,250.2,1699062
2021-06-15 09:27:23,250.4,1699212
2021-06-15 09:27:24,250.3,1699305
2021-06-15 09:27:25,250.3,1699305
2021-06-15 09:27:26,250.25,1699434
2021-06-15 09:27:27,250.25,1699774
2021-06-15 09:27:28,250.25,1699774
2021-06-15 09:27:31,250.3,1700809
2021-06-15 09:27:33,250.3,1701244
2021-06-15 09:27:34,250.35,1701524
2021-06-15 09:27:35,250.25,1701624
2021-06-15 09:27:36,250.2,1702234
2021-06-15 09:27:37,250.2,1702384
2021-06-15 09:27:38,250.3,1702605
2021-06-15 09:27:39,250.3,1702625
2021-06-15 09:27:40,250.2,1703475
2021-06-15 09:27:41,250.35,1704141
2021-06-15 09:27:42,250.35,1704791
2021-06-15 09:27:43,250.35,1705261
2021-06-15 09:27:45,250.35,1706526
2021-06-15 09:27:45,250.25,1707026
2021-06-15 09:27:46,250.35,1707190
2021-06-15 09:27:47,250.35,1707524
2021-06-15 09:27:48,250.3,1708794
2021-06-15 09:27:49,250.4,1711587
2021-06-15 09:27:51,250.25,1711732
2021-06-15 09:27:51,250.25,1711732
2021-06-15 09:27:52,250.3,1711867
2021-06-15 09:27:53,250.35,1712046
2021-06-15 09:27:54,250.35,1712048
2021-06-15 09:27:55,250.35,1712063
2021-06-15 09:27:56,250.35,1712403
2021-06-15 09:27:57,250.35,1712403
2021-06-15 09:27:58,250.45,1714492
2021-06-15 09:27:59,250.25,1718676
2021-06-15 09:28:00,250.4,1718907
2021-06-15 09:28:01,250.45,1719707
2021-06-15 09:28:02,250.4,1719800
2021-06-15 09:28:03,250.35,1719849
2021-06-15 09:28:04,250.35,1719849
2021-06-15 09:28:05,250.2,1720099
2021-06-15 09:28:06,250.15,1730174
2021-06-15 09:28:07,250.15,1730574
2021-06-15 09:28:08,250.15,1731686
2021-06-15 09:28:09,250.15,1731890
2021-06-15 09:28:10,250.1,1731985
2021-06-15 09:28:11,250.15,1732375
2021-06-15 09:28:12,250.15,1732396
2021-06-15 09:28:13,250.15,1732500
2021-06-15 09:28:14,250.15,1733175
2021-06-15 09:28:15,250.05,1734050
2021-06-15 09:28:16,250.25,1739153
2021-06-15 09:28:17,250.25,1739153
2021-06-15 09:28:18,250.2,1739221
2021-06-15 09:28:19,250.2,1739265
2021-06-15 09:28:21,250.25,1739565
2021-06-15 09:28:22,250.15,1741077
2021-06-15 09:28:22,250.15,1741166
2021-06-15 09:28:23,250.25,1741456
2021-06-15 09:28:25,250.2,1741645
2021-06-15 09:28:25,250.2,1741645
2021-06-15 09:28:26,250.2,1741646
2021-06-15 09:28:27,250.2,1741646
2021-06-15 09:28:28,250.2,1741646
2021-06-15 09:28:29,250.2,1741876
2021-06-15 09:28:30,250.15,1743271
2021-06-15 09:28:31,250.15,1743756
2021-06-15 09:28:32,250.15,1743776
2021-06-15 09:28:33,250.15,1752616
2021-06-15 09:28:34,250.15,1752751
2021-06-15 09:28:35,250.15,1752751
2021-06-15 09:28:36,250.15,1752904
2021-06-15 09:28:37,250.1,1753504
2021-06-15 09:28:39,250.15,1755404
2021-06-15 09:28:40,250.1,1756010
2021-06-15 09:28:41,250.15,1756239
2021-06-15 09:28:43,250.15,1756516
2021-06-15 09:28:44,250.15,1756516
2021-06-15 09:28:46,250.15,1758643
2021-06-15 09:28:47,250.1,1758941
2021-06-15 09:28:49,250.1,1759106
2021-06-15 09:28:50,250.15,1759218
2021-06-15 09:28:51,249.95,1794093
2021-06-15 09:28:51,249.95,1794093
2021-06-15 09:28:52,249.9,1794274
2021-06-15 09:28:53,250.0,1794384
2021-06-15 09:28:54,250.0,1794436
2021-06-15 09:28:55,250.0,1794436
2021-06-15 09:28:56,249.95,1795536
2021-06-15 09:28:57,249.95,1795870
2021-06-15 09:28:58,249.95,1796620
2021-06-15 09:28:59,249.95,1797245
2021-06-15 09:29:00,249.95,1797945
2021-06-15 09:29:02,249.8,1798069
2021-06-15 09:29:03,249.95,1799219
2021-06-15 09:29:04,249.95,1799219
2021-06-15 09:29:05,249.9,1799349
2021-06-15 09:29:06,249.9,1800359
2021-06-15 09:29:07,249.8,1800850
2021-06-15 09:29:09,249.85,1801194
2021-06-15 09:29:10,249.85,1801194
2021-06-15 09:29:11,250.0,1801281
2021-06-15 09:29:11,250.0,1801376
2021-06-15 09:29:12,249.95,1801676
2021-06-15 09:29:13,249.9,1802001
2021-06-15 09:29:15,249.9,1803603
2021-06-15 09:29:16,249.9,1803930
2021-06-15 09:29:17,249.95,1804070
2021-06-15 09:29:18,249.95,1804171
2021-06-15 09:29:18,249.95,1804171
2021-06-15 09:29:19,249.95,1804171
2021-06-15 09:29:20,249.95,1804372
2021-06-15 09:29:21,249.95,1804377
2021-06-15 09:29:22,249.95,1804502
2021-06-15 09:29:23,249.9,1804578
2021-06-15 09:29:24,249.9,1804578
2021-06-15 09:29:25,249.9,1804578
2021-06-15 09:29:26,249.95,1804718
2021-06-15 09:29:28,249.95,1805018
2021-06-15 09:29:29,249.9,1805118
2021-06-15 09:29:30,249.9,1805268
2021-06-15 09:29:31,249.9,1805912
2021-06-15 09:29:32,249.9,1805932
2021-06-15 09:29:33,249.95,1805973
2021-06-15 09:29:33,249.95,1805973
2021-06-15 09:29:34,249.95,1806023
2021-06-15 09:29:35,249.95,1806043
2021-06-15 09:29:36,249.9,1808076
2021-06-15 09:29:37,249.9,1808076
2021-06-15 09:29:38,249.9,1808076
2021-06-15 09:29:39,249.8,1808476
2021-06-15 09:29:40,249.9,1808546
2021-06-15 09:29:41,249.9,1808546
2021-06-15 09:29:42,249.9,1808866
2021-06-15 09:29:43,249.75,1817218
2021-06-15 09:29:45,249.75,1817305
2021-06-15 09:29:46,249.75,1817745
2021-06-15 09:29:47,249.85,1819045
2021-06-15 09:29:48,249.6,1821781
2021-06-15 09:29:49,249.65,1821784
2021-06-15 09:29:49,249.65,1821784
2021-06-15 09:29:51,249.65,1821837
2021-06-15 09:29:51,249.65,1821837
2021-06-15 09:29:52,249.6,1822929
2021-06-15 09:29:54,249.5,1824586
2021-06-15 09:29:55,249.5,1824586
2021-06-15 09:29:56,249.5,1824810
2021-06-15 09:29:56,249.6,1824881
2021-06-15 09:29:57,249.6,1824981
2021-06-15 09:29:58,249.65,1826111
2021-06-15 09:29:59,249.65,1826634
2021-06-15 09:30:00,249.7,1827714
2021-06-15 09:30:01,249.7,1827814
2021-06-15 09:30:02,249.7,1827861
2021-06-15 09:30:03,249.65,1827862
2021-06-15 09:30:04,249.7,1828447
2021-06-15 09:30:05,249.7,1828537
2021-06-15 09:30:07,249.8,1832687
2021-06-15 09:30:08,249.8,1832687
2021-06-15 09:30:09,249.8,1832687
2021-06-15 09:30:09,249.8,1832708
2021-06-15 09:30:10,249.8,1833782
2021-06-15 09:30:11,249.8,1834060
2021-06-15 09:30:12,249.8,1835625
2021-06-15 09:30:13,249.95,1835722
2021-06-15 09:30:15,249.95,1837111
2021-06-15 09:30:17,249.9,1842756
2021-06-15 09:30:18,249.8,1842875
2021-06-15 09:30:19,249.9,1843045
2021-06-15 09:30:20,249.8,1843134
2021-06-15 09:30:21,249.9,1843414
2021-06-15 09:30:22,249.8,1843606
2021-06-15 09:30:24,249.8,1899216
2021-06-15 09:30:25,249.75,1901444
2021-06-15 09:30:27,249.8,1905733
2021-06-15 09:30:27,249.8,1905843
2021-06-15 09:30:29,249.85,1905849
2021-06-15 09:30:29,249.85,1905849
2021-06-15 09:30:31,249.85,1905863
2021-06-15 09:30:32,249.85,1905864
2021-06-15 09:30:33,249.8,1906978
2021-06-15 09:30:34,249.85,1907006
2021-06-15 09:30:35,249.85,1908493
2021-06-15 09:30:36,249.85,1908493
2021-06-15 09:30:37,249.95,1908758
2021-06-15 09:30:38,249.8,1909418
2021-06-15 09:30:39,249.8,1909641
2021-06-15 09:30:40,249.8,1912286
2021-06-15 09:30:40,249.75,1912375
2021-06-15 09:30:42,249.8,1913425
2021-06-15 09:30:43,249.8,1913470
2021-06-15 09:30:44,249.65,1914020
2021-06-15 09:30:44,249.75,1914050
2021-06-15 09:30:45,249.75,1914050
2021-06-15 09:30:47,249.7,1914200
2021-06-15 09:30:48,249.85,1914729
2021-06-15 09:30:49,249.85,1914941
2021-06-15 09:30:50,249.8,1915907
2021-06-15 09:30:51,249.9,1915917
2021-06-15 09:30:52,249.7,1917905
2021-06-15 09:30:53,249.8,1917965
2021-06-15 09:30:54,249.75,1917970
2021-06-15 09:30:55,249.75,1918019
2021-06-15 09:30:56,249.75,1918143
2021-06-15 09:30:56,249.75,1918143
2021-06-15 09:30:57,249.8,1918223
2021-06-15 09:30:58,249.75,1918588
2021-06-15 09:30:59,249.75,1918588
2021-06-15 09:31:00,249.75,1918588
2021-06-15 09:31:01,249.7,1918788
2021-06-15 09:31:02,249.8,1918843
2021-06-15 09:31:03,249.7,1918913
2021-06-15 09:31:04,249.7,1918913
2021-06-15 09:31:06,249.7,1921118
2021-06-15 09:31:07,249.8,1922318
2021-06-15 09:31:08,249.7,1922428
2021-06-15 09:31:09,249.7,1922591
2021-06-15 09:31:11,249.7,1922901
2021-06-15 09:31:12,249.7,1923587
2021-06-15 09:31:13,249.75,1923740
2021-06-15 09:31:14,249.75,1923740
2021-06-15 09:31:15,249.75,1924813
2021-06-15 09:31:16,249.75,1925118
2021-06-15 09:31:16,249.75,1925118
2021-06-15 09:31:17,249.8,1925133
2021-06-15 09:31:18,249.75,1925425
2021-06-15 09:31:19,249.75,1929259
2021-06-15 09:31:21,249.7,1929769
2021-06-15 09:31:23,249.7,1929800
2021-06-15 09:31:23,249.7,1929800
2021-06-15 09:31:24,249.8,1929819
2021-06-15 09:31:25,249.7,1930119
2021-06-15 09:31:26,249.7,1940564
2021-06-15 09:31:27,249.75,1940654
2021-06-15 09:31:28,249.7,1941161
2021-06-15 09:31:29,249.7,1941161
2021-06-15 09:31:30,249.85,1944603
2021-06-15 09:31:31,249.8,1944689
2021-06-15 09:31:32,249.8,1944741
2021-06-15 09:31:34,249.9,1946860
2021-06-15 09:31:35,250.0,1949351
2021-06-15 09:31:36,250.0,1949535
2021-06-15 09:31:37,250.0,1950034
2021-06-15 09:31:38,250.1,1950162
2021-06-15 09:31:39,250.1,1950321
2021-06-15 09:31:41,250.05,1950479
2021-06-15 09:31:42,250.0,1951114
2021-06-15 09:31:43,250.1,1951164
2021-06-15 09:31:44,250.1,1951179
2021-06-15 09:31:45,250.0,1951268
2021-06-15 09:31:46,250.0,1953183
2021-06-15 09:31:47,250.0,1953183
2021-06-15 09:31:48,249.95,1953760
2021-06-15 09:31:50,250.0,1953844
2021-06-15 09:31:51,250.1,1954315
2021-06-15 09:31:51,250.1,1954315
2021-06-15 09:31:53,250.1,1954505
2021-06-15 09:31:53,250.1,1954505
2021-06-15 09:31:54,250.0,1954594
2021-06-15 09:31:55,250.05,1954614
2021-06-15 09:31:56,250.05,1954707
2021-06-15 09:31:57,250.0,1957584
2021-06-15 09:31:58,250.05,1957738
2021-06-15 09:31:59,250.1,1958527
2021-06-15 09:32:01,250.1,1958618
2021-06-15 09:32:02,250.05,1958757
2021-06-15 09:32:03,250.05,1958908
2021-06-15 09:32:04,250.05,1958928
2021-06-15 09:32:05,249.8,1985562
2021-06-15 09:32:06,249.9,1985662
2021-06-15 09:32:07,249.7,1985864
2021-06-15 09:32:08,249.85,1985891
2021-06-15 09:32:09,249.7,1986490
2021-06-15 09:32:10,249.75,1986600
2021-06-15 09:32:11,249.85,1987524
2021-06-15 09:32:12,249.85,1987559
2021-06-15 09:32:13,249.85,1987674
2021-06-15 09:32:14,249.85,1987735
2021-06-15 09:32:15,249.7,1987758
2021-06-15 09:32:16,249.85,1987773
2021-06-15 09:32:17,249.85,1987778
2021-06-15 09:32:18,249.85,1987841
2021-06-15 09:32:19,249.85,1987841
2021-06-15 09:32:20,249.85,1988244
2021-06-15 09:32:21,249.85,1988244
2021-06-15 09:32:21,249.85,1988244
2021-06-15 09:32:22,249.85,1988245
2021-06-15 09:32:23,249.85,1988285
2021-06-15 09:32:24,249.85,1988324
2021-06-15 09:32:25,249.8,1988368
2021-06-15 09:32:27,249.85,1988631
2021-06-15 09:32:28,249.85,1989440
2021-06-15 09:32:29,249.85,1989642
2021-06-15 09:32:32,249.85,1991914
2021-06-15 09:32:33,249.85,1992003
2021-06-15 09:32:35,249.85,1992336
2021-06-15 09:32:36,249.85,1992716
2021-06-15 09:32:37,249.95,1993336
2021-06-15 09:32:38,249.95,1993421
2021-06-15 09:32:39,249.85,1994099
2021-06-15 09:32:39,249.85,1994099
2021-06-15 09:32:41,249.95,1994449
2021-06-15 09:32:42,249.95,1994449
2021-06-15 09:32:43,250.0,1994559
2021-06-15 09:32:44,250.0,1994685
2021-06-15 09:32:45,250.0,1994685
2021-06-15 09:32:47,250.0,1994805
2021-06-15 09:32:48,250.0,1994805
2021-06-15 09:32:48,249.85,1994850
2021-06-15 09:32:50,249.85,1994993
2021-06-15 09:32:50,249.95,1995009
2021-06-15 09:32:51,249.85,1995148
2021-06-15 09:32:53,249.8,2003158
2021-06-15 09:32:54,249.75,2003207
2021-06-15 09:32:55,249.8,2003387
2021-06-15 09:32:56,249.75,2004666
2021-06-15 09:32:57,249.8,2005066
2021-06-15 09:32:58,249.6,2007968
2021-06-15 09:32:59,249.7,2008000
2021-06-15 09:33:00,249.7,2008080
2021-06-15 09:33:01,249.7,2008130
2021-06-15 09:33:02,249.7,2008130
2021-06-15 09:33:02,249.7,2008222
2021-06-15 09:33:03,249.6,2011090
2021-06-15 09:33:05,249.6,2011568
2021-06-15 09:33:06,249.6,2013679
2021-06-15 09:33:07,249.7,2013681
2021-06-15 09:33:08,249.65,2013731
2021-06-15 09:33:08,249.8,2014246
2021-06-15 09:33:10,249.75,2014296
2021-06-15 09:33:11,249.75,2014311
2021-06-15 09:33:12,249.8,2015311
2021-06-15 09:33:13,249.8,2015811
2021-06-15 09:33:14,249.75,2016576
2021-06-15 09:33:15,249.9,2017063
2021-06-15 09:33:16,249.9,2017490
2021-06-15 09:33:17,250.0,2017593
2021-06-15 09:33:18,250.0,2017629
2021-06-15 09:33:19,250.0,2017629
2021-06-15 09:33:20,249.95,2018376
2021-06-15 09:33:21,250.0,2018454
2021-06-15 09:33:21,250.0,2018454
2021-06-15 09:33:22,250.0,2018454
2021-06-15 09:33:24,249.95,2018802
2021-06-15 09:33:25,249.95,2018809
2021-06-15 09:33:26,249.9,2018957
2021-06-15 09:33:27,250.0,2019351
2021-06-15 09:33:28,249.9,2021276
2021-06-15 09:33:28,249.9,2021276
2021-06-15 09:33:29,250.0,2021377
2021-06-15 09:33:30,249.9,2021479
2021-06-15 09:33:31,249.9,2021479
2021-06-15 09:33:33,249.9,2021531
2021-06-15 09:33:34,249.9,2021575
2021-06-15 09:33:35,249.9,2021669
2021-06-15 09:33:36,249.9,2021890
2021-06-15 09:33:37,249.9,2021890
2021-06-15 09:33:38,249.9,2021890
2021-06-15 09:33:38,249.95,2021892
2021-06-15 09:33:40,249.85,2024871
2021-06-15 09:33:41,249.9,2025166
2021-06-15 09:33:42,249.9,2025172
2021-06-15 09:33:43,249.9,2025284
2021-06-15 09:33:44,249.95,2025285
2021-06-15 09:33:45,249.95,2025285
2021-06-15 09:33:46,249.9,2025409
2021-06-15 09:33:46,249.9,2025409
2021-06-15 09:33:47,249.9,2025409
2021-06-15 09:33:49,250.0,2025609
2021-06-15 09:33:50,250.0,2025634
2021-06-15 09:33:51,249.95,2025724
2021-06-15 09:33:51,249.95,2025724
2021-06-15 09:33:52,249.95,2025727
2021-06-15 09:33:53,249.95,2025827
2021-06-15 09:33:54,249.95,2025927
2021-06-15 09:33:55,249.95,2026015
2021-06-15 09:33:56,250.0,2026175
2021-06-15 09:33:57,250.0,2026252
2021-06-15 09:33:58,249.9,2032819
2021-06-15 09:33:59,249.9,2032819
2021-06-15 09:34:00,249.85,2033296
2021-06-15 09:34:02,249.9,2033611
2021-06-15 09:34:03,249.9,2033661
2021-06-15 09:34:03,249.9,2033661
2021-06-15 09:34:05,249.9,2034110
2021-06-15 09:34:06,249.9,2034255
2021-06-15 09:34:08,249.85,2035276
2021-06-15 09:34:09,249.9,2035503
2021-06-15 09:34:10,249.9,2035748
2021-06-15 09:34:11,249.9,2035897
2021-06-15 09:34:12,249.9,2036138
2021-06-15 09:34:13,249.9,2036513
2021-06-15 09:34:13,249.9,2036513
2021-06-15 09:34:14,249.85,2036571
2021-06-15 09:34:16,249.8,2043272
2021-06-15 09:34:17,249.8,2043272
2021-06-15 09:34:17,249.8,2043272
2021-06-15 09:34:18,249.75,2044480
2021-06-15 09:34:20,249.75,2044480
2021-06-15 09:34:20,249.7,2044505
2021-06-15 09:34:21,249.7,2044505
2021-06-15 09:34:22,249.7,2044524
2021-06-15 09:34:24,249.7,2045567
2021-06-15 09:34:25,249.7,2045567
2021-06-15 09:34:26,249.75,2045672
2021-06-15 09:34:28,249.7,2045706
2021-06-15 09:34:29,249.7,2045706
2021-06-15 09:34:30,249.8,2046313
2021-06-15 09:34:30,249.8,2046313
2021-06-15 09:34:31,249.7,2046314
2021-06-15 09:34:32,249.7,2046314
2021-06-15 09:34:33,249.75,2046439
2021-06-15 09:34:35,249.75,2046441
2021-06-15 09:34:36,249.75,2046541
2021-06-15 09:34:36,249.75,2046541
2021-06-15 09:34:37,249.8,2051945
2021-06-15 09:34:39,249.8,2052029
2021-06-15 09:34:39,249.8,2052029
2021-06-15 09:34:40,249.9,2052079
2021-06-15 09:34:41,249.8,2052169
2021-06-15 09:34:42,249.8,2052189
2021-06-15 09:34:43,249.8,2052239
2021-06-15 09:34:45,249.8,2053249
2021-06-15 09:34:45,249.8,2053249
2021-06-15 09:34:47,249.85,2053309
2021-06-15 09:34:48,249.85,2053359
2021-06-15 09:34:49,249.85,2053359
2021-06-15 09:34:51,249.85,2053640
2021-06-15 09:34:52,249.85,2053677
2021-06-15 09:34:55,249.9,2054897
2021-06-15 09:34:56,249.95,2058566
2021-06-15 09:34:57,250.0,2058826
2021-06-15 09:34:58,250.0,2058826
2021-06-15 09:34:59,250.0,2058828
2021-06-15 09:35:00,250.0,2058843
2021-06-15 09:35:01,250.0,2058853
2021-06-15 09:35:02,249.9,2059004
2021-06-15 09:35:03,249.95,2059905
2021-06-15 09:35:04,250.0,2060015
2021-06-15 09:35:05,249.95,2060059
2021-06-15 09:35:06,250.0,2060159
2021-06-15 09:35:07,249.95,2060723
2021-06-15 09:35:08,250.0,2061124
2021-06-15 09:35:09,250.0,2061138
2021-06-15 09:35:10,249.95,2061156
2021-06-15 09:35:11,249.8,2087022
2021-06-15 09:35:12,249.7,2087027
2021-06-15 09:35:13,249.75,2087032
2021-06-15 09:35:14,249.75,2087346
2021-06-15 09:35:15,249.75,2087346
2021-06-15 09:35:16,249.65,2087531
2021-06-15 09:35:17,249.75,2087596
2021-06-15 09:35:18,249.75,2087697
2021-06-15 09:35:19,249.75,2087747
2021-06-15 09:35:20,249.75,2087787
2021-06-15 09:35:21,249.8,2088007
2021-06-15 09:35:22,249.75,2088167
2021-06-15 09:35:23,249.75,2088167
2021-06-15 09:35:25,249.8,2088188
2021-06-15 09:35:26,249.8,2088310
2021-06-15 09:35:28,249.8,2088310
2021-06-15 09:35:29,249.85,2088830
2021-06-15 09:35:30,249.85,2088921
2021-06-15 09:35:31,249.75,2089171
2021-06-15 09:35:32,249.75,2089171
2021-06-15 09:35:33,249.85,2089233
2021-06-15 09:35:34,249.85,2090343
2021-06-15 09:35:35,249.8,2090558
2021-06-15 09:35:36,249.75,2090590
2021-06-15 09:35:37,249.75,2090590
2021-06-15 09:35:38,249.8,2090615
2021-06-15 09:35:39,249.85,2090732
2021-06-15 09:35:40,249.85,2090732
2021-06-15 09:35:41,249.65,2092732
2021-06-15 09:35:42,249.85,2092932
2021-06-15 09:35:43,249.8,2092934
2021-06-15 09:35:45,249.85,2092959
2021-06-15 09:35:46,249.8,2093017
2021-06-15 09:35:47,249.85,2093459
2021-06-15 09:35:48,249.85,2093479
2021-06-15 09:35:49,249.85,2093479
2021-06-15 09:35:50,249.85,2093479
2021-06-15 09:35:51,249.85,2093479
2021-06-15 09:35:52,249.7,2093527
2021-06-15 09:35:53,249.7,2093527
2021-06-15 09:35:54,249.85,2093552
2021-06-15 09:35:55,249.85,2093977
2021-06-15 09:35:56,249.85,2094020
2021-06-15 09:35:57,249.8,2094320
2021-06-15 09:35:58,249.75,2094398
2021-06-15 09:35:59,249.85,2094498
2021-06-15 09:36:00,249.85,2094498
2021-06-15 09:36:01,249.85,2094498
2021-06-15 09:36:02,249.75,2094508
2021-06-15 09:36:03,249.75,2094508
2021-06-15 09:36:04,249.8,2094519
2021-06-15 09:36:05,249.85,2095019
2021-06-15 09:36:06,249.75,2095128
2021-06-15 09:36:07,249.85,2095158
2021-06-15 09:36:08,249.85,2095158
2021-06-15 09:36:09,249.85,2095212
2021-06-15 09:36:10,249.8,2095342
2021-06-15 09:36:11,249.85,2095369
2021-06-15 09:36:12,249.8,2095378
2021-06-15 09:36:13,249.8,2095378
2021-06-15 09:36:14,249.8,2100219
2021-06-15 09:36:15,249.6,2105518
2021-06-15 09:36:16,249.65,2107181
2021-06-15 09:36:17,249.65,2107239
2021-06-15 09:36:18,249.65,2107689
2021-06-15 09:36:19,249.6,2107882
2021-06-15 09:36:20,249.55,2127334
2021-06-15 09:36:22,249.55,2130076
2021-06-15 09:36:25,249.55,2130517
2021-06-15 09:36:26,249.5,2130742
2021-06-15 09:36:27,249.55,2130907
2021-06-15 09:36:28,249.5,2134678
2021-06-15 09:36:29,249.5,2134791
2021-06-15 09:36:30,249.45,2140351
2021-06-15 09:36:31,249.4,2140655
2021-06-15 09:36:32,249.45,2140656
2021-06-15 09:36:33,249.35,2140806
2021-06-15 09:36:34,249.35,2141016
2021-06-15 09:36:35,249.35,2141736
2021-06-15 09:36:36,249.45,2142201
2021-06-15 09:36:37,249.3,2142746
2021-06-15 09:36:39,249.4,2143284
2021-06-15 09:36:40,249.4,2143334
2021-06-15 09:36:41,249.45,2143402
2021-06-15 09:36:42,249.45,2143402
2021-06-15 09:36:44,249.45,2144408
2021-06-15 09:36:43,249.45,2144408
2021-06-15 09:36:45,249.4,2145272
2021-06-15 09:36:46,249.35,2145487
2021-06-15 09:36:47,249.4,2145587
2021-06-15 09:36:48,249.45,2145687
2021-06-15 09:36:49,249.3,2146668
2021-06-15 09:36:50,249.4,2146669
2021-06-15 09:36:51,249.3,2146689
2021-06-15 09:36:52,249.3,2146689
2021-06-15 09:36:53,249.15,2178569
2021-06-15 09:36:54,249.3,2180837
2021-06-15 09:36:55,249.4,2188233
2021-06-15 09:36:56,249.4,2188451
2021-06-15 09:36:57,249.5,2189051
2021-06-15 09:36:58,249.5,2189051
2021-06-15 09:36:59,249.4,2189202
2021-06-15 09:37:00,249.55,2190227
2021-06-15 09:37:01,249.5,2190247
2021-06-15 09:37:02,249.45,2190657
2021-06-15 09:37:03,249.5,2191068
2021-06-15 09:37:04,249.5,2191158
2021-06-15 09:37:07,249.55,2192268
2021-06-15 09:37:08,249.5,2192328
2021-06-15 09:37:08,249.5,2192528
2021-06-15 09:37:09,249.5,2192528
2021-06-15 09:37:10,249.6,2192535
2021-06-15 09:37:11,249.45,2193535
2021-06-15 09:37:12,249.5,2193885
2021-06-15 09:37:13,249.6,2193905
2021-06-15 09:37:14,249.6,2193905
2021-06-15 09:37:15,249.45,2194605
2021-06-15 09:37:16,249.45,2194605
2021-06-15 09:37:17,249.5,2194654
2021-06-15 09:37:18,249.5,2194679
2021-06-15 09:37:19,249.5,2196690
2021-06-15 09:37:20,249.5,2196690
2021-06-15 09:37:21,249.5,2196740
2021-06-15 09:37:23,249.55,2196874
2021-06-15 09:37:24,249.6,2196974
2021-06-15 09:37:25,249.6,2196975
2021-06-15 09:37:26,249.6,2196996
2021-06-15 09:37:27,249.5,2197022
2021-06-15 09:37:29,249.55,2197052
2021-06-15 09:37:29,249.55,2197052
2021-06-15 09:37:31,249.6,2197102
2021-06-15 09:37:31,249.5,2197202
2021-06-15 09:37:33,249.5,2197202
2021-06-15 09:37:38,249.55,2201472
2021-06-15 09:37:43,249.55,2206887
2021-06-15 09:37:48,249.6,2207849
2021-06-15 09:37:53,249.5,2209498
2021-06-15 09:37:58,249.45,2216224
2021-06-15 09:38:03,249.45,2216376
2021-06-15 09:38:08,249.45,2217382
2021-06-15 09:38:13,249.4,2223321
2021-06-15 09:38:18,249.4,2226548
2021-06-15 09:38:23,249.4,2226793
2021-06-15 09:38:28,249.5,2229859
2021-06-15 09:38:33,249.4,2234743
2021-06-15 09:38:38,249.3,2235203
2021-06-15 09:38:43,249.2,2240948
2021-06-15 09:38:53,249.1,2247189
2021-06-15 09:38:58,249.05,2250855
2021-06-15 09:39:03,249.05,2253028
2021-06-15 09:39:13,249.05,2253804
2021-06-15 09:39:17,249.05,2256094
2021-06-15 09:39:22,249.05,2256417
2021-06-15 09:39:27,249.1,2257592
2021-06-15 09:39:31,249.25,2267571
2021-06-15 09:39:35,249.2,2268653
2021-06-15 09:39:40,249.35,2268989
2021-06-15 09:39:45,249.25,2272644
2021-06-15 09:39:50,249.2,2273950
2021-06-15 09:39:55,249.1,2277458
2021-06-15 09:40:00,249.15,2278198
2021-06-15 09:40:05,249.15,2278679
2021-06-15 09:40:10,249.2,2279610
2021-06-15 09:40:15,249.2,2279947
2021-06-15 09:40:20,249.1,2280837
2021-06-15 09:40:25,249.2,2281409
2021-06-15 09:40:30,249.1,2285703
2021-06-15 09:40:34,249.1,2286313
2021-06-15 09:40:39,249.2,2286820
2021-06-15 09:40:44,249.25,2298742
2021-06-15 09:40:49,249.3,2300082
2021-06-15 09:40:54,249.35,2300533
2021-06-15 09:40:58,249.35,2300850
2021-06-15 09:41:03,249.25,2304604
2021-06-15 09:41:08,249.25,2308509
2021-06-15 09:41:13,249.3,2308996
2021-06-15 09:41:18,249.15,2310485
2021-06-15 09:41:22,249.25,2310805
2021-06-15 09:41:27,249.25,2310825
2021-06-15 09:41:32,249.25,2310974
2021-06-15 09:41:36,249.15,2311219
2021-06-15 09:41:41,249.15,2312660
2021-06-15 09:41:45,249.2,2313075
2021-06-15 09:41:50,249.3,2314905
2021-06-15 09:41:54,249.3,2319626
2021-06-15 09:41:58,249.45,2320437
2021-06-15 09:42:03,249.4,2321939
2021-06-15 09:42:07,249.45,2330551
2021-06-15 09:42:12,249.4,2331041
2021-06-15 09:42:16,249.45,2331272
2021-06-15 09:42:20,249.45,2331984
2021-06-15 09:42:25,249.45,2332311
2021-06-15 09:42:29,249.45,2332857
2021-06-15 09:42:34,249.45,2333184
2021-06-15 09:42:35,249.45,2333184
2021-06-15 09:42:36,249.45,2333184
2021-06-15 09:42:37,249.45,2333184
2021-06-15 09:42:38,249.45,2333484
2021-06-15 09:42:39,249.45,2333584
2021-06-15 09:42:40,249.45,2333584
2021-06-15 09:42:40,249.45,2333584
2021-06-15 09:42:42,249.45,2333684
2021-06-15 09:42:43,249.45,2333784
2021-06-15 09:42:44,249.4,2336449
2021-06-15 09:42:45,249.6,2339390
2021-06-15 09:42:46,249.5,2340098
2021-06-15 09:42:47,249.5,2340100
2021-06-15 09:42:48,249.5,2340100
2021-06-15 09:42:49,249.6,2340350
2021-06-15 09:42:49,249.6,2340400
2021-06-15 09:42:51,249.6,2340458
2021-06-15 09:42:52,249.6,2340519
2021-06-15 09:42:53,249.6,2340819
2021-06-15 09:42:54,249.6,2340819
2021-06-15 09:42:54,249.6,2340819
2021-06-15 09:42:55,249.6,2340819
2021-06-15 09:42:56,249.55,2341058
2021-06-15 09:42:58,249.5,2341158
2021-06-15 09:43:00,249.5,2341208
2021-06-15 09:43:01,249.5,2341208
2021-06-15 09:43:02,249.5,2341208
2021-06-15 09:43:03,249.5,2341208
2021-06-15 09:43:05,249.55,2341209
2021-06-15 09:43:06,249.5,2341309
2021-06-15 09:43:07,249.6,2341634
2021-06-15 09:43:08,249.6,2341644
2021-06-15 09:43:10,249.5,2342694
2021-06-15 09:43:11,249.5,2344342
2021-06-15 09:43:12,249.5,2344442
2021-06-15 09:43:12,249.45,2344457
2021-06-15 09:43:13,249.45,2352256
2021-06-15 09:43:15,249.45,2352256
2021-06-15 09:43:16,249.5,2352356
2021-06-15 09:43:17,249.5,2352361
2021-06-15 09:43:18,249.5,2352362
2021-06-15 09:43:19,249.6,2357507
2021-06-15 09:43:20,249.6,2357507
2021-06-15 09:43:22,249.45,2357517
2021-06-15 09:43:23,249.45,2358517
2021-06-15 09:43:24,249.5,2358742
2021-06-15 09:43:25,249.5,2358752
2021-06-15 09:43:26,249.5,2358752
2021-06-15 09:43:27,249.5,2359691
2021-06-15 09:43:28,249.5,2359716
2021-06-15 09:43:29,249.55,2362865
2021-06-15 09:43:29,249.55,2362865
2021-06-15 09:43:31,249.5,2362978
2021-06-15 09:43:32,249.6,2362982
2021-06-15 09:43:33,249.6,2362982
2021-06-15 09:43:34,249.6,2363021
2021-06-15 09:43:34,249.5,2363121
2021-06-15 09:43:35,249.6,2363951
2021-06-15 09:43:36,249.6,2364066
2021-06-15 09:43:37,249.6,2364219
2021-06-15 09:43:38,249.6,2364269
2021-06-15 09:43:40,249.55,2364837
2021-06-15 09:43:40,249.55,2368887
2021-06-15 09:43:41,249.7,2369254
2021-06-15 09:43:42,249.6,2373093
2021-06-15 09:43:44,249.6,2373093
2021-06-15 09:43:45,249.6,2373093
2021-06-15 09:43:46,249.6,2373093
2021-06-15 09:43:47,249.6,2373671
2021-06-15 09:43:48,249.55,2373991
2021-06-15 09:43:50,249.55,2374416
2021-06-15 09:43:52,249.55,2374667
2021-06-15 09:43:53,249.55,2374667
2021-06-15 09:43:54,249.6,2375080
2021-06-15 09:43:54,249.6,2375080
2021-06-15 09:43:56,249.55,2375140
2021-06-15 09:43:57,249.6,2375180
2021-06-15 09:43:58,249.6,2375550
2021-06-15 09:43:59,249.6,2375550
2021-06-15 09:44:00,249.6,2375550
2021-06-15 09:44:00,249.6,2375550
2021-06-15 09:44:02,249.6,2375750
2021-06-15 09:44:03,249.6,2375796
2021-06-15 09:44:04,249.6,2375796
2021-06-15 09:44:05,249.6,2375796
2021-06-15 09:44:06,249.6,2375796
2021-06-15 09:44:07,249.6,2375886
2021-06-15 09:44:08,249.6,2376086
2021-06-15 09:44:10,249.55,2376706
2021-06-15 09:44:10,249.55,2376706
2021-06-15 09:44:11,249.6,2376916
2021-06-15 09:44:12,249.6,2376976
2021-06-15 09:44:13,249.55,2376986
2021-06-15 09:44:14,249.6,2377087
2021-06-15 09:44:17,249.55,2377398
2021-06-15 09:44:18,249.55,2377398
2021-06-15 09:44:19,249.55,2377398
2021-06-15 09:44:20,249.55,2377398
2021-06-15 09:44:21,249.6,2377598
2021-06-15 09:44:22,249.6,2377598
2021-06-15 09:44:23,249.6,2377598
2021-06-15 09:44:24,249.55,2377599
2021-06-15 09:44:25,249.55,2377685
2021-06-15 09:44:26,249.55,2377685
2021-06-15 09:44:27,249.55,2377685
2021-06-15 09:44:28,249.6,2377687
2021-06-15 09:44:29,249.6,2377687
2021-06-15 09:44:30,249.6,2377787
2021-06-15 09:44:31,249.6,2378804
2021-06-15 09:44:32,249.6,2378804
2021-06-15 09:44:33,249.6,2378804
2021-06-15 09:44:34,249.55,2381043
2021-06-15 09:44:35,249.6,2381061
2021-06-15 09:44:36,249.55,2381081
2021-06-15 09:44:37,249.6,2381181
2021-06-15 09:44:38,249.6,2381201
2021-06-15 09:44:39,249.6,2381203
2021-06-15 09:44:40,249.6,2381228
2021-06-15 09:44:41,249.6,2381228
2021-06-15 09:44:42,249.6,2381228
2021-06-15 09:44:44,249.6,2381329
2021-06-15 09:44:45,249.6,2381489
2021-06-15 09:44:46,249.6,2381489
2021-06-15 09:44:46,249.6,2381489
2021-06-15 09:44:47,249.6,2381574
2021-06-15 09:44:48,249.6,2381621
2021-06-15 09:44:49,249.55,2381871
2021-06-15 09:44:51,249.55,2382221
2021-06-15 09:44:51,249.6,2382226
2021-06-15 09:44:53,249.6,2382235
2021-06-15 09:44:54,249.6,2382270
2021-06-15 09:44:55,249.55,2382370
2021-06-15 09:44:56,249.55,2382370
2021-06-15 09:44:57,249.6,2382530
2021-06-15 09:44:58,249.55,2382544
2021-06-15 09:44:59,249.6,2382563
2021-06-15 09:45:00,249.6,2382823
2021-06-15 09:45:01,249.6,2383091
2021-06-15 09:45:02,249.6,2383091
2021-06-15 09:45:03,249.6,2383091
2021-06-15 09:45:04,249.6,2383091
2021-06-15 09:45:06,249.6,2383727
2021-06-15 09:45:07,249.55,2383827
2021-06-15 09:45:08,249.6,2384113
2021-06-15 09:45:09,249.55,2388363
2021-06-15 09:45:09,249.55,2388363
2021-06-15 09:45:10,249.55,2388363
2021-06-15 09:45:11,249.55,2388463
2021-06-15 09:45:12,249.55,2388463
2021-06-15 09:45:13,249.6,2388563
2021-06-15 09:45:14,249.6,2389563
2021-06-15 09:45:16,249.6,2389763
2021-06-15 09:45:17,249.6,2389774
2021-06-15 09:45:18,249.55,2389924
2021-06-15 09:45:20,249.55,2389924
2021-06-15 09:45:20,249.55,2389924
2021-06-15 09:45:21,249.6,2390610
2021-06-15 09:45:22,249.6,2390880
2021-06-15 09:45:23,249.6,2390880
2021-06-15 09:45:24,249.6,2391391
2021-06-15 09:45:25,249.6,2391392
2021-06-15 09:45:26,249.6,2391397
2021-06-15 09:45:28,249.6,2391397
2021-06-15 09:45:29,249.55,2391432
2021-06-15 09:45:30,249.6,2391900
2021-06-15 09:45:31,249.6,2392400
2021-06-15 09:45:32,249.55,2392565
2021-06-15 09:45:33,249.55,2392565
2021-06-15 09:45:34,249.55,2392565
2021-06-15 09:45:35,249.55,2392565
2021-06-15 09:45:36,249.6,2392655
2021-06-15 09:45:37,249.55,2392745
2021-06-15 09:45:38,249.55,2392745
2021-06-15 09:45:39,249.6,2392945
2021-06-15 09:45:40,249.55,2392995
2021-06-15 09:45:41,249.6,2393095
2021-06-15 09:45:42,249.55,2393995
2021-06-15 09:45:43,249.6,2394845
2021-06-15 09:45:45,249.6,2394845
2021-06-15 09:45:44,249.6,2394845
2021-06-15 09:45:46,249.55,2395105
2021-06-15 09:45:47,249.6,2395128
2021-06-15 09:45:48,249.6,2395328
2021-06-15 09:45:49,249.6,2395853
2021-06-15 09:45:50,249.6,2396053
2021-06-15 09:45:51,249.55,2396054
2021-06-15 09:45:52,249.55,2396454
2021-06-15 09:45:54,249.6,2396464
2021-06-15 09:45:55,249.55,2401002
2021-06-15 09:45:56,249.55,2401152
2021-06-15 09:45:57,249.6,2401175
2021-06-15 09:45:58,249.6,2401175
2021-06-15 09:45:59,249.55,2401176
2021-06-15 09:46:00,249.6,2410675
2021-06-15 09:46:01,249.6,2410935
2021-06-15 09:46:02,249.7,2411031
2021-06-15 09:46:03,249.6,2411120
2021-06-15 09:46:04,249.6,2411211
2021-06-15 09:46:05,249.6,2411300
2021-06-15 09:46:06,249.6,2411389
2021-06-15 09:46:08,249.65,2411612
2021-06-15 09:46:07,249.65,2411612
2021-06-15 09:46:10,249.7,2412212
2021-06-15 09:46:11,249.65,2412242
2021-06-15 09:46:12,249.65,2412242
2021-06-15 09:46:14,249.65,2412267
2021-06-15 09:46:15,249.65,2412267
2021-06-15 09:46:16,249.65,2412269
2021-06-15 09:46:17,249.6,2412314
2021-06-15 09:46:18,249.65,2412364
2021-06-15 09:46:19,249.65,2412384
2021-06-15 09:46:20,249.65,2412384
2021-06-15 09:46:21,249.6,2422379
2021-06-15 09:46:22,249.55,2422483
2021-06-15 09:46:23,249.6,2422578
2021-06-15 09:46:24,249.65,2422784
2021-06-15 09:46:25,249.55,2425412
2021-06-15 09:46:27,249.55,2425535
2021-06-15 09:46:28,249.55,2425646
2021-06-15 09:46:30,249.5,2425647
2021-06-15 09:46:31,249.55,2426547
2021-06-15 09:46:32,249.5,2426747
2021-06-15 09:46:34,249.55,2426772
2021-06-15 09:46:35,249.5,2427090
2021-06-15 09:46:36,249.55,2427115
2021-06-15 09:46:37,249.5,2427558
2021-06-15 09:46:38,249.6,2427559
2021-06-15 09:46:39,249.5,2427584
2021-06-15 09:46:40,249.5,2427584
2021-06-15 09:46:41,249.55,2427604
2021-06-15 09:46:43,249.6,2427714
2021-06-15 09:46:42,249.6,2427714
2021-06-15 09:46:44,249.6,2427736
2021-06-15 09:46:45,249.6,2427736
2021-06-15 09:46:46,249.6,2427794
2021-06-15 09:46:47,249.6,2427825
2021-06-15 09:46:48,249.55,2428025
2021-06-15 09:46:49,249.55,2429554
2021-06-15 09:46:50,249.6,2429559
2021-06-15 09:46:51,249.6,2429624
2021-06-15 09:46:52,249.5,2429784
2021-06-15 09:46:53,249.5,2429784
2021-06-15 09:46:54,249.6,2429884
2021-06-15 09:46:55,249.6,2430924
2021-06-15 09:46:56,249.6,2431265
2021-06-15 09:46:58,249.55,2431279
2021-06-15 09:46:59,249.55,2431281
2021-06-15 09:47:00,249.6,2431386
2021-06-15 09:47:01,249.5,2431671
2021-06-15 09:47:02,249.6,2431761
2021-06-15 09:47:03,249.55,2431763
2021-06-15 09:47:04,249.6,2432518
2021-06-15 09:47:06,249.6,2432518
2021-06-15 09:47:05,249.6,2432518
2021-06-15 09:47:07,249.55,2432892
2021-06-15 09:47:09,249.55,2432893
2021-06-15 09:47:10,249.55,2432943
2021-06-15 09:47:11,249.55,2432967
2021-06-15 09:47:12,249.55,2432967
2021-06-15 09:47:13,249.55,2432967
2021-06-15 09:47:14,249.55,2433107
2021-06-15 09:47:15,249.55,2433107
2021-06-15 09:47:16,249.6,2433311
2021-06-15 09:47:17,249.6,2433362
2021-06-15 09:47:18,249.6,2433362
2021-06-15 09:47:20,249.6,2433430
2021-06-15 09:47:21,249.5,2434008
2021-06-15 09:47:22,249.6,2434079
2021-06-15 09:47:23,249.55,2434344
2021-06-15 09:47:24,249.55,2434344
2021-06-15 09:47:25,249.6,2434425
2021-06-15 09:47:26,249.55,2434650
2021-06-15 09:47:27,249.6,2434898
2021-06-15 09:47:28,249.6,2434898
2021-06-15 09:47:29,249.5,2434903
2021-06-15 09:47:30,249.6,2435003
2021-06-15 09:47:31,249.6,2435028
2021-06-15 09:47:33,249.6,2435063
2021-06-15 09:47:38,249.6,2435742
2021-06-15 09:47:43,249.55,2435942
2021-06-15 09:47:53,249.5,2436628
2021-06-15 09:47:57,249.6,2437347
2021-06-15 09:48:02,249.55,2439060
2021-06-15 09:48:06,249.55,2439333
2021-06-15 09:48:11,249.55,2439781
2021-06-15 09:48:15,249.5,2439832
2021-06-15 09:48:19,249.5,2440161
2021-06-15 09:48:24,249.5,2440681
2021-06-15 09:48:29,249.5,2441932
2021-06-15 09:48:34,249.6,2442886
2021-06-15 09:48:38,249.2,2493114
2021-06-15 09:48:43,249.3,2494884
2021-06-15 09:48:48,249.25,2495248
2021-06-15 09:48:52,249.3,2495435
2021-06-15 09:48:57,249.25,2495868
2021-06-15 09:49:02,249.25,2496958
2021-06-15 09:49:06,249.25,2497045
2021-06-15 09:49:11,249.25,2497829
2021-06-15 09:49:16,249.3,2498580
2021-06-15 09:49:20,249.3,2498965
2021-06-15 09:49:25,249.35,2499380
2021-06-15 09:49:30,249.3,2500957
2021-06-15 09:49:35,249.3,2501484
2021-06-15 09:49:39,249.3,2501895
2021-06-15 09:49:44,249.35,2502535
2021-06-15 09:49:48,249.45,2503378
2021-06-15 09:49:53,249.5,2503558
2021-06-15 09:49:57,249.5,2513230
2021-06-15 09:50:06,249.6,2513764
2021-06-15 09:50:10,249.5,2514237
2021-06-15 09:50:14,249.55,2514616
2021-06-15 09:50:18,249.55,2514750
2021-06-15 09:50:23,249.5,2515800
2021-06-15 09:50:27,249.65,2516375
2021-06-15 09:50:32,249.65,2517530
2021-06-15 09:50:36,249.55,2518219
2021-06-15 09:50:41,249.7,2529762
2021-06-15 09:50:45,249.7,2531809
2021-06-15 09:50:49,249.8,2534761
2021-06-15 09:50:54,249.8,2534863
2021-06-15 09:50:58,249.8,2536826
2021-06-15 09:51:02,249.8,2536926
2021-06-15 09:51:06,249.8,2537678
2021-06-15 09:51:10,249.75,2538729
2021-06-15 09:51:15,249.75,2543217
2021-06-15 09:51:19,249.8,2543393
2021-06-15 09:51:23,249.8,2544246
2021-06-15 09:51:27,249.8,2545269
2021-06-15 09:51:31,249.75,2546469
2021-06-15 09:51:36,249.75,2546862
2021-06-15 09:51:40,249.8,2546945
2021-06-15 09:51:45,249.8,2551594
2021-06-15 09:51:49,249.75,2552155
2021-06-15 09:51:53,249.8,2552680
2021-06-15 09:51:57,249.75,2556890
2021-06-15 09:52:02,249.75,2558008
2021-06-15 09:52:06,249.75,2558258
2021-06-15 09:52:10,249.7,2559393
2021-06-15 09:52:14,249.7,2560436
2021-06-15 09:52:19,249.75,2560652
2021-06-15 09:52:24,249.7,2560763
2021-06-15 09:52:28,249.7,2561186
2021-06-15 09:52:33,249.7,2561397
2021-06-15 09:52:37,249.7,2561658
2021-06-15 09:52:41,249.7,2566436
2021-06-15 09:52:45,249.7,2566748
2021-06-15 09:52:49,249.85,2567895
2021-06-15 09:52:53,249.85,2574806
2021-06-15 09:52:57,249.7,2593891
2021-06-15 09:53:02,249.7,2594335
2021-06-15 09:53:06,249.55,2603040
2021-06-15 09:53:10,249.55,2607473
2021-06-15 09:53:15,249.45,2616361
2021-06-15 09:53:19,249.5,2616455
2021-06-15 09:53:23,249.5,2617155
2021-06-15 09:53:27,249.5,2617365
2021-06-15 09:53:31,249.45,2617474
2021-06-15 09:53:35,249.5,2617798
2021-06-15 09:53:40,249.5,2618105
2021-06-15 09:53:44,249.5,2618160
2021-06-15 09:53:49,249.5,2620032
2021-06-15 09:53:54,249.5,2620131
2021-06-15 09:53:58,249.3,2621575
2021-06-15 09:54:02,249.35,2625288
2021-06-15 09:54:07,249.4,2625535
2021-06-15 09:54:11,249.4,2625917
2021-06-15 09:54:15,249.4,2626267
2021-06-15 09:54:19,249.4,2626540
2021-06-15 09:54:24,249.4,2626921
2021-06-15 09:54:28,249.4,2628382
2021-06-15 09:54:32,249.45,2628810
2021-06-15 09:54:37,249.45,2629364
2021-06-15 09:54:42,249.45,2629540
2021-06-15 09:54:46,249.4,2630892
2021-06-15 09:54:50,249.4,2636637
2021-06-15 09:54:54,249.3,2637562
2021-06-15 09:54:59,249.35,2639248
2021-06-15 09:55:03,249.3,2639362
2021-06-15 09:55:08,249.35,2640029
2021-06-15 09:55:12,249.3,2642657
2021-06-15 09:55:16,249.35,2643195
2021-06-15 09:55:21,249.3,2643277
2021-06-15 09:55:24,249.5,2658631
2021-06-15 09:55:28,249.45,2661759
2021-06-15 09:55:33,249.4,2661873
2021-06-15 09:55:37,249.5,2662764
2021-06-15 09:55:41,249.5,2663364
2021-06-15 09:55:46,249.5,2663673
2021-06-15 09:55:55,249.4,2664066
2021-06-15 09:55:59,249.5,2664589
2021-06-15 09:56:04,249.3,2676897
2021-06-15 09:56:08,249.35,2677215
2021-06-15 09:56:12,249.45,2677267
2021-06-15 09:56:16,249.35,2677314
2021-06-15 09:56:20,249.35,2677673
2021-06-15 09:56:24,249.35,2678142
2021-06-15 09:56:28,249.35,2678271
2021-06-15 09:56:33,249.3,2678353
2021-06-15 09:56:37,249.35,2679299
2021-06-15 09:56:41,249.3,2679369
2021-06-15 09:56:45,249.35,2679370
2021-06-15 09:56:49,249.35,2679441
2021-06-15 09:56:53,249.1,2703075
2021-06-15 09:56:57,249.15,2703300
2021-06-15 09:57:01,249.1,2703824
2021-06-15 09:57:06,249.15,2705768
2021-06-15 09:57:10,249.15,2706344
2021-06-15 09:57:14,249.1,2707227
2021-06-15 09:57:18,249.15,2707382
2021-06-15 09:57:22,249.1,2707509
2021-06-15 09:57:29,249.15,2708284
2021-06-15 09:57:33,249.1,2708484
2021-06-15 09:57:37,249.15,2709124
2021-06-15 09:57:41,249.1,2709953
2021-06-15 09:57:45,249.15,2710118
2021-06-15 09:57:49,249.1,2710675
2021-06-15 09:57:53,249.1,2710961
2021-06-15 09:57:57,249.15,2711106
2021-06-15 09:58:01,249.1,2713542
2021-06-15 09:58:05,249.15,2714003
2021-06-15 09:58:09,249.1,2717589
2021-06-15 09:58:13,249.1,2726637
2021-06-15 09:58:17,249.15,2730296
2021-06-15 09:58:21,249.15,2730447
2021-06-15 09:58:24,249.15,2732554
2021-06-15 09:58:28,249.1,2733134
2021-06-15 09:58:33,249.1,2733786
2021-06-15 09:58:37,249.15,2735703
2021-06-15 09:58:41,249.2,2738708
2021-06-15 09:58:45,249.15,2741442
2021-06-15 09:58:49,249.15,2741471
2021-06-15 09:58:53,249.15,2741637
2021-06-15 09:58:56,249.25,2741660
2021-06-15 09:59:00,249.0,2763757
2021-06-15 09:59:05,249.0,2784101
2021-06-15 09:59:09,249.05,2791138
2021-06-15 09:59:13,248.6,2814589
2021-06-15 09:59:17,248.75,2822963
2021-06-15 09:59:21,248.85,2823349
2021-06-15 09:59:25,248.9,2826539
2021-06-15 09:59:29,248.8,2827898
2021-06-15 09:59:32,248.8,2828965
2021-06-15 09:59:36,248.8,2831874
2021-06-15 09:59:40,248.75,2833923
2021-06-15 09:59:44,248.8,2834952
2021-06-15 09:59:48,248.85,2835510
2021-06-15 09:59:52,248.8,2835977
2021-06-15 09:59:56,248.75,2836728
2021-06-15 10:00:00,248.8,2837234
2021-06-15 10:00:04,248.8,2838002
2021-06-15 10:00:08,248.7,2839871
2021-06-15 10:00:12,248.85,2840441
2021-06-15 10:00:16,248.85,2840941
2021-06-15 10:00:20,248.85,2842258
2021-06-15 10:00:25,248.85,2842736
2021-06-15 10:00:29,248.85,2843430
2021-06-15 10:00:33,248.9,2844741
2021-06-15 10:00:37,248.85,2846003
2021-06-15 10:00:42,248.85,2846369
2021-06-15 10:00:46,248.85,2846929
2021-06-15 10:00:50,248.75,2848676
2021-06-15 10:00:54,248.7,2850418
2021-06-15 10:01:03,248.4,2967812
2021-06-15 10:01:07,248.4,2975995
2021-06-15 10:01:12,248.5,2977000
2021-06-15 10:01:16,248.6,2977266
2021-06-15 10:01:20,248.4,2981818
2021-06-15 10:01:24,248.5,2982082
2021-06-15 10:01:28,248.5,2982639
2021-06-15 10:01:33,248.5,2983819
2021-06-15 10:01:37,248.5,2983994
2021-06-15 10:01:41,248.65,2984975
2021-06-15 10:01:45,248.15,3000616
2021-06-15 10:01:49,248.3,3001981
2021-06-15 10:01:57,248.3,3006800
2021-06-15 10:02:02,248.35,3007118
2021-06-15 10:02:06,248.35,3008910
2021-06-15 10:02:10,248.35,3009151
2021-06-15 10:02:14,248.4,3009246
2021-06-15 10:02:18,248.35,3016907
2021-06-15 10:02:23,248.3,3018116
2021-06-15 10:02:27,248.35,3022532
2021-06-15 10:02:31,248.35,3023525
2021-06-15 10:02:34,248.35,3023710
2021-06-15 10:02:35,248.35,3023710
2021-06-15 10:02:35,248.3,3023730
2021-06-15 10:02:36,248.3,3023758
2021-06-15 10:02:37,248.25,3023759
2021-06-15 10:02:38,248.25,3023759
2021-06-15 10:02:39,248.2,3027652
2021-06-15 10:02:40,248.2,3027652
2021-06-15 10:02:41,248.15,3027696
2021-06-15 10:02:42,248.15,3029363
2021-06-15 10:02:44,248.2,3030314
2021-06-15 10:02:46,248.2,3030322
2021-06-15 10:02:47,248.2,3030845
2021-06-15 10:02:48,248.2,3031713
2021-06-15 10:02:49,248.2,3031713
2021-06-15 10:02:50,248.2,3031713
2021-06-15 10:02:51,248.2,3031813
2021-06-15 10:02:52,248.2,3032361
2021-06-15 10:02:53,248.2,3032461
2021-06-15 10:02:54,248.25,3032871
2021-06-15 10:02:55,248.2,3032876
2021-06-15 10:02:56,248.25,3032907
2021-06-15 10:02:57,248.2,3032938
2021-06-15 10:02:58,248.25,3033948
2021-06-15 10:02:59,248.2,3034326
2021-06-15 10:03:00,248.25,3034551
2021-06-15 10:03:01,248.25,3034706
2021-06-15 10:03:02,248.25,3034756
2021-06-15 10:03:04,248.3,3035256
2021-06-15 10:03:05,248.25,3035467
2021-06-15 10:03:06,248.25,3035479
2021-06-15 10:03:07,248.3,3035502
2021-06-15 10:03:08,248.25,3035682
2021-06-15 10:03:09,248.3,3035942
2021-06-15 10:03:10,248.3,3035942
2021-06-15 10:03:11,248.3,3035942
2021-06-15 10:03:13,248.25,3036102
2021-06-15 10:03:14,248.3,3036107
2021-06-15 10:03:15,248.3,3036140
2021-06-15 10:03:16,248.3,3036140
2021-06-15 10:03:17,248.3,3036163
2021-06-15 10:03:18,248.25,3036174
2021-06-15 10:03:19,248.25,3036700
2021-06-15 10:03:20,248.25,3036710
2021-06-15 10:03:20,248.25,3036710
2021-06-15 10:03:22,248.25,3036832
2021-06-15 10:03:22,248.3,3036846
2021-06-15 10:03:23,248.3,3036849
2021-06-15 10:03:24,248.25,3037389
2021-06-15 10:03:25,248.25,3037421
2021-06-15 10:03:26,248.3,3037444
2021-06-15 10:03:28,248.25,3037534
2021-06-15 10:03:29,248.25,3037535
2021-06-15 10:03:29,248.25,3037536
2021-06-15 10:03:30,248.25,3037938
2021-06-15 10:03:31,248.25,3037938
2021-06-15 10:03:32,248.25,3037998
2021-06-15 10:03:33,248.25,3037998
2021-06-15 10:03:34,248.3,3037999
2021-06-15 10:03:35,248.3,3038030
2021-06-15 10:03:38,248.3,3038073
2021-06-15 10:03:38,248.3,3038080
2021-06-15 10:03:40,248.3,3038080
2021-06-15 10:03:41,248.3,3038080
2021-06-15 10:03:42,248.3,3038080
2021-06-15 10:03:43,248.3,3038080
2021-06-15 10:03:45,248.3,3038680
2021-06-15 10:03:46,248.3,3038730
2021-06-15 10:03:48,248.3,3041118
2021-06-15 10:03:49,248.3,3041118
2021-06-15 10:03:49,248.35,3041218
2021-06-15 10:03:50,248.3,3041290
2021-06-15 10:03:51,248.3,3041315
2021-06-15 10:03:52,248.25,3041321
2021-06-15 10:03:53,248.25,3041403
2021-06-15 10:03:54,248.25,3041473
2021-06-15 10:03:56,248.25,3041491
2021-06-15 10:03:58,248.25,3041744
2021-06-15 10:03:58,248.25,3041750
2021-06-15 10:03:59,248.3,3041888
2021-06-15 10:04:01,248.3,3041888
2021-06-15 10:04:02,248.3,3042288
2021-06-15 10:04:04,248.3,3042293
2021-06-15 10:04:05,248.3,3044433
2021-06-15 10:04:06,248.35,3044439
2021-06-15 10:04:07,248.4,3047066
2021-06-15 10:04:08,248.35,3047067
2021-06-15 10:04:09,248.35,3047130
2021-06-15 10:04:10,248.45,3047375
2021-06-15 10:04:10,248.45,3047486
2021-06-15 10:04:11,248.35,3047487
2021-06-15 10:04:12,248.35,3047487
2021-06-15 10:04:13,248.45,3047513
2021-06-15 10:04:14,248.45,3047513
2021-06-15 10:04:15,248.4,3047515
2021-06-15 10:04:16,248.45,3047538
2021-06-15 10:04:17,248.45,3048113
2021-06-15 10:04:18,248.45,3048163
2021-06-15 10:04:19,248.35,3048165
2021-06-15 10:04:20,248.45,3048521
2021-06-15 10:04:21,248.45,3048575
2021-06-15 10:04:22,248.35,3048576
2021-06-15 10:04:24,248.35,3048579
2021-06-15 10:04:25,248.4,3048679
2021-06-15 10:04:28,248.4,3048741
2021-06-15 10:04:29,248.35,3048743
2021-06-15 10:04:29,248.4,3048741
2021-06-15 10:04:30,248.45,3048843
2021-06-15 10:04:31,248.35,3048894
2021-06-15 10:04:32,248.35,3048894
2021-06-15 10:04:33,248.35,3048894
2021-06-15 10:04:34,248.35,3048894
2021-06-15 10:04:35,248.35,3048894
2021-06-15 10:04:37,248.45,3049029
2021-06-15 10:04:38,248.4,3049079
2021-06-15 10:04:40,248.5,3052146
2021-06-15 10:04:41,248.6,3054538
2021-06-15 10:04:42,248.55,3054654
2021-06-15 10:04:43,248.5,3055029
2021-06-15 10:04:44,248.5,3055029
2021-06-15 10:04:45,248.5,3055866
2021-06-15 10:04:46,248.5,3055866
2021-06-15 10:04:47,248.5,3055914
2021-06-15 10:04:47,248.5,3059079
2021-06-15 10:04:49,248.6,3059279
2021-06-15 10:04:49,248.6,3059279
2021-06-15 10:04:50,248.6,3059279
2021-06-15 10:04:51,248.6,3059279
2021-06-15 10:04:52,248.6,3059279
2021-06-15 10:04:54,248.6,3059324
2021-06-15 10:04:55,248.6,3059325
2021-06-15 10:04:56,248.6,3059376
2021-06-15 10:04:57,248.6,3059522
2021-06-15 10:04:58,248.65,3059724
2021-06-15 10:04:59,248.65,3059752
2021-06-15 10:05:00,248.65,3059753
2021-06-15 10:05:01,248.65,3059786
2021-06-15 10:05:02,248.7,3059986
2021-06-15 10:05:03,248.65,3060127
2021-06-15 10:05:04,248.65,3060127
2021-06-15 10:05:05,248.65,3060193
2021-06-15 10:05:06,248.7,3060194
2021-06-15 10:05:07,248.7,3060418
2021-06-15 10:05:08,248.7,3060668
2021-06-15 10:05:09,248.7,3060668
2021-06-15 10:05:10,248.65,3060968
2021-06-15 10:05:11,248.7,3061233
2021-06-15 10:05:12,248.65,3061327
2021-06-15 10:05:13,248.65,3061357
2021-06-15 10:05:14,248.7,3061417
2021-06-15 10:05:15,248.65,3062849
2021-06-15 10:05:17,248.65,3063471
2021-06-15 10:05:17,248.65,3063491
2021-06-15 10:05:19,248.65,3064776
2021-06-15 10:05:20,248.65,3064777
2021-06-15 10:05:21,248.7,3066341
2021-06-15 10:05:23,248.65,3066712
2021-06-15 10:05:24,248.65,3066712
2021-06-15 10:05:25,248.7,3066812
2021-06-15 10:05:26,248.7,3066812
2021-06-15 10:05:27,248.7,3067078
2021-06-15 10:05:28,248.45,3130767
2021-06-15 10:05:28,248.5,3130817
2021-06-15 10:05:29,248.45,3130857
2021-06-15 10:05:30,248.5,3130917
2021-06-15 10:05:31,248.5,3131016
2021-06-15 10:05:32,248.5,3131116
2021-06-15 10:05:33,248.5,3131619
2021-06-15 10:05:35,248.45,3133511
2021-06-15 10:05:36,248.4,3133518
2021-06-15 10:05:36,248.45,3133661
2021-06-15 10:05:37,248.45,3133661
2021-06-15 10:05:38,248.45,3133711
2021-06-15 10:05:40,248.45,3134150
2021-06-15 10:05:41,248.45,3134150
2021-06-15 10:05:42,248.45,3134150
2021-06-15 10:05:43,248.45,3134358
2021-06-15 10:05:44,248.5,3134559
2021-06-15 10:05:45,248.5,3140746
2021-06-15 10:05:46,248.5,3140855
2021-06-15 10:05:47,248.5,3140880
2021-06-15 10:05:48,248.55,3141163
2021-06-15 10:05:49,248.6,3141213
2021-06-15 10:05:50,248.55,3141463
2021-06-15 10:05:51,248.55,3141463
2021-06-15 10:05:52,248.55,3142215
2021-06-15 10:05:53,248.6,3142228
2021-06-15 10:05:54,248.5,3142793
2021-06-15 10:05:54,248.55,3142848
2021-06-15 10:05:56,248.5,3143953
2021-06-15 10:05:57,248.5,3143981
2021-06-15 10:05:58,248.5,3144381
2021-06-15 10:05:59,248.5,3144381
2021-06-15 10:06:00,248.5,3144381
2021-06-15 10:06:00,248.45,3144731
2021-06-15 10:06:01,248.45,3144731
2021-06-15 10:06:03,248.5,3145756
2021-06-15 10:06:02,248.5,3145006
2021-06-15 10:06:05,248.5,3145756
2021-06-15 10:06:06,248.5,3145756
2021-06-15 10:06:07,248.5,3145781
2021-06-15 10:06:08,248.45,3146001
2021-06-15 10:06:09,248.45,3146001
2021-06-15 10:06:10,248.45,3146001
2021-06-15 10:06:11,248.45,3147180
2021-06-15 10:06:12,248.45,3147180
2021-06-15 10:06:13,248.5,3147220
2021-06-15 10:06:14,248.5,3147320
2021-06-15 10:06:15,248.5,3147334
2021-06-15 10:06:15,248.45,3148226
2021-06-15 10:06:16,248.5,3148900
2021-06-15 10:06:18,248.5,3148905
2021-06-15 10:06:20,248.5,3149406
2021-06-15 10:06:20,248.5,3149566
2021-06-15 10:06:21,248.5,3149566
2021-06-15 10:06:22,248.5,3149581
2021-06-15 10:06:24,248.5,3149581
2021-06-15 10:06:25,248.45,3149831
2021-06-15 10:06:26,248.55,3151050
2021-06-15 10:06:27,248.75,3173802
2021-06-15 10:06:28,248.75,3174012
2021-06-15 10:06:29,248.75,3174027
2021-06-15 10:06:30,248.75,3174027
2021-06-15 10:06:32,248.8,3174057
2021-06-15 10:06:32,248.8,3174057
2021-06-15 10:06:34,248.75,3176257
2021-06-15 10:06:35,248.8,3176258
2021-06-15 10:06:36,248.8,3176258
2021-06-15 10:06:37,248.8,3178496
2021-06-15 10:06:38,248.8,3178496
2021-06-15 10:06:39,248.8,3178496
2021-06-15 10:06:40,248.9,3178507
2021-06-15 10:06:41,248.9,3178512
2021-06-15 10:06:42,248.9,3178532
2021-06-15 10:06:43,248.8,3178582
2021-06-15 10:06:44,248.95,3178860
2021-06-15 10:06:45,248.95,3178860
2021-06-15 10:06:47,248.95,3179038
2021-06-15 10:06:46,248.9,3178960
2021-06-15 10:06:48,248.95,3179038
2021-06-15 10:06:48,248.95,3179045
2021-06-15 10:06:49,248.95,3180045
2021-06-15 10:06:50,248.95,3180100
2021-06-15 10:06:51,248.95,3180141
2021-06-15 10:06:52,248.95,3180161
2021-06-15 10:06:53,248.8,3180166
2021-06-15 10:06:54,248.95,3180179
2021-06-15 10:06:55,248.95,3180184
2021-06-15 10:06:57,248.95,3180666
2021-06-15 10:06:58,248.9,3180716
2021-06-15 10:06:59,248.95,3180779
2021-06-15 10:07:00,248.85,3181079
2021-06-15 10:07:01,248.95,3181091
2021-06-15 10:07:02,248.95,3181091
2021-06-15 10:07:03,248.95,3181091
2021-06-15 10:07:04,248.95,3181091
2021-06-15 10:07:05,248.95,3181091
2021-06-15 10:07:06,248.9,3181246
2021-06-15 10:07:07,248.95,3181522
2021-06-15 10:07:08,248.95,3181572
2021-06-15 10:07:09,248.95,3181572
2021-06-15 10:07:10,248.95,3181672
2021-06-15 10:07:11,248.95,3181694
2021-06-15 10:07:12,248.95,3181822
2021-06-15 10:07:13,248.95,3181852
2021-06-15 10:07:14,248.95,3181852
2021-06-15 10:07:15,248.95,3181892
2021-06-15 10:07:16,248.95,3181892
2021-06-15 10:07:17,248.95,3181915
2021-06-15 10:07:18,248.95,3181915
2021-06-15 10:07:19,248.95,3181915
2021-06-15 10:07:20,248.95,3181960
2021-06-15 10:07:21,248.95,3184049
2021-06-15 10:07:22,248.95,3184049
2021-06-15 10:07:23,248.9,3184099
2021-06-15 10:07:24,248.95,3184649
2021-06-15 10:07:25,248.85,3186723
2021-06-15 10:07:26,248.95,3186803
2021-06-15 10:07:27,249.0,3187150
2021-06-15 10:07:28,249.0,3187150
2021-06-15 10:07:29,249.0,3187150
2021-06-15 10:07:30,249.0,3187250
2021-06-15 10:07:31,249.0,3187250
2021-06-15 10:07:32,249.0,3191529
2021-06-15 10:07:33,249.1,3193762
2021-06-15 10:07:37,249.0,3197518
2021-06-15 10:07:41,249.0,3198923
2021-06-15 10:07:45,249.1,3200495
2021-06-15 10:07:48,249.0,3201626
2021-06-15 10:07:53,249.0,3201921
2021-06-15 10:07:57,249.05,3208427
2021-06-15 10:08:01,249.15,3208703
2021-06-15 10:08:05,249.1,3210645
2021-06-15 10:08:09,249.1,3215277
2021-06-15 10:08:12,249.3,3219840
2021-06-15 10:08:16,249.0,3237389
2021-06-15 10:08:20,249.0,3242623
2021-06-15 10:08:23,249.0,3246697
2021-06-15 10:08:27,249.05,3249061
2021-06-15 10:08:31,249.0,3249550
2021-06-15 10:08:34,249.0,3249583
2021-06-15 10:08:38,249.0,3254442
2021-06-15 10:08:42,248.9,3256223
2021-06-15 10:08:49,248.9,3256559
2021-06-15 10:08:52,248.9,3258564
2021-06-15 10:08:56,248.85,3258622
2021-06-15 10:08:59,248.9,3259365
2021-06-15 10:09:06,248.85,3263361
2021-06-15 10:09:10,248.85,3263451
2021-06-15 10:09:14,248.85,3263623
2021-06-15 10:09:17,248.8,3264726
2021-06-15 10:09:21,248.85,3264987
2021-06-15 10:09:25,248.8,3267883
2021-06-15 10:09:28,248.9,3267906
2021-06-15 10:09:32,248.9,3267957
2021-06-15 10:09:35,248.9,3271753
2021-06-15 10:09:39,248.9,3271827
2021-06-15 10:09:42,248.85,3271962
2021-06-15 10:09:46,248.85,3272329
2021-06-15 10:09:50,248.9,3275228
2021-06-15 10:09:54,249.0,3275342
2021-06-15 10:09:57,248.9,3275516
2021-06-15 10:10:01,248.9,3275590
2021-06-15 10:10:05,249.0,3276121
2021-06-15 10:10:08,248.9,3276156
2021-06-15 10:10:12,248.9,3277197
2021-06-15 10:10:15,249.0,3277215
2021-06-15 10:10:19,248.9,3277429
2021-06-15 10:10:24,249.0,3277550
2021-06-15 10:10:28,248.9,3277627
2021-06-15 10:10:32,249.0,3279683
2021-06-15 10:10:35,249.0,3280112
2021-06-15 10:10:39,248.95,3280150
2021-06-15 10:10:43,249.0,3280316
2021-06-15 10:10:46,249.0,3280546
2021-06-15 10:10:50,248.9,3283235
2021-06-15 10:10:54,249.0,3283329
2021-06-15 10:10:58,248.9,3284157
2021-06-15 10:11:02,249.0,3284926
2021-06-15 10:11:05,249.0,3286512
2021-06-15 10:11:09,248.95,3286950
2021-06-15 10:11:16,249.1,3294401
2021-06-15 10:11:19,249.05,3294540
2021-06-15 10:11:23,249.05,3302083
2021-06-15 10:11:27,249.15,3302168
2021-06-15 10:11:30,249.25,3305168
2021-06-15 10:11:34,249.1,3305826
2021-06-15 10:11:38,249.2,3305931
2021-06-15 10:11:41,249.25,3306489
2021-06-15 10:11:44,249.3,3307189
2021-06-15 10:11:47,249.3,3307394
2021-06-15 10:11:51,249.15,3307492
2021-06-15 10:11:55,249.25,3307700
2021-06-15 10:11:58,249.15,3307771
2021-06-15 10:12:02,249.15,3307782
2021-06-15 10:12:06,249.2,3307832
2021-06-15 10:12:10,249.05,3315910
2021-06-15 10:12:13,249.05,3315910
2021-06-15 10:12:16,249.1,3315943
2021-06-15 10:12:20,249.05,3316107
2021-06-15 10:12:24,249.05,3316284
2021-06-15 10:12:27,249.0,3320360
2021-06-15 10:12:31,249.0,3322589
2021-06-15 10:12:34,249.0,3323472
2021-06-15 10:12:39,249.05,3326825
2021-06-15 10:12:43,249.05,3326988
2021-06-15 10:12:47,249.1,3327061
2021-06-15 10:12:51,249.05,3329417
2021-06-15 10:12:54,249.0,3331732
2021-06-15 10:12:59,249.1,3332402
2021-06-15 10:13:03,249.1,3332403
2021-06-15 10:13:07,249.2,3333492
2021-06-15 10:13:11,249.25,3334233
2021-06-15 10:13:14,249.2,3335233
2021-06-15 10:13:18,249.1,3335257
2021-06-15 10:13:21,249.15,3335288
2021-06-15 10:13:25,249.15,3335588
2021-06-15 10:13:28,249.1,3336194
2021-06-15 10:13:32,249.15,3336296
2021-06-15 10:13:36,249.1,3336516
2021-06-15 10:13:40,249.15,3336862
2021-06-15 10:13:44,249.1,3336905
2021-06-15 10:13:48,249.1,3337201
2021-06-15 10:13:51,249.1,3337213
2021-06-15 10:13:55,249.1,3338981
2021-06-15 10:13:58,249.1,3339044
2021-06-15 10:14:02,249.1,3339395
2021-06-15 10:14:06,249.1,3339545
2021-06-15 10:14:09,249.1,3339678
2021-06-15 10:14:13,249.1,3340428
2021-06-15 10:14:17,249.1,3340510
2021-06-15 10:14:22,249.15,3340692
2021-06-15 10:14:25,249.15,3340927
2021-06-15 10:14:29,249.1,3341058
2021-06-15 10:14:33,249.0,3356206
2021-06-15 10:14:36,248.95,3358673
2021-06-15 10:14:40,248.8,3362757
2021-06-15 10:14:44,248.9,3365698
2021-06-15 10:14:48,248.85,3371575
2021-06-15 10:14:51,249.0,3371606
2021-06-15 10:14:55,248.95,3372251
2021-06-15 10:14:58,248.8,3376114
2021-06-15 10:15:02,248.8,3376258
2021-06-15 10:15:05,248.8,3376274
2021-06-15 10:15:09,248.8,3376448
2021-06-15 10:15:13,248.8,3376876
2021-06-15 10:15:21,248.8,3377162
2021-06-15 10:15:25,248.75,3377201
2021-06-15 10:15:29,248.75,3377327
2021-06-15 10:15:33,248.75,3377379
2021-06-15 10:15:37,248.75,3378654
2021-06-15 10:15:41,248.75,3378854
2021-06-15 10:15:45,248.6,3382996
2021-06-15 10:15:49,248.75,3384128
2021-06-15 10:15:53,248.75,3385402
2021-06-15 10:15:57,248.7,3385573
2021-06-15 10:16:01,248.6,3385918
2021-06-15 10:16:06,248.65,3387730
2021-06-15 10:16:09,248.6,3387923
2021-06-15 10:16:13,248.7,3388324
2021-06-15 10:16:16,248.75,3388830
2021-06-15 10:16:19,248.75,3388919
2021-06-15 10:16:23,248.75,3388937
2021-06-15 10:16:27,248.65,3391097
2021-06-15 10:16:30,248.65,3391897
2021-06-15 10:16:34,248.9,3395605
2021-06-15 10:16:38,248.85,3395841
2021-06-15 10:16:42,248.9,3396577
2021-06-15 10:16:46,248.8,3396677
2021-06-15 10:16:50,248.8,3397038
2021-06-15 10:16:54,248.8,3397038
2021-06-15 10:16:58,248.9,3397903
2021-06-15 10:17:02,248.9,3398202
2021-06-15 10:17:06,248.85,3398352
2021-06-15 10:17:09,248.9,3398554
2021-06-15 10:17:13,248.9,3398668
2021-06-15 10:17:17,248.9,3398746
2021-06-15 10:17:21,248.9,3398746
2021-06-15 10:17:25,248.9,3399048
2021-06-15 10:17:29,248.9,3399071
2021-06-15 10:17:32,248.9,3399175
2021-06-15 10:17:36,248.9,3399428
2021-06-15 10:17:40,248.85,3399533
2021-06-15 10:17:43,248.85,3399533
2021-06-15 10:17:47,248.85,3401147
2021-06-15 10:17:51,248.9,3401450
2021-06-15 10:17:55,248.95,3404116
2021-06-15 10:17:59,248.95,3404757
2021-06-15 10:18:02,248.95,3405155
2021-06-15 10:18:06,249.0,3405370
2021-06-15 10:18:10,249.0,3406359
2021-06-15 10:18:14,249.0,3408554
2021-06-15 10:18:17,249.1,3408578
2021-06-15 10:18:21,249.0,3412633
2021-06-15 10:18:25,249.1,3416723
2021-06-15 10:18:28,249.1,3416919
2021-06-15 10:18:32,249.1,3417272
2021-06-15 10:18:35,249.1,3417275
2021-06-15 10:18:39,249.1,3417345
2021-06-15 10:18:42,249.1,3417391
2021-06-15 10:18:46,249.1,3422019
2021-06-15 10:18:50,249.1,3422262
2021-06-15 10:18:54,249.1,3422764
2021-06-15 10:18:58,249.1,3423107
2021-06-15 10:19:01,249.0,3427618
2021-06-15 10:19:05,249.0,3427618
2021-06-15 10:19:08,249.1,3427649
2021-06-15 10:19:12,249.0,3427699
2021-06-15 10:19:16,249.1,3427853
2021-06-15 10:19:20,249.1,3427986
2021-06-15 10:19:24,249.0,3428486
2021-06-15 10:19:27,249.1,3428509
2021-06-15 10:19:31,249.1,3428659
2021-06-15 10:19:34,249.1,3428796
2021-06-15 10:19:38,249.05,3430420
2021-06-15 10:19:41,248.85,3444911
2021-06-15 10:19:45,248.9,3444991
2021-06-15 10:19:49,248.9,3445026
2021-06-15 10:19:52,248.9,3445166
2021-06-15 10:19:56,248.9,3445772
2021-06-15 10:20:00,248.9,3446106
2021-06-15 10:20:04,248.9,3446166
2021-06-15 10:20:08,248.9,3446211
2021-06-15 10:20:12,248.9,3446254
2021-06-15 10:20:15,248.9,3451538
2021-06-15 10:20:19,248.9,3452773
2021-06-15 10:20:23,248.9,3452773
2021-06-15 10:20:26,248.9,3452773
2021-06-15 10:20:30,249.0,3452797
2021-06-15 10:20:33,248.9,3453447
2021-06-15 10:20:37,249.0,3454067
2021-06-15 10:20:41,249.0,3454067
2021-06-15 10:20:44,248.9,3454336
2021-06-15 10:20:48,249.0,3454523
2021-06-15 10:20:52,248.9,3455693
2021-06-15 10:20:55,248.85,3457614
2021-06-15 10:20:59,248.9,3457639
2021-06-15 10:21:03,248.9,3458239
2021-06-15 10:21:07,248.85,3458532
2021-06-15 10:21:11,248.75,3462642
2021-06-15 10:21:15,248.75,3463053
2021-06-15 10:21:18,248.75,3463139
2021-06-15 10:21:22,248.8,3463150
2021-06-15 10:21:26,248.75,3463250
2021-06-15 10:21:30,248.8,3463798
2021-06-15 10:21:33,248.75,3463799
2021-06-15 10:21:37,248.75,3463867
2021-06-15 10:21:41,248.8,3463922
2021-06-15 10:21:45,248.85,3463972
2021-06-15 10:21:48,248.75,3466044
2021-06-15 10:21:52,248.75,3469507
2021-06-15 10:21:55,248.8,3470287
2021-06-15 10:21:59,248.8,3470410
2021-06-15 10:22:02,248.7,3472449
2021-06-15 10:22:06,248.7,3472699
2021-06-15 10:22:10,248.7,3472823
2021-06-15 10:22:13,248.7,3475113
2021-06-15 10:22:16,248.75,3475216
2021-06-15 10:22:20,248.7,3475217
2021-06-15 10:22:24,248.8,3475242
2021-06-15 10:22:27,248.8,3475289
2021-06-15 10:22:31,248.75,3475395
2021-06-15 10:22:34,248.7,3475645
2021-06-15 10:22:38,248.7,3478811
2021-06-15 10:22:41,248.7,3479132
2021-06-15 10:22:45,248.65,3479305
2021-06-15 10:22:48,248.65,3479636
2021-06-15 10:22:52,248.65,3479807
2021-06-15 10:23:00,248.65,3480058
2021-06-15 10:23:03,248.65,3480263
2021-06-15 10:23:07,248.7,3482323
2021-06-15 10:23:10,248.7,3482652
2021-06-15 10:23:14,248.8,3483256
2021-06-15 10:23:18,248.85,3483560
2021-06-15 10:23:22,248.75,3483840
2021-06-15 10:23:25,248.75,3483928
2021-06-15 10:23:29,248.75,3484171
2021-06-15 10:23:33,248.8,3484204
2021-06-15 10:23:36,248.9,3486377
2021-06-15 10:23:40,248.9,3486377
2021-06-15 10:23:43,248.8,3486569
2021-06-15 10:23:47,248.85,3486593
2021-06-15 10:23:50,248.85,3486593
2021-06-15 10:23:54,248.8,3490626
2021-06-15 10:23:57,248.8,3490884
2021-06-15 10:24:01,248.8,3490885
2021-06-15 10:24:04,248.8,3491824
2021-06-15 10:24:08,248.8,3491847
2021-06-15 10:24:11,248.8,3491862
2021-06-15 10:24:15,248.8,3492804
2021-06-15 10:24:18,248.8,3494147
2021-06-15 10:24:22,248.8,3494449
2021-06-15 10:24:25,248.8,3494668
2021-06-15 10:24:29,248.8,3495604
2021-06-15 10:24:33,248.75,3495750
2021-06-15 10:24:37,248.8,3496176
2021-06-15 10:24:41,248.8,3496191
2021-06-15 10:24:44,248.8,3496211
2021-06-15 10:24:48,248.75,3496613
2021-06-15 10:24:51,248.75,3497178
2021-06-15 10:24:55,248.8,3497299
2021-06-15 10:24:58,248.8,3497599
2021-06-15 10:25:01,248.75,3497808
2021-06-15 10:25:05,248.8,3498829
2021-06-15 10:25:08,248.8,3498853
2021-06-15 10:25:11,248.85,3506766
2021-06-15 10:25:14,248.95,3508166
2021-06-15 10:25:18,248.9,3510277
2021-06-15 10:25:21,248.9,3510277
2021-06-15 10:25:24,248.9,3514296
2021-06-15 10:25:27,249.0,3517639
2021-06-15 10:25:31,248.95,3517645
2021-06-15 10:25:34,248.95,3517645
2021-06-15 10:25:38,249.0,3520015
2021-06-15 10:25:41,249.0,3521695
2021-06-15 10:25:45,249.0,3522215
2021-06-15 10:25:48,248.95,3522291
2021-06-15 10:25:51,248.85,3524332
2021-06-15 10:25:54,248.85,3524332
2021-06-15 10:25:58,249.0,3524366
2021-06-15 10:26:01,248.85,3525251
2021-06-15 10:26:04,248.95,3525427
2021-06-15 10:26:08,248.85,3527490
2021-06-15 10:26:11,248.85,3527544
2021-06-15 10:26:15,248.9,3527864
2021-06-15 10:26:18,248.85,3528612
2021-06-15 10:26:21,248.95,3529162
2021-06-15 10:26:25,248.95,3529179
2021-06-15 10:26:28,248.95,3529208
2021-06-15 10:26:32,248.85,3529297
2021-06-15 10:26:36,248.85,3531435
2021-06-15 10:26:39,248.85,3533849
2021-06-15 10:26:47,248.85,3539388
2021-06-15 10:26:50,248.7,3544555
2021-06-15 10:26:54,248.8,3548519
2021-06-15 10:26:58,248.65,3549097
2021-06-15 10:27:02,248.7,3549438
2021-06-15 10:27:06,248.8,3549899
2021-06-15 10:27:10,248.85,3549978
2021-06-15 10:27:13,248.9,3550318
2021-06-15 10:27:16,248.9,3550495
2021-06-15 10:27:20,248.85,3552669
2021-06-15 10:27:23,248.7,3554782
2021-06-15 10:27:26,248.75,3556848
2021-06-15 10:27:30,248.75,3556950
2021-06-15 10:27:33,248.7,3560043
2021-06-15 10:27:37,248.7,3560617
2021-06-15 10:27:40,248.65,3560618
2021-06-15 10:27:44,248.65,3562807
2021-06-15 10:27:48,248.65,3562851
2021-06-15 10:27:52,248.7,3563361
2021-06-15 10:27:55,248.7,3563877
2021-06-15 10:27:59,248.65,3563951
2021-06-15 10:28:02,248.65,3564352
2021-06-15 10:28:06,248.7,3564353
2021-06-15 10:28:09,248.7,3564399
2021-06-15 10:28:12,248.7,3564399
2021-06-15 10:28:15,248.65,3564417
2021-06-15 10:28:19,248.65,3564901
2021-06-15 10:28:22,248.7,3565027
2021-06-15 10:28:25,248.7,3565079
2021-06-15 10:28:28,248.6,3568179
2021-06-15 10:28:32,248.55,3572065
2021-06-15 10:28:35,248.55,3572065
2021-06-15 10:28:39,248.55,3572140
2021-06-15 10:28:42,248.6,3572141
2021-06-15 10:28:46,248.6,3572141
2021-06-15 10:28:50,248.6,3572180
2021-06-15 10:28:53,248.6,3572300
2021-06-15 10:28:57,248.6,3577128
2021-06-15 10:29:00,248.55,3577880
2021-06-15 10:29:04,248.55,3578125
2021-06-15 10:29:07,248.6,3578150
2021-06-15 10:29:11,248.55,3578727
2021-06-15 10:29:15,248.55,3579347
2021-06-15 10:29:18,248.55,3579599
2021-06-15 10:29:23,248.5,3580291
2021-06-15 10:29:30,248.6,3581095
2021-06-15 10:29:34,248.55,3581163
2021-06-15 10:29:37,248.5,3582767
2021-06-15 10:29:40,248.5,3582887
2021-06-15 10:29:44,248.5,3583094
2021-06-15 10:29:48,248.55,3583218
2021-06-15 10:29:51,248.5,3583228
2021-06-15 10:29:54,248.5,3583729
2021-06-15 10:29:57,248.55,3585480
2021-06-15 10:30:00,248.55,3585581
2021-06-15 10:30:07,248.55,3587976
2021-06-15 10:30:11,248.6,3587998
2021-06-15 10:30:14,248.5,3588419
2021-06-15 10:30:18,248.6,3588442
2021-06-15 10:30:21,248.6,3588597
2021-06-15 10:30:25,248.6,3588715
2021-06-15 10:30:32,248.6,3588755
2021-06-15 10:30:36,248.55,3588889
2021-06-15 10:30:39,248.55,3588932
2021-06-15 10:30:42,248.6,3589026
2021-06-15 10:30:45,248.6,3589287
2021-06-15 10:30:49,248.6,3589932
2021-06-15 10:30:53,248.6,3590182
2021-06-15 10:30:57,248.6,3590732
2021-06-15 10:31:00,248.55,3590832
2021-06-15 10:31:04,248.65,3598914
2021-06-15 10:31:07,248.7,3599314
2021-06-15 10:31:11,248.7,3599639
2021-06-15 10:31:14,248.7,3599642
2021-06-15 10:31:18,248.85,3600713
2021-06-15 10:31:21,248.7,3600838
2021-06-15 10:31:24,248.7,3602869
2021-06-15 10:31:27,248.85,3603867
2021-06-15 10:31:30,248.85,3603868
2021-06-15 10:31:34,248.85,3604368
2021-06-15 10:31:37,248.85,3604744
2021-06-15 10:31:40,248.8,3604745
2021-06-15 10:31:43,248.8,3604746
2021-06-15 10:31:47,248.8,3604769
2021-06-15 10:31:51,248.8,3604788
2021-06-15 10:31:54,248.8,3605289
2021-06-15 10:31:58,248.8,3605751
2021-06-15 10:32:02,248.75,3605781
2021-06-15 10:32:05,248.75,3605781
2021-06-15 10:32:09,248.8,3609018
2021-06-15 10:32:13,248.75,3609390
2021-06-15 10:32:16,248.8,3609514
2021-06-15 10:32:19,248.8,3609519
2021-06-15 10:32:22,248.8,3609519
2021-06-15 10:32:26,248.85,3610226
2021-06-15 10:32:29,248.85,3610262
2021-06-15 10:32:32,248.85,3610319
2021-06-15 10:32:35,248.8,3610336
2021-06-15 10:32:39,248.85,3610367
2021-06-15 10:32:42,248.85,3610512
2021-06-15 10:32:46,248.85,3610517
2021-06-15 10:32:49,248.85,3610602
2021-06-15 10:32:52,248.75,3624390
2021-06-15 10:32:55,248.8,3624410
2021-06-15 10:32:59,248.75,3628494
2021-06-15 10:33:02,248.75,3628505
2021-06-15 10:33:05,248.75,3628525
2021-06-15 10:33:08,248.75,3628755
2021-06-15 10:33:11,248.75,3628760
2021-06-15 10:33:14,248.75,3629211
2021-06-15 10:33:18,248.7,3636728
2021-06-15 10:33:22,248.65,3638417
2021-06-15 10:33:26,248.65,3638517
2021-06-15 10:33:29,248.6,3638542
2021-06-15 10:33:33,248.65,3638785
2021-06-15 10:33:36,248.65,3638807
2021-06-15 10:33:39,248.65,3638856
2021-06-15 10:33:42,248.65,3639456
2021-06-15 10:33:45,248.65,3639473
2021-06-15 10:33:48,248.65,3640256
2021-06-15 10:33:51,248.65,3640256
2021-06-15 10:33:54,248.65,3640361
2021-06-15 10:33:58,248.65,3642718
2021-06-15 10:34:01,248.65,3642718
2021-06-15 10:34:05,248.75,3642770
2021-06-15 10:34:08,248.75,3642793
2021-06-15 10:34:11,248.65,3642893
2021-06-15 10:34:15,248.75,3642904
2021-06-15 10:34:18,248.65,3643065
2021-06-15 10:34:21,248.75,3643470
2021-06-15 10:34:25,248.65,3643497
2021-06-15 10:34:28,248.75,3643724
2021-06-15 10:34:31,248.7,3643727
2021-06-15 10:34:35,248.65,3643958
2021-06-15 10:34:38,248.7,3644052
2021-06-15 10:34:41,248.75,3644457
2021-06-15 10:34:45,248.75,3644532
2021-06-15 10:34:48,248.7,3644755
2021-06-15 10:34:51,248.65,3644771
2021-06-15 10:34:54,248.75,3644780
2021-06-15 10:34:58,248.75,3644888
2021-06-15 10:35:00,248.75,3644923
2021-06-15 10:35:06,248.75,3644975
2021-06-15 10:35:09,248.8,3645589
2021-06-15 10:35:12,248.75,3645927
2021-06-15 10:35:16,248.8,3646432
2021-06-15 10:35:19,248.8,3646495
2021-06-15 10:35:22,248.8,3646802
2021-06-15 10:35:24,248.8,3646804
2021-06-15 10:35:27,248.75,3646985
2021-06-15 10:35:30,248.75,3647010
2021-06-15 10:35:36,248.8,3647121
2021-06-15 10:35:40,248.8,3647308
2021-06-15 10:35:43,248.8,3647570
2021-06-15 10:35:49,248.8,3647680
2021-06-15 10:35:56,248.7,3648114
2021-06-15 10:36:00,248.7,3653538
2021-06-15 10:36:03,248.8,3653710
2021-06-15 10:36:06,248.8,3653754
2021-06-15 10:36:09,248.8,3654351
2021-06-15 10:36:12,248.8,3654401
2021-06-15 10:36:16,248.8,3654576
2021-06-15 10:36:20,248.8,3654601
2021-06-15 10:36:24,248.8,3655065
2021-06-15 10:36:27,248.8,3655843
2021-06-15 10:36:31,248.75,3656071
2021-06-15 10:36:38,248.8,3656944
2021-06-15 10:36:41,248.8,3656944
2021-06-15 10:36:44,248.75,3657019
2021-06-15 10:36:48,248.8,3658199
2021-06-15 10:36:52,248.8,3658443
2021-06-15 10:36:55,248.8,3658678
2021-06-15 10:37:02,248.8,3659270
2021-06-15 10:37:06,248.8,3664975
2021-06-15 10:37:09,248.95,3667349
2021-06-15 10:37:13,248.95,3667350
2021-06-15 10:37:16,248.95,3670673
2021-06-15 10:37:19,249.0,3670706
2021-06-15 10:37:23,249.0,3671069
2021-06-15 10:37:26,249.0,3671169
2021-06-15 10:37:29,248.95,3671304
2021-06-15 10:37:32,249.0,3671327
2021-06-15 10:37:35,249.0,3674387
2021-06-15 10:37:39,249.0,3674420
2021-06-15 10:37:42,248.9,3674712
2021-06-15 10:37:45,248.95,3674721
2021-06-15 10:37:49,248.95,3674925
2021-06-15 10:37:52,248.95,3674935
2021-06-15 10:37:55,248.9,3675022
2021-06-15 10:37:58,248.95,3675097
2021-06-15 10:38:01,248.95,3675107
2021-06-15 10:38:04,248.95,3675107
2021-06-15 10:38:07,248.9,3675231
2021-06-15 10:38:11,248.95,3675311
2021-06-15 10:38:14,248.95,3676747
2021-06-15 10:38:18,248.95,3677372
2021-06-15 10:38:21,248.95,3678099
2021-06-15 10:38:23,248.95,3678420
2021-06-15 10:38:26,248.95,3678781
2021-06-15 10:38:30,248.95,3678783
2021-06-15 10:38:33,248.95,3679393
2021-06-15 10:38:36,248.95,3679394
2021-06-15 10:38:39,248.95,3679960
2021-06-15 10:38:42,248.95,3679960
2021-06-15 10:38:46,248.95,3680072
2021-06-15 10:38:50,248.95,3680407
2021-06-15 10:38:54,248.95,3680407
2021-06-15 10:38:57,248.9,3681931
2021-06-15 10:39:00,248.9,3681972
2021-06-15 10:39:03,248.9,3681972
2021-06-15 10:39:07,248.95,3682997
2021-06-15 10:39:11,248.95,3682999
2021-06-15 10:39:14,248.9,3683437
2021-06-15 10:39:18,248.95,3683460
2021-06-15 10:39:21,248.95,3683467
2021-06-15 10:39:28,249.0,3687515
2021-06-15 10:39:31,249.0,3688515
2021-06-15 10:39:35,249.1,3689012
2021-06-15 10:39:38,249.1,3689096
2021-06-15 10:39:41,249.1,3689621
2021-06-15 10:39:44,249.05,3689831
2021-06-15 10:39:48,249.05,3689905
2021-06-15 10:39:51,249.05,3689905
2021-06-15 10:39:55,249.05,3693916
2021-06-15 10:39:58,249.1,3694078
2021-06-15 10:40:01,249.1,3696382
2021-06-15 10:40:05,249.1,3696557
2021-06-15 10:40:08,249.1,3697470
2021-06-15 10:40:11,249.1,3697620
2021-06-15 10:40:15,249.05,3697655
2021-06-15 10:40:23,249.05,3699309
2021-06-15 10:40:27,249.1,3699433
2021-06-15 10:40:30,249.05,3699811
2021-06-15 10:40:34,249.05,3699836
2021-06-15 10:40:37,249.05,3699914
2021-06-15 10:40:41,249.05,3707052
2021-06-15 10:40:44,249.1,3707104
2021-06-15 10:40:48,249.05,3707311
2021-06-15 10:40:52,249.05,3707325
2021-06-15 10:40:55,249.05,3708368
2021-06-15 10:40:59,249.1,3712407
2021-06-15 10:41:02,249.1,3712422
2021-06-15 10:41:06,249.1,3712591
2021-06-15 10:41:09,249.1,3712617
2021-06-15 10:41:13,249.1,3712787
2021-06-15 10:41:17,249.1,3714937
2021-06-15 10:41:20,249.05,3715277
2021-06-15 10:41:23,249.1,3715282
2021-06-15 10:41:26,249.25,3745820
2021-06-15 10:41:29,249.2,3746046
2021-06-15 10:41:32,249.2,3746895
2021-06-15 10:41:35,249.2,3752763
2021-06-15 10:41:38,249.25,3752967
2021-06-15 10:41:41,249.2,3755176
2021-06-15 10:41:45,249.2,3755776
2021-06-15 10:41:48,249.25,3756902
2021-06-15 10:41:55,249.2,3759008
2021-06-15 10:41:58,249.2,3759191
2021-06-15 10:42:02,249.2,3761282
2021-06-15 10:42:05,249.2,3762400
2021-06-15 10:42:09,249.2,3762424
2021-06-15 10:42:12,249.15,3762658
2021-06-15 10:42:15,249.3,3763148
2021-06-15 10:42:18,249.3,3763279
2021-06-15 10:42:22,249.25,3763329
2021-06-15 10:42:25,249.25,3763444
2021-06-15 10:42:28,249.25,3763469
2021-06-15 10:42:32,249.25,3763484
2021-06-15 10:42:35,249.1,3775906
2021-06-15 10:42:38,249.0,3784865
2021-06-15 10:42:41,248.85,3786845
2021-06-15 10:42:44,248.85,3786845
2021-06-15 10:42:48,249.0,3787868
2021-06-15 10:42:51,248.85,3791868
2021-06-15 10:42:54,248.8,3792379
2021-06-15 10:42:57,248.85,3792417
2021-06-15 10:43:01,248.85,3793017
2021-06-15 10:43:04,248.85,3793017
2021-06-15 10:43:07,248.95,3793043
2021-06-15 10:43:10,248.85,3793273
2021-06-15 10:43:13,248.95,3793283
2021-06-15 10:43:16,248.95,3793883
2021-06-15 10:43:19,248.95,3793907
2021-06-15 10:43:22,248.95,3794157
2021-06-15 10:43:26,248.95,3795657
2021-06-15 10:43:29,248.95,3795680
2021-06-15 10:43:32,248.9,3795703
2021-06-15 10:43:35,248.95,3796203
2021-06-15 10:43:38,248.95,3796366
2021-06-15 10:43:42,248.95,3797401
2021-06-15 10:43:45,248.95,3797404
2021-06-15 10:43:49,249.0,3797438
2021-06-15 10:43:52,249.0,3797592
2021-06-15 10:43:55,249.0,3797682
2021-06-15 10:43:58,249.0,3797755
2021-06-15 10:44:01,248.95,3797756
2021-06-15 10:44:05,249.0,3798382
2021-06-15 10:44:08,249.0,3799078
2021-06-15 10:44:12,249.0,3799078
2021-06-15 10:44:15,248.95,3799138
2021-06-15 10:44:19,248.9,3799487
2021-06-15 10:44:23,249.0,3799534
2021-06-15 10:44:26,249.0,3800036
2021-06-15 10:44:28,248.9,3800159
2021-06-15 10:44:32,249.0,3800163
2021-06-15 10:44:35,249.0,3800163
2021-06-15 10:44:38,248.9,3800787
2021-06-15 10:44:41,248.9,3800798
2021-06-15 10:44:44,248.9,3800808
2021-06-15 10:44:47,248.95,3800841
2021-06-15 10:44:50,248.95,3800841
2021-06-15 10:44:53,248.95,3800841
2021-06-15 10:44:56,248.95,3800991
2021-06-15 10:44:59,248.9,3803461
2021-06-15 10:45:03,248.9,3803933
2021-06-15 10:45:06,248.85,3804013
2021-06-15 10:45:09,248.85,3804268
2021-06-15 10:45:12,248.85,3804429
2021-06-15 10:45:14,248.9,3804929
2021-06-15 10:45:18,248.95,3805809
2021-06-15 10:45:21,248.9,3805824
2021-06-15 10:45:24,248.9,3805948
2021-06-15 10:45:27,248.95,3805985
2021-06-15 10:45:30,248.95,3805985
2021-06-15 10:45:33,248.85,3806087
2021-06-15 10:45:36,248.95,3806098
2021-06-15 10:45:39,248.85,3806226
2021-06-15 10:45:42,248.9,3807126
2021-06-15 10:45:45,248.9,3807126
2021-06-15 10:45:48,248.9,3807195
2021-06-15 10:45:51,248.9,3807295
2021-06-15 10:45:54,248.9,3807345
2021-06-15 10:45:57,248.95,3807570
2021-06-15 10:46:00,248.9,3807776
2021-06-15 10:46:06,248.95,3808257
2021-06-15 10:46:09,248.9,3808387
2021-06-15 10:46:12,248.85,3808487
2021-06-15 10:46:15,248.85,3808487
2021-06-15 10:46:18,248.9,3808514
2021-06-15 10:46:21,248.9,3808848
2021-06-15 10:46:24,248.95,3808849
2021-06-15 10:46:27,249.0,3810878
2021-06-15 10:46:30,248.95,3810934
2021-06-15 10:46:33,248.9,3810940
2021-06-15 10:46:36,248.95,3810976
2021-06-15 10:46:40,248.9,3811217
2021-06-15 10:46:43,248.9,3811228
2021-06-15 10:46:46,248.9,3811228
2021-06-15 10:46:49,249.0,3811457
2021-06-15 10:46:52,248.9,3811498
2021-06-15 10:46:55,248.9,3811498
2021-06-15 10:46:58,249.0,3811555
2021-06-15 10:47:01,248.95,3812538
2021-06-15 10:47:03,248.9,3812555
2021-06-15 10:47:07,248.95,3812779
2021-06-15 10:47:10,248.95,3812920
2021-06-15 10:47:13,249.0,3813352
2021-06-15 10:47:16,249.0,3813369
2021-06-15 10:47:19,248.95,3813423
2021-06-15 10:47:22,248.95,3813546
2021-06-15 10:47:25,248.95,3813546
2021-06-15 10:47:28,249.0,3813629
2021-06-15 10:47:31,249.0,3813702
2021-06-15 10:47:34,248.95,3813703
2021-06-15 10:47:37,249.0,3814226
2021-06-15 10:47:40,248.95,3814244
2021-06-15 10:47:43,248.95,3819280
2021-06-15 10:47:46,248.9,3819350
2021-06-15 10:47:49,248.95,3819383
2021-06-15 10:47:53,248.95,3819533
2021-06-15 10:47:56,248.95,3819533
2021-06-15 10:47:59,248.95,3820105
2021-06-15 10:48:02,248.95,3820185
2021-06-15 10:48:06,249.0,3820995
2021-06-15 10:48:09,249.0,3821158
2021-06-15 10:48:12,249.0,3821158
2021-06-15 10:48:15,249.0,3821258
2021-06-15 10:48:18,249.0,3821281
2021-06-15 10:48:21,249.0,3821306
2021-06-15 10:48:24,249.0,3821332
2021-06-15 10:48:28,249.0,3828366
2021-06-15 10:48:31,249.0,3828599
2021-06-15 10:48:35,249.0,3828714
2021-06-15 10:48:38,249.0,3829048
2021-06-15 10:48:41,249.0,3829058
2021-06-15 10:48:44,249.0,3829069
2021-06-15 10:48:48,249.0,3830183
2021-06-15 10:48:51,249.0,3830186
2021-06-15 10:48:54,248.95,3830246
2021-06-15 10:48:57,249.0,3830789
2021-06-15 10:49:00,248.95,3830802
2021-06-15 10:49:03,248.95,3835557
2021-06-15 10:49:07,249.0,3835635
2021-06-15 10:49:10,249.0,3835698
2021-06-15 10:49:13,248.9,3835709
2021-06-15 10:49:19,248.95,3841495
2021-06-15 10:49:22,249.05,3841620
2021-06-15 10:49:25,249.1,3844751
2021-06-15 10:49:29,249.1,3845498
2021-06-15 10:49:32,249.25,3846489
2021-06-15 10:49:36,249.15,3846689
2021-06-15 10:49:39,249.15,3854051
2021-06-15 10:49:42,249.0,3857298
2021-06-15 10:49:46,248.9,3858521
2021-06-15 10:49:49,248.9,3858555
2021-06-15 10:49:51,248.9,3858695
2021-06-15 10:49:54,248.9,3861597
2021-06-15 10:49:57,248.9,3861645
2021-06-15 10:50:00,248.9,3861786
2021-06-15 10:50:03,248.85,3861800
2021-06-15 10:50:07,248.9,3861833
2021-06-15 10:50:10,248.85,3863225
2021-06-15 10:50:13,248.8,3866124
2021-06-15 10:50:16,248.8,3866568
2021-06-15 10:50:19,248.8,3867366
2021-06-15 10:50:23,248.65,3872619
2021-06-15 10:50:29,248.75,3874869
2021-06-15 10:50:32,248.6,3874981
2021-06-15 10:50:35,248.75,3875926
2021-06-15 10:50:38,248.75,3876029
2021-06-15 10:50:41,248.65,3876135
2021-06-15 10:50:44,248.6,3876151
2021-06-15 10:50:47,248.65,3876224
2021-06-15 10:50:51,248.6,3876525
2021-06-15 10:50:54,248.65,3876580
2021-06-15 10:50:56,248.65,3876723
2021-06-15 10:51:00,248.65,3877823
2021-06-15 10:51:03,248.8,3882323
2021-06-15 10:51:07,248.8,3882349
2021-06-15 10:51:10,248.7,3882509
2021-06-15 10:51:13,248.7,3882509
2021-06-15 10:51:17,248.8,3883759
2021-06-15 10:51:20,248.7,3883777
2021-06-15 10:51:23,248.8,3884250
2021-06-15 10:51:27,248.8,3884584
2021-06-15 10:51:30,248.85,3887309
2021-06-15 10:51:34,248.9,3893059
2021-06-15 10:51:38,248.8,3893373
2021-06-15 10:51:42,248.8,3893383
2021-06-15 10:51:45,248.9,3893483
2021-06-15 10:51:48,248.9,3893775
2021-06-15 10:51:52,248.8,3893780
2021-06-15 10:51:56,248.9,3893897
2021-06-15 10:51:59,248.8,3894420
2021-06-15 10:52:02,248.9,3894440
2021-06-15 10:52:05,248.9,3894450
2021-06-15 10:52:09,248.9,3894568
2021-06-15 10:52:13,248.8,3894718
2021-06-15 10:52:16,248.9,3900523
2021-06-15 10:52:19,248.9,3900561
2021-06-15 10:52:22,249.0,3904461
2021-06-15 10:52:25,248.95,3904506
2021-06-15 10:52:29,248.95,3904586
2021-06-15 10:52:32,248.95,3904589
2021-06-15 10:52:35,248.95,3904615
2021-06-15 10:52:38,249.0,3908938
2021-06-15 10:52:41,249.0,3908938
2021-06-15 10:52:44,248.9,3909008
2021-06-15 10:52:47,249.0,3909040
2021-06-15 10:52:53,249.0,3909356
2021-06-15 10:52:56,248.95,3909361
2021-06-15 10:52:58,248.9,3909647
2021-06-15 10:53:01,248.95,3909678
2021-06-15 10:53:04,248.95,3909816
2021-06-15 10:53:07,248.95,3909936
2021-06-15 10:53:13,248.9,3911025
2021-06-15 10:53:16,248.95,3911225
2021-06-15 10:53:19,248.9,3911252
2021-06-15 10:53:22,248.9,3911507
2021-06-15 10:53:25,248.9,3911509
2021-06-15 10:53:28,248.9,3911812
2021-06-15 10:53:31,248.9,3911926
2021-06-15 10:53:34,248.9,3911934
2021-06-15 10:53:37,248.95,3911957
2021-06-15 10:53:41,248.95,3913057
2021-06-15 10:53:44,249.0,4011145
2021-06-15 10:53:46,249.0,4093783
2021-06-15 10:53:49,248.9,4096383
2021-06-15 10:53:52,249.0,4102205
2021-06-15 10:53:55,249.0,4102354
2021-06-15 10:53:58,248.95,4206231
2021-06-15 10:54:01,248.95,4230670
2021-06-15 10:54:04,249.05,4369588
2021-06-15 10:54:07,249.0,4377957
2021-06-15 10:54:10,249.0,4379507
2021-06-15 10:54:13,249.0,4379507
2021-06-15 10:54:16,248.95,4379518
2021-06-15 10:54:18,248.95,4379810
2021-06-15 10:54:21,248.95,4380310
2021-06-15 10:54:24,248.95,4380368
2021-06-15 10:54:28,248.95,4380442
2021-06-15 10:54:31,248.95,4380476
2021-06-15 10:54:34,248.9,4380578
2021-06-15 10:54:37,248.95,4380885
2021-06-15 10:54:40,248.9,4380886
2021-06-15 10:54:43,248.9,4380892
2021-06-15 10:54:46,248.95,4380902
2021-06-15 10:54:49,248.95,4380979
2021-06-15 10:54:52,248.95,4380989
2021-06-15 10:54:55,248.95,4381591
2021-06-15 10:54:58,248.9,4381631
2021-06-15 10:55:01,248.95,4381636
2021-06-15 10:55:04,248.9,4381638
2021-06-15 10:55:08,248.9,4381724
2021-06-15 10:55:11,248.9,4381777
2021-06-15 10:55:14,248.95,4381978
2021-06-15 10:55:17,248.95,4382051
2021-06-15 10:55:23,248.9,4384372
2021-06-15 10:55:26,248.95,4384396
2021-06-15 10:55:29,248.9,4388829
2021-06-15 10:55:32,248.9,4388971
2021-06-15 10:55:35,248.9,4388973
2021-06-15 10:55:38,248.95,4389296
2021-06-15 10:55:41,248.9,4389301
2021-06-15 10:55:44,248.9,4390889
2021-06-15 10:55:47,248.95,4390982
2021-06-15 10:55:50,248.9,4391223
2021-06-15 10:55:53,248.95,4391428
2021-06-15 10:55:56,248.9,4393578
2021-06-15 10:55:59,248.95,4393639
2021-06-15 10:56:01,248.95,4393654
2021-06-15 10:56:04,248.95,4394189
2021-06-15 10:56:07,248.95,4394217
2021-06-15 10:56:10,248.9,4394226
2021-06-15 10:56:13,248.9,4394227
2021-06-15 10:56:16,248.9,4394252
2021-06-15 10:56:19,248.9,4394632
2021-06-15 10:56:22,248.9,4394738
2021-06-15 10:56:25,248.9,4394776
2021-06-15 10:56:28,248.95,4394924
2021-06-15 10:56:30,248.9,4394962
2021-06-15 10:56:33,248.9,4394962
2021-06-15 10:56:36,248.95,4394977
2021-06-15 10:56:39,248.95,4395002
2021-06-15 10:56:43,248.95,4395002
2021-06-15 10:56:46,248.95,4395196
2021-06-15 10:56:49,248.9,4395233
2021-06-15 10:56:55,248.9,4395938
2021-06-15 10:56:58,248.9,4396070
2021-06-15 10:57:01,248.9,4397070
2021-06-15 10:57:04,248.95,4399947
2021-06-15 10:57:08,248.95,4400151
2021-06-15 10:57:11,248.9,4400206
