timestamp,ltp,volume
2021-06-15 09:15:47,2256.25,197979
2021-06-15 09:15:48,2257.85,201285
2021-06-15 09:15:49,2256.8,203415
2021-06-15 09:15:51,2257.3,207299
2021-06-15 09:15:52,2257.05,208076
2021-06-15 09:15:53,2257.95,209633
2021-06-15 09:15:54,2257.4,210864
2021-06-15 09:15:55,2257.25,212384
2021-06-15 09:15:56,2257.8,213918
2021-06-15 09:15:57,2257.15,214495
2021-06-15 09:16:01,2256.75,217600
2021-06-15 09:16:04,2256.3,224759
2021-06-15 09:16:05,2256.7,225732
2021-06-15 09:16:06,2257.15,227324
2021-06-15 09:16:08,2257.55,229600
2021-06-15 09:16:09,2256.0,231333
2021-06-15 09:16:10,2256.5,233422
2021-06-15 09:16:11,2256.5,234120
2021-06-15 09:16:12,2256.55,235409
2021-06-15 09:16:13,2256.55,236956
2021-06-15 09:16:14,2256.5,237894
2021-06-15 09:16:15,2256.4,238031
2021-06-15 09:16:16,2256.0,238697
2021-06-15 09:16:17,2255.7,239497
2021-06-15 09:16:18,2256.75,240868
2021-06-15 09:16:19,2256.0,241430
2021-06-15 09:16:20,2255.6,242108
2021-06-15 09:16:21,2255.9,243081
2021-06-15 09:16:22,2255.0,247208
2021-06-15 09:16:24,2255.75,248801
2021-06-15 09:16:24,2255.0,248976
2021-06-15 09:16:25,2255.65,252049
2021-06-15 09:16:26,2255.5,253538
2021-06-15 09:16:30,2254.95,266969
2021-06-15 09:16:31,2254.8,268632
2021-06-15 09:16:32,2253.85,269475
2021-06-15 09:16:34,2253.3,271225
2021-06-15 09:16:34,2253.35,271620
2021-06-15 09:16:35,2253.4,273094
2021-06-15 09:16:36,2253.0,273808
2021-06-15 09:16:38,2253.0,276066
2021-06-15 09:16:39,2254.6,277103
2021-06-15 09:16:40,2254.95,277571
2021-06-15 09:16:42,2254.2,278165
2021-06-15 09:16:43,2254.75,278966
2021-06-15 09:16:43,2254.75,279281
2021-06-15 09:16:44,2254.75,280715
2021-06-15 09:16:45,2255.0,281362
2021-06-15 09:16:46,2254.6,282303
2021-06-15 09:16:47,2255.0,283148
2021-06-15 09:16:48,2254.6,283518
2021-06-15 09:16:50,2255.15,285181
2021-06-15 09:16:50,2255.0,285486
2021-06-15 09:16:51,2255.0,286426
2021-06-15 09:16:52,2255.0,286780
2021-06-15 09:16:53,2254.8,288087
2021-06-15 09:16:54,2254.05,289022
2021-06-15 09:16:56,2254.9,290700
2021-06-15 09:16:58,2255.15,291254
2021-06-15 09:16:58,2255.05,291451
2021-06-15 09:16:59,2255.0,291810
2021-06-15 09:17:00,2254.95,292766
2021-06-15 09:17:01,2254.4,293606
2021-06-15 09:17:02,2254.0,295172
2021-06-15 09:17:03,2254.8,296162
2021-06-15 09:17:04,2255.15,297874
2021-06-15 09:17:05,2255.0,299267
2021-06-15 09:17:07,2255.15,300318
2021-06-15 09:17:07,2254.95,300496
2021-06-15 09:17:08,2254.85,301649
2021-06-15 09:17:09,2255.0,303550
2021-06-15 09:17:10,2254.45,305833
2021-06-15 09:17:11,2253.75,306667
2021-06-15 09:17:12,2254.35,307742
2021-06-15 09:17:13,2253.65,309631
2021-06-15 09:17:14,2253.4,311708
2021-06-15 09:17:16,2253.4,312549
2021-06-15 09:17:16,2252.6,312697
2021-06-15 09:17:17,2252.0,313705
2021-06-15 09:17:18,2253.0,314559
2021-06-15 09:17:19,2252.35,315339
2021-06-15 09:17:20,2253.3,315593
2021-06-15 09:17:21,2252.0,317854
2021-06-15 09:17:22,2252.6,319020
2021-06-15 09:17:23,2252.6,319738
2021-06-15 09:17:25,2252.85,321506
2021-06-15 09:17:25,2253.0,322511
2021-06-15 09:17:26,2252.3,327634
2021-06-15 09:17:27,2252.95,329619
2021-06-15 09:17:28,2252.6,330600
2021-06-15 09:17:29,2252.0,331100
2021-06-15 09:17:30,2252.0,338745
2021-06-15 09:17:32,2252.7,340467
2021-06-15 09:17:32,2252.7,340783
2021-06-15 09:17:33,2252.85,341209
2021-06-15 09:17:34,2252.85,341964
2021-06-15 09:17:35,2252.8,343153
2021-06-15 09:17:36,2252.6,343611
2021-06-15 09:17:37,2252.6,344711
2021-06-15 09:17:40,2252.6,347644
2021-06-15 09:17:40,2252.9,347976
2021-06-15 09:17:41,2253.0,348520
2021-06-15 09:17:42,2252.95,349461
2021-06-15 09:17:43,2252.6,350823
2021-06-15 09:17:44,2252.95,351326
2021-06-15 09:17:48,2252.9,353577
2021-06-15 09:17:49,2252.9,354420
2021-06-15 09:17:50,2253.2,355536
2021-06-15 09:17:51,2252.9,355919
2021-06-15 09:17:53,2252.5,357062
2021-06-15 09:17:54,2252.65,357504
2021-06-15 09:17:55,2252.8,358092
2021-06-15 09:17:56,2252.5,359184
2021-06-15 09:17:57,2252.6,359564
2021-06-15 09:17:58,2252.5,360059
2021-06-15 09:17:59,2253.25,360910
2021-06-15 09:18:01,2252.9,361470
2021-06-15 09:18:02,2252.95,362037
2021-06-15 09:18:03,2253.65,362677
2021-06-15 09:18:04,2254.0,362892
2021-06-15 09:18:05,2253.55,363230
2021-06-15 09:18:06,2254.0,363895
2021-06-15 09:18:08,2252.9,368606
2021-06-15 09:18:11,2254.05,370618
2021-06-15 09:18:14,2253.35,376126
2021-06-15 09:18:15,2254.0,377148
2021-06-15 09:18:16,2255.0,377685
2021-06-15 09:18:17,2254.2,382102
2021-06-15 09:18:18,2255.15,383034
2021-06-15 09:18:19,2254.75,383873
2021-06-15 09:18:21,2253.95,384328
2021-06-15 09:18:21,2254.0,384422
2021-06-15 09:18:22,2254.25,385464
2021-06-15 09:18:23,2253.4,386518
2021-06-15 09:18:24,2254.0,391344
2021-06-15 09:18:25,2253.75,392082
2021-06-15 09:18:26,2254.0,393208
2021-06-15 09:18:27,2254.0,393457
2021-06-15 09:18:29,2254.0,393816
2021-06-15 09:18:30,2254.15,394068
2021-06-15 09:18:30,2254.05,394108
2021-06-15 09:18:31,2254.5,394287
2021-06-15 09:18:32,2254.65,394514
2021-06-15 09:18:33,2254.55,398580
2021-06-15 09:18:34,2254.4,399263
2021-06-15 09:18:35,2255.35,400359
2021-06-15 09:18:37,2255.0,400809
2021-06-15 09:18:38,2254.35,401179
2021-06-15 09:18:38,2254.95,401415
2021-06-15 09:18:39,2254.35,402196
2021-06-15 09:18:40,2255.05,402631
2021-06-15 09:18:41,2255.65,403012
2021-06-15 09:18:43,2255.05,404180
2021-06-15 09:18:44,2256.0,405122
2021-06-15 09:18:44,2255.05,405379
2021-06-15 09:18:45,2255.8,406222
2021-06-15 09:18:46,2255.1,407694
2021-06-15 09:18:47,2256.05,409178
2021-06-15 09:18:48,2256.1,409911
2021-06-15 09:18:49,2255.55,411541
2021-06-15 09:18:50,2255.8,412751
2021-06-15 09:18:52,2255.7,413719
2021-06-15 09:18:53,2256.25,414082
2021-06-15 09:18:53,2256.6,414194
2021-06-15 09:18:54,2255.2,418954
2021-06-15 09:18:55,2255.3,422593
2021-06-15 09:18:56,2255.7,424030
2021-06-15 09:18:58,2255.35,426479
2021-06-15 09:18:59,2254.8,427579
2021-06-15 09:19:00,2253.0,433115
2021-06-15 09:19:00,2254.7,428499
2021-06-15 09:19:01,2253.3,434677
2021-06-15 09:19:03,2254.0,435806
2021-06-15 09:19:04,2254.05,436357
2021-06-15 09:19:06,2254.05,436967
2021-06-15 09:19:07,2253.55,437257
2021-06-15 09:19:08,2253.5,437739
2021-06-15 09:19:08,2253.5,437749
2021-06-15 09:19:09,2253.1,438980
2021-06-15 09:19:10,2254.1,439316
2021-06-15 09:19:11,2253.3,439807
2021-06-15 09:19:12,2253.0,443116
2021-06-15 09:19:13,2252.0,444631
2021-06-15 09:19:15,2252.85,445170
2021-06-15 09:19:16,2252.1,446257
2021-06-15 09:19:16,2253.3,446620
2021-06-15 09:19:17,2252.35,447201
2021-06-15 09:19:18,2252.75,447318
2021-06-15 09:19:19,2252.65,447697
2021-06-15 09:19:20,2252.8,448790
2021-06-15 09:19:22,2253.65,449793
2021-06-15 09:19:24,2253.9,452153
2021-06-15 09:19:26,2253.85,453154
2021-06-15 09:19:27,2253.15,453731
2021-06-15 09:19:27,2253.05,453585
2021-06-15 09:19:28,2252.85,454384
2021-06-15 09:19:29,2253.25,456927
2021-06-15 09:19:30,2252.8,457723
2021-06-15 09:19:31,2252.85,459265
2021-06-15 09:19:34,2252.85,460672
2021-06-15 09:19:34,2252.5,460706
2021-06-15 09:19:35,2253.15,461420
2021-06-15 09:19:36,2252.45,462233
2021-06-15 09:19:38,2252.0,462715
2021-06-15 09:19:39,2252.15,463024
2021-06-15 09:19:39,2252.5,463073
2021-06-15 09:19:40,2252.4,463552
2021-06-15 09:19:41,2252.4,463615
2021-06-15 09:19:42,2252.15,464866
2021-06-15 09:19:43,2252.7,465269
2021-06-15 09:19:44,2252.15,468864
2021-06-15 09:19:46,2252.3,469225
2021-06-15 09:19:47,2252.3,470086
2021-06-15 09:19:47,2252.25,470154
2021-06-15 09:19:48,2252.55,470729
2021-06-15 09:19:50,2252.8,471231
2021-06-15 09:19:51,2253.0,471645
2021-06-15 09:19:51,2253.0,471893
2021-06-15 09:19:52,2253.0,472291
2021-06-15 09:19:53,2252.85,472605
2021-06-15 09:19:55,2252.95,474026
2021-06-15 09:19:56,2252.8,474234
2021-06-15 09:19:56,2252.9,474492
2021-06-15 09:19:57,2252.85,474992
2021-06-15 09:19:58,2252.8,475797
2021-06-15 09:19:59,2252.7,476303
2021-06-15 09:20:00,2251.4,489035
2021-06-15 09:20:01,2251.0,490719
2021-06-15 09:20:02,2251.1,491221
2021-06-15 09:20:04,2251.25,492697
2021-06-15 09:20:05,2252.55,493198
2021-06-15 09:20:05,2252.55,493223
2021-06-15 09:20:06,2251.7,493464
2021-06-15 09:20:07,2251.75,494056
2021-06-15 09:20:09,2251.7,494626
2021-06-15 09:20:10,2251.6,494879
2021-06-15 09:20:10,2251.6,494918
2021-06-15 09:20:11,2251.75,495517
2021-06-15 09:20:12,2252.2,495857
2021-06-15 09:20:13,2252.15,496050
2021-06-15 09:20:15,2252.0,496953
2021-06-15 09:20:16,2251.9,497757
2021-06-15 09:20:17,2252.9,498632
2021-06-15 09:20:18,2252.1,498891
2021-06-15 09:20:19,2253.25,499966
2021-06-15 09:20:20,2252.85,500104
2021-06-15 09:20:22,2252.95,500564
2021-06-15 09:20:23,2252.8,501260
2021-06-15 09:20:23,2252.35,501277
2021-06-15 09:20:25,2252.25,502974
2021-06-15 09:20:26,2252.8,503645
2021-06-15 09:20:28,2253.1,504209
2021-06-15 09:20:29,2252.2,504892
2021-06-15 09:20:30,2252.0,505132
2021-06-15 09:20:30,2251.9,505175
2021-06-15 09:20:31,2252.1,505662
2021-06-15 09:20:32,2252.45,505970
2021-06-15 09:20:33,2252.55,506205
2021-06-15 09:20:34,2252.15,506498
2021-06-15 09:20:35,2252.15,506641
2021-06-15 09:20:36,2252.15,506696
2021-06-15 09:20:37,2252.55,507635
2021-06-15 09:20:39,2251.85,507985
2021-06-15 09:20:40,2251.9,508401
2021-06-15 09:20:40,2251.85,508427
2021-06-15 09:20:41,2252.0,509115
2021-06-15 09:20:43,2251.5,509920
2021-06-15 09:20:45,2251.05,510604
2021-06-15 09:20:46,2251.25,511300
2021-06-15 09:20:47,2251.25,511464
2021-06-15 09:20:47,2251.15,511495
2021-06-15 09:20:48,2251.4,513307
2021-06-15 09:20:50,2252.0,513590
2021-06-15 09:20:51,2251.8,514266
2021-06-15 09:20:52,2251.0,514606
2021-06-15 09:20:53,2251.45,515750
2021-06-15 09:20:54,2252.0,515931
2021-06-15 09:20:54,2251.05,516010
2021-06-15 09:20:55,2251.85,516213
2021-06-15 09:20:56,2251.75,516564
2021-06-15 09:20:57,2251.9,516938
2021-06-15 09:20:59,2251.85,517251
2021-06-15 09:21:00,2251.5,518050
2021-06-15 09:21:01,2251.8,518388
2021-06-15 09:21:01,2251.8,518388
2021-06-15 09:21:02,2251.8,518684
2021-06-15 09:21:04,2252.6,520056
2021-06-15 09:21:05,2251.85,520714
2021-06-15 09:21:06,2251.9,520761
2021-06-15 09:21:07,2251.9,520916
2021-06-15 09:21:07,2252.0,521051
2021-06-15 09:21:08,2252.6,521322
2021-06-15 09:21:11,2252.0,522264
2021-06-15 09:21:12,2252.0,523549
2021-06-15 09:21:12,2252.0,523483
2021-06-15 09:21:13,2251.6,524330
2021-06-15 09:21:14,2252.0,525034
2021-06-15 09:21:15,2251.7,525450
2021-06-15 09:21:16,2251.65,525806
2021-06-15 09:21:17,2251.45,531474
2021-06-15 09:21:20,2252.0,532310
2021-06-15 09:21:21,2251.65,532961
2021-06-15 09:21:22,2251.35,533127
2021-06-15 09:21:22,2251.0,533409
2021-06-15 09:21:23,2251.85,533718
2021-06-15 09:21:24,2252.05,533987
2021-06-15 09:21:25,2252.0,534145
2021-06-15 09:21:26,2252.2,534365
2021-06-15 09:21:27,2252.75,535197
2021-06-15 09:21:28,2252.75,535605
2021-06-15 09:21:29,2252.1,536363
2021-06-15 09:21:31,2252.1,537844
2021-06-15 09:21:32,2252.15,538682
2021-06-15 09:21:33,2252.15,539300
2021-06-15 09:21:33,2252.15,539451
2021-06-15 09:21:34,2252.7,539639
2021-06-15 09:21:35,2252.55,539892
2021-06-15 09:21:38,2252.8,542106
2021-06-15 09:21:39,2252.75,542450
2021-06-15 09:21:39,2253.0,542400
2021-06-15 09:21:40,2252.8,543382
2021-06-15 09:21:41,2253.15,544779
2021-06-15 09:21:43,2253.0,544988
2021-06-15 09:21:44,2253.25,545142
2021-06-15 09:21:45,2253.25,545266
2021-06-15 09:21:45,2253.25,545278
2021-06-15 09:21:46,2253.25,545735
2021-06-15 09:21:48,2253.3,546040
2021-06-15 09:21:49,2253.4,546327
2021-06-15 09:21:51,2252.3,549379
2021-06-15 09:21:52,2252.1,549568
2021-06-15 09:21:53,2252.0,549826
2021-06-15 09:21:55,2252.2,550420
2021-06-15 09:21:56,2251.85,551364
2021-06-15 09:21:57,2251.5,551869
2021-06-15 09:21:57,2251.55,551983
2021-06-15 09:21:58,2251.8,552054
2021-06-15 09:22:00,2252.05,552998
2021-06-15 09:22:01,2251.8,553363
2021-06-15 09:22:02,2252.0,553632
2021-06-15 09:22:03,2252.0,553872
2021-06-15 09:22:03,2252.0,553897
2021-06-15 09:22:04,2252.1,554211
2021-06-15 09:22:06,2252.05,554625
2021-06-15 09:22:07,2252.25,554918
2021-06-15 09:22:08,2252.0,555460
2021-06-15 09:22:09,2251.95,555799
2021-06-15 09:22:09,2251.95,555799
2021-06-15 09:22:10,2252.0,556328
2021-06-15 09:22:11,2251.95,557342
2021-06-15 09:22:12,2251.85,558299
2021-06-15 09:22:14,2251.65,558691
2021-06-15 09:22:15,2252.1,558783
2021-06-15 09:22:16,2252.05,559456
2021-06-15 09:22:17,2252.35,559862
2021-06-15 09:22:18,2251.85,560851
2021-06-15 09:22:20,2251.85,561111
2021-06-15 09:22:21,2251.0,561591
2021-06-15 09:22:22,2251.05,561775
2021-06-15 09:22:22,2251.3,561777
2021-06-15 09:22:23,2251.3,561899
2021-06-15 09:22:24,2251.0,562088
2021-06-15 09:22:25,2251.0,562815
2021-06-15 09:22:26,2251.0,562959
2021-06-15 09:22:28,2251.4,563540
2021-06-15 09:22:29,2251.2,563612
2021-06-15 09:22:30,2251.3,563821
2021-06-15 09:22:30,2251.05,563841
2021-06-15 09:22:31,2250.4,568930
2021-06-15 09:22:32,2250.6,569445
2021-06-15 09:22:34,2250.75,569850
2021-06-15 09:22:34,2250.6,570303
2021-06-15 09:22:36,2250.7,571211
2021-06-15 09:22:37,2250.8,572007
2021-06-15 09:22:38,2250.95,572972
2021-06-15 09:22:39,2250.7,573443
2021-06-15 09:22:40,2251.4,574192
2021-06-15 09:22:41,2251.05,574633
2021-06-15 09:22:42,2251.3,574937
2021-06-15 09:22:43,2251.1,575155
2021-06-15 09:22:44,2251.05,575284
2021-06-15 09:22:45,2251.7,575834
2021-06-15 09:22:46,2251.5,575986
2021-06-15 09:22:46,2251.55,576033
2021-06-15 09:22:48,2251.6,576477
2021-06-15 09:22:49,2251.0,576707
2021-06-15 09:22:50,2251.0,576879
2021-06-15 09:22:51,2251.5,577807
2021-06-15 09:22:52,2251.0,578408
2021-06-15 09:22:53,2250.95,578871
2021-06-15 09:22:53,2250.85,578923
2021-06-15 09:22:55,2250.85,580352
2021-06-15 09:22:57,2250.7,580390
2021-06-15 09:22:58,2250.35,581635
2021-06-15 09:22:59,2250.3,581974
2021-06-15 09:23:00,2250.65,582218
2021-06-15 09:23:01,2251.0,582512
2021-06-15 09:23:02,2250.3,583605
2021-06-15 09:23:03,2250.9,583650
2021-06-15 09:23:03,2250.35,583775
2021-06-15 09:23:04,2250.85,584059
2021-06-15 09:23:05,2250.9,584276
2021-06-15 09:23:06,2250.85,584563
2021-06-15 09:23:08,2250.2,584853
2021-06-15 09:23:09,2250.35,585057
2021-06-15 09:23:10,2250.9,585245
2021-06-15 09:23:11,2250.9,586121
2021-06-15 09:23:12,2250.9,586342
2021-06-15 09:23:13,2250.35,588625
2021-06-15 09:23:14,2250.35,589373
2021-06-15 09:23:15,2250.3,591972
2021-06-15 09:23:15,2250.0,600876
2021-06-15 09:23:17,2250.05,601508
2021-06-15 09:23:18,2250.05,601824
2021-06-15 09:23:19,2250.2,606755
2021-06-15 09:23:20,2250.55,607436
2021-06-15 09:23:21,2250.05,607656
2021-06-15 09:23:22,2250.05,607977
2021-06-15 09:23:23,2250.05,609528
2021-06-15 09:23:24,2250.05,609921
2021-06-15 09:23:25,2250.35,610254
2021-06-15 09:23:26,2250.05,613606
2021-06-15 09:23:26,2250.35,613912
2021-06-15 09:23:28,2250.45,615064
2021-06-15 09:23:29,2250.3,615764
2021-06-15 09:23:31,2250.7,617138
2021-06-15 09:23:32,2251.8,617478
2021-06-15 09:23:33,2250.85,617901
2021-06-15 09:23:34,2251.0,618084
2021-06-15 09:23:34,2251.75,618119
2021-06-15 09:23:36,2251.0,618508
2021-06-15 09:23:37,2251.15,618705
2021-06-15 09:23:38,2251.0,619097
2021-06-15 09:23:39,2251.0,619895
2021-06-15 09:23:39,2251.5,619610
2021-06-15 09:23:40,2251.05,620355
2021-06-15 09:23:41,2251.1,620535
2021-06-15 09:23:43,2250.65,620838
2021-06-15 09:23:44,2250.45,621293
2021-06-15 09:23:45,2250.8,621389
2021-06-15 09:23:46,2250.35,622410
2021-06-15 09:23:47,2250.0,623712
2021-06-15 09:23:48,2250.7,624586
2021-06-15 09:23:49,2250.7,624885
2021-06-15 09:23:50,2250.0,626036
2021-06-15 09:23:51,2250.4,626369
2021-06-15 09:23:51,2250.4,626377
2021-06-15 09:23:53,2250.2,634857
2021-06-15 09:23:54,2250.25,636764
2021-06-15 09:23:55,2250.0,638361
2021-06-15 09:23:56,2250.0,643606
2021-06-15 09:23:58,2249.85,651006
2021-06-15 09:23:58,2249.0,652729
2021-06-15 09:24:00,2250.4,653407
2021-06-15 09:24:01,2249.2,654769
2021-06-15 09:24:02,2250.0,655555
2021-06-15 09:24:03,2250.05,657043
2021-06-15 09:24:04,2250.15,657712
2021-06-15 09:24:04,2250.0,657702
2021-06-15 09:24:06,2250.0,659318
2021-06-15 09:24:07,2250.45,660531
2021-06-15 09:24:08,2250.8,660711
2021-06-15 09:24:09,2250.15,661136
2021-06-15 09:24:10,2251.0,662587
2021-06-15 09:24:11,2250.3,663265
2021-06-15 09:24:12,2250.3,663332
2021-06-15 09:24:13,2251.0,663759
2021-06-15 09:24:14,2251.0,665162
2021-06-15 09:24:15,2250.45,665405
2021-06-15 09:24:16,2250.05,667236
2021-06-15 09:24:17,2250.45,668866
2021-06-15 09:24:18,2249.6,670310
2021-06-15 09:24:19,2249.6,670872
2021-06-15 09:24:20,2249.05,671528
2021-06-15 09:24:22,2249.9,671643
2021-06-15 09:24:23,2249.0,671984
2021-06-15 09:24:24,2249.2,673229
2021-06-15 09:24:25,2250.0,673359
2021-06-15 09:24:26,2250.45,674001
2021-06-15 09:24:27,2250.45,674057
2021-06-15 09:24:28,2249.35,674123
2021-06-15 09:24:29,2250.0,674273
2021-06-15 09:24:31,2249.65,675016
2021-06-15 09:24:31,2249.15,675078
2021-06-15 09:24:32,2249.15,675188
2021-06-15 09:24:33,2249.35,675292
2021-06-15 09:24:34,2250.1,675438
2021-06-15 09:24:35,2250.5,676492
2021-06-15 09:24:37,2250.1,677137
2021-06-15 09:24:39,2250.85,679207
2021-06-15 09:24:40,2250.8,679520
2021-06-15 09:24:41,2250.95,680032
2021-06-15 09:24:42,2250.8,680409
2021-06-15 09:24:43,2251.65,681246
2021-06-15 09:24:44,2251.7,681401
2021-06-15 09:24:45,2250.85,681579
2021-06-15 09:24:46,2251.65,681817
2021-06-15 09:24:47,2250.8,682343
2021-06-15 09:24:48,2251.65,683436
2021-06-15 09:24:49,2251.65,683631
2021-06-15 09:24:50,2251.45,684427
2021-06-15 09:24:51,2250.8,684766
2021-06-15 09:24:51,2250.9,684652
2021-06-15 09:24:52,2251.0,687013
2021-06-15 09:24:53,2251.3,688103
2021-06-15 09:24:54,2250.75,688211
2021-06-15 09:24:56,2251.0,688476
2021-06-15 09:24:57,2250.8,688805
2021-06-15 09:24:58,2250.8,689132
2021-06-15 09:24:59,2250.8,689696
2021-06-15 09:25:00,2251.2,690357
2021-06-15 09:25:02,2251.3,690972
2021-06-15 09:25:03,2251.0,691115
2021-06-15 09:25:04,2251.3,691221
2021-06-15 09:25:05,2251.45,691350
2021-06-15 09:25:06,2251.1,691795
2021-06-15 09:25:07,2250.8,691930
2021-06-15 09:25:08,2250.6,692116
2021-06-15 09:25:09,2250.45,692515
2021-06-15 09:25:10,2250.35,694106
2021-06-15 09:25:11,2250.45,694484
2021-06-15 09:25:12,2250.1,694595
2021-06-15 09:25:13,2250.0,695129
2021-06-15 09:25:14,2250.3,695269
2021-06-15 09:25:15,2250.0,695736
2021-06-15 09:25:16,2250.4,695989
2021-06-15 09:25:17,2250.4,696181
2021-06-15 09:25:18,2250.35,696661
2021-06-15 09:25:19,2250.35,696661
2021-06-15 09:25:20,2250.4,696976
2021-06-15 09:25:21,2250.4,697289
2021-06-15 09:25:22,2250.25,697294
2021-06-15 09:25:23,2250.8,697681
2021-06-15 09:25:24,2250.85,697753
2021-06-15 09:25:25,2250.85,697970
2021-06-15 09:25:26,2250.4,698140
2021-06-15 09:25:27,2250.2,698178
2021-06-15 09:25:28,2250.5,698553
2021-06-15 09:25:29,2250.7,699033
2021-06-15 09:25:30,2250.7,699442
2021-06-15 09:25:31,2250.55,699824
2021-06-15 09:25:32,2250.55,699945
2021-06-15 09:25:33,2250.7,700329
2021-06-15 09:25:34,2250.35,700351
2021-06-15 09:25:35,2250.6,700352
2021-06-15 09:25:36,2250.85,701146
2021-06-15 09:25:37,2250.9,701532
2021-06-15 09:25:38,2250.55,701558
2021-06-15 09:25:39,2251.0,702860
2021-06-15 09:25:40,2250.7,703164
2021-06-15 09:25:41,2250.75,703290
2021-06-15 09:25:42,2250.7,703735
2021-06-15 09:25:43,2250.7,703786
2021-06-15 09:25:45,2250.7,704052
2021-06-15 09:25:46,2249.95,706100
2021-06-15 09:25:47,2249.85,707300
2021-06-15 09:25:48,2249.45,708133
2021-06-15 09:25:49,2249.05,711632
2021-06-15 09:25:50,2249.15,712108
2021-06-15 09:25:51,2249.9,712317
2021-06-15 09:25:52,2249.8,712450
2021-06-15 09:25:53,2249.15,712778
2021-06-15 09:25:54,2249.55,713037
2021-06-15 09:25:55,2249.9,714114
2021-06-15 09:25:56,2249.5,714583
2021-06-15 09:25:57,2250.65,717567
2021-06-15 09:26:00,2250.55,718268
2021-06-15 09:26:01,2250.5,718364
2021-06-15 09:26:02,2250.8,718516
2021-06-15 09:26:03,2250.3,719196
2021-06-15 09:26:04,2250.9,719546
2021-06-15 09:26:05,2250.75,719604
2021-06-15 09:26:06,2250.5,719734
2021-06-15 09:26:08,2250.95,720115
2021-06-15 09:26:09,2251.0,720227
2021-06-15 09:26:10,2250.9,720250
2021-06-15 09:26:11,2250.5,720568
2021-06-15 09:26:12,2251.0,720909
2021-06-15 09:26:13,2250.95,721189
2021-06-15 09:26:14,2250.9,721194
2021-06-15 09:26:15,2250.7,721526
2021-06-15 09:26:16,2250.9,721581
2021-06-15 09:26:17,2250.3,722865
2021-06-15 09:26:18,2250.0,724520
2021-06-15 09:26:20,2250.0,725067
2021-06-15 09:26:21,2250.05,725600
2021-06-15 09:26:22,2250.15,725969
2021-06-15 09:26:23,2250.0,726314
2021-06-15 09:26:24,2250.15,726432
2021-06-15 09:26:25,2250.0,726869
2021-06-15 09:26:26,2250.05,727333
2021-06-15 09:26:28,2250.55,727996
2021-06-15 09:26:29,2250.05,728063
2021-06-15 09:26:30,2250.0,729216
2021-06-15 09:26:31,2250.2,729301
2021-06-15 09:26:32,2250.2,729609
2021-06-15 09:26:33,2250.05,730320
2021-06-15 09:26:34,2250.0,730854
2021-06-15 09:26:35,2250.5,731007
2021-06-15 09:26:36,2250.45,736355
2021-06-15 09:26:37,2250.1,736503
2021-06-15 09:26:38,2250.15,736801
2021-06-15 09:26:39,2250.2,736994
2021-06-15 09:26:40,2250.05,737426
2021-06-15 09:26:41,2250.0,737607
2021-06-15 09:26:42,2250.2,738035
2021-06-15 09:26:44,2250.0,738500
2021-06-15 09:26:43,2250.05,738271
2021-06-15 09:26:45,2250.2,738627
2021-06-15 09:26:46,2250.5,738854
2021-06-15 09:26:47,2250.05,738977
2021-06-15 09:26:48,2250.05,739677
2021-06-15 09:26:49,2250.55,739795
2021-06-15 09:26:50,2250.15,739851
2021-06-15 09:26:51,2250.15,740158
2021-06-15 09:26:52,2250.15,740526
2021-06-15 09:26:53,2250.6,741125
2021-06-15 09:26:54,2250.85,741841
2021-06-15 09:26:55,2250.4,741921
2021-06-15 09:26:56,2251.0,742379
2021-06-15 09:26:57,2250.8,742411
2021-06-15 09:26:58,2250.5,742584
2021-06-15 09:26:59,2251.0,742972
2021-06-15 09:27:00,2250.4,743216
2021-06-15 09:27:01,2250.7,743349
2021-06-15 09:27:02,2250.85,743839
2021-06-15 09:27:03,2250.65,744185
2021-06-15 09:27:04,2250.4,744200
2021-06-15 09:27:06,2250.6,745338
2021-06-15 09:27:07,2250.55,745390
2021-06-15 09:27:07,2250.55,745390
2021-06-15 09:27:08,2250.1,745580
2021-06-15 09:27:09,2250.1,745746
2021-06-15 09:27:10,2250.1,745806
2021-06-15 09:27:11,2250.15,745921
2021-06-15 09:27:12,2250.0,753033
2021-06-15 09:27:13,2250.1,753602
2021-06-15 09:27:14,2250.8,754271
2021-06-15 09:27:15,2250.1,754421
2021-06-15 09:27:16,2250.0,754917
2021-06-15 09:27:17,2250.4,755022
2021-06-15 09:27:18,2250.0,755439
2021-06-15 09:27:19,2250.1,755613
2021-06-15 09:27:21,2250.45,755964
2021-06-15 09:27:22,2250.0,757003
2021-06-15 09:27:23,2250.7,757060
2021-06-15 09:27:24,2250.35,757312
2021-06-15 09:27:25,2250.0,757354
2021-06-15 09:27:26,2250.3,757494
2021-06-15 09:27:27,2251.0,763631
2021-06-15 09:27:28,2250.4,763911
2021-06-15 09:27:29,2250.05,764220
2021-06-15 09:27:31,2250.25,764251
2021-06-15 09:27:32,2250.85,764305
2021-06-15 09:27:33,2250.5,764310
2021-06-15 09:27:34,2250.5,764314
2021-06-15 09:27:34,2250.3,764418
2021-06-15 09:27:35,2250.05,766603
2021-06-15 09:27:37,2250.0,767880
2021-06-15 09:27:37,2250.25,768001
2021-06-15 09:27:38,2250.25,768233
2021-06-15 09:27:39,2250.2,768482
2021-06-15 09:27:40,2250.25,768562
2021-06-15 09:27:41,2250.3,768619
2021-06-15 09:27:42,2250.05,770597
2021-06-15 09:27:43,2250.05,770967
2021-06-15 09:27:44,2250.0,771489
2021-06-15 09:27:45,2250.3,772024
2021-06-15 09:27:46,2250.25,772126
2021-06-15 09:27:47,2250.2,772132
2021-06-15 09:27:49,2250.15,772512
2021-06-15 09:27:50,2250.3,776764
2021-06-15 09:27:51,2250.4,776838
2021-06-15 09:27:51,2250.4,776838
2021-06-15 09:27:52,2250.4,778435
2021-06-15 09:27:53,2250.3,778569
2021-06-15 09:27:54,2250.35,779092
2021-06-15 09:27:55,2250.3,779138
2021-06-15 09:27:56,2250.5,779613
2021-06-15 09:27:58,2250.3,779729
2021-06-15 09:27:59,2250.35,780071
2021-06-15 09:28:00,2250.4,780157
2021-06-15 09:28:01,2250.5,780193
2021-06-15 09:28:01,2250.5,780196
2021-06-15 09:28:02,2250.5,780367
2021-06-15 09:28:03,2250.4,780704
2021-06-15 09:28:04,2250.45,780950
2021-06-15 09:28:05,2250.5,781781
2021-06-15 09:28:06,2250.45,781851
2021-06-15 09:28:07,2250.05,782115
2021-06-15 09:28:08,2250.35,782341
2021-06-15 09:28:09,2250.4,782965
2021-06-15 09:28:10,2250.05,782967
2021-06-15 09:28:11,2250.4,782975
2021-06-15 09:28:12,2250.4,782975
2021-06-15 09:28:13,2250.4,782975
2021-06-15 09:28:14,2250.4,783583
2021-06-15 09:28:15,2250.25,783683
2021-06-15 09:28:16,2250.4,784188
2021-06-15 09:28:17,2250.0,785191
2021-06-15 09:28:18,2250.0,785713
2021-06-15 09:28:19,2250.0,786049
2021-06-15 09:28:20,2250.0,786560
2021-06-15 09:28:21,2250.2,788189
2021-06-15 09:28:22,2250.0,788211
2021-06-15 09:28:23,2250.0,788602
2021-06-15 09:28:24,2250.05,788776
2021-06-15 09:28:25,2250.0,788823
2021-06-15 09:28:26,2250.3,788937
2021-06-15 09:28:27,2250.0,790031
2021-06-15 09:28:28,2250.0,790557
2021-06-15 09:28:29,2250.05,790601
2021-06-15 09:28:30,2250.0,791656
2021-06-15 09:28:31,2250.1,791881
2021-06-15 09:28:32,2250.1,792162
2021-06-15 09:28:34,2250.0,792583
2021-06-15 09:28:34,2250.0,792583
2021-06-15 09:28:35,2250.05,793369
2021-06-15 09:28:36,2250.05,793737
2021-06-15 09:28:37,2250.0,794499
2021-06-15 09:28:38,2250.3,794529
2021-06-15 09:28:39,2250.0,794840
2021-06-15 09:28:40,2250.3,794883
2021-06-15 09:28:41,2250.0,795307
2021-06-15 09:28:42,2250.2,795633
2021-06-15 09:28:43,2250.0,795925
2021-06-15 09:28:45,2250.05,796807
2021-06-15 09:28:45,2250.05,797194
2021-06-15 09:28:46,2250.25,797361
2021-06-15 09:28:48,2250.2,800271
2021-06-15 09:28:49,2250.05,801136
2021-06-15 09:28:50,2250.05,801229
2021-06-15 09:28:51,2250.05,801342
2021-06-15 09:28:52,2250.15,801562
2021-06-15 09:28:54,2250.1,801631
2021-06-15 09:28:54,2250.1,801644
2021-06-15 09:28:55,2250.1,801682
2021-06-15 09:28:56,2250.2,802042
2021-06-15 09:28:57,2250.05,802696
2021-06-15 09:28:58,2250.05,803163
2021-06-15 09:28:59,2250.45,803213
2021-06-15 09:29:00,2250.4,803322
2021-06-15 09:29:01,2250.3,803391
2021-06-15 09:29:02,2250.4,803553
2021-06-15 09:29:03,2250.35,803745
2021-06-15 09:29:04,2250.05,804007
2021-06-15 09:29:05,2250.45,804174
2021-06-15 09:29:06,2250.4,804224
2021-06-15 09:29:07,2250.0,805791
2021-06-15 09:29:08,2250.2,805828
2021-06-15 09:29:09,2250.05,806498
2021-06-15 09:29:10,2249.9,809469
2021-06-15 09:29:11,2249.5,809972
2021-06-15 09:29:12,2249.8,812115
2021-06-15 09:29:13,2249.65,812746
2021-06-15 09:29:15,2249.8,812954
2021-06-15 09:29:16,2249.75,813476
2021-06-15 09:29:17,2249.5,813716
2021-06-15 09:29:18,2249.15,813977
2021-06-15 09:29:19,2250.0,814510
2021-06-15 09:29:20,2249.35,814544
2021-06-15 09:29:21,2249.35,814566
2021-06-15 09:29:23,2250.0,814696
2021-06-15 09:29:24,2249.9,814831
2021-06-15 09:29:25,2249.8,814841
2021-06-15 09:29:26,2249.9,815206
2021-06-15 09:29:27,2249.75,815356
2021-06-15 09:29:28,2249.7,815656
2021-06-15 09:29:29,2249.7,815811
2021-06-15 09:29:29,2249.7,815811
2021-06-15 09:29:30,2249.6,816166
2021-06-15 09:29:31,2249.85,816387
2021-06-15 09:29:32,2249.55,816484
2021-06-15 09:29:33,2249.9,816515
2021-06-15 09:29:34,2249.65,817098
2021-06-15 09:29:35,2249.25,818933
2021-06-15 09:29:36,2249.55,819420
2021-06-15 09:29:37,2249.9,819799
2021-06-15 09:29:38,2249.5,819944
2021-06-15 09:29:39,2249.4,820125
2021-06-15 09:29:41,2249.4,820414
2021-06-15 09:29:42,2249.4,820486
2021-06-15 09:29:43,2249.8,820793
2021-06-15 09:29:43,2249.8,820897
2021-06-15 09:29:45,2249.4,821037
2021-06-15 09:29:46,2249.4,821160
2021-06-15 09:29:47,2249.25,821243
2021-06-15 09:29:48,2249.2,823064
2021-06-15 09:29:49,2249.35,823615
2021-06-15 09:29:50,2249.2,824048
2021-06-15 09:29:51,2249.5,824403
2021-06-15 09:29:52,2249.5,824478
2021-06-15 09:29:53,2249.3,824658
2021-06-15 09:29:54,2249.15,825009
2021-06-15 09:29:56,2249.4,825893
2021-06-15 09:29:57,2249.3,826226
2021-06-15 09:29:58,2249.2,826548
2021-06-15 09:29:59,2249.15,826680
2021-06-15 09:30:00,2249.15,826741
2021-06-15 09:30:01,2249.5,826889
2021-06-15 09:30:02,2249.25,827106
2021-06-15 09:30:03,2249.15,827373
2021-06-15 09:30:04,2249.2,827544
2021-06-15 09:30:05,2249.25,827928
2021-06-15 09:30:06,2249.25,828338
2021-06-15 09:30:07,2249.4,829232
2021-06-15 09:30:09,2249.4,829351
2021-06-15 09:30:10,2249.35,830019
2021-06-15 09:30:11,2249.35,830564
2021-06-15 09:30:12,2249.15,831261
2021-06-15 09:30:13,2249.35,831458
2021-06-15 09:30:14,2249.15,831575
2021-06-15 09:30:15,2249.3,831610
2021-06-15 09:30:16,2249.15,831611
2021-06-15 09:30:17,2249.35,831787
2021-06-15 09:30:18,2249.15,831834
2021-06-15 09:30:19,2249.15,832400
2021-06-15 09:30:20,2249.4,832531
2021-06-15 09:30:21,2249.15,833020
2021-06-15 09:30:22,2249.3,833284
2021-06-15 09:30:23,2249.15,833701
2021-06-15 09:30:24,2249.15,834131
2021-06-15 09:30:25,2249.35,834444
2021-06-15 09:30:26,2249.5,834969
2021-06-15 09:30:27,2249.25,835193
2021-06-15 09:30:28,2249.25,835236
2021-06-15 09:30:29,2249.5,835824
2021-06-15 09:30:30,2249.25,835856
2021-06-15 09:30:31,2249.25,836221
2021-06-15 09:30:32,2249.45,836480
2021-06-15 09:30:33,2249.2,836525
2021-06-15 09:30:34,2249.4,836862
2021-06-15 09:30:35,2249.4,836864
2021-06-15 09:30:36,2249.2,837099
2021-06-15 09:30:37,2249.4,837275
2021-06-15 09:30:38,2249.2,837727
2021-06-15 09:30:39,2249.2,838210
2021-06-15 09:30:40,2249.5,838415
2021-06-15 09:30:41,2249.2,838465
2021-06-15 09:30:42,2249.25,838554
2021-06-15 09:30:43,2249.25,838725
2021-06-15 09:30:44,2249.45,839188
2021-06-15 09:30:44,2249.4,839178
2021-06-15 09:30:45,2249.4,839445
2021-06-15 09:30:46,2249.4,839487
2021-06-15 09:30:47,2249.4,839492
2021-06-15 09:30:48,2249.4,840138
2021-06-15 09:30:49,2249.4,840252
2021-06-15 09:30:50,2249.25,841963
2021-06-15 09:30:51,2249.15,842230
2021-06-15 09:30:52,2249.2,842351
2021-06-15 09:30:53,2249.2,843492
2021-06-15 09:30:54,2249.15,843804
2021-06-15 09:30:55,2249.15,843995
2021-06-15 09:30:56,2249.15,844650
2021-06-15 09:30:57,2249.5,844962
2021-06-15 09:30:58,2249.2,846499
2021-06-15 09:31:00,2249.15,854367
2021-06-15 09:31:01,2249.1,854370
2021-06-15 09:31:02,2249.15,854458
2021-06-15 09:31:03,2249.15,854563
2021-06-15 09:31:04,2249.25,854814
2021-06-15 09:31:05,2249.25,855332
2021-06-15 09:31:05,2249.25,855332
2021-06-15 09:31:06,2249.4,855497
2021-06-15 09:31:07,2249.3,855634
2021-06-15 09:31:10,2249.05,855973
2021-06-15 09:31:12,2249.0,860999
2021-06-15 09:31:13,2249.25,861510
2021-06-15 09:31:13,2249.0,861520
2021-06-15 09:31:14,2249.25,861525
2021-06-15 09:31:15,2249.2,861648
2021-06-15 09:31:16,2249.0,861934
2021-06-15 09:31:17,2249.0,862111
2021-06-15 09:31:18,2249.25,862455
2021-06-15 09:31:21,2249.25,862682
2021-06-15 09:31:23,2249.45,863274
2021-06-15 09:31:24,2249.3,864103
2021-06-15 09:31:24,2249.3,864103
2021-06-15 09:31:25,2249.0,864239
2021-06-15 09:31:27,2249.05,864416
2021-06-15 09:31:28,2249.0,864435
2021-06-15 09:31:29,2249.05,864487
2021-06-15 09:31:29,2249.0,864489
2021-06-15 09:31:30,2249.05,864708
2021-06-15 09:31:31,2249.0,864868
2021-06-15 09:31:33,2249.25,864948
2021-06-15 09:31:34,2249.15,865001
2021-06-15 09:31:35,2249.15,865159
2021-06-15 09:31:36,2249.15,865311
2021-06-15 09:31:36,2249.15,865331
2021-06-15 09:31:37,2249.05,865864
2021-06-15 09:31:39,2249.05,866169
2021-06-15 09:31:40,2249.1,866455
2021-06-15 09:31:41,2249.05,867673
2021-06-15 09:31:42,2249.05,868774
2021-06-15 09:31:43,2249.05,869047
2021-06-15 09:31:44,2249.05,869104
2021-06-15 09:31:45,2249.0,869454
2021-06-15 09:31:46,2249.0,871397
2021-06-15 09:31:46,2249.0,871397
2021-06-15 09:31:47,2249.05,871471
2021-06-15 09:31:48,2248.0,876279
2021-06-15 09:31:49,2248.0,877005
2021-06-15 09:31:50,2248.0,877092
2021-06-15 09:31:51,2248.0,877155
2021-06-15 09:31:52,2248.45,877824
2021-06-15 09:31:53,2248.0,878555
2021-06-15 09:31:55,2248.0,879049
2021-06-15 09:31:56,2248.6,879851
2021-06-15 09:31:57,2248.6,880076
2021-06-15 09:31:58,2248.0,881638
2021-06-15 09:31:59,2248.0,882271
2021-06-15 09:32:00,2248.0,882837
2021-06-15 09:32:01,2247.85,884307
2021-06-15 09:32:02,2247.7,886143
2021-06-15 09:32:03,2247.6,886445
2021-06-15 09:32:04,2247.5,886959
2021-06-15 09:32:05,2247.4,887133
2021-06-15 09:32:06,2247.0,887368
2021-06-15 09:32:07,2247.0,887833
2021-06-15 09:32:08,2247.5,888396
2021-06-15 09:32:09,2247.55,889498
2021-06-15 09:32:11,2247.05,889690
2021-06-15 09:32:12,2246.8,890147
2021-06-15 09:32:13,2247.05,891942
2021-06-15 09:32:14,2246.6,892528
2021-06-15 09:32:15,2246.85,893826
2021-06-15 09:32:16,2247.15,894639
2021-06-15 09:32:17,2246.25,894763
2021-06-15 09:32:18,2246.0,894990
2021-06-15 09:32:19,2246.85,895221
2021-06-15 09:32:20,2245.85,896621
2021-06-15 09:32:21,2245.75,897153
2021-06-15 09:32:22,2245.75,897450
2021-06-15 09:32:23,2245.75,898749
2021-06-15 09:32:24,2245.2,899842
2021-06-15 09:32:25,2245.2,902435
2021-06-15 09:32:26,2245.2,908999
2021-06-15 09:32:27,2245.25,911231
2021-06-15 09:32:28,2245.25,912014
2021-06-15 09:32:29,2245.25,913879
2021-06-15 09:32:30,2245.45,915893
2021-06-15 09:32:32,2245.25,916755
2021-06-15 09:32:33,2245.25,917350
2021-06-15 09:32:34,2245.25,918328
2021-06-15 09:32:35,2245.2,927195
2021-06-15 09:32:36,2245.15,928295
2021-06-15 09:32:37,2245.1,928988
2021-06-15 09:32:38,2245.1,937051
2021-06-15 09:32:39,2245.0,937928
2021-06-15 09:32:40,2245.0,939116
2021-06-15 09:32:42,2245.05,940551
2021-06-15 09:32:43,2245.05,940687
2021-06-15 09:32:43,2245.0,941035
2021-06-15 09:32:45,2245.0,941610
2021-06-15 09:32:46,2245.05,942631
2021-06-15 09:32:47,2245.25,943379
2021-06-15 09:32:47,2245.15,943380
2021-06-15 09:32:48,2245.05,943665
2021-06-15 09:32:49,2245.1,944447
2021-06-15 09:32:50,2245.0,946259
2021-06-15 09:32:51,2245.15,947063
2021-06-15 09:32:52,2245.15,949231
2021-06-15 09:32:53,2245.0,950897
2021-06-15 09:32:56,2244.75,956087
2021-06-15 09:32:57,2244.0,958321
2021-06-15 09:32:57,2243.65,958456
2021-06-15 09:32:58,2243.65,959733
2021-06-15 09:33:00,2244.7,960658
2021-06-15 09:33:01,2244.0,960896
2021-06-15 09:33:03,2244.15,961502
2021-06-15 09:33:04,2244.8,962003
2021-06-15 09:33:05,2244.2,962253
2021-06-15 09:33:05,2244.85,962284
2021-06-15 09:33:06,2244.15,962618
2021-06-15 09:33:07,2244.0,962829
2021-06-15 09:33:08,2244.05,963007
2021-06-15 09:33:09,2244.55,963212
2021-06-15 09:33:10,2244.35,963421
2021-06-15 09:33:12,2244.55,963833
2021-06-15 09:33:13,2244.35,964199
2021-06-15 09:33:14,2244.65,964577
2021-06-15 09:33:15,2244.65,965343
2021-06-15 09:33:16,2244.7,965446
2021-06-15 09:33:17,2244.7,966311
2021-06-15 09:33:18,2244.7,966420
2021-06-15 09:33:19,2244.7,966684
2021-06-15 09:33:20,2245.0,967032
2021-06-15 09:33:21,2244.75,967380
2021-06-15 09:33:22,2244.5,967860
2021-06-15 09:33:23,2244.7,967901
2021-06-15 09:33:24,2244.7,968506
2021-06-15 09:33:24,2244.7,968134
2021-06-15 09:33:25,2244.9,968781
2021-06-15 09:33:26,2244.95,969471
2021-06-15 09:33:27,2244.45,970103
2021-06-15 09:33:29,2244.55,970511
2021-06-15 09:33:30,2244.2,970936
2021-06-15 09:33:31,2244.4,971369
2021-06-15 09:33:32,2245.0,972705
2021-06-15 09:33:33,2244.95,973154
2021-06-15 09:33:34,2244.45,973848
2021-06-15 09:33:36,2244.65,975221
2021-06-15 09:33:37,2244.5,975417
2021-06-15 09:33:39,2244.85,977147
2021-06-15 09:33:39,2244.55,977170
2021-06-15 09:33:40,2244.85,977201
2021-06-15 09:33:41,2244.65,978179
2021-06-15 09:33:43,2244.9,978833
2021-06-15 09:33:44,2244.95,978938
2021-06-15 09:33:45,2244.95,980132
2021-06-15 09:33:46,2245.0,982267
2021-06-15 09:33:47,2245.35,982814
2021-06-15 09:33:48,2245.1,983182
2021-06-15 09:33:49,2245.05,983595
2021-06-15 09:33:50,2245.05,983657
2021-06-15 09:33:51,2245.05,983969
2021-06-15 09:33:52,2245.05,984105
2021-06-15 09:33:53,2245.25,984597
2021-06-15 09:33:54,2245.25,984681
2021-06-15 09:33:55,2245.0,985226
2021-06-15 09:33:59,2245.9,986820
2021-06-15 09:33:59,2245.9,986820
2021-06-15 09:34:01,2245.85,986940
2021-06-15 09:34:02,2246.3,988788
2021-06-15 09:34:03,2245.6,989155
2021-06-15 09:34:04,2245.7,989377
2021-06-15 09:34:05,2246.4,989674
2021-06-15 09:34:05,2246.85,991044
2021-06-15 09:34:07,2246.95,991408
2021-06-15 09:34:08,2246.7,991597
2021-06-15 09:34:09,2246.6,991820
2021-06-15 09:34:10,2246.25,992045
2021-06-15 09:34:11,2246.45,992542
2021-06-15 09:34:12,2246.45,992791
2021-06-15 09:34:13,2246.35,993690
2021-06-15 09:34:15,2246.45,994470
2021-06-15 09:34:16,2245.7,996468
2021-06-15 09:34:17,2246.2,996895
2021-06-15 09:34:18,2245.35,997375
2021-06-15 09:34:19,2245.2,999041
2021-06-15 09:34:20,2245.2,1001817
2021-06-15 09:34:21,2245.4,1002371
2021-06-15 09:34:22,2245.55,1003435
2021-06-15 09:34:23,2245.7,1003908
2021-06-15 09:34:25,2245.9,1004264
2021-06-15 09:34:25,2245.9,1004327
2021-06-15 09:34:27,2245.7,1004406
2021-06-15 09:34:28,2245.55,1004672
2021-06-15 09:34:29,2245.85,1004901
2021-06-15 09:34:30,2245.9,1005090
2021-06-15 09:34:31,2245.55,1005365
2021-06-15 09:34:31,2245.55,1005366
2021-06-15 09:34:33,2245.75,1005716
2021-06-15 09:34:34,2245.45,1005966
2021-06-15 09:34:35,2245.95,1006198
2021-06-15 09:34:36,2246.0,1006237
2021-06-15 09:34:37,2246.5,1006654
2021-06-15 09:34:38,2247.0,1006876
2021-06-15 09:34:39,2246.1,1006921
2021-06-15 09:34:40,2246.9,1007509
2021-06-15 09:34:41,2247.0,1007738
2021-06-15 09:34:42,2247.5,1009880
2021-06-15 09:34:42,2246.9,1009881
2021-06-15 09:34:44,2247.15,1011025
2021-06-15 09:34:45,2247.35,1011888
2021-06-15 09:34:46,2247.15,1012394
2021-06-15 09:34:47,2247.0,1013073
2021-06-15 09:34:48,2247.1,1013650
2021-06-15 09:34:49,2247.1,1014264
2021-06-15 09:34:52,2247.2,1015185
2021-06-15 09:34:53,2247.5,1016702
2021-06-15 09:34:54,2247.5,1017087
2021-06-15 09:34:55,2247.5,1017137
2021-06-15 09:34:56,2247.95,1017570
2021-06-15 09:34:57,2247.9,1017606
2021-06-15 09:34:58,2247.85,1018002
2021-06-15 09:34:59,2247.85,1018167
2021-06-15 09:34:59,2247.85,1018167
2021-06-15 09:35:00,2247.3,1018387
2021-06-15 09:35:01,2247.3,1018542
2021-06-15 09:35:02,2247.35,1018573
2021-06-15 09:35:04,2247.25,1018968
2021-06-15 09:35:05,2247.65,1020049
2021-06-15 09:35:06,2247.55,1020159
2021-06-15 09:35:07,2247.7,1020461
2021-06-15 09:35:08,2247.35,1020653
2021-06-15 09:35:09,2247.25,1020676
2021-06-15 09:35:10,2247.9,1020821
2021-06-15 09:35:11,2247.9,1020941
2021-06-15 09:35:12,2247.55,1021249
2021-06-15 09:35:13,2247.9,1021358
2021-06-15 09:35:14,2247.95,1021661
2021-06-15 09:35:15,2248.2,1022719
2021-06-15 09:35:16,2248.75,1023051
2021-06-15 09:35:17,2248.85,1023331
2021-06-15 09:35:18,2248.95,1023784
2021-06-15 09:35:19,2248.9,1024029
2021-06-15 09:35:20,2248.9,1024052
2021-06-15 09:35:21,2249.0,1024746
2021-06-15 09:35:21,2249.0,1024781
2021-06-15 09:35:22,2248.8,1025085
2021-06-15 09:35:25,2248.2,1026585
2021-06-15 09:35:27,2248.8,1027312
2021-06-15 09:35:28,2248.5,1027625
2021-06-15 09:35:29,2249.0,1027843
2021-06-15 09:35:30,2249.0,1027885
2021-06-15 09:35:30,2249.0,1027885
2021-06-15 09:35:32,2248.8,1028721
2021-06-15 09:35:33,2249.1,1029406
2021-06-15 09:35:34,2249.5,1030588
2021-06-15 09:35:35,2249.15,1030820
2021-06-15 09:35:36,2249.05,1030903
2021-06-15 09:35:37,2250.0,1031432
2021-06-15 09:35:38,2250.0,1031701
2021-06-15 09:35:39,2250.0,1031866
2021-06-15 09:35:40,2250.0,1032112
2021-06-15 09:35:41,2250.0,1033465
2021-06-15 09:35:42,2250.0,1033703
2021-06-15 09:35:43,2250.0,1035275
2021-06-15 09:35:45,2249.55,1036178
2021-06-15 09:35:46,2250.0,1036380
2021-06-15 09:35:47,2249.95,1036607
2021-06-15 09:35:48,2249.95,1036632
2021-06-15 09:35:49,2250.0,1037042
2021-06-15 09:35:50,2250.1,1037386
2021-06-15 09:35:51,2250.55,1037573
2021-06-15 09:35:52,2250.45,1037863
2021-06-15 09:35:54,2250.4,1038258
2021-06-15 09:35:55,2250.15,1038721
2021-06-15 09:35:56,2250.65,1039100
2021-06-15 09:35:57,2250.55,1039213
2021-06-15 09:35:58,2250.7,1039871
2021-06-15 09:35:59,2250.7,1040037
2021-06-15 09:36:00,2250.15,1040097
2021-06-15 09:36:01,2250.1,1040130
2021-06-15 09:36:02,2250.7,1040442
2021-06-15 09:36:03,2250.1,1040672
2021-06-15 09:36:04,2250.6,1040884
2021-06-15 09:36:05,2250.7,1041311
2021-06-15 09:36:06,2250.7,1041526
2021-06-15 09:36:07,2250.65,1041868
2021-06-15 09:36:08,2250.7,1042495
2021-06-15 09:36:09,2250.6,1042764
2021-06-15 09:36:10,2250.6,1043089
2021-06-15 09:36:11,2250.6,1043340
2021-06-15 09:36:12,2250.65,1043706
2021-06-15 09:36:13,2250.9,1044185
2021-06-15 09:36:14,2250.7,1044774
2021-06-15 09:36:15,2250.9,1045148
2021-06-15 09:36:16,2250.9,1045432
2021-06-15 09:36:17,2250.7,1045579
2021-06-15 09:36:18,2250.5,1046213
2021-06-15 09:36:19,2250.95,1046354
2021-06-15 09:36:20,2250.95,1046354
2021-06-15 09:36:21,2251.2,1047834
2021-06-15 09:36:22,2251.0,1047955
2021-06-15 09:36:23,2251.0,1048701
2021-06-15 09:36:24,2251.4,1048969
2021-06-15 09:36:25,2251.45,1050496
2021-06-15 09:36:26,2251.2,1050873
2021-06-15 09:36:27,2250.9,1051026
2021-06-15 09:36:28,2251.0,1051832
2021-06-15 09:36:29,2251.05,1052381
2021-06-15 09:36:30,2251.4,1052391
2021-06-15 09:36:31,2251.2,1052553
2021-06-15 09:36:32,2251.5,1052854
2021-06-15 09:36:33,2251.4,1053063
2021-06-15 09:36:34,2251.2,1053235
2021-06-15 09:36:35,2251.45,1053748
2021-06-15 09:36:36,2251.45,1053748
2021-06-15 09:36:37,2251.4,1055411
2021-06-15 09:36:38,2251.0,1055986
2021-06-15 09:36:39,2250.95,1056532
2021-06-15 09:36:40,2251.45,1056712
2021-06-15 09:36:41,2251.4,1057097
2021-06-15 09:36:42,2251.4,1057538
2021-06-15 09:36:43,2251.45,1057647
2021-06-15 09:36:44,2251.65,1058702
2021-06-15 09:36:45,2251.85,1058847
2021-06-15 09:36:47,2251.9,1059535
2021-06-15 09:36:48,2251.95,1059864
2021-06-15 09:36:49,2251.9,1060063
2021-06-15 09:36:50,2251.85,1060157
2021-06-15 09:36:51,2251.65,1060308
2021-06-15 09:36:52,2251.9,1060650
2021-06-15 09:36:53,2251.85,1062448
2021-06-15 09:36:54,2251.8,1062789
2021-06-15 09:36:55,2251.8,1062884
2021-06-15 09:36:56,2252.05,1066238
2021-06-15 09:36:57,2252.3,1066700
2021-06-15 09:36:58,2252.45,1067189
2021-06-15 09:36:59,2252.1,1069025
2021-06-15 09:37:00,2252.0,1069734
2021-06-15 09:37:01,2252.4,1071395
2021-06-15 09:37:02,2252.0,1072071
2021-06-15 09:37:03,2252.35,1072441
2021-06-15 09:37:04,2252.35,1073006
2021-06-15 09:37:05,2252.2,1073326
2021-06-15 09:37:06,2252.65,1075772
2021-06-15 09:37:07,2252.65,1076107
2021-06-15 09:37:08,2252.5,1076492
2021-06-15 09:37:09,2252.4,1076767
2021-06-15 09:37:10,2252.65,1078461
2021-06-15 09:37:11,2252.0,1078705
2021-06-15 09:37:12,2252.1,1078820
2021-06-15 09:37:13,2252.3,1078960
2021-06-15 09:37:14,2252.05,1079044
2021-06-15 09:37:15,2252.3,1079383
2021-06-15 09:37:16,2252.3,1080288
2021-06-15 09:37:17,2252.3,1080403
2021-06-15 09:37:18,2252.0,1080738
2021-06-15 09:37:19,2252.0,1080838
2021-06-15 09:37:20,2252.2,1083221
2021-06-15 09:37:21,2252.3,1083740
2021-06-15 09:37:22,2252.3,1084007
2021-06-15 09:37:24,2252.2,1085262
2021-06-15 09:37:25,2252.3,1086642
2021-06-15 09:37:26,2252.05,1086807
2021-06-15 09:37:27,2252.05,1086807
2021-06-15 09:37:28,2252.2,1086949
2021-06-15 09:37:29,2252.05,1087359
2021-06-15 09:37:30,2252.2,1088694
2021-06-15 09:37:31,2252.0,1088874
2021-06-15 09:37:32,2252.3,1089235
2021-06-15 09:37:33,2252.3,1089235
2021-06-15 09:37:34,2252.3,1089294
2021-06-15 09:37:35,2252.25,1089745
2021-06-15 09:37:36,2252.25,1089797
2021-06-15 09:37:38,2252.3,1091188
2021-06-15 09:37:39,2252.0,1091286
2021-06-15 09:37:40,2252.25,1091556
2021-06-15 09:37:41,2252.0,1091687
2021-06-15 09:37:42,2252.2,1091789
2021-06-15 09:37:44,2252.2,1093312
2021-06-15 09:37:45,2252.25,1093352
2021-06-15 09:37:46,2252.25,1093352
2021-06-15 09:37:47,2252.2,1094254
2021-06-15 09:37:48,2252.3,1095866
2021-06-15 09:37:49,2252.2,1096438
2021-06-15 09:37:50,2252.15,1096612
2021-06-15 09:37:51,2252.2,1097041
2021-06-15 09:37:53,2252.25,1097801
2021-06-15 09:37:54,2252.05,1097852
2021-06-15 09:37:55,2252.3,1098122
2021-06-15 09:37:56,2252.25,1098500
2021-06-15 09:37:57,2252.2,1099080
2021-06-15 09:37:58,2252.25,1099249
2021-06-15 09:38:00,2252.25,1099843
2021-06-15 09:38:01,2252.1,1100287
2021-06-15 09:38:01,2252.2,1100387
2021-06-15 09:38:02,2252.1,1100524
2021-06-15 09:38:03,2252.25,1100693
2021-06-15 09:38:04,2252.5,1101694
2021-06-15 09:38:05,2252.3,1101712
2021-06-15 09:38:06,2252.3,1101722
2021-06-15 09:38:07,2252.35,1102163
2021-06-15 09:38:08,2252.8,1102381
2021-06-15 09:38:10,2253.05,1107900
2021-06-15 09:38:10,2253.6,1107945
2021-06-15 09:38:11,2253.55,1107948
2021-06-15 09:38:12,2253.45,1108040
2021-06-15 09:38:13,2253.5,1108180
2021-06-15 09:38:14,2253.05,1108442
2021-06-15 09:38:15,2253.5,1108557
2021-06-15 09:38:16,2253.15,1108832
2021-06-15 09:38:17,2253.5,1109227
2021-06-15 09:38:18,2253.55,1109656
2021-06-15 09:38:20,2253.0,1109946
2021-06-15 09:38:20,2253.0,1109945
2021-06-15 09:38:21,2253.4,1110241
2021-06-15 09:38:22,2253.1,1110899
2021-06-15 09:38:23,2253.45,1111501
2021-06-15 09:38:24,2253.55,1112175
2021-06-15 09:38:25,2253.75,1113250
2021-06-15 09:38:27,2254.15,1115676
2021-06-15 09:38:28,2254.0,1115734
2021-06-15 09:38:29,2254.4,1117090
2021-06-15 09:38:30,2254.4,1117420
2021-06-15 09:38:31,2253.75,1118631
2021-06-15 09:38:32,2254.1,1118803
2021-06-15 09:38:32,2253.8,1118767
2021-06-15 09:38:33,2254.2,1119151
2021-06-15 09:38:34,2254.25,1119703
2021-06-15 09:38:35,2254.0,1120644
2021-06-15 09:38:36,2254.4,1121071
2021-06-15 09:38:37,2254.2,1121332
2021-06-15 09:38:38,2254.5,1121476
2021-06-15 09:38:39,2255.0,1122608
2021-06-15 09:38:40,2255.0,1124020
2021-06-15 09:38:41,2255.0,1124115
2021-06-15 09:38:43,2255.2,1129778
2021-06-15 09:38:44,2255.0,1129978
2021-06-15 09:38:45,2255.5,1130676
2021-06-15 09:38:46,2255.5,1130988
2021-06-15 09:38:48,2255.4,1131727
2021-06-15 09:38:49,2255.4,1132093
2021-06-15 09:38:49,2255.4,1132088
2021-06-15 09:38:50,2255.3,1133759
2021-06-15 09:38:51,2255.75,1134920
2021-06-15 09:38:52,2255.65,1135174
2021-06-15 09:38:53,2255.3,1136378
2021-06-15 09:38:54,2255.65,1137138
2021-06-15 09:38:55,2255.6,1137598
2021-06-15 09:38:56,2255.5,1138178
2021-06-15 09:38:57,2255.6,1138655
2021-06-15 09:38:58,2255.6,1138839
2021-06-15 09:38:59,2255.6,1138985
2021-06-15 09:39:00,2255.3,1139118
2021-06-15 09:39:02,2255.3,1139283
2021-06-15 09:39:02,2255.5,1139278
2021-06-15 09:39:04,2255.5,1140375
2021-06-15 09:39:05,2255.45,1141490
2021-06-15 09:39:06,2255.6,1143005
2021-06-15 09:39:07,2255.7,1144174
2021-06-15 09:39:08,2255.5,1144478
2021-06-15 09:39:09,2255.5,1144614
2021-06-15 09:39:10,2255.5,1145011
2021-06-15 09:39:11,2255.6,1145745
2021-06-15 09:39:12,2255.35,1146325
2021-06-15 09:39:13,2255.2,1146714
2021-06-15 09:39:14,2255.5,1147338
2021-06-15 09:39:15,2255.2,1147899
2021-06-15 09:39:16,2255.5,1149484
2021-06-15 09:39:17,2255.35,1149786
2021-06-15 09:39:18,2255.2,1149809
2021-06-15 09:39:19,2255.5,1150373
2021-06-15 09:39:20,2255.0,1150767
2021-06-15 09:39:21,2254.3,1152917
2021-06-15 09:39:22,2254.75,1153508
2021-06-15 09:39:23,2253.35,1155507
2021-06-15 09:39:24,2254.3,1155760
2021-06-15 09:39:25,2253.1,1157141
2021-06-15 09:39:26,2252.25,1158566
2021-06-15 09:39:28,2253.0,1159460
2021-06-15 09:39:28,2253.0,1159460
2021-06-15 09:39:29,2252.6,1160278
2021-06-15 09:39:30,2252.7,1161126
2021-06-15 09:39:31,2253.95,1161770
2021-06-15 09:39:32,2252.9,1162021
2021-06-15 09:39:33,2252.7,1162826
2021-06-15 09:39:34,2252.7,1163143
2021-06-15 09:39:35,2252.5,1163723
2021-06-15 09:39:36,2253.65,1163808
2021-06-15 09:39:37,2253.75,1164247
2021-06-15 09:39:38,2253.0,1164302
2021-06-15 09:39:39,2253.15,1165463
2021-06-15 09:39:40,2253.2,1165634
2021-06-15 09:39:42,2252.85,1166208
2021-06-15 09:39:43,2252.0,1166385
2021-06-15 09:39:44,2252.8,1167404
2021-06-15 09:39:45,2252.7,1167551
2021-06-15 09:39:46,2252.0,1167629
2021-06-15 09:39:47,2252.65,1167750
2021-06-15 09:39:48,2252.3,1167781
2021-06-15 09:39:49,2252.0,1168170
2021-06-15 09:39:50,2252.3,1168172
2021-06-15 09:39:51,2252.65,1168795
2021-06-15 09:39:52,2252.0,1168910
2021-06-15 09:39:53,2252.15,1169274
2021-06-15 09:39:54,2252.95,1169288
2021-06-15 09:39:56,2253.0,1170046
2021-06-15 09:39:57,2253.0,1170296
2021-06-15 09:39:58,2253.0,1170326
2021-06-15 09:39:59,2252.95,1170480
2021-06-15 09:40:00,2252.95,1170539
2021-06-15 09:40:00,2252.95,1170539
2021-06-15 09:40:01,2253.2,1172670
2021-06-15 09:40:02,2252.9,1172801
2021-06-15 09:40:03,2253.2,1173234
2021-06-15 09:40:04,2252.5,1173926
2021-06-15 09:40:05,2253.2,1174033
2021-06-15 09:40:07,2252.9,1174382
2021-06-15 09:40:08,2252.15,1175167
2021-06-15 09:40:09,2253.1,1175396
2021-06-15 09:40:11,2253.15,1175505
2021-06-15 09:40:12,2253.3,1176024
2021-06-15 09:40:12,2252.85,1176025
2021-06-15 09:40:13,2252.8,1176438
2021-06-15 09:40:14,2253.25,1176949
2021-06-15 09:40:15,2252.5,1177079
2021-06-15 09:40:16,2252.2,1177420
2021-06-15 09:40:18,2252.85,1178596
2021-06-15 09:40:20,2252.85,1179419
2021-06-15 09:40:21,2252.85,1179432
2021-06-15 09:40:22,2252.0,1179827
2021-06-15 09:40:23,2252.55,1180376
2021-06-15 09:40:24,2252.0,1180718
2021-06-15 09:40:25,2252.5,1180773
2021-06-15 09:40:26,2252.0,1181092
2021-06-15 09:40:27,2251.65,1187504
2021-06-15 09:40:28,2251.65,1187544
2021-06-15 09:40:29,2251.0,1188028
2021-06-15 09:40:29,2251.65,1188029
2021-06-15 09:40:30,2251.0,1188335
2021-06-15 09:40:31,2251.4,1188687
2021-06-15 09:40:32,2251.3,1188749
2021-06-15 09:40:33,2250.9,1189087
2021-06-15 09:40:34,2250.2,1189269
2021-06-15 09:40:36,2250.85,1189913
2021-06-15 09:40:37,2251.0,1190096
2021-06-15 09:40:37,2251.2,1190123
2021-06-15 09:40:38,2250.85,1190632
2021-06-15 09:40:39,2250.85,1190820
2021-06-15 09:40:40,2250.2,1190831
2021-06-15 09:40:42,2250.25,1190895
2021-06-15 09:40:43,2250.15,1191004
2021-06-15 09:40:43,2250.15,1191004
2021-06-15 09:40:44,2250.8,1191628
2021-06-15 09:40:45,2250.2,1192103
2021-06-15 09:40:46,2250.8,1192179
2021-06-15 09:40:47,2250.15,1193333
2021-06-15 09:40:48,2250.4,1195529
2021-06-15 09:40:49,2250.0,1195638
2021-06-15 09:40:50,2250.15,1195695
2021-06-15 09:40:52,2250.2,1196690
2021-06-15 09:40:53,2251.1,1201091
2021-06-15 09:40:54,2251.7,1201579
2021-06-15 09:40:54,2251.7,1201579
2021-06-15 09:40:55,2251.45,1201734
2021-06-15 09:40:56,2251.45,1201760
2021-06-15 09:40:57,2251.65,1202050
2021-06-15 09:40:58,2251.9,1202137
2021-06-15 09:40:59,2251.25,1202362
2021-06-15 09:41:00,2250.2,1202823
2021-06-15 09:41:01,2250.65,1204819
2021-06-15 09:41:03,2250.1,1204821
2021-06-15 09:41:04,2250.05,1205381
2021-06-15 09:41:05,2250.75,1205477
2021-06-15 09:41:06,2250.7,1205646
2021-06-15 09:41:06,2250.2,1205653
2021-06-15 09:41:07,2250.9,1205956
2021-06-15 09:41:08,2250.25,1206007
2021-06-15 09:41:09,2250.95,1206012
2021-06-15 09:41:10,2250.25,1206104
2021-06-15 09:41:12,2250.3,1206276
2021-06-15 09:41:14,2250.6,1206675
2021-06-15 09:41:16,2251.0,1206797
2021-06-15 09:41:17,2250.75,1206810
2021-06-15 09:41:18,2250.2,1207020
2021-06-15 09:41:19,2250.2,1207105
2021-06-15 09:41:20,2250.6,1207231
2021-06-15 09:41:20,2250.9,1207356
2021-06-15 09:41:21,2250.6,1207561
2021-06-15 09:41:22,2250.95,1207670
2021-06-15 09:41:23,2250.9,1207679
2021-06-15 09:41:25,2250.3,1207901
2021-06-15 09:41:26,2250.5,1208050
2021-06-15 09:41:27,2250.9,1208100
2021-06-15 09:41:28,2250.8,1208200
2021-06-15 09:41:28,2250.8,1208210
2021-06-15 09:41:29,2250.3,1208321
2021-06-15 09:41:30,2250.9,1208429
2021-06-15 09:41:31,2250.95,1208479
2021-06-15 09:41:33,2250.75,1208863
2021-06-15 09:41:34,2251.0,1212519
2021-06-15 09:41:35,2250.55,1212969
2021-06-15 09:41:36,2251.0,1213004
2021-06-15 09:41:36,2251.0,1213004
2021-06-15 09:41:37,2251.0,1213062
2021-06-15 09:41:38,2250.9,1213175
2021-06-15 09:41:39,2250.9,1213175
2021-06-15 09:41:40,2251.0,1213259
2021-06-15 09:41:41,2251.5,1213398
2021-06-15 09:41:43,2250.95,1213573
2021-06-15 09:41:44,2250.5,1216198
2021-06-15 09:41:45,2250.55,1216300
2021-06-15 09:41:46,2250.5,1216345
2021-06-15 09:41:47,2250.5,1216471
2021-06-15 09:41:48,2250.0,1217336
2021-06-15 09:41:49,2250.2,1217422
2021-06-15 09:41:50,2250.0,1218041
2021-06-15 09:41:50,2250.2,1218061
2021-06-15 09:41:52,2250.35,1218763
2021-06-15 09:41:53,2250.0,1219365
2021-06-15 09:41:54,2250.0,1221947
2021-06-15 09:41:55,2250.45,1222059
2021-06-15 09:41:56,2250.0,1222436
2021-06-15 09:41:58,2250.3,1222441
2021-06-15 09:41:59,2250.3,1222483
2021-06-15 09:42:00,2250.2,1222556
2021-06-15 09:42:00,2250.2,1222556
2021-06-15 09:42:01,2250.2,1223107
2021-06-15 09:42:02,2250.75,1223178
2021-06-15 09:42:03,2250.1,1223470
2021-06-15 09:42:04,2250.7,1223623
2021-06-15 09:42:05,2250.65,1223624
2021-06-15 09:42:06,2250.1,1223680
2021-06-15 09:42:08,2250.6,1223808
2021-06-15 09:42:09,2250.0,1224074
2021-06-15 09:42:11,2250.45,1224936
2021-06-15 09:42:12,2250.0,1225104
2021-06-15 09:42:13,2250.25,1227396
2021-06-15 09:42:13,2250.25,1227396
2021-06-15 09:42:14,2250.0,1227896
2021-06-15 09:42:15,2250.05,1229433
2021-06-15 09:42:16,2249.25,1230400
2021-06-15 09:42:17,2249.0,1231055
2021-06-15 09:42:18,2248.9,1231133
2021-06-15 09:42:20,2248.7,1231305
2021-06-15 09:42:21,2248.55,1231438
2021-06-15 09:42:23,2249.25,1231605
2021-06-15 09:42:24,2249.25,1232087
2021-06-15 09:42:25,2249.25,1232099
2021-06-15 09:42:26,2248.25,1232721
2021-06-15 09:42:27,2248.25,1233044
2021-06-15 09:42:28,2248.35,1233395
2021-06-15 09:42:28,2248.1,1235653
2021-06-15 09:42:29,2248.1,1236013
2021-06-15 09:42:30,2248.1,1236244
2021-06-15 09:42:31,2248.8,1236417
2021-06-15 09:42:33,2248.85,1236501
2021-06-15 09:42:34,2248.1,1236618
2021-06-15 09:42:34,2248.65,1237321
2021-06-15 09:42:36,2248.0,1237683
2021-06-15 09:42:37,2248.2,1237768
2021-06-15 09:42:38,2247.95,1238620
2021-06-15 09:42:38,2247.95,1238642
2021-06-15 09:42:39,2248.1,1239053
2021-06-15 09:42:40,2247.75,1239130
2021-06-15 09:42:42,2247.8,1239543
2021-06-15 09:42:43,2248.0,1239632
2021-06-15 09:42:44,2248.0,1239737
2021-06-15 09:42:45,2248.0,1240234
2021-06-15 09:42:46,2248.45,1240238
2021-06-15 09:42:46,2248.0,1240248
2021-06-15 09:42:47,2248.25,1240781
2021-06-15 09:42:48,2248.55,1240836
2021-06-15 09:42:50,2248.15,1242761
2021-06-15 09:42:51,2248.15,1242868
2021-06-15 09:42:52,2248.3,1243008
2021-06-15 09:42:53,2248.3,1243090
2021-06-15 09:42:54,2248.85,1243441
2021-06-15 09:42:55,2248.05,1243495
2021-06-15 09:42:56,2248.45,1243525
2021-06-15 09:42:56,2248.45,1243556
2021-06-15 09:42:57,2248.1,1243583
2021-06-15 09:42:59,2248.7,1243902
2021-06-15 09:43:00,2247.75,1244012
2021-06-15 09:43:01,2248.9,1244132
2021-06-15 09:43:02,2249.5,1244893
2021-06-15 09:43:03,2249.5,1244893
2021-06-15 09:43:04,2249.25,1245001
2021-06-15 09:43:06,2249.25,1245236
2021-06-15 09:43:07,2248.8,1245330
2021-06-15 09:43:09,2249.5,1245505
2021-06-15 09:43:10,2248.8,1245587
2021-06-15 09:43:11,2248.8,1245587
2021-06-15 09:43:12,2249.7,1246753
2021-06-15 09:43:14,2249.0,1246764
2021-06-15 09:43:15,2248.85,1247321
2021-06-15 09:43:16,2249.6,1247691
2021-06-15 09:43:17,2248.9,1247906
2021-06-15 09:43:18,2249.5,1248341
2021-06-15 09:43:19,2249.5,1248378
2021-06-15 09:43:19,2249.5,1248378
2021-06-15 09:43:20,2249.05,1248637
2021-06-15 09:43:21,2249.05,1248645
2021-06-15 09:43:22,2249.05,1249158
2021-06-15 09:43:24,2249.9,1249666
2021-06-15 09:43:25,2249.5,1249938
2021-06-15 09:43:27,2249.05,1250639
2021-06-15 09:43:29,2249.75,1251431
2021-06-15 09:43:29,2249.75,1251431
2021-06-15 09:43:30,2249.1,1251551
2021-06-15 09:43:31,2250.0,1251601
2021-06-15 09:43:33,2249.8,1252129
2021-06-15 09:43:34,2249.5,1252136
2021-06-15 09:43:36,2249.5,1252186
2021-06-15 09:43:37,2249.75,1252240
2021-06-15 09:43:38,2249.5,1252283
2021-06-15 09:43:39,2249.75,1252544
2021-06-15 09:43:39,2249.75,1252547
2021-06-15 09:43:40,2249.0,1256783
2021-06-15 09:43:41,2249.0,1256786
2021-06-15 09:43:43,2249.3,1257090
2021-06-15 09:43:44,2249.05,1257122
2021-06-15 09:43:45,2249.2,1257149
2021-06-15 09:43:46,2249.15,1257157
2021-06-15 09:43:47,2249.0,1257691
2021-06-15 09:43:48,2248.8,1258107
2021-06-15 09:43:50,2248.95,1258229
2021-06-15 09:43:51,2248.8,1258265
2021-06-15 09:43:52,2248.8,1258487
2021-06-15 09:43:53,2248.8,1258582
2021-06-15 09:43:54,2248.45,1258828
2021-06-15 09:43:54,2248.05,1258829
2021-06-15 09:43:55,2248.8,1258861
2021-06-15 09:43:56,2248.05,1259066
2021-06-15 09:43:57,2248.95,1259079
2021-06-15 09:43:58,2248.95,1259090
2021-06-15 09:43:59,2249.25,1262219
2021-06-15 09:44:00,2249.3,1266572
2021-06-15 09:44:02,2249.3,1266802
2021-06-15 09:44:03,2250.0,1267062
2021-06-15 09:44:04,2250.0,1267121
2021-06-15 09:44:05,2250.0,1267125
2021-06-15 09:44:06,2250.0,1267574
2021-06-15 09:44:07,2249.15,1267906
2021-06-15 09:44:08,2250.0,1268006
2021-06-15 09:44:08,2250.0,1268016
2021-06-15 09:44:10,2249.6,1268103
2021-06-15 09:44:09,2249.6,1268033
2021-06-15 09:44:12,2250.0,1268138
2021-06-15 09:44:13,2250.0,1268642
2021-06-15 09:44:14,2250.0,1268679
2021-06-15 09:44:15,2249.35,1269459
2021-06-15 09:44:16,2249.25,1269695
2021-06-15 09:44:17,2249.25,1269745
2021-06-15 09:44:18,2249.5,1269748
2021-06-15 09:44:19,2249.3,1269751
2021-06-15 09:44:20,2249.3,1269863
2021-06-15 09:44:21,2249.2,1270002
2021-06-15 09:44:22,2249.5,1271156
2021-06-15 09:44:24,2249.55,1271331
2021-06-15 09:44:25,2249.2,1271544
2021-06-15 09:44:26,2249.0,1271804
2021-06-15 09:44:27,2249.25,1271841
2021-06-15 09:44:28,2249.3,1272144
2021-06-15 09:44:29,2249.35,1272808
2021-06-15 09:44:30,2249.85,1272869
2021-06-15 09:44:31,2249.85,1273235
2021-06-15 09:44:32,2249.9,1273238
2021-06-15 09:44:33,2249.35,1273460
2021-06-15 09:44:34,2249.35,1273497
2021-06-15 09:44:34,2249.9,1273787
2021-06-15 09:44:36,2249.95,1273807
2021-06-15 09:44:37,2249.55,1273827
2021-06-15 09:44:38,2250.0,1276045
2021-06-15 09:44:39,2250.0,1276271
2021-06-15 09:44:41,2250.2,1278041
2021-06-15 09:44:41,2250.25,1278043
2021-06-15 09:44:44,2250.25,1278096
2021-06-15 09:44:45,2250.0,1278134
2021-06-15 09:44:46,2250.0,1278139
2021-06-15 09:44:47,2250.2,1278344
2021-06-15 09:44:48,2250.2,1278349
2021-06-15 09:44:49,2250.2,1278359
2021-06-15 09:44:49,2250.2,1278359
2021-06-15 09:44:51,2250.05,1278369
2021-06-15 09:44:52,2250.15,1278477
2021-06-15 09:44:53,2250.0,1278587
2021-06-15 09:44:54,2250.2,1278882
2021-06-15 09:44:54,2250.2,1278903
2021-06-15 09:44:56,2249.9,1279243
2021-06-15 09:44:57,2250.25,1279603
2021-06-15 09:44:58,2250.15,1279708
2021-06-15 09:44:59,2249.9,1280327
2021-06-15 09:45:00,2249.55,1280829
2021-06-15 09:45:01,2249.9,1281199
2021-06-15 09:45:01,2249.9,1281199
2021-06-15 09:45:04,2249.45,1281513
2021-06-15 09:45:06,2249.9,1281790
2021-06-15 09:45:07,2250.0,1281856
2021-06-15 09:45:07,2249.35,1281865
2021-06-15 09:45:09,2249.35,1282098
2021-06-15 09:45:10,2249.15,1282398
2021-06-15 09:45:11,2249.2,1282440
2021-06-15 09:45:13,2249.5,1282458
2021-06-15 09:45:14,2249.15,1282885
2021-06-15 09:45:15,2249.15,1282966
2021-06-15 09:45:16,2249.5,1283031
2021-06-15 09:45:17,2249.35,1283440
2021-06-15 09:45:17,2249.35,1283440
2021-06-15 09:45:19,2249.35,1283539
2021-06-15 09:45:20,2249.35,1283585
2021-06-15 09:45:21,2249.1,1284291
2021-06-15 09:45:22,2249.0,1284473
2021-06-15 09:45:23,2249.25,1284499
2021-06-15 09:45:24,2249.25,1284503
2021-06-15 09:45:25,2249.0,1284509
2021-06-15 09:45:25,2249.25,1284510
2021-06-15 09:45:28,2249.25,1284645
2021-06-15 09:45:29,2249.6,1284681
2021-06-15 09:45:30,2249.6,1285544
2021-06-15 09:45:30,2249.6,1285544
2021-06-15 09:45:32,2249.6,1285645
2021-06-15 09:45:33,2249.0,1285745
2021-06-15 09:45:34,2249.8,1286300
2021-06-15 09:45:35,2249.9,1286548
2021-06-15 09:45:37,2249.25,1286815
2021-06-15 09:45:38,2249.25,1286815
2021-06-15 09:45:39,2249.6,1286842
2021-06-15 09:45:39,2249.6,1286842
2021-06-15 09:45:41,2249.9,1286874
2021-06-15 09:45:42,2249.9,1286874
2021-06-15 09:45:43,2249.25,1287015
2021-06-15 09:45:45,2249.9,1287210
2021-06-15 09:45:45,2249.9,1287210
2021-06-15 09:45:46,2249.95,1287642
2021-06-15 09:45:47,2249.6,1287746
2021-06-15 09:45:49,2249.25,1287846
2021-06-15 09:45:50,2249.25,1287898
2021-06-15 09:45:51,2249.25,1288404
2021-06-15 09:45:52,2249.35,1288424
2021-06-15 09:45:53,2249.35,1288424
2021-06-15 09:45:54,2249.6,1288573
2021-06-15 09:45:55,2249.25,1288919
2021-06-15 09:45:56,2249.25,1289144
2021-06-15 09:45:56,2249.25,1289144
2021-06-15 09:45:58,2249.7,1289377
2021-06-15 09:46:00,2249.0,1289925
2021-06-15 09:46:01,2249.0,1290037
2021-06-15 09:46:02,2249.35,1290159
2021-06-15 09:46:02,2249.35,1290159
2021-06-15 09:46:03,2249.0,1290440
2021-06-15 09:46:04,2249.0,1290449
2021-06-15 09:46:05,2249.0,1291352
2021-06-15 09:46:06,2249.2,1291703
2021-06-15 09:46:08,2248.9,1291923
2021-06-15 09:46:09,2248.9,1291926
2021-06-15 09:46:10,2248.9,1292015
2021-06-15 09:46:11,2248.85,1292016
2021-06-15 09:46:12,2249.0,1292182
2021-06-15 09:46:13,2249.0,1292272
2021-06-15 09:46:14,2249.0,1292351
2021-06-15 09:46:15,2249.0,1292402
2021-06-15 09:46:15,2248.9,1292700
2021-06-15 09:46:17,2248.55,1292841
2021-06-15 09:46:18,2248.55,1292964
2021-06-15 09:46:19,2248.55,1293091
2021-06-15 09:46:20,2248.25,1293170
2021-06-15 09:46:21,2248.75,1293263
2021-06-15 09:46:22,2248.7,1293519
2021-06-15 09:46:23,2248.55,1294528
2021-06-15 09:46:24,2248.0,1295180
2021-06-15 09:46:25,2248.0,1295180
2021-06-15 09:46:26,2248.35,1295261
2021-06-15 09:46:27,2248.6,1295631
2021-06-15 09:46:28,2248.85,1295674
2021-06-15 09:46:29,2248.55,1295719
2021-06-15 09:46:31,2248.75,1295729
2021-06-15 09:46:30,2248.75,1295729
2021-06-15 09:46:32,2248.7,1295901
2021-06-15 09:46:33,2248.55,1295944
2021-06-15 09:46:34,2248.35,1295995
2021-06-15 09:46:35,2248.0,1296447
2021-06-15 09:46:36,2248.55,1297565
2021-06-15 09:46:37,2248.55,1297565
2021-06-15 09:46:38,2248.0,1297587
2021-06-15 09:46:39,2248.3,1297725
2021-06-15 09:46:40,2248.55,1298099
2021-06-15 09:46:41,2248.55,1298214
2021-06-15 09:46:42,2248.1,1298326
2021-06-15 09:46:43,2248.05,1298487
2021-06-15 09:46:44,2248.05,1298487
2021-06-15 09:46:45,2248.45,1298518
2021-06-15 09:46:46,2248.05,1298599
2021-06-15 09:46:47,2248.0,1299099
2021-06-15 09:46:48,2248.0,1300682
2021-06-15 09:46:49,2248.05,1300941
2021-06-15 09:46:50,2248.05,1301047
2021-06-15 09:46:51,2247.65,1301317
2021-06-15 09:46:52,2247.65,1301317
2021-06-15 09:46:53,2247.8,1301422
2021-06-15 09:46:54,2247.6,1301867
2021-06-15 09:46:55,2247.6,1301870
2021-06-15 09:46:56,2247.8,1302376
2021-06-15 09:46:58,2246.55,1308493
2021-06-15 09:46:59,2246.0,1309715
2021-06-15 09:47:00,2246.1,1310200
2021-06-15 09:47:01,2246.0,1310625
2021-06-15 09:47:02,2246.5,1311854
2021-06-15 09:47:03,2245.65,1313089
2021-06-15 09:47:04,2245.9,1313380
2021-06-15 09:47:05,2245.4,1313793
2021-06-15 09:47:06,2245.1,1315247
2021-06-15 09:47:07,2245.1,1315247
2021-06-15 09:47:08,2245.1,1315676
2021-06-15 09:47:09,2245.1,1316830
2021-06-15 09:47:10,2245.0,1317542
2021-06-15 09:47:11,2245.0,1318137
2021-06-15 09:47:13,2245.3,1318775
2021-06-15 09:47:12,2245.3,1318775
2021-06-15 09:47:14,2245.3,1318981
2021-06-15 09:47:15,2245.3,1319338
2021-06-15 09:47:16,2245.0,1319673
2021-06-15 09:47:17,2245.0,1319748
2021-06-15 09:47:18,2245.3,1319874
2021-06-15 09:47:19,2245.7,1320694
2021-06-15 09:47:20,2245.0,1320784
2021-06-15 09:47:21,2246.2,1321317
2021-06-15 09:47:22,2246.0,1321698
2021-06-15 09:47:23,2246.0,1321732
2021-06-15 09:47:24,2246.5,1321795
2021-06-15 09:47:25,2246.65,1322160
2021-06-15 09:47:26,2245.95,1322924
2021-06-15 09:47:27,2246.6,1323474
2021-06-15 09:47:28,2246.5,1323596
2021-06-15 09:47:30,2245.8,1323954
2021-06-15 09:47:31,2245.8,1324315
2021-06-15 09:47:32,2246.1,1325303
2021-06-15 09:47:33,2246.55,1325818
2021-06-15 09:47:34,2246.55,1326034
2021-06-15 09:47:35,2246.55,1326720
2021-06-15 09:47:36,2246.55,1326776
2021-06-15 09:47:37,2245.95,1326835
2021-06-15 09:47:38,2246.0,1327030
2021-06-15 09:47:39,2245.9,1327130
2021-06-15 09:47:40,2245.95,1327140
2021-06-15 09:47:41,2245.85,1327627
2021-06-15 09:47:42,2246.7,1327696
2021-06-15 09:47:43,2246.05,1327749
2021-06-15 09:47:44,2246.05,1327749
2021-06-15 09:47:45,2246.05,1327815
2021-06-15 09:47:46,2246.6,1327877
2021-06-15 09:47:50,2246.7,1328535
2021-06-15 09:47:51,2246.65,1328733
2021-06-15 09:47:52,2246.65,1328733
2021-06-15 09:47:53,2246.6,1328903
2021-06-15 09:47:54,2246.6,1329088
2021-06-15 09:47:56,2246.65,1329664
2021-06-15 09:47:57,2246.6,1329820
2021-06-15 09:47:58,2246.35,1332102
2021-06-15 09:48:00,2246.4,1332475
2021-06-15 09:48:01,2246.4,1332476
2021-06-15 09:48:02,2246.6,1332814
2021-06-15 09:48:06,2246.35,1335374
2021-06-15 09:48:07,2246.0,1335809
2021-06-15 09:48:08,2246.4,1335966
2021-06-15 09:48:09,2246.45,1336209
2021-06-15 09:48:11,2246.4,1339467
2021-06-15 09:48:10,2246.4,1339467
2021-06-15 09:48:12,2246.4,1339755
2021-06-15 09:48:13,2247.4,1342422
2021-06-15 09:48:14,2247.0,1342505
2021-06-15 09:48:15,2247.0,1342826
2021-06-15 09:48:16,2247.4,1342954
2021-06-15 09:48:17,2247.0,1343211
2021-06-15 09:48:18,2247.0,1343231
2021-06-15 09:48:19,2247.0,1343240
2021-06-15 09:48:20,2247.0,1343240
2021-06-15 09:48:21,2247.0,1343343
2021-06-15 09:48:22,2247.4,1343403
2021-06-15 09:48:24,2246.95,1343482
2021-06-15 09:48:25,2247.15,1343672
2021-06-15 09:48:26,2246.85,1344071
2021-06-15 09:48:29,2247.15,1344363
2021-06-15 09:48:29,2246.8,1344807
2021-06-15 09:48:30,2246.8,1344807
2021-06-15 09:48:31,2247.2,1345028
2021-06-15 09:48:32,2247.2,1345053
2021-06-15 09:48:33,2247.15,1345310
2021-06-15 09:48:34,2247.25,1345319
2021-06-15 09:48:36,2247.25,1345425
2021-06-15 09:48:36,2247.25,1345435
2021-06-15 09:48:37,2246.6,1345440
2021-06-15 09:48:38,2247.25,1345473
2021-06-15 09:48:39,2247.25,1345517
2021-06-15 09:48:40,2247.15,1345620
2021-06-15 09:48:41,2247.2,1345665
2021-06-15 09:48:43,2247.25,1345670
2021-06-15 09:48:44,2247.2,1345743
2021-06-15 09:48:44,2247.2,1345758
2021-06-15 09:48:46,2247.2,1345773
2021-06-15 09:48:46,2247.2,1345773
2021-06-15 09:48:47,2247.4,1346063
2021-06-15 09:48:48,2247.4,1346159
2021-06-15 09:48:49,2247.4,1346164
2021-06-15 09:48:50,2247.4,1346345
2021-06-15 09:48:52,2247.4,1346676
2021-06-15 09:48:53,2247.45,1347236
2021-06-15 09:48:53,2247.45,1347236
2021-06-15 09:48:54,2247.25,1347270
2021-06-15 09:48:55,2247.25,1347746
2021-06-15 09:48:56,2247.55,1347986
2021-06-15 09:48:57,2247.3,1348110
2021-06-15 09:48:58,2247.15,1348818
2021-06-15 09:48:59,2247.25,1348900
2021-06-15 09:49:00,2247.25,1348955
2021-06-15 09:49:01,2247.25,1349013
2021-06-15 09:49:02,2247.2,1349071
2021-06-15 09:49:03,2247.25,1349168
2021-06-15 09:49:05,2247.0,1349728
2021-06-15 09:49:05,2247.3,1349729
2021-06-15 09:49:06,2246.7,1350445
2021-06-15 09:49:07,2246.6,1350470
2021-06-15 09:49:08,2246.55,1350552
2021-06-15 09:49:11,2246.35,1351753
2021-06-15 09:49:11,2246.55,1351733
2021-06-15 09:49:12,2246.5,1351929
2021-06-15 09:49:13,2246.65,1352028
2021-06-15 09:49:14,2246.65,1352101
2021-06-15 09:49:15,2246.5,1352113
2021-06-15 09:49:17,2246.65,1352428
2021-06-15 09:49:17,2246.65,1352438
2021-06-15 09:49:19,2246.5,1352797
2021-06-15 09:49:20,2246.35,1353161
2021-06-15 09:49:21,2246.25,1353760
2021-06-15 09:49:22,2246.25,1354214
2021-06-15 09:49:24,2246.35,1354226
2021-06-15 09:49:24,2246.35,1354252
2021-06-15 09:49:25,2246.35,1354302
2021-06-15 09:49:26,2246.35,1354321
2021-06-15 09:49:27,2246.15,1354589
2021-06-15 09:49:28,2246.35,1354679
2021-06-15 09:49:30,2246.25,1354728
2021-06-15 09:49:30,2246.25,1354728
2021-06-15 09:49:31,2246.25,1355585
2021-06-15 09:49:32,2246.0,1355635
2021-06-15 09:49:33,2246.15,1356066
2021-06-15 09:49:34,2246.15,1356081
2021-06-15 09:49:35,2246.35,1356198
2021-06-15 09:49:36,2246.25,1356481
2021-06-15 09:49:37,2246.05,1356591
2021-06-15 09:49:39,2246.55,1357114
2021-06-15 09:49:39,2246.75,1357414
2021-06-15 09:49:41,2246.6,1357425
2021-06-15 09:49:41,2246.45,1357532
2021-06-15 09:49:42,2246.55,1357660
2021-06-15 09:49:43,2246.6,1357724
2021-06-15 09:49:44,2246.55,1357963
2021-06-15 09:49:45,2246.7,1357964
2021-06-15 09:49:46,2246.9,1358114
2021-06-15 09:49:47,2246.35,1358443
2021-06-15 09:49:48,2246.8,1358570
2021-06-15 09:49:50,2246.9,1358682
2021-06-15 09:49:50,2246.9,1358682
2021-06-15 09:49:51,2246.55,1358697
2021-06-15 09:49:52,2246.7,1358730
2021-06-15 09:49:53,2246.2,1359367
2021-06-15 09:49:54,2246.55,1360334
2021-06-15 09:49:55,2246.15,1360787
2021-06-15 09:49:56,2246.25,1361213
2021-06-15 09:49:57,2246.25,1361349
2021-06-15 09:49:58,2246.0,1361801
2021-06-15 09:49:59,2246.25,1361804
2021-06-15 09:50:00,2246.0,1362227
2021-06-15 09:50:02,2246.25,1362565
2021-06-15 09:50:02,2246.0,1362585
2021-06-15 09:50:03,2246.0,1363200
2021-06-15 09:50:04,2246.65,1363258
2021-06-15 09:50:05,2246.7,1363757
2021-06-15 09:50:06,2246.7,1363757
2021-06-15 09:50:07,2246.8,1363785
2021-06-15 09:50:08,2246.05,1363797
2021-06-15 09:50:09,2246.0,1364263
2021-06-15 09:50:11,2246.65,1364521
2021-06-15 09:50:13,2246.75,1364646
2021-06-15 09:50:13,2246.7,1364627
2021-06-15 09:50:14,2246.7,1364782
2021-06-15 09:50:15,2246.75,1364990
2021-06-15 09:50:16,2246.65,1365033
2021-06-15 09:50:17,2246.75,1365083
2021-06-15 09:50:18,2246.65,1365195
2021-06-15 09:50:19,2246.75,1365233
2021-06-15 09:50:20,2246.55,1365349
2021-06-15 09:50:21,2246.75,1365394
2021-06-15 09:50:22,2246.75,1365395
2021-06-15 09:50:23,2246.65,1365407
2021-06-15 09:50:24,2246.75,1365448
2021-06-15 09:50:25,2246.4,1365489
2021-06-15 09:50:27,2247.0,1365587
2021-06-15 09:50:28,2246.45,1366072
2021-06-15 09:50:29,2246.45,1366272
2021-06-15 09:50:30,2247.0,1366333
2021-06-15 09:50:32,2247.0,1366393
2021-06-15 09:50:32,2247.0,1366393
2021-06-15 09:50:33,2247.0,1366403
2021-06-15 09:50:34,2246.9,1366414
2021-06-15 09:50:35,2246.9,1366417
2021-06-15 09:50:37,2247.1,1366994
2021-06-15 09:50:38,2247.1,1367187
2021-06-15 09:50:39,2246.8,1367217
2021-06-15 09:50:40,2247.1,1367405
2021-06-15 09:50:41,2246.75,1367705
2021-06-15 09:50:42,2247.0,1367858
2021-06-15 09:50:45,2247.1,1367896
2021-06-15 09:50:45,2247.1,1367899
2021-06-15 09:50:46,2247.1,1367939
2021-06-15 09:50:47,2247.25,1368237
2021-06-15 09:50:48,2247.25,1368242
2021-06-15 09:50:49,2247.0,1368514
2021-06-15 09:50:50,2247.1,1368547
2021-06-15 09:50:52,2246.8,1368597
2021-06-15 09:50:53,2247.2,1368707
2021-06-15 09:50:53,2246.85,1368716
2021-06-15 09:50:54,2246.6,1368934
2021-06-15 09:50:55,2246.6,1368934
2021-06-15 09:50:56,2247.15,1369029
2021-06-15 09:50:57,2246.9,1369079
2021-06-15 09:51:00,2247.1,1369941
2021-06-15 09:51:01,2247.1,1370158
2021-06-15 09:51:02,2246.8,1370236
2021-06-15 09:51:03,2247.2,1370246
2021-06-15 09:51:04,2247.25,1370272
2021-06-15 09:51:04,2247.25,1370272
2021-06-15 09:51:05,2247.0,1370326
2021-06-15 09:51:06,2247.15,1370546
2021-06-15 09:51:07,2247.0,1370561
2021-06-15 09:51:08,2247.0,1370806
2021-06-15 09:51:09,2247.0,1370806
2021-06-15 09:51:10,2246.95,1371134
2021-06-15 09:51:12,2246.7,1371331
2021-06-15 09:51:13,2246.9,1371741
2021-06-15 09:51:13,2246.9,1371743
2021-06-15 09:51:14,2246.95,1371776
2021-06-15 09:51:15,2247.0,1371886
2021-06-15 09:51:16,2246.95,1371946
2021-06-15 09:51:17,2247.0,1372062
2021-06-15 09:51:18,2246.5,1372330
2021-06-15 09:51:19,2247.0,1372620
2021-06-15 09:51:20,2247.0,1372770
2021-06-15 09:51:21,2247.0,1372782
2021-06-15 09:51:22,2246.9,1372814
2021-06-15 09:51:24,2246.9,1372955
2021-06-15 09:51:25,2246.2,1374040
2021-06-15 09:51:26,2246.75,1374572
2021-06-15 09:51:27,2246.1,1374828
2021-06-15 09:51:28,2246.6,1375176
2021-06-15 09:51:28,2246.1,1374956
2021-06-15 09:51:29,2247.0,1375220
2021-06-15 09:51:30,2246.2,1375307
2021-06-15 09:51:31,2246.15,1375447
2021-06-15 09:51:32,2246.1,1375487
2021-06-15 09:51:33,2246.1,1375615
2021-06-15 09:51:35,2246.1,1375615
2021-06-15 09:51:36,2246.1,1375728
2021-06-15 09:51:36,2246.1,1375728
2021-06-15 09:51:37,2246.55,1375840
2021-06-15 09:51:38,2246.6,1376041
2021-06-15 09:51:40,2246.6,1376216
2021-06-15 09:51:41,2246.6,1376281
2021-06-15 09:51:41,2246.6,1376553
2021-06-15 09:51:42,2246.55,1376593
2021-06-15 09:51:43,2246.55,1376704
2021-06-15 09:51:44,2246.45,1377026
2021-06-15 09:51:46,2246.45,1377046
2021-06-15 09:51:47,2246.85,1377225
2021-06-15 09:51:47,2246.45,1377230
2021-06-15 09:51:48,2246.45,1377328
2021-06-15 09:51:49,2246.4,1377354
2021-06-15 09:51:50,2246.5,1377380
2021-06-15 09:51:51,2246.95,1377382
2021-06-15 09:51:52,2246.5,1377402
2021-06-15 09:51:53,2246.25,1377631
2021-06-15 09:51:54,2246.25,1377631
2021-06-15 09:51:55,2246.9,1377864
2021-06-15 09:51:56,2246.45,1377865
2021-06-15 09:51:57,2246.7,1377895
2021-06-15 09:51:58,2246.9,1378160
2021-06-15 09:51:59,2247.0,1378210
2021-06-15 09:52:00,2247.0,1378352
2021-06-15 09:52:02,2246.55,1378441
2021-06-15 09:52:03,2247.0,1378442
2021-06-15 09:52:04,2247.0,1378556
2021-06-15 09:52:04,2247.0,1378555
2021-06-15 09:52:05,2247.0,1378733
2021-06-15 09:52:06,2247.0,1378733
2021-06-15 09:52:07,2246.9,1378776
2021-06-15 09:52:08,2247.0,1379097
2021-06-15 09:52:09,2247.0,1379097
2021-06-15 09:52:10,2247.0,1379100
2021-06-15 09:52:11,2247.0,1379152
2021-06-15 09:52:13,2246.85,1379694
2021-06-15 09:52:14,2246.9,1379759
2021-06-15 09:52:15,2246.9,1379817
2021-06-15 09:52:15,2246.9,1379917
2021-06-15 09:52:16,2247.0,1379994
2021-06-15 09:52:17,2246.9,1380051
2021-06-15 09:52:18,2247.0,1380083
2021-06-15 09:52:19,2247.1,1380326
2021-06-15 09:52:20,2247.0,1380393
2021-06-15 09:52:21,2246.8,1380461
2021-06-15 09:52:22,2247.15,1380469
2021-06-15 09:52:24,2247.25,1380534
2021-06-15 09:52:25,2247.25,1380548
2021-06-15 09:52:26,2247.1,1380554
2021-06-15 09:52:27,2247.25,1380664
2021-06-15 09:52:28,2247.5,1380824
2021-06-15 09:52:29,2247.1,1380837
2021-06-15 09:52:30,2247.35,1381275
2021-06-15 09:52:31,2247.35,1381504
2021-06-15 09:52:32,2247.35,1381504
2021-06-15 09:52:33,2247.2,1381726
2021-06-15 09:52:34,2247.15,1381751
2021-06-15 09:52:35,2247.0,1381786
2021-06-15 09:52:36,2247.35,1381905
2021-06-15 09:52:37,2247.35,1381914
2021-06-15 09:52:38,2247.35,1382542
2021-06-15 09:52:39,2247.35,1382621
2021-06-15 09:52:40,2247.3,1382700
2021-06-15 09:52:42,2247.2,1382765
2021-06-15 09:52:43,2247.3,1382968
2021-06-15 09:52:43,2247.3,1382968
2021-06-15 09:52:45,2247.35,1383347
2021-06-15 09:52:46,2247.2,1384421
2021-06-15 09:52:47,2247.2,1384426
2021-06-15 09:52:48,2247.25,1384604
2021-06-15 09:52:49,2247.2,1384822
2021-06-15 09:52:50,2247.3,1384903
2021-06-15 09:52:52,2247.05,1384944
2021-06-15 09:52:53,2247.05,1384944
2021-06-15 09:52:54,2247.2,1385588
2021-06-15 09:52:55,2247.2,1385588
2021-06-15 09:52:56,2247.1,1385899
2021-06-15 09:52:57,2247.2,1386012
2021-06-15 09:52:58,2247.1,1386084
2021-06-15 09:52:59,2247.25,1386220
2021-06-15 09:52:59,2247.25,1386245
2021-06-15 09:53:00,2247.05,1386495
2021-06-15 09:53:02,2247.05,1386990
2021-06-15 09:53:03,2247.45,1387074
2021-06-15 09:53:06,2247.4,1387190
2021-06-15 09:53:07,2247.45,1387322
2021-06-15 09:53:08,2247.45,1387324
2021-06-15 09:53:08,2247.45,1387324
2021-06-15 09:53:09,2247.3,1387506
2021-06-15 09:53:10,2247.45,1387826
2021-06-15 09:53:11,2247.4,1388107
2021-06-15 09:53:12,2247.35,1388111
2021-06-15 09:53:14,2247.4,1388221
2021-06-15 09:53:16,2247.45,1388500
2021-06-15 09:53:18,2247.35,1388513
2021-06-15 09:53:19,2247.45,1388524
2021-06-15 09:53:20,2247.45,1388524
2021-06-15 09:53:20,2247.45,1388531
2021-06-15 09:53:21,2247.45,1388631
2021-06-15 09:53:22,2247.45,1388656
2021-06-15 09:53:23,2247.45,1389166
2021-06-15 09:53:25,2247.15,1389268
2021-06-15 09:53:25,2247.0,1389816
2021-06-15 09:53:26,2247.0,1389816
2021-06-15 09:53:27,2247.3,1390621
2021-06-15 09:53:28,2247.05,1390728
2021-06-15 09:53:30,2247.0,1390961
2021-06-15 09:53:31,2247.0,1391231
2021-06-15 09:53:32,2247.0,1391248
2021-06-15 09:53:33,2247.0,1391261
2021-06-15 09:53:34,2247.15,1391284
2021-06-15 09:53:35,2247.25,1391287
2021-06-15 09:53:35,2247.25,1391287
2021-06-15 09:53:36,2247.15,1391331
2021-06-15 09:53:37,2247.1,1391346
2021-06-15 09:53:38,2246.5,1395265
2021-06-15 09:53:39,2246.8,1395390
2021-06-15 09:53:40,2246.5,1396557
2021-06-15 09:53:41,2247.0,1396591
2021-06-15 09:53:42,2247.0,1396627
2021-06-15 09:53:44,2246.8,1396798
2021-06-15 09:53:45,2246.6,1396882
2021-06-15 09:53:46,2246.55,1396978
2021-06-15 09:53:47,2246.55,1396978
2021-06-15 09:53:48,2246.5,1397014
2021-06-15 09:53:49,2246.5,1397364
2021-06-15 09:53:49,2246.5,1397364
2021-06-15 09:53:50,2246.8,1397371
2021-06-15 09:53:51,2246.8,1397385
2021-06-15 09:53:53,2246.5,1397435
2021-06-15 09:53:55,2246.85,1397525
2021-06-15 09:53:56,2246.65,1397529
2021-06-15 09:53:57,2246.65,1397529
2021-06-15 09:53:58,2246.8,1397656
2021-06-15 09:53:58,2246.8,1397656
2021-06-15 09:53:59,2246.8,1397676
2021-06-15 09:54:00,2246.8,1397773
2021-06-15 09:54:01,2246.75,1397778
2021-06-15 09:54:02,2246.65,1397783
2021-06-15 09:54:03,2246.75,1397818
2021-06-15 09:54:04,2246.7,1397923
2021-06-15 09:54:06,2246.8,1398623
2021-06-15 09:54:09,2246.7,1399023
2021-06-15 09:54:10,2246.65,1399051
2021-06-15 09:54:11,2246.6,1399302
2021-06-15 09:54:12,2246.75,1399548
2021-06-15 09:54:12,2246.75,1399548
2021-06-15 09:54:13,2246.75,1399570
2021-06-15 09:54:14,2246.95,1400185
2021-06-15 09:54:15,2246.75,1400624
2021-06-15 09:54:16,2246.6,1400685
2021-06-15 09:54:17,2246.75,1400743
2021-06-15 09:54:18,2246.75,1400788
2021-06-15 09:54:19,2246.65,1400810
2021-06-15 09:54:20,2246.5,1401437
2021-06-15 09:54:22,2246.6,1401542
2021-06-15 09:54:23,2246.65,1401652
2021-06-15 09:54:24,2246.65,1401739
2021-06-15 09:54:25,2246.65,1401739
2021-06-15 09:54:26,2246.55,1401850
2021-06-15 09:54:27,2246.55,1401920
2021-06-15 09:54:27,2246.55,1401934
2021-06-15 09:54:28,2246.65,1402285
2021-06-15 09:54:29,2246.4,1402992
2021-06-15 09:54:31,2246.4,1403070
2021-06-15 09:54:32,2246.4,1403200
2021-06-15 09:54:33,2246.55,1403226
2021-06-15 09:54:34,2246.65,1403236
2021-06-15 09:54:35,2246.6,1403626
2021-06-15 09:54:37,2246.15,1403813
2021-06-15 09:54:38,2245.9,1408867
2021-06-15 09:54:39,2245.8,1409106
2021-06-15 09:54:40,2245.45,1409862
2021-06-15 09:54:41,2245.0,1410216
2021-06-15 09:54:42,2245.0,1410400
2021-06-15 09:54:43,2245.0,1410980
2021-06-15 09:54:44,2245.0,1411086
2021-06-15 09:54:46,2245.0,1411370
2021-06-15 09:54:47,2245.0,1411645
2021-06-15 09:54:48,2245.4,1411900
2021-06-15 09:54:49,2245.0,1413003
2021-06-15 09:54:50,2245.0,1413242
2021-06-15 09:54:51,2245.0,1413707
2021-06-15 09:54:52,2245.45,1413729
2021-06-15 09:54:53,2244.6,1421734
2021-06-15 09:54:55,2244.0,1422904
2021-06-15 09:54:56,2243.0,1433453
2021-06-15 09:54:57,2243.0,1433698
2021-06-15 09:54:58,2243.6,1433804
2021-06-15 09:54:59,2243.6,1434230
2021-06-15 09:55:00,2243.7,1434505
2021-06-15 09:55:01,2243.0,1435246
2021-06-15 09:55:02,2243.0,1435558
2021-06-15 09:55:02,2243.6,1435733
2021-06-15 09:55:03,2243.0,1436083
2021-06-15 09:55:05,2243.6,1436480
2021-06-15 09:55:06,2243.0,1436602
2021-06-15 09:55:07,2243.0,1437026
2021-06-15 09:55:08,2243.0,1437115
2021-06-15 09:55:10,2243.0,1437522
2021-06-15 09:55:11,2243.0,1437584
2021-06-15 09:55:12,2243.5,1437683
2021-06-15 09:55:13,2243.0,1438042
2021-06-15 09:55:14,2243.7,1438076
2021-06-15 09:55:15,2243.6,1438775
2021-06-15 09:55:15,2243.6,1438775
2021-06-15 09:55:16,2243.6,1438887
2021-06-15 09:55:17,2244.0,1439045
2021-06-15 09:55:18,2244.05,1439251
2021-06-15 09:55:20,2244.3,1439526
2021-06-15 09:55:21,2244.3,1439999
2021-06-15 09:55:22,2244.35,1440187
2021-06-15 09:55:23,2244.35,1440217
2021-06-15 09:55:24,2244.4,1440414
2021-06-15 09:55:25,2244.6,1440513
2021-06-15 09:55:27,2244.85,1441055
2021-06-15 09:55:26,2244.8,1440926
2021-06-15 09:55:28,2244.85,1441096
2021-06-15 09:55:29,2244.4,1441346
2021-06-15 09:55:30,2244.9,1441502
2021-06-15 09:55:31,2245.0,1441592
2021-06-15 09:55:32,2244.3,1441890
2021-06-15 09:55:33,2244.95,1441895
2021-06-15 09:55:34,2244.95,1441962
2021-06-15 09:55:34,2244.95,1441962
2021-06-15 09:55:35,2245.0,1442176
2021-06-15 09:55:37,2244.65,1442359
2021-06-15 09:55:38,2244.9,1442417
2021-06-15 09:55:39,2244.5,1442426
2021-06-15 09:55:40,2244.75,1442821
2021-06-15 09:55:41,2245.0,1442861
2021-06-15 09:55:42,2245.0,1443411
2021-06-15 09:55:43,2245.0,1443447
2021-06-15 09:55:44,2245.25,1443773
2021-06-15 09:55:45,2244.9,1444297
2021-06-15 09:55:46,2245.0,1444601
2021-06-15 09:55:47,2244.9,1444915
2021-06-15 09:55:48,2245.0,1445563
2021-06-15 09:55:48,2245.0,1445558
2021-06-15 09:55:49,2245.0,1445629
2021-06-15 09:55:50,2245.05,1445838
2021-06-15 09:55:52,2245.0,1446254
2021-06-15 09:55:53,2245.25,1446277
2021-06-15 09:55:54,2245.2,1446336
2021-06-15 09:55:55,2245.2,1446401
2021-06-15 09:55:56,2245.2,1446660
2021-06-15 09:55:57,2245.0,1447116
2021-06-15 09:55:58,2245.0,1447116
2021-06-15 09:55:59,2245.8,1447350
2021-06-15 09:56:00,2245.25,1447489
2021-06-15 09:56:01,2245.7,1447549
2021-06-15 09:56:02,2245.7,1447610
2021-06-15 09:56:04,2245.9,1448011
2021-06-15 09:56:06,2246.25,1448258
2021-06-15 09:56:07,2245.45,1448466
2021-06-15 09:56:07,2245.45,1448466
2021-06-15 09:56:08,2245.7,1448576
2021-06-15 09:56:10,2246.15,1450671
2021-06-15 09:56:11,2246.15,1450722
2021-06-15 09:56:12,2245.75,1450786
2021-06-15 09:56:13,2246.0,1450886
2021-06-15 09:56:14,2246.15,1450911
2021-06-15 09:56:15,2245.75,1451038
2021-06-15 09:56:16,2246.15,1451937
2021-06-15 09:56:17,2245.65,1452167
2021-06-15 09:56:18,2246.15,1452326
2021-06-15 09:56:19,2246.15,1452350
2021-06-15 09:56:20,2246.15,1452412
2021-06-15 09:56:21,2246.0,1452630
2021-06-15 09:56:22,2245.9,1452681
2021-06-15 09:56:23,2246.0,1452684
2021-06-15 09:56:24,2245.9,1452789
2021-06-15 09:56:25,2246.0,1452799
2021-06-15 09:56:26,2246.0,1452810
2021-06-15 09:56:27,2245.95,1452847
2021-06-15 09:56:28,2246.0,1452993
2021-06-15 09:56:28,2246.0,1452993
2021-06-15 09:56:29,2245.9,1453190
2021-06-15 09:56:31,2246.05,1453283
2021-06-15 09:56:32,2246.05,1453593
2021-06-15 09:56:33,2245.9,1453654
2021-06-15 09:56:34,2246.1,1453789
2021-06-15 09:56:35,2246.1,1453791
2021-06-15 09:56:36,2246.0,1453793
2021-06-15 09:56:37,2246.15,1453843
2021-06-15 09:56:38,2246.0,1453898
2021-06-15 09:56:39,2246.25,1454388
2021-06-15 09:56:40,2245.85,1454909
2021-06-15 09:56:41,2245.9,1454960
2021-06-15 09:56:42,2246.0,1455629
2021-06-15 09:56:43,2246.0,1455680
2021-06-15 09:56:44,2246.15,1455696
2021-06-15 09:56:44,2246.0,1455744
2021-06-15 09:56:45,2246.0,1455949
2021-06-15 09:56:46,2246.15,1456208
2021-06-15 09:56:48,2245.85,1456463
2021-06-15 09:56:49,2245.65,1456603
2021-06-15 09:56:50,2246.0,1456639
2021-06-15 09:56:51,2246.0,1456674
2021-06-15 09:56:52,2246.0,1456774
2021-06-15 09:56:53,2245.9,1456785
2021-06-15 09:56:54,2245.85,1457087
2021-06-15 09:56:54,2245.75,1456787
2021-06-15 09:56:56,2246.0,1457250
2021-06-15 09:56:58,2245.95,1457362
2021-06-15 09:56:59,2245.75,1457385
2021-06-15 09:57:00,2245.9,1457522
2021-06-15 09:57:01,2245.5,1457638
2021-06-15 09:57:02,2245.5,1457741
2021-06-15 09:57:03,2246.25,1458371
2021-06-15 09:57:04,2245.75,1458871
2021-06-15 09:57:06,2246.0,1458993
2021-06-15 09:57:07,2246.2,1459269
2021-06-15 09:57:08,2246.2,1459282
2021-06-15 09:57:09,2245.95,1459791
2021-06-15 09:57:10,2246.35,1459795
2021-06-15 09:57:11,2245.6,1460814
2021-06-15 09:57:13,2246.35,1460845
2021-06-15 09:57:12,2246.35,1460845
2021-06-15 09:57:14,2246.25,1460849
2021-06-15 09:57:15,2245.85,1461079
2021-06-15 09:57:16,2246.35,1461080
2021-06-15 09:57:17,2246.0,1461216
2021-06-15 09:57:18,2246.35,1461261
2021-06-15 09:57:19,2246.25,1461277
2021-06-15 09:57:20,2246.0,1461302
2021-06-15 09:57:21,2246.0,1461418
2021-06-15 09:57:23,2245.85,1461516
2021-06-15 09:57:24,2246.25,1461817
2021-06-15 09:57:25,2246.05,1461828
2021-06-15 09:57:26,2246.25,1461878
2021-06-15 09:57:27,2246.25,1461888
2021-06-15 09:57:28,2246.25,1461955
2021-06-15 09:57:29,2246.25,1461975
2021-06-15 09:57:30,2246.45,1462485
2021-06-15 09:57:31,2246.2,1462508
2021-06-15 09:57:32,2246.45,1462587
2021-06-15 09:57:34,2246.45,1462587
2021-06-15 09:57:35,2246.35,1462795
2021-06-15 09:57:36,2246.35,1463182
2021-06-15 09:57:37,2246.45,1463183
2021-06-15 09:57:38,2246.35,1463199
2021-06-15 09:57:39,2246.3,1463381
2021-06-15 09:57:40,2246.35,1463991
2021-06-15 09:57:41,2246.5,1464445
2021-06-15 09:57:42,2246.3,1464446
2021-06-15 09:57:44,2246.45,1464660
2021-06-15 09:57:45,2246.45,1464661
2021-06-15 09:57:46,2246.5,1464933
2021-06-15 09:57:47,2246.5,1464933
2021-06-15 09:57:48,2246.5,1464962
2021-06-15 09:57:49,2246.5,1464967
2021-06-15 09:57:50,2246.5,1465092
2021-06-15 09:57:51,2246.4,1465662
2021-06-15 09:57:52,2246.4,1465662
2021-06-15 09:57:53,2246.5,1465917
2021-06-15 09:57:54,2246.0,1466300
2021-06-15 09:57:55,2246.55,1466420
2021-06-15 09:57:56,2246.45,1466983
2021-06-15 09:57:57,2246.4,1467161
2021-06-15 09:57:58,2246.0,1467173
2021-06-15 09:57:59,2246.4,1467242
2021-06-15 09:58:00,2246.4,1467351
2021-06-15 09:58:01,2246.0,1467511
2021-06-15 09:58:02,2246.25,1467548
2021-06-15 09:58:04,2246.25,1468073
2021-06-15 09:58:05,2245.95,1468193
2021-06-15 09:58:06,2246.35,1468303
2021-06-15 09:58:07,2246.0,1468384
2021-06-15 09:58:08,2246.05,1469088
2021-06-15 09:58:09,2245.8,1469202
2021-06-15 09:58:10,2245.95,1469232
2021-06-15 09:58:11,2246.0,1469607
2021-06-15 09:58:12,2246.2,1469757
2021-06-15 09:58:13,2246.2,1469811
2021-06-15 09:58:14,2246.2,1469824
2021-06-15 09:58:15,2246.25,1469876
2021-06-15 09:58:16,2246.25,1469876
2021-06-15 09:58:17,2246.25,1469876
2021-06-15 09:58:19,2246.2,1469933
2021-06-15 09:58:20,2246.2,1469938
2021-06-15 09:58:21,2246.2,1469939
2021-06-15 09:58:22,2246.2,1469939
2021-06-15 09:58:23,2246.35,1470022
2021-06-15 09:58:24,2246.15,1470369
2021-06-15 09:58:25,2246.2,1470390
2021-06-15 09:58:26,2246.05,1470398
2021-06-15 09:58:27,2246.55,1470466
2021-06-15 09:58:28,2246.55,1470576
2021-06-15 09:58:29,2246.7,1470593
2021-06-15 09:58:30,2246.75,1470975
2021-06-15 09:58:31,2245.95,1471454
2021-06-15 09:58:32,2246.45,1471575
2021-06-15 09:58:33,2246.25,1471706
2021-06-15 09:58:34,2246.4,1471989
2021-06-15 09:58:35,2246.0,1472709
2021-06-15 09:58:36,2245.7,1473288
2021-06-15 09:58:37,2246.6,1473472
2021-06-15 09:58:38,2246.6,1473485
2021-06-15 09:58:39,2246.55,1473501
2021-06-15 09:58:40,2246.65,1473576
2021-06-15 09:58:41,2246.15,1473607
2021-06-15 09:58:42,2246.15,1473607
2021-06-15 09:58:43,2246.2,1473688
2021-06-15 09:58:44,2246.25,1473695
2021-06-15 09:58:45,2246.2,1473699
2021-06-15 09:58:46,2246.2,1473699
2021-06-15 09:58:47,2246.2,1473732
2021-06-15 09:58:48,2246.25,1473742
2021-06-15 09:58:49,2246.25,1473752
2021-06-15 09:58:50,2246.3,1474128
2021-06-15 09:58:52,2246.45,1474167
2021-06-15 09:58:53,2246.45,1474184
2021-06-15 09:58:55,2246.5,1474204
2021-06-15 09:58:56,2246.6,1474504
2021-06-15 09:58:57,2246.45,1474510
2021-06-15 09:58:58,2246.65,1474533
2021-06-15 09:58:59,2246.65,1474622
2021-06-15 09:59:00,2246.65,1474642
2021-06-15 09:59:02,2246.65,1474748
2021-06-15 09:59:03,2246.65,1474781
2021-06-15 09:59:04,2246.5,1474885
2021-06-15 09:59:05,2246.35,1475000
2021-06-15 09:59:06,2246.3,1475404
2021-06-15 09:59:07,2246.65,1475432
2021-06-15 09:59:09,2246.45,1475472
2021-06-15 09:59:09,2246.7,1475522
2021-06-15 09:59:10,2246.45,1475562
2021-06-15 09:59:11,2246.85,1475692
2021-06-15 09:59:12,2246.85,1475702
2021-06-15 09:59:13,2246.85,1476206
2021-06-15 09:59:14,2246.85,1476215
2021-06-15 09:59:15,2246.65,1476292
2021-06-15 09:59:16,2246.8,1476293
2021-06-15 09:59:17,2246.95,1476918
2021-06-15 09:59:18,2246.7,1477629
2021-06-15 09:59:20,2247.1,1477829
2021-06-15 09:59:20,2247.1,1477829
2021-06-15 09:59:21,2247.0,1477831
2021-06-15 09:59:22,2246.85,1477949
2021-06-15 09:59:23,2247.0,1477951
2021-06-15 09:59:24,2246.85,1478281
2021-06-15 09:59:25,2246.7,1478345
2021-06-15 09:59:26,2246.85,1478396
2021-06-15 09:59:27,2246.65,1478511
2021-06-15 09:59:29,2246.9,1478881
2021-06-15 09:59:29,2247.1,1478897
2021-06-15 09:59:30,2247.1,1478898
2021-06-15 09:59:31,2246.95,1479210
2021-06-15 09:59:33,2246.2,1479945
2021-06-15 09:59:33,2246.5,1480592
2021-06-15 09:59:34,2246.7,1480603
2021-06-15 09:59:35,2246.7,1480605
2021-06-15 09:59:36,2246.8,1480682
2021-06-15 09:59:37,2246.8,1480682
2021-06-15 09:59:38,2246.8,1480705
2021-06-15 09:59:39,2246.8,1480824
2021-06-15 09:59:40,2246.55,1480856
2021-06-15 09:59:41,2246.6,1481143
2021-06-15 09:59:42,2246.65,1481655
2021-06-15 09:59:43,2246.65,1481655
2021-06-15 09:59:44,2246.6,1481696
2021-06-15 09:59:46,2246.35,1482656
2021-06-15 09:59:46,2246.35,1482708
2021-06-15 09:59:47,2245.8,1483101
2021-06-15 09:59:48,2246.05,1483253
2021-06-15 09:59:49,2246.05,1483483
2021-06-15 09:59:50,2245.95,1483523
2021-06-15 09:59:51,2246.35,1484541
2021-06-15 09:59:52,2246.35,1484541
2021-06-15 09:59:54,2246.35,1484561
2021-06-15 09:59:55,2246.05,1484721
2021-06-15 09:59:56,2246.6,1484857
2021-06-15 09:59:57,2246.7,1485128
2021-06-15 09:59:58,2246.7,1485152
2021-06-15 10:00:00,2246.7,1485283
2021-06-15 10:00:01,2246.55,1485396
2021-06-15 10:00:03,2246.7,1486135
2021-06-15 10:00:04,2246.35,1486235
2021-06-15 10:00:05,2246.3,1486237
2021-06-15 10:00:06,2246.3,1486297
2021-06-15 10:00:07,2246.7,1486647
2021-06-15 10:00:09,2246.7,1486652
2021-06-15 10:00:09,2246.0,1486911
2021-06-15 10:00:11,2246.0,1486931
2021-06-15 10:00:12,2246.8,1486933
2021-06-15 10:00:13,2246.8,1486942
2021-06-15 10:00:14,2246.7,1487064
2021-06-15 10:00:15,2246.6,1487469
2021-06-15 10:00:17,2246.6,1487476
2021-06-15 10:00:17,2246.6,1487476
2021-06-15 10:00:18,2246.6,1487476
2021-06-15 10:00:19,2246.65,1487577
2021-06-15 10:00:20,2246.75,1487794
2021-06-15 10:00:22,2246.6,1488041
2021-06-15 10:00:23,2246.8,1488214
2021-06-15 10:00:24,2246.8,1488214
2021-06-15 10:00:25,2246.8,1488226
2021-06-15 10:00:26,2246.8,1488332
2021-06-15 10:00:27,2246.45,1488511
2021-06-15 10:00:29,2246.8,1488693
2021-06-15 10:00:29,2246.8,1488693
2021-06-15 10:00:30,2246.9,1488709
2021-06-15 10:00:31,2246.9,1488735
2021-06-15 10:00:32,2247.0,1488795
2021-06-15 10:00:33,2246.9,1489174
2021-06-15 10:00:34,2246.6,1489184
2021-06-15 10:00:35,2247.0,1489699
2021-06-15 10:00:36,2247.0,1489704
2021-06-15 10:00:37,2247.0,1489798
2021-06-15 10:00:38,2246.3,1490062
2021-06-15 10:00:40,2246.85,1490063
2021-06-15 10:00:41,2246.6,1490074
2021-06-15 10:00:42,2246.6,1490089
2021-06-15 10:00:43,2246.6,1490092
2021-06-15 10:00:44,2246.15,1490197
2021-06-15 10:00:45,2246.3,1490297
2021-06-15 10:00:46,2246.6,1490369
2021-06-15 10:00:47,2246.95,1490558
2021-06-15 10:00:48,2246.95,1490559
2021-06-15 10:00:50,2246.5,1490690
2021-06-15 10:00:51,2246.45,1490790
2021-06-15 10:00:52,2246.85,1491007
2021-06-15 10:00:53,2246.85,1491012
2021-06-15 10:00:54,2246.75,1491164
2021-06-15 10:00:55,2246.8,1491184
2021-06-15 10:00:57,2246.75,1491382
2021-06-15 10:00:57,2246.75,1491403
2021-06-15 10:00:58,2246.95,1491533
2021-06-15 10:00:59,2246.9,1491563
2021-06-15 10:01:01,2246.8,1492008
2021-06-15 10:01:02,2246.85,1492028
2021-06-15 10:01:03,2246.65,1492045
2021-06-15 10:01:04,2246.7,1492068
2021-06-15 10:01:05,2246.8,1492128
2021-06-15 10:01:06,2246.8,1492490
2021-06-15 10:01:08,2246.65,1492922
2021-06-15 10:01:08,2246.65,1492927
2021-06-15 10:01:10,2246.7,1492963
2021-06-15 10:01:11,2246.65,1493124
2021-06-15 10:01:12,2246.65,1493129
2021-06-15 10:01:12,2246.65,1493129
2021-06-15 10:01:13,2246.65,1493129
2021-06-15 10:01:14,2246.6,1493192
2021-06-15 10:01:15,2246.6,1493360
2021-06-15 10:01:16,2246.6,1493381
2021-06-15 10:01:17,2246.6,1493383
2021-06-15 10:01:19,2246.6,1493383
2021-06-15 10:01:20,2246.55,1493679
2021-06-15 10:01:22,2246.0,1493682
2021-06-15 10:01:22,2246.6,1493832
2021-06-15 10:01:24,2246.2,1493835
2021-06-15 10:01:25,2246.2,1493965
2021-06-15 10:01:25,2246.2,1493965
2021-06-15 10:01:26,2246.0,1494007
2021-06-15 10:01:27,2246.6,1494125
2021-06-15 10:01:28,2246.6,1494125
2021-06-15 10:01:30,2246.0,1494220
2021-06-15 10:01:32,2246.2,1494286
2021-06-15 10:01:33,2246.35,1494739
2021-06-15 10:01:33,2246.5,1494736
2021-06-15 10:01:34,2246.2,1494760
2021-06-15 10:01:35,2246.45,1494765
2021-06-15 10:01:36,2246.0,1494815
2021-06-15 10:01:37,2246.0,1494820
2021-06-15 10:01:39,2246.45,1494850
2021-06-15 10:01:39,2246.45,1494851
2021-06-15 10:01:40,2246.0,1495225
2021-06-15 10:01:41,2246.0,1495225
2021-06-15 10:01:42,2246.45,1495226
2021-06-15 10:01:43,2246.2,1495249
2021-06-15 10:01:44,2246.2,1495291
2021-06-15 10:01:45,2246.2,1495294
2021-06-15 10:01:46,2246.2,1495295
2021-06-15 10:01:48,2246.45,1495355
2021-06-15 10:01:49,2246.05,1495369
2021-06-15 10:01:50,2246.45,1495389
2021-06-15 10:01:51,2246.05,1495391
2021-06-15 10:01:52,2246.0,1495527
2021-06-15 10:01:52,2246.05,1495427
2021-06-15 10:01:55,2246.05,1496234
2021-06-15 10:01:56,2246.0,1496398
2021-06-15 10:01:57,2246.05,1496459
2021-06-15 10:01:58,2246.05,1496733
2021-06-15 10:01:59,2246.0,1497238
2021-06-15 10:02:00,2246.0,1497256
2021-06-15 10:02:01,2246.0,1497422
2021-06-15 10:02:02,2246.0,1497447
2021-06-15 10:02:03,2246.0,1497670
2021-06-15 10:02:04,2246.0,1497671
2021-06-15 10:02:05,2246.0,1497683
2021-06-15 10:02:06,2246.05,1498287
2021-06-15 10:02:07,2246.0,1498404
2021-06-15 10:02:09,2246.05,1498449
2021-06-15 10:02:09,2246.05,1498553
2021-06-15 10:02:10,2246.0,1498672
2021-06-15 10:02:11,2246.2,1498704
2021-06-15 10:02:12,2246.2,1498712
2021-06-15 10:02:13,2246.2,1498763
2021-06-15 10:02:14,2246.05,1498825
2021-06-15 10:02:16,2244.3,1529693
2021-06-15 10:02:16,2244.3,1529693
2021-06-15 10:02:18,2244.05,1529854
2021-06-15 10:02:19,2244.05,1529854
2021-06-15 10:02:21,2244.2,1531081
2021-06-15 10:02:22,2242.7,1531174
2021-06-15 10:02:22,2243.95,1531109
2021-06-15 10:02:24,2242.75,1531689
2021-06-15 10:02:25,2243.95,1531789
2021-06-15 10:02:26,2243.2,1532378
2021-06-15 10:02:27,2243.55,1532734
2021-06-15 10:02:28,2242.45,1533409
2021-06-15 10:02:29,2242.45,1533464
2021-06-15 10:02:30,2242.5,1533621
2021-06-15 10:02:31,2242.35,1533720
2021-06-15 10:02:32,2242.3,1534124
2021-06-15 10:02:33,2242.5,1534154
2021-06-15 10:02:34,2243.0,1534285
2021-06-15 10:02:36,2241.7,1546595
2021-06-15 10:02:37,2241.15,1548442
2021-06-15 10:02:38,2242.3,1549607
2021-06-15 10:02:38,2242.3,1549607
2021-06-15 10:02:39,2241.25,1549704
2021-06-15 10:02:40,2241.45,1550172
2021-06-15 10:02:42,2241.75,1550627
2021-06-15 10:02:42,2241.75,1550709
2021-06-15 10:02:44,2242.15,1550773
2021-06-15 10:02:45,2242.7,1552689
2021-06-15 10:02:46,2242.0,1552895
2021-06-15 10:02:47,2241.25,1553040
2021-06-15 10:02:47,2241.25,1553040
2021-06-15 10:02:49,2242.0,1553188
2021-06-15 10:02:50,2242.0,1553267
2021-06-15 10:02:52,2242.85,1553989
2021-06-15 10:02:52,2242.85,1553994
2021-06-15 10:02:53,2242.8,1554001
2021-06-15 10:02:54,2241.6,1554569
2021-06-15 10:02:55,2242.8,1554624
2021-06-15 10:02:56,2242.8,1554748
2021-06-15 10:02:57,2242.8,1555190
2021-06-15 10:02:58,2242.8,1555305
2021-06-15 10:02:59,2242.05,1555362
2021-06-15 10:03:01,2242.05,1555538
2021-06-15 10:03:02,2242.05,1555648
2021-06-15 10:03:03,2242.7,1555958
2021-06-15 10:03:04,2242.4,1556027
2021-06-15 10:03:04,2242.25,1556028
2021-06-15 10:03:05,2242.25,1556194
2021-06-15 10:03:06,2242.45,1556422
2021-06-15 10:03:07,2242.45,1556581
2021-06-15 10:03:08,2242.45,1556597
2021-06-15 10:03:09,2242.05,1556751
2021-06-15 10:03:10,2242.8,1556968
2021-06-15 10:03:12,2242.5,1557248
2021-06-15 10:03:14,2242.9,1558077
2021-06-15 10:03:15,2243.0,1558129
2021-06-15 10:03:16,2242.9,1558286
2021-06-15 10:03:17,2243.0,1558451
2021-06-15 10:03:18,2243.75,1558712
2021-06-15 10:03:19,2243.3,1558948
2021-06-15 10:03:20,2243.55,1558963
2021-06-15 10:03:21,2243.8,1559231
2021-06-15 10:03:23,2243.8,1559467
2021-06-15 10:03:24,2244.05,1559797
2021-06-15 10:03:25,2243.8,1559836
2021-06-15 10:03:26,2244.45,1560411
2021-06-15 10:03:27,2244.2,1560620
2021-06-15 10:03:28,2244.85,1561139
2021-06-15 10:03:29,2244.3,1561144
2021-06-15 10:03:30,2244.9,1561279
2021-06-15 10:03:31,2245.0,1561597
2021-06-15 10:03:32,2245.0,1561630
2021-06-15 10:03:33,2245.0,1561639
2021-06-15 10:03:35,2245.0,1562057
2021-06-15 10:03:35,2245.0,1562157
2021-06-15 10:03:37,2244.3,1562405
2021-06-15 10:03:38,2244.95,1562447
2021-06-15 10:03:38,2244.95,1562447
2021-06-15 10:03:39,2244.8,1562561
2021-06-15 10:03:40,2243.55,1563398
2021-06-15 10:03:41,2243.6,1563500
2021-06-15 10:03:42,2244.3,1563666
2021-06-15 10:03:43,2244.5,1563772
2021-06-15 10:03:44,2244.5,1564128
2021-06-15 10:03:46,2244.5,1564316
2021-06-15 10:03:46,2244.5,1564318
2021-06-15 10:03:47,2244.05,1564436
2021-06-15 10:03:49,2244.05,1564528
2021-06-15 10:03:49,2244.05,1564528
2021-06-15 10:03:50,2244.5,1564633
2021-06-15 10:03:51,2244.35,1564641
2021-06-15 10:03:52,2244.35,1564697
2021-06-15 10:03:54,2244.35,1564710
2021-06-15 10:03:55,2244.55,1565279
2021-06-15 10:03:56,2244.35,1565310
2021-06-15 10:03:57,2244.3,1565315
2021-06-15 10:03:58,2244.8,1565351
2021-06-15 10:03:59,2244.6,1565606
2021-06-15 10:03:59,2244.6,1565606
2021-06-15 10:04:00,2244.8,1565746
2021-06-15 10:04:01,2244.5,1565789
2021-06-15 10:04:02,2244.3,1566001
2021-06-15 10:04:03,2244.8,1566040
2021-06-15 10:04:04,2244.5,1566180
2021-06-15 10:04:05,2244.95,1566755
2021-06-15 10:04:06,2244.8,1566854
2021-06-15 10:04:07,2244.8,1567040
2021-06-15 10:04:08,2244.55,1567276
2021-06-15 10:04:09,2244.75,1567310
2021-06-15 10:04:10,2244.75,1567380
2021-06-15 10:04:11,2244.8,1567797
2021-06-15 10:04:12,2244.8,1567801
2021-06-15 10:04:13,2244.8,1568198
2021-06-15 10:04:14,2244.8,1568432
2021-06-15 10:04:15,2244.8,1569065
2021-06-15 10:04:17,2244.85,1569366
2021-06-15 10:04:18,2244.5,1569667
2021-06-15 10:04:19,2244.35,1569717
2021-06-15 10:04:20,2244.5,1569759
2021-06-15 10:04:21,2244.55,1569797
2021-06-15 10:04:22,2244.35,1569812
2021-06-15 10:04:23,2244.55,1569813
2021-06-15 10:04:26,2244.15,1570215
2021-06-15 10:04:27,2244.85,1571382
2021-06-15 10:04:28,2244.55,1571388
2021-06-15 10:04:29,2244.05,1571550
2021-06-15 10:04:30,2244.55,1571582
2021-06-15 10:04:31,2244.55,1571600
2021-06-15 10:04:32,2244.5,1571772
2021-06-15 10:04:33,2244.05,1571814
2021-06-15 10:04:34,2244.5,1571918
2021-06-15 10:04:35,2244.05,1571955
2021-06-15 10:04:36,2244.35,1571956
2021-06-15 10:04:37,2244.35,1571957
2021-06-15 10:04:38,2244.5,1571984
2021-06-15 10:04:39,2244.35,1572039
2021-06-15 10:04:40,2243.85,1573084
2021-06-15 10:04:41,2244.5,1573252
2021-06-15 10:04:41,2243.85,1573239
2021-06-15 10:04:42,2244.5,1573418
2021-06-15 10:04:43,2243.85,1573625
2021-06-15 10:04:44,2243.9,1573630
2021-06-15 10:04:45,2243.85,1573792
2021-06-15 10:04:46,2243.8,1573902
2021-06-15 10:04:48,2244.9,1574988
2021-06-15 10:04:49,2244.85,1575261
2021-06-15 10:04:50,2244.55,1575268
2021-06-15 10:04:51,2244.35,1575318
2021-06-15 10:04:52,2243.85,1575320
2021-06-15 10:04:53,2244.8,1575394
2021-06-15 10:04:54,2243.9,1575491
2021-06-15 10:04:54,2243.9,1575491
2021-06-15 10:04:55,2244.0,1575599
2021-06-15 10:04:56,2244.8,1575619
2021-06-15 10:04:57,2244.0,1575679
2021-06-15 10:04:58,2244.0,1575829
2021-06-15 10:04:59,2244.0,1575890
2021-06-15 10:05:00,2244.0,1575918
2021-06-15 10:05:01,2244.05,1575951
2021-06-15 10:05:02,2244.0,1576090
2021-06-15 10:05:05,2244.7,1576362
2021-06-15 10:05:03,2244.5,1576097
2021-06-15 10:05:06,2244.7,1576393
2021-06-15 10:05:07,2244.75,1576449
2021-06-15 10:05:08,2244.0,1576554
2021-06-15 10:05:10,2244.7,1577027
2021-06-15 10:05:09,2244.8,1576836
2021-06-15 10:05:12,2244.8,1578340
2021-06-15 10:05:13,2244.9,1578389
2021-06-15 10:05:14,2244.9,1578453
2021-06-15 10:05:15,2244.9,1578484
2021-06-15 10:05:16,2244.8,1578522
2021-06-15 10:05:17,2245.0,1578721
2021-06-15 10:05:18,2245.1,1578896
2021-06-15 10:05:18,2245.1,1578896
2021-06-15 10:05:19,2245.15,1579002
2021-06-15 10:05:20,2245.15,1579238
2021-06-15 10:05:21,2244.75,1579272
2021-06-15 10:05:23,2245.2,1579492
2021-06-15 10:05:24,2244.65,1579684
2021-06-15 10:05:25,2244.7,1579726
2021-06-15 10:05:26,2244.7,1579808
2021-06-15 10:05:27,2244.6,1579811
2021-06-15 10:05:27,2244.6,1579811
2021-06-15 10:05:28,2244.55,1579841
2021-06-15 10:05:30,2244.6,1579861
2021-06-15 10:05:31,2244.9,1579914
2021-06-15 10:05:32,2244.55,1580068
2021-06-15 10:05:33,2244.9,1580082
2021-06-15 10:05:34,2245.0,1580270
2021-06-15 10:05:35,2245.0,1580408
2021-06-15 10:05:36,2245.05,1580604
2021-06-15 10:05:37,2244.9,1580733
2021-06-15 10:05:38,2244.85,1580785
2021-06-15 10:05:39,2244.85,1580813
2021-06-15 10:05:40,2244.9,1580827
2021-06-15 10:05:40,2244.65,1580838
2021-06-15 10:05:41,2244.9,1580938
2021-06-15 10:05:42,2244.9,1581079
2021-06-15 10:05:43,2244.9,1581082
2021-06-15 10:05:44,2244.8,1581508
2021-06-15 10:05:45,2244.7,1581591
2021-06-15 10:05:47,2244.9,1581717
2021-06-15 10:05:48,2244.5,1581799
2021-06-15 10:05:49,2244.55,1581819
2021-06-15 10:05:50,2244.55,1581819
2021-06-15 10:05:51,2244.85,1581845
2021-06-15 10:05:52,2244.85,1581900
2021-06-15 10:05:53,2244.5,1582000
2021-06-15 10:05:54,2244.65,1582002
2021-06-15 10:05:55,2244.6,1582016
2021-06-15 10:05:56,2244.65,1582137
2021-06-15 10:05:57,2244.65,1582137
2021-06-15 10:05:57,2244.55,1582138
2021-06-15 10:05:59,2244.55,1582289
2021-06-15 10:06:00,2244.55,1582315
2021-06-15 10:06:01,2244.85,1582335
2021-06-15 10:06:02,2244.55,1582425
2021-06-15 10:06:03,2244.9,1582597
2021-06-15 10:06:03,2244.9,1582597
2021-06-15 10:06:04,2244.75,1582742
2021-06-15 10:06:05,2244.75,1582742
2021-06-15 10:06:06,2244.8,1582784
2021-06-15 10:06:08,2244.8,1582901
2021-06-15 10:06:09,2244.75,1583051
2021-06-15 10:06:10,2244.9,1583052
2021-06-15 10:06:11,2244.9,1583248
2021-06-15 10:06:11,2244.9,1583248
2021-06-15 10:06:12,2244.6,1583377
2021-06-15 10:06:14,2245.85,1584142
2021-06-15 10:06:15,2245.9,1584143
2021-06-15 10:06:16,2245.8,1584244
