timestamp,ltp,volume
2021-06-15 09:15:43,986.1,4731
2021-06-15 09:15:50,986.0,5225
2021-06-15 09:15:58,986.15,5507
2021-06-15 09:16:05,986.25,5821
2021-06-15 09:16:12,984.5,8826
2021-06-15 09:16:19,984.95,9547
2021-06-15 09:16:27,984.35,10868
2021-06-15 09:16:34,983.55,11389
2021-06-15 09:16:41,984.6,12464
2021-06-15 09:16:48,984.4,12934
2021-06-15 09:16:55,984.2,13522
2021-06-15 09:17:02,985.25,14051
2021-06-15 09:17:08,985.75,14236
2021-06-15 09:17:15,985.4,14860
2021-06-15 09:17:22,984.45,15603
2021-06-15 09:17:29,984.45,15673
2021-06-15 09:17:42,984.55,16015
2021-06-15 09:17:49,984.35,16206
2021-06-15 09:17:55,984.15,16366
2021-06-15 09:18:08,984.0,16604
2021-06-15 09:18:21,984.3,16881
2021-06-15 09:18:28,984.55,17040
2021-06-15 09:18:35,984.3,17254
2021-06-15 09:18:41,984.3,17363
2021-06-15 09:18:47,984.7,17949
2021-06-15 09:18:54,984.7,18080
2021-06-15 09:19:00,984.7,18161
2021-06-15 09:19:07,984.7,18353
2021-06-15 09:19:13,984.7,18992
2021-06-15 09:19:20,984.25,19330
2021-06-15 09:19:26,984.35,19375
2021-06-15 09:19:32,984.35,19566
2021-06-15 09:19:39,984.4,20664
2021-06-15 09:19:45,984.4,20871
2021-06-15 09:19:52,984.2,21767
2021-06-15 09:19:58,983.05,23431
2021-06-15 09:20:04,981.7,25172
2021-06-15 09:20:11,981.6,25388
2021-06-15 09:20:17,982.0,26287
2021-06-15 09:20:23,982.0,26679
2021-06-15 09:20:29,981.45,29952
2021-06-15 09:20:36,982.25,30589
2021-06-15 09:20:42,981.65,30891
2021-06-15 09:20:48,982.45,31568
2021-06-15 09:20:55,982.25,32130
2021-06-15 09:21:01,982.4,33383
2021-06-15 09:21:07,982.65,33662
2021-06-15 09:21:14,983.25,34282
2021-06-15 09:21:20,982.8,34699
2021-06-15 09:21:26,982.5,34836
2021-06-15 09:21:33,982.8,34969
2021-06-15 09:21:39,982.95,35000
2021-06-15 09:21:46,983.1,36147
2021-06-15 09:21:52,982.5,36213
2021-06-15 09:21:58,983.1,36548
2021-06-15 09:22:04,982.75,36704
2021-06-15 09:22:11,983.65,36849
2021-06-15 09:22:17,983.15,38982
2021-06-15 09:22:23,983.95,39328
2021-06-15 09:22:29,983.95,39663
2021-06-15 09:22:34,983.95,39711
2021-06-15 09:22:35,983.95,39711
2021-06-15 09:22:37,983.95,39711
2021-06-15 09:22:38,983.95,39711
2021-06-15 09:22:39,983.7,39725
2021-06-15 09:22:40,983.7,39725
2021-06-15 09:22:41,983.7,39749
2021-06-15 09:22:42,983.7,39749
2021-06-15 09:22:43,983.7,39749
2021-06-15 09:22:45,983.7,39797
2021-06-15 09:22:45,983.7,39797
2021-06-15 09:22:47,983.7,39861
2021-06-15 09:22:48,983.7,39861
2021-06-15 09:22:49,983.7,39895
2021-06-15 09:22:50,983.95,40062
2021-06-15 09:22:51,983.95,40062
2021-06-15 09:22:52,983.95,40124
2021-06-15 09:22:52,983.95,40174
2021-06-15 09:22:54,983.95,40174
2021-06-15 09:22:55,983.7,40175
2021-06-15 09:22:56,983.15,40178
2021-06-15 09:22:57,983.85,40179
2021-06-15 09:22:58,983.85,40179
2021-06-15 09:22:58,983.85,40179
2021-06-15 09:23:00,983.85,40179
2021-06-15 09:23:01,983.45,40227
2021-06-15 09:23:01,983.45,40227
2021-06-15 09:23:02,983.55,40261
2021-06-15 09:23:04,983.55,40261
2021-06-15 09:23:05,984.0,40274
2021-06-15 09:23:07,983.35,40275
2021-06-15 09:23:08,983.4,40280
2021-06-15 09:23:09,983.4,40280
2021-06-15 09:23:10,984.0,40305
2021-06-15 09:23:11,984.0,40305
2021-06-15 09:23:12,983.4,40443
2021-06-15 09:23:13,984.25,40461
2021-06-15 09:23:14,983.5,40562
2021-06-15 09:23:15,984.0,40885
2021-06-15 09:23:16,984.05,40974
2021-06-15 09:23:17,983.4,40994
2021-06-15 09:23:18,984.6,41994
2021-06-15 09:23:19,984.4,42011
2021-06-15 09:23:20,984.25,42031
2021-06-15 09:23:21,983.6,42037
2021-06-15 09:23:22,984.3,42094
2021-06-15 09:23:23,983.7,42110
2021-06-15 09:23:24,983.7,42117
2021-06-15 09:23:25,983.7,42148
2021-06-15 09:23:26,983.65,42165
2021-06-15 09:23:27,983.5,42172
2021-06-15 09:23:28,983.5,42182
2021-06-15 09:23:30,983.55,42359
2021-06-15 09:23:33,983.7,42409
2021-06-15 09:23:34,983.55,42424
2021-06-15 09:23:35,983.55,42431
2021-06-15 09:23:36,983.55,42455
2021-06-15 09:23:36,983.55,42455
2021-06-15 09:23:38,983.4,42518
2021-06-15 09:23:40,983.65,42546
2021-06-15 09:23:41,983.7,42552
2021-06-15 09:23:42,983.7,42567
2021-06-15 09:23:43,983.7,42574
2021-06-15 09:23:44,983.65,42660
2021-06-15 09:23:45,983.65,42660
2021-06-15 09:23:46,984.0,42700
2021-06-15 09:23:47,984.0,42700
2021-06-15 09:23:48,984.0,42750
2021-06-15 09:23:49,984.0,42750
2021-06-15 09:23:50,983.65,43283
2021-06-15 09:23:51,984.0,43300
2021-06-15 09:23:52,984.25,43432
2021-06-15 09:23:53,984.25,43445
2021-06-15 09:23:54,983.65,43446
2021-06-15 09:23:55,983.65,43446
2021-06-15 09:23:56,984.25,43456
2021-06-15 09:23:58,984.25,43456
2021-06-15 09:23:59,984.25,43456
2021-06-15 09:24:00,983.65,43511
2021-06-15 09:24:02,983.65,43531
2021-06-15 09:24:03,983.65,43531
2021-06-15 09:24:03,983.7,43538
2021-06-15 09:24:04,983.7,43565
2021-06-15 09:24:06,983.7,43579
2021-06-15 09:24:07,983.7,43579
2021-06-15 09:24:08,984.25,44129
2021-06-15 09:24:09,984.25,44129
2021-06-15 09:24:10,983.65,44139
2021-06-15 09:24:11,983.65,44139
2021-06-15 09:24:12,983.65,44139
2021-06-15 09:24:13,983.65,44153
2021-06-15 09:24:14,983.65,44160
2021-06-15 09:24:15,983.6,44197
2021-06-15 09:24:16,983.5,44328
2021-06-15 09:24:17,983.55,44338
2021-06-15 09:24:18,983.55,44340
2021-06-15 09:24:19,983.55,44340
2021-06-15 09:24:20,983.55,44340
2021-06-15 09:24:21,983.65,44341
2021-06-15 09:24:22,983.5,44354
2021-06-15 09:24:22,983.5,44354
2021-06-15 09:24:24,983.5,44368
2021-06-15 09:24:25,983.5,44368
2021-06-15 09:24:26,983.5,44368
2021-06-15 09:24:27,983.5,44368
2021-06-15 09:24:28,983.5,44368
2021-06-15 09:24:29,983.5,44368
2021-06-15 09:24:30,983.5,44375
2021-06-15 09:24:31,983.5,44410
2021-06-15 09:24:33,983.5,44424
2021-06-15 09:24:34,983.5,44424
2021-06-15 09:24:35,983.5,44431
2021-06-15 09:24:36,983.5,44444
2021-06-15 09:24:37,984.0,44553
2021-06-15 09:24:39,983.5,44574
2021-06-15 09:24:41,984.1,44687
2021-06-15 09:24:42,984.2,44689
2021-06-15 09:24:43,983.65,44703
2021-06-15 09:24:44,984.2,44714
2021-06-15 09:24:45,983.8,44777
2021-06-15 09:24:46,983.8,44777
2021-06-15 09:24:47,983.7,44804
2021-06-15 09:24:48,983.55,44906
2021-06-15 09:24:49,983.65,44931
2021-06-15 09:24:50,983.65,44931
2021-06-15 09:24:51,983.7,44971
2021-06-15 09:24:51,983.7,44971
2021-06-15 09:24:53,984.2,44972
2021-06-15 09:24:54,983.65,44977
2021-06-15 09:24:55,983.65,44977
2021-06-15 09:24:56,983.7,45220
2021-06-15 09:24:57,983.95,50314
2021-06-15 09:24:58,983.95,50314
2021-06-15 09:24:59,983.9,50357
2021-06-15 09:25:00,983.9,50357
2021-06-15 09:25:01,983.85,50392
2021-06-15 09:25:02,983.7,50550
2021-06-15 09:25:03,983.5,51472
2021-06-15 09:25:04,983.85,51483
2021-06-15 09:25:05,983.85,51483
2021-06-15 09:25:06,983.45,51683
2021-06-15 09:25:07,983.45,51683
2021-06-15 09:25:08,983.45,51720
2021-06-15 09:25:09,983.45,51720
2021-06-15 09:25:10,983.45,51743
2021-06-15 09:25:12,983.0,52492
2021-06-15 09:25:13,983.0,52492
2021-06-15 09:25:14,983.0,52499
2021-06-15 09:25:15,983.0,52534
2021-06-15 09:25:16,983.0,52534
2021-06-15 09:25:17,983.0,52535
2021-06-15 09:25:18,983.4,52647
2021-06-15 09:25:19,983.4,52747
2021-06-15 09:25:20,983.85,52848
2021-06-15 09:25:21,983.85,52848
2021-06-15 09:25:23,983.1,52851
2021-06-15 09:25:24,983.1,52851
2021-06-15 09:25:25,983.1,52851
2021-06-15 09:25:26,983.8,52854
2021-06-15 09:25:29,983.25,52976
2021-06-15 09:25:30,983.25,52976
2021-06-15 09:25:32,983.4,53111
2021-06-15 09:25:33,983.15,53118
2021-06-15 09:25:34,983.15,53118
2021-06-15 09:25:35,983.15,53218
2021-06-15 09:25:36,983.8,53318
2021-06-15 09:25:37,983.8,53318
2021-06-15 09:25:38,983.8,53318
2021-06-15 09:25:39,983.8,53318
2021-06-15 09:25:40,984.4,53633
2021-06-15 09:25:41,984.4,53633
2021-06-15 09:25:42,983.3,53636
2021-06-15 09:25:43,983.3,53636
2021-06-15 09:25:44,984.65,54646
2021-06-15 09:25:45,984.65,54646
2021-06-15 09:25:46,983.7,54702
2021-06-15 09:25:47,984.75,55102
2021-06-15 09:25:48,983.6,55120
2021-06-15 09:25:49,983.6,55120
2021-06-15 09:25:50,983.6,55120
2021-06-15 09:25:51,983.6,55120
2021-06-15 09:25:52,984.6,55125
2021-06-15 09:25:53,984.6,55125
2021-06-15 09:25:54,984.6,55125
2021-06-15 09:25:55,984.6,55125
2021-06-15 09:25:56,984.6,55125
2021-06-15 09:25:57,984.4,55228
2021-06-15 09:25:58,983.75,55230
2021-06-15 09:25:59,983.75,55230
2021-06-15 09:26:00,983.8,55266
2021-06-15 09:26:01,983.8,55266
2021-06-15 09:26:02,983.8,55266
2021-06-15 09:26:03,984.4,55276
2021-06-15 09:26:04,984.45,55296
2021-06-15 09:26:05,983.8,55298
2021-06-15 09:26:07,983.8,55298
2021-06-15 09:26:08,983.8,55298
2021-06-15 09:26:09,983.8,55298
2021-06-15 09:26:10,984.5,55348
2021-06-15 09:26:11,983.8,55368
2021-06-15 09:26:12,983.8,55368
2021-06-15 09:26:13,983.8,55402
2021-06-15 09:26:14,983.8,55402
2021-06-15 09:26:15,983.8,55402
2021-06-15 09:26:16,983.8,55403
2021-06-15 09:26:17,984.4,55487
2021-06-15 09:26:18,983.6,55577
2021-06-15 09:26:20,984.35,55609
2021-06-15 09:26:21,984.35,55609
2021-06-15 09:26:22,984.3,55611
2021-06-15 09:26:23,983.6,55859
2021-06-15 09:26:24,983.6,55859
2021-06-15 09:26:25,983.95,55864
2021-06-15 09:26:26,983.95,55871
2021-06-15 09:26:27,983.95,55871
2021-06-15 09:26:28,983.85,55910
2021-06-15 09:26:29,984.2,55927
2021-06-15 09:26:31,983.6,56032
2021-06-15 09:26:32,983.6,56067
2021-06-15 09:26:34,984.1,56102
2021-06-15 09:26:35,983.8,56136
2021-06-15 09:26:36,983.8,56136
2021-06-15 09:26:37,983.7,56157
2021-06-15 09:26:38,983.7,56157
2021-06-15 09:26:39,983.75,56198
2021-06-15 09:26:40,983.75,56205
2021-06-15 09:26:41,984.55,56281
2021-06-15 09:26:42,983.8,56322
2021-06-15 09:26:43,983.8,56336
2021-06-15 09:26:44,983.75,56350
2021-06-15 09:26:45,983.8,56385
2021-06-15 09:26:46,983.8,56438
2021-06-15 09:26:47,983.8,56438
2021-06-15 09:26:48,983.8,56466
2021-06-15 09:26:49,983.8,56479
2021-06-15 09:26:50,983.8,56492
2021-06-15 09:26:51,983.8,56492
2021-06-15 09:26:52,983.85,56519
2021-06-15 09:26:53,984.5,56524
2021-06-15 09:26:54,984.5,56524
2021-06-15 09:26:55,983.85,56538
2021-06-15 09:26:56,983.85,56538
2021-06-15 09:26:57,983.85,56542
2021-06-15 09:26:58,984.5,56582
2021-06-15 09:26:59,984.5,56582
2021-06-15 09:27:00,983.9,56656
2021-06-15 09:27:01,983.9,56662
2021-06-15 09:27:02,983.9,56725
2021-06-15 09:27:03,983.9,56725
2021-06-15 09:27:04,983.9,56725
2021-06-15 09:27:05,983.9,56725
2021-06-15 09:27:06,983.9,56725
2021-06-15 09:27:07,983.85,56825
2021-06-15 09:27:08,983.85,56825
2021-06-15 09:27:09,984.9,57125
2021-06-15 09:27:10,983.9,57127
2021-06-15 09:27:11,983.9,57127
2021-06-15 09:27:12,983.85,57250
2021-06-15 09:27:13,983.9,57265
2021-06-15 09:27:14,983.95,57292
2021-06-15 09:27:15,983.95,57343
2021-06-15 09:27:16,983.95,57343
2021-06-15 09:27:17,983.95,57343
2021-06-15 09:27:19,984.05,57384
2021-06-15 09:27:19,983.85,57385
2021-06-15 09:27:20,983.9,57400
2021-06-15 09:27:21,983.9,57400
2021-06-15 09:27:22,983.9,57431
2021-06-15 09:27:23,983.9,57431
2021-06-15 09:27:24,984.0,57495
2021-06-15 09:27:25,984.0,57495
2021-06-15 09:27:26,983.9,57508
2021-06-15 09:27:27,983.9,57508
2021-06-15 09:27:28,983.85,57522
2021-06-15 09:27:29,984.6,57547
2021-06-15 09:27:30,983.85,57609
2021-06-15 09:27:31,983.85,57623
2021-06-15 09:27:32,983.85,57624
2021-06-15 09:27:33,984.0,58124
2021-06-15 09:27:38,984.0,58308
2021-06-15 09:27:44,984.35,58514
2021-06-15 09:27:49,983.85,58528
2021-06-15 09:27:55,984.0,58570
2021-06-15 09:28:01,984.55,58712
2021-06-15 09:28:06,984.05,58713
2021-06-15 09:28:12,984.45,58743
2021-06-15 09:28:18,984.1,58900
2021-06-15 09:28:24,984.45,58950
2021-06-15 09:28:29,984.45,59015
2021-06-15 09:28:35,984.9,59302
2021-06-15 09:28:41,984.45,59304
2021-06-15 09:28:46,984.7,59547
2021-06-15 09:28:52,984.9,59729
2021-06-15 09:28:58,985.0,59791
2021-06-15 09:29:04,984.2,60012
2021-06-15 09:29:10,984.95,60024
2021-06-15 09:29:16,984.6,60083
2021-06-15 09:29:21,985.0,60183
2021-06-15 09:29:27,985.25,60316
2021-06-15 09:29:33,985.3,60359
2021-06-15 09:29:38,985.25,60765
2021-06-15 09:29:50,985.05,60861
2021-06-15 09:29:56,985.0,60979
2021-06-15 09:30:02,985.1,61223
2021-06-15 09:30:08,985.0,61224
2021-06-15 09:30:14,985.45,61225
2021-06-15 09:30:20,985.6,61336
2021-06-15 09:30:25,986.3,61531
2021-06-15 09:30:31,985.6,61591
2021-06-15 09:30:36,986.35,61977
2021-06-15 09:30:42,985.9,62240
2021-06-15 09:30:48,985.9,62441
2021-06-15 09:30:54,985.7,62961
2021-06-15 09:31:00,985.7,63310
2021-06-15 09:31:05,985.9,63485
2021-06-15 09:31:11,986.25,64595
2021-06-15 09:31:17,986.55,65129
2021-06-15 09:31:23,986.6,65195
2021-06-15 09:31:28,987.45,66215
2021-06-15 09:31:34,986.8,66250
2021-06-15 09:31:39,987.05,66628
2021-06-15 09:31:45,987.0,66674
2021-06-15 09:31:50,985.8,67150
2021-06-15 09:31:56,986.15,67291
2021-06-15 09:32:02,985.2,67551
2021-06-15 09:32:07,985.1,67684
2021-06-15 09:32:13,985.35,67816
2021-06-15 09:32:19,985.15,67845
2021-06-15 09:32:25,985.9,67958
2021-06-15 09:32:30,985.0,68066
2021-06-15 09:32:36,985.0,68142
2021-06-15 09:32:42,985.35,68350
2021-06-15 09:32:48,985.0,68510
2021-06-15 09:32:54,984.2,69312
2021-06-15 09:33:00,984.2,69449
2021-06-15 09:33:05,984.05,69530
2021-06-15 09:33:11,985.35,69677
2021-06-15 09:33:17,985.35,69905
2021-06-15 09:33:23,986.05,70068
2021-06-15 09:33:29,987.0,70474
2021-06-15 09:33:35,986.05,70625
2021-06-15 09:33:41,986.05,70625
2021-06-15 09:33:46,986.45,70667
2021-06-15 09:33:52,986.45,70703
2021-06-15 09:33:57,985.95,70916
2021-06-15 09:34:03,986.4,71221
2021-06-15 09:34:08,985.85,71332
2021-06-15 09:34:14,985.65,71390
2021-06-15 09:34:20,986.15,71499
2021-06-15 09:34:25,985.65,71502
2021-06-15 09:34:31,985.65,71545
2021-06-15 09:34:36,986.25,71679
2021-06-15 09:34:41,986.55,71979
2021-06-15 09:34:47,985.7,72587
2021-06-15 09:34:52,985.6,72605
2021-06-15 09:34:58,985.7,72608
2021-06-15 09:35:03,986.2,72748
2021-06-15 09:35:09,985.65,72956
2021-06-15 09:35:15,985.7,72997
2021-06-15 09:35:21,985.75,72998
2021-06-15 09:35:27,986.45,73153
2021-06-15 09:35:32,985.8,73191
2021-06-15 09:35:38,986.5,73290
2021-06-15 09:35:44,986.9,73497
2021-06-15 09:35:50,986.75,73743
2021-06-15 09:35:55,986.9,73769
2021-06-15 09:36:00,986.5,73824
2021-06-15 09:36:06,986.5,73835
2021-06-15 09:36:12,986.9,74245
2021-06-15 09:36:17,986.5,74443
2021-06-15 09:36:22,988.0,77549
2021-06-15 09:36:28,988.0,77549
2021-06-15 09:36:33,987.3,77625
2021-06-15 09:36:39,987.55,77760
2021-06-15 09:36:45,987.05,77772
2021-06-15 09:36:50,987.15,77935
2021-06-15 09:36:55,987.15,77935
2021-06-15 09:37:00,987.2,78072
2021-06-15 09:37:05,987.2,78072
2021-06-15 09:37:10,987.5,79033
2021-06-15 09:37:15,987.25,79068
2021-06-15 09:37:21,987.8,79195
2021-06-15 09:37:26,987.8,79322
2021-06-15 09:37:31,987.5,79495
2021-06-15 09:37:37,987.75,79595
2021-06-15 09:37:42,987.5,79618
2021-06-15 09:37:47,986.5,80675
2021-06-15 09:37:53,985.55,81040
2021-06-15 09:37:59,986.1,81115
2021-06-15 09:38:04,986.65,81277
2021-06-15 09:38:10,986.85,82332
2021-06-15 09:38:15,987.05,82383
2021-06-15 09:38:21,987.0,82535
2021-06-15 09:38:26,987.2,82555
2021-06-15 09:38:31,986.65,82685
2021-06-15 09:38:37,986.8,82798
2021-06-15 09:38:48,986.8,83016
2021-06-15 09:38:53,986.3,83040
2021-06-15 09:38:58,986.3,83310
2021-06-15 09:39:03,986.4,83350
2021-06-15 09:39:13,986.5,83472
2021-06-15 09:39:18,986.6,83507
2021-06-15 09:39:23,987.0,83522
2021-06-15 09:39:28,987.0,83522
2021-06-15 09:39:33,987.0,83573
2021-06-15 09:39:38,987.0,83573
2021-06-15 09:39:44,985.65,85202
2021-06-15 09:39:50,985.65,85408
2021-06-15 09:39:55,985.65,85426
2021-06-15 09:40:01,986.5,85521
2021-06-15 09:40:12,987.0,85733
2021-06-15 09:40:17,986.4,85761
2021-06-15 09:40:22,987.5,86038
2021-06-15 09:40:28,986.65,86050
2021-06-15 09:40:33,986.6,86251
2021-06-15 09:40:38,986.65,86283
2021-06-15 09:40:44,986.6,86289
2021-06-15 09:40:49,986.5,86327
2021-06-15 09:40:54,986.5,86329
2021-06-15 09:40:59,986.5,86359
2021-06-15 09:41:05,986.45,86443
2021-06-15 09:41:10,986.45,86550
2021-06-15 09:41:16,986.3,86599
2021-06-15 09:41:21,986.3,86599
2021-06-15 09:41:25,986.0,86610
2021-06-15 09:41:30,986.35,86646
2021-06-15 09:41:36,986.45,86647
2021-06-15 09:41:42,987.15,86669
2021-06-15 09:41:47,986.7,86686
2021-06-15 09:41:52,986.65,86699
2021-06-15 09:41:57,986.55,87345
2021-06-15 09:42:02,986.65,87410
2021-06-15 09:42:07,987.15,87660
2021-06-15 09:42:12,986.45,87716
2021-06-15 09:42:17,986.45,87779
2021-06-15 09:42:22,986.45,87781
2021-06-15 09:42:27,986.45,87781
2021-06-15 09:42:37,987.45,88741
2021-06-15 09:42:42,987.35,88751
2021-06-15 09:42:48,986.65,88796
2021-06-15 09:42:53,987.45,89894
2021-06-15 09:42:58,986.7,90323
2021-06-15 09:43:04,987.25,90406
2021-06-15 09:43:08,987.8,90595
2021-06-15 09:43:13,987.85,91846
2021-06-15 09:43:19,988.0,91885
2021-06-15 09:43:24,988.35,91969
2021-06-15 09:43:29,989.0,92293
2021-06-15 09:43:35,988.4,92336
2021-06-15 09:43:40,988.5,92523
2021-06-15 09:43:51,988.25,92683
2021-06-15 09:43:56,988.0,92936
2021-06-15 09:44:07,988.4,92974
2021-06-15 09:44:12,988.45,93024
2021-06-15 09:44:17,988.15,93065
2021-06-15 09:44:22,988.15,93066
2021-06-15 09:44:28,988.4,93069
2021-06-15 09:44:33,988.4,93138
2021-06-15 09:44:38,988.4,93139
2021-06-15 09:44:43,988.4,93139
2021-06-15 09:44:48,988.3,93199
2021-06-15 09:44:53,988.4,93338
2021-06-15 09:44:58,988.75,94142
2021-06-15 09:45:08,989.0,94325
2021-06-15 09:45:13,989.0,94325
2021-06-15 09:45:18,988.55,94381
2021-06-15 09:45:23,988.55,94578
2021-06-15 09:45:28,988.35,94583
2021-06-15 09:45:34,988.55,94625
2021-06-15 09:45:40,988.35,94738
2021-06-15 09:45:45,988.4,94741
2021-06-15 09:45:50,988.4,94798
2021-06-15 09:45:56,988.4,94824
2021-06-15 09:46:01,988.4,94825
2021-06-15 09:46:06,988.3,95028
2021-06-15 09:46:11,987.85,95738
2021-06-15 09:46:16,987.5,95936
2021-06-15 09:46:21,987.95,96057
2021-06-15 09:46:26,987.95,96067
2021-06-15 09:46:31,987.95,96107
2021-06-15 09:46:36,987.55,96180
2021-06-15 09:46:41,988.0,96196
2021-06-15 09:46:46,988.0,96211
2021-06-15 09:46:51,988.1,96261
2021-06-15 09:46:56,987.5,96463
2021-06-15 09:47:01,987.5,96571
2021-06-15 09:47:06,987.5,96638
2021-06-15 09:47:11,987.5,96663
2021-06-15 09:47:16,988.0,96700
2021-06-15 09:47:22,987.6,96704
2021-06-15 09:47:27,988.0,96813
2021-06-15 09:47:37,988.0,97579
2021-06-15 09:47:42,988.1,97589
2021-06-15 09:47:52,988.05,97727
2021-06-15 09:47:57,988.35,97742
2021-06-15 09:48:02,988.1,97827
2021-06-15 09:48:07,988.5,98657
2021-06-15 09:48:11,988.25,98666
2021-06-15 09:48:16,988.25,98834
2021-06-15 09:48:21,988.3,98839
2021-06-15 09:48:26,988.2,98847
2021-06-15 09:48:31,988.25,98876
2021-06-15 09:48:36,988.2,99026
2021-06-15 09:48:41,988.2,99030
2021-06-15 09:48:46,988.2,99031
2021-06-15 09:48:51,988.0,100214
2021-06-15 09:48:56,988.0,100238
2021-06-15 09:49:01,988.25,100351
2021-06-15 09:49:06,988.0,100457
2021-06-15 09:49:15,988.0,100784
2021-06-15 09:49:21,988.0,100785
2021-06-15 09:49:26,988.0,100785
2021-06-15 09:49:31,988.0,100821
2021-06-15 09:49:35,988.0,100872
2021-06-15 09:49:40,988.0,101623
2021-06-15 09:49:45,988.0,101704
2021-06-15 09:49:50,988.0,101706
2021-06-15 09:49:55,988.0,101716
2021-06-15 09:50:00,988.4,101723
2021-06-15 09:50:04,988.05,101772
2021-06-15 09:50:09,988.05,101788
2021-06-15 09:50:13,988.05,101824
2021-06-15 09:50:18,988.05,101924
2021-06-15 09:50:23,988.05,101931
2021-06-15 09:50:27,988.4,101951
2021-06-15 09:50:32,988.45,103049
2021-06-15 09:50:37,988.85,103160
2021-06-15 09:50:42,988.85,103225
2021-06-15 09:50:47,988.45,103281
2021-06-15 09:50:51,988.8,103306
2021-06-15 09:50:55,988.8,103306
2021-06-15 09:51:00,988.8,103327
2021-06-15 09:51:05,988.85,103372
2021-06-15 09:51:09,988.7,103389
2021-06-15 09:51:18,988.7,103437
2021-06-15 09:51:23,988.7,103439
2021-06-15 09:51:28,988.25,103520
2021-06-15 09:51:33,988.25,103555
2021-06-15 09:51:37,988.2,103619
2021-06-15 09:51:42,988.2,103646
2021-06-15 09:51:47,988.05,103673
2021-06-15 09:51:52,988.05,103712
2021-06-15 09:51:58,988.45,103732
2021-06-15 09:52:02,988.45,103766
2021-06-15 09:52:07,988.4,103772
2021-06-15 09:52:12,988.4,103772
2021-06-15 09:52:16,988.1,103885
2021-06-15 09:52:22,988.1,103885
2021-06-15 09:52:27,988.5,103902
2021-06-15 09:52:32,988.15,104015
2021-06-15 09:52:37,988.7,104079
2021-06-15 09:52:41,988.25,104095
2021-06-15 09:52:46,988.25,104131
2021-06-15 09:52:51,988.8,104401
2021-06-15 09:52:55,988.8,104406
2021-06-15 09:53:00,988.15,104554
2021-06-15 09:53:05,988.8,104621
2021-06-15 09:53:10,988.75,104638
2021-06-15 09:53:15,988.3,104662
2021-06-15 09:53:20,988.2,104674
2021-06-15 09:53:24,988.75,104892
2021-06-15 09:53:29,988.7,104959
2021-06-15 09:53:33,988.75,105050
2021-06-15 09:53:38,988.35,105071
2021-06-15 09:53:42,988.0,105715
2021-06-15 09:53:47,988.0,105767
2021-06-15 09:53:52,988.0,105800
2021-06-15 09:53:57,988.2,105935
2021-06-15 09:54:01,988.0,105976
2021-06-15 09:54:06,988.2,106061
2021-06-15 09:54:11,988.2,106079
2021-06-15 09:54:15,988.0,106114
2021-06-15 09:54:20,988.5,106346
2021-06-15 09:54:24,988.5,106346
2021-06-15 09:54:33,988.15,106479
2021-06-15 09:54:38,988.0,106520
2021-06-15 09:54:43,988.4,106547
2021-06-15 09:54:48,988.15,106639
2021-06-15 09:54:53,988.15,106655
2021-06-15 09:54:58,988.0,106703
2021-06-15 09:55:02,988.0,106743
2021-06-15 09:55:07,988.0,106743
2021-06-15 09:55:11,988.3,106760
2021-06-15 09:55:16,988.0,106875
2021-06-15 09:55:21,988.2,106901
2021-06-15 09:55:25,988.2,107104
2021-06-15 09:55:29,988.1,107205
2021-06-15 09:55:34,988.7,107259
2021-06-15 09:55:38,988.1,107277
2021-06-15 09:55:43,988.2,107312
2021-06-15 09:55:47,988.75,107413
2021-06-15 09:55:52,988.75,107434
2021-06-15 09:55:57,988.7,107435
2021-06-15 09:56:01,988.2,107507
2021-06-15 09:56:05,988.2,107507
2021-06-15 09:56:10,988.5,107524
2021-06-15 09:56:14,988.5,107524
2021-06-15 09:56:18,988.15,107598
2021-06-15 09:56:23,988.5,107614
2021-06-15 09:56:27,988.1,107619
2021-06-15 09:56:31,988.15,108042
2021-06-15 09:56:36,988.15,108042
2021-06-15 09:56:40,988.5,108130
2021-06-15 09:56:44,988.5,108130
2021-06-15 09:56:49,988.7,108166
2021-06-15 09:56:53,988.7,108166
2021-06-15 09:56:58,988.85,108182
2021-06-15 09:57:03,988.35,108320
2021-06-15 09:57:07,988.3,108322
2021-06-15 09:57:11,988.75,108325
2021-06-15 09:57:16,988.2,108361
2021-06-15 09:57:24,988.75,108736
2021-06-15 09:57:29,988.85,108740
2021-06-15 09:57:33,988.85,108767
2021-06-15 09:57:37,988.5,108802
2021-06-15 09:57:41,988.5,108802
2021-06-15 09:57:46,988.4,108861
2021-06-15 09:57:50,988.35,108871
2021-06-15 09:57:55,988.8,108888
2021-06-15 09:57:59,988.8,108913
2021-06-15 09:58:04,988.3,108949
2021-06-15 09:58:08,988.8,108985
2021-06-15 09:58:13,988.4,109149
2021-06-15 09:58:17,988.4,109184
2021-06-15 09:58:22,988.95,109313
2021-06-15 09:58:26,988.8,109315
2021-06-15 09:58:30,988.4,109383
2021-06-15 09:58:35,988.4,109510
2021-06-15 09:58:39,988.8,109536
2021-06-15 09:58:44,988.8,109558
2021-06-15 09:58:49,988.4,109625
2021-06-15 09:58:53,988.95,109634
2021-06-15 09:58:58,988.95,109650
2021-06-15 09:59:02,988.95,109676
2021-06-15 09:59:07,989.0,110278
2021-06-15 09:59:12,989.0,110283
2021-06-15 09:59:16,989.5,111581
2021-06-15 09:59:20,989.0,111685
2021-06-15 09:59:25,989.0,111685
2021-06-15 09:59:29,989.0,111741
2021-06-15 09:59:34,989.0,111776
2021-06-15 09:59:39,989.5,111852
2021-06-15 09:59:44,989.0,111858
2021-06-15 09:59:48,989.5,111925
2021-06-15 09:59:52,989.5,111925
2021-06-15 09:59:57,989.5,111925
2021-06-15 10:00:01,989.4,112003
2021-06-15 10:00:05,989.4,112003
2021-06-15 10:00:14,989.45,115217
2021-06-15 10:00:19,989.2,115294
2021-06-15 10:00:24,989.1,115394
2021-06-15 10:00:28,989.45,115461
2021-06-15 10:00:32,989.35,115483
2021-06-15 10:00:37,989.1,115497
2021-06-15 10:00:41,989.4,115499
2021-06-15 10:00:45,989.05,115556
2021-06-15 10:00:50,988.9,115691
2021-06-15 10:00:55,989.4,115791
2021-06-15 10:00:59,989.45,115907
2021-06-15 10:01:05,989.0,115992
2021-06-15 10:01:09,989.4,116009
2021-06-15 10:01:14,989.0,116039
2021-06-15 10:01:19,988.95,116113
2021-06-15 10:01:24,989.0,116128
2021-06-15 10:01:28,989.15,116344
2021-06-15 10:01:33,990.55,119766
2021-06-15 10:01:38,990.6,119792
2021-06-15 10:01:42,990.45,119820
2021-06-15 10:01:47,990.45,119842
2021-06-15 10:01:52,990.35,119857
2021-06-15 10:01:57,990.6,120317
2021-06-15 10:02:02,990.4,120468
2021-06-15 10:02:07,990.4,120468
2021-06-15 10:02:11,990.9,120488
2021-06-15 10:02:16,990.85,120529
2021-06-15 10:02:21,989.7,121353
2021-06-15 10:02:26,989.0,121357
2021-06-15 10:02:35,988.7,121770
2021-06-15 10:02:40,988.5,121771
2021-06-15 10:02:45,988.6,121806
2021-06-15 10:02:50,988.5,122011
2021-06-15 10:02:55,988.5,122011
2021-06-15 10:02:59,989.0,122027
2021-06-15 10:03:04,988.55,122063
2021-06-15 10:03:09,988.95,122095
2021-06-15 10:03:13,988.95,122095
2021-06-15 10:03:22,988.5,122345
2021-06-15 10:03:27,988.3,122446
2021-06-15 10:03:32,988.3,122482
2021-06-15 10:03:36,988.3,122482
2021-06-15 10:03:41,988.3,122505
2021-06-15 10:03:45,988.3,122540
2021-06-15 10:03:50,988.3,122577
2021-06-15 10:03:55,988.2,122758
2021-06-15 10:03:59,988.2,122758
2021-06-15 10:04:04,988.5,122994
2021-06-15 10:04:08,988.5,123011
2021-06-15 10:04:13,988.6,123036
2021-06-15 10:04:17,988.65,123087
2021-06-15 10:04:21,988.5,123090
2021-06-15 10:04:26,988.2,123094
2021-06-15 10:04:31,988.15,123388
2021-06-15 10:04:35,988.05,123438
2021-06-15 10:04:40,988.5,123489
2021-06-15 10:04:45,989.0,123505
2021-06-15 10:04:49,988.5,123615
2021-06-15 10:04:53,988.5,123615
2021-06-15 10:04:57,988.85,123642
2021-06-15 10:05:01,988.55,123646
2021-06-15 10:05:06,988.55,123816
2021-06-15 10:05:10,990.6,126780
2021-06-15 10:05:15,990.6,126792
2021-06-15 10:05:19,990.8,126843
2021-06-15 10:05:23,990.45,127382
2021-06-15 10:05:28,990.45,127382
2021-06-15 10:05:32,989.95,127741
2021-06-15 10:05:37,989.95,127741
2021-06-15 10:05:41,990.7,128910
2021-06-15 10:05:46,990.7,128965
2021-06-15 10:05:50,990.65,128988
2021-06-15 10:05:55,990.7,129026
2021-06-15 10:05:59,991.85,131516
2021-06-15 10:06:04,993.85,137888
2021-06-15 10:06:09,993.45,138989
2021-06-15 10:06:14,993.15,139668
2021-06-15 10:06:18,992.9,140110
2021-06-15 10:06:22,992.45,141292
2021-06-15 10:06:27,992.45,141310
2021-06-15 10:06:31,992.3,141554
2021-06-15 10:06:36,992.45,141674
2021-06-15 10:06:40,992.15,143367
2021-06-15 10:06:45,993.3,147110
2021-06-15 10:06:49,993.3,147459
2021-06-15 10:06:53,993.45,148060
2021-06-15 10:06:57,993.75,148411
2021-06-15 10:07:02,991.3,149973
2021-06-15 10:07:06,991.1,150262
2021-06-15 10:07:11,992.25,150977
2021-06-15 10:07:16,992.3,151037
2021-06-15 10:07:20,992.05,151343
2021-06-15 10:07:24,992.6,151394
2021-06-15 10:07:29,992.6,151394
2021-06-15 10:07:33,992.3,151646
2021-06-15 10:07:34,992.25,151796
2021-06-15 10:07:35,992.25,151796
2021-06-15 10:07:36,992.05,151846
2021-06-15 10:07:38,992.5,151861
2021-06-15 10:07:39,992.5,151861
2021-06-15 10:07:40,992.5,151861
2021-06-15 10:07:41,992.5,151866
2021-06-15 10:07:42,992.5,151866
2021-06-15 10:07:43,992.5,151871
2021-06-15 10:07:44,992.5,151871
2021-06-15 10:07:45,992.5,151871
2021-06-15 10:07:46,992.1,151906
2021-06-15 10:07:47,992.1,151906
2021-06-15 10:07:48,992.1,151906
2021-06-15 10:07:49,992.1,151906
2021-06-15 10:07:50,992.5,151956
2021-06-15 10:07:51,992.1,151958
2021-06-15 10:07:52,992.1,151958
2021-06-15 10:07:53,992.1,151958
2021-06-15 10:07:54,992.5,152178
2021-06-15 10:07:55,992.05,152180
2021-06-15 10:07:56,992.05,152180
2021-06-15 10:07:57,992.05,152180
2021-06-15 10:07:58,992.5,152285
2021-06-15 10:08:00,992.2,152298
2021-06-15 10:08:01,992.2,152298
2021-06-15 10:08:02,992.2,152298
2021-06-15 10:08:03,992.05,152322
2021-06-15 10:08:06,992.05,152322
2021-06-15 10:08:07,992.0,152432
2021-06-15 10:08:09,992.0,152432
2021-06-15 10:08:10,992.0,152432
2021-06-15 10:08:11,992.0,152442
2021-06-15 10:08:12,992.0,152442
2021-06-15 10:08:13,992.0,152442
2021-06-15 10:08:14,992.0,152484
2021-06-15 10:08:15,991.85,152526
2021-06-15 10:08:19,991.85,152526
2021-06-15 10:08:20,992.0,152536
2021-06-15 10:08:21,991.85,152543
2021-06-15 10:08:22,991.85,152543
2021-06-15 10:08:23,991.65,152614
2021-06-15 10:08:24,991.65,152625
2021-06-15 10:08:25,991.6,152725
2021-06-15 10:08:26,991.6,152725
2021-06-15 10:08:30,991.6,152760
2021-06-15 10:08:32,991.95,152763
2021-06-15 10:08:33,991.95,152763
2021-06-15 10:08:35,991.95,152773
2021-06-15 10:08:36,991.95,152776
2021-06-15 10:08:37,992.0,152786
2021-06-15 10:08:38,992.0,152786
2021-06-15 10:08:39,991.65,152853
2021-06-15 10:08:40,991.65,152853
2021-06-15 10:08:41,991.65,152886
2021-06-15 10:08:42,991.65,152886
2021-06-15 10:08:44,992.0,152891
2021-06-15 10:08:45,992.0,153041
2021-06-15 10:08:46,991.6,153181
2021-06-15 10:08:48,991.65,153282
2021-06-15 10:08:49,991.95,153332
2021-06-15 10:08:51,992.0,153367
2021-06-15 10:08:52,992.0,153367
2021-06-15 10:08:53,992.0,153367
2021-06-15 10:08:54,992.0,153367
2021-06-15 10:08:56,992.0,153467
2021-06-15 10:08:57,992.0,153467
2021-06-15 10:08:58,992.5,153502
2021-06-15 10:08:59,992.0,153513
2021-06-15 10:09:00,992.0,153548
2021-06-15 10:09:01,992.0,153688
2021-06-15 10:09:02,992.0,153688
2021-06-15 10:09:03,992.0,153688
2021-06-15 10:09:04,992.0,153688
2021-06-15 10:09:05,992.45,153693
2021-06-15 10:09:06,992.45,153743
2021-06-15 10:09:07,992.45,153743
2021-06-15 10:09:08,992.45,153743
2021-06-15 10:09:09,992.5,153773
2021-06-15 10:09:10,992.5,153773
2021-06-15 10:09:12,992.0,153774
2021-06-15 10:09:13,992.5,153782
2021-06-15 10:09:14,992.5,153792
2021-06-15 10:09:15,992.5,153792
2021-06-15 10:09:16,992.0,153828
2021-06-15 10:09:17,992.0,153828
2021-06-15 10:09:18,992.0,153828
2021-06-15 10:09:19,992.0,153828
2021-06-15 10:09:20,992.45,153932
2021-06-15 10:09:21,992.45,153932
2021-06-15 10:09:22,992.45,153932
2021-06-15 10:09:23,992.0,153933
2021-06-15 10:09:24,992.0,153933
2021-06-15 10:09:25,992.0,153933
2021-06-15 10:09:26,992.0,153933
2021-06-15 10:09:27,992.0,153933
2021-06-15 10:09:29,992.0,153933
2021-06-15 10:09:30,992.4,153978
2021-06-15 10:09:31,992.4,153978
2021-06-15 10:09:32,992.45,154078
2021-06-15 10:09:33,991.85,155663
2021-06-15 10:09:34,991.85,155663
2021-06-15 10:09:35,991.35,155664
2021-06-15 10:09:39,991.35,155664
2021-06-15 10:09:42,991.75,155731
2021-06-15 10:09:44,991.35,155745
2021-06-15 10:09:45,991.35,155793
2021-06-15 10:09:46,991.35,155807
2021-06-15 10:09:47,991.3,155973
2021-06-15 10:09:48,991.0,156086
2021-06-15 10:09:49,991.0,156099
2021-06-15 10:09:50,991.0,156099
2021-06-15 10:09:51,991.0,156099
2021-06-15 10:09:52,991.0,156099
2021-06-15 10:09:53,991.2,156204
2021-06-15 10:09:54,991.45,156504
2021-06-15 10:09:55,991.45,156504
2021-06-15 10:09:57,991.45,156504
2021-06-15 10:09:59,991.45,156504
2021-06-15 10:10:00,991.45,156504
2021-06-15 10:10:00,991.6,156522
2021-06-15 10:10:01,991.6,156522
2021-06-15 10:10:02,991.25,156639
2021-06-15 10:10:03,991.25,156639
2021-06-15 10:10:05,991.25,156639
2021-06-15 10:10:06,991.25,156639
2021-06-15 10:10:07,991.25,156639
2021-06-15 10:10:08,991.25,156639
2021-06-15 10:10:09,991.6,156645
2021-06-15 10:10:10,991.6,156645
2021-06-15 10:10:11,991.6,156645
2021-06-15 10:10:12,991.6,156645
2021-06-15 10:10:14,991.2,156695
2021-06-15 10:10:15,991.2,156696
2021-06-15 10:10:15,991.2,156695
2021-06-15 10:10:16,991.2,156714
2021-06-15 10:10:17,991.2,156714
2021-06-15 10:10:18,991.4,156732
2021-06-15 10:10:19,991.4,156735
2021-06-15 10:10:20,991.4,156735
2021-06-15 10:10:21,991.4,156735
2021-06-15 10:10:22,991.4,156735
2021-06-15 10:10:24,991.4,156735
2021-06-15 10:10:24,991.4,156735
2021-06-15 10:10:25,991.4,156735
2021-06-15 10:10:26,991.0,156736
2021-06-15 10:10:27,991.4,156753
2021-06-15 10:10:28,991.0,156953
2021-06-15 10:10:30,991.0,156994
2021-06-15 10:10:31,991.0,156994
2021-06-15 10:10:32,991.0,156994
2021-06-15 10:10:33,991.0,156994
2021-06-15 10:10:35,991.0,156994
2021-06-15 10:10:37,991.0,157013
2021-06-15 10:10:38,991.0,157013
2021-06-15 10:10:39,991.0,157019
2021-06-15 10:10:42,991.0,157019
2021-06-15 10:10:43,991.0,157044
2021-06-15 10:10:43,991.0,157044
2021-06-15 10:10:44,991.0,157044
2021-06-15 10:10:45,991.0,157086
2021-06-15 10:10:47,991.3,157136
2021-06-15 10:10:47,990.45,157693
2021-06-15 10:10:48,990.45,157693
2021-06-15 10:10:49,990.45,157693
2021-06-15 10:10:51,990.45,157693
2021-06-15 10:10:52,991.1,157694
2021-06-15 10:10:54,991.1,157694
2021-06-15 10:10:54,991.1,157700
2021-06-15 10:10:55,991.1,157700
2021-06-15 10:10:56,991.05,157736
2021-06-15 10:10:57,991.4,157752
2021-06-15 10:10:58,991.4,157752
2021-06-15 10:10:59,991.4,157752
2021-06-15 10:11:00,991.0,157817
2021-06-15 10:11:01,991.0,157817
2021-06-15 10:11:03,991.0,157817
2021-06-15 10:11:07,991.0,157817
2021-06-15 10:11:07,991.35,157834
2021-06-15 10:11:08,991.35,157834
2021-06-15 10:11:10,991.35,157834
2021-06-15 10:11:12,991.35,157834
2021-06-15 10:11:13,991.35,157834
2021-06-15 10:11:15,991.35,157834
2021-06-15 10:11:15,991.35,157834
2021-06-15 10:11:16,990.65,157869
2021-06-15 10:11:18,991.05,157870
2021-06-15 10:11:18,991.05,157870
2021-06-15 10:11:19,990.65,157905
2021-06-15 10:11:21,990.65,157905
2021-06-15 10:11:22,990.65,157905
2021-06-15 10:11:23,990.65,157905
2021-06-15 10:11:24,990.65,157905
2021-06-15 10:11:25,990.65,157905
2021-06-15 10:11:26,990.85,157945
2021-06-15 10:11:27,991.25,157996
2021-06-15 10:11:28,991.25,157996
2021-06-15 10:11:30,991.25,157996
2021-06-15 10:11:30,990.8,158015
2021-06-15 10:11:33,990.65,158031
2021-06-15 10:11:34,990.65,158031
2021-06-15 10:11:35,990.65,158031
2021-06-15 10:11:37,990.65,158031
2021-06-15 10:11:37,991.2,158047
2021-06-15 10:11:38,991.2,158047
2021-06-15 10:11:39,991.2,158047
2021-06-15 10:11:41,991.2,158047
2021-06-15 10:11:41,991.2,158047
2021-06-15 10:11:42,991.2,158047
2021-06-15 10:11:43,991.2,158047
2021-06-15 10:11:44,991.2,158047
2021-06-15 10:11:45,990.65,158083
2021-06-15 10:11:46,990.65,158083
2021-06-15 10:11:47,991.0,158093
2021-06-15 10:11:49,991.0,158093
2021-06-15 10:11:52,991.0,158093
2021-06-15 10:11:52,991.15,158100
2021-06-15 10:11:53,991.15,158100
2021-06-15 10:11:54,991.15,158100
2021-06-15 10:11:55,991.15,158100
2021-06-15 10:11:56,991.15,158100
2021-06-15 10:11:57,991.15,158235
2021-06-15 10:11:58,991.15,158235
2021-06-15 10:11:59,991.2,158286
2021-06-15 10:12:00,991.15,158300
2021-06-15 10:12:02,990.8,158321
2021-06-15 10:12:04,990.8,158321
2021-06-15 10:12:05,990.8,158321
2021-06-15 10:12:06,990.8,158321
2021-06-15 10:12:07,991.2,158338
2021-06-15 10:12:09,991.2,158338
2021-06-15 10:12:11,991.2,158340
2021-06-15 10:12:12,991.2,158340
2021-06-15 10:12:15,991.2,158340
2021-06-15 10:12:16,990.7,158425
2021-06-15 10:12:17,990.7,158425
2021-06-15 10:12:17,991.2,158440
2021-06-15 10:12:18,991.4,158734
2021-06-15 10:12:19,992.0,158789
2021-06-15 10:12:20,992.0,158789
2021-06-15 10:12:21,992.0,158810
2021-06-15 10:12:22,992.0,158810
2021-06-15 10:12:23,991.6,158812
2021-06-15 10:12:24,992.0,158817
2021-06-15 10:12:27,992.0,158817
2021-06-15 10:12:28,992.0,158817
2021-06-15 10:12:30,992.0,158817
2021-06-15 10:12:31,992.0,158872
2021-06-15 10:12:31,992.0,158872
2021-06-15 10:12:32,992.35,158952
2021-06-15 10:12:33,992.35,158961
2021-06-15 10:12:36,992.35,158961
2021-06-15 10:12:41,992.5,158963
2021-06-15 10:12:45,992.05,158998
2021-06-15 10:12:50,992.05,158998
2021-06-15 10:12:54,992.05,159019
2021-06-15 10:12:58,992.05,159019
2021-06-15 10:13:03,992.0,159048
2021-06-15 10:13:07,991.65,159055
2021-06-15 10:13:11,992.05,159058
2021-06-15 10:13:15,990.95,160583
2021-06-15 10:13:19,991.2,160618
2021-06-15 10:13:23,991.3,160628
2021-06-15 10:13:26,991.75,160649
2021-06-15 10:13:31,991.3,160684
2021-06-15 10:13:35,991.55,160694
2021-06-15 10:13:39,991.5,160711
2021-06-15 10:13:44,991.5,160711
2021-06-15 10:13:48,991.5,160763
2021-06-15 10:13:52,991.1,160882
2021-06-15 10:13:57,991.1,160882
2021-06-15 10:14:01,991.7,160942
2021-06-15 10:14:05,991.7,160942
2021-06-15 10:14:09,991.2,160997
2021-06-15 10:14:13,991.25,161222
2021-06-15 10:14:17,991.7,161293
2021-06-15 10:14:22,991.65,161299
2021-06-15 10:14:27,991.65,161307
2021-06-15 10:14:31,991.3,161357
2021-06-15 10:14:35,991.7,161382
2021-06-15 10:14:39,991.35,161432
2021-06-15 10:14:43,991.35,161432
2021-06-15 10:14:48,991.4,161467
2021-06-15 10:14:53,991.7,161473
2021-06-15 10:14:57,991.7,161484
2021-06-15 10:15:01,991.6,161500
2021-06-15 10:15:05,991.2,161519
2021-06-15 10:15:09,991.2,161520
2021-06-15 10:15:14,991.7,161530
2021-06-15 10:15:18,991.6,161563
2021-06-15 10:15:22,991.6,161655
2021-06-15 10:15:27,991.7,161660
2021-06-15 10:15:35,991.35,161734
2021-06-15 10:15:39,991.6,161744
2021-06-15 10:15:43,991.85,162034
2021-06-15 10:15:47,991.6,162061
2021-06-15 10:15:52,991.85,162084
2021-06-15 10:15:56,991.7,162094
2021-06-15 10:16:01,991.7,162163
2021-06-15 10:16:05,991.4,162273
2021-06-15 10:16:09,991.9,162379
2021-06-15 10:16:13,991.9,162379
2021-06-15 10:16:20,991.4,162439
2021-06-15 10:16:24,991.4,162439
2021-06-15 10:16:28,991.9,162444
2021-06-15 10:16:32,991.6,162499
2021-06-15 10:16:36,991.6,162499
2021-06-15 10:16:41,991.6,162509
2021-06-15 10:16:45,991.6,162532
2021-06-15 10:16:50,991.05,162587
2021-06-15 10:16:54,991.0,162595
2021-06-15 10:16:59,991.05,162653
2021-06-15 10:17:03,991.0,162688
2021-06-15 10:17:11,991.4,162761
2021-06-15 10:17:15,991.4,162761
2021-06-15 10:17:19,991.3,162817
2021-06-15 10:17:23,991.3,162817
2021-06-15 10:17:27,991.3,162817
2021-06-15 10:17:30,991.4,162837
2021-06-15 10:17:34,991.0,162896
2021-06-15 10:17:38,991.3,162917
2021-06-15 10:17:42,991.3,162942
2021-06-15 10:17:46,991.0,162988
2021-06-15 10:17:50,991.3,163016
2021-06-15 10:17:54,991.0,163030
2021-06-15 10:17:58,991.9,165050
2021-06-15 10:18:03,991.2,165176
2021-06-15 10:18:07,990.6,165401
2021-06-15 10:18:19,990.9,165800
2021-06-15 10:18:23,990.85,165861
2021-06-15 10:18:27,990.5,165876
2021-06-15 10:18:31,990.85,165951
2021-06-15 10:18:34,990.85,166082
2021-06-15 10:18:38,990.85,166090
2021-06-15 10:18:42,991.15,166091
2021-06-15 10:18:46,990.85,166134
2021-06-15 10:18:50,990.7,167475
2021-06-15 10:18:54,991.15,167476
2021-06-15 10:18:57,991.15,167492
2021-06-15 10:19:01,990.65,167510
2021-06-15 10:19:05,991.2,167529
2021-06-15 10:19:17,990.95,167605
2021-06-15 10:19:22,990.95,167605
2021-06-15 10:19:26,990.6,167625
2021-06-15 10:19:30,990.95,167642
2021-06-15 10:19:34,990.6,167677
2021-06-15 10:19:38,990.9,167693
2021-06-15 10:19:42,990.6,167720
2021-06-15 10:19:46,990.7,170320
2021-06-15 10:19:49,990.7,170364
2021-06-15 10:19:53,990.2,170376
2021-06-15 10:19:57,990.8,170476
2021-06-15 10:20:00,990.3,170518
2021-06-15 10:20:04,990.85,170520
2021-06-15 10:20:08,990.65,170545
2021-06-15 10:20:13,990.65,170545
2021-06-15 10:20:16,990.3,170581
2021-06-15 10:20:21,990.75,170689
2021-06-15 10:20:24,990.25,170699
2021-06-15 10:20:31,990.1,170761
2021-06-15 10:20:35,990.2,170775
2021-06-15 10:20:39,990.3,170793
2021-06-15 10:20:43,990.3,171220
2021-06-15 10:20:47,990.1,171247
2021-06-15 10:20:51,990.05,171282
2021-06-15 10:20:55,990.0,172376
2021-06-15 10:20:59,990.0,172376
2021-06-15 10:21:03,989.7,172488
2021-06-15 10:21:07,989.05,172541
2021-06-15 10:21:11,989.0,172572
2021-06-15 10:21:15,989.0,172609
2021-06-15 10:21:19,989.4,172725
2021-06-15 10:21:23,989.4,172725
2021-06-15 10:21:27,989.3,172765
2021-06-15 10:21:31,989.0,172802
2021-06-15 10:21:36,989.3,172902
2021-06-15 10:21:40,989.0,172938
2021-06-15 10:21:43,989.0,173070
2021-06-15 10:21:47,989.25,173122
2021-06-15 10:21:51,989.25,173122
2021-06-15 10:21:55,989.0,173131
2021-06-15 10:21:59,989.3,173147
2021-06-15 10:22:03,989.0,173182
2021-06-15 10:22:07,989.25,173204
2021-06-15 10:22:11,989.25,173206
2021-06-15 10:22:14,989.0,173218
2021-06-15 10:22:18,989.25,173270
2021-06-15 10:22:22,989.3,173272
2021-06-15 10:22:25,989.25,173273
2021-06-15 10:22:29,989.25,173281
2021-06-15 10:22:33,989.25,173317
2021-06-15 10:22:36,989.25,173354
2021-06-15 10:22:41,989.3,173369
2021-06-15 10:22:45,989.3,173369
2021-06-15 10:22:48,989.3,173424
2021-06-15 10:22:52,989.3,173424
2021-06-15 10:22:56,989.55,173607
2021-06-15 10:23:04,989.9,173895
2021-06-15 10:23:08,989.9,173922
2021-06-15 10:23:12,989.9,173922
2021-06-15 10:23:16,989.4,173960
2021-06-15 10:23:20,989.85,173982
2021-06-15 10:23:24,989.9,174082
2021-06-15 10:23:32,989.35,174233
2021-06-15 10:23:36,989.4,174251
2021-06-15 10:23:39,989.75,174319
2021-06-15 10:23:43,989.25,174350
2021-06-15 10:23:47,989.25,174435
2021-06-15 10:23:50,989.25,174435
2021-06-15 10:23:55,989.25,174435
2021-06-15 10:23:59,989.65,174442
2021-06-15 10:24:03,989.65,174468
2021-06-15 10:24:07,989.25,174491
2021-06-15 10:24:11,989.6,174508
2021-06-15 10:24:15,989.25,174572
2021-06-15 10:24:19,989.6,174575
2021-06-15 10:24:22,989.55,174617
2021-06-15 10:24:26,989.55,174617
2021-06-15 10:24:31,989.0,174654
2021-06-15 10:24:35,989.0,174654
2021-06-15 10:24:39,989.5,174671
2021-06-15 10:24:43,989.5,174681
2021-06-15 10:24:50,989.45,174787
2021-06-15 10:24:54,989.45,174790
2021-06-15 10:24:58,988.8,175040
2021-06-15 10:25:02,989.4,175077
2021-06-15 10:25:09,989.35,175110
2021-06-15 10:25:13,989.0,175120
2021-06-15 10:25:16,988.85,175136
2021-06-15 10:25:20,988.85,175179
2021-06-15 10:25:23,988.85,175179
2021-06-15 10:25:30,988.7,175221
2021-06-15 10:25:34,989.4,175226
2021-06-15 10:25:38,989.9,175232
2021-06-15 10:25:42,989.1,175246
2021-06-15 10:25:46,988.9,175341
2021-06-15 10:25:50,988.9,175360
2021-06-15 10:25:54,989.0,175385
2021-06-15 10:25:58,989.0,175421
2021-06-15 10:26:02,989.05,175456
2021-06-15 10:26:05,989.55,175716
2021-06-15 10:26:09,988.95,175717
2021-06-15 10:26:13,988.95,175717
2021-06-15 10:26:21,988.75,175789
2021-06-15 10:26:24,989.35,175791
2021-06-15 10:26:28,989.55,175825
2021-06-15 10:26:32,989.35,175861
2021-06-15 10:26:36,988.95,175926
2021-06-15 10:26:39,988.95,175926
2021-06-15 10:26:44,988.5,175977
2021-06-15 10:26:48,988.75,175994
2021-06-15 10:26:52,988.9,176014
2021-06-15 10:27:00,988.5,176140
2021-06-15 10:27:04,988.5,176165
2021-06-15 10:27:08,989.0,176416
2021-06-15 10:27:12,989.0,176466
2021-06-15 10:27:15,988.9,176502
2021-06-15 10:27:19,988.6,176521
2021-06-15 10:27:22,988.6,176521
2021-06-15 10:27:26,989.0,176522
2021-06-15 10:27:30,988.9,176568
2021-06-15 10:27:34,988.55,176585
2021-06-15 10:27:37,988.5,176603
2021-06-15 10:27:41,988.95,176668
2021-06-15 10:27:44,988.95,176668
2021-06-15 10:27:48,988.5,176704
2021-06-15 10:27:51,988.5,176704
2021-06-15 10:27:55,988.5,176705
2021-06-15 10:27:59,988.95,176721
2021-06-15 10:28:02,988.5,176756
2021-06-15 10:28:06,988.5,176756
2021-06-15 10:28:10,988.95,176776
2021-06-15 10:28:13,988.5,176781
2021-06-15 10:28:17,988.95,176827
2021-06-15 10:28:20,988.95,176841
2021-06-15 10:28:24,988.95,176841
2021-06-15 10:28:27,988.95,176843
2021-06-15 10:28:31,988.95,176866
2021-06-15 10:28:34,988.55,176880
2021-06-15 10:28:38,989.0,176896
2021-06-15 10:28:42,989.0,177006
2021-06-15 10:28:46,988.7,177042
2021-06-15 10:28:51,989.0,177076
2021-06-15 10:28:55,989.0,177104
2021-06-15 10:28:59,989.35,177280
2021-06-15 10:29:03,988.65,177416
2021-06-15 10:29:07,988.65,177421
2021-06-15 10:29:14,989.0,177436
2021-06-15 10:29:18,989.0,177483
2021-06-15 10:29:22,988.6,177496
2021-06-15 10:29:27,988.6,177496
2021-06-15 10:29:31,988.6,177556
2021-06-15 10:29:34,988.6,177556
2021-06-15 10:29:38,989.0,177571
2021-06-15 10:29:42,989.0,177571
2021-06-15 10:29:46,989.0,177607
2021-06-15 10:29:49,989.35,177623
2021-06-15 10:29:53,988.8,177631
2021-06-15 10:29:56,988.8,177631
2021-06-15 10:30:00,988.6,177656
2021-06-15 10:30:04,988.5,177750
2021-06-15 10:30:07,988.75,177771
2021-06-15 10:30:11,988.8,177776
2021-06-15 10:30:15,988.5,177814
2021-06-15 10:30:20,988.8,178330
2021-06-15 10:30:32,988.7,178383
2021-06-15 10:30:36,988.85,178387
2021-06-15 10:30:39,988.85,178403
2021-06-15 10:30:47,988.85,178460
2021-06-15 10:30:52,988.85,178524
2021-06-15 10:30:56,988.85,178524
2021-06-15 10:31:00,988.85,178541
2021-06-15 10:31:03,988.85,178585
2021-06-15 10:31:07,988.85,178614
2021-06-15 10:31:11,988.85,178614
2021-06-15 10:31:15,988.85,178614
2021-06-15 10:31:19,988.85,178665
2021-06-15 10:31:23,988.55,178685
2021-06-15 10:31:26,988.55,178685
2021-06-15 10:31:29,988.85,178714
2021-06-15 10:31:32,988.85,178891
2021-06-15 10:31:36,988.85,178994
2021-06-15 10:31:39,988.85,179064
2021-06-15 10:31:43,989.1,179277
2021-06-15 10:31:46,988.9,179289
2021-06-15 10:31:50,989.3,179313
2021-06-15 10:31:54,989.3,179335
2021-06-15 10:31:57,989.3,179335
2021-06-15 10:32:00,989.0,179386
2021-06-15 10:32:03,989.3,179389
2021-06-15 10:32:07,989.3,179450
2021-06-15 10:32:10,989.45,179467
2021-06-15 10:32:14,989.45,179489
2021-06-15 10:32:18,989.45,179526
2021-06-15 10:32:21,989.45,179527
2021-06-15 10:32:24,989.0,179628
2021-06-15 10:32:27,989.4,179645
2021-06-15 10:32:30,989.0,179660
2021-06-15 10:32:33,989.25,179704
2021-06-15 10:32:37,989.25,179704
2021-06-15 10:32:41,989.0,179915
2021-06-15 10:32:44,989.0,179915
2021-06-15 10:32:48,988.95,179940
2021-06-15 10:32:52,988.95,179951
2021-06-15 10:32:59,989.65,180062
2021-06-15 10:33:02,989.5,180187
2021-06-15 10:33:06,989.5,180187
2021-06-15 10:33:10,989.0,180189
2021-06-15 10:33:13,989.0,180189
2021-06-15 10:33:17,989.4,180313
2021-06-15 10:33:22,989.45,180323
2021-06-15 10:33:26,989.45,180323
2021-06-15 10:33:30,989.3,180377
2021-06-15 10:33:33,989.3,180377
2021-06-15 10:33:36,989.3,180377
2021-06-15 10:33:40,989.85,180399
2021-06-15 10:33:44,989.35,180604
2021-06-15 10:33:47,989.3,180607
2021-06-15 10:33:51,989.0,180639
2021-06-15 10:33:55,989.0,180639
2021-06-15 10:33:59,989.85,180641
2021-06-15 10:34:02,989.6,180672
2021-06-15 10:34:05,989.6,180706
2021-06-15 10:34:08,989.55,181009
2021-06-15 10:34:12,989.6,181015
2021-06-15 10:34:15,989.95,181054
2021-06-15 10:34:19,989.5,181067
2021-06-15 10:34:27,989.5,181067
2021-06-15 10:34:30,989.5,181119
2021-06-15 10:34:34,989.5,181120
2021-06-15 10:34:38,989.95,181137
2021-06-15 10:34:46,989.5,181174
2021-06-15 10:34:49,989.95,181206
2021-06-15 10:34:53,989.85,181271
2021-06-15 10:34:57,989.3,181414
2021-06-15 10:35:01,989.8,181455
2021-06-15 10:35:04,989.85,181475
2021-06-15 10:35:08,989.85,181504
2021-06-15 10:35:11,989.85,181504
2021-06-15 10:35:15,989.35,181540
2021-06-15 10:35:18,989.95,181621
2021-06-15 10:35:21,989.95,181621
2021-06-15 10:35:28,990.2,181634
2021-06-15 10:35:31,990.2,181655
2021-06-15 10:35:35,990.4,182683
2021-06-15 10:35:39,990.4,182699
2021-06-15 10:35:45,990.3,182706
2021-06-15 10:35:48,989.85,182723
2021-06-15 10:35:52,989.4,182741
2021-06-15 10:35:56,989.4,182741
2021-06-15 10:35:59,990.3,183057
2021-06-15 10:36:03,989.55,183092
2021-06-15 10:36:06,989.6,183116
2021-06-15 10:36:10,990.1,183133
2021-06-15 10:36:13,990.1,183134
2021-06-15 10:36:17,989.7,183136
2021-06-15 10:36:21,989.6,183169
2021-06-15 10:36:25,990.1,183283
2021-06-15 10:36:29,990.1,183324
2021-06-15 10:36:32,990.1,183381
2021-06-15 10:36:36,990.1,183381
2021-06-15 10:36:40,990.1,183397
2021-06-15 10:36:44,990.1,183400
2021-06-15 10:36:47,990.1,183458
2021-06-15 10:36:51,990.1,183458
2021-06-15 10:36:55,990.1,183471
2021-06-15 10:36:59,990.1,183473
2021-06-15 10:37:03,990.05,183508
2021-06-15 10:37:07,989.45,184510
2021-06-15 10:37:11,990.05,184610
2021-06-15 10:37:14,989.5,184615
2021-06-15 10:37:18,989.45,184631
2021-06-15 10:37:21,989.85,185454
2021-06-15 10:37:25,989.85,185454
2021-06-15 10:37:28,989.8,185482
2021-06-15 10:37:31,989.3,185491
2021-06-15 10:37:35,989.6,185524
2021-06-15 10:37:38,989.6,185526
2021-06-15 10:37:41,989.6,185526
2021-06-15 10:37:44,989.75,185530
2021-06-15 10:37:47,989.55,185572
2021-06-15 10:37:50,989.55,185572
2021-06-15 10:37:54,989.6,185574
2021-06-15 10:37:57,989.75,185609
2021-06-15 10:38:00,989.8,185616
2021-06-15 10:38:03,989.6,185651
2021-06-15 10:38:06,989.6,185832
2021-06-15 10:38:09,989.0,185844
2021-06-15 10:38:13,989.0,185844
2021-06-15 10:38:16,989.0,186080
2021-06-15 10:38:23,989.55,186096
2021-06-15 10:38:27,989.55,186096
2021-06-15 10:38:30,989.55,186149
2021-06-15 10:38:34,989.55,186149
2021-06-15 10:38:37,990.0,186248
2021-06-15 10:38:44,989.8,186273
2021-06-15 10:38:48,989.75,186308
2021-06-15 10:38:51,989.8,186886
2021-06-15 10:38:55,989.8,186886
2021-06-15 10:38:59,989.5,186976
2021-06-15 10:39:02,989.8,187015
2021-06-15 10:39:05,989.8,187015
2021-06-15 10:39:09,989.8,187034
2021-06-15 10:39:12,989.8,187034
2021-06-15 10:39:16,989.45,187050
2021-06-15 10:39:19,989.3,187069
2021-06-15 10:39:22,989.3,187097
2021-06-15 10:39:26,989.3,187122
2021-06-15 10:39:29,989.2,187188
2021-06-15 10:39:33,989.25,187223
2021-06-15 10:39:36,989.85,187226
2021-06-15 10:39:40,990.0,187250
2021-06-15 10:39:43,990.15,187260
2021-06-15 10:39:46,990.15,187263
2021-06-15 10:39:49,990.15,187280
2021-06-15 10:39:53,989.65,187298
2021-06-15 10:39:57,990.3,187305
2021-06-15 10:40:01,989.85,187389
2021-06-15 10:40:04,989.85,187389
2021-06-15 10:40:07,990.2,187408
2021-06-15 10:40:11,990.2,187408
2021-06-15 10:40:15,990.2,187408
2021-06-15 10:40:19,989.85,187432
2021-06-15 10:40:23,989.6,187444
2021-06-15 10:40:27,990.1,187462
2021-06-15 10:40:31,989.85,187472
2021-06-15 10:40:34,989.55,187497
2021-06-15 10:40:41,989.45,187598
2021-06-15 10:40:45,989.45,187598
2021-06-15 10:40:49,989.5,187653
2021-06-15 10:40:52,989.35,187665
2021-06-15 10:40:56,989.35,187665
2021-06-15 10:40:59,989.6,187679
2021-06-15 10:41:02,989.25,187714
2021-06-15 10:41:06,989.25,187740
2021-06-15 10:41:10,989.15,187837
2021-06-15 10:41:14,989.15,187837
2021-06-15 10:41:17,989.6,187889
2021-06-15 10:41:24,989.6,187889
2021-06-15 10:41:27,989.6,187909
2021-06-15 10:41:34,989.3,187944
2021-06-15 10:41:37,989.6,187965
2021-06-15 10:41:47,989.35,188003
2021-06-15 10:41:50,989.2,188010
2021-06-15 10:41:53,989.2,188010
2021-06-15 10:41:57,989.3,188026
2021-06-15 10:42:01,989.3,188026
2021-06-15 10:42:05,989.55,188111
2021-06-15 10:42:08,989.55,188130
2021-06-15 10:42:12,989.55,188130
2021-06-15 10:42:15,989.55,188130
2021-06-15 10:42:18,989.55,188181
2021-06-15 10:42:22,989.55,188181
2021-06-15 10:42:25,989.05,188269
2021-06-15 10:42:29,989.5,188283
2021-06-15 10:42:32,989.05,188319
2021-06-15 10:42:35,989.05,188319
2021-06-15 10:42:38,989.55,188345
2021-06-15 10:42:42,989.55,188345
2021-06-15 10:42:45,989.05,188380
2021-06-15 10:42:49,989.55,188391
2021-06-15 10:42:52,989.6,188401
2021-06-15 10:42:56,989.25,188451
2021-06-15 10:42:59,989.25,188451
2021-06-15 10:43:03,989.25,188486
2021-06-15 10:43:06,989.25,188496
2021-06-15 10:43:09,989.6,188512
2021-06-15 10:43:12,989.6,188512
2021-06-15 10:43:16,989.2,188547
2021-06-15 10:43:19,989.25,188562
2021-06-15 10:43:22,989.6,188565
2021-06-15 10:43:26,989.2,188940
2021-06-15 10:43:29,989.2,188940
2021-06-15 10:43:33,989.2,188995
2021-06-15 10:43:36,989.6,189005
2021-06-15 10:43:40,989.6,189021
2021-06-15 10:43:44,989.6,189021
2021-06-15 10:43:47,990.0,189415
2021-06-15 10:43:51,990.0,189415
2021-06-15 10:43:54,989.6,189421
2021-06-15 10:43:58,990.0,189438
2021-06-15 10:44:02,989.75,189584
2021-06-15 10:44:05,990.1,189624
2021-06-15 10:44:10,990.2,189638
2021-06-15 10:44:14,990.2,189737
2021-06-15 10:44:18,990.1,189810
2021-06-15 10:44:22,990.1,189832
2021-06-15 10:44:25,989.85,189958
2021-06-15 10:44:28,989.6,190106
2021-06-15 10:44:32,989.35,190142
2021-06-15 10:44:35,989.35,190142
2021-06-15 10:44:38,989.35,190183
2021-06-15 10:44:41,989.35,190213
2021-06-15 10:44:45,989.35,190225
2021-06-15 10:44:48,989.4,190327
2021-06-15 10:44:52,989.4,190327
2021-06-15 10:44:55,989.35,190342
2021-06-15 10:44:59,989.35,190357
2021-06-15 10:45:02,989.25,190409
2021-06-15 10:45:06,989.0,190416
2021-06-15 10:45:09,989.0,190416
2021-06-15 10:45:13,989.0,190416
2021-06-15 10:45:16,989.05,190652
2021-06-15 10:45:19,989.6,190655
2021-06-15 10:45:23,989.8,190678
2021-06-15 10:45:26,989.8,190678
2021-06-15 10:45:29,989.85,190697
2021-06-15 10:45:32,989.25,190732
2021-06-15 10:45:35,989.25,190732
2021-06-15 10:45:38,989.65,190748
2021-06-15 10:45:42,989.65,190748
2021-06-15 10:45:45,989.35,190749
2021-06-15 10:45:48,989.55,190804
2021-06-15 10:45:52,989.35,190815
2021-06-15 10:45:55,989.0,190855
2021-06-15 10:45:58,989.35,190871
2021-06-15 10:46:02,989.35,190937
2021-06-15 10:46:05,989.0,190973
2021-06-15 10:46:09,989.0,191026
2021-06-15 10:46:12,989.0,191038
2021-06-15 10:46:15,988.9,191062
2021-06-15 10:46:19,988.8,191078
2021-06-15 10:46:22,988.8,191078
2021-06-15 10:46:29,988.45,191758
2021-06-15 10:46:33,988.35,191793
2021-06-15 10:46:37,988.6,191800
2021-06-15 10:46:40,988.8,191808
2021-06-15 10:46:44,988.8,191808
2021-06-15 10:46:47,988.35,191831
2021-06-15 10:46:50,988.05,191853
2021-06-15 10:46:57,988.55,191879
2021-06-15 10:47:01,988.1,191914
2021-06-15 10:47:04,988.65,191915
2021-06-15 10:47:07,988.1,191917
2021-06-15 10:47:11,988.65,191934
2021-06-15 10:47:14,988.3,191935
2021-06-15 10:47:18,988.25,191960
2021-06-15 10:47:21,988.1,191970
2021-06-15 10:47:25,988.1,191970
2021-06-15 10:47:28,988.6,192037
2021-06-15 10:47:32,988.05,192088
2021-06-15 10:47:35,988.6,192108
2021-06-15 10:47:38,988.6,192124
2021-06-15 10:47:42,988.55,192125
2021-06-15 10:47:45,988.05,192144
2021-06-15 10:47:49,988.55,192252
2021-06-15 10:47:52,988.1,192259
2021-06-15 10:47:56,988.05,192273
2021-06-15 10:48:00,988.05,192295
2021-06-15 10:48:04,988.0,192324
2021-06-15 10:48:07,988.05,192327
2021-06-15 10:48:10,988.5,192346
2021-06-15 10:48:14,988.5,192359
2021-06-15 10:48:17,988.1,192394
2021-06-15 10:48:20,988.1,192394
2021-06-15 10:48:23,988.1,192394
2021-06-15 10:48:27,988.55,192411
2021-06-15 10:48:31,988.1,192446
2021-06-15 10:48:35,988.1,192446
2021-06-15 10:48:39,988.2,192473
2021-06-15 10:48:42,988.2,192473
2021-06-15 10:48:46,988.25,192510
2021-06-15 10:48:49,988.1,192710
2021-06-15 10:48:53,988.1,192710
2021-06-15 10:48:56,988.55,192711
2021-06-15 10:48:59,988.55,192727
2021-06-15 10:49:03,988.0,192762
2021-06-15 10:49:06,988.5,192964
2021-06-15 10:49:09,988.5,192964
2021-06-15 10:49:13,988.5,192964
2021-06-15 10:49:20,988.5,193015
2021-06-15 10:49:23,988.5,193047
2021-06-15 10:49:27,988.5,193047
2021-06-15 10:49:30,988.05,193099
2021-06-15 10:49:34,988.05,193099
2021-06-15 10:49:37,988.45,193165
2021-06-15 10:49:43,988.45,193165
2021-06-15 10:49:46,988.05,193194
2021-06-15 10:49:49,988.0,193200
2021-06-15 10:49:52,988.0,193200
2021-06-15 10:49:56,988.0,193304
2021-06-15 10:49:59,988.0,193332
2021-06-15 10:50:02,988.0,193368
2021-06-15 10:50:05,988.0,193368
2021-06-15 10:50:08,988.0,193417
2021-06-15 10:50:12,988.0,193417
2021-06-15 10:50:15,988.0,193480
2021-06-15 10:50:18,988.5,193496
2021-06-15 10:50:21,988.0,193497
2021-06-15 10:50:24,988.0,193497
2021-06-15 10:50:28,988.5,193515
2021-06-15 10:50:31,988.0,193559
2021-06-15 10:50:35,988.0,193559
2021-06-15 10:50:38,988.5,193578
2021-06-15 10:50:41,988.5,193603
2021-06-15 10:50:44,988.05,193604
2021-06-15 10:50:47,988.5,193656
2021-06-15 10:50:51,988.5,193656
2021-06-15 10:50:54,988.5,193656
2021-06-15 10:50:56,988.5,193656
2021-06-15 10:50:59,988.5,193682
2021-06-15 10:51:02,988.1,193717
2021-06-15 10:51:06,988.1,193717
2021-06-15 10:51:09,988.1,193780
2021-06-15 10:51:12,988.05,193781
2021-06-15 10:51:15,988.05,193816
2021-06-15 10:51:18,988.0,193817
2021-06-15 10:51:22,988.0,193817
2021-06-15 10:51:25,988.1,193823
2021-06-15 10:51:29,988.45,193864
2021-06-15 10:51:32,988.45,193959
2021-06-15 10:51:36,988.5,194015
2021-06-15 10:51:41,988.5,194041
2021-06-15 10:51:44,988.0,194042
2021-06-15 10:51:47,988.45,194094
2021-06-15 10:51:55,988.45,194114
2021-06-15 10:51:58,988.4,194130
2021-06-15 10:52:01,988.0,194165
2021-06-15 10:52:04,988.0,194165
2021-06-15 10:52:08,988.25,194184
2021-06-15 10:52:11,988.3,194275
2021-06-15 10:52:15,988.3,194275
2021-06-15 10:52:18,988.3,194327
2021-06-15 10:52:21,988.3,194328
2021-06-15 10:52:24,988.3,194328
2021-06-15 10:52:27,988.3,194328
2021-06-15 10:52:30,988.35,194338
2021-06-15 10:52:33,988.35,194362
2021-06-15 10:52:36,988.0,194375
2021-06-15 10:52:43,988.0,194375
2021-06-15 10:52:46,988.0,194410
2021-06-15 10:52:49,988.45,194427
2021-06-15 10:52:53,988.45,194427
2021-06-15 10:52:59,988.45,194443
2021-06-15 10:53:03,988.0,194530
2021-06-15 10:53:06,988.0,194682
2021-06-15 10:53:10,988.35,194849
2021-06-15 10:53:13,988.35,194849
2021-06-15 10:53:16,988.0,194884
2021-06-15 10:53:19,988.3,194900
2021-06-15 10:53:22,988.3,194900
2021-06-15 10:53:26,988.3,194900
2021-06-15 10:53:29,988.3,194906
2021-06-15 10:53:33,988.3,194933
2021-06-15 10:53:36,988.0,194941
2021-06-15 10:53:43,988.4,194951
2021-06-15 10:53:46,988.0,194997
2021-06-15 10:53:50,988.45,195012
2021-06-15 10:53:53,988.45,195012
2021-06-15 10:53:57,989.05,195330
2021-06-15 10:54:00,988.85,195360
2021-06-15 10:54:04,988.35,195395
2021-06-15 10:54:08,988.9,195420
2021-06-15 10:54:11,988.9,195420
2021-06-15 10:54:15,988.9,195420
2021-06-15 10:54:18,988.95,195471
2021-06-15 10:54:21,988.95,195471
2021-06-15 10:54:25,988.95,195471
2021-06-15 10:54:28,989.05,195481
2021-06-15 10:54:32,988.85,195516
2021-06-15 10:54:35,989.25,195524
2021-06-15 10:54:39,989.25,195547
2021-06-15 10:54:42,989.25,195547
2021-06-15 10:54:46,988.75,195578
2021-06-15 10:54:49,988.7,195582
2021-06-15 10:54:53,988.7,195582
2021-06-15 10:54:56,988.7,195582
2021-06-15 10:54:59,989.05,195583
2021-06-15 10:55:03,989.05,195615
2021-06-15 10:55:06,988.7,195634
2021-06-15 10:55:09,988.7,195642
2021-06-15 10:55:16,988.7,195677
2021-06-15 10:55:19,988.65,195761
2021-06-15 10:55:22,988.65,195761
2021-06-15 10:55:26,988.65,195761
2021-06-15 10:55:29,989.2,195778
2021-06-15 10:55:32,988.7,195840
2021-06-15 10:55:36,988.7,195840
2021-06-15 10:55:39,989.15,195844
2021-06-15 10:55:42,989.15,195844
2021-06-15 10:55:46,988.7,195889
2021-06-15 10:55:49,989.15,195954
2021-06-15 10:55:53,989.15,196074
2021-06-15 10:55:56,989.15,196074
2021-06-15 10:55:59,989.2,196080
2021-06-15 10:56:02,989.15,196107
2021-06-15 10:56:05,988.7,196115
2021-06-15 10:56:08,988.65,196234
2021-06-15 10:56:15,988.7,196270
2021-06-15 10:56:18,989.2,196285
2021-06-15 10:56:22,989.2,196285
2021-06-15 10:56:25,989.2,196289
2021-06-15 10:56:28,989.25,196303
2021-06-15 10:56:31,989.25,196308
2021-06-15 10:56:34,989.1,196338
2021-06-15 10:56:38,989.5,196497
2021-06-15 10:56:41,989.5,196497
2021-06-15 10:56:45,989.5,196497
2021-06-15 10:56:48,989.45,196544
2021-06-15 10:56:51,989.0,196564
2021-06-15 10:56:55,989.0,196564
2021-06-15 10:56:58,989.6,196583
2021-06-15 10:57:02,989.1,196618
2021-06-15 10:57:05,989.1,196618
2021-06-15 10:57:09,989.6,196626
2021-06-15 10:57:12,989.85,196635
2021-06-15 10:57:16,989.6,196983
2021-06-15 10:57:19,989.3,197002
2021-06-15 10:57:22,989.3,197002
2021-06-15 10:57:25,989.3,197002
2021-06-15 10:57:28,989.65,197019
2021-06-15 10:57:31,989.05,197055
2021-06-15 10:57:34,989.05,197055
2021-06-15 10:57:37,989.55,197071
2021-06-15 10:57:41,989.0,197097
2021-06-15 10:57:44,989.0,197097
2021-06-15 10:57:47,989.3,197149
2021-06-15 10:57:51,989.0,197303
2021-06-15 10:57:54,989.0,197303
2021-06-15 10:57:57,988.85,197319
2021-06-15 10:58:00,988.4,197354
2021-06-15 10:58:04,988.8,197355
2021-06-15 10:58:07,988.8,197374
2021-06-15 10:58:10,988.8,197374
2021-06-15 10:58:14,989.8,197377
2021-06-15 10:58:17,989.8,197418
2021-06-15 10:58:21,989.8,197418
2021-06-15 10:58:24,989.4,197419
2021-06-15 10:58:27,989.8,197436
2021-06-15 10:58:31,989.4,197471
2021-06-15 10:58:34,989.8,197501
2021-06-15 10:58:37,989.15,197601
2021-06-15 10:58:40,989.8,197603
2021-06-15 10:58:43,989.8,197603
2021-06-15 10:58:45,989.25,197639
2021-06-15 10:58:52,989.8,197662
2021-06-15 10:58:55,989.8,197687
2021-06-15 10:58:58,989.8,197709
2021-06-15 10:59:01,989.35,197744
2021-06-15 10:59:04,989.35,197744
2021-06-15 10:59:07,989.35,197746
2021-06-15 10:59:10,989.4,197766
2021-06-15 10:59:13,989.4,197766
2021-06-15 10:59:16,989.35,197801
2021-06-15 10:59:19,989.75,197817
2021-06-15 10:59:22,989.75,197817
2021-06-15 10:59:25,989.75,197817
2021-06-15 10:59:28,989.75,197834
2021-06-15 10:59:31,989.35,197869
2021-06-15 10:59:34,989.35,197869
2021-06-15 10:59:37,989.75,197871
2021-06-15 10:59:40,989.75,197887
2021-06-15 10:59:43,989.75,197887
2021-06-15 10:59:46,989.5,198122
2021-06-15 10:59:49,989.75,198209
2021-06-15 10:59:52,989.75,198209
2021-06-15 10:59:55,989.5,198215
2021-06-15 10:59:59,989.75,198239
2021-06-15 11:00:02,989.45,198260
2021-06-15 11:00:06,989.35,198277
2021-06-15 11:00:12,989.5,198278
2021-06-15 11:00:16,989.35,198318
2021-06-15 11:00:19,989.5,198332
2021-06-15 11:00:22,989.35,198357
2021-06-15 11:00:25,989.35,198357
2021-06-15 11:00:29,989.5,198368
2021-06-15 11:00:32,989.5,198376
2021-06-15 11:00:35,989.35,198403
2021-06-15 11:00:38,989.75,198417
2021-06-15 11:00:41,989.75,198417
2021-06-15 11:00:44,989.75,198417
2021-06-15 11:00:47,989.35,198452
2021-06-15 11:00:50,989.75,198467
2021-06-15 11:00:53,989.75,198471
2021-06-15 11:00:56,989.75,198471
2021-06-15 11:00:59,989.75,198487
2021-06-15 11:01:03,989.75,198525
2021-06-15 11:01:06,989.75,198525
2021-06-15 11:01:08,989.75,198636
2021-06-15 11:01:11,989.75,198636
2021-06-15 11:01:15,989.85,198644
2021-06-15 11:01:17,989.75,198661
2021-06-15 11:01:20,989.4,198680
2021-06-15 11:01:22,989.4,198680
2021-06-15 11:01:27,989.8,198684
2021-06-15 11:01:33,989.75,198713
2021-06-15 11:01:35,989.4,198734
2021-06-15 11:01:38,989.4,198734
2021-06-15 11:01:42,989.4,198734
2021-06-15 11:01:45,989.4,198734
2021-06-15 11:01:48,989.4,198779
2021-06-15 11:01:52,989.75,198782
2021-06-15 11:01:59,989.75,198798
2021-06-15 11:02:02,989.35,198833
2021-06-15 11:02:05,989.35,198835
2021-06-15 11:02:08,989.75,198880
2021-06-15 11:02:11,989.4,198960
2021-06-15 11:02:14,989.4,198960
2021-06-15 11:02:17,989.45,198995
2021-06-15 11:02:19,989.85,198998
2021-06-15 11:02:23,989.85,198998
2021-06-15 11:02:26,989.4,199000
2021-06-15 11:02:29,989.85,199017
2021-06-15 11:02:33,989.3,199053
2021-06-15 11:02:36,989.3,199053
2021-06-15 11:02:38,989.3,199179
2021-06-15 11:02:41,989.3,199179
2021-06-15 11:02:44,989.3,199179
2021-06-15 11:02:47,989.75,199219
2021-06-15 11:02:50,989.75,199236
2021-06-15 11:02:52,989.75,199236
2021-06-15 11:02:55,989.75,199238
2021-06-15 11:02:58,989.75,199254
2021-06-15 11:03:01,989.25,199290
2021-06-15 11:03:04,989.25,199290
2021-06-15 11:03:08,989.75,199308
2021-06-15 11:03:11,989.75,199308
2021-06-15 11:03:13,989.9,199310
2021-06-15 11:03:16,989.75,199326
2021-06-15 11:03:19,989.3,199360
2021-06-15 11:03:21,989.3,199360
2021-06-15 11:03:24,989.8,199365
2021-06-15 11:03:28,989.8,199399
2021-06-15 11:03:31,989.4,199435
2021-06-15 11:03:34,989.3,199438
2021-06-15 11:03:39,989.8,199454
2021-06-15 11:03:42,989.8,199454
2021-06-15 11:03:45,989.3,199504
2021-06-15 11:03:48,989.8,199521
2021-06-15 11:03:51,989.8,199521
2021-06-15 11:03:54,989.8,199523
2021-06-15 11:04:00,989.8,199546
2021-06-15 11:04:02,989.3,199597
2021-06-15 11:04:06,989.3,199597
2021-06-15 11:04:09,989.8,199616
2021-06-15 11:04:12,989.8,199616
2021-06-15 11:04:15,989.8,199618
2021-06-15 11:04:18,989.8,199658
2021-06-15 11:04:21,989.8,199658
2021-06-15 11:04:24,989.8,199658
2021-06-15 11:04:27,989.8,199709
2021-06-15 11:04:30,989.8,199735
2021-06-15 11:04:33,989.4,199744
2021-06-15 11:04:39,989.8,199759
2021-06-15 11:04:42,989.8,199759
2021-06-15 11:04:45,989.8,199759
2021-06-15 11:04:48,990.0,199830
2021-06-15 11:04:51,990.0,199830
2021-06-15 11:04:54,990.0,199881
2021-06-15 11:04:57,990.0,199897
2021-06-15 11:05:00,989.6,199932
2021-06-15 11:05:04,989.6,199932
2021-06-15 11:05:07,990.0,199951
2021-06-15 11:05:15,990.0,199951
2021-06-15 11:05:18,990.0,200002
2021-06-15 11:05:21,989.55,200056
2021-06-15 11:05:25,989.55,200056
2021-06-15 11:05:28,990.0,200074
2021-06-15 11:05:32,989.55,200109
2021-06-15 11:05:35,989.55,200109
2021-06-15 11:05:38,990.0,200126
2021-06-15 11:05:42,990.0,200126
2021-06-15 11:05:45,989.6,200181
2021-06-15 11:05:49,990.0,200198
2021-06-15 11:05:52,990.0,200198
2021-06-15 11:05:55,990.0,200198
2021-06-15 11:05:59,990.0,200214
2021-06-15 11:06:02,990.0,200255
2021-06-15 11:06:05,990.0,200255
2021-06-15 11:06:08,990.0,200285
2021-06-15 11:06:11,990.0,200285
2021-06-15 11:06:15,989.4,200301
2021-06-15 11:06:19,989.1,200336
2021-06-15 11:06:23,989.1,200336
2021-06-15 11:06:26,989.35,200346
2021-06-15 11:06:30,989.35,200363
2021-06-15 11:06:34,988.85,200399
2021-06-15 11:06:38,988.5,200416
2021-06-15 11:06:45,988.6,200451
2021-06-15 11:06:48,988.9,200468
2021-06-15 11:06:52,988.9,200468
2021-06-15 11:06:55,988.9,200468
2021-06-15 11:06:58,989.0,200668
2021-06-15 11:07:01,988.6,200703
2021-06-15 11:07:05,989.0,200704
2021-06-15 11:07:08,989.0,200716
2021-06-15 11:07:11,989.0,200724
2021-06-15 11:07:19,989.5,200979
2021-06-15 11:07:22,989.5,200979
2021-06-15 11:07:25,989.5,200979
2021-06-15 11:07:28,989.25,200996
2021-06-15 11:07:31,988.5,201151
2021-06-15 11:07:34,988.5,201186
2021-06-15 11:07:37,988.5,201186
2021-06-15 11:07:40,989.05,201202
2021-06-15 11:07:43,989.05,201204
2021-06-15 11:07:46,988.55,201244
2021-06-15 11:07:49,989.0,201262
2021-06-15 11:07:55,989.0,201288
2021-06-15 11:08:00,989.05,201312
2021-06-15 11:08:03,988.55,201347
2021-06-15 11:08:06,988.55,201449
2021-06-15 11:08:08,989.05,201466
2021-06-15 11:08:11,988.55,201471
2021-06-15 11:08:15,988.6,201481
2021-06-15 11:08:18,989.0,201532
2021-06-15 11:08:21,989.05,201542
2021-06-15 11:08:25,989.15,201692
2021-06-15 11:08:28,989.4,201709
2021-06-15 11:08:31,989.05,201720
2021-06-15 11:08:34,988.7,201750
2021-06-15 11:08:37,989.1,201768
2021-06-15 11:08:40,988.6,201788
2021-06-15 11:08:43,988.6,201788
2021-06-15 11:08:46,988.6,201823
2021-06-15 11:08:49,988.7,201833
2021-06-15 11:08:53,989.0,201840
2021-06-15 11:08:55,989.0,201840
2021-06-15 11:08:58,989.0,201856
2021-06-15 11:09:01,988.75,201891
2021-06-15 11:09:04,988.75,201891
2021-06-15 11:09:07,989.25,201910
2021-06-15 11:09:10,988.65,201911
2021-06-15 11:09:13,988.65,201911
2021-06-15 11:09:16,988.6,201946
2021-06-15 11:09:19,989.1,201954
2021-06-15 11:09:22,989.1,201954
2021-06-15 11:09:25,989.1,201954
2021-06-15 11:09:28,989.1,201971
2021-06-15 11:09:31,988.65,202006
2021-06-15 11:09:34,988.65,202006
2021-06-15 11:09:36,989.1,202011
2021-06-15 11:09:40,989.1,202026
2021-06-15 11:09:43,989.35,202027
2021-06-15 11:09:46,989.1,202044
2021-06-15 11:09:49,988.6,202063
2021-06-15 11:09:52,988.6,202063
2021-06-15 11:09:55,989.15,202113
2021-06-15 11:09:57,989.15,202130
2021-06-15 11:10:00,988.65,202133
2021-06-15 11:10:04,988.55,202175
2021-06-15 11:10:07,988.55,202177
2021-06-15 11:10:10,988.95,202185
2021-06-15 11:10:13,989.25,202200
2021-06-15 11:10:15,988.95,202216
2021-06-15 11:10:18,989.4,202237
2021-06-15 11:10:21,989.4,202238
2021-06-15 11:10:24,989.3,202249
2021-06-15 11:10:26,989.5,202449
2021-06-15 11:10:29,989.25,202481
2021-06-15 11:10:32,989.35,202623
2021-06-15 11:10:34,989.35,202623
2021-06-15 11:10:37,989.35,202623
2021-06-15 11:10:39,989.35,202638
2021-06-15 11:10:42,989.35,202639
2021-06-15 11:10:44,989.35,202639
2021-06-15 11:10:47,988.95,202666
2021-06-15 11:10:50,988.6,202674
2021-06-15 11:10:53,988.6,202674
2021-06-15 11:10:55,988.55,202906
2021-06-15 11:10:58,989.05,202907
2021-06-15 11:11:01,988.55,202943
2021-06-15 11:11:04,989.0,202946
2021-06-15 11:11:06,988.55,202948
2021-06-15 11:11:09,988.55,202976
2021-06-15 11:11:12,988.55,202976
2021-06-15 11:11:15,988.55,203011
2021-06-15 11:11:18,988.55,203030
2021-06-15 11:11:24,988.3,203092
2021-06-15 11:11:26,988.3,203092
2021-06-15 11:11:29,988.55,203109
2021-06-15 11:11:32,988.2,203144
2021-06-15 11:11:35,988.2,203144
2021-06-15 11:11:38,988.15,203395
2021-06-15 11:11:40,988.2,203445
2021-06-15 11:11:43,988.2,203445
2021-06-15 11:11:46,988.2,203520
2021-06-15 11:11:49,988.25,203530
2021-06-15 11:11:52,988.25,203530
2021-06-15 11:11:55,988.65,203532
2021-06-15 11:11:58,988.65,203548
2021-06-15 11:12:01,988.3,203583
2021-06-15 11:12:05,988.3,203583
2021-06-15 11:12:07,988.65,203686
2021-06-15 11:12:10,988.25,203720
2021-06-15 11:12:13,988.25,203720
2021-06-15 11:12:16,988.25,203756
2021-06-15 11:12:19,988.65,203770
2021-06-15 11:12:23,988.65,203770
2021-06-15 11:12:29,988.65,203787
2021-06-15 11:12:32,988.25,203822
2021-06-15 11:12:38,988.65,203838
2021-06-15 11:12:45,988.3,203873
2021-06-15 11:12:48,988.3,203873
2021-06-15 11:12:51,988.3,203873
2021-06-15 11:12:54,988.3,203873
2021-06-15 11:12:57,988.65,203889
2021-06-15 11:13:00,988.65,203890
2021-06-15 11:13:03,988.3,203925
2021-06-15 11:13:09,988.65,203944
2021-06-15 11:13:12,988.65,203944
2021-06-15 11:13:15,988.65,203944
2021-06-15 11:13:18,988.65,203995
2021-06-15 11:13:21,988.65,203995
2021-06-15 11:13:24,988.65,203995
2021-06-15 11:13:27,988.65,204012
2021-06-15 11:13:31,988.25,204048
2021-06-15 11:13:34,988.25,204048
2021-06-15 11:13:36,988.25,204048
2021-06-15 11:13:39,988.65,204064
2021-06-15 11:13:43,988.3,204082
2021-06-15 11:13:46,988.3,204137
2021-06-15 11:13:48,988.65,204138
2021-06-15 11:13:53,988.65,204403
2021-06-15 11:13:58,988.65,204419
2021-06-15 11:14:01,988.25,204431
2021-06-15 11:14:04,988.2,204455
2021-06-15 11:14:07,988.2,204460
2021-06-15 11:14:10,988.65,204478
2021-06-15 11:14:13,988.4,204483
2021-06-15 11:14:16,988.4,204518
2021-06-15 11:14:21,988.4,204518
2021-06-15 11:14:24,988.4,204518
2021-06-15 11:14:27,988.4,204518
2021-06-15 11:14:30,988.65,204535
2021-06-15 11:14:33,988.2,204570
2021-06-15 11:14:36,988.0,204589
2021-06-15 11:14:39,988.5,204641
2021-06-15 11:14:44,988.5,204642
2021-06-15 11:14:47,988.1,204678
2021-06-15 11:14:50,988.6,204682
2021-06-15 11:14:53,988.65,204696
2021-06-15 11:14:56,988.65,204699
2021-06-15 11:14:59,988.65,204718
2021-06-15 11:15:02,988.25,204783
2021-06-15 11:15:05,988.25,204783
2021-06-15 11:15:07,988.75,204802
2021-06-15 11:15:10,988.3,204812
2021-06-15 11:15:13,988.3,204812
2021-06-15 11:15:16,988.25,205125
2021-06-15 11:15:19,988.0,205159
2021-06-15 11:15:22,988.6,205164
2021-06-15 11:15:25,988.8,205427
2021-06-15 11:15:28,988.8,205444
2021-06-15 11:15:30,988.05,205747
2021-06-15 11:15:36,988.65,205809
2021-06-15 11:15:39,988.65,205822
2021-06-15 11:15:42,988.65,205832
2021-06-15 11:15:46,988.65,205849
2021-06-15 11:15:48,988.2,205867
2021-06-15 11:15:51,988.2,205867
2021-06-15 11:15:54,988.2,205867
2021-06-15 11:15:59,988.8,205887
2021-06-15 11:16:02,988.3,205923
2021-06-15 11:16:05,988.3,205923
2021-06-15 11:16:08,988.75,205949
2021-06-15 11:16:11,988.05,205988
2021-06-15 11:16:17,988.7,206062
2021-06-15 11:16:21,988.7,206062
2021-06-15 11:16:24,988.75,206078
2021-06-15 11:16:27,988.75,206078
2021-06-15 11:16:30,988.75,206096
2021-06-15 11:16:33,988.55,206131
2021-06-15 11:16:38,988.75,206147
2021-06-15 11:16:41,988.75,206147
2021-06-15 11:16:43,988.75,206147
2021-06-15 11:16:46,988.55,206182
2021-06-15 11:16:50,988.75,206202
2021-06-15 11:16:54,988.75,206202
2021-06-15 11:16:57,988.55,206302
2021-06-15 11:16:59,988.75,206307
2021-06-15 11:17:03,988.75,206332
2021-06-15 11:17:06,988.55,206344
2021-06-15 11:17:08,988.55,206344
2021-06-15 11:17:11,988.55,206344
2021-06-15 11:17:14,988.55,206344
2021-06-15 11:17:16,988.55,206382
2021-06-15 11:17:19,988.85,206398
2021-06-15 11:17:21,988.85,206398
2021-06-15 11:17:24,988.85,206398
2021-06-15 11:17:26,988.9,206399
2021-06-15 11:17:29,988.9,206416
2021-06-15 11:17:31,988.55,206456
2021-06-15 11:17:33,988.55,206456
2021-06-15 11:17:39,988.9,206472
2021-06-15 11:17:41,988.9,206472
2021-06-15 11:17:44,988.9,206472
2021-06-15 11:17:46,988.55,206495
2021-06-15 11:17:49,988.8,206522
2021-06-15 11:17:52,988.8,206522
2021-06-15 11:17:54,988.8,206522
2021-06-15 11:17:57,988.8,206522
2021-06-15 11:18:00,988.45,206573
2021-06-15 11:18:03,988.45,206573
2021-06-15 11:18:06,988.5,206575
2021-06-15 11:18:09,988.9,206581
2021-06-15 11:18:13,989.15,206696
2021-06-15 11:18:16,988.9,206712
2021-06-15 11:18:19,988.35,207046
2021-06-15 11:18:22,988.35,207046
2021-06-15 11:18:24,988.2,207051
2021-06-15 11:18:29,988.75,207067
2021-06-15 11:18:32,988.45,207103
2021-06-15 11:18:34,988.45,207103
2021-06-15 11:18:37,988.45,207103
2021-06-15 11:18:40,988.9,207104
2021-06-15 11:18:43,989.15,207120
2021-06-15 11:18:46,988.9,207155
2021-06-15 11:18:48,989.25,207157
2021-06-15 11:18:51,989.25,207157
2021-06-15 11:18:54,989.05,207161
2021-06-15 11:18:57,989.05,207161
2021-06-15 11:19:00,988.95,207177
2021-06-15 11:19:03,988.6,207218
2021-06-15 11:19:07,988.65,207220
2021-06-15 11:19:09,989.35,207227
2021-06-15 11:19:12,988.65,207377
2021-06-15 11:19:16,988.6,207394
2021-06-15 11:19:19,988.55,207395
2021-06-15 11:19:22,988.5,207429
2021-06-15 11:19:28,988.55,207469
2021-06-15 11:19:30,988.55,207477
2021-06-15 11:19:33,988.2,207504
2021-06-15 11:19:36,988.2,207504
2021-06-15 11:19:39,988.3,207521
2021-06-15 11:19:48,988.75,207585
2021-06-15 11:19:51,988.75,207595
2021-06-15 11:19:54,988.75,207595
2021-06-15 11:20:00,988.25,207701
2021-06-15 11:20:03,988.3,207736
2021-06-15 11:20:06,988.3,207736
2021-06-15 11:20:09,988.8,207753
2021-06-15 11:20:11,988.8,207753
2021-06-15 11:20:14,988.8,207753
2021-06-15 11:20:17,988.25,207788
2021-06-15 11:20:20,988.75,207804
2021-06-15 11:20:28,988.85,207822
2021-06-15 11:20:30,988.25,207857
2021-06-15 11:20:33,988.25,207857
2021-06-15 11:20:36,988.25,207857
2021-06-15 11:20:39,988.55,207874
2021-06-15 11:20:42,988.5,207876
2021-06-15 11:20:44,988.25,207976
2021-06-15 11:20:47,988.25,207993
2021-06-15 11:20:49,988.0,208011
2021-06-15 11:20:55,988.0,208011
2021-06-15 11:20:57,988.5,208067
2021-06-15 11:21:01,988.05,208103
2021-06-15 11:21:03,988.5,208105
2021-06-15 11:21:06,988.05,208107
2021-06-15 11:21:09,988.5,208125
2021-06-15 11:21:12,988.0,208164
2021-06-15 11:21:14,988.0,208164
2021-06-15 11:21:17,988.5,208235
2021-06-15 11:21:20,988.5,208235
2021-06-15 11:21:23,988.5,208235
2021-06-15 11:21:26,988.5,208235
2021-06-15 11:21:28,988.5,208252
2021-06-15 11:21:31,988.0,208287
2021-06-15 11:21:34,988.0,208287
2021-06-15 11:21:38,988.5,208323
2021-06-15 11:21:41,988.5,208324
2021-06-15 11:21:44,988.5,208324
2021-06-15 11:21:47,988.15,208359
2021-06-15 11:21:50,988.15,208377
2021-06-15 11:21:53,988.15,208377
2021-06-15 11:21:56,988.15,208377
2021-06-15 11:21:59,988.45,208393
2021-06-15 11:22:02,988.5,208533
2021-06-15 11:22:05,988.5,208533
2021-06-15 11:22:08,988.9,208552
2021-06-15 11:22:11,988.9,208552
2021-06-15 11:22:14,988.9,208552
2021-06-15 11:22:17,988.5,208577
2021-06-15 11:22:20,988.2,208588
2021-06-15 11:22:23,988.85,208590
2021-06-15 11:22:26,988.85,208591
2021-06-15 11:22:35,988.35,208643
2021-06-15 11:22:38,988.85,208659
2021-06-15 11:22:42,988.85,208664
2021-06-15 11:22:45,988.85,208664
2021-06-15 11:22:48,988.85,208714
2021-06-15 11:22:51,988.95,208724
2021-06-15 11:22:54,988.9,208726
2021-06-15 11:22:57,988.9,208742
2021-06-15 11:23:00,988.9,208746
2021-06-15 11:23:03,988.4,208778
2021-06-15 11:23:06,988.45,208783
2021-06-15 11:23:09,988.9,208800
2021-06-15 11:23:12,988.45,208802
2021-06-15 11:23:15,988.45,208818
2021-06-15 11:23:19,988.2,208839
2021-06-15 11:23:22,988.75,208854
2021-06-15 11:23:25,988.75,208854
2021-06-15 11:23:28,988.7,208856
2021-06-15 11:23:34,988.3,208892
2021-06-15 11:23:38,988.8,208905
2021-06-15 11:23:44,988.85,208947
2021-06-15 11:23:47,988.4,208948
2021-06-15 11:23:49,988.85,208985
2021-06-15 11:23:52,988.4,208993
2021-06-15 11:23:55,988.9,208996
2021-06-15 11:23:58,988.9,209012
2021-06-15 11:24:01,988.35,209038
2021-06-15 11:24:04,988.1,209149
2021-06-15 11:24:08,988.15,209151
2021-06-15 11:24:11,988.2,209168
2021-06-15 11:24:14,988.2,209168
2021-06-15 11:24:17,988.2,209190
2021-06-15 11:24:21,988.15,209205
2021-06-15 11:24:23,988.15,209205
2021-06-15 11:24:26,988.15,209205
2021-06-15 11:24:29,988.65,209223
2021-06-15 11:24:32,988.25,209259
2021-06-15 11:24:35,988.25,209299
2021-06-15 11:24:38,988.8,209302
2021-06-15 11:24:41,988.8,209302
2021-06-15 11:24:44,988.8,209302
2021-06-15 11:24:48,988.15,209337
2021-06-15 11:24:51,988.15,209337
2021-06-15 11:24:54,988.2,209379
2021-06-15 11:24:57,988.2,209405
2021-06-15 11:25:00,988.85,209421
2021-06-15 11:25:03,988.4,209456
2021-06-15 11:25:06,988.4,209458
2021-06-15 11:25:09,988.85,209476
2021-06-15 11:25:12,988.85,209476
2021-06-15 11:25:14,988.85,209476
2021-06-15 11:25:18,988.85,209527
2021-06-15 11:25:20,988.85,209527
2021-06-15 11:25:23,988.85,209527
2021-06-15 11:25:26,988.2,209560
2021-06-15 11:25:30,988.2,209599
2021-06-15 11:25:34,988.2,209719
2021-06-15 11:25:38,988.35,209735
2021-06-15 11:25:43,988.2,209757
2021-06-15 11:25:46,988.2,209793
2021-06-15 11:25:49,988.3,209794
2021-06-15 11:25:51,988.3,209794
2021-06-15 11:25:54,988.3,209795
2021-06-15 11:25:58,988.3,209831
2021-06-15 11:26:01,988.15,209878
2021-06-15 11:26:04,988.0,209943
2021-06-15 11:26:07,988.15,209969
2021-06-15 11:26:13,988.15,209976
2021-06-15 11:26:17,988.15,210024
2021-06-15 11:26:20,988.15,210061
2021-06-15 11:26:22,988.15,210061
2021-06-15 11:26:25,988.15,210067
2021-06-15 11:26:28,988.15,210097
2021-06-15 11:26:31,988.0,210153
2021-06-15 11:26:35,988.15,210180
2021-06-15 11:26:38,988.15,210196
2021-06-15 11:26:41,988.15,210196
2021-06-15 11:26:44,988.15,210196
2021-06-15 11:26:47,988.0,210231
2021-06-15 11:26:50,988.0,211775
2021-06-15 11:26:53,988.0,211777
2021-06-15 11:26:57,988.0,211950
2021-06-15 11:27:03,988.05,212043
2021-06-15 11:27:07,988.0,212070
2021-06-15 11:27:10,988.15,212093
2021-06-15 11:27:13,988.15,212093
2021-06-15 11:27:17,988.0,212128
2021-06-15 11:27:19,988.15,212145
2021-06-15 11:27:22,988.15,212145
2021-06-15 11:27:25,988.0,212165
2021-06-15 11:27:28,988.0,212184
2021-06-15 11:27:31,988.15,212226
2021-06-15 11:27:34,988.15,212226
2021-06-15 11:27:37,988.15,212226
2021-06-15 11:27:41,988.0,212461
2021-06-15 11:27:44,988.3,212472
2021-06-15 11:27:48,988.3,212524
2021-06-15 11:27:51,988.0,212564
2021-06-15 11:27:54,988.0,212564
2021-06-15 11:27:57,988.0,212564
2021-06-15 11:28:00,988.3,212580
2021-06-15 11:28:03,988.0,212615
2021-06-15 11:28:06,988.0,212617
2021-06-15 11:28:09,988.3,212633
2021-06-15 11:28:12,988.45,212647
2021-06-15 11:28:15,988.6,212681
2021-06-15 11:28:18,988.3,212706
2021-06-15 11:28:22,988.0,212929
2021-06-15 11:28:25,988.0,212929
2021-06-15 11:28:28,988.55,212964
2021-06-15 11:28:32,988.25,213005
2021-06-15 11:28:35,988.1,213009
2021-06-15 11:28:38,988.5,213024
2021-06-15 11:28:40,988.1,213045
2021-06-15 11:28:43,988.15,213050
2021-06-15 11:28:46,988.55,213112
2021-06-15 11:28:49,988.55,213112
2021-06-15 11:28:52,988.7,213126
2021-06-15 11:28:57,988.65,213136
2021-06-15 11:29:00,988.1,213152
2021-06-15 11:29:04,988.0,213368
2021-06-15 11:29:08,988.2,213372
2021-06-15 11:29:11,988.2,213372
2021-06-15 11:29:14,988.25,213387
2021-06-15 11:29:17,988.2,213409
2021-06-15 11:29:20,988.0,213422
2021-06-15 11:29:23,988.0,213422
2021-06-15 11:29:26,988.0,213424
2021-06-15 11:29:29,988.25,213442
2021-06-15 11:29:32,988.0,213478
2021-06-15 11:29:35,988.0,213478
2021-06-15 11:29:38,988.2,213592
2021-06-15 11:29:41,988.2,213592
2021-06-15 11:29:44,988.2,213592
2021-06-15 11:29:47,988.0,213627
2021-06-15 11:29:50,988.2,213644
2021-06-15 11:29:53,988.2,213644
2021-06-15 11:29:56,988.2,213644
2021-06-15 11:29:58,988.2,213660
2021-06-15 11:30:01,988.0,213695
2021-06-15 11:30:05,988.2,213705
2021-06-15 11:30:08,988.25,213734
2021-06-15 11:30:13,988.25,213734
2021-06-15 11:30:17,988.0,213770
2021-06-15 11:30:20,988.25,213786
2021-06-15 11:30:23,988.0,213789
2021-06-15 11:30:26,988.0,213789
2021-06-15 11:30:28,988.25,213794
2021-06-15 11:30:31,988.0,213827
2021-06-15 11:30:34,988.25,213851
2021-06-15 11:30:39,988.25,213860
2021-06-15 11:30:45,988.25,213896
2021-06-15 11:30:48,988.7,213911
2021-06-15 11:30:51,988.85,213929
2021-06-15 11:30:53,988.85,213929
2021-06-15 11:30:56,988.85,213929
2021-06-15 11:30:59,988.8,213930
2021-06-15 11:31:02,988.8,213985
2021-06-15 11:31:07,988.8,214005
2021-06-15 11:31:10,988.85,214022
2021-06-15 11:31:13,988.8,214026
2021-06-15 11:31:15,988.8,214061
2021-06-15 11:31:18,988.85,214077
2021-06-15 11:31:21,989.0,214117
2021-06-15 11:31:24,989.0,214117
2021-06-15 11:31:27,988.8,214187
2021-06-15 11:31:29,989.0,214201
2021-06-15 11:31:32,988.55,214242
2021-06-15 11:31:35,988.55,214242
2021-06-15 11:31:38,988.8,214282
2021-06-15 11:31:41,988.8,214282
2021-06-15 11:31:45,988.5,214317
2021-06-15 11:31:48,988.45,214517
2021-06-15 11:31:54,988.45,214520
2021-06-15 11:31:57,988.8,214521
2021-06-15 11:32:00,988.8,214537
2021-06-15 11:32:03,988.45,214629
2021-06-15 11:32:07,988.45,214633
2021-06-15 11:32:10,988.8,214637
2021-06-15 11:32:13,989.0,214656
2021-06-15 11:32:16,988.95,214665
2021-06-15 11:32:19,988.8,214681
2021-06-15 11:32:22,988.4,214691
2021-06-15 11:32:25,988.4,214691
2021-06-15 11:32:27,988.9,214697
2021-06-15 11:32:31,988.9,214715
2021-06-15 11:32:33,988.45,214743
2021-06-15 11:32:36,988.45,214743
2021-06-15 11:32:39,989.0,214750
2021-06-15 11:32:41,988.95,214754
2021-06-15 11:32:44,989.0,214769
2021-06-15 11:32:47,988.9,214806
2021-06-15 11:32:50,988.45,214824
2021-06-15 11:32:52,989.0,214830
2021-06-15 11:32:55,989.05,214837
2021-06-15 11:32:57,989.05,214846
2021-06-15 11:33:00,989.05,214847
2021-06-15 11:33:03,989.0,214870
2021-06-15 11:33:06,988.65,214969
2021-06-15 11:33:10,989.1,214972
2021-06-15 11:33:13,989.1,214972
2021-06-15 11:33:17,988.65,215008
2021-06-15 11:33:19,989.1,215024
2021-06-15 11:33:23,989.1,215024
2021-06-15 11:33:26,989.1,215024
2021-06-15 11:33:28,989.1,215041
2021-06-15 11:33:31,988.65,215076
2021-06-15 11:33:33,988.65,215076
2021-06-15 11:33:39,989.05,215092
2021-06-15 11:33:42,989.05,215092
2021-06-15 11:33:45,989.05,215092
2021-06-15 11:33:48,989.0,215128
2021-06-15 11:33:51,988.6,215135
2021-06-15 11:33:53,988.6,215135
2021-06-15 11:33:56,989.0,215137
2021-06-15 11:33:59,988.5,215164
2021-06-15 11:34:02,988.6,215171
2021-06-15 11:34:05,988.5,215203
2021-06-15 11:34:07,989.05,215231
2021-06-15 11:34:10,988.95,215238
2021-06-15 11:34:12,989.0,215240
2021-06-15 11:34:15,989.0,215240
2021-06-15 11:34:17,988.95,215264
2021-06-15 11:34:22,988.5,215275
2021-06-15 11:34:25,988.5,215275
2021-06-15 11:34:28,988.95,215278
2021-06-15 11:34:30,988.95,215292
2021-06-15 11:34:33,988.8,215314
2021-06-15 11:34:36,988.8,215314
2021-06-15 11:34:38,988.95,215330
2021-06-15 11:34:44,988.95,215330
2021-06-15 11:34:46,988.8,215360
2021-06-15 11:34:49,988.7,215375
2021-06-15 11:34:55,988.7,215375
2021-06-15 11:34:58,988.95,215391
2021-06-15 11:35:00,988.75,215392
2021-06-15 11:35:03,988.95,215476
2021-06-15 11:35:05,988.95,215499
2021-06-15 11:35:08,988.75,215567
2021-06-15 11:35:10,988.7,215617
2021-06-15 11:35:13,988.7,215617
2021-06-15 11:35:16,988.7,215669
2021-06-15 11:35:19,988.75,215690
2021-06-15 11:35:24,988.75,215690
2021-06-15 11:35:27,988.75,215738
2021-06-15 11:35:30,988.95,215755
2021-06-15 11:35:33,988.75,215790
2021-06-15 11:35:39,988.95,215806
2021-06-15 11:35:44,988.95,215806
2021-06-15 11:35:47,988.95,215859
2021-06-15 11:35:50,988.95,215860
2021-06-15 11:35:53,988.95,215860
2021-06-15 11:35:55,988.95,215860
2021-06-15 11:35:58,988.95,215877
2021-06-15 11:36:01,988.75,215912
2021-06-15 11:36:03,988.75,215912
2021-06-15 11:36:06,988.75,215937
2021-06-15 11:36:08,988.95,215954
2021-06-15 11:36:11,988.95,215955
2021-06-15 11:36:14,988.95,215955
2021-06-15 11:36:16,988.75,215990
2021-06-15 11:36:19,988.95,216006
2021-06-15 11:36:22,988.75,216027
2021-06-15 11:36:24,988.75,216027
2021-06-15 11:36:27,988.95,216044
2021-06-15 11:36:32,988.75,216079
2021-06-15 11:36:38,988.95,216095
2021-06-15 11:36:43,988.95,216095
2021-06-15 11:36:46,988.75,216130
2021-06-15 11:36:48,988.95,216147
2021-06-15 11:36:50,988.95,216147
2021-06-15 11:36:52,988.95,216151
2021-06-15 11:36:54,988.95,216151
2021-06-15 11:36:56,988.75,216152
2021-06-15 11:36:59,988.95,216164
2021-06-15 11:37:01,988.95,216216
2021-06-15 11:37:04,988.95,216216
2021-06-15 11:37:07,988.95,216218
2021-06-15 11:37:10,989.2,216235
2021-06-15 11:37:13,989.2,216235
2021-06-15 11:37:16,988.95,216270
2021-06-15 11:37:19,989.0,216370
2021-06-15 11:37:21,989.2,216372
2021-06-15 11:37:25,989.2,216386
2021-06-15 11:37:27,989.2,216400
2021-06-15 11:37:30,989.2,216403
2021-06-15 11:37:32,989.45,216515
2021-06-15 11:37:35,989.45,216515
2021-06-15 11:37:37,989.45,216531
2021-06-15 11:37:40,989.5,216602
2021-06-15 11:37:43,989.5,216602
2021-06-15 11:37:46,989.0,216807
2021-06-15 11:37:49,989.0,216818
2021-06-15 11:37:54,989.0,216818
2021-06-15 11:37:59,989.3,216826
2021-06-15 11:38:02,989.25,216868
2021-06-15 11:38:05,989.0,216872
2021-06-15 11:38:07,989.0,216874
2021-06-15 11:38:09,989.0,217116
2021-06-15 11:38:12,989.0,217116
2021-06-15 11:38:14,989.0,217116
2021-06-15 11:38:17,989.0,217152
2021-06-15 11:38:19,989.35,217169
2021-06-15 11:38:22,989.35,217169
2021-06-15 11:38:25,989.35,217180
2021-06-15 11:38:28,989.35,217197
2021-06-15 11:38:31,989.0,217232
2021-06-15 11:38:33,989.0,217232
2021-06-15 11:38:35,989.0,217232
2021-06-15 11:38:38,989.35,217248
2021-06-15 11:38:40,989.35,217280
2021-06-15 11:38:43,989.35,217280
2021-06-15 11:38:46,989.0,217319
2021-06-15 11:38:48,989.4,217334
2021-06-15 11:38:52,989.4,217336
2021-06-15 11:38:54,989.4,217336
2021-06-15 11:38:57,989.4,217336
2021-06-15 11:38:59,989.45,217342
2021-06-15 11:39:01,989.35,217354
2021-06-15 11:39:03,989.15,217380
2021-06-15 11:39:06,989.0,217389
2021-06-15 11:39:09,989.0,217389
2021-06-15 11:39:11,989.0,217389
2021-06-15 11:39:14,989.0,217389
2021-06-15 11:39:17,989.0,217424
2021-06-15 11:39:19,989.15,217433
2021-06-15 11:39:21,989.2,217458
2021-06-15 11:39:24,989.2,217461
2021-06-15 11:39:26,989.25,217488
2021-06-15 11:39:29,989.25,217489
2021-06-15 11:39:31,989.0,217525
2021-06-15 11:39:34,989.0,217525
2021-06-15 11:39:39,989.4,217542
2021-06-15 11:39:45,989.4,217542
2021-06-15 11:39:48,989.4,217594
2021-06-15 11:39:51,989.4,217594
2021-06-15 11:39:54,989.35,217599
2021-06-15 11:39:57,989.35,217624
2021-06-15 11:39:59,989.4,217627
2021-06-15 11:40:03,989.0,217662
2021-06-15 11:40:06,989.05,217692
2021-06-15 11:40:09,989.4,217709
2021-06-15 11:40:11,989.4,217790
2021-06-15 11:40:14,989.4,217790
2021-06-15 11:40:17,989.05,217810
2021-06-15 11:40:20,989.7,218825
2021-06-15 11:40:23,989.1,218891
2021-06-15 11:40:26,989.1,218891
2021-06-15 11:40:29,989.1,218891
2021-06-15 11:40:32,989.2,218941
2021-06-15 11:40:35,989.2,218941
2021-06-15 11:40:38,989.2,218957
2021-06-15 11:40:41,989.2,219457
2021-06-15 11:40:44,988.95,220441
2021-06-15 11:40:47,988.95,220441
2021-06-15 11:40:50,988.05,220477
2021-06-15 11:40:53,988.0,220482
2021-06-15 11:40:55,988.0,220482
2021-06-15 11:40:58,988.25,220498
2021-06-15 11:41:00,988.05,220519
2021-06-15 11:41:03,988.0,220534
2021-06-15 11:41:06,988.0,220534
2021-06-15 11:41:08,988.05,220601
2021-06-15 11:41:11,988.05,220607
2021-06-15 11:41:14,988.0,220952
2021-06-15 11:41:17,988.05,221317
2021-06-15 11:41:20,988.0,221397
2021-06-15 11:41:23,988.0,221397
2021-06-15 11:41:26,988.05,221399
2021-06-15 11:41:28,988.05,221416
2021-06-15 11:41:32,988.0,221451
2021-06-15 11:41:35,988.0,221451
2021-06-15 11:41:37,988.0,221451
2021-06-15 11:41:40,988.05,221477
2021-06-15 11:41:42,988.05,221477
2021-06-15 11:41:45,988.0,221512
2021-06-15 11:41:48,988.05,221535
2021-06-15 11:41:50,988.0,221575
2021-06-15 11:41:53,988.0,221575
2021-06-15 11:41:55,988.15,221582
2021-06-15 11:41:58,988.15,221605
2021-06-15 11:42:00,988.0,221641
2021-06-15 11:42:03,988.0,221646
2021-06-15 11:42:06,988.0,221646
2021-06-15 11:42:08,988.1,221665
2021-06-15 11:42:11,988.1,221665
2021-06-15 11:42:13,988.1,221667
2021-06-15 11:42:16,988.0,221702
2021-06-15 11:42:19,988.1,221726
2021-06-15 11:42:23,988.1,221726
2021-06-15 11:42:28,988.0,221749
2021-06-15 11:42:30,988.0,221817
2021-06-15 11:42:33,988.2,221831
2021-06-15 11:42:36,988.2,221831
2021-06-15 11:42:39,988.1,221837
2021-06-15 11:42:41,988.1,221837
2021-06-15 11:42:44,988.3,221855
2021-06-15 11:42:47,988.2,221860
2021-06-15 11:42:49,988.05,221878
2021-06-15 11:42:53,988.05,221890
2021-06-15 11:42:56,988.05,221890
2021-06-15 11:42:59,988.2,221892
2021-06-15 11:43:02,988.2,221906
2021-06-15 11:43:05,988.1,221927
2021-06-15 11:43:07,988.1,221929
2021-06-15 11:43:10,988.2,221936
2021-06-15 11:43:13,988.4,221946
2021-06-15 11:43:16,988.2,221962
2021-06-15 11:43:19,988.1,221982
2021-06-15 11:43:21,988.1,221982
2021-06-15 11:43:24,988.2,221983
2021-06-15 11:43:27,988.2,221983
2021-06-15 11:43:29,988.2,221988
2021-06-15 11:43:32,988.2,222000
2021-06-15 11:43:34,988.3,222035
2021-06-15 11:43:40,988.15,222040
2021-06-15 11:43:42,988.4,222050
2021-06-15 11:43:45,988.4,222051
2021-06-15 11:43:47,988.1,222086
2021-06-15 11:43:50,988.1,222086
2021-06-15 11:43:52,988.1,222086
2021-06-15 11:43:57,988.4,222090
2021-06-15 11:44:00,988.4,222109
2021-06-15 11:44:02,988.15,222137
2021-06-15 11:44:05,988.5,222150
2021-06-15 11:44:08,988.5,222153
2021-06-15 11:44:11,988.6,222180
2021-06-15 11:44:14,988.7,222297
2021-06-15 11:44:17,988.4,222326
2021-06-15 11:44:20,988.4,222340
2021-06-15 11:44:23,988.45,222359
2021-06-15 11:44:25,988.15,222362
2021-06-15 11:44:28,988.45,222371
2021-06-15 11:44:31,988.45,222379
2021-06-15 11:44:33,988.15,222409
2021-06-15 11:44:36,988.15,222422
2021-06-15 11:44:38,988.45,222509
2021-06-15 11:44:41,988.45,222509
2021-06-15 11:44:44,988.45,222509
2021-06-15 11:44:46,988.2,222534
2021-06-15 11:44:48,988.15,222544
2021-06-15 11:44:51,988.15,222545
2021-06-15 11:44:54,988.15,222545
2021-06-15 11:44:56,988.15,222545
2021-06-15 11:45:00,988.15,222684
2021-06-15 11:45:03,988.0,222719
2021-06-15 11:45:10,988.25,222738
2021-06-15 11:45:13,988.25,222738
2021-06-15 11:45:16,988.0,222773
2021-06-15 11:45:18,988.3,222789
2021-06-15 11:45:21,988.3,222789
2021-06-15 11:45:24,988.3,222789
2021-06-15 11:45:32,988.05,222814
2021-06-15 11:45:35,988.0,222841
2021-06-15 11:45:38,988.05,222842
2021-06-15 11:45:41,988.05,222846
2021-06-15 11:45:43,988.4,222857
2021-06-15 11:45:46,988.05,222986
2021-06-15 11:45:50,988.5,223016
2021-06-15 11:45:54,988.4,223023
2021-06-15 11:45:57,988.05,223034
2021-06-15 11:46:00,988.05,223085
2021-06-15 11:46:03,988.05,223085
2021-06-15 11:46:08,988.3,223104
2021-06-15 11:46:11,988.3,223154
2021-06-15 11:46:14,988.3,223154
2021-06-15 11:46:17,988.3,223205
2021-06-15 11:46:19,988.0,223230
2021-06-15 11:46:22,988.0,223235
2021-06-15 11:46:24,988.3,223251
2021-06-15 11:46:27,988.3,223260
2021-06-15 11:46:30,988.3,223277
2021-06-15 11:46:33,988.0,223393
2021-06-15 11:46:38,988.3,223436
2021-06-15 11:46:44,988.0,223718
2021-06-15 11:46:48,988.0,223762
2021-06-15 11:46:52,988.05,223900
2021-06-15 11:46:55,988.05,223900
2021-06-15 11:46:59,988.05,223932
2021-06-15 11:47:02,988.0,224013
2021-06-15 11:47:09,988.05,224032
2021-06-15 11:47:11,988.0,224049
2021-06-15 11:47:15,988.05,224054
2021-06-15 11:47:21,988.05,224171
2021-06-15 11:47:26,988.0,225746
2021-06-15 11:47:29,988.0,226032
2021-06-15 11:47:38,988.05,226678
2021-06-15 11:47:41,988.0,226791
2021-06-15 11:47:44,988.0,226791
2021-06-15 11:47:50,988.05,226843
2021-06-15 11:47:52,988.0,226868
2021-06-15 11:47:55,988.2,227368
2021-06-15 11:47:59,988.0,227422
2021-06-15 11:48:02,988.05,227438
2021-06-15 11:48:04,988.0,227458
2021-06-15 11:48:07,988.05,227483
2021-06-15 11:48:11,988.05,227490
2021-06-15 11:48:14,988.05,227506
2021-06-15 11:48:16,988.05,227541
2021-06-15 11:48:19,988.25,227557
2021-06-15 11:48:22,988.25,227557
2021-06-15 11:48:25,988.25,227557
2021-06-15 11:48:28,988.0,227594
2021-06-15 11:48:31,988.0,227629
2021-06-15 11:48:34,988.0,227829
2021-06-15 11:48:40,988.25,227852
2021-06-15 11:48:43,988.0,227853
2021-06-15 11:48:46,988.0,227888
2021-06-15 11:48:48,988.25,227905
2021-06-15 11:48:53,988.25,227905
2021-06-15 11:48:55,988.25,227905
2021-06-15 11:48:58,988.0,227923
2021-06-15 11:49:00,988.0,227958
2021-06-15 11:49:03,988.0,227978
2021-06-15 11:49:05,988.0,227978
2021-06-15 11:49:08,988.25,227997
2021-06-15 11:49:13,988.25,227997
2021-06-15 11:49:16,988.0,228033
2021-06-15 11:49:18,988.0,228062
2021-06-15 11:49:21,988.25,228064
2021-06-15 11:49:24,988.25,228064
2021-06-15 11:49:29,988.25,228081
2021-06-15 11:49:31,988.0,228116
2021-06-15 11:49:33,988.25,228216
2021-06-15 11:49:36,988.3,228226
2021-06-15 11:49:38,988.3,228237
2021-06-15 11:49:41,988.0,228282
2021-06-15 11:49:44,988.0,228282
2021-06-15 11:49:47,988.0,228317
2021-06-15 11:49:50,988.3,228334
2021-06-15 11:49:53,988.3,228334
2021-06-15 11:49:55,988.3,228337
2021-06-15 11:49:58,988.3,228353
2021-06-15 11:50:01,988.0,228388
2021-06-15 11:50:06,988.0,228388
2021-06-15 11:50:08,988.3,228407
2021-06-15 11:50:11,988.0,228410
2021-06-15 11:50:14,988.0,228410
2021-06-15 11:50:17,988.0,228445
2021-06-15 11:50:20,988.0,228465
2021-06-15 11:50:23,988.0,228467
2021-06-15 11:50:28,988.3,228484
2021-06-15 11:50:31,988.0,228520
2021-06-15 11:50:33,988.3,228524
2021-06-15 11:50:39,988.3,228561
2021-06-15 11:50:41,988.3,228561
2021-06-15 11:50:44,988.3,228561
2021-06-15 11:50:46,988.0,228596
2021-06-15 11:50:49,988.15,228613
2021-06-15 11:50:51,988.15,228613
2021-06-15 11:50:54,988.15,228613
2021-06-15 11:50:56,988.15,228618
2021-06-15 11:50:59,988.35,228655
2021-06-15 11:51:03,988.0,228690
2021-06-15 11:51:06,988.0,228690
2021-06-15 11:51:08,988.0,228713
2021-06-15 11:51:11,988.0,228713
2021-06-15 11:51:14,988.0,228713
2021-06-15 11:51:16,988.0,228748
2021-06-15 11:51:19,988.35,228764
2021-06-15 11:51:22,988.35,228764
2021-06-15 11:51:24,988.35,228764
2021-06-15 11:51:27,988.05,228785
2021-06-15 11:51:29,988.35,228786
2021-06-15 11:51:32,988.0,228821
2021-06-15 11:51:34,988.15,228823
2021-06-15 11:51:37,988.35,228864
2021-06-15 11:51:40,988.35,228864
2021-06-15 11:51:43,988.35,228868
2021-06-15 11:51:46,988.75,228904
2021-06-15 11:51:48,989.0,228921
2021-06-15 11:51:54,989.0,228921
2021-06-15 11:51:58,989.0,228937
2021-06-15 11:52:01,988.8,228984
2021-06-15 11:52:04,988.8,228984
2021-06-15 11:52:07,988.8,228986
2021-06-15 11:52:10,989.0,229003
2021-06-15 11:52:12,989.0,229003
2021-06-15 11:52:15,988.85,229068
2021-06-15 11:52:18,988.75,229118
2021-06-15 11:52:22,988.75,229118
2021-06-15 11:52:25,989.0,229122
2021-06-15 11:52:28,989.0,229139
2021-06-15 11:52:30,988.75,229174
2021-06-15 11:52:33,988.75,229176
2021-06-15 11:52:36,988.75,229181
2021-06-15 11:52:38,989.0,229197
2021-06-15 11:52:41,989.0,229197
2021-06-15 11:52:44,989.0,229197
2021-06-15 11:52:46,988.75,229232
2021-06-15 11:52:48,988.95,229245
2021-06-15 11:52:51,989.0,229403
2021-06-15 11:52:54,988.75,229470
2021-06-15 11:52:57,989.0,229495
2021-06-15 11:53:00,988.75,229575
2021-06-15 11:53:03,988.5,229675
2021-06-15 11:53:05,988.5,229675
2021-06-15 11:53:08,988.95,229682
2021-06-15 11:53:10,988.95,229682
2021-06-15 11:53:13,989.0,229692
2021-06-15 11:53:16,988.95,229709
2021-06-15 11:53:19,988.65,229727
2021-06-15 11:53:24,988.65,229727
2021-06-15 11:53:29,989.0,229744
2021-06-15 11:53:32,988.65,229780
2021-06-15 11:53:38,989.0,229796
2021-06-15 11:53:41,989.0,229796
2021-06-15 11:53:44,988.65,229821
2021-06-15 11:53:47,988.65,229856
2021-06-15 11:53:50,989.0,230198
2021-06-15 11:53:52,988.85,230291
2021-06-15 11:53:56,989.15,230318
2021-06-15 11:53:58,989.3,230321
2021-06-15 11:54:01,989.35,230346
2021-06-15 11:54:04,989.3,230356
2021-06-15 11:54:07,989.35,230363
2021-06-15 11:54:10,989.8,230384
2021-06-15 11:54:13,989.8,230384
2021-06-15 11:54:16,989.35,230422
2021-06-15 11:54:18,989.7,230423
2021-06-15 11:54:21,989.3,230448
2021-06-15 11:54:23,989.3,230448
2021-06-15 11:54:30,989.75,230465
2021-06-15 11:54:33,989.4,230500
2021-06-15 11:54:36,989.4,230500
2021-06-15 11:54:39,989.6,230504
2021-06-15 11:54:44,989.6,230504
2021-06-15 11:54:47,989.65,230615
2021-06-15 11:54:51,989.65,230796
2021-06-15 11:54:54,989.65,230796
2021-06-15 11:54:57,989.65,230796
2021-06-15 11:54:59,989.55,230812
2021-06-15 11:55:01,989.1,230844
2021-06-15 11:55:04,989.05,230847
2021-06-15 11:55:06,989.05,230897
2021-06-15 11:55:09,989.5,230914
2021-06-15 11:55:11,989.5,230914
2021-06-15 11:55:14,989.5,230914
2021-06-15 11:55:16,989.05,230950
2021-06-15 11:55:19,989.05,230950
2021-06-15 11:55:22,989.45,230952
2021-06-15 11:55:25,989.45,230952
2021-06-15 11:55:27,989.45,231020
2021-06-15 11:55:30,989.05,231056
2021-06-15 11:55:33,989.05,231056
2021-06-15 11:55:38,989.45,231072
2021-06-15 11:55:41,989.45,231072
2021-06-15 11:55:44,989.45,231072
2021-06-15 11:55:47,989.1,231090
2021-06-15 11:55:50,989.05,231107
2021-06-15 11:55:55,989.05,231107
2021-06-15 11:55:57,989.45,231123
2021-06-15 11:56:01,989.05,231158
2021-06-15 11:56:04,989.05,231158
2021-06-15 11:56:06,989.05,231158
2021-06-15 11:56:09,989.45,231177
2021-06-15 11:56:13,989.45,231177
2021-06-15 11:56:15,989.05,231212
2021-06-15 11:56:18,989.45,231228
2021-06-15 11:56:24,989.45,231228
2021-06-15 11:56:29,989.45,231245
2021-06-15 11:56:32,989.05,231280
2021-06-15 11:56:35,989.05,231280
2021-06-15 11:56:38,989.45,231298
2021-06-15 11:56:40,989.45,231298
2021-06-15 11:56:43,989.45,231298
2021-06-15 11:56:46,989.05,231334
2021-06-15 11:56:49,989.45,231351
2021-06-15 11:56:52,989.45,231351
2021-06-15 11:56:55,989.45,231351
2021-06-15 11:57:00,989.45,231367
2021-06-15 11:57:02,989.15,231402
2021-06-15 11:57:04,989.15,231402
2021-06-15 11:57:07,989.15,231406
2021-06-15 11:57:10,989.15,231431
2021-06-15 11:57:14,989.15,231431
2021-06-15 11:57:18,989.45,231482
2021-06-15 11:57:21,989.45,231482
2021-06-15 11:57:28,989.45,231636
2021-06-15 11:57:31,989.45,231649
2021-06-15 11:57:34,989.15,231671
2021-06-15 11:57:37,989.15,231671
2021-06-15 11:57:40,989.5,231688
2021-06-15 11:57:43,989.5,231688
2021-06-15 11:57:46,989.15,231723
2021-06-15 11:57:48,989.5,231740
2021-06-15 11:57:51,989.5,231740
2021-06-15 11:57:55,989.5,231740
2021-06-15 11:57:58,989.5,231756
2021-06-15 11:58:01,989.15,231796
2021-06-15 11:58:04,989.15,231796
2021-06-15 11:58:06,989.25,232465
2021-06-15 11:58:09,989.65,232482
2021-06-15 11:58:12,989.65,232482
2021-06-15 11:58:16,989.25,232517
2021-06-15 11:58:19,989.65,232561
2021-06-15 11:58:21,989.65,232564
2021-06-15 11:58:24,989.2,232573
2021-06-15 11:58:26,989.2,232573
2021-06-15 11:58:29,989.95,232990
2021-06-15 11:58:31,989.3,232991
2021-06-15 11:58:33,989.2,233025
2021-06-15 11:58:36,989.2,233025
2021-06-15 11:58:38,989.65,233241
2021-06-15 11:58:41,989.65,233241
2021-06-15 11:58:43,989.25,233251
2021-06-15 11:58:46,989.25,233259
2021-06-15 11:58:48,989.6,233298
2021-06-15 11:58:51,989.6,233298
2021-06-15 11:58:53,989.6,233298
2021-06-15 11:58:55,989.6,233298
2021-06-15 11:58:57,989.6,233298
2021-06-15 11:59:00,989.8,233314
2021-06-15 11:59:02,989.45,233349
2021-06-15 11:59:05,989.45,233349
2021-06-15 11:59:07,989.45,233351
2021-06-15 11:59:09,989.85,233367
2021-06-15 11:59:14,989.85,233367
2021-06-15 11:59:16,989.5,233403
2021-06-15 11:59:18,989.55,233421
2021-06-15 11:59:23,989.55,233421
2021-06-15 11:59:26,989.55,233421
2021-06-15 11:59:28,989.55,233421
2021-06-15 11:59:31,989.9,233438
2021-06-15 11:59:33,989.55,233456
2021-06-15 11:59:36,989.55,233456
2021-06-15 11:59:38,989.9,233472
2021-06-15 11:59:43,989.55,233497
2021-06-15 11:59:45,989.55,233532
2021-06-15 11:59:48,989.9,233548
2021-06-15 11:59:51,989.9,233560
2021-06-15 11:59:53,989.9,233560
2021-06-15 11:59:56,989.9,233560
2021-06-15 11:59:58,989.95,233618
2021-06-15 12:00:01,989.55,233684
2021-06-15 12:00:04,989.55,233688
2021-06-15 12:00:07,989.55,233690
2021-06-15 12:00:09,989.9,233707
2021-06-15 12:00:12,990.0,233787
2021-06-15 12:00:14,990.0,233787
2021-06-15 12:00:17,989.55,233822
2021-06-15 12:00:20,989.95,233833
2021-06-15 12:00:23,990.0,233838
2021-06-15 12:00:25,990.25,234711
2021-06-15 12:00:28,990.65,234743
2021-06-15 12:00:30,990.65,234743
2021-06-15 12:00:32,990.25,234779
2021-06-15 12:00:35,990.75,235230
2021-06-15 12:00:37,990.8,235284
2021-06-15 12:00:40,990.8,235300
2021-06-15 12:00:42,990.8,235300
2021-06-15 12:00:44,990.8,235300
2021-06-15 12:00:46,990.85,235585
2021-06-15 12:00:48,990.85,235585
2021-06-15 12:00:50,990.85,235585
2021-06-15 12:00:53,990.85,235585
2021-06-15 12:00:55,990.85,235585
2021-06-15 12:00:58,990.4,235690
2021-06-15 12:01:01,990.0,235712
2021-06-15 12:01:04,989.85,235769
2021-06-15 12:01:07,989.75,235831
2021-06-15 12:01:09,989.75,235831
2021-06-15 12:01:11,989.75,235831
2021-06-15 12:01:14,989.75,235831
2021-06-15 12:01:17,989.75,235956
2021-06-15 12:01:20,989.6,235966
2021-06-15 12:01:23,989.6,235966
2021-06-15 12:01:25,989.6,235966
2021-06-15 12:01:28,990.0,235983
2021-06-15 12:01:30,989.7,236018
2021-06-15 12:01:34,990.0,236025
2021-06-15 12:01:37,990.0,236025
2021-06-15 12:01:40,990.0,236041
2021-06-15 12:01:43,990.0,236041
2021-06-15 12:01:46,989.8,236082
2021-06-15 12:01:49,989.75,236109
2021-06-15 12:01:52,989.75,236109
2021-06-15 12:01:54,989.75,236109
2021-06-15 12:01:57,989.75,236204
2021-06-15 12:01:59,990.0,236221
2021-06-15 12:02:02,989.8,236222
2021-06-15 12:02:05,990.0,236257
2021-06-15 12:02:07,989.75,236259
2021-06-15 12:02:10,990.0,236297
2021-06-15 12:02:12,990.0,236303
2021-06-15 12:02:16,989.75,236327
2021-06-15 12:02:22,989.7,236338
