timestamp,ltp,volume
2021-06-15 09:15:45,717.05,21836
2021-06-15 09:15:52,717.7,23117
2021-06-15 09:16:00,717.8,24977
2021-06-15 09:16:07,717.7,25803
2021-06-15 09:16:14,717.25,27650
2021-06-15 09:16:22,717.4,29198
2021-06-15 09:16:29,717.95,31729
2021-06-15 09:16:36,718.45,33033
2021-06-15 09:16:43,718.85,34847
2021-06-15 09:16:50,719.5,45896
2021-06-15 09:16:57,719.45,49558
2021-06-15 09:17:03,719.65,50740
2021-06-15 09:17:10,718.1,56365
2021-06-15 09:17:17,718.95,57971
2021-06-15 09:17:24,719.4,59459
2021-06-15 09:17:31,719.45,60799
2021-06-15 09:17:37,718.8,63566
2021-06-15 09:17:44,719.45,64964
2021-06-15 09:17:57,720.85,85484
2021-06-15 09:18:03,720.55,89130
2021-06-15 09:18:10,720.5,95594
2021-06-15 09:18:23,721.0,101063
2021-06-15 09:18:30,720.65,103150
2021-06-15 09:18:36,720.65,105729
2021-06-15 09:18:43,720.65,109076
2021-06-15 09:18:49,720.85,114486
2021-06-15 09:19:02,720.65,123733
2021-06-15 09:19:15,720.0,133133
2021-06-15 09:19:28,720.5,152068
2021-06-15 09:19:34,720.25,153100
2021-06-15 09:19:41,720.5,155019
2021-06-15 09:19:47,720.5,156410
2021-06-15 09:19:53,720.4,156925
2021-06-15 09:20:00,720.5,157717
2021-06-15 09:20:06,720.3,158429
2021-06-15 09:20:12,720.9,161838
2021-06-15 09:20:18,721.0,163084
2021-06-15 09:20:25,720.9,163802
2021-06-15 09:20:31,720.25,166320
2021-06-15 09:20:38,720.5,167426
2021-06-15 09:20:44,720.75,169505
2021-06-15 09:20:50,721.75,186910
2021-06-15 09:20:56,721.95,187859
2021-06-15 09:21:03,721.9,188758
2021-06-15 09:21:09,722.35,199761
2021-06-15 09:21:16,721.65,203949
2021-06-15 09:21:22,722.55,206012
2021-06-15 09:21:28,722.25,207420
2021-06-15 09:21:35,722.65,209094
2021-06-15 09:21:41,722.8,212527
2021-06-15 09:21:48,722.6,213436
2021-06-15 09:21:53,722.05,214941
2021-06-15 09:22:00,722.3,216996
2021-06-15 09:22:06,722.0,217740
2021-06-15 09:22:12,722.05,218798
2021-06-15 09:22:19,722.05,219329
2021-06-15 09:22:25,722.05,219879
2021-06-15 09:22:31,721.65,221425
2021-06-15 09:22:33,721.9,222040
2021-06-15 09:22:34,721.9,222310
2021-06-15 09:22:35,721.95,222806
2021-06-15 09:22:37,722.0,222831
2021-06-15 09:22:38,722.35,223388
2021-06-15 09:22:40,722.3,223559
2021-06-15 09:22:41,722.0,223747
2021-06-15 09:22:43,722.5,224871
2021-06-15 09:22:44,722.4,224877
2021-06-15 09:22:45,722.05,225268
2021-06-15 09:22:46,722.05,225540
2021-06-15 09:22:47,722.4,225785
2021-06-15 09:22:48,721.9,225939
2021-06-15 09:22:49,721.9,226191
2021-06-15 09:22:50,722.4,227191
2021-06-15 09:22:51,722.4,228201
2021-06-15 09:22:51,722.4,228201
2021-06-15 09:22:52,722.5,228886
2021-06-15 09:22:54,722.5,228986
2021-06-15 09:22:55,722.4,229136
2021-06-15 09:22:55,722.5,229161
2021-06-15 09:22:56,722.5,229422
2021-06-15 09:22:57,722.5,229477
2021-06-15 09:22:59,722.35,229882
2021-06-15 09:23:00,722.35,229893
2021-06-15 09:23:00,722.35,229894
2021-06-15 09:23:01,722.05,230097
2021-06-15 09:23:03,722.25,230762
2021-06-15 09:23:04,722.3,230763
2021-06-15 09:23:05,722.35,230883
2021-06-15 09:23:07,722.3,231315
2021-06-15 09:23:08,721.75,231565
2021-06-15 09:23:09,721.8,231693
2021-06-15 09:23:10,722.3,232073
2021-06-15 09:23:11,722.3,232173
2021-06-15 09:23:12,722.1,232194
2021-06-15 09:23:13,722.35,233046
2021-06-15 09:23:14,722.1,233085
2021-06-15 09:23:15,722.3,233385
2021-06-15 09:23:16,721.95,233467
2021-06-15 09:23:17,722.3,233554
2021-06-15 09:23:18,722.3,233559
2021-06-15 09:23:19,721.9,233690
2021-06-15 09:23:20,722.0,234378
2021-06-15 09:23:21,722.25,234439
2021-06-15 09:23:22,722.0,234983
2021-06-15 09:23:23,721.6,235233
2021-06-15 09:23:25,721.6,235486
2021-06-15 09:23:27,721.75,236083
2021-06-15 09:23:28,721.95,236110
2021-06-15 09:23:29,721.5,238098
2021-06-15 09:23:31,721.7,238197
2021-06-15 09:23:32,720.75,239344
2021-06-15 09:23:33,721.25,239628
2021-06-15 09:23:34,721.25,239700
2021-06-15 09:23:35,721.25,239711
2021-06-15 09:23:35,721.25,239741
2021-06-15 09:23:36,721.55,239761
2021-06-15 09:23:38,721.25,239835
2021-06-15 09:23:40,721.25,240012
2021-06-15 09:23:41,721.55,240172
2021-06-15 09:23:42,721.25,240194
2021-06-15 09:23:43,721.25,240226
2021-06-15 09:23:44,721.25,240396
2021-06-15 09:23:45,721.25,240396
2021-06-15 09:23:46,721.25,240396
2021-06-15 09:23:47,721.45,240397
2021-06-15 09:23:48,721.25,240467
2021-06-15 09:23:49,721.4,240473
2021-06-15 09:23:50,721.25,240526
2021-06-15 09:23:51,721.25,240581
2021-06-15 09:23:52,721.45,240738
2021-06-15 09:23:52,721.45,240738
2021-06-15 09:23:55,721.25,241003
2021-06-15 09:23:56,721.65,241066
2021-06-15 09:23:57,721.55,241096
2021-06-15 09:23:58,721.55,241096
2021-06-15 09:23:59,721.6,241106
2021-06-15 09:24:00,721.45,241162
2021-06-15 09:24:01,721.8,241244
2021-06-15 09:24:02,721.8,241446
2021-06-15 09:24:02,721.45,241477
2021-06-15 09:24:03,721.4,242013
2021-06-15 09:24:05,721.55,242576
2021-06-15 09:24:06,721.55,242656
2021-06-15 09:24:07,721.4,242756
2021-06-15 09:24:08,721.4,242756
2021-06-15 09:24:09,721.6,243089
2021-06-15 09:24:10,721.25,243149
2021-06-15 09:24:11,721.35,243687
2021-06-15 09:24:12,721.5,243787
2021-06-15 09:24:13,721.4,243808
2021-06-15 09:24:14,721.4,243992
2021-06-15 09:24:14,721.4,243992
2021-06-15 09:24:16,721.15,244349
2021-06-15 09:24:17,721.4,244534
2021-06-15 09:24:18,721.5,244634
2021-06-15 09:24:19,721.5,244634
2021-06-15 09:24:20,721.25,244715
2021-06-15 09:24:21,721.25,244715
2021-06-15 09:24:22,721.2,244743
2021-06-15 09:24:22,721.2,244743
2021-06-15 09:24:24,721.4,245005
2021-06-15 09:24:25,721.4,245005
2021-06-15 09:24:26,721.15,245167
2021-06-15 09:24:27,721.4,245201
2021-06-15 09:24:28,721.45,245266
2021-06-15 09:24:29,721.45,245266
2021-06-15 09:24:30,721.45,245517
2021-06-15 09:24:31,721.45,245517
2021-06-15 09:24:32,721.45,245542
2021-06-15 09:24:33,721.45,245542
2021-06-15 09:24:34,721.45,245642
2021-06-15 09:24:35,721.05,245653
2021-06-15 09:24:36,721.45,245711
2021-06-15 09:24:37,721.0,245910
2021-06-15 09:24:39,721.05,246064
2021-06-15 09:24:41,721.4,246405
2021-06-15 09:24:42,721.05,246415
2021-06-15 09:24:43,721.4,246537
2021-06-15 09:24:44,721.4,246537
2021-06-15 09:24:45,721.05,246581
2021-06-15 09:24:46,721.4,246704
2021-06-15 09:24:47,721.4,246827
2021-06-15 09:24:48,721.4,246831
2021-06-15 09:24:49,721.05,247174
2021-06-15 09:24:50,721.05,247224
2021-06-15 09:24:50,721.05,247224
2021-06-15 09:24:51,721.05,247266
2021-06-15 09:24:53,721.4,247302
2021-06-15 09:24:54,721.45,247351
2021-06-15 09:24:55,721.05,247753
2021-06-15 09:24:56,721.4,247865
2021-06-15 09:24:57,721.4,247877
2021-06-15 09:24:58,721.4,247887
2021-06-15 09:24:59,721.35,247894
2021-06-15 09:25:00,721.0,248394
2021-06-15 09:25:01,721.0,248424
2021-06-15 09:25:02,720.85,248508
2021-06-15 09:25:03,721.3,248618
2021-06-15 09:25:04,721.05,248658
2021-06-15 09:25:05,721.05,248698
2021-06-15 09:25:06,721.15,248870
2021-06-15 09:25:07,720.75,248871
2021-06-15 09:25:08,720.75,248913
2021-06-15 09:25:09,720.6,250060
2021-06-15 09:25:10,720.6,250060
2021-06-15 09:25:11,720.6,250080
2021-06-15 09:25:12,720.3,250246
2021-06-15 09:25:13,720.5,250348
2021-06-15 09:25:14,720.0,252578
2021-06-15 09:25:15,720.35,252620
2021-06-15 09:25:16,720.35,252645
2021-06-15 09:25:17,720.35,252675
2021-06-15 09:25:18,720.0,252699
2021-06-15 09:25:19,720.35,252749
2021-06-15 09:25:20,720.25,253157
2021-06-15 09:25:21,720.0,253657
2021-06-15 09:25:22,720.3,253707
2021-06-15 09:25:23,720.25,253755
2021-06-15 09:25:24,720.25,253755
2021-06-15 09:25:25,720.3,253767
2021-06-15 09:25:26,720.3,253847
2021-06-15 09:25:29,720.25,254855
2021-06-15 09:25:30,720.25,254855
2021-06-15 09:25:31,720.05,254911
2021-06-15 09:25:32,720.5,255035
2021-06-15 09:25:33,720.5,255035
2021-06-15 09:25:34,720.1,255102
2021-06-15 09:25:35,720.5,255107
2021-06-15 09:25:36,720.5,255107
2021-06-15 09:25:37,720.25,255113
2021-06-15 09:25:38,720.25,255113
2021-06-15 09:25:39,720.25,255117
2021-06-15 09:25:40,720.5,255131
2021-06-15 09:25:41,720.35,255150
2021-06-15 09:25:42,720.35,255200
2021-06-15 09:25:43,720.35,255200
2021-06-15 09:25:44,720.35,255401
2021-06-15 09:25:45,720.35,255572
2021-06-15 09:25:46,720.5,255573
2021-06-15 09:25:47,720.05,256123
2021-06-15 09:25:48,720.4,256152
2021-06-15 09:25:49,720.5,256952
2021-06-15 09:25:50,720.5,256952
2021-06-15 09:25:51,720.5,257003
2021-06-15 09:25:52,720.5,257206
2021-06-15 09:25:53,720.5,257206
2021-06-15 09:25:54,720.35,257308
2021-06-15 09:25:55,720.5,257333
2021-06-15 09:25:56,720.5,257338
2021-06-15 09:25:57,720.5,257338
2021-06-15 09:25:58,720.5,257818
2021-06-15 09:26:01,720.5,258158
2021-06-15 09:26:03,720.9,258259
2021-06-15 09:26:02,720.9,258259
2021-06-15 09:26:04,721.0,258415
2021-06-15 09:26:05,721.0,258415
2021-06-15 09:26:06,721.05,258416
2021-06-15 09:26:08,721.05,258596
2021-06-15 09:26:09,721.25,258646
2021-06-15 09:26:10,721.25,258646
2021-06-15 09:26:11,721.3,258778
2021-06-15 09:26:12,721.05,259278
2021-06-15 09:26:13,721.05,259524
2021-06-15 09:26:14,721.0,260772
2021-06-15 09:26:15,721.0,260773
2021-06-15 09:26:16,721.35,260803
2021-06-15 09:26:17,721.35,260803
2021-06-15 09:26:18,721.05,260864
2021-06-15 09:26:20,721.3,261261
2021-06-15 09:26:22,721.0,261995
2021-06-15 09:26:23,720.85,262067
2021-06-15 09:26:24,721.25,262167
2021-06-15 09:26:25,720.9,262217
2021-06-15 09:26:26,720.9,262227
2021-06-15 09:26:27,721.25,262252
2021-06-15 09:26:28,720.8,262525
2021-06-15 09:26:29,721.0,262703
2021-06-15 09:26:30,721.0,262837
2021-06-15 09:26:31,721.35,262879
2021-06-15 09:26:33,721.0,262990
2021-06-15 09:26:34,721.35,263022
2021-06-15 09:26:35,721.0,263243
2021-06-15 09:26:36,721.0,263243
2021-06-15 09:26:37,721.2,263329
2021-06-15 09:26:38,721.4,263383
2021-06-15 09:26:39,721.4,263433
2021-06-15 09:26:40,721.35,263546
2021-06-15 09:26:41,721.2,263597
2021-06-15 09:26:42,721.2,263700
2021-06-15 09:26:43,721.2,263836
2021-06-15 09:26:44,720.45,265238
2021-06-15 09:26:45,720.65,265240
2021-06-15 09:26:46,720.55,265322
2021-06-15 09:26:47,721.0,265472
2021-06-15 09:26:48,720.5,265523
2021-06-15 09:26:49,721.0,265594
2021-06-15 09:26:50,721.25,266673
2021-06-15 09:26:52,721.25,266673
2021-06-15 09:26:53,720.85,266816
2021-06-15 09:26:54,721.2,266817
2021-06-15 09:26:55,721.25,266822
2021-06-15 09:26:56,721.25,266834
2021-06-15 09:26:57,720.85,266854
2021-06-15 09:26:58,720.85,266892
2021-06-15 09:26:59,721.25,266919
2021-06-15 09:27:00,721.25,266948
2021-06-15 09:27:01,721.25,267048
2021-06-15 09:27:02,720.85,267094
2021-06-15 09:27:03,720.85,267094
2021-06-15 09:27:04,721.0,267119
2021-06-15 09:27:05,720.9,267306
2021-06-15 09:27:06,721.25,267317
2021-06-15 09:27:07,721.0,267363
2021-06-15 09:27:08,721.25,267448
2021-06-15 09:27:09,721.25,267473
2021-06-15 09:27:10,721.25,267498
2021-06-15 09:27:11,721.25,267498
2021-06-15 09:27:12,721.0,267890
2021-06-15 09:27:13,721.0,268096
2021-06-15 09:27:14,720.9,268136
2021-06-15 09:27:15,721.25,268157
2021-06-15 09:27:16,721.4,268196
2021-06-15 09:27:18,721.25,268488
2021-06-15 09:27:18,721.4,268498
2021-06-15 09:27:19,721.1,268550
2021-06-15 09:27:20,721.25,268582
2021-06-15 09:27:21,721.35,268592
2021-06-15 09:27:22,721.25,268612
2021-06-15 09:27:23,721.25,268660
2021-06-15 09:27:24,721.0,268680
2021-06-15 09:27:25,721.0,268680
2021-06-15 09:27:26,721.0,268742
2021-06-15 09:27:27,721.0,268763
2021-06-15 09:27:28,721.0,268763
2021-06-15 09:27:29,721.0,268788
2021-06-15 09:27:30,721.0,268979
2021-06-15 09:27:31,721.0,269234
2021-06-15 09:27:32,721.4,269434
2021-06-15 09:27:33,721.4,269644
2021-06-15 09:27:34,721.4,269644
2021-06-15 09:27:35,721.4,269938
2021-06-15 09:27:36,721.55,272326
2021-06-15 09:27:37,721.95,273032
2021-06-15 09:27:39,722.2,274572
2021-06-15 09:27:39,722.2,274572
2021-06-15 09:27:40,722.2,274579
2021-06-15 09:27:41,722.25,274878
2021-06-15 09:27:43,722.25,274878
2021-06-15 09:27:43,722.25,274950
2021-06-15 09:27:44,722.1,275010
2021-06-15 09:27:45,722.1,275260
2021-06-15 09:27:46,722.25,275366
2021-06-15 09:27:48,722.5,278707
2021-06-15 09:27:48,722.5,278707
2021-06-15 09:27:49,722.55,279127
2021-06-15 09:27:50,722.3,279168
2021-06-15 09:27:51,722.6,279484
2021-06-15 09:27:53,722.5,279708
2021-06-15 09:27:54,722.3,279763
2021-06-15 09:27:56,722.25,279870
2021-06-15 09:27:56,722.5,279882
2021-06-15 09:27:57,722.7,279973
2021-06-15 09:27:58,722.45,280007
2021-06-15 09:27:59,722.7,280127
2021-06-15 09:28:00,722.5,280150
2021-06-15 09:28:01,722.7,280168
2021-06-15 09:28:02,722.7,280178
2021-06-15 09:28:03,722.7,280178
2021-06-15 09:28:04,722.85,280978
2021-06-15 09:28:05,722.7,281029
2021-06-15 09:28:06,722.7,281029
2021-06-15 09:28:07,722.35,281214
2021-06-15 09:28:08,722.7,281294
2021-06-15 09:28:09,722.7,281349
2021-06-15 09:28:10,722.7,281349
2021-06-15 09:28:11,722.85,281400
2021-06-15 09:28:12,722.7,281721
2021-06-15 09:28:13,722.7,281791
2021-06-15 09:28:14,722.7,281826
2021-06-15 09:28:15,722.95,282333
2021-06-15 09:28:16,722.7,283799
2021-06-15 09:28:17,722.85,283894
2021-06-15 09:28:18,722.9,290657
2021-06-15 09:28:19,722.85,290709
2021-06-15 09:28:20,722.85,290709
2021-06-15 09:28:21,722.9,291535
2021-06-15 09:28:22,722.45,292136
2021-06-15 09:28:23,722.65,292823
2021-06-15 09:28:24,722.65,293834
2021-06-15 09:28:25,722.3,294062
2021-06-15 09:28:26,722.3,294062
2021-06-15 09:28:27,722.5,294362
2021-06-15 09:28:28,722.25,294392
2021-06-15 09:28:29,722.6,294417
2021-06-15 09:28:30,722.15,294686
2021-06-15 09:28:31,722.45,295176
2021-06-15 09:28:33,722.65,295215
2021-06-15 09:28:34,722.5,295288
2021-06-15 09:28:35,722.5,295338
2021-06-15 09:28:37,722.1,295350
2021-06-15 09:28:37,722.1,295350
2021-06-15 09:28:38,722.1,295350
2021-06-15 09:28:39,722.1,295350
2021-06-15 09:28:40,722.5,295370
2021-06-15 09:28:41,722.5,295376
2021-06-15 09:28:42,722.5,295376
2021-06-15 09:28:43,722.5,295379
2021-06-15 09:28:44,722.15,295389
2021-06-15 09:28:46,722.15,295890
2021-06-15 09:28:47,722.5,295897
2021-06-15 09:28:48,722.5,295897
2021-06-15 09:28:49,722.7,296114
2021-06-15 09:28:50,722.7,296318
2021-06-15 09:28:51,722.4,296792
2021-06-15 09:28:52,722.4,296792
2021-06-15 09:28:52,722.7,296812
2021-06-15 09:28:54,722.5,297150
2021-06-15 09:28:55,722.5,297150
2021-06-15 09:28:56,722.75,297156
2021-06-15 09:28:57,722.5,297526
2021-06-15 09:28:59,722.5,298563
2021-06-15 09:29:00,722.55,299678
2021-06-15 09:29:01,722.7,299728
2021-06-15 09:29:02,722.6,300449
2021-06-15 09:29:03,722.3,300729
2021-06-15 09:29:03,722.2,300739
2021-06-15 09:29:04,722.0,301048
2021-06-15 09:29:05,722.2,301058
2021-06-15 09:29:06,722.25,301218
2021-06-15 09:29:07,722.25,301227
2021-06-15 09:29:08,722.25,301662
2021-06-15 09:29:09,722.25,301662
2021-06-15 09:29:10,722.2,302312
2021-06-15 09:29:11,722.2,302312
2021-06-15 09:29:12,722.5,302318
2021-06-15 09:29:13,722.5,302518
2021-06-15 09:29:15,722.8,302538
2021-06-15 09:29:15,722.8,302561
2021-06-15 09:29:16,722.55,303114
2021-06-15 09:29:17,722.55,303114
2021-06-15 09:29:18,722.55,303119
2021-06-15 09:29:19,722.95,303139
2021-06-15 09:29:20,722.5,303263
2021-06-15 09:29:21,722.5,303285
2021-06-15 09:29:22,722.8,303326
2021-06-15 09:29:23,722.8,303326
2021-06-15 09:29:24,722.5,303426
2021-06-15 09:29:25,722.8,303486
2021-06-15 09:29:26,722.8,304084
2021-06-15 09:29:27,722.5,304106
2021-06-15 09:29:28,722.5,304286
2021-06-15 09:29:30,722.45,304655
2021-06-15 09:29:31,722.6,304665
2021-06-15 09:29:31,722.6,304665
2021-06-15 09:29:32,722.6,304665
2021-06-15 09:29:34,722.7,304710
2021-06-15 09:29:35,722.25,305265
2021-06-15 09:29:36,722.55,305524
2021-06-15 09:29:37,722.55,305585
2021-06-15 09:29:38,722.55,305585
2021-06-15 09:29:39,722.55,305585
2021-06-15 09:29:40,722.55,305585
2021-06-15 09:29:41,722.8,305935
2021-06-15 09:29:42,722.8,305935
2021-06-15 09:29:43,722.8,305935
2021-06-15 09:29:44,722.45,306140
2021-06-15 09:29:45,722.5,306146
2021-06-15 09:29:46,722.75,306231
2021-06-15 09:29:47,722.5,306331
2021-06-15 09:29:49,722.5,306386
2021-06-15 09:29:50,722.5,306386
2021-06-15 09:29:51,722.8,306946
2021-06-15 09:29:52,722.5,307599
2021-06-15 09:29:53,722.6,307637
2021-06-15 09:29:56,722.35,307682
2021-06-15 09:29:57,722.35,307682
2021-06-15 09:29:59,722.75,307903
2021-06-15 09:30:00,722.75,308043
2021-06-15 09:30:01,722.75,308043
2021-06-15 09:30:02,722.75,308049
2021-06-15 09:30:03,722.75,308225
2021-06-15 09:30:04,722.75,308275
2021-06-15 09:30:05,722.75,308275
2021-06-15 09:30:05,722.75,308287
2021-06-15 09:30:07,722.8,309305
2021-06-15 09:30:08,722.8,309368
2021-06-15 09:30:08,722.8,309387
2021-06-15 09:30:09,722.5,309739
2021-06-15 09:30:10,722.7,309841
2021-06-15 09:30:11,722.5,310066
2021-06-15 09:30:12,722.95,311317
2021-06-15 09:30:13,722.8,311432
2021-06-15 09:30:14,722.95,311485
2021-06-15 09:30:15,722.95,311485
2021-06-15 09:30:16,723.0,311880
2021-06-15 09:30:17,723.0,311935
2021-06-15 09:30:18,723.0,312470
2021-06-15 09:30:19,723.0,312481
2021-06-15 09:30:20,722.8,312531
2021-06-15 09:30:21,723.05,312682
2021-06-15 09:30:22,722.8,312733
2021-06-15 09:30:23,722.8,313977
2021-06-15 09:30:24,723.4,315285
2021-06-15 09:30:25,723.5,315952
2021-06-15 09:30:26,723.5,316187
2021-06-15 09:30:28,723.8,317275
2021-06-15 09:30:29,723.65,318559
2021-06-15 09:30:30,723.85,318612
2021-06-15 09:30:31,723.85,318920
2021-06-15 09:30:32,723.85,319204
2021-06-15 09:30:33,723.4,320704
2021-06-15 09:30:34,723.45,321955
2021-06-15 09:30:35,723.8,322032
2021-06-15 09:30:36,723.85,322352
2021-06-15 09:30:37,723.85,322626
2021-06-15 09:30:38,723.85,322744
2021-06-15 09:30:39,723.65,328478
2021-06-15 09:30:40,723.85,328866
2021-06-15 09:30:41,723.55,329151
2021-06-15 09:30:42,723.85,329951
2021-06-15 09:30:43,723.85,331682
2021-06-15 09:30:44,723.9,331868
2021-06-15 09:30:45,723.8,332156
2021-06-15 09:30:46,723.95,333156
2021-06-15 09:30:47,723.8,334261
2021-06-15 09:30:47,723.8,334261
2021-06-15 09:30:48,724.0,334787
2021-06-15 09:30:49,724.0,335284
2021-06-15 09:30:50,723.95,335820
2021-06-15 09:30:51,724.0,335822
2021-06-15 09:30:52,723.8,335939
2021-06-15 09:30:54,724.0,336596
2021-06-15 09:30:56,723.95,336934
2021-06-15 09:30:58,724.0,336941
2021-06-15 09:30:58,724.0,337286
2021-06-15 09:31:00,723.75,337567
2021-06-15 09:31:01,723.45,339419
2021-06-15 09:31:01,723.5,339545
2021-06-15 09:31:02,723.85,340556
2021-06-15 09:31:03,723.9,340687
2021-06-15 09:31:04,723.5,340895
2021-06-15 09:31:05,723.5,341166
2021-06-15 09:31:06,723.35,341311
2021-06-15 09:31:08,723.35,341491
2021-06-15 09:31:09,723.45,341566
2021-06-15 09:31:10,723.75,341677
2021-06-15 09:31:12,723.7,342001
2021-06-15 09:31:13,723.25,342322
2021-06-15 09:31:13,723.7,342332
2021-06-15 09:31:14,723.0,343356
2021-06-15 09:31:15,723.45,343457
2021-06-15 09:31:16,723.65,343773
2021-06-15 09:31:17,723.5,344152
2021-06-15 09:31:18,723.25,346159
2021-06-15 09:31:19,723.2,346284
2021-06-15 09:31:20,723.0,347939
2021-06-15 09:31:21,722.95,348033
2021-06-15 09:31:22,723.05,348350
2021-06-15 09:31:23,722.55,348709
2021-06-15 09:31:24,723.0,349077
2021-06-15 09:31:26,722.45,351233
2021-06-15 09:31:27,722.25,355039
2021-06-15 09:31:28,721.6,356266
2021-06-15 09:31:29,721.95,356300
2021-06-15 09:31:30,721.5,356658
2021-06-15 09:31:30,721.5,356658
2021-06-15 09:31:31,721.75,356778
2021-06-15 09:31:32,721.65,356888
2021-06-15 09:31:34,722.25,357053
2021-06-15 09:31:36,722.65,358381
2021-06-15 09:31:37,722.25,358386
2021-06-15 09:31:38,722.0,359577
2021-06-15 09:31:39,722.15,359774
2021-06-15 09:31:40,722.15,359948
2021-06-15 09:31:40,722.15,360055
2021-06-15 09:31:41,722.35,360177
2021-06-15 09:31:42,722.45,360504
2021-06-15 09:31:43,722.7,361787
2021-06-15 09:31:44,722.75,361807
2021-06-15 09:31:45,722.4,361814
2021-06-15 09:31:46,722.5,361912
2021-06-15 09:31:48,722.2,362104
2021-06-15 09:31:48,722.65,362756
2021-06-15 09:31:49,722.0,362931
2021-06-15 09:31:50,722.45,363257
2021-06-15 09:31:51,722.45,363257
2021-06-15 09:31:52,722.5,363301
2021-06-15 09:31:53,722.5,363301
2021-06-15 09:31:55,722.65,363377
2021-06-15 09:31:56,722.65,363508
2021-06-15 09:31:57,722.65,363618
2021-06-15 09:31:58,722.65,363633
2021-06-15 09:31:59,723.2,364733
2021-06-15 09:32:00,723.25,365339
2021-06-15 09:32:01,723.25,365339
2021-06-15 09:32:02,722.8,365544
2021-06-15 09:32:03,722.8,365565
2021-06-15 09:32:04,722.65,365808
2021-06-15 09:32:05,722.5,367589
2021-06-15 09:32:06,722.85,367710
2021-06-15 09:32:07,722.4,367757
2021-06-15 09:32:08,723.0,368592
2021-06-15 09:32:09,723.0,368868
2021-06-15 09:32:10,723.0,369262
2021-06-15 09:32:11,722.4,369297
2021-06-15 09:32:12,722.35,370822
2021-06-15 09:32:13,722.25,370992
2021-06-15 09:32:14,722.7,371002
2021-06-15 09:32:15,722.7,371004
2021-06-15 09:32:16,722.6,371465
2021-06-15 09:32:17,722.65,371547
2021-06-15 09:32:18,722.65,371642
2021-06-15 09:32:19,722.5,371672
2021-06-15 09:32:20,722.5,371706
2021-06-15 09:32:21,722.5,371734
2021-06-15 09:32:22,722.5,371838
2021-06-15 09:32:23,722.5,371838
2021-06-15 09:32:24,722.25,371848
2021-06-15 09:32:25,721.7,374813
2021-06-15 09:32:26,721.8,374823
2021-06-15 09:32:27,721.7,374876
2021-06-15 09:32:28,721.7,374876
2021-06-15 09:32:29,721.95,374957
2021-06-15 09:32:30,721.65,374978
2021-06-15 09:32:31,721.9,375122
2021-06-15 09:32:32,721.95,375127
2021-06-15 09:32:33,722.0,375278
2021-06-15 09:32:33,721.7,375299
2021-06-15 09:32:34,721.7,375309
2021-06-15 09:32:35,721.7,375329
2021-06-15 09:32:36,721.7,375439
2021-06-15 09:32:37,722.0,375480
2021-06-15 09:32:39,721.7,375532
2021-06-15 09:32:40,722.0,375796
2021-06-15 09:32:41,721.7,375864
2021-06-15 09:32:42,721.6,377786
2021-06-15 09:32:43,722.0,378086
2021-06-15 09:32:44,722.0,378108
2021-06-15 09:32:46,722.0,378108
2021-06-15 09:32:47,722.0,378208
2021-06-15 09:32:48,722.0,378208
2021-06-15 09:32:49,721.7,378225
2021-06-15 09:32:50,721.95,378370
2021-06-15 09:32:51,721.65,378739
2021-06-15 09:32:52,721.65,378739
2021-06-15 09:32:53,721.15,380619
2021-06-15 09:32:53,721.6,380639
2021-06-15 09:32:54,721.2,381239
2021-06-15 09:32:56,721.6,381242
2021-06-15 09:32:57,721.5,381255
2021-06-15 09:32:58,721.2,381362
2021-06-15 09:32:58,721.2,381362
2021-06-15 09:32:59,721.2,381416
2021-06-15 09:33:00,721.6,381718
2021-06-15 09:33:01,721.6,381728
2021-06-15 09:33:02,721.6,381728
2021-06-15 09:33:03,721.2,381886
2021-06-15 09:33:05,721.1,382350
2021-06-15 09:33:06,721.1,382350
2021-06-15 09:33:07,721.55,382396
2021-06-15 09:33:08,721.55,382396
2021-06-15 09:33:09,721.6,382677
2021-06-15 09:33:09,721.6,382677
2021-06-15 09:33:10,721.55,383113
2021-06-15 09:33:11,721.6,383262
2021-06-15 09:33:12,721.6,383262
2021-06-15 09:33:13,721.8,383462
2021-06-15 09:33:14,721.5,383472
2021-06-15 09:33:15,721.55,383672
2021-06-15 09:33:16,721.55,383672
2021-06-15 09:33:17,721.55,383684
2021-06-15 09:33:18,721.6,383706
2021-06-15 09:33:19,721.55,383716
2021-06-15 09:33:20,721.55,383716
2021-06-15 09:33:21,721.6,383719
2021-06-15 09:33:22,721.8,383769
2021-06-15 09:33:24,721.9,383854
2021-06-15 09:33:26,721.55,383887
2021-06-15 09:33:27,721.55,383898
2021-06-15 09:33:28,721.55,384033
2021-06-15 09:33:29,721.95,384106
2021-06-15 09:33:30,721.6,384124
2021-06-15 09:33:31,721.6,384124
2021-06-15 09:33:32,721.6,384145
2021-06-15 09:33:33,721.6,384156
2021-06-15 09:33:33,722.0,384176
2021-06-15 09:33:34,722.0,384181
2021-06-15 09:33:35,722.0,384264
2021-06-15 09:33:37,722.0,384264
2021-06-15 09:33:38,722.0,384293
2021-06-15 09:33:39,721.8,384373
2021-06-15 09:33:40,722.0,384425
2021-06-15 09:33:41,722.0,384555
2021-06-15 09:33:42,722.0,385255
2021-06-15 09:33:43,721.8,385265
2021-06-15 09:33:43,721.8,385265
2021-06-15 09:33:44,721.8,385515
2021-06-15 09:33:45,721.8,385515
2021-06-15 09:33:46,721.8,385527
2021-06-15 09:33:47,721.8,385527
2021-06-15 09:33:48,721.8,385770
2021-06-15 09:33:49,721.95,385775
2021-06-15 09:33:50,721.85,385860
2021-06-15 09:33:51,721.95,385875
2021-06-15 09:33:52,721.85,386157
2021-06-15 09:33:54,721.95,386265
2021-06-15 09:33:55,721.95,386355
2021-06-15 09:33:56,721.95,387078
2021-06-15 09:33:57,721.95,387098
2021-06-15 09:33:58,721.95,387098
2021-06-15 09:33:59,721.9,387381
2021-06-15 09:34:00,721.85,387386
2021-06-15 09:34:00,721.95,387486
2021-06-15 09:34:02,722.0,387556
2021-06-15 09:34:03,722.0,387869
2021-06-15 09:34:04,721.6,387907
2021-06-15 09:34:05,721.85,387912
2021-06-15 09:34:06,721.85,387932
2021-06-15 09:34:06,721.85,387932
2021-06-15 09:34:07,721.85,387989
2021-06-15 09:34:08,721.85,387989
2021-06-15 09:34:09,721.6,388004
2021-06-15 09:34:10,721.85,388029
2021-06-15 09:34:12,721.85,388029
2021-06-15 09:34:13,721.85,388085
2021-06-15 09:34:14,721.6,388096
2021-06-15 09:34:15,721.65,388737
2021-06-15 09:34:16,721.65,388856
2021-06-15 09:34:17,721.95,388910
2021-06-15 09:34:18,721.95,388910
2021-06-15 09:34:18,721.9,389025
2021-06-15 09:34:19,722.0,390105
2021-06-15 09:34:20,722.0,390105
2021-06-15 09:34:21,722.0,390165
2021-06-15 09:34:23,722.0,390226
2021-06-15 09:34:24,722.0,390531
2021-06-15 09:34:25,721.7,390533
2021-06-15 09:34:26,722.0,390599
2021-06-15 09:34:26,721.7,390649
2021-06-15 09:34:28,722.0,390651
2021-06-15 09:34:29,722.0,390651
2021-06-15 09:34:30,722.0,390651
2021-06-15 09:34:31,722.0,390656
2021-06-15 09:34:32,722.0,390665
2021-06-15 09:34:32,722.0,390665
2021-06-15 09:34:33,721.65,390675
2021-06-15 09:34:35,721.65,390829
2021-06-15 09:34:35,721.7,390844
2021-06-15 09:34:36,722.1,390974
2021-06-15 09:34:38,722.1,390974
2021-06-15 09:34:38,721.7,390983
2021-06-15 09:34:39,721.7,390983
2021-06-15 09:34:41,721.75,391013
2021-06-15 09:34:42,721.75,391013
2021-06-15 09:34:43,721.75,391013
2021-06-15 09:34:44,721.75,391024
2021-06-15 09:34:45,721.75,391056
2021-06-15 09:34:46,722.1,391126
2021-06-15 09:34:46,722.1,391126
2021-06-15 09:34:48,721.75,391137
2021-06-15 09:34:49,721.75,391237
2021-06-15 09:34:50,722.15,391337
2021-06-15 09:34:51,722.15,391349
2021-06-15 09:34:52,722.15,391349
2021-06-15 09:34:53,722.0,391361
2021-06-15 09:34:53,722.0,391361
2021-06-15 09:34:54,722.0,391518
2021-06-15 09:34:56,722.0,391537
2021-06-15 09:34:57,722.0,391537
2021-06-15 09:34:58,722.0,391544
2021-06-15 09:34:59,722.0,391644
2021-06-15 09:35:00,722.0,391644
2021-06-15 09:35:01,722.0,391644
2021-06-15 09:35:02,721.75,392109
2021-06-15 09:35:03,721.7,392589
2021-06-15 09:35:04,722.0,392614
2021-06-15 09:35:05,722.0,392614
2021-06-15 09:35:06,722.0,392784
2021-06-15 09:35:06,721.9,392836
2021-06-15 09:35:07,721.9,392926
2021-06-15 09:35:08,721.75,393452
2021-06-15 09:35:09,721.55,393454
2021-06-15 09:35:10,721.55,393454
2021-06-15 09:35:11,721.55,393454
2021-06-15 09:35:13,721.5,393589
2021-06-15 09:35:13,721.75,393599
2021-06-15 09:35:14,721.75,394823
2021-06-15 09:35:15,721.65,394893
2021-06-15 09:35:17,721.65,394966
2021-06-15 09:35:18,721.65,394966
2021-06-15 09:35:19,721.75,394971
2021-06-15 09:35:20,721.75,394971
2021-06-15 09:35:21,721.9,394974
2021-06-15 09:35:22,721.9,395149
2021-06-15 09:35:23,721.75,395150
2021-06-15 09:35:24,722.0,395251
2021-06-15 09:35:25,721.75,395313
2021-06-15 09:35:27,721.75,395385
2021-06-15 09:35:28,721.75,395385
2021-06-15 09:35:29,721.75,395485
2021-06-15 09:35:30,721.75,395485
2021-06-15 09:35:31,722.0,395501
2021-06-15 09:35:32,722.0,395559
2021-06-15 09:35:33,722.0,395616
2021-06-15 09:35:34,721.75,395821
2021-06-15 09:35:34,722.0,395911
2021-06-15 09:35:35,722.0,395911
2021-06-15 09:35:36,722.0,396014
2021-06-15 09:35:37,722.0,396014
2021-06-15 09:35:39,722.1,397900
2021-06-15 09:35:41,722.05,398846
2021-06-15 09:35:42,722.05,398846
2021-06-15 09:35:43,722.05,398846
2021-06-15 09:35:45,722.1,399398
2021-06-15 09:35:47,721.55,403023
2021-06-15 09:35:48,721.55,403272
2021-06-15 09:35:49,721.55,403272
2021-06-15 09:35:50,721.55,403272
2021-06-15 09:35:51,721.55,403575
2021-06-15 09:35:52,721.3,418290
2021-06-15 09:35:53,721.25,418369
2021-06-15 09:35:54,720.9,418409
2021-06-15 09:35:55,721.3,418410
2021-06-15 09:35:56,721.0,418810
2021-06-15 09:35:57,721.05,418960
2021-06-15 09:35:58,721.25,419108
2021-06-15 09:35:59,721.25,419158
2021-06-15 09:36:00,720.75,419283
2021-06-15 09:36:01,721.0,419358
2021-06-15 09:36:02,720.8,419558
2021-06-15 09:36:03,721.0,419568
2021-06-15 09:36:04,721.0,419568
2021-06-15 09:36:05,721.0,419623
2021-06-15 09:36:06,721.0,419723
2021-06-15 09:36:07,720.65,420078
2021-06-15 09:36:08,721.0,420108
2021-06-15 09:36:09,721.0,420108
2021-06-15 09:36:10,720.95,421273
2021-06-15 09:36:11,720.5,421433
2021-06-15 09:36:12,720.3,421543
2021-06-15 09:36:13,720.3,421543
2021-06-15 09:36:14,720.15,421750
2021-06-15 09:36:15,720.1,422020
2021-06-15 09:36:16,720.1,422020
2021-06-15 09:36:17,720.6,423163
2021-06-15 09:36:19,720.55,423740
2021-06-15 09:36:20,720.7,424888
2021-06-15 09:36:21,721.1,424903
2021-06-15 09:36:22,720.85,425138
2021-06-15 09:36:23,720.85,425215
2021-06-15 09:36:24,721.3,425265
2021-06-15 09:36:25,721.3,425265
2021-06-15 09:36:26,720.85,425301
2021-06-15 09:36:27,720.65,426319
2021-06-15 09:36:28,720.75,426409
2021-06-15 09:36:29,720.75,426487
2021-06-15 09:36:30,720.7,426502
2021-06-15 09:36:31,720.7,426502
2021-06-15 09:36:32,721.0,426579
2021-06-15 09:36:33,721.0,426579
2021-06-15 09:36:34,720.6,426679
2021-06-15 09:36:35,720.5,426779
2021-06-15 09:36:36,720.9,426829
2021-06-15 09:36:37,720.85,426903
2021-06-15 09:36:38,720.85,426903
2021-06-15 09:36:39,720.85,426903
2021-06-15 09:36:40,720.5,426973
2021-06-15 09:36:41,720.5,426973
2021-06-15 09:36:42,720.5,426983
2021-06-15 09:36:43,720.5,426983
2021-06-15 09:36:44,720.5,427033
2021-06-15 09:36:45,720.7,427064
2021-06-15 09:36:46,720.7,427087
2021-06-15 09:36:47,720.7,427093
2021-06-15 09:36:48,720.7,427093
2021-06-15 09:36:49,720.7,427168
2021-06-15 09:36:50,720.7,427168
2021-06-15 09:36:51,720.7,427268
2021-06-15 09:36:52,720.7,427318
2021-06-15 09:36:53,720.5,427568
2021-06-15 09:36:54,720.5,427568
2021-06-15 09:36:55,720.7,427648
2021-06-15 09:36:56,720.7,427674
2021-06-15 09:36:57,720.7,427674
2021-06-15 09:36:58,720.7,427674
2021-06-15 09:36:59,720.7,427674
2021-06-15 09:37:00,720.85,427699
2021-06-15 09:37:01,720.85,427739
2021-06-15 09:37:02,720.9,427859
2021-06-15 09:37:03,720.9,427859
2021-06-15 09:37:04,720.7,427863
2021-06-15 09:37:05,720.5,428263
2021-06-15 09:37:06,720.5,428263
2021-06-15 09:37:07,720.85,428305
2021-06-15 09:37:08,720.95,428805
2021-06-15 09:37:09,720.6,428830
2021-06-15 09:37:10,721.0,429244
2021-06-15 09:37:11,721.65,429574
2021-06-15 09:37:12,721.65,429574
2021-06-15 09:37:13,721.25,429674
2021-06-15 09:37:14,721.4,429679
2021-06-15 09:37:15,721.95,429705
2021-06-15 09:37:16,721.95,429705
2021-06-15 09:37:17,721.6,429845
2021-06-15 09:37:18,722.0,429855
2021-06-15 09:37:19,722.0,429855
2021-06-15 09:37:20,722.0,429872
2021-06-15 09:37:21,722.0,429872
2021-06-15 09:37:22,722.0,429872
2021-06-15 09:37:23,722.0,429922
2021-06-15 09:37:24,722.0,430050
2021-06-15 09:37:25,722.0,430151
2021-06-15 09:37:27,721.8,430216
2021-06-15 09:37:28,721.8,430216
2021-06-15 09:37:29,721.8,430216
2021-06-15 09:37:30,722.0,430266
2021-06-15 09:37:31,722.0,430266
2021-06-15 09:37:32,722.0,430368
2021-06-15 09:37:33,722.0,430375
2021-06-15 09:37:34,722.0,430375
2021-06-15 09:37:35,722.0,430385
2021-06-15 09:37:36,721.8,430396
2021-06-15 09:37:37,722.0,430420
2021-06-15 09:37:38,722.0,430420
2021-06-15 09:37:39,721.8,430435
2021-06-15 09:37:40,722.0,430559
2021-06-15 09:37:41,721.8,430659
2021-06-15 09:37:42,722.0,430794
2021-06-15 09:37:44,722.0,431570
2021-06-15 09:37:45,722.0,431570
2021-06-15 09:37:46,721.8,431690
2021-06-15 09:37:47,721.8,431726
2021-06-15 09:37:48,721.8,431726
2021-06-15 09:37:49,722.15,433041
2021-06-15 09:37:50,722.1,433061
2021-06-15 09:37:51,722.1,433061
2021-06-15 09:37:52,722.1,433061
2021-06-15 09:37:53,722.0,433071
2021-06-15 09:37:54,721.85,433131
2021-06-15 09:37:55,722.05,433361
2021-06-15 09:37:56,722.05,433361
2021-06-15 09:37:57,722.05,433361
2021-06-15 09:37:58,722.35,433379
2021-06-15 09:37:59,722.35,433742
2021-06-15 09:38:00,722.35,433757
2021-06-15 09:38:01,722.0,433796
2021-06-15 09:38:02,721.95,433901
2021-06-15 09:38:03,721.95,433926
2021-06-15 09:38:04,721.95,433926
2021-06-15 09:38:05,721.95,433926
2021-06-15 09:38:06,722.0,434026
2021-06-15 09:38:08,721.85,434277
2021-06-15 09:38:09,721.85,434277
2021-06-15 09:38:10,721.85,434277
2021-06-15 09:38:10,722.0,434290
2021-06-15 09:38:11,722.25,434510
2021-06-15 09:38:13,721.9,435286
2021-06-15 09:38:12,722.0,435011
2021-06-15 09:38:14,722.0,435331
2021-06-15 09:38:16,722.0,435422
2021-06-15 09:38:17,722.0,435433
2021-06-15 09:38:18,722.0,435464
2021-06-15 09:38:18,722.35,435583
2021-06-15 09:38:20,722.35,435770
2021-06-15 09:38:20,722.35,435770
2021-06-15 09:38:22,722.35,435771
2021-06-15 09:38:23,722.35,435771
2021-06-15 09:38:24,722.0,435871
2021-06-15 09:38:26,722.3,435914
2021-06-15 09:38:26,722.3,435914
2021-06-15 09:38:28,722.3,436644
2021-06-15 09:38:29,722.3,436644
2021-06-15 09:38:29,722.35,436744
2021-06-15 09:38:30,722.3,436772
2021-06-15 09:38:31,722.3,436772
2021-06-15 09:38:33,722.3,436772
2021-06-15 09:38:33,722.3,436772
2021-06-15 09:38:35,722.05,436787
2021-06-15 09:38:35,722.05,436822
2021-06-15 09:38:37,722.0,438253
2021-06-15 09:38:38,722.35,438336
2021-06-15 09:38:39,722.05,438366
2021-06-15 09:38:40,722.0,438518
2021-06-15 09:38:40,722.0,438518
2021-06-15 09:38:42,722.0,438662
2021-06-15 09:38:43,722.35,438689
2021-06-15 09:38:44,722.35,438689
2021-06-15 09:38:45,722.0,438904
2021-06-15 09:38:46,722.0,438929
2021-06-15 09:38:46,722.35,438939
2021-06-15 09:38:47,722.35,438972
2021-06-15 09:38:48,722.35,438982
2021-06-15 09:38:49,722.0,439101
2021-06-15 09:38:51,722.35,441165
2021-06-15 09:38:52,722.35,441165
2021-06-15 09:38:54,722.25,441235
2021-06-15 09:38:55,722.05,441257
2021-06-15 09:38:56,722.0,441402
2021-06-15 09:38:58,722.35,441603
2021-06-15 09:38:58,722.35,441903
2021-06-15 09:38:59,722.35,441903
2021-06-15 09:39:00,722.35,441903
2021-06-15 09:39:01,722.0,441978
2021-06-15 09:39:02,722.35,442078
2021-06-15 09:39:03,722.0,442179
2021-06-15 09:39:04,722.0,442179
2021-06-15 09:39:05,722.0,442179
2021-06-15 09:39:06,722.0,442179
2021-06-15 09:39:07,722.35,442185
2021-06-15 09:39:08,722.35,442186
2021-06-15 09:39:09,722.35,442186
2021-06-15 09:39:10,722.35,442186
2021-06-15 09:39:11,722.35,442335
2021-06-15 09:39:12,722.15,442356
2021-06-15 09:39:13,722.45,442366
2021-06-15 09:39:14,722.5,442516
2021-06-15 09:39:15,722.5,442516
2021-06-15 09:39:16,722.5,442525
2021-06-15 09:39:18,722.5,442530
2021-06-15 09:39:20,722.35,442583
2021-06-15 09:39:21,722.35,442782
2021-06-15 09:39:21,722.35,442782
2021-06-15 09:39:22,722.45,442790
2021-06-15 09:39:23,722.45,442790
2021-06-15 09:39:24,722.35,442815
2021-06-15 09:39:25,722.2,443015
2021-06-15 09:39:26,722.2,443015
2021-06-15 09:39:27,722.5,443025
2021-06-15 09:39:28,722.4,443125
2021-06-15 09:39:29,722.4,443125
2021-06-15 09:39:30,722.4,443162
2021-06-15 09:39:31,722.4,443360
2021-06-15 09:39:32,722.4,443360
2021-06-15 09:39:33,722.4,443360
2021-06-15 09:39:34,722.4,443360
2021-06-15 09:39:35,722.7,443380
2021-06-15 09:39:36,722.7,443620
2021-06-15 09:39:37,722.4,443622
2021-06-15 09:39:38,722.65,444145
2021-06-15 09:39:39,722.65,444145
2021-06-15 09:39:40,722.7,444161
2021-06-15 09:39:41,722.4,444182
2021-06-15 09:39:42,722.4,445039
2021-06-15 09:39:45,722.45,445145
2021-06-15 09:39:46,722.45,445145
2021-06-15 09:39:48,722.0,446145
2021-06-15 09:39:49,722.45,446265
2021-06-15 09:39:50,722.05,446267
2021-06-15 09:39:50,722.05,446267
2021-06-15 09:39:51,722.05,446317
2021-06-15 09:39:52,722.45,446422
2021-06-15 09:39:53,722.6,446722
2021-06-15 09:39:54,722.15,446755
2021-06-15 09:39:55,722.6,446860
2021-06-15 09:39:57,722.6,446960
2021-06-15 09:39:58,722.6,446960
2021-06-15 09:39:58,722.6,446960
2021-06-15 09:39:59,722.6,447040
2021-06-15 09:40:00,722.55,447090
2021-06-15 09:40:01,722.2,447095
2021-06-15 09:40:02,722.45,447235
2021-06-15 09:40:03,722.45,447262
2021-06-15 09:40:04,722.45,447286
2021-06-15 09:40:05,722.45,447286
2021-06-15 09:40:06,722.2,447291
2021-06-15 09:40:07,722.2,447386
2021-06-15 09:40:08,722.45,447416
2021-06-15 09:40:09,722.45,447416
2021-06-15 09:40:10,722.5,447426
2021-06-15 09:40:11,722.5,447775
2021-06-15 09:40:12,722.5,447932
2021-06-15 09:40:13,722.4,448102
2021-06-15 09:40:14,722.4,448104
2021-06-15 09:40:15,722.4,448104
2021-06-15 09:40:16,722.4,448104
2021-06-15 09:40:17,722.3,448389
2021-06-15 09:40:18,722.3,448389
2021-06-15 09:40:19,722.05,448455
2021-06-15 09:40:21,722.05,448455
2021-06-15 09:40:22,722.05,448455
2021-06-15 09:40:23,722.05,448455
2021-06-15 09:40:24,722.3,448555
2021-06-15 09:40:25,722.3,448555
2021-06-15 09:40:26,722.1,449460
2021-06-15 09:40:27,722.15,449516
2021-06-15 09:40:28,722.15,449516
2021-06-15 09:40:29,722.15,449556
2021-06-15 09:40:30,722.05,449778
2021-06-15 09:40:30,722.05,449778
2021-06-15 09:40:31,722.4,449788
2021-06-15 09:40:32,722.05,449798
2021-06-15 09:40:33,722.05,449808
2021-06-15 09:40:34,722.05,449808
2021-06-15 09:40:35,722.05,449968
2021-06-15 09:40:36,722.4,449978
2021-06-15 09:40:37,722.1,449998
2021-06-15 09:40:39,722.1,449998
2021-06-15 09:40:39,722.1,449998
2021-06-15 09:40:40,722.1,450048
2021-06-15 09:40:41,722.1,450048
2021-06-15 09:40:42,722.4,450068
2021-06-15 09:40:43,722.1,450069
2021-06-15 09:40:44,722.4,450074
2021-06-15 09:40:45,722.1,450094
2021-06-15 09:40:46,722.1,450118
2021-06-15 09:40:48,722.15,450487
2021-06-15 09:40:49,722.15,450487
2021-06-15 09:40:50,722.15,450487
2021-06-15 09:40:51,722.45,450513
2021-06-15 09:40:51,722.45,450514
2021-06-15 09:40:52,722.45,450514
2021-06-15 09:40:54,722.2,450775
2021-06-15 09:40:55,722.2,450775
2021-06-15 09:40:55,722.2,450775
2021-06-15 09:40:56,722.4,450918
2021-06-15 09:40:57,722.2,450956
2021-06-15 09:40:58,722.5,451022
2021-06-15 09:40:59,722.5,451134
2021-06-15 09:41:01,722.2,451156
2021-06-15 09:41:01,722.2,451206
2021-06-15 09:41:02,722.2,451247
2021-06-15 09:41:03,722.4,451387
2021-06-15 09:41:04,722.4,451387
2021-06-15 09:41:05,722.4,451387
2021-06-15 09:41:06,722.4,451387
2021-06-15 09:41:07,722.55,451676
2021-06-15 09:41:08,722.55,451676
2021-06-15 09:41:09,722.55,451676
2021-06-15 09:41:10,722.6,451877
2021-06-15 09:41:11,722.6,451877
2021-06-15 09:41:13,722.2,451890
2021-06-15 09:41:15,722.2,451902
2021-06-15 09:41:16,722.5,451905
2021-06-15 09:41:18,722.2,451946
2021-06-15 09:41:18,722.2,451946
2021-06-15 09:41:19,722.2,451946
2021-06-15 09:41:20,722.25,451956
2021-06-15 09:41:21,722.25,451975
2021-06-15 09:41:22,722.25,451975
2021-06-15 09:41:23,722.25,452025
2021-06-15 09:41:24,722.25,452105
2021-06-15 09:41:25,722.25,452284
2021-06-15 09:41:26,722.25,452286
2021-06-15 09:41:27,722.5,452343
2021-06-15 09:41:28,722.25,452393
2021-06-15 09:41:29,722.25,452393
2021-06-15 09:41:31,722.5,453484
2021-06-15 09:41:32,722.65,453612
2021-06-15 09:41:33,722.25,454812
2021-06-15 09:41:34,722.6,454912
2021-06-15 09:41:35,722.6,454912
2021-06-15 09:41:36,722.6,454912
2021-06-15 09:41:37,722.25,454920
2021-06-15 09:41:38,722.6,454938
2021-06-15 09:41:40,722.5,456928
2021-06-15 09:41:41,722.5,456928
2021-06-15 09:41:42,722.6,457028
2021-06-15 09:41:43,722.5,457138
2021-06-15 09:41:44,722.75,457151
2021-06-15 09:41:45,722.5,457154
2021-06-15 09:41:46,722.75,457175
2021-06-15 09:41:47,722.75,457175
2021-06-15 09:41:48,722.8,457186
2021-06-15 09:41:48,722.5,457296
2021-06-15 09:41:50,723.3,462822
2021-06-15 09:41:52,723.5,463120
2021-06-15 09:41:54,723.5,464713
2021-06-15 09:41:55,723.65,466216
2021-06-15 09:41:57,723.25,466346
2021-06-15 09:41:58,723.55,466353
2021-06-15 09:41:59,723.5,466853
2021-06-15 09:42:00,723.55,466942
2021-06-15 09:42:01,723.5,466946
2021-06-15 09:42:02,723.7,467496
2021-06-15 09:42:03,723.7,467548
2021-06-15 09:42:04,723.85,468598
2021-06-15 09:42:05,723.85,468723
2021-06-15 09:42:06,723.6,468848
2021-06-15 09:42:07,723.6,468849
2021-06-15 09:42:07,723.75,468854
2021-06-15 09:42:08,723.95,469439
2021-06-15 09:42:10,723.6,470021
2021-06-15 09:42:11,723.6,470221
2021-06-15 09:42:12,724.0,470354
2021-06-15 09:42:13,724.0,470354
2021-06-15 09:42:14,724.0,470424
2021-06-15 09:42:15,723.7,470435
2021-06-15 09:42:16,724.0,470799
2021-06-15 09:42:17,723.9,470884
2021-06-15 09:42:17,724.0,471384
2021-06-15 09:42:18,723.95,475507
2021-06-15 09:42:20,723.9,476159
2021-06-15 09:42:21,723.95,476255
2021-06-15 09:42:21,724.0,476426
2021-06-15 09:42:22,724.0,476567
2021-06-15 09:42:24,724.0,477008
2021-06-15 09:42:25,723.65,477305
2021-06-15 09:42:26,723.85,479566
2021-06-15 09:42:27,723.85,479569
2021-06-15 09:42:28,723.5,479769
2021-06-15 09:42:29,723.85,479969
2021-06-15 09:42:30,724.0,480169
2021-06-15 09:42:31,723.6,480199
2021-06-15 09:42:34,723.95,480330
2021-06-15 09:42:35,724.0,480436
2021-06-15 09:42:36,723.6,480486
2021-06-15 09:42:37,723.7,480563
2021-06-15 09:42:37,723.95,480593
2021-06-15 09:42:38,724.0,480843
2021-06-15 09:42:39,724.0,480847
2021-06-15 09:42:40,724.0,481547
2021-06-15 09:42:41,723.95,481647
2021-06-15 09:42:42,724.0,481747
2021-06-15 09:42:44,724.0,481865
2021-06-15 09:42:44,724.0,482178
2021-06-15 09:42:45,724.0,482702
2021-06-15 09:42:48,723.7,483512
2021-06-15 09:42:49,724.0,483646
2021-06-15 09:42:50,723.95,484136
2021-06-15 09:42:51,723.8,484156
2021-06-15 09:42:52,724.0,484676
2021-06-15 09:42:52,723.95,484826
2021-06-15 09:42:54,723.95,484843
2021-06-15 09:42:56,723.7,484978
2021-06-15 09:42:57,723.5,485041
2021-06-15 09:42:59,723.7,486272
2021-06-15 09:43:00,723.7,486332
2021-06-15 09:43:00,723.7,486332
2021-06-15 09:43:01,723.9,486932
2021-06-15 09:43:02,723.9,487004
2021-06-15 09:43:03,723.9,487114
2021-06-15 09:43:04,723.9,487114
2021-06-15 09:43:05,723.9,487269
2021-06-15 09:43:06,723.9,487269
2021-06-15 09:43:08,723.9,487297
2021-06-15 09:43:09,723.5,487397
2021-06-15 09:43:11,723.85,487501
2021-06-15 09:43:13,723.5,487706
2021-06-15 09:43:14,723.55,488178
2021-06-15 09:43:15,723.85,488988
2021-06-15 09:43:16,723.5,489188
2021-06-15 09:43:17,723.75,489199
2021-06-15 09:43:18,723.3,489374
2021-06-15 09:43:18,723.25,489852
2021-06-15 09:43:19,723.25,489922
2021-06-15 09:43:21,723.3,490097
2021-06-15 09:43:22,723.3,490117
2021-06-15 09:43:23,723.4,490241
2021-06-15 09:43:24,723.35,490292
2021-06-15 09:43:25,723.35,490295
2021-06-15 09:43:26,723.25,490415
2021-06-15 09:43:26,723.45,490425
2021-06-15 09:43:28,723.3,490535
2021-06-15 09:43:28,723.2,490802
2021-06-15 09:43:29,723.5,490807
2021-06-15 09:43:30,723.2,490970
2021-06-15 09:43:32,723.2,490985
2021-06-15 09:43:33,723.9,491185
2021-06-15 09:43:34,723.9,491185
2021-06-15 09:43:35,723.3,491362
2021-06-15 09:43:36,723.3,491362
2021-06-15 09:43:37,723.25,491494
2021-06-15 09:43:38,723.25,491514
2021-06-15 09:43:39,723.5,491547
2021-06-15 09:43:40,723.55,491609
2021-06-15 09:43:41,723.25,491806
2021-06-15 09:43:41,723.25,492058
2021-06-15 09:43:42,723.25,492088
2021-06-15 09:43:43,723.3,492311
2021-06-15 09:43:44,723.7,492413
2021-06-15 09:43:45,723.7,492413
2021-06-15 09:43:46,723.3,492421
2021-06-15 09:43:48,723.5,492893
2021-06-15 09:43:49,723.7,492983
2021-06-15 09:43:50,723.75,492987
2021-06-15 09:43:50,723.75,492987
2021-06-15 09:43:52,723.75,492987
2021-06-15 09:43:53,723.7,493223
2021-06-15 09:43:53,723.3,493240
2021-06-15 09:43:55,723.35,493554
2021-06-15 09:43:56,723.5,493664
2021-06-15 09:43:57,723.5,493682
2021-06-15 09:43:58,723.5,493682
2021-06-15 09:43:59,723.35,493698
2021-06-15 09:44:00,723.75,493800
2021-06-15 09:44:00,723.75,493800
2021-06-15 09:44:01,723.75,493800
2021-06-15 09:44:02,723.25,494409
2021-06-15 09:44:04,723.35,494448
2021-06-15 09:44:04,723.35,494448
2021-06-15 09:44:05,723.5,494683
2021-06-15 09:44:06,723.55,494743
2021-06-15 09:44:07,723.4,494754
2021-06-15 09:44:08,723.5,494790
2021-06-15 09:44:10,723.5,494790
2021-06-15 09:44:10,723.5,494790
2021-06-15 09:44:11,723.6,495279
2021-06-15 09:44:13,723.25,495504
2021-06-15 09:44:14,723.25,495504
2021-06-15 09:44:15,723.5,495513
2021-06-15 09:44:16,723.5,495513
2021-06-15 09:44:17,722.5,498587
2021-06-15 09:44:18,722.8,498927
2021-06-15 09:44:19,722.6,499328
2021-06-15 09:44:20,722.7,499428
2021-06-15 09:44:21,722.1,499513
2021-06-15 09:44:22,722.1,499513
2021-06-15 09:44:23,722.2,499734
2021-06-15 09:44:24,722.2,502667
2021-06-15 09:44:25,722.25,502668
2021-06-15 09:44:26,722.3,502688
2021-06-15 09:44:27,722.4,502758
2021-06-15 09:44:28,722.4,502773
2021-06-15 09:44:29,721.9,502923
2021-06-15 09:44:30,722.05,502943
2021-06-15 09:44:31,722.65,503056
2021-06-15 09:44:32,722.35,503296
2021-06-15 09:44:33,722.55,503413
2021-06-15 09:44:34,722.55,503413
2021-06-15 09:44:35,722.55,503413
2021-06-15 09:44:36,722.55,503413
2021-06-15 09:44:37,722.6,503453
2021-06-15 09:44:38,722.6,503453
2021-06-15 09:44:39,722.55,503553
2021-06-15 09:44:40,722.8,503573
2021-06-15 09:44:41,722.8,503573
2021-06-15 09:44:42,722.6,503578
2021-06-15 09:44:44,722.9,503783
2021-06-15 09:44:45,722.9,503798
2021-06-15 09:44:46,722.95,504073
2021-06-15 09:44:47,722.55,504088
2021-06-15 09:44:48,722.6,504138
2021-06-15 09:44:49,722.55,504143
2021-06-15 09:44:50,722.15,504848
2021-06-15 09:44:51,722.15,504848
2021-06-15 09:44:52,722.15,504849
2021-06-15 09:44:53,722.2,504869
2021-06-15 09:44:54,722.2,504869
2021-06-15 09:44:54,722.2,504869
2021-06-15 09:44:56,722.55,504919
2021-06-15 09:44:57,722.55,504919
2021-06-15 09:44:59,722.45,504929
2021-06-15 09:45:02,722.1,505025
2021-06-15 09:45:03,722.1,505025
2021-06-15 09:45:04,722.4,505030
2021-06-15 09:45:05,722.4,505030
2021-06-15 09:45:06,722.2,505035
2021-06-15 09:45:07,722.45,505064
2021-06-15 09:45:08,723.5,506749
2021-06-15 09:45:08,723.05,506752
2021-06-15 09:45:09,723.05,506752
2021-06-15 09:45:11,723.5,507816
2021-06-15 09:45:11,723.05,507826
2021-06-15 09:45:12,723.05,507831
2021-06-15 09:45:13,722.9,508478
2021-06-15 09:45:14,722.8,508528
2021-06-15 09:45:16,722.8,508528
2021-06-15 09:45:17,722.8,508528
2021-06-15 09:45:18,722.8,508528
2021-06-15 09:45:19,722.8,508568
2021-06-15 09:45:20,722.8,508622
2021-06-15 09:45:21,722.8,508624
2021-06-15 09:45:22,723.3,508924
2021-06-15 09:45:23,723.3,508924
2021-06-15 09:45:23,723.3,508924
2021-06-15 09:45:24,723.3,508924
2021-06-15 09:45:25,723.3,508924
2021-06-15 09:45:26,722.85,509025
2021-06-15 09:45:27,722.85,509025
2021-06-15 09:45:28,723.25,509041
2021-06-15 09:45:29,723.25,509041
2021-06-15 09:45:31,723.25,509092
2021-06-15 09:45:32,723.25,509092
2021-06-15 09:45:32,723.0,509102
2021-06-15 09:45:33,723.3,509172
2021-06-15 09:45:35,723.0,509209
2021-06-15 09:45:36,723.0,509225
2021-06-15 09:45:37,722.85,509250
2021-06-15 09:45:38,723.0,509260
2021-06-15 09:45:39,723.0,509315
2021-06-15 09:45:41,722.8,509372
2021-06-15 09:45:42,722.8,509372
2021-06-15 09:45:43,723.0,509390
2021-06-15 09:45:44,723.0,509390
2021-06-15 09:45:45,722.85,509440
2021-06-15 09:45:46,722.95,509498
2021-06-15 09:45:47,722.95,509498
2021-06-15 09:45:48,722.8,509506
2021-06-15 09:45:49,723.0,509516
2021-06-15 09:45:50,722.95,509781
2021-06-15 09:45:51,722.95,509781
2021-06-15 09:45:52,722.95,509781
2021-06-15 09:45:53,722.95,509788
2021-06-15 09:45:54,722.95,509788
2021-06-15 09:45:55,722.95,509789
2021-06-15 09:45:57,722.95,509799
2021-06-15 09:45:57,722.95,509799
2021-06-15 09:45:58,722.95,510050
2021-06-15 09:46:00,722.95,510050
2021-06-15 09:46:01,722.95,510050
2021-06-15 09:46:02,722.7,510071
2021-06-15 09:46:04,722.65,510114
2021-06-15 09:46:05,722.75,510154
2021-06-15 09:46:06,722.75,510176
2021-06-15 09:46:06,722.75,510176
2021-06-15 09:46:08,722.95,510206
2021-06-15 09:46:09,722.95,510421
2021-06-15 09:46:10,722.75,510431
2021-06-15 09:46:11,722.75,510431
2021-06-15 09:46:11,722.75,510431
2021-06-15 09:46:13,722.75,510431
2021-06-15 09:46:14,722.75,510431
2021-06-15 09:46:15,722.75,510685
2021-06-15 09:46:16,722.75,510685
2021-06-15 09:46:17,722.75,510735
2021-06-15 09:46:18,722.75,510735
2021-06-15 09:46:20,722.75,510735
2021-06-15 09:46:22,722.75,510767
2021-06-15 09:46:23,722.75,510767
2021-06-15 09:46:24,722.75,510767
2021-06-15 09:46:25,722.75,510767
2021-06-15 09:46:26,722.75,510767
2021-06-15 09:46:27,722.9,510774
2021-06-15 09:46:28,722.75,510836
2021-06-15 09:46:29,722.9,510943
2021-06-15 09:46:30,722.9,510944
2021-06-15 09:46:31,722.75,510964
2021-06-15 09:46:32,722.75,510964
2021-06-15 09:46:33,722.7,510969
2021-06-15 09:46:34,722.55,511487
2021-06-15 09:46:35,722.55,511757
2021-06-15 09:46:36,722.85,511844
2021-06-15 09:46:37,722.75,511846
2021-06-15 09:46:38,722.75,511846
2021-06-15 09:46:39,722.75,511846
2021-06-15 09:46:40,722.5,511859
2021-06-15 09:46:41,722.5,512009
2021-06-15 09:46:42,722.75,512738
2021-06-15 09:46:43,722.75,512738
2021-06-15 09:46:44,722.5,512756
2021-06-15 09:46:45,722.5,512756
2021-06-15 09:46:46,722.5,512806
2021-06-15 09:46:47,722.7,513978
2021-06-15 09:46:48,722.5,513992
2021-06-15 09:46:49,722.7,514099
2021-06-15 09:46:50,722.75,514101
2021-06-15 09:46:51,722.7,514168
2021-06-15 09:46:52,722.5,514201
2021-06-15 09:46:53,722.5,514206
2021-06-15 09:46:54,722.5,514206
2021-06-15 09:46:55,722.75,514209
2021-06-15 09:46:56,722.4,514289
2021-06-15 09:46:58,722.5,514294
2021-06-15 09:46:59,722.4,514299
2021-06-15 09:47:00,722.4,514299
2021-06-15 09:47:01,722.5,514324
2021-06-15 09:47:03,722.5,514374
2021-06-15 09:47:04,722.5,514375
2021-06-15 09:47:05,722.4,514377
2021-06-15 09:47:06,722.5,514404
2021-06-15 09:47:07,722.5,514494
2021-06-15 09:47:08,722.5,514640
2021-06-15 09:47:09,722.6,514773
2021-06-15 09:47:11,722.25,514823
2021-06-15 09:47:13,722.6,514851
2021-06-15 09:47:12,722.25,514823
2021-06-15 09:47:14,722.6,514851
2021-06-15 09:47:15,722.2,515011
2021-06-15 09:47:16,722.2,515011
2021-06-15 09:47:18,722.2,515047
2021-06-15 09:47:19,722.5,515081
2021-06-15 09:47:20,722.25,515111
2021-06-15 09:47:21,722.25,515121
2021-06-15 09:47:22,722.5,515146
2021-06-15 09:47:23,722.6,515261
2021-06-15 09:47:24,722.6,515268
2021-06-15 09:47:25,722.6,515268
2021-06-15 09:47:26,722.2,515468
2021-06-15 09:47:27,722.2,515518
2021-06-15 09:47:28,722.2,515518
2021-06-15 09:47:29,722.5,515542
2021-06-15 09:47:30,722.2,515672
2021-06-15 09:47:31,722.25,515781
2021-06-15 09:47:32,722.6,515816
2021-06-15 09:47:33,722.6,515821
2021-06-15 09:47:38,722.6,515866
2021-06-15 09:47:44,722.5,515967
2021-06-15 09:47:53,722.25,516168
2021-06-15 09:47:58,722.25,516238
2021-06-15 09:48:08,722.25,516730
2021-06-15 09:48:13,722.25,516781
2021-06-15 09:48:17,722.3,516976
2021-06-15 09:48:22,722.3,517645
2021-06-15 09:48:27,722.3,517758
2021-06-15 09:48:32,722.5,518172
2021-06-15 09:48:37,722.3,518217
2021-06-15 09:48:42,722.6,522073
2021-06-15 09:48:48,722.45,522280
2021-06-15 09:48:53,722.6,522545
2021-06-15 09:48:57,722.75,522967
2021-06-15 09:49:02,722.5,523102
2021-06-15 09:49:07,722.5,523169
2021-06-15 09:49:12,722.75,523279
2021-06-15 09:49:17,722.75,523313
2021-06-15 09:49:22,722.5,523504
2021-06-15 09:49:27,722.5,523631
2021-06-15 09:49:32,722.65,523701
2021-06-15 09:49:37,722.25,524688
2021-06-15 09:49:42,722.25,524742
2021-06-15 09:49:47,721.5,527706
2021-06-15 09:49:51,721.5,528049
2021-06-15 09:49:56,721.5,528408
2021-06-15 09:50:01,721.45,529444
2021-06-15 09:50:06,721.85,529649
2021-06-15 09:50:10,721.5,529804
2021-06-15 09:50:15,721.5,530069
2021-06-15 09:50:19,721.5,530391
2021-06-15 09:50:24,721.5,531367
2021-06-15 09:50:29,721.5,531495
2021-06-15 09:50:34,721.9,532182
2021-06-15 09:50:39,721.95,532391
2021-06-15 09:50:48,721.9,532495
2021-06-15 09:50:52,721.9,532495
2021-06-15 09:50:57,721.75,532561
2021-06-15 09:51:01,722.0,532893
2021-06-15 09:51:06,722.0,532957
2021-06-15 09:51:10,722.0,533145
2021-06-15 09:51:15,722.0,533953
2021-06-15 09:51:20,722.3,534202
2021-06-15 09:51:24,722.35,534438
2021-06-15 09:51:29,722.0,534510
2021-06-15 09:51:34,722.2,534578
2021-06-15 09:51:39,722.35,534617
2021-06-15 09:51:44,721.5,535878
2021-06-15 09:51:49,721.8,536153
2021-06-15 09:51:54,721.8,536163
2021-06-15 09:51:59,721.8,536194
2021-06-15 09:52:04,721.95,536300
2021-06-15 09:52:08,721.8,536652
2021-06-15 09:52:13,722.0,536659
2021-06-15 09:52:18,721.5,537006
2021-06-15 09:52:23,721.95,537127
2021-06-15 09:52:28,721.6,537300
2021-06-15 09:52:33,721.6,537512
2021-06-15 09:52:38,721.95,537518
2021-06-15 09:52:43,721.95,537569
2021-06-15 09:52:47,721.65,537578
2021-06-15 09:52:52,721.65,537964
2021-06-15 09:52:57,721.65,538000
2021-06-15 09:53:01,721.65,538139
2021-06-15 09:53:06,721.95,538327
2021-06-15 09:53:11,721.9,538523
2021-06-15 09:53:16,721.65,538625
2021-06-15 09:53:21,721.65,538625
2021-06-15 09:53:25,721.35,539655
2021-06-15 09:53:30,721.8,539698
2021-06-15 09:53:39,721.8,540057
2021-06-15 09:53:44,721.75,540332
2021-06-15 09:53:48,721.3,540553
2021-06-15 09:53:53,721.55,540665
2021-06-15 09:53:58,721.6,540966
2021-06-15 09:54:03,721.3,541002
2021-06-15 09:54:07,721.65,541227
2021-06-15 09:54:12,721.5,542082
2021-06-15 09:54:17,721.35,542099
2021-06-15 09:54:21,721.35,542111
2021-06-15 09:54:25,721.5,542226
2021-06-15 09:54:29,721.35,542559
2021-06-15 09:54:34,721.35,542603
2021-06-15 09:54:40,721.3,542923
2021-06-15 09:54:45,721.5,543352
2021-06-15 09:54:49,721.5,543587
2021-06-15 09:54:54,721.3,543685
2021-06-15 09:54:59,721.5,543690
2021-06-15 09:55:04,721.3,543983
2021-06-15 09:55:08,721.15,544189
2021-06-15 09:55:13,721.5,544419
2021-06-15 09:55:17,721.5,544550
2021-06-15 09:55:22,721.5,544913
2021-06-15 09:55:26,721.5,544917
2021-06-15 09:55:31,721.3,544982
2021-06-15 09:55:35,721.15,545134
2021-06-15 09:55:40,721.15,545199
2021-06-15 09:55:48,721.45,546237
2021-06-15 09:55:53,721.3,546425
2021-06-15 09:55:58,721.45,546510
2021-06-15 09:56:02,721.45,546514
2021-06-15 09:56:07,721.4,546981
2021-06-15 09:56:11,721.2,547107
2021-06-15 09:56:15,721.0,551131
2021-06-15 09:56:19,721.0,551143
2021-06-15 09:56:24,720.85,552172
2021-06-15 09:56:28,721.1,552555
2021-06-15 09:56:32,721.15,552760
2021-06-15 09:56:37,721.15,553025
2021-06-15 09:56:41,720.75,553185
2021-06-15 09:56:46,721.0,553270
2021-06-15 09:56:50,721.0,553344
2021-06-15 09:56:54,720.7,553402
2021-06-15 09:56:59,720.8,553655
2021-06-15 09:57:04,720.8,553751
2021-06-15 09:57:08,720.7,554966
2021-06-15 09:57:13,720.55,555053
2021-06-15 09:57:17,720.6,555114
2021-06-15 09:57:21,720.65,555330
2021-06-15 09:57:26,720.5,558964
2021-06-15 09:57:30,720.6,559649
2021-06-15 09:57:34,720.15,560219
2021-06-15 09:57:38,720.55,560383
2021-06-15 09:57:43,720.55,560472
2021-06-15 09:57:47,720.8,561663
2021-06-15 09:57:52,720.45,561803
2021-06-15 09:57:56,720.6,562276
2021-06-15 09:58:01,720.9,562475
2021-06-15 09:58:05,721.15,565988
2021-06-15 09:58:10,721.5,566605
2021-06-15 09:58:14,721.15,566701
2021-06-15 09:58:19,721.5,566964
2021-06-15 09:58:23,721.5,567273
2021-06-15 09:58:27,721.15,567844
2021-06-15 09:58:31,721.15,567970
2021-06-15 09:58:36,721.55,568051
2021-06-15 09:58:41,721.15,568101
2021-06-15 09:58:45,721.0,568141
2021-06-15 09:58:50,721.05,568266
2021-06-15 09:58:55,721.5,568410
2021-06-15 09:58:59,721.1,568566
2021-06-15 09:59:04,721.15,568685
2021-06-15 09:59:08,721.15,568826
2021-06-15 09:59:13,721.15,568826
2021-06-15 09:59:17,721.4,568836
2021-06-15 09:59:22,721.15,568986
2021-06-15 09:59:26,721.1,569048
2021-06-15 09:59:31,721.4,569054
2021-06-15 09:59:35,721.15,569089
2021-06-15 09:59:40,721.35,569665
2021-06-15 09:59:45,721.35,569776
2021-06-15 09:59:49,721.35,569876
2021-06-15 09:59:53,721.35,569882
2021-06-15 09:59:58,720.95,569906
2021-06-15 10:00:02,721.3,569937
2021-06-15 10:00:07,720.95,569970
2021-06-15 10:00:11,720.95,570290
2021-06-15 10:00:16,721.3,570329
2021-06-15 10:00:20,721.0,570363
2021-06-15 10:00:29,721.3,570417
2021-06-15 10:00:33,721.0,570457
2021-06-15 10:00:38,721.0,570529
2021-06-15 10:00:42,721.3,570625
2021-06-15 10:00:47,721.3,570636
2021-06-15 10:00:51,721.0,570684
2021-06-15 10:00:56,721.05,570979
2021-06-15 10:01:01,721.0,571341
2021-06-15 10:01:06,720.8,571739
2021-06-15 10:01:11,720.95,572796
2021-06-15 10:01:16,720.5,573023
2021-06-15 10:01:20,720.9,573224
2021-06-15 10:01:25,720.5,573441
2021-06-15 10:01:30,720.9,573978
2021-06-15 10:01:35,720.5,573983
2021-06-15 10:01:39,720.5,574060
2021-06-15 10:01:43,720.5,576737
2021-06-15 10:01:48,720.5,576860
2021-06-15 10:01:58,720.15,578085
2021-06-15 10:02:03,720.45,578178
2021-06-15 10:02:08,720.45,578393
2021-06-15 10:02:12,720.45,578969
2021-06-15 10:02:17,720.2,578986
2021-06-15 10:02:22,720.2,579074
2021-06-15 10:02:27,720.35,584769
2021-06-15 10:02:32,720.3,585892
2021-06-15 10:02:37,720.1,592100
2021-06-15 10:02:42,719.25,606025
2021-06-15 10:02:46,718.7,614426
2021-06-15 10:02:51,718.1,616501
2021-06-15 10:02:56,719.4,620723
2021-06-15 10:03:01,719.45,621043
2021-06-15 10:03:05,719.05,621055
2021-06-15 10:03:10,719.05,621443
2021-06-15 10:03:14,719.05,621852
2021-06-15 10:03:19,719.35,621885
2021-06-15 10:03:28,719.45,623062
2021-06-15 10:03:33,719.5,625424
2021-06-15 10:03:38,720.0,625995
2021-06-15 10:03:42,719.5,626145
2021-06-15 10:03:47,719.95,627211
2021-06-15 10:03:51,719.6,627602
2021-06-15 10:03:56,719.6,627859
2021-06-15 10:04:00,719.95,628341
2021-06-15 10:04:05,719.55,628492
2021-06-15 10:04:09,719.55,628529
2021-06-15 10:04:14,719.9,628591
2021-06-15 10:04:18,719.9,628702
2021-06-15 10:04:23,719.6,628936
2021-06-15 10:04:27,719.5,630980
2021-06-15 10:04:32,719.15,631121
2021-06-15 10:04:37,719.4,631313
2021-06-15 10:04:41,719.4,631416
2021-06-15 10:04:46,719.4,631417
2021-06-15 10:04:50,719.2,634378
2021-06-15 10:04:54,719.2,634474
2021-06-15 10:04:58,719.4,634496
2021-06-15 10:05:03,719.3,634843
2021-06-15 10:05:07,719.2,635022
2021-06-15 10:05:12,719.2,636752
2021-06-15 10:05:16,719.4,636838
2021-06-15 10:05:20,719.15,637148
2021-06-15 10:05:24,719.15,637195
2021-06-15 10:05:29,719.4,637220
2021-06-15 10:05:33,719.2,639073
2021-06-15 10:05:38,718.8,639762
2021-06-15 10:05:43,718.8,640157
2021-06-15 10:05:52,719.0,641745
2021-06-15 10:05:56,718.5,641953
2021-06-15 10:06:01,718.8,642306
2021-06-15 10:06:06,718.55,642349
2021-06-15 10:06:10,718.55,642444
2021-06-15 10:06:15,718.85,644736
2021-06-15 10:06:19,719.15,645303
2021-06-15 10:06:24,718.55,645428
2021-06-15 10:06:28,718.75,645531
2021-06-15 10:06:32,718.55,645686
2021-06-15 10:06:37,718.2,645803
2021-06-15 10:06:42,718.55,645897
2021-06-15 10:06:46,718.05,646942
2021-06-15 10:06:50,718.25,647058
2021-06-15 10:06:54,718.25,647070
2021-06-15 10:06:59,718.25,647150
2021-06-15 10:07:03,718.45,649496
2021-06-15 10:07:08,718.4,649866
2021-06-15 10:07:12,718.6,650208
2021-06-15 10:07:17,718.4,650369
2021-06-15 10:07:21,718.2,650474
2021-06-15 10:07:26,718.2,657936
2021-06-15 10:07:30,718.0,658908
2021-06-15 10:07:34,718.0,659214
2021-06-15 10:07:35,718.05,662911
2021-06-15 10:07:36,718.05,662941
2021-06-15 10:07:37,718.0,662993
2021-06-15 10:07:38,718.0,663014
2021-06-15 10:07:39,718.0,663372
2021-06-15 10:07:40,718.0,663407
2021-06-15 10:07:41,718.0,663431
2021-06-15 10:07:42,718.05,663734
2021-06-15 10:07:43,718.05,663778
2021-06-15 10:07:44,718.0,663782
2021-06-15 10:07:45,718.05,663818
2021-06-15 10:07:46,718.0,663824
2021-06-15 10:07:48,718.05,664224
2021-06-15 10:07:49,718.05,664314
2021-06-15 10:07:50,718.45,664333
2021-06-15 10:07:51,718.45,664345
2021-06-15 10:07:52,718.15,664361
2021-06-15 10:07:53,718.15,664362
2021-06-15 10:07:54,718.15,664363
2021-06-15 10:07:55,718.15,664363
2021-06-15 10:07:56,718.15,664363
2021-06-15 10:07:57,718.15,664363
2021-06-15 10:07:59,718.15,664363
2021-06-15 10:07:58,718.15,664363
2021-06-15 10:08:00,718.6,665012
2021-06-15 10:08:01,718.2,665077
2021-06-15 10:08:02,718.15,665083
2021-06-15 10:08:03,718.55,665687
2021-06-15 10:08:04,718.2,665747
2021-06-15 10:08:05,718.25,665753
2021-06-15 10:08:06,718.25,665784
2021-06-15 10:08:07,718.25,665837
2021-06-15 10:08:08,718.25,665842
2021-06-15 10:08:09,718.25,665844
2021-06-15 10:08:10,718.25,665844
2021-06-15 10:08:12,718.25,665894
2021-06-15 10:08:13,718.7,666233
2021-06-15 10:08:14,718.7,666269
2021-06-15 10:08:15,718.3,666272
2021-06-15 10:08:16,718.7,666423
2021-06-15 10:08:17,718.3,666488
2021-06-15 10:08:18,718.3,666494
2021-06-15 10:08:19,718.7,666526
2021-06-15 10:08:20,718.7,666537
2021-06-15 10:08:21,718.7,666568
2021-06-15 10:08:22,718.3,666571
2021-06-15 10:08:23,718.3,666571
2021-06-15 10:08:24,718.3,666764
2021-06-15 10:08:25,718.65,666785
2021-06-15 10:08:26,718.35,666787
2021-06-15 10:08:27,718.35,666787
2021-06-15 10:08:28,718.35,666787
2021-06-15 10:08:29,718.65,666791
2021-06-15 10:08:30,718.7,666903
2021-06-15 10:08:31,718.4,666965
2021-06-15 10:08:32,718.8,666981
2021-06-15 10:08:33,718.4,666983
2021-06-15 10:08:34,718.7,667108
2021-06-15 10:08:35,718.45,667121
2021-06-15 10:08:36,718.45,667152
2021-06-15 10:08:39,718.45,667193
2021-06-15 10:08:38,718.45,667193
2021-06-15 10:08:40,718.45,668206
2021-06-15 10:08:41,718.8,668556
2021-06-15 10:08:42,718.8,668556
2021-06-15 10:08:43,718.45,668656
2021-06-15 10:08:44,718.8,668657
2021-06-15 10:08:45,718.8,668657
2021-06-15 10:08:46,718.45,668667
2021-06-15 10:08:47,718.45,668667
2021-06-15 10:08:48,718.45,668768
2021-06-15 10:08:49,718.45,668768
2021-06-15 10:08:50,718.75,668788
2021-06-15 10:08:51,718.75,668792
2021-06-15 10:08:52,718.75,668792
2021-06-15 10:08:54,718.35,671666
2021-06-15 10:08:55,718.35,671716
2021-06-15 10:08:56,718.35,671716
2021-06-15 10:08:57,718.0,675077
2021-06-15 10:08:58,718.2,675099
2021-06-15 10:08:59,718.2,675099
2021-06-15 10:09:00,718.0,675100
2021-06-15 10:09:02,718.0,675155
2021-06-15 10:09:04,718.2,676355
2021-06-15 10:09:05,718.2,676355
2021-06-15 10:09:06,718.0,676385
2021-06-15 10:09:07,718.2,676403
2021-06-15 10:09:08,718.0,677319
2021-06-15 10:09:09,718.0,677419
2021-06-15 10:09:10,718.0,677419
2021-06-15 10:09:11,718.0,677591
2021-06-15 10:09:12,718.0,677591
2021-06-15 10:09:13,718.15,677594
2021-06-15 10:09:14,718.15,677594
2021-06-15 10:09:15,718.15,677594
2021-06-15 10:09:16,718.15,677596
2021-06-15 10:09:17,718.15,677596
2021-06-15 10:09:18,718.15,677596
2021-06-15 10:09:19,718.0,677701
2021-06-15 10:09:20,718.0,677701
2021-06-15 10:09:21,718.15,677807
2021-06-15 10:09:22,718.15,677807
2021-06-15 10:09:23,718.15,677818
2021-06-15 10:09:24,718.15,677819
2021-06-15 10:09:25,718.15,677859
2021-06-15 10:09:26,718.0,677959
2021-06-15 10:09:27,718.15,677962
2021-06-15 10:09:28,718.15,677962
2021-06-15 10:09:29,718.0,677982
2021-06-15 10:09:30,718.0,678207
2021-06-15 10:09:31,718.15,678421
2021-06-15 10:09:32,718.0,678431
2021-06-15 10:09:33,718.0,678581
2021-06-15 10:09:34,718.0,679079
2021-06-15 10:09:35,718.0,679079
2021-06-15 10:09:36,718.0,679079
2021-06-15 10:09:37,718.15,679209
2021-06-15 10:09:38,718.15,679209
2021-06-15 10:09:39,718.0,679456
2021-06-15 10:09:40,718.0,679476
2021-06-15 10:09:42,718.0,680335
2021-06-15 10:09:43,718.0,680356
2021-06-15 10:09:44,718.0,680356
2021-06-15 10:09:45,718.0,680376
2021-06-15 10:09:46,718.0,680397
2021-06-15 10:09:47,718.15,680428
2021-06-15 10:09:48,718.15,680699
2021-06-15 10:09:49,718.0,680795
2021-06-15 10:09:50,718.0,680825
2021-06-15 10:09:52,718.0,680825
2021-06-15 10:09:52,718.0,680847
2021-06-15 10:09:53,718.0,680847
2021-06-15 10:09:54,718.0,680847
2021-06-15 10:09:55,718.0,680902
2021-06-15 10:09:57,718.0,681012
2021-06-15 10:09:57,718.0,681025
2021-06-15 10:09:58,718.15,681031
2021-06-15 10:09:59,718.15,681032
2021-06-15 10:10:00,718.15,681032
2021-06-15 10:10:01,718.15,681032
2021-06-15 10:10:02,718.15,681052
2021-06-15 10:10:03,718.0,686914
2021-06-15 10:10:04,718.0,686914
2021-06-15 10:10:05,718.15,686921
2021-06-15 10:10:06,718.05,686951
2021-06-15 10:10:07,718.05,686951
2021-06-15 10:10:08,718.1,686965
2021-06-15 10:10:09,718.05,686974
2021-06-15 10:10:10,718.05,687020
2021-06-15 10:10:11,718.0,687035
2021-06-15 10:10:12,718.05,687036
2021-06-15 10:10:13,718.05,687036
2021-06-15 10:10:14,718.05,687036
2021-06-15 10:10:15,718.05,687120
2021-06-15 10:10:16,718.05,687120
2021-06-15 10:10:17,718.0,687126
2021-06-15 10:10:18,718.1,687131
2021-06-15 10:10:19,716.5,695312
2021-06-15 10:10:20,716.65,700348
2021-06-15 10:10:21,716.65,700348
2021-06-15 10:10:23,716.65,700348
2021-06-15 10:10:23,716.65,700348
2021-06-15 10:10:24,717.15,700353
2021-06-15 10:10:25,717.15,701267
2021-06-15 10:10:26,717.1,701390
2021-06-15 10:10:27,717.1,701390
2021-06-15 10:10:28,717.15,701440
2021-06-15 10:10:30,717.15,701440
2021-06-15 10:10:31,717.1,701860
2021-06-15 10:10:31,717.15,701997
2021-06-15 10:10:33,716.65,702229
2021-06-15 10:10:33,716.65,702229
2021-06-15 10:10:34,716.65,702229
2021-06-15 10:10:35,716.9,702274
2021-06-15 10:10:36,716.85,702605
2021-06-15 10:10:37,716.4,702727
2021-06-15 10:10:38,716.85,702737
2021-06-15 10:10:40,716.45,702740
2021-06-15 10:10:41,716.85,702741
2021-06-15 10:10:42,716.85,702741
2021-06-15 10:10:44,716.3,703813
2021-06-15 10:10:44,716.7,704318
2021-06-15 10:10:45,716.7,704318
2021-06-15 10:10:46,716.3,704424
2021-06-15 10:10:48,716.5,704541
2021-06-15 10:10:48,716.85,706328
2021-06-15 10:10:49,716.8,706388
2021-06-15 10:10:50,717.2,706538
2021-06-15 10:10:51,717.15,706989
2021-06-15 10:10:52,717.15,706989
2021-06-15 10:10:53,717.15,707042
2021-06-15 10:10:54,716.85,707133
2021-06-15 10:10:55,716.85,707133
2021-06-15 10:10:56,717.25,707157
2021-06-15 10:10:57,717.3,707317
2021-06-15 10:10:58,717.2,707462
2021-06-15 10:10:59,717.6,707663
2021-06-15 10:11:00,717.75,708110
2021-06-15 10:11:02,717.6,708130
2021-06-15 10:11:02,717.6,708130
2021-06-15 10:11:03,717.95,708204
2021-06-15 10:11:04,717.7,708214
2021-06-15 10:11:05,717.7,708230
2021-06-15 10:11:07,717.3,708287
2021-06-15 10:11:09,717.6,708291
2021-06-15 10:11:10,717.9,708293
2021-06-15 10:11:11,717.9,708293
2021-06-15 10:11:14,717.9,708293
2021-06-15 10:11:14,717.9,708343
2021-06-15 10:11:16,717.9,708354
2021-06-15 10:11:17,717.9,708354
2021-06-15 10:11:18,717.9,708442
2021-06-15 10:11:19,718.0,708651
2021-06-15 10:11:20,717.6,708674
2021-06-15 10:11:21,717.6,708674
2021-06-15 10:11:22,717.6,708674
2021-06-15 10:11:23,717.6,708674
2021-06-15 10:11:24,717.65,708702
2021-06-15 10:11:25,717.95,708887
2021-06-15 10:11:26,717.8,708912
2021-06-15 10:11:27,717.75,708917
2021-06-15 10:11:28,718.0,708927
2021-06-15 10:11:29,718.3,709427
2021-06-15 10:11:30,717.85,709453
2021-06-15 10:11:31,717.85,709557
2021-06-15 10:11:32,717.85,709557
2021-06-15 10:11:33,718.25,709577
2021-06-15 10:11:34,717.85,709630
2021-06-15 10:11:35,717.85,709631
2021-06-15 10:11:36,717.85,709739
2021-06-15 10:11:37,717.85,709739
2021-06-15 10:11:38,717.85,709739
2021-06-15 10:11:39,717.85,709739
2021-06-15 10:11:40,718.4,710042
2021-06-15 10:11:41,718.15,710562
2021-06-15 10:11:42,717.95,710745
2021-06-15 10:11:43,717.9,710995
2021-06-15 10:11:44,717.9,711021
2021-06-15 10:11:46,717.9,711075
2021-06-15 10:11:46,718.0,711085
2021-06-15 10:11:47,717.8,711245
2021-06-15 10:11:48,717.75,711249
2021-06-15 10:11:49,717.75,711301
2021-06-15 10:11:50,717.75,711306
2021-06-15 10:11:51,717.75,711306
2021-06-15 10:11:53,717.75,711497
2021-06-15 10:11:54,717.75,711543
2021-06-15 10:11:55,717.75,711543
2021-06-15 10:11:56,717.7,711553
2021-06-15 10:11:57,717.7,711553
2021-06-15 10:11:57,717.7,711553
2021-06-15 10:11:58,717.6,711605
2021-06-15 10:12:00,717.5,711705
2021-06-15 10:12:01,717.5,711705
2021-06-15 10:12:01,717.5,711705
2021-06-15 10:12:03,717.45,714208
2021-06-15 10:12:04,717.4,715702
2021-06-15 10:12:05,717.5,715720
2021-06-15 10:12:06,717.2,715755
2021-06-15 10:12:07,717.2,715755
2021-06-15 10:12:08,717.45,715757
2021-06-15 10:12:09,717.4,715759
2021-06-15 10:12:10,717.4,715759
2021-06-15 10:12:11,717.4,715759
2021-06-15 10:12:13,717.2,716487
2021-06-15 10:12:14,717.2,716733
2021-06-15 10:12:14,717.5,717390
2021-06-15 10:12:15,717.5,717390
2021-06-15 10:12:16,717.5,717390
2021-06-15 10:12:17,717.5,717483
2021-06-15 10:12:18,717.15,717542
2021-06-15 10:12:19,717.15,717555
2021-06-15 10:12:20,717.3,718063
2021-06-15 10:12:21,717.3,718063
2021-06-15 10:12:22,717.5,718066
2021-06-15 10:12:23,717.5,718092
2021-06-15 10:12:25,717.4,718129
2021-06-15 10:12:26,717.45,718136
2021-06-15 10:12:27,717.45,718175
2021-06-15 10:12:28,717.45,718175
2021-06-15 10:12:29,717.45,718175
2021-06-15 10:12:29,717.45,718178
2021-06-15 10:12:30,717.45,718178
2021-06-15 10:12:31,717.85,718612
2021-06-15 10:12:32,718.0,718627
2021-06-15 10:12:33,718.0,718627
2021-06-15 10:12:35,717.6,718628
2021-06-15 10:12:35,717.6,718628
2021-06-15 10:12:37,718.05,719335
2021-06-15 10:12:38,718.05,719335
2021-06-15 10:12:39,717.65,719535
2021-06-15 10:12:40,718.1,719560
2021-06-15 10:12:41,718.1,719560
2021-06-15 10:12:42,718.1,719829
2021-06-15 10:12:42,717.85,719816
2021-06-15 10:12:43,717.75,720130
2021-06-15 10:12:45,718.1,720180
2021-06-15 10:12:46,718.25,721151
2021-06-15 10:12:47,718.15,721361
2021-06-15 10:12:48,718.15,721361
2021-06-15 10:12:49,718.4,721362
2021-06-15 10:12:50,718.4,721362
2021-06-15 10:12:51,717.95,721431
2021-06-15 10:12:52,718.3,721432
2021-06-15 10:12:54,718.3,721432
2021-06-15 10:12:54,718.3,721432
2021-06-15 10:12:55,718.3,721439
2021-06-15 10:12:56,718.3,721479
2021-06-15 10:12:58,718.3,721479
2021-06-15 10:12:59,718.05,722486
2021-06-15 10:12:59,718.05,722486
2021-06-15 10:13:00,717.9,722504
2021-06-15 10:13:01,717.7,722809
2021-06-15 10:13:02,718.0,722824
2021-06-15 10:13:03,718.0,722829
2021-06-15 10:13:04,718.0,722834
2021-06-15 10:13:05,718.0,722834
2021-06-15 10:13:06,717.7,722899
2021-06-15 10:13:07,717.7,722899
2021-06-15 10:13:08,717.7,722899
2021-06-15 10:13:09,717.7,722901
2021-06-15 10:13:10,717.7,722901
2021-06-15 10:13:12,717.7,723878
2021-06-15 10:13:14,717.35,723908
2021-06-15 10:13:14,717.35,723908
2021-06-15 10:13:15,717.4,724099
2021-06-15 10:13:17,717.4,724104
2021-06-15 10:13:18,717.35,724154
2021-06-15 10:13:19,717.5,724243
2021-06-15 10:13:20,717.5,724243
2021-06-15 10:13:21,717.5,724243
2021-06-15 10:13:22,717.5,724653
2021-06-15 10:13:23,717.5,724919
2021-06-15 10:13:24,717.5,724919
2021-06-15 10:13:26,717.35,725035
2021-06-15 10:13:27,717.45,725038
2021-06-15 10:13:28,717.8,725310
2021-06-15 10:13:29,717.35,725443
2021-06-15 10:13:29,717.35,725456
2021-06-15 10:13:31,717.35,725569
2021-06-15 10:13:31,717.35,725569
2021-06-15 10:13:32,717.35,725569
2021-06-15 10:13:33,717.35,725574
2021-06-15 10:13:34,717.35,725574
2021-06-15 10:13:35,717.25,725644
2021-06-15 10:13:36,717.15,725687
2021-06-15 10:13:37,717.15,725687
2021-06-15 10:13:38,717.15,727723
2021-06-15 10:13:39,717.5,727728
2021-06-15 10:13:40,717.5,727728
2021-06-15 10:13:41,717.5,727728
2021-06-15 10:13:42,717.5,727728
2021-06-15 10:13:43,717.15,727778
2021-06-15 10:13:44,717.15,728148
2021-06-15 10:13:45,717.15,728148
2021-06-15 10:13:46,717.15,728248
2021-06-15 10:13:47,717.15,728261
2021-06-15 10:13:48,717.15,728561
2021-06-15 10:13:49,717.15,728561
2021-06-15 10:13:50,717.15,728563
2021-06-15 10:13:51,717.1,728813
2021-06-15 10:13:52,717.4,728999
2021-06-15 10:13:53,717.1,729074
2021-06-15 10:13:54,717.1,729074
2021-06-15 10:13:55,717.4,729187
2021-06-15 10:13:56,717.4,729187
2021-06-15 10:13:58,717.2,729215
2021-06-15 10:14:01,717.2,729216
2021-06-15 10:14:02,717.5,729416
2021-06-15 10:14:04,717.5,729416
2021-06-15 10:14:05,717.2,729456
2021-06-15 10:14:06,717.2,729488
2021-06-15 10:14:07,717.2,729488
2021-06-15 10:14:07,717.2,729501
2021-06-15 10:14:08,717.2,729501
2021-06-15 10:14:10,717.55,729515
2021-06-15 10:14:11,717.55,729515
2021-06-15 10:14:12,717.55,729515
2021-06-15 10:14:13,717.55,729525
2021-06-15 10:14:14,717.55,729525
2021-06-15 10:14:15,717.55,729552
2021-06-15 10:14:16,717.2,729592
2021-06-15 10:14:17,717.2,729592
2021-06-15 10:14:18,717.55,729811
2021-06-15 10:14:19,717.55,729811
2021-06-15 10:14:20,717.55,729811
2021-06-15 10:14:21,717.55,729811
2021-06-15 10:14:22,717.55,729811
2021-06-15 10:14:22,717.55,729811
2021-06-15 10:14:23,717.55,729911
2021-06-15 10:14:24,717.55,730067
2021-06-15 10:14:25,717.55,730067
2021-06-15 10:14:27,717.55,730167
2021-06-15 10:14:27,717.55,730167
2021-06-15 10:14:29,717.55,730167
2021-06-15 10:14:30,717.55,730167
2021-06-15 10:14:31,717.55,730167
2021-06-15 10:14:32,717.6,730207
2021-06-15 10:14:32,717.6,730207
2021-06-15 10:14:33,717.6,730207
2021-06-15 10:14:34,717.6,730207
2021-06-15 10:14:35,717.1,730312
2021-06-15 10:14:36,717.05,730579
2021-06-15 10:14:37,717.4,730591
2021-06-15 10:14:39,717.4,730592
2021-06-15 10:14:40,717.0,731835
2021-06-15 10:14:41,716.8,731892
2021-06-15 10:14:41,716.8,731892
2021-06-15 10:14:42,717.25,731902
2021-06-15 10:14:43,717.25,731902
2021-06-15 10:14:44,717.25,731902
2021-06-15 10:14:45,716.85,731913
2021-06-15 10:14:46,716.85,731913
2021-06-15 10:14:47,716.85,731913
2021-06-15 10:14:48,716.85,731913
2021-06-15 10:14:49,717.2,731938
2021-06-15 10:14:51,717.2,732025
2021-06-15 10:14:52,717.0,732134
2021-06-15 10:14:53,717.0,732134
2021-06-15 10:14:54,717.0,732134
2021-06-15 10:14:55,717.2,732135
2021-06-15 10:14:58,716.8,734940
2021-06-15 10:14:59,717.0,734960
2021-06-15 10:15:00,717.0,735010
2021-06-15 10:15:01,716.5,735215
2021-06-15 10:15:02,716.5,735730
2021-06-15 10:15:03,716.8,735744
2021-06-15 10:15:05,716.5,735814
2021-06-15 10:15:06,716.5,735928
2021-06-15 10:15:07,716.75,735969
2021-06-15 10:15:08,716.75,736174
2021-06-15 10:15:09,716.5,736194
2021-06-15 10:15:10,716.5,736194
2021-06-15 10:15:11,716.55,736231
2021-06-15 10:15:12,716.5,736301
2021-06-15 10:15:13,716.5,736301
2021-06-15 10:15:14,716.5,736301
2021-06-15 10:15:15,716.45,736401
2021-06-15 10:15:16,716.45,736402
2021-06-15 10:15:18,716.5,736407
2021-06-15 10:15:18,716.5,736407
2021-06-15 10:15:19,716.5,736417
2021-06-15 10:15:20,716.45,737149
2021-06-15 10:15:22,716.5,737680
2021-06-15 10:15:23,716.45,737690
2021-06-15 10:15:23,716.45,738485
2021-06-15 10:15:24,716.25,738504
2021-06-15 10:15:25,716.25,738597
2021-06-15 10:15:26,716.2,738613
2021-06-15 10:15:27,716.2,738613
2021-06-15 10:15:28,716.5,738988
2021-06-15 10:15:30,716.5,738999
2021-06-15 10:15:31,716.5,738999
2021-06-15 10:15:31,716.2,739004
2021-06-15 10:15:32,716.2,739017
2021-06-15 10:15:33,716.2,739017
2021-06-15 10:15:34,716.45,739056
2021-06-15 10:15:35,716.1,739248
2021-06-15 10:15:36,716.1,739293
2021-06-15 10:15:37,715.5,745495
2021-06-15 10:15:38,716.2,747581
2021-06-15 10:15:39,716.2,747581
2021-06-15 10:15:40,715.75,747587
2021-06-15 10:15:42,716.45,749104
2021-06-15 10:15:43,715.85,749396
2021-06-15 10:15:44,715.85,749426
2021-06-15 10:15:45,715.8,750519
2021-06-15 10:15:46,715.8,750549
2021-06-15 10:15:47,716.15,750709
2021-06-15 10:15:49,716.15,750709
2021-06-15 10:15:50,716.1,750927
2021-06-15 10:15:50,716.1,750927
2021-06-15 10:15:51,716.5,751457
2021-06-15 10:15:52,716.1,751537
2021-06-15 10:15:53,716.45,751787
2021-06-15 10:15:54,716.4,751815
2021-06-15 10:15:56,716.55,752035
2021-06-15 10:15:57,716.95,752045
2021-06-15 10:15:58,716.5,752067
2021-06-15 10:15:59,716.5,752067
2021-06-15 10:16:00,716.4,752117
2021-06-15 10:16:01,716.75,752232
2021-06-15 10:16:02,716.4,752267
2021-06-15 10:16:03,716.4,752267
2021-06-15 10:16:05,716.4,752267
2021-06-15 10:16:08,716.4,752318
2021-06-15 10:16:09,716.4,752340
2021-06-15 10:16:10,716.4,752340
2021-06-15 10:16:11,716.4,752357
2021-06-15 10:16:13,716.4,752357
2021-06-15 10:16:14,716.45,752358
2021-06-15 10:16:15,716.45,752358
2021-06-15 10:16:16,716.45,752358
2021-06-15 10:16:17,716.45,752408
2021-06-15 10:16:18,716.3,752548
2021-06-15 10:16:18,716.3,752548
2021-06-15 10:16:19,716.3,752548
2021-06-15 10:16:20,716.4,752552
2021-06-15 10:16:21,716.05,753052
2021-06-15 10:16:22,716.05,753052
2021-06-15 10:16:24,716.05,753052
2021-06-15 10:16:24,716.4,753277
2021-06-15 10:16:26,716.1,753593
2021-06-15 10:16:26,716.1,753594
2021-06-15 10:16:27,716.4,753596
2021-06-15 10:16:28,716.4,753596
2021-06-15 10:16:29,716.1,753896
2021-06-15 10:16:31,716.4,753898
2021-06-15 10:16:32,716.4,753898
2021-06-15 10:16:33,716.4,754659
2021-06-15 10:16:34,716.4,754659
2021-06-15 10:16:35,716.1,754676
2021-06-15 10:16:35,716.1,754676
2021-06-15 10:16:37,716.1,754801
2021-06-15 10:16:38,716.4,754851
2021-06-15 10:16:39,716.15,755147
2021-06-15 10:16:40,716.4,755173
2021-06-15 10:16:41,716.4,755173
2021-06-15 10:16:42,716.4,755173
2021-06-15 10:16:43,716.15,755212
2021-06-15 10:16:44,716.15,755212
2021-06-15 10:16:45,716.15,755212
2021-06-15 10:16:45,716.15,755212
2021-06-15 10:16:46,716.4,755219
2021-06-15 10:16:47,716.4,755219
2021-06-15 10:16:48,716.15,755609
2021-06-15 10:16:50,716.4,755634
2021-06-15 10:16:51,716.4,755634
2021-06-15 10:16:52,716.4,755641
2021-06-15 10:16:53,716.4,755791
2021-06-15 10:16:54,716.5,756207
2021-06-15 10:16:55,716.4,756568
2021-06-15 10:16:56,716.4,756568
2021-06-15 10:16:57,716.4,756568
2021-06-15 10:16:57,716.65,756608
2021-06-15 10:16:58,716.65,756608
2021-06-15 10:16:59,716.65,756708
2021-06-15 10:17:01,716.65,756708
2021-06-15 10:17:02,716.4,756710
2021-06-15 10:17:03,716.45,756856
2021-06-15 10:17:04,716.45,756856
2021-06-15 10:17:05,716.95,757356
2021-06-15 10:17:06,716.55,757386
2021-06-15 10:17:07,716.85,757408
2021-06-15 10:17:08,716.65,757550
2021-06-15 10:17:11,716.95,757551
2021-06-15 10:17:12,716.65,757556
2021-06-15 10:17:14,716.95,757585
2021-06-15 10:17:15,716.95,757585
2021-06-15 10:17:16,716.65,757622
2021-06-15 10:17:17,716.65,757622
2021-06-15 10:17:18,716.65,757623
2021-06-15 10:17:19,716.55,757638
2021-06-15 10:17:19,716.55,757887
2021-06-15 10:17:20,716.6,757897
2021-06-15 10:17:21,716.55,757900
2021-06-15 10:17:22,716.55,757910
2021-06-15 10:17:23,716.85,758915
2021-06-15 10:17:25,716.6,759037
2021-06-15 10:17:26,716.6,759037
2021-06-15 10:17:27,716.9,759092
2021-06-15 10:17:28,716.9,759092
2021-06-15 10:17:29,716.9,759092
2021-06-15 10:17:30,716.9,759092
2021-06-15 10:17:31,716.95,759312
2021-06-15 10:17:32,716.95,759312
2021-06-15 10:17:33,716.85,759393
2021-06-15 10:17:34,716.95,759395
2021-06-15 10:17:35,716.95,759405
2021-06-15 10:17:36,716.85,759438
2021-06-15 10:17:37,716.85,759438
2021-06-15 10:17:38,717.0,759548
2021-06-15 10:17:40,717.45,761091
2021-06-15 10:17:41,717.45,761091
2021-06-15 10:17:42,717.45,761091
2021-06-15 10:17:43,717.65,761695
2021-06-15 10:17:44,717.65,761733
2021-06-15 10:17:45,717.65,761733
2021-06-15 10:17:46,717.65,761733
2021-06-15 10:17:47,717.65,761733
2021-06-15 10:17:48,717.65,761733
2021-06-15 10:17:49,717.95,761865
2021-06-15 10:17:50,717.95,761868
2021-06-15 10:17:50,717.6,762051
2021-06-15 10:17:51,717.6,762051
2021-06-15 10:17:53,717.95,762569
2021-06-15 10:17:54,718.0,762619
2021-06-15 10:17:55,718.0,762629
2021-06-15 10:17:56,718.0,762729
2021-06-15 10:17:57,718.0,763046
2021-06-15 10:17:57,717.65,763147
2021-06-15 10:17:58,718.0,763148
2021-06-15 10:18:00,718.0,763170
2021-06-15 10:18:00,718.45,764262
2021-06-15 10:18:02,717.65,764868
2021-06-15 10:18:03,717.65,764868
2021-06-15 10:18:04,717.65,765149
2021-06-15 10:18:05,717.65,765149
2021-06-15 10:18:06,717.95,765189
2021-06-15 10:18:07,717.6,765219
2021-06-15 10:18:08,717.5,765262
2021-06-15 10:18:09,717.5,765262
2021-06-15 10:18:10,717.4,765940
2021-06-15 10:18:11,717.8,766019
2021-06-15 10:18:12,717.8,766019
2021-06-15 10:18:13,717.8,766069
2021-06-15 10:18:14,717.35,766319
2021-06-15 10:18:15,717.5,766424
2021-06-15 10:18:16,717.7,766429
2021-06-15 10:18:17,717.7,766429
2021-06-15 10:18:18,717.7,766429
2021-06-15 10:18:19,717.5,766729
2021-06-15 10:18:20,717.65,766757
2021-06-15 10:18:21,717.65,766762
2021-06-15 10:18:23,717.4,766804
2021-06-15 10:18:24,717.65,766915
2021-06-15 10:18:25,717.25,767036
2021-06-15 10:18:26,717.25,767036
2021-06-15 10:18:27,717.5,768636
2021-06-15 10:18:28,717.5,768636
2021-06-15 10:18:29,717.5,768647
2021-06-15 10:18:30,717.5,768647
2021-06-15 10:18:31,717.5,768647
2021-06-15 10:18:32,717.55,768847
2021-06-15 10:18:33,717.35,768857
2021-06-15 10:18:34,717.1,769592
2021-06-15 10:18:35,717.1,769592
2021-06-15 10:18:36,717.35,769595
2021-06-15 10:18:37,717.15,769625
2021-06-15 10:18:38,717.05,769630
2021-06-15 10:18:39,717.35,770631
2021-06-15 10:18:40,717.35,770651
2021-06-15 10:18:41,717.35,770651
2021-06-15 10:18:42,717.35,770651
2021-06-15 10:18:43,717.35,770651
2021-06-15 10:18:44,717.35,770652
2021-06-15 10:18:45,717.35,770656
2021-06-15 10:18:46,717.35,770845
2021-06-15 10:18:47,717.35,770845
2021-06-15 10:18:49,717.55,771562
2021-06-15 10:18:50,717.55,771562
2021-06-15 10:18:51,717.55,771562
2021-06-15 10:18:52,717.55,771572
2021-06-15 10:18:53,717.55,771574
2021-06-15 10:18:54,717.55,771594
2021-06-15 10:18:55,717.55,771646
2021-06-15 10:18:56,717.55,771756
2021-06-15 10:18:57,717.55,771806
2021-06-15 10:18:58,717.35,771906
2021-06-15 10:18:59,717.55,771907
2021-06-15 10:19:00,717.55,771957
2021-06-15 10:19:01,717.55,771957
2021-06-15 10:19:02,717.55,771957
2021-06-15 10:19:03,717.3,772168
2021-06-15 10:19:04,717.3,772168
2021-06-15 10:19:05,717.3,772168
2021-06-15 10:19:06,717.3,772709
2021-06-15 10:19:07,717.25,772831
2021-06-15 10:19:08,717.25,772831
2021-06-15 10:19:09,717.25,772890
2021-06-15 10:19:10,717.25,772890
2021-06-15 10:19:11,717.55,773639
2021-06-15 10:19:12,717.55,773639
2021-06-15 10:19:13,717.2,773669
2021-06-15 10:19:14,717.55,773672
2021-06-15 10:19:15,717.35,773693
2021-06-15 10:19:16,717.35,773792
2021-06-15 10:19:18,717.4,773863
2021-06-15 10:19:19,717.4,773863
2021-06-15 10:19:20,717.4,773863
2021-06-15 10:19:21,717.2,773898
2021-06-15 10:19:22,717.2,773898
2021-06-15 10:19:23,717.2,773903
2021-06-15 10:19:24,717.2,773903
2021-06-15 10:19:25,717.2,773903
2021-06-15 10:19:26,717.2,773903
2021-06-15 10:19:27,717.2,773905
2021-06-15 10:19:28,717.2,773905
2021-06-15 10:19:29,717.5,773915
2021-06-15 10:19:30,717.5,773915
2021-06-15 10:19:31,717.5,774015
2021-06-15 10:19:32,717.5,774017
2021-06-15 10:19:34,717.5,774018
2021-06-15 10:19:35,717.55,774156
2021-06-15 10:19:36,717.2,774187
2021-06-15 10:19:37,717.2,774187
2021-06-15 10:19:38,717.2,774187
2021-06-15 10:19:39,717.2,774208
2021-06-15 10:19:40,717.2,774208
2021-06-15 10:19:42,717.55,774503
2021-06-15 10:19:43,717.55,774503
2021-06-15 10:19:44,717.3,774515
2021-06-15 10:19:45,717.3,774516
2021-06-15 10:19:46,717.15,775892
2021-06-15 10:19:47,717.15,775892
2021-06-15 10:19:48,717.2,775897
2021-06-15 10:19:49,717.2,775897
2021-06-15 10:19:50,717.2,775988
2021-06-15 10:19:51,717.2,775988
2021-06-15 10:19:52,717.2,776013
2021-06-15 10:19:53,717.3,776313
2021-06-15 10:19:54,717.3,776313
2021-06-15 10:19:55,717.3,776313
2021-06-15 10:19:56,717.3,776333
2021-06-15 10:19:57,717.3,776333
2021-06-15 10:19:58,717.3,776741
2021-06-15 10:19:59,717.35,776927
2021-06-15 10:20:00,717.45,776957
2021-06-15 10:20:01,717.45,776957
2021-06-15 10:20:03,717.45,776957
2021-06-15 10:20:04,717.45,776957
2021-06-15 10:20:05,717.45,776957
2021-06-15 10:20:06,717.45,776957
2021-06-15 10:20:07,717.35,776987
2021-06-15 10:20:08,717.35,776987
2021-06-15 10:20:10,717.35,776987
2021-06-15 10:20:11,717.35,776987
2021-06-15 10:20:12,717.35,777040
2021-06-15 10:20:14,717.45,777150
2021-06-15 10:20:15,717.45,777150
2021-06-15 10:20:16,717.5,777252
2021-06-15 10:20:17,717.5,777252
2021-06-15 10:20:18,717.5,777255
2021-06-15 10:20:19,717.5,777305
2021-06-15 10:20:20,717.35,777511
2021-06-15 10:20:21,717.35,777511
2021-06-15 10:20:23,717.55,777611
2021-06-15 10:20:24,717.55,777680
2021-06-15 10:20:25,717.35,777730
2021-06-15 10:20:26,717.35,777730
2021-06-15 10:20:27,717.55,777735
2021-06-15 10:20:28,717.55,777735
2021-06-15 10:20:30,717.55,777785
2021-06-15 10:20:30,717.55,777785
2021-06-15 10:20:31,717.55,777835
2021-06-15 10:20:32,717.55,777835
2021-06-15 10:20:34,717.55,777835
2021-06-15 10:20:34,717.7,778835
2021-06-15 10:20:35,717.6,778957
2021-06-15 10:20:36,718.1,779012
2021-06-15 10:20:37,717.7,779042
2021-06-15 10:20:38,717.95,779082
2021-06-15 10:20:39,717.95,779082
2021-06-15 10:20:40,718.2,779092
2021-06-15 10:20:41,717.8,779114
2021-06-15 10:20:42,717.8,779114
2021-06-15 10:20:43,717.75,779225
2021-06-15 10:20:44,718.15,779443
2021-06-15 10:20:45,718.5,779674
2021-06-15 10:20:46,718.1,779924
2021-06-15 10:20:47,718.35,779974
2021-06-15 10:20:48,718.1,779977
2021-06-15 10:20:49,718.45,780090
2021-06-15 10:20:50,718.45,780090
2021-06-15 10:20:51,718.1,780296
2021-06-15 10:20:52,718.1,780296
2021-06-15 10:20:53,718.1,780296
2021-06-15 10:20:54,718.1,780296
2021-06-15 10:20:55,718.1,780401
2021-06-15 10:20:56,718.1,780401
2021-06-15 10:20:57,718.4,780470
2021-06-15 10:20:58,718.4,780470
2021-06-15 10:21:00,718.1,780510
2021-06-15 10:21:00,718.1,780514
2021-06-15 10:21:01,718.4,780614
2021-06-15 10:21:03,718.1,780639
2021-06-15 10:21:03,718.1,780639
2021-06-15 10:21:04,718.4,780657
2021-06-15 10:21:05,718.45,780670
2021-06-15 10:21:06,718.2,780705
2021-06-15 10:21:07,718.45,780906
2021-06-15 10:21:08,718.45,780907
2021-06-15 10:21:09,718.5,781057
2021-06-15 10:21:10,718.4,781081
2021-06-15 10:21:11,718.4,781211
2021-06-15 10:21:12,718.5,781231
2021-06-15 10:21:13,718.5,781231
2021-06-15 10:21:14,718.5,781281
2021-06-15 10:21:15,718.5,781281
2021-06-15 10:21:16,718.5,781293
2021-06-15 10:21:17,718.4,781443
2021-06-15 10:21:18,718.5,781450
2021-06-15 10:21:19,718.5,781491
2021-06-15 10:21:20,718.5,781527
2021-06-15 10:21:21,718.5,781735
2021-06-15 10:21:23,718.5,781841
2021-06-15 10:21:24,718.5,781841
2021-06-15 10:21:25,718.5,781956
2021-06-15 10:21:26,718.5,782081
2021-06-15 10:21:27,718.5,782091
2021-06-15 10:21:28,718.5,783586
2021-06-15 10:21:29,718.5,783586
2021-06-15 10:21:30,718.5,783591
2021-06-15 10:21:31,718.5,783791
2021-06-15 10:21:32,718.5,783791
2021-06-15 10:21:33,718.4,783837
2021-06-15 10:21:34,718.5,783857
2021-06-15 10:21:35,718.5,783867
2021-06-15 10:21:36,718.4,783927
2021-06-15 10:21:37,718.5,783998
2021-06-15 10:21:38,718.6,784698
2021-06-15 10:21:39,718.4,784748
2021-06-15 10:21:40,718.55,784759
2021-06-15 10:21:41,718.5,784769
2021-06-15 10:21:42,718.4,784780
2021-06-15 10:21:43,718.4,785167
2021-06-15 10:21:44,718.5,785188
2021-06-15 10:21:45,718.4,785211
2021-06-15 10:21:46,718.4,785211
2021-06-15 10:21:47,718.4,785211
2021-06-15 10:21:48,718.4,785211
2021-06-15 10:21:49,718.4,785220
2021-06-15 10:21:50,718.4,785220
2021-06-15 10:21:51,718.5,785248
2021-06-15 10:21:53,718.5,785295
2021-06-15 10:21:55,718.5,785301
2021-06-15 10:21:56,718.5,785301
2021-06-15 10:21:57,718.5,785307
2021-06-15 10:21:59,718.5,785307
2021-06-15 10:21:59,718.5,785307
2021-06-15 10:22:00,718.5,785307
2021-06-15 10:22:01,718.5,785307
2021-06-15 10:22:03,718.4,785948
2021-06-15 10:22:04,718.2,786104
2021-06-15 10:22:04,718.2,786104
2021-06-15 10:22:05,718.2,786129
2021-06-15 10:22:06,718.2,786159
2021-06-15 10:22:07,718.5,786164
2021-06-15 10:22:08,718.5,786264
2021-06-15 10:22:09,718.5,786299
2021-06-15 10:22:10,718.5,786299
2021-06-15 10:22:11,718.5,786300
2021-06-15 10:22:12,718.5,786311
2021-06-15 10:22:13,718.5,786313
2021-06-15 10:22:14,718.5,786313
2021-06-15 10:22:15,718.5,786320
2021-06-15 10:22:16,718.5,786331
2021-06-15 10:22:18,718.5,786834
2021-06-15 10:22:19,718.5,786834
2021-06-15 10:22:20,718.5,786834
2021-06-15 10:22:21,718.5,786954
2021-06-15 10:22:22,718.3,786974
2021-06-15 10:22:23,718.5,786994
2021-06-15 10:22:24,718.5,787014
2021-06-15 10:22:25,718.5,787014
2021-06-15 10:22:27,718.5,787014
2021-06-15 10:22:29,718.5,787014
2021-06-15 10:22:29,718.5,787014
2021-06-15 10:22:30,718.5,787014
2021-06-15 10:22:31,718.5,787045
2021-06-15 10:22:33,718.5,787087
2021-06-15 10:22:33,718.5,787087
2021-06-15 10:22:34,718.5,787097
2021-06-15 10:22:35,718.5,787131
2021-06-15 10:22:36,718.3,787191
2021-06-15 10:22:37,718.3,787191
2021-06-15 10:22:39,718.4,787241
2021-06-15 10:22:40,718.45,787243
2021-06-15 10:22:41,718.45,787268
2021-06-15 10:22:42,718.45,787270
2021-06-15 10:22:43,718.45,787270
2021-06-15 10:22:44,718.45,787270
2021-06-15 10:22:45,718.45,787280
2021-06-15 10:22:46,718.3,787290
2021-06-15 10:22:47,718.5,787484
2021-06-15 10:22:48,718.3,787605
2021-06-15 10:22:48,718.3,787605
2021-06-15 10:22:49,718.5,787691
2021-06-15 10:22:50,718.5,787732
2021-06-15 10:22:51,718.6,788032
2021-06-15 10:22:54,718.6,788047
2021-06-15 10:22:54,718.6,788047
2021-06-15 10:22:55,718.6,788047
2021-06-15 10:22:56,718.6,788048
2021-06-15 10:22:57,718.6,788048
2021-06-15 10:22:58,718.6,788048
2021-06-15 10:22:59,718.6,788048
2021-06-15 10:23:00,718.6,788198
2021-06-15 10:23:01,718.6,788198
2021-06-15 10:23:02,718.7,788736
2021-06-15 10:23:03,718.75,788958
2021-06-15 10:23:04,718.75,788959
2021-06-15 10:23:05,718.8,789044
2021-06-15 10:23:06,718.5,789134
2021-06-15 10:23:08,718.5,789134
2021-06-15 10:23:10,718.8,789201
2021-06-15 10:23:11,718.8,789201
2021-06-15 10:23:11,718.8,789201
2021-06-15 10:23:12,718.6,789820
2021-06-15 10:23:13,718.6,789820
2021-06-15 10:23:14,718.6,789821
2021-06-15 10:23:15,718.5,789824
2021-06-15 10:23:16,718.7,789829
2021-06-15 10:23:17,718.65,789846
2021-06-15 10:23:18,718.5,789854
2021-06-15 10:23:19,718.5,789854
2021-06-15 10:23:20,718.5,789854
2021-06-15 10:23:21,718.7,789872
2021-06-15 10:23:22,718.7,789872
2021-06-15 10:23:23,718.7,789894
2021-06-15 10:23:24,718.7,789894
2021-06-15 10:23:25,718.6,789896
2021-06-15 10:23:26,718.5,789911
2021-06-15 10:23:27,718.5,789911
2021-06-15 10:23:28,718.5,789911
2021-06-15 10:23:29,718.5,789911
2021-06-15 10:23:30,718.5,789911
2021-06-15 10:23:31,718.6,789924
2021-06-15 10:23:32,718.6,789924
2021-06-15 10:23:34,718.7,789929
2021-06-15 10:23:35,718.7,789929
2021-06-15 10:23:36,718.7,789929
2021-06-15 10:23:37,718.6,790402
2021-06-15 10:23:38,718.6,790402
2021-06-15 10:23:38,718.6,790402
2021-06-15 10:23:39,718.7,790427
2021-06-15 10:23:40,718.7,790477
2021-06-15 10:23:41,718.7,790485
2021-06-15 10:23:42,718.7,790792
2021-06-15 10:23:43,718.7,790792
2021-06-15 10:23:44,719.0,791012
2021-06-15 10:23:45,719.0,791017
2021-06-15 10:23:46,719.0,791018
2021-06-15 10:23:47,718.7,791053
2021-06-15 10:23:48,719.0,791155
2021-06-15 10:23:49,719.0,791155
2021-06-15 10:23:50,719.0,791155
2021-06-15 10:23:51,718.8,791165
2021-06-15 10:23:52,718.8,791169
2021-06-15 10:23:54,718.8,791169
2021-06-15 10:23:55,718.8,791169
2021-06-15 10:23:55,718.8,791169
2021-06-15 10:23:56,718.8,791169
2021-06-15 10:23:57,718.8,791169
2021-06-15 10:23:58,718.8,791169
2021-06-15 10:24:00,718.9,791397
2021-06-15 10:24:01,718.75,791399
2021-06-15 10:24:02,719.0,791554
2021-06-15 10:24:03,719.0,791554
2021-06-15 10:24:03,719.0,791554
2021-06-15 10:24:05,719.0,791554
2021-06-15 10:24:05,719.0,791684
2021-06-15 10:24:06,718.75,791714
2021-06-15 10:24:07,718.75,791714
2021-06-15 10:24:08,719.0,791814
2021-06-15 10:24:10,719.0,791814
2021-06-15 10:24:12,718.8,791819
2021-06-15 10:24:13,718.8,791839
2021-06-15 10:24:14,719.0,792055
2021-06-15 10:24:15,719.0,792105
2021-06-15 10:24:16,719.0,792105
2021-06-15 10:24:17,719.4,792300
2021-06-15 10:24:17,719.55,792375
2021-06-15 10:24:18,719.55,792375
2021-06-15 10:24:19,719.55,792540
2021-06-15 10:24:20,719.55,792540
2021-06-15 10:24:21,719.55,792540
2021-06-15 10:24:22,719.55,792689
2021-06-15 10:24:24,719.55,792700
2021-06-15 10:24:25,719.55,792700
2021-06-15 10:24:26,719.2,792702
2021-06-15 10:24:27,719.2,792702
2021-06-15 10:24:28,719.2,792908
2021-06-15 10:24:29,719.5,792912
2021-06-15 10:24:29,719.5,792917
2021-06-15 10:24:30,719.5,792917
2021-06-15 10:24:31,719.5,792917
2021-06-15 10:24:32,719.5,792917
2021-06-15 10:24:33,719.5,793017
2021-06-15 10:24:34,719.5,793020
2021-06-15 10:24:35,719.5,793020
2021-06-15 10:24:36,719.65,794069
2021-06-15 10:24:37,719.65,794069
2021-06-15 10:24:38,719.65,794069
2021-06-15 10:24:40,719.6,794169
2021-06-15 10:24:41,719.25,794171
2021-06-15 10:24:42,719.6,794181
2021-06-15 10:24:43,719.6,794181
2021-06-15 10:24:43,719.6,794181
2021-06-15 10:24:44,719.6,794232
2021-06-15 10:24:45,719.6,794232
2021-06-15 10:24:48,719.25,794300
2021-06-15 10:24:49,719.25,794305
2021-06-15 10:24:50,719.25,794305
2021-06-15 10:24:51,719.55,794320
2021-06-15 10:24:52,719.25,794643
2021-06-15 10:24:53,719.6,794658
2021-06-15 10:24:55,719.25,794664
2021-06-15 10:24:56,719.6,794764
2021-06-15 10:24:57,719.6,794764
2021-06-15 10:24:58,719.75,795069
2021-06-15 10:24:59,719.75,795069
2021-06-15 10:25:00,719.75,795069
2021-06-15 10:25:01,719.65,795115
2021-06-15 10:25:02,719.3,795134
2021-06-15 10:25:03,719.3,795139
2021-06-15 10:25:04,719.65,795224
2021-06-15 10:25:05,719.65,795224
2021-06-15 10:25:08,719.3,795254
2021-06-15 10:25:09,719.3,795254
2021-06-15 10:25:09,719.3,795254
2021-06-15 10:25:10,719.3,795256
2021-06-15 10:25:12,719.65,795257
2021-06-15 10:25:13,719.65,795257
2021-06-15 10:25:14,719.65,795272
2021-06-15 10:25:15,719.35,795282
2021-06-15 10:25:16,719.35,795282
2021-06-15 10:25:17,719.65,795382
2021-06-15 10:25:18,719.35,795387
2021-06-15 10:25:20,719.75,795591
2021-06-15 10:25:22,719.75,795591
2021-06-15 10:25:23,719.75,795591
2021-06-15 10:25:23,719.75,795591
2021-06-15 10:25:24,719.75,795591
2021-06-15 10:25:25,719.7,795592
2021-06-15 10:25:26,719.7,795592
2021-06-15 10:25:28,719.75,795655
2021-06-15 10:25:29,719.4,795656
2021-06-15 10:25:30,719.4,795681
2021-06-15 10:25:31,719.4,795682
2021-06-15 10:25:33,719.7,795702
2021-06-15 10:25:34,719.7,795722
2021-06-15 10:25:36,719.4,795983
2021-06-15 10:25:36,719.4,795983
2021-06-15 10:25:37,719.4,795983
2021-06-15 10:25:39,719.4,795983
2021-06-15 10:25:40,719.7,796123
2021-06-15 10:25:41,719.4,796330
2021-06-15 10:25:42,719.4,796366
2021-06-15 10:25:43,719.65,796826
2021-06-15 10:25:44,719.65,796826
2021-06-15 10:25:45,719.65,796826
2021-06-15 10:25:47,719.65,796997
2021-06-15 10:25:48,719.65,796997
2021-06-15 10:25:48,719.4,796999
2021-06-15 10:25:49,719.4,796999
2021-06-15 10:25:50,719.4,797002
2021-06-15 10:25:51,719.65,797009
2021-06-15 10:25:52,719.4,797269
2021-06-15 10:25:53,719.6,797271
2021-06-15 10:25:55,719.4,797289
2021-06-15 10:25:56,719.4,797289
2021-06-15 10:25:57,719.4,797802
2021-06-15 10:25:58,719.5,797805
2021-06-15 10:25:59,719.5,797806
2021-06-15 10:26:00,719.6,798006
2021-06-15 10:26:01,719.6,798006
2021-06-15 10:26:02,719.35,798238
2021-06-15 10:26:03,719.2,798854
2021-06-15 10:26:04,719.4,798919
2021-06-15 10:26:05,719.15,798936
2021-06-15 10:26:05,719.15,798936
2021-06-15 10:26:06,719.4,799099
2021-06-15 10:26:07,719.4,799099
2021-06-15 10:26:08,719.4,799099
2021-06-15 10:26:09,719.55,799199
2021-06-15 10:26:10,719.3,799200
2021-06-15 10:26:11,719.55,799201
2021-06-15 10:26:12,719.55,799201
2021-06-15 10:26:14,719.15,799363
2021-06-15 10:26:15,719.15,799413
2021-06-15 10:26:16,719.15,799413
2021-06-15 10:26:16,719.15,799413
2021-06-15 10:26:17,719.5,799418
2021-06-15 10:26:18,719.5,799418
2021-06-15 10:26:19,719.4,799451
2021-06-15 10:26:20,719.4,799491
2021-06-15 10:26:21,719.4,799491
2021-06-15 10:26:23,719.4,799591
2021-06-15 10:26:24,719.4,799591
2021-06-15 10:26:25,719.4,799601
2021-06-15 10:26:26,719.4,799613
2021-06-15 10:26:27,719.4,799613
2021-06-15 10:26:27,719.4,799613
2021-06-15 10:26:28,719.45,799723
2021-06-15 10:26:29,719.5,799770
2021-06-15 10:26:30,719.5,799770
2021-06-15 10:26:31,719.1,799883
2021-06-15 10:26:32,719.5,800013
2021-06-15 10:26:33,719.45,800019
2021-06-15 10:26:34,719.45,800019
2021-06-15 10:26:35,719.45,800019
2021-06-15 10:26:36,719.15,800049
2021-06-15 10:26:37,719.15,800049
2021-06-15 10:26:38,719.5,800059
2021-06-15 10:26:39,719.45,800286
2021-06-15 10:26:41,719.1,800291
2021-06-15 10:26:42,719.45,800297
2021-06-15 10:26:43,719.1,800387
2021-06-15 10:26:44,719.1,800387
2021-06-15 10:26:45,719.1,800387
2021-06-15 10:26:46,719.1,800387
2021-06-15 10:26:47,719.1,800387
2021-06-15 10:26:48,719.25,800417
2021-06-15 10:26:49,719.25,800417
2021-06-15 10:26:50,719.45,800472
2021-06-15 10:26:51,719.45,800472
2021-06-15 10:26:52,719.45,800492
2021-06-15 10:26:53,719.45,800652
2021-06-15 10:26:54,719.5,800774
2021-06-15 10:26:57,719.45,800785
2021-06-15 10:26:58,719.3,800789
2021-06-15 10:26:59,719.35,800819
2021-06-15 10:27:00,719.35,800819
2021-06-15 10:27:01,719.35,800819
2021-06-15 10:27:02,719.4,800824
2021-06-15 10:27:03,719.4,800824
2021-06-15 10:27:04,719.4,800825
2021-06-15 10:27:05,719.4,800889
2021-06-15 10:27:06,719.25,800891
2021-06-15 10:27:07,719.1,800942
2021-06-15 10:27:08,719.1,800942
2021-06-15 10:27:10,719.4,800972
2021-06-15 10:27:11,719.4,800972
2021-06-15 10:27:12,719.4,800972
2021-06-15 10:27:13,719.15,800989
2021-06-15 10:27:14,719.15,800989
2021-06-15 10:27:15,719.45,800998
2021-06-15 10:27:18,719.4,801023
2021-06-15 10:27:19,719.45,801065
2021-06-15 10:27:20,719.4,801069
2021-06-15 10:27:21,719.2,801078
2021-06-15 10:27:22,719.2,801078
2021-06-15 10:27:23,719.4,801166
2021-06-15 10:27:24,719.4,801166
2021-06-15 10:27:25,719.45,801171
2021-06-15 10:27:26,719.45,801171
2021-06-15 10:27:27,719.2,801174
2021-06-15 10:27:28,719.2,801174
2021-06-15 10:27:28,719.2,801174
2021-06-15 10:27:29,719.45,802022
2021-06-15 10:27:30,719.05,802228
2021-06-15 10:27:31,719.4,802258
2021-06-15 10:27:33,719.0,802259
2021-06-15 10:27:34,719.0,802259
2021-06-15 10:27:38,719.05,802289
2021-06-15 10:27:45,719.05,802673
2021-06-15 10:27:49,719.4,802702
2021-06-15 10:27:52,719.4,802777
2021-06-15 10:27:56,719.4,802780
2021-06-15 10:28:00,719.4,802958
2021-06-15 10:28:03,719.4,802967
2021-06-15 10:28:07,719.4,803331
2021-06-15 10:28:11,719.5,804368
2021-06-15 10:28:14,719.6,804443
2021-06-15 10:28:18,719.0,805453
2021-06-15 10:28:21,719.55,805575
2021-06-15 10:28:25,719.8,808372
2021-06-15 10:28:28,719.8,808428
2021-06-15 10:28:32,719.6,808558
2021-06-15 10:28:35,719.8,809247
2021-06-15 10:28:39,719.8,809382
2021-06-15 10:28:43,719.6,809722
2021-06-15 10:28:47,719.8,810056
2021-06-15 10:28:52,719.85,810199
2021-06-15 10:28:56,719.85,810319
2021-06-15 10:29:00,719.85,811883
2021-06-15 10:29:04,719.85,811887
2021-06-15 10:29:08,719.8,812084
2021-06-15 10:29:15,720.3,818758
2021-06-15 10:29:19,719.4,824679
2021-06-15 10:29:24,719.45,825196
2021-06-15 10:29:28,719.65,826425
2021-06-15 10:29:32,719.45,826427
2021-06-15 10:29:35,719.5,826563
2021-06-15 10:29:39,719.15,826603
2021-06-15 10:29:43,719.15,826603
2021-06-15 10:29:47,719.25,826868
2021-06-15 10:29:50,719.4,826869
2021-06-15 10:29:54,719.3,826875
2021-06-15 10:29:57,719.4,826915
2021-06-15 10:30:01,719.4,826916
2021-06-15 10:30:05,719.35,826997
2021-06-15 10:30:08,719.4,827029
2021-06-15 10:30:12,719.5,827116
2021-06-15 10:30:17,719.6,827235
2021-06-15 10:30:21,719.9,829256
2021-06-15 10:30:25,719.4,831317
2021-06-15 10:30:29,719.1,831395
2021-06-15 10:30:33,719.15,831400
2021-06-15 10:30:37,719.2,831801
2021-06-15 10:30:40,719.4,831816
2021-06-15 10:30:48,719.2,831982
2021-06-15 10:30:53,719.2,832063
2021-06-15 10:30:57,719.4,832079
2021-06-15 10:31:01,719.4,832093
2021-06-15 10:31:04,719.4,832095
2021-06-15 10:31:08,719.2,832126
2021-06-15 10:31:12,719.35,832166
2021-06-15 10:31:16,719.35,832170
2021-06-15 10:31:20,719.2,832186
2021-06-15 10:31:23,719.35,832209
2021-06-15 10:31:27,719.2,832219
2021-06-15 10:31:30,718.6,835761
2021-06-15 10:31:33,718.6,835761
2021-06-15 10:31:37,718.75,836000
2021-06-15 10:31:40,718.7,836560
2021-06-15 10:31:44,718.7,836844
2021-06-15 10:31:47,718.75,837024
2021-06-15 10:31:51,718.15,840233
2021-06-15 10:31:55,718.6,840238
2021-06-15 10:31:58,718.6,840494
2021-06-15 10:32:01,718.75,841326
2021-06-15 10:32:04,718.75,841457
2021-06-15 10:32:08,718.7,842805
2021-06-15 10:32:12,718.7,843111
2021-06-15 10:32:15,718.8,843374
2021-06-15 10:32:19,718.85,843497
2021-06-15 10:32:22,718.5,843869
2021-06-15 10:32:25,718.3,845222
2021-06-15 10:32:28,718.75,845482
2021-06-15 10:32:31,718.55,845674
2021-06-15 10:32:34,718.8,846009
2021-06-15 10:32:35,718.95,846142
2021-06-15 10:32:35,718.95,846142
2021-06-15 10:32:36,718.6,846172
2021-06-15 10:32:37,718.6,846172
2021-06-15 10:32:38,718.95,846182
2021-06-15 10:32:40,719.0,846224
2021-06-15 10:32:40,719.0,846224
2021-06-15 10:32:41,719.05,846234
2021-06-15 10:32:42,719.05,846234
2021-06-15 10:32:43,719.05,846234
2021-06-15 10:32:44,719.1,846238
2021-06-15 10:32:45,719.1,846238
2021-06-15 10:32:46,719.1,846238
2021-06-15 10:32:48,719.0,846553
2021-06-15 10:32:49,719.05,846556
2021-06-15 10:32:50,719.05,846556
2021-06-15 10:32:51,719.05,847547
2021-06-15 10:32:51,719.05,847547
2021-06-15 10:32:52,718.85,848701
2021-06-15 10:32:53,718.85,848701
2021-06-15 10:32:54,718.85,848721
2021-06-15 10:32:55,718.85,848721
2021-06-15 10:32:56,718.85,848721
2021-06-15 10:32:57,718.85,848721
2021-06-15 10:32:58,718.85,848721
2021-06-15 10:32:59,718.85,848721
2021-06-15 10:33:00,719.0,851028
2021-06-15 10:33:01,719.0,851028
2021-06-15 10:33:02,718.5,851058
2021-06-15 10:33:03,718.5,851058
2021-06-15 10:33:04,718.5,851058
2021-06-15 10:33:05,718.5,851058
2021-06-15 10:33:08,718.6,851088
2021-06-15 10:33:09,718.6,851088
2021-06-15 10:33:10,719.0,851405
2021-06-15 10:33:10,719.0,851415
2021-06-15 10:33:11,719.0,851415
2021-06-15 10:33:12,719.0,851415
2021-06-15 10:33:13,719.0,851420
2021-06-15 10:33:14,719.0,851420
2021-06-15 10:33:15,718.5,851536
2021-06-15 10:33:16,718.5,851536
2021-06-15 10:33:17,718.35,851547
