timestamp,ltp,volume
2021-06-15 09:15:47,3289.55,42121
2021-06-15 09:15:48,3289.15,42628
2021-06-15 09:15:49,3291.6,43335
2021-06-15 09:15:51,3290.45,45636
2021-06-15 09:15:52,3290.0,45961
2021-06-15 09:15:53,3287.15,47333
2021-06-15 09:15:54,3286.5,48027
2021-06-15 09:15:55,3287.75,48588
2021-06-15 09:15:56,3286.0,48917
2021-06-15 09:15:57,3285.3,51930
2021-06-15 09:15:58,3285.55,52509
2021-06-15 09:16:02,3284.05,53263
2021-06-15 09:16:04,3285.65,53537
2021-06-15 09:16:06,3286.2,54932
2021-06-15 09:16:08,3285.9,55656
2021-06-15 09:16:11,3285.0,57000
2021-06-15 09:16:12,3286.25,57468
2021-06-15 09:16:14,3286.3,57825
2021-06-15 09:16:15,3286.7,57902
2021-06-15 09:16:16,3286.25,58079
2021-06-15 09:16:17,3286.5,58519
2021-06-15 09:16:18,3284.6,58591
2021-06-15 09:16:19,3284.95,58841
2021-06-15 09:16:20,3286.85,59495
2021-06-15 09:16:21,3286.85,59865
2021-06-15 09:16:22,3284.9,59868
2021-06-15 09:16:23,3286.25,60549
2021-06-15 09:16:24,3286.75,60656
2021-06-15 09:16:25,3286.9,61025
2021-06-15 09:16:27,3286.45,61161
2021-06-15 09:16:28,3286.15,61414
2021-06-15 09:16:29,3286.0,61584
2021-06-15 09:16:30,3286.4,61745
2021-06-15 09:16:31,3286.0,62516
2021-06-15 09:16:32,3286.7,63717
2021-06-15 09:16:33,3288.5,63888
2021-06-15 09:16:34,3286.9,64316
2021-06-15 09:16:35,3287.7,64408
2021-06-15 09:16:36,3287.7,64419
2021-06-15 09:16:38,3288.15,64545
2021-06-15 09:16:39,3286.85,65266
2021-06-15 09:16:40,3286.9,66026
2021-06-15 09:16:41,3287.6,66662
2021-06-15 09:16:42,3287.6,68146
2021-06-15 09:16:43,3287.25,68815
2021-06-15 09:16:44,3287.25,69335
2021-06-15 09:16:45,3287.85,69962
2021-06-15 09:16:46,3286.9,70478
2021-06-15 09:16:47,3287.8,70655
2021-06-15 09:16:48,3287.3,71123
2021-06-15 09:16:50,3287.0,71965
2021-06-15 09:16:51,3286.95,72075
2021-06-15 09:16:52,3287.0,72101
2021-06-15 09:16:53,3286.95,72448
2021-06-15 09:16:54,3286.95,72471
2021-06-15 09:16:55,3286.7,73626
2021-06-15 09:16:56,3286.75,74383
2021-06-15 09:16:57,3285.2,74435
2021-06-15 09:16:58,3285.1,74550
2021-06-15 09:17:00,3286.1,74938
2021-06-15 09:17:00,3285.85,74949
2021-06-15 09:17:01,3285.85,74959
2021-06-15 09:17:03,3285.1,75051
2021-06-15 09:17:03,3285.1,75051
2021-06-15 09:17:04,3285.05,75616
2021-06-15 09:17:06,3285.15,76134
2021-06-15 09:17:07,3285.15,77399
2021-06-15 09:17:08,3284.05,78111
2021-06-15 09:17:09,3283.35,78338
2021-06-15 09:17:10,3282.15,79445
2021-06-15 09:17:11,3281.75,79853
2021-06-15 09:17:13,3282.15,79960
2021-06-15 09:17:13,3283.2,80298
2021-06-15 09:17:14,3282.15,80346
2021-06-15 09:17:15,3282.55,80728
2021-06-15 09:17:16,3281.3,80943
2021-06-15 09:17:17,3281.45,81108
2021-06-15 09:17:18,3282.95,81211
2021-06-15 09:17:19,3282.95,81402
2021-06-15 09:17:20,3281.45,81472
2021-06-15 09:17:21,3283.15,81621
2021-06-15 09:17:22,3283.55,81761
2021-06-15 09:17:23,3283.55,81784
2021-06-15 09:17:24,3283.9,81847
2021-06-15 09:17:25,3284.25,81864
2021-06-15 09:17:27,3284.25,81864
2021-06-15 09:17:27,3284.25,81864
2021-06-15 09:17:28,3283.0,81944
2021-06-15 09:17:29,3283.0,81944
2021-06-15 09:17:30,3283.85,82003
2021-06-15 09:17:31,3283.85,82006
2021-06-15 09:17:32,3283.85,82052
2021-06-15 09:17:33,3283.45,82998
2021-06-15 09:17:34,3285.2,83144
2021-06-15 09:17:35,3285.6,83360
2021-06-15 09:17:36,3285.6,83360
2021-06-15 09:17:37,3285.55,83646
2021-06-15 09:17:38,3285.9,83691
2021-06-15 09:17:39,3285.65,84158
2021-06-15 09:17:41,3285.0,84295
2021-06-15 09:17:45,3285.6,84678
2021-06-15 09:17:45,3284.5,84709
2021-06-15 09:17:48,3285.0,85352
2021-06-15 09:17:49,3285.0,85370
2021-06-15 09:17:50,3285.0,85626
2021-06-15 09:17:51,3285.0,85788
2021-06-15 09:17:52,3284.6,86177
2021-06-15 09:17:53,3283.65,86322
2021-06-15 09:17:54,3285.3,86591
2021-06-15 09:17:55,3283.6,86629
2021-06-15 09:17:56,3285.0,86731
2021-06-15 09:17:57,3283.6,86767
2021-06-15 09:17:59,3283.4,86863
2021-06-15 09:18:00,3284.2,86915
2021-06-15 09:18:01,3283.2,86961
2021-06-15 09:18:02,3284.2,87011
2021-06-15 09:18:03,3284.2,87490
2021-06-15 09:18:04,3284.0,87495
2021-06-15 09:18:05,3284.0,87495
2021-06-15 09:18:06,3283.95,87505
2021-06-15 09:18:07,3283.95,87509
2021-06-15 09:18:08,3283.4,87529
2021-06-15 09:18:09,3284.35,88229
2021-06-15 09:18:10,3284.45,88308
2021-06-15 09:18:11,3286.0,88499
2021-06-15 09:18:12,3286.0,88573
2021-06-15 09:18:14,3286.0,88587
2021-06-15 09:18:15,3286.0,88619
2021-06-15 09:18:17,3284.6,88684
2021-06-15 09:18:18,3285.8,88961
2021-06-15 09:18:19,3284.65,89038
2021-06-15 09:18:20,3284.55,89228
2021-06-15 09:18:22,3284.55,89531
2021-06-15 09:18:23,3284.55,89567
2021-06-15 09:18:24,3284.55,89633
2021-06-15 09:18:26,3285.15,89648
2021-06-15 09:18:26,3285.15,89698
2021-06-15 09:18:27,3285.55,89795
2021-06-15 09:18:28,3285.15,89823
2021-06-15 09:18:29,3285.4,90020
2021-06-15 09:18:30,3285.55,90101
2021-06-15 09:18:31,3286.05,90532
2021-06-15 09:18:32,3285.75,90540
2021-06-15 09:18:33,3285.75,90541
2021-06-15 09:18:34,3285.75,90679
2021-06-15 09:18:35,3285.75,90679
2021-06-15 09:18:36,3285.75,90683
2021-06-15 09:18:37,3285.5,90693
2021-06-15 09:18:38,3285.5,90693
2021-06-15 09:18:40,3285.5,90693
2021-06-15 09:18:41,3285.55,90702
2021-06-15 09:18:42,3285.75,90712
2021-06-15 09:18:43,3285.75,90886
2021-06-15 09:18:44,3285.55,91093
2021-06-15 09:18:45,3285.55,91189
2021-06-15 09:18:45,3285.55,91189
2021-06-15 09:18:46,3285.55,91422
2021-06-15 09:18:47,3285.55,91558
2021-06-15 09:18:48,3285.5,91702
2021-06-15 09:18:49,3286.7,91991
2021-06-15 09:18:50,3285.5,92215
2021-06-15 09:18:51,3286.15,92258
2021-06-15 09:18:53,3285.45,92304
2021-06-15 09:18:54,3285.4,92568
2021-06-15 09:18:55,3285.2,92580
2021-06-15 09:18:55,3285.45,92608
2021-06-15 09:18:56,3285.45,92626
2021-06-15 09:18:57,3285.45,92790
2021-06-15 09:18:58,3285.45,92851
2021-06-15 09:18:59,3285.4,92909
2021-06-15 09:19:00,3285.4,92909
2021-06-15 09:19:01,3284.1,93165
2021-06-15 09:19:02,3284.05,93182
2021-06-15 09:19:04,3285.15,93319
2021-06-15 09:19:05,3284.05,93352
2021-06-15 09:19:05,3284.05,93352
2021-06-15 09:19:06,3284.05,93621
2021-06-15 09:19:07,3284.4,93745
2021-06-15 09:19:08,3284.05,93884
2021-06-15 09:19:09,3284.05,94116
2021-06-15 09:19:10,3284.05,94134
2021-06-15 09:19:11,3284.05,94343
2021-06-15 09:19:12,3284.05,94380
2021-06-15 09:19:14,3284.35,94479
2021-06-15 09:19:14,3284.35,94479
2021-06-15 09:19:15,3284.05,94700
2021-06-15 09:19:16,3284.05,94720
2021-06-15 09:19:17,3284.0,95059
2021-06-15 09:19:18,3284.0,95142
2021-06-15 09:19:19,3282.0,96369
2021-06-15 09:19:20,3283.85,96575
2021-06-15 09:19:22,3282.3,96665
2021-06-15 09:19:23,3283.15,96867
2021-06-15 09:19:24,3284.0,97181
2021-06-15 09:19:25,3282.25,97297
2021-06-15 09:19:26,3284.15,97422
2021-06-15 09:19:27,3283.15,97484
2021-06-15 09:19:28,3282.5,97521
2021-06-15 09:19:29,3283.15,97620
2021-06-15 09:19:30,3284.0,97644
2021-06-15 09:19:31,3283.2,97825
2021-06-15 09:19:34,3283.7,97900
2021-06-15 09:19:35,3283.7,97901
2021-06-15 09:19:36,3282.5,97937
2021-06-15 09:19:38,3282.5,98048
2021-06-15 09:19:39,3283.65,98066
2021-06-15 09:19:39,3283.65,98066
2021-06-15 09:19:40,3282.5,98120
2021-06-15 09:19:41,3282.5,98120
2021-06-15 09:19:42,3283.1,98192
2021-06-15 09:19:43,3283.35,98417
2021-06-15 09:19:44,3283.0,98610
2021-06-15 09:19:45,3282.5,98681
2021-06-15 09:19:46,3282.15,98727
2021-06-15 09:19:47,3282.5,98844
2021-06-15 09:19:48,3282.75,98921
2021-06-15 09:19:49,3282.9,99064
2021-06-15 09:19:50,3282.5,99165
2021-06-15 09:19:52,3283.15,99392
2021-06-15 09:19:53,3283.15,99539
2021-06-15 09:19:54,3281.5,99653
2021-06-15 09:19:55,3282.9,99690
2021-06-15 09:19:56,3281.65,99726
2021-06-15 09:19:57,3281.5,99852
2021-06-15 09:19:58,3281.0,101247
2021-06-15 09:19:58,3281.9,101452
2021-06-15 09:19:59,3281.35,101561
2021-06-15 09:20:00,3279.15,102862
2021-06-15 09:20:01,3278.0,103560
2021-06-15 09:20:02,3278.75,103652
2021-06-15 09:20:03,3278.75,103710
2021-06-15 09:20:04,3279.6,104169
2021-06-15 09:20:05,3279.6,104181
2021-06-15 09:20:06,3280.7,104310
2021-06-15 09:20:07,3280.15,104356
2021-06-15 09:20:08,3280.95,104381
2021-06-15 09:20:09,3280.15,104387
2021-06-15 09:20:10,3280.25,104563
2021-06-15 09:20:11,3280.3,104698
2021-06-15 09:20:12,3281.2,104714
2021-06-15 09:20:13,3280.7,104850
2021-06-15 09:20:14,3281.95,104956
2021-06-15 09:20:15,3281.95,105032
2021-06-15 09:20:16,3281.95,105072
2021-06-15 09:20:19,3281.0,105300
2021-06-15 09:20:20,3281.0,105374
2021-06-15 09:20:23,3281.35,105604
2021-06-15 09:20:24,3281.0,105702
2021-06-15 09:20:25,3281.0,105873
2021-06-15 09:20:26,3280.1,106615
2021-06-15 09:20:28,3280.0,106671
2021-06-15 09:20:28,3280.1,106741
2021-06-15 09:20:29,3280.1,106833
2021-06-15 09:20:30,3280.0,106859
2021-06-15 09:20:32,3278.65,106931
2021-06-15 09:20:33,3280.1,107052
2021-06-15 09:20:34,3278.6,107081
2021-06-15 09:20:35,3280.3,107933
2021-06-15 09:20:36,3280.3,107933
2021-06-15 09:20:37,3280.35,107965
2021-06-15 09:20:37,3280.1,107970
2021-06-15 09:20:38,3280.35,108010
2021-06-15 09:20:40,3280.6,108074
2021-06-15 09:20:41,3279.55,108362
2021-06-15 09:20:42,3279.0,109115
2021-06-15 09:20:42,3279.0,109115
2021-06-15 09:20:43,3279.0,109229
2021-06-15 09:20:44,3279.0,109322
2021-06-15 09:20:45,3279.0,109327
2021-06-15 09:20:48,3280.65,110331
2021-06-15 09:20:49,3281.95,110332
2021-06-15 09:20:51,3281.0,110333
2021-06-15 09:20:52,3281.95,110437
2021-06-15 09:20:52,3281.0,110439
2021-06-15 09:20:54,3281.0,110439
2021-06-15 09:20:55,3281.1,110440
2021-06-15 09:20:56,3281.25,110441
2021-06-15 09:20:57,3281.4,110732
2021-06-15 09:20:57,3283.0,110750
2021-06-15 09:20:58,3283.0,110780
2021-06-15 09:21:00,3283.0,110879
2021-06-15 09:21:01,3283.0,110922
2021-06-15 09:21:02,3284.2,110942
2021-06-15 09:21:03,3283.0,110978
2021-06-15 09:21:03,3283.0,110978
2021-06-15 09:21:04,3283.0,110978
2021-06-15 09:21:06,3283.15,111270
2021-06-15 09:21:06,3283.15,111270
2021-06-15 09:21:07,3283.15,111309
2021-06-15 09:21:08,3283.15,111327
2021-06-15 09:21:09,3283.5,111330
2021-06-15 09:21:10,3283.15,111340
2021-06-15 09:21:11,3284.3,111441
2021-06-15 09:21:12,3283.9,111662
2021-06-15 09:21:13,3283.9,111709
2021-06-15 09:21:14,3283.9,111709
2021-06-15 09:21:16,3284.3,111739
2021-06-15 09:21:17,3284.3,111746
2021-06-15 09:21:18,3283.9,111876
2021-06-15 09:21:19,3284.3,111888
2021-06-15 09:21:19,3284.3,111888
2021-06-15 09:21:20,3284.0,112124
2021-06-15 09:21:21,3285.0,112126
2021-06-15 09:21:22,3285.0,112213
2021-06-15 09:21:24,3285.0,112238
2021-06-15 09:21:25,3284.9,112243
2021-06-15 09:21:26,3284.9,112244
2021-06-15 09:21:27,3284.9,112250
2021-06-15 09:21:28,3284.9,112250
2021-06-15 09:21:29,3284.9,112250
2021-06-15 09:21:30,3285.0,112270
2021-06-15 09:21:31,3285.0,112311
2021-06-15 09:21:32,3286.0,113156
2021-06-15 09:21:34,3285.95,113206
2021-06-15 09:21:34,3285.95,113206
2021-06-15 09:21:35,3285.0,113217
2021-06-15 09:21:36,3286.0,113317
2021-06-15 09:21:37,3286.0,113317
2021-06-15 09:21:38,3286.0,113372
2021-06-15 09:21:39,3285.5,113396
2021-06-15 09:21:41,3286.0,113451
2021-06-15 09:21:42,3285.45,113503
2021-06-15 09:21:43,3285.45,113508
2021-06-15 09:21:44,3286.0,113550
2021-06-15 09:21:45,3285.45,113585
2021-06-15 09:21:46,3286.0,113591
2021-06-15 09:21:48,3286.0,113778
2021-06-15 09:21:49,3285.45,113788
2021-06-15 09:21:49,3285.45,113788
2021-06-15 09:21:50,3284.0,115262
2021-06-15 09:21:51,3285.15,115629
2021-06-15 09:21:52,3284.0,115767
2021-06-15 09:21:53,3285.2,115792
2021-06-15 09:21:54,3285.2,115794
2021-06-15 09:21:55,3284.0,115795
2021-06-15 09:21:57,3284.05,115846
2021-06-15 09:21:58,3285.0,115861
2021-06-15 09:21:59,3285.15,115876
2021-06-15 09:22:00,3285.15,115876
2021-06-15 09:22:01,3285.2,115939
2021-06-15 09:22:02,3285.2,115940
2021-06-15 09:22:03,3285.0,115953
2021-06-15 09:22:04,3285.0,115958
2021-06-15 09:22:05,3285.0,116004
2021-06-15 09:22:05,3285.0,116004
2021-06-15 09:22:07,3285.0,116006
2021-06-15 09:22:08,3285.0,116006
2021-06-15 09:22:09,3285.0,116007
2021-06-15 09:22:10,3285.0,116351
2021-06-15 09:22:11,3285.2,116402
2021-06-15 09:22:12,3285.9,117249
2021-06-15 09:22:13,3287.9,117794
2021-06-15 09:22:14,3287.0,117795
2021-06-15 09:22:15,3287.4,117879
2021-06-15 09:22:16,3288.0,117923
2021-06-15 09:22:17,3286.7,118019
2021-06-15 09:22:17,3286.7,118019
2021-06-15 09:22:18,3287.95,118020
2021-06-15 09:22:19,3286.75,118067
2021-06-15 09:22:20,3286.75,118067
2021-06-15 09:22:21,3287.95,118075
2021-06-15 09:22:23,3287.95,118121
2021-06-15 09:22:24,3288.1,118146
2021-06-15 09:22:25,3287.0,118446
2021-06-15 09:22:26,3288.0,118499
2021-06-15 09:22:27,3287.0,118535
2021-06-15 09:22:28,3287.0,118535
2021-06-15 09:22:28,3287.0,118535
2021-06-15 09:22:29,3288.0,118577
2021-06-15 09:22:30,3288.0,118578
2021-06-15 09:22:31,3287.9,119023
2021-06-15 09:22:32,3289.3,119102
2021-06-15 09:22:34,3290.0,119264
2021-06-15 09:22:35,3290.0,119296
2021-06-15 09:22:36,3290.0,119296
2021-06-15 09:22:37,3289.95,119306
2021-06-15 09:22:39,3288.65,119387
2021-06-15 09:22:40,3289.95,119392
2021-06-15 09:22:41,3289.95,119499
2021-06-15 09:22:41,3291.6,120585
2021-06-15 09:22:43,3291.65,120860
2021-06-15 09:22:43,3291.7,120887
2021-06-15 09:22:44,3291.7,120887
2021-06-15 09:22:45,3290.2,120960
2021-06-15 09:22:46,3291.5,120970
2021-06-15 09:22:48,3290.2,121065
2021-06-15 09:22:49,3291.0,121071
2021-06-15 09:22:50,3291.0,121103
2021-06-15 09:22:51,3290.2,121427
2021-06-15 09:22:52,3290.2,121427
2021-06-15 09:22:53,3291.4,121477
2021-06-15 09:22:53,3291.4,121477
2021-06-15 09:22:55,3291.5,121559
2021-06-15 09:22:56,3291.35,122672
2021-06-15 09:22:57,3291.2,122977
2021-06-15 09:22:58,3291.0,123093
2021-06-15 09:22:59,3291.0,123206
2021-06-15 09:23:00,3291.65,123462
2021-06-15 09:23:01,3293.25,123872
2021-06-15 09:23:02,3293.25,123897
2021-06-15 09:23:03,3293.0,124208
2021-06-15 09:23:03,3293.0,124208
2021-06-15 09:23:04,3293.0,124236
2021-06-15 09:23:05,3293.25,124337
2021-06-15 09:23:06,3293.25,124449
2021-06-15 09:23:07,3293.25,124510
2021-06-15 09:23:08,3293.6,124612
2021-06-15 09:23:10,3293.5,124841
2021-06-15 09:23:10,3293.5,124987
2021-06-15 09:23:11,3295.0,125497
2021-06-15 09:23:12,3295.45,125674
2021-06-15 09:23:13,3295.5,125728
2021-06-15 09:23:15,3295.75,125920
2021-06-15 09:23:16,3295.7,126027
2021-06-15 09:23:17,3295.95,126275
2021-06-15 09:23:17,3295.5,126840
2021-06-15 09:23:19,3295.45,127333
2021-06-15 09:23:20,3295.5,127575
2021-06-15 09:23:20,3295.5,127720
2021-06-15 09:23:22,3293.95,127998
2021-06-15 09:23:23,3293.25,128097
2021-06-15 09:23:24,3291.95,128227
2021-06-15 09:23:25,3293.75,128867
2021-06-15 09:23:25,3292.3,128956
2021-06-15 09:23:27,3292.3,129026
2021-06-15 09:23:28,3293.0,129157
2021-06-15 09:23:28,3293.7,129345
2021-06-15 09:23:29,3293.8,129373
2021-06-15 09:23:31,3294.0,129413
2021-06-15 09:23:32,3292.05,129449
2021-06-15 09:23:33,3293.7,129522
2021-06-15 09:23:34,3292.35,129535
2021-06-15 09:23:35,3292.65,129536
2021-06-15 09:23:36,3292.3,129600
2021-06-15 09:23:37,3293.25,129727
2021-06-15 09:23:37,3293.25,129727
2021-06-15 09:23:38,3294.0,129764
2021-06-15 09:23:39,3294.6,130029
2021-06-15 09:23:40,3293.4,130172
2021-06-15 09:23:41,3292.6,130200
2021-06-15 09:23:42,3293.25,130417
2021-06-15 09:23:44,3292.5,130656
2021-06-15 09:23:44,3294.15,130690
2021-06-15 09:23:46,3294.55,132279
2021-06-15 09:23:47,3295.0,132306
2021-06-15 09:23:48,3293.55,132436
2021-06-15 09:23:49,3294.5,132449
2021-06-15 09:23:50,3293.55,132787
2021-06-15 09:23:51,3293.55,132818
2021-06-15 09:23:52,3294.35,132822
2021-06-15 09:23:53,3294.4,132864
2021-06-15 09:23:54,3294.95,133364
2021-06-15 09:23:54,3294.95,133364
2021-06-15 09:23:55,3294.4,133365
2021-06-15 09:23:56,3294.35,133423
2021-06-15 09:23:58,3294.35,133453
2021-06-15 09:23:59,3294.4,133462
2021-06-15 09:24:00,3293.4,133518
2021-06-15 09:24:02,3294.35,133731
2021-06-15 09:24:03,3294.4,133953
2021-06-15 09:24:04,3294.35,134092
2021-06-15 09:24:05,3293.0,134300
2021-06-15 09:24:05,3294.35,134400
2021-06-15 09:24:06,3294.5,134700
2021-06-15 09:24:07,3293.2,134703
2021-06-15 09:24:08,3293.6,134858
2021-06-15 09:24:09,3293.6,134947
2021-06-15 09:24:10,3293.6,134990
2021-06-15 09:24:11,3293.6,135181
2021-06-15 09:24:12,3293.6,135343
2021-06-15 09:24:14,3293.55,135933
2021-06-15 09:24:15,3292.6,135953
2021-06-15 09:24:16,3293.2,136228
2021-06-15 09:24:17,3293.2,136246
2021-06-15 09:24:18,3293.1,136451
2021-06-15 09:24:19,3293.45,136637
2021-06-15 09:24:20,3293.0,136662
2021-06-15 09:24:21,3293.65,136864
2021-06-15 09:24:22,3292.7,136982
2021-06-15 09:24:23,3293.0,137091
2021-06-15 09:24:25,3293.9,137131
2021-06-15 09:24:25,3292.7,137161
2021-06-15 09:24:26,3292.25,137233
2021-06-15 09:24:27,3292.7,137256
2021-06-15 09:24:29,3292.7,137256
2021-06-15 09:24:30,3292.7,137319
2021-06-15 09:24:30,3293.05,137724
2021-06-15 09:24:33,3293.65,137968
2021-06-15 09:24:34,3293.3,138044
2021-06-15 09:24:35,3293.3,138112
2021-06-15 09:24:35,3293.35,138202
2021-06-15 09:24:37,3293.35,138202
2021-06-15 09:24:37,3293.3,138212
2021-06-15 09:24:39,3293.05,138271
2021-06-15 09:24:40,3293.25,138288
2021-06-15 09:24:41,3292.8,138491
2021-06-15 09:24:42,3292.8,138516
2021-06-15 09:24:43,3291.25,138552
2021-06-15 09:24:44,3291.25,138577
2021-06-15 09:24:45,3292.75,138646
2021-06-15 09:24:46,3292.7,138673
2021-06-15 09:24:47,3291.45,138709
2021-06-15 09:24:48,3292.45,138746
2021-06-15 09:24:49,3291.45,138753
2021-06-15 09:24:50,3292.15,138910
2021-06-15 09:24:51,3292.15,138910
2021-06-15 09:24:52,3292.15,138956
2021-06-15 09:24:53,3292.15,138956
2021-06-15 09:24:54,3291.2,139055
2021-06-15 09:24:55,3291.2,139055
2021-06-15 09:24:56,3291.2,139055
2021-06-15 09:24:57,3291.2,139055
2021-06-15 09:24:58,3291.2,139059
2021-06-15 09:24:59,3291.2,139059
2021-06-15 09:25:00,3291.2,139059
2021-06-15 09:25:02,3291.2,139061
2021-06-15 09:25:03,3291.2,139061
2021-06-15 09:25:04,3293.3,140078
2021-06-15 09:25:05,3292.7,140123
2021-06-15 09:25:06,3293.5,140491
2021-06-15 09:25:07,3294.6,140565
2021-06-15 09:25:08,3293.6,140611
2021-06-15 09:25:09,3294.55,140612
2021-06-15 09:25:10,3294.55,140612
2021-06-15 09:25:12,3295.0,140939
2021-06-15 09:25:13,3293.65,141165
2021-06-15 09:25:14,3294.85,141170
2021-06-15 09:25:15,3294.5,141213
2021-06-15 09:25:16,3295.1,141264
2021-06-15 09:25:17,3295.0,141288
2021-06-15 09:25:19,3294.5,141343
2021-06-15 09:25:20,3294.8,141345
2021-06-15 09:25:21,3294.8,141345
2021-06-15 09:25:23,3294.8,141351
2021-06-15 09:25:24,3294.8,141376
2021-06-15 09:25:25,3294.5,141502
2021-06-15 09:25:26,3295.0,141529
2021-06-15 09:25:27,3295.0,141569
2021-06-15 09:25:28,3294.8,141579
2021-06-15 09:25:29,3294.5,141631
2021-06-15 09:25:30,3294.5,141631
2021-06-15 09:25:31,3294.8,141632
2021-06-15 09:25:32,3294.5,141822
2021-06-15 09:25:33,3294.5,141847
2021-06-15 09:25:34,3294.5,141910
2021-06-15 09:25:35,3294.5,141910
2021-06-15 09:25:36,3294.5,141944
2021-06-15 09:25:37,3294.85,141975
2021-06-15 09:25:38,3294.85,141994
2021-06-15 09:25:39,3294.85,142029
2021-06-15 09:25:40,3294.55,142034
2021-06-15 09:25:41,3293.35,143920
2021-06-15 09:25:42,3293.35,143920
2021-06-15 09:25:43,3293.3,143936
2021-06-15 09:25:45,3293.45,144493
2021-06-15 09:25:46,3291.65,144564
2021-06-15 09:25:47,3293.1,144571
2021-06-15 09:25:48,3293.05,144576
2021-06-15 09:25:49,3293.05,144586
2021-06-15 09:25:50,3291.8,144635
2021-06-15 09:25:51,3292.45,144645
2021-06-15 09:25:52,3292.45,144645
2021-06-15 09:25:53,3292.0,144646
2021-06-15 09:25:54,3292.0,144646
2021-06-15 09:25:55,3292.45,144873
2021-06-15 09:25:56,3292.0,145063
2021-06-15 09:25:57,3291.8,145064
2021-06-15 09:25:58,3291.75,145079
2021-06-15 09:25:59,3291.75,145080
2021-06-15 09:26:00,3291.65,145183
2021-06-15 09:26:01,3291.65,145185
2021-06-15 09:26:02,3291.0,145744
2021-06-15 09:26:03,3291.0,145774
2021-06-15 09:26:04,3291.35,146017
2021-06-15 09:26:05,3291.35,146025
2021-06-15 09:26:06,3291.0,146325
2021-06-15 09:26:07,3291.0,146325
2021-06-15 09:26:08,3291.15,146337
2021-06-15 09:26:09,3290.95,146546
2021-06-15 09:26:10,3290.95,147323
2021-06-15 09:26:11,3290.35,147377
2021-06-15 09:26:12,3290.95,147834
2021-06-15 09:26:13,3291.0,147887
2021-06-15 09:26:14,3291.3,147889
2021-06-15 09:26:15,3291.3,147889
2021-06-15 09:26:16,3291.3,147920
2021-06-15 09:26:17,3291.35,148259
2021-06-15 09:26:18,3291.0,148778
2021-06-15 09:26:20,3291.0,148827
2021-06-15 09:26:21,3291.0,148918
2021-06-15 09:26:22,3291.4,148923
2021-06-15 09:26:23,3291.0,148959
2021-06-15 09:26:24,3291.0,149055
2021-06-15 09:26:25,3291.0,149170
2021-06-15 09:26:28,3290.35,149309
2021-06-15 09:26:29,3291.15,149310
2021-06-15 09:26:31,3290.0,149492
2021-06-15 09:26:32,3290.0,149529
2021-06-15 09:26:33,3290.05,149547
2021-06-15 09:26:34,3291.1,149668
2021-06-15 09:26:35,3291.0,149669
2021-06-15 09:26:36,3290.45,149833
2021-06-15 09:26:37,3291.0,149845
2021-06-15 09:26:38,3290.0,149934
2021-06-15 09:26:39,3291.1,150062
2021-06-15 09:26:40,3291.0,150190
2021-06-15 09:26:41,3290.0,150513
2021-06-15 09:26:42,3290.0,150626
2021-06-15 09:26:43,3290.8,150636
2021-06-15 09:26:44,3289.1,150805
2021-06-15 09:26:46,3289.55,150898
2021-06-15 09:26:47,3288.3,150949
2021-06-15 09:26:48,3289.3,150986
2021-06-15 09:26:49,3288.0,151064
2021-06-15 09:26:50,3288.0,151186
2021-06-15 09:26:51,3287.7,151188
2021-06-15 09:26:52,3288.9,151289
2021-06-15 09:26:53,3289.4,151431
2021-06-15 09:26:54,3289.4,151431
2021-06-15 09:26:55,3289.4,151434
2021-06-15 09:26:56,3289.4,151438
2021-06-15 09:26:57,3288.4,151439
2021-06-15 09:26:59,3288.4,151480
2021-06-15 09:27:00,3288.4,151615
2021-06-15 09:27:01,3289.4,151624
2021-06-15 09:27:02,3288.4,152091
2021-06-15 09:27:03,3289.35,152217
2021-06-15 09:27:04,3289.4,152234
2021-06-15 09:27:05,3289.2,152239
2021-06-15 09:27:06,3289.2,152244
2021-06-15 09:27:07,3289.4,152250
2021-06-15 09:27:08,3289.4,152250
2021-06-15 09:27:09,3289.4,152250
2021-06-15 09:27:10,3289.4,152250
2021-06-15 09:27:11,3289.8,152251
2021-06-15 09:27:12,3289.1,152484
2021-06-15 09:27:13,3289.0,152504
2021-06-15 09:27:14,3288.9,152543
2021-06-15 09:27:15,3288.9,152543
2021-06-15 09:27:16,3288.9,152617
2021-06-15 09:27:17,3288.35,152618
2021-06-15 09:27:18,3287.15,152714
2021-06-15 09:27:19,3288.05,152720
2021-06-15 09:27:20,3287.15,152837
2021-06-15 09:27:21,3288.0,152914
2021-06-15 09:27:22,3288.0,152914
2021-06-15 09:27:23,3287.15,152918
2021-06-15 09:27:24,3287.15,153255
2021-06-15 09:27:25,3287.0,153505
2021-06-15 09:27:26,3286.75,154035
2021-06-15 09:27:28,3286.75,154171
2021-06-15 09:27:29,3286.75,154251
2021-06-15 09:27:31,3286.75,154467
2021-06-15 09:27:33,3286.75,154482
2021-06-15 09:27:35,3287.1,154501
2021-06-15 09:27:36,3287.1,154501
2021-06-15 09:27:37,3287.1,154501
2021-06-15 09:27:38,3286.75,154553
2021-06-15 09:27:39,3287.0,154676
2021-06-15 09:27:40,3287.0,154676
2021-06-15 09:27:41,3287.15,154738
2021-06-15 09:27:42,3287.15,154757
2021-06-15 09:27:43,3286.75,154764
2021-06-15 09:27:44,3286.4,155029
2021-06-15 09:27:45,3286.35,155091
2021-06-15 09:27:46,3287.35,155917
2021-06-15 09:27:47,3287.35,155923
2021-06-15 09:27:48,3287.35,155974
2021-06-15 09:27:49,3287.35,156042
2021-06-15 09:27:50,3287.45,156082
2021-06-15 09:27:51,3287.45,156082
2021-06-15 09:27:52,3287.5,156087
2021-06-15 09:27:53,3287.35,156125
2021-06-15 09:27:54,3287.35,156125
2021-06-15 09:27:55,3287.5,156139
2021-06-15 09:27:56,3286.0,156225
2021-06-15 09:27:57,3287.2,156264
2021-06-15 09:27:58,3287.2,156265
2021-06-15 09:27:59,3287.2,156308
2021-06-15 09:28:01,3287.1,156345
2021-06-15 09:28:02,3287.35,156375
2021-06-15 09:28:03,3287.35,156432
2021-06-15 09:28:04,3287.35,156432
2021-06-15 09:28:05,3287.2,156438
2021-06-15 09:28:06,3286.75,156529
2021-06-15 09:28:07,3287.05,156535
2021-06-15 09:28:08,3286.0,156550
2021-06-15 09:28:09,3286.5,156551
2021-06-15 09:28:11,3286.5,156575
2021-06-15 09:28:12,3286.0,156577
2021-06-15 09:28:13,3286.0,156577
2021-06-15 09:28:14,3286.7,156687
2021-06-15 09:28:14,3286.0,156705
2021-06-15 09:28:15,3286.0,156709
2021-06-15 09:28:16,3286.55,156711
2021-06-15 09:28:17,3286.6,156713
2021-06-15 09:28:18,3286.1,156893
2021-06-15 09:28:19,3286.6,156894
2021-06-15 09:28:20,3286.1,156915
2021-06-15 09:28:21,3286.1,156970
2021-06-15 09:28:23,3286.5,157018
2021-06-15 09:28:24,3286.5,157055
2021-06-15 09:28:25,3286.1,157091
2021-06-15 09:28:26,3286.0,157994
2021-06-15 09:28:27,3286.0,157994
2021-06-15 09:28:28,3286.6,158048
2021-06-15 09:28:29,3286.9,158137
2021-06-15 09:28:30,3288.7,158347
2021-06-15 09:28:31,3287.3,158357
2021-06-15 09:28:33,3288.7,158377
2021-06-15 09:28:34,3288.7,158377
2021-06-15 09:28:35,3288.7,158378
2021-06-15 09:28:36,3288.4,158408
2021-06-15 09:28:37,3287.5,158413
2021-06-15 09:28:38,3288.45,158428
2021-06-15 09:28:39,3287.5,158440
2021-06-15 09:28:40,3287.5,158440
2021-06-15 09:28:41,3287.85,158441
2021-06-15 09:28:42,3287.7,158444
2021-06-15 09:28:43,3287.3,158711
2021-06-15 09:28:44,3287.3,158711
2021-06-15 09:28:45,3287.25,158762
2021-06-15 09:28:46,3287.5,158912
2021-06-15 09:28:47,3287.5,158912
2021-06-15 09:28:48,3287.55,158917
2021-06-15 09:28:49,3287.1,159217
2021-06-15 09:28:50,3287.65,159225
2021-06-15 09:28:51,3287.7,159247
2021-06-15 09:28:52,3287.7,159247
2021-06-15 09:28:53,3287.3,159249
2021-06-15 09:28:54,3287.75,159250
2021-06-15 09:28:55,3287.75,159250
2021-06-15 09:28:56,3287.1,159313
2021-06-15 09:28:57,3287.7,159314
2021-06-15 09:28:58,3287.7,159314
2021-06-15 09:28:59,3287.7,159324
2021-06-15 09:29:00,3287.7,159354
2021-06-15 09:29:01,3287.3,159379
2021-06-15 09:29:02,3287.7,159409
2021-06-15 09:29:03,3287.7,159416
2021-06-15 09:29:04,3287.7,159419
2021-06-15 09:29:05,3287.5,159449
2021-06-15 09:29:06,3287.5,159465
2021-06-15 09:29:07,3287.5,159465
2021-06-15 09:29:08,3287.5,159465
2021-06-15 09:29:09,3287.65,159475
2021-06-15 09:29:10,3287.95,159822
2021-06-15 09:29:11,3287.95,159822
2021-06-15 09:29:12,3288.05,159867
2021-06-15 09:29:13,3289.1,159887
2021-06-15 09:29:14,3289.1,159887
2021-06-15 09:29:15,3289.4,159892
2021-06-15 09:29:16,3289.4,159901
2021-06-15 09:29:18,3289.1,159953
2021-06-15 09:29:19,3289.1,159968
2021-06-15 09:29:20,3289.1,160084
2021-06-15 09:29:22,3287.95,161344
2021-06-15 09:29:23,3288.65,161394
2021-06-15 09:29:24,3288.6,161614
2021-06-15 09:29:26,3287.15,161744
2021-06-15 09:29:26,3287.15,161918
2021-06-15 09:29:27,3288.6,161944
2021-06-15 09:29:28,3288.2,161962
2021-06-15 09:29:29,3287.2,161984
2021-06-15 09:29:30,3288.6,162044
2021-06-15 09:29:31,3287.25,162094
2021-06-15 09:29:32,3288.25,162096
2021-06-15 09:29:34,3288.25,162096
2021-06-15 09:29:35,3289.0,162347
2021-06-15 09:29:36,3289.0,162347
2021-06-15 09:29:37,3287.85,162359
2021-06-15 09:29:38,3288.3,162375
2021-06-15 09:29:39,3288.6,162377
2021-06-15 09:29:40,3288.6,162377
2021-06-15 09:29:41,3288.6,162407
2021-06-15 09:29:42,3288.6,162407
2021-06-15 09:29:43,3288.6,162417
2021-06-15 09:29:44,3288.6,162417
2021-06-15 09:29:44,3288.6,162417
2021-06-15 09:29:46,3288.05,162427
2021-06-15 09:29:46,3288.05,162429
2021-06-15 09:29:47,3288.6,162440
2021-06-15 09:29:49,3288.6,162550
2021-06-15 09:29:50,3288.1,162558
2021-06-15 09:29:51,3288.1,162558
2021-06-15 09:29:52,3288.1,162558
2021-06-15 09:29:53,3288.6,162634
2021-06-15 09:29:54,3288.6,162634
2021-06-15 09:29:55,3288.6,162634
2021-06-15 09:29:55,3288.6,162634
2021-06-15 09:29:57,3289.5,162858
2021-06-15 09:29:58,3289.5,162858
2021-06-15 09:29:58,3289.0,162930
2021-06-15 09:29:59,3289.0,163304
2021-06-15 09:30:00,3290.0,163435
2021-06-15 09:30:01,3290.0,163435
2021-06-15 09:30:02,3290.2,163458
2021-06-15 09:30:03,3290.25,163468
2021-06-15 09:30:04,3290.4,163518
2021-06-15 09:30:05,3290.0,163596
2021-06-15 09:30:06,3290.0,163854
2021-06-15 09:30:07,3290.0,163948
2021-06-15 09:30:08,3290.1,163956
2021-06-15 09:30:09,3290.1,163956
2021-06-15 09:30:10,3290.1,163959
2021-06-15 09:30:11,3290.0,164015
2021-06-15 09:30:12,3290.2,164174
2021-06-15 09:30:13,3290.1,164181
2021-06-15 09:30:15,3290.1,164281
2021-06-15 09:30:17,3289.9,164345
2021-06-15 09:30:18,3290.0,164350
2021-06-15 09:30:19,3290.0,164351
2021-06-15 09:30:20,3290.0,164515
2021-06-15 09:30:21,3289.8,164811
2021-06-15 09:30:23,3289.9,164846
2021-06-15 09:30:24,3289.95,165064
2021-06-15 09:30:26,3289.05,165144
2021-06-15 09:30:26,3289.0,165187
2021-06-15 09:30:27,3289.0,165197
2021-06-15 09:30:28,3289.0,165197
2021-06-15 09:30:29,3289.0,165197
2021-06-15 09:30:30,3289.05,165212
2021-06-15 09:30:31,3289.05,165288
2021-06-15 09:30:32,3289.05,165539
2021-06-15 09:30:33,3289.05,165543
2021-06-15 09:30:34,3288.95,165779
2021-06-15 09:30:35,3288.95,165779
2021-06-15 09:30:36,3288.6,165781
2021-06-15 09:30:37,3288.95,165823
2021-06-15 09:30:38,3288.0,165996
2021-06-15 09:30:39,3288.0,165996
2021-06-15 09:30:40,3288.3,166096
2021-06-15 09:30:41,3288.3,166096
2021-06-15 09:30:42,3287.25,166130
2021-06-15 09:30:43,3287.5,166232
2021-06-15 09:30:44,3287.5,166232
2021-06-15 09:30:45,3287.0,166262
2021-06-15 09:30:46,3287.05,166270
2021-06-15 09:30:48,3287.05,166308
2021-06-15 09:30:49,3287.35,166364
2021-06-15 09:30:50,3287.35,166364
2021-06-15 09:30:51,3287.35,166367
2021-06-15 09:30:52,3286.75,166412
2021-06-15 09:30:53,3287.25,166419
2021-06-15 09:30:53,3287.25,166419
2021-06-15 09:30:54,3287.05,166446
2021-06-15 09:30:55,3287.05,166447
2021-06-15 09:30:56,3287.05,166452
2021-06-15 09:30:57,3287.05,166513
2021-06-15 09:30:58,3287.05,166513
2021-06-15 09:30:59,3286.85,166519
2021-06-15 09:31:00,3287.0,166539
2021-06-15 09:31:01,3287.0,166589
2021-06-15 09:31:03,3287.0,166829
2021-06-15 09:31:04,3287.0,166836
2021-06-15 09:31:04,3287.0,166840
2021-06-15 09:31:05,3287.0,166886
2021-06-15 09:31:06,3287.0,166922
2021-06-15 09:31:07,3287.0,166922
2021-06-15 09:31:08,3287.0,166922
2021-06-15 09:31:09,3287.0,166960
2021-06-15 09:31:10,3287.0,166960
2021-06-15 09:31:11,3286.1,167469
2021-06-15 09:31:12,3286.1,167492
2021-06-15 09:31:13,3286.55,167674
2021-06-15 09:31:15,3286.5,167676
2021-06-15 09:31:16,3286.5,167676
2021-06-15 09:31:17,3286.65,167876
2021-06-15 09:31:18,3286.65,167917
2021-06-15 09:31:19,3286.65,167922
2021-06-15 09:31:20,3286.0,167956
2021-06-15 09:31:21,3286.0,167956
2021-06-15 09:31:22,3286.0,167961
2021-06-15 09:31:24,3286.0,168011
2021-06-15 09:31:25,3286.0,168011
2021-06-15 09:31:25,3286.55,168019
2021-06-15 09:31:26,3286.0,168025
2021-06-15 09:31:27,3286.0,168047
2021-06-15 09:31:28,3286.0,168047
2021-06-15 09:31:30,3286.0,168047
2021-06-15 09:31:31,3286.0,168058
2021-06-15 09:31:32,3286.0,168061
2021-06-15 09:31:33,3287.05,169172
2021-06-15 09:31:34,3287.3,169184
2021-06-15 09:31:35,3287.35,169320
2021-06-15 09:31:35,3287.35,169356
2021-06-15 09:31:36,3287.35,169356
2021-06-15 09:31:37,3287.35,169356
2021-06-15 09:31:38,3287.4,169414
2021-06-15 09:31:39,3287.4,169488
2021-06-15 09:31:41,3287.85,169508
2021-06-15 09:31:42,3287.85,169508
2021-06-15 09:31:43,3287.85,169508
2021-06-15 09:31:44,3287.85,169509
2021-06-15 09:31:45,3287.85,169519
2021-06-15 09:31:46,3287.85,169519
2021-06-15 09:31:47,3287.4,169601
2021-06-15 09:31:47,3287.7,169611
2021-06-15 09:31:49,3287.8,169715
2021-06-15 09:31:50,3288.3,169811
2021-06-15 09:31:51,3286.15,170811
2021-06-15 09:31:52,3286.15,170811
2021-06-15 09:31:53,3286.15,170811
2021-06-15 09:31:54,3286.3,170933
2021-06-15 09:31:54,3286.3,170933
2021-06-15 09:31:55,3287.4,170942
2021-06-15 09:31:56,3287.4,170942
2021-06-15 09:31:57,3287.4,170943
2021-06-15 09:31:58,3287.4,170943
2021-06-15 09:31:59,3287.4,170943
2021-06-15 09:32:00,3287.5,170944
2021-06-15 09:32:01,3286.45,170979
2021-06-15 09:32:02,3287.55,171059
2021-06-15 09:32:03,3287.55,171059
2021-06-15 09:32:04,3287.05,171131
2021-06-15 09:32:05,3287.55,171134
2021-06-15 09:32:06,3287.05,171135
2021-06-15 09:32:08,3287.8,171208
2021-06-15 09:32:09,3287.1,171244
2021-06-15 09:32:10,3287.8,171274
2021-06-15 09:32:11,3287.1,171292
2021-06-15 09:32:12,3287.1,171292
2021-06-15 09:32:13,3288.15,171342
2021-06-15 09:32:14,3288.15,171342
2021-06-15 09:32:15,3287.9,171343
2021-06-15 09:32:16,3287.9,171363
2021-06-15 09:32:17,3288.2,171515
2021-06-15 09:32:18,3288.2,171515
2021-06-15 09:32:20,3287.5,171756
2021-06-15 09:32:21,3288.4,171757
2021-06-15 09:32:22,3287.5,171777
2021-06-15 09:32:23,3287.5,171857
2021-06-15 09:32:24,3287.5,171857
2021-06-15 09:32:25,3287.5,171875
2021-06-15 09:32:26,3287.5,171962
2021-06-15 09:32:27,3287.5,171962
2021-06-15 09:32:28,3287.55,171998
2021-06-15 09:32:29,3287.55,172133
2021-06-15 09:32:30,3287.55,172169
2021-06-15 09:32:34,3287.5,172340
2021-06-15 09:32:35,3287.35,172505
2021-06-15 09:32:36,3286.05,172577
2021-06-15 09:32:37,3286.05,172577
2021-06-15 09:32:39,3286.8,172651
2021-06-15 09:32:40,3286.05,172659
2021-06-15 09:32:42,3286.85,172660
2021-06-15 09:32:43,3286.8,172676
2021-06-15 09:32:44,3286.85,172681
2021-06-15 09:32:46,3286.9,172682
2021-06-15 09:32:47,3286.9,172682
2021-06-15 09:32:48,3286.9,172694
2021-06-15 09:32:49,3286.8,172742
2021-06-15 09:32:49,3286.8,172742
2021-06-15 09:32:50,3285.8,173222
2021-06-15 09:32:51,3286.0,173260
2021-06-15 09:32:52,3285.8,173606
2021-06-15 09:32:53,3286.0,173749
2021-06-15 09:32:54,3285.6,173856
2021-06-15 09:32:56,3285.6,173856
2021-06-15 09:32:57,3285.6,173956
2021-06-15 09:32:58,3285.6,173956
2021-06-15 09:32:58,3285.6,173956
2021-06-15 09:32:59,3286.0,174007
2021-06-15 09:33:00,3286.0,174007
2021-06-15 09:33:01,3286.35,174487
2021-06-15 09:33:02,3287.7,176190
2021-06-15 09:33:04,3287.7,176537
2021-06-15 09:33:05,3287.7,176674
2021-06-15 09:33:06,3287.7,176686
2021-06-15 09:33:06,3287.7,176686
2021-06-15 09:33:07,3288.6,176687
2021-06-15 09:33:08,3288.6,176748
2021-06-15 09:33:09,3289.0,176761
2021-06-15 09:33:10,3289.95,177721
2021-06-15 09:33:11,3290.0,177848
2021-06-15 09:33:12,3290.0,177858
2021-06-15 09:33:13,3290.0,177868
2021-06-15 09:33:14,3289.95,177890
2021-06-15 09:33:15,3290.0,178000
2021-06-15 09:33:17,3290.25,178001
2021-06-15 09:33:18,3290.35,178059
2021-06-15 09:33:19,3290.95,178062
2021-06-15 09:33:20,3290.35,178086
2021-06-15 09:33:21,3290.7,178169
2021-06-15 09:33:22,3290.6,178226
2021-06-15 09:33:23,3290.35,178272
2021-06-15 09:33:24,3290.35,178325
2021-06-15 09:33:25,3290.5,178359
2021-06-15 09:33:25,3290.35,178439
2021-06-15 09:33:26,3290.55,178445
2021-06-15 09:33:27,3290.35,178500
2021-06-15 09:33:28,3290.45,179164
2021-06-15 09:33:29,3292.05,179991
2021-06-15 09:33:30,3290.7,180309
2021-06-15 09:33:31,3290.7,180327
2021-06-15 09:33:32,3291.05,180349
2021-06-15 09:33:34,3291.05,180553
2021-06-15 09:33:35,3291.15,180572
2021-06-15 09:33:36,3292.35,180636
2021-06-15 09:33:37,3291.7,180773
2021-06-15 09:33:38,3291.15,180806
2021-06-15 09:33:39,3292.35,180848
2021-06-15 09:33:40,3291.55,180861
2021-06-15 09:33:41,3291.45,181011
2021-06-15 09:33:42,3292.55,181043
2021-06-15 09:33:42,3292.55,181041
2021-06-15 09:33:43,3292.35,181069
2021-06-15 09:33:45,3292.35,181069
2021-06-15 09:33:45,3293.0,181235
2021-06-15 09:33:46,3292.5,181303
2021-06-15 09:33:47,3291.65,181574
2021-06-15 09:33:48,3292.6,181585
2021-06-15 09:33:49,3292.55,181606
2021-06-15 09:33:50,3293.0,181612
2021-06-15 09:33:51,3292.8,181636
2021-06-15 09:33:52,3292.75,181717
2021-06-15 09:33:54,3292.6,181995
2021-06-15 09:33:55,3292.6,182018
2021-06-15 09:33:56,3292.4,182066
2021-06-15 09:33:57,3292.3,182402
2021-06-15 09:33:58,3292.3,182402
2021-06-15 09:33:59,3292.4,182431
2021-06-15 09:34:00,3292.4,182431
2021-06-15 09:34:00,3292.4,182431
2021-06-15 09:34:02,3292.55,182583
2021-06-15 09:34:03,3292.8,182823
2021-06-15 09:34:04,3293.8,184586
2021-06-15 09:34:05,3293.8,184586
2021-06-15 09:34:06,3293.85,184958
2021-06-15 09:34:06,3293.85,184958
2021-06-15 09:34:07,3294.0,184961
2021-06-15 09:34:08,3293.9,184972
2021-06-15 09:34:09,3293.9,185708
2021-06-15 09:34:11,3293.9,185708
2021-06-15 09:34:12,3293.9,186018
2021-06-15 09:34:13,3294.0,186384
2021-06-15 09:34:14,3294.0,186448
2021-06-15 09:34:15,3294.4,186542
2021-06-15 09:34:16,3292.45,187253
2021-06-15 09:34:17,3293.25,187364
2021-06-15 09:34:18,3292.8,187405
2021-06-15 09:34:18,3292.65,187407
2021-06-15 09:34:19,3292.3,188050
2021-06-15 09:34:20,3292.3,188135
2021-06-15 09:34:22,3292.25,188165
2021-06-15 09:34:23,3292.15,188169
2021-06-15 09:34:24,3292.15,188182
2021-06-15 09:34:25,3292.15,188805
2021-06-15 09:34:26,3292.1,189040
2021-06-15 09:34:26,3292.25,189013
2021-06-15 09:34:28,3292.0,189059
2021-06-15 09:34:29,3291.0,189490
2021-06-15 09:34:30,3290.9,189511
2021-06-15 09:34:31,3290.85,189561
2021-06-15 09:34:32,3290.65,189572
2021-06-15 09:34:32,3290.65,189572
2021-06-15 09:34:33,3290.3,189619
2021-06-15 09:34:35,3292.0,190335
2021-06-15 09:34:36,3292.45,190510
2021-06-15 09:34:37,3292.45,190519
2021-06-15 09:34:38,3292.3,190523
2021-06-15 09:34:39,3292.05,190533
2021-06-15 09:34:40,3292.1,190556
2021-06-15 09:34:41,3292.05,190584
2021-06-15 09:34:42,3292.0,190725
2021-06-15 09:34:43,3292.0,190774
2021-06-15 09:34:43,3292.0,190787
2021-06-15 09:34:44,3291.8,190909
2021-06-15 09:34:45,3291.8,190909
2021-06-15 09:34:47,3291.8,190909
2021-06-15 09:34:48,3292.0,190919
2021-06-15 09:34:49,3291.0,191026
2021-06-15 09:34:50,3291.7,191068
2021-06-15 09:34:51,3291.7,191069
2021-06-15 09:34:51,3291.7,191069
2021-06-15 09:34:52,3291.1,191094
2021-06-15 09:34:53,3291.0,191144
2021-06-15 09:34:54,3291.1,191171
2021-06-15 09:34:56,3291.65,191174
2021-06-15 09:34:57,3290.85,191294
2021-06-15 09:34:58,3290.85,191335
2021-06-15 09:34:59,3290.9,193253
2021-06-15 09:35:00,3291.5,193306
2021-06-15 09:35:01,3291.5,193308
2021-06-15 09:35:03,3290.9,193330
2021-06-15 09:35:03,3290.9,193330
2021-06-15 09:35:04,3291.5,193595
2021-06-15 09:35:05,3291.7,193606
2021-06-15 09:35:06,3291.7,193606
2021-06-15 09:35:08,3291.5,193611
2021-06-15 09:35:08,3291.75,193632
2021-06-15 09:35:10,3291.75,193650
2021-06-15 09:35:11,3292.0,193677
2021-06-15 09:35:13,3292.0,193699
2021-06-15 09:35:14,3291.65,193845
2021-06-15 09:35:15,3292.1,194034
2021-06-15 09:35:17,3293.0,194070
2021-06-15 09:35:18,3292.15,194078
2021-06-15 09:35:19,3293.0,194109
2021-06-15 09:35:20,3293.0,194253
2021-06-15 09:35:21,3293.0,194308
2021-06-15 09:35:22,3293.5,194364
2021-06-15 09:35:23,3293.5,194391
2021-06-15 09:35:25,3293.9,195452
2021-06-15 09:35:25,3294.25,195459
2021-06-15 09:35:27,3294.25,195461
2021-06-15 09:35:28,3293.95,195487
2021-06-15 09:35:29,3293.95,195487
2021-06-15 09:35:30,3294.0,195604
2021-06-15 09:35:31,3294.0,195653
2021-06-15 09:35:31,3294.0,195654
2021-06-15 09:35:32,3294.7,195827
2021-06-15 09:35:33,3293.15,197539
2021-06-15 09:35:34,3294.05,197715
2021-06-15 09:35:35,3294.0,197760
2021-06-15 09:35:36,3293.15,197764
2021-06-15 09:35:37,3294.0,197770
2021-06-15 09:35:39,3294.0,197770
2021-06-15 09:35:41,3294.0,198245
2021-06-15 09:35:42,3294.0,198250
2021-06-15 09:35:43,3294.0,198250
2021-06-15 09:35:45,3294.25,198471
2021-06-15 09:35:47,3294.0,198519
2021-06-15 09:35:48,3293.7,199825
2021-06-15 09:35:50,3293.2,199829
2021-06-15 09:35:49,3293.2,199829
2021-06-15 09:35:51,3293.2,199829
2021-06-15 09:35:52,3293.2,199850
2021-06-15 09:35:53,3292.6,199866
2021-06-15 09:35:54,3293.2,200160
2021-06-15 09:35:55,3293.4,200192
2021-06-15 09:35:56,3294.0,201745
2021-06-15 09:35:57,3294.0,201779
2021-06-15 09:35:58,3294.25,201783
2021-06-15 09:35:59,3294.0,201796
2021-06-15 09:36:00,3294.0,202365
2021-06-15 09:36:01,3293.5,202584
2021-06-15 09:36:02,3293.5,202619
2021-06-15 09:36:03,3292.95,203181
2021-06-15 09:36:04,3292.25,203206
2021-06-15 09:36:05,3292.6,203207
2021-06-15 09:36:06,3293.25,203457
2021-06-15 09:36:07,3292.95,203520
2021-06-15 09:36:08,3292.95,203546
2021-06-15 09:36:09,3292.9,203559
2021-06-15 09:36:10,3293.0,203954
2021-06-15 09:36:11,3293.35,203990
2021-06-15 09:36:12,3293.0,203996
2021-06-15 09:36:13,3293.0,204146
2021-06-15 09:36:14,3293.0,204146
2021-06-15 09:36:15,3293.5,204186
2021-06-15 09:36:16,3293.0,204200
2021-06-15 09:36:17,3293.5,204201
2021-06-15 09:36:18,3294.5,204562
2021-06-15 09:36:19,3294.7,204596
2021-06-15 09:36:20,3293.25,204899
2021-06-15 09:36:21,3293.25,204899
2021-06-15 09:36:22,3293.25,205201
2021-06-15 09:36:23,3294.3,205533
2021-06-15 09:36:24,3294.5,205626
2021-06-15 09:36:25,3294.3,205631
2021-06-15 09:36:26,3293.75,205747
2021-06-15 09:36:27,3293.75,205862
2021-06-15 09:36:28,3294.3,206311
2021-06-15 09:36:29,3293.75,206461
2021-06-15 09:36:30,3293.75,206544
2021-06-15 09:36:31,3293.75,206544
2021-06-15 09:36:32,3294.1,206606
2021-06-15 09:36:33,3294.0,206659
2021-06-15 09:36:34,3293.75,206770
2021-06-15 09:36:35,3293.45,207094
2021-06-15 09:36:36,3293.45,207155
2021-06-15 09:36:37,3293.25,207177
2021-06-15 09:36:39,3293.85,207850
2021-06-15 09:36:38,3293.85,207850
2021-06-15 09:36:40,3293.85,207889
2021-06-15 09:36:41,3293.85,207889
2021-06-15 09:36:42,3294.25,207892
2021-06-15 09:36:43,3294.25,207897
2021-06-15 09:36:44,3294.5,208042
2021-06-15 09:36:45,3294.5,208076
2021-06-15 09:36:46,3294.25,208090
2021-06-15 09:36:47,3294.25,208093
2021-06-15 09:36:48,3294.25,208094
2021-06-15 09:36:49,3294.25,208145
2021-06-15 09:36:50,3294.0,208357
2021-06-15 09:36:51,3294.0,208357
2021-06-15 09:36:52,3294.0,208425
2021-06-15 09:36:53,3294.0,208485
2021-06-15 09:36:54,3294.25,208498
2021-06-15 09:36:56,3294.25,208516
2021-06-15 09:36:57,3294.3,208555
2021-06-15 09:36:58,3294.3,208562
2021-06-15 09:36:59,3294.0,208600
2021-06-15 09:37:00,3294.0,208632
2021-06-15 09:37:01,3294.0,208637
2021-06-15 09:37:02,3294.2,208643
2021-06-15 09:37:03,3294.2,208802
2021-06-15 09:37:04,3294.2,208840
2021-06-15 09:37:06,3294.15,208990
2021-06-15 09:37:07,3294.15,209957
2021-06-15 09:37:08,3294.95,209992
2021-06-15 09:37:09,3294.2,210013
2021-06-15 09:37:10,3294.95,210028
2021-06-15 09:37:11,3294.2,210064
2021-06-15 09:37:12,3294.2,210364
2021-06-15 09:37:13,3293.9,211134
2021-06-15 09:37:14,3293.9,211163
2021-06-15 09:37:15,3293.8,211329
2021-06-15 09:37:16,3293.0,211382
2021-06-15 09:37:17,3293.65,211744
2021-06-15 09:37:18,3292.3,211793
2021-06-15 09:37:19,3293.6,211823
2021-06-15 09:37:20,3293.6,211824
2021-06-15 09:37:21,3293.6,211826
2021-06-15 09:37:22,3293.0,211832
2021-06-15 09:37:24,3293.55,211844
2021-06-15 09:37:25,3294.45,213176
2021-06-15 09:37:27,3294.45,213267
2021-06-15 09:37:28,3294.7,213270
2021-06-15 09:37:29,3294.7,213276
2021-06-15 09:37:30,3294.45,213290
2021-06-15 09:37:31,3294.7,213337
2021-06-15 09:37:32,3294.7,213352
2021-06-15 09:37:33,3294.7,213443
2021-06-15 09:37:34,3294.7,213449
2021-06-15 09:37:35,3294.85,213550
2021-06-15 09:37:36,3294.9,213624
2021-06-15 09:37:37,3294.7,213926
2021-06-15 09:37:38,3294.75,213936
2021-06-15 09:37:39,3294.75,213938
2021-06-15 09:37:40,3294.75,213951
2021-06-15 09:37:41,3294.7,214176
2021-06-15 09:37:42,3294.7,214296
2021-06-15 09:37:44,3294.55,214323
2021-06-15 09:37:45,3294.0,214676
2021-06-15 09:37:46,3293.8,214758
2021-06-15 09:37:47,3293.8,214759
2021-06-15 09:37:48,3292.45,214831
2021-06-15 09:37:49,3293.6,214842
2021-06-15 09:37:50,3293.6,214842
2021-06-15 09:37:51,3293.6,214842
2021-06-15 09:37:52,3293.6,214860
2021-06-15 09:37:53,3293.1,214885
2021-06-15 09:37:54,3293.1,214886
2021-06-15 09:37:56,3293.0,214896
2021-06-15 09:37:57,3293.0,214917
2021-06-15 09:37:58,3292.0,215179
2021-06-15 09:37:58,3292.0,215179
2021-06-15 09:37:59,3292.0,215184
2021-06-15 09:38:00,3292.65,215224
2021-06-15 09:38:02,3292.6,215264
2021-06-15 09:38:03,3292.6,215328
2021-06-15 09:38:04,3293.0,215932
2021-06-15 09:38:06,3293.0,215981
2021-06-15 09:38:06,3293.0,215981
2021-06-15 09:38:07,3293.0,216031
2021-06-15 09:38:08,3293.0,216031
2021-06-15 09:38:09,3293.0,216031
2021-06-15 09:38:10,3293.1,216111
2021-06-15 09:38:11,3293.1,216114
2021-06-15 09:38:13,3293.1,216126
2021-06-15 09:38:14,3293.0,216234
2021-06-15 09:38:15,3293.0,216467
2021-06-15 09:38:15,3293.0,216477
2021-06-15 09:38:16,3292.05,216670
2021-06-15 09:38:17,3292.85,216706
2021-06-15 09:38:18,3292.85,216706
2021-06-15 09:38:19,3292.85,216706
2021-06-15 09:38:20,3292.85,216742
2021-06-15 09:38:21,3293.0,216747
2021-06-15 09:38:23,3293.0,216849
2021-06-15 09:38:24,3293.0,216956
2021-06-15 09:38:25,3293.5,217191
2021-06-15 09:38:26,3293.8,217232
2021-06-15 09:38:27,3292.95,217278
2021-06-15 09:38:28,3292.95,217383
2021-06-15 09:38:30,3292.95,217436
2021-06-15 09:38:31,3293.35,217501
2021-06-15 09:38:32,3292.65,217752
2021-06-15 09:38:33,3292.65,217752
2021-06-15 09:38:34,3293.95,217757
2021-06-15 09:38:35,3293.5,217758
2021-06-15 09:38:36,3293.5,217758
2021-06-15 09:38:37,3293.5,217814
2021-06-15 09:38:38,3293.5,217857
2021-06-15 09:38:39,3293.5,217911
2021-06-15 09:38:41,3293.5,217994
2021-06-15 09:38:42,3293.3,218080
2021-06-15 09:38:43,3293.3,218080
2021-06-15 09:38:44,3293.7,218180
2021-06-15 09:38:45,3293.7,218204
2021-06-15 09:38:46,3293.6,218220
2021-06-15 09:38:46,3293.3,218215
2021-06-15 09:38:47,3293.6,218249
2021-06-15 09:38:48,3293.6,218255
2021-06-15 09:38:49,3293.3,218283
2021-06-15 09:38:50,3293.3,218301
2021-06-15 09:38:51,3293.35,218302
2021-06-15 09:38:52,3292.35,218626
2021-06-15 09:38:53,3292.35,218799
2021-06-15 09:38:54,3292.45,218859
2021-06-15 09:38:55,3292.45,218873
2021-06-15 09:38:57,3292.45,218884
2021-06-15 09:38:58,3292.45,218921
2021-06-15 09:38:59,3292.45,218972
2021-06-15 09:39:00,3292.65,219913
2021-06-15 09:39:01,3292.65,219944
2021-06-15 09:39:01,3292.8,219979
2021-06-15 09:39:02,3292.8,219979
2021-06-15 09:39:03,3292.8,220009
2021-06-15 09:39:04,3293.9,220334
2021-06-15 09:39:05,3294.15,220453
2021-06-15 09:39:06,3294.15,220497
2021-06-15 09:39:07,3294.15,220497
2021-06-15 09:39:08,3294.2,220509
2021-06-15 09:39:09,3294.2,220830
2021-06-15 09:39:10,3294.1,221141
2021-06-15 09:39:11,3294.3,221308
2021-06-15 09:39:12,3294.3,221328
2021-06-15 09:39:13,3294.2,221628
2021-06-15 09:39:14,3294.4,221775
2021-06-15 09:39:15,3294.4,221780
2021-06-15 09:39:16,3294.5,221836
2021-06-15 09:39:17,3294.2,221878
2021-06-15 09:39:18,3294.4,221887
2021-06-15 09:39:19,3294.5,221905
2021-06-15 09:39:20,3294.6,221997
2021-06-15 09:39:22,3294.8,223080
2021-06-15 09:39:23,3294.8,223296
2021-06-15 09:39:24,3294.9,223298
2021-06-15 09:39:24,3294.9,223298
2021-06-15 09:39:26,3296.0,225488
2021-06-15 09:39:26,3295.6,225238
2021-06-15 09:39:27,3296.0,225590
2021-06-15 09:39:28,3296.0,225985
2021-06-15 09:39:29,3296.3,226048
2021-06-15 09:39:30,3296.9,226575
2021-06-15 09:39:31,3296.3,226681
2021-06-15 09:39:32,3296.25,226943
2021-06-15 09:39:33,3296.65,227012
2021-06-15 09:39:34,3296.9,227099
2021-06-15 09:39:36,3297.0,228283
2021-06-15 09:39:35,3296.65,228080
2021-06-15 09:39:37,3296.9,228338
2021-06-15 09:39:38,3296.45,228837
2021-06-15 09:39:39,3296.9,229219
2021-06-15 09:39:40,3296.45,229839
2021-06-15 09:39:41,3295.85,230585
2021-06-15 09:39:42,3295.85,230787
2021-06-15 09:39:43,3295.85,230873
2021-06-15 09:39:44,3295.8,230877
2021-06-15 09:39:45,3295.8,230877
2021-06-15 09:39:46,3295.8,230892
2021-06-15 09:39:47,3296.0,231147
2021-06-15 09:39:48,3296.0,231260
2021-06-15 09:39:49,3296.0,231269
2021-06-15 09:39:50,3296.0,231269
2021-06-15 09:39:51,3296.2,231377
2021-06-15 09:39:52,3296.0,231805
2021-06-15 09:39:53,3296.0,231810
2021-06-15 09:39:56,3296.0,232157
2021-06-15 09:39:57,3296.0,232207
2021-06-15 09:39:58,3296.0,232307
2021-06-15 09:39:58,3296.0,232348
2021-06-15 09:39:59,3296.0,232348
2021-06-15 09:40:00,3295.0,232656
2021-06-15 09:40:01,3295.8,232698
2021-06-15 09:40:03,3295.8,232847
2021-06-15 09:40:04,3295.8,232854
2021-06-15 09:40:05,3296.0,233176
2021-06-15 09:40:06,3296.0,233295
2021-06-15 09:40:07,3296.0,233302
2021-06-15 09:40:09,3295.65,233315
2021-06-15 09:40:10,3295.0,233388
2021-06-15 09:40:10,3295.0,233388
2021-06-15 09:40:11,3295.45,233698
2021-06-15 09:40:12,3295.0,233707
2021-06-15 09:40:13,3295.0,233820
2021-06-15 09:40:14,3295.0,233820
2021-06-15 09:40:17,3295.0,233943
2021-06-15 09:40:18,3294.85,234183
2021-06-15 09:40:19,3294.75,234254
2021-06-15 09:40:20,3294.75,234255
2021-06-15 09:40:21,3294.0,234465
2021-06-15 09:40:22,3294.0,234465
2021-06-15 09:40:22,3294.0,234465
2021-06-15 09:40:23,3294.85,234765
2021-06-15 09:40:24,3294.0,234839
2021-06-15 09:40:25,3294.4,234939
2021-06-15 09:40:26,3294.4,234939
2021-06-15 09:40:27,3294.0,235222
2021-06-15 09:40:28,3293.95,235388
2021-06-15 09:40:29,3294.15,235430
2021-06-15 09:40:32,3294.0,235581
2021-06-15 09:40:33,3293.65,235606
2021-06-15 09:40:34,3293.65,235636
2021-06-15 09:40:35,3293.65,235636
2021-06-15 09:40:35,3293.65,235636
2021-06-15 09:40:36,3293.5,235638
2021-06-15 09:40:38,3293.5,235793
2021-06-15 09:40:39,3293.35,236029
2021-06-15 09:40:41,3293.15,236216
2021-06-15 09:40:42,3293.15,236218
2021-06-15 09:40:42,3293.15,236218
2021-06-15 09:40:43,3292.0,236323
2021-06-15 09:40:44,3292.1,236477
2021-06-15 09:40:45,3292.1,236488
2021-06-15 09:40:46,3292.1,236488
2021-06-15 09:40:47,3292.0,236788
2021-06-15 09:40:49,3292.1,236843
2021-06-15 09:40:51,3292.75,236944
2021-06-15 09:40:52,3292.1,237100
2021-06-15 09:40:53,3292.0,237423
2021-06-15 09:40:54,3292.0,237427
2021-06-15 09:40:55,3292.0,237427
2021-06-15 09:40:56,3292.65,237437
2021-06-15 09:40:57,3292.1,237479
2021-06-15 09:40:58,3292.1,237479
2021-06-15 09:41:00,3291.8,237656
2021-06-15 09:41:01,3292.0,237749
2021-06-15 09:41:02,3291.5,237789
2021-06-15 09:41:03,3291.2,237801
2021-06-15 09:41:04,3291.2,237804
2021-06-15 09:41:04,3291.2,237804
2021-06-15 09:41:05,3291.2,237804
2021-06-15 09:41:06,3291.2,237805
2021-06-15 09:41:08,3291.2,237805
2021-06-15 09:41:08,3291.0,237886
2021-06-15 09:41:09,3291.0,237947
2021-06-15 09:41:11,3291.0,237989
2021-06-15 09:41:12,3291.2,238011
2021-06-15 09:41:13,3291.0,238013
2021-06-15 09:41:14,3291.0,238126
2021-06-15 09:41:15,3291.0,238137
2021-06-15 09:41:16,3291.0,238137
2021-06-15 09:41:17,3291.0,238137
2021-06-15 09:41:18,3291.0,238137
2021-06-15 09:41:19,3291.0,238147
2021-06-15 09:41:20,3291.25,238151
2021-06-15 09:41:21,3291.0,238193
2021-06-15 09:41:23,3291.0,238194
2021-06-15 09:41:24,3291.0,238194
2021-06-15 09:41:24,3291.25,238202
2021-06-15 09:41:25,3291.9,238442
2021-06-15 09:41:26,3291.9,238513
2021-06-15 09:41:27,3291.9,238526
2021-06-15 09:41:28,3291.9,238535
2021-06-15 09:41:29,3291.6,238563
2021-06-15 09:41:30,3291.6,238568
2021-06-15 09:41:32,3291.9,238830
2021-06-15 09:41:33,3291.6,238831
2021-06-15 09:41:34,3291.6,238841
2021-06-15 09:41:35,3291.6,238841
2021-06-15 09:41:35,3291.6,238841
2021-06-15 09:41:36,3291.6,238841
2021-06-15 09:41:37,3291.6,238841
2021-06-15 09:41:38,3291.6,238857
2021-06-15 09:41:40,3291.75,238906
2021-06-15 09:41:41,3291.6,238926
2021-06-15 09:41:42,3291.6,238981
2021-06-15 09:41:43,3291.6,239024
2021-06-15 09:41:44,3291.6,239024
2021-06-15 09:41:45,3291.6,239024
2021-06-15 09:41:46,3291.6,239024
2021-06-15 09:41:47,3291.6,239029
2021-06-15 09:41:48,3291.5,239034
2021-06-15 09:41:49,3291.5,239034
2021-06-15 09:41:50,3291.5,239034
2021-06-15 09:41:51,3291.6,239037
2021-06-15 09:41:53,3291.6,239058
2021-06-15 09:41:55,3292.45,239258
2021-06-15 09:41:57,3291.6,239272
2021-06-15 09:41:58,3291.6,239273
2021-06-15 09:41:59,3291.5,239289
2021-06-15 09:42:00,3291.55,239657
2021-06-15 09:42:01,3291.55,239658
2021-06-15 09:42:03,3291.5,239709
2021-06-15 09:42:04,3291.55,239729
2021-06-15 09:42:05,3291.55,239734
2021-06-15 09:42:06,3291.5,239801
2021-06-15 09:42:07,3291.5,239801
2021-06-15 09:42:08,3291.5,239821
2021-06-15 09:42:08,3291.55,239823
2021-06-15 09:42:09,3291.55,240028
2021-06-15 09:42:10,3291.4,240214
2021-06-15 09:42:12,3290.75,241808
2021-06-15 09:42:14,3290.75,241927
2021-06-15 09:42:15,3290.2,241953
2021-06-15 09:42:16,3290.2,241953
2021-06-15 09:42:17,3290.5,241954
2021-06-15 09:42:18,3290.5,241954
2021-06-15 09:42:19,3287.0,244391
2021-06-15 09:42:20,3286.5,244636
2021-06-15 09:42:21,3286.35,244983
2021-06-15 09:42:22,3286.2,245003
2021-06-15 09:42:23,3286.2,245003
2021-06-15 09:42:24,3287.25,245004
2021-06-15 09:42:24,3287.25,245004
2021-06-15 09:42:25,3287.25,245004
2021-06-15 09:42:26,3287.25,245014
2021-06-15 09:42:27,3286.4,245027
2021-06-15 09:42:29,3287.2,245046
2021-06-15 09:42:30,3286.4,245059
2021-06-15 09:42:31,3287.4,245209
2021-06-15 09:42:32,3286.6,245211
2021-06-15 09:42:33,3286.65,245242
2021-06-15 09:42:34,3286.65,245242
2021-06-15 09:42:35,3286.65,245242
2021-06-15 09:42:36,3286.8,245243
2021-06-15 09:42:36,3286.8,245243
2021-06-15 09:42:37,3286.8,245243
2021-06-15 09:42:39,3287.0,245446
2021-06-15 09:42:40,3287.0,245469
2021-06-15 09:42:41,3287.0,245469
2021-06-15 09:42:42,3287.0,245469
2021-06-15 09:42:42,3287.0,245469
2021-06-15 09:42:43,3287.0,245479
2021-06-15 09:42:44,3286.7,245484
2021-06-15 09:42:45,3287.4,245493
2021-06-15 09:42:47,3286.7,245533
2021-06-15 09:42:48,3287.0,245598
2021-06-15 09:42:49,3287.0,245598
2021-06-15 09:42:50,3287.4,245702
2021-06-15 09:42:51,3287.0,245723
2021-06-15 09:42:52,3287.0,245736
2021-06-15 09:42:52,3287.0,245736
2021-06-15 09:42:53,3287.4,245743
2021-06-15 09:42:55,3287.4,245743
2021-06-15 09:42:57,3287.4,245752
2021-06-15 09:42:58,3287.0,245903
2021-06-15 09:42:59,3287.0,245903
2021-06-15 09:43:00,3287.0,245916
2021-06-15 09:43:01,3287.35,245949
2021-06-15 09:43:02,3287.0,245954
2021-06-15 09:43:03,3287.35,245970
2021-06-15 09:43:04,3287.35,245970
2021-06-15 09:43:05,3287.35,245970
2021-06-15 09:43:06,3287.0,245971
2021-06-15 09:43:06,3287.0,245971
2021-06-15 09:43:07,3287.1,245982
2021-06-15 09:43:08,3286.0,246957
2021-06-15 09:43:10,3286.65,247068
2021-06-15 09:43:13,3286.6,247267
2021-06-15 09:43:14,3286.6,247278
2021-06-15 09:43:14,3286.2,247285
2021-06-15 09:43:15,3286.6,247292
2021-06-15 09:43:16,3286.6,247292
2021-06-15 09:43:17,3286.65,247293
2021-06-15 09:43:18,3286.65,247293
2021-06-15 09:43:19,3286.2,247296
2021-06-15 09:43:21,3286.65,247297
2021-06-15 09:43:22,3286.65,247307
2021-06-15 09:43:23,3286.65,247307
2021-06-15 09:43:24,3286.65,247307
2021-06-15 09:43:24,3286.65,247307
2021-06-15 09:43:25,3286.2,247308
2021-06-15 09:43:26,3286.2,247318
2021-06-15 09:43:27,3286.6,247321
2021-06-15 09:43:28,3286.2,247371
2021-06-15 09:43:30,3286.0,247402
2021-06-15 09:43:31,3286.0,247402
2021-06-15 09:43:32,3286.2,247416
2021-06-15 09:43:33,3286.6,247428
2021-06-15 09:43:34,3286.2,247445
2021-06-15 09:43:35,3286.2,247462
2021-06-15 09:43:36,3286.2,247492
2021-06-15 09:43:37,3286.2,247492
2021-06-15 09:43:37,3286.2,247492
2021-06-15 09:43:38,3286.2,247492
2021-06-15 09:43:40,3286.25,247502
2021-06-15 09:43:41,3286.0,247510
2021-06-15 09:43:42,3286.0,247522
2021-06-15 09:43:43,3286.2,247528
2021-06-15 09:43:43,3286.2,247528
2021-06-15 09:43:44,3286.0,247550
2021-06-15 09:43:45,3286.0,247562
2021-06-15 09:43:46,3286.25,247583
2021-06-15 09:43:48,3285.75,247837
2021-06-15 09:43:49,3286.35,247838
2021-06-15 09:43:50,3286.3,247871
2021-06-15 09:43:51,3286.0,247972
2021-06-15 09:43:52,3285.7,247997
2021-06-15 09:43:53,3285.7,247997
2021-06-15 09:43:55,3286.0,248011
2021-06-15 09:43:56,3286.0,248031
2021-06-15 09:43:57,3286.0,248031
2021-06-15 09:43:58,3286.0,248031
2021-06-15 09:43:59,3286.0,248031
2021-06-15 09:44:00,3286.6,248167
2021-06-15 09:44:01,3287.0,248246
2021-06-15 09:44:02,3288.6,248343
2021-06-15 09:44:02,3288.6,248343
2021-06-15 09:44:03,3287.0,248349
2021-06-15 09:44:04,3287.0,248349
2021-06-15 09:44:05,3287.15,248369
2021-06-15 09:44:06,3287.2,248394
2021-06-15 09:44:07,3287.2,248397
2021-06-15 09:44:09,3287.2,248474
2021-06-15 09:44:10,3288.45,248479
2021-06-15 09:44:11,3288.95,248509
2021-06-15 09:44:12,3288.85,248554
2021-06-15 09:44:13,3288.85,248554
2021-06-15 09:44:14,3288.85,248554
2021-06-15 09:44:15,3287.5,248556
2021-06-15 09:44:16,3287.5,248556
2021-06-15 09:44:17,3287.5,248649
2021-06-15 09:44:18,3287.5,248673
2021-06-15 09:44:20,3286.9,249145
2021-06-15 09:44:21,3288.0,249146
2021-06-15 09:44:22,3288.0,249149
2021-06-15 09:44:23,3288.0,249169
2021-06-15 09:44:24,3288.0,249209
2021-06-15 09:44:25,3288.0,249209
2021-06-15 09:44:26,3286.9,249214
2021-06-15 09:44:27,3286.9,249214
2021-06-15 09:44:28,3286.9,249214
2021-06-15 09:44:29,3287.65,249254
2021-06-15 09:44:30,3288.15,249342
2021-06-15 09:44:31,3287.9,249366
2021-06-15 09:44:31,3287.9,249366
2021-06-15 09:44:32,3287.9,249392
2021-06-15 09:44:34,3288.65,249455
2021-06-15 09:44:35,3287.65,249504
2021-06-15 09:44:36,3287.65,249504
2021-06-15 09:44:37,3287.65,249575
2021-06-15 09:44:38,3286.0,249981
2021-06-15 09:44:38,3286.0,249981
2021-06-15 09:44:40,3286.0,249984
2021-06-15 09:44:41,3286.0,249984
2021-06-15 09:44:42,3287.1,249989
2021-06-15 09:44:43,3287.1,249989
2021-06-15 09:44:44,3286.0,249990
2021-06-15 09:44:45,3286.85,249995
2021-06-15 09:44:47,3286.0,250034
2021-06-15 09:44:49,3286.0,250034
2021-06-15 09:44:50,3286.0,250034
2021-06-15 09:44:51,3286.75,250344
2021-06-15 09:44:52,3286.75,250350
2021-06-15 09:44:52,3286.75,250349
2021-06-15 09:44:54,3286.85,250420
2021-06-15 09:44:55,3287.15,250460
2021-06-15 09:44:56,3287.15,250490
2021-06-15 09:44:57,3287.15,250490
2021-06-15 09:44:58,3287.15,250500
2021-06-15 09:44:58,3287.15,250500
2021-06-15 09:44:59,3286.3,250562
2021-06-15 09:45:01,3287.7,250651
2021-06-15 09:45:02,3287.65,250653
2021-06-15 09:45:03,3286.4,250683
2021-06-15 09:45:04,3286.4,250683
2021-06-15 09:45:05,3287.7,250686
2021-06-15 09:45:05,3287.7,250686
2021-06-15 09:45:07,3287.15,250706
2021-06-15 09:45:08,3287.15,251097
2021-06-15 09:45:09,3286.9,251149
2021-06-15 09:45:10,3286.9,251149
2021-06-15 09:45:11,3287.0,251803
2021-06-15 09:45:12,3288.0,251965
2021-06-15 09:45:13,3287.0,251972
2021-06-15 09:45:14,3287.0,251972
2021-06-15 09:45:14,3287.0,251972
2021-06-15 09:45:15,3287.95,251973
2021-06-15 09:45:17,3288.1,251993
2021-06-15 09:45:18,3287.5,251996
2021-06-15 09:45:19,3287.2,252011
2021-06-15 09:45:20,3287.2,252063
2021-06-15 09:45:20,3287.2,252063
2021-06-15 09:45:22,3287.5,252090
2021-06-15 09:45:25,3286.95,254105
2021-06-15 09:45:26,3286.95,254105
2021-06-15 09:45:27,3286.85,254113
2021-06-15 09:45:28,3286.85,254116
2021-06-15 09:45:28,3286.85,254116
2021-06-15 09:45:30,3286.4,254129
2021-06-15 09:45:31,3286.4,254222
2021-06-15 09:45:32,3286.4,254279
2021-06-15 09:45:33,3286.4,254304
2021-06-15 09:45:34,3286.4,254442
2021-06-15 09:45:35,3286.4,254447
2021-06-15 09:45:36,3286.3,254474
2021-06-15 09:45:36,3286.3,254474
2021-06-15 09:45:39,3286.35,254638
2021-06-15 09:45:40,3286.35,254638
2021-06-15 09:45:41,3286.35,254638
2021-06-15 09:45:42,3286.35,254640
2021-06-15 09:45:43,3286.35,254656
2021-06-15 09:45:43,3286.35,254656
2021-06-15 09:45:45,3286.3,254681
2021-06-15 09:45:46,3286.35,254721
2021-06-15 09:45:47,3286.3,254729
2021-06-15 09:45:48,3286.35,254731
2021-06-15 09:45:49,3286.35,254731
2021-06-15 09:45:50,3286.35,254731
2021-06-15 09:45:51,3286.35,254731
2021-06-15 09:45:52,3286.3,254782
2021-06-15 09:45:53,3286.35,254788
2021-06-15 09:45:54,3286.3,254803
2021-06-15 09:45:54,3286.3,254803
2021-06-15 09:45:56,3286.3,255289
2021-06-15 09:45:57,3286.3,255299
2021-06-15 09:45:58,3286.3,255300
2021-06-15 09:45:59,3286.35,255370
2021-06-15 09:45:59,3286.3,255353
2021-06-15 09:46:00,3286.05,255385
2021-06-15 09:46:02,3286.05,255421
2021-06-15 09:46:03,3286.05,255478
2021-06-15 09:46:04,3286.05,255524
2021-06-15 09:46:05,3286.0,255600
2021-06-15 09:46:06,3286.35,255699
2021-06-15 09:46:07,3286.0,255749
2021-06-15 09:46:08,3286.0,255749
2021-06-15 09:46:09,3286.35,255753
2021-06-15 09:46:10,3286.35,255753
2021-06-15 09:46:11,3286.35,255754
2021-06-15 09:46:12,3286.35,255754
2021-06-15 09:46:13,3286.35,255756
2021-06-15 09:46:15,3286.35,255780
2021-06-15 09:46:16,3286.35,255797
2021-06-15 09:46:17,3286.3,255823
2021-06-15 09:46:18,3286.3,255823
2021-06-15 09:46:19,3286.35,255831
2021-06-15 09:46:20,3286.35,255831
2021-06-15 09:46:21,3286.35,255842
2021-06-15 09:46:22,3286.35,255842
2021-06-15 09:46:24,3286.3,255862
2021-06-15 09:46:25,3286.3,255941
2021-06-15 09:46:26,3286.3,255963
2021-06-15 09:46:27,3286.3,255963
2021-06-15 09:46:28,3286.35,255965
2021-06-15 09:46:30,3286.35,255991
2021-06-15 09:46:31,3286.35,256002
2021-06-15 09:46:32,3286.35,256002
2021-06-15 09:46:33,3286.3,256024
2021-06-15 09:46:34,3286.3,256024
2021-06-15 09:46:35,3286.3,256024
2021-06-15 09:46:36,3286.15,256161
2021-06-15 09:46:37,3286.0,256411
2021-06-15 09:46:38,3286.35,256441
2021-06-15 09:46:39,3286.35,256443
2021-06-15 09:46:40,3286.3,256453
2021-06-15 09:46:41,3286.3,256453
2021-06-15 09:46:42,3286.3,256453
2021-06-15 09:46:43,3286.3,256453
2021-06-15 09:46:44,3286.3,256453
2021-06-15 09:46:45,3286.3,256488
2021-06-15 09:46:46,3286.3,256488
2021-06-15 09:46:47,3286.3,256499
2021-06-15 09:46:48,3286.15,256501
2021-06-15 09:46:49,3286.3,256502
2021-06-15 09:46:50,3286.3,256502
2021-06-15 09:46:51,3286.3,256507
2021-06-15 09:46:52,3286.3,256513
2021-06-15 09:46:53,3286.15,256519
2021-06-15 09:46:54,3286.15,256554
2021-06-15 09:46:55,3286.15,256554
2021-06-15 09:46:56,3286.15,256681
2021-06-15 09:46:57,3286.15,256681
2021-06-15 09:46:58,3286.15,256681
2021-06-15 09:46:59,3286.15,256694
2021-06-15 09:47:00,3286.15,256694
2021-06-15 09:47:01,3286.3,256704
2021-06-15 09:47:02,3286.15,256777
2021-06-15 09:47:04,3286.2,256829
2021-06-15 09:47:05,3286.2,256829
2021-06-15 09:47:06,3286.2,256829
2021-06-15 09:47:07,3286.2,256829
2021-06-15 09:47:08,3286.3,256862
2021-06-15 09:47:09,3286.3,256904
2021-06-15 09:47:10,3286.15,257204
2021-06-15 09:47:11,3286.15,257204
2021-06-15 09:47:12,3286.1,257206
2021-06-15 09:47:14,3286.05,257236
2021-06-15 09:47:15,3286.05,257236
2021-06-15 09:47:16,3286.05,257236
2021-06-15 09:47:18,3286.3,257239
2021-06-15 09:47:17,3286.3,257239
2021-06-15 09:47:19,3286.3,257239
2021-06-15 09:47:20,3286.3,257308
2021-06-15 09:47:21,3286.1,257462
2021-06-15 09:47:22,3285.5,258623
2021-06-15 09:47:23,3285.75,258699
2021-06-15 09:47:24,3285.45,258783
2021-06-15 09:47:25,3285.45,258783
2021-06-15 09:47:26,3285.45,258796
2021-06-15 09:47:27,3285.45,258797
2021-06-15 09:47:28,3285.4,258808
2021-06-15 09:47:29,3285.1,258824
2021-06-15 09:47:30,3283.55,260238
2021-06-15 09:47:31,3284.95,260452
2021-06-15 09:47:32,3283.6,260900
2021-06-15 09:47:33,3283.0,260952
2021-06-15 09:47:34,3283.0,260998
2021-06-15 09:47:35,3284.05,260999
2021-06-15 09:47:36,3284.05,260999
2021-06-15 09:47:37,3281.35,261664
2021-06-15 09:47:38,3282.95,261876
2021-06-15 09:47:39,3282.65,261969
2021-06-15 09:47:40,3282.65,261969
2021-06-15 09:47:41,3282.65,261969
2021-06-15 09:47:42,3283.5,262239
2021-06-15 09:47:43,3283.7,262339
2021-06-15 09:47:44,3282.65,262389
2021-06-15 09:47:46,3281.25,262672
2021-06-15 09:47:45,3281.25,262672
2021-06-15 09:47:50,3282.85,262854
2021-06-15 09:47:51,3282.05,262864
2021-06-15 09:47:52,3281.7,263164
2021-06-15 09:47:53,3281.7,263174
2021-06-15 09:47:54,3282.5,264020
2021-06-15 09:47:55,3282.5,264023
2021-06-15 09:47:56,3282.55,264024
2021-06-15 09:47:57,3283.0,264034
2021-06-15 09:47:58,3283.0,264056
2021-06-15 09:48:00,3283.0,264102
2021-06-15 09:48:02,3285.0,264412
2021-06-15 09:48:05,3286.0,264526
2021-06-15 09:48:06,3286.0,264531
2021-06-15 09:48:07,3285.95,264551
2021-06-15 09:48:08,3286.0,264562
2021-06-15 09:48:09,3286.0,264568
2021-06-15 09:48:10,3286.0,264571
2021-06-15 09:48:11,3286.4,264706
2021-06-15 09:48:12,3286.4,264706
2021-06-15 09:48:13,3287.0,264741
2021-06-15 09:48:14,3286.3,264743
2021-06-15 09:48:15,3287.0,264744
2021-06-15 09:48:16,3287.0,264744
2021-06-15 09:48:17,3287.0,264816
2021-06-15 09:48:18,3287.0,264817
2021-06-15 09:48:19,3287.2,264923
2021-06-15 09:48:20,3287.1,265032
2021-06-15 09:48:21,3287.1,265032
2021-06-15 09:48:22,3287.85,265033
2021-06-15 09:48:23,3287.05,265051
2021-06-15 09:48:24,3287.85,265061
2021-06-15 09:48:25,3287.1,265078
2021-06-15 09:48:26,3288.3,265106
2021-06-15 09:48:27,3288.5,265206
2021-06-15 09:48:28,3288.3,265236
2021-06-15 09:48:30,3287.15,265248
2021-06-15 09:48:30,3287.15,265248
2021-06-15 09:48:31,3288.5,265258
2021-06-15 09:48:32,3287.2,265278
2021-06-15 09:48:33,3288.0,265280
2021-06-15 09:48:34,3288.0,265280
2021-06-15 09:48:37,3285.7,266090
2021-06-15 09:48:37,3285.95,266024
2021-06-15 09:48:38,3285.8,266303
2021-06-15 09:48:39,3285.2,266304
2021-06-15 09:48:40,3285.75,266309
2021-06-15 09:48:41,3284.1,266321
2021-06-15 09:48:42,3285.75,266393
2021-06-15 09:48:43,3285.75,266393
2021-06-15 09:48:44,3284.15,266423
2021-06-15 09:48:45,3284.15,266423
2021-06-15 09:48:47,3285.2,266443
2021-06-15 09:48:47,3285.6,266518
2021-06-15 09:48:48,3285.6,266632
2021-06-15 09:48:49,3284.6,266692
2021-06-15 09:48:50,3285.0,266707
2021-06-15 09:48:51,3285.6,266718
2021-06-15 09:48:52,3285.6,266718
2021-06-15 09:48:53,3285.6,266718
2021-06-15 09:48:55,3284.75,266818
2021-06-15 09:48:56,3285.55,266827
2021-06-15 09:48:57,3284.75,266862
2021-06-15 09:48:57,3284.75,266862
2021-06-15 09:48:58,3284.75,266862
2021-06-15 09:48:59,3284.4,267153
2021-06-15 09:49:00,3284.45,267165
2021-06-15 09:49:01,3285.5,267174
2021-06-15 09:49:02,3285.5,267174
2021-06-15 09:49:03,3285.9,267225
2021-06-15 09:49:04,3284.8,267236
2021-06-15 09:49:05,3284.8,267236
2021-06-15 09:49:07,3285.6,267247
2021-06-15 09:49:08,3285.6,267247
2021-06-15 09:49:09,3285.6,267247
2021-06-15 09:49:10,3285.25,267274
2021-06-15 09:49:12,3285.4,267279
2021-06-15 09:49:12,3285.4,267279
2021-06-15 09:49:13,3286.0,267431
2021-06-15 09:49:14,3285.8,267459
2021-06-15 09:49:15,3287.5,267462
2021-06-15 09:49:16,3287.5,267462
2021-06-15 09:49:17,3287.0,267467
2021-06-15 09:49:19,3287.7,267517
2021-06-15 09:49:19,3287.7,267517
2021-06-15 09:49:20,3287.6,267619
2021-06-15 09:49:22,3287.8,267684
2021-06-15 09:49:23,3287.8,267691
2021-06-15 09:49:25,3287.0,267776
2021-06-15 09:49:25,3287.0,267786
2021-06-15 09:49:26,3287.0,267786
2021-06-15 09:49:27,3287.0,267786
2021-06-15 09:49:28,3287.0,267786
2021-06-15 09:49:29,3287.0,267799
2021-06-15 09:49:31,3287.5,267806
2021-06-15 09:49:31,3287.5,267806
2021-06-15 09:49:32,3287.5,267808
2021-06-15 09:49:33,3286.0,268121
2021-06-15 09:49:34,3286.8,268163
2021-06-15 09:49:35,3286.75,268216
2021-06-15 09:49:36,3286.75,268216
2021-06-15 09:49:37,3286.75,268216
2021-06-15 09:49:38,3286.75,268216
2021-06-15 09:49:39,3286.75,268216
2021-06-15 09:49:40,3286.55,268217
2021-06-15 09:49:42,3286.55,268217
2021-06-15 09:49:42,3286.55,268218
2021-06-15 09:49:43,3286.55,268218
2021-06-15 09:49:44,3286.5,268284
2021-06-15 09:49:45,3286.55,268325
2021-06-15 09:49:46,3286.55,268334
2021-06-15 09:49:47,3286.55,268335
2021-06-15 09:49:48,3286.55,268335
2021-06-15 09:49:49,3286.55,268335
2021-06-15 09:49:51,3286.55,268336
2021-06-15 09:49:52,3286.55,268336
2021-06-15 09:49:52,3286.55,268336
2021-06-15 09:49:53,3286.0,268341
2021-06-15 09:49:54,3286.0,268341
2021-06-15 09:49:55,3286.0,268341
2021-06-15 09:49:56,3286.0,268341
2021-06-15 09:49:57,3286.0,268366
2021-06-15 09:49:58,3286.0,268396
2021-06-15 09:49:59,3286.0,268413
2021-06-15 09:50:00,3286.0,268413
2021-06-15 09:50:01,3286.5,268415
2021-06-15 09:50:03,3286.5,268416
2021-06-15 09:50:03,3286.5,268416
2021-06-15 09:50:04,3286.5,268452
2021-06-15 09:50:05,3286.5,268452
2021-06-15 09:50:06,3286.0,268588
2021-06-15 09:50:07,3286.0,268657
2021-06-15 09:50:08,3286.4,268672
2021-06-15 09:50:09,3286.0,268708
2021-06-15 09:50:10,3286.0,268743
2021-06-15 09:50:11,3286.0,268743
2021-06-15 09:50:12,3286.0,268743
2021-06-15 09:50:13,3286.4,268745
2021-06-15 09:50:15,3286.4,268745
2021-06-15 09:50:16,3286.4,268745
2021-06-15 09:50:16,3286.4,268745
2021-06-15 09:50:17,3286.4,268745
2021-06-15 09:50:18,3286.0,268781
2021-06-15 09:50:19,3286.0,268781
2021-06-15 09:50:21,3286.4,268811
2021-06-15 09:50:23,3286.4,268811
2021-06-15 09:50:24,3286.4,268811
2021-06-15 09:50:25,3286.4,268851
2021-06-15 09:50:26,3286.4,268851
2021-06-15 09:50:27,3286.4,268855
2021-06-15 09:50:28,3286.0,268920
2021-06-15 09:50:29,3286.0,268935
2021-06-15 09:50:30,3286.05,268945
2021-06-15 09:50:31,3286.05,268955
2021-06-15 09:50:33,3286.05,268955
2021-06-15 09:50:33,3286.05,268955
2021-06-15 09:50:34,3286.0,269071
2021-06-15 09:50:35,3286.4,269073
2021-06-15 09:50:36,3286.4,269073
2021-06-15 09:50:40,3286.4,269078
2021-06-15 09:50:40,3286.4,269078
2021-06-15 09:50:41,3286.4,269094
2021-06-15 09:50:42,3286.2,269104
2021-06-15 09:50:43,3286.2,269104
2021-06-15 09:50:45,3286.4,269221
2021-06-15 09:50:46,3286.2,269233
2021-06-15 09:50:47,3286.2,269233
2021-06-15 09:50:47,3286.3,269244
2021-06-15 09:50:48,3286.3,269244
2021-06-15 09:50:49,3286.2,269323
2021-06-15 09:50:50,3286.3,269324
2021-06-15 09:50:51,3286.2,269329
2021-06-15 09:50:53,3286.2,269329
2021-06-15 09:50:54,3286.3,269331
2021-06-15 09:50:55,3286.3,269996
2021-06-15 09:50:55,3286.3,269996
2021-06-15 09:50:56,3286.3,269996
2021-06-15 09:50:57,3286.2,270056
2021-06-15 09:50:58,3286.2,270066
2021-06-15 09:51:00,3286.2,270088
2021-06-15 09:51:02,3286.2,270088
2021-06-15 09:51:03,3286.2,270088
2021-06-15 09:51:05,3286.5,270298
2021-06-15 09:51:06,3286.5,270298
2021-06-15 09:51:07,3286.5,270298
2021-06-15 09:51:07,3286.2,270299
2021-06-15 09:51:08,3286.2,270299
2021-06-15 09:51:09,3286.3,270349
2021-06-15 09:51:10,3286.3,270354
2021-06-15 09:51:11,3286.3,270354
2021-06-15 09:51:13,3286.25,270355
2021-06-15 09:51:14,3286.3,270372
2021-06-15 09:51:14,3286.3,270372
2021-06-15 09:51:15,3286.3,270373
2021-06-15 09:51:16,3286.3,270378
2021-06-15 09:51:17,3286.3,270379
2021-06-15 09:51:18,3286.25,270439
2021-06-15 09:51:19,3286.3,270440
2021-06-15 09:51:20,3286.3,270440
2021-06-15 09:51:21,3286.3,270440
2021-06-15 09:51:22,3286.3,270440
2021-06-15 09:51:23,3286.25,270476
2021-06-15 09:51:24,3286.25,270532
2021-06-15 09:51:25,3286.25,270568
2021-06-15 09:51:27,3286.25,270604
2021-06-15 09:51:28,3286.25,270658
2021-06-15 09:51:29,3286.25,270658
2021-06-15 09:51:30,3286.25,270671
2021-06-15 09:51:31,3286.25,270678
2021-06-15 09:51:32,3286.3,270687
2021-06-15 09:51:33,3286.3,270697
2021-06-15 09:51:34,3286.3,270750
2021-06-15 09:51:35,3286.3,270750
2021-06-15 09:51:36,3286.25,270786
2021-06-15 09:51:37,3286.25,270788
2021-06-15 09:51:38,3286.25,270788
2021-06-15 09:51:39,3286.25,270788
2021-06-15 09:51:40,3286.25,270788
2021-06-15 09:51:41,3286.25,270823
2021-06-15 09:51:42,3286.25,270937
2021-06-15 09:51:43,3286.25,271054
2021-06-15 09:51:44,3286.2,271107
2021-06-15 09:51:45,3286.25,271108
2021-06-15 09:51:47,3286.25,271108
2021-06-15 09:51:48,3286.25,271110
2021-06-15 09:51:49,3286.25,271110
2021-06-15 09:51:49,3286.25,271110
2021-06-15 09:51:50,3286.25,271110
2021-06-15 09:51:51,3286.25,271115
2021-06-15 09:51:52,3286.25,271125
2021-06-15 09:51:53,3286.25,271125
2021-06-15 09:51:54,3286.25,271125
2021-06-15 09:51:55,3286.25,271125
2021-06-15 09:51:56,3286.25,271125
2021-06-15 09:51:57,3286.25,271137
2021-06-15 09:51:58,3286.25,271182
2021-06-15 09:51:59,3286.2,271194
2021-06-15 09:52:00,3286.25,271205
2021-06-15 09:52:01,3286.2,271225
2021-06-15 09:52:02,3286.25,271227
2021-06-15 09:52:04,3286.25,271227
2021-06-15 09:52:05,3286.2,271238
2021-06-15 09:52:05,3286.2,271228
2021-06-15 09:52:06,3286.25,271286
2021-06-15 09:52:07,3286.25,271287
2021-06-15 09:52:08,3286.25,271287
2021-06-15 09:52:09,3286.25,271287
2021-06-15 09:52:10,3286.25,271377
2021-06-15 09:52:11,3286.25,271378
2021-06-15 09:52:12,3286.4,271455
2021-06-15 09:52:13,3286.55,271548
2021-06-15 09:52:15,3286.3,271611
2021-06-15 09:52:17,3286.4,271656
2021-06-15 09:52:18,3286.4,271656
2021-06-15 09:52:19,3286.4,271656
2021-06-15 09:52:20,3286.4,271761
2021-06-15 09:52:21,3286.4,271761
2021-06-15 09:52:22,3286.4,271761
2021-06-15 09:52:23,3286.95,271828
2021-06-15 09:52:24,3286.95,271828
2021-06-15 09:52:24,3286.95,271828
2021-06-15 09:52:25,3286.95,271839
2021-06-15 09:52:26,3286.45,271889
2021-06-15 09:52:27,3286.45,271889
2021-06-15 09:52:28,3286.45,271889
2021-06-15 09:52:29,3286.65,271901
2021-06-15 09:52:30,3287.0,271936
2021-06-15 09:52:31,3286.95,272010
2021-06-15 09:52:32,3287.0,272016
2021-06-15 09:52:33,3287.0,272016
2021-06-15 09:52:34,3287.0,272016
2021-06-15 09:52:35,3287.0,272016
2021-06-15 09:52:36,3287.0,272016
2021-06-15 09:52:37,3287.4,272026
2021-06-15 09:52:39,3287.4,272026
2021-06-15 09:52:39,3287.4,272026
2021-06-15 09:52:40,3287.4,272036
2021-06-15 09:52:41,3287.4,272036
2021-06-15 09:52:42,3287.4,272036
2021-06-15 09:52:44,3287.6,272104
2021-06-15 09:52:45,3287.6,272455
2021-06-15 09:52:46,3287.6,272455
2021-06-15 09:52:47,3287.6,272455
2021-06-15 09:52:48,3287.6,272455
2021-06-15 09:52:49,3287.6,272455
2021-06-15 09:52:50,3287.6,272455
2021-06-15 09:52:51,3288.0,272560
2021-06-15 09:52:51,3288.0,272560
2021-06-15 09:52:52,3288.0,272602
2021-06-15 09:52:53,3288.0,272602
2021-06-15 09:52:54,3288.0,272602
2021-06-15 09:52:55,3288.95,273142
2021-06-15 09:52:57,3289.0,273233
2021-06-15 09:52:59,3287.9,273251
2021-06-15 09:53:00,3289.3,273763
2021-06-15 09:53:01,3289.0,273768
2021-06-15 09:53:01,3289.0,273768
2021-06-15 09:53:03,3289.2,273769
2021-06-15 09:53:04,3289.05,273794
2021-06-15 09:53:05,3289.25,273895
2021-06-15 09:53:08,3288.0,273907
2021-06-15 09:53:09,3288.85,274042
2021-06-15 09:53:10,3288.45,274230
2021-06-15 09:53:10,3288.45,274230
2021-06-15 09:53:11,3288.85,274240
2021-06-15 09:53:12,3288.85,274240
2021-06-15 09:53:13,3288.85,274240
2021-06-15 09:53:14,3288.85,274240
2021-06-15 09:53:15,3287.85,275603
2021-06-15 09:53:16,3288.05,276131
2021-06-15 09:53:19,3289.0,277131
2021-06-15 09:53:20,3288.85,277631
2021-06-15 09:53:20,3288.85,277631
2021-06-15 09:53:21,3288.75,277731
2021-06-15 09:53:22,3287.85,277751
2021-06-15 09:53:23,3287.85,278470
2021-06-15 09:53:24,3288.25,278480
2021-06-15 09:53:25,3287.85,278484
2021-06-15 09:53:26,3288.0,278554
2021-06-15 09:53:27,3288.0,278555
2021-06-15 09:53:28,3288.0,278591
2021-06-15 09:53:29,3287.85,278606
2021-06-15 09:53:30,3287.85,278623
2021-06-15 09:53:31,3287.65,278807
2021-06-15 09:53:32,3286.2,279188
2021-06-15 09:53:34,3286.9,279222
2021-06-15 09:53:35,3286.85,279225
2021-06-15 09:53:36,3286.2,279229
2021-06-15 09:53:37,3286.2,279229
2021-06-15 09:53:38,3286.2,279229
2021-06-15 09:53:39,3286.65,279233
2021-06-15 09:53:40,3286.65,279233
2021-06-15 09:53:41,3286.65,279233
2021-06-15 09:53:42,3286.65,279233
2021-06-15 09:53:42,3286.65,279233
2021-06-15 09:53:43,3286.65,279233
2021-06-15 09:53:44,3286.65,279233
2021-06-15 09:53:46,3286.65,279233
2021-06-15 09:53:46,3286.6,279244
2021-06-15 09:53:48,3286.55,279310
2021-06-15 09:53:49,3286.55,279310
2021-06-15 09:53:50,3286.2,279418
2021-06-15 09:53:51,3286.15,279428
2021-06-15 09:53:51,3286.15,279428
2021-06-15 09:53:52,3286.15,279428
2021-06-15 09:53:53,3286.15,279428
2021-06-15 09:53:54,3286.0,279729
2021-06-15 09:53:56,3286.0,279797
2021-06-15 09:53:57,3286.0,279797
2021-06-15 09:53:58,3286.0,279848
2021-06-15 09:53:59,3286.0,279848
2021-06-15 09:54:00,3286.15,279876
2021-06-15 09:54:00,3286.15,279876
2021-06-15 09:54:01,3286.15,279909
2021-06-15 09:54:02,3286.0,279965
2021-06-15 09:54:03,3286.55,280033
2021-06-15 09:54:04,3286.15,280034
2021-06-15 09:54:05,3286.0,280035
2021-06-15 09:54:06,3286.0,280035
2021-06-15 09:54:08,3286.65,280064
2021-06-15 09:54:09,3286.65,280064
2021-06-15 09:54:10,3286.65,280064
2021-06-15 09:54:11,3286.65,280064
2021-06-15 09:54:12,3286.25,280066
2021-06-15 09:54:13,3286.25,280091
2021-06-15 09:54:14,3286.15,280191
2021-06-15 09:54:15,3286.15,280191
2021-06-15 09:54:15,3286.15,280191
2021-06-15 09:54:16,3286.25,280217
2021-06-15 09:54:17,3286.25,280230
2021-06-15 09:54:18,3287.05,280280
2021-06-15 09:54:19,3286.3,280285
2021-06-15 09:54:20,3286.3,280285
2021-06-15 09:54:21,3286.3,280285
2021-06-15 09:54:22,3287.05,280286
2021-06-15 09:54:23,3286.5,280387
2021-06-15 09:54:24,3286.5,280387
2021-06-15 09:54:26,3286.5,280427
2021-06-15 09:54:27,3286.5,280427
2021-06-15 09:54:28,3286.5,280577
2021-06-15 09:54:29,3286.5,280605
2021-06-15 09:54:29,3286.5,280599
2021-06-15 09:54:30,3286.5,280661
2021-06-15 09:54:31,3287.05,280662
2021-06-15 09:54:32,3286.5,280757
2021-06-15 09:54:33,3287.05,280836
2021-06-15 09:54:34,3287.05,280889
2021-06-15 09:54:36,3286.5,281013
2021-06-15 09:54:38,3286.5,281073
2021-06-15 09:54:39,3287.0,281075
2021-06-15 09:54:40,3287.0,281075
2021-06-15 09:54:41,3286.75,281081
2021-06-15 09:54:41,3286.75,281081
2021-06-15 09:54:42,3286.75,281085
2021-06-15 09:54:43,3286.75,281085
2021-06-15 09:54:44,3287.0,281087
2021-06-15 09:54:45,3286.75,281197
2021-06-15 09:54:46,3287.0,281237
2021-06-15 09:54:47,3286.6,281324
2021-06-15 09:54:48,3286.5,281532
2021-06-15 09:54:50,3287.35,281711
2021-06-15 09:54:50,3287.35,281711
2021-06-15 09:54:53,3286.7,281715
2021-06-15 09:54:54,3286.5,281877
2021-06-15 09:54:55,3286.5,281877
2021-06-15 09:54:55,3286.5,281877
2021-06-15 09:54:56,3286.5,281877
2021-06-15 09:54:57,3286.5,281877
2021-06-15 09:54:58,3286.75,281906
2021-06-15 09:55:00,3286.5,281995
2021-06-15 09:55:01,3286.5,281997
2021-06-15 09:55:02,3287.15,282025
2021-06-15 09:55:03,3287.15,282025
2021-06-15 09:55:04,3286.5,282027
2021-06-15 09:55:05,3287.15,282077
2021-06-15 09:55:05,3287.15,282077
2021-06-15 09:55:06,3287.2,282088
2021-06-15 09:55:08,3287.2,282124
2021-06-15 09:55:09,3287.2,282124
2021-06-15 09:55:10,3287.2,282143
2021-06-15 09:55:12,3287.2,282143
2021-06-15 09:55:13,3287.2,282143
2021-06-15 09:55:14,3287.2,282209
2021-06-15 09:55:15,3287.2,282214
2021-06-15 09:55:16,3287.4,282230
2021-06-15 09:55:17,3287.4,282236
2021-06-15 09:55:18,3287.4,282238
2021-06-15 09:55:19,3287.4,282243
2021-06-15 09:55:21,3287.2,282543
2021-06-15 09:55:22,3287.4,282544
2021-06-15 09:55:23,3287.4,282547
2021-06-15 09:55:25,3287.2,282805
2021-06-15 09:55:26,3288.0,282813
2021-06-15 09:55:27,3288.0,282818
2021-06-15 09:55:28,3288.0,282818
2021-06-15 09:55:29,3287.2,282833
2021-06-15 09:55:30,3287.2,282833
2021-06-15 09:55:32,3288.0,282843
2021-06-15 09:55:33,3288.0,282843
2021-06-15 09:55:34,3288.0,282843
2021-06-15 09:55:35,3288.2,282976
2021-06-15 09:55:36,3288.2,282976
2021-06-15 09:55:37,3288.2,282976
2021-06-15 09:55:37,3288.2,282976
2021-06-15 09:55:38,3288.2,282976
2021-06-15 09:55:39,3288.2,282976
2021-06-15 09:55:41,3288.85,283731
2021-06-15 09:55:42,3287.6,283767
2021-06-15 09:55:43,3287.6,283782
2021-06-15 09:55:45,3287.6,283850
2021-06-15 09:55:46,3286.95,284272
2021-06-15 09:55:47,3286.95,284340
2021-06-15 09:55:48,3286.95,284340
2021-06-15 09:55:49,3286.95,284340
2021-06-15 09:55:50,3286.75,284861
2021-06-15 09:55:51,3286.5,284862
2021-06-15 09:55:52,3286.75,284863
2021-06-15 09:55:52,3286.75,284863
2021-06-15 09:55:53,3286.75,284863
2021-06-15 09:55:54,3286.8,285008
2021-06-15 09:55:55,3286.5,285017
2021-06-15 09:55:56,3286.5,285047
2021-06-15 09:55:57,3286.5,285057
2021-06-15 09:55:58,3286.5,285057
2021-06-15 09:55:59,3286.45,285125
2021-06-15 09:56:00,3286.3,285154
2021-06-15 09:56:01,3286.3,285154
2021-06-15 09:56:02,3286.0,285262
2021-06-15 09:56:04,3286.0,285262
2021-06-15 09:56:05,3286.2,285312
2021-06-15 09:56:06,3286.2,285314
2021-06-15 09:56:08,3286.1,285433
2021-06-15 09:56:09,3286.1,285433
2021-06-15 09:56:09,3286.1,285433
2021-06-15 09:56:10,3286.1,285433
2021-06-15 09:56:11,3286.1,285433
2021-06-15 09:56:12,3286.1,285433
2021-06-15 09:56:13,3286.1,285483
2021-06-15 09:56:14,3286.1,285483
2021-06-15 09:56:15,3286.2,285558
2021-06-15 09:56:16,3286.1,285559
2021-06-15 09:56:17,3286.1,285559
2021-06-15 09:56:18,3286.2,285730
2021-06-15 09:56:19,3286.2,285731
2021-06-15 09:56:21,3286.2,285731
2021-06-15 09:56:21,3286.2,285732
2021-06-15 09:56:22,3286.2,285732
2021-06-15 09:56:23,3286.2,285732
2021-06-15 09:56:24,3286.2,285732
2021-06-15 09:56:26,3286.2,285732
2021-06-15 09:56:27,3285.4,286000
2021-06-15 09:56:28,3285.4,286000
2021-06-15 09:56:29,3285.4,286000
2021-06-15 09:56:30,3286.1,286012
2021-06-15 09:56:31,3286.2,286013
2021-06-15 09:56:32,3286.1,286028
2021-06-15 09:56:32,3286.1,286028
2021-06-15 09:56:33,3286.1,286028
2021-06-15 09:56:35,3286.1,286028
2021-06-15 09:56:35,3286.1,286028
2021-06-15 09:56:36,3286.1,286080
2021-06-15 09:56:37,3286.1,286080
2021-06-15 09:56:38,3286.1,286080
2021-06-15 09:56:39,3286.15,286081
2021-06-15 09:56:40,3286.15,286081
2021-06-15 09:56:42,3286.2,286088
2021-06-15 09:56:43,3286.2,286090
2021-06-15 09:56:44,3286.15,286104
2021-06-15 09:56:45,3286.15,286104
2021-06-15 09:56:46,3286.2,286109
2021-06-15 09:56:47,3286.2,286112
2021-06-15 09:56:47,3286.2,286112
2021-06-15 09:56:48,3286.2,286117
2021-06-15 09:56:49,3286.2,286117
2021-06-15 09:56:50,3286.2,286119
2021-06-15 09:56:52,3286.2,286164
2021-06-15 09:56:53,3286.0,286460
2021-06-15 09:56:54,3286.0,286483
2021-06-15 09:56:55,3286.0,286483
2021-06-15 09:56:56,3286.0,286483
2021-06-15 09:56:58,3286.0,286483
2021-06-15 09:56:58,3286.0,286583
2021-06-15 09:57:01,3285.1,286633
2021-06-15 09:57:02,3286.0,286644
2021-06-15 09:57:03,3286.0,286664
2021-06-15 09:57:04,3286.0,286664
2021-06-15 09:57:07,3285.15,286674
2021-06-15 09:57:08,3285.15,286674
2021-06-15 09:57:09,3285.75,286689
2021-06-15 09:57:10,3285.75,286699
2021-06-15 09:57:11,3285.45,286774
2021-06-15 09:57:12,3285.75,286975
2021-06-15 09:57:13,3285.75,286975
2021-06-15 09:57:14,3285.45,286993
2021-06-15 09:57:15,3285.45,286993
2021-06-15 09:57:16,3285.45,286994
2021-06-15 09:57:17,3285.65,287154
2021-06-15 09:57:18,3285.65,287167
2021-06-15 09:57:19,3285.65,287167
2021-06-15 09:57:21,3285.45,287239
2021-06-15 09:57:22,3285.6,287240
2021-06-15 09:57:24,3285.45,287477
2021-06-15 09:57:27,3285.5,287486
2021-06-15 09:57:28,3285.5,287486
2021-06-15 09:57:29,3285.5,287511
2021-06-15 09:57:30,3285.6,287726
2021-06-15 09:57:31,3285.6,287783
2021-06-15 09:57:34,3286.0,288239
2021-06-15 09:57:33,3286.0,288239
2021-06-15 09:57:35,3286.0,288239
2021-06-15 09:57:36,3285.45,288295
2021-06-15 09:57:37,3285.45,288331
2021-06-15 09:57:38,3286.15,288333
2021-06-15 09:57:39,3286.0,288369
2021-06-15 09:57:40,3286.0,288369
2021-06-15 09:57:41,3286.0,288369
2021-06-15 09:57:44,3285.8,288686
2021-06-15 09:57:45,3285.75,288698
2021-06-15 09:57:46,3286.15,288853
2021-06-15 09:57:47,3285.75,288963
2021-06-15 09:57:48,3285.75,288963
2021-06-15 09:57:49,3285.2,289014
2021-06-15 09:57:51,3285.75,289015
2021-06-15 09:57:50,3285.2,289014
2021-06-15 09:57:52,3285.75,289015
2021-06-15 09:57:53,3285.75,289066
2021-06-15 09:57:54,3285.7,289067
2021-06-15 09:57:55,3285.7,289067
2021-06-15 09:57:56,3285.7,289067
2021-06-15 09:57:57,3285.7,289067
2021-06-15 09:57:58,3285.7,289067
2021-06-15 09:57:59,3285.2,289085
2021-06-15 09:58:00,3285.2,289165
2021-06-15 09:58:02,3285.2,289180
2021-06-15 09:58:01,3285.65,289175
2021-06-15 09:58:04,3285.2,289180
2021-06-15 09:58:05,3285.6,289181
2021-06-15 09:58:06,3285.6,289181
2021-06-15 09:58:07,3285.6,289181
2021-06-15 09:58:08,3285.5,289190
2021-06-15 09:58:09,3285.45,289251
2021-06-15 09:58:10,3285.3,289687
2021-06-15 09:58:11,3285.3,289687
2021-06-15 09:58:12,3285.3,289687
2021-06-15 09:58:13,3285.3,289687
2021-06-15 09:58:14,3285.45,289690
2021-06-15 09:58:15,3285.45,289720
2021-06-15 09:58:16,3285.45,289720
2021-06-15 09:58:17,3285.5,289721
2021-06-15 09:58:18,3285.5,289721
2021-06-15 09:58:19,3285.5,289731
2021-06-15 09:58:20,3285.5,289731
2021-06-15 09:58:21,3285.5,289731
2021-06-15 09:58:22,3285.45,289786
2021-06-15 09:58:23,3285.45,289786
2021-06-15 09:58:24,3285.45,289786
2021-06-15 09:58:25,3285.5,289787
2021-06-15 09:58:26,3285.5,289787
2021-06-15 09:58:27,3285.5,289790
2021-06-15 09:58:28,3285.5,289790
2021-06-15 09:58:29,3285.5,289790
2021-06-15 09:58:30,3285.45,289838
2021-06-15 09:58:31,3285.45,289875
2021-06-15 09:58:32,3285.45,289875
2021-06-15 09:58:33,3285.3,289911
2021-06-15 09:58:34,3285.3,289911
2021-06-15 09:58:36,3285.5,289917
2021-06-15 09:58:37,3285.5,289917
2021-06-15 09:58:38,3285.0,290152
2021-06-15 09:58:39,3285.0,290156
2021-06-15 09:58:40,3284.5,290259
2021-06-15 09:58:41,3284.5,290259
2021-06-15 09:58:42,3284.5,290259
2021-06-15 09:58:43,3284.15,290269
2021-06-15 09:58:44,3284.75,290279
2021-06-15 09:58:45,3284.75,290279
2021-06-15 09:58:46,3284.75,290289
2021-06-15 09:58:47,3284.0,290366
2021-06-15 09:58:48,3284.0,290366
2021-06-15 09:58:49,3284.0,290366
2021-06-15 09:58:50,3284.05,290382
2021-06-15 09:58:52,3283.2,290481
2021-06-15 09:58:53,3283.2,290481
2021-06-15 09:58:54,3283.6,290484
2021-06-15 09:58:55,3283.6,290484
2021-06-15 09:58:56,3282.7,290758
2021-06-15 09:58:57,3282.7,290812
2021-06-15 09:58:58,3282.7,290820
2021-06-15 09:58:59,3282.1,290840
2021-06-15 09:59:00,3282.1,290867
2021-06-15 09:59:01,3282.1,290952
2021-06-15 09:59:02,3282.1,291026
2021-06-15 09:59:03,3282.1,291026
2021-06-15 09:59:04,3282.1,291026
2021-06-15 09:59:05,3282.9,291034
2021-06-15 09:59:06,3282.9,291034
2021-06-15 09:59:07,3282.1,291035
2021-06-15 09:59:09,3282.1,291110
2021-06-15 09:59:10,3282.1,291110
2021-06-15 09:59:10,3282.05,291385
2021-06-15 09:59:11,3282.9,291444
2021-06-15 09:59:12,3282.9,291640
2021-06-15 09:59:13,3282.9,291832
2021-06-15 09:59:14,3282.9,291832
2021-06-15 09:59:15,3282.9,291832
2021-06-15 09:59:16,3282.9,292218
2021-06-15 09:59:17,3283.85,292219
2021-06-15 09:59:18,3283.85,292219
2021-06-15 09:59:20,3283.1,292229
2021-06-15 09:59:20,3283.85,292219
2021-06-15 09:59:21,3282.9,292231
2021-06-15 09:59:22,3282.9,292231
2021-06-15 09:59:23,3282.9,292231
2021-06-15 09:59:24,3283.8,292243
2021-06-15 09:59:25,3283.8,292244
2021-06-15 09:59:26,3283.8,292245
2021-06-15 09:59:27,3283.8,292247
2021-06-15 09:59:28,3283.9,292367
2021-06-15 09:59:29,3283.6,292390
2021-06-15 09:59:30,3283.6,292410
2021-06-15 09:59:31,3283.6,292410
2021-06-15 09:59:32,3283.6,292410
2021-06-15 09:59:34,3283.6,292410
2021-06-15 09:59:34,3283.6,292410
2021-06-15 09:59:35,3283.6,292410
2021-06-15 09:59:36,3283.6,292440
2021-06-15 09:59:37,3284.2,292453
2021-06-15 09:59:38,3283.9,292458
2021-06-15 09:59:39,3285.0,292508
2021-06-15 09:59:40,3285.0,292513
2021-06-15 09:59:41,3285.0,292613
2021-06-15 09:59:42,3284.4,292681
2021-06-15 09:59:43,3284.3,292699
2021-06-15 09:59:44,3283.9,292752
2021-06-15 09:59:45,3283.9,292752
2021-06-15 09:59:47,3284.3,292758
2021-06-15 09:59:47,3284.3,292758
2021-06-15 09:59:48,3284.3,292758
2021-06-15 09:59:49,3284.3,292758
2021-06-15 09:59:50,3284.3,292758
2021-06-15 09:59:51,3284.3,292758
2021-06-15 09:59:52,3283.9,292846
2021-06-15 09:59:54,3283.9,292846
2021-06-15 09:59:55,3284.3,292847
2021-06-15 09:59:57,3284.3,292848
2021-06-15 09:59:57,3284.3,292848
2021-06-15 09:59:58,3284.2,292850
2021-06-15 09:59:59,3283.9,292862
2021-06-15 10:00:01,3284.15,292889
2021-06-15 10:00:01,3284.15,292889
2021-06-15 10:00:02,3284.15,292889
2021-06-15 10:00:03,3284.15,292889
2021-06-15 10:00:04,3284.15,292899
2021-06-15 10:00:05,3284.15,292899
2021-06-15 10:00:06,3283.9,292904
2021-06-15 10:00:07,3283.9,292904
2021-06-15 10:00:08,3283.9,292907
2021-06-15 10:00:09,3284.15,292913
2021-06-15 10:00:10,3284.15,292924
2021-06-15 10:00:12,3284.0,292934
2021-06-15 10:00:12,3284.0,292934
2021-06-15 10:00:13,3284.0,292934
2021-06-15 10:00:14,3284.15,292949
2021-06-15 10:00:15,3284.15,292949
2021-06-15 10:00:16,3284.15,292950
2021-06-15 10:00:18,3284.15,292950
2021-06-15 10:00:18,3284.15,292950
2021-06-15 10:00:19,3284.15,292950
2021-06-15 10:00:20,3284.15,292950
2021-06-15 10:00:22,3284.15,292973
2021-06-15 10:00:23,3284.15,292991
2021-06-15 10:00:24,3284.15,292996
2021-06-15 10:00:25,3284.0,293071
2021-06-15 10:00:26,3283.2,294071
2021-06-15 10:00:27,3283.95,294145
2021-06-15 10:00:28,3283.95,294147
2021-06-15 10:00:29,3283.0,294159
2021-06-15 10:00:30,3283.0,294159
2021-06-15 10:00:31,3283.95,294188
2021-06-15 10:00:33,3283.0,294358
2021-06-15 10:00:33,3283.0,294358
2021-06-15 10:00:34,3283.0,294358
2021-06-15 10:00:35,3283.95,294363
2021-06-15 10:00:36,3283.1,294368
2021-06-15 10:00:37,3283.1,294368
2021-06-15 10:00:38,3283.1,294368
2021-06-15 10:00:40,3283.5,294369
2021-06-15 10:00:41,3283.95,294372
2021-06-15 10:00:42,3283.95,294372
2021-06-15 10:00:43,3283.9,294403
2021-06-15 10:00:43,3283.95,294372
2021-06-15 10:00:44,3283.9,294404
2021-06-15 10:00:45,3283.9,294404
2021-06-15 10:00:46,3283.5,294470
2021-06-15 10:00:47,3283.9,294474
2021-06-15 10:00:48,3283.5,294476
2021-06-15 10:00:50,3283.85,294741
2021-06-15 10:00:51,3283.85,294741
2021-06-15 10:00:52,3283.85,294742
2021-06-15 10:00:53,3283.85,294742
2021-06-15 10:00:54,3283.85,294742
2021-06-15 10:00:55,3283.0,294942
2021-06-15 10:00:56,3283.85,294982
2021-06-15 10:00:58,3283.85,294982
2021-06-15 10:00:58,3283.85,294982
2021-06-15 10:00:59,3282.95,295016
2021-06-15 10:01:01,3282.3,295161
2021-06-15 10:01:02,3282.3,295387
2021-06-15 10:01:03,3281.45,296174
2021-06-15 10:01:04,3281.65,296184
2021-06-15 10:01:05,3281.65,296266
2021-06-15 10:01:06,3281.05,296273
2021-06-15 10:01:07,3281.05,296278
2021-06-15 10:01:08,3281.05,296287
2021-06-15 10:01:10,3281.7,296362
2021-06-15 10:01:11,3281.7,296362
2021-06-15 10:01:12,3281.7,296381
2021-06-15 10:01:12,3281.7,296381
2021-06-15 10:01:13,3281.0,296559
2021-06-15 10:01:14,3281.0,296584
2021-06-15 10:01:15,3281.0,296584
2021-06-15 10:01:16,3281.0,296586
2021-06-15 10:01:17,3281.0,296586
2021-06-15 10:01:18,3281.4,296716
2021-06-15 10:01:19,3281.0,296736
2021-06-15 10:01:20,3281.35,296822
2021-06-15 10:01:21,3281.25,296845
2021-06-15 10:01:22,3281.25,296846
2021-06-15 10:01:24,3281.25,296846
2021-06-15 10:01:25,3280.65,297152
2021-06-15 10:01:25,3281.45,297267
2021-06-15 10:01:26,3281.25,297285
2021-06-15 10:01:27,3281.25,297325
2021-06-15 10:01:28,3281.25,297325
2021-06-15 10:01:30,3281.0,297352
2021-06-15 10:01:31,3280.9,297377
2021-06-15 10:01:33,3281.8,297382
2021-06-15 10:01:34,3280.65,297402
2021-06-15 10:01:34,3280.65,297402
2021-06-15 10:01:35,3281.8,297407
2021-06-15 10:01:36,3280.65,297412
2021-06-15 10:01:37,3281.0,297512
2021-06-15 10:01:39,3280.35,297915
2021-06-15 10:01:38,3281.8,297515
2021-06-15 10:01:40,3280.35,297915
2021-06-15 10:01:41,3281.7,297921
2021-06-15 10:01:42,3281.7,297921
2021-06-15 10:01:43,3281.7,297921
2021-06-15 10:01:44,3281.7,297921
2021-06-15 10:01:45,3281.0,297941
2021-06-15 10:01:46,3281.7,297942
2021-06-15 10:01:47,3281.7,298084
2021-06-15 10:01:49,3281.7,298144
2021-06-15 10:01:50,3281.7,298144
2021-06-15 10:01:50,3280.6,298204
2021-06-15 10:01:52,3280.6,298204
2021-06-15 10:01:53,3281.7,298209
2021-06-15 10:01:53,3281.7,298210
2021-06-15 10:01:54,3281.7,298210
2021-06-15 10:01:55,3281.7,298210
2021-06-15 10:01:56,3281.7,298210
2021-06-15 10:01:57,3281.7,298210
2021-06-15 10:01:58,3280.9,298211
2021-06-15 10:01:59,3281.05,298273
2021-06-15 10:02:00,3281.05,298273
2021-06-15 10:02:01,3281.7,298283
2021-06-15 10:02:02,3281.7,298293
2021-06-15 10:02:03,3281.0,298300
2021-06-15 10:02:04,3281.7,298314
2021-06-15 10:02:05,3281.7,298314
2021-06-15 10:02:06,3281.7,298322
2021-06-15 10:02:07,3281.0,298330
2021-06-15 10:02:08,3281.7,298333
2021-06-15 10:02:09,3281.35,298334
2021-06-15 10:02:10,3281.35,298334
2021-06-15 10:02:11,3281.7,298354
2021-06-15 10:02:12,3281.35,298403
2021-06-15 10:02:13,3281.35,298403
2021-06-15 10:02:14,3281.7,298415
2021-06-15 10:02:15,3281.7,298428
2021-06-15 10:02:16,3281.7,298433
2021-06-15 10:02:17,3281.35,298434
2021-06-15 10:02:18,3281.7,298444
2021-06-15 10:02:21,3281.35,298463
2021-06-15 10:02:22,3281.35,298491
2021-06-15 10:02:22,3281.35,298493
2021-06-15 10:02:24,3282.0,298751
2021-06-15 10:02:25,3282.0,298751
2021-06-15 10:02:26,3282.1,298798
2021-06-15 10:02:26,3282.1,298799
2021-06-15 10:02:27,3282.1,298799
2021-06-15 10:02:28,3282.1,298799
2021-06-15 10:02:29,3282.1,298799
2021-06-15 10:02:30,3282.1,298816
2021-06-15 10:02:31,3282.1,298816
2021-06-15 10:02:32,3282.1,298816
2021-06-15 10:02:33,3282.1,298950
2021-06-15 10:02:34,3282.0,298988
2021-06-15 10:02:35,3283.0,298990
2021-06-15 10:02:36,3282.55,298995
2021-06-15 10:02:37,3282.5,299095
2021-06-15 10:02:38,3282.5,299095
2021-06-15 10:02:39,3282.5,299095
2021-06-15 10:02:40,3283.45,299096
2021-06-15 10:02:41,3283.45,299096
2021-06-15 10:02:42,3283.45,299120
2021-06-15 10:02:44,3283.45,299136
2021-06-15 10:02:45,3283.5,299148
2021-06-15 10:02:46,3283.5,299148
2021-06-15 10:02:47,3283.5,299148
2021-06-15 10:02:49,3283.5,299148
2021-06-15 10:02:50,3283.5,299148
2021-06-15 10:02:51,3283.5,299149
2021-06-15 10:02:51,3283.5,299149
2021-06-15 10:02:52,3283.5,299213
2021-06-15 10:02:53,3283.5,299247
2021-06-15 10:02:54,3283.5,299247
2021-06-15 10:02:55,3283.5,299247
2021-06-15 10:02:56,3283.4,299272
2021-06-15 10:02:58,3283.4,299272
2021-06-15 10:02:59,3283.5,299277
2021-06-15 10:03:00,3283.55,299304
2021-06-15 10:03:01,3283.55,299404
2021-06-15 10:03:02,3283.85,299409
2021-06-15 10:03:03,3283.85,299548
2021-06-15 10:03:04,3283.85,299548
2021-06-15 10:03:05,3283.85,299548
2021-06-15 10:03:06,3283.55,299584
2021-06-15 10:03:08,3283.6,299604
2021-06-15 10:03:09,3283.6,299607
2021-06-15 10:03:10,3283.85,299617
2021-06-15 10:03:11,3283.85,299888
2021-06-15 10:03:13,3284.0,300012
2021-06-15 10:03:14,3283.6,300020
2021-06-15 10:03:15,3283.6,300020
2021-06-15 10:03:16,3284.0,300027
2021-06-15 10:03:17,3283.6,300077
2021-06-15 10:03:19,3283.6,300077
2021-06-15 10:03:20,3283.6,300077
2021-06-15 10:03:21,3283.85,300078
2021-06-15 10:03:22,3283.85,300078
2021-06-15 10:03:23,3283.6,300152
2021-06-15 10:03:24,3283.85,300172
2021-06-15 10:03:25,3283.85,300172
2021-06-15 10:03:26,3283.85,300172
2021-06-15 10:03:27,3283.85,300172
2021-06-15 10:03:28,3283.85,300172
2021-06-15 10:03:29,3283.6,300185
2021-06-15 10:03:30,3283.6,300185
2021-06-15 10:03:31,3283.6,300192
2021-06-15 10:03:32,3283.6,300195
2021-06-15 10:03:33,3283.85,300205
2021-06-15 10:03:34,3283.85,300205
2021-06-15 10:03:36,3283.85,300206
2021-06-15 10:03:37,3283.85,300243
2021-06-15 10:03:39,3283.85,300271
2021-06-15 10:03:40,3284.0,300286
2021-06-15 10:03:41,3283.9,300296
2021-06-15 10:03:42,3283.9,300296
2021-06-15 10:03:43,3283.9,300296
2021-06-15 10:03:45,3284.0,300313
2021-06-15 10:03:45,3284.0,300313
2021-06-15 10:03:47,3284.0,300349
2021-06-15 10:03:48,3284.0,300349
2021-06-15 10:03:48,3284.0,300349
2021-06-15 10:03:50,3284.0,300360
2021-06-15 10:03:51,3284.0,300360
2021-06-15 10:03:52,3283.9,300387
2021-06-15 10:03:53,3284.0,300388
2021-06-15 10:03:53,3284.0,300388
2021-06-15 10:03:54,3284.0,300398
2021-06-15 10:03:55,3284.0,300398
2021-06-15 10:03:56,3284.0,300399
2021-06-15 10:03:57,3284.0,300400
2021-06-15 10:03:58,3284.0,300400
2021-06-15 10:04:00,3283.9,300412
2021-06-15 10:04:01,3284.0,300422
2021-06-15 10:04:02,3284.0,300422
2021-06-15 10:04:03,3284.0,300423
2021-06-15 10:04:05,3284.0,300423
2021-06-15 10:04:06,3283.95,300474
2021-06-15 10:04:08,3284.0,300510
2021-06-15 10:04:09,3284.0,300510
2021-06-15 10:04:10,3284.0,300510
2021-06-15 10:04:12,3284.0,300572
2021-06-15 10:04:14,3284.0,300589
2021-06-15 10:04:15,3284.0,300640
2021-06-15 10:04:16,3283.95,300650
2021-06-15 10:04:16,3283.95,300650
2021-06-15 10:04:17,3283.95,300650
2021-06-15 10:04:18,3283.95,300650
2021-06-15 10:04:19,3283.95,300650
2021-06-15 10:04:20,3283.95,300695
2021-06-15 10:04:21,3284.0,300700
2021-06-15 10:04:22,3283.95,300702
2021-06-15 10:04:25,3283.95,300805
2021-06-15 10:04:26,3283.95,300805
2021-06-15 10:04:27,3284.0,300811
2021-06-15 10:04:28,3283.95,300816
2021-06-15 10:04:29,3283.95,300828
2021-06-15 10:04:30,3284.0,300846
2021-06-15 10:04:31,3284.0,300846
2021-06-15 10:04:32,3284.0,300896
2021-06-15 10:04:34,3284.0,300896
2021-06-15 10:04:35,3283.95,300907
2021-06-15 10:04:36,3283.95,301107
2021-06-15 10:04:36,3283.95,301142
2021-06-15 10:04:37,3283.95,301142
2021-06-15 10:04:39,3284.0,301153
2021-06-15 10:04:40,3284.0,301153
2021-06-15 10:04:42,3283.95,301165
2021-06-15 10:04:43,3283.95,301165
2021-06-15 10:04:44,3283.7,301958
2021-06-15 10:04:45,3283.7,302018
2021-06-15 10:04:46,3283.7,302018
2021-06-15 10:04:47,3283.7,302018
2021-06-15 10:04:48,3283.0,302020
2021-06-15 10:04:49,3283.7,302029
2021-06-15 10:04:50,3283.7,302029
2021-06-15 10:04:51,3283.35,302034
2021-06-15 10:04:52,3283.35,302034
2021-06-15 10:04:53,3283.35,302066
2021-06-15 10:04:55,3283.35,302066
2021-06-15 10:04:56,3283.35,302066
2021-06-15 10:04:57,3283.0,302121
2021-06-15 10:04:58,3283.0,302121
2021-06-15 10:04:59,3283.0,302121
2021-06-15 10:05:00,3283.0,302158
2021-06-15 10:05:01,3283.3,302163
2021-06-15 10:05:02,3283.0,302333
2021-06-15 10:05:03,3283.0,302333
2021-06-15 10:05:04,3283.0,302333
2021-06-15 10:05:04,3283.3,302339
2021-06-15 10:05:05,3282.65,302447
2021-06-15 10:05:06,3282.65,302456
2021-06-15 10:05:07,3283.0,302466
2021-06-15 10:05:08,3282.95,302467
2021-06-15 10:05:09,3282.65,302477
2021-06-15 10:05:10,3282.65,302477
2021-06-15 10:05:11,3282.65,302477
2021-06-15 10:05:12,3282.65,302477
2021-06-15 10:05:13,3282.65,302477
2021-06-15 10:05:14,3282.65,302477
2021-06-15 10:05:15,3282.65,302493
2021-06-15 10:05:16,3282.65,302544
2021-06-15 10:05:17,3282.65,302557
2021-06-15 10:05:19,3282.65,302567
2021-06-15 10:05:20,3282.65,302593
2021-06-15 10:05:21,3282.65,302643
2021-06-15 10:05:22,3282.65,302643
2021-06-15 10:05:22,3282.65,302643
2021-06-15 10:05:23,3282.6,302696
2021-06-15 10:05:24,3282.6,302696
2021-06-15 10:05:26,3282.9,302711
2021-06-15 10:05:27,3282.9,302711
2021-06-15 10:05:28,3282.9,302711
2021-06-15 10:05:29,3282.9,302711
2021-06-15 10:05:30,3282.8,302733
2021-06-15 10:05:31,3282.8,302794
2021-06-15 10:05:32,3282.6,302814
2021-06-15 10:05:33,3282.6,302814
2021-06-15 10:05:34,3282.6,302814
2021-06-15 10:05:36,3282.6,302819
2021-06-15 10:05:38,3282.6,302819
2021-06-15 10:05:40,3282.9,302906
2021-06-15 10:05:41,3282.7,302915
2021-06-15 10:05:42,3282.7,302915
2021-06-15 10:05:43,3282.7,302915
2021-06-15 10:05:44,3282.65,302933
2021-06-15 10:05:45,3282.65,302943
2021-06-15 10:05:46,3282.65,302947
2021-06-15 10:05:47,3282.65,302963
2021-06-15 10:05:48,3282.65,302963
2021-06-15 10:05:49,3283.0,302964
2021-06-15 10:05:50,3283.0,302964
2021-06-15 10:05:51,3282.6,302969
2021-06-15 10:05:52,3282.6,302992
2021-06-15 10:05:52,3282.6,302992
2021-06-15 10:05:55,3282.95,303074
2021-06-15 10:05:56,3283.0,303134
2021-06-15 10:05:57,3283.0,303134
2021-06-15 10:05:58,3283.0,303134
2021-06-15 10:05:58,3283.0,303177
2021-06-15 10:05:59,3282.7,303180
2021-06-15 10:06:01,3282.75,303254
2021-06-15 10:06:02,3282.75,303254
2021-06-15 10:06:03,3283.4,303264
2021-06-15 10:06:04,3283.4,303264
2021-06-15 10:06:05,3283.4,303264
2021-06-15 10:06:06,3282.75,303279
2021-06-15 10:06:07,3283.4,303299
2021-06-15 10:06:08,3283.4,303299
2021-06-15 10:06:09,3283.4,303299
2021-06-15 10:06:10,3283.0,303311
2021-06-15 10:06:11,3282.85,303547
2021-06-15 10:06:12,3282.85,303559
2021-06-15 10:06:13,3282.85,303559
2021-06-15 10:06:13,3283.4,303566
2021-06-15 10:06:14,3283.4,303566
2021-06-15 10:06:16,3283.0,303568
2021-06-15 10:06:17,3283.0,303569
2021-06-15 10:06:18,3283.0,303569
2021-06-15 10:06:19,3282.85,303669
2021-06-15 10:06:20,3283.4,303750
2021-06-15 10:06:21,3283.4,303750
2021-06-15 10:06:22,3283.8,303765
2021-06-15 10:06:24,3282.85,303776
2021-06-15 10:06:25,3283.0,303832
2021-06-15 10:06:26,3283.0,303841
2021-06-15 10:06:26,3283.0,303841
2021-06-15 10:06:27,3283.0,303846
2021-06-15 10:06:28,3283.0,303846
2021-06-15 10:06:29,3283.0,303858
2021-06-15 10:06:30,3283.0,303858
2021-06-15 10:06:31,3283.0,303858
2021-06-15 10:06:32,3283.0,303858
2021-06-15 10:06:34,3283.0,303858
2021-06-15 10:06:35,3283.0,303858
2021-06-15 10:06:36,3283.4,303866
2021-06-15 10:06:37,3283.0,303921
2021-06-15 10:06:38,3282.5,304221
2021-06-15 10:06:38,3282.95,304226
2021-06-15 10:06:39,3282.95,304226
2021-06-15 10:06:40,3282.5,304234
2021-06-15 10:06:41,3282.5,304234
2021-06-15 10:06:42,3282.95,304235
2021-06-15 10:06:43,3282.95,304235
2021-06-15 10:06:44,3282.95,304275
2021-06-15 10:06:46,3282.95,304314
2021-06-15 10:06:47,3282.95,304314
2021-06-15 10:06:48,3282.95,304314
2021-06-15 10:06:49,3282.5,304323
2021-06-15 10:06:50,3282.5,304323
2021-06-15 10:06:51,3282.5,304360
2021-06-15 10:06:52,3282.5,304360
2021-06-15 10:06:53,3282.5,304360
2021-06-15 10:06:54,3282.5,304383
2021-06-15 10:06:54,3282.5,304383
2021-06-15 10:06:55,3282.5,304383
2021-06-15 10:06:58,3282.5,304383
2021-06-15 10:06:59,3282.5,304395
2021-06-15 10:06:59,3282.5,304395
2021-06-15 10:07:01,3282.5,304420
2021-06-15 10:07:02,3282.5,304420
2021-06-15 10:07:03,3282.5,304421
2021-06-15 10:07:04,3282.5,304421
2021-06-15 10:07:05,3282.5,304421
2021-06-15 10:07:05,3282.5,304421
2021-06-15 10:07:07,3282.5,304426
2021-06-15 10:07:08,3282.5,304426
2021-06-15 10:07:08,3282.7,304446
2021-06-15 10:07:09,3282.5,304447
2021-06-15 10:07:10,3282.5,304447
2021-06-15 10:07:12,3282.7,304457
2021-06-15 10:07:13,3282.7,304467
2021-06-15 10:07:14,3282.7,304485
2021-06-15 10:07:15,3282.7,304485
2021-06-15 10:07:16,3282.7,304541
2021-06-15 10:07:17,3282.5,304542
2021-06-15 10:07:18,3282.5,304549
2021-06-15 10:07:19,3282.5,304549
2021-06-15 10:07:19,3282.5,304549
2021-06-15 10:07:21,3282.5,304755
2021-06-15 10:07:21,3282.5,304765
2021-06-15 10:07:22,3282.5,304765
2021-06-15 10:07:23,3282.5,304765
2021-06-15 10:07:25,3282.7,304770
2021-06-15 10:07:26,3282.7,304770
2021-06-15 10:07:27,3282.7,304770
2021-06-15 10:07:28,3282.7,304773
2021-06-15 10:07:29,3282.5,304786
2021-06-15 10:07:30,3282.7,304787
