timestamp,ltp,volume
2021-06-15 09:15:45,1743.9,17361
2021-06-15 09:15:52,1742.65,18019
2021-06-15 09:16:00,1742.95,19642
2021-06-15 09:16:07,1743.55,23564
2021-06-15 09:16:14,1745.0,25946
2021-06-15 09:16:22,1747.85,29425
2021-06-15 09:16:29,1745.65,33354
2021-06-15 09:16:36,1746.1,36311
2021-06-15 09:16:43,1745.7,37989
2021-06-15 09:16:50,1746.65,39534
2021-06-15 09:16:57,1746.0,42020
2021-06-15 09:17:03,1745.8,42844
2021-06-15 09:17:10,1746.5,43550
2021-06-15 09:17:18,1746.5,45143
2021-06-15 09:17:24,1746.3,46174
2021-06-15 09:17:31,1746.5,46487
2021-06-15 09:17:44,1746.5,47898
2021-06-15 09:17:57,1744.9,50707
2021-06-15 09:18:03,1745.0,52085
2021-06-15 09:18:10,1746.0,53048
2021-06-15 09:18:17,1745.95,53757
2021-06-15 09:18:23,1746.35,55555
2021-06-15 09:18:30,1747.3,55763
2021-06-15 09:18:36,1747.0,57106
2021-06-15 09:18:43,1746.45,57957
2021-06-15 09:18:49,1744.2,60203
2021-06-15 09:18:56,1744.85,61838
2021-06-15 09:19:02,1744.3,63528
2021-06-15 09:19:09,1745.3,65790
2021-06-15 09:19:15,1742.45,71233
2021-06-15 09:19:28,1742.55,73050
2021-06-15 09:19:34,1743.4,74444
2021-06-15 09:19:41,1744.0,75775
2021-06-15 09:19:47,1744.0,76902
2021-06-15 09:19:54,1743.2,77585
2021-06-15 09:20:00,1743.4,78658
2021-06-15 09:20:06,1744.05,79054
2021-06-15 09:20:12,1743.8,79614
2021-06-15 09:20:19,1743.6,79834
2021-06-15 09:20:25,1742.55,80586
2021-06-15 09:20:31,1742.0,81145
2021-06-15 09:20:38,1742.0,81705
2021-06-15 09:20:44,1742.65,81914
2021-06-15 09:20:50,1741.95,81938
2021-06-15 09:20:56,1740.8,82690
2021-06-15 09:21:03,1740.8,83141
2021-06-15 09:21:09,1741.3,83519
2021-06-15 09:21:16,1741.6,84055
2021-06-15 09:21:22,1741.75,84370
2021-06-15 09:21:28,1741.95,84485
2021-06-15 09:21:35,1742.15,84711
2021-06-15 09:21:41,1742.2,85547
2021-06-15 09:21:48,1742.45,85768
2021-06-15 09:21:54,1741.35,85851
2021-06-15 09:22:00,1741.65,85941
2021-06-15 09:22:06,1741.6,86952
2021-06-15 09:22:13,1741.25,87355
2021-06-15 09:22:19,1740.0,88076
2021-06-15 09:22:25,1739.65,89040
2021-06-15 09:22:31,1739.0,89898
2021-06-15 09:22:33,1739.45,90198
2021-06-15 09:22:34,1739.9,90209
2021-06-15 09:22:36,1739.65,90384
2021-06-15 09:22:38,1739.5,90466
2021-06-15 09:22:39,1739.5,90479
2021-06-15 09:22:40,1739.9,90481
2021-06-15 09:22:42,1740.3,90558
2021-06-15 09:22:43,1740.3,90558
2021-06-15 09:22:45,1739.5,90613
2021-06-15 09:22:46,1740.05,90614
2021-06-15 09:22:47,1740.0,90686
2021-06-15 09:22:48,1740.05,90691
2021-06-15 09:22:48,1739.85,90766
2021-06-15 09:22:49,1739.05,90780
2021-06-15 09:22:50,1739.0,90830
2021-06-15 09:22:52,1739.35,90837
2021-06-15 09:22:53,1739.8,90839
2021-06-15 09:22:54,1739.15,90942
2021-06-15 09:22:55,1738.15,91148
2021-06-15 09:22:56,1738.55,91434
2021-06-15 09:22:56,1738.55,91434
2021-06-15 09:22:57,1738.6,91477
2021-06-15 09:22:59,1738.9,91633
2021-06-15 09:22:59,1739.3,91781
2021-06-15 09:23:01,1739.35,91951
2021-06-15 09:23:02,1738.15,92344
2021-06-15 09:23:03,1738.0,92359
2021-06-15 09:23:04,1738.55,92954
2021-06-15 09:23:05,1738.0,93007
2021-06-15 09:23:06,1738.25,93161
2021-06-15 09:23:07,1738.0,93203
2021-06-15 09:23:07,1738.25,93232
2021-06-15 09:23:08,1738.25,93295
2021-06-15 09:23:09,1738.75,93476
2021-06-15 09:23:10,1738.75,93476
2021-06-15 09:23:11,1738.75,93548
2021-06-15 09:23:13,1738.75,93647
2021-06-15 09:23:14,1738.75,93792
2021-06-15 09:23:15,1739.2,93794
2021-06-15 09:23:16,1738.25,94055
2021-06-15 09:23:16,1738.95,94070
2021-06-15 09:23:17,1738.3,94520
2021-06-15 09:23:19,1738.4,94600
2021-06-15 09:23:20,1737.65,94733
2021-06-15 09:23:21,1737.7,94740
2021-06-15 09:23:22,1738.5,94748
2021-06-15 09:23:23,1738.35,94793
2021-06-15 09:23:25,1737.55,94810
2021-06-15 09:23:26,1737.55,94835
2021-06-15 09:23:27,1737.55,94842
2021-06-15 09:23:27,1737.8,94857
2021-06-15 09:23:28,1737.55,94922
2021-06-15 09:23:30,1737.05,95172
2021-06-15 09:23:33,1738.0,95561
2021-06-15 09:23:34,1738.15,95636
2021-06-15 09:23:35,1738.85,95674
2021-06-15 09:23:35,1738.05,95688
2021-06-15 09:23:36,1738.05,95688
2021-06-15 09:23:38,1737.85,95703
2021-06-15 09:23:39,1738.15,95708
2021-06-15 09:23:40,1737.55,95736
2021-06-15 09:23:41,1738.0,95942
2021-06-15 09:23:42,1738.0,95975
2021-06-15 09:23:42,1738.0,95975
2021-06-15 09:23:43,1738.2,96111
2021-06-15 09:23:44,1738.2,96112
2021-06-15 09:23:45,1738.35,96113
2021-06-15 09:23:46,1738.35,96113
2021-06-15 09:23:47,1738.2,96140
2021-06-15 09:23:49,1737.95,96303
2021-06-15 09:23:50,1737.1,96368
2021-06-15 09:23:51,1737.05,96379
2021-06-15 09:23:52,1736.95,97004
2021-06-15 09:23:52,1736.5,97018
2021-06-15 09:23:54,1737.15,97090
2021-06-15 09:23:55,1737.15,97141
2021-06-15 09:23:56,1736.45,97151
2021-06-15 09:23:57,1737.15,97185
2021-06-15 09:23:58,1737.15,97185
2021-06-15 09:23:59,1737.65,97197
2021-06-15 09:23:59,1737.65,97197
2021-06-15 09:24:01,1737.65,97300
2021-06-15 09:24:02,1737.9,97500
2021-06-15 09:24:03,1737.05,97530
2021-06-15 09:24:04,1737.1,97700
2021-06-15 09:24:05,1737.1,97714
2021-06-15 09:24:06,1736.85,98089
2021-06-15 09:24:07,1737.45,98090
2021-06-15 09:24:08,1737.5,98200
2021-06-15 09:24:09,1736.8,98208
2021-06-15 09:24:10,1736.8,98481
2021-06-15 09:24:11,1736.1,98886
2021-06-15 09:24:11,1736.1,98886
2021-06-15 09:24:13,1736.75,98981
2021-06-15 09:24:14,1736.85,99023
2021-06-15 09:24:15,1736.85,99080
2021-06-15 09:24:16,1736.1,99129
2021-06-15 09:24:17,1736.95,99149
2021-06-15 09:24:18,1736.2,99249
2021-06-15 09:24:19,1736.2,99249
2021-06-15 09:24:20,1736.2,99333
2021-06-15 09:24:21,1737.0,99420
2021-06-15 09:24:22,1736.2,99449
2021-06-15 09:24:22,1736.2,99449
2021-06-15 09:24:23,1736.8,99574
2021-06-15 09:24:24,1736.8,99574
2021-06-15 09:24:25,1736.8,99833
2021-06-15 09:24:26,1737.0,99834
2021-06-15 09:24:28,1737.1,99943
2021-06-15 09:24:29,1737.1,99943
2021-06-15 09:24:30,1736.7,99950
2021-06-15 09:24:31,1737.1,99953
2021-06-15 09:24:34,1736.8,99994
2021-06-15 09:24:35,1736.8,100047
2021-06-15 09:24:36,1737.1,100098
2021-06-15 09:24:37,1737.1,100110
2021-06-15 09:24:38,1737.1,100211
2021-06-15 09:24:39,1736.7,100321
2021-06-15 09:24:41,1737.1,100382
2021-06-15 09:24:41,1737.1,100382
2021-06-15 09:24:42,1737.1,100387
2021-06-15 09:24:44,1737.1,100426
2021-06-15 09:24:45,1736.7,100427
2021-06-15 09:24:45,1736.7,100456
2021-06-15 09:24:46,1737.1,100466
2021-06-15 09:24:47,1736.7,100501
2021-06-15 09:24:48,1736.7,100503
2021-06-15 09:24:50,1737.0,100549
2021-06-15 09:24:51,1736.95,100605
2021-06-15 09:24:52,1736.7,100620
2021-06-15 09:24:53,1736.35,100640
2021-06-15 09:24:54,1736.1,100685
2021-06-15 09:24:55,1736.4,101280
2021-06-15 09:24:56,1736.8,101310
2021-06-15 09:24:57,1736.8,101310
2021-06-15 09:24:59,1737.55,101613
2021-06-15 09:25:00,1737.55,101613
2021-06-15 09:25:01,1736.95,101615
2021-06-15 09:25:02,1737.45,101648
2021-06-15 09:25:03,1737.45,101658
2021-06-15 09:25:05,1737.45,101658
2021-06-15 09:25:06,1736.8,101732
2021-06-15 09:25:07,1737.0,101737
2021-06-15 09:25:08,1736.85,102150
2021-06-15 09:25:09,1736.85,102150
2021-06-15 09:25:10,1737.55,102160
2021-06-15 09:25:12,1737.0,102291
2021-06-15 09:25:13,1737.45,102292
2021-06-15 09:25:14,1737.45,102292
2021-06-15 09:25:15,1736.85,102293
2021-06-15 09:25:16,1737.0,102302
2021-06-15 09:25:17,1737.0,102302
2021-06-15 09:25:18,1736.25,102753
2021-06-15 09:25:19,1737.0,102775
2021-06-15 09:25:20,1736.25,102813
2021-06-15 09:25:21,1737.0,102850
2021-06-15 09:25:22,1737.45,103250
2021-06-15 09:25:23,1737.45,103250
2021-06-15 09:25:24,1737.45,103250
2021-06-15 09:25:25,1737.45,103250
2021-06-15 09:25:26,1737.0,103880
2021-06-15 09:25:27,1737.0,103880
2021-06-15 09:25:29,1737.55,103900
2021-06-15 09:25:30,1737.55,103900
2021-06-15 09:25:31,1737.55,103901
2021-06-15 09:25:32,1737.55,103922
2021-06-15 09:25:33,1737.0,103986
2021-06-15 09:25:34,1736.9,103999
2021-06-15 09:25:35,1736.65,104141
2021-06-15 09:25:36,1736.65,104141
2021-06-15 09:25:38,1737.15,104196
2021-06-15 09:25:39,1737.25,104232
2021-06-15 09:25:40,1737.0,104301
2021-06-15 09:25:41,1737.15,104359
2021-06-15 09:25:42,1737.2,104364
2021-06-15 09:25:43,1737.2,104396
2021-06-15 09:25:44,1737.25,104406
2021-06-15 09:25:45,1737.25,104406
2021-06-15 09:25:46,1737.15,104537
2021-06-15 09:25:47,1737.15,104546
2021-06-15 09:25:48,1737.15,104547
2021-06-15 09:25:49,1737.6,105341
2021-06-15 09:25:50,1738.7,105359
2021-06-15 09:25:51,1738.35,105368
2021-06-15 09:25:52,1738.55,105508
2021-06-15 09:25:53,1739.0,105679
2021-06-15 09:25:54,1738.95,105690
2021-06-15 09:25:55,1738.95,105700
2021-06-15 09:25:56,1738.95,105740
2021-06-15 09:25:57,1738.95,105740
2021-06-15 09:25:58,1738.95,105740
2021-06-15 09:25:59,1738.95,105740
2021-06-15 09:26:03,1738.35,105850
2021-06-15 09:26:04,1738.25,105888
2021-06-15 09:26:05,1738.25,105911
2021-06-15 09:26:06,1738.3,106175
2021-06-15 09:26:07,1738.3,106175
2021-06-15 09:26:08,1739.0,106176
2021-06-15 09:26:09,1738.25,106188
2021-06-15 09:26:10,1739.0,106224
2021-06-15 09:26:11,1738.8,106631
2021-06-15 09:26:12,1738.1,106646
2021-06-15 09:26:13,1738.1,106668
2021-06-15 09:26:14,1738.65,107073
2021-06-15 09:26:15,1737.9,108093
2021-06-15 09:26:16,1737.9,108093
2021-06-15 09:26:17,1737.9,108093
2021-06-15 09:26:18,1738.75,108237
2021-06-15 09:26:20,1738.05,108293
2021-06-15 09:26:21,1739.0,108428
2021-06-15 09:26:22,1738.95,108433
2021-06-15 09:26:23,1738.1,108448
2021-06-15 09:26:24,1738.1,108448
2021-06-15 09:26:25,1738.05,108585
2021-06-15 09:26:26,1738.05,108592
2021-06-15 09:26:27,1737.8,109105
2021-06-15 09:26:28,1737.8,109162
2021-06-15 09:26:29,1738.05,109252
2021-06-15 09:26:31,1737.3,109293
2021-06-15 09:26:32,1737.95,109500
2021-06-15 09:26:33,1737.95,109500
2021-06-15 09:26:34,1737.15,109538
2021-06-15 09:26:35,1737.15,109626
2021-06-15 09:26:36,1737.85,109868
2021-06-15 09:26:37,1737.85,109868
2021-06-15 09:26:38,1737.95,109929
2021-06-15 09:26:39,1737.95,109930
2021-06-15 09:26:40,1738.0,110031
2021-06-15 09:26:41,1737.5,110053
2021-06-15 09:26:42,1737.5,110092
2021-06-15 09:26:43,1737.25,110107
2021-06-15 09:26:44,1737.25,110164
2021-06-15 09:26:45,1738.0,110406
2021-06-15 09:26:46,1737.85,110905
2021-06-15 09:26:47,1737.85,110905
2021-06-15 09:26:48,1737.1,110919
2021-06-15 09:26:49,1737.65,111096
2021-06-15 09:26:50,1737.0,111134
2021-06-15 09:26:52,1736.5,111871
2021-06-15 09:26:53,1736.55,111885
2021-06-15 09:26:54,1737.35,111890
2021-06-15 09:26:55,1737.5,111990
2021-06-15 09:26:56,1737.5,111990
2021-06-15 09:26:57,1737.35,111991
2021-06-15 09:26:59,1737.55,112094
2021-06-15 09:27:00,1737.0,112123
2021-06-15 09:27:01,1737.55,112173
2021-06-15 09:27:02,1737.55,112173
2021-06-15 09:27:03,1737.55,112174
2021-06-15 09:27:04,1737.15,112184
2021-06-15 09:27:05,1737.15,112225
2021-06-15 09:27:06,1737.15,112276
2021-06-15 09:27:08,1737.5,112277
2021-06-15 09:27:08,1737.5,112277
2021-06-15 09:27:09,1737.5,112277
2021-06-15 09:27:10,1737.5,112277
2021-06-15 09:27:11,1737.5,112303
2021-06-15 09:27:12,1737.15,112332
2021-06-15 09:27:13,1737.15,112332
2021-06-15 09:27:14,1737.15,112368
2021-06-15 09:27:15,1737.5,112408
2021-06-15 09:27:16,1737.15,112488
2021-06-15 09:27:17,1737.15,112506
2021-06-15 09:27:18,1737.35,112925
2021-06-15 09:27:19,1736.5,113040
2021-06-15 09:27:20,1737.2,113423
2021-06-15 09:27:22,1737.25,113473
2021-06-15 09:27:23,1737.25,113474
2021-06-15 09:27:23,1737.25,113474
2021-06-15 09:27:24,1736.4,113503
2021-06-15 09:27:25,1736.4,113503
2021-06-15 09:27:26,1737.25,113504
2021-06-15 09:27:27,1738.0,113713
2021-06-15 09:27:28,1736.85,113792
2021-06-15 09:27:29,1737.95,114042
2021-06-15 09:27:31,1737.25,114087
2021-06-15 09:27:33,1737.25,114119
2021-06-15 09:27:35,1737.15,114205
2021-06-15 09:27:36,1737.9,114233
2021-06-15 09:27:37,1738.0,114243
2021-06-15 09:27:38,1737.2,114323
2021-06-15 09:27:39,1738.0,114504
2021-06-15 09:27:40,1738.0,114609
2021-06-15 09:27:41,1737.3,114622
2021-06-15 09:27:42,1737.15,114635
2021-06-15 09:27:43,1737.15,114635
2021-06-15 09:27:44,1737.15,114635
2021-06-15 09:27:45,1737.55,114645
2021-06-15 09:27:47,1738.0,114846
2021-06-15 09:27:47,1738.0,114846
2021-06-15 09:27:48,1738.0,114846
2021-06-15 09:27:49,1737.3,114853
2021-06-15 09:27:50,1737.15,114898
2021-06-15 09:27:51,1737.35,114906
2021-06-15 09:27:53,1738.0,114911
2021-06-15 09:27:55,1738.0,114912
2021-06-15 09:27:55,1738.0,114912
2021-06-15 09:27:56,1737.2,114941
2021-06-15 09:27:57,1737.2,114941
2021-06-15 09:27:58,1738.0,115041
2021-06-15 09:27:59,1737.85,115067
2021-06-15 09:28:00,1737.85,115111
2021-06-15 09:28:01,1738.0,115112
2021-06-15 09:28:02,1738.0,115137
2021-06-15 09:28:03,1738.0,115137
2021-06-15 09:28:04,1738.0,115138
2021-06-15 09:28:05,1737.8,115176
2021-06-15 09:28:06,1737.8,115212
2021-06-15 09:28:07,1738.0,115237
2021-06-15 09:28:08,1738.0,115237
2021-06-15 09:28:09,1738.0,115238
2021-06-15 09:28:10,1737.8,115274
2021-06-15 09:28:11,1738.0,115288
2021-06-15 09:28:12,1738.0,115288
2021-06-15 09:28:14,1738.0,115445
2021-06-15 09:28:15,1738.0,115657
2021-06-15 09:28:16,1737.9,115662
2021-06-15 09:28:18,1737.9,115662
2021-06-15 09:28:19,1737.9,115662
2021-06-15 09:28:20,1738.0,115809
2021-06-15 09:28:20,1738.0,115809
2021-06-15 09:28:21,1737.8,115829
2021-06-15 09:28:23,1737.8,115857
2021-06-15 09:28:24,1737.8,115872
2021-06-15 09:28:25,1737.8,116026
2021-06-15 09:28:26,1737.8,116026
2021-06-15 09:28:29,1738.0,116043
2021-06-15 09:28:30,1738.0,116058
2021-06-15 09:28:31,1738.0,116078
2021-06-15 09:28:31,1738.0,116068
2021-06-15 09:28:33,1738.0,116082
2021-06-15 09:28:34,1737.8,116107
2021-06-15 09:28:35,1737.8,116110
2021-06-15 09:28:36,1737.75,116232
2021-06-15 09:28:37,1737.75,116232
2021-06-15 09:28:38,1737.35,116267
2021-06-15 09:28:39,1738.0,116463
2021-06-15 09:28:41,1738.0,116587
2021-06-15 09:28:41,1738.0,116587
2021-06-15 09:28:42,1738.05,116602
2021-06-15 09:28:43,1738.4,116660
2021-06-15 09:28:44,1738.4,116660
2021-06-15 09:28:45,1738.0,116679
2021-06-15 09:28:46,1738.0,116679
2021-06-15 09:28:47,1738.0,116679
2021-06-15 09:28:48,1738.95,116711
2021-06-15 09:28:49,1737.75,117096
2021-06-15 09:28:50,1737.75,117096
2021-06-15 09:28:52,1737.75,117096
2021-06-15 09:28:53,1737.75,117096
2021-06-15 09:28:53,1737.75,117096
2021-06-15 09:28:54,1737.4,117121
2021-06-15 09:28:55,1737.4,117122
2021-06-15 09:28:56,1737.4,117122
2021-06-15 09:28:57,1737.35,117365
2021-06-15 09:28:58,1738.5,117656
2021-06-15 09:28:59,1737.8,117661
2021-06-15 09:29:00,1738.6,117678
2021-06-15 09:29:01,1738.7,117679
2021-06-15 09:29:03,1738.7,117751
2021-06-15 09:29:04,1738.3,117973
2021-06-15 09:29:05,1738.45,117976
2021-06-15 09:29:06,1738.45,117976
2021-06-15 09:29:07,1737.95,117986
2021-06-15 09:29:08,1737.8,118020
2021-06-15 09:29:09,1737.8,118020
2021-06-15 09:29:10,1737.8,118021
2021-06-15 09:29:11,1738.3,118217
2021-06-15 09:29:13,1738.35,118218
2021-06-15 09:29:14,1738.2,118258
2021-06-15 09:29:14,1738.2,118258
2021-06-15 09:29:15,1738.2,118258
2021-06-15 09:29:16,1738.35,118259
2021-06-15 09:29:17,1738.35,118259
2021-06-15 09:29:18,1737.8,118270
2021-06-15 09:29:19,1738.2,118388
2021-06-15 09:29:21,1738.45,118399
2021-06-15 09:29:22,1738.4,118404
2021-06-15 09:29:22,1738.4,118404
2021-06-15 09:29:23,1738.45,118414
2021-06-15 09:29:24,1738.45,118414
2021-06-15 09:29:25,1738.45,118423
2021-06-15 09:29:26,1738.45,118423
2021-06-15 09:29:27,1738.45,118424
2021-06-15 09:29:29,1738.5,118525
2021-06-15 09:29:30,1738.45,118527
2021-06-15 09:29:32,1738.45,118527
2021-06-15 09:29:33,1738.65,118528
2021-06-15 09:29:35,1738.65,118528
2021-06-15 09:29:36,1738.45,118580
2021-06-15 09:29:37,1738.45,118580
2021-06-15 09:29:38,1738.85,118803
2021-06-15 09:29:39,1738.85,118804
2021-06-15 09:29:39,1738.85,118804
2021-06-15 09:29:41,1738.85,118804
2021-06-15 09:29:42,1738.65,118806
2021-06-15 09:29:43,1738.65,118806
2021-06-15 09:29:44,1738.65,118806
2021-06-15 09:29:44,1738.65,118806
2021-06-15 09:29:45,1738.65,118808
2021-06-15 09:29:46,1738.65,118808
2021-06-15 09:29:47,1738.65,118808
2021-06-15 09:29:48,1738.9,118882
2021-06-15 09:29:49,1738.9,118882
2021-06-15 09:29:50,1738.55,119011
2021-06-15 09:29:51,1738.8,119040
2021-06-15 09:29:52,1738.65,119051
2021-06-15 09:29:53,1738.85,119052
2021-06-15 09:29:54,1738.85,119053
2021-06-15 09:29:55,1738.95,119076
2021-06-15 09:29:56,1739.5,120364
2021-06-15 09:29:57,1739.5,120364
2021-06-15 09:29:58,1740.4,120365
2021-06-15 09:29:59,1739.55,120366
2021-06-15 09:30:00,1739.8,120406
2021-06-15 09:30:01,1739.8,120406
2021-06-15 09:30:02,1740.15,120450
2021-06-15 09:30:03,1740.15,120497
2021-06-15 09:30:04,1740.1,120554
2021-06-15 09:30:05,1740.1,120554
2021-06-15 09:30:06,1740.3,120567
2021-06-15 09:30:09,1740.45,120621
2021-06-15 09:30:10,1740.45,120621
2021-06-15 09:30:11,1740.4,120633
2021-06-15 09:30:12,1740.4,120639
2021-06-15 09:30:13,1740.4,120639
2021-06-15 09:30:14,1740.4,120639
2021-06-15 09:30:15,1740.35,120714
2021-06-15 09:30:16,1740.5,121214
2021-06-15 09:30:17,1740.4,121515
2021-06-15 09:30:18,1740.4,121516
2021-06-15 09:30:19,1740.4,121566
2021-06-15 09:30:20,1740.4,121567
2021-06-15 09:30:21,1739.8,121606
2021-06-15 09:30:22,1739.8,121606
2021-06-15 09:30:22,1740.4,121608
2021-06-15 09:30:23,1740.4,121632
2021-06-15 09:30:24,1740.4,121649
2021-06-15 09:30:25,1739.8,121779
2021-06-15 09:30:26,1740.0,121804
2021-06-15 09:30:27,1740.0,121804
2021-06-15 09:30:28,1740.4,121814
2021-06-15 09:30:29,1740.0,121815
2021-06-15 09:30:30,1740.0,121815
2021-06-15 09:30:31,1740.0,121815
2021-06-15 09:30:32,1740.0,121918
2021-06-15 09:30:33,1740.8,121982
2021-06-15 09:30:34,1740.45,122032
2021-06-15 09:30:35,1740.45,122032
2021-06-15 09:30:36,1740.5,122083
2021-06-15 09:30:37,1740.5,122099
2021-06-15 09:30:38,1740.45,122414
2021-06-15 09:30:39,1740.7,122415
2021-06-15 09:30:40,1740.85,122601
2021-06-15 09:30:41,1741.0,122681
2021-06-15 09:30:42,1741.0,122681
2021-06-15 09:30:43,1741.0,122681
2021-06-15 09:30:44,1740.45,122683
2021-06-15 09:30:45,1740.75,122703
2021-06-15 09:30:46,1740.75,122709
2021-06-15 09:30:47,1741.0,122739
2021-06-15 09:30:48,1740.45,122768
2021-06-15 09:30:49,1740.75,122800
2021-06-15 09:30:50,1740.85,122820
2021-06-15 09:30:51,1741.9,123745
2021-06-15 09:30:52,1741.95,123746
2021-06-15 09:30:55,1741.2,123849
2021-06-15 09:30:57,1741.15,124016
2021-06-15 09:30:58,1741.15,124016
2021-06-15 09:30:59,1741.15,124016
2021-06-15 09:31:00,1741.15,124016
2021-06-15 09:31:01,1741.2,125604
2021-06-15 09:31:02,1742.45,125657
2021-06-15 09:31:03,1742.5,125677
2021-06-15 09:31:04,1742.55,125682
2021-06-15 09:31:04,1742.55,125682
2021-06-15 09:31:05,1742.6,125706
2021-06-15 09:31:06,1742.45,125722
2021-06-15 09:31:08,1741.7,125997
2021-06-15 09:31:09,1741.7,125997
2021-06-15 09:31:10,1741.3,126139
2021-06-15 09:31:11,1741.0,126286
2021-06-15 09:31:11,1741.0,126286
2021-06-15 09:31:12,1741.0,126296
2021-06-15 09:31:13,1738.7,128551
2021-06-15 09:31:14,1738.65,128872
2021-06-15 09:31:15,1739.35,128923
2021-06-15 09:31:16,1739.35,128923
2021-06-15 09:31:17,1738.75,128987
2021-06-15 09:31:19,1738.75,128987
2021-06-15 09:31:20,1740.0,129039
2021-06-15 09:31:21,1739.25,129401
2021-06-15 09:31:22,1739.25,129401
2021-06-15 09:31:23,1739.25,129401
2021-06-15 09:31:23,1739.25,129401
2021-06-15 09:31:24,1739.35,129406
2021-06-15 09:31:26,1739.35,129735
2021-06-15 09:31:28,1739.7,129848
2021-06-15 09:31:28,1739.7,129848
2021-06-15 09:31:29,1739.8,129849
2021-06-15 09:31:31,1739.4,130214
2021-06-15 09:31:32,1739.4,130224
2021-06-15 09:31:33,1739.4,130224
2021-06-15 09:31:34,1739.4,130224
2021-06-15 09:31:35,1739.0,130253
2021-06-15 09:31:36,1739.6,130288
2021-06-15 09:31:38,1739.0,130303
2021-06-15 09:31:39,1738.75,130362
2021-06-15 09:31:40,1739.25,130462
2021-06-15 09:31:41,1738.75,130504
2021-06-15 09:31:42,1738.75,130504
2021-06-15 09:31:43,1739.2,130555
2021-06-15 09:31:44,1739.75,131199
2021-06-15 09:31:44,1739.75,131199
2021-06-15 09:31:45,1739.4,131466
2021-06-15 09:31:46,1738.8,131496
2021-06-15 09:31:47,1738.8,131517
2021-06-15 09:31:48,1738.8,131533
2021-06-15 09:31:50,1738.8,131575
2021-06-15 09:31:51,1738.8,131593
2021-06-15 09:31:52,1738.85,131594
2021-06-15 09:31:53,1738.85,131594
2021-06-15 09:31:54,1738.8,131627
2021-06-15 09:31:55,1739.35,131846
2021-06-15 09:31:56,1739.35,131846
2021-06-15 09:31:57,1739.35,131846
2021-06-15 09:31:57,1739.35,131846
2021-06-15 09:31:58,1739.35,131846
2021-06-15 09:31:59,1738.9,131856
2021-06-15 09:32:00,1738.85,131868
2021-06-15 09:32:01,1739.35,131883
2021-06-15 09:32:02,1739.0,131913
2021-06-15 09:32:03,1739.35,131919
2021-06-15 09:32:04,1738.8,131948
2021-06-15 09:32:05,1738.8,132012
2021-06-15 09:32:06,1738.8,132575
2021-06-15 09:32:08,1738.8,132756
2021-06-15 09:32:09,1738.8,132771
2021-06-15 09:32:10,1739.05,132772
2021-06-15 09:32:11,1739.0,132788
2021-06-15 09:32:12,1739.0,132788
2021-06-15 09:32:12,1739.0,132788
2021-06-15 09:32:14,1739.0,132788
2021-06-15 09:32:15,1738.8,132854
2021-06-15 09:32:16,1738.8,132854
2021-06-15 09:32:17,1738.8,132879
2021-06-15 09:32:18,1738.95,132917
2021-06-15 09:32:19,1738.95,132917
2021-06-15 09:32:20,1738.95,133001
2021-06-15 09:32:21,1738.8,133008
2021-06-15 09:32:22,1738.95,133020
2021-06-15 09:32:23,1738.95,133020
2021-06-15 09:32:24,1738.95,133045
2021-06-15 09:32:24,1738.95,133045
2021-06-15 09:32:25,1738.8,133052
2021-06-15 09:32:26,1738.65,134198
2021-06-15 09:32:27,1738.8,134203
2021-06-15 09:32:29,1738.65,134248
2021-06-15 09:32:30,1738.8,134282
2021-06-15 09:32:31,1738.2,135746
2021-06-15 09:32:32,1737.4,135846
2021-06-15 09:32:33,1737.4,135846
2021-06-15 09:32:34,1737.05,135868
2021-06-15 09:32:35,1737.0,135956
2021-06-15 09:32:36,1737.0,135991
2021-06-15 09:32:37,1737.15,136232
2021-06-15 09:32:38,1737.0,136265
2021-06-15 09:32:39,1737.0,136265
2021-06-15 09:32:40,1737.0,136280
2021-06-15 09:32:41,1737.0,136280
2021-06-15 09:32:42,1737.4,136316
2021-06-15 09:32:42,1737.4,136316
2021-06-15 09:32:44,1737.4,136316
2021-06-15 09:32:45,1737.0,136705
2021-06-15 09:32:46,1737.6,136706
2021-06-15 09:32:46,1737.6,136706
2021-06-15 09:32:47,1737.6,136706
2021-06-15 09:32:48,1737.4,136719
2021-06-15 09:32:49,1737.0,136735
2021-06-15 09:32:50,1737.55,136890
2021-06-15 09:32:51,1737.05,136905
2021-06-15 09:32:53,1737.0,137019
2021-06-15 09:32:54,1737.1,137219
2021-06-15 09:32:54,1737.1,137358
2021-06-15 09:32:55,1737.4,137359
2021-06-15 09:32:56,1737.4,137359
2021-06-15 09:32:57,1737.4,137359
2021-06-15 09:32:58,1737.4,137359
2021-06-15 09:32:59,1737.0,137386
2021-06-15 09:33:00,1737.6,137388
2021-06-15 09:33:01,1737.25,137567
2021-06-15 09:33:02,1737.15,137924
2021-06-15 09:33:03,1736.6,137974
2021-06-15 09:33:05,1737.15,138022
2021-06-15 09:33:06,1737.15,138022
2021-06-15 09:33:07,1737.15,138022
2021-06-15 09:33:08,1737.0,138447
2021-06-15 09:33:09,1736.8,138536
2021-06-15 09:33:10,1736.8,138536
2021-06-15 09:33:11,1737.4,138538
2021-06-15 09:33:12,1737.4,138538
2021-06-15 09:33:14,1737.4,138593
2021-06-15 09:33:15,1737.4,138593
2021-06-15 09:33:16,1736.55,138993
2021-06-15 09:33:17,1736.8,139023
2021-06-15 09:33:17,1737.4,139082
2021-06-15 09:33:18,1738.0,140105
2021-06-15 09:33:20,1738.3,140171
2021-06-15 09:33:21,1738.25,140271
2021-06-15 09:33:22,1739.0,140272
2021-06-15 09:33:23,1739.0,140272
2021-06-15 09:33:24,1738.3,140286
2021-06-15 09:33:26,1736.8,141037
2021-06-15 09:33:27,1736.5,141044
2021-06-15 09:33:28,1736.5,141059
2021-06-15 09:33:29,1736.5,141059
2021-06-15 09:33:30,1736.5,141095
2021-06-15 09:33:31,1736.5,141095
2021-06-15 09:33:32,1736.5,141114
2021-06-15 09:33:32,1736.5,141114
2021-06-15 09:33:33,1737.0,141221
2021-06-15 09:33:34,1737.0,141221
2021-06-15 09:33:36,1736.5,141266
2021-06-15 09:33:37,1737.0,141311
2021-06-15 09:33:37,1737.0,141311
2021-06-15 09:33:39,1737.0,141311
2021-06-15 09:33:40,1737.2,141321
2021-06-15 09:33:41,1737.2,141321
2021-06-15 09:33:41,1737.2,141321
2021-06-15 09:33:43,1736.65,141326
2021-06-15 09:33:44,1736.65,141326
2021-06-15 09:33:45,1736.65,141326
2021-06-15 09:33:46,1736.65,141326
2021-06-15 09:33:47,1736.8,141408
2021-06-15 09:33:48,1737.25,141507
2021-06-15 09:33:50,1737.25,141507
2021-06-15 09:33:50,1736.5,141559
2021-06-15 09:33:51,1736.5,141570
2021-06-15 09:33:52,1736.5,141620
2021-06-15 09:33:53,1736.5,141620
2021-06-15 09:33:55,1736.9,141621
2021-06-15 09:33:56,1736.9,141621
2021-06-15 09:33:57,1736.9,141631
2021-06-15 09:33:58,1736.9,141631
2021-06-15 09:33:59,1736.9,141631
2021-06-15 09:34:00,1736.9,141631
2021-06-15 09:34:01,1736.8,141632
2021-06-15 09:34:02,1736.8,141670
2021-06-15 09:34:02,1736.6,141704
2021-06-15 09:34:04,1736.6,141704
2021-06-15 09:34:05,1736.7,141743
2021-06-15 09:34:06,1736.6,141759
2021-06-15 09:34:07,1736.6,141774
2021-06-15 09:34:08,1736.6,141873
2021-06-15 09:34:09,1736.7,141874
2021-06-15 09:34:10,1736.6,141881
2021-06-15 09:34:11,1736.7,141889
2021-06-15 09:34:12,1736.7,141889
2021-06-15 09:34:13,1736.7,141989
2021-06-15 09:34:14,1736.55,142390
2021-06-15 09:34:15,1736.5,142397
2021-06-15 09:34:16,1736.5,142405
2021-06-15 09:34:17,1735.0,146969
2021-06-15 09:34:18,1735.0,146986
2021-06-15 09:34:19,1735.0,146986
2021-06-15 09:34:20,1735.0,147026
2021-06-15 09:34:21,1735.45,147051
2021-06-15 09:34:22,1735.45,147056
2021-06-15 09:34:23,1735.45,147056
2021-06-15 09:34:24,1735.4,147066
2021-06-15 09:34:25,1735.0,147192
2021-06-15 09:34:26,1735.0,147294
2021-06-15 09:34:27,1735.0,147422
2021-06-15 09:34:27,1735.0,147422
2021-06-15 09:34:28,1735.05,147423
2021-06-15 09:34:29,1735.05,147423
2021-06-15 09:34:30,1735.05,147423
2021-06-15 09:34:31,1735.05,147423
2021-06-15 09:34:32,1735.05,147423
2021-06-15 09:34:34,1735.55,147430
2021-06-15 09:34:35,1735.05,147530
2021-06-15 09:34:35,1735.1,147540
2021-06-15 09:34:37,1735.1,147565
2021-06-15 09:34:38,1735.45,147590
2021-06-15 09:34:38,1735.0,148000
2021-06-15 09:34:39,1735.0,148016
2021-06-15 09:34:40,1735.0,148032
2021-06-15 09:34:42,1735.0,148032
2021-06-15 09:34:43,1734.6,148363
2021-06-15 09:34:44,1734.2,148525
2021-06-15 09:34:45,1734.1,148626
2021-06-15 09:34:46,1734.85,148628
2021-06-15 09:34:47,1734.85,148628
2021-06-15 09:34:48,1734.0,148979
2021-06-15 09:34:49,1734.0,149024
2021-06-15 09:34:50,1734.1,149039
2021-06-15 09:34:51,1734.0,149183
2021-06-15 09:34:52,1734.0,149183
2021-06-15 09:34:53,1734.0,149183
2021-06-15 09:34:54,1734.0,149183
2021-06-15 09:34:55,1734.0,149183
2021-06-15 09:34:56,1734.0,149204
2021-06-15 09:34:57,1734.0,149231
2021-06-15 09:34:58,1734.0,149231
2021-06-15 09:34:59,1734.0,149231
2021-06-15 09:35:00,1734.5,151216
2021-06-15 09:35:01,1734.5,151216
2021-06-15 09:35:02,1735.6,151417
2021-06-15 09:35:03,1734.8,151418
2021-06-15 09:35:04,1734.75,151468
2021-06-15 09:35:05,1734.55,151478
2021-06-15 09:35:06,1734.0,151504
2021-06-15 09:35:07,1734.0,151505
2021-06-15 09:35:08,1734.0,151603
2021-06-15 09:35:09,1734.7,151605
2021-06-15 09:35:10,1734.0,151610
2021-06-15 09:35:11,1734.0,151640
2021-06-15 09:35:11,1734.1,151812
2021-06-15 09:35:12,1734.75,151823
2021-06-15 09:35:14,1734.75,151835
2021-06-15 09:35:15,1734.75,151835
2021-06-15 09:35:17,1734.1,151895
2021-06-15 09:35:18,1734.75,151897
2021-06-15 09:35:19,1734.75,151933
2021-06-15 09:35:20,1734.15,151958
2021-06-15 09:35:21,1734.1,152294
2021-06-15 09:35:22,1734.1,152294
2021-06-15 09:35:23,1734.2,152344
2021-06-15 09:35:25,1734.8,152345
2021-06-15 09:35:25,1734.8,152350
2021-06-15 09:35:26,1734.1,152406
2021-06-15 09:35:28,1734.8,152436
2021-06-15 09:35:29,1734.75,152441
2021-06-15 09:35:30,1734.8,152647
2021-06-15 09:35:31,1734.75,152842
2021-06-15 09:35:32,1734.8,152913
2021-06-15 09:35:33,1734.8,152913
2021-06-15 09:35:34,1735.0,152919
2021-06-15 09:35:35,1734.95,152957
2021-06-15 09:35:36,1735.6,152970
2021-06-15 09:35:37,1734.9,152977
2021-06-15 09:35:38,1734.9,152977
2021-06-15 09:35:39,1734.9,152977
2021-06-15 09:35:41,1735.6,152985
2021-06-15 09:35:40,1735.6,152985
2021-06-15 09:35:42,1735.0,153010
2021-06-15 09:35:43,1735.0,153012
2021-06-15 09:35:45,1734.9,153169
2021-06-15 09:35:46,1734.9,153408
2021-06-15 09:35:47,1734.9,153408
2021-06-15 09:35:48,1735.0,153543
2021-06-15 09:35:49,1735.0,153543
2021-06-15 09:35:50,1735.0,153543
2021-06-15 09:35:51,1735.0,153543
2021-06-15 09:35:52,1735.0,153543
2021-06-15 09:35:53,1735.0,153543
2021-06-15 09:35:54,1734.9,153563
2021-06-15 09:35:55,1734.85,153930
2021-06-15 09:35:56,1734.85,153930
2021-06-15 09:35:58,1734.1,153974
2021-06-15 09:35:59,1734.1,153974
2021-06-15 09:36:00,1734.1,153974
2021-06-15 09:36:01,1734.1,153984
2021-06-15 09:36:02,1734.1,153984
2021-06-15 09:36:03,1734.85,153989
2021-06-15 09:36:04,1734.85,153989
2021-06-15 09:36:05,1734.1,154027
2021-06-15 09:36:06,1734.1,154027
2021-06-15 09:36:07,1734.85,154030
2021-06-15 09:36:08,1734.1,154060
2021-06-15 09:36:09,1734.1,154060
2021-06-15 09:36:10,1734.8,154086
2021-06-15 09:36:11,1734.8,154086
2021-06-15 09:36:12,1734.1,154087
2021-06-15 09:36:13,1734.1,154087
2021-06-15 09:36:14,1734.1,154087
2021-06-15 09:36:15,1734.8,154095
2021-06-15 09:36:16,1734.8,154095
2021-06-15 09:36:17,1734.8,154095
2021-06-15 09:36:18,1734.1,154098
2021-06-15 09:36:19,1734.1,154169
2021-06-15 09:36:20,1734.85,154669
2021-06-15 09:36:21,1734.85,154669
2021-06-15 09:36:22,1734.85,154695
2021-06-15 09:36:24,1734.85,154695
2021-06-15 09:36:25,1735.0,154700
2021-06-15 09:36:26,1734.85,154710
2021-06-15 09:36:27,1734.85,154710
2021-06-15 09:36:28,1734.85,154765
2021-06-15 09:36:29,1734.85,154767
2021-06-15 09:36:30,1734.85,154783
2021-06-15 09:36:31,1735.0,154798
2021-06-15 09:36:32,1735.0,154798
2021-06-15 09:36:33,1735.0,154798
2021-06-15 09:36:34,1735.0,154798
2021-06-15 09:36:35,1734.85,154976
2021-06-15 09:36:36,1734.8,155310
2021-06-15 09:36:37,1734.8,155310
2021-06-15 09:36:38,1734.15,155432
2021-06-15 09:36:39,1734.2,155446
2021-06-15 09:36:40,1734.2,155446
2021-06-15 09:36:41,1734.2,155446
2021-06-15 09:36:42,1734.15,155486
2021-06-15 09:36:43,1734.15,155513
2021-06-15 09:36:44,1734.15,155513
2021-06-15 09:36:45,1734.15,155513
2021-06-15 09:36:46,1734.15,155518
2021-06-15 09:36:47,1734.15,155518
2021-06-15 09:36:48,1734.15,155518
2021-06-15 09:36:49,1734.15,155518
2021-06-15 09:36:50,1734.85,156018
2021-06-15 09:36:51,1735.3,156168
2021-06-15 09:36:52,1735.3,156168
2021-06-15 09:36:53,1735.3,156169
2021-06-15 09:36:54,1734.55,156179
2021-06-15 09:36:55,1735.3,156204
2021-06-15 09:36:56,1735.3,156305
2021-06-15 09:36:57,1735.3,156310
2021-06-15 09:36:58,1735.3,156310
2021-06-15 09:36:59,1735.3,156310
2021-06-15 09:37:00,1735.3,156310
2021-06-15 09:37:01,1735.3,156310
2021-06-15 09:37:02,1734.55,156311
2021-06-15 09:37:03,1734.55,156311
2021-06-15 09:37:04,1734.55,156311
2021-06-15 09:37:05,1734.55,156349
2021-06-15 09:37:06,1734.85,156363
2021-06-15 09:37:07,1734.85,156373
2021-06-15 09:37:08,1734.45,156489
2021-06-15 09:37:09,1734.45,156489
2021-06-15 09:37:10,1734.85,156499
2021-06-15 09:37:11,1734.85,156499
2021-06-15 09:37:12,1734.55,156501
2021-06-15 09:37:13,1734.55,156536
2021-06-15 09:37:14,1734.55,156536
2021-06-15 09:37:15,1734.55,156552
2021-06-15 09:37:16,1734.55,156552
2021-06-15 09:37:19,1735.5,157248
2021-06-15 09:37:20,1735.5,157248
2021-06-15 09:37:21,1735.5,157248
2021-06-15 09:37:22,1734.85,157257
2021-06-15 09:37:23,1734.85,157279
2021-06-15 09:37:26,1734.85,157279
2021-06-15 09:37:27,1735.5,157294
2021-06-15 09:37:28,1734.85,157319
2021-06-15 09:37:29,1734.85,157319
2021-06-15 09:37:30,1734.85,157319
2021-06-15 09:37:31,1734.85,157438
2021-06-15 09:37:32,1734.85,157438
2021-06-15 09:37:33,1735.5,157439
2021-06-15 09:37:34,1734.85,157611
2021-06-15 09:37:35,1734.85,157611
2021-06-15 09:37:36,1734.85,157711
2021-06-15 09:37:37,1735.5,157721
2021-06-15 09:37:38,1734.85,157811
2021-06-15 09:37:39,1734.85,157811
2021-06-15 09:37:40,1734.85,157811
2021-06-15 09:37:41,1735.5,157818
2021-06-15 09:37:42,1735.5,157833
2021-06-15 09:37:43,1735.5,157833
2021-06-15 09:37:44,1735.05,157837
2021-06-15 09:37:45,1735.05,157837
2021-06-15 09:37:46,1735.5,157929
2021-06-15 09:37:47,1735.05,157959
2021-06-15 09:37:48,1735.05,157959
2021-06-15 09:37:49,1735.5,157983
2021-06-15 09:37:50,1735.5,158001
2021-06-15 09:37:51,1735.6,158006
2021-06-15 09:37:52,1735.6,158007
2021-06-15 09:37:54,1735.6,158008
2021-06-15 09:37:54,1735.5,158013
2021-06-15 09:37:55,1735.4,158066
2021-06-15 09:37:56,1735.4,158066
2021-06-15 09:37:57,1734.1,158566
2021-06-15 09:37:58,1734.15,158735
2021-06-15 09:37:59,1734.15,158735
2021-06-15 09:38:02,1735.2,158875
2021-06-15 09:38:02,1735.2,158875
2021-06-15 09:38:03,1734.4,159203
2021-06-15 09:38:04,1734.4,159203
2021-06-15 09:38:05,1734.4,159203
2021-06-15 09:38:06,1734.4,159203
2021-06-15 09:38:07,1734.4,159203
2021-06-15 09:38:08,1735.7,159204
2021-06-15 09:38:09,1735.05,159213
2021-06-15 09:38:11,1735.05,159213
2021-06-15 09:38:11,1735.05,159232
2021-06-15 09:38:12,1735.6,159233
2021-06-15 09:38:13,1735.6,159233
2021-06-15 09:38:14,1735.85,159575
2021-06-15 09:38:15,1735.75,159589
2021-06-15 09:38:16,1735.4,159603
2021-06-15 09:38:17,1735.6,159618
2021-06-15 09:38:18,1735.6,159618
2021-06-15 09:38:19,1735.35,159740
2021-06-15 09:38:21,1735.35,159777
2021-06-15 09:38:22,1735.05,160087
2021-06-15 09:38:23,1735.6,160092
2021-06-15 09:38:24,1735.6,160092
2021-06-15 09:38:25,1735.6,160092
2021-06-15 09:38:26,1735.6,160114
2021-06-15 09:38:27,1735.1,160129
2021-06-15 09:38:28,1735.1,160129
2021-06-15 09:38:29,1735.6,160160
2021-06-15 09:38:30,1735.6,160160
2021-06-15 09:38:31,1735.6,160161
2021-06-15 09:38:32,1735.6,160161
2021-06-15 09:38:33,1735.05,160261
2021-06-15 09:38:35,1735.6,160279
2021-06-15 09:38:36,1735.0,160517
2021-06-15 09:38:37,1735.0,160531
2021-06-15 09:38:38,1735.0,160546
2021-06-15 09:38:39,1734.2,160766
2021-06-15 09:38:40,1734.2,160781
2021-06-15 09:38:41,1734.1,160857
2021-06-15 09:38:43,1734.1,160887
2021-06-15 09:38:42,1734.1,160857
2021-06-15 09:38:44,1734.0,160962
2021-06-15 09:38:45,1734.4,160967
2021-06-15 09:38:46,1734.4,160991
2021-06-15 09:38:47,1734.85,161104
2021-06-15 09:38:48,1734.85,161104
2021-06-15 09:38:49,1734.9,161105
2021-06-15 09:38:51,1735.05,161106
2021-06-15 09:38:52,1735.05,161106
2021-06-15 09:38:54,1734.0,161573
2021-06-15 09:38:55,1734.0,161573
2021-06-15 09:38:56,1734.0,161573
2021-06-15 09:38:57,1734.0,161573
2021-06-15 09:38:59,1734.8,161626
2021-06-15 09:39:01,1734.8,161626
2021-06-15 09:39:02,1734.8,161626
2021-06-15 09:39:04,1734.1,161658
2021-06-15 09:39:05,1734.05,161662
2021-06-15 09:39:05,1734.05,161662
2021-06-15 09:39:06,1735.1,162569
2021-06-15 09:39:07,1735.85,162570
2021-06-15 09:39:09,1736.25,162574
2021-06-15 09:39:10,1735.6,162575
2021-06-15 09:39:11,1735.6,162575
2021-06-15 09:39:12,1735.6,162575
2021-06-15 09:39:13,1735.6,162575
2021-06-15 09:39:14,1735.6,162580
2021-06-15 09:39:15,1736.25,162665
2021-06-15 09:39:16,1736.25,162665
2021-06-15 09:39:17,1736.25,162665
2021-06-15 09:39:18,1736.25,162665
2021-06-15 09:39:19,1735.95,162673
2021-06-15 09:39:20,1735.7,162704
2021-06-15 09:39:22,1735.95,162726
2021-06-15 09:39:23,1735.95,162726
2021-06-15 09:39:24,1735.95,162736
2021-06-15 09:39:25,1735.95,162736
2021-06-15 09:39:26,1735.95,162736
2021-06-15 09:39:27,1735.95,162736
2021-06-15 09:39:29,1735.95,162737
2021-06-15 09:39:30,1735.95,162737
2021-06-15 09:39:31,1735.7,162738
2021-06-15 09:39:31,1735.7,162738
2021-06-15 09:39:33,1735.75,163446
2021-06-15 09:39:34,1735.75,163446
2021-06-15 09:39:35,1735.0,163481
2021-06-15 09:39:36,1735.0,163481
2021-06-15 09:39:37,1735.0,163482
2021-06-15 09:39:38,1734.8,163497
2021-06-15 09:39:39,1734.8,163497
2021-06-15 09:39:40,1735.9,164512
2021-06-15 09:39:41,1735.05,164541
2021-06-15 09:39:42,1735.05,164541
2021-06-15 09:39:44,1735.4,164556
2021-06-15 09:39:45,1735.0,164584
2021-06-15 09:39:46,1735.0,164584
2021-06-15 09:39:48,1735.0,164584
2021-06-15 09:39:49,1735.85,164711
2021-06-15 09:39:50,1735.85,164711
2021-06-15 09:39:51,1735.85,164711
2021-06-15 09:39:52,1735.85,164711
2021-06-15 09:39:53,1735.85,164711
2021-06-15 09:39:54,1735.85,164711
2021-06-15 09:39:55,1735.85,164711
2021-06-15 09:39:56,1735.85,164911
2021-06-15 09:39:57,1735.85,164911
2021-06-15 09:39:58,1735.9,164973
2021-06-15 09:39:59,1735.9,164973
2021-06-15 09:40:01,1735.9,164973
2021-06-15 09:40:02,1735.9,164975
2021-06-15 09:40:03,1735.9,165000
2021-06-15 09:40:04,1735.9,165000
2021-06-15 09:40:05,1735.4,165038
2021-06-15 09:40:06,1735.7,165039
2021-06-15 09:40:07,1735.7,165039
2021-06-15 09:40:08,1735.4,165119
2021-06-15 09:40:08,1735.4,165182
2021-06-15 09:40:09,1735.65,165184
2021-06-15 09:40:10,1735.65,165184
2021-06-15 09:40:11,1735.65,165184
2021-06-15 09:40:13,1735.75,165244
2021-06-15 09:40:14,1735.65,165245
2021-06-15 09:40:15,1735.65,165245
2021-06-15 09:40:15,1735.4,165251
2021-06-15 09:40:16,1735.65,165253
2021-06-15 09:40:17,1735.05,165296
2021-06-15 09:40:18,1735.05,165296
2021-06-15 09:40:19,1735.5,165326
2021-06-15 09:40:20,1735.0,165365
2021-06-15 09:40:21,1735.05,165380
2021-06-15 09:40:22,1735.0,165403
2021-06-15 09:40:23,1735.0,165579
2021-06-15 09:40:24,1734.3,165702
2021-06-15 09:40:25,1734.3,165702
2021-06-15 09:40:26,1734.8,165714
2021-06-15 09:40:27,1734.8,165714
2021-06-15 09:40:28,1734.8,165714
2021-06-15 09:40:30,1734.8,165782
2021-06-15 09:40:31,1734.8,165784
2021-06-15 09:40:31,1734.8,165784
2021-06-15 09:40:32,1734.8,165787
2021-06-15 09:40:33,1734.8,165787
2021-06-15 09:40:34,1734.8,165787
2021-06-15 09:40:35,1734.8,165855
2021-06-15 09:40:37,1734.2,165917
2021-06-15 09:40:38,1734.2,165917
2021-06-15 09:40:39,1734.2,165917
2021-06-15 09:40:40,1734.05,165946
2021-06-15 09:40:40,1734.05,165928
2021-06-15 09:40:41,1734.2,165967
2021-06-15 09:40:42,1734.05,166029
2021-06-15 09:40:44,1734.0,167319
2021-06-15 09:40:45,1734.05,167379
2021-06-15 09:40:46,1734.05,167379
2021-06-15 09:40:47,1734.05,167379
2021-06-15 09:40:48,1734.25,167659
2021-06-15 09:40:49,1734.25,167659
2021-06-15 09:40:50,1734.25,167674
2021-06-15 09:40:50,1734.25,167659
2021-06-15 09:40:51,1734.8,167724
2021-06-15 09:40:52,1734.25,167729
2021-06-15 09:40:53,1734.25,167729
2021-06-15 09:40:55,1734.8,167731
2021-06-15 09:40:56,1734.25,167881
2021-06-15 09:40:57,1734.25,167951
2021-06-15 09:40:58,1734.25,167951
2021-06-15 09:40:59,1734.25,167951
2021-06-15 09:40:59,1734.7,167952
2021-06-15 09:41:00,1734.25,168031
2021-06-15 09:41:01,1734.25,168031
2021-06-15 09:41:02,1734.7,168331
2021-06-15 09:41:03,1734.75,168342
2021-06-15 09:41:04,1734.75,168342
2021-06-15 09:41:05,1734.25,168343
2021-06-15 09:41:07,1734.25,168343
2021-06-15 09:41:08,1734.25,168357
2021-06-15 09:41:09,1734.25,168357
2021-06-15 09:41:10,1734.25,168357
2021-06-15 09:41:10,1734.25,168357
2021-06-15 09:41:11,1734.25,168436
2021-06-15 09:41:12,1734.75,168446
2021-06-15 09:41:13,1734.25,168476
2021-06-15 09:41:14,1734.25,168476
2021-06-15 09:41:15,1734.25,168476
2021-06-15 09:41:16,1734.75,168704
2021-06-15 09:41:17,1734.75,168754
2021-06-15 09:41:18,1734.75,168754
2021-06-15 09:41:19,1734.75,168754
2021-06-15 09:41:21,1735.0,168793
2021-06-15 09:41:22,1735.0,168794
2021-06-15 09:41:22,1735.0,168794
2021-06-15 09:41:23,1735.0,168799
2021-06-15 09:41:24,1735.0,168804
2021-06-15 09:41:26,1734.75,168810
2021-06-15 09:41:27,1734.75,168810
2021-06-15 09:41:28,1734.75,168844
2021-06-15 09:41:29,1735.0,168943
2021-06-15 09:41:30,1735.0,168943
2021-06-15 09:41:31,1735.0,168943
2021-06-15 09:41:31,1735.0,168943
2021-06-15 09:41:32,1735.0,168943
2021-06-15 09:41:33,1735.0,169108
2021-06-15 09:41:34,1735.0,169134
2021-06-15 09:41:35,1735.9,169234
2021-06-15 09:41:37,1735.85,169244
2021-06-15 09:41:38,1735.85,169244
2021-06-15 09:41:39,1735.85,169244
2021-06-15 09:41:39,1735.85,169244
2021-06-15 09:41:40,1735.8,169374
2021-06-15 09:41:41,1735.8,169375
2021-06-15 09:41:42,1735.15,169376
2021-06-15 09:41:43,1735.15,169376
2021-06-15 09:41:44,1735.15,169376
2021-06-15 09:41:45,1735.1,169437
2021-06-15 09:41:47,1735.9,169487
2021-06-15 09:41:48,1735.9,169487
2021-06-15 09:41:49,1735.9,169487
2021-06-15 09:41:50,1735.15,169525
2021-06-15 09:41:52,1735.55,169529
2021-06-15 09:41:52,1735.55,169529
2021-06-15 09:41:54,1735.15,169603
2021-06-15 09:41:55,1735.15,169603
2021-06-15 09:41:56,1735.15,169603
2021-06-15 09:41:57,1735.2,169653
2021-06-15 09:41:59,1735.2,169683
2021-06-15 09:42:00,1735.85,169684
2021-06-15 09:42:01,1735.85,169684
2021-06-15 09:42:02,1736.35,170684
2021-06-15 09:42:02,1735.85,170685
2021-06-15 09:42:03,1735.2,170714
2021-06-15 09:42:04,1735.2,170714
2021-06-15 09:42:05,1735.2,170714
2021-06-15 09:42:06,1735.6,170745
2021-06-15 09:42:07,1735.15,170803
2021-06-15 09:42:09,1735.15,171500
2021-06-15 09:42:10,1735.15,171502
2021-06-15 09:42:11,1735.15,171502
2021-06-15 09:42:12,1735.15,171502
2021-06-15 09:42:13,1735.15,171502
2021-06-15 09:42:14,1735.15,171502
2021-06-15 09:42:15,1735.4,171503
2021-06-15 09:42:16,1735.4,171503
2021-06-15 09:42:17,1735.4,171503
2021-06-15 09:42:18,1735.15,171522
2021-06-15 09:42:19,1735.4,171523
2021-06-15 09:42:20,1735.4,171576
2021-06-15 09:42:22,1735.4,171576
2021-06-15 09:42:23,1735.4,171576
2021-06-15 09:42:25,1735.4,171582
2021-06-15 09:42:26,1735.4,171587
2021-06-15 09:42:27,1735.4,171587
2021-06-15 09:42:28,1735.4,171587
2021-06-15 09:42:29,1735.15,171588
2021-06-15 09:42:30,1735.15,171593
2021-06-15 09:42:31,1735.4,171594
2021-06-15 09:42:32,1735.4,171594
2021-06-15 09:42:33,1735.4,171594
2021-06-15 09:42:34,1735.4,171594
2021-06-15 09:42:38,1735.5,171687
2021-06-15 09:42:39,1735.4,171688
2021-06-15 09:42:40,1735.4,171688
2021-06-15 09:42:41,1735.4,171689
2021-06-15 09:42:43,1735.4,171690
2021-06-15 09:42:44,1735.15,171697
2021-06-15 09:42:45,1735.3,171970
2021-06-15 09:42:46,1735.3,171970
2021-06-15 09:42:47,1735.3,171970
2021-06-15 09:42:48,1735.55,171971
2021-06-15 09:42:49,1735.55,171971
2021-06-15 09:42:50,1735.15,172009
2021-06-15 09:42:51,1735.2,172046
2021-06-15 09:42:52,1735.2,172046
2021-06-15 09:42:53,1735.2,172046
2021-06-15 09:42:53,1735.2,172046
2021-06-15 09:42:55,1735.2,172048
2021-06-15 09:42:55,1735.15,172058
2021-06-15 09:42:56,1735.15,172058
2021-06-15 09:42:58,1735.2,172059
2021-06-15 09:42:58,1735.2,172059
2021-06-15 09:42:59,1735.2,172059
2021-06-15 09:43:01,1735.2,172085
2021-06-15 09:43:02,1735.2,172085
2021-06-15 09:43:03,1735.2,172085
2021-06-15 09:43:04,1735.2,172085
2021-06-15 09:43:05,1735.15,172127
2021-06-15 09:43:06,1735.15,172324
2021-06-15 09:43:07,1735.15,172325
2021-06-15 09:43:09,1735.15,172387
2021-06-15 09:43:10,1735.15,172387
2021-06-15 09:43:11,1735.15,172387
2021-06-15 09:43:12,1735.15,172842
2021-06-15 09:43:12,1735.05,172988
2021-06-15 09:43:13,1735.05,172990
2021-06-15 09:43:14,1735.05,172990
2021-06-15 09:43:15,1735.05,172990
2021-06-15 09:43:16,1735.0,173516
2021-06-15 09:43:17,1735.05,173521
2021-06-15 09:43:19,1735.05,173521
2021-06-15 09:43:20,1734.85,173559
2021-06-15 09:43:21,1735.0,173593
2021-06-15 09:43:22,1735.0,173600
2021-06-15 09:43:23,1735.0,173600
2021-06-15 09:43:24,1735.0,173600
2021-06-15 09:43:25,1735.0,173600
2021-06-15 09:43:27,1735.0,173601
2021-06-15 09:43:28,1734.85,173604
2021-06-15 09:43:29,1735.0,173624
2021-06-15 09:43:31,1735.0,173624
2021-06-15 09:43:31,1734.85,173768
2021-06-15 09:43:33,1734.85,173768
2021-06-15 09:43:33,1734.85,173768
2021-06-15 09:43:35,1735.0,173807
2021-06-15 09:43:35,1735.0,173807
2021-06-15 09:43:37,1734.85,173824
2021-06-15 09:43:38,1734.25,173827
2021-06-15 09:43:39,1734.45,173850
2021-06-15 09:43:40,1734.45,173865
2021-06-15 09:43:42,1734.45,173865
2021-06-15 09:43:43,1734.45,173865
2021-06-15 09:43:44,1734.45,173865
2021-06-15 09:43:45,1734.45,173867
2021-06-15 09:43:47,1734.25,173922
2021-06-15 09:43:48,1734.35,174307
2021-06-15 09:43:48,1734.0,174263
2021-06-15 09:43:49,1734.0,174407
2021-06-15 09:43:51,1734.35,174442
2021-06-15 09:43:52,1734.35,174442
2021-06-15 09:43:53,1733.95,174470
2021-06-15 09:43:54,1734.35,174471
2021-06-15 09:43:55,1734.35,174471
2021-06-15 09:43:55,1734.35,174471
2021-06-15 09:43:56,1734.35,174471
2021-06-15 09:43:57,1734.35,174471
2021-06-15 09:43:58,1734.35,174507
2021-06-15 09:43:59,1734.35,174507
2021-06-15 09:44:01,1734.35,174507
2021-06-15 09:44:02,1734.35,174507
2021-06-15 09:44:03,1734.35,174507
2021-06-15 09:44:04,1734.35,174571
2021-06-15 09:44:05,1734.0,174609
2021-06-15 09:44:06,1734.0,174609
2021-06-15 09:44:07,1734.0,174609
2021-06-15 09:44:08,1734.0,174609
2021-06-15 09:44:11,1734.35,174614
2021-06-15 09:44:12,1734.35,174614
2021-06-15 09:44:13,1734.35,174615
2021-06-15 09:44:14,1734.35,174615
2021-06-15 09:44:15,1734.05,174655
2021-06-15 09:44:17,1734.05,174655
2021-06-15 09:44:18,1734.05,174655
2021-06-15 09:44:19,1734.05,174655
2021-06-15 09:44:20,1734.05,174694
2021-06-15 09:44:21,1734.05,174694
2021-06-15 09:44:22,1734.05,174694
2021-06-15 09:44:23,1734.35,174732
2021-06-15 09:44:24,1734.35,174732
2021-06-15 09:44:25,1734.35,174732
2021-06-15 09:44:26,1734.35,174732
2021-06-15 09:44:27,1734.35,174732
2021-06-15 09:44:28,1734.35,174732
2021-06-15 09:44:29,1734.35,174732
2021-06-15 09:44:30,1735.4,174783
2021-06-15 09:44:31,1735.4,174783
2021-06-15 09:44:32,1735.3,174784
2021-06-15 09:44:33,1734.05,175010
2021-06-15 09:44:34,1735.25,175927
2021-06-15 09:44:35,1735.25,175927
2021-06-15 09:44:35,1735.25,175927
2021-06-15 09:44:36,1734.3,176031
2021-06-15 09:44:38,1734.3,176031
2021-06-15 09:44:39,1735.1,176039
2021-06-15 09:44:41,1735.1,176039
2021-06-15 09:44:42,1735.1,176044
2021-06-15 09:44:43,1734.4,176149
2021-06-15 09:44:44,1734.8,176150
2021-06-15 09:44:45,1734.8,176150
2021-06-15 09:44:46,1734.8,176150
2021-06-15 09:44:47,1734.8,176150
2021-06-15 09:44:48,1734.8,176150
2021-06-15 09:44:49,1735.1,176151
2021-06-15 09:44:50,1735.1,176212
2021-06-15 09:44:51,1735.3,176213
2021-06-15 09:44:52,1735.3,176213
2021-06-15 09:44:53,1735.3,176313
2021-06-15 09:44:55,1735.5,176570
2021-06-15 09:44:56,1735.5,176570
2021-06-15 09:44:57,1735.5,176572
2021-06-15 09:44:58,1735.5,176572
2021-06-15 09:44:59,1735.5,176572
2021-06-15 09:45:00,1735.55,176609
2021-06-15 09:45:00,1735.55,176609
2021-06-15 09:45:01,1735.55,176609
2021-06-15 09:45:02,1735.55,176609
2021-06-15 09:45:04,1735.55,176609
2021-06-15 09:45:06,1735.4,176661
2021-06-15 09:45:07,1735.65,176701
2021-06-15 09:45:08,1735.65,176701
2021-06-15 09:45:09,1735.4,176726
2021-06-15 09:45:11,1735.4,176729
2021-06-15 09:45:12,1735.4,176740
2021-06-15 09:45:13,1735.65,176750
2021-06-15 09:45:14,1735.75,176960
2021-06-15 09:45:15,1735.1,177335
2021-06-15 09:45:16,1735.3,177441
2021-06-15 09:45:17,1735.3,177441
2021-06-15 09:45:18,1735.3,177441
2021-06-15 09:45:19,1735.55,177542
2021-06-15 09:45:20,1735.4,177589
2021-06-15 09:45:21,1735.65,177629
2021-06-15 09:45:22,1735.65,177629
2021-06-15 09:45:25,1735.8,178261
2021-06-15 09:45:26,1735.8,178261
2021-06-15 09:45:27,1735.4,178281
2021-06-15 09:45:28,1735.4,178289
2021-06-15 09:45:29,1735.75,178290
2021-06-15 09:45:30,1735.75,178326
2021-06-15 09:45:31,1735.4,178337
2021-06-15 09:45:32,1735.4,178337
2021-06-15 09:45:33,1735.4,178337
2021-06-15 09:45:34,1735.4,178357
2021-06-15 09:45:34,1735.4,178357
2021-06-15 09:45:35,1735.0,179463
2021-06-15 09:45:37,1735.0,179463
2021-06-15 09:45:39,1735.0,179473
2021-06-15 09:45:40,1735.0,179473
2021-06-15 09:45:41,1735.1,179476
2021-06-15 09:45:41,1734.8,179508
2021-06-15 09:45:43,1734.8,179508
2021-06-15 09:45:45,1735.1,179520
2021-06-15 09:45:46,1734.8,179545
2021-06-15 09:45:47,1734.8,179545
2021-06-15 09:45:48,1734.8,179547
2021-06-15 09:45:49,1735.1,179597
2021-06-15 09:45:50,1734.8,179608
2021-06-15 09:45:51,1734.8,179608
2021-06-15 09:45:52,1734.8,179608
2021-06-15 09:45:53,1734.8,179608
2021-06-15 09:45:53,1734.8,179608
2021-06-15 09:45:55,1734.8,179620
2021-06-15 09:45:56,1734.8,179620
2021-06-15 09:45:57,1734.35,179695
2021-06-15 09:45:58,1734.35,179695
2021-06-15 09:46:00,1734.35,179695
2021-06-15 09:46:01,1734.8,179729
2021-06-15 09:46:02,1734.8,179734
2021-06-15 09:46:03,1734.8,179748
2021-06-15 09:46:04,1734.8,179787
2021-06-15 09:46:05,1734.8,179839
2021-06-15 09:46:06,1734.3,179862
2021-06-15 09:46:07,1734.3,179862
2021-06-15 09:46:08,1734.3,179862
2021-06-15 09:46:09,1734.8,179863
2021-06-15 09:46:10,1734.8,179863
2021-06-15 09:46:11,1734.8,179896
2021-06-15 09:46:12,1734.8,179896
2021-06-15 09:46:13,1734.35,179903
2021-06-15 09:46:14,1734.35,179929
2021-06-15 09:46:15,1734.35,179929
2021-06-15 09:46:16,1734.3,180036
2021-06-15 09:46:18,1734.3,180036
2021-06-15 09:46:19,1734.0,180205
2021-06-15 09:46:20,1734.0,180243
2021-06-15 09:46:21,1734.0,180243
2021-06-15 09:46:22,1734.0,180243
2021-06-15 09:46:23,1734.65,180283
2021-06-15 09:46:24,1734.65,180283
2021-06-15 09:46:25,1734.65,180283
2021-06-15 09:46:26,1734.65,180359
2021-06-15 09:46:27,1734.05,180369
2021-06-15 09:46:28,1734.05,180369
2021-06-15 09:46:29,1734.05,180369
2021-06-15 09:46:30,1734.05,180369
2021-06-15 09:46:31,1734.05,180394
2021-06-15 09:46:32,1734.05,180395
2021-06-15 09:46:33,1734.05,180395
2021-06-15 09:46:34,1734.05,180395
2021-06-15 09:46:35,1734.0,180497
2021-06-15 09:46:36,1734.0,180497
2021-06-15 09:46:37,1734.0,180530
2021-06-15 09:46:38,1734.0,180530
2021-06-15 09:46:39,1734.0,180530
2021-06-15 09:46:40,1734.0,180530
2021-06-15 09:46:41,1734.6,180533
2021-06-15 09:46:42,1734.6,180534
2021-06-15 09:46:43,1734.0,180539
2021-06-15 09:46:45,1734.0,180539
2021-06-15 09:46:44,1734.0,180539
2021-06-15 09:46:46,1734.45,180542
2021-06-15 09:46:47,1733.95,181075
2021-06-15 09:46:48,1733.95,181107
2021-06-15 09:46:49,1733.95,181107
2021-06-15 09:46:50,1734.05,181117
2021-06-15 09:46:51,1734.05,181117
2021-06-15 09:46:52,1734.0,181127
2021-06-15 09:46:53,1734.05,181160
2021-06-15 09:46:54,1734.05,181178
2021-06-15 09:46:55,1734.05,181178
2021-06-15 09:46:56,1734.0,181232
2021-06-15 09:46:58,1734.05,181288
2021-06-15 09:46:59,1734.05,181291
2021-06-15 09:47:00,1734.05,181301
2021-06-15 09:47:01,1734.0,181770
2021-06-15 09:47:02,1734.0,181770
2021-06-15 09:47:03,1734.0,181815
2021-06-15 09:47:04,1734.25,181821
2021-06-15 09:47:05,1734.25,181821
2021-06-15 09:47:06,1734.0,181855
2021-06-15 09:47:07,1734.0,181855
2021-06-15 09:47:09,1734.25,181856
2021-06-15 09:47:10,1734.25,181858
2021-06-15 09:47:11,1734.05,181861
2021-06-15 09:47:12,1734.45,181961
2021-06-15 09:47:14,1734.45,181961
2021-06-15 09:47:15,1734.45,181967
2021-06-15 09:47:16,1734.8,182167
2021-06-15 09:47:17,1734.8,182167
2021-06-15 09:47:18,1734.65,182169
2021-06-15 09:47:19,1734.65,182357
2021-06-15 09:47:20,1734.65,182357
2021-06-15 09:47:21,1734.6,182400
2021-06-15 09:47:22,1734.55,182402
2021-06-15 09:47:23,1734.55,182402
2021-06-15 09:47:24,1734.55,182402
2021-06-15 09:47:25,1734.0,182711
2021-06-15 09:47:26,1734.0,182711
2021-06-15 09:47:27,1734.0,182711
2021-06-15 09:47:28,1734.0,182711
2021-06-15 09:47:29,1734.0,182711
2021-06-15 09:47:30,1734.75,182761
2021-06-15 09:47:31,1734.25,182771
2021-06-15 09:47:32,1734.25,182771
2021-06-15 09:47:33,1734.25,182791
2021-06-15 09:47:39,1734.8,183747
2021-06-15 09:47:44,1735.0,183752
2021-06-15 09:47:49,1735.0,183858
2021-06-15 09:47:54,1735.0,183995
2021-06-15 09:47:58,1735.5,184021
2021-06-15 09:48:08,1735.85,184090
2021-06-15 09:48:13,1736.0,184478
2021-06-15 09:48:17,1736.0,184482
2021-06-15 09:48:22,1736.5,185786
2021-06-15 09:48:27,1736.7,186558
2021-06-15 09:48:32,1736.3,186988
2021-06-15 09:48:37,1736.15,187080
2021-06-15 09:48:42,1736.05,187319
2021-06-15 09:48:48,1736.3,187379
2021-06-15 09:48:53,1736.3,187483
2021-06-15 09:48:57,1735.95,187657
2021-06-15 09:49:02,1735.95,187673
2021-06-15 09:49:07,1735.5,187895
2021-06-15 09:49:12,1736.2,189171
2021-06-15 09:49:17,1736.35,189507
2021-06-15 09:49:22,1736.35,189507
2021-06-15 09:49:27,1737.0,189543
2021-06-15 09:49:32,1737.0,189543
2021-06-15 09:49:37,1736.1,189640
2021-06-15 09:49:42,1736.35,189716
2021-06-15 09:49:47,1736.2,189929
2021-06-15 09:49:51,1736.1,190091
2021-06-15 09:49:56,1736.2,190118
2021-06-15 09:50:01,1736.7,190158
2021-06-15 09:50:06,1736.85,190214
2021-06-15 09:50:10,1736.25,190314
2021-06-15 09:50:15,1737.0,190414
2021-06-15 09:50:19,1736.95,190510
2021-06-15 09:50:24,1737.0,191074
2021-06-15 09:50:29,1737.0,191086
2021-06-15 09:50:34,1737.0,191154
2021-06-15 09:50:39,1737.0,191194
2021-06-15 09:50:48,1736.6,191364
2021-06-15 09:50:52,1736.2,191465
2021-06-15 09:50:57,1736.5,191504
2021-06-15 09:51:01,1736.5,191504
2021-06-15 09:51:06,1735.9,191715
2021-06-15 09:51:10,1735.85,191780
2021-06-15 09:51:15,1735.85,191844
2021-06-15 09:51:20,1735.85,191881
2021-06-15 09:51:24,1736.3,192047
2021-06-15 09:51:29,1735.5,192090
2021-06-15 09:51:34,1735.85,192151
2021-06-15 09:51:39,1735.15,192232
2021-06-15 09:51:44,1735.1,192345
2021-06-15 09:51:49,1735.7,192410
2021-06-15 09:51:54,1735.1,192423
2021-06-15 09:51:59,1735.65,192477
2021-06-15 09:52:04,1735.5,192548
2021-06-15 09:52:09,1735.5,192609
2021-06-15 09:52:13,1735.15,192619
2021-06-15 09:52:18,1735.1,192696
2021-06-15 09:52:23,1735.1,192805
2021-06-15 09:52:28,1735.45,193209
2021-06-15 09:52:33,1735.45,193302
2021-06-15 09:52:35,1734.25,194592
2021-06-15 09:52:35,1734.25,194611
2021-06-15 09:52:36,1734.25,194611
2021-06-15 09:52:37,1734.1,194636
2021-06-15 09:52:38,1734.1,194676
2021-06-15 09:52:39,1734.05,194695
2021-06-15 09:52:40,1734.05,194695
2021-06-15 09:52:41,1733.05,195798
2021-06-15 09:52:42,1733.0,196862
2021-06-15 09:52:43,1731.75,198213
2021-06-15 09:52:45,1732.55,198491
2021-06-15 09:52:46,1732.45,198532
2021-06-15 09:52:47,1732.4,199277
2021-06-15 09:52:48,1731.8,199481
2021-06-15 09:52:49,1731.75,199561
2021-06-15 09:52:50,1731.7,199597
2021-06-15 09:52:50,1731.55,199602
2021-06-15 09:52:51,1732.4,199603
2021-06-15 09:52:52,1731.6,199613
2021-06-15 09:52:53,1731.55,199615
2021-06-15 09:52:54,1732.25,199646
2021-06-15 09:52:55,1731.35,199659
2021-06-15 09:52:56,1732.25,199671
2021-06-15 09:52:57,1731.5,199674
2021-06-15 09:52:58,1731.45,199770
2021-06-15 09:52:59,1731.05,200109
2021-06-15 09:53:00,1731.05,200976
2021-06-15 09:53:01,1730.1,201306
2021-06-15 09:53:02,1730.7,201513
2021-06-15 09:53:03,1730.35,201556
2021-06-15 09:53:05,1730.6,201664
2021-06-15 09:53:06,1730.35,201665
2021-06-15 09:53:07,1730.3,201667
2021-06-15 09:53:08,1730.9,201756
2021-06-15 09:53:09,1730.9,201771
2021-06-15 09:53:09,1731.45,201781
2021-06-15 09:53:10,1730.85,201783
2021-06-15 09:53:11,1730.85,201783
2021-06-15 09:53:13,1731.55,201817
2021-06-15 09:53:14,1731.05,201855
2021-06-15 09:53:15,1730.95,201862
2021-06-15 09:53:16,1731.55,201867
2021-06-15 09:53:18,1730.65,202562
2021-06-15 09:53:19,1730.35,202599
2021-06-15 09:53:20,1730.4,202745
2021-06-15 09:53:21,1731.2,202800
2021-06-15 09:53:22,1731.05,202825
2021-06-15 09:53:22,1730.65,202830
2021-06-15 09:53:23,1731.05,202835
2021-06-15 09:53:25,1731.05,202837
2021-06-15 09:53:26,1730.7,202974
2021-06-15 09:53:26,1730.7,203004
2021-06-15 09:53:27,1731.0,203013
2021-06-15 09:53:28,1731.05,203020
2021-06-15 09:53:29,1731.05,203021
2021-06-15 09:53:30,1731.25,203037
2021-06-15 09:53:31,1731.25,203054
2021-06-15 09:53:32,1731.5,203093
2021-06-15 09:53:33,1731.05,203201
2021-06-15 09:53:34,1731.5,203224
2021-06-15 09:53:35,1730.75,203312
2021-06-15 09:53:36,1730.75,203331
2021-06-15 09:53:37,1730.75,203331
2021-06-15 09:53:38,1731.9,203351
2021-06-15 09:53:40,1731.5,203626
2021-06-15 09:53:41,1730.4,204631
2021-06-15 09:53:42,1730.4,204736
2021-06-15 09:53:43,1731.0,204853
2021-06-15 09:53:44,1730.4,204976
2021-06-15 09:53:45,1730.4,205091
2021-06-15 09:53:45,1730.35,205116
2021-06-15 09:53:47,1731.4,205183
2021-06-15 09:53:47,1730.55,205198
2021-06-15 09:53:48,1731.0,205199
2021-06-15 09:53:49,1730.55,205212
2021-06-15 09:53:50,1730.75,205274
2021-06-15 09:53:51,1731.8,205318
2021-06-15 09:53:52,1730.9,205325
2021-06-15 09:53:53,1730.9,205325
2021-06-15 09:53:54,1730.9,205325
2021-06-15 09:53:55,1731.8,205355
2021-06-15 09:53:57,1731.15,205735
2021-06-15 09:53:58,1731.65,205816
2021-06-15 09:53:59,1731.65,205836
2021-06-15 09:54:00,1731.65,205841
2021-06-15 09:54:01,1731.65,205841
2021-06-15 09:54:02,1731.8,205883
2021-06-15 09:54:02,1731.35,205881
2021-06-15 09:54:03,1732.05,205913
2021-06-15 09:54:04,1731.4,205918
2021-06-15 09:54:05,1731.3,205956
2021-06-15 09:54:06,1731.3,205964
2021-06-15 09:54:07,1731.3,205964
2021-06-15 09:54:08,1732.1,205975
2021-06-15 09:54:09,1732.0,205981
2021-06-15 09:54:10,1732.0,206015
2021-06-15 09:54:12,1731.35,206024
2021-06-15 09:54:13,1731.35,206024
2021-06-15 09:54:14,1731.35,206024
2021-06-15 09:54:15,1731.4,206039
2021-06-15 09:54:16,1731.5,206042
2021-06-15 09:54:17,1731.5,206042
2021-06-15 09:54:18,1731.5,206103
2021-06-15 09:54:19,1731.5,206116
2021-06-15 09:54:19,1731.5,206116
2021-06-15 09:54:20,1731.5,206149
2021-06-15 09:54:21,1731.1,206162
2021-06-15 09:54:22,1731.05,206164
2021-06-15 09:54:23,1731.5,206174
2021-06-15 09:54:24,1731.5,206190
2021-06-15 09:54:25,1731.5,206203
2021-06-15 09:54:26,1731.5,206210
2021-06-15 09:54:27,1731.1,206255
2021-06-15 09:54:29,1731.0,206570
2021-06-15 09:54:30,1730.4,206631
2021-06-15 09:54:31,1730.4,206644
2021-06-15 09:54:32,1730.55,206758
2021-06-15 09:54:33,1730.4,206798
2021-06-15 09:54:34,1731.0,206904
2021-06-15 09:54:35,1730.35,206926
2021-06-15 09:54:36,1730.9,206970
2021-06-15 09:54:37,1730.4,206988
2021-06-15 09:54:38,1730.35,206990
2021-06-15 09:54:40,1730.35,207051
2021-06-15 09:54:41,1730.35,207051
2021-06-15 09:54:42,1730.95,207052
2021-06-15 09:54:44,1730.95,207052
2021-06-15 09:54:45,1730.95,207064
2021-06-15 09:54:45,1731.0,207063
2021-06-15 09:54:46,1730.9,207065
2021-06-15 09:54:47,1730.9,207065
2021-06-15 09:54:48,1730.55,207109
2021-06-15 09:54:49,1731.55,207519
2021-06-15 09:54:51,1731.45,207612
2021-06-15 09:54:51,1730.6,207613
2021-06-15 09:54:52,1730.6,207613
2021-06-15 09:54:53,1731.0,207617
2021-06-15 09:54:54,1730.55,207662
2021-06-15 09:54:56,1730.5,207688
2021-06-15 09:54:57,1730.5,207693
2021-06-15 09:54:58,1730.5,207703
2021-06-15 09:54:58,1730.5,207705
2021-06-15 09:54:59,1731.2,207715
2021-06-15 09:55:00,1730.5,207718
2021-06-15 09:55:01,1730.35,207868
2021-06-15 09:55:03,1730.5,207882
2021-06-15 09:55:04,1730.5,207925
2021-06-15 09:55:05,1730.5,207968
2021-06-15 09:55:06,1731.15,207977
2021-06-15 09:55:07,1731.5,208106
2021-06-15 09:55:08,1730.65,208151
2021-06-15 09:55:10,1731.5,208156
2021-06-15 09:55:10,1731.2,208157
2021-06-15 09:55:11,1731.2,208157
2021-06-15 09:55:13,1730.85,208163
2021-06-15 09:55:15,1730.85,208163
2021-06-15 09:55:16,1730.85,208163
2021-06-15 09:55:17,1730.85,208163
2021-06-15 09:55:19,1730.85,208210
2021-06-15 09:55:20,1730.85,208236
2021-06-15 09:55:22,1731.55,208267
2021-06-15 09:55:23,1731.0,208275
2021-06-15 09:55:24,1730.9,208276
2021-06-15 09:55:25,1730.9,208276
2021-06-15 09:55:26,1731.55,208429
2021-06-15 09:55:27,1731.75,208513
2021-06-15 09:55:27,1730.9,208463
2021-06-15 09:55:28,1731.0,208524
2021-06-15 09:55:29,1731.75,208525
2021-06-15 09:55:31,1731.75,208551
2021-06-15 09:55:32,1731.75,208562
2021-06-15 09:55:33,1731.75,208618
2021-06-15 09:55:34,1731.0,208630
2021-06-15 09:55:35,1731.0,208635
2021-06-15 09:55:36,1730.95,208636
2021-06-15 09:55:37,1730.95,208636
2021-06-15 09:55:38,1730.85,208669
2021-06-15 09:55:38,1731.0,208679
2021-06-15 09:55:40,1731.0,208710
2021-06-15 09:55:41,1731.0,208741
2021-06-15 09:55:42,1731.0,208762
2021-06-15 09:55:43,1731.0,208765
2021-06-15 09:55:43,1731.55,208768
2021-06-15 09:55:45,1730.85,208880
2021-06-15 09:55:46,1730.85,208904
2021-06-15 09:55:47,1730.85,208904
2021-06-15 09:55:48,1730.85,208904
2021-06-15 09:55:50,1730.85,208942
2021-06-15 09:55:51,1730.85,208951
2021-06-15 09:55:52,1730.85,208951
2021-06-15 09:55:53,1730.85,208951
2021-06-15 09:55:54,1730.85,208951
2021-06-15 09:55:54,1731.4,208961
2021-06-15 09:55:55,1730.9,208963
2021-06-15 09:55:56,1731.35,208967
2021-06-15 09:55:58,1731.35,208969
2021-06-15 09:55:59,1730.85,208991
2021-06-15 09:56:00,1730.85,208996
2021-06-15 09:56:02,1730.9,209113
2021-06-15 09:56:03,1730.5,209138
2021-06-15 09:56:04,1730.5,209138
2021-06-15 09:56:06,1730.95,209286
2021-06-15 09:56:08,1730.5,209294
2021-06-15 09:56:09,1730.5,209294
2021-06-15 09:56:10,1730.5,209294
2021-06-15 09:56:10,1730.5,209294
2021-06-15 09:56:11,1730.95,209304
2021-06-15 09:56:13,1730.9,209307
2021-06-15 09:56:14,1730.9,209316
2021-06-15 09:56:16,1730.95,209334
2021-06-15 09:56:17,1730.9,209367
2021-06-15 09:56:18,1730.9,209400
2021-06-15 09:56:19,1730.9,209426
2021-06-15 09:56:19,1730.8,209705
2021-06-15 09:56:20,1730.5,209803
2021-06-15 09:56:21,1730.8,209813
2021-06-15 09:56:22,1730.8,209813
2021-06-15 09:56:23,1730.9,210102
2021-06-15 09:56:25,1730.95,210185
2021-06-15 09:56:26,1730.8,210190
2021-06-15 09:56:27,1730.8,210200
2021-06-15 09:56:27,1730.9,210202
2021-06-15 09:56:28,1731.55,210204
2021-06-15 09:56:30,1732.05,210269
2021-06-15 09:56:31,1731.0,210283
2021-06-15 09:56:32,1731.0,210283
2021-06-15 09:56:32,1730.9,210293
2021-06-15 09:56:34,1730.95,210296
2021-06-15 09:56:35,1730.95,210334
2021-06-15 09:56:36,1730.95,210342
2021-06-15 09:56:37,1730.95,210342
2021-06-15 09:56:38,1730.95,210342
2021-06-15 09:56:39,1731.85,210392
2021-06-15 09:56:40,1731.9,210410
2021-06-15 09:56:41,1731.1,210412
2021-06-15 09:56:42,1731.1,210412
2021-06-15 09:56:43,1731.1,210412
2021-06-15 09:56:44,1730.95,211828
2021-06-15 09:56:45,1730.85,211988
2021-06-15 09:56:46,1730.55,212001
2021-06-15 09:56:47,1730.55,212144
2021-06-15 09:56:48,1730.5,212393
2021-06-15 09:56:49,1730.5,212394
2021-06-15 09:56:50,1730.6,212452
2021-06-15 09:56:51,1731.0,212879
2021-06-15 09:56:52,1731.25,212986
2021-06-15 09:56:53,1731.0,213018
2021-06-15 09:56:54,1731.0,213024
2021-06-15 09:56:55,1731.0,213024
2021-06-15 09:56:56,1731.3,213037
2021-06-15 09:56:57,1731.0,213040
2021-06-15 09:56:58,1731.0,213040
2021-06-15 09:56:58,1731.0,213040
2021-06-15 09:57:00,1731.0,213040
2021-06-15 09:57:01,1731.0,213040
2021-06-15 09:57:02,1731.0,213040
2021-06-15 09:57:03,1731.55,213055
2021-06-15 09:57:04,1731.55,213058
2021-06-15 09:57:06,1731.55,213116
2021-06-15 09:57:07,1731.9,213131
2021-06-15 09:57:08,1731.9,213140
2021-06-15 09:57:09,1731.6,213141
2021-06-15 09:57:10,1731.6,213141
2021-06-15 09:57:11,1731.6,213141
2021-06-15 09:57:12,1732.0,213192
2021-06-15 09:57:13,1731.8,213194
2021-06-15 09:57:14,1731.6,213203
2021-06-15 09:57:15,1731.6,213203
2021-06-15 09:57:16,1731.6,213203
2021-06-15 09:57:17,1731.6,213203
2021-06-15 09:57:18,1731.6,213203
2021-06-15 09:57:19,1731.6,213203
2021-06-15 09:57:20,1731.75,213251
2021-06-15 09:57:21,1731.6,213262
2021-06-15 09:57:24,1731.6,213269
2021-06-15 09:57:26,1731.75,213306
2021-06-15 09:57:28,1731.55,213318
2021-06-15 09:57:27,1731.75,213308
2021-06-15 09:57:29,1731.55,213328
2021-06-15 09:57:30,1731.55,213330
2021-06-15 09:57:31,1731.55,213332
2021-06-15 09:57:32,1731.55,213332
2021-06-15 09:57:33,1732.0,213405
2021-06-15 09:57:34,1731.75,213431
2021-06-15 09:57:35,1731.5,213633
2021-06-15 09:57:36,1731.75,213693
2021-06-15 09:57:37,1731.6,213731
2021-06-15 09:57:38,1731.6,213738
2021-06-15 09:57:39,1732.0,213850
2021-06-15 09:57:40,1732.0,213879
2021-06-15 09:57:42,1732.0,213881
2021-06-15 09:57:43,1731.95,213893
2021-06-15 09:57:44,1731.6,213896
2021-06-15 09:57:45,1731.6,213896
2021-06-15 09:57:47,1731.95,213928
2021-06-15 09:57:48,1731.6,213931
2021-06-15 09:57:49,1731.6,213931
2021-06-15 09:57:50,1731.95,213970
2021-06-15 09:57:51,1731.95,213987
2021-06-15 09:57:52,1731.75,213988
2021-06-15 09:57:53,1732.0,214051
2021-06-15 09:57:54,1732.4,214093
2021-06-15 09:57:55,1732.0,214139
2021-06-15 09:57:56,1732.0,214149
2021-06-15 09:57:57,1732.0,214149
2021-06-15 09:57:58,1732.0,214149
2021-06-15 09:58:00,1732.0,214205
2021-06-15 09:57:59,1732.4,214195
2021-06-15 09:58:01,1732.4,214210
2021-06-15 09:58:02,1732.0,214212
2021-06-15 09:58:04,1732.0,214212
2021-06-15 09:58:05,1732.4,214251
2021-06-15 09:58:06,1732.4,214269
2021-06-15 09:58:07,1732.4,214283
2021-06-15 09:58:08,1732.0,214286
2021-06-15 09:58:09,1732.4,214287
2021-06-15 09:58:10,1732.85,214433
2021-06-15 09:58:11,1732.85,214511
2021-06-15 09:58:12,1732.75,214529
2021-06-15 09:58:13,1732.05,214539
2021-06-15 09:58:14,1732.75,214547
2021-06-15 09:58:15,1732.4,214573
2021-06-15 09:58:17,1732.8,215034
2021-06-15 09:58:18,1732.75,215036
2021-06-15 09:58:19,1733.25,215096
2021-06-15 09:58:20,1732.25,215474
2021-06-15 09:58:21,1732.5,215735
2021-06-15 09:58:22,1732.0,215775
2021-06-15 09:58:23,1732.0,215775
2021-06-15 09:58:24,1732.5,215855
2021-06-15 09:58:25,1732.55,215878
2021-06-15 09:58:26,1732.0,215979
2021-06-15 09:58:27,1732.5,216006
2021-06-15 09:58:28,1732.55,216146
2021-06-15 09:58:29,1732.6,216311
2021-06-15 09:58:30,1732.0,216356
2021-06-15 09:58:31,1732.6,216379
2021-06-15 09:58:32,1732.0,216404
2021-06-15 09:58:33,1732.0,216410
2021-06-15 09:58:34,1732.0,216440
2021-06-15 09:58:35,1732.0,216485
2021-06-15 09:58:36,1732.6,216539
2021-06-15 09:58:37,1732.0,216549
2021-06-15 09:58:38,1732.6,216594
2021-06-15 09:58:39,1732.0,216604
2021-06-15 09:58:40,1732.0,216604
2021-06-15 09:58:41,1732.0,216604
2021-06-15 09:58:42,1732.0,216604
2021-06-15 09:58:43,1732.6,216605
2021-06-15 09:58:44,1732.65,216635
2021-06-15 09:58:45,1732.25,216642
2021-06-15 09:58:46,1732.25,216642
2021-06-15 09:58:47,1732.6,216643
2021-06-15 09:58:48,1732.6,216644
2021-06-15 09:58:49,1732.25,216645
2021-06-15 09:58:50,1732.05,216655
2021-06-15 09:58:51,1733.35,216915
2021-06-15 09:58:52,1733.4,216991
2021-06-15 09:58:53,1732.85,216996
2021-06-15 09:58:54,1733.4,217025
2021-06-15 09:58:55,1733.15,217031
2021-06-15 09:58:56,1733.65,217143
2021-06-15 09:58:57,1733.4,217166
2021-06-15 09:58:59,1733.25,217181
2021-06-15 09:58:58,1733.3,217168
2021-06-15 09:59:00,1733.15,217183
2021-06-15 09:59:01,1733.15,217213
2021-06-15 09:59:02,1732.5,217220
2021-06-15 09:59:03,1732.5,217220
2021-06-15 09:59:04,1732.5,217220
2021-06-15 09:59:05,1732.5,217258
2021-06-15 09:59:06,1733.0,217267
2021-06-15 09:59:08,1732.95,217269
2021-06-15 09:59:07,1732.5,217268
2021-06-15 09:59:09,1733.0,217312
2021-06-15 09:59:10,1732.5,217321
2021-06-15 09:59:11,1732.5,217321
2021-06-15 09:59:12,1732.5,217335
2021-06-15 09:59:13,1732.5,217338
2021-06-15 09:59:14,1732.0,217388
2021-06-15 09:59:15,1732.1,217399
2021-06-15 09:59:16,1732.1,217399
2021-06-15 09:59:17,1732.1,217399
2021-06-15 09:59:18,1732.9,217449
2021-06-15 09:59:19,1732.25,217460
2021-06-15 09:59:20,1732.25,217466
2021-06-15 09:59:21,1733.15,217668
2021-06-15 09:59:22,1733.1,217760
2021-06-15 09:59:23,1732.35,217770
2021-06-15 09:59:24,1733.15,217871
2021-06-15 09:59:26,1732.45,218018
2021-06-15 09:59:26,1733.15,217995
2021-06-15 09:59:27,1733.15,218028
2021-06-15 09:59:28,1732.85,218030
2021-06-15 09:59:29,1732.85,218030
2021-06-15 09:59:30,1732.85,218032
2021-06-15 09:59:31,1732.85,218032
2021-06-15 09:59:32,1733.15,218084
2021-06-15 09:59:33,1732.85,218127
2021-06-15 09:59:34,1732.85,218133
2021-06-15 09:59:36,1733.35,218339
2021-06-15 09:59:37,1732.85,218385
2021-06-15 09:59:37,1733.3,218387
2021-06-15 09:59:38,1732.85,218452
2021-06-15 09:59:39,1732.55,218466
2021-06-15 09:59:40,1733.2,218609
2021-06-15 09:59:41,1732.55,218641
2021-06-15 09:59:43,1733.3,218714
2021-06-15 09:59:44,1733.35,218728
2021-06-15 09:59:45,1732.5,218729
2021-06-15 09:59:46,1732.5,218729
2021-06-15 09:59:48,1733.25,218738
2021-06-15 09:59:48,1732.55,218740
2021-06-15 09:59:50,1732.6,218741
2021-06-15 09:59:50,1732.6,218742
2021-06-15 09:59:52,1733.55,218786
2021-06-15 09:59:53,1733.0,218796
2021-06-15 09:59:53,1733.0,218796
2021-06-15 09:59:54,1733.0,218796
2021-06-15 09:59:56,1733.6,218822
2021-06-15 09:59:57,1733.6,218825
2021-06-15 09:59:58,1733.8,218929
2021-06-15 09:59:59,1733.35,218952
2021-06-15 10:00:00,1733.8,218991
2021-06-15 10:00:01,1733.8,219139
2021-06-15 10:00:03,1733.3,219170
2021-06-15 10:00:04,1733.3,219238
2021-06-15 10:00:04,1733.7,219223
2021-06-15 10:00:05,1733.3,219301
2021-06-15 10:00:07,1733.7,219415
2021-06-15 10:00:07,1733.3,219437
2021-06-15 10:00:08,1733.7,219564
2021-06-15 10:00:09,1733.7,219622
2021-06-15 10:00:10,1733.3,219629
2021-06-15 10:00:11,1733.3,219644
2021-06-15 10:00:12,1733.3,219697
2021-06-15 10:00:13,1733.3,219708
2021-06-15 10:00:14,1733.65,219720
2021-06-15 10:00:15,1733.65,219738
2021-06-15 10:00:16,1733.6,219751
2021-06-15 10:00:17,1733.3,219778
2021-06-15 10:00:18,1733.6,219793
2021-06-15 10:00:19,1733.3,219796
2021-06-15 10:00:20,1733.3,219834
2021-06-15 10:00:22,1733.3,219910
2021-06-15 10:00:23,1733.3,219930
2021-06-15 10:00:24,1733.3,219938
2021-06-15 10:00:27,1733.65,219958
2021-06-15 10:00:28,1733.2,219962
2021-06-15 10:00:30,1733.2,219969
2021-06-15 10:00:32,1733.2,219969
2021-06-15 10:00:33,1733.2,219969
2021-06-15 10:00:34,1733.2,219969
2021-06-15 10:00:34,1733.2,219969
2021-06-15 10:00:35,1733.2,220007
2021-06-15 10:00:36,1733.2,220015
2021-06-15 10:00:37,1733.2,220040
2021-06-15 10:00:38,1733.25,220059
2021-06-15 10:00:39,1733.2,220062
2021-06-15 10:00:40,1733.25,220091
2021-06-15 10:00:41,1733.65,220098
2021-06-15 10:00:42,1733.65,220098
2021-06-15 10:00:43,1733.65,220140
2021-06-15 10:00:44,1733.25,220149
2021-06-15 10:00:45,1733.65,220199
2021-06-15 10:00:46,1733.65,220220
2021-06-15 10:00:47,1733.65,220249
2021-06-15 10:00:48,1733.25,220254
2021-06-15 10:00:50,1733.25,220319
2021-06-15 10:00:50,1733.25,220333
2021-06-15 10:00:51,1733.25,220333
2021-06-15 10:00:52,1733.65,220345
2021-06-15 10:00:53,1733.65,220373
2021-06-15 10:00:55,1733.9,220789
2021-06-15 10:00:55,1733.2,221106
2021-06-15 10:00:56,1733.2,221155
2021-06-15 10:00:59,1733.5,221204
2021-06-15 10:00:59,1732.2,222380
2021-06-15 10:01:00,1731.5,222912
2021-06-15 10:01:02,1731.95,223390
2021-06-15 10:01:03,1731.15,223409
2021-06-15 10:01:04,1731.95,223460
2021-06-15 10:01:07,1731.15,223488
2021-06-15 10:01:08,1731.15,223488
2021-06-15 10:01:09,1731.9,223501
2021-06-15 10:01:10,1731.2,223504
2021-06-15 10:01:12,1731.9,223507
2021-06-15 10:01:12,1731.3,223518
2021-06-15 10:01:13,1732.4,223798
2021-06-15 10:01:14,1733.15,223854
2021-06-15 10:01:15,1732.85,223859
2021-06-15 10:01:16,1732.7,223875
2021-06-15 10:01:17,1732.4,223979
2021-06-15 10:01:19,1733.0,224061
2021-06-15 10:01:18,1732.55,224011
2021-06-15 10:01:21,1732.75,224071
2021-06-15 10:01:22,1732.75,224075
2021-06-15 10:01:24,1733.5,224191
2021-06-15 10:01:25,1733.5,224191
2021-06-15 10:01:26,1733.7,224198
2021-06-15 10:01:27,1732.95,224255
2021-06-15 10:01:28,1732.7,224368
2021-06-15 10:01:29,1732.8,224420
2021-06-15 10:01:30,1733.5,224486
2021-06-15 10:01:31,1732.75,224499
2021-06-15 10:01:32,1733.5,224505
2021-06-15 10:01:33,1732.8,224507
2021-06-15 10:01:34,1732.75,224521
2021-06-15 10:01:35,1732.7,224575
2021-06-15 10:01:36,1732.7,224586
2021-06-15 10:01:37,1732.95,224641
2021-06-15 10:01:38,1733.05,224653
2021-06-15 10:01:39,1733.5,224743
2021-06-15 10:01:40,1733.05,224763
2021-06-15 10:01:41,1733.05,224763
2021-06-15 10:01:42,1733.5,224766
2021-06-15 10:01:43,1733.5,224766
2021-06-15 10:01:44,1733.5,224766
2021-06-15 10:01:45,1733.5,224766
2021-06-15 10:01:46,1733.5,224766
2021-06-15 10:01:48,1733.05,224776
2021-06-15 10:01:49,1733.05,224789
2021-06-15 10:01:49,1733.05,224791
2021-06-15 10:01:50,1733.05,224829
2021-06-15 10:01:51,1733.5,224858
2021-06-15 10:01:52,1733.05,224872
2021-06-15 10:01:54,1733.1,224882
2021-06-15 10:01:55,1733.1,224887
2021-06-15 10:01:56,1733.05,224888
2021-06-15 10:01:57,1733.45,224889
2021-06-15 10:01:58,1733.05,224975
2021-06-15 10:01:59,1733.3,224996
2021-06-15 10:02:00,1733.05,225007
2021-06-15 10:02:01,1732.7,225109
2021-06-15 10:02:02,1731.95,225123
2021-06-15 10:02:03,1731.95,225126
2021-06-15 10:02:04,1731.9,225130
2021-06-15 10:02:05,1731.3,225184
2021-06-15 10:02:06,1731.35,225192
2021-06-15 10:02:07,1731.95,225202
2021-06-15 10:02:08,1731.35,225218
2021-06-15 10:02:09,1731.4,225221
2021-06-15 10:02:10,1731.4,225221
2021-06-15 10:02:11,1731.4,225221
2021-06-15 10:02:12,1731.95,225226
2021-06-15 10:02:13,1731.35,225227
2021-06-15 10:02:14,1731.35,225227
2021-06-15 10:02:16,1731.95,225228
2021-06-15 10:02:16,1731.35,225229
2021-06-15 10:02:17,1731.25,225245
2021-06-15 10:02:19,1731.25,225248
2021-06-15 10:02:20,1731.25,225286
2021-06-15 10:02:21,1731.25,225294
2021-06-15 10:02:21,1731.25,225294
2021-06-15 10:02:22,1731.25,225294
2021-06-15 10:02:23,1731.25,225294
2021-06-15 10:02:24,1731.25,225467
2021-06-15 10:02:25,1731.25,225513
2021-06-15 10:02:26,1731.4,225515
2021-06-15 10:02:27,1731.4,225532
2021-06-15 10:02:28,1731.85,225566
2021-06-15 10:02:29,1731.85,225585
2021-06-15 10:02:32,1731.85,225597
2021-06-15 10:02:32,1731.4,225599
2021-06-15 10:02:33,1731.4,225599
2021-06-15 10:02:34,1731.4,225604
2021-06-15 10:02:35,1731.35,225606
2021-06-15 10:02:36,1731.35,225646
2021-06-15 10:02:37,1731.4,225655
2021-06-15 10:02:38,1731.4,225660
2021-06-15 10:02:39,1731.3,225662
2021-06-15 10:02:40,1731.3,225662
2021-06-15 10:02:41,1731.4,225664
2021-06-15 10:02:42,1731.4,225664
2021-06-15 10:02:43,1731.8,225702
2021-06-15 10:02:45,1731.25,225710
2021-06-15 10:02:46,1731.25,225710
2021-06-15 10:02:47,1731.85,225711
2021-06-15 10:02:48,1731.3,225712
2021-06-15 10:02:50,1731.3,225712
2021-06-15 10:02:50,1731.3,225713
2021-06-15 10:02:51,1731.3,225713
2021-06-15 10:02:52,1731.25,225779
2021-06-15 10:02:53,1731.3,225830
2021-06-15 10:02:54,1732.1,225928
2021-06-15 10:02:55,1731.45,225948
2021-06-15 10:02:56,1731.45,225948
2021-06-15 10:02:58,1732.1,225949
2021-06-15 10:02:59,1732.1,225959
2021-06-15 10:03:00,1731.45,225987
2021-06-15 10:03:01,1731.45,225990
2021-06-15 10:03:02,1731.45,225990
2021-06-15 10:03:03,1731.45,225990
2021-06-15 10:03:04,1731.45,225990
2021-06-15 10:03:05,1731.45,226028
2021-06-15 10:03:06,1731.45,226049
2021-06-15 10:03:08,1731.45,226052
2021-06-15 10:03:09,1731.45,226052
2021-06-15 10:03:10,1731.45,226059
2021-06-15 10:03:11,1731.5,226060
2021-06-15 10:03:13,1731.95,226064
2021-06-15 10:03:13,1731.95,226064
2021-06-15 10:03:14,1731.95,226064
2021-06-15 10:03:15,1731.95,226064
2021-06-15 10:03:16,1731.95,226064
2021-06-15 10:03:19,1731.95,226064
2021-06-15 10:03:21,1731.95,226120
2021-06-15 10:03:22,1731.45,226123
2021-06-15 10:03:23,1731.45,226123
2021-06-15 10:03:24,1731.5,226124
2021-06-15 10:03:25,1731.5,226124
2021-06-15 10:03:26,1731.5,226147
2021-06-15 10:03:26,1731.8,226149
2021-06-15 10:03:27,1731.8,226149
2021-06-15 10:03:28,1731.5,226152
2021-06-15 10:03:29,1731.75,226154
2021-06-15 10:03:30,1731.5,226164
2021-06-15 10:03:31,1731.5,226166
2021-06-15 10:03:32,1731.75,226172
2021-06-15 10:03:33,1731.5,226219
2021-06-15 10:03:34,1731.5,226272
2021-06-15 10:03:35,1732.0,226382
2021-06-15 10:03:37,1731.5,226458
2021-06-15 10:03:39,1731.5,226458
2021-06-15 10:03:40,1732.0,226466
2021-06-15 10:03:41,1731.55,226468
2021-06-15 10:03:42,1731.55,226468
2021-06-15 10:03:43,1731.65,226552
2021-06-15 10:03:45,1731.9,226553
2021-06-15 10:03:45,1732.0,226573
2021-06-15 10:03:47,1731.65,226587
2021-06-15 10:03:47,1731.75,226590
2021-06-15 10:03:48,1732.0,226620
2021-06-15 10:03:49,1732.0,226674
2021-06-15 10:03:51,1732.0,226706
2021-06-15 10:03:52,1732.0,226711
2021-06-15 10:03:53,1732.0,226715
2021-06-15 10:03:54,1732.0,226746
2021-06-15 10:03:55,1731.75,226763
2021-06-15 10:03:55,1732.0,226761
2021-06-15 10:03:56,1732.0,226764
2021-06-15 10:03:57,1732.0,226764
2021-06-15 10:03:58,1732.0,226778
2021-06-15 10:04:00,1731.75,226781
2021-06-15 10:04:01,1732.0,226885
2021-06-15 10:04:03,1731.95,226908
2021-06-15 10:04:04,1731.95,226908
2021-06-15 10:04:06,1732.0,226988
2021-06-15 10:04:07,1732.6,226996
2021-06-15 10:04:08,1732.1,226998
2021-06-15 10:04:10,1732.75,227025
2021-06-15 10:04:12,1732.1,227030
2021-06-15 10:04:13,1732.0,227031
2021-06-15 10:04:14,1732.0,227031
2021-06-15 10:04:15,1732.0,227031
2021-06-15 10:04:17,1732.7,227042
2021-06-15 10:04:18,1732.0,227044
2021-06-15 10:04:19,1732.0,227044
2021-06-15 10:04:20,1732.0,227117
2021-06-15 10:04:20,1732.0,227133
2021-06-15 10:04:21,1732.0,227133
2021-06-15 10:04:23,1732.0,227133
2021-06-15 10:04:25,1732.55,227166
2021-06-15 10:04:26,1732.5,227193
2021-06-15 10:04:27,1732.0,227197
2021-06-15 10:04:28,1732.0,227207
2021-06-15 10:04:28,1732.5,227205
2021-06-15 10:04:29,1732.5,227208
2021-06-15 10:04:30,1732.5,227209
2021-06-15 10:04:31,1732.5,227209
2021-06-15 10:04:32,1732.5,227209
2021-06-15 10:04:33,1732.5,227209
2021-06-15 10:04:34,1732.05,227234
2021-06-15 10:04:35,1732.05,227243
2021-06-15 10:04:36,1732.05,227252
2021-06-15 10:04:37,1732.05,227268
2021-06-15 10:04:39,1732.0,227286
2021-06-15 10:04:40,1732.0,227322
2021-06-15 10:04:41,1732.0,227330
2021-06-15 10:04:43,1732.05,227344
2021-06-15 10:04:44,1732.05,227348
2021-06-15 10:04:45,1732.05,227348
2021-06-15 10:04:46,1732.5,227366
2021-06-15 10:04:47,1732.05,227370
2021-06-15 10:04:48,1732.5,227373
2021-06-15 10:04:49,1732.05,227374
2021-06-15 10:04:50,1732.05,227418
2021-06-15 10:04:50,1732.5,227432
2021-06-15 10:04:51,1732.05,227452
2021-06-15 10:04:52,1732.05,227457
2021-06-15 10:04:53,1732.85,227573
2021-06-15 10:04:54,1732.1,227598
2021-06-15 10:04:56,1732.85,227666
2021-06-15 10:04:57,1732.15,227681
2021-06-15 10:04:58,1732.5,227684
2021-06-15 10:04:59,1732.15,227685
2021-06-15 10:05:00,1732.15,227686
2021-06-15 10:05:01,1732.15,227686
2021-06-15 10:05:02,1732.15,227686
2021-06-15 10:05:03,1732.5,227716
2021-06-15 10:05:04,1732.15,227727
2021-06-15 10:05:05,1732.15,227765
2021-06-15 10:05:06,1732.15,227774
2021-06-15 10:05:06,1732.15,227774
2021-06-15 10:05:07,1732.5,227775
2021-06-15 10:05:08,1732.5,227799
2021-06-15 10:05:09,1732.15,227804
2021-06-15 10:05:10,1732.15,227816
2021-06-15 10:05:11,1732.15,227819
2021-06-15 10:05:12,1732.9,227847
2021-06-15 10:05:13,1732.15,227853
2021-06-15 10:05:14,1732.15,227853
2021-06-15 10:05:15,1732.15,227853
2021-06-15 10:05:16,1732.15,227853
2021-06-15 10:05:17,1732.15,227853
2021-06-15 10:05:18,1732.15,227853
2021-06-15 10:05:19,1732.15,227891
2021-06-15 10:05:21,1732.15,227899
2021-06-15 10:05:22,1732.15,227899
2021-06-15 10:05:23,1732.75,227903
2021-06-15 10:05:23,1732.2,227904
2021-06-15 10:05:24,1732.2,227921
2021-06-15 10:05:25,1732.2,227926
2021-06-15 10:05:27,1732.5,227927
2021-06-15 10:05:28,1732.5,227931
2021-06-15 10:05:29,1732.5,227937
2021-06-15 10:05:30,1732.4,227938
2021-06-15 10:05:31,1732.4,227938
2021-06-15 10:05:32,1732.5,227946
2021-06-15 10:05:33,1732.3,227948
2021-06-15 10:05:34,1732.3,227948
2021-06-15 10:05:35,1732.3,227986
2021-06-15 10:05:37,1732.3,227994
2021-06-15 10:05:38,1732.3,228027
2021-06-15 10:05:40,1732.3,228035
2021-06-15 10:05:41,1732.3,228035
2021-06-15 10:05:42,1732.4,228075
2021-06-15 10:05:43,1732.4,228124
2021-06-15 10:05:44,1732.3,228283
2021-06-15 10:05:45,1732.3,228316
2021-06-15 10:05:46,1732.4,228377
2021-06-15 10:05:47,1732.3,228391
2021-06-15 10:05:48,1732.35,228454
2021-06-15 10:05:49,1732.5,228477
2021-06-15 10:05:50,1732.5,228502
2021-06-15 10:05:51,1732.2,228507
2021-06-15 10:05:52,1732.5,228513
2021-06-15 10:05:52,1732.2,228514
2021-06-15 10:05:53,1732.5,228516
2021-06-15 10:05:54,1732.5,228518
2021-06-15 10:05:55,1732.25,228519
2021-06-15 10:05:57,1732.15,228544
2021-06-15 10:05:58,1732.25,228547
2021-06-15 10:05:58,1732.25,228547
2021-06-15 10:05:59,1732.15,228549
2021-06-15 10:06:00,1732.15,228549
2021-06-15 10:06:01,1732.0,228699
2021-06-15 10:06:03,1732.0,228732
2021-06-15 10:06:04,1732.0,228732
2021-06-15 10:06:05,1732.0,228742
2021-06-15 10:06:06,1732.0,228744
2021-06-15 10:06:07,1732.15,228809
2021-06-15 10:06:08,1732.0,228827
2021-06-15 10:06:09,1732.15,228835
2021-06-15 10:06:10,1732.05,228837
2021-06-15 10:06:11,1732.05,228837
2021-06-15 10:06:12,1732.15,228838
2021-06-15 10:06:13,1732.05,228839
2021-06-15 10:06:13,1732.0,228840
2021-06-15 10:06:14,1732.0,228875
2021-06-15 10:06:16,1732.0,229062
2021-06-15 10:06:18,1732.0,229062
2021-06-15 10:06:20,1732.0,229100
2021-06-15 10:06:20,1732.0,229108
2021-06-15 10:06:22,1732.4,229146
2021-06-15 10:06:23,1732.0,229324
2021-06-15 10:06:24,1731.9,229330
2021-06-15 10:06:25,1731.9,229330
2021-06-15 10:06:26,1731.75,229363
2021-06-15 10:06:27,1731.75,229363
2021-06-15 10:06:27,1731.75,229363
2021-06-15 10:06:28,1731.75,229363
2021-06-15 10:06:30,1731.75,229363
2021-06-15 10:06:30,1731.75,229363
2021-06-15 10:06:31,1731.75,229381
2021-06-15 10:06:32,1731.5,229385
2021-06-15 10:06:33,1731.5,229385
2021-06-15 10:06:34,1731.5,229423
2021-06-15 10:06:35,1731.5,229431
2021-06-15 10:06:36,1731.5,229431
2021-06-15 10:06:37,1731.5,229431
2021-06-15 10:06:38,1731.5,229431
2021-06-15 10:06:40,1731.5,229431
2021-06-15 10:06:41,1731.9,229434
2021-06-15 10:06:41,1731.5,229435
2021-06-15 10:06:42,1731.9,229436
2021-06-15 10:06:43,1731.9,229438
2021-06-15 10:06:44,1731.9,229438
2021-06-15 10:06:45,1731.9,229438
2021-06-15 10:06:46,1731.5,229449
2021-06-15 10:06:48,1731.5,229452
2021-06-15 10:06:49,1731.5,229452
2021-06-15 10:06:50,1731.5,229490
2021-06-15 10:06:51,1731.9,229501
2021-06-15 10:06:52,1731.5,229502
2021-06-15 10:06:53,1731.5,229502
2021-06-15 10:06:54,1731.9,229504
2021-06-15 10:06:55,1731.9,229504
2021-06-15 10:06:56,1731.9,229504
2021-06-15 10:06:56,1731.9,229504
2021-06-15 10:06:57,1731.8,229505
2021-06-15 10:06:59,1731.75,229536
2021-06-15 10:06:59,1732.0,229530
2021-06-15 10:07:00,1731.75,229536
2021-06-15 10:07:02,1731.75,229546
2021-06-15 10:07:03,1731.8,229550
2021-06-15 10:07:04,1731.75,229552
2021-06-15 10:07:05,1731.75,229590
2021-06-15 10:07:05,1731.75,229598
2021-06-15 10:07:06,1731.75,229598
2021-06-15 10:07:07,1731.75,229598
2021-06-15 10:07:08,1731.8,229601
2021-06-15 10:07:09,1731.75,229602
2021-06-15 10:07:10,1731.75,229602
2021-06-15 10:07:11,1731.8,229617
2021-06-15 10:07:12,1731.75,229620
2021-06-15 10:07:13,1731.75,229620
2021-06-15 10:07:15,1731.8,229644
2021-06-15 10:07:16,1732.0,229699
2021-06-15 10:07:17,1731.75,229710
2021-06-15 10:07:18,1731.8,229817
2021-06-15 10:07:19,1731.75,229841
2021-06-15 10:07:20,1731.8,229880
2021-06-15 10:07:21,1731.75,229882
2021-06-15 10:07:22,1731.65,229888
2021-06-15 10:07:22,1731.75,229891
2021-06-15 10:07:23,1731.75,229894
2021-06-15 10:07:24,1731.75,229894
2021-06-15 10:07:26,1731.75,229895
2021-06-15 10:07:27,1731.7,229900
2021-06-15 10:07:28,1731.7,229901
2021-06-15 10:07:29,1731.9,229902
2021-06-15 10:07:31,1731.9,229902
2021-06-15 10:07:32,1731.9,229902
2021-06-15 10:07:33,1731.65,229912
2021-06-15 10:07:34,1731.65,229914
2021-06-15 10:07:35,1731.65,229955
2021-06-15 10:07:36,1731.65,229964
2021-06-15 10:07:37,1731.9,229978
2021-06-15 10:07:38,1731.9,229984
2021-06-15 10:07:39,1731.9,229986
2021-06-15 10:07:40,1731.9,229986
2021-06-15 10:07:41,1731.9,229986
2021-06-15 10:07:42,1731.9,229988
2021-06-15 10:07:43,1731.9,229988
2021-06-15 10:07:44,1731.9,229989
2021-06-15 10:07:45,1731.85,229990
2021-06-15 10:07:46,1731.75,230000
2021-06-15 10:07:47,1731.9,230005
2021-06-15 10:07:48,1731.9,230015
2021-06-15 10:07:49,1731.75,230046
2021-06-15 10:07:50,1731.85,230826
2021-06-15 10:07:51,1731.8,230996
2021-06-15 10:07:52,1731.8,230996
2021-06-15 10:07:53,1731.8,230996
2021-06-15 10:07:54,1731.8,230996
2021-06-15 10:07:55,1731.8,230996
2021-06-15 10:07:56,1731.8,230996
2021-06-15 10:07:57,1732.4,231004
2021-06-15 10:07:59,1732.95,231061
2021-06-15 10:08:01,1732.25,231074
2021-06-15 10:08:02,1733.0,231167
2021-06-15 10:08:03,1732.5,231192
2021-06-15 10:08:04,1732.5,231195
2021-06-15 10:08:05,1732.5,231196
2021-06-15 10:08:06,1732.5,231196
2021-06-15 10:08:07,1733.3,231212
2021-06-15 10:08:08,1732.6,231215
2021-06-15 10:08:09,1732.6,231215
2021-06-15 10:08:10,1732.6,231215
2021-06-15 10:08:12,1732.3,231220
2021-06-15 10:08:13,1732.6,231241
2021-06-15 10:08:14,1732.6,231246
2021-06-15 10:08:15,1733.0,231314
2021-06-15 10:08:16,1733.25,231331
2021-06-15 10:08:17,1733.25,231331
2021-06-15 10:08:18,1733.25,231437
2021-06-15 10:08:19,1733.3,231526
2021-06-15 10:08:20,1732.65,231542
2021-06-15 10:08:21,1732.65,231542
2021-06-15 10:08:22,1732.65,231542
2021-06-15 10:08:23,1732.7,231545
2021-06-15 10:08:24,1733.3,231566
2021-06-15 10:08:25,1732.75,231570
2021-06-15 10:08:26,1733.3,231601
2021-06-15 10:08:27,1733.35,231618
2021-06-15 10:08:28,1732.6,231620
2021-06-15 10:08:29,1732.6,231620
2021-06-15 10:08:30,1732.6,231620
2021-06-15 10:08:31,1732.6,231620
2021-06-15 10:08:32,1733.3,231671
2021-06-15 10:08:34,1732.6,231751
2021-06-15 10:08:35,1732.6,231851
2021-06-15 10:08:36,1733.2,231871
2021-06-15 10:08:37,1733.2,231879
2021-06-15 10:08:38,1732.6,231881
2021-06-15 10:08:39,1732.6,231881
2021-06-15 10:08:40,1732.6,231881
2021-06-15 10:08:41,1733.35,232039
2021-06-15 10:08:42,1732.5,232047
2021-06-15 10:08:43,1732.5,232107
2021-06-15 10:08:44,1732.45,232113
2021-06-15 10:08:45,1732.45,232113
2021-06-15 10:08:46,1732.45,232113
2021-06-15 10:08:47,1732.45,232113
2021-06-15 10:08:48,1732.95,232222
2021-06-15 10:08:49,1731.9,232252
2021-06-15 10:08:50,1732.0,232253
2021-06-15 10:08:51,1732.7,232267
2021-06-15 10:08:52,1732.7,232277
2021-06-15 10:08:54,1732.75,232434
2021-06-15 10:08:55,1732.8,232442
2021-06-15 10:08:56,1732.8,232456
2021-06-15 10:08:57,1732.15,232489
2021-06-15 10:08:58,1732.15,232496
2021-06-15 10:08:59,1732.15,232496
2021-06-15 10:09:00,1732.9,232536
2021-06-15 10:09:02,1732.25,232544
2021-06-15 10:09:03,1732.25,232544
2021-06-15 10:09:04,1732.9,232573
2021-06-15 10:09:05,1732.35,232599
2021-06-15 10:09:06,1732.35,232603
2021-06-15 10:09:07,1732.35,232603
2021-06-15 10:09:08,1732.35,232603
2021-06-15 10:09:09,1732.35,232603
2021-06-15 10:09:10,1732.35,232603
2021-06-15 10:09:11,1732.9,232606
2021-06-15 10:09:12,1732.4,232632
2021-06-15 10:09:13,1732.4,232637
2021-06-15 10:09:14,1732.9,232638
2021-06-15 10:09:15,1732.9,232638
2021-06-15 10:09:16,1732.9,232652
2021-06-15 10:09:17,1732.45,232655
2021-06-15 10:09:18,1732.95,232662
2021-06-15 10:09:19,1732.45,232664
2021-06-15 10:09:20,1732.45,232702
2021-06-15 10:09:21,1732.45,232722
2021-06-15 10:09:22,1732.9,232724
2021-06-15 10:09:23,1732.5,232731
2021-06-15 10:09:24,1732.45,232734
2021-06-15 10:09:25,1733.0,232737
2021-06-15 10:09:26,1733.0,232737
2021-06-15 10:09:27,1733.0,232737
2021-06-15 10:09:28,1733.0,232750
2021-06-15 10:09:29,1732.5,232753
2021-06-15 10:09:30,1732.5,232753
2021-06-15 10:09:31,1732.5,232753
2021-06-15 10:09:32,1733.0,232754
2021-06-15 10:09:33,1733.0,232755
2021-06-15 10:09:34,1732.5,232763
2021-06-15 10:09:35,1732.5,232807
2021-06-15 10:09:36,1732.5,232816
2021-06-15 10:09:37,1732.55,232951
2021-06-15 10:09:38,1733.0,233003
2021-06-15 10:09:39,1732.55,233008
2021-06-15 10:09:40,1732.55,233008
2021-06-15 10:09:41,1733.0,233061
2021-06-15 10:09:42,1732.6,233073
2021-06-15 10:09:43,1733.0,233092
2021-06-15 10:09:44,1732.95,233110
2021-06-15 10:09:45,1733.0,233129
2021-06-15 10:09:47,1732.95,233171
2021-06-15 10:09:47,1732.95,233180
2021-06-15 10:09:48,1733.0,233208
2021-06-15 10:09:49,1732.95,233239
2021-06-15 10:09:50,1732.95,233263
2021-06-15 10:09:51,1732.95,233268
2021-06-15 10:09:52,1733.25,233286
2021-06-15 10:09:53,1733.25,233291
2021-06-15 10:09:55,1733.25,233292
2021-06-15 10:09:56,1733.25,233292
2021-06-15 10:09:56,1733.25,233292
2021-06-15 10:09:57,1733.25,233292
2021-06-15 10:09:58,1733.25,233292
2021-06-15 10:09:59,1733.25,233396
2021-06-15 10:10:00,1733.15,233419
2021-06-15 10:10:01,1733.15,233419
2021-06-15 10:10:02,1733.15,233419
2021-06-15 10:10:03,1733.25,233425
2021-06-15 10:10:04,1733.2,233460
2021-06-15 10:10:06,1733.25,233493
2021-06-15 10:10:06,1733.15,233498
2021-06-15 10:10:07,1733.15,233498
2021-06-15 10:10:08,1733.4,233503
2021-06-15 10:10:09,1733.15,233504
2021-06-15 10:10:10,1732.95,233885
2021-06-15 10:10:11,1732.95,233908
2021-06-15 10:10:13,1732.8,233974
2021-06-15 10:10:14,1732.5,233975
2021-06-15 10:10:15,1732.8,234015
2021-06-15 10:10:16,1733.0,234032
2021-06-15 10:10:17,1732.5,234033
2021-06-15 10:10:18,1733.1,234063
2021-06-15 10:10:19,1732.5,234070
2021-06-15 10:10:20,1732.5,234094
2021-06-15 10:10:22,1732.5,234099
2021-06-15 10:10:22,1732.5,234099
2021-06-15 10:10:23,1732.5,234099
2021-06-15 10:10:24,1733.2,234299
2021-06-15 10:10:25,1732.5,234343
2021-06-15 10:10:26,1732.5,234343
2021-06-15 10:10:27,1733.05,234352
2021-06-15 10:10:29,1733.1,234426
2021-06-15 10:10:29,1732.5,234442
2021-06-15 10:10:33,1732.5,234473
2021-06-15 10:10:34,1732.5,234473
2021-06-15 10:10:35,1732.5,234511
2021-06-15 10:10:36,1732.5,234519
2021-06-15 10:10:37,1733.0,234520
2021-06-15 10:10:39,1733.0,234520
2021-06-15 10:10:39,1733.0,234520
2021-06-15 10:10:41,1733.0,234520
2021-06-15 10:10:43,1733.0,234520
2021-06-15 10:10:44,1733.0,234520
2021-06-15 10:10:44,1733.0,234520
2021-06-15 10:10:47,1733.0,234520
2021-06-15 10:10:48,1733.0,234520
2021-06-15 10:10:48,1733.0,234520
2021-06-15 10:10:49,1733.0,234521
2021-06-15 10:10:50,1732.5,234527
2021-06-15 10:10:51,1732.2,234541
2021-06-15 10:10:52,1732.2,234573
2021-06-15 10:10:53,1732.25,234616
2021-06-15 10:10:54,1732.2,234624
2021-06-15 10:10:55,1732.2,234624
2021-06-15 10:10:57,1732.2,234624
2021-06-15 10:10:58,1732.2,234624
2021-06-15 10:10:59,1732.8,234656
2021-06-15 10:11:01,1732.2,234663
2021-06-15 10:11:01,1732.2,234663
2021-06-15 10:11:02,1732.2,234663
2021-06-15 10:11:03,1732.2,234663
2021-06-15 10:11:04,1732.8,234664
2021-06-15 10:11:05,1732.2,234702
2021-06-15 10:11:07,1732.2,234734
2021-06-15 10:11:09,1732.2,234877
2021-06-15 10:11:10,1732.2,234905
2021-06-15 10:11:11,1732.2,234905
2021-06-15 10:11:13,1732.2,234948
2021-06-15 10:11:14,1732.95,234957
2021-06-15 10:11:16,1733.0,234980
2021-06-15 10:11:17,1732.2,234985
2021-06-15 10:11:19,1733.0,235085
2021-06-15 10:11:19,1733.0,235112
2021-06-15 10:11:20,1733.0,235182
2021-06-15 10:11:21,1732.25,235197
2021-06-15 10:11:22,1732.25,235197
2021-06-15 10:11:23,1732.25,235197
2021-06-15 10:11:24,1732.25,235197
2021-06-15 10:11:25,1732.25,235197
2021-06-15 10:11:26,1732.25,235197
2021-06-15 10:11:27,1732.9,235199
2021-06-15 10:11:28,1732.9,235200
2021-06-15 10:11:29,1732.9,235229
2021-06-15 10:11:30,1732.85,235232
2021-06-15 10:11:31,1732.3,235235
2021-06-15 10:11:32,1732.3,235235
2021-06-15 10:11:34,1732.3,235235
2021-06-15 10:11:35,1732.3,235273
2021-06-15 10:11:35,1732.3,235279
2021-06-15 10:11:36,1732.3,235279
2021-06-15 10:11:37,1732.2,235299
2021-06-15 10:11:38,1732.25,235307
2021-06-15 10:11:39,1732.2,235319
2021-06-15 10:11:40,1732.2,235348
2021-06-15 10:11:41,1732.2,235359
2021-06-15 10:11:42,1732.25,235369
2021-06-15 10:11:43,1732.2,235371
2021-06-15 10:11:44,1732.75,235375
2021-06-15 10:11:46,1732.75,235378
2021-06-15 10:11:46,1732.2,235379
2021-06-15 10:11:47,1732.75,235383
2021-06-15 10:11:48,1732.9,235486
2021-06-15 10:11:49,1732.85,235511
2021-06-15 10:11:50,1732.2,235512
2021-06-15 10:11:52,1732.2,235512
2021-06-15 10:11:53,1732.2,235512
2021-06-15 10:11:54,1732.2,235512
2021-06-15 10:11:55,1732.2,235512
2021-06-15 10:11:56,1732.85,235553
2021-06-15 10:11:57,1732.85,235564
2021-06-15 10:11:59,1732.85,235569
2021-06-15 10:12:00,1732.25,235570
2021-06-15 10:12:01,1732.25,235570
2021-06-15 10:12:02,1732.25,235570
2021-06-15 10:12:03,1732.25,235607
2021-06-15 10:12:04,1732.25,235607
2021-06-15 10:12:05,1732.85,235646
2021-06-15 10:12:06,1732.9,235658
2021-06-15 10:12:07,1732.25,235659
2021-06-15 10:12:08,1732.3,235661
2021-06-15 10:12:09,1732.85,235682
2021-06-15 10:12:10,1732.85,235688
2021-06-15 10:12:12,1732.9,235728
2021-06-15 10:12:13,1732.6,235737
2021-06-15 10:12:14,1732.6,235737
2021-06-15 10:12:14,1732.6,235737
2021-06-15 10:12:15,1732.6,235737
2021-06-15 10:12:16,1732.6,235737
2021-06-15 10:12:17,1732.6,235737
2021-06-15 10:12:18,1733.0,235754
2021-06-15 10:12:19,1732.65,235758
2021-06-15 10:12:20,1732.65,235796
2021-06-15 10:12:22,1732.65,235804
2021-06-15 10:12:23,1732.65,235804
2021-06-15 10:12:24,1732.65,235804
2021-06-15 10:12:25,1733.0,235805
2021-06-15 10:12:26,1733.0,235810
2021-06-15 10:12:27,1733.0,235823
2021-06-15 10:12:28,1732.5,235940
2021-06-15 10:12:28,1732.85,235944
2021-06-15 10:12:29,1732.8,235945
2021-06-15 10:12:30,1732.75,235989
2021-06-15 10:12:31,1732.75,235994
2021-06-15 10:12:32,1733.0,235995
2021-06-15 10:12:33,1733.0,235997
2021-06-15 10:12:34,1732.75,236065
2021-06-15 10:12:35,1732.75,236080
2021-06-15 10:12:36,1732.75,236080
2021-06-15 10:12:37,1732.75,236080
2021-06-15 10:12:38,1733.0,236085
2021-06-15 10:12:39,1733.0,236166
2021-06-15 10:12:40,1732.75,236184
2021-06-15 10:12:42,1733.0,236192
2021-06-15 10:12:43,1733.0,236200
2021-06-15 10:12:44,1732.8,236202
2021-06-15 10:12:45,1733.0,236204
2021-06-15 10:12:46,1733.0,236204
2021-06-15 10:12:47,1733.0,236204
2021-06-15 10:12:48,1733.0,236205
2021-06-15 10:12:49,1732.8,236243
2021-06-15 10:12:50,1732.8,236252
2021-06-15 10:12:51,1732.8,236252
2021-06-15 10:12:52,1732.8,236252
2021-06-15 10:12:54,1732.8,236252
2021-06-15 10:12:55,1732.8,236252
2021-06-15 10:12:57,1732.8,236258
2021-06-15 10:12:57,1733.45,236308
2021-06-15 10:12:58,1732.95,236319
2021-06-15 10:13:00,1732.95,236319
2021-06-15 10:13:00,1732.95,236319
2021-06-15 10:13:02,1733.45,236320
2021-06-15 10:13:03,1733.45,236340
2021-06-15 10:13:04,1733.45,236359
2021-06-15 10:13:05,1732.95,236397
2021-06-15 10:13:06,1732.95,236404
2021-06-15 10:13:07,1732.95,236404
2021-06-15 10:13:07,1732.95,236404
2021-06-15 10:13:08,1732.95,236404
2021-06-15 10:13:09,1733.45,236504
2021-06-15 10:13:10,1732.95,236526
2021-06-15 10:13:11,1732.95,236526
2021-06-15 10:13:12,1733.5,236753
2021-06-15 10:13:13,1732.95,236844
2021-06-15 10:13:15,1733.5,236904
2021-06-15 10:13:16,1733.0,236915
2021-06-15 10:13:17,1733.65,236943
2021-06-15 10:13:17,1733.65,236954
2021-06-15 10:13:18,1733.1,236955
2021-06-15 10:13:20,1733.1,236988
2021-06-15 10:13:21,1733.9,236998
2021-06-15 10:13:22,1733.85,237001
2021-06-15 10:13:23,1733.25,237002
2021-06-15 10:13:24,1733.85,237005
2021-06-15 10:13:25,1733.85,237013
2021-06-15 10:13:26,1733.9,237115
2021-06-15 10:13:27,1733.6,237122
2021-06-15 10:13:28,1733.25,237143
2021-06-15 10:13:29,1733.25,237143
2021-06-15 10:13:30,1733.55,237146
2021-06-15 10:13:31,1733.45,237149
2021-06-15 10:13:34,1733.45,237171
2021-06-15 10:13:35,1733.25,237214
2021-06-15 10:13:36,1733.25,237223
2021-06-15 10:13:37,1733.45,237224
2021-06-15 10:13:37,1733.45,237224
2021-06-15 10:13:39,1733.45,237228
2021-06-15 10:13:40,1733.45,237231
2021-06-15 10:13:41,1733.9,237290
2021-06-15 10:13:42,1733.9,237304
2021-06-15 10:13:43,1733.9,237305
2021-06-15 10:13:44,1733.9,237309
2021-06-15 10:13:45,1733.9,237311
2021-06-15 10:13:46,1733.9,237427
2021-06-15 10:13:47,1733.9,237453
2021-06-15 10:13:48,1733.9,237486
2021-06-15 10:13:49,1733.9,237494
2021-06-15 10:13:50,1733.5,237524
2021-06-15 10:13:51,1733.9,237532
2021-06-15 10:13:52,1733.9,237533
2021-06-15 10:13:53,1733.9,237534
2021-06-15 10:13:53,1733.55,237535
2021-06-15 10:13:54,1733.55,237535
2021-06-15 10:13:56,1733.85,237555
2021-06-15 10:13:57,1734.0,237594
2021-06-15 10:13:58,1734.0,237613
2021-06-15 10:13:58,1733.5,237615
2021-06-15 10:13:59,1734.0,237618
2021-06-15 10:14:01,1734.0,237637
2021-06-15 10:14:03,1733.5,237641
2021-06-15 10:14:04,1733.5,237641
2021-06-15 10:14:05,1733.5,238236
2021-06-15 10:14:06,1733.5,238366
2021-06-15 10:14:07,1734.3,238460
2021-06-15 10:14:08,1734.2,238619
2021-06-15 10:14:09,1734.25,238712
2021-06-15 10:14:10,1734.25,238945
2021-06-15 10:14:11,1733.9,239046
2021-06-15 10:14:12,1733.6,239057
2021-06-15 10:14:13,1733.5,239058
2021-06-15 10:14:14,1733.5,239060
2021-06-15 10:14:15,1733.5,239060
2021-06-15 10:14:16,1734.05,239161
2021-06-15 10:14:17,1733.4,239730
2021-06-15 10:14:19,1732.65,240012
2021-06-15 10:14:20,1732.0,240028
2021-06-15 10:14:21,1732.45,240057
2021-06-15 10:14:22,1732.1,240059
2021-06-15 10:14:23,1732.5,240103
2021-06-15 10:14:25,1732.5,240136
2021-06-15 10:14:26,1732.5,240167
2021-06-15 10:14:27,1732.0,240173
2021-06-15 10:14:29,1732.0,240173
2021-06-15 10:14:30,1732.0,240173
2021-06-15 10:14:31,1732.0,240173
2021-06-15 10:14:32,1732.45,240198
2021-06-15 10:14:33,1732.95,240203
2021-06-15 10:14:35,1732.9,240205
2021-06-15 10:14:36,1732.9,240205
2021-06-15 10:14:37,1732.9,240210
2021-06-15 10:14:38,1732.45,240236
2021-06-15 10:14:39,1732.2,240241
2021-06-15 10:14:40,1732.25,240250
2021-06-15 10:14:42,1733.45,240261
2021-06-15 10:14:43,1732.65,240263
2021-06-15 10:14:44,1732.65,240263
2021-06-15 10:14:45,1732.65,240263
2021-06-15 10:14:46,1732.65,240263
2021-06-15 10:14:47,1732.65,240263
2021-06-15 10:14:48,1732.65,240263
2021-06-15 10:14:49,1732.65,240263
2021-06-15 10:14:50,1732.65,240301
2021-06-15 10:14:51,1733.3,240324
2021-06-15 10:14:52,1732.7,240327
2021-06-15 10:14:53,1733.3,240330
2021-06-15 10:14:54,1732.8,240331
2021-06-15 10:14:55,1732.8,240331
2021-06-15 10:14:55,1732.8,240331
2021-06-15 10:14:56,1733.1,240335
2021-06-15 10:14:57,1732.8,240336
2021-06-15 10:14:58,1732.8,240346
2021-06-15 10:15:00,1732.75,240354
2021-06-15 10:15:01,1732.8,240355
2021-06-15 10:15:02,1733.0,240356
2021-06-15 10:15:03,1733.0,240359
2021-06-15 10:15:04,1733.0,240360
2021-06-15 10:15:04,1733.0,240360
2021-06-15 10:15:05,1732.8,240403
2021-06-15 10:15:06,1732.8,240413
2021-06-15 10:15:08,1732.8,240425
2021-06-15 10:15:09,1732.8,240425
2021-06-15 10:15:10,1732.8,240425
2021-06-15 10:15:11,1733.0,240436
2021-06-15 10:15:13,1732.85,240438
2021-06-15 10:15:14,1732.85,240438
2021-06-15 10:15:15,1732.85,240470
2021-06-15 10:15:16,1732.85,240488
2021-06-15 10:15:18,1733.0,240499
2021-06-15 10:15:19,1732.85,240526
2021-06-15 10:15:20,1732.8,240595
2021-06-15 10:15:21,1732.8,240609
2021-06-15 10:15:22,1732.85,240625
2021-06-15 10:15:23,1732.8,240663
2021-06-15 10:15:24,1732.85,240675
2021-06-15 10:15:25,1732.8,240676
2021-06-15 10:15:26,1732.8,240676
2021-06-15 10:15:27,1732.8,240676
2021-06-15 10:15:28,1732.8,240676
2021-06-15 10:15:29,1733.0,240743
2021-06-15 10:15:30,1732.8,240747
2021-06-15 10:15:31,1733.0,240782
2021-06-15 10:15:33,1732.8,240790
2021-06-15 10:15:34,1733.0,240798
2021-06-15 10:15:35,1732.8,240837
2021-06-15 10:15:36,1733.0,240860
2021-06-15 10:15:37,1732.8,240863
2021-06-15 10:15:38,1732.8,240966
2021-06-15 10:15:39,1732.8,240988
2021-06-15 10:15:40,1732.8,240988
2021-06-15 10:15:41,1732.8,240988
2021-06-15 10:15:42,1732.8,240988
2021-06-15 10:15:43,1732.8,240988
2021-06-15 10:15:44,1732.8,241229
2021-06-15 10:15:44,1732.8,241282
2021-06-15 10:15:45,1732.8,241282
2021-06-15 10:15:46,1732.8,241305
2021-06-15 10:15:48,1732.8,241410
2021-06-15 10:15:49,1732.8,241432
2021-06-15 10:15:50,1733.0,241472
2021-06-15 10:15:52,1732.8,241481
2021-06-15 10:15:53,1733.0,241525
2021-06-15 10:15:54,1732.85,241535
2021-06-15 10:15:54,1732.85,241535
2021-06-15 10:15:55,1732.85,241535
2021-06-15 10:15:56,1733.0,241539
2021-06-15 10:15:57,1732.85,241540
2021-06-15 10:15:58,1733.0,241541
2021-06-15 10:16:00,1733.0,241541
2021-06-15 10:16:00,1733.0,241541
2021-06-15 10:16:02,1733.0,241541
2021-06-15 10:16:03,1733.0,241548
2021-06-15 10:16:04,1732.8,241549
2021-06-15 10:16:05,1732.8,241587
2021-06-15 10:16:06,1732.8,241596
2021-06-15 10:16:07,1732.8,241596
2021-06-15 10:16:08,1732.8,241596
2021-06-15 10:16:09,1732.8,241596
2021-06-15 10:16:10,1732.8,241596
2021-06-15 10:16:11,1732.95,241599
2021-06-15 10:16:12,1732.95,241609
2021-06-15 10:16:13,1732.8,241612
2021-06-15 10:16:14,1732.95,241621
2021-06-15 10:16:14,1732.8,241623
2021-06-15 10:16:15,1732.95,241643
2021-06-15 10:16:17,1732.8,241680
2021-06-15 10:16:18,1732.95,241706
2021-06-15 10:16:19,1732.95,241730
2021-06-15 10:16:20,1732.8,241773
2021-06-15 10:16:21,1732.8,241781
2021-06-15 10:16:22,1732.8,241781
2021-06-15 10:16:23,1732.8,241781
2021-06-15 10:16:24,1732.8,241781
2021-06-15 10:16:25,1733.4,241831
2021-06-15 10:16:26,1732.85,241842
2021-06-15 10:16:27,1732.85,241842
2021-06-15 10:16:28,1733.35,241878
2021-06-15 10:16:29,1733.45,242135
2021-06-15 10:16:30,1732.8,242190
2021-06-15 10:16:31,1733.35,242191
2021-06-15 10:16:32,1733.35,242256
2021-06-15 10:16:33,1732.95,242270
2021-06-15 10:16:34,1733.45,242272
2021-06-15 10:16:35,1732.95,242273
2021-06-15 10:16:36,1732.95,242273
2021-06-15 10:16:36,1732.95,242273
2021-06-15 10:16:37,1732.95,242273
2021-06-15 10:16:39,1733.45,242289
2021-06-15 10:16:40,1733.0,242292
2021-06-15 10:16:42,1733.0,242292
2021-06-15 10:16:43,1733.0,242292
2021-06-15 10:16:44,1733.0,242292
2021-06-15 10:16:45,1733.0,242292
2021-06-15 10:16:46,1733.45,242358
2021-06-15 10:16:47,1733.4,242368
2021-06-15 10:16:48,1732.95,242373
2021-06-15 10:16:49,1733.5,242477
2021-06-15 10:16:50,1732.9,242499
2021-06-15 10:16:50,1732.9,242499
2021-06-15 10:16:51,1732.9,242499
2021-06-15 10:16:52,1732.9,242499
2021-06-15 10:16:53,1733.35,242500
2021-06-15 10:16:54,1733.05,242501
2021-06-15 10:16:55,1733.05,242501
2021-06-15 10:16:57,1733.35,242511
2021-06-15 10:16:58,1733.25,242513
2021-06-15 10:16:59,1733.35,242533
2021-06-15 10:17:00,1733.2,242547
2021-06-15 10:17:01,1733.25,242549
2021-06-15 10:17:02,1733.25,242549
2021-06-15 10:17:03,1733.35,242581
2021-06-15 10:17:04,1733.25,242588
