timestamp,ltp,volume
2021-06-15 09:15:39,6695.85,2199
2021-06-15 09:15:47,6688.1,2606
2021-06-15 09:15:55,6685.2,2991
2021-06-15 09:16:02,6684.45,3148
2021-06-15 09:16:09,6684.45,3296
2021-06-15 09:16:16,6684.55,3366
2021-06-15 09:16:24,6684.0,3530
2021-06-15 09:16:32,6680.15,3732
2021-06-15 09:16:39,6689.05,3908
2021-06-15 09:16:45,6687.45,3997
2021-06-15 09:16:52,6689.85,4135
2021-06-15 09:16:59,6685.0,4242
2021-06-15 09:17:05,6699.3,4543
2021-06-15 09:17:12,6695.3,4762
2021-06-15 09:17:20,6693.0,5017
2021-06-15 09:17:26,6694.85,5179
2021-06-15 09:17:33,6700.8,5921
2021-06-15 09:17:40,6708.8,6223
2021-06-15 09:17:46,6713.35,6402
2021-06-15 09:17:59,6710.2,7030
2021-06-15 09:18:05,6710.35,7289
2021-06-15 09:18:12,6710.25,7615
2021-06-15 09:18:19,6711.75,7794
2021-06-15 09:18:25,6713.55,8039
2021-06-15 09:18:32,6718.7,8161
2021-06-15 09:18:38,6713.8,8345
2021-06-15 09:18:45,6716.7,8396
2021-06-15 09:18:51,6714.15,8584
2021-06-15 09:18:57,6718.95,9013
2021-06-15 09:19:04,6717.0,9041
2021-06-15 09:19:11,6712.5,9124
2021-06-15 09:19:17,6710.0,9337
2021-06-15 09:19:23,6712.0,9365
2021-06-15 09:19:30,6707.0,9933
2021-06-15 09:19:36,6706.45,10196
2021-06-15 09:19:43,6705.75,10375
2021-06-15 09:19:49,6711.25,10565
2021-06-15 09:19:55,6709.95,10605
2021-06-15 09:20:02,6702.15,10762
2021-06-15 09:20:08,6707.75,10951
2021-06-15 09:20:14,6703.6,11141
2021-06-15 09:20:20,6701.5,11164
2021-06-15 09:20:27,6702.3,11312
2021-06-15 09:20:33,6700.0,11369
2021-06-15 09:20:39,6700.0,11480
2021-06-15 09:20:46,6702.7,11527
2021-06-15 09:20:52,6703.0,11696
2021-06-15 09:20:58,6706.8,11978
2021-06-15 09:21:05,6706.0,12047
2021-06-15 09:21:11,6703.6,12078
2021-06-15 09:21:18,6696.0,12231
2021-06-15 09:21:24,6699.45,12309
2021-06-15 09:21:30,6695.5,12316
2021-06-15 09:21:43,6695.5,12448
2021-06-15 09:21:49,6698.5,12464
2021-06-15 09:21:55,6695.5,12517
2021-06-15 09:22:02,6698.95,12569
2021-06-15 09:22:08,6698.75,12574
2021-06-15 09:22:14,6694.9,12629
2021-06-15 09:22:21,6699.0,12643
2021-06-15 09:22:27,6695.0,12662
2021-06-15 09:22:33,6695.95,12725
2021-06-15 09:22:34,6696.5,12735
2021-06-15 09:22:35,6696.5,12735
2021-06-15 09:22:36,6696.35,12736
2021-06-15 09:22:36,6696.35,12736
2021-06-15 09:22:38,6696.35,12737
2021-06-15 09:22:39,6694.0,12745
2021-06-15 09:22:39,6694.0,12745
2021-06-15 09:22:40,6694.0,12747
2021-06-15 09:22:42,6694.0,12747
2021-06-15 09:22:43,6696.2,12776
2021-06-15 09:22:44,6696.2,12783
2021-06-15 09:22:45,6693.05,12791
2021-06-15 09:22:46,6696.2,12792
2021-06-15 09:22:46,6696.2,12792
2021-06-15 09:22:47,6697.2,12837
2021-06-15 09:22:49,6697.25,12848
2021-06-15 09:22:50,6693.6,12852
2021-06-15 09:22:51,6693.6,12854
2021-06-15 09:22:52,6693.6,12854
2021-06-15 09:22:53,6698.0,12864
2021-06-15 09:22:54,6698.0,12864
2021-06-15 09:22:56,6698.0,12864
2021-06-15 09:22:57,6698.0,12865
2021-06-15 09:22:58,6693.05,12965
2021-06-15 09:22:59,6695.95,13089
2021-06-15 09:23:01,6696.55,13095
2021-06-15 09:23:02,6696.65,13105
2021-06-15 09:23:03,6692.5,13109
2021-06-15 09:23:04,6692.5,13109
2021-06-15 09:23:05,6692.5,13109
2021-06-15 09:23:06,6692.5,13109
2021-06-15 09:23:07,6696.65,13139
2021-06-15 09:23:08,6696.65,13139
2021-06-15 09:23:09,6696.65,13147
2021-06-15 09:23:09,6696.8,13148
2021-06-15 09:23:11,6696.8,13148
2021-06-15 09:23:12,6693.0,13152
2021-06-15 09:23:13,6693.0,13158
2021-06-15 09:23:13,6693.0,13158
2021-06-15 09:23:14,6693.0,13158
2021-06-15 09:23:15,6693.0,13167
2021-06-15 09:23:16,6696.6,13172
2021-06-15 09:23:18,6693.1,13180
2021-06-15 09:23:19,6696.55,13187
2021-06-15 09:23:20,6693.2,13194
2021-06-15 09:23:21,6693.0,13196
2021-06-15 09:23:23,6693.25,13203
2021-06-15 09:23:24,6693.1,13205
2021-06-15 09:23:24,6693.1,13207
2021-06-15 09:23:26,6693.1,13209
2021-06-15 09:23:26,6693.1,13209
2021-06-15 09:23:27,6693.1,13211
2021-06-15 09:23:29,6693.0,13227
2021-06-15 09:23:30,6694.6,13232
2021-06-15 09:23:30,6694.6,13232
2021-06-15 09:23:31,6694.6,13232
2021-06-15 09:23:32,6693.0,13240
2021-06-15 09:23:34,6693.0,13240
2021-06-15 09:23:35,6693.0,13240
2021-06-15 09:23:36,6693.0,13256
2021-06-15 09:23:37,6693.0,13261
2021-06-15 09:23:38,6693.0,13268
2021-06-15 09:23:39,6693.0,13268
2021-06-15 09:23:40,6693.0,13276
2021-06-15 09:23:41,6693.1,13280
2021-06-15 09:23:42,6693.1,13284
2021-06-15 09:23:43,6693.1,13299
2021-06-15 09:23:44,6693.1,13299
2021-06-15 09:23:45,6693.1,13302
2021-06-15 09:23:46,6693.1,13302
2021-06-15 09:23:47,6693.1,13302
2021-06-15 09:23:48,6693.1,13302
2021-06-15 09:23:49,6693.1,13312
2021-06-15 09:23:50,6694.95,13320
2021-06-15 09:23:52,6693.0,13327
2021-06-15 09:23:53,6688.45,13897
2021-06-15 09:23:54,6688.45,14006
2021-06-15 09:23:55,6691.55,14029
2021-06-15 09:23:56,6691.55,14029
2021-06-15 09:23:58,6691.55,14029
2021-06-15 09:23:58,6691.1,14034
2021-06-15 09:23:59,6687.85,14043
2021-06-15 09:24:01,6687.85,14054
2021-06-15 09:24:02,6687.85,14054
2021-06-15 09:24:03,6686.6,14062
2021-06-15 09:24:04,6686.55,14070
2021-06-15 09:24:05,6690.0,14079
2021-06-15 09:24:06,6690.0,14079
2021-06-15 09:24:07,6691.0,14139
2021-06-15 09:24:08,6687.0,14154
2021-06-15 09:24:09,6687.0,14154
2021-06-15 09:24:10,6686.55,14166
2021-06-15 09:24:11,6686.55,14184
2021-06-15 09:24:12,6686.55,14188
2021-06-15 09:24:13,6686.55,14188
2021-06-15 09:24:14,6686.55,14202
2021-06-15 09:24:15,6685.0,14204
2021-06-15 09:24:16,6685.0,14212
2021-06-15 09:24:17,6685.0,14212
2021-06-15 09:24:18,6685.0,14212
2021-06-15 09:24:18,6685.0,14212
2021-06-15 09:24:19,6685.0,14212
2021-06-15 09:24:21,6686.55,14214
2021-06-15 09:24:22,6686.55,14224
2021-06-15 09:24:23,6686.55,14224
2021-06-15 09:24:24,6686.55,14224
2021-06-15 09:24:25,6686.55,14224
2021-06-15 09:24:26,6685.0,14274
2021-06-15 09:24:27,6685.0,14274
2021-06-15 09:24:28,6686.95,14287
2021-06-15 09:24:28,6686.95,14287
2021-06-15 09:24:31,6683.6,14289
2021-06-15 09:24:34,6683.65,14321
2021-06-15 09:24:35,6686.35,14333
2021-06-15 09:24:36,6686.35,14333
2021-06-15 09:24:36,6686.35,14333
2021-06-15 09:24:38,6684.0,14335
2021-06-15 09:24:39,6684.0,14335
2021-06-15 09:24:40,6684.0,14339
2021-06-15 09:24:41,6686.95,14345
2021-06-15 09:24:42,6686.95,14346
2021-06-15 09:24:42,6686.95,14346
2021-06-15 09:24:43,6683.75,14354
2021-06-15 09:24:45,6686.0,14360
2021-06-15 09:24:46,6684.0,14368
2021-06-15 09:24:47,6684.0,14368
2021-06-15 09:24:48,6685.0,14390
2021-06-15 09:24:49,6687.45,14440
2021-06-15 09:24:50,6686.2,14448
2021-06-15 09:24:51,6686.2,14448
2021-06-15 09:24:52,6685.2,14452
2021-06-15 09:24:52,6688.75,14468
2021-06-15 09:24:53,6689.95,14545
2021-06-15 09:24:54,6689.95,14545
2021-06-15 09:24:56,6687.0,14565
2021-06-15 09:24:57,6689.55,14600
2021-06-15 09:24:58,6689.5,14610
2021-06-15 09:24:59,6687.0,14625
2021-06-15 09:25:00,6690.8,14631
2021-06-15 09:25:01,6689.55,14636
2021-06-15 09:25:02,6685.05,14643
2021-06-15 09:25:04,6685.05,14643
2021-06-15 09:25:05,6689.4,14653
2021-06-15 09:25:06,6686.45,14661
2021-06-15 09:25:07,6686.45,14661
2021-06-15 09:25:08,6686.45,14661
2021-06-15 09:25:09,6685.95,14665
2021-06-15 09:25:10,6688.8,14666
2021-06-15 09:25:11,6685.2,14669
2021-06-15 09:25:12,6685.2,14669
2021-06-15 09:25:13,6685.2,14669
2021-06-15 09:25:14,6685.2,14669
2021-06-15 09:25:15,6685.2,14669
2021-06-15 09:25:16,6685.2,14669
2021-06-15 09:25:17,6685.2,14669
2021-06-15 09:25:18,6685.2,14669
2021-06-15 09:25:19,6685.2,14669
2021-06-15 09:25:20,6685.2,14669
2021-06-15 09:25:21,6685.2,14669
2021-06-15 09:25:22,6685.2,14669
2021-06-15 09:25:23,6688.6,14670
2021-06-15 09:25:24,6688.6,14670
2021-06-15 09:25:25,6688.6,14670
2021-06-15 09:25:26,6688.6,14670
2021-06-15 09:25:27,6685.9,14705
2021-06-15 09:25:28,6688.6,14714
2021-06-15 09:25:29,6688.6,14714
2021-06-15 09:25:30,6688.6,14714
2021-06-15 09:25:31,6688.6,14714
2021-06-15 09:25:32,6688.6,14714
2021-06-15 09:25:33,6688.6,14714
2021-06-15 09:25:34,6685.8,14716
2021-06-15 09:25:35,6685.8,14718
2021-06-15 09:25:36,6685.8,14718
2021-06-15 09:25:37,6685.8,14718
2021-06-15 09:25:38,6688.95,14730
2021-06-15 09:25:39,6688.95,14730
2021-06-15 09:25:40,6690.0,14740
2021-06-15 09:25:41,6690.0,14740
2021-06-15 09:25:42,6690.0,14740
2021-06-15 09:25:43,6690.0,14740
2021-06-15 09:25:44,6690.0,14740
2021-06-15 09:25:45,6686.25,14748
2021-06-15 09:25:46,6686.25,14748
2021-06-15 09:25:47,6691.05,14750
2021-06-15 09:25:48,6691.05,14750
2021-06-15 09:25:49,6690.0,14751
2021-06-15 09:25:50,6690.0,14751
2021-06-15 09:25:51,6690.9,14761
2021-06-15 09:25:52,6690.9,14761
2021-06-15 09:25:53,6693.0,14876
2021-06-15 09:25:54,6694.0,14877
2021-06-15 09:25:55,6693.6,14926
2021-06-15 09:25:56,6693.6,14926
2021-06-15 09:25:57,6693.6,14926
2021-06-15 09:25:58,6693.6,14926
2021-06-15 09:25:59,6693.6,14930
2021-06-15 09:26:00,6694.0,15018
2021-06-15 09:26:01,6694.0,15023
2021-06-15 09:26:02,6694.0,15028
2021-06-15 09:26:03,6694.0,15028
2021-06-15 09:26:04,6695.7,15029
2021-06-15 09:26:05,6694.75,15033
2021-06-15 09:26:06,6698.9,15037
2021-06-15 09:26:07,6698.9,15040
2021-06-15 09:26:08,6698.9,15040
2021-06-15 09:26:09,6695.4,15043
2021-06-15 09:26:10,6695.4,15043
2021-06-15 09:26:11,6694.85,15053
2021-06-15 09:26:12,6698.3,15057
2021-06-15 09:26:13,6695.05,15063
2021-06-15 09:26:14,6695.05,15063
2021-06-15 09:26:15,6698.7,15083
2021-06-15 09:26:16,6698.7,15083
2021-06-15 09:26:17,6699.0,15090
2021-06-15 09:26:18,6694.65,15119
2021-06-15 09:26:19,6694.65,15119
2021-06-15 09:26:20,6697.05,15121
2021-06-15 09:26:21,6695.35,15131
2021-06-15 09:26:22,6695.35,15131
2021-06-15 09:26:23,6694.65,15135
2021-06-15 09:26:24,6694.65,15135
2021-06-15 09:26:25,6695.0,15145
2021-06-15 09:26:26,6696.95,15148
2021-06-15 09:26:27,6695.15,15150
2021-06-15 09:26:29,6695.4,15162
2021-06-15 09:26:30,6695.4,15162
2021-06-15 09:26:31,6695.4,15164
2021-06-15 09:26:32,6695.05,15168
2021-06-15 09:26:33,6695.05,15168
2021-06-15 09:26:34,6695.3,15188
2021-06-15 09:26:35,6698.65,15196
2021-06-15 09:26:36,6695.75,15206
2021-06-15 09:26:37,6695.6,15217
2021-06-15 09:26:38,6695.6,15227
2021-06-15 09:26:39,6697.2,15329
2021-06-15 09:26:40,6698.85,15353
2021-06-15 09:26:41,6695.3,15361
2021-06-15 09:26:42,6695.35,15369
2021-06-15 09:26:43,6695.45,15405
2021-06-15 09:26:44,6698.8,15432
2021-06-15 09:26:45,6695.45,15436
2021-06-15 09:26:47,6698.8,15445
2021-06-15 09:26:48,6695.6,15467
2021-06-15 09:26:49,6699.0,15490
2021-06-15 09:26:50,6699.0,15498
2021-06-15 09:26:51,6695.65,15506
2021-06-15 09:26:52,6699.4,15551
2021-06-15 09:26:53,6699.0,15557
2021-06-15 09:26:54,6699.0,15557
2021-06-15 09:26:55,6699.0,15557
2021-06-15 09:26:56,6699.0,15557
2021-06-15 09:26:58,6699.0,15557
2021-06-15 09:26:59,6699.0,15557
2021-06-15 09:27:00,6695.9,15565
2021-06-15 09:27:01,6695.9,15565
2021-06-15 09:27:02,6695.9,15565
2021-06-15 09:27:04,6695.9,15565
2021-06-15 09:27:05,6695.9,15565
2021-06-15 09:27:06,6695.9,15565
2021-06-15 09:27:08,6695.9,15565
2021-06-15 09:27:08,6695.9,15565
2021-06-15 09:27:09,6695.9,15565
2021-06-15 09:27:10,6699.15,15575
2021-06-15 09:27:11,6699.15,15575
2021-06-15 09:27:12,6695.8,15583
2021-06-15 09:27:13,6695.8,15583
2021-06-15 09:27:14,6699.1,15588
2021-06-15 09:27:15,6695.0,15698
2021-06-15 09:27:16,6697.85,15730
2021-06-15 09:27:17,6697.85,15730
2021-06-15 09:27:18,6695.0,15738
2021-06-15 09:27:20,6696.0,15750
2021-06-15 09:27:20,6696.0,15750
2021-06-15 09:27:21,6696.0,15750
2021-06-15 09:27:22,6696.0,15750
2021-06-15 09:27:24,6695.0,15758
2021-06-15 09:27:25,6695.0,15758
2021-06-15 09:27:26,6695.0,15758
2021-06-15 09:27:26,6695.0,15758
2021-06-15 09:27:28,6695.0,15766
2021-06-15 09:27:31,6695.0,15770
2021-06-15 09:27:34,6696.75,15955
2021-06-15 09:27:35,6696.95,15975
2021-06-15 09:27:36,6696.95,15975
2021-06-15 09:27:37,6693.35,15978
2021-06-15 09:27:38,6693.35,15978
2021-06-15 09:27:39,6693.35,15978
2021-06-15 09:27:40,6693.35,15978
2021-06-15 09:27:41,6693.35,15978
2021-06-15 09:27:42,6693.35,15978
2021-06-15 09:27:43,6693.35,15978
2021-06-15 09:27:44,6693.35,15978
2021-06-15 09:27:45,6695.0,15979
2021-06-15 09:27:46,6695.0,15979
2021-06-15 09:27:47,6695.0,15979
2021-06-15 09:27:49,6696.55,16026
2021-06-15 09:27:50,6693.9,16039
2021-06-15 09:27:50,6696.55,16048
2021-06-15 09:27:52,6696.55,16048
2021-06-15 09:27:53,6696.55,16048
2021-06-15 09:27:54,6696.55,16048
2021-06-15 09:27:55,6696.55,16048
2021-06-15 09:27:57,6693.2,16056
2021-06-15 09:27:57,6693.2,16056
2021-06-15 09:28:00,6692.9,16060
2021-06-15 09:28:00,6692.55,16064
2021-06-15 09:28:02,6694.55,16067
2021-06-15 09:28:02,6694.55,16067
2021-06-15 09:28:03,6694.55,16067
2021-06-15 09:28:04,6694.55,16067
2021-06-15 09:28:06,6694.55,16067
2021-06-15 09:28:07,6694.55,16067
2021-06-15 09:28:08,6694.55,16067
2021-06-15 09:28:10,6693.9,16092
2021-06-15 09:28:10,6693.9,16092
2021-06-15 09:28:11,6690.05,16102
2021-06-15 09:28:12,6690.05,16102
2021-06-15 09:28:13,6690.05,16102
2021-06-15 09:28:14,6691.45,16104
2021-06-15 09:28:15,6691.45,16104
2021-06-15 09:28:16,6693.15,16105
2021-06-15 09:28:17,6692.0,16106
2021-06-15 09:28:18,6692.0,16106
2021-06-15 09:28:19,6690.25,16108
2021-06-15 09:28:21,6692.0,16113
2021-06-15 09:28:22,6690.1,16117
2021-06-15 09:28:23,6690.0,16144
2021-06-15 09:28:23,6689.05,16148
2021-06-15 09:28:24,6692.0,16154
2021-06-15 09:28:25,6689.45,16163
2021-06-15 09:28:26,6689.45,16163
2021-06-15 09:28:27,6694.0,16164
2021-06-15 09:28:28,6694.0,16164
2021-06-15 09:28:29,6689.45,16168
2021-06-15 09:28:30,6692.35,16195
2021-06-15 09:28:31,6693.65,16205
2021-06-15 09:28:32,6693.25,16213
2021-06-15 09:28:33,6693.25,16213
2021-06-15 09:28:34,6693.25,16213
2021-06-15 09:28:35,6693.25,16213
2021-06-15 09:28:36,6693.25,16213
2021-06-15 09:28:37,6693.25,16213
2021-06-15 09:28:38,6693.25,16213
2021-06-15 09:28:40,6693.25,16213
2021-06-15 09:28:41,6693.25,16213
2021-06-15 09:28:42,6689.55,16230
2021-06-15 09:28:43,6689.0,16237
2021-06-15 09:28:44,6693.4,16262
2021-06-15 09:28:45,6689.95,16367
2021-06-15 09:28:46,6691.95,16388
2021-06-15 09:28:48,6692.4,16396
2021-06-15 09:28:49,6692.4,16396
2021-06-15 09:28:50,6692.4,16396
2021-06-15 09:28:51,6692.4,16396
2021-06-15 09:28:52,6692.4,16396
2021-06-15 09:28:53,6692.4,16396
2021-06-15 09:28:54,6692.4,16396
2021-06-15 09:28:55,6692.4,16396
2021-06-15 09:28:56,6692.4,16396
2021-06-15 09:28:57,6692.4,16396
2021-06-15 09:28:58,6692.4,16396
2021-06-15 09:28:59,6692.4,16396
2021-06-15 09:29:01,6690.25,16399
2021-06-15 09:29:02,6690.25,16399
2021-06-15 09:29:03,6690.0,16454
2021-06-15 09:29:04,6691.05,16464
2021-06-15 09:29:05,6688.2,16471
2021-06-15 09:29:06,6688.2,16471
2021-06-15 09:29:07,6692.0,16670
2021-06-15 09:29:08,6693.0,16671
2021-06-15 09:29:09,6693.0,16671
2021-06-15 09:29:10,6694.35,16684
2021-06-15 09:29:11,6694.35,16684
2021-06-15 09:29:12,6694.35,16684
2021-06-15 09:29:13,6694.35,16684
2021-06-15 09:29:14,6694.35,16684
2021-06-15 09:29:15,6694.35,16684
2021-06-15 09:29:17,6694.35,16684
2021-06-15 09:29:17,6694.35,16684
2021-06-15 09:29:19,6697.7,16699
2021-06-15 09:29:20,6697.7,16699
2021-06-15 09:29:21,6697.7,16699
2021-06-15 09:29:22,6697.55,16704
2021-06-15 09:29:22,6692.7,16706
2021-06-15 09:29:23,6693.95,16709
2021-06-15 09:29:24,6697.0,16729
2021-06-15 09:29:25,6697.0,16729
2021-06-15 09:29:26,6697.0,16729
2021-06-15 09:29:27,6697.0,16729
2021-06-15 09:29:29,6692.4,16733
2021-06-15 09:29:31,6692.4,16733
2021-06-15 09:29:32,6692.4,16733
2021-06-15 09:29:33,6692.4,16733
2021-06-15 09:29:33,6692.4,16733
2021-06-15 09:29:34,6696.9,16763
2021-06-15 09:29:35,6696.9,16763
2021-06-15 09:29:36,6696.9,16763
2021-06-15 09:29:37,6693.7,16773
2021-06-15 09:29:38,6693.7,16773
2021-06-15 09:29:39,6695.75,16788
2021-06-15 09:29:40,6692.4,16850
2021-06-15 09:29:41,6693.95,16863
2021-06-15 09:29:42,6693.95,16863
2021-06-15 09:29:43,6693.95,16863
2021-06-15 09:29:46,6693.95,16863
2021-06-15 09:29:47,6693.95,16863
2021-06-15 09:29:48,6693.95,16863
2021-06-15 09:29:49,6693.95,16863
2021-06-15 09:29:50,6693.95,16863
2021-06-15 09:29:51,6693.95,16863
2021-06-15 09:29:52,6693.95,16863
2021-06-15 09:29:53,6693.95,16863
2021-06-15 09:29:54,6693.0,16868
2021-06-15 09:29:55,6693.0,16868
2021-06-15 09:29:56,6693.0,16868
2021-06-15 09:29:58,6695.85,16920
2021-06-15 09:29:59,6695.85,16920
2021-06-15 09:30:00,6695.85,16920
2021-06-15 09:30:01,6695.85,16920
2021-06-15 09:30:02,6694.85,16927
2021-06-15 09:30:03,6694.85,16927
2021-06-15 09:30:04,6693.25,16929
2021-06-15 09:30:06,6697.65,16956
2021-06-15 09:30:06,6697.65,16956
2021-06-15 09:30:08,6693.8,16982
2021-06-15 09:30:09,6698.4,17297
2021-06-15 09:30:10,6698.4,17297
2021-06-15 09:30:11,6698.35,17314
2021-06-15 09:30:12,6698.35,17314
2021-06-15 09:30:13,6698.35,17314
2021-06-15 09:30:14,6700.0,17354
2021-06-15 09:30:15,6700.0,17354
2021-06-15 09:30:16,6697.55,17362
2021-06-15 09:30:17,6700.0,17412
2021-06-15 09:30:18,6700.0,17425
2021-06-15 09:30:19,6700.0,17436
2021-06-15 09:30:20,6700.0,17436
2021-06-15 09:30:21,6697.4,17444
2021-06-15 09:30:22,6697.4,17444
2021-06-15 09:30:23,6700.0,17459
2021-06-15 09:30:24,6697.45,17463
2021-06-15 09:30:25,6697.5,17467
2021-06-15 09:30:26,6697.45,17471
2021-06-15 09:30:27,6700.0,17476
2021-06-15 09:30:27,6700.0,17476
2021-06-15 09:30:28,6700.0,17476
2021-06-15 09:30:29,6700.0,17476
2021-06-15 09:30:30,6700.0,17476
2021-06-15 09:30:31,6700.0,17486
2021-06-15 09:30:32,6700.0,17488
2021-06-15 09:30:33,6700.0,17489
2021-06-15 09:30:34,6700.0,17489
2021-06-15 09:30:35,6700.0,17489
2021-06-15 09:30:36,6700.0,17499
2021-06-15 09:30:37,6700.0,17499
2021-06-15 09:30:38,6699.55,17838
2021-06-15 09:30:39,6702.15,17840
2021-06-15 09:30:40,6702.45,17844
2021-06-15 09:30:41,6702.75,17853
2021-06-15 09:30:42,6702.75,17853
2021-06-15 09:30:44,6703.15,17896
2021-06-15 09:30:45,6703.15,17899
2021-06-15 09:30:47,6703.15,17899
2021-06-15 09:30:46,6703.15,17899
2021-06-15 09:30:48,6699.8,17904
2021-06-15 09:30:49,6699.45,17908
2021-06-15 09:30:51,6699.4,17909
2021-06-15 09:30:52,6699.4,17909
2021-06-15 09:30:53,6699.4,17909
2021-06-15 09:30:54,6702.5,17915
2021-06-15 09:30:55,6702.5,17915
2021-06-15 09:30:56,6703.0,17956
2021-06-15 09:30:57,6703.0,17956
2021-06-15 09:30:58,6702.35,17960
2021-06-15 09:30:59,6702.35,17960
2021-06-15 09:31:00,6703.0,17965
2021-06-15 09:31:02,6703.0,17985
2021-06-15 09:31:03,6703.0,17986
2021-06-15 09:31:04,6702.5,18000
2021-06-15 09:31:05,6703.0,18001
2021-06-15 09:31:06,6702.35,18005
2021-06-15 09:31:07,6702.35,18005
2021-06-15 09:31:10,6699.95,18009
2021-06-15 09:31:10,6699.95,18009
2021-06-15 09:31:13,6702.35,18039
2021-06-15 09:31:14,6702.35,18039
2021-06-15 09:31:15,6702.35,18039
2021-06-15 09:31:17,6702.35,18044
2021-06-15 09:31:18,6702.0,18048
2021-06-15 09:31:19,6702.15,18049
2021-06-15 09:31:20,6702.15,18050
2021-06-15 09:31:21,6702.1,18051
2021-06-15 09:31:22,6702.1,18051
2021-06-15 09:31:23,6700.15,18153
2021-06-15 09:31:23,6700.15,18153
2021-06-15 09:31:24,6701.65,18176
2021-06-15 09:31:25,6701.65,18176
2021-06-15 09:31:26,6701.65,18176
2021-06-15 09:31:28,6701.65,18176
2021-06-15 09:31:29,6701.65,18176
2021-06-15 09:31:30,6701.65,18176
2021-06-15 09:31:31,6701.65,18176
2021-06-15 09:31:32,6701.65,18176
2021-06-15 09:31:32,6701.65,18176
2021-06-15 09:31:34,6701.65,18176
2021-06-15 09:31:34,6701.65,18176
2021-06-15 09:31:35,6699.0,18184
2021-06-15 09:31:36,6699.0,18184
2021-06-15 09:31:38,6699.0,18188
2021-06-15 09:31:39,6699.0,18188
2021-06-15 09:31:39,6699.0,18196
2021-06-15 09:31:41,6699.0,18196
2021-06-15 09:31:42,6699.0,18196
2021-06-15 09:31:43,6699.0,18196
2021-06-15 09:31:43,6699.0,18196
2021-06-15 09:31:44,6699.0,18196
2021-06-15 09:31:46,6695.45,18211
2021-06-15 09:31:47,6695.45,18211
2021-06-15 09:31:48,6695.45,18211
2021-06-15 09:31:49,6695.95,18215
2021-06-15 09:31:50,6694.55,18224
2021-06-15 09:31:52,6695.5,18226
2021-06-15 09:31:53,6695.5,18226
2021-06-15 09:31:54,6698.9,18259
2021-06-15 09:31:56,6698.9,18259
2021-06-15 09:31:56,6698.9,18259
2021-06-15 09:31:57,6698.9,18259
2021-06-15 09:31:58,6698.9,18259
2021-06-15 09:31:59,6697.05,18264
2021-06-15 09:32:01,6697.05,18267
2021-06-15 09:32:02,6699.95,18275
2021-06-15 09:32:03,6699.95,18275
2021-06-15 09:32:04,6699.95,18275
2021-06-15 09:32:05,6696.0,18283
2021-06-15 09:32:05,6696.0,18283
2021-06-15 09:32:06,6696.15,18307
2021-06-15 09:32:08,6699.4,18313
2021-06-15 09:32:09,6699.4,18313
2021-06-15 09:32:09,6698.9,18318
2021-06-15 09:32:10,6698.9,18318
2021-06-15 09:32:11,6697.1,18320
2021-06-15 09:32:12,6697.1,18320
2021-06-15 09:32:13,6697.1,18320
2021-06-15 09:32:14,6697.1,18320
2021-06-15 09:32:15,6697.1,18320
2021-06-15 09:32:16,6697.1,18320
2021-06-15 09:32:17,6697.1,18320
2021-06-15 09:32:19,6697.1,18320
2021-06-15 09:32:20,6697.1,18320
2021-06-15 09:32:20,6697.1,18320
2021-06-15 09:32:21,6697.1,18320
2021-06-15 09:32:22,6697.1,18320
2021-06-15 09:32:23,6697.95,18336
2021-06-15 09:32:25,6697.95,18336
2021-06-15 09:32:25,6695.55,18338
2021-06-15 09:32:27,6695.5,18346
2021-06-15 09:32:28,6698.8,18366
2021-06-15 09:32:29,6695.5,18393
2021-06-15 09:32:30,6693.05,18399
2021-06-15 09:32:31,6693.0,18403
2021-06-15 09:32:32,6693.05,18404
2021-06-15 09:32:32,6693.05,18404
2021-06-15 09:32:34,6691.05,18436
2021-06-15 09:32:35,6691.05,18436
2021-06-15 09:32:36,6691.9,18440
2021-06-15 09:32:37,6691.05,18444
2021-06-15 09:32:38,6690.25,18490
2021-06-15 09:32:39,6687.4,18558
2021-06-15 09:32:40,6687.4,18558
2021-06-15 09:32:41,6689.95,18571
2021-06-15 09:32:42,6689.95,18571
2021-06-15 09:32:43,6689.9,18574
2021-06-15 09:32:44,6689.9,18574
2021-06-15 09:32:45,6689.9,18574
2021-06-15 09:32:46,6687.15,18579
2021-06-15 09:32:47,6686.7,18599
2021-06-15 09:32:48,6686.7,18599
2021-06-15 09:32:49,6686.85,18601
2021-06-15 09:32:50,6686.4,18607
2021-06-15 09:32:51,6685.3,18611
2021-06-15 09:32:52,6685.0,18715
2021-06-15 09:32:52,6685.0,18729
2021-06-15 09:32:54,6685.0,18731
2021-06-15 09:32:56,6685.0,18733
2021-06-15 09:32:57,6685.0,18733
2021-06-15 09:32:59,6685.0,18733
2021-06-15 09:33:00,6685.0,18735
2021-06-15 09:33:02,6687.65,19088
2021-06-15 09:33:03,6685.85,19098
2021-06-15 09:33:03,6685.85,19098
2021-06-15 09:33:04,6685.85,19098
2021-06-15 09:33:05,6686.4,19101
2021-06-15 09:33:06,6689.5,19143
2021-06-15 09:33:09,6690.0,19661
2021-06-15 09:33:10,6690.0,19661
2021-06-15 09:33:10,6690.0,19661
2021-06-15 09:33:11,6690.0,19661
2021-06-15 09:33:12,6694.05,19762
2021-06-15 09:33:13,6694.05,19764
2021-06-15 09:33:14,6694.05,19800
2021-06-15 09:33:15,6696.85,19802
2021-06-15 09:33:16,6696.85,19802
2021-06-15 09:33:18,6696.85,19802
2021-06-15 09:33:19,6696.85,19802
2021-06-15 09:33:19,6694.8,19804
2021-06-15 09:33:20,6696.85,19839
2021-06-15 09:33:21,6697.0,19854
2021-06-15 09:33:22,6693.85,19858
2021-06-15 09:33:23,6693.55,19864
2021-06-15 09:33:24,6693.55,19864
2021-06-15 09:33:26,6697.8,19866
2021-06-15 09:33:27,6693.6,19868
2021-06-15 09:33:28,6693.6,19872
2021-06-15 09:33:29,6693.6,19872
2021-06-15 09:33:30,6693.6,19872
2021-06-15 09:33:30,6693.65,19874
2021-06-15 09:33:33,6692.85,19878
2021-06-15 09:33:34,6692.85,19878
2021-06-15 09:33:35,6692.55,19880
2021-06-15 09:33:36,6692.55,19880
2021-06-15 09:33:37,6692.55,19880
2021-06-15 09:33:38,6696.7,19881
2021-06-15 09:33:39,6696.7,19881
2021-06-15 09:33:40,6696.7,19881
2021-06-15 09:33:41,6695.0,19893
2021-06-15 09:33:42,6695.0,19893
2021-06-15 09:33:43,6695.0,19893
2021-06-15 09:33:44,6696.0,19931
2021-06-15 09:33:44,6696.0,19931
2021-06-15 09:33:46,6693.0,19946
2021-06-15 09:33:46,6693.0,19946
2021-06-15 09:33:47,6693.0,19946
2021-06-15 09:33:48,6693.0,19946
2021-06-15 09:33:49,6693.0,19946
2021-06-15 09:33:51,6693.0,19946
2021-06-15 09:33:52,6693.0,19946
2021-06-15 09:33:53,6693.0,19946
2021-06-15 09:33:54,6693.0,19946
2021-06-15 09:33:54,6693.0,19946
2021-06-15 09:33:55,6693.0,19946
2021-06-15 09:33:56,6693.0,19946
2021-06-15 09:33:57,6693.0,19946
2021-06-15 09:33:59,6693.0,19946
2021-06-15 09:34:00,6693.0,19946
2021-06-15 09:34:01,6687.3,20146
2021-06-15 09:34:02,6687.3,20146
2021-06-15 09:34:03,6687.3,20146
2021-06-15 09:34:04,6687.3,20146
2021-06-15 09:34:05,6687.3,20146
2021-06-15 09:34:06,6687.3,20146
2021-06-15 09:34:07,6687.3,20146
2021-06-15 09:34:08,6687.3,20146
2021-06-15 09:34:09,6687.3,20146
2021-06-15 09:34:10,6688.1,20148
2021-06-15 09:34:10,6688.1,20148
2021-06-15 09:34:12,6688.1,20153
2021-06-15 09:34:13,6688.1,20153
2021-06-15 09:34:13,6688.1,20153
2021-06-15 09:34:14,6688.1,20155
2021-06-15 09:34:15,6688.2,20162
2021-06-15 09:34:16,6688.2,20162
2021-06-15 09:34:18,6688.2,20162
2021-06-15 09:34:20,6688.2,20162
2021-06-15 09:34:21,6688.2,20162
2021-06-15 09:34:21,6688.2,20162
2021-06-15 09:34:22,6688.2,20172
2021-06-15 09:34:23,6688.2,20172
2021-06-15 09:34:25,6688.2,20172
2021-06-15 09:34:26,6688.2,20172
2021-06-15 09:34:27,6689.8,20180
2021-06-15 09:34:28,6689.8,20180
2021-06-15 09:34:29,6689.8,20180
2021-06-15 09:34:30,6689.8,20180
2021-06-15 09:34:31,6692.8,20181
2021-06-15 09:34:32,6692.8,20181
2021-06-15 09:34:33,6692.8,20181
2021-06-15 09:34:34,6689.8,20189
2021-06-15 09:34:35,6689.8,20189
2021-06-15 09:34:36,6689.8,20189
2021-06-15 09:34:36,6689.8,20189
2021-06-15 09:34:38,6689.8,20189
2021-06-15 09:34:39,6689.8,20189
2021-06-15 09:34:40,6689.8,20189
2021-06-15 09:34:41,6689.8,20189
2021-06-15 09:34:42,6689.8,20194
2021-06-15 09:34:43,6689.8,20194
2021-06-15 09:34:44,6689.8,20194
2021-06-15 09:34:45,6689.8,20194
2021-06-15 09:34:46,6689.8,20194
2021-06-15 09:34:46,6689.8,20194
2021-06-15 09:34:47,6689.8,20194
2021-06-15 09:34:49,6689.8,20194
2021-06-15 09:34:52,6692.0,20296
2021-06-15 09:34:52,6690.15,20346
2021-06-15 09:34:54,6690.15,20346
2021-06-15 09:34:54,6690.15,20346
2021-06-15 09:34:56,6690.15,20346
2021-06-15 09:34:57,6690.15,20346
2021-06-15 09:34:58,6690.15,20346
2021-06-15 09:34:59,6690.15,20346
2021-06-15 09:35:00,6690.15,20346
2021-06-15 09:35:01,6690.15,20346
2021-06-15 09:35:02,6686.0,20651
2021-06-15 09:35:04,6686.0,20651
2021-06-15 09:35:05,6685.65,20652
2021-06-15 09:35:06,6685.65,20652
2021-06-15 09:35:06,6685.65,20652
2021-06-15 09:35:07,6688.2,20677
2021-06-15 09:35:08,6688.2,20677
2021-06-15 09:35:09,6688.2,20677
2021-06-15 09:35:10,6688.2,20677
2021-06-15 09:35:12,6688.0,20692
2021-06-15 09:35:13,6688.0,20692
2021-06-15 09:35:14,6688.0,20692
2021-06-15 09:35:15,6688.0,20692
2021-06-15 09:35:16,6688.0,20692
2021-06-15 09:35:16,6688.0,20692
2021-06-15 09:35:17,6688.0,20692
2021-06-15 09:35:18,6688.0,20692
2021-06-15 09:35:20,6688.0,20701
2021-06-15 09:35:21,6688.0,20701
2021-06-15 09:35:22,6688.0,20701
2021-06-15 09:35:23,6688.0,20701
2021-06-15 09:35:24,6692.75,20706
2021-06-15 09:35:25,6692.75,20706
2021-06-15 09:35:26,6692.75,20706
2021-06-15 09:35:27,6692.75,20706
2021-06-15 09:35:28,6692.75,20706
2021-06-15 09:35:28,6692.75,20706
2021-06-15 09:35:31,6692.25,20716
2021-06-15 09:35:32,6692.25,20716
2021-06-15 09:35:33,6692.25,20716
2021-06-15 09:35:34,6692.25,20716
2021-06-15 09:35:35,6693.5,20766
2021-06-15 09:35:35,6693.5,20766
2021-06-15 09:35:37,6693.5,20766
2021-06-15 09:35:38,6693.5,20766
2021-06-15 09:35:39,6693.5,20766
2021-06-15 09:35:40,6693.5,20766
2021-06-15 09:35:42,6693.5,20766
2021-06-15 09:35:43,6693.5,20766
2021-06-15 09:35:45,6692.25,20783
2021-06-15 09:35:46,6692.25,20783
2021-06-15 09:35:48,6692.25,20783
2021-06-15 09:35:47,6692.25,20783
2021-06-15 09:35:49,6692.25,20783
2021-06-15 09:35:50,6692.25,20783
2021-06-15 09:35:51,6692.25,20783
2021-06-15 09:35:52,6692.25,20783
2021-06-15 09:35:54,6692.25,20784
2021-06-15 09:35:55,6692.25,20784
2021-06-15 09:35:56,6692.25,20784
2021-06-15 09:35:57,6692.25,20784
2021-06-15 09:35:58,6692.25,20784
2021-06-15 09:35:59,6692.25,20784
2021-06-15 09:36:01,6688.0,20984
2021-06-15 09:36:02,6688.0,20984
2021-06-15 09:36:03,6688.0,20984
2021-06-15 09:36:04,6687.1,20989
2021-06-15 09:36:05,6685.55,20991
2021-06-15 09:36:06,6685.55,20991
2021-06-15 09:36:07,6685.55,20991
2021-06-15 09:36:08,6685.55,20991
2021-06-15 09:36:09,6687.1,21011
2021-06-15 09:36:10,6687.1,21011
2021-06-15 09:36:11,6687.1,21011
2021-06-15 09:36:12,6687.1,21011
2021-06-15 09:36:13,6687.1,21011
2021-06-15 09:36:14,6687.1,21011
2021-06-15 09:36:15,6687.1,21011
2021-06-15 09:36:16,6687.1,21011
2021-06-15 09:36:17,6687.1,21011
2021-06-15 09:36:18,6687.1,21011
2021-06-15 09:36:19,6685.0,21159
2021-06-15 09:36:20,6685.0,21159
2021-06-15 09:36:21,6685.0,21159
2021-06-15 09:36:22,6685.0,21159
2021-06-15 09:36:23,6685.0,21159
2021-06-15 09:36:24,6684.0,21160
2021-06-15 09:36:25,6684.0,21160
2021-06-15 09:36:27,6684.0,21160
2021-06-15 09:36:28,6684.0,21160
2021-06-15 09:36:29,6686.15,21161
2021-06-15 09:36:30,6686.15,21161
2021-06-15 09:36:32,6686.15,21230
2021-06-15 09:36:33,6686.15,21230
2021-06-15 09:36:34,6686.15,21230
2021-06-15 09:36:35,6686.15,21230
2021-06-15 09:36:36,6686.1,21233
2021-06-15 09:36:37,6686.1,21233
2021-06-15 09:36:38,6686.1,21233
2021-06-15 09:36:39,6684.8,21237
2021-06-15 09:36:40,6684.8,21237
2021-06-15 09:36:41,6684.8,21237
2021-06-15 09:36:42,6684.8,21237
2021-06-15 09:36:43,6684.8,21237
2021-06-15 09:36:44,6684.8,21237
2021-06-15 09:36:45,6684.8,21237
2021-06-15 09:36:47,6684.8,21237
2021-06-15 09:36:48,6684.8,21237
2021-06-15 09:36:49,6687.6,21240
2021-06-15 09:36:50,6687.6,21240
2021-06-15 09:36:51,6687.6,21240
2021-06-15 09:36:52,6687.6,21240
2021-06-15 09:36:53,6687.6,21240
2021-06-15 09:36:54,6687.6,21240
2021-06-15 09:36:55,6686.1,21242
2021-06-15 09:36:56,6686.1,21242
2021-06-15 09:36:57,6686.1,21242
2021-06-15 09:36:58,6686.1,21242
2021-06-15 09:36:59,6686.1,21242
2021-06-15 09:37:00,6686.1,21242
2021-06-15 09:37:01,6686.1,21242
2021-06-15 09:37:02,6686.1,21242
2021-06-15 09:37:03,6686.1,21242
2021-06-15 09:37:04,6686.1,21242
2021-06-15 09:37:06,6685.0,21268
2021-06-15 09:37:07,6685.0,21268
2021-06-15 09:37:08,6685.0,21268
2021-06-15 09:37:09,6685.0,21268
2021-06-15 09:37:10,6686.25,21372
2021-06-15 09:37:11,6686.25,21372
2021-06-15 09:37:12,6686.25,21372
2021-06-15 09:37:13,6686.3,21377
2021-06-15 09:37:14,6686.3,21377
2021-06-15 09:37:15,6686.3,21377
2021-06-15 09:37:16,6686.3,21378
2021-06-15 09:37:17,6686.3,21378
2021-06-15 09:37:18,6686.3,21378
2021-06-15 09:37:19,6686.3,21378
2021-06-15 09:37:20,6686.3,21378
2021-06-15 09:37:21,6686.3,21378
2021-06-15 09:37:23,6686.3,21378
2021-06-15 09:37:24,6686.3,21378
2021-06-15 09:37:27,6686.3,21378
2021-06-15 09:37:28,6686.3,21378
2021-06-15 09:37:29,6686.3,21378
2021-06-15 09:37:31,6686.3,21378
2021-06-15 09:37:32,6686.3,21378
2021-06-15 09:37:33,6686.3,21378
2021-06-15 09:37:34,6686.3,21378
2021-06-15 09:37:35,6685.9,21381
2021-06-15 09:37:37,6685.9,21381
2021-06-15 09:37:38,6685.9,21381
2021-06-15 09:37:39,6685.9,21381
2021-06-15 09:37:40,6685.95,21382
2021-06-15 09:37:41,6685.95,21382
2021-06-15 09:37:42,6685.95,21382
2021-06-15 09:37:43,6685.7,21395
2021-06-15 09:37:44,6685.7,21395
2021-06-15 09:37:45,6685.0,21397
2021-06-15 09:37:46,6685.0,21397
2021-06-15 09:37:47,6684.0,21414
2021-06-15 09:37:48,6684.0,21414
2021-06-15 09:37:50,6684.0,21416
2021-06-15 09:37:51,6684.0,21416
2021-06-15 09:37:53,6684.0,21416
2021-06-15 09:37:54,6684.0,21416
2021-06-15 09:37:55,6684.0,21416
2021-06-15 09:37:57,6684.0,21521
2021-06-15 09:37:57,6683.0,21541
2021-06-15 09:37:59,6683.0,21541
2021-06-15 09:37:59,6684.0,21561
2021-06-15 09:38:02,6682.25,21608
2021-06-15 09:38:02,6682.25,21608
2021-06-15 09:38:03,6682.25,21608
2021-06-15 09:38:04,6682.25,21608
2021-06-15 09:38:05,6682.25,21608
2021-06-15 09:38:06,6681.1,21635
2021-06-15 09:38:07,6680.0,22148
2021-06-15 09:38:08,6680.0,22148
2021-06-15 09:38:09,6678.5,22151
2021-06-15 09:38:10,6678.5,22151
2021-06-15 09:38:12,6678.5,22151
2021-06-15 09:38:12,6678.5,22151
2021-06-15 09:38:13,6679.5,22153
2021-06-15 09:38:14,6678.0,22197
2021-06-15 09:38:15,6678.0,22212
2021-06-15 09:38:16,6678.0,22226
2021-06-15 09:38:17,6678.0,22230
2021-06-15 09:38:18,6678.0,22330
2021-06-15 09:38:19,6678.0,22345
2021-06-15 09:38:20,6678.5,22413
2021-06-15 09:38:22,6678.5,22413
2021-06-15 09:38:23,6678.5,22413
2021-06-15 09:38:24,6678.05,22423
2021-06-15 09:38:24,6678.05,22423
2021-06-15 09:38:25,6678.05,22423
2021-06-15 09:38:26,6678.15,22428
2021-06-15 09:38:27,6684.05,23084
2021-06-15 09:38:28,6684.05,23084
2021-06-15 09:38:29,6683.15,23294
2021-06-15 09:38:30,6683.15,23294
2021-06-15 09:38:31,6683.15,23294
2021-06-15 09:38:32,6683.15,23294
2021-06-15 09:38:33,6686.25,23300
2021-06-15 09:38:34,6686.25,23300
2021-06-15 09:38:35,6686.25,23300
2021-06-15 09:38:36,6686.25,23300
2021-06-15 09:38:37,6685.4,23304
2021-06-15 09:38:38,6685.8,23308
2021-06-15 09:38:39,6687.0,23335
2021-06-15 09:38:40,6685.75,23339
2021-06-15 09:38:41,6684.4,23353
2021-06-15 09:38:44,6687.0,23355
2021-06-15 09:38:46,6687.0,23365
2021-06-15 09:38:45,6687.0,23365
2021-06-15 09:38:47,6690.3,23390
2021-06-15 09:38:48,6690.3,23390
2021-06-15 09:38:49,6690.3,23390
2021-06-15 09:38:50,6690.3,23390
2021-06-15 09:38:51,6688.2,23397
2021-06-15 09:38:52,6688.2,23397
2021-06-15 09:38:53,6688.2,23397
2021-06-15 09:38:54,6688.2,23397
2021-06-15 09:38:55,6688.2,23397
2021-06-15 09:38:57,6688.2,23397
2021-06-15 09:38:57,6688.2,23397
2021-06-15 09:38:59,6688.2,23397
2021-06-15 09:39:01,6687.0,23401
2021-06-15 09:39:01,6687.0,23401
2021-06-15 09:39:02,6687.0,23401
2021-06-15 09:39:04,6687.0,23534
2021-06-15 09:39:05,6687.0,23534
2021-06-15 09:39:06,6687.0,23534
2021-06-15 09:39:07,6687.0,23534
2021-06-15 09:39:10,6687.0,23534
2021-06-15 09:39:11,6687.0,23534
2021-06-15 09:39:12,6687.0,23534
2021-06-15 09:39:13,6687.0,23534
2021-06-15 09:39:14,6687.0,23534
2021-06-15 09:39:16,6688.15,23535
2021-06-15 09:39:17,6685.15,23536
2021-06-15 09:39:17,6685.2,23537
2021-06-15 09:39:19,6685.2,23537
2021-06-15 09:39:18,6685.2,23537
2021-06-15 09:39:20,6685.2,23537
2021-06-15 09:39:22,6685.2,23537
2021-06-15 09:39:23,6685.2,23537
2021-06-15 09:39:24,6683.0,23568
2021-06-15 09:39:24,6683.0,23568
2021-06-15 09:39:26,6683.0,23568
2021-06-15 09:39:26,6683.0,23568
2021-06-15 09:39:27,6683.0,23568
2021-06-15 09:39:28,6683.0,23568
2021-06-15 09:39:29,6683.0,23568
2021-06-15 09:39:30,6683.0,23568
2021-06-15 09:39:31,6680.4,23578
2021-06-15 09:39:32,6680.4,23578
2021-06-15 09:39:33,6680.4,23578
2021-06-15 09:39:34,6680.4,23578
2021-06-15 09:39:35,6680.05,23580
2021-06-15 09:39:36,6680.05,23580
2021-06-15 09:39:37,6680.05,23580
2021-06-15 09:39:38,6680.05,23580
2021-06-15 09:39:39,6680.05,23580
2021-06-15 09:39:41,6680.05,23580
2021-06-15 09:39:42,6680.2,23588
2021-06-15 09:39:43,6680.2,23588
2021-06-15 09:39:44,6681.0,23593
2021-06-15 09:39:44,6681.0,23593
2021-06-15 09:39:45,6681.0,23593
2021-06-15 09:39:46,6681.0,23593
2021-06-15 09:39:47,6681.0,23593
2021-06-15 09:39:48,6681.0,23593
2021-06-15 09:39:49,6681.0,23593
2021-06-15 09:39:51,6681.0,23593
2021-06-15 09:39:52,6680.2,23618
2021-06-15 09:39:52,6680.2,23618
2021-06-15 09:39:53,6680.2,23618
2021-06-15 09:39:56,6682.65,23620
2021-06-15 09:39:58,6682.65,23620
2021-06-15 09:39:57,6682.65,23620
2021-06-15 09:39:58,6682.65,23620
2021-06-15 09:39:59,6682.65,23620
2021-06-15 09:40:00,6682.65,23620
2021-06-15 09:40:01,6682.65,23620
2021-06-15 09:40:02,6682.65,23620
2021-06-15 09:40:04,6680.9,23767
2021-06-15 09:40:05,6680.9,23767
2021-06-15 09:40:06,6680.9,23767
2021-06-15 09:40:07,6680.2,23768
2021-06-15 09:40:08,6680.2,23768
2021-06-15 09:40:09,6680.2,23768
2021-06-15 09:40:10,6678.55,23788
2021-06-15 09:40:10,6678.55,23788
2021-06-15 09:40:12,6678.55,23788
2021-06-15 09:40:13,6678.55,23788
2021-06-15 09:40:14,6678.05,23793
2021-06-15 09:40:15,6678.0,23804
2021-06-15 09:40:16,6678.0,23804
2021-06-15 09:40:17,6678.55,24074
2021-06-15 09:40:18,6680.05,24214
2021-06-15 09:40:19,6680.15,24223
2021-06-15 09:40:21,6680.15,24223
2021-06-15 09:40:22,6680.15,24223
2021-06-15 09:40:23,6680.15,24223
2021-06-15 09:40:24,6681.6,24226
2021-06-15 09:40:25,6681.6,24226
2021-06-15 09:40:26,6681.6,24226
2021-06-15 09:40:27,6681.6,24226
2021-06-15 09:40:28,6681.25,24227
2021-06-15 09:40:29,6681.25,24227
2021-06-15 09:40:30,6681.25,24227
2021-06-15 09:40:31,6681.25,24232
2021-06-15 09:40:32,6681.25,24232
2021-06-15 09:40:32,6681.25,24232
2021-06-15 09:40:33,6681.25,24258
2021-06-15 09:40:35,6681.25,24258
2021-06-15 09:40:36,6681.25,24258
2021-06-15 09:40:36,6681.25,24258
2021-06-15 09:40:37,6681.25,24258
2021-06-15 09:40:39,6681.25,24258
2021-06-15 09:40:40,6681.0,24268
2021-06-15 09:40:41,6681.0,24268
2021-06-15 09:40:42,6681.0,24268
2021-06-15 09:40:43,6681.0,24268
2021-06-15 09:40:43,6681.0,24268
2021-06-15 09:40:44,6678.0,24288
2021-06-15 09:40:45,6678.0,24291
2021-06-15 09:40:46,6680.95,24296
2021-06-15 09:40:48,6680.95,24346
2021-06-15 09:40:49,6681.0,24356
2021-06-15 09:40:50,6678.0,24456
2021-06-15 09:40:51,6678.0,24456
2021-06-15 09:40:52,6681.0,24460
2021-06-15 09:40:53,6678.0,24461
2021-06-15 09:40:53,6678.0,24461
2021-06-15 09:40:55,6678.0,24461
2021-06-15 09:40:56,6678.0,24461
2021-06-15 09:40:57,6678.0,24465
2021-06-15 09:40:58,6678.0,24465
2021-06-15 09:40:59,6678.0,24465
2021-06-15 09:40:59,6678.0,24465
2021-06-15 09:41:00,6678.0,24473
2021-06-15 09:41:01,6678.0,24574
2021-06-15 09:41:02,6678.0,24574
2021-06-15 09:41:03,6679.85,24674
2021-06-15 09:41:04,6679.85,24674
2021-06-15 09:41:05,6679.85,24674
2021-06-15 09:41:06,6679.85,24674
2021-06-15 09:41:07,6679.95,24675
2021-06-15 09:41:09,6678.0,24726
2021-06-15 09:41:10,6678.0,24726
2021-06-15 09:41:11,6678.0,24726
2021-06-15 09:41:11,6678.0,24726
2021-06-15 09:41:12,6678.0,24726
2021-06-15 09:41:13,6678.0,24754
2021-06-15 09:41:14,6678.0,24754
2021-06-15 09:41:16,6678.0,24757
2021-06-15 09:41:16,6678.0,24757
2021-06-15 09:41:17,6678.0,24757
2021-06-15 09:41:19,6678.0,24767
2021-06-15 09:41:20,6678.0,24767
2021-06-15 09:41:21,6679.85,24771
2021-06-15 09:41:23,6679.85,24771
2021-06-15 09:41:24,6679.85,24771
2021-06-15 09:41:26,6679.85,24771
2021-06-15 09:41:27,6679.85,24771
2021-06-15 09:41:28,6679.85,24771
2021-06-15 09:41:29,6679.85,24771
2021-06-15 09:41:30,6679.85,24771
2021-06-15 09:41:32,6679.85,24771
2021-06-15 09:41:33,6679.85,24771
2021-06-15 09:41:33,6679.85,24771
2021-06-15 09:41:34,6679.85,24771
2021-06-15 09:41:35,6679.85,24772
2021-06-15 09:41:36,6679.85,24772
2021-06-15 09:41:37,6679.85,24778
2021-06-15 09:41:40,6679.85,24778
2021-06-15 09:41:41,6679.85,24778
2021-06-15 09:41:42,6679.85,24778
2021-06-15 09:41:43,6679.85,24778
2021-06-15 09:41:44,6679.85,24778
2021-06-15 09:41:46,6680.8,24828
2021-06-15 09:41:47,6680.8,24828
2021-06-15 09:41:47,6680.8,24878
2021-06-15 09:41:49,6680.8,24878
2021-06-15 09:41:49,6680.8,24878
2021-06-15 09:41:51,6679.85,24886
2021-06-15 09:41:52,6679.85,24886
2021-06-15 09:41:53,6680.75,24887
2021-06-15 09:41:54,6680.75,24887
2021-06-15 09:41:55,6680.75,24889
2021-06-15 09:41:56,6680.75,24889
2021-06-15 09:41:58,6680.75,24889
2021-06-15 09:41:59,6680.75,24909
2021-06-15 09:41:59,6680.75,24909
2021-06-15 09:42:01,6680.75,24909
2021-06-15 09:42:02,6680.75,24909
2021-06-15 09:42:03,6678.5,24920
2021-06-15 09:42:04,6680.75,24925
2021-06-15 09:42:05,6680.75,24940
2021-06-15 09:42:06,6680.75,24940
2021-06-15 09:42:07,6680.75,24940
2021-06-15 09:42:08,6680.75,24940
2021-06-15 09:42:08,6682.9,25011
2021-06-15 09:42:09,6682.9,25011
2021-06-15 09:42:11,6682.9,25011
2021-06-15 09:42:12,6683.65,25017
2021-06-15 09:42:13,6683.65,25017
2021-06-15 09:42:14,6683.45,25018
2021-06-15 09:42:15,6683.45,25018
2021-06-15 09:42:16,6683.45,25018
2021-06-15 09:42:17,6683.45,25018
2021-06-15 09:42:18,6680.75,25019
2021-06-15 09:42:19,6680.75,25019
2021-06-15 09:42:20,6681.85,25220
2021-06-15 09:42:21,6681.85,25224
2021-06-15 09:42:22,6681.85,25224
2021-06-15 09:42:23,6681.85,25224
2021-06-15 09:42:24,6680.9,25225
2021-06-15 09:42:25,6680.9,25225
2021-06-15 09:42:26,6680.85,25234
2021-06-15 09:42:26,6680.85,25235
2021-06-15 09:42:28,6680.85,25235
2021-06-15 09:42:29,6680.85,25235
2021-06-15 09:42:30,6680.75,25244
2021-06-15 09:42:31,6680.75,25244
2021-06-15 09:42:32,6680.75,25244
2021-06-15 09:42:34,6680.75,25244
2021-06-15 09:42:34,6680.75,25244
2021-06-15 09:42:36,6680.85,25246
2021-06-15 09:42:37,6683.0,25301
2021-06-15 09:42:38,6683.0,25301
2021-06-15 09:42:39,6683.0,25301
2021-06-15 09:42:40,6683.0,25301
2021-06-15 09:42:41,6683.0,25301
2021-06-15 09:42:42,6683.0,25301
2021-06-15 09:42:43,6683.0,25301
2021-06-15 09:42:43,6683.0,25301
2021-06-15 09:42:45,6683.0,25301
2021-06-15 09:42:46,6683.0,25301
2021-06-15 09:42:47,6680.75,25341
2021-06-15 09:42:47,6680.75,25341
2021-06-15 09:42:48,6680.2,25351
2021-06-15 09:42:49,6680.75,25376
2021-06-15 09:42:50,6680.75,25386
2021-06-15 09:42:51,6683.0,25390
2021-06-15 09:42:53,6683.0,25390
2021-06-15 09:42:55,6680.15,25393
2021-06-15 09:42:55,6680.15,25393
2021-06-15 09:42:57,6680.15,25393
2021-06-15 09:42:58,6680.15,25393
2021-06-15 09:42:59,6680.15,25393
2021-06-15 09:43:00,6680.75,25395
2021-06-15 09:43:01,6680.75,25395
2021-06-15 09:43:02,6680.75,25395
2021-06-15 09:43:03,6680.75,25395
2021-06-15 09:43:03,6680.75,25395
2021-06-15 09:43:05,6680.75,25395
2021-06-15 09:43:06,6680.75,25395
2021-06-15 09:43:07,6682.95,25396
2021-06-15 09:43:08,6682.95,25396
2021-06-15 09:43:08,6682.95,25396
2021-06-15 09:43:10,6682.95,25398
2021-06-15 09:43:12,6680.0,25498
2021-06-15 09:43:13,6682.7,25503
2021-06-15 09:43:15,6682.7,25503
2021-06-15 09:43:16,6680.0,25521
2021-06-15 09:43:16,6680.0,25521
2021-06-15 09:43:17,6680.0,25521
2021-06-15 09:43:19,6680.0,25521
2021-06-15 09:43:19,6680.0,25521
2021-06-15 09:43:20,6680.0,25521
2021-06-15 09:43:21,6681.9,25524
2021-06-15 09:43:22,6681.9,25524
2021-06-15 09:43:23,6681.7,25526
2021-06-15 09:43:24,6681.7,25526
2021-06-15 09:43:26,6681.7,25526
2021-06-15 09:43:27,6681.5,25532
2021-06-15 09:43:28,6680.25,25533
2021-06-15 09:43:29,6680.25,25533
2021-06-15 09:43:31,6681.5,25534
2021-06-15 09:43:31,6681.5,25535
2021-06-15 09:43:33,6680.75,25536
2021-06-15 09:43:34,6680.75,25536
2021-06-15 09:43:35,6680.75,25536
2021-06-15 09:43:38,6681.5,25663
2021-06-15 09:43:39,6681.5,25663
2021-06-15 09:43:41,6681.5,25663
2021-06-15 09:43:42,6681.5,25663
2021-06-15 09:43:44,6680.25,25689
2021-06-15 09:43:44,6680.25,25689
2021-06-15 09:43:47,6680.25,25717
2021-06-15 09:43:48,6680.25,25717
2021-06-15 09:43:49,6680.25,25717
2021-06-15 09:43:52,6682.2,25721
2021-06-15 09:43:53,6682.2,25721
2021-06-15 09:43:54,6682.2,25721
2021-06-15 09:43:55,6682.2,25722
2021-06-15 09:43:55,6682.2,25722
2021-06-15 09:43:56,6682.2,25722
2021-06-15 09:43:57,6682.2,25722
2021-06-15 09:43:58,6682.3,25724
2021-06-15 09:43:59,6682.3,25724
2021-06-15 09:44:01,6682.3,25724
2021-06-15 09:44:02,6681.0,25726
2021-06-15 09:44:03,6681.0,25726
2021-06-15 09:44:03,6680.6,25757
2021-06-15 09:44:04,6682.2,25759
2021-06-15 09:44:06,6682.2,25759
2021-06-15 09:44:08,6682.2,25759
2021-06-15 09:44:08,6682.2,25759
2021-06-15 09:44:10,6680.3,25764
2021-06-15 09:44:12,6680.25,25821
2021-06-15 09:44:13,6680.25,25826
2021-06-15 09:44:15,6680.0,26102
2021-06-15 09:44:16,6678.0,26214
2021-06-15 09:44:17,6678.9,26219
2021-06-15 09:44:18,6678.9,26219
2021-06-15 09:44:19,6678.9,26219
2021-06-15 09:44:20,6678.0,26222
2021-06-15 09:44:22,6678.9,26226
2021-06-15 09:44:23,6678.9,26226
2021-06-15 09:44:25,6678.9,26236
2021-06-15 09:44:25,6678.9,26236
2021-06-15 09:44:27,6678.9,26236
2021-06-15 09:44:28,6678.9,26237
2021-06-15 09:44:30,6678.9,26246
2021-06-15 09:44:31,6678.9,26246
2021-06-15 09:44:32,6678.9,26246
2021-06-15 09:44:33,6678.9,26246
2021-06-15 09:44:34,6678.9,26254
2021-06-15 09:44:34,6678.9,26254
2021-06-15 09:44:36,6678.9,26254
2021-06-15 09:44:37,6678.9,26349
2021-06-15 09:44:38,6681.25,26449
2021-06-15 09:44:39,6681.25,26449
2021-06-15 09:44:40,6681.6,26450
2021-06-15 09:44:41,6681.6,26450
2021-06-15 09:44:42,6681.6,26450
2021-06-15 09:44:43,6681.6,26450
2021-06-15 09:44:43,6681.6,26450
2021-06-15 09:44:45,6682.85,26465
2021-06-15 09:44:46,6682.8,26467
2021-06-15 09:44:48,6682.8,26467
2021-06-15 09:44:49,6682.8,26467
2021-06-15 09:44:49,6682.8,26467
2021-06-15 09:44:50,6679.2,26469
2021-06-15 09:44:51,6682.55,26472
2021-06-15 09:44:52,6682.55,26472
2021-06-15 09:44:53,6682.55,26472
2021-06-15 09:44:55,6682.55,26472
2021-06-15 09:44:56,6682.55,26472
2021-06-15 09:44:57,6682.55,26472
2021-06-15 09:44:58,6682.55,26472
2021-06-15 09:44:59,6682.0,26473
2021-06-15 09:44:59,6679.25,26474
2021-06-15 09:45:00,6682.55,26484
2021-06-15 09:45:02,6682.55,26484
2021-06-15 09:45:04,6682.55,26585
2021-06-15 09:45:06,6682.55,26585
2021-06-15 09:45:07,6682.55,26585
2021-06-15 09:45:08,6682.55,26585
2021-06-15 09:45:09,6682.55,26585
2021-06-15 09:45:10,6682.55,26585
2021-06-15 09:45:11,6679.6,26595
2021-06-15 09:45:12,6679.6,26595
2021-06-15 09:45:13,6679.6,26595
2021-06-15 09:45:14,6679.6,26595
2021-06-15 09:45:15,6679.6,26595
2021-06-15 09:45:16,6679.6,26595
2021-06-15 09:45:17,6679.6,26595
2021-06-15 09:45:18,6679.6,26595
2021-06-15 09:45:19,6679.6,26595
2021-06-15 09:45:20,6681.0,26597
2021-06-15 09:45:21,6682.8,26601
2021-06-15 09:45:22,6681.0,26605
2021-06-15 09:45:23,6681.0,26605
2021-06-15 09:45:25,6681.0,26605
2021-06-15 09:45:26,6681.0,26605
2021-06-15 09:45:27,6681.0,26605
2021-06-15 09:45:28,6681.0,26605
2021-06-15 09:45:29,6681.0,26605
2021-06-15 09:45:30,6682.75,26615
2021-06-15 09:45:31,6682.75,26615
2021-06-15 09:45:32,6682.75,26615
2021-06-15 09:45:34,6682.75,26615
2021-06-15 09:45:35,6682.8,26617
2021-06-15 09:45:36,6681.0,26622
2021-06-15 09:45:37,6681.0,26622
2021-06-15 09:45:38,6681.0,26622
2021-06-15 09:45:39,6681.0,26622
2021-06-15 09:45:41,6681.0,26622
2021-06-15 09:45:43,6681.0,26622
2021-06-15 09:45:44,6681.0,26622
2021-06-15 09:45:44,6681.0,26622
2021-06-15 09:45:45,6682.8,26623
2021-06-15 09:45:46,6681.0,26628
2021-06-15 09:45:47,6681.0,26628
2021-06-15 09:45:48,6681.0,26628
2021-06-15 09:45:50,6683.0,26647
2021-06-15 09:45:51,6683.0,26651
2021-06-15 09:45:51,6683.0,26651
2021-06-15 09:45:54,6681.0,26653
2021-06-15 09:45:55,6681.0,26657
2021-06-15 09:45:58,6681.0,26757
2021-06-15 09:45:59,6681.0,26757
2021-06-15 09:46:00,6681.0,26757
2021-06-15 09:46:01,6681.0,26761
2021-06-15 09:46:02,6681.0,26765
2021-06-15 09:46:02,6681.0,26765
2021-06-15 09:46:04,6681.0,26771
2021-06-15 09:46:05,6681.0,26775
2021-06-15 09:46:06,6681.0,26779
2021-06-15 09:46:08,6681.0,26779
2021-06-15 09:46:10,6681.0,26779
2021-06-15 09:46:11,6681.0,26779
2021-06-15 09:46:12,6681.0,26779
2021-06-15 09:46:13,6681.0,26779
2021-06-15 09:46:15,6681.0,26779
2021-06-15 09:46:16,6683.1,26784
2021-06-15 09:46:18,6683.1,26784
2021-06-15 09:46:19,6683.1,26784
2021-06-15 09:46:20,6683.1,26784
2021-06-15 09:46:21,6683.1,26788
2021-06-15 09:46:22,6683.1,26788
2021-06-15 09:46:23,6683.1,26808
2021-06-15 09:46:24,6683.1,26808
2021-06-15 09:46:25,6681.0,26813
2021-06-15 09:46:26,6681.0,26813
2021-06-15 09:46:27,6681.0,26813
2021-06-15 09:46:28,6681.0,26813
2021-06-15 09:46:29,6681.0,26813
2021-06-15 09:46:30,6681.0,26815
2021-06-15 09:46:31,6681.0,26815
2021-06-15 09:46:32,6681.0,26815
2021-06-15 09:46:33,6681.0,26815
2021-06-15 09:46:34,6681.0,26815
2021-06-15 09:46:36,6681.0,26832
2021-06-15 09:46:35,6681.0,26832
2021-06-15 09:46:37,6681.0,26832
2021-06-15 09:46:39,6681.0,26832
2021-06-15 09:46:38,6681.0,26832
2021-06-15 09:46:40,6683.0,26842
2021-06-15 09:46:41,6683.0,26842
2021-06-15 09:46:42,6683.0,26842
2021-06-15 09:46:43,6683.0,26842
2021-06-15 09:46:44,6683.0,26842
2021-06-15 09:46:45,6683.0,26842
2021-06-15 09:46:46,6683.0,26853
2021-06-15 09:46:47,6683.0,26853
2021-06-15 09:46:48,6683.0,26853
2021-06-15 09:46:49,6683.0,26853
2021-06-15 09:46:50,6683.55,26855
2021-06-15 09:46:51,6683.55,26858
2021-06-15 09:46:52,6683.55,26858
2021-06-15 09:46:53,6683.55,26858
2021-06-15 09:46:54,6683.55,26858
2021-06-15 09:46:55,6683.55,26858
2021-06-15 09:46:56,6681.0,26872
2021-06-15 09:46:58,6681.0,26872
2021-06-15 09:46:57,6681.0,26872
2021-06-15 09:46:59,6681.0,26872
2021-06-15 09:47:00,6681.0,26872
2021-06-15 09:47:01,6683.5,26905
2021-06-15 09:47:02,6683.5,26905
2021-06-15 09:47:03,6683.5,26905
2021-06-15 09:47:04,6683.5,26905
2021-06-15 09:47:05,6683.5,26905
2021-06-15 09:47:06,6683.5,26905
2021-06-15 09:47:07,6683.5,26905
2021-06-15 09:47:08,6683.5,26905
2021-06-15 09:47:09,6683.5,26905
2021-06-15 09:47:10,6683.0,26908
2021-06-15 09:47:12,6683.0,26908
2021-06-15 09:47:13,6683.0,26908
2021-06-15 09:47:14,6683.55,26917
2021-06-15 09:47:15,6683.55,26917
2021-06-15 09:47:16,6683.55,26917
2021-06-15 09:47:17,6683.0,26919
2021-06-15 09:47:18,6683.5,26920
2021-06-15 09:47:19,6683.5,26920
2021-06-15 09:47:20,6683.55,26940
2021-06-15 09:47:22,6683.5,26991
2021-06-15 09:47:23,6683.5,26991
2021-06-15 09:47:25,6683.5,26991
2021-06-15 09:47:26,6683.5,26991
2021-06-15 09:47:28,6683.5,26991
2021-06-15 09:47:29,6683.5,26996
2021-06-15 09:47:30,6687.0,27276
2021-06-15 09:47:31,6687.0,27276
2021-06-15 09:47:32,6685.6,27281
2021-06-15 09:47:33,6685.6,27281
2021-06-15 09:47:34,6685.6,27281
2021-06-15 09:47:35,6689.0,27333
2021-06-15 09:47:36,6689.0,27333
2021-06-15 09:47:38,6689.4,27334
2021-06-15 09:47:39,6689.4,27334
2021-06-15 09:47:40,6690.0,27338
2021-06-15 09:47:41,6690.0,27338
2021-06-15 09:47:42,6690.0,27338
2021-06-15 09:47:43,6688.95,27377
2021-06-15 09:47:44,6688.95,27377
2021-06-15 09:47:45,6687.65,27454
2021-06-15 09:47:46,6691.2,27540
2021-06-15 09:47:47,6691.2,27540
2021-06-15 09:47:48,6691.2,27540
2021-06-15 09:47:50,6690.0,27541
2021-06-15 09:47:51,6691.35,27595
2021-06-15 09:47:52,6691.35,27595
2021-06-15 09:47:53,6690.3,27968
2021-06-15 09:47:54,6690.95,27987
2021-06-15 09:47:56,6691.05,28083
2021-06-15 09:47:57,6691.05,28083
2021-06-15 09:47:58,6691.05,28083
2021-06-15 09:48:00,6691.05,28104
2021-06-15 09:48:05,6690.7,28144
2021-06-15 09:48:06,6690.7,28144
2021-06-15 09:48:07,6690.95,28147
2021-06-15 09:48:08,6690.95,28147
2021-06-15 09:48:09,6690.95,28147
2021-06-15 09:48:10,6690.0,28177
2021-06-15 09:48:11,6690.0,28177
2021-06-15 09:48:12,6690.0,28177
2021-06-15 09:48:13,6690.0,28177
2021-06-15 09:48:15,6690.0,28177
2021-06-15 09:48:16,6690.95,28187
2021-06-15 09:48:17,6690.95,28187
2021-06-15 09:48:18,6690.95,28187
2021-06-15 09:48:19,6690.95,28187
2021-06-15 09:48:20,6690.95,28187
2021-06-15 09:48:21,6693.35,28190
2021-06-15 09:48:22,6693.35,28190
2021-06-15 09:48:23,6688.75,28198
2021-06-15 09:48:24,6688.25,28224
2021-06-15 09:48:25,6688.25,28224
2021-06-15 09:48:26,6688.4,28278
2021-06-15 09:48:27,6688.4,28278
2021-06-15 09:48:28,6692.8,28279
2021-06-15 09:48:29,6692.8,28288
2021-06-15 09:48:30,6692.8,28288
2021-06-15 09:48:31,6692.8,28288
2021-06-15 09:48:32,6692.8,28288
2021-06-15 09:48:33,6692.8,28288
2021-06-15 09:48:34,6692.8,28288
2021-06-15 09:48:35,6692.8,28288
2021-06-15 09:48:36,6692.8,28288
2021-06-15 09:48:37,6694.05,28338
2021-06-15 09:48:38,6694.05,28338
2021-06-15 09:48:39,6694.05,28338
2021-06-15 09:48:40,6694.05,28338
2021-06-15 09:48:41,6691.0,28339
2021-06-15 09:48:42,6689.15,28354
2021-06-15 09:48:43,6689.15,28354
2021-06-15 09:48:45,6689.15,28354
2021-06-15 09:48:46,6689.15,28354
2021-06-15 09:48:47,6689.15,28354
2021-06-15 09:48:47,6689.15,28354
2021-06-15 09:48:48,6689.15,28354
2021-06-15 09:48:49,6689.15,28354
2021-06-15 09:48:50,6689.1,28355
2021-06-15 09:48:51,6688.4,28360
2021-06-15 09:48:52,6688.4,28360
2021-06-15 09:48:53,6688.4,28360
2021-06-15 09:48:54,6688.4,28360
2021-06-15 09:48:56,6689.1,28371
2021-06-15 09:48:57,6689.15,28375
2021-06-15 09:48:57,6689.15,28375
2021-06-15 09:48:58,6689.15,28375
2021-06-15 09:48:59,6689.15,28375
2021-06-15 09:49:00,6689.15,28375
2021-06-15 09:49:01,6689.15,28375
2021-06-15 09:49:03,6689.15,28375
2021-06-15 09:49:03,6689.15,28375
2021-06-15 09:49:04,6689.15,28375
2021-06-15 09:49:05,6689.15,28375
2021-06-15 09:49:06,6689.15,28375
2021-06-15 09:49:07,6690.95,28380
2021-06-15 09:49:08,6690.95,28380
2021-06-15 09:49:09,6689.2,28431
2021-06-15 09:49:11,6691.0,28484
2021-06-15 09:49:13,6691.0,28484
2021-06-15 09:49:14,6691.0,28484
2021-06-15 09:49:15,6691.0,28484
2021-06-15 09:49:16,6691.0,28484
2021-06-15 09:49:18,6689.8,28494
2021-06-15 09:49:19,6689.8,28497
2021-06-15 09:49:20,6689.8,28497
2021-06-15 09:49:22,6691.0,28501
2021-06-15 09:49:23,6691.0,28501
2021-06-15 09:49:24,6689.3,28504
2021-06-15 09:49:25,6689.3,28519
2021-06-15 09:49:26,6691.0,28527
2021-06-15 09:49:27,6691.0,28527
2021-06-15 09:49:28,6691.0,28527
2021-06-15 09:49:29,6691.0,28738
2021-06-15 09:49:30,6691.7,28739
2021-06-15 09:49:31,6693.35,28749
2021-06-15 09:49:32,6693.35,28759
2021-06-15 09:49:33,6690.5,28783
2021-06-15 09:49:34,6693.35,28800
2021-06-15 09:49:35,6693.35,28805
2021-06-15 09:49:36,6693.35,28815
2021-06-15 09:49:37,6693.35,28825
2021-06-15 09:49:39,6693.35,28835
2021-06-15 09:49:39,6693.35,28845
2021-06-15 09:49:40,6692.35,28855
2021-06-15 09:49:42,6692.35,28908
2021-06-15 09:49:45,6691.0,28932
2021-06-15 09:49:45,6691.0,28946
2021-06-15 09:49:46,6691.0,28957
2021-06-15 09:49:48,6694.0,28995
2021-06-15 09:49:49,6696.0,29092
2021-06-15 09:49:50,6696.0,29119
2021-06-15 09:49:51,6696.0,29213
2021-06-15 09:49:52,6696.0,29318
2021-06-15 09:49:53,6696.0,29408
2021-06-15 09:49:54,6696.0,29498
2021-06-15 09:49:55,6696.0,29588
2021-06-15 09:49:56,6696.0,29678
2021-06-15 09:49:57,6696.0,29813
2021-06-15 09:49:58,6696.0,29902
2021-06-15 09:49:59,6696.0,29947
2021-06-15 09:50:00,6697.5,29965
2021-06-15 09:50:01,6695.0,29973
2021-06-15 09:50:02,6697.45,29988
2021-06-15 09:50:03,6695.0,29999
2021-06-15 09:50:04,6697.55,30001
2021-06-15 09:50:05,6699.0,30017
2021-06-15 09:50:06,6699.0,30043
2021-06-15 09:50:07,6695.35,30052
2021-06-15 09:50:08,6699.35,30070
2021-06-15 09:50:09,6695.8,30097
2021-06-15 09:50:10,6699.55,30131
2021-06-15 09:50:11,6699.1,30186
2021-06-15 09:50:12,6699.35,30208
2021-06-15 09:50:14,6699.55,30218
2021-06-15 09:50:14,6699.0,30244
2021-06-15 09:50:15,6699.55,30245
2021-06-15 09:50:16,6699.6,30268
2021-06-15 09:50:17,6699.65,30291
2021-06-15 09:50:18,6696.3,30313
2021-06-15 09:50:19,6699.8,30324
2021-06-15 09:50:20,6699.85,30380
2021-06-15 09:50:22,6699.9,30401
2021-06-15 09:50:23,6699.9,30410
2021-06-15 09:50:23,6699.9,30424
2021-06-15 09:50:24,6700.0,30647
2021-06-15 09:50:25,6701.0,30672
2021-06-15 09:50:26,6701.95,30681
2021-06-15 09:50:27,6702.35,30717
2021-06-15 09:50:28,6700.0,30744
2021-06-15 09:50:29,6703.5,30803
2021-06-15 09:50:30,6702.9,30806
2021-06-15 09:50:31,6702.9,30809
2021-06-15 09:50:32,6700.25,30818
2021-06-15 09:50:33,6702.9,30834
2021-06-15 09:50:34,6702.9,30837
2021-06-15 09:50:35,6702.9,30840
2021-06-15 09:50:37,6699.9,30901
2021-06-15 09:50:38,6702.85,30903
2021-06-15 09:50:39,6704.35,30905
2021-06-15 09:50:40,6704.35,30906
2021-06-15 09:50:41,6700.4,30994
2021-06-15 09:50:42,6702.9,31044
2021-06-15 09:50:43,6704.0,31102
2021-06-15 09:50:44,6700.4,31126
2021-06-15 09:50:45,6704.05,31233
2021-06-15 09:50:46,6703.95,31234
2021-06-15 09:50:48,6703.35,31447
2021-06-15 09:50:49,6703.35,31457
2021-06-15 09:50:50,6703.35,31482
2021-06-15 09:50:52,6703.35,31502
2021-06-15 09:50:53,6703.35,31512
2021-06-15 09:50:56,6703.35,31532
2021-06-15 09:50:57,6705.5,31534
2021-06-15 09:50:58,6702.9,31588
2021-06-15 09:50:58,6702.9,31594
2021-06-15 09:50:59,6705.0,31601
2021-06-15 09:51:00,6705.4,31603
2021-06-15 09:51:01,6705.4,31603
2021-06-15 09:51:03,6705.45,31620
2021-06-15 09:51:03,6705.45,31620
2021-06-15 09:51:04,6705.45,31620
2021-06-15 09:51:05,6705.45,31620
2021-06-15 09:51:06,6705.45,31620
2021-06-15 09:51:08,6705.45,31620
2021-06-15 09:51:09,6705.45,31620
2021-06-15 09:51:09,6705.45,31620
2021-06-15 09:51:10,6705.45,31620
2021-06-15 09:51:11,6705.45,31620
2021-06-15 09:51:12,6705.45,31620
2021-06-15 09:51:13,6705.45,31620
2021-06-15 09:51:14,6705.45,31620
2021-06-15 09:51:15,6702.5,31638
2021-06-15 09:51:16,6702.5,31641
2021-06-15 09:51:17,6702.5,31641
2021-06-15 09:51:18,6702.5,31641
2021-06-15 09:51:19,6704.9,31666
2021-06-15 09:51:20,6704.9,31666
2021-06-15 09:51:22,6704.9,31666
2021-06-15 09:51:23,6702.5,31704
2021-06-15 09:51:24,6700.05,31712
2021-06-15 09:51:24,6700.05,31712
2021-06-15 09:51:25,6700.15,31716
2021-06-15 09:51:26,6700.1,31720
2021-06-15 09:51:27,6699.35,31808
2021-06-15 09:51:28,6698.6,31858
2021-06-15 09:51:29,6698.6,31858
2021-06-15 09:51:31,6698.6,31858
2021-06-15 09:51:33,6698.6,31858
2021-06-15 09:51:34,6698.6,31858
2021-06-15 09:51:35,6698.6,31858
2021-06-15 09:51:36,6695.45,31862
2021-06-15 09:51:36,6695.45,31862
2021-06-15 09:51:37,6695.45,31862
2021-06-15 09:51:38,6695.45,31862
2021-06-15 09:51:39,6695.75,31882
2021-06-15 09:51:40,6695.75,31882
2021-06-15 09:51:41,6695.0,31950
2021-06-15 09:51:43,6695.0,31954
2021-06-15 09:51:43,6695.0,31954
2021-06-15 09:51:44,6695.0,31958
2021-06-15 09:51:45,6693.0,31970
2021-06-15 09:51:46,6693.0,31970
2021-06-15 09:51:47,6693.95,31978
2021-06-15 09:51:48,6693.95,31978
2021-06-15 09:51:49,6693.95,31978
2021-06-15 09:51:50,6693.95,31978
2021-06-15 09:51:51,6694.5,31981
2021-06-15 09:51:52,6694.5,31981
2021-06-15 09:51:53,6691.6,31983
2021-06-15 09:51:54,6691.6,31983
2021-06-15 09:51:56,6691.6,31983
2021-06-15 09:51:57,6691.6,31983
2021-06-15 09:51:57,6691.6,32000
2021-06-15 09:51:58,6691.0,32003
2021-06-15 09:51:59,6691.0,32003
2021-06-15 09:52:00,6691.0,32003
2021-06-15 09:52:01,6691.0,32006
2021-06-15 09:52:02,6691.0,32006
2021-06-15 09:52:03,6691.0,32006
2021-06-15 09:52:04,6693.7,32007
2021-06-15 09:52:05,6693.7,32007
2021-06-15 09:52:06,6693.7,32007
2021-06-15 09:52:07,6693.7,32007
2021-06-15 09:52:08,6693.7,32007
2021-06-15 09:52:09,6693.7,32007
2021-06-15 09:52:10,6693.5,32008
2021-06-15 09:52:11,6693.5,32008
2021-06-15 09:52:12,6693.5,32008
2021-06-15 09:52:13,6693.5,32008
2021-06-15 09:52:15,6693.5,32008
2021-06-15 09:52:16,6690.05,32149
2021-06-15 09:52:17,6690.05,32149
2021-06-15 09:52:19,6690.05,32149
2021-06-15 09:52:20,6690.05,32149
2021-06-15 09:52:20,6690.05,32149
2021-06-15 09:52:21,6690.0,32153
2021-06-15 09:52:22,6690.0,32153
2021-06-15 09:52:23,6690.0,32153
2021-06-15 09:52:24,6690.0,32153
2021-06-15 09:52:25,6690.05,32154
2021-06-15 09:52:27,6690.05,32154
2021-06-15 09:52:28,6690.05,32154
2021-06-15 09:52:30,6690.05,32154
2021-06-15 09:52:30,6690.05,32154
2021-06-15 09:52:31,6687.85,32225
2021-06-15 09:52:32,6684.0,32315
2021-06-15 09:52:33,6684.0,32315
2021-06-15 09:52:35,6684.0,32315
2021-06-15 09:52:36,6684.0,32315
2021-06-15 09:52:36,6684.0,32315
2021-06-15 09:52:37,6684.0,32315
2021-06-15 09:52:38,6681.0,32316
2021-06-15 09:52:39,6681.0,32316
2021-06-15 09:52:41,6682.0,32318
2021-06-15 09:52:42,6682.0,32318
2021-06-15 09:52:43,6681.0,32378
2021-06-15 09:52:44,6683.95,32569
2021-06-15 09:52:46,6683.95,32569
2021-06-15 09:52:48,6683.95,32570
2021-06-15 09:52:49,6686.8,32595
2021-06-15 09:52:50,6686.8,32595
2021-06-15 09:52:51,6686.85,32599
2021-06-15 09:52:52,6686.85,32599
2021-06-15 09:52:53,6686.85,32602
2021-06-15 09:52:53,6686.85,32602
2021-06-15 09:52:54,6688.6,32612
2021-06-15 09:52:56,6687.9,32613
2021-06-15 09:52:57,6687.9,32613
2021-06-15 09:52:58,6685.0,32616
2021-06-15 09:52:58,6685.0,32616
2021-06-15 09:52:59,6687.35,32641
2021-06-15 09:53:01,6685.0,32654
2021-06-15 09:53:02,6685.0,32654
2021-06-15 09:53:02,6685.0,32654
2021-06-15 09:53:03,6685.0,32654
2021-06-15 09:53:06,6687.65,32663
2021-06-15 09:53:08,6685.3,32668
2021-06-15 09:53:09,6685.3,32669
2021-06-15 09:53:09,6685.3,32669
2021-06-15 09:53:10,6687.65,32684
2021-06-15 09:53:11,6689.6,32714
2021-06-15 09:53:13,6689.6,32714
2021-06-15 09:53:14,6689.6,32714
2021-06-15 09:53:15,6689.6,32714
2021-06-15 09:53:16,6685.0,32715
2021-06-15 09:53:17,6685.0,32715
2021-06-15 09:53:18,6687.0,32716
2021-06-15 09:53:19,6687.0,32716
2021-06-15 09:53:20,6687.0,32716
2021-06-15 09:53:21,6689.0,32719
2021-06-15 09:53:22,6685.8,32723
2021-06-15 09:53:23,6685.8,32723
2021-06-15 09:53:24,6685.8,32723
2021-06-15 09:53:25,6685.8,32723
2021-06-15 09:53:26,6688.95,32724
2021-06-15 09:53:27,6688.95,32724
2021-06-15 09:53:27,6688.95,32724
2021-06-15 09:53:28,6688.95,32725
2021-06-15 09:53:29,6688.95,32725
2021-06-15 09:53:30,6691.95,32866
2021-06-15 09:53:32,6691.95,32866
2021-06-15 09:53:32,6691.95,32866
2021-06-15 09:53:33,6691.95,32866
2021-06-15 09:53:34,6691.95,32866
2021-06-15 09:53:35,6690.25,32871
2021-06-15 09:53:36,6694.1,32874
2021-06-15 09:53:37,6694.1,32874
2021-06-15 09:53:38,6694.1,32874
2021-06-15 09:53:39,6690.05,32879
2021-06-15 09:53:40,6690.05,32879
2021-06-15 09:53:42,6690.05,32879
2021-06-15 09:53:43,6690.05,32879
2021-06-15 09:53:44,6693.05,32880
2021-06-15 09:53:45,6693.05,32885
2021-06-15 09:53:46,6693.25,32935
2021-06-15 09:53:47,6693.25,32935
2021-06-15 09:53:48,6693.25,32935
2021-06-15 09:53:49,6693.25,32935
2021-06-15 09:53:49,6693.25,32935
2021-06-15 09:53:50,6693.25,32935
2021-06-15 09:53:51,6693.75,32939
2021-06-15 09:53:52,6693.75,32939
2021-06-15 09:53:53,6693.55,32940
2021-06-15 09:53:54,6693.55,32940
2021-06-15 09:53:55,6693.55,32940
2021-06-15 09:53:56,6693.55,32940
2021-06-15 09:53:57,6693.55,32940
2021-06-15 09:53:59,6693.55,32940
2021-06-15 09:54:00,6693.55,32940
2021-06-15 09:54:01,6693.55,32980
2021-06-15 09:54:02,6693.55,32980
2021-06-15 09:54:03,6693.5,33005
2021-06-15 09:54:04,6693.5,33005
2021-06-15 09:54:05,6693.5,33005
2021-06-15 09:54:06,6693.5,33005
2021-06-15 09:54:06,6693.5,33005
2021-06-15 09:54:07,6693.5,33005
2021-06-15 09:54:08,6693.45,33015
2021-06-15 09:54:09,6693.45,33015
2021-06-15 09:54:10,6691.2,33017
2021-06-15 09:54:11,6691.2,33017
2021-06-15 09:54:13,6691.2,33017
2021-06-15 09:54:14,6691.2,33017
2021-06-15 09:54:15,6691.2,33017
2021-06-15 09:54:16,6694.0,33067
2021-06-15 09:54:17,6694.0,33067
2021-06-15 09:54:18,6694.3,33087
2021-06-15 09:54:19,6694.35,33109
2021-06-15 09:54:20,6694.35,33109
2021-06-15 09:54:21,6694.0,33113
2021-06-15 09:54:22,6693.45,33123
2021-06-15 09:54:23,6693.45,33123
2021-06-15 09:54:24,6693.45,33123
2021-06-15 09:54:24,6693.45,33123
2021-06-15 09:54:25,6694.0,33125
2021-06-15 09:54:26,6694.0,33125
2021-06-15 09:54:27,6691.4,33137
2021-06-15 09:54:28,6691.4,33137
2021-06-15 09:54:29,6691.4,33139
2021-06-15 09:54:31,6690.6,33141
2021-06-15 09:54:32,6693.85,33146
2021-06-15 09:54:33,6690.35,33152
2021-06-15 09:54:34,6690.35,33152
2021-06-15 09:54:36,6691.4,33153
2021-06-15 09:54:37,6690.0,33164
2021-06-15 09:54:38,6690.0,33164
2021-06-15 09:54:39,6690.0,33164
2021-06-15 09:54:40,6690.0,33167
2021-06-15 09:54:41,6690.0,33167
2021-06-15 09:54:42,6690.0,33167
2021-06-15 09:54:43,6690.0,33169
2021-06-15 09:54:44,6690.0,33169
2021-06-15 09:54:45,6692.7,33171
2021-06-15 09:54:46,6690.0,33172
2021-06-15 09:54:47,6692.7,33176
2021-06-15 09:54:49,6690.0,33188
2021-06-15 09:54:50,6690.0,33188
2021-06-15 09:54:51,6692.7,33191
2021-06-15 09:54:52,6692.7,33191
2021-06-15 09:54:54,6689.75,33209
2021-06-15 09:54:54,6689.75,33209
2021-06-15 09:54:55,6689.75,33209
2021-06-15 09:54:56,6689.75,33209
2021-06-15 09:54:58,6689.75,33209
2021-06-15 09:54:59,6689.75,33209
2021-06-15 09:55:00,6689.75,33209
2021-06-15 09:55:01,6689.75,33209
2021-06-15 09:55:02,6689.75,33209
2021-06-15 09:55:03,6689.75,33209
2021-06-15 09:55:05,6689.75,33209
2021-06-15 09:55:06,6689.75,33209
2021-06-15 09:55:07,6689.75,33209
2021-06-15 09:55:08,6689.75,33209
2021-06-15 09:55:10,6689.75,33209
2021-06-15 09:55:11,6692.0,33211
2021-06-15 09:55:12,6692.0,33211
2021-06-15 09:55:13,6692.0,33211
2021-06-15 09:55:14,6695.0,33569
2021-06-15 09:55:15,6696.0,33570
2021-06-15 09:55:16,6696.0,33570
2021-06-15 09:55:17,6696.0,33570
2021-06-15 09:55:19,6696.0,33570
2021-06-15 09:55:20,6693.0,33571
2021-06-15 09:55:21,6695.0,33575
2021-06-15 09:55:22,6695.0,33575
2021-06-15 09:55:23,6695.0,33575
2021-06-15 09:55:24,6695.0,33575
2021-06-15 09:55:26,6692.25,33675
2021-06-15 09:55:27,6697.7,33770
2021-06-15 09:55:28,6697.7,33770
2021-06-15 09:55:29,6697.7,33770
2021-06-15 09:55:30,6697.7,33770
2021-06-15 09:55:32,6697.7,33770
2021-06-15 09:55:33,6695.0,33801
2021-06-15 09:55:34,6695.0,33801
2021-06-15 09:55:35,6695.0,33801
2021-06-15 09:55:36,6695.0,33801
2021-06-15 09:55:37,6695.0,33801
2021-06-15 09:55:38,6695.0,33801
2021-06-15 09:55:38,6695.0,33801
2021-06-15 09:55:39,6695.0,33801
2021-06-15 09:55:40,6695.4,33802
2021-06-15 09:55:41,6695.4,33806
2021-06-15 09:55:42,6699.0,33841
2021-06-15 09:55:43,6697.2,33843
2021-06-15 09:55:44,6697.2,33843
2021-06-15 09:55:45,6697.2,33843
2021-06-15 09:55:46,6697.2,33843
2021-06-15 09:55:47,6697.2,33843
2021-06-15 09:55:48,6699.0,33844
2021-06-15 09:55:49,6699.0,33844
2021-06-15 09:55:50,6699.0,33844
2021-06-15 09:55:51,6697.0,33851
2021-06-15 09:55:53,6697.0,33894
2021-06-15 09:55:54,6697.0,33894
2021-06-15 09:55:55,6696.7,33896
2021-06-15 09:55:56,6699.0,34021
2021-06-15 09:55:56,6699.0,34021
2021-06-15 09:55:57,6699.0,34021
2021-06-15 09:55:58,6699.0,34021
2021-06-15 09:55:59,6700.0,34038
2021-06-15 09:56:02,6702.35,34090
2021-06-15 09:56:04,6701.75,34097
2021-06-15 09:56:06,6700.4,34197
2021-06-15 09:56:08,6700.75,34218
2021-06-15 09:56:09,6703.7,34243
2021-06-15 09:56:10,6703.6,34253
2021-06-15 09:56:11,6703.6,34253
2021-06-15 09:56:13,6703.6,34253
2021-06-15 09:56:15,6703.6,34253
2021-06-15 09:56:16,6703.6,34253
2021-06-15 09:56:17,6703.6,34253
2021-06-15 09:56:19,6701.2,34254
2021-06-15 09:56:20,6701.2,34254
2021-06-15 09:56:21,6701.2,34254
2021-06-15 09:56:21,6701.2,34254
2021-06-15 09:56:22,6701.2,34254
2021-06-15 09:56:23,6701.2,34254
2021-06-15 09:56:25,6703.6,34255
2021-06-15 09:56:26,6701.0,34264
2021-06-15 09:56:27,6701.0,34264
2021-06-15 09:56:28,6701.0,34264
2021-06-15 09:56:28,6701.0,34264
2021-06-15 09:56:29,6701.0,34464
2021-06-15 09:56:30,6701.0,34466
2021-06-15 09:56:31,6701.0,34467
2021-06-15 09:56:32,6701.0,34477
2021-06-15 09:56:33,6701.0,34477
2021-06-15 09:56:35,6701.0,34483
2021-06-15 09:56:36,6701.0,34483
2021-06-15 09:56:37,6701.0,34483
2021-06-15 09:56:39,6704.0,34489
2021-06-15 09:56:40,6704.0,34489
2021-06-15 09:56:41,6701.0,34499
2021-06-15 09:56:42,6701.0,34499
2021-06-15 09:56:43,6703.95,34509
2021-06-15 09:56:44,6700.8,34516
2021-06-15 09:56:45,6701.0,34518
2021-06-15 09:56:46,6700.8,34528
2021-06-15 09:56:47,6700.8,34528
2021-06-15 09:56:48,6700.8,34528
2021-06-15 09:56:49,6700.8,34528
2021-06-15 09:56:50,6700.0,34529
2021-06-15 09:56:51,6700.0,34531
2021-06-15 09:56:52,6700.0,34531
2021-06-15 09:56:53,6701.0,34536
2021-06-15 09:56:54,6701.0,34536
2021-06-15 09:56:55,6703.3,34616
2021-06-15 09:56:56,6703.3,34616
2021-06-15 09:56:57,6703.3,34616
2021-06-15 09:56:58,6703.3,34616
2021-06-15 09:56:59,6703.3,34616
2021-06-15 09:56:59,6703.3,34616
2021-06-15 09:57:01,6703.3,34616
2021-06-15 09:57:02,6703.3,34616
2021-06-15 09:57:03,6703.25,34618
2021-06-15 09:57:04,6701.0,34628
2021-06-15 09:57:05,6701.0,34628
2021-06-15 09:57:06,6701.0,34628
2021-06-15 09:57:07,6701.0,34628
2021-06-15 09:57:08,6701.0,34628
2021-06-15 09:57:09,6701.0,34628
2021-06-15 09:57:10,6701.0,34628
2021-06-15 09:57:11,6701.0,34628
2021-06-15 09:57:13,6701.0,34628
2021-06-15 09:57:14,6701.0,34628
2021-06-15 09:57:15,6701.0,34628
2021-06-15 09:57:16,6701.0,34628
2021-06-15 09:57:17,6701.0,34629
2021-06-15 09:57:18,6701.0,34629
2021-06-15 09:57:19,6701.0,34629
2021-06-15 09:57:20,6701.0,34634
2021-06-15 09:57:21,6701.0,34637
2021-06-15 09:57:22,6701.0,34637
2021-06-15 09:57:23,6701.0,34637
2021-06-15 09:57:24,6701.0,34638
2021-06-15 09:57:25,6703.0,34639
2021-06-15 09:57:26,6703.0,34640
2021-06-15 09:57:27,6703.0,34640
2021-06-15 09:57:28,6703.0,34640
2021-06-15 09:57:29,6703.0,34640
2021-06-15 09:57:30,6703.0,34640
2021-06-15 09:57:31,6703.0,34640
2021-06-15 09:57:32,6701.0,34641
2021-06-15 09:57:33,6701.0,34641
2021-06-15 09:57:34,6701.0,34641
2021-06-15 09:57:35,6701.0,34641
2021-06-15 09:57:36,6701.0,34648
2021-06-15 09:57:37,6701.0,34652
2021-06-15 09:57:38,6701.0,34652
2021-06-15 09:57:39,6701.0,34652
2021-06-15 09:57:40,6701.0,34652
2021-06-15 09:57:41,6701.0,34652
2021-06-15 09:57:42,6701.0,34652
2021-06-15 09:57:43,6701.0,34652
2021-06-15 09:57:44,6701.0,34652
2021-06-15 09:57:45,6701.0,34652
2021-06-15 09:57:46,6701.0,34656
2021-06-15 09:57:47,6701.0,34659
2021-06-15 09:57:48,6701.0,34659
2021-06-15 09:57:49,6701.0,34659
2021-06-15 09:57:50,6701.0,34682
2021-06-15 09:57:51,6701.0,34682
2021-06-15 09:57:52,6701.0,34682
2021-06-15 09:57:53,6701.0,34682
2021-06-15 09:57:54,6701.0,34682
2021-06-15 09:57:56,6701.0,34697
2021-06-15 09:57:55,6701.0,34682
2021-06-15 09:57:57,6701.0,34697
2021-06-15 09:57:58,6703.0,34777
2021-06-15 09:57:59,6701.35,34792
2021-06-15 09:58:00,6701.15,34817
2021-06-15 09:58:01,6701.15,34817
2021-06-15 09:58:02,6701.15,34817
2021-06-15 09:58:04,6701.15,34817
2021-06-15 09:58:05,6701.15,34817
2021-06-15 09:58:06,6701.15,34817
2021-06-15 09:58:07,6701.5,34824
2021-06-15 09:58:09,6705.0,34919
2021-06-15 09:58:10,6705.0,34919
2021-06-15 09:58:11,6704.95,34922
2021-06-15 09:58:12,6704.95,34922
2021-06-15 09:58:13,6702.4,34927
2021-06-15 09:58:14,6702.4,34928
2021-06-15 09:58:15,6702.4,34928
2021-06-15 09:58:17,6702.4,34928
2021-06-15 09:58:18,6707.0,35334
2021-06-15 09:58:19,6710.0,35527
2021-06-15 09:58:20,6710.0,35527
2021-06-15 09:58:21,6710.0,35527
2021-06-15 09:58:22,6710.0,35549
2021-06-15 09:58:23,6710.0,35549
2021-06-15 09:58:24,6710.0,35549
2021-06-15 09:58:25,6710.0,35550
2021-06-15 09:58:26,6710.0,35550
2021-06-15 09:58:27,6710.0,35550
2021-06-15 09:58:28,6710.0,35681
2021-06-15 09:58:29,6710.0,35681
2021-06-15 09:58:30,6707.6,35690
2021-06-15 09:58:31,6707.55,35694
2021-06-15 09:58:32,6709.9,35715
2021-06-15 09:58:33,6707.75,35719
2021-06-15 09:58:34,6707.7,35732
2021-06-15 09:58:35,6710.1,35735
2021-06-15 09:58:36,6710.4,35764
2021-06-15 09:58:37,6710.4,35764
2021-06-15 09:58:38,6707.2,35784
2021-06-15 09:58:39,6710.1,35788
2021-06-15 09:58:40,6710.4,35800
2021-06-15 09:58:41,6710.4,35800
2021-06-15 09:58:42,6710.4,35800
2021-06-15 09:58:43,6710.4,35800
2021-06-15 09:58:44,6710.4,35800
2021-06-15 09:58:45,6708.05,35804
2021-06-15 09:58:46,6708.05,35804
2021-06-15 09:58:47,6710.0,35805
2021-06-15 09:58:48,6711.0,35855
2021-06-15 09:58:49,6711.0,35855
2021-06-15 09:58:50,6708.35,35857
2021-06-15 09:58:51,6710.0,35862
2021-06-15 09:58:52,6710.0,35862
2021-06-15 09:58:55,6711.7,35973
2021-06-15 09:58:56,6711.7,35973
2021-06-15 09:58:57,6712.0,35978
2021-06-15 09:58:58,6712.0,35978
2021-06-15 09:58:59,6710.65,35980
2021-06-15 09:59:00,6710.65,35981
2021-06-15 09:59:01,6710.65,35981
2021-06-15 09:59:02,6710.65,35981
2021-06-15 09:59:03,6711.0,36145
2021-06-15 09:59:04,6711.0,36145
2021-06-15 09:59:05,6711.0,36145
2021-06-15 09:59:06,6711.0,36145
2021-06-15 09:59:07,6710.65,36165
2021-06-15 09:59:08,6710.65,36165
2021-06-15 09:59:11,6712.55,36284
2021-06-15 09:59:11,6712.55,36284
2021-06-15 09:59:12,6712.55,36284
2021-06-15 09:59:13,6710.35,36306
2021-06-15 09:59:14,6710.35,36306
2021-06-15 09:59:15,6710.35,36306
2021-06-15 09:59:16,6710.35,36306
2021-06-15 09:59:17,6710.35,36306
2021-06-15 09:59:18,6710.35,36306
2021-06-15 09:59:19,6710.35,36306
2021-06-15 09:59:20,6710.35,36308
2021-06-15 09:59:21,6710.35,36308
2021-06-15 09:59:23,6712.0,36375
2021-06-15 09:59:23,6712.0,36375
2021-06-15 09:59:24,6714.0,36402
2021-06-15 09:59:25,6714.0,36402
2021-06-15 09:59:26,6714.0,36504
2021-06-15 09:59:27,6714.45,36509
2021-06-15 09:59:28,6714.45,36509
2021-06-15 09:59:29,6714.45,36535
2021-06-15 09:59:30,6714.45,36535
2021-06-15 09:59:31,6711.3,36550
2021-06-15 09:59:32,6716.0,36752
2021-06-15 09:59:33,6713.15,36757
2021-06-15 09:59:35,6713.7,36760
2021-06-15 09:59:35,6713.7,36760
2021-06-15 09:59:36,6717.0,36985
2021-06-15 09:59:37,6717.0,37035
2021-06-15 09:59:38,6718.0,37080
2021-06-15 09:59:39,6714.2,37081
2021-06-15 09:59:40,6714.35,37136
2021-06-15 09:59:41,6714.35,37136
2021-06-15 09:59:43,6717.8,37270
2021-06-15 09:59:44,6717.5,37271
2021-06-15 09:59:45,6714.2,37290
2021-06-15 09:59:46,6714.0,37300
2021-06-15 09:59:48,6714.0,37301
2021-06-15 09:59:48,6714.0,37301
2021-06-15 09:59:49,6714.0,37301
2021-06-15 09:59:50,6714.05,37303
2021-06-15 09:59:51,6714.05,37303
2021-06-15 09:59:52,6714.05,37303
2021-06-15 09:59:53,6714.05,37303
2021-06-15 09:59:54,6714.05,37303
2021-06-15 09:59:56,6714.0,37307
2021-06-15 09:59:56,6714.0,37307
2021-06-15 09:59:57,6715.0,37326
2021-06-15 09:59:58,6715.0,37326
2021-06-15 09:59:59,6714.0,37329
2021-06-15 10:00:00,6714.0,37334
2021-06-15 10:00:02,6714.0,37334
2021-06-15 10:00:03,6715.0,37336
2021-06-15 10:00:04,6715.0,37338
2021-06-15 10:00:05,6715.0,37338
2021-06-15 10:00:06,6713.6,37358
2021-06-15 10:00:07,6713.6,37372
2021-06-15 10:00:08,6713.6,37372
2021-06-15 10:00:09,6713.6,37372
2021-06-15 10:00:10,6713.6,37372
2021-06-15 10:00:11,6713.6,37372
2021-06-15 10:00:13,6713.6,37372
2021-06-15 10:00:14,6713.6,37372
2021-06-15 10:00:15,6713.6,37372
2021-06-15 10:00:16,6713.6,37372
2021-06-15 10:00:18,6713.6,37372
2021-06-15 10:00:20,6713.55,37379
2021-06-15 10:00:20,6715.0,37579
2021-06-15 10:00:21,6715.0,37579
2021-06-15 10:00:22,6715.0,37579
2021-06-15 10:00:23,6715.0,37579
2021-06-15 10:00:24,6715.0,37579
2021-06-15 10:00:26,6713.0,37580
2021-06-15 10:00:27,6713.25,37590
2021-06-15 10:00:28,6713.25,37590
2021-06-15 10:00:29,6713.25,37641
2021-06-15 10:00:30,6713.25,37641
2021-06-15 10:00:31,6712.95,37681
2021-06-15 10:00:32,6711.3,37682
2021-06-15 10:00:34,6711.0,37696
2021-06-15 10:00:34,6711.0,37696
2021-06-15 10:00:35,6710.9,37699
2021-06-15 10:00:36,6710.9,37715
2021-06-15 10:00:37,6711.0,37725
2021-06-15 10:00:38,6711.0,37725
2021-06-15 10:00:39,6711.0,37725
2021-06-15 10:00:40,6710.0,37726
2021-06-15 10:00:41,6710.0,37736
2021-06-15 10:00:42,6710.0,37736
2021-06-15 10:00:44,6710.0,37736
2021-06-15 10:00:45,6710.0,37736
2021-06-15 10:00:45,6710.0,37736
2021-06-15 10:00:47,6710.55,37737
2021-06-15 10:00:47,6710.0,37736
2021-06-15 10:00:48,6710.55,37757
2021-06-15 10:00:49,6710.55,37757
2021-06-15 10:00:50,6710.55,37758
2021-06-15 10:00:51,6710.55,37758
2021-06-15 10:00:52,6710.55,37758
2021-06-15 10:00:53,6710.55,37758
2021-06-15 10:00:54,6710.55,37758
2021-06-15 10:00:55,6710.55,37758
2021-06-15 10:00:56,6710.55,37769
2021-06-15 10:00:57,6710.6,37770
2021-06-15 10:00:59,6710.6,37770
2021-06-15 10:00:59,6710.6,37770
2021-06-15 10:01:00,6710.6,37770
2021-06-15 10:01:02,6710.6,37784
2021-06-15 10:01:03,6710.6,37784
2021-06-15 10:01:04,6710.6,37866
2021-06-15 10:01:05,6709.0,37876
2021-06-15 10:01:06,6709.0,37876
2021-06-15 10:01:07,6710.4,37877
2021-06-15 10:01:08,6710.4,37877
2021-06-15 10:01:09,6710.4,37877
2021-06-15 10:01:10,6712.95,37977
2021-06-15 10:01:13,6712.95,37977
2021-06-15 10:01:14,6712.95,37977
2021-06-15 10:01:15,6712.95,37977
2021-06-15 10:01:16,6712.95,37977
2021-06-15 10:01:16,6712.95,37977
2021-06-15 10:01:17,6712.95,37977
2021-06-15 10:01:18,6712.95,37977
2021-06-15 10:01:19,6712.95,37977
2021-06-15 10:01:21,6708.8,38032
2021-06-15 10:01:22,6708.8,38032
2021-06-15 10:01:23,6708.0,38033
2021-06-15 10:01:26,6708.0,38033
2021-06-15 10:01:27,6707.95,38059
2021-06-15 10:01:28,6707.95,38059
2021-06-15 10:01:29,6705.45,38362
2021-06-15 10:01:30,6709.05,38372
2021-06-15 10:01:31,6709.05,38372
2021-06-15 10:01:32,6709.05,38372
2021-06-15 10:01:34,6704.5,38451
2021-06-15 10:01:35,6704.5,38451
2021-06-15 10:01:36,6704.5,38451
2021-06-15 10:01:36,6704.5,38451
2021-06-15 10:01:37,6704.5,38451
2021-06-15 10:01:38,6704.5,38451
2021-06-15 10:01:39,6704.5,38451
2021-06-15 10:01:41,6704.5,38451
2021-06-15 10:01:42,6704.5,38451
2021-06-15 10:01:43,6704.5,38451
2021-06-15 10:01:44,6704.0,38501
2021-06-15 10:01:45,6705.0,38530
2021-06-15 10:01:45,6705.0,38530
2021-06-15 10:01:46,6705.0,38530
2021-06-15 10:01:47,6705.0,38530
2021-06-15 10:01:48,6705.0,38530
2021-06-15 10:01:49,6705.0,38530
2021-06-15 10:01:50,6705.0,38530
2021-06-15 10:01:51,6705.0,38540
2021-06-15 10:01:53,6705.0,38552
2021-06-15 10:01:54,6705.0,38552
2021-06-15 10:01:54,6705.0,38552
2021-06-15 10:01:55,6705.0,38552
2021-06-15 10:01:56,6705.0,38552
2021-06-15 10:01:57,6705.0,38552
2021-06-15 10:01:58,6705.0,38555
2021-06-15 10:01:59,6705.0,38555
2021-06-15 10:02:00,6705.0,38555
2021-06-15 10:02:02,6705.0,38555
2021-06-15 10:02:03,6705.0,38555
2021-06-15 10:02:03,6705.0,38555
2021-06-15 10:02:05,6705.0,38565
2021-06-15 10:02:06,6705.0,38567
2021-06-15 10:02:08,6705.0,38567
2021-06-15 10:02:09,6705.0,38567
2021-06-15 10:02:10,6705.0,38582
2021-06-15 10:02:12,6707.0,38592
2021-06-15 10:02:13,6707.0,38592
2021-06-15 10:02:14,6706.85,38594
2021-06-15 10:02:14,6706.85,38594
2021-06-15 10:02:16,6708.15,38654
2021-06-15 10:02:17,6708.15,38654
2021-06-15 10:02:18,6708.15,38654
2021-06-15 10:02:19,6708.15,38654
2021-06-15 10:02:20,6708.15,38654
2021-06-15 10:02:22,6708.15,38654
2021-06-15 10:02:23,6708.15,38654
2021-06-15 10:02:23,6708.15,38654
2021-06-15 10:02:24,6708.15,38654
2021-06-15 10:02:26,6708.15,38654
2021-06-15 10:02:27,6708.15,38654
2021-06-15 10:02:27,6708.15,38654
2021-06-15 10:02:29,6708.15,38704
2021-06-15 10:02:29,6708.15,38704
2021-06-15 10:02:30,6708.15,38704
2021-06-15 10:02:31,6708.15,38704
2021-06-15 10:02:32,6708.15,38704
2021-06-15 10:02:33,6708.15,38704
2021-06-15 10:02:34,6708.15,38704
2021-06-15 10:02:35,6708.25,38708
2021-06-15 10:02:36,6708.25,38708
2021-06-15 10:02:38,6708.25,38708
2021-06-15 10:02:39,6708.25,38708
2021-06-15 10:02:39,6708.25,38708
2021-06-15 10:02:40,6708.25,38708
2021-06-15 10:02:42,6708.25,38708
2021-06-15 10:02:43,6708.25,38708
2021-06-15 10:02:44,6708.25,38708
2021-06-15 10:02:45,6708.25,38708
2021-06-15 10:02:46,6708.25,38708
2021-06-15 10:02:46,6708.25,38708
2021-06-15 10:02:47,6708.2,38713
2021-06-15 10:02:48,6708.2,38713
2021-06-15 10:02:49,6708.2,38713
2021-06-15 10:02:50,6708.2,38713
2021-06-15 10:02:52,6708.2,38713
2021-06-15 10:02:53,6708.2,38713
2021-06-15 10:02:53,6708.2,38713
2021-06-15 10:02:54,6708.2,38713
2021-06-15 10:02:55,6705.45,38750
2021-06-15 10:02:57,6705.45,38750
2021-06-15 10:02:58,6705.45,38750
2021-06-15 10:02:59,6705.45,38750
2021-06-15 10:03:00,6705.45,38750
2021-06-15 10:03:00,6705.45,38750
2021-06-15 10:03:01,6705.45,38750
2021-06-15 10:03:03,6705.3,38765
2021-06-15 10:03:04,6705.3,38765
2021-06-15 10:03:04,6705.3,38765
2021-06-15 10:03:05,6705.3,38765
2021-06-15 10:03:06,6705.3,38765
2021-06-15 10:03:08,6705.3,38765
2021-06-15 10:03:10,6705.3,38765
2021-06-15 10:03:11,6705.3,38765
2021-06-15 10:03:13,6705.3,38765
2021-06-15 10:03:13,6705.3,38765
2021-06-15 10:03:14,6705.3,38765
2021-06-15 10:03:15,6705.3,38765
2021-06-15 10:03:16,6705.3,38765
2021-06-15 10:03:18,6705.3,38765
2021-06-15 10:03:21,6705.3,38765
2021-06-15 10:03:22,6705.3,38765
2021-06-15 10:03:23,6705.3,38765
2021-06-15 10:03:24,6705.3,38765
2021-06-15 10:03:25,6705.3,38765
2021-06-15 10:03:26,6705.0,38813
2021-06-15 10:03:27,6704.85,38823
2021-06-15 10:03:28,6704.85,38823
2021-06-15 10:03:29,6705.0,38824
2021-06-15 10:03:30,6705.0,38824
2021-06-15 10:03:31,6705.0,38829
2021-06-15 10:03:32,6705.0,38829
2021-06-15 10:03:33,6705.0,38829
2021-06-15 10:03:34,6705.3,38930
2021-06-15 10:03:35,6705.3,38930
2021-06-15 10:03:36,6705.3,38930
2021-06-15 10:03:37,6705.3,38930
2021-06-15 10:03:38,6705.3,38930
2021-06-15 10:03:39,6705.3,38930
2021-06-15 10:03:40,6705.3,38930
2021-06-15 10:03:41,6705.3,38930
2021-06-15 10:03:42,6705.3,38930
2021-06-15 10:03:42,6707.75,38931
2021-06-15 10:03:43,6707.75,38931
2021-06-15 10:03:44,6707.75,38931
2021-06-15 10:03:46,6707.75,38931
2021-06-15 10:03:47,6707.75,38931
2021-06-15 10:03:48,6707.75,38931
2021-06-15 10:03:49,6707.75,38931
2021-06-15 10:03:49,6707.75,38931
2021-06-15 10:03:51,6707.75,38931
2021-06-15 10:03:51,6707.75,38931
2021-06-15 10:03:53,6707.75,38931
2021-06-15 10:03:54,6707.75,38931
2021-06-15 10:03:55,6707.75,38931
2021-06-15 10:03:56,6707.75,38931
2021-06-15 10:03:57,6707.75,38931
2021-06-15 10:03:58,6707.75,38931
2021-06-15 10:03:59,6707.75,38931
2021-06-15 10:04:00,6707.75,38931
2021-06-15 10:04:01,6707.75,38931
2021-06-15 10:04:02,6707.75,38931
2021-06-15 10:04:03,6705.0,38941
2021-06-15 10:04:04,6705.0,38941
2021-06-15 10:04:05,6705.0,38943
2021-06-15 10:04:06,6705.0,38943
2021-06-15 10:04:07,6707.7,38953
2021-06-15 10:04:08,6707.7,38953
2021-06-15 10:04:10,6707.7,38953
2021-06-15 10:04:10,6707.7,38953
2021-06-15 10:04:11,6707.7,38953
2021-06-15 10:04:13,6707.7,38953
2021-06-15 10:04:13,6705.0,38958
2021-06-15 10:04:15,6707.7,38961
2021-06-15 10:04:16,6707.7,38961
2021-06-15 10:04:17,6707.7,38961
2021-06-15 10:04:18,6707.7,38961
2021-06-15 10:04:19,6707.7,38961
2021-06-15 10:04:20,6707.7,38961
2021-06-15 10:04:21,6707.7,38961
2021-06-15 10:04:21,6707.7,38961
2021-06-15 10:04:22,6705.0,38986
2021-06-15 10:04:24,6707.7,38987
2021-06-15 10:04:25,6707.7,38987
2021-06-15 10:04:27,6707.7,38987
2021-06-15 10:04:28,6707.7,38987
2021-06-15 10:04:29,6707.7,38987
2021-06-15 10:04:30,6707.7,38987
2021-06-15 10:04:31,6707.7,38987
2021-06-15 10:04:34,6707.7,38987
2021-06-15 10:04:35,6707.7,38987
2021-06-15 10:04:36,6707.7,38987
2021-06-15 10:04:37,6705.1,38992
2021-06-15 10:04:38,6705.0,39052
2021-06-15 10:04:40,6705.0,39052
2021-06-15 10:04:41,6705.0,39055
2021-06-15 10:04:42,6705.0,39055
2021-06-15 10:04:43,6705.0,39055
2021-06-15 10:04:44,6707.0,39060
2021-06-15 10:04:45,6707.0,39061
2021-06-15 10:04:46,6707.0,39061
2021-06-15 10:04:47,6707.0,39061
2021-06-15 10:04:48,6707.0,39061
2021-06-15 10:04:49,6707.0,39061
2021-06-15 10:04:50,6707.0,39061
2021-06-15 10:04:51,6707.0,39066
2021-06-15 10:04:52,6707.0,39066
2021-06-15 10:04:53,6705.0,39095
2021-06-15 10:04:54,6705.0,39096
2021-06-15 10:04:56,6705.0,39097
2021-06-15 10:04:57,6705.0,39097
2021-06-15 10:04:58,6705.0,39097
2021-06-15 10:04:59,6705.0,39098
2021-06-15 10:05:00,6707.0,39103
2021-06-15 10:05:01,6707.0,39117
2021-06-15 10:05:02,6705.9,39122
2021-06-15 10:05:03,6705.9,39122
2021-06-15 10:05:04,6707.7,39123
2021-06-15 10:05:05,6707.7,39123
2021-06-15 10:05:06,6707.7,39123
2021-06-15 10:05:07,6707.7,39123
2021-06-15 10:05:08,6707.7,39123
2021-06-15 10:05:09,6705.7,39124
2021-06-15 10:05:10,6705.65,39127
2021-06-15 10:05:12,6707.7,39137
2021-06-15 10:05:14,6707.7,39137
2021-06-15 10:05:15,6707.7,39137
2021-06-15 10:05:16,6707.7,39137
2021-06-15 10:05:17,6707.7,39137
2021-06-15 10:05:17,6707.7,39137
2021-06-15 10:05:18,6707.7,39137
2021-06-15 10:05:20,6707.7,39137
2021-06-15 10:05:21,6707.7,39137
2021-06-15 10:05:23,6707.4,39147
2021-06-15 10:05:24,6707.4,39147
2021-06-15 10:05:25,6707.7,39164
2021-06-15 10:05:27,6707.7,39164
2021-06-15 10:05:28,6707.4,39180
2021-06-15 10:05:30,6705.65,39185
2021-06-15 10:05:31,6705.65,39185
2021-06-15 10:05:32,6705.65,39185
2021-06-15 10:05:33,6705.65,39185
2021-06-15 10:05:34,6705.65,39185
2021-06-15 10:05:35,6705.65,39185
2021-06-15 10:05:36,6707.4,39190
2021-06-15 10:05:38,6707.4,39190
2021-06-15 10:05:39,6707.4,39190
2021-06-15 10:05:40,6707.4,39190
2021-06-15 10:05:41,6707.4,39190
2021-06-15 10:05:42,6707.4,39190
2021-06-15 10:05:43,6707.7,39205
2021-06-15 10:05:44,6707.7,39205
2021-06-15 10:05:45,6707.7,39205
2021-06-15 10:05:47,6705.35,39230
2021-06-15 10:05:48,6705.35,39230
2021-06-15 10:05:50,6705.35,39230
2021-06-15 10:05:51,6705.3,39233
2021-06-15 10:05:52,6705.3,39233
2021-06-15 10:05:52,6705.3,39233
2021-06-15 10:05:53,6705.3,39233
2021-06-15 10:05:55,6705.3,39233
2021-06-15 10:05:56,6705.3,39233
2021-06-15 10:05:57,6705.3,39233
2021-06-15 10:05:58,6705.3,39233
2021-06-15 10:05:59,6705.3,39233
2021-06-15 10:06:01,6705.3,39233
2021-06-15 10:06:03,6705.3,39233
2021-06-15 10:06:04,6705.3,39233
2021-06-15 10:06:05,6705.3,39233
2021-06-15 10:06:06,6705.3,39233
2021-06-15 10:06:07,6705.25,39238
2021-06-15 10:06:08,6706.0,39288
2021-06-15 10:06:09,6706.0,39288
2021-06-15 10:06:10,6705.25,39289
2021-06-15 10:06:11,6705.25,39289
2021-06-15 10:06:12,6705.25,39289
2021-06-15 10:06:13,6705.25,39289
2021-06-15 10:06:14,6707.7,39389
2021-06-15 10:06:15,6707.7,39389
2021-06-15 10:06:16,6705.8,39429
2021-06-15 10:06:17,6707.7,39450
2021-06-15 10:06:18,6707.7,39450
2021-06-15 10:06:19,6707.7,39450
2021-06-15 10:06:20,6707.7,39450
2021-06-15 10:06:21,6707.7,39450
2021-06-15 10:06:23,6707.7,39450
2021-06-15 10:06:25,6706.2,39452
2021-06-15 10:06:26,6706.2,39452
2021-06-15 10:06:27,6707.75,39490
2021-06-15 10:06:29,6708.25,39531
2021-06-15 10:06:30,6708.25,39531
2021-06-15 10:06:31,6709.0,39536
2021-06-15 10:06:32,6709.0,39536
2021-06-15 10:06:33,6710.0,39576
2021-06-15 10:06:34,6712.0,39697
2021-06-15 10:06:35,6710.0,39698
2021-06-15 10:06:36,6712.0,39702
2021-06-15 10:06:37,6712.0,39702
2021-06-15 10:06:38,6710.25,39727
2021-06-15 10:06:39,6710.25,39727
2021-06-15 10:06:40,6710.25,39727
2021-06-15 10:06:41,6710.25,39727
2021-06-15 10:06:42,6710.25,39727
2021-06-15 10:06:43,6710.25,39727
2021-06-15 10:06:44,6710.25,39727
2021-06-15 10:06:47,6710.25,39727
2021-06-15 10:06:46,6710.25,39727
2021-06-15 10:06:48,6710.25,39727
2021-06-15 10:06:49,6710.25,39727
2021-06-15 10:06:50,6710.25,39727
2021-06-15 10:06:51,6710.25,39727
2021-06-15 10:06:52,6710.25,39727
2021-06-15 10:06:53,6710.25,39727
2021-06-15 10:06:54,6713.0,39732
2021-06-15 10:06:55,6713.25,39757
2021-06-15 10:06:56,6713.25,39757
2021-06-15 10:06:57,6713.25,39757
2021-06-15 10:06:58,6713.25,39757
2021-06-15 10:06:59,6713.25,39757
2021-06-15 10:07:00,6713.25,39757
2021-06-15 10:07:00,6713.0,39758
2021-06-15 10:07:01,6713.25,39808
2021-06-15 10:07:03,6713.25,39808
2021-06-15 10:07:04,6713.25,39808
2021-06-15 10:07:05,6713.25,39809
2021-06-15 10:07:06,6713.25,39809
2021-06-15 10:07:08,6713.25,39859
2021-06-15 10:07:09,6714.0,39953
2021-06-15 10:07:10,6715.0,39990
2021-06-15 10:07:11,6715.0,39990
2021-06-15 10:07:12,6715.0,39990
2021-06-15 10:07:13,6715.0,39990
2021-06-15 10:07:13,6715.0,39990
2021-06-15 10:07:14,6715.0,39990
2021-06-15 10:07:15,6715.0,39990
2021-06-15 10:07:17,6715.0,39990
2021-06-15 10:07:18,6714.8,40015
2021-06-15 10:07:19,6715.0,40036
2021-06-15 10:07:20,6715.0,40036
2021-06-15 10:07:20,6713.3,40041
2021-06-15 10:07:21,6715.0,40046
2021-06-15 10:07:23,6715.0,40046
2021-06-15 10:07:24,6715.0,40046
2021-06-15 10:07:25,6715.0,40046
2021-06-15 10:07:25,6713.3,40226
2021-06-15 10:07:26,6713.3,40226
2021-06-15 10:07:27,6713.3,40226
2021-06-15 10:07:28,6713.3,40226
2021-06-15 10:07:30,6713.3,40228
2021-06-15 10:07:31,6713.3,40228
2021-06-15 10:07:32,6713.3,40228
2021-06-15 10:07:33,6713.3,40228
2021-06-15 10:07:36,6715.15,40566
2021-06-15 10:07:40,6717.0,40580
2021-06-15 10:07:45,6719.0,41305
2021-06-15 10:07:49,6725.3,43087
2021-06-15 10:07:53,6726.0,43165
2021-06-15 10:07:58,6728.0,43227
2021-06-15 10:08:02,6729.0,43278
2021-06-15 10:08:06,6727.6,43501
2021-06-15 10:08:10,6727.65,43529
2021-06-15 10:08:14,6729.95,43562
2021-06-15 10:08:18,6723.25,43727
2021-06-15 10:08:26,6727.6,43881
2021-06-15 10:08:30,6724.9,43961
2021-06-15 10:08:34,6727.6,44013
2021-06-15 10:08:39,6727.6,44037
2021-06-15 10:08:43,6724.95,44051
2021-06-15 10:08:47,6724.9,44077
2021-06-15 10:08:51,6727.45,44091
2021-06-15 10:08:56,6724.9,44094
2021-06-15 10:09:00,6722.55,44207
2021-06-15 10:09:04,6722.55,44207
2021-06-15 10:09:08,6721.25,44223
2021-06-15 10:09:13,6719.0,44323
2021-06-15 10:09:17,6720.6,44338
2021-06-15 10:09:21,6720.55,44343
2021-06-15 10:09:26,6717.3,44344
2021-06-15 10:09:30,6719.0,44367
2021-06-15 10:09:34,6721.35,44370
2021-06-15 10:09:38,6716.05,44665
2021-06-15 10:09:42,6716.05,44665
2021-06-15 10:09:46,6718.6,44677
2021-06-15 10:09:51,6717.1,44689
2021-06-15 10:09:55,6717.4,44937
2021-06-15 10:09:59,6720.0,44943
2021-06-15 10:10:03,6717.4,44944
2021-06-15 10:10:07,6716.05,45022
2021-06-15 10:10:11,6710.55,45055
2021-06-15 10:10:16,6713.4,45106
2021-06-15 10:10:20,6714.0,45168
2021-06-15 10:10:25,6714.0,45168
2021-06-15 10:10:30,6711.0,45169
2021-06-15 10:10:34,6711.0,45213
2021-06-15 10:10:38,6716.25,45243
2021-06-15 10:10:42,6712.6,45253
2021-06-15 10:10:47,6717.2,45258
2021-06-15 10:10:51,6717.4,45271
2021-06-15 10:10:55,6717.4,45271
2021-06-15 10:10:59,6717.9,45276
2021-06-15 10:11:04,6717.9,45276
2021-06-15 10:11:08,6717.85,45308
2021-06-15 10:11:17,6717.85,45308
2021-06-15 10:11:21,6717.0,45311
2021-06-15 10:11:25,6717.5,45321
2021-06-15 10:11:30,6717.5,45321
2021-06-15 10:11:34,6717.5,45321
2021-06-15 10:11:38,6717.85,45341
2021-06-15 10:11:42,6715.15,45391
2021-06-15 10:11:47,6715.15,45406
2021-06-15 10:11:51,6715.15,45406
2021-06-15 10:11:55,6715.0,45414
2021-06-15 10:11:59,6717.85,45422
2021-06-15 10:12:03,6717.95,45438
2021-06-15 10:12:08,6717.95,45438
2021-06-15 10:12:11,6717.95,45438
2021-06-15 10:12:15,6715.0,45473
2021-06-15 10:12:19,6715.0,45473
2021-06-15 10:12:23,6717.0,45578
2021-06-15 10:12:26,6715.0,45588
2021-06-15 10:12:30,6715.0,45588
2021-06-15 10:12:34,6715.2,45595
2021-06-15 10:12:35,6714.35,45666
2021-06-15 10:12:36,6714.35,45666
2021-06-15 10:12:37,6714.35,45666
2021-06-15 10:12:38,6714.35,45666
2021-06-15 10:12:39,6714.35,45666
2021-06-15 10:12:40,6714.35,45666
2021-06-15 10:12:41,6713.15,45680
2021-06-15 10:12:42,6713.15,45683
2021-06-15 10:12:42,6713.15,45683
2021-06-15 10:12:43,6713.15,45683
2021-06-15 10:12:44,6713.15,45683
2021-06-15 10:12:46,6713.15,45686
2021-06-15 10:12:47,6713.15,45686
2021-06-15 10:12:48,6713.15,45686
2021-06-15 10:12:49,6713.15,45686
2021-06-15 10:12:50,6713.15,45686
2021-06-15 10:12:51,6712.0,45687
2021-06-15 10:12:52,6712.0,45687
2021-06-15 10:12:53,6712.0,45687
2021-06-15 10:12:53,6712.0,45687
2021-06-15 10:12:54,6711.15,45691
2021-06-15 10:12:55,6711.15,45691
2021-06-15 10:12:56,6711.0,45693
2021-06-15 10:12:58,6711.0,45693
2021-06-15 10:12:58,6711.0,45693
2021-06-15 10:12:59,6711.0,45693
2021-06-15 10:13:00,6711.0,45693
2021-06-15 10:13:01,6711.0,45693
2021-06-15 10:13:02,6711.0,45693
2021-06-15 10:13:03,6711.0,45693
2021-06-15 10:13:05,6711.0,45693
2021-06-15 10:13:06,6711.0,45693
2021-06-15 10:13:07,6711.0,45693
2021-06-15 10:13:07,6711.0,45693
2021-06-15 10:13:08,6711.0,45693
2021-06-15 10:13:09,6711.0,45693
2021-06-15 10:13:10,6711.0,45693
2021-06-15 10:13:12,6713.15,45694
2021-06-15 10:13:13,6714.0,45695
2021-06-15 10:13:15,6714.0,45695
2021-06-15 10:13:16,6714.0,45700
2021-06-15 10:13:16,6714.0,45700
2021-06-15 10:13:18,6714.0,45700
2021-06-15 10:13:20,6714.0,45700
2021-06-15 10:13:21,6714.0,45700
2021-06-15 10:13:23,6714.0,45700
2021-06-15 10:13:23,6714.0,45700
2021-06-15 10:13:24,6714.0,45700
2021-06-15 10:13:25,6712.75,45702
2021-06-15 10:13:26,6712.75,45702
2021-06-15 10:13:28,6712.75,45702
2021-06-15 10:13:29,6714.0,45752
2021-06-15 10:13:30,6714.0,45752
2021-06-15 10:13:31,6711.15,45757
2021-06-15 10:13:32,6711.15,45757
2021-06-15 10:13:32,6711.15,45757
2021-06-15 10:13:33,6711.15,45757
2021-06-15 10:13:34,6711.15,45757
2021-06-15 10:13:35,6711.15,45757
2021-06-15 10:13:36,6711.15,45757
2021-06-15 10:13:37,6715.0,45758
2021-06-15 10:13:38,6715.0,45760
2021-06-15 10:13:39,6715.0,45760
2021-06-15 10:13:41,6715.0,45760
2021-06-15 10:13:42,6715.0,45760
2021-06-15 10:13:43,6715.0,45760
2021-06-15 10:13:44,6715.0,45760
2021-06-15 10:13:45,6715.0,45760
2021-06-15 10:13:46,6715.0,45761
2021-06-15 10:13:48,6715.0,45761
2021-06-15 10:13:49,6715.0,45761
2021-06-15 10:13:50,6715.0,45761
2021-06-15 10:13:51,6715.0,45761
2021-06-15 10:13:51,6715.0,45761
2021-06-15 10:13:52,6715.0,45761
2021-06-15 10:13:54,6715.0,45761
2021-06-15 10:13:55,6715.0,45761
2021-06-15 10:13:56,6715.0,45761
2021-06-15 10:13:56,6715.0,45761
2021-06-15 10:13:58,6714.95,45764
2021-06-15 10:14:01,6712.25,45765
2021-06-15 10:14:02,6712.25,45765
2021-06-15 10:14:03,6712.25,45765
2021-06-15 10:14:05,6712.25,45765
2021-06-15 10:14:06,6712.25,45765
2021-06-15 10:14:07,6715.0,45767
2021-06-15 10:14:08,6715.0,45767
2021-06-15 10:14:10,6715.0,45767
2021-06-15 10:14:11,6715.0,45767
2021-06-15 10:14:12,6711.95,45817
2021-06-15 10:14:13,6711.95,45817
2021-06-15 10:14:14,6711.95,45817
2021-06-15 10:14:15,6711.95,45817
2021-06-15 10:14:16,6715.0,45819
2021-06-15 10:14:17,6715.0,45819
2021-06-15 10:14:18,6713.1,45829
2021-06-15 10:14:19,6713.1,45829
2021-06-15 10:14:20,6713.1,45829
2021-06-15 10:14:21,6713.1,45829
2021-06-15 10:14:22,6713.1,45829
2021-06-15 10:14:24,6713.1,45829
2021-06-15 10:14:25,6713.1,45829
2021-06-15 10:14:26,6713.1,45829
2021-06-15 10:14:27,6713.1,45829
2021-06-15 10:14:28,6711.85,45830
2021-06-15 10:14:29,6711.85,45830
2021-06-15 10:14:30,6711.8,45832
2021-06-15 10:14:31,6711.8,45832
2021-06-15 10:14:32,6711.8,45832
2021-06-15 10:14:33,6711.8,45832
2021-06-15 10:14:34,6711.8,45832
2021-06-15 10:14:35,6711.8,45832
2021-06-15 10:14:35,6711.8,45832
2021-06-15 10:14:36,6711.8,45832
2021-06-15 10:14:37,6711.8,45832
2021-06-15 10:14:39,6711.8,45832
2021-06-15 10:14:40,6711.8,45832
2021-06-15 10:14:41,6711.8,45832
2021-06-15 10:14:41,6711.8,45832
2021-06-15 10:14:42,6711.8,45832
2021-06-15 10:14:43,6711.8,45832
2021-06-15 10:14:44,6711.8,45832
2021-06-15 10:14:45,6711.8,45832
2021-06-15 10:14:46,6711.8,45842
2021-06-15 10:14:47,6710.45,45892
2021-06-15 10:14:48,6710.45,45892
2021-06-15 10:14:49,6710.45,45892
2021-06-15 10:14:51,6710.45,45892
2021-06-15 10:14:52,6710.45,45892
2021-06-15 10:14:53,6710.45,45892
2021-06-15 10:14:54,6710.45,45892
2021-06-15 10:14:55,6710.45,45892
2021-06-15 10:14:56,6710.0,45898
2021-06-15 10:14:58,6710.0,45898
2021-06-15 10:14:59,6710.0,45898
2021-06-15 10:15:00,6713.35,45899
2021-06-15 10:15:01,6713.35,45899
2021-06-15 10:15:02,6712.8,45906
2021-06-15 10:15:03,6711.0,45907
2021-06-15 10:15:05,6711.0,45907
2021-06-15 10:15:06,6711.0,45910
2021-06-15 10:15:07,6711.0,45910
2021-06-15 10:15:08,6711.0,45910
2021-06-15 10:15:09,6711.0,45910
2021-06-15 10:15:10,6713.35,45911
2021-06-15 10:15:11,6713.35,45911
2021-06-15 10:15:12,6713.35,45911
2021-06-15 10:15:13,6713.35,45911
2021-06-15 10:15:13,6713.35,45911
2021-06-15 10:15:15,6713.35,45911
2021-06-15 10:15:16,6710.6,45957
2021-06-15 10:15:18,6710.6,45957
2021-06-15 10:15:18,6710.6,45957
2021-06-15 10:15:19,6710.6,45957
2021-06-15 10:15:20,6710.6,45957
2021-06-15 10:15:22,6710.0,45987
2021-06-15 10:15:23,6710.0,45987
2021-06-15 10:15:23,6710.0,45987
2021-06-15 10:15:25,6710.0,45987
2021-06-15 10:15:26,6710.0,45987
2021-06-15 10:15:27,6710.0,45987
2021-06-15 10:15:28,6710.0,45987
2021-06-15 10:15:29,6710.0,45987
2021-06-15 10:15:32,6710.0,45987
2021-06-15 10:15:33,6713.2,46002
2021-06-15 10:15:34,6713.2,46002
2021-06-15 10:15:35,6711.0,46012
2021-06-15 10:15:36,6710.3,46032
2021-06-15 10:15:37,6710.3,46036
2021-06-15 10:15:37,6710.3,46036
2021-06-15 10:15:38,6710.3,46036
2021-06-15 10:15:39,6710.3,46036
2021-06-15 10:15:40,6710.25,46039
2021-06-15 10:15:42,6710.25,46039
2021-06-15 10:15:43,6710.25,46039
2021-06-15 10:15:44,6710.25,46039
2021-06-15 10:15:45,6710.25,46039
2021-06-15 10:15:46,6710.25,46039
2021-06-15 10:15:47,6710.25,46039
2021-06-15 10:15:49,6710.25,46039
2021-06-15 10:15:50,6710.25,46039
2021-06-15 10:15:50,6713.35,46040
2021-06-15 10:15:51,6713.35,46040
2021-06-15 10:15:52,6713.35,46040
2021-06-15 10:15:53,6711.6,46044
2021-06-15 10:15:54,6711.6,46049
2021-06-15 10:15:56,6711.6,46049
2021-06-15 10:15:57,6712.8,46054
2021-06-15 10:15:58,6710.1,46074
2021-06-15 10:15:59,6713.4,46084
2021-06-15 10:16:00,6713.4,46084
2021-06-15 10:16:01,6713.4,46084
2021-06-15 10:16:02,6713.4,46084
2021-06-15 10:16:03,6713.4,46084
2021-06-15 10:16:05,6713.4,46084
2021-06-15 10:16:07,6713.4,46084
2021-06-15 10:16:08,6710.1,46089
2021-06-15 10:16:08,6710.1,46089
2021-06-15 10:16:10,6710.1,46089
2021-06-15 10:16:11,6712.85,46090
2021-06-15 10:16:13,6712.85,46090
2021-06-15 10:16:14,6712.85,46090
2021-06-15 10:16:15,6712.85,46090
2021-06-15 10:16:16,6712.85,46090
2021-06-15 10:16:18,6712.85,46090
2021-06-15 10:16:18,6712.85,46090
2021-06-15 10:16:19,6712.85,46090
2021-06-15 10:16:20,6710.1,46093
2021-06-15 10:16:21,6710.1,46093
2021-06-15 10:16:22,6710.1,46093
2021-06-15 10:16:23,6710.1,46093
2021-06-15 10:16:24,6712.8,46098
2021-06-15 10:16:26,6712.8,46098
2021-06-15 10:16:27,6712.8,46098
2021-06-15 10:16:28,6712.8,46098
2021-06-15 10:16:28,6712.8,46098
2021-06-15 10:16:29,6712.8,46098
2021-06-15 10:16:30,6712.95,46108
2021-06-15 10:16:31,6712.95,46108
2021-06-15 10:16:33,6712.95,46108
2021-06-15 10:16:34,6712.95,46108
2021-06-15 10:16:35,6712.95,46108
2021-06-15 10:16:35,6712.95,46108
2021-06-15 10:16:37,6712.95,46108
2021-06-15 10:16:38,6712.95,46108
2021-06-15 10:16:39,6712.95,46108
2021-06-15 10:16:40,6712.95,46108
2021-06-15 10:16:41,6712.95,46108
2021-06-15 10:16:42,6713.0,46158
2021-06-15 10:16:43,6711.0,46159
2021-06-15 10:16:44,6711.0,46159
2021-06-15 10:16:45,6711.0,46159
2021-06-15 10:16:46,6711.0,46159
2021-06-15 10:16:47,6711.0,46159
2021-06-15 10:16:48,6711.0,46159
2021-06-15 10:16:48,6710.7,46173
2021-06-15 10:16:49,6710.7,46173
2021-06-15 10:16:51,6710.7,46175
2021-06-15 10:16:52,6710.7,46175
2021-06-15 10:16:53,6710.7,46175
2021-06-15 10:16:54,6710.7,46175
2021-06-15 10:16:55,6710.7,46176
2021-06-15 10:16:56,6710.7,46176
2021-06-15 10:16:57,6710.7,46176
2021-06-15 10:16:57,6713.7,46196
2021-06-15 10:16:59,6713.7,46196
2021-06-15 10:17:02,6713.7,46196
2021-06-15 10:17:03,6713.7,46196
2021-06-15 10:17:04,6713.7,46196
2021-06-15 10:17:05,6713.7,46196
2021-06-15 10:17:06,6713.7,46196
2021-06-15 10:17:07,6713.7,46196
2021-06-15 10:17:07,6713.7,46196
2021-06-15 10:17:08,6713.7,46196
2021-06-15 10:17:10,6713.7,46196
2021-06-15 10:17:12,6713.7,46196
2021-06-15 10:17:14,6713.7,46196
2021-06-15 10:17:15,6710.65,46207
2021-06-15 10:17:16,6710.65,46207
2021-06-15 10:17:17,6713.7,46214
2021-06-15 10:17:18,6713.7,46214
2021-06-15 10:17:19,6713.7,46214
2021-06-15 10:17:20,6713.7,46214
2021-06-15 10:17:21,6713.7,46214
2021-06-15 10:17:21,6713.7,46214
2021-06-15 10:17:22,6713.7,46214
2021-06-15 10:17:23,6713.7,46214
2021-06-15 10:17:25,6713.7,46214
2021-06-15 10:17:26,6713.7,46264
2021-06-15 10:17:27,6710.65,46274
2021-06-15 10:17:28,6710.65,46274
2021-06-15 10:17:29,6710.65,46274
2021-06-15 10:17:30,6710.65,46274
2021-06-15 10:17:32,6713.7,46288
2021-06-15 10:17:33,6713.7,46288
2021-06-15 10:17:37,6713.7,46288
2021-06-15 10:17:40,6711.3,46329
2021-06-15 10:17:44,6713.75,46366
2021-06-15 10:17:49,6713.75,46366
2021-06-15 10:17:53,6710.6,46370
2021-06-15 10:17:57,6710.6,46370
2021-06-15 10:18:01,6710.6,46378
2021-06-15 10:18:05,6710.6,46382
2021-06-15 10:18:10,6713.8,46400
2021-06-15 10:18:14,6713.7,46427
2021-06-15 10:18:18,6713.7,46427
2021-06-15 10:18:22,6713.7,46427
2021-06-15 10:18:25,6711.0,46448
2021-06-15 10:18:29,6711.0,46448
2021-06-15 10:18:33,6711.0,46448
2021-06-15 10:18:36,6710.95,46449
2021-06-15 10:18:40,6710.6,46761
2021-06-15 10:18:44,6710.6,46761
2021-06-15 10:18:48,6711.0,46772
2021-06-15 10:18:52,6711.0,46772
2021-06-15 10:18:56,6711.0,46772
2021-06-15 10:19:00,6711.0,46783
2021-06-15 10:19:04,6711.0,46792
2021-06-15 10:19:07,6711.0,46792
2021-06-15 10:19:11,6710.95,46796
2021-06-15 10:19:15,6710.6,46801
2021-06-15 10:19:20,6713.8,46938
2021-06-15 10:19:24,6713.8,46938
2021-06-15 10:19:28,6713.8,46938
2021-06-15 10:19:40,6711.6,46947
2021-06-15 10:19:44,6711.6,46947
2021-06-15 10:19:48,6711.2,46955
2021-06-15 10:19:52,6713.0,46956
2021-06-15 10:19:55,6713.0,46956
2021-06-15 10:19:59,6712.0,46985
2021-06-15 10:20:03,6711.1,47025
2021-06-15 10:20:07,6711.1,47025
2021-06-15 10:20:11,6711.1,47025
2021-06-15 10:20:15,6711.1,47025
2021-06-15 10:20:19,6711.1,47045
2021-06-15 10:20:23,6711.1,47087
2021-06-15 10:20:26,6711.1,47087
2021-06-15 10:20:30,6711.1,47112
2021-06-15 10:20:34,6711.1,47112
2021-06-15 10:20:37,6711.1,47128
2021-06-15 10:20:41,6711.15,47132
2021-06-15 10:20:45,6711.15,47141
2021-06-15 10:20:49,6711.15,47145
2021-06-15 10:20:53,6712.0,47188
2021-06-15 10:20:58,6711.15,47214
2021-06-15 10:21:02,6712.0,47234
2021-06-15 10:21:06,6712.0,47261
2021-06-15 10:21:09,6712.0,47261
2021-06-15 10:21:13,6712.0,47301
2021-06-15 10:21:17,6712.0,47301
2021-06-15 10:21:22,6713.0,47316
2021-06-15 10:21:26,6713.0,47316
2021-06-15 10:21:30,6713.0,47316
2021-06-15 10:21:34,6713.0,47316
2021-06-15 10:21:38,6712.0,47321
2021-06-15 10:21:42,6711.15,47412
2021-06-15 10:21:50,6711.15,47412
2021-06-15 10:21:53,6711.15,47412
2021-06-15 10:21:57,6711.15,47412
2021-06-15 10:22:01,6711.15,47412
2021-06-15 10:22:05,6712.0,47419
2021-06-15 10:22:09,6712.0,47419
2021-06-15 10:22:13,6712.0,47419
2021-06-15 10:22:17,6712.0,47419
2021-06-15 10:22:20,6711.15,47428
2021-06-15 10:22:24,6711.15,47428
2021-06-15 10:22:27,6711.15,47428
2021-06-15 10:22:31,6711.15,47428
2021-06-15 10:22:34,6711.15,47431
2021-06-15 10:22:34,6711.15,47431
2021-06-15 10:22:35,6711.15,47431
2021-06-15 10:22:36,6711.15,47431
2021-06-15 10:22:38,6711.15,47431
2021-06-15 10:22:39,6711.15,47431
2021-06-15 10:22:40,6712.0,47432
2021-06-15 10:22:41,6712.0,47432
2021-06-15 10:22:42,6712.0,47432
2021-06-15 10:22:43,6712.0,47432
2021-06-15 10:22:44,6712.95,47448
2021-06-15 10:22:46,6712.95,47448
2021-06-15 10:22:48,6712.95,47448
2021-06-15 10:22:49,6712.95,47449
2021-06-15 10:22:51,6712.95,47449
2021-06-15 10:22:51,6712.95,47449
2021-06-15 10:22:53,6712.0,47459
2021-06-15 10:22:54,6712.0,47459
2021-06-15 10:22:55,6712.0,47459
2021-06-15 10:22:56,6712.0,47459
2021-06-15 10:22:57,6712.0,47459
2021-06-15 10:22:58,6711.15,47478
