timestamp,ltp,volume
2021-06-15 09:15:45,560.65,59398
2021-06-15 09:15:53,560.55,65028
2021-06-15 09:16:00,560.7,69218
2021-06-15 09:16:08,560.55,73560
2021-06-15 09:16:15,560.55,77336
2021-06-15 09:16:22,560.8,80388
2021-06-15 09:16:30,560.8,84584
2021-06-15 09:16:37,560.8,88134
2021-06-15 09:16:44,561.0,90980
2021-06-15 09:16:50,560.85,94656
2021-06-15 09:16:57,560.85,101314
2021-06-15 09:17:04,560.9,103094
2021-06-15 09:17:11,560.8,105483
2021-06-15 09:17:18,560.65,109237
2021-06-15 09:17:25,560.6,112362
2021-06-15 09:17:31,560.4,115079
2021-06-15 09:17:38,561.25,120182
2021-06-15 09:17:44,561.3,123667
2021-06-15 09:17:51,561.25,126617
2021-06-15 09:17:57,561.3,128004
2021-06-15 09:18:04,561.3,137755
2021-06-15 09:18:10,561.9,142485
2021-06-15 09:18:17,561.9,150501
2021-06-15 09:18:24,562.15,154097
2021-06-15 09:18:30,562.4,158068
2021-06-15 09:18:37,562.5,165275
2021-06-15 09:18:43,562.3,176950
2021-06-15 09:18:50,562.1,183083
2021-06-15 09:18:56,562.3,185067
2021-06-15 09:19:02,562.2,189027
2021-06-15 09:19:09,562.2,203729
2021-06-15 09:19:15,561.8,208297
2021-06-15 09:19:22,561.4,215729
2021-06-15 09:19:28,561.4,218983
2021-06-15 09:19:35,561.4,221795
2021-06-15 09:19:41,561.55,223035
2021-06-15 09:19:48,561.45,224836
2021-06-15 09:19:54,561.25,226436
2021-06-15 09:20:00,560.85,236425
2021-06-15 09:20:07,560.8,238809
2021-06-15 09:20:13,560.8,241569
2021-06-15 09:20:19,560.75,245536
2021-06-15 09:20:25,560.65,247551
2021-06-15 09:20:32,560.75,250498
2021-06-15 09:20:38,560.5,251864
2021-06-15 09:20:44,560.7,253378
2021-06-15 09:20:51,560.8,261221
2021-06-15 09:20:57,561.15,264190
2021-06-15 09:21:03,561.2,268240
2021-06-15 09:21:09,561.35,270243
2021-06-15 09:21:16,561.2,271559
2021-06-15 09:21:22,561.7,274770
2021-06-15 09:21:29,561.5,275881
2021-06-15 09:21:35,561.7,277982
2021-06-15 09:21:42,561.5,281632
2021-06-15 09:21:48,561.8,283849
2021-06-15 09:21:54,561.95,287207
2021-06-15 09:22:00,562.0,289069
2021-06-15 09:22:06,561.95,292557
2021-06-15 09:22:13,562.15,294770
2021-06-15 09:22:19,562.15,299249
2021-06-15 09:22:25,562.45,301924
2021-06-15 09:22:31,562.6,306768
2021-06-15 09:22:34,562.75,309043
2021-06-15 09:22:35,562.6,309790
2021-06-15 09:22:36,562.75,309880
2021-06-15 09:22:37,562.8,319116
2021-06-15 09:22:38,562.85,319679
2021-06-15 09:22:39,562.75,319781
2021-06-15 09:22:39,562.75,320906
2021-06-15 09:22:40,562.75,321177
2021-06-15 09:22:42,562.9,322251
2021-06-15 09:22:42,562.9,322281
2021-06-15 09:22:44,562.9,323755
2021-06-15 09:22:44,562.75,324256
2021-06-15 09:22:46,563.0,328775
2021-06-15 09:22:46,563.0,328876
2021-06-15 09:22:47,563.0,329931
2021-06-15 09:22:49,563.0,333075
2021-06-15 09:22:50,563.0,333734
2021-06-15 09:22:51,563.0,334667
2021-06-15 09:22:52,563.15,336586
2021-06-15 09:22:53,563.15,339328
2021-06-15 09:22:54,563.15,341930
2021-06-15 09:22:56,563.2,346213
2021-06-15 09:22:57,563.2,349413
2021-06-15 09:22:58,563.2,349656
2021-06-15 09:22:59,563.25,350531
2021-06-15 09:23:01,563.4,354492
2021-06-15 09:23:02,563.2,354781
2021-06-15 09:23:03,563.4,355810
2021-06-15 09:23:04,563.5,356381
2021-06-15 09:23:05,563.75,361533
2021-06-15 09:23:06,563.85,362377
2021-06-15 09:23:07,563.5,365091
2021-06-15 09:23:08,563.85,365381
2021-06-15 09:23:09,563.9,365745
2021-06-15 09:23:10,563.75,371042
2021-06-15 09:23:11,563.9,371155
2021-06-15 09:23:12,563.75,373567
2021-06-15 09:23:13,563.85,374194
2021-06-15 09:23:14,563.8,375049
2021-06-15 09:23:15,563.8,375166
2021-06-15 09:23:15,563.8,375242
2021-06-15 09:23:16,563.6,376860
2021-06-15 09:23:18,563.9,379322
2021-06-15 09:23:19,563.6,379874
2021-06-15 09:23:20,563.6,379939
2021-06-15 09:23:21,563.55,380988
2021-06-15 09:23:22,563.85,382611
2021-06-15 09:23:23,563.7,388180
2021-06-15 09:23:24,563.3,393172
2021-06-15 09:23:24,563.4,393498
2021-06-15 09:23:26,563.75,398717
2021-06-15 09:23:26,563.5,398828
2021-06-15 09:23:27,564.0,400971
2021-06-15 09:23:29,563.85,404290
2021-06-15 09:23:30,563.8,404922
2021-06-15 09:23:30,563.8,404972
2021-06-15 09:23:31,563.75,406008
2021-06-15 09:23:32,563.5,406340
2021-06-15 09:23:33,563.55,409293
2021-06-15 09:23:35,563.7,409708
2021-06-15 09:23:36,563.75,410373
2021-06-15 09:23:37,563.75,411086
2021-06-15 09:23:38,563.75,411427
2021-06-15 09:23:39,563.75,413249
2021-06-15 09:23:40,563.75,413884
2021-06-15 09:23:41,563.75,414451
2021-06-15 09:23:42,563.45,423802
2021-06-15 09:23:43,563.55,425681
2021-06-15 09:23:44,563.6,425946
2021-06-15 09:23:45,563.6,426036
2021-06-15 09:23:45,563.6,426036
2021-06-15 09:23:47,563.6,426502
2021-06-15 09:23:48,563.6,426574
2021-06-15 09:23:49,563.45,426895
2021-06-15 09:23:50,563.55,427033
2021-06-15 09:23:52,563.6,430761
2021-06-15 09:23:53,563.5,431408
2021-06-15 09:23:54,563.05,432723
2021-06-15 09:23:55,563.45,433017
2021-06-15 09:23:56,563.45,433535
2021-06-15 09:23:58,563.1,434643
2021-06-15 09:23:58,563.1,434643
2021-06-15 09:23:59,563.45,434893
2021-06-15 09:24:01,563.35,435141
2021-06-15 09:24:02,563.4,436032
2021-06-15 09:24:03,563.1,436397
2021-06-15 09:24:04,563.05,436901
2021-06-15 09:24:05,563.05,439691
2021-06-15 09:24:06,563.05,439942
2021-06-15 09:24:07,563.05,439942
2021-06-15 09:24:08,563.05,441125
2021-06-15 09:24:09,563.35,441358
2021-06-15 09:24:10,563.05,442389
2021-06-15 09:24:11,563.05,442640
2021-06-15 09:24:12,563.15,442750
2021-06-15 09:24:13,563.15,444466
2021-06-15 09:24:14,563.05,444646
2021-06-15 09:24:15,563.15,445000
2021-06-15 09:24:16,563.15,445015
2021-06-15 09:24:17,563.35,450435
2021-06-15 09:24:18,563.05,450440
2021-06-15 09:24:18,563.15,450744
2021-06-15 09:24:19,563.15,450815
2021-06-15 09:24:21,563.15,451465
2021-06-15 09:24:22,563.15,451696
2021-06-15 09:24:23,563.05,452399
2021-06-15 09:24:24,563.35,452972
2021-06-15 09:24:25,563.25,453077
2021-06-15 09:24:26,563.0,454392
2021-06-15 09:24:27,563.25,454403
2021-06-15 09:24:28,563.05,454634
2021-06-15 09:24:29,563.1,455199
2021-06-15 09:24:31,563.0,456354
2021-06-15 09:24:34,563.25,457168
2021-06-15 09:24:35,563.05,457224
2021-06-15 09:24:36,563.05,457467
2021-06-15 09:24:36,563.05,457477
2021-06-15 09:24:38,563.1,457602
2021-06-15 09:24:39,563.1,457635
2021-06-15 09:24:40,563.05,457853
2021-06-15 09:24:41,563.05,457954
2021-06-15 09:24:42,563.25,459004
2021-06-15 09:24:42,563.15,459034
2021-06-15 09:24:43,563.05,459138
2021-06-15 09:24:45,563.0,460930
2021-06-15 09:24:46,563.1,461044
2021-06-15 09:24:47,563.1,461583
2021-06-15 09:24:48,563.05,461783
2021-06-15 09:24:48,563.3,461817
2021-06-15 09:24:50,563.35,461995
2021-06-15 09:24:51,563.35,462236
2021-06-15 09:24:52,563.35,462236
2021-06-15 09:24:52,563.4,462336
2021-06-15 09:24:53,563.1,462564
2021-06-15 09:24:54,563.4,462584
2021-06-15 09:24:55,563.25,462776
2021-06-15 09:24:57,563.25,463866
2021-06-15 09:24:58,563.25,463870
2021-06-15 09:24:59,563.25,463897
2021-06-15 09:25:00,563.25,463898
2021-06-15 09:25:01,563.25,464128
2021-06-15 09:25:02,563.25,464322
2021-06-15 09:25:04,563.5,466718
2021-06-15 09:25:05,563.55,467003
2021-06-15 09:25:06,563.35,467671
2021-06-15 09:25:07,563.6,468196
2021-06-15 09:25:08,563.6,468413
2021-06-15 09:25:09,563.6,468454
2021-06-15 09:25:10,563.7,469491
2021-06-15 09:25:11,563.45,470112
2021-06-15 09:25:12,563.7,470303
2021-06-15 09:25:13,563.7,472454
2021-06-15 09:25:14,563.55,472724
2021-06-15 09:25:15,563.7,473140
2021-06-15 09:25:16,563.7,473337
2021-06-15 09:25:17,563.6,473472
2021-06-15 09:25:18,563.45,474847
2021-06-15 09:25:19,563.25,476868
2021-06-15 09:25:20,563.55,477456
2021-06-15 09:25:21,563.55,477470
2021-06-15 09:25:22,563.55,477671
2021-06-15 09:25:23,563.6,477942
2021-06-15 09:25:24,563.6,477978
2021-06-15 09:25:25,563.55,477998
2021-06-15 09:25:26,563.55,477998
2021-06-15 09:25:27,563.35,478774
2021-06-15 09:25:28,563.4,478777
2021-06-15 09:25:29,563.65,478909
2021-06-15 09:25:30,563.65,479076
2021-06-15 09:25:31,563.65,479393
2021-06-15 09:25:32,563.35,479914
2021-06-15 09:25:33,563.65,479956
2021-06-15 09:25:34,563.65,480629
2021-06-15 09:25:35,563.65,480841
2021-06-15 09:25:36,563.65,480944
2021-06-15 09:25:37,563.4,481459
2021-06-15 09:25:38,563.7,482670
2021-06-15 09:25:39,563.65,485921
2021-06-15 09:25:40,563.65,486094
2021-06-15 09:25:41,563.4,486716
2021-06-15 09:25:42,563.4,486716
2021-06-15 09:25:43,563.45,490060
2021-06-15 09:25:44,563.5,490268
2021-06-15 09:25:45,563.3,490904
2021-06-15 09:25:46,563.5,491113
2021-06-15 09:25:47,563.5,491380
2021-06-15 09:25:48,563.5,491418
2021-06-15 09:25:49,563.5,492465
2021-06-15 09:25:50,563.5,492466
2021-06-15 09:25:51,563.3,492736
2021-06-15 09:25:52,563.5,493075
2021-06-15 09:25:53,563.5,493239
2021-06-15 09:25:54,563.5,493385
2021-06-15 09:25:55,563.45,494220
2021-06-15 09:25:56,563.2,494489
2021-06-15 09:25:57,563.5,495490
2021-06-15 09:25:58,563.3,495527
2021-06-15 09:25:59,563.15,498071
2021-06-15 09:26:00,563.2,498917
2021-06-15 09:26:01,563.5,498989
2021-06-15 09:26:02,563.5,498989
2021-06-15 09:26:03,563.1,500117
2021-06-15 09:26:04,563.2,500155
2021-06-15 09:26:05,563.4,500812
2021-06-15 09:26:06,563.4,501034
2021-06-15 09:26:07,563.2,501064
2021-06-15 09:26:08,563.2,501380
2021-06-15 09:26:09,563.3,502102
2021-06-15 09:26:10,563.45,503132
2021-06-15 09:26:11,563.25,503366
2021-06-15 09:26:12,563.45,504230
2021-06-15 09:26:13,563.5,505417
2021-06-15 09:26:14,563.4,505459
2021-06-15 09:26:15,563.4,505819
2021-06-15 09:26:16,563.4,506086
2021-06-15 09:26:17,563.4,506088
2021-06-15 09:26:18,563.1,506723
2021-06-15 09:26:19,563.1,507349
2021-06-15 09:26:20,563.4,507509
2021-06-15 09:26:21,563.4,507679
2021-06-15 09:26:22,563.4,507786
2021-06-15 09:26:23,563.2,507837
2021-06-15 09:26:24,563.35,508386
2021-06-15 09:26:25,563.1,508547
2021-06-15 09:26:26,563.1,508587
2021-06-15 09:26:27,563.2,508665
2021-06-15 09:26:28,563.05,508760
2021-06-15 09:26:29,563.05,508966
2021-06-15 09:26:30,563.05,509266
2021-06-15 09:26:31,563.2,509303
2021-06-15 09:26:32,563.0,523330
2021-06-15 09:26:33,563.2,523628
2021-06-15 09:26:34,563.2,523763
2021-06-15 09:26:35,563.05,523818
2021-06-15 09:26:36,562.9,523999
2021-06-15 09:26:37,563.0,524288
2021-06-15 09:26:38,562.8,524940
2021-06-15 09:26:39,563.0,525046
2021-06-15 09:26:40,562.8,525157
2021-06-15 09:26:41,562.85,525297
2021-06-15 09:26:42,562.85,525421
2021-06-15 09:26:43,563.05,525626
2021-06-15 09:26:44,563.05,526148
2021-06-15 09:26:45,563.0,526288
2021-06-15 09:26:46,563.0,526471
2021-06-15 09:26:47,563.0,526557
2021-06-15 09:26:48,562.75,527373
2021-06-15 09:26:49,562.8,533994
2021-06-15 09:26:50,562.75,534103
2021-06-15 09:26:51,562.75,534212
2021-06-15 09:26:52,562.5,534637
2021-06-15 09:26:53,562.45,535043
2021-06-15 09:26:54,562.7,535570
2021-06-15 09:26:55,562.7,535663
2021-06-15 09:26:56,562.7,535663
2021-06-15 09:27:00,562.6,537249
2021-06-15 09:27:01,562.55,537862
2021-06-15 09:27:02,562.55,538137
2021-06-15 09:27:03,562.4,538144
2021-06-15 09:27:04,562.35,538344
2021-06-15 09:27:05,562.55,538365
2021-06-15 09:27:06,562.4,539193
2021-06-15 09:27:07,562.4,539354
2021-06-15 09:27:09,562.4,539404
2021-06-15 09:27:10,562.15,539654
2021-06-15 09:27:11,562.4,539681
2021-06-15 09:27:12,562.35,539886
2021-06-15 09:27:12,562.15,539988
2021-06-15 09:27:13,562.4,540059
2021-06-15 09:27:14,562.35,540071
2021-06-15 09:27:15,562.45,540227
2021-06-15 09:27:16,562.15,540383
2021-06-15 09:27:17,562.4,540705
2021-06-15 09:27:18,562.1,540812
2021-06-15 09:27:20,562.1,541565
2021-06-15 09:27:20,562.1,541565
2021-06-15 09:27:22,562.4,542506
2021-06-15 09:27:23,562.4,543613
2021-06-15 09:27:24,562.45,543990
2021-06-15 09:27:25,562.5,544131
2021-06-15 09:27:26,562.6,545136
2021-06-15 09:27:28,562.5,545360
2021-06-15 09:27:31,562.5,546474
2021-06-15 09:27:34,562.45,549663
2021-06-15 09:27:35,562.15,550113
2021-06-15 09:27:36,562.45,551115
2021-06-15 09:27:37,562.45,551133
2021-06-15 09:27:38,562.2,551199
2021-06-15 09:27:39,562.2,551199
2021-06-15 09:27:40,562.5,552219
2021-06-15 09:27:41,562.45,552466
2021-06-15 09:27:42,562.45,552498
2021-06-15 09:27:43,562.45,552598
2021-06-15 09:27:44,562.45,555782
2021-06-15 09:27:45,562.4,556042
2021-06-15 09:27:46,562.45,556051
2021-06-15 09:27:47,562.45,556098
2021-06-15 09:27:49,562.5,560845
2021-06-15 09:27:50,562.4,561305
2021-06-15 09:27:50,562.5,561380
2021-06-15 09:27:52,562.5,561766
2021-06-15 09:27:53,562.4,562475
2021-06-15 09:27:54,562.5,562662
2021-06-15 09:27:55,562.55,563078
2021-06-15 09:27:56,562.6,563330
2021-06-15 09:27:58,562.55,563448
2021-06-15 09:27:59,562.4,564174
2021-06-15 09:27:59,562.5,564223
2021-06-15 09:28:00,562.55,564314
2021-06-15 09:28:02,562.55,564515
2021-06-15 09:28:02,562.55,564515
2021-06-15 09:28:03,562.6,564935
2021-06-15 09:28:04,562.5,564950
2021-06-15 09:28:05,562.55,565355
2021-06-15 09:28:07,562.55,565537
2021-06-15 09:28:08,562.55,565541
2021-06-15 09:28:10,562.6,565996
2021-06-15 09:28:10,562.5,566001
2021-06-15 09:28:11,562.55,566002
2021-06-15 09:28:12,562.6,566102
2021-06-15 09:28:13,562.55,566387
2021-06-15 09:28:14,562.6,567176
2021-06-15 09:28:15,562.45,568771
2021-06-15 09:28:16,562.55,569271
2021-06-15 09:28:17,562.3,569804
2021-06-15 09:28:18,562.2,569813
2021-06-15 09:28:19,562.2,572972
2021-06-15 09:28:21,562.2,573098
2021-06-15 09:28:22,562.2,573257
2021-06-15 09:28:23,561.8,580926
2021-06-15 09:28:24,562.0,580984
2021-06-15 09:28:25,562.0,581726
2021-06-15 09:28:26,562.05,581751
2021-06-15 09:28:27,562.05,581802
2021-06-15 09:28:28,562.0,582051
2021-06-15 09:28:29,562.1,582333
2021-06-15 09:28:30,562.05,583463
2021-06-15 09:28:31,562.15,584263
2021-06-15 09:28:32,562.05,584292
2021-06-15 09:28:33,562.05,584335
2021-06-15 09:28:34,561.9,584356
2021-06-15 09:28:35,562.05,584414
2021-06-15 09:28:36,562.05,584436
2021-06-15 09:28:37,562.05,584466
2021-06-15 09:28:38,562.05,584469
2021-06-15 09:28:39,562.05,587095
2021-06-15 09:28:40,562.05,587134
2021-06-15 09:28:41,562.0,587694
2021-06-15 09:28:42,562.05,587846
2021-06-15 09:28:43,562.0,588127
2021-06-15 09:28:44,562.0,588292
2021-06-15 09:28:45,562.0,588306
2021-06-15 09:28:46,561.95,588818
2021-06-15 09:28:48,562.0,589433
2021-06-15 09:28:49,561.9,589563
2021-06-15 09:28:50,562.0,590164
2021-06-15 09:28:51,561.6,590376
2021-06-15 09:28:52,561.95,590401
2021-06-15 09:28:53,562.0,591201
2021-06-15 09:28:54,561.95,591237
2021-06-15 09:28:55,562.0,591474
2021-06-15 09:28:56,562.0,591496
2021-06-15 09:28:57,562.0,591684
2021-06-15 09:28:58,561.9,591749
2021-06-15 09:28:59,561.9,591781
2021-06-15 09:29:01,561.95,592434
2021-06-15 09:29:02,561.95,592438
2021-06-15 09:29:03,561.95,592595
2021-06-15 09:29:04,561.95,592755
2021-06-15 09:29:05,561.95,592931
2021-06-15 09:29:06,561.9,592937
2021-06-15 09:29:07,561.9,592976
2021-06-15 09:29:08,561.9,593008
2021-06-15 09:29:09,561.9,593018
2021-06-15 09:29:10,561.9,593249
2021-06-15 09:29:11,561.75,593270
2021-06-15 09:29:12,561.85,593471
2021-06-15 09:29:13,561.85,593729
2021-06-15 09:29:14,561.95,594366
2021-06-15 09:29:15,561.9,594507
2021-06-15 09:29:16,561.9,594547
2021-06-15 09:29:17,561.9,594553
2021-06-15 09:29:19,561.95,594856
2021-06-15 09:29:20,561.9,596357
2021-06-15 09:29:21,562.0,596857
2021-06-15 09:29:22,561.9,598209
2021-06-15 09:29:22,561.9,598204
2021-06-15 09:29:23,561.9,598209
2021-06-15 09:29:24,561.9,599445
2021-06-15 09:29:25,561.9,599445
2021-06-15 09:29:26,561.75,599545
2021-06-15 09:29:27,561.9,599899
2021-06-15 09:29:29,561.9,600669
2021-06-15 09:29:30,561.9,600948
2021-06-15 09:29:32,561.9,601136
2021-06-15 09:29:33,561.9,601304
2021-06-15 09:29:35,561.9,601803
2021-06-15 09:29:36,561.9,602014
2021-06-15 09:29:37,561.9,602014
2021-06-15 09:29:38,561.9,602016
2021-06-15 09:29:39,561.9,602036
2021-06-15 09:29:39,561.9,602036
2021-06-15 09:29:40,561.75,602047
2021-06-15 09:29:41,561.9,602097
2021-06-15 09:29:42,561.9,602243
2021-06-15 09:29:43,561.9,602243
2021-06-15 09:29:46,561.6,604605
2021-06-15 09:29:47,561.85,604630
2021-06-15 09:29:48,561.85,604722
2021-06-15 09:29:49,561.6,604967
2021-06-15 09:29:50,561.6,605087
2021-06-15 09:29:51,561.7,605099
2021-06-15 09:29:52,561.7,605151
2021-06-15 09:29:53,561.85,605253
2021-06-15 09:29:54,561.85,605294
2021-06-15 09:29:55,561.85,605883
2021-06-15 09:29:56,561.75,606958
2021-06-15 09:29:57,561.85,606961
2021-06-15 09:29:58,561.85,606991
2021-06-15 09:29:58,561.6,607002
2021-06-15 09:29:59,561.85,607174
2021-06-15 09:30:00,561.6,607663
2021-06-15 09:30:01,561.85,607888
2021-06-15 09:30:02,561.85,608371
2021-06-15 09:30:03,561.9,608542
2021-06-15 09:30:04,561.85,608592
2021-06-15 09:30:06,561.6,609124
2021-06-15 09:30:06,561.85,609174
2021-06-15 09:30:08,561.85,609587
2021-06-15 09:30:09,561.85,609593
2021-06-15 09:30:10,561.85,610606
2021-06-15 09:30:11,561.85,610609
2021-06-15 09:30:12,561.85,610964
2021-06-15 09:30:13,561.85,611031
2021-06-15 09:30:14,561.65,612156
2021-06-15 09:30:15,561.85,612188
2021-06-15 09:30:16,561.85,612202
2021-06-15 09:30:17,561.75,612272
2021-06-15 09:30:18,561.75,612422
2021-06-15 09:30:19,561.85,612488
2021-06-15 09:30:20,561.85,612998
2021-06-15 09:30:21,561.85,613110
2021-06-15 09:30:22,561.85,613110
2021-06-15 09:30:23,561.8,613177
2021-06-15 09:30:24,561.7,613691
2021-06-15 09:30:25,561.75,613921
2021-06-15 09:30:26,561.7,614073
2021-06-15 09:30:27,561.75,614462
2021-06-15 09:30:27,561.75,614532
2021-06-15 09:30:28,561.7,614602
2021-06-15 09:30:29,561.8,615713
2021-06-15 09:30:30,561.8,615713
2021-06-15 09:30:31,561.65,615993
2021-06-15 09:30:32,561.8,616169
2021-06-15 09:30:33,561.8,616606
2021-06-15 09:30:34,561.6,616828
2021-06-15 09:30:35,561.8,617143
2021-06-15 09:30:36,561.8,617250
2021-06-15 09:30:37,561.7,617282
2021-06-15 09:30:38,561.6,617829
2021-06-15 09:30:39,561.6,617851
2021-06-15 09:30:40,561.6,617857
2021-06-15 09:30:41,561.6,617865
2021-06-15 09:30:42,561.7,618176
2021-06-15 09:30:44,561.8,618777
2021-06-15 09:30:45,561.6,619294
2021-06-15 09:30:46,561.7,619306
2021-06-15 09:30:47,561.7,619306
2021-06-15 09:30:48,561.7,621090
2021-06-15 09:30:49,561.6,621188
2021-06-15 09:30:51,561.6,621748
2021-06-15 09:30:52,561.7,622398
2021-06-15 09:30:53,561.7,622423
2021-06-15 09:30:54,561.7,622565
2021-06-15 09:30:55,561.7,622590
2021-06-15 09:30:56,561.7,622648
2021-06-15 09:30:57,561.7,622830
2021-06-15 09:30:58,561.7,623334
2021-06-15 09:30:59,561.6,623639
2021-06-15 09:31:00,561.7,623644
2021-06-15 09:31:02,561.6,623854
2021-06-15 09:31:03,561.7,624045
2021-06-15 09:31:04,561.7,624097
2021-06-15 09:31:05,561.7,625169
2021-06-15 09:31:06,561.85,625719
2021-06-15 09:31:07,561.75,625816
2021-06-15 09:31:08,561.7,625817
2021-06-15 09:31:09,561.75,625960
2021-06-15 09:31:10,561.7,625961
2021-06-15 09:31:13,561.35,637269
2021-06-15 09:31:14,561.5,637350
2021-06-15 09:31:15,561.35,637401
2021-06-15 09:31:17,561.4,637954
2021-06-15 09:31:18,561.4,638106
2021-06-15 09:31:18,561.4,638106
2021-06-15 09:31:19,561.4,638136
2021-06-15 09:31:21,561.4,638163
2021-06-15 09:31:22,561.4,638228
2021-06-15 09:31:23,561.5,638278
2021-06-15 09:31:24,561.5,638329
2021-06-15 09:31:24,561.6,639219
2021-06-15 09:31:25,561.6,639228
2021-06-15 09:31:26,561.35,642248
2021-06-15 09:31:28,561.8,643448
2021-06-15 09:31:29,561.6,643934
2021-06-15 09:31:30,561.6,643987
2021-06-15 09:31:31,561.6,644301
2021-06-15 09:31:32,561.6,644632
2021-06-15 09:31:33,561.55,644941
2021-06-15 09:31:34,561.6,646805
2021-06-15 09:31:35,561.85,646906
2021-06-15 09:31:35,561.65,646957
2021-06-15 09:31:36,561.85,646978
2021-06-15 09:31:37,561.75,647029
2021-06-15 09:31:39,561.85,647416
2021-06-15 09:31:39,561.85,647521
2021-06-15 09:31:41,561.8,647639
2021-06-15 09:31:42,561.9,647739
2021-06-15 09:31:43,561.85,647859
2021-06-15 09:31:44,561.85,647965
2021-06-15 09:31:44,561.95,647981
2021-06-15 09:31:46,562.0,648982
2021-06-15 09:31:47,561.8,649086
2021-06-15 09:31:47,561.8,649086
2021-06-15 09:31:49,561.9,649248
2021-06-15 09:31:50,562.0,650050
2021-06-15 09:31:51,562.2,650730
2021-06-15 09:31:52,562.2,650982
2021-06-15 09:31:53,562.2,651031
2021-06-15 09:31:54,562.1,653272
2021-06-15 09:31:55,562.1,653272
2021-06-15 09:31:56,562.15,654104
2021-06-15 09:31:57,562.15,654114
2021-06-15 09:31:58,562.15,654333
2021-06-15 09:31:59,562.15,654736
2021-06-15 09:32:01,562.1,654902
2021-06-15 09:32:02,562.15,655049
2021-06-15 09:32:03,562.15,655098
2021-06-15 09:32:04,562.15,655101
2021-06-15 09:32:05,562.1,655388
2021-06-15 09:32:05,562.15,655423
2021-06-15 09:32:06,562.1,655584
2021-06-15 09:32:07,562.15,655671
2021-06-15 09:32:09,562.15,656109
2021-06-15 09:32:09,562.15,656179
2021-06-15 09:32:10,562.15,656456
2021-06-15 09:32:11,562.3,657017
2021-06-15 09:32:12,562.1,657032
2021-06-15 09:32:13,562.3,657234
2021-06-15 09:32:14,562.3,657234
2021-06-15 09:32:15,562.3,657346
2021-06-15 09:32:16,562.2,657431
2021-06-15 09:32:17,562.45,657577
2021-06-15 09:32:18,562.3,657587
2021-06-15 09:32:20,562.4,657593
2021-06-15 09:32:20,561.95,664358
2021-06-15 09:32:21,562.15,665259
2021-06-15 09:32:22,562.3,665309
2021-06-15 09:32:23,562.3,665853
2021-06-15 09:32:24,562.3,665925
2021-06-15 09:32:25,562.05,666051
2021-06-15 09:32:27,562.3,666206
2021-06-15 09:32:27,562.35,666317
2021-06-15 09:32:29,562.35,666396
2021-06-15 09:32:30,562.35,666448
2021-06-15 09:32:31,562.0,671545
2021-06-15 09:32:32,562.0,672015
2021-06-15 09:32:32,561.95,673113
2021-06-15 09:32:34,561.7,673322
2021-06-15 09:32:35,561.9,673422
2021-06-15 09:32:36,561.85,674127
2021-06-15 09:32:37,561.85,674385
2021-06-15 09:32:38,561.65,674464
2021-06-15 09:32:39,561.85,674867
2021-06-15 09:32:40,561.85,674977
2021-06-15 09:32:41,561.55,679868
2021-06-15 09:32:42,561.8,685541
2021-06-15 09:32:43,561.5,685556
2021-06-15 09:32:44,561.8,685581
2021-06-15 09:32:45,561.8,685634
2021-06-15 09:32:46,561.8,685775
2021-06-15 09:32:47,561.8,685997
2021-06-15 09:32:47,561.8,686037
2021-06-15 09:32:49,561.75,686269
2021-06-15 09:32:49,561.6,686295
2021-06-15 09:32:50,561.6,690362
2021-06-15 09:32:52,561.6,690501
2021-06-15 09:32:54,561.65,690671
2021-06-15 09:32:56,561.35,692431
2021-06-15 09:32:57,561.6,692556
2021-06-15 09:32:58,561.6,692596
2021-06-15 09:32:59,561.5,693109
2021-06-15 09:33:00,561.5,693948
2021-06-15 09:33:01,561.5,693969
2021-06-15 09:33:02,561.6,695094
2021-06-15 09:33:02,561.6,695094
2021-06-15 09:33:03,561.65,695134
2021-06-15 09:33:04,561.65,695211
2021-06-15 09:33:05,561.65,695224
2021-06-15 09:33:07,561.65,695229
2021-06-15 09:33:08,561.65,696178
2021-06-15 09:33:09,561.65,697524
2021-06-15 09:33:10,561.65,699289
2021-06-15 09:33:10,562.0,705673
2021-06-15 09:33:12,562.25,706949
2021-06-15 09:33:13,562.25,707050
2021-06-15 09:33:14,562.25,707100
2021-06-15 09:33:14,562.25,707100
2021-06-15 09:33:15,562.25,708372
2021-06-15 09:33:16,562.25,708632
2021-06-15 09:33:18,562.25,708664
2021-06-15 09:33:19,562.25,708674
2021-06-15 09:33:19,562.25,708700
2021-06-15 09:33:20,562.25,708801
2021-06-15 09:33:21,562.25,708901
2021-06-15 09:33:22,562.25,709354
2021-06-15 09:33:24,562.1,709446
2021-06-15 09:33:25,562.25,709448
2021-06-15 09:33:26,562.25,709668
2021-06-15 09:33:27,562.15,709753
2021-06-15 09:33:29,562.25,710316
2021-06-15 09:33:30,562.2,710728
2021-06-15 09:33:31,562.25,710798
2021-06-15 09:33:33,562.3,711114
2021-06-15 09:33:33,562.3,711114
2021-06-15 09:33:35,562.3,712260
2021-06-15 09:33:36,562.45,712523
2021-06-15 09:33:37,562.3,713426
2021-06-15 09:33:38,562.3,713576
2021-06-15 09:33:39,562.3,713626
2021-06-15 09:33:40,562.3,714055
2021-06-15 09:33:41,562.3,714084
2021-06-15 09:33:42,562.35,715263
2021-06-15 09:33:42,562.35,715263
2021-06-15 09:33:43,562.35,715263
2021-06-15 09:33:44,562.7,718512
2021-06-15 09:33:45,562.6,719556
2021-06-15 09:33:47,562.45,719582
2021-06-15 09:33:48,562.65,719583
2021-06-15 09:33:49,562.65,719588
2021-06-15 09:33:50,562.65,719598
2021-06-15 09:33:51,562.65,719863
2021-06-15 09:33:52,562.65,719878
2021-06-15 09:33:53,562.65,720091
2021-06-15 09:33:53,562.65,720091
2021-06-15 09:33:54,562.7,720991
2021-06-15 09:33:56,562.7,721502
2021-06-15 09:33:57,562.7,722837
2021-06-15 09:33:58,562.7,722840
2021-06-15 09:33:59,562.7,723010
2021-06-15 09:34:00,562.7,723396
2021-06-15 09:34:01,562.8,723709
2021-06-15 09:34:02,562.55,723717
2021-06-15 09:34:03,562.8,723819
2021-06-15 09:34:04,562.7,723899
2021-06-15 09:34:05,562.7,723997
2021-06-15 09:34:06,562.7,724007
2021-06-15 09:34:07,562.7,724032
2021-06-15 09:34:08,562.5,725262
2021-06-15 09:34:09,562.8,725363
2021-06-15 09:34:10,562.8,725460
2021-06-15 09:34:11,562.8,725460
2021-06-15 09:34:12,562.8,725460
2021-06-15 09:34:13,562.8,725463
2021-06-15 09:34:14,562.55,726149
2021-06-15 09:34:15,562.8,726215
2021-06-15 09:34:16,562.55,726271
2021-06-15 09:34:17,562.7,726275
2021-06-15 09:34:17,562.65,726327
2021-06-15 09:34:18,562.7,726437
2021-06-15 09:34:19,562.8,727343
2021-06-15 09:34:20,562.8,727343
2021-06-15 09:34:21,562.8,727412
2021-06-15 09:34:22,562.8,727770
2021-06-15 09:34:24,563.0,731488
2021-06-15 09:34:25,562.95,731668
2021-06-15 09:34:26,562.95,732168
2021-06-15 09:34:27,562.95,732170
2021-06-15 09:34:28,562.95,732255
2021-06-15 09:34:28,562.95,732265
2021-06-15 09:34:29,562.8,732428
2021-06-15 09:34:31,562.7,732633
2021-06-15 09:34:31,562.7,732633
2021-06-15 09:34:32,562.7,732638
2021-06-15 09:34:33,562.95,732651
2021-06-15 09:34:35,562.95,732668
2021-06-15 09:34:36,562.95,732758
2021-06-15 09:34:36,562.95,732758
2021-06-15 09:34:37,562.95,732758
2021-06-15 09:34:39,562.95,733605
2021-06-15 09:34:40,562.95,733609
2021-06-15 09:34:41,563.0,733812
2021-06-15 09:34:41,563.0,733812
2021-06-15 09:34:42,563.0,733824
2021-06-15 09:34:43,563.0,733910
2021-06-15 09:34:44,563.0,734074
2021-06-15 09:34:46,563.0,734874
2021-06-15 09:34:47,563.0,734886
2021-06-15 09:34:48,563.0,735595
2021-06-15 09:34:48,562.9,736032
2021-06-15 09:34:49,562.9,736627
2021-06-15 09:34:51,562.9,736634
2021-06-15 09:34:52,562.7,736850
2021-06-15 09:34:53,562.7,736850
2021-06-15 09:34:54,562.8,736921
2021-06-15 09:34:55,562.8,737174
2021-06-15 09:34:56,562.7,737525
2021-06-15 09:34:57,562.7,737531
2021-06-15 09:34:58,562.8,737641
2021-06-15 09:34:59,562.8,737641
2021-06-15 09:35:00,562.8,737984
2021-06-15 09:35:01,562.8,738105
2021-06-15 09:35:01,562.8,738122
2021-06-15 09:35:03,562.8,738636
2021-06-15 09:35:04,562.7,738744
2021-06-15 09:35:04,562.8,740944
2021-06-15 09:35:05,562.85,741018
2021-06-15 09:35:06,562.8,741023
2021-06-15 09:35:07,562.8,741041
2021-06-15 09:35:08,562.8,741564
2021-06-15 09:35:10,562.85,741578
2021-06-15 09:35:11,562.85,741581
2021-06-15 09:35:12,562.9,741789
2021-06-15 09:35:13,562.9,741789
2021-06-15 09:35:14,562.9,741797
2021-06-15 09:35:14,563.0,742377
2021-06-15 09:35:15,563.0,742510
2021-06-15 09:35:16,563.0,742510
2021-06-15 09:35:18,563.0,745979
2021-06-15 09:35:19,563.1,745992
2021-06-15 09:35:20,563.1,746133
2021-06-15 09:35:21,563.0,746911
2021-06-15 09:35:22,563.1,747901
2021-06-15 09:35:23,563.1,748018
2021-06-15 09:35:24,563.1,748356
2021-06-15 09:35:25,563.1,749336
2021-06-15 09:35:26,563.0,749457
2021-06-15 09:35:26,563.1,749657
2021-06-15 09:35:27,563.1,749657
2021-06-15 09:35:29,563.1,749665
2021-06-15 09:35:30,563.05,750280
2021-06-15 09:35:31,563.1,750285
2021-06-15 09:35:32,563.1,750344
2021-06-15 09:35:34,563.2,753123
2021-06-15 09:35:35,563.4,753278
2021-06-15 09:35:36,563.35,754407
2021-06-15 09:35:38,563.4,754964
2021-06-15 09:35:39,563.4,754969
2021-06-15 09:35:40,563.4,755200
2021-06-15 09:35:42,563.4,755420
2021-06-15 09:35:44,563.4,755757
2021-06-15 09:35:45,563.4,756164
2021-06-15 09:35:46,563.4,756294
2021-06-15 09:35:47,563.4,756406
2021-06-15 09:35:48,563.4,756826
2021-06-15 09:35:49,563.4,757126
2021-06-15 09:35:50,563.4,757181
2021-06-15 09:35:51,563.4,757411
2021-06-15 09:35:52,563.4,757587
2021-06-15 09:35:53,563.25,757698
2021-06-15 09:35:54,563.4,757853
2021-06-15 09:35:55,563.25,758008
2021-06-15 09:35:56,563.4,758123
2021-06-15 09:35:57,563.4,758126
2021-06-15 09:35:58,563.4,758148
2021-06-15 09:35:59,563.4,758269
2021-06-15 09:36:01,563.4,758862
2021-06-15 09:36:02,563.4,759085
2021-06-15 09:36:03,563.4,759180
2021-06-15 09:36:04,563.4,759180
2021-06-15 09:36:05,563.4,759486
2021-06-15 09:36:06,563.4,759561
2021-06-15 09:36:07,563.2,759676
2021-06-15 09:36:08,563.4,760291
2021-06-15 09:36:09,563.4,760302
2021-06-15 09:36:10,563.4,760302
2021-06-15 09:36:11,563.4,760350
2021-06-15 09:36:12,563.4,760550
2021-06-15 09:36:13,563.4,760822
2021-06-15 09:36:14,563.4,760832
2021-06-15 09:36:15,563.35,760900
2021-06-15 09:36:16,563.35,761018
2021-06-15 09:36:17,563.35,761170
2021-06-15 09:36:18,563.35,761600
2021-06-15 09:36:19,563.3,763397
2021-06-15 09:36:21,563.2,763897
2021-06-15 09:36:20,563.2,763897
2021-06-15 09:36:22,563.2,764745
2021-06-15 09:36:23,563.2,764779
2021-06-15 09:36:24,563.15,765664
2021-06-15 09:36:25,563.2,765764
2021-06-15 09:36:26,563.3,765815
2021-06-15 09:36:27,563.35,765817
2021-06-15 09:36:28,563.35,766258
2021-06-15 09:36:29,563.35,766278
2021-06-15 09:36:30,563.4,766810
2021-06-15 09:36:31,563.35,766862
2021-06-15 09:36:32,563.35,766862
2021-06-15 09:36:33,563.35,766877
2021-06-15 09:36:34,563.4,766977
2021-06-15 09:36:35,563.35,766990
2021-06-15 09:36:36,563.3,767322
2021-06-15 09:36:37,563.25,767327
2021-06-15 09:36:38,563.25,767337
2021-06-15 09:36:39,563.3,767470
2021-06-15 09:36:40,563.1,767521
2021-06-15 09:36:41,563.25,768341
2021-06-15 09:36:42,563.25,768343
2021-06-15 09:36:44,563.1,769053
2021-06-15 09:36:45,563.15,769054
2021-06-15 09:36:46,563.15,769704
2021-06-15 09:36:47,563.25,769729
2021-06-15 09:36:48,563.25,769729
2021-06-15 09:36:49,563.3,769889
2021-06-15 09:36:50,563.25,769940
2021-06-15 09:36:51,563.3,770444
2021-06-15 09:36:52,563.25,770546
2021-06-15 09:36:53,563.4,772100
2021-06-15 09:36:54,563.1,772200
2021-06-15 09:36:55,563.3,772554
2021-06-15 09:36:56,563.3,772554
2021-06-15 09:36:57,563.3,772557
2021-06-15 09:36:58,563.25,772582
2021-06-15 09:36:59,563.1,772776
2021-06-15 09:37:00,563.1,772927
2021-06-15 09:37:01,563.25,773046
2021-06-15 09:37:02,563.25,773122
2021-06-15 09:37:03,563.25,773172
2021-06-15 09:37:04,563.1,773323
2021-06-15 09:37:05,563.25,773373
2021-06-15 09:37:06,563.25,773375
2021-06-15 09:37:07,563.25,773588
2021-06-15 09:37:08,563.25,773588
2021-06-15 09:37:09,563.1,773639
2021-06-15 09:37:10,563.25,773893
2021-06-15 09:37:11,563.2,774249
2021-06-15 09:37:12,563.1,774649
2021-06-15 09:37:13,563.1,774668
2021-06-15 09:37:14,563.0,775983
2021-06-15 09:37:15,563.15,776530
2021-06-15 09:37:16,563.1,776541
2021-06-15 09:37:17,563.15,776567
2021-06-15 09:37:19,563.15,776582
2021-06-15 09:37:20,563.1,776679
2021-06-15 09:37:21,563.15,777354
2021-06-15 09:37:22,563.15,777354
2021-06-15 09:37:23,563.15,777378
2021-06-15 09:37:24,563.0,777399
2021-06-15 09:37:25,563.1,777529
2021-06-15 09:37:26,563.1,777911
2021-06-15 09:37:27,563.15,777913
2021-06-15 09:37:28,563.0,778019
2021-06-15 09:37:29,563.15,778470
2021-06-15 09:37:30,563.15,780788
2021-06-15 09:37:31,563.1,780794
2021-06-15 09:37:32,562.85,780945
2021-06-15 09:37:33,563.1,781096
2021-06-15 09:37:39,563.15,785471
2021-06-15 09:37:49,563.0,787449
2021-06-15 09:37:55,563.0,788135
2021-06-15 09:38:01,563.0,789579
2021-06-15 09:38:06,563.0,791129
2021-06-15 09:38:12,563.0,791964
2021-06-15 09:38:17,562.8,792943
2021-06-15 09:38:23,563.0,793207
2021-06-15 09:38:28,562.95,793800
2021-06-15 09:38:33,562.9,794719
2021-06-15 09:38:39,562.9,795632
2021-06-15 09:38:44,562.8,796170
2021-06-15 09:38:50,562.75,798210
2021-06-15 09:38:55,562.55,800972
2021-06-15 09:39:00,562.75,802196
2021-06-15 09:39:05,562.55,802374
2021-06-15 09:39:10,562.6,803598
2021-06-15 09:39:14,562.65,803746
2021-06-15 09:39:20,562.65,803984
2021-06-15 09:39:25,562.65,805859
2021-06-15 09:39:30,562.7,809075
2021-06-15 09:39:35,563.0,811022
2021-06-15 09:39:40,563.0,811307
2021-06-15 09:39:46,562.95,811634
2021-06-15 09:39:52,563.0,814588
2021-06-15 09:39:57,563.0,814692
2021-06-15 09:40:03,562.95,815575
2021-06-15 09:40:08,563.0,817111
2021-06-15 09:40:13,563.0,817414
2021-06-15 09:40:19,562.8,821510
2021-06-15 09:40:24,562.85,821972
2021-06-15 09:40:29,562.8,822104
2021-06-15 09:40:34,562.9,822352
2021-06-15 09:40:40,563.0,823106
2021-06-15 09:40:45,562.9,823174
2021-06-15 09:40:51,562.9,824069
2021-06-15 09:40:56,562.9,824284
2021-06-15 09:41:01,562.8,825729
2021-06-15 09:41:07,562.85,826066
2021-06-15 09:41:12,562.8,827375
2021-06-15 09:41:17,562.85,827649
2021-06-15 09:41:22,562.8,830733
2021-06-15 09:41:27,562.9,831904
2021-06-15 09:41:32,562.85,832192
2021-06-15 09:41:38,562.9,832361
2021-06-15 09:41:43,562.9,833557
2021-06-15 09:41:49,562.9,833943
2021-06-15 09:41:53,562.95,834123
2021-06-15 09:41:58,562.95,834852
2021-06-15 09:42:03,562.75,835490
2021-06-15 09:42:08,562.9,836939
2021-06-15 09:42:14,562.55,837949
2021-06-15 09:42:19,562.5,841999
2021-06-15 09:42:24,562.4,842187
2021-06-15 09:42:29,562.2,842945
2021-06-15 09:42:34,562.35,843567
2021-06-15 09:42:39,562.3,843723
2021-06-15 09:42:44,562.3,844315
2021-06-15 09:42:50,562.0,850308
2021-06-15 09:42:55,562.2,851824
2021-06-15 09:43:00,562.1,852246
2021-06-15 09:43:05,562.1,852938
2021-06-15 09:43:10,562.0,853102
2021-06-15 09:43:15,561.95,858030
2021-06-15 09:43:20,562.0,858531
2021-06-15 09:43:26,561.9,858772
2021-06-15 09:43:31,561.95,861076
2021-06-15 09:43:37,562.05,862924
2021-06-15 09:43:42,562.2,866726
2021-06-15 09:43:53,562.3,868728
2021-06-15 09:43:58,562.35,869955
2021-06-15 09:44:03,562.5,870888
2021-06-15 09:44:08,562.5,871755
2021-06-15 09:44:13,562.55,871882
2021-06-15 09:44:19,562.5,872745
2021-06-15 09:44:24,562.5,873777
2021-06-15 09:44:35,562.45,875115
2021-06-15 09:44:40,562.2,875803
2021-06-15 09:44:45,562.4,876074
2021-06-15 09:44:50,562.4,876347
2021-06-15 09:44:55,562.4,876679
2021-06-15 09:45:00,562.25,876867
2021-06-15 09:45:10,562.25,878774
2021-06-15 09:45:15,562.25,878776
2021-06-15 09:45:20,562.25,879051
2021-06-15 09:45:25,562.25,881187
2021-06-15 09:45:30,562.05,883458
2021-06-15 09:45:36,562.1,884891
2021-06-15 09:45:41,562.15,885237
2021-06-15 09:45:47,562.3,885920
2021-06-15 09:45:52,562.35,887006
2021-06-15 09:45:57,562.3,887096
2021-06-15 09:46:08,562.35,888021
2021-06-15 09:46:13,562.3,888420
2021-06-15 09:46:18,562.2,888571
2021-06-15 09:46:23,562.1,889003
2021-06-15 09:46:28,562.0,891430
2021-06-15 09:46:33,561.95,892105
2021-06-15 09:46:38,561.95,892526
2021-06-15 09:46:43,562.1,893132
2021-06-15 09:46:48,562.05,893169
2021-06-15 09:46:53,562.2,894907
2021-06-15 09:46:58,562.15,900294
2021-06-15 09:47:02,562.15,900362
2021-06-15 09:47:07,561.85,900731
2021-06-15 09:47:13,561.85,901669
2021-06-15 09:47:18,561.9,903987
2021-06-15 09:47:24,561.9,905838
2021-06-15 09:47:29,561.85,905905
2021-06-15 09:47:34,561.85,905995
2021-06-15 09:47:39,562.0,909190
2021-06-15 09:47:44,562.05,909853
2021-06-15 09:47:54,561.9,912514
2021-06-15 09:47:58,561.9,912656
2021-06-15 09:48:08,561.5,921243
2021-06-15 09:48:13,561.4,922474
2021-06-15 09:48:18,561.5,923811
2021-06-15 09:48:22,561.5,924707
2021-06-15 09:48:27,561.3,925719
2021-06-15 09:48:33,561.3,925903
2021-06-15 09:48:38,561.2,930661
2021-06-15 09:48:43,561.05,945006
2021-06-15 09:48:48,561.0,946305
2021-06-15 09:48:53,561.0,947705
2021-06-15 09:48:58,560.85,948844
2021-06-15 09:49:03,560.9,949541
2021-06-15 09:49:07,560.9,949673
2021-06-15 09:49:12,561.05,955236
2021-06-15 09:49:17,561.15,956208
2021-06-15 09:49:23,561.45,957450
2021-06-15 09:49:27,561.3,958464
2021-06-15 09:49:32,561.35,961222
2021-06-15 09:49:37,561.35,961988
2021-06-15 09:49:42,561.35,962274
2021-06-15 09:49:52,561.35,964131
2021-06-15 09:49:57,561.3,964291
2021-06-15 09:50:01,561.35,964901
2021-06-15 09:50:06,561.35,965587
2021-06-15 09:50:10,561.35,965921
2021-06-15 09:50:15,561.3,967550
2021-06-15 09:50:19,561.2,967794
2021-06-15 09:50:24,561.35,968018
2021-06-15 09:50:29,561.35,968110
2021-06-15 09:50:34,561.35,969230
2021-06-15 09:50:39,561.45,969685
2021-06-15 09:50:44,561.45,969738
2021-06-15 09:50:48,561.35,969893
2021-06-15 09:50:53,561.45,970108
2021-06-15 09:50:57,561.35,970344
2021-06-15 09:51:02,561.4,970713
2021-06-15 09:51:06,561.25,970902
2021-06-15 09:51:11,561.45,972878
2021-06-15 09:51:15,561.45,972983
2021-06-15 09:51:20,561.4,973153
2021-06-15 09:51:25,561.5,974360
2021-06-15 09:51:30,561.5,975095
2021-06-15 09:51:34,561.45,975277
2021-06-15 09:51:39,561.5,975928
2021-06-15 09:51:44,561.5,976568
2021-06-15 09:51:49,561.5,976615
2021-06-15 09:51:54,561.55,976829
2021-06-15 09:51:59,561.65,976867
2021-06-15 09:52:04,561.6,978186
2021-06-15 09:52:09,561.6,978590
2021-06-15 09:52:13,561.5,979721
2021-06-15 09:52:18,561.2,981653
2021-06-15 09:52:23,561.25,981747
2021-06-15 09:52:28,561.5,981969
2021-06-15 09:52:33,561.5,982749
2021-06-15 09:52:34,561.3,982756
2021-06-15 09:52:35,561.5,982777
2021-06-15 09:52:36,561.3,983747
2021-06-15 09:52:37,561.45,983752
2021-06-15 09:52:38,561.5,984611
2021-06-15 09:52:39,561.3,984682
2021-06-15 09:52:40,561.45,984718
2021-06-15 09:52:42,561.45,985021
2021-06-15 09:52:43,561.35,985022
2021-06-15 09:52:44,561.45,985130
2021-06-15 09:52:45,561.45,985221
2021-06-15 09:52:46,561.45,985530
2021-06-15 09:52:47,561.35,985647
2021-06-15 09:52:48,561.35,985647
2021-06-15 09:52:49,561.55,986982
2021-06-15 09:52:50,561.5,987152
2021-06-15 09:52:51,561.5,987252
2021-06-15 09:52:53,561.55,987276
2021-06-15 09:52:53,561.5,987288
2021-06-15 09:52:55,561.55,987388
2021-06-15 09:52:55,561.5,987396
2021-06-15 09:52:56,561.45,987497
2021-06-15 09:52:57,561.55,987498
2021-06-15 09:52:59,561.55,987526
2021-06-15 09:52:59,561.55,987526
2021-06-15 09:53:00,561.55,987876
2021-06-15 09:53:01,561.55,987896
2021-06-15 09:53:03,561.55,987905
2021-06-15 09:53:04,561.3,988197
2021-06-15 09:53:05,561.35,988364
2021-06-15 09:53:06,561.35,988470
2021-06-15 09:53:07,561.25,988474
2021-06-15 09:53:08,561.35,988487
2021-06-15 09:53:10,561.4,988795
2021-06-15 09:53:11,561.4,988867
2021-06-15 09:53:12,561.4,988867
2021-06-15 09:53:12,561.25,988887
2021-06-15 09:53:13,561.35,989026
2021-06-15 09:53:14,561.35,989036
2021-06-15 09:53:15,561.35,989036
2021-06-15 09:53:16,561.3,989048
2021-06-15 09:53:17,561.3,989098
2021-06-15 09:53:18,561.25,989115
2021-06-15 09:53:19,561.25,989135
2021-06-15 09:53:20,561.25,989165
2021-06-15 09:53:21,561.2,989728
2021-06-15 09:53:22,561.2,989812
2021-06-15 09:53:23,561.1,989832
2021-06-15 09:53:24,561.1,989832
2021-06-15 09:53:25,561.2,989833
2021-06-15 09:53:26,561.15,990722
2021-06-15 09:53:28,561.15,990723
2021-06-15 09:53:29,561.15,990723
2021-06-15 09:53:30,561.15,991107
2021-06-15 09:53:31,561.15,991112
2021-06-15 09:53:32,561.2,991413
2021-06-15 09:53:33,561.0,991819
2021-06-15 09:53:34,561.0,992240
2021-06-15 09:53:35,560.95,998088
2021-06-15 09:53:36,560.85,999104
2021-06-15 09:53:37,560.85,999114
2021-06-15 09:53:38,560.8,999175
2021-06-15 09:53:39,560.8,999175
2021-06-15 09:53:40,560.8,999207
2021-06-15 09:53:41,560.85,999208
2021-06-15 09:53:41,560.9,999283
2021-06-15 09:53:42,561.0,999294
2021-06-15 09:53:43,561.0,999294
2021-06-15 09:53:44,561.0,999295
2021-06-15 09:53:45,560.8,999325
2021-06-15 09:53:46,560.75,999384
2021-06-15 09:53:47,561.0,999394
2021-06-15 09:53:48,560.75,999519
2021-06-15 09:53:50,560.75,999669
2021-06-15 09:53:51,560.75,999690
2021-06-15 09:53:52,561.0,999725
2021-06-15 09:53:53,561.0,999725
2021-06-15 09:53:55,561.0,999748
2021-06-15 09:53:56,561.0,999856
2021-06-15 09:53:57,560.85,999898
2021-06-15 09:53:58,561.0,999945
2021-06-15 09:53:58,561.0,999953
2021-06-15 09:53:59,560.85,999963
2021-06-15 09:54:00,560.85,999963
2021-06-15 09:54:01,560.85,1000163
2021-06-15 09:54:02,560.8,1001021
2021-06-15 09:54:03,560.8,1001086
2021-06-15 09:54:04,560.85,1001087
2021-06-15 09:54:05,561.0,1001091
2021-06-15 09:54:07,561.0,1001327
2021-06-15 09:54:09,560.85,1001428
2021-06-15 09:54:10,560.85,1001451
2021-06-15 09:54:11,561.0,1001512
2021-06-15 09:54:11,561.0,1001512
2021-06-15 09:54:12,560.85,1001572
2021-06-15 09:54:13,560.85,1001777
2021-06-15 09:54:14,561.0,1001843
2021-06-15 09:54:15,561.0,1001896
2021-06-15 09:54:16,561.0,1001896
2021-06-15 09:54:17,560.9,1001957
2021-06-15 09:54:18,561.0,1001975
2021-06-15 09:54:19,561.0,1003822
2021-06-15 09:54:20,561.1,1005453
2021-06-15 09:54:21,560.95,1005458
2021-06-15 09:54:22,561.0,1005459
2021-06-15 09:54:23,560.85,1005559
2021-06-15 09:54:25,561.0,1005767
2021-06-15 09:54:26,561.0,1005767
2021-06-15 09:54:27,561.05,1005782
2021-06-15 09:54:28,560.85,1006006
2021-06-15 09:54:29,561.0,1006016
2021-06-15 09:54:30,560.9,1006067
2021-06-15 09:54:31,560.95,1006204
2021-06-15 09:54:32,560.95,1006306
2021-06-15 09:54:32,560.95,1006306
2021-06-15 09:54:33,560.85,1006511
2021-06-15 09:54:34,560.85,1006611
2021-06-15 09:54:36,561.0,1006927
2021-06-15 09:54:37,560.85,1007048
2021-06-15 09:54:38,560.85,1007048
2021-06-15 09:54:39,560.85,1007088
2021-06-15 09:54:40,561.0,1007256
2021-06-15 09:54:41,561.15,1007766
2021-06-15 09:54:42,561.05,1007816
2021-06-15 09:54:43,561.15,1007851
2021-06-15 09:54:44,560.95,1007861
2021-06-15 09:54:45,561.15,1007862
2021-06-15 09:54:46,561.1,1007907
2021-06-15 09:54:47,561.0,1008009
2021-06-15 09:54:48,561.15,1008173
2021-06-15 09:54:50,561.15,1008193
2021-06-15 09:54:50,561.15,1008693
2021-06-15 09:54:53,561.1,1008911
2021-06-15 09:54:54,561.0,1009485
2021-06-15 09:54:55,560.9,1009510
2021-06-15 09:54:56,561.0,1009956
2021-06-15 09:54:57,561.0,1009966
2021-06-15 09:54:58,561.0,1009976
2021-06-15 09:54:59,561.0,1009976
2021-06-15 09:55:00,561.1,1010024
2021-06-15 09:55:01,561.1,1010029
2021-06-15 09:55:02,561.1,1010029
2021-06-15 09:55:03,561.1,1010031
2021-06-15 09:55:04,561.1,1010031
2021-06-15 09:55:05,561.1,1010039
2021-06-15 09:55:06,561.1,1010239
2021-06-15 09:55:07,561.1,1010249
2021-06-15 09:55:08,561.0,1010478
2021-06-15 09:55:10,561.1,1010963
2021-06-15 09:55:11,561.1,1010999
2021-06-15 09:55:12,561.1,1011015
2021-06-15 09:55:13,561.1,1011047
2021-06-15 09:55:14,561.1,1011052
2021-06-15 09:55:15,561.1,1011057
2021-06-15 09:55:16,561.1,1011117
2021-06-15 09:55:17,561.1,1011146
2021-06-15 09:55:18,561.1,1011146
2021-06-15 09:55:19,561.0,1011216
2021-06-15 09:55:21,560.9,1012867
2021-06-15 09:55:22,560.9,1012867
2021-06-15 09:55:24,561.05,1013083
2021-06-15 09:55:26,561.0,1013438
2021-06-15 09:55:28,560.95,1013453
2021-06-15 09:55:29,561.1,1013603
2021-06-15 09:55:30,561.0,1013612
2021-06-15 09:55:31,560.9,1013712
2021-06-15 09:55:32,561.05,1013713
2021-06-15 09:55:33,561.1,1013714
2021-06-15 09:55:34,561.1,1013714
2021-06-15 09:55:35,561.1,1013714
2021-06-15 09:55:36,561.1,1013722
2021-06-15 09:55:37,561.1,1013764
2021-06-15 09:55:38,561.1,1013964
2021-06-15 09:55:39,561.1,1014015
2021-06-15 09:55:40,561.0,1014017
2021-06-15 09:55:41,561.1,1014057
2021-06-15 09:55:42,561.1,1014131
2021-06-15 09:55:43,561.1,1014131
2021-06-15 09:55:45,561.0,1014651
2021-06-15 09:55:46,561.1,1014741
2021-06-15 09:55:47,561.0,1015241
2021-06-15 09:55:48,561.0,1015257
2021-06-15 09:55:49,561.1,1015309
2021-06-15 09:55:50,561.1,1015319
2021-06-15 09:55:52,561.1,1015319
2021-06-15 09:55:53,561.0,1015323
2021-06-15 09:55:54,561.05,1015325
2021-06-15 09:55:55,561.05,1015325
2021-06-15 09:55:56,561.1,1015376
2021-06-15 09:55:57,561.0,1015377
2021-06-15 09:55:58,561.0,1015377
2021-06-15 09:55:59,561.1,1015427
2021-06-15 09:56:00,561.1,1015427
2021-06-15 09:56:01,561.1,1015428
2021-06-15 09:56:02,561.1,1015430
2021-06-15 09:56:02,561.0,1015450
2021-06-15 09:56:03,561.0,1015450
2021-06-15 09:56:04,561.1,1015453
2021-06-15 09:56:06,561.1,1015538
2021-06-15 09:56:06,561.1,1015539
2021-06-15 09:56:07,561.0,1015564
2021-06-15 09:56:08,561.0,1015564
2021-06-15 09:56:09,561.1,1015612
2021-06-15 09:56:11,561.1,1015651
2021-06-15 09:56:12,561.1,1015703
2021-06-15 09:56:12,561.1,1015703
2021-06-15 09:56:13,561.2,1017558
2021-06-15 09:56:14,561.1,1017564
2021-06-15 09:56:15,561.0,1017877
2021-06-15 09:56:17,561.1,1017881
2021-06-15 09:56:18,561.1,1017881
2021-06-15 09:56:19,561.1,1017881
2021-06-15 09:56:20,560.9,1022918
2021-06-15 09:56:21,561.05,1022922
2021-06-15 09:56:22,561.05,1022922
2021-06-15 09:56:23,561.05,1022922
2021-06-15 09:56:24,561.05,1022924
2021-06-15 09:56:25,561.05,1022924
2021-06-15 09:56:26,561.05,1022963
2021-06-15 09:56:27,561.1,1025057
2021-06-15 09:56:29,561.1,1025444
2021-06-15 09:56:30,561.1,1025444
2021-06-15 09:56:31,561.1,1025444
2021-06-15 09:56:32,561.1,1025444
2021-06-15 09:56:33,561.0,1025462
2021-06-15 09:56:34,561.1,1025470
2021-06-15 09:56:35,561.1,1025470
2021-06-15 09:56:36,561.1,1025470
2021-06-15 09:56:37,561.0,1025871
2021-06-15 09:56:39,561.1,1027890
2021-06-15 09:56:39,561.1,1027890
2021-06-15 09:56:40,561.1,1027936
2021-06-15 09:56:41,561.1,1028072
2021-06-15 09:56:43,561.1,1028097
2021-06-15 09:56:44,561.05,1028836
2021-06-15 09:56:45,561.05,1028836
2021-06-15 09:56:46,561.05,1028916
2021-06-15 09:56:47,561.0,1028919
2021-06-15 09:56:47,561.0,1028919
2021-06-15 09:56:48,561.05,1029930
2021-06-15 09:56:49,561.05,1029930
2021-06-15 09:56:50,561.05,1029930
2021-06-15 09:56:52,561.0,1030178
2021-06-15 09:56:53,561.05,1030186
2021-06-15 09:56:54,561.05,1030286
2021-06-15 09:56:55,561.05,1030376
2021-06-15 09:56:55,561.0,1030326
2021-06-15 09:56:57,561.0,1030516
2021-06-15 09:56:58,561.25,1032204
2021-06-15 09:56:59,561.25,1032204
2021-06-15 09:57:00,561.25,1032204
2021-06-15 09:57:01,561.2,1032304
2021-06-15 09:57:02,561.2,1032583
2021-06-15 09:57:03,561.25,1032586
2021-06-15 09:57:04,561.15,1032636
2021-06-15 09:57:05,561.25,1032641
2021-06-15 09:57:06,561.25,1032741
2021-06-15 09:57:07,561.25,1032741
2021-06-15 09:57:08,561.25,1032800
2021-06-15 09:57:09,561.25,1032801
2021-06-15 09:57:10,561.25,1032801
2021-06-15 09:57:11,561.35,1032857
2021-06-15 09:57:12,561.35,1032882
2021-06-15 09:57:14,561.35,1032882
2021-06-15 09:57:13,561.35,1032882
2021-06-15 09:57:15,561.35,1032882
2021-06-15 09:57:16,561.35,1032882
2021-06-15 09:57:17,561.35,1033032
2021-06-15 09:57:18,561.35,1033033
2021-06-15 09:57:19,561.3,1033061
2021-06-15 09:57:21,561.35,1034891
2021-06-15 09:57:22,561.35,1034898
2021-06-15 09:57:23,561.35,1034898
2021-06-15 09:57:24,561.35,1035008
2021-06-15 09:57:25,561.4,1035018
2021-06-15 09:57:26,561.4,1035088
2021-06-15 09:57:27,561.4,1035094
2021-06-15 09:57:28,561.4,1035251
2021-06-15 09:57:29,561.4,1035251
2021-06-15 09:57:30,561.4,1035252
2021-06-15 09:57:31,561.4,1035552
2021-06-15 09:57:33,561.35,1035712
2021-06-15 09:57:34,561.4,1035889
2021-06-15 09:57:38,561.5,1036112
2021-06-15 09:57:47,561.5,1036626
2021-06-15 09:57:52,561.5,1036674
2021-06-15 09:57:56,561.6,1036861
2021-06-15 09:58:01,561.45,1037074
2021-06-15 09:58:06,561.5,1037414
2021-06-15 09:58:10,561.6,1038096
2021-06-15 09:58:14,561.7,1038454
2021-06-15 09:58:19,561.7,1039066
2021-06-15 09:58:23,561.7,1039128
2021-06-15 09:58:27,561.7,1039359
2021-06-15 09:58:32,561.6,1039818
2021-06-15 09:58:36,561.7,1040418
2021-06-15 09:58:41,561.7,1040862
2021-06-15 09:58:46,561.6,1043973
2021-06-15 09:58:50,561.5,1044730
2021-06-15 09:58:55,561.6,1045011
2021-06-15 09:58:59,561.5,1045051
2021-06-15 09:59:04,561.6,1045575
2021-06-15 09:59:09,561.6,1045751
2021-06-15 09:59:13,561.6,1047335
2021-06-15 09:59:18,561.6,1047704
2021-06-15 09:59:22,561.6,1048579
2021-06-15 09:59:27,561.65,1049794
2021-06-15 09:59:31,561.5,1050928
2021-06-15 09:59:36,561.6,1051804
2021-06-15 09:59:40,561.6,1052293
2021-06-15 09:59:45,561.6,1052416
2021-06-15 09:59:50,561.6,1052602
2021-06-15 09:59:54,561.6,1053733
2021-06-15 09:59:58,561.6,1053760
2021-06-15 10:00:02,561.6,1053960
2021-06-15 10:00:07,561.6,1054158
2021-06-15 10:00:11,561.5,1054331
2021-06-15 10:00:16,561.6,1054533
2021-06-15 10:00:20,561.5,1054762
2021-06-15 10:00:25,561.65,1055335
2021-06-15 10:00:30,561.6,1055957
2021-06-15 10:00:34,561.7,1056085
2021-06-15 10:00:38,561.7,1056249
2021-06-15 10:00:43,561.65,1056373
2021-06-15 10:00:47,561.7,1056767
2021-06-15 10:00:52,561.9,1057850
2021-06-15 10:00:57,561.9,1058496
2021-06-15 10:01:01,561.85,1058900
2021-06-15 10:01:06,561.55,1062554
2021-06-15 10:01:11,561.6,1063096
2021-06-15 10:01:16,561.85,1064266
2021-06-15 10:01:21,561.7,1064729
2021-06-15 10:01:25,561.7,1065071
2021-06-15 10:01:30,561.8,1065623
2021-06-15 10:01:35,561.8,1066392
2021-06-15 10:01:40,561.75,1066533
2021-06-15 10:01:44,561.75,1067183
2021-06-15 10:01:49,561.85,1067247
2021-06-15 10:01:53,561.9,1067675
2021-06-15 10:01:58,561.9,1068132
2021-06-15 10:02:03,561.9,1068782
2021-06-15 10:02:08,561.9,1069837
2021-06-15 10:02:13,561.9,1069891
2021-06-15 10:02:18,561.85,1070138
2021-06-15 10:02:22,562.0,1070300
2021-06-15 10:02:27,562.0,1070491
2021-06-15 10:02:32,562.0,1071116
2021-06-15 10:02:37,562.05,1075324
2021-06-15 10:02:42,562.3,1075922
2021-06-15 10:02:47,562.35,1077414
2021-06-15 10:02:51,562.35,1077798
2021-06-15 10:02:56,562.5,1081590
2021-06-15 10:03:01,562.45,1082624
2021-06-15 10:03:06,562.5,1082981
2021-06-15 10:03:10,562.4,1084014
2021-06-15 10:03:14,562.2,1084820
2021-06-15 10:03:19,562.45,1085204
2021-06-15 10:03:24,562.45,1085253
2021-06-15 10:03:29,562.4,1085823
2021-06-15 10:03:33,562.45,1086036
2021-06-15 10:03:38,562.3,1086316
2021-06-15 10:03:43,562.35,1086587
2021-06-15 10:03:47,562.35,1086652
2021-06-15 10:03:52,562.4,1087680
2021-06-15 10:03:56,562.5,1089484
2021-06-15 10:04:01,562.4,1090218
2021-06-15 10:04:06,562.5,1090502
2021-06-15 10:04:10,562.5,1093164
2021-06-15 10:04:14,562.5,1094193
2021-06-15 10:04:18,562.45,1094993
2021-06-15 10:04:28,562.45,1095214
2021-06-15 10:04:32,562.45,1095280
2021-06-15 10:04:37,562.3,1096565
2021-06-15 10:04:42,562.25,1096974
2021-06-15 10:04:46,562.25,1098341
2021-06-15 10:04:50,562.25,1098588
2021-06-15 10:04:55,562.25,1098941
2021-06-15 10:04:59,562.4,1099216
2021-06-15 10:05:03,562.25,1099433
2021-06-15 10:05:07,562.35,1099596
2021-06-15 10:05:12,562.35,1101464
2021-06-15 10:05:16,562.25,1101568
2021-06-15 10:05:20,562.35,1102809
2021-06-15 10:05:25,562.15,1104185
2021-06-15 10:05:29,562.35,1104206
2021-06-15 10:05:34,562.05,1106129
2021-06-15 10:05:38,562.15,1106641
2021-06-15 10:05:43,562.15,1106831
2021-06-15 10:05:48,562.15,1107817
2021-06-15 10:05:52,562.35,1107947
2021-06-15 10:05:56,562.3,1108191
2021-06-15 10:06:01,562.3,1108191
2021-06-15 10:06:06,562.05,1108740
2021-06-15 10:06:11,562.15,1111188
2021-06-15 10:06:15,562.2,1112092
2021-06-15 10:06:19,562.0,1112298
2021-06-15 10:06:24,562.15,1112450
2021-06-15 10:06:28,562.25,1112830
2021-06-15 10:06:33,562.15,1112840
2021-06-15 10:06:37,562.05,1113053
2021-06-15 10:06:42,562.25,1113167
2021-06-15 10:06:46,562.2,1113595
2021-06-15 10:06:50,562.15,1113673
2021-06-15 10:06:55,562.2,1115697
2021-06-15 10:06:59,562.15,1116178
2021-06-15 10:07:04,562.2,1117383
2021-06-15 10:07:08,562.15,1118477
2021-06-15 10:07:13,562.25,1118940
2021-06-15 10:07:17,562.25,1119309
2021-06-15 10:07:21,562.25,1120863
2021-06-15 10:07:26,562.3,1121153
2021-06-15 10:07:30,562.3,1121435
2021-06-15 10:07:35,562.3,1122298
2021-06-15 10:07:39,562.25,1122624
2021-06-15 10:07:43,562.25,1122701
2021-06-15 10:07:48,562.15,1123240
2021-06-15 10:07:52,562.05,1123343
2021-06-15 10:07:57,562.05,1123416
2021-06-15 10:08:01,562.1,1123533
2021-06-15 10:08:05,562.1,1123617
2021-06-15 10:08:09,562.05,1123642
2021-06-15 10:08:13,562.1,1123710
2021-06-15 10:08:17,562.1,1124041
2021-06-15 10:08:21,562.05,1124121
2021-06-15 10:08:25,562.1,1124270
2021-06-15 10:08:29,562.0,1124606
2021-06-15 10:08:33,562.05,1124646
2021-06-15 10:08:38,562.0,1124928
2021-06-15 10:08:42,562.05,1125292
2021-06-15 10:08:46,562.05,1125299
2021-06-15 10:08:50,562.1,1125580
2021-06-15 10:08:55,562.0,1126051
2021-06-15 10:08:59,562.1,1126305
2021-06-15 10:09:03,562.05,1126760
2021-06-15 10:09:07,562.0,1126881
2021-06-15 10:09:12,562.05,1127336
2021-06-15 10:09:16,562.1,1127652
2021-06-15 10:09:21,562.1,1127692
2021-06-15 10:09:25,562.0,1127865
2021-06-15 10:09:29,562.1,1128043
2021-06-15 10:09:37,562.1,1128093
2021-06-15 10:09:41,562.1,1129264
2021-06-15 10:09:45,562.0,1129725
2021-06-15 10:09:49,562.1,1130088
2021-06-15 10:09:54,562.1,1130696
2021-06-15 10:09:58,562.1,1130996
2021-06-15 10:10:03,562.05,1131004
2021-06-15 10:10:06,562.05,1131179
2021-06-15 10:10:10,562.05,1131251
2021-06-15 10:10:15,562.0,1131428
2021-06-15 10:10:19,562.0,1131549
2021-06-15 10:10:24,562.0,1131549
2021-06-15 10:10:29,562.05,1131580
2021-06-15 10:10:33,562.05,1131746
2021-06-15 10:10:37,562.0,1131950
2021-06-15 10:10:41,562.05,1133110
2021-06-15 10:10:46,562.0,1133262
2021-06-15 10:10:50,562.05,1133728
2021-06-15 10:10:54,561.95,1138495
2021-06-15 10:10:58,561.95,1138699
2021-06-15 10:11:03,561.85,1139026
2021-06-15 10:11:07,561.9,1139782
2021-06-15 10:11:11,561.6,1142446
2021-06-15 10:11:16,561.85,1143133
2021-06-15 10:11:20,561.6,1144237
2021-06-15 10:11:24,561.7,1144871
2021-06-15 10:11:29,561.55,1145056
2021-06-15 10:11:33,561.55,1145980
2021-06-15 10:11:37,561.75,1146075
2021-06-15 10:11:41,561.65,1146626
2021-06-15 10:11:46,561.75,1146765
2021-06-15 10:11:50,561.75,1146835
2021-06-15 10:11:54,561.75,1147963
2021-06-15 10:11:58,561.75,1148321
2021-06-15 10:12:02,561.7,1148380
2021-06-15 10:12:06,561.7,1148420
2021-06-15 10:12:11,561.7,1148470
2021-06-15 10:12:14,561.7,1148806
2021-06-15 10:12:18,561.7,1148821
2021-06-15 10:12:22,561.7,1149383
2021-06-15 10:12:25,561.7,1149659
2021-06-15 10:12:29,561.7,1150306
2021-06-15 10:12:33,561.7,1150617
2021-06-15 10:12:38,561.7,1151032
2021-06-15 10:12:42,561.7,1151177
2021-06-15 10:12:47,561.7,1151235
2021-06-15 10:12:51,561.7,1151579
2021-06-15 10:12:55,561.7,1151663
2021-06-15 10:13:00,561.7,1151920
2021-06-15 10:13:04,561.7,1157518
2021-06-15 10:13:08,561.8,1157721
2021-06-15 10:13:12,561.7,1159135
2021-06-15 10:13:16,561.9,1160442
2021-06-15 10:13:20,561.75,1160469
2021-06-15 10:13:24,561.7,1160480
2021-06-15 10:13:28,561.7,1160596
2021-06-15 10:13:32,561.85,1160821
2021-06-15 10:13:37,561.7,1160951
2021-06-15 10:13:41,561.85,1161137
2021-06-15 10:13:45,561.75,1161162
2021-06-15 10:13:50,561.75,1161310
2021-06-15 10:13:54,561.75,1161370
2021-06-15 10:13:58,561.75,1161620
2021-06-15 10:14:02,561.75,1161729
2021-06-15 10:14:06,561.75,1161753
2021-06-15 10:14:15,561.75,1161818
2021-06-15 10:14:19,561.5,1164687
2021-06-15 10:14:24,561.7,1165399
2021-06-15 10:14:28,561.7,1165714
2021-06-15 10:14:32,561.7,1165888
2021-06-15 10:14:37,561.6,1165891
2021-06-15 10:14:40,561.7,1166128
2021-06-15 10:14:45,561.7,1166129
2021-06-15 10:14:50,561.7,1166592
2021-06-15 10:14:54,561.7,1166753
2021-06-15 10:14:58,561.7,1166941
2021-06-15 10:15:03,561.5,1167024
2021-06-15 10:15:07,561.6,1167063
2021-06-15 10:15:11,561.65,1167183
2021-06-15 10:15:15,561.55,1167249
2021-06-15 10:15:19,561.65,1168011
2021-06-15 10:15:24,561.55,1168728
2021-06-15 10:15:28,561.6,1168839
2021-06-15 10:15:32,561.6,1169012
2021-06-15 10:15:36,561.55,1169335
2021-06-15 10:15:40,561.6,1169572
2021-06-15 10:15:45,561.55,1170433
2021-06-15 10:15:49,561.5,1171035
2021-06-15 10:15:54,561.6,1171065
2021-06-15 10:15:58,561.6,1171447
2021-06-15 10:16:03,561.55,1171554
2021-06-15 10:16:07,561.55,1172242
2021-06-15 10:16:11,561.55,1172495
2021-06-15 10:16:15,561.5,1172832
2021-06-15 10:16:18,561.6,1172842
2021-06-15 10:16:22,561.55,1174026
2021-06-15 10:16:25,561.5,1174124
2021-06-15 10:16:29,561.55,1174353
2021-06-15 10:16:34,561.5,1174412
2021-06-15 10:16:38,561.6,1174503
2021-06-15 10:16:43,561.45,1175081
2021-06-15 10:16:47,561.6,1176218
2021-06-15 10:16:51,561.5,1176405
2021-06-15 10:16:56,561.55,1177085
2021-06-15 10:17:00,561.55,1177806
2021-06-15 10:17:04,561.7,1177828
2021-06-15 10:17:08,561.7,1177828
2021-06-15 10:17:12,561.7,1178046
2021-06-15 10:17:16,561.7,1178048
2021-06-15 10:17:20,561.7,1178132
2021-06-15 10:17:24,561.7,1178526
2021-06-15 10:17:28,561.7,1178526
2021-06-15 10:17:32,561.65,1178891
2021-06-15 10:17:36,561.7,1179092
2021-06-15 10:17:39,561.75,1179762
2021-06-15 10:17:43,561.95,1180071
2021-06-15 10:17:48,561.7,1180120
2021-06-15 10:17:52,561.65,1181044
2021-06-15 10:17:56,561.85,1181091
2021-06-15 10:18:00,561.65,1181249
2021-06-15 10:18:04,561.85,1181383
2021-06-15 10:18:09,561.6,1181685
2021-06-15 10:18:13,561.6,1182187
2021-06-15 10:18:17,561.85,1182214
2021-06-15 10:18:21,561.8,1183283
2021-06-15 10:18:25,561.8,1183553
2021-06-15 10:18:28,561.8,1183611
2021-06-15 10:18:32,561.8,1183613
2021-06-15 10:18:35,561.85,1183861
2021-06-15 10:18:39,561.85,1184138
2021-06-15 10:18:43,561.9,1184184
2021-06-15 10:18:47,561.9,1184280
2021-06-15 10:18:51,561.85,1184548
2021-06-15 10:18:55,561.85,1189904
2021-06-15 10:18:59,561.9,1190127
2021-06-15 10:19:03,561.9,1191429
2021-06-15 10:19:06,561.9,1191879
2021-06-15 10:19:10,561.95,1191916
2021-06-15 10:19:14,561.75,1191980
2021-06-15 10:19:19,561.9,1192279
2021-06-15 10:19:23,562.0,1192791
2021-06-15 10:19:27,561.9,1193822
2021-06-15 10:19:31,561.85,1194994
2021-06-15 10:19:36,561.95,1195406
2021-06-15 10:19:39,561.95,1195536
2021-06-15 10:19:43,561.9,1195795
2021-06-15 10:19:47,561.95,1196391
2021-06-15 10:19:51,561.95,1196492
2021-06-15 10:19:54,561.95,1196659
2021-06-15 10:19:58,561.85,1196769
2021-06-15 10:20:02,561.95,1196795
2021-06-15 10:20:06,561.95,1196831
2021-06-15 10:20:10,561.9,1196865
2021-06-15 10:20:14,561.95,1196952
2021-06-15 10:20:18,561.9,1197265
2021-06-15 10:20:22,561.7,1198309
2021-06-15 10:20:26,561.7,1198463
2021-06-15 10:20:29,561.75,1198694
2021-06-15 10:20:33,561.75,1199236
2021-06-15 10:20:36,561.65,1199389
2021-06-15 10:20:40,561.65,1200451
2021-06-15 10:20:44,561.65,1200646
2021-06-15 10:20:48,561.5,1200823
2021-06-15 10:20:52,561.5,1201007
2021-06-15 10:20:56,561.5,1201007
2021-06-15 10:21:01,561.45,1201275
2021-06-15 10:21:12,561.5,1201736
2021-06-15 10:21:16,561.5,1202281
2021-06-15 10:21:20,561.5,1202356
2021-06-15 10:21:24,561.5,1202381
2021-06-15 10:21:29,561.5,1202394
2021-06-15 10:21:33,561.65,1203329
2021-06-15 10:21:37,561.85,1203631
2021-06-15 10:21:41,561.8,1203718
2021-06-15 10:21:45,561.85,1203874
2021-06-15 10:21:49,561.85,1205941
2021-06-15 10:21:52,561.85,1205992
2021-06-15 10:21:56,561.9,1206208
2021-06-15 10:22:00,561.7,1206975
2021-06-15 10:22:04,561.85,1207111
2021-06-15 10:22:08,561.85,1207351
2021-06-15 10:22:12,561.9,1207543
2021-06-15 10:22:16,561.9,1207946
2021-06-15 10:22:19,561.7,1208284
2021-06-15 10:22:23,561.9,1208297
2021-06-15 10:22:27,561.85,1208386
2021-06-15 10:22:30,561.9,1208976
2021-06-15 10:22:34,561.9,1209168
2021-06-15 10:22:37,561.85,1209432
2021-06-15 10:22:38,561.75,1209830
2021-06-15 10:22:39,561.9,1209854
2021-06-15 10:22:40,561.9,1209890
2021-06-15 10:22:41,561.9,1210151
2021-06-15 10:22:42,561.9,1210246
2021-06-15 10:22:42,561.9,1210260
2021-06-15 10:22:43,561.7,1210290
2021-06-15 10:22:44,561.85,1210305
2021-06-15 10:22:45,561.7,1210307
2021-06-15 10:22:46,561.85,1210357
2021-06-15 10:22:47,561.75,1210449
2021-06-15 10:22:48,561.75,1210974
2021-06-15 10:22:49,561.65,1210978
2021-06-15 10:22:50,561.65,1211003
2021-06-15 10:22:52,561.75,1211193
2021-06-15 10:22:53,561.75,1211193
2021-06-15 10:22:54,561.75,1211193
2021-06-15 10:22:56,561.75,1212947
2021-06-15 10:22:57,561.75,1212947
2021-06-15 10:22:58,561.75,1212947
2021-06-15 10:22:58,561.75,1213514
2021-06-15 10:22:59,561.7,1213526
2021-06-15 10:23:01,561.75,1213818
2021-06-15 10:23:03,561.65,1213965
2021-06-15 10:23:04,561.75,1213966
2021-06-15 10:23:05,561.75,1214100
2021-06-15 10:23:06,561.75,1214123
2021-06-15 10:23:07,561.75,1214663
2021-06-15 10:23:08,561.75,1214878
2021-06-15 10:23:08,561.75,1214877
2021-06-15 10:23:09,561.75,1214888
2021-06-15 10:23:10,561.75,1214905
2021-06-15 10:23:11,561.75,1214943
2021-06-15 10:23:12,561.75,1214953
2021-06-15 10:23:13,561.75,1214954
2021-06-15 10:23:14,561.75,1214957
2021-06-15 10:23:15,561.75,1214957
2021-06-15 10:23:16,561.75,1214958
2021-06-15 10:23:17,561.75,1214979
2021-06-15 10:23:19,561.75,1214979
2021-06-15 10:23:19,561.75,1214979
2021-06-15 10:23:20,561.7,1215373
2021-06-15 10:23:21,561.7,1215491
2021-06-15 10:23:22,561.7,1215491
2021-06-15 10:23:24,561.7,1215676
2021-06-15 10:23:26,561.7,1215746
2021-06-15 10:23:27,561.7,1215766
2021-06-15 10:23:28,561.7,1215786
2021-06-15 10:23:29,561.7,1216302
2021-06-15 10:23:29,561.7,1216302
2021-06-15 10:23:30,561.7,1216302
2021-06-15 10:23:32,561.7,1216302
2021-06-15 10:23:33,561.7,1216302
2021-06-15 10:23:33,561.7,1216302
2021-06-15 10:23:34,561.7,1216302
2021-06-15 10:23:35,561.7,1216302
2021-06-15 10:23:36,561.7,1216512
2021-06-15 10:23:37,561.7,1217013
2021-06-15 10:23:38,561.7,1217013
2021-06-15 10:23:39,561.65,1217036
2021-06-15 10:23:40,561.75,1217072
2021-06-15 10:23:41,561.75,1217072
2021-06-15 10:23:42,561.75,1217090
2021-06-15 10:23:43,561.75,1217090
2021-06-15 10:23:44,561.75,1217090
2021-06-15 10:23:45,561.75,1217091
2021-06-15 10:23:46,561.75,1217092
2021-06-15 10:23:47,561.75,1217283
2021-06-15 10:23:48,561.75,1217308
2021-06-15 10:23:49,561.75,1217308
2021-06-15 10:23:51,561.75,1217613
2021-06-15 10:23:52,561.75,1217613
2021-06-15 10:23:53,561.75,1217613
2021-06-15 10:23:54,561.75,1217613
2021-06-15 10:23:54,561.75,1217613
2021-06-15 10:23:55,561.75,1217617
2021-06-15 10:23:57,561.7,1217862
2021-06-15 10:23:58,561.75,1217963
2021-06-15 10:23:59,561.7,1218032
2021-06-15 10:24:00,561.75,1218034
2021-06-15 10:24:01,561.75,1218043
2021-06-15 10:24:02,561.75,1218043
2021-06-15 10:24:03,561.75,1218043
2021-06-15 10:24:04,561.75,1218044
2021-06-15 10:24:04,561.75,1218044
2021-06-15 10:24:06,561.75,1218045
2021-06-15 10:24:07,561.8,1218052
2021-06-15 10:24:08,561.75,1218075
2021-06-15 10:24:09,561.65,1218149
2021-06-15 10:24:10,561.8,1218150
2021-06-15 10:24:10,561.8,1218150
2021-06-15 10:24:11,561.7,1218664
2021-06-15 10:24:12,561.7,1218664
2021-06-15 10:24:13,561.7,1218831
2021-06-15 10:24:14,561.7,1219349
2021-06-15 10:24:15,561.7,1219355
2021-06-15 10:24:16,561.7,1219406
2021-06-15 10:24:17,561.7,1219575
2021-06-15 10:24:18,561.7,1219602
2021-06-15 10:24:19,561.7,1219626
2021-06-15 10:24:20,561.7,1219837
2021-06-15 10:24:21,561.7,1219959
2021-06-15 10:24:22,561.7,1220059
2021-06-15 10:24:23,561.7,1220110
2021-06-15 10:24:24,561.7,1220565
2021-06-15 10:24:25,561.7,1220641
2021-06-15 10:24:27,561.7,1220819
2021-06-15 10:24:28,561.65,1220914
2021-06-15 10:24:28,561.65,1220914
2021-06-15 10:24:29,561.7,1221017
2021-06-15 10:24:30,561.8,1221178
2021-06-15 10:24:31,561.8,1221403
2021-06-15 10:24:32,561.7,1221404
2021-06-15 10:24:33,561.8,1221414
2021-06-15 10:24:34,561.8,1221481
2021-06-15 10:24:36,561.7,1221482
2021-06-15 10:24:37,561.8,1221492
2021-06-15 10:24:38,561.8,1221791
2021-06-15 10:24:39,561.8,1221857
2021-06-15 10:24:40,561.8,1221912
2021-06-15 10:24:41,561.85,1222100
2021-06-15 10:24:42,561.85,1222207
2021-06-15 10:24:43,561.7,1222331
2021-06-15 10:24:44,561.85,1222332
2021-06-15 10:24:45,561.85,1222332
2021-06-15 10:24:46,561.9,1222385
2021-06-15 10:24:47,561.9,1222526
2021-06-15 10:24:48,561.9,1222685
2021-06-15 10:24:49,561.9,1222940
2021-06-15 10:24:50,561.9,1223066
2021-06-15 10:24:51,561.9,1223270
2021-06-15 10:24:52,561.9,1224103
2021-06-15 10:24:53,561.95,1224379
2021-06-15 10:24:54,561.95,1224382
2021-06-15 10:24:55,561.95,1224925
2021-06-15 10:24:56,561.9,1225148
2021-06-15 10:24:57,562.0,1225340
2021-06-15 10:24:58,562.0,1225401
2021-06-15 10:24:59,561.95,1225407
2021-06-15 10:25:00,562.0,1225917
2021-06-15 10:25:01,562.0,1225917
2021-06-15 10:25:02,562.0,1225932
2021-06-15 10:25:02,562.0,1225932
2021-06-15 10:25:04,562.0,1226042
2021-06-15 10:25:05,562.0,1226427
2021-06-15 10:25:06,561.95,1226428
2021-06-15 10:25:07,562.0,1227414
2021-06-15 10:25:08,562.0,1227486
2021-06-15 10:25:09,562.0,1228059
2021-06-15 10:25:10,562.2,1229886
2021-06-15 10:25:11,562.25,1231556
2021-06-15 10:25:12,562.2,1231916
2021-06-15 10:25:14,562.3,1232746
2021-06-15 10:25:15,562.0,1233158
2021-06-15 10:25:17,562.2,1234785
2021-06-15 10:25:18,562.15,1234803
2021-06-15 10:25:19,562.15,1235325
2021-06-15 10:25:21,562.2,1235759
2021-06-15 10:25:22,562.15,1235875
2021-06-15 10:25:23,562.2,1235992
2021-06-15 10:25:24,562.15,1236020
2021-06-15 10:25:25,562.15,1236090
2021-06-15 10:25:26,562.15,1236400
2021-06-15 10:25:27,562.3,1236706
2021-06-15 10:25:28,562.3,1236964
2021-06-15 10:25:29,562.3,1237144
2021-06-15 10:25:30,562.3,1237206
2021-06-15 10:25:31,562.3,1237226
2021-06-15 10:25:32,562.3,1237297
2021-06-15 10:25:33,562.3,1237349
2021-06-15 10:25:34,562.3,1238528
2021-06-15 10:25:35,562.3,1238574
2021-06-15 10:25:36,562.3,1238574
2021-06-15 10:25:37,562.3,1239023
2021-06-15 10:25:39,562.2,1239132
2021-06-15 10:25:40,562.2,1239239
2021-06-15 10:25:41,562.25,1239504
2021-06-15 10:25:42,562.25,1239506
2021-06-15 10:25:44,562.25,1239701
2021-06-15 10:25:45,562.25,1239881
2021-06-15 10:25:46,562.25,1240649
2021-06-15 10:25:47,562.25,1240666
2021-06-15 10:25:48,562.25,1240853
2021-06-15 10:25:49,562.25,1240857
2021-06-15 10:25:51,562.25,1240924
2021-06-15 10:25:52,562.25,1241026
2021-06-15 10:25:53,562.3,1241226
2021-06-15 10:25:54,562.25,1241277
2021-06-15 10:25:55,562.25,1241277
2021-06-15 10:25:56,562.3,1241351
2021-06-15 10:25:58,562.2,1241601
2021-06-15 10:25:59,562.2,1241693
2021-06-15 10:26:00,562.3,1241830
2021-06-15 10:26:01,562.3,1241870
2021-06-15 10:26:01,562.3,1241911
2021-06-15 10:26:02,562.3,1241911
2021-06-15 10:26:03,562.3,1241926
2021-06-15 10:26:04,562.3,1242002
2021-06-15 10:26:05,562.3,1242124
2021-06-15 10:26:06,562.35,1242374
2021-06-15 10:26:08,562.3,1242379
2021-06-15 10:26:09,562.35,1242497
2021-06-15 10:26:09,562.35,1242780
2021-06-15 10:26:11,562.4,1243044
2021-06-15 10:26:11,562.35,1243049
2021-06-15 10:26:12,562.45,1243448
2021-06-15 10:26:13,562.45,1243653
2021-06-15 10:26:14,562.5,1243664
2021-06-15 10:26:15,562.3,1243768
2021-06-15 10:26:17,562.45,1243885
2021-06-15 10:26:18,562.45,1244744
2021-06-15 10:26:19,562.45,1244806
2021-06-15 10:26:20,562.45,1245306
2021-06-15 10:26:20,562.45,1245350
2021-06-15 10:26:21,562.5,1245779
2021-06-15 10:26:22,562.5,1245962
2021-06-15 10:26:23,562.4,1246302
2021-06-15 10:26:24,562.35,1246822
2021-06-15 10:26:25,562.35,1246852
2021-06-15 10:26:26,562.4,1246873
2021-06-15 10:26:27,562.4,1246885
2021-06-15 10:26:28,562.4,1246908
2021-06-15 10:26:30,562.4,1246983
2021-06-15 10:26:30,562.4,1247063
2021-06-15 10:26:32,562.4,1247103
2021-06-15 10:26:33,562.4,1247117
2021-06-15 10:26:34,562.35,1247143
2021-06-15 10:26:34,562.4,1247147
2021-06-15 10:26:35,562.4,1247383
2021-06-15 10:26:37,562.4,1247494
2021-06-15 10:26:38,562.4,1247599
2021-06-15 10:26:39,562.4,1247957
2021-06-15 10:26:40,562.4,1247977
2021-06-15 10:26:41,562.5,1250788
2021-06-15 10:26:42,562.5,1250906
2021-06-15 10:26:43,562.5,1251930
2021-06-15 10:26:44,562.45,1251932
2021-06-15 10:26:45,562.45,1251958
2021-06-15 10:26:46,562.5,1253473
2021-06-15 10:26:47,562.4,1253974
2021-06-15 10:26:48,562.5,1254219
2021-06-15 10:26:49,562.5,1257331
2021-06-15 10:26:49,562.5,1255536
2021-06-15 10:26:50,562.5,1258159
2021-06-15 10:26:51,562.5,1258670
2021-06-15 10:26:52,562.55,1258678
2021-06-15 10:26:54,562.5,1258718
2021-06-15 10:26:55,562.55,1258901
2021-06-15 10:26:56,562.5,1259035
2021-06-15 10:26:57,562.5,1259061
2021-06-15 10:26:58,562.55,1259066
2021-06-15 10:26:59,562.5,1259110
2021-06-15 10:27:00,562.55,1259562
2021-06-15 10:27:01,562.6,1259879
2021-06-15 10:27:02,562.55,1260912
2021-06-15 10:27:03,562.75,1261660
2021-06-15 10:27:04,562.5,1262340
2021-06-15 10:27:05,562.5,1262340
2021-06-15 10:27:06,562.75,1263391
2021-06-15 10:27:07,562.55,1263531
2021-06-15 10:27:08,562.55,1263777
2021-06-15 10:27:09,562.55,1263780
2021-06-15 10:27:10,562.75,1264635
2021-06-15 10:27:11,562.75,1264677
2021-06-15 10:27:12,562.55,1264698
2021-06-15 10:27:13,562.55,1264698
2021-06-15 10:27:13,562.7,1264699
2021-06-15 10:27:14,562.7,1264839
2021-06-15 10:27:15,562.5,1265206
2021-06-15 10:27:17,562.7,1265524
2021-06-15 10:27:18,562.7,1265524
2021-06-15 10:27:19,562.7,1265524
2021-06-15 10:27:20,562.65,1265548
2021-06-15 10:27:21,562.5,1266048
2021-06-15 10:27:22,562.5,1266048
2021-06-15 10:27:23,562.5,1266048
2021-06-15 10:27:24,562.7,1266322
2021-06-15 10:27:24,562.5,1266372
2021-06-15 10:27:25,562.7,1266471
2021-06-15 10:27:26,562.7,1266671
2021-06-15 10:27:27,562.7,1266971
2021-06-15 10:27:29,562.7,1267098
2021-06-15 10:27:31,562.7,1267398
2021-06-15 10:27:32,562.7,1267401
2021-06-15 10:27:33,562.65,1267821
2021-06-15 10:27:35,562.65,1267921
2021-06-15 10:27:39,562.55,1268322
2021-06-15 10:27:42,562.75,1268979
2021-06-15 10:27:49,562.55,1302848
2021-06-15 10:27:52,562.55,1303387
2021-06-15 10:27:56,562.7,1305975
2021-06-15 10:28:00,562.7,1307194
2021-06-15 10:28:04,562.75,1313209
2021-06-15 10:28:07,562.75,1314380
2021-06-15 10:28:11,562.75,1318075
2021-06-15 10:28:15,562.9,1318599
2021-06-15 10:28:18,562.85,1318736
2021-06-15 10:28:22,562.75,1319767
2021-06-15 10:28:25,562.75,1321195
2021-06-15 10:28:28,562.9,1321356
2021-06-15 10:28:32,562.9,1321847
2021-06-15 10:28:36,562.9,1322175
2021-06-15 10:28:40,562.9,1322588
2021-06-15 10:28:43,562.9,1322650
2021-06-15 10:28:48,562.85,1323020
2021-06-15 10:28:52,562.85,1323079
2021-06-15 10:28:56,562.8,1323139
2021-06-15 10:29:00,562.85,1323356
2021-06-15 10:29:04,562.8,1323797
2021-06-15 10:29:08,562.8,1324357
2021-06-15 10:29:12,562.5,1328385
2021-06-15 10:29:15,562.75,1329753
2021-06-15 10:29:19,562.65,1329932
2021-06-15 10:29:24,562.65,1330390
2021-06-15 10:29:28,562.8,1330530
2021-06-15 10:29:32,562.75,1331435
2021-06-15 10:29:36,562.75,1331926
2021-06-15 10:29:39,562.7,1332264
2021-06-15 10:29:43,562.8,1332852
2021-06-15 10:29:47,562.8,1333042
2021-06-15 10:29:50,562.8,1333188
2021-06-15 10:29:54,562.8,1333453
2021-06-15 10:29:58,562.7,1333558
2021-06-15 10:30:01,562.8,1333835
2021-06-15 10:30:05,562.85,1335742
2021-06-15 10:30:09,562.85,1335886
2021-06-15 10:30:17,562.85,1336906
2021-06-15 10:30:21,562.85,1337095
2021-06-15 10:30:26,562.85,1337297
2021-06-15 10:30:30,562.85,1337350
2021-06-15 10:30:33,562.85,1338136
2021-06-15 10:30:37,562.85,1338657
2021-06-15 10:30:40,562.8,1339240
2021-06-15 10:30:44,562.85,1339244
2021-06-15 10:30:49,562.85,1342261
2021-06-15 10:30:53,562.85,1342736
2021-06-15 10:30:57,562.8,1342976
2021-06-15 10:31:01,562.8,1343144
2021-06-15 10:31:05,562.8,1343565
2021-06-15 10:31:08,562.8,1344080
2021-06-15 10:31:12,562.7,1344353
2021-06-15 10:31:16,562.75,1344940
2021-06-15 10:31:20,562.55,1345819
2021-06-15 10:31:24,562.75,1346050
2021-06-15 10:31:27,562.75,1346102
2021-06-15 10:31:30,562.6,1346593
2021-06-15 10:31:34,562.55,1346714
2021-06-15 10:31:37,562.6,1346820
2021-06-15 10:31:40,562.6,1347116
2021-06-15 10:31:44,562.6,1347766
2021-06-15 10:31:47,562.6,1347878
2021-06-15 10:31:55,562.55,1348363
2021-06-15 10:31:58,562.55,1348394
2021-06-15 10:32:01,562.5,1348442
2021-06-15 10:32:05,562.55,1348718
2021-06-15 10:32:08,562.55,1348848
2021-06-15 10:32:12,562.5,1348913
2021-06-15 10:32:15,562.55,1349482
2021-06-15 10:32:19,562.5,1350426
2021-06-15 10:32:22,562.5,1350493
2021-06-15 10:32:25,562.5,1350886
2021-06-15 10:32:28,562.55,1351274
2021-06-15 10:32:31,562.55,1351827
2021-06-15 10:32:34,562.5,1351850
2021-06-15 10:32:38,562.5,1351889
2021-06-15 10:32:42,562.55,1352236
2021-06-15 10:32:46,562.45,1352494
2021-06-15 10:32:50,562.45,1352675
2021-06-15 10:32:53,562.5,1353202
2021-06-15 10:32:57,562.4,1353365
2021-06-15 10:33:00,562.2,1354305
2021-06-15 10:33:04,562.35,1354547
2021-06-15 10:33:07,562.35,1354651
2021-06-15 10:33:15,562.45,1354820
2021-06-15 10:33:19,562.2,1355362
2021-06-15 10:33:23,562.4,1357212
2021-06-15 10:33:27,562.3,1357439
2021-06-15 10:33:31,562.4,1357493
2021-06-15 10:33:34,562.4,1358124
2021-06-15 10:33:38,562.4,1358252
2021-06-15 10:33:41,562.4,1358427
2021-06-15 10:33:45,562.35,1358463
2021-06-15 10:33:49,562.4,1358468
2021-06-15 10:33:52,562.4,1358567
2021-06-15 10:33:56,562.35,1358662
2021-06-15 10:34:00,562.35,1358946
2021-06-15 10:34:03,562.35,1359032
2021-06-15 10:34:06,562.3,1359051
2021-06-15 10:34:09,562.35,1359088
2021-06-15 10:34:13,562.35,1360346
2021-06-15 10:34:17,562.3,1360447
2021-06-15 10:34:21,562.35,1360893
2021-06-15 10:34:24,562.3,1360897
2021-06-15 10:34:28,562.35,1360928
2021-06-15 10:34:32,562.3,1361938
2021-06-15 10:34:35,562.3,1363087
2021-06-15 10:34:39,562.35,1363192
2021-06-15 10:34:43,562.25,1364287
2021-06-15 10:34:47,562.35,1364364
2021-06-15 10:34:51,562.35,1364834
2021-06-15 10:34:55,562.2,1364870
2021-06-15 10:34:59,562.2,1364999
2021-06-15 10:35:02,562.2,1365499
2021-06-15 10:35:05,562.2,1365939
2021-06-15 10:35:09,562.2,1365939
2021-06-15 10:35:13,562.2,1366584
2021-06-15 10:35:16,562.3,1366904
2021-06-15 10:35:19,562.3,1367031
2021-06-15 10:35:23,562.2,1367209
2021-06-15 10:35:26,562.3,1367309
2021-06-15 10:35:29,562.3,1367351
2021-06-15 10:35:33,562.3,1367358
2021-06-15 10:35:36,562.3,1367394
2021-06-15 10:35:40,562.2,1367508
2021-06-15 10:35:43,562.3,1367648
2021-06-15 10:35:46,562.3,1367718
2021-06-15 10:35:49,562.3,1368054
2021-06-15 10:35:53,562.2,1368075
2021-06-15 10:35:57,562.3,1368315
2021-06-15 10:36:01,562.25,1368425
2021-06-15 10:36:04,562.25,1368455
2021-06-15 10:36:08,562.25,1368710
2021-06-15 10:36:22,562.2,1370896
2021-06-15 10:36:26,562.3,1371058
2021-06-15 10:36:30,562.2,1373874
2021-06-15 10:36:34,562.2,1374470
2021-06-15 10:36:37,562.2,1376373
2021-06-15 10:36:41,562.15,1377536
2021-06-15 10:36:45,562.15,1377737
2021-06-15 10:36:49,562.2,1377793
2021-06-15 10:36:53,562.0,1378001
2021-06-15 10:36:57,562.0,1378151
2021-06-15 10:37:01,562.1,1378417
2021-06-15 10:37:04,562.0,1379433
2021-06-15 10:37:08,562.1,1379942
2021-06-15 10:37:12,562.1,1380043
2021-06-15 10:37:15,562.1,1380066
2021-06-15 10:37:19,562.1,1380195
2021-06-15 10:37:22,562.0,1380419
2021-06-15 10:37:26,562.1,1380464
2021-06-15 10:37:29,562.1,1380676
2021-06-15 10:37:33,562.05,1381028
2021-06-15 10:37:36,562.0,1381066
2021-06-15 10:37:39,562.0,1382368
2021-06-15 10:37:42,562.05,1382928
2021-06-15 10:37:45,562.05,1383024
2021-06-15 10:37:49,562.0,1383667
2021-06-15 10:37:52,562.05,1383731
2021-06-15 10:37:55,562.05,1384991
2021-06-15 10:37:58,562.05,1385007
2021-06-15 10:38:01,562.0,1385315
2021-06-15 10:38:04,562.05,1385328
2021-06-15 10:38:07,562.0,1386128
2021-06-15 10:38:11,562.0,1386438
2021-06-15 10:38:14,562.0,1386438
2021-06-15 10:38:18,562.0,1386684
2021-06-15 10:38:21,562.2,1386936
2021-06-15 10:38:25,562.05,1386946
2021-06-15 10:38:28,562.0,1387086
2021-06-15 10:38:32,562.0,1387086
2021-06-15 10:38:35,562.15,1387113
2021-06-15 10:38:39,562.15,1387140
2021-06-15 10:38:42,562.1,1387284
2021-06-15 10:38:46,562.2,1387310
2021-06-15 10:38:49,562.2,1387414
2021-06-15 10:38:53,562.05,1387919
2021-06-15 10:38:56,562.2,1388202
2021-06-15 10:39:00,562.2,1389492
2021-06-15 10:39:03,562.2,1389515
2021-06-15 10:39:07,562.2,1389818
2021-06-15 10:39:10,562.25,1389828
2021-06-15 10:39:14,562.25,1389920
2021-06-15 10:39:17,562.25,1389956
2021-06-15 10:39:20,562.1,1390051
2021-06-15 10:39:24,562.1,1390097
2021-06-15 10:39:27,562.05,1390147
2021-06-15 10:39:31,562.25,1390247
2021-06-15 10:39:34,562.25,1390247
2021-06-15 10:39:37,562.15,1390347
2021-06-15 10:39:41,562.25,1390645
2021-06-15 10:39:44,562.25,1390674
2021-06-15 10:39:47,562.2,1391270
2021-06-15 10:39:51,562.45,1394060
2021-06-15 10:39:54,562.45,1394998
2021-06-15 10:39:58,562.3,1395629
2021-06-15 10:40:02,562.5,1398693
2021-06-15 10:40:05,562.5,1399184
2021-06-15 10:40:09,562.6,1399246
2021-06-15 10:40:12,562.6,1400502
2021-06-15 10:40:16,562.65,1400901
2021-06-15 10:40:25,562.5,1401201
2021-06-15 10:40:29,562.65,1401507
2021-06-15 10:40:32,562.65,1401565
2021-06-15 10:40:36,562.65,1401576
2021-06-15 10:40:39,562.65,1401872
2021-06-15 10:40:43,562.5,1402210
2021-06-15 10:40:46,562.65,1402314
2021-06-15 10:40:50,562.65,1402623
2021-06-15 10:40:53,562.65,1402814
2021-06-15 10:40:57,562.5,1402948
2021-06-15 10:41:00,562.6,1403069
2021-06-15 10:41:04,562.6,1403189
2021-06-15 10:41:07,562.6,1403457
2021-06-15 10:41:11,562.6,1403690
2021-06-15 10:41:15,562.6,1403979
2021-06-15 10:41:18,562.5,1404116
2021-06-15 10:41:21,562.6,1404247
2021-06-15 10:41:25,562.6,1404350
2021-06-15 10:41:29,562.6,1404382
2021-06-15 10:41:32,562.5,1404394
2021-06-15 10:41:35,562.6,1404400
2021-06-15 10:41:38,562.6,1404416
2021-06-15 10:41:42,562.6,1404462
2021-06-15 10:41:45,562.5,1404657
2021-06-15 10:41:48,562.5,1404855
2021-06-15 10:41:55,562.6,1405274
2021-06-15 10:41:59,562.5,1406255
2021-06-15 10:42:02,562.5,1406355
2021-06-15 10:42:06,562.55,1406637
2021-06-15 10:42:09,562.55,1406738
2021-06-15 10:42:13,562.55,1406790
2021-06-15 10:42:16,562.55,1412992
2021-06-15 10:42:20,562.55,1413039
2021-06-15 10:42:23,562.4,1413061
2021-06-15 10:42:26,562.55,1413101
2021-06-15 10:42:30,562.6,1414736
2021-06-15 10:42:33,562.4,1415325
2021-06-15 10:42:36,562.4,1415325
2021-06-15 10:42:40,562.4,1415412
2021-06-15 10:42:43,562.45,1415500
2021-06-15 10:42:47,562.6,1416147
2021-06-15 10:42:50,562.6,1416287
2021-06-15 10:42:54,562.6,1416322
2021-06-15 10:42:57,562.6,1416375
2021-06-15 10:43:01,562.4,1416981
2021-06-15 10:43:04,562.6,1417996
2021-06-15 10:43:07,562.6,1418017
2021-06-15 10:43:10,562.4,1418527
2021-06-15 10:43:13,562.6,1418614
2021-06-15 10:43:17,562.55,1418627
2021-06-15 10:43:20,562.5,1418673
2021-06-15 10:43:24,562.55,1418782
2021-06-15 10:43:27,562.55,1418783
2021-06-15 10:43:30,562.4,1418932
2021-06-15 10:43:34,562.55,1419036
2021-06-15 10:43:38,562.6,1419295
2021-06-15 10:43:42,562.55,1419494
2021-06-15 10:43:45,562.6,1419642
2021-06-15 10:43:48,562.6,1419666
2021-06-15 10:43:52,562.6,1419668
2021-06-15 10:43:55,562.6,1419718
2021-06-15 10:43:59,562.4,1420130
2021-06-15 10:44:03,562.55,1420136
2021-06-15 10:44:07,562.6,1420622
2021-06-15 10:44:11,562.55,1420966
2021-06-15 10:44:15,562.55,1420995
2021-06-15 10:44:19,562.4,1421300
2021-06-15 10:44:23,562.4,1421573
2021-06-15 10:44:26,562.5,1421574
2021-06-15 10:44:30,562.55,1421734
2021-06-15 10:44:33,562.55,1421751
2021-06-15 10:44:36,562.4,1421768
2021-06-15 10:44:39,562.5,1421796
2021-06-15 10:44:43,562.55,1422933
2021-06-15 10:44:46,562.55,1423064
2021-06-15 10:44:50,562.55,1423080
2021-06-15 10:44:53,562.55,1423253
2021-06-15 10:44:56,562.55,1423276
2021-06-15 10:45:04,562.4,1423415
2021-06-15 10:45:07,562.4,1423558
2021-06-15 10:45:10,562.5,1424573
2021-06-15 10:45:14,562.5,1424581
2021-06-15 10:45:17,562.5,1424968
2021-06-15 10:45:21,562.4,1425926
2021-06-15 10:45:24,562.4,1425931
2021-06-15 10:45:27,562.5,1426263
2021-06-15 10:45:30,562.5,1426284
2021-06-15 10:45:33,562.35,1426440
2021-06-15 10:45:36,562.55,1426505
2021-06-15 10:45:40,562.5,1426528
2021-06-15 10:45:43,562.55,1426794
2021-06-15 10:45:46,562.5,1426923
2021-06-15 10:45:50,562.55,1426945
2021-06-15 10:45:53,562.55,1426980
2021-06-15 10:45:56,562.45,1426987
2021-06-15 10:46:00,562.5,1427030
2021-06-15 10:46:03,562.55,1427225
2021-06-15 10:46:07,562.55,1427432
2021-06-15 10:46:10,562.55,1427442
2021-06-15 10:46:13,562.55,1427626
2021-06-15 10:46:16,562.5,1427867
2021-06-15 10:46:20,562.5,1427944
2021-06-15 10:46:24,562.4,1427975
2021-06-15 10:46:27,562.4,1428005
2021-06-15 10:46:31,562.35,1428027
2021-06-15 10:46:34,562.4,1428149
2021-06-15 10:46:38,562.4,1428199
2021-06-15 10:46:41,562.4,1428313
2021-06-15 10:46:45,562.4,1428348
2021-06-15 10:46:48,562.4,1428351
2021-06-15 10:46:52,562.4,1428390
2021-06-15 10:46:55,562.4,1428392
2021-06-15 10:46:59,562.4,1428465
2021-06-15 10:47:02,562.35,1428497
2021-06-15 10:47:05,562.3,1428648
2021-06-15 10:47:08,562.35,1428713
2021-06-15 10:47:12,562.35,1428860
2021-06-15 10:47:15,562.35,1429095
2021-06-15 10:47:19,562.3,1429237
2021-06-15 10:47:23,562.35,1429287
2021-06-15 10:47:26,562.25,1429324
2021-06-15 10:47:30,562.35,1429347
2021-06-15 10:47:33,562.35,1429352
2021-06-15 10:47:36,562.35,1429352
2021-06-15 10:47:40,562.2,1429377
2021-06-15 10:47:43,562.35,1429433
2021-06-15 10:47:46,562.2,1429494
2021-06-15 10:47:50,562.3,1429568
2021-06-15 10:47:54,562.35,1429637
2021-06-15 10:47:58,562.3,1429784
2021-06-15 10:48:01,562.25,1429804
2021-06-15 10:48:05,562.1,1429960
2021-06-15 10:48:08,562.1,1430078
2021-06-15 10:48:12,562.0,1432419
2021-06-15 10:48:15,562.1,1432804
2021-06-15 10:48:18,562.0,1433270
2021-06-15 10:48:21,562.1,1434011
2021-06-15 10:48:25,562.1,1434518
2021-06-15 10:48:29,562.1,1434531
2021-06-15 10:48:33,562.1,1435089
2021-06-15 10:48:36,562.1,1435477
2021-06-15 10:48:40,562.25,1435777
2021-06-15 10:48:44,562.1,1436394
2021-06-15 10:48:47,562.3,1436538
2021-06-15 10:48:51,562.0,1436926
2021-06-15 10:48:54,562.25,1437176
2021-06-15 10:48:57,562.3,1437277
2021-06-15 10:49:01,562.3,1437744
2021-06-15 10:49:04,562.25,1437781
2021-06-15 10:49:07,562.25,1437788
2021-06-15 10:49:10,562.3,1437910
2021-06-15 10:49:14,562.3,1437911
2021-06-15 10:49:18,562.3,1437920
2021-06-15 10:49:21,562.25,1437944
2021-06-15 10:49:25,562.3,1438015
2021-06-15 10:49:28,562.3,1438058
2021-06-15 10:49:32,562.2,1438145
2021-06-15 10:49:35,562.2,1438145
2021-06-15 10:49:38,562.2,1438346
2021-06-15 10:49:41,562.3,1438540
2021-06-15 10:49:44,562.3,1438588
2021-06-15 10:49:47,562.05,1439428
2021-06-15 10:49:50,562.3,1439450
2021-06-15 10:49:53,562.25,1439825
2021-06-15 10:49:57,562.3,1439877
2021-06-15 10:50:00,562.15,1439883
2021-06-15 10:50:03,562.1,1439903
2021-06-15 10:50:06,562.15,1439929
2021-06-15 10:50:10,562.1,1439960
2021-06-15 10:50:13,562.15,1440303
2021-06-15 10:50:16,562.1,1440463
2021-06-15 10:50:19,562.15,1440588
2021-06-15 10:50:22,562.15,1440733
2021-06-15 10:50:26,562.1,1440895
2021-06-15 10:50:29,562.15,1440898
2021-06-15 10:50:32,562.15,1441908
2021-06-15 10:50:36,562.15,1442195
2021-06-15 10:50:39,562.1,1442217
2021-06-15 10:50:42,562.1,1443769
2021-06-15 10:50:45,562.0,1444129
2021-06-15 10:50:49,562.1,1444230
2021-06-15 10:50:52,562.1,1444789
2021-06-15 10:50:55,562.1,1444829
2021-06-15 10:50:57,562.1,1444864
2021-06-15 10:51:01,562.1,1445226
2021-06-15 10:51:04,562.1,1445256
2021-06-15 10:51:07,562.15,1445307
2021-06-15 10:51:10,562.15,1445467
2021-06-15 10:51:13,562.15,1445503
2021-06-15 10:51:16,562.15,1445503
2021-06-15 10:51:20,562.05,1445539
2021-06-15 10:51:23,562.1,1445540
2021-06-15 10:51:27,562.1,1445739
2021-06-15 10:51:30,562.1,1445824
2021-06-15 10:51:34,562.1,1446296
2021-06-15 10:51:38,562.05,1446721
2021-06-15 10:51:42,562.05,1446912
2021-06-15 10:51:45,562.05,1447087
2021-06-15 10:51:48,562.1,1447096
2021-06-15 10:51:52,562.1,1447170
2021-06-15 10:51:56,562.05,1447675
2021-06-15 10:51:59,562.15,1447800
2021-06-15 10:52:02,562.1,1447860
2021-06-15 10:52:05,562.1,1447986
2021-06-15 10:52:09,562.1,1448219
2021-06-15 10:52:12,562.1,1448294
2021-06-15 10:52:16,562.1,1448310
2021-06-15 10:52:19,562.0,1448995
2021-06-15 10:52:22,562.1,1448998
2021-06-15 10:52:25,562.0,1449336
2021-06-15 10:52:28,562.0,1449358
2021-06-15 10:52:31,562.1,1449368
2021-06-15 10:52:34,562.1,1449469
2021-06-15 10:52:37,562.0,1449493
2021-06-15 10:52:41,562.05,1449608
2021-06-15 10:52:44,561.7,1456315
2021-06-15 10:52:47,561.85,1456834
2021-06-15 10:52:51,561.85,1456884
2021-06-15 10:52:54,561.7,1457188
2021-06-15 10:52:57,561.7,1457345
2021-06-15 10:53:00,561.6,1459321
2021-06-15 10:53:04,561.8,1459487
2021-06-15 10:53:08,561.65,1459620
2021-06-15 10:53:11,561.7,1459708
2021-06-15 10:53:14,561.7,1459928
2021-06-15 10:53:17,561.7,1459987
2021-06-15 10:53:20,561.7,1460012
2021-06-15 10:53:23,561.65,1460441
2021-06-15 10:53:27,561.7,1460476
2021-06-15 10:53:30,561.7,1461416
2021-06-15 10:53:34,561.7,1461417
2021-06-15 10:53:37,561.7,1461421
2021-06-15 10:53:41,561.7,1462265
2021-06-15 10:53:44,561.7,1462785
2021-06-15 10:53:47,561.6,1463098
2021-06-15 10:53:51,561.65,1463459
2021-06-15 10:53:54,561.65,1463540
2021-06-15 10:53:58,561.65,1465583
2021-06-15 10:54:02,561.6,1466751
2021-06-15 10:54:06,561.65,1467922
2021-06-15 10:54:09,561.75,1468398
2021-06-15 10:54:12,561.7,1468448
2021-06-15 10:54:16,561.7,1468590
2021-06-15 10:54:19,561.7,1468624
2021-06-15 10:54:26,561.6,1469218
2021-06-15 10:54:30,561.6,1469337
2021-06-15 10:54:33,561.65,1469873
2021-06-15 10:54:36,561.65,1469874
2021-06-15 10:54:40,561.6,1469903
2021-06-15 10:54:44,561.65,1469963
2021-06-15 10:54:47,561.6,1470203
2021-06-15 10:54:50,561.6,1470371
2021-06-15 10:54:54,561.65,1470381
2021-06-15 10:54:57,561.6,1470707
2021-06-15 10:55:01,561.6,1471201
2021-06-15 10:55:04,561.6,1471239
2021-06-15 10:55:07,561.6,1471251
2021-06-15 10:55:10,561.55,1471469
2021-06-15 10:55:14,561.55,1472611
2021-06-15 10:55:17,561.55,1473646
2021-06-15 10:55:20,561.55,1473928
2021-06-15 10:55:23,561.6,1474315
2021-06-15 10:55:27,561.5,1474324
2021-06-15 10:55:30,561.5,1474337
2021-06-15 10:55:34,561.6,1474436
2021-06-15 10:55:37,561.6,1474953
2021-06-15 10:55:40,561.5,1474977
2021-06-15 10:55:43,561.5,1475134
2021-06-15 10:55:47,561.55,1475362
2021-06-15 10:55:50,561.55,1476178
2021-06-15 10:55:54,561.6,1476305
2021-06-15 10:55:57,561.55,1476819
2021-06-15 10:56:00,561.5,1476902
2021-06-15 10:56:03,561.5,1477013
2021-06-15 10:56:06,561.55,1477125
2021-06-15 10:56:09,561.55,1477125
2021-06-15 10:56:13,561.55,1477163
2021-06-15 10:56:16,561.55,1477331
2021-06-15 10:56:19,561.55,1478605
2021-06-15 10:56:23,561.55,1479123
2021-06-15 10:56:26,561.5,1479257
2021-06-15 10:56:29,561.55,1479940
2021-06-15 10:56:32,561.5,1480515
2021-06-15 10:56:35,561.55,1481190
2021-06-15 10:56:39,561.55,1481674
2021-06-15 10:56:42,561.55,1482036
2021-06-15 10:56:46,561.55,1482261
2021-06-15 10:56:49,561.55,1482838
2021-06-15 10:56:53,561.5,1482947
2021-06-15 10:56:56,561.55,1482968
2021-06-15 10:57:00,561.5,1483271
2021-06-15 10:57:03,561.5,1483360
2021-06-15 10:57:07,561.55,1483936
2021-06-15 10:57:10,561.6,1483942
2021-06-15 10:57:14,561.6,1483978
2021-06-15 10:57:17,561.55,1484353
2021-06-15 10:57:20,561.5,1484377
2021-06-15 10:57:23,561.6,1484610
2021-06-15 10:57:26,561.5,1484644
2021-06-15 10:57:29,561.55,1484719
2021-06-15 10:57:32,561.5,1492413
2021-06-15 10:57:36,561.55,1492718
2021-06-15 10:57:39,561.4,1492907
2021-06-15 10:57:42,561.4,1493044
2021-06-15 10:57:45,561.5,1493128
2021-06-15 10:57:49,561.4,1493580
2021-06-15 10:57:52,561.45,1493666
2021-06-15 10:57:55,561.4,1493807
2021-06-15 10:57:58,561.4,1493928
2021-06-15 10:58:01,561.35,1494072
2021-06-15 10:58:05,561.35,1494334
2021-06-15 10:58:08,561.4,1494337
2021-06-15 10:58:12,561.4,1494595
2021-06-15 10:58:15,561.45,1495896
2021-06-15 10:58:19,561.35,1495982
2021-06-15 10:58:22,561.45,1496287
2021-06-15 10:58:25,561.35,1497041
2021-06-15 10:58:29,561.35,1497092
2021-06-15 10:58:32,561.4,1497701
2021-06-15 10:58:35,561.35,1498097
2021-06-15 10:58:38,561.2,1498830
2021-06-15 10:58:41,561.35,1498910
2021-06-15 10:58:44,561.35,1498942
2021-06-15 10:58:46,561.35,1498942
2021-06-15 10:58:49,561.35,1499513
2021-06-15 10:58:53,561.35,1499544
2021-06-15 10:58:56,561.2,1499557
2021-06-15 10:58:59,561.15,1499641
2021-06-15 10:59:02,561.2,1499652
2021-06-15 10:59:05,561.3,1500385
2021-06-15 10:59:08,561.3,1500441
2021-06-15 10:59:11,561.3,1500540
2021-06-15 10:59:14,561.2,1500646
2021-06-15 10:59:17,561.15,1500727
2021-06-15 10:59:20,561.2,1500827
2021-06-15 10:59:23,561.15,1501028
2021-06-15 10:59:26,561.2,1501921
2021-06-15 10:59:29,561.15,1503023
2021-06-15 10:59:32,561.15,1503484
2021-06-15 10:59:35,561.05,1503585
2021-06-15 10:59:38,561.05,1503926
2021-06-15 10:59:41,561.05,1504540
2021-06-15 10:59:44,561.05,1504652
2021-06-15 10:59:47,561.05,1504790
2021-06-15 10:59:50,561.15,1504866
2021-06-15 10:59:53,561.15,1504890
2021-06-15 10:59:57,561.1,1504963
2021-06-15 11:00:00,561.1,1505247
2021-06-15 11:00:03,561.1,1505280
2021-06-15 11:00:07,561.1,1505300
2021-06-15 11:00:10,561.1,1505335
2021-06-15 11:00:14,561.05,1505666
2021-06-15 11:00:17,561.1,1508300
2021-06-15 11:00:20,561.1,1508425
2021-06-15 11:00:23,561.05,1508528
2021-06-15 11:00:27,561.1,1509580
2021-06-15 11:00:30,561.1,1511261
2021-06-15 11:00:33,561.1,1511373
2021-06-15 11:00:36,561.05,1511629
2021-06-15 11:00:39,561.05,1511733
2021-06-15 11:00:42,561.1,1511971
2021-06-15 11:00:45,561.1,1512015
2021-06-15 11:00:48,561.1,1512129
2021-06-15 11:00:51,561.1,1512155
2021-06-15 11:00:54,561.1,1513115
2021-06-15 11:00:57,561.1,1513560
2021-06-15 11:01:00,561.1,1513595
2021-06-15 11:01:04,561.1,1513595
2021-06-15 11:01:07,561.1,1513849
2021-06-15 11:01:10,561.1,1513979
2021-06-15 11:01:13,561.05,1516048
2021-06-15 11:01:15,561.1,1516051
2021-06-15 11:01:18,561.1,1516264
2021-06-15 11:01:20,561.1,1518379
2021-06-15 11:01:23,560.95,1528182
2021-06-15 11:01:25,561.1,1529991
2021-06-15 11:01:28,561.1,1531365
2021-06-15 11:01:31,560.9,1531829
2021-06-15 11:01:34,560.9,1531940
2021-06-15 11:01:37,560.9,1532090
2021-06-15 11:01:40,561.05,1532617
2021-06-15 11:01:43,560.9,1533006
2021-06-15 11:01:46,561.0,1533686
2021-06-15 11:01:50,561.0,1534044
2021-06-15 11:01:54,560.9,1534139
2021-06-15 11:01:57,561.0,1534192
2021-06-15 11:02:00,561.0,1534243
2021-06-15 11:02:03,560.95,1534383
2021-06-15 11:02:06,560.9,1535311
2021-06-15 11:02:09,561.0,1535320
2021-06-15 11:02:12,560.9,1535573
2021-06-15 11:02:15,560.9,1535691
2021-06-15 11:02:18,561.0,1536311
2021-06-15 11:02:21,560.9,1536766
2021-06-15 11:02:24,561.0,1537086
2021-06-15 11:02:27,560.85,1537574
2021-06-15 11:02:31,560.95,1537961
2021-06-15 11:02:34,560.95,1540056
2021-06-15 11:02:37,560.95,1541003
2021-06-15 11:02:39,560.9,1541145
2021-06-15 11:02:42,560.8,1543688
2021-06-15 11:02:48,560.8,1544096
2021-06-15 11:02:51,560.9,1544097
2021-06-15 11:02:53,560.9,1544156
2021-06-15 11:02:56,560.9,1544713
2021-06-15 11:02:59,560.85,1544842
2021-06-15 11:03:02,560.85,1545213
2021-06-15 11:03:05,560.9,1545234
2021-06-15 11:03:09,560.9,1545536
2021-06-15 11:03:12,560.9,1545883
2021-06-15 11:03:14,560.9,1546379
2021-06-15 11:03:17,560.85,1546563
2021-06-15 11:03:20,560.85,1546594
2021-06-15 11:03:22,560.85,1551394
2021-06-15 11:03:25,560.9,1552806
2021-06-15 11:03:29,560.9,1553456
2021-06-15 11:03:32,560.85,1553936
2021-06-15 11:03:35,560.85,1554066
2021-06-15 11:03:38,560.9,1554251
2021-06-15 11:03:41,560.9,1554451
2021-06-15 11:03:43,560.9,1554592
2021-06-15 11:03:46,560.9,1554981
2021-06-15 11:03:49,560.9,1554981
2021-06-15 11:03:52,560.9,1555317
2021-06-15 11:03:55,560.9,1555423
2021-06-15 11:03:58,560.85,1555452
2021-06-15 11:04:00,560.85,1555515
2021-06-15 11:04:03,560.9,1556039
2021-06-15 11:04:07,560.85,1556507
2021-06-15 11:04:10,560.85,1557455
2021-06-15 11:04:13,561.0,1557492
2021-06-15 11:04:16,561.0,1557735
2021-06-15 11:04:19,560.9,1557832
2021-06-15 11:04:22,560.9,1557953
2021-06-15 11:04:25,560.9,1557959
2021-06-15 11:04:28,560.9,1558458
2021-06-15 11:04:31,560.9,1558513
2021-06-15 11:04:34,561.0,1558587
2021-06-15 11:04:37,561.0,1558590
2021-06-15 11:04:40,561.05,1561475
2021-06-15 11:04:43,561.1,1561562
2021-06-15 11:04:46,561.05,1562174
2021-06-15 11:04:49,561.1,1565318
2021-06-15 11:04:52,561.35,1567321
2021-06-15 11:04:55,561.4,1568181
2021-06-15 11:04:58,561.4,1568260
2021-06-15 11:05:01,561.35,1568433
2021-06-15 11:05:05,561.4,1569030
2021-06-15 11:05:09,561.5,1569317
2021-06-15 11:05:12,561.5,1569451
2021-06-15 11:05:16,561.4,1569459
2021-06-15 11:05:19,561.5,1570995
2021-06-15 11:05:23,561.4,1571047
2021-06-15 11:05:26,561.5,1571049
2021-06-15 11:05:30,561.5,1571100
2021-06-15 11:05:33,561.5,1571664
2021-06-15 11:05:36,561.5,1571744
2021-06-15 11:05:39,561.4,1572133
2021-06-15 11:05:43,561.4,1572778
2021-06-15 11:05:47,561.5,1572779
2021-06-15 11:05:50,561.5,1572877
2021-06-15 11:05:57,561.5,1572903
2021-06-15 11:06:00,561.5,1574067
2021-06-15 11:06:03,561.6,1574736
2021-06-15 11:06:06,561.6,1574764
2021-06-15 11:06:09,561.6,1574807
2021-06-15 11:06:13,561.6,1575078
2021-06-15 11:06:17,561.6,1576511
2021-06-15 11:06:21,561.3,1577213
2021-06-15 11:06:24,561.3,1577240
2021-06-15 11:06:28,561.45,1577484
2021-06-15 11:06:31,561.3,1578184
2021-06-15 11:06:35,561.5,1578330
2021-06-15 11:06:39,561.5,1578402
2021-06-15 11:06:43,561.4,1578693
2021-06-15 11:06:46,561.45,1578818
2021-06-15 11:06:50,561.45,1579099
2021-06-15 11:06:53,561.45,1579677
2021-06-15 11:06:56,561.45,1579868
2021-06-15 11:06:59,561.4,1580077
2021-06-15 11:07:02,561.35,1580104
2021-06-15 11:07:06,561.45,1580957
2021-06-15 11:07:09,561.45,1583748
2021-06-15 11:07:13,561.25,1583786
2021-06-15 11:07:16,561.4,1583799
2021-06-15 11:07:20,561.4,1583819
2021-06-15 11:07:23,561.45,1584707
2021-06-15 11:07:26,561.5,1585248
2021-06-15 11:07:29,561.45,1585264
2021-06-15 11:07:32,561.45,1585346
2021-06-15 11:07:35,561.5,1585347
2021-06-15 11:07:38,561.5,1585631
2021-06-15 11:07:41,561.5,1585733
2021-06-15 11:07:44,561.5,1585736
2021-06-15 11:07:47,561.5,1585736
2021-06-15 11:07:50,561.45,1585752
2021-06-15 11:07:53,561.45,1585755
2021-06-15 11:07:55,561.45,1585766
2021-06-15 11:07:58,561.5,1585866
2021-06-15 11:08:01,561.4,1586227
2021-06-15 11:08:04,561.5,1586237
2021-06-15 11:08:07,561.5,1586247
2021-06-15 11:08:09,561.45,1586507
2021-06-15 11:08:13,561.5,1586610
2021-06-15 11:08:16,561.5,1586699
2021-06-15 11:08:19,561.5,1586738
2021-06-15 11:08:22,561.4,1586899
2021-06-15 11:08:26,561.5,1587084
2021-06-15 11:08:29,561.45,1587443
2021-06-15 11:08:32,561.45,1587444
2021-06-15 11:08:35,561.45,1587541
2021-06-15 11:08:38,561.45,1587598
2021-06-15 11:08:41,561.4,1587666
2021-06-15 11:08:44,561.45,1587680
2021-06-15 11:08:47,561.4,1587850
2021-06-15 11:08:51,561.45,1587984
2021-06-15 11:08:54,561.45,1588044
2021-06-15 11:08:57,561.4,1588528
2021-06-15 11:09:00,561.45,1588590
2021-06-15 11:09:02,561.4,1589093
2021-06-15 11:09:05,561.45,1590262
2021-06-15 11:09:08,561.45,1591386
2021-06-15 11:09:11,561.35,1591553
2021-06-15 11:09:14,561.45,1591561
2021-06-15 11:09:17,561.4,1592561
2021-06-15 11:09:20,561.4,1592591
2021-06-15 11:09:23,561.35,1593001
2021-06-15 11:09:26,561.4,1593048
2021-06-15 11:09:29,561.4,1593052
2021-06-15 11:09:32,561.4,1593062
2021-06-15 11:09:35,561.4,1593262
2021-06-15 11:09:37,561.4,1593578
2021-06-15 11:09:41,561.35,1593680
2021-06-15 11:09:44,561.4,1594334
2021-06-15 11:09:47,561.35,1594457
2021-06-15 11:09:50,561.35,1594482
2021-06-15 11:09:53,561.35,1594557
2021-06-15 11:09:56,561.4,1594585
2021-06-15 11:09:58,561.35,1594591
2021-06-15 11:10:02,561.2,1595775
2021-06-15 11:10:05,561.1,1596987
2021-06-15 11:10:08,561.1,1597007
2021-06-15 11:10:11,561.15,1597254
2021-06-15 11:10:14,561.15,1597391
2021-06-15 11:10:16,561.0,1597463
2021-06-15 11:10:19,561.0,1597984
2021-06-15 11:10:22,561.1,1598021
2021-06-15 11:10:25,561.0,1598126
2021-06-15 11:10:27,561.0,1598138
2021-06-15 11:10:30,561.1,1598489
2021-06-15 11:10:32,561.0,1598901
2021-06-15 11:10:35,561.0,1598922
2021-06-15 11:10:37,561.05,1598951
2021-06-15 11:10:40,561.1,1599048
2021-06-15 11:10:43,561.05,1599090
2021-06-15 11:10:45,561.05,1599397
2021-06-15 11:10:48,561.05,1599785
2021-06-15 11:10:51,561.05,1600310
2021-06-15 11:10:54,561.05,1600468
2021-06-15 11:10:56,561.05,1600487
2021-06-15 11:10:59,561.05,1600539
2021-06-15 11:11:02,561.0,1600876
2021-06-15 11:11:05,561.05,1600878
2021-06-15 11:11:07,561.05,1600908
2021-06-15 11:11:10,561.05,1600918
2021-06-15 11:11:13,561.05,1601556
2021-06-15 11:11:16,561.05,1601892
2021-06-15 11:11:19,561.0,1602024
2021-06-15 11:11:22,561.05,1602025
2021-06-15 11:11:24,561.1,1604295
2021-06-15 11:11:27,561.05,1604717
2021-06-15 11:11:30,561.05,1604719
2021-06-15 11:11:33,561.05,1605043
2021-06-15 11:11:36,561.05,1605367
2021-06-15 11:11:39,561.05,1605562
2021-06-15 11:11:41,561.15,1605702
2021-06-15 11:11:44,561.15,1605717
2021-06-15 11:11:47,561.15,1605803
2021-06-15 11:11:50,561.15,1605803
2021-06-15 11:11:53,561.15,1605854
2021-06-15 11:11:56,561.2,1606156
2021-06-15 11:11:59,561.05,1606284
2021-06-15 11:12:03,561.2,1606471
2021-06-15 11:12:06,561.0,1606529
2021-06-15 11:12:08,561.2,1606754
2021-06-15 11:12:11,561.2,1606844
2021-06-15 11:12:14,561.2,1606850
2021-06-15 11:12:17,561.2,1606854
2021-06-15 11:12:20,561.1,1606864
2021-06-15 11:12:24,561.2,1606914
2021-06-15 11:12:27,561.1,1606949
2021-06-15 11:12:30,561.2,1606965
2021-06-15 11:12:33,561.2,1606977
2021-06-15 11:12:36,561.2,1606992
2021-06-15 11:12:39,561.1,1607052
2021-06-15 11:12:43,561.2,1607152
2021-06-15 11:12:46,561.2,1607343
2021-06-15 11:12:49,561.2,1607543
2021-06-15 11:12:52,561.15,1607647
2021-06-15 11:12:55,561.2,1607800
2021-06-15 11:12:58,561.2,1609066
2021-06-15 11:13:01,561.15,1609211
2021-06-15 11:13:04,561.15,1609684
2021-06-15 11:13:07,561.15,1609750
2021-06-15 11:13:10,561.1,1609770
2021-06-15 11:13:13,561.15,1609807
2021-06-15 11:13:16,561.1,1609889
2021-06-15 11:13:19,561.15,1611448
2021-06-15 11:13:22,561.1,1611451
2021-06-15 11:13:25,561.15,1611597
2021-06-15 11:13:29,561.15,1611968
2021-06-15 11:13:32,561.05,1612066
2021-06-15 11:13:35,561.05,1612178
2021-06-15 11:13:37,561.0,1612207
2021-06-15 11:13:40,561.05,1612339
2021-06-15 11:13:44,561.05,1612535
2021-06-15 11:13:47,561.05,1612788
2021-06-15 11:13:49,561.05,1613030
2021-06-15 11:13:51,561.05,1613320
2021-06-15 11:13:54,561.05,1613351
2021-06-15 11:13:57,561.05,1613381
2021-06-15 11:13:59,561.0,1613586
2021-06-15 11:14:02,561.0,1614664
2021-06-15 11:14:05,561.0,1614722
2021-06-15 11:14:08,561.05,1615024
2021-06-15 11:14:11,561.05,1615182
2021-06-15 11:14:14,561.05,1615390
2021-06-15 11:14:17,561.0,1619763
2021-06-15 11:14:19,561.0,1619914
2021-06-15 11:14:22,561.05,1620039
2021-06-15 11:14:25,561.0,1620244
2021-06-15 11:14:28,561.0,1620255
2021-06-15 11:14:31,561.0,1620395
2021-06-15 11:14:34,561.05,1620598
2021-06-15 11:14:40,561.0,1624036
2021-06-15 11:14:42,561.0,1625593
2021-06-15 11:14:45,561.0,1625593
2021-06-15 11:14:48,561.0,1625691
2021-06-15 11:14:51,561.1,1625709
2021-06-15 11:14:54,561.0,1625761
2021-06-15 11:15:00,561.05,1626107
2021-06-15 11:15:03,561.1,1626198
2021-06-15 11:15:06,561.2,1626626
2021-06-15 11:15:08,561.2,1627248
2021-06-15 11:15:12,561.25,1627370
2021-06-15 11:15:14,561.25,1627370
2021-06-15 11:15:17,561.25,1627383
2021-06-15 11:15:20,561.2,1627507
2021-06-15 11:15:23,561.2,1628409
2021-06-15 11:15:26,561.25,1628419
2021-06-15 11:15:28,561.25,1628431
2021-06-15 11:15:31,561.25,1628466
2021-06-15 11:15:34,561.25,1628476
2021-06-15 11:15:37,561.25,1628703
2021-06-15 11:15:40,561.2,1628711
2021-06-15 11:15:44,561.25,1628895
2021-06-15 11:15:46,561.2,1628921
2021-06-15 11:15:49,561.2,1628921
2021-06-15 11:15:52,561.2,1629247
2021-06-15 11:15:55,561.2,1629248
2021-06-15 11:15:58,561.2,1629255
2021-06-15 11:16:00,561.15,1629266
2021-06-15 11:16:03,561.15,1629520
2021-06-15 11:16:06,561.15,1629549
2021-06-15 11:16:09,561.15,1629750
2021-06-15 11:16:12,561.15,1629797
2021-06-15 11:16:15,561.15,1630046
2021-06-15 11:16:22,561.2,1631342
2021-06-15 11:16:25,561.2,1631360
2021-06-15 11:16:28,561.2,1631534
2021-06-15 11:16:31,561.15,1631560
2021-06-15 11:16:34,561.2,1631668
2021-06-15 11:16:36,561.2,1631771
2021-06-15 11:16:39,561.15,1631890
2021-06-15 11:16:42,561.2,1632211
2021-06-15 11:16:44,561.2,1632245
2021-06-15 11:16:47,561.2,1632250
2021-06-15 11:16:52,561.2,1632745
2021-06-15 11:16:55,561.2,1632745
2021-06-15 11:16:58,561.15,1632846
2021-06-15 11:17:01,561.2,1633021
2021-06-15 11:17:04,561.2,1633021
2021-06-15 11:17:07,561.2,1633072
2021-06-15 11:17:09,561.15,1633188
2021-06-15 11:17:12,561.2,1633545
2021-06-15 11:17:15,561.1,1633830
2021-06-15 11:17:17,561.1,1633845
2021-06-15 11:17:20,561.05,1634107
2021-06-15 11:17:22,561.0,1635343
2021-06-15 11:17:25,561.1,1635407
2021-06-15 11:17:27,561.1,1635437
2021-06-15 11:17:30,561.1,1635538
2021-06-15 11:17:32,561.1,1635538
2021-06-15 11:17:34,561.1,1635538
2021-06-15 11:17:37,561.1,1635544
2021-06-15 11:17:39,561.05,1636047
2021-06-15 11:17:42,561.1,1636085
2021-06-15 11:17:45,561.1,1636218
2021-06-15 11:17:50,561.1,1636339
2021-06-15 11:17:55,561.1,1636380
2021-06-15 11:17:58,561.0,1636461
2021-06-15 11:18:01,561.05,1636579
2021-06-15 11:18:04,561.05,1636849
2021-06-15 11:18:07,561.0,1636899
2021-06-15 11:18:11,561.05,1637087
2021-06-15 11:18:14,561.05,1637146
2021-06-15 11:18:17,561.0,1637198
2021-06-15 11:18:20,561.0,1637231
2021-06-15 11:18:22,561.0,1638272
2021-06-15 11:18:25,561.0,1638595
2021-06-15 11:18:27,561.0,1638614
2021-06-15 11:18:30,561.0,1638614
2021-06-15 11:18:33,561.0,1639184
2021-06-15 11:18:35,561.05,1642258
2021-06-15 11:18:38,561.05,1642262
2021-06-15 11:18:41,561.05,1642724
2021-06-15 11:18:44,561.0,1642734
2021-06-15 11:18:47,561.05,1642751
2021-06-15 11:18:49,561.0,1642860
2021-06-15 11:18:52,561.05,1642864
2021-06-15 11:18:55,561.05,1642867
2021-06-15 11:18:58,561.05,1642975
2021-06-15 11:19:01,561.0,1643084
2021-06-15 11:19:05,561.0,1643100
2021-06-15 11:19:08,561.05,1643118
2021-06-15 11:19:10,561.05,1643162
2021-06-15 11:19:14,561.05,1643726
2021-06-15 11:19:17,561.0,1643733
2021-06-15 11:19:20,561.05,1643780
2021-06-15 11:19:23,561.05,1644203
2021-06-15 11:19:26,561.05,1644525
