timestamp,ltp,volume
2021-06-18 09:18:43,348.35,0
2021-06-18 09:18:44,348.35,0
2021-06-18 09:18:45,348.35,0
2021-06-18 09:18:46,348.35,0
2021-06-18 09:18:47,348.35,0
2021-06-18 09:18:48,348.2,0
2021-06-18 09:18:49,348.2,0
2021-06-18 09:18:51,348.2,0
2021-06-18 09:18:52,348.15,0
2021-06-18 09:18:53,348.1,0
2021-06-18 09:18:54,348.1,0
2021-06-18 09:18:55,348.0,0
2021-06-18 09:18:56,348.05,0
2021-06-18 09:18:57,348.05,0
2021-06-18 09:18:58,348.1,0
2021-06-18 09:18:59,348.1,0
2021-06-18 09:19:00,348.1,0
2021-06-18 09:19:01,348.05,0
2021-06-18 09:19:02,348.1,0
2021-06-18 09:19:03,347.85,0
2021-06-18 09:19:04,347.95,0
2021-06-18 09:19:05,347.85,0
2021-06-18 09:19:06,347.8,0
2021-06-18 09:19:07,347.8,0
2021-06-18 09:19:08,347.8,0
2021-06-18 09:19:09,347.9,0
2021-06-18 09:19:10,347.8,0
2021-06-18 09:19:11,347.9,0
2021-06-18 09:19:13,347.9,0
2021-06-18 09:19:14,347.95,0
2021-06-18 09:19:15,348.05,0
2021-06-18 09:19:17,348.05,0
2021-06-18 09:19:20,348.0,0
2021-06-18 09:19:21,348.0,0
2021-06-18 09:19:22,348.0,0
2021-06-18 09:19:23,348.0,0
2021-06-18 09:19:25,348.0,0
2021-06-18 09:19:27,348.0,0
2021-06-18 09:19:28,348.0,0
2021-06-18 09:19:29,348.05,0
2021-06-18 09:19:30,348.05,0
2021-06-18 09:19:31,347.95,0
2021-06-18 09:19:32,348.0,0
2021-06-18 09:19:33,347.9,0
2021-06-18 09:19:35,347.95,0
2021-06-18 09:19:38,347.95,0
2021-06-18 09:19:44,347.85,0
2021-06-18 09:19:46,347.9,0
2021-06-18 09:19:47,347.9,0
2021-06-18 09:19:48,347.8,0
2021-06-18 09:19:49,347.85,0
2021-06-18 09:19:50,347.75,0
2021-06-18 09:19:51,347.75,0
2021-06-18 09:19:52,347.7,0
2021-06-18 09:19:53,347.75,0
2021-06-18 09:19:54,347.75,0
2021-06-18 09:19:55,347.8,0
2021-06-18 09:19:56,347.75,0
2021-06-18 09:19:57,347.75,0
2021-06-18 09:19:58,347.85,0
2021-06-18 09:19:59,347.7,0
2021-06-18 09:20:00,347.7,0
2021-06-18 09:20:01,347.8,0
2021-06-18 09:20:02,347.75,0
2021-06-18 09:20:03,347.7,0
2021-06-18 09:20:06,347.5,0
2021-06-18 09:20:07,347.45,0
2021-06-18 09:20:08,347.45,0
2021-06-18 09:20:09,347.45,0
2021-06-18 09:20:11,347.35,0
2021-06-18 09:20:12,347.4,0
2021-06-18 09:20:13,347.4,0
2021-06-18 09:20:14,347.4,0
2021-06-18 09:20:15,347.5,0
2021-06-18 09:20:16,347.4,0
2021-06-18 09:20:17,347.25,0
2021-06-18 09:20:19,347.25,0
2021-06-18 09:20:20,347.2,0
2021-06-18 09:20:21,347.15,0
2021-06-18 09:20:23,347.1,0
2021-06-18 09:20:24,347.1,0
2021-06-18 09:20:25,347.1,0
2021-06-18 09:20:26,347.1,0
2021-06-18 09:20:27,347.15,0
2021-06-18 09:20:28,347.1,0
2021-06-18 09:20:29,347.1,0
2021-06-18 09:20:30,347.1,0
2021-06-18 09:20:32,347.0,0
2021-06-18 09:20:33,347.0,0
2021-06-18 09:20:34,346.8,0
2021-06-18 09:20:35,346.85,0
2021-06-18 09:20:36,346.85,0
2021-06-18 09:20:37,346.8,0
2021-06-18 09:20:38,346.75,0
2021-06-18 09:20:39,346.8,0
2021-06-18 09:20:40,346.75,0
2021-06-18 09:20:41,346.7,0
2021-06-18 09:20:43,346.75,0
2021-06-18 09:20:44,346.75,0
2021-06-18 09:20:45,346.7,0
2021-06-18 09:20:46,346.65,0
2021-06-18 09:20:47,346.55,0
2021-06-18 09:20:50,346.45,0
2021-06-18 09:20:51,346.35,0
2021-06-18 09:20:52,346.3,0
2021-06-18 09:20:53,346.2,0
2021-06-18 09:20:54,346.1,0
2021-06-18 09:20:55,346.15,0
2021-06-18 09:20:56,346.05,0
2021-06-18 09:20:57,346.1,0
2021-06-18 09:20:58,346.1,0
2021-06-18 09:20:59,345.8,0
2021-06-18 09:21:00,345.8,0
2021-06-18 09:21:01,345.75,0
2021-06-18 09:21:02,345.75,0
2021-06-18 09:21:03,345.7,0
2021-06-18 09:21:04,345.7,0
2021-06-18 09:21:05,345.8,0
2021-06-18 09:21:06,345.65,0
2021-06-18 09:21:07,345.65,0
2021-06-18 09:21:08,345.6,0
2021-06-18 09:21:09,345.65,0
2021-06-18 09:21:10,345.6,0
2021-06-18 09:21:11,345.6,0
2021-06-18 09:21:12,345.55,0
2021-06-18 09:21:13,345.5,0
2021-06-18 09:21:14,345.55,0
2021-06-18 09:21:15,345.5,0
2021-06-18 09:21:17,345.35,0
2021-06-18 09:21:18,345.35,0
2021-06-18 09:21:19,345.35,0
2021-06-18 09:21:20,345.35,0
2021-06-18 09:21:21,345.4,0
2021-06-18 09:21:22,345.3,0
2021-06-18 09:21:23,345.3,0
2021-06-18 09:21:24,345.35,0
2021-06-18 09:21:25,345.3,0
2021-06-18 09:21:26,345.35,0
2021-06-18 09:21:30,345.3,0
2021-06-18 09:21:33,345.45,0
2021-06-18 09:21:34,345.4,0
2021-06-18 09:21:37,345.55,0
2021-06-18 09:21:38,345.5,0
2021-06-18 09:21:39,345.5,0
2021-06-18 09:21:40,345.6,0
2021-06-18 09:21:41,345.65,0
2021-06-18 09:21:43,345.7,0
2021-06-18 09:21:44,345.75,0
2021-06-18 09:21:45,345.85,0
2021-06-18 09:21:47,345.95,0
2021-06-18 09:21:48,345.85,0
2021-06-18 09:21:49,345.9,0
2021-06-18 09:21:50,345.95,0
2021-06-18 09:21:51,345.9,0
2021-06-18 09:21:52,345.85,0
2021-06-18 09:21:53,345.75,0
2021-06-18 09:21:54,345.65,0
2021-06-18 09:21:55,345.6,0
2021-06-18 09:21:56,345.6,0
2021-06-18 09:21:57,345.65,0
2021-06-18 09:21:58,345.65,0
2021-06-18 09:21:59,345.6,0
2021-06-18 09:22:00,345.6,0
2021-06-18 09:22:01,345.65,0
2021-06-18 09:22:02,345.65,0
2021-06-18 09:22:03,345.65,0
2021-06-18 09:22:04,345.6,0
2021-06-18 09:22:05,345.7,0
2021-06-18 09:22:06,345.8,0
2021-06-18 09:22:07,345.8,0
2021-06-18 09:22:08,345.8,0
2021-06-18 09:22:09,345.85,0
2021-06-18 09:22:10,345.95,0
2021-06-18 09:22:11,345.9,0
2021-06-18 09:22:12,345.9,0
2021-06-18 09:22:13,345.8,0
2021-06-18 09:22:14,345.9,0
2021-06-18 09:22:15,346.0,0
2021-06-18 09:22:16,345.8,0
2021-06-18 09:22:17,345.8,0
2021-06-18 09:22:18,345.75,0
2021-06-18 09:22:19,345.75,0
2021-06-18 09:22:20,345.8,0
2021-06-18 09:22:21,345.8,0
2021-06-18 09:22:22,345.9,0
2021-06-18 09:22:23,345.95,0
2021-06-18 09:22:24,346.0,0
2021-06-18 09:22:25,346.0,0
2021-06-18 09:22:26,346.0,0
2021-06-18 09:22:27,345.85,0
2021-06-18 09:22:28,345.85,0
2021-06-18 09:22:29,345.8,0
2021-06-18 09:22:30,345.85,0
2021-06-18 09:22:31,345.8,0
2021-06-18 09:22:32,345.8,0
2021-06-18 09:22:33,345.8,0
2021-06-18 09:22:34,345.8,0
2021-06-18 09:22:35,345.85,0
2021-06-18 09:22:36,345.85,0
2021-06-18 09:22:37,345.85,0
2021-06-18 09:22:38,345.8,0
2021-06-18 09:22:40,345.9,0
2021-06-18 09:22:41,345.9,0
2021-06-18 09:22:43,345.9,0
2021-06-18 09:22:44,345.95,0
2021-06-18 09:22:45,345.95,0
2021-06-18 09:22:47,345.95,0
2021-06-18 09:22:48,346.0,0
2021-06-18 09:22:49,345.9,0
2021-06-18 09:22:50,345.95,0
2021-06-18 09:22:51,346.05,0
2021-06-18 09:22:52,346.1,0
2021-06-18 09:22:53,346.15,0
2021-06-18 09:22:54,346.05,0
2021-06-18 09:22:55,346.15,0
2021-06-18 09:22:57,345.9,0
2021-06-18 09:22:58,345.95,0
2021-06-18 09:22:59,346.0,0
2021-06-18 09:23:00,346.05,0
2021-06-18 09:23:01,346.05,0
2021-06-18 09:23:02,346.05,0
2021-06-18 09:23:04,346.0,0
2021-06-18 09:23:05,346.0,0
2021-06-18 09:23:07,345.95,0
2021-06-18 09:23:08,345.95,0
2021-06-18 09:23:09,346.0,0
2021-06-18 09:23:10,345.95,0
2021-06-18 09:23:11,346.05,0
2021-06-18 09:23:12,346.05,0
2021-06-18 09:23:13,346.05,0
2021-06-18 09:23:14,346.1,0
2021-06-18 09:23:15,346.05,0
2021-06-18 09:23:16,346.15,0
2021-06-18 09:23:17,346.2,0
2021-06-18 09:23:18,346.1,0
2021-06-18 09:23:19,346.05,0
2021-06-18 09:23:20,346.15,0
2021-06-18 09:23:21,346.2,0
2021-06-18 09:23:24,346.3,0
2021-06-18 09:23:26,346.3,0
2021-06-18 09:23:27,346.25,0
2021-06-18 09:23:28,346.25,0
2021-06-18 09:23:29,346.25,0
2021-06-18 09:23:30,346.25,0
2021-06-18 09:23:31,346.25,0
2021-06-18 09:23:33,346.25,0
2021-06-18 09:23:34,346.25,0
2021-06-18 09:23:36,346.2,0
2021-06-18 09:23:39,346.35,0
2021-06-18 09:23:40,346.45,0
2021-06-18 09:23:41,346.5,0
2021-06-18 09:23:43,346.5,0
2021-06-18 09:23:44,346.45,0
2021-06-18 09:23:49,346.7,0
2021-06-18 09:23:50,346.65,0
2021-06-18 09:23:51,346.75,0
2021-06-18 09:23:52,346.7,0
2021-06-18 09:23:54,346.7,0
2021-06-18 09:23:55,346.75,0
2021-06-18 09:23:56,346.65,0
2021-06-18 09:23:57,346.75,0
2021-06-18 09:23:58,346.65,0
2021-06-18 09:24:00,346.55,0
2021-06-18 09:24:01,346.65,0
2021-06-18 09:24:02,346.6,0
2021-06-18 09:24:03,346.6,0
2021-06-18 09:24:04,346.6,0
2021-06-18 09:24:05,346.6,0
2021-06-18 09:24:06,346.55,0
2021-06-18 09:24:07,346.55,0
2021-06-18 09:24:08,346.45,0
2021-06-18 09:24:11,346.55,0
2021-06-18 09:24:13,346.55,0
2021-06-18 09:24:14,346.55,0
2021-06-18 09:24:15,346.55,0
2021-06-18 09:24:17,346.45,0
2021-06-18 09:24:20,346.5,0
2021-06-18 09:24:21,346.5,0
2021-06-18 09:24:22,346.55,0
2021-06-18 09:24:23,346.55,0
2021-06-18 09:24:24,346.55,0
2021-06-18 09:24:26,346.45,0
2021-06-18 09:24:27,346.5,0
2021-06-18 09:24:28,346.5,0
2021-06-18 09:24:29,346.55,0
2021-06-18 09:24:30,346.55,0
2021-06-18 09:24:31,346.6,0
2021-06-18 09:24:32,346.65,0
2021-06-18 09:24:33,346.6,0
2021-06-18 09:24:34,346.7,0
2021-06-18 09:24:35,346.75,0
2021-06-18 09:24:36,346.75,0
2021-06-18 09:24:37,346.85,0
2021-06-18 09:24:38,346.85,0
2021-06-18 09:24:40,346.9,0
2021-06-18 09:24:41,346.8,0
2021-06-18 09:24:42,346.85,0
2021-06-18 09:24:43,346.8,0
2021-06-18 09:24:44,346.85,0
2021-06-18 09:24:45,346.9,0
2021-06-18 09:24:46,346.85,0
2021-06-18 09:24:47,346.95,0
2021-06-18 09:24:48,347.0,0
2021-06-18 09:24:50,346.9,0
2021-06-18 09:24:51,346.95,0
2021-06-18 09:24:52,346.95,0
2021-06-18 09:24:53,346.95,0
2021-06-18 09:24:54,347.0,0
2021-06-18 09:24:55,347.0,0
2021-06-18 09:24:56,346.95,0
2021-06-18 09:24:57,346.95,0
2021-06-18 09:24:58,347.05,0
2021-06-18 09:24:59,346.95,0
2021-06-18 09:25:00,347.0,0
2021-06-18 09:25:01,346.95,0
2021-06-18 09:25:02,346.9,0
2021-06-18 09:25:03,347.0,0
2021-06-18 09:25:04,346.9,0
2021-06-18 09:25:05,346.95,0
2021-06-18 09:25:06,346.9,0
2021-06-18 09:25:07,346.95,0
2021-06-18 09:25:08,346.8,0
2021-06-18 09:25:09,346.85,0
2021-06-18 09:25:10,346.85,0
2021-06-18 09:25:11,346.85,0
2021-06-18 09:25:14,347.0,0
2021-06-18 09:25:15,347.0,0
2021-06-18 09:25:16,347.1,0
2021-06-18 09:25:17,347.05,0
2021-06-18 09:25:19,347.1,0
2021-06-18 09:25:21,347.3,0
2021-06-18 09:25:23,347.4,0
2021-06-18 09:25:24,347.45,0
2021-06-18 09:25:25,347.35,0
2021-06-18 09:25:26,347.4,0
2021-06-18 09:25:27,347.45,0
2021-06-18 09:25:28,347.4,0
2021-06-18 09:25:29,347.45,0
2021-06-18 09:25:31,347.45,0
2021-06-18 09:25:32,347.6,0
2021-06-18 09:25:33,347.6,0
2021-06-18 09:25:34,347.65,0
2021-06-18 09:25:35,347.7,0
2021-06-18 09:25:36,347.65,0
2021-06-18 09:25:37,347.55,0
2021-06-18 09:25:39,347.5,0
2021-06-18 09:25:44,347.6,0
2021-06-18 09:25:46,347.55,0
2021-06-18 09:25:47,347.35,0
2021-06-18 09:25:48,347.35,0
2021-06-18 09:25:51,347.35,0
2021-06-18 09:25:52,347.4,0
2021-06-18 09:25:54,347.35,0
2021-06-18 09:25:55,347.35,0
2021-06-18 09:25:56,347.35,0
2021-06-18 09:25:59,347.35,0
2021-06-18 09:26:00,347.35,0
2021-06-18 09:26:01,347.4,0
2021-06-18 09:26:02,347.35,0
2021-06-18 09:26:03,347.35,0
2021-06-18 09:26:04,347.35,0
2021-06-18 09:26:05,347.35,0
2021-06-18 09:26:06,347.3,0
2021-06-18 09:26:08,347.3,0
2021-06-18 09:26:11,347.35,0
2021-06-18 09:26:13,347.35,0
2021-06-18 09:26:14,347.25,0
2021-06-18 09:26:15,347.35,0
2021-06-18 09:26:16,347.3,0
2021-06-18 09:26:17,347.25,0
2021-06-18 09:26:19,347.25,0
2021-06-18 09:26:20,347.2,0
2021-06-18 09:26:21,347.25,0
2021-06-18 09:26:22,347.25,0
2021-06-18 09:26:23,347.3,0
2021-06-18 09:26:24,347.3,0
2021-06-18 09:26:25,347.3,0
2021-06-18 09:26:26,347.2,0
2021-06-18 09:26:27,347.2,0
2021-06-18 09:26:29,347.1,0
2021-06-18 09:26:30,347.15,0
2021-06-18 09:26:31,347.15,0
2021-06-18 09:26:32,347.2,0
2021-06-18 09:26:33,347.2,0
2021-06-18 09:26:34,347.25,0
2021-06-18 09:26:35,347.2,0
2021-06-18 09:26:36,347.25,0
2021-06-18 09:26:37,347.3,0
2021-06-18 09:26:38,347.35,0
2021-06-18 09:26:39,347.35,0
2021-06-18 09:26:40,347.35,0
2021-06-18 09:26:41,347.35,0
2021-06-18 09:26:42,347.4,0
2021-06-18 09:26:43,347.45,0
2021-06-18 09:26:44,347.45,0
2021-06-18 09:26:45,347.45,0
2021-06-18 09:26:47,347.45,0
2021-06-18 09:26:48,347.5,0
2021-06-18 09:26:49,347.45,0
2021-06-18 09:26:50,347.45,0
2021-06-18 09:26:51,347.5,0
2021-06-18 09:26:52,347.5,0
2021-06-18 09:26:53,347.5,0
2021-06-18 09:26:54,347.45,0
2021-06-18 09:26:55,347.35,0
2021-06-18 09:26:56,347.35,0
2021-06-18 09:26:57,347.35,0
2021-06-18 09:26:58,347.35,0
2021-06-18 09:26:59,347.35,0
2021-06-18 09:27:01,347.4,0
2021-06-18 09:27:02,347.4,0
2021-06-18 09:27:03,347.35,0
2021-06-18 09:27:04,347.4,0
2021-06-18 09:27:05,347.45,0
2021-06-18 09:27:07,347.45,0
2021-06-18 09:27:08,347.45,0
2021-06-18 09:27:10,347.35,0
2021-06-18 09:27:11,347.35,0
2021-06-18 09:27:13,347.3,0
2021-06-18 09:27:14,347.35,0
2021-06-18 09:27:15,347.35,0
2021-06-18 09:27:16,347.35,0
2021-06-18 09:27:17,347.35,0
2021-06-18 09:27:18,347.35,0
2021-06-18 09:27:19,347.15,0
2021-06-18 09:27:20,347.15,0
2021-06-18 09:27:21,347.2,0
2021-06-18 09:27:22,347.15,0
2021-06-18 09:27:23,347.1,0
2021-06-18 09:27:24,347.1,0
2021-06-18 09:27:26,347.05,0
2021-06-18 09:27:27,347.0,0
2021-06-18 09:27:28,346.95,0
2021-06-18 09:27:29,346.95,0
2021-06-18 09:27:30,346.95,0
2021-06-18 09:27:31,346.85,0
2021-06-18 09:27:32,346.85,0
2021-06-18 09:27:35,346.8,0
2021-06-18 09:27:36,346.8,0
2021-06-18 09:27:37,346.8,0
2021-06-18 09:27:38,346.85,0
2021-06-18 09:27:39,346.8,0
2021-06-18 09:27:40,346.9,0
2021-06-18 09:27:41,346.95,0
2021-06-18 09:27:42,346.95,0
2021-06-18 09:27:43,346.95,0
2021-06-18 09:27:44,346.95,0
2021-06-18 09:27:46,347.0,0
2021-06-18 09:27:51,347.1,0
2021-06-18 09:27:56,347.1,0
2021-06-18 09:27:57,347.2,0
2021-06-18 09:27:58,347.2,0
2021-06-18 09:27:59,347.15,0
2021-06-18 09:28:02,347.15,0
2021-06-18 09:28:03,347.15,0
2021-06-18 09:28:04,347.05,0
2021-06-18 09:28:06,347.15,0
2021-06-18 09:28:07,347.1,0
2021-06-18 09:28:10,347.15,0
2021-06-18 09:28:11,347.1,0
2021-06-18 09:28:12,347.1,0
2021-06-18 09:28:13,347.0,0
2021-06-18 09:28:14,347.0,0
2021-06-18 09:28:15,347.05,0
2021-06-18 09:28:16,347.15,0
2021-06-18 09:28:17,347.15,0
2021-06-18 09:28:18,347.15,0
2021-06-18 09:28:19,347.2,0
2021-06-18 09:28:20,347.3,0
2021-06-18 09:28:21,347.25,0
2021-06-18 09:28:23,347.25,0
2021-06-18 09:28:24,347.25,0
2021-06-18 09:28:27,347.35,0
2021-06-18 09:28:26,347.3,0
2021-06-18 09:28:28,347.3,0
2021-06-18 09:28:29,347.25,0
2021-06-18 09:28:30,347.35,0
2021-06-18 09:28:31,347.3,0
2021-06-18 09:28:33,347.3,0
2021-06-18 09:28:34,347.35,0
2021-06-18 09:28:35,347.35,0
2021-06-18 09:28:36,347.25,0
2021-06-18 09:28:37,347.25,0
2021-06-18 09:28:38,347.3,0
2021-06-18 09:28:39,347.3,0
2021-06-18 09:28:40,347.25,0
2021-06-18 09:28:41,347.25,0
2021-06-18 09:28:42,347.2,0
2021-06-18 09:28:43,347.25,0
2021-06-18 09:28:44,347.25,0
2021-06-18 09:28:45,347.25,0
2021-06-18 09:28:46,347.2,0
2021-06-18 09:28:47,347.2,0
2021-06-18 09:28:48,347.2,0
2021-06-18 09:28:49,347.2,0
2021-06-18 09:28:50,347.2,0
2021-06-18 09:28:51,347.1,0
2021-06-18 09:28:52,347.1,0
2021-06-18 09:28:53,347.0,0
2021-06-18 09:28:54,347.1,0
2021-06-18 09:28:55,347.1,0
2021-06-18 09:28:57,347.05,0
2021-06-18 09:28:58,347.1,0
2021-06-18 09:28:59,347.15,0
2021-06-18 09:29:00,347.15,0
2021-06-18 09:29:01,347.15,0
2021-06-18 09:29:02,347.15,0
2021-06-18 09:29:03,347.15,0
2021-06-18 09:29:04,347.15,0
2021-06-18 09:29:05,347.05,0
2021-06-18 09:29:07,346.85,0
2021-06-18 09:29:08,346.8,0
2021-06-18 09:29:10,346.75,0
2021-06-18 09:29:11,346.8,0
2021-06-18 09:29:12,346.7,0
2021-06-18 09:29:13,346.7,0
2021-06-18 09:29:14,346.7,0
2021-06-18 09:29:15,346.7,0
2021-06-18 09:29:16,346.65,0
2021-06-18 09:29:17,346.55,0
2021-06-18 09:29:18,346.55,0
2021-06-18 09:29:19,346.6,0
2021-06-18 09:29:20,346.65,0
2021-06-18 09:29:21,346.65,0
2021-06-18 09:29:22,346.65,0
2021-06-18 09:29:23,346.6,0
2021-06-18 09:29:24,346.65,0
2021-06-18 09:29:25,346.6,0
2021-06-18 09:29:26,346.65,0
2021-06-18 09:29:28,346.55,0
2021-06-18 09:29:29,346.6,0
2021-06-18 09:29:30,346.6,0
2021-06-18 09:29:31,346.6,0
2021-06-18 09:29:33,346.65,0
2021-06-18 09:29:34,346.7,0
2021-06-18 09:29:35,346.65,0
2021-06-18 09:29:36,346.65,0
2021-06-18 09:29:37,346.65,0
2021-06-18 09:29:38,346.6,0
2021-06-18 09:29:39,346.55,0
2021-06-18 09:29:40,346.6,0
2021-06-18 09:29:41,346.6,0
2021-06-18 09:29:42,346.55,0
2021-06-18 09:29:43,346.55,0
2021-06-18 09:29:44,346.5,0
2021-06-18 09:29:45,346.55,0
2021-06-18 09:29:46,346.55,0
2021-06-18 09:29:47,346.6,0
2021-06-18 09:29:49,346.55,0
2021-06-18 09:29:50,346.6,0
2021-06-18 09:29:52,346.65,0
2021-06-18 09:29:54,346.75,0
2021-06-18 09:29:55,346.85,0
2021-06-18 09:29:56,346.8,0
2021-06-18 09:30:00,346.9,0
2021-06-18 09:30:01,346.95,0
2021-06-18 09:30:02,347.0,0
2021-06-18 09:30:03,346.95,0
2021-06-18 09:30:04,346.95,0
2021-06-18 09:30:09,346.95,0
2021-06-18 09:30:10,347.05,0
2021-06-18 09:30:11,347.0,0
2021-06-18 09:30:12,347.05,0
2021-06-18 09:30:13,346.95,0
2021-06-18 09:30:14,346.95,0
2021-06-18 09:30:15,346.95,0
2021-06-18 09:30:16,346.95,0
2021-06-18 09:30:17,347.0,0
2021-06-18 09:30:18,346.95,0
2021-06-18 09:30:20,346.95,0
2021-06-18 09:30:21,346.9,0
2021-06-18 09:30:22,346.9,0
2021-06-18 09:30:23,346.9,0
2021-06-18 09:30:24,346.85,0
2021-06-18 09:30:26,346.85,0
2021-06-18 09:30:27,346.9,0
2021-06-18 09:30:29,346.75,0
2021-06-18 09:30:30,346.75,0
2021-06-18 09:30:32,346.7,0
2021-06-18 09:30:33,346.6,0
2021-06-18 09:30:34,346.65,0
2021-06-18 09:30:35,346.7,0
2021-06-18 09:30:36,346.7,0
2021-06-18 09:30:38,346.6,0
2021-06-18 09:30:39,346.6,0
2021-06-18 09:30:40,346.55,0
2021-06-18 09:30:41,346.45,0
2021-06-18 09:30:42,346.45,0
2021-06-18 09:30:43,346.4,0
2021-06-18 09:30:44,346.4,0
2021-06-18 09:30:45,346.4,0
2021-06-18 09:30:46,346.4,0
2021-06-18 09:30:48,346.45,0
2021-06-18 09:30:49,346.35,0
2021-06-18 09:30:50,346.55,0
2021-06-18 09:30:51,346.6,0
2021-06-18 09:30:52,346.5,0
2021-06-18 09:30:53,346.4,0
2021-06-18 09:30:54,346.45,0
2021-06-18 09:30:56,346.35,0
2021-06-18 09:30:57,346.35,0
2021-06-18 09:30:58,346.35,0
2021-06-18 09:30:59,346.35,0
2021-06-18 09:31:01,346.25,0
2021-06-18 09:31:03,346.2,0
2021-06-18 09:31:04,346.2,0
2021-06-18 09:31:06,346.2,0
2021-06-18 09:31:07,346.2,0
2021-06-18 09:31:09,346.2,0
2021-06-18 09:31:10,346.15,0
2021-06-18 09:31:11,346.15,0
2021-06-18 09:31:12,346.15,0
2021-06-18 09:31:13,346.2,0
2021-06-18 09:31:14,346.2,0
2021-06-18 09:31:15,346.2,0
2021-06-18 09:31:17,346.2,0
2021-06-18 09:31:19,346.25,0
2021-06-18 09:31:20,346.25,0
2021-06-18 09:31:21,346.25,0
2021-06-18 09:31:22,346.25,0
2021-06-18 09:31:23,346.2,0
2021-06-18 09:31:24,346.25,0
2021-06-18 09:31:25,346.2,0
2021-06-18 09:31:27,346.15,0
2021-06-18 09:31:28,346.25,0
2021-06-18 09:31:29,346.25,0
2021-06-18 09:31:32,346.4,0
2021-06-18 09:31:33,346.4,0
2021-06-18 09:31:34,346.5,0
2021-06-18 09:31:35,346.5,0
2021-06-18 09:31:36,346.5,0
2021-06-18 09:31:37,346.6,0
2021-06-18 09:31:38,346.6,0
2021-06-18 09:31:39,346.65,0
2021-06-18 09:31:40,346.65,0
2021-06-18 09:31:42,346.65,0
2021-06-18 09:31:43,346.7,0
2021-06-18 09:31:44,346.65,0
2021-06-18 09:31:45,346.7,0
2021-06-18 09:31:46,346.65,0
2021-06-18 09:31:48,346.7,0
2021-06-18 09:31:49,346.65,0
2021-06-18 09:31:52,346.6,0
2021-06-18 09:31:54,346.6,0
2021-06-18 09:31:55,346.75,0
2021-06-18 09:31:56,346.75,0
2021-06-18 09:31:57,346.75,0
2021-06-18 09:31:59,346.7,0
2021-06-18 09:32:01,346.65,0
2021-06-18 09:32:04,346.6,0
2021-06-18 09:32:05,346.55,0
2021-06-18 09:32:09,346.45,0
2021-06-18 09:32:10,346.45,0
2021-06-18 09:32:11,346.5,0
2021-06-18 09:32:12,346.5,0
2021-06-18 09:32:13,346.45,0
2021-06-18 09:32:14,346.45,0
2021-06-18 09:32:15,346.35,0
2021-06-18 09:32:16,346.35,0
2021-06-18 09:32:17,346.4,0
2021-06-18 09:32:18,346.45,0
2021-06-18 09:32:19,346.4,0
2021-06-18 09:32:20,346.5,0
2021-06-18 09:32:21,346.4,0
2021-06-18 09:32:22,346.4,0
2021-06-18 09:32:23,346.35,0
2021-06-18 09:32:25,346.4,0
2021-06-18 09:32:26,346.35,0
2021-06-18 09:32:28,346.35,0
2021-06-18 09:32:29,346.4,0
2021-06-18 09:32:30,346.4,0
2021-06-18 09:32:31,346.35,0
2021-06-18 09:32:32,346.35,0
2021-06-18 09:32:34,346.35,0
2021-06-18 09:32:36,346.4,0
2021-06-18 09:32:37,346.45,0
2021-06-18 09:32:38,346.45,0
2021-06-18 09:32:39,346.45,0
2021-06-18 09:32:40,346.45,0
2021-06-18 09:32:41,346.3,0
2021-06-18 09:32:42,346.35,0
2021-06-18 09:32:43,346.35,0
2021-06-18 09:32:44,346.35,0
2021-06-18 09:32:45,346.35,0
2021-06-18 09:32:46,346.35,0
2021-06-18 09:32:47,346.35,0
2021-06-18 09:32:48,346.35,0
2021-06-18 09:32:49,346.4,0
2021-06-18 09:32:50,346.3,0
2021-06-18 09:32:51,346.3,0
2021-06-18 09:32:52,346.3,0
2021-06-18 09:32:53,346.25,0
2021-06-18 09:32:54,346.25,0
2021-06-18 09:32:55,346.35,0
2021-06-18 09:32:56,346.45,0
2021-06-18 09:32:57,346.35,0
2021-06-18 09:32:59,346.45,0
2021-06-18 09:33:00,346.4,0
2021-06-18 09:33:02,346.3,0
2021-06-18 09:33:03,346.3,0
2021-06-18 09:33:04,346.35,0
2021-06-18 09:33:05,346.3,0
2021-06-18 09:33:06,346.35,0
2021-06-18 09:33:07,346.4,0
2021-06-18 09:33:08,346.3,0
2021-06-18 09:33:09,346.3,0
2021-06-18 09:33:10,346.25,0
2021-06-18 09:33:11,346.2,0
2021-06-18 09:33:12,346.2,0
2021-06-18 09:33:13,346.2,0
2021-06-18 09:33:14,346.2,0
2021-06-18 09:33:15,346.15,0
2021-06-18 09:33:16,346.15,0
2021-06-18 09:33:17,346.15,0
2021-06-18 09:33:18,346.15,0
2021-06-18 09:33:19,346.1,0
2021-06-18 09:33:21,346.15,0
2021-06-18 09:33:22,346.1,0
2021-06-18 09:33:23,346.15,0
2021-06-18 09:33:25,346.1,0
2021-06-18 09:33:26,346.15,0
2021-06-18 09:33:27,346.15,0
2021-06-18 09:33:28,346.1,0
2021-06-18 09:33:29,346.1,0
2021-06-18 09:33:31,346.1,0
2021-06-18 09:33:32,346.1,0
2021-06-18 09:33:33,346.15,0
2021-06-18 09:33:35,346.2,0
2021-06-18 09:33:36,346.05,0
2021-06-18 09:33:37,346.05,0
2021-06-18 09:33:39,346.1,0
2021-06-18 09:33:40,346.05,0
2021-06-18 09:33:41,346.0,0
2021-06-18 09:33:42,346.0,0
2021-06-18 09:33:43,346.1,0
2021-06-18 09:33:44,346.1,0
2021-06-18 09:33:45,346.1,0
2021-06-18 09:33:46,346.1,0
2021-06-18 09:33:47,346.1,0
2021-06-18 09:33:48,346.1,0
2021-06-18 09:33:49,346.15,0
2021-06-18 09:33:50,346.1,0
2021-06-18 09:33:51,346.1,0
2021-06-18 09:33:52,346.1,0
2021-06-18 09:33:53,346.1,0
2021-06-18 09:33:54,346.2,0
2021-06-18 09:33:55,346.15,0
2021-06-18 09:33:57,346.15,0
2021-06-18 09:33:58,346.15,0
2021-06-18 09:33:59,346.15,0
2021-06-18 09:34:00,346.2,0
2021-06-18 09:34:02,346.25,0
2021-06-18 09:34:03,346.25,0
2021-06-18 09:34:04,346.25,0
2021-06-18 09:34:05,346.25,0
2021-06-18 09:34:06,346.2,0
2021-06-18 09:34:07,346.15,0
2021-06-18 09:34:08,346.15,0
2021-06-18 09:34:09,346.2,0
2021-06-18 09:34:10,346.2,0
2021-06-18 09:34:12,346.2,0
2021-06-18 09:34:13,345.95,0
2021-06-18 09:34:14,346.05,0
2021-06-18 09:34:15,346.05,0
2021-06-18 09:34:17,346.0,0
2021-06-18 09:34:18,345.95,0
2021-06-18 09:34:22,346.05,0
2021-06-18 09:34:23,346.05,0
2021-06-18 09:34:25,346.2,0
2021-06-18 09:34:26,346.3,0
2021-06-18 09:34:27,346.25,0
2021-06-18 09:34:28,346.25,0
2021-06-18 09:34:29,346.2,0
2021-06-18 09:34:30,346.25,0
2021-06-18 09:34:31,346.3,0
2021-06-18 09:34:32,346.25,0
2021-06-18 09:34:33,346.2,0
2021-06-18 09:34:34,346.2,0
2021-06-18 09:34:35,346.15,0
2021-06-18 09:34:36,346.25,0
2021-06-18 09:34:37,346.25,0
2021-06-18 09:34:40,346.25,0
2021-06-18 09:34:41,346.25,0
2021-06-18 09:34:42,346.25,0
2021-06-18 09:34:43,346.25,0
2021-06-18 09:34:44,346.15,0
2021-06-18 09:34:45,346.2,0
2021-06-18 09:34:47,346.2,0
2021-06-18 09:34:50,346.25,0
2021-06-18 09:34:51,346.2,0
2021-06-18 09:34:52,346.25,0
2021-06-18 09:34:53,346.2,0
2021-06-18 09:34:54,346.15,0
2021-06-18 09:34:55,346.15,0
2021-06-18 09:34:56,346.15,0
2021-06-18 09:34:57,346.15,0
2021-06-18 09:34:58,346.15,0
2021-06-18 09:34:59,346.2,0
2021-06-18 09:35:00,346.15,0
2021-06-18 09:35:02,346.1,0
2021-06-18 09:35:03,346.1,0
2021-06-18 09:35:04,346.15,0
2021-06-18 09:35:06,346.0,0
2021-06-18 09:35:08,345.9,0
2021-06-18 09:35:09,345.9,0
2021-06-18 09:35:10,345.9,0
2021-06-18 09:35:11,345.9,0
2021-06-18 09:35:12,346.0,0
2021-06-18 09:35:13,345.85,0
2021-06-18 09:35:14,345.85,0
2021-06-18 09:35:15,345.85,0
2021-06-18 09:35:16,345.8,0
2021-06-18 09:35:17,345.7,0
2021-06-18 09:35:18,345.65,0
2021-06-18 09:35:19,345.65,0
2021-06-18 09:35:20,345.6,0
2021-06-18 09:35:21,345.7,0
2021-06-18 09:35:22,345.7,0
2021-06-18 09:35:23,345.65,0
2021-06-18 09:35:24,345.6,0
2021-06-18 09:35:25,345.65,0
2021-06-18 09:35:27,345.6,0
2021-06-18 09:35:30,345.55,0
2021-06-18 09:35:31,345.6,0
2021-06-18 09:35:34,345.45,0
2021-06-18 09:35:35,345.45,0
2021-06-18 09:35:36,345.4,0
2021-06-18 09:35:39,345.3,0
2021-06-18 09:35:41,345.35,0
2021-06-18 09:35:42,345.35,0
2021-06-18 09:35:43,345.3,0
2021-06-18 09:35:44,345.35,0
2021-06-18 09:35:45,345.3,0
2021-06-18 09:35:46,345.3,0
2021-06-18 09:35:47,345.35,0
2021-06-18 09:35:49,345.35,0
2021-06-18 09:35:51,345.35,0
2021-06-18 09:35:52,345.35,0
2021-06-18 09:35:55,345.4,0
2021-06-18 09:35:57,345.35,0
2021-06-18 09:35:58,345.4,0
2021-06-18 09:35:59,345.3,0
2021-06-18 09:36:00,345.35,0
2021-06-18 09:36:02,345.3,0
2021-06-18 09:36:03,345.3,0
2021-06-18 09:36:04,345.35,0
2021-06-18 09:36:05,345.35,0
2021-06-18 09:36:06,345.2,0
2021-06-18 09:36:07,345.25,0
2021-06-18 09:36:08,345.25,0
2021-06-18 09:36:09,345.15,0
2021-06-18 09:36:10,345.15,0
2021-06-18 09:36:11,345.2,0
2021-06-18 09:36:13,345.15,0
2021-06-18 09:36:14,345.15,0
2021-06-18 09:36:16,345.1,0
2021-06-18 09:36:17,345.1,0
2021-06-18 09:36:18,345.05,0
2021-06-18 09:36:19,345.05,0
2021-06-18 09:36:20,345.05,0
2021-06-18 09:36:21,345.05,0
2021-06-18 09:36:22,345.05,0
2021-06-18 09:36:23,345.05,0
2021-06-18 09:36:24,344.95,0
2021-06-18 09:36:26,345.0,0
2021-06-18 09:36:28,344.9,0
2021-06-18 09:36:29,344.85,0
2021-06-18 09:36:31,344.9,0
2021-06-18 09:36:32,344.9,0
2021-06-18 09:36:33,344.95,0
2021-06-18 09:36:34,344.9,0
2021-06-18 09:36:35,344.9,0
2021-06-18 09:36:36,344.95,0
2021-06-18 09:36:37,344.9,0
2021-06-18 09:36:38,344.95,0
2021-06-18 09:36:39,344.85,0
2021-06-18 09:36:41,344.85,0
2021-06-18 09:36:42,344.9,0
2021-06-18 09:36:43,345.0,0
2021-06-18 09:36:44,344.9,0
2021-06-18 09:36:45,344.9,0
2021-06-18 09:36:49,344.95,0
2021-06-18 09:36:51,344.95,0
2021-06-18 09:36:52,344.9,0
2021-06-18 09:36:53,344.95,0
2021-06-18 09:36:54,345.0,0
2021-06-18 09:36:55,344.9,0
2021-06-18 09:36:57,344.9,0
2021-06-18 09:36:59,344.95,0
2021-06-18 09:37:00,345.0,0
2021-06-18 09:37:03,344.9,0
2021-06-18 09:37:04,344.95,0
2021-06-18 09:37:05,344.95,0
2021-06-18 09:37:06,345.0,0
2021-06-18 09:37:07,344.95,0
2021-06-18 09:37:09,345.0,0
2021-06-18 09:37:10,345.05,0
2021-06-18 09:37:11,345.05,0
2021-06-18 09:37:12,345.05,0
2021-06-18 09:37:13,345.05,0
2021-06-18 09:37:15,345.05,0
2021-06-18 09:37:16,345.05,0
2021-06-18 09:37:17,345.05,0
2021-06-18 09:37:19,345.05,0
2021-06-18 09:37:20,345.05,0
2021-06-18 09:37:22,344.9,0
2021-06-18 09:37:23,344.95,0
2021-06-18 09:37:24,344.9,0
2021-06-18 09:37:25,344.75,0
2021-06-18 09:37:26,344.7,0
2021-06-18 09:37:27,344.75,0
2021-06-18 09:37:29,344.75,0
2021-06-18 09:37:30,344.75,0
2021-06-18 09:37:31,344.9,0
2021-06-18 09:37:32,344.95,0
2021-06-18 09:37:33,344.85,0
2021-06-18 09:37:34,345.0,0
2021-06-18 09:37:35,344.95,0
2021-06-18 09:37:36,345.0,0
2021-06-18 09:37:38,345.0,0
2021-06-18 09:37:39,345.0,0
2021-06-18 09:37:40,345.0,0
2021-06-18 09:37:42,344.95,0
2021-06-18 09:37:43,344.95,0
2021-06-18 09:37:44,345.05,0
2021-06-18 09:37:45,345.05,0
2021-06-18 09:37:46,345.05,0
2021-06-18 09:37:47,345.05,0
2021-06-18 09:37:48,345.0,0
2021-06-18 09:37:49,345.15,0
2021-06-18 09:37:51,345.1,0
2021-06-18 09:37:52,345.15,0
2021-06-18 09:37:55,345.15,0
2021-06-18 09:37:57,345.2,0
2021-06-18 09:37:59,345.3,0
2021-06-18 09:38:01,345.25,0
2021-06-18 09:38:02,345.3,0
2021-06-18 09:38:05,345.25,0
2021-06-18 09:38:06,345.25,0
2021-06-18 09:38:07,345.15,0
2021-06-18 09:38:08,345.15,0
2021-06-18 09:38:09,345.1,0
2021-06-18 09:38:10,345.1,0
2021-06-18 09:38:11,345.1,0
2021-06-18 09:38:12,345.15,0
2021-06-18 09:38:13,345.1,0
2021-06-18 09:38:14,345.1,0
2021-06-18 09:38:15,345.1,0
2021-06-18 09:38:16,345.05,0
2021-06-18 09:38:19,345.15,0
2021-06-18 09:38:20,345.15,0
2021-06-18 09:38:21,345.25,0
2021-06-18 09:38:22,345.2,0
2021-06-18 09:38:23,345.35,0
2021-06-18 09:38:24,345.4,0
2021-06-18 09:38:25,345.4,0
2021-06-18 09:38:26,345.4,0
2021-06-18 09:38:27,345.5,0
2021-06-18 09:38:28,345.5,0
2021-06-18 09:38:30,345.6,0
2021-06-18 09:38:31,345.65,0
2021-06-18 09:38:32,345.7,0
2021-06-18 09:38:33,345.65,0
2021-06-18 09:38:34,345.75,0
2021-06-18 09:38:36,345.6,0
2021-06-18 09:38:37,345.65,0
2021-06-18 09:38:38,345.6,0
2021-06-18 09:38:39,345.75,0
2021-06-18 09:38:41,345.75,0
2021-06-18 09:38:42,345.7,0
2021-06-18 09:38:43,345.7,0
2021-06-18 09:38:45,345.7,0
2021-06-18 09:38:46,345.7,0
2021-06-18 09:38:47,345.7,0
2021-06-18 09:38:48,345.75,0
2021-06-18 09:38:49,345.75,0
2021-06-18 09:38:50,345.75,0
2021-06-18 09:38:51,345.65,0
2021-06-18 09:38:52,345.8,0
2021-06-18 09:38:53,345.8,0
2021-06-18 09:38:54,345.9,0
2021-06-18 09:38:55,345.9,0
2021-06-18 09:38:56,345.9,0
2021-06-18 09:38:57,346.0,0
2021-06-18 09:38:58,346.1,0
2021-06-18 09:38:59,346.05,0
2021-06-18 09:39:01,346.05,0
2021-06-18 09:39:03,346.1,0
2021-06-18 09:39:04,346.1,0
2021-06-18 09:39:05,346.05,0
2021-06-18 09:39:06,346.2,0
2021-06-18 09:39:08,346.0,0
2021-06-18 09:39:09,346.0,0
2021-06-18 09:39:10,346.05,0
2021-06-18 09:39:11,346.0,0
2021-06-18 09:39:13,346.0,0
2021-06-18 09:39:14,346.05,0
2021-06-18 09:39:15,346.05,0
2021-06-18 09:39:16,346.0,0
2021-06-18 09:39:17,346.0,0
2021-06-18 09:39:19,345.95,0
2021-06-18 09:39:20,345.9,0
2021-06-18 09:39:21,345.8,0
2021-06-18 09:39:22,345.85,0
2021-06-18 09:39:23,345.95,0
2021-06-18 09:39:24,345.95,0
2021-06-18 09:39:25,345.95,0
2021-06-18 09:39:26,345.95,0
2021-06-18 09:39:27,346.0,0
2021-06-18 09:39:28,346.0,0
2021-06-18 09:39:29,346.0,0
2021-06-18 09:39:31,345.95,0
2021-06-18 09:39:32,346.0,0
2021-06-18 09:39:33,345.95,0
2021-06-18 09:39:34,346.0,0
2021-06-18 09:39:35,345.95,0
2021-06-18 09:39:36,345.95,0
2021-06-18 09:39:38,345.9,0
2021-06-18 09:39:39,346.0,0
2021-06-18 09:39:40,346.0,0
2021-06-18 09:39:41,346.0,0
2021-06-18 09:39:42,346.0,0
2021-06-18 09:39:43,346.0,0
2021-06-18 09:39:45,346.0,0
2021-06-18 09:39:46,346.0,0
2021-06-18 09:39:47,346.0,0
2021-06-18 09:39:49,346.05,0
2021-06-18 09:39:50,346.0,0
2021-06-18 09:39:51,346.05,0
2021-06-18 09:39:52,346.0,0
2021-06-18 09:39:53,346.0,0
2021-06-18 09:39:54,346.0,0
2021-06-18 09:39:56,346.0,0
2021-06-18 09:39:59,346.05,0
2021-06-18 09:40:02,346.0,0
2021-06-18 09:40:04,346.0,0
2021-06-18 09:40:05,346.0,0
2021-06-18 09:40:06,346.05,0
2021-06-18 09:40:07,346.0,0
2021-06-18 09:40:08,346.0,0
2021-06-18 09:40:09,346.0,0
2021-06-18 09:40:12,346.0,0
2021-06-18 09:40:14,346.0,0
2021-06-18 09:40:15,346.05,0
2021-06-18 09:40:16,346.05,0
2021-06-18 09:40:17,346.0,0
2021-06-18 09:40:18,346.0,0
2021-06-18 09:40:20,345.85,0
2021-06-18 09:40:22,345.8,0
2021-06-18 09:40:23,345.8,0
2021-06-18 09:40:24,345.85,0
2021-06-18 09:40:26,345.8,0
2021-06-18 09:40:27,345.75,0
2021-06-18 09:40:28,345.65,0
2021-06-18 09:40:29,345.6,0
2021-06-18 09:40:30,345.6,0
2021-06-18 09:40:31,345.6,0
2021-06-18 09:40:32,345.6,0
2021-06-18 09:40:33,345.6,0
2021-06-18 09:40:34,345.6,0
2021-06-18 09:40:35,345.65,0
2021-06-18 09:40:36,345.6,0
2021-06-18 09:40:37,345.6,0
2021-06-18 09:40:38,345.6,0
2021-06-18 09:40:39,345.6,0
2021-06-18 09:40:40,345.55,0
2021-06-18 09:40:41,345.55,0
2021-06-18 09:40:42,345.6,0
2021-06-18 09:40:43,345.6,0
2021-06-18 09:40:44,345.6,0
2021-06-18 09:40:45,345.6,0
2021-06-18 09:40:46,345.65,0
2021-06-18 09:40:47,345.65,0
2021-06-18 09:40:48,345.6,0
2021-06-18 09:40:49,345.6,0
2021-06-18 09:40:50,345.6,0
2021-06-18 09:40:51,345.65,0
2021-06-18 09:40:52,345.6,0
2021-06-18 09:40:53,345.6,0
2021-06-18 09:40:55,345.7,0
2021-06-18 09:40:56,345.6,0
2021-06-18 09:40:57,345.6,0
2021-06-18 09:40:58,345.6,0
2021-06-18 09:41:00,345.6,0
2021-06-18 09:41:02,345.5,0
2021-06-18 09:41:04,345.45,0
2021-06-18 09:41:05,345.45,0
2021-06-18 09:41:06,345.6,0
2021-06-18 09:41:07,345.55,0
2021-06-18 09:41:08,345.55,0
2021-06-18 09:41:09,345.55,0
2021-06-18 09:41:10,345.55,0
2021-06-18 09:41:11,345.55,0
2021-06-18 09:41:12,345.55,0
2021-06-18 09:41:13,345.5,0
2021-06-18 09:41:14,345.55,0
2021-06-18 09:41:15,345.5,0
2021-06-18 09:41:16,345.4,0
2021-06-18 09:41:17,345.4,0
2021-06-18 09:41:19,345.3,0
2021-06-18 09:41:21,345.4,0
2021-06-18 09:41:22,345.4,0
2021-06-18 09:41:23,345.4,0
2021-06-18 09:41:24,345.45,0
2021-06-18 09:41:25,345.45,0
2021-06-18 09:41:26,345.35,0
2021-06-18 09:41:27,345.4,0
2021-06-18 09:41:28,345.45,0
2021-06-18 09:41:29,345.5,0
2021-06-18 09:41:30,345.45,0
2021-06-18 09:41:31,345.4,0
2021-06-18 09:41:32,345.45,0
2021-06-18 09:41:33,345.45,0
2021-06-18 09:41:35,345.35,0
2021-06-18 09:41:36,345.4,0
2021-06-18 09:41:39,345.35,0
2021-06-18 09:41:41,345.4,0
2021-06-18 09:41:42,345.3,0
2021-06-18 09:41:43,345.35,0
2021-06-18 09:41:44,345.35,0
2021-06-18 09:41:45,345.3,0
2021-06-18 09:41:46,345.35,0
2021-06-18 09:41:47,345.3,0
2021-06-18 09:41:49,345.3,0
2021-06-18 09:41:50,345.4,0
2021-06-18 09:41:51,345.45,0
2021-06-18 09:41:52,345.45,0
2021-06-18 09:41:53,345.5,0
2021-06-18 09:41:54,345.5,0
2021-06-18 09:41:55,345.5,0
2021-06-18 09:41:59,345.7,0
2021-06-18 09:42:00,345.7,0
2021-06-18 09:42:01,345.8,0
2021-06-18 09:42:02,345.75,0
2021-06-18 09:42:03,345.7,0
2021-06-18 09:42:04,345.7,0
2021-06-18 09:42:05,345.7,0
2021-06-18 09:42:06,345.7,0
2021-06-18 09:42:09,345.65,0
2021-06-18 09:42:10,345.7,0
2021-06-18 09:42:11,345.65,0
2021-06-18 09:42:12,345.65,0
2021-06-18 09:42:15,345.85,0
2021-06-18 09:42:16,345.85,0
2021-06-18 09:42:17,345.9,0
2021-06-18 09:42:18,345.85,0
2021-06-18 09:42:19,345.85,0
2021-06-18 09:42:20,345.85,0
2021-06-18 09:42:21,345.95,0
2021-06-18 09:42:22,345.9,0
2021-06-18 09:42:23,345.95,0
2021-06-18 09:42:24,345.95,0
2021-06-18 09:42:25,345.9,0
2021-06-18 09:42:26,345.75,0
2021-06-18 09:42:27,345.7,0
2021-06-18 09:42:28,345.75,0
2021-06-18 09:42:29,345.7,0
2021-06-18 09:42:30,345.8,0
2021-06-18 09:42:31,345.85,0
2021-06-18 09:42:32,345.85,0
2021-06-18 09:42:33,345.85,0
2021-06-18 09:42:34,345.85,0
2021-06-18 09:42:35,345.85,0
2021-06-18 09:42:36,345.85,0
2021-06-18 09:42:37,345.85,0
2021-06-18 09:42:38,345.85,0
2021-06-18 09:42:39,345.9,0
2021-06-18 09:42:40,345.7,0
2021-06-18 09:42:41,345.75,0
2021-06-18 09:42:43,345.75,0
2021-06-18 09:42:44,345.7,0
2021-06-18 09:42:45,345.8,0
2021-06-18 09:42:47,345.7,0
2021-06-18 09:42:48,345.75,0
2021-06-18 09:42:50,345.6,0
2021-06-18 09:42:49,345.6,0
2021-06-18 09:42:51,345.65,0
2021-06-18 09:42:52,345.6,0
2021-06-18 09:42:53,345.6,0
2021-06-18 09:42:54,345.65,0
2021-06-18 09:42:56,345.7,0
2021-06-18 09:42:57,345.7,0
2021-06-18 09:42:59,345.7,0
2021-06-18 09:43:00,345.65,0
2021-06-18 09:43:01,345.5,0
2021-06-18 09:43:02,345.5,0
2021-06-18 09:43:03,345.55,0
2021-06-18 09:43:04,345.5,0
2021-06-18 09:43:05,345.5,0
2021-06-18 09:43:06,345.55,0
2021-06-18 09:43:07,345.55,0
2021-06-18 09:43:08,345.6,0
2021-06-18 09:43:09,345.6,0
2021-06-18 09:43:10,345.55,0
2021-06-18 09:43:12,345.55,0
2021-06-18 09:43:13,345.6,0
2021-06-18 09:43:14,345.6,0
2021-06-18 09:43:16,345.7,0
2021-06-18 09:43:17,345.6,0
2021-06-18 09:43:18,345.65,0
2021-06-18 09:43:19,345.65,0
2021-06-18 09:43:20,345.65,0
2021-06-18 09:43:21,345.65,0
2021-06-18 09:43:23,345.65,0
2021-06-18 09:43:25,345.6,0
2021-06-18 09:43:26,345.6,0
2021-06-18 09:43:27,345.65,0
2021-06-18 09:43:29,345.6,0
2021-06-18 09:43:30,345.65,0
2021-06-18 09:43:31,345.6,0
2021-06-18 09:43:32,345.55,0
2021-06-18 09:43:33,345.55,0
2021-06-18 09:43:34,345.55,0
2021-06-18 09:43:36,345.55,0
2021-06-18 09:43:37,345.55,0
2021-06-18 09:43:38,345.55,0
2021-06-18 09:43:40,345.5,0
2021-06-18 09:43:41,345.5,0
2021-06-18 09:43:43,345.5,0
2021-06-18 09:43:44,345.5,0
2021-06-18 09:43:45,345.5,0
2021-06-18 09:43:46,345.45,0
2021-06-18 09:43:47,345.55,0
2021-06-18 09:43:48,345.6,0
2021-06-18 09:43:49,345.55,0
2021-06-18 09:43:51,345.55,0
2021-06-18 09:43:52,345.5,0
2021-06-18 09:43:53,345.5,0
2021-06-18 09:43:54,345.5,0
2021-06-18 09:43:55,345.45,0
2021-06-18 09:43:56,345.45,0
2021-06-18 09:43:57,345.4,0
2021-06-18 09:43:58,345.4,0
2021-06-18 09:43:59,345.4,0
2021-06-18 09:44:00,345.45,0
2021-06-18 09:44:01,345.35,0
2021-06-18 09:44:02,345.3,0
2021-06-18 09:44:03,345.3,0
2021-06-18 09:44:04,345.25,0
2021-06-18 09:44:05,345.3,0
2021-06-18 09:44:06,345.25,0
2021-06-18 09:44:07,345.25,0
2021-06-18 09:44:08,345.2,0
2021-06-18 09:44:09,345.1,0
2021-06-18 09:44:10,345.1,0
2021-06-18 09:44:11,345.1,0
2021-06-18 09:44:12,345.05,0
2021-06-18 09:44:13,344.95,0
2021-06-18 09:44:14,344.95,0
2021-06-18 09:44:16,345.1,0
2021-06-18 09:44:19,345.2,0
2021-06-18 09:44:21,345.15,0
2021-06-18 09:44:22,345.15,0
2021-06-18 09:44:23,345.1,0
2021-06-18 09:44:24,345.1,0
2021-06-18 09:44:25,345.1,0
2021-06-18 09:44:27,345.1,0
2021-06-18 09:44:28,345.15,0
2021-06-18 09:44:29,345.15,0
2021-06-18 09:44:30,345.15,0
2021-06-18 09:44:31,345.05,0
2021-06-18 09:44:32,345.05,0
2021-06-18 09:44:33,345.05,0
2021-06-18 09:44:34,345.05,0
2021-06-18 09:44:35,345.05,0
2021-06-18 09:44:36,345.05,0
2021-06-18 09:44:37,345.15,0
2021-06-18 09:44:38,345.1,0
2021-06-18 09:44:39,345.05,0
2021-06-18 09:44:40,345.05,0
2021-06-18 09:44:41,345.05,0
2021-06-18 09:44:42,345.05,0
2021-06-18 09:44:43,345.0,0
2021-06-18 09:44:44,345.0,0
2021-06-18 09:44:46,345.0,0
2021-06-18 09:44:47,345.0,0
2021-06-18 09:44:48,345.0,0
2021-06-18 09:44:50,345.0,0
2021-06-18 09:44:51,345.0,0
2021-06-18 09:44:52,345.0,0
2021-06-18 09:44:53,344.95,0
2021-06-18 09:44:54,344.95,0
2021-06-18 09:44:56,345.0,0
2021-06-18 09:44:58,344.95,0
2021-06-18 09:44:59,344.95,0
2021-06-18 09:45:00,344.9,0
2021-06-18 09:45:02,344.85,0
2021-06-18 09:45:03,344.9,0
2021-06-18 09:45:04,344.85,0
2021-06-18 09:45:05,344.7,0
2021-06-18 09:45:07,344.55,0
2021-06-18 09:45:08,344.45,0
2021-06-18 09:45:09,344.4,0
2021-06-18 09:45:10,344.4,0
2021-06-18 09:45:11,344.3,0
2021-06-18 09:45:12,344.55,0
2021-06-18 09:45:13,344.6,0
2021-06-18 09:45:14,344.5,0
2021-06-18 09:45:15,344.5,0
2021-06-18 09:45:16,344.5,0
2021-06-18 09:45:17,344.55,0
2021-06-18 09:45:18,344.45,0
2021-06-18 09:45:19,344.45,0
2021-06-18 09:45:20,344.4,0
2021-06-18 09:45:21,344.4,0
2021-06-18 09:45:22,344.5,0
2021-06-18 09:45:24,344.45,0
2021-06-18 09:45:25,344.5,0
2021-06-18 09:45:27,344.55,0
2021-06-18 09:45:28,344.7,0
2021-06-18 09:45:29,344.6,0
2021-06-18 09:45:30,344.55,0
2021-06-18 09:45:31,344.6,0
2021-06-18 09:45:32,344.7,0
2021-06-18 09:45:33,344.65,0
2021-06-18 09:45:34,344.6,0
2021-06-18 09:45:36,344.65,0
2021-06-18 09:45:37,344.65,0
2021-06-18 09:45:38,344.6,0
2021-06-18 09:45:39,344.6,0
2021-06-18 09:45:40,344.65,0
2021-06-18 09:45:42,344.55,0
2021-06-18 09:45:44,344.65,0
2021-06-18 09:45:45,344.7,0
2021-06-18 09:45:46,344.7,0
2021-06-18 09:45:47,344.75,0
2021-06-18 09:45:48,344.75,0
2021-06-18 09:45:49,344.75,0
2021-06-18 09:45:52,344.8,0
2021-06-18 09:45:53,344.85,0
2021-06-18 09:45:54,344.9,0
2021-06-18 09:45:55,344.85,0
2021-06-18 09:45:56,344.8,0
2021-06-18 09:45:57,344.8,0
2021-06-18 09:45:58,344.8,0
2021-06-18 09:45:59,344.75,0
2021-06-18 09:46:00,344.75,0
2021-06-18 09:46:01,344.7,0
2021-06-18 09:46:02,344.7,0
2021-06-18 09:46:03,344.75,0
2021-06-18 09:46:05,344.8,0
2021-06-18 09:46:06,344.75,0
2021-06-18 09:46:08,344.8,0
2021-06-18 09:46:10,344.7,0
2021-06-18 09:46:11,344.7,0
2021-06-18 09:46:12,344.7,0
2021-06-18 09:46:13,344.7,0
2021-06-18 09:46:15,344.8,0
2021-06-18 09:46:18,344.75,0
2021-06-18 09:46:19,344.8,0
2021-06-18 09:46:22,344.75,0
2021-06-18 09:46:25,344.75,0
2021-06-18 09:46:26,344.75,0
2021-06-18 09:46:27,344.65,0
2021-06-18 09:46:28,344.6,0
2021-06-18 09:46:29,344.7,0
2021-06-18 09:46:30,344.65,0
2021-06-18 09:46:33,344.65,0
2021-06-18 09:46:34,344.65,0
2021-06-18 09:46:35,344.6,0
2021-06-18 09:46:37,344.6,0
2021-06-18 09:46:39,344.65,0
2021-06-18 09:46:40,344.6,0
2021-06-18 09:46:41,344.6,0
2021-06-18 09:46:42,344.65,0
2021-06-18 09:46:43,344.6,0
2021-06-18 09:46:44,344.55,0
2021-06-18 09:46:45,344.5,0
2021-06-18 09:46:46,344.55,0
2021-06-18 09:46:47,344.55,0
2021-06-18 09:46:49,344.6,0
2021-06-18 09:46:50,344.6,0
2021-06-18 09:46:51,344.55,0
2021-06-18 09:46:52,344.55,0
2021-06-18 09:46:54,344.65,0
2021-06-18 09:46:55,344.6,0
2021-06-18 09:46:56,344.55,0
2021-06-18 09:46:57,344.6,0
2021-06-18 09:46:58,344.6,0
2021-06-18 09:46:59,344.6,0
2021-06-18 09:47:01,344.5,0
2021-06-18 09:47:02,344.5,0
2021-06-18 09:47:03,344.55,0
2021-06-18 09:47:04,344.55,0
2021-06-18 09:47:05,344.5,0
2021-06-18 09:47:06,344.55,0
2021-06-18 09:47:07,344.55,0
2021-06-18 09:47:08,344.5,0
2021-06-18 09:47:09,344.5,0
2021-06-18 09:47:10,344.5,0
2021-06-18 09:47:11,344.55,0
2021-06-18 09:47:12,344.6,0
2021-06-18 09:47:13,344.6,0
2021-06-18 09:47:14,344.55,0
2021-06-18 09:47:15,344.55,0
2021-06-18 09:47:16,344.6,0
2021-06-18 09:47:18,344.65,0
2021-06-18 09:47:19,344.7,0
2021-06-18 09:47:20,344.65,0
2021-06-18 09:47:21,344.6,0
2021-06-18 09:47:22,344.65,0
2021-06-18 09:47:24,344.7,0
2021-06-18 09:47:25,344.7,0
2021-06-18 09:47:28,344.65,0
2021-06-18 09:47:30,344.5,0
2021-06-18 09:47:31,344.55,0
2021-06-18 09:47:32,344.55,0
2021-06-18 09:47:33,344.55,0
2021-06-18 09:47:34,344.55,0
2021-06-18 09:47:35,344.5,0
2021-06-18 09:47:36,344.5,0
2021-06-18 09:47:37,344.45,0
2021-06-18 09:47:39,344.55,0
2021-06-18 09:47:40,344.55,0
2021-06-18 09:47:41,344.5,0
2021-06-18 09:47:42,344.55,0
2021-06-18 09:47:43,344.4,0
2021-06-18 09:47:44,344.55,0
2021-06-18 09:47:45,344.55,0
2021-06-18 09:47:47,344.55,0
2021-06-18 09:47:50,344.5,0
2021-06-18 09:47:51,344.55,0
2021-06-18 09:47:54,344.6,0
2021-06-18 09:47:56,344.6,0
2021-06-18 09:47:57,344.65,0
2021-06-18 09:47:58,344.6,0
2021-06-18 09:47:59,344.7,0
2021-06-18 09:48:01,344.6,0
2021-06-18 09:48:02,344.6,0
2021-06-18 09:48:05,344.5,0
2021-06-18 09:48:06,344.5,0
2021-06-18 09:48:08,344.45,0
2021-06-18 09:48:09,344.45,0
2021-06-18 09:48:10,344.45,0
2021-06-18 09:48:12,344.5,0
2021-06-18 09:48:13,344.35,0
2021-06-18 09:48:14,344.35,0
2021-06-18 09:48:17,344.15,0
2021-06-18 09:48:18,344.1,0
2021-06-18 09:48:19,344.05,0
2021-06-18 09:48:20,344.15,0
2021-06-18 09:48:21,344.15,0
2021-06-18 09:48:22,344.2,0
2021-06-18 09:48:23,344.2,0
2021-06-18 09:48:24,344.15,0
2021-06-18 09:48:25,344.15,0
2021-06-18 09:48:26,344.0,0
2021-06-18 09:48:27,344.1,0
2021-06-18 09:48:29,343.95,0
2021-06-18 09:48:30,343.95,0
2021-06-18 09:48:32,343.95,0
2021-06-18 09:48:35,343.9,0
2021-06-18 09:48:38,343.95,0
2021-06-18 09:48:39,344.0,0
2021-06-18 09:48:40,344.0,0
2021-06-18 09:48:41,344.0,0
2021-06-18 09:48:42,343.95,0
2021-06-18 09:48:43,344.0,0
2021-06-18 09:48:45,343.95,0
2021-06-18 09:48:46,343.95,0
2021-06-18 09:48:48,343.75,0
2021-06-18 09:48:49,343.75,0
2021-06-18 09:48:50,343.8,0
2021-06-18 09:48:51,343.75,0
2021-06-18 09:48:52,343.7,0
2021-06-18 09:48:53,343.7,0
2021-06-18 09:48:56,343.65,0
2021-06-18 09:48:59,343.65,0
2021-06-18 09:49:00,343.7,0
2021-06-18 09:49:01,343.65,0
2021-06-18 09:49:02,343.65,0
2021-06-18 09:49:03,343.5,0
2021-06-18 09:49:04,343.5,0
2021-06-18 09:49:05,343.5,0
2021-06-18 09:49:06,343.45,0
2021-06-18 09:49:07,343.4,0
2021-06-18 09:49:08,343.4,0
2021-06-18 09:49:09,343.45,0
2021-06-18 09:49:10,343.4,0
2021-06-18 09:49:11,343.4,0
2021-06-18 09:49:12,343.4,0
2021-06-18 09:49:13,343.4,0
2021-06-18 09:49:14,343.45,0
2021-06-18 09:49:15,343.45,0
2021-06-18 09:49:16,343.45,0
2021-06-18 09:49:17,343.45,0
2021-06-18 09:49:19,343.35,0
2021-06-18 09:49:20,343.35,0
2021-06-18 09:49:21,343.35,0
2021-06-18 09:49:22,343.3,0
2021-06-18 09:49:23,343.35,0
2021-06-18 09:49:24,343.3,0
2021-06-18 09:49:25,343.3,0
2021-06-18 09:49:26,343.35,0
2021-06-18 09:49:27,343.3,0
2021-06-18 09:49:28,343.3,0
2021-06-18 09:49:30,343.3,0
2021-06-18 09:49:31,343.3,0
2021-06-18 09:49:32,343.3,0
2021-06-18 09:49:33,343.35,0
2021-06-18 09:49:34,343.3,0
2021-06-18 09:49:35,343.3,0
2021-06-18 09:49:37,343.3,0
2021-06-18 09:49:38,343.4,0
2021-06-18 09:49:39,343.45,0
2021-06-18 09:49:40,343.4,0
2021-06-18 09:49:41,343.5,0
2021-06-18 09:49:43,343.5,0
2021-06-18 09:49:44,343.5,0
2021-06-18 09:49:45,343.45,0
2021-06-18 09:49:46,343.45,0
2021-06-18 09:49:48,343.5,0
2021-06-18 09:49:50,343.5,0
2021-06-18 09:49:51,343.55,0
2021-06-18 09:49:52,343.55,0
2021-06-18 09:49:53,343.6,0
2021-06-18 09:49:54,343.6,0
2021-06-18 09:49:55,343.5,0
2021-06-18 09:49:56,343.5,0
2021-06-18 09:49:57,343.5,0
2021-06-18 09:49:58,343.5,0
2021-06-18 09:49:59,343.5,0
2021-06-18 09:50:00,343.5,0
2021-06-18 09:50:01,343.5,0
2021-06-18 09:50:02,343.45,0
2021-06-18 09:50:03,343.5,0
2021-06-18 09:50:04,343.45,0
2021-06-18 09:50:05,343.5,0
2021-06-18 09:50:06,343.5,0
2021-06-18 09:50:07,343.45,0
2021-06-18 09:50:08,343.65,0
2021-06-18 09:50:09,343.45,0
2021-06-18 09:50:10,343.5,0
2021-06-18 09:50:11,343.55,0
2021-06-18 09:50:12,343.5,0
2021-06-18 09:50:13,343.55,0
2021-06-18 09:50:14,343.6,0
2021-06-18 09:50:15,343.55,0
2021-06-18 09:50:16,343.5,0
2021-06-18 09:50:17,343.55,0
2021-06-18 09:50:18,343.55,0
2021-06-18 09:50:19,343.45,0
2021-06-18 09:50:20,343.45,0
2021-06-18 09:50:21,343.4,0
2021-06-18 09:50:22,343.4,0
2021-06-18 09:50:23,343.35,0
2021-06-18 09:50:24,343.35,0
2021-06-18 09:50:27,343.3,0
2021-06-18 09:50:30,343.35,0
2021-06-18 09:50:31,343.25,0
2021-06-18 09:50:33,343.4,0
2021-06-18 09:50:35,343.2,0
2021-06-18 09:50:36,343.2,0
2021-06-18 09:50:37,343.2,0
2021-06-18 09:50:38,343.2,0
2021-06-18 09:50:39,343.25,0
2021-06-18 09:50:40,343.25,0
2021-06-18 09:50:41,343.15,0
2021-06-18 09:50:43,343.1,0
2021-06-18 09:50:44,343.2,0
2021-06-18 09:50:45,343.15,0
2021-06-18 09:50:46,343.1,0
2021-06-18 09:50:47,343.15,0
2021-06-18 09:50:55,342.9,0
2021-06-18 09:50:58,343.15,0
2021-06-18 09:50:59,343.2,0
2021-06-18 09:51:00,343.2,0
2021-06-18 09:51:01,343.15,0
2021-06-18 09:51:02,343.05,0
2021-06-18 09:51:04,343.1,0
2021-06-18 09:51:06,343.35,0
2021-06-18 09:51:08,343.4,0
2021-06-18 09:51:10,343.4,0
2021-06-18 09:51:11,343.3,0
2021-06-18 09:51:12,343.25,0
2021-06-18 09:51:13,343.2,0
2021-06-18 09:51:14,343.4,0
2021-06-18 09:51:15,343.3,0
2021-06-18 09:51:17,343.25,0
2021-06-18 09:51:18,343.25,0
2021-06-18 09:51:19,343.3,0
2021-06-18 09:51:20,343.25,0
2021-06-18 09:51:21,343.3,0
2021-06-18 09:51:22,343.35,0
2021-06-18 09:51:23,343.4,0
2021-06-18 09:51:25,343.5,0
2021-06-18 09:51:26,343.45,0
2021-06-18 09:51:27,343.45,0
2021-06-18 09:51:28,343.45,0
2021-06-18 09:51:29,343.35,0
2021-06-18 09:51:30,343.45,0
2021-06-18 09:51:31,343.35,0
2021-06-18 09:51:33,343.3,0
2021-06-18 09:51:34,343.35,0
2021-06-18 09:51:35,343.3,0
2021-06-18 09:51:36,343.3,0
2021-06-18 09:51:37,343.3,0
2021-06-18 09:51:38,343.25,0
2021-06-18 09:51:39,343.25,0
2021-06-18 09:51:40,343.2,0
2021-06-18 09:51:41,343.2,0
2021-06-18 09:51:42,343.25,0
2021-06-18 09:51:43,343.2,0
2021-06-18 09:51:44,343.2,0
2021-06-18 09:51:45,343.25,0
2021-06-18 09:51:46,343.25,0
2021-06-18 09:51:47,343.25,0
2021-06-18 09:51:48,343.2,0
2021-06-18 09:51:49,343.2,0
2021-06-18 09:51:50,343.2,0
2021-06-18 09:51:51,343.3,0
2021-06-18 09:51:53,343.25,0
2021-06-18 09:51:54,343.2,0
2021-06-18 09:51:55,343.2,0
2021-06-18 09:51:56,343.15,0
2021-06-18 09:51:57,343.15,0
2021-06-18 09:51:58,343.1,0
2021-06-18 09:51:59,343.05,0
2021-06-18 09:52:00,343.05,0
2021-06-18 09:52:01,343.05,0
2021-06-18 09:52:02,343.05,0
2021-06-18 09:52:03,343.1,0
2021-06-18 09:52:04,343.05,0
2021-06-18 09:52:05,343.1,0
2021-06-18 09:52:06,343.1,0
2021-06-18 09:52:07,343.05,0
2021-06-18 09:52:08,343.0,0
2021-06-18 09:52:09,343.0,0
2021-06-18 09:52:10,343.0,0
2021-06-18 09:52:12,343.05,0
2021-06-18 09:52:13,343.15,0
2021-06-18 09:52:14,343.1,0
2021-06-18 09:52:15,343.05,0
2021-06-18 09:52:16,343.1,0
2021-06-18 09:52:17,343.1,0
2021-06-18 09:52:18,343.0,0
2021-06-18 09:52:19,342.9,0
2021-06-18 09:52:22,342.85,0
2021-06-18 09:52:23,342.9,0
2021-06-18 09:52:24,342.8,0
2021-06-18 09:52:25,342.85,0
2021-06-18 09:52:26,342.8,0
2021-06-18 09:52:27,342.75,0
2021-06-18 09:52:28,342.75,0
2021-06-18 09:52:29,342.75,0
2021-06-18 09:52:31,342.7,0
2021-06-18 09:52:32,342.75,0
2021-06-18 09:52:33,342.8,0
2021-06-18 09:52:34,342.85,0
2021-06-18 09:52:35,342.85,0
2021-06-18 09:52:37,342.8,0
2021-06-18 09:52:39,342.8,0
2021-06-18 09:52:41,342.65,0
2021-06-18 09:52:42,342.45,0
2021-06-18 09:52:43,342.5,0
2021-06-18 09:52:44,342.35,0
2021-06-18 09:52:45,342.35,0
2021-06-18 09:52:46,342.25,0
2021-06-18 09:52:47,342.25,0
2021-06-18 09:52:48,342.3,0
2021-06-18 09:52:49,342.3,0
2021-06-18 09:52:51,342.2,0
2021-06-18 09:52:53,342.15,0
2021-06-18 09:52:54,342.15,0
2021-06-18 09:52:55,342.1,0
2021-06-18 09:52:57,342.05,0
2021-06-18 09:53:03,342.15,0
2021-06-18 09:53:04,342.15,0
2021-06-18 09:53:05,342.1,0
2021-06-18 09:53:07,342.15,0
2021-06-18 09:53:08,342.25,0
2021-06-18 09:53:09,342.2,0
2021-06-18 09:53:10,342.15,0
2021-06-18 09:53:11,342.15,0
2021-06-18 09:53:12,342.15,0
2021-06-18 09:53:13,342.2,0
2021-06-18 09:53:14,342.2,0
2021-06-18 09:53:15,342.15,0
2021-06-18 09:53:16,342.2,0
2021-06-18 09:53:17,342.1,0
2021-06-18 09:53:18,342.1,0
2021-06-18 09:53:19,342.2,0
2021-06-18 09:53:20,342.1,0
2021-06-18 09:53:21,342.2,0
2021-06-18 09:53:22,342.15,0
2021-06-18 09:53:23,342.15,0
2021-06-18 09:53:24,342.25,0
2021-06-18 09:53:25,342.3,0
2021-06-18 09:53:26,342.25,0
2021-06-18 09:53:27,342.25,0
2021-06-18 09:53:28,342.3,0
2021-06-18 09:53:29,342.15,0
2021-06-18 09:53:30,342.15,0
2021-06-18 09:53:31,342.2,0
2021-06-18 09:53:32,342.15,0
2021-06-18 09:53:34,342.15,0
2021-06-18 09:53:35,342.1,0
2021-06-18 09:53:36,342.15,0
2021-06-18 09:53:37,342.15,0
2021-06-18 09:53:38,342.05,0
2021-06-18 09:53:40,342.15,0
2021-06-18 09:53:42,342.1,0
2021-06-18 09:53:44,342.15,0
2021-06-18 09:53:45,342.05,0
2021-06-18 09:53:46,342.05,0
2021-06-18 09:53:47,342.05,0
2021-06-18 09:53:49,341.95,0
2021-06-18 09:53:50,341.95,0
2021-06-18 09:53:52,341.75,0
2021-06-18 09:53:53,341.75,0
2021-06-18 09:53:54,341.7,0
2021-06-18 09:53:55,341.7,0
2021-06-18 09:53:56,341.7,0
2021-06-18 09:53:57,341.7,0
2021-06-18 09:53:58,341.7,0
2021-06-18 09:53:59,341.65,0
2021-06-18 09:54:00,341.65,0
2021-06-18 09:54:01,341.55,0
2021-06-18 09:54:02,341.5,0
2021-06-18 09:54:03,341.5,0
2021-06-18 09:54:04,341.45,0
2021-06-18 09:54:05,341.45,0
2021-06-18 09:54:06,341.45,0
2021-06-18 09:54:07,341.5,0
2021-06-18 09:54:08,341.5,0
2021-06-18 09:54:09,341.45,0
2021-06-18 09:54:10,341.55,0
2021-06-18 09:54:12,341.5,0
2021-06-18 09:54:13,341.45,0
2021-06-18 09:54:14,341.5,0
2021-06-18 09:54:15,341.7,0
2021-06-18 09:54:16,341.65,0
2021-06-18 09:54:17,341.65,0
2021-06-18 09:54:19,341.6,0
2021-06-18 09:54:20,341.65,0
2021-06-18 09:54:21,341.65,0
2021-06-18 09:54:22,341.6,0
2021-06-18 09:54:23,341.6,0
2021-06-18 09:54:24,341.6,0
2021-06-18 09:54:25,341.6,0
2021-06-18 09:54:28,341.75,0
2021-06-18 09:54:29,341.7,0
2021-06-18 09:54:30,341.7,0
2021-06-18 09:54:31,341.75,0
2021-06-18 09:54:32,341.8,0
2021-06-18 09:54:36,341.85,0
2021-06-18 09:54:37,341.85,0
2021-06-18 09:54:38,341.75,0
2021-06-18 09:54:39,341.75,0
2021-06-18 09:54:40,341.7,0
2021-06-18 09:54:42,341.7,0
2021-06-18 09:54:43,341.7,0
2021-06-18 09:54:44,341.7,0
2021-06-18 09:54:45,341.75,0
2021-06-18 09:54:46,341.75,0
2021-06-18 09:54:47,341.9,0
2021-06-18 09:54:49,341.85,0
2021-06-18 09:54:50,341.9,0
2021-06-18 09:54:51,341.85,0
2021-06-18 09:54:52,341.85,0
2021-06-18 09:54:53,341.8,0
2021-06-18 09:54:54,341.9,0
2021-06-18 09:54:55,341.95,0
2021-06-18 09:54:56,341.8,0
2021-06-18 09:54:57,341.8,0
2021-06-18 09:54:58,341.8,0
2021-06-18 09:54:59,341.8,0
2021-06-18 09:55:01,341.45,0
2021-06-18 09:55:02,341.5,0
2021-06-18 09:55:04,341.35,0
2021-06-18 09:55:05,341.45,0
2021-06-18 09:55:06,341.35,0
2021-06-18 09:55:08,341.3,0
2021-06-18 09:55:09,341.4,0
2021-06-18 09:55:10,341.35,0
2021-06-18 09:55:11,341.35,0
2021-06-18 09:55:13,341.5,0
2021-06-18 09:55:14,341.35,0
2021-06-18 09:55:15,341.35,0
2021-06-18 09:55:17,341.15,0
2021-06-18 09:55:18,341.15,0
2021-06-18 09:55:19,341.15,0
2021-06-18 09:55:21,341.25,0
2021-06-18 09:55:22,341.05,0
2021-06-18 09:55:23,341.15,0
2021-06-18 09:55:24,341.1,0
2021-06-18 09:55:26,341.05,0
2021-06-18 09:55:27,341.1,0
2021-06-18 09:55:28,341.0,0
2021-06-18 09:55:29,341.1,0
2021-06-18 09:55:30,341.0,0
2021-06-18 09:55:31,341.0,0
2021-06-18 09:55:32,340.95,0
2021-06-18 09:55:33,341.0,0
2021-06-18 09:55:34,340.95,0
2021-06-18 09:55:35,340.9,0
2021-06-18 09:55:37,340.95,0
2021-06-18 09:55:40,341.1,0
2021-06-18 09:55:41,341.1,0
2021-06-18 09:55:42,341.15,0
2021-06-18 09:55:43,341.1,0
2021-06-18 09:55:45,341.2,0
2021-06-18 09:55:46,341.2,0
2021-06-18 09:55:47,341.15,0
2021-06-18 09:55:48,341.05,0
2021-06-18 09:55:49,341.1,0
2021-06-18 09:55:50,341.05,0
2021-06-18 09:55:51,341.05,0
2021-06-18 09:55:56,341.05,0
2021-06-18 09:55:58,341.1,0
2021-06-18 09:56:00,341.05,0
2021-06-18 09:56:01,341.05,0
2021-06-18 09:56:02,341.05,0
2021-06-18 09:56:04,341.0,0
2021-06-18 09:56:05,341.0,0
2021-06-18 09:56:06,340.95,0
2021-06-18 09:56:07,341.05,0
2021-06-18 09:56:08,341.0,0
2021-06-18 09:56:09,340.95,0
2021-06-18 09:56:10,340.95,0
2021-06-18 09:56:11,341.0,0
2021-06-18 09:56:12,340.95,0
2021-06-18 09:56:13,340.95,0
2021-06-18 09:56:14,341.0,0
2021-06-18 09:56:19,340.95,0
2021-06-18 09:56:20,340.95,0
2021-06-18 09:56:21,340.9,0
2021-06-18 09:56:22,340.95,0
2021-06-18 09:56:23,340.85,0
2021-06-18 09:56:24,340.85,0
2021-06-18 09:56:25,340.85,0
2021-06-18 09:56:26,340.9,0
2021-06-18 09:56:27,340.95,0
2021-06-18 09:56:30,340.9,0
2021-06-18 09:56:31,340.9,0
2021-06-18 09:56:32,340.9,0
2021-06-18 09:56:33,340.95,0
2021-06-18 09:56:36,340.85,0
2021-06-18 09:56:37,340.85,0
2021-06-18 09:56:39,340.7,0
2021-06-18 09:56:40,340.7,0
2021-06-18 09:56:41,340.7,0
2021-06-18 09:56:43,340.75,0
2021-06-18 09:56:44,340.8,0
2021-06-18 09:56:45,340.75,0
2021-06-18 09:56:46,340.7,0
2021-06-18 09:56:47,340.65,0
2021-06-18 09:56:48,340.7,0
2021-06-18 09:56:52,340.45,0
2021-06-18 09:56:53,340.5,0
2021-06-18 09:56:55,340.35,0
2021-06-18 09:56:56,340.4,0
2021-06-18 09:56:57,340.4,0
2021-06-18 09:56:58,340.3,0
2021-06-18 09:56:59,340.3,0
2021-06-18 09:57:00,340.25,0
2021-06-18 09:57:01,340.15,0
2021-06-18 09:57:02,340.1,0
2021-06-18 09:57:03,340.05,0
2021-06-18 09:57:04,340.05,0
2021-06-18 09:57:07,340.1,0
2021-06-18 09:57:08,340.0,0
2021-06-18 09:57:09,340.0,0
2021-06-18 09:57:10,340.0,0
2021-06-18 09:57:12,340.0,0
2021-06-18 09:57:14,339.9,0
2021-06-18 09:57:16,339.85,0
2021-06-18 09:57:17,339.85,0
2021-06-18 09:57:18,339.85,0
2021-06-18 09:57:22,339.9,0
2021-06-18 09:57:24,339.9,0
2021-06-18 09:57:25,339.95,0
2021-06-18 09:57:27,339.95,0
2021-06-18 09:57:28,339.95,0
2021-06-18 09:57:29,340.0,0
2021-06-18 09:57:30,339.95,0
2021-06-18 09:57:31,339.9,0
2021-06-18 09:57:32,339.9,0
2021-06-18 09:57:33,339.95,0
2021-06-18 09:57:36,339.85,0
2021-06-18 09:57:39,339.85,0
2021-06-18 09:57:40,339.8,0
2021-06-18 09:57:44,339.8,0
2021-06-18 09:57:45,339.75,0
2021-06-18 09:57:46,339.85,0
2021-06-18 09:57:47,339.8,0
2021-06-18 09:57:48,339.75,0
2021-06-18 09:57:49,339.7,0
2021-06-18 09:57:51,339.65,0
2021-06-18 09:57:53,339.7,0
2021-06-18 09:57:54,339.7,0
2021-06-18 09:57:55,339.7,0
2021-06-18 09:57:56,339.65,0
2021-06-18 09:57:57,339.7,0
2021-06-18 09:58:01,339.85,0
2021-06-18 09:58:02,339.85,0
2021-06-18 09:58:05,339.8,0
2021-06-18 09:58:06,339.85,0
2021-06-18 09:58:07,340.0,0
2021-06-18 09:58:08,339.95,0
2021-06-18 09:58:09,340.1,0
2021-06-18 09:58:11,340.2,0
2021-06-18 09:58:12,340.25,0
2021-06-18 09:58:13,340.35,0
2021-06-18 09:58:14,340.5,0
2021-06-18 09:58:15,340.6,0
2021-06-18 09:58:16,340.55,0
2021-06-18 09:58:17,340.55,0
2021-06-18 09:58:18,340.6,0
2021-06-18 09:58:19,340.65,0
2021-06-18 09:58:20,340.6,0
2021-06-18 09:58:21,340.45,0
2021-06-18 09:58:22,340.45,0
2021-06-18 09:58:23,340.5,0
2021-06-18 09:58:24,340.55,0
2021-06-18 09:58:26,340.65,0
2021-06-18 09:58:27,340.65,0
2021-06-18 09:58:28,340.65,0
2021-06-18 09:58:29,340.65,0
2021-06-18 09:58:30,340.65,0
2021-06-18 09:58:32,340.65,0
2021-06-18 09:58:33,340.65,0
2021-06-18 09:58:35,340.9,0
2021-06-18 09:58:37,340.95,0
2021-06-18 09:58:38,340.9,0
2021-06-18 09:58:40,340.9,0
2021-06-18 09:58:41,340.8,0
2021-06-18 09:58:42,340.75,0
2021-06-18 09:58:43,340.8,0
2021-06-18 09:58:44,340.7,0
2021-06-18 09:58:45,340.8,0
2021-06-18 09:58:46,340.8,0
2021-06-18 09:58:47,340.8,0
2021-06-18 09:58:48,340.75,0
2021-06-18 09:58:49,340.75,0
2021-06-18 09:58:50,340.8,0
2021-06-18 09:58:51,340.8,0
2021-06-18 09:58:53,340.6,0
2021-06-18 09:58:54,340.6,0
2021-06-18 09:58:55,340.6,0
2021-06-18 09:58:56,340.7,0
2021-06-18 09:58:57,340.65,0
2021-06-18 09:59:01,340.9,0
2021-06-18 09:59:02,341.0,0
2021-06-18 09:59:04,340.95,0
2021-06-18 09:59:05,340.95,0
2021-06-18 09:59:06,340.95,0
2021-06-18 09:59:08,340.95,0
2021-06-18 09:59:09,340.95,0
2021-06-18 09:59:10,341.0,0
2021-06-18 09:59:11,341.0,0
2021-06-18 09:59:12,340.95,0
2021-06-18 09:59:14,340.9,0
2021-06-18 09:59:15,340.95,0
2021-06-18 09:59:16,341.05,0
2021-06-18 09:59:17,341.05,0
2021-06-18 09:59:18,341.05,0
2021-06-18 09:59:19,340.95,0
2021-06-18 09:59:20,340.95,0
2021-06-18 09:59:21,340.9,0
2021-06-18 09:59:22,340.85,0
2021-06-18 09:59:23,340.9,0
2021-06-18 09:59:24,340.9,0
2021-06-18 09:59:26,340.85,0
2021-06-18 09:59:27,340.85,0
2021-06-18 09:59:30,340.8,0
2021-06-18 09:59:31,340.85,0
2021-06-18 09:59:32,340.9,0
2021-06-18 09:59:34,340.9,0
2021-06-18 09:59:35,340.65,0
2021-06-18 09:59:36,340.7,0
2021-06-18 09:59:37,340.75,0
2021-06-18 09:59:38,340.7,0
2021-06-18 09:59:39,340.75,0
2021-06-18 09:59:40,340.75,0
2021-06-18 09:59:41,340.75,0
2021-06-18 09:59:42,340.7,0
2021-06-18 09:59:43,340.75,0
2021-06-18 09:59:44,340.7,0
2021-06-18 09:59:45,340.65,0
2021-06-18 09:59:46,340.7,0
2021-06-18 09:59:47,340.75,0
2021-06-18 09:59:48,340.75,0
2021-06-18 09:59:50,340.7,0
2021-06-18 09:59:51,340.75,0
2021-06-18 09:59:53,340.75,0
2021-06-18 09:59:54,340.8,0
2021-06-18 09:59:55,340.75,0
2021-06-18 09:59:56,340.75,0
2021-06-18 09:59:57,340.75,0
2021-06-18 09:59:58,340.75,0
2021-06-18 09:59:59,340.75,0
2021-06-18 10:00:00,340.7,0
2021-06-18 10:00:01,340.65,0
2021-06-18 10:00:04,340.6,0
2021-06-18 10:00:05,340.65,0
2021-06-18 10:00:06,340.65,0
2021-06-18 10:00:07,340.6,0
2021-06-18 10:00:08,340.6,0
2021-06-18 10:00:09,340.6,0
2021-06-18 10:00:10,340.55,0
2021-06-18 10:00:11,340.55,0
2021-06-18 10:00:12,340.55,0
2021-06-18 10:00:13,340.6,0
2021-06-18 10:00:14,340.6,0
2021-06-18 10:00:15,340.45,0
2021-06-18 10:00:16,340.45,0
2021-06-18 10:00:17,340.35,0
2021-06-18 10:00:18,340.35,0
2021-06-18 10:00:19,340.25,0
2021-06-18 10:00:20,340.2,0
2021-06-18 10:00:21,340.1,0
2021-06-18 10:00:22,340.05,0
2021-06-18 10:00:23,340.1,0
2021-06-18 10:00:24,340.05,0
2021-06-18 10:00:25,340.15,0
2021-06-18 10:00:26,340.15,0
2021-06-18 10:00:27,340.15,0
2021-06-18 10:00:28,340.05,0
2021-06-18 10:00:29,340.0,0
2021-06-18 10:00:31,340.15,0
2021-06-18 10:00:32,340.1,0
2021-06-18 10:00:33,340.2,0
2021-06-18 10:00:34,340.2,0
2021-06-18 10:00:35,340.25,0
2021-06-18 10:00:36,340.2,0
2021-06-18 10:00:37,340.25,0
2021-06-18 10:00:39,340.25,0
2021-06-18 10:00:40,340.2,0
2021-06-18 10:00:42,340.3,0
2021-06-18 10:00:43,340.3,0
2021-06-18 10:00:44,340.3,0
2021-06-18 10:00:46,340.3,0
2021-06-18 10:00:47,340.4,0
2021-06-18 10:00:48,340.35,0
2021-06-18 10:00:49,340.3,0
2021-06-18 10:00:51,340.35,0
2021-06-18 10:00:52,340.3,0
2021-06-18 10:00:55,340.25,0
2021-06-18 10:00:56,340.25,0
2021-06-18 10:00:57,340.35,0
2021-06-18 10:00:58,340.35,0
2021-06-18 10:00:59,340.35,0
2021-06-18 10:01:00,340.35,0
2021-06-18 10:01:01,340.3,0
2021-06-18 10:01:02,340.3,0
2021-06-18 10:01:03,340.3,0
2021-06-18 10:01:04,340.3,0
2021-06-18 10:01:05,340.3,0
2021-06-18 10:01:06,340.3,0
2021-06-18 10:01:07,340.25,0
2021-06-18 10:01:08,340.25,0
2021-06-18 10:01:10,340.4,0
2021-06-18 10:01:11,340.4,0
2021-06-18 10:01:12,340.35,0
2021-06-18 10:01:13,340.35,0
2021-06-18 10:01:14,340.25,0
2021-06-18 10:01:15,340.3,0
2021-06-18 10:01:16,340.35,0
2021-06-18 10:01:18,340.4,0
2021-06-18 10:01:19,340.4,0
2021-06-18 10:01:20,340.45,0
2021-06-18 10:01:21,340.5,0
2021-06-18 10:01:22,340.45,0
2021-06-18 10:01:24,340.7,0
2021-06-18 10:01:25,340.65,0
2021-06-18 10:01:26,340.65,0
2021-06-18 10:01:27,340.8,0
2021-06-18 10:01:28,340.8,0
2021-06-18 10:01:30,341.05,0
2021-06-18 10:01:32,340.95,0
2021-06-18 10:01:34,340.9,0
2021-06-18 10:01:35,340.85,0
2021-06-18 10:01:37,340.85,0
2021-06-18 10:01:40,340.9,0
2021-06-18 10:01:41,340.95,0
2021-06-18 10:01:42,340.95,0
2021-06-18 10:01:43,340.9,0
2021-06-18 10:01:44,340.85,0
2021-06-18 10:01:45,340.9,0
2021-06-18 10:01:46,340.95,0
2021-06-18 10:01:47,340.95,0
2021-06-18 10:01:48,341.0,0
2021-06-18 10:01:49,341.0,0
2021-06-18 10:01:50,340.9,0
2021-06-18 10:01:53,340.85,0
2021-06-18 10:01:54,340.85,0
2021-06-18 10:01:55,340.9,0
2021-06-18 10:01:56,340.95,0
2021-06-18 10:01:57,340.85,0
2021-06-18 10:01:58,340.9,0
2021-06-18 10:01:59,340.9,0
2021-06-18 10:02:00,340.9,0
2021-06-18 10:02:01,340.85,0
2021-06-18 10:02:02,340.9,0
2021-06-18 10:02:03,340.95,0
2021-06-18 10:02:04,340.9,0
2021-06-18 10:02:05,340.95,0
2021-06-18 10:02:06,340.95,0
2021-06-18 10:02:07,340.95,0
2021-06-18 10:02:08,340.95,0
2021-06-18 10:02:09,341.0,0
2021-06-18 10:02:10,341.0,0
2021-06-18 10:02:13,341.0,0
2021-06-18 10:02:15,341.1,0
2021-06-18 10:02:16,341.1,0
2021-06-18 10:02:17,341.1,0
2021-06-18 10:02:18,341.1,0
2021-06-18 10:02:19,341.1,0
2021-06-18 10:02:20,341.1,0
2021-06-18 10:02:21,341.15,0
2021-06-18 10:02:22,341.05,0
2021-06-18 10:02:23,341.15,0
2021-06-18 10:02:24,341.2,0
2021-06-18 10:02:25,341.4,0
2021-06-18 10:02:26,341.4,0
2021-06-18 10:02:27,341.4,0
2021-06-18 10:02:28,341.45,0
2021-06-18 10:02:29,341.45,0
2021-06-18 10:02:31,341.5,0
2021-06-18 10:02:32,341.5,0
2021-06-18 10:02:33,341.5,0
2021-06-18 10:02:35,341.6,0
2021-06-18 10:02:37,341.6,0
2021-06-18 10:02:38,341.6,0
2021-06-18 10:02:39,341.75,0
2021-06-18 10:02:41,341.65,0
2021-06-18 10:02:42,341.7,0
2021-06-18 10:02:43,341.95,0
2021-06-18 10:02:44,341.95,0
2021-06-18 10:02:45,342.05,0
2021-06-18 10:02:46,342.0,0
2021-06-18 10:02:47,342.05,0
2021-06-18 10:02:49,342.15,0
2021-06-18 10:02:50,342.05,0
2021-06-18 10:02:51,342.05,0
2021-06-18 10:02:52,342.2,0
2021-06-18 10:02:53,342.3,0
2021-06-18 10:02:54,342.3,0
2021-06-18 10:02:55,342.3,0
2021-06-18 10:02:56,342.4,0
2021-06-18 10:02:57,342.45,0
2021-06-18 10:02:59,342.55,0
2021-06-18 10:03:00,342.5,0
2021-06-18 10:03:01,342.4,0
2021-06-18 10:03:02,342.3,0
2021-06-18 10:03:03,342.45,0
2021-06-18 10:03:05,342.45,0
2021-06-18 10:03:08,342.3,0
2021-06-18 10:03:09,342.4,0
2021-06-18 10:03:10,342.3,0
2021-06-18 10:03:11,342.3,0
2021-06-18 10:03:13,342.35,0
2021-06-18 10:03:14,342.35,0
2021-06-18 10:03:15,342.4,0
2021-06-18 10:03:16,342.4,0
2021-06-18 10:03:17,342.4,0
2021-06-18 10:03:19,342.5,0
2021-06-18 10:03:20,342.5,0
2021-06-18 10:03:22,342.6,0
2021-06-18 10:03:23,342.55,0
2021-06-18 10:03:24,342.55,0
2021-06-18 10:03:26,342.5,0
2021-06-18 10:03:27,342.45,0
2021-06-18 10:03:28,342.45,0
2021-06-18 10:03:29,342.4,0
2021-06-18 10:03:30,342.45,0
2021-06-18 10:03:31,342.4,0
2021-06-18 10:03:32,342.45,0
2021-06-18 10:03:34,342.4,0
2021-06-18 10:03:35,342.5,0
2021-06-18 10:03:36,342.5,0
2021-06-18 10:03:37,342.5,0
2021-06-18 10:03:38,342.5,0
2021-06-18 10:03:39,342.6,0
2021-06-18 10:03:40,342.6,0
2021-06-18 10:03:41,342.55,0
2021-06-18 10:03:43,342.55,0
2021-06-18 10:03:44,342.7,0
2021-06-18 10:03:46,342.65,0
2021-06-18 10:03:47,342.65,0
2021-06-18 10:03:49,342.75,0
2021-06-18 10:03:50,342.7,0
2021-06-18 10:03:51,342.85,0
2021-06-18 10:03:53,342.85,0
2021-06-18 10:03:54,342.85,0
2021-06-18 10:03:55,342.85,0
2021-06-18 10:03:56,342.8,0
2021-06-18 10:03:57,342.8,0
2021-06-18 10:03:58,342.8,0
2021-06-18 10:03:59,342.8,0
2021-06-18 10:04:00,342.9,0
2021-06-18 10:04:02,342.95,0
2021-06-18 10:04:03,343.05,0
2021-06-18 10:04:05,343.0,0
2021-06-18 10:04:06,343.0,0
2021-06-18 10:04:07,343.0,0
2021-06-18 10:04:08,342.9,0
2021-06-18 10:04:09,342.95,0
2021-06-18 10:04:10,342.9,0
2021-06-18 10:04:12,342.9,0
2021-06-18 10:04:13,342.85,0
2021-06-18 10:04:14,342.85,0
2021-06-18 10:04:15,342.95,0
2021-06-18 10:04:16,342.9,0
2021-06-18 10:04:17,342.85,0
2021-06-18 10:04:18,342.8,0
2021-06-18 10:04:21,342.8,0
2021-06-18 10:04:22,342.85,0
2021-06-18 10:04:23,342.85,0
2021-06-18 10:04:24,342.85,0
2021-06-18 10:04:25,342.9,0
2021-06-18 10:04:26,342.85,0
2021-06-18 10:04:27,342.9,0
2021-06-18 10:04:28,342.9,0
2021-06-18 10:04:29,343.0,0
2021-06-18 10:04:30,343.0,0
2021-06-18 10:04:31,342.9,0
2021-06-18 10:04:32,342.85,0
2021-06-18 10:04:33,342.9,0
2021-06-18 10:04:36,342.95,0
2021-06-18 10:04:37,342.85,0
2021-06-18 10:04:38,342.9,0
2021-06-18 10:04:39,342.95,0
2021-06-18 10:04:40,342.9,0
2021-06-18 10:04:42,342.85,0
2021-06-18 10:04:43,342.75,0
2021-06-18 10:04:44,342.85,0
2021-06-18 10:04:46,342.85,0
2021-06-18 10:04:49,342.7,0
2021-06-18 10:04:50,342.7,0
2021-06-18 10:04:51,342.6,0
2021-06-18 10:04:53,342.55,0
2021-06-18 10:04:56,342.65,0
2021-06-18 10:04:57,342.7,0
2021-06-18 10:04:58,342.7,0
2021-06-18 10:04:59,342.65,0
2021-06-18 10:05:01,342.7,0
2021-06-18 10:05:03,342.65,0
2021-06-18 10:05:04,342.65,0
2021-06-18 10:05:05,342.55,0
2021-06-18 10:05:07,342.7,0
2021-06-18 10:05:09,342.95,0
2021-06-18 10:05:10,342.95,0
2021-06-18 10:05:11,342.95,0
2021-06-18 10:05:12,342.9,0
2021-06-18 10:05:13,343.0,0
2021-06-18 10:05:16,343.0,0
2021-06-18 10:05:17,343.05,0
2021-06-18 10:05:19,343.05,0
2021-06-18 10:05:20,343.05,0
2021-06-18 10:05:21,343.0,0
2021-06-18 10:05:23,343.15,0
2021-06-18 10:05:24,343.1,0
2021-06-18 10:05:25,343.1,0
2021-06-18 10:05:26,343.15,0
2021-06-18 10:05:27,343.1,0
2021-06-18 10:05:28,343.0,0
2021-06-18 10:05:29,343.05,0
2021-06-18 10:05:30,343.05,0
2021-06-18 10:05:31,343.05,0
2021-06-18 10:05:32,343.15,0
2021-06-18 10:05:33,343.1,0
2021-06-18 10:05:34,343.15,0
2021-06-18 10:05:36,343.2,0
2021-06-18 10:05:37,343.15,0
2021-06-18 10:05:38,343.15,0
2021-06-18 10:05:39,343.1,0
2021-06-18 10:05:40,343.05,0
2021-06-18 10:05:41,343.1,0
2021-06-18 10:05:42,343.15,0
2021-06-18 10:05:44,343.1,0
2021-06-18 10:05:45,343.15,0
2021-06-18 10:05:46,343.15,0
2021-06-18 10:05:47,343.15,0
2021-06-18 10:05:48,343.15,0
2021-06-18 10:05:49,343.1,0
2021-06-18 10:05:50,343.05,0
2021-06-18 10:05:52,343.05,0
2021-06-18 10:05:53,343.05,0
2021-06-18 10:05:54,343.0,0
2021-06-18 10:05:55,343.0,0
2021-06-18 10:05:56,343.0,0
2021-06-18 10:05:58,343.1,0
2021-06-18 10:05:59,343.2,0
2021-06-18 10:06:00,343.2,0
2021-06-18 10:06:01,343.2,0
2021-06-18 10:06:02,343.2,0
2021-06-18 10:06:03,343.15,0
2021-06-18 10:06:04,343.1,0
2021-06-18 10:06:07,343.05,0
2021-06-18 10:06:08,343.05,0
2021-06-18 10:06:09,343.1,0
2021-06-18 10:06:10,343.15,0
2021-06-18 10:06:11,343.15,0
2021-06-18 10:06:12,343.15,0
2021-06-18 10:06:13,343.15,0
2021-06-18 10:06:14,343.1,0
2021-06-18 10:06:18,343.25,0
2021-06-18 10:06:19,343.2,0
2021-06-18 10:06:20,343.25,0
2021-06-18 10:06:21,343.15,0
2021-06-18 10:06:22,343.15,0
2021-06-18 10:06:24,343.25,0
2021-06-18 10:06:25,343.2,0
2021-06-18 10:06:26,343.2,0
2021-06-18 10:06:27,343.25,0
2021-06-18 10:06:28,343.2,0
2021-06-18 10:06:31,343.25,0
2021-06-18 10:06:32,343.25,0
2021-06-18 10:06:33,343.25,0
2021-06-18 10:06:34,343.3,0
2021-06-18 10:06:35,343.3,0
2021-06-18 10:06:36,343.35,0
2021-06-18 10:06:37,343.3,0
2021-06-18 10:06:38,343.35,0
2021-06-18 10:06:39,343.35,0
2021-06-18 10:06:40,343.35,0
2021-06-18 10:06:42,343.3,0
2021-06-18 10:06:43,343.3,0
2021-06-18 10:06:44,343.3,0
2021-06-18 10:06:45,343.3,0
2021-06-18 10:06:47,343.35,0
2021-06-18 10:06:48,343.35,0
2021-06-18 10:06:49,343.35,0
2021-06-18 10:06:50,343.3,0
2021-06-18 10:06:51,343.35,0
2021-06-18 10:06:53,343.35,0
2021-06-18 10:06:54,343.35,0
2021-06-18 10:06:55,343.35,0
2021-06-18 10:06:57,343.4,0
2021-06-18 10:06:59,343.35,0
2021-06-18 10:07:01,343.4,0
2021-06-18 10:07:02,343.35,0
2021-06-18 10:07:03,343.3,0
2021-06-18 10:07:04,343.3,0
2021-06-18 10:07:05,343.3,0
2021-06-18 10:07:07,343.1,0
2021-06-18 10:07:08,343.05,0
2021-06-18 10:07:09,343.05,0
2021-06-18 10:07:10,343.0,0
2021-06-18 10:07:11,343.05,0
2021-06-18 10:07:12,342.95,0
2021-06-18 10:07:13,342.95,0
2021-06-18 10:07:14,342.95,0
2021-06-18 10:07:15,342.95,0
2021-06-18 10:07:16,342.85,0
2021-06-18 10:07:17,342.85,0
2021-06-18 10:07:18,342.75,0
2021-06-18 10:07:20,342.85,0
2021-06-18 10:07:21,342.7,0
2021-06-18 10:07:22,342.7,0
2021-06-18 10:07:23,342.65,0
2021-06-18 10:07:24,342.6,0
2021-06-18 10:07:26,342.65,0
2021-06-18 10:07:27,342.65,0
2021-06-18 10:07:28,342.6,0
2021-06-18 10:07:29,342.65,0
2021-06-18 10:07:31,342.65,0
2021-06-18 10:07:32,342.65,0
2021-06-18 10:07:33,342.65,0
2021-06-18 10:07:34,342.6,0
2021-06-18 10:07:35,342.6,0
2021-06-18 10:07:36,342.6,0
2021-06-18 10:07:37,342.6,0
2021-06-18 10:07:38,342.65,0
2021-06-18 10:07:39,342.5,0
2021-06-18 10:07:41,342.45,0
2021-06-18 10:07:42,342.45,0
2021-06-18 10:07:43,342.45,0
2021-06-18 10:07:45,342.05,0
2021-06-18 10:07:46,342.05,0
2021-06-18 10:07:47,342.0,0
2021-06-18 10:07:48,342.0,0
2021-06-18 10:07:49,341.9,0
2021-06-18 10:07:50,341.9,0
2021-06-18 10:07:51,341.85,0
2021-06-18 10:07:53,341.8,0
2021-06-18 10:07:54,341.8,0
2021-06-18 10:07:55,341.85,0
2021-06-18 10:07:56,341.8,0
2021-06-18 10:07:57,341.9,0
2021-06-18 10:07:59,342.05,0
2021-06-18 10:08:01,342.05,0
2021-06-18 10:08:02,341.95,0
2021-06-18 10:08:03,341.95,0
2021-06-18 10:08:04,341.95,0
2021-06-18 10:08:05,342.0,0
2021-06-18 10:08:06,341.95,0
2021-06-18 10:08:07,342.0,0
2021-06-18 10:08:08,342.0,0
2021-06-18 10:08:09,341.9,0
2021-06-18 10:08:10,341.85,0
2021-06-18 10:08:12,341.95,0
2021-06-18 10:08:13,342.0,0
2021-06-18 10:08:15,342.1,0
2021-06-18 10:08:17,342.25,0
2021-06-18 10:08:18,342.3,0
2021-06-18 10:08:20,342.35,0
2021-06-18 10:08:21,342.3,0
2021-06-18 10:08:23,342.25,0
2021-06-18 10:08:24,342.25,0
2021-06-18 10:08:25,342.2,0
2021-06-18 10:08:27,342.25,0
2021-06-18 10:08:28,342.25,0
2021-06-18 10:08:29,342.25,0
2021-06-18 10:08:31,342.3,0
2021-06-18 10:08:32,342.3,0
2021-06-18 10:08:33,342.3,0
2021-06-18 10:08:34,342.3,0
2021-06-18 10:08:35,342.3,0
2021-06-18 10:08:36,342.3,0
2021-06-18 10:08:37,342.25,0
2021-06-18 10:08:38,342.25,0
2021-06-18 10:08:40,342.15,0
2021-06-18 10:08:41,342.15,0
2021-06-18 10:08:42,342.15,0
2021-06-18 10:08:43,342.2,0
2021-06-18 10:08:44,342.1,0
2021-06-18 10:08:45,342.15,0
2021-06-18 10:08:46,342.15,0
2021-06-18 10:08:47,342.1,0
2021-06-18 10:08:48,342.15,0
2021-06-18 10:08:49,342.15,0
2021-06-18 10:08:50,342.15,0
2021-06-18 10:08:51,342.1,0
2021-06-18 10:08:52,342.05,0
2021-06-18 10:08:53,342.05,0
2021-06-18 10:08:54,342.05,0
2021-06-18 10:08:55,342.0,0
2021-06-18 10:08:56,341.95,0
2021-06-18 10:08:57,342.05,0
2021-06-18 10:08:58,342.05,0
2021-06-18 10:08:59,342.05,0
2021-06-18 10:09:00,341.9,0
2021-06-18 10:09:01,341.9,0
2021-06-18 10:09:02,341.95,0
2021-06-18 10:09:03,341.95,0
2021-06-18 10:09:05,341.9,0
2021-06-18 10:09:06,342.0,0
2021-06-18 10:09:07,342.0,0
2021-06-18 10:09:08,341.95,0
2021-06-18 10:09:09,341.9,0
2021-06-18 10:09:11,341.9,0
2021-06-18 10:09:12,341.9,0
2021-06-18 10:09:14,342.2,0
2021-06-18 10:09:16,342.25,0
2021-06-18 10:09:17,342.25,0
2021-06-18 10:09:18,342.15,0
2021-06-18 10:09:19,342.2,0
2021-06-18 10:09:20,342.15,0
2021-06-18 10:09:23,342.15,0
2021-06-18 10:09:24,342.25,0
2021-06-18 10:09:25,342.2,0
2021-06-18 10:09:26,342.2,0
2021-06-18 10:09:27,342.25,0
2021-06-18 10:09:28,342.25,0
2021-06-18 10:09:29,342.3,0
2021-06-18 10:09:30,342.3,0
2021-06-18 10:09:31,342.25,0
2021-06-18 10:09:32,342.2,0
2021-06-18 10:09:33,342.25,0
2021-06-18 10:09:34,342.3,0
2021-06-18 10:09:35,342.3,0
2021-06-18 10:09:36,342.3,0
2021-06-18 10:09:37,342.25,0
2021-06-18 10:09:38,342.25,0
2021-06-18 10:09:39,342.3,0
2021-06-18 10:09:40,342.3,0
2021-06-18 10:09:41,342.35,0
2021-06-18 10:09:42,342.3,0
2021-06-18 10:09:43,342.35,0
2021-06-18 10:09:44,342.3,0
2021-06-18 10:09:45,342.35,0
2021-06-18 10:09:46,342.35,0
2021-06-18 10:09:49,342.3,0
2021-06-18 10:09:50,342.3,0
2021-06-18 10:09:51,342.3,0
2021-06-18 10:09:55,342.4,0
2021-06-18 10:09:56,342.4,0
2021-06-18 10:09:57,342.4,0
2021-06-18 10:09:58,342.4,0
2021-06-18 10:09:59,342.35,0
2021-06-18 10:10:00,342.35,0
2021-06-18 10:10:01,342.35,0
2021-06-18 10:10:02,342.3,0
2021-06-18 10:10:03,342.3,0
2021-06-18 10:10:04,342.3,0
2021-06-18 10:10:06,342.25,0
2021-06-18 10:10:07,342.3,0
2021-06-18 10:10:08,342.3,0
2021-06-18 10:10:09,342.25,0
2021-06-18 10:10:11,342.25,0
2021-06-18 10:10:12,342.3,0
2021-06-18 10:10:13,342.25,0
2021-06-18 10:10:14,342.3,0
2021-06-18 10:10:15,342.25,0
2021-06-18 10:10:16,342.25,0
2021-06-18 10:10:18,342.3,0
2021-06-18 10:10:19,342.3,0
2021-06-18 10:10:20,342.3,0
2021-06-18 10:10:21,342.25,0
2021-06-18 10:10:22,342.1,0
2021-06-18 10:10:23,342.1,0
2021-06-18 10:10:24,342.1,0
2021-06-18 10:10:28,342.05,0
2021-06-18 10:10:29,342.1,0
2021-06-18 10:10:30,342.05,0
2021-06-18 10:10:31,342.05,0
2021-06-18 10:10:32,342.05,0
2021-06-18 10:10:33,342.0,0
2021-06-18 10:10:34,342.1,0
2021-06-18 10:10:36,342.05,0
2021-06-18 10:10:37,341.9,0
2021-06-18 10:10:38,341.9,0
2021-06-18 10:10:42,341.85,0
2021-06-18 10:10:43,341.8,0
2021-06-18 10:10:44,341.75,0
2021-06-18 10:10:45,341.75,0
2021-06-18 10:10:46,341.75,0
2021-06-18 10:10:47,341.75,0
2021-06-18 10:10:48,341.65,0
2021-06-18 10:10:50,341.6,0
2021-06-18 10:10:51,341.65,0
2021-06-18 10:10:53,341.6,0
2021-06-18 10:10:54,341.6,0
2021-06-18 10:10:55,341.6,0
2021-06-18 10:10:56,341.7,0
2021-06-18 10:10:57,341.65,0
2021-06-18 10:10:58,341.65,0
2021-06-18 10:10:59,341.6,0
2021-06-18 10:11:01,341.6,0
2021-06-18 10:11:02,341.7,0
2021-06-18 10:11:04,341.65,0
2021-06-18 10:11:05,341.65,0
2021-06-18 10:11:06,341.6,0
2021-06-18 10:11:07,341.55,0
2021-06-18 10:11:08,341.6,0
2021-06-18 10:11:09,341.55,0
2021-06-18 10:11:10,341.6,0
2021-06-18 10:11:12,341.65,0
2021-06-18 10:11:13,341.8,0
2021-06-18 10:11:14,341.8,0
2021-06-18 10:11:15,341.75,0
2021-06-18 10:11:16,341.75,0
2021-06-18 10:11:17,341.75,0
2021-06-18 10:11:18,341.75,0
2021-06-18 10:11:19,341.75,0
2021-06-18 10:11:20,341.7,0
2021-06-18 10:11:22,341.75,0
2021-06-18 10:11:23,341.8,0
2021-06-18 10:11:24,341.9,0
2021-06-18 10:11:25,341.8,0
2021-06-18 10:11:26,341.85,0
2021-06-18 10:11:28,341.85,0
2021-06-18 10:11:29,341.9,0
2021-06-18 10:11:31,341.8,0
2021-06-18 10:11:32,341.85,0
2021-06-18 10:11:34,341.95,0
2021-06-18 10:11:35,341.9,0
2021-06-18 10:11:36,341.95,0
2021-06-18 10:11:38,341.95,0
2021-06-18 10:11:40,342.2,0
2021-06-18 10:11:43,342.15,0
2021-06-18 10:11:44,342.05,0
2021-06-18 10:11:45,342.15,0
2021-06-18 10:11:46,342.15,0
2021-06-18 10:11:47,342.1,0
2021-06-18 10:11:48,342.1,0
2021-06-18 10:11:49,342.15,0
2021-06-18 10:11:50,342.2,0
2021-06-18 10:11:51,342.2,0
2021-06-18 10:11:52,342.2,0
2021-06-18 10:11:53,342.1,0
2021-06-18 10:11:54,342.1,0
2021-06-18 10:11:55,342.05,0
2021-06-18 10:11:56,342.1,0
2021-06-18 10:11:57,342.15,0
2021-06-18 10:11:58,342.15,0
2021-06-18 10:12:00,342.15,0
2021-06-18 10:12:01,342.2,0
2021-06-18 10:12:02,342.2,0
2021-06-18 10:12:03,342.2,0
2021-06-18 10:12:04,342.15,0
2021-06-18 10:12:05,342.15,0
2021-06-18 10:12:06,342.15,0
2021-06-18 10:12:07,342.15,0
2021-06-18 10:12:08,342.15,0
2021-06-18 10:12:10,342.15,0
2021-06-18 10:12:11,342.15,0
2021-06-18 10:12:12,342.15,0
2021-06-18 10:12:13,342.25,0
2021-06-18 10:12:14,342.25,0
2021-06-18 10:12:15,342.3,0
2021-06-18 10:12:17,342.35,0
2021-06-18 10:12:18,342.4,0
2021-06-18 10:12:19,342.35,0
2021-06-18 10:12:21,342.35,0
2021-06-18 10:12:22,342.3,0
2021-06-18 10:12:23,342.35,0
2021-06-18 10:12:24,342.35,0
2021-06-18 10:12:25,342.35,0
2021-06-18 10:12:26,342.4,0
2021-06-18 10:12:27,342.4,0
2021-06-18 10:12:28,342.35,0
2021-06-18 10:12:29,342.3,0
2021-06-18 10:12:30,342.35,0
2021-06-18 10:12:31,342.35,0
2021-06-18 10:12:32,342.3,0
2021-06-18 10:12:33,342.3,0
2021-06-18 10:12:34,342.25,0
2021-06-18 10:12:35,342.25,0
2021-06-18 10:12:36,342.3,0
2021-06-18 10:12:37,342.25,0
2021-06-18 10:12:38,342.25,0
2021-06-18 10:12:40,342.3,0
2021-06-18 10:12:41,342.25,0
2021-06-18 10:12:42,342.2,0
2021-06-18 10:12:43,342.2,0
2021-06-18 10:12:44,342.25,0
2021-06-18 10:12:47,342.25,0
2021-06-18 10:12:46,342.25,0
2021-06-18 10:12:48,342.25,0
2021-06-18 10:12:49,342.25,0
2021-06-18 10:12:50,342.25,0
2021-06-18 10:12:51,342.35,0
2021-06-18 10:12:52,342.35,0
2021-06-18 10:12:54,342.4,0
2021-06-18 10:12:55,342.4,0
2021-06-18 10:12:56,342.3,0
2021-06-18 10:12:57,342.3,0
2021-06-18 10:12:58,342.35,0
2021-06-18 10:13:01,342.35,0
2021-06-18 10:13:02,342.35,0
2021-06-18 10:13:03,342.35,0
2021-06-18 10:13:04,342.35,0
2021-06-18 10:13:05,342.35,0
2021-06-18 10:13:06,342.35,0
2021-06-18 10:13:07,342.3,0
2021-06-18 10:13:08,342.3,0
2021-06-18 10:13:09,342.3,0
2021-06-18 10:13:10,342.4,0
2021-06-18 10:13:11,342.35,0
2021-06-18 10:13:12,342.4,0
2021-06-18 10:13:14,342.35,0
2021-06-18 10:13:15,342.25,0
2021-06-18 10:13:16,342.25,0
2021-06-18 10:13:17,342.25,0
2021-06-18 10:13:18,342.25,0
2021-06-18 10:13:19,342.25,0
2021-06-18 10:13:20,342.25,0
2021-06-18 10:13:21,342.25,0
2021-06-18 10:13:22,342.25,0
2021-06-18 10:13:23,342.25,0
2021-06-18 10:13:25,342.25,0
2021-06-18 10:13:26,342.25,0
2021-06-18 10:13:27,342.2,0
2021-06-18 10:13:29,342.25,0
2021-06-18 10:13:30,342.25,0
2021-06-18 10:13:31,342.25,0
2021-06-18 10:13:33,342.25,0
2021-06-18 10:13:34,342.25,0
2021-06-18 10:13:35,342.25,0
2021-06-18 10:13:36,342.25,0
2021-06-18 10:13:37,342.25,0
2021-06-18 10:13:38,342.3,0
2021-06-18 10:13:40,342.35,0
2021-06-18 10:13:41,342.25,0
2021-06-18 10:13:42,342.25,0
2021-06-18 10:13:43,342.15,0
2021-06-18 10:13:44,342.15,0
2021-06-18 10:13:46,342.2,0
2021-06-18 10:13:47,342.15,0
2021-06-18 10:13:49,342.25,0
2021-06-18 10:13:50,342.2,0
2021-06-18 10:13:51,342.25,0
2021-06-18 10:13:52,342.25,0
2021-06-18 10:13:53,342.2,0
2021-06-18 10:13:54,342.2,0
2021-06-18 10:13:55,342.2,0
2021-06-18 10:13:56,342.35,0
2021-06-18 10:13:57,342.3,0
2021-06-18 10:13:58,342.3,0
2021-06-18 10:13:59,342.25,0
2021-06-18 10:14:00,342.25,0
2021-06-18 10:14:02,342.35,0
2021-06-18 10:14:03,342.35,0
2021-06-18 10:14:04,342.35,0
2021-06-18 10:14:05,342.35,0
2021-06-18 10:14:06,342.4,0
2021-06-18 10:14:07,342.45,0
2021-06-18 10:14:08,342.45,0
2021-06-18 10:14:09,342.5,0
2021-06-18 10:14:10,342.5,0
2021-06-18 10:14:12,342.5,0
2021-06-18 10:14:11,342.5,0
2021-06-18 10:14:13,342.5,0
2021-06-18 10:14:17,342.45,0
2021-06-18 10:14:18,342.45,0
2021-06-18 10:14:21,342.55,0
2021-06-18 10:14:22,342.55,0
2021-06-18 10:14:23,342.65,0
2021-06-18 10:14:25,342.7,0
2021-06-18 10:14:26,342.65,0
2021-06-18 10:14:27,342.65,0
2021-06-18 10:14:28,342.6,0
2021-06-18 10:14:29,342.5,0
2021-06-18 10:14:30,342.5,0
2021-06-18 10:14:31,342.55,0
2021-06-18 10:14:32,342.4,0
2021-06-18 10:14:34,342.35,0
2021-06-18 10:14:35,342.4,0
2021-06-18 10:14:36,342.45,0
2021-06-18 10:14:37,342.45,0
2021-06-18 10:14:38,342.45,0
2021-06-18 10:14:40,342.45,0
2021-06-18 10:14:41,342.5,0
2021-06-18 10:14:43,342.5,0
2021-06-18 10:14:44,342.4,0
2021-06-18 10:14:45,342.5,0
2021-06-18 10:14:46,342.5,0
2021-06-18 10:14:47,342.45,0
2021-06-18 10:14:48,342.45,0
2021-06-18 10:14:49,342.4,0
2021-06-18 10:14:50,342.35,0
2021-06-18 10:14:51,342.3,0
2021-06-18 10:14:52,342.4,0
2021-06-18 10:14:53,342.3,0
2021-06-18 10:14:55,342.4,0
2021-06-18 10:14:56,342.35,0
2021-06-18 10:14:57,342.35,0
2021-06-18 10:14:59,342.35,0
2021-06-18 10:15:02,342.35,0
2021-06-18 10:15:04,342.35,0
2021-06-18 10:15:05,342.35,0
2021-06-18 10:15:06,342.3,0
2021-06-18 10:15:07,342.3,0
2021-06-18 10:15:08,342.25,0
2021-06-18 10:15:09,342.25,0
2021-06-18 10:15:10,342.25,0
2021-06-18 10:15:11,342.25,0
2021-06-18 10:15:12,342.25,0
2021-06-18 10:15:13,342.3,0
2021-06-18 10:15:14,342.25,0
2021-06-18 10:15:15,342.25,0
2021-06-18 10:15:16,342.2,0
2021-06-18 10:15:17,342.2,0
2021-06-18 10:15:18,342.2,0
2021-06-18 10:15:21,342.2,0
2021-06-18 10:15:22,342.2,0
2021-06-18 10:15:25,342.1,0
2021-06-18 10:15:26,342.1,0
2021-06-18 10:15:27,342.05,0
2021-06-18 10:15:28,342.1,0
2021-06-18 10:15:29,342.05,0
2021-06-18 10:15:30,342.15,0
2021-06-18 10:15:31,342.15,0
2021-06-18 10:15:33,342.15,0
2021-06-18 10:15:34,342.1,0
2021-06-18 10:15:35,342.1,0
2021-06-18 10:15:36,342.1,0
2021-06-18 10:15:37,342.1,0
2021-06-18 10:15:38,342.1,0
2021-06-18 10:15:39,342.1,0
2021-06-18 10:15:41,342.15,0
2021-06-18 10:15:42,342.05,0
2021-06-18 10:15:43,342.1,0
2021-06-18 10:15:44,342.1,0
2021-06-18 10:15:46,342.2,0
2021-06-18 10:15:47,342.2,0
2021-06-18 10:15:48,342.2,0
2021-06-18 10:15:49,342.2,0
2021-06-18 10:15:50,342.2,0
2021-06-18 10:15:51,342.2,0
2021-06-18 10:15:52,342.3,0
2021-06-18 10:15:53,342.3,0
2021-06-18 10:15:55,342.2,0
2021-06-18 10:15:56,342.2,0
2021-06-18 10:15:58,342.2,0
2021-06-18 10:15:59,342.25,0
2021-06-18 10:16:00,342.25,0
2021-06-18 10:16:01,342.3,0
2021-06-18 10:16:02,342.25,0
2021-06-18 10:16:04,342.25,0
2021-06-18 10:16:06,342.25,0
2021-06-18 10:16:08,342.25,0
2021-06-18 10:16:11,342.3,0
2021-06-18 10:16:13,342.2,0
2021-06-18 10:16:18,342.25,0
2021-06-18 10:16:19,342.35,0
2021-06-18 10:16:20,342.4,0
2021-06-18 10:16:21,342.35,0
2021-06-18 10:16:22,342.35,0
2021-06-18 10:16:23,342.35,0
2021-06-18 10:16:24,342.35,0
2021-06-18 10:16:25,342.35,0
2021-06-18 10:16:27,342.35,0
2021-06-18 10:16:29,342.35,0
2021-06-18 10:16:30,342.35,0
2021-06-18 10:16:31,342.4,0
2021-06-18 10:16:32,342.4,0
2021-06-18 10:16:33,342.35,0
2021-06-18 10:16:34,342.35,0
2021-06-18 10:16:35,342.35,0
2021-06-18 10:16:36,342.4,0
2021-06-18 10:16:38,342.4,0
2021-06-18 10:16:39,342.4,0
2021-06-18 10:16:41,342.4,0
2021-06-18 10:16:42,342.45,0
2021-06-18 10:16:43,342.45,0
2021-06-18 10:16:45,342.4,0
2021-06-18 10:16:46,342.45,0
2021-06-18 10:16:47,342.4,0
2021-06-18 10:16:48,342.45,0
2021-06-18 10:16:49,342.45,0
2021-06-18 10:16:50,342.45,0
2021-06-18 10:16:51,342.45,0
2021-06-18 10:16:52,342.45,0
2021-06-18 10:16:53,342.45,0
2021-06-18 10:16:54,342.35,0
2021-06-18 10:16:55,342.35,0
2021-06-18 10:16:56,342.4,0
2021-06-18 10:16:57,342.4,0
2021-06-18 10:16:58,342.4,0
2021-06-18 10:16:59,342.3,0
2021-06-18 10:17:00,342.25,0
2021-06-18 10:17:03,342.25,0
2021-06-18 10:17:05,342.3,0
2021-06-18 10:17:07,342.25,0
2021-06-18 10:17:08,342.3,0
2021-06-18 10:17:09,342.25,0
2021-06-18 10:17:10,342.35,0
2021-06-18 10:17:11,342.3,0
2021-06-18 10:17:12,342.25,0
2021-06-18 10:17:13,342.25,0
2021-06-18 10:17:14,342.25,0
2021-06-18 10:17:15,342.4,0
2021-06-18 10:17:16,342.3,0
2021-06-18 10:17:18,342.35,0
2021-06-18 10:17:21,342.45,0
2021-06-18 10:17:22,342.4,0
2021-06-18 10:17:23,342.35,0
2021-06-18 10:17:25,342.4,0
2021-06-18 10:17:26,342.45,0
2021-06-18 10:17:27,342.45,0
2021-06-18 10:17:28,342.45,0
2021-06-18 10:17:30,342.5,0
2021-06-18 10:17:29,342.5,0
2021-06-18 10:17:31,342.45,0
2021-06-18 10:17:32,342.5,0
2021-06-18 10:17:34,342.5,0
2021-06-18 10:17:35,342.5,0
2021-06-18 10:17:36,342.5,0
2021-06-18 10:17:37,342.5,0
2021-06-18 10:17:38,342.55,0
2021-06-18 10:17:39,342.55,0
2021-06-18 10:17:40,342.55,0
2021-06-18 10:17:41,342.55,0
2021-06-18 10:17:42,342.6,0
2021-06-18 10:17:44,342.7,0
2021-06-18 10:17:45,342.6,0
2021-06-18 10:17:46,342.55,0
2021-06-18 10:17:47,342.55,0
2021-06-18 10:17:48,342.55,0
2021-06-18 10:17:49,342.55,0
2021-06-18 10:17:50,342.55,0
2021-06-18 10:17:52,342.55,0
2021-06-18 10:17:53,342.55,0
2021-06-18 10:17:54,342.6,0
2021-06-18 10:17:55,342.6,0
2021-06-18 10:17:56,342.6,0
2021-06-18 10:17:57,342.65,0
2021-06-18 10:17:58,342.65,0
2021-06-18 10:17:59,342.6,0
2021-06-18 10:18:00,342.6,0
2021-06-18 10:18:02,342.6,0
2021-06-18 10:18:03,342.6,0
2021-06-18 10:18:05,342.6,0
2021-06-18 10:18:06,342.6,0
2021-06-18 10:18:07,342.6,0
2021-06-18 10:18:08,342.55,0
2021-06-18 10:18:09,342.6,0
2021-06-18 10:18:10,342.65,0
2021-06-18 10:18:12,342.65,0
2021-06-18 10:18:13,342.65,0
2021-06-18 10:18:14,342.65,0
2021-06-18 10:18:15,342.65,0
2021-06-18 10:18:16,342.65,0
2021-06-18 10:18:17,342.65,0
2021-06-18 10:18:18,342.65,0
2021-06-18 10:18:19,342.7,0
2021-06-18 10:18:20,342.7,0
2021-06-18 10:18:21,342.7,0
2021-06-18 10:18:22,342.7,0
2021-06-18 10:18:23,342.75,0
2021-06-18 10:18:24,342.75,0
2021-06-18 10:18:26,342.8,0
2021-06-18 10:18:27,342.8,0
2021-06-18 10:18:29,342.75,0
2021-06-18 10:18:30,342.8,0
2021-06-18 10:18:31,342.75,0
2021-06-18 10:18:34,342.85,0
2021-06-18 10:18:36,342.75,0
2021-06-18 10:18:37,342.75,0
2021-06-18 10:18:38,342.75,0
2021-06-18 10:18:39,342.8,0
2021-06-18 10:18:40,342.75,0
2021-06-18 10:18:41,342.65,0
2021-06-18 10:18:42,342.65,0
2021-06-18 10:18:44,342.85,0
2021-06-18 10:18:45,342.85,0
2021-06-18 10:18:46,342.85,0
2021-06-18 10:18:47,342.8,0
2021-06-18 10:18:48,342.75,0
2021-06-18 10:18:49,342.65,0
2021-06-18 10:18:50,342.65,0
2021-06-18 10:18:51,342.65,0
2021-06-18 10:18:52,342.65,0
2021-06-18 10:18:53,342.65,0
2021-06-18 10:18:54,342.65,0
2021-06-18 10:18:55,342.65,0
2021-06-18 10:18:57,342.65,0
2021-06-18 10:18:58,342.65,0
2021-06-18 10:18:59,342.65,0
2021-06-18 10:19:00,342.65,0
2021-06-18 10:19:01,342.65,0
2021-06-18 10:19:02,342.65,0
2021-06-18 10:19:04,342.6,0
2021-06-18 10:19:05,342.6,0
2021-06-18 10:19:06,342.6,0
2021-06-18 10:19:10,342.6,0
2021-06-18 10:19:11,342.65,0
2021-06-18 10:19:12,342.7,0
2021-06-18 10:19:13,342.7,0
2021-06-18 10:19:14,342.65,0
2021-06-18 10:19:15,342.65,0
2021-06-18 10:19:17,342.65,0
2021-06-18 10:19:18,342.65,0
2021-06-18 10:19:19,342.65,0
2021-06-18 10:19:20,342.65,0
2021-06-18 10:19:22,342.7,0
2021-06-18 10:19:23,342.7,0
2021-06-18 10:19:24,342.55,0
2021-06-18 10:19:25,342.55,0
2021-06-18 10:19:26,342.5,0
2021-06-18 10:19:27,342.45,0
2021-06-18 10:19:28,342.45,0
2021-06-18 10:19:31,342.45,0
2021-06-18 10:19:32,342.3,0
2021-06-18 10:19:33,342.35,0
2021-06-18 10:19:34,342.3,0
2021-06-18 10:19:36,342.25,0
2021-06-18 10:19:37,342.15,0
2021-06-18 10:19:38,342.15,0
2021-06-18 10:19:40,342.1,0
2021-06-18 10:19:41,342.05,0
2021-06-18 10:19:42,342.1,0
2021-06-18 10:19:43,342.05,0
2021-06-18 10:19:44,342.1,0
2021-06-18 10:19:45,342.15,0
2021-06-18 10:19:46,342.15,0
2021-06-18 10:19:47,342.1,0
2021-06-18 10:19:48,342.1,0
2021-06-18 10:19:49,342.15,0
2021-06-18 10:19:50,342.15,0
2021-06-18 10:19:51,342.15,0
2021-06-18 10:19:52,342.15,0
2021-06-18 10:19:53,342.15,0
2021-06-18 10:19:54,342.15,0
2021-06-18 10:19:55,342.1,0
2021-06-18 10:19:56,342.1,0
2021-06-18 10:19:57,342.1,0
2021-06-18 10:19:58,342.1,0
2021-06-18 10:19:59,342.1,0
2021-06-18 10:20:00,342.15,0
2021-06-18 10:20:01,342.15,0
2021-06-18 10:20:02,342.15,0
2021-06-18 10:20:03,342.1,0
2021-06-18 10:20:05,342.1,0
2021-06-18 10:20:06,342.1,0
2021-06-18 10:20:07,342.1,0
2021-06-18 10:20:08,342.1,0
2021-06-18 10:20:09,342.05,0
2021-06-18 10:20:10,342.05,0
2021-06-18 10:20:11,342.05,0
2021-06-18 10:20:12,342.05,0
2021-06-18 10:20:13,342.15,0
2021-06-18 10:20:14,342.3,0
2021-06-18 10:20:15,342.25,0
2021-06-18 10:20:16,342.25,0
2021-06-18 10:20:17,342.25,0
2021-06-18 10:20:18,342.25,0
2021-06-18 10:20:19,342.25,0
2021-06-18 10:20:20,342.3,0
2021-06-18 10:20:21,342.3,0
2021-06-18 10:20:22,342.3,0
2021-06-18 10:20:23,342.25,0
2021-06-18 10:20:24,342.25,0
2021-06-18 10:20:26,342.35,0
2021-06-18 10:20:27,342.35,0
2021-06-18 10:20:28,342.3,0
2021-06-18 10:20:29,342.3,0
2021-06-18 10:20:32,342.3,0
2021-06-18 10:20:33,342.3,0
2021-06-18 10:20:34,342.3,0
2021-06-18 10:20:35,342.3,0
2021-06-18 10:20:36,342.35,0
2021-06-18 10:20:37,342.35,0
2021-06-18 10:20:38,342.3,0
2021-06-18 10:20:39,342.25,0
2021-06-18 10:20:40,342.2,0
2021-06-18 10:20:41,342.2,0
2021-06-18 10:20:42,342.2,0
2021-06-18 10:20:43,342.15,0
2021-06-18 10:20:44,342.15,0
2021-06-18 10:20:46,342.15,0
2021-06-18 10:20:48,342.1,0
2021-06-18 10:20:49,342.1,0
2021-06-18 10:20:50,342.1,0
2021-06-18 10:20:51,342.05,0
2021-06-18 10:20:53,342.0,0
2021-06-18 10:20:55,342.0,0
2021-06-18 10:20:56,342.0,0
2021-06-18 10:20:57,342.0,0
2021-06-18 10:20:58,341.9,0
2021-06-18 10:20:59,341.85,0
2021-06-18 10:21:00,341.95,0
2021-06-18 10:21:01,341.9,0
2021-06-18 10:21:02,341.9,0
2021-06-18 10:21:03,341.85,0
2021-06-18 10:21:04,341.85,0
2021-06-18 10:21:06,341.8,0
2021-06-18 10:21:07,341.8,0
2021-06-18 10:21:08,341.8,0
2021-06-18 10:21:09,341.85,0
2021-06-18 10:21:10,341.85,0
2021-06-18 10:21:11,341.85,0
2021-06-18 10:21:12,341.85,0
2021-06-18 10:21:13,341.85,0
2021-06-18 10:21:14,341.85,0
2021-06-18 10:21:15,341.85,0
2021-06-18 10:21:16,341.85,0
2021-06-18 10:21:17,341.9,0
2021-06-18 10:21:18,341.9,0
2021-06-18 10:21:20,341.9,0
2021-06-18 10:21:21,341.95,0
2021-06-18 10:21:22,341.9,0
2021-06-18 10:21:23,341.9,0
2021-06-18 10:21:24,341.95,0
2021-06-18 10:21:25,341.95,0
2021-06-18 10:21:26,341.9,0
2021-06-18 10:21:27,341.9,0
2021-06-18 10:21:28,341.95,0
2021-06-18 10:21:29,341.95,0
2021-06-18 10:21:30,341.9,0
2021-06-18 10:21:32,341.8,0
2021-06-18 10:21:34,341.85,0
2021-06-18 10:21:35,341.85,0
2021-06-18 10:21:37,341.8,0
2021-06-18 10:21:38,341.9,0
2021-06-18 10:21:39,342.0,0
2021-06-18 10:21:40,342.0,0
2021-06-18 10:21:42,342.0,0
2021-06-18 10:21:43,342.0,0
2021-06-18 10:21:44,341.95,0
2021-06-18 10:21:45,341.95,0
2021-06-18 10:21:46,341.9,0
2021-06-18 10:21:48,341.9,0
2021-06-18 10:21:49,341.95,0
2021-06-18 10:21:52,341.95,0
2021-06-18 10:21:53,341.95,0
2021-06-18 10:21:55,341.9,0
2021-06-18 10:21:56,341.9,0
2021-06-18 10:21:57,341.9,0
2021-06-18 10:21:58,341.95,0
2021-06-18 10:21:59,341.95,0
2021-06-18 10:22:00,341.95,0
2021-06-18 10:22:01,341.9,0
2021-06-18 10:22:02,341.9,0
2021-06-18 10:22:03,341.85,0
2021-06-18 10:22:04,341.85,0
2021-06-18 10:22:05,341.85,0
2021-06-18 10:22:06,341.9,0
2021-06-18 10:22:07,341.9,0
2021-06-18 10:22:10,342.05,0
2021-06-18 10:22:11,342.05,0
2021-06-18 10:22:12,341.95,0
2021-06-18 10:22:13,341.95,0
2021-06-18 10:22:14,342.0,0
2021-06-18 10:22:16,342.0,0
2021-06-18 10:22:17,342.05,0
2021-06-18 10:22:18,342.05,0
2021-06-18 10:22:19,342.05,0
2021-06-18 10:22:20,342.05,0
2021-06-18 10:22:21,342.0,0
2021-06-18 10:22:22,342.0,0
2021-06-18 10:22:23,341.95,0
2021-06-18 10:22:24,341.95,0
2021-06-18 10:22:25,341.95,0
2021-06-18 10:22:26,341.95,0
2021-06-18 10:22:27,341.95,0
2021-06-18 10:22:29,341.9,0
2021-06-18 10:22:30,341.95,0
2021-06-18 10:22:31,341.95,0
2021-06-18 10:22:32,341.95,0
2021-06-18 10:22:33,341.95,0
2021-06-18 10:22:34,341.95,0
2021-06-18 10:22:35,341.95,0
2021-06-18 10:22:36,341.95,0
2021-06-18 10:22:37,341.9,0
2021-06-18 10:22:38,341.9,0
2021-06-18 10:22:39,341.9,0
2021-06-18 10:22:40,341.9,0
2021-06-18 10:22:41,341.85,0
2021-06-18 10:22:42,341.85,0
2021-06-18 10:22:43,341.9,0
2021-06-18 10:22:44,341.9,0
2021-06-18 10:22:46,341.85,0
2021-06-18 10:22:47,341.85,0
2021-06-18 10:22:49,341.8,0
2021-06-18 10:22:50,341.8,0
2021-06-18 10:22:51,341.8,0
2021-06-18 10:22:52,341.8,0
2021-06-18 10:22:53,341.8,0
2021-06-18 10:22:54,341.8,0
2021-06-18 10:22:55,341.8,0
2021-06-18 10:22:56,341.75,0
2021-06-18 10:22:59,341.8,0
2021-06-18 10:23:01,341.85,0
2021-06-18 10:23:04,341.75,0
2021-06-18 10:23:05,341.75,0
2021-06-18 10:23:07,341.75,0
2021-06-18 10:23:08,341.75,0
2021-06-18 10:23:09,341.75,0
2021-06-18 10:23:10,341.75,0
2021-06-18 10:23:11,341.75,0
2021-06-18 10:23:12,341.8,0
2021-06-18 10:23:13,341.75,0
2021-06-18 10:23:14,341.8,0
2021-06-18 10:23:15,341.8,0
2021-06-18 10:23:16,341.8,0
2021-06-18 10:23:17,341.8,0
2021-06-18 10:23:18,341.85,0
2021-06-18 10:23:19,341.8,0
2021-06-18 10:23:20,341.8,0
2021-06-18 10:23:23,341.8,0
2021-06-18 10:23:24,341.8,0
2021-06-18 10:23:25,341.8,0
2021-06-18 10:23:27,341.75,0
2021-06-18 10:23:30,341.75,0
2021-06-18 10:23:32,341.8,0
2021-06-18 10:23:33,341.8,0
2021-06-18 10:23:35,341.8,0
2021-06-18 10:23:36,341.8,0
2021-06-18 10:23:37,341.85,0
2021-06-18 10:23:38,341.85,0
2021-06-18 10:23:39,341.8,0
2021-06-18 10:23:40,341.75,0
2021-06-18 10:23:42,341.8,0
2021-06-18 10:23:43,341.8,0
2021-06-18 10:23:45,341.85,0
2021-06-18 10:23:46,341.75,0
2021-06-18 10:23:47,341.75,0
2021-06-18 10:23:49,341.65,0
2021-06-18 10:23:50,341.65,0
2021-06-18 10:23:51,341.65,0
2021-06-18 10:23:52,341.45,0
2021-06-18 10:23:53,341.45,0
2021-06-18 10:23:54,341.45,0
2021-06-18 10:23:55,341.45,0
2021-06-18 10:23:56,341.45,0
2021-06-18 10:23:57,341.45,0
2021-06-18 10:23:59,341.45,0
2021-06-18 10:24:03,341.6,0
2021-06-18 10:24:05,341.5,0
2021-06-18 10:24:06,341.5,0
2021-06-18 10:24:07,341.5,0
2021-06-18 10:24:09,341.55,0
2021-06-18 10:24:11,341.5,0
2021-06-18 10:24:12,341.4,0
2021-06-18 10:24:13,341.4,0
2021-06-18 10:24:14,341.4,0
2021-06-18 10:24:15,341.35,0
2021-06-18 10:24:16,341.35,0
2021-06-18 10:24:17,341.35,0
2021-06-18 10:24:18,341.35,0
2021-06-18 10:24:19,341.3,0
2021-06-18 10:24:20,341.35,0
2021-06-18 10:24:21,341.3,0
2021-06-18 10:24:22,341.35,0
2021-06-18 10:24:23,341.25,0
2021-06-18 10:24:24,341.2,0
2021-06-18 10:24:25,341.2,0
2021-06-18 10:24:26,341.2,0
2021-06-18 10:24:27,341.25,0
2021-06-18 10:24:29,341.25,0
2021-06-18 10:24:30,341.25,0
2021-06-18 10:24:31,341.25,0
2021-06-18 10:24:33,341.3,0
2021-06-18 10:24:34,341.25,0
2021-06-18 10:24:35,341.2,0
2021-06-18 10:24:36,341.2,0
2021-06-18 10:24:37,341.2,0
2021-06-18 10:24:39,341.2,0
2021-06-18 10:24:40,341.25,0
2021-06-18 10:24:41,341.25,0
2021-06-18 10:24:42,341.25,0
2021-06-18 10:24:43,341.25,0
2021-06-18 10:24:44,341.3,0
2021-06-18 10:24:46,341.2,0
2021-06-18 10:24:47,341.15,0
2021-06-18 10:24:48,341.1,0
2021-06-18 10:24:50,341.1,0
2021-06-18 10:24:51,341.1,0
2021-06-18 10:24:52,341.1,0
2021-06-18 10:24:53,341.1,0
2021-06-18 10:24:54,341.15,0
2021-06-18 10:24:55,341.2,0
2021-06-18 10:24:56,341.1,0
2021-06-18 10:24:58,341.1,0
2021-06-18 10:25:01,341.1,0
2021-06-18 10:25:02,341.2,0
2021-06-18 10:25:03,341.15,0
2021-06-18 10:25:04,341.2,0
2021-06-18 10:25:05,341.15,0
2021-06-18 10:25:06,341.15,0
2021-06-18 10:25:09,341.1,0
2021-06-18 10:25:10,341.1,0
2021-06-18 10:25:11,341.1,0
2021-06-18 10:25:12,341.15,0
2021-06-18 10:25:13,341.15,0
2021-06-18 10:25:14,341.15,0
2021-06-18 10:25:15,341.2,0
2021-06-18 10:25:18,341.1,0
2021-06-18 10:25:19,341.05,0
2021-06-18 10:25:21,341.1,0
2021-06-18 10:25:22,341.1,0
2021-06-18 10:25:23,341.15,0
2021-06-18 10:25:24,341.15,0
2021-06-18 10:25:25,341.15,0
2021-06-18 10:25:27,341.15,0
2021-06-18 10:25:29,341.15,0
2021-06-18 10:25:30,341.15,0
2021-06-18 10:25:31,341.2,0
2021-06-18 10:25:32,341.1,0
2021-06-18 10:25:33,341.1,0
2021-06-18 10:25:34,341.1,0
2021-06-18 10:25:35,341.05,0
2021-06-18 10:25:36,341.05,0
2021-06-18 10:25:37,341.05,0
2021-06-18 10:25:38,341.0,0
2021-06-18 10:25:39,341.0,0
2021-06-18 10:25:40,341.0,0
2021-06-18 10:25:41,340.95,0
2021-06-18 10:25:42,341.0,0
2021-06-18 10:25:43,340.95,0
2021-06-18 10:25:44,340.95,0
2021-06-18 10:25:45,340.9,0
2021-06-18 10:25:47,340.85,0
2021-06-18 10:25:48,340.7,0
2021-06-18 10:25:51,340.6,0
2021-06-18 10:25:52,340.6,0
2021-06-18 10:25:55,340.55,0
2021-06-18 10:25:56,340.55,0
2021-06-18 10:25:58,340.6,0
2021-06-18 10:25:59,340.5,0
2021-06-18 10:26:00,340.55,0
2021-06-18 10:26:01,340.55,0
2021-06-18 10:26:02,340.6,0
2021-06-18 10:26:03,340.6,0
2021-06-18 10:26:05,340.55,0
2021-06-18 10:26:06,340.55,0
2021-06-18 10:26:07,340.55,0
2021-06-18 10:26:08,340.5,0
2021-06-18 10:26:09,340.5,0
2021-06-18 10:26:10,340.5,0
2021-06-18 10:26:11,340.5,0
2021-06-18 10:26:13,340.45,0
2021-06-18 10:26:15,340.45,0
2021-06-18 10:26:16,340.5,0
2021-06-18 10:26:17,340.35,0
2021-06-18 10:26:18,340.4,0
2021-06-18 10:26:20,340.5,0
2021-06-18 10:26:22,340.45,0
2021-06-18 10:26:23,340.5,0
2021-06-18 10:26:24,340.6,0
2021-06-18 10:26:25,340.65,0
2021-06-18 10:26:26,340.65,0
2021-06-18 10:26:27,340.7,0
2021-06-18 10:26:29,340.75,0
2021-06-18 10:26:30,340.75,0
2021-06-18 10:26:31,340.75,0
2021-06-18 10:26:32,340.75,0
2021-06-18 10:26:33,340.75,0
2021-06-18 10:26:34,340.75,0
2021-06-18 10:26:36,340.55,0
2021-06-18 10:26:41,340.65,0
2021-06-18 10:26:42,340.65,0
2021-06-18 10:26:43,340.8,0
2021-06-18 10:26:44,340.8,0
2021-06-18 10:26:45,340.8,0
2021-06-18 10:26:46,340.85,0
2021-06-18 10:26:47,340.8,0
2021-06-18 10:26:49,340.75,0
2021-06-18 10:26:50,340.8,0
2021-06-18 10:26:51,340.8,0
2021-06-18 10:26:52,340.75,0
2021-06-18 10:26:53,340.75,0
2021-06-18 10:26:54,340.7,0
2021-06-18 10:26:55,340.75,0
2021-06-18 10:26:56,340.7,0
2021-06-18 10:26:57,340.65,0
2021-06-18 10:27:00,340.7,0
2021-06-18 10:27:01,340.7,0
2021-06-18 10:27:02,340.75,0
2021-06-18 10:27:03,340.7,0
2021-06-18 10:27:04,340.7,0
2021-06-18 10:27:05,340.65,0
2021-06-18 10:27:06,340.65,0
2021-06-18 10:27:07,340.7,0
2021-06-18 10:27:08,340.7,0
2021-06-18 10:27:11,340.6,0
2021-06-18 10:27:12,340.6,0
2021-06-18 10:27:14,340.55,0
2021-06-18 10:27:15,340.55,0
2021-06-18 10:27:17,340.55,0
2021-06-18 10:27:18,340.5,0
2021-06-18 10:27:19,340.6,0
2021-06-18 10:27:20,340.6,0
2021-06-18 10:27:21,340.55,0
2021-06-18 10:27:22,340.5,0
2021-06-18 10:27:23,340.45,0
2021-06-18 10:27:24,340.45,0
2021-06-18 10:27:25,340.5,0
2021-06-18 10:27:27,340.4,0
2021-06-18 10:27:28,340.45,0
2021-06-18 10:27:30,340.35,0
2021-06-18 10:27:31,340.35,0
2021-06-18 10:27:32,340.35,0
2021-06-18 10:27:34,340.35,0
2021-06-18 10:27:35,340.25,0
2021-06-18 10:27:36,340.25,0
2021-06-18 10:27:37,340.35,0
2021-06-18 10:27:38,340.3,0
2021-06-18 10:27:39,340.35,0
2021-06-18 10:27:40,340.35,0
2021-06-18 10:27:42,340.25,0
2021-06-18 10:27:43,340.3,0
2021-06-18 10:27:44,340.35,0
2021-06-18 10:27:45,340.3,0
2021-06-18 10:27:46,340.3,0
2021-06-18 10:27:47,340.35,0
2021-06-18 10:27:48,340.3,0
2021-06-18 10:27:49,340.35,0
2021-06-18 10:27:50,340.3,0
2021-06-18 10:27:51,340.35,0
2021-06-18 10:27:52,340.3,0
2021-06-18 10:27:53,340.3,0
2021-06-18 10:27:54,340.25,0
2021-06-18 10:27:55,340.3,0
2021-06-18 10:27:57,340.25,0
2021-06-18 10:27:58,340.2,0
2021-06-18 10:27:59,340.2,0
2021-06-18 10:28:01,340.2,0
2021-06-18 10:28:02,340.2,0
2021-06-18 10:28:03,340.2,0
2021-06-18 10:28:04,340.25,0
2021-06-18 10:28:10,340.2,0
2021-06-18 10:28:12,340.2,0
2021-06-18 10:28:14,340.25,0
2021-06-18 10:28:15,340.2,0
2021-06-18 10:28:16,340.2,0
2021-06-18 10:28:17,340.25,0
2021-06-18 10:28:19,340.25,0
2021-06-18 10:28:20,340.15,0
2021-06-18 10:28:22,340.15,0
2021-06-18 10:28:23,340.2,0
2021-06-18 10:28:25,340.1,0
2021-06-18 10:28:26,340.15,0
2021-06-18 10:28:27,340.15,0
2021-06-18 10:28:28,340.05,0
2021-06-18 10:28:29,340.05,0
2021-06-18 10:28:30,340.05,0
2021-06-18 10:28:32,340.0,0
2021-06-18 10:28:35,339.95,0
2021-06-18 10:28:37,339.95,0
2021-06-18 10:28:38,339.9,0
2021-06-18 10:28:40,339.8,0
2021-06-18 10:28:41,339.8,0
2021-06-18 10:28:42,339.85,0
2021-06-18 10:28:43,339.8,0
2021-06-18 10:28:44,339.85,0
2021-06-18 10:28:45,339.75,0
2021-06-18 10:28:46,339.75,0
2021-06-18 10:28:47,339.8,0
2021-06-18 10:28:48,339.8,0
2021-06-18 10:28:49,339.75,0
2021-06-18 10:28:51,339.65,0
2021-06-18 10:28:52,339.6,0
2021-06-18 10:28:53,339.6,0
2021-06-18 10:28:54,339.55,0
2021-06-18 10:28:55,339.55,0
2021-06-18 10:28:56,339.5,0
2021-06-18 10:28:57,339.5,0
2021-06-18 10:28:58,339.55,0
2021-06-18 10:28:59,339.5,0
2021-06-18 10:29:02,339.65,0
2021-06-18 10:29:04,339.7,0
2021-06-18 10:29:05,339.6,0
2021-06-18 10:29:07,339.7,0
2021-06-18 10:29:08,339.65,0
2021-06-18 10:29:09,339.65,0
2021-06-18 10:29:10,339.55,0
2021-06-18 10:29:11,339.45,0
2021-06-18 10:29:12,339.55,0
2021-06-18 10:29:13,339.55,0
2021-06-18 10:29:15,339.5,0
2021-06-18 10:29:17,339.55,0
2021-06-18 10:29:18,339.55,0
2021-06-18 10:29:19,339.6,0
2021-06-18 10:29:20,339.6,0
2021-06-18 10:29:21,339.65,0
2021-06-18 10:29:22,339.6,0
2021-06-18 10:29:23,339.65,0
2021-06-18 10:29:24,339.7,0
2021-06-18 10:29:27,339.7,0
2021-06-18 10:29:28,339.7,0
2021-06-18 10:29:29,339.7,0
2021-06-18 10:29:30,339.7,0
2021-06-18 10:29:31,339.7,0
2021-06-18 10:29:32,339.65,0
2021-06-18 10:29:33,339.7,0
2021-06-18 10:29:35,339.7,0
2021-06-18 10:29:38,339.7,0
2021-06-18 10:29:39,339.7,0
2021-06-18 10:29:40,339.75,0
2021-06-18 10:29:41,339.8,0
2021-06-18 10:29:42,339.75,0
2021-06-18 10:29:43,339.75,0
2021-06-18 10:29:44,339.7,0
2021-06-18 10:29:46,339.8,0
2021-06-18 10:29:47,339.8,0
2021-06-18 10:29:48,339.8,0
2021-06-18 10:29:49,339.8,0
2021-06-18 10:29:51,339.75,0
2021-06-18 10:29:52,339.75,0
2021-06-18 10:29:53,339.75,0
2021-06-18 10:29:54,339.75,0
2021-06-18 10:29:55,339.8,0
2021-06-18 10:29:56,339.85,0
2021-06-18 10:29:57,339.85,0
2021-06-18 10:29:58,339.9,0
2021-06-18 10:29:59,339.9,0
2021-06-18 10:30:00,339.95,0
2021-06-18 10:30:01,340.0,0
2021-06-18 10:30:02,339.95,0
2021-06-18 10:30:03,339.95,0
2021-06-18 10:30:04,339.9,0
2021-06-18 10:30:06,339.95,0
2021-06-18 10:30:07,340.0,0
2021-06-18 10:30:08,340.0,0
2021-06-18 10:30:09,340.05,0
2021-06-18 10:30:10,340.1,0
2021-06-18 10:30:11,340.1,0
2021-06-18 10:30:12,340.1,0
2021-06-18 10:30:13,340.15,0
2021-06-18 10:30:14,340.2,0
2021-06-18 10:30:16,340.35,0
2021-06-18 10:30:19,340.35,0
2021-06-18 10:30:20,340.3,0
2021-06-18 10:30:22,340.2,0
2021-06-18 10:30:25,340.45,0
2021-06-18 10:30:26,340.4,0
2021-06-18 10:30:27,340.4,0
2021-06-18 10:30:28,340.25,0
2021-06-18 10:30:29,340.3,0
2021-06-18 10:30:30,340.3,0
2021-06-18 10:30:31,340.25,0
2021-06-18 10:30:32,340.2,0
2021-06-18 10:30:33,340.15,0
2021-06-18 10:30:34,340.2,0
2021-06-18 10:30:35,340.2,0
2021-06-18 10:30:36,340.2,0
2021-06-18 10:30:37,340.25,0
2021-06-18 10:30:38,340.25,0
2021-06-18 10:30:39,340.2,0
2021-06-18 10:30:40,340.2,0
2021-06-18 10:30:41,340.2,0
2021-06-18 10:30:42,340.3,0
2021-06-18 10:30:43,340.25,0
2021-06-18 10:30:44,340.2,0
2021-06-18 10:30:45,340.2,0
2021-06-18 10:30:46,340.2,0
2021-06-18 10:30:47,340.2,0
2021-06-18 10:30:48,340.25,0
2021-06-18 10:30:49,340.2,0
2021-06-18 10:30:50,340.25,0
2021-06-18 10:30:51,340.25,0
2021-06-18 10:30:53,340.3,0
2021-06-18 10:30:54,340.3,0
2021-06-18 10:30:55,340.3,0
2021-06-18 10:30:57,340.3,0
2021-06-18 10:30:58,340.25,0
2021-06-18 10:30:59,340.3,0
2021-06-18 10:31:00,340.3,0
