timestamp,ltp,volume
2021-06-18 09:16:32,15747.8,0
2021-06-18 09:16:33,15746.8,0
2021-06-18 09:16:34,15747.3,0
2021-06-18 09:16:35,15748.45,0
2021-06-18 09:16:36,15747.15,0
2021-06-18 09:16:37,15746.95,0
2021-06-18 09:16:38,15749.0,0
2021-06-18 09:16:39,15747.95,0
2021-06-18 09:16:40,15747.55,0
2021-06-18 09:16:41,15748.75,0
2021-06-18 09:16:42,15747.25,0
2021-06-18 09:16:43,15748.15,0
2021-06-18 09:16:44,15748.65,0
2021-06-18 09:16:45,15747.5,0
2021-06-18 09:16:46,15747.95,0
2021-06-18 09:16:47,15748.15,0
2021-06-18 09:16:48,15748.0,0
2021-06-18 09:16:49,15748.4,0
2021-06-18 09:16:50,15748.55,0
2021-06-18 09:16:51,15748.6,0
2021-06-18 09:16:52,15749.75,0
2021-06-18 09:16:53,15748.2,0
2021-06-18 09:16:54,15748.45,0
2021-06-18 09:16:55,15749.8,0
2021-06-18 09:16:56,15748.6,0
2021-06-18 09:16:57,15747.8,0
2021-06-18 09:16:58,15747.9,0
2021-06-18 09:16:59,15748.6,0
2021-06-18 09:17:00,15747.45,0
2021-06-18 09:17:01,15748.45,0
2021-06-18 09:17:02,15749.8,0
2021-06-18 09:17:03,15749.25,0
2021-06-18 09:17:04,15750.5,0
2021-06-18 09:17:05,15750.95,0
2021-06-18 09:17:06,15751.25,0
2021-06-18 09:17:07,15750.3,0
2021-06-18 09:17:08,15752.05,0
2021-06-18 09:17:09,15752.15,0
2021-06-18 09:17:10,15753.4,0
2021-06-18 09:17:11,15751.8,0
2021-06-18 09:17:12,15751.8,0
2021-06-18 09:17:13,15752.7,0
2021-06-18 09:17:14,15752.45,0
2021-06-18 09:17:15,15751.95,0
2021-06-18 09:17:16,15752.1,0
2021-06-18 09:17:17,15753.0,0
2021-06-18 09:17:18,15751.9,0
2021-06-18 09:17:19,15752.35,0
2021-06-18 09:17:20,15753.15,0
2021-06-18 09:17:21,15753.15,0
2021-06-18 09:17:22,15753.5,0
2021-06-18 09:17:23,15752.45,0
2021-06-18 09:17:24,15753.55,0
2021-06-18 09:17:25,15753.1,0
2021-06-18 09:17:26,15753.2,0
2021-06-18 09:17:27,15752.05,0
2021-06-18 09:17:28,15752.7,0
2021-06-18 09:17:29,15751.9,0
2021-06-18 09:17:30,15753.15,0
2021-06-18 09:17:31,15752.15,0
2021-06-18 09:17:32,15752.3,0
2021-06-18 09:17:33,15752.0,0
2021-06-18 09:17:34,15752.1,0
2021-06-18 09:17:35,15753.0,0
2021-06-18 09:17:36,15751.3,0
2021-06-18 09:17:37,15752.3,0
2021-06-18 09:17:38,15750.05,0
2021-06-18 09:17:39,15751.15,0
2021-06-18 09:17:40,15750.55,0
2021-06-18 09:17:41,15749.4,0
2021-06-18 09:17:42,15750.5,0
2021-06-18 09:17:43,15750.05,0
2021-06-18 09:17:44,15750.6,0
2021-06-18 09:17:45,15750.3,0
2021-06-18 09:17:46,15750.5,0
2021-06-18 09:17:47,15750.95,0
2021-06-18 09:17:48,15751.8,0
2021-06-18 09:17:49,15750.2,0
2021-06-18 09:17:50,15749.35,0
2021-06-18 09:17:51,15748.6,0
2021-06-18 09:17:52,15750.3,0
2021-06-18 09:17:53,15750.8,0
2021-06-18 09:17:54,15750.5,0
2021-06-18 09:17:55,15751.2,0
2021-06-18 09:17:56,15750.6,0
2021-06-18 09:17:57,15749.85,0
2021-06-18 09:17:58,15750.75,0
2021-06-18 09:17:59,15751.45,0
2021-06-18 09:18:00,15750.75,0
2021-06-18 09:18:01,15751.45,0
2021-06-18 09:18:02,15751.7,0
2021-06-18 09:18:03,15752.2,0
2021-06-18 09:18:04,15752.0,0
2021-06-18 09:18:05,15751.65,0
2021-06-18 09:18:06,15753.05,0
2021-06-18 09:18:07,15752.05,0
2021-06-18 09:18:08,15753.0,0
2021-06-18 09:18:09,15752.45,0
2021-06-18 09:18:10,15753.2,0
2021-06-18 09:18:11,15753.4,0
2021-06-18 09:18:12,15752.25,0
2021-06-18 09:18:13,15752.85,0
2021-06-18 09:18:14,15753.25,0
2021-06-18 09:18:15,15753.85,0
2021-06-18 09:18:16,15748.6,0
2021-06-18 09:18:17,15748.5,0
2021-06-18 09:18:18,15747.8,0
2021-06-18 09:18:19,15747.1,0
2021-06-18 09:18:20,15746.75,0
2021-06-18 09:18:21,15745.85,0
2021-06-18 09:18:22,15745.9,0
2021-06-18 09:18:23,15744.8,0
2021-06-18 09:18:24,15744.55,0
2021-06-18 09:18:25,15745.2,0
2021-06-18 09:18:26,15744.85,0
2021-06-18 09:18:27,15744.55,0
2021-06-18 09:18:28,15745.05,0
2021-06-18 09:18:29,15745.2,0
2021-06-18 09:18:30,15744.8,0
2021-06-18 09:18:31,15744.45,0
2021-06-18 09:18:32,15744.5,0
2021-06-18 09:18:33,15745.75,0
2021-06-18 09:18:34,15744.3,0
2021-06-18 09:18:35,15744.25,0
2021-06-18 09:18:36,15745.5,0
2021-06-18 09:18:37,15745.25,0
2021-06-18 09:18:38,15745.4,0
2021-06-18 09:18:39,15743.75,0
2021-06-18 09:18:40,15743.65,0
2021-06-18 09:18:41,15743.3,0
2021-06-18 09:18:42,15744.05,0
2021-06-18 09:18:43,15743.1,0
2021-06-18 09:18:44,15743.1,0
2021-06-18 09:18:45,15742.4,0
2021-06-18 09:18:46,15742.75,0
2021-06-18 09:18:47,15742.95,0
2021-06-18 09:18:48,15742.9,0
2021-06-18 09:18:49,15743.25,0
2021-06-18 09:18:50,15745.1,0
2021-06-18 09:18:51,15743.95,0
2021-06-18 09:18:52,15743.85,0
2021-06-18 09:18:53,15740.55,0
2021-06-18 09:18:54,15740.6,0
2021-06-18 09:18:55,15740.35,0
2021-06-18 09:18:56,15741.85,0
2021-06-18 09:18:57,15739.9,0
2021-06-18 09:18:58,15740.1,0
2021-06-18 09:18:59,15740.55,0
2021-06-18 09:19:00,15741.35,0
2021-06-18 09:19:01,15740.45,0
2021-06-18 09:19:02,15740.35,0
2021-06-18 09:19:03,15739.75,0
2021-06-18 09:19:04,15739.3,0
2021-06-18 09:19:05,15740.25,0
2021-06-18 09:19:06,15739.65,0
2021-06-18 09:19:07,15739.2,0
2021-06-18 09:19:08,15733.85,0
2021-06-18 09:19:09,15734.15,0
2021-06-18 09:19:10,15735.3,0
2021-06-18 09:19:11,15736.35,0
2021-06-18 09:19:12,15736.2,0
2021-06-18 09:19:13,15737.1,0
2021-06-18 09:19:14,15736.25,0
2021-06-18 09:19:15,15736.2,0
2021-06-18 09:19:16,15737.05,0
2021-06-18 09:19:17,15737.0,0
2021-06-18 09:19:18,15737.3,0
2021-06-18 09:19:19,15737.0,0
2021-06-18 09:19:20,15737.75,0
2021-06-18 09:19:21,15737.75,0
2021-06-18 09:19:22,15737.35,0
2021-06-18 09:19:23,15737.8,0
2021-06-18 09:19:25,15738.2,0
2021-06-18 09:19:26,15738.35,0
2021-06-18 09:19:27,15738.5,0
2021-06-18 09:19:28,15738.6,0
2021-06-18 09:19:29,15739.8,0
2021-06-18 09:19:30,15739.45,0
2021-06-18 09:19:31,15740.05,0
2021-06-18 09:19:32,15740.2,0
2021-06-18 09:19:35,15739.95,0
2021-06-18 09:19:38,15740.5,0
2021-06-18 09:19:44,15740.2,0
2021-06-18 09:19:46,15740.7,0
2021-06-18 09:19:47,15740.7,0
2021-06-18 09:19:48,15741.05,0
2021-06-18 09:19:49,15741.05,0
2021-06-18 09:19:50,15741.05,0
2021-06-18 09:19:51,15738.75,0
2021-06-18 09:19:52,15737.1,0
2021-06-18 09:19:53,15736.7,0
2021-06-18 09:19:54,15736.15,0
2021-06-18 09:19:55,15736.05,0
2021-06-18 09:19:56,15736.45,0
2021-06-18 09:19:57,15737.15,0
2021-06-18 09:19:58,15734.35,0
2021-06-18 09:20:00,15734.0,0
2021-06-18 09:20:01,15732.9,0
2021-06-18 09:20:02,15730.7,0
2021-06-18 09:20:04,15727.35,0
2021-06-18 09:20:05,15727.25,0
2021-06-18 09:20:06,15724.3,0
2021-06-18 09:20:07,15723.75,0
2021-06-18 09:20:08,15722.6,0
2021-06-18 09:20:09,15722.2,0
2021-06-18 09:20:10,15722.15,0
2021-06-18 09:20:11,15721.25,0
2021-06-18 09:20:12,15720.2,0
2021-06-18 09:20:13,15719.8,0
2021-06-18 09:20:14,15720.85,0
2021-06-18 09:20:15,15722.8,0
2021-06-18 09:20:16,15721.7,0
2021-06-18 09:20:17,15723.5,0
2021-06-18 09:20:18,15723.7,0
2021-06-18 09:20:19,15723.7,0
2021-06-18 09:20:20,15723.5,0
2021-06-18 09:20:21,15723.75,0
2021-06-18 09:20:22,15722.15,0
2021-06-18 09:20:23,15722.25,0
2021-06-18 09:20:24,15723.25,0
2021-06-18 09:20:25,15723.2,0
2021-06-18 09:20:27,15722.65,0
2021-06-18 09:20:29,15721.85,0
2021-06-18 09:20:30,15721.4,0
2021-06-18 09:20:31,15720.1,0
2021-06-18 09:20:32,15719.2,0
2021-06-18 09:20:34,15716.5,0
2021-06-18 09:20:35,15715.75,0
2021-06-18 09:20:36,15715.1,0
2021-06-18 09:20:37,15715.2,0
2021-06-18 09:20:38,15714.95,0
2021-06-18 09:20:39,15714.05,0
2021-06-18 09:20:40,15712.45,0
2021-06-18 09:20:41,15712.05,0
2021-06-18 09:20:42,15712.1,0
2021-06-18 09:20:43,15711.5,0
2021-06-18 09:20:44,15710.25,0
2021-06-18 09:20:45,15709.0,0
2021-06-18 09:20:46,15708.85,0
2021-06-18 09:20:47,15706.7,0
2021-06-18 09:20:48,15707.75,0
2021-06-18 09:20:49,15707.6,0
2021-06-18 09:20:50,15706.9,0
2021-06-18 09:20:51,15707.2,0
2021-06-18 09:20:52,15707.9,0
2021-06-18 09:20:53,15707.65,0
2021-06-18 09:20:54,15709.85,0
2021-06-18 09:20:55,15707.95,0
2021-06-18 09:20:56,15707.55,0
2021-06-18 09:20:57,15707.05,0
2021-06-18 09:20:58,15706.05,0
2021-06-18 09:20:59,15705.35,0
2021-06-18 09:21:00,15706.2,0
2021-06-18 09:21:01,15704.2,0
2021-06-18 09:21:02,15705.35,0
2021-06-18 09:21:03,15704.3,0
2021-06-18 09:21:04,15702.3,0
2021-06-18 09:21:05,15702.9,0
2021-06-18 09:21:06,15703.6,0
2021-06-18 09:21:07,15702.8,0
2021-06-18 09:21:08,15702.35,0
2021-06-18 09:21:09,15700.5,0
2021-06-18 09:21:10,15699.05,0
2021-06-18 09:21:11,15699.05,0
2021-06-18 09:21:12,15698.8,0
2021-06-18 09:21:13,15696.65,0
2021-06-18 09:21:14,15698.2,0
2021-06-18 09:21:15,15696.55,0
2021-06-18 09:21:16,15695.4,0
2021-06-18 09:21:17,15694.75,0
2021-06-18 09:21:18,15693.15,0
2021-06-18 09:21:19,15693.2,0
2021-06-18 09:21:20,15694.2,0
2021-06-18 09:21:21,15694.5,0
2021-06-18 09:21:22,15695.35,0
2021-06-18 09:21:23,15695.9,0
2021-06-18 09:21:24,15697.15,0
2021-06-18 09:21:25,15696.5,0
2021-06-18 09:21:26,15696.6,0
2021-06-18 09:21:27,15697.65,0
2021-06-18 09:21:28,15698.85,0
2021-06-18 09:21:29,15698.3,0
2021-06-18 09:21:30,15699.65,0
2021-06-18 09:21:31,15701.55,0
2021-06-18 09:21:33,15701.15,0
2021-06-18 09:21:34,15701.5,0
2021-06-18 09:21:35,15702.0,0
2021-06-18 09:21:36,15701.8,0
2021-06-18 09:21:37,15702.05,0
2021-06-18 09:21:38,15701.6,0
2021-06-18 09:21:39,15702.85,0
2021-06-18 09:21:40,15702.5,0
2021-06-18 09:21:43,15703.2,0
2021-06-18 09:21:44,15704.15,0
2021-06-18 09:21:45,15704.35,0
2021-06-18 09:21:46,15703.25,0
2021-06-18 09:21:47,15702.3,0
2021-06-18 09:21:48,15701.05,0
2021-06-18 09:21:49,15700.75,0
2021-06-18 09:21:50,15699.4,0
2021-06-18 09:21:51,15696.7,0
2021-06-18 09:21:52,15696.25,0
2021-06-18 09:21:53,15698.05,0
2021-06-18 09:21:55,15696.5,0
2021-06-18 09:21:56,15695.05,0
2021-06-18 09:21:57,15692.8,0
2021-06-18 09:21:58,15693.25,0
2021-06-18 09:21:59,15691.75,0
2021-06-18 09:22:01,15691.1,0
2021-06-18 09:22:02,15691.65,0
2021-06-18 09:22:03,15691.75,0
2021-06-18 09:22:04,15692.8,0
2021-06-18 09:22:05,15694.55,0
2021-06-18 09:22:06,15694.2,0
2021-06-18 09:22:07,15693.6,0
2021-06-18 09:22:08,15695.15,0
2021-06-18 09:22:09,15695.25,0
2021-06-18 09:22:10,15695.5,0
2021-06-18 09:22:11,15696.75,0
2021-06-18 09:22:12,15697.05,0
2021-06-18 09:22:13,15695.35,0
2021-06-18 09:22:15,15694.25,0
2021-06-18 09:22:16,15690.55,0
2021-06-18 09:22:17,15691.55,0
2021-06-18 09:22:19,15689.25,0
2021-06-18 09:22:20,15688.9,0
2021-06-18 09:22:21,15690.85,0
2021-06-18 09:22:22,15690.5,0
2021-06-18 09:22:23,15691.75,0
2021-06-18 09:22:24,15691.65,0
2021-06-18 09:22:25,15691.95,0
2021-06-18 09:22:26,15689.75,0
2021-06-18 09:22:27,15690.15,0
2021-06-18 09:22:28,15689.75,0
2021-06-18 09:22:29,15688.2,0
2021-06-18 09:22:30,15683.95,0
2021-06-18 09:22:31,15685.2,0
2021-06-18 09:22:33,15685.4,0
2021-06-18 09:22:34,15687.0,0
2021-06-18 09:22:35,15687.8,0
2021-06-18 09:22:37,15688.65,0
2021-06-18 09:22:38,15689.95,0
2021-06-18 09:22:39,15689.5,0
2021-06-18 09:22:40,15691.1,0
2021-06-18 09:22:41,15692.35,0
2021-06-18 09:22:43,15692.6,0
2021-06-18 09:22:44,15694.7,0
2021-06-18 09:22:45,15694.8,0
2021-06-18 09:22:47,15695.75,0
2021-06-18 09:22:48,15695.15,0
2021-06-18 09:22:49,15694.8,0
2021-06-18 09:22:50,15693.75,0
2021-06-18 09:22:51,15694.0,0
2021-06-18 09:22:53,15694.15,0
2021-06-18 09:22:54,15693.6,0
2021-06-18 09:22:55,15692.8,0
2021-06-18 09:22:56,15694.4,0
2021-06-18 09:22:57,15694.3,0
2021-06-18 09:22:58,15694.4,0
2021-06-18 09:22:59,15694.8,0
2021-06-18 09:23:00,15694.45,0
2021-06-18 09:23:01,15694.6,0
2021-06-18 09:23:02,15695.15,0
2021-06-18 09:23:03,15694.25,0
2021-06-18 09:23:04,15695.05,0
2021-06-18 09:23:05,15695.0,0
2021-06-18 09:23:06,15694.35,0
2021-06-18 09:23:07,15695.25,0
2021-06-18 09:23:08,15695.1,0
2021-06-18 09:23:09,15696.7,0
2021-06-18 09:23:10,15696.15,0
2021-06-18 09:23:11,15696.75,0
2021-06-18 09:23:12,15697.35,0
2021-06-18 09:23:13,15696.9,0
2021-06-18 09:23:14,15697.25,0
2021-06-18 09:23:15,15696.6,0
2021-06-18 09:23:16,15696.95,0
2021-06-18 09:23:17,15696.3,0
2021-06-18 09:23:18,15696.35,0
2021-06-18 09:23:19,15695.8,0
2021-06-18 09:23:20,15695.4,0
2021-06-18 09:23:21,15695.1,0
2021-06-18 09:23:22,15696.5,0
2021-06-18 09:23:23,15695.85,0
2021-06-18 09:23:24,15696.7,0
2021-06-18 09:23:25,15697.6,0
2021-06-18 09:23:26,15697.8,0
2021-06-18 09:23:27,15697.95,0
2021-06-18 09:23:28,15696.8,0
2021-06-18 09:23:29,15696.65,0
2021-06-18 09:23:30,15696.6,0
2021-06-18 09:23:31,15695.75,0
2021-06-18 09:23:32,15695.65,0
2021-06-18 09:23:33,15696.15,0
2021-06-18 09:23:34,15696.7,0
2021-06-18 09:23:35,15696.65,0
2021-06-18 09:23:36,15696.05,0
2021-06-18 09:23:37,15696.6,0
2021-06-18 09:23:38,15698.85,0
2021-06-18 09:23:39,15699.4,0
2021-06-18 09:23:40,15701.65,0
2021-06-18 09:23:41,15700.6,0
2021-06-18 09:23:42,15701.4,0
2021-06-18 09:23:43,15702.6,0
2021-06-18 09:23:44,15702.2,0
2021-06-18 09:23:45,15703.7,0
2021-06-18 09:23:46,15703.45,0
2021-06-18 09:23:47,15704.35,0
2021-06-18 09:23:48,15706.25,0
2021-06-18 09:23:49,15705.5,0
2021-06-18 09:23:50,15706.2,0
2021-06-18 09:23:51,15706.15,0
2021-06-18 09:23:52,15706.65,0
2021-06-18 09:23:53,15707.55,0
2021-06-18 09:23:54,15707.15,0
2021-06-18 09:23:55,15707.75,0
2021-06-18 09:23:56,15707.25,0
2021-06-18 09:23:57,15707.3,0
2021-06-18 09:23:58,15706.9,0
2021-06-18 09:23:59,15707.55,0
2021-06-18 09:24:00,15708.8,0
2021-06-18 09:24:01,15708.4,0
2021-06-18 09:24:02,15708.45,0
2021-06-18 09:24:03,15709.8,0
2021-06-18 09:24:04,15708.0,0
2021-06-18 09:24:05,15708.95,0
2021-06-18 09:24:06,15705.0,0
2021-06-18 09:24:07,15707.05,0
2021-06-18 09:24:08,15707.0,0
2021-06-18 09:24:09,15706.6,0
2021-06-18 09:24:10,15708.05,0
2021-06-18 09:24:11,15709.7,0
2021-06-18 09:24:12,15708.7,0
2021-06-18 09:24:13,15710.2,0
2021-06-18 09:24:14,15710.3,0
2021-06-18 09:24:15,15710.2,0
2021-06-18 09:24:16,15711.65,0
2021-06-18 09:24:17,15712.5,0
2021-06-18 09:24:18,15712.25,0
2021-06-18 09:24:19,15711.4,0
2021-06-18 09:24:20,15713.55,0
2021-06-18 09:24:21,15713.55,0
2021-06-18 09:24:22,15714.3,0
2021-06-18 09:24:23,15714.8,0
2021-06-18 09:24:24,15714.35,0
2021-06-18 09:24:25,15714.35,0
2021-06-18 09:24:26,15716.15,0
2021-06-18 09:24:27,15716.15,0
2021-06-18 09:24:28,15716.6,0
2021-06-18 09:24:29,15716.85,0
2021-06-18 09:24:30,15718.5,0
2021-06-18 09:24:31,15719.15,0
2021-06-18 09:24:32,15720.5,0
2021-06-18 09:24:33,15721.7,0
2021-06-18 09:24:34,15723.15,0
2021-06-18 09:24:35,15724.05,0
2021-06-18 09:24:36,15726.2,0
2021-06-18 09:24:37,15726.8,0
2021-06-18 09:24:38,15728.4,0
2021-06-18 09:24:39,15728.4,0
2021-06-18 09:24:40,15728.7,0
2021-06-18 09:24:41,15725.55,0
2021-06-18 09:24:42,15726.2,0
2021-06-18 09:24:43,15726.8,0
2021-06-18 09:24:44,15728.35,0
2021-06-18 09:24:45,15726.6,0
2021-06-18 09:24:46,15726.25,0
2021-06-18 09:24:47,15726.9,0
2021-06-18 09:24:48,15727.15,0
2021-06-18 09:24:49,15727.4,0
2021-06-18 09:24:50,15728.5,0
2021-06-18 09:24:51,15727.9,0
2021-06-18 09:24:52,15727.1,0
2021-06-18 09:24:53,15726.85,0
2021-06-18 09:24:54,15728.4,0
2021-06-18 09:24:55,15727.1,0
2021-06-18 09:24:56,15727.4,0
2021-06-18 09:24:57,15727.65,0
2021-06-18 09:24:58,15726.95,0
2021-06-18 09:24:59,15727.65,0
2021-06-18 09:25:00,15726.85,0
2021-06-18 09:25:01,15725.0,0
2021-06-18 09:25:02,15725.55,0
2021-06-18 09:25:03,15726.0,0
2021-06-18 09:25:04,15724.95,0
2021-06-18 09:25:05,15726.1,0
2021-06-18 09:25:06,15726.1,0
2021-06-18 09:25:07,15726.1,0
2021-06-18 09:25:08,15726.9,0
2021-06-18 09:25:09,15727.2,0
2021-06-18 09:25:10,15727.5,0
2021-06-18 09:25:11,15728.75,0
2021-06-18 09:25:12,15728.9,0
2021-06-18 09:25:13,15729.85,0
2021-06-18 09:25:14,15730.35,0
2021-06-18 09:25:15,15731.8,0
2021-06-18 09:25:16,15732.5,0
2021-06-18 09:25:17,15733.1,0
2021-06-18 09:25:18,15733.75,0
2021-06-18 09:25:19,15733.5,0
2021-06-18 09:25:21,15736.55,0
2021-06-18 09:25:22,15736.4,0
2021-06-18 09:25:23,15737.9,0
2021-06-18 09:25:24,15737.65,0
2021-06-18 09:25:25,15737.9,0
2021-06-18 09:25:26,15737.95,0
2021-06-18 09:25:27,15738.0,0
2021-06-18 09:25:28,15737.45,0
2021-06-18 09:25:29,15737.15,0
2021-06-18 09:25:30,15738.4,0
2021-06-18 09:25:31,15739.2,0
2021-06-18 09:25:32,15739.85,0
2021-06-18 09:25:33,15741.6,0
2021-06-18 09:25:34,15742.5,0
2021-06-18 09:25:35,15741.75,0
2021-06-18 09:25:36,15742.85,0
2021-06-18 09:25:37,15743.05,0
2021-06-18 09:25:38,15742.7,0
2021-06-18 09:25:39,15742.3,0
2021-06-18 09:25:40,15743.05,0
2021-06-18 09:25:42,15743.75,0
2021-06-18 09:25:44,15743.8,0
2021-06-18 09:25:45,15743.8,0
2021-06-18 09:25:46,15742.2,0
2021-06-18 09:25:47,15742.4,0
2021-06-18 09:25:48,15738.25,0
2021-06-18 09:25:49,15737.75,0
2021-06-18 09:25:50,15737.6,0
2021-06-18 09:25:51,15737.05,0
2021-06-18 09:25:52,15735.75,0
2021-06-18 09:25:53,15736.55,0
2021-06-18 09:25:54,15737.0,0
2021-06-18 09:25:55,15736.05,0
2021-06-18 09:25:56,15736.8,0
2021-06-18 09:25:57,15735.15,0
2021-06-18 09:25:58,15736.4,0
2021-06-18 09:25:59,15738.15,0
2021-06-18 09:26:00,15737.4,0
2021-06-18 09:26:01,15737.4,0
2021-06-18 09:26:02,15737.6,0
2021-06-18 09:26:03,15737.95,0
2021-06-18 09:26:04,15736.7,0
2021-06-18 09:26:05,15739.85,0
2021-06-18 09:26:06,15739.45,0
2021-06-18 09:26:07,15738.55,0
2021-06-18 09:26:08,15738.45,0
2021-06-18 09:26:09,15737.95,0
2021-06-18 09:26:10,15738.55,0
2021-06-18 09:26:11,15739.3,0
2021-06-18 09:26:12,15737.85,0
2021-06-18 09:26:13,15737.45,0
2021-06-18 09:26:14,15736.9,0
2021-06-18 09:26:15,15737.7,0
2021-06-18 09:26:16,15737.6,0
2021-06-18 09:26:17,15736.95,0
2021-06-18 09:26:18,15736.9,0
2021-06-18 09:26:19,15736.65,0
2021-06-18 09:26:20,15735.45,0
2021-06-18 09:26:22,15735.35,0
2021-06-18 09:26:23,15735.8,0
2021-06-18 09:26:24,15734.9,0
2021-06-18 09:26:25,15734.35,0
2021-06-18 09:26:26,15734.2,0
2021-06-18 09:26:27,15733.55,0
2021-06-18 09:26:28,15732.75,0
2021-06-18 09:26:29,15733.9,0
2021-06-18 09:26:30,15733.3,0
2021-06-18 09:26:31,15733.5,0
2021-06-18 09:26:32,15733.95,0
2021-06-18 09:26:33,15731.25,0
2021-06-18 09:26:34,15732.8,0
2021-06-18 09:26:35,15733.1,0
2021-06-18 09:26:36,15733.35,0
2021-06-18 09:26:37,15733.25,0
2021-06-18 09:26:39,15735.3,0
2021-06-18 09:26:40,15736.15,0
2021-06-18 09:26:41,15737.15,0
2021-06-18 09:26:42,15737.4,0
2021-06-18 09:26:43,15737.35,0
2021-06-18 09:26:44,15736.75,0
2021-06-18 09:26:45,15737.15,0
2021-06-18 09:26:46,15738.95,0
2021-06-18 09:26:47,15739.8,0
2021-06-18 09:26:48,15740.0,0
2021-06-18 09:26:49,15739.8,0
2021-06-18 09:26:50,15740.35,0
2021-06-18 09:26:53,15741.3,0
2021-06-18 09:26:55,15739.55,0
2021-06-18 09:26:56,15739.75,0
2021-06-18 09:26:57,15739.95,0
2021-06-18 09:26:58,15739.45,0
2021-06-18 09:26:59,15738.9,0
2021-06-18 09:27:01,15739.6,0
2021-06-18 09:27:02,15740.9,0
2021-06-18 09:27:03,15740.5,0
2021-06-18 09:27:04,15739.65,0
2021-06-18 09:27:05,15740.7,0
2021-06-18 09:27:07,15740.95,0
2021-06-18 09:27:08,15739.05,0
2021-06-18 09:27:10,15737.6,0
2021-06-18 09:27:11,15737.4,0
2021-06-18 09:27:12,15737.75,0
2021-06-18 09:27:13,15737.35,0
2021-06-18 09:27:14,15736.95,0
2021-06-18 09:27:15,15735.3,0
2021-06-18 09:27:16,15735.65,0
2021-06-18 09:27:17,15735.05,0
2021-06-18 09:27:18,15733.3,0
2021-06-18 09:27:19,15731.8,0
2021-06-18 09:27:20,15732.05,0
2021-06-18 09:27:21,15732.05,0
2021-06-18 09:27:22,15730.85,0
2021-06-18 09:27:23,15729.95,0
2021-06-18 09:27:24,15729.8,0
2021-06-18 09:27:27,15728.9,0
2021-06-18 09:27:28,15728.55,0
2021-06-18 09:27:29,15728.55,0
2021-06-18 09:27:30,15729.1,0
2021-06-18 09:27:31,15728.8,0
2021-06-18 09:27:32,15728.8,0
2021-06-18 09:27:33,15730.5,0
2021-06-18 09:27:34,15729.25,0
2021-06-18 09:27:35,15729.35,0
2021-06-18 09:27:36,15729.15,0
2021-06-18 09:27:37,15729.85,0
2021-06-18 09:27:38,15730.1,0
2021-06-18 09:27:39,15730.95,0
2021-06-18 09:27:40,15733.45,0
2021-06-18 09:27:41,15733.9,0
2021-06-18 09:27:42,15733.75,0
2021-06-18 09:27:43,15733.3,0
2021-06-18 09:27:44,15733.95,0
2021-06-18 09:27:46,15734.5,0
2021-06-18 09:27:48,15736.1,0
2021-06-18 09:27:50,15737.2,0
2021-06-18 09:27:51,15737.05,0
2021-06-18 09:27:52,15736.65,0
2021-06-18 09:27:53,15736.5,0
2021-06-18 09:27:54,15737.05,0
2021-06-18 09:27:55,15736.45,0
2021-06-18 09:27:56,15736.35,0
2021-06-18 09:27:57,15736.3,0
2021-06-18 09:27:58,15736.65,0
2021-06-18 09:27:59,15736.35,0
2021-06-18 09:28:00,15735.9,0
2021-06-18 09:28:01,15735.05,0
2021-06-18 09:28:02,15735.55,0
2021-06-18 09:28:03,15734.85,0
2021-06-18 09:28:04,15735.0,0
2021-06-18 09:28:05,15733.75,0
2021-06-18 09:28:06,15731.65,0
2021-06-18 09:28:07,15732.15,0
2021-06-18 09:28:08,15731.55,0
2021-06-18 09:28:09,15731.05,0
2021-06-18 09:28:10,15731.8,0
2021-06-18 09:28:11,15732.05,0
2021-06-18 09:28:12,15731.75,0
2021-06-18 09:28:13,15732.65,0
2021-06-18 09:28:14,15733.55,0
2021-06-18 09:28:15,15733.3,0
2021-06-18 09:28:16,15734.0,0
2021-06-18 09:28:17,15733.75,0
2021-06-18 09:28:18,15733.35,0
2021-06-18 09:28:19,15734.85,0
2021-06-18 09:28:20,15736.0,0
2021-06-18 09:28:21,15735.65,0
2021-06-18 09:28:22,15735.35,0
2021-06-18 09:28:23,15736.05,0
2021-06-18 09:28:24,15736.25,0
2021-06-18 09:28:25,15736.75,0
2021-06-18 09:28:26,15737.15,0
2021-06-18 09:28:27,15736.3,0
2021-06-18 09:28:28,15735.9,0
2021-06-18 09:28:29,15735.7,0
2021-06-18 09:28:30,15734.85,0
2021-06-18 09:28:31,15736.05,0
2021-06-18 09:28:32,15736.5,0
2021-06-18 09:28:33,15736.0,0
2021-06-18 09:28:34,15736.5,0
2021-06-18 09:28:35,15737.4,0
2021-06-18 09:28:36,15736.5,0
2021-06-18 09:28:37,15737.2,0
2021-06-18 09:28:38,15737.4,0
2021-06-18 09:28:39,15737.0,0
2021-06-18 09:28:40,15737.8,0
2021-06-18 09:28:41,15737.9,0
2021-06-18 09:28:42,15738.05,0
2021-06-18 09:28:43,15737.75,0
2021-06-18 09:28:44,15737.35,0
2021-06-18 09:28:45,15737.65,0
2021-06-18 09:28:46,15737.95,0
2021-06-18 09:28:47,15737.9,0
2021-06-18 09:28:48,15738.2,0
2021-06-18 09:28:49,15737.75,0
2021-06-18 09:28:51,15738.55,0
2021-06-18 09:28:52,15738.0,0
2021-06-18 09:28:53,15737.6,0
2021-06-18 09:28:54,15737.45,0
2021-06-18 09:28:55,15737.9,0
2021-06-18 09:28:57,15738.35,0
2021-06-18 09:28:59,15739.35,0
2021-06-18 09:29:00,15739.6,0
2021-06-18 09:29:01,15738.35,0
2021-06-18 09:29:02,15738.8,0
2021-06-18 09:29:03,15738.1,0
2021-06-18 09:29:05,15736.55,0
2021-06-18 09:29:06,15735.4,0
2021-06-18 09:29:07,15734.8,0
2021-06-18 09:29:08,15735.1,0
2021-06-18 09:29:09,15735.95,0
2021-06-18 09:29:10,15735.55,0
2021-06-18 09:29:11,15735.95,0
2021-06-18 09:29:12,15736.25,0
2021-06-18 09:29:13,15735.2,0
2021-06-18 09:29:14,15733.6,0
2021-06-18 09:29:15,15733.9,0
2021-06-18 09:29:16,15732.95,0
2021-06-18 09:29:17,15732.3,0
2021-06-18 09:29:18,15732.7,0
2021-06-18 09:29:19,15732.3,0
2021-06-18 09:29:20,15732.5,0
2021-06-18 09:29:21,15731.6,0
2021-06-18 09:29:22,15732.35,0
2021-06-18 09:29:24,15732.0,0
2021-06-18 09:29:25,15731.7,0
2021-06-18 09:29:26,15730.15,0
2021-06-18 09:29:27,15730.45,0
2021-06-18 09:29:28,15731.15,0
2021-06-18 09:29:29,15730.8,0
2021-06-18 09:29:30,15730.4,0
2021-06-18 09:29:31,15729.55,0
2021-06-18 09:29:32,15729.5,0
2021-06-18 09:29:34,15729.8,0
2021-06-18 09:29:35,15729.3,0
2021-06-18 09:29:36,15729.05,0
2021-06-18 09:29:37,15728.1,0
2021-06-18 09:29:38,15728.25,0
2021-06-18 09:29:39,15728.15,0
2021-06-18 09:29:41,15728.25,0
2021-06-18 09:29:42,15728.95,0
2021-06-18 09:29:44,15728.45,0
2021-06-18 09:29:45,15728.15,0
2021-06-18 09:29:46,15727.55,0
2021-06-18 09:29:47,15727.25,0
2021-06-18 09:29:49,15728.1,0
2021-06-18 09:29:50,15728.55,0
2021-06-18 09:29:52,15728.05,0
2021-06-18 09:29:53,15728.5,0
2021-06-18 09:29:54,15729.85,0
2021-06-18 09:29:55,15728.65,0
2021-06-18 09:29:56,15728.15,0
2021-06-18 09:29:57,15728.65,0
2021-06-18 09:29:58,15727.85,0
2021-06-18 09:29:59,15729.4,0
2021-06-18 09:30:00,15729.1,0
2021-06-18 09:30:01,15728.25,0
2021-06-18 09:30:02,15730.05,0
2021-06-18 09:30:03,15729.75,0
2021-06-18 09:30:04,15728.4,0
2021-06-18 09:30:05,15728.45,0
2021-06-18 09:30:06,15727.5,0
2021-06-18 09:30:07,15727.7,0
2021-06-18 09:30:08,15728.25,0
2021-06-18 09:30:09,15727.9,0
2021-06-18 09:30:10,15727.15,0
2021-06-18 09:30:11,15726.15,0
2021-06-18 09:30:12,15725.1,0
2021-06-18 09:30:13,15724.9,0
2021-06-18 09:30:14,15724.25,0
2021-06-18 09:30:15,15723.2,0
2021-06-18 09:30:16,15723.15,0
2021-06-18 09:30:17,15722.9,0
2021-06-18 09:30:18,15723.7,0
2021-06-18 09:30:19,15722.7,0
2021-06-18 09:30:20,15722.5,0
2021-06-18 09:30:21,15723.05,0
2021-06-18 09:30:22,15722.35,0
2021-06-18 09:30:23,15722.9,0
2021-06-18 09:30:24,15722.1,0
2021-06-18 09:30:25,15722.6,0
2021-06-18 09:30:26,15721.8,0
2021-06-18 09:30:27,15721.25,0
2021-06-18 09:30:28,15722.25,0
2021-06-18 09:30:29,15722.3,0
2021-06-18 09:30:30,15722.0,0
2021-06-18 09:30:31,15720.8,0
2021-06-18 09:30:32,15721.3,0
2021-06-18 09:30:33,15720.2,0
2021-06-18 09:30:34,15719.65,0
2021-06-18 09:30:35,15719.7,0
2021-06-18 09:30:36,15719.3,0
2021-06-18 09:30:37,15718.35,0
2021-06-18 09:30:38,15719.65,0
2021-06-18 09:30:39,15719.15,0
2021-06-18 09:30:40,15717.65,0
2021-06-18 09:30:41,15716.8,0
2021-06-18 09:30:42,15716.2,0
2021-06-18 09:30:43,15715.95,0
2021-06-18 09:30:44,15715.8,0
2021-06-18 09:30:45,15714.8,0
2021-06-18 09:30:46,15715.1,0
2021-06-18 09:30:47,15716.2,0
2021-06-18 09:30:48,15715.2,0
2021-06-18 09:30:49,15714.95,0
2021-06-18 09:30:50,15714.7,0
2021-06-18 09:30:51,15713.75,0
2021-06-18 09:30:52,15713.4,0
2021-06-18 09:30:53,15713.4,0
2021-06-18 09:30:54,15713.4,0
2021-06-18 09:30:55,15711.75,0
2021-06-18 09:30:56,15711.35,0
2021-06-18 09:30:57,15712.0,0
2021-06-18 09:30:58,15711.75,0
2021-06-18 09:30:59,15711.1,0
2021-06-18 09:31:00,15710.6,0
2021-06-18 09:31:01,15710.55,0
2021-06-18 09:31:02,15711.15,0
2021-06-18 09:31:03,15710.3,0
2021-06-18 09:31:04,15709.8,0
2021-06-18 09:31:05,15711.05,0
2021-06-18 09:31:06,15711.65,0
2021-06-18 09:31:07,15711.3,0
2021-06-18 09:31:08,15711.5,0
2021-06-18 09:31:09,15710.8,0
2021-06-18 09:31:10,15711.05,0
2021-06-18 09:31:11,15710.05,0
2021-06-18 09:31:12,15710.9,0
2021-06-18 09:31:13,15710.4,0
2021-06-18 09:31:14,15710.75,0
2021-06-18 09:31:15,15710.7,0
2021-06-18 09:31:16,15710.35,0
2021-06-18 09:31:17,15709.65,0
2021-06-18 09:31:18,15709.55,0
2021-06-18 09:31:19,15709.95,0
2021-06-18 09:31:20,15709.55,0
2021-06-18 09:31:21,15712.45,0
2021-06-18 09:31:22,15711.05,0
2021-06-18 09:31:23,15710.85,0
2021-06-18 09:31:24,15712.15,0
2021-06-18 09:31:25,15711.15,0
2021-06-18 09:31:26,15711.15,0
2021-06-18 09:31:27,15712.95,0
2021-06-18 09:31:28,15713.1,0
2021-06-18 09:31:29,15716.9,0
2021-06-18 09:31:30,15716.3,0
2021-06-18 09:31:31,15719.05,0
2021-06-18 09:31:32,15719.55,0
2021-06-18 09:31:33,15720.6,0
2021-06-18 09:31:34,15720.7,0
2021-06-18 09:31:35,15720.0,0
2021-06-18 09:31:36,15721.2,0
2021-06-18 09:31:37,15720.95,0
2021-06-18 09:31:38,15720.3,0
2021-06-18 09:31:39,15720.25,0
2021-06-18 09:31:40,15720.95,0
2021-06-18 09:31:41,15718.85,0
2021-06-18 09:31:42,15719.4,0
2021-06-18 09:31:43,15719.8,0
2021-06-18 09:31:44,15718.55,0
2021-06-18 09:31:45,15719.7,0
2021-06-18 09:31:46,15719.25,0
2021-06-18 09:31:47,15718.25,0
2021-06-18 09:31:48,15718.8,0
2021-06-18 09:31:49,15719.3,0
2021-06-18 09:31:50,15718.8,0
2021-06-18 09:31:51,15718.65,0
2021-06-18 09:31:52,15718.7,0
2021-06-18 09:31:53,15718.9,0
2021-06-18 09:31:54,15720.25,0
2021-06-18 09:31:55,15719.9,0
2021-06-18 09:31:56,15719.95,0
2021-06-18 09:31:57,15719.85,0
2021-06-18 09:31:59,15719.55,0
2021-06-18 09:32:01,15719.35,0
2021-06-18 09:32:02,15719.05,0
2021-06-18 09:32:03,15718.95,0
2021-06-18 09:32:04,15719.1,0
2021-06-18 09:32:05,15719.75,0
2021-06-18 09:32:07,15718.0,0
2021-06-18 09:32:08,15718.45,0
2021-06-18 09:32:09,15718.7,0
2021-06-18 09:32:10,15717.85,0
2021-06-18 09:32:11,15718.65,0
2021-06-18 09:32:12,15718.1,0
2021-06-18 09:32:13,15718.7,0
2021-06-18 09:32:14,15718.5,0
2021-06-18 09:32:15,15718.3,0
2021-06-18 09:32:16,15717.6,0
2021-06-18 09:32:17,15718.3,0
2021-06-18 09:32:18,15718.3,0
2021-06-18 09:32:19,15717.6,0
2021-06-18 09:32:20,15717.25,0
2021-06-18 09:32:21,15717.15,0
2021-06-18 09:32:22,15717.1,0
2021-06-18 09:32:23,15716.2,0
2021-06-18 09:32:24,15717.6,0
2021-06-18 09:32:25,15716.75,0
2021-06-18 09:32:26,15717.5,0
2021-06-18 09:32:27,15717.05,0
2021-06-18 09:32:28,15716.25,0
2021-06-18 09:32:29,15715.65,0
2021-06-18 09:32:30,15716.15,0
2021-06-18 09:32:31,15716.1,0
2021-06-18 09:32:32,15715.65,0
2021-06-18 09:32:33,15715.8,0
2021-06-18 09:32:34,15716.25,0
2021-06-18 09:32:35,15716.2,0
2021-06-18 09:32:36,15715.4,0
2021-06-18 09:32:37,15716.25,0
2021-06-18 09:32:38,15716.1,0
2021-06-18 09:32:39,15715.1,0
2021-06-18 09:32:40,15715.4,0
2021-06-18 09:32:41,15715.4,0
2021-06-18 09:32:42,15715.4,0
2021-06-18 09:32:43,15715.15,0
2021-06-18 09:32:44,15715.25,0
2021-06-18 09:32:45,15714.2,0
2021-06-18 09:32:46,15713.85,0
2021-06-18 09:32:47,15714.35,0
2021-06-18 09:32:48,15715.1,0
2021-06-18 09:32:49,15714.55,0
2021-06-18 09:32:50,15714.45,0
2021-06-18 09:32:51,15715.05,0
2021-06-18 09:32:52,15714.2,0
2021-06-18 09:32:53,15714.95,0
2021-06-18 09:32:54,15714.3,0
2021-06-18 09:32:55,15716.55,0
2021-06-18 09:32:56,15717.85,0
2021-06-18 09:32:57,15717.35,0
2021-06-18 09:32:58,15718.1,0
2021-06-18 09:32:59,15716.7,0
2021-06-18 09:33:00,15717.7,0
2021-06-18 09:33:01,15717.25,0
2021-06-18 09:33:02,15716.9,0
2021-06-18 09:33:03,15717.05,0
2021-06-18 09:33:04,15717.15,0
2021-06-18 09:33:05,15717.05,0
2021-06-18 09:33:06,15716.8,0
2021-06-18 09:33:07,15715.3,0
2021-06-18 09:33:08,15715.5,0
2021-06-18 09:33:09,15715.5,0
2021-06-18 09:33:10,15715.2,0
2021-06-18 09:33:11,15714.8,0
2021-06-18 09:33:12,15714.7,0
2021-06-18 09:33:13,15714.2,0
2021-06-18 09:33:14,15713.95,0
2021-06-18 09:33:15,15714.65,0
2021-06-18 09:33:16,15714.45,0
2021-06-18 09:33:17,15714.8,0
2021-06-18 09:33:18,15714.45,0
2021-06-18 09:33:19,15714.8,0
2021-06-18 09:33:20,15714.45,0
2021-06-18 09:33:21,15714.85,0
2021-06-18 09:33:22,15715.3,0
2021-06-18 09:33:23,15714.9,0
2021-06-18 09:33:24,15713.8,0
2021-06-18 09:33:25,15714.15,0
2021-06-18 09:33:26,15714.3,0
2021-06-18 09:33:27,15714.65,0
2021-06-18 09:33:28,15714.15,0
2021-06-18 09:33:29,15714.65,0
2021-06-18 09:33:30,15714.2,0
2021-06-18 09:33:31,15713.15,0
2021-06-18 09:33:32,15713.35,0
2021-06-18 09:33:33,15713.15,0
2021-06-18 09:33:34,15713.45,0
2021-06-18 09:33:35,15712.65,0
2021-06-18 09:33:36,15712.4,0
2021-06-18 09:33:37,15713.35,0
2021-06-18 09:33:38,15713.8,0
2021-06-18 09:33:39,15714.45,0
2021-06-18 09:33:40,15713.9,0
2021-06-18 09:33:41,15714.2,0
2021-06-18 09:33:43,15714.45,0
2021-06-18 09:33:45,15714.05,0
2021-06-18 09:33:47,15713.95,0
2021-06-18 09:33:48,15713.75,0
2021-06-18 09:33:50,15714.8,0
2021-06-18 09:33:52,15712.8,0
2021-06-18 09:33:53,15712.2,0
2021-06-18 09:33:54,15713.4,0
2021-06-18 09:33:55,15711.15,0
2021-06-18 09:33:56,15710.5,0
2021-06-18 09:33:57,15709.9,0
2021-06-18 09:33:58,15710.5,0
2021-06-18 09:33:59,15709.85,0
2021-06-18 09:34:00,15709.25,0
2021-06-18 09:34:01,15709.55,0
2021-06-18 09:34:02,15710.15,0
2021-06-18 09:34:03,15709.1,0
2021-06-18 09:34:04,15708.6,0
2021-06-18 09:34:06,15706.6,0
2021-06-18 09:34:07,15707.8,0
2021-06-18 09:34:08,15707.15,0
2021-06-18 09:34:09,15707.55,0
2021-06-18 09:34:10,15707.2,0
2021-06-18 09:34:12,15707.2,0
2021-06-18 09:34:13,15706.25,0
2021-06-18 09:34:14,15706.55,0
2021-06-18 09:34:15,15706.5,0
2021-06-18 09:34:16,15705.95,0
2021-06-18 09:34:18,15707.65,0
2021-06-18 09:34:19,15711.25,0
2021-06-18 09:34:21,15710.6,0
2021-06-18 09:34:22,15712.0,0
2021-06-18 09:34:23,15711.95,0
2021-06-18 09:34:24,15712.2,0
2021-06-18 09:34:25,15711.05,0
2021-06-18 09:34:26,15711.4,0
2021-06-18 09:34:27,15713.4,0
2021-06-18 09:34:28,15712.65,0
2021-06-18 09:34:29,15713.35,0
2021-06-18 09:34:30,15712.15,0
2021-06-18 09:34:31,15711.95,0
2021-06-18 09:34:32,15712.85,0
2021-06-18 09:34:33,15712.95,0
2021-06-18 09:34:34,15711.75,0
2021-06-18 09:34:35,15711.5,0
2021-06-18 09:34:36,15711.7,0
2021-06-18 09:34:37,15711.7,0
2021-06-18 09:34:38,15711.55,0
2021-06-18 09:34:39,15711.8,0
2021-06-18 09:34:40,15711.4,0
2021-06-18 09:34:41,15709.65,0
2021-06-18 09:34:42,15709.1,0
2021-06-18 09:34:43,15710.15,0
2021-06-18 09:34:44,15708.75,0
2021-06-18 09:34:45,15708.9,0
2021-06-18 09:34:46,15709.1,0
2021-06-18 09:34:47,15708.9,0
2021-06-18 09:34:48,15708.3,0
2021-06-18 09:34:49,15709.6,0
2021-06-18 09:34:50,15709.3,0
2021-06-18 09:34:51,15709.35,0
2021-06-18 09:34:52,15709.6,0
2021-06-18 09:34:53,15709.4,0
2021-06-18 09:34:54,15709.95,0
2021-06-18 09:34:55,15710.2,0
2021-06-18 09:34:56,15709.15,0
2021-06-18 09:34:57,15709.55,0
2021-06-18 09:34:58,15710.95,0
2021-06-18 09:34:59,15711.05,0
2021-06-18 09:35:00,15709.9,0
2021-06-18 09:35:01,15709.25,0
2021-06-18 09:35:02,15709.75,0
2021-06-18 09:35:03,15709.4,0
2021-06-18 09:35:04,15709.2,0
2021-06-18 09:35:05,15708.55,0
2021-06-18 09:35:06,15707.25,0
2021-06-18 09:35:07,15706.15,0
2021-06-18 09:35:08,15706.25,0
2021-06-18 09:35:09,15706.0,0
2021-06-18 09:35:10,15705.85,0
2021-06-18 09:35:11,15706.1,0
2021-06-18 09:35:12,15705.9,0
2021-06-18 09:35:13,15705.45,0
2021-06-18 09:35:14,15704.7,0
2021-06-18 09:35:15,15705.1,0
2021-06-18 09:35:16,15704.6,0
2021-06-18 09:35:17,15703.55,0
2021-06-18 09:35:18,15703.4,0
2021-06-18 09:35:19,15703.0,0
2021-06-18 09:35:20,15703.45,0
2021-06-18 09:35:21,15704.05,0
2021-06-18 09:35:22,15704.0,0
2021-06-18 09:35:23,15703.4,0
2021-06-18 09:35:24,15704.45,0
2021-06-18 09:35:25,15703.75,0
2021-06-18 09:35:26,15704.4,0
2021-06-18 09:35:27,15702.9,0
2021-06-18 09:35:29,15702.85,0
2021-06-18 09:35:30,15703.6,0
2021-06-18 09:35:31,15703.1,0
2021-06-18 09:35:32,15703.75,0
2021-06-18 09:35:34,15704.05,0
2021-06-18 09:35:35,15702.55,0
2021-06-18 09:35:36,15701.95,0
2021-06-18 09:35:37,15701.95,0
2021-06-18 09:35:39,15702.35,0
2021-06-18 09:35:40,15702.5,0
2021-06-18 09:35:41,15701.95,0
2021-06-18 09:35:42,15702.0,0
2021-06-18 09:35:43,15701.35,0
2021-06-18 09:35:44,15701.7,0
2021-06-18 09:35:45,15701.3,0
2021-06-18 09:35:46,15701.05,0
2021-06-18 09:35:47,15702.0,0
2021-06-18 09:35:49,15700.75,0
2021-06-18 09:35:50,15700.65,0
2021-06-18 09:35:52,15700.9,0
2021-06-18 09:35:53,15700.6,0
2021-06-18 09:35:54,15701.6,0
2021-06-18 09:35:55,15701.15,0
2021-06-18 09:35:57,15701.5,0
2021-06-18 09:35:58,15701.8,0
2021-06-18 09:35:59,15701.8,0
2021-06-18 09:36:00,15702.45,0
2021-06-18 09:36:03,15702.05,0
2021-06-18 09:36:04,15700.55,0
2021-06-18 09:36:05,15701.65,0
2021-06-18 09:36:07,15700.2,0
2021-06-18 09:36:08,15698.8,0
2021-06-18 09:36:10,15698.9,0
2021-06-18 09:36:11,15699.55,0
2021-06-18 09:36:12,15698.3,0
2021-06-18 09:36:13,15697.5,0
2021-06-18 09:36:14,15697.55,0
2021-06-18 09:36:15,15697.35,0
2021-06-18 09:36:16,15697.75,0
2021-06-18 09:36:17,15697.9,0
2021-06-18 09:36:19,15697.75,0
2021-06-18 09:36:20,15697.4,0
2021-06-18 09:36:22,15698.15,0
2021-06-18 09:36:24,15698.1,0
2021-06-18 09:36:25,15697.35,0
2021-06-18 09:36:27,15696.65,0
2021-06-18 09:36:28,15696.1,0
2021-06-18 09:36:29,15695.7,0
2021-06-18 09:36:30,15695.85,0
2021-06-18 09:36:31,15695.9,0
2021-06-18 09:36:32,15696.0,0
2021-06-18 09:36:33,15695.7,0
2021-06-18 09:36:34,15695.15,0
2021-06-18 09:36:35,15695.2,0
2021-06-18 09:36:36,15694.65,0
2021-06-18 09:36:37,15694.45,0
2021-06-18 09:36:39,15694.95,0
2021-06-18 09:36:40,15693.85,0
2021-06-18 09:36:41,15694.05,0
2021-06-18 09:36:42,15694.15,0
2021-06-18 09:36:43,15693.9,0
2021-06-18 09:36:44,15693.8,0
2021-06-18 09:36:45,15694.25,0
2021-06-18 09:36:46,15694.55,0
2021-06-18 09:36:47,15694.25,0
2021-06-18 09:36:48,15694.2,0
2021-06-18 09:36:49,15694.35,0
2021-06-18 09:36:50,15694.3,0
2021-06-18 09:36:51,15693.7,0
2021-06-18 09:36:52,15695.0,0
2021-06-18 09:36:53,15696.4,0
2021-06-18 09:36:54,15695.9,0
2021-06-18 09:36:55,15697.4,0
2021-06-18 09:36:56,15698.15,0
2021-06-18 09:36:57,15698.75,0
2021-06-18 09:36:58,15698.25,0
2021-06-18 09:36:59,15698.3,0
2021-06-18 09:37:00,15697.4,0
2021-06-18 09:37:01,15697.85,0
2021-06-18 09:37:02,15698.4,0
2021-06-18 09:37:03,15698.5,0
2021-06-18 09:37:04,15697.55,0
2021-06-18 09:37:05,15697.85,0
2021-06-18 09:37:06,15698.4,0
2021-06-18 09:37:07,15696.0,0
2021-06-18 09:37:08,15696.05,0
2021-06-18 09:37:09,15696.0,0
2021-06-18 09:37:10,15696.3,0
2021-06-18 09:37:11,15696.5,0
2021-06-18 09:37:12,15697.15,0
2021-06-18 09:37:13,15696.7,0
2021-06-18 09:37:14,15697.05,0
2021-06-18 09:37:15,15695.9,0
2021-06-18 09:37:16,15695.55,0
2021-06-18 09:37:17,15694.4,0
2021-06-18 09:37:18,15694.9,0
2021-06-18 09:37:19,15693.7,0
2021-06-18 09:37:20,15693.6,0
2021-06-18 09:37:21,15693.25,0
2021-06-18 09:37:22,15693.2,0
2021-06-18 09:37:23,15692.85,0
2021-06-18 09:37:24,15693.25,0
2021-06-18 09:37:25,15694.35,0
2021-06-18 09:37:26,15697.65,0
2021-06-18 09:37:27,15696.05,0
2021-06-18 09:37:29,15696.9,0
2021-06-18 09:37:30,15697.05,0
2021-06-18 09:37:31,15696.35,0
2021-06-18 09:37:32,15696.55,0
2021-06-18 09:37:33,15695.8,0
2021-06-18 09:37:34,15695.25,0
2021-06-18 09:37:35,15695.25,0
2021-06-18 09:37:36,15695.25,0
2021-06-18 09:37:37,15694.4,0
2021-06-18 09:37:38,15694.9,0
2021-06-18 09:37:39,15695.0,0
2021-06-18 09:37:40,15694.2,0
2021-06-18 09:37:41,15694.7,0
2021-06-18 09:37:43,15694.5,0
2021-06-18 09:37:44,15694.9,0
2021-06-18 09:37:45,15696.65,0
2021-06-18 09:37:46,15696.5,0
2021-06-18 09:37:47,15696.4,0
2021-06-18 09:37:48,15696.85,0
2021-06-18 09:37:49,15697.4,0
2021-06-18 09:37:50,15697.7,0
2021-06-18 09:37:51,15697.55,0
2021-06-18 09:37:52,15696.2,0
2021-06-18 09:37:53,15696.35,0
2021-06-18 09:37:55,15697.55,0
2021-06-18 09:37:56,15696.25,0
2021-06-18 09:37:57,15697.0,0
2021-06-18 09:37:58,15697.15,0
2021-06-18 09:37:59,15697.25,0
2021-06-18 09:38:00,15698.65,0
2021-06-18 09:38:01,15697.0,0
2021-06-18 09:38:02,15696.2,0
2021-06-18 09:38:03,15696.5,0
2021-06-18 09:38:04,15696.55,0
2021-06-18 09:38:05,15696.55,0
2021-06-18 09:38:06,15696.15,0
2021-06-18 09:38:07,15695.8,0
2021-06-18 09:38:08,15695.15,0
2021-06-18 09:38:09,15694.85,0
2021-06-18 09:38:11,15695.55,0
2021-06-18 09:38:10,15694.8,0
2021-06-18 09:38:12,15695.65,0
2021-06-18 09:38:13,15695.4,0
2021-06-18 09:38:14,15697.0,0
2021-06-18 09:38:15,15696.25,0
2021-06-18 09:38:16,15697.25,0
2021-06-18 09:38:17,15697.8,0
2021-06-18 09:38:18,15697.9,0
2021-06-18 09:38:19,15698.3,0
2021-06-18 09:38:20,15698.65,0
2021-06-18 09:38:21,15698.75,0
2021-06-18 09:38:22,15700.1,0
2021-06-18 09:38:23,15700.45,0
2021-06-18 09:38:24,15701.35,0
2021-06-18 09:38:25,15700.35,0
2021-06-18 09:38:26,15700.8,0
2021-06-18 09:38:27,15701.95,0
2021-06-18 09:38:28,15701.7,0
2021-06-18 09:38:29,15703.2,0
2021-06-18 09:38:30,15703.95,0
2021-06-18 09:38:31,15703.45,0
2021-06-18 09:38:32,15704.0,0
2021-06-18 09:38:33,15703.95,0
2021-06-18 09:38:34,15704.8,0
2021-06-18 09:38:35,15705.25,0
2021-06-18 09:38:36,15704.7,0
2021-06-18 09:38:37,15704.0,0
2021-06-18 09:38:38,15703.9,0
2021-06-18 09:38:39,15704.75,0
2021-06-18 09:38:40,15707.3,0
2021-06-18 09:38:41,15707.8,0
2021-06-18 09:38:42,15708.25,0
2021-06-18 09:38:43,15708.2,0
2021-06-18 09:38:44,15708.25,0
2021-06-18 09:38:45,15708.6,0
2021-06-18 09:38:46,15707.95,0
2021-06-18 09:38:47,15708.8,0
2021-06-18 09:38:48,15708.7,0
2021-06-18 09:38:49,15708.5,0
2021-06-18 09:38:50,15708.75,0
2021-06-18 09:38:51,15708.85,0
2021-06-18 09:38:52,15708.95,0
2021-06-18 09:38:53,15708.55,0
2021-06-18 09:38:54,15710.15,0
2021-06-18 09:38:55,15709.55,0
2021-06-18 09:38:56,15709.3,0
2021-06-18 09:38:57,15709.5,0
2021-06-18 09:38:58,15710.7,0
2021-06-18 09:38:59,15710.65,0
2021-06-18 09:39:00,15710.85,0
2021-06-18 09:39:01,15711.3,0
2021-06-18 09:39:02,15713.05,0
2021-06-18 09:39:03,15711.15,0
2021-06-18 09:39:04,15711.15,0
2021-06-18 09:39:05,15711.75,0
2021-06-18 09:39:06,15710.45,0
2021-06-18 09:39:07,15710.6,0
2021-06-18 09:39:08,15711.2,0
2021-06-18 09:39:09,15711.0,0
2021-06-18 09:39:10,15710.95,0
2021-06-18 09:39:11,15710.05,0
2021-06-18 09:39:13,15710.35,0
2021-06-18 09:39:14,15709.2,0
2021-06-18 09:39:15,15707.9,0
2021-06-18 09:39:16,15706.5,0
2021-06-18 09:39:17,15707.15,0
2021-06-18 09:39:18,15705.6,0
2021-06-18 09:39:19,15705.55,0
2021-06-18 09:39:20,15706.9,0
2021-06-18 09:39:21,15706.9,0
2021-06-18 09:39:22,15706.45,0
2021-06-18 09:39:23,15706.95,0
2021-06-18 09:39:24,15707.3,0
2021-06-18 09:39:25,15707.9,0
2021-06-18 09:39:26,15708.35,0
2021-06-18 09:39:27,15708.05,0
2021-06-18 09:39:28,15708.45,0
2021-06-18 09:39:29,15708.0,0
2021-06-18 09:39:30,15708.5,0
2021-06-18 09:39:31,15707.55,0
2021-06-18 09:39:32,15708.95,0
2021-06-18 09:39:33,15708.25,0
2021-06-18 09:39:34,15708.0,0
2021-06-18 09:39:35,15707.95,0
2021-06-18 09:39:36,15708.55,0
2021-06-18 09:39:37,15709.25,0
2021-06-18 09:39:38,15709.6,0
2021-06-18 09:39:39,15708.1,0
2021-06-18 09:39:40,15709.05,0
2021-06-18 09:39:41,15708.25,0
2021-06-18 09:39:42,15707.95,0
2021-06-18 09:39:43,15708.45,0
2021-06-18 09:39:44,15709.25,0
2021-06-18 09:39:45,15708.25,0
2021-06-18 09:39:46,15708.05,0
2021-06-18 09:39:47,15708.35,0
2021-06-18 09:39:48,15707.5,0
2021-06-18 09:39:49,15707.25,0
2021-06-18 09:39:50,15707.3,0
2021-06-18 09:39:51,15707.35,0
2021-06-18 09:39:52,15706.8,0
2021-06-18 09:39:53,15707.4,0
2021-06-18 09:39:54,15708.05,0
2021-06-18 09:39:56,15705.75,0
2021-06-18 09:39:57,15706.2,0
2021-06-18 09:39:58,15705.85,0
2021-06-18 09:39:59,15705.8,0
2021-06-18 09:40:01,15705.3,0
2021-06-18 09:40:02,15707.95,0
2021-06-18 09:40:04,15705.8,0
2021-06-18 09:40:05,15706.4,0
2021-06-18 09:40:06,15706.35,0
2021-06-18 09:40:07,15706.8,0
2021-06-18 09:40:08,15706.25,0
2021-06-18 09:40:09,15705.65,0
2021-06-18 09:40:10,15705.2,0
2021-06-18 09:40:11,15705.0,0
2021-06-18 09:40:12,15704.5,0
2021-06-18 09:40:13,15704.0,0
2021-06-18 09:40:14,15704.35,0
2021-06-18 09:40:15,15703.75,0
2021-06-18 09:40:16,15704.25,0
2021-06-18 09:40:17,15702.85,0
2021-06-18 09:40:18,15702.1,0
2021-06-18 09:40:19,15701.3,0
2021-06-18 09:40:20,15701.05,0
2021-06-18 09:40:21,15700.75,0
2021-06-18 09:40:22,15701.3,0
2021-06-18 09:40:23,15699.95,0
2021-06-18 09:40:24,15699.5,0
2021-06-18 09:40:25,15699.55,0
2021-06-18 09:40:26,15699.35,0
2021-06-18 09:40:27,15699.35,0
2021-06-18 09:40:28,15698.75,0
2021-06-18 09:40:29,15698.45,0
2021-06-18 09:40:30,15698.0,0
2021-06-18 09:40:31,15698.25,0
2021-06-18 09:40:32,15698.6,0
2021-06-18 09:40:33,15699.45,0
2021-06-18 09:40:34,15699.35,0
2021-06-18 09:40:35,15700.1,0
2021-06-18 09:40:36,15699.2,0
2021-06-18 09:40:37,15698.85,0
2021-06-18 09:40:38,15699.15,0
2021-06-18 09:40:39,15699.65,0
2021-06-18 09:40:40,15700.0,0
2021-06-18 09:40:41,15699.4,0
2021-06-18 09:40:42,15700.0,0
2021-06-18 09:40:43,15699.55,0
2021-06-18 09:40:44,15700.25,0
2021-06-18 09:40:45,15700.4,0
2021-06-18 09:40:46,15701.6,0
2021-06-18 09:40:47,15701.85,0
2021-06-18 09:40:48,15701.55,0
2021-06-18 09:40:49,15701.9,0
2021-06-18 09:40:50,15701.45,0
2021-06-18 09:40:51,15702.05,0
2021-06-18 09:40:52,15701.35,0
2021-06-18 09:40:53,15701.25,0
2021-06-18 09:40:54,15701.15,0
2021-06-18 09:40:55,15701.9,0
2021-06-18 09:40:56,15701.7,0
2021-06-18 09:40:57,15701.15,0
2021-06-18 09:40:58,15700.9,0
2021-06-18 09:41:00,15700.1,0
2021-06-18 09:41:01,15700.6,0
2021-06-18 09:41:02,15700.25,0
2021-06-18 09:41:03,15701.0,0
2021-06-18 09:41:04,15700.0,0
2021-06-18 09:41:05,15700.35,0
2021-06-18 09:41:07,15701.25,0
2021-06-18 09:41:08,15701.05,0
2021-06-18 09:41:09,15700.95,0
2021-06-18 09:41:10,15700.55,0
2021-06-18 09:41:12,15700.75,0
2021-06-18 09:41:13,15700.25,0
2021-06-18 09:41:14,15699.85,0
2021-06-18 09:41:15,15699.05,0
2021-06-18 09:41:16,15699.45,0
2021-06-18 09:41:17,15700.25,0
2021-06-18 09:41:18,15699.35,0
2021-06-18 09:41:19,15698.7,0
2021-06-18 09:41:20,15698.9,0
2021-06-18 09:41:21,15698.9,0
2021-06-18 09:41:22,15699.0,0
2021-06-18 09:41:23,15698.65,0
2021-06-18 09:41:24,15698.3,0
2021-06-18 09:41:25,15698.35,0
2021-06-18 09:41:26,15698.2,0
2021-06-18 09:41:27,15698.3,0
2021-06-18 09:41:28,15698.15,0
2021-06-18 09:41:29,15697.25,0
2021-06-18 09:41:30,15696.9,0
2021-06-18 09:41:31,15696.35,0
2021-06-18 09:41:32,15696.1,0
2021-06-18 09:41:33,15696.6,0
2021-06-18 09:41:34,15696.75,0
2021-06-18 09:41:35,15696.55,0
2021-06-18 09:41:36,15697.5,0
2021-06-18 09:41:37,15696.55,0
2021-06-18 09:41:38,15696.05,0
2021-06-18 09:41:39,15695.2,0
2021-06-18 09:41:40,15696.25,0
2021-06-18 09:41:41,15694.8,0
2021-06-18 09:41:42,15694.35,0
2021-06-18 09:41:43,15694.65,0
2021-06-18 09:41:44,15694.8,0
2021-06-18 09:41:45,15694.55,0
2021-06-18 09:41:46,15694.25,0
2021-06-18 09:41:47,15694.6,0
2021-06-18 09:41:48,15694.9,0
2021-06-18 09:41:49,15694.35,0
2021-06-18 09:41:50,15695.15,0
2021-06-18 09:41:51,15694.95,0
2021-06-18 09:41:52,15694.7,0
2021-06-18 09:41:53,15695.15,0
2021-06-18 09:41:54,15695.2,0
2021-06-18 09:41:55,15695.15,0
2021-06-18 09:41:56,15695.85,0
2021-06-18 09:41:57,15694.7,0
2021-06-18 09:41:58,15695.95,0
2021-06-18 09:41:59,15696.35,0
2021-06-18 09:42:00,15698.05,0
2021-06-18 09:42:01,15697.85,0
2021-06-18 09:42:02,15697.5,0
2021-06-18 09:42:03,15698.3,0
2021-06-18 09:42:04,15696.75,0
2021-06-18 09:42:05,15697.75,0
2021-06-18 09:42:06,15697.35,0
2021-06-18 09:42:09,15697.35,0
2021-06-18 09:42:10,15698.1,0
2021-06-18 09:42:11,15696.8,0
2021-06-18 09:42:12,15696.65,0
2021-06-18 09:42:13,15696.75,0
2021-06-18 09:42:14,15697.15,0
2021-06-18 09:42:15,15696.6,0
2021-06-18 09:42:16,15696.5,0
2021-06-18 09:42:17,15697.0,0
2021-06-18 09:42:18,15697.25,0
2021-06-18 09:42:19,15696.8,0
2021-06-18 09:42:23,15695.25,0
2021-06-18 09:42:24,15695.1,0
2021-06-18 09:42:25,15695.3,0
2021-06-18 09:42:27,15694.9,0
2021-06-18 09:42:28,15695.0,0
2021-06-18 09:42:29,15694.6,0
2021-06-18 09:42:30,15694.9,0
2021-06-18 09:42:32,15694.45,0
2021-06-18 09:42:33,15694.5,0
2021-06-18 09:42:35,15694.35,0
2021-06-18 09:42:36,15694.25,0
2021-06-18 09:42:39,15691.25,0
2021-06-18 09:42:40,15690.45,0
2021-06-18 09:42:41,15689.05,0
2021-06-18 09:42:42,15687.85,0
2021-06-18 09:42:43,15688.4,0
2021-06-18 09:42:44,15686.05,0
2021-06-18 09:42:45,15686.4,0
2021-06-18 09:42:46,15685.5,0
2021-06-18 09:42:48,15684.9,0
2021-06-18 09:42:50,15684.3,0
2021-06-18 09:42:51,15683.7,0
2021-06-18 09:42:52,15683.65,0
2021-06-18 09:42:53,15683.75,0
2021-06-18 09:42:54,15684.85,0
2021-06-18 09:42:55,15684.1,0
2021-06-18 09:42:56,15684.3,0
2021-06-18 09:42:57,15684.45,0
2021-06-18 09:42:58,15683.05,0
2021-06-18 09:42:59,15680.8,0
2021-06-18 09:43:00,15677.85,0
2021-06-18 09:43:01,15677.5,0
2021-06-18 09:43:02,15676.2,0
2021-06-18 09:43:03,15676.15,0
2021-06-18 09:43:04,15675.45,0
2021-06-18 09:43:05,15676.15,0
2021-06-18 09:43:06,15675.8,0
2021-06-18 09:43:07,15677.85,0
2021-06-18 09:43:08,15678.65,0
2021-06-18 09:43:09,15678.5,0
2021-06-18 09:43:10,15679.2,0
2021-06-18 09:43:12,15678.5,0
2021-06-18 09:43:13,15678.9,0
2021-06-18 09:43:15,15678.4,0
2021-06-18 09:43:16,15677.55,0
2021-06-18 09:43:17,15677.9,0
2021-06-18 09:43:19,15678.35,0
2021-06-18 09:43:20,15677.95,0
2021-06-18 09:43:21,15678.0,0
2021-06-18 09:43:22,15678.15,0
2021-06-18 09:43:23,15678.1,0
2021-06-18 09:43:24,15677.5,0
2021-06-18 09:43:25,15677.6,0
2021-06-18 09:43:26,15677.95,0
2021-06-18 09:43:27,15677.1,0
2021-06-18 09:43:29,15676.15,0
2021-06-18 09:43:30,15676.85,0
2021-06-18 09:43:31,15676.75,0
2021-06-18 09:43:32,15676.1,0
2021-06-18 09:43:33,15676.4,0
2021-06-18 09:43:34,15675.2,0
2021-06-18 09:43:35,15675.2,0
2021-06-18 09:43:36,15674.7,0
2021-06-18 09:43:37,15674.15,0
2021-06-18 09:43:38,15674.7,0
2021-06-18 09:43:39,15675.1,0
2021-06-18 09:43:40,15674.0,0
2021-06-18 09:43:41,15675.45,0
2021-06-18 09:43:42,15675.05,0
2021-06-18 09:43:43,15675.1,0
2021-06-18 09:43:44,15673.85,0
2021-06-18 09:43:45,15674.35,0
2021-06-18 09:43:46,15674.05,0
2021-06-18 09:43:47,15675.05,0
2021-06-18 09:43:48,15674.6,0
2021-06-18 09:43:49,15673.9,0
2021-06-18 09:43:50,15673.2,0
2021-06-18 09:43:51,15673.1,0
2021-06-18 09:43:52,15671.5,0
2021-06-18 09:43:53,15672.35,0
2021-06-18 09:43:54,15671.35,0
2021-06-18 09:43:55,15670.6,0
2021-06-18 09:43:56,15670.8,0
2021-06-18 09:43:57,15670.6,0
2021-06-18 09:43:58,15671.75,0
2021-06-18 09:43:59,15671.05,0
2021-06-18 09:44:00,15671.05,0
2021-06-18 09:44:01,15671.35,0
2021-06-18 09:44:02,15670.3,0
2021-06-18 09:44:03,15669.35,0
2021-06-18 09:44:04,15669.0,0
2021-06-18 09:44:05,15668.95,0
2021-06-18 09:44:06,15668.9,0
2021-06-18 09:44:07,15668.95,0
2021-06-18 09:44:08,15666.75,0
2021-06-18 09:44:09,15664.6,0
2021-06-18 09:44:10,15664.2,0
2021-06-18 09:44:11,15662.45,0
2021-06-18 09:44:12,15662.55,0
2021-06-18 09:44:13,15665.05,0
2021-06-18 09:44:14,15664.6,0
2021-06-18 09:44:16,15666.35,0
2021-06-18 09:44:18,15666.1,0
2021-06-18 09:44:19,15667.45,0
2021-06-18 09:44:20,15667.6,0
2021-06-18 09:44:21,15667.95,0
2021-06-18 09:44:22,15667.9,0
2021-06-18 09:44:23,15668.2,0
2021-06-18 09:44:24,15669.35,0
2021-06-18 09:44:25,15669.8,0
2021-06-18 09:44:26,15669.4,0
2021-06-18 09:44:27,15670.55,0
2021-06-18 09:44:28,15669.7,0
2021-06-18 09:44:29,15670.1,0
2021-06-18 09:44:30,15669.5,0
2021-06-18 09:44:31,15669.3,0
2021-06-18 09:44:32,15669.1,0
2021-06-18 09:44:34,15669.0,0
2021-06-18 09:44:35,15669.9,0
2021-06-18 09:44:37,15668.3,0
2021-06-18 09:44:38,15668.5,0
2021-06-18 09:44:39,15668.6,0
2021-06-18 09:44:40,15668.25,0
2021-06-18 09:44:41,15667.45,0
2021-06-18 09:44:42,15667.2,0
2021-06-18 09:44:43,15666.95,0
2021-06-18 09:44:44,15666.9,0
2021-06-18 09:44:46,15666.1,0
2021-06-18 09:44:47,15665.7,0
2021-06-18 09:44:48,15666.65,0
2021-06-18 09:44:50,15665.8,0
2021-06-18 09:44:51,15665.05,0
2021-06-18 09:44:54,15666.35,0
2021-06-18 09:44:55,15667.7,0
2021-06-18 09:44:56,15667.45,0
2021-06-18 09:44:58,15667.4,0
2021-06-18 09:44:59,15666.7,0
2021-06-18 09:45:00,15666.6,0
2021-06-18 09:45:01,15665.15,0
2021-06-18 09:45:02,15665.4,0
2021-06-18 09:45:03,15663.9,0
2021-06-18 09:45:04,15662.45,0
2021-06-18 09:45:05,15660.5,0
2021-06-18 09:45:06,15660.7,0
2021-06-18 09:45:07,15656.7,0
2021-06-18 09:45:08,15655.65,0
2021-06-18 09:45:09,15655.4,0
2021-06-18 09:45:10,15657.25,0
2021-06-18 09:45:11,15657.2,0
2021-06-18 09:45:12,15660.45,0
2021-06-18 09:45:13,15658.85,0
2021-06-18 09:45:14,15659.1,0
2021-06-18 09:45:15,15658.0,0
2021-06-18 09:45:16,15657.0,0
2021-06-18 09:45:17,15658.15,0
2021-06-18 09:45:18,15657.4,0
2021-06-18 09:45:19,15657.65,0
2021-06-18 09:45:20,15659.55,0
2021-06-18 09:45:21,15660.55,0
2021-06-18 09:45:22,15659.3,0
2021-06-18 09:45:23,15659.3,0
2021-06-18 09:45:24,15660.5,0
2021-06-18 09:45:25,15660.1,0
2021-06-18 09:45:26,15659.9,0
2021-06-18 09:45:27,15660.95,0
2021-06-18 09:45:28,15661.2,0
2021-06-18 09:45:29,15662.6,0
2021-06-18 09:45:30,15663.3,0
2021-06-18 09:45:31,15663.8,0
2021-06-18 09:45:32,15663.95,0
2021-06-18 09:45:33,15664.85,0
2021-06-18 09:45:34,15665.05,0
2021-06-18 09:45:35,15664.15,0
2021-06-18 09:45:36,15664.15,0
2021-06-18 09:45:37,15668.65,0
2021-06-18 09:45:38,15668.05,0
2021-06-18 09:45:39,15667.65,0
2021-06-18 09:45:40,15667.9,0
2021-06-18 09:45:41,15670.35,0
2021-06-18 09:45:42,15669.35,0
2021-06-18 09:45:43,15670.7,0
2021-06-18 09:45:44,15672.25,0
2021-06-18 09:45:45,15671.8,0
2021-06-18 09:45:46,15675.1,0
2021-06-18 09:45:47,15672.6,0
2021-06-18 09:45:48,15673.6,0
2021-06-18 09:45:49,15673.65,0
2021-06-18 09:45:50,15674.65,0
2021-06-18 09:45:51,15676.35,0
2021-06-18 09:45:52,15674.85,0
2021-06-18 09:45:53,15675.55,0
2021-06-18 09:45:54,15673.6,0
2021-06-18 09:45:55,15674.05,0
2021-06-18 09:45:56,15672.9,0
2021-06-18 09:45:57,15671.1,0
2021-06-18 09:45:58,15670.85,0
2021-06-18 09:45:59,15671.2,0
2021-06-18 09:46:00,15670.65,0
2021-06-18 09:46:01,15669.5,0
2021-06-18 09:46:02,15669.5,0
2021-06-18 09:46:03,15670.0,0
2021-06-18 09:46:04,15670.55,0
2021-06-18 09:46:05,15670.15,0
2021-06-18 09:46:06,15668.6,0
2021-06-18 09:46:07,15666.2,0
2021-06-18 09:46:08,15665.8,0
2021-06-18 09:46:09,15665.15,0
2021-06-18 09:46:10,15665.4,0
2021-06-18 09:46:11,15666.6,0
2021-06-18 09:46:12,15664.1,0
2021-06-18 09:46:13,15664.6,0
2021-06-18 09:46:14,15665.5,0
2021-06-18 09:46:15,15663.85,0
2021-06-18 09:46:16,15663.85,0
2021-06-18 09:46:17,15664.4,0
2021-06-18 09:46:18,15664.25,0
2021-06-18 09:46:19,15664.6,0
2021-06-18 09:46:22,15665.8,0
2021-06-18 09:46:23,15666.25,0
2021-06-18 09:46:24,15667.3,0
2021-06-18 09:46:25,15666.5,0
2021-06-18 09:46:26,15667.35,0
2021-06-18 09:46:27,15666.8,0
2021-06-18 09:46:28,15666.55,0
2021-06-18 09:46:29,15666.2,0
2021-06-18 09:46:30,15665.65,0
2021-06-18 09:46:31,15665.55,0
2021-06-18 09:46:32,15665.2,0
2021-06-18 09:46:33,15664.6,0
2021-06-18 09:46:34,15664.4,0
2021-06-18 09:46:35,15665.35,0
2021-06-18 09:46:36,15663.85,0
2021-06-18 09:46:37,15663.1,0
2021-06-18 09:46:38,15663.0,0
2021-06-18 09:46:39,15663.45,0
2021-06-18 09:46:40,15663.6,0
2021-06-18 09:46:41,15663.6,0
2021-06-18 09:46:42,15663.7,0
2021-06-18 09:46:43,15664.65,0
2021-06-18 09:46:44,15662.85,0
2021-06-18 09:46:45,15662.4,0
2021-06-18 09:46:46,15662.6,0
2021-06-18 09:46:47,15662.1,0
2021-06-18 09:46:48,15662.8,0
2021-06-18 09:46:49,15662.4,0
2021-06-18 09:46:50,15662.4,0
2021-06-18 09:46:51,15660.5,0
2021-06-18 09:46:52,15660.55,0
2021-06-18 09:46:53,15661.25,0
2021-06-18 09:46:54,15661.4,0
2021-06-18 09:46:55,15661.7,0
2021-06-18 09:46:56,15661.7,0
2021-06-18 09:46:57,15661.3,0
2021-06-18 09:46:58,15662.0,0
2021-06-18 09:46:59,15661.65,0
2021-06-18 09:47:00,15662.0,0
2021-06-18 09:47:01,15662.4,0
2021-06-18 09:47:02,15662.9,0
2021-06-18 09:47:03,15663.3,0
2021-06-18 09:47:04,15664.35,0
2021-06-18 09:47:05,15664.0,0
2021-06-18 09:47:06,15663.05,0
2021-06-18 09:47:07,15663.05,0
2021-06-18 09:47:08,15664.2,0
2021-06-18 09:47:09,15664.2,0
2021-06-18 09:47:10,15665.05,0
2021-06-18 09:47:11,15665.5,0
2021-06-18 09:47:12,15666.8,0
2021-06-18 09:47:13,15666.15,0
2021-06-18 09:47:14,15666.3,0
2021-06-18 09:47:15,15666.4,0
2021-06-18 09:47:16,15666.7,0
2021-06-18 09:47:17,15666.8,0
2021-06-18 09:47:18,15666.25,0
2021-06-18 09:47:19,15664.8,0
2021-06-18 09:47:20,15664.35,0
2021-06-18 09:47:21,15664.9,0
2021-06-18 09:47:22,15663.65,0
2021-06-18 09:47:23,15662.7,0
2021-06-18 09:47:24,15661.1,0
2021-06-18 09:47:25,15660.5,0
2021-06-18 09:47:26,15661.5,0
2021-06-18 09:47:27,15660.4,0
2021-06-18 09:47:28,15660.8,0
2021-06-18 09:47:29,15660.6,0
2021-06-18 09:47:30,15661.4,0
2021-06-18 09:47:31,15660.85,0
2021-06-18 09:47:32,15659.0,0
2021-06-18 09:47:33,15658.9,0
2021-06-18 09:47:34,15658.5,0
2021-06-18 09:47:35,15658.4,0
2021-06-18 09:47:36,15658.85,0
2021-06-18 09:47:37,15658.5,0
2021-06-18 09:47:38,15658.3,0
2021-06-18 09:47:39,15660.15,0
2021-06-18 09:47:40,15661.1,0
2021-06-18 09:47:41,15662.2,0
2021-06-18 09:47:42,15662.15,0
2021-06-18 09:47:43,15662.05,0
2021-06-18 09:47:44,15662.5,0
2021-06-18 09:47:45,15661.8,0
2021-06-18 09:47:46,15661.05,0
2021-06-18 09:47:47,15660.45,0
2021-06-18 09:47:48,15659.75,0
2021-06-18 09:47:49,15661.4,0
2021-06-18 09:47:50,15661.6,0
2021-06-18 09:47:51,15661.25,0
2021-06-18 09:47:52,15661.25,0
2021-06-18 09:47:53,15659.8,0
2021-06-18 09:47:54,15659.95,0
2021-06-18 09:47:55,15658.15,0
2021-06-18 09:47:56,15657.35,0
2021-06-18 09:47:57,15658.0,0
2021-06-18 09:47:58,15658.15,0
2021-06-18 09:47:59,15657.6,0
2021-06-18 09:48:00,15657.2,0
2021-06-18 09:48:01,15657.5,0
2021-06-18 09:48:02,15658.1,0
2021-06-18 09:48:04,15655.6,0
2021-06-18 09:48:05,15655.75,0
2021-06-18 09:48:06,15654.5,0
2021-06-18 09:48:07,15653.35,0
2021-06-18 09:48:08,15652.4,0
2021-06-18 09:48:09,15650.3,0
2021-06-18 09:48:10,15650.6,0
2021-06-18 09:48:11,15650.95,0
2021-06-18 09:48:12,15650.15,0
2021-06-18 09:48:13,15651.45,0
2021-06-18 09:48:14,15651.05,0
2021-06-18 09:48:15,15650.25,0
2021-06-18 09:48:16,15648.0,0
2021-06-18 09:48:17,15648.35,0
2021-06-18 09:48:18,15647.9,0
2021-06-18 09:48:19,15648.45,0
2021-06-18 09:48:20,15648.9,0
2021-06-18 09:48:21,15649.2,0
2021-06-18 09:48:22,15649.3,0
2021-06-18 09:48:23,15648.9,0
2021-06-18 09:48:24,15649.45,0
2021-06-18 09:48:25,15649.15,0
2021-06-18 09:48:26,15649.4,0
2021-06-18 09:48:27,15649.15,0
2021-06-18 09:48:28,15650.05,0
2021-06-18 09:48:29,15649.35,0
2021-06-18 09:48:30,15650.0,0
2021-06-18 09:48:32,15650.0,0
2021-06-18 09:48:34,15651.3,0
2021-06-18 09:48:35,15651.5,0
2021-06-18 09:48:38,15652.45,0
2021-06-18 09:48:39,15651.8,0
2021-06-18 09:48:40,15652.05,0
2021-06-18 09:48:41,15651.5,0
2021-06-18 09:48:42,15650.25,0
2021-06-18 09:48:43,15652.35,0
2021-06-18 09:48:44,15651.8,0
2021-06-18 09:48:45,15651.8,0
2021-06-18 09:48:46,15650.95,0
2021-06-18 09:48:47,15647.4,0
2021-06-18 09:48:48,15645.9,0
2021-06-18 09:48:49,15647.3,0
2021-06-18 09:48:50,15647.75,0
2021-06-18 09:48:51,15647.5,0
2021-06-18 09:48:52,15647.75,0
2021-06-18 09:48:53,15648.0,0
2021-06-18 09:48:54,15648.25,0
2021-06-18 09:48:55,15647.85,0
2021-06-18 09:48:56,15647.6,0
2021-06-18 09:48:58,15647.35,0
2021-06-18 09:48:59,15647.9,0
2021-06-18 09:49:00,15648.35,0
2021-06-18 09:49:01,15646.65,0
2021-06-18 09:49:02,15645.4,0
2021-06-18 09:49:03,15644.8,0
2021-06-18 09:49:04,15643.95,0
2021-06-18 09:49:05,15644.45,0
2021-06-18 09:49:06,15643.75,0
2021-06-18 09:49:07,15643.1,0
2021-06-18 09:49:08,15645.35,0
2021-06-18 09:49:09,15645.6,0
2021-06-18 09:49:10,15647.0,0
2021-06-18 09:49:11,15647.0,0
2021-06-18 09:49:12,15647.35,0
2021-06-18 09:49:14,15647.15,0
2021-06-18 09:49:15,15646.65,0
2021-06-18 09:49:16,15647.35,0
2021-06-18 09:49:17,15646.2,0
2021-06-18 09:49:19,15646.35,0
2021-06-18 09:49:20,15645.75,0
2021-06-18 09:49:22,15647.55,0
2021-06-18 09:49:23,15647.15,0
2021-06-18 09:49:24,15646.8,0
2021-06-18 09:49:25,15646.2,0
2021-06-18 09:49:26,15648.3,0
2021-06-18 09:49:27,15647.2,0
2021-06-18 09:49:28,15647.1,0
2021-06-18 09:49:29,15646.65,0
2021-06-18 09:49:30,15648.0,0
2021-06-18 09:49:31,15647.4,0
2021-06-18 09:49:32,15647.6,0
2021-06-18 09:49:33,15648.55,0
2021-06-18 09:49:34,15647.4,0
2021-06-18 09:49:35,15646.95,0
2021-06-18 09:49:36,15649.55,0
2021-06-18 09:49:37,15650.7,0
2021-06-18 09:49:38,15648.75,0
2021-06-18 09:49:39,15648.95,0
2021-06-18 09:49:40,15648.8,0
2021-06-18 09:49:41,15650.45,0
2021-06-18 09:49:43,15652.15,0
2021-06-18 09:49:44,15651.25,0
2021-06-18 09:49:45,15651.65,0
2021-06-18 09:49:47,15652.0,0
2021-06-18 09:49:48,15651.8,0
2021-06-18 09:49:49,15651.85,0
2021-06-18 09:49:50,15653.25,0
2021-06-18 09:49:51,15653.2,0
2021-06-18 09:49:52,15653.45,0
2021-06-18 09:49:53,15653.3,0
2021-06-18 09:49:54,15652.15,0
2021-06-18 09:49:55,15651.45,0
2021-06-18 09:49:56,15651.3,0
2021-06-18 09:49:57,15648.85,0
2021-06-18 09:49:58,15649.05,0
2021-06-18 09:49:59,15648.85,0
2021-06-18 09:50:00,15647.85,0
2021-06-18 09:50:01,15646.4,0
2021-06-18 09:50:02,15646.8,0
2021-06-18 09:50:03,15646.35,0
2021-06-18 09:50:04,15646.35,0
2021-06-18 09:50:05,15646.4,0
2021-06-18 09:50:06,15647.6,0
2021-06-18 09:50:07,15649.65,0
2021-06-18 09:50:08,15648.4,0
2021-06-18 09:50:09,15649.95,0
2021-06-18 09:50:11,15649.55,0
2021-06-18 09:50:12,15650.35,0
2021-06-18 09:50:13,15651.35,0
2021-06-18 09:50:14,15651.45,0
2021-06-18 09:50:17,15650.6,0
2021-06-18 09:50:18,15650.3,0
2021-06-18 09:50:20,15648.45,0
2021-06-18 09:50:21,15652.15,0
2021-06-18 09:50:22,15652.35,0
2021-06-18 09:50:23,15651.2,0
2021-06-18 09:50:24,15650.6,0
2021-06-18 09:50:25,15650.0,0
2021-06-18 09:50:26,15648.75,0
2021-06-18 09:50:27,15648.55,0
2021-06-18 09:50:28,15652.85,0
2021-06-18 09:50:29,15652.5,0
2021-06-18 09:50:30,15654.0,0
2021-06-18 09:50:31,15653.8,0
2021-06-18 09:50:32,15652.95,0
2021-06-18 09:50:33,15653.0,0
2021-06-18 09:50:34,15650.9,0
2021-06-18 09:50:35,15650.05,0
2021-06-18 09:50:36,15650.7,0
2021-06-18 09:50:37,15649.35,0
2021-06-18 09:50:38,15653.15,0
2021-06-18 09:50:39,15650.85,0
2021-06-18 09:50:40,15651.85,0
2021-06-18 09:50:41,15649.9,0
2021-06-18 09:50:42,15650.95,0
2021-06-18 09:50:43,15651.3,0
2021-06-18 09:50:44,15651.95,0
2021-06-18 09:50:45,15651.9,0
2021-06-18 09:50:46,15651.45,0
2021-06-18 09:50:47,15652.25,0
2021-06-18 09:50:48,15651.65,0
2021-06-18 09:50:50,15653.0,0
2021-06-18 09:50:51,15653.35,0
2021-06-18 09:50:52,15654.3,0
2021-06-18 09:50:54,15654.0,0
2021-06-18 09:50:55,15652.1,0
2021-06-18 09:50:57,15652.8,0
2021-06-18 09:50:58,15653.0,0
2021-06-18 09:50:59,15653.1,0
2021-06-18 09:51:00,15652.75,0
2021-06-18 09:51:01,15653.0,0
2021-06-18 09:51:02,15653.85,0
2021-06-18 09:51:03,15655.15,0
2021-06-18 09:51:04,15654.65,0
2021-06-18 09:51:05,15655.3,0
2021-06-18 09:51:06,15656.35,0
2021-06-18 09:51:07,15656.65,0
2021-06-18 09:51:08,15657.1,0
2021-06-18 09:51:09,15658.8,0
2021-06-18 09:51:10,15659.05,0
2021-06-18 09:51:11,15657.65,0
2021-06-18 09:51:12,15658.85,0
2021-06-18 09:51:13,15658.85,0
2021-06-18 09:51:14,15659.15,0
2021-06-18 09:51:15,15658.55,0
2021-06-18 09:51:16,15658.75,0
2021-06-18 09:51:17,15658.1,0
2021-06-18 09:51:18,15659.6,0
2021-06-18 09:51:19,15657.95,0
2021-06-18 09:51:20,15658.95,0
2021-06-18 09:51:21,15657.65,0
2021-06-18 09:51:22,15658.65,0
2021-06-18 09:51:23,15657.8,0
2021-06-18 09:51:26,15658.5,0
2021-06-18 09:51:27,15658.15,0
2021-06-18 09:51:29,15657.75,0
2021-06-18 09:51:30,15657.35,0
2021-06-18 09:51:31,15657.3,0
2021-06-18 09:51:33,15657.3,0
2021-06-18 09:51:34,15657.3,0
2021-06-18 09:51:35,15656.7,0
2021-06-18 09:51:36,15657.15,0
2021-06-18 09:51:37,15656.25,0
2021-06-18 09:51:39,15655.55,0
2021-06-18 09:51:40,15655.85,0
2021-06-18 09:51:41,15656.05,0
2021-06-18 09:51:42,15655.0,0
2021-06-18 09:51:43,15655.75,0
2021-06-18 09:51:44,15655.15,0
2021-06-18 09:51:45,15655.45,0
2021-06-18 09:51:46,15656.4,0
2021-06-18 09:51:47,15655.5,0
2021-06-18 09:51:48,15656.35,0
2021-06-18 09:51:50,15658.15,0
2021-06-18 09:51:51,15658.05,0
2021-06-18 09:51:54,15655.8,0
2021-06-18 09:51:55,15655.15,0
2021-06-18 09:51:56,15655.25,0
2021-06-18 09:51:57,15654.2,0
2021-06-18 09:51:58,15655.15,0
2021-06-18 09:51:59,15653.3,0
2021-06-18 09:52:00,15654.3,0
2021-06-18 09:52:01,15654.05,0
2021-06-18 09:52:02,15652.8,0
2021-06-18 09:52:03,15653.25,0
2021-06-18 09:52:04,15653.0,0
2021-06-18 09:52:05,15653.85,0
2021-06-18 09:52:07,15651.65,0
2021-06-18 09:52:08,15651.95,0
2021-06-18 09:52:10,15650.75,0
2021-06-18 09:52:11,15650.7,0
2021-06-18 09:52:12,15650.65,0
2021-06-18 09:52:13,15650.15,0
2021-06-18 09:52:14,15648.95,0
2021-06-18 09:52:15,15648.75,0
2021-06-18 09:52:16,15648.5,0
2021-06-18 09:52:17,15647.4,0
2021-06-18 09:52:18,15647.75,0
2021-06-18 09:52:19,15648.0,0
2021-06-18 09:52:20,15646.9,0
2021-06-18 09:52:21,15646.15,0
2021-06-18 09:52:22,15646.3,0
2021-06-18 09:52:23,15646.0,0
2021-06-18 09:52:24,15646.1,0
2021-06-18 09:52:25,15645.9,0
2021-06-18 09:52:26,15644.9,0
2021-06-18 09:52:27,15645.3,0
2021-06-18 09:52:28,15645.4,0
2021-06-18 09:52:29,15644.95,0
2021-06-18 09:52:30,15645.9,0
2021-06-18 09:52:31,15645.25,0
2021-06-18 09:52:32,15645.95,0
2021-06-18 09:52:33,15644.85,0
2021-06-18 09:52:34,15645.25,0
2021-06-18 09:52:35,15644.85,0
2021-06-18 09:52:36,15643.8,0
2021-06-18 09:52:37,15643.6,0
2021-06-18 09:52:38,15643.15,0
2021-06-18 09:52:39,15643.35,0
2021-06-18 09:52:40,15641.65,0
2021-06-18 09:52:41,15641.7,0
2021-06-18 09:52:42,15640.2,0
2021-06-18 09:52:43,15639.95,0
2021-06-18 09:52:44,15639.0,0
2021-06-18 09:52:45,15636.75,0
2021-06-18 09:52:46,15636.1,0
2021-06-18 09:52:47,15635.65,0
2021-06-18 09:52:48,15636.7,0
2021-06-18 09:52:49,15637.1,0
2021-06-18 09:52:50,15635.4,0
2021-06-18 09:52:51,15634.95,0
2021-06-18 09:52:52,15635.3,0
2021-06-18 09:52:53,15634.05,0
2021-06-18 09:52:54,15634.3,0
2021-06-18 09:52:55,15632.3,0
2021-06-18 09:52:57,15632.85,0
2021-06-18 09:52:59,15634.05,0
2021-06-18 09:53:00,15634.55,0
2021-06-18 09:53:02,15637.0,0
2021-06-18 09:53:03,15637.2,0
2021-06-18 09:53:04,15636.4,0
2021-06-18 09:53:05,15636.35,0
2021-06-18 09:53:06,15633.3,0
2021-06-18 09:53:07,15634.4,0
2021-06-18 09:53:08,15635.55,0
2021-06-18 09:53:09,15635.1,0
2021-06-18 09:53:10,15634.15,0
2021-06-18 09:53:11,15633.9,0
2021-06-18 09:53:12,15633.0,0
2021-06-18 09:53:13,15631.8,0
2021-06-18 09:53:14,15631.95,0
2021-06-18 09:53:15,15633.8,0
2021-06-18 09:53:16,15633.8,0
2021-06-18 09:53:17,15632.0,0
2021-06-18 09:53:18,15632.4,0
2021-06-18 09:53:19,15632.5,0
2021-06-18 09:53:20,15631.85,0
2021-06-18 09:53:21,15631.5,0
2021-06-18 09:53:22,15631.7,0
2021-06-18 09:53:23,15631.85,0
2021-06-18 09:53:24,15632.9,0
2021-06-18 09:53:25,15632.8,0
2021-06-18 09:53:26,15633.0,0
2021-06-18 09:53:27,15631.8,0
2021-06-18 09:53:28,15631.1,0
2021-06-18 09:53:29,15630.25,0
2021-06-18 09:53:30,15629.55,0
2021-06-18 09:53:31,15629.9,0
2021-06-18 09:53:32,15628.95,0
2021-06-18 09:53:34,15628.85,0
2021-06-18 09:53:35,15628.05,0
2021-06-18 09:53:36,15627.95,0
2021-06-18 09:53:37,15628.35,0
2021-06-18 09:53:38,15630.65,0
2021-06-18 09:53:40,15628.95,0
2021-06-18 09:53:41,15630.4,0
2021-06-18 09:53:42,15629.5,0
2021-06-18 09:53:44,15630.35,0
2021-06-18 09:53:45,15628.45,0
2021-06-18 09:53:46,15629.1,0
2021-06-18 09:53:47,15628.85,0
2021-06-18 09:53:48,15628.9,0
2021-06-18 09:53:49,15628.05,0
2021-06-18 09:53:50,15627.95,0
2021-06-18 09:53:51,15627.85,0
2021-06-18 09:53:52,15627.75,0
2021-06-18 09:53:53,15628.8,0
2021-06-18 09:53:54,15629.1,0
2021-06-18 09:53:55,15630.55,0
2021-06-18 09:53:56,15631.2,0
2021-06-18 09:53:57,15630.6,0
2021-06-18 09:53:58,15631.0,0
2021-06-18 09:53:59,15630.15,0
2021-06-18 09:54:00,15630.2,0
2021-06-18 09:54:01,15630.6,0
2021-06-18 09:54:02,15630.45,0
2021-06-18 09:54:03,15628.95,0
2021-06-18 09:54:04,15629.75,0
2021-06-18 09:54:05,15629.15,0
2021-06-18 09:54:06,15629.25,0
2021-06-18 09:54:07,15629.75,0
2021-06-18 09:54:08,15631.05,0
2021-06-18 09:54:09,15630.05,0
2021-06-18 09:54:10,15629.45,0
2021-06-18 09:54:11,15629.7,0
2021-06-18 09:54:12,15628.95,0
2021-06-18 09:54:13,15627.25,0
2021-06-18 09:54:14,15629.2,0
2021-06-18 09:54:15,15629.2,0
2021-06-18 09:54:16,15631.05,0
2021-06-18 09:54:17,15630.0,0
2021-06-18 09:54:18,15630.85,0
2021-06-18 09:54:19,15630.0,0
2021-06-18 09:54:20,15631.2,0
2021-06-18 09:54:21,15631.85,0
2021-06-18 09:54:22,15631.5,0
2021-06-18 09:54:23,15631.75,0
2021-06-18 09:54:24,15631.85,0
2021-06-18 09:54:25,15630.55,0
2021-06-18 09:54:26,15630.85,0
2021-06-18 09:54:27,15630.25,0
2021-06-18 09:54:28,15628.6,0
2021-06-18 09:54:29,15629.2,0
2021-06-18 09:54:30,15628.65,0
2021-06-18 09:54:31,15627.95,0
2021-06-18 09:54:32,15627.4,0
2021-06-18 09:54:33,15627.25,0
2021-06-18 09:54:34,15628.35,0
2021-06-18 09:54:35,15628.55,0
2021-06-18 09:54:36,15627.95,0
2021-06-18 09:54:37,15628.6,0
2021-06-18 09:54:38,15628.2,0
2021-06-18 09:54:39,15627.8,0
2021-06-18 09:54:40,15627.65,0
2021-06-18 09:54:41,15628.95,0
2021-06-18 09:54:42,15628.3,0
2021-06-18 09:54:43,15629.9,0
2021-06-18 09:54:44,15628.85,0
2021-06-18 09:54:45,15630.4,0
2021-06-18 09:54:46,15631.1,0
2021-06-18 09:54:47,15631.25,0
2021-06-18 09:54:48,15631.65,0
2021-06-18 09:54:49,15630.95,0
2021-06-18 09:54:50,15630.75,0
2021-06-18 09:54:51,15631.15,0
2021-06-18 09:54:52,15632.4,0
2021-06-18 09:54:53,15632.05,0
2021-06-18 09:54:54,15631.1,0
2021-06-18 09:54:55,15632.1,0
2021-06-18 09:54:56,15629.7,0
2021-06-18 09:54:57,15629.5,0
2021-06-18 09:54:58,15629.2,0
2021-06-18 09:54:59,15628.05,0
2021-06-18 09:55:00,15627.0,0
2021-06-18 09:55:01,15626.15,0
2021-06-18 09:55:02,15625.1,0
2021-06-18 09:55:04,15623.8,0
2021-06-18 09:55:05,15624.2,0
2021-06-18 09:55:06,15623.85,0
2021-06-18 09:55:08,15623.5,0
2021-06-18 09:55:09,15622.6,0
2021-06-18 09:55:10,15622.3,0
2021-06-18 09:55:11,15621.8,0
2021-06-18 09:55:12,15621.9,0
2021-06-18 09:55:13,15622.3,0
2021-06-18 09:55:14,15622.15,0
2021-06-18 09:55:15,15621.8,0
2021-06-18 09:55:16,15624.6,0
2021-06-18 09:55:17,15622.15,0
2021-06-18 09:55:18,15621.85,0
2021-06-18 09:55:19,15621.9,0
2021-06-18 09:55:20,15620.9,0
2021-06-18 09:55:21,15620.65,0
2021-06-18 09:55:22,15620.75,0
2021-06-18 09:55:23,15620.05,0
2021-06-18 09:55:24,15617.4,0
2021-06-18 09:55:25,15617.25,0
2021-06-18 09:55:26,15614.5,0
2021-06-18 09:55:27,15614.2,0
2021-06-18 09:55:28,15615.0,0
2021-06-18 09:55:29,15614.6,0
2021-06-18 09:55:30,15614.85,0
2021-06-18 09:55:31,15615.25,0
2021-06-18 09:55:32,15615.05,0
2021-06-18 09:55:33,15613.2,0
2021-06-18 09:55:34,15612.45,0
2021-06-18 09:55:35,15612.1,0
2021-06-18 09:55:36,15611.7,0
2021-06-18 09:55:37,15611.25,0
2021-06-18 09:55:38,15612.25,0
2021-06-18 09:55:39,15612.75,0
2021-06-18 09:55:40,15613.2,0
2021-06-18 09:55:41,15614.25,0
2021-06-18 09:55:42,15613.4,0
2021-06-18 09:55:43,15612.8,0
2021-06-18 09:55:44,15614.05,0
2021-06-18 09:55:45,15615.0,0
2021-06-18 09:55:46,15613.75,0
2021-06-18 09:55:47,15612.4,0
2021-06-18 09:55:48,15611.15,0
2021-06-18 09:55:49,15611.75,0
2021-06-18 09:55:50,15613.4,0
2021-06-18 09:55:51,15612.05,0
2021-06-18 09:55:52,15612.55,0
2021-06-18 09:55:53,15611.45,0
2021-06-18 09:55:54,15611.8,0
2021-06-18 09:55:55,15610.8,0
2021-06-18 09:55:56,15610.25,0
2021-06-18 09:56:01,15609.7,0
2021-06-18 09:56:02,15610.85,0
2021-06-18 09:56:03,15610.3,0
2021-06-18 09:56:04,15610.65,0
2021-06-18 09:56:05,15610.65,0
2021-06-18 09:56:06,15609.9,0
2021-06-18 09:56:07,15608.55,0
2021-06-18 09:56:08,15607.15,0
2021-06-18 09:56:09,15606.65,0
2021-06-18 09:56:10,15605.85,0
2021-06-18 09:56:11,15604.35,0
2021-06-18 09:56:12,15603.25,0
2021-06-18 09:56:13,15602.6,0
2021-06-18 09:56:14,15601.45,0
2021-06-18 09:56:15,15601.4,0
2021-06-18 09:56:16,15601.9,0
2021-06-18 09:56:17,15602.65,0
2021-06-18 09:56:18,15601.2,0
2021-06-18 09:56:20,15601.45,0
2021-06-18 09:56:21,15600.45,0
2021-06-18 09:56:22,15601.5,0
2021-06-18 09:56:23,15601.5,0
2021-06-18 09:56:24,15600.55,0
2021-06-18 09:56:25,15599.8,0
2021-06-18 09:56:26,15599.2,0
2021-06-18 09:56:27,15599.4,0
2021-06-18 09:56:28,15599.0,0
2021-06-18 09:56:29,15599.5,0
2021-06-18 09:56:30,15599.45,0
2021-06-18 09:56:31,15598.85,0
2021-06-18 09:56:32,15598.6,0
2021-06-18 09:56:33,15598.65,0
2021-06-18 09:56:34,15601.05,0
2021-06-18 09:56:35,15600.3,0
2021-06-18 09:56:36,15602.0,0
2021-06-18 09:56:37,15602.65,0
2021-06-18 09:56:38,15602.15,0
2021-06-18 09:56:39,15603.35,0
2021-06-18 09:56:40,15604.75,0
2021-06-18 09:56:41,15603.6,0
2021-06-18 09:56:42,15603.05,0
2021-06-18 09:56:43,15604.2,0
2021-06-18 09:56:44,15605.75,0
2021-06-18 09:56:45,15605.7,0
2021-06-18 09:56:47,15604.15,0
2021-06-18 09:56:48,15604.55,0
2021-06-18 09:56:49,15605.0,0
2021-06-18 09:56:50,15602.05,0
2021-06-18 09:56:51,15600.75,0
2021-06-18 09:56:52,15599.45,0
2021-06-18 09:56:55,15600.2,0
2021-06-18 09:56:56,15600.7,0
2021-06-18 09:56:58,15599.6,0
2021-06-18 09:56:59,15599.05,0
2021-06-18 09:57:00,15599.25,0
2021-06-18 09:57:01,15598.85,0
2021-06-18 09:57:02,15595.2,0
2021-06-18 09:57:03,15593.8,0
2021-06-18 09:57:04,15593.0,0
2021-06-18 09:57:06,15591.45,0
2021-06-18 09:57:07,15592.35,0
2021-06-18 09:57:08,15591.15,0
2021-06-18 09:57:09,15590.15,0
2021-06-18 09:57:10,15588.8,0
2021-06-18 09:57:11,15588.1,0
2021-06-18 09:57:12,15587.0,0
2021-06-18 09:57:14,15583.55,0
2021-06-18 09:57:15,15582.65,0
2021-06-18 09:57:16,15581.2,0
2021-06-18 09:57:17,15579.95,0
2021-06-18 09:57:18,15578.9,0
2021-06-18 09:57:19,15579.05,0
2021-06-18 09:57:20,15581.7,0
2021-06-18 09:57:21,15581.45,0
2021-06-18 09:57:22,15582.35,0
2021-06-18 09:57:23,15583.65,0
2021-06-18 09:57:24,15586.25,0
2021-06-18 09:57:25,15583.95,0
2021-06-18 09:57:26,15582.85,0
2021-06-18 09:57:27,15582.95,0
2021-06-18 09:57:28,15581.7,0
2021-06-18 09:57:29,15581.7,0
2021-06-18 09:57:30,15580.0,0
2021-06-18 09:57:31,15581.6,0
2021-06-18 09:57:32,15581.75,0
2021-06-18 09:57:33,15580.7,0
2021-06-18 09:57:34,15580.5,0
2021-06-18 09:57:35,15579.85,0
2021-06-18 09:57:36,15578.7,0
2021-06-18 09:57:37,15577.25,0
2021-06-18 09:57:38,15577.4,0
2021-06-18 09:57:39,15578.2,0
2021-06-18 09:57:40,15577.25,0
2021-06-18 09:57:41,15577.25,0
2021-06-18 09:57:42,15579.0,0
2021-06-18 09:57:43,15577.95,0
2021-06-18 09:57:44,15578.2,0
2021-06-18 09:57:45,15578.3,0
2021-06-18 09:57:46,15578.5,0
2021-06-18 09:57:47,15577.65,0
2021-06-18 09:57:48,15576.4,0
2021-06-18 09:57:49,15575.85,0
2021-06-18 09:57:50,15577.05,0
2021-06-18 09:57:51,15578.2,0
2021-06-18 09:57:52,15577.05,0
2021-06-18 09:57:53,15577.8,0
2021-06-18 09:57:54,15577.2,0
2021-06-18 09:57:55,15577.65,0
2021-06-18 09:57:56,15576.7,0
2021-06-18 09:57:57,15576.35,0
2021-06-18 09:57:58,15576.25,0
2021-06-18 09:57:59,15576.55,0
2021-06-18 09:58:00,15577.55,0
2021-06-18 09:58:01,15577.8,0
2021-06-18 09:58:02,15578.75,0
2021-06-18 09:58:04,15580.15,0
2021-06-18 09:58:05,15580.35,0
2021-06-18 09:58:06,15581.3,0
2021-06-18 09:58:07,15583.3,0
2021-06-18 09:58:08,15582.35,0
2021-06-18 09:58:10,15586.4,0
2021-06-18 09:58:12,15588.05,0
2021-06-18 09:58:13,15587.35,0
2021-06-18 09:58:14,15587.9,0
2021-06-18 09:58:16,15589.5,0
2021-06-18 09:58:17,15589.15,0
2021-06-18 09:58:18,15592.95,0
2021-06-18 09:58:19,15593.35,0
2021-06-18 09:58:20,15593.55,0
2021-06-18 09:58:21,15593.85,0
2021-06-18 09:58:22,15594.7,0
2021-06-18 09:58:23,15594.9,0
2021-06-18 09:58:24,15597.3,0
2021-06-18 09:58:27,15594.2,0
2021-06-18 09:58:28,15593.9,0
2021-06-18 09:58:29,15593.3,0
2021-06-18 09:58:30,15593.45,0
2021-06-18 09:58:31,15592.3,0
2021-06-18 09:58:32,15592.55,0
2021-06-18 09:58:33,15594.35,0
2021-06-18 09:58:34,15593.45,0
2021-06-18 09:58:35,15594.05,0
2021-06-18 09:58:37,15595.35,0
2021-06-18 09:58:38,15595.05,0
2021-06-18 09:58:39,15593.5,0
2021-06-18 09:58:40,15592.7,0
2021-06-18 09:58:41,15592.1,0
2021-06-18 09:58:43,15587.85,0
2021-06-18 09:58:44,15588.8,0
2021-06-18 09:58:45,15588.75,0
2021-06-18 09:58:46,15586.75,0
2021-06-18 09:58:49,15587.35,0
2021-06-18 09:58:50,15587.7,0
2021-06-18 09:58:52,15590.15,0
2021-06-18 09:58:53,15591.05,0
2021-06-18 09:58:55,15588.95,0
2021-06-18 09:58:56,15588.4,0
2021-06-18 09:58:57,15588.7,0
2021-06-18 09:58:58,15589.05,0
2021-06-18 09:58:59,15589.35,0
2021-06-18 09:59:01,15590.5,0
2021-06-18 09:59:02,15592.25,0
2021-06-18 09:59:03,15593.2,0
2021-06-18 09:59:04,15593.25,0
2021-06-18 09:59:05,15592.4,0
2021-06-18 09:59:06,15590.25,0
2021-06-18 09:59:08,15592.25,0
2021-06-18 09:59:09,15590.75,0
2021-06-18 09:59:10,15592.35,0
2021-06-18 09:59:11,15592.1,0
2021-06-18 09:59:12,15592.25,0
2021-06-18 09:59:13,15591.2,0
2021-06-18 09:59:14,15590.55,0
2021-06-18 09:59:15,15590.1,0
2021-06-18 09:59:16,15590.85,0
2021-06-18 09:59:17,15591.0,0
2021-06-18 09:59:18,15588.3,0
2021-06-18 09:59:19,15589.5,0
2021-06-18 09:59:20,15588.95,0
2021-06-18 09:59:21,15588.35,0
2021-06-18 09:59:22,15587.75,0
2021-06-18 09:59:23,15587.3,0
2021-06-18 09:59:24,15587.4,0
2021-06-18 09:59:26,15584.3,0
2021-06-18 09:59:27,15584.95,0
2021-06-18 09:59:28,15585.45,0
2021-06-18 09:59:29,15586.55,0
2021-06-18 09:59:30,15586.0,0
2021-06-18 09:59:31,15586.65,0
2021-06-18 09:59:32,15588.6,0
2021-06-18 09:59:33,15589.8,0
2021-06-18 09:59:34,15587.6,0
2021-06-18 09:59:35,15587.65,0
2021-06-18 09:59:36,15585.9,0
2021-06-18 09:59:37,15586.65,0
2021-06-18 09:59:38,15586.05,0
2021-06-18 09:59:39,15586.4,0
2021-06-18 09:59:40,15586.0,0
2021-06-18 09:59:41,15587.6,0
2021-06-18 09:59:42,15586.7,0
2021-06-18 09:59:43,15586.45,0
2021-06-18 09:59:44,15585.8,0
2021-06-18 09:59:45,15586.95,0
2021-06-18 09:59:46,15586.65,0
2021-06-18 09:59:47,15586.65,0
2021-06-18 09:59:48,15587.05,0
2021-06-18 09:59:49,15589.25,0
2021-06-18 09:59:50,15588.65,0
2021-06-18 09:59:51,15587.55,0
2021-06-18 09:59:52,15588.7,0
2021-06-18 09:59:53,15588.45,0
2021-06-18 09:59:54,15588.4,0
2021-06-18 09:59:55,15587.95,0
2021-06-18 09:59:56,15587.8,0
2021-06-18 09:59:57,15588.55,0
2021-06-18 09:59:58,15588.45,0
2021-06-18 09:59:59,15588.65,0
2021-06-18 10:00:00,15589.75,0
2021-06-18 10:00:01,15588.7,0
2021-06-18 10:00:02,15587.65,0
2021-06-18 10:00:03,15587.35,0
2021-06-18 10:00:04,15587.15,0
2021-06-18 10:00:05,15585.75,0
2021-06-18 10:00:06,15585.5,0
2021-06-18 10:00:07,15585.65,0
2021-06-18 10:00:08,15585.1,0
2021-06-18 10:00:09,15584.15,0
2021-06-18 10:00:10,15583.45,0
2021-06-18 10:00:11,15583.95,0
2021-06-18 10:00:12,15581.8,0
2021-06-18 10:00:13,15580.35,0
2021-06-18 10:00:14,15580.5,0
2021-06-18 10:00:15,15577.6,0
2021-06-18 10:00:16,15577.05,0
2021-06-18 10:00:17,15576.3,0
2021-06-18 10:00:18,15574.7,0
2021-06-18 10:00:19,15573.35,0
2021-06-18 10:00:20,15575.15,0
2021-06-18 10:00:21,15572.6,0
2021-06-18 10:00:22,15573.35,0
2021-06-18 10:00:23,15572.6,0
2021-06-18 10:00:24,15571.85,0
2021-06-18 10:00:25,15571.65,0
2021-06-18 10:00:26,15572.0,0
2021-06-18 10:00:27,15571.85,0
2021-06-18 10:00:28,15571.4,0
2021-06-18 10:00:29,15570.65,0
2021-06-18 10:00:30,15572.4,0
2021-06-18 10:00:31,15570.35,0
2021-06-18 10:00:32,15571.1,0
2021-06-18 10:00:33,15570.9,0
2021-06-18 10:00:34,15572.25,0
2021-06-18 10:00:35,15573.05,0
2021-06-18 10:00:36,15572.95,0
2021-06-18 10:00:37,15574.35,0
2021-06-18 10:00:38,15575.15,0
2021-06-18 10:00:39,15574.2,0
2021-06-18 10:00:40,15574.05,0
2021-06-18 10:00:41,15574.95,0
2021-06-18 10:00:42,15574.15,0
2021-06-18 10:00:43,15574.0,0
2021-06-18 10:00:44,15574.2,0
2021-06-18 10:00:45,15575.15,0
2021-06-18 10:00:46,15576.3,0
2021-06-18 10:00:47,15576.65,0
2021-06-18 10:00:48,15574.9,0
2021-06-18 10:00:49,15575.1,0
2021-06-18 10:00:50,15573.75,0
2021-06-18 10:00:51,15573.4,0
2021-06-18 10:00:52,15572.7,0
2021-06-18 10:00:53,15573.0,0
2021-06-18 10:00:54,15572.15,0
2021-06-18 10:00:55,15573.55,0
2021-06-18 10:00:56,15573.25,0
2021-06-18 10:00:57,15573.7,0
2021-06-18 10:00:58,15574.15,0
2021-06-18 10:00:59,15574.25,0
2021-06-18 10:01:00,15574.25,0
2021-06-18 10:01:01,15573.65,0
2021-06-18 10:01:02,15573.95,0
2021-06-18 10:01:03,15574.5,0
2021-06-18 10:01:04,15575.1,0
2021-06-18 10:01:05,15574.8,0
2021-06-18 10:01:06,15574.7,0
2021-06-18 10:01:07,15574.25,0
2021-06-18 10:01:08,15574.4,0
2021-06-18 10:01:09,15575.8,0
2021-06-18 10:01:10,15575.35,0
2021-06-18 10:01:11,15575.4,0
2021-06-18 10:01:12,15574.75,0
2021-06-18 10:01:13,15575.05,0
2021-06-18 10:01:14,15575.0,0
2021-06-18 10:01:15,15575.2,0
2021-06-18 10:01:16,15576.1,0
2021-06-18 10:01:17,15576.35,0
2021-06-18 10:01:18,15575.55,0
2021-06-18 10:01:19,15576.5,0
2021-06-18 10:01:20,15577.25,0
2021-06-18 10:01:21,15575.85,0
2021-06-18 10:01:22,15576.55,0
2021-06-18 10:01:23,15577.0,0
2021-06-18 10:01:24,15577.75,0
2021-06-18 10:01:25,15579.3,0
2021-06-18 10:01:26,15579.55,0
2021-06-18 10:01:27,15581.0,0
2021-06-18 10:01:28,15580.5,0
2021-06-18 10:01:29,15583.45,0
2021-06-18 10:01:30,15582.35,0
2021-06-18 10:01:32,15581.65,0
2021-06-18 10:01:34,15579.45,0
2021-06-18 10:01:35,15579.9,0
2021-06-18 10:01:37,15578.95,0
2021-06-18 10:01:38,15580.15,0
2021-06-18 10:01:39,15579.9,0
2021-06-18 10:01:40,15580.55,0
2021-06-18 10:01:41,15580.4,0
2021-06-18 10:01:42,15580.25,0
2021-06-18 10:01:43,15580.0,0
2021-06-18 10:01:44,15579.75,0
2021-06-18 10:01:45,15581.05,0
2021-06-18 10:01:46,15581.7,0
2021-06-18 10:01:47,15581.95,0
2021-06-18 10:01:48,15582.75,0
2021-06-18 10:01:49,15583.25,0
2021-06-18 10:01:50,15582.05,0
2021-06-18 10:01:51,15582.3,0
2021-06-18 10:01:52,15582.35,0
2021-06-18 10:01:53,15581.95,0
2021-06-18 10:01:54,15582.75,0
2021-06-18 10:01:55,15582.65,0
2021-06-18 10:01:56,15583.0,0
2021-06-18 10:01:57,15583.1,0
2021-06-18 10:01:58,15582.9,0
2021-06-18 10:01:59,15582.85,0
2021-06-18 10:02:00,15582.85,0
2021-06-18 10:02:01,15581.65,0
2021-06-18 10:02:02,15581.55,0
2021-06-18 10:02:03,15581.35,0
2021-06-18 10:02:04,15581.65,0
2021-06-18 10:02:05,15581.25,0
2021-06-18 10:02:06,15582.0,0
2021-06-18 10:02:07,15582.2,0
2021-06-18 10:02:08,15581.6,0
2021-06-18 10:02:09,15581.75,0
2021-06-18 10:02:10,15582.1,0
2021-06-18 10:02:11,15582.4,0
2021-06-18 10:02:12,15582.95,0
2021-06-18 10:02:13,15583.3,0
2021-06-18 10:02:14,15583.1,0
2021-06-18 10:02:15,15584.1,0
2021-06-18 10:02:16,15585.4,0
2021-06-18 10:02:17,15585.75,0
2021-06-18 10:02:18,15585.6,0
2021-06-18 10:02:19,15585.45,0
2021-06-18 10:02:20,15584.8,0
2021-06-18 10:02:21,15585.35,0
2021-06-18 10:02:22,15584.9,0
2021-06-18 10:02:23,15585.55,0
2021-06-18 10:02:24,15585.75,0
2021-06-18 10:02:25,15586.5,0
2021-06-18 10:02:26,15586.4,0
2021-06-18 10:02:27,15586.9,0
2021-06-18 10:02:28,15588.9,0
2021-06-18 10:02:29,15589.5,0
2021-06-18 10:02:30,15590.0,0
2021-06-18 10:02:31,15591.1,0
2021-06-18 10:02:32,15591.45,0
2021-06-18 10:02:33,15592.4,0
2021-06-18 10:02:35,15593.3,0
2021-06-18 10:02:36,15593.05,0
2021-06-18 10:02:37,15594.45,0
2021-06-18 10:02:38,15594.1,0
2021-06-18 10:02:39,15595.85,0
2021-06-18 10:02:41,15597.9,0
2021-06-18 10:02:42,15598.75,0
2021-06-18 10:02:43,15600.65,0
2021-06-18 10:02:44,15601.75,0
2021-06-18 10:02:45,15603.45,0
2021-06-18 10:02:46,15602.95,0
2021-06-18 10:02:48,15602.65,0
2021-06-18 10:02:49,15602.95,0
2021-06-18 10:02:51,15602.55,0
2021-06-18 10:02:52,15602.9,0
2021-06-18 10:02:53,15603.4,0
2021-06-18 10:02:54,15604.1,0
2021-06-18 10:02:55,15604.45,0
2021-06-18 10:02:56,15604.0,0
2021-06-18 10:02:57,15605.35,0
2021-06-18 10:02:58,15606.1,0
2021-06-18 10:02:59,15606.05,0
2021-06-18 10:03:00,15605.0,0
2021-06-18 10:03:01,15605.75,0
2021-06-18 10:03:04,15604.75,0
2021-06-18 10:03:05,15603.75,0
2021-06-18 10:03:07,15604.95,0
2021-06-18 10:03:08,15604.7,0
2021-06-18 10:03:09,15606.3,0
2021-06-18 10:03:10,15606.35,0
2021-06-18 10:03:11,15605.9,0
2021-06-18 10:03:12,15607.1,0
2021-06-18 10:03:13,15608.85,0
2021-06-18 10:03:14,15609.85,0
2021-06-18 10:03:16,15609.8,0
2021-06-18 10:03:17,15612.4,0
2021-06-18 10:03:18,15612.1,0
2021-06-18 10:03:19,15611.95,0
2021-06-18 10:03:20,15611.9,0
2021-06-18 10:03:21,15612.6,0
2021-06-18 10:03:22,15613.6,0
2021-06-18 10:03:23,15613.7,0
2021-06-18 10:03:24,15613.3,0
2021-06-18 10:03:25,15612.3,0
2021-06-18 10:03:26,15613.2,0
2021-06-18 10:03:27,15613.95,0
2021-06-18 10:03:28,15614.75,0
2021-06-18 10:03:29,15613.45,0
2021-06-18 10:03:30,15611.3,0
2021-06-18 10:03:31,15613.05,0
2021-06-18 10:03:32,15613.7,0
2021-06-18 10:03:33,15613.55,0
2021-06-18 10:03:34,15613.8,0
2021-06-18 10:03:36,15614.7,0
2021-06-18 10:03:37,15614.35,0
2021-06-18 10:03:38,15613.05,0
2021-06-18 10:03:39,15613.85,0
2021-06-18 10:03:40,15613.95,0
2021-06-18 10:03:41,15614.3,0
2021-06-18 10:03:43,15614.45,0
2021-06-18 10:03:44,15615.5,0
2021-06-18 10:03:45,15616.15,0
2021-06-18 10:03:47,15616.9,0
2021-06-18 10:03:49,15619.95,0
2021-06-18 10:03:51,15622.0,0
2021-06-18 10:03:54,15622.75,0
2021-06-18 10:03:56,15625.25,0
2021-06-18 10:03:57,15624.4,0
2021-06-18 10:03:58,15624.1,0
2021-06-18 10:03:59,15624.15,0
2021-06-18 10:04:00,15623.4,0
2021-06-18 10:04:01,15621.2,0
2021-06-18 10:04:02,15620.65,0
2021-06-18 10:04:03,15620.2,0
2021-06-18 10:04:04,15620.4,0
2021-06-18 10:04:05,15619.55,0
2021-06-18 10:04:06,15621.55,0
2021-06-18 10:04:07,15621.6,0
2021-06-18 10:04:08,15621.7,0
2021-06-18 10:04:09,15621.9,0
2021-06-18 10:04:10,15620.35,0
2021-06-18 10:04:11,15620.65,0
2021-06-18 10:04:12,15620.9,0
2021-06-18 10:04:13,15620.75,0
2021-06-18 10:04:14,15620.8,0
2021-06-18 10:04:15,15619.15,0
2021-06-18 10:04:16,15618.5,0
2021-06-18 10:04:17,15619.1,0
2021-06-18 10:04:18,15618.2,0
2021-06-18 10:04:19,15618.65,0
2021-06-18 10:04:20,15618.3,0
2021-06-18 10:04:21,15618.95,0
2021-06-18 10:04:22,15620.05,0
2021-06-18 10:04:23,15620.8,0
2021-06-18 10:04:24,15621.05,0
2021-06-18 10:04:25,15621.5,0
2021-06-18 10:04:26,15621.6,0
2021-06-18 10:04:27,15623.25,0
2021-06-18 10:04:28,15624.15,0
2021-06-18 10:04:29,15624.2,0
2021-06-18 10:04:30,15624.2,0
2021-06-18 10:04:31,15623.95,0
2021-06-18 10:04:32,15625.15,0
2021-06-18 10:04:33,15625.35,0
2021-06-18 10:04:34,15623.75,0
2021-06-18 10:04:35,15623.95,0
2021-06-18 10:04:36,15623.9,0
2021-06-18 10:04:37,15623.95,0
2021-06-18 10:04:38,15622.05,0
2021-06-18 10:04:39,15622.3,0
2021-06-18 10:04:40,15622.5,0
2021-06-18 10:04:41,15622.7,0
2021-06-18 10:04:42,15622.6,0
2021-06-18 10:04:43,15621.65,0
2021-06-18 10:04:44,15621.5,0
2021-06-18 10:04:45,15621.0,0
2021-06-18 10:04:46,15620.95,0
2021-06-18 10:04:48,15619.75,0
2021-06-18 10:04:49,15619.15,0
2021-06-18 10:04:50,15619.15,0
2021-06-18 10:04:51,15619.6,0
2021-06-18 10:04:52,15619.05,0
2021-06-18 10:04:53,15619.5,0
2021-06-18 10:04:55,15621.45,0
2021-06-18 10:04:56,15621.85,0
2021-06-18 10:04:57,15621.4,0
2021-06-18 10:04:58,15621.7,0
2021-06-18 10:04:59,15622.05,0
2021-06-18 10:05:01,15620.25,0
2021-06-18 10:05:02,15621.95,0
2021-06-18 10:05:03,15622.35,0
2021-06-18 10:05:05,15621.2,0
2021-06-18 10:05:06,15623.5,0
2021-06-18 10:05:07,15623.3,0
2021-06-18 10:05:09,15625.2,0
2021-06-18 10:05:10,15626.5,0
2021-06-18 10:05:11,15627.4,0
2021-06-18 10:05:12,15628.0,0
2021-06-18 10:05:13,15632.65,0
2021-06-18 10:05:15,15632.6,0
2021-06-18 10:05:16,15632.25,0
2021-06-18 10:05:17,15631.95,0
2021-06-18 10:05:18,15632.05,0
2021-06-18 10:05:19,15630.8,0
2021-06-18 10:05:20,15629.7,0
2021-06-18 10:05:21,15629.75,0
2021-06-18 10:05:22,15630.35,0
2021-06-18 10:05:23,15628.45,0
2021-06-18 10:05:25,15627.4,0
2021-06-18 10:05:26,15627.75,0
2021-06-18 10:05:27,15627.0,0
2021-06-18 10:05:28,15627.3,0
2021-06-18 10:05:29,15626.8,0
2021-06-18 10:05:31,15627.7,0
2021-06-18 10:05:33,15626.05,0
2021-06-18 10:05:34,15627.8,0
2021-06-18 10:05:36,15629.9,0
2021-06-18 10:05:37,15628.8,0
2021-06-18 10:05:38,15628.4,0
2021-06-18 10:05:39,15629.9,0
2021-06-18 10:05:40,15629.6,0
2021-06-18 10:05:41,15629.2,0
2021-06-18 10:05:42,15629.4,0
2021-06-18 10:05:43,15628.4,0
2021-06-18 10:05:44,15628.55,0
2021-06-18 10:05:45,15628.25,0
2021-06-18 10:05:47,15628.8,0
2021-06-18 10:05:48,15628.4,0
2021-06-18 10:05:49,15627.5,0
2021-06-18 10:05:50,15627.95,0
2021-06-18 10:05:52,15625.15,0
2021-06-18 10:05:53,15625.15,0
2021-06-18 10:05:54,15624.85,0
2021-06-18 10:05:55,15625.5,0
2021-06-18 10:05:58,15628.3,0
2021-06-18 10:05:59,15628.75,0
2021-06-18 10:06:00,15628.95,0
2021-06-18 10:06:02,15628.9,0
2021-06-18 10:06:03,15630.15,0
2021-06-18 10:06:04,15628.95,0
2021-06-18 10:06:05,15628.15,0
2021-06-18 10:06:08,15630.9,0
2021-06-18 10:06:09,15629.15,0
2021-06-18 10:06:10,15628.0,0
2021-06-18 10:06:11,15628.65,0
2021-06-18 10:06:13,15628.55,0
2021-06-18 10:06:14,15629.75,0
2021-06-18 10:06:15,15630.0,0
2021-06-18 10:06:16,15630.55,0
2021-06-18 10:06:17,15630.5,0
2021-06-18 10:06:18,15628.5,0
2021-06-18 10:06:19,15628.15,0
2021-06-18 10:06:20,15629.45,0
2021-06-18 10:06:21,15629.75,0
2021-06-18 10:06:22,15630.0,0
2021-06-18 10:06:23,15629.5,0
2021-06-18 10:06:24,15631.05,0
2021-06-18 10:06:25,15629.95,0
2021-06-18 10:06:26,15630.4,0
2021-06-18 10:06:27,15630.15,0
2021-06-18 10:06:28,15630.85,0
2021-06-18 10:06:29,15630.9,0
2021-06-18 10:06:30,15630.8,0
2021-06-18 10:06:31,15630.55,0
2021-06-18 10:06:32,15631.4,0
2021-06-18 10:06:33,15630.3,0
2021-06-18 10:06:34,15630.65,0
2021-06-18 10:06:35,15630.9,0
2021-06-18 10:06:36,15630.5,0
2021-06-18 10:06:37,15630.65,0
2021-06-18 10:06:38,15631.25,0
2021-06-18 10:06:39,15630.2,0
2021-06-18 10:06:40,15630.6,0
2021-06-18 10:06:41,15630.65,0
2021-06-18 10:06:42,15629.95,0
2021-06-18 10:06:43,15629.45,0
2021-06-18 10:06:44,15630.2,0
2021-06-18 10:06:45,15631.85,0
2021-06-18 10:06:46,15631.1,0
2021-06-18 10:06:47,15632.65,0
2021-06-18 10:06:48,15632.05,0
2021-06-18 10:06:49,15632.85,0
2021-06-18 10:06:50,15633.1,0
2021-06-18 10:06:51,15633.0,0
2021-06-18 10:06:52,15633.4,0
2021-06-18 10:06:53,15632.7,0
2021-06-18 10:06:54,15633.4,0
2021-06-18 10:06:55,15633.8,0
2021-06-18 10:06:56,15632.75,0
2021-06-18 10:06:57,15633.05,0
2021-06-18 10:06:58,15632.35,0
2021-06-18 10:06:59,15631.85,0
2021-06-18 10:07:00,15631.5,0
2021-06-18 10:07:01,15632.45,0
2021-06-18 10:07:02,15631.7,0
2021-06-18 10:07:03,15629.55,0
2021-06-18 10:07:04,15629.6,0
2021-06-18 10:07:05,15629.4,0
2021-06-18 10:07:06,15626.85,0
2021-06-18 10:07:07,15624.3,0
2021-06-18 10:07:08,15625.45,0
2021-06-18 10:07:09,15625.3,0
2021-06-18 10:07:10,15623.15,0
2021-06-18 10:07:11,15623.0,0
2021-06-18 10:07:12,15622.0,0
2021-06-18 10:07:13,15621.55,0
2021-06-18 10:07:14,15623.05,0
2021-06-18 10:07:15,15622.15,0
2021-06-18 10:07:16,15621.2,0
2021-06-18 10:07:17,15621.3,0
2021-06-18 10:07:18,15621.6,0
2021-06-18 10:07:19,15621.0,0
2021-06-18 10:07:20,15617.95,0
2021-06-18 10:07:21,15618.1,0
2021-06-18 10:07:22,15617.4,0
2021-06-18 10:07:23,15618.35,0
2021-06-18 10:07:24,15617.85,0
2021-06-18 10:07:25,15617.9,0
2021-06-18 10:07:26,15617.45,0
2021-06-18 10:07:27,15617.45,0
2021-06-18 10:07:28,15617.95,0
2021-06-18 10:07:29,15618.1,0
2021-06-18 10:07:30,15619.2,0
2021-06-18 10:07:31,15618.4,0
2021-06-18 10:07:32,15618.1,0
2021-06-18 10:07:33,15618.1,0
2021-06-18 10:07:34,15617.35,0
2021-06-18 10:07:35,15617.15,0
2021-06-18 10:07:36,15616.7,0
2021-06-18 10:07:37,15616.15,0
2021-06-18 10:07:38,15616.2,0
2021-06-18 10:07:39,15614.45,0
2021-06-18 10:07:40,15613.9,0
2021-06-18 10:07:41,15613.6,0
2021-06-18 10:07:42,15613.0,0
2021-06-18 10:07:43,15613.45,0
2021-06-18 10:07:44,15611.85,0
2021-06-18 10:07:45,15611.15,0
2021-06-18 10:07:46,15610.2,0
2021-06-18 10:07:47,15610.75,0
2021-06-18 10:07:48,15609.55,0
2021-06-18 10:07:49,15608.9,0
2021-06-18 10:07:50,15609.35,0
2021-06-18 10:07:51,15608.4,0
2021-06-18 10:07:52,15608.95,0
2021-06-18 10:07:53,15609.4,0
2021-06-18 10:07:54,15608.35,0
2021-06-18 10:07:55,15609.2,0
2021-06-18 10:07:56,15610.15,0
2021-06-18 10:07:57,15612.7,0
2021-06-18 10:07:58,15613.25,0
2021-06-18 10:07:59,15613.0,0
2021-06-18 10:08:00,15612.3,0
2021-06-18 10:08:01,15610.95,0
2021-06-18 10:08:02,15610.7,0
2021-06-18 10:08:03,15610.8,0
2021-06-18 10:08:04,15611.95,0
2021-06-18 10:08:05,15611.1,0
2021-06-18 10:08:06,15611.45,0
2021-06-18 10:08:07,15612.95,0
2021-06-18 10:08:08,15612.6,0
2021-06-18 10:08:09,15612.25,0
2021-06-18 10:08:10,15612.25,0
2021-06-18 10:08:11,15612.65,0
2021-06-18 10:08:12,15613.5,0
2021-06-18 10:08:13,15614.15,0
2021-06-18 10:08:14,15615.25,0
2021-06-18 10:08:15,15615.3,0
2021-06-18 10:08:16,15616.0,0
2021-06-18 10:08:17,15616.25,0
2021-06-18 10:08:18,15616.5,0
2021-06-18 10:08:19,15616.05,0
2021-06-18 10:08:20,15616.35,0
2021-06-18 10:08:21,15615.0,0
2021-06-18 10:08:23,15616.2,0
2021-06-18 10:08:24,15615.75,0
2021-06-18 10:08:25,15615.15,0
2021-06-18 10:08:26,15614.7,0
2021-06-18 10:08:27,15615.55,0
2021-06-18 10:08:28,15614.45,0
2021-06-18 10:08:29,15615.7,0
2021-06-18 10:08:30,15617.65,0
2021-06-18 10:08:31,15617.6,0
2021-06-18 10:08:32,15618.0,0
2021-06-18 10:08:33,15618.1,0
2021-06-18 10:08:34,15617.15,0
2021-06-18 10:08:35,15616.75,0
2021-06-18 10:08:36,15618.0,0
2021-06-18 10:08:37,15616.35,0
2021-06-18 10:08:38,15616.05,0
2021-06-18 10:08:39,15615.95,0
2021-06-18 10:08:40,15616.45,0
2021-06-18 10:08:41,15615.45,0
2021-06-18 10:08:42,15616.05,0
2021-06-18 10:08:43,15615.45,0
2021-06-18 10:08:44,15615.05,0
2021-06-18 10:08:45,15615.55,0
2021-06-18 10:08:46,15615.2,0
2021-06-18 10:08:47,15615.25,0
2021-06-18 10:08:48,15614.7,0
2021-06-18 10:08:49,15614.5,0
2021-06-18 10:08:50,15612.6,0
2021-06-18 10:08:51,15612.1,0
2021-06-18 10:08:52,15611.95,0
2021-06-18 10:08:53,15610.9,0
2021-06-18 10:08:54,15612.0,0
2021-06-18 10:08:55,15608.95,0
2021-06-18 10:08:56,15608.25,0
2021-06-18 10:08:57,15607.0,0
2021-06-18 10:08:58,15607.85,0
2021-06-18 10:08:59,15607.2,0
2021-06-18 10:09:00,15606.95,0
2021-06-18 10:09:01,15606.75,0
2021-06-18 10:09:02,15607.4,0
2021-06-18 10:09:03,15607.8,0
2021-06-18 10:09:04,15607.8,0
2021-06-18 10:09:05,15608.1,0
2021-06-18 10:09:06,15607.6,0
2021-06-18 10:09:07,15607.55,0
2021-06-18 10:09:08,15608.6,0
2021-06-18 10:09:09,15607.95,0
2021-06-18 10:09:11,15609.05,0
2021-06-18 10:09:12,15608.15,0
2021-06-18 10:09:14,15609.4,0
2021-06-18 10:09:16,15609.1,0
2021-06-18 10:09:17,15609.05,0
2021-06-18 10:09:18,15608.65,0
2021-06-18 10:09:19,15607.6,0
2021-06-18 10:09:20,15607.95,0
2021-06-18 10:09:21,15608.25,0
2021-06-18 10:09:22,15608.55,0
2021-06-18 10:09:23,15608.5,0
2021-06-18 10:09:24,15608.9,0
2021-06-18 10:09:25,15609.0,0
2021-06-18 10:09:26,15608.4,0
2021-06-18 10:09:27,15608.55,0
2021-06-18 10:09:28,15611.3,0
2021-06-18 10:09:29,15610.35,0
2021-06-18 10:09:30,15609.45,0
2021-06-18 10:09:31,15609.1,0
2021-06-18 10:09:32,15609.8,0
2021-06-18 10:09:33,15609.45,0
2021-06-18 10:09:34,15609.7,0
2021-06-18 10:09:35,15608.8,0
2021-06-18 10:09:36,15609.1,0
2021-06-18 10:09:37,15609.6,0
2021-06-18 10:09:38,15609.0,0
2021-06-18 10:09:39,15609.25,0
2021-06-18 10:09:40,15609.1,0
2021-06-18 10:09:41,15609.5,0
2021-06-18 10:09:42,15608.8,0
2021-06-18 10:09:44,15609.2,0
2021-06-18 10:09:46,15608.55,0
2021-06-18 10:09:47,15609.2,0
2021-06-18 10:09:48,15609.7,0
2021-06-18 10:09:49,15608.75,0
2021-06-18 10:09:50,15607.85,0
2021-06-18 10:09:51,15608.65,0
2021-06-18 10:09:52,15608.25,0
2021-06-18 10:09:54,15609.05,0
2021-06-18 10:09:55,15608.8,0
2021-06-18 10:09:56,15609.7,0
2021-06-18 10:09:57,15610.1,0
2021-06-18 10:09:58,15609.2,0
2021-06-18 10:09:59,15609.15,0
2021-06-18 10:10:00,15609.3,0
2021-06-18 10:10:01,15608.25,0
2021-06-18 10:10:02,15608.6,0
2021-06-18 10:10:03,15608.5,0
2021-06-18 10:10:05,15606.7,0
2021-06-18 10:10:06,15606.7,0
2021-06-18 10:10:07,15606.8,0
2021-06-18 10:10:08,15607.2,0
2021-06-18 10:10:09,15606.0,0
2021-06-18 10:10:10,15605.95,0
2021-06-18 10:10:12,15605.05,0
2021-06-18 10:10:13,15604.8,0
2021-06-18 10:10:14,15604.6,0
2021-06-18 10:10:15,15604.2,0
2021-06-18 10:10:16,15605.0,0
2021-06-18 10:10:17,15604.3,0
2021-06-18 10:10:18,15605.5,0
2021-06-18 10:10:19,15604.15,0
2021-06-18 10:10:20,15603.4,0
2021-06-18 10:10:21,15604.45,0
2021-06-18 10:10:22,15603.8,0
2021-06-18 10:10:23,15604.05,0
2021-06-18 10:10:24,15604.3,0
2021-06-18 10:10:27,15604.05,0
2021-06-18 10:10:30,15602.85,0
2021-06-18 10:10:32,15602.5,0
2021-06-18 10:10:33,15601.85,0
2021-06-18 10:10:34,15602.25,0
2021-06-18 10:10:35,15601.45,0
2021-06-18 10:10:36,15600.9,0
2021-06-18 10:10:37,15600.3,0
2021-06-18 10:10:38,15600.4,0
2021-06-18 10:10:39,15601.3,0
2021-06-18 10:10:40,15599.65,0
2021-06-18 10:10:41,15600.8,0
2021-06-18 10:10:42,15600.35,0
2021-06-18 10:10:43,15600.7,0
2021-06-18 10:10:44,15600.65,0
2021-06-18 10:10:46,15599.95,0
2021-06-18 10:10:47,15597.65,0
2021-06-18 10:10:48,15597.7,0
2021-06-18 10:10:49,15596.65,0
2021-06-18 10:10:50,15596.85,0
2021-06-18 10:10:51,15595.85,0
2021-06-18 10:10:52,15596.65,0
2021-06-18 10:10:53,15596.7,0
2021-06-18 10:10:54,15597.55,0
2021-06-18 10:10:55,15598.55,0
2021-06-18 10:10:56,15598.8,0
2021-06-18 10:10:57,15597.55,0
2021-06-18 10:10:58,15597.8,0
2021-06-18 10:10:59,15601.05,0
2021-06-18 10:11:00,15600.65,0
2021-06-18 10:11:01,15600.3,0
2021-06-18 10:11:02,15600.2,0
2021-06-18 10:11:03,15600.9,0
2021-06-18 10:11:04,15599.6,0
2021-06-18 10:11:05,15599.75,0
2021-06-18 10:11:06,15598.9,0
2021-06-18 10:11:07,15598.65,0
2021-06-18 10:11:08,15599.4,0
2021-06-18 10:11:09,15598.8,0
2021-06-18 10:11:10,15599.2,0
2021-06-18 10:11:11,15599.05,0
2021-06-18 10:11:12,15598.35,0
2021-06-18 10:11:13,15599.2,0
2021-06-18 10:11:14,15599.35,0
2021-06-18 10:11:15,15599.05,0
2021-06-18 10:11:16,15599.1,0
2021-06-18 10:11:17,15599.5,0
2021-06-18 10:11:18,15601.5,0
2021-06-18 10:11:19,15600.1,0
2021-06-18 10:11:20,15600.1,0
2021-06-18 10:11:21,15600.55,0
2021-06-18 10:11:22,15600.35,0
2021-06-18 10:11:23,15602.55,0
2021-06-18 10:11:24,15601.9,0
2021-06-18 10:11:25,15603.0,0
2021-06-18 10:11:26,15602.9,0
2021-06-18 10:11:27,15601.8,0
2021-06-18 10:11:28,15602.15,0
2021-06-18 10:11:29,15602.65,0
2021-06-18 10:11:30,15602.95,0
2021-06-18 10:11:31,15603.6,0
2021-06-18 10:11:32,15602.85,0
2021-06-18 10:11:34,15605.25,0
2021-06-18 10:11:35,15604.7,0
2021-06-18 10:11:36,15606.5,0
2021-06-18 10:11:38,15606.2,0
2021-06-18 10:11:39,15605.75,0
2021-06-18 10:11:40,15605.5,0
2021-06-18 10:11:41,15605.9,0
2021-06-18 10:11:42,15606.3,0
2021-06-18 10:11:43,15606.4,0
2021-06-18 10:11:44,15606.8,0
2021-06-18 10:11:45,15607.75,0
2021-06-18 10:11:46,15607.75,0
2021-06-18 10:11:47,15606.95,0
2021-06-18 10:11:48,15607.15,0
2021-06-18 10:11:49,15608.85,0
2021-06-18 10:11:50,15607.75,0
2021-06-18 10:11:51,15608.8,0
2021-06-18 10:11:52,15609.6,0
2021-06-18 10:11:53,15608.8,0
2021-06-18 10:11:54,15609.2,0
2021-06-18 10:11:55,15608.95,0
2021-06-18 10:11:57,15609.55,0
2021-06-18 10:11:58,15609.45,0
2021-06-18 10:11:59,15609.35,0
2021-06-18 10:12:00,15609.05,0
2021-06-18 10:12:01,15609.05,0
2021-06-18 10:12:03,15609.5,0
2021-06-18 10:12:04,15609.3,0
2021-06-18 10:12:05,15609.6,0
2021-06-18 10:12:06,15609.65,0
2021-06-18 10:12:07,15609.7,0
2021-06-18 10:12:08,15610.4,0
2021-06-18 10:12:09,15610.35,0
2021-06-18 10:12:10,15611.5,0
2021-06-18 10:12:11,15612.5,0
2021-06-18 10:12:12,15612.95,0
2021-06-18 10:12:13,15612.3,0
2021-06-18 10:12:15,15612.85,0
2021-06-18 10:12:16,15613.35,0
2021-06-18 10:12:17,15612.9,0
2021-06-18 10:12:18,15613.75,0
2021-06-18 10:12:19,15613.95,0
2021-06-18 10:12:20,15615.85,0
2021-06-18 10:12:21,15614.8,0
2021-06-18 10:12:22,15615.85,0
2021-06-18 10:12:24,15616.4,0
2021-06-18 10:12:25,15616.6,0
2021-06-18 10:12:26,15616.1,0
2021-06-18 10:12:27,15615.8,0
2021-06-18 10:12:28,15616.5,0
2021-06-18 10:12:29,15615.85,0
2021-06-18 10:12:31,15616.1,0
2021-06-18 10:12:32,15615.7,0
2021-06-18 10:12:34,15614.95,0
2021-06-18 10:12:35,15615.8,0
2021-06-18 10:12:36,15615.3,0
2021-06-18 10:12:37,15615.15,0
2021-06-18 10:12:38,15613.15,0
2021-06-18 10:12:40,15613.35,0
2021-06-18 10:12:41,15613.75,0
2021-06-18 10:12:42,15613.6,0
2021-06-18 10:12:43,15612.6,0
2021-06-18 10:12:44,15613.1,0
2021-06-18 10:12:45,15613.25,0
2021-06-18 10:12:46,15612.55,0
2021-06-18 10:12:47,15612.7,0
2021-06-18 10:12:48,15613.15,0
2021-06-18 10:12:49,15614.1,0
2021-06-18 10:12:50,15613.75,0
2021-06-18 10:12:51,15614.4,0
2021-06-18 10:12:52,15615.15,0
2021-06-18 10:12:53,15616.25,0
2021-06-18 10:12:54,15616.15,0
2021-06-18 10:12:55,15617.0,0
2021-06-18 10:12:56,15617.15,0
2021-06-18 10:12:58,15617.35,0
2021-06-18 10:12:59,15617.25,0
2021-06-18 10:13:00,15617.0,0
2021-06-18 10:13:01,15616.25,0
2021-06-18 10:13:02,15616.6,0
2021-06-18 10:13:04,15616.75,0
2021-06-18 10:13:05,15617.2,0
2021-06-18 10:13:06,15616.75,0
2021-06-18 10:13:07,15617.4,0
2021-06-18 10:13:08,15617.9,0
2021-06-18 10:13:09,15617.05,0
2021-06-18 10:13:10,15617.55,0
2021-06-18 10:13:11,15618.35,0
2021-06-18 10:13:12,15618.2,0
2021-06-18 10:13:13,15617.75,0
2021-06-18 10:13:14,15618.05,0
2021-06-18 10:13:15,15617.6,0
2021-06-18 10:13:16,15617.2,0
2021-06-18 10:13:17,15618.0,0
2021-06-18 10:13:18,15618.7,0
2021-06-18 10:13:19,15618.0,0
2021-06-18 10:13:20,15617.15,0
2021-06-18 10:13:21,15617.0,0
2021-06-18 10:13:22,15617.8,0
2021-06-18 10:13:23,15617.45,0
2021-06-18 10:13:24,15617.25,0
2021-06-18 10:13:25,15616.65,0
2021-06-18 10:13:26,15616.75,0
2021-06-18 10:13:27,15617.5,0
2021-06-18 10:13:28,15617.1,0
2021-06-18 10:13:29,15616.85,0
2021-06-18 10:13:30,15617.7,0
2021-06-18 10:13:31,15617.2,0
2021-06-18 10:13:32,15616.95,0
2021-06-18 10:13:33,15617.95,0
2021-06-18 10:13:34,15618.2,0
2021-06-18 10:13:35,15617.5,0
2021-06-18 10:13:36,15617.75,0
2021-06-18 10:13:37,15618.0,0
2021-06-18 10:13:38,15617.45,0
2021-06-18 10:13:39,15617.65,0
2021-06-18 10:13:40,15617.9,0
2021-06-18 10:13:41,15616.65,0
2021-06-18 10:13:42,15616.25,0
2021-06-18 10:13:43,15616.25,0
2021-06-18 10:13:44,15615.85,0
2021-06-18 10:13:45,15616.15,0
2021-06-18 10:13:46,15616.55,0
2021-06-18 10:13:47,15616.45,0
2021-06-18 10:13:49,15617.0,0
2021-06-18 10:13:50,15616.35,0
2021-06-18 10:13:51,15616.85,0
2021-06-18 10:13:52,15618.0,0
2021-06-18 10:13:53,15617.55,0
2021-06-18 10:13:54,15618.9,0
2021-06-18 10:13:55,15618.9,0
2021-06-18 10:13:56,15618.55,0
2021-06-18 10:13:57,15617.95,0
2021-06-18 10:13:58,15618.45,0
2021-06-18 10:13:59,15619.1,0
2021-06-18 10:14:00,15619.35,0
2021-06-18 10:14:02,15621.5,0
2021-06-18 10:14:03,15621.7,0
2021-06-18 10:14:04,15622.4,0
2021-06-18 10:14:05,15623.6,0
2021-06-18 10:14:06,15624.6,0
2021-06-18 10:14:07,15624.5,0
2021-06-18 10:14:08,15624.5,0
2021-06-18 10:14:09,15624.95,0
2021-06-18 10:14:10,15623.65,0
2021-06-18 10:14:12,15624.85,0
2021-06-18 10:14:11,15623.65,0
2021-06-18 10:14:13,15624.35,0
2021-06-18 10:14:14,15624.5,0
2021-06-18 10:14:15,15622.95,0
2021-06-18 10:14:16,15623.2,0
2021-06-18 10:14:17,15622.8,0
2021-06-18 10:14:18,15623.1,0
2021-06-18 10:14:19,15622.5,0
2021-06-18 10:14:20,15621.65,0
2021-06-18 10:14:21,15622.7,0
2021-06-18 10:14:22,15621.8,0
2021-06-18 10:14:23,15621.7,0
2021-06-18 10:14:24,15621.55,0
2021-06-18 10:14:25,15621.95,0
2021-06-18 10:14:26,15622.6,0
2021-06-18 10:14:27,15622.25,0
2021-06-18 10:14:28,15622.5,0
2021-06-18 10:14:29,15621.85,0
2021-06-18 10:14:30,15622.35,0
2021-06-18 10:14:31,15622.9,0
2021-06-18 10:14:32,15621.55,0
2021-06-18 10:14:33,15619.2,0
2021-06-18 10:14:34,15619.15,0
2021-06-18 10:14:35,15619.7,0
2021-06-18 10:14:36,15620.75,0
2021-06-18 10:14:37,15620.95,0
2021-06-18 10:14:38,15622.05,0
2021-06-18 10:14:39,15621.35,0
2021-06-18 10:14:40,15621.9,0
2021-06-18 10:14:41,15621.85,0
2021-06-18 10:14:42,15622.25,0
2021-06-18 10:14:43,15621.25,0
2021-06-18 10:14:44,15620.0,0
2021-06-18 10:14:45,15620.2,0
2021-06-18 10:14:46,15619.25,0
2021-06-18 10:14:47,15620.05,0
2021-06-18 10:14:48,15620.55,0
2021-06-18 10:14:49,15620.65,0
2021-06-18 10:14:50,15620.6,0
2021-06-18 10:14:51,15621.05,0
2021-06-18 10:14:52,15621.65,0
2021-06-18 10:14:53,15622.5,0
2021-06-18 10:14:55,15623.15,0
2021-06-18 10:14:56,15624.05,0
2021-06-18 10:14:57,15624.15,0
2021-06-18 10:14:58,15623.75,0
2021-06-18 10:14:59,15623.35,0
2021-06-18 10:15:00,15622.2,0
2021-06-18 10:15:01,15621.65,0
2021-06-18 10:15:02,15622.1,0
2021-06-18 10:15:03,15622.75,0
2021-06-18 10:15:04,15622.55,0
2021-06-18 10:15:05,15622.25,0
2021-06-18 10:15:06,15620.25,0
2021-06-18 10:15:07,15619.65,0
2021-06-18 10:15:08,15619.45,0
2021-06-18 10:15:09,15618.7,0
2021-06-18 10:15:10,15618.85,0
2021-06-18 10:15:11,15618.85,0
2021-06-18 10:15:12,15618.75,0
2021-06-18 10:15:13,15618.8,0
2021-06-18 10:15:14,15617.35,0
