timestamp,ltp,volume
2021-06-18 09:18:43,10501.55,0
2021-06-18 09:18:44,10501.75,0
2021-06-18 09:18:52,10502.5,0
2021-06-18 09:18:54,10500.9,0
2021-06-18 09:18:55,10500.8,0
2021-06-18 09:18:56,10501.45,0
2021-06-18 09:18:57,10501.6,0
2021-06-18 09:18:59,10501.25,0
2021-06-18 09:19:02,10500.85,0
2021-06-18 09:19:03,10500.4,0
2021-06-18 09:19:05,10502.75,0
2021-06-18 09:19:06,10503.0,0
2021-06-18 09:19:07,10503.8,0
2021-06-18 09:19:14,10502.3,0
2021-06-18 09:19:15,10502.1,0
2021-06-18 09:19:19,10501.15,0
2021-06-18 09:19:20,10504.0,0
2021-06-18 09:19:22,10505.8,0
2021-06-18 09:19:23,10503.75,0
2021-06-18 09:19:26,10503.35,0
2021-06-18 09:19:27,10504.8,0
2021-06-18 09:19:30,10505.5,0
2021-06-18 09:19:33,10505.45,0
2021-06-18 09:19:35,10505.7,0
2021-06-18 09:19:54,10510.1,0
2021-06-18 09:19:55,10509.75,0
2021-06-18 09:19:57,10511.0,0
2021-06-18 09:19:58,10509.65,0
2021-06-18 09:19:59,10509.5,0
2021-06-18 09:20:01,10508.2,0
2021-06-18 09:20:03,10504.8,0
2021-06-18 09:20:06,10505.4,0
2021-06-18 09:20:08,10504.75,0
2021-06-18 09:20:10,10503.85,0
2021-06-18 09:20:12,10500.55,0
2021-06-18 09:20:13,10499.4,0
2021-06-18 09:20:15,10500.75,0
2021-06-18 09:20:17,10504.85,0
2021-06-18 09:20:19,10502.8,0
2021-06-18 09:20:21,10503.9,0
2021-06-18 09:20:22,10502.3,0
2021-06-18 09:20:23,10503.05,0
2021-06-18 09:20:28,10501.1,0
2021-06-18 09:20:31,10500.15,0
2021-06-18 09:20:34,10494.5,0
2021-06-18 09:20:35,10494.65,0
2021-06-18 09:20:38,10491.4,0
2021-06-18 09:20:41,10488.35,0
2021-06-18 09:20:43,10486.15,0
2021-06-18 09:20:44,10488.15,0
2021-06-18 09:20:45,10485.8,0
2021-06-18 09:20:46,10483.1,0
2021-06-18 09:20:48,10479.35,0
2021-06-18 09:20:50,10477.3,0
2021-06-18 09:20:51,10475.15,0
2021-06-18 09:20:54,10473.7,0
2021-06-18 09:20:55,10474.15,0
2021-06-18 09:20:56,10472.85,0
2021-06-18 09:20:58,10472.25,0
2021-06-18 09:20:59,10471.7,0
2021-06-18 09:21:00,10472.0,0
2021-06-18 09:21:02,10471.75,0
2021-06-18 09:21:03,10471.35,0
2021-06-18 09:21:04,10472.15,0
2021-06-18 09:21:05,10473.7,0
2021-06-18 09:21:06,10473.6,0
2021-06-18 09:21:07,10470.35,0
2021-06-18 09:21:08,10470.25,0
2021-06-18 09:21:09,10469.05,0
2021-06-18 09:21:10,10467.95,0
2021-06-18 09:21:12,10466.25,0
2021-06-18 09:21:13,10465.45,0
2021-06-18 09:21:14,10466.15,0
2021-06-18 09:21:15,10465.55,0
2021-06-18 09:21:17,10464.45,0
2021-06-18 09:21:19,10463.4,0
2021-06-18 09:21:20,10465.85,0
2021-06-18 09:21:22,10465.55,0
2021-06-18 09:21:25,10466.7,0
2021-06-18 09:21:26,10467.65,0
2021-06-18 09:21:31,10466.3,0
2021-06-18 09:21:33,10466.85,0
2021-06-18 09:21:34,10466.2,0
2021-06-18 09:21:37,10467.3,0
2021-06-18 09:21:38,10470.55,0
2021-06-18 09:21:39,10471.75,0
2021-06-18 09:21:40,10471.9,0
2021-06-18 09:21:43,10473.75,0
2021-06-18 09:21:44,10471.85,0
2021-06-18 09:21:48,10469.45,0
2021-06-18 09:21:49,10466.95,0
2021-06-18 09:21:54,10462.5,0
2021-06-18 09:21:55,10460.35,0
2021-06-18 09:22:00,10459.95,0
2021-06-18 09:22:01,10460.55,0
2021-06-18 09:22:02,10461.05,0
2021-06-18 09:22:03,10461.65,0
2021-06-18 09:22:05,10464.55,0
2021-06-18 09:22:06,10463.7,0
2021-06-18 09:22:07,10464.5,0
2021-06-18 09:22:08,10465.65,0
2021-06-18 09:22:09,10465.2,0
2021-06-18 09:22:11,10466.8,0
2021-06-18 09:22:12,10466.45,0
2021-06-18 09:22:13,10468.4,0
2021-06-18 09:22:18,10465.45,0
2021-06-18 09:22:21,10465.85,0
2021-06-18 09:22:26,10468.8,0
2021-06-18 09:22:27,10467.15,0
2021-06-18 09:22:32,10464.85,0
2021-06-18 09:22:33,10465.5,0
2021-06-18 09:22:35,10464.95,0
2021-06-18 09:22:38,10465.2,0
2021-06-18 09:22:41,10466.8,0
2021-06-18 09:22:44,10472.2,0
2021-06-18 09:22:45,10473.05,0
2021-06-18 09:22:46,10472.95,0
2021-06-18 09:22:49,10474.1,0
2021-06-18 09:22:50,10474.6,0
2021-06-18 09:22:51,10475.5,0
2021-06-18 09:22:52,10473.7,0
2021-06-18 09:22:53,10474.0,0
2021-06-18 09:22:55,10472.05,0
2021-06-18 09:22:57,10470.25,0
2021-06-18 09:22:58,10470.85,0
2021-06-18 09:23:01,10469.45,0
2021-06-18 09:23:03,10467.3,0
2021-06-18 09:23:08,10469.45,0
2021-06-18 09:23:10,10470.65,0
2021-06-18 09:23:13,10468.6,0
2021-06-18 09:23:14,10470.1,0
2021-06-18 09:23:15,10469.3,0
2021-06-18 09:23:16,10468.9,0
2021-06-18 09:23:17,10469.35,0
2021-06-18 09:23:19,10468.65,0
2021-06-18 09:23:21,10469.15,0
2021-06-18 09:23:22,10470.1,0
2021-06-18 09:23:26,10465.4,0
2021-06-18 09:23:27,10466.6,0
2021-06-18 09:23:28,10462.25,0
2021-06-18 09:23:33,10459.9,0
2021-06-18 09:23:34,10461.25,0
2021-06-18 09:23:38,10460.4,0
2021-06-18 09:23:39,10461.65,0
2021-06-18 09:23:41,10461.55,0
2021-06-18 09:23:48,10463.3,0
2021-06-18 09:23:49,10462.25,0
2021-06-18 09:23:52,10464.75,0
2021-06-18 09:23:54,10464.85,0
2021-06-18 09:23:55,10463.7,0
2021-06-18 09:23:56,10463.75,0
2021-06-18 09:23:57,10465.15,0
2021-06-18 09:23:59,10464.7,0
2021-06-18 09:24:03,10465.85,0
2021-06-18 09:24:04,10466.8,0
2021-06-18 09:24:05,10465.25,0
2021-06-18 09:24:06,10465.75,0
2021-06-18 09:24:07,10466.2,0
2021-06-18 09:24:09,10469.4,0
2021-06-18 09:24:11,10470.35,0
2021-06-18 09:24:13,10471.7,0
2021-06-18 09:24:16,10470.8,0
2021-06-18 09:24:17,10470.9,0
2021-06-18 09:24:20,10472.65,0
2021-06-18 09:24:21,10472.1,0
2021-06-18 09:24:24,10471.8,0
2021-06-18 09:24:26,10473.8,0
2021-06-18 09:24:28,10475.65,0
2021-06-18 09:24:32,10477.25,0
2021-06-18 09:24:33,10478.9,0
2021-06-18 09:24:34,10481.6,0
2021-06-18 09:24:35,10481.15,0
2021-06-18 09:24:36,10481.15,0
2021-06-18 09:24:37,10483.3,0
2021-06-18 09:24:38,10483.8,0
2021-06-18 09:24:39,10484.15,0
2021-06-18 09:24:47,10486.9,0
2021-06-18 09:24:48,10486.0,0
2021-06-18 09:24:49,10487.15,0
2021-06-18 09:24:50,10488.3,0
2021-06-18 09:24:55,10487.6,0
2021-06-18 09:24:56,10487.4,0
2021-06-18 09:24:57,10487.35,0
2021-06-18 09:24:59,10487.6,0
2021-06-18 09:25:01,10486.55,0
2021-06-18 09:25:02,10486.75,0
2021-06-18 09:25:03,10487.15,0
2021-06-18 09:25:04,10487.95,0
2021-06-18 09:25:07,10489.45,0
2021-06-18 09:25:08,10489.5,0
2021-06-18 09:25:09,10489.3,0
2021-06-18 09:25:10,10492.8,0
2021-06-18 09:25:16,10497.0,0
2021-06-18 09:25:17,10495.85,0
2021-06-18 09:25:18,10496.25,0
2021-06-18 09:25:21,10501.7,0
2021-06-18 09:25:22,10500.5,0
2021-06-18 09:25:23,10500.15,0
2021-06-18 09:25:25,10499.95,0
2021-06-18 09:25:26,10500.85,0
2021-06-18 09:25:28,10498.85,0
2021-06-18 09:25:31,10500.6,0
2021-06-18 09:25:33,10501.5,0
2021-06-18 09:25:34,10500.85,0
2021-06-18 09:25:35,10501.5,0
2021-06-18 09:25:37,10502.3,0
2021-06-18 09:25:38,10502.55,0
2021-06-18 09:25:39,10502.6,0
2021-06-18 09:25:45,10504.35,0
2021-06-18 09:25:47,10503.2,0
2021-06-18 09:25:48,10500.45,0
2021-06-18 09:25:50,10500.45,0
2021-06-18 09:25:51,10498.5,0
2021-06-18 09:25:55,10500.3,0
2021-06-18 09:25:56,10499.7,0
2021-06-18 09:25:57,10499.6,0
2021-06-18 09:25:58,10500.4,0
2021-06-18 09:25:59,10502.95,0
2021-06-18 09:26:08,10504.85,0
2021-06-18 09:26:11,10509.45,0
2021-06-18 09:26:13,10509.65,0
2021-06-18 09:26:15,10509.0,0
2021-06-18 09:26:16,10510.5,0
2021-06-18 09:26:18,10508.65,0
2021-06-18 09:26:22,10508.35,0
2021-06-18 09:26:26,10506.65,0
2021-06-18 09:26:30,10506.15,0
2021-06-18 09:26:31,10505.55,0
2021-06-18 09:26:34,10504.65,0
2021-06-18 09:26:35,10504.5,0
2021-06-18 09:26:36,10503.6,0
2021-06-18 09:26:37,10503.35,0
2021-06-18 09:26:39,10504.5,0
2021-06-18 09:26:40,10504.5,0
2021-06-18 09:26:43,10505.1,0
2021-06-18 09:26:45,10504.85,0
2021-06-18 09:26:46,10507.35,0
2021-06-18 09:26:48,10508.35,0
2021-06-18 09:26:50,10506.75,0
2021-06-18 09:26:51,10505.85,0
2021-06-18 09:26:55,10505.4,0
2021-06-18 09:26:56,10502.4,0
2021-06-18 09:27:01,10500.5,0
2021-06-18 09:27:02,10501.15,0
2021-06-18 09:27:04,10502.15,0
2021-06-18 09:27:05,10502.25,0
2021-06-18 09:27:08,10500.85,0
2021-06-18 09:27:09,10501.65,0
2021-06-18 09:27:10,10500.2,0
2021-06-18 09:27:11,10500.95,0
2021-06-18 09:27:15,10502.1,0
2021-06-18 09:27:17,10501.6,0
2021-06-18 09:27:19,10500.8,0
2021-06-18 09:27:21,10501.35,0
2021-06-18 09:27:24,10502.2,0
2021-06-18 09:27:26,10502.65,0
2021-06-18 09:27:31,10503.85,0
2021-06-18 09:27:32,10503.05,0
2021-06-18 09:27:39,10503.05,0
2021-06-18 09:27:46,10509.75,0
2021-06-18 09:27:56,10510.55,0
2021-06-18 09:27:58,10510.8,0
2021-06-18 09:28:02,10510.9,0
2021-06-18 09:28:04,10510.15,0
2021-06-18 09:28:06,10509.75,0
2021-06-18 09:28:07,10509.25,0
2021-06-18 09:28:11,10509.5,0
2021-06-18 09:28:12,10508.95,0
2021-06-18 09:28:13,10509.55,0
2021-06-18 09:28:17,10508.75,0
2021-06-18 09:28:18,10508.55,0
2021-06-18 09:28:23,10509.85,0
2021-06-18 09:28:24,10510.15,0
2021-06-18 09:28:26,10510.05,0
2021-06-18 09:28:32,10508.5,0
2021-06-18 09:28:33,10508.35,0
2021-06-18 09:28:34,10509.05,0
2021-06-18 09:28:37,10507.55,0
2021-06-18 09:28:39,10508.05,0
2021-06-18 09:28:43,10506.95,0
2021-06-18 09:28:44,10506.55,0
2021-06-18 09:28:45,10506.45,0
2021-06-18 09:28:48,10506.3,0
2021-06-18 09:28:52,10505.6,0
2021-06-18 09:28:53,10505.7,0
2021-06-18 09:28:54,10506.35,0
2021-06-18 09:28:55,10506.0,0
2021-06-18 09:28:57,10505.25,0
2021-06-18 09:28:59,10506.7,0
2021-06-18 09:29:01,10504.85,0
2021-06-18 09:29:02,10503.95,0
2021-06-18 09:29:04,10505.05,0
2021-06-18 09:29:05,10503.85,0
2021-06-18 09:29:06,10499.05,0
2021-06-18 09:29:08,10500.15,0
2021-06-18 09:29:10,10499.6,0
2021-06-18 09:29:12,10498.2,0
2021-06-18 09:29:13,10494.85,0
2021-06-18 09:29:15,10491.75,0
2021-06-18 09:29:22,10489.2,0
2021-06-18 09:29:27,10489.85,0
2021-06-18 09:29:28,10489.45,0
2021-06-18 09:29:29,10490.65,0
2021-06-18 09:29:32,10488.5,0
2021-06-18 09:29:33,10488.4,0
2021-06-18 09:29:34,10488.05,0
2021-06-18 09:29:35,10487.6,0
2021-06-18 09:29:36,10487.6,0
2021-06-18 09:29:37,10487.5,0
2021-06-18 09:29:40,10486.2,0
2021-06-18 09:29:41,10485.75,0
2021-06-18 09:29:42,10486.75,0
2021-06-18 09:29:43,10485.8,0
2021-06-18 09:29:44,10486.7,0
2021-06-18 09:29:46,10486.95,0
2021-06-18 09:29:49,10486.4,0
2021-06-18 09:29:52,10486.0,0
2021-06-18 09:29:56,10486.95,0
2021-06-18 09:30:02,10487.5,0
2021-06-18 09:30:04,10487.0,0
2021-06-18 09:30:06,10487.55,0
2021-06-18 09:30:07,10487.4,0
2021-06-18 09:30:09,10486.35,0
2021-06-18 09:30:10,10485.15,0
2021-06-18 09:30:11,10483.7,0
2021-06-18 09:30:12,10483.65,0
2021-06-18 09:30:15,10482.2,0
2021-06-18 09:30:17,10482.6,0
2021-06-18 09:30:19,10481.9,0
2021-06-18 09:30:21,10482.75,0
2021-06-18 09:30:24,10481.3,0
2021-06-18 09:30:28,10482.1,0
2021-06-18 09:30:31,10480.25,0
2021-06-18 09:30:33,10480.95,0
2021-06-18 09:30:34,10481.65,0
2021-06-18 09:30:35,10481.65,0
2021-06-18 09:30:36,10482.4,0
2021-06-18 09:30:37,10481.45,0
2021-06-18 09:30:39,10479.75,0
2021-06-18 09:30:40,10478.05,0
2021-06-18 09:30:41,10478.6,0
2021-06-18 09:30:42,10478.0,0
2021-06-18 09:30:44,10478.7,0
2021-06-18 09:30:45,10479.55,0
2021-06-18 09:30:47,10479.35,0
2021-06-18 09:30:48,10479.3,0
2021-06-18 09:30:49,10478.9,0
2021-06-18 09:30:50,10479.45,0
2021-06-18 09:30:51,10479.6,0
2021-06-18 09:30:54,10478.9,0
2021-06-18 09:30:56,10477.15,0
2021-06-18 09:30:57,10477.15,0
2021-06-18 09:31:01,10474.65,0
2021-06-18 09:31:03,10475.45,0
2021-06-18 09:31:05,10474.8,0
2021-06-18 09:31:09,10476.15,0
2021-06-18 09:31:11,10476.9,0
2021-06-18 09:31:13,10478.55,0
2021-06-18 09:31:15,10478.2,0
2021-06-18 09:31:18,10477.65,0
2021-06-18 09:31:22,10479.4,0
2021-06-18 09:31:23,10479.05,0
2021-06-18 09:31:24,10482.0,0
2021-06-18 09:31:27,10483.05,0
2021-06-18 09:31:28,10482.95,0
2021-06-18 09:31:30,10484.9,0
2021-06-18 09:31:31,10487.9,0
2021-06-18 09:31:32,10491.1,0
2021-06-18 09:31:33,10490.8,0
2021-06-18 09:31:34,10490.65,0
2021-06-18 09:31:36,10491.75,0
2021-06-18 09:31:38,10492.95,0
2021-06-18 09:31:40,10492.3,0
2021-06-18 09:31:42,10492.3,0
2021-06-18 09:31:43,10492.75,0
2021-06-18 09:31:44,10491.15,0
2021-06-18 09:31:45,10492.25,0
2021-06-18 09:31:46,10492.2,0
2021-06-18 09:31:49,10489.85,0
2021-06-18 09:31:50,10490.3,0
2021-06-18 09:31:51,10489.4,0
2021-06-18 09:31:52,10488.05,0
2021-06-18 09:31:53,10488.3,0
2021-06-18 09:31:54,10488.65,0
2021-06-18 09:31:56,10488.25,0
2021-06-18 09:32:05,10487.2,0
2021-06-18 09:32:07,10487.4,0
2021-06-18 09:32:11,10487.05,0
2021-06-18 09:32:13,10487.8,0
2021-06-18 09:32:14,10486.2,0
2021-06-18 09:32:15,10487.1,0
2021-06-18 09:32:16,10484.35,0
2021-06-18 09:32:18,10486.15,0
2021-06-18 09:32:19,10486.1,0
2021-06-18 09:32:25,10486.85,0
2021-06-18 09:32:28,10487.75,0
2021-06-18 09:32:32,10487.65,0
2021-06-18 09:32:34,10487.95,0
2021-06-18 09:32:36,10487.7,0
2021-06-18 09:32:37,10487.4,0
2021-06-18 09:32:38,10488.15,0
2021-06-18 09:32:42,10487.6,0
2021-06-18 09:32:45,10487.4,0
2021-06-18 09:32:46,10486.05,0
2021-06-18 09:32:47,10484.65,0
2021-06-18 09:32:48,10483.7,0
2021-06-18 09:32:50,10484.6,0
2021-06-18 09:32:51,10484.7,0
2021-06-18 09:32:55,10484.65,0
2021-06-18 09:32:56,10483.2,0
2021-06-18 09:32:57,10483.7,0
2021-06-18 09:33:01,10482.8,0
2021-06-18 09:33:03,10482.45,0
2021-06-18 09:33:05,10481.5,0
2021-06-18 09:33:08,10480.25,0
2021-06-18 09:33:10,10481.2,0
2021-06-18 09:33:11,10480.8,0
2021-06-18 09:33:14,10478.85,0
2021-06-18 09:33:16,10479.6,0
2021-06-18 09:33:18,10480.95,0
2021-06-18 09:33:21,10480.6,0
2021-06-18 09:33:25,10479.3,0
2021-06-18 09:33:29,10479.25,0
2021-06-18 09:33:31,10478.35,0
2021-06-18 09:33:34,10478.2,0
2021-06-18 09:33:35,10478.35,0
2021-06-18 09:33:36,10478.4,0
2021-06-18 09:33:37,10478.55,0
2021-06-18 09:33:38,10478.4,0
2021-06-18 09:33:40,10479.25,0
2021-06-18 09:33:41,10480.35,0
2021-06-18 09:33:42,10480.15,0
2021-06-18 09:33:43,10480.0,0
2021-06-18 09:33:44,10479.8,0
2021-06-18 09:33:46,10479.8,0
2021-06-18 09:33:47,10478.6,0
2021-06-18 09:33:48,10478.45,0
2021-06-18 09:33:49,10478.75,0
2021-06-18 09:33:52,10479.5,0
2021-06-18 09:33:53,10479.75,0
2021-06-18 09:33:55,10477.3,0
2021-06-18 09:33:58,10477.6,0
2021-06-18 09:34:02,10476.8,0
2021-06-18 09:34:03,10477.0,0
2021-06-18 09:34:04,10477.2,0
2021-06-18 09:34:06,10477.1,0
2021-06-18 09:34:08,10476.45,0
2021-06-18 09:34:09,10475.35,0
2021-06-18 09:34:14,10475.6,0
2021-06-18 09:34:16,10475.95,0
2021-06-18 09:34:18,10476.75,0
2021-06-18 09:34:19,10478.0,0
2021-06-18 09:34:25,10478.6,0
2021-06-18 09:34:26,10479.65,0
2021-06-18 09:34:29,10483.25,0
2021-06-18 09:34:30,10482.95,0
2021-06-18 09:34:31,10482.65,0
2021-06-18 09:34:33,10482.55,0
2021-06-18 09:34:37,10482.9,0
2021-06-18 09:34:40,10482.45,0
2021-06-18 09:34:41,10480.85,0
2021-06-18 09:34:42,10479.95,0
2021-06-18 09:34:45,10480.05,0
2021-06-18 09:34:47,10479.95,0
2021-06-18 09:34:53,10482.9,0
2021-06-18 09:34:54,10481.85,0
2021-06-18 09:34:55,10483.65,0
2021-06-18 09:34:56,10482.5,0
2021-06-18 09:34:57,10483.55,0
2021-06-18 09:34:59,10484.25,0
2021-06-18 09:35:03,10483.25,0
2021-06-18 09:35:04,10483.35,0
2021-06-18 09:35:06,10483.65,0
2021-06-18 09:35:09,10482.25,0
2021-06-18 09:35:12,10481.2,0
2021-06-18 09:35:13,10480.95,0
2021-06-18 09:35:17,10481.15,0
2021-06-18 09:35:19,10480.15,0
2021-06-18 09:35:20,10478.55,0
2021-06-18 09:35:21,10478.5,0
2021-06-18 09:35:23,10478.15,0
2021-06-18 09:35:25,10478.25,0
2021-06-18 09:35:27,10477.1,0
2021-06-18 09:35:34,10476.9,0
2021-06-18 09:35:35,10476.25,0
2021-06-18 09:35:43,10475.0,0
2021-06-18 09:35:44,10476.65,0
2021-06-18 09:35:45,10475.3,0
2021-06-18 09:35:47,10476.65,0
2021-06-18 09:35:51,10476.65,0
2021-06-18 09:35:54,10476.25,0
2021-06-18 09:35:58,10475.65,0
2021-06-18 09:35:59,10474.8,0
2021-06-18 09:36:00,10475.85,0
2021-06-18 09:36:04,10475.15,0
2021-06-18 09:36:05,10474.85,0
2021-06-18 09:36:07,10473.85,0
2021-06-18 09:36:08,10473.75,0
2021-06-18 09:36:10,10473.9,0
2021-06-18 09:36:11,10472.85,0
2021-06-18 09:36:14,10470.6,0
2021-06-18 09:36:16,10471.7,0
2021-06-18 09:36:18,10470.65,0
2021-06-18 09:36:20,10470.45,0
2021-06-18 09:36:23,10470.25,0
2021-06-18 09:36:24,10470.5,0
2021-06-18 09:36:25,10470.65,0
2021-06-18 09:36:26,10470.3,0
2021-06-18 09:36:27,10469.6,0
2021-06-18 09:36:28,10469.0,0
2021-06-18 09:36:30,10468.2,0
2021-06-18 09:36:31,10468.85,0
2021-06-18 09:36:33,10468.4,0
2021-06-18 09:36:37,10465.85,0
2021-06-18 09:36:38,10466.25,0
2021-06-18 09:36:39,10465.1,0
2021-06-18 09:36:41,10464.95,0
2021-06-18 09:36:42,10465.1,0
2021-06-18 09:36:43,10465.45,0
2021-06-18 09:36:45,10464.4,0
2021-06-18 09:36:49,10465.25,0
2021-06-18 09:36:51,10464.25,0
2021-06-18 09:36:53,10464.7,0
2021-06-18 09:36:54,10463.9,0
2021-06-18 09:37:04,10464.6,0
2021-06-18 09:37:07,10465.05,0
2021-06-18 09:37:10,10464.65,0
2021-06-18 09:37:12,10465.6,0
2021-06-18 09:37:13,10466.8,0
2021-06-18 09:37:14,10466.65,0
2021-06-18 09:37:17,10464.15,0
2021-06-18 09:37:20,10464.95,0
2021-06-18 09:37:22,10465.4,0
2021-06-18 09:37:23,10465.15,0
2021-06-18 09:37:29,10466.85,0
2021-06-18 09:37:31,10466.25,0
2021-06-18 09:37:35,10465.55,0
2021-06-18 09:37:42,10464.95,0
2021-06-18 09:37:45,10466.0,0
2021-06-18 09:37:47,10466.45,0
2021-06-18 09:37:48,10466.9,0
2021-06-18 09:37:49,10466.6,0
2021-06-18 09:37:50,10467.6,0
2021-06-18 09:37:51,10468.2,0
2021-06-18 09:37:52,10467.15,0
2021-06-18 09:37:53,10466.6,0
2021-06-18 09:38:02,10464.6,0
2021-06-18 09:38:03,10463.9,0
2021-06-18 09:38:05,10464.2,0
2021-06-18 09:38:11,10463.65,0
2021-06-18 09:38:10,10463.6,0
2021-06-18 09:38:12,10464.3,0
2021-06-18 09:38:14,10462.7,0
2021-06-18 09:38:16,10463.65,0
2021-06-18 09:38:20,10464.3,0
2021-06-18 09:38:19,10463.85,0
2021-06-18 09:38:21,10463.8,0
2021-06-18 09:38:23,10465.35,0
2021-06-18 09:38:24,10464.95,0
2021-06-18 09:38:25,10464.1,0
2021-06-18 09:38:26,10464.75,0
2021-06-18 09:38:27,10464.95,0
2021-06-18 09:38:28,10465.25,0
2021-06-18 09:38:31,10466.85,0
2021-06-18 09:38:36,10469.1,0
2021-06-18 09:38:37,10468.6,0
2021-06-18 09:38:41,10469.45,0
2021-06-18 09:38:42,10468.8,0
2021-06-18 09:38:43,10467.95,0
2021-06-18 09:38:44,10469.05,0
2021-06-18 09:38:46,10469.3,0
2021-06-18 09:38:47,10470.05,0
2021-06-18 09:38:48,10469.7,0
2021-06-18 09:38:50,10470.15,0
2021-06-18 09:38:51,10470.3,0
2021-06-18 09:38:52,10470.35,0
2021-06-18 09:38:53,10470.55,0
2021-06-18 09:38:54,10469.6,0
2021-06-18 09:38:56,10468.6,0
2021-06-18 09:38:58,10468.8,0
2021-06-18 09:39:02,10469.45,0
2021-06-18 09:39:03,10469.0,0
2021-06-18 09:39:04,10468.95,0
2021-06-18 09:39:05,10468.95,0
2021-06-18 09:39:08,10470.0,0
2021-06-18 09:39:09,10469.6,0
2021-06-18 09:39:11,10469.2,0
2021-06-18 09:39:13,10468.75,0
2021-06-18 09:39:15,10466.8,0
2021-06-18 09:39:17,10466.9,0
2021-06-18 09:39:19,10465.95,0
2021-06-18 09:39:22,10464.85,0
2021-06-18 09:39:31,10463.0,0
2021-06-18 09:39:33,10464.15,0
2021-06-18 09:39:35,10465.05,0
2021-06-18 09:39:38,10465.45,0
2021-06-18 09:39:41,10465.5,0
2021-06-18 09:39:42,10465.6,0
2021-06-18 09:39:43,10465.7,0
2021-06-18 09:39:44,10465.35,0
2021-06-18 09:39:45,10465.05,0
2021-06-18 09:39:46,10465.55,0
2021-06-18 09:39:47,10465.95,0
2021-06-18 09:39:48,10464.95,0
2021-06-18 09:39:49,10464.25,0
2021-06-18 09:39:52,10463.95,0
2021-06-18 09:39:53,10464.4,0
2021-06-18 09:39:56,10463.9,0
2021-06-18 09:39:59,10462.9,0
2021-06-18 09:40:01,10462.55,0
2021-06-18 09:40:02,10463.35,0
2021-06-18 09:40:04,10462.95,0
2021-06-18 09:40:05,10462.85,0
2021-06-18 09:40:08,10464.3,0
2021-06-18 09:40:09,10464.9,0
2021-06-18 09:40:10,10463.45,0
2021-06-18 09:40:15,10463.6,0
2021-06-18 09:40:18,10463.35,0
2021-06-18 09:40:21,10463.8,0
2021-06-18 09:40:22,10463.8,0
2021-06-18 09:40:23,10463.15,0
2021-06-18 09:40:24,10462.1,0
2021-06-18 09:40:26,10462.0,0
2021-06-18 09:40:27,10462.4,0
2021-06-18 09:40:29,10460.05,0
2021-06-18 09:40:32,10458.8,0
2021-06-18 09:40:33,10460.1,0
2021-06-18 09:40:34,10460.9,0
2021-06-18 09:40:36,10459.8,0
2021-06-18 09:40:37,10458.5,0
2021-06-18 09:40:38,10460.05,0
2021-06-18 09:40:40,10460.35,0
2021-06-18 09:40:41,10459.75,0
2021-06-18 09:40:42,10459.3,0
2021-06-18 09:40:46,10459.85,0
2021-06-18 09:40:48,10461.1,0
2021-06-18 09:40:51,10461.9,0
2021-06-18 09:40:52,10462.25,0
2021-06-18 09:40:53,10462.0,0
2021-06-18 09:40:55,10462.0,0
2021-06-18 09:40:56,10461.75,0
2021-06-18 09:41:01,10462.4,0
2021-06-18 09:41:03,10462.75,0
2021-06-18 09:41:06,10462.7,0
2021-06-18 09:41:07,10462.6,0
2021-06-18 09:41:08,10463.15,0
2021-06-18 09:41:09,10463.25,0
2021-06-18 09:41:10,10463.45,0
2021-06-18 09:41:15,10461.9,0
2021-06-18 09:41:16,10463.1,0
2021-06-18 09:41:17,10463.55,0
2021-06-18 09:41:19,10461.45,0
2021-06-18 09:41:21,10462.4,0
2021-06-18 09:41:24,10462.65,0
2021-06-18 09:41:25,10462.6,0
2021-06-18 09:41:30,10458.9,0
2021-06-18 09:41:31,10458.35,0
2021-06-18 09:41:32,10458.3,0
2021-06-18 09:41:33,10458.65,0
2021-06-18 09:41:35,10457.85,0
2021-06-18 09:41:36,10459.1,0
2021-06-18 09:41:37,10459.15,0
2021-06-18 09:41:41,10456.9,0
2021-06-18 09:41:42,10456.75,0
2021-06-18 09:41:44,10457.6,0
2021-06-18 09:41:46,10457.4,0
2021-06-18 09:41:47,10457.95,0
2021-06-18 09:41:48,10457.7,0
2021-06-18 09:41:49,10457.9,0
2021-06-18 09:41:50,10457.65,0
2021-06-18 09:41:51,10458.3,0
2021-06-18 09:41:52,10457.75,0
2021-06-18 09:41:54,10459.5,0
2021-06-18 09:41:55,10457.4,0
2021-06-18 09:41:59,10459.4,0
2021-06-18 09:42:00,10460.65,0
2021-06-18 09:42:02,10459.2,0
2021-06-18 09:42:03,10461.55,0
2021-06-18 09:42:05,10460.6,0
2021-06-18 09:42:06,10460.1,0
2021-06-18 09:42:09,10460.6,0
2021-06-18 09:42:10,10460.4,0
2021-06-18 09:42:11,10458.9,0
2021-06-18 09:42:12,10460.2,0
2021-06-18 09:42:13,10459.85,0
2021-06-18 09:42:15,10460.15,0
2021-06-18 09:42:16,10459.9,0
2021-06-18 09:42:19,10458.25,0
2021-06-18 09:42:20,10459.45,0
2021-06-18 09:42:21,10458.65,0
2021-06-18 09:42:22,10457.3,0
2021-06-18 09:42:24,10455.3,0
2021-06-18 09:42:25,10456.9,0
2021-06-18 09:42:27,10454.3,0
2021-06-18 09:42:28,10454.05,0
2021-06-18 09:42:29,10454.55,0
2021-06-18 09:42:30,10454.4,0
2021-06-18 09:42:31,10454.1,0
2021-06-18 09:42:33,10454.05,0
2021-06-18 09:42:34,10454.2,0
2021-06-18 09:42:35,10454.45,0
2021-06-18 09:42:36,10454.55,0
2021-06-18 09:42:40,10451.4,0
2021-06-18 09:42:41,10451.6,0
2021-06-18 09:42:42,10450.1,0
2021-06-18 09:42:43,10451.75,0
2021-06-18 09:42:44,10450.05,0
2021-06-18 09:42:45,10449.55,0
2021-06-18 09:42:47,10450.35,0
2021-06-18 09:42:48,10449.65,0
2021-06-18 09:42:49,10449.85,0
2021-06-18 09:42:51,10449.75,0
2021-06-18 09:42:52,10449.5,0
2021-06-18 09:42:53,10449.3,0
2021-06-18 09:42:54,10449.2,0
2021-06-18 09:42:56,10449.65,0
2021-06-18 09:42:59,10446.05,0
2021-06-18 09:43:00,10443.35,0
2021-06-18 09:43:01,10442.65,0
2021-06-18 09:43:02,10442.25,0
2021-06-18 09:43:03,10443.85,0
2021-06-18 09:43:06,10441.2,0
2021-06-18 09:43:08,10440.9,0
2021-06-18 09:43:09,10443.2,0
2021-06-18 09:43:10,10443.2,0
2021-06-18 09:43:11,10441.8,0
2021-06-18 09:43:12,10442.4,0
2021-06-18 09:43:13,10441.95,0
2021-06-18 09:43:16,10443.45,0
2021-06-18 09:43:17,10442.9,0
2021-06-18 09:43:19,10443.9,0
2021-06-18 09:43:20,10444.6,0
2021-06-18 09:43:21,10444.2,0
2021-06-18 09:43:25,10445.1,0
2021-06-18 09:43:27,10445.15,0
2021-06-18 09:43:28,10445.5,0
2021-06-18 09:43:30,10445.35,0
2021-06-18 09:43:32,10444.5,0
2021-06-18 09:43:33,10443.75,0
2021-06-18 09:43:34,10443.6,0
2021-06-18 09:43:37,10444.0,0
2021-06-18 09:43:38,10442.75,0
2021-06-18 09:43:41,10443.75,0
2021-06-18 09:43:42,10443.55,0
2021-06-18 09:43:47,10442.25,0
2021-06-18 09:43:48,10442.4,0
2021-06-18 09:43:49,10440.8,0
2021-06-18 09:43:51,10439.7,0
2021-06-18 09:43:52,10438.75,0
2021-06-18 09:43:53,10438.6,0
2021-06-18 09:43:56,10437.25,0
2021-06-18 09:43:58,10438.25,0
2021-06-18 09:44:03,10436.05,0
2021-06-18 09:44:04,10436.0,0
2021-06-18 09:44:05,10435.45,0
2021-06-18 09:44:06,10435.75,0
2021-06-18 09:44:08,10436.05,0
2021-06-18 09:44:09,10434.3,0
2021-06-18 09:44:11,10432.25,0
2021-06-18 09:44:13,10433.35,0
2021-06-18 09:44:14,10434.45,0
2021-06-18 09:44:19,10431.1,0
2021-06-18 09:44:20,10430.5,0
2021-06-18 09:44:21,10430.35,0
2021-06-18 09:44:22,10431.45,0
2021-06-18 09:44:25,10432.05,0
2021-06-18 09:44:27,10432.05,0
2021-06-18 09:44:31,10431.1,0
2021-06-18 09:44:32,10431.65,0
2021-06-18 09:44:34,10431.2,0
2021-06-18 09:44:35,10430.75,0
2021-06-18 09:44:37,10431.05,0
2021-06-18 09:44:42,10429.9,0
2021-06-18 09:44:44,10431.55,0
2021-06-18 09:44:46,10431.9,0
2021-06-18 09:44:53,10429.95,0
2021-06-18 09:44:55,10428.4,0
2021-06-18 09:44:58,10429.1,0
2021-06-18 09:45:01,10426.6,0
2021-06-18 09:45:03,10425.55,0
2021-06-18 09:45:07,10423.85,0
2021-06-18 09:45:08,10423.95,0
2021-06-18 09:45:13,10425.7,0
2021-06-18 09:45:14,10424.95,0
2021-06-18 09:45:15,10424.45,0
2021-06-18 09:45:19,10423.05,0
2021-06-18 09:45:22,10423.1,0
2021-06-18 09:45:25,10423.85,0
2021-06-18 09:45:27,10423.9,0
2021-06-18 09:45:28,10423.85,0
2021-06-18 09:45:30,10423.65,0
2021-06-18 09:45:31,10423.85,0
2021-06-18 09:45:32,10423.75,0
2021-06-18 09:45:33,10424.1,0
2021-06-18 09:45:35,10424.3,0
2021-06-18 09:45:37,10426.5,0
2021-06-18 09:45:42,10426.2,0
2021-06-18 09:45:48,10429.0,0
2021-06-18 09:45:51,10432.1,0
2021-06-18 09:45:53,10433.0,0
2021-06-18 09:45:54,10431.8,0
2021-06-18 09:45:55,10431.05,0
2021-06-18 09:45:57,10431.0,0
2021-06-18 09:45:59,10432.15,0
2021-06-18 09:46:01,10430.6,0
2021-06-18 09:46:02,10432.0,0
2021-06-18 09:46:03,10432.1,0
2021-06-18 09:46:08,10430.8,0
2021-06-18 09:46:13,10432.3,0
2021-06-18 09:46:15,10430.95,0
2021-06-18 09:46:16,10430.95,0
2021-06-18 09:46:22,10431.45,0
2021-06-18 09:46:25,10433.45,0
2021-06-18 09:46:26,10434.0,0
2021-06-18 09:46:29,10432.8,0
2021-06-18 09:46:30,10432.75,0
2021-06-18 09:46:35,10432.8,0
2021-06-18 09:46:37,10431.15,0
2021-06-18 09:46:38,10432.2,0
2021-06-18 09:46:40,10430.9,0
2021-06-18 09:46:41,10431.7,0
2021-06-18 09:46:42,10431.65,0
2021-06-18 09:46:46,10431.05,0
2021-06-18 09:46:48,10431.35,0
2021-06-18 09:46:49,10429.65,0
2021-06-18 09:46:50,10430.2,0
2021-06-18 09:46:54,10428.4,0
2021-06-18 09:46:57,10427.35,0
2021-06-18 09:46:58,10427.7,0
2021-06-18 09:47:00,10426.7,0
2021-06-18 09:47:01,10427.2,0
2021-06-18 09:47:02,10427.0,0
2021-06-18 09:47:03,10427.35,0
2021-06-18 09:47:04,10427.45,0
2021-06-18 09:47:05,10426.95,0
2021-06-18 09:47:09,10427.6,0
2021-06-18 09:47:10,10428.4,0
2021-06-18 09:47:13,10429.15,0
2021-06-18 09:47:17,10430.6,0
2021-06-18 09:47:18,10431.15,0
2021-06-18 09:47:20,10429.8,0
2021-06-18 09:47:22,10429.35,0
2021-06-18 09:47:23,10428.55,0
2021-06-18 09:47:25,10428.4,0
2021-06-18 09:47:26,10428.0,0
2021-06-18 09:47:28,10426.3,0
2021-06-18 09:47:30,10429.3,0
2021-06-18 09:47:32,10427.7,0
2021-06-18 09:47:37,10426.95,0
2021-06-18 09:47:40,10426.4,0
2021-06-18 09:47:42,10427.05,0
2021-06-18 09:47:43,10427.45,0
2021-06-18 09:47:44,10428.05,0
2021-06-18 09:47:45,10427.75,0
2021-06-18 09:47:49,10426.55,0
2021-06-18 09:47:50,10427.25,0
2021-06-18 09:47:52,10427.9,0
2021-06-18 09:47:53,10427.6,0
2021-06-18 09:47:56,10425.85,0
2021-06-18 09:47:59,10426.4,0
2021-06-18 09:48:04,10424.8,0
2021-06-18 09:48:05,10425.45,0
2021-06-18 09:48:06,10423.05,0
2021-06-18 09:48:10,10416.65,0
2021-06-18 09:48:12,10416.75,0
2021-06-18 09:48:20,10416.9,0
2021-06-18 09:48:22,10416.15,0
2021-06-18 09:48:23,10415.8,0
2021-06-18 09:48:24,10417.35,0
2021-06-18 09:48:26,10416.8,0
2021-06-18 09:48:27,10417.65,0
2021-06-18 09:48:28,10417.2,0
2021-06-18 09:48:40,10420.15,0
2021-06-18 09:48:41,10419.7,0
2021-06-18 09:48:44,10420.35,0
2021-06-18 09:48:45,10421.45,0
2021-06-18 09:48:46,10419.55,0
2021-06-18 09:48:47,10417.85,0
2021-06-18 09:48:48,10415.95,0
2021-06-18 09:48:51,10415.85,0
2021-06-18 09:48:53,10415.9,0
2021-06-18 09:48:59,10417.45,0
2021-06-18 09:49:00,10417.85,0
2021-06-18 09:49:01,10417.15,0
2021-06-18 09:49:02,10416.75,0
2021-06-18 09:49:04,10416.15,0
2021-06-18 09:49:08,10417.6,0
2021-06-18 09:49:09,10418.2,0
2021-06-18 09:49:13,10418.05,0
2021-06-18 09:49:14,10418.9,0
2021-06-18 09:49:19,10417.85,0
2021-06-18 09:49:20,10418.2,0
2021-06-18 09:49:24,10418.35,0
2021-06-18 09:49:27,10417.75,0
2021-06-18 09:49:26,10418.45,0
2021-06-18 09:49:28,10417.9,0
2021-06-18 09:49:29,10416.8,0
2021-06-18 09:49:32,10417.95,0
2021-06-18 09:49:35,10417.7,0
2021-06-18 09:49:38,10420.9,0
2021-06-18 09:49:40,10419.65,0
2021-06-18 09:49:41,10419.85,0
2021-06-18 09:49:43,10422.75,0
2021-06-18 09:49:45,10421.8,0
2021-06-18 09:49:46,10420.65,0
2021-06-18 09:49:49,10421.0,0
2021-06-18 09:49:50,10421.1,0
2021-06-18 09:49:51,10420.35,0
2021-06-18 09:49:53,10422.0,0
2021-06-18 09:49:57,10419.75,0
2021-06-18 09:49:58,10420.0,0
2021-06-18 09:50:00,10419.95,0
2021-06-18 09:50:01,10416.3,0
2021-06-18 09:50:02,10416.15,0
2021-06-18 09:50:04,10417.3,0
2021-06-18 09:50:05,10417.45,0
2021-06-18 09:50:06,10416.95,0
2021-06-18 09:50:09,10418.7,0
2021-06-18 09:50:10,10417.85,0
2021-06-18 09:50:11,10417.5,0
2021-06-18 09:50:12,10416.95,0
2021-06-18 09:50:14,10418.15,0
2021-06-18 09:50:15,10417.9,0
2021-06-18 09:50:16,10416.75,0
2021-06-18 09:50:17,10417.4,0
2021-06-18 09:50:19,10418.05,0
2021-06-18 09:50:27,10418.65,0
2021-06-18 09:50:31,10419.85,0
2021-06-18 09:50:35,10418.85,0
2021-06-18 09:50:37,10418.9,0
2021-06-18 09:50:39,10418.7,0
2021-06-18 09:50:40,10418.6,0
2021-06-18 09:50:41,10418.4,0
2021-06-18 09:50:44,10418.45,0
2021-06-18 09:50:45,10419.95,0
2021-06-18 09:50:47,10419.8,0
2021-06-18 09:50:58,10423.65,0
2021-06-18 09:50:59,10423.55,0
2021-06-18 09:51:02,10424.4,0
2021-06-18 09:51:03,10424.8,0
2021-06-18 09:51:04,10423.7,0
2021-06-18 09:51:05,10424.5,0
2021-06-18 09:51:06,10425.3,0
2021-06-18 09:51:10,10425.45,0
2021-06-18 09:51:12,10426.4,0
2021-06-18 09:51:13,10428.75,0
2021-06-18 09:51:14,10427.3,0
2021-06-18 09:51:17,10427.55,0
2021-06-18 09:51:18,10427.65,0
2021-06-18 09:51:21,10428.05,0
2021-06-18 09:51:22,10427.7,0
2021-06-18 09:51:23,10427.85,0
2021-06-18 09:51:26,10425.9,0
2021-06-18 09:51:27,10425.7,0
2021-06-18 09:51:28,10424.85,0
2021-06-18 09:51:30,10424.65,0
2021-06-18 09:51:31,10425.4,0
2021-06-18 09:51:33,10424.75,0
2021-06-18 09:51:36,10425.7,0
2021-06-18 09:51:38,10425.2,0
2021-06-18 09:51:39,10425.75,0
2021-06-18 09:51:41,10425.65,0
2021-06-18 09:51:42,10425.15,0
2021-06-18 09:51:43,10425.0,0
2021-06-18 09:51:44,10426.1,0
2021-06-18 09:51:45,10425.15,0
2021-06-18 09:51:46,10423.8,0
2021-06-18 09:51:53,10423.4,0
2021-06-18 09:51:58,10422.3,0
2021-06-18 09:51:59,10422.35,0
2021-06-18 09:52:00,10423.65,0
2021-06-18 09:52:02,10422.85,0
2021-06-18 09:52:04,10422.4,0
2021-06-18 09:52:06,10422.5,0
2021-06-18 09:52:07,10423.7,0
2021-06-18 09:52:10,10423.85,0
2021-06-18 09:52:12,10423.9,0
2021-06-18 09:52:16,10424.25,0
2021-06-18 09:52:17,10424.4,0
2021-06-18 09:52:19,10424.0,0
2021-06-18 09:52:21,10422.7,0
2021-06-18 09:52:23,10422.3,0
2021-06-18 09:52:24,10421.95,0
2021-06-18 09:52:25,10422.4,0
2021-06-18 09:52:27,10421.75,0
2021-06-18 09:52:28,10420.4,0
2021-06-18 09:52:29,10420.4,0
2021-06-18 09:52:30,10420.6,0
2021-06-18 09:52:31,10419.55,0
2021-06-18 09:52:35,10418.45,0
2021-06-18 09:52:36,10418.4,0
2021-06-18 09:52:42,10415.85,0
2021-06-18 09:52:43,10415.4,0
2021-06-18 09:52:46,10414.9,0
2021-06-18 09:52:48,10413.55,0
2021-06-18 09:52:49,10413.65,0
2021-06-18 09:52:51,10412.15,0
2021-06-18 09:52:52,10411.55,0
2021-06-18 09:52:55,10411.65,0
2021-06-18 09:52:57,10410.9,0
2021-06-18 09:53:02,10412.25,0
2021-06-18 09:53:03,10411.15,0
2021-06-18 09:53:04,10409.65,0
2021-06-18 09:53:05,10410.9,0
2021-06-18 09:53:08,10410.15,0
2021-06-18 09:53:09,10410.35,0
2021-06-18 09:53:11,10408.85,0
2021-06-18 09:53:12,10408.95,0
2021-06-18 09:53:21,10405.65,0
2021-06-18 09:53:28,10406.1,0
2021-06-18 09:53:29,10405.85,0
2021-06-18 09:53:32,10405.8,0
2021-06-18 09:53:36,10404.6,0
2021-06-18 09:53:37,10405.6,0
2021-06-18 09:53:40,10405.75,0
2021-06-18 09:53:41,10405.9,0
2021-06-18 09:53:42,10404.8,0
2021-06-18 09:53:49,10403.05,0
2021-06-18 09:53:51,10402.7,0
2021-06-18 09:53:53,10403.4,0
2021-06-18 09:53:54,10402.65,0
2021-06-18 09:53:56,10403.2,0
2021-06-18 09:54:05,10401.2,0
2021-06-18 09:54:07,10402.1,0
2021-06-18 09:54:10,10401.15,0
2021-06-18 09:54:12,10400.95,0
2021-06-18 09:54:13,10400.75,0
2021-06-18 09:54:14,10400.6,0
2021-06-18 09:54:16,10400.5,0
2021-06-18 09:54:19,10401.85,0
2021-06-18 09:54:20,10400.8,0
2021-06-18 09:54:22,10400.45,0
2021-06-18 09:54:24,10400.05,0
2021-06-18 09:54:29,10400.5,0
2021-06-18 09:54:30,10400.8,0
2021-06-18 09:54:31,10400.55,0
2021-06-18 09:54:35,10401.8,0
2021-06-18 09:54:37,10401.55,0
2021-06-18 09:54:38,10400.6,0
2021-06-18 09:54:42,10401.45,0
2021-06-18 09:54:43,10401.1,0
2021-06-18 09:54:44,10401.4,0
2021-06-18 09:54:47,10401.35,0
2021-06-18 09:54:49,10402.4,0
2021-06-18 09:54:51,10402.75,0
2021-06-18 09:54:53,10404.65,0
2021-06-18 09:54:55,10404.7,0
2021-06-18 09:54:56,10403.4,0
2021-06-18 09:54:57,10405.2,0
2021-06-18 09:54:58,10403.85,0
2021-06-18 09:55:02,10405.35,0
2021-06-18 09:55:04,10404.35,0
2021-06-18 09:55:06,10405.65,0
2021-06-18 09:55:08,10405.45,0
2021-06-18 09:55:17,10403.35,0
2021-06-18 09:55:23,10401.6,0
2021-06-18 09:55:24,10399.95,0
2021-06-18 09:55:28,10396.8,0
2021-06-18 09:55:29,10397.55,0
2021-06-18 09:55:33,10398.05,0
2021-06-18 09:55:37,10398.25,0
2021-06-18 09:55:40,10397.05,0
2021-06-18 09:55:41,10397.8,0
2021-06-18 09:55:42,10396.55,0
2021-06-18 09:55:56,10395.75,0
2021-06-18 09:55:57,10397.0,0
2021-06-18 09:55:58,10397.05,0
2021-06-18 09:56:00,10395.45,0
2021-06-18 09:56:04,10397.25,0
2021-06-18 09:56:06,10396.15,0
2021-06-18 09:56:08,10394.9,0
2021-06-18 09:56:09,10391.25,0
2021-06-18 09:56:10,10391.15,0
2021-06-18 09:56:14,10389.45,0
2021-06-18 09:56:16,10389.0,0
2021-06-18 09:56:18,10388.8,0
2021-06-18 09:56:20,10388.2,0
2021-06-18 09:56:23,10388.4,0
2021-06-18 09:56:24,10388.25,0
2021-06-18 09:56:25,10386.85,0
2021-06-18 09:56:28,10385.9,0
2021-06-18 09:56:33,10386.55,0
2021-06-18 09:56:34,10386.5,0
2021-06-18 09:56:36,10386.5,0
2021-06-18 09:56:37,10386.55,0
2021-06-18 09:56:43,10385.1,0
2021-06-18 09:56:45,10385.7,0
2021-06-18 09:56:46,10384.1,0
2021-06-18 09:56:48,10383.4,0
2021-06-18 09:56:51,10381.0,0
2021-06-18 09:56:55,10380.95,0
2021-06-18 09:56:56,10381.2,0
2021-06-18 09:56:59,10380.65,0
2021-06-18 09:57:00,10380.1,0
2021-06-18 09:57:01,10379.65,0
2021-06-18 09:57:03,10376.75,0
2021-06-18 09:57:04,10375.75,0
2021-06-18 09:57:06,10375.05,0
2021-06-18 09:57:10,10372.05,0
2021-06-18 09:57:12,10367.5,0
2021-06-18 09:57:15,10365.45,0
2021-06-18 09:57:17,10361.55,0
2021-06-18 09:57:18,10362.8,0
2021-06-18 09:57:22,10362.45,0
2021-06-18 09:57:24,10363.45,0
2021-06-18 09:57:25,10361.1,0
2021-06-18 09:57:28,10360.8,0
2021-06-18 09:57:31,10360.35,0
2021-06-18 09:57:32,10360.85,0
2021-06-18 09:57:36,10358.85,0
2021-06-18 09:57:42,10358.35,0
2021-06-18 09:57:43,10357.05,0
2021-06-18 09:57:44,10358.35,0
2021-06-18 09:57:45,10357.35,0
2021-06-18 09:57:46,10358.35,0
2021-06-18 09:57:48,10357.2,0
2021-06-18 09:57:55,10359.05,0
2021-06-18 09:57:56,10359.95,0
2021-06-18 09:57:57,10357.75,0
2021-06-18 09:58:00,10359.6,0
2021-06-18 09:58:02,10360.45,0
2021-06-18 09:58:05,10360.8,0
2021-06-18 09:58:06,10361.95,0
2021-06-18 09:58:12,10368.1,0
2021-06-18 09:58:13,10369.8,0
2021-06-18 09:58:14,10370.8,0
2021-06-18 09:58:17,10371.25,0
2021-06-18 09:58:19,10374.6,0
2021-06-18 09:58:20,10375.45,0
2021-06-18 09:58:24,10380.95,0
2021-06-18 09:58:27,10379.2,0
2021-06-18 09:58:28,10381.4,0
2021-06-18 09:58:31,10379.15,0
2021-06-18 09:58:33,10381.4,0
2021-06-18 09:58:34,10380.2,0
2021-06-18 09:58:36,10382.65,0
2021-06-18 09:58:37,10381.25,0
2021-06-18 09:58:39,10383.6,0
2021-06-18 09:58:40,10382.6,0
2021-06-18 09:58:42,10381.55,0
2021-06-18 09:58:44,10376.75,0
2021-06-18 09:58:45,10376.65,0
2021-06-18 09:58:46,10374.95,0
2021-06-18 09:58:48,10374.9,0
2021-06-18 09:58:49,10374.6,0
2021-06-18 09:58:50,10375.45,0
2021-06-18 09:58:53,10375.85,0
2021-06-18 09:58:59,10378.2,0
2021-06-18 09:59:02,10381.25,0
2021-06-18 09:59:05,10381.95,0
2021-06-18 09:59:06,10383.0,0
2021-06-18 09:59:09,10383.7,0
2021-06-18 09:59:10,10384.3,0
2021-06-18 09:59:14,10384.35,0
2021-06-18 09:59:16,10384.35,0
2021-06-18 09:59:19,10383.0,0
2021-06-18 09:59:20,10381.25,0
2021-06-18 09:59:21,10382.75,0
2021-06-18 09:59:22,10384.6,0
2021-06-18 09:59:23,10383.3,0
2021-06-18 09:59:31,10381.95,0
2021-06-18 09:59:32,10384.65,0
2021-06-18 09:59:35,10384.35,0
2021-06-18 09:59:36,10383.4,0
2021-06-18 09:59:39,10385.3,0
2021-06-18 09:59:41,10385.95,0
2021-06-18 09:59:44,10385.95,0
2021-06-18 09:59:45,10386.7,0
2021-06-18 09:59:48,10388.4,0
2021-06-18 09:59:50,10390.8,0
2021-06-18 09:59:53,10391.35,0
2021-06-18 09:59:56,10391.95,0
2021-06-18 09:59:57,10392.35,0
2021-06-18 09:59:59,10392.4,0
2021-06-18 10:00:04,10388.9,0
2021-06-18 10:00:05,10387.95,0
2021-06-18 10:00:06,10388.45,0
2021-06-18 10:00:09,10387.05,0
2021-06-18 10:00:10,10387.6,0
2021-06-18 10:00:11,10386.45,0
2021-06-18 10:00:23,10378.05,0
2021-06-18 10:00:25,10377.7,0
2021-06-18 10:00:26,10376.8,0
2021-06-18 10:00:29,10375.45,0
2021-06-18 10:00:30,10375.65,0
2021-06-18 10:00:31,10375.7,0
2021-06-18 10:00:33,10374.9,0
2021-06-18 10:00:36,10376.7,0
2021-06-18 10:00:39,10378.5,0
2021-06-18 10:00:40,10378.15,0
2021-06-18 10:00:41,10378.5,0
2021-06-18 10:00:44,10380.05,0
2021-06-18 10:00:47,10382.3,0
2021-06-18 10:00:53,10380.35,0
2021-06-18 10:00:55,10381.1,0
2021-06-18 10:00:57,10381.15,0
2021-06-18 10:01:04,10381.85,0
2021-06-18 10:01:06,10381.75,0
2021-06-18 10:01:09,10383.05,0
2021-06-18 10:01:12,10383.8,0
2021-06-18 10:01:14,10384.8,0
2021-06-18 10:01:16,10385.6,0
2021-06-18 10:01:20,10388.3,0
2021-06-18 10:01:21,10389.0,0
2021-06-18 10:01:23,10388.7,0
2021-06-18 10:01:26,10390.45,0
2021-06-18 10:01:27,10391.75,0
2021-06-18 10:01:28,10391.45,0
2021-06-18 10:01:34,10389.95,0
2021-06-18 10:01:37,10389.4,0
2021-06-18 10:01:41,10390.7,0
2021-06-18 10:01:42,10390.55,0
2021-06-18 10:01:43,10389.4,0
2021-06-18 10:01:45,10390.0,0
2021-06-18 10:01:48,10391.65,0
2021-06-18 10:01:50,10391.4,0
2021-06-18 10:01:51,10389.55,0
2021-06-18 10:01:55,10390.35,0
2021-06-18 10:01:56,10388.05,0
2021-06-18 10:01:57,10388.35,0
2021-06-18 10:01:58,10388.05,0
2021-06-18 10:01:59,10389.1,0
2021-06-18 10:02:01,10389.05,0
2021-06-18 10:02:02,10389.8,0
2021-06-18 10:02:05,10389.65,0
2021-06-18 10:02:07,10388.95,0
2021-06-18 10:02:09,10388.75,0
2021-06-18 10:02:10,10388.55,0
2021-06-18 10:02:15,10390.4,0
2021-06-18 10:02:17,10390.7,0
2021-06-18 10:02:18,10389.6,0
2021-06-18 10:02:21,10389.55,0
2021-06-18 10:02:22,10388.9,0
2021-06-18 10:02:24,10389.45,0
2021-06-18 10:02:25,10389.4,0
2021-06-18 10:02:29,10391.5,0
2021-06-18 10:02:31,10391.2,0
2021-06-18 10:02:32,10392.75,0
2021-06-18 10:02:33,10394.0,0
2021-06-18 10:02:35,10393.5,0
2021-06-18 10:02:37,10392.2,0
2021-06-18 10:02:39,10393.8,0
2021-06-18 10:02:41,10396.35,0
2021-06-18 10:02:42,10398.25,0
2021-06-18 10:02:43,10399.95,0
2021-06-18 10:02:53,10405.7,0
2021-06-18 10:02:54,10405.5,0
2021-06-18 10:02:55,10406.55,0
2021-06-18 10:02:57,10407.1,0
2021-06-18 10:03:00,10406.0,0
2021-06-18 10:03:01,10406.25,0
2021-06-18 10:03:03,10405.7,0
2021-06-18 10:03:05,10405.85,0
2021-06-18 10:03:09,10406.7,0
2021-06-18 10:03:11,10408.75,0
2021-06-18 10:03:12,10410.7,0
2021-06-18 10:03:14,10409.85,0
2021-06-18 10:03:15,10411.55,0
2021-06-18 10:03:21,10411.8,0
2021-06-18 10:03:22,10411.8,0
2021-06-18 10:03:26,10411.15,0
2021-06-18 10:03:28,10412.35,0
2021-06-18 10:03:31,10412.75,0
2021-06-18 10:03:32,10413.5,0
2021-06-18 10:03:33,10413.4,0
2021-06-18 10:03:35,10414.25,0
2021-06-18 10:03:36,10414.75,0
2021-06-18 10:03:38,10415.1,0
2021-06-18 10:03:40,10415.3,0
2021-06-18 10:03:43,10414.9,0
2021-06-18 10:03:47,10419.05,0
2021-06-18 10:03:49,10420.7,0
2021-06-18 10:03:53,10423.0,0
2021-06-18 10:03:54,10423.8,0
2021-06-18 10:03:55,10424.45,0
2021-06-18 10:03:56,10424.2,0
2021-06-18 10:03:57,10424.5,0
2021-06-18 10:03:59,10424.75,0
2021-06-18 10:04:07,10422.25,0
2021-06-18 10:04:09,10424.3,0
2021-06-18 10:04:11,10422.25,0
2021-06-18 10:04:13,10422.8,0
2021-06-18 10:04:14,10422.6,0
2021-06-18 10:04:18,10418.55,0
2021-06-18 10:04:21,10415.55,0
2021-06-18 10:04:23,10415.9,0
2021-06-18 10:04:26,10416.4,0
2021-06-18 10:04:27,10418.8,0
2021-06-18 10:04:28,10419.45,0
2021-06-18 10:04:32,10420.05,0
2021-06-18 10:04:33,10419.2,0
2021-06-18 10:04:34,10419.3,0
2021-06-18 10:04:35,10419.9,0
2021-06-18 10:04:36,10420.3,0
2021-06-18 10:04:37,10420.7,0
2021-06-18 10:04:38,10420.1,0
2021-06-18 10:04:40,10419.45,0
2021-06-18 10:04:41,10419.85,0
2021-06-18 10:04:43,10419.45,0
2021-06-18 10:04:46,10419.85,0
2021-06-18 10:04:49,10417.95,0
2021-06-18 10:04:50,10417.5,0
2021-06-18 10:04:53,10415.4,0
2021-06-18 10:04:56,10415.25,0
2021-06-18 10:04:57,10414.85,0
2021-06-18 10:04:58,10416.35,0
2021-06-18 10:05:02,10415.5,0
2021-06-18 10:05:03,10415.9,0
2021-06-18 10:05:05,10416.75,0
2021-06-18 10:05:07,10419.65,0
2021-06-18 10:05:08,10419.15,0
2021-06-18 10:05:09,10420.65,0
2021-06-18 10:05:11,10422.05,0
2021-06-18 10:05:12,10423.5,0
2021-06-18 10:05:13,10424.75,0
2021-06-18 10:05:15,10426.85,0
2021-06-18 10:05:16,10426.85,0
2021-06-18 10:05:18,10426.85,0
2021-06-18 10:05:19,10426.15,0
2021-06-18 10:05:21,10427.95,0
2021-06-18 10:05:22,10428.3,0
2021-06-18 10:05:23,10427.05,0
2021-06-18 10:05:26,10427.25,0
2021-06-18 10:05:27,10425.45,0
2021-06-18 10:05:28,10424.4,0
2021-06-18 10:05:29,10425.5,0
2021-06-18 10:05:31,10425.75,0
2021-06-18 10:05:33,10425.95,0
2021-06-18 10:05:34,10428.0,0
2021-06-18 10:05:38,10427.45,0
2021-06-18 10:05:39,10427.25,0
2021-06-18 10:05:42,10429.1,0
2021-06-18 10:05:43,10429.85,0
2021-06-18 10:05:44,10429.95,0
2021-06-18 10:05:47,10429.9,0
2021-06-18 10:05:50,10430.1,0
2021-06-18 10:05:52,10424.55,0
2021-06-18 10:05:54,10427.1,0
2021-06-18 10:05:58,10427.7,0
2021-06-18 10:06:00,10428.1,0
2021-06-18 10:06:02,10429.15,0
2021-06-18 10:06:03,10428.55,0
2021-06-18 10:06:04,10428.55,0
2021-06-18 10:06:07,10429.35,0
2021-06-18 10:06:10,10428.6,0
2021-06-18 10:06:12,10428.65,0
2021-06-18 10:06:13,10429.85,0
2021-06-18 10:06:14,10429.95,0
2021-06-18 10:06:17,10430.05,0
2021-06-18 10:06:18,10428.85,0
2021-06-18 10:06:19,10429.65,0
2021-06-18 10:06:20,10428.15,0
2021-06-18 10:06:21,10427.55,0
2021-06-18 10:06:22,10428.15,0
2021-06-18 10:06:23,10429.3,0
2021-06-18 10:06:25,10430.4,0
2021-06-18 10:06:26,10430.65,0
2021-06-18 10:06:31,10431.8,0
2021-06-18 10:06:33,10431.25,0
2021-06-18 10:06:35,10431.55,0
2021-06-18 10:06:36,10432.15,0
2021-06-18 10:06:38,10432.35,0
2021-06-18 10:06:39,10432.55,0
2021-06-18 10:06:40,10432.8,0
2021-06-18 10:06:42,10432.15,0
2021-06-18 10:06:43,10432.4,0
2021-06-18 10:06:44,10433.65,0
2021-06-18 10:06:45,10432.6,0
2021-06-18 10:06:46,10432.05,0
2021-06-18 10:06:50,10433.85,0
2021-06-18 10:06:51,10433.55,0
2021-06-18 10:06:52,10434.05,0
2021-06-18 10:06:56,10435.7,0
2021-06-18 10:06:57,10435.55,0
2021-06-18 10:06:59,10434.65,0
2021-06-18 10:07:01,10435.0,0
2021-06-18 10:07:02,10435.1,0
2021-06-18 10:07:03,10433.5,0
2021-06-18 10:07:04,10433.15,0
2021-06-18 10:07:08,10430.1,0
2021-06-18 10:07:12,10429.85,0
2021-06-18 10:07:14,10429.25,0
2021-06-18 10:07:16,10427.15,0
2021-06-18 10:07:28,10423.75,0
2021-06-18 10:07:29,10423.85,0
2021-06-18 10:07:31,10425.35,0
2021-06-18 10:07:33,10427.05,0
2021-06-18 10:07:37,10426.0,0
2021-06-18 10:07:46,10424.1,0
2021-06-18 10:07:49,10421.7,0
2021-06-18 10:07:51,10421.55,0
2021-06-18 10:07:55,10423.6,0
2021-06-18 10:07:56,10424.6,0
2021-06-18 10:07:57,10425.9,0
2021-06-18 10:07:59,10426.15,0
2021-06-18 10:08:01,10425.6,0
2021-06-18 10:08:03,10425.55,0
2021-06-18 10:08:04,10425.95,0
2021-06-18 10:08:05,10426.05,0
2021-06-18 10:08:07,10427.25,0
2021-06-18 10:08:10,10426.35,0
2021-06-18 10:08:11,10428.6,0
2021-06-18 10:08:12,10429.4,0
2021-06-18 10:08:18,10434.45,0
2021-06-18 10:08:19,10434.6,0
2021-06-18 10:08:21,10435.0,0
2021-06-18 10:08:24,10435.55,0
2021-06-18 10:08:26,10434.8,0
2021-06-18 10:08:30,10435.85,0
2021-06-18 10:08:31,10435.05,0
2021-06-18 10:08:32,10435.7,0
2021-06-18 10:08:35,10435.85,0
2021-06-18 10:08:36,10435.75,0
2021-06-18 10:08:37,10436.35,0
2021-06-18 10:08:38,10435.05,0
2021-06-18 10:08:48,10431.15,0
2021-06-18 10:08:49,10430.45,0
2021-06-18 10:08:52,10427.7,0
2021-06-18 10:08:53,10427.15,0
2021-06-18 10:08:55,10424.6,0
2021-06-18 10:08:57,10423.55,0
2021-06-18 10:08:58,10423.4,0
2021-06-18 10:08:59,10423.4,0
2021-06-18 10:09:00,10423.4,0
2021-06-18 10:09:01,10423.1,0
2021-06-18 10:09:02,10423.4,0
2021-06-18 10:09:03,10423.45,0
2021-06-18 10:09:04,10424.25,0
2021-06-18 10:09:05,10422.8,0
2021-06-18 10:09:06,10422.45,0
2021-06-18 10:09:09,10424.05,0
2021-06-18 10:09:12,10427.15,0
2021-06-18 10:09:15,10429.55,0
2021-06-18 10:09:16,10430.15,0
2021-06-18 10:09:17,10429.4,0
2021-06-18 10:09:21,10428.5,0
2021-06-18 10:09:23,10428.8,0
2021-06-18 10:09:26,10429.3,0
2021-06-18 10:09:33,10426.85,0
2021-06-18 10:09:35,10425.4,0
2021-06-18 10:09:36,10427.0,0
2021-06-18 10:09:37,10426.65,0
2021-06-18 10:09:42,10425.5,0
2021-06-18 10:09:45,10425.35,0
2021-06-18 10:09:46,10425.15,0
2021-06-18 10:09:48,10424.95,0
2021-06-18 10:09:49,10423.3,0
2021-06-18 10:09:51,10424.95,0
2021-06-18 10:09:54,10425.9,0
2021-06-18 10:09:56,10426.35,0
2021-06-18 10:10:00,10425.35,0
2021-06-18 10:10:03,10424.15,0
2021-06-18 10:10:04,10422.05,0
2021-06-18 10:10:05,10422.45,0
2021-06-18 10:10:13,10421.2,0
2021-06-18 10:10:14,10421.15,0
2021-06-18 10:10:17,10419.8,0
2021-06-18 10:10:18,10420.7,0
2021-06-18 10:10:21,10420.65,0
2021-06-18 10:10:22,10420.05,0
2021-06-18 10:10:24,10419.05,0
2021-06-18 10:10:27,10416.95,0
2021-06-18 10:10:28,10415.15,0
2021-06-18 10:10:31,10412.8,0
2021-06-18 10:10:32,10413.9,0
2021-06-18 10:10:34,10412.15,0
2021-06-18 10:10:36,10410.65,0
2021-06-18 10:10:37,10408.5,0
2021-06-18 10:10:39,10409.1,0
2021-06-18 10:10:41,10408.7,0
2021-06-18 10:10:42,10408.95,0
2021-06-18 10:10:44,10407.65,0
2021-06-18 10:10:47,10407.55,0
2021-06-18 10:10:48,10407.15,0
2021-06-18 10:10:52,10406.7,0
2021-06-18 10:10:54,10406.5,0
2021-06-18 10:10:56,10408.25,0
2021-06-18 10:10:57,10407.4,0
2021-06-18 10:10:58,10408.6,0
2021-06-18 10:11:01,10408.8,0
2021-06-18 10:11:02,10408.25,0
2021-06-18 10:11:03,10408.5,0
2021-06-18 10:11:04,10409.15,0
2021-06-18 10:11:06,10408.95,0
2021-06-18 10:11:08,10407.75,0
2021-06-18 10:11:12,10408.05,0
2021-06-18 10:11:15,10408.55,0
2021-06-18 10:11:16,10408.95,0
2021-06-18 10:11:17,10408.6,0
2021-06-18 10:11:18,10407.45,0
2021-06-18 10:11:21,10408.5,0
2021-06-18 10:11:22,10407.5,0
2021-06-18 10:11:23,10409.15,0
2021-06-18 10:11:24,10407.75,0
2021-06-18 10:11:25,10408.25,0
2021-06-18 10:11:26,10406.85,0
2021-06-18 10:11:28,10406.8,0
2021-06-18 10:11:29,10406.95,0
2021-06-18 10:11:30,10406.85,0
2021-06-18 10:11:31,10406.85,0
2021-06-18 10:11:34,10408.4,0
2021-06-18 10:11:35,10408.15,0
2021-06-18 10:11:38,10408.5,0
2021-06-18 10:11:40,10408.6,0
2021-06-18 10:11:41,10409.05,0
2021-06-18 10:11:42,10410.75,0
2021-06-18 10:11:45,10409.25,0
2021-06-18 10:11:46,10408.7,0
2021-06-18 10:11:48,10408.5,0
2021-06-18 10:11:49,10408.35,0
2021-06-18 10:11:50,10408.3,0
2021-06-18 10:11:52,10409.8,0
2021-06-18 10:11:55,10409.4,0
2021-06-18 10:11:59,10408.75,0
2021-06-18 10:12:00,10409.9,0
2021-06-18 10:12:01,10409.6,0
2021-06-18 10:12:05,10409.4,0
2021-06-18 10:12:07,10408.3,0
2021-06-18 10:12:08,10408.05,0
2021-06-18 10:12:09,10408.95,0
2021-06-18 10:12:10,10408.4,0
2021-06-18 10:12:12,10409.9,0
2021-06-18 10:12:17,10409.45,0
2021-06-18 10:12:19,10409.75,0
2021-06-18 10:12:25,10414.55,0
2021-06-18 10:12:26,10414.15,0
2021-06-18 10:12:27,10413.8,0
2021-06-18 10:12:28,10413.75,0
2021-06-18 10:12:31,10414.25,0
2021-06-18 10:12:32,10414.35,0
2021-06-18 10:12:34,10414.5,0
2021-06-18 10:12:35,10414.7,0
2021-06-18 10:12:36,10414.2,0
2021-06-18 10:12:37,10413.4,0
2021-06-18 10:12:38,10412.25,0
2021-06-18 10:12:40,10412.35,0
2021-06-18 10:12:42,10411.2,0
2021-06-18 10:12:43,10412.15,0
2021-06-18 10:12:44,10411.7,0
2021-06-18 10:12:48,10411.25,0
2021-06-18 10:12:49,10411.0,0
2021-06-18 10:12:50,10410.45,0
2021-06-18 10:12:55,10411.35,0
2021-06-18 10:13:07,10412.9,0
2021-06-18 10:13:09,10413.1,0
2021-06-18 10:13:10,10413.15,0
2021-06-18 10:13:11,10412.9,0
2021-06-18 10:13:16,10412.5,0
2021-06-18 10:13:17,10412.55,0
2021-06-18 10:13:18,10412.55,0
2021-06-18 10:13:19,10411.9,0
2021-06-18 10:13:20,10411.3,0
2021-06-18 10:13:22,10412.4,0
2021-06-18 10:13:27,10410.65,0
2021-06-18 10:13:29,10411.25,0
2021-06-18 10:13:32,10411.6,0
2021-06-18 10:13:34,10411.4,0
2021-06-18 10:13:37,10412.65,0
2021-06-18 10:13:38,10413.3,0
2021-06-18 10:13:39,10413.25,0
2021-06-18 10:13:41,10412.5,0
2021-06-18 10:13:42,10411.3,0
2021-06-18 10:13:45,10412.1,0
2021-06-18 10:13:47,10411.8,0
2021-06-18 10:13:49,10412.15,0
2021-06-18 10:13:51,10411.9,0
2021-06-18 10:13:52,10412.65,0
2021-06-18 10:13:53,10411.95,0
2021-06-18 10:13:56,10413.1,0
2021-06-18 10:13:57,10413.1,0
2021-06-18 10:13:59,10413.5,0
2021-06-18 10:14:03,10416.45,0
2021-06-18 10:14:04,10416.1,0
2021-06-18 10:14:05,10415.95,0
2021-06-18 10:14:08,10415.4,0
2021-06-18 10:14:11,10415.65,0
2021-06-18 10:14:13,10416.0,0
2021-06-18 10:14:15,10415.5,0
2021-06-18 10:14:16,10415.4,0
2021-06-18 10:14:17,10415.05,0
2021-06-18 10:14:20,10414.7,0
2021-06-18 10:14:21,10415.45,0
2021-06-18 10:14:22,10416.05,0
2021-06-18 10:14:25,10416.95,0
2021-06-18 10:14:26,10416.4,0
2021-06-18 10:14:27,10416.4,0
2021-06-18 10:14:29,10415.95,0
2021-06-18 10:14:31,10416.55,0
2021-06-18 10:14:33,10415.35,0
2021-06-18 10:14:35,10415.9,0
2021-06-18 10:14:36,10415.95,0
2021-06-18 10:14:37,10415.95,0
2021-06-18 10:14:38,10416.5,0
2021-06-18 10:14:39,10415.7,0
2021-06-18 10:14:41,10417.55,0
2021-06-18 10:14:42,10416.8,0
2021-06-18 10:14:43,10415.85,0
2021-06-18 10:14:44,10415.35,0
2021-06-18 10:14:46,10412.65,0
2021-06-18 10:14:49,10413.35,0
2021-06-18 10:14:50,10412.4,0
2021-06-18 10:14:51,10412.95,0
2021-06-18 10:14:53,10412.0,0
2021-06-18 10:14:55,10413.25,0
2021-06-18 10:14:56,10413.7,0
2021-06-18 10:14:58,10415.0,0
2021-06-18 10:14:59,10414.65,0
2021-06-18 10:15:02,10413.2,0
2021-06-18 10:15:04,10413.7,0
2021-06-18 10:15:05,10412.75,0
2021-06-18 10:15:06,10411.9,0
2021-06-18 10:15:07,10412.05,0
2021-06-18 10:15:09,10410.75,0
2021-06-18 10:15:11,10410.0,0
2021-06-18 10:15:15,10409.0,0
2021-06-18 10:15:16,10409.45,0
2021-06-18 10:15:17,10409.15,0
2021-06-18 10:15:21,10408.9,0
2021-06-18 10:15:25,10408.6,0
2021-06-18 10:15:26,10407.75,0
2021-06-18 10:15:30,10408.35,0
2021-06-18 10:15:31,10407.95,0
2021-06-18 10:15:32,10408.25,0
2021-06-18 10:15:34,10407.7,0
2021-06-18 10:15:35,10407.9,0
2021-06-18 10:15:36,10408.2,0
2021-06-18 10:15:38,10407.55,0
2021-06-18 10:15:42,10408.65,0
2021-06-18 10:15:44,10409.35,0
2021-06-18 10:15:46,10408.4,0
2021-06-18 10:15:48,10409.9,0
2021-06-18 10:15:52,10407.45,0
2021-06-18 10:15:54,10407.85,0
2021-06-18 10:15:55,10408.25,0
2021-06-18 10:15:56,10407.45,0
2021-06-18 10:15:58,10406.35,0
2021-06-18 10:16:00,10406.75,0
2021-06-18 10:16:01,10405.2,0
2021-06-18 10:16:04,10405.85,0
2021-06-18 10:16:06,10406.65,0
2021-06-18 10:16:08,10407.85,0
2021-06-18 10:16:11,10406.65,0
2021-06-18 10:16:12,10406.75,0
2021-06-18 10:16:18,10407.15,0
2021-06-18 10:16:19,10407.65,0
2021-06-18 10:16:23,10406.3,0
2021-06-18 10:16:26,10406.1,0
2021-06-18 10:16:27,10405.45,0
2021-06-18 10:16:28,10406.4,0
2021-06-18 10:16:29,10405.9,0
2021-06-18 10:16:30,10405.9,0
2021-06-18 10:16:32,10406.25,0
2021-06-18 10:16:33,10406.45,0
2021-06-18 10:16:36,10404.95,0
2021-06-18 10:16:37,10405.45,0
2021-06-18 10:16:38,10404.9,0
2021-06-18 10:16:39,10406.25,0
2021-06-18 10:16:40,10406.4,0
2021-06-18 10:16:41,10406.4,0
2021-06-18 10:16:42,10406.45,0
2021-06-18 10:16:43,10406.15,0
2021-06-18 10:16:45,10406.0,0
2021-06-18 10:16:46,10405.85,0
2021-06-18 10:16:47,10406.35,0
2021-06-18 10:16:48,10405.75,0
2021-06-18 10:16:50,10405.9,0
2021-06-18 10:16:52,10405.65,0
2021-06-18 10:16:53,10405.7,0
2021-06-18 10:16:55,10404.75,0
2021-06-18 10:16:56,10402.45,0
2021-06-18 10:16:57,10402.45,0
2021-06-18 10:16:58,10401.6,0
2021-06-18 10:17:00,10400.4,0
2021-06-18 10:17:03,10398.35,0
2021-06-18 10:17:07,10397.3,0
2021-06-18 10:17:09,10397.7,0
2021-06-18 10:17:10,10397.45,0
2021-06-18 10:17:13,10398.3,0
2021-06-18 10:17:14,10397.65,0
2021-06-18 10:17:15,10397.9,0
2021-06-18 10:17:19,10396.1,0
2021-06-18 10:17:22,10396.15,0
2021-06-18 10:17:23,10397.1,0
2021-06-18 10:17:25,10398.25,0
2021-06-18 10:17:26,10398.3,0
2021-06-18 10:17:27,10398.45,0
2021-06-18 10:17:29,10398.7,0
2021-06-18 10:17:32,10398.35,0
2021-06-18 10:17:35,10398.25,0
2021-06-18 10:17:34,10398.85,0
2021-06-18 10:17:39,10400.4,0
2021-06-18 10:17:40,10401.45,0
2021-06-18 10:17:42,10400.15,0
2021-06-18 10:17:43,10400.9,0
2021-06-18 10:17:44,10401.3,0
2021-06-18 10:17:45,10399.95,0
2021-06-18 10:17:47,10401.25,0
2021-06-18 10:17:48,10401.1,0
2021-06-18 10:17:53,10402.95,0
2021-06-18 10:17:54,10403.2,0
2021-06-18 10:17:56,10403.25,0
2021-06-18 10:17:58,10403.5,0
2021-06-18 10:18:00,10402.75,0
2021-06-18 10:18:03,10403.15,0
2021-06-18 10:18:04,10402.7,0
2021-06-18 10:18:05,10403.15,0
2021-06-18 10:18:06,10403.1,0
2021-06-18 10:18:09,10402.5,0
2021-06-18 10:18:10,10402.85,0
2021-06-18 10:18:13,10402.1,0
2021-06-18 10:18:14,10402.0,0
2021-06-18 10:18:16,10401.9,0
2021-06-18 10:18:18,10401.95,0
2021-06-18 10:18:20,10403.95,0
2021-06-18 10:18:21,10403.15,0
2021-06-18 10:18:22,10403.75,0
2021-06-18 10:18:23,10403.9,0
2021-06-18 10:18:24,10404.4,0
2021-06-18 10:18:25,10404.65,0
2021-06-18 10:18:26,10405.25,0
2021-06-18 10:18:27,10404.95,0
2021-06-18 10:18:29,10405.15,0
2021-06-18 10:18:30,10404.85,0
2021-06-18 10:18:31,10404.9,0
2021-06-18 10:18:32,10405.0,0
2021-06-18 10:18:37,10404.65,0
2021-06-18 10:18:39,10405.65,0
2021-06-18 10:18:40,10405.95,0
2021-06-18 10:18:42,10405.65,0
2021-06-18 10:18:43,10405.75,0
2021-06-18 10:18:45,10405.3,0
2021-06-18 10:18:47,10402.9,0
2021-06-18 10:18:49,10400.8,0
2021-06-18 10:18:51,10400.7,0
2021-06-18 10:18:53,10399.45,0
2021-06-18 10:18:54,10399.2,0
2021-06-18 10:18:55,10398.9,0
2021-06-18 10:18:56,10398.95,0
2021-06-18 10:18:57,10399.1,0
2021-06-18 10:18:58,10398.7,0
2021-06-18 10:18:59,10398.9,0
2021-06-18 10:19:00,10399.1,0
2021-06-18 10:19:01,10399.5,0
2021-06-18 10:19:04,10400.25,0
2021-06-18 10:19:05,10399.6,0
2021-06-18 10:19:09,10400.5,0
2021-06-18 10:19:11,10400.6,0
2021-06-18 10:19:13,10400.6,0
2021-06-18 10:19:15,10401.05,0
2021-06-18 10:19:16,10400.45,0
2021-06-18 10:19:17,10401.5,0
2021-06-18 10:19:18,10400.9,0
2021-06-18 10:19:19,10400.9,0
2021-06-18 10:19:20,10400.75,0
2021-06-18 10:19:22,10401.75,0
2021-06-18 10:19:23,10401.85,0
2021-06-18 10:19:27,10399.35,0
2021-06-18 10:19:28,10397.85,0
2021-06-18 10:19:30,10395.7,0
2021-06-18 10:19:31,10395.05,0
2021-06-18 10:19:32,10395.75,0
2021-06-18 10:19:33,10395.15,0
2021-06-18 10:19:35,10394.45,0
2021-06-18 10:19:36,10395.85,0
2021-06-18 10:19:38,10395.15,0
2021-06-18 10:19:40,10394.85,0
2021-06-18 10:19:43,10396.15,0
2021-06-18 10:19:46,10397.3,0
2021-06-18 10:19:47,10395.8,0
2021-06-18 10:19:48,10398.05,0
2021-06-18 10:19:50,10397.35,0
2021-06-18 10:19:52,10396.7,0
2021-06-18 10:19:53,10397.0,0
2021-06-18 10:19:54,10398.05,0
2021-06-18 10:19:55,10397.25,0
2021-06-18 10:19:57,10397.75,0
2021-06-18 10:19:58,10397.8,0
2021-06-18 10:19:59,10397.9,0
2021-06-18 10:20:00,10397.8,0
2021-06-18 10:20:03,10396.3,0
2021-06-18 10:20:05,10396.4,0
2021-06-18 10:20:07,10395.4,0
2021-06-18 10:20:08,10394.7,0
2021-06-18 10:20:09,10394.6,0
2021-06-18 10:20:13,10396.1,0
2021-06-18 10:20:14,10396.6,0
2021-06-18 10:20:15,10396.3,0
2021-06-18 10:20:17,10397.3,0
2021-06-18 10:20:20,10397.7,0
2021-06-18 10:20:21,10397.6,0
2021-06-18 10:20:28,10397.0,0
2021-06-18 10:20:29,10397.75,0
2021-06-18 10:20:30,10397.9,0
2021-06-18 10:20:34,10398.2,0
2021-06-18 10:20:35,10398.45,0
2021-06-18 10:20:37,10398.5,0
2021-06-18 10:20:38,10399.4,0
2021-06-18 10:20:40,10399.15,0
2021-06-18 10:20:41,10399.9,0
2021-06-18 10:20:44,10398.85,0
2021-06-18 10:20:48,10398.2,0
2021-06-18 10:20:49,10397.1,0
2021-06-18 10:20:54,10398.1,0
2021-06-18 10:20:56,10397.3,0
2021-06-18 10:20:57,10397.0,0
2021-06-18 10:20:58,10397.55,0
2021-06-18 10:20:59,10397.35,0
2021-06-18 10:21:01,10397.5,0
2021-06-18 10:21:03,10397.4,0
2021-06-18 10:21:04,10396.55,0
2021-06-18 10:21:07,10396.0,0
2021-06-18 10:21:08,10396.1,0
2021-06-18 10:21:09,10395.9,0
2021-06-18 10:21:12,10396.05,0
2021-06-18 10:21:15,10396.45,0
2021-06-18 10:21:17,10397.85,0
2021-06-18 10:21:20,10398.2,0
2021-06-18 10:21:22,10399.15,0
2021-06-18 10:21:23,10399.25,0
2021-06-18 10:21:24,10398.55,0
2021-06-18 10:21:25,10398.9,0
2021-06-18 10:21:26,10399.05,0
2021-06-18 10:21:27,10399.05,0
2021-06-18 10:21:30,10399.0,0
2021-06-18 10:21:31,10399.15,0
2021-06-18 10:21:32,10398.9,0
2021-06-18 10:21:37,10399.5,0
2021-06-18 10:21:39,10399.0,0
2021-06-18 10:21:40,10398.75,0
2021-06-18 10:21:42,10398.8,0
2021-06-18 10:21:47,10399.7,0
2021-06-18 10:21:48,10399.7,0
2021-06-18 10:21:49,10400.05,0
2021-06-18 10:21:50,10399.95,0
2021-06-18 10:21:52,10400.35,0
2021-06-18 10:21:53,10401.15,0
2021-06-18 10:21:55,10401.45,0
2021-06-18 10:21:58,10401.95,0
2021-06-18 10:22:01,10403.2,0
2021-06-18 10:22:05,10403.55,0
2021-06-18 10:22:08,10404.0,0
2021-06-18 10:22:10,10405.65,0
2021-06-18 10:22:12,10405.2,0
2021-06-18 10:22:13,10405.45,0
2021-06-18 10:22:14,10405.35,0
2021-06-18 10:22:15,10404.9,0
2021-06-18 10:22:16,10404.5,0
2021-06-18 10:22:18,10404.95,0
2021-06-18 10:22:21,10405.55,0
2021-06-18 10:22:22,10406.6,0
2021-06-18 10:22:23,10406.5,0
2021-06-18 10:22:25,10406.7,0
2021-06-18 10:22:26,10407.05,0
2021-06-18 10:22:27,10407.4,0
2021-06-18 10:22:30,10407.6,0
2021-06-18 10:22:31,10407.05,0
2021-06-18 10:22:34,10407.6,0
2021-06-18 10:22:35,10407.65,0
2021-06-18 10:22:36,10407.75,0
2021-06-18 10:22:37,10407.75,0
2021-06-18 10:22:39,10408.85,0
2021-06-18 10:22:40,10409.35,0
2021-06-18 10:22:42,10407.55,0
2021-06-18 10:22:43,10408.7,0
2021-06-18 10:22:44,10408.65,0
2021-06-18 10:22:48,10407.5,0
2021-06-18 10:22:49,10408.15,0
2021-06-18 10:22:51,10407.75,0
2021-06-18 10:22:52,10408.3,0
2021-06-18 10:22:55,10407.2,0
2021-06-18 10:22:57,10407.6,0
2021-06-18 10:22:59,10408.1,0
2021-06-18 10:23:04,10407.25,0
2021-06-18 10:23:09,10406.85,0
2021-06-18 10:23:11,10407.1,0
2021-06-18 10:23:12,10407.35,0
2021-06-18 10:23:13,10407.15,0
2021-06-18 10:23:14,10406.25,0
2021-06-18 10:23:15,10407.6,0
2021-06-18 10:23:17,10406.5,0
2021-06-18 10:23:19,10406.95,0
2021-06-18 10:23:22,10408.65,0
2021-06-18 10:23:24,10410.1,0
2021-06-18 10:23:35,10410.1,0
2021-06-18 10:23:36,10410.95,0
2021-06-18 10:23:37,10410.65,0
2021-06-18 10:23:38,10410.15,0
2021-06-18 10:23:40,10410.35,0
2021-06-18 10:23:44,10410.2,0
2021-06-18 10:23:45,10409.8,0
2021-06-18 10:23:46,10410.05,0
2021-06-18 10:23:47,10409.35,0
2021-06-18 10:23:51,10409.7,0
2021-06-18 10:23:53,10408.85,0
2021-06-18 10:23:54,10408.4,0
2021-06-18 10:23:56,10410.2,0
2021-06-18 10:23:57,10409.35,0
2021-06-18 10:23:58,10409.5,0
2021-06-18 10:23:59,10409.2,0
2021-06-18 10:24:01,10409.05,0
2021-06-18 10:24:04,10409.0,0
2021-06-18 10:24:06,10410.0,0
2021-06-18 10:24:08,10410.5,0
2021-06-18 10:24:10,10409.25,0
2021-06-18 10:24:11,10409.2,0
2021-06-18 10:24:14,10408.85,0
2021-06-18 10:24:15,10408.8,0
2021-06-18 10:24:17,10408.7,0
2021-06-18 10:24:19,10407.7,0
2021-06-18 10:24:20,10408.05,0
2021-06-18 10:24:21,10409.3,0
2021-06-18 10:24:22,10409.05,0
2021-06-18 10:24:24,10409.65,0
2021-06-18 10:24:27,10408.3,0
2021-06-18 10:24:28,10406.85,0
2021-06-18 10:24:30,10405.95,0
2021-06-18 10:24:31,10407.6,0
2021-06-18 10:24:32,10407.3,0
2021-06-18 10:24:33,10406.05,0
2021-06-18 10:24:34,10406.8,0
2021-06-18 10:24:36,10406.3,0
2021-06-18 10:24:39,10405.4,0
2021-06-18 10:24:40,10404.9,0
2021-06-18 10:24:42,10405.3,0
2021-06-18 10:24:43,10405.6,0
2021-06-18 10:24:44,10405.25,0
2021-06-18 10:24:47,10404.3,0
2021-06-18 10:24:49,10403.75,0
2021-06-18 10:24:50,10403.75,0
2021-06-18 10:24:51,10404.3,0
2021-06-18 10:24:56,10402.75,0
2021-06-18 10:24:57,10403.15,0
2021-06-18 10:24:58,10403.55,0
2021-06-18 10:25:00,10402.05,0
2021-06-18 10:25:04,10401.45,0
2021-06-18 10:25:06,10400.55,0
2021-06-18 10:25:07,10400.0,0
2021-06-18 10:25:09,10401.3,0
2021-06-18 10:25:10,10401.8,0
2021-06-18 10:25:11,10402.2,0
2021-06-18 10:25:12,10401.55,0
2021-06-18 10:25:16,10399.15,0
2021-06-18 10:25:18,10398.2,0
2021-06-18 10:25:19,10398.2,0
2021-06-18 10:25:22,10397.7,0
2021-06-18 10:25:23,10397.85,0
2021-06-18 10:25:24,10395.9,0
2021-06-18 10:25:25,10395.9,0
2021-06-18 10:25:26,10397.35,0
2021-06-18 10:25:27,10396.3,0
2021-06-18 10:25:30,10396.6,0
2021-06-18 10:25:32,10396.1,0
2021-06-18 10:25:33,10394.3,0
2021-06-18 10:25:35,10393.35,0
2021-06-18 10:25:36,10392.1,0
2021-06-18 10:25:37,10392.0,0
2021-06-18 10:25:38,10391.2,0
2021-06-18 10:25:40,10390.45,0
2021-06-18 10:25:42,10391.1,0
2021-06-18 10:25:43,10390.8,0
2021-06-18 10:25:45,10387.0,0
2021-06-18 10:25:46,10386.2,0
2021-06-18 10:25:47,10385.75,0
2021-06-18 10:25:48,10385.4,0
2021-06-18 10:25:55,10381.35,0
2021-06-18 10:25:56,10382.0,0
2021-06-18 10:26:05,10381.0,0
2021-06-18 10:26:07,10381.35,0
2021-06-18 10:26:08,10379.75,0
2021-06-18 10:26:10,10380.95,0
2021-06-18 10:26:11,10379.25,0
2021-06-18 10:26:13,10382.5,0
2021-06-18 10:26:15,10379.65,0
2021-06-18 10:26:16,10380.25,0
2021-06-18 10:26:17,10378.2,0
2021-06-18 10:26:18,10379.4,0
2021-06-18 10:26:24,10380.2,0
2021-06-18 10:26:27,10381.5,0
2021-06-18 10:26:29,10381.45,0
2021-06-18 10:26:30,10381.05,0
2021-06-18 10:26:31,10383.35,0
2021-06-18 10:26:32,10383.65,0
2021-06-18 10:26:34,10387.95,0
2021-06-18 10:26:36,10390.4,0
2021-06-18 10:26:37,10392.15,0
2021-06-18 10:26:40,10391.45,0
2021-06-18 10:26:41,10391.85,0
2021-06-18 10:26:42,10392.4,0
2021-06-18 10:26:45,10389.8,0
2021-06-18 10:26:46,10389.45,0
2021-06-18 10:26:49,10388.5,0
2021-06-18 10:26:52,10388.85,0
2021-06-18 10:26:54,10389.25,0
2021-06-18 10:26:55,10387.4,0
2021-06-18 10:26:56,10387.25,0
2021-06-18 10:27:00,10387.45,0
2021-06-18 10:27:01,10389.3,0
2021-06-18 10:27:02,10388.2,0
2021-06-18 10:27:05,10389.1,0
2021-06-18 10:27:07,10387.9,0
2021-06-18 10:27:09,10386.0,0
2021-06-18 10:27:10,10385.95,0
2021-06-18 10:27:11,10386.15,0
2021-06-18 10:27:13,10383.75,0
2021-06-18 10:27:14,10383.85,0
2021-06-18 10:27:16,10383.55,0
2021-06-18 10:27:20,10384.3,0
2021-06-18 10:27:21,10384.65,0
2021-06-18 10:27:24,10384.7,0
2021-06-18 10:27:30,10380.45,0
2021-06-18 10:27:32,10379.85,0
2021-06-18 10:27:35,10381.15,0
2021-06-18 10:27:36,10380.5,0
2021-06-18 10:27:37,10380.85,0
2021-06-18 10:27:40,10379.7,0
2021-06-18 10:27:41,10380.1,0
2021-06-18 10:27:42,10380.65,0
2021-06-18 10:27:44,10379.8,0
2021-06-18 10:27:47,10379.3,0
2021-06-18 10:27:48,10375.5,0
2021-06-18 10:27:49,10374.65,0
2021-06-18 10:27:50,10374.8,0
2021-06-18 10:27:53,10373.7,0
2021-06-18 10:27:57,10371.4,0
2021-06-18 10:27:58,10369.25,0
2021-06-18 10:28:02,10371.25,0
2021-06-18 10:28:03,10371.55,0
2021-06-18 10:28:14,10372.1,0
2021-06-18 10:28:15,10371.2,0
2021-06-18 10:28:17,10370.85,0
2021-06-18 10:28:22,10370.95,0
2021-06-18 10:28:23,10371.95,0
2021-06-18 10:28:24,10371.75,0
2021-06-18 10:28:25,10373.45,0
2021-06-18 10:28:27,10372.15,0
2021-06-18 10:28:28,10370.8,0
2021-06-18 10:28:29,10370.9,0
2021-06-18 10:28:36,10371.75,0
2021-06-18 10:28:38,10370.35,0
2021-06-18 10:28:40,10371.0,0
2021-06-18 10:28:41,10371.85,0
2021-06-18 10:28:44,10368.5,0
2021-06-18 10:28:48,10367.75,0
2021-06-18 10:28:53,10365.05,0
2021-06-18 10:28:54,10365.6,0
2021-06-18 10:28:55,10365.2,0
2021-06-18 10:28:59,10364.8,0
2021-06-18 10:29:00,10364.95,0
2021-06-18 10:29:05,10365.5,0
2021-06-18 10:29:09,10365.45,0
2021-06-18 10:29:10,10364.45,0
2021-06-18 10:29:12,10364.65,0
2021-06-18 10:29:13,10364.2,0
2021-06-18 10:29:14,10364.6,0
2021-06-18 10:29:23,10362.95,0
2021-06-18 10:29:25,10363.25,0
2021-06-18 10:29:28,10362.05,0
2021-06-18 10:29:29,10362.6,0
2021-06-18 10:29:30,10362.8,0
2021-06-18 10:29:31,10361.95,0
2021-06-18 10:29:32,10362.45,0
2021-06-18 10:29:34,10361.4,0
2021-06-18 10:29:35,10362.45,0
2021-06-18 10:29:36,10362.75,0
2021-06-18 10:29:38,10363.55,0
2021-06-18 10:29:41,10362.2,0
2021-06-18 10:29:43,10361.05,0
2021-06-18 10:29:46,10361.1,0
2021-06-18 10:29:51,10363.45,0
2021-06-18 10:29:54,10362.55,0
2021-06-18 10:29:56,10363.0,0
2021-06-18 10:29:59,10362.9,0
2021-06-18 10:30:00,10363.4,0
2021-06-18 10:30:02,10365.0,0
2021-06-18 10:30:05,10364.95,0
2021-06-18 10:30:09,10373.55,0
2021-06-18 10:30:10,10374.85,0
2021-06-18 10:30:11,10375.45,0
2021-06-18 10:30:12,10374.6,0
2021-06-18 10:30:13,10376.1,0
2021-06-18 10:30:20,10382.3,0
2021-06-18 10:30:26,10381.95,0
2021-06-18 10:30:27,10384.35,0
2021-06-18 10:30:29,10381.4,0
2021-06-18 10:30:32,10379.55,0
2021-06-18 10:30:33,10379.15,0
2021-06-18 10:30:34,10378.95,0
2021-06-18 10:30:35,10380.75,0
2021-06-18 10:30:36,10379.95,0
2021-06-18 10:30:38,10378.8,0
2021-06-18 10:30:39,10377.65,0
2021-06-18 10:30:40,10378.6,0
2021-06-18 10:30:41,10375.75,0
2021-06-18 10:30:43,10374.9,0
2021-06-18 10:30:44,10375.3,0
2021-06-18 10:30:47,10376.0,0
2021-06-18 10:30:48,10376.6,0
2021-06-18 10:30:51,10377.7,0
2021-06-18 10:30:54,10380.25,0
2021-06-18 10:30:56,10381.05,0
2021-06-18 10:30:57,10382.8,0
2021-06-18 10:30:58,10382.35,0
2021-06-18 10:30:59,10381.65,0
2021-06-18 10:31:00,10382.45,0
2021-06-18 10:31:03,10381.15,0
2021-06-18 10:31:04,10380.1,0
2021-06-18 10:31:05,10380.8,0
2021-06-18 10:31:06,10380.7,0
2021-06-18 10:31:09,10378.95,0
2021-06-18 10:31:12,10377.65,0
2021-06-18 10:31:13,10377.05,0
2021-06-18 10:31:15,10377.15,0
2021-06-18 10:31:16,10377.3,0
2021-06-18 10:31:17,10374.65,0
2021-06-18 10:31:18,10374.65,0
2021-06-18 10:31:19,10376.25,0
2021-06-18 10:31:20,10375.85,0
2021-06-18 10:31:25,10377.95,0
2021-06-18 10:31:27,10378.55,0
2021-06-18 10:31:28,10378.35,0
2021-06-18 10:31:29,10378.6,0
2021-06-18 10:31:32,10377.15,0
2021-06-18 10:31:33,10376.7,0
2021-06-18 10:31:34,10377.35,0
2021-06-18 10:31:43,10377.0,0
2021-06-18 10:31:46,10376.6,0
2021-06-18 10:31:47,10373.45,0
2021-06-18 10:31:53,10371.15,0
2021-06-18 10:31:55,10367.3,0
2021-06-18 10:31:57,10365.6,0
2021-06-18 10:32:00,10364.0,0
2021-06-18 10:32:02,10364.6,0
2021-06-18 10:32:04,10361.8,0
2021-06-18 10:32:07,10358.1,0
2021-06-18 10:32:08,10357.9,0
2021-06-18 10:32:09,10357.2,0
2021-06-18 10:32:10,10357.5,0
2021-06-18 10:32:14,10357.6,0
2021-06-18 10:32:17,10358.85,0
2021-06-18 10:32:18,10359.4,0
2021-06-18 10:32:21,10359.5,0
2021-06-18 10:32:26,10359.4,0
2021-06-18 10:32:30,10358.8,0
2021-06-18 10:32:32,10361.3,0
2021-06-18 10:32:35,10360.5,0
2021-06-18 10:32:36,10359.55,0
2021-06-18 10:32:37,10359.65,0
2021-06-18 10:32:38,10362.7,0
2021-06-18 10:32:41,10364.3,0
2021-06-18 10:32:42,10363.8,0
2021-06-18 10:32:43,10364.55,0
2021-06-18 10:32:44,10366.55,0
2021-06-18 10:32:45,10365.7,0
2021-06-18 10:32:46,10365.95,0
2021-06-18 10:32:47,10367.3,0
2021-06-18 10:32:48,10366.65,0
2021-06-18 10:32:49,10368.5,0
2021-06-18 10:32:50,10367.9,0
2021-06-18 10:32:51,10368.0,0
2021-06-18 10:32:53,10369.1,0
2021-06-18 10:32:54,10369.6,0
2021-06-18 10:32:55,10368.8,0
2021-06-18 10:32:56,10368.45,0
2021-06-18 10:32:57,10368.5,0
2021-06-18 10:32:58,10367.3,0
2021-06-18 10:32:59,10367.15,0
2021-06-18 10:33:00,10367.4,0
2021-06-18 10:33:04,10368.4,0
2021-06-18 10:33:06,10368.4,0
2021-06-18 10:33:08,10366.1,0
2021-06-18 10:33:09,10365.2,0
2021-06-18 10:33:18,10365.5,0
2021-06-18 10:33:19,10366.0,0
2021-06-18 10:33:22,10363.8,0
2021-06-18 10:33:24,10363.4,0
2021-06-18 10:33:25,10363.7,0
2021-06-18 10:33:26,10363.75,0
2021-06-18 10:33:27,10364.55,0
2021-06-18 10:33:28,10365.35,0
2021-06-18 10:33:35,10371.55,0
2021-06-18 10:33:38,10373.95,0
2021-06-18 10:33:40,10374.25,0
2021-06-18 10:33:42,10374.0,0
2021-06-18 10:33:43,10374.6,0
2021-06-18 10:33:44,10374.25,0
2021-06-18 10:33:45,10373.2,0
2021-06-18 10:33:46,10374.2,0
2021-06-18 10:33:47,10373.7,0
2021-06-18 10:33:51,10374.25,0
2021-06-18 10:33:52,10371.95,0
2021-06-18 10:33:55,10371.75,0
2021-06-18 10:33:56,10372.4,0
2021-06-18 10:33:58,10374.8,0
2021-06-18 10:33:59,10375.1,0
2021-06-18 10:34:02,10375.5,0
2021-06-18 10:34:04,10374.55,0
2021-06-18 10:34:06,10374.75,0
2021-06-18 10:34:08,10373.15,0
2021-06-18 10:34:16,10371.0,0
2021-06-18 10:34:18,10370.55,0
2021-06-18 10:34:20,10370.35,0
2021-06-18 10:34:21,10371.0,0
2021-06-18 10:34:25,10368.85,0
2021-06-18 10:34:28,10367.7,0
2021-06-18 10:34:29,10367.55,0
2021-06-18 10:34:30,10368.6,0
2021-06-18 10:34:32,10367.65,0
2021-06-18 10:34:34,10367.3,0
2021-06-18 10:34:35,10367.55,0
2021-06-18 10:34:39,10367.15,0
2021-06-18 10:34:40,10365.8,0
2021-06-18 10:34:42,10366.75,0
2021-06-18 10:34:49,10367.8,0
2021-06-18 10:34:58,10369.9,0
2021-06-18 10:34:59,10370.2,0
2021-06-18 10:35:00,10369.65,0
2021-06-18 10:35:01,10369.4,0
2021-06-18 10:35:02,10369.0,0
2021-06-18 10:35:03,10369.1,0
2021-06-18 10:35:05,10369.4,0
2021-06-18 10:35:06,10370.3,0
2021-06-18 10:35:07,10370.4,0
2021-06-18 10:35:08,10370.3,0
2021-06-18 10:35:11,10370.3,0
2021-06-18 10:35:13,10371.45,0
2021-06-18 10:35:14,10371.7,0
2021-06-18 10:35:15,10371.9,0
2021-06-18 10:35:16,10372.15,0
2021-06-18 10:35:19,10372.7,0
2021-06-18 10:35:23,10376.3,0
2021-06-18 10:35:25,10375.75,0
2021-06-18 10:35:26,10375.95,0
2021-06-18 10:35:29,10375.15,0
2021-06-18 10:35:30,10376.0,0
2021-06-18 10:35:33,10375.6,0
2021-06-18 10:35:34,10376.5,0
2021-06-18 10:35:35,10377.25,0
2021-06-18 10:35:36,10377.5,0
2021-06-18 10:35:41,10376.65,0
2021-06-18 10:35:44,10376.6,0
2021-06-18 10:35:46,10376.9,0
2021-06-18 10:35:49,10377.75,0
2021-06-18 10:35:52,10377.9,0
2021-06-18 10:35:55,10377.0,0
2021-06-18 10:35:56,10377.6,0
2021-06-18 10:35:59,10379.4,0
2021-06-18 10:36:00,10378.85,0
2021-06-18 10:36:01,10379.3,0
2021-06-18 10:36:03,10380.85,0
2021-06-18 10:36:04,10381.2,0
2021-06-18 10:36:12,10381.15,0
2021-06-18 10:36:13,10380.95,0
2021-06-18 10:36:14,10381.1,0
2021-06-18 10:36:15,10381.2,0
2021-06-18 10:36:16,10380.7,0
2021-06-18 10:36:18,10382.5,0
2021-06-18 10:36:20,10381.4,0
2021-06-18 10:36:23,10379.9,0
2021-06-18 10:36:27,10379.8,0
2021-06-18 10:36:29,10380.6,0
2021-06-18 10:36:30,10380.7,0
2021-06-18 10:36:31,10379.45,0
2021-06-18 10:36:34,10380.55,0
2021-06-18 10:36:36,10380.95,0
2021-06-18 10:36:37,10380.85,0
2021-06-18 10:36:39,10380.0,0
2021-06-18 10:36:43,10380.85,0
2021-06-18 10:36:44,10381.1,0
2021-06-18 10:36:50,10381.25,0
2021-06-18 10:36:52,10381.6,0
2021-06-18 10:36:53,10382.3,0
2021-06-18 10:36:54,10382.15,0
2021-06-18 10:36:58,10381.2,0
2021-06-18 10:36:59,10381.45,0
2021-06-18 10:37:02,10381.9,0
2021-06-18 10:37:03,10381.0,0
2021-06-18 10:37:07,10378.95,0
2021-06-18 10:37:08,10379.3,0
2021-06-18 10:37:10,10378.0,0
2021-06-18 10:37:11,10378.1,0
2021-06-18 10:37:12,10376.8,0
2021-06-18 10:37:15,10376.7,0
2021-06-18 10:37:16,10376.9,0
2021-06-18 10:37:19,10376.75,0
2021-06-18 10:37:20,10376.9,0
2021-06-18 10:37:21,10374.55,0
2021-06-18 10:37:23,10374.85,0
2021-06-18 10:37:26,10373.85,0
2021-06-18 10:37:27,10373.2,0
2021-06-18 10:37:28,10372.25,0
2021-06-18 10:37:29,10372.8,0
2021-06-18 10:37:30,10372.8,0
2021-06-18 10:37:31,10372.8,0
2021-06-18 10:37:33,10373.1,0
2021-06-18 10:37:34,10371.65,0
2021-06-18 10:37:36,10371.1,0
2021-06-18 10:37:41,10371.45,0
2021-06-18 10:37:42,10371.3,0
2021-06-18 10:37:43,10371.05,0
2021-06-18 10:37:44,10371.25,0
2021-06-18 10:37:45,10370.85,0
2021-06-18 10:37:50,10371.1,0
2021-06-18 10:37:51,10371.35,0
2021-06-18 10:37:55,10370.9,0
2021-06-18 10:37:56,10370.55,0
2021-06-18 10:37:59,10368.95,0
2021-06-18 10:38:00,10368.9,0
2021-06-18 10:38:01,10367.95,0
2021-06-18 10:38:04,10366.4,0
2021-06-18 10:38:05,10365.35,0
2021-06-18 10:38:07,10363.95,0
2021-06-18 10:38:08,10363.9,0
2021-06-18 10:38:09,10364.1,0
2021-06-18 10:38:11,10363.6,0
2021-06-18 10:38:15,10361.25,0
2021-06-18 10:38:19,10365.05,0
2021-06-18 10:38:21,10362.2,0
2021-06-18 10:38:24,10361.8,0
2021-06-18 10:38:27,10365.1,0
2021-06-18 10:38:29,10364.35,0
2021-06-18 10:38:37,10364.85,0
2021-06-18 10:38:40,10366.6,0
2021-06-18 10:38:44,10365.7,0
2021-06-18 10:38:45,10367.35,0
2021-06-18 10:38:49,10367.35,0
2021-06-18 10:38:50,10369.65,0
2021-06-18 10:38:52,10370.35,0
2021-06-18 10:38:55,10371.5,0
2021-06-18 10:38:56,10371.1,0
2021-06-18 10:38:57,10371.4,0
2021-06-18 10:38:59,10369.55,0
2021-06-18 10:39:00,10367.05,0
2021-06-18 10:39:01,10367.95,0
2021-06-18 10:39:02,10367.3,0
2021-06-18 10:39:03,10367.8,0
2021-06-18 10:39:05,10367.45,0
2021-06-18 10:39:07,10366.1,0
2021-06-18 10:39:08,10366.75,0
2021-06-18 10:39:09,10367.3,0
2021-06-18 10:39:10,10368.15,0
2021-06-18 10:39:11,10367.95,0
2021-06-18 10:39:15,10367.7,0
2021-06-18 10:39:16,10366.55,0
2021-06-18 10:39:18,10365.65,0
2021-06-18 10:39:19,10364.4,0
2021-06-18 10:39:22,10364.95,0
2021-06-18 10:39:24,10365.35,0
2021-06-18 10:39:25,10366.3,0
2021-06-18 10:39:26,10366.05,0
2021-06-18 10:39:27,10364.75,0
2021-06-18 10:39:28,10364.9,0
2021-06-18 10:39:31,10365.6,0
2021-06-18 10:39:34,10365.75,0
2021-06-18 10:39:35,10365.75,0
2021-06-18 10:39:36,10364.75,0
2021-06-18 10:39:39,10366.75,0
2021-06-18 10:39:44,10365.75,0
2021-06-18 10:39:45,10366.0,0
2021-06-18 10:39:46,10367.05,0
2021-06-18 10:39:51,10364.75,0
2021-06-18 10:39:53,10363.0,0
2021-06-18 10:39:54,10362.65,0
2021-06-18 10:39:55,10362.55,0
2021-06-18 10:39:57,10363.55,0
2021-06-18 10:40:01,10362.9,0
2021-06-18 10:40:02,10363.2,0
2021-06-18 10:40:03,10363.55,0
2021-06-18 10:40:08,10362.6,0
2021-06-18 10:40:10,10362.5,0
2021-06-18 10:40:13,10362.45,0
2021-06-18 10:40:14,10361.0,0
2021-06-18 10:40:15,10361.8,0
2021-06-18 10:40:18,10360.85,0
2021-06-18 10:40:22,10361.95,0
2021-06-18 10:40:24,10362.15,0
2021-06-18 10:40:26,10361.35,0
2021-06-18 10:40:31,10362.0,0
2021-06-18 10:40:33,10362.05,0
2021-06-18 10:40:36,10360.7,0
2021-06-18 10:40:37,10360.4,0
2021-06-18 10:40:38,10360.25,0
2021-06-18 10:40:41,10359.35,0
2021-06-18 10:40:43,10358.3,0
2021-06-18 10:40:45,10359.8,0
2021-06-18 10:40:46,10358.55,0
2021-06-18 10:40:47,10358.15,0
2021-06-18 10:40:50,10360.2,0
2021-06-18 10:40:51,10360.7,0
2021-06-18 10:40:55,10361.1,0
2021-06-18 10:40:57,10362.45,0
2021-06-18 10:40:58,10361.15,0
2021-06-18 10:40:59,10361.05,0
2021-06-18 10:41:00,10361.65,0
2021-06-18 10:41:01,10361.55,0
2021-06-18 10:41:02,10361.5,0
2021-06-18 10:41:03,10361.1,0
2021-06-18 10:41:07,10360.25,0
2021-06-18 10:41:08,10359.75,0
2021-06-18 10:41:11,10358.7,0
2021-06-18 10:41:12,10360.55,0
2021-06-18 10:41:13,10359.85,0
2021-06-18 10:41:15,10360.9,0
2021-06-18 10:41:18,10361.3,0
2021-06-18 10:41:19,10361.4,0
2021-06-18 10:41:24,10362.75,0
2021-06-18 10:41:25,10364.0,0
2021-06-18 10:41:29,10363.95,0
2021-06-18 10:41:31,10365.45,0
2021-06-18 10:41:32,10365.25,0
2021-06-18 10:41:35,10364.5,0
2021-06-18 10:41:37,10364.95,0
2021-06-18 10:41:38,10367.6,0
2021-06-18 10:41:46,10368.35,0
2021-06-18 10:41:47,10369.45,0
2021-06-18 10:41:56,10369.8,0
2021-06-18 10:41:57,10370.8,0
2021-06-18 10:41:59,10369.95,0
2021-06-18 10:42:04,10370.6,0
2021-06-18 10:42:07,10370.2,0
2021-06-18 10:42:10,10371.25,0
2021-06-18 10:42:11,10371.5,0
2021-06-18 10:42:13,10371.3,0
2021-06-18 10:42:16,10372.2,0
2021-06-18 10:42:17,10372.25,0
2021-06-18 10:42:19,10371.95,0
2021-06-18 10:42:25,10368.45,0
2021-06-18 10:42:28,10369.25,0
2021-06-18 10:42:29,10369.65,0
2021-06-18 10:42:30,10370.05,0
2021-06-18 10:42:31,10370.5,0
2021-06-18 10:42:34,10369.3,0
2021-06-18 10:42:35,10368.4,0
2021-06-18 10:42:36,10368.1,0
2021-06-18 10:42:39,10367.7,0
2021-06-18 10:42:40,10367.3,0
2021-06-18 10:42:41,10367.45,0
2021-06-18 10:42:43,10367.1,0
2021-06-18 10:42:46,10368.6,0
2021-06-18 10:42:47,10366.9,0
2021-06-18 10:42:48,10367.15,0
2021-06-18 10:42:49,10367.2,0
2021-06-18 10:42:51,10366.55,0
2021-06-18 10:42:52,10365.5,0
2021-06-18 10:42:53,10365.55,0
2021-06-18 10:42:54,10367.2,0
2021-06-18 10:42:56,10365.95,0
2021-06-18 10:42:59,10365.55,0
2021-06-18 10:43:01,10364.75,0
2021-06-18 10:43:02,10364.95,0
2021-06-18 10:43:03,10364.8,0
2021-06-18 10:43:04,10364.35,0
2021-06-18 10:43:05,10363.7,0
2021-06-18 10:43:07,10361.7,0
2021-06-18 10:43:09,10361.85,0
2021-06-18 10:43:10,10361.2,0
2021-06-18 10:43:12,10361.6,0
2021-06-18 10:43:15,10361.1,0
2021-06-18 10:43:20,10362.05,0
2021-06-18 10:43:22,10362.0,0
2021-06-18 10:43:23,10361.95,0
2021-06-18 10:43:27,10360.15,0
2021-06-18 10:43:28,10359.5,0
2021-06-18 10:43:29,10360.6,0
2021-06-18 10:43:31,10359.5,0
2021-06-18 10:43:35,10359.7,0
2021-06-18 10:43:36,10359.5,0
2021-06-18 10:43:41,10359.5,0
2021-06-18 10:43:44,10360.1,0
2021-06-18 10:43:46,10359.3,0
2021-06-18 10:43:47,10359.4,0
2021-06-18 10:43:49,10359.45,0
2021-06-18 10:43:52,10359.25,0
2021-06-18 10:43:54,10359.55,0
2021-06-18 10:43:55,10360.0,0
2021-06-18 10:43:56,10359.3,0
2021-06-18 10:44:00,10353.75,0
2021-06-18 10:44:01,10355.2,0
2021-06-18 10:44:02,10356.3,0
2021-06-18 10:44:06,10355.75,0
2021-06-18 10:44:07,10357.15,0
2021-06-18 10:44:08,10357.05,0
2021-06-18 10:44:09,10355.85,0
2021-06-18 10:44:15,10358.9,0
2021-06-18 10:44:21,10362.0,0
2021-06-18 10:44:27,10360.35,0
2021-06-18 10:44:28,10360.4,0
2021-06-18 10:44:32,10362.1,0
2021-06-18 10:44:34,10363.45,0
2021-06-18 10:44:36,10364.35,0
2021-06-18 10:44:38,10365.0,0
2021-06-18 10:44:41,10366.05,0
2021-06-18 10:44:46,10365.35,0
2021-06-18 10:44:48,10363.8,0
2021-06-18 10:44:49,10364.55,0
2021-06-18 10:44:50,10366.0,0
2021-06-18 10:44:52,10367.2,0
2021-06-18 10:44:57,10368.0,0
2021-06-18 10:44:59,10368.1,0
2021-06-18 10:45:00,10368.35,0
2021-06-18 10:45:04,10365.45,0
2021-06-18 10:45:06,10364.85,0
2021-06-18 10:45:10,10364.55,0
2021-06-18 10:45:11,10364.5,0
2021-06-18 10:45:13,10365.15,0
2021-06-18 10:45:19,10362.2,0
2021-06-18 10:45:20,10362.0,0
2021-06-18 10:45:21,10362.55,0
2021-06-18 10:45:22,10363.1,0
2021-06-18 10:45:30,10365.25,0
2021-06-18 10:45:32,10365.95,0
2021-06-18 10:45:34,10364.75,0
2021-06-18 10:45:36,10364.35,0
2021-06-18 10:45:37,10364.6,0
2021-06-18 10:45:38,10365.1,0
2021-06-18 10:45:43,10365.1,0
2021-06-18 10:45:44,10366.7,0
2021-06-18 10:45:45,10365.8,0
2021-06-18 10:45:47,10366.65,0
2021-06-18 10:45:49,10365.3,0
2021-06-18 10:45:53,10368.35,0
2021-06-18 10:45:54,10368.2,0
2021-06-18 10:45:56,10367.75,0
2021-06-18 10:45:59,10367.6,0
2021-06-18 10:46:00,10368.3,0
2021-06-18 10:46:03,10369.75,0
2021-06-18 10:46:06,10368.9,0
2021-06-18 10:46:07,10369.2,0
2021-06-18 10:46:08,10368.8,0
2021-06-18 10:46:09,10369.6,0
2021-06-18 10:46:11,10368.45,0
2021-06-18 10:46:12,10368.1,0
2021-06-18 10:46:14,10369.85,0
2021-06-18 10:46:15,10369.85,0
2021-06-18 10:46:16,10367.65,0
2021-06-18 10:46:17,10365.6,0
2021-06-18 10:46:19,10365.7,0
2021-06-18 10:46:20,10365.75,0
2021-06-18 10:46:21,10364.95,0
2021-06-18 10:46:22,10363.95,0
2021-06-18 10:46:23,10365.35,0
2021-06-18 10:46:25,10365.35,0
2021-06-18 10:46:27,10364.7,0
2021-06-18 10:46:28,10365.8,0
2021-06-18 10:46:29,10365.85,0
2021-06-18 10:46:31,10365.25,0
2021-06-18 10:46:36,10366.95,0
2021-06-18 10:46:37,10367.6,0
2021-06-18 10:46:41,10366.85,0
2021-06-18 10:46:43,10369.6,0
2021-06-18 10:46:44,10368.8,0
2021-06-18 10:46:47,10369.3,0
2021-06-18 10:46:48,10369.85,0
2021-06-18 10:46:52,10369.15,0
2021-06-18 10:46:56,10368.25,0
2021-06-18 10:46:57,10368.9,0
2021-06-18 10:46:58,10368.6,0
2021-06-18 10:47:00,10371.2,0
2021-06-18 10:47:03,10372.3,0
2021-06-18 10:47:04,10370.9,0
2021-06-18 10:47:05,10370.2,0
2021-06-18 10:47:06,10370.2,0
2021-06-18 10:47:07,10371.25,0
2021-06-18 10:47:09,10369.6,0
2021-06-18 10:47:12,10370.75,0
2021-06-18 10:47:17,10369.8,0
2021-06-18 10:47:21,10369.3,0
2021-06-18 10:47:22,10368.55,0
2021-06-18 10:47:23,10369.55,0
2021-06-18 10:47:24,10370.0,0
2021-06-18 10:47:25,10369.1,0
2021-06-18 10:47:26,10368.2,0
2021-06-18 10:47:27,10367.95,0
2021-06-18 10:47:28,10367.4,0
2021-06-18 10:47:29,10367.5,0
2021-06-18 10:47:31,10367.65,0
2021-06-18 10:47:33,10367.65,0
2021-06-18 10:47:36,10367.65,0
2021-06-18 10:47:37,10367.7,0
2021-06-18 10:47:39,10367.2,0
2021-06-18 10:47:42,10366.95,0
2021-06-18 10:47:49,10368.4,0
2021-06-18 10:47:53,10367.95,0
2021-06-18 10:47:54,10367.55,0
2021-06-18 10:47:55,10366.9,0
2021-06-18 10:47:56,10366.75,0
2021-06-18 10:47:57,10367.05,0
2021-06-18 10:48:00,10367.9,0
2021-06-18 10:48:03,10367.0,0
2021-06-18 10:48:04,10366.95,0
2021-06-18 10:48:05,10367.25,0
2021-06-18 10:48:06,10366.2,0
2021-06-18 10:48:07,10365.8,0
2021-06-18 10:48:08,10364.95,0
2021-06-18 10:48:09,10364.65,0
2021-06-18 10:48:10,10363.0,0
2021-06-18 10:48:16,10358.05,0
2021-06-18 10:48:17,10358.3,0
2021-06-18 10:48:19,10355.4,0
2021-06-18 10:48:21,10353.8,0
2021-06-18 10:48:22,10353.5,0
2021-06-18 10:48:27,10352.15,0
2021-06-18 10:48:28,10352.1,0
2021-06-18 10:48:30,10349.8,0
2021-06-18 10:48:32,10348.05,0
2021-06-18 10:48:33,10350.4,0
2021-06-18 10:48:35,10349.3,0
2021-06-18 10:48:36,10351.0,0
2021-06-18 10:48:37,10350.15,0
2021-06-18 10:48:39,10348.55,0
2021-06-18 10:48:40,10348.1,0
2021-06-18 10:48:41,10348.35,0
2021-06-18 10:48:42,10348.7,0
2021-06-18 10:48:43,10348.65,0
2021-06-18 10:48:45,10349.5,0
2021-06-18 10:48:46,10349.9,0
2021-06-18 10:48:48,10349.55,0
2021-06-18 10:48:49,10350.5,0
2021-06-18 10:48:51,10350.65,0
2021-06-18 10:48:53,10349.85,0
2021-06-18 10:48:57,10348.65,0
2021-06-18 10:48:59,10349.2,0
2021-06-18 10:49:00,10349.45,0
2021-06-18 10:49:03,10348.9,0
2021-06-18 10:49:10,10345.35,0
2021-06-18 10:49:11,10343.3,0
2021-06-18 10:49:12,10343.55,0
2021-06-18 10:49:17,10342.75,0
2021-06-18 10:49:18,10343.25,0
2021-06-18 10:49:20,10342.5,0
2021-06-18 10:49:21,10341.95,0
2021-06-18 10:49:25,10341.55,0
2021-06-18 10:49:27,10340.55,0
2021-06-18 10:49:28,10338.0,0
2021-06-18 10:49:30,10337.05,0
2021-06-18 10:49:31,10337.45,0
2021-06-18 10:49:33,10337.55,0
2021-06-18 10:49:35,10337.35,0
2021-06-18 10:49:41,10333.65,0
2021-06-18 10:49:48,10333.4,0
2021-06-18 10:49:49,10333.35,0
2021-06-18 10:49:50,10333.45,0
2021-06-18 10:49:51,10331.85,0
2021-06-18 10:49:57,10331.2,0
2021-06-18 10:49:58,10330.1,0
2021-06-18 10:49:59,10329.65,0
2021-06-18 10:50:01,10328.05,0
2021-06-18 10:50:03,10326.0,0
2021-06-18 10:50:06,10325.65,0
2021-06-18 10:50:08,10326.2,0
2021-06-18 10:50:10,10325.6,0
2021-06-18 10:50:12,10326.75,0
2021-06-18 10:50:15,10328.8,0
2021-06-18 10:50:17,10329.3,0
2021-06-18 10:50:20,10328.8,0
2021-06-18 10:50:21,10328.1,0
2021-06-18 10:50:24,10328.3,0
2021-06-18 10:50:26,10327.75,0
2021-06-18 10:50:29,10327.45,0
2021-06-18 10:50:32,10327.0,0
2021-06-18 10:50:34,10327.45,0
2021-06-18 10:50:36,10325.45,0
2021-06-18 10:50:38,10324.95,0
2021-06-18 10:50:40,10326.45,0
2021-06-18 10:50:41,10325.3,0
2021-06-18 10:50:42,10325.5,0
2021-06-18 10:50:44,10325.95,0
2021-06-18 10:50:48,10325.85,0
2021-06-18 10:50:49,10325.4,0
2021-06-18 10:50:52,10323.35,0
2021-06-18 10:50:53,10323.5,0
2021-06-18 10:50:54,10322.85,0
2021-06-18 10:50:56,10324.7,0
2021-06-18 10:51:03,10328.25,0
2021-06-18 10:51:05,10328.15,0
2021-06-18 10:51:08,10328.0,0
2021-06-18 10:51:11,10321.9,0
2021-06-18 10:51:14,10323.95,0
2021-06-18 10:51:15,10323.0,0
2021-06-18 10:51:16,10324.45,0
2021-06-18 10:51:24,10321.1,0
2021-06-18 10:51:27,10319.7,0
2021-06-18 10:51:28,10319.95,0
2021-06-18 10:51:34,10318.6,0
2021-06-18 10:51:36,10316.6,0
2021-06-18 10:51:37,10318.65,0
2021-06-18 10:51:48,10318.1,0
2021-06-18 10:51:49,10316.9,0
2021-06-18 10:51:50,10317.3,0
2021-06-18 10:51:51,10316.95,0
2021-06-18 10:51:52,10314.95,0
2021-06-18 10:51:54,10314.8,0
2021-06-18 10:51:55,10314.3,0
2021-06-18 10:51:56,10314.3,0
2021-06-18 10:51:57,10314.0,0
2021-06-18 10:51:59,10313.1,0
2021-06-18 10:52:00,10313.0,0
2021-06-18 10:52:03,10311.6,0
2021-06-18 10:52:04,10312.55,0
2021-06-18 10:52:05,10311.55,0
2021-06-18 10:52:08,10310.95,0
2021-06-18 10:52:12,10310.5,0
2021-06-18 10:52:15,10309.95,0
2021-06-18 10:52:18,10309.65,0
2021-06-18 10:52:21,10306.4,0
2021-06-18 10:52:23,10308.6,0
2021-06-18 10:52:24,10310.35,0
2021-06-18 10:52:25,10311.2,0
2021-06-18 10:52:26,10311.75,0
2021-06-18 10:52:27,10309.9,0
2021-06-18 10:52:28,10311.7,0
2021-06-18 10:52:29,10311.05,0
2021-06-18 10:52:30,10310.1,0
2021-06-18 10:52:34,10309.7,0
2021-06-18 10:52:37,10309.3,0
2021-06-18 10:52:38,10310.5,0
2021-06-18 10:52:39,10310.9,0
2021-06-18 10:52:41,10310.25,0
2021-06-18 10:52:42,10310.6,0
2021-06-18 10:52:44,10308.95,0
2021-06-18 10:52:45,10310.05,0
2021-06-18 10:52:48,10309.65,0
2021-06-18 10:52:49,10308.25,0
2021-06-18 10:52:52,10308.05,0
2021-06-18 10:52:54,10307.65,0
2021-06-18 10:52:56,10309.3,0
2021-06-18 10:52:57,10309.35,0
2021-06-18 10:52:59,10308.8,0
2021-06-18 10:53:00,10309.35,0
2021-06-18 10:53:01,10309.55,0
2021-06-18 10:53:02,10309.0,0
2021-06-18 10:53:03,10309.25,0
2021-06-18 10:53:07,10306.4,0
2021-06-18 10:53:08,10306.25,0
2021-06-18 10:53:09,10307.65,0
2021-06-18 10:53:10,10306.2,0
2021-06-18 10:53:14,10307.15,0
2021-06-18 10:53:16,10307.85,0
2021-06-18 10:53:17,10309.3,0
2021-06-18 10:53:21,10311.8,0
2021-06-18 10:53:25,10308.95,0
2021-06-18 10:53:26,10311.2,0
2021-06-18 10:53:28,10311.85,0
2021-06-18 10:53:29,10312.05,0
2021-06-18 10:53:31,10312.6,0
2021-06-18 10:53:35,10311.2,0
2021-06-18 10:53:36,10311.7,0
2021-06-18 10:53:37,10312.8,0
2021-06-18 10:53:40,10311.85,0
2021-06-18 10:53:41,10311.2,0
2021-06-18 10:53:42,10311.05,0
2021-06-18 10:53:43,10311.85,0
2021-06-18 10:53:44,10313.0,0
2021-06-18 10:53:45,10313.25,0
2021-06-18 10:53:49,10312.05,0
2021-06-18 10:53:50,10311.65,0
2021-06-18 10:53:59,10311.5,0
2021-06-18 10:54:02,10310.25,0
2021-06-18 10:54:04,10310.6,0
2021-06-18 10:54:06,10307.95,0
2021-06-18 10:54:08,10307.45,0
2021-06-18 10:54:10,10307.75,0
2021-06-18 10:54:11,10307.6,0
2021-06-18 10:54:12,10309.65,0
2021-06-18 10:54:15,10310.15,0
2021-06-18 10:54:16,10309.7,0
2021-06-18 10:54:18,10307.5,0
2021-06-18 10:54:21,10305.6,0
2021-06-18 10:54:22,10305.3,0
2021-06-18 10:54:23,10305.6,0
2021-06-18 10:54:25,10305.2,0
2021-06-18 10:54:29,10303.8,0
2021-06-18 10:54:30,10303.55,0
2021-06-18 10:54:31,10303.7,0
2021-06-18 10:54:35,10302.4,0
2021-06-18 10:54:37,10303.45,0
2021-06-18 10:54:39,10304.85,0
2021-06-18 10:54:40,10305.25,0
2021-06-18 10:54:41,10304.35,0
2021-06-18 10:54:42,10305.05,0
2021-06-18 10:54:43,10304.4,0
2021-06-18 10:54:46,10301.45,0
2021-06-18 10:54:51,10300.35,0
2021-06-18 10:54:53,10301.35,0
2021-06-18 10:54:54,10301.1,0
2021-06-18 10:54:56,10299.8,0
2021-06-18 10:54:58,10299.25,0
2021-06-18 10:55:00,10299.5,0
2021-06-18 10:55:02,10294.25,0
2021-06-18 10:55:03,10294.1,0
2021-06-18 10:55:04,10293.6,0
2021-06-18 10:55:09,10288.55,0
2021-06-18 10:55:11,10287.8,0
2021-06-18 10:55:12,10288.3,0
2021-06-18 10:55:13,10286.9,0
2021-06-18 10:55:14,10286.95,0
2021-06-18 10:55:15,10286.6,0
2021-06-18 10:55:16,10287.6,0
2021-06-18 10:55:21,10292.55,0
2021-06-18 10:55:22,10291.55,0
2021-06-18 10:55:25,10292.9,0
2021-06-18 10:55:26,10293.45,0
2021-06-18 10:55:28,10294.6,0
2021-06-18 10:55:29,10293.25,0
2021-06-18 10:55:32,10290.35,0
2021-06-18 10:55:35,10289.05,0
2021-06-18 10:55:36,10289.35,0
2021-06-18 10:55:38,10288.0,0
2021-06-18 10:55:39,10288.65,0
2021-06-18 10:55:40,10287.5,0
2021-06-18 10:55:41,10287.55,0
2021-06-18 10:55:43,10285.65,0
2021-06-18 10:55:46,10286.85,0
2021-06-18 10:55:48,10285.9,0
2021-06-18 10:55:50,10285.75,0
2021-06-18 10:55:52,10287.4,0
2021-06-18 10:55:55,10286.35,0
2021-06-18 10:55:58,10286.55,0
2021-06-18 10:56:01,10284.5,0
2021-06-18 10:56:02,10283.3,0
2021-06-18 10:56:06,10282.5,0
2021-06-18 10:56:07,10281.3,0
2021-06-18 10:56:08,10281.05,0
2021-06-18 10:56:11,10279.6,0
2021-06-18 10:56:15,10278.85,0
2021-06-18 10:56:16,10278.45,0
2021-06-18 10:56:17,10278.55,0
2021-06-18 10:56:18,10276.5,0
2021-06-18 10:56:19,10276.75,0
2021-06-18 10:56:21,10277.45,0
2021-06-18 10:56:23,10277.6,0
2021-06-18 10:56:24,10278.5,0
2021-06-18 10:56:31,10277.55,0
2021-06-18 10:56:34,10277.4,0
2021-06-18 10:56:35,10278.7,0
2021-06-18 10:56:36,10278.7,0
2021-06-18 10:56:38,10278.2,0
2021-06-18 10:56:39,10276.5,0
2021-06-18 10:56:40,10277.1,0
2021-06-18 10:56:41,10277.65,0
2021-06-18 10:56:43,10277.75,0
2021-06-18 10:56:45,10281.05,0
2021-06-18 10:56:46,10281.2,0
2021-06-18 10:56:47,10282.1,0
2021-06-18 10:56:49,10281.5,0
2021-06-18 10:56:52,10276.6,0
2021-06-18 10:56:53,10277.95,0
2021-06-18 10:56:59,10276.65,0
2021-06-18 10:57:07,10273.95,0
2021-06-18 10:57:08,10273.7,0
2021-06-18 10:57:09,10272.1,0
2021-06-18 10:57:10,10270.9,0
2021-06-18 10:57:11,10271.45,0
2021-06-18 10:57:12,10270.9,0
2021-06-18 10:57:13,10272.05,0
2021-06-18 10:57:17,10270.85,0
2021-06-18 10:57:20,10269.1,0
2021-06-18 10:57:22,10270.15,0
2021-06-18 10:57:27,10268.6,0
2021-06-18 10:57:30,10263.95,0
2021-06-18 10:57:33,10260.1,0
2021-06-18 10:57:34,10259.8,0
2021-06-18 10:57:39,10258.65,0
2021-06-18 10:57:40,10257.65,0
2021-06-18 10:57:44,10257.15,0
2021-06-18 10:57:45,10256.7,0
2021-06-18 10:57:48,10256.05,0
2021-06-18 10:57:50,10261.5,0
2021-06-18 10:57:54,10265.3,0
2021-06-18 10:57:59,10257.75,0
2021-06-18 10:58:00,10257.9,0
2021-06-18 10:58:09,10257.2,0
2021-06-18 10:58:12,10254.75,0
2021-06-18 10:58:16,10255.1,0
2021-06-18 10:58:17,10254.9,0
2021-06-18 10:58:21,10257.7,0
2021-06-18 10:58:22,10259.8,0
2021-06-18 10:58:28,10259.7,0
2021-06-18 10:58:32,10261.2,0
2021-06-18 10:58:33,10261.75,0
2021-06-18 10:58:36,10260.6,0
2021-06-18 10:58:37,10259.0,0
2021-06-18 10:58:40,10257.4,0
2021-06-18 10:58:42,10257.5,0
2021-06-18 10:58:45,10256.85,0
2021-06-18 10:59:02,10252.5,0
2021-06-18 10:59:03,10250.55,0
2021-06-18 10:59:04,10250.9,0
2021-06-18 10:59:07,10250.5,0
2021-06-18 10:59:10,10250.5,0
2021-06-18 10:59:11,10248.95,0
2021-06-18 10:59:13,10248.75,0
2021-06-18 10:59:18,10245.35,0
2021-06-18 10:59:20,10242.8,0
2021-06-18 10:59:23,10242.85,0
2021-06-18 10:59:29,10239.95,0
2021-06-18 10:59:32,10239.4,0
2021-06-18 10:59:35,10239.35,0
2021-06-18 10:59:39,10240.25,0
2021-06-18 10:59:40,10239.15,0
2021-06-18 10:59:44,10235.45,0
2021-06-18 10:59:45,10235.9,0
2021-06-18 10:59:46,10235.2,0
2021-06-18 10:59:48,10236.8,0
2021-06-18 10:59:50,10238.0,0
2021-06-18 10:59:51,10237.55,0
2021-06-18 10:59:52,10238.25,0
2021-06-18 10:59:54,10236.95,0
2021-06-18 10:59:57,10230.4,0
2021-06-18 11:00:00,10231.3,0
2021-06-18 11:00:06,10239.35,0
2021-06-18 11:00:09,10249.15,0
2021-06-18 11:00:10,10248.8,0
2021-06-18 11:00:18,10241.05,0
2021-06-18 11:00:19,10243.25,0
2021-06-18 11:00:23,10242.75,0
2021-06-18 11:00:26,10247.45,0
2021-06-18 11:00:27,10247.65,0
2021-06-18 11:00:32,10248.35,0
2021-06-18 11:00:33,10248.75,0
2021-06-18 11:00:34,10249.15,0
2021-06-18 11:00:35,10251.6,0
2021-06-18 11:00:40,10254.75,0
2021-06-18 11:00:41,10258.45,0
2021-06-18 11:00:43,10259.5,0
2021-06-18 11:00:44,10259.2,0
2021-06-18 11:00:45,10258.95,0
2021-06-18 11:00:46,10261.4,0
2021-06-18 11:00:47,10261.75,0
2021-06-18 11:00:48,10262.6,0
2021-06-18 11:00:50,10263.8,0
2021-06-18 11:00:51,10265.35,0
2021-06-18 11:00:53,10266.4,0
2021-06-18 11:00:56,10264.3,0
2021-06-18 11:00:58,10266.05,0
2021-06-18 11:01:02,10271.8,0
2021-06-18 11:01:03,10273.85,0
2021-06-18 11:01:07,10280.95,0
2021-06-18 11:01:09,10283.35,0
2021-06-18 11:01:15,10287.9,0
2021-06-18 11:01:16,10288.55,0
2021-06-18 11:01:22,10293.45,0
2021-06-18 11:01:24,10291.9,0
2021-06-18 11:01:33,10295.4,0
2021-06-18 11:01:34,10295.4,0
2021-06-18 11:01:37,10296.15,0
2021-06-18 11:01:39,10297.65,0
2021-06-18 11:01:40,10296.6,0
2021-06-18 11:01:43,10297.2,0
2021-06-18 11:01:44,10298.25,0
2021-06-18 11:01:47,10298.95,0
2021-06-18 11:01:51,10297.95,0
2021-06-18 11:01:52,10296.45,0
2021-06-18 11:01:54,10295.1,0
2021-06-18 11:01:57,10293.75,0
2021-06-18 11:02:00,10293.85,0
2021-06-18 11:02:01,10294.2,0
2021-06-18 11:02:02,10293.45,0
2021-06-18 11:02:04,10290.3,0
2021-06-18 11:02:12,10289.65,0
2021-06-18 11:02:17,10295.25,0
2021-06-18 11:02:18,10297.65,0
2021-06-18 11:02:22,10299.4,0
2021-06-18 11:02:24,10300.95,0
2021-06-18 11:02:29,10306.1,0
2021-06-18 11:02:32,10306.0,0
2021-06-18 11:02:33,10306.45,0
2021-06-18 11:02:34,10306.55,0
2021-06-18 11:02:35,10306.1,0
2021-06-18 11:02:37,10304.1,0
2021-06-18 11:02:45,10306.0,0
2021-06-18 11:02:46,10306.95,0
2021-06-18 11:02:48,10308.1,0
2021-06-18 11:02:51,10308.4,0
2021-06-18 11:02:59,10310.15,0
2021-06-18 11:03:01,10310.15,0
2021-06-18 11:03:02,10313.0,0
2021-06-18 11:03:04,10313.35,0
2021-06-18 11:03:06,10312.8,0
2021-06-18 11:03:07,10311.05,0
2021-06-18 11:03:10,10308.15,0
2021-06-18 11:03:12,10306.1,0
2021-06-18 11:03:13,10304.85,0
2021-06-18 11:03:15,10300.3,0
2021-06-18 11:03:16,10300.05,0
2021-06-18 11:03:17,10302.0,0
2021-06-18 11:03:20,10300.55,0
2021-06-18 11:03:22,10301.2,0
2021-06-18 11:03:24,10300.9,0
2021-06-18 11:03:25,10301.15,0
2021-06-18 11:03:27,10297.85,0
2021-06-18 11:03:28,10296.75,0
2021-06-18 11:03:30,10298.25,0
2021-06-18 11:03:32,10300.65,0
2021-06-18 11:03:37,10302.1,0
2021-06-18 11:03:41,10304.45,0
2021-06-18 11:03:43,10305.7,0
2021-06-18 11:03:47,10303.45,0
2021-06-18 11:03:49,10302.6,0
2021-06-18 11:03:52,10302.1,0
2021-06-18 11:03:53,10303.15,0
2021-06-18 11:03:54,10302.65,0
2021-06-18 11:03:55,10302.75,0
2021-06-18 11:03:56,10300.85,0
2021-06-18 11:04:00,10300.45,0
2021-06-18 11:04:02,10299.25,0
2021-06-18 11:04:03,10299.35,0
2021-06-18 11:04:04,10297.75,0
2021-06-18 11:04:06,10290.75,0
2021-06-18 11:04:07,10288.65,0
2021-06-18 11:04:15,10280.9,0
2021-06-18 11:04:20,10272.5,0
2021-06-18 11:04:21,10271.9,0
2021-06-18 11:04:23,10273.2,0
2021-06-18 11:04:24,10270.7,0
2021-06-18 11:04:25,10271.3,0
2021-06-18 11:04:30,10275.2,0
2021-06-18 11:04:31,10274.45,0
2021-06-18 11:04:34,10273.35,0
2021-06-18 11:04:39,10273.85,0
2021-06-18 11:04:40,10274.4,0
2021-06-18 11:04:42,10273.2,0
2021-06-18 11:04:46,10270.25,0
2021-06-18 11:04:48,10270.2,0
2021-06-18 11:04:49,10269.5,0
2021-06-18 11:04:50,10268.15,0
2021-06-18 11:04:51,10268.7,0
2021-06-18 11:04:53,10267.95,0
2021-06-18 11:04:56,10265.35,0
2021-06-18 11:05:00,10266.6,0
2021-06-18 11:05:01,10266.8,0
2021-06-18 11:05:02,10267.6,0
2021-06-18 11:05:05,10269.25,0
2021-06-18 11:05:06,10270.75,0
2021-06-18 11:05:07,10270.15,0
2021-06-18 11:05:08,10272.2,0
2021-06-18 11:05:10,10273.15,0
2021-06-18 11:05:11,10272.15,0
2021-06-18 11:05:14,10272.5,0
2021-06-18 11:05:18,10269.1,0
2021-06-18 11:05:19,10267.75,0
2021-06-18 11:05:22,10268.55,0
2021-06-18 11:05:23,10268.0,0
2021-06-18 11:05:27,10267.2,0
2021-06-18 11:05:28,10267.25,0
2021-06-18 11:05:30,10266.5,0
2021-06-18 11:05:32,10266.05,0
2021-06-18 11:05:34,10266.55,0
2021-06-18 11:05:39,10267.95,0
2021-06-18 11:05:42,10270.65,0
2021-06-18 11:05:45,10271.35,0
2021-06-18 11:05:46,10272.5,0
2021-06-18 11:05:49,10280.3,0
2021-06-18 11:05:50,10281.9,0
2021-06-18 11:05:51,10281.5,0
2021-06-18 11:05:53,10281.6,0
2021-06-18 11:05:57,10284.25,0
2021-06-18 11:05:59,10284.15,0
2021-06-18 11:06:00,10282.5,0
2021-06-18 11:06:01,10282.85,0
2021-06-18 11:06:02,10284.3,0
2021-06-18 11:06:05,10287.9,0
2021-06-18 11:06:06,10289.55,0
2021-06-18 11:06:10,10287.8,0
2021-06-18 11:06:11,10289.45,0
2021-06-18 11:06:12,10290.85,0
2021-06-18 11:06:13,10293.75,0
2021-06-18 11:06:17,10296.45,0
2021-06-18 11:06:20,10295.9,0
2021-06-18 11:06:25,10290.8,0
2021-06-18 11:06:28,10291.75,0
2021-06-18 11:06:29,10292.5,0
2021-06-18 11:06:30,10292.8,0
2021-06-18 11:06:31,10293.15,0
2021-06-18 11:06:32,10293.0,0
2021-06-18 11:06:33,10292.2,0
2021-06-18 11:06:34,10292.9,0
2021-06-18 11:06:36,10293.05,0
2021-06-18 11:06:44,10295.55,0
2021-06-18 11:06:46,10297.0,0
2021-06-18 11:06:49,10297.6,0
2021-06-18 11:06:52,10301.75,0
2021-06-18 11:06:58,10300.0,0
2021-06-18 11:07:02,10300.05,0
2021-06-18 11:07:03,10300.05,0
2021-06-18 11:07:05,10301.25,0
2021-06-18 11:07:06,10302.55,0
2021-06-18 11:07:07,10304.85,0
2021-06-18 11:07:09,10304.4,0
2021-06-18 11:07:10,10306.35,0
2021-06-18 11:07:11,10305.95,0
2021-06-18 11:07:13,10306.45,0
2021-06-18 11:07:14,10307.1,0
2021-06-18 11:07:16,10308.25,0
2021-06-18 11:07:17,10309.0,0
2021-06-18 11:07:18,10310.15,0
2021-06-18 11:07:24,10308.85,0
2021-06-18 11:07:25,10309.0,0
2021-06-18 11:07:26,10309.2,0
2021-06-18 11:07:27,10308.9,0
2021-06-18 11:07:28,10307.15,0
2021-06-18 11:07:30,10304.25,0
2021-06-18 11:07:31,10303.4,0
2021-06-18 11:07:35,10300.85,0
2021-06-18 11:07:39,10302.35,0
2021-06-18 11:07:41,10299.45,0
2021-06-18 11:07:42,10300.6,0
2021-06-18 11:07:43,10300.6,0
2021-06-18 11:07:49,10305.05,0
2021-06-18 11:07:50,10305.7,0
2021-06-18 11:07:52,10306.85,0
2021-06-18 11:07:53,10305.8,0
2021-06-18 11:07:54,10305.4,0
2021-06-18 11:07:58,10302.8,0
2021-06-18 11:07:59,10302.55,0
2021-06-18 11:08:02,10303.0,0
2021-06-18 11:08:03,10302.45,0
2021-06-18 11:08:05,10304.85,0
2021-06-18 11:08:06,10303.85,0
2021-06-18 11:08:07,10304.55,0
2021-06-18 11:08:10,10303.85,0
2021-06-18 11:08:11,10306.1,0
2021-06-18 11:08:12,10305.25,0
2021-06-18 11:08:13,10305.55,0
2021-06-18 11:08:15,10308.35,0
2021-06-18 11:08:16,10309.7,0
2021-06-18 11:08:21,10310.85,0
2021-06-18 11:08:22,10309.0,0
2021-06-18 11:08:29,10309.9,0
2021-06-18 11:08:36,10310.8,0
2021-06-18 11:08:37,10310.25,0
2021-06-18 11:08:38,10309.8,0
2021-06-18 11:08:45,10311.4,0
2021-06-18 11:08:46,10309.7,0
2021-06-18 11:08:51,10306.85,0
2021-06-18 11:08:52,10305.9,0
2021-06-18 11:08:53,10305.65,0
2021-06-18 11:09:02,10309.25,0
2021-06-18 11:09:07,10306.2,0
2021-06-18 11:09:08,10307.0,0
2021-06-18 11:09:09,10307.85,0
2021-06-18 11:09:11,10307.0,0
2021-06-18 11:09:12,10305.25,0
2021-06-18 11:09:13,10306.8,0
2021-06-18 11:09:15,10304.6,0
2021-06-18 11:09:17,10307.6,0
2021-06-18 11:09:18,10305.95,0
2021-06-18 11:09:24,10305.15,0
2021-06-18 11:09:27,10305.1,0
2021-06-18 11:09:28,10305.2,0
2021-06-18 11:09:29,10302.45,0
2021-06-18 11:09:32,10300.05,0
2021-06-18 11:09:36,10300.55,0
2021-06-18 11:09:37,10300.65,0
2021-06-18 11:09:39,10300.3,0
2021-06-18 11:09:40,10300.0,0
2021-06-18 11:09:41,10300.4,0
2021-06-18 11:09:42,10300.45,0
2021-06-18 11:09:43,10299.85,0
2021-06-18 11:09:44,10299.9,0
2021-06-18 11:09:46,10298.45,0
2021-06-18 11:09:49,10301.5,0
2021-06-18 11:09:50,10300.8,0
2021-06-18 11:09:54,10301.2,0
2021-06-18 11:09:55,10301.85,0
2021-06-18 11:09:56,10300.7,0
2021-06-18 11:09:58,10300.1,0
2021-06-18 11:10:00,10302.45,0
2021-06-18 11:10:01,10302.95,0
2021-06-18 11:10:04,10305.05,0
2021-06-18 11:10:05,10305.6,0
2021-06-18 11:10:06,10305.9,0
2021-06-18 11:10:09,10305.75,0
2021-06-18 11:10:11,10306.3,0
2021-06-18 11:10:13,10307.95,0
2021-06-18 11:10:14,10306.5,0
2021-06-18 11:10:17,10308.95,0
2021-06-18 11:10:19,10310.9,0
2021-06-18 11:10:20,10310.35,0
2021-06-18 11:10:21,10311.55,0
2021-06-18 11:10:22,10311.75,0
2021-06-18 11:10:23,10309.95,0
2021-06-18 11:10:24,10310.25,0
2021-06-18 11:10:27,10309.5,0
2021-06-18 11:10:29,10310.1,0
2021-06-18 11:10:33,10310.65,0
2021-06-18 11:10:36,10311.55,0
2021-06-18 11:10:38,10311.85,0
2021-06-18 11:10:40,10310.0,0
2021-06-18 11:10:44,10307.55,0
2021-06-18 11:10:46,10307.1,0
2021-06-18 11:10:47,10307.65,0
2021-06-18 11:10:49,10307.85,0
2021-06-18 11:10:50,10307.1,0
2021-06-18 11:10:51,10306.85,0
2021-06-18 11:10:52,10306.1,0
2021-06-18 11:10:53,10305.55,0
2021-06-18 11:10:55,10305.8,0
2021-06-18 11:11:01,10299.8,0
2021-06-18 11:11:10,10296.25,0
2021-06-18 11:11:13,10296.95,0
2021-06-18 11:11:14,10298.25,0
2021-06-18 11:11:16,10298.25,0
2021-06-18 11:11:18,10298.15,0
2021-06-18 11:11:21,10298.3,0
2021-06-18 11:11:22,10299.95,0
2021-06-18 11:11:23,10299.6,0
2021-06-18 11:11:25,10299.3,0
2021-06-18 11:11:30,10300.9,0
2021-06-18 11:11:32,10300.75,0
2021-06-18 11:11:37,10302.3,0
2021-06-18 11:11:38,10301.45,0
2021-06-18 11:11:39,10303.7,0
2021-06-18 11:11:43,10303.5,0
2021-06-18 11:11:47,10305.6,0
2021-06-18 11:11:49,10306.75,0
2021-06-18 11:11:51,10304.5,0
2021-06-18 11:11:52,10302.7,0
2021-06-18 11:11:56,10301.9,0
2021-06-18 11:11:57,10301.95,0
2021-06-18 11:11:59,10301.5,0
2021-06-18 11:12:02,10301.65,0
2021-06-18 11:12:03,10302.85,0
2021-06-18 11:12:04,10301.45,0
2021-06-18 11:12:06,10301.95,0
2021-06-18 11:12:07,10304.1,0
2021-06-18 11:12:09,10301.6,0
2021-06-18 11:12:11,10300.35,0
2021-06-18 11:12:21,10301.9,0
2021-06-18 11:12:22,10303.25,0
2021-06-18 11:12:25,10306.85,0
2021-06-18 11:12:27,10307.3,0
2021-06-18 11:12:30,10308.9,0
2021-06-18 11:12:36,10312.65,0
2021-06-18 11:12:37,10314.0,0
2021-06-18 11:12:39,10312.4,0
2021-06-18 11:12:46,10314.1,0
2021-06-18 11:12:48,10312.9,0
2021-06-18 11:12:53,10315.8,0
2021-06-18 11:12:54,10316.0,0
2021-06-18 11:12:57,10315.35,0
2021-06-18 11:12:59,10315.25,0
2021-06-18 11:13:01,10315.65,0
2021-06-18 11:13:03,10317.6,0
2021-06-18 11:13:09,10317.7,0
2021-06-18 11:13:11,10317.95,0
2021-06-18 11:13:15,10317.65,0
2021-06-18 11:13:18,10315.0,0
2021-06-18 11:13:19,10314.25,0
2021-06-18 11:13:22,10315.15,0
2021-06-18 11:13:23,10314.7,0
2021-06-18 11:13:28,10317.65,0
2021-06-18 11:13:31,10319.9,0
2021-06-18 11:13:32,10319.35,0
2021-06-18 11:13:33,10320.35,0
2021-06-18 11:13:35,10318.15,0
2021-06-18 11:13:38,10318.2,0
2021-06-18 11:13:41,10318.75,0
2021-06-18 11:13:43,10319.45,0
2021-06-18 11:13:46,10319.5,0
2021-06-18 11:13:48,10318.1,0
2021-06-18 11:13:50,10318.5,0
2021-06-18 11:13:52,10319.35,0
2021-06-18 11:13:53,10319.2,0
2021-06-18 11:13:54,10319.9,0
2021-06-18 11:13:57,10319.5,0
2021-06-18 11:14:02,10320.8,0
2021-06-18 11:14:05,10320.35,0
2021-06-18 11:14:06,10319.85,0
2021-06-18 11:14:07,10320.9,0
2021-06-18 11:14:10,10321.2,0
2021-06-18 11:14:11,10321.3,0
2021-06-18 11:14:13,10322.15,0
2021-06-18 11:14:17,10322.1,0
2021-06-18 11:14:19,10323.8,0
2021-06-18 11:14:21,10323.4,0
2021-06-18 11:14:22,10322.95,0
