timestamp,ltp,volume
2021-06-18 09:18:43,18278.55,0
2021-06-18 09:18:45,18278.2,0
2021-06-18 09:18:46,18280.35,0
2021-06-18 09:18:47,18279.85,0
2021-06-18 09:18:48,18280.05,0
2021-06-18 09:18:56,18271.0,0
2021-06-18 09:19:00,18269.45,0
2021-06-18 09:19:01,18267.4,0
2021-06-18 09:19:03,18263.5,0
2021-06-18 09:19:04,18259.7,0
2021-06-18 09:19:08,18240.0,0
2021-06-18 09:19:09,18239.65,0
2021-06-18 09:19:12,18243.85,0
2021-06-18 09:19:16,18249.35,0
2021-06-18 09:19:17,18247.2,0
2021-06-18 09:19:18,18249.5,0
2021-06-18 09:19:25,18248.25,0
2021-06-18 09:19:28,18247.85,0
2021-06-18 09:19:29,18254.2,0
2021-06-18 09:19:30,18252.65,0
2021-06-18 09:19:31,18250.3,0
2021-06-18 09:19:32,18250.65,0
2021-06-18 09:19:48,18245.5,0
2021-06-18 09:19:50,18246.35,0
2021-06-18 09:19:51,18236.45,0
2021-06-18 09:19:52,18232.65,0
2021-06-18 09:19:53,18230.95,0
2021-06-18 09:19:54,18231.05,0
2021-06-18 09:19:56,18231.65,0
2021-06-18 09:20:02,18218.95,0
2021-06-18 09:20:04,18217.45,0
2021-06-18 09:20:06,18213.1,0
2021-06-18 09:20:07,18213.15,0
2021-06-18 09:20:10,18210.85,0
2021-06-18 09:20:13,18204.15,0
2021-06-18 09:20:14,18208.75,0
2021-06-18 09:20:18,18215.1,0
2021-06-18 09:20:28,18211.15,0
2021-06-18 09:20:29,18213.3,0
2021-06-18 09:20:30,18211.6,0
2021-06-18 09:20:33,18214.55,0
2021-06-18 09:20:37,18211.3,0
2021-06-18 09:20:38,18210.95,0
2021-06-18 09:20:39,18209.55,0
2021-06-18 09:20:42,18204.05,0
2021-06-18 09:20:45,18197.05,0
2021-06-18 09:20:47,18193.0,0
2021-06-18 09:20:48,18196.6,0
2021-06-18 09:20:53,18205.3,0
2021-06-18 09:20:57,18202.5,0
2021-06-18 09:21:00,18205.9,0
2021-06-18 09:21:01,18203.7,0
2021-06-18 09:21:06,18198.6,0
2021-06-18 09:21:07,18198.2,0
2021-06-18 09:21:09,18194.2,0
2021-06-18 09:21:11,18189.9,0
2021-06-18 09:21:12,18187.35,0
2021-06-18 09:21:15,18183.65,0
2021-06-18 09:21:17,18181.35,0
2021-06-18 09:21:19,18179.4,0
2021-06-18 09:21:20,18178.25,0
2021-06-18 09:21:21,18178.6,0
2021-06-18 09:21:24,18182.5,0
2021-06-18 09:21:33,18195.55,0
2021-06-18 09:21:37,18193.9,0
2021-06-18 09:21:41,18195.65,0
2021-06-18 09:21:44,18194.55,0
2021-06-18 09:21:46,18191.0,0
2021-06-18 09:21:47,18189.25,0
2021-06-18 09:21:50,18184.7,0
2021-06-18 09:21:52,18182.45,0
2021-06-18 09:21:53,18185.7,0
2021-06-18 09:21:56,18184.65,0
2021-06-18 09:21:58,18181.5,0
2021-06-18 09:21:59,18182.7,0
2021-06-18 09:22:01,18180.25,0
2021-06-18 09:22:03,18182.0,0
2021-06-18 09:22:05,18182.15,0
2021-06-18 09:22:06,18184.85,0
2021-06-18 09:22:08,18187.3,0
2021-06-18 09:22:10,18184.2,0
2021-06-18 09:22:14,18184.1,0
2021-06-18 09:22:17,18180.6,0
2021-06-18 09:22:18,18174.7,0
2021-06-18 09:22:21,18179.4,0
2021-06-18 09:22:23,18180.3,0
2021-06-18 09:22:24,18178.45,0
2021-06-18 09:22:25,18182.45,0
2021-06-18 09:22:31,18165.55,0
2021-06-18 09:22:34,18168.3,0
2021-06-18 09:22:36,18169.55,0
2021-06-18 09:22:38,18168.9,0
2021-06-18 09:22:40,18173.0,0
2021-06-18 09:22:43,18176.9,0
2021-06-18 09:22:49,18175.85,0
2021-06-18 09:22:56,18180.3,0
2021-06-18 09:22:59,18182.7,0
2021-06-18 09:23:01,18179.95,0
2021-06-18 09:23:07,18181.95,0
2021-06-18 09:23:09,18182.1,0
2021-06-18 09:23:10,18180.15,0
2021-06-18 09:23:16,18188.35,0
2021-06-18 09:23:18,18187.75,0
2021-06-18 09:23:19,18188.6,0
2021-06-18 09:23:24,18192.55,0
2021-06-18 09:23:27,18195.25,0
2021-06-18 09:23:29,18195.95,0
2021-06-18 09:23:31,18194.6,0
2021-06-18 09:23:40,18203.95,0
2021-06-18 09:23:41,18202.0,0
2021-06-18 09:23:43,18203.65,0
2021-06-18 09:23:46,18209.0,0
2021-06-18 09:23:49,18209.5,0
2021-06-18 09:23:50,18211.05,0
2021-06-18 09:23:51,18211.9,0
2021-06-18 09:23:52,18211.95,0
2021-06-18 09:23:53,18215.9,0
2021-06-18 09:23:54,18218.9,0
2021-06-18 09:23:58,18218.3,0
2021-06-18 09:24:01,18219.25,0
2021-06-18 09:24:03,18219.7,0
2021-06-18 09:24:08,18213.75,0
2021-06-18 09:24:12,18210.3,0
2021-06-18 09:24:15,18210.65,0
2021-06-18 09:24:16,18209.5,0
2021-06-18 09:24:18,18208.9,0
2021-06-18 09:24:19,18208.25,0
2021-06-18 09:24:20,18213.4,0
2021-06-18 09:24:22,18214.25,0
2021-06-18 09:24:23,18216.6,0
2021-06-18 09:24:27,18216.0,0
2021-06-18 09:24:30,18221.35,0
2021-06-18 09:24:31,18218.05,0
2021-06-18 09:24:34,18225.85,0
2021-06-18 09:24:38,18234.1,0
2021-06-18 09:24:42,18230.5,0
2021-06-18 09:24:44,18234.6,0
2021-06-18 09:24:46,18231.65,0
2021-06-18 09:24:48,18234.4,0
2021-06-18 09:24:49,18236.15,0
2021-06-18 09:24:51,18234.9,0
2021-06-18 09:24:52,18234.3,0
2021-06-18 09:24:54,18234.65,0
2021-06-18 09:24:55,18231.3,0
2021-06-18 09:24:58,18232.8,0
2021-06-18 09:25:03,18227.45,0
2021-06-18 09:25:05,18231.3,0
2021-06-18 09:25:06,18231.15,0
2021-06-18 09:25:08,18232.2,0
2021-06-18 09:25:12,18238.8,0
2021-06-18 09:25:14,18240.3,0
2021-06-18 09:25:19,18243.4,0
2021-06-18 09:25:24,18249.4,0
2021-06-18 09:25:25,18250.1,0
2021-06-18 09:25:27,18249.95,0
2021-06-18 09:25:28,18251.15,0
2021-06-18 09:25:30,18252.1,0
2021-06-18 09:25:31,18254.65,0
2021-06-18 09:25:35,18260.5,0
2021-06-18 09:25:45,18262.85,0
2021-06-18 09:25:52,18243.5,0
2021-06-18 09:25:53,18246.45,0
2021-06-18 09:25:54,18249.0,0
2021-06-18 09:25:57,18244.0,0
2021-06-18 09:26:00,18250.6,0
2021-06-18 09:26:01,18254.65,0
2021-06-18 09:26:07,18254.85,0
2021-06-18 09:26:13,18246.45,0
2021-06-18 09:26:16,18250.65,0
2021-06-18 09:26:19,18250.35,0
2021-06-18 09:26:20,18246.75,0
2021-06-18 09:26:21,18248.4,0
2021-06-18 09:26:22,18246.25,0
2021-06-18 09:26:23,18244.65,0
2021-06-18 09:26:26,18239.2,0
2021-06-18 09:26:28,18237.65,0
2021-06-18 09:26:29,18239.55,0
2021-06-18 09:26:44,18235.35,0
2021-06-18 09:26:46,18240.85,0
2021-06-18 09:26:48,18239.1,0
2021-06-18 09:26:50,18241.95,0
2021-06-18 09:26:52,18239.75,0
2021-06-18 09:26:53,18243.65,0
2021-06-18 09:26:54,18242.65,0
2021-06-18 09:26:55,18239.1,0
2021-06-18 09:27:01,18238.85,0
2021-06-18 09:27:07,18241.75,0
2021-06-18 09:27:08,18235.15,0
2021-06-18 09:27:10,18233.4,0
2021-06-18 09:27:13,18234.8,0
2021-06-18 09:27:14,18232.7,0
2021-06-18 09:27:18,18233.2,0
2021-06-18 09:27:20,18232.45,0
2021-06-18 09:27:21,18232.3,0
2021-06-18 09:27:23,18226.1,0
2021-06-18 09:27:28,18225.6,0
2021-06-18 09:27:30,18227.6,0
2021-06-18 09:27:32,18226.15,0
2021-06-18 09:27:33,18228.3,0
2021-06-18 09:27:35,18226.2,0
2021-06-18 09:27:36,18226.65,0
2021-06-18 09:27:41,18233.75,0
2021-06-18 09:27:42,18235.45,0
2021-06-18 09:27:44,18235.05,0
2021-06-18 09:27:51,18240.3,0
2021-06-18 09:27:57,18240.1,0
2021-06-18 09:27:58,18243.15,0
2021-06-18 09:28:03,18235.15,0
2021-06-18 09:28:08,18229.1,0
2021-06-18 09:28:14,18234.3,0
2021-06-18 09:28:15,18233.6,0
2021-06-18 09:28:16,18234.1,0
2021-06-18 09:28:19,18239.2,0
2021-06-18 09:28:20,18239.95,0
2021-06-18 09:28:21,18240.1,0
2021-06-18 09:28:25,18242.0,0
2021-06-18 09:28:27,18243.7,0
2021-06-18 09:28:29,18240.9,0
2021-06-18 09:28:30,18240.75,0
2021-06-18 09:28:40,18246.9,0
2021-06-18 09:28:41,18247.85,0
2021-06-18 09:28:42,18247.1,0
2021-06-18 09:28:46,18244.5,0
2021-06-18 09:28:48,18244.95,0
2021-06-18 09:28:49,18244.5,0
2021-06-18 09:28:51,18247.9,0
2021-06-18 09:28:52,18247.7,0
2021-06-18 09:28:58,18251.35,0
2021-06-18 09:29:02,18256.45,0
2021-06-18 09:29:09,18243.3,0
2021-06-18 09:29:11,18243.25,0
2021-06-18 09:29:14,18241.65,0
2021-06-18 09:29:15,18243.5,0
2021-06-18 09:29:17,18244.9,0
2021-06-18 09:29:18,18245.75,0
2021-06-18 09:29:19,18245.6,0
2021-06-18 09:29:20,18246.65,0
2021-06-18 09:29:21,18245.4,0
2021-06-18 09:29:24,18246.7,0
2021-06-18 09:29:29,18247.4,0
2021-06-18 09:29:38,18244.1,0
2021-06-18 09:29:41,18244.6,0
2021-06-18 09:29:45,18241.0,0
2021-06-18 09:29:46,18241.55,0
2021-06-18 09:29:50,18246.15,0
2021-06-18 09:29:52,18240.75,0
2021-06-18 09:29:53,18244.55,0
2021-06-18 09:29:54,18247.35,0
2021-06-18 09:29:55,18245.35,0
2021-06-18 09:30:00,18246.95,0
2021-06-18 09:30:01,18244.2,0
2021-06-18 09:30:03,18247.2,0
2021-06-18 09:30:06,18240.25,0
2021-06-18 09:30:09,18244.25,0
2021-06-18 09:30:13,18238.95,0
2021-06-18 09:30:23,18240.25,0
2021-06-18 09:30:26,18236.6,0
2021-06-18 09:30:27,18237.2,0
2021-06-18 09:30:32,18237.05,0
2021-06-18 09:30:38,18232.55,0
2021-06-18 09:30:42,18230.55,0
2021-06-18 09:30:47,18227.6,0
2021-06-18 09:30:58,18221.15,0
2021-06-18 09:30:59,18220.05,0
2021-06-18 09:31:08,18222.55,0
2021-06-18 09:31:09,18223.35,0
2021-06-18 09:31:11,18219.15,0
2021-06-18 09:31:14,18223.35,0
2021-06-18 09:31:17,18221.45,0
2021-06-18 09:31:20,18221.7,0
2021-06-18 09:31:21,18223.55,0
2021-06-18 09:31:25,18222.4,0
2021-06-18 09:31:26,18223.9,0
2021-06-18 09:31:29,18231.15,0
2021-06-18 09:31:32,18234.05,0
2021-06-18 09:31:35,18233.2,0
2021-06-18 09:31:40,18233.0,0
2021-06-18 09:31:41,18229.8,0
2021-06-18 09:31:45,18229.5,0
2021-06-18 09:31:47,18228.9,0
2021-06-18 09:31:48,18230.0,0
2021-06-18 09:31:49,18229.95,0
2021-06-18 09:31:59,18232.35,0
2021-06-18 09:32:01,18232.2,0
2021-06-18 09:32:03,18231.6,0
2021-06-18 09:32:10,18232.2,0
2021-06-18 09:32:12,18231.1,0
2021-06-18 09:32:15,18230.0,0
2021-06-18 09:32:19,18229.2,0
2021-06-18 09:32:22,18228.0,0
2021-06-18 09:32:23,18225.7,0
2021-06-18 09:32:24,18225.85,0
2021-06-18 09:32:26,18227.05,0
2021-06-18 09:32:29,18226.1,0
2021-06-18 09:32:30,18226.95,0
2021-06-18 09:32:33,18227.1,0
2021-06-18 09:32:35,18226.95,0
2021-06-18 09:32:36,18227.45,0
2021-06-18 09:32:37,18228.2,0
2021-06-18 09:32:40,18227.25,0
2021-06-18 09:32:43,18225.7,0
2021-06-18 09:32:44,18227.05,0
2021-06-18 09:32:46,18224.8,0
2021-06-18 09:32:48,18226.25,0
2021-06-18 09:32:52,18225.3,0
2021-06-18 09:32:59,18230.15,0
2021-06-18 09:33:02,18230.65,0
2021-06-18 09:33:06,18228.8,0
2021-06-18 09:33:07,18226.55,0
2021-06-18 09:33:09,18226.85,0
2021-06-18 09:33:13,18226.0,0
2021-06-18 09:33:15,18223.3,0
2021-06-18 09:33:17,18225.2,0
2021-06-18 09:33:19,18224.65,0
2021-06-18 09:33:22,18223.7,0
2021-06-18 09:33:23,18223.5,0
2021-06-18 09:33:24,18225.6,0
2021-06-18 09:33:25,18222.05,0
2021-06-18 09:33:26,18223.75,0
2021-06-18 09:33:27,18221.0,0
2021-06-18 09:33:28,18223.1,0
2021-06-18 09:33:33,18218.8,0
2021-06-18 09:33:34,18219.25,0
2021-06-18 09:33:40,18217.1,0
2021-06-18 09:33:45,18216.25,0
2021-06-18 09:33:51,18214.15,0
2021-06-18 09:33:54,18208.0,0
2021-06-18 09:33:56,18205.65,0
2021-06-18 09:34:02,18203.9,0
2021-06-18 09:34:05,18201.45,0
2021-06-18 09:34:06,18202.95,0
2021-06-18 09:34:12,18203.15,0
2021-06-18 09:34:13,18201.9,0
2021-06-18 09:34:19,18209.65,0
2021-06-18 09:34:22,18209.65,0
2021-06-18 09:34:23,18212.75,0
2021-06-18 09:34:24,18214.65,0
2021-06-18 09:34:38,18215.65,0
2021-06-18 09:34:43,18209.6,0
2021-06-18 09:34:44,18204.4,0
2021-06-18 09:34:45,18205.3,0
2021-06-18 09:34:48,18204.35,0
2021-06-18 09:34:56,18208.5,0
2021-06-18 09:34:57,18210.65,0
2021-06-18 09:34:58,18211.75,0
2021-06-18 09:35:02,18208.65,0
2021-06-18 09:35:10,18205.65,0
2021-06-18 09:35:11,18206.65,0
2021-06-18 09:35:14,18205.75,0
2021-06-18 09:35:15,18203.95,0
2021-06-18 09:35:17,18199.2,0
2021-06-18 09:35:18,18199.55,0
2021-06-18 09:35:24,18202.0,0
2021-06-18 09:35:26,18202.2,0
2021-06-18 09:35:27,18197.15,0
2021-06-18 09:35:31,18197.65,0
2021-06-18 09:35:37,18195.8,0
2021-06-18 09:35:39,18197.75,0
2021-06-18 09:35:40,18194.05,0
2021-06-18 09:35:41,18196.95,0
2021-06-18 09:35:45,18192.15,0
2021-06-18 09:35:47,18193.75,0
2021-06-18 09:35:49,18193.95,0
2021-06-18 09:35:54,18193.25,0
2021-06-18 09:35:55,18194.0,0
2021-06-18 09:35:58,18190.95,0
2021-06-18 09:36:01,18188.2,0
2021-06-18 09:36:03,18191.4,0
2021-06-18 09:36:06,18185.35,0
2021-06-18 09:36:08,18179.4,0
2021-06-18 09:36:09,18180.8,0
2021-06-18 09:36:12,18177.4,0
2021-06-18 09:36:13,18175.85,0
2021-06-18 09:36:19,18176.15,0
2021-06-18 09:36:20,18176.5,0
2021-06-18 09:36:22,18178.95,0
2021-06-18 09:36:24,18181.0,0
2021-06-18 09:36:25,18177.0,0
2021-06-18 09:36:26,18180.1,0
2021-06-18 09:36:28,18178.1,0
2021-06-18 09:36:29,18179.0,0
2021-06-18 09:36:36,18177.55,0
2021-06-18 09:36:38,18177.75,0
2021-06-18 09:36:41,18174.55,0
2021-06-18 09:36:44,18176.0,0
2021-06-18 09:36:47,18176.5,0
2021-06-18 09:36:49,18173.15,0
2021-06-18 09:36:50,18175.6,0
2021-06-18 09:36:54,18178.15,0
2021-06-18 09:36:55,18181.75,0
2021-06-18 09:36:58,18181.55,0
2021-06-18 09:37:02,18181.65,0
2021-06-18 09:37:03,18182.75,0
2021-06-18 09:37:04,18182.1,0
2021-06-18 09:37:06,18179.8,0
2021-06-18 09:37:07,18175.3,0
2021-06-18 09:37:08,18174.85,0
2021-06-18 09:37:09,18177.45,0
2021-06-18 09:37:11,18176.9,0
2021-06-18 09:37:16,18172.15,0
2021-06-18 09:37:17,18170.75,0
2021-06-18 09:37:18,18171.5,0
2021-06-18 09:37:22,18170.65,0
2021-06-18 09:37:23,18169.0,0
2021-06-18 09:37:25,18170.45,0
2021-06-18 09:37:26,18175.45,0
2021-06-18 09:37:27,18170.0,0
2021-06-18 09:37:32,18171.8,0
2021-06-18 09:37:34,18169.65,0
2021-06-18 09:37:35,18170.65,0
2021-06-18 09:37:37,18169.25,0
2021-06-18 09:37:39,18172.8,0
2021-06-18 09:37:40,18170.75,0
2021-06-18 09:37:41,18173.4,0
2021-06-18 09:37:43,18174.1,0
2021-06-18 09:37:44,18175.25,0
2021-06-18 09:37:47,18176.8,0
2021-06-18 09:37:55,18176.85,0
2021-06-18 09:37:57,18172.95,0
2021-06-18 09:37:58,18172.7,0
2021-06-18 09:38:02,18170.6,0
2021-06-18 09:38:06,18173.85,0
2021-06-18 09:38:07,18173.8,0
2021-06-18 09:38:08,18169.7,0
2021-06-18 09:38:09,18172.8,0
2021-06-18 09:38:11,18173.55,0
2021-06-18 09:38:14,18172.75,0
2021-06-18 09:38:15,18171.5,0
2021-06-18 09:38:17,18174.55,0
2021-06-18 09:38:18,18174.3,0
2021-06-18 09:38:20,18174.1,0
2021-06-18 09:38:21,18175.65,0
2021-06-18 09:38:24,18179.2,0
2021-06-18 09:38:25,18177.75,0
2021-06-18 09:38:30,18183.65,0
2021-06-18 09:38:32,18184.35,0
2021-06-18 09:38:34,18184.9,0
2021-06-18 09:38:42,18197.05,0
2021-06-18 09:38:45,18195.9,0
2021-06-18 09:38:55,18201.45,0
2021-06-18 09:38:56,18199.2,0
2021-06-18 09:38:57,18201.7,0
2021-06-18 09:39:00,18199.9,0
2021-06-18 09:39:08,18203.5,0
2021-06-18 09:39:09,18204.4,0
2021-06-18 09:39:10,18202.1,0
2021-06-18 09:39:13,18201.55,0
2021-06-18 09:39:15,18196.5,0
2021-06-18 09:39:16,18195.75,0
2021-06-18 09:39:21,18196.3,0
2021-06-18 09:39:22,18196.6,0
2021-06-18 09:39:24,18199.95,0
2021-06-18 09:39:26,18201.3,0
2021-06-18 09:39:27,18201.2,0
2021-06-18 09:39:28,18201.6,0
2021-06-18 09:39:29,18201.1,0
2021-06-18 09:39:31,18196.0,0
2021-06-18 09:39:36,18198.15,0
2021-06-18 09:39:39,18196.5,0
2021-06-18 09:39:43,18197.1,0
2021-06-18 09:39:44,18199.3,0
2021-06-18 09:39:46,18195.75,0
2021-06-18 09:39:51,18192.1,0
2021-06-18 09:39:52,18192.35,0
2021-06-18 09:39:59,18188.25,0
2021-06-18 09:40:01,18188.7,0
2021-06-18 09:40:02,18191.0,0
2021-06-18 09:40:06,18191.8,0
2021-06-18 09:40:12,18182.3,0
2021-06-18 09:40:13,18184.6,0
2021-06-18 09:40:14,18185.65,0
2021-06-18 09:40:18,18176.7,0
2021-06-18 09:40:23,18173.45,0
2021-06-18 09:40:30,18174.2,0
2021-06-18 09:40:31,18171.2,0
2021-06-18 09:40:36,18178.0,0
2021-06-18 09:40:37,18178.35,0
2021-06-18 09:40:39,18175.55,0
2021-06-18 09:40:41,18180.05,0
2021-06-18 09:40:42,18178.5,0
2021-06-18 09:40:43,18175.6,0
2021-06-18 09:40:44,18177.1,0
2021-06-18 09:40:45,18178.9,0
2021-06-18 09:40:48,18182.3,0
2021-06-18 09:40:49,18185.85,0
2021-06-18 09:40:50,18183.3,0
2021-06-18 09:40:54,18183.65,0
2021-06-18 09:40:57,18181.4,0
2021-06-18 09:40:58,18180.9,0
2021-06-18 09:41:00,18182.1,0
2021-06-18 09:41:04,18180.8,0
2021-06-18 09:41:05,18182.55,0
2021-06-18 09:41:06,18183.5,0
2021-06-18 09:41:08,18184.95,0
2021-06-18 09:41:12,18184.5,0
2021-06-18 09:41:13,18185.35,0
2021-06-18 09:41:15,18180.75,0
2021-06-18 09:41:20,18184.45,0
2021-06-18 09:41:26,18180.2,0
2021-06-18 09:41:27,18182.55,0
2021-06-18 09:41:29,18180.15,0
2021-06-18 09:41:30,18180.35,0
2021-06-18 09:41:38,18182.7,0
2021-06-18 09:41:42,18180.75,0
2021-06-18 09:41:43,18178.95,0
2021-06-18 09:41:46,18180.95,0
2021-06-18 09:41:53,18181.9,0
2021-06-18 09:41:56,18180.7,0
2021-06-18 09:41:58,18181.25,0
2021-06-18 09:42:00,18183.8,0
2021-06-18 09:42:04,18184.1,0
2021-06-18 09:42:10,18185.15,0
2021-06-18 09:42:14,18184.45,0
2021-06-18 09:42:16,18182.7,0
2021-06-18 09:42:17,18182.6,0
2021-06-18 09:42:18,18182.6,0
2021-06-18 09:42:20,18184.4,0
2021-06-18 09:42:21,18180.55,0
2021-06-18 09:42:22,18178.65,0
2021-06-18 09:42:26,18180.6,0
2021-06-18 09:42:27,18183.3,0
2021-06-18 09:42:30,18182.75,0
2021-06-18 09:42:32,18183.25,0
2021-06-18 09:42:33,18182.0,0
2021-06-18 09:42:34,18181.0,0
2021-06-18 09:42:36,18180.8,0
2021-06-18 09:42:37,18174.4,0
2021-06-18 09:42:38,18175.05,0
2021-06-18 09:42:44,18168.9,0
2021-06-18 09:42:46,18164.6,0
2021-06-18 09:42:47,18165.3,0
2021-06-18 09:42:49,18159.95,0
2021-06-18 09:42:50,18159.75,0
2021-06-18 09:42:54,18160.25,0
2021-06-18 09:42:58,18160.0,0
2021-06-18 09:43:07,18154.05,0
2021-06-18 09:43:12,18154.15,0
2021-06-18 09:43:14,18155.5,0
2021-06-18 09:43:18,18153.95,0
2021-06-18 09:43:24,18150.85,0
2021-06-18 09:43:28,18152.5,0
2021-06-18 09:43:35,18149.05,0
2021-06-18 09:43:41,18147.65,0
2021-06-18 09:43:43,18148.05,0
2021-06-18 09:43:44,18150.05,0
2021-06-18 09:43:47,18147.8,0
2021-06-18 09:43:49,18147.25,0
2021-06-18 09:43:50,18148.3,0
2021-06-18 09:43:53,18142.95,0
2021-06-18 09:43:54,18140.5,0
2021-06-18 09:43:58,18141.0,0
2021-06-18 09:43:59,18141.05,0
2021-06-18 09:44:12,18121.85,0
2021-06-18 09:44:14,18125.7,0
2021-06-18 09:44:16,18127.55,0
2021-06-18 09:44:18,18125.85,0
2021-06-18 09:44:20,18125.35,0
2021-06-18 09:44:21,18130.85,0
2021-06-18 09:44:23,18131.3,0
2021-06-18 09:44:27,18135.5,0
2021-06-18 09:44:28,18132.9,0
2021-06-18 09:44:38,18127.6,0
2021-06-18 09:44:40,18127.65,0
2021-06-18 09:44:42,18127.2,0
2021-06-18 09:44:43,18124.0,0
2021-06-18 09:44:47,18126.0,0
2021-06-18 09:44:48,18127.55,0
2021-06-18 09:44:50,18126.65,0
2021-06-18 09:44:59,18128.55,0
2021-06-18 09:45:02,18128.3,0
2021-06-18 09:45:04,18121.8,0
2021-06-18 09:45:11,18110.45,0
2021-06-18 09:45:17,18116.0,0
2021-06-18 09:45:18,18113.2,0
2021-06-18 09:45:20,18117.6,0
2021-06-18 09:45:24,18120.1,0
2021-06-18 09:45:25,18120.55,0
2021-06-18 09:45:29,18124.4,0
2021-06-18 09:45:32,18126.05,0
2021-06-18 09:45:34,18133.85,0
2021-06-18 09:45:36,18132.65,0
2021-06-18 09:45:37,18139.85,0
2021-06-18 09:45:38,18138.2,0
2021-06-18 09:45:40,18142.3,0
2021-06-18 09:45:41,18148.85,0
2021-06-18 09:45:42,18145.85,0
2021-06-18 09:45:45,18155.35,0
2021-06-18 09:45:46,18157.35,0
2021-06-18 09:45:47,18154.95,0
2021-06-18 09:45:48,18155.85,0
2021-06-18 09:45:50,18151.7,0
2021-06-18 09:45:52,18151.8,0
2021-06-18 09:45:56,18144.75,0
2021-06-18 09:46:05,18138.7,0
2021-06-18 09:46:06,18135.55,0
2021-06-18 09:46:07,18134.85,0
2021-06-18 09:46:12,18123.15,0
2021-06-18 09:46:17,18123.55,0
2021-06-18 09:46:23,18129.15,0
2021-06-18 09:46:26,18131.7,0
2021-06-18 09:46:27,18130.4,0
2021-06-18 09:46:28,18130.2,0
2021-06-18 09:46:29,18130.2,0
2021-06-18 09:46:32,18124.5,0
2021-06-18 09:46:33,18125.2,0
2021-06-18 09:46:34,18123.8,0
2021-06-18 09:46:36,18125.7,0
2021-06-18 09:46:37,18124.35,0
2021-06-18 09:46:38,18120.85,0
2021-06-18 09:46:43,18125.65,0
2021-06-18 09:46:47,18122.3,0
2021-06-18 09:46:52,18120.15,0
2021-06-18 09:46:57,18124.4,0
2021-06-18 09:47:07,18134.25,0
2021-06-18 09:47:09,18136.1,0
2021-06-18 09:47:11,18139.3,0
2021-06-18 09:47:12,18143.1,0
2021-06-18 09:47:14,18142.2,0
2021-06-18 09:47:16,18141.0,0
2021-06-18 09:47:18,18144.65,0
2021-06-18 09:47:19,18136.55,0
2021-06-18 09:47:23,18134.6,0
2021-06-18 09:47:31,18129.95,0
2021-06-18 09:47:33,18127.7,0
2021-06-18 09:47:34,18127.65,0
2021-06-18 09:47:39,18131.45,0
2021-06-18 09:47:40,18136.75,0
2021-06-18 09:47:45,18138.3,0
2021-06-18 09:47:46,18137.35,0
2021-06-18 09:47:48,18136.25,0
2021-06-18 09:47:49,18140.35,0
2021-06-18 09:47:53,18139.5,0
2021-06-18 09:47:55,18135.6,0
2021-06-18 09:47:58,18131.7,0
2021-06-18 09:48:01,18133.65,0
2021-06-18 09:48:02,18133.7,0
2021-06-18 09:48:10,18126.3,0
2021-06-18 09:48:15,18126.1,0
2021-06-18 09:48:17,18122.1,0
2021-06-18 09:48:18,18121.4,0
2021-06-18 09:48:20,18123.05,0
2021-06-18 09:48:26,18124.85,0
2021-06-18 09:48:29,18122.4,0
2021-06-18 09:48:30,18124.55,0
2021-06-18 09:48:35,18126.15,0
2021-06-18 09:48:39,18127.2,0
2021-06-18 09:48:40,18127.55,0
2021-06-18 09:48:41,18125.3,0
2021-06-18 09:48:44,18128.7,0
2021-06-18 09:48:50,18120.05,0
2021-06-18 09:48:51,18121.55,0
2021-06-18 09:48:52,18119.1,0
2021-06-18 09:48:53,18122.9,0
2021-06-18 09:48:59,18123.25,0
2021-06-18 09:49:00,18120.5,0
2021-06-18 09:49:02,18119.1,0
2021-06-18 09:49:05,18116.1,0
2021-06-18 09:49:06,18114.8,0
2021-06-18 09:49:07,18114.35,0
2021-06-18 09:49:09,18113.55,0
2021-06-18 09:49:10,18121.0,0
2021-06-18 09:49:12,18122.0,0
2021-06-18 09:49:14,18120.6,0
2021-06-18 09:49:15,18121.55,0
2021-06-18 09:49:21,18122.2,0
2021-06-18 09:49:23,18122.35,0
2021-06-18 09:49:27,18121.15,0
2021-06-18 09:49:29,18118.35,0
2021-06-18 09:49:31,18119.85,0
2021-06-18 09:49:34,18121.05,0
2021-06-18 09:49:36,18122.2,0
2021-06-18 09:49:37,18125.2,0
2021-06-18 09:49:39,18123.45,0
2021-06-18 09:49:40,18121.95,0
2021-06-18 09:49:44,18127.0,0
2021-06-18 09:49:46,18126.95,0
2021-06-18 09:49:48,18129.7,0
2021-06-18 09:49:52,18128.7,0
2021-06-18 09:49:54,18129.9,0
2021-06-18 09:49:55,18125.95,0
2021-06-18 09:49:56,18128.45,0
2021-06-18 09:49:59,18119.9,0
2021-06-18 09:50:00,18118.6,0
2021-06-18 09:50:08,18123.05,0
2021-06-18 09:50:11,18125.95,0
2021-06-18 09:50:12,18124.4,0
2021-06-18 09:50:13,18126.55,0
2021-06-18 09:50:18,18127.9,0
2021-06-18 09:50:21,18131.65,0
2021-06-18 09:50:22,18134.15,0
2021-06-18 09:50:23,18135.65,0
2021-06-18 09:50:26,18136.9,0
2021-06-18 09:50:28,18143.25,0
2021-06-18 09:50:30,18149.3,0
2021-06-18 09:50:32,18148.4,0
2021-06-18 09:50:33,18144.75,0
2021-06-18 09:50:36,18137.35,0
2021-06-18 09:50:37,18137.65,0
2021-06-18 09:50:44,18139.1,0
2021-06-18 09:50:50,18141.3,0
2021-06-18 09:50:55,18141.45,0
2021-06-18 09:50:59,18143.4,0
2021-06-18 09:51:00,18145.0,0
2021-06-18 09:51:07,18152.5,0
2021-06-18 09:51:09,18156.4,0
2021-06-18 09:51:10,18155.75,0
2021-06-18 09:51:11,18152.7,0
2021-06-18 09:51:13,18158.35,0
2021-06-18 09:51:15,18158.85,0
2021-06-18 09:51:22,18154.6,0
2021-06-18 09:51:25,18155.3,0
2021-06-18 09:51:26,18155.7,0
2021-06-18 09:51:28,18153.2,0
2021-06-18 09:51:30,18156.15,0
2021-06-18 09:51:32,18153.6,0
2021-06-18 09:51:39,18146.5,0
2021-06-18 09:51:40,18148.1,0
2021-06-18 09:51:42,18150.1,0
2021-06-18 09:51:45,18148.25,0
2021-06-18 09:51:47,18148.15,0
2021-06-18 09:51:49,18148.95,0
2021-06-18 09:51:54,18145.15,0
2021-06-18 09:51:56,18142.05,0
2021-06-18 09:51:59,18141.05,0
2021-06-18 09:52:00,18144.8,0
2021-06-18 09:52:03,18142.5,0
2021-06-18 09:52:06,18143.35,0
2021-06-18 09:52:11,18139.6,0
2021-06-18 09:52:13,18141.75,0
2021-06-18 09:52:14,18136.75,0
2021-06-18 09:52:18,18133.9,0
2021-06-18 09:52:23,18132.7,0
2021-06-18 09:52:26,18133.75,0
2021-06-18 09:52:27,18133.35,0
2021-06-18 09:52:30,18132.7,0
2021-06-18 09:52:31,18132.25,0
2021-06-18 09:52:33,18131.95,0
2021-06-18 09:52:34,18130.95,0
2021-06-18 09:52:36,18131.05,0
2021-06-18 09:52:39,18132.5,0
2021-06-18 09:52:45,18119.5,0
2021-06-18 09:52:46,18119.3,0
2021-06-18 09:52:47,18119.05,0
2021-06-18 09:52:48,18119.6,0
2021-06-18 09:52:53,18117.45,0
2021-06-18 09:52:59,18104.35,0
2021-06-18 09:53:13,18105.0,0
2021-06-18 09:53:14,18105.45,0
2021-06-18 09:53:16,18107.45,0
2021-06-18 09:53:18,18106.05,0
2021-06-18 09:53:19,18105.25,0
2021-06-18 09:53:22,18104.0,0
2021-06-18 09:53:23,18104.1,0
2021-06-18 09:53:24,18107.35,0
2021-06-18 09:53:26,18105.95,0
2021-06-18 09:53:27,18102.95,0
2021-06-18 09:53:29,18099.9,0
2021-06-18 09:53:34,18095.45,0
2021-06-18 09:53:37,18094.9,0
2021-06-18 09:53:48,18091.85,0
2021-06-18 09:53:50,18094.3,0
2021-06-18 09:53:51,18094.75,0
2021-06-18 09:53:52,18091.8,0
2021-06-18 09:53:57,18097.35,0
2021-06-18 09:53:58,18098.5,0
2021-06-18 09:54:02,18093.7,0
2021-06-18 09:54:03,18094.1,0
2021-06-18 09:54:11,18099.35,0
2021-06-18 09:54:12,18097.85,0
2021-06-18 09:54:17,18101.6,0
2021-06-18 09:54:21,18107.1,0
2021-06-18 09:54:26,18100.95,0
2021-06-18 09:54:27,18100.6,0
2021-06-18 09:54:28,18098.15,0
2021-06-18 09:54:32,18095.9,0
2021-06-18 09:54:33,18095.9,0
2021-06-18 09:54:39,18098.25,0
2021-06-18 09:54:40,18099.25,0
2021-06-18 09:54:41,18101.4,0
2021-06-18 09:54:43,18105.0,0
2021-06-18 09:54:44,18101.3,0
2021-06-18 09:54:45,18104.05,0
2021-06-18 09:54:49,18106.25,0
2021-06-18 09:54:51,18105.2,0
2021-06-18 09:54:56,18101.3,0
2021-06-18 09:54:59,18099.9,0
2021-06-18 09:55:00,18100.85,0
2021-06-18 09:55:09,18086.95,0
2021-06-18 09:55:13,18086.25,0
2021-06-18 09:55:14,18086.55,0
2021-06-18 09:55:16,18086.1,0
2021-06-18 09:55:18,18084.8,0
2021-06-18 09:55:19,18088.85,0
2021-06-18 09:55:22,18080.05,0
2021-06-18 09:55:24,18074.8,0
2021-06-18 09:55:25,18073.3,0
2021-06-18 09:55:26,18065.1,0
2021-06-18 09:55:30,18068.15,0
2021-06-18 09:55:31,18068.1,0
2021-06-18 09:55:32,18073.45,0
2021-06-18 09:55:33,18067.1,0
2021-06-18 09:55:38,18066.55,0
2021-06-18 09:55:39,18070.4,0
2021-06-18 09:55:44,18073.45,0
2021-06-18 09:55:47,18073.1,0
2021-06-18 09:55:49,18072.2,0
2021-06-18 09:55:51,18071.95,0
2021-06-18 09:55:52,18069.75,0
2021-06-18 09:55:54,18072.35,0
2021-06-18 09:55:56,18066.9,0
2021-06-18 09:55:57,18068.95,0
2021-06-18 09:56:03,18067.75,0
2021-06-18 09:56:05,18069.75,0
2021-06-18 09:56:07,18067.8,0
2021-06-18 09:56:08,18068.05,0
2021-06-18 09:56:11,18062.2,0
2021-06-18 09:56:19,18055.7,0
2021-06-18 09:56:21,18058.35,0
2021-06-18 09:56:24,18051.1,0
2021-06-18 09:56:27,18055.3,0
2021-06-18 09:56:38,18064.55,0
2021-06-18 09:56:39,18065.65,0
2021-06-18 09:56:40,18069.3,0
2021-06-18 09:56:46,18072.2,0
2021-06-18 09:56:47,18072.0,0
2021-06-18 09:56:48,18070.2,0
2021-06-18 09:56:57,18065.45,0
2021-06-18 09:56:58,18063.8,0
2021-06-18 09:57:06,18051.8,0
2021-06-18 09:57:07,18051.1,0
2021-06-18 09:57:11,18049.55,0
2021-06-18 09:57:14,18039.65,0
2021-06-18 09:57:16,18035.25,0
2021-06-18 09:57:17,18032.8,0
2021-06-18 09:57:21,18041.2,0
2021-06-18 09:57:22,18045.15,0
2021-06-18 09:57:27,18045.6,0
2021-06-18 09:57:28,18042.15,0
2021-06-18 09:57:31,18045.7,0
2021-06-18 09:57:32,18042.95,0
2021-06-18 09:57:35,18044.2,0
2021-06-18 09:57:41,18038.85,0
2021-06-18 09:57:42,18041.45,0
2021-06-18 09:57:47,18038.7,0
2021-06-18 09:57:53,18034.85,0
2021-06-18 09:57:54,18036.15,0
2021-06-18 09:57:55,18036.85,0
2021-06-18 09:57:56,18036.1,0
2021-06-18 09:58:00,18043.85,0
2021-06-18 09:58:04,18045.95,0
2021-06-18 09:58:07,18055.2,0
2021-06-18 09:58:11,18062.9,0
2021-06-18 09:58:13,18066.4,0
2021-06-18 09:58:16,18070.2,0
2021-06-18 09:58:18,18072.95,0
2021-06-18 09:58:22,18072.0,0
2021-06-18 09:58:29,18066.15,0
2021-06-18 09:58:30,18065.4,0
2021-06-18 09:58:31,18063.25,0
2021-06-18 09:58:32,18064.05,0
2021-06-18 09:58:37,18064.6,0
2021-06-18 09:58:38,18063.45,0
2021-06-18 09:58:39,18060.85,0
2021-06-18 09:58:41,18055.15,0
2021-06-18 09:58:42,18051.0,0
2021-06-18 09:58:43,18050.05,0
2021-06-18 09:58:47,18045.1,0
2021-06-18 09:58:48,18045.7,0
2021-06-18 09:58:51,18047.45,0
2021-06-18 09:58:52,18049.05,0
2021-06-18 09:58:54,18048.65,0
2021-06-18 09:58:55,18047.4,0
2021-06-18 09:58:57,18047.75,0
2021-06-18 09:59:01,18051.25,0
2021-06-18 09:59:04,18053.85,0
2021-06-18 09:59:05,18055.55,0
2021-06-18 09:59:08,18052.3,0
2021-06-18 09:59:09,18047.55,0
2021-06-18 09:59:10,18050.75,0
2021-06-18 09:59:12,18048.3,0
2021-06-18 09:59:15,18042.0,0
2021-06-18 09:59:16,18042.4,0
2021-06-18 09:59:18,18040.1,0
2021-06-18 09:59:22,18039.65,0
2021-06-18 09:59:23,18039.65,0
2021-06-18 09:59:24,18037.45,0
2021-06-18 09:59:34,18041.8,0
2021-06-18 09:59:38,18037.25,0
2021-06-18 09:59:44,18039.65,0
2021-06-18 09:59:46,18039.05,0
2021-06-18 09:59:51,18041.7,0
2021-06-18 09:59:52,18044.5,0
2021-06-18 09:59:57,18043.95,0
2021-06-18 09:59:59,18047.15,0
2021-06-18 10:00:00,18046.2,0
2021-06-18 10:00:01,18047.25,0
2021-06-18 10:00:02,18044.45,0
2021-06-18 10:00:03,18046.2,0
2021-06-18 10:00:07,18046.85,0
2021-06-18 10:00:10,18043.0,0
2021-06-18 10:00:12,18043.4,0
2021-06-18 10:00:13,18037.75,0
2021-06-18 10:00:16,18033.3,0
2021-06-18 10:00:19,18021.7,0
2021-06-18 10:00:20,18025.5,0
2021-06-18 10:00:21,18020.45,0
2021-06-18 10:00:24,18027.1,0
2021-06-18 10:00:27,18027.9,0
2021-06-18 10:00:28,18026.7,0
2021-06-18 10:00:30,18027.45,0
2021-06-18 10:00:32,18027.65,0
2021-06-18 10:00:35,18033.7,0
2021-06-18 10:00:37,18032.45,0
2021-06-18 10:00:38,18038.25,0
2021-06-18 10:00:42,18036.7,0
2021-06-18 10:00:43,18037.2,0
2021-06-18 10:00:46,18039.9,0
2021-06-18 10:00:51,18041.9,0
2021-06-18 10:00:52,18043.55,0
2021-06-18 10:00:54,18041.35,0
2021-06-18 10:00:56,18041.25,0
2021-06-18 10:00:59,18044.65,0
2021-06-18 10:01:02,18047.05,0
2021-06-18 10:01:03,18045.4,0
2021-06-18 10:01:04,18046.1,0
2021-06-18 10:01:05,18047.55,0
2021-06-18 10:01:07,18048.45,0
2021-06-18 10:01:08,18048.75,0
2021-06-18 10:01:10,18049.65,0
2021-06-18 10:01:12,18046.25,0
2021-06-18 10:01:15,18046.25,0
2021-06-18 10:01:19,18047.3,0
2021-06-18 10:01:20,18047.65,0
2021-06-18 10:01:21,18045.65,0
2021-06-18 10:01:23,18048.55,0
2021-06-18 10:01:27,18052.85,0
2021-06-18 10:01:30,18059.4,0
2021-06-18 10:01:35,18049.8,0
2021-06-18 10:01:37,18051.0,0
2021-06-18 10:01:40,18056.55,0
2021-06-18 10:01:41,18052.85,0
2021-06-18 10:01:47,18054.9,0
2021-06-18 10:01:49,18058.2,0
2021-06-18 10:01:50,18058.65,0
2021-06-18 10:01:54,18057.0,0
2021-06-18 10:01:56,18061.95,0
2021-06-18 10:01:58,18063.75,0
2021-06-18 10:02:00,18062.7,0
2021-06-18 10:02:03,18058.8,0
2021-06-18 10:02:05,18054.75,0
2021-06-18 10:02:08,18051.85,0
2021-06-18 10:02:11,18052.65,0
2021-06-18 10:02:12,18050.3,0
2021-06-18 10:02:13,18051.15,0
2021-06-18 10:02:17,18051.95,0
2021-06-18 10:02:19,18049.2,0
2021-06-18 10:02:23,18050.05,0
2021-06-18 10:02:25,18049.95,0
2021-06-18 10:02:31,18054.4,0
2021-06-18 10:02:35,18059.35,0
2021-06-18 10:02:44,18074.15,0
2021-06-18 10:02:59,18081.35,0
2021-06-18 10:03:07,18074.6,0
2021-06-18 10:03:19,18082.4,0
2021-06-18 10:03:20,18083.9,0
2021-06-18 10:03:21,18085.0,0
2021-06-18 10:03:23,18085.45,0
2021-06-18 10:03:31,18080.0,0
2021-06-18 10:03:34,18079.0,0
2021-06-18 10:03:38,18078.45,0
2021-06-18 10:03:39,18078.6,0
2021-06-18 10:03:41,18080.85,0
2021-06-18 10:03:44,18080.8,0
2021-06-18 10:03:46,18080.85,0
2021-06-18 10:03:53,18086.15,0
2021-06-18 10:03:54,18084.4,0
2021-06-18 10:03:57,18085.35,0
2021-06-18 10:03:58,18087.2,0
2021-06-18 10:04:01,18079.7,0
2021-06-18 10:04:03,18081.7,0
2021-06-18 10:04:06,18083.25,0
2021-06-18 10:04:09,18083.4,0
2021-06-18 10:04:12,18081.45,0
2021-06-18 10:04:14,18080.9,0
2021-06-18 10:04:15,18080.55,0
2021-06-18 10:04:16,18079.1,0
2021-06-18 10:04:17,18082.75,0
2021-06-18 10:04:18,18080.7,0
2021-06-18 10:04:22,18084.55,0
2021-06-18 10:04:23,18086.55,0
2021-06-18 10:04:24,18084.5,0
2021-06-18 10:04:25,18085.75,0
2021-06-18 10:04:29,18089.15,0
2021-06-18 10:04:30,18087.5,0
2021-06-18 10:04:34,18084.95,0
2021-06-18 10:04:35,18084.6,0
2021-06-18 10:04:39,18087.55,0
2021-06-18 10:04:44,18088.1,0
2021-06-18 10:04:53,18081.1,0
2021-06-18 10:04:58,18088.05,0
2021-06-18 10:04:59,18089.15,0
2021-06-18 10:05:04,18087.6,0
2021-06-18 10:05:06,18090.5,0
2021-06-18 10:05:09,18091.65,0
2021-06-18 10:05:10,18094.5,0
2021-06-18 10:05:12,18097.5,0
2021-06-18 10:05:14,18105.55,0
2021-06-18 10:05:17,18104.3,0
2021-06-18 10:05:20,18100.0,0
2021-06-18 10:05:21,18098.05,0
2021-06-18 10:05:31,18095.15,0
2021-06-18 10:05:32,18089.7,0
2021-06-18 10:05:40,18096.5,0
2021-06-18 10:05:41,18098.95,0
2021-06-18 10:05:43,18097.95,0
2021-06-18 10:05:46,18097.9,0
2021-06-18 10:05:53,18089.9,0
2021-06-18 10:05:55,18092.25,0
2021-06-18 10:05:56,18093.05,0
2021-06-18 10:06:01,18094.1,0
2021-06-18 10:06:02,18092.15,0
2021-06-18 10:06:04,18093.25,0
2021-06-18 10:06:09,18095.6,0
2021-06-18 10:06:10,18092.55,0
2021-06-18 10:06:13,18091.7,0
2021-06-18 10:06:16,18095.5,0
2021-06-18 10:06:17,18094.25,0
2021-06-18 10:06:18,18092.45,0
2021-06-18 10:06:21,18094.9,0
2021-06-18 10:06:30,18095.65,0
2021-06-18 10:06:32,18095.2,0
2021-06-18 10:06:34,18090.9,0
2021-06-18 10:06:36,18093.1,0
2021-06-18 10:06:39,18093.95,0
2021-06-18 10:06:44,18091.65,0
2021-06-18 10:06:46,18095.05,0
2021-06-18 10:06:47,18094.2,0
2021-06-18 10:06:51,18099.75,0
2021-06-18 10:06:52,18099.45,0
2021-06-18 10:06:55,18099.8,0
2021-06-18 10:06:56,18097.9,0
2021-06-18 10:07:01,18099.4,0
2021-06-18 10:07:05,18095.35,0
2021-06-18 10:07:13,18078.25,0
2021-06-18 10:07:15,18082.25,0
2021-06-18 10:07:16,18080.15,0
2021-06-18 10:07:17,18078.0,0
2021-06-18 10:07:18,18079.2,0
2021-06-18 10:07:19,18078.15,0
2021-06-18 10:07:20,18070.95,0
2021-06-18 10:07:23,18071.6,0
2021-06-18 10:07:24,18069.4,0
2021-06-18 10:07:26,18071.6,0
2021-06-18 10:07:27,18070.65,0
2021-06-18 10:07:29,18073.4,0
2021-06-18 10:07:32,18071.4,0
2021-06-18 10:07:33,18075.95,0
2021-06-18 10:07:34,18071.85,0
2021-06-18 10:07:38,18071.75,0
2021-06-18 10:07:41,18068.6,0
2021-06-18 10:07:42,18069.5,0
2021-06-18 10:07:47,18066.5,0
2021-06-18 10:07:48,18065.3,0
2021-06-18 10:07:49,18061.05,0
2021-06-18 10:07:53,18064.05,0
2021-06-18 10:07:54,18063.8,0
2021-06-18 10:08:04,18062.9,0
2021-06-18 10:08:06,18062.75,0
2021-06-18 10:08:08,18064.0,0
2021-06-18 10:08:20,18066.9,0
2021-06-18 10:08:23,18069.55,0
2021-06-18 10:08:25,18063.95,0
2021-06-18 10:08:27,18066.5,0
2021-06-18 10:08:28,18066.7,0
2021-06-18 10:08:29,18066.1,0
2021-06-18 10:08:34,18066.85,0
2021-06-18 10:08:39,18066.85,0
2021-06-18 10:08:40,18070.55,0
2021-06-18 10:08:44,18069.1,0
2021-06-18 10:08:45,18068.55,0
2021-06-18 10:08:50,18066.6,0
2021-06-18 10:08:53,18067.7,0
2021-06-18 10:08:54,18067.85,0
2021-06-18 10:08:55,18066.15,0
2021-06-18 10:08:56,18065.3,0
2021-06-18 10:09:02,18059.25,0
2021-06-18 10:09:04,18058.15,0
2021-06-18 10:09:07,18061.55,0
2021-06-18 10:09:09,18063.1,0
2021-06-18 10:09:11,18067.05,0
2021-06-18 10:09:14,18067.9,0
2021-06-18 10:09:18,18066.0,0
2021-06-18 10:09:19,18064.3,0
2021-06-18 10:09:24,18063.75,0
2021-06-18 10:09:25,18066.05,0
2021-06-18 10:09:26,18065.2,0
2021-06-18 10:09:30,18063.8,0
2021-06-18 10:09:31,18063.0,0
2021-06-18 10:09:34,18065.75,0
2021-06-18 10:09:36,18067.8,0
2021-06-18 10:09:38,18065.65,0
2021-06-18 10:09:39,18066.85,0
2021-06-18 10:09:40,18067.15,0
2021-06-18 10:09:41,18065.75,0
2021-06-18 10:09:44,18066.7,0
2021-06-18 10:09:45,18067.6,0
2021-06-18 10:09:50,18063.6,0
2021-06-18 10:09:53,18064.4,0
2021-06-18 10:09:56,18063.75,0
2021-06-18 10:09:57,18066.3,0
2021-06-18 10:09:58,18066.15,0
2021-06-18 10:10:04,18066.7,0
2021-06-18 10:10:06,18067.85,0
2021-06-18 10:10:07,18065.15,0
2021-06-18 10:10:09,18067.15,0
2021-06-18 10:10:10,18066.7,0
2021-06-18 10:10:11,18064.45,0
2021-06-18 10:10:12,18063.8,0
2021-06-18 10:10:13,18066.35,0
2021-06-18 10:10:15,18064.15,0
2021-06-18 10:10:16,18064.4,0
2021-06-18 10:10:19,18065.2,0
2021-06-18 10:10:20,18060.8,0
2021-06-18 10:10:22,18064.15,0
2021-06-18 10:10:29,18056.35,0
2021-06-18 10:10:30,18059.0,0
2021-06-18 10:10:33,18057.9,0
2021-06-18 10:10:35,18056.15,0
2021-06-18 10:10:36,18056.75,0
2021-06-18 10:10:38,18057.1,0
2021-06-18 10:10:42,18057.55,0
2021-06-18 10:10:43,18060.1,0
2021-06-18 10:10:45,18054.65,0
2021-06-18 10:10:46,18055.5,0
2021-06-18 10:10:51,18050.6,0
2021-06-18 10:10:53,18050.95,0
2021-06-18 10:10:55,18056.05,0
2021-06-18 10:11:00,18058.7,0
2021-06-18 10:11:02,18060.9,0
2021-06-18 10:11:03,18060.25,0
2021-06-18 10:11:04,18058.75,0
2021-06-18 10:11:05,18056.4,0
2021-06-18 10:11:07,18058.45,0
2021-06-18 10:11:09,18057.5,0
2021-06-18 10:11:11,18061.85,0
2021-06-18 10:11:12,18059.5,0
2021-06-18 10:11:13,18061.05,0
2021-06-18 10:11:14,18056.7,0
2021-06-18 10:11:19,18060.4,0
2021-06-18 10:11:20,18060.65,0
2021-06-18 10:11:23,18068.25,0
2021-06-18 10:11:27,18064.65,0
2021-06-18 10:11:30,18066.3,0
2021-06-18 10:11:31,18068.4,0
2021-06-18 10:11:32,18067.1,0
2021-06-18 10:11:35,18072.05,0
2021-06-18 10:11:36,18076.6,0
2021-06-18 10:11:39,18072.45,0
2021-06-18 10:11:41,18075.45,0
2021-06-18 10:11:43,18075.15,0
2021-06-18 10:11:44,18076.2,0
2021-06-18 10:11:52,18076.05,0
2021-06-18 10:11:54,18075.3,0
2021-06-18 10:11:55,18078.2,0
2021-06-18 10:11:56,18078.35,0
2021-06-18 10:11:57,18076.6,0
2021-06-18 10:11:58,18077.45,0
2021-06-18 10:12:00,18078.45,0
2021-06-18 10:12:02,18076.7,0
2021-06-18 10:12:04,18076.05,0
2021-06-18 10:12:11,18085.4,0
2021-06-18 10:12:15,18082.55,0
2021-06-18 10:12:16,18084.1,0
2021-06-18 10:12:18,18082.0,0
2021-06-18 10:12:23,18087.4,0
2021-06-18 10:12:29,18083.85,0
2021-06-18 10:12:30,18084.7,0
2021-06-18 10:12:34,18083.7,0
2021-06-18 10:12:35,18085.3,0
2021-06-18 10:12:38,18078.35,0
2021-06-18 10:12:42,18078.55,0
2021-06-18 10:12:45,18079.5,0
2021-06-18 10:12:44,18079.35,0
2021-06-18 10:12:48,18077.1,0
2021-06-18 10:12:51,18083.75,0
2021-06-18 10:12:52,18084.6,0
2021-06-18 10:12:54,18086.95,0
2021-06-18 10:12:55,18088.75,0
2021-06-18 10:12:56,18088.7,0
2021-06-18 10:12:57,18086.55,0
2021-06-18 10:12:58,18088.3,0
2021-06-18 10:13:03,18086.3,0
2021-06-18 10:13:04,18087.15,0
2021-06-18 10:13:05,18085.7,0
2021-06-18 10:13:10,18087.7,0
2021-06-18 10:13:12,18087.8,0
2021-06-18 10:13:13,18086.45,0
2021-06-18 10:13:14,18090.05,0
2021-06-18 10:13:15,18085.8,0
2021-06-18 10:13:17,18086.05,0
2021-06-18 10:13:20,18088.8,0
2021-06-18 10:13:21,18088.35,0
2021-06-18 10:13:23,18085.8,0
2021-06-18 10:13:28,18087.35,0
2021-06-18 10:13:30,18087.05,0
2021-06-18 10:13:35,18088.95,0
2021-06-18 10:13:36,18088.55,0
2021-06-18 10:13:44,18084.65,0
2021-06-18 10:13:46,18084.0,0
2021-06-18 10:13:49,18085.55,0
2021-06-18 10:13:53,18090.8,0
2021-06-18 10:13:54,18089.0,0
2021-06-18 10:13:58,18089.9,0
2021-06-18 10:13:59,18087.2,0
2021-06-18 10:14:06,18096.95,0
2021-06-18 10:14:07,18098.0,0
2021-06-18 10:14:10,18096.35,0
2021-06-18 10:14:18,18093.25,0
2021-06-18 10:14:19,18092.65,0
2021-06-18 10:14:31,18095.55,0
2021-06-18 10:14:32,18092.3,0
2021-06-18 10:14:35,18088.85,0
2021-06-18 10:14:37,18092.25,0
2021-06-18 10:14:40,18092.05,0
2021-06-18 10:14:45,18090.1,0
2021-06-18 10:14:47,18088.4,0
2021-06-18 10:14:48,18091.3,0
2021-06-18 10:14:49,18090.25,0
2021-06-18 10:14:50,18090.45,0
2021-06-18 10:14:52,18089.8,0
2021-06-18 10:14:56,18093.8,0
2021-06-18 10:15:05,18089.45,0
2021-06-18 10:15:08,18084.0,0
2021-06-18 10:15:10,18086.3,0
2021-06-18 10:15:12,18083.85,0
2021-06-18 10:15:13,18085.6,0
2021-06-18 10:15:14,18082.0,0
2021-06-18 10:15:19,18077.0,0
2021-06-18 10:15:21,18078.45,0
2021-06-18 10:15:22,18074.55,0
2021-06-18 10:15:23,18080.05,0
2021-06-18 10:15:24,18080.8,0
2021-06-18 10:15:25,18081.45,0
2021-06-18 10:15:27,18081.5,0
2021-06-18 10:15:28,18082.95,0
2021-06-18 10:15:33,18079.25,0
2021-06-18 10:15:34,18074.45,0
2021-06-18 10:15:35,18077.5,0
2021-06-18 10:15:36,18076.55,0
2021-06-18 10:15:39,18076.75,0
2021-06-18 10:15:41,18079.45,0
2021-06-18 10:15:45,18080.05,0
2021-06-18 10:15:47,18080.95,0
2021-06-18 10:15:49,18083.5,0
2021-06-18 10:15:50,18081.5,0
2021-06-18 10:15:51,18081.6,0
2021-06-18 10:15:52,18083.5,0
2021-06-18 10:15:55,18084.35,0
2021-06-18 10:15:58,18084.25,0
2021-06-18 10:15:59,18080.0,0
2021-06-18 10:16:02,18083.35,0
2021-06-18 10:16:08,18084.15,0
2021-06-18 10:16:13,18083.85,0
2021-06-18 10:16:15,18079.55,0
2021-06-18 10:16:19,18082.45,0
2021-06-18 10:16:20,18083.25,0
2021-06-18 10:16:21,18084.35,0
2021-06-18 10:16:22,18083.75,0
2021-06-18 10:16:23,18083.05,0
2021-06-18 10:16:24,18083.9,0
2021-06-18 10:16:25,18081.3,0
2021-06-18 10:16:28,18079.0,0
2021-06-18 10:16:29,18080.5,0
2021-06-18 10:16:31,18085.65,0
2021-06-18 10:16:34,18085.0,0
2021-06-18 10:16:39,18084.85,0
2021-06-18 10:16:45,18085.65,0
2021-06-18 10:16:49,18084.65,0
2021-06-18 10:16:50,18084.15,0
2021-06-18 10:16:52,18084.5,0
2021-06-18 10:16:54,18081.8,0
2021-06-18 10:17:01,18081.1,0
2021-06-18 10:17:02,18080.25,0
2021-06-18 10:17:05,18080.8,0
2021-06-18 10:17:07,18080.1,0
2021-06-18 10:17:12,18078.9,0
2021-06-18 10:17:14,18079.3,0
2021-06-18 10:17:18,18077.85,0
2021-06-18 10:17:19,18077.75,0
2021-06-18 10:17:21,18077.95,0
2021-06-18 10:17:26,18077.0,0
2021-06-18 10:17:28,18080.1,0
2021-06-18 10:17:30,18080.9,0
2021-06-18 10:17:34,18080.45,0
2021-06-18 10:17:35,18080.3,0
2021-06-18 10:17:36,18080.9,0
2021-06-18 10:17:37,18080.7,0
2021-06-18 10:17:38,18080.1,0
2021-06-18 10:17:44,18080.2,0
2021-06-18 10:17:46,18081.65,0
2021-06-18 10:17:50,18078.85,0
2021-06-18 10:17:55,18084.9,0
2021-06-18 10:17:57,18088.85,0
2021-06-18 10:17:59,18085.85,0
2021-06-18 10:18:00,18085.8,0
2021-06-18 10:18:02,18087.75,0
2021-06-18 10:18:03,18085.7,0
2021-06-18 10:18:05,18084.7,0
2021-06-18 10:18:06,18086.65,0
2021-06-18 10:18:08,18084.05,0
2021-06-18 10:18:14,18086.3,0
2021-06-18 10:18:19,18086.55,0
2021-06-18 10:18:22,18087.9,0
2021-06-18 10:18:23,18088.3,0
2021-06-18 10:18:28,18089.25,0
2021-06-18 10:18:30,18086.95,0
2021-06-18 10:18:34,18087.6,0
2021-06-18 10:18:36,18085.05,0
2021-06-18 10:18:38,18086.95,0
2021-06-18 10:18:43,18089.0,0
2021-06-18 10:18:47,18082.95,0
2021-06-18 10:18:52,18078.2,0
2021-06-18 10:18:58,18074.85,0
2021-06-18 10:19:00,18079.55,0
2021-06-18 10:19:02,18078.85,0
2021-06-18 10:19:06,18074.9,0
2021-06-18 10:19:07,18078.4,0
2021-06-18 10:19:08,18078.95,0
2021-06-18 10:19:10,18077.8,0
2021-06-18 10:19:11,18075.35,0
2021-06-18 10:19:12,18078.1,0
2021-06-18 10:19:13,18078.4,0
2021-06-18 10:19:16,18078.5,0
2021-06-18 10:19:25,18072.55,0
2021-06-18 10:19:27,18069.4,0
2021-06-18 10:19:30,18063.8,0
2021-06-18 10:19:32,18061.95,0
2021-06-18 10:19:37,18060.95,0
2021-06-18 10:19:39,18060.15,0
2021-06-18 10:19:42,18066.2,0
2021-06-18 10:19:46,18064.9,0
2021-06-18 10:19:48,18068.8,0
2021-06-18 10:19:51,18064.55,0
2021-06-18 10:19:54,18063.65,0
2021-06-18 10:19:57,18060.5,0
2021-06-18 10:20:01,18058.55,0
2021-06-18 10:20:06,18059.35,0
2021-06-18 10:20:08,18059.65,0
2021-06-18 10:20:10,18060.05,0
2021-06-18 10:20:11,18063.05,0
2021-06-18 10:20:16,18063.05,0
2021-06-18 10:20:18,18065.5,0
2021-06-18 10:20:20,18064.35,0
2021-06-18 10:20:21,18064.2,0
2021-06-18 10:20:22,18066.3,0
2021-06-18 10:20:23,18066.0,0
2021-06-18 10:20:24,18064.65,0
2021-06-18 10:20:25,18063.55,0
2021-06-18 10:20:30,18065.85,0
2021-06-18 10:20:32,18065.45,0
2021-06-18 10:20:33,18065.85,0
2021-06-18 10:20:35,18064.9,0
2021-06-18 10:20:36,18065.5,0
2021-06-18 10:20:37,18062.8,0
2021-06-18 10:20:40,18063.35,0
2021-06-18 10:20:42,18065.8,0
2021-06-18 10:20:46,18061.85,0
2021-06-18 10:20:50,18059.75,0
2021-06-18 10:21:00,18055.0,0
2021-06-18 10:21:02,18054.55,0
2021-06-18 10:21:04,18054.4,0
2021-06-18 10:21:06,18054.9,0
2021-06-18 10:21:09,18054.55,0
2021-06-18 10:21:10,18058.35,0
2021-06-18 10:21:11,18057.7,0
2021-06-18 10:21:14,18058.9,0
2021-06-18 10:21:15,18058.7,0
2021-06-18 10:21:16,18058.65,0
2021-06-18 10:21:21,18061.35,0
2021-06-18 10:21:22,18060.95,0
2021-06-18 10:21:28,18060.2,0
2021-06-18 10:21:31,18059.3,0
2021-06-18 10:21:34,18060.7,0
2021-06-18 10:21:35,18059.0,0
2021-06-18 10:21:37,18059.8,0
2021-06-18 10:21:38,18062.15,0
2021-06-18 10:21:43,18064.0,0
2021-06-18 10:21:44,18063.05,0
2021-06-18 10:21:48,18063.75,0
2021-06-18 10:21:49,18062.95,0
2021-06-18 10:21:54,18068.0,0
2021-06-18 10:21:55,18066.1,0
2021-06-18 10:21:57,18070.45,0
2021-06-18 10:22:00,18067.55,0
2021-06-18 10:22:02,18070.2,0
2021-06-18 10:22:07,18070.95,0
2021-06-18 10:22:08,18069.35,0
2021-06-18 10:22:09,18069.9,0
2021-06-18 10:22:23,18063.6,0
2021-06-18 10:22:24,18064.95,0
2021-06-18 10:22:25,18061.65,0
2021-06-18 10:22:27,18061.8,0
2021-06-18 10:22:28,18063.8,0
2021-06-18 10:22:29,18058.85,0
2021-06-18 10:22:30,18059.95,0
2021-06-18 10:22:33,18064.35,0
2021-06-18 10:22:34,18061.5,0
2021-06-18 10:22:35,18061.05,0
2021-06-18 10:22:37,18055.65,0
2021-06-18 10:22:38,18054.45,0
2021-06-18 10:22:41,18055.6,0
2021-06-18 10:22:42,18055.2,0
2021-06-18 10:22:43,18055.05,0
2021-06-18 10:22:46,18054.45,0
2021-06-18 10:22:50,18052.8,0
2021-06-18 10:22:51,18052.45,0
2021-06-18 10:22:53,18052.55,0
2021-06-18 10:22:55,18054.05,0
2021-06-18 10:22:56,18056.2,0
2021-06-18 10:22:59,18053.25,0
2021-06-18 10:23:08,18054.2,0
2021-06-18 10:23:11,18051.05,0
2021-06-18 10:23:16,18055.35,0
2021-06-18 10:23:18,18050.65,0
2021-06-18 10:23:20,18053.5,0
2021-06-18 10:23:23,18054.3,0
2021-06-18 10:23:25,18054.95,0
2021-06-18 10:23:27,18056.05,0
2021-06-18 10:23:30,18053.75,0
2021-06-18 10:23:32,18055.85,0
2021-06-18 10:23:34,18053.35,0
2021-06-18 10:23:37,18056.9,0
2021-06-18 10:23:38,18057.8,0
2021-06-18 10:23:39,18056.05,0
2021-06-18 10:23:42,18055.1,0
2021-06-18 10:23:43,18055.05,0
2021-06-18 10:23:44,18051.45,0
2021-06-18 10:23:45,18056.05,0
2021-06-18 10:23:48,18050.8,0
2021-06-18 10:23:49,18054.5,0
2021-06-18 10:23:55,18052.25,0
2021-06-18 10:23:59,18053.45,0
2021-06-18 10:24:07,18050.15,0
2021-06-18 10:24:09,18050.7,0
2021-06-18 10:24:14,18045.85,0
2021-06-18 10:24:23,18044.85,0
2021-06-18 10:24:26,18046.8,0
2021-06-18 10:24:27,18043.7,0
2021-06-18 10:24:29,18046.0,0
2021-06-18 10:24:32,18044.7,0
2021-06-18 10:24:35,18043.15,0
2021-06-18 10:24:37,18042.35,0
2021-06-18 10:24:38,18043.35,0
2021-06-18 10:24:41,18043.8,0
2021-06-18 10:24:42,18039.45,0
2021-06-18 10:24:43,18042.0,0
2021-06-18 10:24:44,18039.1,0
2021-06-18 10:24:46,18042.95,0
2021-06-18 10:24:48,18042.05,0
2021-06-18 10:24:49,18043.75,0
2021-06-18 10:24:52,18043.6,0
2021-06-18 10:24:55,18044.2,0
2021-06-18 10:24:57,18046.6,0
2021-06-18 10:24:59,18046.95,0
2021-06-18 10:25:01,18045.7,0
2021-06-18 10:25:02,18046.55,0
2021-06-18 10:25:03,18047.0,0
2021-06-18 10:25:08,18045.2,0
2021-06-18 10:25:11,18047.7,0
2021-06-18 10:25:13,18046.2,0
2021-06-18 10:25:15,18046.8,0
2021-06-18 10:25:18,18048.3,0
2021-06-18 10:25:20,18048.4,0
2021-06-18 10:25:28,18047.4,0
2021-06-18 10:25:34,18047.85,0
2021-06-18 10:25:39,18052.6,0
2021-06-18 10:25:41,18051.7,0
2021-06-18 10:25:44,18050.9,0
2021-06-18 10:25:45,18046.75,0
2021-06-18 10:25:49,18037.45,0
2021-06-18 10:25:50,18037.05,0
2021-06-18 10:25:51,18038.75,0
2021-06-18 10:25:56,18038.0,0
2021-06-18 10:25:58,18037.15,0
2021-06-18 10:25:59,18038.0,0
2021-06-18 10:26:00,18035.65,0
2021-06-18 10:26:05,18034.15,0
2021-06-18 10:26:06,18033.6,0
2021-06-18 10:26:08,18033.05,0
2021-06-18 10:26:09,18035.85,0
2021-06-18 10:26:11,18033.05,0
2021-06-18 10:26:19,18036.15,0
2021-06-18 10:26:20,18038.55,0
2021-06-18 10:26:21,18035.85,0
2021-06-18 10:26:22,18035.65,0
2021-06-18 10:26:28,18043.0,0
2021-06-18 10:26:33,18045.7,0
2021-06-18 10:26:36,18047.0,0
2021-06-18 10:26:38,18049.7,0
2021-06-18 10:26:39,18046.3,0
2021-06-18 10:26:44,18049.85,0
2021-06-18 10:26:45,18049.75,0
2021-06-18 10:26:47,18045.55,0
2021-06-18 10:26:49,18044.95,0
2021-06-18 10:26:50,18044.1,0
2021-06-18 10:26:51,18042.05,0
2021-06-18 10:26:53,18042.25,0
2021-06-18 10:26:54,18042.1,0
2021-06-18 10:26:58,18042.85,0
2021-06-18 10:27:01,18042.1,0
2021-06-18 10:27:03,18042.55,0
2021-06-18 10:27:05,18045.9,0
2021-06-18 10:27:06,18044.75,0
2021-06-18 10:27:07,18046.05,0
2021-06-18 10:27:08,18044.2,0
2021-06-18 10:27:11,18042.4,0
2021-06-18 10:27:12,18046.15,0
2021-06-18 10:27:15,18042.3,0
2021-06-18 10:27:18,18042.8,0
2021-06-18 10:27:19,18044.1,0
2021-06-18 10:27:22,18041.85,0
2021-06-18 10:27:23,18042.8,0
2021-06-18 10:27:25,18041.65,0
2021-06-18 10:27:28,18043.6,0
2021-06-18 10:27:30,18041.5,0
2021-06-18 10:27:40,18033.75,0
2021-06-18 10:27:43,18029.75,0
2021-06-18 10:27:46,18035.85,0
2021-06-18 10:27:47,18032.45,0
2021-06-18 10:27:49,18032.0,0
2021-06-18 10:27:52,18030.4,0
2021-06-18 10:27:54,18029.15,0
2021-06-18 10:27:55,18026.15,0
2021-06-18 10:27:56,18028.05,0
2021-06-18 10:27:59,18027.65,0
2021-06-18 10:28:01,18028.75,0
2021-06-18 10:28:02,18029.55,0
2021-06-18 10:28:04,18026.9,0
2021-06-18 10:28:10,18023.75,0
2021-06-18 10:28:12,18027.0,0
2021-06-18 10:28:15,18025.75,0
2021-06-18 10:28:16,18024.65,0
2021-06-18 10:28:18,18026.55,0
2021-06-18 10:28:19,18024.75,0
2021-06-18 10:28:23,18023.9,0
2021-06-18 10:28:26,18020.1,0
2021-06-18 10:28:28,18023.05,0
2021-06-18 10:28:30,18023.4,0
2021-06-18 10:28:31,18024.6,0
2021-06-18 10:28:32,18024.65,0
2021-06-18 10:28:35,18022.75,0
2021-06-18 10:28:42,18020.75,0
2021-06-18 10:28:45,18021.1,0
2021-06-18 10:28:46,18022.85,0
2021-06-18 10:28:47,18017.7,0
2021-06-18 10:28:48,18020.9,0
2021-06-18 10:28:52,18015.5,0
2021-06-18 10:28:53,18014.85,0
2021-06-18 10:28:56,18008.15,0
2021-06-18 10:28:58,18011.05,0
2021-06-18 10:29:01,18008.15,0
2021-06-18 10:29:02,18015.65,0
2021-06-18 10:29:08,18000.3,0
2021-06-18 10:29:10,17988.3,0
2021-06-18 10:29:11,17988.25,0
2021-06-18 10:29:14,17986.85,0
2021-06-18 10:29:15,17991.4,0
2021-06-18 10:29:18,17998.8,0
2021-06-18 10:29:19,17996.95,0
2021-06-18 10:29:20,18000.6,0
2021-06-18 10:29:24,17998.05,0
2021-06-18 10:29:31,18000.6,0
2021-06-18 10:29:33,18003.4,0
2021-06-18 10:29:37,18006.25,0
2021-06-18 10:29:41,17999.8,0
2021-06-18 10:29:47,17997.6,0
2021-06-18 10:29:48,18001.05,0
2021-06-18 10:29:52,17996.9,0
2021-06-18 10:29:53,18001.0,0
2021-06-18 10:29:58,18000.35,0
2021-06-18 10:30:02,17999.25,0
2021-06-18 10:30:04,17999.4,0
2021-06-18 10:30:06,17997.45,0
2021-06-18 10:30:07,17998.05,0
2021-06-18 10:30:08,17997.75,0
2021-06-18 10:30:10,18000.6,0
2021-06-18 10:30:12,17999.35,0
2021-06-18 10:30:13,18012.75,0
2021-06-18 10:30:16,18012.0,0
2021-06-18 10:30:19,18009.55,0
2021-06-18 10:30:22,18014.7,0
2021-06-18 10:30:27,18020.9,0
2021-06-18 10:30:31,18017.6,0
2021-06-18 10:30:33,18016.7,0
2021-06-18 10:30:36,18018.5,0
2021-06-18 10:30:44,18011.1,0
2021-06-18 10:30:46,18007.9,0
2021-06-18 10:30:48,18009.75,0
2021-06-18 10:30:49,18012.6,0
2021-06-18 10:30:50,18012.15,0
2021-06-18 10:30:52,18015.45,0
2021-06-18 10:30:53,18015.35,0
2021-06-18 10:31:06,18013.45,0
2021-06-18 10:31:07,18011.55,0
2021-06-18 10:31:08,18011.45,0
2021-06-18 10:31:09,18010.5,0
2021-06-18 10:31:10,18010.7,0
2021-06-18 10:31:12,18014.8,0
2021-06-18 10:31:15,18015.7,0
2021-06-18 10:31:17,18013.25,0
2021-06-18 10:31:19,18017.75,0
2021-06-18 10:31:21,18021.3,0
2021-06-18 10:31:22,18018.2,0
2021-06-18 10:31:23,18019.7,0
2021-06-18 10:31:24,18021.0,0
2021-06-18 10:31:25,18018.75,0
2021-06-18 10:31:30,18015.5,0
2021-06-18 10:31:31,18008.45,0
2021-06-18 10:31:35,18010.1,0
2021-06-18 10:31:36,18010.15,0
2021-06-18 10:31:37,18010.8,0
2021-06-18 10:31:38,18011.4,0
2021-06-18 10:31:39,18009.05,0
2021-06-18 10:31:41,18008.05,0
2021-06-18 10:31:42,18006.65,0
2021-06-18 10:31:48,17998.65,0
2021-06-18 10:31:51,17992.25,0
2021-06-18 10:31:52,17992.9,0
2021-06-18 10:31:53,17987.45,0
2021-06-18 10:31:58,17982.45,0
2021-06-18 10:32:00,17983.45,0
2021-06-18 10:32:01,17982.55,0
2021-06-18 10:32:06,17979.5,0
2021-06-18 10:32:08,17977.25,0
2021-06-18 10:32:09,17978.65,0
2021-06-18 10:32:11,17974.65,0
2021-06-18 10:32:16,17979.85,0
2021-06-18 10:32:18,17975.7,0
2021-06-18 10:32:21,17976.65,0
2021-06-18 10:32:22,17975.95,0
2021-06-18 10:32:23,17980.1,0
2021-06-18 10:32:28,17974.45,0
2021-06-18 10:32:29,17972.15,0
2021-06-18 10:32:30,17974.1,0
2021-06-18 10:32:36,17988.7,0
2021-06-18 10:32:39,17991.8,0
2021-06-18 10:32:40,17990.8,0
2021-06-18 10:32:50,17997.5,0
2021-06-18 10:32:51,18000.3,0
2021-06-18 10:33:01,18008.1,0
2021-06-18 10:33:02,18008.35,0
2021-06-18 10:33:03,18008.95,0
2021-06-18 10:33:07,18007.05,0
2021-06-18 10:33:09,18003.55,0
2021-06-18 10:33:12,18005.8,0
2021-06-18 10:33:15,18007.85,0
2021-06-18 10:33:16,18013.8,0
2021-06-18 10:33:17,18013.3,0
2021-06-18 10:33:18,18016.3,0
2021-06-18 10:33:22,18010.95,0
2021-06-18 10:33:23,18013.55,0
2021-06-18 10:33:32,18019.05,0
2021-06-18 10:33:36,18025.7,0
2021-06-18 10:33:37,18029.2,0
2021-06-18 10:33:38,18029.3,0
2021-06-18 10:33:39,18028.45,0
2021-06-18 10:33:40,18024.35,0
2021-06-18 10:33:41,18027.2,0
2021-06-18 10:33:44,18028.0,0
2021-06-18 10:33:48,18031.75,0
2021-06-18 10:33:49,18031.05,0
2021-06-18 10:33:50,18032.1,0
2021-06-18 10:33:52,18026.0,0
2021-06-18 10:33:53,18027.65,0
2021-06-18 10:33:57,18026.6,0
2021-06-18 10:34:00,18026.4,0
2021-06-18 10:34:01,18030.4,0
2021-06-18 10:34:03,18029.4,0
2021-06-18 10:34:05,18028.95,0
2021-06-18 10:34:06,18026.35,0
2021-06-18 10:34:10,18028.15,0
2021-06-18 10:34:12,18030.5,0
2021-06-18 10:34:17,18031.4,0
2021-06-18 10:34:23,18025.4,0
2021-06-18 10:34:26,18025.55,0
2021-06-18 10:34:29,18022.5,0
2021-06-18 10:34:32,18022.65,0
2021-06-18 10:34:35,18020.4,0
2021-06-18 10:34:36,18018.15,0
2021-06-18 10:34:37,18021.7,0
2021-06-18 10:34:41,18018.9,0
2021-06-18 10:34:44,18016.2,0
2021-06-18 10:34:49,18021.5,0
2021-06-18 10:34:54,18027.9,0
2021-06-18 10:34:56,18024.25,0
2021-06-18 10:34:58,18025.6,0
2021-06-18 10:35:00,18029.0,0
2021-06-18 10:35:02,18030.3,0
2021-06-18 10:35:10,18028.3,0
2021-06-18 10:35:12,18029.7,0
2021-06-18 10:35:17,18031.35,0
2021-06-18 10:35:18,18031.8,0
2021-06-18 10:35:19,18032.6,0
2021-06-18 10:35:21,18035.85,0
2021-06-18 10:35:22,18035.85,0
2021-06-18 10:35:24,18033.75,0
2021-06-18 10:35:26,18033.8,0
2021-06-18 10:35:28,18036.25,0
2021-06-18 10:35:30,18037.65,0
2021-06-18 10:35:32,18037.95,0
2021-06-18 10:35:33,18037.0,0
2021-06-18 10:35:35,18036.45,0
2021-06-18 10:35:37,18038.4,0
2021-06-18 10:35:39,18037.9,0
2021-06-18 10:35:40,18035.5,0
2021-06-18 10:35:42,18030.35,0
2021-06-18 10:35:44,18032.95,0
2021-06-18 10:35:46,18031.1,0
2021-06-18 10:35:47,18031.6,0
2021-06-18 10:35:48,18033.15,0
2021-06-18 10:35:53,18029.55,0
2021-06-18 10:35:54,18030.3,0
2021-06-18 10:35:56,18029.45,0
2021-06-18 10:35:58,18031.75,0
2021-06-18 10:35:59,18030.6,0
2021-06-18 10:36:01,18035.05,0
2021-06-18 10:36:06,18033.2,0
2021-06-18 10:36:07,18036.95,0
2021-06-18 10:36:09,18036.95,0
2021-06-18 10:36:10,18037.1,0
2021-06-18 10:36:11,18038.85,0
2021-06-18 10:36:16,18035.25,0
2021-06-18 10:36:17,18037.1,0
2021-06-18 10:36:20,18036.5,0
2021-06-18 10:36:26,18034.5,0
2021-06-18 10:36:28,18036.1,0
2021-06-18 10:36:38,18029.6,0
2021-06-18 10:36:40,18030.5,0
2021-06-18 10:36:41,18031.75,0
2021-06-18 10:36:46,18037.75,0
2021-06-18 10:36:47,18034.5,0
2021-06-18 10:36:48,18035.7,0
2021-06-18 10:36:49,18035.1,0
2021-06-18 10:36:56,18036.65,0
2021-06-18 10:36:58,18036.8,0
2021-06-18 10:37:00,18038.95,0
2021-06-18 10:37:01,18038.3,0
2021-06-18 10:37:04,18034.35,0
2021-06-18 10:37:09,18026.8,0
2021-06-18 10:37:13,18028.15,0
2021-06-18 10:37:14,18026.3,0
2021-06-18 10:37:16,18024.75,0
2021-06-18 10:37:17,18024.65,0
2021-06-18 10:37:18,18026.6,0
2021-06-18 10:37:19,18021.8,0
2021-06-18 10:37:21,18018.5,0
2021-06-18 10:37:30,18014.8,0
2021-06-18 10:37:31,18013.6,0
2021-06-18 10:37:32,18015.95,0
2021-06-18 10:37:34,18015.45,0
2021-06-18 10:37:35,18019.4,0
2021-06-18 10:37:39,18023.0,0
2021-06-18 10:37:41,18022.4,0
2021-06-18 10:37:43,18020.5,0
2021-06-18 10:37:45,18020.1,0
2021-06-18 10:37:50,18019.2,0
2021-06-18 10:37:52,18015.4,0
2021-06-18 10:37:54,18014.65,0
2021-06-18 10:37:56,18017.75,0
2021-06-18 10:38:00,18015.35,0
2021-06-18 10:38:01,18016.7,0
2021-06-18 10:38:02,18014.95,0
2021-06-18 10:38:05,18009.7,0
2021-06-18 10:38:11,18009.75,0
2021-06-18 10:38:14,18008.2,0
2021-06-18 10:38:16,18005.9,0
2021-06-18 10:38:18,18006.9,0
2021-06-18 10:38:21,18002.35,0
2021-06-18 10:38:22,18002.85,0
2021-06-18 10:38:26,18006.9,0
2021-06-18 10:38:28,18007.5,0
2021-06-18 10:38:29,18009.1,0
2021-06-18 10:38:32,18014.2,0
2021-06-18 10:38:35,18014.05,0
2021-06-18 10:38:36,18013.5,0
2021-06-18 10:38:37,18013.35,0
2021-06-18 10:38:38,18013.15,0
2021-06-18 10:38:40,18015.85,0
2021-06-18 10:38:42,18016.1,0
2021-06-18 10:38:43,18013.6,0
2021-06-18 10:38:46,18013.2,0
2021-06-18 10:38:48,18014.8,0
2021-06-18 10:38:50,18019.6,0
2021-06-18 10:38:51,18019.3,0
2021-06-18 10:38:54,18019.25,0
2021-06-18 10:38:55,18021.55,0
2021-06-18 10:38:58,18019.05,0
2021-06-18 10:39:00,18016.1,0
2021-06-18 10:39:01,18014.4,0
2021-06-18 10:39:07,18015.45,0
2021-06-18 10:39:10,18013.4,0
2021-06-18 10:39:14,18012.45,0
2021-06-18 10:39:21,18012.35,0
2021-06-18 10:39:23,18012.4,0
2021-06-18 10:39:31,18009.1,0
2021-06-18 10:39:33,18007.75,0
2021-06-18 10:39:40,18008.25,0
2021-06-18 10:39:41,18007.15,0
2021-06-18 10:39:44,18011.45,0
2021-06-18 10:39:45,18013.15,0
2021-06-18 10:39:47,18012.8,0
2021-06-18 10:39:48,18010.8,0
2021-06-18 10:39:50,18013.3,0
2021-06-18 10:39:51,18011.65,0
2021-06-18 10:39:52,18013.6,0
2021-06-18 10:39:53,18013.65,0
2021-06-18 10:39:56,18010.6,0
2021-06-18 10:39:58,18012.9,0
2021-06-18 10:39:59,18013.95,0
2021-06-18 10:40:02,18010.15,0
2021-06-18 10:40:03,18011.7,0
2021-06-18 10:40:07,18011.4,0
2021-06-18 10:40:08,18014.95,0
2021-06-18 10:40:09,18012.2,0
2021-06-18 10:40:12,18014.6,0
2021-06-18 10:40:13,18014.05,0
2021-06-18 10:40:15,18010.65,0
2021-06-18 10:40:16,18012.75,0
2021-06-18 10:40:23,18013.45,0
2021-06-18 10:40:27,18013.85,0
2021-06-18 10:40:28,18016.2,0
2021-06-18 10:40:32,18012.2,0
2021-06-18 10:40:35,18010.95,0
2021-06-18 10:40:38,18009.75,0
2021-06-18 10:40:40,18008.75,0
2021-06-18 10:40:45,18011.1,0
2021-06-18 10:40:48,18011.3,0
2021-06-18 10:40:49,18009.6,0
2021-06-18 10:40:52,18010.3,0
2021-06-18 10:40:53,18010.55,0
2021-06-18 10:40:54,18007.55,0
2021-06-18 10:40:55,18010.85,0
2021-06-18 10:40:56,18009.95,0
2021-06-18 10:40:59,18016.1,0
2021-06-18 10:41:00,18013.3,0
2021-06-18 10:41:06,18011.55,0
2021-06-18 10:41:09,18013.05,0
2021-06-18 10:41:10,18011.95,0
2021-06-18 10:41:11,18010.3,0
2021-06-18 10:41:12,18012.9,0
2021-06-18 10:41:15,18016.1,0
2021-06-18 10:41:18,18018.2,0
2021-06-18 10:41:19,18018.95,0
2021-06-18 10:41:20,18025.9,0
2021-06-18 10:41:27,18027.7,0
2021-06-18 10:41:32,18028.85,0
2021-06-18 10:41:33,18029.05,0
2021-06-18 10:41:34,18028.45,0
2021-06-18 10:41:36,18028.8,0
2021-06-18 10:41:39,18028.05,0
2021-06-18 10:41:40,18027.15,0
2021-06-18 10:41:41,18028.7,0
2021-06-18 10:41:43,18028.1,0
2021-06-18 10:41:45,18030.4,0
2021-06-18 10:41:47,18033.15,0
2021-06-18 10:41:48,18033.35,0
2021-06-18 10:41:49,18034.05,0
2021-06-18 10:41:51,18034.0,0
2021-06-18 10:41:52,18034.4,0
2021-06-18 10:41:53,18035.3,0
2021-06-18 10:41:54,18034.3,0
2021-06-18 10:42:00,18035.3,0
2021-06-18 10:42:02,18035.0,0
2021-06-18 10:42:03,18036.5,0
2021-06-18 10:42:05,18034.8,0
2021-06-18 10:42:06,18035.1,0
2021-06-18 10:42:12,18041.05,0
2021-06-18 10:42:18,18046.35,0
2021-06-18 10:42:22,18042.45,0
2021-06-18 10:42:23,18042.45,0
2021-06-18 10:42:24,18037.25,0
2021-06-18 10:42:30,18035.7,0
2021-06-18 10:42:32,18036.1,0
2021-06-18 10:42:37,18035.7,0
2021-06-18 10:42:38,18034.8,0
2021-06-18 10:42:42,18037.9,0
2021-06-18 10:42:43,18034.4,0
2021-06-18 10:42:50,18033.85,0
2021-06-18 10:42:52,18033.05,0
2021-06-18 10:42:55,18029.65,0
2021-06-18 10:42:57,18031.85,0
2021-06-18 10:43:00,18031.95,0
2021-06-18 10:43:03,18031.8,0
2021-06-18 10:43:06,18024.75,0
2021-06-18 10:43:11,18020.8,0
2021-06-18 10:43:13,18020.2,0
2021-06-18 10:43:14,18020.75,0
2021-06-18 10:43:15,18022.3,0
2021-06-18 10:43:17,18021.25,0
2021-06-18 10:43:19,18018.05,0
2021-06-18 10:43:21,18022.05,0
2021-06-18 10:43:24,18015.55,0
2021-06-18 10:43:25,18019.25,0
2021-06-18 10:43:26,18016.9,0
2021-06-18 10:43:30,18018.65,0
2021-06-18 10:43:31,18019.9,0
2021-06-18 10:43:32,18017.65,0
2021-06-18 10:43:33,18020.85,0
2021-06-18 10:43:34,18020.25,0
2021-06-18 10:43:38,18021.1,0
2021-06-18 10:43:40,18019.6,0
2021-06-18 10:43:43,18021.4,0
2021-06-18 10:43:45,18021.75,0
2021-06-18 10:43:50,18021.6,0
2021-06-18 10:43:51,18020.4,0
2021-06-18 10:43:53,18021.65,0
2021-06-18 10:43:58,18025.2,0
2021-06-18 10:43:59,18027.4,0
2021-06-18 10:44:02,18025.05,0
2021-06-18 10:44:05,18023.35,0
2021-06-18 10:44:10,18025.25,0
2021-06-18 10:44:11,18026.3,0
2021-06-18 10:44:16,18036.4,0
2021-06-18 10:44:17,18033.25,0
2021-06-18 10:44:19,18034.65,0
2021-06-18 10:44:20,18033.15,0
2021-06-18 10:44:22,18033.5,0
2021-06-18 10:44:24,18033.55,0
2021-06-18 10:44:25,18030.95,0
2021-06-18 10:44:28,18027.4,0
2021-06-18 10:44:31,18029.15,0
2021-06-18 10:44:38,18029.8,0
2021-06-18 10:44:39,18028.1,0
2021-06-18 10:44:40,18029.9,0
2021-06-18 10:44:44,18030.35,0
2021-06-18 10:44:45,18031.75,0
2021-06-18 10:44:47,18031.05,0
2021-06-18 10:44:50,18029.2,0
2021-06-18 10:44:51,18030.2,0
2021-06-18 10:44:53,18033.15,0
2021-06-18 10:44:55,18030.3,0
2021-06-18 10:44:58,18032.6,0
2021-06-18 10:44:59,18031.75,0
2021-06-18 10:45:01,18027.8,0
2021-06-18 10:45:02,18029.8,0
2021-06-18 10:45:04,18030.95,0
2021-06-18 10:45:05,18029.0,0
2021-06-18 10:45:07,18028.8,0
2021-06-18 10:45:09,18029.5,0
2021-06-18 10:45:13,18029.8,0
2021-06-18 10:45:14,18029.25,0
2021-06-18 10:45:15,18030.25,0
2021-06-18 10:45:16,18028.8,0
2021-06-18 10:45:17,18030.4,0
2021-06-18 10:45:22,18034.15,0
2021-06-18 10:45:24,18038.0,0
2021-06-18 10:45:26,18037.65,0
2021-06-18 10:45:29,18035.35,0
2021-06-18 10:45:31,18037.5,0
2021-06-18 10:45:33,18036.2,0
2021-06-18 10:45:35,18033.75,0
2021-06-18 10:45:39,18033.7,0
2021-06-18 10:45:48,18037.1,0
2021-06-18 10:45:57,18038.4,0
2021-06-18 10:46:01,18041.65,0
2021-06-18 10:46:07,18044.4,0
2021-06-18 10:46:10,18045.9,0
2021-06-18 10:46:13,18042.05,0
2021-06-18 10:46:16,18034.2,0
2021-06-18 10:46:17,18035.35,0
2021-06-18 10:46:18,18034.5,0
2021-06-18 10:46:21,18030.9,0
2021-06-18 10:46:32,18033.95,0
2021-06-18 10:46:33,18031.85,0
2021-06-18 10:46:37,18035.1,0
2021-06-18 10:46:38,18034.95,0
2021-06-18 10:46:42,18039.2,0
2021-06-18 10:46:43,18039.2,0
2021-06-18 10:46:50,18035.15,0
2021-06-18 10:46:53,18037.35,0
2021-06-18 10:46:54,18036.3,0
2021-06-18 10:46:56,18036.9,0
2021-06-18 10:46:59,18039.5,0
2021-06-18 10:47:00,18040.15,0
2021-06-18 10:47:02,18041.45,0
2021-06-18 10:47:10,18034.75,0
2021-06-18 10:47:14,18037.2,0
2021-06-18 10:47:17,18035.65,0
2021-06-18 10:47:19,18034.75,0
2021-06-18 10:47:20,18033.9,0
2021-06-18 10:47:26,18033.75,0
2021-06-18 10:47:28,18033.2,0
2021-06-18 10:47:31,18034.05,0
2021-06-18 10:47:34,18033.8,0
2021-06-18 10:47:52,18030.15,0
2021-06-18 10:47:54,18032.8,0
2021-06-18 10:47:56,18029.2,0
2021-06-18 10:48:01,18026.1,0
2021-06-18 10:48:05,18024.3,0
2021-06-18 10:48:07,18021.0,0
2021-06-18 10:48:09,18021.45,0
2021-06-18 10:48:12,18018.55,0
2021-06-18 10:48:13,18016.8,0
2021-06-18 10:48:14,18012.95,0
2021-06-18 10:48:16,18010.15,0
2021-06-18 10:48:18,18012.4,0
2021-06-18 10:48:21,18003.3,0
2021-06-18 10:48:23,18002.05,0
2021-06-18 10:48:24,18002.15,0
2021-06-18 10:48:25,18002.75,0
2021-06-18 10:48:26,18002.9,0
2021-06-18 10:48:28,18006.0,0
2021-06-18 10:48:31,18003.3,0
2021-06-18 10:48:32,18001.05,0
2021-06-18 10:48:35,18002.1,0
2021-06-18 10:48:37,18002.65,0
2021-06-18 10:48:38,18006.3,0
2021-06-18 10:48:39,18003.6,0
2021-06-18 10:48:50,18001.3,0
2021-06-18 10:48:52,18001.2,0
2021-06-18 10:48:55,18002.85,0
2021-06-18 10:48:57,17999.5,0
2021-06-18 10:49:01,18000.1,0
2021-06-18 10:49:02,18002.15,0
2021-06-18 10:49:04,17999.4,0
2021-06-18 10:49:09,17999.2,0
2021-06-18 10:49:13,17992.4,0
2021-06-18 10:49:15,17988.45,0
2021-06-18 10:49:16,17992.35,0
2021-06-18 10:49:17,17991.35,0
2021-06-18 10:49:19,17993.9,0
2021-06-18 10:49:22,17995.6,0
2021-06-18 10:49:25,17992.2,0
2021-06-18 10:49:26,17990.0,0
2021-06-18 10:49:28,17990.45,0
2021-06-18 10:49:29,17993.9,0
2021-06-18 10:49:30,17990.25,0
2021-06-18 10:49:34,17990.6,0
2021-06-18 10:49:35,17988.85,0
2021-06-18 10:49:38,17987.7,0
2021-06-18 10:49:42,17987.8,0
2021-06-18 10:49:46,17999.1,0
2021-06-18 10:49:50,17997.75,0
2021-06-18 10:49:52,18001.6,0
2021-06-18 10:49:53,18002.05,0
2021-06-18 10:49:56,17999.9,0
2021-06-18 10:49:57,17998.9,0
2021-06-18 10:49:58,17996.3,0
2021-06-18 10:50:00,17994.55,0
2021-06-18 10:50:04,17987.4,0
2021-06-18 10:50:05,17991.25,0
2021-06-18 10:50:07,17991.35,0
2021-06-18 10:50:11,17997.85,0
2021-06-18 10:50:13,18001.4,0
2021-06-18 10:50:14,17998.95,0
2021-06-18 10:50:18,17993.3,0
2021-06-18 10:50:19,17993.95,0
2021-06-18 10:50:22,17994.3,0
2021-06-18 10:50:28,17992.9,0
2021-06-18 10:50:32,17995.3,0
2021-06-18 10:50:34,17992.5,0
2021-06-18 10:50:35,17994.2,0
2021-06-18 10:50:36,17989.15,0
2021-06-18 10:50:37,17990.95,0
2021-06-18 10:50:42,18002.8,0
2021-06-18 10:50:47,17996.6,0
2021-06-18 10:50:51,18002.95,0
2021-06-18 10:50:53,18005.0,0
2021-06-18 10:50:57,18004.15,0
2021-06-18 10:50:59,18003.95,0
2021-06-18 10:51:00,18002.25,0
2021-06-18 10:51:01,18003.85,0
2021-06-18 10:51:02,18004.5,0
2021-06-18 10:51:03,18010.8,0
2021-06-18 10:51:04,18007.65,0
2021-06-18 10:51:10,18004.1,0
2021-06-18 10:51:13,18002.95,0
2021-06-18 10:51:15,18001.35,0
2021-06-18 10:51:17,18000.05,0
2021-06-18 10:51:18,17999.95,0
2021-06-18 10:51:21,17993.8,0
2021-06-18 10:51:22,17992.35,0
2021-06-18 10:51:23,17990.85,0
2021-06-18 10:51:25,17992.95,0
2021-06-18 10:51:26,17994.4,0
2021-06-18 10:51:29,17992.9,0
2021-06-18 10:51:30,17996.4,0
2021-06-18 10:51:32,17999.2,0
2021-06-18 10:51:33,17999.3,0
2021-06-18 10:51:35,18000.25,0
2021-06-18 10:51:36,17997.85,0
2021-06-18 10:51:37,17994.0,0
2021-06-18 10:51:38,17998.9,0
2021-06-18 10:51:39,17999.05,0
2021-06-18 10:51:41,17996.3,0
2021-06-18 10:51:44,17994.35,0
2021-06-18 10:51:53,17991.6,0
2021-06-18 10:51:54,17990.65,0
2021-06-18 10:51:55,17992.45,0
2021-06-18 10:51:59,17993.15,0
2021-06-18 10:52:02,17990.4,0
2021-06-18 10:52:03,17990.3,0
2021-06-18 10:52:09,17990.95,0
2021-06-18 10:52:10,17991.4,0
2021-06-18 10:52:13,17983.5,0
2021-06-18 10:52:14,17983.55,0
2021-06-18 10:52:15,17984.3,0
2021-06-18 10:52:16,17976.3,0
2021-06-18 10:52:17,17977.25,0
2021-06-18 10:52:19,17974.7,0
2021-06-18 10:52:22,17980.15,0
2021-06-18 10:52:23,17983.45,0
2021-06-18 10:52:30,17983.0,0
2021-06-18 10:52:31,17986.35,0
2021-06-18 10:52:35,17984.2,0
2021-06-18 10:52:36,17981.7,0
2021-06-18 10:52:37,17985.45,0
2021-06-18 10:52:43,17982.05,0
2021-06-18 10:52:47,17983.05,0
2021-06-18 10:52:50,17986.55,0
2021-06-18 10:52:53,17984.4,0
2021-06-18 10:52:54,17981.4,0
2021-06-18 10:52:55,17982.3,0
2021-06-18 10:52:58,17981.4,0
2021-06-18 10:52:59,17980.5,0
2021-06-18 10:53:02,17985.95,0
2021-06-18 10:53:04,17986.0,0
2021-06-18 10:53:06,17984.75,0
2021-06-18 10:53:19,18000.3,0
2021-06-18 10:53:22,18003.35,0
2021-06-18 10:53:23,18003.75,0
2021-06-18 10:53:24,18004.25,0
2021-06-18 10:53:27,18011.6,0
2021-06-18 10:53:29,18012.45,0
2021-06-18 10:53:32,18010.55,0
2021-06-18 10:53:33,18006.55,0
2021-06-18 10:53:37,18003.4,0
2021-06-18 10:53:39,18000.85,0
2021-06-18 10:53:41,18004.35,0
2021-06-18 10:53:43,18007.3,0
2021-06-18 10:53:45,18007.45,0
2021-06-18 10:53:48,18002.4,0
2021-06-18 10:53:51,18006.05,0
2021-06-18 10:53:58,18003.9,0
2021-06-18 10:53:59,18000.75,0
2021-06-18 10:54:03,17998.7,0
2021-06-18 10:54:04,17996.5,0
2021-06-18 10:54:10,18002.1,0
2021-06-18 10:54:13,18003.2,0
2021-06-18 10:54:14,18003.9,0
2021-06-18 10:54:18,18003.5,0
2021-06-18 10:54:19,18001.2,0
2021-06-18 10:54:20,17998.6,0
2021-06-18 10:54:22,18000.3,0
2021-06-18 10:54:24,17998.5,0
2021-06-18 10:54:25,17998.2,0
2021-06-18 10:54:27,17994.5,0
2021-06-18 10:54:32,17991.8,0
2021-06-18 10:54:33,17989.25,0
2021-06-18 10:54:34,17983.9,0
2021-06-18 10:54:36,17989.5,0
2021-06-18 10:54:41,17996.5,0
2021-06-18 10:54:44,17991.1,0
2021-06-18 10:54:49,17993.35,0
2021-06-18 10:54:50,17993.25,0
2021-06-18 10:54:51,17992.95,0
2021-06-18 10:54:55,17991.95,0
2021-06-18 10:54:56,17992.0,0
2021-06-18 10:55:01,17988.35,0
2021-06-18 10:55:04,17982.7,0
2021-06-18 10:55:06,17982.25,0
2021-06-18 10:55:07,17982.6,0
2021-06-18 10:55:13,17977.15,0
2021-06-18 10:55:17,17979.15,0
2021-06-18 10:55:18,17981.15,0
2021-06-18 10:55:19,17983.0,0
2021-06-18 10:55:20,17982.2,0
2021-06-18 10:55:23,17986.0,0
2021-06-18 10:55:28,17993.25,0
2021-06-18 10:55:29,17992.75,0
2021-06-18 10:55:31,17992.8,0
2021-06-18 10:55:34,17989.6,0
2021-06-18 10:55:35,17992.1,0
2021-06-18 10:55:36,17988.75,0
2021-06-18 10:55:42,17983.8,0
2021-06-18 10:55:44,17983.05,0
2021-06-18 10:55:45,17981.15,0
2021-06-18 10:55:47,17978.4,0
2021-06-18 10:55:49,17975.95,0
2021-06-18 10:55:53,17984.85,0
2021-06-18 10:55:59,17982.35,0
2021-06-18 10:56:01,17979.3,0
2021-06-18 10:56:03,17978.05,0
2021-06-18 10:56:05,17974.15,0
2021-06-18 10:56:09,17975.55,0
2021-06-18 10:56:10,17973.7,0
2021-06-18 10:56:11,17974.0,0
2021-06-18 10:56:12,17972.35,0
2021-06-18 10:56:18,17956.4,0
2021-06-18 10:56:26,17969.5,0
2021-06-18 10:56:30,17974.25,0
2021-06-18 10:56:33,17971.4,0
2021-06-18 10:56:36,17972.05,0
2021-06-18 10:56:41,17975.65,0
2021-06-18 10:56:43,17974.0,0
2021-06-18 10:56:44,17981.9,0
2021-06-18 10:56:45,17980.65,0
2021-06-18 10:56:50,17973.9,0
2021-06-18 10:56:55,17974.75,0
2021-06-18 10:56:56,17975.15,0
2021-06-18 10:56:57,17974.25,0
2021-06-18 10:56:59,17971.2,0
2021-06-18 10:57:03,17966.25,0
2021-06-18 10:57:06,17963.1,0
2021-06-18 10:57:08,17960.8,0
2021-06-18 10:57:14,17954.25,0
2021-06-18 10:57:16,17956.0,0
2021-06-18 10:57:19,17955.7,0
2021-06-18 10:57:21,17960.1,0
2021-06-18 10:57:24,17960.6,0
2021-06-18 10:57:34,17948.95,0
2021-06-18 10:57:35,17948.65,0
2021-06-18 10:57:36,17949.95,0
2021-06-18 10:57:37,17948.35,0
2021-06-18 10:57:38,17947.0,0
2021-06-18 10:57:40,17935.8,0
2021-06-18 10:57:41,17934.65,0
2021-06-18 10:57:43,17934.85,0
2021-06-18 10:57:46,17933.3,0
2021-06-18 10:57:52,17938.95,0
2021-06-18 10:57:58,17941.35,0
2021-06-18 10:58:02,17937.35,0
2021-06-18 10:58:09,17931.05,0
2021-06-18 10:58:13,17927.65,0
2021-06-18 10:58:18,17931.8,0
2021-06-18 10:58:25,17938.95,0
2021-06-18 10:58:26,17938.25,0
2021-06-18 10:58:27,17937.4,0
2021-06-18 10:58:29,17935.15,0
2021-06-18 10:58:31,17937.9,0
2021-06-18 10:58:34,17935.55,0
2021-06-18 10:58:39,17924.4,0
2021-06-18 10:58:41,17923.1,0
2021-06-18 10:58:43,17921.0,0
2021-06-18 10:58:44,17920.15,0
2021-06-18 10:58:50,17908.25,0
2021-06-18 10:58:52,17901.0,0
2021-06-18 10:58:56,17909.75,0
2021-06-18 10:58:58,17916.35,0
2021-06-18 10:58:59,17915.85,0
2021-06-18 10:59:09,17910.2,0
2021-06-18 10:59:12,17906.85,0
2021-06-18 10:59:16,17890.75,0
2021-06-18 10:59:17,17884.5,0
2021-06-18 10:59:20,17880.85,0
2021-06-18 10:59:21,17878.5,0
2021-06-18 10:59:22,17879.35,0
2021-06-18 10:59:26,17863.65,0
2021-06-18 10:59:28,17856.65,0
2021-06-18 10:59:37,17876.45,0
2021-06-18 10:59:38,17878.25,0
2021-06-18 10:59:41,17876.75,0
2021-06-18 10:59:42,17874.85,0
2021-06-18 10:59:43,17874.5,0
2021-06-18 10:59:44,17877.95,0
2021-06-18 10:59:47,17882.85,0
2021-06-18 10:59:49,17888.45,0
2021-06-18 10:59:51,17889.55,0
2021-06-18 11:00:02,17890.6,0
2021-06-18 11:00:04,17894.2,0
2021-06-18 11:00:13,17903.3,0
2021-06-18 11:00:14,17901.75,0
2021-06-18 11:00:15,17898.75,0
2021-06-18 11:00:17,17895.3,0
2021-06-18 11:00:20,17893.8,0
2021-06-18 11:00:21,17896.95,0
2021-06-18 11:00:25,17907.1,0
2021-06-18 11:00:38,17922.2,0
2021-06-18 11:00:42,17923.0,0
2021-06-18 11:00:48,17930.8,0
2021-06-18 11:00:49,17932.5,0
2021-06-18 11:00:55,17916.45,0
2021-06-18 11:00:58,17913.8,0
2021-06-18 11:00:59,17915.4,0
2021-06-18 11:01:06,17931.7,0
2021-06-18 11:01:08,17934.45,0
2021-06-18 11:01:11,17931.1,0
2021-06-18 11:01:12,17929.45,0
2021-06-18 11:01:13,17931.4,0
2021-06-18 11:01:15,17932.2,0
2021-06-18 11:01:24,17936.65,0
2021-06-18 11:01:29,17943.6,0
2021-06-18 11:01:31,17939.35,0
2021-06-18 11:01:33,17935.6,0
2021-06-18 11:01:38,17933.95,0
2021-06-18 11:01:41,17935.0,0
2021-06-18 11:01:42,17939.15,0
2021-06-18 11:01:45,17943.6,0
2021-06-18 11:01:49,17953.4,0
2021-06-18 11:01:53,17944.9,0
2021-06-18 11:01:56,17943.45,0
2021-06-18 11:01:59,17940.1,0
2021-06-18 11:02:03,17938.7,0
2021-06-18 11:02:07,17937.45,0
2021-06-18 11:02:08,17937.1,0
2021-06-18 11:02:09,17936.85,0
2021-06-18 11:02:11,17933.15,0
2021-06-18 11:02:13,17934.6,0
2021-06-18 11:02:15,17940.8,0
2021-06-18 11:02:20,17944.55,0
2021-06-18 11:02:21,17949.6,0
2021-06-18 11:02:27,17950.3,0
2021-06-18 11:02:28,17949.85,0
2021-06-18 11:02:30,17952.9,0
2021-06-18 11:02:40,17944.5,0
2021-06-18 11:02:43,17942.35,0
2021-06-18 11:02:44,17944.95,0
2021-06-18 11:02:49,17950.8,0
2021-06-18 11:02:51,17949.75,0
2021-06-18 11:02:52,17950.55,0
2021-06-18 11:02:53,17950.65,0
2021-06-18 11:02:54,17951.35,0
2021-06-18 11:02:56,17960.1,0
2021-06-18 11:02:58,17956.25,0
2021-06-18 11:03:02,17957.5,0
2021-06-18 11:03:13,17951.4,0
2021-06-18 11:03:14,17944.3,0
2021-06-18 11:03:15,17946.25,0
2021-06-18 11:03:24,17941.8,0
2021-06-18 11:03:28,17940.95,0
2021-06-18 11:03:33,17942.85,0
2021-06-18 11:03:35,17942.55,0
2021-06-18 11:03:38,17944.45,0
2021-06-18 11:03:40,17947.9,0
2021-06-18 11:03:42,17952.45,0
2021-06-18 11:03:46,17948.7,0
2021-06-18 11:03:47,17946.5,0
2021-06-18 11:03:48,17946.5,0
2021-06-18 11:03:54,17943.95,0
2021-06-18 11:03:58,17942.1,0
2021-06-18 11:04:01,17944.8,0
2021-06-18 11:04:08,17922.45,0
2021-06-18 11:04:09,17922.95,0
2021-06-18 11:04:11,17923.6,0
2021-06-18 11:04:12,17921.4,0
2021-06-18 11:04:16,17902.7,0
2021-06-18 11:04:19,17902.55,0
2021-06-18 11:04:22,17911.1,0
2021-06-18 11:04:26,17909.65,0
2021-06-18 11:04:34,17913.15,0
2021-06-18 11:04:35,17913.85,0
2021-06-18 11:04:36,17915.9,0
2021-06-18 11:04:38,17912.3,0
2021-06-18 11:04:43,17910.55,0
2021-06-18 11:04:44,17911.6,0
2021-06-18 11:04:47,17905.45,0
2021-06-18 11:04:50,17906.85,0
2021-06-18 11:04:51,17908.75,0
2021-06-18 11:04:52,17907.85,0
2021-06-18 11:04:55,17907.8,0
2021-06-18 11:04:58,17912.8,0
2021-06-18 11:04:59,17911.7,0
2021-06-18 11:05:01,17914.3,0
2021-06-18 11:05:06,17922.65,0
2021-06-18 11:05:13,17930.35,0
2021-06-18 11:05:16,17921.2,0
2021-06-18 11:05:21,17919.5,0
2021-06-18 11:05:26,17911.65,0
2021-06-18 11:05:29,17914.6,0
2021-06-18 11:05:30,17914.35,0
2021-06-18 11:05:31,17916.3,0
2021-06-18 11:05:33,17918.85,0
2021-06-18 11:05:35,17918.85,0
2021-06-18 11:05:36,17924.8,0
2021-06-18 11:05:39,17921.75,0
2021-06-18 11:05:40,17925.3,0
2021-06-18 11:05:44,17924.7,0
2021-06-18 11:05:47,17933.8,0
2021-06-18 11:05:50,17934.6,0
2021-06-18 11:05:51,17939.8,0
2021-06-18 11:05:55,17938.3,0
2021-06-18 11:05:56,17939.05,0
2021-06-18 11:06:04,17938.45,0
2021-06-18 11:06:10,17942.9,0
2021-06-18 11:06:11,17943.25,0
2021-06-18 11:06:14,17949.85,0
2021-06-18 11:06:15,17950.75,0
2021-06-18 11:06:16,17946.35,0
2021-06-18 11:06:19,17944.7,0
2021-06-18 11:06:20,17944.65,0
2021-06-18 11:06:23,17939.2,0
2021-06-18 11:06:24,17939.8,0
2021-06-18 11:06:28,17943.25,0
2021-06-18 11:06:33,17945.25,0
2021-06-18 11:06:38,17943.7,0
2021-06-18 11:06:39,17945.4,0
2021-06-18 11:06:40,17946.1,0
2021-06-18 11:06:42,17948.7,0
2021-06-18 11:06:45,17949.4,0
2021-06-18 11:06:54,17950.9,0
2021-06-18 11:07:01,17949.35,0
2021-06-18 11:07:03,17953.1,0
2021-06-18 11:07:08,17957.65,0
2021-06-18 11:07:09,17957.7,0
2021-06-18 11:07:15,17963.1,0
2021-06-18 11:07:14,17957.85,0
2021-06-18 11:07:16,17962.55,0
2021-06-18 11:07:17,17962.35,0
2021-06-18 11:07:19,17961.85,0
2021-06-18 11:07:20,17961.5,0
2021-06-18 11:07:22,17953.55,0
2021-06-18 11:07:27,17952.2,0
2021-06-18 11:07:28,17945.35,0
2021-06-18 11:07:32,17941.25,0
2021-06-18 11:07:36,17938.75,0
2021-06-18 11:07:37,17939.0,0
2021-06-18 11:07:39,17941.15,0
2021-06-18 11:07:45,17940.85,0
2021-06-18 11:07:46,17941.5,0
2021-06-18 11:07:48,17945.5,0
2021-06-18 11:07:51,17947.8,0
2021-06-18 11:07:53,17948.8,0
2021-06-18 11:07:55,17949.45,0
2021-06-18 11:07:57,17945.85,0
2021-06-18 11:07:58,17948.2,0
2021-06-18 11:07:59,17946.65,0
2021-06-18 11:08:02,17946.65,0
2021-06-18 11:08:07,17938.85,0
2021-06-18 11:08:18,17956.75,0
2021-06-18 11:08:19,17955.7,0
2021-06-18 11:08:20,17955.25,0
2021-06-18 11:08:24,17957.15,0
2021-06-18 11:08:25,17955.55,0
2021-06-18 11:08:27,17957.4,0
2021-06-18 11:08:28,17956.45,0
2021-06-18 11:08:30,17957.65,0
2021-06-18 11:08:32,17952.6,0
2021-06-18 11:08:34,17957.75,0
2021-06-18 11:08:39,17955.75,0
2021-06-18 11:08:40,17961.75,0
2021-06-18 11:08:41,17959.3,0
2021-06-18 11:08:43,17957.95,0
2021-06-18 11:08:45,17955.7,0
2021-06-18 11:08:48,17950.8,0
2021-06-18 11:08:50,17946.0,0
2021-06-18 11:08:51,17943.2,0
2021-06-18 11:08:55,17949.9,0
2021-06-18 11:08:56,17948.45,0
2021-06-18 11:08:57,17950.2,0
2021-06-18 11:08:59,17956.2,0
2021-06-18 11:09:00,17956.2,0
2021-06-18 11:09:06,17952.9,0
2021-06-18 11:09:07,17952.8,0
2021-06-18 11:09:16,17953.1,0
2021-06-18 11:09:21,17955.25,0
2021-06-18 11:09:22,17954.35,0
2021-06-18 11:09:23,17956.45,0
2021-06-18 11:09:30,17944.75,0
2021-06-18 11:09:31,17940.75,0
2021-06-18 11:09:33,17942.65,0
2021-06-18 11:09:36,17943.7,0
2021-06-18 11:09:45,17944.3,0
2021-06-18 11:09:47,17946.85,0
2021-06-18 11:09:48,17944.1,0
2021-06-18 11:09:49,17942.7,0
2021-06-18 11:09:50,17946.3,0
2021-06-18 11:09:51,17942.45,0
2021-06-18 11:09:52,17947.1,0
2021-06-18 11:09:55,17948.05,0
2021-06-18 11:09:57,17953.25,0
2021-06-18 11:09:59,17952.05,0
2021-06-18 11:10:07,17950.5,0
2021-06-18 11:10:09,17949.55,0
2021-06-18 11:10:10,17950.6,0
2021-06-18 11:10:11,17951.5,0
2021-06-18 11:10:15,17947.2,0
2021-06-18 11:10:16,17945.8,0
2021-06-18 11:10:18,17947.3,0
2021-06-18 11:10:21,17951.1,0
2021-06-18 11:10:23,17951.75,0
2021-06-18 11:10:26,17949.3,0
2021-06-18 11:10:27,17953.45,0
2021-06-18 11:10:29,17951.05,0
2021-06-18 11:10:30,17953.7,0
2021-06-18 11:10:31,17954.75,0
2021-06-18 11:10:32,17951.85,0
2021-06-18 11:10:34,17955.9,0
2021-06-18 11:10:41,17950.05,0
2021-06-18 11:10:42,17951.95,0
2021-06-18 11:10:46,17945.9,0
2021-06-18 11:10:48,17946.8,0
2021-06-18 11:10:50,17945.6,0
2021-06-18 11:10:53,17945.9,0
2021-06-18 11:10:56,17946.0,0
2021-06-18 11:10:57,17939.05,0
2021-06-18 11:10:58,17940.65,0
2021-06-18 11:10:59,17941.85,0
2021-06-18 11:11:02,17931.45,0
2021-06-18 11:11:05,17938.15,0
2021-06-18 11:11:07,17935.2,0
2021-06-18 11:11:09,17934.7,0
2021-06-18 11:11:14,17939.95,0
2021-06-18 11:11:15,17938.2,0
2021-06-18 11:11:19,17945.7,0
2021-06-18 11:11:20,17941.35,0
2021-06-18 11:11:22,17944.5,0
2021-06-18 11:11:23,17942.4,0
2021-06-18 11:11:24,17946.85,0
2021-06-18 11:11:26,17947.45,0
2021-06-18 11:11:27,17946.7,0
2021-06-18 11:11:28,17947.75,0
2021-06-18 11:11:29,17949.55,0
2021-06-18 11:11:31,17947.95,0
2021-06-18 11:11:33,17947.95,0
2021-06-18 11:11:40,17955.6,0
2021-06-18 11:11:41,17954.35,0
2021-06-18 11:11:46,17967.65,0
2021-06-18 11:11:49,17965.4,0
2021-06-18 11:11:50,17962.5,0
2021-06-18 11:11:52,17959.4,0
2021-06-18 11:11:53,17958.2,0
2021-06-18 11:11:54,17954.5,0
2021-06-18 11:11:55,17956.15,0
2021-06-18 11:11:56,17958.15,0
2021-06-18 11:11:58,17961.05,0
2021-06-18 11:12:00,17961.9,0
2021-06-18 11:12:01,17959.75,0
2021-06-18 11:12:04,17958.95,0
2021-06-18 11:12:05,17958.65,0
2021-06-18 11:12:06,17958.25,0
2021-06-18 11:12:08,17955.3,0
2021-06-18 11:12:10,17955.0,0
2021-06-18 11:12:11,17952.35,0
2021-06-18 11:12:14,17952.15,0
2021-06-18 11:12:18,17963.1,0
2021-06-18 11:12:19,17957.8,0
2021-06-18 11:12:20,17958.85,0
2021-06-18 11:12:21,17962.65,0
2021-06-18 11:12:22,17962.2,0
2021-06-18 11:12:25,17960.65,0
2021-06-18 11:12:26,17964.25,0
2021-06-18 11:12:27,17965.65,0
2021-06-18 11:12:28,17964.0,0
2021-06-18 11:12:31,17968.75,0
2021-06-18 11:12:32,17969.05,0
2021-06-18 11:12:34,17972.05,0
2021-06-18 11:12:36,17972.85,0
2021-06-18 11:12:43,17962.9,0
2021-06-18 11:12:48,17959.5,0
2021-06-18 11:12:51,17960.95,0
2021-06-18 11:12:52,17965.4,0
2021-06-18 11:12:55,17966.15,0
2021-06-18 11:12:58,17966.5,0
2021-06-18 11:12:59,17967.6,0
2021-06-18 11:13:04,17969.25,0
2021-06-18 11:13:06,17971.1,0
2021-06-18 11:13:07,17968.95,0
2021-06-18 11:13:10,17971.15,0
2021-06-18 11:13:11,17968.7,0
2021-06-18 11:13:13,17970.3,0
2021-06-18 11:13:14,17968.75,0
2021-06-18 11:13:16,17965.9,0
2021-06-18 11:13:17,17967.5,0
2021-06-18 11:13:18,17966.7,0
2021-06-18 11:13:21,17962.65,0
2021-06-18 11:13:26,17971.4,0
2021-06-18 11:13:27,17972.25,0
2021-06-18 11:13:29,17971.0,0
2021-06-18 11:13:31,17974.65,0
2021-06-18 11:13:37,17971.95,0
2021-06-18 11:13:39,17963.7,0
2021-06-18 11:13:40,17967.5,0
2021-06-18 11:13:42,17967.7,0
2021-06-18 11:13:43,17963.95,0
2021-06-18 11:13:44,17965.2,0
2021-06-18 11:13:45,17971.35,0
2021-06-18 11:13:46,17969.8,0
2021-06-18 11:13:49,17968.25,0
2021-06-18 11:13:51,17970.1,0
2021-06-18 11:13:52,17970.2,0
2021-06-18 11:13:59,17965.05,0
2021-06-18 11:14:00,17964.8,0
2021-06-18 11:14:02,17962.05,0
2021-06-18 11:14:08,17969.5,0
2021-06-18 11:14:09,17973.05,0
2021-06-18 11:14:11,17968.35,0
2021-06-18 11:14:13,17970.1,0
2021-06-18 11:14:15,17970.3,0
2021-06-18 11:14:16,17969.45,0
2021-06-18 11:14:18,17972.8,0
2021-06-18 11:14:20,17971.15,0
2021-06-18 11:14:21,17974.3,0
2021-06-18 11:14:22,17974.4,0
2021-06-18 11:14:23,17976.9,0
2021-06-18 11:14:36,17978.6,0
2021-06-18 11:14:37,17980.05,0
2021-06-18 11:14:47,17980.95,0
2021-06-18 11:14:48,17981.2,0
2021-06-18 11:14:50,17981.15,0
2021-06-18 11:14:52,17976.15,0
2021-06-18 11:14:53,17975.85,0
2021-06-18 11:15:01,17975.45,0
2021-06-18 11:15:02,17974.45,0
2021-06-18 11:15:03,17970.05,0
2021-06-18 11:15:05,17971.15,0
2021-06-18 11:15:07,17969.0,0
2021-06-18 11:15:09,17962.4,0
2021-06-18 11:15:11,17964.65,0
2021-06-18 11:15:12,17968.6,0
2021-06-18 11:15:14,17970.9,0
2021-06-18 11:15:20,17965.9,0
2021-06-18 11:15:23,17964.5,0
2021-06-18 11:15:30,17968.7,0
2021-06-18 11:15:31,17967.9,0
2021-06-18 11:15:33,17963.9,0
2021-06-18 11:15:35,17965.65,0
2021-06-18 11:15:37,17966.6,0
2021-06-18 11:15:39,17968.35,0
2021-06-18 11:15:40,17972.1,0
2021-06-18 11:15:42,17972.75,0
2021-06-18 11:15:43,17972.45,0
2021-06-18 11:15:44,17969.95,0
2021-06-18 11:15:45,17970.8,0
2021-06-18 11:15:46,17971.05,0
2021-06-18 11:15:51,17978.05,0
2021-06-18 11:15:52,17976.05,0
2021-06-18 11:15:53,17977.0,0
2021-06-18 11:15:54,17976.55,0
2021-06-18 11:15:55,17973.75,0
2021-06-18 11:15:57,17969.9,0
2021-06-18 11:16:00,17971.9,0
2021-06-18 11:16:03,17976.7,0
2021-06-18 11:16:04,17972.75,0
2021-06-18 11:16:07,17969.55,0
2021-06-18 11:16:10,17966.2,0
2021-06-18 11:16:12,17968.65,0
2021-06-18 11:16:16,17969.5,0
2021-06-18 11:16:17,17969.0,0
2021-06-18 11:16:22,17968.7,0
2021-06-18 11:16:24,17965.3,0
2021-06-18 11:16:25,17965.75,0
2021-06-18 11:16:26,17967.55,0
2021-06-18 11:16:27,17964.8,0
2021-06-18 11:16:29,17967.45,0
2021-06-18 11:16:30,17966.05,0
2021-06-18 11:16:31,17967.5,0
2021-06-18 11:16:32,17968.8,0
2021-06-18 11:16:36,17969.25,0
2021-06-18 11:16:37,17967.15,0
2021-06-18 11:16:40,17966.05,0
2021-06-18 11:16:50,17962.45,0
2021-06-18 11:16:51,17958.3,0
2021-06-18 11:16:59,17965.05,0
2021-06-18 11:17:01,17960.1,0
2021-06-18 11:17:07,17971.95,0
2021-06-18 11:17:09,17971.7,0
2021-06-18 11:17:14,17969.1,0
2021-06-18 11:17:17,17970.7,0
2021-06-18 11:17:19,17970.0,0
2021-06-18 11:17:21,17973.7,0
2021-06-18 11:17:22,17974.05,0
2021-06-18 11:17:26,17974.65,0
2021-06-18 11:17:27,17975.95,0
2021-06-18 11:17:28,17976.45,0
2021-06-18 11:17:29,17976.1,0
2021-06-18 11:17:34,17977.7,0
2021-06-18 11:17:42,17978.3,0
2021-06-18 11:17:44,17978.4,0
2021-06-18 11:17:46,17976.4,0
2021-06-18 11:17:47,17980.3,0
2021-06-18 11:17:49,17981.25,0
2021-06-18 11:17:50,17981.15,0
2021-06-18 11:17:54,17981.15,0
2021-06-18 11:18:00,17985.15,0
2021-06-18 11:18:01,17984.15,0
2021-06-18 11:18:03,17984.8,0
2021-06-18 11:18:05,17985.0,0
2021-06-18 11:18:07,17985.85,0
2021-06-18 11:18:09,17985.75,0
2021-06-18 11:18:10,17985.3,0
2021-06-18 11:18:11,17985.4,0
2021-06-18 11:18:12,17986.05,0
2021-06-18 11:18:13,17987.9,0
2021-06-18 11:18:15,17981.25,0
2021-06-18 11:18:17,17986.05,0
2021-06-18 11:18:19,17984.4,0
2021-06-18 11:18:20,17984.65,0
2021-06-18 11:18:21,17986.5,0
2021-06-18 11:18:23,17986.6,0
2021-06-18 11:18:30,17972.65,0
2021-06-18 11:18:33,17977.9,0
2021-06-18 11:18:34,17979.05,0
2021-06-18 11:18:36,17976.85,0
2021-06-18 11:18:41,17979.75,0
2021-06-18 11:18:42,17980.25,0
2021-06-18 11:18:45,17982.75,0
2021-06-18 11:18:47,17980.3,0
2021-06-18 11:18:48,17980.15,0
2021-06-18 11:18:50,17980.95,0
2021-06-18 11:18:51,17981.6,0
2021-06-18 11:18:52,17981.65,0
2021-06-18 11:18:53,17982.75,0
2021-06-18 11:18:55,17983.1,0
2021-06-18 11:19:02,17975.9,0
2021-06-18 11:19:07,17981.4,0
2021-06-18 11:19:10,17978.95,0
2021-06-18 11:19:11,17975.4,0
2021-06-18 11:19:12,17975.75,0
2021-06-18 11:19:16,17977.2,0
2021-06-18 11:19:17,17975.35,0
2021-06-18 11:19:18,17974.4,0
2021-06-18 11:19:21,17975.4,0
2021-06-18 11:19:22,17972.2,0
2021-06-18 11:19:24,17973.15,0
2021-06-18 11:19:29,17972.7,0
2021-06-18 11:19:34,17975.8,0
2021-06-18 11:19:37,17975.5,0
2021-06-18 11:19:39,17979.25,0
2021-06-18 11:19:40,17977.4,0
2021-06-18 11:19:42,17980.95,0
2021-06-18 11:19:45,17979.5,0
2021-06-18 11:19:46,17980.3,0
2021-06-18 11:19:50,17980.5,0
2021-06-18 11:19:51,17978.95,0
2021-06-18 11:19:53,17982.0,0
2021-06-18 11:19:54,17979.45,0
2021-06-18 11:19:55,17978.75,0
2021-06-18 11:19:59,17972.45,0
2021-06-18 11:20:03,17971.75,0
2021-06-18 11:20:05,17971.65,0
2021-06-18 11:20:06,17973.95,0
2021-06-18 11:20:15,17977.45,0
2021-06-18 11:20:18,17977.0,0
2021-06-18 11:20:19,17976.8,0
2021-06-18 11:20:21,17978.6,0
2021-06-18 11:20:24,17976.55,0
2021-06-18 11:20:27,17975.6,0
2021-06-18 11:20:31,17968.65,0
2021-06-18 11:20:33,17971.7,0
2021-06-18 11:20:35,17971.05,0
2021-06-18 11:20:38,17971.1,0
2021-06-18 11:20:41,17971.65,0
2021-06-18 11:20:42,17970.15,0
2021-06-18 11:20:44,17974.85,0
2021-06-18 11:20:49,17975.15,0
2021-06-18 11:20:50,17971.0,0
2021-06-18 11:20:51,17971.75,0
2021-06-18 11:20:52,17973.6,0
2021-06-18 11:20:53,17973.1,0
2021-06-18 11:20:54,17975.55,0
2021-06-18 11:20:55,17975.5,0
2021-06-18 11:20:56,17972.25,0
2021-06-18 11:21:00,17969.95,0
2021-06-18 11:21:03,17971.5,0
2021-06-18 11:21:07,17977.1,0
2021-06-18 11:21:09,17978.0,0
2021-06-18 11:21:10,17978.85,0
2021-06-18 11:21:13,17980.95,0
2021-06-18 11:21:17,17979.75,0
2021-06-18 11:21:19,17979.5,0
2021-06-18 11:21:20,17979.7,0
2021-06-18 11:21:25,17980.55,0
2021-06-18 11:21:26,17981.0,0
2021-06-18 11:21:30,17978.85,0
2021-06-18 11:21:35,17981.45,0
2021-06-18 11:21:37,17978.45,0
2021-06-18 11:21:40,17978.3,0
2021-06-18 11:21:47,17984.75,0
2021-06-18 11:21:49,17984.7,0
2021-06-18 11:21:50,17979.7,0
2021-06-18 11:21:51,17977.5,0
2021-06-18 11:21:55,17975.85,0
2021-06-18 11:21:58,17979.55,0
2021-06-18 11:22:02,17969.35,0
2021-06-18 11:22:05,17968.4,0
2021-06-18 11:22:09,17958.65,0
2021-06-18 11:22:10,17953.05,0
2021-06-18 11:22:11,17952.85,0
2021-06-18 11:22:14,17962.45,0
2021-06-18 11:22:18,17965.35,0
2021-06-18 11:22:23,17967.4,0
2021-06-18 11:22:24,17965.55,0
2021-06-18 11:22:27,17967.8,0
2021-06-18 11:22:28,17970.4,0
2021-06-18 11:22:33,17970.2,0
2021-06-18 11:22:35,17971.3,0
2021-06-18 11:22:38,17972.85,0
2021-06-18 11:22:39,17973.8,0
2021-06-18 11:22:43,17976.1,0
2021-06-18 11:22:45,17977.35,0
2021-06-18 11:22:46,17975.95,0
2021-06-18 11:22:47,17976.4,0
2021-06-18 11:22:48,17978.45,0
2021-06-18 11:22:50,17978.6,0
2021-06-18 11:22:52,17980.7,0
2021-06-18 11:22:53,17981.45,0
2021-06-18 11:22:55,17985.2,0
2021-06-18 11:23:00,17982.75,0
2021-06-18 11:23:05,17986.75,0
2021-06-18 11:23:08,17992.1,0
2021-06-18 11:23:09,17989.8,0
2021-06-18 11:23:10,17987.5,0
2021-06-18 11:23:11,17990.15,0
2021-06-18 11:23:13,17986.05,0
2021-06-18 11:23:14,17986.45,0
2021-06-18 11:23:18,17988.55,0
2021-06-18 11:23:19,17987.0,0
2021-06-18 11:23:20,17989.05,0
2021-06-18 11:23:22,17989.85,0
2021-06-18 11:23:23,17991.15,0
2021-06-18 11:23:26,17993.0,0
2021-06-18 11:23:30,17995.05,0
2021-06-18 11:23:31,17993.7,0
2021-06-18 11:23:33,17996.1,0
2021-06-18 11:23:34,17995.75,0
2021-06-18 11:23:36,17998.1,0
2021-06-18 11:23:38,17996.25,0
2021-06-18 11:23:39,17995.45,0
2021-06-18 11:23:40,17992.3,0
2021-06-18 11:23:42,17991.2,0
2021-06-18 11:23:46,17990.6,0
2021-06-18 11:23:48,17989.7,0
2021-06-18 11:23:50,17985.05,0
2021-06-18 11:23:51,17987.35,0
2021-06-18 11:23:54,17986.1,0
2021-06-18 11:23:56,17988.05,0
2021-06-18 11:23:57,17985.95,0
2021-06-18 11:23:59,17988.3,0
2021-06-18 11:24:01,17987.2,0
2021-06-18 11:24:02,17987.3,0
2021-06-18 11:24:09,17988.35,0
2021-06-18 11:24:10,17989.05,0
2021-06-18 11:24:11,17989.5,0
2021-06-18 11:24:19,17989.0,0
2021-06-18 11:24:21,17987.2,0
2021-06-18 11:24:25,17986.5,0
2021-06-18 11:24:28,17984.4,0
2021-06-18 11:24:29,17986.4,0
2021-06-18 11:24:30,17986.2,0
2021-06-18 11:24:32,17985.2,0
2021-06-18 11:24:41,17985.75,0
2021-06-18 11:24:43,17990.4,0
2021-06-18 11:24:45,17989.85,0
2021-06-18 11:24:46,17991.35,0
2021-06-18 11:24:47,17996.55,0
2021-06-18 11:24:48,17995.1,0
2021-06-18 11:24:50,17991.75,0
2021-06-18 11:24:51,17994.1,0
2021-06-18 11:24:52,17991.7,0
2021-06-18 11:24:57,17990.85,0
2021-06-18 11:24:59,17988.0,0
2021-06-18 11:25:00,17989.95,0
2021-06-18 11:25:06,17987.35,0
2021-06-18 11:25:09,17986.4,0
2021-06-18 11:25:12,17986.65,0
2021-06-18 11:25:13,17988.4,0
2021-06-18 11:25:14,17989.7,0
2021-06-18 11:25:15,17988.55,0
2021-06-18 11:25:20,17985.85,0
2021-06-18 11:25:24,17984.15,0
2021-06-18 11:25:25,17985.8,0
2021-06-18 11:25:26,17984.2,0
2021-06-18 11:25:30,17981.35,0
2021-06-18 11:25:33,17977.7,0
2021-06-18 11:25:35,17976.2,0
2021-06-18 11:25:37,17976.35,0
2021-06-18 11:25:39,17971.8,0
2021-06-18 11:25:41,17975.5,0
2021-06-18 11:25:42,17976.9,0
2021-06-18 11:25:43,17977.6,0
2021-06-18 11:25:44,17977.2,0
2021-06-18 11:25:45,17976.6,0
2021-06-18 11:25:46,17973.2,0
2021-06-18 11:25:52,17973.15,0
2021-06-18 11:25:55,17974.4,0
2021-06-18 11:25:59,17973.15,0
2021-06-18 11:26:01,17969.95,0
2021-06-18 11:26:03,17971.1,0
2021-06-18 11:26:10,17975.9,0
2021-06-18 11:26:13,17984.35,0
2021-06-18 11:26:15,17981.75,0
2021-06-18 11:26:16,17980.75,0
2021-06-18 11:26:19,17980.4,0
2021-06-18 11:26:20,17980.2,0
2021-06-18 11:26:24,17983.65,0
2021-06-18 11:26:27,17982.45,0
2021-06-18 11:26:29,17985.45,0
2021-06-18 11:26:31,17982.35,0
2021-06-18 11:26:33,17979.5,0
2021-06-18 11:26:36,17977.85,0
2021-06-18 11:26:37,17973.8,0
2021-06-18 11:26:40,17972.15,0
2021-06-18 11:26:43,17975.3,0
2021-06-18 11:26:44,17976.25,0
2021-06-18 11:26:52,17972.9,0
2021-06-18 11:26:54,17972.1,0
2021-06-18 11:26:56,17975.0,0
2021-06-18 11:26:57,17975.95,0
2021-06-18 11:27:00,17973.8,0
2021-06-18 11:27:03,17980.85,0
2021-06-18 11:27:05,17980.75,0
2021-06-18 11:27:06,17983.8,0
2021-06-18 11:27:09,17985.8,0
2021-06-18 11:27:10,17985.8,0
2021-06-18 11:27:11,17986.1,0
2021-06-18 11:27:14,17983.2,0
2021-06-18 11:27:16,17983.4,0
2021-06-18 11:27:22,17983.35,0
2021-06-18 11:27:27,17985.9,0
2021-06-18 11:27:29,17987.1,0
2021-06-18 11:27:30,17987.65,0
2021-06-18 11:27:34,17988.85,0
2021-06-18 11:27:35,17986.95,0
2021-06-18 11:27:36,17983.95,0
2021-06-18 11:27:37,17990.1,0
2021-06-18 11:27:38,17989.05,0
2021-06-18 11:27:40,17984.55,0
2021-06-18 11:27:44,17981.25,0
2021-06-18 11:27:48,17978.5,0
2021-06-18 11:27:49,17980.15,0
2021-06-18 11:27:51,17982.2,0
2021-06-18 11:27:52,17980.55,0
2021-06-18 11:27:53,17981.35,0
2021-06-18 11:27:54,17977.55,0
2021-06-18 11:28:01,17976.5,0
2021-06-18 11:28:06,17974.4,0
2021-06-18 11:28:08,17976.4,0
2021-06-18 11:28:10,17975.05,0
2021-06-18 11:28:12,17977.35,0
2021-06-18 11:28:13,17978.35,0
2021-06-18 11:28:14,17979.05,0
2021-06-18 11:28:15,17980.45,0
2021-06-18 11:28:16,17979.0,0
2021-06-18 11:28:18,17980.5,0
2021-06-18 11:28:19,17983.95,0
2021-06-18 11:28:24,17985.5,0
2021-06-18 11:28:26,17984.05,0
2021-06-18 11:28:28,17985.55,0
2021-06-18 11:28:30,17984.8,0
2021-06-18 11:28:35,17981.6,0
2021-06-18 11:28:37,17982.5,0
2021-06-18 11:28:39,17983.0,0
2021-06-18 11:28:40,17983.15,0
2021-06-18 11:28:45,17981.8,0
2021-06-18 11:28:46,17983.05,0
2021-06-18 11:28:48,17983.65,0
2021-06-18 11:28:50,17980.9,0
2021-06-18 11:28:51,17981.1,0
2021-06-18 11:28:53,17983.05,0
2021-06-18 11:28:54,17981.2,0
2021-06-18 11:28:56,17982.2,0
2021-06-18 11:28:57,17984.1,0
2021-06-18 11:28:58,17982.7,0
2021-06-18 11:28:59,17983.95,0
2021-06-18 11:29:03,17973.5,0
2021-06-18 11:29:06,17980.6,0
2021-06-18 11:29:07,17980.7,0
2021-06-18 11:29:09,17982.0,0
2021-06-18 11:29:14,17982.6,0
2021-06-18 11:29:15,17983.15,0
2021-06-18 11:29:17,17986.5,0
2021-06-18 11:29:18,17989.7,0
2021-06-18 11:29:21,17989.9,0
2021-06-18 11:29:24,17991.2,0
2021-06-18 11:29:29,17995.95,0
2021-06-18 11:29:33,17994.6,0
2021-06-18 11:29:39,17994.85,0
2021-06-18 11:29:40,17997.1,0
2021-06-18 11:29:43,17993.8,0
2021-06-18 11:29:44,17992.2,0
2021-06-18 11:29:46,17990.3,0
2021-06-18 11:29:48,17984.7,0
2021-06-18 11:29:49,17984.55,0
2021-06-18 11:29:52,17988.25,0
2021-06-18 11:29:53,17987.4,0
2021-06-18 11:29:54,17987.05,0
2021-06-18 11:29:55,17984.05,0
2021-06-18 11:29:57,17982.2,0
2021-06-18 11:30:01,17981.75,0
2021-06-18 11:30:03,17980.8,0
2021-06-18 11:30:06,17978.7,0
2021-06-18 11:30:07,17979.45,0
2021-06-18 11:30:08,17978.1,0
2021-06-18 11:30:10,17976.55,0
2021-06-18 11:30:12,17979.5,0
2021-06-18 11:30:14,17981.0,0
2021-06-18 11:30:15,17981.5,0
2021-06-18 11:30:16,17979.75,0
2021-06-18 11:30:17,17980.85,0
2021-06-18 11:30:18,17981.15,0
2021-06-18 11:30:19,17981.9,0
2021-06-18 11:30:26,17979.45,0
2021-06-18 11:30:27,17982.2,0
2021-06-18 11:30:28,17982.35,0
2021-06-18 11:30:33,17985.95,0
2021-06-18 11:30:36,17988.95,0
2021-06-18 11:30:39,17991.45,0
2021-06-18 11:30:41,17985.7,0
2021-06-18 11:30:42,17985.15,0
2021-06-18 11:30:43,17984.45,0
2021-06-18 11:30:44,17984.75,0
2021-06-18 11:30:51,17979.8,0
2021-06-18 11:30:52,17979.8,0
2021-06-18 11:30:54,17978.55,0
2021-06-18 11:30:55,17977.1,0
2021-06-18 11:30:56,17973.5,0
2021-06-18 11:30:58,17971.4,0
2021-06-18 11:31:00,17968.25,0
2021-06-18 11:31:04,17966.95,0
2021-06-18 11:31:11,17949.85,0
2021-06-18 11:31:12,17952.95,0
2021-06-18 11:31:13,17955.1,0
2021-06-18 11:31:16,17959.95,0
2021-06-18 11:31:17,17961.6,0
2021-06-18 11:31:24,17959.05,0
2021-06-18 11:31:25,17959.55,0
2021-06-18 11:31:26,17957.85,0
2021-06-18 11:31:29,17960.0,0
2021-06-18 11:31:37,17962.9,0
2021-06-18 11:31:38,17963.8,0
2021-06-18 11:31:41,17962.6,0
2021-06-18 11:31:43,17964.25,0
2021-06-18 11:31:45,17961.95,0
2021-06-18 11:31:52,17964.55,0
2021-06-18 11:31:54,17960.95,0
2021-06-18 11:31:59,17953.85,0
2021-06-18 11:32:01,17952.5,0
2021-06-18 11:32:02,17951.05,0
2021-06-18 11:32:03,17953.25,0
2021-06-18 11:32:06,17952.8,0
2021-06-18 11:32:07,17950.95,0
2021-06-18 11:32:09,17949.7,0
2021-06-18 11:32:10,17944.15,0
2021-06-18 11:32:16,17948.95,0
2021-06-18 11:32:18,17947.65,0
2021-06-18 11:32:21,17944.5,0
2021-06-18 11:32:23,17944.6,0
2021-06-18 11:32:29,17941.15,0
2021-06-18 11:32:34,17937.95,0
2021-06-18 11:32:35,17933.5,0
2021-06-18 11:32:36,17930.5,0
2021-06-18 11:32:38,17938.85,0
2021-06-18 11:32:39,17936.95,0
2021-06-18 11:32:41,17936.6,0
2021-06-18 11:32:42,17936.2,0
2021-06-18 11:32:43,17938.55,0
2021-06-18 11:32:45,17933.65,0
2021-06-18 11:32:48,17932.85,0
2021-06-18 11:32:50,17930.6,0
2021-06-18 11:32:51,17932.3,0
2021-06-18 11:32:53,17935.5,0
2021-06-18 11:32:57,17935.6,0
2021-06-18 11:33:01,17936.3,0
2021-06-18 11:33:03,17934.65,0
2021-06-18 11:33:10,17943.25,0
2021-06-18 11:33:11,17943.7,0
2021-06-18 11:33:13,17949.95,0
2021-06-18 11:33:16,17950.1,0
2021-06-18 11:33:28,17941.9,0
2021-06-18 11:33:29,17939.05,0
2021-06-18 11:33:32,17944.25,0
2021-06-18 11:33:34,17944.45,0
2021-06-18 11:33:37,17946.85,0
2021-06-18 11:33:38,17945.75,0
2021-06-18 11:33:40,17944.45,0
2021-06-18 11:33:44,17950.4,0
2021-06-18 11:33:45,17948.8,0
2021-06-18 11:33:49,17947.75,0
2021-06-18 11:33:50,17944.05,0
2021-06-18 11:33:51,17947.8,0
2021-06-18 11:33:54,17945.15,0
2021-06-18 11:33:57,17950.15,0
2021-06-18 11:34:02,17945.55,0
2021-06-18 11:34:04,17949.4,0
2021-06-18 11:34:06,17946.9,0
2021-06-18 11:34:07,17948.3,0
2021-06-18 11:34:09,17947.4,0
2021-06-18 11:34:13,17951.85,0
2021-06-18 11:34:15,17949.6,0
2021-06-18 11:34:17,17953.1,0
2021-06-18 11:34:18,17950.7,0
2021-06-18 11:34:19,17953.2,0
2021-06-18 11:34:24,17952.3,0
2021-06-18 11:34:28,17953.8,0
2021-06-18 11:34:29,17950.0,0
2021-06-18 11:34:30,17947.55,0
2021-06-18 11:34:31,17949.5,0
2021-06-18 11:34:37,17951.7,0
2021-06-18 11:34:39,17952.85,0
2021-06-18 11:34:44,17953.85,0
2021-06-18 11:34:47,17954.65,0
2021-06-18 11:34:48,17954.2,0
2021-06-18 11:34:53,17952.4,0
2021-06-18 11:34:55,17952.5,0
2021-06-18 11:34:58,17955.55,0
2021-06-18 11:35:00,17950.5,0
2021-06-18 11:35:01,17949.9,0
2021-06-18 11:35:10,17948.8,0
2021-06-18 11:35:11,17947.5,0
2021-06-18 11:35:12,17946.3,0
2021-06-18 11:35:13,17950.2,0
2021-06-18 11:35:15,17947.55,0
2021-06-18 11:35:17,17947.35,0
2021-06-18 11:35:18,17946.55,0
2021-06-18 11:35:26,17947.2,0
2021-06-18 11:35:27,17950.25,0
2021-06-18 11:35:28,17949.8,0
2021-06-18 11:35:29,17948.15,0
2021-06-18 11:35:31,17948.45,0
2021-06-18 11:35:32,17946.25,0
2021-06-18 11:35:35,17947.7,0
2021-06-18 11:35:38,17946.35,0
2021-06-18 11:35:40,17947.9,0
2021-06-18 11:35:41,17948.05,0
2021-06-18 11:35:43,17942.65,0
2021-06-18 11:35:44,17944.2,0
2021-06-18 11:35:45,17944.05,0
2021-06-18 11:35:46,17944.6,0
2021-06-18 11:35:48,17941.7,0
2021-06-18 11:35:50,17942.7,0
2021-06-18 11:35:54,17945.55,0
2021-06-18 11:35:56,17942.3,0
2021-06-18 11:35:57,17944.25,0
2021-06-18 11:35:58,17945.15,0
2021-06-18 11:36:08,17937.45,0
2021-06-18 11:36:12,17936.65,0
2021-06-18 11:36:16,17940.15,0
2021-06-18 11:36:17,17942.2,0
2021-06-18 11:36:19,17940.6,0
2021-06-18 11:36:21,17939.1,0
2021-06-18 11:36:22,17938.55,0
2021-06-18 11:36:23,17940.7,0
2021-06-18 11:36:24,17940.95,0
2021-06-18 11:36:28,17939.85,0
2021-06-18 11:36:29,17942.15,0
2021-06-18 11:36:35,17944.2,0
2021-06-18 11:36:37,17943.45,0
2021-06-18 11:36:39,17944.75,0
2021-06-18 11:36:42,17948.0,0
2021-06-18 11:36:46,17947.5,0
2021-06-18 11:36:49,17949.9,0
2021-06-18 11:36:55,17955.25,0
2021-06-18 11:36:56,17954.95,0
2021-06-18 11:36:59,17956.3,0
2021-06-18 11:37:00,17955.25,0
2021-06-18 11:37:02,17958.15,0
2021-06-18 11:37:05,17956.8,0
2021-06-18 11:37:06,17956.15,0
2021-06-18 11:37:07,17955.1,0
2021-06-18 11:37:09,17953.2,0
2021-06-18 11:37:14,17952.05,0
2021-06-18 11:37:16,17953.5,0
2021-06-18 11:37:18,17955.75,0
2021-06-18 11:37:19,17952.9,0
2021-06-18 11:37:20,17954.4,0
2021-06-18 11:37:21,17958.8,0
2021-06-18 11:37:22,17954.65,0
2021-06-18 11:37:23,17953.85,0
2021-06-18 11:37:24,17953.05,0
2021-06-18 11:37:26,17955.7,0
2021-06-18 11:37:28,17957.4,0
2021-06-18 11:37:29,17958.65,0
2021-06-18 11:37:33,17961.65,0
2021-06-18 11:37:34,17962.15,0
2021-06-18 11:37:36,17963.75,0
2021-06-18 11:37:37,17965.5,0
2021-06-18 11:37:38,17964.3,0
2021-06-18 11:37:40,17963.05,0
2021-06-18 11:37:46,17962.0,0
2021-06-18 11:37:48,17961.9,0
2021-06-18 11:37:55,17965.05,0
2021-06-18 11:37:56,17965.45,0
2021-06-18 11:37:57,17965.9,0
2021-06-18 11:37:59,17962.2,0
2021-06-18 11:38:15,17956.55,0
2021-06-18 11:38:16,17956.3,0
2021-06-18 11:38:17,17957.4,0
2021-06-18 11:38:20,17953.45,0
2021-06-18 11:38:22,17955.3,0
2021-06-18 11:38:25,17951.7,0
2021-06-18 11:38:24,17955.4,0
2021-06-18 11:38:27,17951.7,0
2021-06-18 11:38:29,17953.35,0
2021-06-18 11:38:30,17954.65,0
2021-06-18 11:38:33,17955.05,0
2021-06-18 11:38:38,17952.8,0
2021-06-18 11:38:40,17956.85,0
2021-06-18 11:38:41,17952.75,0
2021-06-18 11:38:42,17953.65,0
2021-06-18 11:38:43,17953.3,0
2021-06-18 11:38:44,17953.25,0
2021-06-18 11:38:45,17951.5,0
2021-06-18 11:38:48,17950.8,0
2021-06-18 11:38:49,17950.05,0
2021-06-18 11:38:57,17950.0,0
2021-06-18 11:38:58,17950.3,0
2021-06-18 11:39:06,17950.55,0
2021-06-18 11:39:07,17948.95,0
2021-06-18 11:39:08,17950.95,0
2021-06-18 11:39:11,17951.5,0
2021-06-18 11:39:13,17951.3,0
2021-06-18 11:39:18,17947.9,0
2021-06-18 11:39:21,17947.35,0
2021-06-18 11:39:22,17950.25,0
2021-06-18 11:39:24,17949.75,0
2021-06-18 11:39:25,17949.25,0
2021-06-18 11:39:28,17947.8,0
2021-06-18 11:39:29,17948.55,0
2021-06-18 11:39:30,17950.4,0
2021-06-18 11:39:41,17949.6,0
2021-06-18 11:39:44,17948.2,0
2021-06-18 11:39:45,17947.65,0
2021-06-18 11:39:52,17952.65,0
2021-06-18 11:39:53,17951.8,0
2021-06-18 11:39:55,17949.9,0
2021-06-18 11:39:56,17950.3,0
2021-06-18 11:39:59,17950.1,0
2021-06-18 11:40:00,17948.9,0
2021-06-18 11:40:01,17941.95,0
2021-06-18 11:40:12,17942.15,0
2021-06-18 11:40:13,17947.5,0
2021-06-18 11:40:15,17945.85,0
2021-06-18 11:40:16,17942.35,0
2021-06-18 11:40:17,17944.45,0
2021-06-18 11:40:19,17945.95,0
2021-06-18 11:40:23,17946.9,0
2021-06-18 11:40:28,17946.25,0
2021-06-18 11:40:33,17947.25,0
2021-06-18 11:40:34,17950.1,0
2021-06-18 11:40:35,17947.75,0
2021-06-18 11:40:36,17950.25,0
2021-06-18 11:40:37,17949.35,0
2021-06-18 11:40:39,17954.0,0
2021-06-18 11:40:43,17954.0,0
2021-06-18 11:40:44,17953.2,0
2021-06-18 11:40:45,17953.1,0
2021-06-18 11:40:49,17956.6,0
2021-06-18 11:40:50,17956.5,0
2021-06-18 11:40:53,17956.65,0
2021-06-18 11:40:57,17958.8,0
2021-06-18 11:41:00,17950.6,0
2021-06-18 11:41:03,17954.3,0
2021-06-18 11:41:07,17951.4,0
2021-06-18 11:41:10,17948.55,0
2021-06-18 11:41:11,17949.4,0
2021-06-18 11:41:12,17952.45,0
2021-06-18 11:41:13,17953.85,0
2021-06-18 11:41:15,17951.2,0
2021-06-18 11:41:18,17954.1,0
2021-06-18 11:41:19,17954.35,0
2021-06-18 11:41:21,17954.55,0
2021-06-18 11:41:26,17954.15,0
2021-06-18 11:41:27,17954.4,0
2021-06-18 11:41:28,17957.3,0
2021-06-18 11:41:36,17957.25,0
2021-06-18 11:41:37,17955.05,0
2021-06-18 11:41:39,17957.4,0
2021-06-18 11:41:44,17955.0,0
2021-06-18 11:41:45,17951.85,0
2021-06-18 11:41:47,17951.05,0
2021-06-18 11:41:49,17948.5,0
2021-06-18 11:41:52,17950.1,0
2021-06-18 11:41:53,17950.7,0
2021-06-18 11:41:56,17951.05,0
2021-06-18 11:42:00,17951.6,0
2021-06-18 11:42:01,17952.2,0
2021-06-18 11:42:02,17951.9,0
2021-06-18 11:42:07,17953.95,0
2021-06-18 11:42:08,17955.25,0
2021-06-18 11:42:09,17955.55,0
2021-06-18 11:42:10,17954.4,0
2021-06-18 11:42:11,17953.95,0
2021-06-18 11:42:12,17956.4,0
2021-06-18 11:42:13,17956.0,0
2021-06-18 11:42:15,17953.75,0
2021-06-18 11:42:18,17954.6,0
2021-06-18 11:42:19,17954.45,0
2021-06-18 11:42:21,17955.9,0
