timestamp,ltp,volume
2021-06-22 09:16:45,746.75,2025125
2021-06-22 09:16:46,746.4,2038786
2021-06-22 09:16:47,745.85,2064924
2021-06-22 09:16:48,745.5,2079279
2021-06-22 09:16:49,746.3,2092670
2021-06-22 09:16:50,746.5,2097869
2021-06-22 09:16:51,746.25,2105067
2021-06-22 09:16:52,746.4,2109688
2021-06-22 09:16:52,746.75,2112548
2021-06-22 09:16:53,746.95,2124417
2021-06-22 09:16:54,746.55,2133321
2021-06-22 09:16:55,746.85,2136507
2021-06-22 09:16:56,746.7,2144231
2021-06-22 09:16:57,746.9,2151373
2021-06-22 09:16:58,746.5,2161134
2021-06-22 09:17:00,747.35,2175459
2021-06-22 09:17:01,747.25,2179446
2021-06-22 09:17:02,747.25,2197258
2021-06-22 09:17:03,748.0,2211831
2021-06-22 09:17:04,748.15,2233087
2021-06-22 09:17:05,748.7,2256418
2021-06-22 09:17:06,749.65,2273421
2021-06-22 09:17:07,750.4,2349798
2021-06-22 09:17:08,751.2,2374085
2021-06-22 09:17:08,751.35,2374458
2021-06-22 09:17:09,751.65,2392169
2021-06-22 09:17:10,751.75,2416123
2021-06-22 09:17:12,752.0,2442997
2021-06-22 09:17:13,751.45,2470936
2021-06-22 09:17:14,751.8,2479634
2021-06-22 09:17:15,752.0,2492862
2021-06-22 09:17:15,752.05,2495794
2021-06-22 09:17:16,751.85,2509317
2021-06-22 09:17:17,751.9,2527108
2021-06-22 09:17:18,751.6,2533487
2021-06-22 09:17:19,751.1,2553943
2021-06-22 09:17:21,751.3,2570737
2021-06-22 09:17:22,751.7,2583106
2021-06-22 09:17:23,751.75,2598500
2021-06-22 09:17:24,751.55,2617180
2021-06-22 09:17:25,751.65,2629141
2021-06-22 09:17:26,751.9,2655565
2021-06-22 09:17:27,751.55,2662524
2021-06-22 09:17:28,752.4,2684727
2021-06-22 09:17:30,752.0,2698744
2021-06-22 09:17:31,752.65,2710835
2021-06-22 09:17:32,752.4,2728243
2021-06-22 09:17:33,753.0,2742595
2021-06-22 09:17:34,752.4,2763908
2021-06-22 09:17:35,752.0,2772828
2021-06-22 09:17:36,752.35,2786272
2021-06-22 09:17:36,752.0,2783849
2021-06-22 09:17:37,752.4,2794343
2021-06-22 09:17:38,752.95,2801394
2021-06-22 09:17:39,753.75,2826323
2021-06-22 09:17:40,753.8,2866579
2021-06-22 09:17:41,753.5,2878759
2021-06-22 09:17:42,753.1,2884799
2021-06-22 09:17:43,753.6,2896032
2021-06-22 09:17:45,753.5,2909051
2021-06-22 09:17:46,753.0,2920549
2021-06-22 09:17:47,753.9,2952416
2021-06-22 09:17:48,753.3,2968906
2021-06-22 09:17:49,753.45,2989248
2021-06-22 09:17:50,753.85,3004842
2021-06-22 09:17:51,753.8,3027243
2021-06-22 09:17:51,753.5,3029923
2021-06-22 09:17:52,753.25,3039536
2021-06-22 09:17:53,753.15,3070969
2021-06-22 09:17:55,753.15,3082303
2021-06-22 09:17:56,752.5,3093823
2021-06-22 09:17:57,752.2,3109408
2021-06-22 09:17:58,752.05,3128253
2021-06-22 09:17:59,751.35,3142287
2021-06-22 09:18:00,750.8,3176758
2021-06-22 09:18:01,751.7,3192398
2021-06-22 09:18:01,751.5,3194337
2021-06-22 09:18:02,752.4,3225332
2021-06-22 09:18:03,751.7,3232507
2021-06-22 09:18:04,751.4,3243307
2021-06-22 09:18:05,751.3,3254339
2021-06-22 09:18:06,751.6,3261827
2021-06-22 09:18:08,751.7,3271716
2021-06-22 09:18:09,752.05,3278801
2021-06-22 09:18:10,751.75,3286548
2021-06-22 09:18:11,752.2,3293142
2021-06-22 09:18:12,752.1,3305375
2021-06-22 09:18:13,752.15,3313639
2021-06-22 09:18:14,751.8,3329825
2021-06-22 09:18:15,752.4,3338140
2021-06-22 09:18:15,751.7,3337180
2021-06-22 09:18:17,752.0,3359665
2021-06-22 09:18:20,751.5,3382917
2021-06-22 09:18:21,751.8,3398754
2021-06-22 09:18:23,752.4,3413471
2021-06-22 09:18:24,752.0,3421989
2021-06-22 09:18:25,752.8,3437642
2021-06-22 09:18:26,752.65,3444300
2021-06-22 09:18:27,752.55,3452833
2021-06-22 09:18:28,752.7,3489159
2021-06-22 09:18:29,752.35,3494576
2021-06-22 09:18:30,752.05,3504599
2021-06-22 09:18:31,752.1,3516664
2021-06-22 09:18:33,752.45,3539190
2021-06-22 09:18:34,752.6,3545701
2021-06-22 09:18:35,752.7,3551386
2021-06-22 09:18:36,752.35,3553815
2021-06-22 09:18:37,752.0,3565605
2021-06-22 09:18:37,752.3,3566899
2021-06-22 09:18:38,752.05,3570545
2021-06-22 09:18:39,752.5,3575031
2021-06-22 09:18:40,752.05,3582911
2021-06-22 09:18:42,752.55,3590095
2021-06-22 09:18:43,752.5,3597097
2021-06-22 09:18:44,752.5,3636434
2021-06-22 09:18:45,753.0,3641450
2021-06-22 09:18:46,752.55,3644523
2021-06-22 09:18:47,752.5,3649571
2021-06-22 09:18:48,752.35,3653101
2021-06-22 09:18:49,752.55,3658746
2021-06-22 09:18:50,752.45,3663020
2021-06-22 09:18:50,752.5,3663505
2021-06-22 09:18:52,752.5,3665886
2021-06-22 09:18:53,751.9,3677277
2021-06-22 09:18:54,752.2,3688414
2021-06-22 09:18:55,752.35,3690517
2021-06-22 09:18:57,752.55,3702920
2021-06-22 09:18:58,752.45,3706704
2021-06-22 09:19:01,752.05,3722696
2021-06-22 09:19:02,752.5,3727948
2021-06-22 09:19:02,752.5,3728912
2021-06-22 09:19:03,752.3,3736951
2021-06-22 09:19:04,752.55,3744428
2021-06-22 09:19:06,753.4,3768060
2021-06-22 09:19:07,752.55,3817017
2021-06-22 09:19:08,752.8,3848127
2021-06-22 09:19:09,752.05,3858355
2021-06-22 09:19:10,752.25,3866492
2021-06-22 09:19:11,752.35,3875938
2021-06-22 09:19:11,752.0,3877490
2021-06-22 09:19:13,752.2,3880165
2021-06-22 09:19:14,751.9,3890404
2021-06-22 09:19:15,752.0,3899775
2021-06-22 09:19:16,752.0,3906396
2021-06-22 09:19:17,752.35,3913400
2021-06-22 09:19:17,752.0,3914594
2021-06-22 09:19:19,752.1,3921238
2021-06-22 09:19:20,752.5,3937438
2021-06-22 09:19:21,751.9,3941353
2021-06-22 09:19:22,752.5,3949897
2021-06-22 09:19:23,752.1,3964498
2021-06-22 09:19:24,752.25,3975168
2021-06-22 09:19:26,752.55,3985966
2021-06-22 09:19:28,752.75,3998256
2021-06-22 09:19:29,752.95,4003377
2021-06-22 09:19:30,753.5,4023726
2021-06-22 09:19:31,753.55,4027196
2021-06-22 09:19:32,753.65,4030760
2021-06-22 09:19:33,753.1,4039663
2021-06-22 09:19:33,753.5,4039872
2021-06-22 09:19:34,753.3,4042900
2021-06-22 09:19:35,753.8,4046764
2021-06-22 09:19:37,754.75,4155815
2021-06-22 09:19:38,755.2,4194848
2021-06-22 09:19:39,755.7,4199567
2021-06-22 09:19:40,755.5,4205208
2021-06-22 09:19:41,756.0,4214772
2021-06-22 09:19:42,756.05,4234227
2021-06-22 09:19:43,756.45,4244041
2021-06-22 09:19:44,756.45,4251429
2021-06-22 09:19:45,757.0,4258886
2021-06-22 09:19:46,756.65,4264241
2021-06-22 09:19:47,757.0,4275277
2021-06-22 09:19:49,756.35,4307612
2021-06-22 09:19:50,757.0,4319260
2021-06-22 09:19:50,756.75,4326742
2021-06-22 09:19:51,756.5,4333559
2021-06-22 09:19:53,756.55,4339444
2021-06-22 09:19:54,756.95,4349524
2021-06-22 09:19:55,756.9,4359511
2021-06-22 09:19:56,757.45,4374636
2021-06-22 09:19:57,756.9,4386791
2021-06-22 09:19:58,757.3,4394688
2021-06-22 09:19:59,757.9,4402020
2021-06-22 09:20:00,757.25,4413922
2021-06-22 09:20:01,757.35,4424952
2021-06-22 09:20:02,757.6,4439211
2021-06-22 09:20:03,758.0,4447626
2021-06-22 09:20:04,757.55,4470429
2021-06-22 09:20:05,757.8,4478857
2021-06-22 09:20:06,757.95,4493854
2021-06-22 09:20:07,757.6,4505023
2021-06-22 09:20:08,757.6,4514685
2021-06-22 09:20:09,758.0,4525024
2021-06-22 09:20:10,757.25,4543155
2021-06-22 09:20:11,757.4,4547328
2021-06-22 09:20:12,757.4,4559461
2021-06-22 09:20:13,757.55,4577659
2021-06-22 09:20:14,758.0,4598869
2021-06-22 09:20:15,757.95,4615950
2021-06-22 09:20:16,757.95,4626385
2021-06-22 09:20:17,758.05,4639912
2021-06-22 09:20:18,758.05,4652348
2021-06-22 09:20:19,758.45,4655369
2021-06-22 09:20:20,757.8,4674298
2021-06-22 09:20:21,758.05,4685997
2021-06-22 09:20:22,758.25,4706656
2021-06-22 09:20:22,758.65,4707110
2021-06-22 09:20:24,758.4,4712421
2021-06-22 09:20:25,758.55,4717977
2021-06-22 09:20:26,758.35,4726904
2021-06-22 09:20:27,758.7,4744201
2021-06-22 09:20:28,758.85,4752703
2021-06-22 09:20:29,759.25,4786958
2021-06-22 09:20:30,758.9,4796143
2021-06-22 09:20:31,759.4,4809238
2021-06-22 09:20:32,759.35,4816965
2021-06-22 09:20:33,759.4,4821642
2021-06-22 09:20:34,759.0,4833122
2021-06-22 09:20:35,759.5,4835590
2021-06-22 09:20:36,759.6,4839742
2021-06-22 09:20:37,759.25,4849063
2021-06-22 09:20:39,759.5,4867903
2021-06-22 09:20:40,759.6,4881215
2021-06-22 09:20:41,758.2,4927862
2021-06-22 09:20:42,758.8,4934945
2021-06-22 09:20:43,758.8,4943098
2021-06-22 09:20:44,758.4,4950558
2021-06-22 09:20:45,758.35,4953701
2021-06-22 09:20:46,757.1,5002093
2021-06-22 09:20:47,757.0,5013418
2021-06-22 09:20:49,757.35,5037361
2021-06-22 09:20:50,757.0,5046008
2021-06-22 09:20:51,756.5,5048632
2021-06-22 09:20:52,756.9,5068496
2021-06-22 09:20:53,757.2,5075309
2021-06-22 09:20:54,756.3,5090263
2021-06-22 09:20:55,757.15,5108215
2021-06-22 09:20:56,755.95,5140604
2021-06-22 09:20:57,755.75,5142394
2021-06-22 09:20:59,755.85,5160149
2021-06-22 09:21:00,755.2,5172180
2021-06-22 09:21:02,755.35,5185138
2021-06-22 09:21:03,755.3,5189802
2021-06-22 09:21:04,754.35,5230297
2021-06-22 09:21:05,754.35,5253390
2021-06-22 09:21:06,754.05,5254135
2021-06-22 09:21:07,754.5,5258829
2021-06-22 09:21:08,754.65,5270546
2021-06-22 09:21:09,754.35,5278770
2021-06-22 09:21:10,754.05,5290225
2021-06-22 09:21:11,754.6,5297042
2021-06-22 09:21:12,754.55,5302408
2021-06-22 09:21:13,755.0,5305309
2021-06-22 09:21:14,754.75,5309298
2021-06-22 09:21:15,754.6,5316564
2021-06-22 09:21:16,755.0,5324141
2021-06-22 09:21:17,754.5,5335118
2021-06-22 09:21:18,754.6,5343625
2021-06-22 09:21:19,755.0,5345051
2021-06-22 09:21:20,754.65,5348320
2021-06-22 09:21:21,755.0,5353967
2021-06-22 09:21:22,754.9,5362281
2021-06-22 09:21:23,754.95,5362458
2021-06-22 09:21:24,754.8,5368847
2021-06-22 09:21:26,754.95,5377518
2021-06-22 09:21:27,754.95,5383137
2021-06-22 09:21:28,755.25,5421485
2021-06-22 09:21:29,755.7,5427734
2021-06-22 09:21:30,755.15,5431338
2021-06-22 09:21:31,755.2,5434005
2021-06-22 09:21:32,755.0,5443081
2021-06-22 09:21:33,755.5,5453141
2021-06-22 09:21:34,755.4,5455976
2021-06-22 09:21:36,755.2,5459792
2021-06-22 09:21:35,755.15,5459215
2021-06-22 09:21:37,755.55,5462571
2021-06-22 09:21:38,756.0,5472672
2021-06-22 09:21:39,756.15,5479865
2021-06-22 09:21:40,756.45,5483630
2021-06-22 09:21:41,756.5,5491466
2021-06-22 09:21:42,756.65,5495972
2021-06-22 09:21:43,756.65,5498784
2021-06-22 09:21:44,756.6,5508733
2021-06-22 09:21:45,757.0,5514415
2021-06-22 09:21:46,757.4,5520035
2021-06-22 09:21:47,757.25,5528691
2021-06-22 09:21:48,757.45,5530678
2021-06-22 09:21:49,757.8,5536263
2021-06-22 09:21:50,757.85,5541115
2021-06-22 09:21:51,758.0,5544422
2021-06-22 09:21:52,757.6,5547923
2021-06-22 09:21:53,757.7,5554245
2021-06-22 09:21:54,757.7,5556357
2021-06-22 09:21:55,756.95,5569258
2021-06-22 09:21:56,757.0,5573239
2021-06-22 09:21:57,756.5,5585640
2021-06-22 09:21:58,756.3,5593766
2021-06-22 09:21:59,756.65,5599678
2021-06-22 09:22:00,756.1,5603167
2021-06-22 09:22:01,756.5,5613513
2021-06-22 09:22:02,756.4,5620015
2021-06-22 09:22:03,756.35,5625135
2021-06-22 09:22:04,756.6,5633255
2021-06-22 09:22:05,756.35,5637138
2021-06-22 09:22:06,756.7,5642625
2021-06-22 09:22:07,756.3,5647802
2021-06-22 09:22:08,756.4,5653819
2021-06-22 09:22:09,755.9,5668838
2021-06-22 09:22:10,755.85,5678937
2021-06-22 09:22:11,756.0,5683664
2021-06-22 09:22:12,755.95,5689360
2021-06-22 09:22:13,756.0,5691650
2021-06-22 09:22:16,755.75,5706014
2021-06-22 09:22:17,755.65,5708230
2021-06-22 09:22:18,756.15,5721727
2021-06-22 09:22:19,755.95,5723502
2021-06-22 09:22:20,756.5,5726130
2021-06-22 09:22:21,756.5,5728617
2021-06-22 09:22:22,756.4,5730720
2021-06-22 09:22:23,756.0,5736524
2021-06-22 09:22:25,755.55,5745610
2021-06-22 09:22:28,755.6,5754060
2021-06-22 09:22:29,754.75,5800076
2021-06-22 09:22:30,754.9,5802988
2021-06-22 09:22:31,755.0,5809702
2021-06-22 09:22:32,755.25,5816221
2021-06-22 09:22:33,755.2,5820273
2021-06-22 09:22:34,755.0,5825089
2021-06-22 09:22:35,754.95,5828632
2021-06-22 09:22:36,755.0,5831053
2021-06-22 09:22:37,754.65,5834042
2021-06-22 09:22:38,755.0,5838149
2021-06-22 09:22:39,754.95,5840442
2021-06-22 09:22:40,755.25,5845294
2021-06-22 09:22:41,755.0,5849583
2021-06-22 09:22:42,754.95,5852027
2021-06-22 09:22:43,754.75,5855299
2021-06-22 09:22:44,755.35,5858644
2021-06-22 09:22:45,755.7,5862905
2021-06-22 09:22:46,755.7,5865533
2021-06-22 09:22:47,755.15,5867986
2021-06-22 09:22:48,755.6,5874028
2021-06-22 09:22:49,755.8,5886870
2021-06-22 09:22:59,756.8,5919375
2021-06-22 09:23:00,756.5,5944048
2021-06-22 09:23:01,756.7,5951977
2021-06-22 09:23:02,756.8,5956116
2021-06-22 09:23:04,756.6,5960871
2021-06-22 09:23:05,756.1,5964531
2021-06-22 09:23:06,756.35,5966519
2021-06-22 09:23:07,756.45,5969341
2021-06-22 09:23:08,756.5,5972076
2021-06-22 09:23:09,756.65,5977132
2021-06-22 09:23:10,756.0,5989068
2021-06-22 09:23:11,755.55,5993635
2021-06-22 09:23:12,755.55,5997017
2021-06-22 09:23:13,755.55,6010221
2021-06-22 09:23:14,755.75,6012189
2021-06-22 09:23:15,755.8,6016355
2021-06-22 09:23:16,755.15,6019574
2021-06-22 09:23:17,755.15,6024933
2021-06-22 09:23:18,755.3,6026894
2021-06-22 09:23:19,755.0,6049660
2021-06-22 09:23:20,755.0,6054246
2021-06-22 09:23:21,755.2,6059222
2021-06-22 09:23:22,755.1,6065240
2021-06-22 09:23:23,754.65,6066723
2021-06-22 09:23:24,754.55,6087251
2021-06-22 09:23:25,754.45,6092389
2021-06-22 09:23:26,754.8,6096429
2021-06-22 09:23:27,754.4,6100831
2021-06-22 09:23:28,754.65,6102180
2021-06-22 09:23:29,754.8,6104026
2021-06-22 09:23:30,754.55,6105612
2021-06-22 09:23:31,754.5,6109697
2021-06-22 09:23:32,754.85,6112026
2021-06-22 09:23:33,755.2,6119258
2021-06-22 09:23:34,755.2,6121057
2021-06-22 09:23:36,754.75,6126172
2021-06-22 09:23:37,754.95,6130779
2021-06-22 09:23:38,754.5,6131851
2021-06-22 09:23:38,754.7,6132632
2021-06-22 09:23:39,754.7,6140559
2021-06-22 09:23:40,754.7,6142206
2021-06-22 09:23:41,754.6,6145728
2021-06-22 09:23:42,754.35,6171536
2021-06-22 09:23:43,754.45,6174143
2021-06-22 09:23:44,754.05,6178062
2021-06-22 09:23:46,754.7,6182658
2021-06-22 09:23:47,754.75,6186720
2021-06-22 09:23:53,755.4,6214794
2021-06-22 09:23:54,755.2,6216521
2021-06-22 09:23:55,755.15,6217169
2021-06-22 09:23:56,755.05,6219143
2021-06-22 09:23:57,755.0,6223409
2021-06-22 09:23:59,755.05,6228729
2021-06-22 09:24:01,755.1,6233536
2021-06-22 09:24:02,755.0,6237149
2021-06-22 09:24:03,754.9,6239200
2021-06-22 09:24:04,755.15,6242740
2021-06-22 09:24:05,755.25,6244713
2021-06-22 09:24:06,755.25,6246283
2021-06-22 09:24:07,755.15,6249217
2021-06-22 09:24:08,755.0,6251234
2021-06-22 09:24:09,755.3,6252654
2021-06-22 09:24:10,755.1,6254577
2021-06-22 09:24:11,755.15,6257065
2021-06-22 09:24:12,755.65,6260046
2021-06-22 09:24:13,755.6,6261311
2021-06-22 09:24:14,755.3,6263033
2021-06-22 09:24:15,755.0,6265772
2021-06-22 09:24:16,755.2,6269206
2021-06-22 09:24:17,754.85,6277795
2021-06-22 09:24:18,755.15,6281518
2021-06-22 09:24:20,755.1,6282440
2021-06-22 09:24:21,755.5,6283765
2021-06-22 09:24:22,754.9,6286390
2021-06-22 09:24:23,755.0,6287258
2021-06-22 09:24:24,754.8,6291287
2021-06-22 09:24:25,755.15,6299208
2021-06-22 09:24:26,755.1,6301259
2021-06-22 09:24:27,755.0,6305194
2021-06-22 09:24:28,754.85,6306391
2021-06-22 09:24:29,755.0,6308278
2021-06-22 09:24:30,755.05,6310490
2021-06-22 09:24:31,755.1,6313238
2021-06-22 09:24:33,754.75,6316483
2021-06-22 09:24:34,755.0,6322325
2021-06-22 09:24:35,755.0,6323148
2021-06-22 09:24:35,755.0,6323309
2021-06-22 09:24:37,754.75,6326716
2021-06-22 09:24:38,755.05,6344149
2021-06-22 09:24:39,755.0,6349151
2021-06-22 09:24:40,755.05,6352527
2021-06-22 09:24:41,755.0,6354630
2021-06-22 09:24:42,755.25,6357300
2021-06-22 09:24:43,755.1,6359320
2021-06-22 09:24:44,755.4,6361673
2021-06-22 09:24:45,754.9,6365137
2021-06-22 09:24:47,754.55,6369882
2021-06-22 09:24:48,754.45,6379389
2021-06-22 09:24:49,754.35,6385291
2021-06-22 09:24:50,753.8,6444937
2021-06-22 09:24:51,753.85,6447632
2021-06-22 09:24:52,753.85,6449518
2021-06-22 09:24:53,753.4,6455657
2021-06-22 09:24:54,753.35,6462106
2021-06-22 09:24:55,753.5,6468667
2021-06-22 09:24:56,753.45,6471074
2021-06-22 09:24:57,753.4,6478466
2021-06-22 09:24:59,753.0,6499675
2021-06-22 09:25:00,753.35,6507471
2021-06-22 09:25:02,753.0,6515534
2021-06-22 09:25:03,753.4,6517121
2021-06-22 09:25:04,753.3,6524636
2021-06-22 09:25:04,752.8,6526190
2021-06-22 09:25:05,753.15,6530009
2021-06-22 09:25:06,752.85,6542294
2021-06-22 09:25:09,753.05,6558202
2021-06-22 09:25:10,752.8,6561777
2021-06-22 09:25:11,752.5,6569651
2021-06-22 09:25:12,752.6,6572922
2021-06-22 09:25:13,752.85,6588519
2021-06-22 09:25:14,753.0,6596288
2021-06-22 09:25:15,753.45,6601217
2021-06-22 09:25:16,752.8,6604136
2021-06-22 09:25:17,753.4,6607526
2021-06-22 09:25:18,753.3,6609212
2021-06-22 09:25:19,753.65,6612225
2021-06-22 09:25:20,753.2,6617001
2021-06-22 09:25:21,753.2,6620526
2021-06-22 09:25:22,753.5,6623439
2021-06-22 09:25:23,753.25,6628960
2021-06-22 09:25:24,753.6,6630397
2021-06-22 09:25:25,753.4,6641417
2021-06-22 09:25:26,753.8,6650219
2021-06-22 09:25:26,753.8,6650229
2021-06-22 09:25:27,754.0,6656276
2021-06-22 09:25:28,754.3,6660298
2021-06-22 09:25:29,754.05,6664716
2021-06-22 09:25:30,754.4,6666298
2021-06-22 09:25:32,754.5,6670131
2021-06-22 09:25:33,754.3,6685193
2021-06-22 09:25:34,754.55,6687485
2021-06-22 09:25:35,754.15,6688724
2021-06-22 09:25:35,754.2,6689070
2021-06-22 09:25:36,754.45,6692421
2021-06-22 09:25:37,754.05,6693505
2021-06-22 09:25:39,754.5,6696534
2021-06-22 09:25:40,754.6,6698376
2021-06-22 09:25:41,754.25,6700385
2021-06-22 09:25:41,754.5,6701206
2021-06-22 09:25:42,754.4,6708663
2021-06-22 09:25:43,754.3,6709914
2021-06-22 09:25:44,754.3,6711303
2021-06-22 09:25:46,754.65,6715011
2021-06-22 09:25:47,754.5,6719978
2021-06-22 09:25:48,754.9,6725568
2021-06-22 09:25:49,755.55,6764802
2021-06-22 09:25:49,755.3,6765224
2021-06-22 09:25:51,756.0,6775873
2021-06-22 09:25:53,756.0,6784080
2021-06-22 09:25:54,755.4,6790500
2021-06-22 09:25:54,755.8,6790521
2021-06-22 09:25:55,756.0,6800711
2021-06-22 09:25:56,756.0,6802741
2021-06-22 09:25:57,755.65,6817819
2021-06-22 09:25:58,756.0,6822680
2021-06-22 09:26:01,756.0,6837728
2021-06-22 09:26:02,755.75,6842560
2021-06-22 09:26:02,755.75,6842560
2021-06-22 09:26:03,756.0,6846790
2021-06-22 09:26:04,755.65,6854247
2021-06-22 09:26:05,755.65,6858242
2021-06-22 09:26:07,756.35,6864811
2021-06-22 09:26:08,756.5,6877813
2021-06-22 09:26:08,756.45,6878056
2021-06-22 09:26:09,756.0,6881440
2021-06-22 09:26:10,756.45,6887817
2021-06-22 09:26:11,756.0,6890670
2021-06-22 09:26:12,755.85,6895333
2021-06-22 09:26:13,756.0,6900454
2021-06-22 09:26:14,756.0,6902069
2021-06-22 09:26:15,756.0,6905999
2021-06-22 09:26:16,756.0,6908394
2021-06-22 09:26:17,756.0,6911125
2021-06-22 09:26:18,756.1,6913817
2021-06-22 09:26:19,756.1,6915702
2021-06-22 09:26:22,756.25,6926311
2021-06-22 09:26:23,756.55,6929176
2021-06-22 09:26:23,756.55,6929336
2021-06-22 09:26:24,756.75,6934369
2021-06-22 09:26:25,756.9,6946391
2021-06-22 09:26:26,756.9,6949338
2021-06-22 09:26:27,756.45,6953274
2021-06-22 09:26:28,756.7,6955553
2021-06-22 09:26:29,756.5,6957182
2021-06-22 09:26:30,756.25,6959180
2021-06-22 09:26:31,756.7,6963506
2021-06-22 09:26:32,756.5,6966775
2021-06-22 09:26:33,756.35,6967620
2021-06-22 09:26:34,756.35,6970194
2021-06-22 09:26:36,756.2,6972485
2021-06-22 09:26:37,756.5,6978387
2021-06-22 09:26:38,756.45,6979206
2021-06-22 09:26:38,756.2,6979759
2021-06-22 09:26:39,756.35,6982052
2021-06-22 09:26:40,756.5,6985047
2021-06-22 09:26:41,756.75,6990607
2021-06-22 09:26:42,756.7,6993927
2021-06-22 09:26:44,756.3,6997627
2021-06-22 09:26:45,756.75,7004382
2021-06-22 09:26:46,756.8,7006179
2021-06-22 09:26:47,756.8,7009956
2021-06-22 09:26:48,756.8,7011826
2021-06-22 09:26:49,756.35,7015612
2021-06-22 09:26:50,756.25,7020064
2021-06-22 09:26:51,756.5,7021917
2021-06-22 09:26:53,756.5,7024842
2021-06-22 09:26:54,756.8,7031787
2021-06-22 09:26:55,756.95,7036664
2021-06-22 09:26:56,756.45,7037875
2021-06-22 09:26:57,756.8,7038437
2021-06-22 09:26:58,756.7,7041879
2021-06-22 09:26:59,756.8,7043725
2021-06-22 09:27:00,756.6,7046456
2021-06-22 09:27:01,756.6,7049750
2021-06-22 09:27:02,756.5,7051181
2021-06-22 09:27:03,756.5,7060019
2021-06-22 09:27:04,756.8,7062541
2021-06-22 09:27:05,756.75,7065786
2021-06-22 09:27:06,756.75,7067422
2021-06-22 09:27:07,756.8,7070497
2021-06-22 09:27:08,756.5,7070958
2021-06-22 09:27:09,756.8,7073672
2021-06-22 09:27:10,756.75,7080052
2021-06-22 09:27:11,757.5,7129538
2021-06-22 09:27:12,757.5,7134225
2021-06-22 09:27:13,757.6,7138472
2021-06-22 09:27:14,757.15,7140644
2021-06-22 09:27:15,757.45,7144573
2021-06-22 09:27:16,757.45,7148149
2021-06-22 09:27:17,757.5,7150483
2021-06-22 09:27:18,757.45,7151549
2021-06-22 09:27:19,757.15,7153112
2021-06-22 09:27:20,757.5,7154611
2021-06-22 09:27:21,757.45,7157207
2021-06-22 09:27:22,757.45,7161848
2021-06-22 09:27:23,757.15,7165985
2021-06-22 09:27:24,757.45,7170598
2021-06-22 09:27:25,757.55,7184453
2021-06-22 09:27:26,757.5,7191839
2021-06-22 09:27:27,757.65,7195595
2021-06-22 09:27:28,757.5,7200735
2021-06-22 09:27:29,757.2,7203992
2021-06-22 09:27:30,757.45,7205307
2021-06-22 09:27:31,757.45,7208118
2021-06-22 09:27:32,757.45,7212130
2021-06-22 09:27:33,757.45,7213625
2021-06-22 09:27:34,757.0,7219777
2021-06-22 09:27:35,756.9,7227207
2021-06-22 09:27:36,757.15,7237064
2021-06-22 09:27:37,757.4,7239477
2021-06-22 09:27:38,757.2,7240769
2021-06-22 09:27:39,757.2,7247767
2021-06-22 09:27:40,756.9,7249686
2021-06-22 09:27:41,757.0,7253234
2021-06-22 09:27:42,757.4,7255789
2021-06-22 09:27:43,757.5,7261347
2021-06-22 09:27:44,757.0,7264951
2021-06-22 09:27:45,757.4,7267009
2021-06-22 09:27:46,757.45,7273068
2021-06-22 09:27:47,757.35,7277656
2021-06-22 09:27:48,757.3,7280819
2021-06-22 09:27:49,757.0,7282453
2021-06-22 09:27:50,757.15,7290770
2021-06-22 09:27:52,757.0,7302806
2021-06-22 09:27:53,757.25,7303726
2021-06-22 09:27:54,757.0,7307321
2021-06-22 09:27:55,756.7,7310332
2021-06-22 09:27:56,757.0,7313250
2021-06-22 09:27:57,757.25,7321741
2021-06-22 09:27:58,757.1,7328447
2021-06-22 09:27:59,757.1,7329991
2021-06-22 09:28:00,757.4,7335835
2021-06-22 09:28:01,757.05,7337118
2021-06-22 09:28:02,757.2,7340209
2021-06-22 09:28:03,756.75,7346169
2021-06-22 09:28:04,756.95,7359754
2021-06-22 09:28:05,756.55,7362874
2021-06-22 09:28:06,756.85,7364687
2021-06-22 09:28:07,756.4,7368035
2021-06-22 09:28:08,756.2,7388684
2021-06-22 09:28:10,756.0,7392977
2021-06-22 09:28:11,755.85,7394622
2021-06-22 09:28:12,755.8,7402300
2021-06-22 09:28:13,755.3,7404543
2021-06-22 09:28:15,755.3,7412616
2021-06-22 09:28:16,755.6,7414994
2021-06-22 09:28:17,755.75,7417292
2021-06-22 09:28:18,755.55,7418669
2021-06-22 09:28:19,755.45,7423473
2021-06-22 09:28:20,755.55,7426548
2021-06-22 09:28:21,756.0,7428779
2021-06-22 09:28:22,755.9,7431712
2021-06-22 09:28:23,755.9,7433167
2021-06-22 09:28:23,755.95,7433309
2021-06-22 09:28:24,755.6,7434153
2021-06-22 09:28:25,756.0,7437134
2021-06-22 09:28:26,755.8,7441422
2021-06-22 09:28:27,755.65,7447169
2021-06-22 09:28:28,755.9,7449008
2021-06-22 09:28:29,755.6,7450025
2021-06-22 09:28:30,756.0,7451872
2021-06-22 09:28:31,756.0,7453117
2021-06-22 09:28:32,756.0,7456714
2021-06-22 09:28:34,755.85,7458791
2021-06-22 09:28:36,755.95,7463583
2021-06-22 09:28:38,755.8,7467068
2021-06-22 09:28:40,755.95,7473018
2021-06-22 09:28:41,756.0,7474479
2021-06-22 09:28:42,755.9,7475735
2021-06-22 09:28:43,755.3,7483654
2021-06-22 09:28:44,755.65,7486924
2021-06-22 09:28:45,755.2,7493569
2021-06-22 09:28:46,755.6,7500408
2021-06-22 09:28:47,755.3,7502204
2021-06-22 09:28:48,755.6,7505676
2021-06-22 09:28:49,755.6,7508147
2021-06-22 09:28:50,755.7,7512183
2021-06-22 09:28:51,755.3,7513510
2021-06-22 09:28:52,755.8,7516221
2021-06-22 09:28:53,756.55,7539354
2021-06-22 09:28:54,756.35,7540631
2021-06-22 09:28:55,755.85,7542081
2021-06-22 09:28:56,755.6,7547645
2021-06-22 09:28:57,755.9,7548028
2021-06-22 09:28:58,755.95,7548673
2021-06-22 09:28:59,755.8,7548868
2021-06-22 09:29:00,755.8,7549917
2021-06-22 09:29:01,755.95,7550361
2021-06-22 09:29:02,755.65,7551600
2021-06-22 09:29:03,755.8,7567348
2021-06-22 09:29:04,755.5,7569692
2021-06-22 09:29:05,755.45,7573365
2021-06-22 09:29:06,755.6,7575970
2021-06-22 09:29:07,755.25,7577170
2021-06-22 09:29:08,755.7,7577981
2021-06-22 09:29:10,755.45,7581879
2021-06-22 09:29:11,755.5,7582179
2021-06-22 09:29:12,755.5,7582982
2021-06-22 09:29:13,755.55,7585362
2021-06-22 09:29:14,755.5,7586254
2021-06-22 09:29:16,755.15,7594317
2021-06-22 09:29:17,754.55,7635098
2021-06-22 09:29:18,754.6,7636587
2021-06-22 09:29:19,754.6,7638232
2021-06-22 09:29:20,754.6,7640890
2021-06-22 09:29:21,754.8,7644350
2021-06-22 09:29:22,754.45,7645439
2021-06-22 09:29:23,755.45,7653943
2021-06-22 09:29:24,754.9,7658280
2021-06-22 09:29:25,755.0,7664032
2021-06-22 09:29:28,755.4,7670351
2021-06-22 09:29:29,754.95,7672521
2021-06-22 09:29:30,755.0,7674956
2021-06-22 09:29:31,755.05,7676615
2021-06-22 09:29:32,755.25,7676987
2021-06-22 09:29:33,755.2,7678092
2021-06-22 09:29:34,755.0,7684063
2021-06-22 09:29:35,755.1,7685933
2021-06-22 09:29:36,755.3,7686633
2021-06-22 09:29:37,755.1,7688655
2021-06-22 09:29:39,754.85,7693827
2021-06-22 09:29:38,755.5,7690358
2021-06-22 09:29:41,755.4,7695155
2021-06-22 09:29:42,755.1,7696425
2021-06-22 09:29:43,755.0,7698263
2021-06-22 09:29:44,755.1,7702221
2021-06-22 09:29:46,755.4,7707296
2021-06-22 09:29:47,755.1,7710013
2021-06-22 09:29:48,754.85,7711126
2021-06-22 09:29:49,755.1,7713106
2021-06-22 09:29:50,755.75,7732428
2021-06-22 09:29:52,755.65,7747430
2021-06-22 09:29:53,755.85,7755499
2021-06-22 09:29:54,755.55,7757218
2021-06-22 09:29:55,755.4,7759971
2021-06-22 09:29:56,755.55,7763950
2021-06-22 09:29:57,756.0,7767244
2021-06-22 09:29:58,756.0,7768125
2021-06-22 09:29:59,755.6,7769070
2021-06-22 09:30:00,756.0,7772085
2021-06-22 09:30:02,755.55,7776659
2021-06-22 09:30:03,755.05,7778114
2021-06-22 09:30:04,756.0,7786597
2021-06-22 09:30:05,756.0,7787593
2021-06-22 09:30:05,755.5,7790607
2021-06-22 09:30:07,755.6,7792411
2021-06-22 09:30:08,755.45,7793424
2021-06-22 09:30:09,755.7,7794246
2021-06-22 09:30:10,755.35,7795331
2021-06-22 09:30:11,755.15,7826318
2021-06-22 09:30:12,754.65,7829329
2021-06-22 09:30:13,754.75,7834544
2021-06-22 09:30:14,754.85,7837562
2021-06-22 09:30:15,754.7,7852065
2021-06-22 09:30:16,754.3,7860837
2021-06-22 09:30:17,754.5,7863146
2021-06-22 09:30:18,755.0,7865853
2021-06-22 09:30:19,754.6,7868599
2021-06-22 09:30:20,754.85,7869506
2021-06-22 09:30:21,754.6,7870255
2021-06-22 09:30:22,754.95,7871072
2021-06-22 09:30:23,754.6,7873198
2021-06-22 09:30:24,754.75,7874761
2021-06-22 09:30:26,755.45,7888278
2021-06-22 09:30:27,755.3,7889714
2021-06-22 09:30:28,755.25,7891439
2021-06-22 09:30:29,755.5,7892469
2021-06-22 09:30:30,755.25,7894752
2021-06-22 09:30:31,754.85,7910832
2021-06-22 09:30:32,754.95,7912600
2021-06-22 09:30:33,754.95,7913577
2021-06-22 09:30:34,754.6,7914601
2021-06-22 09:30:35,754.9,7917424
2021-06-22 09:30:36,754.75,7918377
2021-06-22 09:30:37,755.25,7918967
2021-06-22 09:30:38,755.45,7920045
2021-06-22 09:30:39,755.1,7923786
2021-06-22 09:30:40,755.4,7925430
2021-06-22 09:30:41,755.25,7926367
2021-06-22 09:30:42,755.25,7928847
2021-06-22 09:30:44,755.1,7941145
2021-06-22 09:30:45,754.9,7942534
2021-06-22 09:30:46,755.0,7943234
2021-06-22 09:30:47,754.85,7944704
2021-06-22 09:30:48,754.95,7946190
2021-06-22 09:30:49,755.0,7949298
2021-06-22 09:30:50,754.8,7949912
2021-06-22 09:30:51,754.9,7951962
2021-06-22 09:30:52,754.9,7953805
2021-06-22 09:30:53,754.9,7954622
2021-06-22 09:30:54,754.9,7957652
2021-06-22 09:30:55,754.9,7959020
2021-06-22 09:30:57,754.9,7967051
2021-06-22 09:30:58,754.7,7968329
2021-06-22 09:30:59,754.85,7969148
2021-06-22 09:31:00,754.9,7970095
2021-06-22 09:31:01,754.8,7970814
2021-06-22 09:31:02,754.5,7971335
2021-06-22 09:31:03,754.4,7975642
2021-06-22 09:31:04,754.4,7977012
2021-06-22 09:31:05,754.4,7980432
2021-06-22 09:31:06,754.85,7982156
2021-06-22 09:31:07,754.8,7987603
2021-06-22 09:31:08,754.6,7989234
2021-06-22 09:31:09,754.7,7990689
2021-06-22 09:31:10,755.1,7999274
2021-06-22 09:31:11,754.95,8009824
2021-06-22 09:31:12,754.55,8011349
2021-06-22 09:31:14,754.65,8013000
2021-06-22 09:31:15,754.75,8013533
2021-06-22 09:31:16,754.9,8015016
2021-06-22 09:31:17,754.85,8015295
2021-06-22 09:31:18,754.55,8015634
2021-06-22 09:31:19,754.85,8016345
2021-06-22 09:31:20,754.65,8017330
2021-06-22 09:31:21,754.4,8019412
2021-06-22 09:31:22,753.8,8071880
2021-06-22 09:31:24,754.35,8076273
2021-06-22 09:31:25,754.35,8077812
2021-06-22 09:31:27,754.2,8079802
2021-06-22 09:31:28,754.1,8080019
2021-06-22 09:31:29,754.0,8080879
2021-06-22 09:31:30,754.35,8081293
2021-06-22 09:31:31,754.45,8082765
2021-06-22 09:31:32,754.1,8084905
2021-06-22 09:31:33,753.95,8086219
2021-06-22 09:31:34,754.15,8086614
2021-06-22 09:31:35,754.4,8090138
2021-06-22 09:31:36,754.15,8092279
2021-06-22 09:31:37,754.3,8094161
2021-06-22 09:31:38,754.45,8099979
2021-06-22 09:31:39,754.4,8100665
2021-06-22 09:31:40,754.2,8103347
2021-06-22 09:31:41,754.05,8106571
2021-06-22 09:31:42,754.05,8108677
2021-06-22 09:31:44,754.7,8115237
2021-06-22 09:31:45,754.45,8137159
2021-06-22 09:31:46,754.65,8139349
2021-06-22 09:31:47,754.05,8140599
2021-06-22 09:31:48,754.15,8141645
2021-06-22 09:31:49,753.9,8146077
2021-06-22 09:31:50,754.3,8147442
2021-06-22 09:31:51,754.15,8149091
2021-06-22 09:31:53,754.4,8151793
2021-06-22 09:31:55,754.2,8154357
2021-06-22 09:31:57,754.5,8156485
2021-06-22 09:31:56,754.05,8156181
2021-06-22 09:31:58,754.0,8158433
2021-06-22 09:31:59,754.15,8162917
2021-06-22 09:32:00,754.45,8163352
2021-06-22 09:32:01,754.35,8165338
2021-06-22 09:32:02,754.1,8165768
2021-06-22 09:32:03,754.1,8166525
2021-06-22 09:32:04,754.4,8168794
2021-06-22 09:32:05,754.3,8173411
2021-06-22 09:32:07,754.95,8183092
2021-06-22 09:32:06,754.6,8183032
2021-06-22 09:32:08,754.5,8183915
2021-06-22 09:32:09,754.95,8185775
2021-06-22 09:32:10,754.65,8198985
2021-06-22 09:32:11,754.6,8201817
2021-06-22 09:32:12,754.7,8202467
2021-06-22 09:32:13,754.3,8203509
2021-06-22 09:32:14,754.75,8205761
2021-06-22 09:32:15,754.7,8206126
2021-06-22 09:32:16,754.1,8209380
2021-06-22 09:32:17,754.45,8210809
2021-06-22 09:32:18,754.1,8211398
2021-06-22 09:32:19,753.95,8228059
2021-06-22 09:32:20,753.8,8239841
2021-06-22 09:32:21,753.95,8245036
2021-06-22 09:32:22,754.4,8248952
2021-06-22 09:32:23,754.15,8252970
2021-06-22 09:32:24,753.65,8255167
2021-06-22 09:32:25,754.0,8257666
2021-06-22 09:32:26,754.0,8260556
2021-06-22 09:32:27,754.0,8262314
2021-06-22 09:32:28,753.6,8266743
2021-06-22 09:32:29,753.6,8266743
2021-06-22 09:32:32,754.0,8275172
2021-06-22 09:32:34,754.0,8277118
2021-06-22 09:32:35,754.0,8277658
2021-06-22 09:32:36,753.5,8281087
2021-06-22 09:32:37,753.8,8282609
2021-06-22 09:32:38,753.95,8283604
2021-06-22 09:32:39,753.5,8284490
2021-06-22 09:32:40,753.8,8286176
2021-06-22 09:32:41,753.9,8286661
2021-06-22 09:32:42,753.95,8288434
2021-06-22 09:32:43,753.8,8291354
2021-06-22 09:32:44,753.8,8292257
2021-06-22 09:32:45,753.9,8293158
2021-06-22 09:32:46,753.55,8293970
2021-06-22 09:32:49,754.0,8327684
2021-06-22 09:32:52,754.3,8335915
2021-06-22 09:32:53,754.1,8341302
2021-06-22 09:32:57,754.0,8348556
2021-06-22 09:32:59,754.1,8352691
2021-06-22 09:33:00,754.2,8355164
2021-06-22 09:33:01,754.35,8355781
2021-06-22 09:33:03,754.0,8358138
2021-06-22 09:33:04,754.5,8364193
2021-06-22 09:33:05,754.75,8365981
2021-06-22 09:33:06,754.8,8367468
2021-06-22 09:33:07,754.35,8368574
2021-06-22 09:33:08,754.35,8371192
2021-06-22 09:33:09,754.5,8372020
2021-06-22 09:33:10,754.75,8373794
2021-06-22 09:33:11,754.45,8374900
2021-06-22 09:33:12,754.75,8375456
2021-06-22 09:33:13,754.55,8376357
2021-06-22 09:33:15,754.65,8377148
2021-06-22 09:33:15,754.45,8377133
2021-06-22 09:33:16,754.7,8381454
2021-06-22 09:33:17,754.8,8382230
2021-06-22 09:33:19,754.8,8383821
2021-06-22 09:33:20,755.45,8431633
2021-06-22 09:33:22,755.45,8433671
2021-06-22 09:33:22,755.15,8433819
2021-06-22 09:33:23,755.0,8441105
2021-06-22 09:33:24,755.35,8445911
2021-06-22 09:33:26,755.25,8448567
2021-06-22 09:33:27,755.5,8449483
2021-06-22 09:33:28,755.3,8450523
2021-06-22 09:33:30,755.4,8453958
2021-06-22 09:33:30,755.2,8454014
2021-06-22 09:33:31,755.25,8455147
2021-06-22 09:33:32,755.15,8458477
2021-06-22 09:33:33,754.75,8465099
2021-06-22 09:33:34,754.65,8466663
2021-06-22 09:33:35,754.45,8467426
2021-06-22 09:33:36,754.9,8468152
2021-06-22 09:33:37,754.95,8478159
2021-06-22 09:33:39,755.15,8479431
2021-06-22 09:33:41,755.35,8480543
2021-06-22 09:33:41,755.3,8480859
2021-06-22 09:33:42,754.9,8482156
2021-06-22 09:33:43,754.7,8485805
2021-06-22 09:33:44,754.85,8486657
2021-06-22 09:33:45,755.2,8488832
2021-06-22 09:33:46,755.0,8491115
2021-06-22 09:33:47,754.95,8492828
2021-06-22 09:33:48,755.0,8493704
2021-06-22 09:33:49,754.55,8494157
2021-06-22 09:33:50,754.75,8497912
2021-06-22 09:33:51,754.6,8500163
2021-06-22 09:33:53,754.15,8510457
2021-06-22 09:33:53,754.55,8510312
2021-06-22 09:33:54,754.05,8527364
2021-06-22 09:33:55,754.55,8537034
2021-06-22 09:33:56,754.1,8541651
2021-06-22 09:33:57,754.25,8543075
2021-06-22 09:33:58,754.4,8544245
2021-06-22 09:33:59,754.4,8545077
2021-06-22 09:34:00,754.45,8546502
2021-06-22 09:34:01,754.0,8548909
2021-06-22 09:34:02,754.0,8549375
2021-06-22 09:34:03,754.3,8550717
2021-06-22 09:34:04,754.0,8551493
2021-06-22 09:34:05,753.8,8552781
2021-06-22 09:34:06,754.0,8556982
2021-06-22 09:34:08,753.95,8557996
2021-06-22 09:34:10,754.0,8561973
2021-06-22 09:34:11,754.0,8562320
2021-06-22 09:34:12,753.8,8563722
2021-06-22 09:34:13,754.0,8566104
2021-06-22 09:34:14,754.4,8567645
2021-06-22 09:34:15,754.05,8568290
2021-06-22 09:34:16,754.4,8569204
2021-06-22 09:34:17,754.35,8569959
2021-06-22 09:34:18,754.4,8571585
2021-06-22 09:34:19,754.15,8573216
2021-06-22 09:34:20,754.15,8574206
2021-06-22 09:34:21,754.05,8576806
2021-06-22 09:34:23,754.15,8579299
2021-06-22 09:34:24,753.9,8580840
2021-06-22 09:34:24,754.0,8580435
2021-06-22 09:34:25,754.0,8581350
2021-06-22 09:34:26,754.5,8584266
2021-06-22 09:34:27,754.2,8585893
2021-06-22 09:34:28,754.25,8586642
2021-06-22 09:34:29,754.1,8587477
2021-06-22 09:34:30,754.4,8588892
2021-06-22 09:34:31,754.45,8589666
2021-06-22 09:34:32,754.2,8590464
2021-06-22 09:34:33,754.5,8591086
2021-06-22 09:34:34,754.75,8592380
2021-06-22 09:34:35,754.75,8595619
2021-06-22 09:34:36,755.3,8609620
2021-06-22 09:34:37,754.85,8611107
2021-06-22 09:34:38,755.1,8613363
2021-06-22 09:34:39,755.3,8616457
2021-06-22 09:34:40,755.6,8622826
2021-06-22 09:34:41,755.6,8625943
2021-06-22 09:34:43,755.9,8632264
2021-06-22 09:34:44,755.95,8634728
2021-06-22 09:34:45,755.6,8636599
2021-06-22 09:34:46,755.95,8639698
2021-06-22 09:34:48,755.95,8640111
2021-06-22 09:34:49,755.8,8641426
2021-06-22 09:34:49,756.4,8671153
2021-06-22 09:34:50,756.15,8675207
2021-06-22 09:34:51,756.4,8676701
2021-06-22 09:34:52,756.3,8677470
2021-06-22 09:34:53,756.5,8679198
2021-06-22 09:34:54,756.45,8680459
2021-06-22 09:34:55,756.7,8685291
2021-06-22 09:34:56,756.45,8687480
2021-06-22 09:34:57,756.6,8688986
2021-06-22 09:34:59,756.6,8700930
2021-06-22 09:34:59,756.95,8701210
2021-06-22 09:35:00,756.8,8703814
2021-06-22 09:35:01,756.55,8706059
2021-06-22 09:35:02,756.8,8709038
2021-06-22 09:35:04,756.5,8712283
2021-06-22 09:35:05,756.8,8714446
2021-06-22 09:35:06,756.8,8716393
2021-06-22 09:35:07,756.7,8716995
2021-06-22 09:35:08,756.75,8719119
2021-06-22 09:35:09,756.9,8720782
2021-06-22 09:35:11,756.8,8721768
2021-06-22 09:35:11,756.5,8721806
2021-06-22 09:35:13,756.6,8728669
2021-06-22 09:35:15,756.25,8740783
2021-06-22 09:35:16,756.35,8745776
2021-06-22 09:35:17,756.05,8746584
2021-06-22 09:35:17,756.45,8747040
2021-06-22 09:35:18,756.0,8747805
2021-06-22 09:35:19,756.35,8753267
2021-06-22 09:35:20,755.95,8755252
2021-06-22 09:35:21,756.25,8756150
2021-06-22 09:35:22,755.75,8759166
2021-06-22 09:35:23,756.0,8759975
2021-06-22 09:35:24,756.0,8761150
2021-06-22 09:35:26,756.0,8764491
2021-06-22 09:35:27,756.25,8765910
2021-06-22 09:35:28,755.75,8766976
2021-06-22 09:35:29,756.2,8768813
2021-06-22 09:35:29,756.0,8768989
2021-06-22 09:35:30,755.7,8772217
2021-06-22 09:35:31,755.7,8772528
2021-06-22 09:35:32,756.0,8773636
2021-06-22 09:35:33,756.35,8781056
2021-06-22 09:35:34,756.35,8781741
2021-06-22 09:35:37,756.8,8791090
2021-06-22 09:35:38,756.95,8798310
2021-06-22 09:35:38,756.65,8805026
2021-06-22 09:35:39,757.35,8845047
2021-06-22 09:35:40,757.4,8850614
2021-06-22 09:35:41,757.3,8857207
2021-06-22 09:35:42,757.05,8861127
2021-06-22 09:35:43,757.4,8864653
2021-06-22 09:35:44,758.0,8945988
2021-06-22 09:35:45,757.7,8968354
2021-06-22 09:35:46,758.15,8974693
2021-06-22 09:35:47,758.4,8980939
2021-06-22 09:35:48,758.4,8989984
2021-06-22 09:35:49,758.65,8999388
2021-06-22 09:35:50,758.55,9006355
2021-06-22 09:35:51,759.0,9061519
2021-06-22 09:35:52,758.95,9074857
2021-06-22 09:35:53,759.05,9085417
2021-06-22 09:35:54,759.0,9093918
2021-06-22 09:35:55,759.1,9101262
2021-06-22 09:35:56,759.25,9106270
2021-06-22 09:35:58,758.85,9127298
2021-06-22 09:35:59,759.25,9131056
2021-06-22 09:36:00,758.45,9134215
2021-06-22 09:36:00,758.75,9134597
2021-06-22 09:36:03,758.15,9145879
2021-06-22 09:36:04,758.75,9154690
2021-06-22 09:36:05,758.8,9158533
2021-06-22 09:36:06,758.4,9163868
2021-06-22 09:36:07,758.6,9167718
2021-06-22 09:36:08,758.6,9174409
2021-06-22 09:36:09,758.4,9175651
2021-06-22 09:36:10,758.45,9179699
2021-06-22 09:36:11,758.05,9183603
2021-06-22 09:36:13,758.05,9189102
2021-06-22 09:36:14,758.25,9190194
2021-06-22 09:36:14,757.7,9198823
2021-06-22 09:36:15,757.75,9200554
2021-06-22 09:36:16,758.3,9206892
2021-06-22 09:36:17,758.45,9213476
2021-06-22 09:36:18,758.15,9218571
2021-06-22 09:36:19,758.0,9224874
2021-06-22 09:36:20,758.35,9227111
2021-06-22 09:36:21,758.1,9233409
2021-06-22 09:36:22,758.5,9236655
2021-06-22 09:36:24,758.4,9241708
2021-06-22 09:36:25,758.4,9243782
2021-06-22 09:36:26,758.35,9248390
2021-06-22 09:36:27,758.05,9250040
2021-06-22 09:36:28,758.35,9250949
2021-06-22 09:36:29,758.1,9257266
2021-06-22 09:36:30,758.15,9260419
2021-06-22 09:36:32,758.3,9262647
2021-06-22 09:36:33,758.35,9267024
2021-06-22 09:36:35,757.6,9281685
2021-06-22 09:36:35,757.4,9279851
2021-06-22 09:36:36,757.5,9284142
2021-06-22 09:36:37,757.6,9285794
2021-06-22 09:36:38,757.8,9291916
2021-06-22 09:36:39,757.55,9293931
2021-06-22 09:36:40,758.3,9305174
2021-06-22 09:36:41,758.3,9306612
2021-06-22 09:36:42,758.05,9308350
2021-06-22 09:36:43,758.15,9312361
2021-06-22 09:36:44,758.1,9314749
2021-06-22 09:36:45,758.1,9315856
2021-06-22 09:36:46,758.15,9318450
2021-06-22 09:36:47,758.2,9321150
2021-06-22 09:36:49,758.2,9327243
2021-06-22 09:36:50,758.2,9329842
2021-06-22 09:36:51,758.2,9330899
2021-06-22 09:36:52,758.2,9333083
2021-06-22 09:36:53,758.05,9336606
2021-06-22 09:36:54,758.35,9341463
2021-06-22 09:36:55,758.25,9342748
2021-06-22 09:36:57,758.05,9343847
2021-06-22 09:36:58,758.35,9344785
2021-06-22 09:36:59,758.15,9350446
2021-06-22 09:37:00,758.25,9354609
2021-06-22 09:37:01,758.05,9356392
2021-06-22 09:37:02,757.85,9357998
2021-06-22 09:37:03,757.95,9359415
2021-06-22 09:37:04,757.6,9359833
2021-06-22 09:37:05,757.65,9362252
2021-06-22 09:37:05,757.95,9362353
2021-06-22 09:37:06,757.5,9363513
2021-06-22 09:37:07,757.6,9364809
2021-06-22 09:37:08,757.6,9365819
2021-06-22 09:37:09,757.5,9366391
2021-06-22 09:37:10,757.5,9374104
2021-06-22 09:37:11,757.6,9374791
2021-06-22 09:37:12,757.6,9376872
2021-06-22 09:37:13,757.25,9377352
2021-06-22 09:37:14,757.15,9380017
2021-06-22 09:37:15,757.35,9383508
2021-06-22 09:37:16,757.6,9388644
2021-06-22 09:37:17,756.5,9405111
2021-06-22 09:37:18,756.95,9406333
2021-06-22 09:37:19,756.75,9410663
2021-06-22 09:37:20,756.95,9413182
2021-06-22 09:37:21,756.6,9415437
2021-06-22 09:37:22,757.25,9417749
2021-06-22 09:37:23,757.15,9419304
2021-06-22 09:37:25,757.5,9421182
2021-06-22 09:37:27,756.7,9429662
2021-06-22 09:37:28,757.0,9431612
2021-06-22 09:37:29,757.0,9432864
2021-06-22 09:37:30,757.0,9434338
2021-06-22 09:37:31,757.2,9436921
2021-06-22 09:37:32,757.5,9437466
2021-06-22 09:37:32,757.25,9437471
2021-06-22 09:37:33,757.5,9438346
2021-06-22 09:37:34,757.3,9438841
2021-06-22 09:37:35,757.1,9441195
2021-06-22 09:37:36,757.05,9441587
2021-06-22 09:37:37,757.0,9442187
2021-06-22 09:37:38,757.45,9442629
2021-06-22 09:37:41,757.3,9445473
2021-06-22 09:37:42,757.2,9446344
2021-06-22 09:37:43,757.45,9447004
2021-06-22 09:37:44,757.45,9447358
2021-06-22 09:37:45,757.5,9449089
2021-06-22 09:37:46,757.5,9450463
2021-06-22 09:37:46,757.2,9451283
2021-06-22 09:37:47,757.5,9453501
2021-06-22 09:37:48,757.8,9454238
2021-06-22 09:37:49,757.5,9456019
2021-06-22 09:37:51,757.9,9461447
2021-06-22 09:37:53,757.55,9463064
2021-06-22 09:37:54,758.0,9465605
2021-06-22 09:37:56,757.5,9467203
2021-06-22 09:37:57,757.95,9469139
2021-06-22 09:37:58,757.75,9480053
2021-06-22 09:37:59,757.65,9483271
2021-06-22 09:38:00,757.55,9484290
2021-06-22 09:38:01,757.85,9484583
2021-06-22 09:38:02,757.85,9485611
2021-06-22 09:38:04,757.5,9490789
2021-06-22 09:38:05,757.5,9493688
2021-06-22 09:38:06,757.5,9494135
2021-06-22 09:38:07,757.6,9494965
2021-06-22 09:38:08,757.8,9497611
2021-06-22 09:38:09,757.5,9499088
2021-06-22 09:38:10,757.7,9499637
2021-06-22 09:38:11,757.9,9501034
2021-06-22 09:38:12,757.85,9502865
2021-06-22 09:38:13,757.7,9513116
2021-06-22 09:38:13,757.55,9513356
2021-06-22 09:38:14,757.85,9515630
2021-06-22 09:38:15,757.55,9516282
2021-06-22 09:38:16,757.6,9517194
2021-06-22 09:38:17,758.0,9518827
2021-06-22 09:38:18,757.95,9521536
2021-06-22 09:38:19,757.9,9523847
2021-06-22 09:38:20,758.0,9526612
2021-06-22 09:38:21,757.55,9528728
2021-06-22 09:38:24,757.8,9544014
2021-06-22 09:38:30,757.5,9565569
2021-06-22 09:38:31,757.8,9569339
2021-06-22 09:38:32,757.6,9571157
2021-06-22 09:38:35,757.4,9575024
2021-06-22 09:38:36,757.1,9578609
2021-06-22 09:38:37,757.5,9594332
2021-06-22 09:38:38,757.3,9594761
2021-06-22 09:38:39,757.3,9596319
2021-06-22 09:38:40,757.8,9598204
2021-06-22 09:38:41,757.9,9600990
2021-06-22 09:38:42,757.45,9601631
2021-06-22 09:38:44,757.85,9603985
2021-06-22 09:38:45,757.15,9604674
2021-06-22 09:38:46,757.45,9605175
2021-06-22 09:38:47,757.05,9608789
2021-06-22 09:38:47,757.45,9605689
2021-06-22 09:38:48,757.4,9609669
2021-06-22 09:38:49,757.35,9610926
2021-06-22 09:38:50,757.6,9612933
2021-06-22 09:38:51,757.25,9613538
2021-06-22 09:38:52,757.3,9614989
2021-06-22 09:38:53,757.8,9627549
2021-06-22 09:38:55,757.3,9628293
2021-06-22 09:38:56,757.25,9629129
2021-06-22 09:38:57,757.2,9630632
2021-06-22 09:38:58,757.1,9631443
2021-06-22 09:38:59,756.8,9652040
2021-06-22 09:39:00,757.0,9653160
2021-06-22 09:39:01,757.15,9653519
2021-06-22 09:39:02,757.0,9654205
2021-06-22 09:39:04,756.85,9655406
2021-06-22 09:39:05,757.1,9671346
2021-06-22 09:39:06,757.0,9671532
2021-06-22 09:39:07,757.15,9672272
2021-06-22 09:39:08,757.35,9674114
2021-06-22 09:39:09,756.85,9676826
2021-06-22 09:39:10,757.25,9678628
2021-06-22 09:39:11,757.35,9678768
2021-06-22 09:39:12,757.05,9679397
2021-06-22 09:39:13,757.2,9679880
2021-06-22 09:39:14,757.05,9680180
2021-06-22 09:39:15,757.25,9680414
2021-06-22 09:39:16,757.25,9691271
2021-06-22 09:39:17,757.15,9691700
2021-06-22 09:39:18,757.35,9692405
2021-06-22 09:39:18,757.15,9692684
2021-06-22 09:39:19,757.35,9693379
2021-06-22 09:39:20,757.25,9694597
2021-06-22 09:39:21,757.2,9696525
2021-06-22 09:39:22,757.2,9696664
2021-06-22 09:39:23,757.15,9699655
2021-06-22 09:39:24,757.1,9700364
2021-06-22 09:39:25,756.8,9704616
2021-06-22 09:39:27,757.15,9709173
2021-06-22 09:39:28,757.0,9709956
2021-06-22 09:39:29,757.3,9712150
2021-06-22 09:39:30,757.3,9712493
2021-06-22 09:39:33,757.3,9718028
2021-06-22 09:39:35,757.1,9723647
2021-06-22 09:39:37,757.4,9728179
2021-06-22 09:39:38,757.35,9728767
2021-06-22 09:39:38,757.5,9729190
2021-06-22 09:39:40,757.3,9730073
2021-06-22 09:39:41,757.05,9731414
2021-06-22 09:39:42,757.0,9732876
2021-06-22 09:39:43,757.4,9733440
2021-06-22 09:39:44,757.5,9733887
2021-06-22 09:39:45,757.5,9734012
2021-06-22 09:39:46,757.7,9739044
2021-06-22 09:39:47,757.5,9739739
2021-06-22 09:39:47,757.5,9739741
2021-06-22 09:39:48,757.25,9740705
2021-06-22 09:39:50,757.8,9742183
2021-06-22 09:39:51,757.8,9744270
2021-06-22 09:39:52,757.4,9744687
2021-06-22 09:39:53,757.35,9745785
2021-06-22 09:39:53,757.5,9745806
2021-06-22 09:39:54,757.5,9746614
2021-06-22 09:39:56,757.35,9747422
2021-06-22 09:39:57,757.4,9748969
2021-06-22 09:39:58,757.5,9749963
2021-06-22 09:39:59,757.5,9751097
2021-06-22 09:40:00,757.35,9751338
2021-06-22 09:40:01,757.3,9755857
2021-06-22 09:40:02,757.4,9756707
2021-06-22 09:40:03,757.3,9758713
2021-06-22 09:40:04,757.4,9759312
2021-06-22 09:40:05,756.55,9783348
2021-06-22 09:40:06,756.6,9789686
2021-06-22 09:40:07,756.7,9790393
2021-06-22 09:40:08,757.0,9791193
2021-06-22 09:40:09,757.1,9793032
2021-06-22 09:40:10,757.15,9793638
2021-06-22 09:40:11,756.75,9795451
2021-06-22 09:40:12,757.25,9797406
2021-06-22 09:40:13,756.9,9799044
2021-06-22 09:40:14,756.7,9800156
2021-06-22 09:40:15,756.5,9801317
2021-06-22 09:40:16,756.5,9802296
2021-06-22 09:40:17,756.4,9840169
2021-06-22 09:40:18,756.45,9842821
2021-06-22 09:40:19,756.0,9849110
2021-06-22 09:40:20,756.0,9850872
2021-06-22 09:40:22,756.0,9865377
2021-06-22 09:40:23,756.0,9868418
2021-06-22 09:40:24,755.9,9880159
2021-06-22 09:40:25,756.0,9883640
2021-06-22 09:40:26,756.2,9883810
2021-06-22 09:40:27,756.0,9884671
2021-06-22 09:40:29,756.5,9887862
2021-06-22 09:40:30,756.2,9889433
2021-06-22 09:40:31,756.1,9890072
2021-06-22 09:40:32,756.4,9891065
2021-06-22 09:40:33,756.05,9891700
2021-06-22 09:40:34,756.35,9892168
2021-06-22 09:40:34,756.35,9892291
2021-06-22 09:40:35,756.3,9894267
2021-06-22 09:40:37,756.35,9894578
2021-06-22 09:40:38,756.4,9895846
2021-06-22 09:40:39,756.15,9896644
2021-06-22 09:40:40,756.15,9896971
2021-06-22 09:40:41,756.5,9900227
2021-06-22 09:40:42,756.85,9902291
2021-06-22 09:40:43,756.95,9904054
2021-06-22 09:40:45,756.6,9905415
2021-06-22 09:40:47,756.6,9906704
2021-06-22 09:40:48,756.9,9907024
2021-06-22 09:40:49,756.6,9907613
2021-06-22 09:40:50,756.9,9907839
2021-06-22 09:40:51,757.0,9909405
2021-06-22 09:40:52,756.6,9910295
2021-06-22 09:40:53,756.9,9911681
2021-06-22 09:40:54,756.65,9912891
2021-06-22 09:40:55,756.65,9914270
2021-06-22 09:40:56,757.0,9915212
2021-06-22 09:40:57,756.7,9916026
2021-06-22 09:40:58,756.9,9916169
2021-06-22 09:40:59,756.65,9916729
2021-06-22 09:40:59,756.65,9916729
2021-06-22 09:41:00,757.0,9917322
2021-06-22 09:41:01,757.0,9918398
2021-06-22 09:41:03,756.5,9921175
2021-06-22 09:41:04,756.55,9925551
2021-06-22 09:41:05,756.75,9927199
2021-06-22 09:41:06,756.75,9929192
2021-06-22 09:41:07,756.5,9930012
2021-06-22 09:41:08,756.8,9930206
2021-06-22 09:41:09,756.8,9931191
2021-06-22 09:41:10,756.95,9932248
2021-06-22 09:41:11,756.95,9932616
2021-06-22 09:41:11,756.95,9932626
2021-06-22 09:41:13,756.8,9932693
2021-06-22 09:41:14,757.0,9933635
2021-06-22 09:41:15,757.0,9934951
2021-06-22 09:41:16,756.6,9935318
2021-06-22 09:41:16,756.8,9935518
2021-06-22 09:41:17,756.8,9935909
2021-06-22 09:41:18,756.65,9936014
2021-06-22 09:41:20,756.5,9941311
2021-06-22 09:41:21,756.85,9941872
2021-06-22 09:41:22,756.9,9942189
2021-06-22 09:41:23,756.9,9946126
2021-06-22 09:41:24,757.0,9947095
2021-06-22 09:41:24,757.0,9947196
2021-06-22 09:41:26,756.65,9947602
2021-06-22 09:41:27,756.55,9950193
2021-06-22 09:41:28,756.75,9952969
2021-06-22 09:41:29,756.8,9954703
2021-06-22 09:41:30,756.9,9957201
2021-06-22 09:41:31,756.55,9958282
2021-06-22 09:41:32,756.8,9960384
2021-06-22 09:41:33,756.45,9966932
2021-06-22 09:41:35,756.2,9968439
2021-06-22 09:41:36,756.15,9968775
2021-06-22 09:41:37,756.55,9969858
2021-06-22 09:41:39,756.7,9971671
2021-06-22 09:41:38,756.7,9971665
2021-06-22 09:41:40,756.2,9972884
2021-06-22 09:41:41,756.45,9973777
2021-06-22 09:41:42,756.6,9974308
2021-06-22 09:41:43,756.25,9975440
2021-06-22 09:41:44,756.45,9975868
2021-06-22 09:41:45,756.45,9976053
2021-06-22 09:41:46,756.4,9977119
2021-06-22 09:41:47,756.2,9978874
2021-06-22 09:41:49,756.2,9980617
2021-06-22 09:41:50,756.2,9980934
2021-06-22 09:41:51,756.6,9983673
2021-06-22 09:41:52,756.25,9984579
2021-06-22 09:41:53,756.55,9984649
2021-06-22 09:41:54,756.65,9985874
2021-06-22 09:41:55,756.5,9986574
2021-06-22 09:41:58,756.55,9987454
2021-06-22 09:41:59,756.1,9990328
2021-06-22 09:42:00,756.4,9990877
2021-06-22 09:42:01,755.8,10011119
2021-06-22 09:42:02,756.1,10014071
2021-06-22 09:42:03,756.05,10014080
2021-06-22 09:42:04,756.05,10014941
2021-06-22 09:42:05,755.5,10020429
2021-06-22 09:42:06,755.05,10059439
2021-06-22 09:42:07,755.25,10062114
2021-06-22 09:42:08,755.2,10063391
2021-06-22 09:42:09,755.15,10063452
2021-06-22 09:42:10,755.35,10064317
2021-06-22 09:42:11,754.8,10094748
2021-06-22 09:42:12,754.55,10100229
2021-06-22 09:42:13,754.75,10106617
2021-06-22 09:42:14,754.5,10110063
2021-06-22 09:42:15,754.85,10110263
2021-06-22 09:42:16,754.5,10112641
2021-06-22 09:42:17,754.45,10117658
2021-06-22 09:42:18,754.95,10118497
2021-06-22 09:42:19,754.75,10121289
2021-06-22 09:42:21,754.75,10125836
2021-06-22 09:42:20,754.75,10125820
2021-06-22 09:42:22,754.85,10126384
2021-06-22 09:42:23,754.85,10127369
2021-06-22 09:42:24,754.9,10128257
2021-06-22 09:42:25,755.0,10131536
2021-06-22 09:42:26,755.0,10134019
2021-06-22 09:42:27,755.1,10134923
2021-06-22 09:42:28,755.4,10135250
2021-06-22 09:42:29,755.4,10136329
2021-06-22 09:42:31,755.1,10138139
2021-06-22 09:42:32,755.4,10140184
2021-06-22 09:42:33,755.4,10140303
2021-06-22 09:42:35,755.0,10146780
2021-06-22 09:42:34,755.25,10146730
2021-06-22 09:42:36,755.0,10148539
2021-06-22 09:42:37,754.75,10150387
2021-06-22 09:42:38,755.0,10151852
2021-06-22 09:42:39,755.05,10154159
2021-06-22 09:42:40,755.05,10155484
2021-06-22 09:42:41,755.4,10155500
2021-06-22 09:42:42,755.0,10156163
2021-06-22 09:42:43,755.0,10156872
2021-06-22 09:42:44,755.0,10157442
2021-06-22 09:42:45,755.05,10158015
2021-06-22 09:42:46,755.05,10159243
2021-06-22 09:42:47,755.25,10159282
2021-06-22 09:42:48,755.2,10159571
2021-06-22 09:42:49,755.25,10160242
2021-06-22 09:42:51,755.0,10162597
2021-06-22 09:42:52,755.0,10163137
2021-06-22 09:42:53,754.9,10165467
2021-06-22 09:42:54,755.25,10167431
2021-06-22 09:42:55,755.0,10169883
2021-06-22 09:42:56,755.0,10170862
2021-06-22 09:42:57,755.05,10171751
2021-06-22 09:42:59,754.95,10177898
2021-06-22 09:43:00,754.85,10181007
2021-06-22 09:43:01,754.55,10183291
2021-06-22 09:43:02,754.6,10183352
2021-06-22 09:43:03,754.9,10183458
2021-06-22 09:43:05,754.6,10188386
2021-06-22 09:43:06,754.5,10195314
2021-06-22 09:43:07,754.5,10197140
2021-06-22 09:43:08,754.8,10197447
2021-06-22 09:43:09,754.55,10202137
2021-06-22 09:43:10,754.6,10203407
2021-06-22 09:43:11,754.7,10205947
2021-06-22 09:43:12,754.7,10206885
2021-06-22 09:43:13,754.7,10208766
2021-06-22 09:43:14,754.45,10212170
2021-06-22 09:43:15,754.5,10213065
2021-06-22 09:43:16,754.75,10213070
2021-06-22 09:43:17,754.15,10232471
2021-06-22 09:43:18,754.0,10271539
2021-06-22 09:43:19,753.8,10273846
2021-06-22 09:43:20,754.4,10281873
2021-06-22 09:43:21,754.0,10288764
2021-06-22 09:43:22,753.7,10291469
2021-06-22 09:43:23,754.4,10293071
2021-06-22 09:43:24,754.05,10296549
2021-06-22 09:43:25,754.05,10298210
2021-06-22 09:43:26,754.05,10301105
2021-06-22 09:43:27,754.05,10312683
2021-06-22 09:43:28,754.0,10324387
2021-06-22 09:43:29,754.0,10324492
2021-06-22 09:43:30,754.0,10326161
2021-06-22 09:43:31,753.7,10328737
2021-06-22 09:43:32,753.65,10329497
2021-06-22 09:43:33,753.7,10332164
2021-06-22 09:43:35,753.9,10338916
2021-06-22 09:43:34,754.05,10335746
2021-06-22 09:43:36,754.2,10341060
2021-06-22 09:43:37,754.1,10342566
2021-06-22 09:43:38,754.05,10344539
2021-06-22 09:43:39,754.0,10345816
2021-06-22 09:43:40,754.55,10347535
2021-06-22 09:43:42,754.45,10349009
2021-06-22 09:43:43,754.2,10368659
2021-06-22 09:43:44,754.2,10368951
2021-06-22 09:43:45,754.1,10371562
2021-06-22 09:43:47,754.4,10383341
2021-06-22 09:43:48,754.6,10386347
2021-06-22 09:43:49,754.2,10390071
2021-06-22 09:43:50,754.2,10390795
2021-06-22 09:43:51,754.15,10393084
2021-06-22 09:43:53,754.55,10395790
2021-06-22 09:43:53,754.2,10395492
2021-06-22 09:43:54,754.25,10396174
2021-06-22 09:43:55,754.1,10398061
2021-06-22 09:43:56,754.1,10399914
2021-06-22 09:43:59,754.15,10403517
2021-06-22 09:44:00,754.6,10405369
2021-06-22 09:44:01,754.2,10406397
2021-06-22 09:44:04,754.15,10407236
2021-06-22 09:44:04,754.45,10407276
2021-06-22 09:44:05,754.25,10408674
2021-06-22 09:44:06,754.1,10409529
2021-06-22 09:44:08,754.15,10411127
2021-06-22 09:44:10,754.25,10413198
2021-06-22 09:44:11,754.15,10416477
2021-06-22 09:44:12,754.15,10418476
2021-06-22 09:44:13,754.6,10419758
2021-06-22 09:44:14,754.6,10423510
2021-06-22 09:44:15,754.9,10423981
2021-06-22 09:44:16,754.5,10426504
2021-06-22 09:44:17,754.6,10429608
2021-06-22 09:44:18,754.9,10432286
2021-06-22 09:44:19,754.85,10432691
2021-06-22 09:44:21,754.55,10434329
2021-06-22 09:44:23,754.75,10442695
2021-06-22 09:44:24,754.75,10442939
2021-06-22 09:44:25,754.45,10445253
2021-06-22 09:44:27,754.7,10446835
2021-06-22 09:44:28,754.8,10448302
2021-06-22 09:44:29,754.7,10449512
2021-06-22 09:44:30,754.5,10452192
2021-06-22 09:44:31,754.65,10452834
2021-06-22 09:44:33,754.8,10454501
2021-06-22 09:44:33,754.8,10454580
2021-06-22 09:44:34,754.55,10455714
2021-06-22 09:44:35,754.8,10456421
2021-06-22 09:44:36,754.65,10457717
2021-06-22 09:44:38,754.9,10458725
2021-06-22 09:44:39,754.85,10458825
2021-06-22 09:44:40,754.65,10459625
2021-06-22 09:44:42,754.9,10459896
2021-06-22 09:44:43,754.8,10463261
2021-06-22 09:44:44,754.85,10463901
2021-06-22 09:44:44,754.65,10463953
2021-06-22 09:44:45,754.4,10475900
2021-06-22 09:44:46,754.8,10476659
2021-06-22 09:44:47,754.5,10477713
2021-06-22 09:44:48,754.5,10478773
2021-06-22 09:44:49,754.9,10480122
2021-06-22 09:44:51,754.85,10481334
2021-06-22 09:44:51,754.85,10481354
2021-06-22 09:44:52,754.9,10482269
2021-06-22 09:44:53,754.85,10483802
2021-06-22 09:44:54,754.55,10485273
2021-06-22 09:44:55,754.75,10485675
2021-06-22 09:44:56,754.85,10486995
2021-06-22 09:44:57,754.65,10488219
2021-06-22 09:44:59,754.85,10488958
2021-06-22 09:44:59,754.5,10489463
2021-06-22 09:45:00,754.85,10490103
2021-06-22 09:45:01,754.8,10491197
2021-06-22 09:45:02,754.85,10492419
2021-06-22 09:45:04,754.65,10492867
2021-06-22 09:45:07,754.55,10500867
2021-06-22 09:45:08,754.55,10502118
2021-06-22 09:45:09,754.6,10502249
2021-06-22 09:45:11,754.65,10502568
2021-06-22 09:45:11,754.65,10502717
2021-06-22 09:45:12,754.6,10502935
2021-06-22 09:45:13,754.55,10503175
2021-06-22 09:45:14,754.55,10504524
2021-06-22 09:45:15,754.6,10505118
2021-06-22 09:45:17,754.8,10507244
2021-06-22 09:45:17,754.6,10508681
2021-06-22 09:45:18,754.7,10508977
2021-06-22 09:45:19,754.65,10512189
2021-06-22 09:45:20,754.95,10513829
2021-06-22 09:45:21,754.7,10518865
2021-06-22 09:45:22,754.75,10519596
2021-06-22 09:45:23,755.0,10520235
2021-06-22 09:45:25,754.5,10540629
2021-06-22 09:45:26,754.55,10546748
2021-06-22 09:45:27,754.6,10548090
2021-06-22 09:45:27,754.8,10548165
2021-06-22 09:45:28,754.5,10550613
2021-06-22 09:45:29,754.95,10552394
2021-06-22 09:45:30,754.65,10553195
2021-06-22 09:45:31,754.65,10553991
2021-06-22 09:45:32,754.65,10555494
2021-06-22 09:45:33,754.8,10556392
2021-06-22 09:45:34,754.6,10556729
2021-06-22 09:45:35,754.85,10557221
2021-06-22 09:45:37,754.55,10558528
2021-06-22 09:45:37,755.0,10558831
2021-06-22 09:45:38,754.9,10559172
2021-06-22 09:45:39,754.95,10559853
2021-06-22 09:45:41,754.9,10560877
2021-06-22 09:45:42,754.85,10560926
2021-06-22 09:45:43,754.65,10562431
2021-06-22 09:45:44,755.0,10564413
2021-06-22 09:45:45,755.0,10565618
2021-06-22 09:45:46,755.0,10567982
2021-06-22 09:45:47,755.0,10568241
2021-06-22 09:45:48,754.65,10568937
2021-06-22 09:45:49,754.85,10569701
2021-06-22 09:45:51,754.5,10570516
2021-06-22 09:45:52,754.75,10571196
2021-06-22 09:45:53,754.75,10571713
2021-06-22 09:45:53,754.5,10571665
2021-06-22 09:45:54,754.95,10573053
2021-06-22 09:45:55,754.55,10575772
2021-06-22 09:45:56,754.95,10576639
2021-06-22 09:45:57,754.6,10579162
2021-06-22 09:45:58,754.55,10579699
2021-06-22 09:45:59,754.75,10580649
2021-06-22 09:46:01,754.5,10588885
2021-06-22 09:46:03,754.75,10591384
2021-06-22 09:46:04,754.35,10592216
2021-06-22 09:46:05,754.8,10594110
2021-06-22 09:46:06,754.85,10595225
2021-06-22 09:46:07,754.9,10595661
2021-06-22 09:46:07,754.9,10595676
2021-06-22 09:46:08,754.75,10596324
2021-06-22 09:46:09,754.9,10596527
2021-06-22 09:46:10,754.85,10596705
2021-06-22 09:46:11,754.55,10600355
2021-06-22 09:46:13,754.55,10600729
2021-06-22 09:46:14,754.9,10601304
2021-06-22 09:46:14,754.9,10601310
2021-06-22 09:46:15,754.6,10601477
2021-06-22 09:46:17,754.9,10602309
2021-06-22 09:46:18,754.95,10604444
2021-06-22 09:46:20,754.95,10605723
2021-06-22 09:46:21,754.65,10606794
2021-06-22 09:46:21,754.65,10606834
2021-06-22 09:46:22,754.9,10607156
2021-06-22 09:46:23,754.6,10607698
2021-06-22 09:46:24,754.55,10608070
2021-06-22 09:46:25,754.9,10608613
2021-06-22 09:46:28,754.5,10609760
2021-06-22 09:46:29,754.5,10617118
2021-06-22 09:46:29,754.35,10617113
2021-06-22 09:46:30,754.6,10617837
2021-06-22 09:46:31,754.8,10618843
2021-06-22 09:46:32,754.8,10618977
2021-06-22 09:46:33,754.75,10619585
2021-06-22 09:46:34,754.6,10619682
2021-06-22 09:46:36,754.9,10621345
2021-06-22 09:46:37,754.7,10621484
2021-06-22 09:46:37,754.9,10621479
2021-06-22 09:46:38,754.55,10622631
2021-06-22 09:46:39,754.8,10622675
2021-06-22 09:46:40,754.9,10623017
2021-06-22 09:46:41,754.95,10634155
2021-06-22 09:46:42,754.95,10634774
2021-06-22 09:46:45,754.9,10639086
2021-06-22 09:46:45,754.9,10639086
2021-06-22 09:46:46,754.85,10641695
2021-06-22 09:46:47,755.0,10642036
2021-06-22 09:46:49,755.0,10654595
2021-06-22 09:46:50,755.15,10656675
2021-06-22 09:46:50,755.0,10656709
2021-06-22 09:46:51,755.05,10660565
2021-06-22 09:46:53,755.45,10664413
2021-06-22 09:46:55,755.35,10665367
2021-06-22 09:46:56,755.35,10666337
2021-06-22 09:46:56,755.35,10666337
2021-06-22 09:46:57,755.35,10666517
2021-06-22 09:46:58,755.4,10666944
2021-06-22 09:47:00,755.4,10668839
2021-06-22 09:47:01,755.2,10670375
2021-06-22 09:47:01,755.5,10670223
2021-06-22 09:47:02,755.55,10673662
2021-06-22 09:47:03,755.15,10676272
2021-06-22 09:47:04,755.2,10676704
2021-06-22 09:47:05,755.3,10678273
2021-06-22 09:47:06,755.55,10679782
2021-06-22 09:47:07,755.6,10681386
2021-06-22 09:47:09,755.2,10682705
2021-06-22 09:47:10,755.4,10683865
2021-06-22 09:47:10,755.4,10683893
2021-06-22 09:47:11,755.2,10686011
2021-06-22 09:47:12,755.55,10686506
2021-06-22 09:47:13,755.6,10687905
2021-06-22 09:47:15,755.5,10690756
2021-06-22 09:47:16,755.5,10691234
2021-06-22 09:47:17,755.65,10692613
2021-06-22 09:47:18,755.35,10693591
2021-06-22 09:47:20,755.35,10693959
2021-06-22 09:47:21,755.75,10694760
2021-06-22 09:47:22,755.4,10695143
2021-06-22 09:47:22,755.7,10696243
2021-06-22 09:47:23,755.5,10697927
2021-06-22 09:47:24,755.6,10698176
2021-06-22 09:47:25,755.7,10699264
2021-06-22 09:47:26,755.7,10702311
2021-06-22 09:47:27,755.7,10703355
2021-06-22 09:47:29,755.85,10704190
2021-06-22 09:47:30,755.7,10704486
2021-06-22 09:47:31,755.5,10705194
2021-06-22 09:47:32,755.65,10707070
2021-06-22 09:47:32,755.7,10706973
2021-06-22 09:47:33,755.5,10707860
2021-06-22 09:47:35,755.65,10708810
2021-06-22 09:47:37,755.25,10710314
2021-06-22 09:47:38,755.65,10710610
2021-06-22 09:47:38,755.6,10710612
2021-06-22 09:47:39,755.7,10712859
2021-06-22 09:47:40,755.5,10713685
2021-06-22 09:47:41,755.6,10744483
2021-06-22 09:47:42,755.95,10744739
2021-06-22 09:47:43,755.95,10745423
2021-06-22 09:47:44,755.8,10747006
2021-06-22 09:47:46,755.8,10750270
2021-06-22 09:47:47,756.05,10750849
2021-06-22 09:47:48,755.7,10751984
2021-06-22 09:47:48,755.7,10751989
2021-06-22 09:47:49,755.7,10752820
2021-06-22 09:47:50,755.95,10754329
2021-06-22 09:47:52,755.7,10754940
2021-06-22 09:47:53,756.0,10755526
2021-06-22 09:47:54,755.7,10756178
2021-06-22 09:47:55,755.7,10756843
2021-06-22 09:47:56,755.95,10757361
2021-06-22 09:47:57,755.65,10758903
2021-06-22 09:47:57,756.0,10759009
2021-06-22 09:47:59,755.85,10761528
2021-06-22 09:48:01,756.25,10762609
2021-06-22 09:48:02,756.1,10765220
2021-06-22 09:48:05,755.9,10766516
2021-06-22 09:48:06,756.0,10768194
2021-06-22 09:48:07,756.0,10768759
2021-06-22 09:48:08,756.0,10769999
2021-06-22 09:48:08,756.0,10770000
2021-06-22 09:48:09,755.9,10772247
2021-06-22 09:48:12,755.95,10774067
2021-06-22 09:48:13,756.0,10776191
2021-06-22 09:48:14,755.9,10781241
2021-06-22 09:48:14,755.65,10781242
2021-06-22 09:48:15,755.8,10781926
2021-06-22 09:48:16,755.7,10781996
2021-06-22 09:48:18,755.95,10785670
2021-06-22 09:48:19,756.0,10786124
2021-06-22 09:48:20,756.0,10786818
2021-06-22 09:48:20,756.0,10786853
2021-06-22 09:48:21,756.0,10788497
2021-06-22 09:48:22,756.0,10788978
2021-06-22 09:48:24,755.75,10791590
2021-06-22 09:48:26,755.95,10793122
2021-06-22 09:48:27,756.0,10793565
2021-06-22 09:48:28,755.8,10793853
2021-06-22 09:48:29,756.0,10794427
2021-06-22 09:48:30,755.9,10799535
2021-06-22 09:48:30,755.8,10799670
2021-06-22 09:48:31,756.0,10801148
2021-06-22 09:48:32,756.0,10801776
2021-06-22 09:48:33,755.9,10802126
2021-06-22 09:48:34,755.95,10802455
2021-06-22 09:48:37,755.4,10816983
2021-06-22 09:48:38,755.5,10817457
2021-06-22 09:48:38,755.5,10817517
2021-06-22 09:48:39,755.45,10817728
2021-06-22 09:48:41,755.45,10819461
2021-06-22 09:48:42,755.45,10819728
2021-06-22 09:48:43,755.35,10821482
2021-06-22 09:48:43,755.1,10823079
2021-06-22 09:48:44,755.0,10823809
2021-06-22 09:48:47,755.4,10829634
2021-06-22 09:48:48,755.0,10831234
2021-06-22 09:48:49,755.35,10834453
2021-06-22 09:48:49,755.0,10834473
2021-06-22 09:48:50,755.3,10838032
2021-06-22 09:48:51,755.1,10839398
2021-06-22 09:48:52,755.05,10842068
2021-06-22 09:48:53,755.4,10842512
2021-06-22 09:48:55,755.5,10847633
2021-06-22 09:48:57,755.3,10852061
2021-06-22 09:48:57,755.7,10852191
2021-06-22 09:48:58,755.7,10853038
2021-06-22 09:48:59,755.7,10853958
2021-06-22 09:49:00,755.4,10854487
2021-06-22 09:49:01,755.35,10855214
2021-06-22 09:49:03,755.35,10857537
2021-06-22 09:49:04,755.0,10868669
2021-06-22 09:49:05,755.5,10868866
2021-06-22 09:49:06,755.15,10869306
2021-06-22 09:49:07,755.35,10870480
2021-06-22 09:49:07,755.15,10870532
2021-06-22 09:49:08,755.15,10871163
2021-06-22 09:49:09,755.05,10872234
2021-06-22 09:49:11,755.3,10873079
2021-06-22 09:49:12,757.55,10994015
2021-06-22 09:49:13,757.55,10996784
2021-06-22 09:49:13,757.85,10996834
2021-06-22 09:49:14,757.55,10997729
2021-06-22 09:49:15,757.55,10998815
2021-06-22 09:49:17,757.55,11012851
2021-06-22 09:49:20,758.85,11160729
2021-06-22 09:49:20,759.0,11161977
2021-06-22 09:49:21,759.2,11241631
2021-06-22 09:49:22,759.8,11263667
2021-06-22 09:49:23,760.5,11495171
2021-06-22 09:49:24,760.5,11500247
2021-06-22 09:49:26,760.55,11519637
2021-06-22 09:49:27,760.8,11525381
2021-06-22 09:49:28,760.05,11533349
2021-06-22 09:49:29,759.5,11542111
2021-06-22 09:49:30,759.25,11548968
2021-06-22 09:49:32,759.4,11554689
2021-06-22 09:49:33,759.5,11559165
2021-06-22 09:49:34,759.45,11564200
2021-06-22 09:49:34,759.05,11565048
2021-06-22 09:49:35,759.1,11570176
2021-06-22 09:49:36,759.2,11573745
2021-06-22 09:49:38,759.1,11582177
2021-06-22 09:49:39,759.3,11586461
2021-06-22 09:49:40,759.4,11590228
2021-06-22 09:49:41,759.55,11597419
2021-06-22 09:49:41,759.55,11597537
2021-06-22 09:49:42,759.4,11599524
2021-06-22 09:49:43,759.45,11606702
2021-06-22 09:49:45,759.35,11610880
2021-06-22 09:49:46,759.4,11614994
2021-06-22 09:49:47,759.4,11620751
2021-06-22 09:49:48,759.5,11628270
2021-06-22 09:49:48,759.4,11628275
2021-06-22 09:49:49,758.9,11637756
2021-06-22 09:49:51,758.9,11641172
2021-06-22 09:49:52,758.95,11644754
2021-06-22 09:49:53,758.85,11650663
2021-06-22 09:49:53,758.4,11651115
2021-06-22 09:49:54,758.55,11654114
2021-06-22 09:49:55,758.8,11656551
2021-06-22 09:49:56,758.65,11662513
2021-06-22 09:49:58,758.8,11667455
2021-06-22 09:49:59,759.7,11691499
2021-06-22 09:50:00,759.8,11698228
2021-06-22 09:50:00,760.35,11710213
2021-06-22 09:50:01,760.25,11715287
2021-06-22 09:50:02,760.15,11719480
2021-06-22 09:50:04,760.5,11727389
2021-06-22 09:50:05,760.8,11731085
2021-06-22 09:50:06,761.0,11767660
2021-06-22 09:50:07,760.5,11784679
2021-06-22 09:50:07,760.1,11785895
2021-06-22 09:50:09,760.8,11794416
2021-06-22 09:50:10,760.5,11803910
2021-06-22 09:50:11,760.55,11820653
2021-06-22 09:50:12,760.75,11829556
2021-06-22 09:50:13,760.7,11834792
2021-06-22 09:50:14,760.35,11839437
2021-06-22 09:50:17,760.65,11852233
2021-06-22 09:50:18,760.6,11856186
2021-06-22 09:50:19,760.65,11863539
2021-06-22 09:50:20,761.0,11878572
2021-06-22 09:50:21,760.75,11887173
2021-06-22 09:50:22,761.3,11900745
2021-06-22 09:50:23,761.0,11908883
2021-06-22 09:50:24,761.1,11917162
2021-06-22 09:50:25,760.95,11923335
2021-06-22 09:50:26,760.9,11927012
2021-06-22 09:50:27,761.15,11931459
2021-06-22 09:50:28,761.0,11938856
2021-06-22 09:50:29,761.0,11941082
2021-06-22 09:50:30,761.0,11947055
2021-06-22 09:50:31,761.0,11950625
2021-06-22 09:50:33,761.15,11958329
2021-06-22 09:50:34,761.5,11964468
2021-06-22 09:50:34,761.05,11965224
2021-06-22 09:50:35,761.15,11968188
2021-06-22 09:50:37,761.35,11974871
2021-06-22 09:50:38,761.1,11978420
2021-06-22 09:50:39,760.8,11984166
2021-06-22 09:50:40,760.9,11988951
2021-06-22 09:50:41,760.65,11993641
2021-06-22 09:50:42,761.0,12000942
2021-06-22 09:50:42,761.0,12001477
2021-06-22 09:50:44,761.0,12009529
2021-06-22 09:50:47,760.4,12027845
2021-06-22 09:50:48,760.45,12031103
2021-06-22 09:50:49,760.55,12033957
2021-06-22 09:50:50,760.55,12035215
2021-06-22 09:50:50,760.5,12035513
2021-06-22 09:50:52,760.8,12038882
2021-06-22 09:50:53,760.9,12046541
2021-06-22 09:50:54,760.85,12050626
2021-06-22 09:50:55,760.15,12057810
2021-06-22 09:50:56,760.1,12060888
2021-06-22 09:50:56,760.15,12061227
2021-06-22 09:50:58,760.45,12063520
2021-06-22 09:50:59,759.85,12090361
2021-06-22 09:51:00,759.55,12091173
2021-06-22 09:51:01,760.0,12095251
2021-06-22 09:51:02,759.3,12107198
2021-06-22 09:51:03,759.45,12112127
2021-06-22 09:51:05,759.3,12120585
2021-06-22 09:51:05,759.3,12121237
2021-06-22 09:51:07,759.25,12127165
2021-06-22 09:51:09,759.05,12135400
2021-06-22 09:51:11,759.05,12145267
2021-06-22 09:51:11,759.25,12142385
2021-06-22 09:51:12,759.05,12148542
2021-06-22 09:51:14,759.0,12150369
2021-06-22 09:51:15,759.2,12153623
2021-06-22 09:51:17,759.35,12159974
2021-06-22 09:51:18,759.0,12160639
2021-06-22 09:51:19,759.25,12166669
2021-06-22 09:51:19,759.25,12166701
2021-06-22 09:51:21,759.25,12169308
2021-06-22 09:51:22,759.0,12187565
2021-06-22 09:51:23,759.0,12188905
2021-06-22 09:51:24,758.8,12194035
2021-06-22 09:51:25,759.0,12195596
2021-06-22 09:51:26,758.95,12201376
2021-06-22 09:51:27,759.35,12205611
2021-06-22 09:51:27,759.1,12205598
2021-06-22 09:51:28,759.0,12206817
2021-06-22 09:51:30,759.05,12208209
2021-06-22 09:51:31,759.0,12213736
2021-06-22 09:51:32,759.0,12215093
2021-06-22 09:51:34,759.0,12218394
2021-06-22 09:51:34,759.0,12218949
2021-06-22 09:51:35,758.85,12220069
2021-06-22 09:51:37,758.8,12223346
2021-06-22 09:51:38,758.8,12226636
2021-06-22 09:51:39,758.6,12231720
2021-06-22 09:51:40,758.85,12234208
2021-06-22 09:51:41,758.35,12249166
2021-06-22 09:51:42,757.9,12256898
2021-06-22 09:51:43,758.3,12260959
2021-06-22 09:51:45,757.95,12262644
2021-06-22 09:51:46,758.35,12264296
2021-06-22 09:51:47,758.4,12266555
2021-06-22 09:51:48,758.45,12268475
2021-06-22 09:51:49,758.45,12269249
2021-06-22 09:51:51,758.5,12270396
2021-06-22 09:51:52,758.7,12272187
2021-06-22 09:51:53,758.8,12276816
2021-06-22 09:51:54,758.55,12278518
2021-06-22 09:51:56,758.9,12282185
2021-06-22 09:51:57,759.0,12284607
2021-06-22 09:51:58,758.95,12285523
2021-06-22 09:51:59,758.9,12286038
2021-06-22 09:52:00,758.55,12287290
2021-06-22 09:52:01,758.5,12288964
2021-06-22 09:52:02,758.8,12290087
2021-06-22 09:52:02,758.8,12290090
2021-06-22 09:52:04,758.0,12296090
2021-06-22 09:52:05,757.8,12300847
2021-06-22 09:52:06,758.0,12301146
2021-06-22 09:52:07,758.0,12302071
2021-06-22 09:52:08,758.0,12302699
2021-06-22 09:52:09,758.0,12304138
2021-06-22 09:52:11,758.0,12307392
2021-06-22 09:52:12,758.15,12310233
2021-06-22 09:52:13,758.15,12313246
2021-06-22 09:52:14,758.25,12314034
2021-06-22 09:52:15,758.4,12316238
2021-06-22 09:52:16,758.55,12316722
2021-06-22 09:52:18,758.2,12316851
2021-06-22 09:52:19,758.1,12317784
2021-06-22 09:52:20,758.5,12326679
2021-06-22 09:52:21,758.25,12327140
2021-06-22 09:52:22,758.55,12329225
2021-06-22 09:52:23,758.4,12330060
2021-06-22 09:52:25,758.3,12332355
2021-06-22 09:52:24,758.0,12332302
2021-06-22 09:52:27,757.8,12344775
2021-06-22 09:52:28,757.9,12345673
2021-06-22 09:52:29,757.95,12346856
2021-06-22 09:52:31,757.5,12352736
2021-06-22 09:52:30,757.5,12352721
2021-06-22 09:52:32,757.05,12363809
2021-06-22 09:52:33,757.0,12413461
2021-06-22 09:52:34,757.2,12416316
2021-06-22 09:52:35,756.75,12419580
2021-06-22 09:52:36,757.0,12422766
2021-06-22 09:52:37,757.5,12426987
2021-06-22 09:52:38,757.05,12427803
2021-06-22 09:52:39,757.5,12429090
2021-06-22 09:52:40,757.15,12432510
2021-06-22 09:52:41,757.0,12435031
2021-06-22 09:52:42,757.05,12435709
2021-06-22 09:52:43,757.0,12443728
2021-06-22 09:52:44,757.0,12447677
2021-06-22 09:52:45,757.0,12448260
2021-06-22 09:52:46,756.95,12450229
2021-06-22 09:52:47,756.7,12454973
2021-06-22 09:52:48,757.0,12456595
2021-06-22 09:52:49,757.2,12461306
2021-06-22 09:52:50,757.2,12463428
2021-06-22 09:52:51,757.55,12465284
2021-06-22 09:52:52,757.5,12465393
2021-06-22 09:52:53,757.4,12466155
2021-06-22 09:52:54,757.6,12466600
2021-06-22 09:52:55,757.4,12468029
2021-06-22 09:52:56,757.55,12470596
2021-06-22 09:52:57,757.4,12471410
2021-06-22 09:52:59,757.7,12472852
2021-06-22 09:53:00,757.85,12474616
2021-06-22 09:53:01,757.55,12477445
2021-06-22 09:53:02,757.95,12478486
2021-06-22 09:53:03,758.0,12478857
2021-06-22 09:53:04,757.65,12479251
2021-06-22 09:53:05,757.65,12481219
2021-06-22 09:53:06,758.0,12482504
2021-06-22 09:53:07,757.9,12482570
2021-06-22 09:53:08,758.0,12483308
2021-06-22 09:53:09,758.0,12483960
2021-06-22 09:53:10,758.25,12485061
2021-06-22 09:53:11,758.25,12486905
2021-06-22 09:53:12,758.2,12487322
2021-06-22 09:53:13,758.4,12487348
2021-06-22 09:53:15,758.4,12497624
2021-06-22 09:53:16,758.75,12500054
2021-06-22 09:53:17,758.55,12500236
2021-06-22 09:53:18,758.4,12504881
2021-06-22 09:53:20,758.6,12508469
2021-06-22 09:53:21,758.6,12508537
2021-06-22 09:53:22,758.65,12510700
2021-06-22 09:53:23,758.75,12511406
2021-06-22 09:53:25,758.65,12513030
2021-06-22 09:53:26,758.45,12515393
2021-06-22 09:53:27,758.5,12516623
2021-06-22 09:53:28,758.5,12516853
2021-06-22 09:53:29,758.2,12518276
2021-06-22 09:53:30,758.4,12518312
2021-06-22 09:53:31,758.5,12518825
2021-06-22 09:53:33,758.1,12527626
2021-06-22 09:53:34,757.85,12529191
2021-06-22 09:53:35,757.7,12530607
2021-06-22 09:53:36,757.85,12533080
2021-06-22 09:53:37,757.7,12533243
2021-06-22 09:53:38,757.85,12533803
2021-06-22 09:53:39,757.85,12534140
2021-06-22 09:53:40,757.85,12534738
2021-06-22 09:53:41,757.85,12536083
2021-06-22 09:53:42,757.85,12536169
2021-06-22 09:53:43,757.8,12536491
2021-06-22 09:53:44,757.7,12538490
2021-06-22 09:53:45,757.85,12542452
2021-06-22 09:53:46,757.8,12542681
2021-06-22 09:53:47,757.7,12544141
2021-06-22 09:53:48,757.3,12547671
2021-06-22 09:53:49,757.5,12547790
2021-06-22 09:53:51,757.25,12549543
2021-06-22 09:53:52,756.95,12564748
2021-06-22 09:53:53,757.05,12565451
2021-06-22 09:53:54,756.75,12567441
2021-06-22 09:53:56,756.9,12569907
2021-06-22 09:53:57,757.25,12570581
2021-06-22 09:53:58,757.6,12571379
2021-06-22 09:53:59,757.55,12571461
2021-06-22 09:54:00,757.55,12572138
2021-06-22 09:54:01,757.65,12584120
2021-06-22 09:54:02,757.55,12585558
2021-06-22 09:54:04,757.35,12587281
2021-06-22 09:54:05,757.0,12588028
2021-06-22 09:54:06,757.15,12588837
2021-06-22 09:54:07,757.0,12589487
2021-06-22 09:54:08,757.5,12590367
2021-06-22 09:54:09,757.2,12590661
2021-06-22 09:54:10,757.55,12590923
2021-06-22 09:54:11,757.75,12593729
2021-06-22 09:54:12,757.6,12595433
2021-06-22 09:54:14,757.55,12596250
2021-06-22 09:54:15,757.9,12597462
2021-06-22 09:54:16,757.9,12597462
2021-06-22 09:54:17,757.75,12598313
2021-06-22 09:54:18,757.85,12598631
2021-06-22 09:54:20,758.2,12602248
2021-06-22 09:54:21,757.95,12605500
2021-06-22 09:54:24,757.65,12606054
2021-06-22 09:54:24,757.95,12606072
2021-06-22 09:54:25,757.95,12607194
2021-06-22 09:54:26,757.6,12608283
2021-06-22 09:54:27,757.6,12614639
2021-06-22 09:54:28,757.6,12614737
2021-06-22 09:54:30,757.8,12617253
2021-06-22 09:54:31,757.5,12618760
2021-06-22 09:54:32,757.3,12620161
2021-06-22 09:54:34,757.2,12622277
2021-06-22 09:54:34,757.4,12622361
2021-06-22 09:54:35,757.05,12622739
2021-06-22 09:54:36,757.05,12623233
2021-06-22 09:54:37,756.75,12642152
2021-06-22 09:54:38,756.85,12643752
2021-06-22 09:54:39,756.95,12645654
2021-06-22 09:54:40,757.0,12646612
2021-06-22 09:54:42,757.25,12648574
2021-06-22 09:54:42,757.1,12648665
2021-06-22 09:54:43,757.6,12651917
2021-06-22 09:54:44,757.05,12654617
2021-06-22 09:54:45,757.45,12655265
2021-06-22 09:54:46,757.25,12655864
2021-06-22 09:54:47,757.45,12656221
2021-06-22 09:54:48,756.85,12663755
2021-06-22 09:54:50,757.0,12664594
2021-06-22 09:54:51,757.0,12665887
2021-06-22 09:54:52,757.0,12666707
2021-06-22 09:54:53,757.0,12667074
2021-06-22 09:54:54,757.0,12668276
2021-06-22 09:54:55,756.75,12668391
2021-06-22 09:54:56,757.0,12669039
2021-06-22 09:54:57,757.0,12669478
2021-06-22 09:54:58,757.0,12670477
2021-06-22 09:54:59,756.8,12670964
2021-06-22 09:55:01,757.1,12672739
2021-06-22 09:55:02,757.0,12673073
2021-06-22 09:55:03,757.1,12673432
2021-06-22 09:55:04,757.4,12675793
2021-06-22 09:55:05,757.6,12676478
2021-06-22 09:55:07,757.4,12676881
2021-06-22 09:55:07,757.7,12676866
2021-06-22 09:55:08,757.35,12676988
2021-06-22 09:55:09,757.6,12679379
2021-06-22 09:55:10,757.9,12679817
2021-06-22 09:55:11,757.55,12680042
2021-06-22 09:55:12,757.9,12681950
2021-06-22 09:55:13,757.85,12683611
2021-06-22 09:55:15,757.6,12683922
2021-06-22 09:55:15,757.5,12683972
2021-06-22 09:55:16,757.25,12684427
2021-06-22 09:55:17,757.5,12685022
2021-06-22 09:55:18,757.4,12686079
2021-06-22 09:55:19,757.6,12686587
2021-06-22 09:55:20,757.2,12687903
2021-06-22 09:55:22,757.7,12688635
2021-06-22 09:55:22,757.6,12688657
2021-06-22 09:55:23,757.4,12688960
2021-06-22 09:55:24,757.9,12691938
2021-06-22 09:55:25,757.45,12692225
2021-06-22 09:55:26,757.45,12692955
2021-06-22 09:55:27,757.4,12693504
2021-06-22 09:55:28,757.8,12694304
2021-06-22 09:55:29,757.7,12694650
2021-06-22 09:55:30,757.8,12694935
2021-06-22 09:55:32,757.3,12695819
2021-06-22 09:55:32,757.5,12695818
2021-06-22 09:55:33,757.65,12696465
2021-06-22 09:55:34,757.25,12697888
2021-06-22 09:55:35,757.45,12698864
2021-06-22 09:55:36,757.45,12699295
2021-06-22 09:55:37,757.45,12699923
2021-06-22 09:55:38,757.25,12700183
2021-06-22 09:55:39,757.15,12702640
2021-06-22 09:55:41,757.15,12704237
2021-06-22 09:55:42,757.2,12705114
2021-06-22 09:55:43,757.0,12720532
2021-06-22 09:55:44,757.0,12721734
2021-06-22 09:55:45,756.8,12723231
2021-06-22 09:55:46,756.7,12731886
2021-06-22 09:55:47,756.8,12735504
2021-06-22 09:55:49,757.0,12737529
2021-06-22 09:55:51,757.0,12738128
2021-06-22 09:55:51,756.4,12743788
2021-06-22 09:55:52,756.65,12744412
2021-06-22 09:55:53,756.5,12745217
2021-06-22 09:55:56,756.7,12750880
2021-06-22 09:55:57,756.7,12751509
2021-06-22 09:55:59,757.0,12753059
2021-06-22 09:55:59,756.7,12753060
2021-06-22 09:56:00,756.65,12753226
2021-06-22 09:56:01,757.15,12756639
2021-06-22 09:56:02,757.7,12759497
2021-06-22 09:56:03,757.25,12759883
2021-06-22 09:56:04,757.4,12761552
2021-06-22 09:56:06,757.15,12761702
2021-06-22 09:56:06,757.15,12761702
2021-06-22 09:56:07,757.7,12763683
2021-06-22 09:56:08,757.65,12763892
2021-06-22 09:56:09,757.25,12764588
2021-06-22 09:56:10,757.6,12764853
2021-06-22 09:56:11,757.65,12764986
2021-06-22 09:56:12,757.65,12765451
2021-06-22 09:56:14,757.25,12766112
2021-06-22 09:56:14,757.6,12766114
2021-06-22 09:56:15,757.25,12766768
2021-06-22 09:56:16,757.6,12767908
2021-06-22 09:56:17,757.7,12769116
2021-06-22 09:56:18,757.6,12769243
2021-06-22 09:56:19,757.3,12769499
2021-06-22 09:56:20,757.6,12769676
2021-06-22 09:56:22,757.25,12771198
2021-06-22 09:56:24,757.25,12771435
2021-06-22 09:56:24,757.25,12771541
2021-06-22 09:56:25,757.2,12772018
2021-06-22 09:56:26,757.45,12772094
2021-06-22 09:56:27,757.6,12773468
2021-06-22 09:56:29,757.2,12775239
2021-06-22 09:56:30,757.6,12776928
2021-06-22 09:56:31,757.3,12777153
2021-06-22 09:56:31,757.3,12777153
2021-06-22 09:56:32,757.25,12777781
2021-06-22 09:56:33,757.55,12781882
2021-06-22 09:56:34,757.8,12782929
2021-06-22 09:56:35,757.45,12784043
2021-06-22 09:56:36,757.5,12784256
2021-06-22 09:56:38,757.85,12784898
2021-06-22 09:56:38,757.8,12784931
2021-06-22 09:56:39,757.45,12784988
2021-06-22 09:56:40,757.5,12786300
2021-06-22 09:56:41,757.45,12786687
2021-06-22 09:56:43,757.8,12787401
2021-06-22 09:56:44,757.8,12787717
2021-06-22 09:56:45,757.4,12791466
2021-06-22 09:56:46,757.05,12792099
2021-06-22 09:56:47,757.4,12792482
2021-06-22 09:56:47,757.65,12794991
2021-06-22 09:56:48,757.5,12796791
2021-06-22 09:56:49,757.35,12797722
2021-06-22 09:56:50,756.85,12807125
2021-06-22 09:56:51,757.0,12812077
2021-06-22 09:56:52,757.25,12813787
2021-06-22 09:56:53,757.2,12815719
2021-06-22 09:56:54,756.85,12816479
2021-06-22 09:56:55,757.1,12819244
2021-06-22 09:56:57,757.2,12820284
2021-06-22 09:56:58,756.75,12831033
2021-06-22 09:56:58,757.1,12831036
2021-06-22 09:56:59,756.6,12832216
2021-06-22 09:57:00,757.2,12834767
2021-06-22 09:57:01,757.3,12836460
2021-06-22 09:57:02,756.8,12838871
2021-06-22 09:57:03,757.25,12839154
2021-06-22 09:57:05,757.25,12840730
2021-06-22 09:57:06,756.7,12843378
2021-06-22 09:57:06,756.7,12843378
2021-06-22 09:57:08,757.25,12845907
2021-06-22 09:57:09,756.9,12847891
2021-06-22 09:57:11,757.1,12851626
2021-06-22 09:57:12,757.05,12851991
2021-06-22 09:57:14,757.25,12852827
2021-06-22 09:57:15,757.3,12853053
2021-06-22 09:57:16,757.15,12853951
2021-06-22 09:57:16,757.15,12853901
2021-06-22 09:57:17,757.2,12854201
2021-06-22 09:57:18,757.1,12854775
2021-06-22 09:57:19,757.25,12855150
2021-06-22 09:57:21,757.1,12855907
2021-06-22 09:57:23,757.3,12856327
2021-06-22 09:57:24,757.15,12856994
2021-06-22 09:57:25,757.0,12857233
2021-06-22 09:57:26,757.25,12857505
2021-06-22 09:57:27,757.3,12858741
2021-06-22 09:57:27,757.45,12858701
2021-06-22 09:57:28,757.5,12860282
2021-06-22 09:57:29,757.3,12860558
2021-06-22 09:57:30,757.2,12861758
2021-06-22 09:57:31,756.85,12867539
2021-06-22 09:57:32,757.1,12868648
2021-06-22 09:57:33,756.8,12873922
2021-06-22 09:57:35,756.8,12875008
2021-06-22 09:57:36,756.7,12876221
2021-06-22 09:57:36,756.6,12876277
2021-06-22 09:57:38,757.1,12877328
2021-06-22 09:57:39,757.25,12877820
2021-06-22 09:57:40,757.25,12877959
2021-06-22 09:57:41,757.25,12878607
2021-06-22 09:57:42,756.85,12879191
2021-06-22 09:57:43,756.85,12879646
2021-06-22 09:57:44,756.5,12880670
2021-06-22 09:57:44,756.6,12881523
2021-06-22 09:57:46,756.8,12959263
2021-06-22 09:57:46,756.8,12959272
2021-06-22 09:57:47,756.65,12960283
2021-06-22 09:57:48,756.65,12961706
2021-06-22 09:57:49,756.5,12964691
2021-06-22 09:57:50,756.5,12965143
2021-06-22 09:57:51,756.5,12965906
2021-06-22 09:57:52,756.5,12966354
2021-06-22 09:57:53,756.85,12967219
2021-06-22 09:57:54,756.8,12968376
2021-06-22 09:57:56,756.8,12968643
2021-06-22 09:57:57,756.25,12974905
2021-06-22 09:57:59,755.95,12978099
2021-06-22 09:57:59,755.8,12978900
2021-06-22 09:58:00,756.25,12980205
2021-06-22 09:58:01,755.9,12980816
2021-06-22 09:58:02,755.6,12983920
2021-06-22 09:58:03,755.65,12990625
2021-06-22 09:58:04,755.5,12993941
2021-06-22 09:58:05,755.8,12994634
2021-06-22 09:58:06,755.45,12996395
2021-06-22 09:58:07,755.5,12997855
2021-06-22 09:58:08,755.6,12999376
2021-06-22 09:58:09,755.4,13002072
2021-06-22 09:58:12,755.5,13005707
2021-06-22 09:58:13,755.6,13009429
2021-06-22 09:58:14,755.65,13011037
2021-06-22 09:58:14,755.3,13011442
2021-06-22 09:58:15,755.3,13012015
2021-06-22 09:58:16,755.45,13012926
2021-06-22 09:58:17,755.05,13013877
2021-06-22 09:58:18,755.0,13085611
2021-06-22 09:58:19,755.05,13090607
2021-06-22 09:58:20,755.45,13097429
2021-06-22 09:58:22,755.45,13101747
2021-06-22 09:58:23,755.5,13102481
2021-06-22 09:58:24,755.45,13104125
2021-06-22 09:58:26,755.5,13105639
2021-06-22 09:58:26,755.05,13113999
2021-06-22 09:58:29,754.75,13123743
2021-06-22 09:58:30,754.8,13126669
2021-06-22 09:58:31,754.95,13132082
2021-06-22 09:58:33,754.75,13134457
2021-06-22 09:58:34,754.8,13138061
2021-06-22 09:58:35,754.25,13155252
2021-06-22 09:58:35,754.65,13155303
2021-06-22 09:58:36,754.55,13157182
2021-06-22 09:58:37,754.75,13161361
2021-06-22 09:58:39,754.8,13162872
2021-06-22 09:58:40,754.5,13164655
2021-06-22 09:58:41,754.5,13167951
2021-06-22 09:58:42,754.75,13170120
2021-06-22 09:58:43,754.95,13176041
2021-06-22 09:58:44,754.45,13207319
2021-06-22 09:58:45,754.45,13208806
2021-06-22 09:58:45,754.45,13208806
2021-06-22 09:58:46,754.5,13210825
2021-06-22 09:58:49,754.4,13215149
2021-06-22 09:58:50,754.45,13216103
2021-06-22 09:58:51,754.7,13217625
2021-06-22 09:58:52,754.45,13218629
2021-06-22 09:58:53,754.7,13220422
2021-06-22 09:58:54,755.0,13229372
2021-06-22 09:58:54,755.35,13235872
2021-06-22 09:58:55,755.0,13240220
2021-06-22 09:58:57,755.0,13244560
2021-06-22 09:58:58,755.0,13245517
2021-06-22 09:58:59,754.6,13247778
2021-06-22 09:59:00,755.0,13248699
2021-06-22 09:59:01,754.5,13252543
2021-06-22 09:59:03,754.7,13255387
2021-06-22 09:59:04,754.7,13256633
2021-06-22 09:59:05,754.7,13260925
2021-06-22 09:59:07,754.6,13266501
2021-06-22 09:59:08,754.75,13268535
2021-06-22 09:59:09,755.0,13269764
2021-06-22 09:59:10,755.0,13270239
2021-06-22 09:59:10,755.0,13270241
2021-06-22 09:59:12,754.6,13272665
2021-06-22 09:59:13,754.7,13273019
2021-06-22 09:59:14,754.55,13279423
2021-06-22 09:59:14,754.7,13279958
2021-06-22 09:59:15,754.85,13281932
2021-06-22 09:59:16,754.5,13285267
2021-06-22 09:59:17,754.8,13286373
2021-06-22 09:59:18,754.9,13289124
2021-06-22 09:59:19,754.5,13294209
2021-06-22 09:59:20,754.55,13295611
2021-06-22 09:59:21,754.55,13296577
2021-06-22 09:59:22,754.5,13299364
2021-06-22 09:59:23,754.5,13301585
2021-06-22 09:59:24,754.7,13305427
2021-06-22 09:59:26,755.0,13306002
2021-06-22 09:59:27,754.95,13306089
2021-06-22 09:59:28,755.0,13306335
2021-06-22 09:59:29,754.75,13306444
2021-06-22 09:59:30,754.7,13319058
2021-06-22 09:59:31,754.4,13320636
2021-06-22 09:59:31,754.8,13320361
2021-06-22 09:59:32,754.9,13324199
2021-06-22 09:59:33,754.85,13324874
2021-06-22 09:59:34,754.5,13330144
2021-06-22 09:59:36,754.85,13331269
2021-06-22 09:59:38,754.55,13335909
2021-06-22 09:59:39,754.65,13336977
2021-06-22 09:59:40,754.65,13339328
2021-06-22 09:59:41,755.0,13340006
2021-06-22 09:59:42,755.0,13340554
2021-06-22 09:59:43,754.55,13342361
2021-06-22 09:59:44,754.95,13342943
2021-06-22 09:59:45,754.85,13343208
2021-06-22 09:59:46,754.9,13345141
2021-06-22 09:59:47,754.65,13345885
2021-06-22 09:59:49,754.95,13347692
2021-06-22 09:59:50,754.95,13348143
2021-06-22 09:59:52,754.95,13348850
2021-06-22 09:59:53,754.9,13349524
2021-06-22 09:59:54,755.15,13355659
2021-06-22 09:59:55,755.1,13358233
2021-06-22 09:59:57,755.55,13360338
2021-06-22 09:59:58,755.25,13360412
2021-06-22 09:59:59,755.6,13360633
2021-06-22 10:00:00,755.25,13362068
2021-06-22 10:00:02,755.6,13364064
2021-06-22 10:00:03,755.7,13365312
2021-06-22 10:00:03,755.7,13365362
2021-06-22 10:00:04,755.75,13366049
2021-06-22 10:00:05,755.65,13366114
2021-06-22 10:00:07,755.4,13366834
2021-06-22 10:00:08,755.75,13368271
2021-06-22 10:00:09,755.7,13368833
2021-06-22 10:00:10,755.75,13370507
2021-06-22 10:00:11,755.75,13371630
2021-06-22 10:00:12,755.35,13373237
2021-06-22 10:00:12,755.45,13374352
2021-06-22 10:00:13,755.45,13374950
2021-06-22 10:00:14,755.55,13376174
2021-06-22 10:00:15,755.55,13380307
2021-06-22 10:00:16,755.45,13380975
2021-06-22 10:00:17,755.7,13381076
2021-06-22 10:00:18,755.85,13382547
2021-06-22 10:00:20,755.1,13393989
2021-06-22 10:00:21,755.2,13398045
2021-06-22 10:00:22,755.0,13398397
2021-06-22 10:00:23,755.45,13400174
2021-06-22 10:00:25,755.3,13400258
2021-06-22 10:00:27,755.3,13400426
2021-06-22 10:00:28,755.5,13400467
2021-06-22 10:00:28,755.3,13400894
2021-06-22 10:00:30,755.3,13401718
2021-06-22 10:00:31,755.3,13401818
2021-06-22 10:00:32,755.25,13407292
2021-06-22 10:00:33,755.2,13410295
2021-06-22 10:00:34,754.8,13413365
2021-06-22 10:00:35,755.3,13414992
2021-06-22 10:00:36,755.3,13416129
2021-06-22 10:00:37,755.5,13417494
2021-06-22 10:00:38,755.6,13421555
2021-06-22 10:00:38,755.7,13422296
2021-06-22 10:00:40,755.65,13424830
2021-06-22 10:00:41,755.75,13426356
2021-06-22 10:00:42,755.85,13426734
2021-06-22 10:00:43,755.85,13428459
2021-06-22 10:00:44,755.6,13428810
2021-06-22 10:00:45,755.9,13431069
2021-06-22 10:00:46,756.0,13433779
2021-06-22 10:00:47,756.0,13435501
2021-06-22 10:00:48,756.0,13439588
2021-06-22 10:00:48,755.85,13439765
2021-06-22 10:00:49,756.05,13444827
2021-06-22 10:00:51,755.95,13448130
2021-06-22 10:00:51,755.8,13449044
2021-06-22 10:00:52,756.75,13457288
2021-06-22 10:00:54,756.5,13462563
2021-06-22 10:00:55,756.2,13462865
2021-06-22 10:00:57,756.5,13463450
2021-06-22 10:00:58,756.45,13465907
2021-06-22 10:00:59,756.4,13466402
2021-06-22 10:01:00,756.1,13467398
2021-06-22 10:01:01,756.4,13470367
2021-06-22 10:01:02,756.1,13471148
2021-06-22 10:01:03,756.05,13472706
2021-06-22 10:01:04,756.4,13472991
2021-06-22 10:01:05,756.35,13474638
2021-06-22 10:01:06,756.45,13475430
2021-06-22 10:01:07,756.1,13477376
2021-06-22 10:01:07,756.15,13477497
2021-06-22 10:01:09,756.0,13479928
2021-06-22 10:01:10,756.4,13480064
2021-06-22 10:01:11,756.4,13480383
2021-06-22 10:01:12,756.4,13480883
2021-06-22 10:01:13,756.4,13481209
2021-06-22 10:01:14,755.8,13485928
2021-06-22 10:01:15,756.0,13486775
2021-06-22 10:01:16,755.5,13491246
2021-06-22 10:01:17,755.5,13492756
2021-06-22 10:01:18,755.85,13493306
2021-06-22 10:01:19,756.0,13494217
2021-06-22 10:01:20,755.8,13495029
2021-06-22 10:01:21,756.0,13495873
2021-06-22 10:01:22,756.0,13497028
2021-06-22 10:01:23,756.1,13497384
2021-06-22 10:01:24,756.05,13498872
2021-06-22 10:01:25,756.1,13499017
2021-06-22 10:01:26,756.1,13501199
2021-06-22 10:01:27,755.9,13501817
2021-06-22 10:01:29,756.0,13502346
2021-06-22 10:01:30,756.2,13502367
2021-06-22 10:01:31,756.2,13502814
2021-06-22 10:01:32,756.05,13506303
2021-06-22 10:01:34,756.1,13506903
2021-06-22 10:01:35,756.45,13511410
2021-06-22 10:01:36,756.2,13512481
2021-06-22 10:01:36,756.2,13512481
2021-06-22 10:01:38,756.65,13516377
2021-06-22 10:01:38,756.4,13516400
2021-06-22 10:01:39,756.65,13516483
2021-06-22 10:01:40,756.5,13516781
2021-06-22 10:01:41,756.5,13516942
2021-06-22 10:01:43,756.5,13518043
2021-06-22 10:01:45,756.5,13519634
2021-06-22 10:01:46,756.2,13520874
2021-06-22 10:01:47,756.55,13521544
2021-06-22 10:01:48,756.1,13522099
2021-06-22 10:01:49,756.05,13522370
2021-06-22 10:01:50,756.4,13522539
2021-06-22 10:01:51,756.4,13522732
2021-06-22 10:01:52,756.5,13524113
2021-06-22 10:01:52,756.65,13524112
2021-06-22 10:01:54,757.05,13535044
2021-06-22 10:01:54,757.2,13535949
2021-06-22 10:01:59,757.3,13543232
2021-06-22 10:02:00,756.75,13545065
2021-06-22 10:02:01,757.2,13546977
2021-06-22 10:02:02,757.2,13547662
2021-06-22 10:02:03,756.85,13548519
2021-06-22 10:02:04,757.1,13551717
2021-06-22 10:02:05,757.05,13552104
2021-06-22 10:02:06,756.75,13553694
2021-06-22 10:02:07,756.65,13555065
2021-06-22 10:02:07,756.5,13554065
2021-06-22 10:02:08,756.6,13557305
2021-06-22 10:02:10,756.2,13557618
2021-06-22 10:02:11,756.75,13558682
2021-06-22 10:02:13,756.35,13560559
2021-06-22 10:02:13,756.5,13560479
2021-06-22 10:02:14,756.4,13561191
2021-06-22 10:02:16,756.9,13568743
2021-06-22 10:02:17,757.25,13574182
2021-06-22 10:02:18,757.35,13575403
2021-06-22 10:02:19,757.05,13576141
2021-06-22 10:02:20,757.45,13578638
2021-06-22 10:02:21,757.15,13581329
2021-06-22 10:02:24,757.0,13583638
2021-06-22 10:02:25,757.1,13584731
2021-06-22 10:02:26,757.1,13585188
2021-06-22 10:02:27,757.0,13586435
2021-06-22 10:02:28,757.15,13587012
2021-06-22 10:02:29,757.05,13589529
2021-06-22 10:02:31,757.4,13590646
2021-06-22 10:02:32,756.85,13592079
2021-06-22 10:02:33,757.0,13592184
2021-06-22 10:02:35,757.45,13593799
2021-06-22 10:02:36,757.25,13595510
2021-06-22 10:02:37,757.45,13596039
2021-06-22 10:02:38,757.45,13596603
2021-06-22 10:02:39,757.1,13597810
2021-06-22 10:02:39,757.1,13597801
2021-06-22 10:02:40,757.15,13598396
2021-06-22 10:02:42,757.1,13601973
2021-06-22 10:02:43,757.4,13602523
2021-06-22 10:02:44,757.15,13603511
2021-06-22 10:02:46,757.4,13604051
2021-06-22 10:02:45,757.1,13604048
2021-06-22 10:02:47,757.1,13604393
2021-06-22 10:02:48,757.1,13604485
2021-06-22 10:02:49,757.4,13607828
2021-06-22 10:02:50,757.4,13608041
2021-06-22 10:02:51,756.6,13617620
2021-06-22 10:02:52,756.6,13618982
2021-06-22 10:02:53,756.5,13619106
2021-06-22 10:02:54,756.5,13621002
2021-06-22 10:02:55,756.75,13621216
2021-06-22 10:02:57,756.5,13622755
2021-06-22 10:02:58,756.5,13623132
2021-06-22 10:02:59,756.5,13623184
2021-06-22 10:03:00,756.5,13624530
2021-06-22 10:03:01,756.7,13625409
2021-06-22 10:03:02,756.45,13626403
2021-06-22 10:03:04,757.0,13626820
2021-06-22 10:03:03,757.0,13626620
2021-06-22 10:03:05,757.0,13627008
2021-06-22 10:03:07,756.7,13628521
2021-06-22 10:03:09,757.0,13629213
2021-06-22 10:03:10,756.6,13630402
2021-06-22 10:03:11,757.0,13631546
2021-06-22 10:03:12,756.7,13631816
2021-06-22 10:03:13,756.8,13631837
2021-06-22 10:03:16,756.95,13632254
2021-06-22 10:03:17,757.0,13632566
2021-06-22 10:03:18,757.0,13632566
2021-06-22 10:03:19,757.0,13632905
2021-06-22 10:03:20,756.75,13633466
2021-06-22 10:03:21,756.85,13635933
2021-06-22 10:03:23,757.1,13637444
2021-06-22 10:03:24,757.25,13638335
2021-06-22 10:03:25,757.25,13638588
2021-06-22 10:03:26,757.35,13641664
2021-06-22 10:03:27,757.0,13641740
2021-06-22 10:03:28,757.3,13642108
2021-06-22 10:03:29,757.25,13642334
2021-06-22 10:03:30,756.9,13642872
2021-06-22 10:03:31,757.25,13642883
2021-06-22 10:03:32,757.0,13643286
2021-06-22 10:03:33,757.0,13643513
2021-06-22 10:03:34,757.0,13644399
2021-06-22 10:03:35,757.2,13647030
2021-06-22 10:03:36,757.0,13647669
2021-06-22 10:03:37,757.15,13648082
2021-06-22 10:03:39,757.25,13648895
2021-06-22 10:03:40,757.25,13649044
2021-06-22 10:03:41,756.8,13653259
2021-06-22 10:03:42,757.25,13653341
2021-06-22 10:03:43,757.0,13653821
2021-06-22 10:03:44,757.15,13653944
2021-06-22 10:03:45,757.2,13654217
2021-06-22 10:03:46,757.2,13655029
2021-06-22 10:03:47,756.9,13656193
2021-06-22 10:03:48,757.3,13659811
2021-06-22 10:03:49,757.15,13662479
2021-06-22 10:03:50,757.2,13662595
2021-06-22 10:03:51,757.4,13668983
2021-06-22 10:03:52,757.25,13669083
2021-06-22 10:03:53,757.25,13669617
2021-06-22 10:03:54,757.45,13669755
2021-06-22 10:03:55,757.45,13670196
2021-06-22 10:03:56,757.45,13671271
2021-06-22 10:03:57,757.4,13679229
2021-06-22 10:03:58,757.65,13680471
2021-06-22 10:03:59,757.75,13684919
2021-06-22 10:04:00,757.45,13685853
2021-06-22 10:04:01,757.6,13685984
2021-06-22 10:04:02,757.6,13686231
2021-06-22 10:04:03,757.6,13686459
2021-06-22 10:04:04,757.3,13686863
2021-06-22 10:04:05,757.5,13687023
2021-06-22 10:04:06,757.6,13687139
2021-06-22 10:04:07,757.75,13687901
2021-06-22 10:04:08,757.45,13688322
2021-06-22 10:04:09,757.5,13689267
2021-06-22 10:04:10,757.5,13690112
2021-06-22 10:04:11,757.1,13690212
2021-06-22 10:04:12,757.3,13690384
2021-06-22 10:04:14,757.0,13694281
2021-06-22 10:04:13,757.0,13694134
2021-06-22 10:04:16,756.5,13697595
2021-06-22 10:04:15,756.75,13695136
2021-06-22 10:04:17,756.6,13697746
2021-06-22 10:04:18,756.7,13698949
2021-06-22 10:04:19,756.35,13702373
2021-06-22 10:04:20,756.35,13702585
2021-06-22 10:04:21,756.15,13704688
2021-06-22 10:04:23,756.4,13708125
2021-06-22 10:04:25,756.2,13717188
2021-06-22 10:04:26,756.3,13717303
2021-06-22 10:04:27,756.2,13718220
2021-06-22 10:04:28,756.0,13721229
2021-06-22 10:04:29,756.0,13721270
2021-06-22 10:04:30,755.7,13721406
2021-06-22 10:04:31,756.3,13727947
2021-06-22 10:04:32,756.0,13728317
2021-06-22 10:04:33,755.95,13731183
2021-06-22 10:04:35,755.85,13732519
2021-06-22 10:04:36,756.2,13733930
2021-06-22 10:04:37,756.45,13736000
2021-06-22 10:04:38,756.2,13736616
2021-06-22 10:04:39,756.4,13736859
2021-06-22 10:04:40,756.15,13739078
2021-06-22 10:04:41,756.35,13740122
2021-06-22 10:04:42,756.2,13740489
2021-06-22 10:04:43,756.1,13740901
2021-06-22 10:04:44,756.2,13740922
2021-06-22 10:04:45,756.15,13741654
2021-06-22 10:04:46,756.3,13742598
2021-06-22 10:04:47,756.1,13742624
2021-06-22 10:04:48,756.3,13743079
2021-06-22 10:04:50,755.9,13745543
2021-06-22 10:04:51,755.9,13748310
2021-06-22 10:04:52,755.9,13749647
2021-06-22 10:04:53,755.9,13750289
2021-06-22 10:04:54,755.9,13751006
2021-06-22 10:04:55,755.55,13751862
2021-06-22 10:04:56,755.9,13752300
2021-06-22 10:04:57,755.7,13753763
2021-06-22 10:04:58,755.55,13754749
2021-06-22 10:04:59,755.45,13762199
2021-06-22 10:05:01,755.3,13765392
2021-06-22 10:05:02,755.4,13766929
2021-06-22 10:05:03,755.0,13769233
2021-06-22 10:05:04,755.15,13769699
2021-06-22 10:05:05,755.15,13771470
2021-06-22 10:05:07,755.0,13787821
2021-06-22 10:05:07,755.0,13787834
2021-06-22 10:05:08,755.0,13804299
2021-06-22 10:05:09,754.9,13807805
2021-06-22 10:05:10,754.75,13810461
2021-06-22 10:05:11,754.85,13811276
2021-06-22 10:05:12,754.7,13812826
2021-06-22 10:05:13,754.7,13814932
2021-06-22 10:05:14,754.5,13816519
2021-06-22 10:05:15,754.5,13817390
2021-06-22 10:05:16,754.5,13821297
2021-06-22 10:05:17,754.75,13827961
2021-06-22 10:05:18,754.8,13830502
2021-06-22 10:05:19,754.65,13832651
2021-06-22 10:05:21,754.55,13834107
2021-06-22 10:05:22,755.0,13835873
2021-06-22 10:05:23,755.0,13836771
2021-06-22 10:05:24,755.0,13838201
2021-06-22 10:05:25,754.75,13840046
2021-06-22 10:05:26,755.0,13840977
2021-06-22 10:05:27,754.65,13841010
2021-06-22 10:05:28,754.65,13841832
2021-06-22 10:05:29,754.85,13842963
2021-06-22 10:05:30,754.9,13843219
2021-06-22 10:05:31,754.9,13844170
2021-06-22 10:05:33,755.0,13845702
2021-06-22 10:05:34,754.65,13846086
2021-06-22 10:05:35,755.0,13846875
2021-06-22 10:05:36,755.0,13846964
2021-06-22 10:05:37,754.8,13848755
2021-06-22 10:05:38,754.95,13849374
2021-06-22 10:05:39,754.75,13855774
2021-06-22 10:05:40,755.0,13856117
2021-06-22 10:05:41,754.95,13857252
2021-06-22 10:05:42,755.0,13857319
2021-06-22 10:05:44,754.65,13859322
2021-06-22 10:05:45,754.9,13862391
2021-06-22 10:05:46,754.95,13870865
2021-06-22 10:05:47,754.95,13871526
2021-06-22 10:05:48,755.0,13872531
2021-06-22 10:05:51,754.9,13874684
2021-06-22 10:05:52,755.0,13877464
2021-06-22 10:05:53,754.95,13877585
2021-06-22 10:05:54,754.7,13877708
2021-06-22 10:05:54,754.7,13877708
2021-06-22 10:05:55,754.7,13878581
2021-06-22 10:05:57,754.7,13880009
2021-06-22 10:05:58,754.75,13881999
2021-06-22 10:06:00,754.75,13883884
2021-06-22 10:06:02,754.95,13884460
2021-06-22 10:06:02,754.65,13889420
2021-06-22 10:06:03,754.65,13889902
2021-06-22 10:06:04,754.6,13896666
2021-06-22 10:06:05,754.9,13897062
2021-06-22 10:06:06,754.7,13899294
2021-06-22 10:06:07,754.8,13899537
2021-06-22 10:06:09,754.8,13903010
2021-06-22 10:06:11,754.9,13903724
2021-06-22 10:06:12,754.95,13907256
2021-06-22 10:06:13,754.7,13909510
2021-06-22 10:06:14,755.0,13909899
2021-06-22 10:06:15,754.75,13910418
2021-06-22 10:06:16,754.7,13910610
2021-06-22 10:06:16,754.7,13910610
2021-06-22 10:06:17,755.0,13910952
2021-06-22 10:06:18,755.1,13912171
2021-06-22 10:06:19,754.95,13912528
2021-06-22 10:06:21,755.2,13914971
2021-06-22 10:06:22,755.1,13916395
2021-06-22 10:06:23,755.2,13916523
2021-06-22 10:06:24,755.45,13917703
2021-06-22 10:06:25,755.35,13919122
2021-06-22 10:06:27,755.0,13920618
2021-06-22 10:06:27,755.25,13920708
2021-06-22 10:06:28,755.25,13921322
2021-06-22 10:06:29,755.3,13921911
2021-06-22 10:06:31,755.4,13922657
2021-06-22 10:06:31,755.05,13922782
2021-06-22 10:06:32,755.4,13922999
2021-06-22 10:06:33,755.45,13924297
2021-06-22 10:06:34,755.25,13924572
2021-06-22 10:06:36,755.25,13924870
2021-06-22 10:06:37,755.35,13925442
2021-06-22 10:06:38,755.4,13925620
2021-06-22 10:06:39,755.4,13925650
2021-06-22 10:06:40,755.35,13925889
2021-06-22 10:06:42,755.25,13926134
2021-06-22 10:06:42,755.25,13927349
2021-06-22 10:06:43,755.3,13930235
2021-06-22 10:06:44,755.2,13930910
2021-06-22 10:06:45,755.2,13931554
2021-06-22 10:06:46,755.45,13934661
2021-06-22 10:06:47,755.4,13935019
2021-06-22 10:06:48,755.2,13937136
2021-06-22 10:06:49,755.15,13938136
2021-06-22 10:06:50,755.25,13938159
2021-06-22 10:06:51,755.45,13938367
2021-06-22 10:06:52,755.2,13938495
2021-06-22 10:06:53,755.5,13939427
2021-06-22 10:06:55,755.4,13940102
2021-06-22 10:06:57,755.8,13940305
2021-06-22 10:06:58,755.45,13941644
2021-06-22 10:06:59,755.35,13942098
2021-06-22 10:07:00,755.75,13942346
2021-06-22 10:07:01,755.75,13942506
2021-06-22 10:07:03,755.75,13942580
2021-06-22 10:07:03,755.75,13942580
2021-06-22 10:07:04,755.45,13943404
2021-06-22 10:07:05,755.3,13944400
2021-06-22 10:07:06,755.6,13944735
2021-06-22 10:07:07,755.7,13945750
2021-06-22 10:07:08,755.3,13946135
2021-06-22 10:07:09,755.7,13949894
2021-06-22 10:07:10,755.5,13950201
2021-06-22 10:07:11,755.35,13950600
2021-06-22 10:07:12,755.45,13951035
2021-06-22 10:07:13,755.55,13951488
2021-06-22 10:07:14,755.1,13952974
2021-06-22 10:07:15,755.2,13955909
2021-06-22 10:07:16,755.0,13958175
2021-06-22 10:07:17,755.0,13958287
2021-06-22 10:07:19,755.0,13975831
2021-06-22 10:07:20,755.1,13976465
2021-06-22 10:07:21,755.05,13978132
2021-06-22 10:07:23,754.9,13979041
2021-06-22 10:07:24,754.9,13981351
2021-06-22 10:07:24,755.0,13981380
2021-06-22 10:07:25,754.8,13981777
2021-06-22 10:07:26,754.7,13984741
2021-06-22 10:07:27,754.9,13989150
2021-06-22 10:07:29,754.15,14036926
2021-06-22 10:07:30,754.05,14044210
2021-06-22 10:07:30,754.05,14044220
2021-06-22 10:07:32,753.25,14144109
2021-06-22 10:07:34,753.4,14184266
2021-06-22 10:07:35,753.2,14189061
2021-06-22 10:07:37,753.15,14192811
2021-06-22 10:07:38,753.15,14195333
2021-06-22 10:07:39,753.3,14198563
2021-06-22 10:07:40,753.45,14200422
2021-06-22 10:07:41,753.7,14205925
2021-06-22 10:07:41,753.35,14206448
2021-06-22 10:07:42,753.4,14209280
2021-06-22 10:07:43,753.4,14210903
2021-06-22 10:07:44,754.15,14215350
2021-06-22 10:07:45,753.8,14215964
2021-06-22 10:07:47,754.1,14221351
2021-06-22 10:07:49,753.55,14225465
2021-06-22 10:07:50,753.4,14228289
2021-06-22 10:07:51,753.55,14231377
2021-06-22 10:07:52,753.4,14232055
2021-06-22 10:07:54,753.7,14233282
2021-06-22 10:07:55,753.4,14235087
2021-06-22 10:07:56,753.6,14238159
2021-06-22 10:07:56,753.4,14237099
2021-06-22 10:07:57,753.5,14240567
2021-06-22 10:07:58,753.65,14240718
2021-06-22 10:07:59,753.65,14242335
2021-06-22 10:08:00,753.35,14245575
2021-06-22 10:08:02,753.7,14250127
2021-06-22 10:08:03,753.8,14254498
2021-06-22 10:08:04,753.8,14255904
2021-06-22 10:08:05,754.05,14260192
2021-06-22 10:08:05,754.0,14260714
2021-06-22 10:08:07,753.95,14263264
2021-06-22 10:08:08,753.85,14267075
2021-06-22 10:08:09,754.25,14268355
2021-06-22 10:08:10,754.1,14270430
2021-06-22 10:08:10,754.4,14270524
2021-06-22 10:08:11,754.6,14272994
2021-06-22 10:08:12,754.3,14275798
2021-06-22 10:08:13,754.25,14277309
2021-06-22 10:08:16,754.6,14280758
2021-06-22 10:08:17,754.7,14281192
2021-06-22 10:08:17,754.7,14281249
2021-06-22 10:08:18,754.7,14284603
2021-06-22 10:08:20,755.0,14286376
2021-06-22 10:08:22,754.95,14287551
2021-06-22 10:08:23,755.5,14296643
2021-06-22 10:08:23,755.5,14296438
2021-06-22 10:08:25,754.75,14297733
2021-06-22 10:08:27,755.0,14299514
2021-06-22 10:08:28,755.0,14300277
2021-06-22 10:08:29,754.85,14301717
2021-06-22 10:08:31,754.75,14303421
2021-06-22 10:08:32,754.7,14305234
2021-06-22 10:08:33,754.75,14306027
2021-06-22 10:08:33,754.85,14306032
2021-06-22 10:08:34,754.9,14306277
2021-06-22 10:08:36,754.8,14307007
2021-06-22 10:08:37,755.45,14313305
2021-06-22 10:08:38,755.2,14313692
2021-06-22 10:08:39,755.35,14314020
2021-06-22 10:08:42,754.95,14315640
2021-06-22 10:08:43,754.5,14316178
2021-06-22 10:08:43,754.7,14317009
2021-06-22 10:08:44,754.5,14317895
2021-06-22 10:08:45,754.4,14318358
2021-06-22 10:08:46,754.3,14321890
2021-06-22 10:08:47,754.5,14323173
2021-06-22 10:08:48,754.3,14324580
2021-06-22 10:08:49,754.3,14325203
2021-06-22 10:08:50,754.25,14326116
