timestamp,ltp,volume
2021-06-22 09:16:35,741.5,233416
2021-06-22 09:16:36,741.3,234983
2021-06-22 09:16:37,741.45,235485
2021-06-22 09:16:38,741.45,236058
2021-06-22 09:16:39,741.0,236813
2021-06-22 09:16:40,741.35,237447
2021-06-22 09:16:41,741.2,238014
2021-06-22 09:16:42,740.9,238124
2021-06-22 09:16:43,740.8,238680
2021-06-22 09:16:45,740.6,242183
2021-06-22 09:16:45,740.6,242183
2021-06-22 09:16:46,740.5,243350
2021-06-22 09:16:48,740.5,252681
2021-06-22 09:16:49,740.2,254350
2021-06-22 09:16:50,740.55,254653
2021-06-22 09:16:51,740.55,254969
2021-06-22 09:16:52,740.55,255004
2021-06-22 09:16:53,740.55,258779
2021-06-22 09:16:54,740.5,258890
2021-06-22 09:16:55,740.2,259710
2021-06-22 09:16:57,740.55,260355
2021-06-22 09:16:58,740.2,261042
2021-06-22 09:16:59,740.05,263345
2021-06-22 09:17:00,740.35,268370
2021-06-22 09:17:01,740.45,270238
2021-06-22 09:17:01,740.45,270226
2021-06-22 09:17:02,740.75,272754
2021-06-22 09:17:03,740.8,273279
2021-06-22 09:17:04,740.95,273325
2021-06-22 09:17:05,740.75,275174
2021-06-22 09:17:08,741.1,275522
2021-06-22 09:17:10,741.25,276043
2021-06-22 09:17:11,741.25,276043
2021-06-22 09:17:11,741.25,276043
2021-06-22 09:17:12,741.7,277217
2021-06-22 09:17:13,741.8,277883
2021-06-22 09:17:14,741.7,277917
2021-06-22 09:17:15,741.7,278033
2021-06-22 09:17:17,741.85,278755
2021-06-22 09:17:18,741.4,279016
2021-06-22 09:17:19,741.8,279411
2021-06-22 09:17:20,741.7,279494
2021-06-22 09:17:21,741.4,281769
2021-06-22 09:17:22,741.8,282007
2021-06-22 09:17:23,741.75,282197
2021-06-22 09:17:24,741.75,282330
2021-06-22 09:17:24,741.75,282987
2021-06-22 09:17:25,741.75,283463
2021-06-22 09:17:27,741.4,284446
2021-06-22 09:17:27,741.4,285110
2021-06-22 09:17:29,741.75,288250
2021-06-22 09:17:30,741.7,288779
2021-06-22 09:17:31,741.7,288881
2021-06-22 09:17:32,741.7,289018
2021-06-22 09:17:33,741.65,289053
2021-06-22 09:17:34,741.65,289643
2021-06-22 09:17:35,741.55,289912
2021-06-22 09:17:36,741.8,290258
2021-06-22 09:17:38,741.75,290418
2021-06-22 09:17:41,741.75,290821
2021-06-22 09:17:42,741.75,290953
2021-06-22 09:17:44,741.75,291344
2021-06-22 09:17:44,741.75,291280
2021-06-22 09:17:46,741.8,292480
2021-06-22 09:17:47,741.55,292923
2021-06-22 09:17:48,741.5,294253
2021-06-22 09:17:49,742.0,298402
2021-06-22 09:17:50,741.8,298404
2021-06-22 09:17:51,742.0,298410
2021-06-22 09:17:52,741.75,298511
2021-06-22 09:17:53,741.75,298962
2021-06-22 09:17:54,741.8,299018
2021-06-22 09:17:55,741.8,300940
2021-06-22 09:17:55,741.8,300940
2021-06-22 09:17:57,742.0,305276
2021-06-22 09:17:58,742.45,305344
2021-06-22 09:17:59,742.45,305450
2021-06-22 09:18:00,741.85,307409
2021-06-22 09:18:01,742.0,307460
2021-06-22 09:18:02,742.05,307798
2021-06-22 09:18:03,741.85,308015
2021-06-22 09:18:07,741.75,311708
2021-06-22 09:18:07,741.75,311708
2021-06-22 09:18:09,741.5,312669
2021-06-22 09:18:10,741.3,313963
2021-06-22 09:18:11,741.7,314271
2021-06-22 09:18:13,741.55,314509
2021-06-22 09:18:14,741.7,314549
2021-06-22 09:18:14,741.7,314549
2021-06-22 09:18:15,741.7,314782
2021-06-22 09:18:17,741.55,314837
2021-06-22 09:18:17,741.7,314927
2021-06-22 09:18:18,741.8,316436
2021-06-22 09:18:20,741.9,316801
2021-06-22 09:18:21,741.9,316889
2021-06-22 09:18:22,741.9,317361
2021-06-22 09:18:24,741.75,317549
2021-06-22 09:18:25,741.75,317597
2021-06-22 09:18:26,741.9,317979
2021-06-22 09:18:27,741.7,318473
2021-06-22 09:18:28,741.9,319329
2021-06-22 09:18:29,741.9,319329
2021-06-22 09:18:31,741.9,320941
2021-06-22 09:18:30,741.8,320893
2021-06-22 09:18:32,741.9,321187
2021-06-22 09:18:33,741.9,321774
2021-06-22 09:18:33,741.8,321861
2021-06-22 09:18:35,742.0,323048
2021-06-22 09:18:36,742.2,323361
2021-06-22 09:18:37,742.2,323784
2021-06-22 09:18:38,742.0,324894
2021-06-22 09:18:39,742.0,324894
2021-06-22 09:18:40,742.15,325437
2021-06-22 09:18:41,742.15,325557
2021-06-22 09:18:42,742.15,325702
2021-06-22 09:18:43,741.9,325910
2021-06-22 09:18:43,741.9,325910
2021-06-22 09:18:45,742.2,326835
2021-06-22 09:18:46,742.15,327018
2021-06-22 09:18:47,742.2,327078
2021-06-22 09:18:48,742.15,328651
2021-06-22 09:18:49,742.4,328741
2021-06-22 09:18:50,742.5,330037
2021-06-22 09:18:51,742.3,330800
2021-06-22 09:18:51,742.3,330800
2021-06-22 09:18:53,742.65,331030
2021-06-22 09:18:54,742.65,331139
2021-06-22 09:18:54,742.6,331159
2021-06-22 09:18:55,742.25,331420
2021-06-22 09:18:56,742.3,331638
2021-06-22 09:18:58,742.3,332337
2021-06-22 09:18:59,742.3,332651
2021-06-22 09:19:00,742.3,333121
2021-06-22 09:19:01,742.4,333503
2021-06-22 09:19:02,742.15,335233
2021-06-22 09:19:03,742.25,335253
2021-06-22 09:19:04,742.35,335929
2021-06-22 09:19:05,742.4,336037
2021-06-22 09:19:06,742.65,336287
2021-06-22 09:19:07,742.65,336404
2021-06-22 09:19:08,742.6,337604
2021-06-22 09:19:09,742.65,337656
2021-06-22 09:19:10,742.6,337741
2021-06-22 09:19:11,742.6,337764
2021-06-22 09:19:12,742.6,347666
2021-06-22 09:19:13,742.65,347825
2021-06-22 09:19:14,742.55,347872
2021-06-22 09:19:15,742.55,348127
2021-06-22 09:19:16,742.65,348459
2021-06-22 09:19:17,742.65,348659
2021-06-22 09:19:17,742.65,348659
2021-06-22 09:19:18,742.45,348724
2021-06-22 09:19:19,742.65,350854
2021-06-22 09:19:20,742.6,352976
2021-06-22 09:19:21,742.45,353226
2021-06-22 09:19:22,742.6,353291
2021-06-22 09:19:23,742.65,353651
2021-06-22 09:19:25,742.65,355288
2021-06-22 09:19:26,742.5,355887
2021-06-22 09:19:27,742.5,355887
2021-06-22 09:19:28,742.8,369133
2021-06-22 09:19:29,742.85,369134
2021-06-22 09:19:30,742.85,369204
2021-06-22 09:19:31,743.2,376622
2021-06-22 09:19:32,742.85,377417
2021-06-22 09:19:33,743.5,377813
2021-06-22 09:19:35,743.5,378371
2021-06-22 09:19:36,743.2,379077
2021-06-22 09:19:38,743.2,379305
2021-06-22 09:19:39,743.15,380542
2021-06-22 09:19:40,743.15,380542
2021-06-22 09:19:41,743.1,380563
2021-06-22 09:19:42,743.1,381388
2021-06-22 09:19:43,743.0,381696
2021-06-22 09:19:44,743.3,384884
2021-06-22 09:19:45,743.1,384934
2021-06-22 09:19:46,743.1,386538
2021-06-22 09:19:47,743.1,386904
2021-06-22 09:19:48,743.45,387183
2021-06-22 09:19:49,743.45,387183
2021-06-22 09:19:50,743.3,387623
2021-06-22 09:19:51,743.3,387872
2021-06-22 09:19:52,743.45,387876
2021-06-22 09:19:53,743.3,388206
2021-06-22 09:19:54,743.45,388406
2021-06-22 09:19:55,743.4,388670
2021-06-22 09:19:56,743.15,398642
2021-06-22 09:19:57,743.15,398642
2021-06-22 09:19:58,743.15,399093
2021-06-22 09:19:59,743.15,402908
2021-06-22 09:20:01,743.15,404083
2021-06-22 09:20:02,743.15,404083
2021-06-22 09:20:04,743.15,404308
2021-06-22 09:20:06,743.05,413573
2021-06-22 09:20:07,743.15,413931
2021-06-22 09:20:08,743.15,414059
2021-06-22 09:20:09,743.15,414519
2021-06-22 09:20:10,743.1,414549
2021-06-22 09:20:11,743.1,414549
2021-06-22 09:20:11,743.15,414589
2021-06-22 09:20:12,743.15,414589
2021-06-22 09:20:13,743.25,415213
2021-06-22 09:20:14,743.15,415526
2021-06-22 09:20:15,743.15,415548
2021-06-22 09:20:16,743.45,416892
2021-06-22 09:20:17,743.3,417199
2021-06-22 09:20:18,743.3,417199
2021-06-22 09:20:19,743.45,417211
2021-06-22 09:20:21,743.3,417212
2021-06-22 09:20:22,743.3,417852
2021-06-22 09:20:23,743.45,418012
2021-06-22 09:20:23,743.45,418112
2021-06-22 09:20:25,743.25,419620
2021-06-22 09:20:26,743.3,419986
2021-06-22 09:20:27,743.4,420125
2021-06-22 09:20:28,743.4,420410
2021-06-22 09:20:29,743.3,420675
2021-06-22 09:20:30,743.4,421675
2021-06-22 09:20:31,743.4,421899
2021-06-22 09:20:33,743.4,424344
2021-06-22 09:20:34,743.4,424859
2021-06-22 09:20:35,743.2,424902
2021-06-22 09:20:37,743.3,424933
2021-06-22 09:20:36,743.3,424912
2021-06-22 09:20:38,743.3,425238
2021-06-22 09:20:39,743.3,425259
2021-06-22 09:20:41,743.4,425777
2021-06-22 09:20:42,743.4,425777
2021-06-22 09:20:43,743.3,425887
2021-06-22 09:20:44,743.3,425887
2021-06-22 09:20:45,743.15,426507
2021-06-22 09:20:46,743.4,426787
2021-06-22 09:20:47,743.4,426847
2021-06-22 09:20:48,743.25,427309
2021-06-22 09:20:49,743.4,428869
2021-06-22 09:20:50,743.55,433234
2021-06-22 09:20:51,743.65,433541
2021-06-22 09:20:52,743.5,433554
2021-06-22 09:20:53,743.65,433715
2021-06-22 09:20:54,743.45,433716
2021-06-22 09:20:55,743.45,433746
2021-06-22 09:20:56,743.45,433746
2021-06-22 09:20:57,743.65,434247
2021-06-22 09:20:58,743.75,434282
2021-06-22 09:20:59,743.85,434589
2021-06-22 09:21:00,743.85,434617
2021-06-22 09:21:01,743.5,434678
2021-06-22 09:21:02,743.5,434743
2021-06-22 09:21:03,743.85,435164
2021-06-22 09:21:04,743.8,435724
2021-06-22 09:21:05,743.6,435850
2021-06-22 09:21:06,743.6,435850
2021-06-22 09:21:07,743.65,436158
2021-06-22 09:21:08,743.8,436258
2021-06-22 09:21:09,743.85,436288
2021-06-22 09:21:10,743.55,436299
2021-06-22 09:21:11,743.75,436402
2021-06-22 09:21:12,743.8,437403
2021-06-22 09:21:13,743.7,437968
2021-06-22 09:21:14,743.8,438328
2021-06-22 09:21:15,743.85,438342
2021-06-22 09:21:16,743.85,438522
2021-06-22 09:21:17,743.85,438522
2021-06-22 09:21:18,743.85,438572
2021-06-22 09:21:19,743.85,438572
2021-06-22 09:21:20,743.85,438680
2021-06-22 09:21:21,743.75,438994
2021-06-22 09:21:22,743.95,439009
2021-06-22 09:21:23,743.95,439009
2021-06-22 09:21:24,743.95,439023
2021-06-22 09:21:25,743.7,440198
2021-06-22 09:21:26,743.7,440198
2021-06-22 09:21:27,743.95,440248
2021-06-22 09:21:28,744.0,441240
2021-06-22 09:21:29,744.0,441303
2021-06-22 09:21:30,744.0,441572
2021-06-22 09:21:31,743.95,441582
2021-06-22 09:21:32,744.0,441694
2021-06-22 09:21:33,744.0,441873
2021-06-22 09:21:35,744.0,441977
2021-06-22 09:21:36,743.9,442402
2021-06-22 09:21:37,743.9,444359
2021-06-22 09:21:38,744.0,444419
2021-06-22 09:21:39,744.0,444619
2021-06-22 09:21:40,744.0,444744
2021-06-22 09:21:41,744.0,444744
2021-06-22 09:21:42,743.95,444886
2021-06-22 09:21:43,743.95,445036
2021-06-22 09:21:44,743.95,445746
2021-06-22 09:21:45,744.0,445778
2021-06-22 09:21:46,744.0,445978
2021-06-22 09:21:47,744.0,446002
2021-06-22 09:21:48,744.0,446022
2021-06-22 09:21:49,744.0,446248
2021-06-22 09:21:50,744.0,447048
2021-06-22 09:21:51,744.0,447059
2021-06-22 09:21:52,744.0,447069
2021-06-22 09:21:53,744.0,447400
2021-06-22 09:21:54,743.6,450528
2021-06-22 09:21:55,744.0,450529
2021-06-22 09:21:56,744.0,450529
2021-06-22 09:21:57,743.65,450900
2021-06-22 09:21:58,743.95,451902
2021-06-22 09:21:59,744.0,452102
2021-06-22 09:22:00,744.0,452307
2021-06-22 09:22:01,743.6,452601
2021-06-22 09:22:02,743.6,452601
2021-06-22 09:22:03,743.7,452643
2021-06-22 09:22:05,743.7,452839
2021-06-22 09:22:06,743.85,453164
2021-06-22 09:22:07,743.9,454187
2021-06-22 09:22:08,743.9,454535
2021-06-22 09:22:09,743.55,454539
2021-06-22 09:22:10,743.65,456271
2021-06-22 09:22:11,743.45,456511
2021-06-22 09:22:12,743.55,456759
2021-06-22 09:22:13,743.55,456864
2021-06-22 09:22:14,743.65,456964
2021-06-22 09:22:15,743.75,457064
2021-06-22 09:22:17,743.65,459082
2021-06-22 09:22:18,743.65,459313
2021-06-22 09:22:19,743.95,459513
2021-06-22 09:22:20,744.5,467864
2021-06-22 09:22:21,744.45,468100
2021-06-22 09:22:22,744.35,468354
2021-06-22 09:22:23,744.35,468791
2021-06-22 09:22:24,744.35,468929
2021-06-22 09:22:25,744.4,469159
2021-06-22 09:22:27,744.0,472651
2021-06-22 09:22:29,744.3,472662
2021-06-22 09:22:30,743.9,472862
2021-06-22 09:22:31,744.3,475456
2021-06-22 09:22:32,744.2,475531
2021-06-22 09:22:33,744.2,475782
2021-06-22 09:22:34,744.2,475782
2021-06-22 09:22:35,744.2,475783
2021-06-22 09:22:36,744.2,476228
2021-06-22 09:22:37,744.2,476513
2021-06-22 09:22:38,744.2,476746
2021-06-22 09:22:39,744.0,476843
2021-06-22 09:22:40,744.0,477052
2021-06-22 09:22:41,744.0,477075
2021-06-22 09:22:42,744.25,477252
2021-06-22 09:22:43,744.3,477568
2021-06-22 09:22:44,744.3,477621
2021-06-22 09:22:45,744.2,478030
2021-06-22 09:22:46,744.4,478959
2021-06-22 09:22:47,744.1,479003
2021-06-22 09:22:48,744.1,479192
2021-06-22 09:22:50,744.4,479581
2021-06-22 09:22:51,744.4,479731
2021-06-22 09:22:52,744.4,480196
2021-06-22 09:22:53,744.35,480558
2021-06-22 09:22:54,744.35,480558
2021-06-22 09:22:55,744.2,480633
2021-06-22 09:22:56,744.1,480810
2021-06-22 09:22:57,744.1,480810
2021-06-22 09:22:58,744.2,480815
2021-06-22 09:22:59,744.2,480815
2021-06-22 09:23:00,744.4,481821
2021-06-22 09:23:01,744.4,482070
2021-06-22 09:23:02,744.4,482099
2021-06-22 09:23:03,744.35,482662
2021-06-22 09:23:04,744.0,483042
2021-06-22 09:23:05,744.3,483247
2021-06-22 09:23:06,744.05,483822
2021-06-22 09:23:07,744.05,483822
2021-06-22 09:23:08,744.2,484096
2021-06-22 09:23:09,744.35,490637
2021-06-22 09:23:10,744.2,490672
2021-06-22 09:23:11,744.2,491673
2021-06-22 09:23:12,744.2,491673
2021-06-22 09:23:13,744.4,491845
2021-06-22 09:23:14,744.4,491995
2021-06-22 09:23:15,744.4,493125
2021-06-22 09:23:16,744.4,494729
2021-06-22 09:23:17,744.4,494729
2021-06-22 09:23:18,744.4,494979
2021-06-22 09:23:19,744.4,495049
2021-06-22 09:23:20,744.2,495398
2021-06-22 09:23:21,744.3,495509
2021-06-22 09:23:22,744.3,495509
2021-06-22 09:23:23,744.45,496163
2021-06-22 09:23:24,744.65,496283
2021-06-22 09:23:25,744.35,496373
2021-06-22 09:23:26,744.2,496433
2021-06-22 09:23:27,744.2,497140
2021-06-22 09:23:28,744.3,497147
2021-06-22 09:23:29,744.2,497388
2021-06-22 09:23:30,744.25,498597
2021-06-22 09:23:31,744.25,498612
2021-06-22 09:23:32,744.2,498662
2021-06-22 09:23:33,744.0,499089
2021-06-22 09:23:34,743.9,503742
2021-06-22 09:23:36,743.95,504377
2021-06-22 09:23:37,743.95,504378
2021-06-22 09:23:38,743.95,504388
2021-06-22 09:23:38,743.95,504388
2021-06-22 09:23:39,743.95,504583
2021-06-22 09:23:40,743.75,504858
2021-06-22 09:23:41,744.0,504891
2021-06-22 09:23:42,743.8,505495
2021-06-22 09:23:43,743.95,505891
2021-06-22 09:23:44,744.0,505987
2021-06-22 09:23:46,744.05,506384
2021-06-22 09:23:47,744.0,506471
2021-06-22 09:23:53,744.05,509012
2021-06-22 09:23:54,744.0,509152
2021-06-22 09:23:55,744.0,509371
2021-06-22 09:23:56,743.9,509443
2021-06-22 09:23:57,744.0,510185
2021-06-22 09:23:59,744.0,510320
2021-06-22 09:24:01,743.8,510385
2021-06-22 09:24:02,743.9,510667
2021-06-22 09:24:03,744.0,510736
2021-06-22 09:24:04,743.9,510737
2021-06-22 09:24:05,744.0,510837
2021-06-22 09:24:06,744.0,511246
2021-06-22 09:24:07,743.75,511507
2021-06-22 09:24:08,743.7,512377
2021-06-22 09:24:09,743.7,512549
2021-06-22 09:24:10,744.0,512553
2021-06-22 09:24:11,744.0,514598
2021-06-22 09:24:12,744.0,514638
2021-06-22 09:24:13,743.95,515070
2021-06-22 09:24:14,744.2,519021
2021-06-22 09:24:15,744.3,519266
2021-06-22 09:24:16,744.4,519612
2021-06-22 09:24:17,744.4,519632
2021-06-22 09:24:18,744.05,520610
2021-06-22 09:24:20,744.4,520794
2021-06-22 09:24:21,744.1,520808
2021-06-22 09:24:22,744.1,520810
2021-06-22 09:24:23,744.4,521096
2021-06-22 09:24:24,744.2,521161
2021-06-22 09:24:25,744.2,521211
2021-06-22 09:24:26,744.35,521616
2021-06-22 09:24:27,744.2,522297
2021-06-22 09:24:28,744.2,522297
2021-06-22 09:24:29,744.0,522319
2021-06-22 09:24:30,744.25,522619
2021-06-22 09:24:31,744.25,522699
2021-06-22 09:24:33,744.4,523920
2021-06-22 09:24:34,744.4,523930
2021-06-22 09:24:35,744.0,524075
2021-06-22 09:24:35,744.3,524101
2021-06-22 09:24:37,744.3,524171
2021-06-22 09:24:38,744.1,526371
2021-06-22 09:24:39,744.35,526521
2021-06-22 09:24:40,744.2,526576
2021-06-22 09:24:41,744.4,526678
2021-06-22 09:24:42,744.35,527027
2021-06-22 09:24:43,744.4,527275
2021-06-22 09:24:44,744.15,527739
2021-06-22 09:24:45,744.4,527909
2021-06-22 09:24:47,744.05,527948
2021-06-22 09:24:48,744.0,528348
2021-06-22 09:24:49,744.0,528348
2021-06-22 09:24:50,744.0,528348
2021-06-22 09:24:51,744.0,528522
2021-06-22 09:24:52,744.0,528772
2021-06-22 09:24:53,744.0,528872
2021-06-22 09:24:54,744.0,529533
2021-06-22 09:24:55,744.0,529533
2021-06-22 09:24:56,744.2,529571
2021-06-22 09:24:57,744.2,529706
2021-06-22 09:24:59,744.2,529706
2021-06-22 09:25:00,744.2,529868
2021-06-22 09:25:02,744.0,529993
2021-06-22 09:25:03,743.85,532088
2021-06-22 09:25:04,743.95,532601
2021-06-22 09:25:04,743.95,532601
2021-06-22 09:25:05,744.0,532781
2021-06-22 09:25:06,744.0,532781
2021-06-22 09:25:09,743.75,533346
2021-06-22 09:25:10,743.7,533350
2021-06-22 09:25:11,743.8,533383
2021-06-22 09:25:12,743.7,533392
2021-06-22 09:25:13,743.8,533407
2021-06-22 09:25:14,743.65,533538
2021-06-22 09:25:15,744.0,533813
2021-06-22 09:25:16,743.65,533828
2021-06-22 09:25:17,743.55,534528
2021-06-22 09:25:18,743.55,534838
2021-06-22 09:25:19,743.55,534838
2021-06-22 09:25:20,743.55,534838
2021-06-22 09:25:21,743.55,534838
2021-06-22 09:25:22,743.9,534979
2021-06-22 09:25:23,743.9,534979
2021-06-22 09:25:24,743.65,535076
2021-06-22 09:25:25,743.9,535116
2021-06-22 09:25:26,743.85,539570
2021-06-22 09:25:26,743.9,539580
2021-06-22 09:25:27,743.9,540079
2021-06-22 09:25:28,743.55,540170
2021-06-22 09:25:29,743.6,540712
2021-06-22 09:25:30,743.7,541366
2021-06-22 09:25:32,743.95,542095
2021-06-22 09:25:33,744.2,544688
2021-06-22 09:25:34,744.05,544788
2021-06-22 09:25:35,744.05,544788
2021-06-22 09:25:35,744.05,544788
2021-06-22 09:25:36,744.05,544788
2021-06-22 09:25:37,743.6,544930
2021-06-22 09:25:39,743.95,544947
2021-06-22 09:25:40,743.95,544947
2021-06-22 09:25:41,743.9,545082
2021-06-22 09:25:41,743.9,545082
2021-06-22 09:25:42,743.9,545082
2021-06-22 09:25:43,744.0,545132
2021-06-22 09:25:44,744.05,545314
2021-06-22 09:25:46,744.2,545514
2021-06-22 09:25:47,744.2,545514
2021-06-22 09:25:48,744.2,545564
2021-06-22 09:25:49,744.15,545673
2021-06-22 09:25:49,744.2,545713
2021-06-22 09:25:51,743.8,545933
2021-06-22 09:25:53,744.0,545936
2021-06-22 09:25:54,743.8,545946
2021-06-22 09:25:54,743.8,545946
2021-06-22 09:25:55,744.2,547147
2021-06-22 09:25:56,744.15,547197
2021-06-22 09:25:57,744.0,547227
2021-06-22 09:25:58,744.0,547227
2021-06-22 09:26:01,743.75,547267
2021-06-22 09:26:02,743.75,547267
2021-06-22 09:26:02,743.75,547267
2021-06-22 09:26:03,744.1,547272
2021-06-22 09:26:04,744.0,547387
2021-06-22 09:26:05,744.0,547437
2021-06-22 09:26:06,744.0,547712
2021-06-22 09:26:08,744.0,547762
2021-06-22 09:26:09,744.0,547762
2021-06-22 09:26:10,743.9,548790
2021-06-22 09:26:11,744.05,548907
2021-06-22 09:26:12,743.8,549334
2021-06-22 09:26:13,744.0,549336
2021-06-22 09:26:14,744.0,549436
2021-06-22 09:26:15,744.0,549436
2021-06-22 09:26:16,743.7,549442
2021-06-22 09:26:17,743.9,549542
2021-06-22 09:26:18,744.05,549842
2021-06-22 09:26:18,744.05,549942
2021-06-22 09:26:19,744.0,550326
2021-06-22 09:26:22,744.0,550326
2021-06-22 09:26:23,744.0,550326
2021-06-22 09:26:23,744.0,550326
2021-06-22 09:26:24,744.0,550326
2021-06-22 09:26:25,743.95,551527
2021-06-22 09:26:26,743.6,552067
2021-06-22 09:26:27,743.95,552142
2021-06-22 09:26:28,743.6,552463
2021-06-22 09:26:29,743.6,552463
2021-06-22 09:26:30,743.9,552464
2021-06-22 09:26:31,743.9,552464
2021-06-22 09:26:32,743.9,552465
2021-06-22 09:26:33,743.7,552476
2021-06-22 09:26:34,743.7,552476
2021-06-22 09:26:35,743.7,552501
2021-06-22 09:26:37,744.0,553544
2021-06-22 09:26:38,743.5,555922
2021-06-22 09:26:38,743.5,555922
2021-06-22 09:26:39,743.75,555947
2021-06-22 09:26:40,743.5,555949
2021-06-22 09:26:41,743.85,555970
2021-06-22 09:26:42,743.5,556294
2021-06-22 09:26:44,743.5,556294
2021-06-22 09:26:45,742.4,569937
2021-06-22 09:26:46,742.8,571705
2021-06-22 09:26:47,742.35,571785
2021-06-22 09:26:48,742.35,571785
2021-06-22 09:26:49,742.35,571785
2021-06-22 09:26:50,742.3,572186
2021-06-22 09:26:50,742.45,572282
2021-06-22 09:26:51,742.35,572517
2021-06-22 09:26:52,742.4,572521
2021-06-22 09:26:53,742.4,573348
2021-06-22 09:26:54,742.4,573353
2021-06-22 09:26:55,742.55,573499
2021-06-22 09:26:56,742.5,573509
2021-06-22 09:26:57,742.9,573809
2021-06-22 09:26:59,742.9,573809
2021-06-22 09:27:00,742.55,573819
2021-06-22 09:27:01,742.8,574224
2021-06-22 09:27:02,742.8,574224
2021-06-22 09:27:03,742.8,574224
2021-06-22 09:27:04,742.55,574276
2021-06-22 09:27:05,742.55,574376
2021-06-22 09:27:06,742.55,574450
2021-06-22 09:27:07,742.85,574502
2021-06-22 09:27:08,742.85,574652
2021-06-22 09:27:09,742.65,574752
2021-06-22 09:27:10,742.65,574752
2021-06-22 09:27:11,742.8,574967
2021-06-22 09:27:11,742.55,574778
2021-06-22 09:27:13,742.8,575067
2021-06-22 09:27:14,742.8,575182
2021-06-22 09:27:15,742.8,575390
2021-06-22 09:27:16,742.85,576230
2021-06-22 09:27:17,742.85,576230
2021-06-22 09:27:18,742.8,576288
2021-06-22 09:27:19,742.85,576308
2021-06-22 09:27:20,742.85,576308
2021-06-22 09:27:21,742.55,576360
2021-06-22 09:27:22,742.85,576382
2021-06-22 09:27:23,742.8,576590
2021-06-22 09:27:24,742.8,576590
2021-06-22 09:27:25,742.8,576641
2021-06-22 09:27:26,742.6,576986
2021-06-22 09:27:27,742.6,576986
2021-06-22 09:27:28,742.6,576986
2021-06-22 09:27:29,742.9,577254
2021-06-22 09:27:30,742.55,577264
2021-06-22 09:27:31,742.85,577288
2021-06-22 09:27:32,742.85,577298
2021-06-22 09:27:33,742.65,577400
2021-06-22 09:27:34,742.65,577705
2021-06-22 09:27:35,742.8,577706
2021-06-22 09:27:36,742.8,577725
2021-06-22 09:27:37,742.85,578112
2021-06-22 09:27:38,742.85,578112
2021-06-22 09:27:39,742.9,578256
2021-06-22 09:27:40,742.65,578266
2021-06-22 09:27:41,742.9,578301
2021-06-22 09:27:42,743.0,578706
2021-06-22 09:27:43,743.0,578706
2021-06-22 09:27:44,742.9,578840
2021-06-22 09:27:45,742.9,578840
2021-06-22 09:27:46,743.3,581365
2021-06-22 09:27:47,743.0,581915
2021-06-22 09:27:48,743.0,581915
2021-06-22 09:27:49,743.0,581950
2021-06-22 09:27:50,743.3,581965
2021-06-22 09:27:52,743.25,582047
2021-06-22 09:27:53,743.25,582107
2021-06-22 09:27:54,743.25,582107
2021-06-22 09:27:55,742.95,582693
2021-06-22 09:27:56,743.25,583193
2021-06-22 09:27:56,743.25,583193
2021-06-22 09:27:57,743.25,583493
2021-06-22 09:27:59,743.25,583493
2021-06-22 09:28:00,743.25,583743
2021-06-22 09:28:01,743.25,583743
2021-06-22 09:28:02,743.05,583864
2021-06-22 09:28:03,743.1,584182
2021-06-22 09:28:04,743.1,584182
2021-06-22 09:28:05,743.2,584362
2021-06-22 09:28:06,743.2,584362
2021-06-22 09:28:07,743.0,584647
2021-06-22 09:28:08,743.2,584717
2021-06-22 09:28:08,743.0,584832
2021-06-22 09:28:09,743.0,584832
2021-06-22 09:28:11,743.0,584982
2021-06-22 09:28:12,743.25,585292
2021-06-22 09:28:13,743.3,585299
2021-06-22 09:28:14,743.0,585345
2021-06-22 09:28:15,743.3,585350
2021-06-22 09:28:16,743.0,585390
2021-06-22 09:28:17,743.3,585538
2021-06-22 09:28:18,743.3,585538
2021-06-22 09:28:19,743.4,586654
2021-06-22 09:28:20,743.4,586654
2021-06-22 09:28:21,743.4,586654
2021-06-22 09:28:22,743.2,586664
2021-06-22 09:28:23,743.2,586671
2021-06-22 09:28:24,743.2,586854
2021-06-22 09:28:25,743.0,586864
2021-06-22 09:28:26,743.0,586864
2021-06-22 09:28:27,743.0,587902
2021-06-22 09:28:28,743.05,588120
2021-06-22 09:28:29,743.05,588120
2021-06-22 09:28:31,743.0,588170
2021-06-22 09:28:32,743.0,588170
2021-06-22 09:28:34,743.05,588195
2021-06-22 09:28:35,743.05,588195
2021-06-22 09:28:36,743.2,588253
2021-06-22 09:28:37,743.0,588429
2021-06-22 09:28:40,743.1,588616
2021-06-22 09:28:41,743.05,588703
2021-06-22 09:28:42,743.05,588790
2021-06-22 09:28:43,743.3,588850
2021-06-22 09:28:44,743.3,588850
2021-06-22 09:28:45,743.3,588870
2021-06-22 09:28:46,743.15,589094
2021-06-22 09:28:47,743.15,589094
2021-06-22 09:28:48,743.1,589235
2021-06-22 09:28:48,743.1,589235
2021-06-22 09:28:49,743.2,589283
2021-06-22 09:28:50,743.1,589365
2021-06-22 09:28:52,743.3,589390
2021-06-22 09:28:52,743.1,589385
2021-06-22 09:28:53,743.15,589815
2021-06-22 09:28:54,743.3,589840
2021-06-22 09:28:56,743.2,590233
2021-06-22 09:28:57,743.3,590235
2021-06-22 09:28:58,743.3,590245
2021-06-22 09:29:00,743.1,590619
2021-06-22 09:29:01,743.3,590624
2021-06-22 09:29:02,743.1,590911
2021-06-22 09:29:03,743.1,591085
2021-06-22 09:29:04,743.3,591095
2021-06-22 09:29:05,743.25,591645
2021-06-22 09:29:06,743.5,593675
2021-06-22 09:29:07,743.45,594504
2021-06-22 09:29:09,743.4,594641
2021-06-22 09:29:10,743.7,594652
2021-06-22 09:29:11,743.7,594652
2021-06-22 09:29:12,743.7,594995
2021-06-22 09:29:13,743.7,594995
2021-06-22 09:29:14,743.7,595005
2021-06-22 09:29:15,743.7,595005
2021-06-22 09:29:16,743.7,595005
2021-06-22 09:29:17,743.6,595008
2021-06-22 09:29:18,743.6,595008
2021-06-22 09:29:19,743.7,595163
2021-06-22 09:29:20,743.7,595484
2021-06-22 09:29:21,743.9,598729
2021-06-22 09:29:22,743.9,598729
2021-06-22 09:29:23,743.85,599078
2021-06-22 09:29:24,743.8,599251
2021-06-22 09:29:25,743.8,599251
2021-06-22 09:29:26,743.9,599517
2021-06-22 09:29:27,743.9,599517
2021-06-22 09:29:28,743.75,599711
2021-06-22 09:29:29,743.55,602111
2021-06-22 09:29:30,743.5,602209
2021-06-22 09:29:31,743.85,602210
2021-06-22 09:29:32,743.85,602212
2021-06-22 09:29:33,743.5,602388
2021-06-22 09:29:34,743.85,602538
2021-06-22 09:29:35,743.85,602548
2021-06-22 09:29:36,743.55,602635
2021-06-22 09:29:37,743.55,602660
2021-06-22 09:29:38,743.55,602747
2021-06-22 09:29:39,743.55,602747
2021-06-22 09:29:40,743.55,602747
2021-06-22 09:29:41,743.5,602757
2021-06-22 09:29:42,743.5,602777
2021-06-22 09:29:43,743.75,603020
2021-06-22 09:29:44,743.75,603190
2021-06-22 09:29:45,743.75,603193
2021-06-22 09:29:46,743.75,603343
2021-06-22 09:29:47,743.6,603348
2021-06-22 09:29:48,743.6,603378
2021-06-22 09:29:49,743.75,603434
2021-06-22 09:29:50,743.5,603534
2021-06-22 09:29:51,743.8,604153
2021-06-22 09:29:52,743.5,604747
2021-06-22 09:29:53,743.5,604747
2021-06-22 09:29:54,743.8,604748
2021-06-22 09:29:55,743.55,604922
2021-06-22 09:29:56,743.5,605053
2021-06-22 09:29:57,743.55,606309
2021-06-22 09:29:58,743.55,606309
2021-06-22 09:29:59,743.3,606732
2021-06-22 09:30:00,743.3,606732
2021-06-22 09:30:01,743.65,606747
2021-06-22 09:30:02,743.5,606749
2021-06-22 09:30:03,743.5,606789
2021-06-22 09:30:04,743.3,607723
2021-06-22 09:30:05,743.45,608276
2021-06-22 09:30:06,743.3,608375
2021-06-22 09:30:07,743.3,608375
2021-06-22 09:30:08,743.2,608740
2021-06-22 09:30:11,743.3,609859
2021-06-22 09:30:12,742.9,611397
2021-06-22 09:30:13,742.9,611438
2021-06-22 09:30:14,742.55,613728
2021-06-22 09:30:15,742.5,615185
2021-06-22 09:30:16,742.5,615185
2021-06-22 09:30:17,742.3,615348
2021-06-22 09:30:18,742.3,615348
2021-06-22 09:30:19,742.3,615348
2021-06-22 09:30:20,742.5,615373
2021-06-22 09:30:21,742.6,615385
2021-06-22 09:30:22,742.6,615385
2021-06-22 09:30:23,742.3,615386
2021-06-22 09:30:24,742.6,615416
2021-06-22 09:30:25,742.6,615626
2021-06-22 09:30:26,742.6,615630
2021-06-22 09:30:27,742.45,615766
2021-06-22 09:30:28,742.6,615791
2021-06-22 09:30:30,742.4,616171
2021-06-22 09:30:31,742.4,616272
2021-06-22 09:30:32,742.15,621662
2021-06-22 09:30:33,741.65,621832
2021-06-22 09:30:34,741.95,621952
2021-06-22 09:30:35,741.95,621952
2021-06-22 09:30:36,742.4,621982
2021-06-22 09:30:37,742.4,621982
2021-06-22 09:30:38,742.0,621984
2021-06-22 09:30:39,742.0,621984
2021-06-22 09:30:40,742.0,621984
2021-06-22 09:30:41,742.4,622224
2021-06-22 09:30:42,742.4,622224
2021-06-22 09:30:43,742.4,622224
2021-06-22 09:30:44,742.5,622376
2021-06-22 09:30:45,742.3,622507
2021-06-22 09:30:46,742.3,622550
2021-06-22 09:30:47,742.5,622555
2021-06-22 09:30:48,742.3,622691
2021-06-22 09:30:49,742.3,622822
2021-06-22 09:30:50,742.5,622922
2021-06-22 09:30:51,742.3,622977
2021-06-22 09:30:52,742.2,623264
2021-06-22 09:30:53,742.2,623264
2021-06-22 09:30:56,742.2,623584
2021-06-22 09:30:57,742.2,623584
2021-06-22 09:30:58,742.2,623584
2021-06-22 09:30:59,742.2,623591
2021-06-22 09:31:03,742.3,624330
2021-06-22 09:31:04,742.15,625152
2021-06-22 09:31:05,742.3,625662
2021-06-22 09:31:06,742.3,625662
2021-06-22 09:31:07,742.3,625680
2021-06-22 09:31:08,742.1,625790
2021-06-22 09:31:09,741.85,626740
2021-06-22 09:31:10,742.2,626750
2021-06-22 09:31:11,742.2,626750
2021-06-22 09:31:12,742.25,627387
2021-06-22 09:31:14,741.9,627437
2021-06-22 09:31:15,741.9,627437
2021-06-22 09:31:16,742.1,627487
2021-06-22 09:31:17,742.2,627498
2021-06-22 09:31:18,742.2,627498
2021-06-22 09:31:19,742.0,627606
2021-06-22 09:31:20,741.95,627706
2021-06-22 09:31:21,741.95,628099
2021-06-22 09:31:22,742.05,628106
2021-06-22 09:31:23,742.25,628195
2021-06-22 09:31:24,742.05,628362
2021-06-22 09:31:25,742.2,628524
2021-06-22 09:31:26,742.2,628574
2021-06-22 09:31:27,742.25,628758
2021-06-22 09:31:28,742.2,628976
2021-06-22 09:31:29,742.0,629019
2021-06-22 09:31:30,742.2,629081
2021-06-22 09:31:31,742.15,630019
2021-06-22 09:31:32,742.1,630257
2021-06-22 09:31:34,742.3,630285
2021-06-22 09:31:33,742.1,630257
2021-06-22 09:31:35,742.1,630627
2021-06-22 09:31:36,742.25,630660
2021-06-22 09:31:37,742.0,630925
2021-06-22 09:31:38,742.0,630978
2021-06-22 09:31:39,742.0,631254
2021-06-22 09:31:40,742.25,643147
2021-06-22 09:31:41,742.05,643162
2021-06-22 09:31:42,742.05,643162
2021-06-22 09:31:43,742.05,643162
2021-06-22 09:31:44,742.05,643162
2021-06-22 09:31:45,742.4,646040
2021-06-22 09:31:46,742.2,646176
2021-06-22 09:31:47,742.0,647320
2021-06-22 09:31:48,742.15,647344
2021-06-22 09:31:50,742.45,647390
2021-06-22 09:31:51,742.5,647530
2021-06-22 09:31:52,742.3,647627
2021-06-22 09:31:54,742.5,647935
2021-06-22 09:31:55,742.3,648394
2021-06-22 09:31:56,742.5,648845
2021-06-22 09:31:57,742.5,648845
2021-06-22 09:31:58,742.5,648845
2021-06-22 09:31:59,742.5,648895
2021-06-22 09:32:00,742.6,649361
2021-06-22 09:32:01,742.6,649361
2021-06-22 09:32:02,742.6,649361
2021-06-22 09:32:03,742.4,649554
2021-06-22 09:32:05,742.6,649679
2021-06-22 09:32:07,742.15,649985
2021-06-22 09:32:08,742.5,650135
2021-06-22 09:32:10,742.55,650140
2021-06-22 09:32:09,742.55,650140
2021-06-22 09:32:11,742.5,650241
2021-06-22 09:32:12,742.5,650667
2021-06-22 09:32:14,742.5,650747
2021-06-22 09:32:15,742.5,650758
2021-06-22 09:32:16,742.6,650807
2021-06-22 09:32:17,742.5,651107
2021-06-22 09:32:18,742.5,651267
2021-06-22 09:32:19,742.6,651272
2021-06-22 09:32:20,742.6,651272
2021-06-22 09:32:21,742.6,651286
2021-06-22 09:32:22,742.6,651286
2021-06-22 09:32:23,742.6,651286
2021-06-22 09:32:24,742.5,652436
2021-06-22 09:32:25,742.0,656151
2021-06-22 09:32:26,742.05,656307
2021-06-22 09:32:27,741.85,656817
2021-06-22 09:32:28,742.0,657217
2021-06-22 09:32:29,742.0,657247
2021-06-22 09:32:30,742.0,657583
2021-06-22 09:32:31,741.75,657584
2021-06-22 09:32:32,741.75,657584
2021-06-22 09:32:33,741.8,658095
2021-06-22 09:32:34,742.05,658136
2021-06-22 09:32:35,742.05,658136
2021-06-22 09:32:36,741.85,658161
2021-06-22 09:32:37,741.85,658228
2021-06-22 09:32:38,741.85,658231
2021-06-22 09:32:39,741.85,658319
2021-06-22 09:32:40,741.9,658419
2021-06-22 09:32:41,742.0,658528
2021-06-22 09:32:42,741.95,658572
2021-06-22 09:32:43,742.0,658672
2021-06-22 09:32:44,742.05,658876
2021-06-22 09:32:46,742.35,659997
2021-06-22 09:32:47,742.25,660183
2021-06-22 09:32:48,742.35,660855
2021-06-22 09:32:49,742.35,660855
2021-06-22 09:32:50,741.95,661318
2021-06-22 09:32:51,742.3,661363
2021-06-22 09:32:52,742.05,661450
2021-06-22 09:32:53,742.05,661456
2021-06-22 09:32:54,742.1,661743
2021-06-22 09:32:55,742.25,661744
2021-06-22 09:32:56,742.25,661744
2021-06-22 09:32:57,742.3,661751
2021-06-22 09:32:58,742.3,661751
2021-06-22 09:32:59,742.3,661901
2021-06-22 09:33:00,742.2,661902
2021-06-22 09:33:01,742.0,662365
2021-06-22 09:33:02,742.15,662415
2021-06-22 09:33:03,741.9,662514
2021-06-22 09:33:04,741.9,662514
2021-06-22 09:33:05,741.85,662696
2021-06-22 09:33:06,741.85,662883
2021-06-22 09:33:09,741.8,662903
2021-06-22 09:33:10,741.8,662933
2021-06-22 09:33:11,741.8,662933
2021-06-22 09:33:11,742.0,663033
2021-06-22 09:33:12,742.1,663333
2021-06-22 09:33:13,741.9,663371
2021-06-22 09:33:14,741.9,663621
2021-06-22 09:33:15,741.9,663795
2021-06-22 09:33:16,742.05,663878
2021-06-22 09:33:18,741.85,664182
2021-06-22 09:33:18,742.0,664190
2021-06-22 09:33:19,742.3,664756
2021-06-22 09:33:20,742.3,664771
2021-06-22 09:33:21,742.3,664771
2021-06-22 09:33:22,741.95,664863
2021-06-22 09:33:24,741.95,664863
2021-06-22 09:33:24,742.3,664867
2021-06-22 09:33:25,742.3,664967
2021-06-22 09:33:26,741.9,665300
2021-06-22 09:33:27,741.9,665300
2021-06-22 09:33:28,741.9,665409
2021-06-22 09:33:29,742.2,665433
2021-06-22 09:33:30,741.85,665607
2021-06-22 09:33:31,741.85,665827
2021-06-22 09:33:33,742.1,666188
2021-06-22 09:33:34,742.0,666481
2021-06-22 09:33:35,742.2,666581
2021-06-22 09:33:37,741.85,666806
2021-06-22 09:33:37,741.85,666831
2021-06-22 09:33:38,741.85,666831
2021-06-22 09:33:39,741.95,667006
2021-06-22 09:33:40,741.95,667109
2021-06-22 09:33:41,741.95,667109
2021-06-22 09:33:43,741.95,667109
2021-06-22 09:33:43,741.95,667109
2021-06-22 09:33:44,741.95,667284
2021-06-22 09:33:45,741.95,667288
2021-06-22 09:33:46,741.95,667288
2021-06-22 09:33:47,741.9,667462
2021-06-22 09:33:48,742.2,667772
2021-06-22 09:33:49,741.85,667860
2021-06-22 09:33:50,741.85,667861
2021-06-22 09:33:51,741.85,667948
2021-06-22 09:33:52,742.0,669668
2021-06-22 09:33:53,742.0,669668
2021-06-22 09:33:54,741.8,670261
2021-06-22 09:33:55,741.85,670281
2021-06-22 09:33:56,741.85,670331
2021-06-22 09:33:59,741.8,671357
2021-06-22 09:33:59,741.8,671357
2021-06-22 09:34:00,741.8,671357
2021-06-22 09:34:01,741.85,671746
2021-06-22 09:34:02,741.8,671928
2021-06-22 09:34:03,741.65,672261
2021-06-22 09:34:04,741.65,672261
2021-06-22 09:34:05,741.55,672565
2021-06-22 09:34:06,741.85,672581
2021-06-22 09:34:07,741.8,672641
2021-06-22 09:34:08,741.8,672911
2021-06-22 09:34:09,741.8,672911
2021-06-22 09:34:10,741.8,673002
2021-06-22 09:34:11,741.8,673002
2021-06-22 09:34:12,741.95,673931
2021-06-22 09:34:13,741.85,674011
2021-06-22 09:34:15,741.85,674011
2021-06-22 09:34:15,741.85,674011
2021-06-22 09:34:18,741.8,674312
2021-06-22 09:34:18,741.8,674312
2021-06-22 09:34:19,741.75,674486
2021-06-22 09:34:20,741.75,675538
2021-06-22 09:34:21,741.65,675705
2021-06-22 09:34:22,741.85,675717
2021-06-22 09:34:23,741.6,675892
2021-06-22 09:34:24,741.85,675992
2021-06-22 09:34:27,741.8,676512
2021-06-22 09:34:29,741.65,676698
2021-06-22 09:34:31,741.65,677722
2021-06-22 09:34:33,741.85,678902
2021-06-22 09:34:34,741.85,679116
2021-06-22 09:34:34,741.85,679116
2021-06-22 09:34:35,741.85,679116
2021-06-22 09:34:36,741.85,679213
2021-06-22 09:34:37,742.0,679216
2021-06-22 09:34:38,741.7,679392
2021-06-22 09:34:39,741.7,679637
2021-06-22 09:34:41,742.0,679692
2021-06-22 09:34:42,742.0,679702
2021-06-22 09:34:43,742.0,679702
2021-06-22 09:34:45,742.0,679702
2021-06-22 09:34:46,741.95,680008
2021-06-22 09:34:47,741.95,682432
2021-06-22 09:34:48,741.95,682457
2021-06-22 09:34:49,741.95,682457
2021-06-22 09:34:51,741.95,682457
2021-06-22 09:34:51,741.95,682457
2021-06-22 09:34:52,741.95,682457
2021-06-22 09:34:53,741.95,682457
2021-06-22 09:34:54,741.95,682644
2021-06-22 09:34:55,741.95,682662
2021-06-22 09:34:56,741.8,682824
2021-06-22 09:34:57,741.8,682890
2021-06-22 09:34:58,741.8,682892
2021-06-22 09:34:59,741.8,683048
2021-06-22 09:35:00,741.95,683090
2021-06-22 09:35:01,741.95,686042
2021-06-22 09:35:02,741.95,686860
2021-06-22 09:35:04,741.95,686911
2021-06-22 09:35:05,741.95,687058
2021-06-22 09:35:06,742.0,687117
2021-06-22 09:35:07,742.0,687128
2021-06-22 09:35:08,742.0,687132
2021-06-22 09:35:09,742.0,687132
2021-06-22 09:35:10,741.95,687141
2021-06-22 09:35:11,742.0,687278
2021-06-22 09:35:13,742.0,687294
2021-06-22 09:35:13,742.0,687295
2021-06-22 09:35:14,742.0,687345
2021-06-22 09:35:15,742.35,688812
2021-06-22 09:35:16,742.5,689247
2021-06-22 09:35:18,742.5,689277
2021-06-22 09:35:19,742.5,689285
2021-06-22 09:35:20,742.5,689841
2021-06-22 09:35:20,742.5,689869
2021-06-22 09:35:21,742.6,690471
2021-06-22 09:35:22,742.5,690916
2021-06-22 09:35:23,742.5,691189
2021-06-22 09:35:24,742.5,691568
2021-06-22 09:35:25,742.5,691900
2021-06-22 09:35:26,742.6,692709
2021-06-22 09:35:27,742.6,693267
2021-06-22 09:35:30,742.8,694999
2021-06-22 09:35:31,742.95,695777
2021-06-22 09:35:32,742.9,695851
2021-06-22 09:35:32,742.9,697014
2021-06-22 09:35:33,742.9,697377
2021-06-22 09:35:34,742.9,697400
2021-06-22 09:35:35,742.9,697401
2021-06-22 09:35:36,742.9,697401
2021-06-22 09:35:37,742.9,697401
2021-06-22 09:35:39,742.9,697401
2021-06-22 09:35:40,742.9,702093
2021-06-22 09:35:41,742.9,702390
2021-06-22 09:35:42,742.8,702449
2021-06-22 09:35:43,742.8,702462
2021-06-22 09:35:44,742.8,702483
2021-06-22 09:35:45,742.75,702538
2021-06-22 09:35:47,742.9,705295
2021-06-22 09:35:48,743.5,709523
2021-06-22 09:35:49,743.25,711267
2021-06-22 09:35:50,743.7,711835
2021-06-22 09:35:51,743.4,711976
2021-06-22 09:35:51,743.75,711996
2021-06-22 09:35:52,743.75,712481
2021-06-22 09:35:53,743.75,712513
2021-06-22 09:35:54,743.75,712541
2021-06-22 09:35:55,743.75,712568
2021-06-22 09:35:56,743.75,712699
2021-06-22 09:35:57,743.75,712707
2021-06-22 09:35:58,743.75,712810
2021-06-22 09:35:59,743.35,716150
2021-06-22 09:36:00,743.75,722161
2021-06-22 09:36:01,743.75,723589
2021-06-22 09:36:02,743.55,726459
2021-06-22 09:36:03,743.75,727228
2021-06-22 09:36:04,743.75,727402
2021-06-22 09:36:06,743.75,727545
2021-06-22 09:36:07,743.75,728449
2021-06-22 09:36:08,743.75,728730
2021-06-22 09:36:08,743.75,728744
2021-06-22 09:36:09,743.75,728749
2021-06-22 09:36:10,743.75,729248
2021-06-22 09:36:11,743.4,730510
2021-06-22 09:36:12,743.8,731178
2021-06-22 09:36:13,743.55,731294
2021-06-22 09:36:17,743.85,732696
2021-06-22 09:36:17,743.85,732593
2021-06-22 09:36:18,744.1,736455
2021-06-22 09:36:19,744.25,738578
2021-06-22 09:36:20,744.4,740978
2021-06-22 09:36:21,744.45,742153
2021-06-22 09:36:22,744.45,742243
2021-06-22 09:36:23,744.25,742942
2021-06-22 09:36:24,744.45,743545
2021-06-22 09:36:26,744.45,744632
2021-06-22 09:36:27,744.25,744838
2021-06-22 09:36:28,744.25,745301
2021-06-22 09:36:29,744.05,745603
2021-06-22 09:36:30,744.05,745895
2021-06-22 09:36:31,744.4,746575
2021-06-22 09:36:32,744.4,746712
2021-06-22 09:36:33,744.35,746751
2021-06-22 09:36:34,744.45,747775
2021-06-22 09:36:36,744.45,748222
2021-06-22 09:36:37,744.45,748301
2021-06-22 09:36:38,744.6,749147
2021-06-22 09:36:39,744.6,749411
2021-06-22 09:36:41,745.35,767334
2021-06-22 09:36:42,745.35,776686
2021-06-22 09:36:43,745.2,777956
2021-06-22 09:36:44,745.4,779168
2021-06-22 09:36:45,745.2,779669
2021-06-22 09:36:46,745.15,779908
2021-06-22 09:36:47,745.45,780449
2021-06-22 09:36:48,745.45,780610
2021-06-22 09:36:49,745.45,780793
2021-06-22 09:36:50,745.45,780844
2021-06-22 09:36:52,745.2,782159
2021-06-22 09:36:53,745.15,783039
2021-06-22 09:36:54,745.3,783177
2021-06-22 09:36:54,745.0,783802
2021-06-22 09:36:55,745.45,784359
2021-06-22 09:36:56,745.4,785019
2021-06-22 09:36:57,745.1,786229
2021-06-22 09:36:58,745.15,786898
2021-06-22 09:36:59,745.3,787019
2021-06-22 09:37:00,745.4,787289
2021-06-22 09:37:01,745.45,788664
2021-06-22 09:37:02,745.5,789362
2021-06-22 09:37:03,745.5,789422
2021-06-22 09:37:04,745.45,790039
2021-06-22 09:37:06,745.6,790311
2021-06-22 09:37:07,745.15,791563
2021-06-22 09:37:08,745.6,792079
2021-06-22 09:37:09,745.3,792365
2021-06-22 09:37:11,745.55,793810
2021-06-22 09:37:12,745.6,793830
2021-06-22 09:37:14,745.6,795885
2021-06-22 09:37:15,745.7,797191
2021-06-22 09:37:16,745.55,797823
2021-06-22 09:37:18,745.5,798858
2021-06-22 09:37:19,745.5,799118
2021-06-22 09:37:20,745.65,799166
2021-06-22 09:37:21,745.65,799736
2021-06-22 09:37:22,745.75,800700
2021-06-22 09:37:23,745.3,801058
2021-06-22 09:37:24,745.4,801100
2021-06-22 09:37:24,745.35,801104
2021-06-22 09:37:25,745.5,801893
2021-06-22 09:37:26,745.65,802403
2021-06-22 09:37:27,745.75,802849
2021-06-22 09:37:29,745.3,804666
2021-06-22 09:37:30,745.6,805301
2021-06-22 09:37:31,745.6,805534
2021-06-22 09:37:32,745.6,808091
2021-06-22 09:37:33,745.5,808961
2021-06-22 09:37:34,745.5,810158
2021-06-22 09:37:35,745.5,810405
2021-06-22 09:37:36,745.5,810497
2021-06-22 09:37:37,745.8,812024
2021-06-22 09:37:38,745.85,812269
2021-06-22 09:37:39,745.65,812835
2021-06-22 09:37:39,745.6,813266
2021-06-22 09:37:40,745.5,813563
2021-06-22 09:37:41,745.6,813790
2021-06-22 09:37:42,745.6,813872
2021-06-22 09:37:43,745.5,815061
2021-06-22 09:37:45,745.6,815198
2021-06-22 09:37:46,745.55,815243
2021-06-22 09:37:47,745.55,815581
2021-06-22 09:37:48,745.55,815608
2021-06-22 09:37:49,745.55,816259
2021-06-22 09:37:50,745.3,816317
2021-06-22 09:37:51,745.55,816335
2021-06-22 09:37:52,745.55,818120
2021-06-22 09:37:52,745.6,818675
2021-06-22 09:37:55,745.6,818864
2021-06-22 09:37:55,745.6,818869
2021-06-22 09:37:56,745.6,818892
2021-06-22 09:37:57,745.6,818964
2021-06-22 09:37:59,745.5,819251
2021-06-22 09:38:00,745.6,819361
2021-06-22 09:38:01,745.5,820084
2021-06-22 09:38:02,745.5,820515
2021-06-22 09:38:03,745.5,820580
2021-06-22 09:38:04,745.35,820740
2021-06-22 09:38:05,745.25,821002
2021-06-22 09:38:06,745.5,821134
2021-06-22 09:38:07,745.5,821594
2021-06-22 09:38:09,745.35,822279
2021-06-22 09:38:09,745.5,822378
2021-06-22 09:38:10,745.25,823333
2021-06-22 09:38:11,745.6,824057
2021-06-22 09:38:13,745.3,824381
2021-06-22 09:38:14,745.6,824782
2021-06-22 09:38:16,745.5,825132
2021-06-22 09:38:17,745.75,828915
2021-06-22 09:38:19,746.0,830975
2021-06-22 09:38:21,745.65,834036
2021-06-22 09:38:22,745.65,834176
2021-06-22 09:38:22,745.65,834270
2021-06-22 09:38:23,745.65,834473
2021-06-22 09:38:24,745.25,834582
2021-06-22 09:38:25,745.6,834733
2021-06-22 09:38:26,745.6,834832
2021-06-22 09:38:27,745.75,836110
2021-06-22 09:38:28,745.85,836295
2021-06-22 09:38:29,745.85,836544
2021-06-22 09:38:30,745.8,836612
2021-06-22 09:38:31,745.8,836679
2021-06-22 09:38:32,745.55,836984
2021-06-22 09:38:33,745.45,838469
2021-06-22 09:38:34,745.45,838910
2021-06-22 09:38:35,745.45,838968
2021-06-22 09:38:36,745.45,839037
2021-06-22 09:38:37,745.25,839055
2021-06-22 09:38:38,745.45,839094
2021-06-22 09:38:39,745.45,839547
2021-06-22 09:38:40,745.65,840805
2021-06-22 09:38:41,745.6,841161
2021-06-22 09:38:43,745.55,843871
2021-06-22 09:38:44,745.5,844216
2021-06-22 09:38:45,745.55,844411
2021-06-22 09:38:47,745.25,844986
2021-06-22 09:38:49,745.55,845825
2021-06-22 09:38:50,745.55,846179
2021-06-22 09:38:51,745.45,846501
2021-06-22 09:38:53,745.5,847468
2021-06-22 09:38:54,745.45,847556
2021-06-22 09:38:54,745.5,847954
2021-06-22 09:38:55,745.45,848139
2021-06-22 09:38:57,745.5,848412
2021-06-22 09:38:58,745.2,851082
2021-06-22 09:39:00,745.25,852179
2021-06-22 09:39:01,745.25,852208
2021-06-22 09:39:02,745.3,852428
2021-06-22 09:39:03,745.25,852443
2021-06-22 09:39:04,745.25,852805
2021-06-22 09:39:05,745.0,853073
2021-06-22 09:39:06,745.25,853420
2021-06-22 09:39:07,745.0,853504
2021-06-22 09:39:08,745.25,853514
2021-06-22 09:39:10,745.05,853723
2021-06-22 09:39:10,745.25,853931
2021-06-22 09:39:11,745.2,854136
2021-06-22 09:39:12,745.2,854191
2021-06-22 09:39:13,745.2,854208
2021-06-22 09:39:14,745.2,854253
2021-06-22 09:39:15,745.2,854375
2021-06-22 09:39:16,745.2,854445
2021-06-22 09:39:18,745.15,854473
2021-06-22 09:39:19,745.2,854632
2021-06-22 09:39:20,745.25,855756
2021-06-22 09:39:21,745.25,855986
2021-06-22 09:39:22,745.1,856100
2021-06-22 09:39:23,745.0,857181
2021-06-22 09:39:24,745.2,857727
2021-06-22 09:39:25,745.25,858067
2021-06-22 09:39:26,745.25,858151
2021-06-22 09:39:26,745.25,858155
2021-06-22 09:39:27,745.25,858300
2021-06-22 09:39:29,745.2,858309
2021-06-22 09:39:30,745.35,859804
2021-06-22 09:39:31,745.35,860125
2021-06-22 09:39:32,745.35,860191
2021-06-22 09:39:33,745.35,860411
2021-06-22 09:39:34,745.5,862890
2021-06-22 09:39:35,745.55,863236
2021-06-22 09:39:36,745.55,863364
2021-06-22 09:39:37,745.4,863373
2021-06-22 09:39:38,745.5,863397
2021-06-22 09:39:39,745.3,864086
2021-06-22 09:39:40,745.5,864401
2021-06-22 09:39:41,745.5,864402
2021-06-22 09:39:43,745.5,864797
2021-06-22 09:39:44,745.5,864847
2021-06-22 09:39:45,745.5,864869
2021-06-22 09:39:46,745.4,865018
2021-06-22 09:39:47,745.4,865404
2021-06-22 09:39:48,745.4,865635
2021-06-22 09:39:49,745.4,865677
2021-06-22 09:39:50,745.4,865678
2021-06-22 09:39:50,745.4,865678
2021-06-22 09:39:52,745.4,865678
2021-06-22 09:39:53,745.4,865700
2021-06-22 09:39:54,745.55,866416
2021-06-22 09:39:55,745.4,866928
2021-06-22 09:39:56,745.55,868690
2021-06-22 09:39:57,745.65,877168
2021-06-22 09:39:58,745.8,879561
2021-06-22 09:39:58,745.75,879639
2021-06-22 09:39:59,745.7,880275
2021-06-22 09:40:00,745.7,880604
2021-06-22 09:40:01,745.4,880833
2021-06-22 09:40:03,745.7,881209
2021-06-22 09:40:09,745.3,882310
2021-06-22 09:40:11,745.5,882867
2021-06-22 09:40:12,745.5,882926
2021-06-22 09:40:13,745.5,882937
2021-06-22 09:40:14,745.25,883214
2021-06-22 09:40:15,745.5,883463
2021-06-22 09:40:16,745.5,883519
2021-06-22 09:40:17,745.65,884346
2021-06-22 09:40:18,745.6,884568
2021-06-22 09:40:19,745.7,884613
2021-06-22 09:40:20,745.7,884615
2021-06-22 09:40:21,745.65,884665
2021-06-22 09:40:22,745.65,884710
2021-06-22 09:40:23,746.0,888615
2021-06-22 09:40:25,746.0,889994
2021-06-22 09:40:26,746.0,891090
2021-06-22 09:40:27,745.9,897710
2021-06-22 09:40:28,746.3,909819
2021-06-22 09:40:29,746.45,912637
2021-06-22 09:40:30,746.3,913393
2021-06-22 09:40:31,746.4,914065
2021-06-22 09:40:32,746.35,914651
2021-06-22 09:40:33,746.4,914692
2021-06-22 09:40:34,746.3,915146
2021-06-22 09:40:35,746.3,916575
2021-06-22 09:40:36,746.35,917191
2021-06-22 09:40:37,746.0,918121
2021-06-22 09:40:37,746.0,918179
2021-06-22 09:40:41,745.8,919601
2021-06-22 09:40:42,745.95,920160
2021-06-22 09:40:43,745.9,920616
2021-06-22 09:40:44,745.85,920676
2021-06-22 09:40:45,745.8,920928
2021-06-22 09:40:46,745.8,921102
2021-06-22 09:40:47,745.8,921113
2021-06-22 09:40:48,745.85,921135
2021-06-22 09:40:50,745.8,921348
2021-06-22 09:40:51,745.9,921531
2021-06-22 09:40:52,745.55,921891
2021-06-22 09:40:53,745.6,922261
2021-06-22 09:40:54,745.6,922442
2021-06-22 09:40:55,745.65,923082
2021-06-22 09:40:59,745.95,925220
2021-06-22 09:41:00,745.95,925277
2021-06-22 09:41:01,745.95,925406
2021-06-22 09:41:02,745.55,926484
2021-06-22 09:41:04,745.95,926812
2021-06-22 09:41:05,745.6,927125
2021-06-22 09:41:05,745.9,927220
2021-06-22 09:41:07,745.95,927573
2021-06-22 09:41:08,745.95,927618
2021-06-22 09:41:09,745.95,927641
2021-06-22 09:41:10,746.3,928786
2021-06-22 09:41:11,746.3,929289
2021-06-22 09:41:12,746.05,929385
2021-06-22 09:41:13,746.4,929516
2021-06-22 09:41:13,746.4,929529
2021-06-22 09:41:15,746.1,930057
2021-06-22 09:41:16,746.45,930227
2021-06-22 09:41:17,746.3,930378
2021-06-22 09:41:18,746.45,931835
2021-06-22 09:41:19,746.25,932126
2021-06-22 09:41:20,746.3,932466
2021-06-22 09:41:20,746.3,932484
2021-06-22 09:41:22,746.4,932819
2021-06-22 09:41:23,746.3,932907
2021-06-22 09:41:24,746.45,932956
2021-06-22 09:41:25,746.25,932970
2021-06-22 09:41:26,746.4,933003
2021-06-22 09:41:27,746.35,933193
2021-06-22 09:41:27,746.4,933786
2021-06-22 09:41:28,746.1,934036
2021-06-22 09:41:29,746.35,934120
2021-06-22 09:41:30,746.35,934186
2021-06-22 09:41:31,746.4,934593
2021-06-22 09:41:32,746.1,938027
2021-06-22 09:41:33,746.25,939359
2021-06-22 09:41:35,746.35,939789
2021-06-22 09:41:36,746.25,940100
2021-06-22 09:41:37,746.2,940264
2021-06-22 09:41:38,746.2,940287
2021-06-22 09:41:39,745.9,940429
2021-06-22 09:41:40,746.2,940468
2021-06-22 09:41:41,746.2,940483
2021-06-22 09:41:43,746.2,940642
2021-06-22 09:41:44,746.2,940816
2021-06-22 09:41:45,745.9,941019
2021-06-22 09:41:47,746.0,941106
2021-06-22 09:41:48,746.15,941112
2021-06-22 09:41:49,746.15,941165
2021-06-22 09:41:50,746.15,941178
2021-06-22 09:41:51,746.15,941182
2021-06-22 09:41:52,746.15,941837
2021-06-22 09:41:53,746.15,942102
2021-06-22 09:41:54,746.15,942188
2021-06-22 09:41:55,746.15,942260
2021-06-22 09:41:56,746.15,942264
2021-06-22 09:41:57,746.15,942757
2021-06-22 09:41:58,745.85,942904
2021-06-22 09:41:59,746.15,943277
2021-06-22 09:42:00,746.2,944651
2021-06-22 09:42:01,746.3,944750
2021-06-22 09:42:02,746.0,945968
2021-06-22 09:42:03,746.3,946668
2021-06-22 09:42:04,746.45,946834
2021-06-22 09:42:05,746.45,949507
2021-06-22 09:42:06,746.5,949705
2021-06-22 09:42:07,746.45,949886
2021-06-22 09:42:08,746.05,950595
2021-06-22 09:42:09,746.05,950922
2021-06-22 09:42:10,746.05,951889
2021-06-22 09:42:11,746.05,952123
2021-06-22 09:42:12,746.4,952599
2021-06-22 09:42:13,746.0,953069
2021-06-22 09:42:15,746.05,954229
2021-06-22 09:42:16,746.05,954650
2021-06-22 09:42:17,746.05,955054
2021-06-22 09:42:19,746.25,955111
2021-06-22 09:42:20,746.25,955122
2021-06-22 09:42:21,746.2,955547
2021-06-22 09:42:22,746.25,956056
2021-06-22 09:42:23,746.25,956431
2021-06-22 09:42:24,746.0,956891
2021-06-22 09:42:25,746.3,957386
2021-06-22 09:42:26,746.3,957386
2021-06-22 09:42:28,746.3,957848
2021-06-22 09:42:29,746.25,958333
2021-06-22 09:42:30,746.35,958371
2021-06-22 09:42:31,746.35,958521
2021-06-22 09:42:32,746.35,958579
2021-06-22 09:42:33,746.35,958595
2021-06-22 09:42:34,746.2,958736
2021-06-22 09:42:36,746.35,959757
2021-06-22 09:42:37,746.35,959962
2021-06-22 09:42:38,746.35,960050
2021-06-22 09:42:39,746.35,960069
2021-06-22 09:42:40,746.35,960077
2021-06-22 09:42:41,746.35,960163
2021-06-22 09:42:42,746.3,960295
2021-06-22 09:42:43,746.3,960336
2021-06-22 09:42:44,746.3,960338
2021-06-22 09:42:45,746.3,960403
2021-06-22 09:42:46,746.35,960410
2021-06-22 09:42:47,746.35,960617
2021-06-22 09:42:48,746.4,960659
2021-06-22 09:42:49,746.35,961110
2021-06-22 09:42:50,746.5,961822
2021-06-22 09:42:51,746.5,961839
2021-06-22 09:42:52,746.5,962635
2021-06-22 09:42:53,746.5,962758
2021-06-22 09:42:54,746.5,962984
2021-06-22 09:42:55,746.4,963010
2021-06-22 09:42:56,746.5,963018
2021-06-22 09:42:57,746.35,963648
2021-06-22 09:42:58,746.4,963840
2021-06-22 09:42:59,746.4,964111
2021-06-22 09:43:00,746.5,964169
2021-06-22 09:43:01,746.5,964829
2021-06-22 09:43:02,746.4,965059
2021-06-22 09:43:03,746.35,965852
2021-06-22 09:43:04,746.4,966373
2021-06-22 09:43:05,746.4,966791
2021-06-22 09:43:06,746.4,966837
2021-06-22 09:43:07,746.3,969359
2021-06-22 09:43:08,746.4,970206
2021-06-22 09:43:09,746.4,970613
2021-06-22 09:43:10,746.4,970768
2021-06-22 09:43:12,746.2,970847
2021-06-22 09:43:13,746.4,970952
2021-06-22 09:43:14,746.4,971491
2021-06-22 09:43:15,746.1,971768
2021-06-22 09:43:16,746.05,971828
2021-06-22 09:43:17,746.05,972033
2021-06-22 09:43:18,746.4,972699
2021-06-22 09:43:19,746.4,972874
2021-06-22 09:43:20,746.4,973097
2021-06-22 09:43:21,746.4,973153
2021-06-22 09:43:22,746.1,973217
2021-06-22 09:43:23,746.35,973283
2021-06-22 09:43:25,746.4,974504
2021-06-22 09:43:26,746.45,974807
2021-06-22 09:43:27,746.45,975102
2021-06-22 09:43:28,746.35,975135
2021-06-22 09:43:30,746.1,977288
2021-06-22 09:43:31,746.35,977515
2021-06-22 09:43:32,746.45,977633
2021-06-22 09:43:33,746.4,977640
2021-06-22 09:43:34,746.4,977655
2021-06-22 09:43:35,746.4,977680
2021-06-22 09:43:36,746.4,977803
2021-06-22 09:43:37,746.1,978033
2021-06-22 09:43:38,746.3,978098
2021-06-22 09:43:39,746.3,978113
2021-06-22 09:43:40,746.3,978117
2021-06-22 09:43:41,746.1,978129
2021-06-22 09:43:42,746.05,978171
2021-06-22 09:43:43,746.3,978493
2021-06-22 09:43:45,746.3,978991
2021-06-22 09:43:46,746.15,979065
2021-06-22 09:43:47,746.15,979374
2021-06-22 09:43:48,746.15,979888
2021-06-22 09:43:50,746.3,980082
2021-06-22 09:43:51,746.05,980229
2021-06-22 09:43:51,746.3,980256
2021-06-22 09:43:52,746.3,981512
2021-06-22 09:43:53,746.3,981808
2021-06-22 09:43:54,746.35,982057
2021-06-22 09:43:55,746.45,982403
2021-06-22 09:43:57,746.45,982794
2021-06-22 09:43:57,746.45,982857
2021-06-22 09:43:58,746.5,983081
2021-06-22 09:43:59,746.5,983221
2021-06-22 09:44:02,746.5,983455
2021-06-22 09:44:02,746.5,983459
2021-06-22 09:44:03,746.5,983483
2021-06-22 09:44:04,746.4,983784
2021-06-22 09:44:05,746.45,983878
2021-06-22 09:44:08,746.45,984769
2021-06-22 09:44:09,746.45,984819
2021-06-22 09:44:10,746.4,984843
2021-06-22 09:44:11,746.3,985049
2021-06-22 09:44:12,746.25,985172
2021-06-22 09:44:13,746.3,985253
2021-06-22 09:44:14,746.3,985278
2021-06-22 09:44:15,746.3,985298
2021-06-22 09:44:17,746.25,986002
2021-06-22 09:44:17,746.3,986257
2021-06-22 09:44:18,746.25,986486
2021-06-22 09:44:19,746.5,986663
2021-06-22 09:44:20,746.3,987338
2021-06-22 09:44:21,746.3,987633
2021-06-22 09:44:22,746.45,987772
2021-06-22 09:44:23,746.45,987825
2021-06-22 09:44:25,746.3,987873
2021-06-22 09:44:25,746.45,987884
2021-06-22 09:44:26,746.5,988183
2021-06-22 09:44:27,746.3,988806
2021-06-22 09:44:28,746.0,990228
2021-06-22 09:44:30,746.45,991715
2021-06-22 09:44:30,746.45,992291
2021-06-22 09:44:31,746.8,1005137
2021-06-22 09:44:32,747.0,1011981
2021-06-22 09:44:33,747.0,1018166
2021-06-22 09:44:34,747.1,1021157
2021-06-22 09:44:37,747.0,1023704
2021-06-22 09:44:38,747.1,1025020
2021-06-22 09:44:39,746.7,1026480
2021-06-22 09:44:40,746.85,1027069
2021-06-22 09:44:41,746.6,1027975
2021-06-22 09:44:43,746.55,1029061
2021-06-22 09:44:44,746.8,1029362
2021-06-22 09:44:45,746.8,1029454
2021-06-22 09:44:46,746.8,1030114
2021-06-22 09:44:47,746.8,1030561
2021-06-22 09:44:49,747.0,1031639
2021-06-22 09:44:49,747.1,1031715
2021-06-22 09:44:50,747.05,1032938
2021-06-22 09:44:51,747.1,1033448
2021-06-22 09:44:52,747.05,1033666
2021-06-22 09:44:53,747.05,1034296
2021-06-22 09:44:55,746.6,1036911
2021-06-22 09:44:56,746.5,1038113
2021-06-22 09:44:56,746.55,1038378
2021-06-22 09:44:57,746.55,1038827
2021-06-22 09:44:58,746.65,1039021
2021-06-22 09:44:59,746.8,1039346
2021-06-22 09:45:00,746.8,1039806
2021-06-22 09:45:02,746.85,1040113
2021-06-22 09:45:03,747.2,1041101
2021-06-22 09:45:04,747.35,1041691
2021-06-22 09:45:05,747.4,1041949
2021-06-22 09:45:06,747.5,1042836
2021-06-22 09:45:07,747.45,1043979
2021-06-22 09:45:09,747.35,1044296
2021-06-22 09:45:10,747.3,1045039
2021-06-22 09:45:11,747.6,1046550
2021-06-22 09:45:12,747.55,1047640
2021-06-22 09:45:14,747.2,1048340
2021-06-22 09:45:14,747.4,1048360
2021-06-22 09:45:15,747.45,1048592
2021-06-22 09:45:16,747.45,1049707
2021-06-22 09:45:18,747.55,1050921
2021-06-22 09:45:19,747.55,1051160
2021-06-22 09:45:20,747.5,1051571
2021-06-22 09:45:22,747.5,1052084
2021-06-22 09:45:22,747.5,1052348
2021-06-22 09:45:23,747.55,1052466
2021-06-22 09:45:24,747.5,1052673
2021-06-22 09:45:25,747.5,1053041
2021-06-22 09:45:27,747.5,1053721
2021-06-22 09:45:28,747.5,1054360
2021-06-22 09:45:29,747.5,1054803
2021-06-22 09:45:30,747.45,1055526
2021-06-22 09:45:31,747.45,1056175
2021-06-22 09:45:33,747.45,1057351
2021-06-22 09:45:34,747.55,1057669
2021-06-22 09:45:35,747.5,1057712
2021-06-22 09:45:37,747.55,1058563
2021-06-22 09:45:38,747.55,1059466
2021-06-22 09:45:39,747.55,1060281
2021-06-22 09:45:40,747.6,1061461
2021-06-22 09:45:41,747.65,1061758
2021-06-22 09:45:42,747.65,1062385
2021-06-22 09:45:43,747.6,1063133
2021-06-22 09:45:45,747.5,1064167
2021-06-22 09:45:45,747.7,1064198
2021-06-22 09:45:46,747.7,1064620
2021-06-22 09:45:47,747.7,1077170
2021-06-22 09:45:48,748.0,1087053
2021-06-22 09:45:49,748.15,1089547
2021-06-22 09:45:50,748.2,1097262
2021-06-22 09:45:52,747.95,1102441
2021-06-22 09:45:53,748.2,1103560
2021-06-22 09:45:55,748.2,1103920
2021-06-22 09:45:56,748.2,1104388
2021-06-22 09:45:57,748.2,1105314
2021-06-22 09:45:58,747.95,1106534
2021-06-22 09:45:59,748.0,1107287
2021-06-22 09:46:00,748.0,1107867
2021-06-22 09:46:01,748.1,1108371
2021-06-22 09:46:02,747.75,1108666
2021-06-22 09:46:02,747.5,1110863
2021-06-22 09:46:03,747.85,1113087
2021-06-22 09:46:04,747.85,1113557
2021-06-22 09:46:05,747.85,1115451
2021-06-22 09:46:06,748.0,1118601
2021-06-22 09:46:07,747.8,1120100
2021-06-22 09:46:09,747.85,1123608
2021-06-22 09:46:10,747.95,1124704
2021-06-22 09:46:11,747.7,1129356
2021-06-22 09:46:12,748.0,1131237
2021-06-22 09:46:13,747.9,1131596
2021-06-22 09:46:14,748.0,1132986
2021-06-22 09:46:16,747.9,1135957
2021-06-22 09:46:17,748.0,1136671
2021-06-22 09:46:18,748.0,1137234
2021-06-22 09:46:19,748.25,1138426
2021-06-22 09:46:19,748.45,1143355
2021-06-22 09:46:20,748.45,1145008
2021-06-22 09:46:23,748.75,1149463
2021-06-22 09:46:24,748.75,1150666
2021-06-22 09:46:25,748.35,1151760
2021-06-22 09:46:26,748.75,1152164
2021-06-22 09:46:27,748.75,1152597
2021-06-22 09:46:27,748.75,1152877
2021-06-22 09:46:28,748.8,1153011
2021-06-22 09:46:29,748.9,1154497
2021-06-22 09:46:31,748.5,1155645
2021-06-22 09:46:32,748.55,1155902
2021-06-22 09:46:33,748.75,1157278
2021-06-22 09:46:34,748.75,1157762
2021-06-22 09:46:35,748.75,1158661
2021-06-22 09:46:35,748.4,1159048
2021-06-22 09:46:36,748.55,1159829
2021-06-22 09:46:37,748.75,1160830
2021-06-22 09:46:38,748.4,1161954
2021-06-22 09:46:40,748.25,1168893
2021-06-22 09:46:41,748.7,1169890
2021-06-22 09:46:43,748.55,1178061
2021-06-22 09:46:43,748.7,1178319
2021-06-22 09:46:44,748.75,1180154
2021-06-22 09:46:45,748.7,1183487
2021-06-22 09:46:48,748.25,1193203
2021-06-22 09:46:48,748.55,1195289
2021-06-22 09:46:49,748.55,1197400
2021-06-22 09:46:50,748.75,1200591
2021-06-22 09:46:52,748.7,1201553
2021-06-22 09:46:53,748.45,1205647
2021-06-22 09:46:54,748.6,1207869
2021-06-22 09:46:55,748.55,1210116
2021-06-22 09:46:56,748.55,1210360
2021-06-22 09:46:58,748.6,1211471
2021-06-22 09:46:59,748.65,1211906
2021-06-22 09:46:59,748.65,1211949
2021-06-22 09:47:01,748.5,1212386
2021-06-22 09:47:03,748.5,1212574
2021-06-22 09:47:04,748.5,1212624
2021-06-22 09:47:05,748.4,1212656
2021-06-22 09:47:06,748.25,1213185
2021-06-22 09:47:06,748.25,1213413
2021-06-22 09:47:07,748.35,1214424
2021-06-22 09:47:08,748.25,1215561
2021-06-22 09:47:09,748.25,1216957
2021-06-22 09:47:10,748.25,1218067
2021-06-22 09:47:12,748.4,1219007
2021-06-22 09:47:13,748.5,1219511
2021-06-22 09:47:14,748.2,1221799
2021-06-22 09:47:15,748.25,1223092
2021-06-22 09:47:16,748.25,1223831
2021-06-22 09:47:19,748.1,1225387
2021-06-22 09:47:20,748.15,1225823
2021-06-22 09:47:21,747.8,1228215
2021-06-22 09:47:22,748.25,1229610
2021-06-22 09:47:23,748.25,1230734
2021-06-22 09:47:25,748.05,1232197
2021-06-22 09:47:26,748.3,1232912
2021-06-22 09:47:27,748.3,1233079
2021-06-22 09:47:28,748.05,1233344
2021-06-22 09:47:28,748.05,1233274
2021-06-22 09:47:29,747.7,1236106
2021-06-22 09:47:30,748.05,1237482
2021-06-22 09:47:31,748.05,1238343
2021-06-22 09:47:34,748.05,1239935
2021-06-22 09:47:36,748.25,1242674
2021-06-22 09:47:37,748.4,1244886
2021-06-22 09:47:38,748.2,1245887
2021-06-22 09:47:40,747.8,1247203
2021-06-22 09:47:41,747.75,1247543
2021-06-22 09:47:42,747.85,1247650
2021-06-22 09:47:43,747.75,1247813
2021-06-22 09:47:44,747.85,1247918
2021-06-22 09:47:45,747.7,1248350
2021-06-22 09:47:45,747.85,1248196
2021-06-22 09:47:46,747.7,1248525
2021-06-22 09:47:47,747.75,1248691
2021-06-22 09:47:48,747.6,1249663
2021-06-22 09:47:50,747.9,1251123
2021-06-22 09:47:51,747.9,1252320
2021-06-22 09:47:51,748.1,1253650
2021-06-22 09:47:52,748.1,1254332
2021-06-22 09:47:53,747.6,1255493
2021-06-22 09:47:54,747.95,1255798
2021-06-22 09:47:55,748.05,1257252
2021-06-22 09:47:56,747.75,1257828
2021-06-22 09:47:59,748.05,1258282
2021-06-22 09:48:00,747.9,1259565
2021-06-22 09:48:00,747.9,1259819
2021-06-22 09:48:01,747.65,1261439
2021-06-22 09:48:03,747.65,1262503
2021-06-22 09:48:04,747.9,1263761
2021-06-22 09:48:05,747.9,1264412
2021-06-22 09:48:05,747.9,1264568
2021-06-22 09:48:06,747.7,1264806
2021-06-22 09:48:07,747.95,1264907
2021-06-22 09:48:09,747.7,1265495
2021-06-22 09:48:10,747.65,1265662
2021-06-22 09:48:11,747.65,1265707
2021-06-22 09:48:12,747.7,1266444
2021-06-22 09:48:12,747.95,1266675
2021-06-22 09:48:15,748.0,1268600
2021-06-22 09:48:16,747.65,1271461
2021-06-22 09:48:17,748.0,1272436
2021-06-22 09:48:18,748.05,1273397
2021-06-22 09:48:18,748.0,1272966
2021-06-22 09:48:19,748.1,1273534
2021-06-22 09:48:21,748.1,1273586
2021-06-22 09:48:22,748.15,1273778
2021-06-22 09:48:23,748.1,1273926
2021-06-22 09:48:25,748.25,1275573
2021-06-22 09:48:26,748.1,1275859
2021-06-22 09:48:27,747.5,1277437
2021-06-22 09:48:27,747.95,1278054
2021-06-22 09:48:28,748.2,1282065
2021-06-22 09:48:29,747.95,1282764
2021-06-22 09:48:30,747.9,1282833
2021-06-22 09:48:32,747.9,1283572
2021-06-22 09:48:33,747.95,1284721
2021-06-22 09:48:34,747.75,1285960
2021-06-22 09:48:35,747.95,1286596
2021-06-22 09:48:36,747.95,1287492
2021-06-22 09:48:36,748.1,1287805
2021-06-22 09:48:37,747.95,1288477
2021-06-22 09:48:39,748.0,1288739
2021-06-22 09:48:40,748.2,1290215
2021-06-22 09:48:41,748.0,1290675
2021-06-22 09:48:41,748.2,1290926
2021-06-22 09:48:42,748.0,1292832
2021-06-22 09:48:44,748.0,1293652
2021-06-22 09:48:45,748.2,1294043
2021-06-22 09:48:46,748.2,1294614
2021-06-22 09:48:46,748.2,1294706
2021-06-22 09:48:47,747.85,1294895
2021-06-22 09:48:48,748.2,1295112
2021-06-22 09:48:51,747.85,1295707
2021-06-22 09:48:52,747.8,1296049
2021-06-22 09:48:55,747.9,1296918
2021-06-22 09:48:56,747.9,1297139
2021-06-22 09:48:58,747.8,1297272
2021-06-22 09:48:59,747.8,1297380
2021-06-22 09:49:00,747.8,1297420
2021-06-22 09:49:02,747.9,1299507
2021-06-22 09:49:03,747.9,1300054
2021-06-22 09:49:03,748.0,1300230
2021-06-22 09:49:04,747.75,1300516
2021-06-22 09:49:05,748.0,1301194
2021-06-22 09:49:06,748.0,1301369
2021-06-22 09:49:08,748.0,1301432
2021-06-22 09:49:09,748.0,1301537
2021-06-22 09:49:11,748.0,1302548
2021-06-22 09:49:12,748.1,1303324
2021-06-22 09:49:14,747.8,1303678
2021-06-22 09:49:15,747.8,1304443
2021-06-22 09:49:16,748.05,1304750
2021-06-22 09:49:17,748.0,1304942
2021-06-22 09:49:17,748.05,1305012
2021-06-22 09:49:18,748.0,1305059
2021-06-22 09:49:19,747.9,1305235
2021-06-22 09:49:21,748.0,1307278
2021-06-22 09:49:23,748.2,1309808
2021-06-22 09:49:24,748.2,1310969
2021-06-22 09:49:25,748.0,1311501
2021-06-22 09:49:26,748.2,1311756
2021-06-22 09:49:26,748.0,1312290
2021-06-22 09:49:28,748.0,1313231
2021-06-22 09:49:30,748.0,1313473
2021-06-22 09:49:31,748.0,1313584
2021-06-22 09:49:32,748.0,1322804
2021-06-22 09:49:33,748.0,1326174
2021-06-22 09:49:35,748.35,1327142
2021-06-22 09:49:36,748.4,1328404
2021-06-22 09:49:37,748.4,1330403
2021-06-22 09:49:38,748.4,1331300
2021-06-22 09:49:39,748.35,1331982
2021-06-22 09:49:40,748.35,1332164
2021-06-22 09:49:41,748.25,1333331
2021-06-22 09:49:43,748.5,1333611
2021-06-22 09:49:44,748.15,1333850
2021-06-22 09:49:45,748.45,1333958
2021-06-22 09:49:45,748.45,1333970
2021-06-22 09:49:46,748.15,1334045
2021-06-22 09:49:47,748.15,1334180
2021-06-22 09:49:49,748.35,1334296
2021-06-22 09:49:50,748.15,1335508
2021-06-22 09:49:51,748.1,1335794
2021-06-22 09:49:51,748.15,1335858
2021-06-22 09:49:52,748.15,1336141
2021-06-22 09:49:54,748.35,1336289
2021-06-22 09:49:55,748.05,1336410
2021-06-22 09:49:56,748.05,1336452
2021-06-22 09:49:57,748.05,1336507
2021-06-22 09:49:58,748.05,1336714
2021-06-22 09:49:58,748.15,1336950
2021-06-22 09:49:59,748.0,1337275
2021-06-22 09:50:00,748.15,1337391
2021-06-22 09:50:02,748.15,1337472
2021-06-22 09:50:03,748.05,1337681
2021-06-22 09:50:04,748.05,1337800
2021-06-22 09:50:04,748.0,1338113
2021-06-22 09:50:06,748.05,1338260
2021-06-22 09:50:08,748.15,1338340
2021-06-22 09:50:09,748.05,1338367
2021-06-22 09:50:10,748.0,1340784
2021-06-22 09:50:11,748.05,1341694
2021-06-22 09:50:12,748.0,1341826
2021-06-22 09:50:14,748.0,1342344
2021-06-22 09:50:15,748.0,1343957
2021-06-22 09:50:16,748.0,1344564
2021-06-22 09:50:17,748.0,1345010
2021-06-22 09:50:18,748.05,1345372
2021-06-22 09:50:19,748.0,1346211
2021-06-22 09:50:19,748.05,1346518
2021-06-22 09:50:20,748.05,1346898
2021-06-22 09:50:21,748.05,1346962
2021-06-22 09:50:23,748.0,1347104
2021-06-22 09:50:24,748.0,1348270
2021-06-22 09:50:25,748.05,1348873
2021-06-22 09:50:25,748.05,1348944
2021-06-22 09:50:26,748.05,1352704
2021-06-22 09:50:27,748.2,1354996
2021-06-22 09:50:28,748.1,1356483
2021-06-22 09:50:31,748.0,1357542
2021-06-22 09:50:32,747.4,1362206
2021-06-22 09:50:33,747.7,1365493
2021-06-22 09:50:34,747.75,1367282
2021-06-22 09:50:35,747.75,1368192
2021-06-22 09:50:36,747.75,1370194
2021-06-22 09:50:37,747.75,1370871
2021-06-22 09:50:38,748.0,1371867
2021-06-22 09:50:39,748.0,1372645
2021-06-22 09:50:39,748.1,1372909
2021-06-22 09:50:42,748.0,1373330
2021-06-22 09:50:43,748.25,1373855
2021-06-22 09:50:44,747.95,1375515
2021-06-22 09:50:45,748.0,1376185
2021-06-22 09:50:46,747.65,1379102
2021-06-22 09:50:47,748.0,1380583
2021-06-22 09:50:47,748.05,1380929
2021-06-22 09:50:49,748.05,1382148
2021-06-22 09:50:50,748.0,1382402
2021-06-22 09:50:51,748.0,1382539
2021-06-22 09:50:52,748.0,1382633
2021-06-22 09:50:53,747.75,1383015
2021-06-22 09:50:53,747.75,1383223
2021-06-22 09:50:54,747.65,1383681
2021-06-22 09:50:56,748.0,1386216
2021-06-22 09:50:57,748.0,1388161
2021-06-22 09:50:58,747.95,1388894
2021-06-22 09:50:59,747.8,1389442
2021-06-22 09:51:00,747.8,1390150
2021-06-22 09:51:01,747.65,1392334
2021-06-22 09:51:01,748.1,1393216
2021-06-22 09:51:02,747.95,1393334
2021-06-22 09:51:03,748.0,1395330
2021-06-22 09:51:05,748.0,1397125
2021-06-22 09:51:06,748.0,1397774
2021-06-22 09:51:07,747.95,1398848
2021-06-22 09:51:08,747.95,1399185
2021-06-22 09:51:10,748.05,1399348
2021-06-22 09:51:11,748.05,1399348
2021-06-22 09:51:12,747.9,1399998
2021-06-22 09:51:14,747.9,1401154
2021-06-22 09:51:15,747.5,1403172
2021-06-22 09:51:16,747.5,1404044
2021-06-22 09:51:17,747.5,1404863
2021-06-22 09:51:17,747.75,1405201
2021-06-22 09:51:19,747.8,1405361
2021-06-22 09:51:21,747.8,1406387
2021-06-22 09:51:23,747.95,1407781
2021-06-22 09:51:24,748.0,1408149
2021-06-22 09:51:25,748.0,1411573
2021-06-22 09:51:28,748.0,1412548
2021-06-22 09:51:29,747.55,1412747
2021-06-22 09:51:30,747.95,1413000
2021-06-22 09:51:31,747.55,1413058
2021-06-22 09:51:31,747.85,1413274
2021-06-22 09:51:32,747.85,1413709
2021-06-22 09:51:34,747.85,1413806
2021-06-22 09:51:35,747.7,1414060
2021-06-22 09:51:36,747.7,1414176
2021-06-22 09:51:37,747.75,1416883
2021-06-22 09:51:38,747.75,1418237
2021-06-22 09:51:39,747.8,1419917
2021-06-22 09:51:40,747.8,1420638
2021-06-22 09:51:41,747.8,1421796
2021-06-22 09:51:42,748.0,1422243
2021-06-22 09:51:43,748.0,1422495
2021-06-22 09:51:44,747.8,1423005
2021-06-22 09:51:45,747.8,1423233
2021-06-22 09:51:46,748.0,1423903
2021-06-22 09:51:47,748.0,1424075
2021-06-22 09:51:47,748.0,1425579
2021-06-22 09:51:49,748.05,1427181
2021-06-22 09:51:50,748.05,1427481
2021-06-22 09:51:51,748.1,1427837
2021-06-22 09:51:52,748.0,1428366
2021-06-22 09:51:52,748.0,1428366
2021-06-22 09:51:54,748.0,1428436
2021-06-22 09:51:55,748.0,1428494
2021-06-22 09:51:58,747.8,1429805
2021-06-22 09:51:58,747.8,1429805
2021-06-22 09:51:59,748.0,1429981
2021-06-22 09:52:01,748.1,1430469
2021-06-22 09:52:02,747.95,1430988
2021-06-22 09:52:03,748.0,1431174
2021-06-22 09:52:04,748.0,1431215
2021-06-22 09:52:05,748.0,1431720
2021-06-22 09:52:05,748.0,1431720
2021-06-22 09:52:06,748.0,1432125
2021-06-22 09:52:08,748.0,1432683
2021-06-22 09:52:09,747.9,1433063
2021-06-22 09:52:10,747.9,1433063
2021-06-22 09:52:11,747.55,1435056
2021-06-22 09:52:13,748.0,1436209
2021-06-22 09:52:14,748.0,1436364
2021-06-22 09:52:15,748.05,1437550
2021-06-22 09:52:17,748.0,1437805
2021-06-22 09:52:18,748.0,1438892
2021-06-22 09:52:19,748.05,1438992
2021-06-22 09:52:20,748.0,1439374
2021-06-22 09:52:21,748.0,1439762
2021-06-22 09:52:22,748.0,1440702
2021-06-22 09:52:23,748.0,1440705
2021-06-22 09:52:24,748.0,1440730
2021-06-22 09:52:25,748.0,1440991
2021-06-22 09:52:26,748.0,1441148
2021-06-22 09:52:27,748.0,1441235
2021-06-22 09:52:28,748.0,1441535
2021-06-22 09:52:29,748.0,1441535
2021-06-22 09:52:30,748.0,1441540
2021-06-22 09:52:31,748.0,1441944
2021-06-22 09:52:32,748.0,1441966
2021-06-22 09:52:33,748.1,1441978
2021-06-22 09:52:34,748.05,1442132
2021-06-22 09:52:35,747.7,1444161
2021-06-22 09:52:36,747.75,1449919
2021-06-22 09:52:37,748.1,1449966
2021-06-22 09:52:38,748.0,1450381
2021-06-22 09:52:39,748.0,1451541
2021-06-22 09:52:40,748.0,1451641
2021-06-22 09:52:41,747.75,1451858
2021-06-22 09:52:42,748.0,1451938
2021-06-22 09:52:43,747.75,1452347
2021-06-22 09:52:44,747.5,1453941
2021-06-22 09:52:45,747.55,1454708
2021-06-22 09:52:46,747.75,1454732
2021-06-22 09:52:47,747.55,1454912
2021-06-22 09:52:48,747.55,1454929
2021-06-22 09:52:49,747.75,1454933
2021-06-22 09:52:50,747.75,1454933
2021-06-22 09:52:51,747.75,1454933
2021-06-22 09:52:52,747.55,1454949
2021-06-22 09:52:53,747.55,1454994
2021-06-22 09:52:54,747.75,1455059
2021-06-22 09:52:55,747.6,1455139
2021-06-22 09:52:57,747.75,1455153
2021-06-22 09:52:58,747.75,1455201
2021-06-22 09:52:59,747.75,1455203
2021-06-22 09:53:00,747.75,1455203
2021-06-22 09:53:01,747.55,1455715
2021-06-22 09:53:02,747.75,1456081
2021-06-22 09:53:03,747.75,1456272
2021-06-22 09:53:05,747.75,1456648
2021-06-22 09:53:04,747.75,1456630
2021-06-22 09:53:06,747.65,1456861
2021-06-22 09:53:07,747.65,1457064
2021-06-22 09:53:08,747.7,1457111
2021-06-22 09:53:09,747.75,1457360
2021-06-22 09:53:10,747.75,1457567
2021-06-22 09:53:11,747.7,1457649
2021-06-22 09:53:12,747.7,1457792
2021-06-22 09:53:13,747.75,1457806
2021-06-22 09:53:14,747.75,1457806
2021-06-22 09:53:15,747.75,1457806
2021-06-22 09:53:16,747.85,1459588
2021-06-22 09:53:17,747.8,1460507
2021-06-22 09:53:18,748.0,1460738
2021-06-22 09:53:19,748.0,1460749
2021-06-22 09:53:20,747.75,1461242
2021-06-22 09:53:21,747.95,1461395
2021-06-22 09:53:22,747.95,1461491
2021-06-22 09:53:23,747.75,1461529
2021-06-22 09:53:24,747.9,1461535
2021-06-22 09:53:25,747.9,1461535
2021-06-22 09:53:26,747.9,1462260
2021-06-22 09:53:27,747.9,1462317
2021-06-22 09:53:28,747.9,1462359
2021-06-22 09:53:31,747.85,1463431
2021-06-22 09:53:32,747.9,1463521
2021-06-22 09:53:33,747.9,1463827
2021-06-22 09:53:36,747.9,1464761
2021-06-22 09:53:37,747.85,1466798
2021-06-22 09:53:38,747.85,1466956
2021-06-22 09:53:39,747.7,1467185
2021-06-22 09:53:40,747.75,1467246
2021-06-22 09:53:41,747.75,1467265
2021-06-22 09:53:42,747.85,1467436
2021-06-22 09:53:43,747.8,1467488
2021-06-22 09:53:44,747.8,1467491
2021-06-22 09:53:45,747.75,1467495
2021-06-22 09:53:46,747.75,1467501
2021-06-22 09:53:48,747.75,1467649
2021-06-22 09:53:47,747.7,1467623
2021-06-22 09:53:49,747.7,1467758
2021-06-22 09:53:50,747.7,1467791
2021-06-22 09:53:51,747.7,1467917
2021-06-22 09:53:52,747.7,1468227
2021-06-22 09:53:53,747.6,1468596
2021-06-22 09:53:54,747.7,1469263
2021-06-22 09:53:55,747.6,1469315
2021-06-22 09:53:56,747.7,1469329
2021-06-22 09:53:58,747.65,1469354
2021-06-22 09:53:59,747.65,1469357
2021-06-22 09:54:01,747.6,1469782
2021-06-22 09:54:02,747.6,1471513
2021-06-22 09:54:04,747.65,1471623
2021-06-22 09:54:03,747.65,1471604
2021-06-22 09:54:05,747.65,1472008
2021-06-22 09:54:06,747.55,1472147
2021-06-22 09:54:07,747.55,1472365
2021-06-22 09:54:08,747.6,1472391
2021-06-22 09:54:09,747.5,1472412
2021-06-22 09:54:10,747.65,1473279
2021-06-22 09:54:11,747.65,1473334
2021-06-22 09:54:12,747.5,1473347
2021-06-22 09:54:13,747.5,1473386
2021-06-22 09:54:14,747.65,1473716
2021-06-22 09:54:15,747.6,1473819
2021-06-22 09:54:16,747.6,1473824
2021-06-22 09:54:17,747.6,1473910
2021-06-22 09:54:18,747.5,1473959
2021-06-22 09:54:19,747.6,1475474
2021-06-22 09:54:21,747.6,1475632
2021-06-22 09:54:21,747.6,1475632
2021-06-22 09:54:22,747.6,1475667
2021-06-22 09:54:23,747.6,1475712
2021-06-22 09:54:24,747.6,1475720
2021-06-22 09:54:25,747.6,1475847
2021-06-22 09:54:26,747.6,1475855
2021-06-22 09:54:27,747.6,1476160
2021-06-22 09:54:28,747.6,1476360
2021-06-22 09:54:29,747.6,1476479
2021-06-22 09:54:30,747.6,1476523
2021-06-22 09:54:32,747.6,1477857
2021-06-22 09:54:32,747.65,1478013
2021-06-22 09:54:33,747.6,1478112
2021-06-22 09:54:34,747.6,1478262
2021-06-22 09:54:35,747.6,1478400
2021-06-22 09:54:36,747.6,1478410
2021-06-22 09:54:37,747.5,1479531
2021-06-22 09:54:39,747.6,1479937
2021-06-22 09:54:39,747.7,1479851
2021-06-22 09:54:40,747.6,1480298
2021-06-22 09:54:41,747.55,1480511
2021-06-22 09:54:42,747.55,1480566
2021-06-22 09:54:43,747.6,1480607
2021-06-22 09:54:44,747.7,1480622
2021-06-22 09:54:45,747.7,1480629
2021-06-22 09:54:46,747.7,1480630
2021-06-22 09:54:48,747.7,1480651
2021-06-22 09:54:48,747.7,1480652
2021-06-22 09:54:49,747.7,1480653
2021-06-22 09:54:50,747.7,1480690
2021-06-22 09:54:51,747.55,1485520
2021-06-22 09:54:52,747.6,1487313
2021-06-22 09:54:53,747.6,1488732
2021-06-22 09:54:54,747.5,1490428
2021-06-22 09:54:56,747.6,1490943
2021-06-22 09:54:56,747.6,1490972
2021-06-22 09:54:57,747.55,1491231
2021-06-22 09:54:58,747.3,1491329
2021-06-22 09:54:59,747.3,1491400
2021-06-22 09:55:00,747.5,1491420
2021-06-22 09:55:01,747.5,1491535
2021-06-22 09:55:02,747.5,1491588
2021-06-22 09:55:03,747.3,1491664
2021-06-22 09:55:05,747.5,1491691
2021-06-22 09:55:06,747.15,1491783
2021-06-22 09:55:07,747.2,1491840
2021-06-22 09:55:08,747.2,1491850
2021-06-22 09:55:09,747.2,1491960
2021-06-22 09:55:10,747.1,1492246
2021-06-22 09:55:12,747.1,1492698
2021-06-22 09:55:12,747.1,1492761
2021-06-22 09:55:13,747.15,1493459
2021-06-22 09:55:14,747.3,1493511
2021-06-22 09:55:15,747.4,1493519
2021-06-22 09:55:16,747.1,1493553
2021-06-22 09:55:17,747.15,1493719
2021-06-22 09:55:19,747.1,1493775
2021-06-22 09:55:19,747.45,1493792
2021-06-22 09:55:20,747.45,1493793
2021-06-22 09:55:21,747.5,1494201
2021-06-22 09:55:22,747.25,1494384
2021-06-22 09:55:23,747.45,1494421
2021-06-22 09:55:24,747.45,1494424
2021-06-22 09:55:25,747.4,1494563
2021-06-22 09:55:26,747.45,1494571
2021-06-22 09:55:28,747.4,1495305
2021-06-22 09:55:29,747.45,1495546
2021-06-22 09:55:30,747.4,1495567
2021-06-22 09:55:31,747.4,1495570
2021-06-22 09:55:32,747.25,1495761
2021-06-22 09:55:33,747.15,1495941
2021-06-22 09:55:34,747.45,1495997
2021-06-22 09:55:35,747.45,1496002
2021-06-22 09:55:36,747.3,1496035
2021-06-22 09:55:38,747.3,1496063
2021-06-22 09:55:40,747.35,1496073
2021-06-22 09:55:41,747.3,1496124
2021-06-22 09:55:42,747.4,1496180
2021-06-22 09:55:44,747.45,1496275
2021-06-22 09:55:45,747.3,1496342
2021-06-22 09:55:46,747.35,1496361
2021-06-22 09:55:49,747.45,1496451
2021-06-22 09:55:50,747.45,1496634
2021-06-22 09:55:52,747.4,1496771
2021-06-22 09:55:53,747.45,1496938
2021-06-22 09:55:54,747.5,1496985
2021-06-22 09:55:56,747.2,1496998
2021-06-22 09:55:56,747.45,1497000
2021-06-22 09:55:57,747.2,1497043
2021-06-22 09:55:58,747.2,1497172
2021-06-22 09:55:59,747.2,1497217
2021-06-22 09:56:00,747.2,1497481
2021-06-22 09:56:01,747.3,1497816
2021-06-22 09:56:03,747.3,1498208
2021-06-22 09:56:04,747.3,1498213
2021-06-22 09:56:05,747.3,1498414
2021-06-22 09:56:06,747.3,1498426
2021-06-22 09:56:07,747.15,1498445
2021-06-22 09:56:08,747.3,1498565
2021-06-22 09:56:09,747.4,1499022
2021-06-22 09:56:11,747.4,1499249
2021-06-22 09:56:11,747.45,1499314
2021-06-22 09:56:12,747.3,1499450
2021-06-22 09:56:13,747.45,1500311
2021-06-22 09:56:14,747.7,1501077
2021-06-22 09:56:15,747.45,1502908
2021-06-22 09:56:16,747.5,1503401
2021-06-22 09:56:17,747.85,1503695
2021-06-22 09:56:18,747.55,1504258
2021-06-22 09:56:19,747.75,1504325
2021-06-22 09:56:21,747.55,1504655
2021-06-22 09:56:23,747.75,1504788
2021-06-22 09:56:24,747.75,1504798
2021-06-22 09:56:25,747.5,1504907
2021-06-22 09:56:27,747.5,1504926
2021-06-22 09:56:28,747.5,1504945
2021-06-22 09:56:28,747.5,1504951
2021-06-22 09:56:29,747.7,1505053
2021-06-22 09:56:30,747.5,1505832
2021-06-22 09:56:31,747.75,1506031
2021-06-22 09:56:32,747.8,1506229
2021-06-22 09:56:33,747.7,1506391
2021-06-22 09:56:35,747.85,1507923
2021-06-22 09:56:36,747.85,1508031
2021-06-22 09:56:37,747.85,1508050
2021-06-22 09:56:37,747.7,1508071
2021-06-22 09:56:38,747.85,1508288
2021-06-22 09:56:40,747.85,1508608
2021-06-22 09:56:41,747.7,1508680
2021-06-22 09:56:43,747.85,1508712
2021-06-22 09:56:44,747.85,1508911
2021-06-22 09:56:44,747.85,1508921
2021-06-22 09:56:46,747.85,1508924
2021-06-22 09:56:47,747.85,1508926
2021-06-22 09:56:48,747.85,1508950
2021-06-22 09:56:49,747.85,1509061
2021-06-22 09:56:51,747.8,1509668
2021-06-22 09:56:53,747.85,1509978
2021-06-22 09:56:54,747.7,1510172
2021-06-22 09:56:55,747.8,1510412
2021-06-22 09:56:56,747.85,1510442
2021-06-22 09:56:56,747.85,1510446
2021-06-22 09:56:57,747.7,1510465
2021-06-22 09:56:58,747.8,1510471
2021-06-22 09:57:00,747.8,1510813
2021-06-22 09:57:01,747.8,1510853
2021-06-22 09:57:02,747.8,1510981
2021-06-22 09:57:03,747.55,1511045
2021-06-22 09:57:05,747.55,1511064
2021-06-22 09:57:06,747.5,1512337
2021-06-22 09:57:07,747.7,1512718
2021-06-22 09:57:07,747.5,1512763
2021-06-22 09:57:08,747.7,1513238
2021-06-22 09:57:09,747.7,1513288
2021-06-22 09:57:10,747.7,1513308
2021-06-22 09:57:11,747.7,1513314
2021-06-22 09:57:12,747.5,1513834
2021-06-22 09:57:13,747.7,1514120
2021-06-22 09:57:14,747.7,1514334
2021-06-22 09:57:15,747.7,1515901
2021-06-22 09:57:16,747.7,1515999
2021-06-22 09:57:17,747.5,1516502
2021-06-22 09:57:18,747.7,1516666
2021-06-22 09:57:19,747.5,1517009
2021-06-22 09:57:21,747.7,1517233
2021-06-22 09:57:22,747.5,1517256
2021-06-22 09:57:23,747.7,1517280
2021-06-22 09:57:24,747.7,1517310
2021-06-22 09:57:25,747.65,1519202
2021-06-22 09:57:27,747.55,1519385
2021-06-22 09:57:28,747.55,1519801
2021-06-22 09:57:29,747.55,1519836
2021-06-22 09:57:30,747.3,1521192
2021-06-22 09:57:31,747.4,1521406
2021-06-22 09:57:32,747.4,1521509
2021-06-22 09:57:33,747.4,1521523
2021-06-22 09:57:34,747.4,1522016
2021-06-22 09:57:36,747.4,1522085
2021-06-22 09:57:37,747.2,1522095
2021-06-22 09:57:38,747.4,1522128
2021-06-22 09:57:39,747.2,1522256
2021-06-22 09:57:40,747.4,1522264
2021-06-22 09:57:41,747.4,1524879
2021-06-22 09:57:42,747.35,1526890
2021-06-22 09:57:43,747.35,1527052
2021-06-22 09:57:43,747.35,1527065
2021-06-22 09:57:44,747.1,1527085
2021-06-22 09:57:45,746.85,1533900
2021-06-22 09:57:47,747.0,1535643
2021-06-22 09:57:48,747.0,1535811
2021-06-22 09:57:49,746.95,1536776
2021-06-22 09:57:50,746.95,1537178
2021-06-22 09:57:51,747.0,1537733
2021-06-22 09:57:52,746.65,1538125
2021-06-22 09:57:53,746.8,1538256
2021-06-22 09:57:54,746.7,1538369
2021-06-22 09:57:56,746.7,1538849
2021-06-22 09:57:57,746.8,1538907
2021-06-22 09:57:58,746.8,1539081
2021-06-22 09:57:59,746.8,1539101
2021-06-22 09:58:00,746.7,1539272
2021-06-22 09:58:01,746.8,1539386
2021-06-22 09:58:02,746.6,1546413
2021-06-22 09:58:04,746.6,1547491
2021-06-22 09:58:04,746.6,1547785
2021-06-22 09:58:05,746.5,1548528
2021-06-22 09:58:06,746.9,1549333
2021-06-22 09:58:08,746.7,1549724
2021-06-22 09:58:09,746.9,1549851
2021-06-22 09:58:10,746.9,1549867
2021-06-22 09:58:11,746.75,1549868
2021-06-22 09:58:12,746.7,1549943
2021-06-22 09:58:12,746.75,1549950
2021-06-22 09:58:13,746.75,1549956
2021-06-22 09:58:15,746.7,1550116
2021-06-22 09:58:16,746.7,1550136
2021-06-22 09:58:17,746.7,1550154
2021-06-22 09:58:18,746.6,1550563
2021-06-22 09:58:19,746.7,1550723
2021-06-22 09:58:20,746.7,1550740
2021-06-22 09:58:21,746.75,1552965
2021-06-22 09:58:23,746.8,1553892
2021-06-22 09:58:24,746.6,1553976
2021-06-22 09:58:25,746.7,1554593
2021-06-22 09:58:26,746.65,1554616
2021-06-22 09:58:27,746.7,1554673
2021-06-22 09:58:28,746.65,1554754
2021-06-22 09:58:28,746.7,1554775
2021-06-22 09:58:30,746.6,1554800
2021-06-22 09:58:31,746.65,1554805
2021-06-22 09:58:31,746.6,1555006
2021-06-22 09:58:32,746.65,1555187
2021-06-22 09:58:33,746.65,1555273
2021-06-22 09:58:34,746.65,1555614
2021-06-22 09:58:35,746.6,1555914
2021-06-22 09:58:36,746.65,1556474
2021-06-22 09:58:37,746.65,1556532
2021-06-22 09:58:38,746.65,1556624
2021-06-22 09:58:40,746.6,1556795
2021-06-22 09:58:41,746.6,1557078
2021-06-22 09:58:42,746.6,1557149
2021-06-22 09:58:43,746.65,1557387
2021-06-22 09:58:44,746.65,1557749
2021-06-22 09:58:45,746.7,1557777
2021-06-22 09:58:47,746.8,1558595
2021-06-22 09:58:48,746.8,1558673
2021-06-22 09:58:49,746.65,1558986
2021-06-22 09:58:50,746.8,1559084
2021-06-22 09:58:51,746.65,1559153
2021-06-22 09:58:52,746.8,1559308
2021-06-22 09:58:53,746.8,1559693
2021-06-22 09:58:53,746.8,1559710
2021-06-22 09:58:54,746.65,1559717
2021-06-22 09:58:55,746.65,1559717
2021-06-22 09:58:57,746.6,1559846
2021-06-22 09:58:58,746.8,1559872
2021-06-22 09:58:59,746.7,1561186
2021-06-22 09:59:00,746.6,1561412
2021-06-22 09:59:01,746.7,1561796
2021-06-22 09:59:02,746.6,1561927
2021-06-22 09:59:03,746.55,1561942
2021-06-22 09:59:05,746.7,1562443
2021-06-22 09:59:06,746.65,1562738
2021-06-22 09:59:07,746.55,1562810
2021-06-22 09:59:08,746.55,1563002
2021-06-22 09:59:09,746.65,1563046
2021-06-22 09:59:10,746.65,1563072
2021-06-22 09:59:11,746.65,1563094
2021-06-22 09:59:12,746.55,1563115
2021-06-22 09:59:13,746.65,1563120
2021-06-22 09:59:14,746.5,1563420
2021-06-22 09:59:16,746.5,1563802
2021-06-22 09:59:16,746.7,1563827
2021-06-22 09:59:17,746.75,1563837
2021-06-22 09:59:18,746.5,1563893
2021-06-22 09:59:19,746.55,1563950
2021-06-22 09:59:20,746.8,1563963
2021-06-22 09:59:21,746.8,1563990
2021-06-22 09:59:22,746.65,1564011
2021-06-22 09:59:23,746.65,1564013
2021-06-22 09:59:25,746.5,1564232
2021-06-22 09:59:26,746.75,1564300
2021-06-22 09:59:26,746.75,1564304
2021-06-22 09:59:27,746.6,1564324
2021-06-22 09:59:28,746.6,1564332
2021-06-22 09:59:29,746.6,1564455
2021-06-22 09:59:30,746.5,1564586
2021-06-22 09:59:31,746.75,1564642
2021-06-22 09:59:32,746.75,1564752
2021-06-22 09:59:33,746.8,1564779
2021-06-22 09:59:34,746.8,1565078
2021-06-22 09:59:36,746.85,1565640
2021-06-22 09:59:37,746.85,1565809
2021-06-22 09:59:39,746.8,1566307
2021-06-22 09:59:40,746.75,1566950
2021-06-22 09:59:42,746.5,1567134
2021-06-22 09:59:43,746.8,1567204
2021-06-22 09:59:44,746.7,1567262
2021-06-22 09:59:46,746.8,1567774
2021-06-22 09:59:46,746.5,1567809
2021-06-22 09:59:48,746.7,1567841
2021-06-22 09:59:49,746.7,1567856
2021-06-22 09:59:50,746.45,1568595
2021-06-22 09:59:52,746.6,1569051
2021-06-22 09:59:53,746.6,1569081
2021-06-22 09:59:54,746.5,1569287
2021-06-22 09:59:55,746.5,1569300
2021-06-22 09:59:56,746.5,1569381
2021-06-22 09:59:56,746.5,1569406
2021-06-22 09:59:57,746.5,1569459
2021-06-22 09:59:58,746.5,1569987
2021-06-22 09:59:59,746.5,1570032
2021-06-22 10:00:00,746.5,1570035
2021-06-22 10:00:01,746.5,1570230
2021-06-22 10:00:02,746.4,1570287
2021-06-22 10:00:03,746.5,1571137
2021-06-22 10:00:04,746.6,1572527
2021-06-22 10:00:06,746.6,1572864
2021-06-22 10:00:07,746.5,1573354
2021-06-22 10:00:08,746.6,1573523
2021-06-22 10:00:09,746.6,1573546
2021-06-22 10:00:10,746.6,1573747
2021-06-22 10:00:11,746.5,1573875
2021-06-22 10:00:12,746.5,1573939
2021-06-22 10:00:13,746.6,1573949
2021-06-22 10:00:14,746.6,1574020
2021-06-22 10:00:15,746.5,1574310
2021-06-22 10:00:15,746.6,1574344
2021-06-22 10:00:17,746.6,1574358
2021-06-22 10:00:18,746.6,1574437
2021-06-22 10:00:19,746.6,1574638
2021-06-22 10:00:20,746.6,1574652
2021-06-22 10:00:20,746.6,1574653
2021-06-22 10:00:22,746.5,1575045
2021-06-22 10:00:23,746.6,1575124
2021-06-22 10:00:24,746.6,1575129
2021-06-22 10:00:25,746.6,1575129
2021-06-22 10:00:28,746.6,1575234
2021-06-22 10:00:29,746.5,1575318
2021-06-22 10:00:31,746.6,1575888
2021-06-22 10:00:31,746.65,1575930
2021-06-22 10:00:33,746.6,1576386
2021-06-22 10:00:34,746.6,1576400
2021-06-22 10:00:36,746.65,1576413
2021-06-22 10:00:37,746.6,1576530
2021-06-22 10:00:38,746.65,1576536
2021-06-22 10:00:39,746.65,1576787
2021-06-22 10:00:39,746.65,1576800
2021-06-22 10:00:41,746.5,1578025
2021-06-22 10:00:42,746.5,1578152
2021-06-22 10:00:43,746.4,1578888
2021-06-22 10:00:43,746.5,1578944
2021-06-22 10:00:45,746.5,1579488
2021-06-22 10:00:46,746.5,1579543
2021-06-22 10:00:47,746.4,1579573
2021-06-22 10:00:48,746.5,1579802
2021-06-22 10:00:49,746.65,1580224
2021-06-22 10:00:49,746.65,1580245
2021-06-22 10:00:50,746.65,1580253
2021-06-22 10:00:51,746.65,1580253
2021-06-22 10:00:52,746.45,1580377
2021-06-22 10:00:53,746.6,1580763
2021-06-22 10:00:55,746.65,1580788
2021-06-22 10:00:55,746.6,1580789
2021-06-22 10:00:57,746.6,1580789
2021-06-22 10:00:58,746.4,1580852
2021-06-22 10:00:59,746.6,1580925
2021-06-22 10:01:00,746.6,1581003
2021-06-22 10:01:00,746.6,1581023
2021-06-22 10:01:01,746.5,1581044
2021-06-22 10:01:03,746.6,1581677
2021-06-22 10:01:04,746.6,1582059
2021-06-22 10:01:05,746.5,1582642
2021-06-22 10:01:06,746.65,1582806
2021-06-22 10:01:07,746.5,1583740
2021-06-22 10:01:08,746.65,1583950
2021-06-22 10:01:09,746.5,1584013
2021-06-22 10:01:10,746.5,1584081
2021-06-22 10:01:11,746.4,1584086
2021-06-22 10:01:12,746.5,1584465
2021-06-22 10:01:13,746.4,1584599
2021-06-22 10:01:15,746.4,1586497
2021-06-22 10:01:16,746.35,1586929
2021-06-22 10:01:17,746.25,1587526
2021-06-22 10:01:18,746.2,1587887
2021-06-22 10:01:19,746.2,1588037
2021-06-22 10:01:20,746.25,1588295
2021-06-22 10:01:21,746.25,1588309
2021-06-22 10:01:22,746.15,1588331
2021-06-22 10:01:24,746.25,1588346
2021-06-22 10:01:25,746.5,1589063
2021-06-22 10:01:27,746.8,1593097
2021-06-22 10:01:28,746.85,1594670
2021-06-22 10:01:30,746.5,1594906
2021-06-22 10:01:31,746.45,1595481
2021-06-22 10:01:33,746.7,1595691
2021-06-22 10:01:34,746.35,1596465
2021-06-22 10:01:35,746.65,1596644
2021-06-22 10:01:37,746.65,1596926
2021-06-22 10:01:38,746.65,1596952
2021-06-22 10:01:38,746.35,1597157
2021-06-22 10:01:39,746.65,1597221
2021-06-22 10:01:40,746.65,1597239
2021-06-22 10:01:41,746.5,1597264
2021-06-22 10:01:43,746.4,1597430
2021-06-22 10:01:44,746.6,1597570
2021-06-22 10:01:45,746.55,1597588
2021-06-22 10:01:46,746.5,1597589
2021-06-22 10:01:47,746.45,1597632
2021-06-22 10:01:48,746.65,1598213
2021-06-22 10:01:49,746.65,1598220
2021-06-22 10:01:50,746.65,1598847
2021-06-22 10:01:51,746.7,1599132
2021-06-22 10:01:51,747.0,1599815
2021-06-22 10:01:52,746.65,1600055
2021-06-22 10:01:54,747.0,1600103
2021-06-22 10:01:54,747.0,1600114
2021-06-22 10:01:58,746.9,1600297
2021-06-22 10:02:00,746.9,1600298
2021-06-22 10:02:01,746.9,1600298
2021-06-22 10:02:02,746.7,1600314
2021-06-22 10:02:03,746.9,1600329
2021-06-22 10:02:03,746.7,1600336
2021-06-22 10:02:05,746.9,1600350
2021-06-22 10:02:06,746.9,1601643
2021-06-22 10:02:07,746.9,1601755
2021-06-22 10:02:07,746.7,1601861
2021-06-22 10:02:09,746.9,1602065
2021-06-22 10:02:09,746.9,1602068
2021-06-22 10:02:10,746.9,1602108
2021-06-22 10:02:11,746.9,1602371
2021-06-22 10:02:12,746.7,1602571
2021-06-22 10:02:13,746.9,1602662
2021-06-22 10:02:14,746.9,1602677
2021-06-22 10:02:16,747.5,1617877
2021-06-22 10:02:17,747.7,1620955
2021-06-22 10:02:18,747.75,1625000
2021-06-22 10:02:19,747.75,1626559
2021-06-22 10:02:20,747.85,1627302
2021-06-22 10:02:22,747.8,1628046
2021-06-22 10:02:23,747.45,1628318
2021-06-22 10:02:24,747.25,1630718
2021-06-22 10:02:24,747.55,1630744
2021-06-22 10:02:25,747.4,1631099
2021-06-22 10:02:26,747.65,1631665
2021-06-22 10:02:27,747.7,1631865
2021-06-22 10:02:28,747.7,1631880
2021-06-22 10:02:29,747.7,1631933
2021-06-22 10:02:31,747.7,1632056
2021-06-22 10:02:31,747.7,1632101
2021-06-22 10:02:33,747.7,1632126
2021-06-22 10:02:35,747.7,1632396
2021-06-22 10:02:36,747.7,1632498
2021-06-22 10:02:37,747.65,1632551
2021-06-22 10:02:38,747.7,1632555
2021-06-22 10:02:40,747.7,1632555
2021-06-22 10:02:41,747.7,1632701
2021-06-22 10:02:41,747.7,1632703
2021-06-22 10:02:42,747.7,1632733
2021-06-22 10:02:43,747.45,1632758
2021-06-22 10:02:44,747.4,1633166
2021-06-22 10:02:45,747.35,1633297
2021-06-22 10:02:47,747.4,1633328
2021-06-22 10:02:48,747.6,1633608
2021-06-22 10:02:49,747.7,1633698
2021-06-22 10:02:50,747.35,1633715
2021-06-22 10:02:51,747.35,1633895
2021-06-22 10:02:52,747.35,1633966
2021-06-22 10:02:53,747.65,1634132
2021-06-22 10:02:54,747.5,1634153
2021-06-22 10:02:55,747.5,1634257
2021-06-22 10:02:56,747.6,1635071
2021-06-22 10:02:57,747.6,1635509
2021-06-22 10:02:58,747.6,1635529
2021-06-22 10:02:59,747.6,1635723
2021-06-22 10:03:00,747.6,1635750
2021-06-22 10:03:01,747.6,1635855
2021-06-22 10:03:02,747.55,1637887
2021-06-22 10:03:03,747.4,1639961
2021-06-22 10:03:04,747.65,1640678
2021-06-22 10:03:05,747.65,1640890
2021-06-22 10:03:06,747.4,1640995
2021-06-22 10:03:07,747.6,1641031
2021-06-22 10:03:08,747.6,1641055
2021-06-22 10:03:09,747.6,1641181
2021-06-22 10:03:10,747.25,1642062
2021-06-22 10:03:11,747.5,1642347
2021-06-22 10:03:12,747.25,1642385
2021-06-22 10:03:13,747.25,1642443
2021-06-22 10:03:14,747.25,1642510
2021-06-22 10:03:16,747.25,1642647
2021-06-22 10:03:17,747.05,1642754
2021-06-22 10:03:18,747.25,1642846
2021-06-22 10:03:19,747.25,1642851
2021-06-22 10:03:20,747.2,1642872
2021-06-22 10:03:21,747.25,1642878
2021-06-22 10:03:22,747.25,1642878
2021-06-22 10:03:23,747.25,1642950
2021-06-22 10:03:24,747.25,1643004
2021-06-22 10:03:25,747.25,1643006
2021-06-22 10:03:26,747.25,1643006
2021-06-22 10:03:27,747.25,1643082
2021-06-22 10:03:28,747.6,1644829
2021-06-22 10:03:29,747.6,1644906
2021-06-22 10:03:30,747.7,1644936
2021-06-22 10:03:32,747.4,1645220
2021-06-22 10:03:34,747.7,1645559
2021-06-22 10:03:35,747.7,1645575
2021-06-22 10:03:36,747.65,1645580
2021-06-22 10:03:37,747.5,1645612
2021-06-22 10:03:38,747.5,1645643
2021-06-22 10:03:39,747.5,1645645
2021-06-22 10:03:40,747.5,1645748
2021-06-22 10:03:41,747.5,1645779
2021-06-22 10:03:43,747.55,1645999
2021-06-22 10:03:44,747.55,1646015
2021-06-22 10:03:45,747.55,1646517
2021-06-22 10:03:46,747.25,1646654
2021-06-22 10:03:47,747.25,1646731
2021-06-22 10:03:48,747.4,1646774
2021-06-22 10:03:49,747.4,1646785
2021-06-22 10:03:50,747.25,1646879
2021-06-22 10:03:51,747.4,1646908
2021-06-22 10:03:52,747.4,1646946
2021-06-22 10:03:53,747.4,1646959
2021-06-22 10:03:54,747.4,1646963
2021-06-22 10:03:56,747.4,1646980
2021-06-22 10:03:57,747.25,1647057
2021-06-22 10:03:58,747.25,1647087
2021-06-22 10:03:59,747.4,1647102
2021-06-22 10:04:00,747.25,1647206
2021-06-22 10:04:01,747.4,1647237
2021-06-22 10:04:02,747.25,1647307
2021-06-22 10:04:03,747.4,1647313
2021-06-22 10:04:04,747.2,1650315
2021-06-22 10:04:05,747.4,1651229
2021-06-22 10:04:06,747.4,1651325
2021-06-22 10:04:07,747.4,1651354
2021-06-22 10:04:08,747.4,1651355
2021-06-22 10:04:09,747.55,1652055
2021-06-22 10:04:10,747.6,1652300
2021-06-22 10:04:11,747.7,1652417
2021-06-22 10:04:13,747.55,1652444
2021-06-22 10:04:14,747.7,1652449
2021-06-22 10:04:15,747.7,1652484
2021-06-22 10:04:16,747.7,1652499
2021-06-22 10:04:17,747.7,1652505
2021-06-22 10:04:18,747.7,1652534
2021-06-22 10:04:19,747.7,1652597
2021-06-22 10:04:20,747.7,1652651
2021-06-22 10:04:21,747.7,1653164
2021-06-22 10:04:22,747.7,1653281
2021-06-22 10:04:23,747.7,1653288
2021-06-22 10:04:25,747.7,1654624
2021-06-22 10:04:26,747.7,1655337
2021-06-22 10:04:27,747.6,1655384
2021-06-22 10:04:28,747.7,1655411
2021-06-22 10:04:29,747.6,1655423
2021-06-22 10:04:30,747.7,1655431
2021-06-22 10:04:31,747.7,1655433
2021-06-22 10:04:32,747.65,1655502
2021-06-22 10:04:33,747.7,1655574
2021-06-22 10:04:35,747.7,1655689
2021-06-22 10:04:36,747.7,1655987
2021-06-22 10:04:38,747.7,1656102
2021-06-22 10:04:39,747.7,1656104
2021-06-22 10:04:40,747.7,1656517
2021-06-22 10:04:41,747.7,1656646
2021-06-22 10:04:42,747.75,1656683
2021-06-22 10:04:43,747.75,1656705
2021-06-22 10:04:44,747.75,1656731
2021-06-22 10:04:45,747.65,1656742
2021-06-22 10:04:46,747.8,1656745
2021-06-22 10:04:47,747.8,1656746
2021-06-22 10:04:48,747.7,1657071
2021-06-22 10:04:49,747.8,1657528
2021-06-22 10:04:50,747.8,1657671
2021-06-22 10:04:52,747.8,1658905
2021-06-22 10:04:53,747.75,1659097
2021-06-22 10:04:54,747.85,1659292
2021-06-22 10:04:55,747.85,1659334
2021-06-22 10:04:57,747.85,1659476
2021-06-22 10:04:58,747.75,1659502
2021-06-22 10:04:58,747.85,1659514
2021-06-22 10:04:59,747.85,1659536
2021-06-22 10:05:01,747.85,1659740
2021-06-22 10:05:01,747.85,1659765
2021-06-22 10:05:04,747.9,1659853
2021-06-22 10:05:04,747.9,1660104
2021-06-22 10:05:05,747.9,1660317
2021-06-22 10:05:06,747.85,1660470
2021-06-22 10:05:07,747.9,1660531
2021-06-22 10:05:08,747.9,1660543
2021-06-22 10:05:09,747.85,1661259
2021-06-22 10:05:10,747.9,1661493
2021-06-22 10:05:11,747.95,1664068
2021-06-22 10:05:12,747.9,1664540
2021-06-22 10:05:14,748.0,1664736
2021-06-22 10:05:15,748.0,1664842
2021-06-22 10:05:16,748.0,1665040
2021-06-22 10:05:17,748.1,1679008
2021-06-22 10:05:18,748.0,1679032
2021-06-22 10:05:20,748.1,1679592
2021-06-22 10:05:21,748.1,1680382
2021-06-22 10:05:22,748.1,1680923
2021-06-22 10:05:23,748.1,1681210
2021-06-22 10:05:25,748.1,1682657
2021-06-22 10:05:26,748.2,1682768
2021-06-22 10:05:26,748.2,1682668
2021-06-22 10:05:27,748.0,1687653
2021-06-22 10:05:28,748.0,1688309
2021-06-22 10:05:30,748.0,1688444
2021-06-22 10:05:31,748.0,1688453
2021-06-22 10:05:31,748.0,1688453
2021-06-22 10:05:33,748.0,1688476
2021-06-22 10:05:34,747.95,1689190
2021-06-22 10:05:35,748.0,1689303
2021-06-22 10:05:36,748.0,1689330
2021-06-22 10:05:37,748.0,1689466
2021-06-22 10:05:38,748.0,1689498
2021-06-22 10:05:39,748.0,1689508
2021-06-22 10:05:40,747.9,1689585
2021-06-22 10:05:41,748.0,1689984
2021-06-22 10:05:42,748.0,1690036
2021-06-22 10:05:43,748.0,1690103
2021-06-22 10:05:44,748.0,1690206
2021-06-22 10:05:46,748.0,1690634
2021-06-22 10:05:47,747.9,1690657
2021-06-22 10:05:48,748.0,1690667
2021-06-22 10:05:49,748.0,1690701
2021-06-22 10:05:50,748.0,1690703
2021-06-22 10:05:52,748.0,1690723
2021-06-22 10:05:53,748.0,1690865
2021-06-22 10:05:54,748.0,1690914
2021-06-22 10:05:55,748.0,1690925
2021-06-22 10:05:56,748.0,1691540
2021-06-22 10:05:58,748.0,1691894
2021-06-22 10:06:00,748.0,1692119
2021-06-22 10:06:00,748.0,1692179
2021-06-22 10:06:01,747.9,1692437
2021-06-22 10:06:02,748.0,1692674
2021-06-22 10:06:03,747.9,1692869
2021-06-22 10:06:04,748.0,1692944
2021-06-22 10:06:05,748.0,1692947
2021-06-22 10:06:06,748.0,1693203
2021-06-22 10:06:07,748.0,1693246
2021-06-22 10:06:09,748.0,1694975
2021-06-22 10:06:11,748.0,1695050
2021-06-22 10:06:11,748.0,1695441
2021-06-22 10:06:12,748.0,1695493
2021-06-22 10:06:13,748.0,1695497
2021-06-22 10:06:14,748.0,1695526
2021-06-22 10:06:15,748.0,1695585
2021-06-22 10:06:17,748.0,1695589
2021-06-22 10:06:17,747.9,1695627
2021-06-22 10:06:18,748.0,1695708
2021-06-22 10:06:19,747.9,1695789
2021-06-22 10:06:20,747.9,1697158
2021-06-22 10:06:21,747.85,1697236
2021-06-22 10:06:24,747.85,1697442
2021-06-22 10:06:24,747.85,1697443
2021-06-22 10:06:25,747.85,1697443
2021-06-22 10:06:26,747.85,1697708
2021-06-22 10:06:27,747.85,1697749
2021-06-22 10:06:28,747.8,1697768
2021-06-22 10:06:30,747.5,1698840
2021-06-22 10:06:30,747.5,1699408
2021-06-22 10:06:31,747.5,1699617
2021-06-22 10:06:32,747.5,1700430
2021-06-22 10:06:34,747.5,1700532
2021-06-22 10:06:35,747.5,1700601
2021-06-22 10:06:35,747.5,1700605
2021-06-22 10:06:36,747.5,1700618
2021-06-22 10:06:37,747.45,1700635
2021-06-22 10:06:38,747.25,1700861
2021-06-22 10:06:39,747.45,1700965
2021-06-22 10:06:40,747.5,1701319
2021-06-22 10:06:42,747.5,1701483
2021-06-22 10:06:42,747.2,1701519
2021-06-22 10:06:43,747.4,1701744
2021-06-22 10:06:45,747.4,1701819
2021-06-22 10:06:45,747.4,1701818
2021-06-22 10:06:46,747.4,1701828
2021-06-22 10:06:47,747.25,1701845
2021-06-22 10:06:48,747.4,1701858
2021-06-22 10:06:49,747.4,1701872
2021-06-22 10:06:50,747.4,1701872
2021-06-22 10:06:52,747.4,1702072
2021-06-22 10:06:52,747.3,1702151
2021-06-22 10:06:53,747.4,1702285
2021-06-22 10:06:54,747.3,1702368
2021-06-22 10:06:55,747.3,1703644
2021-06-22 10:06:56,747.25,1706941
2021-06-22 10:06:57,747.3,1707451
2021-06-22 10:06:59,747.3,1707804
2021-06-22 10:07:01,747.2,1708205
2021-06-22 10:07:03,747.15,1708476
2021-06-22 10:07:04,747.5,1710349
2021-06-22 10:07:05,747.95,1711635
2021-06-22 10:07:06,747.8,1711720
2021-06-22 10:07:08,747.8,1711816
2021-06-22 10:07:08,747.8,1711799
2021-06-22 10:07:10,747.8,1711817
2021-06-22 10:07:10,747.85,1712452
2021-06-22 10:07:11,747.85,1712665
2021-06-22 10:07:13,747.55,1712728
2021-06-22 10:07:15,747.9,1712738
2021-06-22 10:07:16,747.9,1712738
2021-06-22 10:07:16,747.9,1712738
2021-06-22 10:07:17,747.8,1712748
2021-06-22 10:07:18,747.8,1712786
2021-06-22 10:07:19,747.75,1712860
2021-06-22 10:07:21,747.8,1713193
2021-06-22 10:07:22,747.9,1713341
2021-06-22 10:07:22,747.9,1713386
2021-06-22 10:07:23,747.75,1713461
2021-06-22 10:07:24,747.95,1713481
2021-06-22 10:07:25,747.95,1713510
2021-06-22 10:07:26,747.95,1714012
2021-06-22 10:07:27,747.75,1714065
2021-06-22 10:07:28,747.9,1714076
2021-06-22 10:07:29,747.9,1714076
2021-06-22 10:07:30,747.9,1714226
2021-06-22 10:07:31,747.8,1714237
2021-06-22 10:07:32,747.8,1714261
2021-06-22 10:07:35,747.9,1715852
2021-06-22 10:07:35,748.0,1715957
2021-06-22 10:07:36,747.85,1716639
2021-06-22 10:07:37,747.85,1717390
2021-06-22 10:07:39,747.9,1717624
2021-06-22 10:07:39,747.9,1717628
2021-06-22 10:07:40,748.0,1717729
2021-06-22 10:07:41,747.8,1718297
2021-06-22 10:07:42,747.9,1718384
2021-06-22 10:07:43,748.0,1718404
2021-06-22 10:07:45,748.0,1719742
2021-06-22 10:07:46,748.0,1719836
2021-06-22 10:07:48,747.9,1719945
2021-06-22 10:07:50,748.0,1719974
2021-06-22 10:07:51,748.0,1720412
2021-06-22 10:07:52,748.0,1720673
2021-06-22 10:07:53,748.0,1720729
2021-06-22 10:07:55,748.0,1720768
2021-06-22 10:07:56,748.0,1720775
2021-06-22 10:07:57,748.0,1720795
2021-06-22 10:07:58,748.0,1721040
2021-06-22 10:07:59,748.0,1721074
2021-06-22 10:08:01,748.0,1721254
2021-06-22 10:08:02,747.9,1722194
2021-06-22 10:08:04,748.05,1732874
2021-06-22 10:08:05,748.2,1733889
2021-06-22 10:08:06,748.2,1736428
2021-06-22 10:08:07,748.1,1736457
2021-06-22 10:08:09,748.1,1738293
2021-06-22 10:08:10,748.25,1738505
2021-06-22 10:08:11,748.2,1738841
2021-06-22 10:08:11,748.1,1738840
2021-06-22 10:08:12,748.25,1739363
2021-06-22 10:08:13,748.25,1739363
2021-06-22 10:08:15,748.15,1739614
2021-06-22 10:08:16,748.15,1739615
2021-06-22 10:08:17,748.1,1739632
2021-06-22 10:08:18,748.3,1739740
2021-06-22 10:08:20,748.35,1739750
2021-06-22 10:08:21,748.35,1739750
2021-06-22 10:08:22,748.1,1739766
2021-06-22 10:08:23,748.1,1739843
2021-06-22 10:08:24,748.3,1739858
2021-06-22 10:08:25,748.2,1740255
2021-06-22 10:08:28,748.25,1740495
2021-06-22 10:08:29,748.35,1740837
2021-06-22 10:08:31,748.2,1742021
2021-06-22 10:08:32,748.2,1742287
2021-06-22 10:08:33,748.2,1743472
2021-06-22 10:08:34,748.2,1743472
2021-06-22 10:08:36,748.3,1743502
2021-06-22 10:08:36,748.2,1743472
2021-06-22 10:08:37,748.1,1743670
2021-06-22 10:08:38,748.15,1744229
2021-06-22 10:08:39,748.2,1744335
2021-06-22 10:08:41,748.15,1744759
2021-06-22 10:08:41,748.05,1745109
2021-06-22 10:08:42,748.2,1745501
2021-06-22 10:08:43,748.2,1745501
2021-06-22 10:08:44,748.2,1745501
2021-06-22 10:08:46,748.2,1745526
2021-06-22 10:08:47,748.05,1745543
2021-06-22 10:08:47,748.2,1745570
2021-06-22 10:08:48,748.2,1745570
2021-06-22 10:08:50,748.05,1745772
2021-06-22 10:08:51,748.0,1749982
2021-06-22 10:08:51,748.0,1749982
2021-06-22 10:08:52,748.0,1750517
2021-06-22 10:08:53,748.05,1750622
2021-06-22 10:08:54,748.05,1750773
2021-06-22 10:08:55,748.0,1750923
2021-06-22 10:08:57,748.05,1751040
2021-06-22 10:08:58,748.05,1751050
2021-06-22 10:09:00,748.05,1751699
2021-06-22 10:09:01,748.0,1751759
2021-06-22 10:09:02,748.0,1751759
2021-06-22 10:09:03,748.0,1752668
2021-06-22 10:09:04,747.9,1756450
2021-06-22 10:09:05,748.0,1756520
2021-06-22 10:09:06,748.05,1757090
2021-06-22 10:09:07,748.0,1757107
2021-06-22 10:09:07,748.0,1757107
2021-06-22 10:09:08,748.05,1757108
2021-06-22 10:09:09,748.05,1757108
2021-06-22 10:09:10,748.05,1757109
2021-06-22 10:09:11,748.05,1757131
2021-06-22 10:09:12,747.95,1758582
2021-06-22 10:09:14,747.9,1758966
2021-06-22 10:09:15,747.9,1759137
2021-06-22 10:09:16,747.9,1759154
2021-06-22 10:09:16,747.9,1759155
2021-06-22 10:09:17,747.9,1759205
2021-06-22 10:09:18,747.9,1759220
2021-06-22 10:09:19,747.9,1759624
2021-06-22 10:09:20,747.9,1760584
2021-06-22 10:09:21,748.1,1762418
2021-06-22 10:09:22,747.9,1762834
2021-06-22 10:09:24,748.05,1762993
2021-06-22 10:09:25,747.9,1763173
2021-06-22 10:09:26,748.0,1763226
2021-06-22 10:09:28,748.2,1763798
2021-06-22 10:09:29,748.05,1763801
2021-06-22 10:09:30,748.25,1763806
2021-06-22 10:09:31,748.25,1763811
2021-06-22 10:09:32,747.9,1764132
2021-06-22 10:09:34,747.95,1764892
2021-06-22 10:09:35,748.05,1765212
2021-06-22 10:09:36,748.25,1765248
2021-06-22 10:09:38,748.25,1765565
2021-06-22 10:09:39,748.25,1765570
2021-06-22 10:09:40,748.25,1765570
2021-06-22 10:09:41,748.25,1765891
2021-06-22 10:09:42,748.2,1766025
2021-06-22 10:09:43,748.2,1766027
2021-06-22 10:09:44,748.2,1766027
2021-06-22 10:09:45,748.05,1766118
2021-06-22 10:09:46,748.05,1766125
2021-06-22 10:09:47,748.15,1766194
2021-06-22 10:09:49,748.25,1766249
2021-06-22 10:09:50,748.25,1766249
2021-06-22 10:09:51,748.15,1766353
2021-06-22 10:09:52,748.15,1766353
2021-06-22 10:09:53,748.15,1766370
2021-06-22 10:09:54,748.2,1766471
2021-06-22 10:09:55,748.2,1766576
2021-06-22 10:09:56,748.1,1766870
2021-06-22 10:09:57,748.1,1767066
2021-06-22 10:09:59,748.1,1767122
2021-06-22 10:10:01,748.15,1767248
2021-06-22 10:10:02,748.2,1767294
2021-06-22 10:10:03,748.25,1767344
2021-06-22 10:10:04,748.25,1767344
2021-06-22 10:10:05,748.25,1767385
2021-06-22 10:10:06,748.25,1767385
2021-06-22 10:10:07,748.1,1767432
2021-06-22 10:10:09,748.1,1767432
2021-06-22 10:10:09,748.1,1767432
2021-06-22 10:10:10,748.25,1767962
2021-06-22 10:10:11,748.25,1767971
2021-06-22 10:10:13,748.1,1767987
2021-06-22 10:10:15,748.1,1767987
2021-06-22 10:10:16,748.1,1767987
2021-06-22 10:10:16,748.1,1767987
2021-06-22 10:10:18,748.1,1768070
