timestamp,ltp,volume
2021-06-22 09:16:34,4162.05,9279
2021-06-22 09:16:35,4162.15,9606
2021-06-22 09:16:38,4164.65,9616
2021-06-22 09:16:39,4162.1,9636
2021-06-22 09:16:40,4162.1,9640
2021-06-22 09:16:42,4161.7,9875
2021-06-22 09:16:43,4161.3,9899
2021-06-22 09:16:44,4163.55,9906
2021-06-22 09:16:45,4160.0,10596
2021-06-22 09:16:46,4159.6,10624
2021-06-22 09:16:47,4158.1,10735
2021-06-22 09:16:48,4162.8,10786
2021-06-22 09:16:49,4158.05,10790
2021-06-22 09:16:50,4159.55,11084
2021-06-22 09:16:51,4159.55,11084
2021-06-22 09:16:53,4160.0,11135
2021-06-22 09:16:54,4159.35,11266
2021-06-22 09:16:55,4159.35,11266
2021-06-22 09:16:56,4159.05,11378
2021-06-22 09:16:57,4159.3,11530
2021-06-22 09:16:58,4159.15,11542
2021-06-22 09:16:59,4159.2,11552
2021-06-22 09:17:00,4159.65,11583
2021-06-22 09:17:00,4159.65,11583
2021-06-22 09:17:01,4159.65,11775
2021-06-22 09:17:02,4159.55,11779
2021-06-22 09:17:03,4159.55,11779
2021-06-22 09:17:04,4160.9,11782
2021-06-22 09:17:05,4160.0,11831
2021-06-22 09:17:06,4160.0,11831
2021-06-22 09:17:07,4160.8,11882
2021-06-22 09:17:10,4160.8,11882
2021-06-22 09:17:11,4158.0,12177
2021-06-22 09:17:12,4160.15,12444
2021-06-22 09:17:12,4160.15,12444
2021-06-22 09:17:13,4159.2,12445
2021-06-22 09:17:14,4162.0,12572
2021-06-22 09:17:16,4162.0,12632
2021-06-22 09:17:17,4162.0,12635
2021-06-22 09:17:18,4160.0,12685
2021-06-22 09:17:19,4160.75,12735
2021-06-22 09:17:20,4161.55,12740
2021-06-22 09:17:21,4161.45,12806
2021-06-22 09:17:21,4157.8,12826
2021-06-22 09:17:22,4157.35,12831
2021-06-22 09:17:23,4157.35,13047
2021-06-22 09:17:24,4157.5,13057
2021-06-22 09:17:26,4157.5,13057
2021-06-22 09:17:27,4157.15,13067
2021-06-22 09:17:28,4157.05,13077
2021-06-22 09:17:29,4159.0,13086
2021-06-22 09:17:30,4156.75,13215
2021-06-22 09:17:31,4158.8,13240
2021-06-22 09:17:33,4155.55,13245
2021-06-22 09:17:34,4155.75,13247
2021-06-22 09:17:34,4155.75,13247
2021-06-22 09:17:35,4158.45,13297
2021-06-22 09:17:37,4158.4,13315
2021-06-22 09:17:38,4159.95,13716
2021-06-22 09:17:39,4160.0,13966
2021-06-22 09:17:40,4160.0,13966
2021-06-22 09:17:41,4159.85,13976
2021-06-22 09:17:42,4158.05,13977
2021-06-22 09:17:44,4158.05,13977
2021-06-22 09:17:45,4162.9,14426
2021-06-22 09:17:46,4162.9,14426
2021-06-22 09:17:47,4162.9,14426
2021-06-22 09:17:48,4166.45,14691
2021-06-22 09:17:48,4166.55,14731
2021-06-22 09:17:49,4166.55,14741
2021-06-22 09:17:50,4166.55,14741
2021-06-22 09:17:52,4166.25,14790
2021-06-22 09:17:53,4168.65,14814
2021-06-22 09:17:54,4168.65,14814
2021-06-22 09:17:55,4170.0,15314
2021-06-22 09:17:55,4170.0,15314
2021-06-22 09:17:56,4167.1,15368
2021-06-22 09:17:57,4168.7,15418
2021-06-22 09:17:58,4168.7,15418
2021-06-22 09:17:59,4168.7,15418
2021-06-22 09:18:00,4168.7,15418
2021-06-22 09:18:02,4171.3,15444
2021-06-22 09:18:03,4171.3,15444
2021-06-22 09:18:04,4169.55,15574
2021-06-22 09:18:05,4169.55,15612
2021-06-22 09:18:06,4169.0,15624
2021-06-22 09:18:07,4169.0,15634
2021-06-22 09:18:08,4169.0,15634
2021-06-22 09:18:09,4171.0,15703
2021-06-22 09:18:10,4170.95,15718
2021-06-22 09:18:11,4170.95,15737
2021-06-22 09:18:12,4170.95,15737
2021-06-22 09:18:13,4170.95,15737
2021-06-22 09:18:14,4170.95,15737
2021-06-22 09:18:16,4170.8,15796
2021-06-22 09:18:17,4170.7,15797
2021-06-22 09:18:18,4170.7,15807
2021-06-22 09:18:19,4170.7,15807
2021-06-22 09:18:20,4170.7,15807
2021-06-22 09:18:21,4168.65,15821
2021-06-22 09:18:22,4168.65,15837
2021-06-22 09:18:23,4170.7,15842
2021-06-22 09:18:24,4170.7,15849
2021-06-22 09:18:25,4168.25,15851
2021-06-22 09:18:26,4168.25,15860
2021-06-22 09:18:27,4170.7,15888
2021-06-22 09:18:28,4168.05,15962
2021-06-22 09:18:29,4169.6,16222
2021-06-22 09:18:30,4170.7,16412
2021-06-22 09:18:31,4170.7,16412
2021-06-22 09:18:33,4170.7,16475
2021-06-22 09:18:33,4168.2,16479
2021-06-22 09:18:34,4168.2,16479
2021-06-22 09:18:35,4168.05,16484
2021-06-22 09:18:37,4170.5,16600
2021-06-22 09:18:38,4168.0,16609
2021-06-22 09:18:39,4170.35,16612
2021-06-22 09:18:40,4170.35,16612
2021-06-22 09:18:41,4170.35,16612
2021-06-22 09:18:42,4170.2,16627
2021-06-22 09:18:43,4170.75,16770
2021-06-22 09:18:44,4168.2,16815
2021-06-22 09:18:45,4168.2,16815
2021-06-22 09:18:46,4168.2,16815
2021-06-22 09:18:47,4168.2,16815
2021-06-22 09:18:47,4168.2,16815
2021-06-22 09:18:48,4170.3,16840
2021-06-22 09:18:51,4170.7,17061
2021-06-22 09:18:52,4168.5,17187
2021-06-22 09:18:53,4168.05,17198
2021-06-22 09:18:54,4168.05,17198
2021-06-22 09:18:55,4168.25,17207
2021-06-22 09:18:56,4170.0,17423
2021-06-22 09:18:57,4167.8,17610
2021-06-22 09:18:58,4167.8,17610
2021-06-22 09:18:59,4167.8,17615
2021-06-22 09:19:00,4167.8,17615
2021-06-22 09:19:00,4167.8,17615
2021-06-22 09:19:02,4167.8,17615
2021-06-22 09:19:05,4167.8,17615
2021-06-22 09:19:06,4169.75,17650
2021-06-22 09:19:07,4167.85,17660
2021-06-22 09:19:08,4167.85,17660
2021-06-22 09:19:09,4169.75,17699
2021-06-22 09:19:10,4169.75,17699
2021-06-22 09:19:11,4169.75,17699
2021-06-22 09:19:12,4167.8,17710
2021-06-22 09:19:13,4168.0,17750
2021-06-22 09:19:14,4169.75,17753
2021-06-22 09:19:14,4169.75,17753
2021-06-22 09:19:15,4169.7,17764
2021-06-22 09:19:17,4169.0,17767
2021-06-22 09:19:18,4169.0,17767
2021-06-22 09:19:19,4169.7,17827
2021-06-22 09:19:20,4169.7,17827
2021-06-22 09:19:21,4169.7,17852
2021-06-22 09:19:22,4167.6,17902
2021-06-22 09:19:22,4167.6,17902
2021-06-22 09:19:23,4167.6,17902
2021-06-22 09:19:24,4169.0,17903
2021-06-22 09:19:25,4169.0,17913
2021-06-22 09:19:26,4169.0,18038
2021-06-22 09:19:27,4169.0,18038
2021-06-22 09:19:30,4167.4,18058
2021-06-22 09:19:31,4169.0,18061
2021-06-22 09:19:31,4167.4,18058
2021-06-22 09:19:33,4169.0,18061
2021-06-22 09:19:34,4167.4,18065
2021-06-22 09:19:35,4169.0,18103
2021-06-22 09:19:38,4166.75,18233
2021-06-22 09:19:38,4166.75,18233
2021-06-22 09:19:39,4167.4,18334
2021-06-22 09:19:40,4167.0,18338
2021-06-22 09:19:42,4167.6,18377
2021-06-22 09:19:44,4167.6,18386
2021-06-22 09:19:44,4167.6,18386
2021-06-22 09:19:45,4168.9,18392
2021-06-22 09:19:46,4168.9,18400
2021-06-22 09:19:47,4168.9,18481
2021-06-22 09:19:48,4168.9,18481
2021-06-22 09:19:50,4167.6,18491
2021-06-22 09:19:51,4167.6,18491
2021-06-22 09:19:52,4167.6,18491
2021-06-22 09:19:53,4167.2,18497
2021-06-22 09:19:54,4167.0,18512
2021-06-22 09:19:55,4167.0,18512
2021-06-22 09:19:56,4167.0,18512
2021-06-22 09:19:57,4168.9,18537
2021-06-22 09:19:58,4168.0,18538
2021-06-22 09:19:59,4167.0,18578
2021-06-22 09:20:01,4167.0,18578
2021-06-22 09:20:02,4168.8,18618
2021-06-22 09:20:03,4168.8,18618
2021-06-22 09:20:04,4167.05,18619
2021-06-22 09:20:06,4167.05,18630
2021-06-22 09:20:07,4167.0,18636
2021-06-22 09:20:08,4168.9,18638
2021-06-22 09:20:08,4168.9,18638
2021-06-22 09:20:10,4167.0,18640
2021-06-22 09:20:10,4167.05,18667
2021-06-22 09:20:11,4167.05,18671
2021-06-22 09:20:12,4167.05,18671
2021-06-22 09:20:14,4167.05,18671
2021-06-22 09:20:14,4168.85,18681
2021-06-22 09:20:15,4168.9,18716
2021-06-22 09:20:16,4168.9,18717
2021-06-22 09:20:18,4168.9,18717
2021-06-22 09:20:18,4168.9,18717
2021-06-22 09:20:20,4167.0,18739
2021-06-22 09:20:20,4168.9,18741
2021-06-22 09:20:22,4168.9,18745
2021-06-22 09:20:23,4168.9,18745
2021-06-22 09:20:25,4168.8,18781
2021-06-22 09:20:26,4168.8,18781
2021-06-22 09:20:27,4168.8,18781
2021-06-22 09:20:28,4167.15,18790
2021-06-22 09:20:30,4167.15,18790
2021-06-22 09:20:31,4167.15,18790
2021-06-22 09:20:34,4168.8,18801
2021-06-22 09:20:35,4167.0,18829
2021-06-22 09:20:36,4167.0,18829
2021-06-22 09:20:37,4167.0,18879
2021-06-22 09:20:38,4167.0,18879
2021-06-22 09:20:40,4167.0,18879
2021-06-22 09:20:41,4167.1,18896
2021-06-22 09:20:42,4167.1,18929
2021-06-22 09:20:44,4167.1,18929
2021-06-22 09:20:45,4167.1,18929
2021-06-22 09:20:46,4167.1,18977
2021-06-22 09:20:47,4167.1,18977
2021-06-22 09:20:48,4167.1,18977
2021-06-22 09:20:49,4169.65,19469
2021-06-22 09:20:50,4169.65,19474
2021-06-22 09:20:51,4169.65,19474
2021-06-22 09:20:52,4169.65,19474
2021-06-22 09:20:53,4173.4,19744
2021-06-22 09:20:54,4173.4,19744
2021-06-22 09:20:55,4173.4,19744
2021-06-22 09:20:57,4177.0,19774
2021-06-22 09:20:58,4177.0,19774
2021-06-22 09:20:59,4177.0,19779
2021-06-22 09:21:00,4177.0,19806
2021-06-22 09:21:01,4177.0,19806
2021-06-22 09:21:02,4177.0,19806
2021-06-22 09:21:03,4175.9,19807
2021-06-22 09:21:04,4175.9,19807
2021-06-22 09:21:05,4176.7,20065
2021-06-22 09:21:06,4179.15,20090
2021-06-22 09:21:07,4177.25,20091
2021-06-22 09:21:08,4179.3,20104
2021-06-22 09:21:09,4177.3,20129
2021-06-22 09:21:11,4176.95,20130
2021-06-22 09:21:12,4177.0,20131
2021-06-22 09:21:13,4177.0,20141
2021-06-22 09:21:14,4177.0,20141
2021-06-22 09:21:15,4177.0,20141
2021-06-22 09:21:16,4177.0,20242
2021-06-22 09:21:17,4177.0,20242
2021-06-22 09:21:18,4176.75,20243
2021-06-22 09:21:19,4176.75,20264
2021-06-22 09:21:20,4176.6,20289
2021-06-22 09:21:21,4176.6,20289
2021-06-22 09:21:22,4177.0,20449
2021-06-22 09:21:23,4176.95,20455
2021-06-22 09:21:24,4176.8,20489
2021-06-22 09:21:25,4176.8,20489
2021-06-22 09:21:26,4176.8,20489
2021-06-22 09:21:27,4178.8,20502
2021-06-22 09:21:28,4178.8,20502
2021-06-22 09:21:29,4176.5,20507
2021-06-22 09:21:31,4176.45,20604
2021-06-22 09:21:30,4178.75,20580
2021-06-22 09:21:32,4175.75,20981
2021-06-22 09:21:33,4175.0,20982
2021-06-22 09:21:35,4175.0,21111
2021-06-22 09:21:36,4175.0,21112
2021-06-22 09:21:37,4174.0,21113
2021-06-22 09:21:38,4174.7,21191
2021-06-22 09:21:39,4174.1,21457
2021-06-22 09:21:40,4173.15,21458
2021-06-22 09:21:41,4173.05,21468
2021-06-22 09:21:43,4174.65,21478
2021-06-22 09:21:45,4173.0,21494
2021-06-22 09:21:46,4172.65,21511
2021-06-22 09:21:48,4174.0,21522
2021-06-22 09:21:51,4174.0,21622
2021-06-22 09:21:52,4174.0,21622
2021-06-22 09:21:55,4173.75,21689
2021-06-22 09:21:56,4173.75,21689
2021-06-22 09:21:57,4171.35,21697
2021-06-22 09:21:58,4171.0,21713
2021-06-22 09:21:59,4171.0,21717
2021-06-22 09:22:00,4171.6,21718
2021-06-22 09:22:01,4171.3,21730
2021-06-22 09:22:02,4171.3,21730
2021-06-22 09:22:03,4171.3,21730
2021-06-22 09:22:04,4171.6,21740
2021-06-22 09:22:06,4170.2,21823
2021-06-22 09:22:07,4170.2,21831
2021-06-22 09:22:08,4170.2,21834
2021-06-22 09:22:09,4170.25,21847
2021-06-22 09:22:10,4170.25,21849
2021-06-22 09:22:11,4170.2,21938
2021-06-22 09:22:13,4170.2,21942
2021-06-22 09:22:14,4170.2,21942
2021-06-22 09:22:15,4170.2,21942
2021-06-22 09:22:17,4172.55,21985
2021-06-22 09:22:18,4170.0,22036
2021-06-22 09:22:19,4170.0,22073
2021-06-22 09:22:20,4170.0,22073
2021-06-22 09:22:21,4170.8,22077
2021-06-22 09:22:22,4170.8,22077
2021-06-22 09:22:23,4170.0,22159
2021-06-22 09:22:24,4170.0,22164
2021-06-22 09:22:25,4170.0,22165
2021-06-22 09:22:27,4172.0,22185
2021-06-22 09:22:29,4170.05,22190
2021-06-22 09:22:30,4170.05,22190
2021-06-22 09:22:31,4172.0,22200
2021-06-22 09:22:32,4170.2,22222
2021-06-22 09:22:33,4170.25,22223
2021-06-22 09:22:34,4172.0,22226
2021-06-22 09:22:35,4170.2,22236
2021-06-22 09:22:36,4172.0,22298
2021-06-22 09:22:37,4172.0,22298
2021-06-22 09:22:38,4172.0,22398
2021-06-22 09:22:39,4170.6,22403
2021-06-22 09:22:40,4170.6,22403
2021-06-22 09:22:40,4170.6,22403
2021-06-22 09:22:41,4170.6,22403
2021-06-22 09:22:42,4170.6,22403
2021-06-22 09:22:43,4170.6,22406
2021-06-22 09:22:44,4170.35,22410
2021-06-22 09:22:45,4170.3,22423
2021-06-22 09:22:46,4171.3,22659
2021-06-22 09:22:47,4171.35,22661
2021-06-22 09:22:48,4170.7,22761
2021-06-22 09:22:49,4170.8,22774
2021-06-22 09:22:57,4171.4,22852
2021-06-22 09:22:58,4171.4,22852
2021-06-22 09:22:59,4171.4,22852
2021-06-22 09:23:00,4173.3,22879
2021-06-22 09:23:01,4172.1,22881
2021-06-22 09:23:02,4172.1,22881
2021-06-22 09:23:03,4173.3,22883
2021-06-22 09:23:04,4173.3,22883
2021-06-22 09:23:05,4173.3,22933
2021-06-22 09:23:06,4173.3,22933
2021-06-22 09:23:07,4173.3,22953
2021-06-22 09:23:08,4172.1,22961
2021-06-22 09:23:09,4172.1,22961
2021-06-22 09:23:10,4172.1,22961
2021-06-22 09:23:11,4172.1,22961
2021-06-22 09:23:12,4172.1,22961
2021-06-22 09:23:14,4172.1,22961
2021-06-22 09:23:15,4172.2,22962
2021-06-22 09:23:16,4172.2,22962
2021-06-22 09:23:17,4172.2,22962
2021-06-22 09:23:18,4172.1,23032
2021-06-22 09:23:19,4172.1,23032
2021-06-22 09:23:20,4172.1,23043
2021-06-22 09:23:20,4172.1,23043
2021-06-22 09:23:21,4172.1,23043
2021-06-22 09:23:22,4172.15,23044
2021-06-22 09:23:23,4172.1,23048
2021-06-22 09:23:24,4172.1,23048
2021-06-22 09:23:25,4172.0,23057
2021-06-22 09:23:26,4172.0,23057
2021-06-22 09:23:27,4172.0,23057
2021-06-22 09:23:28,4172.0,23057
2021-06-22 09:23:29,4172.0,23057
2021-06-22 09:23:30,4170.65,23369
2021-06-22 09:23:31,4170.65,23369
2021-06-22 09:23:32,4170.35,23384
2021-06-22 09:23:33,4172.05,23394
2021-06-22 09:23:34,4170.3,23433
2021-06-22 09:23:35,4170.25,23441
2021-06-22 09:23:36,4170.2,23483
2021-06-22 09:23:37,4170.2,23522
2021-06-22 09:23:38,4170.2,23527
2021-06-22 09:23:39,4170.2,23527
2021-06-22 09:23:40,4170.2,23527
2021-06-22 09:23:41,4170.2,23527
2021-06-22 09:23:42,4170.2,23572
2021-06-22 09:23:43,4170.2,23573
2021-06-22 09:23:44,4170.1,23684
2021-06-22 09:23:46,4170.1,23686
2021-06-22 09:23:48,4170.0,23715
2021-06-22 09:23:49,4170.0,23715
2021-06-22 09:23:50,4171.0,23765
2021-06-22 09:23:51,4170.0,23774
2021-06-22 09:23:52,4170.0,23774
2021-06-22 09:23:55,4170.0,23859
2021-06-22 09:23:57,4172.0,23862
2021-06-22 09:23:57,4170.0,23869
2021-06-22 09:23:59,4170.0,24111
2021-06-22 09:24:00,4169.0,24115
2021-06-22 09:24:01,4170.05,24125
2021-06-22 09:24:02,4171.5,24145
2021-06-22 09:24:03,4171.5,24145
2021-06-22 09:24:04,4171.5,24145
2021-06-22 09:24:07,4168.2,24255
2021-06-22 09:24:08,4168.2,24255
2021-06-22 09:24:09,4168.0,24269
2021-06-22 09:24:10,4168.0,24270
2021-06-22 09:24:11,4168.0,24275
2021-06-22 09:24:12,4170.1,24318
2021-06-22 09:24:12,4167.6,24344
2021-06-22 09:24:13,4167.7,24348
2021-06-22 09:24:14,4168.2,24355
2021-06-22 09:24:15,4170.15,24358
2021-06-22 09:24:17,4167.5,24371
2021-06-22 09:24:18,4167.15,24386
2021-06-22 09:24:20,4167.0,24390
2021-06-22 09:24:22,4167.0,24390
2021-06-22 09:24:23,4167.5,24458
2021-06-22 09:24:24,4169.6,24460
2021-06-22 09:24:25,4169.6,24460
2021-06-22 09:24:26,4169.45,24461
2021-06-22 09:24:27,4169.45,24462
2021-06-22 09:24:29,4168.2,24609
2021-06-22 09:24:30,4167.2,24709
2021-06-22 09:24:31,4167.2,24709
2021-06-22 09:24:33,4174.0,26621
2021-06-22 09:24:34,4170.6,26830
2021-06-22 09:24:34,4173.45,26885
2021-06-22 09:24:35,4173.45,27654
2021-06-22 09:24:36,4173.45,27654
2021-06-22 09:24:37,4173.45,27654
2021-06-22 09:24:38,4173.45,27655
2021-06-22 09:24:39,4173.45,27656
2021-06-22 09:24:41,4173.45,27656
2021-06-22 09:24:42,4173.45,27656
2021-06-22 09:24:43,4174.0,27677
2021-06-22 09:24:43,4174.0,27677
2021-06-22 09:24:44,4174.0,27677
2021-06-22 09:24:45,4170.95,27683
2021-06-22 09:24:47,4170.3,27698
2021-06-22 09:24:47,4170.3,27698
2021-06-22 09:24:48,4170.4,27707
2021-06-22 09:24:49,4170.2,27709
2021-06-22 09:24:50,4170.1,27714
2021-06-22 09:24:51,4172.75,27734
2021-06-22 09:24:52,4170.6,27748
2021-06-22 09:24:53,4170.4,27749
2021-06-22 09:24:54,4170.3,27751
2021-06-22 09:24:55,4172.7,27752
2021-06-22 09:24:56,4172.7,27752
2021-06-22 09:24:57,4170.4,27753
2021-06-22 09:24:59,4172.8,27754
2021-06-22 09:24:59,4170.35,27795
2021-06-22 09:25:00,4170.3,27798
2021-06-22 09:25:01,4170.3,27798
2021-06-22 09:25:02,4170.3,27798
2021-06-22 09:25:03,4170.3,27798
2021-06-22 09:25:04,4170.3,27798
2021-06-22 09:25:05,4170.3,27798
2021-06-22 09:25:06,4170.3,27799
2021-06-22 09:25:09,4172.25,27804
2021-06-22 09:25:10,4173.2,28054
2021-06-22 09:25:11,4173.95,28104
2021-06-22 09:25:12,4173.95,28104
2021-06-22 09:25:13,4173.95,28104
2021-06-22 09:25:14,4173.95,28104
2021-06-22 09:25:16,4173.95,28104
2021-06-22 09:25:17,4173.95,28104
2021-06-22 09:25:18,4173.95,28104
2021-06-22 09:25:19,4173.95,28104
2021-06-22 09:25:20,4173.45,28109
2021-06-22 09:25:22,4173.4,28119
2021-06-22 09:25:23,4173.4,28119
2021-06-22 09:25:24,4173.35,28133
2021-06-22 09:25:25,4173.35,28133
2021-06-22 09:25:26,4173.35,28134
2021-06-22 09:25:27,4169.45,28541
2021-06-22 09:25:29,4169.45,28545
2021-06-22 09:25:29,4169.45,28545
2021-06-22 09:25:30,4169.45,28580
2021-06-22 09:25:32,4169.45,28580
2021-06-22 09:25:33,4169.45,28580
2021-06-22 09:25:34,4169.45,28580
2021-06-22 09:25:35,4169.45,28585
2021-06-22 09:25:35,4169.45,28585
2021-06-22 09:25:36,4169.45,28585
2021-06-22 09:25:37,4169.2,28605
2021-06-22 09:25:38,4169.15,28727
2021-06-22 09:25:40,4167.05,28729
2021-06-22 09:25:41,4167.05,28729
2021-06-22 09:25:43,4169.2,28739
2021-06-22 09:25:44,4169.2,28739
2021-06-22 09:25:45,4169.2,28739
2021-06-22 09:25:46,4169.2,28739
2021-06-22 09:25:47,4169.2,28739
2021-06-22 09:25:48,4167.0,28769
2021-06-22 09:25:48,4167.0,28769
2021-06-22 09:25:49,4167.0,28769
2021-06-22 09:25:51,4167.0,28770
2021-06-22 09:25:52,4167.0,28770
2021-06-22 09:25:54,4167.0,28770
2021-06-22 09:25:55,4167.0,28770
2021-06-22 09:25:56,4167.0,28770
2021-06-22 09:25:57,4169.2,28780
2021-06-22 09:25:58,4169.2,28830
2021-06-22 09:25:59,4169.2,28831
2021-06-22 09:25:59,4169.2,28831
2021-06-22 09:26:00,4169.2,28831
2021-06-22 09:26:01,4169.2,28831
2021-06-22 09:26:02,4169.2,28831
2021-06-22 09:26:04,4169.2,28851
2021-06-22 09:26:05,4167.15,28871
2021-06-22 09:26:07,4167.2,28891
2021-06-22 09:26:08,4167.1,28914
2021-06-22 09:26:08,4169.2,28924
2021-06-22 09:26:09,4167.1,28944
2021-06-22 09:26:10,4169.2,28946
2021-06-22 09:26:11,4169.2,28967
2021-06-22 09:26:12,4167.05,28987
2021-06-22 09:26:13,4167.0,29007
2021-06-22 09:26:14,4167.0,29032
2021-06-22 09:26:15,4167.0,29052
2021-06-22 09:26:16,4167.0,29052
2021-06-22 09:26:17,4168.35,29084
2021-06-22 09:26:18,4168.35,29084
2021-06-22 09:26:20,4167.2,29091
2021-06-22 09:26:21,4167.2,29091
2021-06-22 09:26:22,4167.2,29091
2021-06-22 09:26:23,4167.2,29091
2021-06-22 09:26:24,4166.7,29535
2021-06-22 09:26:25,4166.7,29535
2021-06-22 09:26:26,4167.2,29662
2021-06-22 09:26:28,4167.2,29662
2021-06-22 09:26:28,4167.2,29663
2021-06-22 09:26:29,4167.2,29663
2021-06-22 09:26:30,4167.2,29669
2021-06-22 09:26:31,4167.2,29669
2021-06-22 09:26:33,4167.2,29674
2021-06-22 09:26:33,4167.2,29674
2021-06-22 09:26:35,4167.2,29684
2021-06-22 09:26:36,4167.2,29684
2021-06-22 09:26:37,4167.2,29684
2021-06-22 09:26:37,4167.2,29684
2021-06-22 09:26:38,4167.2,29689
2021-06-22 09:26:39,4167.2,29689
2021-06-22 09:26:40,4167.2,29689
2021-06-22 09:26:42,4167.2,29689
2021-06-22 09:26:43,4167.2,29691
2021-06-22 09:26:44,4166.0,29743
2021-06-22 09:26:46,4166.0,29745
2021-06-22 09:26:49,4166.0,29746
2021-06-22 09:26:50,4166.0,29746
2021-06-22 09:26:51,4166.0,29746
2021-06-22 09:26:52,4164.8,30265
2021-06-22 09:26:53,4164.8,30265
2021-06-22 09:26:54,4164.8,30265
2021-06-22 09:26:55,4164.8,30265
2021-06-22 09:26:56,4164.8,30265
2021-06-22 09:26:57,4164.8,30265
2021-06-22 09:26:58,4163.0,30266
2021-06-22 09:26:59,4163.0,30266
2021-06-22 09:27:00,4163.0,30266
2021-06-22 09:27:01,4164.1,30267
2021-06-22 09:27:02,4164.15,30661
2021-06-22 09:27:03,4164.15,30661
2021-06-22 09:27:04,4164.15,30661
2021-06-22 09:27:05,4163.0,30686
2021-06-22 09:27:06,4164.15,30711
2021-06-22 09:27:07,4164.15,30711
2021-06-22 09:27:08,4164.0,30738
2021-06-22 09:27:09,4164.15,30743
2021-06-22 09:27:10,4164.15,30743
2021-06-22 09:27:11,4164.15,30743
2021-06-22 09:27:12,4164.15,30743
2021-06-22 09:27:13,4162.0,30762
2021-06-22 09:27:15,4164.45,30887
2021-06-22 09:27:16,4164.45,30887
2021-06-22 09:27:18,4168.35,31476
2021-06-22 09:27:19,4168.35,31476
2021-06-22 09:27:20,4168.35,31476
2021-06-22 09:27:21,4165.25,31479
2021-06-22 09:27:22,4165.25,31479
2021-06-22 09:27:23,4165.25,31479
2021-06-22 09:27:24,4168.4,31579
2021-06-22 09:27:25,4168.4,31579
2021-06-22 09:27:26,4166.0,31580
2021-06-22 09:27:27,4166.0,31580
2021-06-22 09:27:28,4166.0,31580
2021-06-22 09:27:29,4166.0,31580
2021-06-22 09:27:30,4166.0,31580
2021-06-22 09:27:31,4166.0,31580
2021-06-22 09:27:32,4167.0,31625
2021-06-22 09:27:33,4167.0,31625
2021-06-22 09:27:34,4167.0,31625
2021-06-22 09:27:35,4167.0,31625
2021-06-22 09:27:36,4167.0,31625
2021-06-22 09:27:37,4167.0,31625
2021-06-22 09:27:38,4165.35,31655
2021-06-22 09:27:39,4165.35,31655
2021-06-22 09:27:40,4165.35,31655
2021-06-22 09:27:41,4165.0,31656
2021-06-22 09:27:42,4167.0,31661
2021-06-22 09:27:43,4167.0,31661
2021-06-22 09:27:44,4167.0,31661
2021-06-22 09:27:45,4165.35,31681
2021-06-22 09:27:46,4165.35,31681
2021-06-22 09:27:47,4167.0,31682
2021-06-22 09:27:48,4165.3,31692
2021-06-22 09:27:49,4165.3,31692
2021-06-22 09:27:50,4165.3,31692
2021-06-22 09:27:51,4165.3,31692
2021-06-22 09:27:52,4165.3,31692
2021-06-22 09:27:53,4165.3,31692
2021-06-22 09:27:54,4165.0,31715
2021-06-22 09:27:55,4165.0,31715
2021-06-22 09:27:57,4165.0,31715
2021-06-22 09:27:56,4165.0,31715
2021-06-22 09:27:59,4166.0,31735
2021-06-22 09:28:00,4166.0,31742
2021-06-22 09:28:01,4165.0,31766
2021-06-22 09:28:02,4165.0,31766
2021-06-22 09:28:03,4165.0,31766
2021-06-22 09:28:04,4165.0,31766
2021-06-22 09:28:05,4167.0,31790
2021-06-22 09:28:06,4167.0,31790
2021-06-22 09:28:07,4167.0,31805
2021-06-22 09:28:08,4167.0,31805
2021-06-22 09:28:09,4167.0,31806
2021-06-22 09:28:09,4167.0,31806
2021-06-22 09:28:11,4167.0,31806
2021-06-22 09:28:12,4167.0,31806
2021-06-22 09:28:13,4167.0,31806
2021-06-22 09:28:14,4165.05,31819
2021-06-22 09:28:15,4167.0,32020
2021-06-22 09:28:16,4167.0,32020
2021-06-22 09:28:17,4167.0,32020
2021-06-22 09:28:18,4167.0,32020
2021-06-22 09:28:19,4167.0,32040
2021-06-22 09:28:20,4167.0,32063
2021-06-22 09:28:21,4167.0,32063
2021-06-22 09:28:22,4167.0,32063
2021-06-22 09:28:23,4167.0,32063
2021-06-22 09:28:24,4167.0,32063
2021-06-22 09:28:25,4167.45,32064
2021-06-22 09:28:26,4167.45,32064
2021-06-22 09:28:27,4167.45,32064
2021-06-22 09:28:28,4167.45,32064
2021-06-22 09:28:29,4167.45,32065
2021-06-22 09:28:31,4167.45,32075
2021-06-22 09:28:32,4167.45,32075
2021-06-22 09:28:33,4167.45,32125
2021-06-22 09:28:34,4167.45,32125
2021-06-22 09:28:35,4167.45,32135
2021-06-22 09:28:36,4167.45,32136
2021-06-22 09:28:37,4165.5,32166
2021-06-22 09:28:37,4165.5,32166
2021-06-22 09:28:39,4165.4,32174
2021-06-22 09:28:40,4165.4,32174
2021-06-22 09:28:41,4167.45,32186
2021-06-22 09:28:42,4167.45,32186
2021-06-22 09:28:43,4165.5,32191
2021-06-22 09:28:44,4167.45,32192
2021-06-22 09:28:45,4167.45,32192
2021-06-22 09:28:47,4165.55,32197
2021-06-22 09:28:48,4165.75,32206
2021-06-22 09:28:49,4167.65,32207
2021-06-22 09:28:49,4167.65,32207
2021-06-22 09:28:51,4167.65,32207
2021-06-22 09:28:52,4165.7,32209
2021-06-22 09:28:53,4165.7,32209
2021-06-22 09:28:54,4165.55,32214
2021-06-22 09:28:55,4165.35,32215
2021-06-22 09:28:56,4167.55,32225
2021-06-22 09:28:57,4167.55,32225
2021-06-22 09:28:58,4165.7,32235
2021-06-22 09:28:59,4165.7,32236
2021-06-22 09:29:00,4165.7,32271
2021-06-22 09:29:01,4165.4,32273
2021-06-22 09:29:02,4165.4,32339
2021-06-22 09:29:03,4165.4,32339
2021-06-22 09:29:04,4165.4,32347
2021-06-22 09:29:05,4165.4,32347
2021-06-22 09:29:06,4165.7,32349
2021-06-22 09:29:07,4165.7,32349
2021-06-22 09:29:08,4165.7,32349
2021-06-22 09:29:09,4165.4,32354
2021-06-22 09:29:10,4167.55,32626
2021-06-22 09:29:11,4167.55,32626
2021-06-22 09:29:12,4167.55,32626
2021-06-22 09:29:13,4167.55,32626
2021-06-22 09:29:14,4167.55,32626
2021-06-22 09:29:16,4167.0,32627
2021-06-22 09:29:17,4167.0,32627
2021-06-22 09:29:18,4167.0,32627
2021-06-22 09:29:19,4167.0,32627
2021-06-22 09:29:20,4167.0,32627
2021-06-22 09:29:21,4166.6,32631
2021-06-22 09:29:22,4166.6,32634
2021-06-22 09:29:23,4167.0,32788
2021-06-22 09:29:24,4167.0,32792
2021-06-22 09:29:25,4169.35,32832
2021-06-22 09:29:28,4169.2,32865
2021-06-22 09:29:29,4169.2,32865
2021-06-22 09:29:30,4172.8,32875
2021-06-22 09:29:31,4169.6,32969
2021-06-22 09:29:32,4169.6,32969
2021-06-22 09:29:33,4168.8,32974
2021-06-22 09:29:34,4168.8,32974
2021-06-22 09:29:35,4168.85,32983
2021-06-22 09:29:36,4168.85,32983
2021-06-22 09:29:37,4168.85,32987
2021-06-22 09:29:38,4168.85,32987
2021-06-22 09:29:39,4168.85,32987
2021-06-22 09:29:41,4168.85,32987
2021-06-22 09:29:42,4168.85,32987
2021-06-22 09:29:43,4172.15,32991
2021-06-22 09:29:44,4172.15,32992
2021-06-22 09:29:46,4172.15,32992
2021-06-22 09:29:47,4172.15,32992
2021-06-22 09:29:48,4172.15,32992
2021-06-22 09:29:49,4169.0,33042
2021-06-22 09:29:50,4169.0,33042
2021-06-22 09:29:52,4169.65,33047
2021-06-22 09:29:53,4169.65,33047
2021-06-22 09:29:54,4171.5,33048
2021-06-22 09:29:55,4169.1,33055
2021-06-22 09:29:56,4169.05,33074
2021-06-22 09:29:57,4169.05,33074
2021-06-22 09:29:58,4171.4,33076
2021-06-22 09:29:59,4171.4,33076
2021-06-22 09:30:00,4171.4,33076
2021-06-22 09:30:01,4171.35,33079
2021-06-22 09:30:02,4169.05,33101
2021-06-22 09:30:03,4169.05,33101
2021-06-22 09:30:04,4168.85,33121
2021-06-22 09:30:05,4168.85,33121
2021-06-22 09:30:06,4168.85,33128
2021-06-22 09:30:07,4168.85,33155
2021-06-22 09:30:08,4168.85,33155
2021-06-22 09:30:09,4168.85,33167
2021-06-22 09:30:10,4168.85,33183
2021-06-22 09:30:11,4168.9,33224
2021-06-22 09:30:12,4168.9,33235
2021-06-22 09:30:13,4168.85,33266
2021-06-22 09:30:14,4168.85,33273
2021-06-22 09:30:15,4168.85,33286
2021-06-22 09:30:16,4170.7,33290
2021-06-22 09:30:17,4168.45,33361
2021-06-22 09:30:18,4168.85,33363
2021-06-22 09:30:19,4170.55,33369
2021-06-22 09:30:20,4170.55,33369
2021-06-22 09:30:21,4170.6,33374
2021-06-22 09:30:22,4168.05,33399
2021-06-22 09:30:23,4168.05,33399
2021-06-22 09:30:24,4170.45,33405
2021-06-22 09:30:25,4170.45,33405
2021-06-22 09:30:26,4170.45,33405
2021-06-22 09:30:27,4170.0,33406
2021-06-22 09:30:28,4170.0,33411
2021-06-22 09:30:29,4168.45,33416
2021-06-22 09:30:30,4170.85,33691
2021-06-22 09:30:31,4170.85,33694
2021-06-22 09:30:32,4170.85,33702
2021-06-22 09:30:33,4171.85,33730
2021-06-22 09:30:34,4170.85,33746
2021-06-22 09:30:35,4170.85,33746
2021-06-22 09:30:36,4170.85,33746
2021-06-22 09:30:37,4170.85,33746
2021-06-22 09:30:38,4170.85,33746
2021-06-22 09:30:39,4170.85,33746
2021-06-22 09:30:40,4170.85,33746
2021-06-22 09:30:41,4170.5,33786
2021-06-22 09:30:42,4170.5,33786
2021-06-22 09:30:44,4172.0,33843
2021-06-22 09:30:45,4172.0,33873
2021-06-22 09:30:46,4172.0,34105
2021-06-22 09:30:47,4172.0,34105
2021-06-22 09:30:48,4178.8,34619
2021-06-22 09:30:49,4178.8,34619
2021-06-22 09:30:50,4177.3,34627
2021-06-22 09:30:51,4177.2,34628
2021-06-22 09:30:52,4177.2,34636
2021-06-22 09:30:53,4179.0,34643
2021-06-22 09:30:54,4177.3,34654
2021-06-22 09:30:55,4177.3,34654
2021-06-22 09:30:56,4177.3,34654
2021-06-22 09:30:57,4177.3,34654
2021-06-22 09:30:58,4177.3,34667
2021-06-22 09:30:59,4175.25,34669
2021-06-22 09:31:00,4175.25,34675
2021-06-22 09:31:01,4175.25,34675
2021-06-22 09:31:02,4175.25,34675
2021-06-22 09:31:03,4177.0,34792
2021-06-22 09:31:04,4177.0,34840
2021-06-22 09:31:05,4178.0,34942
2021-06-22 09:31:06,4178.0,34942
2021-06-22 09:31:07,4179.0,34947
2021-06-22 09:31:08,4179.0,34947
2021-06-22 09:31:09,4179.0,34947
2021-06-22 09:31:10,4178.95,34948
2021-06-22 09:31:11,4178.95,34948
2021-06-22 09:31:12,4178.95,34948
2021-06-22 09:31:14,4178.95,34976
2021-06-22 09:31:16,4178.95,34976
2021-06-22 09:31:17,4178.0,34977
2021-06-22 09:31:18,4178.95,34981
2021-06-22 09:31:19,4178.95,34981
2021-06-22 09:31:20,4178.95,34981
2021-06-22 09:31:21,4178.0,34983
2021-06-22 09:31:22,4178.0,34983
2021-06-22 09:31:24,4178.0,34983
2021-06-22 09:31:25,4178.0,34989
2021-06-22 09:31:26,4178.0,34991
2021-06-22 09:31:27,4178.0,34995
2021-06-22 09:31:28,4177.6,35189
2021-06-22 09:31:29,4177.6,35189
2021-06-22 09:31:30,4178.85,35191
2021-06-22 09:31:32,4177.6,35219
2021-06-22 09:31:33,4177.6,35221
2021-06-22 09:31:34,4179.0,35722
2021-06-22 09:31:35,4177.35,35729
2021-06-22 09:31:36,4177.35,35729
2021-06-22 09:31:37,4177.35,35729
2021-06-22 09:31:38,4177.75,35737
2021-06-22 09:31:39,4177.25,35760
2021-06-22 09:31:40,4177.25,35760
2021-06-22 09:31:41,4179.0,35761
2021-06-22 09:31:42,4179.0,35761
2021-06-22 09:31:43,4179.0,35761
2021-06-22 09:31:45,4177.25,35765
2021-06-22 09:31:46,4178.0,35767
2021-06-22 09:31:47,4178.0,35779
2021-06-22 09:31:48,4177.3,35781
2021-06-22 09:31:49,4177.3,35783
2021-06-22 09:31:50,4177.3,35783
2021-06-22 09:31:51,4177.25,35809
2021-06-22 09:31:52,4177.25,35809
2021-06-22 09:31:53,4177.25,35820
2021-06-22 09:31:55,4177.25,35827
2021-06-22 09:31:56,4177.25,35827
2021-06-22 09:31:57,4178.9,35832
2021-06-22 09:31:58,4178.9,35842
2021-06-22 09:31:59,4178.0,35878
2021-06-22 09:32:00,4178.0,35878
2021-06-22 09:32:01,4178.0,35878
2021-06-22 09:32:02,4178.0,35906
2021-06-22 09:32:03,4178.0,35906
2021-06-22 09:32:04,4178.0,35951
2021-06-22 09:32:05,4178.0,35951
2021-06-22 09:32:06,4178.0,35951
2021-06-22 09:32:07,4177.6,36027
2021-06-22 09:32:08,4177.6,36027
2021-06-22 09:32:09,4177.25,36042
2021-06-22 09:32:10,4177.25,36042
2021-06-22 09:32:11,4177.25,36042
2021-06-22 09:32:12,4178.9,36047
2021-06-22 09:32:14,4178.9,36048
2021-06-22 09:32:15,4177.3,36050
2021-06-22 09:32:17,4177.3,36073
2021-06-22 09:32:18,4178.9,36074
2021-06-22 09:32:19,4178.9,36074
2021-06-22 09:32:20,4178.9,36074
2021-06-22 09:32:21,4177.25,36094
2021-06-22 09:32:22,4178.9,36388
2021-06-22 09:32:23,4178.9,36388
2021-06-22 09:32:24,4178.9,36508
2021-06-22 09:32:25,4178.9,36508
2021-06-22 09:32:26,4178.9,36508
2021-06-22 09:32:27,4178.9,36558
2021-06-22 09:32:28,4178.9,36678
2021-06-22 09:32:29,4178.9,36678
2021-06-22 09:32:30,4178.9,36678
2021-06-22 09:32:31,4178.9,36679
2021-06-22 09:32:32,4178.9,36679
2021-06-22 09:32:33,4178.9,36679
2021-06-22 09:32:34,4179.0,36733
2021-06-22 09:32:35,4179.0,36734
2021-06-22 09:32:36,4182.0,37287
2021-06-22 09:32:37,4180.1,37288
2021-06-22 09:32:38,4182.5,37353
2021-06-22 09:32:39,4180.65,37357
2021-06-22 09:32:40,4183.9,37367
2021-06-22 09:32:41,4183.9,37367
2021-06-22 09:32:42,4183.3,37422
2021-06-22 09:32:43,4183.3,37422
2021-06-22 09:32:44,4181.45,37452
2021-06-22 09:32:45,4181.45,37452
2021-06-22 09:32:46,4183.3,37453
2021-06-22 09:32:47,4181.7,37462
2021-06-22 09:32:48,4181.45,37487
2021-06-22 09:32:49,4182.65,37538
2021-06-22 09:32:50,4182.5,37559
2021-06-22 09:32:51,4182.15,37594
2021-06-22 09:32:52,4182.1,37604
2021-06-22 09:32:53,4182.5,37644
2021-06-22 09:32:54,4182.5,37644
2021-06-22 09:32:55,4180.15,37666
2021-06-22 09:32:56,4180.15,37666
2021-06-22 09:32:57,4180.0,37675
2021-06-22 09:32:58,4180.0,37675
2021-06-22 09:32:59,4179.4,37756
2021-06-22 09:33:00,4182.25,37970
2021-06-22 09:33:01,4182.25,37970
2021-06-22 09:33:03,4180.15,38011
2021-06-22 09:33:04,4180.15,38011
2021-06-22 09:33:05,4179.6,38017
2021-06-22 09:33:07,4180.0,38022
2021-06-22 09:33:08,4180.0,38022
2021-06-22 09:33:09,4180.0,38022
2021-06-22 09:33:10,4179.6,38045
2021-06-22 09:33:12,4179.6,38045
2021-06-22 09:33:13,4179.6,38045
2021-06-22 09:33:13,4180.0,38098
2021-06-22 09:33:14,4181.75,38149
2021-06-22 09:33:15,4179.2,38158
2021-06-22 09:33:16,4181.7,38160
2021-06-22 09:33:17,4181.7,38160
2021-06-22 09:33:18,4179.15,38176
2021-06-22 09:33:20,4178.8,38191
2021-06-22 09:33:20,4178.8,38191
2021-06-22 09:33:21,4181.3,38212
2021-06-22 09:33:22,4179.5,38216
2021-06-22 09:33:23,4179.5,38216
2021-06-22 09:33:24,4181.65,38220
2021-06-22 09:33:25,4181.65,38220
2021-06-22 09:33:26,4181.65,38246
2021-06-22 09:33:28,4180.0,38256
2021-06-22 09:33:28,4178.1,38271
2021-06-22 09:33:29,4179.35,38332
2021-06-22 09:33:30,4178.6,38347
2021-06-22 09:33:32,4181.35,38430
2021-06-22 09:33:34,4179.5,38438
2021-06-22 09:33:34,4179.5,38454
2021-06-22 09:33:36,4179.5,38454
2021-06-22 09:33:37,4179.5,38473
2021-06-22 09:33:39,4179.5,38483
2021-06-22 09:33:40,4181.35,38589
2021-06-22 09:33:40,4181.35,38684
2021-06-22 09:33:41,4179.5,38694
2021-06-22 09:33:42,4179.5,38694
2021-06-22 09:33:43,4179.75,38695
2021-06-22 09:33:44,4179.85,38701
2021-06-22 09:33:46,4182.9,38836
2021-06-22 09:33:47,4182.9,38836
2021-06-22 09:33:50,4181.2,39234
2021-06-22 09:33:51,4181.2,39234
2021-06-22 09:33:53,4183.15,39241
2021-06-22 09:33:53,4183.15,39241
2021-06-22 09:33:55,4182.1,39263
2021-06-22 09:33:56,4185.1,39520
2021-06-22 09:33:56,4183.0,39528
2021-06-22 09:33:58,4186.0,40162
2021-06-22 09:33:59,4185.0,40171
2021-06-22 09:34:00,4185.0,40200
2021-06-22 09:34:02,4187.15,40275
2021-06-22 09:34:02,4187.15,40275
2021-06-22 09:34:03,4187.15,40275
2021-06-22 09:34:04,4187.65,40533
2021-06-22 09:34:05,4188.95,40733
2021-06-22 09:34:06,4188.45,40738
2021-06-22 09:34:08,4184.05,40744
2021-06-22 09:34:09,4186.0,40814
2021-06-22 09:34:10,4188.2,40815
2021-06-22 09:34:13,4192.0,41387
2021-06-22 09:34:14,4192.0,41387
2021-06-22 09:34:15,4189.2,41437
2021-06-22 09:34:16,4189.2,41437
2021-06-22 09:34:17,4189.4,41537
2021-06-22 09:34:18,4191.8,41552
2021-06-22 09:34:19,4189.55,41657
2021-06-22 09:34:20,4191.65,41679
2021-06-22 09:34:21,4189.35,41689
2021-06-22 09:34:22,4191.55,41772
2021-06-22 09:34:23,4189.55,41788
2021-06-22 09:34:24,4191.6,41838
2021-06-22 09:34:27,4191.5,42099
2021-06-22 09:34:30,4191.25,42314
2021-06-22 09:34:31,4190.05,42361
2021-06-22 09:34:33,4191.65,42620
2021-06-22 09:34:34,4190.05,42635
2021-06-22 09:34:34,4191.6,42660
2021-06-22 09:34:35,4197.0,43211
2021-06-22 09:34:37,4196.75,43669
2021-06-22 09:34:38,4196.85,43711
2021-06-22 09:34:39,4193.9,43736
2021-06-22 09:34:39,4196.25,43755
2021-06-22 09:34:41,4194.05,43871
2021-06-22 09:34:41,4194.05,43871
2021-06-22 09:34:42,4195.9,43877
2021-06-22 09:34:43,4195.85,43911
2021-06-22 09:34:44,4195.9,44071
2021-06-22 09:34:45,4195.9,44084
2021-06-22 09:34:46,4193.9,44134
2021-06-22 09:34:48,4191.5,45794
2021-06-22 09:34:47,4193.9,44134
2021-06-22 09:34:49,4193.9,45919
2021-06-22 09:34:50,4192.4,46049
2021-06-22 09:34:52,4193.7,46149
2021-06-22 09:34:53,4191.75,46170
2021-06-22 09:34:54,4191.75,46170
2021-06-22 09:34:55,4191.3,46171
2021-06-22 09:34:55,4191.4,46280
2021-06-22 09:34:57,4193.95,46363
2021-06-22 09:34:57,4193.95,46363
2021-06-22 09:34:58,4191.75,46452
2021-06-22 09:34:59,4189.9,46742
2021-06-22 09:35:00,4194.0,46992
2021-06-22 09:35:01,4191.0,47057
2021-06-22 09:35:02,4191.0,47057
2021-06-22 09:35:04,4193.85,47069
2021-06-22 09:35:05,4192.4,47099
2021-06-22 09:35:06,4193.85,47119
2021-06-22 09:35:07,4193.85,47344
2021-06-22 09:35:09,4192.4,47350
2021-06-22 09:35:10,4193.85,47450
2021-06-22 09:35:10,4193.85,47453
2021-06-22 09:35:11,4191.0,47565
2021-06-22 09:35:12,4191.0,47565
2021-06-22 09:35:13,4193.15,47783
2021-06-22 09:35:14,4192.1,48003
2021-06-22 09:35:15,4193.85,48050
2021-06-22 09:35:16,4193.95,48070
2021-06-22 09:35:17,4194.0,48158
2021-06-22 09:35:18,4191.65,48208
2021-06-22 09:35:19,4194.0,48209
2021-06-22 09:35:20,4194.0,48225
2021-06-22 09:35:21,4194.0,48234
2021-06-22 09:35:22,4194.0,48235
2021-06-22 09:35:23,4195.5,48408
2021-06-22 09:35:24,4197.4,49421
2021-06-22 09:35:25,4194.05,49623
2021-06-22 09:35:28,4196.75,49860
2021-06-22 09:35:29,4194.8,49960
2021-06-22 09:35:30,4196.7,50015
2021-06-22 09:35:31,4196.0,50040
2021-06-22 09:35:32,4195.25,50507
2021-06-22 09:35:32,4195.25,50507
2021-06-22 09:35:33,4198.8,50607
2021-06-22 09:35:35,4197.0,50680
2021-06-22 09:35:36,4195.0,50725
2021-06-22 09:35:36,4195.1,50697
2021-06-22 09:35:37,4198.0,50887
2021-06-22 09:35:38,4197.95,50996
2021-06-22 09:35:40,4197.95,51048
2021-06-22 09:35:41,4197.95,51048
2021-06-22 09:35:42,4197.95,51049
2021-06-22 09:35:43,4197.95,51060
2021-06-22 09:35:44,4198.6,51126
2021-06-22 09:35:44,4198.6,51126
2021-06-22 09:35:47,4197.2,51251
2021-06-22 09:35:48,4196.9,51252
2021-06-22 09:35:49,4197.25,51261
2021-06-22 09:35:50,4197.25,51262
2021-06-22 09:35:51,4197.25,51263
2021-06-22 09:35:51,4199.0,51314
2021-06-22 09:35:52,4199.0,51380
2021-06-22 09:35:53,4199.0,51401
2021-06-22 09:35:54,4199.0,51408
2021-06-22 09:35:55,4199.0,51419
2021-06-22 09:35:56,4198.0,51425
2021-06-22 09:35:57,4198.0,51425
2021-06-22 09:35:58,4199.0,51482
2021-06-22 09:35:59,4199.9,51655
2021-06-22 09:36:00,4200.0,51903
2021-06-22 09:36:02,4201.0,52003
2021-06-22 09:36:03,4199.25,52016
2021-06-22 09:36:04,4201.95,52170
2021-06-22 09:36:06,4202.0,52202
2021-06-22 09:36:07,4200.0,52205
2021-06-22 09:36:09,4201.95,52271
2021-06-22 09:36:10,4200.0,52332
2021-06-22 09:36:11,4201.7,52438
2021-06-22 09:36:11,4201.7,52438
2021-06-22 09:36:12,4201.9,52490
2021-06-22 09:36:13,4200.15,52583
2021-06-22 09:36:14,4200.5,53208
2021-06-22 09:36:15,4200.3,53891
2021-06-22 09:36:16,4200.0,54052
2021-06-22 09:36:18,4194.0,54428
2021-06-22 09:36:19,4197.3,54580
2021-06-22 09:36:20,4195.95,54587
2021-06-22 09:36:21,4194.15,54589
2021-06-22 09:36:22,4193.75,54902
2021-06-22 09:36:24,4192.0,55099
2021-06-22 09:36:25,4191.05,55120
2021-06-22 09:36:26,4193.1,55145
2021-06-22 09:36:27,4193.1,55165
2021-06-22 09:36:28,4191.0,55169
2021-06-22 09:36:29,4191.8,55173
2021-06-22 09:36:30,4191.8,55173
2021-06-22 09:36:32,4193.75,55201
2021-06-22 09:36:33,4191.8,55206
2021-06-22 09:36:35,4191.85,55265
2021-06-22 09:36:36,4193.7,55383
2021-06-22 09:36:36,4191.65,55384
2021-06-22 09:36:37,4191.9,55387
2021-06-22 09:36:38,4191.9,55387
2021-06-22 09:36:39,4191.05,55388
2021-06-22 09:36:40,4191.05,55390
2021-06-22 09:36:41,4191.9,55415
2021-06-22 09:36:42,4191.9,55418
2021-06-22 09:36:43,4191.0,55428
2021-06-22 09:36:44,4191.0,55488
2021-06-22 09:36:45,4191.0,55489
2021-06-22 09:36:46,4191.65,55496
2021-06-22 09:36:47,4191.65,55496
2021-06-22 09:36:48,4191.65,55496
2021-06-22 09:36:51,4191.4,56022
2021-06-22 09:36:52,4191.65,56087
2021-06-22 09:36:53,4191.65,56127
2021-06-22 09:36:53,4191.65,56127
2021-06-22 09:36:54,4191.65,56147
2021-06-22 09:36:55,4191.65,56166
2021-06-22 09:36:56,4191.65,56166
2021-06-22 09:36:58,4191.0,56226
2021-06-22 09:36:59,4191.65,56239
2021-06-22 09:37:00,4191.0,56339
2021-06-22 09:37:02,4191.65,56354
2021-06-22 09:37:03,4191.0,56355
2021-06-22 09:37:04,4190.0,56832
2021-06-22 09:37:05,4189.0,56852
2021-06-22 09:37:06,4189.0,56854
2021-06-22 09:37:06,4189.0,56852
2021-06-22 09:37:07,4190.6,57154
2021-06-22 09:37:08,4189.0,57172
2021-06-22 09:37:09,4189.2,57412
2021-06-22 09:37:10,4189.2,57412
2021-06-22 09:37:13,4185.0,57504
2021-06-22 09:37:15,4184.3,57517
2021-06-22 09:37:16,4185.0,57529
2021-06-22 09:37:17,4185.0,57529
2021-06-22 09:37:19,4184.0,57619
2021-06-22 09:37:21,4183.0,57719
2021-06-22 09:37:22,4183.15,57760
2021-06-22 09:37:23,4183.1,57780
2021-06-22 09:37:24,4186.8,58820
2021-06-22 09:37:25,4186.8,58820
2021-06-22 09:37:26,4186.8,58820
2021-06-22 09:37:28,4186.8,58820
2021-06-22 09:37:29,4186.8,58820
2021-06-22 09:37:30,4186.8,58820
2021-06-22 09:37:31,4187.2,58829
2021-06-22 09:37:32,4187.2,58829
2021-06-22 09:37:33,4188.2,58855
2021-06-22 09:37:33,4188.2,58855
2021-06-22 09:37:34,4188.2,58855
2021-06-22 09:37:35,4190.95,58865
2021-06-22 09:37:36,4191.65,58883
2021-06-22 09:37:37,4193.05,59013
2021-06-22 09:37:38,4193.85,59014
2021-06-22 09:37:39,4194.05,59029
2021-06-22 09:37:40,4194.05,59029
2021-06-22 09:37:41,4194.05,59033
2021-06-22 09:37:43,4194.05,59033
2021-06-22 09:37:44,4194.05,59033
2021-06-22 09:37:45,4194.05,59033
2021-06-22 09:37:46,4193.75,59034
2021-06-22 09:37:47,4193.75,59034
2021-06-22 09:37:48,4191.25,59035
2021-06-22 09:37:48,4191.25,59035
2021-06-22 09:37:49,4191.2,59038
2021-06-22 09:37:50,4191.2,59038
2021-06-22 09:37:51,4193.25,59248
2021-06-22 09:37:52,4193.25,59248
2021-06-22 09:37:53,4193.25,59248
2021-06-22 09:37:54,4193.25,59248
2021-06-22 09:37:55,4193.25,59248
2021-06-22 09:37:56,4195.0,59318
2021-06-22 09:37:57,4195.0,59318
2021-06-22 09:37:59,4194.3,59518
2021-06-22 09:38:00,4197.35,59533
2021-06-22 09:38:01,4197.4,59539
2021-06-22 09:38:02,4194.05,59540
2021-06-22 09:38:03,4194.05,59540
2021-06-22 09:38:04,4195.05,59583
2021-06-22 09:38:05,4196.85,59612
2021-06-22 09:38:07,4196.85,59612
2021-06-22 09:38:08,4197.0,59621
2021-06-22 09:38:09,4197.6,59702
2021-06-22 09:38:10,4199.2,59802
2021-06-22 09:38:11,4194.8,59865
2021-06-22 09:38:12,4194.8,59865
2021-06-22 09:38:13,4194.8,59865
2021-06-22 09:38:14,4196.95,59866
2021-06-22 09:38:15,4197.0,59867
2021-06-22 09:38:16,4195.05,59870
2021-06-22 09:38:17,4195.0,59890
2021-06-22 09:38:18,4195.0,59890
2021-06-22 09:38:19,4195.05,59891
2021-06-22 09:38:20,4195.15,59894
2021-06-22 09:38:21,4195.15,59894
2021-06-22 09:38:22,4197.0,59919
2021-06-22 09:38:23,4195.0,60077
2021-06-22 09:38:24,4196.95,60104
2021-06-22 09:38:25,4196.95,60105
2021-06-22 09:38:26,4197.0,60117
2021-06-22 09:38:27,4194.85,60124
2021-06-22 09:38:28,4197.0,60214
2021-06-22 09:38:29,4194.0,60516
2021-06-22 09:38:30,4194.0,60516
2021-06-22 09:38:31,4194.0,60516
2021-06-22 09:38:32,4196.55,60521
2021-06-22 09:38:33,4196.55,60521
2021-06-22 09:38:34,4196.95,60721
2021-06-22 09:38:35,4197.45,60771
2021-06-22 09:38:36,4197.45,60771
2021-06-22 09:38:37,4197.45,60771
2021-06-22 09:38:38,4197.25,60800
2021-06-22 09:38:39,4197.25,60800
2021-06-22 09:38:40,4197.35,60802
2021-06-22 09:38:41,4195.05,60858
2021-06-22 09:38:44,4195.05,60858
2021-06-22 09:38:45,4195.05,60858
2021-06-22 09:38:46,4195.0,60890
2021-06-22 09:38:47,4195.0,60890
2021-06-22 09:38:48,4196.95,60963
2021-06-22 09:38:50,4194.35,61251
2021-06-22 09:38:51,4194.35,61251
2021-06-22 09:38:52,4194.35,61251
2021-06-22 09:38:53,4196.4,61276
2021-06-22 09:38:53,4196.4,61276
2021-06-22 09:38:54,4194.3,61328
2021-06-22 09:38:56,4191.6,61828
2021-06-22 09:38:59,4192.9,61900
2021-06-22 09:39:00,4192.9,61900
2021-06-22 09:39:01,4192.9,61900
2021-06-22 09:39:02,4192.9,61910
2021-06-22 09:39:03,4190.75,61920
2021-06-22 09:39:04,4191.0,61970
2021-06-22 09:39:06,4191.0,62215
2021-06-22 09:39:07,4191.0,62215
2021-06-22 09:39:09,4191.6,62426
2021-06-22 09:39:10,4191.6,62426
2021-06-22 09:39:11,4191.6,62426
2021-06-22 09:39:12,4191.9,62434
2021-06-22 09:39:13,4191.9,62434
2021-06-22 09:39:14,4191.9,62434
2021-06-22 09:39:15,4194.55,62439
2021-06-22 09:39:16,4194.55,62445
2021-06-22 09:39:17,4194.55,62505
2021-06-22 09:39:18,4191.85,62517
2021-06-22 09:39:19,4194.5,62518
2021-06-22 09:39:19,4194.5,62518
2021-06-22 09:39:20,4192.2,62539
2021-06-22 09:39:22,4192.2,62548
2021-06-22 09:39:23,4192.2,62548
2021-06-22 09:39:24,4194.4,62550
2021-06-22 09:39:25,4194.5,62600
2021-06-22 09:39:26,4194.5,62600
2021-06-22 09:39:28,4192.4,62652
2021-06-22 09:39:29,4192.4,62652
2021-06-22 09:39:30,4192.6,62662
2021-06-22 09:39:31,4194.5,62708
2021-06-22 09:39:32,4194.55,62717
2021-06-22 09:39:33,4194.2,62771
2021-06-22 09:39:34,4194.2,62771
2021-06-22 09:39:35,4194.35,63024
2021-06-22 09:39:36,4194.55,63026
2021-06-22 09:39:37,4194.7,63081
2021-06-22 09:39:38,4196.75,63143
2021-06-22 09:39:39,4197.15,63149
2021-06-22 09:39:41,4197.15,63153
2021-06-22 09:39:42,4197.15,63153
2021-06-22 09:39:44,4197.0,63267
2021-06-22 09:39:45,4198.4,63277
2021-06-22 09:39:46,4198.4,63297
2021-06-22 09:39:47,4198.4,63297
2021-06-22 09:39:48,4198.4,63307
2021-06-22 09:39:49,4199.0,63407
2021-06-22 09:39:49,4199.0,63407
2021-06-22 09:39:51,4199.0,63411
2021-06-22 09:39:52,4199.0,63411
2021-06-22 09:39:53,4198.4,63422
2021-06-22 09:39:54,4198.4,63422
2021-06-22 09:39:55,4198.4,63422
2021-06-22 09:39:55,4198.4,63422
2021-06-22 09:39:56,4197.0,63479
2021-06-22 09:39:57,4197.0,63479
2021-06-22 09:39:59,4197.0,63508
2021-06-22 09:40:00,4199.0,63563
2021-06-22 09:40:01,4199.0,63763
2021-06-22 09:40:02,4199.0,63863
2021-06-22 09:40:03,4199.0,63919
2021-06-22 09:40:04,4199.0,63925
2021-06-22 09:40:05,4199.0,64051
2021-06-22 09:40:06,4199.0,64051
2021-06-22 09:40:07,4198.0,64087
2021-06-22 09:40:08,4197.05,64137
2021-06-22 09:40:09,4197.0,64141
2021-06-22 09:40:11,4194.6,64391
2021-06-22 09:40:12,4194.6,64391
2021-06-22 09:40:13,4194.6,64391
2021-06-22 09:40:14,4194.6,64391
2021-06-22 09:40:15,4194.5,64406
2021-06-22 09:40:16,4197.0,64656
2021-06-22 09:40:17,4197.0,64675
2021-06-22 09:40:18,4197.0,64675
2021-06-22 09:40:19,4197.0,64675
2021-06-22 09:40:20,4197.95,64679
2021-06-22 09:40:21,4197.95,64679
2021-06-22 09:40:22,4198.8,64779
2021-06-22 09:40:23,4198.8,64779
2021-06-22 09:40:24,4199.0,64809
2021-06-22 09:40:25,4199.0,64809
2021-06-22 09:40:26,4197.0,64817
2021-06-22 09:40:27,4197.0,64822
2021-06-22 09:40:28,4199.0,64845
2021-06-22 09:40:29,4199.0,64895
2021-06-22 09:40:30,4199.0,64920
2021-06-22 09:40:31,4197.0,64925
2021-06-22 09:40:32,4197.0,64925
2021-06-22 09:40:33,4197.0,64937
2021-06-22 09:40:34,4196.4,65024
2021-06-22 09:40:35,4195.3,65060
2021-06-22 09:40:36,4195.3,65060
2021-06-22 09:40:36,4195.3,65060
2021-06-22 09:40:38,4195.35,65061
2021-06-22 09:40:39,4195.35,65061
2021-06-22 09:40:40,4195.35,65061
2021-06-22 09:40:41,4195.35,65061
2021-06-22 09:40:42,4194.7,65161
2021-06-22 09:40:43,4194.7,65161
2021-06-22 09:40:44,4197.6,65162
2021-06-22 09:40:45,4197.85,65312
2021-06-22 09:40:47,4197.85,65312
2021-06-22 09:40:48,4197.85,65312
2021-06-22 09:40:50,4196.25,65327
2021-06-22 09:40:51,4196.25,65330
2021-06-22 09:40:52,4197.3,65345
2021-06-22 09:40:53,4197.3,65345
2021-06-22 09:40:54,4195.0,65355
2021-06-22 09:40:55,4197.3,65406
2021-06-22 09:40:56,4197.3,65408
2021-06-22 09:40:57,4197.35,65409
2021-06-22 09:40:58,4195.55,65435
2021-06-22 09:40:59,4197.35,65436
2021-06-22 09:41:00,4197.2,65463
2021-06-22 09:41:01,4197.2,65463
2021-06-22 09:41:02,4197.0,65535
2021-06-22 09:41:02,4197.0,65535
2021-06-22 09:41:03,4197.0,65535
2021-06-22 09:41:04,4196.0,65540
2021-06-22 09:41:06,4196.0,65540
2021-06-22 09:41:09,4196.0,65554
2021-06-22 09:41:10,4196.0,65632
2021-06-22 09:41:11,4196.0,65632
2021-06-22 09:41:12,4196.0,65632
2021-06-22 09:41:12,4196.0,65633
2021-06-22 09:41:14,4196.0,65737
2021-06-22 09:41:15,4195.0,65764
2021-06-22 09:41:16,4196.0,65896
2021-06-22 09:41:17,4196.0,65896
2021-06-22 09:41:18,4196.0,65896
2021-06-22 09:41:19,4196.0,65926
2021-06-22 09:41:19,4196.0,65926
2021-06-22 09:41:21,4196.0,65926
2021-06-22 09:41:22,4196.0,65926
2021-06-22 09:41:23,4196.0,65926
2021-06-22 09:41:24,4196.0,65926
2021-06-22 09:41:25,4195.5,65944
2021-06-22 09:41:25,4195.0,65941
2021-06-22 09:41:26,4195.5,65944
2021-06-22 09:41:28,4195.5,65944
2021-06-22 09:41:29,4195.5,65945
2021-06-22 09:41:30,4195.5,65966
2021-06-22 09:41:31,4195.5,65966
2021-06-22 09:41:32,4195.5,65966
2021-06-22 09:41:33,4195.5,65981
2021-06-22 09:41:34,4195.5,66074
2021-06-22 09:41:35,4195.5,66138
2021-06-22 09:41:37,4195.5,66142
2021-06-22 09:41:38,4195.5,66142
2021-06-22 09:41:39,4196.5,66194
2021-06-22 09:41:40,4196.5,66194
2021-06-22 09:41:41,4197.0,66283
2021-06-22 09:41:42,4197.4,66285
2021-06-22 09:41:43,4196.0,66448
2021-06-22 09:41:44,4196.0,66448
2021-06-22 09:41:45,4196.0,66448
2021-06-22 09:41:46,4194.7,66587
2021-06-22 09:41:47,4194.7,66587
2021-06-22 09:41:48,4194.7,66587
2021-06-22 09:41:49,4194.7,66587
2021-06-22 09:41:50,4194.7,66587
2021-06-22 09:41:51,4195.85,66637
2021-06-22 09:41:52,4195.85,66647
2021-06-22 09:41:54,4195.85,66647
2021-06-22 09:41:55,4195.85,66647
2021-06-22 09:41:56,4195.85,66647
2021-06-22 09:41:57,4194.5,66672
2021-06-22 09:41:58,4194.5,66672
2021-06-22 09:41:59,4194.5,66672
2021-06-22 09:42:01,4195.85,66729
2021-06-22 09:42:02,4195.85,66730
2021-06-22 09:42:04,4195.85,66730
2021-06-22 09:42:03,4195.85,66730
2021-06-22 09:42:05,4195.85,66730
2021-06-22 09:42:06,4195.0,66750
2021-06-22 09:42:07,4195.0,66750
2021-06-22 09:42:08,4195.0,66750
2021-06-22 09:42:09,4195.85,66800
2021-06-22 09:42:11,4195.85,66805
2021-06-22 09:42:10,4195.85,66805
2021-06-22 09:42:12,4195.0,66816
2021-06-22 09:42:13,4195.0,66816
2021-06-22 09:42:14,4195.0,66816
2021-06-22 09:42:15,4195.85,66831
2021-06-22 09:42:16,4195.0,66841
2021-06-22 09:42:17,4195.0,66841
2021-06-22 09:42:18,4195.0,66841
2021-06-22 09:42:19,4195.25,66876
2021-06-22 09:42:20,4195.25,66876
2021-06-22 09:42:21,4195.25,66876
2021-06-22 09:42:22,4195.25,66877
2021-06-22 09:42:23,4195.85,66954
2021-06-22 09:42:24,4195.85,66954
2021-06-22 09:42:25,4195.25,66956
2021-06-22 09:42:26,4194.0,67156
2021-06-22 09:42:27,4194.0,67158
2021-06-22 09:42:28,4194.0,67158
2021-06-22 09:42:29,4196.0,67163
2021-06-22 09:42:30,4196.0,67214
2021-06-22 09:42:31,4196.0,67214
2021-06-22 09:42:33,4196.0,67214
2021-06-22 09:42:34,4196.0,67214
2021-06-22 09:42:35,4195.6,67221
2021-06-22 09:42:36,4194.3,67247
2021-06-22 09:42:37,4194.3,67247
2021-06-22 09:42:39,4194.3,67247
2021-06-22 09:42:40,4194.3,67247
2021-06-22 09:42:41,4194.3,67247
2021-06-22 09:42:42,4194.3,67247
2021-06-22 09:42:44,4194.3,67247
2021-06-22 09:42:43,4194.3,67247
2021-06-22 09:42:45,4194.0,67258
2021-06-22 09:42:46,4192.5,67560
2021-06-22 09:42:47,4192.5,67560
2021-06-22 09:42:48,4192.5,67560
2021-06-22 09:42:49,4193.5,67562
2021-06-22 09:42:50,4193.5,67849
2021-06-22 09:42:51,4193.5,67849
2021-06-22 09:42:52,4195.0,67850
2021-06-22 09:42:53,4195.0,67857
2021-06-22 09:42:54,4195.0,67857
2021-06-22 09:42:55,4195.0,67857
2021-06-22 09:42:56,4192.8,67898
2021-06-22 09:42:57,4192.85,67901
2021-06-22 09:42:58,4194.1,67910
2021-06-22 09:42:59,4194.1,67910
2021-06-22 09:43:01,4194.1,67910
2021-06-22 09:43:02,4195.0,67940
2021-06-22 09:43:03,4195.0,67940
2021-06-22 09:43:04,4195.0,67940
2021-06-22 09:43:05,4195.0,67990
2021-06-22 09:43:06,4195.0,67990
2021-06-22 09:43:07,4195.0,67990
2021-06-22 09:43:08,4195.0,67990
2021-06-22 09:43:09,4195.0,67990
2021-06-22 09:43:10,4195.95,67993
2021-06-22 09:43:11,4195.95,67993
2021-06-22 09:43:12,4195.95,67993
2021-06-22 09:43:13,4195.95,67993
2021-06-22 09:43:14,4195.95,67993
2021-06-22 09:43:15,4195.95,67993
2021-06-22 09:43:16,4195.95,67993
2021-06-22 09:43:17,4195.95,67993
2021-06-22 09:43:18,4195.95,67993
2021-06-22 09:43:19,4195.95,67998
2021-06-22 09:43:22,4195.05,67999
2021-06-22 09:43:23,4195.05,67999
2021-06-22 09:43:24,4195.05,67999
2021-06-22 09:43:25,4195.05,67999
2021-06-22 09:43:27,4195.95,68005
2021-06-22 09:43:28,4195.95,68005
2021-06-22 09:43:29,4195.95,68005
2021-06-22 09:43:31,4195.0,68056
2021-06-22 09:43:30,4195.05,68006
2021-06-22 09:43:32,4195.0,68056
2021-06-22 09:43:33,4195.0,68056
2021-06-22 09:43:34,4195.0,68056
2021-06-22 09:43:36,4195.0,68056
2021-06-22 09:43:37,4197.55,68201
2021-06-22 09:43:38,4197.55,68201
2021-06-22 09:43:39,4197.55,68201
2021-06-22 09:43:40,4196.95,68226
2021-06-22 09:43:42,4198.0,68227
2021-06-22 09:43:43,4198.0,68227
2021-06-22 09:43:44,4196.1,68233
2021-06-22 09:43:45,4196.1,68233
2021-06-22 09:43:46,4196.1,68233
2021-06-22 09:43:47,4197.55,68258
2021-06-22 09:43:49,4197.95,68329
2021-06-22 09:43:49,4197.95,68329
2021-06-22 09:43:50,4197.95,68329
2021-06-22 09:43:51,4197.85,68340
2021-06-22 09:43:52,4196.05,68365
2021-06-22 09:43:53,4198.0,68415
2021-06-22 09:43:55,4198.0,68415
2021-06-22 09:43:55,4198.0,68415
2021-06-22 09:43:56,4198.0,68415
2021-06-22 09:43:57,4198.9,68510
2021-06-22 09:43:58,4198.9,68510
2021-06-22 09:43:59,4198.9,68519
2021-06-22 09:44:01,4199.0,68559
2021-06-22 09:44:01,4199.0,68559
2021-06-22 09:44:02,4197.0,68660
2021-06-22 09:44:03,4196.1,68861
2021-06-22 09:44:04,4197.0,68971
2021-06-22 09:44:06,4197.0,69013
2021-06-22 09:44:06,4197.0,69013
2021-06-22 09:44:07,4197.0,69013
2021-06-22 09:44:08,4197.0,69013
2021-06-22 09:44:09,4197.0,69013
2021-06-22 09:44:10,4197.0,69013
2021-06-22 09:44:11,4197.0,69013
2021-06-22 09:44:13,4197.0,69013
2021-06-22 09:44:14,4197.0,69013
2021-06-22 09:44:15,4197.0,69547
2021-06-22 09:44:16,4197.0,69565
2021-06-22 09:44:16,4196.4,69571
2021-06-22 09:44:17,4197.0,69777
2021-06-22 09:44:18,4196.45,69781
2021-06-22 09:44:20,4196.45,69781
2021-06-22 09:44:20,4198.0,69782
2021-06-22 09:44:22,4198.0,69826
2021-06-22 09:44:23,4197.0,69827
2021-06-22 09:44:23,4197.0,69827
2021-06-22 09:44:24,4198.0,69847
2021-06-22 09:44:25,4198.0,69847
2021-06-22 09:44:26,4198.0,69847
2021-06-22 09:44:28,4196.3,69868
2021-06-22 09:44:28,4196.3,69868
2021-06-22 09:44:29,4196.1,69896
2021-06-22 09:44:30,4196.1,69900
2021-06-22 09:44:31,4196.1,69900
2021-06-22 09:44:32,4196.1,69900
2021-06-22 09:44:34,4197.95,69964
2021-06-22 09:44:35,4197.95,69979
2021-06-22 09:44:35,4197.95,69979
2021-06-22 09:44:36,4197.95,69979
2021-06-22 09:44:37,4197.95,69979
2021-06-22 09:44:39,4196.05,69999
2021-06-22 09:44:40,4196.85,70007
2021-06-22 09:44:41,4196.85,70007
2021-06-22 09:44:42,4195.6,70054
2021-06-22 09:44:43,4195.6,70054
2021-06-22 09:44:45,4195.3,70057
2021-06-22 09:44:45,4195.3,70057
2021-06-22 09:44:46,4197.35,70224
2021-06-22 09:44:47,4197.35,70276
2021-06-22 09:44:48,4195.15,70505
2021-06-22 09:44:49,4195.15,70505
2021-06-22 09:44:50,4195.15,70505
2021-06-22 09:44:52,4195.15,70505
2021-06-22 09:44:52,4195.15,70505
2021-06-22 09:44:53,4197.5,70530
2021-06-22 09:44:54,4197.5,70530
2021-06-22 09:44:55,4195.45,70535
2021-06-22 09:44:56,4197.4,70545
2021-06-22 09:44:57,4195.1,70549
2021-06-22 09:44:58,4195.0,70609
2021-06-22 09:45:00,4196.0,70631
2021-06-22 09:45:01,4196.0,70631
2021-06-22 09:45:02,4197.25,70671
2021-06-22 09:45:03,4197.25,70671
2021-06-22 09:45:04,4197.25,70671
2021-06-22 09:45:05,4197.3,70672
2021-06-22 09:45:07,4197.4,70718
2021-06-22 09:45:08,4197.4,70732
2021-06-22 09:45:09,4197.4,70732
2021-06-22 09:45:10,4197.4,70732
2021-06-22 09:45:11,4197.4,70732
2021-06-22 09:45:13,4197.4,70732
2021-06-22 09:45:13,4197.4,70732
2021-06-22 09:45:14,4197.4,70732
2021-06-22 09:45:15,4197.3,70734
2021-06-22 09:45:16,4197.3,70807
2021-06-22 09:45:17,4196.9,70820
2021-06-22 09:45:19,4196.9,70820
2021-06-22 09:45:19,4196.9,70820
2021-06-22 09:45:20,4198.0,71303
2021-06-22 09:45:22,4197.4,71306
2021-06-22 09:45:23,4197.4,71306
2021-06-22 09:45:24,4197.4,71306
2021-06-22 09:45:25,4197.4,71306
2021-06-22 09:45:26,4197.4,71306
2021-06-22 09:45:28,4197.4,71306
2021-06-22 09:45:29,4197.4,71306
2021-06-22 09:45:30,4197.4,71306
2021-06-22 09:45:30,4198.0,71307
2021-06-22 09:45:31,4198.0,71357
2021-06-22 09:45:33,4198.0,71357
2021-06-22 09:45:34,4198.9,71358
2021-06-22 09:45:35,4198.9,71358
2021-06-22 09:45:36,4198.9,71358
2021-06-22 09:45:37,4198.9,71371
2021-06-22 09:45:39,4199.0,71421
2021-06-22 09:45:40,4199.0,71421
2021-06-22 09:45:41,4198.0,71426
2021-06-22 09:45:42,4198.8,71451
2021-06-22 09:45:43,4199.9,72140
2021-06-22 09:45:43,4199.9,72140
2021-06-22 09:45:44,4200.25,72755
2021-06-22 09:45:45,4200.25,72755
2021-06-22 09:45:46,4201.8,72821
2021-06-22 09:45:47,4201.8,72821
2021-06-22 09:45:48,4200.4,72830
2021-06-22 09:45:49,4200.35,72839
2021-06-22 09:45:50,4200.35,72839
2021-06-22 09:45:51,4201.75,72859
2021-06-22 09:45:54,4201.5,72878
2021-06-22 09:45:55,4202.0,73027
2021-06-22 09:45:55,4202.0,73027
2021-06-22 09:45:56,4202.0,73027
2021-06-22 09:45:57,4200.3,73028
2021-06-22 09:45:58,4202.0,73035
2021-06-22 09:45:59,4200.3,73040
2021-06-22 09:46:00,4200.0,73069
2021-06-22 09:46:01,4200.35,73092
2021-06-22 09:46:02,4200.0,73106
2021-06-22 09:46:03,4198.0,73110
2021-06-22 09:46:04,4198.0,73186
2021-06-22 09:46:05,4197.95,73202
2021-06-22 09:46:06,4197.95,73203
2021-06-22 09:46:08,4197.75,73228
2021-06-22 09:46:09,4197.75,73228
2021-06-22 09:46:10,4196.4,73657
2021-06-22 09:46:10,4196.4,73657
2021-06-22 09:46:12,4196.05,73724
2021-06-22 09:46:13,4196.05,73724
2021-06-22 09:46:15,4196.1,73733
2021-06-22 09:46:16,4196.1,73733
2021-06-22 09:46:16,4196.1,73733
2021-06-22 09:46:17,4196.1,73758
2021-06-22 09:46:18,4197.65,73912
2021-06-22 09:46:19,4197.9,74034
2021-06-22 09:46:20,4196.15,74049
2021-06-22 09:46:22,4197.9,74064
2021-06-22 09:46:23,4197.9,74065
2021-06-22 09:46:24,4197.9,74065
2021-06-22 09:46:25,4198.9,74075
2021-06-22 09:46:26,4196.3,74149
2021-06-22 09:46:27,4198.65,74174
2021-06-22 09:46:29,4198.65,74174
2021-06-22 09:46:30,4198.7,74236
2021-06-22 09:46:31,4198.7,74236
2021-06-22 09:46:32,4198.7,74236
2021-06-22 09:46:33,4198.7,74240
2021-06-22 09:46:33,4198.7,74240
2021-06-22 09:46:34,4198.7,74240
2021-06-22 09:46:35,4197.95,74242
2021-06-22 09:46:36,4197.95,74254
2021-06-22 09:46:38,4198.65,74280
2021-06-22 09:46:39,4197.0,74281
2021-06-22 09:46:40,4198.65,74286
2021-06-22 09:46:41,4197.0,74297
2021-06-22 09:46:42,4197.0,74308
2021-06-22 09:46:43,4197.0,74331
2021-06-22 09:46:45,4197.0,74331
2021-06-22 09:46:46,4198.65,74332
2021-06-22 09:46:48,4197.0,74357
2021-06-22 09:46:49,4198.65,74358
2021-06-22 09:46:49,4198.65,74360
2021-06-22 09:46:50,4198.65,74360
2021-06-22 09:46:51,4198.65,74360
2021-06-22 09:46:52,4198.0,74371
2021-06-22 09:46:54,4198.0,74387
2021-06-22 09:46:53,4198.0,74386
2021-06-22 09:46:55,4197.0,74408
2021-06-22 09:46:57,4197.0,74408
2021-06-22 09:46:58,4198.0,74410
2021-06-22 09:46:59,4196.7,74560
2021-06-22 09:46:59,4196.7,74560
2021-06-22 09:47:01,4197.0,74600
2021-06-22 09:47:02,4197.0,74600
2021-06-22 09:47:03,4197.0,74600
2021-06-22 09:47:05,4197.0,74600
2021-06-22 09:47:07,4196.7,74623
2021-06-22 09:47:07,4196.7,74623
2021-06-22 09:47:08,4196.7,74623
2021-06-22 09:47:09,4196.5,74675
2021-06-22 09:47:10,4196.7,74733
2021-06-22 09:47:11,4196.3,74735
2021-06-22 09:47:12,4196.3,74747
2021-06-22 09:47:13,4196.3,74750
2021-06-22 09:47:14,4196.7,74752
2021-06-22 09:47:15,4196.0,74777
2021-06-22 09:47:16,4196.0,74777
2021-06-22 09:47:17,4196.7,74802
2021-06-22 09:47:19,4196.0,74806
2021-06-22 09:47:20,4198.9,74993
2021-06-22 09:47:21,4198.85,75024
2021-06-22 09:47:23,4200.0,75027
2021-06-22 09:47:23,4200.0,75052
2021-06-22 09:47:25,4200.0,75086
2021-06-22 09:47:25,4200.0,75086
2021-06-22 09:47:27,4199.7,75099
2021-06-22 09:47:28,4202.0,75121
2021-06-22 09:47:29,4202.0,75121
2021-06-22 09:47:29,4202.0,75121
2021-06-22 09:47:30,4202.0,75132
2021-06-22 09:47:31,4202.0,75132
2021-06-22 09:47:33,4202.0,75132
2021-06-22 09:47:34,4202.4,75193
2021-06-22 09:47:35,4202.2,75340
2021-06-22 09:47:36,4203.0,75342
2021-06-22 09:47:37,4203.0,75510
2021-06-22 09:47:38,4202.2,75642
2021-06-22 09:47:39,4203.0,75741
2021-06-22 09:47:40,4203.0,75741
2021-06-22 09:47:42,4202.95,75791
2021-06-22 09:47:42,4203.0,75811
2021-06-22 09:47:43,4203.0,75818
2021-06-22 09:47:44,4203.0,75834
2021-06-22 09:47:46,4203.0,75834
2021-06-22 09:47:47,4203.0,75834
2021-06-22 09:47:48,4203.0,75854
2021-06-22 09:47:49,4202.0,75855
2021-06-22 09:47:50,4202.0,75857
2021-06-22 09:47:51,4202.0,75857
2021-06-22 09:47:51,4202.0,75857
2021-06-22 09:47:52,4203.0,75882
2021-06-22 09:47:53,4203.0,75882
2021-06-22 09:47:54,4203.5,75972
2021-06-22 09:47:55,4203.0,75974
2021-06-22 09:47:56,4203.0,76024
2021-06-22 09:47:57,4203.0,76024
2021-06-22 09:47:58,4202.95,76097
2021-06-22 09:47:59,4203.55,76100
2021-06-22 09:48:00,4203.55,76100
2021-06-22 09:48:02,4202.0,76274
2021-06-22 09:48:03,4202.0,76591
2021-06-22 09:48:03,4202.0,76591
2021-06-22 09:48:04,4201.5,77221
2021-06-22 09:48:05,4201.5,77221
2021-06-22 09:48:06,4201.5,77221
2021-06-22 09:48:07,4202.0,77222
2021-06-22 09:48:09,4202.0,77222
2021-06-22 09:48:10,4202.0,77222
2021-06-22 09:48:11,4203.95,77272
2021-06-22 09:48:12,4203.55,77467
2021-06-22 09:48:13,4203.95,77477
2021-06-22 09:48:14,4203.0,77493
2021-06-22 09:48:15,4201.2,77543
2021-06-22 09:48:16,4202.95,77544
2021-06-22 09:48:16,4202.95,77544
2021-06-22 09:48:17,4202.95,77575
2021-06-22 09:48:18,4202.95,77633
2021-06-22 09:48:19,4200.75,77643
2021-06-22 09:48:22,4200.7,77647
2021-06-22 09:48:22,4200.7,77647
2021-06-22 09:48:24,4202.75,77648
2021-06-22 09:48:26,4202.75,77648
2021-06-22 09:48:27,4202.75,77658
2021-06-22 09:48:28,4202.75,77658
2021-06-22 09:48:28,4202.75,77658
2021-06-22 09:48:29,4202.75,77710
2021-06-22 09:48:32,4202.75,77716
2021-06-22 09:48:33,4202.0,77725
2021-06-22 09:48:34,4202.75,77775
2021-06-22 09:48:37,4202.75,77825
2021-06-22 09:48:38,4202.75,77825
2021-06-22 09:48:39,4202.75,77856
2021-06-22 09:48:40,4202.75,77856
2021-06-22 09:48:41,4202.75,77856
2021-06-22 09:48:42,4202.0,77961
2021-06-22 09:48:43,4202.0,77988
2021-06-22 09:48:43,4202.0,77988
2021-06-22 09:48:44,4202.0,77988
2021-06-22 09:48:45,4202.0,78003
2021-06-22 09:48:47,4202.0,78004
2021-06-22 09:48:48,4202.75,78007
2021-06-22 09:48:49,4202.75,78104
2021-06-22 09:48:51,4202.95,78122
2021-06-22 09:48:53,4202.95,78137
2021-06-22 09:48:54,4202.95,78141
2021-06-22 09:48:57,4203.0,78653
2021-06-22 09:48:58,4204.65,79576
2021-06-22 09:48:58,4204.65,79576
2021-06-22 09:48:59,4204.65,79576
2021-06-22 09:49:00,4206.9,79626
2021-06-22 09:49:01,4207.0,79676
2021-06-22 09:49:03,4205.1,79692
2021-06-22 09:49:04,4205.1,79692
2021-06-22 09:49:05,4205.1,79692
2021-06-22 09:49:06,4207.0,79706
2021-06-22 09:49:09,4207.0,79895
2021-06-22 09:49:09,4207.0,79895
2021-06-22 09:49:10,4207.0,79900
2021-06-22 09:49:11,4207.0,79901
2021-06-22 09:49:12,4207.0,79951
2021-06-22 09:49:13,4207.0,80041
2021-06-22 09:49:14,4206.1,80064
2021-06-22 09:49:16,4207.0,80191
2021-06-22 09:49:17,4209.0,80196
2021-06-22 09:49:18,4209.0,80199
2021-06-22 09:49:21,4209.6,80452
2021-06-22 09:49:21,4209.6,80452
2021-06-22 09:49:22,4210.0,80577
2021-06-22 09:49:23,4210.0,80579
2021-06-22 09:49:24,4209.55,80583
2021-06-22 09:49:26,4209.8,80658
2021-06-22 09:49:27,4209.8,80658
2021-06-22 09:49:28,4209.8,80658
2021-06-22 09:49:29,4209.05,80921
2021-06-22 09:49:30,4209.05,81033
2021-06-22 09:49:31,4206.0,81175
2021-06-22 09:49:32,4209.05,81230
2021-06-22 09:49:33,4209.0,81332
2021-06-22 09:49:34,4208.95,81339
2021-06-22 09:49:34,4208.95,81364
2021-06-22 09:49:35,4208.95,81364
2021-06-22 09:49:36,4208.95,81364
2021-06-22 09:49:37,4208.95,81364
2021-06-22 09:49:38,4208.95,81414
2021-06-22 09:49:39,4206.3,81464
2021-06-22 09:49:41,4206.0,81631
2021-06-22 09:49:42,4206.0,81631
2021-06-22 09:49:43,4206.0,81631
2021-06-22 09:49:44,4207.0,81681
2021-06-22 09:49:45,4208.15,81691
2021-06-22 09:49:46,4208.15,81691
2021-06-22 09:49:47,4207.95,81703
2021-06-22 09:49:48,4207.95,81703
2021-06-22 09:49:49,4207.95,81703
2021-06-22 09:49:50,4208.0,81708
2021-06-22 09:49:51,4208.0,81708
2021-06-22 09:49:52,4205.0,83228
2021-06-22 09:49:53,4205.0,83228
2021-06-22 09:49:54,4206.05,83279
2021-06-22 09:49:55,4206.05,83279
2021-06-22 09:49:57,4206.05,83279
2021-06-22 09:49:58,4206.05,83279
2021-06-22 09:49:59,4206.05,83279
2021-06-22 09:50:00,4206.05,83279
2021-06-22 09:50:01,4204.6,83336
2021-06-22 09:50:01,4205.95,83361
2021-06-22 09:50:02,4206.0,83382
2021-06-22 09:50:03,4205.95,83477
2021-06-22 09:50:05,4205.85,83539
2021-06-22 09:50:06,4203.45,83580
2021-06-22 09:50:07,4203.45,83580
2021-06-22 09:50:08,4203.45,83580
2021-06-22 09:50:09,4205.6,83658
2021-06-22 09:50:10,4205.6,83658
2021-06-22 09:50:11,4205.6,83658
2021-06-22 09:50:12,4205.6,83658
2021-06-22 09:50:13,4203.3,83660
2021-06-22 09:50:18,4203.05,83885
2021-06-22 09:50:19,4202.75,83986
2021-06-22 09:50:20,4202.75,83986
2021-06-22 09:50:21,4204.65,84036
2021-06-22 09:50:22,4204.65,84037
2021-06-22 09:50:23,4202.6,84052
2021-06-22 09:50:24,4202.6,84052
2021-06-22 09:50:25,4204.65,84057
2021-06-22 09:50:26,4202.5,84087
2021-06-22 09:50:27,4204.65,84117
2021-06-22 09:50:28,4204.65,84117
2021-06-22 09:50:29,4202.4,84185
2021-06-22 09:50:30,4200.75,84431
2021-06-22 09:50:31,4200.75,84431
2021-06-22 09:50:32,4200.45,84701
2021-06-22 09:50:33,4200.45,84726
2021-06-22 09:50:34,4201.95,84776
2021-06-22 09:50:36,4201.55,85217
2021-06-22 09:50:37,4201.0,85231
2021-06-22 09:50:38,4201.0,85241
2021-06-22 09:50:38,4201.0,85241
2021-06-22 09:50:39,4201.0,85244
2021-06-22 09:50:41,4201.25,85249
2021-06-22 09:50:42,4201.25,85249
2021-06-22 09:50:44,4201.25,85249
2021-06-22 09:50:47,4200.0,85304
2021-06-22 09:50:48,4200.0,85304
2021-06-22 09:50:49,4201.25,85309
2021-06-22 09:50:50,4201.25,85382
2021-06-22 09:50:51,4200.0,85392
2021-06-22 09:50:52,4200.0,85392
2021-06-22 09:50:53,4201.25,85427
2021-06-22 09:50:54,4201.25,85427
2021-06-22 09:50:55,4201.25,85427
2021-06-22 09:50:56,4201.25,85427
2021-06-22 09:50:57,4200.0,85438
2021-06-22 09:50:58,4200.0,85538
2021-06-22 09:50:59,4200.0,85540
2021-06-22 09:51:00,4201.25,85590
2021-06-22 09:51:01,4201.25,85590
2021-06-22 09:51:02,4200.0,85645
2021-06-22 09:51:03,4198.35,86109
2021-06-22 09:51:04,4196.0,86124
2021-06-22 09:51:05,4196.05,86208
2021-06-22 09:51:06,4198.2,86217
2021-06-22 09:51:07,4198.2,86217
2021-06-22 09:51:08,4196.0,86267
2021-06-22 09:51:09,4196.0,86267
2021-06-22 09:51:10,4197.0,86268
2021-06-22 09:51:12,4197.0,86268
2021-06-22 09:51:13,4197.15,86274
2021-06-22 09:51:14,4197.15,86299
2021-06-22 09:51:16,4196.0,86304
2021-06-22 09:51:17,4196.0,86404
2021-06-22 09:51:18,4196.0,86510
2021-06-22 09:51:19,4196.65,86555
2021-06-22 09:51:20,4196.65,86555
2021-06-22 09:51:20,4196.65,86555
2021-06-22 09:51:21,4196.65,86555
2021-06-22 09:51:23,4196.65,86555
2021-06-22 09:51:26,4196.65,87080
2021-06-22 09:51:27,4196.65,87142
2021-06-22 09:51:27,4196.65,87142
2021-06-22 09:51:29,4196.0,87207
2021-06-22 09:51:29,4196.0,87207
2021-06-22 09:51:30,4196.7,87257
2021-06-22 09:51:31,4196.0,87298
2021-06-22 09:51:32,4196.7,87398
2021-06-22 09:51:34,4195.6,87403
2021-06-22 09:51:35,4195.6,87403
2021-06-22 09:51:36,4195.6,87403
2021-06-22 09:51:37,4195.6,87403
2021-06-22 09:51:38,4195.6,87403
2021-06-22 09:51:40,4196.0,87513
2021-06-22 09:51:41,4193.9,87664
2021-06-22 09:51:42,4195.0,87800
2021-06-22 09:51:43,4195.0,87800
2021-06-22 09:51:44,4196.0,87801
2021-06-22 09:51:45,4195.0,87802
2021-06-22 09:51:46,4195.0,87802
2021-06-22 09:51:47,4196.0,87881
2021-06-22 09:51:47,4195.0,87887
2021-06-22 09:51:48,4195.0,87887
2021-06-22 09:51:50,4195.0,87887
2021-06-22 09:51:51,4195.0,87887
2021-06-22 09:51:52,4195.0,87907
2021-06-22 09:51:53,4195.0,87937
2021-06-22 09:51:54,4195.0,87967
2021-06-22 09:51:55,4195.0,87967
2021-06-22 09:51:58,4196.0,87978
2021-06-22 09:51:59,4196.0,87978
2021-06-22 09:52:00,4196.0,87978
2021-06-22 09:52:01,4196.0,87978
2021-06-22 09:52:02,4195.0,87998
2021-06-22 09:52:03,4195.0,87998
2021-06-22 09:52:04,4195.0,88098
2021-06-22 09:52:05,4195.0,88098
2021-06-22 09:52:06,4195.0,88098
2021-06-22 09:52:07,4195.0,88100
2021-06-22 09:52:08,4196.0,88200
2021-06-22 09:52:10,4196.0,88200
2021-06-22 09:52:11,4196.0,88203
2021-06-22 09:52:12,4196.0,88303
2021-06-22 09:52:13,4195.0,88305
2021-06-22 09:52:14,4196.0,88307
2021-06-22 09:52:15,4196.0,88307
2021-06-22 09:52:16,4196.0,88308
2021-06-22 09:52:17,4196.0,88308
2021-06-22 09:52:18,4196.0,88309
2021-06-22 09:52:19,4196.0,88310
2021-06-22 09:52:20,4196.0,88310
2021-06-22 09:52:21,4196.0,88316
2021-06-22 09:52:22,4195.0,88368
2021-06-22 09:52:24,4195.0,88368
2021-06-22 09:52:25,4195.0,88373
2021-06-22 09:52:27,4194.85,88376
2021-06-22 09:52:28,4195.0,88386
2021-06-22 09:52:29,4195.0,88386
2021-06-22 09:52:30,4194.5,88436
2021-06-22 09:52:31,4195.0,88439
2021-06-22 09:52:32,4195.0,88439
2021-06-22 09:52:33,4195.0,88439
2021-06-22 09:52:34,4192.65,88470
2021-06-22 09:52:35,4195.0,88475
2021-06-22 09:52:36,4195.0,88475
2021-06-22 09:52:37,4195.0,88475
2021-06-22 09:52:38,4195.0,88475
2021-06-22 09:52:39,4195.0,88485
2021-06-22 09:52:40,4195.0,88485
2021-06-22 09:52:41,4195.0,88485
2021-06-22 09:52:42,4192.65,88487
2021-06-22 09:52:43,4195.0,88507
2021-06-22 09:52:44,4192.05,88558
2021-06-22 09:52:45,4192.05,88558
2021-06-22 09:52:46,4192.05,88558
2021-06-22 09:52:47,4192.05,88558
2021-06-22 09:52:49,4192.05,88558
2021-06-22 09:52:50,4192.7,88568
2021-06-22 09:52:51,4192.7,88569
2021-06-22 09:52:52,4192.7,88569
2021-06-22 09:52:53,4192.0,88669
2021-06-22 09:52:54,4192.7,88709
2021-06-22 09:52:55,4192.7,88709
2021-06-22 09:52:56,4192.7,88709
2021-06-22 09:52:57,4192.7,88709
2021-06-22 09:52:58,4192.0,88712
2021-06-22 09:52:59,4192.0,88712
2021-06-22 09:53:00,4192.0,88717
2021-06-22 09:53:01,4192.0,88717
2021-06-22 09:53:02,4192.0,88726
2021-06-22 09:53:03,4192.0,88726
2021-06-22 09:53:04,4192.0,88726
2021-06-22 09:53:06,4192.0,88726
2021-06-22 09:53:05,4192.0,88726
2021-06-22 09:53:07,4192.05,88736
2021-06-22 09:53:08,4192.05,88736
2021-06-22 09:53:09,4192.05,88742
2021-06-22 09:53:10,4192.05,88742
2021-06-22 09:53:11,4192.05,88742
2021-06-22 09:53:12,4192.0,88942
2021-06-22 09:53:14,4192.0,88944
2021-06-22 09:53:15,4192.0,88944
2021-06-22 09:53:16,4192.0,89610
2021-06-22 09:53:17,4189.55,89620
2021-06-22 09:53:18,4188.9,89654
2021-06-22 09:53:20,4188.9,89654
2021-06-22 09:53:21,4188.9,89654
2021-06-22 09:53:22,4188.85,89682
2021-06-22 09:53:23,4191.2,89684
2021-06-22 09:53:25,4191.2,89684
2021-06-22 09:53:26,4191.2,89684
2021-06-22 09:53:27,4188.4,89715
2021-06-22 09:53:28,4190.0,89725
2021-06-22 09:53:29,4190.65,89980
2021-06-22 09:53:31,4190.0,90006
2021-06-22 09:53:32,4190.0,90046
2021-06-22 09:53:33,4190.0,90046
2021-06-22 09:53:34,4190.0,90048
2021-06-22 09:53:35,4189.9,90060
2021-06-22 09:53:36,4190.0,90076
2021-06-22 09:53:37,4191.0,90131
2021-06-22 09:53:38,4189.65,90141
2021-06-22 09:53:39,4191.2,90142
2021-06-22 09:53:40,4191.2,90169
2021-06-22 09:53:42,4190.05,90252
2021-06-22 09:53:43,4190.05,90252
2021-06-22 09:53:44,4190.05,90252
2021-06-22 09:53:45,4190.05,90252
2021-06-22 09:53:46,4192.0,90274
2021-06-22 09:53:47,4192.0,90278
2021-06-22 09:53:48,4192.0,90278
2021-06-22 09:53:49,4192.0,90278
2021-06-22 09:53:50,4190.8,90318
2021-06-22 09:53:51,4190.8,90318
2021-06-22 09:53:52,4192.05,90358
2021-06-22 09:53:53,4192.05,90358
2021-06-22 09:53:55,4191.95,90360
2021-06-22 09:53:56,4191.95,90360
2021-06-22 09:53:57,4191.95,90360
2021-06-22 09:54:00,4192.0,90384
2021-06-22 09:54:01,4192.0,90389
2021-06-22 09:54:02,4192.0,90389
2021-06-22 09:54:03,4192.0,90389
2021-06-22 09:54:04,4192.0,90389
2021-06-22 09:54:05,4192.0,90393
2021-06-22 09:54:06,4192.0,90393
2021-06-22 09:54:07,4192.0,90394
2021-06-22 09:54:08,4192.0,90394
2021-06-22 09:54:09,4192.0,90394
2021-06-22 09:54:10,4192.0,90395
2021-06-22 09:54:11,4192.0,90400
2021-06-22 09:54:12,4192.0,90405
2021-06-22 09:54:14,4192.0,90405
2021-06-22 09:54:15,4192.0,90405
2021-06-22 09:54:16,4191.0,90415
2021-06-22 09:54:17,4191.0,90415
2021-06-22 09:54:18,4191.0,90415
2021-06-22 09:54:19,4192.0,90417
2021-06-22 09:54:20,4192.0,90417
2021-06-22 09:54:21,4191.0,90420
2021-06-22 09:54:22,4191.0,90430
2021-06-22 09:54:24,4192.0,90433
2021-06-22 09:54:25,4191.0,90452
2021-06-22 09:54:26,4191.0,90452
2021-06-22 09:54:26,4192.0,90519
2021-06-22 09:54:27,4192.0,90521
2021-06-22 09:54:28,4192.0,90522
2021-06-22 09:54:30,4191.15,90638
2021-06-22 09:54:31,4191.15,90638
2021-06-22 09:54:32,4193.3,90643
2021-06-22 09:54:33,4193.3,90643
2021-06-22 09:54:34,4193.3,90643
2021-06-22 09:54:35,4193.3,90643
2021-06-22 09:54:37,4193.3,90643
2021-06-22 09:54:37,4193.3,90643
2021-06-22 09:54:39,4193.3,90678
2021-06-22 09:54:42,4192.0,90703
2021-06-22 09:54:43,4191.9,90813
2021-06-22 09:54:44,4191.9,90813
2021-06-22 09:54:45,4191.9,90813
2021-06-22 09:54:48,4191.0,90814
2021-06-22 09:54:48,4191.0,90814
2021-06-22 09:54:49,4191.0,90814
2021-06-22 09:54:50,4192.0,90824
2021-06-22 09:54:51,4192.0,90834
2021-06-22 09:54:52,4191.0,90884
2021-06-22 09:54:53,4191.0,90884
2021-06-22 09:54:54,4191.0,90884
2021-06-22 09:54:55,4191.0,90894
2021-06-22 09:54:57,4191.0,90894
2021-06-22 09:54:57,4192.0,90920
2021-06-22 09:54:59,4192.0,90920
2021-06-22 09:54:59,4193.55,90921
2021-06-22 09:55:00,4193.75,90971
2021-06-22 09:55:01,4193.75,90971
2021-06-22 09:55:02,4193.75,90971
2021-06-22 09:55:03,4193.75,90971
2021-06-22 09:55:04,4193.55,90980
2021-06-22 09:55:06,4193.55,90980
2021-06-22 09:55:07,4193.55,91060
2021-06-22 09:55:08,4193.55,91060
2021-06-22 09:55:09,4193.55,91060
2021-06-22 09:55:11,4193.55,91061
2021-06-22 09:55:11,4193.55,91061
2021-06-22 09:55:12,4193.55,91061
2021-06-22 09:55:13,4193.55,91061
2021-06-22 09:55:14,4193.55,91061
2021-06-22 09:55:15,4193.55,91061
2021-06-22 09:55:16,4193.55,91061
2021-06-22 09:55:17,4193.55,91061
2021-06-22 09:55:18,4193.55,91061
2021-06-22 09:55:19,4194.0,91212
2021-06-22 09:55:20,4194.0,91212
2021-06-22 09:55:21,4194.0,91212
2021-06-22 09:55:23,4194.0,91212
2021-06-22 09:55:23,4194.0,91212
2021-06-22 09:55:24,4193.0,91237
2021-06-22 09:55:25,4193.0,91237
2021-06-22 09:55:26,4193.0,91237
2021-06-22 09:55:27,4193.0,91237
2021-06-22 09:55:28,4193.0,91237
2021-06-22 09:55:29,4193.0,91237
2021-06-22 09:55:31,4193.0,91237
2021-06-22 09:55:32,4193.0,91247
2021-06-22 09:55:33,4193.0,91247
2021-06-22 09:55:34,4194.0,91409
2021-06-22 09:55:35,4194.0,91409
2021-06-22 09:55:37,4193.0,91411
2021-06-22 09:55:37,4193.0,91411
2021-06-22 09:55:40,4193.0,91461
2021-06-22 09:55:41,4193.0,91461
2021-06-22 09:55:42,4193.0,91461
2021-06-22 09:55:43,4191.5,91484
2021-06-22 09:55:44,4191.5,91484
2021-06-22 09:55:45,4191.5,91484
2021-06-22 09:55:46,4191.5,91484
2021-06-22 09:55:47,4191.5,91484
2021-06-22 09:55:49,4191.5,91484
2021-06-22 09:55:51,4191.5,91524
2021-06-22 09:55:52,4191.5,91524
2021-06-22 09:55:52,4191.5,91524
2021-06-22 09:55:53,4191.5,91524
2021-06-22 09:55:56,4191.5,91530
2021-06-22 09:55:57,4191.5,91530
2021-06-22 09:55:58,4191.5,91530
2021-06-22 09:56:00,4191.5,91530
2021-06-22 09:56:00,4191.5,91530
2021-06-22 09:56:01,4191.5,91531
2021-06-22 09:56:02,4191.5,91531
2021-06-22 09:56:03,4191.5,91531
2021-06-22 09:56:04,4191.5,91531
2021-06-22 09:56:05,4192.0,91535
2021-06-22 09:56:06,4191.5,91547
2021-06-22 09:56:07,4191.5,91596
2021-06-22 09:56:08,4191.5,91596
2021-06-22 09:56:09,4191.5,91596
2021-06-22 09:56:10,4191.5,91641
2021-06-22 09:56:11,4194.0,91870
2021-06-22 09:56:12,4194.0,91870
2021-06-22 09:56:14,4192.45,91940
2021-06-22 09:56:15,4192.45,91940
2021-06-22 09:56:15,4192.45,91940
2021-06-22 09:56:16,4192.45,91940
2021-06-22 09:56:17,4195.0,92140
2021-06-22 09:56:18,4195.0,92200
2021-06-22 09:56:19,4194.4,92231
2021-06-22 09:56:20,4195.95,92277
2021-06-22 09:56:22,4195.95,92277
2021-06-22 09:56:23,4195.95,92277
2021-06-22 09:56:26,4193.6,92279
2021-06-22 09:56:27,4193.6,92279
2021-06-22 09:56:28,4195.95,92282
2021-06-22 09:56:29,4195.95,92282
2021-06-22 09:56:29,4195.95,92282
2021-06-22 09:56:30,4195.95,92284
2021-06-22 09:56:31,4195.8,92291
2021-06-22 09:56:32,4195.8,92291
2021-06-22 09:56:33,4195.8,92291
2021-06-22 09:56:34,4196.0,92391
2021-06-22 09:56:35,4196.0,92391
2021-06-22 09:56:36,4195.0,92411
2021-06-22 09:56:37,4195.0,92411
2021-06-22 09:56:38,4193.6,92422
2021-06-22 09:56:39,4193.6,92422
2021-06-22 09:56:40,4193.6,92422
2021-06-22 09:56:41,4195.6,92435
2021-06-22 09:56:42,4196.1,92485
2021-06-22 09:56:43,4196.1,92485
2021-06-22 09:56:44,4196.1,92485
2021-06-22 09:56:45,4196.1,92485
2021-06-22 09:56:46,4196.1,92485
2021-06-22 09:56:47,4196.1,92485
2021-06-22 09:56:48,4196.1,92485
2021-06-22 09:56:49,4195.6,92515
2021-06-22 09:56:50,4195.6,92515
2021-06-22 09:56:51,4195.6,92516
2021-06-22 09:56:52,4195.6,92516
2021-06-22 09:56:53,4195.6,92516
2021-06-22 09:56:54,4195.6,92516
2021-06-22 09:56:55,4193.75,92518
2021-06-22 09:56:56,4193.75,92518
2021-06-22 09:56:57,4193.75,92518
2021-06-22 09:56:58,4193.75,92518
2021-06-22 09:57:00,4193.75,92518
2021-06-22 09:57:01,4193.75,92518
2021-06-22 09:57:02,4193.75,92518
2021-06-22 09:57:04,4195.6,92519
2021-06-22 09:57:04,4195.6,92519
2021-06-22 09:57:05,4195.6,92519
2021-06-22 09:57:06,4195.6,92529
2021-06-22 09:57:08,4195.6,92534
2021-06-22 09:57:09,4193.8,92536
2021-06-22 09:57:11,4193.8,92546
2021-06-22 09:57:12,4193.75,92552
2021-06-22 09:57:14,4193.75,92552
2021-06-22 09:57:14,4195.6,92554
2021-06-22 09:57:15,4195.0,92658
2021-06-22 09:57:16,4195.0,92658
2021-06-22 09:57:17,4195.6,92664
2021-06-22 09:57:18,4195.6,92664
2021-06-22 09:57:19,4195.6,92664
2021-06-22 09:57:23,4195.6,92664
2021-06-22 09:57:24,4195.6,92694
2021-06-22 09:57:25,4195.6,92719
2021-06-22 09:57:26,4195.6,92719
2021-06-22 09:57:26,4194.2,92823
2021-06-22 09:57:27,4194.2,92823
2021-06-22 09:57:28,4194.2,92823
2021-06-22 09:57:29,4194.2,92823
2021-06-22 09:57:31,4194.2,92823
2021-06-22 09:57:34,4194.0,92826
2021-06-22 09:57:35,4194.0,92826
2021-06-22 09:57:35,4194.0,92826
2021-06-22 09:57:36,4194.0,92826
2021-06-22 09:57:37,4194.0,92826
2021-06-22 09:57:38,4194.0,92826
2021-06-22 09:57:39,4194.0,92826
2021-06-22 09:57:40,4194.0,92826
2021-06-22 09:57:41,4194.0,92826
2021-06-22 09:57:42,4194.0,92826
2021-06-22 09:57:44,4193.8,92851
2021-06-22 09:57:45,4194.2,92854
2021-06-22 09:57:46,4194.2,92854
2021-06-22 09:57:46,4194.2,92854
2021-06-22 09:57:47,4194.2,92854
2021-06-22 09:57:48,4194.2,92854
2021-06-22 09:57:49,4194.2,92854
2021-06-22 09:57:50,4194.2,92854
2021-06-22 09:57:51,4194.0,92885
2021-06-22 09:57:52,4193.8,92905
2021-06-22 09:57:53,4193.8,92956
2021-06-22 09:57:54,4193.8,92956
2021-06-22 09:57:55,4193.8,92956
2021-06-22 09:57:56,4193.8,92956
2021-06-22 09:57:58,4193.8,92956
2021-06-22 09:57:58,4193.8,92956
2021-06-22 09:58:00,4193.8,92956
2021-06-22 09:58:01,4193.8,92964
2021-06-22 09:58:01,4193.8,92966
2021-06-22 09:58:02,4193.75,92993
2021-06-22 09:58:03,4193.75,92993
2021-06-22 09:58:05,4193.8,93112
2021-06-22 09:58:06,4194.2,93115
2021-06-22 09:58:07,4193.75,93116
2021-06-22 09:58:07,4193.75,93116
2021-06-22 09:58:08,4193.75,93116
2021-06-22 09:58:09,4193.75,93116
2021-06-22 09:58:10,4193.75,93116
2021-06-22 09:58:11,4193.75,93131
2021-06-22 09:58:12,4193.75,93131
2021-06-22 09:58:14,4194.2,93132
2021-06-22 09:58:14,4194.2,93132
2021-06-22 09:58:15,4194.2,93132
2021-06-22 09:58:16,4193.8,93135
2021-06-22 09:58:17,4193.8,93135
2021-06-22 09:58:18,4193.8,93135
2021-06-22 09:58:19,4193.8,93135
2021-06-22 09:58:20,4193.0,93265
2021-06-22 09:58:21,4193.95,93268
2021-06-22 09:58:22,4193.95,93268
2021-06-22 09:58:23,4193.95,93268
2021-06-22 09:58:24,4193.95,93268
2021-06-22 09:58:25,4193.95,93268
2021-06-22 09:58:26,4193.95,93268
2021-06-22 09:58:28,4192.0,93273
2021-06-22 09:58:29,4192.0,93273
2021-06-22 09:58:30,4193.9,93392
2021-06-22 09:58:31,4192.0,93408
2021-06-22 09:58:32,4192.0,93408
2021-06-22 09:58:34,4192.0,93408
2021-06-22 09:58:35,4192.0,93408
2021-06-22 09:58:37,4192.0,93443
2021-06-22 09:58:38,4192.0,93443
2021-06-22 09:58:39,4193.8,93454
2021-06-22 09:58:39,4193.8,93454
2021-06-22 09:58:40,4192.0,93462
2021-06-22 09:58:41,4192.0,93462
2021-06-22 09:58:42,4192.0,93462
2021-06-22 09:58:43,4192.0,93462
2021-06-22 09:58:44,4192.0,93462
2021-06-22 09:58:45,4192.0,93462
2021-06-22 09:58:46,4192.0,93462
2021-06-22 09:58:48,4193.75,93874
2021-06-22 09:58:49,4195.0,93995
2021-06-22 09:58:50,4195.0,93995
2021-06-22 09:58:51,4196.0,94020
2021-06-22 09:58:52,4196.0,94020
2021-06-22 09:58:53,4196.0,94021
2021-06-22 09:58:56,4195.0,94091
2021-06-22 09:58:57,4196.0,94092
2021-06-22 09:58:58,4196.0,94092
2021-06-22 09:58:58,4196.0,94092
2021-06-22 09:59:00,4196.0,94092
2021-06-22 09:59:01,4196.0,94092
2021-06-22 09:59:01,4196.0,94092
2021-06-22 09:59:03,4196.0,94092
2021-06-22 09:59:04,4195.0,94093
2021-06-22 09:59:05,4195.0,94093
2021-06-22 09:59:05,4196.0,94095
2021-06-22 09:59:07,4196.0,94175
2021-06-22 09:59:08,4196.0,94180
2021-06-22 09:59:09,4196.0,94180
2021-06-22 09:59:10,4196.0,94180
2021-06-22 09:59:11,4196.0,94180
2021-06-22 09:59:12,4196.0,94180
2021-06-22 09:59:13,4196.0,94180
2021-06-22 09:59:13,4196.0,94180
2021-06-22 09:59:15,4196.0,94180
2021-06-22 09:59:15,4196.0,94180
2021-06-22 09:59:17,4196.0,94180
2021-06-22 09:59:18,4196.0,94180
2021-06-22 09:59:19,4196.0,94180
2021-06-22 09:59:20,4196.0,94180
2021-06-22 09:59:22,4193.75,94190
2021-06-22 09:59:23,4204.0,96261
2021-06-22 09:59:23,4209.0,100188
2021-06-22 09:59:24,4215.0,105438
2021-06-22 09:59:25,4220.95,111937
2021-06-22 09:59:27,4216.6,115790
2021-06-22 09:59:28,4215.8,116028
2021-06-22 09:59:29,4212.0,116043
2021-06-22 09:59:30,4210.4,116108
2021-06-22 09:59:31,4205.25,116361
2021-06-22 09:59:32,4204.3,116533
2021-06-22 09:59:33,4200.75,116538
2021-06-22 09:59:34,4200.5,116540
2021-06-22 09:59:36,4200.0,116702
2021-06-22 09:59:36,4200.0,116702
2021-06-22 09:59:38,4201.5,116707
2021-06-22 09:59:39,4200.0,116709
2021-06-22 09:59:40,4200.0,116709
2021-06-22 09:59:41,4199.05,116752
2021-06-22 09:59:41,4199.8,116946
2021-06-22 09:59:43,4200.8,116971
2021-06-22 09:59:45,4199.45,117050
2021-06-22 09:59:45,4199.45,117050
2021-06-22 09:59:47,4199.5,117150
2021-06-22 09:59:48,4199.5,117150
2021-06-22 09:59:48,4199.5,117150
2021-06-22 09:59:50,4195.25,117254
2021-06-22 09:59:51,4195.25,117254
2021-06-22 09:59:52,4197.65,117255
2021-06-22 09:59:53,4195.3,117257
2021-06-22 09:59:54,4197.75,117270
2021-06-22 09:59:54,4197.75,117270
2021-06-22 09:59:55,4197.75,117271
2021-06-22 09:59:57,4197.65,117427
2021-06-22 09:59:58,4197.65,117439
2021-06-22 09:59:59,4197.65,117439
2021-06-22 10:00:00,4197.65,117439
2021-06-22 10:00:01,4196.0,117507
2021-06-22 10:00:02,4196.0,117507
2021-06-22 10:00:03,4196.0,117507
2021-06-22 10:00:04,4196.0,117507
2021-06-22 10:00:05,4195.25,117560
2021-06-22 10:00:06,4195.25,117561
2021-06-22 10:00:07,4195.25,117561
2021-06-22 10:00:08,4197.1,117811
2021-06-22 10:00:08,4197.1,117811
2021-06-22 10:00:09,4197.1,117819
2021-06-22 10:00:10,4197.05,117851
2021-06-22 10:00:11,4197.05,117851
2021-06-22 10:00:12,4197.1,117871
2021-06-22 10:00:14,4195.35,117901
2021-06-22 10:00:16,4195.25,117917
2021-06-22 10:00:17,4197.1,117925
2021-06-22 10:00:18,4197.1,117926
2021-06-22 10:00:19,4197.1,117926
2021-06-22 10:00:20,4196.0,117961
2021-06-22 10:00:20,4196.0,117961
2021-06-22 10:00:21,4195.0,118011
2021-06-22 10:00:22,4195.0,118011
2021-06-22 10:00:23,4195.05,118012
2021-06-22 10:00:25,4195.0,118039
2021-06-22 10:00:26,4195.0,118039
2021-06-22 10:00:28,4195.0,118039
2021-06-22 10:00:29,4195.0,118039
2021-06-22 10:00:30,4196.0,118058
2021-06-22 10:00:32,4196.0,118058
2021-06-22 10:00:32,4196.0,118058
2021-06-22 10:00:33,4196.0,118058
2021-06-22 10:00:35,4195.0,118228
2021-06-22 10:00:36,4196.75,118238
2021-06-22 10:00:36,4196.8,118258
2021-06-22 10:00:38,4196.8,118258
2021-06-22 10:00:40,4196.8,118268
2021-06-22 10:00:41,4196.8,118268
2021-06-22 10:00:43,4196.8,118269
2021-06-22 10:00:44,4196.85,118329
2021-06-22 10:00:45,4196.85,118329
2021-06-22 10:00:46,4196.85,118363
2021-06-22 10:00:48,4196.85,118375
2021-06-22 10:00:49,4196.85,118380
2021-06-22 10:00:50,4196.85,118390
2021-06-22 10:00:51,4196.85,118390
2021-06-22 10:00:52,4196.85,118390
2021-06-22 10:00:53,4196.8,118400
2021-06-22 10:00:55,4196.9,118496
2021-06-22 10:00:56,4196.8,118497
2021-06-22 10:00:57,4196.8,118497
2021-06-22 10:00:58,4196.8,118497
2021-06-22 10:00:59,4196.8,118497
2021-06-22 10:01:00,4196.8,118497
2021-06-22 10:01:01,4197.1,118835
2021-06-22 10:01:02,4201.45,119185
2021-06-22 10:01:02,4201.45,119185
2021-06-22 10:01:03,4201.45,119185
2021-06-22 10:01:05,4203.15,119350
2021-06-22 10:01:05,4203.15,119350
2021-06-22 10:01:06,4203.15,119350
2021-06-22 10:01:08,4203.15,119350
2021-06-22 10:01:09,4200.9,119361
2021-06-22 10:01:10,4200.9,119361
2021-06-22 10:01:11,4202.4,119363
2021-06-22 10:01:12,4202.4,119363
2021-06-22 10:01:13,4202.4,119363
2021-06-22 10:01:14,4200.0,119390
2021-06-22 10:01:15,4202.55,119512
2021-06-22 10:01:16,4202.55,119512
2021-06-22 10:01:17,4202.5,119513
2021-06-22 10:01:18,4202.5,119513
2021-06-22 10:01:19,4202.0,119516
2021-06-22 10:01:20,4202.0,119516
2021-06-22 10:01:21,4202.0,119516
2021-06-22 10:01:22,4202.0,119516
2021-06-22 10:01:23,4202.0,119518
2021-06-22 10:01:24,4202.0,119518
2021-06-22 10:01:26,4202.0,119582
2021-06-22 10:01:27,4200.85,119583
2021-06-22 10:01:28,4202.0,119587
2021-06-22 10:01:29,4202.0,119587
2021-06-22 10:01:30,4204.1,119588
2021-06-22 10:01:31,4204.1,119588
2021-06-22 10:01:34,4202.0,119595
2021-06-22 10:01:35,4204.0,119746
2021-06-22 10:01:36,4204.0,119746
2021-06-22 10:01:38,4201.65,119750
2021-06-22 10:01:39,4201.65,119750
2021-06-22 10:01:40,4203.8,119762
2021-06-22 10:01:41,4203.8,119762
2021-06-22 10:01:42,4203.8,119762
2021-06-22 10:01:43,4203.8,119762
2021-06-22 10:01:44,4203.8,119762
2021-06-22 10:01:45,4203.8,119762
2021-06-22 10:01:45,4203.8,119762
2021-06-22 10:01:46,4203.8,119762
2021-06-22 10:01:48,4203.8,119774
2021-06-22 10:01:49,4204.0,119829
2021-06-22 10:01:50,4204.0,119829
2021-06-22 10:01:51,4204.0,119829
2021-06-22 10:01:52,4204.0,119829
2021-06-22 10:01:53,4204.0,119829
2021-06-22 10:01:55,4202.05,119830
2021-06-22 10:01:56,4203.8,119835
2021-06-22 10:01:57,4203.8,119835
2021-06-22 10:01:58,4203.8,119835
2021-06-22 10:01:59,4203.8,119837
2021-06-22 10:02:00,4203.8,119837
2021-06-22 10:02:01,4201.65,119857
2021-06-22 10:02:02,4201.65,119857
2021-06-22 10:02:02,4201.65,119857
2021-06-22 10:02:03,4203.5,119858
2021-06-22 10:02:04,4203.5,119858
2021-06-22 10:02:05,4202.0,119860
2021-06-22 10:02:07,4202.0,119860
2021-06-22 10:02:08,4204.55,120110
2021-06-22 10:02:09,4204.55,120110
2021-06-22 10:02:10,4204.55,120110
2021-06-22 10:02:11,4200.0,120376
2021-06-22 10:02:12,4202.65,120377
2021-06-22 10:02:12,4202.65,120377
2021-06-22 10:02:14,4202.65,120377
2021-06-22 10:02:15,4202.6,120478
2021-06-22 10:02:16,4200.1,120479
2021-06-22 10:02:17,4202.6,120540
2021-06-22 10:02:18,4200.25,120541
2021-06-22 10:02:19,4200.25,120541
2021-06-22 10:02:20,4200.25,120541
2021-06-22 10:02:21,4200.25,120541
2021-06-22 10:02:22,4202.45,120542
2021-06-22 10:02:23,4202.45,120542
2021-06-22 10:02:24,4202.4,120548
2021-06-22 10:02:25,4202.4,120548
2021-06-22 10:02:26,4202.4,120555
2021-06-22 10:02:26,4202.4,120555
2021-06-22 10:02:27,4202.4,120555
2021-06-22 10:02:29,4200.0,120780
2021-06-22 10:02:30,4202.45,120851
2021-06-22 10:02:31,4202.45,120851
2021-06-22 10:02:32,4202.45,120851
2021-06-22 10:02:33,4202.45,120851
2021-06-22 10:02:34,4202.45,120851
2021-06-22 10:02:36,4202.45,120851
2021-06-22 10:02:39,4202.45,120851
2021-06-22 10:02:38,4202.45,120851
2021-06-22 10:02:40,4202.45,120851
2021-06-22 10:02:41,4202.45,120851
2021-06-22 10:02:42,4200.0,120856
2021-06-22 10:02:43,4200.0,120856
2021-06-22 10:02:44,4200.0,120856
2021-06-22 10:02:44,4200.0,120856
2021-06-22 10:02:46,4200.0,120856
2021-06-22 10:02:47,4200.0,120856
2021-06-22 10:02:48,4200.0,120856
2021-06-22 10:02:49,4200.0,120861
2021-06-22 10:02:50,4200.0,120941
2021-06-22 10:02:51,4200.0,120946
2021-06-22 10:02:52,4200.0,120946
2021-06-22 10:02:53,4200.2,120948
2021-06-22 10:02:54,4200.0,120951
2021-06-22 10:02:56,4200.0,120951
2021-06-22 10:02:57,4200.2,120952
2021-06-22 10:02:59,4200.2,120952
2021-06-22 10:03:00,4200.0,120973
2021-06-22 10:03:01,4198.0,121495
2021-06-22 10:03:02,4198.0,121515
2021-06-22 10:03:03,4198.0,121515
2021-06-22 10:03:04,4198.0,121515
2021-06-22 10:03:05,4198.0,121515
2021-06-22 10:03:06,4198.0,121518
2021-06-22 10:03:08,4198.0,121519
2021-06-22 10:03:10,4198.0,121519
2021-06-22 10:03:09,4198.0,121519
2021-06-22 10:03:12,4198.95,121625
2021-06-22 10:03:13,4197.0,121644
2021-06-22 10:03:14,4198.9,121654
2021-06-22 10:03:15,4198.9,121654
2021-06-22 10:03:16,4198.9,121654
2021-06-22 10:03:17,4197.0,121804
2021-06-22 10:03:18,4197.0,121804
2021-06-22 10:03:19,4198.9,121819
2021-06-22 10:03:20,4198.9,121819
2021-06-22 10:03:21,4198.9,121819
2021-06-22 10:03:22,4198.9,121819
2021-06-22 10:03:23,4197.0,121846
2021-06-22 10:03:24,4197.0,121846
2021-06-22 10:03:25,4197.0,121846
2021-06-22 10:03:27,4197.0,121846
2021-06-22 10:03:28,4197.0,121846
2021-06-22 10:03:29,4197.05,121847
2021-06-22 10:03:30,4197.05,121847
2021-06-22 10:03:32,4198.9,121867
2021-06-22 10:03:33,4198.9,121887
2021-06-22 10:03:34,4198.9,121908
2021-06-22 10:03:35,4198.9,121908
2021-06-22 10:03:36,4198.9,121908
2021-06-22 10:03:37,4198.9,121908
2021-06-22 10:03:38,4198.9,121908
2021-06-22 10:03:39,4198.9,121908
2021-06-22 10:03:40,4197.0,121934
2021-06-22 10:03:42,4198.85,121936
2021-06-22 10:03:43,4198.85,121936
2021-06-22 10:03:44,4198.85,121936
2021-06-22 10:03:45,4198.85,121937
2021-06-22 10:03:46,4197.05,121938
2021-06-22 10:03:47,4198.85,121944
2021-06-22 10:03:48,4198.85,121944
2021-06-22 10:03:49,4198.85,121944
2021-06-22 10:03:50,4198.85,121944
2021-06-22 10:03:51,4198.85,121944
2021-06-22 10:03:53,4198.85,121944
2021-06-22 10:03:54,4198.85,121944
2021-06-22 10:03:55,4198.85,121944
2021-06-22 10:03:56,4198.85,121944
2021-06-22 10:03:57,4198.85,121944
2021-06-22 10:03:58,4197.0,121968
2021-06-22 10:03:59,4197.0,121968
2021-06-22 10:04:00,4197.0,121968
2021-06-22 10:04:04,4197.0,121968
2021-06-22 10:04:05,4198.8,121983
2021-06-22 10:04:06,4198.8,121983
2021-06-22 10:04:07,4198.8,121983
2021-06-22 10:04:08,4198.8,121983
2021-06-22 10:04:09,4198.8,121983
2021-06-22 10:04:11,4198.8,121983
2021-06-22 10:04:10,4198.8,121983
2021-06-22 10:04:12,4197.0,122059
2021-06-22 10:04:13,4197.0,122059
2021-06-22 10:04:14,4197.0,122059
2021-06-22 10:04:16,4197.0,122059
2021-06-22 10:04:17,4197.0,122059
2021-06-22 10:04:19,4197.0,122059
2021-06-22 10:04:20,4197.0,122159
2021-06-22 10:04:21,4197.0,122159
2021-06-22 10:04:22,4198.0,122177
2021-06-22 10:04:23,4198.0,122322
2021-06-22 10:04:24,4198.0,122322
2021-06-22 10:04:25,4198.55,122434
2021-06-22 10:04:26,4198.55,122434
2021-06-22 10:04:27,4196.9,122473
2021-06-22 10:04:28,4196.9,122473
2021-06-22 10:04:29,4196.9,122473
2021-06-22 10:04:30,4196.9,122483
2021-06-22 10:04:31,4196.9,122483
2021-06-22 10:04:32,4198.5,122528
2021-06-22 10:04:33,4196.9,122550
2021-06-22 10:04:35,4196.9,122572
2021-06-22 10:04:36,4197.0,122577
2021-06-22 10:04:38,4197.0,122597
2021-06-22 10:04:39,4197.0,122599
2021-06-22 10:04:40,4197.0,122599
2021-06-22 10:04:41,4196.9,122611
2021-06-22 10:04:42,4197.0,122621
2021-06-22 10:04:43,4197.0,122621
2021-06-22 10:04:44,4197.0,122621
2021-06-22 10:04:45,4196.8,122648
2021-06-22 10:04:46,4196.8,122648
2021-06-22 10:04:48,4196.8,122667
2021-06-22 10:04:49,4196.6,122668
2021-06-22 10:04:50,4196.6,122677
2021-06-22 10:04:52,4196.6,122677
2021-06-22 10:04:53,4196.6,122677
2021-06-22 10:04:54,4196.6,122677
2021-06-22 10:04:55,4196.6,122677
2021-06-22 10:04:56,4197.0,122732
2021-06-22 10:04:57,4197.0,122732
2021-06-22 10:04:59,4196.0,122741
2021-06-22 10:05:01,4198.45,123026
2021-06-22 10:05:02,4196.4,123030
2021-06-22 10:05:03,4196.4,123030
2021-06-22 10:05:04,4196.4,123067
2021-06-22 10:05:05,4196.25,123076
2021-06-22 10:05:05,4196.25,123076
2021-06-22 10:05:06,4196.15,123080
2021-06-22 10:05:07,4196.2,123083
2021-06-22 10:05:08,4196.15,123098
2021-06-22 10:05:09,4196.5,123106
2021-06-22 10:05:10,4198.2,123136
2021-06-22 10:05:11,4196.15,123145
2021-06-22 10:05:12,4198.15,123146
2021-06-22 10:05:13,4197.0,123156
2021-06-22 10:05:14,4197.0,123156
2021-06-22 10:05:16,4198.15,123160
2021-06-22 10:05:17,4198.15,123210
2021-06-22 10:05:19,4197.0,123211
2021-06-22 10:05:19,4197.0,123211
2021-06-22 10:05:20,4196.65,123262
2021-06-22 10:05:21,4198.2,123284
2021-06-22 10:05:22,4196.65,123490
2021-06-22 10:05:23,4196.65,123490
2021-06-22 10:05:24,4196.6,123494
2021-06-22 10:05:25,4198.2,123499
2021-06-22 10:05:26,4196.15,123507
2021-06-22 10:05:27,4196.15,123507
2021-06-22 10:05:28,4196.15,123507
2021-06-22 10:05:29,4196.15,123507
2021-06-22 10:05:30,4196.15,123507
2021-06-22 10:05:31,4196.15,123507
2021-06-22 10:05:32,4196.15,123507
2021-06-22 10:05:33,4196.15,123507
2021-06-22 10:05:35,4196.1,123509
2021-06-22 10:05:36,4196.1,123509
2021-06-22 10:05:37,4198.15,123520
2021-06-22 10:05:38,4198.15,123520
2021-06-22 10:05:40,4196.1,123523
2021-06-22 10:05:41,4196.1,123523
2021-06-22 10:05:41,4196.1,123523
2021-06-22 10:05:43,4196.1,123523
2021-06-22 10:05:43,4196.1,123523
2021-06-22 10:05:44,4197.7,123869
2021-06-22 10:05:46,4195.2,123969
2021-06-22 10:05:48,4195.3,123988
2021-06-22 10:05:50,4195.45,123993
2021-06-22 10:05:50,4198.15,123995
2021-06-22 10:05:52,4198.15,123995
2021-06-22 10:05:54,4198.15,123995
2021-06-22 10:05:55,4198.15,123995
2021-06-22 10:05:56,4198.15,123995
2021-06-22 10:05:58,4195.4,124026
2021-06-22 10:06:00,4195.4,124026
2021-06-22 10:06:00,4195.4,124026
2021-06-22 10:06:01,4198.0,124426
2021-06-22 10:06:02,4198.0,124426
2021-06-22 10:06:03,4198.0,124517
2021-06-22 10:06:04,4198.0,124607
2021-06-22 10:06:06,4198.0,124725
2021-06-22 10:06:07,4198.0,124743
2021-06-22 10:06:07,4198.0,124752
2021-06-22 10:06:08,4198.0,124772
2021-06-22 10:06:09,4198.0,124772
2021-06-22 10:06:10,4198.0,124772
2021-06-22 10:06:11,4198.0,124772
2021-06-22 10:06:12,4198.05,124773
2021-06-22 10:06:14,4198.05,124798
2021-06-22 10:06:15,4198.0,124829
2021-06-22 10:06:16,4198.05,124832
2021-06-22 10:06:17,4198.0,125879
2021-06-22 10:06:18,4198.0,125879
2021-06-22 10:06:19,4198.0,125879
2021-06-22 10:06:20,4198.0,126033
2021-06-22 10:06:21,4198.0,126081
2021-06-22 10:06:23,4198.0,126089
2021-06-22 10:06:24,4198.0,126385
2021-06-22 10:06:25,4198.0,126385
2021-06-22 10:06:26,4198.0,126425
2021-06-22 10:06:27,4198.05,126475
2021-06-22 10:06:28,4198.0,126483
2021-06-22 10:06:29,4198.0,126483
2021-06-22 10:06:30,4198.0,126483
2021-06-22 10:06:31,4198.0,126483
2021-06-22 10:06:31,4198.0,126483
2021-06-22 10:06:33,4198.0,126483
2021-06-22 10:06:34,4198.05,126533
2021-06-22 10:06:35,4198.05,126555
2021-06-22 10:06:35,4198.05,126555
2021-06-22 10:06:37,4195.0,127183
2021-06-22 10:06:38,4198.0,127304
2021-06-22 10:06:39,4198.05,127414
2021-06-22 10:06:40,4198.05,127419
2021-06-22 10:06:41,4198.0,127436
2021-06-22 10:06:43,4198.1,133337
2021-06-22 10:06:44,4198.1,133337
2021-06-22 10:06:45,4198.0,133969
2021-06-22 10:06:46,4198.0,134744
2021-06-22 10:06:47,4198.0,134918
2021-06-22 10:06:49,4198.0,134953
2021-06-22 10:06:50,4198.05,134965
2021-06-22 10:06:52,4198.0,134969
2021-06-22 10:06:53,4198.0,135546
2021-06-22 10:06:54,4198.05,135648
2021-06-22 10:06:56,4198.05,135650
2021-06-22 10:06:56,4198.05,135650
2021-06-22 10:06:57,4198.05,135665
2021-06-22 10:06:58,4198.05,135665
2021-06-22 10:06:59,4198.05,135674
2021-06-22 10:07:00,4198.05,135676
2021-06-22 10:07:01,4198.05,135676
2021-06-22 10:07:02,4198.1,135681
2021-06-22 10:07:03,4198.1,135681
2021-06-22 10:07:05,4198.1,135709
2021-06-22 10:07:06,4198.05,135779
2021-06-22 10:07:07,4198.05,135779
2021-06-22 10:07:07,4197.95,136029
2021-06-22 10:07:09,4198.1,136086
2021-06-22 10:07:09,4198.1,136086
2021-06-22 10:07:10,4198.0,136096
2021-06-22 10:07:11,4198.1,136111
2021-06-22 10:07:12,4198.1,136111
2021-06-22 10:07:13,4198.0,136124
2021-06-22 10:07:14,4198.0,136124
2021-06-22 10:07:15,4198.0,136124
2021-06-22 10:07:16,4198.0,136124
2021-06-22 10:07:19,4198.0,136125
2021-06-22 10:07:20,4198.0,136125
2021-06-22 10:07:20,4198.0,136125
2021-06-22 10:07:21,4198.0,136125
2021-06-22 10:07:22,4198.0,136125
2021-06-22 10:07:25,4198.35,136859
2021-06-22 10:07:26,4198.1,136915
2021-06-22 10:07:27,4198.0,136969
2021-06-22 10:07:28,4198.0,136969
2021-06-22 10:07:29,4198.0,136980
2021-06-22 10:07:30,4198.35,137020
2021-06-22 10:07:31,4198.0,137032
2021-06-22 10:07:32,4198.0,137187
2021-06-22 10:07:34,4198.0,137205
2021-06-22 10:07:34,4198.0,137205
2021-06-22 10:07:35,4198.0,137214
2021-06-22 10:07:37,4198.0,137214
2021-06-22 10:07:38,4198.0,137216
2021-06-22 10:07:38,4198.0,137216
2021-06-22 10:07:39,4198.0,137495
2021-06-22 10:07:41,4198.0,137541
2021-06-22 10:07:41,4198.0,137552
2021-06-22 10:07:43,4198.0,137552
2021-06-22 10:07:44,4198.0,137552
2021-06-22 10:07:45,4198.0,137552
2021-06-22 10:07:46,4198.0,137552
2021-06-22 10:07:47,4198.0,137552
2021-06-22 10:07:49,4198.0,137552
2021-06-22 10:07:51,4198.0,137552
2021-06-22 10:07:51,4198.0,137552
2021-06-22 10:07:52,4198.0,137552
2021-06-22 10:07:54,4198.0,137552
2021-06-22 10:07:55,4198.0,137552
2021-06-22 10:07:56,4198.0,137552
2021-06-22 10:07:58,4198.0,138460
2021-06-22 10:07:59,4198.0,138460
2021-06-22 10:07:59,4198.0,138594
2021-06-22 10:08:00,4198.0,138594
2021-06-22 10:08:01,4198.0,138654
2021-06-22 10:08:02,4198.0,138654
2021-06-22 10:08:03,4198.0,138666
2021-06-22 10:08:04,4198.0,138666
2021-06-22 10:08:05,4198.0,138666
2021-06-22 10:08:07,4198.0,138666
2021-06-22 10:08:08,4198.0,138666
2021-06-22 10:08:08,4198.0,138666
2021-06-22 10:08:09,4198.0,138666
2021-06-22 10:08:10,4198.0,138786
2021-06-22 10:08:11,4198.0,138786
2021-06-22 10:08:12,4198.0,138791
2021-06-22 10:08:14,4198.0,138825
2021-06-22 10:08:15,4198.0,138842
2021-06-22 10:08:17,4198.0,138842
2021-06-22 10:08:17,4198.0,138842
2021-06-22 10:08:18,4198.0,138842
2021-06-22 10:08:19,4198.35,138961
2021-06-22 10:08:20,4198.0,138973
2021-06-22 10:08:21,4198.0,139008
2021-06-22 10:08:22,4198.0,139008
2021-06-22 10:08:23,4198.0,139008
2021-06-22 10:08:25,4198.0,140320
2021-06-22 10:08:26,4198.0,140696
2021-06-22 10:08:26,4198.0,141850
2021-06-22 10:08:27,4198.0,142321
2021-06-22 10:08:28,4198.0,142837
2021-06-22 10:08:29,4198.0,143246
2021-06-22 10:08:30,4198.0,144082
2021-06-22 10:08:31,4198.0,144525
2021-06-22 10:08:32,4196.45,144540
2021-06-22 10:08:33,4196.45,144540
2021-06-22 10:08:34,4195.1,144972
2021-06-22 10:08:35,4195.2,145021
2021-06-22 10:08:36,4197.2,145050
2021-06-22 10:08:37,4195.15,145051
2021-06-22 10:08:38,4195.1,145057
2021-06-22 10:08:39,4195.1,145057
2021-06-22 10:08:41,4195.0,145343
2021-06-22 10:08:43,4195.0,145343
2021-06-22 10:08:44,4195.0,145356
2021-06-22 10:08:45,4195.0,145356
2021-06-22 10:08:45,4195.0,145356
2021-06-22 10:08:46,4196.4,145357
2021-06-22 10:08:48,4196.4,145357
2021-06-22 10:08:49,4196.4,145357
2021-06-22 10:08:50,4196.4,145382
2021-06-22 10:08:52,4196.4,145382
2021-06-22 10:08:53,4196.4,145382
2021-06-22 10:08:54,4196.4,145382
2021-06-22 10:08:55,4196.35,145383
2021-06-22 10:08:57,4196.35,145383
2021-06-22 10:08:57,4196.35,145383
2021-06-22 10:08:59,4196.35,145383
2021-06-22 10:09:01,4196.35,145383
2021-06-22 10:09:02,4195.1,145633
2021-06-22 10:09:04,4195.0,145919
2021-06-22 10:09:05,4196.2,145924
2021-06-22 10:09:07,4195.0,145968
2021-06-22 10:09:08,4195.0,145968
2021-06-22 10:09:09,4195.0,145976
2021-06-22 10:09:10,4195.0,145976
2021-06-22 10:09:11,4195.0,145976
2021-06-22 10:09:12,4196.2,146053
2021-06-22 10:09:13,4196.2,146053
2021-06-22 10:09:14,4196.2,146053
2021-06-22 10:09:15,4195.0,146064
2021-06-22 10:09:16,4195.0,146064
2021-06-22 10:09:17,4196.2,146084
2021-06-22 10:09:19,4196.2,146090
2021-06-22 10:09:20,4196.2,146090
2021-06-22 10:09:21,4196.2,146130
2021-06-22 10:09:22,4196.2,146130
2021-06-22 10:09:24,4196.2,146130
2021-06-22 10:09:25,4196.2,146130
2021-06-22 10:09:26,4196.2,146130
2021-06-22 10:09:27,4196.2,146130
2021-06-22 10:09:29,4196.2,146130
2021-06-22 10:09:30,4196.2,146180
2021-06-22 10:09:32,4196.2,146180
2021-06-22 10:09:33,4196.2,146180
2021-06-22 10:09:33,4196.2,146180
2021-06-22 10:09:35,4195.0,146197
2021-06-22 10:09:37,4192.0,147150
2021-06-22 10:09:39,4195.6,147152
2021-06-22 10:09:40,4195.6,147152
2021-06-22 10:09:40,4196.1,147153
2021-06-22 10:09:43,4196.1,147153
2021-06-22 10:09:44,4195.65,147591
2021-06-22 10:09:45,4195.65,147591
2021-06-22 10:09:46,4194.1,147618
2021-06-22 10:09:47,4195.6,147630
2021-06-22 10:09:48,4194.15,147641
2021-06-22 10:09:48,4194.15,147641
2021-06-22 10:09:50,4195.6,147642
2021-06-22 10:09:51,4195.6,147642
2021-06-22 10:09:52,4195.6,147642
2021-06-22 10:09:53,4195.6,147642
2021-06-22 10:09:54,4195.6,147643
2021-06-22 10:09:55,4195.6,147643
2021-06-22 10:09:56,4195.5,147660
2021-06-22 10:09:57,4195.5,147660
2021-06-22 10:09:58,4195.5,147660
2021-06-22 10:10:00,4195.5,147660
2021-06-22 10:10:02,4193.6,147686
2021-06-22 10:10:03,4193.6,147686
2021-06-22 10:10:04,4193.6,147686
2021-06-22 10:10:05,4193.6,147686
2021-06-22 10:10:06,4193.6,147686
2021-06-22 10:10:07,4193.6,147686
2021-06-22 10:10:09,4193.6,147686
2021-06-22 10:10:10,4193.6,147686
2021-06-22 10:10:11,4195.45,147725
2021-06-22 10:10:11,4195.45,147725
2021-06-22 10:10:13,4195.45,147725
2021-06-22 10:10:13,4195.45,147726
2021-06-22 10:10:14,4195.45,147726
2021-06-22 10:10:15,4195.45,147726
2021-06-22 10:10:17,4193.1,147745
2021-06-22 10:10:18,4193.1,147745
2021-06-22 10:10:18,4193.1,147745
2021-06-22 10:10:19,4193.1,147745
2021-06-22 10:10:20,4193.1,147745
2021-06-22 10:10:21,4193.1,147745
2021-06-22 10:10:23,4193.1,147745
2021-06-22 10:10:24,4194.8,147746
2021-06-22 10:10:25,4194.8,147775
2021-06-22 10:10:26,4194.8,147775
2021-06-22 10:10:27,4194.8,147775
2021-06-22 10:10:29,4194.8,147775
2021-06-22 10:10:30,4193.05,147792
2021-06-22 10:10:30,4193.05,147792
2021-06-22 10:10:31,4193.05,147792
2021-06-22 10:10:33,4194.8,147795
2021-06-22 10:10:34,4194.8,147795
2021-06-22 10:10:35,4194.8,147795
2021-06-22 10:10:36,4193.45,147796
2021-06-22 10:10:37,4193.45,147796
2021-06-22 10:10:39,4192.0,147866
2021-06-22 10:10:39,4192.0,147866
2021-06-22 10:10:42,4192.05,147928
2021-06-22 10:10:42,4193.55,147988
2021-06-22 10:10:44,4193.55,147988
2021-06-22 10:10:44,4193.55,147988
2021-06-22 10:10:46,4193.55,148234
2021-06-22 10:10:47,4193.55,148234
2021-06-22 10:10:48,4193.55,148234
2021-06-22 10:10:49,4193.45,148239
2021-06-22 10:10:50,4193.6,148368
2021-06-22 10:10:51,4193.6,148368
2021-06-22 10:10:51,4193.45,148393
2021-06-22 10:10:53,4193.45,148393
2021-06-22 10:10:53,4193.45,148393
2021-06-22 10:10:54,4193.45,148398
2021-06-22 10:10:56,4194.45,148427
2021-06-22 10:10:57,4194.45,148427
2021-06-22 10:10:58,4193.55,148428
2021-06-22 10:10:59,4193.55,148428
2021-06-22 10:11:01,4193.55,148428
2021-06-22 10:11:02,4193.55,148428
2021-06-22 10:11:03,4193.55,148428
2021-06-22 10:11:04,4194.4,148429
2021-06-22 10:11:05,4195.0,148975
2021-06-22 10:11:06,4195.0,148975
2021-06-22 10:11:07,4195.0,148975
2021-06-22 10:11:08,4195.0,148975
2021-06-22 10:11:09,4195.6,148980
2021-06-22 10:11:10,4195.6,148980
2021-06-22 10:11:11,4195.6,149009
2021-06-22 10:11:11,4195.6,149009
2021-06-22 10:11:12,4195.6,149009
2021-06-22 10:11:13,4195.0,149080
2021-06-22 10:11:14,4195.0,149091
2021-06-22 10:11:16,4195.0,149102
2021-06-22 10:11:17,4195.0,149102
2021-06-22 10:11:18,4195.95,149104
