timestamp,ltp,volume
2021-06-22 09:16:31,12224.95,8657
2021-06-22 09:16:35,12232.0,9934
2021-06-22 09:16:40,12241.2,10485
2021-06-22 09:16:46,12232.0,10727
2021-06-22 09:16:56,12228.85,11392
2021-06-22 09:17:01,12227.8,11813
2021-06-22 09:17:06,12236.05,12060
2021-06-22 09:17:11,12233.3,12260
2021-06-22 09:17:17,12235.95,12378
2021-06-22 09:17:22,12240.0,12642
2021-06-22 09:17:27,12233.3,12883
2021-06-22 09:17:32,12233.7,12996
2021-06-22 09:17:37,12238.7,13080
2021-06-22 09:17:42,12247.7,13942
2021-06-22 09:17:47,12262.0,15266
2021-06-22 09:17:52,12260.0,15570
2021-06-22 09:17:58,12259.25,15935
2021-06-22 09:18:04,12259.9,16278
2021-06-22 09:18:09,12244.2,16707
2021-06-22 09:18:14,12248.75,16777
2021-06-22 09:18:20,12250.0,16905
2021-06-22 09:18:25,12255.6,17235
2021-06-22 09:18:30,12249.5,17309
2021-06-22 09:18:35,12242.1,17390
2021-06-22 09:18:40,12240.85,17883
2021-06-22 09:18:45,12235.6,18033
2021-06-22 09:18:50,12237.35,18591
2021-06-22 09:18:55,12225.75,18867
2021-06-22 09:19:00,12229.0,19175
2021-06-22 09:19:05,12225.8,19236
2021-06-22 09:19:10,12229.05,19391
2021-06-22 09:19:15,12234.85,19523
2021-06-22 09:19:20,12227.1,19573
2021-06-22 09:19:24,12228.05,19854
2021-06-22 09:19:29,12233.45,19980
2021-06-22 09:19:34,12235.55,20000
2021-06-22 09:19:39,12250.0,20431
2021-06-22 09:19:44,12242.55,20495
2021-06-22 09:19:49,12248.45,20839
2021-06-22 09:19:54,12252.4,21120
2021-06-22 09:19:59,12250.0,21126
2021-06-22 09:20:03,12252.0,21179
2021-06-22 09:20:08,12251.65,21354
2021-06-22 09:20:13,12246.65,21505
2021-06-22 09:20:18,12243.0,21655
2021-06-22 09:20:23,12240.15,21711
2021-06-22 09:20:28,12240.05,21780
2021-06-22 09:20:33,12240.0,21813
2021-06-22 09:20:38,12245.0,21958
2021-06-22 09:20:42,12239.05,22048
2021-06-22 09:20:47,12241.0,22243
2021-06-22 09:20:52,12243.25,22502
2021-06-22 09:20:57,12241.9,22511
2021-06-22 09:21:01,12242.0,22536
2021-06-22 09:21:06,12239.0,23649
2021-06-22 09:21:11,12236.05,23785
2021-06-22 09:21:15,12240.3,23811
2021-06-22 09:21:20,12233.0,23840
2021-06-22 09:21:25,12233.05,24180
2021-06-22 09:21:30,12234.05,24255
2021-06-22 09:21:35,12235.0,24420
2021-06-22 09:21:38,12232.8,24790
2021-06-22 09:21:39,12228.0,24840
2021-06-22 09:21:40,12224.45,24851
2021-06-22 09:21:41,12232.8,24881
2021-06-22 09:21:42,12232.8,24881
2021-06-22 09:21:43,12228.75,24882
2021-06-22 09:21:44,12228.3,24897
2021-06-22 09:21:45,12233.0,24954
2021-06-22 09:21:46,12226.7,25006
2021-06-22 09:21:47,12231.6,25016
2021-06-22 09:21:48,12231.6,25016
2021-06-22 09:21:49,12231.6,25016
2021-06-22 09:21:50,12231.6,25016
2021-06-22 09:21:51,12233.0,25041
2021-06-22 09:21:52,12233.0,25041
2021-06-22 09:21:53,12228.3,25042
2021-06-22 09:21:54,12228.35,25052
2021-06-22 09:21:55,12228.35,25052
2021-06-22 09:21:56,12228.35,25052
2021-06-22 09:21:57,12220.0,25173
2021-06-22 09:21:58,12229.85,25278
2021-06-22 09:21:59,12229.85,25278
2021-06-22 09:22:00,12229.85,25278
2021-06-22 09:22:01,12224.0,25381
2021-06-22 09:22:02,12230.55,25397
2021-06-22 09:22:03,12230.95,25401
2021-06-22 09:22:05,12223.05,25492
2021-06-22 09:22:06,12221.45,25529
2021-06-22 09:22:07,12221.45,25529
2021-06-22 09:22:08,12221.45,25531
2021-06-22 09:22:09,12213.3,25657
2021-06-22 09:22:10,12219.0,25665
2021-06-22 09:22:11,12211.05,25667
2021-06-22 09:22:12,12214.9,25671
2021-06-22 09:22:13,12216.45,25674
2021-06-22 09:22:14,12212.0,25681
2021-06-22 09:22:15,12212.0,25681
2021-06-22 09:22:17,12212.0,25844
2021-06-22 09:22:18,12212.0,25854
2021-06-22 09:22:19,12211.25,25911
2021-06-22 09:22:20,12213.0,25917
2021-06-22 09:22:21,12221.0,25935
2021-06-22 09:22:22,12216.15,25937
2021-06-22 09:22:23,12216.15,25937
2021-06-22 09:22:24,12221.85,25940
2021-06-22 09:22:25,12216.15,25965
2021-06-22 09:22:26,12216.6,25979
2021-06-22 09:22:27,12223.0,26001
2021-06-22 09:22:28,12208.0,27106
2021-06-22 09:22:29,12200.7,27344
2021-06-22 09:22:30,12199.95,27917
2021-06-22 09:22:31,12203.7,27928
2021-06-22 09:22:32,12205.85,27939
2021-06-22 09:22:33,12199.05,27961
2021-06-22 09:22:34,12206.6,28023
2021-06-22 09:22:35,12206.6,28023
2021-06-22 09:22:36,12206.6,28023
2021-06-22 09:22:37,12205.85,28157
2021-06-22 09:22:38,12205.85,28157
2021-06-22 09:22:39,12208.3,28197
2021-06-22 09:22:40,12208.25,28208
2021-06-22 09:22:42,12208.4,28228
2021-06-22 09:22:43,12204.25,28240
2021-06-22 09:22:44,12209.0,28262
2021-06-22 09:22:44,12210.0,28312
2021-06-22 09:22:45,12216.0,28358
2021-06-22 09:22:46,12218.8,28442
2021-06-22 09:22:47,12218.65,28456
2021-06-22 09:22:48,12212.25,28466
2021-06-22 09:22:49,12210.95,28485
2021-06-22 09:22:50,12210.95,28485
2021-06-22 09:22:51,12215.0,28486
2021-06-22 09:22:52,12211.5,28571
2021-06-22 09:22:53,12211.4,28599
2021-06-22 09:22:54,12211.4,28599
2021-06-22 09:22:55,12210.05,28602
2021-06-22 09:22:56,12210.05,28602
2021-06-22 09:22:59,12216.4,28644
2021-06-22 09:23:00,12216.4,28644
2021-06-22 09:23:01,12214.2,28645
2021-06-22 09:23:02,12214.2,28645
2021-06-22 09:23:03,12221.2,28785
2021-06-22 09:23:05,12215.6,28813
2021-06-22 09:23:06,12218.0,28830
2021-06-22 09:23:07,12223.5,28864
2021-06-22 09:23:08,12223.6,28900
2021-06-22 09:23:08,12223.6,28900
2021-06-22 09:23:09,12225.0,28920
2021-06-22 09:23:11,12226.0,28932
2021-06-22 09:23:12,12226.8,28937
2021-06-22 09:23:13,12226.8,28937
2021-06-22 09:23:14,12227.95,28953
2021-06-22 09:23:14,12232.15,29390
2021-06-22 09:23:15,12235.0,29395
2021-06-22 09:23:16,12235.0,29455
2021-06-22 09:23:17,12235.0,29480
2021-06-22 09:23:18,12235.0,29480
2021-06-22 09:23:19,12232.25,29516
2021-06-22 09:23:20,12233.0,29517
2021-06-22 09:23:21,12233.0,29517
2021-06-22 09:23:22,12233.0,29517
2021-06-22 09:23:23,12233.0,29521
2021-06-22 09:23:24,12240.0,29608
2021-06-22 09:23:25,12234.0,29614
2021-06-22 09:23:26,12224.0,29673
2021-06-22 09:23:27,12228.4,29705
2021-06-22 09:23:28,12228.5,29706
2021-06-22 09:23:29,12230.95,29735
2021-06-22 09:23:30,12230.95,29735
2021-06-22 09:23:31,12230.95,29735
2021-06-22 09:23:32,12222.0,29836
2021-06-22 09:23:33,12221.3,29841
2021-06-22 09:23:35,12221.0,29843
2021-06-22 09:23:35,12221.0,29843
2021-06-22 09:23:37,12225.0,29914
2021-06-22 09:23:38,12221.45,29934
2021-06-22 09:23:38,12221.45,29934
2021-06-22 09:23:40,12221.45,29989
2021-06-22 09:23:41,12221.45,29989
2021-06-22 09:23:41,12221.45,29989
2021-06-22 09:23:43,12228.4,29990
2021-06-22 09:23:44,12228.4,29991
2021-06-22 09:23:45,12228.4,29991
2021-06-22 09:23:46,12228.4,30084
2021-06-22 09:23:47,12230.0,30100
2021-06-22 09:23:49,12229.6,30160
2021-06-22 09:23:50,12229.6,30160
2021-06-22 09:23:51,12228.45,30161
2021-06-22 09:23:52,12227.95,30172
2021-06-22 09:23:53,12228.85,30175
2021-06-22 09:23:53,12228.85,30175
2021-06-22 09:23:54,12221.7,30200
2021-06-22 09:23:55,12221.65,30201
2021-06-22 09:23:56,12229.45,30253
2021-06-22 09:23:57,12229.45,30253
2021-06-22 09:23:58,12230.0,30306
2021-06-22 09:23:59,12222.7,30308
2021-06-22 09:24:00,12222.7,30331
2021-06-22 09:24:01,12222.7,30332
2021-06-22 09:24:02,12222.7,30332
2021-06-22 09:24:03,12222.7,30332
2021-06-22 09:24:04,12229.3,30334
2021-06-22 09:24:05,12229.55,30361
2021-06-22 09:24:06,12229.55,30361
2021-06-22 09:24:07,12220.0,30467
2021-06-22 09:24:08,12222.15,30479
2021-06-22 09:24:09,12219.05,30481
2021-06-22 09:24:10,12219.05,30495
2021-06-22 09:24:12,12219.05,30495
2021-06-22 09:24:11,12219.05,30495
2021-06-22 09:24:14,12217.9,30499
2021-06-22 09:24:15,12217.9,30499
2021-06-22 09:24:16,12217.9,30499
2021-06-22 09:24:17,12220.0,30516
2021-06-22 09:24:18,12220.0,30516
2021-06-22 09:24:18,12220.0,30516
2021-06-22 09:24:19,12216.65,30526
2021-06-22 09:24:21,12216.0,30529
2021-06-22 09:24:22,12216.0,30529
2021-06-22 09:24:23,12216.0,30529
2021-06-22 09:24:24,12215.0,30581
2021-06-22 09:24:25,12218.0,30589
2021-06-22 09:24:26,12218.0,30642
2021-06-22 09:24:27,12217.2,30799
2021-06-22 09:24:28,12217.2,30799
2021-06-22 09:24:28,12216.0,30803
2021-06-22 09:24:29,12215.1,30868
2021-06-22 09:24:30,12220.0,30869
2021-06-22 09:24:31,12220.0,30869
2021-06-22 09:24:32,12224.85,30884
2021-06-22 09:24:33,12224.85,30884
2021-06-22 09:24:34,12224.85,30884
2021-06-22 09:24:35,12224.85,30884
2021-06-22 09:24:37,12224.8,30892
2021-06-22 09:24:38,12224.95,30894
2021-06-22 09:24:39,12224.95,30894
2021-06-22 09:24:40,12224.95,30916
2021-06-22 09:24:41,12224.95,30916
2021-06-22 09:24:42,12230.8,31521
2021-06-22 09:24:44,12226.05,31543
2021-06-22 09:24:44,12226.0,31550
2021-06-22 09:24:45,12226.0,31550
2021-06-22 09:24:46,12226.0,31551
2021-06-22 09:24:48,12225.0,31638
2021-06-22 09:24:50,12227.6,31734
2021-06-22 09:24:51,12227.0,31746
2021-06-22 09:24:53,12230.0,31779
2021-06-22 09:24:53,12230.0,31779
2021-06-22 09:24:54,12230.0,31780
2021-06-22 09:24:56,12230.0,31790
2021-06-22 09:24:56,12230.0,31790
2021-06-22 09:24:57,12220.55,31845
2021-06-22 09:24:58,12225.0,31850
2021-06-22 09:25:00,12226.85,31980
2021-06-22 09:25:02,12226.95,31981
2021-06-22 09:25:03,12226.8,31986
2021-06-22 09:25:04,12226.8,31986
2021-06-22 09:25:05,12226.8,31986
2021-06-22 09:25:06,12229.65,32016
2021-06-22 09:25:07,12229.65,32016
2021-06-22 09:25:08,12229.65,32016
2021-06-22 09:25:09,12229.65,32016
2021-06-22 09:25:10,12229.65,32016
2021-06-22 09:25:11,12225.0,32119
2021-06-22 09:25:12,12229.0,32122
2021-06-22 09:25:13,12224.0,32176
2021-06-22 09:25:14,12224.0,32176
2021-06-22 09:25:15,12224.0,32176
2021-06-22 09:25:16,12229.65,32181
2021-06-22 09:25:17,12225.5,32292
2021-06-22 09:25:18,12225.0,32297
2021-06-22 09:25:19,12225.0,32297
2021-06-22 09:25:20,12222.45,32299
2021-06-22 09:25:21,12222.45,32299
2021-06-22 09:25:23,12222.45,32299
2021-06-22 09:25:24,12225.0,32306
2021-06-22 09:25:25,12226.0,32317
2021-06-22 09:25:25,12226.0,32307
2021-06-22 09:25:26,12228.5,32328
2021-06-22 09:25:27,12220.4,32355
2021-06-22 09:25:28,12228.35,32381
2021-06-22 09:25:29,12228.35,32381
2021-06-22 09:25:30,12228.35,32381
2021-06-22 09:25:31,12228.35,32381
2021-06-22 09:25:32,12224.25,32730
2021-06-22 09:25:34,12224.25,32730
2021-06-22 09:25:36,12214.25,33051
2021-06-22 09:25:37,12220.0,33052
2021-06-22 09:25:38,12213.65,33127
2021-06-22 09:25:38,12213.65,33127
2021-06-22 09:25:39,12216.0,33128
2021-06-22 09:25:40,12213.15,33179
2021-06-22 09:25:42,12220.7,33184
2021-06-22 09:25:43,12220.7,33184
2021-06-22 09:25:45,12215.0,33185
2021-06-22 09:25:46,12215.0,33185
2021-06-22 09:25:49,12224.0,33206
2021-06-22 09:25:50,12224.0,33206
2021-06-22 09:25:50,12224.0,33206
2021-06-22 09:25:51,12216.05,33246
2021-06-22 09:25:52,12222.0,33248
2021-06-22 09:25:53,12222.0,33248
2021-06-22 09:25:54,12215.3,33309
2021-06-22 09:25:56,12221.35,33314
2021-06-22 09:25:57,12222.0,33315
2021-06-22 09:25:59,12222.3,33336
2021-06-22 09:26:00,12216.15,33387
2021-06-22 09:26:01,12216.15,33387
2021-06-22 09:26:01,12216.15,33388
2021-06-22 09:26:02,12216.15,33388
2021-06-22 09:26:04,12218.0,33508
2021-06-22 09:26:04,12218.0,33508
2021-06-22 09:26:05,12218.0,33508
2021-06-22 09:26:06,12223.9,33509
2021-06-22 09:26:07,12219.75,33559
2021-06-22 09:26:09,12219.75,33559
2021-06-22 09:26:10,12219.75,33559
2021-06-22 09:26:11,12219.75,33559
2021-06-22 09:26:12,12219.75,33559
2021-06-22 09:26:13,12219.75,33559
2021-06-22 09:26:14,12218.0,33574
2021-06-22 09:26:15,12218.0,33574
2021-06-22 09:26:16,12218.0,33574
2021-06-22 09:26:17,12218.0,33574
2021-06-22 09:26:18,12222.0,33575
2021-06-22 09:26:19,12222.0,33575
2021-06-22 09:26:20,12222.6,33640
2021-06-22 09:26:21,12222.6,33640
2021-06-22 09:26:22,12218.0,33740
2021-06-22 09:26:23,12217.2,33779
2021-06-22 09:26:23,12217.2,33779
2021-06-22 09:26:24,12217.45,33780
2021-06-22 09:26:25,12228.0,33980
2021-06-22 09:26:26,12228.0,33980
2021-06-22 09:26:28,12227.8,33986
2021-06-22 09:26:27,12228.0,33980
2021-06-22 09:26:29,12221.0,33989
2021-06-22 09:26:30,12227.0,34008
2021-06-22 09:26:31,12227.0,34008
2021-06-22 09:26:32,12227.0,34008
2021-06-22 09:26:33,12227.0,34008
2021-06-22 09:26:34,12227.0,34008
2021-06-22 09:26:35,12227.95,34010
2021-06-22 09:26:37,12232.0,34139
2021-06-22 09:26:38,12227.95,34188
2021-06-22 09:26:39,12227.95,34188
2021-06-22 09:26:40,12228.0,34203
2021-06-22 09:26:41,12225.5,34206
2021-06-22 09:26:42,12228.0,34306
2021-06-22 09:26:43,12227.95,34308
2021-06-22 09:26:44,12230.0,34318
2021-06-22 09:26:46,12231.1,34327
2021-06-22 09:26:47,12225.65,34366
2021-06-22 09:26:48,12230.0,34375
2021-06-22 09:26:49,12230.0,34375
2021-06-22 09:26:50,12230.0,34375
2021-06-22 09:26:51,12231.0,34376
2021-06-22 09:26:52,12231.0,34376
2021-06-22 09:26:52,12231.0,34376
2021-06-22 09:26:53,12227.95,34377
2021-06-22 09:26:54,12230.0,34387
2021-06-22 09:26:55,12227.95,34388
2021-06-22 09:26:56,12227.95,34388
2021-06-22 09:26:57,12227.95,34391
2021-06-22 09:26:58,12227.95,34391
2021-06-22 09:26:59,12227.95,34401
2021-06-22 09:27:00,12225.45,34513
2021-06-22 09:27:01,12231.0,34523
2021-06-22 09:27:02,12231.0,34523
2021-06-22 09:27:03,12231.0,34523
2021-06-22 09:27:04,12227.0,34559
2021-06-22 09:27:05,12227.0,34559
2021-06-22 09:27:06,12216.0,34637
2021-06-22 09:27:07,12217.0,34671
2021-06-22 09:27:08,12219.95,34699
2021-06-22 09:27:09,12219.95,34699
2021-06-22 09:27:10,12212.1,34809
2021-06-22 09:27:12,12213.0,34818
2021-06-22 09:27:13,12216.0,34822
2021-06-22 09:27:14,12218.0,34948
2021-06-22 09:27:15,12218.65,34963
2021-06-22 09:27:16,12218.65,34963
2021-06-22 09:27:17,12218.65,34963
2021-06-22 09:27:19,12221.45,35000
2021-06-22 09:27:20,12215.0,35003
2021-06-22 09:27:21,12215.0,35008
2021-06-22 09:27:22,12215.0,35008
2021-06-22 09:27:23,12215.0,35008
2021-06-22 09:27:24,12221.85,35009
2021-06-22 09:27:25,12221.85,35009
2021-06-22 09:27:26,12221.85,35009
2021-06-22 09:27:27,12221.85,35009
2021-06-22 09:27:28,12221.85,35009
2021-06-22 09:27:29,12212.55,35019
2021-06-22 09:27:30,12220.0,35021
2021-06-22 09:27:31,12215.0,35046
2021-06-22 09:27:32,12215.0,35050
2021-06-22 09:27:33,12215.0,35050
2021-06-22 09:27:34,12215.05,35053
2021-06-22 09:27:35,12220.0,35073
2021-06-22 09:27:36,12222.75,35094
2021-06-22 09:27:38,12220.0,35137
2021-06-22 09:27:39,12220.0,35138
2021-06-22 09:27:40,12220.0,35138
2021-06-22 09:27:41,12220.0,35139
2021-06-22 09:27:42,12220.0,35139
2021-06-22 09:27:43,12222.55,35389
2021-06-22 09:27:44,12222.55,35389
2021-06-22 09:27:46,12222.55,35389
2021-06-22 09:27:47,12222.55,35389
2021-06-22 09:27:48,12222.55,35389
2021-06-22 09:27:49,12222.55,35389
2021-06-22 09:27:50,12222.55,35389
2021-06-22 09:27:51,12222.55,35389
2021-06-22 09:27:53,12225.0,35394
2021-06-22 09:27:54,12225.0,35394
2021-06-22 09:27:55,12225.0,35394
2021-06-22 09:27:56,12222.15,35405
2021-06-22 09:27:57,12222.15,35405
2021-06-22 09:27:58,12225.0,35408
2021-06-22 09:27:59,12225.0,35419
2021-06-22 09:28:00,12225.0,35419
2021-06-22 09:28:02,12225.0,35456
2021-06-22 09:28:03,12225.0,35456
2021-06-22 09:28:05,12226.75,35460
2021-06-22 09:28:06,12226.75,35462
2021-06-22 09:28:07,12226.75,35462
2021-06-22 09:28:08,12227.0,35463
2021-06-22 09:28:09,12227.0,35463
2021-06-22 09:28:10,12227.0,35463
2021-06-22 09:28:13,12222.0,35464
2021-06-22 09:28:14,12228.35,35484
2021-06-22 09:28:15,12227.0,35488
2021-06-22 09:28:16,12227.0,35488
2021-06-22 09:28:17,12228.4,35492
2021-06-22 09:28:18,12228.4,35492
2021-06-22 09:28:19,12228.4,35499
2021-06-22 09:28:20,12226.6,35500
2021-06-22 09:28:21,12226.6,35500
2021-06-22 09:28:23,12226.6,35500
2021-06-22 09:28:24,12226.6,35500
2021-06-22 09:28:25,12226.6,35500
2021-06-22 09:28:26,12226.6,35500
2021-06-22 09:28:27,12227.0,35503
2021-06-22 09:28:28,12227.0,35503
2021-06-22 09:28:29,12231.0,35521
2021-06-22 09:28:30,12235.0,35541
2021-06-22 09:28:31,12235.0,35555
2021-06-22 09:28:32,12233.0,35564
2021-06-22 09:28:33,12235.0,35570
2021-06-22 09:28:33,12235.0,35571
2021-06-22 09:28:34,12235.0,35596
2021-06-22 09:28:35,12240.0,35612
2021-06-22 09:28:36,12240.0,35613
2021-06-22 09:28:37,12239.0,35753
2021-06-22 09:28:39,12232.3,35756
2021-06-22 09:28:40,12239.55,35810
2021-06-22 09:28:41,12232.15,35814
2021-06-22 09:28:42,12233.0,35839
2021-06-22 09:28:43,12233.0,35839
2021-06-22 09:28:44,12233.0,35839
2021-06-22 09:28:45,12233.0,35839
2021-06-22 09:28:46,12232.3,35849
2021-06-22 09:28:47,12232.3,35849
2021-06-22 09:28:48,12232.6,35851
2021-06-22 09:28:49,12239.0,35853
2021-06-22 09:28:50,12235.0,35858
2021-06-22 09:28:51,12235.0,35858
2021-06-22 09:28:52,12235.0,35858
2021-06-22 09:28:53,12239.55,35873
2021-06-22 09:28:54,12239.55,35873
2021-06-22 09:28:56,12235.05,35875
2021-06-22 09:28:57,12240.0,36052
2021-06-22 09:28:58,12240.0,36057
2021-06-22 09:29:00,12235.6,36067
2021-06-22 09:29:01,12235.6,36067
2021-06-22 09:29:02,12239.95,36071
2021-06-22 09:29:03,12235.6,36077
2021-06-22 09:29:04,12235.6,36077
2021-06-22 09:29:05,12235.3,36085
2021-06-22 09:29:06,12240.0,36110
2021-06-22 09:29:07,12240.0,36110
2021-06-22 09:29:09,12235.3,36112
2021-06-22 09:29:09,12235.3,36112
2021-06-22 09:29:10,12239.0,36162
2021-06-22 09:29:12,12239.0,36162
2021-06-22 09:29:13,12243.0,36389
2021-06-22 09:29:14,12243.55,36449
2021-06-22 09:29:15,12244.4,36450
2021-06-22 09:29:16,12238.0,36493
2021-06-22 09:29:17,12236.75,36534
2021-06-22 09:29:18,12235.45,36536
2021-06-22 09:29:20,12243.1,36541
2021-06-22 09:29:21,12243.1,36560
2021-06-22 09:29:22,12238.35,36570
2021-06-22 09:29:23,12238.4,36573
2021-06-22 09:29:24,12236.5,36575
2021-06-22 09:29:25,12240.0,36604
2021-06-22 09:29:26,12240.0,36604
2021-06-22 09:29:27,12236.3,36606
2021-06-22 09:29:28,12236.3,36606
2021-06-22 09:29:29,12232.0,36744
2021-06-22 09:29:30,12240.6,36811
2021-06-22 09:29:31,12240.6,36811
2021-06-22 09:29:32,12240.6,36811
2021-06-22 09:29:33,12233.1,36816
2021-06-22 09:29:35,12240.0,36819
2021-06-22 09:29:36,12240.1,36829
2021-06-22 09:29:37,12236.75,36838
2021-06-22 09:29:38,12240.6,36839
2021-06-22 09:29:39,12240.6,36846
2021-06-22 09:29:40,12236.75,36851
2021-06-22 09:29:41,12236.75,36859
2021-06-22 09:29:42,12240.6,36861
2021-06-22 09:29:43,12233.0,36920
2021-06-22 09:29:44,12233.0,36920
2021-06-22 09:29:45,12240.4,36970
2021-06-22 09:29:46,12240.4,36970
2021-06-22 09:29:47,12240.4,36970
2021-06-22 09:29:48,12240.4,36970
2021-06-22 09:29:49,12236.75,37000
2021-06-22 09:29:50,12236.75,37000
2021-06-22 09:29:51,12232.0,37036
2021-06-22 09:29:53,12236.75,37061
2021-06-22 09:29:54,12239.2,37086
2021-06-22 09:29:55,12234.0,37089
2021-06-22 09:29:56,12234.75,37121
2021-06-22 09:29:57,12232.1,37126
2021-06-22 09:29:58,12232.1,37151
2021-06-22 09:29:59,12239.85,37153
2021-06-22 09:30:00,12239.9,37166
2021-06-22 09:30:01,12239.9,37168
2021-06-22 09:30:02,12232.65,37177
2021-06-22 09:30:03,12232.15,37227
2021-06-22 09:30:04,12231.0,37261
2021-06-22 09:30:05,12235.0,37265
2021-06-22 09:30:06,12231.0,37270
2021-06-22 09:30:07,12231.0,37276
2021-06-22 09:30:08,12236.0,37279
2021-06-22 09:30:09,12231.2,37292
2021-06-22 09:30:10,12225.0,37515
2021-06-22 09:30:11,12220.0,37545
2021-06-22 09:30:12,12222.0,37572
2021-06-22 09:30:13,12224.4,37592
2021-06-22 09:30:14,12215.05,37618
2021-06-22 09:30:15,12215.0,37625
2021-06-22 09:30:16,12222.0,37626
2021-06-22 09:30:17,12215.75,37628
2021-06-22 09:30:18,12213.0,37793
2021-06-22 09:30:19,12219.2,37810
2021-06-22 09:30:20,12217.7,37811
2021-06-22 09:30:21,12217.8,37815
2021-06-22 09:30:22,12217.8,37815
2021-06-22 09:30:23,12213.0,37970
2021-06-22 09:30:24,12213.0,37971
2021-06-22 09:30:25,12211.0,37993
2021-06-22 09:30:26,12212.0,38026
2021-06-22 09:30:27,12213.0,38089
2021-06-22 09:30:28,12214.0,38090
2021-06-22 09:30:30,12217.8,38100
2021-06-22 09:30:31,12215.65,38177
2021-06-22 09:30:32,12210.0,38185
2021-06-22 09:30:33,12210.0,38185
2021-06-22 09:30:34,12210.8,38535
2021-06-22 09:30:35,12211.05,38581
2021-06-22 09:30:36,12211.05,38583
2021-06-22 09:30:37,12212.0,38587
2021-06-22 09:30:38,12212.0,38587
2021-06-22 09:30:39,12211.4,38597
2021-06-22 09:30:40,12212.0,38602
2021-06-22 09:30:41,12212.0,38602
2021-06-22 09:30:42,12212.0,38602
2021-06-22 09:30:43,12212.0,38602
2021-06-22 09:30:44,12214.15,38615
2021-06-22 09:30:45,12212.45,38619
2021-06-22 09:30:46,12212.45,38619
2021-06-22 09:30:47,12212.45,38619
2021-06-22 09:30:49,12214.0,38657
2021-06-22 09:30:50,12216.95,38660
2021-06-22 09:30:51,12206.6,38889
2021-06-22 09:30:52,12211.1,38921
2021-06-22 09:30:53,12211.1,38921
2021-06-22 09:30:54,12206.6,38948
2021-06-22 09:30:55,12211.5,38957
2021-06-22 09:30:56,12211.5,38957
2021-06-22 09:30:57,12211.5,38957
2021-06-22 09:30:58,12211.5,38957
2021-06-22 09:30:59,12211.1,38959
2021-06-22 09:31:00,12206.6,38978
2021-06-22 09:31:01,12206.6,38978
2021-06-22 09:31:02,12206.6,38988
2021-06-22 09:31:03,12206.6,38988
2021-06-22 09:31:04,12206.6,38991
2021-06-22 09:31:05,12206.6,38991
2021-06-22 09:31:06,12206.6,38991
2021-06-22 09:31:07,12206.6,38991
2021-06-22 09:31:08,12206.6,38991
2021-06-22 09:31:09,12206.6,38991
2021-06-22 09:31:10,12206.6,38991
2021-06-22 09:31:11,12207.0,38996
2021-06-22 09:31:12,12210.85,38997
2021-06-22 09:31:13,12210.85,38997
2021-06-22 09:31:14,12207.0,39018
2021-06-22 09:31:15,12207.0,39092
2021-06-22 09:31:16,12207.0,39092
2021-06-22 09:31:17,12207.0,39092
2021-06-22 09:31:18,12201.0,39197
2021-06-22 09:31:19,12200.7,39206
2021-06-22 09:31:20,12200.7,39206
2021-06-22 09:31:21,12200.8,39207
2021-06-22 09:31:22,12207.0,39212
2021-06-22 09:31:23,12201.05,39223
2021-06-22 09:31:24,12202.15,39252
2021-06-22 09:31:25,12202.2,39254
2021-06-22 09:31:26,12208.0,39279
2021-06-22 09:31:27,12201.8,39340
2021-06-22 09:31:28,12207.9,39348
2021-06-22 09:31:29,12201.85,39351
2021-06-22 09:31:30,12201.85,39354
2021-06-22 09:31:31,12200.7,39364
2021-06-22 09:31:32,12202.0,39406
2021-06-22 09:31:34,12202.4,39411
2021-06-22 09:31:35,12204.0,39413
2021-06-22 09:31:37,12205.1,39452
2021-06-22 09:31:36,12205.1,39452
2021-06-22 09:31:38,12202.2,39464
2021-06-22 09:31:39,12202.25,39485
2021-06-22 09:31:40,12202.25,39485
2021-06-22 09:31:41,12211.1,39548
2021-06-22 09:31:42,12212.0,39579
2021-06-22 09:31:43,12207.0,39590
2021-06-22 09:31:44,12207.0,39590
2021-06-22 09:31:45,12206.05,39594
2021-06-22 09:31:46,12210.0,39595
2021-06-22 09:31:47,12210.0,39650
2021-06-22 09:31:48,12209.55,39655
2021-06-22 09:31:49,12206.05,39670
2021-06-22 09:31:50,12214.9,39700
2021-06-22 09:31:51,12210.0,39703
2021-06-22 09:31:52,12216.15,39728
2021-06-22 09:31:53,12206.2,39763
2021-06-22 09:31:55,12212.85,39768
2021-06-22 09:31:56,12214.6,39773
2021-06-22 09:31:57,12213.0,39797
2021-06-22 09:31:58,12213.0,39797
2021-06-22 09:31:59,12210.0,39808
2021-06-22 09:32:00,12210.0,39808
2021-06-22 09:32:01,12211.05,39815
2021-06-22 09:32:02,12211.0,39816
2021-06-22 09:32:03,12211.0,39816
2021-06-22 09:32:04,12213.0,39919
2021-06-22 09:32:05,12213.0,39919
2021-06-22 09:32:07,12214.05,39940
2021-06-22 09:32:06,12214.05,39940
2021-06-22 09:32:08,12214.05,39941
2021-06-22 09:32:09,12214.05,39941
2021-06-22 09:32:10,12220.0,40146
2021-06-22 09:32:11,12222.0,40155
2021-06-22 09:32:12,12222.05,40210
2021-06-22 09:32:14,12222.05,40210
2021-06-22 09:32:15,12225.05,40240
2021-06-22 09:32:16,12223.75,40304
2021-06-22 09:32:17,12223.75,40304
2021-06-22 09:32:18,12223.75,40304
2021-06-22 09:32:19,12225.9,40306
2021-06-22 09:32:20,12225.0,40311
2021-06-22 09:32:21,12225.0,40311
2021-06-22 09:32:22,12225.0,40311
2021-06-22 09:32:23,12217.1,40404
2021-06-22 09:32:24,12217.1,40404
2021-06-22 09:32:27,12219.15,40409
2021-06-22 09:32:28,12219.15,40422
2021-06-22 09:32:29,12214.05,40432
2021-06-22 09:32:30,12214.05,40432
2021-06-22 09:32:32,12214.05,40432
2021-06-22 09:32:33,12214.05,40432
2021-06-22 09:32:35,12214.05,40432
2021-06-22 09:32:36,12217.1,40435
2021-06-22 09:32:37,12217.1,40442
2021-06-22 09:32:38,12217.1,40442
2021-06-22 09:32:39,12216.7,40444
2021-06-22 09:32:40,12222.9,40449
2021-06-22 09:32:41,12222.9,40449
2021-06-22 09:32:42,12217.0,40450
2021-06-22 09:32:43,12217.0,40450
2021-06-22 09:32:44,12222.0,40452
2021-06-22 09:32:46,12220.0,40463
2021-06-22 09:32:47,12231.4,40470
2021-06-22 09:32:48,12222.0,40475
2021-06-22 09:32:49,12218.15,40500
2021-06-22 09:32:50,12218.15,40500
2021-06-22 09:32:51,12218.15,40500
2021-06-22 09:32:52,12216.25,40510
2021-06-22 09:32:53,12220.75,40586
2021-06-22 09:32:54,12221.0,40600
2021-06-22 09:32:55,12221.0,40600
2021-06-22 09:32:56,12227.0,40604
2021-06-22 09:32:57,12220.0,40609
2021-06-22 09:32:58,12220.0,40628
2021-06-22 09:32:59,12220.0,40628
2021-06-22 09:33:00,12220.0,40628
2021-06-22 09:33:01,12220.0,40635
2021-06-22 09:33:02,12222.05,40678
2021-06-22 09:33:03,12222.05,40678
2021-06-22 09:33:04,12222.05,40678
2021-06-22 09:33:05,12218.2,40683
2021-06-22 09:33:06,12224.5,40793
2021-06-22 09:33:07,12222.05,40794
2021-06-22 09:33:08,12220.4,40902
2021-06-22 09:33:09,12219.55,40926
2021-06-22 09:33:10,12219.55,40926
2021-06-22 09:33:11,12217.9,40936
2021-06-22 09:33:12,12217.9,40936
2021-06-22 09:33:13,12217.9,40936
2021-06-22 09:33:14,12224.0,40970
2021-06-22 09:33:15,12223.45,40979
2021-06-22 09:33:19,12220.95,41038
2021-06-22 09:33:21,12219.85,41045
2021-06-22 09:33:21,12219.85,41045
2021-06-22 09:33:22,12219.25,41048
2021-06-22 09:33:23,12219.25,41048
2021-06-22 09:33:24,12225.0,41067
2021-06-22 09:33:25,12235.0,41118
2021-06-22 09:33:26,12232.85,41122
2021-06-22 09:33:27,12232.85,41122
2021-06-22 09:33:28,12226.0,41236
2021-06-22 09:33:30,12232.0,41239
2021-06-22 09:33:30,12232.0,41239
2021-06-22 09:33:31,12231.45,41274
2021-06-22 09:33:33,12225.05,41279
2021-06-22 09:33:33,12225.05,41281
2021-06-22 09:33:34,12225.05,41286
2021-06-22 09:33:35,12225.05,41286
2021-06-22 09:33:36,12225.05,41290
2021-06-22 09:33:37,12225.05,41290
2021-06-22 09:33:39,12226.15,41294
2021-06-22 09:33:41,12226.15,41298
2021-06-22 09:33:41,12226.15,41298
2021-06-22 09:33:42,12226.15,41302
2021-06-22 09:33:43,12226.15,41302
2021-06-22 09:33:44,12227.0,41326
2021-06-22 09:33:45,12227.0,41326
2021-06-22 09:33:46,12226.15,41331
2021-06-22 09:33:47,12234.05,41346
2021-06-22 09:33:48,12227.45,41348
2021-06-22 09:33:49,12234.8,41358
2021-06-22 09:33:50,12225.0,41380
2021-06-22 09:33:51,12225.0,41380
2021-06-22 09:33:52,12228.0,41395
2021-06-22 09:33:54,12229.0,41415
2021-06-22 09:33:54,12224.2,41420
2021-06-22 09:33:55,12232.0,41450
2021-06-22 09:33:56,12232.0,41450
2021-06-22 09:33:58,12232.05,41558
2021-06-22 09:33:59,12231.75,41580
2021-06-22 09:34:00,12225.15,41655
2021-06-22 09:34:01,12230.0,41656
2021-06-22 09:34:02,12230.0,41656
2021-06-22 09:34:03,12230.0,41656
2021-06-22 09:34:04,12224.05,41672
2021-06-22 09:34:05,12227.0,41675
2021-06-22 09:34:06,12227.0,41675
2021-06-22 09:34:08,12223.9,41688
2021-06-22 09:34:09,12223.9,41688
2021-06-22 09:34:10,12224.3,41691
2021-06-22 09:34:11,12224.3,41691
2021-06-22 09:34:12,12224.3,41691
2021-06-22 09:34:14,12224.3,41691
2021-06-22 09:34:15,12224.3,41691
2021-06-22 09:34:16,12223.0,41693
2021-06-22 09:34:17,12224.05,41732
2021-06-22 09:34:18,12230.0,41752
2021-06-22 09:34:19,12224.0,41756
2021-06-22 09:34:21,12220.55,41812
2021-06-22 09:34:20,12224.0,41756
2021-06-22 09:34:22,12226.8,41962
2021-06-22 09:34:23,12219.45,41966
2021-06-22 09:34:24,12223.0,41968
2021-06-22 09:34:25,12219.1,41970
2021-06-22 09:34:26,12224.0,41975
2021-06-22 09:34:27,12222.0,42006
2021-06-22 09:34:28,12222.0,42006
2021-06-22 09:34:29,12226.35,42033
2021-06-22 09:34:30,12221.1,42034
2021-06-22 09:34:31,12221.0,42038
2021-06-22 09:34:32,12221.0,42038
2021-06-22 09:34:33,12218.5,42067
2021-06-22 09:34:35,12223.9,42151
2021-06-22 09:34:35,12223.9,42151
2021-06-22 09:34:36,12224.3,42176
2021-06-22 09:34:37,12218.0,42180
2021-06-22 09:34:38,12224.3,42205
2021-06-22 09:34:40,12224.0,42216
2021-06-22 09:34:40,12224.0,42216
2021-06-22 09:34:41,12224.0,42216
2021-06-22 09:34:43,12224.3,42307
2021-06-22 09:34:44,12224.3,42307
2021-06-22 09:34:45,12224.3,42307
2021-06-22 09:34:46,12227.1,42415
2021-06-22 09:34:47,12227.1,42415
2021-06-22 09:34:48,12227.1,42415
2021-06-22 09:34:49,12225.1,42426
2021-06-22 09:34:50,12226.8,42427
2021-06-22 09:34:51,12226.75,42428
2021-06-22 09:34:52,12220.0,42468
2021-06-22 09:34:53,12226.95,42542
2021-06-22 09:34:54,12226.95,42542
2021-06-22 09:34:56,12226.95,42542
2021-06-22 09:34:56,12215.45,42543
2021-06-22 09:34:58,12222.5,42583
2021-06-22 09:34:58,12224.4,42585
2021-06-22 09:34:59,12219.95,42754
2021-06-22 09:35:00,12216.1,42759
2021-06-22 09:35:01,12216.1,42759
2021-06-22 09:35:02,12216.2,42762
2021-06-22 09:35:03,12216.2,42762
2021-06-22 09:35:05,12216.25,42774
2021-06-22 09:35:06,12216.25,42774
2021-06-22 09:35:07,12216.25,42774
2021-06-22 09:35:08,12222.5,42775
2021-06-22 09:35:11,12215.65,42781
2021-06-22 09:35:12,12211.1,42906
2021-06-22 09:35:12,12211.1,42906
2021-06-22 09:35:13,12211.0,42911
2021-06-22 09:35:14,12211.0,42911
2021-06-22 09:35:15,12202.9,43413
2021-06-22 09:35:16,12202.4,43479
2021-06-22 09:35:17,12203.0,43480
2021-06-22 09:35:18,12209.85,43490
2021-06-22 09:35:19,12209.85,43538
2021-06-22 09:35:20,12209.85,43557
2021-06-22 09:35:21,12210.0,43561
2021-06-22 09:35:22,12204.55,43591
2021-06-22 09:35:23,12204.35,43710
2021-06-22 09:35:24,12204.5,43736
2021-06-22 09:35:25,12204.65,43747
2021-06-22 09:35:26,12204.65,43747
2021-06-22 09:35:27,12210.0,43753
2021-06-22 09:35:30,12208.45,43768
2021-06-22 09:35:31,12216.0,43796
2021-06-22 09:35:32,12218.7,43872
2021-06-22 09:35:33,12218.05,43882
2021-06-22 09:35:34,12213.0,43884
2021-06-22 09:35:35,12213.0,43884
2021-06-22 09:35:36,12213.0,43884
2021-06-22 09:35:37,12213.0,43884
2021-06-22 09:35:38,12220.0,43885
2021-06-22 09:35:38,12220.0,43885
2021-06-22 09:35:40,12220.0,43885
2021-06-22 09:35:41,12220.0,43885
2021-06-22 09:35:42,12220.0,43885
2021-06-22 09:35:43,12220.0,43885
2021-06-22 09:35:44,12224.15,43892
2021-06-22 09:35:45,12224.15,43908
2021-06-22 09:35:46,12224.15,43908
2021-06-22 09:35:47,12225.0,43915
2021-06-22 09:35:48,12225.0,43915
2021-06-22 09:35:50,12224.15,43916
2021-06-22 09:35:51,12224.15,43916
2021-06-22 09:35:52,12223.8,43927
2021-06-22 09:35:52,12223.8,43927
2021-06-22 09:35:53,12223.8,43927
2021-06-22 09:35:54,12223.8,43927
2021-06-22 09:35:55,12223.8,43927
2021-06-22 09:35:56,12223.8,43932
2021-06-22 09:35:57,12226.0,43942
2021-06-22 09:35:58,12226.0,43947
2021-06-22 09:35:59,12223.75,43959
2021-06-22 09:36:00,12220.45,43960
2021-06-22 09:36:02,12224.9,44012
2021-06-22 09:36:03,12224.9,44012
2021-06-22 09:36:04,12224.9,44012
2021-06-22 09:36:05,12219.0,44017
2021-06-22 09:36:06,12219.0,44017
2021-06-22 09:36:07,12219.0,44017
2021-06-22 09:36:09,12216.45,44022
2021-06-22 09:36:10,12216.45,44022
2021-06-22 09:36:12,12220.0,44051
2021-06-22 09:36:13,12220.0,44064
2021-06-22 09:36:13,12220.0,44064
2021-06-22 09:36:14,12220.0,44064
2021-06-22 09:36:15,12220.0,44064
2021-06-22 09:36:16,12216.6,44074
2021-06-22 09:36:17,12220.0,44115
2021-06-22 09:36:18,12220.0,44115
2021-06-22 09:36:19,12220.0,44115
2021-06-22 09:36:20,12220.0,44115
2021-06-22 09:36:21,12223.8,44116
2021-06-22 09:36:22,12223.8,44116
2021-06-22 09:36:23,12223.8,44116
2021-06-22 09:36:25,12225.0,44126
2021-06-22 09:36:26,12226.0,44208
2021-06-22 09:36:27,12230.95,44361
2021-06-22 09:36:28,12229.0,44362
2021-06-22 09:36:29,12229.0,44362
2021-06-22 09:36:30,12228.45,44366
2021-06-22 09:36:31,12222.65,44392
2021-06-22 09:36:32,12230.0,44402
2021-06-22 09:36:33,12230.0,44402
2021-06-22 09:36:34,12230.0,44402
2021-06-22 09:36:34,12230.0,44404
2021-06-22 09:36:35,12232.55,44415
2021-06-22 09:36:36,12232.55,44415
2021-06-22 09:36:37,12222.7,44437
2021-06-22 09:36:39,12222.7,44437
2021-06-22 09:36:40,12229.0,44447
2021-06-22 09:36:41,12226.0,44539
2021-06-22 09:36:42,12226.0,44549
2021-06-22 09:36:44,12226.0,44550
2021-06-22 09:36:48,12229.0,44658
2021-06-22 09:36:48,12229.0,44658
2021-06-22 09:36:49,12230.0,44668
2021-06-22 09:36:50,12227.45,44678
2021-06-22 09:36:52,12235.0,44692
2021-06-22 09:36:54,12235.75,44715
2021-06-22 09:36:55,12249.0,45305
2021-06-22 09:36:56,12247.8,45328
2021-06-22 09:36:56,12245.0,45315
2021-06-22 09:36:57,12248.85,45346
2021-06-22 09:36:58,12248.85,45346
2021-06-22 09:36:59,12249.0,45361
2021-06-22 09:37:00,12249.0,45362
2021-06-22 09:37:01,12249.0,45376
2021-06-22 09:37:02,12249.0,45376
2021-06-22 09:37:03,12243.0,45387
2021-06-22 09:37:04,12243.0,45387
2021-06-22 09:37:05,12248.85,45392
2021-06-22 09:37:08,12242.65,45398
2021-06-22 09:37:09,12242.65,45402
2021-06-22 09:37:10,12247.1,45440
2021-06-22 09:37:11,12242.65,45492
2021-06-22 09:37:12,12242.65,45492
2021-06-22 09:37:13,12242.0,45503
2021-06-22 09:37:14,12249.0,45585
2021-06-22 09:37:15,12249.0,45585
2021-06-22 09:37:16,12249.75,45609
2021-06-22 09:37:17,12241.3,45639
2021-06-22 09:37:18,12239.8,45640
2021-06-22 09:37:19,12239.85,45651
2021-06-22 09:37:20,12248.0,45655
2021-06-22 09:37:21,12242.25,45664
2021-06-22 09:37:22,12247.95,45683
2021-06-22 09:37:23,12247.95,45683
2021-06-22 09:37:24,12247.95,45688
2021-06-22 09:37:25,12247.95,45688
2021-06-22 09:37:26,12242.0,45807
2021-06-22 09:37:27,12243.0,45808
2021-06-22 09:37:28,12248.35,45818
2021-06-22 09:37:29,12248.35,45818
2021-06-22 09:37:30,12248.35,45818
2021-06-22 09:37:31,12240.0,45909
2021-06-22 09:37:33,12240.0,46004
2021-06-22 09:37:34,12239.5,46027
2021-06-22 09:37:35,12239.5,46027
2021-06-22 09:37:36,12240.0,46036
2021-06-22 09:37:37,12240.0,46036
2021-06-22 09:37:38,12240.0,46050
2021-06-22 09:37:39,12240.0,46075
2021-06-22 09:37:40,12242.25,46081
2021-06-22 09:37:41,12238.0,46110
2021-06-22 09:37:42,12238.0,46110
2021-06-22 09:37:42,12238.0,46110
2021-06-22 09:37:43,12238.0,46110
2021-06-22 09:37:44,12241.1,46113
2021-06-22 09:37:45,12235.45,46163
2021-06-22 09:37:47,12237.9,46166
2021-06-22 09:37:48,12236.1,46201
2021-06-22 09:37:49,12236.1,46201
2021-06-22 09:37:50,12240.95,46203
2021-06-22 09:37:51,12240.9,46205
2021-06-22 09:37:52,12241.1,46206
2021-06-22 09:37:53,12241.1,46206
2021-06-22 09:37:54,12241.1,46206
2021-06-22 09:37:55,12243.75,46216
2021-06-22 09:37:56,12243.75,46216
2021-06-22 09:37:57,12243.75,46216
2021-06-22 09:37:58,12246.55,46237
2021-06-22 09:37:58,12246.55,46237
2021-06-22 09:37:59,12239.0,46239
2021-06-22 09:38:00,12239.0,46239
2021-06-22 09:38:01,12239.0,46239
2021-06-22 09:38:02,12239.0,46239
2021-06-22 09:38:03,12243.0,46275
2021-06-22 09:38:04,12244.9,46310
2021-06-22 09:38:05,12244.9,46310
2021-06-22 09:38:06,12242.9,46311
2021-06-22 09:38:07,12235.9,46316
2021-06-22 09:38:08,12244.8,46348
2021-06-22 09:38:09,12236.05,46349
2021-06-22 09:38:10,12236.05,46350
2021-06-22 09:38:11,12236.05,46352
2021-06-22 09:38:12,12236.05,46354
2021-06-22 09:38:14,12236.05,46354
2021-06-22 09:38:16,12243.0,46392
2021-06-22 09:38:18,12242.9,46431
2021-06-22 09:38:20,12238.1,46432
2021-06-22 09:38:21,12238.1,46432
2021-06-22 09:38:22,12242.0,46436
2021-06-22 09:38:23,12239.95,46444
2021-06-22 09:38:24,12239.95,46445
2021-06-22 09:38:25,12239.7,46450
2021-06-22 09:38:26,12239.25,46451
2021-06-22 09:38:27,12239.25,46451
2021-06-22 09:38:28,12239.6,46474
2021-06-22 09:38:29,12239.6,46474
2021-06-22 09:38:30,12242.7,46509
2021-06-22 09:38:31,12236.15,46519
2021-06-22 09:38:32,12236.15,46519
2021-06-22 09:38:33,12242.6,46529
2021-06-22 09:38:34,12239.5,46535
2021-06-22 09:38:35,12239.5,46535
2021-06-22 09:38:36,12239.5,46535
2021-06-22 09:38:37,12239.5,46535
2021-06-22 09:38:38,12239.5,46535
2021-06-22 09:38:39,12239.5,46535
2021-06-22 09:38:40,12236.05,46539
2021-06-22 09:38:41,12236.05,46539
2021-06-22 09:38:42,12236.05,46545
2021-06-22 09:38:42,12236.05,46545
2021-06-22 09:38:43,12235.0,46600
2021-06-22 09:38:44,12235.0,46600
2021-06-22 09:38:45,12235.0,46600
2021-06-22 09:38:46,12235.0,46600
2021-06-22 09:38:48,12235.0,46600
2021-06-22 09:38:49,12235.0,46600
2021-06-22 09:38:50,12235.0,46600
2021-06-22 09:38:51,12235.0,46643
2021-06-22 09:38:52,12237.95,46649
2021-06-22 09:38:53,12237.95,46651
2021-06-22 09:38:54,12230.4,46662
2021-06-22 09:38:55,12219.5,46744
2021-06-22 09:38:55,12230.4,46662
2021-06-22 09:38:56,12218.9,46746
2021-06-22 09:38:57,12226.95,46855
2021-06-22 09:38:59,12235.75,46870
2021-06-22 09:39:03,12235.75,46870
2021-06-22 09:39:04,12235.75,46870
2021-06-22 09:39:06,12233.0,46875
2021-06-22 09:39:07,12233.0,46875
2021-06-22 09:39:08,12233.0,46875
2021-06-22 09:39:08,12233.0,46875
2021-06-22 09:39:09,12232.6,46880
2021-06-22 09:39:10,12232.6,46880
2021-06-22 09:39:11,12232.6,46880
2021-06-22 09:39:12,12228.75,46941
2021-06-22 09:39:13,12237.45,46952
2021-06-22 09:39:14,12237.45,46952
2021-06-22 09:39:15,12237.45,46952
2021-06-22 09:39:17,12236.6,46953
2021-06-22 09:39:19,12236.6,46953
2021-06-22 09:39:20,12238.85,46963
2021-06-22 09:39:21,12238.85,46963
2021-06-22 09:39:22,12238.85,46963
2021-06-22 09:39:23,12238.85,46963
2021-06-22 09:39:24,12234.45,46988
2021-06-22 09:39:25,12237.0,46989
2021-06-22 09:39:26,12237.0,46989
2021-06-22 09:39:27,12237.0,46989
2021-06-22 09:39:28,12237.0,46989
2021-06-22 09:39:29,12229.1,47034
2021-06-22 09:39:30,12229.1,47034
2021-06-22 09:39:32,12229.1,47034
2021-06-22 09:39:33,12237.0,47064
2021-06-22 09:39:34,12237.0,47064
2021-06-22 09:39:35,12235.0,47066
2021-06-22 09:39:36,12235.0,47067
2021-06-22 09:39:37,12235.0,47067
2021-06-22 09:39:38,12237.0,47077
2021-06-22 09:39:39,12239.5,47096
2021-06-22 09:39:40,12238.0,47099
2021-06-22 09:39:42,12237.95,47254
2021-06-22 09:39:44,12239.0,47262
2021-06-22 09:39:46,12239.0,47262
2021-06-22 09:39:47,12239.0,47264
2021-06-22 09:39:48,12239.0,47264
2021-06-22 09:39:49,12238.0,47274
2021-06-22 09:39:50,12238.0,47274
2021-06-22 09:39:51,12242.0,47343
2021-06-22 09:39:51,12242.0,47343
2021-06-22 09:39:53,12242.0,47343
2021-06-22 09:39:54,12242.0,47343
2021-06-22 09:39:55,12240.0,47443
2021-06-22 09:39:56,12240.0,47443
2021-06-22 09:39:57,12240.0,47443
2021-06-22 09:39:58,12239.0,47444
2021-06-22 09:39:59,12239.0,47445
2021-06-22 09:40:01,12244.0,47449
2021-06-22 09:40:02,12244.7,47459
2021-06-22 09:40:03,12240.25,47661
2021-06-22 09:40:04,12248.0,47681
2021-06-22 09:40:05,12248.0,47681
2021-06-22 09:40:06,12238.55,47686
2021-06-22 09:40:07,12238.1,47688
2021-06-22 09:40:08,12238.1,47688
2021-06-22 09:40:09,12237.3,47701
2021-06-22 09:40:10,12231.0,47730
2021-06-22 09:40:11,12235.9,47784
2021-06-22 09:40:12,12237.3,47793
2021-06-22 09:40:13,12234.0,47798
2021-06-22 09:40:14,12239.0,47823
2021-06-22 09:40:15,12239.0,47823
2021-06-22 09:40:16,12239.0,47823
2021-06-22 09:40:17,12239.0,47823
2021-06-22 09:40:18,12235.2,47888
2021-06-22 09:40:19,12238.4,47952
2021-06-22 09:40:20,12238.4,47952
2021-06-22 09:40:21,12241.9,47967
2021-06-22 09:40:22,12241.9,47967
2021-06-22 09:40:23,12235.0,47968
2021-06-22 09:40:23,12235.0,47968
2021-06-22 09:40:24,12235.6,48052
2021-06-22 09:40:25,12239.8,48053
2021-06-22 09:40:26,12232.3,48085
2021-06-22 09:40:27,12231.25,48086
2021-06-22 09:40:28,12241.15,48091
2021-06-22 09:40:29,12241.15,48091
2021-06-22 09:40:31,12235.0,48096
2021-06-22 09:40:32,12235.0,48096
2021-06-22 09:40:33,12240.95,48097
2021-06-22 09:40:34,12240.0,48106
2021-06-22 09:40:35,12240.0,48107
2021-06-22 09:40:36,12240.9,48111
2021-06-22 09:40:37,12240.9,48111
2021-06-22 09:40:38,12240.9,48111
2021-06-22 09:40:38,12240.9,48111
2021-06-22 09:40:39,12235.4,48124
2021-06-22 09:40:40,12240.0,48144
2021-06-22 09:40:41,12240.0,48144
2021-06-22 09:40:42,12236.6,48184
2021-06-22 09:40:43,12236.05,48185
2021-06-22 09:40:44,12236.05,48185
2021-06-22 09:40:45,12236.0,48191
2021-06-22 09:40:46,12240.45,48212
2021-06-22 09:40:47,12236.05,48236
2021-06-22 09:40:49,12235.05,48258
2021-06-22 09:40:50,12240.0,48263
2021-06-22 09:40:52,12236.0,48272
2021-06-22 09:40:53,12236.0,48272
2021-06-22 09:40:54,12240.0,48273
2021-06-22 09:40:55,12240.0,48273
2021-06-22 09:40:56,12236.05,48301
2021-06-22 09:40:57,12240.0,48306
2021-06-22 09:40:58,12237.0,48307
2021-06-22 09:40:59,12237.0,48311
2021-06-22 09:41:01,12236.6,48316
2021-06-22 09:41:02,12231.0,48363
2021-06-22 09:41:03,12230.0,48477
2021-06-22 09:41:04,12230.0,48477
2021-06-22 09:41:05,12230.0,48477
2021-06-22 09:41:06,12233.6,48497
2021-06-22 09:41:06,12233.6,48497
2021-06-22 09:41:07,12233.6,48497
2021-06-22 09:41:09,12232.0,48498
2021-06-22 09:41:10,12232.0,48498
2021-06-22 09:41:11,12232.0,48498
2021-06-22 09:41:12,12232.0,48498
2021-06-22 09:41:13,12232.0,48498
2021-06-22 09:41:14,12238.0,48602
2021-06-22 09:41:14,12238.0,48602
2021-06-22 09:41:16,12233.05,48628
2021-06-22 09:41:17,12239.85,48629
2021-06-22 09:41:18,12235.0,48634
2021-06-22 09:41:19,12233.15,48684
2021-06-22 09:41:21,12233.15,48684
2021-06-22 09:41:23,12233.2,48689
2021-06-22 09:41:24,12233.2,48689
2021-06-22 09:41:25,12233.2,48689
2021-06-22 09:41:26,12233.2,48689
2021-06-22 09:41:27,12233.2,48694
2021-06-22 09:41:28,12231.0,48741
2021-06-22 09:41:29,12231.0,48741
2021-06-22 09:41:30,12231.0,48741
2021-06-22 09:41:31,12231.0,48755
2021-06-22 09:41:32,12227.0,48782
2021-06-22 09:41:33,12227.0,48782
2021-06-22 09:41:34,12227.0,48783
2021-06-22 09:41:35,12227.0,48783
2021-06-22 09:41:36,12235.8,48797
2021-06-22 09:41:37,12235.8,48797
2021-06-22 09:41:38,12235.8,48797
2021-06-22 09:41:39,12227.0,48825
2021-06-22 09:41:40,12227.0,48825
2021-06-22 09:41:41,12232.5,48826
2021-06-22 09:41:42,12231.9,48827
2021-06-22 09:41:43,12231.9,48827
2021-06-22 09:41:44,12231.9,48827
2021-06-22 09:41:45,12232.7,48828
2021-06-22 09:41:46,12232.7,48828
2021-06-22 09:41:47,12231.0,48830
2021-06-22 09:41:48,12231.0,48830
2021-06-22 09:41:49,12231.0,48830
2021-06-22 09:41:50,12231.0,48830
2021-06-22 09:41:51,12231.0,48830
2021-06-22 09:41:52,12228.95,48855
2021-06-22 09:41:53,12228.95,48855
2021-06-22 09:41:54,12225.0,48861
2021-06-22 09:41:55,12225.0,48861
2021-06-22 09:41:56,12225.0,48911
2021-06-22 09:41:57,12225.0,48911
2021-06-22 09:41:58,12230.0,48915
2021-06-22 09:41:59,12235.0,48922
2021-06-22 09:42:01,12235.0,48922
2021-06-22 09:42:02,12235.0,48922
2021-06-22 09:42:03,12235.0,48922
2021-06-22 09:42:04,12235.0,48922
2021-06-22 09:42:05,12235.0,48922
2021-06-22 09:42:06,12235.0,48922
2021-06-22 09:42:07,12235.0,48922
2021-06-22 09:42:08,12235.0,48922
2021-06-22 09:42:09,12235.0,48924
2021-06-22 09:42:10,12235.0,48924
2021-06-22 09:42:11,12235.0,48924
2021-06-22 09:42:12,12235.0,48924
2021-06-22 09:42:13,12235.0,48924
2021-06-22 09:42:14,12235.0,48924
2021-06-22 09:42:15,12235.0,48924
2021-06-22 09:42:16,12234.6,48939
2021-06-22 09:42:17,12234.6,48939
2021-06-22 09:42:19,12229.0,48940
2021-06-22 09:42:20,12229.0,48940
2021-06-22 09:42:21,12229.0,48940
2021-06-22 09:42:22,12233.25,48952
2021-06-22 09:42:23,12233.25,48952
2021-06-22 09:42:24,12233.25,48952
2021-06-22 09:42:25,12233.25,48952
2021-06-22 09:42:26,12233.25,48952
2021-06-22 09:42:27,12225.05,48978
2021-06-22 09:42:28,12225.05,48979
2021-06-22 09:42:29,12225.05,48979
2021-06-22 09:42:30,12235.0,48989
2021-06-22 09:42:31,12235.0,48989
2021-06-22 09:42:33,12235.0,48989
2021-06-22 09:42:34,12235.0,48989
2021-06-22 09:42:35,12231.95,49039
2021-06-22 09:42:36,12231.95,49039
2021-06-22 09:42:37,12233.55,49040
2021-06-22 09:42:38,12233.55,49040
2021-06-22 09:42:39,12233.55,49040
2021-06-22 09:42:40,12233.55,49040
2021-06-22 09:42:41,12233.55,49040
2021-06-22 09:42:42,12233.55,49040
2021-06-22 09:42:43,12233.55,49040
2021-06-22 09:42:44,12233.55,49040
2021-06-22 09:42:45,12233.55,49040
2021-06-22 09:42:46,12233.55,49040
2021-06-22 09:42:47,12233.55,49040
2021-06-22 09:42:48,12233.55,49040
2021-06-22 09:42:49,12233.55,49040
2021-06-22 09:42:50,12233.55,49040
2021-06-22 09:42:51,12233.55,49040
2021-06-22 09:42:52,12233.55,49040
2021-06-22 09:42:53,12227.0,49081
2021-06-22 09:42:54,12227.0,49081
2021-06-22 09:42:55,12230.0,49082
2021-06-22 09:42:56,12227.0,49083
2021-06-22 09:42:57,12225.1,49088
2021-06-22 09:42:58,12225.05,49103
2021-06-22 09:42:59,12225.05,49103
2021-06-22 09:43:01,12225.0,49179
2021-06-22 09:43:02,12225.0,49222
2021-06-22 09:43:03,12225.0,49222
2021-06-22 09:43:04,12225.0,49222
2021-06-22 09:43:05,12225.0,49222
2021-06-22 09:43:06,12225.0,49227
2021-06-22 09:43:07,12225.0,49227
2021-06-22 09:43:08,12225.0,49227
2021-06-22 09:43:09,12225.0,49227
2021-06-22 09:43:10,12225.0,49252
2021-06-22 09:43:11,12225.0,49262
2021-06-22 09:43:12,12225.0,49262
2021-06-22 09:43:13,12229.0,49267
2021-06-22 09:43:14,12229.0,49272
2021-06-22 09:43:15,12229.0,49272
2021-06-22 09:43:16,12225.0,49282
2021-06-22 09:43:17,12229.0,49286
2021-06-22 09:43:18,12225.0,49290
2021-06-22 09:43:19,12225.0,49290
2021-06-22 09:43:20,12229.0,49309
2021-06-22 09:43:21,12229.0,49309
2021-06-22 09:43:22,12229.0,49309
2021-06-22 09:43:23,12229.0,49309
2021-06-22 09:43:25,12229.0,49309
2021-06-22 09:43:24,12229.0,49309
2021-06-22 09:43:26,12225.0,49323
2021-06-22 09:43:27,12225.0,49568
2021-06-22 09:43:28,12227.05,49569
2021-06-22 09:43:29,12224.4,49573
2021-06-22 09:43:30,12224.4,49573
2021-06-22 09:43:31,12224.4,49573
2021-06-22 09:43:32,12224.4,49573
2021-06-22 09:43:33,12220.0,49630
2021-06-22 09:43:34,12220.0,49630
2021-06-22 09:43:36,12220.0,49630
2021-06-22 09:43:37,12220.0,49630
2021-06-22 09:43:38,12220.0,49630
2021-06-22 09:43:39,12220.0,49630
2021-06-22 09:43:40,12220.0,49630
2021-06-22 09:43:41,12220.0,49630
2021-06-22 09:43:42,12220.0,49630
2021-06-22 09:43:43,12220.0,49631
2021-06-22 09:43:45,12220.0,49631
2021-06-22 09:43:46,12224.95,49644
2021-06-22 09:43:47,12224.95,49644
2021-06-22 09:43:49,12224.95,49644
2021-06-22 09:43:49,12224.95,49644
2021-06-22 09:43:50,12224.95,49644
2021-06-22 09:43:51,12220.05,49647
2021-06-22 09:43:52,12221.0,49657
2021-06-22 09:43:53,12224.95,49658
2021-06-22 09:43:54,12224.95,49658
2021-06-22 09:43:56,12227.5,49785
2021-06-22 09:43:56,12227.5,49785
2021-06-22 09:43:57,12224.0,49818
2021-06-22 09:43:58,12224.0,49818
2021-06-22 09:43:59,12224.0,49820
2021-06-22 09:44:01,12224.0,49820
2021-06-22 09:44:01,12224.0,49820
2021-06-22 09:44:02,12224.0,49821
2021-06-22 09:44:03,12229.0,49867
2021-06-22 09:44:04,12229.0,49895
2021-06-22 09:44:06,12229.0,49895
2021-06-22 09:44:06,12229.0,49895
2021-06-22 09:44:07,12229.0,49895
2021-06-22 09:44:08,12229.0,49895
2021-06-22 09:44:09,12229.0,49895
2021-06-22 09:44:10,12227.0,49897
2021-06-22 09:44:11,12227.0,49897
2021-06-22 09:44:12,12227.0,49897
2021-06-22 09:44:14,12227.0,49897
2021-06-22 09:44:16,12227.0,49897
2021-06-22 09:44:16,12226.65,49900
2021-06-22 09:44:17,12226.75,49908
2021-06-22 09:44:18,12226.75,49915
2021-06-22 09:44:19,12226.75,49915
2021-06-22 09:44:20,12226.75,49915
2021-06-22 09:44:21,12226.75,49915
2021-06-22 09:44:22,12226.7,49917
2021-06-22 09:44:24,12231.0,49967
2021-06-22 09:44:25,12235.0,50017
2021-06-22 09:44:26,12232.0,50032
2021-06-22 09:44:27,12224.75,50048
2021-06-22 09:44:29,12224.8,50056
2021-06-22 09:44:29,12224.8,50056
2021-06-22 09:44:30,12231.95,50066
2021-06-22 09:44:31,12231.95,50066
2021-06-22 09:44:32,12231.95,50066
2021-06-22 09:44:33,12226.0,50069
2021-06-22 09:44:35,12226.0,50069
2021-06-22 09:44:35,12226.0,50069
2021-06-22 09:44:36,12226.0,50069
2021-06-22 09:44:37,12226.0,50069
2021-06-22 09:44:39,12226.0,50076
2021-06-22 09:44:40,12226.15,50077
2021-06-22 09:44:41,12226.25,50080
2021-06-22 09:44:42,12226.25,50080
2021-06-22 09:44:43,12232.0,50084
2021-06-22 09:44:44,12229.95,50085
2021-06-22 09:44:46,12228.1,50094
2021-06-22 09:44:47,12228.2,50097
2021-06-22 09:44:48,12228.2,50097
2021-06-22 09:44:48,12228.2,50097
2021-06-22 09:44:49,12228.2,50097
2021-06-22 09:44:50,12228.2,50097
2021-06-22 09:44:51,12230.1,50099
2021-06-22 09:44:53,12230.1,50099
2021-06-22 09:44:54,12230.1,50099
2021-06-22 09:44:54,12230.1,50099
2021-06-22 09:44:55,12229.1,50103
2021-06-22 09:44:56,12229.1,50103
2021-06-22 09:44:57,12225.9,50156
2021-06-22 09:44:58,12225.9,50156
2021-06-22 09:44:59,12221.6,50250
2021-06-22 09:45:01,12221.6,50250
2021-06-22 09:45:01,12221.6,50250
2021-06-22 09:45:02,12221.6,50250
2021-06-22 09:45:04,12228.0,50253
2021-06-22 09:45:05,12225.6,50265
2021-06-22 09:45:06,12231.0,50268
2021-06-22 09:45:08,12231.0,50268
2021-06-22 09:45:09,12231.0,50268
2021-06-22 09:45:10,12225.0,50278
2021-06-22 09:45:11,12225.0,50278
2021-06-22 09:45:13,12225.0,50278
2021-06-22 09:45:13,12225.0,50278
2021-06-22 09:45:14,12225.75,50288
2021-06-22 09:45:15,12225.75,50288
2021-06-22 09:45:16,12225.75,50288
2021-06-22 09:45:17,12221.6,50296
2021-06-22 09:45:18,12221.6,50296
2021-06-22 09:45:20,12221.0,50398
2021-06-22 09:45:21,12221.0,50409
2021-06-22 09:45:21,12221.0,50409
2021-06-22 09:45:22,12226.8,50510
2021-06-22 09:45:24,12221.0,50562
2021-06-22 09:45:25,12221.0,50562
2021-06-22 09:45:26,12221.0,50562
2021-06-22 09:45:27,12220.05,50569
2021-06-22 09:45:28,12220.05,50569
2021-06-22 09:45:29,12220.05,50569
2021-06-22 09:45:31,12226.0,50574
2021-06-22 09:45:32,12226.0,50574
2021-06-22 09:45:32,12226.0,50574
2021-06-22 09:45:33,12220.0,50597
2021-06-22 09:45:36,12226.0,50602
2021-06-22 09:45:37,12222.05,50603
2021-06-22 09:45:39,12222.05,50603
2021-06-22 09:45:40,12222.05,50603
2021-06-22 09:45:41,12222.05,50603
2021-06-22 09:45:42,12222.05,50603
2021-06-22 09:45:43,12222.05,50603
2021-06-22 09:45:44,12222.05,50603
2021-06-22 09:45:44,12222.05,50603
2021-06-22 09:45:45,12228.1,50606
2021-06-22 09:45:46,12228.1,50607
2021-06-22 09:45:47,12227.0,50612
2021-06-22 09:45:48,12225.25,50723
2021-06-22 09:45:49,12222.4,50724
2021-06-22 09:45:50,12222.0,50728
2021-06-22 09:45:51,12220.0,50733
2021-06-22 09:45:54,12224.0,50741
2021-06-22 09:45:55,12225.0,50796
2021-06-22 09:45:55,12225.0,50796
2021-06-22 09:45:56,12225.0,50796
2021-06-22 09:45:57,12225.0,50796
2021-06-22 09:45:58,12220.55,50798
2021-06-22 09:45:59,12222.05,50799
2021-06-22 09:46:00,12222.35,50818
2021-06-22 09:46:01,12221.2,50820
2021-06-22 09:46:02,12221.2,50820
2021-06-22 09:46:03,12220.0,50956
2021-06-22 09:46:04,12215.0,50992
2021-06-22 09:46:05,12215.0,50992
2021-06-22 09:46:06,12215.0,50992
2021-06-22 09:46:08,12221.25,51058
2021-06-22 09:46:09,12221.25,51058
2021-06-22 09:46:10,12228.8,51062
2021-06-22 09:46:10,12228.8,51062
2021-06-22 09:46:12,12223.0,51063
2021-06-22 09:46:13,12223.0,51063
2021-06-22 09:46:15,12223.0,51063
2021-06-22 09:46:16,12223.0,51063
2021-06-22 09:46:16,12223.0,51063
2021-06-22 09:46:17,12223.0,51063
2021-06-22 09:46:18,12220.25,51066
2021-06-22 09:46:19,12220.1,51079
2021-06-22 09:46:20,12220.1,51110
2021-06-22 09:46:22,12220.1,51116
2021-06-22 09:46:23,12222.0,51142
2021-06-22 09:46:24,12222.0,51145
2021-06-22 09:46:26,12222.0,51145
2021-06-22 09:46:27,12222.0,51145
2021-06-22 09:46:30,12222.25,51160
2021-06-22 09:46:31,12222.25,51160
2021-06-22 09:46:31,12222.25,51160
2021-06-22 09:46:32,12222.25,51160
2021-06-22 09:46:33,12222.25,51160
2021-06-22 09:46:34,12222.25,51160
2021-06-22 09:46:35,12224.2,51161
2021-06-22 09:46:36,12223.1,51165
2021-06-22 09:46:38,12222.6,51178
2021-06-22 09:46:38,12226.95,51198
2021-06-22 09:46:40,12226.95,51198
2021-06-22 09:46:41,12226.95,51198
2021-06-22 09:46:42,12226.95,51198
2021-06-22 09:46:42,12226.95,51198
2021-06-22 09:46:43,12222.1,51206
2021-06-22 09:46:44,12222.1,51206
2021-06-22 09:46:46,12222.1,51207
2021-06-22 09:46:47,12222.0,51213
2021-06-22 09:46:47,12222.0,51213
2021-06-22 09:46:48,12222.0,51213
2021-06-22 09:46:49,12222.0,51234
2021-06-22 09:46:50,12222.0,51252
2021-06-22 09:46:52,12222.0,51252
2021-06-22 09:46:53,12222.0,51252
2021-06-22 09:46:54,12222.0,51252
2021-06-22 09:46:55,12222.0,51252
2021-06-22 09:46:56,12222.0,51252
2021-06-22 09:46:58,12222.0,51252
2021-06-22 09:46:59,12221.85,51263
2021-06-22 09:46:59,12221.85,51263
2021-06-22 09:47:01,12221.85,51263
2021-06-22 09:47:03,12221.85,51263
2021-06-22 09:47:04,12222.0,51266
2021-06-22 09:47:06,12215.1,51292
2021-06-22 09:47:07,12215.1,51292
2021-06-22 09:47:08,12215.1,51292
2021-06-22 09:47:08,12215.1,51292
2021-06-22 09:47:09,12220.0,51298
2021-06-22 09:47:10,12220.0,51298
2021-06-22 09:47:12,12220.0,51310
2021-06-22 09:47:13,12220.0,51310
2021-06-22 09:47:14,12220.0,51721
2021-06-22 09:47:15,12220.0,51721
2021-06-22 09:47:16,12220.0,51721
2021-06-22 09:47:17,12221.1,51737
2021-06-22 09:47:18,12220.0,51743
2021-06-22 09:47:19,12220.0,51743
2021-06-22 09:47:20,12220.0,51743
2021-06-22 09:47:21,12220.0,51743
2021-06-22 09:47:22,12220.0,51743
2021-06-22 09:47:23,12220.0,51743
2021-06-22 09:47:25,12224.9,51763
2021-06-22 09:47:26,12219.0,51766
2021-06-22 09:47:27,12219.0,51766
2021-06-22 09:47:27,12219.0,51766
2021-06-22 09:47:28,12219.0,51775
2021-06-22 09:47:29,12216.0,51790
2021-06-22 09:47:30,12216.0,51790
2021-06-22 09:47:31,12221.0,51798
2021-06-22 09:47:34,12221.0,51806
2021-06-22 09:47:35,12221.0,51816
2021-06-22 09:47:37,12221.0,51816
2021-06-22 09:47:38,12221.0,51816
2021-06-22 09:47:40,12221.0,51816
2021-06-22 09:47:41,12221.0,51816
2021-06-22 09:47:41,12221.0,51816
2021-06-22 09:47:42,12221.0,51816
2021-06-22 09:47:44,12221.0,51816
2021-06-22 09:47:45,12221.0,51816
2021-06-22 09:47:46,12221.0,51816
2021-06-22 09:47:47,12221.0,51816
2021-06-22 09:47:48,12221.0,51816
2021-06-22 09:47:50,12216.0,51817
2021-06-22 09:47:51,12216.0,51817
2021-06-22 09:47:51,12216.0,51817
2021-06-22 09:47:52,12216.0,51817
2021-06-22 09:47:53,12216.0,51817
2021-06-22 09:47:54,12216.0,51817
2021-06-22 09:47:55,12216.0,51818
2021-06-22 09:47:56,12216.0,51819
2021-06-22 09:47:58,12220.95,51820
2021-06-22 09:47:59,12216.45,51822
2021-06-22 09:47:59,12216.45,51822
2021-06-22 09:48:00,12216.0,51826
2021-06-22 09:48:02,12216.0,51826
2021-06-22 09:48:03,12221.8,51876
2021-06-22 09:48:04,12216.15,51887
2021-06-22 09:48:04,12216.15,51888
2021-06-22 09:48:05,12216.15,51888
2021-06-22 09:48:06,12216.15,51888
2021-06-22 09:48:07,12216.15,51888
2021-06-22 09:48:09,12217.0,51890
2021-06-22 09:48:10,12217.0,51890
2021-06-22 09:48:11,12217.0,51890
2021-06-22 09:48:11,12217.0,51890
2021-06-22 09:48:12,12217.0,51890
2021-06-22 09:48:15,12220.0,51940
2021-06-22 09:48:16,12216.6,51949
2021-06-22 09:48:17,12216.6,51949
2021-06-22 09:48:17,12216.6,51949
2021-06-22 09:48:18,12216.6,51949
2021-06-22 09:48:21,12216.6,51951
2021-06-22 09:48:22,12217.0,51961
2021-06-22 09:48:23,12217.0,51961
2021-06-22 09:48:25,12215.0,53424
2021-06-22 09:48:26,12215.0,53424
2021-06-22 09:48:27,12215.0,53424
2021-06-22 09:48:27,12215.0,53424
2021-06-22 09:48:28,12210.0,53428
2021-06-22 09:48:29,12215.0,53429
2021-06-22 09:48:32,12208.35,53467
2021-06-22 09:48:33,12212.0,53520
2021-06-22 09:48:34,12206.15,53561
2021-06-22 09:48:35,12212.55,53568
2021-06-22 09:48:35,12212.55,53568
2021-06-22 09:48:36,12215.6,53569
2021-06-22 09:48:38,12215.6,53569
2021-06-22 09:48:39,12209.0,53570
2021-06-22 09:48:40,12209.0,53570
2021-06-22 09:48:40,12209.0,53570
2021-06-22 09:48:41,12209.0,53570
2021-06-22 09:48:42,12215.6,53620
2021-06-22 09:48:44,12215.6,53620
2021-06-22 09:48:45,12215.6,53620
2021-06-22 09:48:46,12215.6,53620
2021-06-22 09:48:46,12215.6,53620
2021-06-22 09:48:47,12214.0,53625
2021-06-22 09:48:48,12212.5,53664
2021-06-22 09:48:51,12212.5,53664
2021-06-22 09:48:52,12212.5,53664
2021-06-22 09:48:55,12213.0,53700
2021-06-22 09:48:56,12213.0,53706
2021-06-22 09:48:58,12215.55,53854
2021-06-22 09:48:59,12218.45,53989
2021-06-22 09:49:00,12218.05,54006
2021-06-22 09:49:02,12217.55,54059
2021-06-22 09:49:02,12220.0,54060
2021-06-22 09:49:03,12216.85,54077
2021-06-22 09:49:04,12216.85,54077
2021-06-22 09:49:05,12215.05,54102
2021-06-22 09:49:06,12215.1,54112
2021-06-22 09:49:08,12215.1,54112
2021-06-22 09:49:09,12215.1,54112
2021-06-22 09:49:10,12221.95,54137
2021-06-22 09:49:10,12221.95,54137
2021-06-22 09:49:12,12221.95,54137
2021-06-22 09:49:14,12221.95,54137
2021-06-22 09:49:15,12226.9,54277
2021-06-22 09:49:16,12226.9,54277
2021-06-22 09:49:16,12226.9,54277
2021-06-22 09:49:17,12220.05,54278
2021-06-22 09:49:18,12225.5,54279
2021-06-22 09:49:19,12225.5,54279
2021-06-22 09:49:21,12226.0,54329
2021-06-22 09:49:23,12226.0,54329
2021-06-22 09:49:24,12226.0,54329
2021-06-22 09:49:25,12226.0,54329
2021-06-22 09:49:25,12226.0,54329
2021-06-22 09:49:26,12226.3,54331
2021-06-22 09:49:27,12226.3,54331
2021-06-22 09:49:28,12226.0,54341
2021-06-22 09:49:30,12229.2,54361
2021-06-22 09:49:31,12229.2,54361
2021-06-22 09:49:32,12225.15,54363
2021-06-22 09:49:33,12222.15,54374
2021-06-22 09:49:35,12222.15,54374
2021-06-22 09:49:36,12222.15,54374
2021-06-22 09:49:37,12222.15,54374
2021-06-22 09:49:37,12222.15,54374
2021-06-22 09:49:38,12224.45,54392
2021-06-22 09:49:39,12222.05,54394
2021-06-22 09:49:40,12222.05,54394
2021-06-22 09:49:42,12222.05,54394
2021-06-22 09:49:43,12222.05,54394
2021-06-22 09:49:44,12222.05,54394
2021-06-22 09:49:45,12222.05,54394
2021-06-22 09:49:46,12227.9,54397
2021-06-22 09:49:48,12227.9,54397
2021-06-22 09:49:49,12227.9,54397
2021-06-22 09:49:50,12227.9,54397
2021-06-22 09:49:51,12227.9,54397
2021-06-22 09:49:53,12229.35,54417
2021-06-22 09:49:54,12229.35,54417
2021-06-22 09:49:55,12229.35,54417
2021-06-22 09:49:56,12229.85,54437
2021-06-22 09:49:57,12223.1,54438
2021-06-22 09:49:57,12223.1,54438
2021-06-22 09:49:58,12223.1,54438
2021-06-22 09:49:59,12223.1,54438
2021-06-22 09:50:01,12223.1,54440
2021-06-22 09:50:02,12223.1,54440
2021-06-22 09:50:03,12223.1,54440
2021-06-22 09:50:04,12223.1,54440
2021-06-22 09:50:05,12222.8,54460
2021-06-22 09:50:07,12222.8,54460
2021-06-22 09:50:08,12222.8,54460
2021-06-22 09:50:09,12222.8,54460
2021-06-22 09:50:10,12222.8,54460
2021-06-22 09:50:11,12222.8,54460
2021-06-22 09:50:11,12222.8,54460
2021-06-22 09:50:13,12222.8,54460
2021-06-22 09:50:14,12222.8,54460
2021-06-22 09:50:15,12222.95,54464
2021-06-22 09:50:16,12222.95,54464
2021-06-22 09:50:17,12222.95,54464
2021-06-22 09:50:18,12222.95,54464
2021-06-22 09:50:19,12222.95,54464
2021-06-22 09:50:20,12222.95,54464
2021-06-22 09:50:22,12222.95,54464
2021-06-22 09:50:23,12223.15,54485
2021-06-22 09:50:24,12223.15,54485
2021-06-22 09:50:24,12223.15,54485
2021-06-22 09:50:25,12228.05,54495
2021-06-22 09:50:27,12228.05,54495
2021-06-22 09:50:28,12228.05,54495
2021-06-22 09:50:29,12228.05,54495
2021-06-22 09:50:30,12228.05,54495
2021-06-22 09:50:31,12221.95,54508
2021-06-22 09:50:32,12220.0,54514
2021-06-22 09:50:33,12220.0,54563
2021-06-22 09:50:34,12219.55,54573
2021-06-22 09:50:36,12222.0,54680
2021-06-22 09:50:37,12222.0,54680
2021-06-22 09:50:38,12222.0,54680
2021-06-22 09:50:38,12221.85,54682
2021-06-22 09:50:39,12221.85,54682
2021-06-22 09:50:41,12221.85,54682
2021-06-22 09:50:42,12221.85,54682
2021-06-22 09:50:43,12221.85,54682
2021-06-22 09:50:44,12219.85,54684
2021-06-22 09:50:45,12220.0,54711
2021-06-22 09:50:46,12220.0,54711
2021-06-22 09:50:46,12220.0,54711
2021-06-22 09:50:48,12221.9,54721
2021-06-22 09:50:49,12221.9,54721
2021-06-22 09:50:50,12221.9,54721
2021-06-22 09:50:51,12221.9,54721
2021-06-22 09:50:52,12221.9,54721
2021-06-22 09:50:52,12221.9,54721
2021-06-22 09:50:53,12221.9,54721
2021-06-22 09:50:55,12221.9,54721
2021-06-22 09:50:56,12221.9,54721
2021-06-22 09:50:57,12221.9,54721
2021-06-22 09:50:58,12216.6,54730
2021-06-22 09:50:59,12216.6,54730
2021-06-22 09:51:00,12216.6,54730
2021-06-22 09:51:01,12216.6,54730
2021-06-22 09:51:02,12218.0,54750
2021-06-22 09:51:02,12216.6,54730
2021-06-22 09:51:04,12218.0,54750
2021-06-22 09:51:05,12218.0,54750
2021-06-22 09:51:06,12218.0,54750
2021-06-22 09:51:07,12218.0,54751
2021-06-22 09:51:08,12215.0,54776
2021-06-22 09:51:10,12215.0,54776
2021-06-22 09:51:11,12215.0,54776
2021-06-22 09:51:12,12214.0,54781
2021-06-22 09:51:14,12214.0,54781
2021-06-22 09:51:15,12214.0,54793
2021-06-22 09:51:15,12214.0,54793
2021-06-22 09:51:16,12214.0,54793
2021-06-22 09:51:18,12210.35,54810
2021-06-22 09:51:19,12210.35,54810
2021-06-22 09:51:21,12213.3,54820
2021-06-22 09:51:23,12215.2,54854
2021-06-22 09:51:23,12215.3,54849
2021-06-22 09:51:24,12215.2,54854
2021-06-22 09:51:26,12213.95,54886
2021-06-22 09:51:27,12207.75,54901
2021-06-22 09:51:28,12211.3,54916
2021-06-22 09:51:29,12211.3,54929
2021-06-22 09:51:30,12211.3,54929
2021-06-22 09:51:30,12211.3,54929
2021-06-22 09:51:31,12215.2,54939
2021-06-22 09:51:33,12211.0,54949
2021-06-22 09:51:34,12211.0,54949
2021-06-22 09:51:35,12215.0,54951
2021-06-22 09:51:36,12215.0,54951
2021-06-22 09:51:37,12215.05,54954
2021-06-22 09:51:38,12215.05,54954
2021-06-22 09:51:39,12215.05,54954
2021-06-22 09:51:40,12215.05,54954
2021-06-22 09:51:41,12215.05,54954
2021-06-22 09:51:42,12221.0,54956
2021-06-22 09:51:45,12215.8,54958
2021-06-22 09:51:45,12221.0,54967
2021-06-22 09:51:46,12221.0,54967
2021-06-22 09:51:48,12221.0,54967
2021-06-22 09:51:49,12214.05,55007
2021-06-22 09:51:51,12220.0,55029
2021-06-22 09:51:51,12220.0,55029
2021-06-22 09:51:53,12221.0,55050
2021-06-22 09:51:54,12222.0,55080
2021-06-22 09:51:55,12219.0,55081
2021-06-22 09:51:57,12217.0,55181
2021-06-22 09:51:59,12222.0,55186
2021-06-22 09:52:00,12217.25,55190
2021-06-22 09:52:01,12217.25,55190
2021-06-22 09:52:02,12217.25,55190
2021-06-22 09:52:03,12217.25,55190
2021-06-22 09:52:04,12217.25,55190
2021-06-22 09:52:04,12217.25,55190
2021-06-22 09:52:06,12215.0,55195
2021-06-22 09:52:07,12218.0,55239
2021-06-22 09:52:08,12218.0,55239
2021-06-22 09:52:09,12218.0,55239
2021-06-22 09:52:10,12218.0,55239
2021-06-22 09:52:11,12215.0,55240
2021-06-22 09:52:11,12215.0,55240
2021-06-22 09:52:13,12215.0,55240
2021-06-22 09:52:14,12215.0,55240
2021-06-22 09:52:16,12218.55,55250
2021-06-22 09:52:17,12218.55,55250
2021-06-22 09:52:18,12221.95,55255
2021-06-22 09:52:19,12215.4,55275
2021-06-22 09:52:20,12215.4,55275
2021-06-22 09:52:21,12222.8,55374
2021-06-22 09:52:22,12215.95,55389
2021-06-22 09:52:23,12222.0,55398
2021-06-22 09:52:24,12222.0,55401
2021-06-22 09:52:25,12222.0,55421
2021-06-22 09:52:26,12222.0,55421
2021-06-22 09:52:27,12222.0,55421
2021-06-22 09:52:28,12222.0,55457
2021-06-22 09:52:29,12222.0,55457
2021-06-22 09:52:30,12222.0,55457
2021-06-22 09:52:31,12222.0,55457
2021-06-22 09:52:32,12222.0,55457
2021-06-22 09:52:33,12222.0,55457
2021-06-22 09:52:35,12222.0,55477
2021-06-22 09:52:34,12222.0,55477
2021-06-22 09:52:36,12215.0,55905
2021-06-22 09:52:37,12215.0,55939
2021-06-22 09:52:38,12215.0,55939
2021-06-22 09:52:39,12215.0,55939
2021-06-22 09:52:41,12215.0,55939
2021-06-22 09:52:40,12215.0,55939
2021-06-22 09:52:42,12215.0,55939
2021-06-22 09:52:43,12215.0,55939
2021-06-22 09:52:44,12215.0,55939
2021-06-22 09:52:45,12215.0,55939
2021-06-22 09:52:46,12215.0,55939
2021-06-22 09:52:47,12215.0,55939
2021-06-22 09:52:48,12220.0,55954
2021-06-22 09:52:49,12220.0,55954
2021-06-22 09:52:50,12220.0,55954
2021-06-22 09:52:51,12220.0,55954
2021-06-22 09:52:52,12220.0,55954
2021-06-22 09:52:53,12215.0,55979
2021-06-22 09:52:54,12215.0,55979
2021-06-22 09:52:56,12215.0,55979
2021-06-22 09:52:57,12215.0,55981
2021-06-22 09:52:58,12215.0,55981
2021-06-22 09:52:59,12213.0,56000
2021-06-22 09:53:00,12213.0,56000
2021-06-22 09:53:01,12209.8,56077
2021-06-22 09:53:02,12209.8,56077
2021-06-22 09:53:03,12208.05,56083
2021-06-22 09:53:04,12208.05,56085
2021-06-22 09:53:06,12207.0,56093
2021-06-22 09:53:07,12206.0,56156
2021-06-22 09:53:08,12206.0,56156
2021-06-22 09:53:09,12206.0,56156
2021-06-22 09:53:10,12206.0,56156
2021-06-22 09:53:11,12206.0,56156
2021-06-22 09:53:12,12210.0,56157
2021-06-22 09:53:14,12210.0,56157
2021-06-22 09:53:15,12216.1,56209
2021-06-22 09:53:16,12216.1,56209
2021-06-22 09:53:17,12216.1,56209
2021-06-22 09:53:18,12216.1,56209
2021-06-22 09:53:20,12216.1,56209
2021-06-22 09:53:21,12216.1,56209
2021-06-22 09:53:22,12216.1,56209
2021-06-22 09:53:23,12216.1,56209
2021-06-22 09:53:24,12216.1,56209
2021-06-22 09:53:25,12215.0,56214
2021-06-22 09:53:26,12215.0,56214
2021-06-22 09:53:29,12215.0,56217
2021-06-22 09:53:30,12215.0,56217
2021-06-22 09:53:31,12215.95,56223
2021-06-22 09:53:32,12215.95,56223
2021-06-22 09:53:33,12215.95,56223
2021-06-22 09:53:34,12215.95,56223
2021-06-22 09:53:35,12215.95,56223
2021-06-22 09:53:36,12210.1,56224
2021-06-22 09:53:38,12210.1,56232
2021-06-22 09:53:39,12210.1,56232
2021-06-22 09:53:40,12210.1,56234
2021-06-22 09:53:41,12210.1,56234
2021-06-22 09:53:44,12216.0,56235
2021-06-22 09:53:45,12216.0,56235
2021-06-22 09:53:46,12216.0,56235
2021-06-22 09:53:47,12216.0,56235
2021-06-22 09:53:48,12216.0,56235
2021-06-22 09:53:49,12216.0,56235
2021-06-22 09:53:50,12216.0,56235
2021-06-22 09:53:51,12215.4,56236
2021-06-22 09:53:53,12215.4,56236
2021-06-22 09:53:54,12215.4,56236
2021-06-22 09:53:55,12215.4,56236
2021-06-22 09:53:56,12215.4,56236
2021-06-22 09:53:57,12215.4,56236
2021-06-22 09:54:00,12211.45,56240
2021-06-22 09:54:01,12211.45,56240
2021-06-22 09:54:02,12211.45,56240
2021-06-22 09:54:03,12211.45,56240
2021-06-22 09:54:04,12215.75,56261
2021-06-22 09:54:05,12215.75,56261
2021-06-22 09:54:06,12215.75,56261
2021-06-22 09:54:07,12211.5,56331
2021-06-22 09:54:08,12211.5,56331
2021-06-22 09:54:09,12207.0,56431
2021-06-22 09:54:10,12207.0,56431
2021-06-22 09:54:11,12207.0,56431
2021-06-22 09:54:12,12214.0,56432
2021-06-22 09:54:13,12214.9,56444
2021-06-22 09:54:14,12214.9,56444
2021-06-22 09:54:15,12214.9,56444
2021-06-22 09:54:16,12214.7,56450
2021-06-22 09:54:17,12214.7,56450
2021-06-22 09:54:18,12211.0,56453
2021-06-22 09:54:20,12215.0,56461
2021-06-22 09:54:20,12215.0,56461
2021-06-22 09:54:21,12215.0,56461
2021-06-22 09:54:22,12215.0,56463
2021-06-22 09:54:23,12215.0,56463
2021-06-22 09:54:24,12215.0,56463
2021-06-22 09:54:26,12215.0,56463
2021-06-22 09:54:30,12215.0,56463
2021-06-22 09:54:30,12215.0,56463
2021-06-22 09:54:31,12215.0,56463
2021-06-22 09:54:32,12207.0,56503
2021-06-22 09:54:33,12207.0,56503
2021-06-22 09:54:34,12207.0,56504
2021-06-22 09:54:35,12207.0,56504
2021-06-22 09:54:36,12207.0,56504
2021-06-22 09:54:38,12207.0,56504
2021-06-22 09:54:39,12207.0,56504
2021-06-22 09:54:41,12207.0,56509
2021-06-22 09:54:42,12207.0,56509
2021-06-22 09:54:43,12210.0,56534
2021-06-22 09:54:45,12210.0,56534
2021-06-22 09:54:45,12210.0,56534
2021-06-22 09:54:46,12210.0,56547
2021-06-22 09:54:47,12210.0,56547
2021-06-22 09:54:48,12210.0,56547
2021-06-22 09:54:49,12207.0,56571
2021-06-22 09:54:50,12207.0,56571
2021-06-22 09:54:51,12210.0,56572
2021-06-22 09:54:52,12207.05,56746
2021-06-22 09:54:54,12207.05,56746
2021-06-22 09:54:54,12207.05,56746
2021-06-22 09:54:55,12207.05,56746
2021-06-22 09:54:56,12207.05,56746
2021-06-22 09:54:57,12207.05,56746
2021-06-22 09:54:58,12207.05,56746
2021-06-22 09:54:59,12201.0,56865
2021-06-22 09:55:00,12200.0,57102
2021-06-22 09:55:01,12201.0,57113
2021-06-22 09:55:02,12201.0,57117
2021-06-22 09:55:04,12201.0,57124
2021-06-22 09:55:04,12201.0,57124
2021-06-22 09:55:05,12201.1,57125
2021-06-22 09:55:06,12201.1,57125
2021-06-22 09:55:07,12201.1,57125
2021-06-22 09:55:08,12201.1,57133
2021-06-22 09:55:10,12201.1,57133
2021-06-22 09:55:10,12200.0,57168
2021-06-22 09:55:11,12200.0,57168
2021-06-22 09:55:12,12204.95,57174
2021-06-22 09:55:13,12205.0,57175
2021-06-22 09:55:14,12200.0,57189
2021-06-22 09:55:15,12200.0,57189
2021-06-22 09:55:16,12201.0,57192
2021-06-22 09:55:18,12200.1,57195
2021-06-22 09:55:18,12200.1,57195
2021-06-22 09:55:19,12201.1,57200
2021-06-22 09:55:21,12205.45,57376
2021-06-22 09:55:22,12202.0,57389
2021-06-22 09:55:23,12205.0,57452
2021-06-22 09:55:24,12203.6,57454
2021-06-22 09:55:26,12201.95,57464
2021-06-22 09:55:26,12201.95,57464
2021-06-22 09:55:27,12209.2,57514
2021-06-22 09:55:28,12210.0,57535
2021-06-22 09:55:29,12213.4,57749
2021-06-22 09:55:30,12215.0,57754
2021-06-22 09:55:31,12215.0,57757
2021-06-22 09:55:32,12215.0,57757
2021-06-22 09:55:33,12218.7,57807
2021-06-22 09:55:34,12218.7,57807
2021-06-22 09:55:36,12218.9,57867
2021-06-22 09:55:36,12218.9,57867
2021-06-22 09:55:37,12215.0,57907
2021-06-22 09:55:38,12215.95,57924
2021-06-22 09:55:39,12215.95,57924
2021-06-22 09:55:40,12215.95,57924
2021-06-22 09:55:41,12215.95,57924
2021-06-22 09:55:42,12214.85,58024
2021-06-22 09:55:43,12214.85,58024
2021-06-22 09:55:44,12212.85,58201
2021-06-22 09:55:46,12212.85,58201
2021-06-22 09:55:47,12212.85,58201
2021-06-22 09:55:47,12212.85,58201
2021-06-22 09:55:49,12210.0,58211
2021-06-22 09:55:50,12218.0,58351
2021-06-22 09:55:51,12215.0,58416
2021-06-22 09:55:52,12214.4,58419
2021-06-22 09:55:54,12214.35,58425
2021-06-22 09:55:54,12214.35,58425
2021-06-22 09:55:55,12214.35,58425
2021-06-22 09:55:56,12213.95,58488
2021-06-22 09:55:57,12213.95,58488
2021-06-22 09:55:58,12211.45,58495
2021-06-22 09:55:59,12211.45,58495
2021-06-22 09:56:00,12211.0,58499
2021-06-22 09:56:02,12210.5,58554
2021-06-22 09:56:02,12210.5,58554
2021-06-22 09:56:03,12210.1,58605
2021-06-22 09:56:04,12210.1,58625
2021-06-22 09:56:05,12210.3,58648
2021-06-22 09:56:08,12213.0,58699
2021-06-22 09:56:08,12213.0,58699
2021-06-22 09:56:09,12209.95,58765
2021-06-22 09:56:10,12204.8,58774
2021-06-22 09:56:11,12204.4,58825
2021-06-22 09:56:12,12204.5,58855
2021-06-22 09:56:13,12205.2,58970
2021-06-22 09:56:14,12207.25,59038
2021-06-22 09:56:15,12214.3,59090
2021-06-22 09:56:16,12207.3,59141
2021-06-22 09:56:19,12212.85,59151
2021-06-22 09:56:19,12212.85,59151
2021-06-22 09:56:20,12209.0,59242
2021-06-22 09:56:22,12214.0,59258
2021-06-22 09:56:23,12214.0,59258
2021-06-22 09:56:26,12214.0,59263
2021-06-22 09:56:27,12212.95,59280
2021-06-22 09:56:28,12212.95,59280
2021-06-22 09:56:28,12212.95,59280
2021-06-22 09:56:29,12212.95,59286
2021-06-22 09:56:31,12214.0,59288
2021-06-22 09:56:33,12214.0,59288
2021-06-22 09:56:34,12214.0,59288
2021-06-22 09:56:35,12214.0,59288
2021-06-22 09:56:35,12214.0,59288
2021-06-22 09:56:36,12214.0,59288
2021-06-22 09:56:37,12210.0,59289
2021-06-22 09:56:39,12210.0,59289
2021-06-22 09:56:40,12210.0,59297
2021-06-22 09:56:41,12210.0,59297
2021-06-22 09:56:42,12210.0,59297
2021-06-22 09:56:42,12210.0,59297
2021-06-22 09:56:43,12210.0,59297
2021-06-22 09:56:44,12210.0,59297
2021-06-22 09:56:45,12209.0,59302
2021-06-22 09:56:46,12209.0,59310
2021-06-22 09:56:47,12210.1,59315
2021-06-22 09:56:49,12211.0,59319
2021-06-22 09:56:50,12211.9,59321
2021-06-22 09:56:50,12211.9,59321
2021-06-22 09:56:53,12211.9,59321
2021-06-22 09:56:54,12211.9,59321
2021-06-22 09:56:55,12210.0,59446
2021-06-22 09:56:56,12210.0,59557
2021-06-22 09:56:56,12210.95,59558
2021-06-22 09:56:57,12210.0,59561
2021-06-22 09:56:58,12210.0,59563
2021-06-22 09:56:59,12210.0,59563
2021-06-22 09:57:01,12212.0,59778
2021-06-22 09:57:02,12217.85,59785
2021-06-22 09:57:03,12212.0,59805
2021-06-22 09:57:03,12212.0,59805
2021-06-22 09:57:04,12212.0,59805
2021-06-22 09:57:05,12212.0,59805
2021-06-22 09:57:06,12217.85,59815
2021-06-22 09:57:09,12220.0,59911
2021-06-22 09:57:09,12221.55,59913
2021-06-22 09:57:10,12221.55,59913
2021-06-22 09:57:11,12222.0,59919
2021-06-22 09:57:12,12220.0,59959
2021-06-22 09:57:13,12218.65,60009
2021-06-22 09:57:14,12220.0,60014
2021-06-22 09:57:15,12220.0,60034
2021-06-22 09:57:16,12219.7,60051
2021-06-22 09:57:18,12222.0,60053
2021-06-22 09:57:19,12220.0,60055
2021-06-22 09:57:21,12222.0,60070
2021-06-22 09:57:22,12222.95,60080
2021-06-22 09:57:22,12222.95,60080
2021-06-22 09:57:23,12223.0,60090
2021-06-22 09:57:24,12225.0,60140
2021-06-22 09:57:25,12222.0,60160
2021-06-22 09:57:26,12220.25,60176
2021-06-22 09:57:27,12220.0,60180
2021-06-22 09:57:28,12222.0,60181
2021-06-22 09:57:32,12220.0,60217
2021-06-22 09:57:34,12220.0,60228
2021-06-22 09:57:34,12220.0,60233
2021-06-22 09:57:35,12221.95,60308
2021-06-22 09:57:36,12221.95,60308
2021-06-22 09:57:37,12221.95,60309
2021-06-22 09:57:38,12221.0,60311
2021-06-22 09:57:39,12221.0,60311
2021-06-22 09:57:40,12220.0,60331
2021-06-22 09:57:41,12214.0,60570
2021-06-22 09:57:42,12212.0,60580
2021-06-22 09:57:43,12214.95,60582
2021-06-22 09:57:44,12210.7,60611
2021-06-22 09:57:45,12215.0,60628
2021-06-22 09:57:46,12214.0,60630
2021-06-22 09:57:47,12213.8,60646
2021-06-22 09:57:48,12213.8,60646
2021-06-22 09:57:49,12213.8,60646
2021-06-22 09:57:51,12214.0,60650
2021-06-22 09:57:52,12210.0,60659
2021-06-22 09:57:53,12210.0,60659
2021-06-22 09:57:54,12210.05,60671
2021-06-22 09:57:55,12216.9,60679
2021-06-22 09:57:56,12216.9,60681
2021-06-22 09:57:57,12216.9,60681
2021-06-22 09:57:58,12216.9,60681
2021-06-22 09:57:59,12216.9,60681
2021-06-22 09:58:01,12216.75,60686
2021-06-22 09:58:02,12216.75,60686
2021-06-22 09:58:03,12216.75,60686
2021-06-22 09:58:04,12216.75,60686
2021-06-22 09:58:05,12216.75,60686
2021-06-22 09:58:06,12216.75,60686
2021-06-22 09:58:07,12217.15,60691
2021-06-22 09:58:08,12218.4,60694
2021-06-22 09:58:09,12218.4,60694
2021-06-22 09:58:10,12218.4,60694
2021-06-22 09:58:11,12218.4,60694
2021-06-22 09:58:11,12218.4,60694
2021-06-22 09:58:12,12215.85,60714
2021-06-22 09:58:13,12215.85,60714
2021-06-22 09:58:14,12215.85,60714
2021-06-22 09:58:15,12215.85,60714
2021-06-22 09:58:17,12215.7,60715
2021-06-22 09:58:18,12215.7,60715
2021-06-22 09:58:19,12215.7,60715
2021-06-22 09:58:19,12215.7,60715
2021-06-22 09:58:21,12215.7,60715
2021-06-22 09:58:23,12215.7,60715
2021-06-22 09:58:24,12215.7,60715
2021-06-22 09:58:25,12214.9,60716
2021-06-22 09:58:25,12214.9,60716
2021-06-22 09:58:26,12212.6,60732
2021-06-22 09:58:27,12209.0,61085
2021-06-22 09:58:28,12209.0,61085
2021-06-22 09:58:30,12207.0,61100
2021-06-22 09:58:31,12206.0,61105
2021-06-22 09:58:32,12205.5,61120
2021-06-22 09:58:33,12207.0,61154
2021-06-22 09:58:33,12207.0,61154
2021-06-22 09:58:34,12207.0,61203
2021-06-22 09:58:36,12201.05,61335
2021-06-22 09:58:37,12208.65,61338
2021-06-22 09:58:38,12208.65,61338
2021-06-22 09:58:39,12208.35,61339
2021-06-22 09:58:40,12201.5,61368
2021-06-22 09:58:40,12201.6,61371
2021-06-22 09:58:41,12201.6,61371
2021-06-22 09:58:42,12209.15,61381
2021-06-22 09:58:43,12202.0,61391
2021-06-22 09:58:44,12202.0,61391
2021-06-22 09:58:46,12209.0,61407
2021-06-22 09:58:47,12209.0,61417
2021-06-22 09:58:48,12206.0,61419
2021-06-22 09:58:49,12202.0,61489
2021-06-22 09:58:50,12208.95,61529
2021-06-22 09:58:51,12208.95,61529
2021-06-22 09:58:52,12203.0,61541
2021-06-22 09:58:52,12203.0,61541
2021-06-22 09:58:53,12203.0,61541
2021-06-22 09:58:56,12210.0,61583
2021-06-22 09:58:57,12208.0,61599
2021-06-22 09:58:58,12208.0,61599
2021-06-22 09:58:59,12210.35,61641
2021-06-22 09:59:00,12203.35,61676
2021-06-22 09:59:01,12203.0,61679
2021-06-22 09:59:02,12203.0,61679
2021-06-22 09:59:03,12203.0,61691
2021-06-22 09:59:03,12203.0,61691
2021-06-22 09:59:04,12208.3,61706
2021-06-22 09:59:05,12205.0,61726
2021-06-22 09:59:06,12205.0,61740
2021-06-22 09:59:07,12205.0,61740
2021-06-22 09:59:08,12205.0,61740
2021-06-22 09:59:09,12208.15,61745
2021-06-22 09:59:10,12208.15,61745
2021-06-22 09:59:11,12208.15,61745
2021-06-22 09:59:12,12208.15,61745
2021-06-22 09:59:13,12208.15,61745
2021-06-22 09:59:15,12208.15,61745
2021-06-22 09:59:16,12208.95,61750
2021-06-22 09:59:17,12208.95,61750
2021-06-22 09:59:18,12210.9,61760
2021-06-22 09:59:19,12214.55,61765
2021-06-22 09:59:20,12211.0,61770
2021-06-22 09:59:22,12209.05,61807
2021-06-22 09:59:23,12209.05,61807
2021-06-22 09:59:25,12212.0,61814
2021-06-22 09:59:26,12212.0,61814
2021-06-22 09:59:26,12212.0,61814
2021-06-22 09:59:27,12212.0,61815
2021-06-22 09:59:28,12209.0,61822
2021-06-22 09:59:29,12212.0,61844
2021-06-22 09:59:30,12212.0,61844
2021-06-22 09:59:32,12211.85,61847
2021-06-22 09:59:33,12211.85,61847
2021-06-22 09:59:34,12214.55,61861
2021-06-22 09:59:36,12214.55,61864
2021-06-22 09:59:36,12214.55,61864
2021-06-22 09:59:37,12214.55,61864
2021-06-22 09:59:38,12211.5,61866
2021-06-22 09:59:39,12211.45,61870
2021-06-22 09:59:40,12211.45,61873
2021-06-22 09:59:41,12211.45,61873
2021-06-22 09:59:42,12211.45,61873
2021-06-22 09:59:43,12211.45,61873
2021-06-22 09:59:46,12214.55,62112
2021-06-22 09:59:47,12211.45,62115
2021-06-22 09:59:48,12211.45,62115
2021-06-22 09:59:49,12209.45,62140
2021-06-22 09:59:50,12210.1,62149
2021-06-22 09:59:51,12214.9,62152
2021-06-22 09:59:52,12209.5,62157
2021-06-22 09:59:53,12209.45,62171
2021-06-22 09:59:54,12209.45,62171
2021-06-22 09:59:54,12209.45,62171
2021-06-22 09:59:55,12209.0,62174
2021-06-22 09:59:56,12208.95,62183
2021-06-22 09:59:57,12209.5,62193
2021-06-22 09:59:58,12212.95,62214
2021-06-22 09:59:59,12212.95,62214
2021-06-22 10:00:00,12208.95,62258
2021-06-22 10:00:01,12208.95,62258
2021-06-22 10:00:02,12208.95,62258
2021-06-22 10:00:04,12212.0,62274
2021-06-22 10:00:05,12206.2,62277
2021-06-22 10:00:06,12205.0,62348
2021-06-22 10:00:07,12205.0,62348
2021-06-22 10:00:08,12205.0,62348
2021-06-22 10:00:08,12205.0,62348
2021-06-22 10:00:09,12205.0,62348
2021-06-22 10:00:10,12203.5,62351
2021-06-22 10:00:11,12203.35,62371
2021-06-22 10:00:13,12205.0,62461
2021-06-22 10:00:14,12207.0,62486
2021-06-22 10:00:15,12207.0,62486
2021-06-22 10:00:16,12207.0,62486
2021-06-22 10:00:17,12206.0,62521
2021-06-22 10:00:18,12200.35,62531
2021-06-22 10:00:20,12200.0,63211
2021-06-22 10:00:21,12200.0,63211
2021-06-22 10:00:22,12201.0,63294
2021-06-22 10:00:23,12201.0,63311
2021-06-22 10:00:24,12201.0,63311
2021-06-22 10:00:27,12206.7,63364
2021-06-22 10:00:28,12204.5,63376
2021-06-22 10:00:29,12205.4,63377
2021-06-22 10:00:30,12200.0,63379
2021-06-22 10:00:31,12200.0,63379
2021-06-22 10:00:32,12203.0,63557
2021-06-22 10:00:33,12182.85,64883
2021-06-22 10:00:33,12182.85,64883
2021-06-22 10:00:34,12188.15,65042
2021-06-22 10:00:35,12188.15,65084
2021-06-22 10:00:36,12188.15,65084
2021-06-22 10:00:38,12188.15,65115
2021-06-22 10:00:39,12183.95,65120
2021-06-22 10:00:40,12183.95,65120
2021-06-22 10:00:41,12182.0,65201
2021-06-22 10:00:42,12188.05,65210
2021-06-22 10:00:43,12181.95,65233
2021-06-22 10:00:43,12184.8,65252
2021-06-22 10:00:44,12184.8,65252
2021-06-22 10:00:45,12188.05,65364
2021-06-22 10:00:46,12187.95,65380
2021-06-22 10:00:48,12187.95,65380
2021-06-22 10:00:49,12184.05,65399
2021-06-22 10:00:50,12180.0,65580
2021-06-22 10:00:51,12180.05,65585
2021-06-22 10:00:52,12186.1,65592
2021-06-22 10:00:53,12186.35,65676
2021-06-22 10:00:54,12186.0,65681
2021-06-22 10:00:55,12180.3,65708
2021-06-22 10:00:56,12181.2,65801
2021-06-22 10:00:57,12167.75,66391
2021-06-22 10:00:57,12179.0,66450
2021-06-22 10:00:59,12179.85,66470
2021-06-22 10:01:00,12179.85,66470
2021-06-22 10:01:02,12181.05,66478
2021-06-22 10:01:03,12176.05,66500
2021-06-22 10:01:04,12176.05,66515
2021-06-22 10:01:05,12181.05,66533
2021-06-22 10:01:06,12175.15,66564
2021-06-22 10:01:07,12175.45,66569
2021-06-22 10:01:08,12179.6,66596
2021-06-22 10:01:09,12175.0,66733
2021-06-22 10:01:10,12175.0,66735
2021-06-22 10:01:11,12174.0,66758
2021-06-22 10:01:12,12173.95,66768
2021-06-22 10:01:13,12174.8,66781
2021-06-22 10:01:13,12174.8,66781
2021-06-22 10:01:14,12174.8,66842
2021-06-22 10:01:15,12174.8,66872
2021-06-22 10:01:16,12170.3,66890
2021-06-22 10:01:17,12172.45,66961
2021-06-22 10:01:18,12170.35,66981
2021-06-22 10:01:20,12172.0,66986
2021-06-22 10:01:21,12173.95,66996
2021-06-22 10:01:22,12171.1,67001
2021-06-22 10:01:25,12184.15,67166
2021-06-22 10:01:26,12184.3,67206
2021-06-22 10:01:27,12182.35,67228
2021-06-22 10:01:28,12183.05,67324
2021-06-22 10:01:30,12187.0,67414
2021-06-22 10:01:31,12181.0,67434
2021-06-22 10:01:33,12174.95,67574
2021-06-22 10:01:34,12175.0,67752
2021-06-22 10:01:36,12170.0,67836
2021-06-22 10:01:37,12177.95,67874
2021-06-22 10:01:38,12179.0,67919
2021-06-22 10:01:39,12172.35,68009
2021-06-22 10:01:41,12176.95,68124
2021-06-22 10:01:42,12176.95,68124
2021-06-22 10:01:43,12166.0,68252
2021-06-22 10:01:43,12166.0,68252
2021-06-22 10:01:45,12169.95,68255
2021-06-22 10:01:46,12165.0,68482
2021-06-22 10:01:47,12160.0,68546
2021-06-22 10:01:48,12160.0,68650
2021-06-22 10:01:49,12166.0,68705
2021-06-22 10:01:50,12161.1,68756
2021-06-22 10:01:51,12161.1,68809
2021-06-22 10:01:53,12160.4,68890
2021-06-22 10:01:53,12161.15,68901
2021-06-22 10:01:55,12161.0,68910
2021-06-22 10:01:56,12160.1,68952
2021-06-22 10:01:57,12165.95,69016
2021-06-22 10:01:57,12160.0,69046
2021-06-22 10:01:58,12165.0,69053
2021-06-22 10:02:00,12160.0,69105
2021-06-22 10:02:01,12161.1,69126
2021-06-22 10:02:02,12160.0,69215
2021-06-22 10:02:03,12160.0,69288
2021-06-22 10:02:04,12164.85,69333
2021-06-22 10:02:05,12160.0,69367
2021-06-22 10:02:06,12160.0,69367
2021-06-22 10:02:08,12160.0,69422
2021-06-22 10:02:09,12160.0,69431
2021-06-22 10:02:09,12160.0,69431
2021-06-22 10:02:10,12166.85,69724
2021-06-22 10:02:12,12168.05,69735
2021-06-22 10:02:13,12175.3,69764
2021-06-22 10:02:14,12175.0,69839
2021-06-22 10:02:16,12168.0,69845
2021-06-22 10:02:17,12174.2,69895
2021-06-22 10:02:19,12168.85,69938
2021-06-22 10:02:20,12168.0,69987
2021-06-22 10:02:21,12173.55,69990
2021-06-22 10:02:22,12170.0,70016
2021-06-22 10:02:23,12166.5,70065
2021-06-22 10:02:23,12166.5,70065
2021-06-22 10:02:25,12166.75,70107
2021-06-22 10:02:26,12167.05,70124
2021-06-22 10:02:27,12160.0,70144
2021-06-22 10:02:30,12161.1,70333
2021-06-22 10:02:30,12161.1,70333
2021-06-22 10:02:31,12161.1,70333
2021-06-22 10:02:32,12160.2,70350
2021-06-22 10:02:34,12166.8,70586
2021-06-22 10:02:35,12161.4,70661
2021-06-22 10:02:36,12168.0,70828
2021-06-22 10:02:37,12168.0,70828
2021-06-22 10:02:38,12168.0,70828
2021-06-22 10:02:39,12163.5,70842
2021-06-22 10:02:40,12163.45,70857
2021-06-22 10:02:41,12171.25,70868
2021-06-22 10:02:41,12171.25,70868
2021-06-22 10:02:42,12163.65,70877
2021-06-22 10:02:44,12163.65,70882
2021-06-22 10:02:45,12163.45,70884
2021-06-22 10:02:46,12166.0,70904
2021-06-22 10:02:47,12165.25,70939
2021-06-22 10:02:48,12165.25,70939
2021-06-22 10:02:49,12165.25,70939
2021-06-22 10:02:50,12163.65,70951
2021-06-22 10:02:51,12163.0,70956
2021-06-22 10:02:52,12166.6,70970
2021-06-22 10:02:53,12163.0,70972
2021-06-22 10:02:54,12162.0,70974
2021-06-22 10:02:55,12167.6,71025
2021-06-22 10:02:56,12165.2,71150
2021-06-22 10:02:57,12166.0,71183
2021-06-22 10:02:58,12161.3,71214
2021-06-22 10:02:59,12161.3,71229
2021-06-22 10:03:00,12161.3,71229
2021-06-22 10:03:01,12166.8,71247
2021-06-22 10:03:02,12167.0,71257
2021-06-22 10:03:03,12162.15,71262
2021-06-22 10:03:04,12168.4,71296
2021-06-22 10:03:05,12162.0,71300
2021-06-22 10:03:06,12168.65,71318
2021-06-22 10:03:08,12162.05,71343
2021-06-22 10:03:09,12166.75,71354
2021-06-22 10:03:10,12166.75,71354
2021-06-22 10:03:11,12168.2,71357
2021-06-22 10:03:12,12168.2,71357
2021-06-22 10:03:13,12167.75,71359
2021-06-22 10:03:14,12167.75,71359
2021-06-22 10:03:16,12157.15,72476
2021-06-22 10:03:17,12152.2,72491
2021-06-22 10:03:18,12158.9,72496
2021-06-22 10:03:19,12163.0,72531
2021-06-22 10:03:20,12163.0,72531
2021-06-22 10:03:21,12163.0,72531
2021-06-22 10:03:22,12163.0,72531
2021-06-22 10:03:23,12163.0,72627
2021-06-22 10:03:24,12166.0,72630
2021-06-22 10:03:25,12169.5,72631
2021-06-22 10:03:26,12169.5,72631
2021-06-22 10:03:27,12162.85,72661
2021-06-22 10:03:28,12163.6,72761
2021-06-22 10:03:29,12174.0,72930
2021-06-22 10:03:31,12179.0,73007
2021-06-22 10:03:32,12185.0,73028
2021-06-22 10:03:34,12174.0,73029
2021-06-22 10:03:35,12171.0,73053
2021-06-22 10:03:36,12168.0,73057
2021-06-22 10:03:37,12168.0,73057
2021-06-22 10:03:38,12173.6,73075
2021-06-22 10:03:39,12173.6,73075
2021-06-22 10:03:40,12173.6,73075
2021-06-22 10:03:41,12173.6,73075
2021-06-22 10:03:42,12168.4,73086
2021-06-22 10:03:43,12172.95,73092
2021-06-22 10:03:44,12172.95,73092
2021-06-22 10:03:46,12180.15,73102
2021-06-22 10:03:47,12173.0,73107
2021-06-22 10:03:48,12170.35,73182
2021-06-22 10:03:49,12177.75,73206
2021-06-22 10:03:51,12177.75,73206
2021-06-22 10:03:52,12177.75,73206
2021-06-22 10:03:53,12181.4,73293
2021-06-22 10:03:54,12181.4,73293
2021-06-22 10:03:55,12181.4,73293
2021-06-22 10:03:57,12174.1,73418
2021-06-22 10:03:56,12181.5,73393
2021-06-22 10:03:58,12176.35,73632
2021-06-22 10:03:59,12176.35,73632
2021-06-22 10:04:00,12179.95,73660
2021-06-22 10:04:01,12179.95,73660
2021-06-22 10:04:02,12182.15,73661
2021-06-22 10:04:03,12182.15,73672
2021-06-22 10:04:04,12178.9,73674
2021-06-22 10:04:05,12179.95,73686
2021-06-22 10:04:06,12179.6,73746
2021-06-22 10:04:07,12182.5,73747
2021-06-22 10:04:08,12181.9,73795
2021-06-22 10:04:10,12182.15,73810
2021-06-22 10:04:11,12179.1,73939
2021-06-22 10:04:13,12178.15,73940
2021-06-22 10:04:14,12178.15,73940
2021-06-22 10:04:15,12187.0,73958
2021-06-22 10:04:16,12181.4,74018
2021-06-22 10:04:17,12187.6,74077
2021-06-22 10:04:18,12187.6,74077
2021-06-22 10:04:19,12182.35,74101
2021-06-22 10:04:21,12186.0,74108
2021-06-22 10:04:22,12186.0,74108
2021-06-22 10:04:25,12188.25,74111
2021-06-22 10:04:26,12182.25,74131
2021-06-22 10:04:27,12188.3,74134
2021-06-22 10:04:28,12193.0,74192
2021-06-22 10:04:29,12192.95,74212
2021-06-22 10:04:30,12192.95,74212
2021-06-22 10:04:31,12192.95,74212
2021-06-22 10:04:32,12186.6,74220
2021-06-22 10:04:33,12186.6,74220
2021-06-22 10:04:34,12190.0,74255
2021-06-22 10:04:35,12190.0,74270
2021-06-22 10:04:36,12188.5,74271
2021-06-22 10:04:37,12188.5,74271
2021-06-22 10:04:38,12187.0,74279
2021-06-22 10:04:39,12187.0,74279
2021-06-22 10:04:40,12187.0,74279
2021-06-22 10:04:41,12187.0,74279
2021-06-22 10:04:42,12187.0,74279
2021-06-22 10:04:43,12191.0,74281
2021-06-22 10:04:44,12192.0,74282
2021-06-22 10:04:45,12191.0,74284
2021-06-22 10:04:46,12187.0,74294
2021-06-22 10:04:48,12187.0,74303
2021-06-22 10:04:50,12187.0,74303
2021-06-22 10:04:51,12192.0,74311
2021-06-22 10:04:52,12192.0,74311
2021-06-22 10:04:54,12192.0,74311
2021-06-22 10:04:54,12192.0,74311
2021-06-22 10:04:55,12192.0,74311
2021-06-22 10:04:56,12184.85,74388
2021-06-22 10:04:57,12184.85,74388
2021-06-22 10:04:58,12187.7,74393
2021-06-22 10:04:59,12182.35,74433
2021-06-22 10:05:00,12182.35,74433
2021-06-22 10:05:01,12182.15,74453
2021-06-22 10:05:02,12182.15,74453
2021-06-22 10:05:03,12190.8,74457
2021-06-22 10:05:04,12187.0,74458
2021-06-22 10:05:05,12185.05,74463
2021-06-22 10:05:06,12184.5,74475
2021-06-22 10:05:07,12185.0,74481
2021-06-22 10:05:09,12191.1,74485
2021-06-22 10:05:09,12191.95,74489
2021-06-22 10:05:10,12185.05,74496
2021-06-22 10:05:12,12183.65,74500
2021-06-22 10:05:13,12183.65,74500
2021-06-22 10:05:15,12183.7,74520
2021-06-22 10:05:16,12189.2,74521
2021-06-22 10:05:17,12183.7,74528
2021-06-22 10:05:17,12183.7,74528
2021-06-22 10:05:18,12183.7,74528
2021-06-22 10:05:20,12183.65,74539
2021-06-22 10:05:22,12188.9,74543
2021-06-22 10:05:23,12183.65,74545
2021-06-22 10:05:24,12183.65,74545
2021-06-22 10:05:25,12183.65,74545
2021-06-22 10:05:26,12188.7,74553
2021-06-22 10:05:27,12182.25,74559
2021-06-22 10:05:28,12182.25,74559
2021-06-22 10:05:29,12182.25,74559
2021-06-22 10:05:30,12183.65,74564
2021-06-22 10:05:31,12183.65,74565
2021-06-22 10:05:32,12183.65,74565
2021-06-22 10:05:33,12183.65,74565
2021-06-22 10:05:35,12183.65,74565
2021-06-22 10:05:36,12182.25,74566
2021-06-22 10:05:37,12182.25,74566
2021-06-22 10:05:38,12185.0,74611
2021-06-22 10:05:39,12180.0,74652
2021-06-22 10:05:40,12180.0,74652
2021-06-22 10:05:41,12185.85,74662
2021-06-22 10:05:42,12186.2,74663
2021-06-22 10:05:44,12180.0,74783
2021-06-22 10:05:45,12182.0,74788
2021-06-22 10:05:45,12182.0,74788
2021-06-22 10:05:47,12185.0,74830
2021-06-22 10:05:49,12185.0,74830
2021-06-22 10:05:50,12186.0,74836
2021-06-22 10:05:52,12185.0,74841
2021-06-22 10:05:53,12185.0,74841
2021-06-22 10:05:54,12185.0,74844
2021-06-22 10:05:55,12181.15,74854
2021-06-22 10:05:56,12181.15,74854
2021-06-22 10:05:58,12187.3,74919
2021-06-22 10:05:58,12187.3,74919
2021-06-22 10:05:59,12187.3,74919
2021-06-22 10:06:00,12187.3,74919
2021-06-22 10:06:01,12187.3,74919
2021-06-22 10:06:04,12187.3,74919
2021-06-22 10:06:05,12185.0,74922
2021-06-22 10:06:05,12185.0,74922
2021-06-22 10:06:06,12185.0,74922
2021-06-22 10:06:07,12185.0,74927
2021-06-22 10:06:08,12182.3,74947
2021-06-22 10:06:09,12182.25,74962
2021-06-22 10:06:10,12188.05,74975
2021-06-22 10:06:11,12183.0,74977
2021-06-22 10:06:12,12183.0,74977
2021-06-22 10:06:13,12189.15,74979
2021-06-22 10:06:14,12184.0,74981
2021-06-22 10:06:15,12184.0,74987
2021-06-22 10:06:16,12189.2,74988
2021-06-22 10:06:18,12189.2,74988
2021-06-22 10:06:19,12189.2,74989
2021-06-22 10:06:19,12189.2,74989
2021-06-22 10:06:20,12189.2,74989
2021-06-22 10:06:21,12189.55,75028
2021-06-22 10:06:22,12183.05,75029
2021-06-22 10:06:23,12183.05,75029
2021-06-22 10:06:24,12183.05,75029
2021-06-22 10:06:25,12183.05,75029
2021-06-22 10:06:26,12183.05,75029
2021-06-22 10:06:27,12183.05,75029
2021-06-22 10:06:28,12186.0,75030
2021-06-22 10:06:29,12186.0,75030
2021-06-22 10:06:31,12190.9,75180
2021-06-22 10:06:32,12190.4,75183
2021-06-22 10:06:33,12190.4,75183
2021-06-22 10:06:34,12190.4,75183
2021-06-22 10:06:35,12190.4,75183
2021-06-22 10:06:36,12190.4,75183
2021-06-22 10:06:38,12190.4,75183
2021-06-22 10:06:38,12185.05,75193
2021-06-22 10:06:39,12185.05,75193
2021-06-22 10:06:41,12188.85,75206
2021-06-22 10:06:42,12188.85,75206
2021-06-22 10:06:43,12192.0,75255
2021-06-22 10:06:44,12192.0,75255
2021-06-22 10:06:45,12192.0,75255
2021-06-22 10:06:46,12192.0,75255
2021-06-22 10:06:47,12192.9,75260
2021-06-22 10:06:48,12192.9,75260
2021-06-22 10:06:49,12195.0,75338
2021-06-22 10:06:50,12195.0,75338
2021-06-22 10:06:51,12195.0,75338
2021-06-22 10:06:52,12194.85,75343
2021-06-22 10:06:53,12194.85,75343
2021-06-22 10:06:55,12190.35,75344
2021-06-22 10:06:57,12190.35,75344
2021-06-22 10:06:58,12190.35,75344
2021-06-22 10:07:00,12190.35,75344
2021-06-22 10:07:02,12194.9,75372
2021-06-22 10:07:04,12195.0,75406
2021-06-22 10:07:05,12195.0,75414
2021-06-22 10:07:06,12195.0,75414
2021-06-22 10:07:07,12194.7,75429
2021-06-22 10:07:08,12195.0,75439
2021-06-22 10:07:09,12195.0,75439
2021-06-22 10:07:10,12195.0,75439
2021-06-22 10:07:11,12195.0,75439
2021-06-22 10:07:12,12195.0,75439
2021-06-22 10:07:13,12195.0,75439
2021-06-22 10:07:14,12195.0,75444
2021-06-22 10:07:15,12195.0,75458
2021-06-22 10:07:20,12197.0,75484
2021-06-22 10:07:22,12197.0,75504
2021-06-22 10:07:23,12197.0,75504
2021-06-22 10:07:24,12194.6,75516
2021-06-22 10:07:24,12194.6,75516
2021-06-22 10:07:25,12194.6,75516
2021-06-22 10:07:26,12194.6,75516
2021-06-22 10:07:28,12194.6,75516
2021-06-22 10:07:29,12195.0,75517
2021-06-22 10:07:30,12195.0,75517
2021-06-22 10:07:31,12195.0,75517
2021-06-22 10:07:32,12195.0,75517
2021-06-22 10:07:34,12201.05,75898
2021-06-22 10:07:36,12201.2,75905
2021-06-22 10:07:37,12201.2,75905
2021-06-22 10:07:38,12201.2,75905
2021-06-22 10:07:39,12201.4,75906
2021-06-22 10:07:40,12201.4,75906
2021-06-22 10:07:42,12202.3,76068
2021-06-22 10:07:43,12202.15,76088
2021-06-22 10:07:44,12197.85,76123
2021-06-22 10:07:46,12197.85,76123
2021-06-22 10:07:47,12197.85,76123
2021-06-22 10:07:49,12195.05,76133
2021-06-22 10:07:50,12197.4,76148
2021-06-22 10:07:52,12197.4,76148
2021-06-22 10:07:53,12197.4,76148
2021-06-22 10:07:54,12197.4,76148
2021-06-22 10:07:55,12197.4,76148
2021-06-22 10:07:56,12197.4,76148
2021-06-22 10:07:57,12200.0,76156
2021-06-22 10:07:58,12200.0,76166
2021-06-22 10:07:59,12200.0,76166
2021-06-22 10:08:00,12200.0,76181
2021-06-22 10:08:02,12200.0,76181
2021-06-22 10:08:03,12200.0,76181
2021-06-22 10:08:04,12196.0,76188
2021-06-22 10:08:05,12200.0,76193
2021-06-22 10:08:06,12200.0,76193
2021-06-22 10:08:07,12200.0,76193
2021-06-22 10:08:08,12200.0,76193
2021-06-22 10:08:09,12200.0,76193
2021-06-22 10:08:10,12196.3,76199
2021-06-22 10:08:10,12196.3,76199
2021-06-22 10:08:11,12196.3,76199
2021-06-22 10:08:13,12197.0,76211
2021-06-22 10:08:14,12197.0,76211
2021-06-22 10:08:16,12190.8,76711
2021-06-22 10:08:17,12190.8,76711
2021-06-22 10:08:17,12192.95,76765
2021-06-22 10:08:18,12192.95,76765
2021-06-22 10:08:21,12194.4,76777
2021-06-22 10:08:22,12194.4,76777
2021-06-22 10:08:22,12194.4,76777
2021-06-22 10:08:23,12194.4,76777
2021-06-22 10:08:24,12192.8,76796
2021-06-22 10:08:25,12192.8,76796
2021-06-22 10:08:28,12192.8,76796
2021-06-22 10:08:29,12192.8,76796
2021-06-22 10:08:31,12192.8,76796
2021-06-22 10:08:32,12192.8,76798
2021-06-22 10:08:33,12194.0,76818
2021-06-22 10:08:33,12194.0,76818
2021-06-22 10:08:34,12190.0,76848
2021-06-22 10:08:36,12190.0,76848
2021-06-22 10:08:37,12193.0,76853
2021-06-22 10:08:38,12190.0,76863
2021-06-22 10:08:39,12190.0,76863
2021-06-22 10:08:42,12190.0,76863
2021-06-22 10:08:43,12193.1,76866
2021-06-22 10:08:43,12193.1,76866
2021-06-22 10:08:44,12188.0,76931
2021-06-22 10:08:45,12188.4,76946
2021-06-22 10:08:46,12188.4,76946
2021-06-22 10:08:47,12188.4,76946
2021-06-22 10:08:48,12188.4,76946
2021-06-22 10:08:49,12183.0,76966
2021-06-22 10:08:50,12184.0,77067
2021-06-22 10:08:52,12184.0,77067
2021-06-22 10:08:53,12184.0,77067
2021-06-22 10:08:54,12180.45,77073
2021-06-22 10:08:54,12185.2,77083
2021-06-22 10:08:55,12183.2,77084
2021-06-22 10:08:57,12180.2,77090
2021-06-22 10:08:59,12180.2,77090
2021-06-22 10:09:00,12180.2,77090
2021-06-22 10:09:00,12180.2,77090
2021-06-22 10:09:01,12180.2,77090
2021-06-22 10:09:02,12180.2,77090
2021-06-22 10:09:03,12180.2,77090
2021-06-22 10:09:06,12180.2,77090
2021-06-22 10:09:07,12180.2,77090
2021-06-22 10:09:08,12180.2,77090
2021-06-22 10:09:09,12180.2,77090
2021-06-22 10:09:10,12180.0,77140
2021-06-22 10:09:12,12180.0,77141
2021-06-22 10:09:13,12180.25,77142
2021-06-22 10:09:14,12180.0,77157
2021-06-22 10:09:15,12180.0,77159
2021-06-22 10:09:16,12180.0,77159
2021-06-22 10:09:17,12180.0,77159
2021-06-22 10:09:18,12183.45,77306
2021-06-22 10:09:19,12183.45,77306
2021-06-22 10:09:20,12183.45,77306
2021-06-22 10:09:21,12183.45,77306
2021-06-22 10:09:22,12183.45,77306
2021-06-22 10:09:23,12175.0,77332
2021-06-22 10:09:24,12175.0,77332
2021-06-22 10:09:25,12175.05,77337
2021-06-22 10:09:26,12175.05,77342
2021-06-22 10:09:26,12175.05,77342
2021-06-22 10:09:27,12175.05,77342
2021-06-22 10:09:28,12175.05,77342
2021-06-22 10:09:29,12176.15,77352
2021-06-22 10:09:30,12176.15,77352
2021-06-22 10:09:31,12176.15,77352
2021-06-22 10:09:32,12176.15,77352
2021-06-22 10:09:34,12175.0,77407
2021-06-22 10:09:35,12175.0,77407
2021-06-22 10:09:36,12179.6,77448
2021-06-22 10:09:37,12179.6,77448
2021-06-22 10:09:38,12179.6,77448
2021-06-22 10:09:39,12179.6,77504
2021-06-22 10:09:40,12179.6,77504
2021-06-22 10:09:41,12179.6,77504
2021-06-22 10:09:42,12170.15,77568
2021-06-22 10:09:43,12176.0,77572
2021-06-22 10:09:44,12177.05,77573
2021-06-22 10:09:45,12177.05,77573
2021-06-22 10:09:46,12173.0,77578
2021-06-22 10:09:47,12173.0,77578
2021-06-22 10:09:47,12173.0,77578
2021-06-22 10:09:48,12173.0,77578
2021-06-22 10:09:50,12181.85,77856
2021-06-22 10:09:52,12183.0,77866
2021-06-22 10:09:53,12183.0,77866
2021-06-22 10:09:54,12183.0,77866
2021-06-22 10:09:55,12183.0,77885
2021-06-22 10:09:56,12183.0,77885
2021-06-22 10:09:56,12183.0,77885
2021-06-22 10:09:58,12181.85,77895
2021-06-22 10:09:59,12181.85,77925
2021-06-22 10:10:00,12181.85,77925
2021-06-22 10:10:02,12181.85,77925
2021-06-22 10:10:03,12181.85,77929
2021-06-22 10:10:04,12183.0,77931
2021-06-22 10:10:05,12181.85,77941
2021-06-22 10:10:06,12186.75,77966
2021-06-22 10:10:07,12182.0,77967
2021-06-22 10:10:08,12187.3,77987
2021-06-22 10:10:10,12187.3,77987
2021-06-22 10:10:11,12187.3,77987
2021-06-22 10:10:13,12187.3,77987
2021-06-22 10:10:14,12186.4,78015
2021-06-22 10:10:14,12186.4,78015
2021-06-22 10:10:15,12186.4,78015
2021-06-22 10:10:16,12186.4,78015
2021-06-22 10:10:17,12186.4,78015
2021-06-22 10:10:18,12186.4,78015
2021-06-22 10:10:20,12190.0,78035
2021-06-22 10:10:21,12190.0,78035
2021-06-22 10:10:22,12190.0,78035
2021-06-22 10:10:23,12185.1,78045
2021-06-22 10:10:24,12185.1,78045
2021-06-22 10:10:25,12185.1,78045
2021-06-22 10:10:26,12185.1,78045
2021-06-22 10:10:27,12185.1,78045
2021-06-22 10:10:28,12190.0,78046
2021-06-22 10:10:29,12190.0,78046
2021-06-22 10:10:30,12190.0,78046
2021-06-22 10:10:32,12190.0,78130
2021-06-22 10:10:32,12190.0,78130
2021-06-22 10:10:33,12185.0,78159
2021-06-22 10:10:34,12185.0,78159
2021-06-22 10:10:35,12185.0,78159
2021-06-22 10:10:36,12185.0,78159
2021-06-22 10:10:38,12185.0,78160
2021-06-22 10:10:40,12186.9,78190
2021-06-22 10:10:41,12187.75,78265
2021-06-22 10:10:42,12187.75,78265
2021-06-22 10:10:43,12187.75,78265
2021-06-22 10:10:44,12187.75,78265
2021-06-22 10:10:45,12187.75,78265
2021-06-22 10:10:46,12187.75,78265
2021-06-22 10:10:47,12187.75,78265
2021-06-22 10:10:48,12185.1,78275
2021-06-22 10:10:49,12184.2,78315
2021-06-22 10:10:51,12184.2,78315
2021-06-22 10:10:51,12184.2,78315
2021-06-22 10:10:52,12185.0,78323
2021-06-22 10:10:53,12183.25,78334
2021-06-22 10:10:56,12183.25,78334
2021-06-22 10:10:57,12183.25,78334
2021-06-22 10:10:58,12183.25,78334
2021-06-22 10:10:59,12183.25,78334
2021-06-22 10:11:00,12185.3,78335
2021-06-22 10:11:01,12185.3,78335
2021-06-22 10:11:02,12185.3,78335
2021-06-22 10:11:03,12185.3,78335
2021-06-22 10:11:03,12185.3,78335
2021-06-22 10:11:04,12185.3,78335
2021-06-22 10:11:05,12185.3,78335
2021-06-22 10:11:06,12185.3,78335
2021-06-22 10:11:07,12185.3,78335
2021-06-22 10:11:08,12185.3,78335
2021-06-22 10:11:09,12185.3,78335
2021-06-22 10:11:10,12188.35,78375
2021-06-22 10:11:11,12189.95,78395
2021-06-22 10:11:12,12189.95,78395
2021-06-22 10:11:13,12186.5,78398
2021-06-22 10:11:16,12186.5,78399
2021-06-22 10:11:17,12186.5,78399
2021-06-22 10:11:18,12187.0,78402
2021-06-22 10:11:20,12187.0,78402
2021-06-22 10:11:20,12187.0,78402
2021-06-22 10:11:21,12187.0,78402
2021-06-22 10:11:23,12187.0,78402
2021-06-22 10:11:24,12187.0,78402
2021-06-22 10:11:25,12187.0,78402
2021-06-22 10:11:26,12187.0,78402
2021-06-22 10:11:27,12190.0,78403
2021-06-22 10:11:28,12190.0,78403
2021-06-22 10:11:29,12190.0,78403
2021-06-22 10:11:30,12190.0,78403
2021-06-22 10:11:31,12190.0,78403
2021-06-22 10:11:32,12190.0,78403
2021-06-22 10:11:34,12190.0,78403
2021-06-22 10:11:35,12190.0,78403
2021-06-22 10:11:36,12190.0,78403
2021-06-22 10:11:37,12187.0,78405
2021-06-22 10:11:38,12187.0,78405
2021-06-22 10:11:41,12187.0,78405
2021-06-22 10:11:42,12187.45,78408
2021-06-22 10:11:43,12187.45,78408
2021-06-22 10:11:45,12189.75,78409
2021-06-22 10:11:46,12189.75,78409
2021-06-22 10:11:46,12189.75,78409
2021-06-22 10:11:47,12189.75,78409
2021-06-22 10:11:49,12187.0,78447
2021-06-22 10:11:50,12187.0,78447
2021-06-22 10:11:51,12187.0,78447
2021-06-22 10:11:52,12187.0,78447
2021-06-22 10:11:53,12187.0,78447
2021-06-22 10:11:55,12187.0,78447
2021-06-22 10:11:55,12187.0,78447
2021-06-22 10:11:58,12189.75,78449
2021-06-22 10:11:59,12189.75,78449
2021-06-22 10:12:01,12189.75,78449
2021-06-22 10:12:02,12189.75,78450
2021-06-22 10:12:03,12189.75,78450
2021-06-22 10:12:04,12189.75,78450
2021-06-22 10:12:05,12189.75,78450
2021-06-22 10:12:05,12189.75,78450
2021-06-22 10:12:06,12189.75,78450
2021-06-22 10:12:08,12189.75,78450
2021-06-22 10:12:09,12189.75,78459
2021-06-22 10:12:10,12189.75,78459
2021-06-22 10:12:11,12189.75,78459
2021-06-22 10:12:12,12190.0,78494
2021-06-22 10:12:13,12189.75,78495
2021-06-22 10:12:14,12194.0,78548
2021-06-22 10:12:14,12194.0,78548
2021-06-22 10:12:15,12194.0,78548
2021-06-22 10:12:17,12194.0,78548
2021-06-22 10:12:18,12194.0,78548
2021-06-22 10:12:19,12194.0,78548
2021-06-22 10:12:20,12190.1,78549
2021-06-22 10:12:21,12190.1,78549
2021-06-22 10:12:21,12190.1,78549
2021-06-22 10:12:23,12193.65,78570
2021-06-22 10:12:24,12193.65,78570
2021-06-22 10:12:25,12193.65,78570
2021-06-22 10:12:27,12193.65,78570
2021-06-22 10:12:28,12193.65,78570
2021-06-22 10:12:28,12193.65,78570
2021-06-22 10:12:30,12190.6,78580
2021-06-22 10:12:31,12190.6,78580
2021-06-22 10:12:32,12190.6,78580
2021-06-22 10:12:33,12190.6,78581
2021-06-22 10:12:34,12190.0,78582
2021-06-22 10:12:35,12194.0,78660
2021-06-22 10:12:36,12194.0,78660
2021-06-22 10:12:36,12194.0,78660
2021-06-22 10:12:37,12194.0,78660
2021-06-22 10:12:38,12194.0,78660
2021-06-22 10:12:40,12190.0,78665
2021-06-22 10:12:41,12194.0,78666
2021-06-22 10:12:42,12194.0,78672
2021-06-22 10:12:43,12194.0,78672
2021-06-22 10:12:44,12194.0,78672
2021-06-22 10:12:45,12190.05,78673
2021-06-22 10:12:45,12190.05,78673
2021-06-22 10:12:47,12194.0,78691
2021-06-22 10:12:48,12194.0,78691
2021-06-22 10:12:49,12194.0,78691
2021-06-22 10:12:50,12192.0,78692
2021-06-22 10:12:51,12192.0,78692
2021-06-22 10:12:51,12192.0,78692
2021-06-22 10:12:53,12194.0,78694
2021-06-22 10:12:53,12194.0,78694
2021-06-22 10:12:56,12194.0,78694
2021-06-22 10:12:57,12194.0,78694
2021-06-22 10:12:58,12194.0,78694
2021-06-22 10:13:01,12194.0,78694
2021-06-22 10:13:02,12194.0,78694
2021-06-22 10:13:03,12190.0,78734
2021-06-22 10:13:04,12190.0,78734
2021-06-22 10:13:05,12190.0,78734
2021-06-22 10:13:06,12190.0,78746
2021-06-22 10:13:06,12190.0,78746
2021-06-22 10:13:08,12193.75,78768
2021-06-22 10:13:09,12193.75,78768
2021-06-22 10:13:10,12193.75,78768
2021-06-22 10:13:11,12193.75,78768
2021-06-22 10:13:12,12193.75,78768
2021-06-22 10:13:13,12193.75,78768
2021-06-22 10:13:14,12190.0,78793
2021-06-22 10:13:14,12190.0,78793
2021-06-22 10:13:16,12193.75,78796
2021-06-22 10:13:17,12193.75,78796
2021-06-22 10:13:18,12190.45,78801
2021-06-22 10:13:19,12190.45,78801
2021-06-22 10:13:20,12190.45,78801
2021-06-22 10:13:21,12190.5,78802
2021-06-22 10:13:22,12193.75,78803
2021-06-22 10:13:22,12193.75,78803
2021-06-22 10:13:24,12193.75,78803
2021-06-22 10:13:25,12193.75,78803
2021-06-22 10:13:26,12193.75,78803
2021-06-22 10:13:27,12193.75,78803
2021-06-22 10:13:28,12193.75,78803
2021-06-22 10:13:29,12193.75,78812
