timestamp,ltp,volume
2021-06-22 09:16:45,544.35,651979
2021-06-22 09:16:46,544.15,652689
2021-06-22 09:16:47,544.5,654634
2021-06-22 09:16:48,544.15,655661
2021-06-22 09:16:49,544.5,657202
2021-06-22 09:16:50,544.2,657753
2021-06-22 09:16:51,544.5,660008
2021-06-22 09:16:52,544.55,660758
2021-06-22 09:16:53,544.45,663459
2021-06-22 09:16:54,544.45,664071
2021-06-22 09:16:55,544.5,665642
2021-06-22 09:16:56,544.55,667249
2021-06-22 09:16:57,544.4,668690
2021-06-22 09:16:58,544.15,672076
2021-06-22 09:16:59,544.45,674013
2021-06-22 09:17:00,544.2,674763
2021-06-22 09:17:01,544.5,675202
2021-06-22 09:17:02,544.5,675792
2021-06-22 09:17:02,544.5,676057
2021-06-22 09:17:04,544.45,676963
2021-06-22 09:17:05,544.0,701062
2021-06-22 09:17:06,543.95,703570
2021-06-22 09:17:06,544.1,705158
2021-06-22 09:17:07,544.0,705864
2021-06-22 09:17:08,543.85,721030
2021-06-22 09:17:10,544.0,723816
2021-06-22 09:17:11,544.1,724997
2021-06-22 09:17:12,544.1,726096
2021-06-22 09:17:13,544.1,728411
2021-06-22 09:17:14,544.2,728766
2021-06-22 09:17:15,544.2,729274
2021-06-22 09:17:16,544.15,729695
2021-06-22 09:17:16,544.2,730148
2021-06-22 09:17:17,544.05,730274
2021-06-22 09:17:18,544.05,731247
2021-06-22 09:17:20,544.0,733192
2021-06-22 09:17:21,544.05,735566
2021-06-22 09:17:22,544.0,736769
2021-06-22 09:17:23,543.8,739829
2021-06-22 09:17:23,543.8,740194
2021-06-22 09:17:25,544.0,741899
2021-06-22 09:17:26,543.85,742826
2021-06-22 09:17:27,544.05,744979
2021-06-22 09:17:28,544.05,746614
2021-06-22 09:17:30,544.0,747565
2021-06-22 09:17:31,544.0,748688
2021-06-22 09:17:32,544.0,749683
2021-06-22 09:17:33,544.0,750443
2021-06-22 09:17:34,543.7,751373
2021-06-22 09:17:35,544.05,754367
2021-06-22 09:17:36,543.95,756726
2021-06-22 09:17:37,543.95,757370
2021-06-22 09:17:39,544.0,758699
2021-06-22 09:17:40,544.0,763611
2021-06-22 09:17:41,543.95,766121
2021-06-22 09:17:42,544.1,774483
2021-06-22 09:17:43,544.0,775370
2021-06-22 09:17:44,544.0,776162
2021-06-22 09:17:46,543.9,782408
2021-06-22 09:17:45,544.25,782019
2021-06-22 09:17:47,543.9,782780
2021-06-22 09:17:48,543.95,784087
2021-06-22 09:17:49,544.15,789357
2021-06-22 09:17:50,544.0,789751
2021-06-22 09:17:51,544.0,789782
2021-06-22 09:17:52,544.0,792860
2021-06-22 09:17:54,543.85,796451
2021-06-22 09:17:53,544.15,794095
2021-06-22 09:17:55,544.0,796796
2021-06-22 09:17:56,544.0,798182
2021-06-22 09:17:57,544.0,799709
2021-06-22 09:17:58,543.9,803890
2021-06-22 09:17:59,544.05,804098
2021-06-22 09:17:59,544.0,804758
2021-06-22 09:18:01,544.0,807481
2021-06-22 09:18:02,544.0,807925
2021-06-22 09:18:03,544.0,808601
2021-06-22 09:18:04,543.95,814453
2021-06-22 09:18:05,544.0,816104
2021-06-22 09:18:06,543.7,816199
2021-06-22 09:18:07,543.55,817158
2021-06-22 09:18:09,543.65,824272
2021-06-22 09:18:10,543.65,825023
2021-06-22 09:18:11,543.6,825833
2021-06-22 09:18:13,543.35,827337
2021-06-22 09:18:12,543.65,826685
2021-06-22 09:18:14,543.6,837433
2021-06-22 09:18:15,543.25,838858
2021-06-22 09:18:16,543.6,841158
2021-06-22 09:18:16,543.6,841379
2021-06-22 09:18:18,543.55,842351
2021-06-22 09:18:18,543.55,842356
2021-06-22 09:18:20,543.55,846590
2021-06-22 09:18:21,543.4,846995
2021-06-22 09:18:22,543.6,854646
2021-06-22 09:18:23,543.6,856770
2021-06-22 09:18:23,543.25,856853
2021-06-22 09:18:25,543.4,858554
2021-06-22 09:18:26,543.05,862055
2021-06-22 09:18:27,543.05,862769
2021-06-22 09:18:28,543.2,863240
2021-06-22 09:18:29,543.1,879988
2021-06-22 09:18:30,542.55,891367
2021-06-22 09:18:31,542.95,897319
2021-06-22 09:18:32,542.55,899152
2021-06-22 09:18:33,542.25,900299
2021-06-22 09:18:34,542.5,900847
2021-06-22 09:18:35,542.55,901373
2021-06-22 09:18:36,542.2,901862
2021-06-22 09:18:37,542.6,902254
2021-06-22 09:18:38,542.6,903271
2021-06-22 09:18:39,542.2,904723
2021-06-22 09:18:40,542.05,913209
2021-06-22 09:18:41,542.5,915615
2021-06-22 09:18:42,542.95,918876
2021-06-22 09:18:43,543.0,919592
2021-06-22 09:18:44,543.0,921494
2021-06-22 09:18:45,542.5,926108
2021-06-22 09:18:46,542.95,927419
2021-06-22 09:18:47,542.95,928223
2021-06-22 09:18:48,543.25,935890
2021-06-22 09:18:49,543.0,936123
2021-06-22 09:18:50,543.05,937952
2021-06-22 09:18:51,543.3,939328
2021-06-22 09:18:52,543.3,947557
2021-06-22 09:18:53,543.3,947894
2021-06-22 09:18:54,543.3,949099
2021-06-22 09:18:55,543.05,951401
2021-06-22 09:18:56,543.0,960298
2021-06-22 09:18:57,543.4,965736
2021-06-22 09:18:58,543.55,966883
2021-06-22 09:19:00,543.4,972152
2021-06-22 09:19:01,543.4,973047
2021-06-22 09:19:03,543.5,976077
2021-06-22 09:19:04,543.6,978951
2021-06-22 09:19:05,543.65,982314
2021-06-22 09:19:06,543.7,984587
2021-06-22 09:19:06,543.75,986046
2021-06-22 09:19:07,543.45,986702
2021-06-22 09:19:08,543.7,987553
2021-06-22 09:19:09,543.45,989906
2021-06-22 09:19:10,543.75,991106
2021-06-22 09:19:11,543.75,992089
2021-06-22 09:19:13,543.6,993025
2021-06-22 09:19:14,543.85,993356
2021-06-22 09:19:15,543.85,994187
2021-06-22 09:19:16,543.9,994673
2021-06-22 09:19:17,543.95,996153
2021-06-22 09:19:18,543.75,996565
2021-06-22 09:19:19,543.8,997154
2021-06-22 09:19:20,543.8,999837
2021-06-22 09:19:22,544.0,1007289
2021-06-22 09:19:23,544.05,1008210
2021-06-22 09:19:24,544.05,1008608
2021-06-22 09:19:24,544.0,1008609
2021-06-22 09:19:26,543.9,1014162
2021-06-22 09:19:27,543.95,1015256
2021-06-22 09:19:28,543.8,1015511
2021-06-22 09:19:32,544.05,1028733
2021-06-22 09:19:33,544.05,1030453
2021-06-22 09:19:33,544.05,1030444
2021-06-22 09:19:35,544.05,1032078
2021-06-22 09:19:36,544.05,1032860
2021-06-22 09:19:37,543.95,1034115
2021-06-22 09:19:37,544.0,1034215
2021-06-22 09:19:38,543.7,1038627
2021-06-22 09:19:39,544.0,1040746
2021-06-22 09:19:41,543.6,1044170
2021-06-22 09:19:42,543.55,1044865
2021-06-22 09:19:43,543.7,1053625
2021-06-22 09:19:44,543.85,1055235
2021-06-22 09:19:45,543.85,1057903
2021-06-22 09:19:46,543.7,1057961
2021-06-22 09:19:46,543.7,1058111
2021-06-22 09:19:47,543.75,1059531
2021-06-22 09:19:48,543.55,1069093
2021-06-22 09:19:49,543.55,1070523
2021-06-22 09:19:51,543.2,1078554
2021-06-22 09:19:52,543.2,1081429
2021-06-22 09:19:52,543.0,1083120
2021-06-22 09:19:53,543.25,1084073
2021-06-22 09:19:55,543.2,1084693
2021-06-22 09:19:55,543.2,1084743
2021-06-22 09:19:57,543.2,1085968
2021-06-22 09:19:58,542.9,1095973
2021-06-22 09:19:59,543.15,1101374
2021-06-22 09:20:00,543.15,1104432
2021-06-22 09:20:02,543.0,1107755
2021-06-22 09:20:03,543.15,1108592
2021-06-22 09:20:04,543.15,1109806
2021-06-22 09:20:05,543.1,1110656
2021-06-22 09:20:06,543.0,1111238
2021-06-22 09:20:07,543.25,1111745
2021-06-22 09:20:08,543.25,1112441
2021-06-22 09:20:09,543.15,1112738
2021-06-22 09:20:10,543.1,1112943
2021-06-22 09:20:11,543.25,1113138
2021-06-22 09:20:12,543.2,1113460
2021-06-22 09:20:13,543.15,1114017
2021-06-22 09:20:14,543.35,1116204
2021-06-22 09:20:15,543.35,1116388
2021-06-22 09:20:16,543.65,1120471
2021-06-22 09:20:17,543.65,1120526
2021-06-22 09:20:18,543.5,1120973
2021-06-22 09:20:19,543.7,1122297
2021-06-22 09:20:20,543.85,1123299
2021-06-22 09:20:21,543.85,1123623
2021-06-22 09:20:22,543.75,1124025
2021-06-22 09:20:23,544.0,1127408
2021-06-22 09:20:24,543.95,1127462
2021-06-22 09:20:25,543.65,1128185
2021-06-22 09:20:26,543.85,1128708
2021-06-22 09:20:27,543.85,1129125
2021-06-22 09:20:28,543.85,1129536
2021-06-22 09:20:29,544.0,1130640
2021-06-22 09:20:30,543.85,1133040
2021-06-22 09:20:31,543.9,1134378
2021-06-22 09:20:32,543.9,1135399
2021-06-22 09:20:33,543.9,1136609
2021-06-22 09:20:34,543.9,1137389
2021-06-22 09:20:35,543.85,1137936
2021-06-22 09:20:36,544.3,1144948
2021-06-22 09:20:37,544.25,1146006
2021-06-22 09:20:38,544.25,1147294
2021-06-22 09:20:39,544.0,1148567
2021-06-22 09:20:40,544.0,1148699
2021-06-22 09:20:41,544.0,1149330
2021-06-22 09:20:42,544.0,1151179
2021-06-22 09:20:43,544.0,1153144
2021-06-22 09:20:44,543.9,1155046
2021-06-22 09:20:45,543.75,1157293
2021-06-22 09:20:46,543.8,1157922
2021-06-22 09:20:47,544.0,1158997
2021-06-22 09:20:49,543.95,1159414
2021-06-22 09:20:48,543.95,1159377
2021-06-22 09:20:50,544.1,1159510
2021-06-22 09:20:51,544.2,1159820
2021-06-22 09:20:52,544.2,1161181
2021-06-22 09:20:53,544.0,1161732
2021-06-22 09:20:54,544.1,1161982
2021-06-22 09:20:55,544.2,1163463
2021-06-22 09:20:58,544.2,1174972
2021-06-22 09:20:59,544.2,1175116
2021-06-22 09:21:00,544.2,1177835
2021-06-22 09:21:02,544.35,1178276
2021-06-22 09:21:03,544.35,1179499
2021-06-22 09:21:04,544.2,1179628
2021-06-22 09:21:05,544.3,1180211
2021-06-22 09:21:06,544.3,1181243
2021-06-22 09:21:07,544.15,1181256
2021-06-22 09:21:08,544.0,1181447
2021-06-22 09:21:09,544.0,1181863
2021-06-22 09:21:10,544.1,1182464
2021-06-22 09:21:11,544.0,1182596
2021-06-22 09:21:12,544.1,1183068
2021-06-22 09:21:13,544.0,1183481
2021-06-22 09:21:14,544.1,1184497
2021-06-22 09:21:15,544.25,1185841
2021-06-22 09:21:16,544.1,1186530
2021-06-22 09:21:17,544.1,1188855
2021-06-22 09:21:18,544.0,1189376
2021-06-22 09:21:19,544.0,1190644
2021-06-22 09:21:20,544.0,1190829
2021-06-22 09:21:22,544.0,1192533
2021-06-22 09:21:23,544.0,1193049
2021-06-22 09:21:24,544.1,1194321
2021-06-22 09:21:25,544.0,1195463
2021-06-22 09:21:26,544.25,1196413
2021-06-22 09:21:27,544.25,1196539
2021-06-22 09:21:28,544.05,1196718
2021-06-22 09:21:29,544.2,1197486
2021-06-22 09:21:30,544.0,1200862
2021-06-22 09:21:31,544.0,1201068
2021-06-22 09:21:32,544.0,1203312
2021-06-22 09:21:33,544.1,1203322
2021-06-22 09:21:34,544.0,1203543
2021-06-22 09:21:35,543.95,1204458
2021-06-22 09:21:36,543.85,1208591
2021-06-22 09:21:37,544.0,1210696
2021-06-22 09:21:38,543.75,1211696
2021-06-22 09:21:39,543.7,1212391
2021-06-22 09:21:40,543.7,1213505
2021-06-22 09:21:41,544.0,1214951
2021-06-22 09:21:43,543.65,1216351
2021-06-22 09:21:45,544.0,1218081
2021-06-22 09:21:46,544.0,1218132
2021-06-22 09:21:48,544.0,1219849
2021-06-22 09:21:51,543.75,1223861
2021-06-22 09:21:52,543.75,1223969
2021-06-22 09:21:55,543.55,1224729
2021-06-22 09:21:56,543.5,1226499
2021-06-22 09:21:57,543.85,1227711
2021-06-22 09:21:58,543.6,1228396
2021-06-22 09:21:59,543.6,1228626
2021-06-22 09:22:00,543.6,1228801
2021-06-22 09:22:01,543.7,1229171
2021-06-22 09:22:02,543.55,1229961
2021-06-22 09:22:03,543.55,1229961
2021-06-22 09:22:04,543.85,1230152
2021-06-22 09:22:05,543.7,1230367
2021-06-22 09:22:07,543.95,1231609
2021-06-22 09:22:08,543.65,1233309
2021-06-22 09:22:09,543.65,1233719
2021-06-22 09:22:10,543.6,1237204
2021-06-22 09:22:12,543.3,1237706
2021-06-22 09:22:13,543.3,1239559
2021-06-22 09:22:14,543.5,1240802
2021-06-22 09:22:15,543.25,1241099
2021-06-22 09:22:16,543.2,1242320
2021-06-22 09:22:17,543.45,1242594
2021-06-22 09:22:18,543.5,1243287
2021-06-22 09:22:19,543.5,1243414
2021-06-22 09:22:20,543.5,1245135
2021-06-22 09:22:21,543.5,1245515
2021-06-22 09:22:22,543.2,1245885
2021-06-22 09:22:23,543.3,1247453
2021-06-22 09:22:24,543.5,1247622
2021-06-22 09:22:25,543.5,1248164
2021-06-22 09:22:26,543.25,1248386
2021-06-22 09:22:27,543.5,1248636
2021-06-22 09:22:28,543.3,1249653
2021-06-22 09:22:29,543.5,1250021
2021-06-22 09:22:30,543.3,1250307
2021-06-22 09:22:31,543.3,1250530
2021-06-22 09:22:32,543.3,1250560
2021-06-22 09:22:33,543.3,1250913
2021-06-22 09:22:34,543.3,1252537
2021-06-22 09:22:35,543.3,1252647
2021-06-22 09:22:36,543.15,1252917
2021-06-22 09:22:37,543.3,1253209
2021-06-22 09:22:38,543.3,1253281
2021-06-22 09:22:39,543.3,1253432
2021-06-22 09:22:40,543.3,1254048
2021-06-22 09:22:42,543.15,1254291
2021-06-22 09:22:43,543.25,1255906
2021-06-22 09:22:44,543.15,1256058
2021-06-22 09:22:45,543.25,1256243
2021-06-22 09:22:46,543.15,1256380
2021-06-22 09:22:47,543.2,1256662
2021-06-22 09:22:48,543.2,1257264
2021-06-22 09:22:49,543.2,1257947
2021-06-22 09:22:50,543.2,1258220
2021-06-22 09:22:51,543.05,1259293
2021-06-22 09:22:52,543.15,1260050
2021-06-22 09:22:53,543.15,1260603
2021-06-22 09:22:54,543.1,1261017
2021-06-22 09:22:55,543.0,1261272
2021-06-22 09:22:56,543.1,1262311
2021-06-22 09:22:57,543.1,1262696
2021-06-22 09:22:58,543.1,1262994
2021-06-22 09:22:59,543.1,1263188
2021-06-22 09:23:00,543.1,1263332
2021-06-22 09:23:01,543.0,1263454
2021-06-22 09:23:02,542.7,1278508
2021-06-22 09:23:03,543.0,1278938
2021-06-22 09:23:04,542.95,1279181
2021-06-22 09:23:05,542.65,1279237
2021-06-22 09:23:06,542.95,1279422
2021-06-22 09:23:07,543.0,1279910
2021-06-22 09:23:08,543.0,1280506
2021-06-22 09:23:10,542.75,1281215
2021-06-22 09:23:10,542.7,1281525
2021-06-22 09:23:11,542.8,1284279
2021-06-22 09:23:12,542.9,1284489
2021-06-22 09:23:13,542.6,1284600
2021-06-22 09:23:14,542.9,1284925
2021-06-22 09:23:15,542.55,1285034
2021-06-22 09:23:16,542.5,1286376
2021-06-22 09:23:18,542.85,1287696
2021-06-22 09:23:19,542.9,1287853
2021-06-22 09:23:20,542.75,1288188
2021-06-22 09:23:20,542.8,1290084
2021-06-22 09:23:21,542.9,1291313
2021-06-22 09:23:22,542.6,1292105
2021-06-22 09:23:23,542.85,1293575
2021-06-22 09:23:24,542.65,1293787
2021-06-22 09:23:25,542.65,1294111
2021-06-22 09:23:26,542.65,1294328
2021-06-22 09:23:27,542.65,1295894
2021-06-22 09:23:28,542.8,1296020
2021-06-22 09:23:29,542.85,1296690
2021-06-22 09:23:30,542.85,1297662
2021-06-22 09:23:31,542.8,1300914
2021-06-22 09:23:32,542.95,1301994
2021-06-22 09:23:33,542.9,1302312
2021-06-22 09:23:34,542.7,1302757
2021-06-22 09:23:35,542.75,1304869
2021-06-22 09:23:36,542.6,1306248
2021-06-22 09:23:37,542.7,1306810
2021-06-22 09:23:38,542.65,1307721
2021-06-22 09:23:39,542.8,1308213
2021-06-22 09:23:40,542.85,1308425
2021-06-22 09:23:41,542.9,1310321
2021-06-22 09:23:42,542.85,1310948
2021-06-22 09:23:43,542.8,1311321
2021-06-22 09:23:44,542.65,1312031
2021-06-22 09:23:45,542.6,1312363
2021-06-22 09:23:46,542.8,1312638
2021-06-22 09:23:48,542.8,1313156
2021-06-22 09:23:49,542.85,1315975
2021-06-22 09:23:50,542.85,1316056
2021-06-22 09:23:51,542.8,1316638
2021-06-22 09:23:52,542.8,1317088
2021-06-22 09:23:53,542.85,1317919
2021-06-22 09:23:53,542.85,1318106
2021-06-22 09:23:54,542.85,1318637
2021-06-22 09:23:55,542.75,1318803
2021-06-22 09:23:56,542.55,1320905
2021-06-22 09:23:58,542.65,1321812
2021-06-22 09:23:57,542.75,1320965
2021-06-22 09:24:00,542.65,1322432
2021-06-22 09:24:01,542.55,1323502
2021-06-22 09:24:02,542.8,1342175
2021-06-22 09:24:03,542.8,1342461
2021-06-22 09:24:04,542.8,1343018
2021-06-22 09:24:05,542.8,1344534
2021-06-22 09:24:06,542.65,1345479
2021-06-22 09:24:07,542.6,1345666
2021-06-22 09:24:08,542.7,1346695
2021-06-22 09:24:10,542.6,1348241
2021-06-22 09:24:11,542.7,1349197
2021-06-22 09:24:12,542.55,1349424
2021-06-22 09:24:13,542.95,1350609
2021-06-22 09:24:14,542.85,1351327
2021-06-22 09:24:15,542.65,1352202
2021-06-22 09:24:16,542.7,1352325
2021-06-22 09:24:17,542.6,1352985
2021-06-22 09:24:18,542.65,1353215
2021-06-22 09:24:18,542.6,1353299
2021-06-22 09:24:19,542.65,1354598
2021-06-22 09:24:20,542.6,1355146
2021-06-22 09:24:22,542.6,1355656
2021-06-22 09:24:23,542.9,1356448
2021-06-22 09:24:24,542.6,1356829
2021-06-22 09:24:25,542.55,1357811
2021-06-22 09:24:26,542.7,1358067
2021-06-22 09:24:27,542.6,1358392
2021-06-22 09:24:28,542.55,1359984
2021-06-22 09:24:29,542.55,1370408
2021-06-22 09:24:30,542.55,1374205
2021-06-22 09:24:31,542.7,1375460
2021-06-22 09:24:32,542.7,1376897
2021-06-22 09:24:33,542.7,1377039
2021-06-22 09:24:34,542.7,1377416
2021-06-22 09:24:35,542.7,1378198
2021-06-22 09:24:36,542.7,1383153
2021-06-22 09:24:37,542.7,1383173
2021-06-22 09:24:38,542.9,1383985
2021-06-22 09:24:40,542.85,1384375
2021-06-22 09:24:41,543.0,1385742
2021-06-22 09:24:41,543.0,1386070
2021-06-22 09:24:42,543.0,1386330
2021-06-22 09:24:43,542.85,1387229
2021-06-22 09:24:45,542.85,1388037
2021-06-22 09:24:46,542.75,1390382
2021-06-22 09:24:46,542.75,1390382
2021-06-22 09:24:47,543.0,1390498
2021-06-22 09:24:48,542.65,1392224
2021-06-22 09:24:49,542.65,1392388
2021-06-22 09:24:50,542.7,1394494
2021-06-22 09:24:51,542.85,1394969
2021-06-22 09:24:53,543.0,1395893
2021-06-22 09:24:54,542.7,1396012
2021-06-22 09:24:55,542.7,1396120
2021-06-22 09:24:57,542.65,1396323
2021-06-22 09:24:58,542.95,1396601
2021-06-22 09:24:58,542.95,1396601
2021-06-22 09:24:59,542.8,1396762
2021-06-22 09:25:00,542.7,1401103
2021-06-22 09:25:01,542.65,1401344
2021-06-22 09:25:02,542.85,1402743
2021-06-22 09:25:03,542.9,1403587
2021-06-22 09:25:04,542.7,1403999
2021-06-22 09:25:06,542.9,1404066
2021-06-22 09:25:07,542.7,1404287
2021-06-22 09:25:07,542.9,1404307
2021-06-22 09:25:08,542.7,1404805
2021-06-22 09:25:09,542.95,1405325
2021-06-22 09:25:10,542.9,1405497
2021-06-22 09:25:11,543.0,1408801
2021-06-22 09:25:12,542.7,1409064
2021-06-22 09:25:13,542.75,1409602
2021-06-22 09:25:14,542.85,1409993
2021-06-22 09:25:15,542.8,1410629
2021-06-22 09:25:16,542.65,1410986
2021-06-22 09:25:17,542.8,1411240
2021-06-22 09:25:18,542.8,1411906
2021-06-22 09:25:19,542.6,1412657
2021-06-22 09:25:20,542.65,1412748
2021-06-22 09:25:21,542.8,1413349
2021-06-22 09:25:23,542.75,1415518
2021-06-22 09:25:24,542.65,1415801
2021-06-22 09:25:25,542.8,1416034
2021-06-22 09:25:26,542.6,1418937
2021-06-22 09:25:28,542.5,1448608
2021-06-22 09:25:29,542.5,1449966
2021-06-22 09:25:30,542.15,1454662
2021-06-22 09:25:31,542.25,1457162
2021-06-22 09:25:31,542.25,1455860
2021-06-22 09:25:32,542.25,1458135
2021-06-22 09:25:33,542.1,1458522
2021-06-22 09:25:34,542.25,1459336
2021-06-22 09:25:35,542.15,1459779
2021-06-22 09:25:37,542.05,1462177
2021-06-22 09:25:38,542.35,1462704
2021-06-22 09:25:38,542.35,1462704
2021-06-22 09:25:39,542.25,1463719
2021-06-22 09:25:41,542.3,1464696
2021-06-22 09:25:43,542.35,1466426
2021-06-22 09:25:44,542.5,1467762
2021-06-22 09:25:45,542.15,1469445
2021-06-22 09:25:45,542.1,1469470
2021-06-22 09:25:46,542.15,1471060
2021-06-22 09:25:47,542.2,1471304
2021-06-22 09:25:49,542.0,1480623
2021-06-22 09:25:51,542.0,1482377
2021-06-22 09:25:52,542.15,1483991
2021-06-22 09:25:52,542.05,1484092
2021-06-22 09:25:54,542.0,1486780
2021-06-22 09:25:56,542.2,1487746
2021-06-22 09:25:57,542.1,1487771
2021-06-22 09:25:59,542.2,1489016
2021-06-22 09:26:00,542.4,1491109
2021-06-22 09:26:00,542.2,1491229
2021-06-22 09:26:01,542.25,1491677
2021-06-22 09:26:02,542.35,1493934
2021-06-22 09:26:03,542.35,1493989
2021-06-22 09:26:05,542.3,1494038
2021-06-22 09:26:06,542.3,1494138
2021-06-22 09:26:06,542.4,1494238
2021-06-22 09:26:07,542.3,1494853
2021-06-22 09:26:08,542.35,1495870
2021-06-22 09:26:09,542.5,1496090
2021-06-22 09:26:11,542.25,1503922
2021-06-22 09:26:12,542.4,1505740
2021-06-22 09:26:14,542.5,1508672
2021-06-22 09:26:15,542.3,1508783
2021-06-22 09:26:19,542.5,1510788
2021-06-22 09:26:20,542.5,1513399
2021-06-22 09:26:21,542.5,1513508
2021-06-22 09:26:21,542.6,1513673
2021-06-22 09:26:22,542.8,1513931
2021-06-22 09:26:23,542.5,1514076
2021-06-22 09:26:24,542.8,1514228
2021-06-22 09:26:26,542.6,1514536
2021-06-22 09:26:27,542.75,1514546
2021-06-22 09:26:28,542.5,1514820
2021-06-22 09:26:29,542.45,1515085
2021-06-22 09:26:30,542.75,1515091
2021-06-22 09:26:31,542.75,1515692
2021-06-22 09:26:32,542.75,1516280
2021-06-22 09:26:33,542.9,1517615
2021-06-22 09:26:35,543.0,1518911
2021-06-22 09:26:35,543.0,1518911
2021-06-22 09:26:36,543.0,1518912
2021-06-22 09:26:37,542.95,1519751
2021-06-22 09:26:38,542.85,1519856
2021-06-22 09:26:39,542.85,1520532
2021-06-22 09:26:40,543.0,1520565
2021-06-22 09:26:41,542.75,1524050
2021-06-22 09:26:42,542.75,1524063
2021-06-22 09:26:43,542.75,1524063
2021-06-22 09:26:44,542.95,1524274
2021-06-22 09:26:45,542.9,1524304
2021-06-22 09:26:46,542.85,1524434
2021-06-22 09:26:47,542.8,1524896
2021-06-22 09:26:48,542.9,1525001
2021-06-22 09:26:49,542.8,1525036
2021-06-22 09:26:51,543.1,1527628
2021-06-22 09:26:52,542.85,1533993
2021-06-22 09:26:53,542.8,1534312
2021-06-22 09:26:54,542.95,1541370
2021-06-22 09:26:55,542.95,1542039
2021-06-22 09:26:56,542.8,1542222
2021-06-22 09:26:57,543.1,1542343
2021-06-22 09:26:59,543.1,1543180
2021-06-22 09:27:00,542.9,1543547
2021-06-22 09:27:01,542.75,1545890
2021-06-22 09:27:02,543.0,1546317
2021-06-22 09:27:03,543.0,1546423
2021-06-22 09:27:04,543.0,1546629
2021-06-22 09:27:05,543.0,1546654
2021-06-22 09:27:06,543.0,1546654
2021-06-22 09:27:06,542.95,1547829
2021-06-22 09:27:07,543.0,1550129
2021-06-22 09:27:08,542.8,1550174
2021-06-22 09:27:09,543.2,1551240
2021-06-22 09:27:10,543.35,1551288
2021-06-22 09:27:11,543.25,1551523
2021-06-22 09:27:12,543.25,1552796
2021-06-22 09:27:13,543.05,1553488
2021-06-22 09:27:15,543.25,1553628
2021-06-22 09:27:16,543.05,1553631
2021-06-22 09:27:17,543.0,1553699
2021-06-22 09:27:18,543.25,1554534
2021-06-22 09:27:19,543.05,1555224
2021-06-22 09:27:20,543.25,1555364
2021-06-22 09:27:21,543.0,1556285
2021-06-22 09:27:22,543.25,1556631
2021-06-22 09:27:23,543.25,1558534
2021-06-22 09:27:24,543.2,1559114
2021-06-22 09:27:25,543.25,1560491
2021-06-22 09:27:26,543.35,1560798
2021-06-22 09:27:27,543.25,1561398
2021-06-22 09:27:28,543.35,1561616
2021-06-22 09:27:29,543.3,1561812
2021-06-22 09:27:30,543.5,1562452
2021-06-22 09:27:31,543.5,1562462
2021-06-22 09:27:32,543.4,1564392
2021-06-22 09:27:33,543.5,1564804
2021-06-22 09:27:34,543.45,1566554
2021-06-22 09:27:35,543.45,1567428
2021-06-22 09:27:36,543.6,1568215
2021-06-22 09:27:37,543.6,1570562
2021-06-22 09:27:38,543.6,1571232
2021-06-22 09:27:39,543.6,1571598
2021-06-22 09:27:40,543.5,1571646
2021-06-22 09:27:42,543.5,1572803
2021-06-22 09:27:43,543.5,1572803
2021-06-22 09:27:44,543.6,1574513
2021-06-22 09:27:45,543.6,1576383
2021-06-22 09:27:46,543.55,1576729
2021-06-22 09:27:47,543.55,1577092
2021-06-22 09:27:48,543.6,1577724
2021-06-22 09:27:49,543.6,1578194
2021-06-22 09:27:50,543.45,1581377
2021-06-22 09:27:51,543.65,1581590
2021-06-22 09:27:53,543.4,1582007
2021-06-22 09:27:54,543.15,1586827
2021-06-22 09:27:55,543.4,1588390
2021-06-22 09:27:56,543.4,1588475
2021-06-22 09:27:58,543.4,1588814
2021-06-22 09:27:59,543.4,1588936
2021-06-22 09:28:00,543.4,1589091
2021-06-22 09:28:02,543.1,1593653
2021-06-22 09:28:03,543.05,1594436
2021-06-22 09:28:05,543.05,1594907
2021-06-22 09:28:06,543.05,1595142
2021-06-22 09:28:07,543.05,1598673
2021-06-22 09:28:08,543.05,1600250
2021-06-22 09:28:09,542.95,1600570
2021-06-22 09:28:10,542.9,1602678
2021-06-22 09:28:13,542.9,1602900
2021-06-22 09:28:14,542.8,1603601
2021-06-22 09:28:15,542.9,1605015
2021-06-22 09:28:17,542.7,1605066
2021-06-22 09:28:17,542.85,1605116
2021-06-22 09:28:18,542.85,1605185
2021-06-22 09:28:19,542.85,1605344
2021-06-22 09:28:20,542.95,1605645
2021-06-22 09:28:21,543.0,1605895
2021-06-22 09:28:23,542.7,1606590
2021-06-22 09:28:24,542.8,1606728
2021-06-22 09:28:25,542.5,1608470
2021-06-22 09:28:26,542.9,1609100
2021-06-22 09:28:27,542.9,1609504
2021-06-22 09:28:28,542.5,1613605
2021-06-22 09:28:29,542.8,1613925
2021-06-22 09:28:30,542.8,1613974
2021-06-22 09:28:31,542.85,1614254
2021-06-22 09:28:32,542.75,1614480
2021-06-22 09:28:33,542.75,1614658
2021-06-22 09:28:33,542.9,1615673
2021-06-22 09:28:34,542.9,1616070
2021-06-22 09:28:35,542.55,1616651
2021-06-22 09:28:36,542.65,1616940
2021-06-22 09:28:37,542.65,1617318
2021-06-22 09:28:39,542.65,1617988
2021-06-22 09:28:40,542.65,1618008
2021-06-22 09:28:41,542.65,1618325
2021-06-22 09:28:42,542.65,1618378
2021-06-22 09:28:43,542.8,1618691
2021-06-22 09:28:44,542.65,1619487
2021-06-22 09:28:45,542.9,1619739
2021-06-22 09:28:46,542.9,1620075
2021-06-22 09:28:47,542.8,1620211
2021-06-22 09:28:48,542.8,1620590
2021-06-22 09:28:50,542.8,1620672
2021-06-22 09:28:51,542.8,1620854
2021-06-22 09:28:52,542.6,1620974
2021-06-22 09:28:53,542.65,1620981
2021-06-22 09:28:54,542.6,1621173
2021-06-22 09:28:55,542.8,1621261
2021-06-22 09:28:56,542.55,1622426
2021-06-22 09:28:57,542.8,1622462
2021-06-22 09:28:58,542.8,1622482
2021-06-22 09:28:59,542.6,1622748
2021-06-22 09:29:00,542.6,1623453
2021-06-22 09:29:01,542.8,1623931
2021-06-22 09:29:02,542.6,1624075
2021-06-22 09:29:03,542.6,1624460
2021-06-22 09:29:04,542.6,1624903
2021-06-22 09:29:05,542.6,1625307
2021-06-22 09:29:06,542.8,1626575
2021-06-22 09:29:07,542.8,1626615
2021-06-22 09:29:08,542.8,1627064
2021-06-22 09:29:09,542.65,1627153
2021-06-22 09:29:10,542.8,1627303
2021-06-22 09:29:11,542.7,1629397
2021-06-22 09:29:12,542.95,1629421
2021-06-22 09:29:13,542.75,1629536
2021-06-22 09:29:14,542.95,1629748
2021-06-22 09:29:15,542.95,1629757
2021-06-22 09:29:16,542.95,1629757
2021-06-22 09:29:17,542.95,1629829
2021-06-22 09:29:18,542.95,1629993
2021-06-22 09:29:19,542.95,1630081
2021-06-22 09:29:20,542.8,1631699
2021-06-22 09:29:21,542.7,1631930
2021-06-22 09:29:22,542.9,1631974
2021-06-22 09:29:23,542.7,1632231
2021-06-22 09:29:24,542.7,1632898
2021-06-22 09:29:25,542.9,1632902
2021-06-22 09:29:26,542.9,1633079
2021-06-22 09:29:27,542.9,1633352
2021-06-22 09:29:28,542.95,1633747
2021-06-22 09:29:29,542.95,1633767
2021-06-22 09:29:30,542.8,1635015
2021-06-22 09:29:31,542.95,1635215
2021-06-22 09:29:32,542.95,1635451
2021-06-22 09:29:33,542.75,1635766
2021-06-22 09:29:34,542.95,1635803
2021-06-22 09:29:35,542.85,1635804
2021-06-22 09:29:36,542.85,1636003
2021-06-22 09:29:37,542.85,1636127
2021-06-22 09:29:38,542.95,1636563
2021-06-22 09:29:39,542.9,1636593
2021-06-22 09:29:40,542.8,1636614
2021-06-22 09:29:41,542.8,1636814
2021-06-22 09:29:42,542.8,1636814
2021-06-22 09:29:43,542.9,1636906
2021-06-22 09:29:44,542.9,1636906
2021-06-22 09:29:45,542.9,1636938
2021-06-22 09:29:46,542.95,1637273
2021-06-22 09:29:47,542.95,1637397
2021-06-22 09:29:48,542.95,1637420
2021-06-22 09:29:49,542.95,1641551
2021-06-22 09:29:50,542.95,1642001
2021-06-22 09:29:51,542.95,1642018
2021-06-22 09:29:52,542.9,1642065
2021-06-22 09:29:53,542.95,1643105
2021-06-22 09:29:54,542.9,1643953
2021-06-22 09:29:55,542.85,1645379
2021-06-22 09:29:56,542.95,1645974
2021-06-22 09:29:58,542.95,1646501
2021-06-22 09:29:59,542.9,1654218
2021-06-22 09:30:00,542.85,1655887
2021-06-22 09:30:01,542.85,1668413
2021-06-22 09:30:02,542.75,1670394
2021-06-22 09:30:03,542.5,1670434
2021-06-22 09:30:04,542.75,1671078
2021-06-22 09:30:05,542.8,1673665
2021-06-22 09:30:06,542.5,1673946
2021-06-22 09:30:07,542.75,1674510
2021-06-22 09:30:08,542.5,1676554
2021-06-22 09:30:10,542.5,1677414
2021-06-22 09:30:11,542.75,1677931
2021-06-22 09:30:12,542.65,1681419
2021-06-22 09:30:13,542.5,1681527
2021-06-22 09:30:14,542.65,1681563
2021-06-22 09:30:15,542.5,1681824
2021-06-22 09:30:16,542.65,1682059
2021-06-22 09:30:17,542.65,1682188
2021-06-22 09:30:18,542.65,1682853
2021-06-22 09:30:19,542.8,1682856
2021-06-22 09:30:20,543.05,1695761
2021-06-22 09:30:21,543.05,1695773
2021-06-22 09:30:22,542.55,1698745
2021-06-22 09:30:23,542.85,1700174
2021-06-22 09:30:24,542.6,1701339
2021-06-22 09:30:25,542.95,1702907
2021-06-22 09:30:26,542.65,1703107
2021-06-22 09:30:27,542.95,1703139
2021-06-22 09:30:28,542.95,1703173
2021-06-22 09:30:29,542.95,1703194
2021-06-22 09:30:30,542.95,1703324
2021-06-22 09:30:31,542.95,1703370
2021-06-22 09:30:32,542.95,1704014
2021-06-22 09:30:33,542.85,1704216
2021-06-22 09:30:34,543.0,1704382
2021-06-22 09:30:35,542.9,1704754
2021-06-22 09:30:36,543.0,1704861
2021-06-22 09:30:37,543.0,1704899
2021-06-22 09:30:38,543.0,1704959
2021-06-22 09:30:39,543.0,1704994
2021-06-22 09:30:40,543.0,1705053
2021-06-22 09:30:41,543.0,1705452
2021-06-22 09:30:42,542.85,1705658
2021-06-22 09:30:43,542.95,1706151
2021-06-22 09:30:43,542.95,1706151
2021-06-22 09:30:44,543.0,1707278
2021-06-22 09:30:45,542.8,1707545
2021-06-22 09:30:46,542.95,1707805
2021-06-22 09:30:47,542.95,1707815
2021-06-22 09:30:48,543.0,1708320
2021-06-22 09:30:50,542.95,1708749
2021-06-22 09:30:51,542.95,1709001
2021-06-22 09:30:52,542.95,1710160
2021-06-22 09:30:53,542.95,1710179
2021-06-22 09:30:54,542.75,1710288
2021-06-22 09:30:55,543.0,1710348
2021-06-22 09:30:56,542.9,1710637
2021-06-22 09:30:58,542.95,1710656
2021-06-22 09:31:00,542.6,1712871
2021-06-22 09:31:01,542.5,1713425
2021-06-22 09:31:02,542.65,1713754
2021-06-22 09:31:03,542.55,1714125
2021-06-22 09:31:04,542.6,1719942
2021-06-22 09:31:05,542.65,1720982
2021-06-22 09:31:06,542.65,1721894
2021-06-22 09:31:07,542.65,1721936
2021-06-22 09:31:09,542.65,1724414
2021-06-22 09:31:10,542.65,1724514
2021-06-22 09:31:11,542.65,1724589
2021-06-22 09:31:12,542.9,1725727
2021-06-22 09:31:13,542.6,1725936
2021-06-22 09:31:14,542.6,1725936
2021-06-22 09:31:15,542.85,1726150
2021-06-22 09:31:16,542.6,1726382
2021-06-22 09:31:17,542.85,1726417
2021-06-22 09:31:18,542.85,1727289
2021-06-22 09:31:19,542.6,1727551
2021-06-22 09:31:20,542.85,1727619
2021-06-22 09:31:21,542.65,1727694
2021-06-22 09:31:22,542.85,1727695
2021-06-22 09:31:23,542.85,1727723
2021-06-22 09:31:24,542.65,1727786
2021-06-22 09:31:25,542.85,1727891
2021-06-22 09:31:26,542.85,1727990
2021-06-22 09:31:27,542.85,1728387
2021-06-22 09:31:28,542.95,1728438
2021-06-22 09:31:29,542.85,1728708
2021-06-22 09:31:30,543.05,1735263
2021-06-22 09:31:31,542.85,1735523
2021-06-22 09:31:32,542.9,1735585
2021-06-22 09:31:33,542.9,1735729
2021-06-22 09:31:34,542.9,1735742
2021-06-22 09:31:36,542.9,1737082
2021-06-22 09:31:35,542.9,1737082
2021-06-22 09:31:37,542.75,1737576
2021-06-22 09:31:38,542.9,1738933
2021-06-22 09:31:39,542.7,1741484
2021-06-22 09:31:40,542.9,1741786
2021-06-22 09:31:41,542.9,1742381
2021-06-22 09:31:42,543.05,1747642
2021-06-22 09:31:43,543.1,1748401
2021-06-22 09:31:44,543.35,1749101
2021-06-22 09:31:45,543.35,1749555
2021-06-22 09:31:46,543.1,1749672
2021-06-22 09:31:47,543.05,1750311
2021-06-22 09:31:48,543.05,1751062
2021-06-22 09:31:49,543.0,1754059
2021-06-22 09:31:50,543.1,1754461
2021-06-22 09:31:51,543.1,1754920
2021-06-22 09:31:52,543.05,1755834
2021-06-22 09:31:53,543.05,1757021
2021-06-22 09:31:55,543.05,1757568
2021-06-22 09:31:56,543.2,1757976
2021-06-22 09:31:57,543.0,1758707
2021-06-22 09:31:58,543.2,1758717
2021-06-22 09:31:59,543.1,1759105
2021-06-22 09:32:00,543.2,1759661
2021-06-22 09:32:01,543.2,1759800
2021-06-22 09:32:02,543.25,1759972
2021-06-22 09:32:03,543.2,1759980
2021-06-22 09:32:04,543.15,1760166
2021-06-22 09:32:05,543.2,1760475
2021-06-22 09:32:06,543.25,1760483
2021-06-22 09:32:07,543.35,1760802
2021-06-22 09:32:08,543.25,1762235
2021-06-22 09:32:09,543.3,1762964
2021-06-22 09:32:10,543.1,1763001
2021-06-22 09:32:11,543.15,1763076
2021-06-22 09:32:12,543.35,1763223
2021-06-22 09:32:14,543.35,1763223
2021-06-22 09:32:15,543.25,1763358
2021-06-22 09:32:17,543.3,1763868
2021-06-22 09:32:18,543.5,1768624
2021-06-22 09:32:19,543.5,1769133
2021-06-22 09:32:21,543.35,1769482
2021-06-22 09:32:20,543.45,1769380
2021-06-22 09:32:22,543.5,1769528
2021-06-22 09:32:23,543.6,1771430
2021-06-22 09:32:24,543.55,1773587
2021-06-22 09:32:27,543.65,1774276
2021-06-22 09:32:28,543.35,1780577
2021-06-22 09:32:29,543.6,1781257
2021-06-22 09:32:30,543.65,1782134
2021-06-22 09:32:32,543.65,1783704
2021-06-22 09:32:33,543.65,1783734
2021-06-22 09:32:35,543.7,1788303
2021-06-22 09:32:36,543.7,1788383
2021-06-22 09:32:37,543.6,1790906
2021-06-22 09:32:38,543.5,1790974
2021-06-22 09:32:39,543.5,1791193
2021-06-22 09:32:40,543.4,1791563
2021-06-22 09:32:41,543.65,1793569
2021-06-22 09:32:42,543.7,1794051
2021-06-22 09:32:43,543.4,1794501
2021-06-22 09:32:44,543.65,1797498
2021-06-22 09:32:46,543.5,1798399
2021-06-22 09:32:47,543.55,1798834
2021-06-22 09:32:48,543.55,1800888
2021-06-22 09:32:49,543.55,1800929
2021-06-22 09:32:50,543.55,1801745
2021-06-22 09:32:51,543.4,1801789
2021-06-22 09:32:52,543.5,1802341
2021-06-22 09:32:53,543.55,1802440
2021-06-22 09:32:54,543.55,1802654
2021-06-22 09:32:55,543.55,1802819
2021-06-22 09:32:56,543.55,1802937
2021-06-22 09:32:57,543.55,1802945
2021-06-22 09:32:58,543.55,1803160
2021-06-22 09:32:59,543.55,1803205
2021-06-22 09:33:00,543.55,1803459
2021-06-22 09:33:01,543.55,1806078
2021-06-22 09:33:02,543.65,1806434
2021-06-22 09:33:03,543.65,1806632
2021-06-22 09:33:04,543.65,1810694
2021-06-22 09:33:05,543.65,1811030
2021-06-22 09:33:06,543.65,1811615
2021-06-22 09:33:07,543.65,1813596
2021-06-22 09:33:08,543.6,1813756
2021-06-22 09:33:09,543.65,1814267
2021-06-22 09:33:10,543.6,1814577
2021-06-22 09:33:11,543.65,1814807
2021-06-22 09:33:12,543.65,1815233
2021-06-22 09:33:13,543.5,1815566
2021-06-22 09:33:14,543.65,1815826
2021-06-22 09:33:15,543.25,1816493
2021-06-22 09:33:18,543.5,1818321
2021-06-22 09:33:19,543.3,1819988
2021-06-22 09:33:21,543.5,1820616
2021-06-22 09:33:21,543.25,1820617
2021-06-22 09:33:22,543.5,1821826
2021-06-22 09:33:23,543.55,1822637
2021-06-22 09:33:24,543.25,1823312
2021-06-22 09:33:25,543.5,1823314
2021-06-22 09:33:26,543.5,1824291
2021-06-22 09:33:27,543.25,1824756
2021-06-22 09:33:29,543.45,1825041
2021-06-22 09:33:30,543.5,1826238
2021-06-22 09:33:31,543.5,1826433
2021-06-22 09:33:33,543.6,1827526
2021-06-22 09:33:33,543.5,1827984
2021-06-22 09:33:34,543.6,1828265
2021-06-22 09:33:35,543.6,1828350
2021-06-22 09:33:36,543.5,1828527
2021-06-22 09:33:37,543.65,1828877
2021-06-22 09:33:39,543.65,1829549
2021-06-22 09:33:41,543.55,1831824
2021-06-22 09:33:41,543.55,1831934
2021-06-22 09:33:42,543.3,1832564
2021-06-22 09:33:43,543.5,1832626
2021-06-22 09:33:44,543.65,1834507
2021-06-22 09:33:45,543.3,1835209
2021-06-22 09:33:46,543.25,1835823
2021-06-22 09:33:47,543.55,1837334
2021-06-22 09:33:48,543.25,1837527
2021-06-22 09:33:49,543.3,1838649
2021-06-22 09:33:50,543.3,1838863
2021-06-22 09:33:51,543.3,1840105
2021-06-22 09:33:54,543.2,1843079
2021-06-22 09:33:54,543.15,1843891
2021-06-22 09:33:55,543.4,1844114
2021-06-22 09:33:56,543.15,1844911
2021-06-22 09:33:58,543.55,1846759
2021-06-22 09:33:59,543.25,1847211
2021-06-22 09:34:00,543.2,1847824
2021-06-22 09:34:01,543.3,1848796
2021-06-22 09:34:02,543.05,1849370
2021-06-22 09:34:03,543.2,1850120
2021-06-22 09:34:04,543.2,1850220
2021-06-22 09:34:05,543.15,1850381
2021-06-22 09:34:06,543.2,1850556
2021-06-22 09:34:08,543.2,1851492
2021-06-22 09:34:09,543.15,1851771
2021-06-22 09:34:10,543.45,1853251
2021-06-22 09:34:11,543.45,1853301
2021-06-22 09:34:12,543.4,1853308
2021-06-22 09:34:14,543.3,1853519
2021-06-22 09:34:15,543.45,1854190
2021-06-22 09:34:16,543.45,1854544
2021-06-22 09:34:17,543.25,1854819
2021-06-22 09:34:18,543.45,1855271
2021-06-22 09:34:19,543.45,1855592
2021-06-22 09:34:21,543.05,1856581
2021-06-22 09:34:20,543.25,1855644
2021-06-22 09:34:22,543.25,1856721
2021-06-22 09:34:23,543.05,1856933
2021-06-22 09:34:24,543.2,1857080
2021-06-22 09:34:25,543.2,1857367
2021-06-22 09:34:26,543.2,1857391
2021-06-22 09:34:27,543.0,1857645
2021-06-22 09:34:28,543.0,1858155
2021-06-22 09:34:29,543.0,1858350
2021-06-22 09:34:30,543.0,1859684
2021-06-22 09:34:31,543.0,1859867
2021-06-22 09:34:32,543.15,1870891
2021-06-22 09:34:33,543.1,1872599
2021-06-22 09:34:35,543.0,1872901
2021-06-22 09:34:35,543.0,1873011
2021-06-22 09:34:36,543.0,1873250
2021-06-22 09:34:37,542.8,1873462
2021-06-22 09:34:38,543.0,1873662
2021-06-22 09:34:40,542.8,1873807
2021-06-22 09:34:40,542.8,1874166
2021-06-22 09:34:42,543.0,1874753
2021-06-22 09:34:42,543.0,1874853
2021-06-22 09:34:44,542.95,1875668
2021-06-22 09:34:45,542.95,1876424
2021-06-22 09:34:46,542.95,1876769
2021-06-22 09:34:47,542.95,1876899
2021-06-22 09:34:48,542.95,1876935
2021-06-22 09:34:49,543.0,1879404
2021-06-22 09:34:50,543.0,1879435
2021-06-22 09:34:52,542.9,1881781
2021-06-22 09:34:52,543.0,1882311
2021-06-22 09:34:53,543.1,1882506
2021-06-22 09:34:54,543.0,1882548
2021-06-22 09:34:56,543.0,1882960
2021-06-22 09:34:56,543.0,1883015
2021-06-22 09:34:58,543.1,1883322
2021-06-22 09:34:58,543.1,1883322
2021-06-22 09:34:59,543.0,1883562
2021-06-22 09:35:00,543.0,1883590
2021-06-22 09:35:01,543.0,1883592
2021-06-22 09:35:02,543.1,1886174
2021-06-22 09:35:03,543.0,1886552
2021-06-22 09:35:05,543.0,1887029
2021-06-22 09:35:06,543.1,1887030
2021-06-22 09:35:07,543.0,1887754
2021-06-22 09:35:08,543.0,1887869
2021-06-22 09:35:11,543.1,1888674
2021-06-22 09:35:11,543.1,1888424
2021-06-22 09:35:12,543.0,1888687
2021-06-22 09:35:13,543.0,1888950
2021-06-22 09:35:14,543.0,1888970
2021-06-22 09:35:15,543.0,1889032
2021-06-22 09:35:16,543.0,1889663
2021-06-22 09:35:17,542.85,1889964
2021-06-22 09:35:18,543.1,1890024
2021-06-22 09:35:19,543.0,1890028
2021-06-22 09:35:20,543.0,1890396
2021-06-22 09:35:21,543.15,1890628
2021-06-22 09:35:22,543.0,1891349
2021-06-22 09:35:23,543.0,1891378
2021-06-22 09:35:24,543.0,1891545
2021-06-22 09:35:25,543.0,1891750
2021-06-22 09:35:26,543.0,1891765
2021-06-22 09:35:27,543.0,1892177
2021-06-22 09:35:30,543.0,1894226
2021-06-22 09:35:31,542.95,1894761
2021-06-22 09:35:32,543.1,1894782
2021-06-22 09:35:33,543.1,1894820
2021-06-22 09:35:33,543.1,1894826
2021-06-22 09:35:35,543.1,1895240
2021-06-22 09:35:36,543.1,1895328
2021-06-22 09:35:37,543.1,1895388
2021-06-22 09:35:37,543.1,1895388
2021-06-22 09:35:38,543.1,1895888
2021-06-22 09:35:40,543.0,1896182
2021-06-22 09:35:41,543.1,1896263
2021-06-22 09:35:42,543.1,1897080
2021-06-22 09:35:43,543.1,1897858
2021-06-22 09:35:44,543.15,1897859
2021-06-22 09:35:45,543.1,1898190
2021-06-22 09:35:46,543.2,1898271
2021-06-22 09:35:47,543.2,1898760
2021-06-22 09:35:48,542.85,1902024
2021-06-22 09:35:50,542.95,1902784
2021-06-22 09:35:51,542.9,1902932
2021-06-22 09:35:52,542.95,1903165
2021-06-22 09:35:52,542.8,1903386
2021-06-22 09:35:53,542.85,1903497
2021-06-22 09:35:54,542.85,1903599
2021-06-22 09:35:55,542.8,1903677
2021-06-22 09:35:56,542.85,1904182
2021-06-22 09:35:57,542.85,1904485
2021-06-22 09:35:58,542.95,1904624
2021-06-22 09:35:59,542.8,1908080
2021-06-22 09:36:00,542.9,1909181
2021-06-22 09:36:02,542.8,1909491
2021-06-22 09:36:03,542.85,1909493
2021-06-22 09:36:04,542.85,1909839
2021-06-22 09:36:05,542.85,1910084
2021-06-22 09:36:06,542.85,1910085
2021-06-22 09:36:07,542.85,1910116
2021-06-22 09:36:09,542.75,1910199
2021-06-22 09:36:10,542.75,1910309
2021-06-22 09:36:12,542.85,1910457
2021-06-22 09:36:12,542.85,1910457
2021-06-22 09:36:13,542.85,1910693
2021-06-22 09:36:14,542.85,1911048
2021-06-22 09:36:15,542.8,1911054
2021-06-22 09:36:16,542.85,1911106
2021-06-22 09:36:17,542.85,1911279
2021-06-22 09:36:18,542.85,1911400
2021-06-22 09:36:19,542.75,1911867
2021-06-22 09:36:20,542.8,1912124
2021-06-22 09:36:21,542.85,1912656
2021-06-22 09:36:22,542.9,1912687
2021-06-22 09:36:24,542.9,1912687
2021-06-22 09:36:25,542.9,1912687
2021-06-22 09:36:26,543.0,1912937
2021-06-22 09:36:27,543.0,1912947
2021-06-22 09:36:28,542.85,1912983
2021-06-22 09:36:29,542.9,1913086
2021-06-22 09:36:30,543.0,1913192
2021-06-22 09:36:31,543.0,1913497
2021-06-22 09:36:32,542.9,1913579
2021-06-22 09:36:33,542.9,1913579
2021-06-22 09:36:34,542.95,1913725
2021-06-22 09:36:34,542.9,1913737
2021-06-22 09:36:35,543.0,1913876
2021-06-22 09:36:36,542.9,1914000
2021-06-22 09:36:37,543.0,1914310
2021-06-22 09:36:38,543.0,1914811
2021-06-22 09:36:39,543.0,1915016
2021-06-22 09:36:40,543.0,1915478
2021-06-22 09:36:41,543.0,1915575
2021-06-22 09:36:42,543.0,1915641
2021-06-22 09:36:43,543.0,1915653
2021-06-22 09:36:44,543.0,1915745
2021-06-22 09:36:45,542.9,1915956
2021-06-22 09:36:46,543.0,1915957
2021-06-22 09:36:47,542.9,1916222
2021-06-22 09:36:48,543.0,1916342
2021-06-22 09:36:49,542.95,1916492
2021-06-22 09:36:50,543.0,1916880
2021-06-22 09:36:52,543.1,1917653
2021-06-22 09:36:54,542.95,1918534
2021-06-22 09:36:55,543.0,1918536
2021-06-22 09:36:56,542.95,1918580
2021-06-22 09:36:57,543.0,1918616
2021-06-22 09:36:57,543.0,1918626
2021-06-22 09:36:58,543.0,1918662
2021-06-22 09:36:59,543.0,1918963
2021-06-22 09:37:00,542.9,1919033
2021-06-22 09:37:01,542.9,1919033
2021-06-22 09:37:03,542.95,1919199
2021-06-22 09:37:04,543.0,1919219
2021-06-22 09:37:05,543.0,1919332
2021-06-22 09:37:06,542.95,1924170
2021-06-22 09:37:06,542.9,1924212
2021-06-22 09:37:07,542.95,1924661
2021-06-22 09:37:08,542.95,1924681
2021-06-22 09:37:09,542.9,1926001
2021-06-22 09:37:10,542.5,1943852
2021-06-22 09:37:13,542.65,1950049
2021-06-22 09:37:15,542.55,1950366
2021-06-22 09:37:17,542.35,1950783
2021-06-22 09:37:18,542.25,1951598
2021-06-22 09:37:19,542.5,1951936
2021-06-22 09:37:20,542.5,1951986
2021-06-22 09:37:21,542.5,1952086
2021-06-22 09:37:22,542.5,1952086
2021-06-22 09:37:23,542.3,1952152
2021-06-22 09:37:25,542.35,1952285
2021-06-22 09:37:27,542.35,1952858
2021-06-22 09:37:28,542.35,1952868
2021-06-22 09:37:29,542.35,1953915
2021-06-22 09:37:30,542.35,1953915
2021-06-22 09:37:30,542.3,1954102
2021-06-22 09:37:31,542.3,1954299
2021-06-22 09:37:32,542.3,1955304
2021-06-22 09:37:34,542.3,1956469
2021-06-22 09:37:35,542.25,1956550
2021-06-22 09:37:36,542.3,1956650
2021-06-22 09:37:37,542.25,1956651
2021-06-22 09:37:38,542.3,1956995
2021-06-22 09:37:39,542.3,1956998
2021-06-22 09:37:40,542.3,1957506
2021-06-22 09:37:41,542.3,1957506
2021-06-22 09:37:42,542.3,1957767
2021-06-22 09:37:43,542.3,1957919
2021-06-22 09:37:44,542.45,1959031
2021-06-22 09:37:45,542.3,1959037
2021-06-22 09:37:46,542.45,1959076
2021-06-22 09:37:47,542.3,1959103
2021-06-22 09:37:48,542.45,1959143
2021-06-22 09:37:49,542.4,1959156
2021-06-22 09:37:50,542.4,1959815
2021-06-22 09:37:50,542.3,1960165
2021-06-22 09:37:52,542.5,1960225
2021-06-22 09:37:53,542.5,1960265
2021-06-22 09:37:53,542.7,1960515
2021-06-22 09:37:54,542.7,1960517
2021-06-22 09:37:56,542.6,1960617
2021-06-22 09:37:57,542.6,1960617
2021-06-22 09:37:58,542.5,1961637
2021-06-22 09:37:59,542.7,1962497
2021-06-22 09:38:00,542.9,1962753
2021-06-22 09:38:01,542.85,1962828
2021-06-22 09:38:02,542.6,1965085
2021-06-22 09:38:03,542.6,1965095
2021-06-22 09:38:04,542.55,1965294
2021-06-22 09:38:05,542.6,1965377
2021-06-22 09:38:06,542.6,1965377
2021-06-22 09:38:07,542.55,1967288
2021-06-22 09:38:08,542.55,1967302
2021-06-22 09:38:09,542.5,1967596
2021-06-22 09:38:10,542.5,1967704
2021-06-22 09:38:11,542.5,1967777
2021-06-22 09:38:12,542.55,1967894
2021-06-22 09:38:13,542.5,1968414
2021-06-22 09:38:14,542.5,1969120
2021-06-22 09:38:15,542.6,1969206
2021-06-22 09:38:16,542.55,1969578
2021-06-22 09:38:17,542.55,1969828
2021-06-22 09:38:18,542.55,1969828
2021-06-22 09:38:19,542.6,1969853
2021-06-22 09:38:20,542.55,1969984
2021-06-22 09:38:21,542.6,1969986
2021-06-22 09:38:22,542.6,1970046
2021-06-22 09:38:23,542.6,1970101
2021-06-22 09:38:24,542.6,1970328
2021-06-22 09:38:25,542.55,1970445
2021-06-22 09:38:26,542.6,1970460
2021-06-22 09:38:26,542.6,1970460
2021-06-22 09:38:28,542.6,1970536
2021-06-22 09:38:30,542.6,1971957
2021-06-22 09:38:31,542.55,1972007
2021-06-22 09:38:32,542.55,1972107
2021-06-22 09:38:34,542.5,1975173
2021-06-22 09:38:35,542.5,1975483
2021-06-22 09:38:36,542.5,1975906
2021-06-22 09:38:37,542.5,1976106
2021-06-22 09:38:38,542.5,1976273
2021-06-22 09:38:38,542.3,1976285
2021-06-22 09:38:39,542.5,1976338
2021-06-22 09:38:40,542.5,1976456
2021-06-22 09:38:41,542.5,1976458
2021-06-22 09:38:44,542.45,1977336
2021-06-22 09:38:45,542.45,1977448
2021-06-22 09:38:45,542.4,1977490
2021-06-22 09:38:47,542.4,1977531
2021-06-22 09:38:48,542.4,1977536
2021-06-22 09:38:48,542.4,1977536
2021-06-22 09:38:49,542.4,1977536
2021-06-22 09:38:50,542.4,1977579
2021-06-22 09:38:51,542.4,1977805
2021-06-22 09:38:52,542.35,1977939
2021-06-22 09:38:53,542.4,1978042
2021-06-22 09:38:54,542.4,1978172
2021-06-22 09:38:55,542.35,1978208
2021-06-22 09:38:57,542.35,1978208
2021-06-22 09:38:57,542.4,1978642
2021-06-22 09:38:58,542.3,1979007
2021-06-22 09:38:59,542.3,1979021
2021-06-22 09:39:00,542.3,1979564
2021-06-22 09:39:01,542.3,1979564
2021-06-22 09:39:02,542.3,1979593
2021-06-22 09:39:03,542.35,1979727
2021-06-22 09:39:04,542.4,1980370
2021-06-22 09:39:06,542.0,1994355
2021-06-22 09:39:07,542.0,1994355
2021-06-22 09:39:07,542.05,1994856
2021-06-22 09:39:09,542.25,1994907
2021-06-22 09:39:10,542.25,1995108
2021-06-22 09:39:11,542.1,1995619
2021-06-22 09:39:12,542.1,1995965
2021-06-22 09:39:12,542.25,1996150
2021-06-22 09:39:14,542.1,1996271
2021-06-22 09:39:15,542.1,1996336
2021-06-22 09:39:16,542.05,1996957
2021-06-22 09:39:17,542.05,1997341
2021-06-22 09:39:18,542.05,1997366
2021-06-22 09:39:19,542.25,1997601
2021-06-22 09:39:20,542.25,1997615
2021-06-22 09:39:21,542.1,1997898
2021-06-22 09:39:22,542.25,1998038
2021-06-22 09:39:23,542.25,1998138
2021-06-22 09:39:24,542.25,1998297
2021-06-22 09:39:25,542.25,1998297
2021-06-22 09:39:26,542.15,1998411
2021-06-22 09:39:26,542.15,1998391
2021-06-22 09:39:27,542.1,1998471
2021-06-22 09:39:28,542.2,2000731
2021-06-22 09:39:30,542.25,2001109
2021-06-22 09:39:31,542.15,2001697
2021-06-22 09:39:32,542.15,2001703
2021-06-22 09:39:33,542.25,2001915
2021-06-22 09:39:34,542.35,2002766
2021-06-22 09:39:35,542.3,2003538
2021-06-22 09:39:36,542.25,2003639
2021-06-22 09:39:37,542.25,2003691
2021-06-22 09:39:38,542.45,2003756
2021-06-22 09:39:39,542.25,2003906
2021-06-22 09:39:40,542.35,2004024
2021-06-22 09:39:41,542.35,2008394
2021-06-22 09:39:41,542.55,2009166
2021-06-22 09:39:43,542.55,2009269
2021-06-22 09:39:44,542.5,2009809
2021-06-22 09:39:45,542.55,2012758
2021-06-22 09:39:46,542.3,2012977
2021-06-22 09:39:47,542.35,2012980
2021-06-22 09:39:48,542.45,2013025
2021-06-22 09:39:49,542.45,2013187
2021-06-22 09:39:50,542.45,2013981
2021-06-22 09:39:51,542.35,2014659
2021-06-22 09:39:52,542.35,2014923
2021-06-22 09:39:53,542.35,2014954
2021-06-22 09:39:53,542.35,2014954
2021-06-22 09:39:54,542.3,2015070
2021-06-22 09:39:55,542.3,2015136
2021-06-22 09:39:56,542.3,2015161
2021-06-22 09:39:57,542.15,2015396
2021-06-22 09:39:59,542.15,2016023
2021-06-22 09:39:59,542.3,2016032
2021-06-22 09:40:00,542.4,2016779
2021-06-22 09:40:01,542.15,2016789
2021-06-22 09:40:03,542.35,2017778
2021-06-22 09:40:09,542.05,2026155
2021-06-22 09:40:11,542.05,2027136
2021-06-22 09:40:12,542.05,2027532
2021-06-22 09:40:14,542.1,2027776
2021-06-22 09:40:15,542.1,2027869
2021-06-22 09:40:16,542.1,2028312
2021-06-22 09:40:17,542.05,2028832
2021-06-22 09:40:18,542.05,2029345
2021-06-22 09:40:19,542.05,2029726
2021-06-22 09:40:20,542.05,2030210
2021-06-22 09:40:22,542.0,2030898
2021-06-22 09:40:23,542.05,2031698
2021-06-22 09:40:24,542.0,2063568
2021-06-22 09:40:25,541.35,2099369
2021-06-22 09:40:26,541.35,2100745
2021-06-22 09:40:27,541.2,2101795
2021-06-22 09:40:28,541.1,2109270
2021-06-22 09:40:29,541.0,2123920
2021-06-22 09:40:30,540.95,2133497
2021-06-22 09:40:31,540.95,2136630
2021-06-22 09:40:32,540.9,2141686
2021-06-22 09:40:33,540.75,2142144
2021-06-22 09:40:34,540.75,2145164
2021-06-22 09:40:35,540.7,2155213
2021-06-22 09:40:36,540.65,2157956
2021-06-22 09:40:37,541.05,2168775
2021-06-22 09:40:38,541.15,2173281
2021-06-22 09:40:39,541.35,2173949
2021-06-22 09:40:41,541.5,2175179
2021-06-22 09:40:42,541.3,2176768
2021-06-22 09:40:43,541.35,2177199
2021-06-22 09:40:44,541.4,2178356
2021-06-22 09:40:45,541.45,2179371
2021-06-22 09:40:46,541.3,2179601
2021-06-22 09:40:47,541.25,2179868
2021-06-22 09:40:48,541.3,2183771
2021-06-22 09:40:50,541.45,2185137
2021-06-22 09:40:51,541.4,2185437
2021-06-22 09:40:52,541.4,2187515
2021-06-22 09:40:53,541.5,2187675
2021-06-22 09:40:54,541.35,2188051
2021-06-22 09:40:55,541.4,2188432
2021-06-22 09:40:56,541.4,2189090
2021-06-22 09:40:57,541.5,2191801
2021-06-22 09:40:58,541.45,2192438
2021-06-22 09:40:59,541.4,2193270
2021-06-22 09:41:01,541.35,2198508
2021-06-22 09:41:02,541.35,2199096
2021-06-22 09:41:03,541.5,2199555
2021-06-22 09:41:04,541.45,2199658
2021-06-22 09:41:05,541.45,2199786
2021-06-22 09:41:06,541.4,2199869
2021-06-22 09:41:07,541.45,2200991
2021-06-22 09:41:08,541.4,2201306
2021-06-22 09:41:09,541.35,2201779
2021-06-22 09:41:10,541.45,2203278
2021-06-22 09:41:11,541.3,2204203
2021-06-22 09:41:12,541.45,2205682
2021-06-22 09:41:12,541.45,2205849
2021-06-22 09:41:13,541.3,2206181
2021-06-22 09:41:14,541.2,2207010
2021-06-22 09:41:16,541.45,2207784
2021-06-22 09:41:17,541.3,2208133
2021-06-22 09:41:18,541.3,2208408
2021-06-22 09:41:19,541.2,2208579
2021-06-22 09:41:20,541.15,2209375
2021-06-22 09:41:21,541.25,2210538
2021-06-22 09:41:22,541.45,2210664
2021-06-22 09:41:23,541.3,2211006
2021-06-22 09:41:24,541.4,2211131
2021-06-22 09:41:25,541.4,2211349
2021-06-22 09:41:26,541.4,2211441
2021-06-22 09:41:27,541.4,2211833
2021-06-22 09:41:28,541.4,2211864
2021-06-22 09:41:29,541.35,2212665
2021-06-22 09:41:30,541.35,2212665
2021-06-22 09:41:31,541.35,2213322
2021-06-22 09:41:32,541.35,2213495
2021-06-22 09:41:33,541.3,2214534
2021-06-22 09:41:34,541.3,2214794
2021-06-22 09:41:35,541.3,2215434
2021-06-22 09:41:36,541.35,2215539
2021-06-22 09:41:37,541.3,2215712
2021-06-22 09:41:38,541.35,2217234
2021-06-22 09:41:39,541.3,2217702
2021-06-22 09:41:40,541.5,2219234
2021-06-22 09:41:41,541.45,2219513
2021-06-22 09:41:43,541.2,2220470
2021-06-22 09:41:44,541.35,2220706
2021-06-22 09:41:45,541.3,2220797
2021-06-22 09:41:46,541.35,2221186
2021-06-22 09:41:47,541.35,2221466
2021-06-22 09:41:49,541.3,2222248
2021-06-22 09:41:50,541.3,2222953
2021-06-22 09:41:51,541.3,2222953
2021-06-22 09:41:52,541.2,2223484
2021-06-22 09:41:53,541.15,2223506
2021-06-22 09:41:54,541.1,2224385
2021-06-22 09:41:55,541.3,2224841
2021-06-22 09:41:56,541.3,2224841
2021-06-22 09:41:57,541.3,2227452
2021-06-22 09:41:58,541.25,2227778
2021-06-22 09:41:59,541.15,2228539
2021-06-22 09:42:01,541.25,2237062
2021-06-22 09:42:02,541.25,2237485
2021-06-22 09:42:03,541.5,2237486
2021-06-22 09:42:04,541.25,2241705
2021-06-22 09:42:05,541.35,2242071
2021-06-22 09:42:06,541.35,2242291
2021-06-22 09:42:07,541.35,2242336
2021-06-22 09:42:08,541.35,2242336
2021-06-22 09:42:09,541.35,2242347
2021-06-22 09:42:10,541.35,2247445
2021-06-22 09:42:11,541.35,2247447
2021-06-22 09:42:12,541.3,2248152
2021-06-22 09:42:13,541.35,2248783
2021-06-22 09:42:14,541.4,2254090
2021-06-22 09:42:15,541.4,2254240
2021-06-22 09:42:16,541.15,2255606
2021-06-22 09:42:17,541.25,2256705
2021-06-22 09:42:18,541.3,2257666
2021-06-22 09:42:19,541.4,2262976
2021-06-22 09:42:20,541.4,2263410
2021-06-22 09:42:21,541.4,2265311
2021-06-22 09:42:22,541.4,2265561
2021-06-22 09:42:23,541.25,2270661
2021-06-22 09:42:24,541.25,2270661
2021-06-22 09:42:25,541.15,2271700
2021-06-22 09:42:26,541.1,2271927
2021-06-22 09:42:29,541.15,2284295
2021-06-22 09:42:33,541.15,2291477
2021-06-22 09:42:34,541.4,2297205
2021-06-22 09:42:35,541.05,2297272
2021-06-22 09:42:36,541.05,2298416
2021-06-22 09:42:37,541.2,2298426
2021-06-22 09:42:38,541.2,2298628
2021-06-22 09:42:39,541.4,2304683
2021-06-22 09:42:40,541.3,2306169
2021-06-22 09:42:41,541.4,2309109
2021-06-22 09:42:42,541.2,2309163
2021-06-22 09:42:43,541.2,2309571
2021-06-22 09:42:44,541.4,2309610
2021-06-22 09:42:45,541.4,2315684
2021-06-22 09:42:46,541.15,2317389
2021-06-22 09:42:47,541.1,2318176
2021-06-22 09:42:48,541.1,2319229
2021-06-22 09:42:49,541.1,2319728
2021-06-22 09:42:51,541.0,2320811
2021-06-22 09:42:52,541.05,2320878
2021-06-22 09:42:53,541.0,2321083
2021-06-22 09:42:54,541.05,2321779
2021-06-22 09:42:55,541.05,2323133
2021-06-22 09:42:56,541.15,2328219
2021-06-22 09:42:57,541.15,2328428
2021-06-22 09:42:58,541.15,2328636
2021-06-22 09:42:59,541.1,2329499
2021-06-22 09:43:00,541.15,2329601
2021-06-22 09:43:01,541.15,2329624
2021-06-22 09:43:02,541.15,2329633
2021-06-22 09:43:03,541.15,2330174
2021-06-22 09:43:05,541.2,2331146
2021-06-22 09:43:06,541.3,2331546
2021-06-22 09:43:07,541.1,2331602
2021-06-22 09:43:08,541.3,2331906
2021-06-22 09:43:09,541.2,2332275
2021-06-22 09:43:10,541.3,2332747
2021-06-22 09:43:12,541.2,2333820
2021-06-22 09:43:13,541.3,2334011
2021-06-22 09:43:14,541.3,2334039
2021-06-22 09:43:15,541.2,2334085
2021-06-22 09:43:16,541.2,2334122
2021-06-22 09:43:17,541.3,2334998
2021-06-22 09:43:18,541.25,2339009
2021-06-22 09:43:19,541.2,2340496
2021-06-22 09:43:20,541.15,2341108
2021-06-22 09:43:21,541.15,2341140
2021-06-22 09:43:22,541.2,2341160
2021-06-22 09:43:23,541.2,2342459
2021-06-22 09:43:24,541.3,2342491
2021-06-22 09:43:25,541.2,2342669
2021-06-22 09:43:26,541.3,2342739
2021-06-22 09:43:27,541.3,2342856
2021-06-22 09:43:28,541.25,2343072
2021-06-22 09:43:29,541.5,2345728
2021-06-22 09:43:30,541.3,2345734
2021-06-22 09:43:31,541.25,2346428
2021-06-22 09:43:32,541.25,2346428
2021-06-22 09:43:33,541.25,2346904
2021-06-22 09:43:34,541.25,2347094
2021-06-22 09:43:35,541.25,2347341
2021-06-22 09:43:36,541.5,2349602
2021-06-22 09:43:37,541.3,2349671
2021-06-22 09:43:38,541.2,2349681
2021-06-22 09:43:39,541.25,2350213
2021-06-22 09:43:40,541.3,2350303
2021-06-22 09:43:41,541.1,2356269
2021-06-22 09:43:42,540.85,2367878
2021-06-22 09:43:43,541.05,2369008
2021-06-22 09:43:44,541.0,2369676
2021-06-22 09:43:45,541.0,2370440
2021-06-22 09:43:47,541.0,2371016
2021-06-22 09:43:47,541.0,2371166
2021-06-22 09:43:48,541.0,2371484
2021-06-22 09:43:49,541.0,2371958
2021-06-22 09:43:50,540.8,2372487
2021-06-22 09:43:51,540.75,2373000
2021-06-22 09:43:52,540.8,2373798
2021-06-22 09:43:53,540.7,2374101
2021-06-22 09:43:54,540.8,2374118
2021-06-22 09:43:55,540.8,2375432
2021-06-22 09:43:56,540.8,2375662
2021-06-22 09:43:59,540.65,2378330
2021-06-22 09:44:00,540.7,2378358
2021-06-22 09:44:01,540.95,2378413
2021-06-22 09:44:02,540.65,2378497
2021-06-22 09:44:03,540.85,2379204
2021-06-22 09:44:04,540.85,2379314
2021-06-22 09:44:05,540.85,2379845
2021-06-22 09:44:06,541.0,2380196
2021-06-22 09:44:07,540.95,2380216
2021-06-22 09:44:08,541.15,2381727
2021-06-22 09:44:09,541.1,2382026
2021-06-22 09:44:10,541.0,2382175
2021-06-22 09:44:11,541.0,2382470
2021-06-22 09:44:12,541.0,2382971
2021-06-22 09:44:13,540.8,2384539
2021-06-22 09:44:14,541.0,2384943
2021-06-22 09:44:15,541.0,2385068
2021-06-22 09:44:16,541.0,2385414
2021-06-22 09:44:17,540.8,2387551
2021-06-22 09:44:18,541.0,2388379
2021-06-22 09:44:19,541.0,2388481
2021-06-22 09:44:20,541.0,2388491
2021-06-22 09:44:22,541.0,2389092
2021-06-22 09:44:22,541.0,2389312
2021-06-22 09:44:23,540.85,2389491
2021-06-22 09:44:25,540.85,2389548
2021-06-22 09:44:25,540.85,2389563
2021-06-22 09:44:26,540.85,2389596
2021-06-22 09:44:27,540.85,2389617
2021-06-22 09:44:28,541.0,2390860
2021-06-22 09:44:29,541.15,2391066
2021-06-22 09:44:30,541.0,2391237
2021-06-22 09:44:31,541.0,2391385
2021-06-22 09:44:32,541.0,2391593
2021-06-22 09:44:33,540.9,2392043
2021-06-22 09:44:34,541.1,2392143
2021-06-22 09:44:35,540.9,2392249
2021-06-22 09:44:36,541.1,2392612
2021-06-22 09:44:39,541.15,2393840
2021-06-22 09:44:40,541.2,2394112
2021-06-22 09:44:41,541.1,2394938
2021-06-22 09:44:43,541.2,2395064
2021-06-22 09:44:44,541.15,2395129
2021-06-22 09:44:45,541.2,2395265
2021-06-22 09:44:46,541.1,2395566
2021-06-22 09:44:47,541.15,2395845
2021-06-22 09:44:48,541.4,2395865
2021-06-22 09:44:49,541.45,2395999
2021-06-22 09:44:50,541.2,2396254
2021-06-22 09:44:51,541.35,2400722
2021-06-22 09:44:52,541.15,2400766
2021-06-22 09:44:53,541.4,2400816
2021-06-22 09:44:54,541.1,2401143
2021-06-22 09:44:55,541.35,2401247
2021-06-22 09:44:56,541.2,2401267
2021-06-22 09:44:57,541.2,2401269
2021-06-22 09:44:58,541.35,2401869
2021-06-22 09:44:59,541.2,2402622
2021-06-22 09:45:01,541.4,2402968
2021-06-22 09:45:01,541.4,2402968
2021-06-22 09:45:02,541.35,2403376
2021-06-22 09:45:03,541.4,2403386
2021-06-22 09:45:04,541.4,2403893
2021-06-22 09:45:05,541.2,2403929
2021-06-22 09:45:06,541.45,2406370
2021-06-22 09:45:07,541.0,2416577
2021-06-22 09:45:08,541.2,2416646
2021-06-22 09:45:09,541.2,2416646
2021-06-22 09:45:11,541.2,2416742
2021-06-22 09:45:11,541.2,2416742
2021-06-22 09:45:12,541.15,2416918
2021-06-22 09:45:13,541.2,2418321
2021-06-22 09:45:14,541.2,2418432
2021-06-22 09:45:15,541.35,2419247
2021-06-22 09:45:16,541.35,2420075
2021-06-22 09:45:18,541.35,2420686
2021-06-22 09:45:19,541.25,2420688
2021-06-22 09:45:21,541.25,2421009
2021-06-22 09:45:21,541.25,2421009
2021-06-22 09:45:22,541.4,2421414
2021-06-22 09:45:23,541.4,2421689
2021-06-22 09:45:24,541.35,2421799
2021-06-22 09:45:25,541.45,2422476
2021-06-22 09:45:27,541.45,2423615
2021-06-22 09:45:28,541.5,2423768
2021-06-22 09:45:29,541.5,2424298
2021-06-22 09:45:30,541.45,2427475
2021-06-22 09:45:31,541.5,2427480
2021-06-22 09:45:32,541.7,2428058
2021-06-22 09:45:33,541.5,2430540
2021-06-22 09:45:35,541.7,2431058
2021-06-22 09:45:37,541.7,2431579
2021-06-22 09:45:38,541.7,2433372
2021-06-22 09:45:39,541.7,2433380
2021-06-22 09:45:41,541.7,2433585
2021-06-22 09:45:42,541.7,2434119
2021-06-22 09:45:42,541.7,2434119
2021-06-22 09:45:43,541.7,2434121
2021-06-22 09:45:44,541.8,2434774
2021-06-22 09:45:45,541.75,2435539
2021-06-22 09:45:48,541.7,2436309
2021-06-22 09:45:48,541.7,2436391
2021-06-22 09:45:49,541.75,2436974
2021-06-22 09:45:50,541.75,2437636
2021-06-22 09:45:52,541.6,2439005
2021-06-22 09:45:53,541.6,2439070
2021-06-22 09:45:56,541.45,2439473
2021-06-22 09:45:56,541.6,2440036
2021-06-22 09:45:57,541.7,2440220
2021-06-22 09:45:58,541.9,2441104
2021-06-22 09:45:59,541.7,2441273
2021-06-22 09:46:01,541.9,2442453
2021-06-22 09:46:03,541.65,2442557
2021-06-22 09:46:03,541.9,2442899
2021-06-22 09:46:06,541.9,2443560
2021-06-22 09:46:06,541.7,2443681
2021-06-22 09:46:08,541.9,2443873
2021-06-22 09:46:09,541.9,2444093
2021-06-22 09:46:09,541.9,2444093
2021-06-22 09:46:10,541.85,2445081
2021-06-22 09:46:11,541.9,2445086
2021-06-22 09:46:12,541.7,2445353
2021-06-22 09:46:14,541.95,2446178
2021-06-22 09:46:15,541.95,2446427
2021-06-22 09:46:16,541.9,2447754
2021-06-22 09:46:16,541.9,2448012
2021-06-22 09:46:17,542.0,2448112
2021-06-22 09:46:18,541.9,2451236
2021-06-22 09:46:19,542.0,2459863
2021-06-22 09:46:21,542.2,2460319
2021-06-22 09:46:22,542.1,2461486
2021-06-22 09:46:23,542.05,2461517
2021-06-22 09:46:24,542.1,2461967
2021-06-22 09:46:25,542.05,2463872
2021-06-22 09:46:26,542.0,2464656
2021-06-22 09:46:27,542.05,2465103
2021-06-22 09:46:28,542.0,2465225
2021-06-22 09:46:29,542.1,2465865
2021-06-22 09:46:30,542.0,2466126
2021-06-22 09:46:31,542.05,2466834
2021-06-22 09:46:32,542.1,2467001
2021-06-22 09:46:33,542.1,2467524
2021-06-22 09:46:35,542.15,2468075
2021-06-22 09:46:35,542.15,2468110
2021-06-22 09:46:36,542.1,2468554
2021-06-22 09:46:37,542.0,2470575
2021-06-22 09:46:38,542.25,2471839
2021-06-22 09:46:39,542.3,2472406
2021-06-22 09:46:40,542.25,2472505
2021-06-22 09:46:41,542.4,2473119
2021-06-22 09:46:42,542.45,2475845
2021-06-22 09:46:43,542.45,2476072
2021-06-22 09:46:45,542.45,2480466
2021-06-22 09:46:46,542.6,2481595
2021-06-22 09:46:48,542.4,2482737
2021-06-22 09:46:49,542.35,2483801
2021-06-22 09:46:50,542.55,2484813
2021-06-22 09:46:50,542.55,2484833
2021-06-22 09:46:51,542.45,2485259
2021-06-22 09:46:52,542.55,2485360
2021-06-22 09:46:53,542.6,2486049
2021-06-22 09:46:54,542.6,2486651
2021-06-22 09:46:55,542.45,2487622
2021-06-22 09:46:57,542.45,2487782
2021-06-22 09:46:58,542.45,2488343
2021-06-22 09:46:59,542.5,2489355
2021-06-22 09:46:59,542.45,2488705
2021-06-22 09:47:01,542.5,2490181
2021-06-22 09:47:02,542.55,2490379
2021-06-22 09:47:03,542.5,2491056
2021-06-22 09:47:07,542.55,2494411
2021-06-22 09:47:08,542.55,2494562
2021-06-22 09:47:08,542.6,2494621
2021-06-22 09:47:09,542.55,2494663
2021-06-22 09:47:10,543.0,2516485
2021-06-22 09:47:11,542.6,2517011
2021-06-22 09:47:12,542.8,2517063
2021-06-22 09:47:13,542.55,2517358
2021-06-22 09:47:14,542.65,2520591
2021-06-22 09:47:15,542.55,2520860
2021-06-22 09:47:16,542.6,2520946
2021-06-22 09:47:17,542.6,2521337
2021-06-22 09:47:18,542.55,2521550
2021-06-22 09:47:19,542.6,2522433
2021-06-22 09:47:20,542.6,2524333
2021-06-22 09:47:21,542.6,2524577
2021-06-22 09:47:23,542.6,2525211
2021-06-22 09:47:23,542.6,2525261
2021-06-22 09:47:24,542.6,2525272
2021-06-22 09:47:25,542.6,2525605
2021-06-22 09:47:27,542.6,2525635
2021-06-22 09:47:29,542.55,2526257
2021-06-22 09:47:29,542.5,2528024
2021-06-22 09:47:30,542.5,2528643
2021-06-22 09:47:31,542.5,2528923
2021-06-22 09:47:33,542.5,2529446
2021-06-22 09:47:34,542.5,2529602
2021-06-22 09:47:36,542.5,2530449
2021-06-22 09:47:37,542.5,2530519
2021-06-22 09:47:38,542.5,2530524
2021-06-22 09:47:39,542.5,2530788
2021-06-22 09:47:40,542.45,2532522
2021-06-22 09:47:41,542.4,2532647
2021-06-22 09:47:42,542.5,2532648
2021-06-22 09:47:43,542.5,2532663
2021-06-22 09:47:44,542.5,2532918
2021-06-22 09:47:46,542.5,2532927
2021-06-22 09:47:47,542.5,2533227
2021-06-22 09:47:48,542.5,2533332
2021-06-22 09:47:49,542.4,2533372
2021-06-22 09:47:50,542.4,2533735
2021-06-22 09:47:51,542.5,2533946
2021-06-22 09:47:51,542.5,2534277
2021-06-22 09:47:52,542.4,2536153
2021-06-22 09:47:53,542.5,2536203
2021-06-22 09:47:54,542.5,2536203
2021-06-22 09:47:55,542.5,2536744
2021-06-22 09:47:56,542.5,2536796
2021-06-22 09:47:57,542.65,2537402
2021-06-22 09:47:59,542.4,2537801
2021-06-22 09:48:00,542.65,2537829
2021-06-22 09:48:02,542.65,2538483
2021-06-22 09:48:03,542.65,2538616
2021-06-22 09:48:04,542.65,2538687
2021-06-22 09:48:04,542.7,2538787
2021-06-22 09:48:05,542.65,2539159
2021-06-22 09:48:06,542.45,2540151
2021-06-22 09:48:07,542.7,2540160
2021-06-22 09:48:08,542.7,2540185
2021-06-22 09:48:09,542.65,2540200
2021-06-22 09:48:11,542.5,2540209
2021-06-22 09:48:12,542.65,2540259
2021-06-22 09:48:13,542.65,2540443
2021-06-22 09:48:14,542.65,2540449
2021-06-22 09:48:15,542.65,2540455
2021-06-22 09:48:16,542.5,2541535
2021-06-22 09:48:16,542.5,2541535
2021-06-22 09:48:17,542.6,2541654
2021-06-22 09:48:18,542.6,2541708
2021-06-22 09:48:19,542.6,2541807
2021-06-22 09:48:22,542.6,2542037
2021-06-22 09:48:22,542.5,2542077
2021-06-22 09:48:24,542.6,2542094
2021-06-22 09:48:25,542.5,2542225
2021-06-22 09:48:27,542.5,2543754
2021-06-22 09:48:28,542.5,2544022
2021-06-22 09:48:28,542.5,2544028
2021-06-22 09:48:29,542.5,2546716
2021-06-22 09:48:32,542.55,2551493
2021-06-22 09:48:33,542.6,2551749
2021-06-22 09:48:34,542.6,2551749
2021-06-22 09:48:35,542.65,2551760
2021-06-22 09:48:37,542.65,2551760
2021-06-22 09:48:38,542.6,2551862
2021-06-22 09:48:39,542.65,2552163
2021-06-22 09:48:41,542.65,2552293
2021-06-22 09:48:42,542.65,2552353
2021-06-22 09:48:43,542.65,2552353
2021-06-22 09:48:43,542.65,2552353
2021-06-22 09:48:44,542.9,2554139
2021-06-22 09:48:45,542.9,2554169
2021-06-22 09:48:46,542.9,2555494
2021-06-22 09:48:48,542.95,2555738
2021-06-22 09:48:49,542.95,2556277
2021-06-22 09:48:51,542.95,2556563
2021-06-22 09:48:53,542.95,2556844
2021-06-22 09:48:54,542.95,2556886
2021-06-22 09:48:55,542.95,2556988
2021-06-22 09:48:56,542.95,2556988
2021-06-22 09:48:57,542.95,2557258
2021-06-22 09:48:59,542.95,2557383
2021-06-22 09:48:59,542.95,2557383
2021-06-22 09:49:00,542.95,2557632
2021-06-22 09:49:01,542.95,2557633
2021-06-22 09:49:02,542.95,2557651
2021-06-22 09:49:04,542.95,2558260
2021-06-22 09:49:05,543.0,2558934
2021-06-22 09:49:06,542.9,2559387
2021-06-22 09:49:07,542.9,2559832
2021-06-22 09:49:09,542.8,2561333
2021-06-22 09:49:10,542.8,2561337
2021-06-22 09:49:10,542.8,2561337
2021-06-22 09:49:12,542.8,2561782
2021-06-22 09:49:13,542.8,2562212
2021-06-22 09:49:14,542.8,2564247
2021-06-22 09:49:15,542.8,2564871
2021-06-22 09:49:17,542.9,2565191
2021-06-22 09:49:18,542.9,2565196
2021-06-22 09:49:21,542.9,2565317
2021-06-22 09:49:21,542.9,2565350
2021-06-22 09:49:22,542.9,2565641
2021-06-22 09:49:23,542.8,2566288
2021-06-22 09:49:24,542.8,2566288
2021-06-22 09:49:25,542.85,2566369
2021-06-22 09:49:27,542.85,2566521
2021-06-22 09:49:28,542.9,2566833
2021-06-22 09:49:29,542.85,2566836
2021-06-22 09:49:30,542.85,2567298
2021-06-22 09:49:31,542.85,2567351
2021-06-22 09:49:32,542.85,2567576
2021-06-22 09:49:33,542.8,2567686
2021-06-22 09:49:34,542.9,2567947
2021-06-22 09:49:35,543.0,2571549
2021-06-22 09:49:37,543.0,2571700
2021-06-22 09:49:38,543.0,2571700
2021-06-22 09:49:39,543.0,2571700
2021-06-22 09:49:41,542.9,2571835
2021-06-22 09:49:42,542.95,2572450
2021-06-22 09:49:43,542.95,2573037
2021-06-22 09:49:45,542.8,2575328
2021-06-22 09:49:46,542.95,2575384
2021-06-22 09:49:47,542.95,2575384
2021-06-22 09:49:48,542.85,2576432
2021-06-22 09:49:49,542.8,2576541
2021-06-22 09:49:50,542.85,2578000
2021-06-22 09:49:51,542.9,2578620
2021-06-22 09:49:51,542.9,2578620
2021-06-22 09:49:53,542.95,2579470
2021-06-22 09:49:54,542.95,2579494
2021-06-22 09:49:55,542.95,2580104
2021-06-22 09:49:57,542.95,2581999
2021-06-22 09:49:58,542.9,2582666
2021-06-22 09:49:59,543.0,2582704
2021-06-22 09:50:00,542.9,2583064
2021-06-22 09:50:01,542.9,2583074
2021-06-22 09:50:01,542.9,2583074
2021-06-22 09:50:02,542.95,2583207
2021-06-22 09:50:03,543.0,2584184
2021-06-22 09:50:04,543.0,2584705
2021-06-22 09:50:06,543.0,2584705
2021-06-22 09:50:07,542.9,2584761
2021-06-22 09:50:08,543.0,2585301
2021-06-22 09:50:09,542.8,2586885
2021-06-22 09:50:10,542.95,2587260
2021-06-22 09:50:11,542.8,2587288
2021-06-22 09:50:11,542.8,2587288
2021-06-22 09:50:12,542.95,2588496
2021-06-22 09:50:18,542.8,2607733
2021-06-22 09:50:19,542.85,2607754
2021-06-22 09:50:20,542.8,2608832
2021-06-22 09:50:21,542.8,2610097
2021-06-22 09:50:22,542.8,2610221
2021-06-22 09:50:23,542.85,2610728
2021-06-22 09:50:24,542.8,2611729
2021-06-22 09:50:25,542.5,2641484
2021-06-22 09:50:26,542.55,2645300
2021-06-22 09:50:27,542.55,2646490
2021-06-22 09:50:28,542.55,2646907
2021-06-22 09:50:29,542.55,2647828
2021-06-22 09:50:30,542.55,2648245
2021-06-22 09:50:31,542.5,2649448
2021-06-22 09:50:32,542.45,2650153
2021-06-22 09:50:33,542.5,2650906
2021-06-22 09:50:34,542.4,2651211
2021-06-22 09:50:36,542.35,2651413
2021-06-22 09:50:37,542.3,2651565
2021-06-22 09:50:38,542.2,2651678
2021-06-22 09:50:39,542.1,2651876
2021-06-22 09:50:40,542.1,2651876
2021-06-22 09:50:41,542.35,2653942
2021-06-22 09:50:42,542.35,2654039
2021-06-22 09:50:43,542.1,2654560
2021-06-22 09:50:47,542.25,2654858
2021-06-22 09:50:48,542.25,2654922
2021-06-22 09:50:49,542.25,2655023
2021-06-22 09:50:50,542.25,2655024
2021-06-22 09:50:51,542.15,2655994
2021-06-22 09:50:52,542.1,2656149
2021-06-22 09:50:53,542.0,2656184
2021-06-22 09:50:54,541.95,2660133
2021-06-22 09:50:55,541.9,2660500
2021-06-22 09:50:56,542.0,2660600
2021-06-22 09:50:57,542.0,2660665
2021-06-22 09:50:58,542.0,2660895
2021-06-22 09:50:59,542.0,2660897
2021-06-22 09:51:00,542.0,2660944
2021-06-22 09:51:01,542.0,2661014
2021-06-22 09:51:02,542.0,2661484
2021-06-22 09:51:03,542.05,2661980
2021-06-22 09:51:04,542.0,2662388
2021-06-22 09:51:05,542.0,2662488
2021-06-22 09:51:06,541.9,2662500
2021-06-22 09:51:07,541.9,2663154
2021-06-22 09:51:08,541.95,2664258
2021-06-22 09:51:09,542.0,2665536
2021-06-22 09:51:09,542.0,2665536
2021-06-22 09:51:10,542.0,2665536
2021-06-22 09:51:12,541.85,2665647
2021-06-22 09:51:13,542.0,2665952
2021-06-22 09:51:14,542.0,2666064
2021-06-22 09:51:15,541.9,2666074
2021-06-22 09:51:16,541.85,2666471
2021-06-22 09:51:17,541.9,2667141
2021-06-22 09:51:17,541.9,2667146
2021-06-22 09:51:18,541.8,2667354
2021-06-22 09:51:19,541.8,2667354
2021-06-22 09:51:20,542.0,2667454
2021-06-22 09:51:21,541.85,2667499
2021-06-22 09:51:23,541.95,2669748
2021-06-22 09:51:25,541.8,2669778
2021-06-22 09:51:26,541.9,2671280
2021-06-22 09:51:27,541.8,2671297
2021-06-22 09:51:28,541.8,2671740
2021-06-22 09:51:29,541.8,2671740
2021-06-22 09:51:29,541.8,2671740
2021-06-22 09:51:30,541.95,2671745
2021-06-22 09:51:31,541.8,2671772
2021-06-22 09:51:32,541.8,2671813
2021-06-22 09:51:34,541.8,2672413
2021-06-22 09:51:35,542.0,2672417
2021-06-22 09:51:36,542.0,2672417
2021-06-22 09:51:37,542.0,2674490
2021-06-22 09:51:38,542.25,2675935
2021-06-22 09:51:39,542.25,2675936
2021-06-22 09:51:40,542.2,2676590
2021-06-22 09:51:41,542.25,2676623
2021-06-22 09:51:42,542.05,2676626
2021-06-22 09:51:43,542.25,2676627
2021-06-22 09:51:44,542.0,2677156
2021-06-22 09:51:45,542.0,2677156
2021-06-22 09:51:46,542.0,2677221
2021-06-22 09:51:48,542.05,2678677
2021-06-22 09:51:48,542.05,2678677
2021-06-22 09:51:49,542.35,2678680
2021-06-22 09:51:51,542.35,2681042
2021-06-22 09:51:52,542.1,2682804
2021-06-22 09:51:53,542.4,2683070
2021-06-22 09:51:54,542.15,2683298
2021-06-22 09:51:55,542.3,2683502
2021-06-22 09:51:58,542.3,2683722
2021-06-22 09:51:58,542.3,2683722
2021-06-22 09:51:59,542.3,2683726
2021-06-22 09:52:00,542.3,2683728
2021-06-22 09:52:01,542.3,2683778
2021-06-22 09:52:03,542.3,2683812
2021-06-22 09:52:04,542.15,2683979
2021-06-22 09:52:05,542.15,2684082
2021-06-22 09:52:06,542.15,2684082
2021-06-22 09:52:07,542.3,2684104
2021-06-22 09:52:08,542.4,2685530
2021-06-22 09:52:10,542.5,2685729
2021-06-22 09:52:12,542.3,2685871
2021-06-22 09:52:13,542.3,2685871
2021-06-22 09:52:14,542.2,2686327
2021-06-22 09:52:15,542.2,2686422
2021-06-22 09:52:16,542.35,2686740
2021-06-22 09:52:17,542.3,2686781
2021-06-22 09:52:18,542.3,2686781
2021-06-22 09:52:19,542.4,2686784
2021-06-22 09:52:20,542.4,2686789
2021-06-22 09:52:21,542.4,2686809
2021-06-22 09:52:22,542.35,2686864
2021-06-22 09:52:24,542.2,2687429
2021-06-22 09:52:25,542.15,2687517
2021-06-22 09:52:27,542.15,2688314
2021-06-22 09:52:28,542.15,2688454
2021-06-22 09:52:29,542.25,2688639
2021-06-22 09:52:30,542.25,2688639
2021-06-22 09:52:31,542.25,2689169
2021-06-22 09:52:32,542.05,2689469
2021-06-22 09:52:33,542.05,2689469
2021-06-22 09:52:34,542.2,2689539
2021-06-22 09:52:35,542.2,2689539
2021-06-22 09:52:36,542.2,2689539
2021-06-22 09:52:37,542.3,2689791
2021-06-22 09:52:38,542.15,2689905
2021-06-22 09:52:39,542.15,2689908
2021-06-22 09:52:40,542.3,2689958
2021-06-22 09:52:41,542.3,2689958
2021-06-22 09:52:42,542.3,2689958
2021-06-22 09:52:43,542.3,2689968
2021-06-22 09:52:44,542.3,2689973
2021-06-22 09:52:45,542.2,2690191
2021-06-22 09:52:46,542.05,2690241
2021-06-22 09:52:47,542.2,2690321
2021-06-22 09:52:49,542.3,2690561
2021-06-22 09:52:50,542.3,2690561
2021-06-22 09:52:51,542.2,2690563
2021-06-22 09:52:52,542.2,2690563
2021-06-22 09:52:53,542.2,2690563
2021-06-22 09:52:54,542.2,2690563
2021-06-22 09:52:56,542.05,2691911
2021-06-22 09:52:57,542.2,2692167
2021-06-22 09:52:58,542.25,2692215
2021-06-22 09:52:59,542.25,2692280
2021-06-22 09:53:00,542.25,2692305
2021-06-22 09:53:01,542.25,2692355
2021-06-22 09:53:02,542.2,2692431
2021-06-22 09:53:03,542.25,2692533
2021-06-22 09:53:04,542.25,2692533
2021-06-22 09:53:05,542.25,2692533
2021-06-22 09:53:06,542.25,2692533
2021-06-22 09:53:07,542.25,2692541
2021-06-22 09:53:08,542.25,2692609
2021-06-22 09:53:09,542.25,2692621
2021-06-22 09:53:10,542.25,2692631
2021-06-22 09:53:11,542.25,2692631
2021-06-22 09:53:12,542.25,2692730
2021-06-22 09:53:14,542.2,2693269
2021-06-22 09:53:15,542.2,2693269
2021-06-22 09:53:16,542.2,2693332
2021-06-22 09:53:17,542.2,2693332
2021-06-22 09:53:18,542.15,2693444
2021-06-22 09:53:20,542.25,2694599
2021-06-22 09:53:21,542.2,2694611
2021-06-22 09:53:22,542.2,2694611
2021-06-22 09:53:23,542.2,2694661
2021-06-22 09:53:25,542.1,2695619
2021-06-22 09:53:26,542.1,2695945
2021-06-22 09:53:27,542.1,2695947
2021-06-22 09:53:28,542.1,2696155
2021-06-22 09:53:29,542.0,2696167
2021-06-22 09:53:31,542.1,2696208
2021-06-22 09:53:32,542.0,2700036
2021-06-22 09:53:33,541.95,2700132
2021-06-22 09:53:34,542.0,2700158
2021-06-22 09:53:35,541.9,2700161
2021-06-22 09:53:36,542.0,2700612
2021-06-22 09:53:37,542.0,2700713
2021-06-22 09:53:39,542.0,2700729
2021-06-22 09:53:38,542.0,2700723
2021-06-22 09:53:40,541.85,2705538
2021-06-22 09:53:42,541.75,2705858
2021-06-22 09:53:43,541.95,2705983
2021-06-22 09:53:44,541.9,2706103
2021-06-22 09:53:45,541.65,2706393
2021-06-22 09:53:46,541.75,2707148
2021-06-22 09:53:47,541.9,2707154
2021-06-22 09:53:48,541.9,2707154
2021-06-22 09:53:49,541.9,2707154
2021-06-22 09:53:50,541.8,2707166
2021-06-22 09:53:51,541.95,2707176
2021-06-22 09:53:52,541.95,2707176
2021-06-22 09:53:53,541.95,2707176
2021-06-22 09:53:55,541.9,2707186
2021-06-22 09:53:56,541.75,2707539
2021-06-22 09:53:57,541.9,2707591
2021-06-22 09:53:58,541.9,2707591
2021-06-22 09:54:01,541.85,2707725
2021-06-22 09:54:02,541.75,2708132
2021-06-22 09:54:03,541.75,2708132
2021-06-22 09:54:04,541.75,2708207
2021-06-22 09:54:05,541.75,2708208
2021-06-22 09:54:06,541.9,2708211
2021-06-22 09:54:07,541.9,2708211
2021-06-22 09:54:08,541.75,2708623
2021-06-22 09:54:09,541.75,2708623
2021-06-22 09:54:10,541.75,2708751
2021-06-22 09:54:11,541.9,2708798
2021-06-22 09:54:12,541.9,2708926
2021-06-22 09:54:14,541.9,2708938
2021-06-22 09:54:15,541.8,2708988
2021-06-22 09:54:16,541.9,2709239
2021-06-22 09:54:17,541.9,2709384
2021-06-22 09:54:18,541.85,2709505
2021-06-22 09:54:19,541.95,2709616
2021-06-22 09:54:20,542.0,2709645
2021-06-22 09:54:21,542.0,2709999
2021-06-22 09:54:22,541.9,2710120
2021-06-22 09:54:24,541.9,2710148
2021-06-22 09:54:24,541.9,2710148
2021-06-22 09:54:25,541.95,2710512
2021-06-22 09:54:26,541.95,2710512
2021-06-22 09:54:27,541.95,2710512
2021-06-22 09:54:28,542.0,2710515
2021-06-22 09:54:30,542.0,2710593
2021-06-22 09:54:31,542.0,2715916
2021-06-22 09:54:32,542.15,2716084
2021-06-22 09:54:33,542.05,2716107
2021-06-22 09:54:34,542.0,2721396
2021-06-22 09:54:35,542.0,2721716
2021-06-22 09:54:37,541.95,2721918
2021-06-22 09:54:37,541.95,2721918
2021-06-22 09:54:39,541.85,2723784
2021-06-22 09:54:42,542.0,2723824
2021-06-22 09:54:43,542.0,2723834
2021-06-22 09:54:44,542.0,2723839
2021-06-22 09:54:45,542.0,2724004
2021-06-22 09:54:47,541.85,2724005
2021-06-22 09:54:48,542.0,2724105
2021-06-22 09:54:49,542.0,2724182
2021-06-22 09:54:50,542.0,2724203
2021-06-22 09:54:51,541.85,2724303
2021-06-22 09:54:52,541.85,2724303
2021-06-22 09:54:53,542.0,2724454
2021-06-22 09:54:54,541.95,2724481
2021-06-22 09:54:55,541.85,2724799
2021-06-22 09:54:57,541.85,2724829
2021-06-22 09:54:57,541.9,2724847
2021-06-22 09:54:58,541.9,2724847
2021-06-22 09:55:00,541.9,2724882
2021-06-22 09:55:00,541.9,2724892
2021-06-22 09:55:01,541.85,2724952
2021-06-22 09:55:02,541.9,2725233
2021-06-22 09:55:03,541.9,2725235
2021-06-22 09:55:04,542.0,2725345
2021-06-22 09:55:06,542.05,2728163
2021-06-22 09:55:07,542.0,2728169
2021-06-22 09:55:08,542.0,2728269
2021-06-22 09:55:09,542.0,2728486
2021-06-22 09:55:11,541.85,2734187
2021-06-22 09:55:11,541.85,2734187
2021-06-22 09:55:12,541.85,2734207
2021-06-22 09:55:13,541.75,2739224
2021-06-22 09:55:14,541.9,2739461
2021-06-22 09:55:15,542.0,2739688
2021-06-22 09:55:16,542.0,2739923
2021-06-22 09:55:17,542.0,2739943
2021-06-22 09:55:18,542.0,2739970
2021-06-22 09:55:19,542.0,2740010
2021-06-22 09:55:20,541.85,2740020
2021-06-22 09:55:21,542.0,2740436
2021-06-22 09:55:22,542.0,2742458
2021-06-22 09:55:24,541.7,2743483
2021-06-22 09:55:24,541.7,2743483
2021-06-22 09:55:25,541.95,2743505
2021-06-22 09:55:26,541.95,2744245
2021-06-22 09:55:27,541.95,2744511
2021-06-22 09:55:28,541.95,2744721
2021-06-22 09:55:29,541.95,2744721
2021-06-22 09:55:31,541.95,2744887
2021-06-22 09:55:32,541.95,2745003
2021-06-22 09:55:33,541.7,2745403
2021-06-22 09:55:34,541.95,2745503
2021-06-22 09:55:35,541.95,2745665
2021-06-22 09:55:36,541.95,2745765
2021-06-22 09:55:38,541.95,2745815
2021-06-22 09:55:40,541.9,2746124
2021-06-22 09:55:42,541.95,2746431
2021-06-22 09:55:43,542.0,2746440
2021-06-22 09:55:44,541.9,2746442
2021-06-22 09:55:45,542.0,2746553
2021-06-22 09:55:46,541.8,2746853
2021-06-22 09:55:47,542.0,2747666
2021-06-22 09:55:49,541.95,2748578
2021-06-22 09:55:51,542.15,2748588
2021-06-22 09:55:51,542.15,2748688
2021-06-22 09:55:52,542.15,2748906
2021-06-22 09:55:53,542.15,2749526
2021-06-22 09:55:55,542.2,2749844
2021-06-22 09:55:56,542.1,2749939
2021-06-22 09:55:57,542.1,2750584
2021-06-22 09:55:58,542.15,2753877
2021-06-22 09:55:59,542.15,2753877
2021-06-22 09:56:01,542.2,2754007
2021-06-22 09:56:01,542.2,2754007
2021-06-22 09:56:02,542.2,2754051
2021-06-22 09:56:03,542.15,2754105
2021-06-22 09:56:04,542.2,2754125
2021-06-22 09:56:05,542.2,2754541
2021-06-22 09:56:06,542.2,2754645
2021-06-22 09:56:07,542.2,2754705
2021-06-22 09:56:08,542.2,2754712
2021-06-22 09:56:09,542.2,2754712
2021-06-22 09:56:10,542.15,2754873
2021-06-22 09:56:11,542.2,2754993
2021-06-22 09:56:12,541.95,2756843
2021-06-22 09:56:13,542.15,2756973
2021-06-22 09:56:15,542.15,2757024
2021-06-22 09:56:16,542.15,2757055
2021-06-22 09:56:16,542.15,2757065
2021-06-22 09:56:17,542.2,2757222
2021-06-22 09:56:18,542.2,2757222
2021-06-22 09:56:19,541.95,2757520
2021-06-22 09:56:20,542.15,2757892
2021-06-22 09:56:22,542.15,2758315
2021-06-22 09:56:23,542.15,2758316
2021-06-22 09:56:25,542.1,2758662
2021-06-22 09:56:27,541.95,2758772
2021-06-22 09:56:28,542.2,2762982
2021-06-22 09:56:28,542.2,2762982
2021-06-22 09:56:29,542.2,2763007
2021-06-22 09:56:30,542.2,2763119
2021-06-22 09:56:31,542.2,2763119
2021-06-22 09:56:32,542.2,2763120
2021-06-22 09:56:33,542.05,2763121
2021-06-22 09:56:34,542.05,2763146
2021-06-22 09:56:35,541.9,2764846
2021-06-22 09:56:36,542.2,2764889
2021-06-22 09:56:37,542.2,2764894
2021-06-22 09:56:38,542.2,2764919
2021-06-22 09:56:39,542.3,2765120
2021-06-22 09:56:40,542.15,2765325
2021-06-22 09:56:41,542.05,2765327
2021-06-22 09:56:42,542.05,2765327
2021-06-22 09:56:43,541.95,2765673
2021-06-22 09:56:44,541.95,2765673
2021-06-22 09:56:45,542.15,2765693
2021-06-22 09:56:46,542.15,2765703
2021-06-22 09:56:47,542.0,2765713
2021-06-22 09:56:48,542.0,2765713
2021-06-22 09:56:49,542.0,2765715
2021-06-22 09:56:50,542.15,2765762
2021-06-22 09:56:51,542.0,2765769
2021-06-22 09:56:52,542.0,2766167
2021-06-22 09:56:53,542.15,2766184
2021-06-22 09:56:54,541.95,2766341
2021-06-22 09:56:55,541.85,2768292
2021-06-22 09:56:56,542.0,2768835
2021-06-22 09:56:57,542.0,2768902
2021-06-22 09:56:58,542.0,2768905
2021-06-22 09:56:59,542.0,2768915
2021-06-22 09:57:01,542.1,2769915
2021-06-22 09:57:01,541.95,2769925
2021-06-22 09:57:04,542.0,2769986
2021-06-22 09:57:05,542.1,2770066
2021-06-22 09:57:06,542.1,2770096
2021-06-22 09:57:06,542.1,2770100
2021-06-22 09:57:08,542.1,2770422
2021-06-22 09:57:09,542.0,2770639
2021-06-22 09:57:10,542.1,2771764
2021-06-22 09:57:12,542.1,2771764
2021-06-22 09:57:14,542.0,2771915
2021-06-22 09:57:14,542.1,2772214
2021-06-22 09:57:15,542.1,2772214
2021-06-22 09:57:16,542.1,2772214
2021-06-22 09:57:17,542.0,2772226
2021-06-22 09:57:18,542.1,2772256
2021-06-22 09:57:19,541.9,2772681
2021-06-22 09:57:21,542.1,2772818
2021-06-22 09:57:23,542.1,2773268
2021-06-22 09:57:24,542.05,2773274
2021-06-22 09:57:25,542.1,2774657
2021-06-22 09:57:26,542.15,2774765
2021-06-22 09:57:27,542.1,2774953
2021-06-22 09:57:27,542.2,2775286
2021-06-22 09:57:28,542.05,2775387
2021-06-22 09:57:29,542.1,2775575
2021-06-22 09:57:30,542.2,2775590
2021-06-22 09:57:31,542.2,2775665
2021-06-22 09:57:34,542.1,2776448
2021-06-22 09:57:35,542.25,2776779
2021-06-22 09:57:35,542.25,2776779
2021-06-22 09:57:36,542.2,2776780
2021-06-22 09:57:37,542.2,2776820
2021-06-22 09:57:38,542.3,2776952
2021-06-22 09:57:39,542.2,2776971
2021-06-22 09:57:40,542.3,2777043
2021-06-22 09:57:41,542.3,2777181
2021-06-22 09:57:42,542.3,2777192
2021-06-22 09:57:44,542.3,2777262
2021-06-22 09:57:45,542.2,2777494
2021-06-22 09:57:46,542.15,2777495
2021-06-22 09:57:46,542.15,2777495
2021-06-22 09:57:47,542.2,2777618
2021-06-22 09:57:48,542.2,2777768
2021-06-22 09:57:49,542.2,2777793
2021-06-22 09:57:50,542.2,2777918
2021-06-22 09:57:51,542.3,2777933
2021-06-22 09:57:52,542.3,2777933
2021-06-22 09:57:53,542.3,2777933
2021-06-22 09:57:54,542.3,2778023
2021-06-22 09:57:55,542.3,2778028
2021-06-22 09:57:56,542.2,2778081
2021-06-22 09:57:58,542.1,2778257
2021-06-22 09:57:58,542.1,2778257
2021-06-22 09:57:59,542.1,2778367
2021-06-22 09:58:01,542.1,2778470
2021-06-22 09:58:01,542.1,2778596
2021-06-22 09:58:02,542.1,2778878
2021-06-22 09:58:03,542.1,2778938
2021-06-22 09:58:05,542.1,2779497
2021-06-22 09:58:06,542.0,2779577
2021-06-22 09:58:06,542.0,2779992
2021-06-22 09:58:07,542.0,2780192
2021-06-22 09:58:08,542.25,2780413
2021-06-22 09:58:09,542.0,2780916
2021-06-22 09:58:10,542.0,2780916
2021-06-22 09:58:11,542.0,2780941
2021-06-22 09:58:12,542.0,2780941
2021-06-22 09:58:14,542.2,2781023
2021-06-22 09:58:15,542.2,2781064
2021-06-22 09:58:16,542.05,2781066
2021-06-22 09:58:16,542.05,2781066
2021-06-22 09:58:17,542.05,2781166
2021-06-22 09:58:18,542.15,2781381
2021-06-22 09:58:19,542.05,2781383
2021-06-22 09:58:20,542.15,2781432
2021-06-22 09:58:21,542.2,2781932
2021-06-22 09:58:22,542.2,2781997
2021-06-22 09:58:23,542.2,2781997
2021-06-22 09:58:24,542.2,2782197
2021-06-22 09:58:25,542.05,2782347
2021-06-22 09:58:26,542.15,2782390
2021-06-22 09:58:28,542.05,2782747
2021-06-22 09:58:29,542.05,2782747
2021-06-22 09:58:30,542.1,2782807
2021-06-22 09:58:31,542.1,2782868
2021-06-22 09:58:32,542.05,2782877
2021-06-22 09:58:33,542.2,2782922
2021-06-22 09:58:35,542.2,2782922
2021-06-22 09:58:36,542.05,2782948
2021-06-22 09:58:37,542.15,2782960
2021-06-22 09:58:38,542.1,2783160
2021-06-22 09:58:39,542.1,2783160
2021-06-22 09:58:39,542.1,2783660
2021-06-22 09:58:40,542.1,2783730
2021-06-22 09:58:41,542.1,2783777
2021-06-22 09:58:42,542.1,2783778
2021-06-22 09:58:43,542.05,2783880
2021-06-22 09:58:44,542.1,2783882
2021-06-22 09:58:45,542.1,2783882
2021-06-22 09:58:46,542.1,2783949
2021-06-22 09:58:48,542.1,2784008
2021-06-22 09:58:49,542.0,2784044
2021-06-22 09:58:50,542.0,2784044
2021-06-22 09:58:51,542.1,2784953
2021-06-22 09:58:52,542.1,2784987
2021-06-22 09:58:53,542.0,2785087
2021-06-22 09:58:54,542.0,2785087
2021-06-22 09:58:56,542.1,2785176
2021-06-22 09:58:58,542.1,2785300
2021-06-22 09:58:58,542.1,2785489
2021-06-22 09:59:00,542.1,2785554
2021-06-22 09:59:00,542.1,2785573
2021-06-22 09:59:01,542.1,2785653
2021-06-22 09:59:02,542.0,2785701
2021-06-22 09:59:04,542.1,2786202
2021-06-22 09:59:05,542.0,2786572
2021-06-22 09:59:07,542.1,2786636
2021-06-22 09:59:07,542.1,2786783
2021-06-22 09:59:08,542.1,2786839
2021-06-22 09:59:09,542.1,2786864
2021-06-22 09:59:10,542.0,2786909
2021-06-22 09:59:11,542.1,2786949
2021-06-22 09:59:12,542.1,2786976
2021-06-22 09:59:13,542.0,2787074
2021-06-22 09:59:15,542.1,2787077
2021-06-22 09:59:15,542.0,2787079
2021-06-22 09:59:17,542.0,2787185
2021-06-22 09:59:18,542.0,2787865
2021-06-22 09:59:19,542.1,2787959
2021-06-22 09:59:20,542.1,2788009
2021-06-22 09:59:21,542.1,2788168
2021-06-22 09:59:23,542.05,2789546
2021-06-22 09:59:23,542.05,2789546
2021-06-22 09:59:24,541.95,2789561
2021-06-22 09:59:25,541.95,2789796
2021-06-22 09:59:27,541.95,2789796
2021-06-22 09:59:28,542.1,2789969
2021-06-22 09:59:29,542.1,2789969
2021-06-22 09:59:30,542.1,2789969
2021-06-22 09:59:31,542.0,2789992
2021-06-22 09:59:32,542.0,2789992
2021-06-22 09:59:33,542.0,2789993
2021-06-22 09:59:34,542.0,2789993
2021-06-22 09:59:36,542.0,2790115
2021-06-22 09:59:37,542.1,2790620
2021-06-22 09:59:38,542.1,2790630
2021-06-22 09:59:39,542.0,2790811
2021-06-22 09:59:40,542.0,2790911
2021-06-22 09:59:41,541.9,2791062
2021-06-22 09:59:41,542.1,2791063
2021-06-22 09:59:43,541.95,2791343
2021-06-22 09:59:45,542.1,2791412
2021-06-22 09:59:45,542.1,2791412
2021-06-22 09:59:47,542.1,2791479
2021-06-22 09:59:48,542.1,2791529
2021-06-22 09:59:49,541.95,2791534
2021-06-22 09:59:50,542.1,2791633
2021-06-22 09:59:51,542.0,2792156
2021-06-22 09:59:52,542.1,2792158
2021-06-22 09:59:53,542.1,2792329
2021-06-22 09:59:54,542.1,2792880
2021-06-22 09:59:54,542.1,2792880
2021-06-22 09:59:55,542.0,2792890
2021-06-22 09:59:57,542.0,2793068
2021-06-22 09:59:58,542.0,2793077
2021-06-22 09:59:59,542.1,2793085
2021-06-22 10:00:00,542.1,2793085
2021-06-22 10:00:01,542.0,2793177
2021-06-22 10:00:02,542.1,2793229
2021-06-22 10:00:03,542.0,2793242
2021-06-22 10:00:04,542.1,2793262
2021-06-22 10:00:05,542.1,2793470
2021-06-22 10:00:06,542.0,2793984
2021-06-22 10:00:07,542.1,2794034
2021-06-22 10:00:07,542.0,2794084
2021-06-22 10:00:08,542.0,2794214
2021-06-22 10:00:09,541.95,2794362
2021-06-22 10:00:10,542.1,2794474
2021-06-22 10:00:11,542.1,2794528
2021-06-22 10:00:12,542.0,2794571
2021-06-22 10:00:14,542.1,2794579
2021-06-22 10:00:16,542.0,2794615
2021-06-22 10:00:18,542.1,2794719
2021-06-22 10:00:19,542.0,2794728
2021-06-22 10:00:20,542.1,2794855
2021-06-22 10:00:20,542.0,2794846
2021-06-22 10:00:21,542.1,2794855
2021-06-22 10:00:22,542.1,2794883
2021-06-22 10:00:23,542.1,2794883
2021-06-22 10:00:24,542.0,2794911
2021-06-22 10:00:25,542.1,2794915
2021-06-22 10:00:26,542.1,2794965
2021-06-22 10:00:28,542.0,2796403
2021-06-22 10:00:29,542.1,2796418
2021-06-22 10:00:30,542.1,2796793
2021-06-22 10:00:32,542.1,2796819
2021-06-22 10:00:32,542.1,2796894
2021-06-22 10:00:33,542.1,2796894
2021-06-22 10:00:35,542.1,2797309
2021-06-22 10:00:36,542.1,2797329
2021-06-22 10:00:37,542.1,2797329
2021-06-22 10:00:38,542.1,2797342
2021-06-22 10:00:40,542.1,2797596
2021-06-22 10:00:40,542.1,2798026
2021-06-22 10:00:41,542.1,2798227
2021-06-22 10:00:43,542.1,2799928
2021-06-22 10:00:44,542.2,2800225
2021-06-22 10:00:44,542.05,2800725
2021-06-22 10:00:46,542.2,2800885
2021-06-22 10:00:47,542.2,2800885
2021-06-22 10:00:49,542.1,2800956
2021-06-22 10:00:50,542.05,2801171
2021-06-22 10:00:51,542.2,2802201
2021-06-22 10:00:52,542.2,2802211
2021-06-22 10:00:53,542.1,2802485
2021-06-22 10:00:55,542.2,2802595
2021-06-22 10:00:56,542.2,2802612
2021-06-22 10:00:57,542.1,2802642
2021-06-22 10:00:58,542.1,2802643
2021-06-22 10:00:59,542.1,2802643
2021-06-22 10:01:00,542.1,2802643
2021-06-22 10:01:01,542.1,2802666
2021-06-22 10:01:02,542.1,2802666
2021-06-22 10:01:02,542.1,2803367
2021-06-22 10:01:03,542.1,2803597
2021-06-22 10:01:04,542.2,2803966
2021-06-22 10:01:05,542.2,2803970
2021-06-22 10:01:06,542.2,2804059
2021-06-22 10:01:07,542.2,2804059
2021-06-22 10:01:08,542.2,2804190
2021-06-22 10:01:09,542.2,2804190
2021-06-22 10:01:11,542.1,2804285
2021-06-22 10:01:12,542.2,2804386
2021-06-22 10:01:13,542.1,2804466
2021-06-22 10:01:14,542.1,2804466
2021-06-22 10:01:15,542.2,2804468
2021-06-22 10:01:16,542.2,2804468
2021-06-22 10:01:17,542.2,2804510
2021-06-22 10:01:18,542.2,2804579
2021-06-22 10:01:19,542.1,2804679
2021-06-22 10:01:20,542.2,2804929
2021-06-22 10:01:21,542.2,2804934
2021-06-22 10:01:22,542.2,2804934
2021-06-22 10:01:23,542.2,2805627
2021-06-22 10:01:24,542.2,2805807
2021-06-22 10:01:26,542.1,2805926
2021-06-22 10:01:26,542.2,2805956
2021-06-22 10:01:27,542.2,2806107
2021-06-22 10:01:28,542.1,2806187
2021-06-22 10:01:29,542.1,2806287
2021-06-22 10:01:30,542.1,2806308
2021-06-22 10:01:31,542.1,2806308
2021-06-22 10:01:34,542.1,2806450
2021-06-22 10:01:35,542.1,2806520
2021-06-22 10:01:36,542.2,2806770
2021-06-22 10:01:39,542.1,2806862
2021-06-22 10:01:42,542.1,2806862
2021-06-22 10:01:45,542.0,2807067
2021-06-22 10:01:49,542.0,2807601
2021-06-22 10:01:53,542.0,2808289
2021-06-22 10:02:00,541.65,2811621
2021-06-22 10:02:03,541.5,2826966
2021-06-22 10:02:06,541.5,2827644
2021-06-22 10:02:09,541.35,2829797
2021-06-22 10:02:12,541.35,2829984
2021-06-22 10:02:19,541.3,2831380
2021-06-22 10:02:23,541.4,2831758
2021-06-22 10:02:26,541.35,2835262
2021-06-22 10:02:30,541.5,2836347
2021-06-22 10:02:33,541.4,2838599
2021-06-22 10:02:36,541.5,2839939
2021-06-22 10:02:40,541.4,2840160
2021-06-22 10:02:43,541.5,2842112
2021-06-22 10:02:47,541.65,2842718
2021-06-22 10:02:51,541.55,2843178
2021-06-22 10:02:54,541.6,2843236
2021-06-22 10:02:58,541.6,2843420
2021-06-22 10:03:01,541.7,2843793
2021-06-22 10:03:05,541.6,2844624
2021-06-22 10:03:08,541.55,2844881
2021-06-22 10:03:11,541.6,2845502
2021-06-22 10:03:15,541.6,2845629
2021-06-22 10:03:18,541.4,2846721
2021-06-22 10:03:22,541.65,2847443
2021-06-22 10:03:25,541.6,2847512
2021-06-22 10:03:28,541.65,2847527
2021-06-22 10:03:32,541.75,2847886
2021-06-22 10:03:35,541.6,2848162
2021-06-22 10:03:39,541.65,2849106
2021-06-22 10:03:43,541.7,2849698
2021-06-22 10:03:47,541.7,2850108
2021-06-22 10:03:50,541.65,2851207
2021-06-22 10:03:54,541.6,2852120
2021-06-22 10:03:57,541.55,2852407
2021-06-22 10:04:01,541.5,2853823
2021-06-22 10:04:04,541.7,2854640
2021-06-22 10:04:08,541.65,2854853
2021-06-22 10:04:11,541.65,2855323
2021-06-22 10:04:15,541.5,2856827
2021-06-22 10:04:18,541.35,2857583
2021-06-22 10:04:22,541.55,2859255
2021-06-22 10:04:25,541.55,2861166
2021-06-22 10:04:28,541.3,2877690
2021-06-22 10:04:31,540.8,2902214
2021-06-22 10:04:35,541.0,2906262
2021-06-22 10:04:38,541.0,2910098
2021-06-22 10:04:42,540.8,2911808
2021-06-22 10:04:46,540.85,2913359
2021-06-22 10:04:49,541.0,2914928
2021-06-22 10:04:52,541.0,2916180
2021-06-22 10:04:56,541.0,2916727
2021-06-22 10:04:59,541.0,2917495
2021-06-22 10:05:03,540.8,2918252
2021-06-22 10:05:06,540.85,2919489
2021-06-22 10:05:09,541.0,2919915
2021-06-22 10:05:12,540.75,2924085
2021-06-22 10:05:16,540.75,2924778
2021-06-22 10:05:22,540.75,2928022
2021-06-22 10:05:26,540.85,2932454
2021-06-22 10:05:30,540.95,2933754
2021-06-22 10:05:33,540.9,2937652
2021-06-22 10:05:37,540.75,2937828
2021-06-22 10:05:40,540.9,2938155
2021-06-22 10:05:44,540.95,2938448
2021-06-22 10:05:47,540.95,2938577
2021-06-22 10:05:50,540.8,2939029
2021-06-22 10:05:53,540.9,2941515
2021-06-22 10:05:56,540.95,2942622
2021-06-22 10:05:59,540.95,2943388
2021-06-22 10:06:06,541.0,2946906
2021-06-22 10:06:09,540.9,2947108
2021-06-22 10:06:13,541.0,2947771
2021-06-22 10:06:16,541.0,2948595
2021-06-22 10:06:19,541.0,2951847
2021-06-22 10:06:22,540.85,2952859
2021-06-22 10:06:25,541.0,2953278
2021-06-22 10:06:28,540.85,2954862
2021-06-22 10:06:31,541.0,2955713
2021-06-22 10:06:35,541.0,2956743
2021-06-22 10:06:38,540.85,2957358
2021-06-22 10:06:38,541.0,2957390
2021-06-22 10:06:40,541.0,2957774
2021-06-22 10:06:40,540.9,2958044
2021-06-22 10:06:42,540.8,2962545
2021-06-22 10:06:43,540.9,2962600
2021-06-22 10:06:44,540.9,2962603
2021-06-22 10:06:45,540.9,2962655
2021-06-22 10:06:46,540.95,2962835
2021-06-22 10:06:47,540.85,2962865
2021-06-22 10:06:48,540.95,2963025
2021-06-22 10:06:49,540.95,2963131
2021-06-22 10:06:50,540.95,2963167
2021-06-22 10:06:51,540.85,2963269
2021-06-22 10:06:52,541.0,2963289
2021-06-22 10:06:53,541.0,2963324
2021-06-22 10:06:55,540.85,2963885
2021-06-22 10:06:57,540.95,2964003
2021-06-22 10:06:59,540.8,2964408
2021-06-22 10:06:59,540.8,2964408
2021-06-22 10:07:00,541.0,2964909
2021-06-22 10:07:02,541.0,2970520
2021-06-22 10:07:04,541.0,2970599
2021-06-22 10:07:05,541.0,2970599
2021-06-22 10:07:06,541.0,2970712
2021-06-22 10:07:07,540.95,2970724
2021-06-22 10:07:08,541.0,2970926
2021-06-22 10:07:09,541.0,2970951
2021-06-22 10:07:11,541.0,2971698
2021-06-22 10:07:12,541.0,2973219
2021-06-22 10:07:13,541.0,2973269
2021-06-22 10:07:14,541.0,2973269
2021-06-22 10:07:15,540.95,2973469
2021-06-22 10:07:15,540.95,2973469
2021-06-22 10:07:16,541.0,2973557
2021-06-22 10:07:18,541.0,2979552
2021-06-22 10:07:19,541.0,2979582
2021-06-22 10:07:20,541.0,2979682
2021-06-22 10:07:21,540.95,2979738
2021-06-22 10:07:22,540.95,2980194
2021-06-22 10:07:23,540.95,2980198
2021-06-22 10:07:24,541.0,2980209
2021-06-22 10:07:25,541.0,2980292
2021-06-22 10:07:26,541.0,2980300
2021-06-22 10:07:27,541.0,2980306
2021-06-22 10:07:28,541.0,2980419
2021-06-22 10:07:30,540.95,2981689
2021-06-22 10:07:31,541.0,2981851
2021-06-22 10:07:32,541.0,2982069
2021-06-22 10:07:33,541.0,2982093
2021-06-22 10:07:34,541.0,2982103
2021-06-22 10:07:35,541.0,2982399
2021-06-22 10:07:36,541.0,2982667
2021-06-22 10:07:37,540.9,2982671
2021-06-22 10:07:38,541.0,2982679
2021-06-22 10:07:39,541.0,2983738
2021-06-22 10:07:40,541.0,2983766
2021-06-22 10:07:42,541.0,2984582
2021-06-22 10:07:43,541.0,2984787
2021-06-22 10:07:45,541.0,2984815
2021-06-22 10:07:46,541.0,2984816
2021-06-22 10:07:47,541.0,2985820
2021-06-22 10:07:49,540.8,2987591
2021-06-22 10:07:50,540.95,2988684
2021-06-22 10:07:51,540.9,2988814
2021-06-22 10:07:52,540.95,2988816
2021-06-22 10:07:53,540.8,2993218
2021-06-22 10:07:54,541.0,2995218
2021-06-22 10:07:55,541.0,3001401
2021-06-22 10:07:56,540.95,3001780
2021-06-22 10:07:57,540.95,3001781
2021-06-22 10:07:58,540.9,3002659
2021-06-22 10:08:00,540.7,3003005
2021-06-22 10:08:00,540.7,3003300
2021-06-22 10:08:01,540.9,3003749
2021-06-22 10:08:02,540.9,3003767
2021-06-22 10:08:03,540.9,3003771
2021-06-22 10:08:04,540.9,3003784
2021-06-22 10:08:05,541.0,3008784
2021-06-22 10:08:06,540.8,3009815
2021-06-22 10:08:07,540.9,3009817
2021-06-22 10:08:08,540.8,3009929
2021-06-22 10:08:09,540.8,3009954
2021-06-22 10:08:10,540.9,3009961
2021-06-22 10:08:11,541.0,3010186
2021-06-22 10:08:13,541.0,3012119
2021-06-22 10:08:13,541.0,3012119
2021-06-22 10:08:16,540.95,3012906
2021-06-22 10:08:17,541.0,3013108
2021-06-22 10:08:18,541.0,3013108
2021-06-22 10:08:19,540.95,3013150
2021-06-22 10:08:20,540.95,3013150
2021-06-22 10:08:21,540.95,3013261
2021-06-22 10:08:22,541.0,3014170
2021-06-22 10:08:24,541.0,3014790
2021-06-22 10:08:24,541.0,3014900
2021-06-22 10:08:25,540.95,3015030
2021-06-22 10:08:26,540.95,3015125
2021-06-22 10:08:27,541.0,3015174
2021-06-22 10:08:28,540.95,3015178
2021-06-22 10:08:30,540.95,3015208
2021-06-22 10:08:31,540.95,3015411
2021-06-22 10:08:32,540.95,3015682
2021-06-22 10:08:33,541.0,3015807
2021-06-22 10:08:35,541.0,3015833
2021-06-22 10:08:36,541.0,3016133
2021-06-22 10:08:37,541.0,3016356
2021-06-22 10:08:38,541.0,3016378
2021-06-22 10:08:41,540.95,3016412
2021-06-22 10:08:42,541.0,3021962
2021-06-22 10:08:43,541.0,3023143
2021-06-22 10:08:45,541.0,3023145
2021-06-22 10:08:46,540.95,3023180
2021-06-22 10:08:47,540.95,3023441
2021-06-22 10:08:48,541.0,3025512
2021-06-22 10:08:49,541.0,3025522
2021-06-22 10:08:50,540.9,3025778
2021-06-22 10:08:51,540.95,3025878
2021-06-22 10:08:53,540.95,3026300
2021-06-22 10:08:55,541.0,3026439
2021-06-22 10:08:56,540.95,3026834
2021-06-22 10:08:56,540.95,3026835
2021-06-22 10:08:58,540.9,3027186
2021-06-22 10:08:59,540.9,3027186
2021-06-22 10:08:59,541.0,3027188
2021-06-22 10:09:00,540.9,3027573
2021-06-22 10:09:01,541.0,3029619
2021-06-22 10:09:02,540.9,3029662
2021-06-22 10:09:03,540.9,3031516
2021-06-22 10:09:04,540.9,3031701
2021-06-22 10:09:05,540.85,3031715
2021-06-22 10:09:06,540.9,3031798
2021-06-22 10:09:07,540.9,3031826
2021-06-22 10:09:08,540.85,3031990
2021-06-22 10:09:09,540.9,3032043
2021-06-22 10:09:10,540.9,3032100
2021-06-22 10:09:12,540.9,3032250
2021-06-22 10:09:13,540.85,3032544
2021-06-22 10:09:13,540.8,3034297
2021-06-22 10:09:14,540.85,3035375
2021-06-22 10:09:15,540.85,3035420
2021-06-22 10:09:16,540.85,3035420
2021-06-22 10:09:19,540.95,3036033
2021-06-22 10:09:20,540.95,3036033
2021-06-22 10:09:20,540.95,3036051
2021-06-22 10:09:21,540.95,3036053
2021-06-22 10:09:22,540.95,3036054
2021-06-22 10:09:23,540.9,3036424
2021-06-22 10:09:25,540.85,3037233
2021-06-22 10:09:25,540.9,3037595
2021-06-22 10:09:26,540.9,3037642
2021-06-22 10:09:27,540.95,3037832
2021-06-22 10:09:28,540.95,3037890
2021-06-22 10:09:29,540.85,3037988
2021-06-22 10:09:30,540.85,3038034
2021-06-22 10:09:31,540.8,3038141
2021-06-22 10:09:33,540.85,3038184
2021-06-22 10:09:34,540.85,3038336
2021-06-22 10:09:34,540.95,3038301
2021-06-22 10:09:35,540.8,3038586
2021-06-22 10:09:36,540.9,3038651
2021-06-22 10:09:37,540.9,3038651
2021-06-22 10:09:38,540.8,3038996
2021-06-22 10:09:42,540.9,3039161
2021-06-22 10:09:43,540.9,3039220
2021-06-22 10:09:44,540.85,3041388
2021-06-22 10:09:45,540.8,3041681
2021-06-22 10:09:46,540.9,3042309
2021-06-22 10:09:47,540.75,3042409
2021-06-22 10:09:48,540.9,3042449
2021-06-22 10:09:49,540.9,3042609
2021-06-22 10:09:50,540.75,3042708
2021-06-22 10:09:51,540.85,3042788
2021-06-22 10:09:52,540.9,3042833
2021-06-22 10:09:55,540.9,3042994
2021-06-22 10:09:56,540.85,3043032
2021-06-22 10:09:58,540.75,3045850
2021-06-22 10:09:59,540.7,3046562
2021-06-22 10:10:00,540.85,3046742
2021-06-22 10:10:01,540.85,3046782
2021-06-22 10:10:03,540.85,3046782
2021-06-22 10:10:04,540.85,3046794
2021-06-22 10:10:04,540.75,3047029
2021-06-22 10:10:06,540.7,3048734
2021-06-22 10:10:07,540.85,3050436
2021-06-22 10:10:08,540.65,3051759
2021-06-22 10:10:08,540.8,3051780
2021-06-22 10:10:09,540.8,3055525
2021-06-22 10:10:10,540.65,3056035
2021-06-22 10:10:13,540.2,3077484
2021-06-22 10:10:14,540.15,3080052
2021-06-22 10:10:15,540.1,3084083
2021-06-22 10:10:16,539.8,3149112
2021-06-22 10:10:17,539.95,3152816
2021-06-22 10:10:18,540.4,3158148
2021-06-22 10:10:19,540.35,3159542
2021-06-22 10:10:20,540.3,3159933
2021-06-22 10:10:21,540.15,3160569
2021-06-22 10:10:22,540.35,3163087
2021-06-22 10:10:24,540.5,3164403
2021-06-22 10:10:25,540.4,3165081
2021-06-22 10:10:26,540.5,3165210
2021-06-22 10:10:27,540.35,3165860
2021-06-22 10:10:28,540.5,3166374
2021-06-22 10:10:28,540.5,3166501
2021-06-22 10:10:29,540.35,3167284
2021-06-22 10:10:31,540.2,3167629
2021-06-22 10:10:32,540.05,3168463
2021-06-22 10:10:33,540.05,3168984
2021-06-22 10:10:35,540.3,3169944
2021-06-22 10:10:36,540.25,3170072
2021-06-22 10:10:37,540.15,3170369
2021-06-22 10:10:38,540.1,3170742
2021-06-22 10:10:38,540.15,3171351
2021-06-22 10:10:39,540.0,3172468
2021-06-22 10:10:40,540.05,3173935
2021-06-22 10:10:41,540.0,3174438
2021-06-22 10:10:43,540.0,3176244
2021-06-22 10:10:44,540.0,3177294
2021-06-22 10:10:46,539.95,3180320
2021-06-22 10:10:47,539.95,3181338
2021-06-22 10:10:48,539.8,3181426
2021-06-22 10:10:49,539.7,3183691
2021-06-22 10:10:51,539.6,3185008
2021-06-22 10:10:52,539.8,3186096
2021-06-22 10:10:53,539.55,3186236
2021-06-22 10:10:53,539.8,3188276
2021-06-22 10:10:55,539.85,3190015
2021-06-22 10:10:57,539.7,3191018
2021-06-22 10:10:58,539.7,3191512
2021-06-22 10:10:58,539.6,3191805
2021-06-22 10:11:00,539.9,3192057
2021-06-22 10:11:00,539.6,3192997
2021-06-22 10:11:02,539.6,3194947
2021-06-22 10:11:03,539.55,3200169
2021-06-22 10:11:04,540.0,3205734
2021-06-22 10:11:04,539.65,3206825
2021-06-22 10:11:06,539.95,3206947
2021-06-22 10:11:07,539.9,3207374
2021-06-22 10:11:08,539.95,3207655
2021-06-22 10:11:09,539.9,3207789
2021-06-22 10:11:10,539.9,3209536
2021-06-22 10:11:11,539.85,3211535
2021-06-22 10:11:11,539.6,3212244
2021-06-22 10:11:12,539.9,3213318
2021-06-22 10:11:13,539.6,3217415
2021-06-22 10:11:14,539.6,3217884
2021-06-22 10:11:15,539.6,3219289
2021-06-22 10:11:16,539.85,3219558
2021-06-22 10:11:17,539.85,3220060
2021-06-22 10:11:19,539.6,3223286
2021-06-22 10:11:20,539.55,3225870
2021-06-22 10:11:21,539.55,3229498
2021-06-22 10:11:22,539.6,3232783
2021-06-22 10:11:23,539.55,3233356
2021-06-22 10:11:24,539.45,3237856
2021-06-22 10:11:25,539.6,3240159
2021-06-22 10:11:26,539.6,3242618
2021-06-22 10:11:27,539.6,3245698
2021-06-22 10:11:28,539.45,3246334
2021-06-22 10:11:29,539.6,3248339
2021-06-22 10:11:30,539.6,3256891
2021-06-22 10:11:32,539.8,3262242
2021-06-22 10:11:33,539.55,3262302
2021-06-22 10:11:34,539.6,3263139
2021-06-22 10:11:35,539.5,3267923
2021-06-22 10:11:36,539.9,3271825
2021-06-22 10:11:37,539.6,3274112
2021-06-22 10:11:38,539.6,3274899
2021-06-22 10:11:39,539.85,3276073
2021-06-22 10:11:40,539.7,3276354
2021-06-22 10:11:41,539.75,3276793
2021-06-22 10:11:42,539.7,3276819
2021-06-22 10:11:43,539.5,3278997
2021-06-22 10:11:43,539.75,3278561
2021-06-22 10:11:44,539.65,3280132
2021-06-22 10:11:45,539.75,3281391
2021-06-22 10:11:47,539.75,3283490
2021-06-22 10:11:48,539.6,3283822
2021-06-22 10:11:49,539.65,3285016
2021-06-22 10:11:50,539.6,3287561
2021-06-22 10:11:51,539.6,3288252
2021-06-22 10:11:51,539.55,3288284
2021-06-22 10:11:52,539.85,3288777
2021-06-22 10:11:54,539.85,3290753
2021-06-22 10:11:54,539.85,3291421
2021-06-22 10:11:56,539.65,3291996
2021-06-22 10:11:57,539.65,3292336
2021-06-22 10:11:58,539.9,3292914
2021-06-22 10:11:59,539.85,3293072
2021-06-22 10:12:01,539.7,3293591
2021-06-22 10:12:02,539.65,3293636
2021-06-22 10:12:03,539.7,3294459
2021-06-22 10:12:04,539.65,3294696
2021-06-22 10:12:05,539.7,3295047
2021-06-22 10:12:06,539.75,3295315
2021-06-22 10:12:07,539.55,3296038
2021-06-22 10:12:08,539.6,3296172
2021-06-22 10:12:09,539.7,3297663
2021-06-22 10:12:10,539.55,3298093
2021-06-22 10:12:11,539.5,3298463
2021-06-22 10:12:11,539.5,3298392
2021-06-22 10:12:12,539.6,3299214
2021-06-22 10:12:14,539.7,3300961
2021-06-22 10:12:15,539.6,3302229
2021-06-22 10:12:16,539.7,3302885
2021-06-22 10:12:17,539.6,3303304
2021-06-22 10:12:18,539.7,3303568
2021-06-22 10:12:18,539.7,3303727
2021-06-22 10:12:19,539.8,3306705
2021-06-22 10:12:20,539.5,3307233
2021-06-22 10:12:22,539.75,3307533
2021-06-22 10:12:23,539.7,3307568
2021-06-22 10:12:24,539.6,3307601
2021-06-22 10:12:25,539.5,3307872
2021-06-22 10:12:25,539.7,3307852
2021-06-22 10:12:26,539.7,3309884
2021-06-22 10:12:27,539.55,3311400
2021-06-22 10:12:29,539.5,3311473
2021-06-22 10:12:30,539.7,3312429
2021-06-22 10:12:31,539.5,3312835
2021-06-22 10:12:32,539.6,3314130
2021-06-22 10:12:33,539.6,3314667
2021-06-22 10:12:33,539.5,3314723
2021-06-22 10:12:34,539.65,3314730
2021-06-22 10:12:36,539.65,3314775
2021-06-22 10:12:37,539.65,3314830
2021-06-22 10:12:38,539.65,3314925
2021-06-22 10:12:39,539.45,3318456
2021-06-22 10:12:40,539.6,3320679
2021-06-22 10:12:41,539.6,3322816
2021-06-22 10:12:42,539.6,3323686
2021-06-22 10:12:43,539.55,3325492
2021-06-22 10:12:43,539.35,3325860
2021-06-22 10:12:44,539.3,3326150
2021-06-22 10:12:46,539.35,3327427
2021-06-22 10:12:47,539.15,3333666
2021-06-22 10:12:48,539.6,3340231
2021-06-22 10:12:49,539.6,3341565
2021-06-22 10:12:49,539.5,3341572
2021-06-22 10:12:50,539.7,3342260
2021-06-22 10:12:52,539.5,3343126
2021-06-22 10:12:52,539.4,3343366
2021-06-22 10:12:54,539.45,3344991
2021-06-22 10:12:55,539.3,3345148
