timestamp,ltp,volume
2021-06-22 09:16:33,3638.55,7880
2021-06-22 09:16:37,3638.55,8001
2021-06-22 09:16:48,3642.1,8118
2021-06-22 09:16:53,3640.55,8516
2021-06-22 09:16:58,3639.6,8687
2021-06-22 09:17:03,3638.0,8786
2021-06-22 09:17:08,3637.6,8826
2021-06-22 09:17:13,3636.0,9339
2021-06-22 09:17:19,3637.6,9411
2021-06-22 09:17:24,3637.0,9514
2021-06-22 09:17:29,3636.95,9589
2021-06-22 09:17:34,3635.35,9843
2021-06-22 09:17:39,3635.35,9940
2021-06-22 09:17:44,3633.0,9970
2021-06-22 09:17:49,3633.0,9974
2021-06-22 09:17:54,3633.0,10095
2021-06-22 09:18:00,3634.85,10173
2021-06-22 09:18:06,3633.0,10211
2021-06-22 09:18:11,3635.05,10238
2021-06-22 09:18:16,3631.65,10554
2021-06-22 09:18:22,3635.1,10687
2021-06-22 09:18:27,3632.45,10718
2021-06-22 09:18:32,3632.3,10746
2021-06-22 09:18:37,3632.2,10810
2021-06-22 09:18:42,3634.0,10869
2021-06-22 09:18:47,3635.35,10939
2021-06-22 09:18:52,3635.0,10997
2021-06-22 09:18:57,3636.9,11025
2021-06-22 09:19:02,3636.9,11092
2021-06-22 09:19:07,3637.2,11181
2021-06-22 09:19:12,3634.95,11270
2021-06-22 09:19:17,3637.8,11628
2021-06-22 09:19:21,3637.8,11687
2021-06-22 09:19:26,3637.8,11704
2021-06-22 09:19:31,3636.2,11713
2021-06-22 09:19:36,3636.2,11724
2021-06-22 09:19:41,3636.2,11929
2021-06-22 09:19:46,3635.8,11953
2021-06-22 09:19:51,3636.2,12060
2021-06-22 09:19:56,3637.4,12074
2021-06-22 09:20:01,3637.4,12074
2021-06-22 09:20:05,3637.4,12142
2021-06-22 09:20:10,3636.7,12155
2021-06-22 09:20:15,3637.3,12226
2021-06-22 09:20:20,3636.35,12242
2021-06-22 09:20:25,3637.4,12309
2021-06-22 09:20:30,3639.0,12343
2021-06-22 09:20:35,3638.0,12377
2021-06-22 09:20:39,3637.45,12549
2021-06-22 09:20:44,3639.15,12586
2021-06-22 09:20:49,3639.0,12676
2021-06-22 09:20:54,3638.7,12707
2021-06-22 09:20:59,3640.0,12742
2021-06-22 09:21:03,3638.6,12804
2021-06-22 09:21:08,3639.0,13023
2021-06-22 09:21:13,3640.0,13207
2021-06-22 09:21:17,3638.85,13314
2021-06-22 09:21:22,3639.45,13367
2021-06-22 09:21:27,3640.1,13582
2021-06-22 09:21:32,3640.3,13621
2021-06-22 09:21:37,3638.9,13668
2021-06-22 09:21:41,3639.95,13847
2021-06-22 09:21:46,3639.95,13875
2021-06-22 09:21:51,3639.95,13877
2021-06-22 09:21:56,3638.6,13881
2021-06-22 09:22:01,3638.6,13914
2021-06-22 09:22:06,3638.4,13989
2021-06-22 09:22:11,3634.95,14215
2021-06-22 09:22:16,3634.65,14250
2021-06-22 09:22:21,3635.05,14503
2021-06-22 09:22:26,3635.65,14557
2021-06-22 09:22:31,3637.4,14572
2021-06-22 09:22:35,3637.6,14579
2021-06-22 09:22:40,3637.0,14589
2021-06-22 09:22:45,3637.3,14614
2021-06-22 09:22:50,3637.3,14643
2021-06-22 09:23:00,3637.8,14695
2021-06-22 09:23:04,3637.8,14695
2021-06-22 09:23:09,3636.9,14705
2021-06-22 09:23:13,3636.9,14719
2021-06-22 09:23:18,3636.6,14737
2021-06-22 09:23:22,3637.8,14753
2021-06-22 09:23:27,3637.4,14808
2021-06-22 09:23:32,3637.4,14833
2021-06-22 09:23:36,3637.0,15019
2021-06-22 09:23:41,3637.2,15071
2021-06-22 09:23:46,3636.0,15082
2021-06-22 09:23:55,3635.05,15218
2021-06-22 09:24:04,3635.2,15266
2021-06-22 09:24:09,3635.3,15341
2021-06-22 09:24:14,3635.6,15387
2021-06-22 09:24:18,3636.05,15403
2021-06-22 09:24:23,3636.05,15435
2021-06-22 09:24:27,3635.65,15479
2021-06-22 09:24:32,3636.05,15483
2021-06-22 09:24:37,3637.8,15744
2021-06-22 09:24:42,3638.0,15854
2021-06-22 09:24:46,3640.0,16943
2021-06-22 09:24:51,3642.0,17279
2021-06-22 09:24:56,3640.45,17463
2021-06-22 09:25:00,3640.45,17503
2021-06-22 09:25:09,3640.8,17566
2021-06-22 09:25:14,3641.45,17679
2021-06-22 09:25:19,3639.85,17696
2021-06-22 09:25:23,3638.9,17720
2021-06-22 09:25:28,3639.3,17728
2021-06-22 09:25:32,3640.35,17734
2021-06-22 09:25:37,3640.35,17734
2021-06-22 09:25:41,3640.05,17904
2021-06-22 09:25:46,3639.6,17924
2021-06-22 09:25:55,3641.5,18133
2021-06-22 09:25:59,3641.6,18153
2021-06-22 09:26:04,3640.05,18154
2021-06-22 09:26:08,3641.2,18218
2021-06-22 09:26:12,3641.5,18242
2021-06-22 09:26:17,3641.6,18249
2021-06-22 09:26:21,3640.8,18314
2021-06-22 09:26:25,3642.45,18345
2021-06-22 09:26:30,3644.4,18356
2021-06-22 09:26:34,3642.25,18401
2021-06-22 09:26:38,3643.95,18421
2021-06-22 09:26:43,3644.35,18431
2021-06-22 09:26:48,3642.2,18525
2021-06-22 09:26:52,3644.55,18548
2021-06-22 09:26:57,3642.95,18574
2021-06-22 09:27:01,3645.0,18673
2021-06-22 09:27:06,3642.9,18683
2021-06-22 09:27:11,3644.4,18756
2021-06-22 09:27:19,3644.2,18985
2021-06-22 09:27:24,3644.2,19109
2021-06-22 09:27:29,3642.9,19220
2021-06-22 09:27:33,3643.15,19248
2021-06-22 09:27:37,3645.05,19470
2021-06-22 09:27:42,3645.65,19559
2021-06-22 09:27:46,3646.0,19668
2021-06-22 09:27:51,3645.65,19729
2021-06-22 09:27:55,3645.65,19754
2021-06-22 09:28:00,3646.35,19758
2021-06-22 09:28:04,3645.4,19760
2021-06-22 09:28:09,3645.4,19761
2021-06-22 09:28:13,3646.0,19772
2021-06-22 09:28:22,3645.4,19789
2021-06-22 09:28:26,3645.4,19789
2021-06-22 09:28:30,3645.0,19898
2021-06-22 09:28:34,3644.7,19913
2021-06-22 09:28:39,3644.7,19927
2021-06-22 09:28:43,3644.7,19935
2021-06-22 09:28:47,3644.2,19977
2021-06-22 09:28:52,3642.6,20068
2021-06-22 09:28:57,3640.65,20111
2021-06-22 09:29:01,3640.75,20201
2021-06-22 09:29:05,3642.2,20233
2021-06-22 09:29:10,3640.75,20249
2021-06-22 09:29:13,3640.5,20301
2021-06-22 09:29:18,3640.55,20306
2021-06-22 09:29:22,3641.0,20360
2021-06-22 09:29:31,3640.05,20440
2021-06-22 09:29:35,3640.85,20508
2021-06-22 09:29:40,3640.6,20537
2021-06-22 09:29:43,3640.6,20539
2021-06-22 09:29:47,3640.6,20539
2021-06-22 09:29:51,3641.8,20540
2021-06-22 09:29:55,3640.6,20549
2021-06-22 09:30:00,3640.6,20556
2021-06-22 09:30:05,3640.0,20783
2021-06-22 09:30:14,3640.0,21034
2021-06-22 09:30:18,3640.0,21079
2021-06-22 09:30:23,3640.1,21309
2021-06-22 09:30:28,3640.0,21335
2021-06-22 09:30:32,3639.0,21344
2021-06-22 09:30:37,3641.05,21417
2021-06-22 09:30:42,3640.25,21427
2021-06-22 09:30:46,3640.25,21441
2021-06-22 09:30:50,3640.25,21453
2021-06-22 09:30:55,3640.25,21471
2021-06-22 09:31:00,3641.25,21482
2021-06-22 09:31:04,3640.25,21500
2021-06-22 09:31:09,3640.25,21500
2021-06-22 09:31:18,3640.25,21509
2021-06-22 09:31:22,3640.2,21515
2021-06-22 09:31:26,3640.25,21523
2021-06-22 09:31:30,3640.3,21538
2021-06-22 09:31:35,3640.25,21556
2021-06-22 09:31:39,3640.2,21718
2021-06-22 09:31:47,3640.8,21767
2021-06-22 09:31:51,3641.55,21855
2021-06-22 09:31:55,3641.3,21988
2021-06-22 09:31:59,3640.9,22017
2021-06-22 09:32:03,3642.2,22033
2021-06-22 09:32:07,3641.3,22035
2021-06-22 09:32:11,3643.2,22065
2021-06-22 09:32:15,3643.35,22071
2021-06-22 09:32:19,3643.4,22092
2021-06-22 09:32:23,3643.4,22092
2021-06-22 09:32:28,3641.85,22112
2021-06-22 09:32:32,3643.2,22137
2021-06-22 09:32:36,3643.2,22137
2021-06-22 09:32:40,3642.9,22222
2021-06-22 09:32:44,3643.0,22494
2021-06-22 09:32:48,3643.2,22525
2021-06-22 09:32:53,3644.8,22539
2021-06-22 09:32:57,3643.6,22565
2021-06-22 09:33:06,3644.75,22616
2021-06-22 09:33:10,3643.3,22732
2021-06-22 09:33:14,3643.2,22739
2021-06-22 09:33:18,3643.2,22799
2021-06-22 09:33:22,3643.1,22821
2021-06-22 09:33:26,3643.05,22826
2021-06-22 09:33:30,3643.05,22852
2021-06-22 09:33:34,3642.6,22889
2021-06-22 09:33:38,3643.0,22920
2021-06-22 09:33:42,3643.0,22940
2021-06-22 09:33:47,3643.0,22949
2021-06-22 09:33:51,3642.6,23007
2021-06-22 09:33:56,3642.6,23020
2021-06-22 09:34:00,3642.1,23049
2021-06-22 09:34:04,3643.6,23097
2021-06-22 09:34:09,3643.5,23149
2021-06-22 09:34:13,3642.2,23174
2021-06-22 09:34:17,3643.75,23184
2021-06-22 09:34:26,3641.65,23293
2021-06-22 09:34:30,3643.0,23340
2021-06-22 09:34:34,3642.0,23434
2021-06-22 09:34:39,3641.1,23457
2021-06-22 09:34:43,3642.8,23472
2021-06-22 09:34:46,3641.1,23508
2021-06-22 09:34:50,3642.0,23522
2021-06-22 09:34:54,3640.5,23545
2021-06-22 09:34:58,3640.45,23548
2021-06-22 09:35:02,3640.0,23561
2021-06-22 09:35:06,3640.0,23561
2021-06-22 09:35:10,3640.05,23565
2021-06-22 09:35:13,3641.0,23572
2021-06-22 09:35:18,3641.8,23581
2021-06-22 09:35:22,3641.8,23681
2021-06-22 09:35:26,3643.0,23693
2021-06-22 09:35:30,3641.45,23734
2021-06-22 09:35:34,3641.4,23740
2021-06-22 09:35:38,3641.4,23752
2021-06-22 09:35:47,3641.0,23754
2021-06-22 09:35:51,3640.5,23756
2021-06-22 09:35:55,3640.15,23841
2021-06-22 09:35:59,3640.15,23842
2021-06-22 09:36:03,3640.05,23848
2021-06-22 09:36:07,3640.05,23849
2021-06-22 09:36:11,3641.8,23964
2021-06-22 09:36:15,3641.6,24042
2021-06-22 09:36:19,3641.6,24042
2021-06-22 09:36:23,3640.05,24047
2021-06-22 09:36:27,3640.05,24047
2021-06-22 09:36:31,3640.05,24056
2021-06-22 09:36:36,3640.05,24059
2021-06-22 09:36:40,3641.0,24064
2021-06-22 09:36:45,3641.0,24075
2021-06-22 09:36:49,3640.05,24140
2021-06-22 09:36:53,3640.05,24143
2021-06-22 09:36:58,3640.1,24184
2021-06-22 09:37:02,3640.1,24194
2021-06-22 09:37:07,3640.1,24200
2021-06-22 09:37:15,3641.45,24251
2021-06-22 09:37:20,3641.75,24257
2021-06-22 09:37:24,3641.45,24302
2021-06-22 09:37:29,3641.45,24302
2021-06-22 09:37:33,3641.45,24302
2021-06-22 09:37:37,3640.65,24304
2021-06-22 09:37:41,3641.05,24365
2021-06-22 09:37:46,3641.8,24383
2021-06-22 09:37:50,3641.8,24400
2021-06-22 09:37:58,3640.45,24405
2021-06-22 09:38:02,3640.1,24425
2021-06-22 09:38:07,3641.0,24429
2021-06-22 09:38:11,3640.1,24438
2021-06-22 09:38:15,3640.1,24438
2021-06-22 09:38:19,3640.1,24541
2021-06-22 09:38:23,3640.25,24556
2021-06-22 09:38:27,3641.75,24562
2021-06-22 09:38:31,3640.25,24628
2021-06-22 09:38:35,3641.0,24634
2021-06-22 09:38:39,3640.25,24641
2021-06-22 09:38:43,3640.1,24652
2021-06-22 09:38:47,3640.1,24652
2021-06-22 09:38:51,3640.1,24652
2021-06-22 09:38:55,3641.7,24676
2021-06-22 09:39:02,3640.1,24679
2021-06-22 09:39:06,3640.1,24681
2021-06-22 09:39:11,3641.0,24708
2021-06-22 09:39:15,3643.0,24921
2021-06-22 09:39:19,3640.8,24965
2021-06-22 09:39:24,3640.8,24981
2021-06-22 09:39:28,3640.55,24988
2021-06-22 09:39:32,3640.8,24990
2021-06-22 09:39:37,3642.1,25021
2021-06-22 09:39:41,3640.7,25107
2021-06-22 09:39:46,3641.0,25114
2021-06-22 09:39:50,3640.3,25258
2021-06-22 09:39:54,3640.3,25270
2021-06-22 09:39:58,3640.3,25278
2021-06-22 09:40:03,3640.0,25355
2021-06-22 09:40:12,3641.0,25389
2021-06-22 09:40:16,3640.1,25451
2021-06-22 09:40:20,3641.0,25480
2021-06-22 09:40:25,3640.2,25487
2021-06-22 09:40:29,3640.9,25501
2021-06-22 09:40:33,3640.2,25506
2021-06-22 09:40:37,3640.2,25511
2021-06-22 09:40:42,3640.0,25611
2021-06-22 09:40:50,3640.0,25668
2021-06-22 09:40:54,3640.2,25692
2021-06-22 09:40:59,3640.0,25696
2021-06-22 09:41:03,3640.0,25719
2021-06-22 09:41:07,3640.0,25733
2021-06-22 09:41:11,3640.0,25763
2021-06-22 09:41:15,3640.0,25772
2021-06-22 09:41:19,3640.0,25772
2021-06-22 09:41:23,3640.2,25825
2021-06-22 09:41:27,3641.6,25866
2021-06-22 09:41:31,3640.1,25874
2021-06-22 09:41:40,3640.1,25885
2021-06-22 09:41:44,3640.1,25885
2021-06-22 09:41:52,3640.2,25900
2021-06-22 09:41:55,3640.2,25900
2021-06-22 09:41:59,3640.2,25900
2021-06-22 09:42:02,3640.5,25901
2021-06-22 09:42:06,3640.5,25901
2021-06-22 09:42:09,3640.5,25914
2021-06-22 09:42:13,3640.15,25917
2021-06-22 09:42:16,3640.15,25917
2021-06-22 09:42:19,3640.15,25917
2021-06-22 09:42:23,3640.5,25929
2021-06-22 09:42:30,3641.0,25941
2021-06-22 09:42:34,3641.6,26031
2021-06-22 09:42:38,3642.3,26047
2021-06-22 09:42:42,3642.3,26064
2021-06-22 09:42:45,3642.25,26166
2021-06-22 09:42:49,3642.25,26166
2021-06-22 09:42:53,3642.25,26166
2021-06-22 09:42:57,3640.5,26175
2021-06-22 09:43:00,3640.5,26191
2021-06-22 09:43:04,3640.8,26269
2021-06-22 09:43:08,3640.6,26275
2021-06-22 09:43:12,3642.25,26398
2021-06-22 09:43:16,3642.7,26447
2021-06-22 09:43:19,3642.7,26458
2021-06-22 09:43:23,3644.0,26488
2021-06-22 09:43:27,3644.0,26488
2021-06-22 09:43:30,3644.0,26494
2021-06-22 09:43:33,3643.6,26697
2021-06-22 09:43:37,3643.1,26717
2021-06-22 09:43:41,3643.15,26834
2021-06-22 09:43:44,3643.1,26852
2021-06-22 09:43:48,3643.1,26858
2021-06-22 09:43:51,3640.6,27020
2021-06-22 09:43:55,3640.75,27052
2021-06-22 09:43:59,3640.6,27114
2021-06-22 09:44:02,3640.75,27125
2021-06-22 09:44:06,3642.2,27126
2021-06-22 09:44:10,3642.2,27126
2021-06-22 09:44:14,3640.8,27150
2021-06-22 09:44:18,3640.6,27162
2021-06-22 09:44:22,3640.65,27164
2021-06-22 09:44:26,3640.7,27208
2021-06-22 09:44:29,3640.75,27230
2021-06-22 09:44:33,3641.05,27310
2021-06-22 09:44:37,3641.15,27371
2021-06-22 09:44:41,3641.15,27384
2021-06-22 09:44:45,3641.15,27389
2021-06-22 09:44:49,3640.75,27454
2021-06-22 09:44:53,3640.75,27464
2021-06-22 09:44:58,3640.75,27472
2021-06-22 09:45:02,3640.75,27483
2021-06-22 09:45:10,3641.0,27567
2021-06-22 09:45:14,3641.0,27567
2021-06-22 09:45:18,3640.75,27603
2021-06-22 09:45:22,3642.2,27645
2021-06-22 09:45:25,3642.2,27664
2021-06-22 09:45:29,3642.2,27664
2021-06-22 09:45:37,3642.9,27739
2021-06-22 09:45:40,3642.8,27767
2021-06-22 09:45:44,3641.1,27768
2021-06-22 09:45:48,3641.1,27807
2021-06-22 09:45:52,3641.0,27841
2021-06-22 09:45:56,3641.0,27859
2021-06-22 09:46:01,3641.0,27886
2021-06-22 09:46:05,3640.75,28136
2021-06-22 09:46:09,3641.1,28147
2021-06-22 09:46:14,3640.4,28171
2021-06-22 09:46:18,3640.4,28229
2021-06-22 09:46:22,3641.1,28287
2021-06-22 09:46:26,3641.1,28287
2021-06-22 09:46:30,3641.1,28287
2021-06-22 09:46:34,3641.1,28302
2021-06-22 09:46:38,3640.0,28326
2021-06-22 09:46:42,3641.1,28359
2021-06-22 09:46:46,3640.0,28377
2021-06-22 09:46:50,3640.0,28377
2021-06-22 09:46:58,3641.0,28391
2021-06-22 09:47:01,3641.0,28395
2021-06-22 09:47:05,3641.0,28432
2021-06-22 09:47:09,3641.0,28432
2021-06-22 09:47:12,3640.0,28448
2021-06-22 09:47:16,3640.0,28450
2021-06-22 09:47:20,3640.0,28452
2021-06-22 09:47:23,3640.0,28452
2021-06-22 09:47:27,3640.0,28618
2021-06-22 09:47:31,3641.0,28637
2021-06-22 09:47:39,3640.7,28667
2021-06-22 09:47:43,3640.7,28681
2021-06-22 09:47:47,3640.7,28698
2021-06-22 09:47:54,3640.45,28730
2021-06-22 09:47:58,3641.0,28796
2021-06-22 09:48:06,3641.0,28805
2021-06-22 09:48:10,3641.0,28830
2021-06-22 09:48:13,3641.0,28831
2021-06-22 09:48:17,3641.1,28832
2021-06-22 09:48:20,3641.1,28834
2021-06-22 09:48:27,3641.0,28959
2021-06-22 09:48:30,3640.6,28962
2021-06-22 09:48:34,3640.6,28962
2021-06-22 09:48:37,3640.65,28965
2021-06-22 09:48:41,3640.65,28967
2021-06-22 09:48:44,3641.0,28980
2021-06-22 09:48:48,3641.1,29564
2021-06-22 09:48:55,3640.65,29649
2021-06-22 09:48:59,3640.65,29752
2021-06-22 09:49:03,3640.65,29752
2021-06-22 09:49:07,3642.05,29757
2021-06-22 09:49:10,3640.65,29768
2021-06-22 09:49:14,3640.65,29768
2021-06-22 09:49:17,3640.65,29768
2021-06-22 09:49:21,3640.65,29768
2021-06-22 09:49:25,3640.65,29768
2021-06-22 09:49:29,3642.0,29776
2021-06-22 09:49:32,3642.0,29776
2021-06-22 09:49:36,3642.0,29776
2021-06-22 09:49:39,3640.65,29857
2021-06-22 09:49:43,3642.0,29965
2021-06-22 09:49:47,3642.05,29966
2021-06-22 09:49:50,3642.05,29999
2021-06-22 09:49:53,3642.05,30002
2021-06-22 09:49:57,3642.0,30034
2021-06-22 09:50:00,3641.0,30114
2021-06-22 09:50:04,3641.0,30114
2021-06-22 09:50:08,3640.75,30117
2021-06-22 09:50:11,3640.75,30118
2021-06-22 09:50:15,3640.75,30118
2021-06-22 09:50:21,3642.0,30148
2021-06-22 09:50:25,3640.75,30163
2021-06-22 09:50:28,3640.75,30163
2021-06-22 09:50:32,3640.75,30163
2021-06-22 09:50:36,3640.75,30163
2021-06-22 09:50:40,3640.75,30163
2021-06-22 09:50:44,3640.75,30163
2021-06-22 09:50:47,3640.75,30165
2021-06-22 09:50:51,3640.75,30165
2021-06-22 09:50:54,3640.75,30165
2021-06-22 09:50:58,3641.8,30168
2021-06-22 09:51:01,3640.65,30210
2021-06-22 09:51:05,3640.65,30218
2021-06-22 09:51:08,3640.65,30218
2021-06-22 09:51:11,3641.8,30220
2021-06-22 09:51:15,3642.45,30410
2021-06-22 09:51:19,3641.2,30440
2021-06-22 09:51:22,3641.2,30440
2021-06-22 09:51:26,3641.2,30440
2021-06-22 09:51:29,3644.0,30485
2021-06-22 09:51:33,3642.7,30651
2021-06-22 09:51:37,3643.0,30656
2021-06-22 09:51:41,3641.8,30694
2021-06-22 09:51:47,3641.3,30728
2021-06-22 09:51:51,3641.3,30728
2021-06-22 09:51:55,3641.3,30728
2021-06-22 09:51:59,3641.3,30728
2021-06-22 09:52:03,3641.3,30728
2021-06-22 09:52:07,3641.35,30792
2021-06-22 09:52:10,3642.95,30796
2021-06-22 09:52:17,3641.05,30798
2021-06-22 09:52:21,3641.15,30920
2021-06-22 09:52:24,3643.5,30963
2021-06-22 09:52:27,3644.55,30967
2021-06-22 09:52:31,3642.05,31029
2021-06-22 09:52:34,3643.9,31038
2021-06-22 09:52:38,3643.5,31042
2021-06-22 09:52:41,3641.35,31069
2021-06-22 09:52:44,3641.35,31069
2021-06-22 09:52:52,3641.75,31365
2021-06-22 09:52:55,3641.7,31383
2021-06-22 09:52:59,3641.7,31383
2021-06-22 09:53:03,3643.35,31395
2021-06-22 09:53:06,3642.6,31396
2021-06-22 09:53:10,3643.35,31428
2021-06-22 09:53:17,3643.2,31480
2021-06-22 09:53:21,3641.6,31488
2021-06-22 09:53:24,3641.6,31488
2021-06-22 09:53:28,3642.8,31489
2021-06-22 09:53:31,3642.8,31489
2021-06-22 09:53:35,3642.8,31491
2021-06-22 09:53:38,3642.8,31503
2021-06-22 09:53:41,3642.9,31505
2021-06-22 09:53:45,3642.8,31508
2021-06-22 09:53:49,3642.15,31509
2021-06-22 09:53:52,3643.05,31601
2021-06-22 09:53:55,3643.05,31601
2021-06-22 09:53:58,3643.2,31605
2021-06-22 09:54:02,3643.2,31605
2021-06-22 09:54:05,3643.55,31621
2021-06-22 09:54:09,3642.85,31622
2021-06-22 09:54:12,3642.85,31623
2021-06-22 09:54:15,3644.05,31688
2021-06-22 09:54:19,3644.25,31889
2021-06-22 09:54:22,3645.0,31917
2021-06-22 09:54:25,3645.6,32070
2021-06-22 09:54:29,3645.6,32419
2021-06-22 09:54:32,3645.9,32446
2021-06-22 09:54:36,3645.95,32506
2021-06-22 09:54:39,3644.4,32515
2021-06-22 09:54:43,3644.4,32519
2021-06-22 09:54:46,3644.4,32587
2021-06-22 09:54:49,3644.4,32593
2021-06-22 09:54:53,3644.4,32593
2021-06-22 09:54:56,3645.8,32594
2021-06-22 09:55:00,3647.3,33026
2021-06-22 09:55:04,3645.15,33086
2021-06-22 09:55:07,3648.0,34434
2021-06-22 09:55:11,3651.8,34694
2021-06-22 09:55:14,3650.2,34853
2021-06-22 09:55:17,3650.3,34902
2021-06-22 09:55:20,3651.4,34967
2021-06-22 09:55:24,3650.5,34993
2021-06-22 09:55:27,3651.4,35004
2021-06-22 09:55:31,3651.0,35032
2021-06-22 09:55:34,3651.0,35725
2021-06-22 09:55:37,3650.95,35800
2021-06-22 09:55:41,3648.95,35839
2021-06-22 09:55:44,3648.0,35886
2021-06-22 09:55:47,3647.25,35890
2021-06-22 09:55:50,3647.7,35934
2021-06-22 09:55:54,3647.7,35940
2021-06-22 09:55:57,3647.7,35940
2021-06-22 09:56:00,3647.7,35940
2021-06-22 09:56:04,3648.9,35968
2021-06-22 09:56:07,3649.4,36018
2021-06-22 09:56:10,3647.2,36204
2021-06-22 09:56:14,3648.1,36217
2021-06-22 09:56:18,3649.15,36219
2021-06-22 09:56:28,3648.1,36381
2021-06-22 09:56:31,3649.15,36383
2021-06-22 09:56:34,3649.15,36385
2021-06-22 09:56:38,3648.1,36386
2021-06-22 09:56:39,3648.1,36386
2021-06-22 09:56:40,3649.1,36391
2021-06-22 09:56:41,3648.0,36404
2021-06-22 09:56:41,3647.8,36405
2021-06-22 09:56:42,3648.15,36415
2021-06-22 09:56:43,3648.15,36415
2021-06-22 09:56:44,3648.15,36415
2021-06-22 09:56:46,3648.5,36425
2021-06-22 09:56:47,3648.5,36425
2021-06-22 09:56:47,3648.5,36425
2021-06-22 09:56:48,3648.5,36425
2021-06-22 09:56:49,3648.5,36425
2021-06-22 09:56:50,3648.5,36425
2021-06-22 09:56:52,3648.75,37027
2021-06-22 09:56:52,3649.85,36966
2021-06-22 09:56:53,3649.8,37081
2021-06-22 09:56:54,3648.75,37105
2021-06-22 09:56:55,3649.85,37157
2021-06-22 09:56:56,3649.6,37272
2021-06-22 09:56:57,3649.55,37360
2021-06-22 09:56:58,3650.0,37430
2021-06-22 09:56:59,3648.0,37773
2021-06-22 09:57:00,3648.25,37922
2021-06-22 09:57:01,3649.9,37972
2021-06-22 09:57:04,3649.9,38188
2021-06-22 09:57:05,3648.15,38402
2021-06-22 09:57:05,3650.0,38388
2021-06-22 09:57:06,3650.0,38433
2021-06-22 09:57:08,3650.0,38535
2021-06-22 09:57:09,3650.0,38562
2021-06-22 09:57:10,3651.0,39065
2021-06-22 09:57:12,3651.0,39150
2021-06-22 09:57:12,3651.0,39269
2021-06-22 09:57:13,3651.0,39269
2021-06-22 09:57:14,3651.0,39279
2021-06-22 09:57:15,3651.0,39283
2021-06-22 09:57:16,3651.0,39311
2021-06-22 09:57:17,3651.0,39314
2021-06-22 09:57:18,3651.0,39318
2021-06-22 09:57:19,3651.0,39381
2021-06-22 09:57:21,3651.0,39569
2021-06-22 09:57:22,3651.0,39620
2021-06-22 09:57:23,3651.0,39634
2021-06-22 09:57:25,3651.0,39660
2021-06-22 09:57:26,3651.0,39660
2021-06-22 09:57:27,3651.95,39668
2021-06-22 09:57:27,3651.95,39668
2021-06-22 09:57:28,3651.0,39774
2021-06-22 09:57:29,3652.6,39784
2021-06-22 09:57:30,3651.1,39808
2021-06-22 09:57:31,3651.0,39832
2021-06-22 09:57:32,3650.2,39834
2021-06-22 09:57:34,3650.85,39851
2021-06-22 09:57:35,3650.85,40509
2021-06-22 09:57:36,3649.85,40681
2021-06-22 09:57:37,3650.2,40713
2021-06-22 09:57:37,3650.2,40713
2021-06-22 09:57:39,3650.2,40820
2021-06-22 09:57:40,3648.35,40840
2021-06-22 09:57:41,3649.8,40847
2021-06-22 09:57:41,3647.8,40893
2021-06-22 09:57:42,3647.75,40944
2021-06-22 09:57:44,3647.75,40953
2021-06-22 09:57:45,3648.0,41016
2021-06-22 09:57:46,3648.0,41019
2021-06-22 09:57:46,3648.0,41019
2021-06-22 09:57:47,3648.0,41019
2021-06-22 09:57:48,3648.0,41019
2021-06-22 09:57:49,3648.0,41024
2021-06-22 09:57:50,3647.85,41030
2021-06-22 09:57:51,3647.6,41063
2021-06-22 09:57:52,3647.6,41063
2021-06-22 09:57:53,3647.5,41072
2021-06-22 09:57:54,3648.35,41332
2021-06-22 09:57:55,3647.95,41354
2021-06-22 09:57:56,3648.05,41374
2021-06-22 09:57:57,3647.95,41576
2021-06-22 09:57:58,3647.0,41660
2021-06-22 09:57:59,3648.0,41765
2021-06-22 09:58:01,3648.0,41765
2021-06-22 09:58:01,3648.0,41773
2021-06-22 09:58:02,3648.0,41791
2021-06-22 09:58:04,3647.2,41879
2021-06-22 09:58:04,3647.0,41889
2021-06-22 09:58:05,3647.0,41895
2021-06-22 09:58:06,3647.15,41899
2021-06-22 09:58:08,3646.4,41916
2021-06-22 09:58:08,3646.4,41916
2021-06-22 09:58:09,3646.4,41919
2021-06-22 09:58:10,3645.0,41980
2021-06-22 09:58:11,3645.0,41980
2021-06-22 09:58:13,3644.35,42246
2021-06-22 09:58:14,3644.3,42271
2021-06-22 09:58:15,3644.3,42275
2021-06-22 09:58:16,3645.0,42285
2021-06-22 09:58:16,3645.0,42285
2021-06-22 09:58:17,3645.0,42285
2021-06-22 09:58:19,3644.3,42348
2021-06-22 09:58:20,3644.0,42376
2021-06-22 09:58:20,3644.0,42376
2021-06-22 09:58:22,3644.0,42403
2021-06-22 09:58:23,3643.05,42466
2021-06-22 09:58:23,3642.4,42479
2021-06-22 09:58:25,3642.7,42495
2021-06-22 09:58:25,3642.7,42495
2021-06-22 09:58:27,3642.7,42495
2021-06-22 09:58:28,3642.55,42509
2021-06-22 09:58:28,3642.55,42509
2021-06-22 09:58:29,3642.55,42509
2021-06-22 09:58:30,3643.7,42531
2021-06-22 09:58:31,3642.4,42533
2021-06-22 09:58:33,3642.4,42533
2021-06-22 09:58:33,3642.2,42558
2021-06-22 09:58:34,3642.2,42558
2021-06-22 09:58:36,3642.2,42558
2021-06-22 09:58:37,3643.0,42598
2021-06-22 09:58:38,3643.0,42600
2021-06-22 09:58:39,3643.0,42600
2021-06-22 09:58:40,3643.0,42856
2021-06-22 09:58:40,3643.0,42826
2021-06-22 09:58:41,3643.0,42880
2021-06-22 09:58:42,3643.4,42930
2021-06-22 09:58:43,3643.75,42939
2021-06-22 09:58:45,3644.0,42948
2021-06-22 09:58:45,3645.0,42990
2021-06-22 09:58:47,3645.0,42990
2021-06-22 09:58:48,3645.6,43003
2021-06-22 09:58:50,3645.1,43020
2021-06-22 09:58:51,3646.8,43023
2021-06-22 09:58:51,3646.8,43023
2021-06-22 09:58:52,3646.8,43023
2021-06-22 09:58:53,3646.6,43103
2021-06-22 09:58:54,3646.6,43103
2021-06-22 09:58:56,3646.6,43103
2021-06-22 09:58:57,3646.6,43104
2021-06-22 09:58:58,3646.6,43104
2021-06-22 09:58:59,3646.6,43104
2021-06-22 09:59:00,3646.0,43109
2021-06-22 09:59:01,3646.0,43111
2021-06-22 09:59:02,3646.0,43128
2021-06-22 09:59:03,3646.0,43143
2021-06-22 09:59:05,3646.0,43183
2021-06-22 09:59:07,3645.15,43191
2021-06-22 09:59:07,3646.45,43200
2021-06-22 09:59:08,3646.45,43200
2021-06-22 09:59:09,3646.45,43200
2021-06-22 09:59:10,3646.45,43200
2021-06-22 09:59:11,3646.45,43200
2021-06-22 09:59:12,3644.75,43281
2021-06-22 09:59:13,3646.2,43308
2021-06-22 09:59:14,3645.1,43327
2021-06-22 09:59:16,3646.3,43328
2021-06-22 09:59:17,3646.3,43329
2021-06-22 09:59:18,3646.0,43467
2021-06-22 09:59:19,3645.55,43477
2021-06-22 09:59:20,3645.75,43510
2021-06-22 09:59:21,3645.55,43645
2021-06-22 09:59:22,3645.55,43737
2021-06-22 09:59:23,3645.0,43763
2021-06-22 09:59:24,3645.0,43791
2021-06-22 09:59:25,3645.55,43795
2021-06-22 09:59:26,3646.0,43825
2021-06-22 09:59:27,3646.0,43825
2021-06-22 09:59:29,3645.0,43833
2021-06-22 09:59:29,3645.0,43833
2021-06-22 09:59:30,3645.0,43833
2021-06-22 09:59:32,3645.0,43833
2021-06-22 09:59:33,3645.0,43833
2021-06-22 09:59:34,3645.55,43834
2021-06-22 09:59:36,3645.55,43834
2021-06-22 09:59:38,3645.4,44002
2021-06-22 09:59:39,3645.1,44004
2021-06-22 09:59:40,3645.1,44004
2021-06-22 09:59:41,3645.1,44007
2021-06-22 09:59:42,3645.0,44032
2021-06-22 09:59:45,3645.0,44032
2021-06-22 09:59:45,3645.0,44032
2021-06-22 09:59:47,3646.3,44042
2021-06-22 09:59:48,3646.3,44042
2021-06-22 09:59:49,3646.3,44042
2021-06-22 09:59:50,3646.3,44042
2021-06-22 09:59:51,3645.2,44047
2021-06-22 09:59:52,3645.2,44047
2021-06-22 09:59:53,3646.85,44097
2021-06-22 09:59:54,3645.3,44102
2021-06-22 09:59:55,3645.3,44102
2021-06-22 09:59:55,3645.3,44102
2021-06-22 09:59:57,3645.3,44102
2021-06-22 09:59:58,3645.3,44102
2021-06-22 09:59:59,3646.15,44108
2021-06-22 10:00:00,3646.15,44108
2021-06-22 10:00:01,3645.3,44112
2021-06-22 10:00:02,3645.3,44112
2021-06-22 10:00:03,3646.15,44117
2021-06-22 10:00:04,3646.15,44117
2021-06-22 10:00:05,3646.15,44117
2021-06-22 10:00:06,3646.15,44117
2021-06-22 10:00:07,3646.15,44117
2021-06-22 10:00:08,3645.5,44255
2021-06-22 10:00:08,3645.5,44255
2021-06-22 10:00:09,3645.1,44265
2021-06-22 10:00:10,3645.55,44282
2021-06-22 10:00:11,3645.55,44285
2021-06-22 10:00:14,3645.0,44325
2021-06-22 10:00:16,3645.0,44427
2021-06-22 10:00:18,3643.9,44439
2021-06-22 10:00:19,3643.9,44441
2021-06-22 10:00:20,3643.9,44443
2021-06-22 10:00:20,3643.9,44474
2021-06-22 10:00:22,3643.8,44564
2021-06-22 10:00:23,3643.7,44574
2021-06-22 10:00:23,3643.7,44581
2021-06-22 10:00:24,3643.7,44581
2021-06-22 10:00:25,3642.0,44605
2021-06-22 10:00:26,3641.7,44683
2021-06-22 10:00:28,3642.0,44743
2021-06-22 10:00:28,3642.0,44743
2021-06-22 10:00:29,3641.5,44757
2021-06-22 10:00:32,3641.6,44769
2021-06-22 10:00:32,3641.6,44778
2021-06-22 10:00:33,3642.05,44784
2021-06-22 10:00:35,3642.2,44787
2021-06-22 10:00:36,3643.3,44788
2021-06-22 10:00:37,3643.85,44818
2021-06-22 10:00:38,3643.85,44818
2021-06-22 10:00:40,3643.85,44818
2021-06-22 10:00:41,3644.0,44850
2021-06-22 10:00:41,3644.0,44850
2021-06-22 10:00:42,3644.0,44850
2021-06-22 10:00:44,3644.0,44852
2021-06-22 10:00:44,3644.0,44852
2021-06-22 10:00:46,3644.0,44852
2021-06-22 10:00:46,3644.0,44852
2021-06-22 10:00:47,3644.0,44852
2021-06-22 10:00:49,3644.0,44852
2021-06-22 10:00:50,3644.0,44877
2021-06-22 10:00:51,3644.0,44877
2021-06-22 10:00:52,3644.0,44877
2021-06-22 10:00:53,3644.0,44877
2021-06-22 10:00:54,3644.0,44883
2021-06-22 10:00:55,3644.4,44886
2021-06-22 10:00:56,3644.0,44890
2021-06-22 10:00:57,3643.7,44928
2021-06-22 10:00:58,3643.7,44936
2021-06-22 10:00:59,3643.7,44936
2021-06-22 10:01:00,3643.7,44938
2021-06-22 10:01:02,3643.7,44950
2021-06-22 10:01:03,3644.0,44953
2021-06-22 10:01:04,3644.0,44953
2021-06-22 10:01:05,3643.7,44956
2021-06-22 10:01:06,3644.0,44971
2021-06-22 10:01:07,3644.0,44971
2021-06-22 10:01:07,3644.0,44971
2021-06-22 10:01:08,3643.85,44981
2021-06-22 10:01:09,3643.85,44981
2021-06-22 10:01:11,3643.7,44988
2021-06-22 10:01:13,3643.7,44988
2021-06-22 10:01:14,3643.7,44988
2021-06-22 10:01:15,3643.7,45059
2021-06-22 10:01:16,3643.7,45072
2021-06-22 10:01:17,3643.75,45096
2021-06-22 10:01:18,3643.75,45096
2021-06-22 10:01:19,3643.75,45096
2021-06-22 10:01:20,3643.75,45096
2021-06-22 10:01:21,3643.75,45100
2021-06-22 10:01:22,3643.75,45100
2021-06-22 10:01:23,3643.75,45100
2021-06-22 10:01:24,3643.75,45102
2021-06-22 10:01:25,3643.75,45102
2021-06-22 10:01:26,3643.75,45102
2021-06-22 10:01:27,3644.0,45132
2021-06-22 10:01:28,3644.0,45132
2021-06-22 10:01:29,3643.85,45183
2021-06-22 10:01:30,3643.85,45183
2021-06-22 10:01:31,3643.7,45269
2021-06-22 10:01:32,3643.7,45284
2021-06-22 10:01:34,3643.3,45296
2021-06-22 10:01:35,3643.3,45296
2021-06-22 10:01:36,3643.1,45316
2021-06-22 10:01:38,3643.1,45325
2021-06-22 10:01:39,3641.55,45326
2021-06-22 10:01:40,3641.55,45326
2021-06-22 10:01:41,3641.55,45326
2021-06-22 10:01:42,3641.5,45339
2021-06-22 10:01:42,3641.5,45339
2021-06-22 10:01:44,3641.5,45339
2021-06-22 10:01:45,3641.5,45339
2021-06-22 10:01:46,3643.0,45389
2021-06-22 10:01:47,3641.5,45393
2021-06-22 10:01:48,3641.5,45394
2021-06-22 10:01:49,3641.5,45394
2021-06-22 10:01:50,3641.5,45394
2021-06-22 10:01:51,3642.85,45396
2021-06-22 10:01:53,3642.85,45417
2021-06-22 10:01:54,3642.85,45417
2021-06-22 10:01:55,3642.85,45417
2021-06-22 10:01:56,3642.85,45417
2021-06-22 10:01:57,3642.85,45417
2021-06-22 10:01:57,3642.85,45417
2021-06-22 10:01:58,3642.85,45481
2021-06-22 10:02:00,3641.5,45486
2021-06-22 10:02:01,3643.0,45568
2021-06-22 10:02:02,3642.0,45569
2021-06-22 10:02:03,3642.0,45569
2021-06-22 10:02:04,3642.0,45583
2021-06-22 10:02:05,3642.0,45583
2021-06-22 10:02:06,3642.0,45638
2021-06-22 10:02:08,3642.0,45654
2021-06-22 10:02:09,3642.0,45654
2021-06-22 10:02:10,3642.95,45655
2021-06-22 10:02:11,3642.95,45655
2021-06-22 10:02:12,3642.95,45655
2021-06-22 10:02:14,3642.1,45660
2021-06-22 10:02:15,3642.95,45661
2021-06-22 10:02:16,3642.95,45661
2021-06-22 10:02:17,3642.95,45661
2021-06-22 10:02:18,3642.95,45661
2021-06-22 10:02:19,3642.95,45661
2021-06-22 10:02:20,3642.95,45662
2021-06-22 10:02:21,3642.95,45662
2021-06-22 10:02:23,3642.95,45662
2021-06-22 10:02:25,3642.95,45665
2021-06-22 10:02:26,3642.95,45665
2021-06-22 10:02:27,3642.95,45665
2021-06-22 10:02:30,3642.95,45665
2021-06-22 10:02:30,3642.95,45665
2021-06-22 10:02:31,3642.95,45665
2021-06-22 10:02:32,3642.95,45665
2021-06-22 10:02:34,3642.95,45665
2021-06-22 10:02:35,3642.95,45665
2021-06-22 10:02:36,3642.95,45665
2021-06-22 10:02:37,3643.7,45690
2021-06-22 10:02:38,3643.7,45690
2021-06-22 10:02:39,3643.15,45693
2021-06-22 10:02:40,3643.15,45694
2021-06-22 10:02:41,3643.15,45707
2021-06-22 10:02:41,3643.15,45717
2021-06-22 10:02:43,3644.0,45724
2021-06-22 10:02:44,3643.15,45727
2021-06-22 10:02:45,3643.15,45727
2021-06-22 10:02:46,3643.15,45727
2021-06-22 10:02:47,3643.15,45728
2021-06-22 10:02:48,3644.55,45778
2021-06-22 10:02:49,3644.55,45778
2021-06-22 10:02:50,3644.55,45778
2021-06-22 10:02:51,3644.55,45778
2021-06-22 10:02:52,3644.35,45806
2021-06-22 10:02:53,3643.15,45808
2021-06-22 10:02:54,3643.15,45814
2021-06-22 10:02:55,3643.15,45814
2021-06-22 10:02:56,3643.55,45817
2021-06-22 10:02:57,3643.55,45817
2021-06-22 10:02:59,3643.55,45818
2021-06-22 10:02:58,3643.55,45818
2021-06-22 10:03:00,3643.55,45823
2021-06-22 10:03:01,3643.55,45823
2021-06-22 10:03:02,3644.45,45833
2021-06-22 10:03:04,3644.45,45833
2021-06-22 10:03:05,3644.45,45833
2021-06-22 10:03:06,3644.45,45833
2021-06-22 10:03:07,3643.55,45853
2021-06-22 10:03:08,3644.25,45873
2021-06-22 10:03:09,3644.25,45873
2021-06-22 10:03:10,3644.25,45873
2021-06-22 10:03:11,3644.25,45873
2021-06-22 10:03:12,3644.1,45903
2021-06-22 10:03:13,3644.1,45903
2021-06-22 10:03:14,3643.8,45907
2021-06-22 10:03:15,3643.8,45923
2021-06-22 10:03:16,3643.8,45928
2021-06-22 10:03:17,3643.8,45928
2021-06-22 10:03:18,3643.8,45928
2021-06-22 10:03:19,3643.8,45928
2021-06-22 10:03:20,3643.8,45928
2021-06-22 10:03:21,3643.8,45928
2021-06-22 10:03:23,3643.8,45928
2021-06-22 10:03:24,3643.8,45928
2021-06-22 10:03:25,3644.0,45943
2021-06-22 10:03:28,3644.0,45943
2021-06-22 10:03:29,3644.85,45980
2021-06-22 10:03:30,3644.85,45980
2021-06-22 10:03:31,3644.85,45980
2021-06-22 10:03:33,3644.4,45982
2021-06-22 10:03:34,3644.4,45983
2021-06-22 10:03:35,3644.4,45983
2021-06-22 10:03:36,3644.4,45983
2021-06-22 10:03:37,3644.4,45983
2021-06-22 10:03:39,3644.4,45983
2021-06-22 10:03:40,3644.7,46053
2021-06-22 10:03:41,3644.7,46053
2021-06-22 10:03:42,3644.4,46057
2021-06-22 10:03:43,3644.4,46059
2021-06-22 10:03:44,3644.4,46059
2021-06-22 10:03:46,3644.7,46084
2021-06-22 10:03:47,3644.7,46084
2021-06-22 10:03:48,3644.0,46186
2021-06-22 10:03:49,3644.0,46193
2021-06-22 10:03:51,3644.0,46193
2021-06-22 10:03:52,3644.0,46193
2021-06-22 10:03:53,3644.0,46202
2021-06-22 10:03:54,3644.0,46202
2021-06-22 10:03:55,3644.0,46202
2021-06-22 10:03:56,3644.55,46204
2021-06-22 10:03:57,3644.0,46215
2021-06-22 10:03:58,3644.0,46215
2021-06-22 10:03:59,3644.0,46215
2021-06-22 10:04:00,3644.0,46217
2021-06-22 10:04:01,3644.0,46219
2021-06-22 10:04:02,3644.0,46219
2021-06-22 10:04:03,3644.0,46219
2021-06-22 10:04:04,3644.0,46219
2021-06-22 10:04:05,3642.05,46249
2021-06-22 10:04:06,3642.1,46251
2021-06-22 10:04:07,3642.1,46251
2021-06-22 10:04:08,3643.75,46253
2021-06-22 10:04:10,3643.75,46253
2021-06-22 10:04:11,3643.75,46253
2021-06-22 10:04:13,3643.75,46253
2021-06-22 10:04:14,3643.6,46254
2021-06-22 10:04:15,3643.6,46254
2021-06-22 10:04:16,3643.6,46254
2021-06-22 10:04:17,3643.45,46255
2021-06-22 10:04:18,3643.45,46256
2021-06-22 10:04:21,3643.45,46257
2021-06-22 10:04:22,3643.3,46260
2021-06-22 10:04:24,3643.3,46262
2021-06-22 10:04:25,3643.3,46262
2021-06-22 10:04:26,3643.3,46262
2021-06-22 10:04:27,3643.3,46262
2021-06-22 10:04:28,3643.3,46262
2021-06-22 10:04:29,3643.3,46262
2021-06-22 10:04:30,3643.3,46262
2021-06-22 10:04:31,3641.1,46462
2021-06-22 10:04:32,3641.55,46476
2021-06-22 10:04:33,3641.55,46476
2021-06-22 10:04:34,3641.55,46476
2021-06-22 10:04:35,3641.55,46505
2021-06-22 10:04:36,3641.45,46535
2021-06-22 10:04:37,3641.45,46535
2021-06-22 10:04:38,3641.45,46554
2021-06-22 10:04:40,3641.45,46554
2021-06-22 10:04:41,3643.6,46594
2021-06-22 10:04:42,3641.8,46602
2021-06-22 10:04:43,3641.6,46604
2021-06-22 10:04:44,3641.6,46604
2021-06-22 10:04:45,3641.6,46604
2021-06-22 10:04:46,3641.6,46604
2021-06-22 10:04:47,3641.6,46604
2021-06-22 10:04:48,3641.6,46604
2021-06-22 10:04:49,3641.6,46604
2021-06-22 10:04:50,3643.5,46629
2021-06-22 10:04:51,3643.5,46629
2021-06-22 10:04:52,3643.5,46629
2021-06-22 10:04:54,3643.45,46641
2021-06-22 10:04:54,3642.25,46642
2021-06-22 10:04:55,3642.25,46642
2021-06-22 10:04:56,3642.25,46642
2021-06-22 10:04:57,3642.25,46642
2021-06-22 10:04:58,3642.25,46642
2021-06-22 10:04:59,3643.8,46643
2021-06-22 10:05:00,3642.45,46644
2021-06-22 10:05:01,3643.8,46645
2021-06-22 10:05:02,3643.8,46645
2021-06-22 10:05:03,3643.8,46645
2021-06-22 10:05:05,3643.8,46645
2021-06-22 10:05:06,3642.5,46647
2021-06-22 10:05:08,3642.5,46652
2021-06-22 10:05:09,3642.5,46652
2021-06-22 10:05:09,3642.5,46652
2021-06-22 10:05:10,3642.5,46662
2021-06-22 10:05:12,3642.5,46669
2021-06-22 10:05:15,3642.4,46673
2021-06-22 10:05:16,3642.35,46694
2021-06-22 10:05:17,3642.35,46694
2021-06-22 10:05:17,3642.35,46694
2021-06-22 10:05:18,3642.35,46694
2021-06-22 10:05:20,3642.35,46702
2021-06-22 10:05:22,3642.35,46702
2021-06-22 10:05:23,3642.35,46778
2021-06-22 10:05:24,3642.35,46778
2021-06-22 10:05:25,3642.35,46779
2021-06-22 10:05:26,3642.35,46779
2021-06-22 10:05:28,3642.35,46779
2021-06-22 10:05:29,3642.35,46779
2021-06-22 10:05:30,3642.5,46782
2021-06-22 10:05:31,3642.5,46782
2021-06-22 10:05:32,3642.5,46782
2021-06-22 10:05:34,3642.5,46782
2021-06-22 10:05:36,3642.35,46784
2021-06-22 10:05:37,3643.45,46814
2021-06-22 10:05:39,3645.0,47014
2021-06-22 10:05:39,3643.5,47028
2021-06-22 10:05:40,3643.5,47028
2021-06-22 10:05:41,3643.5,47028
2021-06-22 10:05:42,3644.75,47029
2021-06-22 10:05:44,3643.5,47030
2021-06-22 10:05:45,3643.5,47030
2021-06-22 10:05:46,3643.5,47030
2021-06-22 10:05:46,3643.5,47030
2021-06-22 10:05:47,3643.5,47030
2021-06-22 10:05:48,3643.5,47030
2021-06-22 10:05:49,3643.5,47030
2021-06-22 10:05:50,3644.65,47033
2021-06-22 10:05:51,3644.65,47033
2021-06-22 10:05:52,3644.65,47033
2021-06-22 10:05:53,3645.9,47087
2021-06-22 10:05:55,3644.75,47088
2021-06-22 10:05:56,3645.85,47089
2021-06-22 10:05:57,3645.85,47089
2021-06-22 10:05:58,3645.25,47197
2021-06-22 10:05:58,3645.85,47189
2021-06-22 10:05:59,3645.25,47197
2021-06-22 10:06:00,3645.85,47199
2021-06-22 10:06:01,3645.7,47255
2021-06-22 10:06:03,3645.7,47261
2021-06-22 10:06:04,3645.7,47266
2021-06-22 10:06:05,3645.7,47266
2021-06-22 10:06:06,3645.65,47279
2021-06-22 10:06:07,3645.85,47280
2021-06-22 10:06:08,3645.85,47284
2021-06-22 10:06:09,3645.85,47287
2021-06-22 10:06:10,3645.85,47289
2021-06-22 10:06:11,3645.85,47289
2021-06-22 10:06:12,3645.45,47310
2021-06-22 10:06:13,3645.45,47310
2021-06-22 10:06:14,3645.45,47324
2021-06-22 10:06:15,3646.0,47355
2021-06-22 10:06:17,3646.1,47423
2021-06-22 10:06:17,3646.1,47430
2021-06-22 10:06:18,3646.5,47432
2021-06-22 10:06:19,3646.35,47434
2021-06-22 10:06:20,3646.35,47434
2021-06-22 10:06:21,3646.5,47442
2021-06-22 10:06:22,3646.45,47445
2021-06-22 10:06:23,3646.45,47445
2021-06-22 10:06:24,3646.45,47445
2021-06-22 10:06:25,3646.45,47445
2021-06-22 10:06:26,3646.5,47505
2021-06-22 10:06:27,3645.2,47509
2021-06-22 10:06:28,3645.0,47570
2021-06-22 10:06:29,3644.6,47574
2021-06-22 10:06:30,3644.6,47575
2021-06-22 10:06:32,3644.6,47582
2021-06-22 10:06:32,3644.6,47582
2021-06-22 10:06:33,3644.6,47582
2021-06-22 10:06:34,3643.0,47583
2021-06-22 10:06:35,3643.0,47583
2021-06-22 10:06:37,3643.0,47583
2021-06-22 10:06:40,3643.0,47588
2021-06-22 10:06:43,3643.0,47589
2021-06-22 10:06:46,3643.8,47623
2021-06-22 10:06:53,3643.8,47652
2021-06-22 10:06:56,3643.8,47672
2021-06-22 10:06:59,3643.8,47672
2021-06-22 10:07:03,3644.45,47673
2021-06-22 10:07:06,3643.8,47683
2021-06-22 10:07:09,3643.0,47690
2021-06-22 10:07:12,3644.35,47694
2021-06-22 10:07:16,3644.0,47704
2021-06-22 10:07:19,3643.8,47709
2021-06-22 10:07:23,3643.4,47711
2021-06-22 10:07:26,3643.4,47711
2021-06-22 10:07:29,3643.0,47797
2021-06-22 10:07:32,3643.0,47797
2021-06-22 10:07:35,3643.0,47801
2021-06-22 10:07:39,3642.5,47808
2021-06-22 10:07:42,3643.0,47839
2021-06-22 10:07:45,3643.0,47851
2021-06-22 10:07:51,3643.0,47852
2021-06-22 10:07:54,3643.0,47852
2021-06-22 10:07:57,3642.55,47871
2021-06-22 10:08:00,3642.55,47871
2021-06-22 10:08:03,3643.0,47889
2021-06-22 10:08:06,3643.0,47892
2021-06-22 10:08:09,3643.0,47892
2021-06-22 10:08:12,3643.0,47892
2021-06-22 10:08:15,3643.0,47892
2021-06-22 10:08:18,3643.0,47892
2021-06-22 10:08:21,3643.4,47895
2021-06-22 10:08:24,3643.0,47931
2021-06-22 10:08:27,3643.0,47931
2021-06-22 10:08:30,3643.0,47933
2021-06-22 10:08:33,3643.0,47950
2021-06-22 10:08:36,3642.8,47954
2021-06-22 10:08:42,3642.8,47954
2021-06-22 10:08:45,3642.8,48022
2021-06-22 10:08:48,3642.8,48038
2021-06-22 10:08:52,3643.0,48045
2021-06-22 10:08:56,3643.0,48071
2021-06-22 10:08:59,3642.8,48075
2021-06-22 10:09:02,3642.55,48079
2021-06-22 10:09:08,3643.0,48116
2021-06-22 10:09:11,3642.05,48119
2021-06-22 10:09:14,3642.05,48120
2021-06-22 10:09:17,3642.0,48154
2021-06-22 10:09:20,3642.05,48168
2021-06-22 10:09:24,3641.5,48229
2021-06-22 10:09:31,3640.65,49116
2021-06-22 10:09:35,3638.0,50004
2021-06-22 10:09:38,3637.5,50480
2021-06-22 10:09:42,3637.6,50524
2021-06-22 10:09:45,3636.35,50609
2021-06-22 10:09:49,3636.05,50662
2021-06-22 10:09:52,3637.5,50796
2021-06-22 10:09:55,3638.35,50823
2021-06-22 10:10:01,3638.3,50836
2021-06-22 10:10:04,3638.3,50836
2021-06-22 10:10:07,3638.45,50849
2021-06-22 10:10:10,3638.15,50850
2021-06-22 10:10:13,3638.15,50850
2021-06-22 10:10:17,3638.3,50931
2021-06-22 10:10:20,3639.25,50957
2021-06-22 10:10:23,3640.0,51057
2021-06-22 10:10:26,3640.15,51066
2021-06-22 10:10:32,3640.25,51086
2021-06-22 10:10:35,3640.25,51088
2021-06-22 10:10:42,3640.2,51091
2021-06-22 10:10:45,3640.15,51152
2021-06-22 10:10:48,3640.15,51192
2021-06-22 10:10:51,3640.1,51251
2021-06-22 10:10:58,3641.0,51372
2021-06-22 10:11:01,3641.6,51375
2021-06-22 10:11:05,3641.6,51379
2021-06-22 10:11:08,3641.0,51401
2021-06-22 10:11:11,3641.6,51408
2021-06-22 10:11:15,3641.6,51408
2021-06-22 10:11:17,3641.0,51413
2021-06-22 10:11:20,3641.6,51465
2021-06-22 10:11:24,3641.6,51474
2021-06-22 10:11:26,3641.6,51475
2021-06-22 10:11:29,3641.6,51476
2021-06-22 10:11:33,3641.6,51476
2021-06-22 10:11:36,3641.6,51476
2021-06-22 10:11:38,3641.6,51476
2021-06-22 10:11:39,3641.6,51476
2021-06-22 10:11:40,3641.6,51476
2021-06-22 10:11:40,3641.6,51476
2021-06-22 10:11:42,3641.6,51476
2021-06-22 10:11:43,3641.6,51476
2021-06-22 10:11:43,3641.0,51477
2021-06-22 10:11:44,3641.0,51477
2021-06-22 10:11:46,3641.0,51477
2021-06-22 10:11:47,3641.0,51477
2021-06-22 10:11:48,3641.0,51477
2021-06-22 10:11:48,3641.0,51477
2021-06-22 10:11:50,3641.0,51482
2021-06-22 10:11:54,3641.0,51482
2021-06-22 10:11:55,3641.0,51482
2021-06-22 10:11:57,3641.3,51483
2021-06-22 10:11:58,3641.0,51484
2021-06-22 10:12:00,3641.0,51484
2021-06-22 10:12:01,3640.0,51669
2021-06-22 10:12:03,3639.95,51685
2021-06-22 10:12:04,3639.95,51685
2021-06-22 10:12:05,3638.0,51885
2021-06-22 10:12:06,3639.0,51923
2021-06-22 10:12:06,3639.0,51923
2021-06-22 10:12:07,3639.0,51923
2021-06-22 10:12:09,3638.0,51973
2021-06-22 10:12:10,3638.0,51980
2021-06-22 10:12:10,3638.5,51981
2021-06-22 10:12:12,3638.5,51981
2021-06-22 10:12:13,3638.0,51990
2021-06-22 10:12:14,3638.0,52485
2021-06-22 10:12:15,3637.4,52587
2021-06-22 10:12:16,3638.85,52798
2021-06-22 10:12:17,3638.85,52813
2021-06-22 10:12:18,3637.0,52814
2021-06-22 10:12:20,3637.0,52814
2021-06-22 10:12:21,3638.85,52815
2021-06-22 10:12:22,3638.85,52815
2021-06-22 10:12:23,3638.85,52815
2021-06-22 10:12:24,3638.85,52815
2021-06-22 10:12:27,3639.0,52816
2021-06-22 10:12:28,3639.0,52816
2021-06-22 10:12:29,3639.0,52816
2021-06-22 10:12:30,3639.0,52816
2021-06-22 10:12:30,3638.8,52829
2021-06-22 10:12:33,3638.8,52834
2021-06-22 10:12:33,3638.8,52834
2021-06-22 10:12:35,3638.8,52835
2021-06-22 10:12:36,3638.8,52836
2021-06-22 10:12:37,3638.8,52836
2021-06-22 10:12:38,3638.8,52836
2021-06-22 10:12:39,3638.2,52837
2021-06-22 10:12:40,3638.8,52888
2021-06-22 10:12:41,3638.8,52888
2021-06-22 10:12:41,3638.65,52890
2021-06-22 10:12:42,3638.65,52890
2021-06-22 10:12:43,3639.9,52891
2021-06-22 10:12:45,3639.9,52891
2021-06-22 10:12:46,3639.9,52891
2021-06-22 10:12:47,3639.9,52891
2021-06-22 10:12:48,3639.8,52901
2021-06-22 10:12:49,3640.1,52969
2021-06-22 10:12:49,3638.7,52973
2021-06-22 10:12:50,3638.7,52973
2021-06-22 10:12:51,3638.7,52973
2021-06-22 10:12:53,3638.7,52973
2021-06-22 10:12:53,3638.7,52974
2021-06-22 10:12:56,3638.7,52974
2021-06-22 10:12:57,3638.7,52974
2021-06-22 10:12:57,3641.0,53030
2021-06-22 10:12:58,3641.0,53030
2021-06-22 10:13:00,3641.6,53032
2021-06-22 10:13:01,3641.6,53032
2021-06-22 10:13:02,3642.0,53036
2021-06-22 10:13:03,3642.0,53036
2021-06-22 10:13:04,3642.0,53036
2021-06-22 10:13:04,3642.0,53036
2021-06-22 10:13:05,3642.0,53036
2021-06-22 10:13:07,3642.0,53036
2021-06-22 10:13:08,3642.0,53136
2021-06-22 10:13:08,3642.0,53142
2021-06-22 10:13:09,3642.0,53142
2021-06-22 10:13:11,3642.0,53143
2021-06-22 10:13:12,3642.8,53145
2021-06-22 10:13:12,3642.0,53146
2021-06-22 10:13:13,3642.0,53146
2021-06-22 10:13:15,3642.0,53146
2021-06-22 10:13:16,3642.0,53146
2021-06-22 10:13:17,3642.0,53146
2021-06-22 10:13:18,3642.0,53146
2021-06-22 10:13:19,3642.0,53146
2021-06-22 10:13:20,3642.0,53146
2021-06-22 10:13:21,3642.0,53146
2021-06-22 10:13:22,3642.0,53146
2021-06-22 10:13:24,3641.0,53155
2021-06-22 10:13:25,3641.0,53155
2021-06-22 10:13:25,3641.0,53155
2021-06-22 10:13:26,3641.0,53155
2021-06-22 10:13:27,3641.0,53155
2021-06-22 10:13:29,3641.0,53155
2021-06-22 10:13:30,3641.0,53157
2021-06-22 10:13:31,3641.0,53157
2021-06-22 10:13:32,3641.0,53157
2021-06-22 10:13:33,3641.0,53157
2021-06-22 10:13:35,3641.0,53157
2021-06-22 10:13:36,3641.0,53157
2021-06-22 10:13:37,3641.0,53157
2021-06-22 10:13:39,3641.0,53159
2021-06-22 10:13:38,3641.0,53159
2021-06-22 10:13:40,3641.0,53159
2021-06-22 10:13:41,3641.0,53159
2021-06-22 10:13:42,3641.0,53159
2021-06-22 10:13:43,3641.0,53159
2021-06-22 10:13:44,3641.0,53160
2021-06-22 10:13:45,3641.45,53161
2021-06-22 10:13:46,3641.45,53161
2021-06-22 10:13:47,3641.45,53161
2021-06-22 10:13:48,3641.45,53161
2021-06-22 10:13:50,3641.0,53164
2021-06-22 10:13:51,3641.0,53164
2021-06-22 10:13:52,3640.6,53650
2021-06-22 10:13:53,3640.6,53664
2021-06-22 10:13:54,3640.35,53684
2021-06-22 10:13:55,3640.35,53684
2021-06-22 10:13:56,3640.35,53684
2021-06-22 10:13:57,3640.35,53684
2021-06-22 10:13:58,3640.8,53687
2021-06-22 10:13:59,3640.8,53687
2021-06-22 10:14:00,3640.8,53687
2021-06-22 10:14:01,3640.8,53687
2021-06-22 10:14:02,3641.0,53718
2021-06-22 10:14:03,3642.0,53719
2021-06-22 10:14:04,3642.0,53719
2021-06-22 10:14:05,3642.0,53719
2021-06-22 10:14:06,3641.7,53729
2021-06-22 10:14:07,3641.7,53731
2021-06-22 10:14:08,3641.7,53731
2021-06-22 10:14:09,3641.7,53731
2021-06-22 10:14:10,3641.7,53731
2021-06-22 10:14:11,3642.0,53733
2021-06-22 10:14:13,3642.0,53733
2021-06-22 10:14:14,3641.7,53736
2021-06-22 10:14:15,3641.7,53736
2021-06-22 10:14:17,3641.7,53766
2021-06-22 10:14:18,3641.7,53766
2021-06-22 10:14:19,3641.8,53767
2021-06-22 10:14:20,3641.8,53767
2021-06-22 10:14:21,3641.45,53811
2021-06-22 10:14:22,3640.35,53817
2021-06-22 10:14:23,3641.8,53825
2021-06-22 10:14:24,3641.8,53825
2021-06-22 10:14:25,3641.8,53825
2021-06-22 10:14:27,3641.8,53825
2021-06-22 10:14:28,3641.8,53825
2021-06-22 10:14:30,3641.8,53825
2021-06-22 10:14:31,3641.8,53825
2021-06-22 10:14:32,3641.8,53825
2021-06-22 10:14:33,3641.8,53825
2021-06-22 10:14:34,3641.8,53825
2021-06-22 10:14:35,3641.75,53826
2021-06-22 10:14:36,3641.75,53826
2021-06-22 10:14:38,3641.75,53826
2021-06-22 10:14:39,3641.75,53826
2021-06-22 10:14:40,3640.35,53827
2021-06-22 10:14:41,3640.35,53827
2021-06-22 10:14:42,3640.35,53827
2021-06-22 10:14:43,3640.35,53827
2021-06-22 10:14:44,3640.35,53828
2021-06-22 10:14:45,3641.05,53858
2021-06-22 10:14:46,3641.05,53858
2021-06-22 10:14:47,3640.35,53916
2021-06-22 10:14:48,3640.35,53922
2021-06-22 10:14:49,3640.35,53926
2021-06-22 10:14:50,3640.35,53926
2021-06-22 10:14:51,3640.35,53926
2021-06-22 10:14:52,3640.6,53946
2021-06-22 10:14:53,3640.0,53948
2021-06-22 10:14:54,3640.0,53948
2021-06-22 10:14:58,3640.6,53957
2021-06-22 10:15:00,3639.9,53958
2021-06-22 10:14:59,3639.9,53958
2021-06-22 10:15:01,3639.9,53958
2021-06-22 10:15:02,3639.9,53958
2021-06-22 10:15:03,3639.9,53961
2021-06-22 10:15:04,3639.9,53961
2021-06-22 10:15:05,3639.9,53964
2021-06-22 10:15:06,3639.9,53964
2021-06-22 10:15:07,3639.9,53964
2021-06-22 10:15:09,3640.0,53983
2021-06-22 10:15:10,3640.0,53987
2021-06-22 10:15:11,3640.0,53987
2021-06-22 10:15:12,3640.0,53987
2021-06-22 10:15:13,3640.0,53987
2021-06-22 10:15:14,3639.6,53989
2021-06-22 10:15:15,3639.6,53989
2021-06-22 10:15:16,3639.6,53989
2021-06-22 10:15:17,3640.0,53990
2021-06-22 10:15:18,3640.0,53995
2021-06-22 10:15:19,3640.0,53995
2021-06-22 10:15:20,3640.0,53995
2021-06-22 10:15:21,3640.0,53995
2021-06-22 10:15:22,3640.0,53995
2021-06-22 10:15:23,3640.0,53995
2021-06-22 10:15:24,3640.0,54015
2021-06-22 10:15:25,3639.6,54029
2021-06-22 10:15:26,3639.6,54030
2021-06-22 10:15:27,3639.0,54032
2021-06-22 10:15:28,3639.0,54032
2021-06-22 10:15:29,3639.95,54036
2021-06-22 10:15:30,3639.95,54036
2021-06-22 10:15:31,3639.95,54036
2021-06-22 10:15:32,3639.95,54036
2021-06-22 10:15:33,3639.95,54036
2021-06-22 10:15:34,3638.2,54040
2021-06-22 10:15:35,3638.2,54040
2021-06-22 10:15:36,3638.2,54040
2021-06-22 10:15:37,3639.9,54041
2021-06-22 10:15:38,3639.9,54042
2021-06-22 10:15:39,3640.0,54073
2021-06-22 10:15:40,3640.0,54077
2021-06-22 10:15:42,3640.0,54077
2021-06-22 10:15:42,3640.0,54077
2021-06-22 10:15:44,3640.0,54078
2021-06-22 10:15:46,3639.0,54083
2021-06-22 10:15:49,3640.0,54201
2021-06-22 10:15:50,3640.0,54201
2021-06-22 10:15:51,3640.0,54201
2021-06-22 10:15:52,3640.0,54201
2021-06-22 10:15:53,3639.05,54205
2021-06-22 10:15:55,3640.0,54210
2021-06-22 10:15:57,3640.0,54210
2021-06-22 10:16:00,3640.0,54224
2021-06-22 10:16:02,3640.0,54224
2021-06-22 10:16:03,3640.0,54229
2021-06-22 10:16:05,3638.85,54284
2021-06-22 10:16:06,3638.85,54284
2021-06-22 10:16:07,3638.85,54284
2021-06-22 10:16:08,3638.85,54284
2021-06-22 10:16:09,3639.4,54285
2021-06-22 10:16:10,3639.4,54285
2021-06-22 10:16:11,3639.4,54285
2021-06-22 10:16:12,3639.4,54285
2021-06-22 10:16:13,3639.4,54285
2021-06-22 10:16:14,3638.8,54286
2021-06-22 10:16:15,3638.8,54286
2021-06-22 10:16:16,3638.8,54286
2021-06-22 10:16:17,3639.4,54288
2021-06-22 10:16:18,3638.8,54298
2021-06-22 10:16:19,3638.8,54298
2021-06-22 10:16:22,3639.4,54323
2021-06-22 10:16:23,3639.05,54326
2021-06-22 10:16:24,3639.05,54326
2021-06-22 10:16:25,3639.4,54327
2021-06-22 10:16:27,3639.4,54327
2021-06-22 10:16:29,3639.4,54327
2021-06-22 10:16:30,3639.4,54328
2021-06-22 10:16:33,3639.4,54328
2021-06-22 10:16:34,3639.4,54328
2021-06-22 10:16:35,3639.4,54328
2021-06-22 10:16:36,3639.4,54332
2021-06-22 10:16:37,3639.4,54332
2021-06-22 10:16:39,3639.4,54332
2021-06-22 10:16:42,3638.0,54408
2021-06-22 10:16:42,3638.0,54408
2021-06-22 10:16:44,3638.6,54431
2021-06-22 10:16:45,3638.6,54431
2021-06-22 10:16:46,3638.6,54431
2021-06-22 10:16:47,3639.0,54441
2021-06-22 10:16:48,3639.0,54441
2021-06-22 10:16:49,3639.0,54441
2021-06-22 10:16:50,3639.0,54441
2021-06-22 10:16:51,3639.0,54441
2021-06-22 10:16:52,3639.0,54441
2021-06-22 10:16:53,3639.0,54441
2021-06-22 10:16:54,3639.0,54441
2021-06-22 10:16:56,3639.0,54441
2021-06-22 10:16:56,3639.0,54441
2021-06-22 10:16:58,3637.2,54442
2021-06-22 10:16:58,3639.0,54441
2021-06-22 10:16:59,3637.2,54442
2021-06-22 10:17:00,3637.2,54442
2021-06-22 10:17:01,3637.2,54442
2021-06-22 10:17:02,3638.0,54443
2021-06-22 10:17:03,3638.0,54444
2021-06-22 10:17:04,3638.0,54444
2021-06-22 10:17:05,3638.0,54444
2021-06-22 10:17:06,3639.0,54513
2021-06-22 10:17:07,3638.85,54516
2021-06-22 10:17:08,3638.85,54516
2021-06-22 10:17:09,3638.85,54516
2021-06-22 10:17:11,3638.85,54516
2021-06-22 10:17:11,3638.9,54517
2021-06-22 10:17:12,3638.9,54517
2021-06-22 10:17:13,3638.9,54517
2021-06-22 10:17:14,3638.9,54517
2021-06-22 10:17:15,3640.0,54527
2021-06-22 10:17:17,3640.0,54527
2021-06-22 10:17:18,3640.0,54527
2021-06-22 10:17:19,3640.0,54527
2021-06-22 10:17:20,3640.0,54527
2021-06-22 10:17:21,3639.05,54530
2021-06-22 10:17:22,3640.0,54531
2021-06-22 10:17:23,3639.05,54536
2021-06-22 10:17:24,3639.05,54536
2021-06-22 10:17:25,3639.05,54536
2021-06-22 10:17:26,3639.05,54536
2021-06-22 10:17:28,3641.0,54636
2021-06-22 10:17:29,3639.2,54642
2021-06-22 10:17:30,3639.2,54642
2021-06-22 10:17:31,3639.2,54642
2021-06-22 10:17:32,3640.7,54643
2021-06-22 10:17:33,3639.2,54645
2021-06-22 10:17:35,3639.2,54645
2021-06-22 10:17:36,3639.2,54645
2021-06-22 10:17:36,3639.2,54645
2021-06-22 10:17:37,3640.7,54646
2021-06-22 10:17:38,3640.7,54646
2021-06-22 10:17:39,3640.7,54646
2021-06-22 10:17:40,3639.05,54688
2021-06-22 10:17:42,3638.85,54692
2021-06-22 10:17:43,3638.85,54692
2021-06-22 10:17:44,3638.85,54694
2021-06-22 10:17:45,3638.85,54694
2021-06-22 10:17:47,3638.85,54694
2021-06-22 10:17:48,3638.85,54694
2021-06-22 10:17:49,3638.85,54694
2021-06-22 10:17:50,3638.85,54694
2021-06-22 10:17:52,3638.85,54694
2021-06-22 10:17:54,3638.85,54696
2021-06-22 10:17:55,3638.85,54696
2021-06-22 10:17:57,3638.85,54696
2021-06-22 10:17:58,3638.85,54696
2021-06-22 10:17:59,3638.85,54696
2021-06-22 10:18:00,3638.85,54696
2021-06-22 10:18:01,3638.85,54696
2021-06-22 10:18:03,3639.0,54697
2021-06-22 10:18:04,3639.0,54697
2021-06-22 10:18:04,3639.0,54700
2021-06-22 10:18:05,3638.85,54701
2021-06-22 10:18:06,3638.85,54701
2021-06-22 10:18:07,3638.85,54701
2021-06-22 10:18:08,3638.85,54702
2021-06-22 10:18:10,3638.85,54702
2021-06-22 10:18:11,3638.85,54702
2021-06-22 10:18:12,3638.85,54702
2021-06-22 10:18:13,3638.85,54702
2021-06-22 10:18:13,3638.75,54704
2021-06-22 10:18:15,3638.75,54704
2021-06-22 10:18:16,3638.75,54704
2021-06-22 10:18:20,3638.75,54704
2021-06-22 10:18:22,3638.75,54704
2021-06-22 10:18:23,3638.75,54707
2021-06-22 10:18:25,3638.75,54707
2021-06-22 10:18:28,3639.8,54773
2021-06-22 10:18:29,3639.8,54773
2021-06-22 10:18:30,3639.8,54773
2021-06-22 10:18:31,3639.8,54774
2021-06-22 10:18:32,3639.8,54774
2021-06-22 10:18:33,3639.8,54775
2021-06-22 10:18:34,3639.8,54775
2021-06-22 10:18:35,3639.8,54775
2021-06-22 10:18:35,3639.8,54775
2021-06-22 10:18:36,3639.8,54775
2021-06-22 10:18:37,3639.8,54775
2021-06-22 10:18:38,3639.8,54775
2021-06-22 10:18:39,3639.8,54775
2021-06-22 10:18:40,3640.0,54776
2021-06-22 10:18:41,3640.0,54776
2021-06-22 10:18:42,3640.0,54776
2021-06-22 10:18:43,3640.0,54779
2021-06-22 10:18:44,3640.0,54779
2021-06-22 10:18:45,3640.0,54779
2021-06-22 10:18:48,3640.0,54779
2021-06-22 10:18:49,3640.0,54779
2021-06-22 10:18:49,3640.0,54779
2021-06-22 10:18:50,3641.05,54809
2021-06-22 10:18:51,3641.05,54809
2021-06-22 10:18:52,3641.05,54809
2021-06-22 10:18:53,3641.05,54809
2021-06-22 10:18:54,3641.05,54809
2021-06-22 10:18:55,3641.05,54809
2021-06-22 10:18:56,3641.05,54809
2021-06-22 10:18:57,3640.9,54819
2021-06-22 10:18:58,3640.9,54820
2021-06-22 10:18:59,3640.9,54820
2021-06-22 10:19:00,3639.8,54821
2021-06-22 10:19:01,3640.95,54831
2021-06-22 10:19:03,3640.95,54831
2021-06-22 10:19:04,3640.95,54831
2021-06-22 10:19:04,3640.95,54831
2021-06-22 10:19:06,3640.95,54831
2021-06-22 10:19:07,3640.95,54831
2021-06-22 10:19:08,3640.95,54831
2021-06-22 10:19:09,3640.95,54831
2021-06-22 10:19:10,3640.95,54831
2021-06-22 10:19:12,3640.75,54835
2021-06-22 10:19:13,3640.75,54835
2021-06-22 10:19:14,3640.75,54835
2021-06-22 10:19:15,3640.75,54835
2021-06-22 10:19:16,3640.75,54835
2021-06-22 10:19:17,3640.75,54835
2021-06-22 10:19:19,3640.75,54835
2021-06-22 10:19:20,3640.75,54835
2021-06-22 10:19:21,3640.75,54835
2021-06-22 10:19:24,3640.75,54835
2021-06-22 10:19:25,3640.75,54835
2021-06-22 10:19:26,3640.75,54835
2021-06-22 10:19:27,3640.75,54835
2021-06-22 10:19:28,3640.75,54835
2021-06-22 10:19:29,3640.75,54835
2021-06-22 10:19:30,3640.75,54835
2021-06-22 10:19:31,3640.75,54835
2021-06-22 10:19:32,3640.75,54835
2021-06-22 10:19:33,3640.75,54835
2021-06-22 10:19:35,3640.4,54845
2021-06-22 10:19:34,3640.75,54835
2021-06-22 10:19:36,3640.4,54845
2021-06-22 10:19:37,3640.4,54846
2021-06-22 10:19:39,3640.4,54846
2021-06-22 10:19:40,3640.4,54846
2021-06-22 10:19:40,3640.4,54851
2021-06-22 10:19:42,3640.4,54851
2021-06-22 10:19:43,3640.4,54851
2021-06-22 10:19:45,3641.65,54853
2021-06-22 10:19:46,3641.65,54854
2021-06-22 10:19:47,3642.15,54958
2021-06-22 10:19:48,3641.0,54962
2021-06-22 10:19:49,3641.0,54962
2021-06-22 10:19:50,3640.85,54964
2021-06-22 10:19:51,3640.85,54964
2021-06-22 10:19:52,3640.85,54964
2021-06-22 10:19:53,3640.85,54964
2021-06-22 10:19:55,3641.45,55001
2021-06-22 10:19:57,3641.45,55001
2021-06-22 10:19:58,3641.45,55001
2021-06-22 10:19:58,3641.45,55001
2021-06-22 10:19:59,3641.45,55001
2021-06-22 10:20:00,3641.45,55001
2021-06-22 10:20:01,3641.45,55001
2021-06-22 10:20:04,3642.35,55002
2021-06-22 10:20:05,3642.35,55002
2021-06-22 10:20:06,3642.35,55002
2021-06-22 10:20:08,3641.9,55017
2021-06-22 10:20:10,3641.5,55103
2021-06-22 10:20:11,3641.7,55117
2021-06-22 10:20:12,3640.2,55121
2021-06-22 10:20:14,3640.1,55124
2021-06-22 10:20:15,3641.7,55125
2021-06-22 10:20:16,3641.7,55125
2021-06-22 10:20:17,3641.7,55125
2021-06-22 10:20:18,3641.7,55125
2021-06-22 10:20:19,3641.7,55125
2021-06-22 10:20:22,3641.7,55125
2021-06-22 10:20:23,3640.6,55128
2021-06-22 10:20:24,3640.6,55128
2021-06-22 10:20:25,3640.6,55128
2021-06-22 10:20:28,3640.6,55128
2021-06-22 10:20:29,3640.6,55128
2021-06-22 10:20:30,3640.6,55128
2021-06-22 10:20:31,3640.6,55128
2021-06-22 10:20:33,3640.6,55128
2021-06-22 10:20:34,3642.2,55153
2021-06-22 10:20:35,3642.2,55163
2021-06-22 10:20:36,3642.2,55163
2021-06-22 10:20:38,3642.2,55166
2021-06-22 10:20:39,3642.2,55166
2021-06-22 10:20:40,3642.3,55170
2021-06-22 10:20:42,3642.3,55170
2021-06-22 10:20:47,3642.3,55170
2021-06-22 10:20:48,3642.3,55170
2021-06-22 10:20:49,3642.3,55170
2021-06-22 10:20:50,3642.3,55170
2021-06-22 10:20:53,3642.3,55170
2021-06-22 10:20:54,3642.3,55170
2021-06-22 10:20:56,3642.3,55170
2021-06-22 10:20:58,3641.05,55173
2021-06-22 10:20:59,3641.05,55173
2021-06-22 10:21:00,3641.05,55173
2021-06-22 10:21:01,3641.05,55173
2021-06-22 10:21:02,3641.05,55173
2021-06-22 10:21:03,3641.05,55173
2021-06-22 10:21:04,3641.05,55195
2021-06-22 10:21:04,3641.05,55195
2021-06-22 10:21:05,3641.05,55195
2021-06-22 10:21:06,3641.05,55195
2021-06-22 10:21:07,3641.05,55195
2021-06-22 10:21:09,3641.05,55195
2021-06-22 10:21:10,3641.05,55195
2021-06-22 10:21:11,3641.05,55195
2021-06-22 10:21:12,3641.4,55197
2021-06-22 10:21:13,3641.4,55197
2021-06-22 10:21:14,3641.4,55197
2021-06-22 10:21:15,3641.9,55217
2021-06-22 10:21:15,3641.9,55217
2021-06-22 10:21:16,3641.9,55217
2021-06-22 10:21:17,3641.9,55217
2021-06-22 10:21:18,3641.9,55217
2021-06-22 10:21:19,3641.9,55217
2021-06-22 10:21:20,3641.9,55217
2021-06-22 10:21:22,3640.85,55218
2021-06-22 10:21:23,3640.85,55218
2021-06-22 10:21:26,3641.9,55268
2021-06-22 10:21:27,3641.9,55268
2021-06-22 10:21:29,3641.9,55268
2021-06-22 10:21:30,3641.9,55268
2021-06-22 10:21:31,3641.9,55268
2021-06-22 10:21:32,3641.9,55269
2021-06-22 10:21:34,3641.9,55269
2021-06-22 10:21:35,3641.9,55269
2021-06-22 10:21:36,3642.0,55304
2021-06-22 10:21:36,3642.0,55304
2021-06-22 10:21:37,3640.8,55346
2021-06-22 10:21:39,3640.8,55354
2021-06-22 10:21:40,3640.8,55354
2021-06-22 10:21:40,3640.8,55354
2021-06-22 10:21:41,3640.8,55354
2021-06-22 10:21:42,3641.9,55355
2021-06-22 10:21:43,3642.0,55365
2021-06-22 10:21:44,3642.0,55365
2021-06-22 10:21:45,3642.0,55365
2021-06-22 10:21:46,3641.0,55384
2021-06-22 10:21:47,3641.0,55384
2021-06-22 10:21:48,3641.0,55385
2021-06-22 10:21:49,3642.0,55438
2021-06-22 10:21:50,3642.0,55438
2021-06-22 10:21:52,3642.3,55439
2021-06-22 10:21:53,3642.3,55439
2021-06-22 10:21:53,3642.3,55439
2021-06-22 10:21:54,3642.3,55439
2021-06-22 10:21:55,3642.65,55441
2021-06-22 10:21:57,3642.65,55441
2021-06-22 10:21:58,3642.45,55543
2021-06-22 10:21:59,3641.0,55553
2021-06-22 10:22:00,3641.2,55559
2021-06-22 10:22:01,3641.2,55559
2021-06-22 10:22:02,3641.2,55559
2021-06-22 10:22:03,3641.2,55559
2021-06-22 10:22:04,3641.2,55559
2021-06-22 10:22:05,3641.2,55564
2021-06-22 10:22:06,3641.2,55564
2021-06-22 10:22:07,3641.2,55564
2021-06-22 10:22:08,3641.2,55564
2021-06-22 10:22:08,3641.2,55564
2021-06-22 10:22:09,3641.2,55564
2021-06-22 10:22:11,3641.85,55566
2021-06-22 10:22:12,3641.85,55566
2021-06-22 10:22:12,3641.85,55566
2021-06-22 10:22:14,3641.2,55567
2021-06-22 10:22:15,3641.2,55567
2021-06-22 10:22:16,3641.2,55567
2021-06-22 10:22:19,3641.2,55567
2021-06-22 10:22:20,3641.2,55567
2021-06-22 10:22:21,3641.2,55567
2021-06-22 10:22:22,3642.0,55592
2021-06-22 10:22:23,3642.0,55594
2021-06-22 10:22:24,3642.0,55594
2021-06-22 10:22:25,3642.0,55594
2021-06-22 10:22:26,3642.0,55594
2021-06-22 10:22:27,3642.0,55594
2021-06-22 10:22:30,3642.0,55594
2021-06-22 10:22:32,3642.65,55595
2021-06-22 10:22:32,3642.0,55594
2021-06-22 10:22:34,3643.0,55625
2021-06-22 10:22:35,3643.0,55625
2021-06-22 10:22:38,3643.0,55625
2021-06-22 10:22:39,3643.0,55625
2021-06-22 10:22:41,3642.0,55626
2021-06-22 10:22:43,3642.0,55653
2021-06-22 10:22:42,3642.0,55653
2021-06-22 10:22:44,3642.0,55653
2021-06-22 10:22:45,3642.0,55657
2021-06-22 10:22:46,3642.0,55676
2021-06-22 10:22:47,3642.0,55676
2021-06-22 10:22:51,3642.0,55676
2021-06-22 10:22:52,3642.0,55676
2021-06-22 10:22:54,3642.0,55676
2021-06-22 10:22:55,3642.0,55676
2021-06-22 10:22:57,3642.0,55676
2021-06-22 10:22:58,3642.0,55676
2021-06-22 10:22:59,3642.0,55677
2021-06-22 10:23:00,3642.0,55737
2021-06-22 10:23:00,3642.0,55737
2021-06-22 10:23:03,3642.0,55737
2021-06-22 10:23:04,3642.0,55737
2021-06-22 10:23:05,3642.0,55737
2021-06-22 10:23:06,3642.0,55741
2021-06-22 10:23:07,3642.0,55741
2021-06-22 10:23:08,3642.0,55741
2021-06-22 10:23:09,3642.0,55741
2021-06-22 10:23:10,3642.0,55741
2021-06-22 10:23:11,3642.0,55741
2021-06-22 10:23:12,3642.5,55743
2021-06-22 10:23:13,3642.5,55743
2021-06-22 10:23:14,3642.0,55744
2021-06-22 10:23:16,3642.0,55744
2021-06-22 10:23:17,3642.0,55744
2021-06-22 10:23:18,3642.0,55744
2021-06-22 10:23:22,3642.0,55744
2021-06-22 10:23:23,3642.0,55744
2021-06-22 10:23:25,3642.5,55745
2021-06-22 10:23:26,3642.5,55745
2021-06-22 10:23:29,3642.5,55745
2021-06-22 10:23:30,3642.5,55745
2021-06-22 10:23:31,3642.5,55745
2021-06-22 10:23:32,3642.5,55745
2021-06-22 10:23:33,3642.5,55745
2021-06-22 10:23:34,3642.5,55745
2021-06-22 10:23:35,3642.5,55745
2021-06-22 10:23:36,3642.5,55745
2021-06-22 10:23:37,3642.5,55745
2021-06-22 10:23:39,3642.5,55745
2021-06-22 10:23:40,3642.0,56027
2021-06-22 10:23:41,3641.6,56045
2021-06-22 10:23:42,3641.6,56046
2021-06-22 10:23:43,3641.6,56046
2021-06-22 10:23:43,3641.0,56047
2021-06-22 10:23:44,3641.0,56047
2021-06-22 10:23:45,3641.05,56048
2021-06-22 10:23:46,3641.05,56048
2021-06-22 10:23:50,3642.0,56058
2021-06-22 10:23:51,3642.0,56058
2021-06-22 10:23:53,3642.0,56058
2021-06-22 10:23:54,3642.0,56058
2021-06-22 10:23:55,3639.25,56258
2021-06-22 10:23:56,3639.7,56273
2021-06-22 10:23:57,3639.6,56275
2021-06-22 10:23:58,3639.6,56275
2021-06-22 10:24:00,3639.6,56275
2021-06-22 10:24:01,3639.6,56275
2021-06-22 10:24:02,3639.6,56275
2021-06-22 10:24:02,3639.6,56275
2021-06-22 10:24:03,3639.6,56275
2021-06-22 10:24:04,3639.6,56275
2021-06-22 10:24:06,3639.6,56275
2021-06-22 10:24:07,3639.6,56275
2021-06-22 10:24:09,3640.6,56322
2021-06-22 10:24:11,3641.2,56340
2021-06-22 10:24:12,3641.2,56340
2021-06-22 10:24:13,3641.2,56340
2021-06-22 10:24:14,3641.2,56340
2021-06-22 10:24:15,3641.2,56343
2021-06-22 10:24:17,3641.2,56344
2021-06-22 10:24:18,3641.2,56344
2021-06-22 10:24:19,3641.2,56345
2021-06-22 10:24:19,3641.2,56345
2021-06-22 10:24:20,3641.2,56345
2021-06-22 10:24:21,3641.2,56345
2021-06-22 10:24:23,3641.2,56345
2021-06-22 10:24:24,3642.6,56355
2021-06-22 10:24:25,3642.6,56355
2021-06-22 10:24:26,3642.55,56356
2021-06-22 10:24:27,3642.55,56356
2021-06-22 10:24:28,3640.0,56556
2021-06-22 10:24:29,3640.5,56563
2021-06-22 10:24:30,3640.5,56577
2021-06-22 10:24:31,3640.5,56579
2021-06-22 10:24:32,3642.05,56629
2021-06-22 10:24:33,3640.3,56632
2021-06-22 10:24:34,3640.0,56832
2021-06-22 10:24:35,3639.85,56846
2021-06-22 10:24:36,3639.85,56846
2021-06-22 10:24:37,3639.85,56846
2021-06-22 10:24:38,3640.8,56847
2021-06-22 10:24:39,3639.35,57049
2021-06-22 10:24:40,3639.3,57064
2021-06-22 10:24:41,3639.3,57064
2021-06-22 10:24:42,3639.3,57064
2021-06-22 10:24:43,3639.3,57064
2021-06-22 10:24:44,3639.3,57064
2021-06-22 10:24:45,3639.05,57065
2021-06-22 10:24:46,3639.05,57065
2021-06-22 10:24:47,3639.05,57065
2021-06-22 10:24:48,3639.05,57065
2021-06-22 10:24:49,3639.05,57065
2021-06-22 10:24:50,3639.05,57065
2021-06-22 10:24:51,3639.05,57065
2021-06-22 10:24:53,3640.0,57068
2021-06-22 10:24:52,3640.0,57068
2021-06-22 10:24:54,3640.0,57068
2021-06-22 10:24:55,3641.25,57087
2021-06-22 10:24:56,3641.25,57087
2021-06-22 10:24:57,3641.25,57087
2021-06-22 10:24:58,3641.25,57087
2021-06-22 10:24:59,3641.25,57087
2021-06-22 10:25:00,3641.25,57087
2021-06-22 10:25:01,3641.25,57087
2021-06-22 10:25:02,3641.25,57087
2021-06-22 10:25:04,3641.25,57087
2021-06-22 10:25:05,3641.25,57087
2021-06-22 10:25:06,3641.4,57088
2021-06-22 10:25:07,3639.8,57089
2021-06-22 10:25:08,3639.8,57089
2021-06-22 10:25:09,3639.8,57090
2021-06-22 10:25:10,3639.8,57090
2021-06-22 10:25:11,3639.8,57090
2021-06-22 10:25:14,3639.4,57094
2021-06-22 10:25:15,3639.4,57094
2021-06-22 10:25:16,3639.4,57094
2021-06-22 10:25:17,3639.4,57094
2021-06-22 10:25:18,3639.4,57094
2021-06-22 10:25:19,3639.4,57094
2021-06-22 10:25:20,3639.4,57094
2021-06-22 10:25:21,3639.4,57094
2021-06-22 10:25:22,3638.85,57109
2021-06-22 10:25:23,3638.85,57109
2021-06-22 10:25:24,3638.85,57109
2021-06-22 10:25:26,3638.85,57114
2021-06-22 10:25:25,3638.85,57114
2021-06-22 10:25:27,3638.85,57114
2021-06-22 10:25:28,3638.85,57114
2021-06-22 10:25:29,3638.85,57117
2021-06-22 10:25:30,3638.85,57117
2021-06-22 10:25:31,3638.85,57118
2021-06-22 10:25:32,3638.85,57118
2021-06-22 10:25:33,3640.55,57119
2021-06-22 10:25:34,3640.5,57121
2021-06-22 10:25:35,3640.5,57121
2021-06-22 10:25:36,3640.5,57121
2021-06-22 10:25:37,3638.85,57122
2021-06-22 10:25:38,3638.85,57122
2021-06-22 10:25:39,3638.85,57122
2021-06-22 10:25:40,3638.85,57122
2021-06-22 10:25:41,3638.85,57122
2021-06-22 10:25:42,3638.85,57142
2021-06-22 10:25:43,3638.8,57145
2021-06-22 10:25:44,3638.8,57146
2021-06-22 10:25:45,3638.8,57146
2021-06-22 10:25:46,3639.65,57149
2021-06-22 10:25:47,3639.65,57149
2021-06-22 10:25:48,3639.65,57149
2021-06-22 10:25:49,3639.65,57149
2021-06-22 10:25:50,3639.65,57149
2021-06-22 10:25:51,3639.65,57149
2021-06-22 10:25:52,3639.65,57149
2021-06-22 10:25:53,3639.65,57149
2021-06-22 10:25:54,3639.65,57149
2021-06-22 10:25:56,3639.65,57149
2021-06-22 10:25:57,3639.65,57149
2021-06-22 10:25:58,3639.65,57149
2021-06-22 10:25:59,3639.65,57152
2021-06-22 10:26:00,3639.65,57152
2021-06-22 10:26:02,3639.65,57152
2021-06-22 10:26:03,3638.85,57157
2021-06-22 10:26:04,3638.85,57157
2021-06-22 10:26:05,3638.85,57157
2021-06-22 10:26:06,3638.85,57157
2021-06-22 10:26:07,3638.85,57157
2021-06-22 10:26:08,3638.85,57157
2021-06-22 10:26:09,3638.85,57157
2021-06-22 10:26:10,3638.85,57157
2021-06-22 10:26:11,3638.8,57171
2021-06-22 10:26:12,3638.8,57172
2021-06-22 10:26:13,3638.75,57174
2021-06-22 10:26:14,3638.75,57174
2021-06-22 10:26:15,3639.25,57179
2021-06-22 10:26:16,3639.25,57179
2021-06-22 10:26:17,3639.25,57179
2021-06-22 10:26:18,3639.25,57179
2021-06-22 10:26:19,3638.75,57184
2021-06-22 10:26:21,3638.75,57184
2021-06-22 10:26:22,3639.25,57187
2021-06-22 10:26:23,3639.25,57187
2021-06-22 10:26:24,3639.25,57187
2021-06-22 10:26:25,3639.25,57192
2021-06-22 10:26:26,3639.25,57192
2021-06-22 10:26:27,3639.25,57192
2021-06-22 10:26:28,3639.25,57192
2021-06-22 10:26:30,3639.25,57192
2021-06-22 10:26:32,3639.25,57192
2021-06-22 10:26:33,3639.25,57192
2021-06-22 10:26:34,3639.25,57192
2021-06-22 10:26:36,3639.25,57192
2021-06-22 10:26:37,3639.25,57192
2021-06-22 10:26:38,3639.25,57192
2021-06-22 10:26:39,3639.25,57192
2021-06-22 10:26:40,3639.25,57192
2021-06-22 10:26:41,3639.25,57192
2021-06-22 10:26:42,3639.25,57192
2021-06-22 10:26:43,3639.25,57192
2021-06-22 10:26:44,3639.25,57214
2021-06-22 10:26:45,3639.25,57214
2021-06-22 10:26:46,3639.25,57214
2021-06-22 10:26:47,3639.25,57214
2021-06-22 10:26:48,3639.25,57214
2021-06-22 10:26:49,3639.25,57214
2021-06-22 10:26:50,3639.25,57214
2021-06-22 10:26:52,3639.25,57214
2021-06-22 10:26:52,3639.25,57214
2021-06-22 10:26:54,3639.25,57214
2021-06-22 10:26:57,3639.25,57214
2021-06-22 10:27:00,3639.25,57214
2021-06-22 10:27:00,3639.25,57214
2021-06-22 10:27:01,3639.25,57214
2021-06-22 10:27:05,3639.25,57214
2021-06-22 10:27:05,3639.25,57214
2021-06-22 10:27:07,3639.25,57214
2021-06-22 10:27:08,3639.25,57214
2021-06-22 10:27:08,3639.25,57214
2021-06-22 10:27:09,3639.25,57214
2021-06-22 10:27:10,3639.25,57214
2021-06-22 10:27:11,3639.0,57233
2021-06-22 10:27:12,3639.0,57233
2021-06-22 10:27:13,3639.0,57233
2021-06-22 10:27:14,3638.75,57234
2021-06-22 10:27:15,3638.75,57234
2021-06-22 10:27:16,3638.75,57234
2021-06-22 10:27:17,3638.75,57235
2021-06-22 10:27:19,3638.75,57235
2021-06-22 10:27:21,3638.75,57235
2021-06-22 10:27:21,3639.0,57237
2021-06-22 10:27:22,3639.25,57281
2021-06-22 10:27:23,3639.25,57281
2021-06-22 10:27:24,3639.25,57281
2021-06-22 10:27:25,3640.0,57291
2021-06-22 10:27:26,3640.0,57291
2021-06-22 10:27:27,3640.0,57291
2021-06-22 10:27:28,3640.0,57291
2021-06-22 10:27:30,3640.0,57291
2021-06-22 10:27:30,3640.0,57291
2021-06-22 10:27:31,3640.0,57291
2021-06-22 10:27:32,3640.0,57291
2021-06-22 10:27:33,3640.0,57291
2021-06-22 10:27:34,3640.0,57291
2021-06-22 10:27:35,3640.0,57291
2021-06-22 10:27:36,3641.9,57301
2021-06-22 10:27:38,3641.9,57301
2021-06-22 10:27:39,3641.9,57301
2021-06-22 10:27:40,3641.9,57301
2021-06-22 10:27:41,3641.35,57306
2021-06-22 10:27:42,3640.95,57307
2021-06-22 10:27:43,3640.95,57307
2021-06-22 10:27:44,3640.95,57307
2021-06-22 10:27:45,3640.95,57307
2021-06-22 10:27:46,3640.95,57307
2021-06-22 10:27:47,3640.95,57307
2021-06-22 10:27:48,3640.95,57307
2021-06-22 10:27:49,3640.95,57307
2021-06-22 10:27:50,3640.95,57307
2021-06-22 10:27:51,3640.95,57307
2021-06-22 10:27:52,3640.2,57308
2021-06-22 10:27:54,3640.2,57308
2021-06-22 10:27:55,3640.2,57308
2021-06-22 10:27:56,3640.2,57308
2021-06-22 10:27:57,3640.2,57308
2021-06-22 10:27:58,3640.2,57308
2021-06-22 10:27:59,3640.2,57308
2021-06-22 10:28:00,3640.2,57308
2021-06-22 10:28:01,3640.2,57308
2021-06-22 10:28:02,3640.2,57309
2021-06-22 10:28:03,3640.2,57309
2021-06-22 10:28:04,3640.2,57309
2021-06-22 10:28:05,3640.2,57309
2021-06-22 10:28:07,3640.2,57309
2021-06-22 10:28:08,3640.2,57309
2021-06-22 10:28:08,3640.2,57309
2021-06-22 10:28:09,3640.2,57310
2021-06-22 10:28:10,3640.2,57310
2021-06-22 10:28:11,3640.2,57312
2021-06-22 10:28:12,3640.2,57312
2021-06-22 10:28:13,3640.2,57318
2021-06-22 10:28:14,3640.2,57321
2021-06-22 10:28:15,3640.8,57332
2021-06-22 10:28:17,3640.8,57332
2021-06-22 10:28:18,3640.8,57332
2021-06-22 10:28:19,3640.8,57332
2021-06-22 10:28:20,3640.8,57332
2021-06-22 10:28:21,3640.8,57332
2021-06-22 10:28:22,3640.8,57332
2021-06-22 10:28:24,3640.8,57332
2021-06-22 10:28:24,3640.8,57332
2021-06-22 10:28:25,3640.8,57352
2021-06-22 10:28:26,3640.0,57353
2021-06-22 10:28:27,3640.8,57358
2021-06-22 10:28:28,3640.8,57375
2021-06-22 10:28:29,3640.8,57381
2021-06-22 10:28:30,3640.8,57381
2021-06-22 10:28:31,3640.8,57381
2021-06-22 10:28:32,3640.8,57381
2021-06-22 10:28:34,3640.8,57381
2021-06-22 10:28:35,3640.8,57381
2021-06-22 10:28:36,3642.0,57405
2021-06-22 10:28:37,3642.75,57406
2021-06-22 10:28:39,3642.75,57406
2021-06-22 10:28:40,3642.75,57406
2021-06-22 10:28:41,3642.75,57406
2021-06-22 10:28:42,3643.0,57432
2021-06-22 10:28:43,3643.0,57432
2021-06-22 10:28:45,3642.0,57437
2021-06-22 10:28:46,3642.0,57437
2021-06-22 10:28:47,3642.0,57437
2021-06-22 10:28:47,3642.0,57437
2021-06-22 10:28:50,3643.0,57487
2021-06-22 10:28:51,3643.0,57487
2021-06-22 10:28:52,3643.0,57487
2021-06-22 10:28:53,3642.0,57505
2021-06-22 10:28:54,3642.0,57505
2021-06-22 10:28:54,3642.0,57505
2021-06-22 10:28:55,3642.0,57505
2021-06-22 10:28:56,3642.0,57505
2021-06-22 10:28:57,3642.0,57505
2021-06-22 10:28:58,3641.95,57507
2021-06-22 10:28:59,3641.95,57520
2021-06-22 10:29:01,3641.95,57520
2021-06-22 10:29:02,3642.0,57522
2021-06-22 10:29:03,3642.0,57522
2021-06-22 10:29:04,3642.0,57522
2021-06-22 10:29:04,3642.0,57522
2021-06-22 10:29:05,3642.0,57522
2021-06-22 10:29:06,3642.0,57525
2021-06-22 10:29:08,3642.0,57525
2021-06-22 10:29:08,3642.0,57525
2021-06-22 10:29:09,3642.0,57525
2021-06-22 10:29:10,3642.0,57525
2021-06-22 10:29:12,3643.0,57614
2021-06-22 10:29:13,3642.0,57624
2021-06-22 10:29:14,3642.0,57624
2021-06-22 10:29:15,3642.0,57624
2021-06-22 10:29:15,3642.4,57625
2021-06-22 10:29:17,3642.0,57771
2021-06-22 10:29:18,3641.6,57781
2021-06-22 10:29:19,3641.6,57781
2021-06-22 10:29:20,3641.6,57781
2021-06-22 10:29:21,3642.8,57782
2021-06-22 10:29:22,3642.8,57782
2021-06-22 10:29:23,3642.8,57782
2021-06-22 10:29:24,3642.8,57782
2021-06-22 10:29:25,3643.0,57784
2021-06-22 10:29:26,3643.0,57784
2021-06-22 10:29:27,3643.0,57784
2021-06-22 10:29:29,3643.0,57784
2021-06-22 10:29:28,3643.0,57784
2021-06-22 10:29:30,3643.0,57784
2021-06-22 10:29:31,3643.0,57785
2021-06-22 10:29:33,3643.0,57806
2021-06-22 10:29:34,3643.0,57806
2021-06-22 10:29:34,3643.0,57806
2021-06-22 10:29:35,3643.0,57806
2021-06-22 10:29:37,3643.0,57806
2021-06-22 10:29:38,3643.0,57806
2021-06-22 10:29:40,3643.0,57806
2021-06-22 10:29:40,3643.0,57806
2021-06-22 10:29:42,3643.0,57806
2021-06-22 10:29:43,3643.0,57806
2021-06-22 10:29:44,3643.0,57806
2021-06-22 10:29:45,3643.95,57846
2021-06-22 10:29:46,3644.0,57850
2021-06-22 10:29:48,3644.0,57850
2021-06-22 10:29:48,3644.0,57850
2021-06-22 10:29:49,3644.0,57850
2021-06-22 10:29:50,3644.0,57850
2021-06-22 10:29:52,3643.9,57860
2021-06-22 10:29:52,3644.0,57850
2021-06-22 10:29:53,3643.9,57860
2021-06-22 10:29:54,3643.9,57890
2021-06-22 10:29:55,3643.85,57891
2021-06-22 10:29:58,3643.85,57891
2021-06-22 10:29:59,3643.85,57891
2021-06-22 10:30:00,3643.85,57891
2021-06-22 10:30:00,3643.0,58095
2021-06-22 10:30:01,3643.0,58113
2021-06-22 10:30:02,3643.0,58114
2021-06-22 10:30:04,3643.0,58114
2021-06-22 10:30:04,3643.0,58114
2021-06-22 10:30:05,3643.0,58114
2021-06-22 10:30:06,3643.0,58122
2021-06-22 10:30:07,3643.0,58122
2021-06-22 10:30:08,3643.0,58132
2021-06-22 10:30:09,3643.0,58132
2021-06-22 10:30:10,3643.0,58132
2021-06-22 10:30:11,3643.0,58132
2021-06-22 10:30:13,3643.0,58132
2021-06-22 10:30:14,3642.4,58157
2021-06-22 10:30:15,3642.4,58157
2021-06-22 10:30:16,3642.4,58157
2021-06-22 10:30:17,3642.4,58157
2021-06-22 10:30:18,3642.4,58157
2021-06-22 10:30:19,3642.4,58157
2021-06-22 10:30:20,3642.4,58157
2021-06-22 10:30:21,3642.4,58157
2021-06-22 10:30:22,3642.4,58157
2021-06-22 10:30:23,3642.4,58157
2021-06-22 10:30:25,3642.4,58157
2021-06-22 10:30:26,3642.4,58157
2021-06-22 10:30:27,3643.0,58287
2021-06-22 10:30:27,3643.0,58287
2021-06-22 10:30:28,3643.0,58287
2021-06-22 10:30:29,3643.0,58287
2021-06-22 10:30:30,3643.0,58287
2021-06-22 10:30:31,3643.0,58287
2021-06-22 10:30:32,3642.4,58342
2021-06-22 10:30:33,3642.4,58351
2021-06-22 10:30:34,3642.4,58351
2021-06-22 10:30:36,3642.4,58351
2021-06-22 10:30:37,3642.4,58351
2021-06-22 10:30:39,3642.4,58351
2021-06-22 10:30:39,3642.4,58371
2021-06-22 10:30:40,3642.4,58374
2021-06-22 10:30:41,3642.4,58374
2021-06-22 10:30:42,3642.4,58374
2021-06-22 10:30:43,3642.4,58374
2021-06-22 10:30:44,3642.4,58376
2021-06-22 10:30:45,3642.4,58376
2021-06-22 10:30:46,3642.4,58376
2021-06-22 10:30:48,3642.4,58376
2021-06-22 10:30:49,3642.4,58376
2021-06-22 10:30:51,3642.4,58376
2021-06-22 10:30:52,3642.4,58376
2021-06-22 10:30:53,3642.4,58376
2021-06-22 10:30:54,3642.75,58377
2021-06-22 10:30:55,3642.75,58377
2021-06-22 10:30:56,3642.75,58377
2021-06-22 10:30:57,3642.75,58377
2021-06-22 10:30:58,3642.4,58387
2021-06-22 10:30:59,3642.4,58387
2021-06-22 10:31:00,3642.4,58387
2021-06-22 10:31:01,3642.4,58387
2021-06-22 10:31:02,3642.0,58397
2021-06-22 10:31:02,3642.0,58397
2021-06-22 10:31:03,3642.75,58398
2021-06-22 10:31:04,3642.75,58398
2021-06-22 10:31:05,3642.75,58398
2021-06-22 10:31:07,3642.75,58398
2021-06-22 10:31:07,3642.75,58400
2021-06-22 10:31:08,3642.75,58400
2021-06-22 10:31:09,3642.75,58400
2021-06-22 10:31:10,3642.75,58400
2021-06-22 10:31:11,3642.75,58400
2021-06-22 10:31:12,3642.75,58400
2021-06-22 10:31:13,3642.75,58440
2021-06-22 10:31:14,3642.0,58441
2021-06-22 10:31:16,3642.0,58441
2021-06-22 10:31:18,3642.65,58461
2021-06-22 10:31:19,3642.65,58461
2021-06-22 10:31:20,3642.65,58461
2021-06-22 10:31:21,3642.65,58461
2021-06-22 10:31:22,3642.65,58461
2021-06-22 10:31:24,3642.65,58461
2021-06-22 10:31:25,3642.65,58461
2021-06-22 10:31:26,3642.65,58461
2021-06-22 10:31:27,3642.65,58461
2021-06-22 10:31:28,3642.65,58461
2021-06-22 10:31:30,3642.65,58461
2021-06-22 10:31:30,3642.65,58461
2021-06-22 10:31:31,3642.65,58461
2021-06-22 10:31:32,3642.65,58461
2021-06-22 10:31:33,3642.65,58461
2021-06-22 10:31:35,3642.65,58461
2021-06-22 10:31:37,3642.95,58481
2021-06-22 10:31:38,3642.95,58482
2021-06-22 10:31:39,3642.95,58482
2021-06-22 10:31:40,3642.95,58482
2021-06-22 10:31:41,3642.95,58485
2021-06-22 10:31:43,3642.95,58485
2021-06-22 10:31:44,3642.95,58485
2021-06-22 10:31:45,3642.95,58488
2021-06-22 10:31:47,3642.0,58489
2021-06-22 10:31:47,3642.0,58489
2021-06-22 10:31:48,3642.0,58489
2021-06-22 10:31:50,3642.0,58489
2021-06-22 10:31:54,3642.0,58490
2021-06-22 10:31:54,3642.0,58490
2021-06-22 10:31:55,3642.0,58490
2021-06-22 10:31:57,3642.0,58490
2021-06-22 10:31:59,3642.0,58490
2021-06-22 10:32:00,3642.95,58493
2021-06-22 10:32:01,3642.0,58494
2021-06-22 10:32:02,3642.0,58495
2021-06-22 10:32:03,3642.95,58499
2021-06-22 10:32:04,3642.95,58499
2021-06-22 10:32:05,3642.95,58499
2021-06-22 10:32:08,3642.95,58499
2021-06-22 10:32:08,3642.95,58499
2021-06-22 10:32:09,3642.95,58499
2021-06-22 10:32:10,3642.95,58499
2021-06-22 10:32:12,3642.95,58499
2021-06-22 10:32:13,3642.95,58499
2021-06-22 10:32:14,3642.0,58501
2021-06-22 10:32:17,3642.0,58502
2021-06-22 10:32:18,3642.0,58502
2021-06-22 10:32:19,3642.0,58502
2021-06-22 10:32:21,3642.0,58502
2021-06-22 10:32:24,3642.0,58502
2021-06-22 10:32:27,3642.0,58502
2021-06-22 10:32:28,3642.0,58502
2021-06-22 10:32:30,3642.0,58502
2021-06-22 10:32:32,3642.0,58502
2021-06-22 10:32:34,3642.0,58502
2021-06-22 10:32:35,3642.0,58502
2021-06-22 10:32:36,3642.0,58502
2021-06-22 10:32:40,3642.0,58502
2021-06-22 10:32:41,3642.0,58502
2021-06-22 10:32:42,3642.0,58502
2021-06-22 10:32:42,3642.0,58502
2021-06-22 10:32:43,3642.0,58502
2021-06-22 10:32:44,3642.0,58503
2021-06-22 10:32:45,3642.0,58503
2021-06-22 10:32:47,3642.0,58503
2021-06-22 10:32:48,3642.0,58503
2021-06-22 10:32:49,3642.0,58503
2021-06-22 10:32:50,3642.0,58505
2021-06-22 10:32:51,3642.0,58505
2021-06-22 10:32:52,3642.0,58505
2021-06-22 10:32:53,3642.0,58505
2021-06-22 10:32:54,3642.0,58505
2021-06-22 10:32:55,3642.0,58505
2021-06-22 10:32:57,3642.0,58505
2021-06-22 10:32:58,3642.0,58505
2021-06-22 10:32:59,3642.0,58505
2021-06-22 10:33:00,3641.6,58506
2021-06-22 10:33:01,3641.6,58506
2021-06-22 10:33:02,3641.6,58506
2021-06-22 10:33:03,3641.6,58506
2021-06-22 10:33:04,3641.6,58506
2021-06-22 10:33:08,3642.0,58562
2021-06-22 10:33:09,3641.8,58563
2021-06-22 10:33:10,3641.8,58563
2021-06-22 10:33:11,3641.8,58563
2021-06-22 10:33:12,3641.8,58603
2021-06-22 10:33:13,3641.85,58608
2021-06-22 10:33:13,3641.85,58608
2021-06-22 10:33:14,3641.85,58608
2021-06-22 10:33:15,3641.85,58608
2021-06-22 10:33:16,3641.85,58608
2021-06-22 10:33:18,3641.6,58628
2021-06-22 10:33:19,3641.6,58633
2021-06-22 10:33:20,3641.6,58633
2021-06-22 10:33:21,3641.6,58638
2021-06-22 10:33:22,3641.6,58646
2021-06-22 10:33:23,3641.6,58646
2021-06-22 10:33:24,3641.6,58646
2021-06-22 10:33:25,3640.15,58647
2021-06-22 10:33:27,3640.15,58675
2021-06-22 10:33:28,3640.15,58675
2021-06-22 10:33:30,3640.15,58675
2021-06-22 10:33:31,3640.15,58675
2021-06-22 10:33:32,3640.15,58675
2021-06-22 10:33:34,3640.15,58675
2021-06-22 10:33:35,3640.15,58675
2021-06-22 10:33:36,3640.1,58688
2021-06-22 10:33:37,3640.1,58692
2021-06-22 10:33:38,3640.1,58692
2021-06-22 10:33:39,3640.1,58692
2021-06-22 10:33:40,3640.1,58697
2021-06-22 10:33:41,3640.1,58698
2021-06-22 10:33:43,3640.1,58698
2021-06-22 10:33:44,3640.1,58699
2021-06-22 10:33:44,3640.1,58699
2021-06-22 10:33:45,3640.1,58701
2021-06-22 10:33:46,3640.1,58701
2021-06-22 10:33:47,3640.1,58701
2021-06-22 10:33:49,3640.1,58701
2021-06-22 10:33:50,3640.05,58705
2021-06-22 10:33:52,3640.05,58705
2021-06-22 10:33:53,3640.05,58705
2021-06-22 10:33:54,3640.05,58705
2021-06-22 10:33:55,3640.05,58705
2021-06-22 10:33:56,3640.05,58710
2021-06-22 10:33:57,3640.05,58715
2021-06-22 10:33:58,3640.1,58740
2021-06-22 10:33:59,3640.1,58740
2021-06-22 10:34:00,3638.75,59141
2021-06-22 10:34:01,3638.75,59174
2021-06-22 10:34:02,3638.75,59174
2021-06-22 10:34:03,3638.75,59296
2021-06-22 10:34:04,3638.5,59308
2021-06-22 10:34:05,3638.0,59339
2021-06-22 10:34:06,3638.0,59350
2021-06-22 10:34:07,3639.45,59352
2021-06-22 10:34:07,3638.0,59400
2021-06-22 10:34:10,3639.45,59415
2021-06-22 10:34:11,3639.45,59421
2021-06-22 10:34:12,3639.45,59421
2021-06-22 10:34:13,3639.45,59423
2021-06-22 10:34:14,3639.45,59423
2021-06-22 10:34:15,3639.45,59424
2021-06-22 10:34:16,3639.45,59424
2021-06-22 10:34:18,3639.6,59444
2021-06-22 10:34:19,3639.6,59454
2021-06-22 10:34:21,3639.6,59456
2021-06-22 10:34:22,3639.6,59458
2021-06-22 10:34:23,3639.6,59458
2021-06-22 10:34:24,3639.6,59466
2021-06-22 10:34:25,3638.0,59482
2021-06-22 10:34:26,3638.0,59482
2021-06-22 10:34:27,3639.55,59484
2021-06-22 10:34:29,3639.55,59490
2021-06-22 10:34:30,3639.55,59490
2021-06-22 10:34:31,3639.55,59490
2021-06-22 10:34:32,3639.55,59490
2021-06-22 10:34:33,3639.55,59490
2021-06-22 10:34:34,3639.55,59492
2021-06-22 10:34:34,3639.55,59492
2021-06-22 10:34:35,3639.55,59492
2021-06-22 10:34:37,3639.55,59494
2021-06-22 10:34:38,3639.55,59494
2021-06-22 10:34:39,3639.55,59494
2021-06-22 10:34:40,3638.0,59509
2021-06-22 10:34:41,3638.0,59509
2021-06-22 10:34:41,3638.0,59509
2021-06-22 10:34:42,3638.0,59509
2021-06-22 10:34:44,3638.0,59509
2021-06-22 10:34:44,3638.0,59509
2021-06-22 10:34:46,3638.0,59515
2021-06-22 10:34:47,3638.0,59515
2021-06-22 10:34:48,3638.0,59515
2021-06-22 10:34:50,3638.0,59515
2021-06-22 10:34:51,3639.6,59565
2021-06-22 10:34:54,3639.65,59575
2021-06-22 10:34:55,3638.0,59577
2021-06-22 10:34:56,3638.0,59582
2021-06-22 10:34:57,3638.0,59582
2021-06-22 10:34:58,3638.0,59582
2021-06-22 10:34:59,3638.0,59582
2021-06-22 10:35:00,3638.0,59582
2021-06-22 10:35:01,3638.0,59582
2021-06-22 10:35:04,3638.0,59664
2021-06-22 10:35:05,3638.0,59664
2021-06-22 10:35:06,3638.0,59664
2021-06-22 10:35:07,3637.6,59669
2021-06-22 10:35:08,3637.6,59669
2021-06-22 10:35:09,3638.0,59672
2021-06-22 10:35:10,3639.2,59886
2021-06-22 10:35:11,3637.6,59891
2021-06-22 10:35:12,3639.0,59912
2021-06-22 10:35:14,3639.0,59914
2021-06-22 10:35:15,3639.0,59914
2021-06-22 10:35:16,3639.0,59914
2021-06-22 10:35:17,3639.0,59914
2021-06-22 10:35:19,3639.0,59924
2021-06-22 10:35:20,3639.0,59939
2021-06-22 10:35:21,3639.0,59939
2021-06-22 10:35:22,3639.0,59939
2021-06-22 10:35:23,3639.0,59939
2021-06-22 10:35:25,3638.0,59941
2021-06-22 10:35:26,3638.0,59941
2021-06-22 10:35:27,3638.6,59944
2021-06-22 10:35:28,3638.6,59944
2021-06-22 10:35:29,3638.6,59952
2021-06-22 10:35:30,3638.6,59952
2021-06-22 10:35:31,3638.6,59961
2021-06-22 10:35:32,3638.6,59961
2021-06-22 10:35:33,3639.0,59970
2021-06-22 10:35:34,3639.0,59970
2021-06-22 10:35:35,3639.2,59978
2021-06-22 10:35:36,3638.0,59979
2021-06-22 10:35:37,3639.0,59981
2021-06-22 10:35:39,3639.0,59981
2021-06-22 10:35:40,3639.2,59988
2021-06-22 10:35:41,3639.0,59990
2021-06-22 10:35:42,3639.2,59992
2021-06-22 10:35:43,3639.15,59995
2021-06-22 10:35:44,3639.15,59995
2021-06-22 10:35:45,3639.15,59995
2021-06-22 10:35:46,3639.15,59995
2021-06-22 10:35:47,3638.0,60000
2021-06-22 10:35:48,3638.0,60000
2021-06-22 10:35:49,3638.0,60000
2021-06-22 10:35:51,3638.0,60023
2021-06-22 10:35:50,3638.0,60023
2021-06-22 10:35:52,3638.0,60024
2021-06-22 10:35:53,3638.0,60024
2021-06-22 10:35:54,3638.0,60024
2021-06-22 10:35:55,3638.0,60024
2021-06-22 10:35:56,3637.2,60029
2021-06-22 10:35:58,3638.0,60035
2021-06-22 10:35:59,3638.0,60043
2021-06-22 10:36:00,3638.0,60067
2021-06-22 10:36:01,3638.0,60080
2021-06-22 10:36:02,3638.0,60080
2021-06-22 10:36:03,3638.0,60080
2021-06-22 10:36:04,3638.0,60080
2021-06-22 10:36:05,3638.0,60080
2021-06-22 10:36:06,3638.0,60137
2021-06-22 10:36:07,3636.05,60237
2021-06-22 10:36:08,3638.0,60254
2021-06-22 10:36:09,3638.0,60254
2021-06-22 10:36:10,3636.55,60255
2021-06-22 10:36:11,3636.55,60255
2021-06-22 10:36:12,3637.75,60274
2021-06-22 10:36:13,3637.6,60278
2021-06-22 10:36:14,3637.6,60278
2021-06-22 10:36:15,3637.6,60282
2021-06-22 10:36:16,3637.6,60282
2021-06-22 10:36:17,3637.6,60282
2021-06-22 10:36:20,3638.7,60302
2021-06-22 10:36:21,3638.7,60302
2021-06-22 10:36:22,3638.7,60302
2021-06-22 10:36:23,3638.65,60310
2021-06-22 10:36:24,3638.65,60310
2021-06-22 10:36:25,3638.65,60314
2021-06-22 10:36:26,3638.65,60318
2021-06-22 10:36:27,3638.65,60318
2021-06-22 10:36:30,3638.6,60350
2021-06-22 10:36:31,3636.8,60355
2021-06-22 10:36:32,3636.8,60355
2021-06-22 10:36:34,3638.5,60362
2021-06-22 10:36:35,3638.5,60362
2021-06-22 10:36:36,3638.5,60371
2021-06-22 10:36:38,3638.5,60371
2021-06-22 10:36:39,3638.5,60371
2021-06-22 10:36:40,3638.5,60371
2021-06-22 10:36:41,3636.8,60396
2021-06-22 10:36:42,3636.55,60400
2021-06-22 10:36:43,3636.55,60400
2021-06-22 10:36:45,3636.55,60401
2021-06-22 10:36:46,3636.55,60407
2021-06-22 10:36:47,3636.55,60409
2021-06-22 10:36:48,3636.55,60410
2021-06-22 10:36:49,3636.55,60410
2021-06-22 10:36:50,3637.9,60430
2021-06-22 10:36:51,3637.95,60460
2021-06-22 10:36:53,3636.55,60461
2021-06-22 10:36:54,3636.55,60461
2021-06-22 10:36:55,3638.0,60565
2021-06-22 10:36:56,3636.55,60572
2021-06-22 10:36:57,3636.55,60572
2021-06-22 10:36:58,3636.55,60572
2021-06-22 10:36:59,3636.55,60572
2021-06-22 10:37:00,3636.55,60572
2021-06-22 10:37:01,3636.55,60572
2021-06-22 10:37:02,3636.55,60572
2021-06-22 10:37:03,3636.55,60572
2021-06-22 10:37:04,3637.95,60573
2021-06-22 10:37:05,3637.95,60573
2021-06-22 10:37:06,3636.5,60593
2021-06-22 10:37:07,3636.5,60593
2021-06-22 10:37:08,3636.5,60593
2021-06-22 10:37:10,3636.5,60599
2021-06-22 10:37:11,3636.5,60599
2021-06-22 10:37:13,3636.55,60996
2021-06-22 10:37:14,3636.55,61031
2021-06-22 10:37:15,3636.55,61032
2021-06-22 10:37:16,3636.55,61037
2021-06-22 10:37:17,3636.55,61037
2021-06-22 10:37:18,3636.55,61037
2021-06-22 10:37:19,3636.55,61037
2021-06-22 10:37:20,3636.5,61043
2021-06-22 10:37:21,3636.5,61043
2021-06-22 10:37:22,3636.5,61043
2021-06-22 10:37:23,3636.55,61052
2021-06-22 10:37:25,3636.5,61093
2021-06-22 10:37:25,3636.5,61099
2021-06-22 10:37:26,3636.5,61099
2021-06-22 10:37:27,3636.5,61103
2021-06-22 10:37:28,3636.5,61106
2021-06-22 10:37:29,3636.0,61114
2021-06-22 10:37:30,3636.5,61200
2021-06-22 10:37:32,3636.5,61204
2021-06-22 10:37:33,3636.0,61234
2021-06-22 10:37:34,3637.4,61239
2021-06-22 10:37:35,3637.7,61241
2021-06-22 10:37:37,3637.4,61246
2021-06-22 10:37:37,3637.4,61246
2021-06-22 10:37:38,3637.4,61246
2021-06-22 10:37:39,3637.4,61246
2021-06-22 10:37:40,3637.4,61246
2021-06-22 10:37:41,3637.4,61246
2021-06-22 10:37:42,3638.3,61261
2021-06-22 10:37:43,3638.3,61261
2021-06-22 10:37:44,3638.3,61263
2021-06-22 10:37:45,3638.3,61263
2021-06-22 10:37:46,3638.3,61263
2021-06-22 10:37:47,3638.3,61263
2021-06-22 10:37:48,3638.05,61278
2021-06-22 10:37:49,3638.05,61278
2021-06-22 10:37:50,3636.6,61285
2021-06-22 10:37:51,3636.6,61285
2021-06-22 10:37:52,3636.6,61285
2021-06-22 10:37:53,3636.6,61285
2021-06-22 10:37:54,3636.6,61285
2021-06-22 10:37:55,3638.05,61315
2021-06-22 10:37:57,3638.05,61315
2021-06-22 10:37:56,3638.05,61315
2021-06-22 10:37:58,3638.05,61315
2021-06-22 10:38:00,3638.05,61315
2021-06-22 10:38:00,3638.05,61315
2021-06-22 10:38:03,3638.65,61325
2021-06-22 10:38:03,3638.65,61325
2021-06-22 10:38:04,3638.65,61325
2021-06-22 10:38:05,3638.65,61325
2021-06-22 10:38:06,3638.65,61325
2021-06-22 10:38:07,3638.65,61325
2021-06-22 10:38:08,3638.65,61325
2021-06-22 10:38:09,3638.65,61325
2021-06-22 10:38:10,3638.05,61330
2021-06-22 10:38:11,3638.05,61350
2021-06-22 10:38:12,3638.05,61350
2021-06-22 10:38:13,3638.05,61350
2021-06-22 10:38:14,3638.05,61351
2021-06-22 10:38:15,3638.05,61351
2021-06-22 10:38:17,3638.05,61351
2021-06-22 10:38:17,3638.05,61351
2021-06-22 10:38:18,3638.05,61356
2021-06-22 10:38:23,3638.0,61425
2021-06-22 10:38:23,3638.0,61425
2021-06-22 10:38:24,3638.0,61425
2021-06-22 10:38:26,3637.95,61753
2021-06-22 10:38:27,3637.95,61753
2021-06-22 10:38:28,3637.95,61753
2021-06-22 10:38:30,3637.95,61753
2021-06-22 10:38:31,3637.95,61753
2021-06-22 10:38:31,3637.95,61753
2021-06-22 10:38:33,3637.0,61759
2021-06-22 10:38:34,3637.0,61763
2021-06-22 10:38:35,3637.0,61768
2021-06-22 10:38:36,3637.0,61768
2021-06-22 10:38:38,3638.35,61772
2021-06-22 10:38:38,3638.35,61772
2021-06-22 10:38:39,3638.35,61772
2021-06-22 10:38:40,3638.4,61776
2021-06-22 10:38:42,3638.6,61780
2021-06-22 10:38:41,3638.6,61780
2021-06-22 10:38:43,3638.25,61788
2021-06-22 10:38:44,3638.25,61788
2021-06-22 10:38:45,3638.25,61788
2021-06-22 10:38:46,3638.25,61788
2021-06-22 10:38:47,3637.55,61791
2021-06-22 10:38:48,3637.55,61791
2021-06-22 10:38:49,3637.6,61795
2021-06-22 10:38:51,3637.6,61811
2021-06-22 10:38:53,3637.6,61811
2021-06-22 10:38:54,3637.05,61818
2021-06-22 10:38:55,3637.5,61828
2021-06-22 10:38:56,3637.5,61832
2021-06-22 10:38:57,3637.5,61837
2021-06-22 10:38:58,3637.5,61837
2021-06-22 10:38:59,3637.1,61862
2021-06-22 10:39:00,3637.05,61885
2021-06-22 10:39:01,3637.05,61885
2021-06-22 10:39:02,3637.05,61889
2021-06-22 10:39:03,3637.1,61890
2021-06-22 10:39:04,3637.1,61890
2021-06-22 10:39:05,3637.1,61890
2021-06-22 10:39:07,3637.1,61890
2021-06-22 10:39:08,3637.1,61890
2021-06-22 10:39:08,3637.1,61890
2021-06-22 10:39:09,3637.0,61895
2021-06-22 10:39:10,3637.0,61895
2021-06-22 10:39:12,3637.0,61914
2021-06-22 10:39:13,3637.0,61918
2021-06-22 10:39:14,3635.45,61932
2021-06-22 10:39:15,3635.8,61937
2021-06-22 10:39:16,3636.65,61942
2021-06-22 10:39:17,3636.6,61946
2021-06-22 10:39:18,3638.3,62290
2021-06-22 10:39:19,3637.45,62294
2021-06-22 10:39:20,3638.7,62298
2021-06-22 10:39:21,3638.7,62298
2021-06-22 10:39:22,3639.0,62303
2021-06-22 10:39:23,3639.0,62303
2021-06-22 10:39:24,3637.4,62304
2021-06-22 10:39:25,3637.6,62310
2021-06-22 10:39:26,3637.3,62420
2021-06-22 10:39:27,3637.0,62427
2021-06-22 10:39:28,3637.0,62427
2021-06-22 10:39:29,3637.0,62427
2021-06-22 10:39:33,3637.0,62427
2021-06-22 10:39:34,3637.0,62427
2021-06-22 10:39:35,3637.0,62427
2021-06-22 10:39:36,3637.0,62427
2021-06-22 10:39:36,3635.45,62476
2021-06-22 10:39:37,3635.45,62480
2021-06-22 10:39:38,3636.75,62482
2021-06-22 10:39:40,3636.75,62482
2021-06-22 10:39:41,3635.45,62484
2021-06-22 10:39:42,3635.1,62490
2021-06-22 10:39:43,3635.45,62530
2021-06-22 10:39:43,3635.0,62721
2021-06-22 10:39:44,3635.0,62737
2021-06-22 10:39:45,3635.0,62743
2021-06-22 10:39:46,3635.0,62743
2021-06-22 10:39:48,3635.0,62744
2021-06-22 10:39:48,3635.0,62744
2021-06-22 10:39:49,3635.0,62744
2021-06-22 10:39:51,3635.0,62744
2021-06-22 10:39:52,3635.0,62744
2021-06-22 10:39:53,3635.0,62744
2021-06-22 10:39:54,3635.0,62744
2021-06-22 10:39:54,3635.0,62744
2021-06-22 10:39:55,3635.0,62749
2021-06-22 10:39:56,3635.0,62749
2021-06-22 10:39:57,3635.0,62749
2021-06-22 10:39:58,3635.0,62749
2021-06-22 10:39:59,3635.0,62749
2021-06-22 10:40:04,3635.45,62750
2021-06-22 10:40:05,3635.45,62750
2021-06-22 10:40:05,3635.7,62757
2021-06-22 10:40:06,3635.7,62767
2021-06-22 10:40:07,3635.7,62767
2021-06-22 10:40:08,3635.7,62767
2021-06-22 10:40:09,3635.7,62767
2021-06-22 10:40:11,3635.7,62767
2021-06-22 10:40:12,3635.7,62767
2021-06-22 10:40:12,3635.7,62767
2021-06-22 10:40:13,3635.7,62767
2021-06-22 10:40:14,3636.65,62908
2021-06-22 10:40:15,3635.75,62921
2021-06-22 10:40:16,3635.7,62960
2021-06-22 10:40:18,3635.7,62960
2021-06-22 10:40:19,3635.75,62971
2021-06-22 10:40:20,3635.75,62978
2021-06-22 10:40:20,3635.0,63178
2021-06-22 10:40:21,3635.0,63192
2021-06-22 10:40:22,3635.0,63370
2021-06-22 10:40:23,3634.05,63401
2021-06-22 10:40:24,3634.05,63404
2021-06-22 10:40:25,3634.05,63428
2021-06-22 10:40:26,3634.05,63450
2021-06-22 10:40:28,3634.05,63450
2021-06-22 10:40:29,3634.05,63450
2021-06-22 10:40:30,3634.05,63450
2021-06-22 10:40:30,3634.05,63460
2021-06-22 10:40:31,3634.05,63462
2021-06-22 10:40:32,3634.05,63462
2021-06-22 10:40:33,3634.05,63462
2021-06-22 10:40:34,3634.05,63462
2021-06-22 10:40:35,3634.05,63467
2021-06-22 10:40:36,3635.05,63469
2021-06-22 10:40:37,3635.05,63469
2021-06-22 10:40:38,3635.05,63469
2021-06-22 10:40:39,3635.05,63469
2021-06-22 10:40:40,3635.05,63469
2021-06-22 10:40:42,3634.05,63471
2021-06-22 10:40:43,3634.9,63490
2021-06-22 10:40:45,3634.9,63490
2021-06-22 10:40:46,3634.9,63490
2021-06-22 10:40:47,3634.55,63491
2021-06-22 10:40:48,3634.05,63511
2021-06-22 10:40:48,3634.05,63511
2021-06-22 10:40:50,3634.05,63517
2021-06-22 10:40:52,3633.0,63808
2021-06-22 10:40:53,3633.0,63816
2021-06-22 10:40:54,3633.0,63816
2021-06-22 10:40:56,3633.0,63816
2021-06-22 10:40:57,3633.0,63816
2021-06-22 10:40:58,3633.9,63826
2021-06-22 10:40:59,3633.9,63826
2021-06-22 10:40:59,3633.9,63826
2021-06-22 10:41:00,3632.9,63841
2021-06-22 10:41:01,3633.8,63843
2021-06-22 10:41:02,3633.8,63843
2021-06-22 10:41:03,3633.8,63843
2021-06-22 10:41:04,3633.8,63843
2021-06-22 10:41:05,3633.8,63843
2021-06-22 10:41:06,3633.8,63843
2021-06-22 10:41:07,3633.8,63843
2021-06-22 10:41:10,3633.8,63843
2021-06-22 10:41:11,3632.9,63849
2021-06-22 10:41:11,3633.0,63851
2021-06-22 10:41:12,3633.0,63851
2021-06-22 10:41:13,3633.0,63851
2021-06-22 10:41:14,3633.1,63867
2021-06-22 10:41:15,3633.1,63867
2021-06-22 10:41:17,3633.1,63867
2021-06-22 10:41:17,3633.1,63867
2021-06-22 10:41:18,3633.1,63867
2021-06-22 10:41:20,3633.1,63867
2021-06-22 10:41:21,3633.1,63874
2021-06-22 10:41:24,3633.1,63874
2021-06-22 10:41:25,3633.1,63874
2021-06-22 10:41:27,3633.1,63893
2021-06-22 10:41:28,3634.0,63898
2021-06-22 10:41:29,3634.0,63898
2021-06-22 10:41:31,3634.0,63898
2021-06-22 10:41:31,3634.0,63898
2021-06-22 10:41:33,3634.0,63898
2021-06-22 10:41:34,3634.0,63908
2021-06-22 10:41:35,3633.1,63909
2021-06-22 10:41:35,3633.1,63909
2021-06-22 10:41:36,3633.1,63910
2021-06-22 10:41:37,3633.1,63910
2021-06-22 10:41:38,3633.1,63910
2021-06-22 10:41:39,3633.1,63910
2021-06-22 10:41:41,3633.05,63914
2021-06-22 10:41:42,3633.0,63944
2021-06-22 10:41:44,3633.0,63950
2021-06-22 10:41:44,3633.05,63952
2021-06-22 10:41:45,3633.05,63952
2021-06-22 10:41:46,3633.05,63952
2021-06-22 10:41:47,3633.05,63952
2021-06-22 10:41:49,3633.0,63956
2021-06-22 10:41:50,3633.05,63959
2021-06-22 10:41:50,3633.0,63963
2021-06-22 10:41:51,3633.0,63963
2021-06-22 10:41:52,3633.0,63983
2021-06-22 10:41:53,3633.05,63993
2021-06-22 10:41:54,3633.05,63993
2021-06-22 10:41:55,3633.05,63993
2021-06-22 10:41:56,3633.05,63993
2021-06-22 10:41:57,3633.05,63993
2021-06-22 10:41:59,3633.05,63993
2021-06-22 10:42:03,3632.9,64148
2021-06-22 10:42:04,3632.9,64160
2021-06-22 10:42:05,3632.9,64166
2021-06-22 10:42:07,3632.9,64166
2021-06-22 10:42:08,3632.9,64176
2021-06-22 10:42:08,3632.7,64177
2021-06-22 10:42:10,3632.7,64177
2021-06-22 10:42:11,3633.05,64181
2021-06-22 10:42:12,3633.05,64215
2021-06-22 10:42:12,3633.05,64220
2021-06-22 10:42:13,3633.0,64222
2021-06-22 10:42:15,3633.0,64227
2021-06-22 10:42:15,3633.0,64232
2021-06-22 10:42:17,3633.0,64239
2021-06-22 10:42:17,3634.4,64236
2021-06-22 10:42:18,3633.0,64239
2021-06-22 10:42:19,3634.7,64248
2021-06-22 10:42:20,3634.7,64248
2021-06-22 10:42:21,3634.7,64248
2021-06-22 10:42:22,3634.7,64248
2021-06-22 10:42:24,3633.8,64310
2021-06-22 10:42:25,3633.0,64312
2021-06-22 10:42:26,3633.0,64312
2021-06-22 10:42:26,3633.0,64312
2021-06-22 10:42:28,3633.0,64403
2021-06-22 10:42:29,3633.0,64411
2021-06-22 10:42:30,3633.7,64415
2021-06-22 10:42:31,3633.7,64415
2021-06-22 10:42:32,3633.7,64415
2021-06-22 10:42:33,3634.4,64536
2021-06-22 10:42:33,3633.2,64543
2021-06-22 10:42:34,3633.05,64544
2021-06-22 10:42:35,3633.7,64549
2021-06-22 10:42:36,3633.7,64549
2021-06-22 10:42:37,3633.7,64549
2021-06-22 10:42:38,3633.7,64549
2021-06-22 10:42:39,3633.7,64551
2021-06-22 10:42:40,3633.7,64551
2021-06-22 10:42:41,3633.7,64551
2021-06-22 10:42:42,3633.7,64551
2021-06-22 10:42:43,3635.45,64578
2021-06-22 10:42:45,3635.45,64582
2021-06-22 10:42:46,3635.45,64582
2021-06-22 10:42:48,3635.45,64586
2021-06-22 10:42:49,3635.45,64586
2021-06-22 10:42:50,3633.9,64645
2021-06-22 10:42:51,3633.9,64645
2021-06-22 10:42:52,3633.9,64645
2021-06-22 10:42:53,3633.9,64645
2021-06-22 10:42:54,3633.9,64645
2021-06-22 10:42:56,3633.0,65045
2021-06-22 10:42:57,3633.0,65053
2021-06-22 10:42:58,3632.95,65078
2021-06-22 10:42:59,3632.75,65079
2021-06-22 10:43:00,3632.75,65082
2021-06-22 10:43:01,3632.0,65088
2021-06-22 10:43:01,3632.0,65088
2021-06-22 10:43:02,3632.75,65092
2021-06-22 10:43:03,3632.75,65097
2021-06-22 10:43:04,3632.75,65099
2021-06-22 10:43:05,3632.75,65099
2021-06-22 10:43:06,3632.0,65103
2021-06-22 10:43:07,3632.25,65104
2021-06-22 10:43:09,3632.25,65104
2021-06-22 10:43:10,3632.4,65106
2021-06-22 10:43:11,3632.4,65106
2021-06-22 10:43:11,3632.4,65106
2021-06-22 10:43:12,3632.4,65106
2021-06-22 10:43:13,3632.4,65106
2021-06-22 10:43:14,3632.0,65118
2021-06-22 10:43:15,3632.0,65129
2021-06-22 10:43:16,3632.0,65136
2021-06-22 10:43:19,3631.05,65151
2021-06-22 10:43:20,3631.05,65151
2021-06-22 10:43:21,3631.05,65151
2021-06-22 10:43:22,3631.05,65151
2021-06-22 10:43:23,3631.05,65151
2021-06-22 10:43:24,3631.05,65151
2021-06-22 10:43:25,3631.1,65170
2021-06-22 10:43:26,3631.1,65170
2021-06-22 10:43:27,3631.1,65170
2021-06-22 10:43:28,3631.0,65212
2021-06-22 10:43:29,3631.1,65249
2021-06-22 10:43:30,3631.95,65272
2021-06-22 10:43:31,3631.95,65272
2021-06-22 10:43:32,3631.95,65272
2021-06-22 10:43:33,3631.95,65272
2021-06-22 10:43:35,3631.95,65272
2021-06-22 10:43:36,3631.95,65272
2021-06-22 10:43:37,3631.95,65272
2021-06-22 10:43:38,3631.95,65272
2021-06-22 10:43:39,3631.95,65294
2021-06-22 10:43:39,3631.95,65294
2021-06-22 10:43:40,3631.95,65294
2021-06-22 10:43:41,3631.95,65294
2021-06-22 10:43:42,3631.95,65294
2021-06-22 10:43:43,3631.95,65294
2021-06-22 10:43:44,3631.95,65294
2021-06-22 10:43:46,3631.95,65300
2021-06-22 10:43:47,3631.95,65301
2021-06-22 10:43:48,3631.95,65301
2021-06-22 10:43:49,3631.95,65301
2021-06-22 10:43:50,3631.95,65301
2021-06-22 10:43:51,3631.95,65301
2021-06-22 10:43:52,3631.95,65315
2021-06-22 10:43:53,3631.95,65341
2021-06-22 10:43:55,3631.95,65345
2021-06-22 10:43:56,3631.95,65345
2021-06-22 10:43:57,3631.95,65345
2021-06-22 10:43:58,3631.95,65347
2021-06-22 10:43:59,3631.55,65348
2021-06-22 10:44:00,3631.55,65353
2021-06-22 10:44:00,3631.55,65353
2021-06-22 10:44:01,3631.55,65353
2021-06-22 10:44:03,3631.95,65363
2021-06-22 10:44:04,3631.95,65366
2021-06-22 10:44:05,3631.95,65367
2021-06-22 10:44:06,3631.95,65367
2021-06-22 10:44:07,3631.95,65367
2021-06-22 10:44:08,3631.95,65373
2021-06-22 10:44:10,3631.95,65373
2021-06-22 10:44:11,3631.65,65379
2021-06-22 10:44:12,3631.65,65379
2021-06-22 10:44:13,3631.75,65380
2021-06-22 10:44:14,3631.65,65381
2021-06-22 10:44:15,3631.65,65381
2021-06-22 10:44:16,3631.7,65386
2021-06-22 10:44:17,3631.7,65386
2021-06-22 10:44:18,3631.7,65386
2021-06-22 10:44:19,3631.7,65386
2021-06-22 10:44:20,3631.7,65386
2021-06-22 10:44:21,3631.7,65386
2021-06-22 10:44:22,3631.7,65386
2021-06-22 10:44:23,3631.7,65386
2021-06-22 10:44:24,3631.7,65386
2021-06-22 10:44:24,3631.7,65386
2021-06-22 10:44:25,3631.7,65392
2021-06-22 10:44:26,3631.7,65392
2021-06-22 10:44:28,3631.7,65392
2021-06-22 10:44:29,3631.7,65392
2021-06-22 10:44:30,3631.7,65392
2021-06-22 10:44:31,3631.7,65394
2021-06-22 10:44:32,3631.7,65399
2021-06-22 10:44:33,3631.7,65404
2021-06-22 10:44:34,3631.7,65404
2021-06-22 10:44:35,3631.7,65409
2021-06-22 10:44:36,3631.7,65409
2021-06-22 10:44:37,3631.7,65409
2021-06-22 10:44:38,3631.7,65409
2021-06-22 10:44:39,3631.7,65409
2021-06-22 10:44:39,3631.7,65409
2021-06-22 10:44:40,3631.7,65420
2021-06-22 10:44:41,3631.7,65420
2021-06-22 10:44:42,3631.7,65420
2021-06-22 10:44:44,3631.7,65426
2021-06-22 10:44:45,3631.7,65426
2021-06-22 10:44:46,3631.7,65433
2021-06-22 10:44:47,3631.7,65433
2021-06-22 10:44:48,3631.7,65433
2021-06-22 10:44:49,3631.7,65433
2021-06-22 10:44:50,3631.7,65433
2021-06-22 10:44:51,3631.7,65433
2021-06-22 10:44:52,3631.7,65433
2021-06-22 10:44:53,3631.7,65433
2021-06-22 10:44:53,3631.7,65433
2021-06-22 10:44:54,3631.7,65433
2021-06-22 10:44:55,3631.7,65438
2021-06-22 10:44:56,3631.7,65438
2021-06-22 10:44:57,3631.75,65467
2021-06-22 10:44:59,3631.75,65469
2021-06-22 10:45:00,3631.75,65473
2021-06-22 10:45:01,3631.75,65473
2021-06-22 10:45:02,3631.7,65488
2021-06-22 10:45:02,3631.7,65488
2021-06-22 10:45:03,3631.7,65488
2021-06-22 10:45:04,3631.7,65488
2021-06-22 10:45:06,3631.85,65494
2021-06-22 10:45:07,3631.85,65494
2021-06-22 10:45:09,3631.95,65498
2021-06-22 10:45:10,3631.95,65498
2021-06-22 10:45:11,3631.9,65514
2021-06-22 10:45:14,3631.9,65514
2021-06-22 10:45:15,3631.9,65519
2021-06-22 10:45:17,3631.9,65519
2021-06-22 10:45:18,3631.95,65722
2021-06-22 10:45:19,3630.3,66098
2021-06-22 10:45:20,3630.0,66313
2021-06-22 10:45:20,3630.0,66358
2021-06-22 10:45:23,3630.1,66378
2021-06-22 10:45:24,3630.1,66378
2021-06-22 10:45:25,3630.1,66378
2021-06-22 10:45:26,3630.1,66378
2021-06-22 10:45:27,3630.1,66378
2021-06-22 10:45:30,3631.6,66445
2021-06-22 10:45:31,3631.6,66445
2021-06-22 10:45:32,3631.6,66445
2021-06-22 10:45:32,3631.6,66445
2021-06-22 10:45:34,3631.6,66445
2021-06-22 10:45:35,3631.6,66445
2021-06-22 10:45:36,3631.6,66445
2021-06-22 10:45:37,3630.0,66455
2021-06-22 10:45:38,3630.0,66463
2021-06-22 10:45:39,3631.35,66465
2021-06-22 10:45:41,3630.0,66471
2021-06-22 10:45:41,3630.0,66471
2021-06-22 10:45:43,3630.0,66471
2021-06-22 10:45:44,3631.45,66474
2021-06-22 10:45:45,3631.45,66474
2021-06-22 10:45:45,3631.45,66474
2021-06-22 10:45:46,3631.45,66474
2021-06-22 10:45:47,3631.45,66474
2021-06-22 10:45:49,3631.45,66474
2021-06-22 10:45:50,3630.0,66480
2021-06-22 10:45:51,3631.35,66483
2021-06-22 10:45:52,3631.35,66483
2021-06-22 10:45:53,3630.0,66488
2021-06-22 10:45:54,3631.2,66508
2021-06-22 10:45:55,3631.2,66508
2021-06-22 10:45:56,3631.2,66508
2021-06-22 10:45:57,3631.2,66508
2021-06-22 10:45:58,3630.0,66523
2021-06-22 10:45:59,3630.0,66523
2021-06-22 10:46:00,3630.0,66529
2021-06-22 10:46:01,3630.0,66530
2021-06-22 10:46:02,3630.0,66530
2021-06-22 10:46:03,3630.0,66530
