timestamp,ltp,volume
2021-06-22 09:16:37,958.95,62790
2021-06-22 09:16:48,958.95,64611
2021-06-22 09:16:53,959.35,65665
2021-06-22 09:16:58,958.5,67286
2021-06-22 09:17:03,959.15,69080
2021-06-22 09:17:08,959.35,69668
2021-06-22 09:17:14,959.65,72525
2021-06-22 09:17:19,959.8,73503
2021-06-22 09:17:24,959.75,74042
2021-06-22 09:17:29,959.95,74698
2021-06-22 09:17:34,959.85,75295
2021-06-22 09:17:39,959.7,77333
2021-06-22 09:17:44,959.85,79718
2021-06-22 09:17:49,959.8,81571
2021-06-22 09:17:54,958.8,83008
2021-06-22 09:18:00,958.2,86418
2021-06-22 09:18:06,957.85,88987
2021-06-22 09:18:11,957.9,89378
2021-06-22 09:18:16,957.35,89952
2021-06-22 09:18:22,957.4,90985
2021-06-22 09:18:27,957.4,93042
2021-06-22 09:18:32,956.65,98999
2021-06-22 09:18:37,957.5,101520
2021-06-22 09:18:42,956.85,103000
2021-06-22 09:18:47,956.85,103144
2021-06-22 09:18:57,957.75,105379
2021-06-22 09:19:02,958.15,105590
2021-06-22 09:19:07,957.85,105664
2021-06-22 09:19:12,957.65,106381
2021-06-22 09:19:17,958.0,106466
2021-06-22 09:19:22,957.0,107112
2021-06-22 09:19:27,957.25,107731
2021-06-22 09:19:31,957.0,107800
2021-06-22 09:19:36,957.0,108556
2021-06-22 09:19:41,957.0,108687
2021-06-22 09:19:46,957.1,109796
2021-06-22 09:19:51,957.1,110032
2021-06-22 09:19:56,957.1,110212
2021-06-22 09:20:01,957.05,110363
2021-06-22 09:20:06,957.0,111234
2021-06-22 09:20:10,957.0,111379
2021-06-22 09:20:15,957.3,111464
2021-06-22 09:20:20,957.3,111731
2021-06-22 09:20:25,957.15,112635
2021-06-22 09:20:30,957.3,112808
2021-06-22 09:20:35,957.35,113013
2021-06-22 09:20:40,957.5,113345
2021-06-22 09:20:44,957.45,113913
2021-06-22 09:20:49,957.0,114762
2021-06-22 09:20:54,957.25,115665
2021-06-22 09:20:59,957.0,115724
2021-06-22 09:21:03,957.25,115852
2021-06-22 09:21:08,957.05,115944
2021-06-22 09:21:13,957.2,116045
2021-06-22 09:21:18,957.05,116190
2021-06-22 09:21:22,957.05,116334
2021-06-22 09:21:27,957.05,117088
2021-06-22 09:21:32,955.8,120091
2021-06-22 09:21:37,955.65,120363
2021-06-22 09:21:38,955.35,120479
2021-06-22 09:21:39,955.3,120737
2021-06-22 09:21:40,955.65,120739
2021-06-22 09:21:41,955.0,121239
2021-06-22 09:21:42,955.0,121660
2021-06-22 09:21:43,955.0,122060
2021-06-22 09:21:44,955.3,122417
2021-06-22 09:21:45,955.0,122418
2021-06-22 09:21:46,955.3,122482
2021-06-22 09:21:47,955.3,122563
2021-06-22 09:21:48,955.3,122563
2021-06-22 09:21:49,955.3,122563
2021-06-22 09:21:50,955.3,122664
2021-06-22 09:21:51,955.3,122671
2021-06-22 09:21:53,955.0,122697
2021-06-22 09:21:54,955.0,122741
2021-06-22 09:21:55,955.3,122841
2021-06-22 09:21:56,955.0,125807
2021-06-22 09:21:57,954.6,125906
2021-06-22 09:21:58,954.85,125953
2021-06-22 09:21:59,954.5,125982
2021-06-22 09:22:00,954.8,126115
2021-06-22 09:22:01,954.5,126133
2021-06-22 09:22:02,954.5,126233
2021-06-22 09:22:03,954.5,126304
2021-06-22 09:22:04,954.5,126375
2021-06-22 09:22:05,954.1,126683
2021-06-22 09:22:06,954.1,127139
2021-06-22 09:22:07,954.6,127316
2021-06-22 09:22:08,954.6,127350
2021-06-22 09:22:09,954.8,128336
2021-06-22 09:22:10,954.15,129420
2021-06-22 09:22:11,954.0,129532
2021-06-22 09:22:12,954.45,131174
2021-06-22 09:22:13,953.7,131526
2021-06-22 09:22:16,954.0,131764
2021-06-22 09:22:17,954.4,132134
2021-06-22 09:22:19,954.9,133942
2021-06-22 09:22:20,954.3,134268
2021-06-22 09:22:21,954.3,134291
2021-06-22 09:22:22,954.85,134469
2021-06-22 09:22:23,954.9,134607
2021-06-22 09:22:24,954.9,135229
2021-06-22 09:22:25,954.85,135239
2021-06-22 09:22:26,954.9,135257
2021-06-22 09:22:27,955.45,135318
2021-06-22 09:22:28,954.75,135840
2021-06-22 09:22:29,954.75,135840
2021-06-22 09:22:30,955.35,136016
2021-06-22 09:22:31,955.35,136017
2021-06-22 09:22:32,955.25,136380
2021-06-22 09:22:33,955.35,136398
2021-06-22 09:22:34,955.35,136862
2021-06-22 09:22:35,954.9,136863
2021-06-22 09:22:36,954.9,137136
2021-06-22 09:22:37,955.3,137140
2021-06-22 09:22:38,954.9,137158
2021-06-22 09:22:39,954.95,137357
2021-06-22 09:22:40,955.4,137457
2021-06-22 09:22:41,955.3,137482
2021-06-22 09:22:42,955.3,138019
2021-06-22 09:22:43,955.6,138064
2021-06-22 09:22:45,955.65,138167
2021-06-22 09:22:46,955.3,138268
2021-06-22 09:22:47,955.3,138277
2021-06-22 09:22:48,955.6,138327
2021-06-22 09:22:50,955.6,138428
2021-06-22 09:22:51,955.6,138428
2021-06-22 09:22:52,955.3,138485
2021-06-22 09:22:53,955.6,139294
2021-06-22 09:22:54,955.15,139463
2021-06-22 09:22:55,955.5,139490
2021-06-22 09:22:56,955.5,139708
2021-06-22 09:22:57,955.5,139834
2021-06-22 09:22:57,955.5,139834
2021-06-22 09:22:59,955.6,140148
2021-06-22 09:23:00,955.5,140443
2021-06-22 09:23:01,955.5,140496
2021-06-22 09:23:02,955.5,140496
2021-06-22 09:23:04,955.05,141549
2021-06-22 09:23:05,955.0,141906
2021-06-22 09:23:06,955.0,141908
2021-06-22 09:23:08,955.0,142054
2021-06-22 09:23:09,955.0,142154
2021-06-22 09:23:10,955.35,142204
2021-06-22 09:23:12,955.3,142205
2021-06-22 09:23:13,955.3,142206
2021-06-22 09:23:14,955.3,142411
2021-06-22 09:23:15,955.3,142456
2021-06-22 09:23:16,955.3,142460
2021-06-22 09:23:18,955.3,142481
2021-06-22 09:23:18,955.3,142501
2021-06-22 09:23:19,955.0,142558
2021-06-22 09:23:21,955.3,142578
2021-06-22 09:23:22,955.3,142598
2021-06-22 09:23:23,955.0,142620
2021-06-22 09:23:24,955.0,144006
2021-06-22 09:23:26,954.8,144914
2021-06-22 09:23:27,954.5,145005
2021-06-22 09:23:28,954.9,145055
2021-06-22 09:23:29,954.9,145055
2021-06-22 09:23:30,954.6,145073
2021-06-22 09:23:31,954.55,145191
2021-06-22 09:23:32,954.5,145355
2021-06-22 09:23:33,954.5,145387
2021-06-22 09:23:34,954.4,145523
2021-06-22 09:23:34,954.4,145523
2021-06-22 09:23:35,954.3,145630
2021-06-22 09:23:36,954.2,145891
2021-06-22 09:23:37,954.55,145945
2021-06-22 09:23:38,954.2,146054
2021-06-22 09:23:39,954.55,146197
2021-06-22 09:23:40,954.55,146444
2021-06-22 09:23:41,954.2,146620
2021-06-22 09:23:42,954.8,146820
2021-06-22 09:23:43,954.8,146820
2021-06-22 09:23:44,954.75,146876
2021-06-22 09:23:46,955.0,147143
2021-06-22 09:23:45,954.55,146886
2021-06-22 09:23:47,954.6,147172
2021-06-22 09:23:48,954.6,147172
2021-06-22 09:23:49,954.5,147392
2021-06-22 09:23:50,954.6,147597
2021-06-22 09:23:51,954.45,147785
2021-06-22 09:23:52,954.45,147785
2021-06-22 09:23:53,954.75,147803
2021-06-22 09:23:54,954.75,147819
2021-06-22 09:23:55,954.75,147871
2021-06-22 09:23:56,954.55,147919
2021-06-22 09:23:57,954.55,147919
2021-06-22 09:23:59,954.5,149134
2021-06-22 09:24:01,954.2,150411
2021-06-22 09:24:02,954.55,150416
2021-06-22 09:24:04,954.55,150437
2021-06-22 09:24:05,954.55,150477
2021-06-22 09:24:05,954.55,150477
2021-06-22 09:24:06,954.7,150487
2021-06-22 09:24:07,954.5,150522
2021-06-22 09:24:08,954.6,150528
2021-06-22 09:24:09,954.6,150693
2021-06-22 09:24:10,954.6,150727
2021-06-22 09:24:11,954.6,150858
2021-06-22 09:24:12,954.6,150858
2021-06-22 09:24:13,954.6,151028
2021-06-22 09:24:14,954.6,151146
2021-06-22 09:24:15,954.9,152162
2021-06-22 09:24:16,954.95,152272
2021-06-22 09:24:17,954.6,152453
2021-06-22 09:24:18,954.5,152514
2021-06-22 09:24:20,954.5,152765
2021-06-22 09:24:19,954.6,152589
2021-06-22 09:24:21,954.5,152782
2021-06-22 09:24:22,954.9,153119
2021-06-22 09:24:23,954.3,153781
2021-06-22 09:24:24,954.3,153781
2021-06-22 09:24:25,954.5,153798
2021-06-22 09:24:26,954.5,154248
2021-06-22 09:24:27,954.55,154455
2021-06-22 09:24:28,954.3,154728
2021-06-22 09:24:30,954.55,155229
2021-06-22 09:24:32,954.6,155296
2021-06-22 09:24:33,953.5,161440
2021-06-22 09:24:34,953.45,161441
2021-06-22 09:24:35,953.3,161741
2021-06-22 09:24:36,953.45,162168
2021-06-22 09:24:37,953.45,162176
2021-06-22 09:24:38,953.45,162244
2021-06-22 09:24:39,953.45,162244
2021-06-22 09:24:40,953.45,162302
2021-06-22 09:24:41,953.45,162322
2021-06-22 09:24:42,953.05,162332
2021-06-22 09:24:43,953.45,162337
2021-06-22 09:24:44,953.45,162482
2021-06-22 09:24:45,953.0,162548
2021-06-22 09:24:46,953.0,162653
2021-06-22 09:24:47,953.0,162653
2021-06-22 09:24:48,953.0,163009
2021-06-22 09:24:49,953.35,164096
2021-06-22 09:24:50,953.35,164379
2021-06-22 09:24:51,953.35,164400
2021-06-22 09:24:53,953.6,166285
2021-06-22 09:24:54,953.65,166296
2021-06-22 09:24:55,953.65,166296
2021-06-22 09:24:56,953.65,166396
2021-06-22 09:24:57,953.1,168104
2021-06-22 09:24:58,953.1,168104
2021-06-22 09:24:59,953.45,168423
2021-06-22 09:25:00,953.45,168423
2021-06-22 09:25:01,953.2,168433
2021-06-22 09:25:02,953.6,168539
2021-06-22 09:25:03,953.6,168539
2021-06-22 09:25:04,953.6,168571
2021-06-22 09:25:05,953.5,169971
2021-06-22 09:25:06,953.5,169973
2021-06-22 09:25:07,953.6,170547
2021-06-22 09:25:08,953.6,170557
2021-06-22 09:25:09,953.75,171021
2021-06-22 09:25:10,953.8,171133
2021-06-22 09:25:11,953.85,171194
2021-06-22 09:25:12,953.85,171298
2021-06-22 09:25:13,953.85,172335
2021-06-22 09:25:14,953.85,172335
2021-06-22 09:25:15,954.25,172636
2021-06-22 09:25:16,954.25,172685
2021-06-22 09:25:17,954.25,172685
2021-06-22 09:25:18,954.05,172706
2021-06-22 09:25:19,953.85,173266
2021-06-22 09:25:20,954.35,174375
2021-06-22 09:25:21,954.4,174527
2021-06-22 09:25:23,954.35,174577
2021-06-22 09:25:24,954.4,174611
2021-06-22 09:25:25,954.6,174630
2021-06-22 09:25:26,954.6,174630
2021-06-22 09:25:27,954.4,174647
2021-06-22 09:25:28,954.6,174854
2021-06-22 09:25:31,954.85,175375
2021-06-22 09:25:32,954.75,175505
2021-06-22 09:25:34,954.25,176305
2021-06-22 09:25:35,954.7,176312
2021-06-22 09:25:36,954.7,176337
2021-06-22 09:25:37,954.85,176837
2021-06-22 09:25:37,954.45,176937
2021-06-22 09:25:38,954.85,177437
2021-06-22 09:25:39,954.95,177942
2021-06-22 09:25:42,954.55,178273
2021-06-22 09:25:43,954.75,178274
2021-06-22 09:25:44,954.75,178299
2021-06-22 09:25:46,954.75,178340
2021-06-22 09:25:47,954.9,178392
2021-06-22 09:25:48,954.55,178667
2021-06-22 09:25:49,954.55,178686
2021-06-22 09:25:50,954.9,178929
2021-06-22 09:25:50,954.5,178939
2021-06-22 09:25:51,954.75,179139
2021-06-22 09:25:52,954.85,179147
2021-06-22 09:25:53,954.85,179147
2021-06-22 09:25:56,954.75,179395
2021-06-22 09:25:57,954.7,179466
2021-06-22 09:25:59,954.75,179622
2021-06-22 09:26:00,954.6,179742
2021-06-22 09:26:00,954.6,179742
2021-06-22 09:26:01,954.6,179842
2021-06-22 09:26:02,955.0,180348
2021-06-22 09:26:03,955.0,180348
2021-06-22 09:26:04,954.95,180351
2021-06-22 09:26:05,954.7,180456
2021-06-22 09:26:06,954.7,180456
2021-06-22 09:26:08,954.7,180456
2021-06-22 09:26:09,954.75,180586
2021-06-22 09:26:10,954.9,180606
2021-06-22 09:26:11,954.9,180611
2021-06-22 09:26:12,954.9,180678
2021-06-22 09:26:13,953.95,188250
2021-06-22 09:26:14,954.0,188285
2021-06-22 09:26:15,954.0,188285
2021-06-22 09:26:16,953.9,188605
2021-06-22 09:26:17,953.9,188635
2021-06-22 09:26:18,953.9,188986
2021-06-22 09:26:19,953.9,189015
2021-06-22 09:26:20,953.9,189065
2021-06-22 09:26:21,953.5,189096
2021-06-22 09:26:22,953.9,189097
2021-06-22 09:26:23,953.9,189101
2021-06-22 09:26:23,953.9,189101
2021-06-22 09:26:24,953.6,189242
2021-06-22 09:26:25,953.9,189244
2021-06-22 09:26:26,953.6,189289
2021-06-22 09:26:27,953.6,189289
2021-06-22 09:26:28,953.6,189289
2021-06-22 09:26:29,953.6,189289
2021-06-22 09:26:30,953.9,189554
2021-06-22 09:26:31,953.9,189564
2021-06-22 09:26:32,953.9,189565
2021-06-22 09:26:33,953.9,189649
2021-06-22 09:26:34,954.0,190079
2021-06-22 09:26:35,954.0,193407
2021-06-22 09:26:37,954.05,194407
2021-06-22 09:26:37,954.05,194407
2021-06-22 09:26:38,954.9,194952
2021-06-22 09:26:39,954.65,194953
2021-06-22 09:26:40,954.65,195023
2021-06-22 09:26:42,954.65,195053
2021-06-22 09:26:43,954.85,195555
2021-06-22 09:26:44,954.8,195585
2021-06-22 09:26:46,954.75,195669
2021-06-22 09:26:47,954.75,195674
2021-06-22 09:26:48,954.75,195674
2021-06-22 09:26:49,954.55,195799
2021-06-22 09:26:50,954.55,195799
2021-06-22 09:26:51,954.55,195799
2021-06-22 09:26:52,954.45,195802
2021-06-22 09:26:55,954.05,195954
2021-06-22 09:26:56,954.9,196782
2021-06-22 09:26:58,954.6,197252
2021-06-22 09:26:59,954.6,197261
2021-06-22 09:27:00,954.6,197286
2021-06-22 09:27:02,954.5,198185
2021-06-22 09:27:03,954.9,198193
2021-06-22 09:27:04,955.1,199193
2021-06-22 09:27:05,954.9,199203
2021-06-22 09:27:06,954.9,199203
2021-06-22 09:27:07,954.6,199228
2021-06-22 09:27:08,954.6,199228
2021-06-22 09:27:09,955.0,199277
2021-06-22 09:27:10,955.0,199277
2021-06-22 09:27:10,955.0,199277
2021-06-22 09:27:12,954.65,199401
2021-06-22 09:27:12,955.0,199402
2021-06-22 09:27:15,954.45,200345
2021-06-22 09:27:18,954.6,200633
2021-06-22 09:27:19,954.75,200833
2021-06-22 09:27:20,954.75,200833
2021-06-22 09:27:21,954.5,200838
2021-06-22 09:27:22,954.6,201038
2021-06-22 09:27:23,954.7,201338
2021-06-22 09:27:24,954.6,201340
2021-06-22 09:27:25,954.25,201491
2021-06-22 09:27:26,954.6,201591
2021-06-22 09:27:27,954.6,201591
2021-06-22 09:27:28,954.5,201606
2021-06-22 09:27:29,954.75,201783
2021-06-22 09:27:30,954.7,201810
2021-06-22 09:27:31,954.7,201810
2021-06-22 09:27:32,954.5,202080
2021-06-22 09:27:33,954.5,202421
2021-06-22 09:27:34,954.5,202421
2021-06-22 09:27:35,954.05,202520
2021-06-22 09:27:36,954.5,202522
2021-06-22 09:27:37,954.3,202718
2021-06-22 09:27:38,954.05,202735
2021-06-22 09:27:39,954.05,202735
2021-06-22 09:27:40,954.0,202745
2021-06-22 09:27:41,954.2,202753
2021-06-22 09:27:42,954.2,202753
2021-06-22 09:27:43,954.2,202753
2021-06-22 09:27:44,954.45,202815
2021-06-22 09:27:45,954.45,202871
2021-06-22 09:27:46,954.45,202972
2021-06-22 09:27:47,954.45,202973
2021-06-22 09:27:48,954.45,202973
2021-06-22 09:27:49,954.45,202974
2021-06-22 09:27:50,954.45,202974
2021-06-22 09:27:51,954.45,203017
2021-06-22 09:27:52,954.4,203021
2021-06-22 09:27:53,954.45,203271
2021-06-22 09:27:54,954.85,205321
2021-06-22 09:27:55,954.85,205321
2021-06-22 09:27:56,954.5,205322
2021-06-22 09:27:57,954.85,205475
2021-06-22 09:27:59,954.55,205500
2021-06-22 09:28:00,954.85,205528
2021-06-22 09:28:01,955.2,205965
2021-06-22 09:28:02,955.2,206027
2021-06-22 09:28:03,955.2,206027
2021-06-22 09:28:04,955.25,206058
2021-06-22 09:28:05,954.85,206076
2021-06-22 09:28:06,954.9,206176
2021-06-22 09:28:07,954.9,206297
2021-06-22 09:28:08,954.85,206328
2021-06-22 09:28:09,954.85,206328
2021-06-22 09:28:10,954.9,206329
2021-06-22 09:28:11,954.9,206471
2021-06-22 09:28:12,954.9,206475
2021-06-22 09:28:13,954.9,206590
2021-06-22 09:28:14,954.75,206742
2021-06-22 09:28:15,955.15,207242
2021-06-22 09:28:16,955.15,207242
2021-06-22 09:28:16,954.95,207250
2021-06-22 09:28:18,954.95,207255
2021-06-22 09:28:20,955.15,207935
2021-06-22 09:28:21,955.15,207935
2021-06-22 09:28:22,955.15,207938
2021-06-22 09:28:23,954.9,208008
2021-06-22 09:28:23,954.9,208008
2021-06-22 09:28:25,954.85,208044
2021-06-22 09:28:26,954.85,208049
2021-06-22 09:28:27,954.85,208049
2021-06-22 09:28:28,954.9,208050
2021-06-22 09:28:29,954.85,208095
2021-06-22 09:28:30,954.85,208095
2021-06-22 09:28:31,955.15,208223
2021-06-22 09:28:32,955.15,208223
2021-06-22 09:28:33,954.9,208233
2021-06-22 09:28:33,955.15,208223
2021-06-22 09:28:34,954.9,208403
2021-06-22 09:28:35,954.9,208403
2021-06-22 09:28:37,954.9,209332
2021-06-22 09:28:37,954.9,209332
2021-06-22 09:28:39,954.5,209863
2021-06-22 09:28:39,954.95,209864
2021-06-22 09:28:41,954.5,209922
2021-06-22 09:28:42,954.95,210208
2021-06-22 09:28:43,954.5,210318
2021-06-22 09:28:44,954.95,210335
2021-06-22 09:28:45,954.95,210346
2021-06-22 09:28:47,954.65,210540
2021-06-22 09:28:48,954.55,210886
2021-06-22 09:28:49,954.95,210896
2021-06-22 09:28:49,954.95,210896
2021-06-22 09:28:51,954.95,210903
2021-06-22 09:28:52,954.7,210960
2021-06-22 09:28:53,954.7,210960
2021-06-22 09:28:54,954.7,210977
2021-06-22 09:28:55,954.7,211027
2021-06-22 09:28:56,954.65,211223
2021-06-22 09:28:57,954.95,211229
2021-06-22 09:28:58,954.95,211230
2021-06-22 09:28:59,954.95,211265
2021-06-22 09:29:00,955.0,211574
2021-06-22 09:29:01,954.75,211583
2021-06-22 09:29:02,954.75,211618
2021-06-22 09:29:03,954.65,211623
2021-06-22 09:29:04,955.0,211713
2021-06-22 09:29:05,955.0,211723
2021-06-22 09:29:06,955.0,211723
2021-06-22 09:29:07,954.9,211728
2021-06-22 09:29:08,955.0,211902
2021-06-22 09:29:09,955.0,211940
2021-06-22 09:29:10,955.0,211970
2021-06-22 09:29:11,955.0,211970
2021-06-22 09:29:12,955.0,212274
2021-06-22 09:29:13,955.0,212294
2021-06-22 09:29:14,955.0,212294
2021-06-22 09:29:16,955.0,212612
2021-06-22 09:29:17,955.0,212623
2021-06-22 09:29:18,954.95,212717
2021-06-22 09:29:19,955.0,212728
2021-06-22 09:29:20,955.0,212728
2021-06-22 09:29:21,954.8,212766
2021-06-22 09:29:22,954.7,212775
2021-06-22 09:29:23,954.75,212826
2021-06-22 09:29:24,954.75,212852
2021-06-22 09:29:25,954.75,212871
2021-06-22 09:29:28,955.0,213089
2021-06-22 09:29:29,955.15,213159
2021-06-22 09:29:30,954.75,213194
2021-06-22 09:29:31,955.15,213227
2021-06-22 09:29:32,955.15,213227
2021-06-22 09:29:33,955.0,213322
2021-06-22 09:29:34,955.3,213327
2021-06-22 09:29:35,954.85,213730
2021-06-22 09:29:36,955.2,213740
2021-06-22 09:29:37,955.0,213757
2021-06-22 09:29:38,955.0,213807
2021-06-22 09:29:39,955.0,213807
2021-06-22 09:29:41,955.3,214058
2021-06-22 09:29:42,955.25,214060
2021-06-22 09:29:43,955.25,214060
2021-06-22 09:29:44,955.25,214236
2021-06-22 09:29:46,955.25,214260
2021-06-22 09:29:47,955.4,214380
2021-06-22 09:29:48,955.4,214380
2021-06-22 09:29:49,955.45,214385
2021-06-22 09:29:52,955.45,214554
2021-06-22 09:29:53,955.05,214612
2021-06-22 09:29:54,955.05,214612
2021-06-22 09:29:55,954.95,215289
2021-06-22 09:29:56,955.35,215546
2021-06-22 09:29:57,955.35,215586
2021-06-22 09:29:58,955.35,215586
2021-06-22 09:29:59,955.35,215586
2021-06-22 09:30:00,955.35,215586
2021-06-22 09:30:01,955.2,215817
2021-06-22 09:30:02,955.2,215960
2021-06-22 09:30:03,955.2,215960
2021-06-22 09:30:04,955.2,215986
2021-06-22 09:30:05,955.45,215987
2021-06-22 09:30:06,955.4,216057
2021-06-22 09:30:07,954.75,216658
2021-06-22 09:30:08,955.2,217167
2021-06-22 09:30:09,954.75,217221
2021-06-22 09:30:10,954.55,217418
2021-06-22 09:30:11,954.4,218445
2021-06-22 09:30:12,954.35,218554
2021-06-22 09:30:13,954.35,218732
2021-06-22 09:30:14,954.6,218832
2021-06-22 09:30:15,954.3,218906
2021-06-22 09:30:16,954.25,219154
2021-06-22 09:30:16,954.25,219157
2021-06-22 09:30:17,954.0,219252
2021-06-22 09:30:18,954.0,219352
2021-06-22 09:30:19,954.25,219686
2021-06-22 09:30:20,953.6,223921
2021-06-22 09:30:21,953.9,223926
2021-06-22 09:30:22,953.9,224011
2021-06-22 09:30:23,953.9,224046
2021-06-22 09:30:24,953.9,224046
2021-06-22 09:30:26,953.9,224154
2021-06-22 09:30:27,953.5,224954
2021-06-22 09:30:28,953.6,224955
2021-06-22 09:30:29,953.9,224959
2021-06-22 09:30:30,953.55,224971
2021-06-22 09:30:31,953.9,225021
2021-06-22 09:30:32,953.9,225181
2021-06-22 09:30:33,953.5,225231
2021-06-22 09:30:34,953.5,225276
2021-06-22 09:30:35,953.5,225296
2021-06-22 09:30:36,953.9,225297
2021-06-22 09:30:37,953.6,225319
2021-06-22 09:30:38,953.55,225329
2021-06-22 09:30:39,953.6,225401
2021-06-22 09:30:40,954.4,226576
2021-06-22 09:30:41,953.9,226713
2021-06-22 09:30:43,953.9,227910
2021-06-22 09:30:44,953.9,228011
2021-06-22 09:30:45,953.9,228048
2021-06-22 09:30:46,953.9,228256
2021-06-22 09:30:47,954.0,228562
2021-06-22 09:30:49,953.9,228680
2021-06-22 09:30:50,953.8,228706
2021-06-22 09:30:51,954.25,228745
2021-06-22 09:30:52,954.25,228827
2021-06-22 09:30:53,954.0,228891
2021-06-22 09:30:54,953.8,229234
2021-06-22 09:30:55,954.25,229249
2021-06-22 09:30:56,954.0,229264
2021-06-22 09:30:57,954.0,229289
2021-06-22 09:30:58,954.0,229289
2021-06-22 09:30:59,954.05,229474
2021-06-22 09:31:00,954.05,229504
2021-06-22 09:31:01,954.25,229511
2021-06-22 09:31:02,954.0,230164
2021-06-22 09:31:03,954.4,230184
2021-06-22 09:31:04,954.0,230212
2021-06-22 09:31:05,954.0,230213
2021-06-22 09:31:06,954.0,230213
2021-06-22 09:31:07,954.0,230213
2021-06-22 09:31:08,954.05,230216
2021-06-22 09:31:09,954.05,230314
2021-06-22 09:31:10,954.05,230324
2021-06-22 09:31:11,954.35,230524
2021-06-22 09:31:12,954.35,230994
2021-06-22 09:31:14,954.0,231056
2021-06-22 09:31:17,953.95,231266
2021-06-22 09:31:18,954.35,231281
2021-06-22 09:31:19,954.35,231281
2021-06-22 09:31:20,954.35,231306
2021-06-22 09:31:21,954.35,231329
2021-06-22 09:31:22,953.95,231331
2021-06-22 09:31:24,954.05,231578
2021-06-22 09:31:25,954.4,231672
2021-06-22 09:31:26,954.0,231733
2021-06-22 09:31:27,954.05,231775
2021-06-22 09:31:28,953.95,231843
2021-06-22 09:31:29,953.95,231868
2021-06-22 09:31:30,954.3,231875
2021-06-22 09:31:32,954.0,231895
2021-06-22 09:31:34,954.3,231934
2021-06-22 09:31:33,954.0,231908
2021-06-22 09:31:35,954.05,232086
2021-06-22 09:31:36,954.0,232088
2021-06-22 09:31:37,954.05,232108
2021-06-22 09:31:39,954.05,232147
2021-06-22 09:31:43,954.2,232522
2021-06-22 09:31:47,953.95,232728
2021-06-22 09:31:51,953.75,232926
2021-06-22 09:31:55,954.05,233097
2021-06-22 09:31:59,953.65,233460
2021-06-22 09:32:08,954.05,233624
2021-06-22 09:32:11,954.05,233764
2021-06-22 09:32:15,954.05,233834
2021-06-22 09:32:19,954.3,234661
2021-06-22 09:32:24,954.4,234921
2021-06-22 09:32:28,954.2,234933
2021-06-22 09:32:32,954.4,235053
2021-06-22 09:32:36,954.5,235252
2021-06-22 09:32:40,954.5,235376
2021-06-22 09:32:45,954.6,236796
2021-06-22 09:32:49,954.05,236863
2021-06-22 09:32:53,954.5,236971
2021-06-22 09:32:57,953.75,249101
2021-06-22 09:33:02,954.0,249394
2021-06-22 09:33:06,953.6,252610
2021-06-22 09:33:10,953.6,253920
2021-06-22 09:33:14,953.55,254538
2021-06-22 09:33:18,953.15,255076
2021-06-22 09:33:22,953.05,255498
2021-06-22 09:33:26,953.4,255780
2021-06-22 09:33:30,953.05,256060
2021-06-22 09:33:34,953.4,256303
2021-06-22 09:33:43,953.1,256632
2021-06-22 09:33:47,953.4,256922
2021-06-22 09:33:51,953.15,257365
2021-06-22 09:33:56,953.4,257636
2021-06-22 09:34:00,953.4,258453
2021-06-22 09:34:04,953.7,259012
2021-06-22 09:34:09,953.7,259514
2021-06-22 09:34:13,953.7,259711
2021-06-22 09:34:18,953.85,260172
2021-06-22 09:34:22,954.0,261172
2021-06-22 09:34:26,953.95,261268
2021-06-22 09:34:30,953.85,261576
2021-06-22 09:34:35,953.25,265742
2021-06-22 09:34:39,953.95,265960
2021-06-22 09:34:43,954.0,266845
2021-06-22 09:34:46,954.0,274176
2021-06-22 09:34:50,954.0,274982
2021-06-22 09:34:54,954.0,275079
2021-06-22 09:34:58,954.0,275330
2021-06-22 09:35:02,953.85,275433
2021-06-22 09:35:06,953.95,275735
2021-06-22 09:35:10,953.85,276135
2021-06-22 09:35:14,953.95,276233
2021-06-22 09:35:18,953.95,276250
2021-06-22 09:35:22,953.85,276536
2021-06-22 09:35:26,953.95,276878
2021-06-22 09:35:30,953.85,277269
2021-06-22 09:35:34,953.95,277376
2021-06-22 09:35:43,953.55,278269
2021-06-22 09:35:47,953.9,278390
2021-06-22 09:35:51,953.85,278541
2021-06-22 09:35:55,953.85,279029
2021-06-22 09:35:59,953.85,279378
2021-06-22 09:36:03,954.0,280278
2021-06-22 09:36:07,953.45,282803
2021-06-22 09:36:11,953.45,283149
2021-06-22 09:36:16,953.45,283236
2021-06-22 09:36:19,953.25,283268
2021-06-22 09:36:23,953.45,283519
2021-06-22 09:36:32,953.05,294289
2021-06-22 09:36:36,953.1,296093
2021-06-22 09:36:40,953.05,296481
2021-06-22 09:36:54,953.45,297961
2021-06-22 09:36:58,953.45,298272
2021-06-22 09:37:03,953.45,298423
2021-06-22 09:37:07,953.45,298506
2021-06-22 09:37:11,953.45,298506
2021-06-22 09:37:15,953.45,298588
2021-06-22 09:37:24,953.1,299653
2021-06-22 09:37:29,952.85,301683
2021-06-22 09:37:33,952.85,302553
2021-06-22 09:37:37,952.6,302699
2021-06-22 09:37:42,952.85,303711
2021-06-22 09:37:46,952.85,304014
2021-06-22 09:37:50,952.85,309741
2021-06-22 09:37:54,952.9,309752
2021-06-22 09:38:03,952.85,310316
2021-06-22 09:38:07,952.85,311821
2021-06-22 09:38:11,952.85,312175
2021-06-22 09:38:15,953.6,314254
2021-06-22 09:38:19,953.65,315547
2021-06-22 09:38:23,953.65,315664
2021-06-22 09:38:27,953.15,315725
2021-06-22 09:38:31,953.35,315927
2021-06-22 09:38:35,953.65,315975
2021-06-22 09:38:39,953.65,316176
2021-06-22 09:38:43,953.3,316245
2021-06-22 09:38:47,953.3,316270
2021-06-22 09:38:51,953.6,316570
2021-06-22 09:38:55,953.6,316686
2021-06-22 09:39:02,953.6,317378
2021-06-22 09:39:06,953.35,317507
2021-06-22 09:39:11,953.6,318523
2021-06-22 09:39:15,953.5,318525
2021-06-22 09:39:19,953.5,318680
2021-06-22 09:39:24,953.6,318706
2021-06-22 09:39:28,953.6,319370
2021-06-22 09:39:32,953.6,320023
2021-06-22 09:39:37,953.1,320225
2021-06-22 09:39:41,953.25,320680
2021-06-22 09:39:46,953.0,321532
2021-06-22 09:39:50,952.95,323408
2021-06-22 09:39:54,953.05,323632
2021-06-22 09:39:59,952.65,323684
2021-06-22 09:40:03,952.65,324014
2021-06-22 09:40:12,953.0,324676
2021-06-22 09:40:16,952.65,324838
2021-06-22 09:40:21,952.9,325080
2021-06-22 09:40:25,952.7,325986
2021-06-22 09:40:29,952.7,326278
2021-06-22 09:40:33,952.9,326484
2021-06-22 09:40:38,952.9,326830
2021-06-22 09:40:42,952.9,326945
2021-06-22 09:40:50,952.6,327152
2021-06-22 09:40:54,952.9,327491
2021-06-22 09:40:59,952.6,327966
2021-06-22 09:41:03,952.65,329905
2021-06-22 09:41:07,952.25,330243
2021-06-22 09:41:12,952.0,333162
2021-06-22 09:41:16,952.2,333793
2021-06-22 09:41:19,952.0,341786
2021-06-22 09:41:23,952.2,345089
2021-06-22 09:41:27,952.0,346205
2021-06-22 09:41:32,952.2,347190
2021-06-22 09:41:40,951.5,347797
2021-06-22 09:41:44,951.95,348048
2021-06-22 09:41:52,951.8,348824
2021-06-22 09:41:55,951.8,349014
2021-06-22 09:41:59,951.7,350113
2021-06-22 09:42:02,951.0,356684
2021-06-22 09:42:06,951.0,357020
2021-06-22 09:42:09,950.55,359046
2021-06-22 09:42:13,950.5,360184
2021-06-22 09:42:16,950.85,361285
2021-06-22 09:42:19,950.65,362109
2021-06-22 09:42:23,951.8,366236
2021-06-22 09:42:27,951.05,367000
2021-06-22 09:42:30,951.5,367359
2021-06-22 09:42:34,951.2,367799
2021-06-22 09:42:38,951.5,368219
2021-06-22 09:42:42,951.5,370450
2021-06-22 09:42:46,951.5,371118
2021-06-22 09:42:49,951.5,371564
2021-06-22 09:42:53,951.7,372307
2021-06-22 09:42:57,951.3,373479
2021-06-22 09:43:00,951.5,375024
2021-06-22 09:43:04,951.5,376047
2021-06-22 09:43:08,951.7,376382
2021-06-22 09:43:12,951.85,377038
2021-06-22 09:43:16,951.65,377517
2021-06-22 09:43:19,951.85,377907
2021-06-22 09:43:23,951.5,378838
2021-06-22 09:43:27,951.8,379319
2021-06-22 09:43:30,951.75,379681
2021-06-22 09:43:34,951.5,379835
2021-06-22 09:43:37,952.0,380291
2021-06-22 09:43:41,951.6,381463
2021-06-22 09:43:48,951.4,383241
2021-06-22 09:43:52,951.2,383916
2021-06-22 09:43:55,951.15,386547
2021-06-22 09:43:59,951.15,387359
2021-06-22 09:44:03,951.1,387594
2021-06-22 09:44:06,951.15,389499
2021-06-22 09:44:10,951.0,392943
2021-06-22 09:44:14,950.25,396548
2021-06-22 09:44:18,950.0,401728
2021-06-22 09:44:26,950.3,404352
2021-06-22 09:44:29,950.1,405639
2021-06-22 09:44:34,950.0,406579
2021-06-22 09:44:41,950.15,407443
2021-06-22 09:44:45,950.25,408115
2021-06-22 09:44:49,950.4,409159
2021-06-22 09:44:54,950.4,409533
2021-06-22 09:44:58,950.45,409845
2021-06-22 09:45:06,950.55,412721
2021-06-22 09:45:10,950.55,412820
2021-06-22 09:45:14,950.5,413231
2021-06-22 09:45:18,950.6,413713
2021-06-22 09:45:22,950.6,413959
2021-06-22 09:45:25,950.95,414383
2021-06-22 09:45:29,950.95,414785
2021-06-22 09:45:33,950.55,418562
2021-06-22 09:45:37,950.5,419438
2021-06-22 09:45:40,950.15,420062
2021-06-22 09:45:44,950.15,422114
2021-06-22 09:45:48,950.15,422679
2021-06-22 09:45:52,950.2,423917
2021-06-22 09:45:56,950.35,425586
2021-06-22 09:46:01,950.15,425994
2021-06-22 09:46:05,950.1,429978
2021-06-22 09:46:09,949.5,443338
2021-06-22 09:46:14,949.4,445074
2021-06-22 09:46:18,949.75,446761
2021-06-22 09:46:22,949.2,447579
2021-06-22 09:46:26,949.2,448018
2021-06-22 09:46:31,949.45,449698
2021-06-22 09:46:35,949.4,450590
2021-06-22 09:46:38,949.4,450793
2021-06-22 09:46:38,949.4,450794
2021-06-22 09:46:39,949.3,451090
2021-06-22 09:46:41,949.4,451135
2021-06-22 09:46:45,949.45,452603
2021-06-22 09:46:45,949.85,452604
2021-06-22 09:46:47,949.5,452701
2021-06-22 09:46:48,949.5,452705
2021-06-22 09:46:49,949.8,452818
2021-06-22 09:46:50,949.8,452934
2021-06-22 09:46:51,950.0,453010
2021-06-22 09:46:54,950.0,461161
2021-06-22 09:46:55,950.0,461340
2021-06-22 09:46:56,949.7,461352
2021-06-22 09:46:57,950.1,461603
2021-06-22 09:46:57,950.1,461603
2021-06-22 09:46:59,950.0,461758
2021-06-22 09:47:00,950.0,462073
2021-06-22 09:47:01,950.1,462173
2021-06-22 09:47:04,950.1,462173
2021-06-22 09:47:05,949.6,462385
2021-06-22 09:47:06,949.65,462400
2021-06-22 09:47:07,950.0,462441
2021-06-22 09:47:08,950.0,462575
2021-06-22 09:47:09,950.0,462817
2021-06-22 09:47:10,949.65,462822
2021-06-22 09:47:11,949.65,462885
2021-06-22 09:47:13,950.0,462960
2021-06-22 09:47:13,949.95,463724
2021-06-22 09:47:15,949.9,463754
2021-06-22 09:47:15,949.5,463775
2021-06-22 09:47:17,950.0,464326
2021-06-22 09:47:17,950.0,464326
2021-06-22 09:47:20,949.8,464482
2021-06-22 09:47:20,949.75,464549
2021-06-22 09:47:22,950.0,465317
2021-06-22 09:47:23,950.0,465317
2021-06-22 09:47:24,949.75,465380
2021-06-22 09:47:25,950.0,465514
2021-06-22 09:47:26,950.0,465569
2021-06-22 09:47:27,950.0,465694
2021-06-22 09:47:27,950.0,465694
2021-06-22 09:47:28,950.0,465824
2021-06-22 09:47:29,950.0,465924
2021-06-22 09:47:31,950.7,470420
2021-06-22 09:47:32,950.2,470437
2021-06-22 09:47:33,950.15,470566
2021-06-22 09:47:33,950.15,470566
2021-06-22 09:47:34,950.15,470571
2021-06-22 09:47:36,950.6,470592
2021-06-22 09:47:37,950.6,470624
2021-06-22 09:47:38,950.6,471124
2021-06-22 09:47:39,950.6,471224
2021-06-22 09:47:41,950.6,471227
2021-06-22 09:47:42,950.7,471607
2021-06-22 09:47:43,950.6,471608
2021-06-22 09:47:44,950.7,471658
2021-06-22 09:47:45,950.2,471948
2021-06-22 09:47:46,950.25,472035
2021-06-22 09:47:46,950.6,472038
2021-06-22 09:47:47,950.45,472059
2021-06-22 09:47:48,950.55,472120
2021-06-22 09:47:49,950.2,472125
2021-06-22 09:47:50,950.55,473556
2021-06-22 09:47:51,950.2,473607
2021-06-22 09:47:52,950.55,473609
2021-06-22 09:47:53,950.05,473734
2021-06-22 09:47:55,950.45,474249
2021-06-22 09:47:56,950.2,474309
2021-06-22 09:47:59,950.45,474362
2021-06-22 09:48:00,950.45,474362
2021-06-22 09:48:01,950.45,474537
2021-06-22 09:48:02,950.4,474730
2021-06-22 09:48:03,950.4,474880
2021-06-22 09:48:04,950.4,475105
2021-06-22 09:48:05,950.4,475105
2021-06-22 09:48:07,950.4,475120
2021-06-22 09:48:08,950.4,475125
2021-06-22 09:48:09,950.4,475389
2021-06-22 09:48:10,950.45,476098
2021-06-22 09:48:11,950.25,476148
2021-06-22 09:48:12,950.45,476177
2021-06-22 09:48:13,950.4,477192
2021-06-22 09:48:13,950.4,477192
2021-06-22 09:48:14,950.0,477282
2021-06-22 09:48:15,950.0,477282
2021-06-22 09:48:16,950.0,477443
2021-06-22 09:48:17,950.35,477474
2021-06-22 09:48:19,950.4,477674
2021-06-22 09:48:21,950.4,477749
2021-06-22 09:48:22,950.4,477770
2021-06-22 09:48:23,950.4,477789
2021-06-22 09:48:24,950.45,477972
2021-06-22 09:48:25,950.45,477992
2021-06-22 09:48:26,950.45,478075
2021-06-22 09:48:27,950.45,478075
2021-06-22 09:48:28,950.45,478075
2021-06-22 09:48:29,950.45,478075
2021-06-22 09:48:30,950.45,478225
2021-06-22 09:48:32,950.45,478319
2021-06-22 09:48:33,950.45,478319
2021-06-22 09:48:35,950.2,478346
2021-06-22 09:48:37,950.45,478693
2021-06-22 09:48:38,950.1,478732
2021-06-22 09:48:39,950.45,478892
2021-06-22 09:48:40,950.45,479062
2021-06-22 09:48:41,950.45,479115
2021-06-22 09:48:41,950.45,479115
2021-06-22 09:48:42,950.45,479115
2021-06-22 09:48:43,950.3,479235
2021-06-22 09:48:44,950.2,479313
2021-06-22 09:48:47,950.45,479355
2021-06-22 09:48:48,950.45,479355
2021-06-22 09:48:49,950.45,479355
2021-06-22 09:48:50,950.45,480072
2021-06-22 09:48:51,950.5,480983
2021-06-22 09:48:56,950.45,481151
2021-06-22 09:48:56,950.45,481151
2021-06-22 09:48:57,950.5,481156
2021-06-22 09:48:58,950.5,481157
2021-06-22 09:48:59,950.5,481157
2021-06-22 09:49:01,950.45,481177
2021-06-22 09:49:02,950.45,481177
2021-06-22 09:49:03,950.5,481311
2021-06-22 09:49:04,950.5,481373
2021-06-22 09:49:05,950.5,481373
2021-06-22 09:49:06,950.5,481628
2021-06-22 09:49:07,950.45,481680
2021-06-22 09:49:07,950.45,481680
2021-06-22 09:49:08,950.5,481762
2021-06-22 09:49:09,950.5,481764
2021-06-22 09:49:10,950.85,481950
2021-06-22 09:49:12,950.85,481964
2021-06-22 09:49:13,950.5,481970
2021-06-22 09:49:14,950.5,482078
2021-06-22 09:49:15,950.8,482107
2021-06-22 09:49:16,950.8,482108
2021-06-22 09:49:19,950.45,484684
2021-06-22 09:49:19,950.5,484756
2021-06-22 09:49:20,950.5,484838
2021-06-22 09:49:21,950.5,484892
2021-06-22 09:49:22,950.75,485075
2021-06-22 09:49:24,950.75,485075
2021-06-22 09:49:26,950.5,485180
2021-06-22 09:49:27,950.95,485495
2021-06-22 09:49:28,951.0,485740
2021-06-22 09:49:29,951.0,485765
2021-06-22 09:49:30,951.0,485765
2021-06-22 09:49:31,951.0,485892
2021-06-22 09:49:32,950.95,485897
2021-06-22 09:49:33,950.75,485898
2021-06-22 09:49:34,950.75,485898
2021-06-22 09:49:35,950.95,485999
2021-06-22 09:49:37,951.0,486231
2021-06-22 09:49:38,951.0,486365
2021-06-22 09:49:39,951.0,486365
2021-06-22 09:49:40,951.0,486410
2021-06-22 09:49:41,951.0,486481
2021-06-22 09:49:42,950.95,486581
2021-06-22 09:49:43,951.0,486681
2021-06-22 09:49:44,951.0,487038
2021-06-22 09:49:45,951.0,487143
2021-06-22 09:49:46,951.0,487304
2021-06-22 09:49:46,951.0,487304
2021-06-22 09:49:47,951.0,487554
2021-06-22 09:49:48,950.75,487574
2021-06-22 09:49:49,951.0,487605
2021-06-22 09:49:50,951.0,487631
2021-06-22 09:49:51,951.0,487631
2021-06-22 09:49:53,951.0,487642
2021-06-22 09:49:54,950.75,487723
2021-06-22 09:49:55,950.75,487748
2021-06-22 09:49:56,951.0,487853
2021-06-22 09:49:57,951.0,487962
2021-06-22 09:49:58,950.75,487977
2021-06-22 09:49:59,951.0,488029
2021-06-22 09:49:59,951.0,488029
2021-06-22 09:50:00,950.95,488082
2021-06-22 09:50:02,950.95,488092
2021-06-22 09:50:04,950.7,488262
2021-06-22 09:50:05,950.95,488367
2021-06-22 09:50:06,950.95,488418
2021-06-22 09:50:08,950.8,488446
2021-06-22 09:50:08,950.8,488446
2021-06-22 09:50:09,950.8,488596
2021-06-22 09:50:12,950.7,488658
2021-06-22 09:50:13,950.8,488659
2021-06-22 09:50:14,950.8,488662
2021-06-22 09:50:15,950.8,488662
2021-06-22 09:50:16,950.7,488759
2021-06-22 09:50:17,950.7,488912
2021-06-22 09:50:18,950.7,488914
2021-06-22 09:50:19,950.7,489573
2021-06-22 09:50:20,950.7,489733
2021-06-22 09:50:21,950.55,489780
2021-06-22 09:50:22,950.7,489825
2021-06-22 09:50:22,950.7,489826
2021-06-22 09:50:24,950.7,490081
2021-06-22 09:50:25,950.7,490081
2021-06-22 09:50:26,950.6,490163
2021-06-22 09:50:27,950.7,490305
2021-06-22 09:50:28,950.7,490405
2021-06-22 09:50:29,950.7,490421
2021-06-22 09:50:30,950.7,490421
2021-06-22 09:50:31,950.7,490537
2021-06-22 09:50:32,950.8,490737
2021-06-22 09:50:33,950.7,490753
2021-06-22 09:50:34,950.7,490754
2021-06-22 09:50:35,950.7,490982
2021-06-22 09:50:36,950.8,490996
2021-06-22 09:50:37,950.8,490996
2021-06-22 09:50:37,950.8,490996
2021-06-22 09:50:38,950.8,491091
2021-06-22 09:50:39,950.8,491091
2021-06-22 09:50:41,950.8,491292
2021-06-22 09:50:42,950.8,491293
2021-06-22 09:50:43,950.8,491300
2021-06-22 09:50:44,950.8,491352
2021-06-22 09:50:45,950.8,491352
2021-06-22 09:50:46,950.8,491362
2021-06-22 09:50:47,950.8,491363
2021-06-22 09:50:48,950.8,491363
2021-06-22 09:50:49,950.8,491393
2021-06-22 09:50:50,950.8,491493
2021-06-22 09:50:51,950.8,491593
2021-06-22 09:50:52,950.8,491744
2021-06-22 09:50:53,950.8,491744
2021-06-22 09:50:54,950.8,491744
2021-06-22 09:50:55,950.8,491804
2021-06-22 09:50:56,950.75,491889
2021-06-22 09:50:57,950.8,491892
2021-06-22 09:50:57,950.8,491894
2021-06-22 09:50:58,950.8,491894
2021-06-22 09:51:00,950.8,491899
2021-06-22 09:51:01,950.75,491972
2021-06-22 09:51:02,950.8,492092
2021-06-22 09:51:03,950.8,492400
2021-06-22 09:51:04,950.8,492425
2021-06-22 09:51:05,950.75,492525
2021-06-22 09:51:06,950.8,492545
2021-06-22 09:51:06,950.8,492545
2021-06-22 09:51:07,950.8,492545
2021-06-22 09:51:09,950.8,492545
2021-06-22 09:51:10,950.75,492661
2021-06-22 09:51:11,950.8,492662
2021-06-22 09:51:12,950.8,492789
2021-06-22 09:51:16,950.8,493191
2021-06-22 09:51:17,950.8,493191
2021-06-22 09:51:18,950.8,493216
2021-06-22 09:51:20,950.8,493222
2021-06-22 09:51:21,950.8,493302
2021-06-22 09:51:22,950.8,493422
2021-06-22 09:51:23,950.8,493452
2021-06-22 09:51:24,950.8,493482
2021-06-22 09:51:25,950.9,493572
2021-06-22 09:51:26,950.8,493673
2021-06-22 09:51:27,950.75,493863
2021-06-22 09:51:28,950.95,494012
2021-06-22 09:51:30,950.95,494012
2021-06-22 09:51:31,950.95,494022
2021-06-22 09:51:32,950.95,494045
2021-06-22 09:51:33,950.95,494116
2021-06-22 09:51:34,950.95,494168
2021-06-22 09:51:35,950.95,494170
2021-06-22 09:51:36,951.85,498639
2021-06-22 09:51:37,951.85,498640
2021-06-22 09:51:41,951.95,499537
2021-06-22 09:51:47,951.85,500372
2021-06-22 09:51:51,952.0,500707
2021-06-22 09:51:55,952.0,500881
2021-06-22 09:51:59,951.9,501151
2021-06-22 09:52:03,952.0,502549
2021-06-22 09:52:07,952.0,502705
2021-06-22 09:52:10,952.0,502932
2021-06-22 09:52:13,952.1,505998
2021-06-22 09:52:17,952.5,507208
2021-06-22 09:52:21,952.55,507591
2021-06-22 09:52:24,952.75,508841
2021-06-22 09:52:28,952.7,509062
2021-06-22 09:52:31,952.25,509231
2021-06-22 09:52:34,952.3,510283
2021-06-22 09:52:38,952.35,511012
2021-06-22 09:52:41,952.35,511672
2021-06-22 09:52:44,952.5,512051
2021-06-22 09:52:52,952.5,512499
2021-06-22 09:52:56,952.5,512694
2021-06-22 09:52:59,952.8,513303
2021-06-22 09:53:03,952.35,514885
2021-06-22 09:53:06,952.8,515001
2021-06-22 09:53:10,952.55,515049
2021-06-22 09:53:13,952.75,515323
2021-06-22 09:53:17,952.7,515639
2021-06-22 09:53:21,952.55,515975
2021-06-22 09:53:24,953.1,519725
2021-06-22 09:53:28,952.5,519773
2021-06-22 09:53:31,952.95,520793
2021-06-22 09:53:35,952.9,520986
2021-06-22 09:53:38,952.95,520996
2021-06-22 09:53:41,952.5,521741
2021-06-22 09:53:45,952.9,521822
2021-06-22 09:53:49,952.9,521963
2021-06-22 09:53:52,952.9,521966
2021-06-22 09:53:55,952.85,523028
2021-06-22 09:53:58,952.5,523343
2021-06-22 09:54:02,952.85,523591
2021-06-22 09:54:05,952.85,523695
2021-06-22 09:54:09,952.85,523845
2021-06-22 09:54:12,952.85,524315
2021-06-22 09:54:15,952.9,524618
2021-06-22 09:54:19,952.6,524894
2021-06-22 09:54:22,952.8,524904
2021-06-22 09:54:25,952.55,525364
2021-06-22 09:54:33,952.8,525454
2021-06-22 09:54:36,952.65,525630
2021-06-22 09:54:39,952.65,526280
2021-06-22 09:54:43,952.65,526347
2021-06-22 09:54:46,952.65,526497
2021-06-22 09:54:49,952.5,526520
2021-06-22 09:54:53,952.6,531475
2021-06-22 09:54:57,952.6,531497
2021-06-22 09:55:00,952.6,532078
2021-06-22 09:55:04,952.6,532212
2021-06-22 09:55:07,952.4,532519
2021-06-22 09:55:14,952.45,533372
2021-06-22 09:55:17,952.45,533459
2021-06-22 09:55:20,952.45,533520
2021-06-22 09:55:24,952.45,533550
2021-06-22 09:55:27,952.05,533721
2021-06-22 09:55:31,952.05,534057
2021-06-22 09:55:34,951.9,534408
2021-06-22 09:55:38,951.9,534925
2021-06-22 09:55:41,952.3,535105
2021-06-22 09:55:44,951.9,535107
2021-06-22 09:55:47,951.95,535682
2021-06-22 09:55:51,951.95,535920
2021-06-22 09:55:54,952.3,535995
2021-06-22 09:55:57,951.85,536285
2021-06-22 09:56:00,951.85,536314
2021-06-22 09:56:04,952.3,536756
2021-06-22 09:56:07,952.1,536829
2021-06-22 09:56:10,952.35,537087
2021-06-22 09:56:14,952.55,537809
2021-06-22 09:56:18,952.8,538045
2021-06-22 09:56:28,953.0,540265
2021-06-22 09:56:31,953.0,540266
2021-06-22 09:56:35,952.65,540396
2021-06-22 09:56:38,953.0,541151
2021-06-22 09:56:38,953.0,541151
2021-06-22 09:56:40,953.0,541151
2021-06-22 09:56:41,953.0,541156
2021-06-22 09:56:42,952.6,541223
2021-06-22 09:56:42,952.6,541223
2021-06-22 09:56:43,953.0,541267
2021-06-22 09:56:44,953.0,541267
2021-06-22 09:56:46,952.6,541307
2021-06-22 09:56:47,952.6,541307
2021-06-22 09:56:48,952.95,541308
2021-06-22 09:56:48,952.6,541343
2021-06-22 09:56:49,952.6,541343
2021-06-22 09:56:51,952.6,541344
2021-06-22 09:56:53,952.6,541344
2021-06-22 09:56:53,952.95,541349
2021-06-22 09:56:55,952.95,541361
2021-06-22 09:56:55,952.95,541361
2021-06-22 09:56:56,952.95,541361
2021-06-22 09:56:57,952.6,541412
2021-06-22 09:56:58,952.95,541634
2021-06-22 09:57:00,952.95,541640
2021-06-22 09:57:01,952.95,541940
2021-06-22 09:57:02,952.65,541947
2021-06-22 09:57:03,952.95,542059
2021-06-22 09:57:05,952.95,542059
2021-06-22 09:57:06,953.0,542259
2021-06-22 09:57:07,953.0,542389
2021-06-22 09:57:07,953.0,542389
2021-06-22 09:57:08,952.65,542413
2021-06-22 09:57:09,953.0,542913
2021-06-22 09:57:10,952.95,542914
2021-06-22 09:57:11,952.95,542914
2021-06-22 09:57:12,952.95,542970
2021-06-22 09:57:13,952.65,543020
2021-06-22 09:57:14,952.95,543050
2021-06-22 09:57:15,952.95,543054
2021-06-22 09:57:16,952.65,543056
2021-06-22 09:57:17,952.6,543156
2021-06-22 09:57:18,952.6,543256
2021-06-22 09:57:19,952.6,543256
2021-06-22 09:57:20,952.9,543257
2021-06-22 09:57:21,952.9,543257
2021-06-22 09:57:22,952.9,545816
2021-06-22 09:57:23,953.1,545968
2021-06-22 09:57:25,953.1,546078
2021-06-22 09:57:25,953.0,546079
2021-06-22 09:57:27,953.0,546079
2021-06-22 09:57:28,953.1,546129
2021-06-22 09:57:28,953.1,546129
2021-06-22 09:57:29,953.1,546209
2021-06-22 09:57:30,953.1,546354
2021-06-22 09:57:31,953.1,546394
2021-06-22 09:57:32,953.1,546464
2021-06-22 09:57:33,953.1,546558
2021-06-22 09:57:34,952.9,546749
2021-06-22 09:57:36,953.1,546840
2021-06-22 09:57:37,953.1,547669
2021-06-22 09:57:38,953.2,547726
2021-06-22 09:57:39,953.2,547726
2021-06-22 09:57:40,953.2,547734
2021-06-22 09:57:41,953.35,548029
2021-06-22 09:57:42,953.35,548109
2021-06-22 09:57:43,953.1,548111
2021-06-22 09:57:43,953.35,548120
2021-06-22 09:57:45,953.2,548391
2021-06-22 09:57:46,953.2,548391
2021-06-22 09:57:47,953.35,548401
2021-06-22 09:57:48,953.35,548407
2021-06-22 09:57:49,953.3,548408
2021-06-22 09:57:50,953.3,548661
2021-06-22 09:57:51,953.3,548662
2021-06-22 09:57:52,953.0,548942
2021-06-22 09:57:53,953.3,549019
2021-06-22 09:57:54,953.3,549266
2021-06-22 09:57:55,953.3,549266
2021-06-22 09:57:56,953.3,549267
2021-06-22 09:57:57,953.3,549273
2021-06-22 09:57:58,953.3,549275
2021-06-22 09:57:59,953.05,549285
2021-06-22 09:58:00,953.3,549333
2021-06-22 09:58:01,953.3,549352
2021-06-22 09:58:02,953.0,549542
2021-06-22 09:58:04,953.3,549569
2021-06-22 09:58:04,953.3,549569
2021-06-22 09:58:05,953.5,550120
2021-06-22 09:58:06,953.05,550320
2021-06-22 09:58:08,953.05,550320
2021-06-22 09:58:09,953.0,550420
2021-06-22 09:58:10,953.0,550420
2021-06-22 09:58:11,953.0,550430
2021-06-22 09:58:11,953.3,550535
2021-06-22 09:58:12,953.3,550605
2021-06-22 09:58:13,953.3,550630
2021-06-22 09:58:15,953.3,550631
2021-06-22 09:58:16,953.0,550642
2021-06-22 09:58:17,953.0,550642
2021-06-22 09:58:19,953.5,551152
2021-06-22 09:58:20,953.0,551634
2021-06-22 09:58:21,953.0,551635
2021-06-22 09:58:23,953.35,551829
2021-06-22 09:58:24,953.35,551829
2021-06-22 09:58:25,953.3,551844
2021-06-22 09:58:26,953.35,551909
2021-06-22 09:58:27,953.35,551909
2021-06-22 09:58:28,953.35,551909
2021-06-22 09:58:28,953.05,551924
2021-06-22 09:58:30,953.05,551924
2021-06-22 09:58:31,953.05,552115
2021-06-22 09:58:31,953.05,552115
2021-06-22 09:58:32,953.0,552117
2021-06-22 09:58:33,953.25,552127
2021-06-22 09:58:34,953.0,552402
2021-06-22 09:58:35,953.25,552654
2021-06-22 09:58:37,953.25,552680
2021-06-22 09:58:37,953.25,552680
2021-06-22 09:58:38,953.25,552680
2021-06-22 09:58:40,953.25,552740
2021-06-22 09:58:41,953.25,552745
2021-06-22 09:58:42,953.25,552745
2021-06-22 09:58:43,953.25,552745
2021-06-22 09:58:44,953.25,552970
2021-06-22 09:58:45,953.25,552970
2021-06-22 09:58:46,953.25,552970
2021-06-22 09:58:47,953.25,552970
2021-06-22 09:58:48,953.25,552970
2021-06-22 09:58:49,953.0,552975
2021-06-22 09:58:50,953.25,553066
2021-06-22 09:58:51,953.25,553066
2021-06-22 09:58:52,953.25,553066
2021-06-22 09:58:53,953.25,553146
2021-06-22 09:58:53,953.25,553148
2021-06-22 09:58:54,953.25,553151
2021-06-22 09:58:55,953.25,553273
2021-06-22 09:58:57,953.2,553279
2021-06-22 09:58:58,953.1,553299
2021-06-22 09:58:59,953.1,553299
2021-06-22 09:59:00,953.2,553319
2021-06-22 09:59:01,953.2,553319
2021-06-22 09:59:02,953.2,553334
2021-06-22 09:59:03,953.0,553336
2021-06-22 09:59:05,953.2,553421
2021-06-22 09:59:06,953.2,553426
2021-06-22 09:59:06,953.2,553421
2021-06-22 09:59:07,953.2,553426
2021-06-22 09:59:08,953.2,553426
2021-06-22 09:59:09,953.2,554006
2021-06-22 09:59:10,953.2,554006
2021-06-22 09:59:11,953.2,554011
2021-06-22 09:59:12,953.0,555011
2021-06-22 09:59:13,953.0,555011
2021-06-22 09:59:14,953.0,555011
2021-06-22 09:59:16,953.2,555018
2021-06-22 09:59:16,953.2,555018
2021-06-22 09:59:17,953.2,555098
2021-06-22 09:59:18,953.0,555301
2021-06-22 09:59:19,953.0,555301
2021-06-22 09:59:20,952.95,555309
2021-06-22 09:59:21,952.95,555309
2021-06-22 09:59:22,952.95,555310
2021-06-22 09:59:24,953.0,555315
2021-06-22 09:59:25,953.0,555315
2021-06-22 09:59:25,953.0,555315
2021-06-22 09:59:26,953.0,555315
2021-06-22 09:59:27,953.0,555315
2021-06-22 09:59:28,952.9,555342
2021-06-22 09:59:29,952.9,555428
2021-06-22 09:59:30,953.05,555561
2021-06-22 09:59:31,953.3,555601
2021-06-22 09:59:32,953.3,555601
2021-06-22 09:59:33,953.3,555601
2021-06-22 09:59:34,952.95,555616
2021-06-22 09:59:36,953.0,555636
2021-06-22 09:59:38,953.2,555738
2021-06-22 09:59:41,953.0,555755
2021-06-22 09:59:42,953.0,555856
2021-06-22 09:59:43,953.0,555856
2021-06-22 09:59:44,953.2,555957
2021-06-22 09:59:46,953.0,555988
2021-06-22 09:59:47,953.0,555988
2021-06-22 09:59:48,953.0,556031
2021-06-22 09:59:49,953.0,556048
2021-06-22 09:59:50,953.2,556050
2021-06-22 09:59:52,952.8,558206
2021-06-22 09:59:53,952.6,558511
2021-06-22 09:59:54,952.95,558761
2021-06-22 09:59:55,952.8,558762
2021-06-22 09:59:56,952.6,558807
2021-06-22 09:59:57,952.9,558817
2021-06-22 09:59:58,952.6,558917
2021-06-22 09:59:59,952.6,558927
2021-06-22 10:00:00,952.6,558927
2021-06-22 10:00:01,952.6,558927
2021-06-22 10:00:02,952.6,558932
2021-06-22 10:00:03,952.5,559585
2021-06-22 10:00:04,952.65,559839
2021-06-22 10:00:06,952.65,559841
2021-06-22 10:00:07,952.65,559841
2021-06-22 10:00:08,952.6,559887
2021-06-22 10:00:09,952.6,559887
2021-06-22 10:00:10,952.6,559887
2021-06-22 10:00:11,952.6,559934
2021-06-22 10:00:12,952.5,559965
2021-06-22 10:00:12,952.5,559965
2021-06-22 10:00:13,952.5,560015
2021-06-22 10:00:14,952.5,560036
2021-06-22 10:00:15,952.5,560036
2021-06-22 10:00:17,952.45,560046
2021-06-22 10:00:18,952.45,560046
2021-06-22 10:00:20,952.6,560195
2021-06-22 10:00:20,952.6,560197
2021-06-22 10:00:22,952.55,560228
2021-06-22 10:00:23,952.55,560228
2021-06-22 10:00:24,952.5,560278
2021-06-22 10:00:25,952.5,560278
2021-06-22 10:00:27,952.5,560278
2021-06-22 10:00:28,952.5,560278
2021-06-22 10:00:29,952.55,560279
2021-06-22 10:00:30,952.55,560334
2021-06-22 10:00:31,952.55,560334
2021-06-22 10:00:31,952.55,560334
2021-06-22 10:00:33,952.55,560434
2021-06-22 10:00:35,952.55,560487
2021-06-22 10:00:36,952.5,560788
2021-06-22 10:00:37,952.45,560798
2021-06-22 10:00:38,952.5,560800
2021-06-22 10:00:38,952.5,560800
2021-06-22 10:00:39,952.5,560809
2021-06-22 10:00:41,952.5,560810
2021-06-22 10:00:42,952.45,560881
2021-06-22 10:00:42,952.45,560881
2021-06-22 10:00:43,952.45,560886
2021-06-22 10:00:45,952.5,561477
2021-06-22 10:00:46,952.5,561478
2021-06-22 10:00:47,952.45,561483
2021-06-22 10:00:48,952.45,561533
2021-06-22 10:00:48,952.45,561533
2021-06-22 10:00:49,952.5,561543
2021-06-22 10:00:50,952.15,561563
2021-06-22 10:00:51,952.25,561593
2021-06-22 10:00:52,952.5,561599
2021-06-22 10:00:54,952.5,561600
2021-06-22 10:00:55,952.5,561600
2021-06-22 10:00:57,952.5,561600
2021-06-22 10:00:58,952.5,561625
2021-06-22 10:00:59,952.25,561635
2021-06-22 10:01:00,952.25,561635
2021-06-22 10:01:00,952.5,561645
2021-06-22 10:01:01,952.5,561660
2021-06-22 10:01:03,952.5,561660
2021-06-22 10:01:04,952.5,561690
2021-06-22 10:01:05,952.5,561690
2021-06-22 10:01:06,952.5,561690
2021-06-22 10:01:07,952.25,561790
2021-06-22 10:01:08,952.5,561840
2021-06-22 10:01:09,952.5,561870
2021-06-22 10:01:10,952.5,561870
2021-06-22 10:01:11,952.15,561970
2021-06-22 10:01:12,952.15,561970
2021-06-22 10:01:13,952.15,561980
2021-06-22 10:01:14,952.15,561980
2021-06-22 10:01:15,952.15,561984
2021-06-22 10:01:16,952.15,561992
2021-06-22 10:01:17,952.15,562017
2021-06-22 10:01:18,952.15,562047
2021-06-22 10:01:19,952.15,562047
2021-06-22 10:01:20,952.05,562723
2021-06-22 10:01:21,952.05,562723
2021-06-22 10:01:23,952.0,562835
2021-06-22 10:01:24,952.3,562970
2021-06-22 10:01:25,952.0,563122
2021-06-22 10:01:27,952.4,563274
2021-06-22 10:01:28,952.4,563274
2021-06-22 10:01:30,952.35,563374
2021-06-22 10:01:31,952.0,563384
2021-06-22 10:01:33,952.05,563414
2021-06-22 10:01:34,952.05,563414
2021-06-22 10:01:35,952.2,563519
2021-06-22 10:01:37,952.2,563519
2021-06-22 10:01:38,952.0,563525
2021-06-22 10:01:41,952.0,563535
2021-06-22 10:01:44,952.0,563680
2021-06-22 10:01:48,952.0,563876
2021-06-22 10:01:51,952.2,564192
2021-06-22 10:01:55,952.0,564495
2021-06-22 10:01:59,952.0,564687
2021-06-22 10:02:02,952.15,564709
2021-06-22 10:02:05,952.0,564809
2021-06-22 10:02:08,952.0,564841
2021-06-22 10:02:11,952.0,564957
2021-06-22 10:02:14,952.15,564994
2021-06-22 10:02:17,952.15,565197
2021-06-22 10:02:21,952.15,565604
2021-06-22 10:02:25,952.05,565627
2021-06-22 10:02:28,952.2,566127
2021-06-22 10:02:32,952.2,566158
2021-06-22 10:02:35,952.0,566270
2021-06-22 10:02:39,952.0,566445
2021-06-22 10:02:42,952.05,566455
2021-06-22 10:02:46,952.15,566500
2021-06-22 10:02:49,952.05,566994
2021-06-22 10:02:53,952.15,567200
2021-06-22 10:02:57,952.2,567262
2021-06-22 10:03:00,952.2,568836
2021-06-22 10:03:04,952.7,569836
2021-06-22 10:03:10,952.5,569903
2021-06-22 10:03:14,952.0,570207
2021-06-22 10:03:17,952.0,570207
2021-06-22 10:03:20,952.0,570308
2021-06-22 10:03:24,952.2,570311
2021-06-22 10:03:27,952.0,570352
2021-06-22 10:03:34,952.2,570725
2021-06-22 10:03:38,952.0,571229
2021-06-22 10:03:42,952.1,571388
2021-06-22 10:03:46,952.1,571389
2021-06-22 10:03:49,952.1,571485
2021-06-22 10:03:52,952.4,571525
2021-06-22 10:03:56,952.4,571536
2021-06-22 10:03:59,952.4,571573
2021-06-22 10:04:03,952.4,571936
2021-06-22 10:04:06,952.4,572155
2021-06-22 10:04:10,952.5,572185
2021-06-22 10:04:14,952.5,572188
2021-06-22 10:04:17,952.5,572242
2021-06-22 10:04:21,952.5,572268
2021-06-22 10:04:24,952.3,572334
2021-06-22 10:04:27,952.25,572490
2021-06-22 10:04:30,953.0,574590
2021-06-22 10:04:33,953.0,574590
2021-06-22 10:04:41,952.2,575641
2021-06-22 10:04:45,952.35,575676
2021-06-22 10:04:48,952.35,575679
2021-06-22 10:04:51,952.2,575985
2021-06-22 10:04:55,952.35,576005
2021-06-22 10:04:58,952.2,576026
2021-06-22 10:05:01,952.35,576227
2021-06-22 10:05:05,952.35,576257
2021-06-22 10:05:08,952.4,576289
2021-06-22 10:05:11,952.5,576341
2021-06-22 10:05:15,952.25,576364
2021-06-22 10:05:21,952.5,576757
2021-06-22 10:05:25,952.15,576774
2021-06-22 10:05:29,952.0,577034
2021-06-22 10:05:32,952.35,577616
2021-06-22 10:05:36,952.15,577727
2021-06-22 10:05:39,952.15,577727
2021-06-22 10:05:42,952.35,577842
2021-06-22 10:05:52,951.7,579661
2021-06-22 10:05:55,951.75,580491
2021-06-22 10:05:58,951.75,580581
2021-06-22 10:06:02,951.7,581069
2021-06-22 10:06:05,951.2,581532
2021-06-22 10:06:08,951.6,581544
2021-06-22 10:06:11,951.6,581826
2021-06-22 10:06:15,951.1,581877
2021-06-22 10:06:18,951.45,581957
2021-06-22 10:06:21,951.45,582100
2021-06-22 10:06:24,951.1,582185
2021-06-22 10:06:27,951.1,582461
2021-06-22 10:06:34,951.35,582925
2021-06-22 10:06:37,951.1,582993
2021-06-22 10:06:40,951.35,583058
2021-06-22 10:06:43,951.1,583145
2021-06-22 10:06:53,951.3,586323
2021-06-22 10:06:56,951.2,586561
2021-06-22 10:06:59,951.3,586669
2021-06-22 10:07:03,951.3,586669
2021-06-22 10:07:06,951.2,586686
2021-06-22 10:07:09,950.85,591119
2021-06-22 10:07:13,950.75,591151
2021-06-22 10:07:16,950.5,592396
2021-06-22 10:07:19,950.9,592534
2021-06-22 10:07:23,950.9,592647
2021-06-22 10:07:26,950.9,592655
2021-06-22 10:07:29,950.75,592657
2021-06-22 10:07:32,950.75,592898
2021-06-22 10:07:35,950.65,593009
2021-06-22 10:07:39,950.6,593160
2021-06-22 10:07:42,950.6,593195
2021-06-22 10:07:45,950.6,593216
2021-06-22 10:07:48,950.85,593426
2021-06-22 10:07:51,950.85,593687
2021-06-22 10:07:54,950.7,593747
2021-06-22 10:07:57,950.7,593782
2021-06-22 10:08:00,950.9,593941
2021-06-22 10:08:03,951.0,593944
2021-06-22 10:08:06,951.0,594057
2021-06-22 10:08:09,951.0,594122
2021-06-22 10:08:12,951.25,595622
2021-06-22 10:08:15,950.75,596224
2021-06-22 10:08:18,951.25,596336
2021-06-22 10:08:21,951.3,596396
2021-06-22 10:08:24,951.3,596396
2021-06-22 10:08:27,951.3,596679
2021-06-22 10:08:30,951.3,596820
2021-06-22 10:08:33,951.3,596831
2021-06-22 10:08:36,951.3,596831
2021-06-22 10:08:39,951.3,596836
2021-06-22 10:08:42,951.3,596841
2021-06-22 10:08:46,951.3,596857
2021-06-22 10:08:49,951.0,597063
2021-06-22 10:08:52,951.0,597206
2021-06-22 10:08:56,951.3,597307
2021-06-22 10:08:59,951.3,597309
2021-06-22 10:09:02,951.3,597475
2021-06-22 10:09:05,951.3,597538
2021-06-22 10:09:08,951.05,597675
2021-06-22 10:09:11,951.3,597726
2021-06-22 10:09:14,951.3,597875
2021-06-22 10:09:17,951.3,597977
2021-06-22 10:09:21,951.3,598172
2021-06-22 10:09:24,951.4,598318
2021-06-22 10:09:31,951.05,598664
2021-06-22 10:09:35,951.35,598670
2021-06-22 10:09:39,951.35,598683
2021-06-22 10:09:42,951.35,598703
2021-06-22 10:09:45,951.35,598840
2021-06-22 10:09:49,951.35,599110
2021-06-22 10:09:52,951.3,599170
2021-06-22 10:09:55,951.35,599225
2021-06-22 10:09:58,951.1,599230
2021-06-22 10:10:01,951.35,599332
2021-06-22 10:10:04,951.05,599371
2021-06-22 10:10:07,950.95,601450
2021-06-22 10:10:10,950.95,601525
2021-06-22 10:10:13,950.95,601638
2021-06-22 10:10:17,950.95,601693
2021-06-22 10:10:20,950.95,601768
2021-06-22 10:10:23,951.05,601935
2021-06-22 10:10:26,951.05,601938
2021-06-22 10:10:29,950.95,602038
2021-06-22 10:10:32,951.1,602375
2021-06-22 10:10:35,951.1,602375
2021-06-22 10:10:42,951.1,602802
2021-06-22 10:10:45,950.95,602809
2021-06-22 10:10:48,950.95,602854
2021-06-22 10:10:51,950.55,604414
2021-06-22 10:10:58,950.8,609898
2021-06-22 10:11:01,950.8,609948
2021-06-22 10:11:05,950.7,610053
2021-06-22 10:11:08,950.7,610053
2021-06-22 10:11:11,950.7,610093
2021-06-22 10:11:15,950.7,610094
2021-06-22 10:11:17,950.6,610138
2021-06-22 10:11:20,950.7,610238
2021-06-22 10:11:24,950.45,610286
2021-06-22 10:11:27,950.45,610301
2021-06-22 10:11:30,950.7,610536
2021-06-22 10:11:33,950.65,610557
2021-06-22 10:11:36,950.4,610697
2021-06-22 10:11:39,950.65,611020
2021-06-22 10:11:42,950.65,611020
2021-06-22 10:11:45,950.6,611634
2021-06-22 10:11:48,950.6,611658
2021-06-22 10:11:51,950.55,612196
2021-06-22 10:11:57,950.7,612233
2021-06-22 10:12:00,951.2,612631
2021-06-22 10:12:03,951.0,612731
2021-06-22 10:12:06,951.0,612731
2021-06-22 10:12:09,950.85,612782
2021-06-22 10:12:12,951.15,612849
2021-06-22 10:12:15,951.15,612876
2021-06-22 10:12:18,951.15,612947
2021-06-22 10:12:21,950.85,613121
2021-06-22 10:12:24,951.2,613397
2021-06-22 10:12:27,951.2,613449
2021-06-22 10:12:31,950.85,613522
2021-06-22 10:12:34,950.85,613543
2021-06-22 10:12:37,951.0,613604
2021-06-22 10:12:41,951.2,613631
2021-06-22 10:12:44,951.2,613638
2021-06-22 10:12:47,951.2,613705
2021-06-22 10:12:50,951.2,613920
2021-06-22 10:12:54,951.2,613972
2021-06-22 10:12:57,951.0,613976
2021-06-22 10:13:00,951.2,614021
2021-06-22 10:13:02,951.2,614062
2021-06-22 10:13:05,951.2,614062
2021-06-22 10:13:08,951.05,614075
2021-06-22 10:13:11,951.05,614083
2021-06-22 10:13:14,951.05,614083
2021-06-22 10:13:17,951.2,614088
2021-06-22 10:13:20,951.05,614100
2021-06-22 10:13:23,951.2,614178
2021-06-22 10:13:26,951.2,614243
2021-06-22 10:13:29,951.2,614387
2021-06-22 10:13:32,951.2,614404
2021-06-22 10:13:35,951.2,614455
2021-06-22 10:13:38,951.0,614475
2021-06-22 10:13:41,951.0,614501
2021-06-22 10:13:44,951.2,614523
2021-06-22 10:13:47,951.2,614634
2021-06-22 10:13:50,951.0,614635
2021-06-22 10:13:53,951.0,614635
2021-06-22 10:13:56,951.1,614636
2021-06-22 10:13:59,951.3,615837
2021-06-22 10:14:02,951.15,616016
2021-06-22 10:14:05,951.5,616171
2021-06-22 10:14:08,951.15,616185
2021-06-22 10:14:11,951.2,616188
2021-06-22 10:14:14,951.3,616194
2021-06-22 10:14:17,951.3,616209
2021-06-22 10:14:20,951.3,616260
2021-06-22 10:14:23,951.5,616365
2021-06-22 10:14:26,951.25,616414
2021-06-22 10:14:29,951.5,616516
2021-06-22 10:14:32,951.3,616671
2021-06-22 10:14:35,951.5,616743
2021-06-22 10:14:37,951.3,616850
2021-06-22 10:14:40,951.5,616903
2021-06-22 10:14:43,951.5,616957
2021-06-22 10:14:46,951.3,616959
2021-06-22 10:14:49,951.3,616968
2021-06-22 10:14:52,951.5,617010
2021-06-22 10:14:55,951.3,617060
2021-06-22 10:14:58,951.5,617096
2021-06-22 10:15:01,951.35,617099
2021-06-22 10:15:04,951.5,617101
2021-06-22 10:15:07,951.35,617278
2021-06-22 10:15:10,951.35,617613
2021-06-22 10:15:13,951.8,617698
2021-06-22 10:15:16,951.35,617706
2021-06-22 10:15:19,951.6,617731
2021-06-22 10:15:22,951.35,617732
2021-06-22 10:15:25,951.5,617734
2021-06-22 10:15:28,951.5,617734
2021-06-22 10:15:31,951.5,617782
2021-06-22 10:15:37,951.5,617884
2021-06-22 10:15:40,951.8,618075
2021-06-22 10:15:46,951.6,618099
2021-06-22 10:15:49,951.65,618117
2021-06-22 10:15:52,951.8,618233
2021-06-22 10:15:54,951.8,618233
2021-06-22 10:15:57,951.65,618308
2021-06-22 10:16:00,951.65,618384
2021-06-22 10:16:03,951.55,618485
2021-06-22 10:16:06,951.65,619277
2021-06-22 10:16:08,951.5,620432
2021-06-22 10:16:11,951.55,620665
2021-06-22 10:16:14,951.5,620772
2021-06-22 10:16:22,951.65,620905
2021-06-22 10:16:25,951.6,621099
2021-06-22 10:16:28,951.7,621204
2021-06-22 10:16:31,951.8,621305
2021-06-22 10:16:33,951.8,621381
2021-06-22 10:16:37,951.8,621485
2021-06-22 10:16:40,951.65,621708
2021-06-22 10:16:43,951.65,621709
2021-06-22 10:16:46,951.85,621714
2021-06-22 10:16:48,951.85,621714
2021-06-22 10:16:51,951.85,621717
2021-06-22 10:16:54,951.85,621729
2021-06-22 10:16:57,951.85,621983
2021-06-22 10:17:00,951.7,622087
2021-06-22 10:17:02,951.8,622092
2021-06-22 10:17:05,951.8,622092
2021-06-22 10:17:08,951.8,622421
2021-06-22 10:17:11,951.7,622708
2021-06-22 10:17:14,951.8,622969
2021-06-22 10:17:17,951.7,623128
2021-06-22 10:17:20,951.65,624229
2021-06-22 10:17:22,951.65,624282
2021-06-22 10:17:25,951.6,624359
2021-06-22 10:17:28,951.6,624585
2021-06-22 10:17:31,951.6,624693
2021-06-22 10:17:34,951.6,624693
2021-06-22 10:17:36,951.6,624693
2021-06-22 10:17:39,951.6,624738
2021-06-22 10:17:42,951.6,624749
2021-06-22 10:17:45,951.6,624750
2021-06-22 10:17:48,951.5,624969
2021-06-22 10:17:51,951.5,624982
2021-06-22 10:17:54,951.5,625087
2021-06-22 10:17:57,951.5,625155
2021-06-22 10:18:00,951.5,625267
2021-06-22 10:18:03,951.5,625495
2021-06-22 10:18:09,951.5,625595
2021-06-22 10:18:12,951.75,625701
2021-06-22 10:18:15,951.75,625717
2021-06-22 10:18:18,951.5,625794
2021-06-22 10:18:21,951.75,625809
2021-06-22 10:18:24,951.5,625880
2021-06-22 10:18:28,951.5,625951
2021-06-22 10:18:31,951.5,625952
2021-06-22 10:18:37,951.6,626447
2021-06-22 10:18:40,951.9,626823
2021-06-22 10:18:43,951.6,626865
2021-06-22 10:18:46,951.6,626867
2021-06-22 10:18:49,951.9,626887
2021-06-22 10:18:51,951.9,626906
2021-06-22 10:18:54,951.75,626921
2021-06-22 10:18:57,951.95,626947
2021-06-22 10:18:59,951.95,627076
2021-06-22 10:19:02,951.95,627092
2021-06-22 10:19:05,951.75,627131
2021-06-22 10:19:07,951.95,627134
2021-06-22 10:19:10,951.95,627217
2021-06-22 10:19:15,951.95,627264
2021-06-22 10:19:18,951.8,627324
2021-06-22 10:19:21,951.95,627434
2021-06-22 10:19:24,951.85,627440
2021-06-22 10:19:27,951.95,627548
2021-06-22 10:19:31,951.95,627902
2021-06-22 10:19:34,951.95,628195
2021-06-22 10:19:37,951.95,628360
2021-06-22 10:19:40,951.85,628401
2021-06-22 10:19:43,951.95,628795
2021-06-22 10:19:47,951.95,629232
2021-06-22 10:19:50,951.95,629254
2021-06-22 10:19:53,952.0,629757
2021-06-22 10:19:56,952.0,629808
2021-06-22 10:19:59,952.3,630945
2021-06-22 10:20:02,952.3,631028
2021-06-22 10:20:05,952.0,631106
2021-06-22 10:20:08,952.0,631106
2021-06-22 10:20:11,952.0,631174
2021-06-22 10:20:14,952.0,631180
2021-06-22 10:20:16,951.95,631264
2021-06-22 10:20:19,952.0,631265
2021-06-22 10:20:22,952.0,631415
2021-06-22 10:20:25,952.0,631591
2021-06-22 10:20:28,952.0,631977
2021-06-22 10:20:33,952.4,632064
2021-06-22 10:20:36,952.0,632125
2021-06-22 10:20:39,952.0,632137
2021-06-22 10:20:41,952.05,632194
2021-06-22 10:20:44,952.0,632207
2021-06-22 10:20:47,952.0,632207
2021-06-22 10:20:49,952.0,632239
2021-06-22 10:20:52,952.0,632239
2021-06-22 10:20:57,952.1,632313
2021-06-22 10:20:59,952.1,633193
2021-06-22 10:21:06,952.4,633338
2021-06-22 10:21:08,952.4,633353
2021-06-22 10:21:11,952.5,633601
2021-06-22 10:21:14,952.2,633612
2021-06-22 10:21:17,952.4,633623
2021-06-22 10:21:19,952.1,634070
2021-06-22 10:21:22,952.4,634291
2021-06-22 10:21:25,952.2,634412
2021-06-22 10:21:28,952.2,634444
2021-06-22 10:21:31,952.2,634454
2021-06-22 10:21:33,952.2,634454
2021-06-22 10:21:36,952.2,634454
2021-06-22 10:21:39,952.2,634464
2021-06-22 10:21:42,952.2,634567
2021-06-22 10:21:44,952.5,635035
2021-06-22 10:21:47,952.55,635187
2021-06-22 10:21:50,952.7,635514
2021-06-22 10:21:53,952.5,635545
2021-06-22 10:21:55,952.7,635548
2021-06-22 10:21:58,952.75,635858
2021-06-22 10:22:01,952.5,636591
2021-06-22 10:22:03,952.3,636682
2021-06-22 10:22:06,952.6,636694
2021-06-22 10:22:08,952.7,636696
2021-06-22 10:22:11,952.7,636696
2021-06-22 10:22:13,952.7,636696
2021-06-22 10:22:16,952.6,636888
2021-06-22 10:22:19,952.6,636966
2021-06-22 10:22:22,952.6,637321
2021-06-22 10:22:24,952.35,637378
2021-06-22 10:22:26,952.35,637499
2021-06-22 10:22:29,952.35,637531
2021-06-22 10:22:31,952.7,637688
2021-06-22 10:22:34,952.3,637903
2021-06-22 10:22:36,952.3,638274
2021-06-22 10:22:39,952.2,638412
2021-06-22 10:22:41,952.3,638420
2021-06-22 10:22:43,952.3,638521
2021-06-22 10:22:46,952.2,638657
2021-06-22 10:22:54,952.3,639499
2021-06-22 10:22:57,952.35,639512
2021-06-22 10:22:59,952.65,639528
2021-06-22 10:23:02,952.7,639664
2021-06-22 10:23:05,952.35,639665
2021-06-22 10:23:10,952.35,639729
2021-06-22 10:23:13,952.4,639750
2021-06-22 10:23:15,952.4,639752
2021-06-22 10:23:17,952.35,639775
2021-06-22 10:23:20,952.35,639775
2021-06-22 10:23:22,952.4,639800
2021-06-22 10:23:25,952.65,640010
2021-06-22 10:23:28,952.4,640050
2021-06-22 10:23:30,952.7,640111
2021-06-22 10:23:33,952.7,640243
2021-06-22 10:23:36,952.5,640270
2021-06-22 10:23:38,952.65,640291
2021-06-22 10:23:41,952.5,640750
2021-06-22 10:23:44,952.5,640759
2021-06-22 10:23:47,952.5,640762
2021-06-22 10:23:49,952.5,640768
2021-06-22 10:23:52,952.7,640818
2021-06-22 10:23:55,952.5,640882
2021-06-22 10:23:57,952.5,640935
2021-06-22 10:24:00,952.7,640936
2021-06-22 10:24:02,952.5,640962
2021-06-22 10:24:05,952.7,641058
2021-06-22 10:24:08,952.5,641122
2021-06-22 10:24:11,952.7,641124
2021-06-22 10:24:13,952.5,641130
2021-06-22 10:24:16,952.5,641194
2021-06-22 10:24:18,952.7,641355
2021-06-22 10:24:21,952.55,641463
2021-06-22 10:24:23,952.7,641487
2021-06-22 10:24:26,952.55,641502
2021-06-22 10:24:28,952.55,641527
2021-06-22 10:24:31,952.7,641533
2021-06-22 10:24:34,952.55,641792
2021-06-22 10:24:37,952.65,642181
2021-06-22 10:24:40,952.5,642319
2021-06-22 10:24:45,952.55,642765
2021-06-22 10:24:48,952.55,642819
2021-06-22 10:24:50,952.55,642819
2021-06-22 10:24:53,952.55,643135
2021-06-22 10:24:56,952.55,643151
2021-06-22 10:24:59,952.6,643180
2021-06-22 10:25:02,952.55,643181
2021-06-22 10:25:05,952.6,643237
2021-06-22 10:25:08,952.6,643240
2021-06-22 10:25:13,952.55,643428
2021-06-22 10:25:18,952.6,643439
2021-06-22 10:25:25,952.7,645281
2021-06-22 10:25:27,952.7,645304
2021-06-22 10:25:30,952.7,645304
2021-06-22 10:25:33,952.5,645404
2021-06-22 10:25:36,952.7,645421
2021-06-22 10:25:38,952.7,645421
2021-06-22 10:25:41,952.7,645582
2021-06-22 10:25:43,952.7,645790
2021-06-22 10:25:46,952.7,645815
2021-06-22 10:25:49,952.85,646246
2021-06-22 10:25:52,952.85,646345
2021-06-22 10:25:55,952.85,646360
2021-06-22 10:25:58,952.85,646376
2021-06-22 10:26:01,952.7,646430
2021-06-22 10:26:03,952.7,646432
2021-06-22 10:26:06,952.7,646484
2021-06-22 10:26:09,952.85,646549
2021-06-22 10:26:12,952.7,646597
2021-06-22 10:26:15,952.6,646927
2021-06-22 10:26:17,952.7,647011
2021-06-22 10:26:20,952.6,647182
2021-06-22 10:26:22,952.7,647491
2021-06-22 10:26:25,952.6,647638
2021-06-22 10:26:27,952.7,647680
2021-06-22 10:26:30,952.6,647781
2021-06-22 10:26:32,952.85,648074
2021-06-22 10:26:35,952.7,648145
2021-06-22 10:26:38,952.7,648152
2021-06-22 10:26:40,952.6,648197
2021-06-22 10:26:43,952.7,648237
2021-06-22 10:26:45,952.7,648298
2021-06-22 10:26:48,952.85,648382
2021-06-22 10:26:51,952.85,648387
2021-06-22 10:26:53,952.85,648407
2021-06-22 10:26:56,952.85,648527
2021-06-22 10:26:59,952.85,648554
2021-06-22 10:27:04,952.8,648833
2021-06-22 10:27:07,952.8,648903
2021-06-22 10:27:10,952.8,648944
2021-06-22 10:27:13,952.9,648975
2021-06-22 10:27:16,952.8,648995
2021-06-22 10:27:19,952.8,649025
2021-06-22 10:27:21,952.8,649025
2021-06-22 10:27:25,952.9,650383
2021-06-22 10:27:27,952.7,650493
2021-06-22 10:27:31,952.7,650493
2021-06-22 10:27:34,952.8,650503
2021-06-22 10:27:37,953.0,650504
2021-06-22 10:27:39,952.8,650564
2021-06-22 10:27:42,952.6,650671
2021-06-22 10:27:45,953.0,651199
2021-06-22 10:27:48,952.6,651338
2021-06-22 10:27:50,952.6,651372
2021-06-22 10:27:53,952.6,652458
2021-06-22 10:27:55,952.65,652482
2021-06-22 10:27:58,952.7,652671
2021-06-22 10:28:01,952.65,652721
2021-06-22 10:28:04,952.65,652767
2021-06-22 10:28:07,952.65,652778
2021-06-22 10:28:10,952.95,652779
2021-06-22 10:28:13,952.95,652779
2021-06-22 10:28:15,952.7,652837
2021-06-22 10:28:21,952.7,653057
2021-06-22 10:28:23,952.6,653635
2021-06-22 10:28:26,952.6,653637
2021-06-22 10:28:29,952.6,653649
2021-06-22 10:28:35,952.7,654137
2021-06-22 10:28:38,952.7,654142
2021-06-22 10:28:40,952.95,654192
2021-06-22 10:28:44,952.6,654415
2021-06-22 10:28:47,952.65,654463
2021-06-22 10:28:50,953.0,655751
2021-06-22 10:28:52,952.75,655765
2021-06-22 10:28:58,952.95,655787
2021-06-22 10:29:01,952.7,655814
2021-06-22 10:29:04,952.7,655919
2021-06-22 10:29:06,952.7,655919
2021-06-22 10:29:10,952.7,656089
2021-06-22 10:29:12,952.95,656370
2021-06-22 10:29:15,952.65,656420
2021-06-22 10:29:18,953.0,656895
2021-06-22 10:29:23,953.0,657135
2021-06-22 10:29:26,952.75,657250
2021-06-22 10:29:29,952.75,657776
2021-06-22 10:29:31,953.0,661148
2021-06-22 10:29:34,952.5,661413
2021-06-22 10:29:36,952.5,661442
2021-06-22 10:29:39,952.5,661444
2021-06-22 10:29:41,952.85,661445
2021-06-22 10:29:44,952.85,661445
2021-06-22 10:29:46,952.85,661445
2021-06-22 10:29:48,952.85,661445
2021-06-22 10:29:50,952.5,661455
2021-06-22 10:29:53,952.85,661458
2021-06-22 10:29:55,952.85,661458
2021-06-22 10:29:58,952.5,661461
2021-06-22 10:30:00,952.5,661500
2021-06-22 10:30:03,952.65,661594
2021-06-22 10:30:05,952.45,663167
2021-06-22 10:30:08,952.2,663353
2021-06-22 10:30:10,952.2,663409
2021-06-22 10:30:12,952.2,663412
2021-06-22 10:30:15,952.2,663443
2021-06-22 10:30:17,952.2,663485
2021-06-22 10:30:20,952.2,663632
2021-06-22 10:30:22,952.2,663650
2021-06-22 10:30:27,952.2,663650
2021-06-22 10:30:30,952.2,663650
2021-06-22 10:30:32,952.3,663660
2021-06-22 10:30:36,952.3,664193
2021-06-22 10:30:38,952.2,664410
2021-06-22 10:30:41,952.55,664472
2021-06-22 10:30:43,952.2,664474
2021-06-22 10:30:46,952.3,664480
2021-06-22 10:30:48,952.3,664627
2021-06-22 10:30:50,952.3,664710
2021-06-22 10:30:53,952.3,664723
2021-06-22 10:30:55,952.2,664724
2021-06-22 10:30:58,952.2,664727
2021-06-22 10:31:00,952.2,664727
2021-06-22 10:31:02,952.5,665763
2021-06-22 10:31:05,952.45,665819
2021-06-22 10:31:07,952.05,665840
2021-06-22 10:31:13,952.0,665961
2021-06-22 10:31:15,952.0,665962
2021-06-22 10:31:18,952.0,666028
2021-06-22 10:31:21,952.0,666234
2021-06-22 10:31:26,952.05,666305
2021-06-22 10:31:28,952.0,666859
2021-06-22 10:31:31,952.0,667019
2021-06-22 10:31:33,952.0,667030
2021-06-22 10:31:35,952.0,667030
2021-06-22 10:31:38,952.0,667227
2021-06-22 10:31:41,952.0,667242
2021-06-22 10:31:44,952.0,667242
2021-06-22 10:31:46,952.0,667242
2021-06-22 10:31:49,952.0,667251
2021-06-22 10:31:52,952.0,667425
2021-06-22 10:31:55,952.0,667476
2021-06-22 10:31:58,952.05,667479
2021-06-22 10:32:01,952.0,667539
2021-06-22 10:32:03,952.0,667539
2021-06-22 10:32:05,952.0,667551
2021-06-22 10:32:10,952.0,667668
2021-06-22 10:32:13,952.0,667669
2021-06-22 10:32:15,952.0,667837
2021-06-22 10:32:17,952.0,667886
2021-06-22 10:32:20,952.0,667894
2021-06-22 10:32:23,952.05,667895
2021-06-22 10:32:25,952.0,667974
2021-06-22 10:32:28,952.45,668693
2021-06-22 10:32:30,952.1,668730
2021-06-22 10:32:33,952.1,668731
2021-06-22 10:32:36,952.45,668739
2021-06-22 10:32:38,952.05,668792
2021-06-22 10:32:41,952.05,668792
2021-06-22 10:32:43,952.05,668792
2021-06-22 10:32:46,952.05,668792
2021-06-22 10:32:49,952.05,668796
2021-06-22 10:32:51,952.05,668823
2021-06-22 10:32:54,952.05,668849
2021-06-22 10:32:56,952.05,668849
2021-06-22 10:32:59,952.05,668856
2021-06-22 10:33:02,952.05,668875
2021-06-22 10:33:07,952.05,668973
2021-06-22 10:33:09,951.85,672366
2021-06-22 10:33:12,951.8,672405
2021-06-22 10:33:14,951.85,672415
2021-06-22 10:33:17,951.7,672810
2021-06-22 10:33:20,951.7,672861
2021-06-22 10:33:23,951.75,672874
2021-06-22 10:33:26,951.85,673122
2021-06-22 10:33:29,951.7,673238
2021-06-22 10:33:31,951.5,678622
2021-06-22 10:33:34,951.7,678701
2021-06-22 10:33:36,951.5,678709
2021-06-22 10:33:38,951.7,678735
2021-06-22 10:33:41,951.5,678737
2021-06-22 10:33:43,951.7,678848
2021-06-22 10:33:46,951.4,679561
2021-06-22 10:33:48,951.4,679623
2021-06-22 10:33:51,951.4,679626
2021-06-22 10:33:53,951.4,679951
2021-06-22 10:33:55,951.4,679952
2021-06-22 10:33:57,951.5,680346
2021-06-22 10:33:59,951.4,680362
2021-06-22 10:34:04,951.5,680389
2021-06-22 10:34:07,951.5,680399
2021-06-22 10:34:09,951.45,680495
2021-06-22 10:34:13,951.45,680613
2021-06-22 10:34:16,951.45,680677
2021-06-22 10:34:18,951.4,680915
2021-06-22 10:34:21,951.4,681138
2021-06-22 10:34:27,951.5,681340
2021-06-22 10:34:30,951.5,681483
2021-06-22 10:34:33,951.4,681485
2021-06-22 10:34:36,951.45,681495
2021-06-22 10:34:38,951.45,681505
2021-06-22 10:34:41,951.45,681505
2021-06-22 10:34:44,951.35,682203
2021-06-22 10:34:46,951.3,682362
2021-06-22 10:34:49,951.25,682371
2021-06-22 10:34:51,951.3,682418
2021-06-22 10:34:54,951.25,682436
2021-06-22 10:34:56,951.2,682987
2021-06-22 10:34:59,951.2,683028
2021-06-22 10:35:02,951.2,683033
2021-06-22 10:35:05,951.3,683037
2021-06-22 10:35:07,951.2,683049
2021-06-22 10:35:10,951.3,683171
2021-06-22 10:35:13,951.5,684538
2021-06-22 10:35:16,951.35,684650
2021-06-22 10:35:18,951.35,684663
2021-06-22 10:35:21,951.3,684667
2021-06-22 10:35:24,951.5,684669
2021-06-22 10:35:27,951.5,684695
2021-06-22 10:35:30,951.5,684753
2021-06-22 10:35:33,951.4,684859
2021-06-22 10:35:37,951.5,684910
2021-06-22 10:35:40,951.5,684989
2021-06-22 10:35:43,951.4,685119
2021-06-22 10:35:45,951.3,685338
2021-06-22 10:35:48,951.4,685399
2021-06-22 10:35:51,951.4,686085
2021-06-22 10:36:00,951.3,686429
2021-06-22 10:36:02,951.4,686436
2021-06-22 10:36:06,951.5,686519
2021-06-22 10:36:09,951.5,686542
2021-06-22 10:36:12,951.5,686825
2021-06-22 10:36:15,951.5,686878
2021-06-22 10:36:18,951.25,686884
2021-06-22 10:36:21,951.5,687047
2021-06-22 10:36:25,951.25,687260
2021-06-22 10:36:28,951.5,687323
2021-06-22 10:36:31,951.25,687564
2021-06-22 10:36:34,951.25,687663
2021-06-22 10:36:36,951.25,687707
2021-06-22 10:36:39,951.5,687764
2021-06-22 10:36:42,951.25,687977
2021-06-22 10:36:45,951.25,688191
2021-06-22 10:36:48,951.25,688298
2021-06-22 10:36:54,951.25,688472
2021-06-22 10:36:56,951.25,688472
2021-06-22 10:36:59,951.1,688761
2021-06-22 10:37:01,951.1,688762
2021-06-22 10:37:04,951.0,689048
2021-06-22 10:37:08,950.85,692258
2021-06-22 10:37:11,950.8,692354
2021-06-22 10:37:14,950.75,692896
2021-06-22 10:37:17,950.75,693166
2021-06-22 10:37:19,950.65,693177
2021-06-22 10:37:22,950.85,693285
2021-06-22 10:37:25,950.85,693680
2021-06-22 10:37:28,950.65,693760
2021-06-22 10:37:31,950.7,693946
2021-06-22 10:37:33,950.65,694647
2021-06-22 10:37:36,950.65,694668
2021-06-22 10:37:38,950.65,694698
2021-06-22 10:37:41,950.6,695013
2021-06-22 10:37:43,950.8,695151
2021-06-22 10:37:46,950.65,695166
2021-06-22 10:37:48,950.65,695276
2021-06-22 10:37:51,950.7,695382
2021-06-22 10:37:54,950.8,696567
2021-06-22 10:37:57,950.85,696571
2021-06-22 10:37:59,950.7,696677
2021-06-22 10:38:01,950.8,696763
2021-06-22 10:38:04,950.8,696783
2021-06-22 10:38:07,950.8,696943
2021-06-22 10:38:10,950.8,697006
2021-06-22 10:38:12,950.75,697031
2021-06-22 10:38:15,950.7,697105
2021-06-22 10:38:17,950.7,697174
2021-06-22 10:38:20,950.7,697175
2021-06-22 10:38:22,950.7,697186
2021-06-22 10:38:25,950.8,697199
2021-06-22 10:38:27,950.7,697204
2021-06-22 10:38:29,950.85,698524
2021-06-22 10:38:32,950.85,698620
2021-06-22 10:38:34,951.0,698726
2021-06-22 10:38:36,951.0,698821
2021-06-22 10:38:39,950.8,698842
2021-06-22 10:38:44,950.8,698988
2021-06-22 10:38:47,951.0,698998
2021-06-22 10:38:49,951.0,699139
2021-06-22 10:38:55,951.4,700551
2021-06-22 10:38:58,951.75,700625
2021-06-22 10:39:00,951.4,700642
2021-06-22 10:39:03,951.3,700662
2021-06-22 10:39:05,951.3,700663
2021-06-22 10:39:08,951.3,700713
2021-06-22 10:39:10,951.7,700743
2021-06-22 10:39:12,951.7,700818
2021-06-22 10:39:15,951.3,700876
2021-06-22 10:39:18,951.7,700982
2021-06-22 10:39:21,951.75,701051
2021-06-22 10:39:23,951.4,701112
2021-06-22 10:39:26,951.4,702250
2021-06-22 10:39:29,951.7,702261
2021-06-22 10:39:34,951.4,702589
2021-06-22 10:39:37,951.4,703288
2021-06-22 10:39:41,951.85,703459
2021-06-22 10:39:44,951.8,703472
2021-06-22 10:39:46,951.75,703478
2021-06-22 10:39:49,951.8,703503
2021-06-22 10:39:51,951.8,703507
2021-06-22 10:39:54,951.45,703710
2021-06-22 10:39:57,951.3,704494
2021-06-22 10:40:01,951.0,704802
2021-06-22 10:40:04,951.05,704814
2021-06-22 10:40:07,951.3,705158
2021-06-22 10:40:11,951.05,705225
2021-06-22 10:40:14,951.0,705237
2021-06-22 10:40:16,951.3,705245
2021-06-22 10:40:19,951.3,705245
2021-06-22 10:40:21,951.3,705474
2021-06-22 10:40:24,951.0,705509
2021-06-22 10:40:26,951.0,705509
2021-06-22 10:40:28,951.3,705530
2021-06-22 10:40:31,951.05,705537
2021-06-22 10:40:33,951.0,706002
2021-06-22 10:40:35,951.3,706012
2021-06-22 10:40:38,951.05,706018
2021-06-22 10:40:41,951.05,706018
2021-06-22 10:40:43,951.05,706022
2021-06-22 10:40:46,951.05,706022
2021-06-22 10:40:48,951.05,706344
2021-06-22 10:40:51,951.05,706345
2021-06-22 10:40:53,951.05,706349
2021-06-22 10:40:56,951.05,706421
2021-06-22 10:40:58,951.05,706498
2021-06-22 10:41:01,951.05,706530
2021-06-22 10:41:03,950.75,714377
2021-06-22 10:41:07,950.95,714893
2021-06-22 10:41:10,950.75,714900
2021-06-22 10:41:12,950.75,714975
2021-06-22 10:41:15,950.95,715065
2021-06-22 10:41:17,950.8,715572
2021-06-22 10:41:20,950.5,716760
2021-06-22 10:41:23,950.5,717411
2021-06-22 10:41:25,950.75,717413
2021-06-22 10:41:28,950.5,717740
2021-06-22 10:41:30,950.55,717752
2021-06-22 10:41:33,950.75,717912
2021-06-22 10:41:36,950.75,717912
2021-06-22 10:41:38,950.5,718027
2021-06-22 10:41:41,950.5,718139
2021-06-22 10:41:43,950.45,720728
2021-06-22 10:41:46,950.55,720865
2021-06-22 10:41:48,950.25,721958
2021-06-22 10:41:51,950.25,722347
2021-06-22 10:41:53,950.25,722425
2021-06-22 10:41:56,950.25,722605
2021-06-22 10:41:59,950.3,722852
2021-06-22 10:42:01,950.3,722921
2021-06-22 10:42:04,950.45,722926
2021-06-22 10:42:07,950.25,723488
2021-06-22 10:42:09,950.45,723603
2021-06-22 10:42:12,950.3,723726
2021-06-22 10:42:15,950.7,724508
2021-06-22 10:42:18,950.4,724559
2021-06-22 10:42:20,950.4,724579
2021-06-22 10:42:22,950.4,724579
2021-06-22 10:42:24,950.4,724579
2021-06-22 10:42:28,950.55,724642
2021-06-22 10:42:31,950.4,724706
2021-06-22 10:42:34,950.4,724737
2021-06-22 10:42:37,950.4,724801
2021-06-22 10:42:40,950.4,724875
2021-06-22 10:42:43,950.4,724990
2021-06-22 10:42:46,950.35,725138
2021-06-22 10:42:49,950.35,725183
2021-06-22 10:42:52,950.4,725220
2021-06-22 10:42:55,950.35,725342
2021-06-22 10:42:57,950.35,725399
2021-06-22 10:43:00,950.35,725431
2021-06-22 10:43:02,950.35,725450
2021-06-22 10:43:05,950.3,725587
2021-06-22 10:43:08,950.3,725645
2021-06-22 10:43:10,950.2,726088
2021-06-22 10:43:15,950.2,726127
2021-06-22 10:43:17,950.2,726432
2021-06-22 10:43:20,950.2,726813
2021-06-22 10:43:24,950.2,726904
2021-06-22 10:43:26,950.2,726905
2021-06-22 10:43:29,950.35,726913
2021-06-22 10:43:32,950.35,727244
2021-06-22 10:43:34,950.35,728056
2021-06-22 10:43:36,950.35,728103
2021-06-22 10:43:39,950.5,728192
2021-06-22 10:43:41,950.35,728282
2021-06-22 10:43:44,950.35,728297
2021-06-22 10:43:47,950.4,728310
2021-06-22 10:43:50,951.0,729807
2021-06-22 10:43:52,950.65,729885
2021-06-22 10:43:55,950.65,729992
2021-06-22 10:43:57,951.0,730111
2021-06-22 10:44:00,951.0,730447
2021-06-22 10:44:02,951.0,730464
2021-06-22 10:44:05,950.75,730498
2021-06-22 10:44:07,951.0,730550
2021-06-22 10:44:12,950.7,730563
2021-06-22 10:44:14,950.95,730676
2021-06-22 10:44:16,950.65,730682
2021-06-22 10:44:18,950.65,730682
2021-06-22 10:44:23,950.65,730782
2021-06-22 10:44:25,950.25,733674
2021-06-22 10:44:27,950.1,733704
2021-06-22 10:44:29,950.1,733704
2021-06-22 10:44:31,950.1,733704
2021-06-22 10:44:34,950.25,733741
2021-06-22 10:44:36,950.1,733768
2021-06-22 10:44:38,950.1,733780
2021-06-22 10:44:40,950.25,733821
2021-06-22 10:44:42,950.25,733848
2021-06-22 10:44:45,950.55,734687
2021-06-22 10:44:48,950.95,734701
2021-06-22 10:44:50,950.6,734754
2021-06-22 10:44:53,950.6,734780
2021-06-22 10:44:55,950.45,735186
2021-06-22 10:44:57,950.5,735196
2021-06-22 10:45:00,950.6,735221
2021-06-22 10:45:03,950.65,735620
2021-06-22 10:45:06,950.55,735784
2021-06-22 10:45:09,950.55,735995
2021-06-22 10:45:11,951.0,736206
2021-06-22 10:45:14,950.6,736271
2021-06-22 10:45:16,950.6,736342
2021-06-22 10:45:19,950.6,736389
2021-06-22 10:45:24,950.5,736796
2021-06-22 10:45:26,950.95,736798
2021-06-22 10:45:31,950.95,736798
2021-06-22 10:45:33,950.9,736801
2021-06-22 10:45:35,950.95,736804
2021-06-22 10:45:38,950.5,737035
2021-06-22 10:45:42,950.4,737164
2021-06-22 10:45:44,950.3,737191
2021-06-22 10:45:47,950.3,737214
2021-06-22 10:45:49,950.3,737225
2021-06-22 10:45:51,950.5,737550
2021-06-22 10:45:53,950.3,737551
2021-06-22 10:45:55,950.3,737905
2021-06-22 10:45:57,950.35,737917
2021-06-22 10:45:59,950.35,737917
2021-06-22 10:46:02,950.3,738071
2021-06-22 10:46:05,950.35,738089
2021-06-22 10:46:08,950.25,738490
2021-06-22 10:46:11,950.25,738629
2021-06-22 10:46:13,950.5,739091
2021-06-22 10:46:17,950.25,739432
2021-06-22 10:46:23,950.35,739515
2021-06-22 10:46:26,950.4,739630
2021-06-22 10:46:29,950.8,739817
2021-06-22 10:46:32,950.4,739829
2021-06-22 10:46:35,950.9,739854
2021-06-22 10:46:37,950.5,739874
2021-06-22 10:46:38,950.45,739875
2021-06-22 10:46:39,950.45,739875
2021-06-22 10:46:40,950.4,739876
2021-06-22 10:46:41,950.8,739881
2021-06-22 10:46:42,950.8,739886
2021-06-22 10:46:43,950.8,739896
2021-06-22 10:46:44,950.45,739901
2021-06-22 10:46:45,951.0,741290
2021-06-22 10:46:46,951.0,741364
2021-06-22 10:46:47,950.5,741365
2021-06-22 10:46:48,950.5,741470
2021-06-22 10:46:49,950.5,741575
2021-06-22 10:46:50,951.0,741825
2021-06-22 10:46:51,950.55,741838
2021-06-22 10:46:52,950.55,741838
2021-06-22 10:46:53,950.55,741859
2021-06-22 10:46:54,950.95,741862
2021-06-22 10:46:55,951.0,742062
2021-06-22 10:46:56,951.0,742074
2021-06-22 10:46:57,950.6,742086
2021-06-22 10:46:58,951.0,742099
2021-06-22 10:46:59,950.6,742100
2021-06-22 10:47:00,950.6,742100
2021-06-22 10:47:01,951.0,742106
2021-06-22 10:47:02,951.0,742106
2021-06-22 10:47:03,951.0,742106
2021-06-22 10:47:04,951.0,742106
2021-06-22 10:47:05,950.6,742123
2021-06-22 10:47:06,950.6,742123
2021-06-22 10:47:07,950.6,742123
2021-06-22 10:47:08,950.95,742132
2021-06-22 10:47:09,950.6,742238
2021-06-22 10:47:10,950.6,742238
2021-06-22 10:47:11,950.95,742257
2021-06-22 10:47:12,950.95,742271
2021-06-22 10:47:13,950.95,742317
2021-06-22 10:47:14,950.6,742319
2021-06-22 10:47:15,950.6,742319
2021-06-22 10:47:16,950.6,742319
2021-06-22 10:47:17,950.95,742323
2021-06-22 10:47:18,950.95,742423
2021-06-22 10:47:19,950.6,742428
2021-06-22 10:47:20,950.6,742533
2021-06-22 10:47:21,950.6,742540
2021-06-22 10:47:22,950.6,742556
2021-06-22 10:47:23,950.6,742556
2021-06-22 10:47:24,950.6,742556
2021-06-22 10:47:25,950.6,742557
2021-06-22 10:47:26,950.6,742625
2021-06-22 10:47:27,950.95,742627
2021-06-22 10:47:28,950.95,742677
2021-06-22 10:47:29,950.65,742734
2021-06-22 10:47:31,950.95,742764
2021-06-22 10:47:32,950.95,742768
2021-06-22 10:47:33,950.65,742771
2021-06-22 10:47:34,950.65,742875
2021-06-22 10:47:36,950.95,742877
2021-06-22 10:47:37,950.6,742887
2021-06-22 10:47:38,950.6,742887
2021-06-22 10:47:39,950.95,742897
2021-06-22 10:47:40,950.6,742900
2021-06-22 10:47:41,950.95,743250
2021-06-22 10:47:42,950.65,743277
2021-06-22 10:47:43,950.65,743278
2021-06-22 10:47:44,950.65,743278
2021-06-22 10:47:45,950.95,743287
2021-06-22 10:47:46,950.95,743465
2021-06-22 10:47:47,950.45,750348
2021-06-22 10:47:48,950.45,750810
2021-06-22 10:47:49,950.35,750816
2021-06-22 10:47:50,950.45,750820
2021-06-22 10:47:51,950.45,750822
2021-06-22 10:47:52,950.45,750863
2021-06-22 10:47:53,950.35,750865
2021-06-22 10:47:54,950.45,752792
2021-06-22 10:47:55,950.15,752931
2021-06-22 10:47:56,950.15,752988
2021-06-22 10:47:57,950.15,752988
2021-06-22 10:47:58,950.15,752988
2021-06-22 10:47:59,950.15,752988
2021-06-22 10:48:00,950.15,753123
2021-06-22 10:48:01,950.15,753125
2021-06-22 10:48:02,950.2,753130
2021-06-22 10:48:03,950.15,753168
2021-06-22 10:48:04,950.15,753170
2021-06-22 10:48:05,950.15,753170
2021-06-22 10:48:06,950.15,753170
2021-06-22 10:48:07,950.2,753220
2021-06-22 10:48:08,950.15,753222
2021-06-22 10:48:10,950.55,753444
2021-06-22 10:48:09,950.15,753243
2021-06-22 10:48:11,950.2,753454
2021-06-22 10:48:12,950.2,753454
2021-06-22 10:48:13,950.2,753534
2021-06-22 10:48:14,950.2,753538
2021-06-22 10:48:15,950.2,753538
2021-06-22 10:48:16,950.2,753538
2021-06-22 10:48:17,950.2,753538
2021-06-22 10:48:18,950.2,753643
2021-06-22 10:48:19,950.2,753644
2021-06-22 10:48:20,950.5,753651
2021-06-22 10:48:22,950.5,753651
2021-06-22 10:48:22,950.5,753651
2021-06-22 10:48:23,950.2,753719
2021-06-22 10:48:24,950.2,753727
2021-06-22 10:48:25,950.2,753728
2021-06-22 10:48:26,950.2,753728
2021-06-22 10:48:29,950.2,753756
2021-06-22 10:48:30,950.2,753756
2021-06-22 10:48:31,950.5,753760
2021-06-22 10:48:31,950.5,753760
2021-06-22 10:48:32,950.2,753879
2021-06-22 10:48:33,950.2,753879
2021-06-22 10:48:34,950.15,753979
2021-06-22 10:48:35,950.15,753985
2021-06-22 10:48:36,950.15,753985
2021-06-22 10:48:37,950.5,754035
2021-06-22 10:48:38,950.2,754069
2021-06-22 10:48:39,950.2,754069
2021-06-22 10:48:40,950.2,754209
2021-06-22 10:48:42,950.5,754321
2021-06-22 10:48:41,950.5,754310
2021-06-22 10:48:43,950.2,754350
2021-06-22 10:48:44,950.2,754352
2021-06-22 10:48:45,950.2,754352
2021-06-22 10:48:46,950.2,754355
2021-06-22 10:48:47,950.5,754374
2021-06-22 10:48:49,950.5,754383
2021-06-22 10:48:50,950.5,754383
2021-06-22 10:48:50,950.5,754383
2021-06-22 10:48:51,950.5,754384
2021-06-22 10:48:52,950.2,754395
2021-06-22 10:48:53,950.2,754537
2021-06-22 10:48:54,950.4,757521
2021-06-22 10:48:55,950.1,757685
2021-06-22 10:48:56,950.1,757685
2021-06-22 10:48:57,950.1,757685
2021-06-22 10:48:58,950.45,757690
2021-06-22 10:48:59,950.25,757691
2021-06-22 10:49:00,950.45,757704
2021-06-22 10:49:01,950.1,757724
2021-06-22 10:49:02,950.1,757726
2021-06-22 10:49:03,950.25,757734
2021-06-22 10:49:04,950.25,757763
2021-06-22 10:49:06,950.2,757782
2021-06-22 10:49:06,950.2,757782
2021-06-22 10:49:07,950.1,757812
2021-06-22 10:49:09,950.1,757824
2021-06-22 10:49:11,950.1,757845
2021-06-22 10:49:12,950.1,757845
2021-06-22 10:49:13,950.1,757916
2021-06-22 10:49:14,950.15,757969
2021-06-22 10:49:15,950.15,757988
2021-06-22 10:49:16,950.15,757988
2021-06-22 10:49:17,950.2,758038
2021-06-22 10:49:18,950.2,758141
2021-06-22 10:49:20,950.5,759010
2021-06-22 10:49:20,950.2,759012
2021-06-22 10:49:21,950.15,759029
2021-06-22 10:49:22,950.15,759030
2021-06-22 10:49:23,950.5,759038
2021-06-22 10:49:25,950.15,759051
2021-06-22 10:49:26,950.15,759076
2021-06-22 10:49:27,950.5,759105
2021-06-22 10:49:28,950.5,759231
2021-06-22 10:49:29,950.15,759238
2021-06-22 10:49:30,950.5,759248
2021-06-22 10:49:31,950.5,759257
2021-06-22 10:49:32,950.5,759257
2021-06-22 10:49:33,950.2,759266
2021-06-22 10:49:34,950.2,759266
2021-06-22 10:49:35,950.35,759267
2021-06-22 10:49:36,950.15,790561
2021-06-22 10:49:37,950.15,790561
2021-06-22 10:49:38,950.15,790561
2021-06-22 10:49:39,950.15,790561
2021-06-22 10:49:40,950.15,790561
2021-06-22 10:49:41,950.0,790773
2021-06-22 10:49:42,950.4,790774
2021-06-22 10:49:43,950.4,790788
2021-06-22 10:49:44,950.4,790788
2021-06-22 10:49:45,950.0,791014
2021-06-22 10:49:46,950.0,791014
2021-06-22 10:49:47,950.15,791016
2021-06-22 10:49:48,950.15,791016
2021-06-22 10:49:49,950.0,791055
2021-06-22 10:49:50,950.15,791070
2021-06-22 10:49:51,950.15,791070
2021-06-22 10:49:53,950.15,791120
2021-06-22 10:49:53,950.15,791120
2021-06-22 10:49:54,950.0,793512
2021-06-22 10:49:55,950.0,793512
2021-06-22 10:49:56,950.0,793512
2021-06-22 10:49:57,950.0,794448
2021-06-22 10:49:58,950.0,794948
2021-06-22 10:49:59,950.15,794968
2021-06-22 10:50:01,950.0,795089
2021-06-22 10:50:02,950.0,795089
2021-06-22 10:50:03,950.15,795289
2021-06-22 10:50:04,950.15,795289
2021-06-22 10:50:05,950.2,795734
2021-06-22 10:50:06,950.2,795734
2021-06-22 10:50:07,950.0,795795
2021-06-22 10:50:08,950.0,795915
2021-06-22 10:50:09,950.2,795945
2021-06-22 10:50:10,949.8,798000
2021-06-22 10:50:11,950.2,798220
2021-06-22 10:50:12,949.95,798278
2021-06-22 10:50:13,950.0,798578
2021-06-22 10:50:14,950.0,798708
2021-06-22 10:50:15,950.2,798710
2021-06-22 10:50:16,950.2,798710
2021-06-22 10:50:17,950.2,798710
2021-06-22 10:50:18,950.0,798784
2021-06-22 10:50:19,950.2,799543
2021-06-22 10:50:20,950.2,799543
2021-06-22 10:50:21,950.15,799915
2021-06-22 10:50:22,950.5,799923
2021-06-22 10:50:24,950.5,799923
2021-06-22 10:50:25,949.85,800723
2021-06-22 10:50:26,949.85,800723
2021-06-22 10:50:26,949.85,800723
2021-06-22 10:50:28,950.45,800949
2021-06-22 10:50:29,950.45,800957
2021-06-22 10:50:30,950.45,800976
2021-06-22 10:50:30,950.45,800976
2021-06-22 10:50:31,950.45,800976
2021-06-22 10:50:32,950.45,800986
2021-06-22 10:50:33,950.45,800986
2021-06-22 10:50:35,950.15,800987
2021-06-22 10:50:36,950.15,800987
2021-06-22 10:50:37,950.45,800997
2021-06-22 10:50:38,950.45,800997
2021-06-22 10:50:39,950.45,800997
2021-06-22 10:50:40,950.0,803863
2021-06-22 10:50:41,950.0,804293
2021-06-22 10:50:43,950.0,804454
2021-06-22 10:50:43,950.0,804454
2021-06-22 10:50:44,949.85,805054
2021-06-22 10:50:45,950.0,805126
2021-06-22 10:50:46,950.0,805144
2021-06-22 10:50:48,949.95,805152
2021-06-22 10:50:48,949.95,805198
2021-06-22 10:50:49,950.0,805270
2021-06-22 10:50:50,950.0,805270
2021-06-22 10:50:51,950.0,805870
2021-06-22 10:50:52,950.0,805980
2021-06-22 10:50:53,949.95,806098
2021-06-22 10:50:54,950.0,807333
2021-06-22 10:50:55,950.0,807334
2021-06-22 10:50:56,949.95,807485
2021-06-22 10:50:57,950.0,807507
2021-06-22 10:50:58,950.0,807569
2021-06-22 10:50:59,949.85,807651
2021-06-22 10:51:01,950.0,807719
2021-06-22 10:51:02,950.0,807729
2021-06-22 10:51:03,950.0,807771
2021-06-22 10:51:04,949.95,807822
2021-06-22 10:51:05,950.0,807874
2021-06-22 10:51:05,949.8,808320
2021-06-22 10:51:06,950.0,808321
2021-06-22 10:51:07,950.0,808355
2021-06-22 10:51:08,950.0,808375
2021-06-22 10:51:10,950.0,808466
2021-06-22 10:51:11,950.0,808476
2021-06-22 10:51:12,950.0,808478
2021-06-22 10:51:13,950.0,808478
2021-06-22 10:51:14,950.0,808479
2021-06-22 10:51:15,950.0,808479
2021-06-22 10:51:16,950.0,808489
2021-06-22 10:51:17,950.0,808513
2021-06-22 10:51:18,950.0,809162
2021-06-22 10:51:19,950.0,809261
2021-06-22 10:51:20,950.0,810447
2021-06-22 10:51:21,950.0,810847
2021-06-22 10:51:22,950.0,810886
2021-06-22 10:51:23,950.0,810909
2021-06-22 10:51:24,950.0,811413
2021-06-22 10:51:25,950.0,811488
2021-06-22 10:51:26,950.0,811500
2021-06-22 10:51:27,950.0,811547
2021-06-22 10:51:28,949.95,811548
2021-06-22 10:51:29,950.0,811574
2021-06-22 10:51:30,950.0,811597
2021-06-22 10:51:31,950.45,814938
2021-06-22 10:51:32,950.45,814938
2021-06-22 10:51:34,950.15,814947
2021-06-22 10:51:35,950.15,814947
2021-06-22 10:51:36,950.45,814962
2021-06-22 10:51:39,950.45,815168
2021-06-22 10:51:41,950.45,815342
2021-06-22 10:51:43,950.3,815350
2021-06-22 10:51:45,950.3,815369
2021-06-22 10:51:48,950.15,815382
2021-06-22 10:51:50,950.15,815433
2021-06-22 10:51:52,950.3,815436
2021-06-22 10:51:54,950.3,815546
2021-06-22 10:51:57,950.3,815546
2021-06-22 10:51:59,950.2,815600
2021-06-22 10:52:02,950.0,815949
2021-06-22 10:52:05,950.3,816054
2021-06-22 10:52:08,950.3,816078
2021-06-22 10:52:10,950.4,816140
2021-06-22 10:52:12,950.45,816160
2021-06-22 10:52:18,950.45,817005
2021-06-22 10:52:20,950.3,817038
2021-06-22 10:52:23,950.45,817156
2021-06-22 10:52:25,950.5,817283
2021-06-22 10:52:27,950.5,817483
2021-06-22 10:52:30,950.2,817517
2021-06-22 10:52:32,950.2,817557
2021-06-22 10:52:35,950.5,817584
2021-06-22 10:52:39,950.2,817780
2021-06-22 10:52:42,950.2,817780
2021-06-22 10:52:44,950.15,817832
2021-06-22 10:52:47,950.2,817869
2021-06-22 10:52:49,950.2,817869
2021-06-22 10:52:51,950.5,817894
2021-06-22 10:52:54,950.5,817899
2021-06-22 10:52:56,950.2,817900
2021-06-22 10:52:58,950.2,817936
2021-06-22 10:53:01,950.2,817937
2021-06-22 10:53:03,950.5,817946
2021-06-22 10:53:06,950.2,817951
2021-06-22 10:53:08,950.25,818175
2021-06-22 10:53:11,950.25,818254
2021-06-22 10:53:13,950.2,818475
2021-06-22 10:53:16,950.2,818475
2021-06-22 10:53:20,950.35,820391
2021-06-22 10:53:23,950.35,820409
2021-06-22 10:53:25,950.35,820428
2021-06-22 10:53:27,950.35,820428
2021-06-22 10:53:30,950.45,820429
2021-06-22 10:53:32,950.45,820429
2021-06-22 10:53:34,950.45,820429
2021-06-22 10:53:36,950.45,820430
2021-06-22 10:53:38,950.45,820439
2021-06-22 10:53:41,950.35,820456
2021-06-22 10:53:43,950.45,820458
2021-06-22 10:53:46,950.35,820468
2021-06-22 10:53:48,950.35,820505
2021-06-22 10:53:50,950.25,820682
2021-06-22 10:53:53,950.25,820702
2021-06-22 10:53:55,950.35,821709
2021-06-22 10:53:58,950.35,822024
2021-06-22 10:54:00,950.3,822372
2021-06-22 10:54:03,950.75,822490
2021-06-22 10:54:05,950.3,822491
2021-06-22 10:54:09,950.3,822560
2021-06-22 10:54:12,950.75,822627
2021-06-22 10:54:14,950.85,822843
2021-06-22 10:54:17,950.75,822959
2021-06-22 10:54:19,950.3,823131
2021-06-22 10:54:21,950.35,823149
2021-06-22 10:54:24,950.45,823159
2021-06-22 10:54:26,950.45,823196
2021-06-22 10:54:28,950.35,823198
2021-06-22 10:54:31,950.35,823318
2021-06-22 10:54:34,950.45,823346
2021-06-22 10:54:37,950.35,823468
2021-06-22 10:54:40,950.35,823626
2021-06-22 10:54:43,950.55,823637
2021-06-22 10:54:45,950.85,823643
2021-06-22 10:54:48,950.5,823673
2021-06-22 10:54:49,950.85,823881
2021-06-22 10:54:51,950.55,824073
2021-06-22 10:54:56,950.55,824150
2021-06-22 10:54:58,950.85,824185
2021-06-22 10:55:00,950.55,824187
2021-06-22 10:55:03,950.55,824199
2021-06-22 10:55:05,950.55,824365
2021-06-22 10:55:06,950.55,824587
2021-06-22 10:55:08,950.5,824682
2021-06-22 10:55:10,950.85,824687
2021-06-22 10:55:13,950.85,824687
2021-06-22 10:55:18,950.85,824814
2021-06-22 10:55:21,950.5,825627
2021-06-22 10:55:24,950.5,825648
2021-06-22 10:55:26,950.55,825701
2021-06-22 10:55:28,950.85,825758
2021-06-22 10:55:30,950.5,825918
2021-06-22 10:55:33,950.9,827247
2021-06-22 10:55:35,951.6,827832
2021-06-22 10:55:37,951.25,827856
2021-06-22 10:55:39,951.25,828161
2021-06-22 10:55:42,951.55,836603
2021-06-22 10:55:44,951.45,837158
2021-06-22 10:55:48,951.1,837928
2021-06-22 10:55:50,951.5,838235
2021-06-22 10:55:53,951.1,844445
2021-06-22 10:55:56,951.35,848099
2021-06-22 10:55:58,951.55,848327
2021-06-22 10:56:00,951.2,850752
2021-06-22 10:56:03,951.2,851607
2021-06-22 10:56:05,951.05,851669
2021-06-22 10:56:07,951.55,856174
2021-06-22 10:56:10,951.9,856838
2021-06-22 10:56:12,952.15,857350
2021-06-22 10:56:14,951.65,857351
2021-06-22 10:56:16,952.1,857556
2021-06-22 10:56:19,952.1,857591
2021-06-22 10:56:21,952.1,857917
2021-06-22 10:56:23,952.05,857921
2021-06-22 10:56:26,952.05,858771
2021-06-22 10:56:28,952.05,858960
2021-06-22 10:56:30,952.05,859025
2021-06-22 10:56:33,952.05,859056
2021-06-22 10:56:36,952.05,859056
2021-06-22 10:56:38,951.8,859357
2021-06-22 10:56:39,951.8,859357
2021-06-22 10:56:40,951.55,859445
2021-06-22 10:56:41,951.55,859445
2021-06-22 10:56:42,951.55,859445
2021-06-22 10:56:43,951.55,859445
2021-06-22 10:56:44,952.05,859657
2021-06-22 10:56:45,952.05,859657
2021-06-22 10:56:46,952.0,860021
2021-06-22 10:56:47,952.05,860071
2021-06-22 10:56:48,952.1,860085
2021-06-22 10:56:49,952.1,860119
2021-06-22 10:56:50,952.1,860421
2021-06-22 10:56:52,952.35,860699
2021-06-22 10:56:53,952.35,860735
2021-06-22 10:56:54,952.35,861897
2021-06-22 10:56:55,952.35,862006
2021-06-22 10:56:56,952.35,862015
2021-06-22 10:56:57,952.35,862015
2021-06-22 10:56:58,952.35,862042
2021-06-22 10:56:59,952.35,862042
2021-06-22 10:57:00,952.45,862336
2021-06-22 10:57:01,952.2,862347
2021-06-22 10:57:02,952.45,862667
2021-06-22 10:57:03,952.45,862667
2021-06-22 10:57:04,952.45,862676
2021-06-22 10:57:05,952.2,862796
2021-06-22 10:57:06,952.45,862797
2021-06-22 10:57:07,952.25,862806
2021-06-22 10:57:09,952.25,862820
2021-06-22 10:57:10,952.15,862886
2021-06-22 10:57:11,952.25,863391
2021-06-22 10:57:12,952.45,863516
2021-06-22 10:57:14,952.4,863628
2021-06-22 10:57:15,952.4,863628
2021-06-22 10:57:18,952.3,864457
2021-06-22 10:57:17,952.3,864457
2021-06-22 10:57:19,952.25,864667
2021-06-22 10:57:20,952.45,864717
2021-06-22 10:57:21,952.45,864719
2021-06-22 10:57:22,952.25,864724
2021-06-22 10:57:23,952.3,864735
2021-06-22 10:57:24,952.3,864750
2021-06-22 10:57:25,952.0,864934
2021-06-22 10:57:26,952.0,864934
2021-06-22 10:57:27,952.0,864934
2021-06-22 10:57:28,952.0,864944
2021-06-22 10:57:29,952.0,864945
2021-06-22 10:57:30,952.0,864945
2021-06-22 10:57:31,952.4,865001
2021-06-22 10:57:32,952.4,865001
2021-06-22 10:57:33,952.3,865006
2021-06-22 10:57:34,952.3,865007
2021-06-22 10:57:35,952.3,865007
2021-06-22 10:57:36,952.3,865007
2021-06-22 10:57:37,952.3,865007
2021-06-22 10:57:38,952.0,865009
2021-06-22 10:57:40,952.1,865151
2021-06-22 10:57:41,952.0,865152
2021-06-22 10:57:42,952.25,865230
2021-06-22 10:57:43,952.1,868242
2021-06-22 10:57:44,952.1,868242
2021-06-22 10:57:45,952.1,868242
2021-06-22 10:57:46,951.9,868288
2021-06-22 10:57:47,951.9,868306
2021-06-22 10:57:48,951.95,868355
2021-06-22 10:57:49,951.95,868355
2021-06-22 10:57:50,951.95,868376
2021-06-22 10:57:51,951.95,868391
2021-06-22 10:57:53,951.55,868544
2021-06-22 10:57:52,951.7,868444
2021-06-22 10:57:54,951.7,868554
2021-06-22 10:57:55,951.5,868556
2021-06-22 10:57:56,951.7,868627
2021-06-22 10:57:57,951.7,868627
2021-06-22 10:57:58,951.75,868697
2021-06-22 10:57:59,951.75,868697
2021-06-22 10:58:00,951.75,868697
2021-06-22 10:58:01,951.75,868697
2021-06-22 10:58:02,951.75,868697
2021-06-22 10:58:04,951.5,868848
2021-06-22 10:58:05,951.5,868848
2021-06-22 10:58:06,951.5,868848
2021-06-22 10:58:07,951.65,868880
2021-06-22 10:58:08,951.65,868880
2021-06-22 10:58:09,951.65,869022
2021-06-22 10:58:10,951.5,869090
2021-06-22 10:58:11,951.95,869190
2021-06-22 10:58:12,951.55,869205
2021-06-22 10:58:13,951.55,869205
2021-06-22 10:58:14,951.8,869206
2021-06-22 10:58:15,951.8,869206
2021-06-22 10:58:16,951.8,869206
2021-06-22 10:58:17,951.8,869206
2021-06-22 10:58:18,951.8,869214
2021-06-22 10:58:19,951.8,869214
2021-06-22 10:58:20,951.8,869214
2021-06-22 10:58:21,951.8,869214
2021-06-22 10:58:22,951.65,869223
2021-06-22 10:58:23,951.4,869332
2021-06-22 10:58:24,951.4,869332
2021-06-22 10:58:25,951.3,869429
2021-06-22 10:58:26,952.0,870067
2021-06-22 10:58:27,951.4,870077
2021-06-22 10:58:28,951.4,870077
2021-06-22 10:58:29,951.4,870077
2021-06-22 10:58:30,951.9,870089
2021-06-22 10:58:31,951.9,870089
2021-06-22 10:58:32,951.9,870089
2021-06-22 10:58:33,951.9,870090
2021-06-22 10:58:34,951.9,870090
2021-06-22 10:58:35,951.9,870090
2021-06-22 10:58:36,952.0,870215
2021-06-22 10:58:37,952.0,870215
2021-06-22 10:58:38,951.75,870217
2021-06-22 10:58:40,951.45,870337
2021-06-22 10:58:41,951.45,870337
2021-06-22 10:58:43,952.0,870455
2021-06-22 10:58:44,952.0,870455
2021-06-22 10:58:45,952.0,870455
2021-06-22 10:58:46,951.95,870740
2021-06-22 10:58:47,951.95,870740
2021-06-22 10:58:49,951.95,870740
2021-06-22 10:58:49,951.95,870740
2021-06-22 10:58:50,951.95,870740
2021-06-22 10:58:51,951.9,870876
2021-06-22 10:58:52,951.9,870876
2021-06-22 10:58:53,951.9,870876
2021-06-22 10:58:54,951.65,870902
2021-06-22 10:58:55,951.65,870902
2021-06-22 10:58:57,951.65,870902
2021-06-22 10:58:57,952.0,870954
2021-06-22 10:58:58,952.0,870954
2021-06-22 10:58:59,952.0,870954
2021-06-22 10:59:00,952.0,870954
2021-06-22 10:59:02,951.95,870955
2021-06-22 10:59:03,952.0,871220
2021-06-22 10:59:05,952.0,871232
2021-06-22 10:59:06,951.7,871242
2021-06-22 10:59:07,951.75,871253
2021-06-22 10:59:08,951.75,871253
2021-06-22 10:59:09,951.75,871253
2021-06-22 10:59:10,951.55,871352
2021-06-22 10:59:11,951.55,871352
2021-06-22 10:59:13,951.55,871352
2021-06-22 10:59:14,951.55,871352
2021-06-22 10:59:15,951.55,871352
2021-06-22 10:59:16,951.55,871352
2021-06-22 10:59:18,951.75,871353
2021-06-22 10:59:19,951.4,871654
2021-06-22 10:59:20,951.75,871659
2021-06-22 10:59:21,951.75,871659
2021-06-22 10:59:22,952.0,873209
2021-06-22 10:59:23,952.0,873209
2021-06-22 10:59:24,952.0,874177
2021-06-22 10:59:25,951.75,874226
2021-06-22 10:59:26,951.75,874326
2021-06-22 10:59:27,951.7,874551
2021-06-22 10:59:28,951.65,874996
2021-06-22 10:59:29,951.65,875029
2021-06-22 10:59:30,952.0,875042
2021-06-22 10:59:31,952.0,875044
2021-06-22 10:59:32,952.0,875044
2021-06-22 10:59:33,952.0,875054
2021-06-22 10:59:34,951.65,875084
2021-06-22 10:59:35,952.0,875913
2021-06-22 10:59:36,952.0,875913
2021-06-22 10:59:37,952.0,876079
2021-06-22 10:59:38,952.0,876079
2021-06-22 10:59:39,952.0,876079
2021-06-22 10:59:40,951.65,876179
2021-06-22 10:59:41,951.65,876179
2021-06-22 10:59:42,952.2,876269
2021-06-22 10:59:43,952.2,876269
2021-06-22 10:59:44,952.2,876269
2021-06-22 10:59:45,952.15,876270
2021-06-22 10:59:46,952.15,876270
2021-06-22 10:59:47,952.15,876282
2021-06-22 10:59:48,952.15,876282
2021-06-22 10:59:49,952.15,876282
2021-06-22 10:59:50,952.15,876282
2021-06-22 10:59:51,952.15,876287
2021-06-22 10:59:52,952.0,876293
2021-06-22 10:59:53,952.0,876293
2021-06-22 10:59:54,951.75,876503
2021-06-22 10:59:55,951.75,876503
2021-06-22 10:59:56,951.75,876503
2021-06-22 10:59:57,951.75,876508
2021-06-22 10:59:58,951.75,876508
2021-06-22 10:59:59,952.0,876509
2021-06-22 11:00:01,951.75,876559
2021-06-22 11:00:02,951.75,876559
2021-06-22 11:00:02,951.75,876559
2021-06-22 11:00:03,951.75,876559
2021-06-22 11:00:04,951.75,876584
2021-06-22 11:00:05,951.75,876709
2021-06-22 11:00:06,951.75,876709
2021-06-22 11:00:07,951.75,876714
2021-06-22 11:00:08,951.75,876714
2021-06-22 11:00:09,951.8,876814
2021-06-22 11:00:10,951.8,876906
2021-06-22 11:00:11,951.8,876906
2021-06-22 11:00:12,951.8,876985
2021-06-22 11:00:13,951.8,877007
2021-06-22 11:00:14,951.8,877007
2021-06-22 11:00:16,951.8,877007
2021-06-22 11:00:17,951.8,877007
2021-06-22 11:00:18,951.8,877007
2021-06-22 11:00:19,951.8,877007
2021-06-22 11:00:20,951.8,877007
2021-06-22 11:00:21,951.8,877011
2021-06-22 11:00:22,952.0,877212
2021-06-22 11:00:23,952.0,877212
2021-06-22 11:00:24,952.0,877212
2021-06-22 11:00:25,952.0,877214
2021-06-22 11:00:26,952.0,877224
2021-06-22 11:00:27,952.0,877225
2021-06-22 11:00:28,952.0,877226
2021-06-22 11:00:29,951.8,877265
2021-06-22 11:00:30,951.8,877272
2021-06-22 11:00:31,951.8,877272
2021-06-22 11:00:32,952.0,877372
2021-06-22 11:00:33,952.0,877562
2021-06-22 11:00:35,952.0,877565
2021-06-22 11:00:36,952.0,877568
2021-06-22 11:00:39,952.0,877568
2021-06-22 11:00:39,952.0,877568
2021-06-22 11:00:40,951.8,877670
2021-06-22 11:00:41,951.8,877670
2021-06-22 11:00:42,951.75,877671
2021-06-22 11:00:43,951.8,877692
2021-06-22 11:00:44,951.8,877695
2021-06-22 11:00:45,952.0,877783
2021-06-22 11:00:46,952.0,877808
2021-06-22 11:00:47,952.0,877809
2021-06-22 11:00:48,952.0,877809
2021-06-22 11:00:49,952.0,877810
2021-06-22 11:00:50,952.0,877865
2021-06-22 11:00:51,951.8,877866
2021-06-22 11:00:52,951.8,877871
2021-06-22 11:00:53,951.8,877881
2021-06-22 11:00:54,951.8,877882
2021-06-22 11:00:55,951.75,877982
2021-06-22 11:00:57,951.75,878094
2021-06-22 11:00:58,951.75,878094
2021-06-22 11:00:59,951.8,878115
