timestamp,ltp,volume
2021-06-22 09:16:35,2701.55,12622
2021-06-22 09:16:36,2700.0,12652
2021-06-22 09:16:37,2700.0,12652
2021-06-22 09:16:41,2701.55,13503
2021-06-22 09:16:42,2701.55,13504
2021-06-22 09:16:43,2699.7,13574
2021-06-22 09:16:44,2701.55,13596
2021-06-22 09:16:45,2699.6,13601
2021-06-22 09:16:46,2699.5,13612
2021-06-22 09:16:47,2699.5,13613
2021-06-22 09:16:48,2699.5,13613
2021-06-22 09:16:49,2699.4,13628
2021-06-22 09:16:50,2699.4,13628
2021-06-22 09:16:51,2699.6,13634
2021-06-22 09:16:52,2701.4,13651
2021-06-22 09:16:54,2699.5,13835
2021-06-22 09:16:53,2699.5,13835
2021-06-22 09:16:56,2701.05,13921
2021-06-22 09:16:57,2700.0,13926
2021-06-22 09:16:58,2701.0,13976
2021-06-22 09:17:00,2700.9,14051
2021-06-22 09:17:00,2700.85,14152
2021-06-22 09:17:02,2700.9,14229
2021-06-22 09:17:02,2700.9,14229
2021-06-22 09:17:03,2702.1,14827
2021-06-22 09:17:04,2703.25,14853
2021-06-22 09:17:05,2703.25,14880
2021-06-22 09:17:06,2703.25,14881
2021-06-22 09:17:07,2703.6,14896
2021-06-22 09:17:08,2703.6,14896
2021-06-22 09:17:09,2703.6,14909
2021-06-22 09:17:11,2703.6,14909
2021-06-22 09:17:11,2703.6,14909
2021-06-22 09:17:12,2703.6,14909
2021-06-22 09:17:13,2703.8,14965
2021-06-22 09:17:14,2703.95,14974
2021-06-22 09:17:15,2703.95,14974
2021-06-22 09:17:17,2704.0,14994
2021-06-22 09:17:16,2703.95,14974
2021-06-22 09:17:18,2704.0,14994
2021-06-22 09:17:19,2704.0,14995
2021-06-22 09:17:20,2704.0,14995
2021-06-22 09:17:21,2703.95,15039
2021-06-22 09:17:23,2703.95,15042
2021-06-22 09:17:24,2703.95,15042
2021-06-22 09:17:25,2702.15,15098
2021-06-22 09:17:26,2703.95,15142
2021-06-22 09:17:27,2703.0,15151
2021-06-22 09:17:28,2703.0,15256
2021-06-22 09:17:30,2704.35,15261
2021-06-22 09:17:30,2703.0,15265
2021-06-22 09:17:31,2704.35,15284
2021-06-22 09:17:32,2704.0,15367
2021-06-22 09:17:33,2704.0,15367
2021-06-22 09:17:35,2704.0,15367
2021-06-22 09:17:36,2704.1,15417
2021-06-22 09:17:36,2704.1,15417
2021-06-22 09:17:37,2702.6,15427
2021-06-22 09:17:38,2704.1,15432
2021-06-22 09:17:39,2704.1,15432
2021-06-22 09:17:41,2704.1,15433
2021-06-22 09:17:41,2702.6,15434
2021-06-22 09:17:42,2704.0,15444
2021-06-22 09:17:44,2704.0,15453
2021-06-22 09:17:44,2704.0,15453
2021-06-22 09:17:45,2704.0,15472
2021-06-22 09:17:47,2704.0,15472
2021-06-22 09:17:47,2704.0,15472
2021-06-22 09:17:48,2704.0,15475
2021-06-22 09:17:50,2705.15,15854
2021-06-22 09:17:50,2705.15,15857
2021-06-22 09:17:51,2706.0,15916
2021-06-22 09:17:52,2706.0,15917
2021-06-22 09:17:53,2706.3,15942
2021-06-22 09:17:54,2706.0,15943
2021-06-22 09:17:55,2706.0,15943
2021-06-22 09:17:56,2706.0,15943
2021-06-22 09:17:57,2706.35,15972
2021-06-22 09:17:58,2706.45,15993
2021-06-22 09:17:59,2706.55,16043
2021-06-22 09:18:01,2706.55,16043
2021-06-22 09:18:01,2706.55,16043
2021-06-22 09:18:02,2706.55,16043
2021-06-22 09:18:03,2706.55,16043
2021-06-22 09:18:04,2706.0,16044
2021-06-22 09:18:05,2706.5,16054
2021-06-22 09:18:07,2704.2,16155
2021-06-22 09:18:08,2705.7,16170
2021-06-22 09:18:09,2705.8,16180
2021-06-22 09:18:10,2705.8,16180
2021-06-22 09:18:11,2704.4,16186
2021-06-22 09:18:12,2704.4,16186
2021-06-22 09:18:14,2704.4,16186
2021-06-22 09:18:15,2705.85,16196
2021-06-22 09:18:16,2705.85,16196
2021-06-22 09:18:17,2704.8,16206
2021-06-22 09:18:17,2704.8,16206
2021-06-22 09:18:18,2704.75,16221
2021-06-22 09:18:19,2705.8,16241
2021-06-22 09:18:20,2704.75,16255
2021-06-22 09:18:21,2704.75,16284
2021-06-22 09:18:22,2705.8,16308
2021-06-22 09:18:23,2706.2,16939
2021-06-22 09:18:24,2706.55,16959
2021-06-22 09:18:25,2705.45,16966
2021-06-22 09:18:26,2705.7,16971
2021-06-22 09:18:27,2705.7,16975
2021-06-22 09:18:28,2705.95,16992
2021-06-22 09:18:29,2706.05,17013
2021-06-22 09:18:30,2706.05,17014
2021-06-22 09:18:31,2706.05,17079
2021-06-22 09:18:32,2707.45,17155
2021-06-22 09:18:34,2705.85,17159
2021-06-22 09:18:35,2705.85,17159
2021-06-22 09:18:35,2705.25,17164
2021-06-22 09:18:37,2706.55,17180
2021-06-22 09:18:38,2705.0,17210
2021-06-22 09:18:38,2705.0,17210
2021-06-22 09:18:39,2705.0,17210
2021-06-22 09:18:40,2705.0,17210
2021-06-22 09:18:41,2705.0,17210
2021-06-22 09:18:42,2705.0,17211
2021-06-22 09:18:43,2704.5,17828
2021-06-22 09:18:44,2706.1,17836
2021-06-22 09:18:46,2706.1,17843
2021-06-22 09:18:47,2706.1,17843
2021-06-22 09:18:48,2706.15,17863
2021-06-22 09:18:49,2705.0,17874
2021-06-22 09:18:49,2706.45,17872
2021-06-22 09:18:50,2705.0,17879
2021-06-22 09:18:51,2704.0,18333
2021-06-22 09:18:52,2704.0,18337
2021-06-22 09:18:54,2704.5,18384
2021-06-22 09:18:55,2705.85,18385
2021-06-22 09:18:56,2705.85,18417
2021-06-22 09:18:57,2704.1,18432
2021-06-22 09:18:57,2705.85,18417
2021-06-22 09:18:58,2704.1,18432
2021-06-22 09:18:59,2704.1,18440
2021-06-22 09:19:01,2704.1,18440
2021-06-22 09:19:02,2704.1,18440
2021-06-22 09:19:03,2704.1,18440
2021-06-22 09:19:04,2704.1,18441
2021-06-22 09:19:05,2704.25,18483
2021-06-22 09:19:07,2704.25,18483
2021-06-22 09:19:08,2704.25,18483
2021-06-22 09:19:09,2704.25,18483
2021-06-22 09:19:10,2705.8,18498
2021-06-22 09:19:10,2705.8,18498
2021-06-22 09:19:11,2705.8,18498
2021-06-22 09:19:12,2705.8,18498
2021-06-22 09:19:14,2705.8,18498
2021-06-22 09:19:15,2705.8,18498
2021-06-22 09:19:16,2705.8,18498
2021-06-22 09:19:16,2705.8,18498
2021-06-22 09:19:17,2705.8,18498
2021-06-22 09:19:18,2705.8,18499
2021-06-22 09:19:20,2704.4,18524
2021-06-22 09:19:21,2705.8,18525
2021-06-22 09:19:22,2705.8,18575
2021-06-22 09:19:23,2705.8,18591
2021-06-22 09:19:24,2705.8,18591
2021-06-22 09:19:25,2705.75,18628
2021-06-22 09:19:27,2705.75,18628
2021-06-22 09:19:28,2705.75,18628
2021-06-22 09:19:29,2705.75,18635
2021-06-22 09:19:31,2705.0,18660
2021-06-22 09:19:33,2705.0,18660
2021-06-22 09:19:34,2704.6,18670
2021-06-22 09:19:36,2704.5,18954
2021-06-22 09:19:37,2705.5,18972
2021-06-22 09:19:38,2704.5,19238
2021-06-22 09:19:39,2705.45,19248
2021-06-22 09:19:40,2704.25,19255
2021-06-22 09:19:41,2705.4,19274
2021-06-22 09:19:42,2704.25,19279
2021-06-22 09:19:43,2703.95,20538
2021-06-22 09:19:45,2703.9,20776
2021-06-22 09:19:46,2703.9,20776
2021-06-22 09:19:47,2703.0,20777
2021-06-22 09:19:49,2703.0,20790
2021-06-22 09:19:50,2703.0,20856
2021-06-22 09:19:51,2703.0,20856
2021-06-22 09:19:52,2703.8,20857
2021-06-22 09:19:53,2703.8,20958
2021-06-22 09:19:55,2703.8,21263
2021-06-22 09:19:55,2703.8,21263
2021-06-22 09:19:56,2702.3,21297
2021-06-22 09:19:58,2702.3,21337
2021-06-22 09:19:59,2703.9,21354
2021-06-22 09:20:00,2703.9,21354
2021-06-22 09:20:01,2703.9,21354
2021-06-22 09:20:02,2702.3,21382
2021-06-22 09:20:02,2702.3,21382
2021-06-22 09:20:03,2702.3,21382
2021-06-22 09:20:04,2702.3,21382
2021-06-22 09:20:06,2703.4,21385
2021-06-22 09:20:07,2703.4,21404
2021-06-22 09:20:08,2702.25,21424
2021-06-22 09:20:10,2703.9,21726
2021-06-22 09:20:11,2704.15,21729
2021-06-22 09:20:12,2703.75,21755
2021-06-22 09:20:13,2705.4,21767
2021-06-22 09:20:14,2705.4,21767
2021-06-22 09:20:15,2705.4,21767
2021-06-22 09:20:16,2705.7,21817
2021-06-22 09:20:18,2705.0,21848
2021-06-22 09:20:19,2705.1,21849
2021-06-22 09:20:20,2705.1,21849
2021-06-22 09:20:21,2705.1,21849
2021-06-22 09:20:22,2703.6,21850
2021-06-22 09:20:23,2703.6,21850
2021-06-22 09:20:25,2705.7,21875
2021-06-22 09:20:26,2705.7,21875
2021-06-22 09:20:27,2705.7,21875
2021-06-22 09:20:27,2705.7,21875
2021-06-22 09:20:28,2705.7,21875
2021-06-22 09:20:30,2704.0,21896
2021-06-22 09:20:30,2704.0,21896
2021-06-22 09:20:32,2705.4,21906
2021-06-22 09:20:33,2705.7,22006
2021-06-22 09:20:34,2704.05,22009
2021-06-22 09:20:35,2706.7,22351
2021-06-22 09:20:36,2706.7,22354
2021-06-22 09:20:37,2707.0,22380
2021-06-22 09:20:38,2707.0,22380
2021-06-22 09:20:39,2707.0,22380
2021-06-22 09:20:41,2707.0,22380
2021-06-22 09:20:42,2707.0,22380
2021-06-22 09:20:43,2705.7,22382
2021-06-22 09:20:44,2706.85,22383
2021-06-22 09:20:44,2707.5,22694
2021-06-22 09:20:46,2708.0,22808
2021-06-22 09:20:47,2707.85,22819
2021-06-22 09:20:48,2708.2,22846
2021-06-22 09:20:49,2708.2,22860
2021-06-22 09:20:49,2708.2,22860
2021-06-22 09:20:51,2708.85,22865
2021-06-22 09:20:52,2708.85,22865
2021-06-22 09:20:53,2708.85,22865
2021-06-22 09:20:53,2708.85,22865
2021-06-22 09:20:55,2709.0,23142
2021-06-22 09:20:56,2710.0,23187
2021-06-22 09:20:56,2710.0,23187
2021-06-22 09:20:57,2710.0,23263
2021-06-22 09:20:58,2711.0,23463
2021-06-22 09:21:00,2711.0,23463
2021-06-22 09:21:01,2711.0,23463
2021-06-22 09:21:01,2711.0,23463
2021-06-22 09:21:02,2710.0,23465
2021-06-22 09:21:04,2709.7,23534
2021-06-22 09:21:05,2710.95,23549
2021-06-22 09:21:06,2709.6,23550
2021-06-22 09:21:07,2710.95,23555
2021-06-22 09:21:08,2710.95,23556
2021-06-22 09:21:09,2709.9,23668
2021-06-22 09:21:09,2709.9,23669
2021-06-22 09:21:11,2710.3,23779
2021-06-22 09:21:11,2710.3,23779
2021-06-22 09:21:13,2708.4,23830
2021-06-22 09:21:13,2710.0,23780
2021-06-22 09:21:15,2709.55,23844
2021-06-22 09:21:16,2709.95,23925
2021-06-22 09:21:17,2710.0,24025
2021-06-22 09:21:18,2710.3,24126
2021-06-22 09:21:18,2710.3,24126
2021-06-22 09:21:19,2708.9,24244
2021-06-22 09:21:20,2710.0,24246
2021-06-22 09:21:21,2710.05,24281
2021-06-22 09:21:22,2710.05,24296
2021-06-22 09:21:24,2710.25,24346
2021-06-22 09:21:25,2708.55,24356
2021-06-22 09:21:26,2708.55,24356
2021-06-22 09:21:27,2710.0,24376
2021-06-22 09:21:28,2710.0,24376
2021-06-22 09:21:28,2710.0,24376
2021-06-22 09:21:30,2709.9,24377
2021-06-22 09:21:31,2708.6,24397
2021-06-22 09:21:31,2709.9,24377
2021-06-22 09:21:32,2708.45,24433
2021-06-22 09:21:33,2709.7,24435
2021-06-22 09:21:35,2709.7,24435
2021-06-22 09:21:36,2709.7,24435
2021-06-22 09:21:36,2709.7,24435
2021-06-22 09:21:40,2708.55,24440
2021-06-22 09:21:44,2709.95,24477
2021-06-22 09:21:48,2709.95,24478
2021-06-22 09:21:52,2709.9,24555
2021-06-22 09:21:56,2709.95,24598
2021-06-22 09:22:00,2709.9,24646
2021-06-22 09:22:04,2708.4,24657
2021-06-22 09:22:08,2709.6,24696
2021-06-22 09:22:12,2707.8,26143
2021-06-22 09:22:16,2707.0,26257
2021-06-22 09:22:20,2707.0,26257
2021-06-22 09:22:24,2707.05,26279
2021-06-22 09:22:28,2707.05,26289
2021-06-22 09:22:31,2707.05,26304
2021-06-22 09:22:36,2707.05,26578
2021-06-22 09:22:40,2707.5,26597
2021-06-22 09:22:44,2707.65,26604
2021-06-22 09:22:48,2709.0,26763
2021-06-22 09:22:52,2709.4,26860
2021-06-22 09:22:56,2708.2,26915
2021-06-22 09:23:00,2709.4,26989
2021-06-22 09:23:04,2710.4,27435
2021-06-22 09:23:08,2709.4,27775
2021-06-22 09:23:12,2710.0,27807
2021-06-22 09:23:16,2710.0,27807
2021-06-22 09:23:19,2710.0,27878
2021-06-22 09:23:23,2709.4,27963
2021-06-22 09:23:28,2708.2,28037
2021-06-22 09:23:32,2709.05,28060
2021-06-22 09:23:36,2708.2,28209
2021-06-22 09:23:40,2709.35,28315
2021-06-22 09:23:43,2709.55,28324
2021-06-22 09:23:51,2709.5,28349
2021-06-22 09:23:55,2708.2,28359
2021-06-22 09:24:03,2709.5,29058
2021-06-22 09:24:07,2709.7,29330
2021-06-22 09:24:10,2709.5,29338
2021-06-22 09:24:14,2708.0,29365
2021-06-22 09:24:18,2709.5,29463
2021-06-22 09:24:22,2708.0,29548
2021-06-22 09:24:25,2708.0,29549
2021-06-22 09:24:29,2709.0,29580
2021-06-22 09:24:33,2708.0,29800
2021-06-22 09:24:37,2709.0,29830
2021-06-22 09:24:41,2709.0,29836
2021-06-22 09:24:45,2709.0,29934
2021-06-22 09:24:49,2708.0,30902
2021-06-22 09:24:53,2708.6,30931
2021-06-22 09:24:57,2708.0,30941
2021-06-22 09:25:01,2709.0,30998
2021-06-22 09:25:05,2709.0,31023
2021-06-22 09:25:09,2708.0,31026
2021-06-22 09:25:13,2708.0,31029
2021-06-22 09:25:17,2708.0,31029
2021-06-22 09:25:21,2709.0,31050
2021-06-22 09:25:25,2708.0,31093
2021-06-22 09:25:29,2708.0,31176
2021-06-22 09:25:33,2708.0,31245
2021-06-22 09:25:37,2709.0,31251
2021-06-22 09:25:40,2708.85,31256
2021-06-22 09:25:48,2709.0,31294
2021-06-22 09:25:52,2708.0,31399
2021-06-22 09:25:55,2708.0,31426
2021-06-22 09:25:59,2708.0,31558
2021-06-22 09:26:03,2708.0,31914
2021-06-22 09:26:18,2709.8,33635
2021-06-22 09:26:22,2710.0,33716
2021-06-22 09:26:26,2710.0,33761
2021-06-22 09:26:29,2710.0,33761
2021-06-22 09:26:33,2710.0,33882
2021-06-22 09:26:37,2710.8,33954
2021-06-22 09:26:40,2710.0,33958
2021-06-22 09:26:44,2710.0,33960
2021-06-22 09:26:48,2710.0,33960
2021-06-22 09:26:52,2710.0,33985
2021-06-22 09:26:56,2710.0,33985
2021-06-22 09:26:59,2710.0,34040
2021-06-22 09:27:03,2710.0,34068
2021-06-22 09:27:07,2708.85,34356
2021-06-22 09:27:10,2709.15,34388
2021-06-22 09:27:18,2708.05,34431
2021-06-22 09:27:22,2709.65,34446
2021-06-22 09:27:25,2709.7,34596
2021-06-22 09:27:29,2709.7,34724
2021-06-22 09:27:33,2710.0,34802
2021-06-22 09:27:40,2709.7,34847
2021-06-22 09:27:43,2709.7,34847
2021-06-22 09:27:47,2710.35,35896
2021-06-22 09:27:50,2710.4,35977
2021-06-22 09:27:54,2712.8,36588
2021-06-22 09:27:58,2711.1,36705
2021-06-22 09:28:02,2710.85,36787
2021-06-22 09:28:05,2712.6,36837
2021-06-22 09:28:09,2712.6,36849
2021-06-22 09:28:12,2712.8,36921
2021-06-22 09:28:16,2711.15,36924
2021-06-22 09:28:20,2712.8,36929
2021-06-22 09:28:23,2712.8,36929
2021-06-22 09:28:30,2712.8,36965
2021-06-22 09:28:34,2712.5,36988
2021-06-22 09:28:37,2712.5,37020
2021-06-22 09:28:41,2713.55,38347
2021-06-22 09:28:44,2714.05,38430
2021-06-22 09:28:48,2713.4,38563
2021-06-22 09:28:52,2715.0,38623
2021-06-22 09:28:55,2714.35,38948
2021-06-22 09:29:02,2715.2,39219
2021-06-22 09:29:06,2713.45,39342
2021-06-22 09:29:10,2713.45,39364
2021-06-22 09:29:13,2713.45,39364
2021-06-22 09:29:17,2713.45,39469
2021-06-22 09:29:20,2714.0,39480
2021-06-22 09:29:24,2713.8,39506
2021-06-22 09:29:32,2713.85,39629
2021-06-22 09:29:39,2713.45,39704
2021-06-22 09:29:42,2713.45,39704
2021-06-22 09:29:46,2713.45,39704
2021-06-22 09:29:49,2713.45,39704
2021-06-22 09:29:53,2714.95,39709
2021-06-22 09:29:57,2713.8,39725
2021-06-22 09:30:01,2715.0,39738
2021-06-22 09:30:05,2714.75,39752
2021-06-22 09:30:09,2714.35,39944
2021-06-22 09:30:13,2714.1,40246
2021-06-22 09:30:16,2714.4,40296
2021-06-22 09:30:20,2713.0,40507
2021-06-22 09:30:24,2713.0,40537
2021-06-22 09:30:28,2713.25,40547
2021-06-22 09:30:32,2713.25,40556
2021-06-22 09:30:36,2713.25,40570
2021-06-22 09:30:39,2714.0,40571
2021-06-22 09:30:43,2713.05,40596
2021-06-22 09:30:47,2713.8,41013
2021-06-22 09:30:50,2713.8,41059
2021-06-22 09:30:54,2712.45,41212
2021-06-22 09:30:58,2712.45,41300
2021-06-22 09:31:02,2713.75,41344
2021-06-22 09:31:05,2713.5,41421
2021-06-22 09:31:09,2712.0,41431
2021-06-22 09:31:13,2712.05,41453
2021-06-22 09:31:16,2713.35,41464
2021-06-22 09:31:20,2712.0,41485
2021-06-22 09:31:27,2713.05,41547
2021-06-22 09:31:30,2712.0,41750
2021-06-22 09:31:34,2714.0,42359
2021-06-22 09:31:38,2714.95,42393
2021-06-22 09:31:39,2716.0,42432
2021-06-22 09:31:40,2716.2,42433
2021-06-22 09:31:41,2717.0,42823
2021-06-22 09:31:42,2717.0,42854
2021-06-22 09:31:43,2717.0,42857
2021-06-22 09:31:44,2717.4,42875
2021-06-22 09:31:45,2716.65,42885
2021-06-22 09:31:46,2718.0,42924
2021-06-22 09:31:47,2718.65,43279
2021-06-22 09:31:48,2719.95,43290
2021-06-22 09:31:49,2719.95,43317
2021-06-22 09:31:50,2719.95,43317
2021-06-22 09:31:51,2719.95,43317
2021-06-22 09:31:52,2718.7,43343
2021-06-22 09:31:53,2718.6,43362
2021-06-22 09:31:54,2719.95,43365
2021-06-22 09:31:55,2719.95,43365
2021-06-22 09:31:56,2717.35,43689
2021-06-22 09:31:57,2718.5,43704
2021-06-22 09:31:58,2718.5,43727
2021-06-22 09:31:59,2717.0,43818
2021-06-22 09:32:00,2718.35,43867
2021-06-22 09:32:01,2718.35,43867
2021-06-22 09:32:02,2717.35,44031
2021-06-22 09:32:03,2718.65,44033
2021-06-22 09:32:04,2718.9,44046
2021-06-22 09:32:05,2718.85,44054
2021-06-22 09:32:06,2718.85,44054
2021-06-22 09:32:07,2718.85,44054
2021-06-22 09:32:08,2718.35,44064
2021-06-22 09:32:09,2718.35,44064
2021-06-22 09:32:10,2718.0,44068
2021-06-22 09:32:11,2718.0,44070
2021-06-22 09:32:12,2718.35,44072
2021-06-22 09:32:13,2718.35,44083
2021-06-22 09:32:14,2718.35,44084
2021-06-22 09:32:15,2719.05,44109
2021-06-22 09:32:16,2718.65,44113
2021-06-22 09:32:17,2718.65,44113
2021-06-22 09:32:17,2718.65,44113
2021-06-22 09:32:18,2718.65,44113
2021-06-22 09:32:20,2719.45,44118
2021-06-22 09:32:21,2719.45,44118
2021-06-22 09:32:24,2719.9,44125
2021-06-22 09:32:25,2718.35,44276
2021-06-22 09:32:26,2718.35,44276
2021-06-22 09:32:27,2719.6,44379
2021-06-22 09:32:28,2719.65,44395
2021-06-22 09:32:29,2718.35,44396
2021-06-22 09:32:30,2719.55,44458
2021-06-22 09:32:32,2719.55,44458
2021-06-22 09:32:33,2719.6,44638
2021-06-22 09:32:35,2718.35,44639
2021-06-22 09:32:36,2718.35,44639
2021-06-22 09:32:37,2718.5,44653
2021-06-22 09:32:38,2718.5,44655
2021-06-22 09:32:39,2718.5,44660
2021-06-22 09:32:40,2718.5,44660
2021-06-22 09:32:41,2718.5,44662
2021-06-22 09:32:42,2718.5,44664
2021-06-22 09:32:43,2718.5,44664
2021-06-22 09:32:44,2718.4,44670
2021-06-22 09:32:45,2718.4,44670
2021-06-22 09:32:46,2718.4,44670
2021-06-22 09:32:47,2718.35,44678
2021-06-22 09:32:48,2718.35,44705
2021-06-22 09:32:49,2718.0,44782
2021-06-22 09:32:50,2718.0,44787
2021-06-22 09:32:51,2718.5,44802
2021-06-22 09:32:52,2718.0,44807
2021-06-22 09:32:54,2718.0,44807
2021-06-22 09:32:55,2718.0,44807
2021-06-22 09:32:56,2718.0,44807
2021-06-22 09:32:56,2718.5,44871
2021-06-22 09:32:57,2718.5,44871
2021-06-22 09:32:58,2718.0,44876
2021-06-22 09:32:59,2718.5,44887
2021-06-22 09:33:00,2718.5,44887
2021-06-22 09:33:01,2719.5,44947
2021-06-22 09:33:02,2718.4,44948
2021-06-22 09:33:03,2718.4,44948
2021-06-22 09:33:04,2718.4,44948
2021-06-22 09:33:05,2718.25,44973
2021-06-22 09:33:06,2718.25,44973
2021-06-22 09:33:07,2718.25,44978
2021-06-22 09:33:08,2719.5,45178
2021-06-22 09:33:09,2719.7,45184
2021-06-22 09:33:10,2719.7,45184
2021-06-22 09:33:11,2719.7,45184
2021-06-22 09:33:12,2718.2,45202
2021-06-22 09:33:13,2718.2,45202
2021-06-22 09:33:14,2718.2,45202
2021-06-22 09:33:15,2718.1,45207
2021-06-22 09:33:17,2718.0,45233
2021-06-22 09:33:19,2718.25,45240
2021-06-22 09:33:20,2718.25,45258
2021-06-22 09:33:21,2718.25,45258
2021-06-22 09:33:22,2718.0,45275
2021-06-22 09:33:23,2718.05,45281
2021-06-22 09:33:24,2718.05,45281
2021-06-22 09:33:25,2718.05,45281
2021-06-22 09:33:26,2718.05,45281
2021-06-22 09:33:27,2718.05,45281
2021-06-22 09:33:28,2718.55,45293
2021-06-22 09:33:29,2719.9,45307
2021-06-22 09:33:30,2718.5,45322
2021-06-22 09:33:31,2719.7,45349
2021-06-22 09:33:32,2719.7,45349
2021-06-22 09:33:33,2718.3,45351
2021-06-22 09:33:34,2718.3,45354
2021-06-22 09:33:35,2719.65,45371
2021-06-22 09:33:36,2719.65,45371
2021-06-22 09:33:37,2718.3,45378
2021-06-22 09:33:38,2718.3,45378
2021-06-22 09:33:39,2718.6,45393
2021-06-22 09:33:40,2718.6,45393
2021-06-22 09:33:41,2718.4,45408
2021-06-22 09:33:42,2718.4,45408
2021-06-22 09:33:43,2718.4,45408
2021-06-22 09:33:44,2718.4,45408
2021-06-22 09:33:45,2719.0,45415
2021-06-22 09:33:46,2719.0,45415
2021-06-22 09:33:47,2718.55,45420
2021-06-22 09:33:48,2719.9,45650
2021-06-22 09:33:49,2720.0,45722
2021-06-22 09:33:50,2720.0,45722
2021-06-22 09:33:51,2718.85,45731
2021-06-22 09:33:52,2720.0,45851
2021-06-22 09:33:53,2718.7,45856
2021-06-22 09:33:54,2718.65,45947
2021-06-22 09:33:55,2719.0,45952
2021-06-22 09:33:56,2720.0,45972
2021-06-22 09:33:57,2718.75,45983
2021-06-22 09:33:59,2718.8,46003
2021-06-22 09:34:00,2718.7,46104
2021-06-22 09:34:01,2718.8,46105
2021-06-22 09:34:02,2718.8,46105
2021-06-22 09:34:03,2718.8,46110
2021-06-22 09:34:04,2719.7,46122
2021-06-22 09:34:05,2718.6,46147
2021-06-22 09:34:06,2718.6,46147
2021-06-22 09:34:07,2719.0,46157
2021-06-22 09:34:08,2719.0,46157
2021-06-22 09:34:10,2718.5,46217
2021-06-22 09:34:12,2718.7,46252
2021-06-22 09:34:15,2718.6,46289
2021-06-22 09:34:16,2718.6,46295
2021-06-22 09:34:17,2719.0,46303
2021-06-22 09:34:18,2718.85,46333
2021-06-22 09:34:19,2718.85,46338
2021-06-22 09:34:20,2718.85,46338
2021-06-22 09:34:21,2718.8,46398
2021-06-22 09:34:22,2718.8,46399
2021-06-22 09:34:23,2718.8,46404
2021-06-22 09:34:24,2718.8,46405
2021-06-22 09:34:25,2718.8,46410
2021-06-22 09:34:26,2719.6,46436
2021-06-22 09:34:27,2719.6,46436
2021-06-22 09:34:28,2719.95,46514
2021-06-22 09:34:29,2718.5,46515
2021-06-22 09:34:30,2718.75,46525
2021-06-22 09:34:33,2718.6,46694
2021-06-22 09:34:34,2719.85,46747
2021-06-22 09:34:35,2719.85,46747
2021-06-22 09:34:36,2719.8,46767
2021-06-22 09:34:37,2719.8,46767
2021-06-22 09:34:38,2719.6,46776
2021-06-22 09:34:39,2720.0,47045
2021-06-22 09:34:40,2719.0,47081
2021-06-22 09:34:41,2719.0,47082
2021-06-22 09:34:44,2719.8,47124
2021-06-22 09:34:45,2719.9,47137
2021-06-22 09:34:47,2719.9,47165
2021-06-22 09:34:48,2719.9,47165
2021-06-22 09:34:49,2719.9,47175
2021-06-22 09:34:50,2719.6,47200
2021-06-22 09:34:50,2719.6,47213
2021-06-22 09:34:51,2719.6,47217
2021-06-22 09:34:52,2719.6,47220
2021-06-22 09:34:53,2719.6,47221
2021-06-22 09:34:54,2719.6,47222
2021-06-22 09:34:55,2719.6,47223
2021-06-22 09:34:56,2719.6,47223
2021-06-22 09:34:57,2719.65,47233
2021-06-22 09:34:58,2719.6,47236
2021-06-22 09:34:59,2719.6,47246
2021-06-22 09:35:00,2719.6,47249
2021-06-22 09:35:01,2719.6,47250
2021-06-22 09:35:02,2719.6,47250
2021-06-22 09:35:05,2719.4,47385
2021-06-22 09:35:07,2719.95,47449
2021-06-22 09:35:08,2719.95,47449
2021-06-22 09:35:09,2719.9,47470
2021-06-22 09:35:13,2719.9,47490
2021-06-22 09:35:14,2719.9,47496
2021-06-22 09:35:15,2720.0,47701
2021-06-22 09:35:16,2719.9,47765
2021-06-22 09:35:17,2719.8,47785
2021-06-22 09:35:18,2719.8,47808
2021-06-22 09:35:19,2719.65,47932
2021-06-22 09:35:20,2719.7,47954
2021-06-22 09:35:21,2719.6,47963
2021-06-22 09:35:22,2719.65,47967
2021-06-22 09:35:23,2719.6,47968
2021-06-22 09:35:24,2718.6,48413
2021-06-22 09:35:25,2718.0,48593
2021-06-22 09:35:26,2718.0,48594
2021-06-22 09:35:27,2718.4,48606
2021-06-22 09:35:28,2717.5,49116
2021-06-22 09:35:29,2717.25,49171
2021-06-22 09:35:30,2717.25,49184
2021-06-22 09:35:31,2717.25,49186
2021-06-22 09:35:32,2716.45,49224
2021-06-22 09:35:33,2716.45,49224
2021-06-22 09:35:34,2716.45,49224
2021-06-22 09:35:35,2717.25,49228
2021-06-22 09:35:36,2717.25,49228
2021-06-22 09:35:37,2716.6,49236
2021-06-22 09:35:38,2717.85,49238
2021-06-22 09:35:39,2716.6,49239
2021-06-22 09:35:40,2716.6,49239
2021-06-22 09:35:41,2716.6,49239
2021-06-22 09:35:42,2716.6,49239
2021-06-22 09:35:43,2716.6,49239
2021-06-22 09:35:44,2716.6,49239
2021-06-22 09:35:45,2716.6,49241
2021-06-22 09:35:47,2717.05,49268
2021-06-22 09:35:48,2716.5,49270
2021-06-22 09:35:49,2716.5,49271
2021-06-22 09:35:50,2718.0,49425
2021-06-22 09:35:51,2716.65,49430
2021-06-22 09:35:52,2716.65,49430
2021-06-22 09:35:53,2716.65,49430
2021-06-22 09:35:54,2716.65,49430
2021-06-22 09:35:55,2716.65,49430
2021-06-22 09:35:56,2716.7,49431
2021-06-22 09:35:57,2716.7,49431
2021-06-22 09:35:58,2716.75,49432
2021-06-22 09:35:59,2716.2,49632
2021-06-22 09:36:00,2716.2,49633
2021-06-22 09:36:01,2716.2,49634
2021-06-22 09:36:02,2716.8,49668
2021-06-22 09:36:03,2717.7,49688
2021-06-22 09:36:04,2717.7,49688
2021-06-22 09:36:05,2717.7,49688
2021-06-22 09:36:06,2717.7,49688
2021-06-22 09:36:07,2716.8,49813
2021-06-22 09:36:08,2716.8,49814
2021-06-22 09:36:09,2717.9,49828
2021-06-22 09:36:10,2717.7,49878
2021-06-22 09:36:11,2714.95,50439
2021-06-22 09:36:12,2716.15,50470
2021-06-22 09:36:13,2716.15,50470
2021-06-22 09:36:14,2716.15,50470
2021-06-22 09:36:15,2716.15,50470
2021-06-22 09:36:16,2714.55,50471
2021-06-22 09:36:17,2714.55,50510
2021-06-22 09:36:18,2714.55,50511
2021-06-22 09:36:19,2715.9,50536
2021-06-22 09:36:20,2715.9,50536
2021-06-22 09:36:21,2715.9,50536
2021-06-22 09:36:22,2715.9,50536
2021-06-22 09:36:23,2716.6,50538
2021-06-22 09:36:24,2716.6,50538
2021-06-22 09:36:25,2715.9,50608
2021-06-22 09:36:26,2715.85,50723
2021-06-22 09:36:28,2716.4,50773
2021-06-22 09:36:29,2714.5,50993
2021-06-22 09:36:30,2714.25,50998
2021-06-22 09:36:31,2715.0,51000
2021-06-22 09:36:32,2715.6,51152
2021-06-22 09:36:33,2715.6,51162
2021-06-22 09:36:34,2715.7,51228
2021-06-22 09:36:35,2715.75,51262
2021-06-22 09:36:36,2715.65,51327
2021-06-22 09:36:38,2715.65,51328
2021-06-22 09:36:39,2715.3,51342
2021-06-22 09:36:40,2715.3,51342
2021-06-22 09:36:41,2718.5,52598
2021-06-22 09:36:42,2718.9,52632
2021-06-22 09:36:43,2718.75,52686
2021-06-22 09:36:44,2718.75,52713
2021-06-22 09:36:48,2718.4,52859
2021-06-22 09:36:49,2718.3,52861
2021-06-22 09:36:50,2718.0,52863
2021-06-22 09:36:51,2718.3,53108
2021-06-22 09:36:52,2718.2,53129
2021-06-22 09:36:53,2718.1,53148
2021-06-22 09:36:54,2718.0,53154
2021-06-22 09:36:55,2718.2,53178
2021-06-22 09:36:56,2718.1,53187
2021-06-22 09:36:57,2718.05,53200
2021-06-22 09:36:58,2718.0,53204
2021-06-22 09:36:59,2718.05,53208
2021-06-22 09:37:00,2718.05,53222
2021-06-22 09:37:01,2718.0,53226
2021-06-22 09:37:02,2718.0,53244
2021-06-22 09:37:04,2719.0,53361
2021-06-22 09:37:05,2718.55,53546
2021-06-22 09:37:06,2718.65,53551
2021-06-22 09:37:07,2719.5,53601
2021-06-22 09:37:08,2719.5,53601
2021-06-22 09:37:09,2719.4,53619
2021-06-22 09:37:10,2718.4,53626
2021-06-22 09:37:11,2718.8,53644
2021-06-22 09:37:12,2718.25,53645
2021-06-22 09:37:13,2718.6,53647
2021-06-22 09:37:14,2718.8,53682
2021-06-22 09:37:15,2718.7,53686
2021-06-22 09:37:16,2718.5,53706
2021-06-22 09:37:17,2718.0,53960
2021-06-22 09:37:18,2717.65,53978
2021-06-22 09:37:19,2717.65,53978
2021-06-22 09:37:20,2716.0,53979
2021-06-22 09:37:21,2716.0,53979
2021-06-22 09:37:22,2716.0,53979
2021-06-22 09:37:23,2716.35,53982
2021-06-22 09:37:24,2717.65,53997
2021-06-22 09:37:25,2716.35,54047
2021-06-22 09:37:26,2716.35,54052
2021-06-22 09:37:27,2717.6,54077
2021-06-22 09:37:28,2717.6,54077
2021-06-22 09:37:29,2716.45,54128
2021-06-22 09:37:30,2716.45,54128
2021-06-22 09:37:31,2718.0,54172
2021-06-22 09:37:32,2718.0,54192
2021-06-22 09:37:33,2718.0,54192
2021-06-22 09:37:35,2718.0,54244
2021-06-22 09:37:36,2718.0,54244
2021-06-22 09:37:37,2718.0,54244
2021-06-22 09:37:38,2717.55,54264
2021-06-22 09:37:39,2717.55,54264
2021-06-22 09:37:40,2718.0,54265
2021-06-22 09:37:41,2717.55,54267
2021-06-22 09:37:42,2718.0,54293
2021-06-22 09:37:43,2717.55,54315
2021-06-22 09:37:43,2718.0,54317
2021-06-22 09:37:45,2719.8,54535
2021-06-22 09:37:45,2719.8,54535
2021-06-22 09:37:47,2719.8,54535
2021-06-22 09:37:47,2719.8,54535
2021-06-22 09:37:48,2719.8,54535
2021-06-22 09:37:49,2717.35,54835
2021-06-22 09:37:50,2718.15,54858
2021-06-22 09:37:51,2718.15,54876
2021-06-22 09:37:52,2718.05,54877
2021-06-22 09:37:53,2718.05,54880
2021-06-22 09:37:55,2718.15,54931
2021-06-22 09:37:56,2718.15,54931
2021-06-22 09:37:57,2718.15,54931
2021-06-22 09:38:00,2719.45,54981
2021-06-22 09:38:00,2719.45,54982
2021-06-22 09:38:01,2718.8,54984
2021-06-22 09:38:03,2718.7,54985
2021-06-22 09:38:04,2719.85,55085
2021-06-22 09:38:05,2718.2,55086
2021-06-22 09:38:07,2719.45,55098
2021-06-22 09:38:08,2719.45,55108
2021-06-22 09:38:09,2718.2,55110
2021-06-22 09:38:10,2718.2,55111
2021-06-22 09:38:11,2718.25,55114
2021-06-22 09:38:12,2718.25,55114
2021-06-22 09:38:13,2718.8,55117
2021-06-22 09:38:14,2718.25,55118
2021-06-22 09:38:15,2718.25,55118
2021-06-22 09:38:16,2718.8,55172
2021-06-22 09:38:16,2719.45,55168
2021-06-22 09:38:19,2718.8,55193
2021-06-22 09:38:20,2718.8,55198
2021-06-22 09:38:21,2719.0,55209
2021-06-22 09:38:22,2719.0,55209
2021-06-22 09:38:23,2718.8,55513
2021-06-22 09:38:27,2718.8,55600
2021-06-22 09:38:28,2718.8,55600
2021-06-22 09:38:29,2718.8,55603
2021-06-22 09:38:30,2719.25,55606
2021-06-22 09:38:30,2719.25,55606
2021-06-22 09:38:31,2719.25,55606
2021-06-22 09:38:32,2719.25,55606
2021-06-22 09:38:33,2719.25,55606
2021-06-22 09:38:35,2718.8,55626
2021-06-22 09:38:36,2718.8,55635
2021-06-22 09:38:37,2718.8,55635
2021-06-22 09:38:38,2718.8,55635
2021-06-22 09:38:39,2718.1,55660
2021-06-22 09:38:39,2718.1,55660
2021-06-22 09:38:40,2717.75,55670
2021-06-22 09:38:41,2718.45,55725
2021-06-22 09:38:44,2718.0,55739
2021-06-22 09:38:46,2718.0,55739
2021-06-22 09:38:47,2718.0,55764
2021-06-22 09:38:48,2718.0,55782
2021-06-22 09:38:50,2718.8,55822
2021-06-22 09:38:51,2718.8,55822
2021-06-22 09:38:52,2718.7,55827
2021-06-22 09:38:53,2718.7,55827
2021-06-22 09:38:54,2718.7,55827
2021-06-22 09:38:55,2717.7,55842
2021-06-22 09:38:56,2717.7,55842
2021-06-22 09:38:57,2717.7,55842
2021-06-22 09:38:58,2718.7,56092
2021-06-22 09:38:59,2718.7,56092
2021-06-22 09:39:01,2718.4,56168
2021-06-22 09:39:02,2718.4,56168
2021-06-22 09:39:04,2716.6,56267
2021-06-22 09:39:04,2716.6,56267
2021-06-22 09:39:07,2716.6,56267
2021-06-22 09:39:08,2717.0,56268
2021-06-22 09:39:09,2717.0,56271
2021-06-22 09:39:10,2717.0,56271
2021-06-22 09:39:11,2717.0,56271
2021-06-22 09:39:11,2717.0,56271
2021-06-22 09:39:13,2717.0,56274
2021-06-22 09:39:14,2717.0,56274
2021-06-22 09:39:15,2717.0,56274
2021-06-22 09:39:15,2717.0,56274
2021-06-22 09:39:17,2717.0,56274
2021-06-22 09:39:18,2717.0,56274
2021-06-22 09:39:19,2717.0,56274
2021-06-22 09:39:19,2717.0,56274
2021-06-22 09:39:21,2718.0,56349
2021-06-22 09:39:22,2718.0,56363
2021-06-22 09:39:22,2718.0,56363
2021-06-22 09:39:24,2718.0,56363
2021-06-22 09:39:25,2718.0,56364
2021-06-22 09:39:25,2718.0,56364
2021-06-22 09:39:26,2718.0,56364
2021-06-22 09:39:27,2718.0,56364
2021-06-22 09:39:29,2718.0,56364
2021-06-22 09:39:30,2718.95,57063
2021-06-22 09:39:31,2719.7,57088
2021-06-22 09:39:32,2719.7,57106
2021-06-22 09:39:33,2719.7,57143
2021-06-22 09:39:34,2718.75,57148
2021-06-22 09:39:35,2719.7,57203
2021-06-22 09:39:36,2719.0,57205
2021-06-22 09:39:36,2722.35,58492
2021-06-22 09:39:37,2722.3,58571
2021-06-22 09:39:38,2722.2,58645
2021-06-22 09:39:39,2722.2,58668
2021-06-22 09:39:41,2721.45,58673
2021-06-22 09:39:42,2721.45,58686
2021-06-22 09:39:42,2721.45,58686
2021-06-22 09:39:43,2721.45,58686
2021-06-22 09:39:45,2724.95,59986
2021-06-22 09:39:45,2724.95,59986
2021-06-22 09:39:46,2724.8,60211
2021-06-22 09:39:48,2724.8,60380
2021-06-22 09:39:49,2723.7,60539
2021-06-22 09:39:49,2724.85,60555
2021-06-22 09:39:50,2723.15,60653
2021-06-22 09:39:51,2723.2,60654
2021-06-22 09:39:53,2723.2,60654
2021-06-22 09:39:54,2722.65,60659
2021-06-22 09:39:54,2722.65,60659
2021-06-22 09:39:56,2722.65,60716
2021-06-22 09:39:57,2722.65,60770
2021-06-22 09:39:59,2722.8,60827
2021-06-22 09:39:59,2722.8,60827
2021-06-22 09:40:01,2724.3,60957
2021-06-22 09:40:02,2724.3,60957
2021-06-22 09:40:03,2722.7,60977
2021-06-22 09:40:04,2724.15,61088
2021-06-22 09:40:04,2724.15,61088
2021-06-22 09:40:06,2722.7,61104
2021-06-22 09:40:06,2722.7,61104
2021-06-22 09:40:07,2722.5,61316
2021-06-22 09:40:08,2722.45,61346
2021-06-22 09:40:09,2722.45,61352
2021-06-22 09:40:10,2721.9,61540
2021-06-22 09:40:12,2722.75,61558
2021-06-22 09:40:14,2721.6,61579
2021-06-22 09:40:15,2721.75,61580
2021-06-22 09:40:16,2721.6,61595
2021-06-22 09:40:17,2721.5,61619
2021-06-22 09:40:18,2721.45,61634
2021-06-22 09:40:19,2721.4,61677
2021-06-22 09:40:19,2721.5,61720
2021-06-22 09:40:21,2721.5,61761
2021-06-22 09:40:22,2723.0,61779
2021-06-22 09:40:23,2723.0,61780
2021-06-22 09:40:24,2723.0,61780
2021-06-22 09:40:25,2722.3,61880
2021-06-22 09:40:26,2722.05,61899
2021-06-22 09:40:27,2722.75,61908
2021-06-22 09:40:28,2722.75,61908
2021-06-22 09:40:29,2723.3,61918
2021-06-22 09:40:30,2722.7,61921
2021-06-22 09:40:31,2722.7,61921
2021-06-22 09:40:32,2721.5,62122
2021-06-22 09:40:34,2721.5,62144
2021-06-22 09:40:37,2721.55,62197
2021-06-22 09:40:38,2723.6,62334
2021-06-22 09:40:41,2721.75,62500
2021-06-22 09:40:42,2723.0,62544
2021-06-22 09:40:43,2723.0,62544
2021-06-22 09:40:44,2722.95,62550
2021-06-22 09:40:45,2722.95,62550
2021-06-22 09:40:46,2722.45,62555
2021-06-22 09:40:47,2722.35,62609
2021-06-22 09:40:48,2723.0,62671
2021-06-22 09:40:50,2722.45,62677
2021-06-22 09:40:51,2722.5,62709
2021-06-22 09:40:51,2723.0,62720
2021-06-22 09:40:52,2722.55,62735
2021-06-22 09:40:53,2722.9,62738
2021-06-22 09:40:55,2722.9,62755
2021-06-22 09:40:59,2723.45,63083
2021-06-22 09:41:01,2724.1,63167
2021-06-22 09:41:02,2724.1,63458
2021-06-22 09:41:03,2725.0,63987
2021-06-22 09:41:04,2724.95,64032
2021-06-22 09:41:05,2725.0,64069
2021-06-22 09:41:06,2723.45,64480
2021-06-22 09:41:07,2724.7,64508
2021-06-22 09:41:08,2724.7,64526
2021-06-22 09:41:09,2724.4,64535
2021-06-22 09:41:10,2724.4,64639
2021-06-22 09:41:10,2724.1,64640
2021-06-22 09:41:12,2724.15,64747
2021-06-22 09:41:13,2725.85,64892
2021-06-22 09:41:14,2725.75,64934
2021-06-22 09:41:15,2725.65,64946
2021-06-22 09:41:15,2726.25,65032
2021-06-22 09:41:16,2726.1,65051
2021-06-22 09:41:17,2726.1,65051
2021-06-22 09:41:18,2725.0,65065
2021-06-22 09:41:19,2725.0,65065
2021-06-22 09:41:21,2725.2,65165
2021-06-22 09:41:22,2725.75,65223
2021-06-22 09:41:23,2725.4,65224
2021-06-22 09:41:25,2725.3,65230
2021-06-22 09:41:26,2725.3,65230
2021-06-22 09:41:27,2726.0,65531
2021-06-22 09:41:28,2726.15,67618
2021-06-22 09:41:28,2726.15,67597
2021-06-22 09:41:29,2727.55,67676
2021-06-22 09:41:30,2727.4,67793
2021-06-22 09:41:31,2725.05,68170
2021-06-22 09:41:33,2726.5,68225
2021-06-22 09:41:35,2725.75,68293
2021-06-22 09:41:36,2725.75,68293
2021-06-22 09:41:37,2725.0,68302
2021-06-22 09:41:37,2725.2,68353
2021-06-22 09:41:39,2725.1,68587
2021-06-22 09:41:39,2725.1,68676
2021-06-22 09:41:40,2727.2,70853
2021-06-22 09:41:41,2728.65,70918
2021-06-22 09:41:42,2728.45,70981
2021-06-22 09:41:43,2728.0,71034
2021-06-22 09:41:44,2727.85,71054
2021-06-22 09:41:45,2727.85,71054
2021-06-22 09:41:46,2727.2,71069
2021-06-22 09:41:47,2726.25,71442
2021-06-22 09:41:48,2726.25,71585
2021-06-22 09:41:49,2727.0,71716
2021-06-22 09:41:50,2726.9,71744
2021-06-22 09:41:52,2726.5,71953
2021-06-22 09:41:53,2726.4,71981
2021-06-22 09:41:54,2726.4,71996
2021-06-22 09:41:55,2726.3,71999
2021-06-22 09:41:56,2726.15,72450
2021-06-22 09:41:57,2725.85,72489
2021-06-22 09:41:58,2725.5,72492
2021-06-22 09:41:59,2725.6,72505
2021-06-22 09:42:01,2725.65,72839
2021-06-22 09:42:02,2725.5,72853
2021-06-22 09:42:03,2725.55,72858
2021-06-22 09:42:04,2725.65,72954
2021-06-22 09:42:05,2725.65,73054
2021-06-22 09:42:06,2725.55,73161
2021-06-22 09:42:07,2725.5,73203
2021-06-22 09:42:08,2725.55,73218
2021-06-22 09:42:09,2725.5,73223
2021-06-22 09:42:10,2725.5,73295
2021-06-22 09:42:11,2724.3,73578
2021-06-22 09:42:12,2724.2,73587
2021-06-22 09:42:13,2724.1,73590
2021-06-22 09:42:15,2724.1,73590
2021-06-22 09:42:16,2723.75,73715
2021-06-22 09:42:17,2723.55,73724
2021-06-22 09:42:19,2723.0,73856
2021-06-22 09:42:20,2723.35,73890
2021-06-22 09:42:21,2723.0,74004
2021-06-22 09:42:23,2723.05,74064
2021-06-22 09:42:24,2723.05,74102
2021-06-22 09:42:25,2724.4,74369
2021-06-22 09:42:26,2725.45,74517
2021-06-22 09:42:27,2725.45,74517
2021-06-22 09:42:28,2724.55,74519
2021-06-22 09:42:29,2724.55,74523
2021-06-22 09:42:30,2725.65,74530
2021-06-22 09:42:31,2725.55,74538
2021-06-22 09:42:32,2725.45,74541
2021-06-22 09:42:33,2726.6,74667
2021-06-22 09:42:34,2726.5,74681
2021-06-22 09:42:35,2725.5,74717
2021-06-22 09:42:36,2725.5,74717
2021-06-22 09:42:37,2725.5,74717
2021-06-22 09:42:38,2725.5,74717
2021-06-22 09:42:39,2725.45,74718
2021-06-22 09:42:40,2725.45,74718
2021-06-22 09:42:41,2725.45,74727
2021-06-22 09:42:42,2725.6,74728
2021-06-22 09:42:43,2725.6,74728
2021-06-22 09:42:44,2725.5,74732
2021-06-22 09:42:44,2725.45,74761
2021-06-22 09:42:45,2725.0,74763
2021-06-22 09:42:46,2724.6,74779
2021-06-22 09:42:47,2725.1,74781
2021-06-22 09:42:48,2725.5,74867
2021-06-22 09:42:49,2726.95,74917
2021-06-22 09:42:50,2725.6,74920
2021-06-22 09:42:51,2725.6,74920
2021-06-22 09:42:52,2726.95,74951
2021-06-22 09:42:53,2726.95,74951
2021-06-22 09:42:54,2727.0,75013
2021-06-22 09:42:55,2726.9,75025
2021-06-22 09:42:56,2725.6,75083
2021-06-22 09:42:57,2725.55,75194
2021-06-22 09:42:58,2726.7,75206
2021-06-22 09:42:59,2726.7,75211
2021-06-22 09:43:00,2726.1,75217
2021-06-22 09:43:01,2725.7,75259
2021-06-22 09:43:02,2725.5,75272
2021-06-22 09:43:03,2726.6,75337
2021-06-22 09:43:04,2726.5,75348
2021-06-22 09:43:05,2726.5,75348
2021-06-22 09:43:06,2725.65,75349
2021-06-22 09:43:08,2726.1,75362
2021-06-22 09:43:09,2726.1,75362
2021-06-22 09:43:10,2725.7,75364
2021-06-22 09:43:12,2725.55,75376
2021-06-22 09:43:13,2725.55,75376
2021-06-22 09:43:14,2725.55,75386
2021-06-22 09:43:15,2725.55,75389
2021-06-22 09:43:16,2728.15,75890
2021-06-22 09:43:17,2727.5,75934
2021-06-22 09:43:18,2727.5,75948
2021-06-22 09:43:19,2726.55,76008
2021-06-22 09:43:19,2726.55,76009
2021-06-22 09:43:20,2726.6,76014
2021-06-22 09:43:22,2726.6,76014
2021-06-22 09:43:22,2726.55,76026
2021-06-22 09:43:24,2727.05,76051
2021-06-22 09:43:24,2727.05,76051
2021-06-22 09:43:25,2727.05,76151
2021-06-22 09:43:26,2726.8,76165
2021-06-22 09:43:27,2726.55,76177
2021-06-22 09:43:28,2726.55,76177
2021-06-22 09:43:29,2726.55,76177
2021-06-22 09:43:30,2726.55,76207
2021-06-22 09:43:31,2726.7,76260
2021-06-22 09:43:32,2726.65,76278
2021-06-22 09:43:33,2726.85,76279
2021-06-22 09:43:35,2726.85,76279
2021-06-22 09:43:36,2726.85,76279
2021-06-22 09:43:36,2726.85,76279
2021-06-22 09:43:37,2726.6,76290
2021-06-22 09:43:38,2726.6,76290
2021-06-22 09:43:39,2726.6,76290
2021-06-22 09:43:41,2728.7,76390
2021-06-22 09:43:42,2728.7,76390
2021-06-22 09:43:43,2728.0,76441
2021-06-22 09:43:44,2728.0,76441
2021-06-22 09:43:45,2727.9,76477
2021-06-22 09:43:46,2727.9,76477
2021-06-22 09:43:47,2726.7,76478
2021-06-22 09:43:48,2726.7,76478
2021-06-22 09:43:48,2726.55,76579
2021-06-22 09:43:49,2726.6,76630
2021-06-22 09:43:50,2725.8,76648
2021-06-22 09:43:51,2725.8,76670
2021-06-22 09:43:52,2726.45,76725
2021-06-22 09:43:53,2727.6,76785
2021-06-22 09:43:54,2726.7,76786
2021-06-22 09:43:55,2726.7,76786
2021-06-22 09:43:56,2726.7,76786
2021-06-22 09:43:59,2726.55,77114
2021-06-22 09:44:00,2726.55,77114
2021-06-22 09:44:01,2727.9,77131
2021-06-22 09:44:02,2727.9,77139
2021-06-22 09:44:03,2727.9,77139
2021-06-22 09:44:04,2726.7,77140
2021-06-22 09:44:05,2726.35,77345
2021-06-22 09:44:05,2726.35,77347
2021-06-22 09:44:06,2726.35,77347
2021-06-22 09:44:08,2728.55,77556
2021-06-22 09:44:09,2727.8,77585
2021-06-22 09:44:11,2727.8,77585
2021-06-22 09:44:11,2727.8,77585
2021-06-22 09:44:12,2727.8,77585
2021-06-22 09:44:13,2727.8,77585
2021-06-22 09:44:14,2726.4,77587
2021-06-22 09:44:15,2726.5,77589
2021-06-22 09:44:16,2726.1,77599
2021-06-22 09:44:17,2726.1,77599
2021-06-22 09:44:18,2726.05,77604
2021-06-22 09:44:19,2726.75,77696
2021-06-22 09:44:20,2726.1,77734
2021-06-22 09:44:21,2726.35,77739
2021-06-22 09:44:22,2726.35,77739
2021-06-22 09:44:24,2726.35,77739
2021-06-22 09:44:26,2726.0,77748
2021-06-22 09:44:27,2725.9,77749
2021-06-22 09:44:28,2725.8,77781
2021-06-22 09:44:29,2725.8,77785
2021-06-22 09:44:30,2725.8,77791
2021-06-22 09:44:31,2725.85,77813
2021-06-22 09:44:32,2727.7,77856
2021-06-22 09:44:33,2727.7,77856
2021-06-22 09:44:34,2727.7,77856
2021-06-22 09:44:35,2727.0,77906
2021-06-22 09:44:37,2727.0,77906
2021-06-22 09:44:39,2726.0,77915
2021-06-22 09:44:40,2726.0,77915
2021-06-22 09:44:41,2726.05,77920
2021-06-22 09:44:42,2726.0,77928
2021-06-22 09:44:43,2726.0,77937
2021-06-22 09:44:44,2726.0,77942
2021-06-22 09:44:45,2726.0,77981
2021-06-22 09:44:46,2726.0,78067
2021-06-22 09:44:47,2726.05,78104
2021-06-22 09:44:48,2726.05,78104
2021-06-22 09:44:49,2726.0,78109
2021-06-22 09:44:50,2726.0,78109
2021-06-22 09:44:51,2726.0,78109
2021-06-22 09:44:52,2726.0,78109
2021-06-22 09:44:53,2726.0,78109
2021-06-22 09:44:53,2726.0,78109
2021-06-22 09:44:55,2726.4,78123
2021-06-22 09:44:56,2726.0,78135
2021-06-22 09:44:57,2726.0,78140
2021-06-22 09:44:58,2726.05,78158
2021-06-22 09:44:59,2726.35,78278
2021-06-22 09:45:00,2727.7,78296
2021-06-22 09:45:01,2726.35,78301
2021-06-22 09:45:02,2727.6,78308
2021-06-22 09:45:03,2727.6,78308
2021-06-22 09:45:04,2726.3,78358
2021-06-22 09:45:05,2727.45,78418
2021-06-22 09:45:06,2727.35,78419
2021-06-22 09:45:07,2726.25,78444
2021-06-22 09:45:08,2727.85,78472
2021-06-22 09:45:09,2727.25,78480
2021-06-22 09:45:10,2727.25,78480
2021-06-22 09:45:11,2727.25,78480
2021-06-22 09:45:12,2727.05,78481
2021-06-22 09:45:13,2726.35,78482
2021-06-22 09:45:14,2726.35,78482
2021-06-22 09:45:15,2726.35,78482
2021-06-22 09:45:16,2726.35,78496
2021-06-22 09:45:17,2726.1,78497
2021-06-22 09:45:18,2726.1,78500
2021-06-22 09:45:19,2726.15,78506
2021-06-22 09:45:20,2726.05,78508
2021-06-22 09:45:21,2726.15,78511
2021-06-22 09:45:23,2726.05,78512
2021-06-22 09:45:24,2726.05,78532
2021-06-22 09:45:25,2726.65,78562
2021-06-22 09:45:26,2726.1,78597
2021-06-22 09:45:27,2726.15,78598
2021-06-22 09:45:28,2726.05,78662
2021-06-22 09:45:29,2726.05,78662
2021-06-22 09:45:30,2726.15,78672
2021-06-22 09:45:31,2727.55,78744
2021-06-22 09:45:32,2727.55,78744
2021-06-22 09:45:33,2727.7,78762
2021-06-22 09:45:34,2726.3,78817
2021-06-22 09:45:35,2726.35,78818
2021-06-22 09:45:36,2726.25,78838
2021-06-22 09:45:37,2726.25,78838
2021-06-22 09:45:38,2728.0,79091
2021-06-22 09:45:39,2728.0,79091
2021-06-22 09:45:39,2727.9,79096
2021-06-22 09:45:40,2726.25,79338
2021-06-22 09:45:41,2727.65,79374
2021-06-22 09:45:42,2727.65,79374
2021-06-22 09:45:43,2726.25,79377
2021-06-22 09:45:44,2726.25,79377
2021-06-22 09:45:45,2726.25,79377
2021-06-22 09:45:46,2726.9,79429
2021-06-22 09:45:47,2726.15,79432
2021-06-22 09:45:48,2726.15,79438
2021-06-22 09:45:49,2726.15,79448
2021-06-22 09:45:50,2726.15,79451
2021-06-22 09:45:51,2726.05,79482
2021-06-22 09:45:52,2726.05,79483
2021-06-22 09:45:53,2726.0,79504
2021-06-22 09:45:54,2726.0,79512
2021-06-22 09:45:55,2726.25,79625
2021-06-22 09:45:56,2727.7,79640
2021-06-22 09:45:57,2726.55,79644
2021-06-22 09:45:59,2726.55,79644
2021-06-22 09:46:00,2726.0,79667
2021-06-22 09:46:01,2726.0,79687
2021-06-22 09:46:02,2726.0,79708
2021-06-22 09:46:03,2726.0,79720
2021-06-22 09:46:04,2726.1,79737
2021-06-22 09:46:05,2726.0,79743
2021-06-22 09:46:06,2726.0,79744
2021-06-22 09:46:06,2726.05,79746
2021-06-22 09:46:08,2728.4,80246
2021-06-22 09:46:09,2728.15,80279
2021-06-22 09:46:10,2730.0,82048
2021-06-22 09:46:11,2727.05,82103
2021-06-22 09:46:13,2728.5,82283
2021-06-22 09:46:14,2728.15,82305
2021-06-22 09:46:15,2726.7,82322
2021-06-22 09:46:16,2727.35,82323
2021-06-22 09:46:17,2726.7,82328
2021-06-22 09:46:18,2726.75,82585
2021-06-22 09:46:19,2726.0,83871
2021-06-22 09:46:20,2726.3,84029
2021-06-22 09:46:21,2725.0,86068
2021-06-22 09:46:22,2728.35,87741
2021-06-22 09:46:23,2728.2,87775
2021-06-22 09:46:24,2728.2,87856
2021-06-22 09:46:27,2726.85,87894
2021-06-22 09:46:28,2726.85,87894
2021-06-22 09:46:29,2727.45,87931
2021-06-22 09:46:30,2726.75,87957
2021-06-22 09:46:31,2726.75,87978
2021-06-22 09:46:32,2726.75,87978
2021-06-22 09:46:33,2726.75,87978
2021-06-22 09:46:34,2726.45,87997
2021-06-22 09:46:35,2726.2,88026
2021-06-22 09:46:36,2727.0,88030
2021-06-22 09:46:37,2725.2,88150
2021-06-22 09:46:38,2725.2,88173
2021-06-22 09:46:39,2725.2,88174
2021-06-22 09:46:40,2725.2,88174
2021-06-22 09:46:41,2725.2,88174
2021-06-22 09:46:42,2725.2,88174
2021-06-22 09:46:43,2725.25,88189
2021-06-22 09:46:44,2725.2,88205
2021-06-22 09:46:45,2725.25,88207
2021-06-22 09:46:47,2724.55,88567
2021-06-22 09:46:48,2725.35,88589
2021-06-22 09:46:49,2725.35,88589
2021-06-22 09:46:50,2725.35,88589
2021-06-22 09:46:55,2724.25,88790
2021-06-22 09:46:56,2724.4,88792
2021-06-22 09:46:57,2725.35,88812
2021-06-22 09:46:58,2725.35,88812
2021-06-22 09:46:59,2724.0,88829
2021-06-22 09:47:00,2724.0,88829
2021-06-22 09:47:01,2724.05,88919
2021-06-22 09:47:02,2724.1,88920
2021-06-22 09:47:03,2724.1,88920
2021-06-22 09:47:04,2724.15,88955
2021-06-22 09:47:05,2725.35,88972
2021-06-22 09:47:06,2726.05,89092
2021-06-22 09:47:07,2729.2,90121
2021-06-22 09:47:08,2729.1,90138
2021-06-22 09:47:09,2729.3,90163
2021-06-22 09:47:10,2729.25,90405
2021-06-22 09:47:11,2728.25,90531
2021-06-22 09:47:12,2730.0,91631
2021-06-22 09:47:13,2730.55,92042
2021-06-22 09:47:15,2728.9,92405
2021-06-22 09:47:16,2730.35,92519
2021-06-22 09:47:17,2730.35,92529
2021-06-22 09:47:18,2730.0,92590
2021-06-22 09:47:19,2730.85,92627
2021-06-22 09:47:20,2730.0,92646
2021-06-22 09:47:21,2730.0,92646
2021-06-22 09:47:22,2730.8,92749
2021-06-22 09:47:23,2730.8,92756
2021-06-22 09:47:25,2730.85,93852
2021-06-22 09:47:26,2730.35,93893
2021-06-22 09:47:27,2730.8,93938
2021-06-22 09:47:28,2730.85,94203
2021-06-22 09:47:29,2730.85,94344
2021-06-22 09:47:30,2731.85,94862
2021-06-22 09:47:31,2730.0,95589
2021-06-22 09:47:32,2730.0,95670
2021-06-22 09:47:33,2730.0,95838
2021-06-22 09:47:34,2730.0,95878
2021-06-22 09:47:35,2729.3,95929
2021-06-22 09:47:36,2729.95,96095
2021-06-22 09:47:37,2728.5,98403
2021-06-22 09:47:38,2728.5,98406
2021-06-22 09:47:39,2729.95,98577
2021-06-22 09:47:40,2730.0,98736
2021-06-22 09:47:41,2728.55,98751
2021-06-22 09:47:42,2729.0,98782
2021-06-22 09:47:43,2729.7,98970
2021-06-22 09:47:44,2729.7,99101
2021-06-22 09:47:45,2729.7,99149
2021-06-22 09:47:46,2729.5,99265
2021-06-22 09:47:47,2729.3,99266
2021-06-22 09:47:48,2728.0,99267
2021-06-22 09:47:49,2729.0,99414
2021-06-22 09:47:50,2728.0,99427
2021-06-22 09:47:51,2728.0,99464
2021-06-22 09:47:52,2728.0,99501
2021-06-22 09:47:53,2729.0,99539
2021-06-22 09:47:54,2729.0,99539
2021-06-22 09:47:55,2729.25,99543
2021-06-22 09:47:56,2728.9,99596
2021-06-22 09:47:57,2727.7,99600
2021-06-22 09:47:58,2727.95,99830
2021-06-22 09:47:59,2727.7,99853
2021-06-22 09:48:00,2727.85,99863
2021-06-22 09:48:01,2727.85,99880
2021-06-22 09:48:02,2727.85,100017
2021-06-22 09:48:03,2727.85,100017
2021-06-22 09:48:04,2726.9,100043
2021-06-22 09:48:05,2726.9,100065
2021-06-22 09:48:06,2726.75,100081
2021-06-22 09:48:07,2726.75,100081
2021-06-22 09:48:08,2725.6,100087
2021-06-22 09:48:09,2725.6,100087
2021-06-22 09:48:10,2724.25,100332
2021-06-22 09:48:11,2724.05,100432
2021-06-22 09:48:12,2724.15,100538
2021-06-22 09:48:13,2724.15,100538
2021-06-22 09:48:14,2723.05,100540
2021-06-22 09:48:15,2723.05,100540
2021-06-22 09:48:16,2722.7,100542
2021-06-22 09:48:17,2722.2,100617
2021-06-22 09:48:18,2724.8,100927
2021-06-22 09:48:19,2724.8,100947
2021-06-22 09:48:21,2725.15,100976
2021-06-22 09:48:21,2725.15,100976
2021-06-22 09:48:22,2723.6,101100
2021-06-22 09:48:23,2723.6,101130
2021-06-22 09:48:24,2724.75,101133
2021-06-22 09:48:25,2724.55,101211
2021-06-22 09:48:26,2723.2,101327
2021-06-22 09:48:27,2724.0,101346
2021-06-22 09:48:28,2724.05,101630
2021-06-22 09:48:30,2724.35,101647
2021-06-22 09:48:32,2722.75,101726
2021-06-22 09:48:33,2724.0,101740
2021-06-22 09:48:34,2724.0,101740
2021-06-22 09:48:35,2723.95,101760
2021-06-22 09:48:36,2724.0,101761
2021-06-22 09:48:37,2722.55,101873
2021-06-22 09:48:38,2724.35,101941
2021-06-22 09:48:39,2724.0,102001
2021-06-22 09:48:41,2724.0,102001
2021-06-22 09:48:41,2724.0,102001
2021-06-22 09:48:42,2722.85,102193
2021-06-22 09:48:43,2724.25,102223
2021-06-22 09:48:44,2722.25,103369
2021-06-22 09:48:45,2723.95,103394
2021-06-22 09:48:46,2724.45,103530
2021-06-22 09:48:47,2724.55,103549
2021-06-22 09:48:48,2724.55,103560
2021-06-22 09:48:49,2726.4,104646
2021-06-22 09:48:50,2724.0,104697
2021-06-22 09:48:51,2726.0,104726
2021-06-22 09:48:52,2724.3,104746
2021-06-22 09:48:53,2726.1,104767
2021-06-22 09:48:54,2724.55,104778
2021-06-22 09:48:56,2726.55,104791
2021-06-22 09:48:57,2726.4,104801
2021-06-22 09:48:58,2726.8,104919
2021-06-22 09:48:59,2725.1,105054
2021-06-22 09:49:00,2726.55,105056
2021-06-22 09:49:01,2726.5,105086
2021-06-22 09:49:02,2726.1,105101
2021-06-22 09:49:03,2726.1,105101
2021-06-22 09:49:04,2726.5,105136
2021-06-22 09:49:05,2725.0,105357
2021-06-22 09:49:07,2726.0,105872
2021-06-22 09:49:09,2726.0,105934
2021-06-22 09:49:10,2725.0,105979
2021-06-22 09:49:12,2724.45,105996
2021-06-22 09:49:13,2724.45,106042
2021-06-22 09:49:14,2725.95,106052
2021-06-22 09:49:16,2724.2,106153
2021-06-22 09:49:16,2724.2,106153
2021-06-22 09:49:17,2726.0,106154
2021-06-22 09:49:18,2726.0,106184
2021-06-22 09:49:19,2726.0,106191
2021-06-22 09:49:20,2725.0,106201
2021-06-22 09:49:21,2725.0,106201
2021-06-22 09:49:22,2725.0,106201
2021-06-22 09:49:23,2724.3,106202
2021-06-22 09:49:26,2726.0,106268
2021-06-22 09:49:26,2726.0,106268
2021-06-22 09:49:27,2726.0,106291
2021-06-22 09:49:28,2726.0,106291
2021-06-22 09:49:29,2726.0,106291
2021-06-22 09:49:30,2726.0,106358
2021-06-22 09:49:33,2725.95,106369
2021-06-22 09:49:34,2725.0,106374
2021-06-22 09:49:35,2725.0,106375
2021-06-22 09:49:37,2725.0,106375
2021-06-22 09:49:37,2725.0,106375
2021-06-22 09:49:38,2725.0,106376
2021-06-22 09:49:41,2725.05,106387
2021-06-22 09:49:42,2725.85,106398
2021-06-22 09:49:44,2725.0,106448
2021-06-22 09:49:45,2725.85,106458
2021-06-22 09:49:46,2725.8,106473
2021-06-22 09:49:47,2725.0,106475
2021-06-22 09:49:48,2726.0,106695
2021-06-22 09:49:49,2726.0,106725
2021-06-22 09:49:50,2726.0,106725
2021-06-22 09:49:51,2726.0,106725
2021-06-22 09:49:52,2725.0,106728
2021-06-22 09:49:53,2726.0,106750
2021-06-22 09:49:54,2726.0,106750
2021-06-22 09:49:56,2726.0,106750
2021-06-22 09:49:56,2726.0,106750
2021-06-22 09:49:57,2725.8,106935
2021-06-22 09:49:58,2725.8,106935
2021-06-22 09:49:59,2724.45,106989
2021-06-22 09:50:00,2724.45,106989
2021-06-22 09:50:01,2724.45,106989
2021-06-22 09:50:02,2724.45,106989
2021-06-22 09:50:04,2725.0,106994
2021-06-22 09:50:05,2725.0,106994
2021-06-22 09:50:07,2725.0,106998
2021-06-22 09:50:08,2724.3,107242
2021-06-22 09:50:09,2724.95,107245
2021-06-22 09:50:11,2725.0,107356
2021-06-22 09:50:12,2724.0,107562
2021-06-22 09:50:13,2725.45,107600
2021-06-22 09:50:14,2724.0,107603
2021-06-22 09:50:15,2724.5,107703
2021-06-22 09:50:17,2724.5,107703
2021-06-22 09:50:17,2724.5,107703
2021-06-22 09:50:18,2724.5,107703
2021-06-22 09:50:19,2724.0,107709
2021-06-22 09:50:21,2725.2,107781
2021-06-22 09:50:22,2725.0,107801
2021-06-22 09:50:23,2724.0,107804
2021-06-22 09:50:24,2724.0,107804
2021-06-22 09:50:25,2724.0,107804
2021-06-22 09:50:26,2724.0,107805
2021-06-22 09:50:27,2724.0,107805
2021-06-22 09:50:28,2725.0,107807
2021-06-22 09:50:30,2725.0,107807
2021-06-22 09:50:30,2724.0,107854
2021-06-22 09:50:33,2724.0,107854
2021-06-22 09:50:33,2724.0,107854
2021-06-22 09:50:34,2724.0,107856
2021-06-22 09:50:35,2723.15,107956
2021-06-22 09:50:36,2723.2,107982
2021-06-22 09:50:37,2723.5,108073
2021-06-22 09:50:38,2724.9,108091
2021-06-22 09:50:39,2723.45,108103
2021-06-22 09:50:42,2724.7,108163
2021-06-22 09:50:43,2724.7,108163
2021-06-22 09:50:44,2724.7,108163
2021-06-22 09:50:45,2724.7,108163
2021-06-22 09:50:45,2724.7,108163
2021-06-22 09:50:46,2724.7,108163
2021-06-22 09:50:47,2724.7,108163
2021-06-22 09:50:49,2724.5,108174
2021-06-22 09:50:50,2724.5,108174
2021-06-22 09:50:51,2724.5,108174
2021-06-22 09:50:52,2724.65,108276
2021-06-22 09:50:52,2723.15,108280
2021-06-22 09:50:53,2723.15,108280
2021-06-22 09:50:54,2723.15,108280
2021-06-22 09:50:55,2723.15,108280
2021-06-22 09:50:56,2723.15,108280
2021-06-22 09:50:57,2723.1,108281
2021-06-22 09:50:58,2724.4,108282
2021-06-22 09:50:59,2724.25,108332
2021-06-22 09:51:00,2723.0,108382
2021-06-22 09:51:01,2724.15,108393
2021-06-22 09:51:03,2724.2,108403
2021-06-22 09:51:03,2724.2,108403
2021-06-22 09:51:04,2723.95,108503
2021-06-22 09:51:05,2723.1,108623
2021-06-22 09:51:06,2723.1,108623
2021-06-22 09:51:07,2723.1,108637
2021-06-22 09:51:08,2723.1,108637
2021-06-22 09:51:09,2722.0,108667
2021-06-22 09:51:11,2721.35,108673
2021-06-22 09:51:12,2722.95,108692
2021-06-22 09:51:13,2721.55,108702
2021-06-22 09:51:14,2721.35,108708
2021-06-22 09:51:15,2723.1,108908
2021-06-22 09:51:16,2721.45,108909
2021-06-22 09:51:17,2723.0,108911
2021-06-22 09:51:18,2723.0,108924
2021-06-22 09:51:20,2723.05,108934
2021-06-22 09:51:21,2723.1,108942
2021-06-22 09:51:22,2721.75,109047
2021-06-22 09:51:23,2721.35,109078
2021-06-22 09:51:24,2721.35,109080
2021-06-22 09:51:26,2721.3,109181
2021-06-22 09:51:27,2721.5,109195
2021-06-22 09:51:29,2721.5,109195
2021-06-22 09:51:30,2721.5,109195
2021-06-22 09:51:31,2721.5,109282
2021-06-22 09:51:31,2721.5,109304
2021-06-22 09:51:34,2721.5,109324
2021-06-22 09:51:35,2721.5,109324
2021-06-22 09:51:37,2721.5,109324
2021-06-22 09:51:37,2721.5,109324
2021-06-22 09:51:38,2721.5,109331
2021-06-22 09:51:39,2722.7,109381
2021-06-22 09:51:40,2722.35,110574
2021-06-22 09:51:41,2722.15,110638
2021-06-22 09:51:42,2722.3,110642
2021-06-22 09:51:43,2722.35,110658
2021-06-22 09:51:44,2722.35,110658
2021-06-22 09:51:45,2722.35,110658
2021-06-22 09:51:47,2722.35,110658
2021-06-22 09:51:48,2720.45,110672
2021-06-22 09:51:48,2720.35,110671
2021-06-22 09:51:50,2722.0,110760
2021-06-22 09:51:51,2721.35,110798
2021-06-22 09:51:53,2722.75,110887
2021-06-22 09:51:54,2722.75,110887
2021-06-22 09:51:55,2722.0,110952
2021-06-22 09:51:56,2721.2,110962
2021-06-22 09:51:57,2721.2,110962
2021-06-22 09:51:58,2721.35,111544
2021-06-22 09:51:58,2721.35,111544
2021-06-22 09:51:59,2722.7,111573
2021-06-22 09:52:00,2722.7,111592
2021-06-22 09:52:01,2721.4,111657
2021-06-22 09:52:03,2723.1,111978
2021-06-22 09:52:04,2724.7,111983
2021-06-22 09:52:04,2724.7,111983
2021-06-22 09:52:05,2723.4,111991
2021-06-22 09:52:06,2723.4,111991
2021-06-22 09:52:07,2723.4,111991
2021-06-22 09:52:08,2723.4,111991
2021-06-22 09:52:10,2723.4,111993
2021-06-22 09:52:11,2724.95,112011
2021-06-22 09:52:12,2724.95,112011
2021-06-22 09:52:13,2724.95,112079
2021-06-22 09:52:14,2724.95,112079
2021-06-22 09:52:15,2723.65,112085
2021-06-22 09:52:17,2723.65,112085
2021-06-22 09:52:18,2723.65,112085
2021-06-22 09:52:19,2723.25,112087
2021-06-22 09:52:19,2723.25,112087
2021-06-22 09:52:20,2723.65,112095
2021-06-22 09:52:21,2725.2,112903
2021-06-22 09:52:22,2725.8,113102
2021-06-22 09:52:24,2725.8,113115
2021-06-22 09:52:25,2725.8,113130
2021-06-22 09:52:26,2725.8,113134
2021-06-22 09:52:27,2725.8,113134
2021-06-22 09:52:29,2725.8,113134
2021-06-22 09:52:30,2725.8,113134
2021-06-22 09:52:30,2725.8,113134
2021-06-22 09:52:31,2725.8,113134
2021-06-22 09:52:32,2725.8,113135
2021-06-22 09:52:33,2725.8,113135
2021-06-22 09:52:34,2725.8,113135
2021-06-22 09:52:36,2723.4,113590
2021-06-22 09:52:37,2728.15,115188
2021-06-22 09:52:38,2729.3,115205
2021-06-22 09:52:39,2729.9,115305
2021-06-22 09:52:39,2729.9,115305
2021-06-22 09:52:40,2730.0,115614
2021-06-22 09:52:41,2730.0,115684
2021-06-22 09:52:42,2730.0,115684
2021-06-22 09:52:44,2730.0,115748
2021-06-22 09:52:45,2730.0,115754
2021-06-22 09:52:46,2728.75,115757
2021-06-22 09:52:47,2728.75,115758
2021-06-22 09:52:49,2728.75,115758
2021-06-22 09:52:50,2728.75,115758
2021-06-22 09:52:52,2728.75,115759
2021-06-22 09:52:53,2728.75,115759
2021-06-22 09:52:53,2728.75,115759
2021-06-22 09:52:55,2728.6,115799
2021-06-22 09:52:56,2730.0,115855
2021-06-22 09:52:57,2730.0,115870
2021-06-22 09:52:58,2730.0,115935
2021-06-22 09:52:58,2728.75,115965
2021-06-22 09:52:59,2728.65,115990
2021-06-22 09:53:00,2730.0,116029
2021-06-22 09:53:01,2730.05,120060
2021-06-22 09:53:02,2730.35,120276
2021-06-22 09:53:03,2730.1,120440
2021-06-22 09:53:04,2731.0,120500
2021-06-22 09:53:06,2731.5,120506
2021-06-22 09:53:07,2730.6,120830
2021-06-22 09:53:08,2732.0,120957
2021-06-22 09:53:09,2730.45,121020
2021-06-22 09:53:10,2732.2,121111
2021-06-22 09:53:11,2730.55,121306
2021-06-22 09:53:12,2731.8,121442
2021-06-22 09:53:13,2731.8,121442
2021-06-22 09:53:14,2731.8,121442
2021-06-22 09:53:14,2731.8,121442
2021-06-22 09:53:15,2731.8,121442
2021-06-22 09:53:16,2731.8,121444
2021-06-22 09:53:18,2730.6,121445
2021-06-22 09:53:20,2730.45,121816
2021-06-22 09:53:21,2731.0,121836
2021-06-22 09:53:22,2729.45,121856
2021-06-22 09:53:24,2729.95,121909
2021-06-22 09:53:25,2729.75,122370
2021-06-22 09:53:25,2729.75,122375
2021-06-22 09:53:26,2730.3,122410
2021-06-22 09:53:28,2730.3,122429
2021-06-22 09:53:31,2728.75,122469
2021-06-22 09:53:32,2729.35,122514
2021-06-22 09:53:33,2728.4,122564
2021-06-22 09:53:34,2728.4,122564
2021-06-22 09:53:35,2728.4,122564
2021-06-22 09:53:35,2728.4,122564
2021-06-22 09:53:36,2729.45,122569
2021-06-22 09:53:37,2730.45,122669
2021-06-22 09:53:38,2730.45,122669
2021-06-22 09:53:39,2730.45,122675
2021-06-22 09:53:41,2730.45,122675
2021-06-22 09:53:42,2730.45,122675
2021-06-22 09:53:43,2730.45,122681
2021-06-22 09:53:44,2730.45,122681
2021-06-22 09:53:44,2730.45,122681
2021-06-22 09:53:45,2730.45,122681
2021-06-22 09:53:46,2729.0,122701
2021-06-22 09:53:48,2729.0,122701
2021-06-22 09:53:49,2730.0,122703
2021-06-22 09:53:50,2730.0,122715
2021-06-22 09:53:51,2728.9,122750
2021-06-22 09:53:52,2728.9,122750
2021-06-22 09:53:53,2732.0,124880
2021-06-22 09:53:55,2732.0,124956
2021-06-22 09:53:56,2732.0,124974
2021-06-22 09:53:57,2730.8,125075
2021-06-22 09:53:58,2732.95,125218
2021-06-22 09:54:00,2733.0,125523
2021-06-22 09:54:01,2736.3,126892
2021-06-22 09:54:02,2735.35,126979
2021-06-22 09:54:03,2736.25,127160
2021-06-22 09:54:04,2736.3,127269
2021-06-22 09:54:04,2738.0,127551
2021-06-22 09:54:05,2734.35,128566
2021-06-22 09:54:06,2737.35,128617
2021-06-22 09:54:07,2737.2,128661
2021-06-22 09:54:09,2737.2,128661
2021-06-22 09:54:10,2738.0,128899
2021-06-22 09:54:11,2737.2,129466
2021-06-22 09:54:12,2737.4,129776
2021-06-22 09:54:13,2738.9,129817
2021-06-22 09:54:14,2737.4,129923
2021-06-22 09:54:14,2737.4,129924
2021-06-22 09:54:16,2738.9,130065
2021-06-22 09:54:17,2738.9,130065
2021-06-22 09:54:19,2738.9,130081
2021-06-22 09:54:20,2738.9,130087
2021-06-22 09:54:21,2738.9,130135
2021-06-22 09:54:22,2738.05,130234
2021-06-22 09:54:22,2738.05,130234
2021-06-22 09:54:23,2738.5,130531
2021-06-22 09:54:25,2738.05,130586
2021-06-22 09:54:26,2738.0,130656
2021-06-22 09:54:27,2737.55,130682
2021-06-22 09:54:27,2737.55,130682
2021-06-22 09:54:30,2736.0,130760
2021-06-22 09:54:31,2736.0,130761
2021-06-22 09:54:32,2736.0,130764
2021-06-22 09:54:33,2737.4,130796
2021-06-22 09:54:33,2737.4,130796
2021-06-22 09:54:34,2738.0,130979
2021-06-22 09:54:35,2738.0,131016
2021-06-22 09:54:37,2736.15,131153
2021-06-22 09:54:38,2737.95,131160
2021-06-22 09:54:39,2736.2,131180
2021-06-22 09:54:40,2737.9,131203
2021-06-22 09:54:41,2737.9,131203
2021-06-22 09:54:44,2736.65,131415
2021-06-22 09:54:45,2737.4,131455
2021-06-22 09:54:47,2735.9,131811
2021-06-22 09:54:47,2735.9,131811
2021-06-22 09:54:48,2735.5,132008
2021-06-22 09:54:51,2735.5,132017
2021-06-22 09:54:52,2736.0,132027
2021-06-22 09:54:53,2737.0,132045
2021-06-22 09:54:53,2737.0,132045
2021-06-22 09:54:55,2737.0,132045
2021-06-22 09:54:56,2737.0,132045
2021-06-22 09:54:57,2737.0,132045
2021-06-22 09:54:58,2737.0,132045
2021-06-22 09:54:59,2737.0,132045
2021-06-22 09:55:00,2737.0,132050
2021-06-22 09:55:00,2737.0,132050
2021-06-22 09:55:03,2737.0,132050
2021-06-22 09:55:04,2737.0,132050
2021-06-22 09:55:05,2735.4,132197
2021-06-22 09:55:07,2736.0,132249
2021-06-22 09:55:08,2736.0,132249
2021-06-22 09:55:09,2736.0,132250
2021-06-22 09:55:10,2734.25,132260
2021-06-22 09:55:11,2736.15,132530
2021-06-22 09:55:12,2736.15,132530
2021-06-22 09:55:12,2736.15,132530
2021-06-22 09:55:13,2734.45,132553
2021-06-22 09:55:15,2734.45,132553
2021-06-22 09:55:16,2734.0,133107
2021-06-22 09:55:17,2735.7,133138
2021-06-22 09:55:18,2735.7,133150
2021-06-22 09:55:18,2735.85,133165
2021-06-22 09:55:19,2734.15,133168
2021-06-22 09:55:21,2735.5,133182
2021-06-22 09:55:22,2735.5,133182
2021-06-22 09:55:23,2735.5,133182
2021-06-22 09:55:24,2735.5,133192
2021-06-22 09:55:24,2735.0,133198
2021-06-22 09:55:26,2736.65,133643
2021-06-22 09:55:27,2736.55,133745
2021-06-22 09:55:28,2736.65,133751
2021-06-22 09:55:29,2736.75,133763
2021-06-22 09:55:30,2735.05,133813
2021-06-22 09:55:31,2735.0,133818
2021-06-22 09:55:31,2735.0,133818
2021-06-22 09:55:33,2735.5,133823
2021-06-22 09:55:34,2735.5,133823
2021-06-22 09:55:35,2736.75,133862
2021-06-22 09:55:36,2736.75,133916
2021-06-22 09:55:37,2735.0,134316
2021-06-22 09:55:37,2735.1,134321
2021-06-22 09:55:38,2735.1,134321
2021-06-22 09:55:40,2734.7,134408
2021-06-22 09:55:41,2734.75,134409
2021-06-22 09:55:42,2735.05,134444
2021-06-22 09:55:43,2735.05,134444
2021-06-22 09:55:44,2736.4,134544
2021-06-22 09:55:44,2736.35,134547
2021-06-22 09:55:45,2736.35,134557
2021-06-22 09:55:47,2736.35,134557
2021-06-22 09:55:48,2734.75,134631
2021-06-22 09:55:49,2734.75,134631
2021-06-22 09:55:50,2734.65,134632
2021-06-22 09:55:52,2734.65,134669
2021-06-22 09:55:53,2735.75,134975
2021-06-22 09:55:54,2735.6,135005
2021-06-22 09:55:55,2735.6,135005
2021-06-22 09:55:56,2734.7,135166
2021-06-22 09:55:57,2734.8,135167
2021-06-22 09:55:58,2736.0,135182
2021-06-22 09:55:58,2736.0,135182
2021-06-22 09:55:59,2736.0,135217
2021-06-22 09:56:01,2736.0,135217
2021-06-22 09:56:02,2734.75,135314
2021-06-22 09:56:03,2735.9,135329
2021-06-22 09:56:04,2734.8,135379
2021-06-22 09:56:04,2735.95,135426
2021-06-22 09:56:05,2735.95,135426
2021-06-22 09:56:07,2734.8,135485
2021-06-22 09:56:08,2734.8,135486
2021-06-22 09:56:09,2734.8,135486
2021-06-22 09:56:11,2736.0,135488
2021-06-22 09:56:12,2736.0,135488
2021-06-22 09:56:13,2734.65,135494
2021-06-22 09:56:14,2734.65,135494
2021-06-22 09:56:16,2736.0,135495
2021-06-22 09:56:18,2736.0,135740
2021-06-22 09:56:18,2736.0,135740
2021-06-22 09:56:19,2736.75,135779
2021-06-22 09:56:20,2737.0,135813
2021-06-22 09:56:23,2736.2,136566
2021-06-22 09:56:24,2737.95,136743
2021-06-22 09:56:25,2736.6,136758
2021-06-22 09:56:26,2736.6,136763
2021-06-22 09:56:27,2737.0,136772
2021-06-22 09:56:28,2738.0,136807
2021-06-22 09:56:29,2736.6,137016
2021-06-22 09:56:30,2736.6,137016
2021-06-22 09:56:32,2738.0,137029
2021-06-22 09:56:33,2738.0,137029
2021-06-22 09:56:34,2737.0,137079
2021-06-22 09:56:35,2736.55,137080
2021-06-22 09:56:36,2736.55,137080
2021-06-22 09:56:37,2736.55,137080
2021-06-22 09:56:39,2737.95,137085
2021-06-22 09:56:40,2737.65,137097
2021-06-22 09:56:41,2737.65,137097
2021-06-22 09:56:42,2737.65,137097
2021-06-22 09:56:43,2737.95,137198
2021-06-22 09:56:43,2737.95,137198
2021-06-22 09:56:45,2736.65,137228
2021-06-22 09:56:46,2737.95,137266
2021-06-22 09:56:47,2737.95,137308
2021-06-22 09:56:48,2736.7,137343
2021-06-22 09:56:49,2736.75,137344
2021-06-22 09:56:49,2736.75,137344
2021-06-22 09:56:51,2736.75,137344
2021-06-22 09:56:52,2736.5,137395
2021-06-22 09:56:53,2736.55,137396
2021-06-22 09:56:54,2736.6,137501
2021-06-22 09:56:55,2736.6,137502
2021-06-22 09:56:56,2736.2,137529
2021-06-22 09:56:57,2736.2,137529
2021-06-22 09:56:58,2736.05,137530
2021-06-22 09:56:59,2736.2,137590
2021-06-22 09:57:00,2736.6,137711
2021-06-22 09:57:01,2736.75,137716
2021-06-22 09:57:03,2737.85,137783
2021-06-22 09:57:04,2737.85,137784
2021-06-22 09:57:05,2736.6,137804
2021-06-22 09:57:06,2736.6,137804
2021-06-22 09:57:07,2736.45,137829
2021-06-22 09:57:09,2737.65,137858
2021-06-22 09:57:10,2737.65,137858
2021-06-22 09:57:11,2737.65,137858
2021-06-22 09:57:12,2736.6,137966
2021-06-22 09:57:14,2736.6,138012
2021-06-22 09:57:15,2736.6,138013
2021-06-22 09:57:16,2736.6,138013
2021-06-22 09:57:17,2736.6,138019
2021-06-22 09:57:18,2736.6,138019
2021-06-22 09:57:19,2736.6,138019
2021-06-22 09:57:21,2736.6,138019
2021-06-22 09:57:22,2736.6,138120
2021-06-22 09:57:23,2737.65,138136
2021-06-22 09:57:24,2737.65,138136
2021-06-22 09:57:25,2737.65,138137
2021-06-22 09:57:26,2736.65,138179
2021-06-22 09:57:27,2736.65,138207
2021-06-22 09:57:28,2736.6,138307
2021-06-22 09:57:29,2737.75,138335
2021-06-22 09:57:30,2736.65,138340
2021-06-22 09:57:31,2736.65,138340
2021-06-22 09:57:32,2736.6,138364
2021-06-22 09:57:33,2736.6,138369
2021-06-22 09:57:34,2736.6,138371
2021-06-22 09:57:35,2736.6,138372
2021-06-22 09:57:36,2737.55,138374
2021-06-22 09:57:37,2736.6,138392
2021-06-22 09:57:38,2736.6,138392
2021-06-22 09:57:39,2736.6,138394
2021-06-22 09:57:40,2737.5,138395
2021-06-22 09:57:41,2737.5,138395
2021-06-22 09:57:42,2736.6,138410
2021-06-22 09:57:43,2736.6,138410
2021-06-22 09:57:44,2736.6,138410
2021-06-22 09:57:45,2736.6,138410
2021-06-22 09:57:46,2736.6,138430
2021-06-22 09:57:47,2736.65,138652
2021-06-22 09:57:48,2736.65,138652
2021-06-22 09:57:49,2736.65,138652
2021-06-22 09:57:50,2736.65,138652
2021-06-22 09:57:53,2737.8,138751
2021-06-22 09:57:54,2736.5,138766
2021-06-22 09:57:55,2736.5,138767
2021-06-22 09:57:56,2736.5,138767
2021-06-22 09:57:57,2736.5,138767
2021-06-22 09:57:58,2736.5,138767
2021-06-22 09:57:59,2736.65,138795
2021-06-22 09:58:00,2736.7,138801
2021-06-22 09:58:01,2736.7,138801
2021-06-22 09:58:02,2736.5,138810
2021-06-22 09:58:03,2737.8,138830
2021-06-22 09:58:04,2737.8,138830
2021-06-22 09:58:05,2736.5,138850
2021-06-22 09:58:06,2736.5,138850
2021-06-22 09:58:07,2736.55,138863
2021-06-22 09:58:08,2736.55,138865
2021-06-22 09:58:09,2736.55,138876
2021-06-22 09:58:10,2736.65,138910
2021-06-22 09:58:11,2736.65,138910
2021-06-22 09:58:12,2736.65,138910
2021-06-22 09:58:13,2737.65,138911
2021-06-22 09:58:14,2737.0,138916
2021-06-22 09:58:15,2736.6,139018
2021-06-22 09:58:16,2736.6,139018
2021-06-22 09:58:17,2737.75,139218
2021-06-22 09:58:18,2737.75,139234
2021-06-22 09:58:19,2737.75,139234
2021-06-22 09:58:20,2736.7,139269
2021-06-22 09:58:21,2736.15,139951
2021-06-22 09:58:22,2737.35,140232
2021-06-22 09:58:23,2736.15,140262
2021-06-22 09:58:24,2736.15,140283
2021-06-22 09:58:25,2737.35,140558
2021-06-22 09:58:26,2737.35,140558
2021-06-22 09:58:27,2736.15,140576
2021-06-22 09:58:28,2736.15,140577
2021-06-22 09:58:29,2736.15,140577
2021-06-22 09:58:30,2736.6,140582
2021-06-22 09:58:31,2736.1,140612
2021-06-22 09:58:32,2736.1,140614
2021-06-22 09:58:33,2736.1,140681
2021-06-22 09:58:34,2736.1,140686
2021-06-22 09:58:35,2736.1,140686
2021-06-22 09:58:36,2736.6,140700
2021-06-22 09:58:37,2736.6,140700
2021-06-22 09:58:38,2736.6,140700
2021-06-22 09:58:39,2736.6,140706
2021-06-22 09:58:40,2736.1,140739
2021-06-22 09:58:41,2736.1,140739
2021-06-22 09:58:42,2736.1,140746
2021-06-22 09:58:44,2736.1,140758
2021-06-22 09:58:45,2736.1,140764
2021-06-22 09:58:46,2736.55,140771
2021-06-22 09:58:47,2736.55,140771
2021-06-22 09:58:48,2736.1,140781
2021-06-22 09:58:49,2736.05,140917
2021-06-22 09:58:50,2736.55,140934
2021-06-22 09:58:51,2736.55,140934
2021-06-22 09:58:53,2737.0,141110
2021-06-22 09:58:52,2736.0,141093
2021-06-22 09:58:54,2736.1,141129
2021-06-22 09:58:55,2736.0,141236
2021-06-22 09:58:56,2736.5,141238
2021-06-22 09:58:57,2736.0,141260
2021-06-22 09:58:58,2736.0,141260
2021-06-22 09:58:59,2736.0,142040
2021-06-22 09:59:00,2736.0,142045
2021-06-22 09:59:03,2736.0,142045
2021-06-22 09:59:04,2735.15,142049
2021-06-22 09:59:06,2735.15,142301
2021-06-22 09:59:05,2735.15,142158
2021-06-22 09:59:07,2736.65,142407
2021-06-22 09:59:08,2736.65,142407
2021-06-22 09:59:09,2735.15,142426
2021-06-22 09:59:11,2735.15,142426
2021-06-22 09:59:11,2735.0,142436
2021-06-22 09:59:12,2735.0,142457
2021-06-22 09:59:13,2735.0,142457
2021-06-22 09:59:14,2735.0,142457
2021-06-22 09:59:16,2735.0,142457
2021-06-22 09:59:16,2735.0,142457
2021-06-22 09:59:17,2735.0,142457
2021-06-22 09:59:18,2735.0,142459
2021-06-22 09:59:19,2735.0,142459
2021-06-22 09:59:20,2735.0,142459
2021-06-22 09:59:22,2735.0,142510
2021-06-22 09:59:22,2735.0,142509
2021-06-22 09:59:23,2735.0,142511
2021-06-22 09:59:24,2736.0,142647
2021-06-22 09:59:25,2735.0,142857
2021-06-22 09:59:27,2735.0,142950
2021-06-22 09:59:27,2735.0,142950
2021-06-22 09:59:28,2734.8,143050
2021-06-22 09:59:30,2735.0,143060
2021-06-22 09:59:31,2735.0,143060
2021-06-22 09:59:32,2735.0,143060
2021-06-22 09:59:33,2734.75,143086
2021-06-22 09:59:34,2734.7,143088
2021-06-22 09:59:35,2733.45,143177
2021-06-22 09:59:38,2734.6,143292
2021-06-22 09:59:39,2737.2,144621
2021-06-22 09:59:40,2737.85,144644
2021-06-22 09:59:41,2736.75,144845
2021-06-22 09:59:42,2737.1,145335
2021-06-22 09:59:44,2736.65,145459
2021-06-22 09:59:44,2737.8,145404
2021-06-22 09:59:45,2736.65,145463
2021-06-22 09:59:46,2737.8,145492
2021-06-22 09:59:47,2736.65,145545
2021-06-22 09:59:48,2736.7,145597
2021-06-22 09:59:50,2736.75,145607
2021-06-22 09:59:51,2736.75,145613
2021-06-22 09:59:51,2736.5,145923
2021-06-22 09:59:52,2736.5,145927
2021-06-22 09:59:53,2736.7,145937
2021-06-22 09:59:54,2736.7,145937
2021-06-22 09:59:55,2736.7,145971
2021-06-22 09:59:56,2736.5,146025
2021-06-22 09:59:58,2736.5,146025
2021-06-22 09:59:58,2736.5,146025
2021-06-22 09:59:59,2736.5,146029
2021-06-22 10:00:00,2736.5,146029
2021-06-22 10:00:01,2736.5,146029
2021-06-22 10:00:02,2737.0,146039
2021-06-22 10:00:04,2736.5,146089
2021-06-22 10:00:04,2736.5,146090
2021-06-22 10:00:05,2736.5,146090
2021-06-22 10:00:06,2736.5,146090
2021-06-22 10:00:08,2736.55,146095
2021-06-22 10:00:09,2736.55,146095
2021-06-22 10:00:10,2736.55,146097
2021-06-22 10:00:11,2736.55,146097
2021-06-22 10:00:12,2737.5,146286
2021-06-22 10:00:14,2736.35,146289
2021-06-22 10:00:15,2736.35,146323
2021-06-22 10:00:16,2736.35,146323
2021-06-22 10:00:17,2736.35,146323
2021-06-22 10:00:18,2736.3,146328
2021-06-22 10:00:20,2736.3,146332
2021-06-22 10:00:21,2736.3,146332
2021-06-22 10:00:22,2736.85,146358
2021-06-22 10:00:24,2736.35,146361
2021-06-22 10:00:24,2736.35,146361
2021-06-22 10:00:25,2736.85,146367
2021-06-22 10:00:26,2736.85,146371
2021-06-22 10:00:27,2736.85,146372
2021-06-22 10:00:28,2736.85,146372
2021-06-22 10:00:29,2736.85,146372
2021-06-22 10:00:30,2736.0,146397
2021-06-22 10:00:32,2736.0,146399
2021-06-22 10:00:33,2736.0,146400
2021-06-22 10:00:33,2736.0,146400
2021-06-22 10:00:34,2736.75,146401
2021-06-22 10:00:35,2736.0,146416
2021-06-22 10:00:36,2735.6,146421
2021-06-22 10:00:37,2735.6,146421
2021-06-22 10:00:39,2735.6,146423
2021-06-22 10:00:41,2735.6,146423
2021-06-22 10:00:41,2735.6,146423
2021-06-22 10:00:43,2735.5,146472
2021-06-22 10:00:44,2735.5,146479
2021-06-22 10:00:47,2736.3,146480
2021-06-22 10:00:47,2735.4,146489
2021-06-22 10:00:48,2736.3,146505
2021-06-22 10:00:49,2736.3,146507
2021-06-22 10:00:51,2736.4,146680
2021-06-22 10:00:51,2736.4,146682
2021-06-22 10:00:52,2736.4,146692
2021-06-22 10:00:53,2736.45,146702
2021-06-22 10:00:54,2737.35,146706
2021-06-22 10:00:55,2737.35,146706
2021-06-22 10:00:56,2737.35,146706
2021-06-22 10:00:57,2737.35,146706
2021-06-22 10:00:58,2737.45,146707
2021-06-22 10:01:00,2737.45,146712
2021-06-22 10:01:00,2736.5,146713
2021-06-22 10:01:01,2736.45,146717
2021-06-22 10:01:03,2737.75,146927
2021-06-22 10:01:03,2737.0,146977
2021-06-22 10:01:04,2737.0,146977
2021-06-22 10:01:05,2737.0,146977
2021-06-22 10:01:06,2736.35,147027
2021-06-22 10:01:07,2737.0,147029
2021-06-22 10:01:09,2736.35,147089
2021-06-22 10:01:10,2736.45,147163
2021-06-22 10:01:12,2736.25,147164
2021-06-22 10:01:12,2736.25,147164
2021-06-22 10:01:13,2736.0,147166
2021-06-22 10:01:14,2737.85,147211
2021-06-22 10:01:16,2737.85,147211
2021-06-22 10:01:17,2736.45,147212
2021-06-22 10:01:18,2736.45,147212
2021-06-22 10:01:18,2736.45,147217
2021-06-22 10:01:21,2737.75,147817
2021-06-22 10:01:22,2736.6,147847
2021-06-22 10:01:23,2736.45,147872
2021-06-22 10:01:24,2736.35,148087
2021-06-22 10:01:25,2736.25,148146
2021-06-22 10:01:26,2736.25,148146
2021-06-22 10:01:27,2737.35,148147
2021-06-22 10:01:29,2737.35,148147
2021-06-22 10:01:30,2736.35,148152
2021-06-22 10:01:31,2736.35,148152
2021-06-22 10:01:32,2736.35,148152
2021-06-22 10:01:33,2736.35,148152
2021-06-22 10:01:35,2736.25,148153
2021-06-22 10:01:36,2736.25,148153
2021-06-22 10:01:36,2736.25,148153
2021-06-22 10:01:37,2736.25,148153
2021-06-22 10:01:39,2736.25,148153
2021-06-22 10:01:40,2736.25,148153
2021-06-22 10:01:41,2736.25,148153
2021-06-22 10:01:43,2736.35,148355
2021-06-22 10:01:43,2735.9,148253
2021-06-22 10:01:44,2735.7,148356
2021-06-22 10:01:45,2735.7,148356
2021-06-22 10:01:47,2735.7,148365
2021-06-22 10:01:48,2735.7,148366
2021-06-22 10:01:49,2735.6,148367
2021-06-22 10:01:50,2736.3,148377
2021-06-22 10:01:51,2736.3,148377
2021-06-22 10:01:52,2735.85,148389
2021-06-22 10:01:53,2735.85,148392
2021-06-22 10:01:54,2735.85,148393
2021-06-22 10:01:55,2736.3,148400
2021-06-22 10:01:58,2736.3,148400
2021-06-22 10:01:59,2735.7,148401
2021-06-22 10:02:00,2735.7,148401
2021-06-22 10:02:01,2736.3,148403
2021-06-22 10:02:02,2736.3,148403
2021-06-22 10:02:03,2736.3,148403
2021-06-22 10:02:04,2736.3,148403
2021-06-22 10:02:05,2736.3,148407
2021-06-22 10:02:06,2736.3,148407
2021-06-22 10:02:07,2736.3,148407
2021-06-22 10:02:08,2736.3,148411
2021-06-22 10:02:09,2735.6,148416
2021-06-22 10:02:10,2735.6,148416
2021-06-22 10:02:11,2735.6,148426
2021-06-22 10:02:13,2735.6,148426
2021-06-22 10:02:14,2735.45,148444
2021-06-22 10:02:16,2735.45,148444
2021-06-22 10:02:17,2735.45,148444
2021-06-22 10:02:18,2735.25,148475
2021-06-22 10:02:19,2735.25,148476
2021-06-22 10:02:20,2735.85,148481
2021-06-22 10:02:21,2735.8,148482
2021-06-22 10:02:22,2735.8,148483
2021-06-22 10:02:23,2735.8,148520
2021-06-22 10:02:23,2735.8,148523
2021-06-22 10:02:24,2736.3,148530
2021-06-22 10:02:26,2735.5,148537
2021-06-22 10:02:27,2735.5,148537
2021-06-22 10:02:28,2735.15,148647
2021-06-22 10:02:29,2735.15,148647
2021-06-22 10:02:30,2735.15,148649
2021-06-22 10:02:32,2735.15,148649
2021-06-22 10:02:33,2735.15,148650
2021-06-22 10:02:34,2735.15,148650
2021-06-22 10:02:34,2735.15,148650
2021-06-22 10:02:35,2735.15,148650
2021-06-22 10:02:36,2735.15,148650
2021-06-22 10:02:37,2735.15,148650
2021-06-22 10:02:39,2736.3,148658
2021-06-22 10:02:40,2736.3,148663
2021-06-22 10:02:41,2736.3,148663
2021-06-22 10:02:42,2736.3,148663
2021-06-22 10:02:42,2736.3,148663
2021-06-22 10:02:43,2735.15,148693
2021-06-22 10:02:44,2735.8,148734
2021-06-22 10:02:45,2735.15,148785
2021-06-22 10:02:46,2735.15,148786
2021-06-22 10:02:47,2735.5,148789
2021-06-22 10:02:48,2735.5,148789
2021-06-22 10:02:49,2735.5,148795
2021-06-22 10:02:50,2735.5,148835
2021-06-22 10:02:51,2735.8,148843
2021-06-22 10:02:52,2735.15,148856
2021-06-22 10:02:53,2735.8,148874
2021-06-22 10:02:55,2735.8,148874
2021-06-22 10:02:56,2735.8,148874
2021-06-22 10:02:57,2735.8,148874
2021-06-22 10:02:58,2735.5,148894
2021-06-22 10:02:59,2735.5,148895
2021-06-22 10:02:59,2735.5,148895
2021-06-22 10:03:00,2735.8,149002
2021-06-22 10:03:01,2735.8,149002
2021-06-22 10:03:02,2735.5,149006
2021-06-22 10:03:03,2736.0,149013
2021-06-22 10:03:04,2736.0,149013
2021-06-22 10:03:05,2736.0,149013
2021-06-22 10:03:06,2735.5,149063
2021-06-22 10:03:08,2735.8,149070
2021-06-22 10:03:09,2734.0,149768
2021-06-22 10:03:10,2734.0,149768
2021-06-22 10:03:12,2734.0,149901
2021-06-22 10:03:13,2734.0,149913
2021-06-22 10:03:14,2734.0,149970
2021-06-22 10:03:14,2735.85,150117
2021-06-22 10:03:15,2735.85,150117
2021-06-22 10:03:16,2735.85,150117
2021-06-22 10:03:17,2736.0,150122
2021-06-22 10:03:18,2736.0,150122
2021-06-22 10:03:19,2736.0,150127
2021-06-22 10:03:20,2736.0,150127
2021-06-22 10:03:21,2737.0,150375
2021-06-22 10:03:22,2735.55,150393
2021-06-22 10:03:25,2736.95,150420
2021-06-22 10:03:26,2735.35,150428
2021-06-22 10:03:28,2736.0,150438
2021-06-22 10:03:29,2736.0,150438
2021-06-22 10:03:32,2737.75,151590
2021-06-22 10:03:32,2737.75,151591
2021-06-22 10:03:33,2737.9,151626
2021-06-22 10:03:35,2736.8,151627
2021-06-22 10:03:35,2737.9,151642
2021-06-22 10:03:36,2736.75,151667
2021-06-22 10:03:37,2736.75,151667
2021-06-22 10:03:38,2739.2,152528
2021-06-22 10:03:39,2738.0,152548
2021-06-22 10:03:40,2738.15,152553
2021-06-22 10:03:41,2739.65,152564
2021-06-22 10:03:44,2739.65,153206
2021-06-22 10:03:44,2740.0,153444
2021-06-22 10:03:46,2741.0,155593
2021-06-22 10:03:47,2741.0,155739
2021-06-22 10:03:49,2741.0,155822
2021-06-22 10:03:50,2739.8,155832
2021-06-22 10:03:51,2739.75,155854
2021-06-22 10:03:52,2739.75,155855
2021-06-22 10:03:53,2739.65,155856
2021-06-22 10:03:54,2739.65,155856
2021-06-22 10:03:55,2740.9,155906
2021-06-22 10:03:56,2741.0,155990
2021-06-22 10:03:58,2740.9,156043
2021-06-22 10:04:02,2740.0,156360
2021-06-22 10:04:04,2740.0,156360
2021-06-22 10:04:04,2740.0,156360
2021-06-22 10:04:06,2740.0,156363
2021-06-22 10:04:07,2739.25,156364
2021-06-22 10:04:09,2740.0,156365
2021-06-22 10:04:10,2740.0,156365
2021-06-22 10:04:11,2740.0,156371
2021-06-22 10:04:12,2740.0,156371
2021-06-22 10:04:14,2740.0,156371
2021-06-22 10:04:15,2739.6,156378
2021-06-22 10:04:15,2739.6,156378
2021-06-22 10:04:16,2739.6,156389
2021-06-22 10:04:17,2739.6,156389
2021-06-22 10:04:18,2740.0,156464
2021-06-22 10:04:19,2740.0,156469
2021-06-22 10:04:20,2739.6,156485
2021-06-22 10:04:21,2739.6,156485
2021-06-22 10:04:23,2739.6,156485
2021-06-22 10:04:24,2740.0,156487
2021-06-22 10:04:25,2740.0,156542
2021-06-22 10:04:26,2740.0,156542
2021-06-22 10:04:27,2740.0,156542
2021-06-22 10:04:28,2740.0,156542
2021-06-22 10:04:29,2740.0,156542
2021-06-22 10:04:30,2740.0,156564
2021-06-22 10:04:31,2740.0,156564
2021-06-22 10:04:32,2740.0,156564
2021-06-22 10:04:34,2740.0,156572
2021-06-22 10:04:35,2739.6,156577
2021-06-22 10:04:36,2739.6,156579
2021-06-22 10:04:37,2739.6,156579
2021-06-22 10:04:38,2739.6,156586
2021-06-22 10:04:39,2739.65,156588
2021-06-22 10:04:40,2739.6,156646
2021-06-22 10:04:41,2739.6,156646
2021-06-22 10:04:42,2739.75,156651
2021-06-22 10:04:44,2739.6,156666
2021-06-22 10:04:44,2739.6,156666
2021-06-22 10:04:45,2739.6,156666
2021-06-22 10:04:47,2739.6,156666
2021-06-22 10:04:48,2739.75,156667
2021-06-22 10:04:49,2739.75,156667
2021-06-22 10:04:50,2739.75,156671
2021-06-22 10:04:51,2739.6,156672
2021-06-22 10:04:52,2739.75,156674
2021-06-22 10:04:53,2739.75,156674
2021-06-22 10:04:54,2739.75,156674
2021-06-22 10:04:54,2739.75,156674
2021-06-22 10:04:55,2740.0,156874
2021-06-22 10:04:57,2740.0,156874
2021-06-22 10:04:58,2739.6,156875
2021-06-22 10:05:00,2739.6,156875
2021-06-22 10:05:00,2739.65,156878
2021-06-22 10:05:01,2739.95,157428
2021-06-22 10:05:04,2740.0,157462
2021-06-22 10:05:05,2739.95,157464
2021-06-22 10:05:06,2739.95,157966
2021-06-22 10:05:07,2739.8,158001
2021-06-22 10:05:07,2739.8,158001
2021-06-22 10:05:08,2743.0,159616
2021-06-22 10:05:09,2743.0,159620
2021-06-22 10:05:10,2742.55,159697
2021-06-22 10:05:11,2742.5,159750
2021-06-22 10:05:12,2743.8,159752
2021-06-22 10:05:14,2744.0,159861
2021-06-22 10:05:15,2742.6,159911
2021-06-22 10:05:16,2742.6,159912
2021-06-22 10:05:17,2744.0,159944
2021-06-22 10:05:19,2743.0,160105
2021-06-22 10:05:20,2743.8,160288
2021-06-22 10:05:21,2742.4,160391
2021-06-22 10:05:22,2742.65,160394
2021-06-22 10:05:23,2742.65,160396
2021-06-22 10:05:24,2742.3,160424
2021-06-22 10:05:25,2742.35,160497
2021-06-22 10:05:26,2742.35,160497
2021-06-22 10:05:27,2743.85,160513
2021-06-22 10:05:28,2743.75,160568
2021-06-22 10:05:29,2743.05,160573
2021-06-22 10:05:30,2743.95,160582
2021-06-22 10:05:31,2743.05,160617
2021-06-22 10:05:32,2742.5,161047
2021-06-22 10:05:33,2742.7,161051
2021-06-22 10:05:34,2741.0,161500
2021-06-22 10:05:35,2741.0,161500
2021-06-22 10:05:37,2742.0,161528
2021-06-22 10:05:38,2741.05,161529
2021-06-22 10:05:39,2742.05,161548
2021-06-22 10:05:40,2742.05,161557
2021-06-22 10:05:41,2742.0,161571
2021-06-22 10:05:42,2742.0,161651
2021-06-22 10:05:43,2742.0,161651
2021-06-22 10:05:44,2742.8,161681
2021-06-22 10:05:45,2742.8,161681
2021-06-22 10:05:47,2742.8,161681
2021-06-22 10:05:48,2742.8,161681
2021-06-22 10:05:49,2741.1,161692
2021-06-22 10:05:50,2742.4,161703
2021-06-22 10:05:51,2741.1,161722
2021-06-22 10:05:52,2741.1,161722
2021-06-22 10:05:53,2742.45,161772
2021-06-22 10:05:54,2742.45,161772
2021-06-22 10:05:55,2742.45,161784
2021-06-22 10:05:56,2742.45,161784
2021-06-22 10:05:57,2741.1,161787
2021-06-22 10:05:58,2742.45,161795
2021-06-22 10:05:59,2742.45,161795
2021-06-22 10:05:59,2742.45,161800
2021-06-22 10:06:01,2742.45,161800
2021-06-22 10:06:02,2742.45,161800
2021-06-22 10:06:03,2741.45,161825
2021-06-22 10:06:05,2741.35,161896
2021-06-22 10:06:06,2741.35,161896
2021-06-22 10:06:08,2742.55,161958
2021-06-22 10:06:10,2741.45,161969
2021-06-22 10:06:11,2741.45,161969
2021-06-22 10:06:12,2741.45,161969
2021-06-22 10:06:13,2742.85,162146
2021-06-22 10:06:14,2742.85,162159
2021-06-22 10:06:16,2742.85,162238
2021-06-22 10:06:16,2742.85,162238
2021-06-22 10:06:18,2742.5,162278
2021-06-22 10:06:19,2742.5,162298
2021-06-22 10:06:20,2742.55,162303
2021-06-22 10:06:21,2742.95,162315
2021-06-22 10:06:22,2743.95,162515
2021-06-22 10:06:23,2743.85,162643
2021-06-22 10:06:24,2743.85,162654
2021-06-22 10:06:24,2743.85,162654
2021-06-22 10:06:25,2742.5,162731
2021-06-22 10:06:26,2743.85,162749
2021-06-22 10:06:28,2743.85,162755
2021-06-22 10:06:29,2742.55,162778
2021-06-22 10:06:30,2742.5,162803
2021-06-22 10:06:31,2743.85,162866
2021-06-22 10:06:32,2743.85,163044
2021-06-22 10:06:33,2746.0,166443
2021-06-22 10:06:34,2746.0,166647
2021-06-22 10:06:35,2746.6,166949
2021-06-22 10:06:36,2747.7,166961
2021-06-22 10:06:37,2748.1,167244
2021-06-22 10:06:39,2747.7,167507
2021-06-22 10:06:40,2747.7,167507
2021-06-22 10:06:41,2747.7,167507
2021-06-22 10:06:43,2746.25,167550
2021-06-22 10:06:43,2746.25,167550
2021-06-22 10:06:44,2746.0,167596
2021-06-22 10:06:46,2746.15,167616
2021-06-22 10:06:47,2746.15,167616
2021-06-22 10:06:48,2747.6,167632
2021-06-22 10:06:48,2747.6,167632
2021-06-22 10:06:49,2746.2,167647
2021-06-22 10:06:50,2747.6,167677
2021-06-22 10:06:51,2746.3,167709
2021-06-22 10:06:52,2746.05,167734
2021-06-22 10:06:53,2746.05,167734
2021-06-22 10:06:54,2746.05,167734
2021-06-22 10:06:55,2747.3,167738
2021-06-22 10:06:59,2746.95,167931
2021-06-22 10:07:00,2746.75,167937
2021-06-22 10:07:00,2746.75,167937
2021-06-22 10:07:01,2746.6,167952
2021-06-22 10:07:03,2746.3,167978
2021-06-22 10:07:04,2746.3,168054
2021-06-22 10:07:05,2746.6,168066
2021-06-22 10:07:06,2746.6,168078
2021-06-22 10:07:07,2746.6,168078
2021-06-22 10:07:08,2746.6,168078
2021-06-22 10:07:09,2745.65,168201
2021-06-22 10:07:10,2745.65,168201
2021-06-22 10:07:11,2745.45,168319
2021-06-22 10:07:12,2745.4,168375
2021-06-22 10:07:13,2745.45,168488
2021-06-22 10:07:14,2745.45,168492
2021-06-22 10:07:15,2746.0,168507
2021-06-22 10:07:16,2745.15,168716
2021-06-22 10:07:16,2745.3,168718
2021-06-22 10:07:19,2745.3,168719
2021-06-22 10:07:20,2745.3,168730
2021-06-22 10:07:21,2749.0,171244
2021-06-22 10:07:22,2749.0,171445
2021-06-22 10:07:23,2747.85,171988
2021-06-22 10:07:24,2749.7,172192
2021-06-22 10:07:25,2749.75,172204
2021-06-22 10:07:27,2749.9,172288
2021-06-22 10:07:28,2750.0,173374
2021-06-22 10:07:29,2751.95,175564
2021-06-22 10:07:30,2751.45,175738
2021-06-22 10:07:31,2751.55,175810
2021-06-22 10:07:32,2752.05,175811
2021-06-22 10:07:34,2751.0,175915
2021-06-22 10:07:34,2752.75,175932
2021-06-22 10:07:36,2750.2,176125
2021-06-22 10:07:38,2751.0,176183
2021-06-22 10:07:39,2750.95,176207
2021-06-22 10:07:41,2751.95,176444
2021-06-22 10:07:42,2752.0,176522
2021-06-22 10:07:43,2750.35,176847
2021-06-22 10:07:44,2751.8,176868
2021-06-22 10:07:45,2751.5,177264
2021-06-22 10:07:46,2751.5,177297
2021-06-22 10:07:47,2750.0,177309
2021-06-22 10:07:48,2750.1,177374
2021-06-22 10:07:49,2750.0,177375
2021-06-22 10:07:50,2750.0,177376
2021-06-22 10:07:51,2748.7,177495
2021-06-22 10:07:52,2749.55,177566
2021-06-22 10:07:53,2748.9,177568
2021-06-22 10:07:54,2750.1,177569
2021-06-22 10:07:55,2749.95,177616
2021-06-22 10:07:56,2749.95,177616
2021-06-22 10:07:57,2749.95,177646
2021-06-22 10:07:58,2750.0,177668
2021-06-22 10:07:59,2751.0,177869
2021-06-22 10:08:00,2750.0,177879
2021-06-22 10:08:01,2750.3,178055
2021-06-22 10:08:02,2749.15,178496
2021-06-22 10:08:04,2750.05,178499
2021-06-22 10:08:05,2750.1,178507
2021-06-22 10:08:07,2751.0,178512
2021-06-22 10:08:08,2751.0,178532
2021-06-22 10:08:09,2751.0,178712
2021-06-22 10:08:10,2749.5,179381
2021-06-22 10:08:11,2749.5,179387
2021-06-22 10:08:12,2751.0,179407
2021-06-22 10:08:13,2750.25,179412
2021-06-22 10:08:14,2751.0,179432
2021-06-22 10:08:16,2750.25,179548
2021-06-22 10:08:17,2750.25,179548
2021-06-22 10:08:18,2750.25,179548
2021-06-22 10:08:19,2749.9,180064
2021-06-22 10:08:20,2749.85,180084
2021-06-22 10:08:21,2749.85,180084
2021-06-22 10:08:22,2750.0,180090
2021-06-22 10:08:23,2750.25,180118
2021-06-22 10:08:24,2750.25,180118
2021-06-22 10:08:25,2750.25,180118
2021-06-22 10:08:26,2750.25,180118
2021-06-22 10:08:28,2750.25,180118
2021-06-22 10:08:29,2749.15,180130
2021-06-22 10:08:30,2749.15,180130
2021-06-22 10:08:31,2750.0,180254
2021-06-22 10:08:32,2750.0,180255
2021-06-22 10:08:33,2750.0,180265
2021-06-22 10:08:34,2749.25,180300
2021-06-22 10:08:35,2750.25,180450
2021-06-22 10:08:36,2750.4,180546
2021-06-22 10:08:37,2751.0,180666
2021-06-22 10:08:38,2749.05,180716
2021-06-22 10:08:39,2750.0,180819
2021-06-22 10:08:40,2750.65,180873
2021-06-22 10:08:41,2750.15,181033
2021-06-22 10:08:43,2748.45,181034
2021-06-22 10:08:44,2749.5,181084
2021-06-22 10:08:45,2749.5,181085
2021-06-22 10:08:47,2749.0,181198
2021-06-22 10:08:48,2750.0,181243
2021-06-22 10:08:49,2750.0,181273
2021-06-22 10:08:50,2749.05,181374
2021-06-22 10:08:51,2749.05,181374
2021-06-22 10:08:52,2749.05,181374
2021-06-22 10:08:54,2750.05,181529
2021-06-22 10:08:55,2749.8,181568
2021-06-22 10:08:56,2749.0,181581
2021-06-22 10:08:57,2749.95,181626
2021-06-22 10:08:58,2750.0,182483
2021-06-22 10:08:59,2751.0,182543
2021-06-22 10:09:00,2749.85,182548
2021-06-22 10:09:01,2751.2,182591
2021-06-22 10:09:02,2751.15,182646
2021-06-22 10:09:03,2751.0,182656
2021-06-22 10:09:04,2751.0,182656
2021-06-22 10:09:05,2750.05,182667
2021-06-22 10:09:06,2751.65,182713
2021-06-22 10:09:07,2750.1,182719
2021-06-22 10:09:08,2751.2,182767
2021-06-22 10:09:10,2751.2,182824
2021-06-22 10:09:11,2750.0,183147
2021-06-22 10:09:12,2750.05,183170
2021-06-22 10:09:13,2750.05,183199
2021-06-22 10:09:14,2750.05,183764
2021-06-22 10:09:15,2750.0,183816
2021-06-22 10:09:16,2750.0,183817
2021-06-22 10:09:17,2750.0,183935
2021-06-22 10:09:19,2750.0,183942
2021-06-22 10:09:20,2750.0,184006
2021-06-22 10:09:22,2750.05,184109
2021-06-22 10:09:24,2750.0,184119
2021-06-22 10:09:25,2750.0,184146
2021-06-22 10:09:26,2749.05,184148
2021-06-22 10:09:27,2749.05,184148
2021-06-22 10:09:28,2751.5,184559
2021-06-22 10:09:29,2750.1,184586
2021-06-22 10:09:30,2752.0,184609
2021-06-22 10:09:31,2752.0,184960
2021-06-22 10:09:32,2752.0,184990
2021-06-22 10:09:33,2752.0,185118
2021-06-22 10:09:34,2751.25,185144
2021-06-22 10:09:35,2750.2,185169
2021-06-22 10:09:36,2751.0,185179
2021-06-22 10:09:37,2751.25,185198
2021-06-22 10:09:38,2751.75,185242
2021-06-22 10:09:39,2751.75,185242
2021-06-22 10:09:40,2752.0,185244
2021-06-22 10:09:41,2752.0,185411
2021-06-22 10:09:42,2752.0,185517
2021-06-22 10:09:43,2752.0,185613
2021-06-22 10:09:44,2752.0,185614
2021-06-22 10:09:45,2752.55,185620
2021-06-22 10:09:46,2752.55,185620
2021-06-22 10:09:48,2752.55,185620
2021-06-22 10:09:49,2752.7,185752
2021-06-22 10:09:50,2751.4,185764
2021-06-22 10:09:51,2752.7,185774
2021-06-22 10:09:52,2751.15,185783
2021-06-22 10:09:53,2751.6,185977
2021-06-22 10:09:54,2752.55,185997
2021-06-22 10:09:55,2751.2,186148
2021-06-22 10:09:56,2751.2,186155
2021-06-22 10:09:58,2751.7,186165
2021-06-22 10:09:59,2751.2,186215
2021-06-22 10:10:01,2752.45,186347
2021-06-22 10:10:03,2753.85,186898
2021-06-22 10:10:03,2753.85,186898
2021-06-22 10:10:04,2752.0,187170
2021-06-22 10:10:06,2752.0,187315
2021-06-22 10:10:07,2753.8,187365
2021-06-22 10:10:08,2753.8,187390
2021-06-22 10:10:09,2753.65,187395
2021-06-22 10:10:11,2753.35,187672
2021-06-22 10:10:12,2753.35,187673
2021-06-22 10:10:13,2753.4,187689
2021-06-22 10:10:14,2753.75,187704
2021-06-22 10:10:15,2753.75,187704
2021-06-22 10:10:16,2752.95,187731
2021-06-22 10:10:18,2753.7,187735
2021-06-22 10:10:19,2753.7,187740
2021-06-22 10:10:20,2753.7,187771
2021-06-22 10:10:21,2752.2,187821
2021-06-22 10:10:22,2753.35,187886
2021-06-22 10:10:23,2751.9,188069
2021-06-22 10:10:24,2753.7,188185
2021-06-22 10:10:25,2753.65,188300
2021-06-22 10:10:27,2752.95,188335
2021-06-22 10:10:28,2753.7,188945
2021-06-22 10:10:29,2753.65,188965
2021-06-22 10:10:30,2753.65,188985
2021-06-22 10:10:31,2753.7,188996
2021-06-22 10:10:32,2753.7,189006
2021-06-22 10:10:33,2752.5,189012
2021-06-22 10:10:34,2752.95,189013
2021-06-22 10:10:35,2752.5,189014
2021-06-22 10:10:36,2753.5,189039
2021-06-22 10:10:37,2752.5,189049
2021-06-22 10:10:38,2753.7,189069
2021-06-22 10:10:40,2752.5,189070
2021-06-22 10:10:41,2753.7,189166
2021-06-22 10:10:42,2753.7,189171
2021-06-22 10:10:43,2752.5,189784
2021-06-22 10:10:44,2752.55,189789
2021-06-22 10:10:45,2752.55,189789
2021-06-22 10:10:46,2753.55,189839
2021-06-22 10:10:48,2752.55,189840
2021-06-22 10:10:48,2752.55,189840
2021-06-22 10:10:49,2752.55,189840
2021-06-22 10:10:50,2753.55,189850
2021-06-22 10:10:51,2752.5,190294
2021-06-22 10:10:52,2753.0,190344
2021-06-22 10:10:53,2753.0,190344
2021-06-22 10:10:54,2752.3,190351
2021-06-22 10:10:55,2752.3,190351
2021-06-22 10:10:56,2751.9,190861
2021-06-22 10:10:57,2751.8,190901
2021-06-22 10:10:58,2751.4,190922
2021-06-22 10:10:59,2752.0,190940
2021-06-22 10:11:00,2752.0,190945
2021-06-22 10:11:01,2752.2,190960
2021-06-22 10:11:02,2751.25,190975
2021-06-22 10:11:03,2752.2,191584
2021-06-22 10:11:04,2752.2,191609
2021-06-22 10:11:05,2751.3,191720
2021-06-22 10:11:06,2752.55,191722
2021-06-22 10:11:07,2752.55,191745
2021-06-22 10:11:09,2751.25,191778
2021-06-22 10:11:10,2751.25,191778
2021-06-22 10:11:12,2750.8,191810
2021-06-22 10:11:12,2752.15,191814
2021-06-22 10:11:14,2750.95,191887
2021-06-22 10:11:15,2752.15,191900
2021-06-22 10:11:16,2752.15,191900
2021-06-22 10:11:17,2751.0,191910
2021-06-22 10:11:18,2751.0,191910
2021-06-22 10:11:19,2751.0,191910
2021-06-22 10:11:23,2750.95,191931
2021-06-22 10:11:23,2750.95,191931
2021-06-22 10:11:24,2750.8,191965
2021-06-22 10:11:25,2750.8,191965
2021-06-22 10:11:26,2750.8,191986
2021-06-22 10:11:27,2750.8,191986
2021-06-22 10:11:28,2751.0,192016
2021-06-22 10:11:29,2751.0,192016
2021-06-22 10:11:30,2751.0,192016
2021-06-22 10:11:31,2750.8,192030
2021-06-22 10:11:32,2750.8,192030
2021-06-22 10:11:33,2750.0,192089
2021-06-22 10:11:34,2750.0,192089
2021-06-22 10:11:35,2750.0,192089
2021-06-22 10:11:37,2750.15,192095
2021-06-22 10:11:39,2750.15,192095
2021-06-22 10:11:39,2750.0,192096
2021-06-22 10:11:40,2750.0,192096
2021-06-22 10:11:41,2750.05,192121
2021-06-22 10:11:42,2750.0,192134
2021-06-22 10:11:43,2750.0,192236
2021-06-22 10:11:44,2750.8,192256
2021-06-22 10:11:45,2751.0,192272
2021-06-22 10:11:46,2751.0,192322
2021-06-22 10:11:47,2750.0,192449
2021-06-22 10:11:48,2751.0,192455
2021-06-22 10:11:49,2750.0,192506
2021-06-22 10:11:51,2749.5,192752
2021-06-22 10:11:54,2748.15,192767
2021-06-22 10:11:55,2748.0,192780
2021-06-22 10:11:56,2747.85,192781
2021-06-22 10:11:57,2747.8,192793
2021-06-22 10:11:58,2747.7,192849
2021-06-22 10:11:59,2747.45,193049
2021-06-22 10:12:01,2747.45,193081
2021-06-22 10:12:02,2748.6,193087
2021-06-22 10:12:03,2747.2,193587
2021-06-22 10:12:04,2748.85,193604
2021-06-22 10:12:05,2749.3,193704
2021-06-22 10:12:06,2749.05,193708
2021-06-22 10:12:07,2749.05,193708
2021-06-22 10:12:08,2748.9,193763
2021-06-22 10:12:09,2748.9,193901
2021-06-22 10:12:10,2747.4,194003
2021-06-22 10:12:13,2747.95,194290
2021-06-22 10:12:14,2747.95,194290
2021-06-22 10:12:16,2748.0,194417
2021-06-22 10:12:17,2748.9,194437
2021-06-22 10:12:18,2747.65,194459
2021-06-22 10:12:19,2748.9,194471
2021-06-22 10:12:21,2748.0,194573
2021-06-22 10:12:22,2746.25,195179
2021-06-22 10:12:23,2747.95,195212
2021-06-22 10:12:24,2747.65,195228
2021-06-22 10:12:25,2747.85,195291
2021-06-22 10:12:26,2746.4,195418
2021-06-22 10:12:27,2745.7,195497
2021-06-22 10:12:28,2747.45,195504
2021-06-22 10:12:29,2747.5,195505
2021-06-22 10:12:30,2747.55,195520
2021-06-22 10:12:31,2745.75,195555
2021-06-22 10:12:32,2745.35,195859
2021-06-22 10:12:34,2747.3,195887
2021-06-22 10:12:34,2747.3,195887
2021-06-22 10:12:35,2746.5,195892
2021-06-22 10:12:36,2747.5,195893
2021-06-22 10:12:37,2747.5,195893
2021-06-22 10:12:38,2746.45,195999
2021-06-22 10:12:39,2746.35,196000
2021-06-22 10:12:40,2746.5,196101
2021-06-22 10:12:41,2746.5,196101
2021-06-22 10:12:43,2746.55,196314
2021-06-22 10:12:44,2747.7,196318
2021-06-22 10:12:45,2745.75,196424
2021-06-22 10:12:46,2745.7,196432
2021-06-22 10:12:47,2746.0,196434
2021-06-22 10:12:49,2746.8,196695
2021-06-22 10:12:50,2746.8,196696
2021-06-22 10:12:51,2746.8,196696
2021-06-22 10:12:52,2746.8,196696
2021-06-22 10:12:53,2746.0,196700
2021-06-22 10:12:55,2746.45,196703
2021-06-22 10:12:56,2746.45,196703
2021-06-22 10:12:57,2746.0,196708
2021-06-22 10:12:58,2745.75,196794
2021-06-22 10:12:59,2745.75,196794
2021-06-22 10:13:00,2745.1,196917
2021-06-22 10:13:01,2745.15,196922
2021-06-22 10:13:03,2745.15,196922
2021-06-22 10:13:03,2745.15,196922
2021-06-22 10:13:04,2745.0,197054
2021-06-22 10:13:05,2746.35,197059
2021-06-22 10:13:06,2746.45,197071
2021-06-22 10:13:07,2745.2,197076
2021-06-22 10:13:09,2745.0,197126
2021-06-22 10:13:10,2745.2,197127
2021-06-22 10:13:11,2745.05,197128
2021-06-22 10:13:12,2745.05,197138
2021-06-22 10:13:13,2745.05,197138
2021-06-22 10:13:15,2745.15,197258
2021-06-22 10:13:16,2746.25,197275
2021-06-22 10:13:18,2745.0,197396
2021-06-22 10:13:19,2745.0,197396
2021-06-22 10:13:19,2745.0,197397
2021-06-22 10:13:20,2745.15,197407
2021-06-22 10:13:21,2745.15,197408
2021-06-22 10:13:22,2745.1,197409
2021-06-22 10:13:23,2745.1,197409
2021-06-22 10:13:24,2746.3,197416
2021-06-22 10:13:25,2745.05,197508
2021-06-22 10:13:26,2745.0,197558
2021-06-22 10:13:27,2746.3,197570
2021-06-22 10:13:28,2745.1,197575
2021-06-22 10:13:29,2745.1,197575
2021-06-22 10:13:30,2745.1,197575
2021-06-22 10:13:31,2745.2,197576
2021-06-22 10:13:32,2745.0,197616
2021-06-22 10:13:33,2745.0,197616
2021-06-22 10:13:34,2745.3,197645
2021-06-22 10:13:35,2745.0,197670
2021-06-22 10:13:36,2745.0,197709
2021-06-22 10:13:37,2745.0,197711
2021-06-22 10:13:38,2745.0,197714
2021-06-22 10:13:39,2745.0,197714
2021-06-22 10:13:40,2745.0,197770
2021-06-22 10:13:41,2746.45,197965
2021-06-22 10:13:42,2746.4,197978
2021-06-22 10:13:43,2746.4,197978
2021-06-22 10:13:44,2745.0,198008
2021-06-22 10:13:46,2745.95,198010
2021-06-22 10:13:46,2745.0,198113
2021-06-22 10:13:48,2745.0,198114
2021-06-22 10:13:48,2745.0,198114
2021-06-22 10:13:50,2745.0,198119
2021-06-22 10:13:52,2745.0,198119
2021-06-22 10:13:53,2745.0,198119
2021-06-22 10:13:53,2745.0,198172
2021-06-22 10:13:54,2745.05,198177
2021-06-22 10:13:55,2745.05,198225
2021-06-22 10:13:56,2745.05,198225
2021-06-22 10:13:58,2745.05,198225
2021-06-22 10:13:58,2745.05,198225
2021-06-22 10:13:59,2745.05,198225
2021-06-22 10:14:01,2745.05,198276
2021-06-22 10:14:02,2745.0,198281
2021-06-22 10:14:03,2745.1,198289
2021-06-22 10:14:04,2745.0,198389
2021-06-22 10:14:05,2745.0,198440
2021-06-22 10:14:06,2745.0,198440
2021-06-22 10:14:07,2745.0,198441
2021-06-22 10:14:08,2744.8,198464
2021-06-22 10:14:10,2744.4,198555
2021-06-22 10:14:11,2745.65,198557
2021-06-22 10:14:12,2744.25,198577
2021-06-22 10:14:12,2744.0,198862
2021-06-22 10:14:13,2744.0,198969
2021-06-22 10:14:14,2744.0,199002
2021-06-22 10:14:15,2744.0,199002
2021-06-22 10:14:16,2744.0,199002
2021-06-22 10:14:17,2744.0,199002
2021-06-22 10:14:18,2743.0,199005
2021-06-22 10:14:19,2743.0,199052
2021-06-22 10:14:20,2743.0,199073
2021-06-22 10:14:21,2743.0,199185
2021-06-22 10:14:22,2744.0,199202
2021-06-22 10:14:24,2744.7,199385
2021-06-22 10:14:25,2744.6,199392
2021-06-22 10:14:26,2744.0,199402
2021-06-22 10:14:27,2744.0,199408
2021-06-22 10:14:27,2744.0,199408
2021-06-22 10:14:30,2742.95,199450
2021-06-22 10:14:31,2742.8,199459
2021-06-22 10:14:32,2742.8,199460
2021-06-22 10:14:33,2742.8,199472
2021-06-22 10:14:33,2744.35,199523
2021-06-22 10:14:34,2742.8,199605
2021-06-22 10:14:35,2745.0,199956
2021-06-22 10:14:36,2744.5,199972
2021-06-22 10:14:37,2744.55,199984
2021-06-22 10:14:38,2744.55,199984
2021-06-22 10:14:40,2742.8,200064
2021-06-22 10:14:41,2744.45,200136
2021-06-22 10:14:42,2745.0,200275
2021-06-22 10:14:43,2743.05,200306
2021-06-22 10:14:44,2743.1,200308
2021-06-22 10:14:44,2742.8,200408
2021-06-22 10:14:45,2742.85,200409
2021-06-22 10:14:46,2742.95,200416
2021-06-22 10:14:47,2742.75,200417
2021-06-22 10:14:48,2744.25,200421
2021-06-22 10:14:49,2742.85,200452
2021-06-22 10:14:50,2742.85,200452
2021-06-22 10:14:51,2742.8,200461
2021-06-22 10:14:54,2742.8,200461
2021-06-22 10:14:54,2742.8,200461
2021-06-22 10:14:55,2744.25,200464
2021-06-22 10:14:56,2744.25,200464
2021-06-22 10:14:57,2744.95,200565
2021-06-22 10:14:58,2744.25,200567
2021-06-22 10:14:59,2745.0,200579
2021-06-22 10:15:00,2745.0,200579
2021-06-22 10:15:01,2745.0,200609
2021-06-22 10:15:02,2745.0,200609
2021-06-22 10:15:03,2745.0,200646
2021-06-22 10:15:04,2745.0,200646
2021-06-22 10:15:05,2743.65,200679
2021-06-22 10:15:06,2744.9,200747
2021-06-22 10:15:08,2743.25,200839
2021-06-22 10:15:09,2744.9,200874
2021-06-22 10:15:10,2745.0,201533
2021-06-22 10:15:11,2745.0,201647
2021-06-22 10:15:13,2745.0,201669
2021-06-22 10:15:15,2745.0,201705
2021-06-22 10:15:16,2743.5,201751
2021-06-22 10:15:17,2743.5,201752
2021-06-22 10:15:17,2743.55,201828
2021-06-22 10:15:19,2743.6,201831
2021-06-22 10:15:19,2745.0,201857
2021-06-22 10:15:20,2745.0,201857
2021-06-22 10:15:21,2743.7,201881
2021-06-22 10:15:22,2743.7,201881
2021-06-22 10:15:23,2743.7,201931
2021-06-22 10:15:24,2744.95,201970
2021-06-22 10:15:25,2744.65,202029
2021-06-22 10:15:27,2745.7,202135
2021-06-22 10:15:28,2746.0,202151
2021-06-22 10:15:29,2745.05,202161
2021-06-22 10:15:31,2745.05,202161
2021-06-22 10:15:32,2744.35,202224
2021-06-22 10:15:33,2744.15,202225
2021-06-22 10:15:34,2744.1,202268
2021-06-22 10:15:35,2745.65,202293
2021-06-22 10:15:35,2745.75,202358
2021-06-22 10:15:37,2746.0,202380
2021-06-22 10:15:39,2745.9,202676
2021-06-22 10:15:40,2746.0,202747
2021-06-22 10:15:40,2746.0,202747
2021-06-22 10:15:42,2746.45,202761
2021-06-22 10:15:43,2746.5,202786
2021-06-22 10:15:44,2746.5,202786
2021-06-22 10:15:45,2747.15,202906
2021-06-22 10:15:46,2747.05,202923
2021-06-22 10:15:47,2747.7,202961
2021-06-22 10:15:49,2747.7,202961
2021-06-22 10:15:49,2747.1,203350
2021-06-22 10:15:50,2747.7,203420
2021-06-22 10:15:52,2749.5,203456
2021-06-22 10:15:52,2750.0,203507
2021-06-22 10:15:53,2750.0,203523
2021-06-22 10:15:54,2749.8,203537
2021-06-22 10:15:56,2747.6,203618
2021-06-22 10:15:57,2749.5,203634
2021-06-22 10:15:57,2749.5,203634
2021-06-22 10:15:58,2749.7,203639
2021-06-22 10:15:59,2749.55,203724
2021-06-22 10:16:00,2749.55,203748
2021-06-22 10:16:02,2749.55,203748
2021-06-22 10:16:02,2749.55,203748
2021-06-22 10:16:03,2749.75,203788
2021-06-22 10:16:05,2749.5,203851
2021-06-22 10:16:05,2749.5,203851
2021-06-22 10:16:06,2748.5,203897
2021-06-22 10:16:07,2749.35,203906
2021-06-22 10:16:08,2749.45,203915
2021-06-22 10:16:09,2748.25,203917
2021-06-22 10:16:10,2749.0,203922
2021-06-22 10:16:11,2749.25,203938
2021-06-22 10:16:13,2749.25,203938
2021-06-22 10:16:13,2749.5,203953
2021-06-22 10:16:14,2749.5,203953
2021-06-22 10:16:15,2748.5,203955
2021-06-22 10:16:16,2748.5,203955
2021-06-22 10:16:18,2749.5,204017
2021-06-22 10:16:19,2749.5,204017
2021-06-22 10:16:21,2749.5,204022
2021-06-22 10:16:23,2749.0,204030
2021-06-22 10:16:24,2749.0,204041
2021-06-22 10:16:25,2748.6,204047
2021-06-22 10:16:27,2749.0,204065
2021-06-22 10:16:26,2748.6,204047
2021-06-22 10:16:28,2749.0,204065
2021-06-22 10:16:29,2749.0,204118
2021-06-22 10:16:30,2749.0,204430
2021-06-22 10:16:31,2749.0,204430
2021-06-22 10:16:32,2749.0,204430
2021-06-22 10:16:33,2749.5,204539
2021-06-22 10:16:34,2748.25,204580
2021-06-22 10:16:35,2750.25,205137
2021-06-22 10:16:35,2751.0,205159
2021-06-22 10:16:37,2751.8,205238
2021-06-22 10:16:38,2752.0,205273
2021-06-22 10:16:39,2751.4,205294
2021-06-22 10:16:39,2751.4,205294
2021-06-22 10:16:41,2752.0,205499
2021-06-22 10:16:42,2752.45,205531
2021-06-22 10:16:44,2752.65,205587
2021-06-22 10:16:45,2750.4,205789
2021-06-22 10:16:46,2752.2,205851
2021-06-22 10:16:47,2752.6,205949
2021-06-22 10:16:48,2752.9,206084
2021-06-22 10:16:49,2753.0,206185
2021-06-22 10:16:50,2754.35,208896
2021-06-22 10:16:50,2755.9,209069
2021-06-22 10:16:52,2755.0,209089
2021-06-22 10:16:53,2755.65,209404
2021-06-22 10:16:54,2757.8,209576
2021-06-22 10:16:55,2757.8,209869
2021-06-22 10:16:55,2757.75,209873
2021-06-22 10:16:56,2756.35,209886
2021-06-22 10:16:58,2757.8,210249
2021-06-22 10:16:59,2757.8,210566
2021-06-22 10:17:00,2758.0,210832
2021-06-22 10:17:01,2758.0,210835
2021-06-22 10:17:01,2758.1,210873
2021-06-22 10:17:03,2758.35,210897
2021-06-22 10:17:04,2758.35,210977
2021-06-22 10:17:05,2758.0,211199
2021-06-22 10:17:06,2757.0,211331
2021-06-22 10:17:07,2758.0,211372
2021-06-22 10:17:07,2758.0,211372
2021-06-22 10:17:09,2758.1,211454
2021-06-22 10:17:10,2758.1,211586
2021-06-22 10:17:11,2756.9,211612
2021-06-22 10:17:12,2758.25,211637
2021-06-22 10:17:13,2758.25,211637
2021-06-22 10:17:13,2758.25,211637
2021-06-22 10:17:14,2758.3,211713
2021-06-22 10:17:15,2758.15,211866
2021-06-22 10:17:17,2756.9,211973
2021-06-22 10:17:18,2758.45,212005
2021-06-22 10:17:19,2758.55,212055
2021-06-22 10:17:20,2758.25,212085
2021-06-22 10:17:20,2758.25,212085
2021-06-22 10:17:22,2757.1,212086
2021-06-22 10:17:23,2758.55,212189
2021-06-22 10:17:24,2758.85,212252
2021-06-22 10:17:25,2758.45,212273
2021-06-22 10:17:26,2757.35,212275
2021-06-22 10:17:27,2756.35,212307
2021-06-22 10:17:27,2756.35,212307
2021-06-22 10:17:30,2756.0,212373
2021-06-22 10:17:31,2755.35,212658
2021-06-22 10:17:32,2755.85,212660
2021-06-22 10:17:32,2757.35,212670
2021-06-22 10:17:34,2757.5,212716
2021-06-22 10:17:35,2756.85,212727
2021-06-22 10:17:37,2756.75,213035
