timestamp,ltp,volume
2021-06-22 09:16:35,979.0,53819
2021-06-22 09:16:36,979.0,54082
2021-06-22 09:16:37,979.1,54226
2021-06-22 09:16:40,979.3,54511
2021-06-22 09:16:42,979.2,54552
2021-06-22 09:16:43,979.05,54628
2021-06-22 09:16:44,979.05,54654
2021-06-22 09:16:45,979.2,54742
2021-06-22 09:16:46,979.15,56273
2021-06-22 09:16:47,979.45,56413
2021-06-22 09:16:48,979.85,56805
2021-06-22 09:16:49,979.35,56959
2021-06-22 09:16:50,979.45,57075
2021-06-22 09:16:51,979.2,57105
2021-06-22 09:16:52,979.2,57106
2021-06-22 09:16:53,979.15,57266
2021-06-22 09:16:54,979.2,57396
2021-06-22 09:16:56,979.1,57434
2021-06-22 09:16:57,979.2,57539
2021-06-22 09:16:58,979.2,57674
2021-06-22 09:17:00,978.7,62577
2021-06-22 09:17:00,978.7,63218
2021-06-22 09:17:01,979.1,64484
2021-06-22 09:17:03,978.75,64917
2021-06-22 09:17:03,978.85,65422
2021-06-22 09:17:04,978.45,65472
2021-06-22 09:17:05,978.75,65478
2021-06-22 09:17:06,978.75,65528
2021-06-22 09:17:07,978.75,65578
2021-06-22 09:17:08,978.75,65628
2021-06-22 09:17:09,978.7,65868
2021-06-22 09:17:11,978.65,66007
2021-06-22 09:17:11,978.65,66007
2021-06-22 09:17:12,978.5,66174
2021-06-22 09:17:13,978.5,66341
2021-06-22 09:17:14,978.75,66621
2021-06-22 09:17:15,978.8,67018
2021-06-22 09:17:16,978.4,67094
2021-06-22 09:17:17,978.4,67149
2021-06-22 09:17:18,978.5,67476
2021-06-22 09:17:19,978.4,67493
2021-06-22 09:17:20,978.25,67516
2021-06-22 09:17:21,978.0,72771
2021-06-22 09:17:23,977.95,73039
2021-06-22 09:17:24,977.95,73213
2021-06-22 09:17:24,977.95,73213
2021-06-22 09:17:26,978.2,73882
2021-06-22 09:17:27,977.5,74446
2021-06-22 09:17:28,977.9,74599
2021-06-22 09:17:29,977.9,74599
2021-06-22 09:17:30,977.2,74642
2021-06-22 09:17:31,977.75,74643
2021-06-22 09:17:32,977.3,74692
2021-06-22 09:17:33,977.25,74754
2021-06-22 09:17:34,977.7,74771
2021-06-22 09:17:36,977.6,74818
2021-06-22 09:17:36,977.6,74818
2021-06-22 09:17:37,977.2,74952
2021-06-22 09:17:38,977.2,74967
2021-06-22 09:17:39,977.45,75356
2021-06-22 09:17:41,977.05,75936
2021-06-22 09:17:41,977.05,75942
2021-06-22 09:17:42,977.2,76464
2021-06-22 09:17:43,977.2,76523
2021-06-22 09:17:45,977.7,76712
2021-06-22 09:17:45,977.7,76871
2021-06-22 09:17:47,977.65,77176
2021-06-22 09:17:48,977.6,77456
2021-06-22 09:17:49,977.6,77524
2021-06-22 09:17:50,977.6,78057
2021-06-22 09:17:51,977.85,78259
2021-06-22 09:17:52,977.85,78355
2021-06-22 09:17:53,977.9,78780
2021-06-22 09:17:54,977.85,78862
2021-06-22 09:17:55,977.85,78862
2021-06-22 09:17:56,977.85,78907
2021-06-22 09:17:57,978.0,79412
2021-06-22 09:17:58,978.0,81718
2021-06-22 09:17:59,977.95,82573
2021-06-22 09:18:00,978.0,82608
2021-06-22 09:18:02,978.0,82769
2021-06-22 09:18:02,978.2,82781
2021-06-22 09:18:03,978.2,82792
2021-06-22 09:18:04,978.2,84552
2021-06-22 09:18:05,978.0,84576
2021-06-22 09:18:06,978.2,84626
2021-06-22 09:18:07,978.5,84976
2021-06-22 09:18:08,978.05,84987
2021-06-22 09:18:09,978.05,85122
2021-06-22 09:18:10,978.05,85182
2021-06-22 09:18:11,978.05,85185
2021-06-22 09:18:12,978.5,85196
2021-06-22 09:18:14,978.2,85375
2021-06-22 09:18:15,978.5,85952
2021-06-22 09:18:16,978.5,85972
2021-06-22 09:18:17,978.5,86077
2021-06-22 09:18:17,978.65,86079
2021-06-22 09:18:18,978.65,86079
2021-06-22 09:18:19,978.65,86279
2021-06-22 09:18:20,978.65,86279
2021-06-22 09:18:21,978.65,86362
2021-06-22 09:18:22,978.65,86729
2021-06-22 09:18:23,978.65,86734
2021-06-22 09:18:24,978.6,86798
2021-06-22 09:18:25,978.5,86898
2021-06-22 09:18:26,978.5,87079
2021-06-22 09:18:27,978.6,87108
2021-06-22 09:18:28,979.4,89145
2021-06-22 09:18:29,978.5,89164
2021-06-22 09:18:30,978.6,89239
2021-06-22 09:18:31,979.05,89459
2021-06-22 09:18:32,979.0,89472
2021-06-22 09:18:34,978.4,89861
2021-06-22 09:18:35,978.4,89906
2021-06-22 09:18:35,978.5,89983
2021-06-22 09:18:37,978.5,89983
2021-06-22 09:18:39,978.3,90536
2021-06-22 09:18:39,978.3,90536
2021-06-22 09:18:40,978.5,90636
2021-06-22 09:18:41,978.45,90686
2021-06-22 09:18:42,978.45,90706
2021-06-22 09:18:43,978.7,91831
2021-06-22 09:18:44,978.65,91876
2021-06-22 09:18:45,978.65,91876
2021-06-22 09:18:47,979.0,91897
2021-06-22 09:18:48,979.0,91897
2021-06-22 09:18:49,979.0,91897
2021-06-22 09:18:49,978.6,92277
2021-06-22 09:18:50,978.55,92315
2021-06-22 09:18:51,978.5,92486
2021-06-22 09:18:52,978.9,92497
2021-06-22 09:18:53,978.95,92824
2021-06-22 09:18:55,978.9,92835
2021-06-22 09:18:56,978.45,93238
2021-06-22 09:18:57,978.9,93278
2021-06-22 09:18:58,978.9,93345
2021-06-22 09:18:58,978.9,93345
2021-06-22 09:18:59,978.7,93383
2021-06-22 09:19:01,979.85,96582
2021-06-22 09:19:02,979.3,96638
2021-06-22 09:19:03,979.3,96638
2021-06-22 09:19:04,978.95,96881
2021-06-22 09:19:05,979.3,96996
2021-06-22 09:19:07,979.0,97576
2021-06-22 09:19:08,978.95,97790
2021-06-22 09:19:09,979.8,98290
2021-06-22 09:19:10,979.4,98465
2021-06-22 09:19:10,979.7,98365
2021-06-22 09:19:11,979.8,98919
2021-06-22 09:19:12,979.8,98979
2021-06-22 09:19:14,979.3,99010
2021-06-22 09:19:15,979.8,99260
2021-06-22 09:19:16,979.4,99777
2021-06-22 09:19:16,979.8,99782
2021-06-22 09:19:17,979.8,99843
2021-06-22 09:19:18,979.45,99914
2021-06-22 09:19:20,979.8,99923
2021-06-22 09:19:21,979.5,99945
2021-06-22 09:19:22,979.8,99986
2021-06-22 09:19:23,979.5,100063
2021-06-22 09:19:23,979.8,100036
2021-06-22 09:19:24,980.1,101213
2021-06-22 09:19:25,979.8,101226
2021-06-22 09:19:27,979.8,105416
2021-06-22 09:19:28,980.15,105418
2021-06-22 09:19:29,979.6,105448
2021-06-22 09:19:31,979.65,106136
2021-06-22 09:19:33,979.65,106237
2021-06-22 09:19:34,979.6,106318
2021-06-22 09:19:36,979.65,106655
2021-06-22 09:19:37,979.6,106715
2021-06-22 09:19:38,979.5,106835
2021-06-22 09:19:39,979.7,107075
2021-06-22 09:19:40,979.5,107206
2021-06-22 09:19:41,979.45,107775
2021-06-22 09:19:42,979.75,107932
2021-06-22 09:19:43,979.3,108159
2021-06-22 09:19:45,979.05,108295
2021-06-22 09:19:46,979.05,108295
2021-06-22 09:19:47,979.3,108356
2021-06-22 09:19:48,979.3,108557
2021-06-22 09:19:49,979.0,109884
2021-06-22 09:19:49,979.0,109884
2021-06-22 09:19:50,979.05,109886
2021-06-22 09:19:51,979.45,110411
2021-06-22 09:19:52,979.45,110412
2021-06-22 09:19:53,979.3,110416
2021-06-22 09:19:54,979.1,110425
2021-06-22 09:19:55,979.05,110700
2021-06-22 09:19:56,979.05,110700
2021-06-22 09:19:58,979.2,110850
2021-06-22 09:19:59,979.45,110851
2021-06-22 09:20:00,979.35,110861
2021-06-22 09:20:01,979.35,110861
2021-06-22 09:20:02,979.35,110861
2021-06-22 09:20:02,979.6,110996
2021-06-22 09:20:03,979.15,111043
2021-06-22 09:20:04,979.6,111144
2021-06-22 09:20:06,979.2,111195
2021-06-22 09:20:07,979.4,111197
2021-06-22 09:20:08,979.1,111204
2021-06-22 09:20:09,979.6,111264
2021-06-22 09:20:11,979.85,111323
2021-06-22 09:20:12,979.85,111352
2021-06-22 09:20:13,980.0,111560
2021-06-22 09:20:13,980.0,111560
2021-06-22 09:20:14,979.6,112255
2021-06-22 09:20:15,980.05,112273
2021-06-22 09:20:16,980.05,112286
2021-06-22 09:20:17,980.2,112445
2021-06-22 09:20:18,980.2,112445
2021-06-22 09:20:19,980.3,112645
2021-06-22 09:20:20,980.15,112682
2021-06-22 09:20:21,980.15,112877
2021-06-22 09:20:22,980.0,113170
2021-06-22 09:20:23,980.2,113273
2021-06-22 09:20:24,980.2,113275
2021-06-22 09:20:26,980.2,113663
2021-06-22 09:20:27,980.2,113973
2021-06-22 09:20:27,980.8,114009
2021-06-22 09:20:28,980.7,114029
2021-06-22 09:20:30,980.25,114054
2021-06-22 09:20:30,980.25,114054
2021-06-22 09:20:32,980.7,114213
2021-06-22 09:20:33,980.7,114218
2021-06-22 09:20:34,980.3,114323
2021-06-22 09:20:35,980.6,114375
2021-06-22 09:20:36,980.6,114379
2021-06-22 09:20:37,980.6,114379
2021-06-22 09:20:39,980.65,114591
2021-06-22 09:20:39,980.65,114596
2021-06-22 09:20:40,980.25,114756
2021-06-22 09:20:42,980.7,114766
2021-06-22 09:20:43,980.4,114770
2021-06-22 09:20:44,980.4,114770
2021-06-22 09:20:44,980.7,114895
2021-06-22 09:20:45,981.0,115346
2021-06-22 09:20:47,981.5,115359
2021-06-22 09:20:48,980.85,117503
2021-06-22 09:20:49,981.35,117504
2021-06-22 09:20:49,980.85,117554
2021-06-22 09:20:50,981.0,117606
2021-06-22 09:20:52,981.35,117856
2021-06-22 09:20:53,981.15,118066
2021-06-22 09:20:53,981.15,118066
2021-06-22 09:20:55,981.15,118078
2021-06-22 09:20:57,981.1,118211
2021-06-22 09:20:57,981.1,118270
2021-06-22 09:20:58,981.0,118329
2021-06-22 09:20:59,981.1,118580
2021-06-22 09:21:01,981.15,118648
2021-06-22 09:21:01,981.15,118649
2021-06-22 09:21:02,981.2,119040
2021-06-22 09:21:04,981.4,119089
2021-06-22 09:21:05,981.85,119257
2021-06-22 09:21:06,981.9,119307
2021-06-22 09:21:07,981.95,119421
2021-06-22 09:21:08,982.0,120426
2021-06-22 09:21:09,981.8,120459
2021-06-22 09:21:09,981.8,120459
2021-06-22 09:21:11,981.75,120707
2021-06-22 09:21:11,981.75,120707
2021-06-22 09:21:12,981.75,120821
2021-06-22 09:21:13,981.9,120832
2021-06-22 09:21:15,981.9,120837
2021-06-22 09:21:16,982.0,120995
2021-06-22 09:21:17,981.4,121167
2021-06-22 09:21:18,981.9,121368
2021-06-22 09:21:18,981.45,121374
2021-06-22 09:21:19,981.95,121674
2021-06-22 09:21:20,981.95,121674
2021-06-22 09:21:21,981.45,121695
2021-06-22 09:21:22,981.9,121717
2021-06-22 09:21:24,981.4,121730
2021-06-22 09:21:25,981.75,121781
2021-06-22 09:21:26,981.4,121871
2021-06-22 09:21:27,981.75,121883
2021-06-22 09:21:28,981.75,121913
2021-06-22 09:21:29,981.75,121915
2021-06-22 09:21:30,981.6,121965
2021-06-22 09:21:30,981.6,121965
2021-06-22 09:21:31,981.6,122015
2021-06-22 09:21:32,981.6,122040
2021-06-22 09:21:33,982.25,126043
2021-06-22 09:21:35,981.6,126049
2021-06-22 09:21:36,981.6,126525
2021-06-22 09:21:37,982.0,126597
2021-06-22 09:21:38,982.0,126597
2021-06-22 09:21:38,981.85,126722
2021-06-22 09:21:40,982.7,127785
2021-06-22 09:21:41,982.4,127802
2021-06-22 09:21:42,981.85,127994
2021-06-22 09:21:43,981.95,128015
2021-06-22 09:21:43,981.95,128020
2021-06-22 09:21:45,981.7,128255
2021-06-22 09:21:46,981.95,128385
2021-06-22 09:21:46,981.95,128435
2021-06-22 09:21:47,981.95,128435
2021-06-22 09:21:49,981.95,128588
2021-06-22 09:21:49,981.95,128588
2021-06-22 09:21:51,981.95,128615
2021-06-22 09:21:51,981.95,128615
2021-06-22 09:21:52,981.95,128682
2021-06-22 09:21:53,981.95,128708
2021-06-22 09:21:54,982.0,128782
2021-06-22 09:21:55,982.55,128907
2021-06-22 09:21:57,982.35,129070
2021-06-22 09:21:58,982.35,129493
2021-06-22 09:21:59,982.35,129493
2021-06-22 09:22:00,982.7,129498
2021-06-22 09:22:01,982.15,129635
2021-06-22 09:22:02,981.9,130345
2021-06-22 09:22:03,982.6,130801
2021-06-22 09:22:04,982.05,130806
2021-06-22 09:22:05,982.55,130882
2021-06-22 09:22:06,982.05,130902
2021-06-22 09:22:07,983.2,135077
2021-06-22 09:22:08,982.4,135621
2021-06-22 09:22:09,982.35,135624
2021-06-22 09:22:09,981.6,137188
2021-06-22 09:22:11,981.6,137380
2021-06-22 09:22:13,982.0,138214
2021-06-22 09:22:14,981.45,143304
2021-06-22 09:22:14,981.45,143304
2021-06-22 09:22:15,981.5,143811
2021-06-22 09:22:18,981.6,144297
2021-06-22 09:22:18,981.35,144298
2021-06-22 09:22:19,981.5,144299
2021-06-22 09:22:21,981.6,144470
2021-06-22 09:22:25,981.6,144918
2021-06-22 09:22:28,981.75,145093
2021-06-22 09:22:28,981.75,145094
2021-06-22 09:22:29,981.75,145144
2021-06-22 09:22:31,981.7,145251
2021-06-22 09:22:32,981.6,145331
2021-06-22 09:22:33,981.6,145485
2021-06-22 09:22:34,981.7,145588
2021-06-22 09:22:35,981.7,145598
2021-06-22 09:22:36,981.7,145599
2021-06-22 09:22:37,981.65,145603
2021-06-22 09:22:38,981.7,145618
2021-06-22 09:22:39,981.65,145724
2021-06-22 09:22:40,981.7,145736
2021-06-22 09:22:41,981.7,145736
2021-06-22 09:22:42,981.75,145820
2021-06-22 09:22:43,982.0,146385
2021-06-22 09:22:44,981.85,146517
2021-06-22 09:22:45,981.85,146517
2021-06-22 09:22:46,982.25,149703
2021-06-22 09:22:47,982.3,149728
2021-06-22 09:22:48,982.3,149728
2021-06-22 09:22:50,982.35,150598
2021-06-22 09:22:51,982.2,150725
2021-06-22 09:22:53,982.55,150851
2021-06-22 09:22:54,982.0,150964
2021-06-22 09:22:56,982.5,151205
2021-06-22 09:22:57,982.45,151305
2021-06-22 09:22:59,982.05,151420
2021-06-22 09:23:00,982.05,151420
2021-06-22 09:23:00,982.5,151431
2021-06-22 09:23:01,982.0,151808
2021-06-22 09:23:02,982.0,151808
2021-06-22 09:23:04,982.0,152030
2021-06-22 09:23:05,982.0,152030
2021-06-22 09:23:07,981.7,153212
2021-06-22 09:23:08,982.1,154143
2021-06-22 09:23:09,981.8,154155
2021-06-22 09:23:10,981.8,154155
2021-06-22 09:23:11,981.8,154155
2021-06-22 09:23:12,981.8,154155
2021-06-22 09:23:13,982.45,154175
2021-06-22 09:23:14,982.5,154285
2021-06-22 09:23:15,982.15,156710
2021-06-22 09:23:17,982.35,156982
2021-06-22 09:23:18,982.1,157103
2021-06-22 09:23:19,982.05,157126
2021-06-22 09:23:20,982.05,157126
2021-06-22 09:23:21,982.05,157129
2021-06-22 09:23:22,982.05,157129
2021-06-22 09:23:23,982.15,157704
2021-06-22 09:23:24,982.7,157715
2021-06-22 09:23:26,982.35,157802
2021-06-22 09:23:27,982.35,157929
2021-06-22 09:23:28,982.15,158004
2021-06-22 09:23:29,982.15,158173
2021-06-22 09:23:30,982.5,158279
2021-06-22 09:23:31,982.4,158297
2021-06-22 09:23:32,982.1,158374
2021-06-22 09:23:33,982.35,158574
2021-06-22 09:23:34,982.0,159576
2021-06-22 09:23:35,981.6,160202
2021-06-22 09:23:36,981.0,161400
2021-06-22 09:23:37,981.05,163699
2021-06-22 09:23:38,980.65,163796
2021-06-22 09:23:39,980.6,163939
2021-06-22 09:23:40,981.05,163941
2021-06-22 09:23:42,981.05,164034
2021-06-22 09:23:43,980.95,164169
2021-06-22 09:23:44,980.85,164243
2021-06-22 09:23:46,980.95,164840
2021-06-22 09:23:48,980.85,164973
2021-06-22 09:23:49,981.4,165000
2021-06-22 09:23:55,981.5,165457
2021-06-22 09:23:56,981.5,165457
2021-06-22 09:23:57,981.5,165457
2021-06-22 09:23:58,981.5,165457
2021-06-22 09:23:59,981.5,165457
2021-06-22 09:24:00,981.15,165495
2021-06-22 09:24:01,981.7,165644
2021-06-22 09:24:02,981.7,165664
2021-06-22 09:24:03,981.7,165664
2021-06-22 09:24:04,981.7,165664
2021-06-22 09:24:05,981.2,165675
2021-06-22 09:24:06,981.2,165732
2021-06-22 09:24:07,981.2,165876
2021-06-22 09:24:08,980.8,166580
2021-06-22 09:24:09,980.75,166648
2021-06-22 09:24:10,980.75,166649
2021-06-22 09:24:11,980.8,166750
2021-06-22 09:24:12,980.75,166780
2021-06-22 09:24:13,980.75,166799
2021-06-22 09:24:14,980.3,169037
2021-06-22 09:24:16,980.5,169378
2021-06-22 09:24:17,981.0,169382
2021-06-22 09:24:18,980.25,169425
2021-06-22 09:24:19,980.45,169505
2021-06-22 09:24:20,980.25,169517
2021-06-22 09:24:21,980.45,169605
2021-06-22 09:24:22,980.65,169606
2021-06-22 09:24:23,980.45,169613
2021-06-22 09:24:24,980.45,169613
2021-06-22 09:24:25,980.15,169751
2021-06-22 09:24:26,980.4,169759
2021-06-22 09:24:27,980.45,169933
2021-06-22 09:24:28,980.5,169958
2021-06-22 09:24:29,980.5,170044
2021-06-22 09:24:30,980.05,170055
2021-06-22 09:24:32,980.8,170427
2021-06-22 09:24:31,980.8,170410
2021-06-22 09:24:33,982.0,173429
2021-06-22 09:24:34,982.0,173429
2021-06-22 09:24:35,981.35,173449
2021-06-22 09:24:36,981.35,173449
2021-06-22 09:24:37,980.9,173464
2021-06-22 09:24:38,980.9,173564
2021-06-22 09:24:38,980.9,173567
2021-06-22 09:24:39,980.9,173627
2021-06-22 09:24:40,980.9,173627
2021-06-22 09:24:42,980.9,173652
2021-06-22 09:24:43,981.3,173672
2021-06-22 09:24:44,980.9,173841
2021-06-22 09:24:45,980.9,173841
2021-06-22 09:24:46,980.9,173841
2021-06-22 09:24:47,981.2,173959
2021-06-22 09:24:48,981.25,174035
2021-06-22 09:24:49,981.25,174291
2021-06-22 09:24:50,980.8,174502
2021-06-22 09:24:51,980.8,174502
2021-06-22 09:24:53,981.1,174552
2021-06-22 09:24:54,981.1,174552
2021-06-22 09:24:55,980.9,175103
2021-06-22 09:24:56,980.9,175103
2021-06-22 09:24:57,980.9,175103
2021-06-22 09:24:58,980.9,175103
2021-06-22 09:24:59,980.9,175118
2021-06-22 09:25:00,980.95,175397
2021-06-22 09:25:01,981.1,175407
2021-06-22 09:25:02,981.05,178456
2021-06-22 09:25:03,981.05,178456
2021-06-22 09:25:04,981.25,178467
2021-06-22 09:25:05,981.25,178467
2021-06-22 09:25:06,981.25,178467
2021-06-22 09:25:07,981.45,178472
2021-06-22 09:25:09,981.45,178472
2021-06-22 09:25:10,981.45,178472
2021-06-22 09:25:11,981.25,178522
2021-06-22 09:25:12,981.25,178522
2021-06-22 09:25:13,981.25,178522
2021-06-22 09:25:14,981.25,178536
2021-06-22 09:25:15,981.25,178604
2021-06-22 09:25:16,981.45,178605
2021-06-22 09:25:17,981.45,178611
2021-06-22 09:25:18,981.25,178621
2021-06-22 09:25:19,981.25,178621
2021-06-22 09:25:20,981.25,178632
2021-06-22 09:25:23,981.55,178812
2021-06-22 09:25:24,981.25,178852
2021-06-22 09:25:25,981.25,178852
2021-06-22 09:25:26,981.4,178872
2021-06-22 09:25:27,981.25,178965
2021-06-22 09:25:28,981.25,178965
2021-06-22 09:25:29,981.3,178995
2021-06-22 09:25:30,981.25,178996
2021-06-22 09:25:31,981.25,180031
2021-06-22 09:25:32,981.4,180032
2021-06-22 09:25:33,981.25,180047
2021-06-22 09:25:34,981.25,180047
2021-06-22 09:25:35,981.65,180197
2021-06-22 09:25:36,981.5,180200
2021-06-22 09:25:37,981.5,180200
2021-06-22 09:25:38,981.5,180401
2021-06-22 09:25:41,981.55,180426
2021-06-22 09:25:42,982.0,180676
2021-06-22 09:25:43,981.8,180790
2021-06-22 09:25:45,982.6,182976
2021-06-22 09:25:48,982.75,185399
2021-06-22 09:25:49,982.65,185400
2021-06-22 09:25:50,982.65,185402
2021-06-22 09:25:51,982.65,185402
2021-06-22 09:25:52,982.2,185553
2021-06-22 09:25:53,982.65,185555
2021-06-22 09:25:54,982.65,185557
2021-06-22 09:25:55,982.65,185585
2021-06-22 09:25:56,982.7,185607
2021-06-22 09:25:57,982.7,185607
2021-06-22 09:25:58,982.4,185677
2021-06-22 09:25:59,981.95,186551
2021-06-22 09:26:00,982.0,186583
2021-06-22 09:26:01,982.45,186585
2021-06-22 09:26:02,982.45,186585
2021-06-22 09:26:03,982.5,186835
2021-06-22 09:26:04,982.9,187935
2021-06-22 09:26:05,982.9,187935
2021-06-22 09:26:06,982.85,187945
2021-06-22 09:26:08,982.85,188037
2021-06-22 09:26:09,982.85,188037
2021-06-22 09:26:10,982.85,188037
2021-06-22 09:26:11,982.4,188291
2021-06-22 09:26:12,982.15,188402
2021-06-22 09:26:14,982.35,188533
2021-06-22 09:26:15,982.1,188651
2021-06-22 09:26:17,982.05,188739
2021-06-22 09:26:18,982.1,188967
2021-06-22 09:26:19,982.15,189218
2021-06-22 09:26:20,982.15,189218
2021-06-22 09:26:21,981.6,190281
2021-06-22 09:26:22,981.6,190281
2021-06-22 09:26:23,981.6,190281
2021-06-22 09:26:24,981.7,190411
2021-06-22 09:26:25,982.0,190436
2021-06-22 09:26:26,981.65,191442
2021-06-22 09:26:27,981.65,191442
2021-06-22 09:26:28,981.65,191472
2021-06-22 09:26:29,981.65,191504
2021-06-22 09:26:30,981.95,191534
2021-06-22 09:26:31,981.65,192534
2021-06-22 09:26:32,981.95,192585
2021-06-22 09:26:33,981.6,192610
2021-06-22 09:26:35,981.7,192640
2021-06-22 09:26:36,982.0,192665
2021-06-22 09:26:37,982.15,192764
2021-06-22 09:26:38,982.15,192764
2021-06-22 09:26:40,982.35,192765
2021-06-22 09:26:39,982.15,192764
2021-06-22 09:26:41,982.35,192765
2021-06-22 09:26:42,982.2,192775
2021-06-22 09:26:43,982.05,192900
2021-06-22 09:26:46,982.35,193021
2021-06-22 09:26:47,982.35,193021
2021-06-22 09:26:48,982.35,193091
2021-06-22 09:26:49,982.4,193093
2021-06-22 09:26:50,982.4,193093
2021-06-22 09:26:51,982.65,193593
2021-06-22 09:26:52,982.8,193594
2021-06-22 09:26:53,982.8,193594
2021-06-22 09:26:54,982.8,193594
2021-06-22 09:26:55,982.8,193594
2021-06-22 09:26:56,982.8,193594
2021-06-22 09:26:57,982.45,193595
2021-06-22 09:26:58,982.8,193596
2021-06-22 09:26:59,982.8,193616
2021-06-22 09:27:00,982.8,193616
2021-06-22 09:27:01,982.8,193616
2021-06-22 09:27:02,983.0,194961
2021-06-22 09:27:03,983.0,195016
2021-06-22 09:27:04,982.55,195046
2021-06-22 09:27:05,982.35,195391
2021-06-22 09:27:06,982.35,195391
2021-06-22 09:27:07,982.35,195391
2021-06-22 09:27:08,982.9,195398
2021-06-22 09:27:09,982.9,195411
2021-06-22 09:27:10,982.9,195411
2021-06-22 09:27:12,983.0,195985
2021-06-22 09:27:13,982.35,196014
2021-06-22 09:27:16,982.7,196601
2021-06-22 09:27:16,982.7,196601
2021-06-22 09:27:17,982.7,196606
2021-06-22 09:27:19,982.35,196630
2021-06-22 09:27:20,982.7,196655
2021-06-22 09:27:21,982.8,197561
2021-06-22 09:27:22,982.95,197569
2021-06-22 09:27:23,982.8,197570
2021-06-22 09:27:24,982.95,197886
2021-06-22 09:27:25,982.65,197929
2021-06-22 09:27:26,982.8,197940
2021-06-22 09:27:27,982.8,197940
2021-06-22 09:27:28,982.65,197991
2021-06-22 09:27:29,982.65,198031
2021-06-22 09:27:31,982.6,198036
2021-06-22 09:27:32,982.6,198036
2021-06-22 09:27:33,982.5,198038
2021-06-22 09:27:33,982.8,198043
2021-06-22 09:27:34,982.8,198380
2021-06-22 09:27:35,982.8,198405
2021-06-22 09:27:36,982.5,198410
2021-06-22 09:27:37,982.8,198541
2021-06-22 09:27:38,982.5,198542
2021-06-22 09:27:39,982.5,198544
2021-06-22 09:27:40,982.5,198544
2021-06-22 09:27:41,982.8,198594
2021-06-22 09:27:42,982.8,198595
2021-06-22 09:27:43,982.8,198597
2021-06-22 09:27:44,983.4,199232
2021-06-22 09:27:45,983.4,199232
2021-06-22 09:27:46,982.6,199576
2021-06-22 09:27:47,983.0,199578
2021-06-22 09:27:48,982.65,199735
2021-06-22 09:27:49,982.55,200285
2021-06-22 09:27:50,983.1,200287
2021-06-22 09:27:51,982.8,200288
2021-06-22 09:27:52,982.6,200321
2021-06-22 09:27:53,983.2,200513
2021-06-22 09:27:54,983.2,200513
2021-06-22 09:27:56,983.5,200788
2021-06-22 09:27:57,983.05,200791
2021-06-22 09:27:58,983.1,200912
2021-06-22 09:27:59,983.5,200949
2021-06-22 09:28:00,983.5,200949
2021-06-22 09:28:01,983.5,200949
2021-06-22 09:28:02,983.45,200959
2021-06-22 09:28:03,983.4,200964
2021-06-22 09:28:04,983.5,201164
2021-06-22 09:28:05,983.45,201165
2021-06-22 09:28:06,983.5,201247
2021-06-22 09:28:08,983.45,201370
2021-06-22 09:28:08,983.55,201377
2021-06-22 09:28:09,983.5,201427
2021-06-22 09:28:10,983.45,201429
2021-06-22 09:28:11,983.6,201591
2021-06-22 09:28:12,983.45,201616
2021-06-22 09:28:13,983.1,201620
2021-06-22 09:28:14,983.1,201680
2021-06-22 09:28:15,983.55,201690
2021-06-22 09:28:16,983.5,201694
2021-06-22 09:28:17,983.55,202197
2021-06-22 09:28:18,983.1,202214
2021-06-22 09:28:19,983.5,202298
2021-06-22 09:28:20,983.5,202437
2021-06-22 09:28:21,983.5,202495
2021-06-22 09:28:22,983.5,202495
2021-06-22 09:28:23,983.5,202495
2021-06-22 09:28:25,983.15,202501
2021-06-22 09:28:25,983.15,202507
2021-06-22 09:28:27,983.15,202637
2021-06-22 09:28:29,983.5,202641
2021-06-22 09:28:30,983.15,202656
2021-06-22 09:28:31,983.15,202660
2021-06-22 09:28:32,983.15,202670
2021-06-22 09:28:33,983.5,202692
2021-06-22 09:28:34,983.5,202732
2021-06-22 09:28:35,983.5,202742
2021-06-22 09:28:36,983.5,202742
2021-06-22 09:28:37,983.5,202831
2021-06-22 09:28:38,983.5,204792
2021-06-22 09:28:39,983.5,205142
2021-06-22 09:28:40,983.5,205392
2021-06-22 09:28:41,983.5,205477
2021-06-22 09:28:42,983.5,205527
2021-06-22 09:28:43,983.5,205532
2021-06-22 09:28:44,983.5,205732
2021-06-22 09:28:45,983.5,205752
2021-06-22 09:28:46,983.5,205877
2021-06-22 09:28:47,983.45,205991
2021-06-22 09:28:49,983.5,206030
2021-06-22 09:28:50,983.55,206230
2021-06-22 09:28:50,983.55,206258
2021-06-22 09:28:52,983.25,206283
2021-06-22 09:28:54,983.25,206457
2021-06-22 09:28:55,983.1,206645
2021-06-22 09:28:56,983.55,206652
2021-06-22 09:28:57,983.1,206717
2021-06-22 09:28:58,983.1,206717
2021-06-22 09:28:59,983.05,206818
2021-06-22 09:29:00,983.5,207181
2021-06-22 09:29:01,983.5,207282
2021-06-22 09:29:02,983.55,207489
2021-06-22 09:29:03,983.0,207564
2021-06-22 09:29:04,983.0,207780
2021-06-22 09:29:05,983.4,207816
2021-06-22 09:29:07,983.45,207868
2021-06-22 09:29:07,983.25,207955
2021-06-22 09:29:08,983.45,207975
2021-06-22 09:29:09,983.1,208088
2021-06-22 09:29:10,982.7,208847
2021-06-22 09:29:12,983.0,209162
2021-06-22 09:29:14,983.0,209172
2021-06-22 09:29:15,982.7,209174
2021-06-22 09:29:15,982.7,210324
2021-06-22 09:29:17,983.0,210334
2021-06-22 09:29:17,983.0,210334
2021-06-22 09:29:18,983.0,210344
2021-06-22 09:29:20,982.8,210373
2021-06-22 09:29:21,983.2,211016
2021-06-22 09:29:23,983.05,211045
2021-06-22 09:29:23,983.05,211083
2021-06-22 09:29:25,983.4,211127
2021-06-22 09:29:28,982.85,211244
2021-06-22 09:29:29,982.7,211245
2021-06-22 09:29:30,982.6,211445
2021-06-22 09:29:31,982.6,211448
2021-06-22 09:29:31,982.6,211448
2021-06-22 09:29:32,982.6,211448
2021-06-22 09:29:34,982.95,211543
2021-06-22 09:29:35,982.95,211543
2021-06-22 09:29:37,982.95,211591
2021-06-22 09:29:37,982.6,211628
2021-06-22 09:29:38,982.95,211638
2021-06-22 09:29:39,982.95,211638
2021-06-22 09:29:40,982.95,211645
2021-06-22 09:29:41,982.95,211645
2021-06-22 09:29:42,982.95,211646
2021-06-22 09:29:44,982.95,211646
2021-06-22 09:29:44,982.7,211660
2021-06-22 09:29:46,982.95,211661
2021-06-22 09:29:47,982.95,211661
2021-06-22 09:29:47,982.95,211661
2021-06-22 09:29:49,983.1,211761
2021-06-22 09:29:50,983.1,211761
2021-06-22 09:29:50,983.1,211761
2021-06-22 09:29:51,982.95,211830
2021-06-22 09:29:52,982.9,211965
2021-06-22 09:29:53,982.9,211965
2021-06-22 09:29:54,982.9,211966
2021-06-22 09:29:55,982.9,212032
2021-06-22 09:29:56,982.9,212094
2021-06-22 09:29:57,982.9,212144
2021-06-22 09:29:58,983.2,212155
2021-06-22 09:29:59,983.2,212155
2021-06-22 09:30:00,982.95,212156
2021-06-22 09:30:01,984.0,215318
2021-06-22 09:30:02,984.0,215327
2021-06-22 09:30:03,983.85,216038
2021-06-22 09:30:04,984.2,216145
2021-06-22 09:30:06,984.2,216355
2021-06-22 09:30:07,983.75,216476
2021-06-22 09:30:08,984.2,216592
2021-06-22 09:30:11,983.8,216897
2021-06-22 09:30:12,984.0,217062
2021-06-22 09:30:13,984.0,217068
2021-06-22 09:30:14,984.0,217144
2021-06-22 09:30:15,983.75,217287
2021-06-22 09:30:16,983.75,217294
2021-06-22 09:30:17,983.75,217353
2021-06-22 09:30:18,983.75,217374
2021-06-22 09:30:19,983.75,217374
2021-06-22 09:30:21,984.15,217724
2021-06-22 09:30:23,984.2,217905
2021-06-22 09:30:24,984.2,218068
2021-06-22 09:30:24,984.2,218068
2021-06-22 09:30:25,984.2,218208
2021-06-22 09:30:26,984.1,218235
2021-06-22 09:30:27,984.1,218235
2021-06-22 09:30:28,984.15,218284
2021-06-22 09:30:30,984.15,218350
2021-06-22 09:30:31,984.15,218350
2021-06-22 09:30:32,984.1,218605
2021-06-22 09:30:33,984.15,218805
2021-06-22 09:30:34,983.95,218993
2021-06-22 09:30:35,983.95,218993
2021-06-22 09:30:36,984.15,219215
2021-06-22 09:30:37,984.15,219217
2021-06-22 09:30:39,984.2,220485
2021-06-22 09:30:40,984.2,223360
2021-06-22 09:30:41,984.7,224031
2021-06-22 09:30:42,984.7,224046
2021-06-22 09:30:43,984.5,224092
2021-06-22 09:30:44,984.2,224398
2021-06-22 09:30:45,984.2,224956
2021-06-22 09:30:46,984.2,224975
2021-06-22 09:30:47,984.2,225005
2021-06-22 09:30:47,984.2,225005
2021-06-22 09:30:49,984.2,225360
2021-06-22 09:30:50,984.2,225495
2021-06-22 09:30:51,984.5,225498
2021-06-22 09:30:52,984.2,225661
2021-06-22 09:30:53,984.2,226195
2021-06-22 09:30:54,984.55,226502
2021-06-22 09:30:55,984.55,226510
2021-06-22 09:30:56,984.6,226523
2021-06-22 09:30:57,984.35,226629
2021-06-22 09:30:58,984.35,226631
2021-06-22 09:30:59,984.45,226777
2021-06-22 09:31:00,983.9,227524
2021-06-22 09:31:01,984.5,227594
2021-06-22 09:31:02,983.95,227604
2021-06-22 09:31:03,984.05,227761
2021-06-22 09:31:04,984.55,227767
2021-06-22 09:31:05,984.45,227891
2021-06-22 09:31:06,984.2,228041
2021-06-22 09:31:07,984.2,228041
2021-06-22 09:31:09,984.2,228091
2021-06-22 09:31:10,984.2,228091
2021-06-22 09:31:11,984.2,228091
2021-06-22 09:31:12,984.0,228376
2021-06-22 09:31:12,984.2,228476
2021-06-22 09:31:14,984.0,228722
2021-06-22 09:31:15,984.0,228722
2021-06-22 09:31:16,984.0,228740
2021-06-22 09:31:17,984.0,228856
2021-06-22 09:31:18,984.2,228866
2021-06-22 09:31:18,984.2,228866
2021-06-22 09:31:19,984.2,228866
2021-06-22 09:31:21,984.2,228866
2021-06-22 09:31:22,984.2,228886
2021-06-22 09:31:22,984.2,228901
2021-06-22 09:31:23,984.0,229001
2021-06-22 09:31:24,984.2,229103
2021-06-22 09:31:25,984.0,229394
2021-06-22 09:31:27,984.0,229446
2021-06-22 09:31:28,984.0,229506
2021-06-22 09:31:29,984.2,229595
2021-06-22 09:31:30,983.95,229598
2021-06-22 09:31:31,984.2,229702
2021-06-22 09:31:32,984.2,229837
2021-06-22 09:31:33,984.0,229863
2021-06-22 09:31:34,983.95,230047
2021-06-22 09:31:35,983.8,230105
2021-06-22 09:31:36,984.2,230177
2021-06-22 09:31:36,984.45,230187
2021-06-22 09:31:37,983.95,230444
2021-06-22 09:31:39,984.05,231689
2021-06-22 09:31:40,984.2,231789
2021-06-22 09:31:41,983.95,231799
2021-06-22 09:31:42,984.5,231809
2021-06-22 09:31:44,984.55,231920
2021-06-22 09:31:45,984.0,232045
2021-06-22 09:31:46,984.0,232045
2021-06-22 09:31:47,983.95,232439
2021-06-22 09:31:48,983.75,233679
2021-06-22 09:31:49,983.85,233779
2021-06-22 09:31:50,984.2,233801
2021-06-22 09:31:51,984.0,233803
2021-06-22 09:31:52,983.8,233840
2021-06-22 09:31:54,983.75,233936
2021-06-22 09:31:55,984.15,234011
2021-06-22 09:31:56,983.7,234086
2021-06-22 09:31:57,983.7,234086
2021-06-22 09:31:58,983.55,234209
2021-06-22 09:31:59,984.0,234214
2021-06-22 09:32:00,984.0,234214
2021-06-22 09:32:01,983.75,234221
2021-06-22 09:32:02,983.8,234249
2021-06-22 09:32:03,983.65,234368
2021-06-22 09:32:05,983.8,234399
2021-06-22 09:32:06,983.8,234399
2021-06-22 09:32:07,983.55,234424
2021-06-22 09:32:08,983.8,234455
2021-06-22 09:32:09,983.8,234455
2021-06-22 09:32:10,983.8,234455
2021-06-22 09:32:11,983.8,234455
2021-06-22 09:32:12,983.55,234505
2021-06-22 09:32:13,984.0,234606
2021-06-22 09:32:14,983.8,234650
2021-06-22 09:32:15,984.0,234691
2021-06-22 09:32:16,984.0,234710
2021-06-22 09:32:17,984.0,234875
2021-06-22 09:32:17,984.0,235399
2021-06-22 09:32:18,984.0,235399
2021-06-22 09:32:19,984.3,235403
2021-06-22 09:32:20,984.45,235474
2021-06-22 09:32:21,984.05,235524
2021-06-22 09:32:22,984.5,235526
2021-06-22 09:32:23,984.1,235536
2021-06-22 09:32:25,984.1,235536
2021-06-22 09:32:28,984.8,235774
2021-06-22 09:32:29,984.55,235790
2021-06-22 09:32:30,984.1,235792
2021-06-22 09:32:32,984.6,235861
2021-06-22 09:32:33,984.8,235933
2021-06-22 09:32:35,984.25,236005
2021-06-22 09:32:36,984.75,236020
2021-06-22 09:32:37,984.75,236020
2021-06-22 09:32:38,984.8,236082
2021-06-22 09:32:38,984.8,236082
2021-06-22 09:32:39,984.25,236130
2021-06-22 09:32:40,984.8,236430
2021-06-22 09:32:41,984.85,236530
2021-06-22 09:32:42,984.3,236549
2021-06-22 09:32:43,984.3,236563
2021-06-22 09:32:44,984.3,236601
2021-06-22 09:32:45,984.3,236601
2021-06-22 09:32:46,985.15,240590
2021-06-22 09:32:47,985.0,241116
2021-06-22 09:32:48,985.75,242402
2021-06-22 09:32:49,985.0,242752
2021-06-22 09:32:50,985.1,242815
2021-06-22 09:32:51,985.65,242915
2021-06-22 09:32:52,985.35,243098
2021-06-22 09:32:54,985.65,243118
2021-06-22 09:32:55,985.5,243158
2021-06-22 09:32:56,985.5,243254
2021-06-22 09:32:56,985.65,243211
2021-06-22 09:32:57,986.0,243482
2021-06-22 09:32:58,986.0,243482
2021-06-22 09:32:59,986.0,243482
2021-06-22 09:33:00,985.6,243495
2021-06-22 09:33:01,986.0,243927
2021-06-22 09:33:02,986.0,243927
2021-06-22 09:33:03,985.5,243995
2021-06-22 09:33:04,985.5,244228
2021-06-22 09:33:05,985.9,244524
2021-06-22 09:33:06,985.55,244563
2021-06-22 09:33:07,985.3,244970
2021-06-22 09:33:08,985.3,244970
2021-06-22 09:33:09,985.3,245050
2021-06-22 09:33:10,985.7,245058
2021-06-22 09:33:11,985.7,245058
2021-06-22 09:33:12,985.85,245125
2021-06-22 09:33:13,985.85,245125
2021-06-22 09:33:14,985.85,245133
2021-06-22 09:33:15,985.55,245218
2021-06-22 09:33:16,985.9,245245
2021-06-22 09:33:17,986.0,245287
2021-06-22 09:33:18,985.6,245406
2021-06-22 09:33:20,985.5,245580
2021-06-22 09:33:21,985.9,245597
2021-06-22 09:33:22,985.5,245695
2021-06-22 09:33:23,985.5,245733
2021-06-22 09:33:24,985.5,245733
2021-06-22 09:33:25,985.9,245983
2021-06-22 09:33:26,985.6,246063
2021-06-22 09:33:27,985.9,246487
2021-06-22 09:33:28,985.9,246488
2021-06-22 09:33:30,985.45,247606
2021-06-22 09:33:31,985.8,248989
2021-06-22 09:33:33,985.05,249251
2021-06-22 09:33:34,985.2,249359
2021-06-22 09:33:35,985.2,249359
2021-06-22 09:33:36,985.55,249411
2021-06-22 09:33:37,985.25,249487
2021-06-22 09:33:38,985.25,249487
2021-06-22 09:33:39,985.55,249568
2021-06-22 09:33:39,985.15,249573
2021-06-22 09:33:40,985.25,249574
2021-06-22 09:33:41,985.3,249579
2021-06-22 09:33:43,985.65,249679
2021-06-22 09:33:44,985.65,249757
2021-06-22 09:33:46,985.35,249787
2021-06-22 09:33:46,985.35,249883
2021-06-22 09:33:47,985.9,249984
2021-06-22 09:33:48,985.9,250145
2021-06-22 09:33:50,984.8,251429
2021-06-22 09:33:51,984.8,251429
2021-06-22 09:33:52,984.9,251506
2021-06-22 09:33:53,985.3,251607
2021-06-22 09:33:54,984.95,251683
2021-06-22 09:33:55,985.5,251765
2021-06-22 09:33:56,984.9,251767
2021-06-22 09:33:59,984.85,252040
2021-06-22 09:34:00,985.4,252090
2021-06-22 09:34:01,985.4,252090
2021-06-22 09:34:02,985.4,252090
2021-06-22 09:34:03,985.35,252091
2021-06-22 09:34:04,985.0,252394
2021-06-22 09:34:05,985.45,252460
2021-06-22 09:34:05,985.25,252469
2021-06-22 09:34:06,985.25,252469
2021-06-22 09:34:08,985.2,252614
2021-06-22 09:34:09,985.35,252864
2021-06-22 09:34:10,985.5,252919
2021-06-22 09:34:11,985.25,252926
2021-06-22 09:34:12,985.25,252931
2021-06-22 09:34:13,985.0,252952
2021-06-22 09:34:14,985.25,252962
2021-06-22 09:34:16,984.9,252973
2021-06-22 09:34:17,984.9,252973
2021-06-22 09:34:18,985.2,253047
2021-06-22 09:34:19,984.85,253136
2021-06-22 09:34:20,985.25,253241
2021-06-22 09:34:21,985.45,253391
2021-06-22 09:34:22,985.45,253391
2021-06-22 09:34:23,984.95,253472
2021-06-22 09:34:24,985.0,253593
2021-06-22 09:34:25,985.05,253618
2021-06-22 09:34:26,985.3,253656
2021-06-22 09:34:27,984.9,253966
2021-06-22 09:34:28,985.3,254101
2021-06-22 09:34:29,985.3,254156
2021-06-22 09:34:30,985.45,254320
2021-06-22 09:34:33,985.35,254377
2021-06-22 09:34:34,985.4,254644
2021-06-22 09:34:35,985.4,254644
2021-06-22 09:34:36,985.15,254681
2021-06-22 09:34:37,985.5,255464
2021-06-22 09:34:38,985.5,255539
2021-06-22 09:34:39,985.9,255612
2021-06-22 09:34:40,985.75,255613
2021-06-22 09:34:41,985.75,255613
2021-06-22 09:34:44,985.95,255653
2021-06-22 09:34:45,985.5,255683
2021-06-22 09:34:47,985.85,255817
2021-06-22 09:34:48,985.85,255817
2021-06-22 09:34:49,985.4,255847
2021-06-22 09:34:50,985.4,256016
2021-06-22 09:34:50,985.45,256048
2021-06-22 09:34:51,985.45,256048
2021-06-22 09:34:52,985.45,256048
2021-06-22 09:34:53,985.1,256099
2021-06-22 09:34:54,985.1,256099
2021-06-22 09:34:55,985.5,256130
2021-06-22 09:34:56,985.55,256155
2021-06-22 09:34:57,985.25,256197
2021-06-22 09:34:58,985.25,256207
2021-06-22 09:34:59,985.5,256219
2021-06-22 09:35:00,985.5,256221
2021-06-22 09:35:01,985.8,256267
2021-06-22 09:35:02,985.9,256507
2021-06-22 09:35:04,985.95,256583
2021-06-22 09:35:05,985.9,256664
2021-06-22 09:35:06,985.85,257438
2021-06-22 09:35:07,985.8,257488
2021-06-22 09:35:08,985.5,257498
2021-06-22 09:35:09,985.8,257503
2021-06-22 09:35:10,985.85,257553
2021-06-22 09:35:11,985.85,257595
2021-06-22 09:35:12,985.85,257595
2021-06-22 09:35:13,985.75,257639
2021-06-22 09:35:14,985.7,257707
2021-06-22 09:35:15,985.7,257734
2021-06-22 09:35:16,985.85,257928
2021-06-22 09:35:17,985.85,257950
2021-06-22 09:35:18,985.95,259146
2021-06-22 09:35:18,985.95,259245
2021-06-22 09:35:19,985.95,259262
2021-06-22 09:35:20,985.9,259281
2021-06-22 09:35:21,985.95,259355
2021-06-22 09:35:22,985.9,259656
2021-06-22 09:35:23,985.85,259964
2021-06-22 09:35:24,985.55,260105
2021-06-22 09:35:26,985.55,260115
2021-06-22 09:35:28,985.55,260442
2021-06-22 09:35:29,985.9,260467
2021-06-22 09:35:30,985.55,260533
2021-06-22 09:35:32,985.9,260550
2021-06-22 09:35:33,985.85,260775
2021-06-22 09:35:34,985.9,260875
2021-06-22 09:35:35,985.9,260875
2021-06-22 09:35:36,985.9,260986
2021-06-22 09:35:37,985.65,261003
2021-06-22 09:35:38,985.9,261023
2021-06-22 09:35:39,985.75,261089
2021-06-22 09:35:40,985.8,261090
2021-06-22 09:35:41,985.8,261091
2021-06-22 09:35:42,985.9,261092
2021-06-22 09:35:43,985.9,261180
2021-06-22 09:35:44,985.9,261195
2021-06-22 09:35:45,985.9,261261
2021-06-22 09:35:46,985.8,261305
2021-06-22 09:35:47,985.9,261374
2021-06-22 09:35:48,985.55,261724
2021-06-22 09:35:49,985.6,261726
2021-06-22 09:35:50,985.9,261728
2021-06-22 09:35:51,985.8,261785
2021-06-22 09:35:52,985.9,261886
2021-06-22 09:35:53,985.9,261916
2021-06-22 09:35:54,985.9,261978
2021-06-22 09:35:55,985.95,262814
2021-06-22 09:35:56,985.95,262814
2021-06-22 09:35:57,985.95,263187
2021-06-22 09:35:58,986.25,266495
2021-06-22 09:35:59,986.25,266501
2021-06-22 09:36:00,986.5,266503
2021-06-22 09:36:01,986.5,266591
2021-06-22 09:36:02,986.45,266595
2021-06-22 09:36:03,986.6,266720
2021-06-22 09:36:04,986.95,267721
2021-06-22 09:36:05,986.75,268634
2021-06-22 09:36:06,986.55,269271
2021-06-22 09:36:07,986.8,269327
2021-06-22 09:36:08,986.85,269498
2021-06-22 09:36:09,986.85,269939
2021-06-22 09:36:10,986.8,269968
2021-06-22 09:36:11,986.75,270059
2021-06-22 09:36:12,986.85,270067
2021-06-22 09:36:13,986.7,270185
2021-06-22 09:36:14,986.85,270240
2021-06-22 09:36:15,987.0,270918
2021-06-22 09:36:16,986.8,270930
2021-06-22 09:36:17,987.0,271040
2021-06-22 09:36:18,986.8,271067
2021-06-22 09:36:19,986.8,271067
2021-06-22 09:36:20,987.0,271208
2021-06-22 09:36:21,987.0,271981
2021-06-22 09:36:22,986.8,272247
2021-06-22 09:36:23,986.7,272405
2021-06-22 09:36:24,986.7,272477
2021-06-22 09:36:25,986.7,272498
2021-06-22 09:36:26,986.85,273409
2021-06-22 09:36:27,987.0,273442
2021-06-22 09:36:28,987.0,273442
2021-06-22 09:36:29,986.4,274200
2021-06-22 09:36:30,986.4,274220
2021-06-22 09:36:31,986.95,274358
2021-06-22 09:36:32,986.95,274358
2021-06-22 09:36:33,986.95,274358
2021-06-22 09:36:34,986.5,274813
2021-06-22 09:36:35,987.0,274944
2021-06-22 09:36:36,986.7,274959
2021-06-22 09:36:37,986.7,274959
2021-06-22 09:36:38,986.7,275024
2021-06-22 09:36:39,987.0,275124
2021-06-22 09:36:40,987.0,275199
2021-06-22 09:36:41,986.75,275372
2021-06-22 09:36:42,986.75,275474
2021-06-22 09:36:43,986.75,275493
2021-06-22 09:36:44,986.7,275586
2021-06-22 09:36:48,986.95,275831
2021-06-22 09:36:49,986.8,275835
2021-06-22 09:36:50,986.75,276825
2021-06-22 09:36:51,986.7,276850
2021-06-22 09:36:53,986.7,276956
2021-06-22 09:36:54,986.25,278105
2021-06-22 09:36:55,986.45,278106
2021-06-22 09:36:56,986.45,278106
2021-06-22 09:36:57,986.7,279297
2021-06-22 09:36:58,986.8,279372
2021-06-22 09:36:59,986.75,279538
2021-06-22 09:37:00,986.75,279538
2021-06-22 09:37:01,986.75,279613
2021-06-22 09:37:02,986.75,279618
2021-06-22 09:37:03,986.8,279624
2021-06-22 09:37:04,986.75,279642
2021-06-22 09:37:05,987.4,281833
2021-06-22 09:37:06,986.65,282049
2021-06-22 09:37:07,986.55,283724
2021-06-22 09:37:08,986.5,283754
2021-06-22 09:37:09,986.7,284004
2021-06-22 09:37:10,986.55,284021
2021-06-22 09:37:11,986.55,284021
2021-06-22 09:37:12,986.0,285460
2021-06-22 09:37:13,986.0,285460
2021-06-22 09:37:15,986.3,285712
2021-06-22 09:37:17,986.3,285848
2021-06-22 09:37:18,986.3,285848
2021-06-22 09:37:19,985.9,285950
2021-06-22 09:37:20,985.9,286045
2021-06-22 09:37:21,985.95,286085
2021-06-22 09:37:22,986.3,286090
2021-06-22 09:37:24,986.3,286193
2021-06-22 09:37:26,986.3,286203
2021-06-22 09:37:27,986.25,286404
2021-06-22 09:37:28,986.25,286404
2021-06-22 09:37:29,986.3,286454
2021-06-22 09:37:30,986.3,286454
2021-06-22 09:37:31,986.3,286454
2021-06-22 09:37:32,986.35,286464
2021-06-22 09:37:33,986.45,286514
2021-06-22 09:37:35,986.45,286514
2021-06-22 09:37:36,986.0,286628
2021-06-22 09:37:36,986.25,286728
2021-06-22 09:37:38,986.25,286934
2021-06-22 09:37:39,986.25,287034
2021-06-22 09:37:40,986.25,287039
2021-06-22 09:37:41,986.25,287040
2021-06-22 09:37:42,986.35,287349
2021-06-22 09:37:43,986.35,287349
2021-06-22 09:37:43,986.35,287349
2021-06-22 09:37:45,986.45,287599
2021-06-22 09:37:45,986.45,287599
2021-06-22 09:37:47,985.95,287881
2021-06-22 09:37:47,985.95,287880
2021-06-22 09:37:48,986.35,287948
2021-06-22 09:37:49,986.25,288063
2021-06-22 09:37:50,986.25,288069
2021-06-22 09:37:51,986.25,288069
2021-06-22 09:37:52,986.25,288241
2021-06-22 09:37:53,986.25,288241
2021-06-22 09:37:56,986.4,288329
2021-06-22 09:37:56,986.05,288334
2021-06-22 09:37:57,986.05,288344
2021-06-22 09:38:00,986.4,288346
2021-06-22 09:38:01,986.0,288806
2021-06-22 09:38:02,985.95,288811
2021-06-22 09:38:02,985.95,288811
2021-06-22 09:38:04,986.0,288831
2021-06-22 09:38:05,986.2,288836
2021-06-22 09:38:06,985.95,288861
2021-06-22 09:38:07,986.35,288961
2021-06-22 09:38:09,985.95,288980
2021-06-22 09:38:10,985.95,288984
2021-06-22 09:38:11,986.05,289004
2021-06-22 09:38:12,986.05,289004
2021-06-22 09:38:12,986.05,289004
2021-06-22 09:38:13,986.05,289004
2021-06-22 09:38:14,986.0,289504
2021-06-22 09:38:16,986.05,289949
2021-06-22 09:38:16,986.4,289681
2021-06-22 09:38:19,986.1,290136
2021-06-22 09:38:20,986.05,290161
2021-06-22 09:38:21,986.05,290214
2021-06-22 09:38:22,986.05,290214
2021-06-22 09:38:23,986.0,290302
2021-06-22 09:38:27,986.05,290531
2021-06-22 09:38:28,986.4,290741
2021-06-22 09:38:29,986.45,290764
2021-06-22 09:38:30,986.45,290764
2021-06-22 09:38:30,986.45,290764
2021-06-22 09:38:31,986.45,290764
2021-06-22 09:38:32,986.15,290814
2021-06-22 09:38:33,986.15,290818
2021-06-22 09:38:35,986.45,290937
2021-06-22 09:38:36,986.2,291199
2021-06-22 09:38:37,986.2,291199
2021-06-22 09:38:38,986.2,291199
2021-06-22 09:38:39,986.2,291199
2021-06-22 09:38:39,986.2,291199
2021-06-22 09:38:40,986.1,291209
2021-06-22 09:38:41,986.5,291259
2021-06-22 09:38:44,986.65,291399
2021-06-22 09:38:46,986.5,291526
2021-06-22 09:38:47,986.5,291526
2021-06-22 09:38:48,986.5,291526
2021-06-22 09:38:49,986.35,291616
2021-06-22 09:38:50,986.35,291616
2021-06-22 09:38:51,986.35,291616
2021-06-22 09:38:52,986.65,291646
2021-06-22 09:38:53,986.5,291725
2021-06-22 09:38:54,986.5,291846
2021-06-22 09:38:55,986.5,291846
2021-06-22 09:38:56,986.5,291846
2021-06-22 09:38:58,986.65,291876
2021-06-22 09:38:59,986.8,292142
2021-06-22 09:39:00,986.8,292142
2021-06-22 09:39:03,986.4,292462
2021-06-22 09:39:03,986.4,292462
2021-06-22 09:39:04,986.5,292497
2021-06-22 09:39:07,986.4,292568
2021-06-22 09:39:08,986.8,292573
2021-06-22 09:39:09,986.9,292724
2021-06-22 09:39:10,986.9,292724
2021-06-22 09:39:11,986.9,292735
2021-06-22 09:39:11,986.9,292760
2021-06-22 09:39:13,986.6,292860
2021-06-22 09:39:14,986.6,292860
2021-06-22 09:39:15,986.95,294244
2021-06-22 09:39:15,987.0,294844
2021-06-22 09:39:17,986.95,294847
2021-06-22 09:39:18,986.95,294847
2021-06-22 09:39:19,987.0,294947
2021-06-22 09:39:19,987.0,295527
2021-06-22 09:39:21,987.45,299591
2021-06-22 09:39:22,987.0,299606
2021-06-22 09:39:22,987.0,299606
2021-06-22 09:39:24,987.6,300707
2021-06-22 09:39:25,987.35,301485
2021-06-22 09:39:25,987.35,301485
2021-06-22 09:39:26,987.6,301521
2021-06-22 09:39:27,987.45,301566
2021-06-22 09:39:29,987.6,302906
2021-06-22 09:39:30,987.45,302908
2021-06-22 09:39:31,987.75,302988
2021-06-22 09:39:32,987.75,303541
2021-06-22 09:39:33,987.8,303893
2021-06-22 09:39:34,987.8,304015
2021-06-22 09:39:35,987.75,304339
2021-06-22 09:39:36,987.3,304407
2021-06-22 09:39:36,987.65,304409
2021-06-22 09:39:37,987.65,304420
2021-06-22 09:39:41,987.45,307128
2021-06-22 09:39:42,987.25,307153
2021-06-22 09:39:42,987.25,307153
2021-06-22 09:39:43,987.85,307653
2021-06-22 09:39:45,988.1,308653
2021-06-22 09:39:45,988.1,308653
2021-06-22 09:39:46,988.05,308793
2021-06-22 09:39:48,987.85,310186
2021-06-22 09:39:49,987.85,310187
2021-06-22 09:39:49,988.05,310262
2021-06-22 09:39:50,987.85,310397
2021-06-22 09:39:51,987.85,310657
2021-06-22 09:39:53,987.75,311315
2021-06-22 09:39:54,987.8,311456
2021-06-22 09:39:54,987.8,311456
2021-06-22 09:39:56,987.8,311839
2021-06-22 09:39:57,987.9,311841
2021-06-22 09:39:59,987.95,312253
2021-06-22 09:39:59,987.95,312253
2021-06-22 09:40:01,987.8,312473
2021-06-22 09:40:02,987.75,312530
2021-06-22 09:40:03,987.65,312584
2021-06-22 09:40:04,987.2,312624
2021-06-22 09:40:04,987.2,312624
2021-06-22 09:40:06,987.75,312798
2021-06-22 09:40:06,987.8,312961
2021-06-22 09:40:07,987.0,313774
2021-06-22 09:40:08,986.95,314447
2021-06-22 09:40:09,986.95,314447
2021-06-22 09:40:10,987.0,314477
2021-06-22 09:40:12,986.95,314597
2021-06-22 09:40:12,987.0,314594
2021-06-22 09:40:14,986.5,314822
2021-06-22 09:40:15,987.0,315322
2021-06-22 09:40:16,986.65,315438
2021-06-22 09:40:17,987.1,315897
2021-06-22 09:40:18,987.1,315897
2021-06-22 09:40:19,987.4,315997
2021-06-22 09:40:19,987.4,315997
2021-06-22 09:40:21,986.8,316300
2021-06-22 09:40:22,986.95,316301
2021-06-22 09:40:23,986.95,316306
2021-06-22 09:40:24,987.0,316316
2021-06-22 09:40:25,987.25,316416
2021-06-22 09:40:26,986.85,316453
2021-06-22 09:40:27,987.0,317022
2021-06-22 09:40:28,987.0,317032
2021-06-22 09:40:29,987.1,317154
2021-06-22 09:40:30,987.6,317404
2021-06-22 09:40:31,987.05,317507
2021-06-22 09:40:32,987.05,317507
2021-06-22 09:40:34,987.4,317602
2021-06-22 09:40:37,987.45,317865
2021-06-22 09:40:38,987.35,319219
2021-06-22 09:40:41,987.1,319277
2021-06-22 09:40:42,987.1,319277
2021-06-22 09:40:43,987.35,319747
2021-06-22 09:40:44,987.35,319758
2021-06-22 09:40:45,987.35,319767
2021-06-22 09:40:46,987.2,319787
2021-06-22 09:40:47,987.2,319878
2021-06-22 09:40:48,987.2,319979
2021-06-22 09:40:48,987.2,319979
2021-06-22 09:40:50,987.1,320017
2021-06-22 09:40:51,987.1,320059
2021-06-22 09:40:51,987.1,320059
2021-06-22 09:40:52,987.0,320259
2021-06-22 09:40:53,987.2,320374
2021-06-22 09:40:55,987.2,320382
2021-06-22 09:40:59,987.2,321129
2021-06-22 09:41:01,987.55,321134
2021-06-22 09:41:02,986.5,323797
2021-06-22 09:41:03,987.0,323923
2021-06-22 09:41:04,987.0,323923
2021-06-22 09:41:05,987.45,324048
2021-06-22 09:41:06,987.2,324318
2021-06-22 09:41:07,987.45,324362
2021-06-22 09:41:09,987.5,324685
2021-06-22 09:41:10,987.5,324685
2021-06-22 09:41:10,987.5,324685
2021-06-22 09:41:12,987.25,324740
2021-06-22 09:41:12,987.25,324740
2021-06-22 09:41:14,987.5,324780
2021-06-22 09:41:15,987.3,324830
2021-06-22 09:41:16,987.3,324830
2021-06-22 09:41:16,987.3,324830
2021-06-22 09:41:17,987.3,324830
2021-06-22 09:41:18,987.45,324880
2021-06-22 09:41:19,987.45,324890
2021-06-22 09:41:20,987.45,324890
2021-06-22 09:41:21,987.35,325690
2021-06-22 09:41:22,987.3,325771
2021-06-22 09:41:24,987.5,326047
2021-06-22 09:41:25,987.65,326829
2021-06-22 09:41:26,987.5,326879
2021-06-22 09:41:27,987.5,327279
2021-06-22 09:41:27,987.5,327279
2021-06-22 09:41:28,987.5,327279
2021-06-22 09:41:29,987.5,327279
2021-06-22 09:41:30,987.85,327304
2021-06-22 09:41:31,987.5,327404
2021-06-22 09:41:33,987.45,327544
2021-06-22 09:41:35,987.85,327564
2021-06-22 09:41:36,987.85,327565
2021-06-22 09:41:37,987.55,327643
2021-06-22 09:41:38,987.85,327758
2021-06-22 09:41:39,987.85,327758
2021-06-22 09:41:39,987.85,327758
2021-06-22 09:41:40,987.85,327758
2021-06-22 09:41:41,987.85,327758
2021-06-22 09:41:42,987.85,327773
2021-06-22 09:41:43,987.6,328589
2021-06-22 09:41:44,987.6,328589
2021-06-22 09:41:45,987.85,328599
2021-06-22 09:41:46,987.85,328613
2021-06-22 09:41:47,987.85,328863
2021-06-22 09:41:48,987.55,329220
2021-06-22 09:41:49,987.85,329270
2021-06-22 09:41:50,987.85,329270
2021-06-22 09:41:52,987.85,329272
2021-06-22 09:41:53,987.55,329464
2021-06-22 09:41:54,987.55,329465
2021-06-22 09:41:55,987.55,329585
2021-06-22 09:41:56,987.55,329787
2021-06-22 09:41:57,987.85,329890
2021-06-22 09:41:58,987.55,329991
2021-06-22 09:41:59,987.85,330542
2021-06-22 09:42:01,987.85,330542
2021-06-22 09:42:02,987.95,331603
2021-06-22 09:42:03,987.55,331789
2021-06-22 09:42:04,987.95,331791
2021-06-22 09:42:05,987.4,333777
2021-06-22 09:42:06,987.4,333777
2021-06-22 09:42:07,987.4,333777
2021-06-22 09:42:08,987.8,334099
2021-06-22 09:42:09,987.8,334099
2021-06-22 09:42:10,987.4,334309
2021-06-22 09:42:11,987.5,334334
2021-06-22 09:42:12,987.7,334479
2021-06-22 09:42:13,987.75,334679
2021-06-22 09:42:15,987.75,334879
2021-06-22 09:42:16,987.75,334879
2021-06-22 09:42:17,987.8,335450
2021-06-22 09:42:19,987.2,336805
2021-06-22 09:42:20,987.65,337835
2021-06-22 09:42:21,987.6,337838
2021-06-22 09:42:23,987.65,338069
2021-06-22 09:42:24,987.65,338069
2021-06-22 09:42:25,987.65,338069
2021-06-22 09:42:26,987.65,338074
2021-06-22 09:42:27,987.65,338074
2021-06-22 09:42:28,987.65,338106
2021-06-22 09:42:29,987.65,338228
2021-06-22 09:42:30,987.6,338230
2021-06-22 09:42:31,987.6,338230
2021-06-22 09:42:32,987.2,338238
2021-06-22 09:42:33,987.7,338258
2021-06-22 09:42:34,987.7,338258
2021-06-22 09:42:35,986.8,338817
2021-06-22 09:42:36,986.8,338817
2021-06-22 09:42:37,987.3,338917
2021-06-22 09:42:39,987.05,339361
2021-06-22 09:42:41,987.65,339436
2021-06-22 09:42:42,987.6,339806
2021-06-22 09:42:43,987.3,340030
2021-06-22 09:42:44,987.7,340040
2021-06-22 09:42:45,987.7,340040
2021-06-22 09:42:46,987.4,340050
2021-06-22 09:42:47,987.4,340050
2021-06-22 09:42:48,987.5,340060
2021-06-22 09:42:49,987.5,340066
2021-06-22 09:42:50,987.5,340066
2021-06-22 09:42:51,987.5,340166
2021-06-22 09:42:52,987.35,340417
2021-06-22 09:42:53,987.35,340420
2021-06-22 09:42:54,987.35,340420
2021-06-22 09:42:55,987.5,340423
2021-06-22 09:42:56,987.25,340591
2021-06-22 09:42:57,987.25,341641
2021-06-22 09:42:58,987.2,341717
2021-06-22 09:42:59,987.0,341737
2021-06-22 09:43:00,987.45,342495
2021-06-22 09:43:01,987.3,342499
2021-06-22 09:43:02,987.3,342499
2021-06-22 09:43:03,987.3,342499
2021-06-22 09:43:04,987.2,342599
2021-06-22 09:43:05,987.3,342629
2021-06-22 09:43:06,987.3,342647
2021-06-22 09:43:07,987.3,342873
2021-06-22 09:43:08,987.3,343025
2021-06-22 09:43:09,987.3,343125
2021-06-22 09:43:10,987.2,343145
2021-06-22 09:43:10,987.3,343154
2021-06-22 09:43:12,987.3,343159
2021-06-22 09:43:13,987.0,343409
2021-06-22 09:43:14,987.5,343589
2021-06-22 09:43:15,987.2,343594
2021-06-22 09:43:16,987.2,343619
2021-06-22 09:43:17,987.0,344585
2021-06-22 09:43:18,987.0,344585
2021-06-22 09:43:19,987.1,344660
2021-06-22 09:43:19,987.1,344660
2021-06-22 09:43:20,987.1,345231
2021-06-22 09:43:22,986.8,345254
2021-06-22 09:43:22,986.8,345254
2021-06-22 09:43:24,986.8,345254
2021-06-22 09:43:24,986.75,345259
2021-06-22 09:43:25,986.75,345259
2021-06-22 09:43:26,986.75,345259
2021-06-22 09:43:27,986.75,345259
2021-06-22 09:43:28,987.05,345299
2021-06-22 09:43:29,987.05,345573
2021-06-22 09:43:30,987.0,345673
2021-06-22 09:43:31,987.0,345887
2021-06-22 09:43:32,987.0,346006
2021-06-22 09:43:34,987.0,346016
2021-06-22 09:43:35,987.0,346020
2021-06-22 09:43:36,987.0,347090
2021-06-22 09:43:36,987.0,347090
2021-06-22 09:43:37,986.9,347340
2021-06-22 09:43:38,986.95,347451
2021-06-22 09:43:39,986.95,347451
2021-06-22 09:43:41,986.95,347451
2021-06-22 09:43:42,986.95,347559
2021-06-22 09:43:43,986.95,347559
2021-06-22 09:43:44,986.55,347565
2021-06-22 09:43:45,986.9,347566
2021-06-22 09:43:46,986.95,347567
2021-06-22 09:43:47,987.05,347712
2021-06-22 09:43:48,986.9,347717
2021-06-22 09:43:48,986.9,347720
2021-06-22 09:43:49,986.9,347725
2021-06-22 09:43:50,986.9,347871
2021-06-22 09:43:51,986.5,348233
2021-06-22 09:43:52,986.0,348423
2021-06-22 09:43:53,986.0,348424
2021-06-22 09:43:54,986.5,348674
2021-06-22 09:43:55,986.0,348729
2021-06-22 09:43:56,986.45,349076
2021-06-22 09:43:59,986.0,349176
2021-06-22 09:44:00,986.4,349231
2021-06-22 09:44:01,986.0,349266
2021-06-22 09:44:02,986.0,349421
2021-06-22 09:44:03,986.45,349423
2021-06-22 09:44:04,986.0,350327
2021-06-22 09:44:05,986.0,350332
2021-06-22 09:44:05,986.4,350832
2021-06-22 09:44:06,986.0,350842
2021-06-22 09:44:08,986.0,350942
2021-06-22 09:44:09,986.4,350973
2021-06-22 09:44:11,986.4,351077
2021-06-22 09:44:12,986.4,351077
2021-06-22 09:44:13,986.4,351199
2021-06-22 09:44:14,986.4,351199
2021-06-22 09:44:15,986.4,351209
2021-06-22 09:44:16,986.4,351288
2021-06-22 09:44:17,986.0,351363
2021-06-22 09:44:18,986.0,351363
2021-06-22 09:44:19,986.0,351471
2021-06-22 09:44:20,986.0,351471
2021-06-22 09:44:21,986.0,351971
2021-06-22 09:44:22,986.4,352247
2021-06-22 09:44:23,986.0,352285
2021-06-22 09:44:23,986.0,352285
2021-06-22 09:44:26,986.4,352301
2021-06-22 09:44:27,986.05,352318
2021-06-22 09:44:28,986.0,352516
2021-06-22 09:44:29,986.0,352550
2021-06-22 09:44:30,986.05,352551
2021-06-22 09:44:31,986.4,352631
2021-06-22 09:44:32,986.4,353062
2021-06-22 09:44:33,986.4,353062
2021-06-22 09:44:34,986.4,353062
2021-06-22 09:44:35,986.4,353206
2021-06-22 09:44:37,986.3,353231
2021-06-22 09:44:39,986.3,353284
2021-06-22 09:44:40,986.55,353304
2021-06-22 09:44:41,986.3,353580
2021-06-22 09:44:42,986.3,353580
2021-06-22 09:44:43,986.3,353615
2021-06-22 09:44:44,986.2,353676
2021-06-22 09:44:45,986.2,353694
2021-06-22 09:44:46,986.1,353819
2021-06-22 09:44:47,986.2,353895
2021-06-22 09:44:48,986.1,353911
2021-06-22 09:44:49,986.05,353912
2021-06-22 09:44:50,986.35,353963
2021-06-22 09:44:52,986.35,354328
2021-06-22 09:44:53,986.35,354351
2021-06-22 09:44:53,986.35,354426
2021-06-22 09:44:55,986.1,354502
2021-06-22 09:44:56,986.35,354515
2021-06-22 09:44:57,986.35,354515
2021-06-22 09:44:58,986.35,354515
2021-06-22 09:44:58,986.35,354515
2021-06-22 09:44:59,986.0,354590
2021-06-22 09:45:00,986.35,354615
2021-06-22 09:45:01,986.35,354643
2021-06-22 09:45:02,986.35,354643
2021-06-22 09:45:03,986.35,354643
2021-06-22 09:45:04,986.35,354648
2021-06-22 09:45:05,986.35,354649
2021-06-22 09:45:06,986.1,354809
2021-06-22 09:45:07,986.1,354925
2021-06-22 09:45:08,986.1,354925
2021-06-22 09:45:09,986.1,354925
2021-06-22 09:45:10,986.1,354925
2021-06-22 09:45:11,986.05,354934
2021-06-22 09:45:12,986.1,354999
2021-06-22 09:45:13,986.1,354999
2021-06-22 09:45:14,986.35,355030
2021-06-22 09:45:15,986.35,355043
2021-06-22 09:45:16,986.0,355771
2021-06-22 09:45:17,986.0,355771
2021-06-22 09:45:18,986.0,355857
2021-06-22 09:45:20,986.0,355857
2021-06-22 09:45:21,986.0,355882
2021-06-22 09:45:22,986.35,356132
2021-06-22 09:45:23,986.0,356142
2021-06-22 09:45:24,986.0,356147
2021-06-22 09:45:25,986.35,356499
2021-06-22 09:45:26,986.35,356499
2021-06-22 09:45:27,986.35,356505
2021-06-22 09:45:28,986.35,356505
2021-06-22 09:45:29,986.35,356804
2021-06-22 09:45:30,986.35,356804
2021-06-22 09:45:31,986.35,356804
2021-06-22 09:45:32,986.35,356903
2021-06-22 09:45:33,986.2,356924
2021-06-22 09:45:34,986.35,356925
2021-06-22 09:45:35,986.35,357025
2021-06-22 09:45:36,986.2,357035
2021-06-22 09:45:37,986.2,357130
2021-06-22 09:45:38,986.2,357130
2021-06-22 09:45:39,986.2,357130
2021-06-22 09:45:39,986.35,357145
2021-06-22 09:45:40,986.55,359213
2021-06-22 09:45:41,986.35,359214
2021-06-22 09:45:42,986.35,359234
2021-06-22 09:45:43,986.35,359254
2021-06-22 09:45:44,986.6,359256
2021-06-22 09:45:45,986.6,359256
2021-06-22 09:45:46,986.6,359331
2021-06-22 09:45:47,986.4,359350
2021-06-22 09:45:48,986.4,359416
2021-06-22 09:45:49,986.4,359509
2021-06-22 09:45:50,986.4,359639
2021-06-22 09:45:51,986.4,359851
2021-06-22 09:45:53,986.2,359975
2021-06-22 09:45:54,986.2,359975
2021-06-22 09:45:55,986.2,359975
2021-06-22 09:45:56,986.15,360100
2021-06-22 09:45:57,986.15,360100
2021-06-22 09:45:58,986.35,360210
2021-06-22 09:45:59,986.35,360211
2021-06-22 09:46:00,986.2,360378
2021-06-22 09:46:01,986.1,361373
2021-06-22 09:46:02,986.45,361393
2021-06-22 09:46:03,986.2,361394
2021-06-22 09:46:04,986.2,361431
2021-06-22 09:46:05,986.1,361913
2021-06-22 09:46:06,986.5,362103
2021-06-22 09:46:06,986.45,362183
2021-06-22 09:46:08,986.4,362983
2021-06-22 09:46:09,986.55,363071
2021-06-22 09:46:10,986.45,363156
2021-06-22 09:46:11,986.45,363156
2021-06-22 09:46:13,986.45,363156
2021-06-22 09:46:14,986.55,363210
2021-06-22 09:46:15,986.55,363210
2021-06-22 09:46:17,986.6,363276
2021-06-22 09:46:18,986.8,363599
2021-06-22 09:46:19,986.65,363864
2021-06-22 09:46:20,986.7,363976
2021-06-22 09:46:22,986.95,364328
2021-06-22 09:46:23,986.95,364348
2021-06-22 09:46:24,986.95,364372
2021-06-22 09:46:27,986.6,364596
2021-06-22 09:46:28,986.85,364647
2021-06-22 09:46:29,987.0,366969
2021-06-22 09:46:30,987.0,367254
2021-06-22 09:46:31,986.75,367316
2021-06-22 09:46:32,986.8,367320
2021-06-22 09:46:33,986.9,367325
2021-06-22 09:46:34,987.0,367428
2021-06-22 09:46:35,987.0,367706
2021-06-22 09:46:36,987.0,367850
2021-06-22 09:46:37,987.0,368007
2021-06-22 09:46:38,987.0,368270
2021-06-22 09:46:39,987.0,368516
2021-06-22 09:46:40,986.9,368526
2021-06-22 09:46:41,987.0,368632
2021-06-22 09:46:42,987.2,369439
2021-06-22 09:46:43,987.2,369754
2021-06-22 09:46:44,987.2,369965
2021-06-22 09:46:45,987.0,369980
2021-06-22 09:46:46,986.9,370354
2021-06-22 09:46:47,986.8,370364
2021-06-22 09:46:48,987.05,371050
2021-06-22 09:46:49,987.15,371242
2021-06-22 09:46:50,987.15,371349
2021-06-22 09:46:51,987.15,371613
2021-06-22 09:46:52,987.1,371679
2021-06-22 09:46:53,987.05,371781
2021-06-22 09:46:54,987.05,371783
2021-06-22 09:46:55,987.05,371966
2021-06-22 09:46:56,987.05,371966
2021-06-22 09:46:57,987.15,372111
2021-06-22 09:46:58,987.2,372661
2021-06-22 09:46:59,987.0,373739
2021-06-22 09:47:01,986.45,376036
2021-06-22 09:47:02,986.75,378079
2021-06-22 09:47:03,986.7,378496
2021-06-22 09:47:04,986.7,378521
2021-06-22 09:47:06,986.7,378656
2021-06-22 09:47:07,986.7,378656
2021-06-22 09:47:08,986.65,378896
2021-06-22 09:47:10,986.9,380542
2021-06-22 09:47:11,986.9,381777
2021-06-22 09:47:12,986.45,381938
2021-06-22 09:47:13,986.65,382185
2021-06-22 09:47:14,986.9,382325
2021-06-22 09:47:15,986.95,383175
2021-06-22 09:47:16,987.0,383408
2021-06-22 09:47:17,987.0,383761
2021-06-22 09:47:18,986.7,383871
2021-06-22 09:47:20,987.2,384316
2021-06-22 09:47:21,987.25,385606
2021-06-22 09:47:22,986.9,385632
2021-06-22 09:47:23,987.3,385773
2021-06-22 09:47:24,986.95,386053
2021-06-22 09:47:25,987.4,387736
2021-06-22 09:47:26,987.05,388132
2021-06-22 09:47:27,987.25,389987
2021-06-22 09:47:28,987.65,390107
2021-06-22 09:47:29,987.65,390208
2021-06-22 09:47:30,987.7,390386
2021-06-22 09:47:31,987.8,390488
2021-06-22 09:47:32,987.8,391262
2021-06-22 09:47:33,987.6,392632
2021-06-22 09:47:35,987.85,393019
2021-06-22 09:47:36,987.85,393118
2021-06-22 09:47:37,987.4,395175
2021-06-22 09:47:38,987.4,395381
2021-06-22 09:47:39,987.8,396342
2021-06-22 09:47:40,987.5,397228
2021-06-22 09:47:41,987.5,399101
2021-06-22 09:47:42,987.9,399186
2021-06-22 09:47:43,987.9,399269
2021-06-22 09:47:44,987.95,400110
2021-06-22 09:47:45,987.85,400529
2021-06-22 09:47:46,987.9,404297
2021-06-22 09:47:47,988.0,404337
2021-06-22 09:47:48,987.9,404478
2021-06-22 09:47:49,988.05,404644
2021-06-22 09:47:50,988.0,404799
2021-06-22 09:47:51,987.9,406174
2021-06-22 09:47:53,988.05,406431
2021-06-22 09:47:54,987.9,406446
2021-06-22 09:47:55,988.0,406686
2021-06-22 09:47:56,988.0,407339
2021-06-22 09:47:57,987.9,407379
2021-06-22 09:47:59,987.9,408073
2021-06-22 09:48:00,987.85,408456
2021-06-22 09:48:01,988.15,408776
2021-06-22 09:48:02,988.15,408776
2021-06-22 09:48:03,987.85,409404
2021-06-22 09:48:04,987.75,409866
2021-06-22 09:48:05,987.85,409929
2021-06-22 09:48:06,988.0,412806
2021-06-22 09:48:07,988.15,412986
2021-06-22 09:48:08,987.9,413102
2021-06-22 09:48:09,988.1,413152
2021-06-22 09:48:10,988.0,413352
2021-06-22 09:48:11,988.0,413425
2021-06-22 09:48:12,988.1,413452
2021-06-22 09:48:13,988.1,413625
2021-06-22 09:48:14,988.1,414345
2021-06-22 09:48:15,987.9,414854
2021-06-22 09:48:16,987.95,415604
2021-06-22 09:48:17,988.15,415733
2021-06-22 09:48:18,988.0,415773
2021-06-22 09:48:19,988.0,415773
2021-06-22 09:48:21,987.75,419362
2021-06-22 09:48:22,987.8,420209
2021-06-22 09:48:23,987.9,420393
2021-06-22 09:48:25,988.1,420672
2021-06-22 09:48:26,988.0,420675
2021-06-22 09:48:28,987.95,420851
2021-06-22 09:48:28,988.0,420859
2021-06-22 09:48:29,988.1,421186
2021-06-22 09:48:30,988.0,421191
2021-06-22 09:48:31,988.1,421221
2021-06-22 09:48:32,987.9,421351
2021-06-22 09:48:33,987.9,421404
2021-06-22 09:48:34,988.0,421539
2021-06-22 09:48:35,988.15,422389
2021-06-22 09:48:37,988.15,422391
2021-06-22 09:48:39,987.95,433620
2021-06-22 09:48:40,987.8,435282
2021-06-22 09:48:41,987.95,435608
2021-06-22 09:48:42,987.95,436185
2021-06-22 09:48:43,987.75,436661
2021-06-22 09:48:44,987.8,436749
2021-06-22 09:48:45,988.0,437198
2021-06-22 09:48:46,988.0,437483
2021-06-22 09:48:48,988.0,437583
2021-06-22 09:48:48,987.55,438383
2021-06-22 09:48:49,987.95,439220
2021-06-22 09:48:50,987.8,439465
2021-06-22 09:48:52,987.95,439823
2021-06-22 09:48:52,987.8,439894
2021-06-22 09:48:56,987.75,442374
2021-06-22 09:48:57,987.8,442441
2021-06-22 09:48:58,987.9,443377
2021-06-22 09:48:59,988.0,443466
2021-06-22 09:49:00,988.0,445147
2021-06-22 09:49:01,987.75,445698
2021-06-22 09:49:02,987.75,446437
2021-06-22 09:49:03,987.55,446496
2021-06-22 09:49:05,987.85,446688
2021-06-22 09:49:05,987.95,448204
2021-06-22 09:49:06,988.0,448389
2021-06-22 09:49:07,987.95,449099
2021-06-22 09:49:08,987.75,449233
2021-06-22 09:49:09,988.0,450364
2021-06-22 09:49:10,988.1,450515
2021-06-22 09:49:11,987.8,450600
2021-06-22 09:49:12,987.7,451381
2021-06-22 09:49:14,987.9,451516
2021-06-22 09:49:15,987.65,452262
2021-06-22 09:49:16,987.95,452286
2021-06-22 09:49:17,988.0,452440
2021-06-22 09:49:18,988.1,453355
2021-06-22 09:49:19,988.15,453506
2021-06-22 09:49:20,988.0,453585
2021-06-22 09:49:23,987.7,455463
2021-06-22 09:49:24,987.9,456158
2021-06-22 09:49:25,987.85,456375
2021-06-22 09:49:26,988.1,456619
2021-06-22 09:49:30,988.1,456902
2021-06-22 09:49:31,988.1,456903
2021-06-22 09:49:32,988.1,456923
2021-06-22 09:49:33,987.6,457643
2021-06-22 09:49:35,988.0,457718
2021-06-22 09:49:35,988.0,458474
2021-06-22 09:49:36,988.05,458529
2021-06-22 09:49:38,988.0,458663
2021-06-22 09:49:39,988.0,459989
2021-06-22 09:49:40,987.35,461073
2021-06-22 09:49:42,987.65,461098
2021-06-22 09:49:42,988.0,461238
2021-06-22 09:49:43,987.95,461404
2021-06-22 09:49:44,988.0,461706
2021-06-22 09:49:45,988.0,462319
2021-06-22 09:49:46,988.0,462399
2021-06-22 09:49:47,988.0,462399
2021-06-22 09:49:48,988.0,462402
2021-06-22 09:49:49,987.95,462412
2021-06-22 09:49:50,988.0,462922
2021-06-22 09:49:52,988.0,463018
2021-06-22 09:49:52,988.0,463018
2021-06-22 09:49:53,988.0,463124
2021-06-22 09:49:54,988.0,463124
2021-06-22 09:49:55,988.0,463134
2021-06-22 09:49:56,987.85,463152
2021-06-22 09:49:57,987.9,463177
2021-06-22 09:49:58,988.0,463277
2021-06-22 09:50:02,987.9,463840
2021-06-22 09:50:03,987.95,463853
2021-06-22 09:50:05,987.9,463993
2021-06-22 09:50:05,987.9,463993
2021-06-22 09:50:06,987.9,463993
2021-06-22 09:50:07,987.85,464774
2021-06-22 09:50:08,987.8,464782
2021-06-22 09:50:09,987.85,464859
2021-06-22 09:50:10,987.85,464859
2021-06-22 09:50:11,987.75,465134
2021-06-22 09:50:12,987.4,465283
2021-06-22 09:50:14,987.7,465284
2021-06-22 09:50:14,987.7,465284
2021-06-22 09:50:15,987.7,465284
2021-06-22 09:50:16,987.15,465814
2021-06-22 09:50:17,987.15,465868
2021-06-22 09:50:18,987.15,465868
2021-06-22 09:50:19,987.4,465888
2021-06-22 09:50:20,987.35,465893
2021-06-22 09:50:21,987.35,465898
2021-06-22 09:50:22,987.4,465904
2021-06-22 09:50:23,987.35,465984
2021-06-22 09:50:27,987.15,466651
2021-06-22 09:50:28,987.15,466651
2021-06-22 09:50:29,987.15,466651
2021-06-22 09:50:30,987.4,467071
2021-06-22 09:50:30,987.4,467071
2021-06-22 09:50:31,987.3,471372
2021-06-22 09:50:33,986.9,471507
2021-06-22 09:50:34,987.25,471607
2021-06-22 09:50:35,987.25,471681
2021-06-22 09:50:36,987.25,471701
2021-06-22 09:50:37,987.25,471737
2021-06-22 09:50:40,987.25,472182
2021-06-22 09:50:41,987.25,472192
2021-06-22 09:50:42,987.25,472192
2021-06-22 09:50:42,987.25,472192
2021-06-22 09:50:43,987.25,472211
2021-06-22 09:50:44,987.25,472211
2021-06-22 09:50:45,987.0,472212
2021-06-22 09:50:47,987.0,472212
2021-06-22 09:50:48,987.25,472217
2021-06-22 09:50:49,986.8,472317
2021-06-22 09:50:50,987.0,472328
2021-06-22 09:50:50,987.0,472328
2021-06-22 09:50:51,987.25,472378
2021-06-22 09:50:52,987.15,473370
2021-06-22 09:50:53,987.15,473370
2021-06-22 09:50:54,987.0,473447
2021-06-22 09:50:55,987.25,473476
2021-06-22 09:50:56,987.0,473789
2021-06-22 09:50:58,987.05,475030
2021-06-22 09:50:59,986.6,475045
2021-06-22 09:50:59,986.5,475127
2021-06-22 09:51:01,986.85,475297
2021-06-22 09:51:02,986.85,475302
2021-06-22 09:51:02,986.85,475307
2021-06-22 09:51:03,986.5,476225
2021-06-22 09:51:04,986.75,476245
2021-06-22 09:51:05,986.75,476249
2021-06-22 09:51:06,986.5,476269
2021-06-22 09:51:07,986.75,476306
2021-06-22 09:51:09,986.75,476307
2021-06-22 09:51:10,986.6,476327
2021-06-22 09:51:11,986.6,476392
2021-06-22 09:51:11,986.6,476392
2021-06-22 09:51:12,986.8,476513
2021-06-22 09:51:13,986.75,476598
2021-06-22 09:51:14,986.75,476623
2021-06-22 09:51:15,986.6,476881
2021-06-22 09:51:16,986.6,477390
2021-06-22 09:51:18,986.65,477490
2021-06-22 09:51:19,986.65,477561
2021-06-22 09:51:20,986.65,477561
2021-06-22 09:51:20,986.65,477561
2021-06-22 09:51:21,986.75,477761
2021-06-22 09:51:22,987.0,480118
2021-06-22 09:51:23,987.1,480248
2021-06-22 09:51:24,987.0,480254
2021-06-22 09:51:25,987.2,480255
2021-06-22 09:51:28,987.2,480255
2021-06-22 09:51:28,987.2,480255
2021-06-22 09:51:29,987.2,480255
2021-06-22 09:51:30,987.2,480255
2021-06-22 09:51:31,987.2,480255
2021-06-22 09:51:32,987.2,480330
2021-06-22 09:51:33,987.2,480330
2021-06-22 09:51:34,987.0,480380
2021-06-22 09:51:36,987.0,480595
2021-06-22 09:51:37,987.0,482400
2021-06-22 09:51:37,987.0,482410
2021-06-22 09:51:38,987.2,482513
2021-06-22 09:51:39,987.2,482513
2021-06-22 09:51:41,987.0,483254
2021-06-22 09:51:41,987.0,483254
2021-06-22 09:51:42,987.0,483712
2021-06-22 09:51:43,987.0,483712
2021-06-22 09:51:44,987.0,483712
2021-06-22 09:51:45,987.0,483712
2021-06-22 09:51:47,986.7,484237
2021-06-22 09:51:48,986.7,484237
2021-06-22 09:51:49,986.7,484237
2021-06-22 09:51:49,987.35,484399
2021-06-22 09:51:51,987.1,485019
2021-06-22 09:51:52,987.55,485046
2021-06-22 09:51:53,987.55,485051
2021-06-22 09:51:54,987.55,485074
2021-06-22 09:51:55,987.55,485112
2021-06-22 09:51:56,987.8,485614
2021-06-22 09:51:57,987.75,486166
2021-06-22 09:51:57,987.75,486166
2021-06-22 09:51:58,987.55,486177
2021-06-22 09:52:00,987.55,486928
2021-06-22 09:52:01,987.25,487292
2021-06-22 09:52:02,987.35,487299
2021-06-22 09:52:04,987.35,487299
2021-06-22 09:52:05,987.4,487801
2021-06-22 09:52:06,987.4,487810
2021-06-22 09:52:07,987.4,487810
2021-06-22 09:52:08,987.1,487813
2021-06-22 09:52:08,987.1,487813
2021-06-22 09:52:09,987.1,487813
2021-06-22 09:52:10,987.05,488002
2021-06-22 09:52:11,987.1,488031
2021-06-22 09:52:12,987.25,488142
2021-06-22 09:52:13,987.1,488198
2021-06-22 09:52:14,987.4,488203
2021-06-22 09:52:15,987.4,488203
2021-06-22 09:52:16,987.4,488333
2021-06-22 09:52:17,987.35,488350
2021-06-22 09:52:20,987.35,488466
2021-06-22 09:52:21,987.35,488483
2021-06-22 09:52:22,987.35,488508
2021-06-22 09:52:23,987.4,488527
2021-06-22 09:52:24,987.4,488527
2021-06-22 09:52:25,987.4,488528
2021-06-22 09:52:26,987.35,488568
2021-06-22 09:52:27,987.4,488618
2021-06-22 09:52:28,987.35,488687
2021-06-22 09:52:29,987.3,488775
2021-06-22 09:52:31,987.3,488962
2021-06-22 09:52:33,987.3,489162
2021-06-22 09:52:34,987.35,489373
2021-06-22 09:52:35,987.1,489478
2021-06-22 09:52:35,987.1,489478
2021-06-22 09:52:37,987.1,489478
2021-06-22 09:52:38,987.1,489478
2021-06-22 09:52:39,987.1,489478
2021-06-22 09:52:40,987.0,489764
2021-06-22 09:52:41,987.3,489765
2021-06-22 09:52:42,987.35,489767
2021-06-22 09:52:43,987.35,489767
2021-06-22 09:52:44,987.05,489768
2021-06-22 09:52:44,987.05,489768
2021-06-22 09:52:45,987.35,489888
2021-06-22 09:52:47,987.0,489891
2021-06-22 09:52:48,987.0,489891
2021-06-22 09:52:48,987.2,489986
2021-06-22 09:52:49,987.2,489991
2021-06-22 09:52:52,987.2,490001
2021-06-22 09:52:53,987.2,490101
2021-06-22 09:52:54,987.0,490215
2021-06-22 09:52:55,987.0,490525
2021-06-22 09:52:55,987.0,490525
2021-06-22 09:52:57,987.0,490635
2021-06-22 09:52:58,987.0,490738
2021-06-22 09:52:59,986.9,490943
2021-06-22 09:53:02,987.0,490971
2021-06-22 09:53:03,987.0,490971
2021-06-22 09:53:04,987.0,490981
2021-06-22 09:53:05,987.0,490981
2021-06-22 09:53:06,987.25,491007
2021-06-22 09:53:07,987.25,491792
2021-06-22 09:53:08,987.2,491867
2021-06-22 09:53:09,987.1,491877
2021-06-22 09:53:09,987.1,491877
2021-06-22 09:53:10,987.1,491952
2021-06-22 09:53:11,987.2,491958
2021-06-22 09:53:12,987.2,491958
2021-06-22 09:53:15,987.2,491991
2021-06-22 09:53:16,987.2,492041
2021-06-22 09:53:17,987.2,492096
2021-06-22 09:53:18,987.2,492096
2021-06-22 09:53:20,987.2,492207
2021-06-22 09:53:21,987.2,492207
2021-06-22 09:53:22,987.2,492207
2021-06-22 09:53:24,987.15,492257
2021-06-22 09:53:27,987.15,492494
2021-06-22 09:53:27,987.15,492694
2021-06-22 09:53:28,987.15,492694
2021-06-22 09:53:29,987.15,492694
2021-06-22 09:53:31,987.15,492716
2021-06-22 09:53:31,987.15,492716
2021-06-22 09:53:33,987.15,492816
2021-06-22 09:53:34,987.15,492868
2021-06-22 09:53:35,986.75,493581
2021-06-22 09:53:36,987.0,493778
2021-06-22 09:53:37,987.0,493778
2021-06-22 09:53:38,987.0,493783
2021-06-22 09:53:38,987.0,493844
2021-06-22 09:53:40,987.0,493845
2021-06-22 09:53:41,987.0,493845
2021-06-22 09:53:42,987.0,493855
2021-06-22 09:53:43,987.0,493855
2021-06-22 09:53:44,986.95,493856
2021-06-22 09:53:46,987.0,493941
2021-06-22 09:53:47,987.0,493941
2021-06-22 09:53:48,986.85,494042
2021-06-22 09:53:49,986.65,494441
2021-06-22 09:53:51,987.0,494522
2021-06-22 09:53:54,987.0,494537
2021-06-22 09:53:54,987.15,494547
2021-06-22 09:53:56,987.0,494690
2021-06-22 09:53:59,987.15,495033
2021-06-22 09:54:00,987.1,495043
2021-06-22 09:54:01,987.15,495133
2021-06-22 09:54:02,987.0,495288
2021-06-22 09:54:03,987.0,495288
2021-06-22 09:54:04,987.15,495374
2021-06-22 09:54:05,987.15,495374
2021-06-22 09:54:06,987.0,495376
2021-06-22 09:54:06,987.0,495376
2021-06-22 09:54:07,987.15,495386
2021-06-22 09:54:08,987.15,495386
2021-06-22 09:54:09,987.0,495561
2021-06-22 09:54:10,987.0,495561
2021-06-22 09:54:12,986.8,495571
2021-06-22 09:54:13,987.0,495572
2021-06-22 09:54:14,987.0,495722
2021-06-22 09:54:15,987.0,495722
2021-06-22 09:54:18,986.8,495879
2021-06-22 09:54:20,986.8,495883
2021-06-22 09:54:21,987.0,495893
2021-06-22 09:54:22,987.0,495893
2021-06-22 09:54:23,986.8,495943
2021-06-22 09:54:24,986.8,496028
2021-06-22 09:54:25,987.0,496042
2021-06-22 09:54:26,987.0,496042
2021-06-22 09:54:27,987.0,496042
2021-06-22 09:54:28,986.95,496087
2021-06-22 09:54:29,986.8,496101
2021-06-22 09:54:30,986.65,496345
2021-06-22 09:54:31,986.95,496354
2021-06-22 09:54:32,986.65,496394
2021-06-22 09:54:33,986.65,496394
2021-06-22 09:54:34,986.6,496513
2021-06-22 09:54:35,986.6,496513
2021-06-22 09:54:36,986.5,497001
2021-06-22 09:54:37,986.5,497001
2021-06-22 09:54:37,986.5,497001
2021-06-22 09:54:40,986.6,497011
2021-06-22 09:54:41,986.5,497097
2021-06-22 09:54:42,986.8,497191
2021-06-22 09:54:43,986.5,497241
2021-06-22 09:54:44,986.5,497291
2021-06-22 09:54:45,986.5,497637
2021-06-22 09:54:46,986.5,497637
2021-06-22 09:54:47,986.85,497882
2021-06-22 09:54:47,986.85,497882
2021-06-22 09:54:49,986.85,497883
2021-06-22 09:54:50,986.85,497913
2021-06-22 09:54:50,986.85,497913
2021-06-22 09:54:52,986.85,497913
2021-06-22 09:54:53,986.85,497928
2021-06-22 09:54:54,986.85,497928
2021-06-22 09:54:55,986.85,497928
2021-06-22 09:54:56,986.85,497978
2021-06-22 09:54:57,986.85,497978
2021-06-22 09:54:58,986.85,497978
2021-06-22 09:54:59,986.85,497978
2021-06-22 09:55:00,986.85,497978
2021-06-22 09:55:01,986.8,498164
2021-06-22 09:55:01,986.8,498164
2021-06-22 09:55:02,986.5,498172
2021-06-22 09:55:03,986.8,498231
2021-06-22 09:55:06,986.5,498366
2021-06-22 09:55:07,986.5,498386
2021-06-22 09:55:08,986.5,498437
2021-06-22 09:55:09,986.8,498507
2021-06-22 09:55:10,986.8,498544
2021-06-22 09:55:11,986.75,498596
2021-06-22 09:55:12,986.75,498597
2021-06-22 09:55:13,986.75,498597
2021-06-22 09:55:14,986.75,498597
2021-06-22 09:55:14,986.75,498597
2021-06-22 09:55:15,986.75,498597
2021-06-22 09:55:16,986.75,498602
2021-06-22 09:55:17,986.55,498622
2021-06-22 09:55:18,986.75,498722
2021-06-22 09:55:21,986.8,500077
2021-06-22 09:55:22,986.85,500132
2021-06-22 09:55:23,986.85,500132
2021-06-22 09:55:24,986.85,500146
2021-06-22 09:55:25,986.85,500146
2021-06-22 09:55:25,986.85,500146
2021-06-22 09:55:27,986.85,500146
2021-06-22 09:55:28,986.85,500146
2021-06-22 09:55:29,986.85,500146
2021-06-22 09:55:30,986.85,500146
2021-06-22 09:55:32,986.85,500146
2021-06-22 09:55:33,986.8,500156
2021-06-22 09:55:34,986.8,500156
2021-06-22 09:55:35,986.8,500192
2021-06-22 09:55:36,986.8,500196
2021-06-22 09:55:37,986.8,500226
2021-06-22 09:55:37,986.8,500226
2021-06-22 09:55:38,986.8,500226
2021-06-22 09:55:39,986.85,500301
2021-06-22 09:55:40,986.85,500301
2021-06-22 09:55:42,986.85,500301
2021-06-22 09:55:43,986.85,500301
2021-06-22 09:55:44,986.85,500332
2021-06-22 09:55:45,986.85,500359
2021-06-22 09:55:47,986.55,500731
2021-06-22 09:55:47,986.55,500731
2021-06-22 09:55:48,986.8,500732
2021-06-22 09:55:49,986.8,500732
2021-06-22 09:55:50,986.8,500732
2021-06-22 09:55:51,986.65,501362
2021-06-22 09:55:52,986.65,501362
2021-06-22 09:55:54,986.65,501362
2021-06-22 09:55:55,986.55,501373
2021-06-22 09:55:56,986.25,501623
2021-06-22 09:55:56,986.25,501623
2021-06-22 09:55:59,986.35,502231
2021-06-22 09:56:00,986.35,502231
2021-06-22 09:56:01,986.35,502231
2021-06-22 09:56:02,986.35,502231
2021-06-22 09:56:03,986.75,502234
2021-06-22 09:56:04,986.7,502244
2021-06-22 09:56:05,986.7,502344
2021-06-22 09:56:06,986.7,502344
2021-06-22 09:56:08,986.75,502380
2021-06-22 09:56:09,986.75,502380
2021-06-22 09:56:10,986.35,502426
2021-06-22 09:56:11,986.35,502426
2021-06-22 09:56:12,986.6,502427
2021-06-22 09:56:13,986.6,502429
2021-06-22 09:56:14,986.5,502449
2021-06-22 09:56:15,986.5,502454
2021-06-22 09:56:16,986.5,502459
2021-06-22 09:56:16,986.5,502459
2021-06-22 09:56:17,986.5,502734
2021-06-22 09:56:18,986.6,503234
2021-06-22 09:56:20,986.6,503234
2021-06-22 09:56:20,986.6,503291
2021-06-22 09:56:23,986.5,503299
2021-06-22 09:56:24,986.5,503304
2021-06-22 09:56:24,986.6,503309
2021-06-22 09:56:26,986.5,503328
2021-06-22 09:56:26,986.5,503328
2021-06-22 09:56:27,986.5,503338
2021-06-22 09:56:28,986.5,503338
2021-06-22 09:56:29,986.5,503338
2021-06-22 09:56:30,986.5,503407
2021-06-22 09:56:32,986.35,503417
2021-06-22 09:56:33,986.3,503732
2021-06-22 09:56:34,986.6,503912
2021-06-22 09:56:35,986.6,503912
2021-06-22 09:56:36,986.7,504037
2021-06-22 09:56:37,986.7,504052
2021-06-22 09:56:38,986.7,504052
2021-06-22 09:56:39,986.6,504097
2021-06-22 09:56:40,986.7,504098
2021-06-22 09:56:41,986.7,504098
2021-06-22 09:56:42,986.7,504098
2021-06-22 09:56:43,986.6,504133
2021-06-22 09:56:43,986.6,504103
2021-06-22 09:56:44,986.5,504516
2021-06-22 09:56:45,986.4,505066
2021-06-22 09:56:46,986.65,505291
2021-06-22 09:56:48,986.65,505291
2021-06-22 09:56:49,986.65,505291
2021-06-22 09:56:50,986.65,505291
2021-06-22 09:56:51,986.65,505292
2021-06-22 09:56:52,986.65,505302
2021-06-22 09:56:53,986.65,505302
2021-06-22 09:56:54,986.4,505520
2021-06-22 09:56:55,986.65,505595
2021-06-22 09:56:57,986.65,505744
2021-06-22 09:56:58,986.4,505809
2021-06-22 09:56:59,986.4,505809
2021-06-22 09:57:00,986.65,505840
2021-06-22 09:57:01,986.6,505865
2021-06-22 09:57:02,986.65,505968
2021-06-22 09:57:03,986.65,505970
2021-06-22 09:57:04,986.5,506046
2021-06-22 09:57:05,986.7,506086
2021-06-22 09:57:06,986.6,506098
2021-06-22 09:57:07,986.6,506190
2021-06-22 09:57:09,986.5,506233
2021-06-22 09:57:10,986.5,506233
2021-06-22 09:57:11,986.7,506348
2021-06-22 09:57:12,986.7,506368
2021-06-22 09:57:14,986.7,506369
2021-06-22 09:57:15,986.5,506553
2021-06-22 09:57:16,986.75,506563
2021-06-22 09:57:17,986.7,507120
2021-06-22 09:57:18,986.5,507190
2021-06-22 09:57:19,986.65,507195
2021-06-22 09:57:20,986.5,507319
2021-06-22 09:57:21,986.5,507346
2021-06-22 09:57:22,986.5,507346
2021-06-22 09:57:23,986.65,507402
2021-06-22 09:57:24,986.5,507685
2021-06-22 09:57:25,986.75,507686
2021-06-22 09:57:26,986.5,507688
2021-06-22 09:57:27,986.5,507688
2021-06-22 09:57:28,986.35,507726
2021-06-22 09:57:29,986.35,507726
2021-06-22 09:57:30,986.35,507726
2021-06-22 09:57:31,986.5,507747
2021-06-22 09:57:32,986.5,507756
2021-06-22 09:57:33,986.5,507764
2021-06-22 09:57:34,986.5,507764
2021-06-22 09:57:35,986.6,507780
2021-06-22 09:57:36,986.35,507901
2021-06-22 09:57:37,986.35,507901
2021-06-22 09:57:38,986.75,507990
2021-06-22 09:57:39,986.4,508001
2021-06-22 09:57:40,986.75,508049
2021-06-22 09:57:41,986.5,508101
2021-06-22 09:57:42,986.35,508118
2021-06-22 09:57:43,986.35,508118
2021-06-22 09:57:44,986.5,508120
2021-06-22 09:57:45,986.5,508141
2021-06-22 09:57:46,986.5,508141
2021-06-22 09:57:47,986.35,508299
2021-06-22 09:57:48,986.35,508299
2021-06-22 09:57:49,986.35,508299
2021-06-22 09:57:50,986.75,508449
2021-06-22 09:57:51,986.75,508452
2021-06-22 09:57:53,986.5,508571
2021-06-22 09:57:54,986.5,508576
2021-06-22 09:57:56,986.5,508631
2021-06-22 09:57:57,986.4,508712
2021-06-22 09:57:58,986.35,509234
2021-06-22 09:57:59,986.75,509235
2021-06-22 09:58:00,986.75,509235
2021-06-22 09:58:01,986.35,509402
2021-06-22 09:58:02,986.5,509460
2021-06-22 09:58:03,986.5,509460
2021-06-22 09:58:04,986.5,509460
2021-06-22 09:58:06,986.5,509480
2021-06-22 09:58:07,986.5,509495
2021-06-22 09:58:08,986.55,509510
2021-06-22 09:58:09,986.5,509963
2021-06-22 09:58:10,986.35,510061
2021-06-22 09:58:12,986.35,510216
2021-06-22 09:58:11,986.55,510136
2021-06-22 09:58:13,986.35,510218
2021-06-22 09:58:14,986.45,510273
2021-06-22 09:58:15,986.35,510283
2021-06-22 09:58:16,986.15,513295
2021-06-22 09:58:17,986.05,513324
2021-06-22 09:58:18,986.0,513779
2021-06-22 09:58:20,986.0,514304
2021-06-22 09:58:19,986.0,514304
2021-06-22 09:58:21,986.25,514414
2021-06-22 09:58:22,986.15,514556
2021-06-22 09:58:23,986.0,514610
2021-06-22 09:58:24,986.15,514620
2021-06-22 09:58:25,986.15,514620
2021-06-22 09:58:26,986.15,514620
2021-06-22 09:58:27,986.15,514625
2021-06-22 09:58:28,986.0,514646
2021-06-22 09:58:29,986.0,514646
2021-06-22 09:58:30,986.3,514702
2021-06-22 09:58:31,986.3,514737
2021-06-22 09:58:32,986.3,514741
2021-06-22 09:58:33,986.0,515041
2021-06-22 09:58:34,986.25,515042
2021-06-22 09:58:35,986.0,515487
2021-06-22 09:58:36,986.0,515494
2021-06-22 09:58:37,986.0,515494
2021-06-22 09:58:38,986.0,515494
2021-06-22 09:58:39,986.0,515494
2021-06-22 09:58:40,986.0,515494
2021-06-22 09:58:41,986.15,515504
2021-06-22 09:58:42,986.0,516545
2021-06-22 09:58:43,986.0,516735
2021-06-22 09:58:44,986.0,516735
2021-06-22 09:58:45,986.15,516740
2021-06-22 09:58:46,986.0,516755
2021-06-22 09:58:48,986.2,516768
2021-06-22 09:58:50,986.2,516843
2021-06-22 09:58:51,986.25,516873
2021-06-22 09:58:52,986.0,517039
2021-06-22 09:58:53,986.0,517041
2021-06-22 09:58:54,986.0,517196
2021-06-22 09:58:55,986.0,517896
2021-06-22 09:58:56,986.0,517896
2021-06-22 09:58:57,986.1,517976
2021-06-22 09:58:58,986.0,518137
2021-06-22 09:58:59,986.0,518226
2021-06-22 09:59:00,986.0,518226
2021-06-22 09:59:01,986.2,518669
2021-06-22 09:59:02,986.0,518685
2021-06-22 09:59:04,986.0,520110
2021-06-22 09:59:03,986.0,520110
2021-06-22 09:59:05,985.2,524570
2021-06-22 09:59:06,985.2,524963
2021-06-22 09:59:08,985.2,525091
2021-06-22 09:59:09,985.05,525193
2021-06-22 09:59:10,985.4,526003
2021-06-22 09:59:11,985.0,526149
2021-06-22 09:59:13,985.0,526250
2021-06-22 09:59:14,985.1,526325
2021-06-22 09:59:14,985.1,526325
2021-06-22 09:59:15,985.1,526398
2021-06-22 09:59:16,985.1,526624
2021-06-22 09:59:17,985.1,526644
2021-06-22 09:59:18,985.45,526715
2021-06-22 09:59:19,985.05,526735
2021-06-22 09:59:20,985.0,526779
2021-06-22 09:59:21,985.0,526829
2021-06-22 09:59:23,985.0,526838
2021-06-22 09:59:23,985.0,526838
2021-06-22 09:59:25,985.4,526848
2021-06-22 09:59:26,985.4,526944
2021-06-22 09:59:27,985.2,527144
2021-06-22 09:59:28,985.45,527219
2021-06-22 09:59:29,985.1,527319
2021-06-22 09:59:30,985.05,527594
2021-06-22 09:59:32,985.05,527664
2021-06-22 09:59:32,985.05,527664
2021-06-22 09:59:33,985.05,527708
2021-06-22 09:59:34,985.05,527881
2021-06-22 09:59:36,985.0,528105
2021-06-22 09:59:38,985.15,528219
2021-06-22 09:59:39,985.1,528318
2021-06-22 09:59:40,985.4,528338
2021-06-22 09:59:41,985.35,528396
2021-06-22 09:59:42,985.3,528406
2021-06-22 09:59:43,985.3,528406
2021-06-22 09:59:44,985.3,528406
2021-06-22 09:59:45,985.4,528652
2021-06-22 09:59:47,985.4,528752
2021-06-22 09:59:47,985.7,529048
2021-06-22 09:59:49,985.35,529054
2021-06-22 09:59:49,985.35,529054
2021-06-22 09:59:50,985.65,529290
2021-06-22 09:59:52,985.65,529290
2021-06-22 09:59:52,985.65,529290
2021-06-22 09:59:54,985.4,529298
2021-06-22 09:59:55,985.75,529548
2021-06-22 09:59:55,985.75,529548
2021-06-22 09:59:56,985.4,529562
2021-06-22 09:59:57,985.35,529787
2021-06-22 09:59:58,985.35,529827
2021-06-22 09:59:59,985.35,529827
2021-06-22 10:00:00,985.35,529827
2021-06-22 10:00:01,985.35,529828
2021-06-22 10:00:02,985.4,529841
2021-06-22 10:00:03,985.4,529841
2021-06-22 10:00:05,985.1,530342
2021-06-22 10:00:06,985.1,530342
2021-06-22 10:00:07,985.1,530382
2021-06-22 10:00:08,985.1,530383
2021-06-22 10:00:09,985.4,530443
2021-06-22 10:00:10,985.15,530453
2021-06-22 10:00:11,985.15,530486
2021-06-22 10:00:12,985.15,530486
2021-06-22 10:00:13,985.15,530497
2021-06-22 10:00:14,985.05,530597
2021-06-22 10:00:15,985.05,530597
2021-06-22 10:00:16,985.05,530638
2021-06-22 10:00:17,985.05,530638
2021-06-22 10:00:18,985.4,530662
2021-06-22 10:00:20,985.4,530698
2021-06-22 10:00:21,985.05,530704
2021-06-22 10:00:22,985.05,530704
2021-06-22 10:00:23,985.5,530934
2021-06-22 10:00:24,985.15,531027
2021-06-22 10:00:25,985.7,531127
2021-06-22 10:00:27,985.25,531167
2021-06-22 10:00:27,985.1,531207
2021-06-22 10:00:28,985.5,531242
2021-06-22 10:00:29,985.5,531247
2021-06-22 10:00:30,985.1,531263
2021-06-22 10:00:31,985.1,531265
2021-06-22 10:00:32,985.5,531285
2021-06-22 10:00:33,985.15,531288
2021-06-22 10:00:34,985.1,531293
2021-06-22 10:00:35,985.1,531346
2021-06-22 10:00:36,985.5,531347
2021-06-22 10:00:37,985.5,531348
2021-06-22 10:00:38,985.5,531348
2021-06-22 10:00:39,985.1,531355
2021-06-22 10:00:40,985.5,531356
2021-06-22 10:00:41,985.5,531356
2021-06-22 10:00:42,985.55,531359
2021-06-22 10:00:43,985.55,531361
2021-06-22 10:00:45,985.55,531468
2021-06-22 10:00:45,985.55,531468
2021-06-22 10:00:46,985.4,531488
2021-06-22 10:00:47,985.55,531569
2021-06-22 10:00:48,985.5,531579
2021-06-22 10:00:49,985.15,531679
2021-06-22 10:00:50,985.55,531733
2021-06-22 10:00:51,985.2,531751
2021-06-22 10:00:52,985.2,531751
2021-06-22 10:00:53,985.55,531821
2021-06-22 10:00:54,985.7,532326
2021-06-22 10:00:55,985.5,532328
2021-06-22 10:00:56,985.5,532339
2021-06-22 10:00:57,985.25,532430
2021-06-22 10:00:58,985.25,532430
2021-06-22 10:00:59,985.25,532430
2021-06-22 10:01:00,985.5,532442
2021-06-22 10:01:01,985.1,532519
2021-06-22 10:01:02,985.25,532649
2021-06-22 10:01:03,985.5,532713
2021-06-22 10:01:04,985.5,532727
2021-06-22 10:01:05,985.5,532777
2021-06-22 10:01:06,985.1,532812
2021-06-22 10:01:07,985.5,532862
2021-06-22 10:01:09,985.5,533069
2021-06-22 10:01:11,985.2,533189
2021-06-22 10:01:12,985.2,533228
2021-06-22 10:01:13,985.5,533358
2021-06-22 10:01:14,985.1,533362
2021-06-22 10:01:15,985.1,533362
2021-06-22 10:01:17,985.1,533418
2021-06-22 10:01:18,985.1,533418
2021-06-22 10:01:19,985.1,533418
2021-06-22 10:01:20,985.45,533421
2021-06-22 10:01:21,985.45,533515
2021-06-22 10:01:22,985.5,533546
2021-06-22 10:01:23,985.5,533546
2021-06-22 10:01:24,985.5,533546
2021-06-22 10:01:25,985.15,533560
2021-06-22 10:01:26,985.15,533561
2021-06-22 10:01:27,985.15,533561
2021-06-22 10:01:28,985.15,533561
2021-06-22 10:01:29,985.15,533561
2021-06-22 10:01:30,985.15,533561
2021-06-22 10:01:31,985.5,533606
2021-06-22 10:01:32,985.5,533706
2021-06-22 10:01:33,985.1,533978
2021-06-22 10:01:34,985.1,534027
2021-06-22 10:01:35,985.35,534184
2021-06-22 10:01:36,985.35,534185
2021-06-22 10:01:38,985.15,534193
2021-06-22 10:01:39,985.15,534195
2021-06-22 10:01:40,985.35,534261
2021-06-22 10:01:41,985.15,534271
2021-06-22 10:01:42,985.45,534276
2021-06-22 10:01:43,985.15,534360
2021-06-22 10:01:45,985.4,534365
2021-06-22 10:01:45,985.4,534365
2021-06-22 10:01:46,985.4,534415
2021-06-22 10:01:47,985.4,534425
2021-06-22 10:01:48,985.4,534425
2021-06-22 10:01:49,985.4,534425
2021-06-22 10:01:50,985.4,534425
2021-06-22 10:01:52,985.4,534425
2021-06-22 10:01:54,985.4,534427
2021-06-22 10:01:55,985.4,534427
2021-06-22 10:01:56,985.4,534427
2021-06-22 10:01:57,985.35,534587
2021-06-22 10:02:00,985.35,534663
2021-06-22 10:02:01,985.2,534683
2021-06-22 10:02:02,985.15,534945
2021-06-22 10:02:03,985.15,534945
2021-06-22 10:02:04,985.4,535004
2021-06-22 10:02:05,985.4,535004
2021-06-22 10:02:06,985.15,535008
2021-06-22 10:02:08,985.15,535234
2021-06-22 10:02:09,985.15,535234
2021-06-22 10:02:09,985.4,535314
2021-06-22 10:02:11,985.15,535379
2021-06-22 10:02:13,985.1,535600
2021-06-22 10:02:14,985.1,535637
2021-06-22 10:02:14,985.1,535637
2021-06-22 10:02:16,985.15,536560
2021-06-22 10:02:17,985.15,536863
2021-06-22 10:02:18,985.4,536997
2021-06-22 10:02:19,985.15,537147
2021-06-22 10:02:20,985.15,537174
2021-06-22 10:02:21,985.15,537189
2021-06-22 10:02:22,985.15,537228
2021-06-22 10:02:23,985.15,537233
2021-06-22 10:02:24,985.15,537233
2021-06-22 10:02:26,985.1,537333
2021-06-22 10:02:27,985.1,537333
2021-06-22 10:02:27,985.15,537334
2021-06-22 10:02:28,985.15,537359
2021-06-22 10:02:30,985.35,537830
2021-06-22 10:02:31,985.35,537853
2021-06-22 10:02:32,985.25,537959
2021-06-22 10:02:33,985.25,537969
2021-06-22 10:02:34,985.25,537969
2021-06-22 10:02:35,985.25,537979
2021-06-22 10:02:36,985.25,537979
2021-06-22 10:02:38,985.25,538747
2021-06-22 10:02:38,985.25,538747
2021-06-22 10:02:39,985.25,538765
2021-06-22 10:02:40,985.1,538817
2021-06-22 10:02:42,985.1,538886
2021-06-22 10:02:42,985.1,538886
2021-06-22 10:02:43,985.15,538936
2021-06-22 10:02:44,985.35,538949
2021-06-22 10:02:45,985.1,538952
2021-06-22 10:02:46,985.05,538972
2021-06-22 10:02:49,985.05,539122
2021-06-22 10:02:50,985.05,539122
2021-06-22 10:02:52,985.1,539196
2021-06-22 10:02:53,985.15,539218
2021-06-22 10:02:54,985.1,539240
2021-06-22 10:02:54,985.4,539229
2021-06-22 10:02:55,985.1,539240
2021-06-22 10:02:57,985.15,539354
2021-06-22 10:02:58,985.1,539364
2021-06-22 10:03:01,985.2,539800
2021-06-22 10:03:03,985.2,539800
2021-06-22 10:03:03,985.2,539814
2021-06-22 10:03:05,985.2,539902
2021-06-22 10:03:07,985.4,540008
2021-06-22 10:03:08,985.1,540009
2021-06-22 10:03:09,985.1,540009
2021-06-22 10:03:10,985.1,540028
2021-06-22 10:03:10,985.1,540028
2021-06-22 10:03:11,985.1,540028
2021-06-22 10:03:12,985.1,540028
2021-06-22 10:03:13,985.35,540039
2021-06-22 10:03:14,985.35,540039
2021-06-22 10:03:15,985.4,540152
2021-06-22 10:03:16,985.4,540173
2021-06-22 10:03:17,985.35,540186
2021-06-22 10:03:18,985.1,540261
2021-06-22 10:03:19,985.1,540275
2021-06-22 10:03:20,985.1,540305
2021-06-22 10:03:21,985.35,540310
2021-06-22 10:03:22,985.1,540323
2021-06-22 10:03:24,985.1,540323
2021-06-22 10:03:25,985.15,540338
2021-06-22 10:03:26,985.15,540338
2021-06-22 10:03:27,985.15,540359
2021-06-22 10:03:28,985.15,540359
2021-06-22 10:03:29,985.35,540600
2021-06-22 10:03:32,985.35,540603
2021-06-22 10:03:34,985.35,540610
2021-06-22 10:03:35,985.35,540685
2021-06-22 10:03:36,985.35,540685
2021-06-22 10:03:37,985.25,540735
2021-06-22 10:03:39,985.75,541758
2021-06-22 10:03:40,985.5,542178
2021-06-22 10:03:41,985.45,542391
2021-06-22 10:03:43,985.45,542391
2021-06-22 10:03:45,985.45,542567
2021-06-22 10:03:46,985.85,543567
2021-06-22 10:03:47,985.6,543705
2021-06-22 10:03:48,985.8,544015
2021-06-22 10:03:48,985.8,544015
2021-06-22 10:03:51,985.85,544237
2021-06-22 10:03:51,985.8,544231
2021-06-22 10:03:52,985.65,544266
2021-06-22 10:03:54,985.6,544361
2021-06-22 10:03:55,985.6,544362
2021-06-22 10:03:56,985.6,544394
2021-06-22 10:03:58,985.6,544394
2021-06-22 10:03:59,985.6,544395
2021-06-22 10:04:00,985.6,544395
2021-06-22 10:04:01,985.6,544395
2021-06-22 10:04:01,985.6,544445
2021-06-22 10:04:03,985.5,544761
2021-06-22 10:04:04,985.5,544761
2021-06-22 10:04:05,985.55,544766
2021-06-22 10:04:06,985.55,544786
2021-06-22 10:04:08,985.55,544811
2021-06-22 10:04:09,985.55,544811
2021-06-22 10:04:10,985.8,544824
2021-06-22 10:04:12,985.8,544836
2021-06-22 10:04:13,985.8,544890
2021-06-22 10:04:13,985.8,544891
2021-06-22 10:04:14,985.6,544916
2021-06-22 10:04:15,985.6,544916
2021-06-22 10:04:16,985.9,544926
2021-06-22 10:04:18,985.9,544926
2021-06-22 10:04:19,985.9,544926
2021-06-22 10:04:20,985.9,544926
2021-06-22 10:04:21,985.6,545061
2021-06-22 10:04:22,986.0,545200
2021-06-22 10:04:23,986.0,545200
2021-06-22 10:04:25,986.0,545200
2021-06-22 10:04:26,986.0,545200
2021-06-22 10:04:27,986.0,545232
2021-06-22 10:04:28,985.7,545233
2021-06-22 10:04:29,985.75,545243
2021-06-22 10:04:30,985.75,545266
2021-06-22 10:04:31,985.75,545266
2021-06-22 10:04:32,986.0,545371
2021-06-22 10:04:32,986.0,545376
2021-06-22 10:04:33,986.0,545376
2021-06-22 10:04:36,986.0,545826
2021-06-22 10:04:37,985.65,545904
2021-06-22 10:04:39,986.0,546094
2021-06-22 10:04:40,986.0,546094
2021-06-22 10:04:41,985.7,546136
2021-06-22 10:04:42,985.7,546136
2021-06-22 10:04:43,986.0,546191
2021-06-22 10:04:44,986.0,546193
2021-06-22 10:04:45,985.7,546208
2021-06-22 10:04:46,985.65,546238
2021-06-22 10:04:47,985.8,546251
2021-06-22 10:04:48,985.8,546251
2021-06-22 10:04:49,986.0,546443
2021-06-22 10:04:50,986.0,546518
2021-06-22 10:04:51,985.7,546548
2021-06-22 10:04:52,985.7,546548
2021-06-22 10:04:52,985.7,546548
2021-06-22 10:04:53,986.0,546564
2021-06-22 10:04:54,986.0,546585
2021-06-22 10:04:55,986.0,546705
2021-06-22 10:04:57,986.15,546708
2021-06-22 10:04:58,986.0,546782
2021-06-22 10:04:59,986.0,546787
2021-06-22 10:05:00,986.0,546787
2021-06-22 10:05:01,986.0,546787
2021-06-22 10:05:02,986.0,547010
2021-06-22 10:05:03,986.0,547010
2021-06-22 10:05:04,986.0,547010
2021-06-22 10:05:05,986.0,547010
2021-06-22 10:05:06,986.0,547044
2021-06-22 10:05:07,985.85,547063
2021-06-22 10:05:08,986.0,547183
2021-06-22 10:05:12,985.75,547628
2021-06-22 10:05:12,985.6,547988
2021-06-22 10:05:14,985.55,548050
2021-06-22 10:05:15,985.55,548135
2021-06-22 10:05:16,985.55,548135
2021-06-22 10:05:17,985.85,548255
2021-06-22 10:05:18,985.85,548255
2021-06-22 10:05:20,985.55,548330
2021-06-22 10:05:20,985.55,548353
2021-06-22 10:05:21,985.55,548353
2021-06-22 10:05:22,985.55,548390
2021-06-22 10:05:23,985.55,548465
2021-06-22 10:05:24,985.7,548566
2021-06-22 10:05:25,985.9,548636
2021-06-22 10:05:26,985.55,548654
2021-06-22 10:05:27,985.65,549451
2021-06-22 10:05:28,985.65,549539
2021-06-22 10:05:29,985.65,549629
2021-06-22 10:05:31,985.65,549629
2021-06-22 10:05:32,985.55,549735
2021-06-22 10:05:33,985.65,549785
2021-06-22 10:05:34,985.65,549787
2021-06-22 10:05:35,985.65,549787
2021-06-22 10:05:36,985.65,549811
2021-06-22 10:05:37,985.65,549823
2021-06-22 10:05:38,985.65,549823
2021-06-22 10:05:39,985.8,550123
2021-06-22 10:05:40,985.65,550150
2021-06-22 10:05:41,985.45,550925
2021-06-22 10:05:42,985.75,550930
2021-06-22 10:05:43,985.6,550955
2021-06-22 10:05:44,985.45,551076
2021-06-22 10:05:45,985.45,551092
2021-06-22 10:05:46,985.45,551098
2021-06-22 10:05:47,985.65,551173
2021-06-22 10:05:48,985.45,551192
2021-06-22 10:05:48,985.35,551613
2021-06-22 10:05:50,985.3,551615
2021-06-22 10:05:51,985.3,551818
2021-06-22 10:05:52,985.5,551844
2021-06-22 10:05:53,985.35,551865
2021-06-22 10:05:54,985.35,551868
2021-06-22 10:05:55,985.45,551986
2021-06-22 10:05:56,985.75,553036
2021-06-22 10:05:57,985.35,553051
2021-06-22 10:05:57,985.35,553051
2021-06-22 10:05:58,985.35,553054
2021-06-22 10:06:00,985.35,553054
2021-06-22 10:06:01,985.35,553056
2021-06-22 10:06:02,985.35,553056
2021-06-22 10:06:03,985.35,553056
2021-06-22 10:06:04,985.35,553056
2021-06-22 10:06:05,985.4,553335
2021-06-22 10:06:06,985.45,553410
2021-06-22 10:06:06,985.45,553410
2021-06-22 10:06:07,985.45,553410
2021-06-22 10:06:08,985.35,553514
2021-06-22 10:06:09,985.35,553514
2021-06-22 10:06:10,985.35,553514
2021-06-22 10:06:11,985.35,553514
2021-06-22 10:06:12,985.2,553515
2021-06-22 10:06:13,985.35,553516
2021-06-22 10:06:14,985.35,553586
2021-06-22 10:06:15,985.1,553755
2021-06-22 10:06:17,985.05,553815
2021-06-22 10:06:18,985.05,553815
2021-06-22 10:06:19,985.05,553825
2021-06-22 10:06:22,985.35,553881
2021-06-22 10:06:23,985.05,553887
2021-06-22 10:06:25,985.0,554437
2021-06-22 10:06:26,985.05,554512
2021-06-22 10:06:27,985.05,554512
2021-06-22 10:06:28,985.35,554562
2021-06-22 10:06:30,985.05,554612
2021-06-22 10:06:31,985.1,554787
2021-06-22 10:06:32,985.1,554787
2021-06-22 10:06:34,985.05,554797
2021-06-22 10:06:35,985.35,554798
2021-06-22 10:06:36,985.0,555313
2021-06-22 10:06:37,985.0,555318
2021-06-22 10:06:39,985.0,555348
2021-06-22 10:06:40,985.0,555348
2021-06-22 10:06:41,985.0,555348
2021-06-22 10:06:44,985.0,555639
2021-06-22 10:06:45,985.35,555719
2021-06-22 10:06:46,985.35,555719
2021-06-22 10:06:47,985.05,555743
2021-06-22 10:06:48,985.0,555853
2021-06-22 10:06:49,985.0,555863
2021-06-22 10:06:51,985.0,555903
2021-06-22 10:06:51,985.0,555903
2021-06-22 10:06:52,985.1,555906
2021-06-22 10:06:54,985.35,556046
2021-06-22 10:06:56,985.0,556067
2021-06-22 10:06:59,985.0,556101
2021-06-22 10:07:00,985.0,556101
2021-06-22 10:07:02,985.15,556108
2021-06-22 10:07:03,985.35,556115
2021-06-22 10:07:04,985.35,556190
2021-06-22 10:07:05,985.15,556195
2021-06-22 10:07:06,985.25,556201
2021-06-22 10:07:08,985.25,556715
2021-06-22 10:07:09,985.0,557501
2021-06-22 10:07:10,985.0,557503
2021-06-22 10:07:11,985.0,557737
2021-06-22 10:07:11,985.3,557756
2021-06-22 10:07:12,985.0,557796
2021-06-22 10:07:13,985.3,557801
2021-06-22 10:07:14,985.3,557801
2021-06-22 10:07:15,985.3,557801
2021-06-22 10:07:16,985.0,558365
2021-06-22 10:07:18,985.3,558368
2021-06-22 10:07:19,985.3,558368
2021-06-22 10:07:22,985.25,558483
2021-06-22 10:07:23,985.0,558883
2021-06-22 10:07:25,984.7,562861
2021-06-22 10:07:26,984.5,563351
2021-06-22 10:07:27,984.7,563426
2021-06-22 10:07:28,984.5,563895
2021-06-22 10:07:29,984.8,563897
2021-06-22 10:07:29,984.5,563923
2021-06-22 10:07:30,984.9,564069
2021-06-22 10:07:31,984.9,564069
2021-06-22 10:07:32,984.6,564094
2021-06-22 10:07:33,984.6,564109
2021-06-22 10:07:34,984.55,564301
2021-06-22 10:07:36,985.0,564331
2021-06-22 10:07:37,984.55,564371
2021-06-22 10:07:38,984.8,565011
2021-06-22 10:07:39,984.9,565160
2021-06-22 10:07:40,984.9,565160
2021-06-22 10:07:41,984.6,565234
2021-06-22 10:07:42,984.6,565235
2021-06-22 10:07:43,984.45,565240
2021-06-22 10:07:44,984.55,565362
2021-06-22 10:07:45,984.55,565362
2021-06-22 10:07:46,984.6,565597
2021-06-22 10:07:47,984.4,565747
2021-06-22 10:07:48,984.4,565747
2021-06-22 10:07:49,984.6,565749
2021-06-22 10:07:50,984.55,565825
2021-06-22 10:07:51,984.55,565825
2021-06-22 10:07:52,984.55,565825
2021-06-22 10:07:53,984.55,566325
2021-06-22 10:07:54,984.55,566325
2021-06-22 10:07:55,984.55,566325
2021-06-22 10:07:56,984.8,566335
2021-06-22 10:07:58,984.85,566671
2021-06-22 10:07:59,984.85,566721
2021-06-22 10:08:00,984.85,566721
2021-06-22 10:08:01,984.85,566721
2021-06-22 10:08:02,984.85,566721
2021-06-22 10:08:04,985.0,566806
2021-06-22 10:08:05,984.85,566836
2021-06-22 10:08:06,984.85,566890
2021-06-22 10:08:07,984.85,566892
2021-06-22 10:08:08,985.0,566902
2021-06-22 10:08:09,984.85,566914
2021-06-22 10:08:10,984.9,566915
2021-06-22 10:08:11,984.9,566915
2021-06-22 10:08:12,984.9,566925
2021-06-22 10:08:13,984.9,566925
2021-06-22 10:08:14,985.0,566975
2021-06-22 10:08:16,985.0,567030
2021-06-22 10:08:17,985.0,567030
2021-06-22 10:08:18,985.0,567050
2021-06-22 10:08:21,985.0,567164
2021-06-22 10:08:22,985.0,567164
2021-06-22 10:08:23,985.0,567271
2021-06-22 10:08:24,985.0,567286
2021-06-22 10:08:25,985.0,567286
2021-06-22 10:08:26,984.95,567314
2021-06-22 10:08:27,984.9,567320
2021-06-22 10:08:28,984.8,567322
2021-06-22 10:08:29,984.75,567375
2021-06-22 10:08:30,984.75,567389
2021-06-22 10:08:31,984.75,567389
2021-06-22 10:08:32,984.75,567389
2021-06-22 10:08:33,984.95,567439
2021-06-22 10:08:34,984.95,567439
2021-06-22 10:08:35,984.9,567444
2021-06-22 10:08:36,984.9,567444
2021-06-22 10:08:37,984.9,567444
2021-06-22 10:08:38,984.95,567523
2021-06-22 10:08:39,984.95,567523
2021-06-22 10:08:41,984.9,567573
2021-06-22 10:08:43,984.95,567635
2021-06-22 10:08:44,984.95,567635
2021-06-22 10:08:45,984.95,567636
2021-06-22 10:08:46,984.75,567675
2021-06-22 10:08:48,984.95,567834
2021-06-22 10:08:49,984.75,567869
2021-06-22 10:08:50,984.75,567869
2021-06-22 10:08:51,984.75,567875
2021-06-22 10:08:52,984.75,567876
2021-06-22 10:08:53,984.95,568001
2021-06-22 10:08:54,984.75,568015
2021-06-22 10:08:55,984.95,568067
2021-06-22 10:08:57,984.95,568067
2021-06-22 10:08:58,985.0,568141
2021-06-22 10:08:59,985.0,568159
2021-06-22 10:09:00,985.0,568159
2021-06-22 10:09:01,984.95,568169
2021-06-22 10:09:02,984.95,568169
2021-06-22 10:09:03,984.75,568219
2021-06-22 10:09:04,984.75,568219
2021-06-22 10:09:05,985.0,568269
2021-06-22 10:09:06,985.0,568275
2021-06-22 10:09:07,985.0,568275
2021-06-22 10:09:08,985.0,568275
2021-06-22 10:09:09,984.75,568277
2021-06-22 10:09:10,984.75,568292
2021-06-22 10:09:11,984.75,568317
2021-06-22 10:09:13,984.75,568317
2021-06-22 10:09:14,984.75,568544
2021-06-22 10:09:15,984.75,568545
2021-06-22 10:09:16,984.9,568603
2021-06-22 10:09:17,984.9,568614
2021-06-22 10:09:18,984.75,568621
2021-06-22 10:09:19,984.75,568641
2021-06-22 10:09:20,984.75,568652
2021-06-22 10:09:21,984.75,568652
2021-06-22 10:09:22,984.75,568668
2021-06-22 10:09:24,984.75,568838
2021-06-22 10:09:25,984.95,568913
2021-06-22 10:09:26,984.95,568913
2021-06-22 10:09:27,984.75,568923
2021-06-22 10:09:28,984.75,568962
2021-06-22 10:09:29,984.95,568972
2021-06-22 10:09:30,984.95,568974
2021-06-22 10:09:31,984.75,569974
2021-06-22 10:09:32,984.75,569974
2021-06-22 10:09:33,984.95,570025
2021-06-22 10:09:34,984.95,570025
2021-06-22 10:09:35,985.0,570289
2021-06-22 10:09:36,985.0,570291
2021-06-22 10:09:38,984.75,570293
2021-06-22 10:09:39,984.75,570293
2021-06-22 10:09:40,984.75,570855
2021-06-22 10:09:41,984.75,570871
2021-06-22 10:09:42,984.75,570871
2021-06-22 10:09:43,984.75,570871
2021-06-22 10:09:44,984.75,570873
2021-06-22 10:09:45,984.75,570987
2021-06-22 10:09:47,984.75,571058
2021-06-22 10:09:46,984.75,571057
2021-06-22 10:09:48,985.0,571061
2021-06-22 10:09:49,984.8,571083
2021-06-22 10:09:50,985.0,571098
2021-06-22 10:09:51,985.0,571121
2021-06-22 10:09:52,984.8,571124
2021-06-22 10:09:53,984.8,571124
2021-06-22 10:09:54,985.0,571262
2021-06-22 10:09:55,984.8,571311
2021-06-22 10:09:56,984.8,571311
2021-06-22 10:09:57,984.8,571332
2021-06-22 10:09:58,984.85,571565
2021-06-22 10:09:59,984.85,571565
2021-06-22 10:10:02,984.85,571650
2021-06-22 10:10:02,984.85,571650
2021-06-22 10:10:03,985.0,571750
2021-06-22 10:10:04,984.95,571753
2021-06-22 10:10:06,985.0,571907
2021-06-22 10:10:07,984.95,574127
2021-06-22 10:10:08,985.0,581140
2021-06-22 10:10:09,984.85,581141
2021-06-22 10:10:11,984.85,581172
2021-06-22 10:10:12,984.85,581172
2021-06-22 10:10:13,984.85,581172
2021-06-22 10:10:14,985.0,581391
2021-06-22 10:10:15,985.0,581511
2021-06-22 10:10:16,985.05,581779
2021-06-22 10:10:18,985.15,581867
2021-06-22 10:10:19,985.15,581871
2021-06-22 10:10:21,985.15,581871
2021-06-22 10:10:23,985.0,581894
2021-06-22 10:10:24,985.15,581895
2021-06-22 10:10:25,985.15,581895
2021-06-22 10:10:27,985.0,581945
2021-06-22 10:10:28,985.0,581945
2021-06-22 10:10:29,985.0,581945
2021-06-22 10:10:30,985.15,581951
2021-06-22 10:10:31,985.15,581951
2021-06-22 10:10:32,985.15,582028
2021-06-22 10:10:34,985.15,582035
2021-06-22 10:10:35,985.15,582239
2021-06-22 10:10:36,985.25,582251
2021-06-22 10:10:37,985.25,582251
2021-06-22 10:10:38,985.25,582251
2021-06-22 10:10:41,985.4,582296
2021-06-22 10:10:42,985.8,583354
2021-06-22 10:10:43,985.8,583354
2021-06-22 10:10:44,985.5,583356
2021-06-22 10:10:45,985.5,583356
2021-06-22 10:10:46,985.5,583356
2021-06-22 10:10:47,985.85,583457
2021-06-22 10:10:48,985.85,583457
2021-06-22 10:10:49,985.5,583458
2021-06-22 10:10:50,985.4,583508
2021-06-22 10:10:51,985.8,583583
2021-06-22 10:10:52,985.8,583583
2021-06-22 10:10:53,985.8,583583
2021-06-22 10:10:54,985.8,583598
2021-06-22 10:10:55,985.8,583602
2021-06-22 10:10:56,985.8,583602
2021-06-22 10:10:57,985.8,583628
2021-06-22 10:10:58,985.8,583629
2021-06-22 10:10:59,985.8,583629
2021-06-22 10:11:00,985.6,583649
2021-06-22 10:11:01,985.95,583681
2021-06-22 10:11:02,985.95,583686
2021-06-22 10:11:03,985.65,583689
2021-06-22 10:11:04,985.95,583693
2021-06-22 10:11:05,985.95,583693
2021-06-22 10:11:06,985.65,583698
2021-06-22 10:11:07,985.65,583698
2021-06-22 10:11:10,985.8,583700
2021-06-22 10:11:11,986.0,583799
2021-06-22 10:11:12,985.95,583800
2021-06-22 10:11:14,985.65,583805
2021-06-22 10:11:15,985.9,583815
2021-06-22 10:11:16,985.7,583817
2021-06-22 10:11:17,985.7,583826
2021-06-22 10:11:18,985.5,583921
2021-06-22 10:11:19,985.5,584090
2021-06-22 10:11:20,985.5,584095
2021-06-22 10:11:21,985.65,585095
2021-06-22 10:11:22,985.65,585108
2021-06-22 10:11:23,985.65,585108
2021-06-22 10:11:24,985.65,585108
2021-06-22 10:11:25,985.65,585108
2021-06-22 10:11:26,985.65,585108
