timestamp,ltp,volume
2021-06-22 09:16:35,718.0,77330
2021-06-22 09:16:36,717.75,77420
2021-06-22 09:16:37,717.75,77669
2021-06-22 09:16:39,717.85,80939
2021-06-22 09:16:40,718.0,81377
2021-06-22 09:16:41,717.95,82073
2021-06-22 09:16:42,717.55,82210
2021-06-22 09:16:45,718.0,83117
2021-06-22 09:16:46,718.2,83289
2021-06-22 09:16:47,718.35,83476
2021-06-22 09:16:48,717.9,83926
2021-06-22 09:16:49,717.7,84017
2021-06-22 09:16:50,717.7,84078
2021-06-22 09:16:50,718.0,84091
2021-06-22 09:16:51,718.05,84490
2021-06-22 09:16:52,718.05,84610
2021-06-22 09:16:53,718.05,84648
2021-06-22 09:16:54,718.1,84660
2021-06-22 09:16:55,718.05,85027
2021-06-22 09:16:56,717.65,85339
2021-06-22 09:16:57,717.95,85432
2021-06-22 09:16:58,718.05,85444
2021-06-22 09:16:59,718.05,85475
2021-06-22 09:17:00,717.95,85507
2021-06-22 09:17:02,717.7,86241
2021-06-22 09:17:02,717.3,86348
2021-06-22 09:17:03,717.35,88122
2021-06-22 09:17:04,717.35,88574
2021-06-22 09:17:05,717.75,88758
2021-06-22 09:17:06,717.75,88890
2021-06-22 09:17:08,717.45,89293
2021-06-22 09:17:08,717.4,89212
2021-06-22 09:17:10,717.55,89624
2021-06-22 09:17:11,717.85,89875
2021-06-22 09:17:13,717.9,90529
2021-06-22 09:17:13,717.95,90435
2021-06-22 09:17:14,717.85,92491
2021-06-22 09:17:15,717.85,92619
2021-06-22 09:17:16,718.2,93219
2021-06-22 09:17:17,718.3,93334
2021-06-22 09:17:19,718.25,93348
2021-06-22 09:17:19,718.2,93448
2021-06-22 09:17:20,718.25,93453
2021-06-22 09:17:21,717.75,93595
2021-06-22 09:17:22,718.25,93596
2021-06-22 09:17:23,718.25,93606
2021-06-22 09:17:24,718.25,93819
2021-06-22 09:17:25,718.25,94099
2021-06-22 09:17:27,718.0,94399
2021-06-22 09:17:27,717.9,94430
2021-06-22 09:17:28,717.85,94737
2021-06-22 09:17:29,718.3,94757
2021-06-22 09:17:30,718.0,94869
2021-06-22 09:17:31,718.0,95097
2021-06-22 09:17:32,718.2,95257
2021-06-22 09:17:34,718.0,95772
2021-06-22 09:17:34,718.0,95772
2021-06-22 09:17:36,718.3,96612
2021-06-22 09:17:37,718.0,96614
2021-06-22 09:17:38,718.0,96683
2021-06-22 09:17:39,718.35,96988
2021-06-22 09:17:40,718.05,97394
2021-06-22 09:17:42,718.25,98060
2021-06-22 09:17:43,717.9,98521
2021-06-22 09:17:44,718.25,99086
2021-06-22 09:17:45,718.2,99104
2021-06-22 09:17:46,717.1,101400
2021-06-22 09:17:47,717.75,102566
2021-06-22 09:17:48,717.75,102741
2021-06-22 09:17:49,717.4,102764
2021-06-22 09:17:50,717.75,104089
2021-06-22 09:17:51,717.5,104147
2021-06-22 09:17:53,717.5,104272
2021-06-22 09:17:54,717.45,104866
2021-06-22 09:17:54,717.9,104876
2021-06-22 09:17:55,717.85,105109
2021-06-22 09:17:56,717.9,105121
2021-06-22 09:17:57,717.55,105183
2021-06-22 09:17:58,717.9,105265
2021-06-22 09:17:59,717.5,105512
2021-06-22 09:18:01,717.5,106210
2021-06-22 09:18:01,717.5,106304
2021-06-22 09:18:02,717.2,106454
2021-06-22 09:18:04,717.15,106741
2021-06-22 09:18:05,717.5,106959
2021-06-22 09:18:07,716.85,109805
2021-06-22 09:18:08,716.95,110473
2021-06-22 09:18:09,716.9,110828
2021-06-22 09:18:09,717.0,110910
2021-06-22 09:18:10,716.85,111574
2021-06-22 09:18:11,716.9,111777
2021-06-22 09:18:13,716.35,112556
2021-06-22 09:18:14,716.4,112718
2021-06-22 09:18:14,716.4,112718
2021-06-22 09:18:15,716.7,112924
2021-06-22 09:18:16,716.65,113186
2021-06-22 09:18:17,716.5,113314
2021-06-22 09:18:18,716.3,114457
2021-06-22 09:18:19,716.5,114998
2021-06-22 09:18:20,716.35,115088
2021-06-22 09:18:21,716.35,115609
2021-06-22 09:18:22,716.05,115885
2021-06-22 09:18:24,716.0,116195
2021-06-22 09:18:25,716.0,116805
2021-06-22 09:18:26,715.85,119121
2021-06-22 09:18:26,715.9,119522
2021-06-22 09:18:27,715.85,120086
2021-06-22 09:18:28,715.55,120711
2021-06-22 09:18:29,715.35,120876
2021-06-22 09:18:30,715.5,121421
2021-06-22 09:18:32,715.25,122136
2021-06-22 09:18:33,715.2,122349
2021-06-22 09:18:34,715.2,123258
2021-06-22 09:18:35,715.05,123599
2021-06-22 09:18:36,715.65,125356
2021-06-22 09:18:37,715.0,125982
2021-06-22 09:18:38,715.4,126100
2021-06-22 09:18:40,715.05,126238
2021-06-22 09:18:41,715.0,126428
2021-06-22 09:18:41,715.35,126452
2021-06-22 09:18:42,715.0,126735
2021-06-22 09:18:43,715.55,127199
2021-06-22 09:18:45,715.1,127296
2021-06-22 09:18:46,715.0,127414
2021-06-22 09:18:46,715.45,127454
2021-06-22 09:18:47,715.15,127770
2021-06-22 09:18:48,715.55,127820
2021-06-22 09:18:49,715.2,128040
2021-06-22 09:18:50,715.6,128163
2021-06-22 09:18:52,715.1,128266
2021-06-22 09:18:53,715.1,128660
2021-06-22 09:18:53,715.1,128660
2021-06-22 09:18:54,715.4,129551
2021-06-22 09:18:55,715.4,130059
2021-06-22 09:18:56,715.7,130296
2021-06-22 09:18:58,715.55,130856
2021-06-22 09:18:59,715.5,131195
2021-06-22 09:19:00,715.85,132406
2021-06-22 09:19:01,715.9,133380
2021-06-22 09:19:03,715.65,134104
2021-06-22 09:19:04,716.0,134236
2021-06-22 09:19:06,716.1,134293
2021-06-22 09:19:07,716.2,134447
2021-06-22 09:19:08,715.85,134472
2021-06-22 09:19:09,716.25,134926
2021-06-22 09:19:10,716.2,135568
2021-06-22 09:19:11,716.45,135602
2021-06-22 09:19:11,716.55,135688
2021-06-22 09:19:12,716.15,136212
2021-06-22 09:19:13,716.7,136310
2021-06-22 09:19:14,716.55,137012
2021-06-22 09:19:16,716.7,137423
2021-06-22 09:19:17,716.65,137859
2021-06-22 09:19:18,716.55,138020
2021-06-22 09:19:19,716.65,138168
2021-06-22 09:19:20,716.25,139079
2021-06-22 09:19:21,716.25,139359
2021-06-22 09:19:22,716.7,139576
2021-06-22 09:19:23,716.65,139649
2021-06-22 09:19:25,716.85,139758
2021-06-22 09:19:26,716.5,139840
2021-06-22 09:19:27,716.85,139995
2021-06-22 09:19:28,716.9,140262
2021-06-22 09:19:29,716.4,142057
2021-06-22 09:19:31,716.75,142570
2021-06-22 09:19:32,716.7,142804
2021-06-22 09:19:33,716.75,143655
2021-06-22 09:19:33,717.3,143967
2021-06-22 09:19:34,716.9,144316
2021-06-22 09:19:35,717.3,144518
2021-06-22 09:19:36,717.6,145332
2021-06-22 09:19:38,717.5,145501
2021-06-22 09:19:39,717.95,145723
2021-06-22 09:19:39,717.95,146024
2021-06-22 09:19:40,718.1,146367
2021-06-22 09:19:41,718.2,146477
2021-06-22 09:19:42,718.2,146516
2021-06-22 09:19:44,717.75,146704
2021-06-22 09:19:45,717.7,146941
2021-06-22 09:19:45,717.7,146947
2021-06-22 09:19:46,717.65,147095
2021-06-22 09:19:47,718.0,147674
2021-06-22 09:19:48,718.45,152718
2021-06-22 09:19:49,718.45,152900
2021-06-22 09:19:51,718.45,152902
2021-06-22 09:19:52,718.45,153152
2021-06-22 09:19:53,718.45,153159
2021-06-22 09:19:54,718.45,153252
2021-06-22 09:19:55,718.35,153901
2021-06-22 09:19:56,718.0,153954
2021-06-22 09:19:56,718.0,153960
2021-06-22 09:19:57,718.3,154061
2021-06-22 09:19:58,718.0,154082
2021-06-22 09:19:59,717.75,154613
2021-06-22 09:20:01,717.6,155150
2021-06-22 09:20:02,717.9,155315
2021-06-22 09:20:03,717.55,155877
2021-06-22 09:20:04,717.65,156128
2021-06-22 09:20:04,717.65,156178
2021-06-22 09:20:05,717.6,156182
2021-06-22 09:20:06,717.65,156783
2021-06-22 09:20:07,717.35,156878
2021-06-22 09:20:08,717.15,157490
2021-06-22 09:20:10,717.55,157587
2021-06-22 09:20:11,717.55,157619
2021-06-22 09:20:11,717.55,157735
2021-06-22 09:20:12,717.55,157915
2021-06-22 09:20:13,717.5,158396
2021-06-22 09:20:15,717.1,158586
2021-06-22 09:20:17,717.3,158821
2021-06-22 09:20:18,717.6,159415
2021-06-22 09:20:18,717.65,159486
2021-06-22 09:20:19,717.6,159508
2021-06-22 09:20:20,717.55,159619
2021-06-22 09:20:21,717.55,159619
2021-06-22 09:20:22,717.55,160429
2021-06-22 09:20:23,717.55,160429
2021-06-22 09:20:25,717.6,160562
2021-06-22 09:20:26,717.25,160834
2021-06-22 09:20:27,717.2,160868
2021-06-22 09:20:28,717.55,160923
2021-06-22 09:20:28,717.55,160923
2021-06-22 09:20:29,717.25,160924
2021-06-22 09:20:30,717.2,161243
2021-06-22 09:20:34,717.55,161421
2021-06-22 09:20:35,717.55,161440
2021-06-22 09:20:36,717.15,161641
2021-06-22 09:20:36,717.55,161670
2021-06-22 09:20:37,717.55,161696
2021-06-22 09:20:38,717.3,161997
2021-06-22 09:20:39,716.7,165394
2021-06-22 09:20:41,716.9,166273
2021-06-22 09:20:42,716.85,166519
2021-06-22 09:20:43,716.8,167294
2021-06-22 09:20:43,716.8,167385
2021-06-22 09:20:44,716.8,167555
2021-06-22 09:20:45,716.35,167751
2021-06-22 09:20:47,716.4,168116
2021-06-22 09:20:48,716.35,168540
2021-06-22 09:20:49,716.35,168740
2021-06-22 09:20:50,716.45,169865
2021-06-22 09:20:50,716.9,170126
2021-06-22 09:20:51,716.7,170450
2021-06-22 09:20:53,716.95,170512
2021-06-22 09:20:54,716.95,170533
2021-06-22 09:20:55,716.75,170535
2021-06-22 09:20:59,716.6,170979
2021-06-22 09:21:00,716.5,171087
2021-06-22 09:21:00,716.5,171087
2021-06-22 09:21:01,716.6,171101
2021-06-22 09:21:02,716.45,171548
2021-06-22 09:21:04,716.3,171780
2021-06-22 09:21:05,716.6,172003
2021-06-22 09:21:06,716.65,172065
2021-06-22 09:21:07,716.5,173078
2021-06-22 09:21:07,716.0,172962
2021-06-22 09:21:08,716.5,173379
2021-06-22 09:21:09,716.25,173447
2021-06-22 09:21:11,716.45,173869
2021-06-22 09:21:13,716.45,173908
2021-06-22 09:21:14,716.3,173978
2021-06-22 09:21:15,716.4,174033
2021-06-22 09:21:16,716.3,175010
2021-06-22 09:21:16,716.35,175124
2021-06-22 09:21:17,716.35,175157
2021-06-22 09:21:19,716.05,175229
2021-06-22 09:21:21,716.25,175918
2021-06-22 09:21:22,716.25,176046
2021-06-22 09:21:24,716.25,176078
2021-06-22 09:21:25,716.05,179673
2021-06-22 09:21:26,716.15,180696
2021-06-22 09:21:26,716.05,180418
2021-06-22 09:21:27,716.0,180768
2021-06-22 09:21:29,716.0,180900
2021-06-22 09:21:30,715.8,181056
2021-06-22 09:21:31,716.0,181320
2021-06-22 09:21:32,715.8,182487
2021-06-22 09:21:32,715.95,182794
2021-06-22 09:21:33,715.95,182843
2021-06-22 09:21:34,716.0,182984
2021-06-22 09:21:36,715.95,183004
2021-06-22 09:21:37,715.95,183085
2021-06-22 09:21:38,715.95,183102
2021-06-22 09:21:39,715.85,183112
2021-06-22 09:21:40,715.95,183120
2021-06-22 09:21:41,715.95,183131
2021-06-22 09:21:42,715.95,183156
2021-06-22 09:21:43,715.9,183457
2021-06-22 09:21:44,716.0,183960
2021-06-22 09:21:45,716.0,184137
2021-06-22 09:21:45,715.75,184268
2021-06-22 09:21:47,715.75,185805
2021-06-22 09:21:48,715.95,186296
2021-06-22 09:21:48,715.95,186414
2021-06-22 09:21:50,715.95,187066
2021-06-22 09:21:51,716.05,188310
2021-06-22 09:21:53,716.15,188929
2021-06-22 09:21:52,716.2,188635
2021-06-22 09:21:54,716.1,189094
2021-06-22 09:21:55,716.15,189120
2021-06-22 09:21:56,716.1,189130
2021-06-22 09:21:57,715.95,189301
2021-06-22 09:21:58,716.1,189641
2021-06-22 09:21:59,715.9,189829
2021-06-22 09:22:00,716.1,189863
2021-06-22 09:22:01,715.9,190164
2021-06-22 09:22:02,716.15,190225
2021-06-22 09:22:03,715.75,190472
2021-06-22 09:22:04,715.95,191220
2021-06-22 09:22:05,715.9,191329
2021-06-22 09:22:06,716.15,191494
2021-06-22 09:22:07,716.1,191619
2021-06-22 09:22:08,716.2,191752
2021-06-22 09:22:10,716.1,191920
2021-06-22 09:22:10,716.1,191966
2021-06-22 09:22:11,715.65,192745
2021-06-22 09:22:13,715.3,193752
2021-06-22 09:22:15,715.5,194759
2021-06-22 09:22:16,715.5,195225
2021-06-22 09:22:17,715.1,195298
2021-06-22 09:22:18,715.5,195444
2021-06-22 09:22:19,715.1,195620
2021-06-22 09:22:20,715.25,195667
2021-06-22 09:22:21,715.5,195737
2021-06-22 09:22:22,715.25,195887
2021-06-22 09:22:23,715.5,195909
2021-06-22 09:22:24,715.25,195964
2021-06-22 09:22:25,715.2,195997
2021-06-22 09:22:26,715.25,196053
2021-06-22 09:22:27,715.45,196124
2021-06-22 09:22:28,715.25,196478
2021-06-22 09:22:29,715.45,196540
2021-06-22 09:22:31,715.45,196781
2021-06-22 09:22:32,715.5,196838
2021-06-22 09:22:33,715.25,197086
2021-06-22 09:22:34,715.25,197179
2021-06-22 09:22:35,715.45,197279
2021-06-22 09:22:36,715.25,197344
2021-06-22 09:22:37,715.2,197577
2021-06-22 09:22:38,715.25,197676
2021-06-22 09:22:39,715.3,197987
2021-06-22 09:22:41,715.5,199144
2021-06-22 09:22:42,715.3,199598
2021-06-22 09:22:43,715.4,199902
2021-06-22 09:22:44,715.25,200453
2021-06-22 09:22:44,715.65,200519
2021-06-22 09:22:46,715.5,201083
2021-06-22 09:22:47,715.2,201118
2021-06-22 09:22:48,715.45,201868
2021-06-22 09:22:49,715.2,202022
2021-06-22 09:22:50,715.2,202107
2021-06-22 09:22:51,715.5,202307
2021-06-22 09:22:52,715.65,202361
2021-06-22 09:22:53,715.2,202622
2021-06-22 09:22:54,715.2,203070
2021-06-22 09:22:55,715.45,203557
2021-06-22 09:22:56,715.0,206190
2021-06-22 09:22:56,715.2,206430
2021-06-22 09:22:57,715.2,207250
2021-06-22 09:22:58,715.4,207569
2021-06-22 09:23:00,715.1,208065
2021-06-22 09:23:01,715.0,208376
2021-06-22 09:23:02,715.1,208699
2021-06-22 09:23:03,715.0,209755
2021-06-22 09:23:04,715.0,211070
2021-06-22 09:23:05,715.0,211583
2021-06-22 09:23:06,715.35,211741
2021-06-22 09:23:07,715.05,212026
2021-06-22 09:23:08,715.0,212306
2021-06-22 09:23:08,715.0,212306
2021-06-22 09:23:09,715.0,212507
2021-06-22 09:23:11,714.95,215107
2021-06-22 09:23:11,714.85,215463
2021-06-22 09:23:12,714.9,215692
2021-06-22 09:23:13,714.9,216104
2021-06-22 09:23:14,714.9,216218
2021-06-22 09:23:15,714.65,216479
2021-06-22 09:23:17,714.6,216738
2021-06-22 09:23:21,714.35,218168
2021-06-22 09:23:22,714.6,218200
2021-06-22 09:23:23,714.6,218399
2021-06-22 09:23:24,714.2,218645
2021-06-22 09:23:25,714.4,218818
2021-06-22 09:23:26,714.4,218846
2021-06-22 09:23:28,714.4,219838
2021-06-22 09:23:28,714.6,219919
2021-06-22 09:23:29,714.05,220153
2021-06-22 09:23:31,714.05,220222
2021-06-22 09:23:32,714.25,222358
2021-06-22 09:23:33,714.5,223379
2021-06-22 09:23:34,714.2,224152
2021-06-22 09:23:35,714.15,224535
2021-06-22 09:23:36,714.3,225128
2021-06-22 09:23:37,714.35,225233
2021-06-22 09:23:38,714.25,225744
2021-06-22 09:23:39,714.0,226232
2021-06-22 09:23:40,714.0,226252
2021-06-22 09:23:41,714.0,226345
2021-06-22 09:23:41,714.45,226637
2021-06-22 09:23:42,714.05,226856
2021-06-22 09:23:43,714.0,227645
2021-06-22 09:23:44,713.8,227746
2021-06-22 09:23:46,713.95,227805
2021-06-22 09:23:47,714.0,227832
2021-06-22 09:23:47,713.6,228211
2021-06-22 09:23:49,714.0,228232
2021-06-22 09:23:50,714.0,228308
2021-06-22 09:23:51,713.7,228385
2021-06-22 09:23:52,713.95,228783
2021-06-22 09:23:53,713.7,229052
2021-06-22 09:23:54,714.0,229312
2021-06-22 09:23:55,713.65,229486
2021-06-22 09:23:56,713.95,229801
2021-06-22 09:23:57,713.95,230106
2021-06-22 09:23:59,713.5,230628
2021-06-22 09:24:00,713.8,231624
2021-06-22 09:24:02,713.85,232390
2021-06-22 09:24:02,713.9,232712
2021-06-22 09:24:03,713.8,232912
2021-06-22 09:24:04,713.6,233227
2021-06-22 09:24:05,713.7,233470
2021-06-22 09:24:06,714.0,233532
2021-06-22 09:24:07,714.0,233845
2021-06-22 09:24:08,714.0,233983
2021-06-22 09:24:09,713.6,234109
2021-06-22 09:24:10,713.5,234638
2021-06-22 09:24:11,713.4,235206
2021-06-22 09:24:12,713.9,235852
2021-06-22 09:24:14,714.0,236743
2021-06-22 09:24:19,713.75,237757
2021-06-22 09:24:21,713.4,238206
2021-06-22 09:24:24,713.45,239241
2021-06-22 09:24:25,713.4,239824
2021-06-22 09:24:26,713.95,240576
2021-06-22 09:24:28,713.95,241117
2021-06-22 09:24:29,714.0,241351
2021-06-22 09:24:30,713.55,241626
2021-06-22 09:24:31,713.7,242018
2021-06-22 09:24:32,713.9,242576
2021-06-22 09:24:33,713.9,242868
2021-06-22 09:24:34,713.9,242910
2021-06-22 09:24:35,713.85,242963
2021-06-22 09:24:36,713.95,243191
2021-06-22 09:24:38,713.65,243318
2021-06-22 09:24:39,713.65,243519
2021-06-22 09:24:40,714.0,243746
2021-06-22 09:24:41,714.0,244329
2021-06-22 09:24:42,714.0,244612
2021-06-22 09:24:44,714.2,248527
2021-06-22 09:24:45,714.5,249775
2021-06-22 09:24:46,714.1,250254
2021-06-22 09:24:47,714.5,250386
2021-06-22 09:24:48,714.1,250702
2021-06-22 09:24:49,714.5,250988
2021-06-22 09:24:50,714.2,251130
2021-06-22 09:24:51,714.4,251203
2021-06-22 09:24:52,714.4,251315
2021-06-22 09:24:53,714.35,252713
2021-06-22 09:24:54,713.95,252802
2021-06-22 09:24:55,714.35,253157
2021-06-22 09:24:56,714.5,254207
2021-06-22 09:24:57,714.65,254434
2021-06-22 09:24:58,714.5,254698
2021-06-22 09:24:59,714.85,254975
2021-06-22 09:25:01,714.8,255371
2021-06-22 09:25:02,714.8,255432
2021-06-22 09:25:03,714.4,255888
2021-06-22 09:25:04,714.4,255947
2021-06-22 09:25:05,714.65,255972
2021-06-22 09:25:06,714.5,256061
2021-06-22 09:25:07,714.4,256486
2021-06-22 09:25:08,714.05,258727
2021-06-22 09:25:09,714.2,259350
2021-06-22 09:25:10,714.1,259701
2021-06-22 09:25:11,714.1,259850
2021-06-22 09:25:12,714.5,260268
2021-06-22 09:25:13,714.1,260326
2021-06-22 09:25:14,714.1,261819
2021-06-22 09:25:15,714.6,262435
2021-06-22 09:25:16,714.6,262527
2021-06-22 09:25:17,714.2,262701
2021-06-22 09:25:18,714.25,262941
2021-06-22 09:25:20,714.45,263010
2021-06-22 09:25:19,714.45,263010
2021-06-22 09:25:21,714.25,263731
2021-06-22 09:25:22,714.5,263991
2021-06-22 09:25:23,714.15,264432
2021-06-22 09:25:24,714.5,264609
2021-06-22 09:25:25,714.75,265646
2021-06-22 09:25:26,714.25,265729
2021-06-22 09:25:27,714.2,266125
2021-06-22 09:25:28,714.45,266207
2021-06-22 09:25:31,714.25,268697
2021-06-22 09:25:32,714.5,269052
2021-06-22 09:25:33,714.65,270188
2021-06-22 09:25:34,714.35,270526
2021-06-22 09:25:35,714.7,270894
2021-06-22 09:25:36,714.7,270955
2021-06-22 09:25:37,714.75,271455
2021-06-22 09:25:38,714.75,271539
2021-06-22 09:25:39,714.8,272039
2021-06-22 09:25:40,714.7,272107
2021-06-22 09:25:41,714.8,272404
2021-06-22 09:25:42,714.7,273014
2021-06-22 09:25:43,714.35,273444
2021-06-22 09:25:44,714.35,273461
2021-06-22 09:25:45,714.7,273741
2021-06-22 09:25:46,714.7,273845
2021-06-22 09:25:47,714.7,273892
2021-06-22 09:25:49,714.7,274195
2021-06-22 09:25:50,714.4,274511
2021-06-22 09:25:51,714.8,274672
2021-06-22 09:25:52,714.8,274707
2021-06-22 09:25:53,714.85,274762
2021-06-22 09:25:54,714.4,274883
2021-06-22 09:25:55,714.35,274978
2021-06-22 09:25:56,714.4,275059
2021-06-22 09:25:57,714.75,275100
2021-06-22 09:25:58,714.8,275212
2021-06-22 09:26:00,714.8,275279
2021-06-22 09:26:01,714.8,276485
2021-06-22 09:26:02,714.75,276730
2021-06-22 09:26:04,714.1,278325
2021-06-22 09:26:03,714.95,276767
2021-06-22 09:26:05,714.2,279064
2021-06-22 09:26:06,714.7,279343
2021-06-22 09:26:07,714.25,279460
2021-06-22 09:26:09,714.7,279639
2021-06-22 09:26:08,714.65,279533
2021-06-22 09:26:10,714.75,279676
2021-06-22 09:26:11,714.7,279702
2021-06-22 09:26:12,714.75,279717
2021-06-22 09:26:13,714.75,279939
2021-06-22 09:26:15,714.75,279987
2021-06-22 09:26:16,714.0,282772
2021-06-22 09:26:17,714.2,283387
2021-06-22 09:26:18,714.6,283509
2021-06-22 09:26:20,714.25,283578
2021-06-22 09:26:21,714.6,283658
2021-06-22 09:26:22,714.6,283847
2021-06-22 09:26:23,714.6,284001
2021-06-22 09:26:24,714.65,284486
2021-06-22 09:26:25,714.6,284830
2021-06-22 09:26:26,714.2,285232
2021-06-22 09:26:27,714.25,285375
2021-06-22 09:26:28,714.65,285730
2021-06-22 09:26:29,714.45,285929
2021-06-22 09:26:30,714.25,286251
2021-06-22 09:26:31,714.5,287276
2021-06-22 09:26:32,714.35,287606
2021-06-22 09:26:33,714.35,287869
2021-06-22 09:26:34,714.6,288260
2021-06-22 09:26:35,714.6,288279
2021-06-22 09:26:36,714.3,288324
2021-06-22 09:26:37,714.6,288413
2021-06-22 09:26:38,714.8,289112
2021-06-22 09:26:39,714.95,289288
2021-06-22 09:26:40,715.0,290521
2021-06-22 09:26:41,714.8,290816
2021-06-22 09:26:42,714.8,291285
2021-06-22 09:26:43,715.1,291413
2021-06-22 09:26:44,714.9,291453
2021-06-22 09:26:45,714.55,295360
2021-06-22 09:26:46,714.65,295773
2021-06-22 09:26:47,714.7,296136
2021-06-22 09:26:48,714.35,296736
2021-06-22 09:26:50,714.75,296955
2021-06-22 09:26:51,714.7,297053
2021-06-22 09:26:52,714.75,298092
2021-06-22 09:26:53,714.7,298442
2021-06-22 09:26:54,714.75,298998
2021-06-22 09:26:55,714.4,299159
2021-06-22 09:26:56,714.4,299382
2021-06-22 09:26:57,714.4,299614
2021-06-22 09:26:58,714.7,299763
2021-06-22 09:26:59,714.4,299797
2021-06-22 09:27:00,714.7,300022
2021-06-22 09:27:01,714.45,300206
2021-06-22 09:27:02,714.4,300231
2021-06-22 09:27:03,714.45,300311
2021-06-22 09:27:04,714.6,300572
2021-06-22 09:27:05,714.6,300636
2021-06-22 09:27:06,714.35,300717
2021-06-22 09:27:07,714.75,300988
2021-06-22 09:27:07,714.75,301028
2021-06-22 09:27:08,714.8,301144
2021-06-22 09:27:09,714.5,301212
2021-06-22 09:27:10,714.8,301222
2021-06-22 09:27:11,714.8,301239
2021-06-22 09:27:12,714.45,301344
2021-06-22 09:27:13,714.8,301379
2021-06-22 09:27:16,714.35,302510
2021-06-22 09:27:17,714.5,302615
2021-06-22 09:27:17,714.5,302651
2021-06-22 09:27:19,714.35,302801
2021-06-22 09:27:19,714.5,302824
2021-06-22 09:27:21,714.7,304913
2021-06-22 09:27:22,714.95,305263
2021-06-22 09:27:22,714.95,305263
2021-06-22 09:27:23,715.0,305518
2021-06-22 09:27:24,714.7,305624
2021-06-22 09:27:25,714.95,305640
2021-06-22 09:27:26,714.9,305654
2021-06-22 09:27:27,714.9,305654
2021-06-22 09:27:28,714.65,305909
2021-06-22 09:27:30,715.0,306765
2021-06-22 09:27:30,714.9,307130
2021-06-22 09:27:31,715.4,307911
2021-06-22 09:27:32,714.85,308022
2021-06-22 09:27:33,715.4,308513
2021-06-22 09:27:34,715.6,309571
2021-06-22 09:27:35,715.25,310047
2021-06-22 09:27:37,715.5,310140
2021-06-22 09:27:38,715.6,310204
2021-06-22 09:27:38,715.6,310344
2021-06-22 09:27:39,715.9,310672
2021-06-22 09:27:40,715.85,310705
2021-06-22 09:27:41,715.9,310809
2021-06-22 09:27:42,715.85,310886
2021-06-22 09:27:43,715.85,310886
2021-06-22 09:27:44,715.3,311399
2021-06-22 09:27:45,715.75,311409
2021-06-22 09:27:46,715.35,311466
2021-06-22 09:27:47,715.75,311506
2021-06-22 09:27:48,715.7,311658
2021-06-22 09:27:49,715.45,311714
2021-06-22 09:27:50,715.85,312087
2021-06-22 09:27:51,715.5,312156
2021-06-22 09:27:52,715.9,312236
2021-06-22 09:27:53,715.85,312248
2021-06-22 09:27:54,715.85,312248
2021-06-22 09:27:55,715.8,312281
2021-06-22 09:27:56,715.9,312289
2021-06-22 09:27:58,715.9,312714
2021-06-22 09:27:59,715.95,313523
2021-06-22 09:28:00,715.65,314806
2021-06-22 09:28:02,716.0,315244
2021-06-22 09:28:04,716.0,315265
2021-06-22 09:28:05,715.9,315280
2021-06-22 09:28:05,715.8,315275
2021-06-22 09:28:06,715.9,317825
2021-06-22 09:28:07,716.1,318656
2021-06-22 09:28:08,715.7,319039
2021-06-22 09:28:09,715.9,319090
2021-06-22 09:28:10,715.65,321313
2021-06-22 09:28:11,716.1,323267
2021-06-22 09:28:12,716.1,323582
2021-06-22 09:28:13,716.2,323712
2021-06-22 09:28:14,716.3,323742
2021-06-22 09:28:15,716.2,323974
2021-06-22 09:28:16,716.5,324015
2021-06-22 09:28:17,716.5,324481
2021-06-22 09:28:18,716.15,324612
2021-06-22 09:28:20,716.3,324889
2021-06-22 09:28:21,716.3,324964
2021-06-22 09:28:22,716.65,324979
2021-06-22 09:28:23,716.5,325005
2021-06-22 09:28:24,716.5,325027
2021-06-22 09:28:25,716.75,325210
2021-06-22 09:28:27,716.75,325410
2021-06-22 09:28:28,716.3,325442
2021-06-22 09:28:29,716.65,326633
2021-06-22 09:28:30,716.25,326868
2021-06-22 09:28:31,716.25,327090
2021-06-22 09:28:32,716.7,327372
2021-06-22 09:28:33,716.7,327433
2021-06-22 09:28:34,716.7,327433
2021-06-22 09:28:35,716.7,327433
2021-06-22 09:28:38,716.35,327517
2021-06-22 09:28:40,716.65,327642
2021-06-22 09:28:41,716.35,327805
2021-06-22 09:28:42,716.75,328264
2021-06-22 09:28:43,716.5,328398
2021-06-22 09:28:44,716.95,328774
2021-06-22 09:28:45,716.5,328901
2021-06-22 09:28:47,716.7,330106
2021-06-22 09:28:48,716.8,330326
2021-06-22 09:28:49,716.85,330813
2021-06-22 09:28:51,716.4,331004
2021-06-22 09:28:52,716.4,331071
2021-06-22 09:28:53,716.45,331164
2021-06-22 09:28:54,716.45,331317
2021-06-22 09:28:56,716.75,331459
2021-06-22 09:28:58,716.85,331517
2021-06-22 09:28:59,716.6,331552
2021-06-22 09:29:00,716.4,332161
2021-06-22 09:29:01,716.75,332797
2021-06-22 09:29:02,716.25,334017
2021-06-22 09:29:03,716.25,334282
2021-06-22 09:29:04,716.55,334322
2021-06-22 09:29:06,716.25,334665
2021-06-22 09:29:07,716.25,334683
2021-06-22 09:29:08,716.2,334923
2021-06-22 09:29:09,716.4,335050
2021-06-22 09:29:10,716.7,335211
2021-06-22 09:29:10,716.4,335054
2021-06-22 09:29:11,716.65,335234
2021-06-22 09:29:12,716.65,335244
2021-06-22 09:29:14,716.8,335879
2021-06-22 09:29:15,716.7,335975
2021-06-22 09:29:16,716.7,336533
2021-06-22 09:29:17,716.5,337613
2021-06-22 09:29:18,716.75,337816
2021-06-22 09:29:19,716.5,337888
2021-06-22 09:29:20,716.5,337898
2021-06-22 09:29:20,716.5,337899
2021-06-22 09:29:21,716.4,337955
2021-06-22 09:29:22,716.75,338187
2021-06-22 09:29:23,716.5,338301
2021-06-22 09:29:24,716.75,338360
2021-06-22 09:29:27,716.5,338646
2021-06-22 09:29:28,716.7,339059
2021-06-22 09:29:29,716.4,339161
2021-06-22 09:29:30,716.75,339506
2021-06-22 09:29:31,716.45,339562
2021-06-22 09:29:32,716.35,339732
2021-06-22 09:29:33,716.35,339784
2021-06-22 09:29:35,716.35,339845
2021-06-22 09:29:37,716.7,339871
2021-06-22 09:29:38,716.4,339899
2021-06-22 09:29:39,716.75,340404
2021-06-22 09:29:40,716.8,340507
2021-06-22 09:29:41,716.85,340520
2021-06-22 09:29:42,716.85,340520
2021-06-22 09:29:43,716.4,341045
2021-06-22 09:29:44,716.75,341122
2021-06-22 09:29:45,716.45,341365
2021-06-22 09:29:46,716.2,342966
2021-06-22 09:29:47,716.75,343184
2021-06-22 09:29:49,716.45,343382
2021-06-22 09:29:50,716.75,343401
2021-06-22 09:29:50,716.75,343433
2021-06-22 09:29:51,716.75,343469
2021-06-22 09:29:52,716.45,343577
2021-06-22 09:29:53,716.45,343722
2021-06-22 09:29:54,716.4,343840
2021-06-22 09:29:55,716.45,345143
2021-06-22 09:29:56,716.25,346460
2021-06-22 09:29:59,716.4,347225
2021-06-22 09:30:00,716.85,347275
2021-06-22 09:30:01,716.45,347427
2021-06-22 09:30:02,716.7,347502
2021-06-22 09:30:03,716.7,347514
2021-06-22 09:30:04,716.15,351203
2021-06-22 09:30:05,716.2,352109
2021-06-22 09:30:06,715.9,354912
2021-06-22 09:30:07,715.55,355575
2021-06-22 09:30:08,715.9,355720
2021-06-22 09:30:09,715.6,356007
2021-06-22 09:30:10,715.6,356212
2021-06-22 09:30:11,715.4,357146
2021-06-22 09:30:12,715.3,357416
2021-06-22 09:30:12,715.3,357416
2021-06-22 09:30:13,715.8,357477
2021-06-22 09:30:14,715.7,357501
2021-06-22 09:30:15,715.35,357578
2021-06-22 09:30:16,715.35,357687
2021-06-22 09:30:17,715.15,358082
2021-06-22 09:30:18,715.6,358098
2021-06-22 09:30:19,715.0,360027
2021-06-22 09:30:20,715.0,360401
2021-06-22 09:30:21,715.0,361397
2021-06-22 09:30:22,715.0,361397
2021-06-22 09:30:23,715.1,361574
2021-06-22 09:30:24,715.05,361605
2021-06-22 09:30:27,714.7,361962
2021-06-22 09:30:28,714.9,361998
2021-06-22 09:30:29,714.85,363022
2021-06-22 09:30:30,715.45,363513
2021-06-22 09:30:31,715.0,365116
2021-06-22 09:30:32,715.0,365379
2021-06-22 09:30:33,715.4,365464
2021-06-22 09:30:34,715.4,365577
2021-06-22 09:30:34,715.0,365564
2021-06-22 09:30:35,715.4,365676
2021-06-22 09:30:36,715.4,365700
2021-06-22 09:30:37,715.45,365960
2021-06-22 09:30:38,715.6,366041
2021-06-22 09:30:40,715.6,366360
2021-06-22 09:30:41,715.3,366911
2021-06-22 09:30:42,715.8,367066
2021-06-22 09:30:43,715.75,367363
2021-06-22 09:30:43,715.75,367407
2021-06-22 09:30:44,715.85,367461
2021-06-22 09:30:45,715.45,367601
2021-06-22 09:30:46,715.3,367645
2021-06-22 09:30:47,715.7,367646
2021-06-22 09:30:48,715.05,367991
2021-06-22 09:30:50,715.05,368440
2021-06-22 09:30:51,715.05,368479
2021-06-22 09:30:53,714.95,368552
2021-06-22 09:30:54,714.85,370256
2021-06-22 09:30:55,715.15,370884
2021-06-22 09:30:56,715.25,371061
2021-06-22 09:30:57,714.75,371211
2021-06-22 09:30:57,715.3,371225
2021-06-22 09:30:58,715.4,371275
2021-06-22 09:30:59,715.45,371444
2021-06-22 09:31:00,715.05,371524
2021-06-22 09:31:01,715.45,371638
2021-06-22 09:31:02,715.45,371655
2021-06-22 09:31:03,715.35,371794
2021-06-22 09:31:04,715.4,371912
2021-06-22 09:31:05,714.75,372472
2021-06-22 09:31:06,714.7,372598
2021-06-22 09:31:07,714.7,372618
2021-06-22 09:31:09,714.8,372639
2021-06-22 09:31:10,714.8,372655
2021-06-22 09:31:11,714.7,372858
2021-06-22 09:31:12,714.8,372904
2021-06-22 09:31:14,714.75,373033
2021-06-22 09:31:15,714.7,373089
2021-06-22 09:31:16,714.75,373118
2021-06-22 09:31:17,714.75,373226
2021-06-22 09:31:18,714.8,373302
2021-06-22 09:31:19,714.75,373305
2021-06-22 09:31:20,714.75,373347
2021-06-22 09:31:21,714.5,373658
2021-06-22 09:31:22,714.8,374016
2021-06-22 09:31:23,714.7,374041
2021-06-22 09:31:24,714.4,375232
2021-06-22 09:31:25,714.45,375261
2021-06-22 09:31:27,714.45,375341
2021-06-22 09:31:28,714.7,375365
2021-06-22 09:31:29,714.5,375473
2021-06-22 09:31:30,714.45,375558
2021-06-22 09:31:31,714.45,375583
2021-06-22 09:31:33,714.45,375639
2021-06-22 09:31:34,714.7,375785
2021-06-22 09:31:35,714.5,375851
2021-06-22 09:31:36,714.4,376156
2021-06-22 09:31:37,714.7,376274
2021-06-22 09:31:37,714.7,376292
2021-06-22 09:31:39,714.7,376498
2021-06-22 09:31:40,714.7,376626
2021-06-22 09:31:41,714.7,376763
2021-06-22 09:31:42,714.8,376783
2021-06-22 09:31:43,714.8,376848
2021-06-22 09:31:43,714.4,376878
2021-06-22 09:31:45,714.45,376982
2021-06-22 09:31:46,714.5,377154
2021-06-22 09:31:47,714.45,377321
2021-06-22 09:31:48,714.35,377335
2021-06-22 09:31:49,714.5,377541
2021-06-22 09:31:50,714.75,377584
2021-06-22 09:31:51,714.4,377594
2021-06-22 09:31:52,714.75,377620
2021-06-22 09:31:53,714.35,377761
2021-06-22 09:31:54,714.45,377792
2021-06-22 09:31:55,714.5,378947
2021-06-22 09:31:56,714.75,379156
2021-06-22 09:31:57,714.8,379253
2021-06-22 09:31:58,714.6,379408
2021-06-22 09:31:59,714.6,379459
2021-06-22 09:32:00,715.0,379763
2021-06-22 09:32:01,715.0,379874
2021-06-22 09:32:02,715.0,380780
2021-06-22 09:32:03,715.0,380791
2021-06-22 09:32:04,715.3,380815
2021-06-22 09:32:05,715.05,380829
2021-06-22 09:32:06,715.3,380861
2021-06-22 09:32:07,715.05,380970
2021-06-22 09:32:08,715.3,380990
2021-06-22 09:32:09,715.05,381110
2021-06-22 09:32:10,715.0,381123
2021-06-22 09:32:11,715.05,381728
2021-06-22 09:32:12,715.1,381733
2021-06-22 09:32:13,715.55,381743
2021-06-22 09:32:14,715.7,382178
2021-06-22 09:32:15,715.7,382185
2021-06-22 09:32:16,715.3,382274
2021-06-22 09:32:17,715.15,382379
2021-06-22 09:32:18,715.15,382380
2021-06-22 09:32:19,715.6,382414
2021-06-22 09:32:20,715.25,382539
2021-06-22 09:32:21,715.7,382568
2021-06-22 09:32:22,715.7,382568
2021-06-22 09:32:23,715.6,382893
2021-06-22 09:32:24,715.75,382974
2021-06-22 09:32:25,715.65,382989
2021-06-22 09:32:26,715.3,382997
2021-06-22 09:32:27,715.3,383001
2021-06-22 09:32:28,715.4,383002
2021-06-22 09:32:29,715.05,383029
2021-06-22 09:32:29,715.1,383011
2021-06-22 09:32:30,715.05,383127
2021-06-22 09:32:31,715.3,383215
2021-06-22 09:32:32,715.55,383228
2021-06-22 09:32:33,715.7,383858
2021-06-22 09:32:34,715.55,383984
2021-06-22 09:32:35,715.8,384008
2021-06-22 09:32:36,715.75,384088
2021-06-22 09:32:37,715.7,384129
2021-06-22 09:32:38,715.7,384129
2021-06-22 09:32:39,715.7,384187
2021-06-22 09:32:40,715.35,384310
2021-06-22 09:32:41,715.7,384339
2021-06-22 09:32:42,715.7,384355
2021-06-22 09:32:43,715.7,384373
2021-06-22 09:32:44,715.55,384401
2021-06-22 09:32:46,715.4,384630
2021-06-22 09:32:47,715.4,384684
2021-06-22 09:32:48,715.6,384767
2021-06-22 09:32:49,715.6,384794
2021-06-22 09:32:50,715.6,384814
2021-06-22 09:32:51,715.6,384820
2021-06-22 09:32:52,715.2,384863
2021-06-22 09:32:55,715.2,385212
2021-06-22 09:32:56,715.55,385257
2021-06-22 09:32:56,715.2,385325
2021-06-22 09:32:57,715.55,385341
2021-06-22 09:32:58,715.2,385427
2021-06-22 09:32:59,715.2,385427
2021-06-22 09:33:00,715.2,385456
2021-06-22 09:33:01,715.55,385495
2021-06-22 09:33:03,715.1,385700
2021-06-22 09:33:03,715.5,385733
2021-06-22 09:33:04,715.55,385919
2021-06-22 09:33:05,715.2,386024
2021-06-22 09:33:07,715.5,386074
2021-06-22 09:33:08,715.5,386084
2021-06-22 09:33:09,715.3,386094
2021-06-22 09:33:10,715.55,386127
2021-06-22 09:33:11,715.5,386157
2021-06-22 09:33:12,715.5,386157
2021-06-22 09:33:13,715.5,386218
2021-06-22 09:33:14,715.5,386276
2021-06-22 09:33:15,715.5,386294
2021-06-22 09:33:16,715.7,386553
2021-06-22 09:33:17,715.7,386635
2021-06-22 09:33:18,715.25,386984
2021-06-22 09:33:19,715.35,387104
2021-06-22 09:33:20,715.2,387222
2021-06-22 09:33:21,715.35,387240
2021-06-22 09:33:22,715.2,387272
2021-06-22 09:33:23,715.2,387659
2021-06-22 09:33:24,715.5,387724
2021-06-22 09:33:25,715.5,387734
2021-06-22 09:33:26,715.5,387888
2021-06-22 09:33:27,715.55,387913
2021-06-22 09:33:28,715.5,388067
2021-06-22 09:33:29,715.55,388096
2021-06-22 09:33:30,715.5,388135
2021-06-22 09:33:31,715.7,388378
2021-06-22 09:33:32,715.5,388507
2021-06-22 09:33:33,715.7,388691
2021-06-22 09:33:34,715.3,388817
2021-06-22 09:33:35,715.35,388868
2021-06-22 09:33:36,715.55,388888
2021-06-22 09:33:37,715.6,388954
2021-06-22 09:33:38,715.6,389057
2021-06-22 09:33:40,715.25,389096
2021-06-22 09:33:39,715.6,389086
2021-06-22 09:33:41,715.7,389304
2021-06-22 09:33:42,715.25,389377
2021-06-22 09:33:43,715.7,389809
2021-06-22 09:33:44,715.7,389957
2021-06-22 09:33:45,715.7,390008
2021-06-22 09:33:46,715.3,390045
2021-06-22 09:33:47,715.3,390239
2021-06-22 09:33:48,715.35,390359
2021-06-22 09:33:49,715.6,390587
2021-06-22 09:33:50,715.6,390687
2021-06-22 09:33:51,715.25,390791
2021-06-22 09:33:52,715.25,390861
2021-06-22 09:33:53,715.25,390891
2021-06-22 09:33:54,715.6,391109
2021-06-22 09:33:55,715.55,391307
2021-06-22 09:33:56,715.25,391327
2021-06-22 09:33:57,715.0,393638
2021-06-22 09:33:59,715.05,394893
2021-06-22 09:34:00,714.9,394920
2021-06-22 09:34:01,715.05,395025
2021-06-22 09:34:02,715.05,395041
2021-06-22 09:34:03,715.05,395241
2021-06-22 09:34:04,715.0,395321
2021-06-22 09:34:05,715.0,395371
2021-06-22 09:34:06,715.0,395372
2021-06-22 09:34:07,715.0,395394
2021-06-22 09:34:08,715.0,395397
2021-06-22 09:34:10,715.05,395528
2021-06-22 09:34:12,715.0,395584
2021-06-22 09:34:15,715.45,395996
2021-06-22 09:34:16,715.4,396079
2021-06-22 09:34:17,715.05,396139
2021-06-22 09:34:18,715.05,396194
2021-06-22 09:34:19,715.05,396258
2021-06-22 09:34:20,715.25,396266
2021-06-22 09:34:21,715.8,403814
2021-06-22 09:34:22,715.75,403956
2021-06-22 09:34:23,715.7,404018
2021-06-22 09:34:24,716.05,404128
2021-06-22 09:34:25,716.05,404257
2021-06-22 09:34:26,716.05,404289
2021-06-22 09:34:27,715.85,404322
2021-06-22 09:34:28,715.85,404481
2021-06-22 09:34:29,715.8,404531
2021-06-22 09:34:30,715.8,404591
2021-06-22 09:34:31,715.8,404606
2021-06-22 09:34:32,716.0,404724
2021-06-22 09:34:33,716.0,404734
2021-06-22 09:34:34,716.0,404786
2021-06-22 09:34:35,716.0,404786
2021-06-22 09:34:36,716.0,404845
2021-06-22 09:34:37,715.7,404886
2021-06-22 09:34:38,716.0,404935
2021-06-22 09:34:39,716.0,404965
2021-06-22 09:34:41,716.0,405578
2021-06-22 09:34:42,715.75,405693
2021-06-22 09:34:43,716.0,405750
2021-06-22 09:34:44,716.0,405750
2021-06-22 09:34:45,716.0,405750
2021-06-22 09:34:46,715.75,405788
2021-06-22 09:34:47,715.75,405788
2021-06-22 09:34:48,715.75,405790
2021-06-22 09:34:49,715.75,405790
2021-06-22 09:34:50,715.75,405791
2021-06-22 09:34:51,715.75,406013
2021-06-22 09:34:52,715.7,406073
2021-06-22 09:34:53,715.75,406088
2021-06-22 09:34:54,715.65,406392
2021-06-22 09:34:55,715.7,406470
2021-06-22 09:34:56,715.55,406554
2021-06-22 09:34:57,715.7,406555
2021-06-22 09:34:58,715.7,406560
2021-06-22 09:34:59,715.7,406575
2021-06-22 09:35:00,715.7,406575
2021-06-22 09:35:01,715.7,406643
2021-06-22 09:35:02,715.7,406643
2021-06-22 09:35:03,715.55,406644
2021-06-22 09:35:05,715.7,406677
2021-06-22 09:35:07,715.6,406874
2021-06-22 09:35:08,715.7,406893
2021-06-22 09:35:09,715.6,406968
2021-06-22 09:35:13,715.7,407135
2021-06-22 09:35:14,715.8,407163
2021-06-22 09:35:15,715.7,407177
2021-06-22 09:35:16,715.95,407610
2021-06-22 09:35:17,715.7,407613
2021-06-22 09:35:18,715.85,407804
2021-06-22 09:35:19,715.95,407919
2021-06-22 09:35:20,715.95,407919
2021-06-22 09:35:21,715.7,408069
2021-06-22 09:35:22,715.95,408095
2021-06-22 09:35:23,715.95,408121
2021-06-22 09:35:24,715.95,408167
2021-06-22 09:35:25,715.7,408278
2021-06-22 09:35:26,715.95,408298
2021-06-22 09:35:27,715.7,408332
2021-06-22 09:35:28,715.95,408412
2021-06-22 09:35:29,715.65,408541
2021-06-22 09:35:30,715.95,408695
2021-06-22 09:35:31,715.3,409311
2021-06-22 09:35:32,715.4,409338
2021-06-22 09:35:33,715.4,409338
2021-06-22 09:35:34,715.6,409494
2021-06-22 09:35:35,715.75,409520
2021-06-22 09:35:36,715.6,409530
2021-06-22 09:35:37,715.6,409534
2021-06-22 09:35:38,715.6,409534
2021-06-22 09:35:39,715.6,409539
2021-06-22 09:35:40,715.5,409540
2021-06-22 09:35:41,715.5,409540
2021-06-22 09:35:42,715.5,409540
2021-06-22 09:35:43,715.55,409550
2021-06-22 09:35:44,715.55,409580
2021-06-22 09:35:45,715.35,409612
2021-06-22 09:35:48,715.3,409839
2021-06-22 09:35:49,715.6,409962
2021-06-22 09:35:50,715.5,410077
2021-06-22 09:35:51,715.6,410227
2021-06-22 09:35:52,715.75,410274
2021-06-22 09:35:53,715.8,410324
2021-06-22 09:35:54,715.85,410459
2021-06-22 09:35:55,715.85,410459
2021-06-22 09:35:56,715.8,410506
2021-06-22 09:35:57,715.8,410515
2021-06-22 09:35:58,715.8,410515
2021-06-22 09:35:59,715.8,410540
2021-06-22 09:36:00,715.75,410575
2021-06-22 09:36:01,715.5,411036
2021-06-22 09:36:02,715.6,411116
2021-06-22 09:36:03,715.7,411126
2021-06-22 09:36:04,715.7,411212
2021-06-22 09:36:05,715.7,411224
2021-06-22 09:36:06,715.35,411235
2021-06-22 09:36:07,715.35,411235
2021-06-22 09:36:08,715.35,411235
2021-06-22 09:36:09,715.35,411235
2021-06-22 09:36:10,715.35,411270
2021-06-22 09:36:11,715.35,411270
2021-06-22 09:36:12,715.3,411347
2021-06-22 09:36:13,715.3,411347
2021-06-22 09:36:14,715.6,411348
2021-06-22 09:36:15,715.85,412834
2021-06-22 09:36:16,715.7,413226
2021-06-22 09:36:17,715.7,413251
2021-06-22 09:36:18,715.7,413325
2021-06-22 09:36:19,715.6,413328
2021-06-22 09:36:20,715.6,413328
2021-06-22 09:36:21,715.6,413328
2021-06-22 09:36:22,715.6,413328
2021-06-22 09:36:23,715.7,413728
2021-06-22 09:36:24,715.7,413810
2021-06-22 09:36:25,715.6,413825
2021-06-22 09:36:26,715.6,414255
2021-06-22 09:36:28,715.6,414573
2021-06-22 09:36:29,715.7,414823
2021-06-22 09:36:30,715.45,414930
2021-06-22 09:36:31,715.6,414980
2021-06-22 09:36:32,715.7,415005
2021-06-22 09:36:33,715.6,415105
2021-06-22 09:36:34,715.6,415127
2021-06-22 09:36:35,715.45,415146
2021-06-22 09:36:37,715.6,415158
2021-06-22 09:36:36,715.6,415158
2021-06-22 09:36:41,715.6,415454
2021-06-22 09:36:48,715.6,415642
2021-06-22 09:36:49,715.6,415642
2021-06-22 09:36:50,715.6,415656
2021-06-22 09:36:51,715.55,415752
2021-06-22 09:36:53,715.55,415801
2021-06-22 09:36:54,715.55,415957
2021-06-22 09:36:55,715.55,416022
2021-06-22 09:36:56,715.5,416028
2021-06-22 09:36:57,715.4,416463
2021-06-22 09:36:58,715.55,416577
2021-06-22 09:36:59,715.55,416577
2021-06-22 09:37:00,715.55,416624
2021-06-22 09:37:01,715.6,417059
2021-06-22 09:37:02,715.6,417177
2021-06-22 09:37:03,715.6,417303
2021-06-22 09:37:04,715.6,417348
2021-06-22 09:37:05,715.55,417398
2021-06-22 09:37:06,715.55,417463
2021-06-22 09:37:07,715.6,417497
2021-06-22 09:37:08,715.6,417502
2021-06-22 09:37:09,715.6,417532
2021-06-22 09:37:10,715.6,417532
2021-06-22 09:37:11,715.6,417532
2021-06-22 09:37:12,715.55,418079
2021-06-22 09:37:13,715.6,418275
2021-06-22 09:37:15,715.4,418338
2021-06-22 09:37:17,715.45,418849
2021-06-22 09:37:18,715.15,419566
2021-06-22 09:37:19,715.2,419710
2021-06-22 09:37:20,715.2,419710
2021-06-22 09:37:21,715.25,419809
2021-06-22 09:37:22,715.25,419809
2021-06-22 09:37:24,715.25,419845
2021-06-22 09:37:26,715.55,419888
2021-06-22 09:37:27,715.55,419894
2021-06-22 09:37:28,715.55,419908
2021-06-22 09:37:29,715.25,419929
2021-06-22 09:37:30,715.25,419929
2021-06-22 09:37:31,715.7,420741
2021-06-22 09:37:32,715.7,420762
2021-06-22 09:37:34,715.7,420911
2021-06-22 09:37:35,715.45,421013
2021-06-22 09:37:36,715.5,421062
2021-06-22 09:37:37,715.5,421076
2021-06-22 09:37:38,715.5,421076
2021-06-22 09:37:39,715.5,421096
2021-06-22 09:37:40,715.5,421197
2021-06-22 09:37:41,715.55,421234
2021-06-22 09:37:42,715.55,421234
2021-06-22 09:37:43,715.35,421741
2021-06-22 09:37:43,715.35,421741
2021-06-22 09:37:45,715.7,421776
2021-06-22 09:37:45,715.7,421838
2021-06-22 09:37:47,715.7,421882
2021-06-22 09:37:47,715.5,421903
2021-06-22 09:37:48,715.5,421934
2021-06-22 09:37:49,715.5,421949
2021-06-22 09:37:50,715.5,421954
2021-06-22 09:37:51,715.5,422319
2021-06-22 09:37:52,715.35,422334
2021-06-22 09:37:53,715.6,422405
2021-06-22 09:37:54,715.6,422411
2021-06-22 09:37:56,715.5,422429
2021-06-22 09:37:57,715.85,426232
2021-06-22 09:37:58,715.9,426235
2021-06-22 09:37:59,715.6,426918
2021-06-22 09:37:59,715.35,427046
2021-06-22 09:38:01,715.7,427532
2021-06-22 09:38:02,715.7,427532
2021-06-22 09:38:02,715.85,427619
2021-06-22 09:38:04,715.85,427919
2021-06-22 09:38:05,715.7,427954
2021-06-22 09:38:06,715.45,428101
2021-06-22 09:38:07,715.35,428146
2021-06-22 09:38:09,715.35,428209
2021-06-22 09:38:10,715.65,428287
2021-06-22 09:38:11,715.35,428351
2021-06-22 09:38:12,715.45,428388
2021-06-22 09:38:12,715.45,428388
2021-06-22 09:38:13,715.45,428391
2021-06-22 09:38:14,715.45,428406
2021-06-22 09:38:16,715.45,428437
2021-06-22 09:38:16,715.4,428452
2021-06-22 09:38:19,715.45,428514
2021-06-22 09:38:20,715.85,428585
2021-06-22 09:38:21,715.45,428669
2021-06-22 09:38:22,715.9,428689
2021-06-22 09:38:23,715.5,428771
2021-06-22 09:38:27,715.5,429210
2021-06-22 09:38:28,715.85,429306
2021-06-22 09:38:29,715.85,429338
2021-06-22 09:38:30,715.85,429338
2021-06-22 09:38:30,715.85,429338
2021-06-22 09:38:31,715.5,429374
2021-06-22 09:38:32,715.85,430409
2021-06-22 09:38:33,715.9,430431
2021-06-22 09:38:35,715.85,430621
2021-06-22 09:38:36,715.85,430621
2021-06-22 09:38:37,715.85,430757
2021-06-22 09:38:38,715.85,430781
2021-06-22 09:38:39,715.9,431284
2021-06-22 09:38:39,715.9,431379
2021-06-22 09:38:40,715.9,431402
2021-06-22 09:38:41,715.9,431402
2021-06-22 09:38:44,715.9,432111
2021-06-22 09:38:46,715.55,432274
2021-06-22 09:38:47,715.85,432395
2021-06-22 09:38:48,715.85,432418
2021-06-22 09:38:49,715.55,432448
2021-06-22 09:38:50,715.85,432551
2021-06-22 09:38:51,715.85,432779
2021-06-22 09:38:52,715.85,432842
2021-06-22 09:38:53,715.85,432872
2021-06-22 09:38:54,715.55,432900
2021-06-22 09:38:55,715.85,432921
2021-06-22 09:38:56,715.85,432931
2021-06-22 09:38:58,715.85,432931
2021-06-22 09:38:59,715.85,432951
2021-06-22 09:39:00,715.4,434862
2021-06-22 09:39:03,715.5,435452
2021-06-22 09:39:03,715.5,435452
2021-06-22 09:39:04,715.5,435452
2021-06-22 09:39:07,715.5,436118
2021-06-22 09:39:08,715.5,436128
2021-06-22 09:39:09,715.5,436238
2021-06-22 09:39:10,715.6,436332
2021-06-22 09:39:11,715.7,436362
2021-06-22 09:39:11,715.7,436362
2021-06-22 09:39:13,715.7,436384
2021-06-22 09:39:14,715.5,436389
2021-06-22 09:39:15,715.3,436503
2021-06-22 09:39:15,715.3,436503
2021-06-22 09:39:17,715.65,436555
2021-06-22 09:39:18,715.65,436555
2021-06-22 09:39:19,715.3,436576
2021-06-22 09:39:19,715.3,436601
2021-06-22 09:39:21,715.7,436759
2021-06-22 09:39:22,715.7,436762
2021-06-22 09:39:22,715.7,436762
2021-06-22 09:39:24,715.35,436822
2021-06-22 09:39:25,715.0,437822
2021-06-22 09:39:25,715.0,437822
2021-06-22 09:39:26,715.5,439027
2021-06-22 09:39:27,715.5,439128
2021-06-22 09:39:29,715.6,439490
2021-06-22 09:39:30,715.65,439509
2021-06-22 09:39:31,715.5,439657
2021-06-22 09:39:32,715.65,439787
2021-06-22 09:39:33,715.5,439997
2021-06-22 09:39:34,715.5,440117
2021-06-22 09:39:35,715.4,440254
2021-06-22 09:39:36,715.45,440340
2021-06-22 09:39:36,715.45,440383
2021-06-22 09:39:37,715.45,440384
2021-06-22 09:39:41,715.45,440509
2021-06-22 09:39:42,715.35,440544
2021-06-22 09:39:42,715.35,440544
2021-06-22 09:39:43,715.5,440917
2021-06-22 09:39:45,715.45,441113
2021-06-22 09:39:45,715.45,441060
2021-06-22 09:39:46,715.5,441115
2021-06-22 09:39:48,715.45,441213
2021-06-22 09:39:49,715.5,441288
2021-06-22 09:39:49,715.5,441388
2021-06-22 09:39:50,715.65,441519
2021-06-22 09:39:51,715.65,441563
2021-06-22 09:39:53,715.65,441608
2021-06-22 09:39:54,715.65,441634
2021-06-22 09:39:54,715.65,441634
2021-06-22 09:39:55,715.65,441648
2021-06-22 09:39:56,715.5,441650
2021-06-22 09:39:57,715.65,441694
2021-06-22 09:39:59,715.35,441806
2021-06-22 09:40:00,715.35,441806
2021-06-22 09:40:01,715.65,442106
2021-06-22 09:40:02,715.7,442435
2021-06-22 09:40:03,715.7,442511
2021-06-22 09:40:04,715.35,442531
2021-06-22 09:40:04,715.35,442638
2021-06-22 09:40:06,715.65,442711
2021-06-22 09:40:06,715.65,442709
2021-06-22 09:40:07,715.65,442788
2021-06-22 09:40:08,715.65,442812
2021-06-22 09:40:09,715.3,442841
2021-06-22 09:40:10,715.6,442851
2021-06-22 09:40:12,715.3,442981
2021-06-22 09:40:12,715.3,442981
2021-06-22 09:40:14,715.6,443075
2021-06-22 09:40:15,715.6,443213
2021-06-22 09:40:16,715.3,443245
2021-06-22 09:40:17,715.65,443569
2021-06-22 09:40:18,715.65,443569
2021-06-22 09:40:19,715.7,443686
2021-06-22 09:40:20,715.7,443686
2021-06-22 09:40:21,715.65,443701
2021-06-22 09:40:22,715.65,443701
2021-06-22 09:40:23,715.65,443741
2021-06-22 09:40:24,715.65,443765
2021-06-22 09:40:25,715.65,443786
2021-06-22 09:40:26,715.0,444320
2021-06-22 09:40:29,715.5,444350
2021-06-22 09:40:31,715.2,444470
2021-06-22 09:40:32,715.5,444493
2021-06-22 09:40:34,715.3,444522
2021-06-22 09:40:37,715.25,445388
2021-06-22 09:40:38,715.25,445388
2021-06-22 09:40:41,715.3,445494
2021-06-22 09:40:42,715.3,445540
2021-06-22 09:40:43,715.0,446640
2021-06-22 09:40:44,715.3,446848
2021-06-22 09:40:45,715.3,446891
2021-06-22 09:40:46,715.05,446919
2021-06-22 09:40:47,715.15,446934
2021-06-22 09:40:48,715.0,447445
2021-06-22 09:40:48,715.0,447445
2021-06-22 09:40:50,715.0,447615
2021-06-22 09:40:51,715.0,447747
2021-06-22 09:40:51,715.0,447747
2021-06-22 09:40:52,715.15,447872
2021-06-22 09:40:54,715.0,448041
2021-06-22 09:40:55,715.15,448084
2021-06-22 09:40:59,715.15,448463
2021-06-22 09:41:01,715.15,448567
2021-06-22 09:41:02,715.0,448908
2021-06-22 09:41:03,715.0,448908
2021-06-22 09:41:04,715.15,449032
2021-06-22 09:41:05,715.15,449076
2021-06-22 09:41:06,715.15,450606
2021-06-22 09:41:07,715.15,450647
2021-06-22 09:41:09,715.5,450984
2021-06-22 09:41:10,715.5,451134
2021-06-22 09:41:10,715.5,451134
2021-06-22 09:41:12,715.2,451225
2021-06-22 09:41:13,715.5,451249
2021-06-22 09:41:14,715.5,451502
2021-06-22 09:41:15,715.4,451546
2021-06-22 09:41:16,715.05,451610
2021-06-22 09:41:16,715.15,451575
2021-06-22 09:41:18,715.35,451750
2021-06-22 09:41:19,715.4,451797
2021-06-22 09:41:20,714.95,452166
2021-06-22 09:41:21,715.0,452265
2021-06-22 09:41:22,714.95,452269
2021-06-22 09:41:24,715.0,452287
2021-06-22 09:41:25,715.0,452287
2021-06-22 09:41:26,714.95,452410
2021-06-22 09:41:27,714.95,452484
2021-06-22 09:41:27,714.95,452484
2021-06-22 09:41:28,714.95,452491
2021-06-22 09:41:29,715.0,452602
2021-06-22 09:41:31,714.9,452843
2021-06-22 09:41:33,714.7,453341
2021-06-22 09:41:34,715.0,453480
2021-06-22 09:41:35,714.95,453509
2021-06-22 09:41:36,715.0,453694
2021-06-22 09:41:37,714.75,453704
2021-06-22 09:41:39,714.75,453762
2021-06-22 09:41:39,714.75,453765
2021-06-22 09:41:40,714.9,453797
2021-06-22 09:41:41,714.75,453954
2021-06-22 09:41:43,714.9,454001
2021-06-22 09:41:44,714.75,454006
2021-06-22 09:41:45,714.7,454034
2021-06-22 09:41:46,714.7,454240
2021-06-22 09:41:48,714.75,454469
2021-06-22 09:41:49,714.75,454555
2021-06-22 09:41:50,714.75,454655
2021-06-22 09:41:51,714.75,455022
2021-06-22 09:41:52,714.75,455042
2021-06-22 09:41:53,714.65,455352
2021-06-22 09:41:54,714.65,455352
2021-06-22 09:41:57,715.0,455537
2021-06-22 09:41:58,714.6,455621
2021-06-22 09:41:59,714.4,457146
2021-06-22 09:42:00,714.65,457268
2021-06-22 09:42:01,714.5,457625
2021-06-22 09:42:02,714.5,457625
2021-06-22 09:42:03,714.75,457695
2021-06-22 09:42:04,714.75,457735
2021-06-22 09:42:05,714.7,457827
2021-06-22 09:42:06,714.75,457933
2021-06-22 09:42:07,714.75,457958
2021-06-22 09:42:08,714.75,458039
2021-06-22 09:42:09,714.75,458059
2021-06-22 09:42:10,715.0,458489
2021-06-22 09:42:11,714.95,458754
2021-06-22 09:42:12,714.95,458754
2021-06-22 09:42:13,715.0,458804
2021-06-22 09:42:14,714.6,458874
2021-06-22 09:42:14,714.9,458910
2021-06-22 09:42:15,714.5,458938
2021-06-22 09:42:16,714.9,459150
2021-06-22 09:42:17,714.9,459202
2021-06-22 09:42:18,714.55,459321
2021-06-22 09:42:19,714.95,459374
2021-06-22 09:42:20,714.5,460412
2021-06-22 09:42:21,714.6,460428
2021-06-22 09:42:22,714.5,460818
2021-06-22 09:42:23,714.95,460993
2021-06-22 09:42:24,714.95,460993
2021-06-22 09:42:25,715.0,461260
2021-06-22 09:42:26,715.0,461260
2021-06-22 09:42:27,715.0,461461
2021-06-22 09:42:28,714.65,461475
2021-06-22 09:42:29,715.0,461505
2021-06-22 09:42:30,714.75,464381
2021-06-22 09:42:31,715.0,470122
2021-06-22 09:42:32,714.6,470378
2021-06-22 09:42:33,714.9,471502
2021-06-22 09:42:34,714.55,471711
2021-06-22 09:42:35,714.5,472043
2021-06-22 09:42:36,715.0,472525
2021-06-22 09:42:37,715.0,472527
2021-06-22 09:42:38,714.95,473664
2021-06-22 09:42:39,714.55,473679
2021-06-22 09:42:40,714.6,474093
2021-06-22 09:42:41,715.0,474213
2021-06-22 09:42:43,714.7,474383
2021-06-22 09:42:45,714.7,474419
2021-06-22 09:42:46,714.6,474567
2021-06-22 09:42:47,714.7,474572
2021-06-22 09:42:48,714.65,474623
2021-06-22 09:42:49,714.65,474655
2021-06-22 09:42:50,714.95,474683
2021-06-22 09:42:51,714.65,474692
2021-06-22 09:42:52,714.65,474692
2021-06-22 09:42:53,714.95,474722
2021-06-22 09:42:54,714.95,474722
2021-06-22 09:42:55,715.0,474780
2021-06-22 09:42:56,714.7,474795
2021-06-22 09:42:57,715.0,474996
2021-06-22 09:42:58,715.0,474996
2021-06-22 09:42:59,715.0,475064
2021-06-22 09:43:01,714.8,475166
2021-06-22 09:43:02,715.0,475210
2021-06-22 09:43:03,714.7,475220
2021-06-22 09:43:04,715.0,475341
2021-06-22 09:43:05,715.0,475385
2021-06-22 09:43:06,714.7,475386
2021-06-22 09:43:07,714.7,475399
2021-06-22 09:43:08,714.7,475419
2021-06-22 09:43:09,714.7,475419
2021-06-22 09:43:10,714.7,475427
2021-06-22 09:43:11,714.95,475446
2021-06-22 09:43:12,714.7,475447
2021-06-22 09:43:13,714.7,475447
2021-06-22 09:43:14,714.95,475509
2021-06-22 09:43:15,714.7,475572
2021-06-22 09:43:16,714.6,476373
2021-06-22 09:43:17,714.75,476544
2021-06-22 09:43:18,714.55,477054
2021-06-22 09:43:19,714.95,477183
2021-06-22 09:43:20,715.0,477443
2021-06-22 09:43:21,714.7,477543
2021-06-22 09:43:22,714.95,477550
2021-06-22 09:43:23,714.95,477596
2021-06-22 09:43:25,714.55,477834
2021-06-22 09:43:26,715.0,477866
2021-06-22 09:43:27,714.65,477986
2021-06-22 09:43:28,714.95,478062
2021-06-22 09:43:29,715.0,478172
2021-06-22 09:43:30,714.95,478575
2021-06-22 09:43:31,714.6,478769
2021-06-22 09:43:32,715.0,481167
2021-06-22 09:43:33,714.65,481168
2021-06-22 09:43:34,714.65,481661
2021-06-22 09:43:36,715.0,481939
2021-06-22 09:43:37,714.65,482039
2021-06-22 09:43:38,714.95,482102
2021-06-22 09:43:39,714.65,482167
2021-06-22 09:43:40,714.95,482246
2021-06-22 09:43:43,714.95,482764
2021-06-22 09:43:43,714.65,482864
2021-06-22 09:43:45,714.65,483311
2021-06-22 09:43:46,714.6,483542
2021-06-22 09:43:48,714.9,483587
2021-06-22 09:43:49,714.85,484302
2021-06-22 09:43:50,714.6,484540
2021-06-22 09:43:52,714.85,484699
2021-06-22 09:43:53,714.85,484719
2021-06-22 09:43:54,714.5,485068
2021-06-22 09:43:55,714.5,485070
2021-06-22 09:43:56,714.85,485136
2021-06-22 09:43:57,714.95,485332
2021-06-22 09:43:58,714.6,485392
2021-06-22 09:44:00,714.55,485404
2021-06-22 09:44:01,714.55,485494
2021-06-22 09:44:02,714.55,485494
2021-06-22 09:44:03,714.6,485727
2021-06-22 09:44:04,714.6,485775
2021-06-22 09:44:05,714.8,485776
2021-06-22 09:44:06,715.0,485797
2021-06-22 09:44:07,715.0,485831
2021-06-22 09:44:08,715.0,485932
2021-06-22 09:44:09,714.65,486023
2021-06-22 09:44:10,715.0,486025
2021-06-22 09:44:11,715.0,486042
2021-06-22 09:44:12,715.0,486042
2021-06-22 09:44:13,715.0,486042
2021-06-22 09:44:15,714.7,486083
2021-06-22 09:44:16,714.7,486204
2021-06-22 09:44:17,714.7,486255
2021-06-22 09:44:18,714.7,486322
2021-06-22 09:44:19,714.95,486345
2021-06-22 09:44:20,714.65,486404
2021-06-22 09:44:21,714.6,486808
2021-06-22 09:44:22,714.65,486868
2021-06-22 09:44:23,714.65,487026
2021-06-22 09:44:24,715.0,487096
2021-06-22 09:44:24,715.0,487096
2021-06-22 09:44:25,715.0,487097
2021-06-22 09:44:26,715.0,487097
2021-06-22 09:44:30,714.95,487440
2021-06-22 09:44:31,714.95,487480
2021-06-22 09:44:32,714.95,487817
2021-06-22 09:44:33,714.95,487832
2021-06-22 09:44:34,714.95,487907
2021-06-22 09:44:35,714.95,487908
2021-06-22 09:44:36,714.95,487926
2021-06-22 09:44:37,714.7,488133
2021-06-22 09:44:38,714.7,488224
2021-06-22 09:44:39,714.7,488224
2021-06-22 09:44:40,714.75,488359
2021-06-22 09:44:41,714.95,488502
2021-06-22 09:44:42,715.0,488636
2021-06-22 09:44:43,715.0,488693
2021-06-22 09:44:44,714.75,488708
2021-06-22 09:44:45,714.75,488773
2021-06-22 09:44:46,715.0,488896
2021-06-22 09:44:47,714.55,489340
2021-06-22 09:44:48,714.75,489469
2021-06-22 09:44:49,714.75,489469
2021-06-22 09:44:50,714.95,489619
2021-06-22 09:44:51,714.75,489632
2021-06-22 09:44:52,714.7,489706
2021-06-22 09:44:55,714.6,489884
2021-06-22 09:44:56,714.95,489939
2021-06-22 09:44:57,714.55,489990
2021-06-22 09:44:58,714.95,490001
2021-06-22 09:44:59,714.55,490251
2021-06-22 09:45:00,714.55,490366
2021-06-22 09:45:01,714.55,490366
2021-06-22 09:45:02,714.55,490419
2021-06-22 09:45:03,714.55,490469
2021-06-22 09:45:04,714.85,490996
2021-06-22 09:45:05,714.55,491097
2021-06-22 09:45:06,714.95,491519
2021-06-22 09:45:07,714.5,491685
2021-06-22 09:45:08,714.55,491790
2021-06-22 09:45:09,714.5,491905
2021-06-22 09:45:10,714.5,491979
2021-06-22 09:45:11,714.45,492170
2021-06-22 09:45:12,714.9,492215
2021-06-22 09:45:13,714.85,492247
2021-06-22 09:45:14,714.9,492362
2021-06-22 09:45:15,714.45,492526
2021-06-22 09:45:16,714.4,492531
2021-06-22 09:45:17,714.85,492716
2021-06-22 09:45:19,714.9,492760
2021-06-22 09:45:20,714.45,493120
2021-06-22 09:45:21,714.4,493235
2021-06-22 09:45:22,714.8,493270
2021-06-22 09:45:23,714.75,493365
2021-06-22 09:45:24,714.7,493439
2021-06-22 09:45:25,714.8,493574
2021-06-22 09:45:27,714.45,494217
2021-06-22 09:45:28,714.75,494246
2021-06-22 09:45:29,714.8,494377
2021-06-22 09:45:30,714.8,494496
2021-06-22 09:45:31,714.75,494555
2021-06-22 09:45:32,714.45,494569
2021-06-22 09:45:33,714.75,494602
2021-06-22 09:45:34,714.75,494621
2021-06-22 09:45:35,714.75,494621
2021-06-22 09:45:36,714.75,494621
2021-06-22 09:45:36,714.75,494621
2021-06-22 09:45:37,714.4,494759
2021-06-22 09:45:38,714.45,494818
2021-06-22 09:45:40,714.4,494862
2021-06-22 09:45:41,714.5,494880
2021-06-22 09:45:42,714.5,495085
2021-06-22 09:45:43,714.5,495227
2021-06-22 09:45:44,714.5,495284
2021-06-22 09:45:45,714.5,495335
2021-06-22 09:45:46,714.4,495364
2021-06-22 09:45:47,714.4,495415
2021-06-22 09:45:48,714.4,495472
2021-06-22 09:45:49,714.4,495554
2021-06-22 09:45:50,714.4,495849
2021-06-22 09:45:52,714.4,496283
2021-06-22 09:45:53,714.5,496401
2021-06-22 09:45:55,714.5,496726
2021-06-22 09:45:56,714.5,497098
2021-06-22 09:45:57,714.45,497113
2021-06-22 09:45:58,714.5,497312
2021-06-22 09:45:58,714.5,497312
2021-06-22 09:45:59,714.25,497356
2021-06-22 09:46:00,714.05,498016
2021-06-22 09:46:01,714.45,498045
2021-06-22 09:46:02,714.0,499676
2021-06-22 09:46:03,714.3,504254
2021-06-22 09:46:04,714.0,504341
2021-06-22 09:46:05,713.85,504951
2021-06-22 09:46:08,714.4,505488
2021-06-22 09:46:09,714.25,505489
2021-06-22 09:46:10,713.85,505738
2021-06-22 09:46:11,713.9,505760
2021-06-22 09:46:12,714.4,505875
2021-06-22 09:46:13,714.25,506327
2021-06-22 09:46:14,714.0,510434
2021-06-22 09:46:15,714.5,510634
2021-06-22 09:46:16,714.7,510932
2021-06-22 09:46:17,714.25,511032
2021-06-22 09:46:18,714.35,511484
2021-06-22 09:46:19,714.25,511633
2021-06-22 09:46:20,714.3,511763
2021-06-22 09:46:21,714.6,512040
2021-06-22 09:46:22,714.65,512176
2021-06-22 09:46:23,714.35,512250
2021-06-22 09:46:24,714.35,512254
2021-06-22 09:46:25,714.35,512258
2021-06-22 09:46:26,714.1,512804
2021-06-22 09:46:28,714.5,512995
2021-06-22 09:46:29,714.5,513034
2021-06-22 09:46:30,714.4,513447
2021-06-22 09:46:31,714.5,513557
2021-06-22 09:46:32,714.5,513599
2021-06-22 09:46:33,714.5,513744
2021-06-22 09:46:34,714.1,513801
2021-06-22 09:46:35,714.1,513816
2021-06-22 09:46:36,714.1,514049
2021-06-22 09:46:38,713.9,514238
2021-06-22 09:46:39,714.1,514255
2021-06-22 09:46:40,714.1,514255
2021-06-22 09:46:41,714.4,514277
2021-06-22 09:46:42,714.0,514335
2021-06-22 09:46:43,714.45,514625
2021-06-22 09:46:45,714.0,514725
2021-06-22 09:46:46,714.05,514803
2021-06-22 09:46:47,714.35,514946
2021-06-22 09:46:48,714.35,514946
2021-06-22 09:46:49,714.2,515001
2021-06-22 09:46:50,713.9,515026
2021-06-22 09:46:51,714.0,515279
2021-06-22 09:46:52,714.0,515340
2021-06-22 09:46:53,714.0,515544
2021-06-22 09:46:54,714.0,515544
2021-06-22 09:46:55,714.0,515544
2021-06-22 09:46:56,713.9,515702
2021-06-22 09:46:57,713.85,515913
2021-06-22 09:46:59,714.0,516078
2021-06-22 09:47:01,714.2,516529
2021-06-22 09:47:02,714.2,516533
2021-06-22 09:47:04,714.3,517058
2021-06-22 09:47:06,713.9,517623
2021-06-22 09:47:07,714.0,517928
2021-06-22 09:47:08,714.0,518136
2021-06-22 09:47:09,714.0,518159
2021-06-22 09:47:10,714.3,518202
2021-06-22 09:47:11,714.3,518472
2021-06-22 09:47:12,714.0,518572
2021-06-22 09:47:13,714.0,518698
2021-06-22 09:47:14,713.9,518887
2021-06-22 09:47:15,714.4,519160
2021-06-22 09:47:16,714.4,519199
2021-06-22 09:47:17,714.35,519671
2021-06-22 09:47:18,714.0,519676
2021-06-22 09:47:20,714.45,519902
2021-06-22 09:47:21,714.5,519945
2021-06-22 09:47:22,714.5,519945
2021-06-22 09:47:23,714.5,519999
2021-06-22 09:47:24,714.5,519999
2021-06-22 09:47:25,714.5,521679
2021-06-22 09:47:26,714.7,525166
2021-06-22 09:47:27,714.45,525690
2021-06-22 09:47:28,714.85,526004
2021-06-22 09:47:29,715.0,526842
2021-06-22 09:47:30,714.7,527625
2021-06-22 09:47:31,714.7,527835
2021-06-22 09:47:32,714.75,528017
2021-06-22 09:47:33,714.8,528205
2021-06-22 09:47:34,714.85,528274
2021-06-22 09:47:35,715.0,531390
2021-06-22 09:47:36,715.0,531986
2021-06-22 09:47:37,715.0,531986
2021-06-22 09:47:38,714.7,532296
2021-06-22 09:47:39,715.0,532371
2021-06-22 09:47:40,714.65,532374
2021-06-22 09:47:41,714.8,532375
2021-06-22 09:47:42,714.8,532375
2021-06-22 09:47:43,714.8,532375
2021-06-22 09:47:44,714.7,532576
2021-06-22 09:47:45,715.0,532667
2021-06-22 09:47:46,714.7,532668
2021-06-22 09:47:47,715.0,532685
2021-06-22 09:47:48,714.95,532689
2021-06-22 09:47:49,714.95,532689
2021-06-22 09:47:50,714.9,533003
2021-06-22 09:47:51,714.95,533075
2021-06-22 09:47:52,714.95,533075
2021-06-22 09:47:54,715.0,533160
2021-06-22 09:47:56,715.0,533209
2021-06-22 09:47:57,715.0,533209
2021-06-22 09:47:58,715.0,533224
2021-06-22 09:47:59,715.0,533284
2021-06-22 09:48:00,714.95,533319
2021-06-22 09:48:01,714.8,533625
2021-06-22 09:48:02,715.0,533960
2021-06-22 09:48:04,714.8,534040
2021-06-22 09:48:05,714.8,534040
2021-06-22 09:48:06,714.8,534091
2021-06-22 09:48:07,715.0,534107
2021-06-22 09:48:08,714.8,534108
2021-06-22 09:48:09,715.0,534208
2021-06-22 09:48:10,714.8,534848
2021-06-22 09:48:11,715.0,534987
2021-06-22 09:48:12,714.8,535037
2021-06-22 09:48:13,715.0,535210
2021-06-22 09:48:14,715.0,535210
2021-06-22 09:48:15,714.95,535252
2021-06-22 09:48:16,714.8,535280
2021-06-22 09:48:17,715.0,535363
2021-06-22 09:48:18,714.8,535438
2021-06-22 09:48:19,715.0,535466
2021-06-22 09:48:20,715.0,535478
2021-06-22 09:48:21,715.0,535478
2021-06-22 09:48:22,715.0,535478
2021-06-22 09:48:25,715.0,535838
2021-06-22 09:48:26,715.0,535838
2021-06-22 09:48:27,714.8,535863
2021-06-22 09:48:28,714.8,535881
2021-06-22 09:48:29,714.8,535881
2021-06-22 09:48:30,715.0,535981
2021-06-22 09:48:31,715.0,536031
2021-06-22 09:48:32,715.0,536031
2021-06-22 09:48:34,714.9,536041
2021-06-22 09:48:35,714.9,536041
2021-06-22 09:48:36,714.9,536041
2021-06-22 09:48:37,715.0,536061
2021-06-22 09:48:38,715.0,536079
2021-06-22 09:48:39,715.0,536079
2021-06-22 09:48:40,714.95,536109
2021-06-22 09:48:41,714.95,536284
2021-06-22 09:48:42,714.9,536351
2021-06-22 09:48:43,714.95,536358
2021-06-22 09:48:45,714.95,536582
2021-06-22 09:48:45,714.95,536538
2021-06-22 09:48:46,714.95,536620
2021-06-22 09:48:47,714.95,536630
2021-06-22 09:48:48,714.95,536696
2021-06-22 09:48:49,714.8,536709
2021-06-22 09:48:51,714.8,536710
2021-06-22 09:48:53,714.95,536737
2021-06-22 09:48:54,714.95,536737
2021-06-22 09:48:55,714.95,536742
2021-06-22 09:48:56,714.8,536767
2021-06-22 09:48:57,714.95,536852
2021-06-22 09:48:58,714.95,536879
2021-06-22 09:49:00,714.95,536879
2021-06-22 09:49:01,714.8,536906
2021-06-22 09:49:02,714.95,536976
2021-06-22 09:49:03,714.8,537036
2021-06-22 09:49:05,714.95,537067
2021-06-22 09:49:06,714.95,537187
2021-06-22 09:49:07,714.95,537252
2021-06-22 09:49:08,714.8,537302
2021-06-22 09:49:09,714.9,537324
2021-06-22 09:49:11,714.9,537324
2021-06-22 09:49:11,714.85,537369
2021-06-22 09:49:13,714.9,537380
2021-06-22 09:49:14,714.9,537697
2021-06-22 09:49:15,714.85,537742
2021-06-22 09:49:16,714.85,537742
2021-06-22 09:49:17,714.9,537762
2021-06-22 09:49:19,714.95,537831
2021-06-22 09:49:21,715.25,547332
2021-06-22 09:49:22,715.0,547342
2021-06-22 09:49:23,715.55,547769
2021-06-22 09:49:24,715.7,548309
2021-06-22 09:49:25,715.7,548310
2021-06-22 09:49:26,715.7,548484
2021-06-22 09:49:27,715.65,548485
2021-06-22 09:49:29,715.3,548543
2021-06-22 09:49:29,715.3,548543
2021-06-22 09:49:30,715.3,548634
2021-06-22 09:49:32,715.3,548634
2021-06-22 09:49:33,715.25,548877
2021-06-22 09:49:33,715.25,548877
2021-06-22 09:49:34,715.65,548878
2021-06-22 09:49:39,715.05,549085
2021-06-22 09:49:39,715.05,549222
2021-06-22 09:49:40,715.05,549242
2021-06-22 09:49:41,715.05,549242
2021-06-22 09:49:43,715.3,549272
2021-06-22 09:49:45,715.0,549382
2021-06-22 09:49:46,715.25,549398
2021-06-22 09:49:48,715.3,549415
2021-06-22 09:49:48,715.3,549440
2021-06-22 09:49:49,715.3,549442
2021-06-22 09:49:51,715.05,549477
2021-06-22 09:49:52,715.05,549477
2021-06-22 09:49:53,715.4,549640
2021-06-22 09:49:54,715.6,549693
2021-06-22 09:49:55,715.3,549792
2021-06-22 09:49:56,715.6,549826
2021-06-22 09:49:57,715.65,549873
2021-06-22 09:49:58,715.65,549883
2021-06-22 09:49:59,715.45,550568
2021-06-22 09:50:01,715.35,550652
2021-06-22 09:50:01,715.6,550800
2021-06-22 09:50:02,715.55,551350
2021-06-22 09:50:03,715.55,551563
2021-06-22 09:50:04,715.55,551563
2021-06-22 09:50:06,715.15,551613
2021-06-22 09:50:07,715.15,551615
2021-06-22 09:50:08,715.5,551715
2021-06-22 09:50:10,715.55,552011
2021-06-22 09:50:10,715.55,552011
2021-06-22 09:50:11,715.55,552061
2021-06-22 09:50:12,715.55,552103
2021-06-22 09:50:13,715.55,552122
2021-06-22 09:50:14,715.55,552122
2021-06-22 09:50:15,715.25,552155
2021-06-22 09:50:17,715.5,552172
2021-06-22 09:50:18,715.25,552173
2021-06-22 09:50:19,715.5,552198
2021-06-22 09:50:20,715.45,552202
2021-06-22 09:50:21,715.65,553020
2021-06-22 09:50:24,715.55,553444
2021-06-22 09:50:25,715.85,553454
2021-06-22 09:50:26,715.85,553454
2021-06-22 09:50:27,715.6,553504
2021-06-22 09:50:28,715.6,553579
2021-06-22 09:50:29,715.85,553619
2021-06-22 09:50:30,715.85,553694
2021-06-22 09:50:31,715.55,553759
2021-06-22 09:50:32,715.8,553784
2021-06-22 09:50:33,715.8,553784
2021-06-22 09:50:35,715.75,553857
2021-06-22 09:50:37,715.75,553898
2021-06-22 09:50:38,715.75,553946
2021-06-22 09:50:38,715.75,553933
2021-06-22 09:50:39,715.75,554051
2021-06-22 09:50:40,715.8,554184
2021-06-22 09:50:41,715.8,554230
2021-06-22 09:50:42,715.75,554240
2021-06-22 09:50:43,716.0,555299
2021-06-22 09:50:44,716.0,555468
2021-06-22 09:50:45,715.7,555546
2021-06-22 09:50:46,716.0,555801
2021-06-22 09:50:47,716.0,555867
2021-06-22 09:50:48,716.0,555867
2021-06-22 09:50:49,716.0,555867
2021-06-22 09:50:50,716.0,555915
2021-06-22 09:50:51,715.75,556017
2021-06-22 09:50:53,716.0,556035
2021-06-22 09:50:54,716.0,556058
2021-06-22 09:50:55,716.0,556066
2021-06-22 09:50:56,716.0,556202
2021-06-22 09:50:56,716.0,556237
2021-06-22 09:50:57,715.65,556315
2021-06-22 09:50:58,716.0,556415
2021-06-22 09:50:59,716.05,559809
2021-06-22 09:51:00,716.05,559819
2021-06-22 09:51:01,716.5,560019
2021-06-22 09:51:02,716.15,560649
2021-06-22 09:51:03,716.15,560649
2021-06-22 09:51:04,716.25,561368
2021-06-22 09:51:06,716.25,561368
2021-06-22 09:51:07,716.55,561512
2021-06-22 09:51:08,716.55,561541
2021-06-22 09:51:09,716.15,561741
2021-06-22 09:51:11,716.15,561927
2021-06-22 09:51:12,716.15,561981
2021-06-22 09:51:14,716.15,561981
2021-06-22 09:51:15,716.0,562011
2021-06-22 09:51:16,716.05,562096
2021-06-22 09:51:17,716.45,562226
2021-06-22 09:51:17,716.4,562243
2021-06-22 09:51:18,716.4,562244
2021-06-22 09:51:19,716.4,562330
2021-06-22 09:51:20,716.4,562347
2021-06-22 09:51:21,716.4,562347
2021-06-22 09:51:23,716.45,562350
2021-06-22 09:51:24,716.55,562374
2021-06-22 09:51:25,716.8,564881
2021-06-22 09:51:26,716.8,565097
2021-06-22 09:51:26,716.8,565097
2021-06-22 09:51:27,717.0,565359
2021-06-22 09:51:28,716.7,565981
2021-06-22 09:51:29,717.0,566155
2021-06-22 09:51:30,716.65,566185
2021-06-22 09:51:32,716.95,566531
2021-06-22 09:51:33,716.95,566830
2021-06-22 09:51:34,717.0,568480
2021-06-22 09:51:34,717.15,569936
2021-06-22 09:51:35,717.15,569936
2021-06-22 09:51:37,717.35,570509
2021-06-22 09:51:38,717.35,570559
2021-06-22 09:51:39,717.4,570624
2021-06-22 09:51:40,717.4,570664
2021-06-22 09:51:42,717.4,570828
2021-06-22 09:51:43,717.2,570831
2021-06-22 09:51:45,717.3,571704
2021-06-22 09:51:46,717.8,571774
2021-06-22 09:51:47,717.5,571779
2021-06-22 09:51:48,717.5,571902
2021-06-22 09:51:49,717.85,571992
2021-06-22 09:51:50,717.5,572267
2021-06-22 09:51:51,717.5,572342
2021-06-22 09:51:52,717.85,572402
2021-06-22 09:51:55,717.55,572482
2021-06-22 09:51:56,717.8,572584
2021-06-22 09:51:58,717.8,572602
2021-06-22 09:51:59,717.4,572852
2021-06-22 09:52:00,717.35,573422
2021-06-22 09:52:01,717.55,573506
2021-06-22 09:52:01,717.55,573506
2021-06-22 09:52:02,717.8,573556
2021-06-22 09:52:03,717.5,573566
2021-06-22 09:52:04,717.75,573656
2021-06-22 09:52:06,717.25,573920
2021-06-22 09:52:07,717.7,573930
2021-06-22 09:52:07,717.35,573940
2021-06-22 09:52:09,717.7,574051
2021-06-22 09:52:10,717.9,577897
2021-06-22 09:52:12,717.8,578382
2021-06-22 09:52:13,717.9,578502
2021-06-22 09:52:16,717.95,578818
2021-06-22 09:52:16,717.95,578818
2021-06-22 09:52:17,717.95,579055
2021-06-22 09:52:18,717.6,579457
2021-06-22 09:52:19,717.6,579509
2021-06-22 09:52:20,717.9,579889
2021-06-22 09:52:21,717.9,580116
2021-06-22 09:52:22,717.9,580116
2021-06-22 09:52:23,717.55,580217
2021-06-22 09:52:24,717.6,580327
2021-06-22 09:52:25,717.7,580415
2021-06-22 09:52:27,717.7,581018
2021-06-22 09:52:28,718.0,581268
2021-06-22 09:52:29,717.7,581282
2021-06-22 09:52:30,717.7,581290
2021-06-22 09:52:31,717.65,581311
2021-06-22 09:52:32,717.65,581484
2021-06-22 09:52:33,717.05,585843
2021-06-22 09:52:34,717.45,585864
2021-06-22 09:52:35,717.45,585864
2021-06-22 09:52:36,717.45,585864
2021-06-22 09:52:37,717.25,585909
2021-06-22 09:52:38,717.5,585935
2021-06-22 09:52:39,717.0,587490
2021-06-22 09:52:41,716.95,588001
2021-06-22 09:52:41,717.0,588507
2021-06-22 09:52:42,717.0,588507
2021-06-22 09:52:43,717.0,588607
2021-06-22 09:52:44,717.0,588692
2021-06-22 09:52:45,717.0,588730
2021-06-22 09:52:46,716.8,588862
2021-06-22 09:52:47,716.95,589115
2021-06-22 09:52:48,716.7,589150
2021-06-22 09:52:49,717.0,589206
2021-06-22 09:52:50,716.7,589214
2021-06-22 09:52:51,716.9,589318
2021-06-22 09:52:52,716.9,589349
2021-06-22 09:52:53,716.9,589358
2021-06-22 09:52:55,716.65,589689
2021-06-22 09:52:56,716.65,589770
2021-06-22 09:52:56,716.45,589774
2021-06-22 09:52:59,716.45,590035
2021-06-22 09:53:00,716.6,591244
2021-06-22 09:53:01,716.9,591459
2021-06-22 09:53:02,717.0,592024
2021-06-22 09:53:03,716.95,592110
2021-06-22 09:53:04,716.95,592110
2021-06-22 09:53:05,717.0,592551
2021-06-22 09:53:06,717.0,592654
2021-06-22 09:53:07,717.0,593154
2021-06-22 09:53:08,717.0,593274
2021-06-22 09:53:09,717.0,593284
2021-06-22 09:53:11,717.0,593337
2021-06-22 09:53:12,717.0,593387
2021-06-22 09:53:13,716.8,594118
2021-06-22 09:53:14,717.0,594167
2021-06-22 09:53:14,717.0,594324
2021-06-22 09:53:15,717.0,594406
2021-06-22 09:53:16,717.0,594589
2021-06-22 09:53:17,717.0,595164
2021-06-22 09:53:19,717.45,595576
2021-06-22 09:53:19,717.15,595659
2021-06-22 09:53:20,717.1,595759
2021-06-22 09:53:21,717.45,595797
2021-06-22 09:53:22,717.15,595835
2021-06-22 09:53:23,717.15,595835
2021-06-22 09:53:24,717.05,595906
2021-06-22 09:53:26,717.45,595941
2021-06-22 09:53:27,717.45,595996
2021-06-22 09:53:28,717.1,595998
2021-06-22 09:53:29,717.2,596023
2021-06-22 09:53:30,717.2,596155
2021-06-22 09:53:30,717.2,596155
2021-06-22 09:53:31,717.2,596155
2021-06-22 09:53:32,717.2,596155
2021-06-22 09:53:33,717.45,596158
2021-06-22 09:53:36,717.45,596246
2021-06-22 09:53:36,717.45,596246
2021-06-22 09:53:37,717.45,596249
2021-06-22 09:53:38,717.45,596249
2021-06-22 09:53:39,717.2,596259
2021-06-22 09:53:40,717.25,596269
2021-06-22 09:53:42,717.25,596269
2021-06-22 09:53:43,717.2,596809
2021-06-22 09:53:44,717.25,596816
2021-06-22 09:53:45,717.25,596841
2021-06-22 09:53:45,717.2,596869
2021-06-22 09:53:46,717.2,596869
2021-06-22 09:53:48,717.2,596873
2021-06-22 09:53:49,717.1,597074
2021-06-22 09:53:50,717.65,597474
2021-06-22 09:53:51,717.1,597479
2021-06-22 09:53:51,717.1,597479
2021-06-22 09:53:53,717.1,597524
2021-06-22 09:53:54,717.2,597534
2021-06-22 09:53:56,717.2,597554
2021-06-22 09:53:57,717.4,597579
2021-06-22 09:53:58,717.4,597641
2021-06-22 09:54:00,717.4,597641
2021-06-22 09:54:01,717.2,597676
2021-06-22 09:54:01,717.4,597686
2021-06-22 09:54:02,717.4,597686
2021-06-22 09:54:03,717.4,597690
2021-06-22 09:54:05,717.1,597890
2021-06-22 09:54:06,717.1,597890
2021-06-22 09:54:07,717.25,597900
2021-06-22 09:54:08,717.25,597900
2021-06-22 09:54:09,717.1,597915
2021-06-22 09:54:10,717.1,597915
2021-06-22 09:54:11,717.2,597916
2021-06-22 09:54:11,717.1,597931
2021-06-22 09:54:14,717.0,598181
2021-06-22 09:54:16,717.1,598264
2021-06-22 09:54:17,717.05,598289
2021-06-22 09:54:17,717.0,598489
2021-06-22 09:54:18,717.2,598519
2021-06-22 09:54:20,717.2,598519
2021-06-22 09:54:21,717.15,599519
2021-06-22 09:54:22,717.2,599561
2021-06-22 09:54:22,717.05,599529
2021-06-22 09:54:23,717.2,599574
2021-06-22 09:54:24,717.35,599615
2021-06-22 09:54:25,717.35,599615
2021-06-22 09:54:26,717.1,599761
2021-06-22 09:54:27,717.35,599776
2021-06-22 09:54:29,717.35,599831
2021-06-22 09:54:30,717.1,600078
2021-06-22 09:54:31,717.15,600169
2021-06-22 09:54:32,717.35,600174
2021-06-22 09:54:33,717.35,600204
2021-06-22 09:54:34,717.5,600855
2021-06-22 09:54:35,717.45,600955
2021-06-22 09:54:37,717.5,601075
2021-06-22 09:54:37,717.45,601205
2021-06-22 09:54:38,717.5,601206
2021-06-22 09:54:39,717.6,601234
2021-06-22 09:54:40,717.4,605501
2021-06-22 09:54:41,717.4,605501
2021-06-22 09:54:43,717.45,605503
2021-06-22 09:54:44,717.4,605514
2021-06-22 09:54:45,717.4,605552
2021-06-22 09:54:47,717.4,605732
2021-06-22 09:54:48,717.4,606640
2021-06-22 09:54:49,717.4,606640
2021-06-22 09:54:51,717.3,606692
2021-06-22 09:54:52,717.3,606692
2021-06-22 09:54:54,717.4,606694
2021-06-22 09:54:55,717.4,606696
2021-06-22 09:54:56,717.35,606736
2021-06-22 09:54:57,717.4,606746
2021-06-22 09:54:58,717.35,606823
2021-06-22 09:54:59,717.35,606823
2021-06-22 09:55:00,717.3,606863
2021-06-22 09:55:01,717.35,606896
2021-06-22 09:55:02,717.35,606941
2021-06-22 09:55:03,717.35,606949
2021-06-22 09:55:04,717.35,607223
2021-06-22 09:55:05,717.3,607407
2021-06-22 09:55:06,717.4,607431
2021-06-22 09:55:07,717.4,607447
2021-06-22 09:55:07,717.75,607647
2021-06-22 09:55:08,717.55,607751
2021-06-22 09:55:10,717.55,607752
2021-06-22 09:55:12,717.75,607858
2021-06-22 09:55:13,717.35,607893
2021-06-22 09:55:14,717.35,608453
2021-06-22 09:55:15,717.4,608458
2021-06-22 09:55:16,717.8,608505
2021-06-22 09:55:18,717.35,608565
2021-06-22 09:55:19,717.8,608702
2021-06-22 09:55:20,717.75,608712
2021-06-22 09:55:21,717.45,608732
2021-06-22 09:55:22,717.65,608859
2021-06-22 09:55:23,717.7,608924
2021-06-22 09:55:24,717.5,609024
2021-06-22 09:55:26,717.3,609230
2021-06-22 09:55:26,717.2,609250
2021-06-22 09:55:27,717.35,609297
2021-06-22 09:55:28,717.35,609404
2021-06-22 09:55:29,717.45,609405
2021-06-22 09:55:31,717.45,609492
2021-06-22 09:55:32,717.45,609518
2021-06-22 09:55:33,717.35,609524
2021-06-22 09:55:34,717.4,609565
2021-06-22 09:55:36,717.45,609566
2021-06-22 09:55:37,717.4,609577
2021-06-22 09:55:38,717.4,609577
2021-06-22 09:55:39,717.0,614981
2021-06-22 09:55:40,716.6,615161
2021-06-22 09:55:41,717.0,615687
2021-06-22 09:55:42,717.05,615737
2021-06-22 09:55:43,716.7,615896
2021-06-22 09:55:44,717.05,615952
2021-06-22 09:55:46,716.75,616072
2021-06-22 09:55:47,716.75,616403
2021-06-22 09:55:48,717.3,616838
2021-06-22 09:55:49,716.8,617581
2021-06-22 09:55:50,716.8,617581
2021-06-22 09:55:51,716.8,617581
2021-06-22 09:55:52,716.8,617581
2021-06-22 09:55:53,717.2,617591
2021-06-22 09:55:54,717.2,617602
2021-06-22 09:55:55,717.05,617704
2021-06-22 09:55:56,717.05,617731
2021-06-22 09:55:57,717.05,617731
2021-06-22 09:55:57,717.05,617731
2021-06-22 09:55:58,717.05,617731
2021-06-22 09:55:59,717.3,617734
2021-06-22 09:56:00,717.05,617984
2021-06-22 09:56:01,717.2,618034
2021-06-22 09:56:04,717.05,619321
2021-06-22 09:56:05,716.9,619328
2021-06-22 09:56:05,716.9,619328
2021-06-22 09:56:07,716.9,619451
2021-06-22 09:56:08,717.1,619952
2021-06-22 09:56:10,717.45,620193
2021-06-22 09:56:11,717.1,620213
2021-06-22 09:56:12,717.1,620258
2021-06-22 09:56:13,717.45,620269
2021-06-22 09:56:14,717.45,620319
2021-06-22 09:56:14,717.45,620319
2021-06-22 09:56:16,717.15,620458
2021-06-22 09:56:17,717.15,620473
2021-06-22 09:56:18,717.45,620565
2021-06-22 09:56:19,717.05,620569
2021-06-22 09:56:19,717.05,620569
2021-06-22 09:56:22,717.5,621700
2021-06-22 09:56:22,717.5,621725
2021-06-22 09:56:23,717.4,621823
2021-06-22 09:56:25,717.1,622087
2021-06-22 09:56:26,717.35,622089
2021-06-22 09:56:27,717.15,622164
2021-06-22 09:56:28,717.4,622268
2021-06-22 09:56:29,717.15,622318
2021-06-22 09:56:30,717.15,622318
2021-06-22 09:56:31,717.15,622336
2021-06-22 09:56:32,717.15,622394
2021-06-22 09:56:32,717.15,622394
2021-06-22 09:56:33,717.4,622444
2021-06-22 09:56:35,717.5,622794
2021-06-22 09:56:36,717.15,622865
2021-06-22 09:56:37,717.05,623365
2021-06-22 09:56:38,717.45,623425
2021-06-22 09:56:39,717.45,623425
2021-06-22 09:56:40,717.5,623645
2021-06-22 09:56:41,717.5,623645
2021-06-22 09:56:42,717.45,623646
2021-06-22 09:56:43,717.45,623648
2021-06-22 09:56:44,717.45,623649
2021-06-22 09:56:45,717.45,623679
2021-06-22 09:56:47,717.5,623879
2021-06-22 09:56:48,717.5,625295
2021-06-22 09:56:49,717.5,625295
2021-06-22 09:56:51,717.5,625295
2021-06-22 09:56:52,717.45,625316
2021-06-22 09:56:53,717.45,625331
2021-06-22 09:56:54,717.45,625346
2021-06-22 09:56:55,717.2,625847
2021-06-22 09:56:56,717.15,625857
2021-06-22 09:56:57,717.15,626317
2021-06-22 09:56:58,717.15,626317
2021-06-22 09:57:00,717.15,626544
2021-06-22 09:57:01,717.55,626564
2021-06-22 09:57:02,717.6,626619
2021-06-22 09:57:03,717.35,626630
2021-06-22 09:57:04,717.35,626630
2021-06-22 09:57:05,717.45,626635
2021-06-22 09:57:06,717.6,626656
2021-06-22 09:57:07,717.6,626656
2021-06-22 09:57:08,717.5,626705
2021-06-22 09:57:09,717.5,626707
2021-06-22 09:57:10,717.5,626712
2021-06-22 09:57:11,717.6,626717
2021-06-22 09:57:12,717.6,626717
2021-06-22 09:57:14,717.5,626771
2021-06-22 09:57:15,717.5,626773
2021-06-22 09:57:16,717.6,626803
2021-06-22 09:57:17,717.45,626928
2021-06-22 09:57:18,717.45,626937
2021-06-22 09:57:19,717.45,626941
2021-06-22 09:57:20,717.5,627041
2021-06-22 09:57:21,717.5,627228
2021-06-22 09:57:22,717.5,627328
2021-06-22 09:57:23,717.5,627328
2021-06-22 09:57:24,717.5,627432
2021-06-22 09:57:25,717.45,627657
2021-06-22 09:57:26,717.45,627657
2021-06-22 09:57:27,717.65,627658
2021-06-22 09:57:28,717.75,627910
2021-06-22 09:57:29,717.75,627910
2021-06-22 09:57:30,717.5,627937
2021-06-22 09:57:31,717.7,627972
2021-06-22 09:57:32,717.5,627987
2021-06-22 09:57:33,717.5,627993
2021-06-22 09:57:34,717.75,628046
2021-06-22 09:57:35,717.5,628446
2021-06-22 09:57:36,717.75,628802
2021-06-22 09:57:37,717.7,628827
2021-06-22 09:57:38,717.25,629203
2021-06-22 09:57:39,717.9,630219
2021-06-22 09:57:40,718.0,630744
2021-06-22 09:57:42,717.75,630781
2021-06-22 09:57:41,717.75,630781
2021-06-22 09:57:43,717.75,630781
2021-06-22 09:57:44,718.0,634340
2021-06-22 09:57:45,718.0,634340
2021-06-22 09:57:46,718.2,634727
2021-06-22 09:57:47,718.15,634778
2021-06-22 09:57:48,718.2,635003
2021-06-22 09:57:49,718.15,635050
2021-06-22 09:57:50,718.15,635620
2021-06-22 09:57:52,718.15,635794
2021-06-22 09:57:53,718.15,635844
2021-06-22 09:57:54,718.2,636244
2021-06-22 09:57:55,718.2,638344
2021-06-22 09:57:56,717.95,638466
2021-06-22 09:57:57,718.1,639584
2021-06-22 09:57:58,718.1,639584
2021-06-22 09:57:59,717.9,640104
2021-06-22 09:58:00,717.95,640437
2021-06-22 09:58:01,718.3,640468
2021-06-22 09:58:02,718.15,640568
2021-06-22 09:58:03,717.75,640907
2021-06-22 09:58:04,718.1,640914
2021-06-22 09:58:06,718.05,641951
2021-06-22 09:58:07,718.05,641951
2021-06-22 09:58:08,718.05,642066
2021-06-22 09:58:09,718.3,642121
2021-06-22 09:58:10,718.3,642131
2021-06-22 09:58:11,718.1,642185
2021-06-22 09:58:12,718.1,642185
2021-06-22 09:58:13,718.1,642185
2021-06-22 09:58:14,718.1,642335
2021-06-22 09:58:15,718.1,642415
2021-06-22 09:58:16,718.1,642586
2021-06-22 09:58:17,718.05,642909
2021-06-22 09:58:18,717.75,643880
2021-06-22 09:58:19,717.7,644026
2021-06-22 09:58:20,717.55,644076
2021-06-22 09:58:21,717.75,644465
2021-06-22 09:58:22,717.75,644486
2021-06-22 09:58:23,717.75,644586
2021-06-22 09:58:24,717.75,645150
2021-06-22 09:58:25,717.55,645154
2021-06-22 09:58:26,717.75,645159
2021-06-22 09:58:27,717.75,645279
2021-06-22 09:58:28,717.75,645280
2021-06-22 09:58:29,717.75,645284
2021-06-22 09:58:30,717.55,645381
2021-06-22 09:58:31,717.55,645381
2021-06-22 09:58:32,717.6,645506
2021-06-22 09:58:33,717.6,645506
2021-06-22 09:58:34,717.7,645673
2021-06-22 09:58:35,717.7,645683
2021-06-22 09:58:36,717.7,645753
2021-06-22 09:58:37,717.7,645759
2021-06-22 09:58:38,717.65,645926
2021-06-22 09:58:39,717.4,649371
2021-06-22 09:58:40,717.55,649391
2021-06-22 09:58:41,717.35,649986
2021-06-22 09:58:42,717.55,650001
2021-06-22 09:58:43,717.55,650001
2021-06-22 09:58:44,717.55,650022
2021-06-22 09:58:45,717.55,650072
2021-06-22 09:58:46,717.25,650208
2021-06-22 09:58:48,717.3,650391
2021-06-22 09:58:49,717.3,650432
2021-06-22 09:58:50,717.3,650432
2021-06-22 09:58:51,717.3,650432
2021-06-22 09:58:52,717.3,650432
2021-06-22 09:58:53,717.3,650582
2021-06-22 09:58:54,717.25,650591
2021-06-22 09:58:55,717.25,650591
2021-06-22 09:58:56,717.3,650611
2021-06-22 09:58:57,717.2,650728
2021-06-22 09:58:58,717.3,650736
2021-06-22 09:58:59,717.3,650736
2021-06-22 09:59:02,717.2,651064
2021-06-22 09:59:03,717.3,651103
2021-06-22 09:59:04,717.3,651103
2021-06-22 09:59:05,717.3,651105
2021-06-22 09:59:06,717.3,651105
2021-06-22 09:59:08,717.2,651119
2021-06-22 09:59:09,717.3,651169
2021-06-22 09:59:10,717.3,651199
2021-06-22 09:59:12,717.3,651453
2021-06-22 09:59:12,717.3,651453
2021-06-22 09:59:13,717.2,651553
2021-06-22 09:59:14,717.2,651553
2021-06-22 09:59:15,717.2,651604
2021-06-22 09:59:16,717.2,651632
2021-06-22 09:59:17,717.2,651755
2021-06-22 09:59:18,717.2,651755
2021-06-22 09:59:19,717.05,652311
2021-06-22 09:59:20,717.2,652331
2021-06-22 09:59:22,717.2,652341
2021-06-22 09:59:22,717.05,652381
2021-06-22 09:59:23,717.05,652427
2021-06-22 09:59:24,717.05,652566
2021-06-22 09:59:25,717.25,652710
2021-06-22 09:59:26,717.25,652711
2021-06-22 09:59:27,717.25,652711
2021-06-22 09:59:28,717.6,653019
2021-06-22 09:59:29,717.6,653019
2021-06-22 09:59:30,717.1,653024
2021-06-22 09:59:31,717.1,653061
2021-06-22 09:59:32,717.35,653121
2021-06-22 09:59:33,717.35,653140
2021-06-22 09:59:34,717.35,653140
2021-06-22 09:59:36,717.05,653570
2021-06-22 09:59:37,717.05,653570
2021-06-22 09:59:38,717.3,653622
2021-06-22 09:59:39,717.05,653663
2021-06-22 09:59:40,717.0,653743
2021-06-22 09:59:41,717.3,653753
2021-06-22 09:59:42,717.1,653933
2021-06-22 09:59:43,717.1,653933
2021-06-22 09:59:44,717.0,654135
2021-06-22 09:59:45,717.05,654165
2021-06-22 09:59:47,717.05,654165
2021-06-22 09:59:47,717.05,654165
2021-06-22 09:59:49,717.05,654165
2021-06-22 09:59:49,717.05,654165
2021-06-22 09:59:50,717.0,654175
2021-06-22 09:59:52,717.0,654175
2021-06-22 09:59:53,717.0,654177
2021-06-22 09:59:53,717.0,654178
2021-06-22 09:59:54,717.05,654198
2021-06-22 09:59:55,717.0,654303
2021-06-22 09:59:56,717.0,654303
2021-06-22 09:59:57,717.0,654305
2021-06-22 09:59:58,717.0,654305
2021-06-22 09:59:59,717.0,654310
2021-06-22 10:00:00,717.0,654484
2021-06-22 10:00:01,717.0,654675
2021-06-22 10:00:02,717.0,654780
2021-06-22 10:00:03,716.8,655012
2021-06-22 10:00:04,716.85,655080
2021-06-22 10:00:05,716.85,655080
2021-06-22 10:00:06,716.85,655094
2021-06-22 10:00:07,716.85,655130
2021-06-22 10:00:08,716.8,655139
2021-06-22 10:00:09,717.0,655229
2021-06-22 10:00:10,717.0,655250
2021-06-22 10:00:11,717.0,655250
2021-06-22 10:00:12,717.0,655250
2021-06-22 10:00:13,716.8,655302
2021-06-22 10:00:14,717.0,655307
2021-06-22 10:00:15,717.0,655365
2021-06-22 10:00:16,716.8,655488
2021-06-22 10:00:17,716.95,655549
2021-06-22 10:00:18,716.95,655549
2021-06-22 10:00:20,716.95,655549
2021-06-22 10:00:20,716.8,655579
2021-06-22 10:00:21,716.8,655628
2021-06-22 10:00:22,716.8,655700
2021-06-22 10:00:23,716.85,656413
2021-06-22 10:00:24,716.85,656413
2021-06-22 10:00:26,716.55,656645
2021-06-22 10:00:26,716.55,656645
2021-06-22 10:00:27,716.55,656795
2021-06-22 10:00:28,716.8,656806
2021-06-22 10:00:29,716.8,656833
2021-06-22 10:00:30,716.8,656899
2021-06-22 10:00:31,716.55,656956
2021-06-22 10:00:32,716.9,657061
2021-06-22 10:00:33,716.8,657581
2021-06-22 10:00:34,716.8,657621
2021-06-22 10:00:35,716.8,657799
2021-06-22 10:00:36,716.8,657810
2021-06-22 10:00:38,716.8,657835
2021-06-22 10:00:38,716.8,657835
2021-06-22 10:00:39,716.55,657861
2021-06-22 10:00:40,716.8,657862
2021-06-22 10:00:41,716.8,657864
2021-06-22 10:00:43,716.8,657864
2021-06-22 10:00:43,716.8,657864
2021-06-22 10:00:44,716.8,657864
2021-06-22 10:00:45,716.8,657864
2021-06-22 10:00:46,716.8,658042
2021-06-22 10:00:47,716.55,658062
2021-06-22 10:00:48,716.8,658063
2021-06-22 10:00:50,716.9,658218
2021-06-22 10:00:52,716.8,658448
2021-06-22 10:00:52,716.8,658448
2021-06-22 10:00:53,716.8,658563
2021-06-22 10:00:54,716.55,658564
2021-06-22 10:00:55,716.55,658575
2021-06-22 10:00:56,716.9,658600
2021-06-22 10:00:57,716.9,658600
2021-06-22 10:00:59,716.9,658618
2021-06-22 10:00:59,716.9,658618
2021-06-22 10:01:00,716.6,658630
2021-06-22 10:01:01,716.6,658677
2021-06-22 10:01:02,716.6,658727
2021-06-22 10:01:03,716.6,658827
2021-06-22 10:01:04,716.6,658827
2021-06-22 10:01:05,716.8,658842
2021-06-22 10:01:06,716.8,658842
2021-06-22 10:01:07,716.8,658846
2021-06-22 10:01:09,716.8,658880
2021-06-22 10:01:11,716.8,660639
2021-06-22 10:01:12,716.8,660639
2021-06-22 10:01:13,716.8,660679
2021-06-22 10:01:14,716.35,660779
2021-06-22 10:01:15,716.5,660907
2021-06-22 10:01:17,716.8,660947
2021-06-22 10:01:18,716.8,660981
2021-06-22 10:01:18,716.8,660981
2021-06-22 10:01:19,716.6,660991
2021-06-22 10:01:20,716.9,661050
2021-06-22 10:01:21,716.9,661051
2021-06-22 10:01:22,716.9,661051
2021-06-22 10:01:23,716.9,661113
2021-06-22 10:01:25,716.95,661187
2021-06-22 10:01:26,716.95,661187
2021-06-22 10:01:27,716.55,661230
2021-06-22 10:01:28,716.6,661238
2021-06-22 10:01:29,716.9,661286
2021-06-22 10:01:30,716.9,661286
2021-06-22 10:01:32,716.8,661300
2021-06-22 10:01:32,716.8,661300
2021-06-22 10:01:34,716.8,661313
2021-06-22 10:01:35,716.6,661333
2021-06-22 10:01:36,716.8,661341
2021-06-22 10:01:36,716.6,661381
2021-06-22 10:01:38,716.95,661510
2021-06-22 10:01:38,716.95,661510
2021-06-22 10:01:39,716.8,661735
2021-06-22 10:01:40,716.85,661855
2021-06-22 10:01:41,716.9,662003
2021-06-22 10:01:42,716.6,662044
2021-06-22 10:01:44,716.6,662086
2021-06-22 10:01:44,716.6,662086
2021-06-22 10:01:45,716.6,662114
2021-06-22 10:01:46,716.95,662115
2021-06-22 10:01:49,716.9,662121
2021-06-22 10:01:50,716.95,662195
2021-06-22 10:01:51,716.95,662467
2021-06-22 10:01:53,717.0,664953
2021-06-22 10:01:54,717.05,664954
2021-06-22 10:01:55,717.05,664964
2021-06-22 10:01:56,717.05,664964
2021-06-22 10:01:57,717.05,664967
2021-06-22 10:01:58,717.05,664967
2021-06-22 10:01:59,717.05,664972
2021-06-22 10:02:00,717.05,665022
2021-06-22 10:02:02,717.35,665095
2021-06-22 10:02:03,717.35,665103
2021-06-22 10:02:04,717.05,665178
2021-06-22 10:02:05,717.2,665193
2021-06-22 10:02:06,717.4,665195
2021-06-22 10:02:06,717.4,665195
2021-06-22 10:02:07,717.4,665195
2021-06-22 10:02:08,717.4,665195
2021-06-22 10:02:10,717.45,665295
2021-06-22 10:02:11,717.45,665295
2021-06-22 10:02:11,717.45,665295
2021-06-22 10:02:12,717.05,665313
2021-06-22 10:02:15,717.45,666014
2021-06-22 10:02:16,717.45,666028
2021-06-22 10:02:17,717.1,666175
2021-06-22 10:02:18,717.15,666415
2021-06-22 10:02:19,717.15,666440
2021-06-22 10:02:20,717.5,666600
2021-06-22 10:02:21,717.5,666610
2021-06-22 10:02:25,717.5,666705
2021-06-22 10:02:26,717.5,666716
2021-06-22 10:02:28,717.5,666879
2021-06-22 10:02:29,717.2,666929
2021-06-22 10:02:30,717.2,666938
2021-06-22 10:02:32,717.4,666981
2021-06-22 10:02:33,717.4,666989
2021-06-22 10:02:35,717.4,666989
2021-06-22 10:02:36,717.0,667089
2021-06-22 10:02:37,717.4,667095
2021-06-22 10:02:37,717.2,667105
2021-06-22 10:02:38,717.2,667105
2021-06-22 10:02:39,717.2,667150
2021-06-22 10:02:40,717.2,667150
2021-06-22 10:02:41,717.4,667160
2021-06-22 10:02:43,717.4,667160
2021-06-22 10:02:44,717.2,667161
2021-06-22 10:02:45,717.4,667370
2021-06-22 10:02:46,716.9,667590
2021-06-22 10:02:46,716.9,667590
2021-06-22 10:02:47,717.05,667598
2021-06-22 10:02:48,717.05,667618
2021-06-22 10:02:50,717.3,667628
2021-06-22 10:02:52,717.05,668178
2021-06-22 10:02:53,717.4,668212
2021-06-22 10:02:54,717.4,668235
2021-06-22 10:02:55,717.4,668267
2021-06-22 10:02:56,717.4,668267
2021-06-22 10:02:59,717.1,668346
2021-06-22 10:03:00,717.4,668506
2021-06-22 10:03:01,717.1,668550
2021-06-22 10:03:01,717.1,668550
2021-06-22 10:03:02,717.1,668555
2021-06-22 10:03:04,717.1,668655
2021-06-22 10:03:05,717.35,668669
2021-06-22 10:03:06,717.35,668669
2021-06-22 10:03:08,717.1,668779
2021-06-22 10:03:09,717.1,668779
2021-06-22 10:03:10,717.1,668779
2021-06-22 10:03:11,717.1,668779
2021-06-22 10:03:12,717.2,668910
2021-06-22 10:03:13,717.2,668910
2021-06-22 10:03:15,717.2,668946
2021-06-22 10:03:16,717.2,668989
2021-06-22 10:03:17,717.4,669049
2021-06-22 10:03:18,717.15,669138
2021-06-22 10:03:19,717.15,669138
2021-06-22 10:03:20,717.15,669138
2021-06-22 10:03:23,717.4,669211
2021-06-22 10:03:24,717.4,669213
2021-06-22 10:03:24,717.4,669213
2021-06-22 10:03:25,717.4,669213
2021-06-22 10:03:26,717.75,670217
2021-06-22 10:03:28,717.75,670275
2021-06-22 10:03:29,717.75,670275
2021-06-22 10:03:30,717.5,670276
2021-06-22 10:03:31,717.5,670303
2021-06-22 10:03:33,717.5,670358
2021-06-22 10:03:34,717.5,670358
2021-06-22 10:03:35,717.7,670408
2021-06-22 10:03:36,717.7,670432
2021-06-22 10:03:38,717.7,670487
2021-06-22 10:03:39,717.7,670487
2021-06-22 10:03:40,717.7,670487
2021-06-22 10:03:40,717.7,670487
2021-06-22 10:03:42,717.45,670653
2021-06-22 10:03:43,717.7,670836
2021-06-22 10:03:44,717.7,670866
2021-06-22 10:03:45,717.45,670907
2021-06-22 10:03:46,717.7,671057
2021-06-22 10:03:47,717.5,671069
2021-06-22 10:03:48,717.7,671109
2021-06-22 10:03:49,717.7,671109
2021-06-22 10:03:50,717.7,671109
2021-06-22 10:03:52,717.7,671119
2021-06-22 10:03:53,717.5,671129
2021-06-22 10:03:54,717.7,671493
2021-06-22 10:03:55,717.7,671495
2021-06-22 10:03:56,717.7,671495
2021-06-22 10:03:57,717.7,671512
2021-06-22 10:03:58,717.7,671512
2021-06-22 10:04:00,717.4,671768
2021-06-22 10:04:01,717.4,671924
2021-06-22 10:04:02,717.75,672124
2021-06-22 10:04:03,717.75,672124
2021-06-22 10:04:04,717.75,672124
2021-06-22 10:04:05,717.45,672129
2021-06-22 10:04:06,717.75,672160
2021-06-22 10:04:07,717.85,672563
2021-06-22 10:04:08,717.95,672570
2021-06-22 10:04:09,717.95,672570
2021-06-22 10:04:10,717.95,672584
2021-06-22 10:04:11,717.95,672584
2021-06-22 10:04:12,717.95,672584
2021-06-22 10:04:14,717.6,672704
2021-06-22 10:04:15,717.6,672704
2021-06-22 10:04:16,717.6,672732
2021-06-22 10:04:17,718.0,672873
2021-06-22 10:04:18,717.6,672874
2021-06-22 10:04:19,718.0,672943
2021-06-22 10:04:20,718.0,672943
2021-06-22 10:04:20,718.0,672943
2021-06-22 10:04:21,718.0,672952
2021-06-22 10:04:22,718.0,672952
2021-06-22 10:04:23,717.75,672953
2021-06-22 10:04:25,718.1,674077
2021-06-22 10:04:26,718.1,674077
2021-06-22 10:04:27,718.1,674077
2021-06-22 10:04:28,718.1,674077
2021-06-22 10:04:29,718.0,674080
2021-06-22 10:04:30,718.0,674080
2021-06-22 10:04:31,718.0,674108
2021-06-22 10:04:32,718.1,674169
2021-06-22 10:04:33,718.25,674442
2021-06-22 10:04:35,718.3,674921
2021-06-22 10:04:36,718.1,674969
2021-06-22 10:04:37,718.1,674979
2021-06-22 10:04:38,718.1,674985
2021-06-22 10:04:38,718.1,676015
2021-06-22 10:04:40,718.4,676047
2021-06-22 10:04:41,718.35,676061
2021-06-22 10:04:42,718.4,676394
2021-06-22 10:04:43,718.05,676395
2021-06-22 10:04:43,718.0,676401
2021-06-22 10:04:44,718.0,676456
2021-06-22 10:04:45,718.0,676792
2021-06-22 10:04:46,718.25,676897
2021-06-22 10:04:47,718.25,676897
2021-06-22 10:04:48,718.3,676904
2021-06-22 10:04:49,718.3,677219
2021-06-22 10:04:50,718.3,677219
2021-06-22 10:04:52,718.3,677219
2021-06-22 10:04:53,718.3,677221
2021-06-22 10:04:54,718.25,677241
2021-06-22 10:04:55,718.25,677242
2021-06-22 10:04:56,718.25,677245
2021-06-22 10:04:57,718.3,677295
2021-06-22 10:04:57,718.3,677295
2021-06-22 10:04:58,718.3,677420
2021-06-22 10:04:59,718.25,677777
2021-06-22 10:05:00,718.0,677897
2021-06-22 10:05:01,718.0,678117
2021-06-22 10:05:02,718.25,678317
2021-06-22 10:05:03,718.05,678325
2021-06-22 10:05:04,718.0,678382
2021-06-22 10:05:06,718.05,678395
2021-06-22 10:05:07,718.0,678409
2021-06-22 10:05:08,718.05,678446
2021-06-22 10:05:09,718.0,678486
2021-06-22 10:05:10,718.25,678496
2021-06-22 10:05:11,718.0,678538
2021-06-22 10:05:12,718.0,678652
2021-06-22 10:05:13,718.25,678662
2021-06-22 10:05:14,718.0,678722
2021-06-22 10:05:15,718.0,678910
2021-06-22 10:05:15,718.25,678960
2021-06-22 10:05:17,718.05,679155
2021-06-22 10:05:17,718.0,679165
2021-06-22 10:05:18,718.0,679216
2021-06-22 10:05:20,718.0,679252
2021-06-22 10:05:21,718.25,680252
2021-06-22 10:05:22,718.05,680471
2021-06-22 10:05:24,718.2,680484
2021-06-22 10:05:25,718.05,680584
2021-06-22 10:05:26,718.2,680631
2021-06-22 10:05:27,718.05,680635
2021-06-22 10:05:28,718.2,680681
2021-06-22 10:05:29,718.35,682086
2021-06-22 10:05:30,718.35,682086
2021-06-22 10:05:30,718.35,682115
2021-06-22 10:05:31,718.35,682115
2021-06-22 10:05:33,718.35,682118
2021-06-22 10:05:34,718.35,682118
2021-06-22 10:05:35,718.1,682132
2021-06-22 10:05:36,718.3,683319
2021-06-22 10:05:37,718.1,683359
2021-06-22 10:05:39,718.1,683364
2021-06-22 10:05:40,718.1,683383
2021-06-22 10:05:41,718.15,683392
2021-06-22 10:05:42,718.1,683902
2021-06-22 10:05:43,718.1,683902
2021-06-22 10:05:43,718.1,683902
2021-06-22 10:05:44,718.35,683912
2021-06-22 10:05:45,718.05,684192
2021-06-22 10:05:46,718.05,684241
2021-06-22 10:05:48,718.05,684244
2021-06-22 10:05:49,718.25,687002
2021-06-22 10:05:50,718.25,687003
2021-06-22 10:05:52,718.05,687198
2021-06-22 10:05:53,718.05,687198
2021-06-22 10:05:54,718.25,687274
2021-06-22 10:05:55,718.25,688475
2021-06-22 10:05:57,718.25,688495
2021-06-22 10:05:58,718.25,688495
2021-06-22 10:05:59,718.25,688495
2021-06-22 10:06:00,718.25,688505
2021-06-22 10:06:00,718.0,688532
2021-06-22 10:06:01,718.25,688680
2021-06-22 10:06:02,718.25,688724
2021-06-22 10:06:03,718.25,688724
2021-06-22 10:06:05,718.25,688730
2021-06-22 10:06:06,718.05,688785
2021-06-22 10:06:07,718.05,688894
2021-06-22 10:06:08,718.05,688925
2021-06-22 10:06:09,718.05,688925
2021-06-22 10:06:10,718.1,688931
2021-06-22 10:06:11,718.05,689029
2021-06-22 10:06:12,718.05,689284
2021-06-22 10:06:13,718.0,689427
2021-06-22 10:06:14,718.0,689917
2021-06-22 10:06:15,718.0,689922
2021-06-22 10:06:16,718.0,689966
2021-06-22 10:06:17,718.1,690383
2021-06-22 10:06:17,718.45,691885
2021-06-22 10:06:18,718.45,691885
2021-06-22 10:06:19,718.25,692035
2021-06-22 10:06:20,718.15,692084
2021-06-22 10:06:22,718.5,692659
2021-06-22 10:06:23,718.4,692682
2021-06-22 10:06:24,718.5,692934
2021-06-22 10:06:25,718.15,692936
2021-06-22 10:06:26,718.5,694851
2021-06-22 10:06:27,718.5,694851
2021-06-22 10:06:28,718.5,694851
2021-06-22 10:06:29,718.5,694879
2021-06-22 10:06:31,718.5,695051
2021-06-22 10:06:33,718.65,695071
2021-06-22 10:06:34,718.7,697103
2021-06-22 10:06:35,718.55,698103
2021-06-22 10:06:37,718.55,698143
2021-06-22 10:06:38,718.55,698173
2021-06-22 10:06:39,718.55,698194
2021-06-22 10:06:40,718.55,698194
2021-06-22 10:06:41,718.55,698204
2021-06-22 10:06:42,718.5,698209
2021-06-22 10:06:43,718.5,698320
2021-06-22 10:06:44,718.35,698324
2021-06-22 10:06:45,718.35,698452
2021-06-22 10:06:46,718.35,698452
2021-06-22 10:06:47,718.35,698452
2021-06-22 10:06:48,718.35,698452
2021-06-22 10:06:49,718.5,698459
2021-06-22 10:06:50,718.35,698460
2021-06-22 10:06:51,718.5,698779
2021-06-22 10:06:52,718.55,698929
2021-06-22 10:06:53,718.55,698939
2021-06-22 10:06:54,718.55,698946
2021-06-22 10:06:55,718.3,698976
2021-06-22 10:06:56,718.6,698981
2021-06-22 10:06:57,718.55,698986
2021-06-22 10:06:58,718.25,699087
2021-06-22 10:06:59,718.25,699342
2021-06-22 10:07:00,718.55,699352
2021-06-22 10:07:01,718.25,699591
2021-06-22 10:07:02,718.25,699591
2021-06-22 10:07:03,718.55,699641
2021-06-22 10:07:04,718.2,699676
2021-06-22 10:07:05,718.45,699679
2021-06-22 10:07:06,718.45,699679
2021-06-22 10:07:07,718.55,699697
2021-06-22 10:07:08,718.25,699752
2021-06-22 10:07:09,718.25,699787
2021-06-22 10:07:10,718.45,699788
2021-06-22 10:07:11,718.5,699798
2021-06-22 10:07:12,718.5,699798
2021-06-22 10:07:13,718.55,700373
2021-06-22 10:07:14,718.5,700456
2021-06-22 10:07:15,718.5,700510
2021-06-22 10:07:16,718.45,700548
2021-06-22 10:07:17,718.45,700548
2021-06-22 10:07:18,718.45,700548
2021-06-22 10:07:19,718.45,700563
2021-06-22 10:07:20,718.45,700588
2021-06-22 10:07:21,718.25,700645
2021-06-22 10:07:23,718.1,701003
2021-06-22 10:07:23,718.2,701180
2021-06-22 10:07:24,718.45,701385
2021-06-22 10:07:25,718.45,701407
2021-06-22 10:07:26,718.45,701442
2021-06-22 10:07:27,718.45,701442
2021-06-22 10:07:29,718.55,702719
2021-06-22 10:07:30,718.55,702724
2021-06-22 10:07:31,718.55,702938
2021-06-22 10:07:32,718.55,702938
2021-06-22 10:07:33,718.2,703582
2021-06-22 10:07:34,718.2,703582
2021-06-22 10:07:35,718.5,703588
2021-06-22 10:07:36,718.5,703598
2021-06-22 10:07:37,718.5,703598
2021-06-22 10:07:38,718.5,703598
2021-06-22 10:07:39,718.2,703750
2021-06-22 10:07:40,718.2,703777
2021-06-22 10:07:42,718.5,703783
2021-06-22 10:07:43,718.5,703803
2021-06-22 10:07:44,718.5,703824
2021-06-22 10:07:45,718.55,704474
2021-06-22 10:07:46,718.25,704502
2021-06-22 10:07:47,718.25,704522
2021-06-22 10:07:48,718.25,704541
2021-06-22 10:07:49,718.55,704691
2021-06-22 10:07:50,718.25,704791
2021-06-22 10:07:51,718.25,704791
2021-06-22 10:07:52,718.25,704791
2021-06-22 10:07:53,718.5,705296
2021-06-22 10:07:54,718.5,705296
2021-06-22 10:07:55,718.5,705296
2021-06-22 10:07:56,718.2,705336
2021-06-22 10:07:57,718.5,705344
2021-06-22 10:07:58,718.5,705344
2021-06-22 10:07:59,718.5,705354
2021-06-22 10:08:00,718.2,705393
2021-06-22 10:08:02,718.2,705939
2021-06-22 10:08:01,718.2,705939
2021-06-22 10:08:03,718.2,706642
2021-06-22 10:08:04,718.05,706653
2021-06-22 10:08:05,718.05,706653
2021-06-22 10:08:06,718.35,706675
2021-06-22 10:08:08,718.1,706712
2021-06-22 10:08:09,718.45,706757
2021-06-22 10:08:10,718.15,706758
2021-06-22 10:08:11,718.05,708808
2021-06-22 10:08:12,718.05,708808
2021-06-22 10:08:13,718.05,708808
2021-06-22 10:08:15,718.15,708872
2021-06-22 10:08:16,718.1,708910
2021-06-22 10:08:17,718.05,708964
2021-06-22 10:08:18,718.35,709216
2021-06-22 10:08:19,718.0,709227
2021-06-22 10:08:21,718.4,709367
2021-06-22 10:08:22,718.0,710445
2021-06-22 10:08:23,718.0,710545
2021-06-22 10:08:24,718.2,710997
2021-06-22 10:08:25,718.2,710997
2021-06-22 10:08:26,717.85,711125
2021-06-22 10:08:27,718.15,711257
2021-06-22 10:08:28,717.9,711342
2021-06-22 10:08:29,717.9,711378
2021-06-22 10:08:30,718.15,711388
2021-06-22 10:08:31,717.9,711500
2021-06-22 10:08:32,717.6,711746
2021-06-22 10:08:33,717.6,711746
2021-06-22 10:08:34,717.6,711746
2021-06-22 10:08:36,717.85,711999
2021-06-22 10:08:37,717.55,712404
2021-06-22 10:08:38,717.85,712406
2021-06-22 10:08:39,717.55,712411
2021-06-22 10:08:40,717.6,712591
2021-06-22 10:08:41,717.85,712593
2021-06-22 10:08:42,717.85,712597
2021-06-22 10:08:43,717.55,712971
2021-06-22 10:08:44,717.7,713022
2021-06-22 10:08:45,718.05,713027
2021-06-22 10:08:46,717.7,713055
2021-06-22 10:08:47,717.6,713520
2021-06-22 10:08:48,717.6,713520
2021-06-22 10:08:49,717.85,713545
2021-06-22 10:08:50,717.85,713545
2021-06-22 10:08:52,717.85,713545
2021-06-22 10:08:53,717.95,713566
2021-06-22 10:08:54,717.55,713872
2021-06-22 10:08:55,717.5,713977
2021-06-22 10:08:56,717.85,714027
2021-06-22 10:08:57,717.75,714028
2021-06-22 10:08:58,717.75,714029
2021-06-22 10:08:59,718.0,714134
2021-06-22 10:09:00,717.65,714439
2021-06-22 10:09:01,718.0,714453
2021-06-22 10:09:02,717.65,714694
2021-06-22 10:09:03,717.55,715096
2021-06-22 10:09:04,717.95,715138
2021-06-22 10:09:05,718.0,715148
2021-06-22 10:09:06,717.55,715246
2021-06-22 10:09:07,717.95,715248
2021-06-22 10:09:08,717.95,715282
2021-06-22 10:09:09,718.0,715382
2021-06-22 10:09:10,717.55,716479
2021-06-22 10:09:11,718.0,716685
2021-06-22 10:09:12,717.5,716864
2021-06-22 10:09:13,717.85,716889
2021-06-22 10:09:14,717.85,716889
2021-06-22 10:09:15,717.85,716889
2021-06-22 10:09:16,717.55,717032
2021-06-22 10:09:17,717.75,717107
2021-06-22 10:09:18,717.75,717161
2021-06-22 10:09:19,717.75,717181
2021-06-22 10:09:20,717.75,717281
2021-06-22 10:09:21,717.5,717312
2021-06-22 10:09:22,717.8,717317
2021-06-22 10:09:23,717.8,717396
2021-06-22 10:09:24,717.75,717413
2021-06-22 10:09:26,717.75,717413
2021-06-22 10:09:27,717.5,717554
2021-06-22 10:09:28,717.7,717778
2021-06-22 10:09:29,717.75,717821
2021-06-22 10:09:31,717.75,717861
2021-06-22 10:09:33,717.65,718138
2021-06-22 10:09:34,717.65,718216
2021-06-22 10:09:36,717.7,718256
2021-06-22 10:09:37,717.5,718281
2021-06-22 10:09:38,717.7,718287
2021-06-22 10:09:39,717.7,718297
2021-06-22 10:09:40,717.7,718297
2021-06-22 10:09:43,717.7,718333
2021-06-22 10:09:44,717.7,718373
2021-06-22 10:09:45,717.7,718373
2021-06-22 10:09:46,717.75,718442
2021-06-22 10:09:47,717.45,718472
2021-06-22 10:09:48,717.8,718478
2021-06-22 10:09:49,717.75,718689
2021-06-22 10:09:50,717.8,718735
2021-06-22 10:09:51,717.8,718752
2021-06-22 10:09:52,717.8,718796
2021-06-22 10:09:53,717.7,718832
2021-06-22 10:09:54,717.7,718832
2021-06-22 10:09:55,717.8,718875
2021-06-22 10:09:56,717.5,718975
2021-06-22 10:09:57,717.8,719001
2021-06-22 10:09:59,717.5,719050
2021-06-22 10:10:01,717.75,719127
2021-06-22 10:10:02,717.45,719270
2021-06-22 10:10:03,717.8,719346
2021-06-22 10:10:04,717.45,719356
2021-06-22 10:10:05,717.45,719356
2021-06-22 10:10:06,717.45,719356
2021-06-22 10:10:09,717.75,719955
2021-06-22 10:10:10,717.75,719955
2021-06-22 10:10:11,717.75,719955
2021-06-22 10:10:12,717.75,719958
2021-06-22 10:10:13,717.35,720022
2021-06-22 10:10:14,717.7,720032
2021-06-22 10:10:15,717.45,720060
2021-06-22 10:10:16,717.65,720061
2021-06-22 10:10:17,717.65,720061
2021-06-22 10:10:18,717.5,720063
2021-06-22 10:10:19,717.5,720065
2021-06-22 10:10:20,717.7,720170
2021-06-22 10:10:21,717.7,720192
2021-06-22 10:10:22,717.7,720192
2021-06-22 10:10:23,717.65,720220
2021-06-22 10:10:24,717.65,720238
2021-06-22 10:10:25,717.4,720371
2021-06-22 10:10:26,717.65,720392
2021-06-22 10:10:27,717.5,720394
2021-06-22 10:10:28,717.5,720524
2021-06-22 10:10:30,717.65,720687
2021-06-22 10:10:30,717.65,720687
2021-06-22 10:10:31,717.5,720740
2021-06-22 10:10:33,717.65,720748
2021-06-22 10:10:34,717.6,720749
2021-06-22 10:10:35,717.6,720753
2021-06-22 10:10:37,717.6,720763
2021-06-22 10:10:38,717.6,720763
2021-06-22 10:10:39,717.6,720763
2021-06-22 10:10:41,717.6,720784
2021-06-22 10:10:43,717.6,720798
2021-06-22 10:10:44,717.6,720798
2021-06-22 10:10:45,717.6,720852
2021-06-22 10:10:46,717.6,720966
2021-06-22 10:10:47,717.65,720989
2021-06-22 10:10:48,717.65,721125
2021-06-22 10:10:49,717.65,721147
2021-06-22 10:10:51,717.65,721147
2021-06-22 10:10:53,717.4,721154
2021-06-22 10:10:54,717.4,721154
2021-06-22 10:10:55,717.4,721170
2021-06-22 10:10:56,717.65,721320
2021-06-22 10:10:57,717.6,721348
2021-06-22 10:10:58,717.25,721624
2021-06-22 10:10:59,717.6,721670
2021-06-22 10:11:00,717.3,721718
2021-06-22 10:11:01,717.6,721758
2021-06-22 10:11:03,717.65,721825
2021-06-22 10:11:03,717.65,721825
2021-06-22 10:11:05,717.65,721875
2021-06-22 10:11:05,717.65,721893
2021-06-22 10:11:06,717.2,722011
2021-06-22 10:11:09,717.65,722183
2021-06-22 10:11:10,717.6,722185
2021-06-22 10:11:11,717.25,722236
2021-06-22 10:11:12,717.25,722249
2021-06-22 10:11:13,717.25,722255
