timestamp,ltp,volume
2021-06-22 09:16:34,2533.35,211903
2021-06-22 09:16:35,2533.3,214981
2021-06-22 09:16:36,2532.85,218922
2021-06-22 09:16:37,2534.3,219419
2021-06-22 09:16:41,2532.95,222745
2021-06-22 09:16:42,2531.65,223563
2021-06-22 09:16:43,2531.7,224241
2021-06-22 09:16:44,2531.7,226985
2021-06-22 09:16:45,2532.6,227194
2021-06-22 09:16:46,2531.25,227722
2021-06-22 09:16:47,2530.7,227787
2021-06-22 09:16:48,2530.05,228193
2021-06-22 09:16:49,2530.05,229486
2021-06-22 09:16:50,2530.05,230135
2021-06-22 09:16:52,2530.05,233874
2021-06-22 09:16:53,2531.95,235564
2021-06-22 09:16:54,2529.4,236085
2021-06-22 09:16:55,2530.2,237218
2021-06-22 09:16:56,2530.2,238314
2021-06-22 09:16:57,2531.6,238802
2021-06-22 09:16:58,2530.95,239188
2021-06-22 09:16:58,2530.2,239260
2021-06-22 09:16:59,2530.2,239818
2021-06-22 09:17:00,2531.65,240107
2021-06-22 09:17:01,2530.9,240588
2021-06-22 09:17:02,2531.9,240933
2021-06-22 09:17:03,2532.0,241178
2021-06-22 09:17:05,2533.0,242261
2021-06-22 09:17:05,2531.95,242020
2021-06-22 09:17:06,2532.5,242399
2021-06-22 09:17:07,2533.15,243645
2021-06-22 09:17:08,2533.15,243764
2021-06-22 09:17:10,2534.05,246237
2021-06-22 09:17:10,2534.05,246560
2021-06-22 09:17:11,2532.95,246649
2021-06-22 09:17:12,2532.95,247232
2021-06-22 09:17:13,2534.0,247939
2021-06-22 09:17:15,2533.4,248606
2021-06-22 09:17:15,2533.45,248711
2021-06-22 09:17:16,2533.35,248900
2021-06-22 09:17:17,2534.5,249096
2021-06-22 09:17:18,2534.45,249656
2021-06-22 09:17:19,2533.25,250259
2021-06-22 09:17:20,2533.45,250695
2021-06-22 09:17:22,2533.35,251164
2021-06-22 09:17:22,2533.35,251116
2021-06-22 09:17:23,2533.45,252007
2021-06-22 09:17:24,2534.3,252248
2021-06-22 09:17:26,2533.35,252758
2021-06-22 09:17:27,2533.35,253008
2021-06-22 09:17:29,2533.95,253385
2021-06-22 09:17:29,2533.35,253731
2021-06-22 09:17:30,2533.95,254189
2021-06-22 09:17:31,2533.35,255387
2021-06-22 09:17:33,2533.35,255982
2021-06-22 09:17:34,2534.0,256099
2021-06-22 09:17:36,2533.95,256225
2021-06-22 09:17:36,2533.95,256192
2021-06-22 09:17:38,2533.9,256720
2021-06-22 09:17:38,2534.4,256825
2021-06-22 09:17:39,2534.4,257378
2021-06-22 09:17:41,2535.0,257779
2021-06-22 09:17:42,2534.3,257815
2021-06-22 09:17:43,2535.0,257946
2021-06-22 09:17:45,2535.4,258499
2021-06-22 09:17:46,2535.05,259123
2021-06-22 09:17:46,2534.9,259799
2021-06-22 09:17:47,2535.05,260122
2021-06-22 09:17:48,2536.1,260779
2021-06-22 09:17:49,2535.4,261827
2021-06-22 09:17:50,2535.4,262244
2021-06-22 09:17:51,2536.0,262681
2021-06-22 09:17:52,2536.4,262981
2021-06-22 09:17:53,2535.4,263009
2021-06-22 09:17:54,2535.6,264037
2021-06-22 09:17:56,2535.75,264560
2021-06-22 09:17:56,2535.7,265160
2021-06-22 09:17:57,2535.65,265298
2021-06-22 09:17:58,2535.75,266416
2021-06-22 09:17:59,2535.75,266878
2021-06-22 09:18:00,2536.3,268366
2021-06-22 09:18:01,2535.75,268392
2021-06-22 09:18:03,2536.3,268699
2021-06-22 09:18:03,2535.7,269090
2021-06-22 09:18:04,2536.0,269937
2021-06-22 09:18:05,2536.0,270717
2021-06-22 09:18:06,2535.95,271854
2021-06-22 09:18:07,2535.95,274075
2021-06-22 09:18:09,2536.0,275263
2021-06-22 09:18:11,2537.05,275947
2021-06-22 09:18:11,2537.3,276389
2021-06-22 09:18:12,2536.45,276639
2021-06-22 09:18:13,2536.45,276749
2021-06-22 09:18:15,2536.8,277944
2021-06-22 09:18:16,2537.7,279211
2021-06-22 09:18:17,2537.85,279428
2021-06-22 09:18:18,2536.95,280572
2021-06-22 09:18:18,2536.95,280615
2021-06-22 09:18:19,2538.95,281115
2021-06-22 09:18:20,2537.5,281647
2021-06-22 09:18:21,2537.5,282845
2021-06-22 09:18:22,2538.25,283108
2021-06-22 09:18:23,2537.45,283846
2021-06-22 09:18:24,2538.6,284388
2021-06-22 09:18:25,2538.6,285587
2021-06-22 09:18:27,2538.95,286285
2021-06-22 09:18:28,2537.85,286504
2021-06-22 09:18:28,2537.85,286504
2021-06-22 09:18:29,2539.35,286754
2021-06-22 09:18:30,2538.2,288081
2021-06-22 09:18:31,2538.35,288873
2021-06-22 09:18:32,2539.4,289051
2021-06-22 09:18:34,2538.3,291224
2021-06-22 09:18:35,2538.45,291310
2021-06-22 09:18:36,2539.15,291745
2021-06-22 09:18:37,2538.45,291765
2021-06-22 09:18:38,2538.45,292116
2021-06-22 09:18:38,2538.45,292133
2021-06-22 09:18:39,2538.45,294599
2021-06-22 09:18:40,2538.45,294673
2021-06-22 09:18:42,2539.15,295173
2021-06-22 09:18:43,2538.45,295210
2021-06-22 09:18:43,2538.45,295210
2021-06-22 09:18:44,2538.4,295856
2021-06-22 09:18:45,2538.45,296652
2021-06-22 09:18:47,2538.5,296962
2021-06-22 09:18:48,2539.15,298041
2021-06-22 09:18:49,2539.2,298448
2021-06-22 09:18:50,2538.9,305054
2021-06-22 09:18:50,2539.7,299590
2021-06-22 09:18:51,2538.3,305450
2021-06-22 09:18:52,2539.7,305980
2021-06-22 09:18:54,2539.4,306586
2021-06-22 09:18:55,2538.2,309625
2021-06-22 09:18:56,2538.95,309979
2021-06-22 09:18:57,2538.95,311813
2021-06-22 09:18:58,2538.95,311816
2021-06-22 09:19:00,2539.6,312032
2021-06-22 09:19:01,2539.6,312935
2021-06-22 09:19:02,2538.95,313056
2021-06-22 09:19:03,2538.5,313286
2021-06-22 09:19:04,2538.45,313990
2021-06-22 09:19:05,2538.05,314213
2021-06-22 09:19:06,2539.4,314351
2021-06-22 09:19:07,2538.65,315115
2021-06-22 09:19:08,2538.65,315362
2021-06-22 09:19:09,2539.0,315880
2021-06-22 09:19:10,2538.7,316180
2021-06-22 09:19:12,2538.65,316507
2021-06-22 09:19:13,2538.25,316640
2021-06-22 09:19:14,2538.65,316671
2021-06-22 09:19:14,2538.65,316671
2021-06-22 09:19:15,2537.55,317069
2021-06-22 09:19:16,2538.65,317141
2021-06-22 09:19:17,2538.25,317419
2021-06-22 09:19:18,2538.25,317546
2021-06-22 09:19:19,2538.25,317560
2021-06-22 09:19:21,2537.15,318044
2021-06-22 09:19:22,2538.65,318200
2021-06-22 09:19:23,2538.25,318337
2021-06-22 09:19:23,2538.6,318344
2021-06-22 09:19:24,2538.25,318462
2021-06-22 09:19:25,2538.25,318675
2021-06-22 09:19:26,2538.25,318777
2021-06-22 09:19:28,2538.25,319219
2021-06-22 09:19:29,2538.15,319768
2021-06-22 09:19:30,2539.2,320686
2021-06-22 09:19:31,2539.3,321198
2021-06-22 09:19:32,2539.0,322101
2021-06-22 09:19:34,2539.15,322473
2021-06-22 09:19:35,2539.4,325687
2021-06-22 09:19:36,2540.3,326044
2021-06-22 09:19:37,2540.0,326707
2021-06-22 09:19:38,2540.0,328592
2021-06-22 09:19:40,2539.15,328674
2021-06-22 09:19:41,2539.15,329362
2021-06-22 09:19:42,2539.65,329653
2021-06-22 09:19:42,2539.65,329653
2021-06-22 09:19:43,2538.45,330031
2021-06-22 09:19:44,2538.65,330138
2021-06-22 09:19:46,2538.4,330413
2021-06-22 09:19:47,2538.3,331216
2021-06-22 09:19:48,2538.5,331246
2021-06-22 09:19:49,2538.65,331617
2021-06-22 09:19:49,2538.65,331617
2021-06-22 09:19:50,2539.65,331667
2021-06-22 09:19:51,2538.3,331882
2021-06-22 09:19:52,2539.0,331887
2021-06-22 09:19:53,2539.0,331947
2021-06-22 09:19:55,2538.4,331991
2021-06-22 09:19:55,2539.0,332192
2021-06-22 09:19:57,2539.65,332737
2021-06-22 09:19:58,2539.65,332988
2021-06-22 09:19:58,2539.65,332988
2021-06-22 09:19:59,2539.35,333328
2021-06-22 09:20:01,2539.3,333441
2021-06-22 09:20:02,2539.65,333460
2021-06-22 09:20:03,2539.3,333470
2021-06-22 09:20:05,2539.15,333567
2021-06-22 09:20:06,2539.15,333647
2021-06-22 09:20:07,2539.15,333805
2021-06-22 09:20:08,2539.65,334002
2021-06-22 09:20:08,2539.3,334019
2021-06-22 09:20:09,2539.3,334020
2021-06-22 09:20:10,2539.05,334022
2021-06-22 09:20:12,2539.35,334063
2021-06-22 09:20:13,2539.05,334871
2021-06-22 09:20:14,2539.05,334972
2021-06-22 09:20:14,2539.05,335031
2021-06-22 09:20:15,2539.65,335116
2021-06-22 09:20:16,2540.55,336406
2021-06-22 09:20:17,2540.05,336950
2021-06-22 09:20:19,2539.4,337015
2021-06-22 09:20:20,2539.05,337252
2021-06-22 09:20:21,2539.1,337301
2021-06-22 09:20:22,2539.1,337301
2021-06-22 09:20:23,2539.1,337318
2021-06-22 09:20:24,2539.9,337441
2021-06-22 09:20:24,2539.9,337441
2021-06-22 09:20:25,2539.55,338542
2021-06-22 09:20:27,2540.25,338597
2021-06-22 09:20:29,2540.45,338782
2021-06-22 09:20:30,2539.55,338870
2021-06-22 09:20:31,2540.4,339484
2021-06-22 09:20:31,2540.3,339524
2021-06-22 09:20:32,2539.65,339575
2021-06-22 09:20:33,2539.8,339750
2021-06-22 09:20:34,2539.75,339908
2021-06-22 09:20:36,2539.75,339908
2021-06-22 09:20:37,2540.0,339909
2021-06-22 09:20:38,2540.8,340059
2021-06-22 09:20:39,2540.0,340070
2021-06-22 09:20:40,2540.0,340070
2021-06-22 09:20:41,2540.0,340080
2021-06-22 09:20:43,2540.0,340158
2021-06-22 09:20:44,2540.0,340300
2021-06-22 09:20:45,2540.8,340319
2021-06-22 09:20:46,2540.1,340330
2021-06-22 09:20:46,2540.1,340331
2021-06-22 09:20:47,2540.1,340331
2021-06-22 09:20:49,2540.1,340343
2021-06-22 09:20:50,2540.1,340474
2021-06-22 09:20:51,2540.1,340549
2021-06-22 09:20:52,2540.0,340871
2021-06-22 09:20:52,2538.4,342201
2021-06-22 09:20:53,2538.4,342589
2021-06-22 09:20:54,2538.4,342589
2021-06-22 09:20:55,2538.6,342703
2021-06-22 09:20:56,2539.8,342816
2021-06-22 09:20:57,2539.75,342842
2021-06-22 09:20:58,2539.6,342948
2021-06-22 09:21:00,2539.8,343260
2021-06-22 09:21:02,2539.6,343407
2021-06-22 09:21:03,2538.7,343412
2021-06-22 09:21:03,2538.7,343413
2021-06-22 09:21:04,2538.7,343508
2021-06-22 09:21:06,2538.7,343526
2021-06-22 09:21:07,2538.9,343663
2021-06-22 09:21:08,2538.9,343746
2021-06-22 09:21:09,2538.9,343746
2021-06-22 09:21:09,2538.9,343746
2021-06-22 09:21:11,2538.6,343758
2021-06-22 09:21:12,2538.7,343851
2021-06-22 09:21:12,2538.7,343875
2021-06-22 09:21:13,2538.85,344033
2021-06-22 09:21:14,2539.3,344317
2021-06-22 09:21:16,2539.5,344367
2021-06-22 09:21:17,2538.85,344435
2021-06-22 09:21:18,2539.9,345568
2021-06-22 09:21:18,2539.9,345756
2021-06-22 09:21:19,2539.65,346742
2021-06-22 09:21:21,2541.0,347846
2021-06-22 09:21:22,2541.25,348056
2021-06-22 09:21:23,2540.1,348537
2021-06-22 09:21:23,2540.2,348636
2021-06-22 09:21:24,2541.4,348745
2021-06-22 09:21:26,2540.2,348764
2021-06-22 09:21:27,2540.4,348848
2021-06-22 09:21:28,2540.4,348965
2021-06-22 09:21:28,2540.4,348990
2021-06-22 09:21:29,2541.2,348995
2021-06-22 09:21:30,2541.2,348996
2021-06-22 09:21:32,2541.15,349004
2021-06-22 09:21:33,2540.0,349111
2021-06-22 09:21:34,2540.0,349130
2021-06-22 09:21:35,2539.95,349159
2021-06-22 09:21:35,2539.95,349134
2021-06-22 09:21:37,2539.95,349161
2021-06-22 09:21:38,2540.1,349258
2021-06-22 09:21:40,2540.3,349268
2021-06-22 09:21:41,2540.3,349371
2021-06-22 09:21:42,2540.05,349581
2021-06-22 09:21:43,2540.0,349807
2021-06-22 09:21:44,2540.0,350439
2021-06-22 09:21:45,2540.1,350528
2021-06-22 09:21:46,2541.2,350535
2021-06-22 09:21:47,2540.0,350537
2021-06-22 09:21:48,2541.0,350636
2021-06-22 09:21:49,2541.4,350680
2021-06-22 09:21:50,2540.1,350822
2021-06-22 09:21:51,2540.1,350872
2021-06-22 09:21:52,2540.0,351428
2021-06-22 09:21:53,2540.0,351743
2021-06-22 09:21:54,2540.35,351927
2021-06-22 09:21:55,2541.0,351978
2021-06-22 09:21:57,2540.15,353169
2021-06-22 09:21:58,2540.1,353183
2021-06-22 09:21:59,2540.9,353392
2021-06-22 09:22:00,2540.0,353508
2021-06-22 09:22:01,2540.0,353664
2021-06-22 09:22:02,2540.8,353726
2021-06-22 09:22:03,2540.9,353788
2021-06-22 09:22:04,2540.9,354100
2021-06-22 09:22:05,2540.0,355115
2021-06-22 09:22:06,2540.0,355297
2021-06-22 09:22:07,2540.0,355344
2021-06-22 09:22:08,2540.0,355795
2021-06-22 09:22:09,2540.0,357036
2021-06-22 09:22:10,2540.1,357631
2021-06-22 09:22:11,2540.0,357788
2021-06-22 09:22:12,2540.0,357928
2021-06-22 09:22:13,2540.1,358106
2021-06-22 09:22:14,2540.75,359116
2021-06-22 09:22:15,2540.0,359167
2021-06-22 09:22:17,2541.0,359558
2021-06-22 09:22:17,2540.2,359561
2021-06-22 09:22:18,2540.15,359786
2021-06-22 09:22:19,2540.1,359860
2021-06-22 09:22:20,2543.05,361887
2021-06-22 09:22:21,2543.5,362052
2021-06-22 09:22:22,2543.45,363134
2021-06-22 09:22:23,2541.75,363289
2021-06-22 09:22:24,2541.2,363989
2021-06-22 09:22:25,2540.8,364227
2021-06-22 09:22:28,2540.0,364881
2021-06-22 09:22:30,2540.0,365130
2021-06-22 09:22:31,2540.55,365420
2021-06-22 09:22:32,2541.75,365460
2021-06-22 09:22:33,2541.75,365460
2021-06-22 09:22:34,2541.75,365470
2021-06-22 09:22:35,2541.75,365475
2021-06-22 09:22:36,2541.75,365475
2021-06-22 09:22:37,2542.0,365515
2021-06-22 09:22:38,2541.0,365575
2021-06-22 09:22:39,2540.85,365637
2021-06-22 09:22:40,2540.85,365637
2021-06-22 09:22:41,2540.8,365688
2021-06-22 09:22:42,2540.6,365873
2021-06-22 09:22:43,2540.6,365977
2021-06-22 09:22:44,2540.6,365987
2021-06-22 09:22:45,2540.6,365987
2021-06-22 09:22:46,2540.6,365987
2021-06-22 09:22:47,2540.6,366130
2021-06-22 09:22:48,2540.6,366190
2021-06-22 09:22:49,2540.4,366462
2021-06-22 09:22:52,2540.4,366954
2021-06-22 09:22:53,2540.3,366969
2021-06-22 09:22:54,2541.1,366979
2021-06-22 09:22:55,2540.3,367057
2021-06-22 09:22:56,2540.5,367065
2021-06-22 09:22:57,2541.45,367273
2021-06-22 09:22:58,2541.45,367442
2021-06-22 09:22:58,2541.45,367573
2021-06-22 09:22:59,2541.45,367697
2021-06-22 09:23:00,2540.5,367707
2021-06-22 09:23:01,2541.45,367718
2021-06-22 09:23:02,2541.45,367718
2021-06-22 09:23:05,2540.45,368177
2021-06-22 09:23:04,2540.4,368055
2021-06-22 09:23:06,2540.5,368247
2021-06-22 09:23:08,2540.5,368796
2021-06-22 09:23:09,2540.5,368866
2021-06-22 09:23:10,2540.9,368900
2021-06-22 09:23:11,2540.6,369424
2021-06-22 09:23:12,2540.6,370820
2021-06-22 09:23:13,2541.8,371708
2021-06-22 09:23:14,2540.75,372124
2021-06-22 09:23:15,2540.5,372147
2021-06-22 09:23:16,2541.4,372292
2021-06-22 09:23:17,2540.5,372296
2021-06-22 09:23:18,2541.5,372404
2021-06-22 09:23:19,2540.4,372673
2021-06-22 09:23:20,2540.2,372921
2021-06-22 09:23:21,2540.2,373161
2021-06-22 09:23:22,2540.65,373183
2021-06-22 09:23:23,2541.9,373429
2021-06-22 09:23:24,2541.1,373626
2021-06-22 09:23:25,2541.1,374423
2021-06-22 09:23:26,2540.15,375739
2021-06-22 09:23:27,2539.1,376343
2021-06-22 09:23:28,2539.35,376631
2021-06-22 09:23:29,2539.35,376631
2021-06-22 09:23:30,2539.35,376631
2021-06-22 09:23:30,2539.35,376631
2021-06-22 09:23:31,2540.6,377433
2021-06-22 09:23:32,2540.15,377474
2021-06-22 09:23:34,2538.95,377666
2021-06-22 09:23:35,2538.95,377825
2021-06-22 09:23:36,2538.4,378068
2021-06-22 09:23:37,2538.4,378079
2021-06-22 09:23:38,2539.55,378084
2021-06-22 09:23:39,2538.95,378131
2021-06-22 09:23:40,2538.95,378167
2021-06-22 09:23:41,2539.55,378268
2021-06-22 09:23:42,2539.2,378286
2021-06-22 09:23:43,2539.2,378286
2021-06-22 09:23:44,2540.4,379147
2021-06-22 09:23:45,2540.0,379157
2021-06-22 09:23:46,2539.6,379298
2021-06-22 09:23:47,2539.55,379384
2021-06-22 09:23:48,2539.45,379484
2021-06-22 09:23:49,2540.0,379561
2021-06-22 09:23:55,2539.1,380150
2021-06-22 09:23:56,2539.05,380359
2021-06-22 09:23:57,2539.95,380459
2021-06-22 09:23:58,2539.2,380583
2021-06-22 09:23:59,2540.0,380626
2021-06-22 09:24:00,2540.0,380626
2021-06-22 09:24:01,2540.0,380626
2021-06-22 09:24:01,2540.0,380626
2021-06-22 09:24:02,2539.05,380686
2021-06-22 09:24:03,2538.85,380770
2021-06-22 09:24:04,2539.5,380800
2021-06-22 09:24:05,2539.6,380822
2021-06-22 09:24:06,2539.05,381099
2021-06-22 09:24:07,2538.75,381161
2021-06-22 09:24:08,2539.75,381163
2021-06-22 09:24:09,2538.7,381235
2021-06-22 09:24:10,2539.0,381423
2021-06-22 09:24:11,2539.0,381488
2021-06-22 09:24:12,2539.2,381570
2021-06-22 09:24:14,2539.2,381845
2021-06-22 09:24:19,2539.4,383730
2021-06-22 09:24:21,2539.05,383852
2021-06-22 09:24:23,2539.25,384178
2021-06-22 09:24:24,2539.4,384368
2021-06-22 09:24:25,2540.0,385458
2021-06-22 09:24:26,2539.15,385801
2021-06-22 09:24:27,2539.15,385806
2021-06-22 09:24:28,2539.15,385806
2021-06-22 09:24:29,2539.4,385830
2021-06-22 09:24:30,2539.4,385830
2021-06-22 09:24:31,2539.15,385877
2021-06-22 09:24:32,2539.15,385877
2021-06-22 09:24:33,2539.15,385902
2021-06-22 09:24:34,2539.15,385902
2021-06-22 09:24:35,2539.7,386058
2021-06-22 09:24:37,2539.2,386124
2021-06-22 09:24:38,2539.15,386220
2021-06-22 09:24:39,2539.05,386346
2021-06-22 09:24:40,2539.05,386371
2021-06-22 09:24:41,2539.05,386371
2021-06-22 09:24:42,2539.35,386534
2021-06-22 09:24:43,2539.25,386838
2021-06-22 09:24:44,2539.2,387260
2021-06-22 09:24:45,2539.2,387260
2021-06-22 09:24:46,2539.15,387270
2021-06-22 09:24:47,2540.0,387356
2021-06-22 09:24:48,2539.25,387450
2021-06-22 09:24:50,2539.25,387912
2021-06-22 09:24:51,2539.25,388534
2021-06-22 09:24:53,2539.25,388607
2021-06-22 09:24:54,2539.25,388626
2021-06-22 09:24:55,2539.25,388700
2021-06-22 09:24:57,2539.25,388713
2021-06-22 09:24:58,2539.25,388795
2021-06-22 09:24:59,2539.3,388902
2021-06-22 09:25:00,2539.25,388950
2021-06-22 09:25:01,2539.25,389055
2021-06-22 09:25:02,2539.5,389337
2021-06-22 09:25:03,2539.3,389464
2021-06-22 09:25:04,2539.6,389502
2021-06-22 09:25:06,2539.3,389511
2021-06-22 09:25:07,2539.5,389718
2021-06-22 09:25:09,2539.35,389843
2021-06-22 09:25:10,2539.5,390662
2021-06-22 09:25:11,2539.35,390700
2021-06-22 09:25:12,2539.5,390710
2021-06-22 09:25:13,2539.25,390756
2021-06-22 09:25:14,2539.25,390756
2021-06-22 09:25:15,2539.25,390865
2021-06-22 09:25:16,2539.25,390935
2021-06-22 09:25:17,2539.25,390935
2021-06-22 09:25:18,2539.25,390935
2021-06-22 09:25:19,2539.25,390945
2021-06-22 09:25:20,2539.25,390945
2021-06-22 09:25:21,2539.5,390955
2021-06-22 09:25:22,2539.25,390988
2021-06-22 09:25:23,2539.4,391728
2021-06-22 09:25:24,2539.4,391807
2021-06-22 09:25:25,2539.05,391809
2021-06-22 09:25:26,2539.5,391921
2021-06-22 09:25:27,2538.25,392327
2021-06-22 09:25:28,2539.45,392373
2021-06-22 09:25:29,2538.5,392377
2021-06-22 09:25:30,2538.5,392593
2021-06-22 09:25:31,2539.0,392878
2021-06-22 09:25:32,2539.0,392878
2021-06-22 09:25:33,2539.0,393269
2021-06-22 09:25:34,2539.0,393269
2021-06-22 09:25:35,2538.85,393304
2021-06-22 09:25:36,2538.85,393346
2021-06-22 09:25:37,2538.8,393358
2021-06-22 09:25:38,2538.8,393362
2021-06-22 09:25:39,2538.8,393396
2021-06-22 09:25:40,2538.8,393396
2021-06-22 09:25:42,2538.8,393448
2021-06-22 09:25:43,2538.8,393514
2021-06-22 09:25:45,2539.35,393568
2021-06-22 09:25:48,2540.05,394936
2021-06-22 09:25:50,2539.65,395045
2021-06-22 09:25:49,2539.65,395045
2021-06-22 09:25:51,2539.65,395146
2021-06-22 09:25:52,2539.65,395146
2021-06-22 09:25:53,2539.65,395148
2021-06-22 09:25:54,2539.65,395173
2021-06-22 09:25:55,2539.65,395173
2021-06-22 09:25:56,2539.9,395396
2021-06-22 09:25:57,2539.9,395398
2021-06-22 09:25:58,2539.9,395479
2021-06-22 09:25:59,2539.9,395634
2021-06-22 09:26:00,2539.9,395706
2021-06-22 09:26:01,2539.8,396885
2021-06-22 09:26:02,2539.8,396885
2021-06-22 09:26:04,2539.8,396885
2021-06-22 09:26:03,2539.8,396885
2021-06-22 09:26:05,2539.95,397125
2021-06-22 09:26:06,2539.95,397140
2021-06-22 09:26:07,2539.95,397158
2021-06-22 09:26:08,2540.0,398013
2021-06-22 09:26:09,2539.95,398014
2021-06-22 09:26:10,2539.95,398239
2021-06-22 09:26:11,2539.95,398239
2021-06-22 09:26:12,2539.95,398239
2021-06-22 09:26:13,2539.85,398247
2021-06-22 09:26:14,2539.85,398247
2021-06-22 09:26:15,2540.0,398383
2021-06-22 09:26:16,2540.0,398383
2021-06-22 09:26:17,2539.85,398397
2021-06-22 09:26:18,2539.8,398672
2021-06-22 09:26:20,2540.0,398855
2021-06-22 09:26:21,2539.6,399545
2021-06-22 09:26:22,2539.6,399561
2021-06-22 09:26:23,2538.05,400437
2021-06-22 09:26:24,2538.05,400437
2021-06-22 09:26:26,2539.45,400490
2021-06-22 09:26:25,2539.45,400490
2021-06-22 09:26:27,2538.65,400547
2021-06-22 09:26:28,2538.8,400593
2021-06-22 09:26:29,2538.85,400594
2021-06-22 09:26:30,2538.85,400654
2021-06-22 09:26:31,2538.85,400669
2021-06-22 09:26:32,2538.85,400677
2021-06-22 09:26:33,2539.65,400679
2021-06-22 09:26:34,2538.9,400730
2021-06-22 09:26:35,2538.9,400730
2021-06-22 09:26:36,2538.85,400770
2021-06-22 09:26:37,2539.35,450794
2021-06-22 09:26:38,2539.5,451508
2021-06-22 09:26:39,2539.0,451708
2021-06-22 09:26:40,2539.0,451708
2021-06-22 09:26:41,2539.0,451857
2021-06-22 09:26:42,2539.0,451857
2021-06-22 09:26:43,2539.5,451974
2021-06-22 09:26:44,2539.5,451974
2021-06-22 09:26:45,2539.5,451974
2021-06-22 09:26:46,2539.5,451974
2021-06-22 09:26:47,2539.45,451980
2021-06-22 09:26:48,2538.75,452261
2021-06-22 09:26:49,2538.75,452586
2021-06-22 09:26:50,2539.7,452596
2021-06-22 09:26:51,2538.8,452598
2021-06-22 09:26:52,2538.75,452798
2021-06-22 09:26:53,2538.75,452798
2021-06-22 09:26:54,2538.75,452909
2021-06-22 09:26:55,2538.75,452956
2021-06-22 09:26:56,2538.75,452970
2021-06-22 09:26:57,2539.0,453072
2021-06-22 09:26:58,2539.0,453072
2021-06-22 09:26:59,2538.75,453085
2021-06-22 09:27:00,2539.5,453140
2021-06-22 09:27:01,2538.45,453183
2021-06-22 09:27:03,2539.45,453888
2021-06-22 09:27:04,2538.5,453930
2021-06-22 09:27:05,2539.35,454074
2021-06-22 09:27:06,2538.5,454579
2021-06-22 09:27:08,2539.75,455695
2021-06-22 09:27:09,2540.0,456558
2021-06-22 09:27:10,2540.25,456733
2021-06-22 09:27:11,2540.2,456794
2021-06-22 09:27:12,2540.2,456794
2021-06-22 09:27:13,2540.2,456794
2021-06-22 09:27:13,2540.2,456796
2021-06-22 09:27:14,2540.2,456832
2021-06-22 09:27:15,2540.2,456832
2021-06-22 09:27:16,2540.2,456832
2021-06-22 09:27:17,2540.4,457057
2021-06-22 09:27:18,2541.0,457557
2021-06-22 09:27:19,2540.85,457574
2021-06-22 09:27:20,2540.8,457619
2021-06-22 09:27:21,2540.25,457715
2021-06-22 09:27:23,2540.25,457733
2021-06-22 09:27:23,2540.25,457733
2021-06-22 09:27:24,2540.2,457830
2021-06-22 09:27:25,2540.2,457977
2021-06-22 09:27:26,2540.85,458044
2021-06-22 09:27:27,2540.85,458109
2021-06-22 09:27:28,2540.8,458128
2021-06-22 09:27:29,2540.85,458148
2021-06-22 09:27:31,2540.85,458159
2021-06-22 09:27:32,2540.0,458862
2021-06-22 09:27:32,2540.0,458862
2021-06-22 09:27:33,2539.75,459078
2021-06-22 09:27:34,2540.25,459251
2021-06-22 09:27:35,2540.0,459311
2021-06-22 09:27:36,2540.0,459609
2021-06-22 09:27:37,2540.25,459699
2021-06-22 09:27:39,2540.0,459711
2021-06-22 09:27:40,2540.0,459711
2021-06-22 09:27:41,2539.9,459726
2021-06-22 09:27:42,2540.0,460246
2021-06-22 09:27:43,2540.0,460246
2021-06-22 09:27:44,2540.0,460246
2021-06-22 09:27:46,2540.1,460316
2021-06-22 09:27:46,2540.1,460316
2021-06-22 09:27:47,2539.9,460410
2021-06-22 09:27:48,2539.9,460410
2021-06-22 09:27:49,2539.9,460410
2021-06-22 09:27:50,2540.0,460506
2021-06-22 09:27:51,2540.0,460506
2021-06-22 09:27:52,2540.0,460506
2021-06-22 09:27:53,2539.9,461006
2021-06-22 09:27:54,2540.25,461502
2021-06-22 09:27:56,2540.7,462595
2021-06-22 09:27:57,2541.15,462628
2021-06-22 09:27:58,2541.15,462638
2021-06-22 09:27:59,2541.15,462659
2021-06-22 09:28:00,2541.15,462659
2021-06-22 09:28:01,2540.95,462944
2021-06-22 09:28:02,2541.1,462948
2021-06-22 09:28:03,2541.1,462981
2021-06-22 09:28:04,2541.1,462983
2021-06-22 09:28:06,2541.1,463898
2021-06-22 09:28:06,2541.1,463896
2021-06-22 09:28:07,2541.95,464050
2021-06-22 09:28:09,2541.1,464130
2021-06-22 09:28:10,2542.0,464215
2021-06-22 09:28:11,2541.15,464265
2021-06-22 09:28:12,2541.1,464320
2021-06-22 09:28:13,2541.5,464420
2021-06-22 09:28:14,2541.5,464767
2021-06-22 09:28:15,2541.5,464768
2021-06-22 09:28:16,2541.4,465062
2021-06-22 09:28:17,2541.9,465077
2021-06-22 09:28:18,2541.9,465093
2021-06-22 09:28:19,2541.4,465174
2021-06-22 09:28:20,2540.7,465475
2021-06-22 09:28:21,2540.7,465485
2021-06-22 09:28:22,2540.7,465596
2021-06-22 09:28:23,2541.3,465606
2021-06-22 09:28:24,2541.5,465870
2021-06-22 09:28:25,2540.75,465942
2021-06-22 09:28:26,2541.1,465952
2021-06-22 09:28:28,2540.75,466034
2021-06-22 09:28:28,2540.75,466034
2021-06-22 09:28:29,2541.75,466380
2021-06-22 09:28:30,2541.5,466385
2021-06-22 09:28:31,2541.5,466505
2021-06-22 09:28:32,2541.5,466714
2021-06-22 09:28:33,2541.5,466787
2021-06-22 09:28:34,2541.5,466791
2021-06-22 09:28:35,2542.3,467349
2021-06-22 09:28:36,2542.4,467714
2021-06-22 09:28:37,2542.15,467864
2021-06-22 09:28:38,2542.15,467864
2021-06-22 09:28:39,2540.7,467989
2021-06-22 09:28:40,2541.75,468027
2021-06-22 09:28:42,2541.0,468164
2021-06-22 09:28:43,2541.0,468164
2021-06-22 09:28:44,2541.0,468164
2021-06-22 09:28:44,2541.0,468164
2021-06-22 09:28:45,2542.25,468285
2021-06-22 09:28:46,2541.0,468410
2021-06-22 09:28:47,2541.75,468680
2021-06-22 09:28:48,2542.25,468958
2021-06-22 09:28:49,2542.0,468978
2021-06-22 09:28:50,2541.5,469012
2021-06-22 09:28:51,2542.0,469630
2021-06-22 09:28:52,2542.4,470000
2021-06-22 09:28:54,2541.25,470125
2021-06-22 09:28:54,2541.25,470125
2021-06-22 09:28:55,2542.0,470353
2021-06-22 09:28:56,2542.25,470383
2021-06-22 09:28:57,2542.0,470934
2021-06-22 09:28:58,2541.05,470974
2021-06-22 09:29:00,2541.5,471180
2021-06-22 09:29:01,2541.75,471400
2021-06-22 09:29:03,2541.55,471787
2021-06-22 09:29:04,2540.7,471849
2021-06-22 09:29:05,2540.7,471878
2021-06-22 09:29:07,2541.5,471909
2021-06-22 09:29:08,2541.5,472053
2021-06-22 09:29:09,2540.7,472161
2021-06-22 09:29:10,2540.7,472161
2021-06-22 09:29:11,2541.5,472176
2021-06-22 09:29:11,2541.5,472180
2021-06-22 09:29:12,2541.5,472377
2021-06-22 09:29:13,2540.35,472397
2021-06-22 09:29:14,2540.7,472414
2021-06-22 09:29:15,2541.05,472427
2021-06-22 09:29:17,2541.0,472630
2021-06-22 09:29:18,2541.5,473214
2021-06-22 09:29:19,2541.5,473242
2021-06-22 09:29:20,2541.55,473245
2021-06-22 09:29:21,2541.4,473471
2021-06-22 09:29:22,2541.6,473602
2021-06-22 09:29:22,2541.6,473602
2021-06-22 09:29:23,2541.4,473796
2021-06-22 09:29:24,2541.4,474027
2021-06-22 09:29:25,2541.4,474089
2021-06-22 09:29:27,2541.4,474216
2021-06-22 09:29:29,2541.5,474361
2021-06-22 09:29:30,2541.8,474536
2021-06-22 09:29:31,2541.8,474536
2021-06-22 09:29:36,2542.0,475599
2021-06-22 09:29:37,2541.9,475669
2021-06-22 09:29:38,2541.9,475792
2021-06-22 09:29:40,2541.9,475796
2021-06-22 09:29:41,2541.9,475796
2021-06-22 09:29:41,2541.9,475801
2021-06-22 09:29:42,2541.9,475825
2021-06-22 09:29:43,2541.9,475875
2021-06-22 09:29:44,2541.9,475886
2021-06-22 09:29:45,2542.0,476073
2021-06-22 09:29:46,2541.95,476093
2021-06-22 09:29:47,2541.9,476553
2021-06-22 09:29:48,2541.4,476725
2021-06-22 09:29:50,2541.4,476782
2021-06-22 09:29:51,2541.4,477282
2021-06-22 09:29:52,2541.9,477369
2021-06-22 09:29:53,2541.5,477435
2021-06-22 09:29:54,2542.0,477485
2021-06-22 09:29:55,2541.95,477580
2021-06-22 09:29:56,2540.0,478067
2021-06-22 09:29:57,2540.9,478280
2021-06-22 09:29:58,2540.0,478700
2021-06-22 09:29:59,2540.1,479386
2021-06-22 09:30:00,2540.1,479520
2021-06-22 09:30:01,2540.85,480224
2021-06-22 09:30:02,2539.65,480342
2021-06-22 09:30:04,2539.55,480852
2021-06-22 09:30:06,2540.0,480881
2021-06-22 09:30:07,2540.25,481227
2021-06-22 09:30:08,2540.05,481505
2021-06-22 09:30:11,2539.4,482096
2021-06-22 09:30:12,2539.7,482437
2021-06-22 09:30:13,2540.0,482973
2021-06-22 09:30:14,2540.0,483008
2021-06-22 09:30:15,2539.25,483196
2021-06-22 09:30:17,2539.25,483328
2021-06-22 09:30:18,2540.0,483345
2021-06-22 09:30:19,2539.25,483848
2021-06-22 09:30:19,2539.25,484148
2021-06-22 09:30:20,2539.25,484336
2021-06-22 09:30:21,2539.9,484414
2021-06-22 09:30:22,2539.25,484417
2021-06-22 09:30:23,2539.9,484522
2021-06-22 09:30:24,2539.9,484682
2021-06-22 09:30:25,2539.9,484682
2021-06-22 09:30:26,2540.0,484772
2021-06-22 09:30:27,2540.0,484838
2021-06-22 09:30:28,2540.35,484861
2021-06-22 09:30:32,2539.25,485114
2021-06-22 09:30:33,2539.25,485115
2021-06-22 09:30:35,2540.35,485575
2021-06-22 09:30:35,2540.35,485555
2021-06-22 09:30:36,2539.55,485776
2021-06-22 09:30:37,2540.0,486313
2021-06-22 09:30:38,2539.05,486583
2021-06-22 09:30:39,2540.0,486613
2021-06-22 09:30:41,2539.25,486776
2021-06-22 09:30:42,2539.25,486777
2021-06-22 09:30:43,2539.55,486784
2021-06-22 09:30:44,2540.0,486953
2021-06-22 09:30:44,2540.0,486953
2021-06-22 09:30:45,2538.85,488041
2021-06-22 09:30:46,2539.95,488259
2021-06-22 09:30:47,2539.95,488259
2021-06-22 09:30:49,2538.8,488497
2021-06-22 09:30:50,2539.25,488547
2021-06-22 09:30:51,2539.25,489026
2021-06-22 09:30:52,2538.95,489213
2021-06-22 09:30:53,2538.95,489562
2021-06-22 09:30:54,2539.25,489639
2021-06-22 09:30:57,2540.0,490024
2021-06-22 09:30:58,2539.25,490028
2021-06-22 09:30:59,2540.0,490103
2021-06-22 09:31:03,2540.0,490677
2021-06-22 09:31:04,2539.3,490854
2021-06-22 09:31:05,2539.75,491315
2021-06-22 09:31:05,2540.0,491304
2021-06-22 09:31:06,2540.05,491441
2021-06-22 09:31:07,2540.4,491491
2021-06-22 09:31:08,2540.4,491691
2021-06-22 09:31:09,2540.0,491841
2021-06-22 09:31:12,2540.0,491940
2021-06-22 09:31:14,2539.9,492018
2021-06-22 09:31:15,2539.9,492400
2021-06-22 09:31:16,2539.9,492443
2021-06-22 09:31:17,2540.0,492903
2021-06-22 09:31:18,2540.0,492973
2021-06-22 09:31:19,2540.2,492987
2021-06-22 09:31:20,2540.5,493104
2021-06-22 09:31:21,2540.1,493198
2021-06-22 09:31:21,2540.8,493223
2021-06-22 09:31:22,2540.8,493223
2021-06-22 09:31:24,2540.25,493235
2021-06-22 09:31:25,2540.85,493397
2021-06-22 09:31:26,2540.85,493428
2021-06-22 09:31:28,2540.85,493739
2021-06-22 09:31:29,2541.0,493829
2021-06-22 09:31:30,2541.0,493849
2021-06-22 09:31:32,2540.85,494027
2021-06-22 09:31:33,2540.85,494030
2021-06-22 09:31:35,2540.85,494504
2021-06-22 09:31:36,2541.9,494604
2021-06-22 09:31:37,2541.85,494647
2021-06-22 09:31:38,2540.85,494755
2021-06-22 09:31:39,2541.0,494790
2021-06-22 09:31:40,2540.85,494817
2021-06-22 09:31:41,2541.0,494945
2021-06-22 09:31:42,2540.85,494981
2021-06-22 09:31:43,2541.3,495313
2021-06-22 09:31:44,2541.3,495373
2021-06-22 09:31:45,2541.9,495587
2021-06-22 09:31:46,2541.3,495672
2021-06-22 09:31:47,2541.7,496673
2021-06-22 09:31:48,2541.7,496979
2021-06-22 09:31:49,2541.7,497157
2021-06-22 09:31:50,2541.7,497222
2021-06-22 09:31:51,2541.7,497253
2021-06-22 09:31:52,2541.7,497253
2021-06-22 09:31:53,2541.5,497453
2021-06-22 09:31:54,2541.5,497454
2021-06-22 09:31:55,2540.5,497773
2021-06-22 09:31:56,2541.75,498056
2021-06-22 09:31:57,2541.75,498056
2021-06-22 09:31:58,2541.9,498334
2021-06-22 09:31:59,2541.9,498338
2021-06-22 09:32:00,2541.9,498395
2021-06-22 09:32:01,2541.9,498395
2021-06-22 09:32:02,2541.5,498427
2021-06-22 09:32:03,2541.5,498471
2021-06-22 09:32:04,2541.5,498605
2021-06-22 09:32:05,2541.45,498606
2021-06-22 09:32:06,2541.45,498606
2021-06-22 09:32:07,2540.4,498806
2021-06-22 09:32:07,2540.5,498808
2021-06-22 09:32:08,2540.75,498916
2021-06-22 09:32:09,2540.75,498916
2021-06-22 09:32:10,2541.05,498940
2021-06-22 09:32:11,2540.5,498956
2021-06-22 09:32:12,2541.05,498988
2021-06-22 09:32:13,2541.1,499297
2021-06-22 09:32:14,2541.1,499355
2021-06-22 09:32:15,2541.45,500375
2021-06-22 09:32:16,2541.1,500380
2021-06-22 09:32:17,2541.45,500462
2021-06-22 09:32:18,2541.1,500473
2021-06-22 09:32:20,2541.5,500505
2021-06-22 09:32:21,2541.5,500517
2021-06-22 09:32:24,2541.5,504046
2021-06-22 09:32:25,2541.5,504056
2021-06-22 09:32:26,2541.5,504156
2021-06-22 09:32:27,2541.9,504463
2021-06-22 09:32:28,2541.5,504470
2021-06-22 09:32:29,2541.9,504539
2021-06-22 09:32:29,2541.9,504539
2021-06-22 09:32:30,2541.9,504539
2021-06-22 09:32:31,2541.7,504566
2021-06-22 09:32:32,2541.95,504568
2021-06-22 09:32:33,2541.95,504920
2021-06-22 09:32:34,2542.0,505934
2021-06-22 09:32:35,2542.0,506037
2021-06-22 09:32:36,2541.6,506137
2021-06-22 09:32:37,2542.0,506267
2021-06-22 09:32:38,2542.0,506589
2021-06-22 09:32:39,2541.6,506814
2021-06-22 09:32:40,2541.85,507463
2021-06-22 09:32:41,2541.9,507704
2021-06-22 09:32:42,2541.85,508085
2021-06-22 09:32:43,2541.85,508151
2021-06-22 09:32:44,2541.95,508253
2021-06-22 09:32:46,2541.95,508580
2021-06-22 09:32:47,2542.0,508874
2021-06-22 09:32:48,2541.95,509080
2021-06-22 09:32:49,2542.0,509097
2021-06-22 09:32:50,2542.5,510110
2021-06-22 09:32:51,2542.0,510215
2021-06-22 09:32:52,2542.0,510277
2021-06-22 09:32:53,2542.0,510615
2021-06-22 09:32:54,2541.8,510688
2021-06-22 09:32:55,2542.0,510789
2021-06-22 09:32:56,2542.0,510789
2021-06-22 09:32:57,2541.8,510864
2021-06-22 09:32:58,2541.5,511043
2021-06-22 09:32:59,2541.5,511043
2021-06-22 09:33:00,2542.0,511115
2021-06-22 09:33:01,2541.5,511334
2021-06-22 09:33:03,2541.5,511437
2021-06-22 09:33:04,2541.5,511437
2021-06-22 09:33:05,2542.0,511447
2021-06-22 09:33:06,2542.0,511555
2021-06-22 09:33:07,2541.95,511675
2021-06-22 09:33:08,2542.0,511788
2021-06-22 09:33:09,2542.0,511788
2021-06-22 09:33:10,2541.5,512256
2021-06-22 09:33:11,2541.5,512256
2021-06-22 09:33:12,2541.5,512266
2021-06-22 09:33:13,2541.5,512266
2021-06-22 09:33:14,2541.45,512271
2021-06-22 09:33:15,2541.45,512286
2021-06-22 09:33:16,2541.5,512438
2021-06-22 09:33:17,2541.5,512438
2021-06-22 09:33:18,2541.5,512689
2021-06-22 09:33:19,2541.5,512702
2021-06-22 09:33:20,2541.5,512702
2021-06-22 09:33:21,2541.5,512727
2021-06-22 09:33:22,2541.05,512929
2021-06-22 09:33:23,2541.6,512939
2021-06-22 09:33:24,2541.95,512970
2021-06-22 09:33:25,2541.95,512970
2021-06-22 09:33:26,2540.45,513220
2021-06-22 09:33:27,2541.6,513305
2021-06-22 09:33:28,2541.6,513355
2021-06-22 09:33:29,2540.45,513405
2021-06-22 09:33:30,2541.4,513542
2021-06-22 09:33:31,2541.0,513613
2021-06-22 09:33:32,2540.45,513805
2021-06-22 09:33:33,2540.6,513837
2021-06-22 09:33:34,2540.6,513837
2021-06-22 09:33:34,2541.5,513839
2021-06-22 09:33:36,2541.6,515021
2021-06-22 09:33:37,2541.0,515031
2021-06-22 09:33:39,2541.45,515221
2021-06-22 09:33:40,2541.45,515324
2021-06-22 09:33:41,2540.25,515424
2021-06-22 09:33:43,2540.25,515540
2021-06-22 09:33:45,2540.0,516077
2021-06-22 09:33:46,2540.55,516219
2021-06-22 09:33:47,2540.55,516474
2021-06-22 09:33:48,2540.55,516474
2021-06-22 09:33:49,2541.4,516746
2021-06-22 09:33:50,2541.35,516805
2021-06-22 09:33:52,2540.2,517118
2021-06-22 09:33:53,2540.2,517118
2021-06-22 09:33:54,2540.0,517243
2021-06-22 09:33:55,2540.0,517243
2021-06-22 09:33:56,2541.2,517345
2021-06-22 09:33:57,2541.25,517445
2021-06-22 09:33:58,2541.25,517445
2021-06-22 09:33:59,2540.0,517692
2021-06-22 09:34:00,2540.0,517692
2021-06-22 09:34:01,2540.45,517857
2021-06-22 09:34:02,2540.0,518377
2021-06-22 09:34:03,2540.0,518459
2021-06-22 09:34:04,2540.0,518468
2021-06-22 09:34:05,2540.45,518590
2021-06-22 09:34:06,2540.0,518593
2021-06-22 09:34:07,2540.45,519171
2021-06-22 09:34:08,2540.15,519301
2021-06-22 09:34:09,2540.45,519947
2021-06-22 09:34:10,2541.25,520008
2021-06-22 09:34:11,2541.25,520028
2021-06-22 09:34:12,2541.25,520028
2021-06-22 09:34:13,2540.55,520129
2021-06-22 09:34:14,2540.55,520139
2021-06-22 09:34:15,2541.25,520191
2021-06-22 09:34:16,2541.25,520191
2021-06-22 09:34:17,2541.25,520191
2021-06-22 09:34:18,2540.5,520197
2021-06-22 09:34:19,2540.35,520327
2021-06-22 09:34:20,2540.35,520327
2021-06-22 09:34:21,2540.35,520600
2021-06-22 09:34:22,2540.5,520614
2021-06-22 09:34:23,2540.35,520676
2021-06-22 09:34:24,2540.35,520677
2021-06-22 09:34:25,2540.65,520954
2021-06-22 09:34:26,2541.25,521197
2021-06-22 09:34:27,2540.7,521298
2021-06-22 09:34:28,2540.85,521804
2021-06-22 09:34:29,2540.85,521805
2021-06-22 09:34:30,2541.25,521935
2021-06-22 09:34:33,2541.1,522097
2021-06-22 09:34:34,2541.35,522314
2021-06-22 09:34:35,2541.35,522329
2021-06-22 09:34:36,2541.45,522559
2021-06-22 09:34:37,2541.35,523176
2021-06-22 09:34:38,2541.25,523355
2021-06-22 09:34:39,2541.45,523580
2021-06-22 09:34:40,2541.45,523589
2021-06-22 09:34:41,2541.45,523589
2021-06-22 09:34:44,2541.25,523695
2021-06-22 09:34:45,2541.25,523725
2021-06-22 09:34:47,2541.25,523740
2021-06-22 09:34:48,2541.3,523757
2021-06-22 09:34:49,2541.3,523757
2021-06-22 09:34:50,2541.55,524126
2021-06-22 09:34:51,2541.5,524223
2021-06-22 09:34:52,2541.5,524285
2021-06-22 09:34:53,2541.5,524374
2021-06-22 09:34:54,2541.5,524407
2021-06-22 09:34:55,2541.5,524421
2021-06-22 09:34:56,2541.5,524555
2021-06-22 09:34:57,2541.5,524573
2021-06-22 09:34:58,2541.5,524573
2021-06-22 09:34:59,2541.5,524573
2021-06-22 09:35:00,2541.65,524647
2021-06-22 09:35:01,2541.5,524652
2021-06-22 09:35:02,2541.5,524652
2021-06-22 09:35:03,2541.6,524653
2021-06-22 09:35:04,2541.5,526149
2021-06-22 09:35:05,2541.6,526281
2021-06-22 09:35:06,2541.3,527101
2021-06-22 09:35:07,2541.45,527235
2021-06-22 09:35:08,2541.45,527434
2021-06-22 09:35:09,2541.6,527628
2021-06-22 09:35:10,2541.05,527659
2021-06-22 09:35:11,2541.05,527928
2021-06-22 09:35:12,2541.6,528111
2021-06-22 09:35:13,2541.05,528142
2021-06-22 09:35:14,2541.6,528181
2021-06-22 09:35:15,2541.6,528874
2021-06-22 09:35:16,2542.0,529252
2021-06-22 09:35:17,2541.6,529285
2021-06-22 09:35:18,2541.6,529342
2021-06-22 09:35:19,2542.0,530212
2021-06-22 09:35:20,2542.0,530239
2021-06-22 09:35:21,2541.5,530474
2021-06-22 09:35:22,2540.8,530601
2021-06-22 09:35:23,2541.5,530870
2021-06-22 09:35:24,2540.8,530879
2021-06-22 09:35:25,2540.45,530931
2021-06-22 09:35:26,2541.45,530952
2021-06-22 09:35:27,2541.0,531115
2021-06-22 09:35:28,2540.25,531130
2021-06-22 09:35:29,2540.35,531147
2021-06-22 09:35:30,2540.05,531433
2021-06-22 09:35:31,2540.05,531479
2021-06-22 09:35:32,2541.15,531506
2021-06-22 09:35:33,2541.0,531763
2021-06-22 09:35:34,2540.1,531974
2021-06-22 09:35:36,2540.05,532123
2021-06-22 09:35:37,2540.85,532600
2021-06-22 09:35:38,2539.3,532841
2021-06-22 09:35:39,2539.3,532841
2021-06-22 09:35:40,2540.0,532852
2021-06-22 09:35:41,2540.0,532852
2021-06-22 09:35:42,2539.35,532857
2021-06-22 09:35:43,2540.0,532967
2021-06-22 09:35:44,2539.05,533275
2021-06-22 09:35:45,2539.1,533315
2021-06-22 09:35:46,2540.0,533365
2021-06-22 09:35:47,2539.35,533390
2021-06-22 09:35:48,2539.1,533574
2021-06-22 09:35:49,2539.15,533585
2021-06-22 09:35:50,2540.0,533873
2021-06-22 09:35:51,2539.15,534049
2021-06-22 09:35:52,2539.4,534144
2021-06-22 09:35:53,2539.4,534171
2021-06-22 09:35:54,2539.4,534171
2021-06-22 09:35:55,2539.4,534196
2021-06-22 09:35:56,2539.2,534398
2021-06-22 09:35:57,2539.2,534398
2021-06-22 09:35:58,2539.2,534398
2021-06-22 09:35:59,2539.15,534400
2021-06-22 09:36:00,2539.1,535055
2021-06-22 09:36:01,2539.1,535163
2021-06-22 09:36:02,2539.1,535163
2021-06-22 09:36:03,2539.1,535163
2021-06-22 09:36:04,2539.4,535185
2021-06-22 09:36:05,2539.1,535190
2021-06-22 09:36:06,2539.4,535195
2021-06-22 09:36:07,2539.4,535195
2021-06-22 09:36:08,2539.4,535195
2021-06-22 09:36:09,2539.1,535252
2021-06-22 09:36:10,2539.1,535252
2021-06-22 09:36:11,2539.1,535252
2021-06-22 09:36:12,2539.15,535261
2021-06-22 09:36:13,2539.1,535348
2021-06-22 09:36:14,2539.4,535373
2021-06-22 09:36:15,2539.4,535436
2021-06-22 09:36:16,2539.4,535436
2021-06-22 09:36:17,2539.1,535596
2021-06-22 09:36:18,2539.1,535596
2021-06-22 09:36:19,2539.1,535901
2021-06-22 09:36:20,2539.1,536181
2021-06-22 09:36:21,2539.1,536182
2021-06-22 09:36:22,2539.1,536182
2021-06-22 09:36:23,2539.1,536512
2021-06-22 09:36:24,2539.4,536517
2021-06-22 09:36:25,2539.4,536518
2021-06-22 09:36:26,2539.4,536518
2021-06-22 09:36:28,2539.1,536543
2021-06-22 09:36:29,2539.1,536638
2021-06-22 09:36:30,2539.4,536797
2021-06-22 09:36:31,2539.4,537085
2021-06-22 09:36:32,2539.4,537085
2021-06-22 09:36:33,2539.1,537100
2021-06-22 09:36:34,2539.1,537430
2021-06-22 09:36:35,2539.1,537834
2021-06-22 09:36:36,2539.1,537834
2021-06-22 09:36:37,2539.1,537834
2021-06-22 09:36:38,2539.1,537834
2021-06-22 09:36:39,2539.4,537912
2021-06-22 09:36:40,2539.4,537975
2021-06-22 09:36:41,2539.1,538017
2021-06-22 09:36:42,2539.4,538052
2021-06-22 09:36:43,2539.4,538052
2021-06-22 09:36:44,2539.1,538058
2021-06-22 09:36:45,2539.05,539059
2021-06-22 09:36:46,2539.05,539065
2021-06-22 09:36:47,2539.4,539117
2021-06-22 09:36:48,2539.4,539119
2021-06-22 09:36:49,2539.2,539150
2021-06-22 09:36:50,2539.2,539150
2021-06-22 09:36:51,2539.2,539150
2021-06-22 09:36:52,2539.55,539250
2021-06-22 09:36:53,2539.55,539250
2021-06-22 09:36:54,2540.0,539359
2021-06-22 09:36:55,2540.0,539361
2021-06-22 09:36:56,2539.55,539571
2021-06-22 09:36:57,2539.95,539594
2021-06-22 09:36:58,2539.55,539614
2021-06-22 09:36:59,2539.55,539623
2021-06-22 09:37:00,2539.9,539645
2021-06-22 09:37:02,2539.85,539935
2021-06-22 09:37:03,2539.75,540903
2021-06-22 09:37:04,2539.75,540903
2021-06-22 09:37:05,2540.0,541057
2021-06-22 09:37:06,2540.85,541222
2021-06-22 09:37:07,2539.75,541254
2021-06-22 09:37:08,2540.0,541314
2021-06-22 09:37:09,2540.0,541314
2021-06-22 09:37:10,2540.0,541335
2021-06-22 09:37:13,2539.75,541346
2021-06-22 09:37:15,2540.0,542305
2021-06-22 09:37:16,2539.8,543092
2021-06-22 09:37:17,2539.4,544040
2021-06-22 09:37:21,2539.0,545198
2021-06-22 09:37:22,2539.0,545698
2021-06-22 09:37:23,2539.0,545698
2021-06-22 09:37:24,2539.4,545711
2021-06-22 09:37:25,2539.7,545814
2021-06-22 09:37:26,2539.0,545834
2021-06-22 09:37:27,2539.8,545837
2021-06-22 09:37:28,2539.75,545843
2021-06-22 09:37:29,2539.0,545858
2021-06-22 09:37:30,2539.0,545858
2021-06-22 09:37:31,2539.0,545883
2021-06-22 09:37:32,2539.0,545961
2021-06-22 09:37:33,2539.0,545961
2021-06-22 09:37:34,2539.0,545961
2021-06-22 09:37:35,2539.7,546035
2021-06-22 09:37:36,2539.0,546066
2021-06-22 09:37:37,2539.0,546066
2021-06-22 09:37:38,2539.0,546076
2021-06-22 09:37:39,2539.3,546083
2021-06-22 09:37:40,2539.0,546111
2021-06-22 09:37:41,2539.0,546115
2021-06-22 09:37:42,2539.0,546115
2021-06-22 09:37:43,2539.0,546215
2021-06-22 09:37:44,2539.0,546679
2021-06-22 09:37:46,2539.65,547291
2021-06-22 09:37:48,2539.65,547291
2021-06-22 09:37:48,2539.65,547291
2021-06-22 09:37:49,2539.0,547295
2021-06-22 09:37:50,2539.0,547397
2021-06-22 09:37:51,2539.0,547402
2021-06-22 09:37:52,2539.0,547402
2021-06-22 09:37:53,2539.0,547407
2021-06-22 09:37:54,2539.6,547412
2021-06-22 09:37:55,2539.6,547412
2021-06-22 09:37:56,2539.6,547412
2021-06-22 09:37:57,2539.0,547422
2021-06-22 09:38:00,2539.15,547425
2021-06-22 09:38:01,2538.1,548783
2021-06-22 09:38:02,2538.8,557101
2021-06-22 09:38:02,2538.7,557124
2021-06-22 09:38:04,2539.0,559632
2021-06-22 09:38:05,2539.0,559632
2021-06-22 09:38:06,2539.15,560365
2021-06-22 09:38:07,2539.45,560457
2021-06-22 09:38:08,2538.55,560957
2021-06-22 09:38:09,2538.45,561197
2021-06-22 09:38:10,2538.45,561197
2021-06-22 09:38:11,2538.6,561278
2021-06-22 09:38:12,2539.0,561292
2021-06-22 09:38:13,2539.0,561364
2021-06-22 09:38:14,2538.6,562219
2021-06-22 09:38:16,2539.2,562863
2021-06-22 09:38:17,2538.6,562883
2021-06-22 09:38:18,2538.6,562883
2021-06-22 09:38:19,2538.6,562883
2021-06-22 09:38:21,2538.6,563105
2021-06-22 09:38:22,2538.6,563105
2021-06-22 09:38:23,2538.6,563174
2021-06-22 09:38:24,2538.55,564239
2021-06-22 09:38:25,2538.45,564956
2021-06-22 09:38:26,2538.45,565257
2021-06-22 09:38:27,2538.45,565257
2021-06-22 09:38:28,2538.8,565343
2021-06-22 09:38:29,2538.75,565533
2021-06-22 09:38:32,2538.8,565973
2021-06-22 09:38:33,2538.8,565983
2021-06-22 09:38:34,2538.8,565983
2021-06-22 09:38:35,2538.75,566333
2021-06-22 09:38:36,2538.9,566334
2021-06-22 09:38:37,2538.9,566334
2021-06-22 09:38:38,2538.8,566536
2021-06-22 09:38:39,2538.8,566601
2021-06-22 09:38:39,2538.8,566601
2021-06-22 09:38:40,2538.8,566601
2021-06-22 09:38:41,2538.45,569289
2021-06-22 09:38:42,2538.3,569822
2021-06-22 09:38:44,2538.75,571496
2021-06-22 09:38:45,2538.75,571496
2021-06-22 09:38:46,2538.75,571496
2021-06-22 09:38:47,2538.75,571496
2021-06-22 09:38:50,2538.3,572082
2021-06-22 09:38:51,2538.3,573160
2021-06-22 09:38:52,2538.4,573174
2021-06-22 09:38:53,2538.3,573626
2021-06-22 09:38:54,2538.5,573758
2021-06-22 09:38:55,2538.5,573769
2021-06-22 09:38:56,2538.45,573814
2021-06-22 09:38:57,2538.45,573861
2021-06-22 09:38:59,2538.2,575500
2021-06-22 09:39:00,2538.2,576493
2021-06-22 09:39:01,2538.1,576924
2021-06-22 09:39:02,2538.1,576935
2021-06-22 09:39:03,2537.85,577144
2021-06-22 09:39:05,2538.25,577423
2021-06-22 09:39:05,2536.6,578589
2021-06-22 09:39:08,2537.85,579736
2021-06-22 09:39:09,2537.85,579957
2021-06-22 09:39:10,2537.85,580111
2021-06-22 09:39:11,2537.25,580131
2021-06-22 09:39:12,2538.0,580582
2021-06-22 09:39:13,2538.0,580582
2021-06-22 09:39:14,2537.35,580592
2021-06-22 09:39:15,2537.35,580592
2021-06-22 09:39:18,2537.55,580741
2021-06-22 09:39:19,2537.5,580834
2021-06-22 09:39:20,2537.5,580834
2021-06-22 09:39:21,2537.5,580834
2021-06-22 09:39:22,2537.55,580947
2021-06-22 09:39:23,2537.55,580947
2021-06-22 09:39:24,2537.55,580954
2021-06-22 09:39:26,2537.55,581149
2021-06-22 09:39:27,2537.55,581174
2021-06-22 09:39:28,2537.55,581229
2021-06-22 09:39:29,2537.55,581279
2021-06-22 09:39:30,2537.2,581597
2021-06-22 09:39:31,2537.2,581597
2021-06-22 09:39:32,2537.2,581648
2021-06-22 09:39:33,2537.2,581653
2021-06-22 09:39:34,2537.5,582059
2021-06-22 09:39:35,2537.2,582100
2021-06-22 09:39:36,2536.9,582131
2021-06-22 09:39:36,2536.9,582131
2021-06-22 09:39:37,2536.75,582159
2021-06-22 09:39:42,2537.0,582212
2021-06-22 09:39:45,2537.1,582333
2021-06-22 09:39:46,2536.8,582359
2021-06-22 09:39:46,2537.0,582357
2021-06-22 09:39:47,2536.8,582364
2021-06-22 09:39:48,2536.8,582369
2021-06-22 09:39:49,2536.8,582369
2021-06-22 09:39:50,2536.8,582369
2021-06-22 09:39:51,2537.0,582567
2021-06-22 09:39:52,2537.0,582733
2021-06-22 09:39:53,2536.8,582785
2021-06-22 09:39:54,2536.75,582834
2021-06-22 09:39:55,2536.75,582834
2021-06-22 09:39:57,2536.75,584016
2021-06-22 09:39:58,2537.0,584101
2021-06-22 09:39:59,2536.75,584318
2021-06-22 09:39:59,2536.75,584318
2021-06-22 09:40:00,2537.15,584464
2021-06-22 09:40:01,2536.9,584534
2021-06-22 09:40:02,2537.4,584546
2021-06-22 09:40:03,2537.0,584595
2021-06-22 09:40:04,2537.0,584633
2021-06-22 09:40:05,2537.4,584755
2021-06-22 09:40:06,2536.8,584890
2021-06-22 09:40:07,2536.75,584993
2021-06-22 09:40:08,2537.35,584998
2021-06-22 09:40:09,2537.35,584998
2021-06-22 09:40:10,2536.9,585001
2021-06-22 09:40:11,2537.05,585279
2021-06-22 09:40:12,2536.8,585609
2021-06-22 09:40:13,2536.8,585613
2021-06-22 09:40:14,2536.8,585652
2021-06-22 09:40:15,2536.9,585676
2021-06-22 09:40:16,2536.8,585683
2021-06-22 09:40:17,2536.8,585713
2021-06-22 09:40:18,2536.8,585714
2021-06-22 09:40:19,2536.8,585724
2021-06-22 09:40:20,2536.9,585740
2021-06-22 09:40:21,2536.9,585742
2021-06-22 09:40:23,2536.9,585742
2021-06-22 09:40:24,2537.4,586280
2021-06-22 09:40:25,2537.4,586280
2021-06-22 09:40:25,2537.4,586280
2021-06-22 09:40:27,2537.4,586423
2021-06-22 09:40:27,2537.4,586373
2021-06-22 09:40:29,2537.15,586546
2021-06-22 09:40:31,2537.4,586551
2021-06-22 09:40:32,2537.5,586555
2021-06-22 09:40:33,2537.4,586557
2021-06-22 09:40:33,2537.4,586557
2021-06-22 09:40:34,2537.4,586844
2021-06-22 09:40:35,2537.7,586930
2021-06-22 09:40:36,2537.9,587031
2021-06-22 09:40:37,2537.4,587142
2021-06-22 09:40:38,2537.4,588096
2021-06-22 09:40:39,2537.4,588096
2021-06-22 09:40:40,2537.8,588106
2021-06-22 09:40:41,2537.8,588106
2021-06-22 09:40:42,2537.5,588126
2021-06-22 09:40:43,2537.5,588126
2021-06-22 09:40:44,2537.8,588130
2021-06-22 09:40:45,2537.8,588131
2021-06-22 09:40:47,2537.5,588136
2021-06-22 09:40:48,2537.8,588166
2021-06-22 09:40:50,2538.25,588504
2021-06-22 09:40:51,2538.65,588989
2021-06-22 09:40:51,2539.4,588990
2021-06-22 09:40:52,2538.25,589154
2021-06-22 09:40:53,2537.6,589222
2021-06-22 09:40:54,2537.6,589222
2021-06-22 09:40:55,2538.95,589684
2021-06-22 09:40:56,2538.8,589704
2021-06-22 09:40:57,2538.8,589706
2021-06-22 09:40:58,2538.8,589831
2021-06-22 09:40:59,2538.8,589831
2021-06-22 09:41:00,2538.8,589912
2021-06-22 09:41:01,2538.8,589915
2021-06-22 09:41:02,2538.7,590258
2021-06-22 09:41:03,2538.7,590448
2021-06-22 09:41:04,2538.7,590448
2021-06-22 09:41:06,2539.0,590468
2021-06-22 09:41:07,2539.0,590478
2021-06-22 09:41:08,2538.75,590479
2021-06-22 09:41:09,2539.0,591180
2021-06-22 09:41:10,2539.5,591290
2021-06-22 09:41:10,2539.5,591290
2021-06-22 09:41:11,2539.5,591290
2021-06-22 09:41:12,2539.5,591290
2021-06-22 09:41:13,2539.0,591403
2021-06-22 09:41:14,2539.5,591419
2021-06-22 09:41:15,2539.5,591419
2021-06-22 09:41:16,2539.5,591420
2021-06-22 09:41:17,2538.9,591925
2021-06-22 09:41:19,2538.9,591962
2021-06-22 09:41:20,2539.0,591967
2021-06-22 09:41:22,2539.0,592037
2021-06-22 09:41:23,2539.0,592071
2021-06-22 09:41:23,2539.0,592071
2021-06-22 09:41:24,2539.0,592131
2021-06-22 09:41:25,2539.0,592131
2021-06-22 09:41:26,2539.0,592148
2021-06-22 09:41:27,2539.5,592270
2021-06-22 09:41:29,2539.5,592270
2021-06-22 09:41:30,2538.9,592592
2021-06-22 09:41:30,2538.9,592592
2021-06-22 09:41:31,2538.9,592631
2021-06-22 09:41:32,2538.9,592786
2021-06-22 09:41:34,2539.0,592847
2021-06-22 09:41:35,2539.6,592879
2021-06-22 09:41:37,2538.9,593011
2021-06-22 09:41:38,2539.0,593123
2021-06-22 09:41:39,2539.0,593123
2021-06-22 09:41:40,2539.0,593123
2021-06-22 09:41:41,2539.0,593123
2021-06-22 09:41:42,2538.8,593647
2021-06-22 09:41:43,2538.8,593647
2021-06-22 09:41:44,2538.15,593651
2021-06-22 09:41:45,2538.0,593701
2021-06-22 09:41:46,2538.9,593743
2021-06-22 09:41:47,2538.15,593745
2021-06-22 09:41:49,2538.15,593751
2021-06-22 09:41:50,2538.15,593760
2021-06-22 09:41:51,2539.0,593761
2021-06-22 09:41:52,2539.0,593771
2021-06-22 09:41:53,2538.15,593796
2021-06-22 09:41:54,2538.15,593796
2021-06-22 09:41:55,2538.15,593796
2021-06-22 09:41:56,2539.0,593801
2021-06-22 09:41:57,2539.0,593852
2021-06-22 09:41:58,2538.0,593957
2021-06-22 09:41:59,2538.9,594040
2021-06-22 09:42:00,2538.9,594040
2021-06-22 09:42:02,2538.9,594040
2021-06-22 09:42:03,2538.0,594044
2021-06-22 09:42:04,2538.9,594244
2021-06-22 09:42:05,2538.0,594594
2021-06-22 09:42:06,2539.05,595134
2021-06-22 09:42:07,2538.15,595209
2021-06-22 09:42:08,2538.15,595209
2021-06-22 09:42:09,2539.2,595219
2021-06-22 09:42:10,2539.2,595219
2021-06-22 09:42:10,2539.2,595219
2021-06-22 09:42:12,2539.1,595234
2021-06-22 09:42:13,2539.1,595244
2021-06-22 09:42:15,2539.1,595270
2021-06-22 09:42:15,2539.15,595470
2021-06-22 09:42:16,2539.15,595470
2021-06-22 09:42:17,2539.15,595470
2021-06-22 09:42:19,2539.15,595470
2021-06-22 09:42:19,2539.1,595571
2021-06-22 09:42:21,2539.15,595595
2021-06-22 09:42:23,2539.15,595630
2021-06-22 09:42:24,2539.1,595648
2021-06-22 09:42:25,2539.15,595750
2021-06-22 09:42:26,2539.15,595758
2021-06-22 09:42:27,2539.15,595758
2021-06-22 09:42:28,2539.0,596308
2021-06-22 09:42:28,2539.15,596309
2021-06-22 09:42:29,2539.15,596309
2021-06-22 09:42:30,2539.15,596313
2021-06-22 09:42:31,2539.15,596313
2021-06-22 09:42:33,2539.15,596313
2021-06-22 09:42:34,2539.15,596630
2021-06-22 09:42:35,2538.9,597087
2021-06-22 09:42:35,2538.9,597087
2021-06-22 09:42:37,2538.9,597087
2021-06-22 09:42:38,2538.9,597390
2021-06-22 09:42:39,2538.9,597490
2021-06-22 09:42:40,2538.9,597491
2021-06-22 09:42:41,2539.0,597592
2021-06-22 09:42:42,2539.0,597766
2021-06-22 09:42:43,2539.0,597766
2021-06-22 09:42:44,2538.9,597951
2021-06-22 09:42:45,2538.9,597997
2021-06-22 09:42:46,2538.9,597997
2021-06-22 09:42:47,2538.9,597998
2021-06-22 09:42:48,2538.9,598035
2021-06-22 09:42:48,2539.0,598048
2021-06-22 09:42:49,2538.9,599073
2021-06-22 09:42:50,2538.9,599073
2021-06-22 09:42:51,2539.0,599078
2021-06-22 09:42:52,2539.0,599078
2021-06-22 09:42:53,2539.0,599105
2021-06-22 09:42:54,2539.0,599155
2021-06-22 09:42:55,2539.15,599250
2021-06-22 09:42:56,2539.0,599329
2021-06-22 09:42:57,2538.9,599417
2021-06-22 09:42:58,2538.9,599655
2021-06-22 09:42:59,2538.9,599655
2021-06-22 09:43:00,2538.9,599655
2021-06-22 09:43:01,2538.8,599705
2021-06-22 09:43:02,2538.8,599728
2021-06-22 09:43:03,2538.9,599869
2021-06-22 09:43:04,2538.9,599873
2021-06-22 09:43:05,2538.8,600209
2021-06-22 09:43:07,2538.8,600214
2021-06-22 09:43:07,2538.8,600224
2021-06-22 09:43:08,2538.8,600224
2021-06-22 09:43:09,2538.8,600224
2021-06-22 09:43:10,2538.8,600224
2021-06-22 09:43:12,2538.8,600224
2021-06-22 09:43:13,2538.8,600224
2021-06-22 09:43:14,2538.8,600254
2021-06-22 09:43:15,2538.8,600254
2021-06-22 09:43:16,2538.8,600359
2021-06-22 09:43:17,2538.7,600452
2021-06-22 09:43:18,2538.7,600452
2021-06-22 09:43:19,2538.7,600452
2021-06-22 09:43:19,2538.55,600456
2021-06-22 09:43:20,2538.55,600456
2021-06-22 09:43:21,2538.55,600466
2021-06-22 09:43:22,2538.55,600496
2021-06-22 09:43:23,2538.55,600496
2021-06-22 09:43:24,2538.55,600496
2021-06-22 09:43:26,2538.5,600497
2021-06-22 09:43:27,2538.1,600498
2021-06-22 09:43:29,2538.1,600505
2021-06-22 09:43:29,2538.1,600527
2021-06-22 09:43:30,2538.5,600583
2021-06-22 09:43:31,2538.0,600916
2021-06-22 09:43:32,2537.0,601382
2021-06-22 09:43:33,2538.0,601385
2021-06-22 09:43:34,2538.0,601385
2021-06-22 09:43:36,2537.7,601386
2021-06-22 09:43:37,2537.7,601390
2021-06-22 09:43:38,2537.7,601390
2021-06-22 09:43:39,2537.7,601390
2021-06-22 09:43:39,2537.7,601435
2021-06-22 09:43:40,2537.7,601435
2021-06-22 09:43:42,2537.9,601445
2021-06-22 09:43:43,2537.9,601449
2021-06-22 09:43:45,2537.9,601501
2021-06-22 09:43:46,2537.8,601558
2021-06-22 09:43:47,2537.7,601925
2021-06-22 09:43:48,2537.7,601925
2021-06-22 09:43:49,2537.7,601961
2021-06-22 09:43:50,2537.9,601986
2021-06-22 09:43:50,2537.7,602014
2021-06-22 09:43:51,2537.0,602675
2021-06-22 09:43:52,2537.7,602676
2021-06-22 09:43:53,2537.7,602676
2021-06-22 09:43:54,2537.0,602696
2021-06-22 09:43:55,2537.0,602896
2021-06-22 09:43:56,2537.0,603086
2021-06-22 09:43:59,2537.7,603167
2021-06-22 09:44:00,2537.7,603172
2021-06-22 09:44:01,2537.0,603174
2021-06-22 09:44:02,2537.7,603179
2021-06-22 09:44:03,2537.0,603548
2021-06-22 09:44:04,2537.65,603659
2021-06-22 09:44:05,2537.3,604593
2021-06-22 09:44:06,2537.7,604598
2021-06-22 09:44:08,2538.0,604600
2021-06-22 09:44:09,2538.0,604600
2021-06-22 09:44:11,2537.7,604720
2021-06-22 09:44:12,2537.7,604756
2021-06-22 09:44:13,2537.7,604756
2021-06-22 09:44:14,2537.7,604756
2021-06-22 09:44:15,2538.0,604816
2021-06-22 09:44:16,2537.7,604831
2021-06-22 09:44:17,2537.7,605226
2021-06-22 09:44:18,2537.7,605289
2021-06-22 09:44:19,2537.7,605347
2021-06-22 09:44:20,2537.65,605388
2021-06-22 09:44:21,2537.65,605459
2021-06-22 09:44:22,2537.65,605459
2021-06-22 09:44:23,2537.65,605523
2021-06-22 09:44:25,2537.7,607315
2021-06-22 09:44:26,2536.9,607723
2021-06-22 09:44:27,2537.7,608542
2021-06-22 09:44:28,2536.8,608733
2021-06-22 09:44:29,2536.4,609815
2021-06-22 09:44:30,2536.8,610045
2021-06-22 09:44:31,2535.65,610105
2021-06-22 09:44:32,2536.8,610107
2021-06-22 09:44:33,2536.8,610111
2021-06-22 09:44:34,2536.8,610111
2021-06-22 09:44:35,2535.85,610114
2021-06-22 09:44:37,2536.8,610124
2021-06-22 09:44:39,2536.3,610187
2021-06-22 09:44:40,2535.85,610325
2021-06-22 09:44:41,2536.3,610366
2021-06-22 09:44:42,2536.55,611182
2021-06-22 09:44:43,2536.55,611182
2021-06-22 09:44:44,2537.7,611380
2021-06-22 09:44:45,2537.7,611466
2021-06-22 09:44:46,2536.65,611591
2021-06-22 09:44:47,2536.65,611732
2021-06-22 09:44:48,2536.65,611732
2021-06-22 09:44:49,2536.6,611791
2021-06-22 09:44:50,2536.6,611791
2021-06-22 09:44:52,2536.6,611791
2021-06-22 09:44:53,2536.6,611792
2021-06-22 09:44:55,2537.15,612045
2021-06-22 09:44:56,2535.85,612109
2021-06-22 09:44:57,2535.65,612149
2021-06-22 09:44:59,2536.5,612232
2021-06-22 09:45:01,2536.5,612864
2021-06-22 09:45:02,2537.0,613085
2021-06-22 09:45:03,2537.65,613104
2021-06-22 09:45:04,2537.0,613164
2021-06-22 09:45:05,2537.0,613259
2021-06-22 09:45:06,2537.0,613276
2021-06-22 09:45:07,2537.75,613341
2021-06-22 09:45:08,2537.0,613361
2021-06-22 09:45:09,2537.0,613365
2021-06-22 09:45:10,2536.65,613565
2021-06-22 09:45:11,2537.4,613567
2021-06-22 09:45:12,2537.35,613580
2021-06-22 09:45:13,2537.35,613712
2021-06-22 09:45:14,2536.65,613747
2021-06-22 09:45:15,2536.65,613936
2021-06-22 09:45:16,2536.65,613946
2021-06-22 09:45:17,2536.6,614070
2021-06-22 09:45:18,2536.6,614148
2021-06-22 09:45:19,2536.55,614299
2021-06-22 09:45:20,2536.6,614302
2021-06-22 09:45:21,2536.6,614302
2021-06-22 09:45:22,2536.6,614313
2021-06-22 09:45:23,2536.65,614317
2021-06-22 09:45:24,2536.65,614317
2021-06-22 09:45:25,2536.6,614324
2021-06-22 09:45:27,2536.55,614495
2021-06-22 09:45:28,2536.6,614800
2021-06-22 09:45:29,2536.6,614800
2021-06-22 09:45:30,2536.6,614800
2021-06-22 09:45:31,2536.6,614824
2021-06-22 09:45:32,2536.55,615157
2021-06-22 09:45:33,2536.6,615367
2021-06-22 09:45:34,2536.6,615862
2021-06-22 09:45:35,2536.6,615918
2021-06-22 09:45:36,2536.6,615918
2021-06-22 09:45:36,2536.6,615918
2021-06-22 09:45:38,2536.55,616272
2021-06-22 09:45:39,2536.55,616401
2021-06-22 09:45:40,2536.55,616660
2021-06-22 09:45:41,2536.65,616824
2021-06-22 09:45:42,2536.65,616824
2021-06-22 09:45:44,2536.65,616827
2021-06-22 09:45:45,2536.65,616932
2021-06-22 09:45:46,2536.65,617287
2021-06-22 09:45:47,2536.65,617287
2021-06-22 09:45:48,2536.75,617352
2021-06-22 09:45:49,2536.7,617515
2021-06-22 09:45:50,2537.0,617560
2021-06-22 09:45:51,2537.0,617873
2021-06-22 09:45:52,2536.65,618100
2021-06-22 09:45:53,2536.65,618193
2021-06-22 09:45:54,2536.85,618243
2021-06-22 09:45:55,2537.25,618558
2021-06-22 09:45:56,2537.25,618558
2021-06-22 09:45:57,2537.5,618650
2021-06-22 09:45:58,2537.0,618719
2021-06-22 09:45:59,2537.0,618950
2021-06-22 09:46:00,2537.0,619483
2021-06-22 09:46:01,2537.0,619483
2021-06-22 09:46:02,2537.0,619536
2021-06-22 09:46:03,2537.0,619890
2021-06-22 09:46:04,2537.0,619911
2021-06-22 09:46:05,2537.3,619927
2021-06-22 09:46:06,2537.5,619988
2021-06-22 09:46:07,2537.6,620703
2021-06-22 09:46:08,2537.3,620730
2021-06-22 09:46:09,2537.3,620730
2021-06-22 09:46:10,2537.9,620733
2021-06-22 09:46:11,2537.9,620733
2021-06-22 09:46:13,2537.9,620783
2021-06-22 09:46:14,2537.9,620783
2021-06-22 09:46:15,2537.9,620848
2021-06-22 09:46:16,2537.9,620848
2021-06-22 09:46:17,2537.9,620848
2021-06-22 09:46:18,2537.3,621251
2021-06-22 09:46:19,2537.3,621348
2021-06-22 09:46:20,2537.5,621540
2021-06-22 09:46:21,2537.5,621636
2021-06-22 09:46:22,2537.85,622284
2021-06-22 09:46:23,2537.5,622299
2021-06-22 09:46:24,2537.5,622299
2021-06-22 09:46:25,2537.85,622300
2021-06-22 09:46:26,2537.5,622303
2021-06-22 09:46:27,2537.8,622327
2021-06-22 09:46:28,2537.5,622407
2021-06-22 09:46:29,2537.1,622446
2021-06-22 09:46:30,2537.75,622451
2021-06-22 09:46:31,2537.75,622451
2021-06-22 09:46:32,2537.5,622558
2021-06-22 09:46:33,2537.1,622590
2021-06-22 09:46:34,2537.1,622591
2021-06-22 09:46:35,2537.1,622622
2021-06-22 09:46:36,2537.1,622747
2021-06-22 09:46:38,2537.1,622938
2021-06-22 09:46:39,2537.0,622999
2021-06-22 09:46:40,2537.1,623009
2021-06-22 09:46:41,2537.0,623059
2021-06-22 09:46:42,2537.0,623063
2021-06-22 09:46:43,2537.0,623299
2021-06-22 09:46:44,2536.7,624170
2021-06-22 09:46:45,2536.8,624425
2021-06-22 09:46:46,2536.8,624425
2021-06-22 09:46:47,2536.8,624425
2021-06-22 09:46:48,2536.8,624514
2021-06-22 09:46:49,2536.0,624637
2021-06-22 09:46:50,2536.7,624639
2021-06-22 09:46:51,2536.7,624643
2021-06-22 09:46:52,2536.7,624643
2021-06-22 09:46:55,2536.0,624786
2021-06-22 09:46:56,2536.9,624932
2021-06-22 09:46:57,2537.1,625124
2021-06-22 09:46:58,2536.1,625129
2021-06-22 09:46:59,2536.1,625129
2021-06-22 09:47:01,2536.85,625168
2021-06-22 09:47:02,2536.95,625178
2021-06-22 09:47:05,2536.05,625448
2021-06-22 09:47:06,2536.05,625518
2021-06-22 09:47:07,2536.05,626085
2021-06-22 09:47:08,2536.05,626160
2021-06-22 09:47:09,2536.05,626161
2021-06-22 09:47:10,2536.05,626191
2021-06-22 09:47:11,2535.45,626230
2021-06-22 09:47:12,2535.45,626293
2021-06-22 09:47:13,2536.0,626384
2021-06-22 09:47:14,2535.4,626439
2021-06-22 09:47:15,2536.0,626440
2021-06-22 09:47:16,2535.65,626451
2021-06-22 09:47:17,2535.65,626451
2021-06-22 09:47:18,2535.45,626494
2021-06-22 09:47:19,2535.4,626525
2021-06-22 09:47:20,2535.0,628281
2021-06-22 09:47:21,2535.35,628894
2021-06-22 09:47:23,2535.35,628894
2021-06-22 09:47:22,2535.35,628894
2021-06-22 09:47:24,2534.2,628897
2021-06-22 09:47:25,2535.25,628917
2021-06-22 09:47:26,2534.25,628937
2021-06-22 09:47:27,2534.25,629040
2021-06-22 09:47:28,2534.25,629040
2021-06-22 09:47:29,2534.25,629041
2021-06-22 09:47:30,2534.25,629041
2021-06-22 09:47:31,2534.25,629088
2021-06-22 09:47:32,2534.3,629163
2021-06-22 09:47:33,2534.65,629257
2021-06-22 09:47:35,2534.3,629406
2021-06-22 09:47:36,2534.0,629528
2021-06-22 09:47:37,2534.0,629852
2021-06-22 09:47:38,2534.0,629852
2021-06-22 09:47:39,2534.0,630398
2021-06-22 09:47:40,2533.7,631072
2021-06-22 09:47:41,2534.0,632507
2021-06-22 09:47:42,2534.0,632536
2021-06-22 09:47:43,2533.85,632563
2021-06-22 09:47:44,2533.7,632569
2021-06-22 09:47:45,2533.7,632691
2021-06-22 09:47:46,2533.85,632872
2021-06-22 09:47:47,2533.85,632874
2021-06-22 09:47:48,2533.85,632888
2021-06-22 09:47:49,2533.7,632919
2021-06-22 09:47:50,2533.7,632919
2021-06-22 09:47:52,2533.85,633233
2021-06-22 09:47:53,2533.8,633443
2021-06-22 09:47:54,2533.8,633443
2021-06-22 09:47:55,2533.1,633998
2021-06-22 09:47:56,2533.5,634023
2021-06-22 09:47:57,2533.7,634053
2021-06-22 09:47:58,2533.7,635143
2021-06-22 09:47:59,2533.6,636583
2021-06-22 09:48:00,2534.0,636623
2021-06-22 09:48:01,2533.7,636629
2021-06-22 09:48:02,2533.7,636629
2021-06-22 09:48:03,2533.7,636730
2021-06-22 09:48:04,2533.7,636811
2021-06-22 09:48:05,2533.85,636816
2021-06-22 09:48:06,2533.7,637098
2021-06-22 09:48:07,2533.6,637256
2021-06-22 09:48:08,2533.7,637268
2021-06-22 09:48:09,2533.6,637426
2021-06-22 09:48:10,2533.6,637500
2021-06-22 09:48:11,2533.7,637655
2021-06-22 09:48:12,2533.7,637655
2021-06-22 09:48:13,2533.7,637860
2021-06-22 09:48:14,2533.7,637860
2021-06-22 09:48:15,2533.7,637860
2021-06-22 09:48:16,2533.7,637860
2021-06-22 09:48:17,2533.6,637914
2021-06-22 09:48:18,2533.65,637942
2021-06-22 09:48:19,2533.65,637942
2021-06-22 09:48:20,2533.6,638288
2021-06-22 09:48:22,2533.65,638430
2021-06-22 09:48:22,2533.65,638430
2021-06-22 09:48:23,2533.65,638447
2021-06-22 09:48:25,2533.65,638515
2021-06-22 09:48:26,2533.65,638515
2021-06-22 09:48:28,2533.65,638635
2021-06-22 09:48:28,2533.65,638645
2021-06-22 09:48:29,2533.1,640393
2021-06-22 09:48:30,2532.15,641234
2021-06-22 09:48:31,2532.1,641271
2021-06-22 09:48:32,2532.1,641271
2021-06-22 09:48:33,2532.1,641306
2021-06-22 09:48:34,2532.05,641606
2021-06-22 09:48:35,2530.85,644614
2021-06-22 09:48:37,2530.85,644665
2021-06-22 09:48:38,2532.5,644705
2021-06-22 09:48:39,2532.3,644711
2021-06-22 09:48:40,2532.25,644836
2021-06-22 09:48:41,2532.25,644871
2021-06-22 09:48:42,2532.25,644921
2021-06-22 09:48:43,2532.25,644921
2021-06-22 09:48:45,2532.7,645004
2021-06-22 09:48:45,2532.7,645265
2021-06-22 09:48:46,2532.25,645325
2021-06-22 09:48:47,2532.5,645350
2021-06-22 09:48:48,2532.25,645365
2021-06-22 09:48:49,2532.25,645493
2021-06-22 09:48:50,2532.3,645511
2021-06-22 09:48:51,2532.3,645563
2021-06-22 09:48:53,2532.4,645648
2021-06-22 09:48:56,2532.3,645728
2021-06-22 09:48:57,2532.3,645728
2021-06-22 09:48:58,2532.3,645766
2021-06-22 09:48:59,2532.05,646749
2021-06-22 09:49:00,2532.05,647301
2021-06-22 09:49:02,2532.05,647301
2021-06-22 09:49:02,2532.75,647351
2021-06-22 09:49:03,2531.85,647376
2021-06-22 09:49:05,2532.45,648481
2021-06-22 09:49:06,2532.45,648523
2021-06-22 09:49:08,2533.0,652019
2021-06-22 09:49:09,2533.5,652950
2021-06-22 09:49:10,2532.8,653049
2021-06-22 09:49:12,2532.45,653231
2021-06-22 09:49:13,2532.3,653241
2021-06-22 09:49:15,2532.7,653603
2021-06-22 09:49:16,2532.3,653646
2021-06-22 09:49:17,2532.7,653790
2021-06-22 09:49:18,2531.5,654795
2021-06-22 09:49:19,2532.7,654857
2021-06-22 09:49:20,2532.7,654982
2021-06-22 09:49:23,2531.6,655496
2021-06-22 09:49:24,2532.7,655628
2021-06-22 09:49:25,2532.8,655794
2021-06-22 09:49:26,2532.1,655837
2021-06-22 09:49:28,2532.1,655837
2021-06-22 09:49:28,2532.1,655837
2021-06-22 09:49:29,2532.1,655837
2021-06-22 09:49:30,2532.1,655837
2021-06-22 09:49:31,2532.1,655914
2021-06-22 09:49:32,2532.1,656113
2021-06-22 09:49:34,2532.1,656125
2021-06-22 09:49:34,2532.1,656125
2021-06-22 09:49:35,2532.0,656130
2021-06-22 09:49:37,2532.1,656232
2021-06-22 09:49:38,2532.1,656283
2021-06-22 09:49:39,2532.0,656424
2021-06-22 09:49:41,2532.0,656455
2021-06-22 09:49:41,2532.0,656455
2021-06-22 09:49:42,2531.95,656457
2021-06-22 09:49:43,2532.0,656485
2021-06-22 09:49:44,2532.0,656501
2021-06-22 09:49:45,2531.95,656516
2021-06-22 09:49:46,2531.95,656600
2021-06-22 09:49:47,2531.95,657214
2021-06-22 09:49:48,2530.2,658856
2021-06-22 09:49:50,2531.8,659686
2021-06-22 09:49:50,2531.8,659686
2021-06-22 09:49:52,2532.0,659741
2021-06-22 09:49:52,2532.0,659741
2021-06-22 09:49:53,2532.0,659788
2021-06-22 09:49:54,2532.5,659808
2021-06-22 09:49:55,2532.0,659867
2021-06-22 09:49:56,2532.0,659873
2021-06-22 09:49:58,2532.0,660267
2021-06-22 09:49:58,2531.8,660282
2021-06-22 09:49:59,2532.0,660320
2021-06-22 09:50:00,2531.75,661104
2021-06-22 09:50:01,2531.75,661104
2021-06-22 09:50:02,2532.0,661114
2021-06-22 09:50:03,2532.0,661114
2021-06-22 09:50:05,2532.0,661115
2021-06-22 09:50:06,2531.8,661122
2021-06-22 09:50:06,2531.8,661122
2021-06-22 09:50:08,2531.8,661234
2021-06-22 09:50:09,2531.8,661234
2021-06-22 09:50:11,2531.8,661234
2021-06-22 09:50:12,2531.8,661261
2021-06-22 09:50:13,2531.9,661281
2021-06-22 09:50:15,2531.8,661294
2021-06-22 09:50:15,2531.9,661290
2021-06-22 09:50:16,2531.8,661333
2021-06-22 09:50:17,2531.2,661657
2021-06-22 09:50:19,2531.2,661838
2021-06-22 09:50:20,2531.2,661838
2021-06-22 09:50:22,2531.2,661850
2021-06-22 09:50:22,2531.2,661850
2021-06-22 09:50:23,2531.2,661860
2021-06-22 09:50:24,2531.2,661860
2021-06-22 09:50:25,2531.2,661860
2021-06-22 09:50:27,2531.2,661988
2021-06-22 09:50:28,2531.75,662006
2021-06-22 09:50:28,2531.75,662006
2021-06-22 09:50:29,2531.75,662008
2021-06-22 09:50:30,2531.25,662082
2021-06-22 09:50:31,2531.25,662150
2021-06-22 09:50:32,2531.2,662302
2021-06-22 09:50:33,2531.4,662400
2021-06-22 09:50:35,2531.35,662503
2021-06-22 09:50:36,2531.0,662528
2021-06-22 09:50:36,2531.0,662528
2021-06-22 09:50:37,2531.0,662538
2021-06-22 09:50:38,2531.0,662559
2021-06-22 09:50:39,2530.8,662658
2021-06-22 09:50:42,2530.6,662678
2021-06-22 09:50:43,2530.6,662697
2021-06-22 09:50:43,2530.6,662697
2021-06-22 09:50:44,2530.6,662797
2021-06-22 09:50:45,2530.6,662797
2021-06-22 09:50:46,2530.6,663065
2021-06-22 09:50:47,2530.55,663066
2021-06-22 09:50:49,2530.55,663066
2021-06-22 09:50:50,2530.5,663169
2021-06-22 09:50:50,2530.5,663169
2021-06-22 09:50:51,2530.5,663239
2021-06-22 09:50:52,2530.55,663240
2021-06-22 09:50:53,2530.5,663278
2021-06-22 09:50:54,2530.55,663672
2021-06-22 09:50:55,2530.4,663760
2021-06-22 09:50:56,2530.4,663894
2021-06-22 09:50:58,2530.4,663962
2021-06-22 09:50:59,2530.4,664099
2021-06-22 09:50:59,2530.45,664080
2021-06-22 09:51:00,2530.45,664335
2021-06-22 09:51:01,2530.4,664460
2021-06-22 09:51:02,2528.55,673363
2021-06-22 09:51:03,2529.65,675000
2021-06-22 09:51:05,2529.5,675131
2021-06-22 09:51:06,2529.35,675463
2021-06-22 09:51:07,2529.35,675902
2021-06-22 09:51:07,2529.35,675902
2021-06-22 09:51:09,2529.35,675950
2021-06-22 09:51:10,2529.6,676353
2021-06-22 09:51:12,2529.9,676576
2021-06-22 09:51:13,2529.9,676633
2021-06-22 09:51:15,2529.9,677159
2021-06-22 09:51:16,2529.4,678169
2021-06-22 09:51:17,2529.3,678208
2021-06-22 09:51:19,2528.55,678253
2021-06-22 09:51:20,2529.45,678275
2021-06-22 09:51:21,2528.95,678848
2021-06-22 09:51:21,2528.95,678848
2021-06-22 09:51:22,2528.95,678848
2021-06-22 09:51:23,2528.95,678887
2021-06-22 09:51:24,2528.55,678961
2021-06-22 09:51:26,2528.55,678972
2021-06-22 09:51:27,2528.55,678972
2021-06-22 09:51:27,2528.55,678997
2021-06-22 09:51:28,2528.95,678998
2021-06-22 09:51:29,2528.6,679048
2021-06-22 09:51:31,2528.6,679048
2021-06-22 09:51:32,2528.8,679121
2021-06-22 09:51:33,2529.9,679508
2021-06-22 09:51:34,2530.0,679523
2021-06-22 09:51:36,2530.0,679597
2021-06-22 09:51:37,2530.0,679667
2021-06-22 09:51:38,2530.0,679688
2021-06-22 09:51:39,2530.0,679693
2021-06-22 09:51:40,2530.0,679993
2021-06-22 09:51:41,2530.0,680066
2021-06-22 09:51:42,2530.25,680231
2021-06-22 09:51:43,2530.25,680243
2021-06-22 09:51:44,2530.0,680279
2021-06-22 09:51:45,2530.0,680279
2021-06-22 09:51:47,2530.0,680327
2021-06-22 09:51:48,2530.0,680328
2021-06-22 09:51:48,2530.0,680328
2021-06-22 09:51:50,2530.05,680749
2021-06-22 09:51:51,2530.9,680849
2021-06-22 09:51:53,2530.35,680858
2021-06-22 09:51:54,2530.9,680967
2021-06-22 09:51:55,2530.9,680982
2021-06-22 09:51:55,2530.9,680982
2021-06-22 09:51:56,2532.4,681712
2021-06-22 09:51:57,2532.4,681712
2021-06-22 09:51:58,2532.4,681712
2021-06-22 09:51:59,2532.4,681712
2021-06-22 09:52:00,2532.45,681726
2021-06-22 09:52:01,2532.9,681913
2021-06-22 09:52:03,2532.9,681968
2021-06-22 09:52:04,2532.4,682268
2021-06-22 09:52:04,2532.4,682340
2021-06-22 09:52:05,2532.4,682358
2021-06-22 09:52:07,2532.75,682411
2021-06-22 09:52:09,2532.7,683140
2021-06-22 09:52:11,2532.7,683539
2021-06-22 09:52:12,2532.7,683714
2021-06-22 09:52:13,2533.2,684068
2021-06-22 09:52:14,2532.7,684185
2021-06-22 09:52:15,2531.8,684260
2021-06-22 09:52:16,2532.0,684294
2021-06-22 09:52:17,2532.35,684539
2021-06-22 09:52:17,2532.35,684539
2021-06-22 09:52:18,2532.35,684544
2021-06-22 09:52:19,2532.3,684556
2021-06-22 09:52:20,2532.25,684561
2021-06-22 09:52:21,2532.65,684591
2021-06-22 09:52:24,2532.0,684616
2021-06-22 09:52:25,2532.25,684666
2021-06-22 09:52:26,2532.15,684669
2021-06-22 09:52:28,2532.0,684699
2021-06-22 09:52:29,2532.0,684699
2021-06-22 09:52:29,2532.0,684699
2021-06-22 09:52:30,2532.15,684745
2021-06-22 09:52:31,2532.0,684817
2021-06-22 09:52:32,2532.0,684897
2021-06-22 09:52:33,2532.0,684898
2021-06-22 09:52:34,2531.65,684998
2021-06-22 09:52:36,2531.65,684998
2021-06-22 09:52:37,2531.65,685028
2021-06-22 09:52:38,2531.65,685028
2021-06-22 09:52:39,2531.9,685128
2021-06-22 09:52:39,2531.9,685128
2021-06-22 09:52:40,2530.0,685677
2021-06-22 09:52:41,2531.25,685845
2021-06-22 09:52:42,2531.25,685845
2021-06-22 09:52:44,2531.25,685845
2021-06-22 09:52:45,2531.0,685856
2021-06-22 09:52:46,2531.45,686580
2021-06-22 09:52:47,2531.2,686616
2021-06-22 09:52:49,2530.0,687207
2021-06-22 09:52:49,2531.1,687277
2021-06-22 09:52:50,2531.3,687327
2021-06-22 09:52:51,2531.3,687327
2021-06-22 09:52:52,2531.3,687327
2021-06-22 09:52:53,2531.2,687377
2021-06-22 09:52:55,2531.2,687377
2021-06-22 09:52:56,2531.1,687478
2021-06-22 09:52:57,2530.9,687479
2021-06-22 09:52:58,2530.25,687489
2021-06-22 09:52:58,2530.55,687772
2021-06-22 09:52:59,2530.75,688553
2021-06-22 09:53:00,2530.25,688572
2021-06-22 09:53:01,2530.25,688573
2021-06-22 09:53:02,2530.85,688574
2021-06-22 09:53:03,2530.25,688586
2021-06-22 09:53:04,2530.75,688656
2021-06-22 09:53:06,2530.25,688659
2021-06-22 09:53:07,2530.25,688770
2021-06-22 09:53:08,2530.25,688774
2021-06-22 09:53:09,2530.5,688792
2021-06-22 09:53:10,2530.5,688793
2021-06-22 09:53:11,2530.5,688793
2021-06-22 09:53:12,2530.3,688797
2021-06-22 09:53:13,2530.3,688806
2021-06-22 09:53:14,2530.4,688840
2021-06-22 09:53:15,2530.4,688840
2021-06-22 09:53:17,2530.4,688840
2021-06-22 09:53:18,2530.3,688920
2021-06-22 09:53:19,2530.3,689011
2021-06-22 09:53:20,2530.3,689011
2021-06-22 09:53:21,2530.2,689023
2021-06-22 09:53:22,2530.2,689023
2021-06-22 09:53:23,2529.85,689345
2021-06-22 09:53:24,2529.85,689345
2021-06-22 09:53:25,2529.8,689466
2021-06-22 09:53:27,2529.0,689483
2021-06-22 09:53:29,2529.0,689666
2021-06-22 09:53:30,2529.0,689666
2021-06-22 09:53:31,2529.55,689669
2021-06-22 09:53:32,2529.55,689781
2021-06-22 09:53:32,2529.55,689781
2021-06-22 09:53:33,2529.55,689799
2021-06-22 09:53:35,2529.55,689804
2021-06-22 09:53:36,2529.5,689810
2021-06-22 09:53:37,2529.55,689851
2021-06-22 09:53:38,2529.5,689858
2021-06-22 09:53:40,2529.8,690528
2021-06-22 09:53:41,2530.0,690697
2021-06-22 09:53:42,2530.0,690998
2021-06-22 09:53:43,2529.95,691012
2021-06-22 09:53:43,2529.95,691012
2021-06-22 09:53:44,2529.6,691052
2021-06-22 09:53:45,2529.55,691352
2021-06-22 09:53:47,2529.6,691372
2021-06-22 09:53:48,2529.6,691420
2021-06-22 09:53:50,2529.55,691425
2021-06-22 09:53:51,2529.6,691444
2021-06-22 09:53:52,2529.45,691745
2021-06-22 09:53:53,2529.6,691747
2021-06-22 09:53:55,2529.6,691747
2021-06-22 09:53:56,2529.45,691900
2021-06-22 09:53:57,2529.6,691913
2021-06-22 09:53:58,2529.6,691913
2021-06-22 09:54:00,2529.55,692009
2021-06-22 09:54:01,2529.45,692395
2021-06-22 09:54:02,2530.0,692429
2021-06-22 09:54:03,2530.0,692429
2021-06-22 09:54:04,2530.0,692429
2021-06-22 09:54:04,2530.0,692429
2021-06-22 09:54:05,2530.0,692429
2021-06-22 09:54:07,2530.0,692431
2021-06-22 09:54:08,2530.0,692831
2021-06-22 09:54:09,2530.0,692838
2021-06-22 09:54:10,2530.0,692839
2021-06-22 09:54:11,2530.0,692852
2021-06-22 09:54:12,2529.45,693173
2021-06-22 09:54:13,2529.95,693183
2021-06-22 09:54:14,2529.45,693185
2021-06-22 09:54:16,2529.45,693300
2021-06-22 09:54:17,2529.45,693300
2021-06-22 09:54:19,2529.45,693300
2021-06-22 09:54:20,2529.6,693325
2021-06-22 09:54:21,2529.5,693945
2021-06-22 09:54:22,2529.85,694045
2021-06-22 09:54:22,2529.85,694045
2021-06-22 09:54:23,2529.5,694327
2021-06-22 09:54:25,2529.5,694327
2021-06-22 09:54:26,2529.5,694327
2021-06-22 09:54:27,2529.5,694345
2021-06-22 09:54:27,2529.5,694345
2021-06-22 09:54:30,2529.6,694407
2021-06-22 09:54:31,2529.6,694407
2021-06-22 09:54:32,2529.6,694407
2021-06-22 09:54:33,2529.6,694414
2021-06-22 09:54:33,2529.6,694414
2021-06-22 09:54:34,2529.6,694414
2021-06-22 09:54:36,2529.6,694468
2021-06-22 09:54:37,2529.6,694468
2021-06-22 09:54:38,2529.6,694468
2021-06-22 09:54:39,2529.45,694828
2021-06-22 09:54:40,2529.45,696345
2021-06-22 09:54:40,2529.45,696345
2021-06-22 09:54:41,2529.5,696492
2021-06-22 09:54:43,2529.5,698771
2021-06-22 09:54:44,2529.5,700371
2021-06-22 09:54:45,2529.25,700792
2021-06-22 09:54:45,2529.25,700792
2021-06-22 09:54:46,2529.25,700792
2021-06-22 09:54:47,2529.5,700803
2021-06-22 09:54:48,2529.25,700823
2021-06-22 09:54:51,2529.5,702240
2021-06-22 09:54:52,2529.25,702655
2021-06-22 09:54:52,2529.25,702655
2021-06-22 09:54:54,2529.25,702655
2021-06-22 09:54:55,2529.25,702655
2021-06-22 09:54:56,2529.25,702655
2021-06-22 09:54:57,2529.45,702656
2021-06-22 09:54:58,2529.3,702679
2021-06-22 09:54:58,2529.3,702679
2021-06-22 09:54:59,2530.2,704269
2021-06-22 09:55:02,2529.4,704642
2021-06-22 09:55:03,2529.4,704642
2021-06-22 09:55:04,2529.35,705167
2021-06-22 09:55:04,2529.35,705167
2021-06-22 09:55:06,2529.4,705249
2021-06-22 09:55:07,2529.4,705252
2021-06-22 09:55:08,2529.4,706397
2021-06-22 09:55:09,2529.2,706827
2021-06-22 09:55:10,2529.2,706827
2021-06-22 09:55:11,2529.2,706827
2021-06-22 09:55:11,2529.2,706827
2021-06-22 09:55:12,2529.25,706952
2021-06-22 09:55:14,2529.15,706978
2021-06-22 09:55:15,2528.7,706984
2021-06-22 09:55:16,2528.95,707121
2021-06-22 09:55:17,2528.95,707169
2021-06-22 09:55:17,2528.95,707169
2021-06-22 09:55:19,2528.7,707180
2021-06-22 09:55:20,2528.7,707202
2021-06-22 09:55:21,2529.3,708044
2021-06-22 09:55:22,2528.75,708313
2021-06-22 09:55:23,2528.7,708556
2021-06-22 09:55:24,2528.75,708580
2021-06-22 09:55:24,2528.75,708580
2021-06-22 09:55:26,2528.55,708682
2021-06-22 09:55:27,2528.55,708699
2021-06-22 09:55:28,2528.55,708699
2021-06-22 09:55:29,2529.1,708759
2021-06-22 09:55:30,2529.1,708759
2021-06-22 09:55:31,2529.35,708856
2021-06-22 09:55:31,2529.35,708856
2021-06-22 09:55:33,2529.1,708896
2021-06-22 09:55:34,2529.25,708928
2021-06-22 09:55:35,2529.25,708929
2021-06-22 09:55:36,2529.1,708934
2021-06-22 09:55:37,2529.1,708934
2021-06-22 09:55:37,2529.1,708934
2021-06-22 09:55:39,2529.1,708934
2021-06-22 09:55:40,2529.25,708994
2021-06-22 09:55:41,2529.0,709300
2021-06-22 09:55:42,2529.45,709320
2021-06-22 09:55:43,2529.45,709320
2021-06-22 09:55:44,2529.1,709385
2021-06-22 09:55:45,2529.1,709386
2021-06-22 09:55:47,2529.0,709396
2021-06-22 09:55:48,2529.1,709416
2021-06-22 09:55:49,2529.45,709458
2021-06-22 09:55:50,2528.85,709558
2021-06-22 09:55:52,2528.85,709561
2021-06-22 09:55:53,2529.4,709571
2021-06-22 09:55:54,2529.1,709572
2021-06-22 09:55:56,2528.5,709975
2021-06-22 09:55:56,2528.5,709975
2021-06-22 09:55:57,2529.4,709980
2021-06-22 09:55:59,2529.1,710020
2021-06-22 09:56:01,2528.8,710397
2021-06-22 09:56:02,2529.1,710401
2021-06-22 09:56:03,2529.1,710401
2021-06-22 09:56:04,2528.8,710416
2021-06-22 09:56:04,2528.8,710416
2021-06-22 09:56:05,2528.95,710512
2021-06-22 09:56:07,2528.95,710678
2021-06-22 09:56:08,2528.95,710678
2021-06-22 09:56:10,2528.85,710679
2021-06-22 09:56:11,2528.85,710726
2021-06-22 09:56:12,2529.0,711435
2021-06-22 09:56:13,2529.2,711464
2021-06-22 09:56:14,2530.15,713119
2021-06-22 09:56:16,2530.45,713315
2021-06-22 09:56:17,2531.0,713579
2021-06-22 09:56:18,2531.25,713649
2021-06-22 09:56:19,2531.25,713649
2021-06-22 09:56:20,2531.45,713732
2021-06-22 09:56:23,2531.55,714059
2021-06-22 09:56:24,2530.95,714089
2021-06-22 09:56:25,2530.95,714138
2021-06-22 09:56:26,2530.95,714138
2021-06-22 09:56:27,2531.45,714161
2021-06-22 09:56:28,2531.45,714161
2021-06-22 09:56:29,2531.45,714161
2021-06-22 09:56:30,2530.95,714182
2021-06-22 09:56:32,2530.95,714182
2021-06-22 09:56:33,2530.95,714182
2021-06-22 09:56:34,2530.95,714647
2021-06-22 09:56:35,2530.9,715864
2021-06-22 09:56:36,2530.85,716291
2021-06-22 09:56:37,2530.85,716616
2021-06-22 09:56:38,2530.75,716625
2021-06-22 09:56:39,2530.75,716630
2021-06-22 09:56:40,2530.6,716637
2021-06-22 09:56:40,2530.6,716635
2021-06-22 09:56:42,2530.6,716786
2021-06-22 09:56:43,2530.6,716791
2021-06-22 09:56:44,2530.6,716800
2021-06-22 09:56:45,2530.9,717007
2021-06-22 09:56:46,2530.45,717268
2021-06-22 09:56:47,2530.9,717429
2021-06-22 09:56:47,2530.9,717429
2021-06-22 09:56:49,2530.35,717443
2021-06-22 09:56:51,2530.45,717448
2021-06-22 09:56:52,2530.45,717448
2021-06-22 09:56:54,2530.45,717448
2021-06-22 09:56:55,2530.8,717481
2021-06-22 09:56:56,2530.95,717492
2021-06-22 09:56:57,2530.95,717492
2021-06-22 09:56:58,2530.8,717562
2021-06-22 09:56:59,2530.8,717566
2021-06-22 09:57:00,2530.95,717631
2021-06-22 09:57:01,2530.8,717643
2021-06-22 09:57:02,2530.8,717643
2021-06-22 09:57:03,2530.8,717643
2021-06-22 09:57:04,2530.8,717644
2021-06-22 09:57:05,2530.8,717646
2021-06-22 09:57:06,2530.8,717656
2021-06-22 09:57:07,2530.85,717659
2021-06-22 09:57:08,2531.0,717788
2021-06-22 09:57:09,2530.7,718363
2021-06-22 09:57:10,2530.7,718368
2021-06-22 09:57:11,2530.85,718418
2021-06-22 09:57:12,2530.85,718439
2021-06-22 09:57:13,2530.8,718553
2021-06-22 09:57:14,2530.7,718554
2021-06-22 09:57:15,2530.8,718564
2021-06-22 09:57:16,2530.8,718674
2021-06-22 09:57:17,2530.8,718719
2021-06-22 09:57:18,2530.8,718919
2021-06-22 09:57:19,2530.8,719019
2021-06-22 09:57:20,2530.8,719119
2021-06-22 09:57:21,2531.5,719646
2021-06-22 09:57:22,2531.85,719693
2021-06-22 09:57:23,2531.8,719814
2021-06-22 09:57:24,2531.0,719832
2021-06-22 09:57:25,2531.0,719892
2021-06-22 09:57:26,2531.0,719902
2021-06-22 09:57:27,2530.9,719907
2021-06-22 09:57:28,2531.0,720042
2021-06-22 09:57:29,2531.0,720042
2021-06-22 09:57:30,2530.9,720051
2021-06-22 09:57:31,2530.9,720051
2021-06-22 09:57:32,2531.0,720052
2021-06-22 09:57:33,2531.0,720065
2021-06-22 09:57:34,2530.9,720154
2021-06-22 09:57:35,2530.9,720161
2021-06-22 09:57:36,2530.9,720640
2021-06-22 09:57:37,2531.0,720647
2021-06-22 09:57:38,2531.0,720667
2021-06-22 09:57:39,2531.0,720667
2021-06-22 09:57:40,2531.0,720667
2021-06-22 09:57:41,2530.9,720806
2021-06-22 09:57:42,2531.0,720850
2021-06-22 09:57:43,2531.0,720915
2021-06-22 09:57:44,2531.0,720925
2021-06-22 09:57:45,2531.0,720925
2021-06-22 09:57:46,2531.0,720925
2021-06-22 09:57:47,2530.9,720932
2021-06-22 09:57:48,2530.9,720932
2021-06-22 09:57:49,2530.9,720939
2021-06-22 09:57:50,2530.9,722229
2021-06-22 09:57:51,2530.9,722547
2021-06-22 09:57:52,2530.9,722547
2021-06-22 09:57:54,2530.9,722551
2021-06-22 09:57:53,2530.9,722551
2021-06-22 09:57:55,2530.9,722551
2021-06-22 09:57:56,2531.0,722750
2021-06-22 09:57:57,2531.0,722750
2021-06-22 09:57:58,2531.0,722765
2021-06-22 09:57:59,2531.0,722765
2021-06-22 09:58:00,2531.0,722766
2021-06-22 09:58:01,2531.0,722886
2021-06-22 09:58:02,2531.0,722886
2021-06-22 09:58:03,2531.0,722886
2021-06-22 09:58:04,2531.0,722890
2021-06-22 09:58:05,2531.3,723020
2021-06-22 09:58:06,2531.3,723032
2021-06-22 09:58:07,2531.7,723042
2021-06-22 09:58:08,2531.7,723042
2021-06-22 09:58:09,2531.7,723042
2021-06-22 09:58:11,2531.7,723114
2021-06-22 09:58:12,2531.7,723114
2021-06-22 09:58:13,2531.3,723120
2021-06-22 09:58:14,2531.3,723120
2021-06-22 09:58:15,2531.3,723120
2021-06-22 09:58:16,2531.3,723120
2021-06-22 09:58:17,2531.3,723120
2021-06-22 09:58:18,2531.65,723155
2021-06-22 09:58:19,2531.6,723370
2021-06-22 09:58:20,2531.6,723370
2021-06-22 09:58:21,2531.6,723370
2021-06-22 09:58:23,2531.6,723395
2021-06-22 09:58:24,2531.6,723395
2021-06-22 09:58:25,2531.6,723441
2021-06-22 09:58:26,2531.6,723711
2021-06-22 09:58:28,2531.6,723789
2021-06-22 09:58:27,2531.6,723789
2021-06-22 09:58:29,2531.65,723831
2021-06-22 09:58:30,2531.65,723930
2021-06-22 09:58:31,2531.6,723935
2021-06-22 09:58:32,2531.65,723965
2021-06-22 09:58:33,2531.65,723965
2021-06-22 09:58:34,2531.5,723967
2021-06-22 09:58:35,2531.5,724067
2021-06-22 09:58:36,2531.5,724067
2021-06-22 09:58:37,2531.65,724075
2021-06-22 09:58:38,2531.65,724075
2021-06-22 09:58:39,2531.5,724185
2021-06-22 09:58:40,2531.55,724188
2021-06-22 09:58:41,2531.55,724188
2021-06-22 09:58:42,2531.5,725084
2021-06-22 09:58:43,2531.5,725263
2021-06-22 09:58:44,2531.5,725271
2021-06-22 09:58:45,2531.5,725271
2021-06-22 09:58:46,2531.75,725857
2021-06-22 09:58:47,2531.65,725987
2021-06-22 09:58:48,2531.55,725993
2021-06-22 09:58:50,2531.55,726748
2021-06-22 09:58:49,2531.55,726748
2021-06-22 09:58:51,2531.55,726748
2021-06-22 09:58:52,2531.55,726748
2021-06-22 09:58:53,2531.5,726778
2021-06-22 09:58:54,2531.5,726778
2021-06-22 09:58:55,2531.5,726783
2021-06-22 09:58:56,2531.5,726783
2021-06-22 09:58:57,2531.3,726833
2021-06-22 09:58:58,2531.5,726908
2021-06-22 09:58:59,2531.3,726914
2021-06-22 09:59:00,2531.3,726979
2021-06-22 09:59:01,2531.3,726979
2021-06-22 09:59:02,2531.3,726979
2021-06-22 09:59:03,2531.3,726979
2021-06-22 09:59:04,2531.4,726985
2021-06-22 09:59:05,2531.4,727032
2021-06-22 09:59:06,2531.4,727032
2021-06-22 09:59:07,2531.45,727044
2021-06-22 09:59:09,2531.4,727083
2021-06-22 09:59:09,2531.4,727083
2021-06-22 09:59:10,2531.6,727097
2021-06-22 09:59:11,2531.6,727097
2021-06-22 09:59:12,2531.45,727104
2021-06-22 09:59:14,2531.5,727128
2021-06-22 09:59:14,2531.5,727128
2021-06-22 09:59:15,2531.5,727348
2021-06-22 09:59:16,2531.5,727348
2021-06-22 09:59:17,2531.45,727398
2021-06-22 09:59:18,2531.4,727408
2021-06-22 09:59:20,2531.3,727422
2021-06-22 09:59:20,2531.55,727504
2021-06-22 09:59:21,2531.55,727504
2021-06-22 09:59:22,2531.55,727504
2021-06-22 09:59:23,2531.3,727582
2021-06-22 09:59:25,2531.3,727582
2021-06-22 09:59:25,2531.3,727582
2021-06-22 09:59:26,2531.55,727585
2021-06-22 09:59:27,2531.55,727585
2021-06-22 09:59:28,2531.3,727635
2021-06-22 09:59:29,2531.55,727637
2021-06-22 09:59:30,2531.55,727637
2021-06-22 09:59:31,2531.3,727643
2021-06-22 09:59:32,2531.3,727780
2021-06-22 09:59:34,2531.05,727838
2021-06-22 09:59:35,2531.05,727969
2021-06-22 09:59:36,2531.05,727969
2021-06-22 09:59:37,2531.05,727969
2021-06-22 09:59:38,2531.0,727976
2021-06-22 09:59:39,2531.0,727976
2021-06-22 09:59:41,2531.0,727976
2021-06-22 09:59:42,2531.0,727976
2021-06-22 09:59:42,2531.0,727981
2021-06-22 09:59:43,2531.05,727983
2021-06-22 09:59:45,2531.05,728028
2021-06-22 09:59:46,2531.05,728028
2021-06-22 09:59:48,2531.05,728028
2021-06-22 09:59:48,2531.05,728028
2021-06-22 09:59:50,2530.9,728267
2021-06-22 09:59:51,2531.05,729076
2021-06-22 09:59:52,2531.05,729076
2021-06-22 09:59:53,2531.05,729076
2021-06-22 09:59:55,2531.05,729076
2021-06-22 09:59:56,2531.05,729076
2021-06-22 09:59:57,2531.05,729076
2021-06-22 09:59:57,2531.05,729078
2021-06-22 09:59:58,2531.55,729183
2021-06-22 09:59:59,2531.55,729183
2021-06-22 10:00:02,2531.55,729183
2021-06-22 10:00:02,2531.55,729183
2021-06-22 10:00:03,2531.05,729284
2021-06-22 10:00:05,2531.3,729354
2021-06-22 10:00:06,2531.3,729354
2021-06-22 10:00:07,2531.3,729354
2021-06-22 10:00:08,2531.25,729355
2021-06-22 10:00:09,2531.05,729388
2021-06-22 10:00:11,2531.1,729396
2021-06-22 10:00:11,2531.1,729396
2021-06-22 10:00:12,2531.1,729396
2021-06-22 10:00:13,2531.05,729406
2021-06-22 10:00:14,2531.05,729406
2021-06-22 10:00:15,2531.05,729414
2021-06-22 10:00:16,2531.05,729432
2021-06-22 10:00:18,2531.15,730024
2021-06-22 10:00:20,2531.15,730032
2021-06-22 10:00:20,2531.0,730040
2021-06-22 10:00:22,2531.15,730175
2021-06-22 10:00:22,2531.15,730175
2021-06-22 10:00:23,2531.15,730175
2021-06-22 10:00:24,2531.15,730175
2021-06-22 10:00:26,2531.15,730175
2021-06-22 10:00:28,2531.0,730249
2021-06-22 10:00:29,2531.15,730299
2021-06-22 10:00:30,2530.9,730398
2021-06-22 10:00:30,2531.0,730399
2021-06-22 10:00:31,2531.0,730399
2021-06-22 10:00:32,2531.0,730399
2021-06-22 10:00:33,2531.15,730536
2021-06-22 10:00:34,2531.15,730536
2021-06-22 10:00:36,2531.15,731408
2021-06-22 10:00:36,2532.0,731845
2021-06-22 10:00:37,2531.15,731895
2021-06-22 10:00:38,2532.0,732070
2021-06-22 10:00:39,2532.0,732114
2021-06-22 10:00:40,2532.0,732114
2021-06-22 10:00:41,2531.35,732125
2021-06-22 10:00:42,2531.35,732160
2021-06-22 10:00:44,2531.85,732169
2021-06-22 10:00:44,2531.85,732169
2021-06-22 10:00:45,2531.85,732169
2021-06-22 10:00:46,2531.85,732180
2021-06-22 10:00:47,2531.35,732181
2021-06-22 10:00:48,2531.35,732181
2021-06-22 10:00:49,2531.35,732181
2021-06-22 10:00:50,2531.85,732339
2021-06-22 10:00:51,2531.85,732341
2021-06-22 10:00:52,2531.85,732342
2021-06-22 10:00:53,2531.85,732342
2021-06-22 10:00:55,2532.05,733455
2021-06-22 10:00:55,2532.7,733643
2021-06-22 10:00:57,2532.3,733653
2021-06-22 10:00:58,2532.3,733653
2021-06-22 10:00:59,2532.3,733653
2021-06-22 10:00:59,2532.3,733653
2021-06-22 10:01:01,2532.3,733663
2021-06-22 10:01:01,2532.3,733663
2021-06-22 10:01:02,2532.3,733723
2021-06-22 10:01:03,2532.8,733743
2021-06-22 10:01:04,2532.8,733743
2021-06-22 10:01:05,2532.65,733836
2021-06-22 10:01:06,2532.6,733844
2021-06-22 10:01:07,2532.55,733884
2021-06-22 10:01:09,2532.3,734148
2021-06-22 10:01:09,2532.3,734148
2021-06-22 10:01:10,2532.3,734226
2021-06-22 10:01:11,2532.75,734426
2021-06-22 10:01:12,2532.5,734652
2021-06-22 10:01:13,2532.5,734790
2021-06-22 10:01:15,2532.5,734841
2021-06-22 10:01:15,2532.5,734841
2021-06-22 10:01:16,2532.2,735441
2021-06-22 10:01:19,2531.0,736475
2021-06-22 10:01:20,2531.35,736775
2021-06-22 10:01:20,2531.35,736775
2021-06-22 10:01:21,2531.4,736785
2021-06-22 10:01:22,2531.4,736835
2021-06-22 10:01:26,2531.4,736890
2021-06-22 10:01:27,2532.25,736892
2021-06-22 10:01:28,2532.25,736892
2021-06-22 10:01:28,2532.25,736892
2021-06-22 10:01:29,2532.25,736892
2021-06-22 10:01:30,2532.5,736945
2021-06-22 10:01:32,2532.5,736975
2021-06-22 10:01:33,2532.5,736979
2021-06-22 10:01:34,2532.5,736979
2021-06-22 10:01:34,2532.5,736980
2021-06-22 10:01:35,2532.5,736980
2021-06-22 10:01:36,2532.5,737030
2021-06-22 10:01:37,2532.5,737040
2021-06-22 10:01:38,2532.5,737040
2021-06-22 10:01:39,2532.5,737090
2021-06-22 10:01:41,2532.5,737099
2021-06-22 10:01:42,2532.25,737122
2021-06-22 10:01:42,2532.25,737122
2021-06-22 10:01:43,2532.75,737242
2021-06-22 10:01:44,2532.25,737243
2021-06-22 10:01:45,2532.25,737245
2021-06-22 10:01:46,2532.25,737270
2021-06-22 10:01:49,2532.75,737275
2021-06-22 10:01:50,2533.4,737622
2021-06-22 10:01:51,2533.4,738508
2021-06-22 10:01:54,2533.4,738508
2021-06-22 10:01:55,2533.4,738508
2021-06-22 10:01:56,2533.05,738809
2021-06-22 10:01:58,2534.05,738918
2021-06-22 10:01:59,2533.8,738928
2021-06-22 10:02:00,2533.65,739050
2021-06-22 10:02:02,2533.65,739050
2021-06-22 10:02:03,2533.1,739219
2021-06-22 10:02:03,2533.1,739219
2021-06-22 10:02:04,2533.1,739219
2021-06-22 10:02:05,2533.5,739220
2021-06-22 10:02:07,2533.15,739240
2021-06-22 10:02:08,2533.15,739240
2021-06-22 10:02:09,2533.55,739595
2021-06-22 10:02:09,2533.55,739595
2021-06-22 10:02:10,2533.95,739712
2021-06-22 10:02:11,2533.95,739712
2021-06-22 10:02:12,2533.95,739817
2021-06-22 10:02:14,2533.95,739817
2021-06-22 10:02:15,2533.95,740155
2021-06-22 10:02:16,2535.0,740188
2021-06-22 10:02:17,2535.0,740189
2021-06-22 10:02:18,2535.0,740189
2021-06-22 10:02:19,2535.0,740189
2021-06-22 10:02:20,2534.25,740289
2021-06-22 10:02:21,2534.95,740305
2021-06-22 10:02:22,2534.95,740305
2021-06-22 10:02:22,2534.95,740305
2021-06-22 10:02:23,2534.9,740360
2021-06-22 10:02:24,2534.9,740360
2021-06-22 10:02:25,2535.0,741080
2021-06-22 10:02:27,2535.1,741194
2021-06-22 10:02:28,2535.3,741494
2021-06-22 10:02:29,2535.3,741494
2021-06-22 10:02:30,2535.4,741613
2021-06-22 10:02:30,2535.0,741614
2021-06-22 10:02:33,2535.3,741630
2021-06-22 10:02:34,2535.0,741992
2021-06-22 10:02:36,2534.75,742032
2021-06-22 10:02:37,2535.0,742212
2021-06-22 10:02:38,2535.0,742212
2021-06-22 10:02:39,2534.75,742213
2021-06-22 10:02:39,2534.75,742213
2021-06-22 10:02:40,2534.75,742213
2021-06-22 10:02:41,2535.0,742243
2021-06-22 10:02:42,2535.0,742243
2021-06-22 10:02:44,2534.75,742251
2021-06-22 10:02:45,2534.85,742259
2021-06-22 10:02:46,2534.75,742272
2021-06-22 10:02:46,2534.85,742267
2021-06-22 10:02:47,2534.75,742332
2021-06-22 10:02:48,2534.75,742332
2021-06-22 10:02:49,2535.0,742573
2021-06-22 10:02:50,2535.0,742573
2021-06-22 10:02:52,2534.65,742955
2021-06-22 10:02:53,2534.75,743794
2021-06-22 10:02:53,2534.75,743819
2021-06-22 10:02:54,2535.45,744080
2021-06-22 10:02:56,2535.45,744080
2021-06-22 10:02:58,2535.45,744080
2021-06-22 10:02:59,2535.45,744080
2021-06-22 10:03:00,2535.45,744230
2021-06-22 10:03:00,2535.45,744230
2021-06-22 10:03:01,2535.0,744301
2021-06-22 10:03:02,2535.0,744301
2021-06-22 10:03:03,2535.0,744301
2021-06-22 10:03:04,2534.9,744901
2021-06-22 10:03:05,2533.75,745809
2021-06-22 10:03:06,2533.25,745942
2021-06-22 10:03:07,2534.1,745957
2021-06-22 10:03:08,2534.1,745957
2021-06-22 10:03:10,2534.1,745957
2021-06-22 10:03:11,2533.3,745959
2021-06-22 10:03:12,2534.2,745960
2021-06-22 10:03:13,2534.2,745960
2021-06-22 10:03:14,2534.2,745960
2021-06-22 10:03:14,2534.2,745960
2021-06-22 10:03:15,2534.1,745965
2021-06-22 10:03:16,2534.1,745965
2021-06-22 10:03:17,2534.1,745965
2021-06-22 10:03:18,2533.3,746480
2021-06-22 10:03:19,2534.2,746626
2021-06-22 10:03:21,2534.45,746728
2021-06-22 10:03:23,2533.3,746784
2021-06-22 10:03:23,2533.3,746784
2021-06-22 10:03:26,2533.3,746831
2021-06-22 10:03:27,2533.3,746831
2021-06-22 10:03:28,2533.3,746866
2021-06-22 10:03:29,2533.3,746908
2021-06-22 10:03:30,2533.3,746908
2021-06-22 10:03:32,2533.3,746958
2021-06-22 10:03:32,2533.3,746958
2021-06-22 10:03:33,2533.3,746958
2021-06-22 10:03:36,2533.85,747010
2021-06-22 10:03:37,2533.85,747011
2021-06-22 10:03:37,2533.85,747011
2021-06-22 10:03:38,2533.85,747013
2021-06-22 10:03:41,2533.85,747167
2021-06-22 10:03:42,2533.6,747171
2021-06-22 10:03:43,2533.6,747171
2021-06-22 10:03:45,2533.6,747171
2021-06-22 10:03:46,2533.6,747171
2021-06-22 10:03:47,2533.6,747171
2021-06-22 10:03:48,2533.9,747196
2021-06-22 10:03:49,2533.6,747471
2021-06-22 10:03:50,2533.85,747650
2021-06-22 10:03:51,2533.6,747655
2021-06-22 10:03:52,2533.8,747789
2021-06-22 10:03:53,2533.6,747814
2021-06-22 10:03:54,2533.6,747814
2021-06-22 10:03:55,2533.65,747914
2021-06-22 10:03:56,2534.0,748114
2021-06-22 10:03:58,2533.65,748133
2021-06-22 10:03:59,2534.05,748191
2021-06-22 10:04:00,2533.65,748231
2021-06-22 10:04:01,2533.65,748231
2021-06-22 10:04:01,2533.65,748231
2021-06-22 10:04:02,2534.05,748241
2021-06-22 10:04:03,2533.65,748261
2021-06-22 10:04:04,2533.65,748261
2021-06-22 10:04:06,2534.0,748278
2021-06-22 10:04:07,2534.0,748278
2021-06-22 10:04:08,2534.0,748283
2021-06-22 10:04:09,2534.0,748291
2021-06-22 10:04:12,2534.05,748366
2021-06-22 10:04:13,2534.05,748366
2021-06-22 10:04:14,2535.0,748499
2021-06-22 10:04:14,2535.0,748499
2021-06-22 10:04:15,2535.0,748528
2021-06-22 10:04:16,2534.05,748530
2021-06-22 10:04:18,2534.05,748548
2021-06-22 10:04:19,2534.05,748548
2021-06-22 10:04:20,2534.05,748548
2021-06-22 10:04:21,2534.8,748749
2021-06-22 10:04:22,2534.0,748849
2021-06-22 10:04:23,2534.8,749001
2021-06-22 10:04:24,2534.8,749001
2021-06-22 10:04:25,2534.8,749001
2021-06-22 10:04:25,2534.8,749086
2021-06-22 10:04:26,2534.8,749086
2021-06-22 10:04:27,2534.8,749086
2021-06-22 10:04:29,2535.0,749286
2021-06-22 10:04:30,2535.0,749286
2021-06-22 10:04:31,2534.05,749313
2021-06-22 10:04:32,2534.05,749313
2021-06-22 10:04:33,2534.7,749413
2021-06-22 10:04:33,2534.7,749413
2021-06-22 10:04:34,2534.0,749624
2021-06-22 10:04:36,2533.85,749655
2021-06-22 10:04:37,2534.0,749768
2021-06-22 10:04:38,2534.0,749798
2021-06-22 10:04:39,2533.9,749805
2021-06-22 10:04:40,2533.9,749810
2021-06-22 10:04:41,2534.0,749811
2021-06-22 10:04:42,2534.0,749811
2021-06-22 10:04:42,2534.0,749811
2021-06-22 10:04:43,2534.0,749911
2021-06-22 10:04:44,2534.0,749916
2021-06-22 10:04:46,2533.85,750047
2021-06-22 10:04:47,2533.85,750094
2021-06-22 10:04:48,2533.85,750271
2021-06-22 10:04:48,2533.85,750271
2021-06-22 10:04:50,2535.0,756327
2021-06-22 10:04:52,2535.0,757250
2021-06-22 10:04:53,2536.3,757466
2021-06-22 10:04:54,2536.3,757547
2021-06-22 10:04:55,2536.3,757602
2021-06-22 10:04:55,2536.3,757602
2021-06-22 10:04:57,2536.05,759230
2021-06-22 10:04:59,2536.05,759287
2021-06-22 10:05:00,2536.05,759292
2021-06-22 10:05:01,2536.05,759292
2021-06-22 10:05:03,2536.35,759711
2021-06-22 10:05:04,2536.75,759821
2021-06-22 10:05:05,2536.1,760018
2021-06-22 10:05:06,2535.7,760080
2021-06-22 10:05:08,2536.55,760231
2021-06-22 10:05:09,2536.0,760246
2021-06-22 10:05:10,2536.45,760367
2021-06-22 10:05:11,2535.7,760431
2021-06-22 10:05:11,2535.0,760473
2021-06-22 10:05:12,2535.0,760473
2021-06-22 10:05:14,2535.15,760496
2021-06-22 10:05:16,2535.15,760528
2021-06-22 10:05:17,2535.95,760551
2021-06-22 10:05:18,2535.95,760551
2021-06-22 10:05:19,2535.0,761267
2021-06-22 10:05:20,2535.15,761325
2021-06-22 10:05:21,2535.0,761446
2021-06-22 10:05:23,2535.25,761539
2021-06-22 10:05:24,2535.15,761681
2021-06-22 10:05:25,2535.15,761813
2021-06-22 10:05:26,2535.15,761814
2021-06-22 10:05:27,2535.95,762102
2021-06-22 10:05:28,2535.95,762102
2021-06-22 10:05:28,2536.0,762103
2021-06-22 10:05:29,2536.0,762166
2021-06-22 10:05:30,2535.25,762186
2021-06-22 10:05:31,2535.75,762233
2021-06-22 10:05:32,2535.0,765763
2021-06-22 10:05:33,2535.0,767382
2021-06-22 10:05:35,2535.0,768217
2021-06-22 10:05:36,2535.7,769276
2021-06-22 10:05:37,2535.75,769389
2021-06-22 10:05:38,2535.8,769735
2021-06-22 10:05:38,2535.8,769735
2021-06-22 10:05:40,2535.1,769828
2021-06-22 10:05:41,2535.1,769847
2021-06-22 10:05:42,2535.1,769847
2021-06-22 10:05:43,2535.15,769895
2021-06-22 10:05:44,2535.7,770338
2021-06-22 10:05:45,2535.0,770925
2021-06-22 10:05:47,2534.7,770985
2021-06-22 10:05:48,2534.7,770991
2021-06-22 10:05:49,2534.7,770991
2021-06-22 10:05:50,2535.0,770993
2021-06-22 10:05:52,2535.0,771014
2021-06-22 10:05:53,2535.0,771019
2021-06-22 10:05:55,2534.75,771029
2021-06-22 10:05:55,2534.75,771029
2021-06-22 10:05:56,2534.75,771041
2021-06-22 10:05:58,2534.75,771041
2021-06-22 10:05:59,2534.75,771041
2021-06-22 10:06:00,2535.0,771234
2021-06-22 10:06:01,2534.75,771419
2021-06-22 10:06:02,2534.75,771419
2021-06-22 10:06:02,2534.75,771419
2021-06-22 10:06:04,2534.75,771569
2021-06-22 10:06:05,2534.75,771602
2021-06-22 10:06:06,2534.75,771655
2021-06-22 10:06:07,2534.75,771655
2021-06-22 10:06:09,2535.0,771676
2021-06-22 10:06:11,2534.2,771726
2021-06-22 10:06:13,2534.75,771731
2021-06-22 10:06:14,2534.75,771731
2021-06-22 10:06:15,2534.2,771781
2021-06-22 10:06:15,2534.2,771781
2021-06-22 10:06:17,2534.75,771786
2021-06-22 10:06:18,2534.75,771786
2021-06-22 10:06:19,2534.75,771786
2021-06-22 10:06:20,2534.55,771789
2021-06-22 10:06:22,2534.55,771820
2021-06-22 10:06:23,2534.55,771834
2021-06-22 10:06:23,2534.55,771834
2021-06-22 10:06:24,2534.55,771834
2021-06-22 10:06:26,2534.55,771879
2021-06-22 10:06:27,2534.75,771887
2021-06-22 10:06:28,2534.55,771900
2021-06-22 10:06:30,2534.75,772584
2021-06-22 10:06:32,2534.75,772684
2021-06-22 10:06:34,2534.7,772864
2021-06-22 10:06:35,2534.7,772865
2021-06-22 10:06:37,2534.0,773693
2021-06-22 10:06:38,2533.7,773760
2021-06-22 10:06:40,2533.7,773851
2021-06-22 10:06:41,2533.7,773851
2021-06-22 10:06:42,2533.7,773851
2021-06-22 10:06:43,2533.7,773851
2021-06-22 10:06:43,2533.95,773901
2021-06-22 10:06:45,2533.95,773901
2021-06-22 10:06:46,2533.5,774106
2021-06-22 10:06:47,2533.45,774109
2021-06-22 10:06:48,2533.5,774505
2021-06-22 10:06:49,2533.45,774532
2021-06-22 10:06:49,2533.95,774627
2021-06-22 10:06:51,2533.95,774677
2021-06-22 10:06:52,2533.95,774677
2021-06-22 10:06:53,2533.95,774677
2021-06-22 10:06:54,2533.5,774681
2021-06-22 10:06:54,2533.5,774681
2021-06-22 10:06:56,2533.45,774884
2021-06-22 10:06:57,2533.45,774900
2021-06-22 10:06:58,2533.45,774900
2021-06-22 10:06:59,2533.45,774900
2021-06-22 10:07:00,2533.45,774900
2021-06-22 10:07:01,2533.9,775100
2021-06-22 10:07:02,2533.9,775335
2021-06-22 10:07:03,2533.45,775345
2021-06-22 10:07:04,2533.45,775346
2021-06-22 10:07:05,2533.5,775399
2021-06-22 10:07:06,2533.9,775484
2021-06-22 10:07:07,2533.5,775504
2021-06-22 10:07:08,2533.8,775823
2021-06-22 10:07:10,2533.5,776104
2021-06-22 10:07:11,2533.65,776232
2021-06-22 10:07:12,2533.65,776232
2021-06-22 10:07:13,2533.0,776677
2021-06-22 10:07:14,2532.5,776698
2021-06-22 10:07:15,2533.0,776845
2021-06-22 10:07:15,2533.0,776845
2021-06-22 10:07:17,2532.35,776861
2021-06-22 10:07:18,2533.0,776895
2021-06-22 10:07:19,2533.0,777419
2021-06-22 10:07:20,2533.8,777424
2021-06-22 10:07:21,2533.0,777591
2021-06-22 10:07:21,2533.0,777591
2021-06-22 10:07:23,2533.0,777598
2021-06-22 10:07:24,2533.0,777608
2021-06-22 10:07:25,2533.8,777627
2021-06-22 10:07:26,2533.8,777629
2021-06-22 10:07:27,2534.0,779109
2021-06-22 10:07:29,2534.7,780166
2021-06-22 10:07:30,2533.9,780177
2021-06-22 10:07:31,2535.0,780178
2021-06-22 10:07:32,2535.0,780178
2021-06-22 10:07:33,2535.0,780178
2021-06-22 10:07:35,2534.9,780240
2021-06-22 10:07:36,2534.0,780253
2021-06-22 10:07:37,2534.65,780334
2021-06-22 10:07:38,2534.0,780345
2021-06-22 10:07:39,2534.0,780345
2021-06-22 10:07:41,2534.3,780748
2021-06-22 10:07:42,2534.3,780789
2021-06-22 10:07:43,2534.3,780792
2021-06-22 10:07:44,2534.65,780797
2021-06-22 10:07:45,2534.55,780802
2021-06-22 10:07:46,2534.3,780803
2021-06-22 10:07:47,2534.3,780803
2021-06-22 10:07:48,2534.3,780814
2021-06-22 10:07:49,2534.5,780817
2021-06-22 10:07:50,2534.5,781042
2021-06-22 10:07:51,2534.3,781043
2021-06-22 10:07:52,2534.5,781313
2021-06-22 10:07:53,2534.9,781956
2021-06-22 10:07:54,2534.95,782301
2021-06-22 10:07:55,2535.0,782385
2021-06-22 10:07:56,2534.7,782872
2021-06-22 10:07:57,2534.95,783062
2021-06-22 10:07:59,2535.5,783348
2021-06-22 10:07:58,2535.5,783348
2021-06-22 10:08:00,2535.5,783482
2021-06-22 10:08:01,2535.5,783782
2021-06-22 10:08:02,2535.6,783854
2021-06-22 10:08:03,2536.35,785347
2021-06-22 10:08:04,2535.75,785428
2021-06-22 10:08:05,2536.65,785460
2021-06-22 10:08:07,2536.6,785776
2021-06-22 10:08:08,2536.65,785780
2021-06-22 10:08:09,2536.65,785780
2021-06-22 10:08:10,2535.75,785820
2021-06-22 10:08:11,2535.75,785820
2021-06-22 10:08:12,2535.85,785835
2021-06-22 10:08:13,2535.85,785835
2021-06-22 10:08:14,2535.85,785835
2021-06-22 10:08:16,2535.9,785972
2021-06-22 10:08:18,2535.9,786019
2021-06-22 10:08:20,2536.3,786085
2021-06-22 10:08:19,2536.3,786021
2021-06-22 10:08:21,2536.35,786638
2021-06-22 10:08:22,2536.3,787079
2021-06-22 10:08:23,2536.65,788090
2021-06-22 10:08:24,2536.6,788535
2021-06-22 10:08:25,2536.55,788691
2021-06-22 10:08:26,2536.6,788729
2021-06-22 10:08:27,2536.6,788731
2021-06-22 10:08:28,2536.6,788731
2021-06-22 10:08:29,2536.6,788731
2021-06-22 10:08:30,2536.4,788776
2021-06-22 10:08:31,2536.4,788776
2021-06-22 10:08:32,2536.55,789094
2021-06-22 10:08:33,2536.5,789349
2021-06-22 10:08:34,2536.4,789356
2021-06-22 10:08:35,2536.3,790184
2021-06-22 10:08:36,2536.3,790218
2021-06-22 10:08:37,2536.5,790311
2021-06-22 10:08:38,2536.5,790311
2021-06-22 10:08:39,2536.5,790311
2021-06-22 10:08:41,2536.95,790536
2021-06-22 10:08:42,2536.5,790586
2021-06-22 10:08:43,2536.5,790586
2021-06-22 10:08:44,2536.5,790591
2021-06-22 10:08:45,2536.95,790612
2021-06-22 10:08:46,2536.5,790617
2021-06-22 10:08:47,2536.5,791147
2021-06-22 10:08:48,2536.5,791173
2021-06-22 10:08:49,2536.5,791173
2021-06-22 10:08:50,2536.4,791705
2021-06-22 10:08:51,2536.4,791705
2021-06-22 10:08:52,2536.4,791751
2021-06-22 10:08:53,2536.4,791751
2021-06-22 10:08:54,2536.5,791756
2021-06-22 10:08:55,2536.4,791776
2021-06-22 10:08:56,2536.5,792538
2021-06-22 10:08:57,2536.5,792539
2021-06-22 10:08:58,2536.5,793040
2021-06-22 10:08:59,2536.5,793040
2021-06-22 10:09:01,2536.5,793179
2021-06-22 10:09:02,2536.5,793179
2021-06-22 10:09:03,2536.9,793189
2021-06-22 10:09:04,2536.9,793189
2021-06-22 10:09:05,2536.5,793505
2021-06-22 10:09:06,2536.5,793605
2021-06-22 10:09:07,2536.95,793973
2021-06-22 10:09:08,2537.05,794125
2021-06-22 10:09:09,2537.05,794125
2021-06-22 10:09:10,2537.05,794125
2021-06-22 10:09:11,2536.5,794531
2021-06-22 10:09:12,2536.5,794619
2021-06-22 10:09:13,2536.5,794818
2021-06-22 10:09:14,2536.5,794818
2021-06-22 10:09:15,2536.5,794818
2021-06-22 10:09:16,2536.5,794818
2021-06-22 10:09:17,2536.4,795235
2021-06-22 10:09:18,2536.5,795237
