timestamp,ltp,volume
2021-06-22 09:16:45,370.65,236974
2021-06-22 09:16:46,370.8,237542
2021-06-22 09:16:47,370.8,238363
2021-06-22 09:16:48,370.8,239670
2021-06-22 09:16:49,370.8,239832
2021-06-22 09:16:50,370.8,239945
2021-06-22 09:16:51,370.9,246020
2021-06-22 09:16:52,370.85,247943
2021-06-22 09:16:53,370.95,248201
2021-06-22 09:16:54,371.0,249813
2021-06-22 09:16:56,371.25,261538
2021-06-22 09:16:57,371.1,261792
2021-06-22 09:16:58,371.1,262379
2021-06-22 09:17:00,371.25,262577
2021-06-22 09:16:59,371.25,262381
2021-06-22 09:17:01,371.2,262589
2021-06-22 09:17:02,371.25,265377
2021-06-22 09:17:03,371.25,265465
2021-06-22 09:17:04,371.3,266491
2021-06-22 09:17:05,371.05,267586
2021-06-22 09:17:06,371.3,271230
2021-06-22 09:17:07,371.35,271376
2021-06-22 09:17:08,371.35,271452
2021-06-22 09:17:09,371.25,271477
2021-06-22 09:17:10,371.25,272605
2021-06-22 09:17:12,371.25,273625
2021-06-22 09:17:12,371.25,273625
2021-06-22 09:17:13,371.35,275373
2021-06-22 09:17:14,371.35,276054
2021-06-22 09:17:15,371.35,276320
2021-06-22 09:17:16,371.35,276454
2021-06-22 09:17:17,371.35,281717
2021-06-22 09:17:18,371.35,283544
2021-06-22 09:17:19,371.35,285949
2021-06-22 09:17:20,371.3,286803
2021-06-22 09:17:21,371.3,287556
2021-06-22 09:17:22,371.2,289311
2021-06-22 09:17:23,371.3,292082
2021-06-22 09:17:24,371.3,292440
2021-06-22 09:17:26,371.25,294353
2021-06-22 09:17:27,371.2,294848
2021-06-22 09:17:28,371.25,296699
2021-06-22 09:17:29,371.2,296704
2021-06-22 09:17:30,371.0,297297
2021-06-22 09:17:31,371.1,298034
2021-06-22 09:17:32,370.95,308410
2021-06-22 09:17:33,371.0,309768
2021-06-22 09:17:34,371.0,310366
2021-06-22 09:17:35,370.85,310582
2021-06-22 09:17:37,371.05,311792
2021-06-22 09:17:38,371.0,312796
2021-06-22 09:17:38,371.1,313002
2021-06-22 09:17:39,371.0,313932
2021-06-22 09:17:40,371.0,314029
2021-06-22 09:17:42,370.8,320204
2021-06-22 09:17:42,370.95,320207
2021-06-22 09:17:43,370.95,320337
2021-06-22 09:17:45,370.9,320882
2021-06-22 09:17:45,370.8,320993
2021-06-22 09:17:47,370.75,322259
2021-06-22 09:17:48,370.6,324216
2021-06-22 09:17:49,370.55,324927
2021-06-22 09:17:50,370.6,324936
2021-06-22 09:17:51,370.55,325266
2021-06-22 09:17:52,370.6,327177
2021-06-22 09:17:53,370.85,329489
2021-06-22 09:17:54,370.7,329607
2021-06-22 09:17:55,370.55,329874
2021-06-22 09:17:56,370.65,330332
2021-06-22 09:17:57,370.7,331114
2021-06-22 09:17:58,370.7,331170
2021-06-22 09:17:59,370.7,331211
2021-06-22 09:18:00,370.65,336812
2021-06-22 09:18:01,370.55,336941
2021-06-22 09:18:03,370.8,344027
2021-06-22 09:18:03,370.75,344077
2021-06-22 09:18:04,370.6,344196
2021-06-22 09:18:05,370.6,344211
2021-06-22 09:18:06,370.7,345248
2021-06-22 09:18:07,370.5,347400
2021-06-22 09:18:09,370.25,353878
2021-06-22 09:18:10,370.45,353892
2021-06-22 09:18:11,370.45,354462
2021-06-22 09:18:12,370.3,354465
2021-06-22 09:18:13,370.3,356928
2021-06-22 09:18:15,370.3,356977
2021-06-22 09:18:15,370.15,357250
2021-06-22 09:18:17,370.3,359347
2021-06-22 09:18:17,370.4,359356
2021-06-22 09:18:18,370.2,359707
2021-06-22 09:18:19,370.15,360684
2021-06-22 09:18:20,370.3,360709
2021-06-22 09:18:21,370.25,360860
2021-06-22 09:18:22,370.25,361744
2021-06-22 09:18:23,370.25,363220
2021-06-22 09:18:24,370.2,363274
2021-06-22 09:18:25,370.15,364076
2021-06-22 09:18:26,370.0,364405
2021-06-22 09:18:27,370.0,382626
2021-06-22 09:18:29,370.05,384047
2021-06-22 09:18:28,370.1,383868
2021-06-22 09:18:30,370.1,384513
2021-06-22 09:18:31,369.95,384644
2021-06-22 09:18:32,369.9,384926
2021-06-22 09:18:33,369.8,385377
2021-06-22 09:18:34,369.8,391124
2021-06-22 09:18:35,369.8,391187
2021-06-22 09:18:36,369.8,391268
2021-06-22 09:18:39,370.0,392622
2021-06-22 09:18:40,370.1,405839
2021-06-22 09:18:40,369.9,405870
2021-06-22 09:18:41,370.05,406117
2021-06-22 09:18:42,369.85,406234
2021-06-22 09:18:43,370.0,406361
2021-06-22 09:18:44,370.1,406768
2021-06-22 09:18:45,369.85,407969
2021-06-22 09:18:47,369.9,408376
2021-06-22 09:18:48,369.9,410785
2021-06-22 09:18:48,370.1,418761
2021-06-22 09:18:49,370.05,418879
2021-06-22 09:18:50,370.1,423621
2021-06-22 09:18:51,370.1,423722
2021-06-22 09:18:52,370.05,423982
2021-06-22 09:18:53,370.0,426109
2021-06-22 09:18:54,370.1,426784
2021-06-22 09:18:55,370.1,426786
2021-06-22 09:18:57,370.1,428146
2021-06-22 09:18:58,370.1,428857
2021-06-22 09:18:58,369.95,428851
2021-06-22 09:18:59,370.0,429121
2021-06-22 09:19:01,370.0,429631
2021-06-22 09:19:01,370.0,429773
2021-06-22 09:19:03,369.95,430199
2021-06-22 09:19:04,370.0,430410
2021-06-22 09:19:05,370.1,440017
2021-06-22 09:19:06,370.1,440672
2021-06-22 09:19:07,370.1,440775
2021-06-22 09:19:08,370.0,442207
2021-06-22 09:19:09,369.95,442337
2021-06-22 09:19:10,370.1,443975
2021-06-22 09:19:11,370.1,444232
2021-06-22 09:19:12,370.1,444854
2021-06-22 09:19:13,370.1,445645
2021-06-22 09:19:15,369.9,447468
2021-06-22 09:19:16,369.85,451420
2021-06-22 09:19:16,369.85,451627
2021-06-22 09:19:17,369.8,453603
2021-06-22 09:19:18,369.8,454427
2021-06-22 09:19:19,369.9,455943
2021-06-22 09:19:21,369.8,456061
2021-06-22 09:19:22,369.8,456276
2021-06-22 09:19:23,369.6,458337
2021-06-22 09:19:24,369.8,458548
2021-06-22 09:19:24,369.8,458538
2021-06-22 09:19:26,369.8,459208
2021-06-22 09:19:27,369.8,459506
2021-06-22 09:19:29,369.7,460198
2021-06-22 09:19:30,369.6,460399
2021-06-22 09:19:33,369.6,461730
2021-06-22 09:19:34,369.75,461732
2021-06-22 09:19:35,369.75,462100
2021-06-22 09:19:36,369.55,463269
2021-06-22 09:19:38,369.55,465484
2021-06-22 09:19:39,369.6,465499
2021-06-22 09:19:40,369.6,465631
2021-06-22 09:19:41,369.6,465631
2021-06-22 09:19:42,369.7,465802
2021-06-22 09:19:43,369.7,466603
2021-06-22 09:19:44,369.7,466715
2021-06-22 09:19:46,369.7,467416
2021-06-22 09:19:47,369.55,467499
2021-06-22 09:19:48,369.65,467508
2021-06-22 09:19:49,369.7,467644
2021-06-22 09:19:50,369.7,468234
2021-06-22 09:19:50,369.6,468351
2021-06-22 09:19:51,369.65,468501
2021-06-22 09:19:52,369.6,468976
2021-06-22 09:19:53,369.6,469561
2021-06-22 09:19:54,369.6,470263
2021-06-22 09:19:55,369.65,470573
2021-06-22 09:19:57,369.65,471108
2021-06-22 09:19:59,369.65,471513
2021-06-22 09:20:01,369.7,474014
2021-06-22 09:20:02,369.6,474217
2021-06-22 09:20:02,369.7,475167
2021-06-22 09:20:03,369.7,475288
2021-06-22 09:20:04,369.6,475363
2021-06-22 09:20:05,369.7,475373
2021-06-22 09:20:06,369.7,475729
2021-06-22 09:20:07,369.7,476729
2021-06-22 09:20:08,369.55,477173
2021-06-22 09:20:09,369.7,478208
2021-06-22 09:20:10,369.55,485623
2021-06-22 09:20:11,369.6,485998
2021-06-22 09:20:13,369.6,486082
2021-06-22 09:20:14,369.65,486138
2021-06-22 09:20:14,369.65,486138
2021-06-22 09:20:16,369.65,486272
2021-06-22 09:20:16,369.65,486272
2021-06-22 09:20:17,369.65,486292
2021-06-22 09:20:18,369.65,486563
2021-06-22 09:20:19,369.65,486666
2021-06-22 09:20:20,369.6,487166
2021-06-22 09:20:21,369.65,487566
2021-06-22 09:20:22,369.65,487693
2021-06-22 09:20:23,369.55,487701
2021-06-22 09:20:24,369.6,487911
2021-06-22 09:20:25,369.6,487911
2021-06-22 09:20:26,369.6,488081
2021-06-22 09:20:27,369.6,488081
2021-06-22 09:20:28,369.55,489143
2021-06-22 09:20:29,369.55,490681
2021-06-22 09:20:30,369.4,492781
2021-06-22 09:20:31,369.55,493156
2021-06-22 09:20:32,369.55,493271
2021-06-22 09:20:33,369.4,493313
2021-06-22 09:20:34,369.45,493463
2021-06-22 09:20:35,369.6,493541
2021-06-22 09:20:36,369.6,495514
2021-06-22 09:20:37,369.6,495514
2021-06-22 09:20:38,369.6,496198
2021-06-22 09:20:39,369.6,496505
2021-06-22 09:20:40,369.6,496575
2021-06-22 09:20:42,369.6,497252
2021-06-22 09:20:43,369.5,502833
2021-06-22 09:20:44,369.3,503191
2021-06-22 09:20:44,369.3,503191
2021-06-22 09:20:45,369.5,503211
2021-06-22 09:20:46,369.5,503374
2021-06-22 09:20:48,369.5,503939
2021-06-22 09:20:49,369.4,504183
2021-06-22 09:20:49,369.4,504183
2021-06-22 09:20:50,369.4,504295
2021-06-22 09:20:51,369.5,504933
2021-06-22 09:20:53,369.45,505625
2021-06-22 09:20:53,369.45,505625
2021-06-22 09:20:55,369.45,505775
2021-06-22 09:20:57,369.45,506817
2021-06-22 09:20:58,369.45,506832
2021-06-22 09:20:59,369.45,506833
2021-06-22 09:21:01,369.3,507229
2021-06-22 09:21:01,369.3,507229
2021-06-22 09:21:02,369.3,507332
2021-06-22 09:21:03,369.4,507432
2021-06-22 09:21:05,369.4,507682
2021-06-22 09:21:06,369.4,507812
2021-06-22 09:21:08,369.45,518892
2021-06-22 09:21:09,369.35,519605
2021-06-22 09:21:10,369.3,520079
2021-06-22 09:21:11,369.35,522425
2021-06-22 09:21:11,369.35,522139
2021-06-22 09:21:12,369.35,523084
2021-06-22 09:21:13,369.4,523094
2021-06-22 09:21:14,369.4,523194
2021-06-22 09:21:16,369.4,523244
2021-06-22 09:21:17,369.3,523289
2021-06-22 09:21:18,369.35,523449
2021-06-22 09:21:19,369.45,524698
2021-06-22 09:21:20,369.45,526198
2021-06-22 09:21:21,369.5,531230
2021-06-22 09:21:22,369.5,531230
2021-06-22 09:21:23,369.55,531245
2021-06-22 09:21:25,369.55,531888
2021-06-22 09:21:26,369.65,539979
2021-06-22 09:21:27,369.65,540059
2021-06-22 09:21:28,369.65,540314
2021-06-22 09:21:29,369.65,540832
2021-06-22 09:21:30,369.65,550920
2021-06-22 09:21:31,369.65,552072
2021-06-22 09:21:31,369.65,552072
2021-06-22 09:21:32,369.65,552073
2021-06-22 09:21:33,369.65,552133
2021-06-22 09:21:35,369.65,552158
2021-06-22 09:21:36,369.65,552282
2021-06-22 09:21:37,369.65,552482
2021-06-22 09:21:37,369.65,552627
2021-06-22 09:21:38,369.65,553798
2021-06-22 09:21:39,369.6,553848
2021-06-22 09:21:40,369.65,554414
2021-06-22 09:21:41,369.65,554699
2021-06-22 09:21:42,369.65,554952
2021-06-22 09:21:43,369.65,555154
2021-06-22 09:21:44,369.65,556029
2021-06-22 09:21:46,369.65,556029
2021-06-22 09:21:46,369.65,556544
2021-06-22 09:21:49,369.65,565380
2021-06-22 09:21:50,369.65,566932
2021-06-22 09:21:52,369.65,566987
2021-06-22 09:21:55,369.65,570490
2021-06-22 09:21:56,369.65,570738
2021-06-22 09:21:57,369.6,571026
2021-06-22 09:21:58,369.75,574614
2021-06-22 09:22:00,369.95,575365
2021-06-22 09:22:01,369.8,575416
2021-06-22 09:22:02,369.8,575416
2021-06-22 09:22:03,369.8,575416
2021-06-22 09:22:05,369.75,575626
2021-06-22 09:22:07,370.0,576441
2021-06-22 09:22:08,369.75,576517
2021-06-22 09:22:09,370.0,576563
2021-06-22 09:22:09,369.7,580613
2021-06-22 09:22:12,369.3,596878
2021-06-22 09:22:13,369.2,596925
2021-06-22 09:22:14,369.35,597082
2021-06-22 09:22:16,369.35,597082
2021-06-22 09:22:18,369.35,598585
2021-06-22 09:22:19,369.35,599779
2021-06-22 09:22:20,369.35,603296
2021-06-22 09:22:21,369.35,603296
2021-06-22 09:22:22,369.35,604748
2021-06-22 09:22:23,369.3,604867
2021-06-22 09:22:24,369.35,605492
2021-06-22 09:22:25,369.35,606045
2021-06-22 09:22:28,369.35,606869
2021-06-22 09:22:29,369.35,606874
2021-06-22 09:22:30,369.35,607054
2021-06-22 09:22:31,369.2,607358
2021-06-22 09:22:32,369.3,607591
2021-06-22 09:22:34,369.2,607947
2021-06-22 09:22:34,369.35,608672
2021-06-22 09:22:35,369.35,608672
2021-06-22 09:22:36,369.35,610672
2021-06-22 09:22:37,369.35,611197
2021-06-22 09:22:38,369.25,611249
2021-06-22 09:22:39,369.35,611284
2021-06-22 09:22:40,369.35,613435
2021-06-22 09:22:41,369.45,613785
2021-06-22 09:22:42,369.75,616760
2021-06-22 09:22:43,369.8,617036
2021-06-22 09:22:45,369.75,618076
2021-06-22 09:22:45,369.75,618076
2021-06-22 09:22:46,369.9,619036
2021-06-22 09:22:47,370.0,619046
2021-06-22 09:22:48,370.15,621261
2021-06-22 09:22:49,370.15,621393
2021-06-22 09:22:50,370.15,621671
2021-06-22 09:22:52,369.95,621721
2021-06-22 09:22:52,370.15,621722
2021-06-22 09:22:53,370.1,622375
2021-06-22 09:22:55,370.1,622525
2021-06-22 09:22:55,370.0,622686
2021-06-22 09:22:59,370.4,624170
2021-06-22 09:22:59,370.4,624170
2021-06-22 09:23:01,370.15,624336
2021-06-22 09:23:02,370.15,624336
2021-06-22 09:23:03,370.1,625837
2021-06-22 09:23:04,370.35,625940
2021-06-22 09:23:05,370.15,626025
2021-06-22 09:23:06,370.35,626128
2021-06-22 09:23:06,370.2,626141
2021-06-22 09:23:08,370.4,626701
2021-06-22 09:23:09,370.5,626845
2021-06-22 09:23:10,370.3,626850
2021-06-22 09:23:11,370.5,627501
2021-06-22 09:23:12,370.5,627506
2021-06-22 09:23:13,370.5,627506
2021-06-22 09:23:14,370.5,627612
2021-06-22 09:23:15,370.5,627712
2021-06-22 09:23:16,370.5,627773
2021-06-22 09:23:16,370.4,627783
2021-06-22 09:23:17,370.35,627784
2021-06-22 09:23:18,370.35,629277
2021-06-22 09:23:19,370.35,629444
2021-06-22 09:23:20,370.4,629449
2021-06-22 09:23:21,370.5,629757
2021-06-22 09:23:22,370.5,629777
2021-06-22 09:23:23,370.5,629928
2021-06-22 09:23:24,370.5,629937
2021-06-22 09:23:25,370.6,631308
2021-06-22 09:23:26,370.55,631409
2021-06-22 09:23:27,370.55,631420
2021-06-22 09:23:29,370.5,631770
2021-06-22 09:23:30,370.4,634138
2021-06-22 09:23:31,370.3,643406
2021-06-22 09:23:31,370.1,643634
2021-06-22 09:23:32,370.1,644345
2021-06-22 09:23:34,370.25,644520
2021-06-22 09:23:35,370.05,644622
2021-06-22 09:23:36,370.05,645049
2021-06-22 09:23:37,369.95,652440
2021-06-22 09:23:38,370.0,654129
2021-06-22 09:23:39,370.05,654384
2021-06-22 09:23:40,370.15,655499
2021-06-22 09:23:41,370.1,655578
2021-06-22 09:23:42,369.8,656496
2021-06-22 09:23:43,370.05,656596
2021-06-22 09:23:44,370.05,656696
2021-06-22 09:23:45,370.15,658981
2021-06-22 09:23:46,370.0,662006
2021-06-22 09:23:47,370.0,662072
2021-06-22 09:23:48,370.0,662097
2021-06-22 09:23:49,370.05,662297
2021-06-22 09:23:50,370.15,662449
2021-06-22 09:23:51,370.05,662888
2021-06-22 09:23:52,370.0,662890
2021-06-22 09:23:53,370.15,663548
2021-06-22 09:23:54,370.15,663563
2021-06-22 09:23:56,370.05,663722
2021-06-22 09:23:55,370.1,663697
2021-06-22 09:23:57,370.05,663722
2021-06-22 09:23:58,370.1,664415
2021-06-22 09:24:01,370.1,665254
2021-06-22 09:24:02,370.15,665438
2021-06-22 09:24:03,370.15,666216
2021-06-22 09:24:04,370.15,666275
2021-06-22 09:24:05,370.15,666285
2021-06-22 09:24:06,370.15,666329
2021-06-22 09:24:07,370.15,666489
2021-06-22 09:24:08,370.15,666609
2021-06-22 09:24:09,370.05,666878
2021-06-22 09:24:10,370.15,667060
2021-06-22 09:24:11,370.05,667110
2021-06-22 09:24:12,370.15,667730
2021-06-22 09:24:13,370.15,668280
2021-06-22 09:24:14,370.15,673331
2021-06-22 09:24:15,370.1,675057
2021-06-22 09:24:16,370.2,675684
2021-06-22 09:24:17,370.2,675684
2021-06-22 09:24:18,370.1,676135
2021-06-22 09:24:19,370.15,676635
2021-06-22 09:24:20,370.25,676636
2021-06-22 09:24:21,370.15,676687
2021-06-22 09:24:22,370.15,676687
2021-06-22 09:24:23,370.15,676689
2021-06-22 09:24:24,370.15,676936
2021-06-22 09:24:25,370.2,676961
2021-06-22 09:24:26,370.2,676989
2021-06-22 09:24:27,370.2,677036
2021-06-22 09:24:28,370.05,677214
2021-06-22 09:24:29,370.2,678959
2021-06-22 09:24:30,370.25,678972
2021-06-22 09:24:31,370.25,678972
2021-06-22 09:24:32,370.25,679032
2021-06-22 09:24:33,370.25,679292
2021-06-22 09:24:34,370.25,679542
2021-06-22 09:24:35,370.25,679764
2021-06-22 09:24:37,370.25,679764
2021-06-22 09:24:38,370.15,680614
2021-06-22 09:24:39,370.25,680644
2021-06-22 09:24:40,370.25,680644
2021-06-22 09:24:41,370.25,681258
2021-06-22 09:24:42,370.25,681278
2021-06-22 09:24:43,370.25,681808
2021-06-22 09:24:44,370.25,682008
2021-06-22 09:24:45,370.2,682180
2021-06-22 09:24:46,370.15,682397
2021-06-22 09:24:47,370.25,682407
2021-06-22 09:24:48,370.0,685313
2021-06-22 09:24:49,370.15,686025
2021-06-22 09:24:50,370.0,686145
2021-06-22 09:24:51,370.2,686736
2021-06-22 09:24:52,370.05,688078
2021-06-22 09:24:53,370.0,691646
2021-06-22 09:24:54,370.0,691747
2021-06-22 09:24:55,369.85,691816
2021-06-22 09:24:56,370.0,691916
2021-06-22 09:24:57,370.0,691967
2021-06-22 09:24:58,370.0,692192
2021-06-22 09:24:59,370.0,692193
2021-06-22 09:25:00,369.85,692235
2021-06-22 09:25:01,369.95,692245
2021-06-22 09:25:02,370.0,692861
2021-06-22 09:25:03,369.95,692862
2021-06-22 09:25:04,369.85,692872
2021-06-22 09:25:05,369.7,698264
2021-06-22 09:25:06,369.75,698289
2021-06-22 09:25:09,369.75,698699
2021-06-22 09:25:10,369.8,699151
2021-06-22 09:25:11,369.8,699161
2021-06-22 09:25:12,369.75,699181
2021-06-22 09:25:13,369.9,700183
2021-06-22 09:25:14,369.8,700184
2021-06-22 09:25:15,369.8,700184
2021-06-22 09:25:16,369.9,700194
2021-06-22 09:25:17,369.8,700294
2021-06-22 09:25:18,369.9,700295
2021-06-22 09:25:19,369.85,700805
2021-06-22 09:25:20,369.75,700968
2021-06-22 09:25:21,369.6,701098
2021-06-22 09:25:22,369.6,701098
2021-06-22 09:25:23,369.55,701898
2021-06-22 09:25:24,369.45,705558
2021-06-22 09:25:25,369.35,710958
2021-06-22 09:25:26,369.25,711258
2021-06-22 09:25:27,369.5,711329
2021-06-22 09:25:28,369.25,711659
2021-06-22 09:25:29,369.25,711910
2021-06-22 09:25:30,369.45,711911
2021-06-22 09:25:31,369.45,711921
2021-06-22 09:25:32,369.25,711932
2021-06-22 09:25:33,369.3,711987
2021-06-22 09:25:34,369.3,711987
2021-06-22 09:25:35,369.25,712487
2021-06-22 09:25:36,369.45,712753
2021-06-22 09:25:37,369.3,712763
2021-06-22 09:25:38,369.45,715718
2021-06-22 09:25:39,369.2,716268
2021-06-22 09:25:40,369.35,716368
2021-06-22 09:25:42,369.1,717491
2021-06-22 09:25:43,369.1,717526
2021-06-22 09:25:44,369.3,717668
2021-06-22 09:25:45,369.4,718480
2021-06-22 09:25:46,369.2,718485
2021-06-22 09:25:48,369.4,719374
2021-06-22 09:25:49,369.15,720774
2021-06-22 09:25:50,369.3,721828
2021-06-22 09:25:51,369.3,722278
2021-06-22 09:25:52,369.3,722278
2021-06-22 09:25:53,369.25,722968
2021-06-22 09:25:54,369.3,723073
2021-06-22 09:25:56,369.3,723568
2021-06-22 09:25:57,369.3,723719
2021-06-22 09:25:59,369.4,723932
2021-06-22 09:26:00,369.3,723942
2021-06-22 09:26:01,369.25,725447
2021-06-22 09:26:02,369.2,725777
2021-06-22 09:26:03,369.4,734476
2021-06-22 09:26:04,369.4,734490
2021-06-22 09:26:05,369.4,734498
2021-06-22 09:26:06,369.4,734539
2021-06-22 09:26:07,369.4,734569
2021-06-22 09:26:08,369.4,735992
2021-06-22 09:26:09,369.4,735992
2021-06-22 09:26:10,369.4,735992
2021-06-22 09:26:11,369.4,736534
2021-06-22 09:26:12,369.3,737534
2021-06-22 09:26:14,369.45,737634
2021-06-22 09:26:15,369.4,737784
2021-06-22 09:26:16,369.4,744717
2021-06-22 09:26:17,369.45,744744
2021-06-22 09:26:18,369.45,744769
2021-06-22 09:26:20,369.3,745315
2021-06-22 09:26:21,369.3,745315
2021-06-22 09:26:22,369.3,745415
2021-06-22 09:26:23,369.45,745565
2021-06-22 09:26:24,369.45,745710
2021-06-22 09:26:25,369.3,745746
2021-06-22 09:26:26,369.3,745746
2021-06-22 09:26:27,369.45,746346
2021-06-22 09:26:28,369.45,746646
2021-06-22 09:26:29,369.45,747152
2021-06-22 09:26:30,369.45,747152
2021-06-22 09:26:31,369.25,749763
2021-06-22 09:26:32,369.45,749813
2021-06-22 09:26:33,369.4,749976
2021-06-22 09:26:35,369.4,751131
2021-06-22 09:26:36,369.45,751854
2021-06-22 09:26:37,369.5,761890
2021-06-22 09:26:38,369.5,761890
2021-06-22 09:26:39,369.5,761954
2021-06-22 09:26:40,369.5,761964
2021-06-22 09:26:41,369.5,762014
2021-06-22 09:26:42,369.5,762014
2021-06-22 09:26:43,369.5,763643
2021-06-22 09:26:44,369.5,763643
2021-06-22 09:26:45,369.5,763643
2021-06-22 09:26:46,369.85,775699
2021-06-22 09:26:47,369.85,775699
2021-06-22 09:26:48,369.85,776108
2021-06-22 09:26:49,369.85,776110
2021-06-22 09:26:50,369.85,776110
2021-06-22 09:26:51,369.75,776160
2021-06-22 09:26:53,369.6,776804
2021-06-22 09:26:54,369.75,777119
2021-06-22 09:26:55,369.6,777270
2021-06-22 09:26:56,369.6,778270
2021-06-22 09:26:57,369.6,778270
2021-06-22 09:26:58,369.8,778670
2021-06-22 09:26:58,369.8,778670
2021-06-22 09:26:59,369.8,778672
2021-06-22 09:27:00,369.75,778722
2021-06-22 09:27:02,369.7,778921
2021-06-22 09:27:03,369.7,778972
2021-06-22 09:27:04,369.7,779122
2021-06-22 09:27:05,369.6,779622
2021-06-22 09:27:06,369.7,779674
2021-06-22 09:27:07,369.5,780699
2021-06-22 09:27:08,369.75,780701
2021-06-22 09:27:09,369.65,781068
2021-06-22 09:27:10,369.65,781068
2021-06-22 09:27:11,369.6,781538
2021-06-22 09:27:12,369.6,781538
2021-06-22 09:27:14,369.6,781538
2021-06-22 09:27:14,369.6,781538
2021-06-22 09:27:15,369.6,781788
2021-06-22 09:27:17,369.65,782282
2021-06-22 09:27:17,369.55,782292
2021-06-22 09:27:18,369.7,782492
2021-06-22 09:27:19,369.75,782506
2021-06-22 09:27:20,369.75,782506
2021-06-22 09:27:21,369.7,782623
2021-06-22 09:27:22,369.7,782623
2021-06-22 09:27:23,369.85,783824
2021-06-22 09:27:24,369.65,783876
2021-06-22 09:27:25,369.65,783876
2021-06-22 09:27:26,369.65,783876
2021-06-22 09:27:28,369.85,783877
2021-06-22 09:27:29,369.7,783882
2021-06-22 09:27:30,369.7,783882
2021-06-22 09:27:30,369.7,783882
2021-06-22 09:27:31,369.9,785035
2021-06-22 09:27:32,370.0,785215
2021-06-22 09:27:33,370.0,785215
2021-06-22 09:27:34,370.0,785277
2021-06-22 09:27:35,369.9,785313
2021-06-22 09:27:37,370.0,785405
2021-06-22 09:27:38,370.0,785505
2021-06-22 09:27:39,370.0,785510
2021-06-22 09:27:40,370.0,785595
2021-06-22 09:27:41,370.0,785695
2021-06-22 09:27:42,370.0,785820
2021-06-22 09:27:43,369.9,785880
2021-06-22 09:27:44,369.9,785892
2021-06-22 09:27:45,370.0,787135
2021-06-22 09:27:46,370.1,787175
2021-06-22 09:27:47,370.0,787185
2021-06-22 09:27:48,370.0,787345
2021-06-22 09:27:49,370.0,787345
2021-06-22 09:27:50,370.1,787487
2021-06-22 09:27:51,370.1,787512
2021-06-22 09:27:52,370.1,787512
2021-06-22 09:27:53,370.15,788234
2021-06-22 09:27:54,370.15,788234
2021-06-22 09:27:55,370.0,790239
2021-06-22 09:27:56,370.15,790242
2021-06-22 09:27:58,370.1,790615
2021-06-22 09:27:59,370.0,791016
2021-06-22 09:28:00,370.1,791026
2021-06-22 09:28:02,369.95,792502
2021-06-22 09:28:04,369.95,792655
2021-06-22 09:28:04,369.95,792755
2021-06-22 09:28:06,369.95,792846
2021-06-22 09:28:06,369.95,792846
2021-06-22 09:28:07,369.95,792904
2021-06-22 09:28:08,369.9,792908
2021-06-22 09:28:09,369.8,793048
2021-06-22 09:28:10,369.9,793363
2021-06-22 09:28:11,369.95,793813
2021-06-22 09:28:12,369.9,793843
2021-06-22 09:28:13,369.8,793884
2021-06-22 09:28:14,369.95,793939
2021-06-22 09:28:15,369.95,793939
2021-06-22 09:28:16,369.95,794112
2021-06-22 09:28:17,369.7,794618
2021-06-22 09:28:18,369.7,794618
2021-06-22 09:28:19,369.7,794646
2021-06-22 09:28:21,369.8,794714
2021-06-22 09:28:22,369.9,795051
2021-06-22 09:28:23,369.9,795056
2021-06-22 09:28:23,369.9,795156
2021-06-22 09:28:24,369.9,795156
2021-06-22 09:28:25,369.85,795266
2021-06-22 09:28:26,369.85,795266
2021-06-22 09:28:27,369.85,795266
2021-06-22 09:28:28,369.85,795366
2021-06-22 09:28:29,369.9,795368
2021-06-22 09:28:30,369.9,795368
2021-06-22 09:28:31,369.9,796781
2021-06-22 09:28:32,369.9,796781
2021-06-22 09:28:33,369.95,796893
2021-06-22 09:28:34,369.95,796901
2021-06-22 09:28:35,369.95,796901
2021-06-22 09:28:36,369.9,796921
2021-06-22 09:28:37,369.9,796974
2021-06-22 09:28:38,370.0,797179
2021-06-22 09:28:39,369.9,797380
2021-06-22 09:28:40,369.9,797380
2021-06-22 09:28:41,369.9,797605
2021-06-22 09:28:42,370.0,797954
2021-06-22 09:28:43,369.9,798005
2021-06-22 09:28:45,370.0,798012
2021-06-22 09:28:46,369.95,798621
2021-06-22 09:28:47,370.05,799916
2021-06-22 09:28:48,369.95,800018
2021-06-22 09:28:48,369.95,800018
2021-06-22 09:28:49,370.05,800020
2021-06-22 09:28:50,370.05,803845
2021-06-22 09:28:51,369.95,804309
2021-06-22 09:28:52,370.05,804834
2021-06-22 09:28:53,370.05,804896
2021-06-22 09:28:54,370.05,804896
2021-06-22 09:28:55,369.9,807574
2021-06-22 09:28:56,370.0,807575
2021-06-22 09:28:57,370.0,807575
2021-06-22 09:28:58,370.0,807586
2021-06-22 09:28:59,369.8,807637
2021-06-22 09:29:00,369.85,808163
2021-06-22 09:29:01,370.0,808329
2021-06-22 09:29:02,369.95,808437
2021-06-22 09:29:04,370.0,808595
2021-06-22 09:29:05,370.0,808595
2021-06-22 09:29:06,370.05,808665
2021-06-22 09:29:07,369.95,809065
2021-06-22 09:29:07,370.05,808665
2021-06-22 09:29:08,369.95,809590
2021-06-22 09:29:09,369.9,809818
2021-06-22 09:29:10,370.05,809826
2021-06-22 09:29:12,370.05,809936
2021-06-22 09:29:13,370.0,810011
2021-06-22 09:29:14,370.0,810011
2021-06-22 09:29:16,370.0,810586
2021-06-22 09:29:16,370.0,810586
2021-06-22 09:29:17,370.05,810688
2021-06-22 09:29:19,369.95,810895
2021-06-22 09:29:21,370.0,810946
2021-06-22 09:29:22,370.0,811073
2021-06-22 09:29:23,369.9,811200
2021-06-22 09:29:23,370.05,811233
2021-06-22 09:29:24,370.0,811408
2021-06-22 09:29:26,370.05,811465
2021-06-22 09:29:28,370.05,811631
2021-06-22 09:29:29,370.0,811697
2021-06-22 09:29:30,370.0,811799
2021-06-22 09:29:30,370.0,811799
2021-06-22 09:29:32,370.05,823735
2021-06-22 09:29:34,370.1,824058
2021-06-22 09:29:35,370.05,824184
2021-06-22 09:29:36,370.05,824184
2021-06-22 09:29:36,370.05,824184
2021-06-22 09:29:38,370.1,824504
2021-06-22 09:29:39,370.1,824613
2021-06-22 09:29:40,370.0,824985
2021-06-22 09:29:41,370.1,824986
2021-06-22 09:29:42,370.0,825036
2021-06-22 09:29:44,370.0,825038
2021-06-22 09:29:45,370.0,825038
2021-06-22 09:29:46,370.1,825241
2021-06-22 09:29:47,370.1,826891
2021-06-22 09:29:48,370.1,826991
2021-06-22 09:29:48,370.1,826991
2021-06-22 09:29:49,370.1,826991
2021-06-22 09:29:50,370.1,827151
2021-06-22 09:29:51,370.35,834636
2021-06-22 09:29:52,370.3,838710
2021-06-22 09:29:53,370.3,838710
2021-06-22 09:29:54,370.5,838726
2021-06-22 09:29:55,370.5,838820
2021-06-22 09:29:56,370.4,839573
2021-06-22 09:29:57,370.2,840566
2021-06-22 09:29:58,370.3,840712
2021-06-22 09:29:59,370.3,841014
2021-06-22 09:30:00,370.3,841014
2021-06-22 09:30:01,370.3,841014
2021-06-22 09:30:02,370.25,841049
2021-06-22 09:30:03,370.25,841225
2021-06-22 09:30:05,370.05,842558
2021-06-22 09:30:06,370.15,842646
2021-06-22 09:30:07,369.6,850046
2021-06-22 09:30:08,369.7,850074
2021-06-22 09:30:09,369.6,850235
2021-06-22 09:30:10,369.55,851150
2021-06-22 09:30:11,369.3,856505
2021-06-22 09:30:12,369.3,856757
2021-06-22 09:30:12,369.4,857299
2021-06-22 09:30:14,369.25,857384
2021-06-22 09:30:15,369.25,857512
2021-06-22 09:30:17,369.2,858746
2021-06-22 09:30:18,368.75,895949
2021-06-22 09:30:19,368.65,896481
2021-06-22 09:30:19,368.55,896491
2021-06-22 09:30:21,368.7,896614
2021-06-22 09:30:21,368.55,896637
2021-06-22 09:30:22,368.6,897050
2021-06-22 09:30:23,368.8,897380
2021-06-22 09:30:24,368.85,898552
2021-06-22 09:30:25,369.0,898562
2021-06-22 09:30:26,369.2,899069
2021-06-22 09:30:27,369.2,900795
2021-06-22 09:30:28,369.05,900908
2021-06-22 09:30:29,369.0,900989
2021-06-22 09:30:30,369.0,900989
2021-06-22 09:30:31,369.15,902159
2021-06-22 09:30:32,369.15,902261
2021-06-22 09:30:33,369.15,902336
2021-06-22 09:30:34,369.3,907537
2021-06-22 09:30:35,369.05,907542
2021-06-22 09:30:38,369.3,907802
2021-06-22 09:30:39,369.3,908002
2021-06-22 09:30:39,369.3,908002
2021-06-22 09:30:40,369.3,908003
2021-06-22 09:30:42,369.3,908137
2021-06-22 09:30:43,369.3,908242
2021-06-22 09:30:43,369.3,908242
2021-06-22 09:30:44,369.3,908698
2021-06-22 09:30:45,369.65,908797
2021-06-22 09:30:46,369.45,908822
2021-06-22 09:30:47,369.45,908830
2021-06-22 09:30:48,369.45,914061
2021-06-22 09:30:49,369.6,914201
2021-06-22 09:30:50,369.45,914277
2021-06-22 09:30:51,369.5,914278
2021-06-22 09:30:52,369.4,914404
2021-06-22 09:30:53,369.4,914522
2021-06-22 09:30:55,369.3,915154
2021-06-22 09:30:56,369.3,915154
2021-06-22 09:30:57,369.4,915171
2021-06-22 09:30:58,369.45,915532
2021-06-22 09:30:59,369.3,915589
2021-06-22 09:31:00,369.5,915605
2021-06-22 09:31:01,369.35,917200
2021-06-22 09:31:01,369.35,917200
2021-06-22 09:31:03,369.15,920286
2021-06-22 09:31:04,369.35,920516
2021-06-22 09:31:05,369.45,921517
2021-06-22 09:31:06,369.5,921597
2021-06-22 09:31:07,369.5,921598
2021-06-22 09:31:09,369.35,922332
2021-06-22 09:31:10,369.35,922332
2021-06-22 09:31:11,369.5,922542
2021-06-22 09:31:12,369.6,923485
2021-06-22 09:31:13,369.4,924032
2021-06-22 09:31:14,369.4,924581
2021-06-22 09:31:15,369.5,924596
2021-06-22 09:31:17,369.25,925117
2021-06-22 09:31:18,369.15,926413
2021-06-22 09:31:19,369.25,926418
2021-06-22 09:31:20,369.1,928318
2021-06-22 09:31:21,369.15,928356
2021-06-22 09:31:22,369.15,928356
2021-06-22 09:31:23,369.25,928956
2021-06-22 09:31:24,369.2,929006
2021-06-22 09:31:25,369.35,929556
2021-06-22 09:31:26,369.3,930158
2021-06-22 09:31:27,369.15,932184
2021-06-22 09:31:28,369.15,932184
2021-06-22 09:31:29,369.5,932518
2021-06-22 09:31:30,369.5,932518
2021-06-22 09:31:31,369.45,933053
2021-06-22 09:31:32,369.6,935454
2021-06-22 09:31:34,369.6,935528
2021-06-22 09:31:34,369.6,935528
2021-06-22 09:31:35,369.6,935588
2021-06-22 09:31:36,369.6,935636
2021-06-22 09:31:38,369.6,935650
2021-06-22 09:31:38,369.45,935703
2021-06-22 09:31:39,369.4,935954
2021-06-22 09:31:40,369.4,935954
2021-06-22 09:31:41,369.5,936264
2021-06-22 09:31:42,369.55,936414
2021-06-22 09:31:44,369.55,936429
2021-06-22 09:31:45,369.75,948601
2021-06-22 09:31:46,369.8,949626
2021-06-22 09:31:47,369.8,949701
2021-06-22 09:31:50,369.8,950528
2021-06-22 09:31:51,369.75,950807
2021-06-22 09:31:53,369.75,950884
2021-06-22 09:31:54,369.95,950891
2021-06-22 09:31:55,369.95,951560
2021-06-22 09:31:56,369.95,951660
2021-06-22 09:31:57,369.95,951660
2021-06-22 09:31:58,369.7,952660
2021-06-22 09:31:59,369.7,953123
2021-06-22 09:32:00,369.7,953123
2021-06-22 09:32:01,369.85,953178
2021-06-22 09:32:02,369.7,953203
2021-06-22 09:32:03,369.8,953224
2021-06-22 09:32:04,369.7,953250
2021-06-22 09:32:05,369.7,953250
2021-06-22 09:32:06,369.85,953261
2021-06-22 09:32:08,369.85,953376
2021-06-22 09:32:09,369.85,953378
2021-06-22 09:32:10,369.85,953653
2021-06-22 09:32:11,369.85,953959
2021-06-22 09:32:12,369.85,954353
2021-06-22 09:32:14,369.95,954863
2021-06-22 09:32:15,369.8,956175
2021-06-22 09:32:16,369.8,956175
2021-06-22 09:32:17,369.8,956175
2021-06-22 09:32:18,369.8,956175
2021-06-22 09:32:19,369.95,956176
2021-06-22 09:32:19,369.8,956211
2021-06-22 09:32:20,369.8,956211
2021-06-22 09:32:21,369.8,956211
2021-06-22 09:32:22,369.85,956222
2021-06-22 09:32:23,369.85,956222
2021-06-22 09:32:24,369.95,957371
2021-06-22 09:32:25,369.8,957621
2021-06-22 09:32:26,369.6,960055
2021-06-22 09:32:27,369.6,960095
2021-06-22 09:32:29,369.7,960102
2021-06-22 09:32:30,369.7,960102
2021-06-22 09:32:31,369.7,960111
2021-06-22 09:32:32,369.7,960273
2021-06-22 09:32:34,369.8,960423
2021-06-22 09:32:35,369.8,960423
2021-06-22 09:32:36,369.55,961423
2021-06-22 09:32:37,369.75,961669
2021-06-22 09:32:38,369.8,962753
2021-06-22 09:32:39,369.7,962804
2021-06-22 09:32:40,369.7,962804
2021-06-22 09:32:41,369.7,962812
2021-06-22 09:32:42,369.7,963139
2021-06-22 09:32:43,369.8,964264
2021-06-22 09:32:44,369.7,964315
2021-06-22 09:32:45,369.7,964315
2021-06-22 09:32:46,369.7,964315
2021-06-22 09:32:49,369.75,972647
2021-06-22 09:32:53,369.8,974025
2021-06-22 09:32:54,369.8,974302
2021-06-22 09:32:55,369.8,974302
2021-06-22 09:32:57,369.95,975115
2021-06-22 09:32:58,369.95,975115
2021-06-22 09:32:59,369.95,975116
2021-06-22 09:33:00,369.95,975117
2021-06-22 09:33:01,369.95,975617
2021-06-22 09:33:02,369.9,975994
2021-06-22 09:33:04,369.7,976171
2021-06-22 09:33:05,369.9,976347
2021-06-22 09:33:06,369.9,976348
2021-06-22 09:33:07,369.7,976429
2021-06-22 09:33:08,369.7,976429
2021-06-22 09:33:09,369.8,976446
2021-06-22 09:33:11,369.6,976739
2021-06-22 09:33:12,369.6,976739
2021-06-22 09:33:13,369.75,977239
2021-06-22 09:33:14,369.75,977239
2021-06-22 09:33:15,369.7,977240
2021-06-22 09:33:21,369.7,977833
2021-06-22 09:33:21,369.7,978061
2021-06-22 09:33:22,369.6,978249
2021-06-22 09:33:23,369.75,978250
2021-06-22 09:33:24,369.7,978598
2021-06-22 09:33:25,369.8,978699
2021-06-22 09:33:26,369.9,980707
2021-06-22 09:33:27,369.9,980707
2021-06-22 09:33:28,369.7,980860
2021-06-22 09:33:29,369.75,980862
2021-06-22 09:33:30,369.75,980912
2021-06-22 09:33:31,369.75,980912
2021-06-22 09:33:32,369.75,982258
2021-06-22 09:33:33,369.75,982352
2021-06-22 09:33:35,369.75,982630
2021-06-22 09:33:37,369.9,982830
2021-06-22 09:33:38,369.9,982910
2021-06-22 09:33:39,369.75,983032
2021-06-22 09:33:40,369.9,983332
2021-06-22 09:33:41,369.9,983438
2021-06-22 09:33:42,369.9,983441
2021-06-22 09:33:43,369.9,983541
2021-06-22 09:33:44,369.7,983592
2021-06-22 09:33:45,369.7,983592
2021-06-22 09:33:46,369.9,983696
2021-06-22 09:33:47,369.9,983696
2021-06-22 09:33:48,369.7,985398
2021-06-22 09:33:49,369.7,985399
2021-06-22 09:33:50,369.7,985687
2021-06-22 09:33:51,369.7,985687
2021-06-22 09:33:52,369.6,987174
2021-06-22 09:33:53,369.55,987492
2021-06-22 09:33:54,369.6,987576
2021-06-22 09:33:55,369.6,987576
2021-06-22 09:33:56,369.5,987730
2021-06-22 09:33:58,369.6,988328
2021-06-22 09:33:59,369.6,988353
2021-06-22 09:34:00,369.5,988660
2021-06-22 09:34:01,369.45,990290
2021-06-22 09:34:02,369.45,990290
2021-06-22 09:34:03,369.45,990390
2021-06-22 09:34:04,369.45,990400
2021-06-22 09:34:05,369.45,990440
2021-06-22 09:34:06,369.45,990440
2021-06-22 09:34:07,369.45,990440
2021-06-22 09:34:08,369.4,990671
2021-06-22 09:34:09,369.35,990794
2021-06-22 09:34:10,369.4,990844
2021-06-22 09:34:12,369.55,995386
2021-06-22 09:34:13,369.55,995393
2021-06-22 09:34:14,369.55,995400
2021-06-22 09:34:15,369.7,1003841
2021-06-22 09:34:16,369.9,1005566
2021-06-22 09:34:18,369.9,1005580
2021-06-22 09:34:19,369.9,1005640
2021-06-22 09:34:20,369.9,1005658
2021-06-22 09:34:21,369.55,1006179
2021-06-22 09:34:23,369.45,1006940
2021-06-22 09:34:24,369.45,1007249
2021-06-22 09:34:27,369.5,1007408
2021-06-22 09:34:28,369.5,1007903
2021-06-22 09:34:29,369.45,1009818
2021-06-22 09:34:30,369.45,1009902
2021-06-22 09:34:31,369.45,1010035
2021-06-22 09:34:32,369.3,1010556
2021-06-22 09:34:33,369.35,1012113
2021-06-22 09:34:34,369.15,1014682
2021-06-22 09:34:35,369.15,1014700
2021-06-22 09:34:36,369.2,1015817
2021-06-22 09:34:37,369.45,1015863
2021-06-22 09:34:38,369.4,1019007
2021-06-22 09:34:39,369.15,1019066
2021-06-22 09:34:40,369.35,1019129
2021-06-22 09:34:41,369.35,1019337
2021-06-22 09:34:42,369.4,1019344
2021-06-22 09:34:43,369.4,1019351
2021-06-22 09:34:44,369.15,1019358
2021-06-22 09:34:45,369.15,1019466
2021-06-22 09:34:46,369.15,1019474
2021-06-22 09:34:47,369.15,1019482
2021-06-22 09:34:48,369.05,1020243
2021-06-22 09:34:49,369.15,1031347
2021-06-22 09:34:50,369.15,1031357
2021-06-22 09:34:51,369.0,1032668
2021-06-22 09:34:52,369.0,1033184
2021-06-22 09:34:53,368.9,1033190
2021-06-22 09:34:54,368.9,1033219
2021-06-22 09:34:55,369.1,1033586
2021-06-22 09:34:57,369.1,1033608
2021-06-22 09:34:58,369.1,1033680
2021-06-22 09:34:59,369.1,1033711
2021-06-22 09:35:00,369.1,1033720
2021-06-22 09:35:01,369.1,1033735
2021-06-22 09:35:02,369.1,1033783
2021-06-22 09:35:04,368.8,1035073
2021-06-22 09:35:05,368.7,1036904
2021-06-22 09:35:06,368.7,1037040
2021-06-22 09:35:07,368.7,1037075
2021-06-22 09:35:08,368.8,1037978
2021-06-22 09:35:09,368.75,1038546
2021-06-22 09:35:10,368.75,1038588
2021-06-22 09:35:11,368.85,1038761
2021-06-22 09:35:12,368.85,1039067
2021-06-22 09:35:13,368.75,1039914
2021-06-22 09:35:14,368.7,1040230
2021-06-22 09:35:15,368.75,1041284
2021-06-22 09:35:16,368.75,1041297
2021-06-22 09:35:17,368.75,1041953
2021-06-22 09:35:18,368.8,1042034
2021-06-22 09:35:19,369.0,1055780
2021-06-22 09:35:20,369.0,1055970
2021-06-22 09:35:21,369.0,1056003
2021-06-22 09:35:22,368.95,1056158
2021-06-22 09:35:23,369.1,1056164
2021-06-22 09:35:24,369.2,1057861
2021-06-22 09:35:25,369.35,1060782
2021-06-22 09:35:26,369.35,1061151
2021-06-22 09:35:27,369.35,1061211
2021-06-22 09:35:29,369.35,1061295
2021-06-22 09:35:31,369.35,1061484
2021-06-22 09:35:32,369.35,1061495
2021-06-22 09:35:33,369.35,1061504
2021-06-22 09:35:34,369.35,1061660
2021-06-22 09:35:36,369.35,1063493
2021-06-22 09:35:37,369.3,1063714
2021-06-22 09:35:39,369.25,1064542
2021-06-22 09:35:40,369.3,1075010
2021-06-22 09:35:43,369.25,1076823
2021-06-22 09:35:45,369.35,1112214
2021-06-22 09:35:47,369.35,1112275
2021-06-22 09:35:48,369.75,1127579
2021-06-22 09:35:49,369.8,1127777
2021-06-22 09:35:50,369.8,1127865
2021-06-22 09:35:51,369.85,1128292
2021-06-22 09:35:52,369.8,1129025
2021-06-22 09:35:53,369.8,1129216
2021-06-22 09:35:54,369.8,1129321
2021-06-22 09:35:55,369.8,1129440
2021-06-22 09:35:56,369.8,1129447
2021-06-22 09:35:57,369.8,1129886
2021-06-22 09:35:58,369.6,1129898
2021-06-22 09:35:59,369.8,1129983
2021-06-22 09:36:00,369.8,1129989
2021-06-22 09:36:01,369.55,1130282
2021-06-22 09:36:02,369.65,1130288
2021-06-22 09:36:03,369.55,1130636
2021-06-22 09:36:04,369.55,1130748
2021-06-22 09:36:06,369.45,1131965
2021-06-22 09:36:07,369.45,1132136
2021-06-22 09:36:08,369.4,1132258
2021-06-22 09:36:09,369.45,1132290
2021-06-22 09:36:10,369.45,1132297
2021-06-22 09:36:11,369.3,1133305
2021-06-22 09:36:12,369.0,1133371
2021-06-22 09:36:13,369.05,1134404
2021-06-22 09:36:14,369.0,1134721
2021-06-22 09:36:15,368.85,1139838
2021-06-22 09:36:16,368.95,1139969
2021-06-22 09:36:17,368.75,1139980
2021-06-22 09:36:18,368.8,1140087
2021-06-22 09:36:19,368.8,1140093
2021-06-22 09:36:20,368.9,1140358
2021-06-22 09:36:21,369.0,1140865
2021-06-22 09:36:22,369.2,1140988
2021-06-22 09:36:23,369.0,1141220
2021-06-22 09:36:24,369.0,1141271
2021-06-22 09:36:25,369.0,1141278
2021-06-22 09:36:26,369.0,1141332
2021-06-22 09:36:27,369.2,1141864
2021-06-22 09:36:28,369.0,1141870
2021-06-22 09:36:29,369.05,1141958
2021-06-22 09:36:30,369.2,1142723
2021-06-22 09:36:31,369.2,1142890
2021-06-22 09:36:32,368.9,1144148
2021-06-22 09:36:34,368.9,1144925
2021-06-22 09:36:35,369.0,1144968
2021-06-22 09:36:36,369.0,1145075
2021-06-22 09:36:37,368.9,1145086
2021-06-22 09:36:38,369.0,1145399
2021-06-22 09:36:39,369.25,1146230
2021-06-22 09:36:40,369.3,1146286
2021-06-22 09:36:41,369.4,1146745
2021-06-22 09:36:42,369.4,1146779
2021-06-22 09:36:43,369.4,1146822
2021-06-22 09:36:44,369.75,1147862
2021-06-22 09:36:45,369.55,1148064
2021-06-22 09:36:46,369.35,1148172
2021-06-22 09:36:47,369.35,1148180
2021-06-22 09:36:48,369.5,1148339
2021-06-22 09:36:50,369.35,1148396
2021-06-22 09:36:52,369.4,1148600
2021-06-22 09:36:53,369.4,1148607
2021-06-22 09:36:54,369.4,1148614
2021-06-22 09:36:55,369.4,1148781
2021-06-22 09:36:56,369.4,1148788
2021-06-22 09:36:57,369.4,1148795
2021-06-22 09:36:58,369.45,1149032
2021-06-22 09:36:59,369.4,1149063
2021-06-22 09:37:00,369.5,1149431
2021-06-22 09:37:01,369.4,1153448
2021-06-22 09:37:02,369.45,1153484
2021-06-22 09:37:03,369.5,1153491
2021-06-22 09:37:04,369.5,1153499
2021-06-22 09:37:05,369.5,1153520
2021-06-22 09:37:06,369.45,1154050
2021-06-22 09:37:07,369.25,1154922
2021-06-22 09:37:08,369.2,1156466
2021-06-22 09:37:09,369.05,1156494
2021-06-22 09:37:10,369.0,1159161
2021-06-22 09:37:13,369.05,1159588
2021-06-22 09:37:16,369.1,1159980
2021-06-22 09:37:17,368.9,1160644
2021-06-22 09:37:21,368.9,1162327
2021-06-22 09:37:22,369.05,1162467
2021-06-22 09:37:23,368.9,1162472
2021-06-22 09:37:24,368.9,1162472
2021-06-22 09:37:25,369.05,1162872
2021-06-22 09:37:26,369.05,1162872
2021-06-22 09:37:27,369.0,1162915
2021-06-22 09:37:28,369.0,1162920
2021-06-22 09:37:29,368.95,1162930
2021-06-22 09:37:30,369.0,1163130
2021-06-22 09:37:31,369.0,1163140
2021-06-22 09:37:32,369.05,1163290
2021-06-22 09:37:33,369.05,1163350
2021-06-22 09:37:34,369.15,1163428
2021-06-22 09:37:35,369.05,1163433
2021-06-22 09:37:36,369.15,1163513
2021-06-22 09:37:37,369.05,1163763
2021-06-22 09:37:38,369.05,1163768
2021-06-22 09:37:39,369.15,1163772
2021-06-22 09:37:40,369.15,1163774
2021-06-22 09:37:41,369.15,1163823
2021-06-22 09:37:42,369.15,1164141
2021-06-22 09:37:44,369.1,1165018
2021-06-22 09:37:46,369.0,1165270
2021-06-22 09:37:47,369.1,1165342
2021-06-22 09:37:48,369.1,1165342
2021-06-22 09:37:50,369.1,1165342
2021-06-22 09:37:51,369.1,1166226
2021-06-22 09:37:53,369.15,1166267
2021-06-22 09:37:54,369.15,1166267
2021-06-22 09:37:55,369.0,1166278
2021-06-22 09:37:55,369.0,1166278
2021-06-22 09:37:56,369.15,1166303
2021-06-22 09:37:57,369.15,1166303
2021-06-22 09:37:58,369.1,1166393
2021-06-22 09:37:59,369.1,1166396
2021-06-22 09:38:00,369.1,1166504
2021-06-22 09:38:01,369.15,1166605
2021-06-22 09:38:02,369.15,1166757
2021-06-22 09:38:03,369.1,1167412
2021-06-22 09:38:04,369.1,1167417
2021-06-22 09:38:05,369.1,1167417
2021-06-22 09:38:06,369.15,1167467
2021-06-22 09:38:07,369.15,1174189
2021-06-22 09:38:08,369.1,1175214
2021-06-22 09:38:10,369.1,1175277
2021-06-22 09:38:11,369.1,1175277
2021-06-22 09:38:12,369.1,1175278
2021-06-22 09:38:13,369.15,1175279
2021-06-22 09:38:14,369.15,1175279
2021-06-22 09:38:15,369.15,1175306
2021-06-22 09:38:16,369.15,1175381
2021-06-22 09:38:17,369.1,1175387
2021-06-22 09:38:18,369.15,1175391
2021-06-22 09:38:21,369.15,1176034
2021-06-22 09:38:23,369.15,1176384
2021-06-22 09:38:24,369.1,1176486
2021-06-22 09:38:24,369.15,1176512
2021-06-22 09:38:25,369.15,1176512
2021-06-22 09:38:26,369.1,1176522
2021-06-22 09:38:27,369.1,1176622
2021-06-22 09:38:28,369.1,1176669
2021-06-22 09:38:29,369.15,1176870
2021-06-22 09:38:30,369.15,1176880
2021-06-22 09:38:31,369.15,1176928
2021-06-22 09:38:32,369.1,1176935
2021-06-22 09:38:33,369.15,1176985
2021-06-22 09:38:34,369.15,1177352
2021-06-22 09:38:35,369.15,1177352
2021-06-22 09:38:36,369.1,1177403
2021-06-22 09:38:37,369.1,1177502
2021-06-22 09:38:38,369.15,1177612
2021-06-22 09:38:39,369.1,1177618
2021-06-22 09:38:40,369.1,1177643
2021-06-22 09:38:41,369.15,1177894
2021-06-22 09:38:43,369.1,1177949
2021-06-22 09:38:44,369.15,1178000
2021-06-22 09:38:45,368.95,1182347
2021-06-22 09:38:47,369.0,1182482
2021-06-22 09:38:48,369.05,1182592
2021-06-22 09:38:50,369.05,1182727
2021-06-22 09:38:51,369.05,1182727
2021-06-22 09:38:53,369.05,1183842
2021-06-22 09:38:54,369.1,1183942
2021-06-22 09:38:55,369.1,1184192
2021-06-22 09:38:56,368.9,1185083
2021-06-22 09:38:57,369.1,1185393
2021-06-22 09:39:00,369.0,1185518
2021-06-22 09:39:01,369.1,1186518
2021-06-22 09:39:02,369.1,1187018
2021-06-22 09:39:03,369.1,1187018
2021-06-22 09:39:04,369.1,1187018
2021-06-22 09:39:06,369.1,1187223
2021-06-22 09:39:06,369.1,1187223
2021-06-22 09:39:07,369.1,1187223
2021-06-22 09:39:08,369.1,1187223
2021-06-22 09:39:09,369.1,1187223
2021-06-22 09:39:10,369.1,1187223
2021-06-22 09:39:11,369.1,1187227
2021-06-22 09:39:12,369.1,1187227
2021-06-22 09:39:13,369.0,1187537
2021-06-22 09:39:14,369.0,1187747
2021-06-22 09:39:15,369.0,1187762
2021-06-22 09:39:17,369.0,1187832
2021-06-22 09:39:18,369.05,1187833
2021-06-22 09:39:19,369.1,1188339
2021-06-22 09:39:20,369.1,1188339
2021-06-22 09:39:21,369.1,1188339
2021-06-22 09:39:22,369.1,1191018
2021-06-22 09:39:23,369.1,1191048
2021-06-22 09:39:24,369.1,1191048
2021-06-22 09:39:25,369.15,1191119
2021-06-22 09:39:26,369.1,1193320
2021-06-22 09:39:27,369.15,1194320
2021-06-22 09:39:28,369.15,1194320
2021-06-22 09:39:29,369.15,1194370
2021-06-22 09:39:30,369.15,1194486
2021-06-22 09:39:31,369.15,1194787
2021-06-22 09:39:32,369.15,1194804
2021-06-22 09:39:33,369.15,1195353
2021-06-22 09:39:34,369.25,1197724
2021-06-22 09:39:35,369.2,1203737
2021-06-22 09:39:36,369.2,1203737
2021-06-22 09:39:38,369.15,1203944
2021-06-22 09:39:39,369.15,1203944
2021-06-22 09:39:40,369.15,1203944
2021-06-22 09:39:40,369.15,1203944
2021-06-22 09:39:41,369.15,1203944
2021-06-22 09:39:43,369.15,1203944
2021-06-22 09:39:44,369.15,1203944
2021-06-22 09:39:47,369.2,1204046
2021-06-22 09:39:47,369.15,1204047
2021-06-22 09:39:48,369.2,1204052
2021-06-22 09:39:50,369.2,1204056
2021-06-22 09:39:51,369.2,1204106
2021-06-22 09:39:52,369.2,1208679
2021-06-22 09:39:52,369.25,1209179
2021-06-22 09:39:53,369.25,1209249
2021-06-22 09:39:55,369.25,1209249
2021-06-22 09:39:56,369.25,1209249
2021-06-22 09:39:57,369.25,1209310
2021-06-22 09:39:57,369.25,1209310
2021-06-22 09:39:58,369.05,1209973
2021-06-22 09:40:00,369.15,1212801
2021-06-22 09:40:03,368.95,1213101
2021-06-22 09:40:05,368.95,1213101
2021-06-22 09:40:07,368.9,1213457
2021-06-22 09:40:08,368.6,1218310
2021-06-22 09:40:09,368.5,1219943
2021-06-22 09:40:11,368.6,1220034
2021-06-22 09:40:11,368.65,1220334
2021-06-22 09:40:13,368.7,1220336
2021-06-22 09:40:13,368.6,1220337
2021-06-22 09:40:14,368.5,1220575
2021-06-22 09:40:15,368.65,1220586
2021-06-22 09:40:16,368.65,1220586
2021-06-22 09:40:17,368.75,1220626
2021-06-22 09:40:18,368.65,1220636
2021-06-22 09:40:20,368.75,1220736
2021-06-22 09:40:20,368.6,1221236
2021-06-22 09:40:22,368.65,1221336
2021-06-22 09:40:23,368.6,1221661
2021-06-22 09:40:24,368.75,1222064
2021-06-22 09:40:25,368.75,1222395
2021-06-22 09:40:25,368.75,1222395
2021-06-22 09:40:26,368.65,1222445
2021-06-22 09:40:27,368.75,1222579
2021-06-22 09:40:28,368.7,1224680
2021-06-22 09:40:29,368.75,1224791
2021-06-22 09:40:30,368.75,1224991
2021-06-22 09:40:31,368.75,1225797
2021-06-22 09:40:32,368.75,1226447
2021-06-22 09:40:33,368.7,1226678
2021-06-22 09:40:34,368.75,1226878
2021-06-22 09:40:35,368.75,1226930
2021-06-22 09:40:36,368.8,1227930
2021-06-22 09:40:37,368.6,1230685
2021-06-22 09:40:38,368.75,1230695
2021-06-22 09:40:39,368.85,1231455
2021-06-22 09:40:40,368.85,1232210
2021-06-22 09:40:41,368.85,1232460
2021-06-22 09:40:42,368.85,1232460
2021-06-22 09:40:43,368.85,1232510
2021-06-22 09:40:44,368.85,1232850
2021-06-22 09:40:45,368.85,1232980
2021-06-22 09:40:46,368.85,1234501
2021-06-22 09:40:47,368.85,1234501
2021-06-22 09:40:49,368.85,1234857
2021-06-22 09:40:50,368.7,1235110
2021-06-22 09:40:52,368.65,1237172
2021-06-22 09:40:54,368.7,1237509
2021-06-22 09:40:54,368.7,1237509
2021-06-22 09:40:55,368.7,1237509
2021-06-22 09:40:56,368.55,1237809
2021-06-22 09:40:57,368.55,1237809
2021-06-22 09:40:58,368.7,1238515
2021-06-22 09:40:59,368.6,1238575
2021-06-22 09:41:00,368.5,1238630
2021-06-22 09:41:01,368.5,1238630
2021-06-22 09:41:03,368.45,1248627
2021-06-22 09:41:04,368.35,1248760
2021-06-22 09:41:05,368.45,1249061
2021-06-22 09:41:06,368.35,1249141
2021-06-22 09:41:07,368.35,1250151
2021-06-22 09:41:08,368.4,1250312
2021-06-22 09:41:08,368.45,1250313
2021-06-22 09:41:09,368.45,1250313
2021-06-22 09:41:11,368.3,1250812
2021-06-22 09:41:11,368.3,1251182
2021-06-22 09:41:13,368.45,1252232
2021-06-22 09:41:13,368.35,1253368
2021-06-22 09:41:14,368.35,1253368
2021-06-22 09:41:15,368.3,1253418
2021-06-22 09:41:17,368.6,1267721
2021-06-22 09:41:18,368.6,1268034
2021-06-22 09:41:19,368.6,1269534
2021-06-22 09:41:20,368.7,1269544
2021-06-22 09:41:21,368.45,1271392
2021-06-22 09:41:22,368.55,1271400
2021-06-22 09:41:23,368.4,1271442
2021-06-22 09:41:24,368.4,1271642
2021-06-22 09:41:25,368.4,1271642
2021-06-22 09:41:26,368.4,1271970
2021-06-22 09:41:28,368.6,1272693
2021-06-22 09:41:29,368.4,1273728
2021-06-22 09:41:30,368.6,1273878
2021-06-22 09:41:31,368.45,1273980
2021-06-22 09:41:32,368.4,1274006
2021-06-22 09:41:32,368.5,1274382
2021-06-22 09:41:34,368.6,1274408
2021-06-22 09:41:35,368.5,1274468
2021-06-22 09:41:36,368.45,1274640
2021-06-22 09:41:38,368.45,1274649
2021-06-22 09:41:38,368.45,1274651
2021-06-22 09:41:39,368.4,1274681
2021-06-22 09:41:40,368.5,1274871
2021-06-22 09:41:41,368.45,1275221
2021-06-22 09:41:42,368.6,1275421
2021-06-22 09:41:43,368.6,1275421
2021-06-22 09:41:44,368.45,1275971
2021-06-22 09:41:45,368.45,1275971
2021-06-22 09:41:46,368.45,1275971
2021-06-22 09:41:47,368.45,1275971
2021-06-22 09:41:48,368.5,1275976
2021-06-22 09:41:49,368.45,1276076
2021-06-22 09:41:50,368.7,1276178
2021-06-22 09:41:51,368.5,1276578
2021-06-22 09:41:52,368.5,1276578
2021-06-22 09:41:53,368.7,1276579
2021-06-22 09:41:54,368.7,1276584
2021-06-22 09:41:55,368.7,1276714
2021-06-22 09:41:56,368.7,1276719
2021-06-22 09:41:57,368.7,1276735
2021-06-22 09:41:58,368.7,1276788
2021-06-22 09:41:59,368.6,1276878
2021-06-22 09:42:00,368.7,1276928
2021-06-22 09:42:01,368.5,1277058
2021-06-22 09:42:02,368.7,1277376
2021-06-22 09:42:03,368.6,1277383
2021-06-22 09:42:04,368.65,1277458
2021-06-22 09:42:05,368.65,1277476
2021-06-22 09:42:06,368.65,1277476
2021-06-22 09:42:07,368.7,1277926
2021-06-22 09:42:08,368.7,1277926
2021-06-22 09:42:09,368.6,1278026
2021-06-22 09:42:10,368.6,1278026
2021-06-22 09:42:11,368.6,1278026
2021-06-22 09:42:12,368.7,1279026
2021-06-22 09:42:13,368.7,1279026
2021-06-22 09:42:14,368.65,1279296
2021-06-22 09:42:15,368.65,1279326
2021-06-22 09:42:16,368.7,1282709
2021-06-22 09:42:17,368.65,1282809
2021-06-22 09:42:18,368.65,1282959
2021-06-22 09:42:19,368.7,1290169
2021-06-22 09:42:20,368.8,1290219
2021-06-22 09:42:21,368.8,1290219
2021-06-22 09:42:22,368.8,1290269
2021-06-22 09:42:23,368.7,1290319
2021-06-22 09:42:24,368.8,1291745
2021-06-22 09:42:25,368.8,1291750
2021-06-22 09:42:26,368.8,1291750
2021-06-22 09:42:27,368.75,1291775
2021-06-22 09:42:28,368.75,1291957
2021-06-22 09:42:29,368.8,1292257
2021-06-22 09:42:30,368.8,1292259
2021-06-22 09:42:31,368.7,1292458
2021-06-22 09:42:32,368.8,1292463
2021-06-22 09:42:33,368.8,1293128
2021-06-22 09:42:34,368.75,1293169
2021-06-22 09:42:35,368.75,1293224
2021-06-22 09:42:36,368.8,1293447
2021-06-22 09:42:37,368.7,1293515
2021-06-22 09:42:38,368.8,1293766
2021-06-22 09:42:39,368.75,1297247
2021-06-22 09:42:40,368.8,1297358
2021-06-22 09:42:41,368.8,1297463
2021-06-22 09:42:42,368.8,1297463
2021-06-22 09:42:43,368.7,1297576
2021-06-22 09:42:45,368.7,1297616
2021-06-22 09:42:46,368.7,1297616
2021-06-22 09:42:47,368.8,1298389
2021-06-22 09:42:49,368.8,1300201
2021-06-22 09:42:51,368.8,1300959
2021-06-22 09:42:52,368.8,1300969
2021-06-22 09:42:53,368.8,1300969
2021-06-22 09:42:54,368.7,1300984
2021-06-22 09:42:55,368.75,1302178
2021-06-22 09:42:56,368.75,1303075
2021-06-22 09:42:57,368.75,1303110
2021-06-22 09:42:58,368.75,1303212
2021-06-22 09:42:59,368.8,1303216
2021-06-22 09:43:00,368.8,1303216
2021-06-22 09:43:01,368.7,1303241
2021-06-22 09:43:02,368.8,1303284
2021-06-22 09:43:03,368.8,1303284
2021-06-22 09:43:04,368.8,1303485
2021-06-22 09:43:05,368.8,1303485
2021-06-22 09:43:06,368.8,1303485
2021-06-22 09:43:07,368.8,1304015
2021-06-22 09:43:08,368.8,1304015
2021-06-22 09:43:09,368.65,1305045
2021-06-22 09:43:10,368.7,1305065
2021-06-22 09:43:11,368.7,1305236
2021-06-22 09:43:12,368.7,1305236
2021-06-22 09:43:13,368.65,1306236
2021-06-22 09:43:14,368.8,1306255
2021-06-22 09:43:15,368.8,1306255
2021-06-22 09:43:15,368.8,1306255
2021-06-22 09:43:16,368.65,1307246
2021-06-22 09:43:17,368.65,1307246
2021-06-22 09:43:18,368.7,1307367
2021-06-22 09:43:22,368.8,1308492
2021-06-22 09:43:23,368.8,1308517
2021-06-22 09:43:24,368.8,1308517
2021-06-22 09:43:27,368.8,1308817
2021-06-22 09:43:28,368.8,1308817
2021-06-22 09:43:29,368.65,1309324
2021-06-22 09:43:30,368.8,1309434
2021-06-22 09:43:31,368.8,1309435
2021-06-22 09:43:32,368.8,1309435
2021-06-22 09:43:33,368.8,1309435
2021-06-22 09:43:34,368.8,1309535
2021-06-22 09:43:34,368.8,1309535
2021-06-22 09:43:37,368.65,1309588
2021-06-22 09:43:38,368.8,1309738
2021-06-22 09:43:39,368.8,1310733
2021-06-22 09:43:40,368.8,1310733
2021-06-22 09:43:41,368.8,1310733
2021-06-22 09:43:42,368.8,1310738
2021-06-22 09:43:43,368.7,1310740
2021-06-22 09:43:44,369.0,1318740
2021-06-22 09:43:45,369.0,1318740
2021-06-22 09:43:46,369.0,1318740
2021-06-22 09:43:47,369.0,1318840
2021-06-22 09:43:48,368.85,1318842
2021-06-22 09:43:49,368.85,1318842
2021-06-22 09:43:50,368.95,1318942
2021-06-22 09:43:51,368.85,1319018
2021-06-22 09:43:52,368.8,1319246
2021-06-22 09:43:53,368.8,1319246
2021-06-22 09:43:54,369.0,1321566
2021-06-22 09:43:55,368.8,1322316
2021-06-22 09:43:56,369.0,1323316
2021-06-22 09:43:57,369.0,1323316
2021-06-22 09:43:58,368.85,1323320
2021-06-22 09:43:59,368.85,1323902
2021-06-22 09:44:00,368.85,1323902
2021-06-22 09:44:01,369.0,1323911
2021-06-22 09:44:02,369.0,1323911
2021-06-22 09:44:03,368.85,1323921
2021-06-22 09:44:04,369.0,1323931
2021-06-22 09:44:05,369.0,1323956
2021-06-22 09:44:06,369.0,1323956
2021-06-22 09:44:08,368.9,1323959
2021-06-22 09:44:09,369.05,1324559
2021-06-22 09:44:10,369.05,1324564
2021-06-22 09:44:10,368.9,1324565
2021-06-22 09:44:12,369.0,1324602
2021-06-22 09:44:13,369.0,1324663
2021-06-22 09:44:14,368.85,1325210
2021-06-22 09:44:15,368.85,1325210
2021-06-22 09:44:16,369.0,1325739
2021-06-22 09:44:17,368.85,1326015
2021-06-22 09:44:18,368.9,1326069
2021-06-22 09:44:19,369.0,1326077
2021-06-22 09:44:20,368.95,1326079
2021-06-22 09:44:21,368.9,1326084
2021-06-22 09:44:22,368.95,1326089
2021-06-22 09:44:23,368.9,1327366
2021-06-22 09:44:24,368.9,1327368
2021-06-22 09:44:25,368.9,1327820
2021-06-22 09:44:27,368.75,1335544
2021-06-22 09:44:28,368.7,1335594
2021-06-22 09:44:29,368.9,1338164
2021-06-22 09:44:30,368.75,1338215
2021-06-22 09:44:31,368.9,1338216
2021-06-22 09:44:32,368.8,1338325
2021-06-22 09:44:32,368.8,1338325
2021-06-22 09:44:34,368.9,1338579
2021-06-22 09:44:35,368.9,1340825
2021-06-22 09:44:36,368.9,1340825
2021-06-22 09:44:38,368.85,1346003
2021-06-22 09:44:39,368.85,1346256
2021-06-22 09:44:40,368.85,1348508
2021-06-22 09:44:41,369.0,1349877
2021-06-22 09:44:42,369.05,1352870
2021-06-22 09:44:43,368.95,1353227
2021-06-22 09:44:44,369.0,1353257
2021-06-22 09:44:45,369.05,1353271
2021-06-22 09:44:46,368.9,1353400
2021-06-22 09:44:47,369.0,1353474
2021-06-22 09:44:48,369.05,1353659
2021-06-22 09:44:49,369.05,1355501
2021-06-22 09:44:50,369.05,1355536
2021-06-22 09:44:50,368.95,1355614
2021-06-22 09:44:52,368.95,1357153
2021-06-22 09:44:53,369.05,1358276
2021-06-22 09:44:54,369.05,1358391
2021-06-22 09:44:54,368.95,1358442
2021-06-22 09:44:55,369.0,1358542
2021-06-22 09:44:56,369.05,1359168
2021-06-22 09:44:57,369.05,1359468
2021-06-22 09:44:59,369.05,1361536
2021-06-22 09:45:01,369.05,1362636
2021-06-22 09:45:04,369.05,1364380
2021-06-22 09:45:05,369.0,1364980
2021-06-22 09:45:06,369.05,1367875
2021-06-22 09:45:07,369.05,1367875
2021-06-22 09:45:08,369.15,1368202
2021-06-22 09:45:10,369.2,1368208
2021-06-22 09:45:11,369.1,1368209
2021-06-22 09:45:12,369.1,1368209
2021-06-22 09:45:13,369.05,1368759
2021-06-22 09:45:14,369.2,1368809
2021-06-22 09:45:15,369.2,1368809
2021-06-22 09:45:16,369.15,1368844
2021-06-22 09:45:17,369.05,1369146
2021-06-22 09:45:18,369.05,1369146
2021-06-22 09:45:19,369.35,1369696
2021-06-22 09:45:20,369.2,1370046
2021-06-22 09:45:22,369.1,1370152
2021-06-22 09:45:23,369.4,1373202
2021-06-22 09:45:24,369.4,1373202
2021-06-22 09:45:25,369.35,1373475
2021-06-22 09:45:28,369.3,1374585
2021-06-22 09:45:29,369.3,1374591
2021-06-22 09:45:34,369.05,1375192
2021-06-22 09:45:35,369.05,1375192
2021-06-22 09:45:36,369.3,1382347
2021-06-22 09:45:37,369.4,1382449
2021-06-22 09:45:38,369.4,1382449
2021-06-22 09:45:39,369.35,1382499
2021-06-22 09:45:40,369.4,1382582
2021-06-22 09:45:41,369.4,1382682
2021-06-22 09:45:42,369.4,1382687
2021-06-22 09:45:43,369.4,1382687
2021-06-22 09:45:44,369.4,1382703
2021-06-22 09:45:45,369.35,1383271
2021-06-22 09:45:46,369.3,1383351
2021-06-22 09:45:47,369.3,1383351
2021-06-22 09:45:48,369.3,1383436
2021-06-22 09:45:49,369.3,1386481
2021-06-22 09:45:50,369.4,1387506
2021-06-22 09:45:51,369.1,1387711
2021-06-22 09:45:52,369.2,1387721
2021-06-22 09:45:53,369.1,1387830
2021-06-22 09:45:54,369.2,1387880
2021-06-22 09:45:55,369.2,1387925
2021-06-22 09:45:57,369.3,1388550
2021-06-22 09:45:58,369.3,1388611
2021-06-22 09:45:59,369.35,1389722
2021-06-22 09:46:00,369.15,1390073
2021-06-22 09:46:01,369.1,1390443
2021-06-22 09:46:02,369.1,1390443
2021-06-22 09:46:03,369.2,1390534
2021-06-22 09:46:04,369.1,1390616
2021-06-22 09:46:05,369.2,1390657
2021-06-22 09:46:06,369.2,1390757
2021-06-22 09:46:07,369.25,1390807
2021-06-22 09:46:08,369.25,1390807
2021-06-22 09:46:09,369.3,1390960
2021-06-22 09:46:11,369.35,1391694
2021-06-22 09:46:12,369.1,1394044
2021-06-22 09:46:13,369.3,1394154
2021-06-22 09:46:14,369.3,1394154
2021-06-22 09:46:15,369.35,1394204
2021-06-22 09:46:16,369.4,1396589
2021-06-22 09:46:17,369.35,1396619
2021-06-22 09:46:18,369.3,1397445
2021-06-22 09:46:19,369.4,1397707
2021-06-22 09:46:20,369.4,1397707
2021-06-22 09:46:21,369.3,1397805
2021-06-22 09:46:22,369.25,1397808
2021-06-22 09:46:23,369.2,1397862
2021-06-22 09:46:24,369.2,1398010
2021-06-22 09:46:25,369.3,1398135
2021-06-22 09:46:26,369.2,1398146
2021-06-22 09:46:27,369.2,1398447
2021-06-22 09:46:28,369.3,1398450
2021-06-22 09:46:29,369.4,1398556
2021-06-22 09:46:30,369.4,1398584
2021-06-22 09:46:31,369.4,1398792
2021-06-22 09:46:32,369.4,1398801
2021-06-22 09:46:33,369.4,1398804
2021-06-22 09:46:34,369.4,1398814
2021-06-22 09:46:35,369.4,1398844
2021-06-22 09:46:36,369.4,1398986
2021-06-22 09:46:37,369.4,1399178
2021-06-22 09:46:38,369.4,1399232
2021-06-22 09:46:39,369.4,1399443
2021-06-22 09:46:40,369.4,1399451
2021-06-22 09:46:41,369.4,1399841
2021-06-22 09:46:42,369.3,1399947
2021-06-22 09:46:43,369.3,1399973
2021-06-22 09:46:44,369.25,1400244
2021-06-22 09:46:45,369.25,1400280
2021-06-22 09:46:46,369.25,1400361
2021-06-22 09:46:47,369.25,1400530
2021-06-22 09:46:48,369.15,1400790
2021-06-22 09:46:49,369.3,1400798
2021-06-22 09:46:50,369.4,1401335
2021-06-22 09:46:51,369.4,1401336
2021-06-22 09:46:52,369.4,1401674
2021-06-22 09:46:53,369.4,1401681
2021-06-22 09:46:54,369.4,1401690
2021-06-22 09:46:55,369.4,1401697
2021-06-22 09:46:56,369.4,1402034
2021-06-22 09:46:57,369.4,1402053
2021-06-22 09:46:58,369.35,1402061
2021-06-22 09:46:59,369.35,1402069
2021-06-22 09:47:00,369.35,1402070
2021-06-22 09:47:01,369.3,1402178
2021-06-22 09:47:02,369.35,1402217
2021-06-22 09:47:03,369.35,1402225
2021-06-22 09:47:04,369.35,1402233
2021-06-22 09:47:05,369.25,1402517
2021-06-22 09:47:06,369.25,1402574
2021-06-22 09:47:07,369.25,1402596
2021-06-22 09:47:08,369.25,1402605
2021-06-22 09:47:09,369.25,1402939
2021-06-22 09:47:10,369.25,1402997
2021-06-22 09:47:11,369.25,1403000
2021-06-22 09:47:12,369.25,1403059
2021-06-22 09:47:13,369.15,1404895
2021-06-22 09:47:14,369.15,1404962
2021-06-22 09:47:15,369.15,1404969
2021-06-22 09:47:16,369.15,1404976
2021-06-22 09:47:19,369.15,1411280
2021-06-22 09:47:20,369.25,1411427
2021-06-22 09:47:21,369.1,1411661
2021-06-22 09:47:22,369.1,1411868
2021-06-22 09:47:23,369.1,1411970
2021-06-22 09:47:24,369.1,1411977
2021-06-22 09:47:25,369.1,1411983
2021-06-22 09:47:26,369.1,1411996
2021-06-22 09:47:27,369.2,1432211
2021-06-22 09:47:29,369.2,1432481
2021-06-22 09:47:31,369.2,1432515
2021-06-22 09:47:30,369.2,1432512
2021-06-22 09:47:32,369.2,1432524
2021-06-22 09:47:33,369.3,1433551
2021-06-22 09:47:34,369.2,1434110
2021-06-22 09:47:35,369.2,1434117
2021-06-22 09:47:37,369.15,1436635
2021-06-22 09:47:38,369.2,1436643
2021-06-22 09:47:39,369.2,1436658
2021-06-22 09:47:40,369.2,1436689
2021-06-22 09:47:41,369.2,1436689
2021-06-22 09:47:42,369.2,1436689
2021-06-22 09:47:43,369.15,1436690
2021-06-22 09:47:44,369.3,1437390
2021-06-22 09:47:45,369.35,1437678
2021-06-22 09:47:47,369.1,1437778
2021-06-22 09:47:46,369.1,1437778
2021-06-22 09:47:48,369.35,1438057
2021-06-22 09:47:49,369.35,1438085
2021-06-22 09:47:50,369.35,1438125
2021-06-22 09:47:51,369.35,1438125
2021-06-22 09:47:52,369.35,1438125
2021-06-22 09:47:53,369.35,1438125
2021-06-22 09:47:54,369.2,1438137
2021-06-22 09:47:55,369.2,1438139
2021-06-22 09:47:56,369.1,1439103
2021-06-22 09:47:57,369.1,1439112
2021-06-22 09:47:58,369.1,1439121
2021-06-22 09:47:59,369.1,1439135
2021-06-22 09:48:00,369.1,1442555
2021-06-22 09:48:01,369.1,1442812
2021-06-22 09:48:02,369.15,1442877
2021-06-22 09:48:04,369.1,1442931
2021-06-22 09:48:05,369.1,1442932
2021-06-22 09:48:06,369.1,1446069
2021-06-22 09:48:07,369.1,1446076
2021-06-22 09:48:08,369.1,1446083
2021-06-22 09:48:09,369.1,1447060
2021-06-22 09:48:10,369.1,1448091
2021-06-22 09:48:12,369.1,1448107
2021-06-22 09:48:13,369.1,1449669
2021-06-22 09:48:14,369.1,1449671
2021-06-22 09:48:15,369.1,1449682
2021-06-22 09:48:16,369.1,1449689
2021-06-22 09:48:17,369.1,1450462
2021-06-22 09:48:18,369.1,1450482
2021-06-22 09:48:19,369.1,1452333
2021-06-22 09:48:20,369.1,1452343
2021-06-22 09:48:21,369.25,1452651
2021-06-22 09:48:23,369.1,1452659
2021-06-22 09:48:23,369.1,1452663
2021-06-22 09:48:25,369.25,1453061
2021-06-22 09:48:26,369.5,1463797
2021-06-22 09:48:27,369.5,1463995
2021-06-22 09:48:28,369.35,1465339
2021-06-22 09:48:29,369.45,1465358
2021-06-22 09:48:30,369.4,1465866
2021-06-22 09:48:32,369.4,1465903
2021-06-22 09:48:32,369.4,1465906
2021-06-22 09:48:33,369.4,1465912
2021-06-22 09:48:34,369.25,1466023
2021-06-22 09:48:35,369.4,1466041
2021-06-22 09:48:36,369.45,1466541
2021-06-22 09:48:37,369.5,1466557
2021-06-22 09:48:38,369.5,1466718
2021-06-22 09:48:39,369.5,1466728
2021-06-22 09:48:40,369.7,1468884
2021-06-22 09:48:41,369.7,1468900
2021-06-22 09:48:43,369.8,1469919
2021-06-22 09:48:43,369.65,1470419
2021-06-22 09:48:44,369.75,1470437
2021-06-22 09:48:45,369.75,1470445
2021-06-22 09:48:46,369.7,1470453
2021-06-22 09:48:47,369.85,1471188
2021-06-22 09:48:48,369.85,1471196
2021-06-22 09:48:49,369.85,1471210
2021-06-22 09:48:51,369.5,1473648
2021-06-22 09:48:52,369.55,1474704
2021-06-22 09:48:53,369.55,1474758
2021-06-22 09:48:54,369.55,1474866
2021-06-22 09:48:55,369.55,1474918
2021-06-22 09:48:56,369.5,1474994
2021-06-22 09:48:58,369.65,1476520
2021-06-22 09:48:58,369.65,1476562
2021-06-22 09:48:59,369.65,1476589
2021-06-22 09:49:00,369.65,1476622
2021-06-22 09:49:02,369.65,1477454
2021-06-22 09:49:03,369.5,1477891
2021-06-22 09:49:04,369.4,1479478
2021-06-22 09:49:05,369.6,1479771
2021-06-22 09:49:06,369.5,1479779
2021-06-22 09:49:08,369.65,1480406
2021-06-22 09:49:09,369.65,1480406
2021-06-22 09:49:10,369.65,1480406
2021-06-22 09:49:11,369.6,1485229
2021-06-22 09:49:12,369.6,1485704
2021-06-22 09:49:13,369.65,1485920
2021-06-22 09:49:14,369.6,1485981
2021-06-22 09:49:15,369.65,1486039
2021-06-22 09:49:16,369.6,1486054
2021-06-22 09:49:18,369.5,1487383
2021-06-22 09:49:18,369.5,1487361
2021-06-22 09:49:20,369.5,1487551
2021-06-22 09:49:21,369.65,1487894
2021-06-22 09:49:22,369.65,1487894
2021-06-22 09:49:23,369.65,1488634
2021-06-22 09:49:24,369.7,1488649
2021-06-22 09:49:26,369.65,1488809
2021-06-22 09:49:26,369.65,1488809
2021-06-22 09:49:28,369.65,1488809
2021-06-22 09:49:29,369.65,1488862
2021-06-22 09:49:30,369.65,1488869
2021-06-22 09:49:31,369.65,1488869
2021-06-22 09:49:32,369.65,1488929
2021-06-22 09:49:32,369.65,1488929
2021-06-22 09:49:33,369.7,1489129
2021-06-22 09:49:34,369.7,1489129
2021-06-22 09:49:35,369.7,1489129
2021-06-22 09:49:36,369.65,1489211
2021-06-22 09:49:38,369.65,1489211
2021-06-22 09:49:38,369.7,1490136
2021-06-22 09:49:39,369.7,1490136
2021-06-22 09:49:41,369.65,1490377
2021-06-22 09:49:42,369.6,1491407
2021-06-22 09:49:43,369.7,1491768
2021-06-22 09:49:44,369.7,1491768
2021-06-22 09:49:46,369.7,1491825
2021-06-22 09:49:48,369.7,1491825
2021-06-22 09:49:48,369.7,1491825
2021-06-22 09:49:49,369.5,1491835
2021-06-22 09:49:51,369.65,1491848
2021-06-22 09:49:53,369.65,1492048
2021-06-22 09:49:54,369.65,1492048
2021-06-22 09:49:55,369.65,1492048
2021-06-22 09:49:56,369.65,1492048
2021-06-22 09:49:57,369.6,1492058
2021-06-22 09:49:59,369.6,1492058
2021-06-22 09:49:59,369.6,1492058
2021-06-22 09:50:00,369.55,1492078
2021-06-22 09:50:01,369.6,1492130
2021-06-22 09:50:02,369.65,1493507
2021-06-22 09:50:03,369.65,1493507
2021-06-22 09:50:04,369.5,1500551
2021-06-22 09:50:06,369.5,1501792
2021-06-22 09:50:08,369.5,1502575
2021-06-22 09:50:08,369.35,1502275
2021-06-22 09:50:09,369.55,1502680
2021-06-22 09:50:10,369.35,1502712
2021-06-22 09:50:11,369.3,1502890
2021-06-22 09:50:12,369.3,1502891
2021-06-22 09:50:13,369.45,1507752
2021-06-22 09:50:16,369.5,1508120
2021-06-22 09:50:17,369.5,1508129
2021-06-22 09:50:19,369.6,1508426
2021-06-22 09:50:19,369.5,1508441
2021-06-22 09:50:20,369.5,1508744
2021-06-22 09:50:22,369.5,1508825
2021-06-22 09:50:22,369.45,1508827
2021-06-22 09:50:23,369.5,1509132
2021-06-22 09:50:24,369.5,1509163
2021-06-22 09:50:25,369.5,1509189
2021-06-22 09:50:26,369.45,1509196
2021-06-22 09:50:27,369.45,1509223
2021-06-22 09:50:28,369.45,1509225
2021-06-22 09:50:30,369.55,1509497
2021-06-22 09:50:33,369.55,1509995
2021-06-22 09:50:34,369.4,1509997
2021-06-22 09:50:35,369.4,1510005
2021-06-22 09:50:36,369.4,1510105
2021-06-22 09:50:36,369.45,1510205
2021-06-22 09:50:37,369.45,1510212
2021-06-22 09:50:38,369.5,1510410
2021-06-22 09:50:39,369.5,1521402
2021-06-22 09:50:40,369.5,1521406
2021-06-22 09:50:41,369.5,1521831
2021-06-22 09:50:44,369.5,1522469
2021-06-22 09:50:45,369.5,1522477
2021-06-22 09:50:46,369.5,1522739
2021-06-22 09:50:47,369.55,1522764
2021-06-22 09:50:48,369.45,1522767
2021-06-22 09:50:49,369.55,1522777
2021-06-22 09:50:50,369.55,1522777
2021-06-22 09:50:52,369.35,1525957
2021-06-22 09:50:53,369.55,1526478
2021-06-22 09:50:53,369.5,1526479
2021-06-22 09:50:54,369.35,1526524
2021-06-22 09:50:55,369.55,1526534
2021-06-22 09:50:56,369.55,1526534
2021-06-22 09:50:57,369.55,1526534
2021-06-22 09:50:58,369.35,1526537
2021-06-22 09:51:00,369.5,1528537
2021-06-22 09:51:00,369.55,1527537
2021-06-22 09:51:01,369.5,1528537
2021-06-22 09:51:03,369.55,1528955
2021-06-22 09:51:04,369.5,1528975
2021-06-22 09:51:05,369.5,1528975
2021-06-22 09:51:06,369.5,1529175
2021-06-22 09:51:07,369.4,1529415
2021-06-22 09:51:07,369.4,1529415
2021-06-22 09:51:09,369.4,1529608
2021-06-22 09:51:10,369.35,1529940
2021-06-22 09:51:11,369.35,1529946
2021-06-22 09:51:13,369.35,1530196
2021-06-22 09:51:15,369.35,1530450
2021-06-22 09:51:16,369.35,1531181
2021-06-22 09:51:17,369.25,1531186
2021-06-22 09:51:18,369.35,1531191
2021-06-22 09:51:19,369.35,1531443
2021-06-22 09:51:20,369.35,1531443
2021-06-22 09:51:22,369.35,1531485
2021-06-22 09:51:23,369.35,1531485
2021-06-22 09:51:24,369.25,1531585
2021-06-22 09:51:25,369.3,1531635
2021-06-22 09:51:26,369.35,1532665
2021-06-22 09:51:27,369.25,1532672
2021-06-22 09:51:28,369.1,1536008
2021-06-22 09:51:29,369.1,1536108
2021-06-22 09:51:31,369.1,1536118
2021-06-22 09:51:32,369.1,1536118
2021-06-22 09:51:33,369.1,1536118
2021-06-22 09:51:34,369.15,1536124
2021-06-22 09:51:35,369.1,1536130
2021-06-22 09:51:35,369.1,1536133
2021-06-22 09:51:36,369.15,1536503
2021-06-22 09:51:38,369.15,1536503
2021-06-22 09:51:39,369.2,1536547
2021-06-22 09:51:40,369.2,1536547
2021-06-22 09:51:41,369.2,1536567
2021-06-22 09:51:42,369.2,1536567
2021-06-22 09:51:43,369.2,1536567
2021-06-22 09:51:44,369.25,1536767
2021-06-22 09:51:45,369.25,1536767
2021-06-22 09:51:46,369.25,1536767
2021-06-22 09:51:47,369.2,1537814
2021-06-22 09:51:48,369.6,1559578
2021-06-22 09:51:50,369.6,1559580
2021-06-22 09:51:51,369.6,1559631
2021-06-22 09:51:52,369.6,1559631
2021-06-22 09:51:53,369.6,1559631
2021-06-22 09:51:54,369.6,1559631
2021-06-22 09:51:55,369.6,1559631
2021-06-22 09:51:56,369.55,1559632
2021-06-22 09:51:57,369.55,1559632
2021-06-22 09:51:58,369.7,1559657
2021-06-22 09:51:59,369.6,1559684
2021-06-22 09:52:01,369.6,1559745
2021-06-22 09:52:01,369.6,1559745
2021-06-22 09:52:02,369.6,1559745
2021-06-22 09:52:03,369.6,1559745
2021-06-22 09:52:04,369.95,1572088
2021-06-22 09:52:05,369.65,1572621
2021-06-22 09:52:07,369.65,1574065
2021-06-22 09:52:09,369.6,1574085
2021-06-22 09:52:10,369.45,1574431
2021-06-22 09:52:11,369.6,1574631
2021-06-22 09:52:12,369.6,1574631
2021-06-22 09:52:13,369.6,1574631
2021-06-22 09:52:15,369.6,1574681
2021-06-22 09:52:16,369.6,1574681
2021-06-22 09:52:17,369.6,1574681
2021-06-22 09:52:18,369.6,1574681
2021-06-22 09:52:19,369.6,1574681
2021-06-22 09:52:19,369.6,1574681
2021-06-22 09:52:20,369.6,1574681
2021-06-22 09:52:21,369.6,1574681
2021-06-22 09:52:23,369.55,1574838
2021-06-22 09:52:24,369.55,1574839
2021-06-22 09:52:25,369.55,1574899
2021-06-22 09:52:27,369.5,1574949
2021-06-22 09:52:28,369.5,1574949
2021-06-22 09:52:29,369.55,1574954
2021-06-22 09:52:30,369.55,1574960
2021-06-22 09:52:31,369.5,1574961
2021-06-22 09:52:33,369.5,1574961
2021-06-22 09:52:33,369.55,1574986
2021-06-22 09:52:34,369.55,1574986
2021-06-22 09:52:36,369.55,1575013
2021-06-22 09:52:37,369.55,1575013
2021-06-22 09:52:38,369.55,1575094
2021-06-22 09:52:39,369.55,1575094
2021-06-22 09:52:40,369.55,1575094
2021-06-22 09:52:40,369.55,1575094
2021-06-22 09:52:41,369.5,1575096
2021-06-22 09:52:42,369.5,1575112
2021-06-22 09:52:43,369.5,1575112
2021-06-22 09:52:45,369.05,1577226
2021-06-22 09:52:46,369.05,1577226
2021-06-22 09:52:47,369.1,1577416
2021-06-22 09:52:49,369.2,1577703
2021-06-22 09:52:50,369.2,1577703
2021-06-22 09:52:50,369.2,1577703
2021-06-22 09:52:51,369.2,1577703
2021-06-22 09:52:52,369.45,1577718
2021-06-22 09:52:53,369.45,1577728
2021-06-22 09:52:54,369.45,1577753
2021-06-22 09:52:55,369.45,1577756
2021-06-22 09:52:56,369.2,1578251
2021-06-22 09:52:57,369.3,1578261
2021-06-22 09:52:58,369.35,1578281
2021-06-22 09:52:59,369.35,1578281
2021-06-22 09:53:01,369.2,1578287
2021-06-22 09:53:02,369.35,1578288
2021-06-22 09:53:03,369.35,1578290
2021-06-22 09:53:04,369.35,1578291
2021-06-22 09:53:05,369.35,1578291
2021-06-22 09:53:06,369.35,1578291
2021-06-22 09:53:06,369.45,1578560
2021-06-22 09:53:08,369.45,1578560
2021-06-22 09:53:09,369.45,1578560
2021-06-22 09:53:10,369.55,1578589
2021-06-22 09:53:11,369.55,1578589
2021-06-22 09:53:12,369.55,1578589
2021-06-22 09:53:13,369.55,1578589
2021-06-22 09:53:14,369.55,1578589
2021-06-22 09:53:15,369.55,1578599
2021-06-22 09:53:16,369.55,1578599
2021-06-22 09:53:17,369.4,1578659
2021-06-22 09:53:17,369.4,1578659
2021-06-22 09:53:18,369.55,1578689
2021-06-22 09:53:19,369.55,1578689
2021-06-22 09:53:20,369.55,1578689
2021-06-22 09:53:21,369.55,1578689
2021-06-22 09:53:22,369.55,1578689
2021-06-22 09:53:24,369.55,1578739
2021-06-22 09:53:25,369.55,1578739
2021-06-22 09:53:26,369.55,1578739
2021-06-22 09:53:28,369.55,1578739
2021-06-22 09:53:29,369.55,1578844
2021-06-22 09:53:30,369.55,1578874
2021-06-22 09:53:30,369.55,1578874
2021-06-22 09:53:32,369.5,1584853
2021-06-22 09:53:33,369.55,1584943
2021-06-22 09:53:34,369.55,1584943
2021-06-22 09:53:35,369.45,1585584
2021-06-22 09:53:36,369.5,1585634
2021-06-22 09:53:37,369.5,1585634
2021-06-22 09:53:39,369.55,1586474
2021-06-22 09:53:40,369.5,1586475
2021-06-22 09:53:41,369.55,1588496
2021-06-22 09:53:41,369.55,1588496
2021-06-22 09:53:43,369.55,1588496
2021-06-22 09:53:44,369.55,1588496
2021-06-22 09:53:45,369.45,1588664
2021-06-22 09:53:45,369.55,1590814
2021-06-22 09:53:46,369.45,1590937
2021-06-22 09:53:47,369.45,1590937
2021-06-22 09:53:48,369.5,1590977
2021-06-22 09:53:50,369.5,1590977
2021-06-22 09:53:52,369.5,1591937
2021-06-22 09:53:53,369.4,1591977
2021-06-22 09:53:54,369.4,1591977
2021-06-22 09:53:56,369.55,1594267
2021-06-22 09:53:56,369.55,1594287
2021-06-22 09:53:57,369.55,1594287
2021-06-22 09:53:58,369.35,1594387
2021-06-22 09:53:59,369.35,1594487
2021-06-22 09:54:00,369.3,1594506
2021-06-22 09:54:01,369.3,1594506
2021-06-22 09:54:02,369.45,1594658
2021-06-22 09:54:03,369.45,1595447
2021-06-22 09:54:04,369.45,1595614
2021-06-22 09:54:05,369.35,1595673
2021-06-22 09:54:07,369.4,1595823
2021-06-22 09:54:08,369.35,1596784
2021-06-22 09:54:09,369.35,1596784
2021-06-22 09:54:09,369.4,1596984
2021-06-22 09:54:10,369.4,1596984
2021-06-22 09:54:11,369.4,1597009
2021-06-22 09:54:13,369.3,1597011
2021-06-22 09:54:14,369.3,1597011
2021-06-22 09:54:15,369.4,1597014
2021-06-22 09:54:15,369.4,1597014
2021-06-22 09:54:16,369.4,1597014
2021-06-22 09:54:17,369.4,1597020
2021-06-22 09:54:18,369.4,1597020
2021-06-22 09:54:19,369.3,1597025
2021-06-22 09:54:20,369.3,1597036
2021-06-22 09:54:21,369.3,1597096
2021-06-22 09:54:22,369.3,1597116
2021-06-22 09:54:23,369.3,1597116
2021-06-22 09:54:24,369.3,1597335
2021-06-22 09:54:25,369.35,1597345
2021-06-22 09:54:26,369.35,1597345
2021-06-22 09:54:27,369.4,1599845
2021-06-22 09:54:28,369.4,1599845
2021-06-22 09:54:29,369.4,1599845
2021-06-22 09:54:30,369.4,1600033
2021-06-22 09:54:31,369.4,1600033
2021-06-22 09:54:32,369.4,1600033
2021-06-22 09:54:33,369.4,1600033
2021-06-22 09:54:34,369.2,1602363
2021-06-22 09:54:35,369.2,1602363
2021-06-22 09:54:38,369.1,1612670
2021-06-22 09:54:39,368.9,1612990
2021-06-22 09:54:40,369.05,1613809
2021-06-22 09:54:41,369.05,1615142
2021-06-22 09:54:41,369.05,1615261
2021-06-22 09:54:42,368.85,1615279
2021-06-22 09:54:43,369.05,1615309
2021-06-22 09:54:44,369.05,1615332
2021-06-22 09:54:46,369.05,1615332
2021-06-22 09:54:47,369.05,1615332
2021-06-22 09:54:48,369.05,1615332
2021-06-22 09:54:50,369.0,1615762
2021-06-22 09:54:51,369.0,1615762
2021-06-22 09:54:52,368.8,1615862
2021-06-22 09:54:53,368.8,1615862
2021-06-22 09:54:55,368.8,1615862
2021-06-22 09:54:56,369.0,1616512
2021-06-22 09:54:57,369.0,1616612
2021-06-22 09:54:58,369.0,1616612
2021-06-22 09:55:00,369.0,1616612
2021-06-22 09:55:04,369.05,1617816
2021-06-22 09:55:05,369.0,1618041
2021-06-22 09:55:06,369.05,1618116
2021-06-22 09:55:07,369.1,1618117
2021-06-22 09:55:08,369.0,1618167
2021-06-22 09:55:09,369.05,1618306
2021-06-22 09:55:09,368.95,1620306
2021-06-22 09:55:10,369.05,1620308
2021-06-22 09:55:11,369.05,1620308
2021-06-22 09:55:12,369.1,1620330
2021-06-22 09:55:14,369.1,1620342
2021-06-22 09:55:15,369.1,1620344
2021-06-22 09:55:16,369.05,1620346
2021-06-22 09:55:17,369.05,1620346
2021-06-22 09:55:18,369.1,1620366
2021-06-22 09:55:19,369.05,1620394
2021-06-22 09:55:19,369.1,1620414
2021-06-22 09:55:20,369.1,1620419
2021-06-22 09:55:21,368.95,1620919
2021-06-22 09:55:23,368.95,1620919
2021-06-22 09:55:24,368.9,1620969
2021-06-22 09:55:25,368.9,1620970
2021-06-22 09:55:26,368.9,1620970
2021-06-22 09:55:27,368.9,1620970
2021-06-22 09:55:28,369.1,1622970
2021-06-22 09:55:29,369.1,1622970
2021-06-22 09:55:29,369.1,1622970
2021-06-22 09:55:30,369.0,1623060
2021-06-22 09:55:31,369.05,1623063
2021-06-22 09:55:32,369.05,1623073
2021-06-22 09:55:33,369.05,1623532
2021-06-22 09:55:35,369.05,1623532
2021-06-22 09:55:36,369.05,1623532
2021-06-22 09:55:37,369.1,1623632
2021-06-22 09:55:38,369.05,1623633
2021-06-22 09:55:39,369.05,1623633
2021-06-22 09:55:40,369.05,1623675
2021-06-22 09:55:41,369.05,1623685
2021-06-22 09:55:42,369.05,1623785
2021-06-22 09:55:43,369.05,1623785
2021-06-22 09:55:44,369.05,1623785
2021-06-22 09:55:45,369.05,1623790
2021-06-22 09:55:45,369.05,1623840
2021-06-22 09:55:47,369.05,1623840
2021-06-22 09:55:49,369.05,1625919
2021-06-22 09:55:50,369.05,1625919
2021-06-22 09:55:51,369.05,1625919
2021-06-22 09:55:52,369.05,1625949
2021-06-22 09:55:53,369.05,1626464
2021-06-22 09:55:53,369.05,1626464
2021-06-22 09:55:56,369.05,1626464
2021-06-22 09:55:57,369.05,1626501
2021-06-22 09:55:58,369.05,1626501
2021-06-22 09:55:59,369.05,1626558
2021-06-22 09:56:00,369.05,1626558
2021-06-22 09:56:01,369.05,1626569
2021-06-22 09:56:02,368.9,1626589
2021-06-22 09:56:02,368.9,1626589
2021-06-22 09:56:03,369.05,1626681
2021-06-22 09:56:04,369.05,1626731
2021-06-22 09:56:06,369.05,1626731
2021-06-22 09:56:07,369.05,1626731
2021-06-22 09:56:08,369.05,1626749
2021-06-22 09:56:08,369.05,1626749
2021-06-22 09:56:09,369.05,1626749
2021-06-22 09:56:10,368.9,1626852
2021-06-22 09:56:11,368.9,1626857
2021-06-22 09:56:12,369.0,1626859
2021-06-22 09:56:13,369.0,1626864
2021-06-22 09:56:16,369.0,1626899
2021-06-22 09:56:17,369.15,1650262
2021-06-22 09:56:18,369.15,1650262
2021-06-22 09:56:20,369.3,1650791
2021-06-22 09:56:21,369.3,1650793
2021-06-22 09:56:23,369.1,1650843
2021-06-22 09:56:24,369.1,1650843
2021-06-22 09:56:25,369.1,1651165
2021-06-22 09:56:26,369.05,1654065
2021-06-22 09:56:27,369.0,1655075
2021-06-22 09:56:28,368.85,1655175
2021-06-22 09:56:29,369.0,1656700
2021-06-22 09:56:30,369.0,1656700
2021-06-22 09:56:31,369.0,1656700
2021-06-22 09:56:32,369.0,1656700
2021-06-22 09:56:33,369.0,1656700
2021-06-22 09:56:34,369.0,1657335
2021-06-22 09:56:34,369.0,1657295
2021-06-22 09:56:35,369.0,1657435
2021-06-22 09:56:36,369.0,1657435
2021-06-22 09:56:38,368.9,1657464
2021-06-22 09:56:38,368.9,1657460
2021-06-22 09:56:39,369.0,1657474
2021-06-22 09:56:40,368.9,1657483
2021-06-22 09:56:42,369.0,1658083
2021-06-22 09:56:44,369.0,1659902
2021-06-22 09:56:45,369.0,1660457
2021-06-22 09:56:46,368.7,1664542
2021-06-22 09:56:47,368.85,1664780
2021-06-22 09:56:48,368.85,1664884
2021-06-22 09:56:49,368.85,1665166
2021-06-22 09:56:50,368.85,1665166
2021-06-22 09:56:51,368.85,1665166
2021-06-22 09:56:52,368.85,1665166
2021-06-22 09:56:53,368.85,1665166
2021-06-22 09:56:53,368.85,1665166
2021-06-22 09:56:54,368.8,1665191
2021-06-22 09:56:57,368.95,1669971
2021-06-22 09:56:58,368.95,1669971
2021-06-22 09:56:59,368.95,1670071
2021-06-22 09:57:00,368.95,1670071
2021-06-22 09:57:01,368.95,1670076
2021-06-22 09:57:02,368.95,1670076
2021-06-22 09:57:03,368.95,1670151
2021-06-22 09:57:04,368.95,1670151
2021-06-22 09:57:05,368.9,1670396
2021-06-22 09:57:06,368.9,1670396
2021-06-22 09:57:07,368.9,1670396
2021-06-22 09:57:08,368.85,1670521
2021-06-22 09:57:09,368.95,1670522
2021-06-22 09:57:10,368.95,1670522
2021-06-22 09:57:11,368.95,1670522
2021-06-22 09:57:12,368.85,1671406
2021-06-22 09:57:14,368.8,1671590
2021-06-22 09:57:15,368.8,1671590
2021-06-22 09:57:16,368.8,1671590
2021-06-22 09:57:17,368.8,1671590
2021-06-22 09:57:18,368.95,1671615
2021-06-22 09:57:19,368.95,1672520
2021-06-22 09:57:20,368.95,1672575
2021-06-22 09:57:21,368.8,1673207
2021-06-22 09:57:22,368.8,1673252
2021-06-22 09:57:23,368.8,1673252
2021-06-22 09:57:24,368.95,1673368
2021-06-22 09:57:25,368.95,1673388
2021-06-22 09:57:26,368.9,1673398
2021-06-22 09:57:28,368.8,1673653
2021-06-22 09:57:29,368.8,1673706
2021-06-22 09:57:30,368.9,1673753
2021-06-22 09:57:31,368.8,1673765
2021-06-22 09:57:32,368.8,1673767
2021-06-22 09:57:33,368.9,1674311
2021-06-22 09:57:34,368.8,1674322
2021-06-22 09:57:35,368.8,1674322
2021-06-22 09:57:36,368.9,1674459
2021-06-22 09:57:37,368.9,1674459
2021-06-22 09:57:38,368.85,1674658
2021-06-22 09:57:39,368.85,1674690
2021-06-22 09:57:40,368.85,1674690
2021-06-22 09:57:41,368.85,1674727
2021-06-22 09:57:42,368.8,1675004
2021-06-22 09:57:43,368.8,1675004
2021-06-22 09:57:44,368.8,1675104
2021-06-22 09:57:45,368.8,1675159
2021-06-22 09:57:46,368.8,1675167
2021-06-22 09:57:47,368.8,1675167
2021-06-22 09:57:48,368.85,1675207
2021-06-22 09:57:49,368.95,1675966
2021-06-22 09:57:50,368.8,1676045
2021-06-22 09:57:51,368.8,1676143
2021-06-22 09:57:52,368.8,1677232
2021-06-22 09:57:53,368.95,1677251
2021-06-22 09:57:54,368.8,1677461
2021-06-22 09:57:55,368.85,1682752
2021-06-22 09:57:56,368.7,1684486
2021-06-22 09:57:57,368.7,1686897
2021-06-22 09:57:58,368.7,1687194
2021-06-22 09:57:59,368.65,1687622
2021-06-22 09:58:00,368.65,1687677
2021-06-22 09:58:01,368.65,1687960
2021-06-22 09:58:02,368.65,1687997
2021-06-22 09:58:03,368.65,1687997
2021-06-22 09:58:04,368.65,1688045
2021-06-22 09:58:05,368.7,1688051
2021-06-22 09:58:06,368.7,1688052
2021-06-22 09:58:07,368.65,1688109
2021-06-22 09:58:08,368.7,1689826
2021-06-22 09:58:09,368.7,1689826
2021-06-22 09:58:11,368.6,1689991
2021-06-22 09:58:12,368.6,1689995
2021-06-22 09:58:13,368.65,1690005
2021-06-22 09:58:14,368.7,1690025
2021-06-22 09:58:15,368.6,1690439
2021-06-22 09:58:16,368.6,1690449
2021-06-22 09:58:17,368.6,1690756
2021-06-22 09:58:18,368.55,1690813
2021-06-22 09:58:20,368.65,1690923
2021-06-22 09:58:21,368.55,1691792
2021-06-22 09:58:22,368.55,1691950
2021-06-22 09:58:24,368.6,1692351
2021-06-22 09:58:23,368.65,1692350
2021-06-22 09:58:25,368.55,1692386
2021-06-22 09:58:26,368.65,1693720
2021-06-22 09:58:27,368.55,1693880
2021-06-22 09:58:28,368.55,1693880
2021-06-22 09:58:29,368.55,1693985
2021-06-22 09:58:31,368.65,1696198
2021-06-22 09:58:30,368.65,1696198
2021-06-22 09:58:32,368.5,1696593
2021-06-22 09:58:33,368.6,1696594
2021-06-22 09:58:34,368.5,1696619
2021-06-22 09:58:35,368.6,1696676
2021-06-22 09:58:36,368.6,1696862
2021-06-22 09:58:37,368.6,1696862
2021-06-22 09:58:38,368.5,1696892
2021-06-22 09:58:39,368.6,1696994
2021-06-22 09:58:40,368.6,1697044
2021-06-22 09:58:42,368.5,1697061
2021-06-22 09:58:41,368.6,1697044
2021-06-22 09:58:43,368.6,1697136
2021-06-22 09:58:44,368.6,1697141
2021-06-22 09:58:45,368.6,1698500
2021-06-22 09:58:46,368.6,1698601
2021-06-22 09:58:47,368.6,1699245
2021-06-22 09:58:48,368.6,1699245
2021-06-22 09:58:49,368.55,1699354
2021-06-22 09:58:50,368.55,1699461
2021-06-22 09:58:51,368.55,1699461
2021-06-22 09:58:52,368.65,1699485
2021-06-22 09:58:53,368.6,1699785
2021-06-22 09:58:54,368.6,1699785
2021-06-22 09:58:55,368.6,1699795
2021-06-22 09:58:56,368.55,1700440
2021-06-22 09:58:57,368.55,1700490
2021-06-22 09:58:58,368.55,1700490
2021-06-22 09:58:59,368.55,1700490
2021-06-22 09:59:01,368.55,1701626
2021-06-22 09:59:03,368.55,1701756
2021-06-22 09:59:04,368.55,1701756
2021-06-22 09:59:05,368.55,1701756
2021-06-22 09:59:07,368.55,1701756
2021-06-22 09:59:08,368.55,1701756
2021-06-22 09:59:10,368.6,1701880
2021-06-22 09:59:11,368.6,1701885
2021-06-22 09:59:12,368.55,1702047
2021-06-22 09:59:13,368.55,1702047
2021-06-22 09:59:14,368.6,1704522
2021-06-22 09:59:15,368.65,1704607
2021-06-22 09:59:16,368.65,1704607
2021-06-22 09:59:18,368.55,1705305
2021-06-22 09:59:18,368.5,1705376
2021-06-22 09:59:20,368.7,1707532
2021-06-22 09:59:22,368.6,1709042
2021-06-22 09:59:23,368.55,1709043
2021-06-22 09:59:24,368.7,1710043
2021-06-22 09:59:25,368.65,1710291
2021-06-22 09:59:26,368.65,1710291
2021-06-22 09:59:27,368.65,1710296
2021-06-22 09:59:28,368.65,1710297
2021-06-22 09:59:29,368.65,1710297
2021-06-22 09:59:30,368.65,1710417
2021-06-22 09:59:31,368.65,1710417
2021-06-22 09:59:32,368.65,1710866
2021-06-22 09:59:33,368.65,1711386
2021-06-22 09:59:34,368.55,1711504
2021-06-22 09:59:35,368.55,1711504
2021-06-22 09:59:36,368.55,1711504
2021-06-22 09:59:37,368.55,1711505
2021-06-22 09:59:38,368.55,1711505
2021-06-22 09:59:39,368.55,1711505
2021-06-22 09:59:40,368.65,1712506
2021-06-22 09:59:41,368.65,1712597
2021-06-22 09:59:42,368.55,1713618
2021-06-22 09:59:43,368.55,1713618
2021-06-22 09:59:45,368.65,1713678
2021-06-22 09:59:46,368.65,1713869
2021-06-22 09:59:47,368.55,1713904
2021-06-22 09:59:48,368.55,1713918
2021-06-22 09:59:49,368.55,1713918
2021-06-22 09:59:50,368.55,1714348
2021-06-22 09:59:51,368.55,1714348
2021-06-22 09:59:52,368.55,1714503
2021-06-22 09:59:53,368.55,1714523
2021-06-22 09:59:54,368.55,1714523
2021-06-22 09:59:55,368.65,1714553
2021-06-22 09:59:57,368.5,1714882
2021-06-22 09:59:58,368.5,1714882
2021-06-22 09:59:59,368.7,1724533
2021-06-22 10:00:01,368.55,1725352
2021-06-22 10:00:02,368.65,1725382
2021-06-22 10:00:03,368.7,1727753
2021-06-22 10:00:04,368.6,1727827
2021-06-22 10:00:06,368.65,1728589
2021-06-22 10:00:06,368.65,1728589
2021-06-22 10:00:08,368.65,1733251
2021-06-22 10:00:09,368.55,1733467
2021-06-22 10:00:10,368.55,1734052
2021-06-22 10:00:11,368.65,1734559
2021-06-22 10:00:12,368.65,1734559
2021-06-22 10:00:14,368.65,1734654
2021-06-22 10:00:16,368.6,1734658
2021-06-22 10:00:17,368.6,1734704
2021-06-22 10:00:17,368.6,1734704
2021-06-22 10:00:18,368.6,1734704
2021-06-22 10:00:19,368.65,1734709
2021-06-22 10:00:20,368.65,1734709
2021-06-22 10:00:21,368.65,1734709
2021-06-22 10:00:22,368.65,1734709
2021-06-22 10:00:23,368.65,1734709
2021-06-22 10:00:25,368.6,1734710
2021-06-22 10:00:25,368.65,1734715
2021-06-22 10:00:26,368.65,1734715
2021-06-22 10:00:27,368.65,1734715
2021-06-22 10:00:28,368.65,1734715
2021-06-22 10:00:29,368.6,1735215
2021-06-22 10:00:30,368.6,1735215
2021-06-22 10:00:31,368.6,1736741
2021-06-22 10:00:32,368.75,1738901
2021-06-22 10:00:33,368.6,1738964
2021-06-22 10:00:34,368.6,1738964
2021-06-22 10:00:36,368.65,1738995
2021-06-22 10:00:36,368.65,1738995
2021-06-22 10:00:37,368.6,1738997
2021-06-22 10:00:38,368.6,1739007
2021-06-22 10:00:39,368.65,1739017
2021-06-22 10:00:41,368.6,1739815
2021-06-22 10:00:41,368.6,1739815
2021-06-22 10:00:42,368.6,1739944
2021-06-22 10:00:43,368.6,1740003
2021-06-22 10:00:44,368.65,1740493
2021-06-22 10:00:46,368.75,1740633
2021-06-22 10:00:47,368.75,1740635
2021-06-22 10:00:48,368.75,1740635
2021-06-22 10:00:51,368.75,1740745
2021-06-22 10:00:52,368.75,1740772
2021-06-22 10:00:53,368.75,1740773
2021-06-22 10:00:53,368.75,1740788
2021-06-22 10:00:55,368.75,1741288
2021-06-22 10:00:55,368.75,1741388
2021-06-22 10:00:57,368.7,1743251
2021-06-22 10:00:57,368.7,1743251
2021-06-22 10:00:58,368.65,1743551
2021-06-22 10:00:59,368.75,1744583
2021-06-22 10:01:00,368.75,1744583
2021-06-22 10:01:01,368.65,1745002
2021-06-22 10:01:02,368.65,1745002
2021-06-22 10:01:03,368.65,1745046
2021-06-22 10:01:04,368.75,1745096
2021-06-22 10:01:05,368.75,1745921
2021-06-22 10:01:06,368.65,1746071
2021-06-22 10:01:07,368.65,1746071
2021-06-22 10:01:08,368.65,1746071
2021-06-22 10:01:09,368.75,1746273
2021-06-22 10:01:10,368.75,1746283
2021-06-22 10:01:11,368.75,1746308
2021-06-22 10:01:12,368.6,1746311
2021-06-22 10:01:14,368.7,1746339
2021-06-22 10:01:14,368.7,1746339
2021-06-22 10:01:15,368.65,1746344
2021-06-22 10:01:16,368.7,1746444
2021-06-22 10:01:17,368.65,1747439
2021-06-22 10:01:18,368.65,1747439
2021-06-22 10:01:19,368.65,1749736
2021-06-22 10:01:20,368.7,1751572
2021-06-22 10:01:21,368.65,1752371
2021-06-22 10:01:22,368.65,1752612
2021-06-22 10:01:26,368.65,1753047
2021-06-22 10:01:27,368.65,1753151
2021-06-22 10:01:28,368.65,1753151
2021-06-22 10:01:29,368.65,1753151
2021-06-22 10:01:30,368.75,1753421
2021-06-22 10:01:31,368.75,1753421
2021-06-22 10:01:32,368.65,1755572
2021-06-22 10:01:33,368.65,1756018
2021-06-22 10:01:34,368.65,1756025
2021-06-22 10:01:36,368.75,1758175
2021-06-22 10:01:37,368.75,1758175
2021-06-22 10:01:39,368.7,1758449
2021-06-22 10:01:44,368.65,1758766
2021-06-22 10:01:47,368.65,1758871
2021-06-22 10:01:50,368.7,1758953
2021-06-22 10:01:54,368.7,1759023
2021-06-22 10:02:00,368.75,1760515
2021-06-22 10:02:03,368.75,1761087
2021-06-22 10:02:05,368.75,1761510
2021-06-22 10:02:08,368.7,1762668
2021-06-22 10:02:10,368.75,1763384
2021-06-22 10:02:12,368.95,1785750
2021-06-22 10:02:15,368.9,1785918
2021-06-22 10:02:18,368.85,1787668
2021-06-22 10:02:21,368.85,1787943
2021-06-22 10:02:24,368.85,1787943
2021-06-22 10:02:30,369.0,1789961
2021-06-22 10:02:32,369.1,1789996
2021-06-22 10:02:35,369.1,1789996
2021-06-22 10:02:38,369.2,1790339
2021-06-22 10:02:41,369.35,1790855
2021-06-22 10:02:44,369.45,1791068
2021-06-22 10:02:47,369.35,1791118
2021-06-22 10:02:49,369.45,1791282
2021-06-22 10:02:52,369.5,1791560
2021-06-22 10:02:55,369.5,1792085
2021-06-22 10:02:58,369.5,1794515
2021-06-22 10:03:01,369.5,1796079
2021-06-22 10:03:04,369.55,1796189
2021-06-22 10:03:06,369.55,1796190
2021-06-22 10:03:09,369.55,1796370
2021-06-22 10:03:11,369.55,1798114
2021-06-22 10:03:14,369.5,1798202
2021-06-22 10:03:17,369.55,1798395
2021-06-22 10:03:20,369.5,1799425
2021-06-22 10:03:22,369.55,1800482
2021-06-22 10:03:25,369.55,1800482
2021-06-22 10:03:27,369.6,1800871
2021-06-22 10:03:30,369.5,1802895
2021-06-22 10:03:33,369.65,1802906
2021-06-22 10:03:36,369.65,1802906
2021-06-22 10:03:39,369.55,1803306
2021-06-22 10:03:45,369.55,1805101
2021-06-22 10:03:48,369.6,1805201
2021-06-22 10:03:51,369.6,1805861
2021-06-22 10:03:56,369.5,1809943
2021-06-22 10:03:59,369.5,1809986
2021-06-22 10:04:02,369.5,1810544
2021-06-22 10:04:04,369.45,1811069
2021-06-22 10:04:07,369.45,1811594
2021-06-22 10:04:09,369.3,1811611
2021-06-22 10:04:12,369.25,1817867
2021-06-22 10:04:15,369.25,1821087
2021-06-22 10:04:18,369.25,1821187
2021-06-22 10:04:20,369.25,1824482
2021-06-22 10:04:23,369.25,1824482
2021-06-22 10:04:26,369.2,1824507
2021-06-22 10:04:28,369.2,1824515
2021-06-22 10:04:31,369.25,1828473
2021-06-22 10:04:34,369.25,1828473
2021-06-22 10:04:37,369.25,1828708
2021-06-22 10:04:39,369.25,1829508
2021-06-22 10:04:42,369.25,1832820
2021-06-22 10:04:45,369.25,1833330
2021-06-22 10:04:47,369.25,1833340
2021-06-22 10:04:50,369.25,1833700
2021-06-22 10:04:52,369.25,1838311
2021-06-22 10:04:55,369.25,1838471
2021-06-22 10:04:57,369.25,1843983
2021-06-22 10:05:00,369.35,1853549
2021-06-22 10:05:02,369.65,1854777
2021-06-22 10:05:05,369.65,1855820
2021-06-22 10:05:07,369.65,1855964
2021-06-22 10:05:10,369.65,1856505
2021-06-22 10:05:12,369.4,1857159
2021-06-22 10:05:15,369.6,1857322
2021-06-22 10:05:17,369.6,1857489
2021-06-22 10:05:20,369.55,1858129
2021-06-22 10:05:22,369.3,1858305
2021-06-22 10:05:26,369.4,1859554
2021-06-22 10:05:29,369.5,1859555
2021-06-22 10:05:32,369.5,1859693
2021-06-22 10:05:35,369.5,1859806
2021-06-22 10:05:38,369.5,1859948
2021-06-22 10:05:41,369.5,1860008
2021-06-22 10:05:44,369.5,1860269
2021-06-22 10:05:47,369.5,1860904
2021-06-22 10:05:52,369.5,1861053
2021-06-22 10:05:54,369.4,1861096
2021-06-22 10:05:57,369.4,1861096
2021-06-22 10:05:59,369.4,1861232
2021-06-22 10:06:02,369.5,1865398
2021-06-22 10:06:05,369.5,1865398
2021-06-22 10:06:07,369.5,1865398
2021-06-22 10:06:10,369.4,1865898
2021-06-22 10:06:12,369.4,1865906
2021-06-22 10:06:18,369.4,1866833
2021-06-22 10:06:20,369.5,1867240
2021-06-22 10:06:23,369.4,1867265
2021-06-22 10:06:25,369.45,1869365
2021-06-22 10:06:27,369.45,1869365
2021-06-22 10:06:30,369.6,1869376
2021-06-22 10:06:32,369.6,1869376
2021-06-22 10:06:35,369.45,1872941
2021-06-22 10:06:37,369.6,1873779
2021-06-22 10:06:39,369.45,1874140
2021-06-22 10:06:40,369.4,1874158
2021-06-22 10:06:41,369.4,1874158
2021-06-22 10:06:42,369.4,1874158
2021-06-22 10:06:43,369.45,1874358
2021-06-22 10:06:44,369.4,1878175
2021-06-22 10:06:45,369.2,1879957
2021-06-22 10:06:46,369.2,1879991
2021-06-22 10:06:47,369.2,1880021
2021-06-22 10:06:48,369.2,1880021
2021-06-22 10:06:49,369.25,1880053
2021-06-22 10:06:50,369.25,1880263
2021-06-22 10:06:51,369.25,1880263
2021-06-22 10:06:52,369.15,1880265
2021-06-22 10:06:53,369.15,1880278
2021-06-22 10:06:54,369.25,1882249
2021-06-22 10:06:55,369.25,1882277
2021-06-22 10:06:56,369.25,1882277
2021-06-22 10:06:57,369.25,1882277
2021-06-22 10:06:58,369.45,1882427
2021-06-22 10:06:59,369.45,1882427
2021-06-22 10:07:00,369.45,1882427
2021-06-22 10:07:01,369.45,1882443
2021-06-22 10:07:02,369.45,1882443
2021-06-22 10:07:03,369.45,1882443
2021-06-22 10:07:04,369.45,1882443
2021-06-22 10:07:05,369.45,1882468
2021-06-22 10:07:06,369.25,1882498
2021-06-22 10:07:07,369.45,1882508
2021-06-22 10:07:08,369.6,1883831
2021-06-22 10:07:09,369.6,1883831
2021-06-22 10:07:10,369.6,1883831
2021-06-22 10:07:11,369.6,1883831
2021-06-22 10:07:12,369.6,1883831
2021-06-22 10:07:13,369.3,1884042
2021-06-22 10:07:14,369.5,1884102
2021-06-22 10:07:15,369.5,1884102
2021-06-22 10:07:16,369.5,1884102
2021-06-22 10:07:17,369.45,1884429
2021-06-22 10:07:18,369.3,1885729
2021-06-22 10:07:19,369.5,1885929
2021-06-22 10:07:20,369.5,1885929
2021-06-22 10:07:21,369.55,1886262
2021-06-22 10:07:21,369.55,1886262
2021-06-22 10:07:23,369.5,1886263
2021-06-22 10:07:23,369.5,1886263
2021-06-22 10:07:24,369.5,1886763
2021-06-22 10:07:25,369.5,1886763
2021-06-22 10:07:26,369.5,1886763
2021-06-22 10:07:27,369.5,1886763
2021-06-22 10:07:28,369.3,1886938
2021-06-22 10:07:30,369.3,1886938
2021-06-22 10:07:31,369.5,1887209
2021-06-22 10:07:32,369.5,1887209
2021-06-22 10:07:33,369.5,1887210
2021-06-22 10:07:34,369.5,1887364
2021-06-22 10:07:35,369.5,1887364
2021-06-22 10:07:36,369.5,1887364
2021-06-22 10:07:37,369.6,1888364
2021-06-22 10:07:38,369.6,1888898
2021-06-22 10:07:39,369.6,1888948
2021-06-22 10:07:40,369.6,1889449
2021-06-22 10:07:41,369.35,1889725
2021-06-22 10:07:42,369.45,1889750
2021-06-22 10:07:43,369.45,1889790
2021-06-22 10:07:44,369.45,1889900
2021-06-22 10:07:46,369.45,1889900
2021-06-22 10:07:47,369.45,1889906
2021-06-22 10:07:48,369.45,1889906
2021-06-22 10:07:49,369.45,1889906
2021-06-22 10:07:50,369.45,1889906
2021-06-22 10:07:51,369.45,1889906
2021-06-22 10:07:52,369.45,1890069
2021-06-22 10:07:53,369.45,1890221
2021-06-22 10:07:54,369.5,1891191
2021-06-22 10:07:55,369.5,1891191
2021-06-22 10:07:56,369.5,1891221
2021-06-22 10:07:57,369.45,1891222
2021-06-22 10:07:58,369.45,1891222
2021-06-22 10:07:59,369.35,1891362
2021-06-22 10:08:00,369.5,1891443
2021-06-22 10:08:01,369.5,1891443
2021-06-22 10:08:02,369.5,1891443
2021-06-22 10:08:04,369.45,1891566
2021-06-22 10:08:05,369.45,1891566
2021-06-22 10:08:06,369.45,1891566
2021-06-22 10:08:08,369.35,1891631
2021-06-22 10:08:09,369.5,1891641
2021-06-22 10:08:10,369.35,1891801
2021-06-22 10:08:11,369.35,1891801
2021-06-22 10:08:12,369.35,1891801
2021-06-22 10:08:15,369.45,1891802
2021-06-22 10:08:17,369.45,1891829
2021-06-22 10:08:18,369.45,1891829
2021-06-22 10:08:19,369.35,1892246
2021-06-22 10:08:21,369.3,1892497
2021-06-22 10:08:22,369.3,1892497
2021-06-22 10:08:23,369.4,1892498
2021-06-22 10:08:24,369.4,1892851
2021-06-22 10:08:25,369.4,1893101
2021-06-22 10:08:26,369.5,1896523
2021-06-22 10:08:27,369.6,1896529
2021-06-22 10:08:28,369.5,1896629
2021-06-22 10:08:29,369.5,1896726
2021-06-22 10:08:30,369.5,1896726
2021-06-22 10:08:32,369.5,1896726
2021-06-22 10:08:33,369.5,1896726
2021-06-22 10:08:34,369.5,1897189
2021-06-22 10:08:36,369.6,1897190
2021-06-22 10:08:37,369.6,1897190
2021-06-22 10:08:38,369.7,1911953
2021-06-22 10:08:39,369.55,1912059
2021-06-22 10:08:40,369.55,1912060
2021-06-22 10:08:41,369.55,1912158
2021-06-22 10:08:42,369.55,1912158
2021-06-22 10:08:43,369.55,1912158
2021-06-22 10:08:44,369.65,1912508
2021-06-22 10:08:45,369.4,1913513
2021-06-22 10:08:46,369.5,1913814
2021-06-22 10:08:47,369.55,1914010
2021-06-22 10:08:48,369.35,1914068
2021-06-22 10:08:49,369.4,1914069
2021-06-22 10:08:50,369.4,1914069
2021-06-22 10:08:53,369.4,1914069
2021-06-22 10:08:54,369.4,1914069
2021-06-22 10:08:55,369.35,1914885
2021-06-22 10:08:56,369.4,1914958
2021-06-22 10:08:57,369.4,1914971
2021-06-22 10:08:58,369.4,1914983
2021-06-22 10:08:59,369.3,1914985
2021-06-22 10:09:00,369.3,1915085
2021-06-22 10:09:01,369.3,1915100
2021-06-22 10:09:02,369.3,1915109
2021-06-22 10:09:03,369.3,1915110
2021-06-22 10:09:04,369.4,1915135
2021-06-22 10:09:05,369.3,1915138
2021-06-22 10:09:06,369.4,1915273
2021-06-22 10:09:07,369.4,1915273
2021-06-22 10:09:08,369.4,1915273
2021-06-22 10:09:09,369.4,1915508
2021-06-22 10:09:10,369.4,1915508
2021-06-22 10:09:11,369.4,1915508
2021-06-22 10:09:12,369.4,1915508
2021-06-22 10:09:13,369.4,1915508
2021-06-22 10:09:14,369.4,1915508
2021-06-22 10:09:15,369.4,1915518
2021-06-22 10:09:16,369.4,1915518
2021-06-22 10:09:17,369.35,1915572
2021-06-22 10:09:18,369.4,1915798
2021-06-22 10:09:19,369.4,1915803
2021-06-22 10:09:20,369.4,1915965
2021-06-22 10:09:21,369.4,1915965
2021-06-22 10:09:22,369.4,1915965
2021-06-22 10:09:23,369.45,1920867
2021-06-22 10:09:24,369.25,1920946
2021-06-22 10:09:26,369.35,1920948
2021-06-22 10:09:27,369.4,1921148
2021-06-22 10:09:28,369.4,1921148
2021-06-22 10:09:29,369.4,1921148
2021-06-22 10:09:31,369.5,1922481
2021-06-22 10:09:33,369.55,1922651
2021-06-22 10:09:34,369.55,1922651
2021-06-22 10:09:36,369.55,1922751
2021-06-22 10:09:37,369.55,1922781
2021-06-22 10:09:38,369.55,1922781
2021-06-22 10:09:39,369.4,1922792
2021-06-22 10:09:43,369.55,1923292
2021-06-22 10:09:44,369.55,1923292
2021-06-22 10:09:45,369.4,1923593
2021-06-22 10:09:46,369.4,1923593
2021-06-22 10:09:47,369.5,1923613
2021-06-22 10:09:48,369.5,1923613
2021-06-22 10:09:49,369.5,1923613
2021-06-22 10:09:50,369.5,1923625
2021-06-22 10:09:51,369.5,1923625
2021-06-22 10:09:52,369.5,1923733
2021-06-22 10:09:53,369.5,1923733
2021-06-22 10:09:54,369.5,1923743
2021-06-22 10:09:55,369.5,1923747
2021-06-22 10:09:56,369.5,1923748
2021-06-22 10:09:57,369.5,1923748
2021-06-22 10:09:59,369.5,1923748
2021-06-22 10:10:00,369.5,1923748
2021-06-22 10:10:01,369.4,1923848
2021-06-22 10:10:02,369.4,1923848
2021-06-22 10:10:03,369.5,1924458
2021-06-22 10:10:04,369.4,1924488
2021-06-22 10:10:05,369.5,1924558
2021-06-22 10:10:06,369.5,1924558
2021-06-22 10:10:07,369.5,1924558
2021-06-22 10:10:08,369.5,1924618
2021-06-22 10:10:09,369.5,1924618
2021-06-22 10:10:10,369.5,1924618
2021-06-22 10:10:11,369.5,1924788
2021-06-22 10:10:12,369.5,1924788
2021-06-22 10:10:13,369.5,1924788
2021-06-22 10:10:14,369.55,1927161
2021-06-22 10:10:15,369.55,1927161
2021-06-22 10:10:16,369.55,1927161
2021-06-22 10:10:17,369.55,1927276
2021-06-22 10:10:18,369.5,1927281
2021-06-22 10:10:19,369.5,1927281
2021-06-22 10:10:20,369.5,1927481
2021-06-22 10:10:21,369.45,1927592
2021-06-22 10:10:22,369.45,1927592
2021-06-22 10:10:23,369.55,1929742
2021-06-22 10:10:24,369.55,1929742
2021-06-22 10:10:25,369.55,1929742
2021-06-22 10:10:26,369.55,1929742
2021-06-22 10:10:27,369.55,1929742
2021-06-22 10:10:28,369.5,1930367
2021-06-22 10:10:29,369.5,1930367
2021-06-22 10:10:31,369.5,1930758
2021-06-22 10:10:31,369.5,1930758
2021-06-22 10:10:33,369.55,1930950
2021-06-22 10:10:34,369.5,1930981
2021-06-22 10:10:35,369.5,1930981
2021-06-22 10:10:37,369.55,1942204
2021-06-22 10:10:38,369.5,1947327
2021-06-22 10:10:39,369.4,1947761
2021-06-22 10:10:41,369.4,1947770
2021-06-22 10:10:43,369.4,1947770
2021-06-22 10:10:44,369.4,1947774
2021-06-22 10:10:45,369.4,1947872
2021-06-22 10:10:46,369.4,1947886
2021-06-22 10:10:47,369.4,1947887
2021-06-22 10:10:49,369.5,1947901
2021-06-22 10:10:51,369.4,1952674
2021-06-22 10:10:53,369.3,1953227
2021-06-22 10:10:54,369.3,1953755
2021-06-22 10:10:55,369.2,1953818
2021-06-22 10:10:57,369.4,1955968
2021-06-22 10:10:58,369.4,1955968
2021-06-22 10:10:59,369.25,1956010
2021-06-22 10:11:00,369.35,1956011
2021-06-22 10:11:01,369.35,1956011
2021-06-22 10:11:02,369.35,1956011
2021-06-22 10:11:03,369.35,1956011
2021-06-22 10:11:04,369.35,1956021
2021-06-22 10:11:06,369.5,1962571
2021-06-22 10:11:06,369.5,1962571
2021-06-22 10:11:09,369.4,1962595
2021-06-22 10:11:10,369.35,1962785
2021-06-22 10:11:11,369.5,1963373
2021-06-22 10:11:12,369.5,1964117
2021-06-22 10:11:13,369.6,1964160
2021-06-22 10:11:14,369.5,1964190
2021-06-22 10:11:15,369.5,1964200
2021-06-22 10:11:16,369.5,1964200
2021-06-22 10:11:17,369.5,1964292
2021-06-22 10:11:18,369.5,1964642
2021-06-22 10:11:20,369.6,1964742
2021-06-22 10:11:21,369.5,1964943
2021-06-22 10:11:22,369.5,1964943
2021-06-22 10:11:23,369.55,1964944
2021-06-22 10:11:24,369.55,1964944
2021-06-22 10:11:25,369.55,1964959
2021-06-22 10:11:26,369.55,1964962
2021-06-22 10:11:27,369.55,1964963
2021-06-22 10:11:29,369.55,1964965
2021-06-22 10:11:31,369.55,1964968
2021-06-22 10:11:32,369.55,1964969
2021-06-22 10:11:33,369.55,1964969
2021-06-22 10:11:34,369.55,1964969
2021-06-22 10:11:35,369.55,1965019
2021-06-22 10:11:36,369.55,1965019
2021-06-22 10:11:37,369.55,1965019
2021-06-22 10:11:38,369.55,1965530
2021-06-22 10:11:40,369.55,1965530
2021-06-22 10:11:41,369.5,1965630
2021-06-22 10:11:42,369.5,1965830
2021-06-22 10:11:43,369.3,1966530
2021-06-22 10:11:44,369.5,1967030
2021-06-22 10:11:45,369.5,1967051
2021-06-22 10:11:46,369.5,1967051
2021-06-22 10:11:47,369.5,1967072
2021-06-22 10:11:48,369.5,1967177
2021-06-22 10:11:51,369.5,1967190
2021-06-22 10:11:52,369.5,1967588
2021-06-22 10:11:53,369.5,1967588
2021-06-22 10:11:54,369.5,1967588
2021-06-22 10:11:55,369.6,1968747
2021-06-22 10:11:56,369.5,1969247
2021-06-22 10:11:57,369.5,1969247
2021-06-22 10:11:58,369.5,1969247
2021-06-22 10:11:59,369.6,1969257
2021-06-22 10:12:00,369.6,1969257
2021-06-22 10:12:01,369.55,1969815
2021-06-22 10:12:02,369.6,1969820
2021-06-22 10:12:03,369.45,1970820
2021-06-22 10:12:04,369.5,1970900
2021-06-22 10:12:05,369.6,1970905
2021-06-22 10:12:07,369.6,1971009
2021-06-22 10:12:08,369.6,1974103
2021-06-22 10:12:08,369.6,1974103
2021-06-22 10:12:09,369.6,1974379
2021-06-22 10:12:11,369.65,1979893
2021-06-22 10:12:12,369.6,1980113
2021-06-22 10:12:13,369.6,1980120
2021-06-22 10:12:14,369.65,1984430
2021-06-22 10:12:15,369.65,1985389
2021-06-22 10:12:16,369.65,1988867
2021-06-22 10:12:18,369.65,1988869
2021-06-22 10:12:18,369.65,1988869
2021-06-22 10:12:20,369.65,1988869
2021-06-22 10:12:20,369.6,1991069
2021-06-22 10:12:21,369.7,1993279
2021-06-22 10:12:22,369.7,1993279
2021-06-22 10:12:23,369.7,1993331
2021-06-22 10:12:24,369.7,1993331
2021-06-22 10:12:25,369.6,1993343
2021-06-22 10:12:26,369.55,1993349
2021-06-22 10:12:27,369.6,1993804
2021-06-22 10:12:29,369.55,1993820
2021-06-22 10:12:30,369.55,1993820
2021-06-22 10:12:33,369.55,1994110
2021-06-22 10:12:34,369.55,1994110
2021-06-22 10:12:35,369.6,1994610
2021-06-22 10:12:39,369.3,1999983
2021-06-22 10:12:41,369.35,2000411
2021-06-22 10:12:42,369.35,2000417
2021-06-22 10:12:43,369.35,2000440
2021-06-22 10:12:43,369.35,2000718
2021-06-22 10:12:45,369.35,2000719
2021-06-22 10:12:46,369.5,2001693
2021-06-22 10:12:49,369.5,2001703
2021-06-22 10:12:49,369.3,2001753
2021-06-22 10:12:52,369.5,2001883
2021-06-22 10:12:53,369.3,2001983
2021-06-22 10:12:55,369.5,2002294
2021-06-22 10:12:56,369.5,2002294
2021-06-22 10:12:57,369.5,2002294
2021-06-22 10:12:58,369.45,2002311
2021-06-22 10:12:59,369.45,2002311
2021-06-22 10:13:01,369.3,2002441
2021-06-22 10:13:01,369.3,2002441
2021-06-22 10:13:02,369.3,2002441
2021-06-22 10:13:03,369.3,2002441
2021-06-22 10:13:04,369.3,2002586
2021-06-22 10:13:05,369.3,2002601
2021-06-22 10:13:06,369.3,2002601
2021-06-22 10:13:07,369.3,2002601
2021-06-22 10:13:08,369.05,2004651
2021-06-22 10:13:09,369.15,2004666
2021-06-22 10:13:11,369.15,2004686
2021-06-22 10:13:11,369.15,2004686
2021-06-22 10:13:12,369.15,2004845
2021-06-22 10:13:13,369.0,2005037
2021-06-22 10:13:14,369.15,2005087
2021-06-22 10:13:15,369.15,2005287
2021-06-22 10:13:16,369.05,2005288
2021-06-22 10:13:17,369.05,2005288
2021-06-22 10:13:18,369.0,2005488
2021-06-22 10:13:19,369.0,2005638
2021-06-22 10:13:20,369.0,2005638
2021-06-22 10:13:22,369.0,2005638
2021-06-22 10:13:23,369.15,2006239
2021-06-22 10:13:23,369.15,2006239
2021-06-22 10:13:25,369.25,2006240
2021-06-22 10:13:26,369.25,2006240
2021-06-22 10:13:27,369.25,2006240
