timestamp,ltp,volume
2021-06-22 09:16:35,2508.85,44157
2021-06-22 09:16:36,2508.85,44506
2021-06-22 09:16:37,2508.8,44575
2021-06-22 09:16:38,2508.95,44773
2021-06-22 09:16:39,2508.8,45002
2021-06-22 09:16:40,2508.8,45018
2021-06-22 09:16:42,2508.8,45173
2021-06-22 09:16:43,2508.65,45396
2021-06-22 09:16:44,2508.95,45561
2021-06-22 09:16:45,2508.7,45628
2021-06-22 09:16:46,2508.65,45725
2021-06-22 09:16:47,2508.9,45763
2021-06-22 09:16:48,2508.9,46008
2021-06-22 09:16:49,2509.9,46169
2021-06-22 09:16:50,2508.8,46214
2021-06-22 09:16:51,2508.55,46414
2021-06-22 09:16:52,2509.8,46458
2021-06-22 09:16:53,2508.7,46506
2021-06-22 09:16:54,2509.95,46711
2021-06-22 09:16:55,2509.95,46789
2021-06-22 09:16:56,2509.95,46898
2021-06-22 09:16:57,2509.95,46909
2021-06-22 09:16:59,2509.95,47215
2021-06-22 09:16:59,2509.85,47315
2021-06-22 09:17:00,2509.95,47363
2021-06-22 09:17:01,2509.9,47506
2021-06-22 09:17:02,2510.05,47916
2021-06-22 09:17:03,2509.9,48146
2021-06-22 09:17:04,2509.95,48357
2021-06-22 09:17:06,2509.95,48438
2021-06-22 09:17:06,2509.95,48383
2021-06-22 09:17:07,2509.95,48455
2021-06-22 09:17:08,2509.8,48951
2021-06-22 09:17:09,2509.95,49138
2021-06-22 09:17:11,2509.95,49343
2021-06-22 09:17:11,2509.95,49343
2021-06-22 09:17:12,2509.9,49878
2021-06-22 09:17:13,2509.75,50719
2021-06-22 09:17:14,2509.8,51298
2021-06-22 09:17:16,2509.6,51826
2021-06-22 09:17:16,2509.8,51789
2021-06-22 09:17:17,2509.75,51959
2021-06-22 09:17:18,2509.0,51980
2021-06-22 09:17:19,2508.8,52312
2021-06-22 09:17:20,2508.25,53435
2021-06-22 09:17:21,2508.95,53526
2021-06-22 09:17:23,2508.0,53709
2021-06-22 09:17:24,2507.5,54118
2021-06-22 09:17:25,2507.0,54594
2021-06-22 09:17:25,2506.45,54651
2021-06-22 09:17:26,2505.0,55368
2021-06-22 09:17:27,2506.6,55535
2021-06-22 09:17:28,2505.65,55681
2021-06-22 09:17:30,2506.85,55769
2021-06-22 09:17:31,2506.9,55865
2021-06-22 09:17:31,2506.9,55872
2021-06-22 09:17:32,2507.1,56076
2021-06-22 09:17:33,2506.15,56115
2021-06-22 09:17:34,2506.95,56265
2021-06-22 09:17:35,2505.85,56354
2021-06-22 09:17:37,2505.85,56360
2021-06-22 09:17:39,2505.85,56412
2021-06-22 09:17:40,2506.55,56418
2021-06-22 09:17:40,2506.55,56418
2021-06-22 09:17:41,2506.05,56527
2021-06-22 09:17:42,2506.05,56642
2021-06-22 09:17:43,2505.55,57703
2021-06-22 09:17:44,2506.0,57824
2021-06-22 09:17:45,2505.75,57915
2021-06-22 09:17:47,2505.65,58349
2021-06-22 09:17:48,2505.65,58434
2021-06-22 09:17:49,2506.0,58834
2021-06-22 09:17:50,2505.9,58980
2021-06-22 09:17:51,2505.9,59055
2021-06-22 09:17:51,2505.95,59069
2021-06-22 09:17:52,2506.1,59285
2021-06-22 09:17:53,2506.1,59299
2021-06-22 09:17:54,2506.05,59347
2021-06-22 09:17:55,2506.1,59352
2021-06-22 09:17:57,2506.15,59384
2021-06-22 09:17:57,2506.15,59384
2021-06-22 09:17:58,2505.8,59492
2021-06-22 09:17:59,2506.15,59538
2021-06-22 09:18:00,2506.2,59610
2021-06-22 09:18:01,2506.2,59638
2021-06-22 09:18:03,2506.25,60436
2021-06-22 09:18:03,2506.15,60492
2021-06-22 09:18:04,2506.05,60774
2021-06-22 09:18:05,2506.15,60796
2021-06-22 09:18:06,2506.2,60897
2021-06-22 09:18:07,2506.25,60944
2021-06-22 09:18:09,2506.1,61405
2021-06-22 09:18:10,2506.25,61510
2021-06-22 09:18:12,2506.1,61755
2021-06-22 09:18:12,2506.1,61778
2021-06-22 09:18:13,2506.15,61849
2021-06-22 09:18:14,2506.1,62078
2021-06-22 09:18:15,2507.0,62437
2021-06-22 09:18:17,2506.1,62552
2021-06-22 09:18:18,2506.4,62655
2021-06-22 09:18:19,2506.4,62741
2021-06-22 09:18:19,2506.25,62746
2021-06-22 09:18:20,2506.55,62957
2021-06-22 09:18:21,2506.3,63001
2021-06-22 09:18:22,2507.55,63078
2021-06-22 09:18:23,2506.5,63084
2021-06-22 09:18:24,2507.0,63184
2021-06-22 09:18:25,2507.0,63319
2021-06-22 09:18:27,2506.4,63532
2021-06-22 09:18:28,2506.4,63553
2021-06-22 09:18:29,2506.4,63750
2021-06-22 09:18:30,2506.4,63867
2021-06-22 09:18:31,2507.0,63925
2021-06-22 09:18:31,2506.4,63970
2021-06-22 09:18:32,2506.4,63983
2021-06-22 09:18:33,2507.0,64031
2021-06-22 09:18:34,2506.4,64054
2021-06-22 09:18:35,2506.95,64235
2021-06-22 09:18:36,2506.8,64435
2021-06-22 09:18:39,2506.4,64674
2021-06-22 09:18:39,2506.4,64674
2021-06-22 09:18:40,2506.8,64808
2021-06-22 09:18:41,2506.85,64860
2021-06-22 09:18:43,2506.95,65229
2021-06-22 09:18:44,2506.95,65274
2021-06-22 09:18:44,2506.95,65274
2021-06-22 09:18:45,2506.95,65367
2021-06-22 09:18:46,2507.0,65731
2021-06-22 09:18:48,2507.0,65766
2021-06-22 09:18:49,2506.7,65770
2021-06-22 09:18:51,2507.0,66195
2021-06-22 09:18:51,2507.0,66195
2021-06-22 09:18:52,2507.0,66195
2021-06-22 09:18:53,2507.1,67596
2021-06-22 09:18:55,2507.0,68395
2021-06-22 09:18:56,2507.1,68719
2021-06-22 09:18:57,2506.7,68916
2021-06-22 09:18:57,2506.7,68941
2021-06-22 09:18:58,2506.7,69030
2021-06-22 09:18:59,2507.0,69062
2021-06-22 09:19:00,2507.1,69412
2021-06-22 09:19:01,2507.0,69471
2021-06-22 09:19:02,2507.1,69615
2021-06-22 09:19:04,2506.9,69623
2021-06-22 09:19:05,2506.9,70268
2021-06-22 09:19:05,2506.9,69755
2021-06-22 09:19:06,2507.15,70444
2021-06-22 09:19:08,2507.2,70544
2021-06-22 09:19:09,2507.25,71069
2021-06-22 09:19:10,2507.25,71130
2021-06-22 09:19:11,2506.9,71396
2021-06-22 09:19:13,2507.25,71446
2021-06-22 09:19:14,2507.25,71483
2021-06-22 09:19:15,2507.1,71514
2021-06-22 09:19:15,2507.1,71530
2021-06-22 09:19:16,2507.1,71645
2021-06-22 09:19:17,2507.1,71655
2021-06-22 09:19:18,2507.25,71700
2021-06-22 09:19:19,2507.3,71801
2021-06-22 09:19:20,2507.25,71817
2021-06-22 09:19:22,2507.3,71876
2021-06-22 09:19:23,2507.35,72092
2021-06-22 09:19:24,2507.35,72307
2021-06-22 09:19:24,2507.25,72349
2021-06-22 09:19:25,2507.45,72496
2021-06-22 09:19:26,2507.45,72506
2021-06-22 09:19:27,2507.3,72607
2021-06-22 09:19:29,2507.25,72646
2021-06-22 09:19:30,2507.55,72823
2021-06-22 09:19:31,2507.45,73006
2021-06-22 09:19:32,2507.25,73059
2021-06-22 09:19:33,2507.25,73146
2021-06-22 09:19:35,2507.25,73257
2021-06-22 09:19:36,2507.25,73349
2021-06-22 09:19:37,2507.25,73462
2021-06-22 09:19:38,2507.25,73584
2021-06-22 09:19:40,2507.55,73870
2021-06-22 09:19:42,2507.25,74050
2021-06-22 09:19:43,2507.25,74069
2021-06-22 09:19:43,2507.6,74079
2021-06-22 09:19:44,2507.25,74156
2021-06-22 09:19:45,2507.25,74156
2021-06-22 09:19:46,2507.55,74201
2021-06-22 09:19:47,2507.6,74208
2021-06-22 09:19:49,2507.6,74255
2021-06-22 09:19:50,2507.6,74268
2021-06-22 09:19:50,2507.6,74279
2021-06-22 09:19:51,2507.6,74683
2021-06-22 09:19:52,2507.6,74731
2021-06-22 09:19:53,2507.55,74793
2021-06-22 09:19:54,2507.75,75299
2021-06-22 09:19:55,2507.6,75366
2021-06-22 09:19:57,2507.6,75391
2021-06-22 09:19:58,2507.75,75427
2021-06-22 09:19:58,2507.75,75427
2021-06-22 09:19:59,2507.75,75427
2021-06-22 09:20:01,2507.85,75660
2021-06-22 09:20:02,2507.85,75692
2021-06-22 09:20:03,2508.0,75895
2021-06-22 09:20:05,2508.1,76378
2021-06-22 09:20:06,2508.2,76602
2021-06-22 09:20:07,2508.2,76829
2021-06-22 09:20:08,2508.2,76898
2021-06-22 09:20:08,2508.2,76898
2021-06-22 09:20:09,2508.3,76953
2021-06-22 09:20:10,2508.0,77018
2021-06-22 09:20:12,2508.05,77108
2021-06-22 09:20:13,2508.3,77142
2021-06-22 09:20:13,2508.3,77142
2021-06-22 09:20:14,2508.4,77331
2021-06-22 09:20:15,2508.4,77444
2021-06-22 09:20:16,2508.5,77521
2021-06-22 09:20:17,2508.5,77542
2021-06-22 09:20:18,2508.5,77545
2021-06-22 09:20:19,2508.5,77563
2021-06-22 09:20:20,2508.5,77563
2021-06-22 09:20:22,2508.5,77588
2021-06-22 09:20:23,2508.5,77740
2021-06-22 09:20:24,2508.65,78102
2021-06-22 09:20:25,2508.65,78218
2021-06-22 09:20:25,2508.5,78259
2021-06-22 09:20:26,2508.5,78403
2021-06-22 09:20:27,2508.65,78768
2021-06-22 09:20:30,2508.5,78879
2021-06-22 09:20:31,2508.5,78965
2021-06-22 09:20:32,2508.65,79176
2021-06-22 09:20:33,2508.65,79518
2021-06-22 09:20:33,2508.65,79569
2021-06-22 09:20:34,2508.5,79785
2021-06-22 09:20:35,2509.0,80242
2021-06-22 09:20:37,2508.85,80295
2021-06-22 09:20:38,2508.5,80301
2021-06-22 09:20:39,2508.85,80309
2021-06-22 09:20:40,2508.75,80361
2021-06-22 09:20:41,2508.85,80365
2021-06-22 09:20:43,2508.85,80388
2021-06-22 09:20:44,2508.85,80390
2021-06-22 09:20:45,2508.95,80472
2021-06-22 09:20:46,2508.95,80500
2021-06-22 09:20:47,2508.95,80508
2021-06-22 09:20:47,2508.95,80508
2021-06-22 09:20:48,2508.95,80518
2021-06-22 09:20:49,2508.85,80598
2021-06-22 09:20:51,2508.95,80599
2021-06-22 09:20:52,2509.05,81454
2021-06-22 09:20:53,2509.05,81556
2021-06-22 09:20:54,2508.85,81594
2021-06-22 09:20:55,2509.35,82045
2021-06-22 09:20:56,2509.05,82072
2021-06-22 09:20:56,2509.05,82072
2021-06-22 09:20:57,2509.05,82073
2021-06-22 09:20:58,2509.2,82307
2021-06-22 09:20:59,2509.0,82323
2021-06-22 09:21:02,2511.85,82888
2021-06-22 09:21:03,2512.9,83233
2021-06-22 09:21:04,2511.1,83313
2021-06-22 09:21:04,2511.1,83318
2021-06-22 09:21:05,2511.1,83399
2021-06-22 09:21:06,2511.1,83413
2021-06-22 09:21:08,2511.1,83421
2021-06-22 09:21:09,2512.15,83482
2021-06-22 09:21:10,2512.15,83568
2021-06-22 09:21:11,2512.15,83638
2021-06-22 09:21:12,2512.15,83639
2021-06-22 09:21:13,2511.5,83665
2021-06-22 09:21:14,2512.15,83671
2021-06-22 09:21:14,2512.15,83701
2021-06-22 09:21:15,2512.25,83969
2021-06-22 09:21:17,2511.55,84042
2021-06-22 09:21:18,2512.15,84050
2021-06-22 09:21:19,2512.0,84086
2021-06-22 09:21:19,2512.0,84085
2021-06-22 09:21:20,2511.85,84675
2021-06-22 09:21:22,2511.9,87315
2021-06-22 09:21:23,2511.65,87618
2021-06-22 09:21:24,2511.55,88478
2021-06-22 09:21:24,2511.55,88457
2021-06-22 09:21:25,2511.75,89382
2021-06-22 09:21:27,2511.55,89704
2021-06-22 09:21:28,2511.55,89769
2021-06-22 09:21:29,2511.55,89777
2021-06-22 09:21:30,2511.55,90278
2021-06-22 09:21:30,2511.45,90877
2021-06-22 09:21:31,2511.0,91647
2021-06-22 09:21:33,2510.55,91796
2021-06-22 09:21:34,2510.55,91892
2021-06-22 09:21:35,2510.55,91897
2021-06-22 09:21:36,2510.0,91967
2021-06-22 09:21:36,2509.7,92024
2021-06-22 09:21:39,2510.5,92047
2021-06-22 09:21:38,2510.5,92047
2021-06-22 09:21:40,2509.65,92134
2021-06-22 09:21:41,2509.35,92147
2021-06-22 09:21:42,2509.35,92203
2021-06-22 09:21:43,2510.1,92294
2021-06-22 09:21:44,2508.95,92468
2021-06-22 09:21:45,2510.1,92521
2021-06-22 09:21:45,2510.15,92551
2021-06-22 09:21:47,2510.0,92737
2021-06-22 09:21:48,2510.0,93033
2021-06-22 09:21:48,2509.9,93083
2021-06-22 09:21:50,2510.2,93130
2021-06-22 09:21:51,2510.2,93135
2021-06-22 09:21:52,2510.2,93135
2021-06-22 09:21:53,2509.95,93141
2021-06-22 09:21:54,2509.95,93141
2021-06-22 09:21:55,2510.2,93144
2021-06-22 09:21:56,2510.2,93166
2021-06-22 09:21:57,2509.85,93507
2021-06-22 09:21:58,2509.8,93635
2021-06-22 09:21:59,2509.85,93665
2021-06-22 09:22:00,2510.0,93675
2021-06-22 09:22:01,2509.65,93722
2021-06-22 09:22:02,2510.2,93811
2021-06-22 09:22:03,2510.35,94128
2021-06-22 09:22:04,2510.2,94212
2021-06-22 09:22:05,2510.2,94337
2021-06-22 09:22:06,2510.2,94354
2021-06-22 09:22:07,2510.05,94639
2021-06-22 09:22:08,2510.05,94755
2021-06-22 09:22:10,2510.3,94870
2021-06-22 09:22:10,2510.3,94891
2021-06-22 09:22:11,2509.95,94971
2021-06-22 09:22:13,2509.85,95542
2021-06-22 09:22:15,2510.35,95598
2021-06-22 09:22:16,2509.85,95602
2021-06-22 09:22:17,2509.85,95602
2021-06-22 09:22:18,2510.35,95607
2021-06-22 09:22:19,2509.8,95880
2021-06-22 09:22:20,2509.55,95935
2021-06-22 09:22:21,2510.15,95945
2021-06-22 09:22:22,2509.55,95952
2021-06-22 09:22:23,2510.2,95963
2021-06-22 09:22:24,2509.2,96031
2021-06-22 09:22:25,2510.15,96036
2021-06-22 09:22:26,2510.0,96108
2021-06-22 09:22:27,2510.0,96120
2021-06-22 09:22:28,2510.2,96170
2021-06-22 09:22:29,2509.9,96216
2021-06-22 09:22:31,2510.0,96296
2021-06-22 09:22:32,2510.0,96326
2021-06-22 09:22:33,2510.0,96347
2021-06-22 09:22:34,2509.9,96379
2021-06-22 09:22:35,2510.0,96395
2021-06-22 09:22:36,2510.0,96427
2021-06-22 09:22:37,2509.85,96504
2021-06-22 09:22:38,2510.0,96780
2021-06-22 09:22:39,2510.1,96937
2021-06-22 09:22:41,2510.15,97047
2021-06-22 09:22:42,2510.0,97106
2021-06-22 09:22:43,2509.85,97192
2021-06-22 09:22:44,2509.85,97192
2021-06-22 09:22:44,2510.15,97193
2021-06-22 09:22:46,2510.0,97445
2021-06-22 09:22:47,2510.0,97496
2021-06-22 09:22:48,2510.35,97569
2021-06-22 09:22:49,2510.35,97708
2021-06-22 09:22:50,2509.9,97740
2021-06-22 09:22:51,2510.05,98037
2021-06-22 09:22:52,2510.35,98108
2021-06-22 09:22:53,2510.2,98203
2021-06-22 09:22:54,2510.05,98218
2021-06-22 09:22:55,2510.2,98468
2021-06-22 09:22:56,2510.05,98489
2021-06-22 09:22:57,2510.05,98504
2021-06-22 09:22:58,2510.05,98541
2021-06-22 09:23:00,2510.25,98628
2021-06-22 09:23:01,2510.25,98742
2021-06-22 09:23:02,2510.35,98987
2021-06-22 09:23:03,2510.05,99139
2021-06-22 09:23:04,2510.05,99212
2021-06-22 09:23:05,2510.05,99712
2021-06-22 09:23:06,2510.05,99792
2021-06-22 09:23:07,2509.85,101427
2021-06-22 09:23:08,2508.5,101891
2021-06-22 09:23:08,2509.3,102117
2021-06-22 09:23:09,2509.2,102258
2021-06-22 09:23:10,2509.2,102326
2021-06-22 09:23:11,2508.3,102396
2021-06-22 09:23:12,2509.25,102407
2021-06-22 09:23:13,2509.25,102413
2021-06-22 09:23:14,2508.15,102415
2021-06-22 09:23:15,2509.25,102419
2021-06-22 09:23:17,2508.15,102471
2021-06-22 09:23:21,2508.15,102497
2021-06-22 09:23:22,2508.15,102498
2021-06-22 09:23:23,2508.5,102823
2021-06-22 09:23:24,2507.85,103004
2021-06-22 09:23:25,2507.85,103035
2021-06-22 09:23:26,2508.7,103489
2021-06-22 09:23:28,2508.45,103777
2021-06-22 09:23:28,2508.45,103777
2021-06-22 09:23:29,2507.1,104681
2021-06-22 09:23:30,2507.7,104845
2021-06-22 09:23:32,2507.7,104925
2021-06-22 09:23:33,2507.0,104942
2021-06-22 09:23:34,2507.7,105058
2021-06-22 09:23:35,2506.0,105519
2021-06-22 09:23:36,2506.2,105759
2021-06-22 09:23:37,2505.6,106039
2021-06-22 09:23:38,2505.45,106581
2021-06-22 09:23:39,2506.1,106672
2021-06-22 09:23:40,2506.0,106742
2021-06-22 09:23:40,2506.0,106742
2021-06-22 09:23:41,2506.15,106762
2021-06-22 09:23:42,2506.0,106768
2021-06-22 09:23:43,2506.0,106768
2021-06-22 09:23:44,2506.0,106768
2021-06-22 09:23:46,2506.0,106780
2021-06-22 09:23:47,2507.15,106844
2021-06-22 09:23:47,2506.0,107377
2021-06-22 09:23:49,2506.65,107734
2021-06-22 09:23:50,2505.9,107759
2021-06-22 09:23:50,2505.9,107759
2021-06-22 09:23:51,2506.0,107830
2021-06-22 09:23:52,2506.0,107840
2021-06-22 09:23:53,2506.0,107924
2021-06-22 09:23:54,2506.0,107932
2021-06-22 09:23:55,2506.0,107995
2021-06-22 09:23:56,2506.55,108012
2021-06-22 09:23:57,2506.0,108046
2021-06-22 09:23:59,2506.55,108076
2021-06-22 09:24:00,2506.55,108088
2021-06-22 09:24:01,2506.55,108115
2021-06-22 09:24:02,2506.55,108128
2021-06-22 09:24:03,2506.65,108594
2021-06-22 09:24:04,2506.2,108627
2021-06-22 09:24:05,2506.2,108732
2021-06-22 09:24:06,2506.2,108876
2021-06-22 09:24:07,2506.55,108941
2021-06-22 09:24:08,2506.2,109037
2021-06-22 09:24:09,2506.2,109097
2021-06-22 09:24:10,2506.6,109111
2021-06-22 09:24:11,2506.6,109139
2021-06-22 09:24:12,2506.1,109166
2021-06-22 09:24:14,2506.55,109222
2021-06-22 09:24:19,2506.15,109941
2021-06-22 09:24:21,2506.0,109972
2021-06-22 09:24:24,2506.25,110154
2021-06-22 09:24:25,2506.2,110303
2021-06-22 09:24:26,2506.2,110333
2021-06-22 09:24:27,2506.2,110333
2021-06-22 09:24:28,2506.0,110433
2021-06-22 09:24:30,2506.05,110943
2021-06-22 09:24:32,2506.0,111026
2021-06-22 09:24:33,2506.0,111143
2021-06-22 09:24:34,2506.05,111195
2021-06-22 09:24:35,2506.05,111227
2021-06-22 09:24:36,2506.05,111227
2021-06-22 09:24:37,2506.05,111233
2021-06-22 09:24:39,2506.05,111277
2021-06-22 09:24:40,2506.05,111277
2021-06-22 09:24:41,2506.05,111339
2021-06-22 09:24:42,2506.05,111349
2021-06-22 09:24:44,2506.05,111399
2021-06-22 09:24:45,2506.0,111570
2021-06-22 09:24:46,2506.0,111607
2021-06-22 09:24:47,2506.0,111632
2021-06-22 09:24:48,2506.0,111720
2021-06-22 09:24:49,2506.0,111844
2021-06-22 09:24:50,2506.05,111993
2021-06-22 09:24:51,2506.0,112034
2021-06-22 09:24:52,2506.0,112085
2021-06-22 09:24:53,2506.05,112172
2021-06-22 09:24:54,2506.05,112172
2021-06-22 09:24:55,2506.05,112198
2021-06-22 09:24:56,2506.05,112198
2021-06-22 09:24:57,2506.05,112203
2021-06-22 09:24:58,2506.05,112203
2021-06-22 09:24:59,2506.05,112322
2021-06-22 09:25:01,2506.05,112340
2021-06-22 09:25:02,2506.05,112341
2021-06-22 09:25:03,2506.0,112762
2021-06-22 09:25:04,2505.9,113765
2021-06-22 09:25:05,2506.05,113935
2021-06-22 09:25:06,2506.2,113957
2021-06-22 09:25:07,2506.05,113967
2021-06-22 09:25:08,2506.05,113967
2021-06-22 09:25:09,2506.05,114040
2021-06-22 09:25:10,2506.05,114040
2021-06-22 09:25:11,2506.3,114140
2021-06-22 09:25:12,2506.05,114329
2021-06-22 09:25:13,2506.3,114343
2021-06-22 09:25:14,2506.3,114345
2021-06-22 09:25:15,2506.3,114345
2021-06-22 09:25:16,2506.3,114345
2021-06-22 09:25:17,2506.3,114345
2021-06-22 09:25:18,2506.3,114640
2021-06-22 09:25:19,2506.05,114661
2021-06-22 09:25:20,2506.05,114769
2021-06-22 09:25:21,2506.05,114769
2021-06-22 09:25:22,2506.05,114831
2021-06-22 09:25:23,2506.05,114862
2021-06-22 09:25:24,2506.05,114863
2021-06-22 09:25:25,2506.05,114993
2021-06-22 09:25:26,2505.9,117066
2021-06-22 09:25:27,2506.0,117162
2021-06-22 09:25:28,2506.0,117355
2021-06-22 09:25:31,2507.0,117634
2021-06-22 09:25:32,2506.0,117640
2021-06-22 09:25:33,2506.0,117640
2021-06-22 09:25:34,2506.0,117665
2021-06-22 09:25:35,2506.05,117669
2021-06-22 09:25:36,2506.45,117675
2021-06-22 09:25:37,2506.45,117675
2021-06-22 09:25:38,2506.45,117930
2021-06-22 09:25:39,2506.4,118002
2021-06-22 09:25:40,2506.4,118007
2021-06-22 09:25:41,2506.4,118057
2021-06-22 09:25:42,2506.65,118068
2021-06-22 09:25:43,2507.0,118090
2021-06-22 09:25:44,2507.0,118105
2021-06-22 09:25:45,2507.05,118175
2021-06-22 09:25:46,2507.05,118175
2021-06-22 09:25:47,2507.05,118188
2021-06-22 09:25:49,2507.05,118188
2021-06-22 09:25:50,2507.05,118189
2021-06-22 09:25:51,2507.35,119748
2021-06-22 09:25:52,2507.15,120289
2021-06-22 09:25:53,2507.15,120492
2021-06-22 09:25:54,2507.0,120545
2021-06-22 09:25:55,2507.0,120555
2021-06-22 09:25:56,2507.0,120623
2021-06-22 09:25:57,2507.0,120632
2021-06-22 09:25:58,2507.0,120632
2021-06-22 09:26:00,2507.0,120634
2021-06-22 09:26:01,2507.1,120655
2021-06-22 09:26:02,2507.1,120656
2021-06-22 09:26:03,2507.1,120656
2021-06-22 09:26:04,2507.1,120656
2021-06-22 09:26:05,2507.1,120664
2021-06-22 09:26:06,2507.15,120763
2021-06-22 09:26:08,2507.05,120812
2021-06-22 09:26:07,2507.05,120812
2021-06-22 09:26:09,2507.05,120812
2021-06-22 09:26:10,2507.15,120940
2021-06-22 09:26:11,2507.05,120942
2021-06-22 09:26:12,2507.05,120942
2021-06-22 09:26:13,2507.15,120958
2021-06-22 09:26:15,2507.15,121134
2021-06-22 09:26:16,2507.1,121180
2021-06-22 09:26:17,2507.1,121182
2021-06-22 09:26:18,2507.25,121387
2021-06-22 09:26:19,2507.1,121419
2021-06-22 09:26:20,2507.1,121425
2021-06-22 09:26:21,2507.1,121433
2021-06-22 09:26:22,2507.15,121474
2021-06-22 09:26:23,2507.2,121484
2021-06-22 09:26:24,2507.2,121490
2021-06-22 09:26:25,2507.2,121575
2021-06-22 09:26:26,2507.2,121613
2021-06-22 09:26:27,2507.2,121613
2021-06-22 09:26:28,2507.2,121707
2021-06-22 09:26:29,2507.15,121708
2021-06-22 09:26:30,2507.2,121745
2021-06-22 09:26:31,2507.2,121749
2021-06-22 09:26:32,2507.2,121832
2021-06-22 09:26:33,2507.25,121938
2021-06-22 09:26:34,2507.25,121938
2021-06-22 09:26:35,2507.25,122246
2021-06-22 09:26:36,2507.15,122283
2021-06-22 09:26:38,2507.35,122312
2021-06-22 09:26:39,2507.35,122312
2021-06-22 09:26:40,2507.35,122312
2021-06-22 09:26:41,2507.35,122312
2021-06-22 09:26:42,2507.35,122325
2021-06-22 09:26:43,2507.35,122356
2021-06-22 09:26:44,2507.45,122396
2021-06-22 09:26:45,2507.25,122498
2021-06-22 09:26:46,2507.25,122527
2021-06-22 09:26:47,2507.45,122537
2021-06-22 09:26:48,2507.45,122537
2021-06-22 09:26:49,2507.45,122537
2021-06-22 09:26:50,2507.45,122568
2021-06-22 09:26:51,2507.55,123208
2021-06-22 09:26:52,2507.55,123356
2021-06-22 09:26:53,2507.3,123364
2021-06-22 09:26:55,2507.5,123575
2021-06-22 09:26:56,2507.55,123655
2021-06-22 09:26:57,2507.5,123656
2021-06-22 09:26:58,2507.5,123681
2021-06-22 09:26:59,2507.5,123681
2021-06-22 09:27:00,2507.5,123687
2021-06-22 09:27:01,2507.6,123735
2021-06-22 09:27:02,2507.6,123772
2021-06-22 09:27:03,2507.5,124112
2021-06-22 09:27:04,2507.6,124191
2021-06-22 09:27:05,2507.6,124191
2021-06-22 09:27:06,2507.5,124291
2021-06-22 09:27:07,2507.5,124316
2021-06-22 09:27:08,2507.5,124316
2021-06-22 09:27:09,2507.5,124316
2021-06-22 09:27:10,2507.6,124321
2021-06-22 09:27:11,2507.6,124321
2021-06-22 09:27:12,2507.6,124394
2021-06-22 09:27:13,2507.55,124404
2021-06-22 09:27:16,2507.6,124453
2021-06-22 09:27:17,2507.55,124457
2021-06-22 09:27:18,2507.55,124457
2021-06-22 09:27:19,2507.55,124501
2021-06-22 09:27:20,2507.55,124501
2021-06-22 09:27:21,2507.6,124507
2021-06-22 09:27:22,2507.6,124507
2021-06-22 09:27:22,2507.55,124517
2021-06-22 09:27:23,2507.6,124554
2021-06-22 09:27:24,2507.55,124556
2021-06-22 09:27:25,2507.55,124556
2021-06-22 09:27:26,2507.75,124890
2021-06-22 09:27:27,2507.55,125192
2021-06-22 09:27:28,2507.55,125248
2021-06-22 09:27:30,2507.55,125248
2021-06-22 09:27:30,2507.6,125251
2021-06-22 09:27:31,2507.8,125304
2021-06-22 09:27:33,2507.85,125342
2021-06-22 09:27:35,2507.8,125387
2021-06-22 09:27:36,2507.85,125416
2021-06-22 09:27:36,2507.85,125416
2021-06-22 09:27:37,2507.8,125420
2021-06-22 09:27:38,2507.95,125500
2021-06-22 09:27:39,2507.9,125514
2021-06-22 09:27:40,2507.9,125517
2021-06-22 09:27:41,2507.9,125517
2021-06-22 09:27:42,2507.9,125596
2021-06-22 09:27:43,2507.8,125892
2021-06-22 09:27:44,2507.9,125917
2021-06-22 09:27:45,2507.95,125929
2021-06-22 09:27:46,2507.9,125984
2021-06-22 09:27:47,2507.95,126007
2021-06-22 09:27:48,2507.95,126011
2021-06-22 09:27:49,2507.95,126047
2021-06-22 09:27:50,2507.95,126055
2021-06-22 09:27:51,2507.95,126080
2021-06-22 09:27:52,2507.9,126182
2021-06-22 09:27:53,2507.95,126210
2021-06-22 09:27:54,2508.0,126215
2021-06-22 09:27:55,2507.95,126240
2021-06-22 09:27:56,2507.95,126243
2021-06-22 09:27:58,2507.95,126526
2021-06-22 09:27:59,2508.1,126632
2021-06-22 09:28:00,2508.1,126652
2021-06-22 09:28:02,2508.1,126843
2021-06-22 09:28:04,2508.1,126962
2021-06-22 09:28:05,2508.0,127012
2021-06-22 09:28:05,2508.0,127026
2021-06-22 09:28:06,2508.0,127026
2021-06-22 09:28:07,2508.1,127127
2021-06-22 09:28:08,2508.1,127131
2021-06-22 09:28:09,2508.1,127159
2021-06-22 09:28:10,2508.15,127304
2021-06-22 09:28:11,2508.1,127477
2021-06-22 09:28:12,2508.1,127490
2021-06-22 09:28:13,2508.1,127501
2021-06-22 09:28:14,2508.1,127502
2021-06-22 09:28:15,2508.1,127502
2021-06-22 09:28:16,2508.1,127512
2021-06-22 09:28:17,2508.1,127515
2021-06-22 09:28:18,2508.1,127522
2021-06-22 09:28:20,2508.15,127694
2021-06-22 09:28:21,2508.15,127727
2021-06-22 09:28:22,2508.15,127727
2021-06-22 09:28:23,2508.2,127737
2021-06-22 09:28:24,2508.15,127744
2021-06-22 09:28:25,2508.15,127759
2021-06-22 09:28:27,2508.15,127792
2021-06-22 09:28:28,2508.2,127830
2021-06-22 09:28:29,2508.2,127838
2021-06-22 09:28:30,2508.2,127849
2021-06-22 09:28:31,2508.15,127989
2021-06-22 09:28:32,2508.15,128028
2021-06-22 09:28:33,2508.15,128028
2021-06-22 09:28:34,2508.15,128031
2021-06-22 09:28:35,2508.2,128032
2021-06-22 09:28:38,2508.15,128118
2021-06-22 09:28:40,2508.15,128150
2021-06-22 09:28:41,2508.15,128183
2021-06-22 09:28:42,2508.25,128311
2021-06-22 09:28:43,2508.15,128388
2021-06-22 09:28:44,2508.25,128426
2021-06-22 09:28:45,2508.25,128431
2021-06-22 09:28:47,2508.2,128512
2021-06-22 09:28:48,2508.15,128557
2021-06-22 09:28:49,2508.25,128571
2021-06-22 09:28:51,2508.1,128624
2021-06-22 09:28:52,2508.25,128626
2021-06-22 09:28:53,2508.25,128626
2021-06-22 09:28:54,2508.25,128738
2021-06-22 09:28:56,2508.1,128920
2021-06-22 09:28:58,2508.25,128961
2021-06-22 09:28:59,2508.1,129026
2021-06-22 09:29:00,2508.1,129104
2021-06-22 09:29:01,2508.3,129116
2021-06-22 09:29:02,2508.1,129147
2021-06-22 09:29:03,2508.1,129229
2021-06-22 09:29:05,2508.35,129349
2021-06-22 09:29:06,2508.35,129349
2021-06-22 09:29:06,2508.35,129349
2021-06-22 09:29:08,2508.25,130126
2021-06-22 09:29:10,2508.35,130171
2021-06-22 09:29:11,2508.35,130215
2021-06-22 09:29:12,2508.35,130257
2021-06-22 09:29:14,2508.25,130282
2021-06-22 09:29:15,2508.35,130284
2021-06-22 09:29:16,2508.35,130284
2021-06-22 09:29:17,2508.35,130284
2021-06-22 09:29:18,2508.35,130296
2021-06-22 09:29:19,2508.25,130303
2021-06-22 09:29:20,2508.35,130353
2021-06-22 09:29:20,2508.25,130368
2021-06-22 09:29:21,2508.25,130436
2021-06-22 09:29:22,2508.25,130442
2021-06-22 09:29:23,2508.35,130514
2021-06-22 09:29:24,2508.25,130530
2021-06-22 09:29:27,2508.25,130706
2021-06-22 09:29:28,2508.4,130722
2021-06-22 09:29:29,2508.25,130745
2021-06-22 09:29:31,2508.4,130831
2021-06-22 09:29:31,2508.35,130846
2021-06-22 09:29:32,2508.4,130866
2021-06-22 09:29:33,2508.4,130931
2021-06-22 09:29:35,2508.35,131029
2021-06-22 09:29:37,2508.35,131051
2021-06-22 09:29:38,2508.2,131085
2021-06-22 09:29:39,2508.35,131146
2021-06-22 09:29:40,2508.4,131205
2021-06-22 09:29:41,2508.4,131205
2021-06-22 09:29:42,2508.35,131231
2021-06-22 09:29:43,2508.35,131232
2021-06-22 09:29:44,2508.4,131234
2021-06-22 09:29:45,2508.35,131239
2021-06-22 09:29:46,2508.35,131239
2021-06-22 09:29:47,2508.4,131240
2021-06-22 09:29:49,2508.4,131542
2021-06-22 09:29:50,2508.4,131852
2021-06-22 09:29:50,2508.4,131934
2021-06-22 09:29:51,2508.4,131934
2021-06-22 09:29:52,2508.35,132032
2021-06-22 09:29:53,2508.3,132143
2021-06-22 09:29:54,2508.3,132151
2021-06-22 09:29:55,2508.2,136603
2021-06-22 09:29:56,2508.2,137272
2021-06-22 09:29:59,2508.35,137929
2021-06-22 09:30:00,2508.05,138464
2021-06-22 09:30:01,2508.2,139114
2021-06-22 09:30:02,2508.15,139368
2021-06-22 09:30:03,2508.2,139621
2021-06-22 09:30:04,2507.85,139802
2021-06-22 09:30:05,2507.85,139815
2021-06-22 09:30:06,2508.2,139877
2021-06-22 09:30:07,2507.6,140057
2021-06-22 09:30:08,2507.85,140068
2021-06-22 09:30:09,2507.05,140267
2021-06-22 09:30:10,2507.1,140407
2021-06-22 09:30:11,2507.0,140424
2021-06-22 09:30:12,2506.7,140580
2021-06-22 09:30:12,2506.7,140624
2021-06-22 09:30:13,2506.3,140684
2021-06-22 09:30:14,2507.25,140727
2021-06-22 09:30:15,2506.05,140893
2021-06-22 09:30:16,2506.95,140937
2021-06-22 09:30:17,2506.05,140988
2021-06-22 09:30:18,2507.15,141031
2021-06-22 09:30:19,2506.1,141038
2021-06-22 09:30:20,2506.05,141326
2021-06-22 09:30:21,2506.45,141357
2021-06-22 09:30:23,2506.45,141369
2021-06-22 09:30:23,2506.45,141414
2021-06-22 09:30:24,2506.45,141463
2021-06-22 09:30:27,2506.15,141654
2021-06-22 09:30:28,2506.45,141659
2021-06-22 09:30:29,2506.45,141670
2021-06-22 09:30:30,2506.45,142787
2021-06-22 09:30:31,2506.45,142919
2021-06-22 09:30:32,2506.15,143036
2021-06-22 09:30:33,2506.15,143044
2021-06-22 09:30:34,2506.15,143100
2021-06-22 09:30:34,2506.15,143104
2021-06-22 09:30:35,2506.0,143151
2021-06-22 09:30:36,2506.0,143151
2021-06-22 09:30:37,2506.15,143156
2021-06-22 09:30:38,2506.15,143156
2021-06-22 09:30:40,2506.05,143185
2021-06-22 09:30:41,2506.35,143200
2021-06-22 09:30:42,2506.35,143200
2021-06-22 09:30:43,2506.15,143201
2021-06-22 09:30:43,2506.15,143201
2021-06-22 09:30:44,2506.05,143248
2021-06-22 09:30:45,2506.05,143316
2021-06-22 09:30:46,2506.25,143319
2021-06-22 09:30:47,2506.25,143329
2021-06-22 09:30:48,2506.05,143375
2021-06-22 09:30:50,2506.3,143446
2021-06-22 09:30:51,2506.25,143456
2021-06-22 09:30:53,2506.05,143555
2021-06-22 09:30:54,2506.4,143816
2021-06-22 09:30:55,2506.25,143904
2021-06-22 09:30:56,2506.25,143904
2021-06-22 09:30:57,2506.35,143910
2021-06-22 09:30:58,2506.35,143916
2021-06-22 09:30:59,2506.25,143926
2021-06-22 09:31:00,2506.35,144034
2021-06-22 09:31:01,2506.25,144136
2021-06-22 09:31:02,2506.35,144220
2021-06-22 09:31:03,2506.35,144225
2021-06-22 09:31:04,2506.3,144305
2021-06-22 09:31:05,2506.3,144313
2021-06-22 09:31:06,2506.3,144313
2021-06-22 09:31:07,2506.3,144365
2021-06-22 09:31:09,2506.3,144400
2021-06-22 09:31:10,2506.4,144401
2021-06-22 09:31:11,2506.4,144421
2021-06-22 09:31:12,2506.35,144521
2021-06-22 09:31:14,2506.35,144550
2021-06-22 09:31:15,2506.35,144565
2021-06-22 09:31:16,2506.35,144567
2021-06-22 09:31:17,2506.35,144576
2021-06-22 09:31:18,2506.4,144606
2021-06-22 09:31:19,2506.35,144610
2021-06-22 09:31:20,2506.4,144618
2021-06-22 09:31:21,2506.4,144693
2021-06-22 09:31:22,2506.35,144694
2021-06-22 09:31:23,2506.4,144697
2021-06-22 09:31:24,2506.4,144701
2021-06-22 09:31:25,2506.35,144761
2021-06-22 09:31:27,2506.5,145185
2021-06-22 09:31:28,2506.35,145234
2021-06-22 09:31:29,2506.35,145235
2021-06-22 09:31:30,2506.5,145279
2021-06-22 09:31:31,2506.35,145325
2021-06-22 09:31:33,2506.5,145407
2021-06-22 09:31:34,2506.5,145443
2021-06-22 09:31:35,2506.35,145581
2021-06-22 09:31:35,2506.35,145604
2021-06-22 09:31:36,2506.5,145616
2021-06-22 09:31:38,2506.35,145698
2021-06-22 09:31:38,2506.35,145763
2021-06-22 09:31:39,2506.35,145826
2021-06-22 09:31:40,2506.35,145831
2021-06-22 09:31:41,2506.35,145831
2021-06-22 09:31:42,2506.35,145831
2021-06-22 09:31:44,2506.3,145860
2021-06-22 09:31:45,2506.3,145975
2021-06-22 09:31:46,2506.3,146006
2021-06-22 09:31:47,2506.25,146190
2021-06-22 09:31:50,2506.3,146254
2021-06-22 09:31:51,2506.35,146310
2021-06-22 09:31:53,2506.25,146388
2021-06-22 09:31:54,2506.25,146388
2021-06-22 09:31:55,2506.35,146553
2021-06-22 09:31:56,2506.35,146580
2021-06-22 09:31:57,2506.35,146580
2021-06-22 09:31:58,2506.35,146580
2021-06-22 09:31:59,2506.3,146625
2021-06-22 09:32:00,2506.35,146643
2021-06-22 09:32:01,2506.3,146650
2021-06-22 09:32:02,2506.3,146782
2021-06-22 09:32:03,2506.35,146797
2021-06-22 09:32:04,2506.35,146797
2021-06-22 09:32:05,2506.25,146805
2021-06-22 09:32:06,2506.35,146819
2021-06-22 09:32:08,2506.35,146820
2021-06-22 09:32:09,2506.25,146841
2021-06-22 09:32:10,2506.25,146845
2021-06-22 09:32:11,2506.35,146875
2021-06-22 09:32:12,2506.35,146875
2021-06-22 09:32:14,2506.25,146950
2021-06-22 09:32:15,2506.3,146954
2021-06-22 09:32:16,2506.3,146954
2021-06-22 09:32:17,2506.35,146973
2021-06-22 09:32:17,2506.35,146999
2021-06-22 09:32:18,2506.3,147033
2021-06-22 09:32:19,2506.3,147043
2021-06-22 09:32:20,2506.35,147312
2021-06-22 09:32:21,2506.3,147365
2021-06-22 09:32:22,2506.4,147447
2021-06-22 09:32:23,2506.3,147448
2021-06-22 09:32:24,2506.3,147448
2021-06-22 09:32:25,2506.3,147448
2021-06-22 09:32:26,2506.3,147572
2021-06-22 09:32:27,2506.4,147591
2021-06-22 09:32:29,2506.4,147591
2021-06-22 09:32:30,2506.35,147621
2021-06-22 09:32:31,2506.45,147945
2021-06-22 09:32:32,2506.5,147966
2021-06-22 09:32:33,2506.55,148024
2021-06-22 09:32:34,2506.55,148024
2021-06-22 09:32:35,2506.75,148596
2021-06-22 09:32:37,2506.75,148841
2021-06-22 09:32:38,2506.75,148841
2021-06-22 09:32:39,2506.75,148886
2021-06-22 09:32:40,2507.0,148901
2021-06-22 09:32:41,2507.0,149023
2021-06-22 09:32:42,2507.05,149058
2021-06-22 09:32:43,2507.05,149103
2021-06-22 09:32:44,2507.0,149144
2021-06-22 09:32:45,2507.0,149171
2021-06-22 09:32:46,2507.0,149171
2021-06-22 09:32:47,2507.05,149236
2021-06-22 09:32:48,2507.0,149348
2021-06-22 09:32:49,2507.1,149466
2021-06-22 09:32:50,2507.0,149772
2021-06-22 09:32:51,2507.0,149801
2021-06-22 09:32:52,2507.0,149832
2021-06-22 09:32:53,2507.05,149835
2021-06-22 09:32:54,2507.0,149866
2021-06-22 09:32:55,2507.15,149968
2021-06-22 09:32:57,2507.15,149971
2021-06-22 09:32:58,2507.15,149976
2021-06-22 09:32:59,2507.15,149983
2021-06-22 09:33:00,2507.15,149983
2021-06-22 09:33:01,2507.0,150121
2021-06-22 09:33:02,2507.0,150133
2021-06-22 09:33:04,2507.15,150168
2021-06-22 09:33:05,2507.0,150215
2021-06-22 09:33:06,2507.0,150236
2021-06-22 09:33:07,2507.0,150341
2021-06-22 09:33:08,2507.0,150383
2021-06-22 09:33:09,2507.15,150388
2021-06-22 09:33:11,2507.0,150507
2021-06-22 09:33:12,2507.0,150507
2021-06-22 09:33:13,2507.0,150509
2021-06-22 09:33:14,2507.05,150649
2021-06-22 09:33:15,2507.05,150732
2021-06-22 09:33:19,2507.0,151232
2021-06-22 09:33:20,2507.0,151315
2021-06-22 09:33:21,2507.0,151315
2021-06-22 09:33:22,2507.0,151371
2021-06-22 09:33:23,2507.0,151371
2021-06-22 09:33:24,2507.05,151441
2021-06-22 09:33:25,2507.1,151667
2021-06-22 09:33:26,2507.05,151778
2021-06-22 09:33:27,2507.2,151787
2021-06-22 09:33:28,2507.05,151830
2021-06-22 09:33:29,2507.05,151849
2021-06-22 09:33:30,2507.2,151924
2021-06-22 09:33:31,2507.2,151977
2021-06-22 09:33:32,2507.05,152070
2021-06-22 09:33:33,2507.05,152091
2021-06-22 09:33:35,2507.15,152098
2021-06-22 09:33:37,2507.1,152187
2021-06-22 09:33:38,2507.15,152188
2021-06-22 09:33:39,2507.2,152293
2021-06-22 09:33:40,2507.2,152397
2021-06-22 09:33:41,2507.2,152397
2021-06-22 09:33:42,2507.2,152440
2021-06-22 09:33:43,2507.2,152450
2021-06-22 09:33:44,2507.1,152512
2021-06-22 09:33:44,2508.1,152660
2021-06-22 09:33:45,2508.3,152763
2021-06-22 09:33:47,2507.7,152829
2021-06-22 09:33:48,2508.0,153107
2021-06-22 09:33:49,2509.5,153208
2021-06-22 09:33:50,2507.8,153516
2021-06-22 09:33:51,2508.95,153620
2021-06-22 09:33:52,2507.7,153727
2021-06-22 09:33:53,2508.9,153738
2021-06-22 09:33:54,2508.9,153825
2021-06-22 09:33:55,2507.8,153850
2021-06-22 09:33:56,2509.0,153950
2021-06-22 09:33:58,2507.75,154012
2021-06-22 09:33:59,2507.75,154040
2021-06-22 09:34:00,2508.0,154262
2021-06-22 09:34:01,2508.9,154332
2021-06-22 09:34:02,2508.9,154349
2021-06-22 09:34:03,2508.9,154358
2021-06-22 09:34:04,2508.9,154378
2021-06-22 09:34:05,2508.9,155094
2021-06-22 09:34:06,2509.45,155138
2021-06-22 09:34:07,2509.75,155196
2021-06-22 09:34:08,2508.9,155278
2021-06-22 09:34:09,2508.9,155278
2021-06-22 09:34:10,2508.9,155278
2021-06-22 09:34:12,2508.9,155479
2021-06-22 09:34:13,2508.9,155502
2021-06-22 09:34:14,2508.9,156023
2021-06-22 09:34:16,2509.85,156090
2021-06-22 09:34:15,2509.85,156090
2021-06-22 09:34:18,2510.35,157131
2021-06-22 09:34:19,2510.0,157298
2021-06-22 09:34:20,2511.35,157451
2021-06-22 09:34:21,2511.4,157488
2021-06-22 09:34:23,2512.8,157883
2021-06-22 09:34:24,2511.65,157976
2021-06-22 09:34:27,2513.4,158171
2021-06-22 09:34:28,2512.8,158228
2021-06-22 09:34:29,2512.8,158358
2021-06-22 09:34:30,2513.5,158692
2021-06-22 09:34:31,2513.1,159521
2021-06-22 09:34:32,2514.35,159598
2021-06-22 09:34:33,2514.75,159653
2021-06-22 09:34:34,2514.75,159723
2021-06-22 09:34:35,2514.75,159897
2021-06-22 09:34:36,2514.55,160527
2021-06-22 09:34:37,2514.0,160571
2021-06-22 09:34:38,2514.7,160765
2021-06-22 09:34:39,2514.0,160788
2021-06-22 09:34:40,2514.0,160788
2021-06-22 09:34:41,2514.0,160888
2021-06-22 09:34:42,2513.95,160897
2021-06-22 09:34:43,2513.95,160909
2021-06-22 09:34:44,2514.0,160966
2021-06-22 09:34:45,2514.65,161108
2021-06-22 09:34:46,2514.0,161167
2021-06-22 09:34:47,2514.0,161344
2021-06-22 09:34:48,2514.0,161426
2021-06-22 09:34:49,2514.0,161476
2021-06-22 09:34:50,2514.75,161494
2021-06-22 09:34:51,2515.25,162774
2021-06-22 09:34:52,2514.2,162911
2021-06-22 09:34:53,2515.0,162979
2021-06-22 09:34:54,2514.95,163002
2021-06-22 09:34:55,2515.0,163284
2021-06-22 09:34:56,2515.0,163402
2021-06-22 09:34:57,2514.25,163411
2021-06-22 09:34:58,2514.25,163616
2021-06-22 09:34:59,2514.95,163688
2021-06-22 09:35:00,2514.25,163711
2021-06-22 09:35:02,2514.9,163768
2021-06-22 09:35:04,2514.95,163856
2021-06-22 09:35:05,2515.0,163880
2021-06-22 09:35:06,2515.0,163880
2021-06-22 09:35:07,2515.25,164021
2021-06-22 09:35:08,2515.25,164201
2021-06-22 09:35:09,2515.25,164217
2021-06-22 09:35:10,2515.25,164362
2021-06-22 09:35:11,2514.95,164429
2021-06-22 09:35:12,2515.25,164439
2021-06-22 09:35:13,2515.25,164439
2021-06-22 09:35:14,2515.95,164471
2021-06-22 09:35:15,2515.8,164706
2021-06-22 09:35:16,2515.85,164870
2021-06-22 09:35:17,2517.1,165014
2021-06-22 09:35:18,2517.1,165219
2021-06-22 09:35:19,2515.8,165243
2021-06-22 09:35:20,2517.15,165301
2021-06-22 09:35:21,2517.1,165322
2021-06-22 09:35:22,2517.0,165325
2021-06-22 09:35:23,2517.0,165356
2021-06-22 09:35:24,2516.15,165460
2021-06-22 09:35:25,2517.25,165491
2021-06-22 09:35:26,2516.15,165492
2021-06-22 09:35:27,2516.0,165568
2021-06-22 09:35:29,2516.1,165735
2021-06-22 09:35:31,2517.05,165917
2021-06-22 09:35:32,2517.35,165939
2021-06-22 09:35:33,2516.95,166141
2021-06-22 09:35:34,2516.95,166198
2021-06-22 09:35:36,2518.0,166497
2021-06-22 09:35:37,2518.0,166597
2021-06-22 09:35:39,2516.9,167018
2021-06-22 09:35:40,2518.0,167583
2021-06-22 09:35:43,2518.95,167940
2021-06-22 09:35:45,2517.95,168273
2021-06-22 09:35:47,2518.85,168343
2021-06-22 09:35:48,2518.0,168426
2021-06-22 09:35:49,2517.85,171499
2021-06-22 09:35:50,2517.75,171547
2021-06-22 09:35:51,2517.95,171866
2021-06-22 09:35:52,2517.75,171908
2021-06-22 09:35:53,2516.85,171918
2021-06-22 09:35:54,2516.7,171973
2021-06-22 09:35:55,2516.7,172139
2021-06-22 09:35:56,2517.85,172195
2021-06-22 09:35:57,2516.65,172206
2021-06-22 09:35:58,2517.75,172282
2021-06-22 09:35:59,2517.75,172293
2021-06-22 09:36:00,2517.75,172293
2021-06-22 09:36:01,2517.8,172296
2021-06-22 09:36:02,2517.85,172301
2021-06-22 09:36:03,2517.8,172303
2021-06-22 09:36:04,2518.1,172509
2021-06-22 09:36:06,2517.8,172778
2021-06-22 09:36:07,2518.9,173078
2021-06-22 09:36:08,2517.8,173081
2021-06-22 09:36:09,2517.75,173146
2021-06-22 09:36:10,2517.6,173244
2021-06-22 09:36:11,2517.6,173244
2021-06-22 09:36:12,2517.55,173323
2021-06-22 09:36:13,2518.7,173549
2021-06-22 09:36:14,2517.55,173575
2021-06-22 09:36:15,2518.75,173631
2021-06-22 09:36:16,2518.8,173639
2021-06-22 09:36:17,2518.85,173666
2021-06-22 09:36:18,2517.8,173669
2021-06-22 09:36:19,2518.8,173716
2021-06-22 09:36:20,2518.8,173716
2021-06-22 09:36:21,2517.8,173728
2021-06-22 09:36:22,2517.8,173766
2021-06-22 09:36:23,2518.85,173770
2021-06-22 09:36:24,2517.8,173797
2021-06-22 09:36:25,2517.8,173877
2021-06-22 09:36:26,2518.0,174052
2021-06-22 09:36:27,2518.0,174052
2021-06-22 09:36:28,2518.1,174074
2021-06-22 09:36:29,2518.0,174432
2021-06-22 09:36:30,2518.0,174477
2021-06-22 09:36:31,2518.85,174503
2021-06-22 09:36:32,2518.85,174630
2021-06-22 09:36:34,2518.0,174730
2021-06-22 09:36:35,2518.85,174753
2021-06-22 09:36:36,2518.9,175128
2021-06-22 09:36:37,2518.0,175155
2021-06-22 09:36:38,2519.0,175275
2021-06-22 09:36:39,2518.0,175310
2021-06-22 09:36:40,2518.0,175310
2021-06-22 09:36:41,2518.85,175395
2021-06-22 09:36:42,2517.8,175411
2021-06-22 09:36:43,2517.8,175411
2021-06-22 09:36:44,2518.85,175427
2021-06-22 09:36:45,2518.85,175456
2021-06-22 09:36:46,2517.85,175462
2021-06-22 09:36:47,2518.8,175474
2021-06-22 09:36:48,2517.85,175488
2021-06-22 09:36:49,2518.0,175903
2021-06-22 09:36:50,2517.85,175925
2021-06-22 09:36:51,2517.85,175925
2021-06-22 09:36:52,2517.85,175967
2021-06-22 09:36:53,2518.75,175968
2021-06-22 09:36:54,2518.75,175969
2021-06-22 09:36:55,2518.75,175995
2021-06-22 09:36:56,2518.75,175995
2021-06-22 09:36:57,2519.0,176014
2021-06-22 09:36:58,2518.75,176032
2021-06-22 09:36:59,2518.75,176103
2021-06-22 09:37:00,2518.75,176106
2021-06-22 09:37:02,2517.9,176471
2021-06-22 09:37:03,2517.95,176475
2021-06-22 09:37:04,2517.9,176568
2021-06-22 09:37:05,2518.0,176611
2021-06-22 09:37:06,2517.85,176651
2021-06-22 09:37:07,2518.6,176675
2021-06-22 09:37:08,2517.85,177024
2021-06-22 09:37:09,2518.35,177367
2021-06-22 09:37:10,2517.95,177400
2021-06-22 09:37:11,2518.0,177422
2021-06-22 09:37:12,2518.0,177445
2021-06-22 09:37:13,2518.0,177645
2021-06-22 09:37:14,2517.95,177649
2021-06-22 09:37:15,2518.0,177671
2021-06-22 09:37:16,2518.0,177750
2021-06-22 09:37:18,2518.0,177835
2021-06-22 09:37:19,2518.0,177855
2021-06-22 09:37:20,2518.0,177865
2021-06-22 09:37:21,2518.0,177900
2021-06-22 09:37:22,2518.0,177918
2021-06-22 09:37:23,2517.95,177973
2021-06-22 09:37:24,2517.95,177973
2021-06-22 09:37:25,2517.95,177973
2021-06-22 09:37:26,2517.95,177978
2021-06-22 09:37:27,2517.95,177978
2021-06-22 09:37:28,2517.95,178028
2021-06-22 09:37:29,2517.95,178057
2021-06-22 09:37:30,2517.95,178057
2021-06-22 09:37:31,2518.0,178070
2021-06-22 09:37:32,2517.95,178140
2021-06-22 09:37:33,2517.95,178207
2021-06-22 09:37:34,2518.0,178217
2021-06-22 09:37:35,2517.95,178231
2021-06-22 09:37:36,2517.95,178381
2021-06-22 09:37:37,2517.95,178458
2021-06-22 09:37:38,2518.0,178587
2021-06-22 09:37:39,2518.0,178626
2021-06-22 09:37:40,2518.0,178726
2021-06-22 09:37:41,2518.0,178826
2021-06-22 09:37:42,2518.0,178826
2021-06-22 09:37:43,2518.0,178830
2021-06-22 09:37:44,2518.0,178830
2021-06-22 09:37:45,2518.0,178830
2021-06-22 09:37:46,2518.0,178830
2021-06-22 09:37:47,2518.0,180322
2021-06-22 09:37:48,2518.0,180645
2021-06-22 09:37:50,2517.9,180673
2021-06-22 09:37:51,2517.9,180851
2021-06-22 09:37:52,2517.9,180851
2021-06-22 09:37:53,2517.85,181089
2021-06-22 09:37:54,2517.85,181282
2021-06-22 09:37:55,2517.8,181352
2021-06-22 09:37:56,2517.85,181355
2021-06-22 09:37:57,2517.9,181391
2021-06-22 09:37:58,2517.85,181394
2021-06-22 09:37:59,2517.85,181394
2021-06-22 09:38:00,2517.85,181394
2021-06-22 09:38:01,2517.75,181616
2021-06-22 09:38:02,2517.75,181691
2021-06-22 09:38:03,2517.85,181718
2021-06-22 09:38:04,2517.85,181743
2021-06-22 09:38:05,2517.85,181758
2021-06-22 09:38:06,2517.7,181764
2021-06-22 09:38:07,2517.8,181767
2021-06-22 09:38:08,2517.7,181840
2021-06-22 09:38:09,2517.7,181978
2021-06-22 09:38:10,2517.7,181988
2021-06-22 09:38:11,2517.7,181999
2021-06-22 09:38:12,2517.9,182078
2021-06-22 09:38:13,2517.6,182212
2021-06-22 09:38:14,2517.9,182232
2021-06-22 09:38:15,2517.6,182278
2021-06-22 09:38:16,2517.6,182316
2021-06-22 09:38:17,2517.6,182356
2021-06-22 09:38:18,2517.9,182391
2021-06-22 09:38:19,2517.9,182402
2021-06-22 09:38:20,2517.4,182588
2021-06-22 09:38:21,2518.0,182635
2021-06-22 09:38:22,2518.0,182642
2021-06-22 09:38:23,2518.0,182678
2021-06-22 09:38:24,2517.4,182694
2021-06-22 09:38:25,2517.4,182694
2021-06-22 09:38:26,2518.0,182695
2021-06-22 09:38:27,2518.0,182705
2021-06-22 09:38:28,2517.6,182714
2021-06-22 09:38:29,2517.4,182744
2021-06-22 09:38:30,2517.4,182796
2021-06-22 09:38:31,2517.65,182820
2021-06-22 09:38:32,2517.6,182826
2021-06-22 09:38:33,2517.35,182901
2021-06-22 09:38:34,2517.6,182933
2021-06-22 09:38:35,2517.6,182933
2021-06-22 09:38:36,2517.6,182933
2021-06-22 09:38:37,2517.6,183000
2021-06-22 09:38:38,2517.35,183063
2021-06-22 09:38:39,2517.35,183071
2021-06-22 09:38:40,2517.35,183071
2021-06-22 09:38:41,2517.35,183071
2021-06-22 09:38:42,2517.35,183071
2021-06-22 09:38:43,2517.35,183071
2021-06-22 09:38:44,2517.35,183071
2021-06-22 09:38:45,2517.35,183078
2021-06-22 09:38:46,2517.45,183080
2021-06-22 09:38:47,2517.35,183163
2021-06-22 09:38:48,2517.35,183176
2021-06-22 09:38:49,2517.45,183180
2021-06-22 09:38:50,2517.45,183180
2021-06-22 09:38:51,2517.45,183278
2021-06-22 09:38:52,2517.35,183389
2021-06-22 09:38:53,2517.45,183391
2021-06-22 09:38:54,2517.35,183491
2021-06-22 09:38:57,2517.35,183856
2021-06-22 09:38:58,2517.45,183897
2021-06-22 09:38:59,2517.35,183917
2021-06-22 09:39:00,2517.35,184019
2021-06-22 09:39:01,2517.35,184154
2021-06-22 09:39:02,2517.45,184206
2021-06-22 09:39:04,2517.25,184409
2021-06-22 09:39:05,2517.25,184409
2021-06-22 09:39:06,2517.45,184626
2021-06-22 09:39:07,2517.25,184644
2021-06-22 09:39:08,2517.25,184655
2021-06-22 09:39:09,2517.25,184674
2021-06-22 09:39:10,2517.25,184699
2021-06-22 09:39:11,2517.25,184699
2021-06-22 09:39:12,2517.25,184709
2021-06-22 09:39:13,2517.15,185105
2021-06-22 09:39:14,2517.45,185313
2021-06-22 09:39:15,2517.3,185403
2021-06-22 09:39:18,2517.5,185456
2021-06-22 09:39:19,2517.25,185553
2021-06-22 09:39:21,2517.9,185793
2021-06-22 09:39:22,2518.0,187452
2021-06-22 09:39:23,2517.9,187577
2021-06-22 09:39:24,2517.9,187577
2021-06-22 09:39:25,2518.9,187686
2021-06-22 09:39:26,2518.1,187869
2021-06-22 09:39:27,2518.1,187869
2021-06-22 09:39:28,2518.1,187869
2021-06-22 09:39:29,2518.1,187869
2021-06-22 09:39:30,2518.9,187947
2021-06-22 09:39:33,2519.0,188185
2021-06-22 09:39:35,2518.25,188586
2021-06-22 09:39:36,2519.75,188742
2021-06-22 09:39:37,2519.4,188858
2021-06-22 09:39:38,2519.85,189085
2021-06-22 09:39:39,2518.9,189099
2021-06-22 09:39:42,2518.9,189176
2021-06-22 09:39:43,2518.9,189189
2021-06-22 09:39:44,2519.65,189265
2021-06-22 09:39:45,2519.65,189280
2021-06-22 09:39:46,2519.65,189280
2021-06-22 09:39:47,2519.65,189292
2021-06-22 09:39:48,2519.65,189342
2021-06-22 09:39:49,2519.65,189352
2021-06-22 09:39:50,2519.75,189372
2021-06-22 09:39:51,2519.9,189375
2021-06-22 09:39:52,2519.75,189487
2021-06-22 09:39:53,2519.75,189495
2021-06-22 09:39:54,2519.35,189893
2021-06-22 09:39:55,2519.0,189921
2021-06-22 09:39:57,2518.9,189928
2021-06-22 09:39:58,2519.0,190117
2021-06-22 09:39:58,2518.8,190145
2021-06-22 09:39:59,2519.0,190199
2021-06-22 09:40:00,2519.75,190200
2021-06-22 09:40:01,2519.95,190205
2021-06-22 09:40:02,2519.65,190304
2021-06-22 09:40:03,2519.95,190356
2021-06-22 09:40:05,2519.0,190368
2021-06-22 09:40:09,2519.65,190692
2021-06-22 09:40:10,2519.65,190738
2021-06-22 09:40:11,2519.95,190781
2021-06-22 09:40:12,2519.95,190781
2021-06-22 09:40:13,2519.95,190786
2021-06-22 09:40:14,2519.95,190788
2021-06-22 09:40:15,2519.65,190796
2021-06-22 09:40:16,2519.95,190806
2021-06-22 09:40:17,2519.95,190827
2021-06-22 09:40:18,2519.8,190840
2021-06-22 09:40:19,2519.8,190843
2021-06-22 09:40:20,2519.95,192145
2021-06-22 09:40:21,2519.8,192222
2021-06-22 09:40:22,2519.95,192232
2021-06-22 09:40:24,2519.8,192420
2021-06-22 09:40:25,2519.95,192828
2021-06-22 09:40:26,2519.7,192871
2021-06-22 09:40:27,2519.7,192901
2021-06-22 09:40:28,2519.7,192909
2021-06-22 09:40:29,2519.7,192973
2021-06-22 09:40:30,2519.55,193048
2021-06-22 09:40:31,2519.7,193088
2021-06-22 09:40:32,2519.7,193151
2021-06-22 09:40:33,2520.0,193575
2021-06-22 09:40:33,2519.6,193582
2021-06-22 09:40:34,2519.55,193745
2021-06-22 09:40:35,2519.7,193833
2021-06-22 09:40:36,2519.7,193869
2021-06-22 09:40:37,2519.55,193918
2021-06-22 09:40:38,2519.55,193924
2021-06-22 09:40:39,2520.0,193985
2021-06-22 09:40:40,2520.0,194001
2021-06-22 09:40:41,2520.05,196634
2021-06-22 09:40:42,2521.8,197056
2021-06-22 09:40:43,2522.1,197282
2021-06-22 09:40:44,2521.9,197283
2021-06-22 09:40:45,2522.3,197346
2021-06-22 09:40:47,2522.1,197599
2021-06-22 09:40:48,2522.25,197687
2021-06-22 09:40:49,2524.0,197952
2021-06-22 09:40:50,2522.95,198014
2021-06-22 09:40:51,2523.8,198066
2021-06-22 09:40:53,2522.65,198208
2021-06-22 09:40:54,2522.7,198284
2021-06-22 09:40:55,2523.0,199205
2021-06-22 09:40:56,2522.0,199245
2021-06-22 09:40:57,2522.95,199997
2021-06-22 09:40:58,2522.9,200111
2021-06-22 09:40:59,2522.9,200182
2021-06-22 09:41:00,2522.9,200187
2021-06-22 09:41:01,2521.7,200306
2021-06-22 09:41:02,2522.2,201071
2021-06-22 09:41:03,2521.6,201735
2021-06-22 09:41:04,2522.55,201908
2021-06-22 09:41:05,2522.55,202000
2021-06-22 09:41:06,2521.5,202163
2021-06-22 09:41:07,2522.15,202194
2021-06-22 09:41:08,2522.0,202248
2021-06-22 09:41:09,2522.0,202255
2021-06-22 09:41:10,2522.5,202394
2021-06-22 09:41:11,2522.0,202395
2021-06-22 09:41:12,2521.55,202411
2021-06-22 09:41:13,2522.0,202427
2021-06-22 09:41:14,2522.0,202454
2021-06-22 09:41:15,2522.0,202454
2021-06-22 09:41:16,2522.0,202465
2021-06-22 09:41:17,2522.55,202493
2021-06-22 09:41:19,2522.55,202493
2021-06-22 09:41:20,2522.55,202613
2021-06-22 09:41:20,2522.65,202660
2021-06-22 09:41:22,2522.55,202691
2021-06-22 09:41:23,2522.0,202696
2021-06-22 09:41:23,2522.0,202696
2021-06-22 09:41:24,2524.0,202756
2021-06-22 09:41:25,2523.8,202770
2021-06-22 09:41:26,2523.95,202780
2021-06-22 09:41:27,2524.2,203670
2021-06-22 09:41:28,2522.8,203734
2021-06-22 09:41:30,2524.0,203789
2021-06-22 09:41:31,2524.0,203914
2021-06-22 09:41:32,2524.0,204115
2021-06-22 09:41:32,2522.95,204215
2021-06-22 09:41:33,2522.45,204715
2021-06-22 09:41:34,2523.25,204773
2021-06-22 09:41:35,2522.5,204777
2021-06-22 09:41:36,2522.5,204857
2021-06-22 09:41:38,2523.25,204867
2021-06-22 09:41:39,2523.7,204884
2021-06-22 09:41:40,2522.3,205395
2021-06-22 09:41:41,2522.95,205429
2021-06-22 09:41:42,2523.25,205444
2021-06-22 09:41:43,2524.0,205945
2021-06-22 09:41:44,2524.0,205977
2021-06-22 09:41:45,2523.0,206070
2021-06-22 09:41:46,2523.0,206078
2021-06-22 09:41:47,2524.4,206480
2021-06-22 09:41:49,2524.35,206596
2021-06-22 09:41:50,2524.35,206662
2021-06-22 09:41:51,2523.2,206697
2021-06-22 09:41:52,2523.2,206697
2021-06-22 09:41:53,2523.2,206697
2021-06-22 09:41:54,2523.2,206704
2021-06-22 09:41:55,2524.0,206736
2021-06-22 09:41:56,2524.0,206736
2021-06-22 09:41:57,2523.3,206813
2021-06-22 09:41:58,2523.2,206822
2021-06-22 09:41:59,2523.2,206952
2021-06-22 09:42:00,2523.1,207237
2021-06-22 09:42:01,2523.2,208061
2021-06-22 09:42:02,2523.1,208131
2021-06-22 09:42:03,2523.1,208131
2021-06-22 09:42:04,2523.1,208231
2021-06-22 09:42:05,2523.55,208249
2021-06-22 09:42:06,2523.55,208380
2021-06-22 09:42:07,2523.1,208389
2021-06-22 09:42:08,2523.1,208389
2021-06-22 09:42:09,2523.55,208440
2021-06-22 09:42:10,2523.55,208440
2021-06-22 09:42:11,2523.15,208485
2021-06-22 09:42:13,2523.4,209111
2021-06-22 09:42:14,2523.4,209157
2021-06-22 09:42:15,2523.15,209161
2021-06-22 09:42:15,2523.15,209162
2021-06-22 09:42:16,2523.15,209173
2021-06-22 09:42:17,2523.15,209289
2021-06-22 09:42:18,2523.1,209347
2021-06-22 09:42:19,2523.15,209414
2021-06-22 09:42:21,2523.3,209631
2021-06-22 09:42:23,2523.05,209718
2021-06-22 09:42:24,2523.1,209724
2021-06-22 09:42:25,2523.1,209725
2021-06-22 09:42:26,2523.3,209775
2021-06-22 09:42:27,2523.0,209871
2021-06-22 09:42:27,2523.15,210109
2021-06-22 09:42:28,2523.05,210130
2021-06-22 09:42:29,2523.35,210132
2021-06-22 09:42:30,2524.0,210151
2021-06-22 09:42:31,2524.0,210693
2021-06-22 09:42:32,2523.45,211203
2021-06-22 09:42:34,2524.3,211343
2021-06-22 09:42:35,2525.0,212021
2021-06-22 09:42:35,2524.0,212056
2021-06-22 09:42:37,2524.0,212077
2021-06-22 09:42:38,2524.95,212292
2021-06-22 09:42:39,2524.95,212308
2021-06-22 09:42:40,2525.0,212414
2021-06-22 09:42:41,2524.0,212474
2021-06-22 09:42:42,2524.95,212520
2021-06-22 09:42:43,2524.85,212539
2021-06-22 09:42:44,2524.75,212590
2021-06-22 09:42:45,2524.75,212612
2021-06-22 09:42:46,2524.75,212617
2021-06-22 09:42:47,2524.75,212629
2021-06-22 09:42:47,2524.05,212630
2021-06-22 09:42:48,2524.85,212658
2021-06-22 09:42:49,2524.15,212673
2021-06-22 09:42:50,2524.8,212954
2021-06-22 09:42:51,2524.75,212968
2021-06-22 09:42:52,2524.8,213052
2021-06-22 09:42:53,2524.95,213227
2021-06-22 09:42:54,2524.95,213236
2021-06-22 09:42:55,2524.95,213258
2021-06-22 09:42:56,2524.95,213311
2021-06-22 09:42:57,2525.0,213490
2021-06-22 09:42:58,2525.0,213614
2021-06-22 09:42:59,2524.95,213622
2021-06-22 09:43:01,2525.0,213683
2021-06-22 09:43:02,2525.0,214157
2021-06-22 09:43:03,2524.85,214410
2021-06-22 09:43:04,2524.85,214508
2021-06-22 09:43:05,2525.0,214915
2021-06-22 09:43:06,2524.85,215038
2021-06-22 09:43:07,2524.85,215047
2021-06-22 09:43:08,2524.85,215047
2021-06-22 09:43:09,2525.0,215096
2021-06-22 09:43:10,2525.0,215102
2021-06-22 09:43:12,2524.8,215114
2021-06-22 09:43:13,2524.8,215114
2021-06-22 09:43:14,2525.0,215166
2021-06-22 09:43:15,2524.8,215170
2021-06-22 09:43:16,2524.9,215179
2021-06-22 09:43:17,2525.0,215279
2021-06-22 09:43:18,2525.0,215331
2021-06-22 09:43:19,2525.0,215356
2021-06-22 09:43:19,2525.0,215357
2021-06-22 09:43:20,2525.0,215754
2021-06-22 09:43:21,2524.8,215783
2021-06-22 09:43:22,2525.0,215788
2021-06-22 09:43:23,2524.95,215799
2021-06-22 09:43:24,2525.0,215861
2021-06-22 09:43:25,2525.0,215867
2021-06-22 09:43:26,2524.95,215889
2021-06-22 09:43:27,2525.0,215995
2021-06-22 09:43:28,2525.0,216018
2021-06-22 09:43:29,2525.0,216030
2021-06-22 09:43:30,2524.7,216659
2021-06-22 09:43:31,2524.7,216779
2021-06-22 09:43:32,2524.7,216843
2021-06-22 09:43:33,2524.5,216862
2021-06-22 09:43:34,2524.7,216872
2021-06-22 09:43:36,2524.9,216972
2021-06-22 09:43:36,2524.25,216974
2021-06-22 09:43:37,2524.25,216974
2021-06-22 09:43:38,2524.6,217035
2021-06-22 09:43:39,2524.6,217058
2021-06-22 09:43:40,2524.05,217064
2021-06-22 09:43:42,2524.25,217095
2021-06-22 09:43:43,2524.25,217096
2021-06-22 09:43:45,2525.0,217402
2021-06-22 09:43:46,2525.0,217402
2021-06-22 09:43:47,2524.9,217452
2021-06-22 09:43:48,2524.4,217469
2021-06-22 09:43:49,2524.7,217519
2021-06-22 09:43:50,2525.0,217698
2021-06-22 09:43:51,2524.0,218213
2021-06-22 09:43:52,2524.7,218241
2021-06-22 09:43:53,2524.7,218243
2021-06-22 09:43:54,2524.9,218294
2021-06-22 09:43:55,2524.6,218358
2021-06-22 09:43:56,2524.6,218449
2021-06-22 09:43:57,2524.9,218461
2021-06-22 09:44:00,2524.9,218522
2021-06-22 09:44:01,2524.95,218555
2021-06-22 09:44:02,2524.95,218555
2021-06-22 09:44:03,2524.85,218557
2021-06-22 09:44:04,2524.65,218583
2021-06-22 09:44:05,2524.65,218583
2021-06-22 09:44:06,2524.85,218584
2021-06-22 09:44:06,2524.65,218734
2021-06-22 09:44:08,2524.65,218742
2021-06-22 09:44:08,2525.0,218816
2021-06-22 09:44:09,2524.65,218832
2021-06-22 09:44:10,2525.0,218848
2021-06-22 09:44:11,2525.0,218873
2021-06-22 09:44:12,2525.0,218896
2021-06-22 09:44:13,2524.65,218900
2021-06-22 09:44:15,2524.95,218935
2021-06-22 09:44:15,2524.9,218962
2021-06-22 09:44:16,2524.95,219050
2021-06-22 09:44:17,2524.65,219055
2021-06-22 09:44:18,2524.65,219086
2021-06-22 09:44:20,2524.95,219101
2021-06-22 09:44:21,2524.85,219103
2021-06-22 09:44:22,2526.25,221389
2021-06-22 09:44:23,2526.15,221595
2021-06-22 09:44:25,2526.4,221676
2021-06-22 09:44:26,2526.4,221828
2021-06-22 09:44:28,2526.45,222213
2021-06-22 09:44:29,2526.3,222261
2021-06-22 09:44:29,2526.45,222278
2021-06-22 09:44:30,2526.55,222292
2021-06-22 09:44:31,2526.5,222375
2021-06-22 09:44:33,2526.5,222375
2021-06-22 09:44:34,2527.25,223377
2021-06-22 09:44:35,2526.55,223539
2021-06-22 09:44:35,2526.55,223539
2021-06-22 09:44:36,2527.3,223593
2021-06-22 09:44:37,2526.6,223595
2021-06-22 09:44:38,2527.3,223731
2021-06-22 09:44:39,2526.6,223781
2021-06-22 09:44:40,2527.35,223969
2021-06-22 09:44:41,2527.35,223971
2021-06-22 09:44:42,2527.15,223986
2021-06-22 09:44:43,2527.35,224084
2021-06-22 09:44:44,2527.35,224130
2021-06-22 09:44:45,2527.45,224150
2021-06-22 09:44:47,2527.25,224456
2021-06-22 09:44:48,2525.8,226868
2021-06-22 09:44:49,2526.45,227231
2021-06-22 09:44:50,2525.3,227452
2021-06-22 09:44:51,2526.45,227721
2021-06-22 09:44:52,2525.25,227851
2021-06-22 09:44:53,2526.45,227926
2021-06-22 09:44:54,2526.3,228042
2021-06-22 09:44:55,2526.3,228042
2021-06-22 09:44:56,2526.3,228042
2021-06-22 09:44:58,2525.85,228086
2021-06-22 09:44:59,2525.8,228089
2021-06-22 09:45:00,2524.85,228310
2021-06-22 09:45:01,2526.0,228440
2021-06-22 09:45:02,2525.95,228599
2021-06-22 09:45:03,2524.85,228813
2021-06-22 09:45:04,2524.8,228824
2021-06-22 09:45:05,2525.0,228871
2021-06-22 09:45:06,2525.0,228893
2021-06-22 09:45:07,2525.0,228926
2021-06-22 09:45:08,2525.0,229008
2021-06-22 09:45:08,2525.95,229113
2021-06-22 09:45:09,2525.95,229178
2021-06-22 09:45:11,2525.95,229178
2021-06-22 09:45:11,2524.95,229185
2021-06-22 09:45:13,2526.0,229235
2021-06-22 09:45:14,2526.0,229235
2021-06-22 09:45:14,2526.0,229280
2021-06-22 09:45:15,2526.0,229409
2021-06-22 09:45:16,2526.0,229513
2021-06-22 09:45:17,2526.0,229513
2021-06-22 09:45:18,2526.0,229513
2021-06-22 09:45:20,2526.0,229790
2021-06-22 09:45:20,2526.0,229845
2021-06-22 09:45:22,2526.5,229870
2021-06-22 09:45:23,2526.65,229880
2021-06-22 09:45:24,2526.7,229930
2021-06-22 09:45:25,2525.95,229931
2021-06-22 09:45:28,2526.3,230035
2021-06-22 09:45:29,2526.3,230035
2021-06-22 09:45:30,2526.3,230162
2021-06-22 09:45:31,2526.7,230212
2021-06-22 09:45:32,2526.7,230212
2021-06-22 09:45:33,2526.65,230263
2021-06-22 09:45:34,2526.65,230273
2021-06-22 09:45:35,2526.65,230295
2021-06-22 09:45:36,2526.65,230426
2021-06-22 09:45:36,2526.65,230427
2021-06-22 09:45:38,2526.65,230465
2021-06-22 09:45:39,2526.7,230475
2021-06-22 09:45:40,2526.65,230481
2021-06-22 09:45:41,2526.7,230508
2021-06-22 09:45:42,2526.65,230531
2021-06-22 09:45:43,2526.65,230541
2021-06-22 09:45:45,2526.7,230622
2021-06-22 09:45:46,2526.7,230731
2021-06-22 09:45:48,2526.65,230790
2021-06-22 09:45:49,2526.65,230867
2021-06-22 09:45:49,2526.65,230961
2021-06-22 09:45:50,2526.65,231277
2021-06-22 09:45:51,2526.65,231542
2021-06-22 09:45:53,2526.0,231903
2021-06-22 09:45:54,2526.7,231931
2021-06-22 09:45:55,2526.65,231942
2021-06-22 09:45:56,2526.65,231942
2021-06-22 09:45:57,2526.0,232156
2021-06-22 09:45:58,2525.95,232187
2021-06-22 09:45:59,2526.0,232336
2021-06-22 09:46:00,2525.95,232429
2021-06-22 09:46:01,2526.0,232489
2021-06-22 09:46:02,2525.85,232520
2021-06-22 09:46:03,2525.7,232727
2021-06-22 09:46:03,2525.1,232743
2021-06-22 09:46:04,2525.85,232752
2021-06-22 09:46:06,2525.05,232760
2021-06-22 09:46:07,2525.05,232780
2021-06-22 09:46:08,2525.85,232789
2021-06-22 09:46:09,2525.05,232804
2021-06-22 09:46:10,2525.05,232892
2021-06-22 09:46:11,2525.05,232984
2021-06-22 09:46:12,2525.05,233001
2021-06-22 09:46:13,2525.05,233001
2021-06-22 09:46:14,2525.0,233002
2021-06-22 09:46:15,2525.0,233002
2021-06-22 09:46:16,2525.1,233127
2021-06-22 09:46:17,2525.0,233227
2021-06-22 09:46:18,2525.0,233284
2021-06-22 09:46:19,2525.0,233490
2021-06-22 09:46:20,2525.0,233509
2021-06-22 09:46:21,2525.0,233648
2021-06-22 09:46:22,2525.0,233760
2021-06-22 09:46:23,2525.0,233771
2021-06-22 09:46:24,2525.85,233809
2021-06-22 09:46:27,2525.5,233811
2021-06-22 09:46:28,2525.5,233811
2021-06-22 09:46:29,2525.05,233836
2021-06-22 09:46:30,2525.0,233844
2021-06-22 09:46:31,2525.85,233863
2021-06-22 09:46:32,2525.1,233889
2021-06-22 09:46:33,2525.1,233889
2021-06-22 09:46:34,2525.1,233889
2021-06-22 09:46:35,2525.1,233932
2021-06-22 09:46:36,2525.1,234125
2021-06-22 09:46:37,2526.0,234216
2021-06-22 09:46:38,2525.0,234263
2021-06-22 09:46:40,2525.0,234283
2021-06-22 09:46:41,2525.0,234283
2021-06-22 09:46:42,2525.0,234283
2021-06-22 09:46:43,2525.0,234560
2021-06-22 09:46:44,2525.0,235164
2021-06-22 09:46:45,2524.6,235692
2021-06-22 09:46:46,2524.15,235718
2021-06-22 09:46:47,2524.25,235772
2021-06-22 09:46:48,2524.25,235778
2021-06-22 09:46:49,2524.4,235792
2021-06-22 09:46:50,2524.4,235794
2021-06-22 09:46:51,2524.7,235816
2021-06-22 09:46:53,2524.4,235842
2021-06-22 09:46:54,2524.25,235843
2021-06-22 09:46:55,2524.25,235843
2021-06-22 09:46:56,2524.25,235848
2021-06-22 09:46:57,2524.25,235912
2021-06-22 09:46:58,2524.25,235917
2021-06-22 09:46:59,2524.25,235918
2021-06-22 09:47:00,2524.15,236192
2021-06-22 09:47:01,2524.45,236215
2021-06-22 09:47:02,2524.45,236215
2021-06-22 09:47:03,2524.55,236217
2021-06-22 09:47:04,2524.15,237533
2021-06-22 09:47:06,2524.15,237646
2021-06-22 09:47:07,2524.45,237658
2021-06-22 09:47:08,2524.25,237701
2021-06-22 09:47:09,2524.25,237837
2021-06-22 09:47:10,2524.1,237940
2021-06-22 09:47:11,2524.35,238375
2021-06-22 09:47:12,2524.35,238375
2021-06-22 09:47:13,2524.35,238375
2021-06-22 09:47:15,2524.0,238419
2021-06-22 09:47:16,2524.05,238964
2021-06-22 09:47:17,2524.0,239018
2021-06-22 09:47:18,2524.0,239022
2021-06-22 09:47:20,2524.0,239102
2021-06-22 09:47:21,2523.85,239182
2021-06-22 09:47:22,2523.35,239207
2021-06-22 09:47:23,2523.35,239243
2021-06-22 09:47:24,2523.35,239291
2021-06-22 09:47:25,2523.35,239297
2021-06-22 09:47:26,2523.35,239303
2021-06-22 09:47:27,2523.3,239337
2021-06-22 09:47:28,2523.2,239382
2021-06-22 09:47:29,2523.1,239492
2021-06-22 09:47:30,2523.35,239505
2021-06-22 09:47:31,2523.05,239576
2021-06-22 09:47:32,2523.05,239582
2021-06-22 09:47:33,2523.1,239591
2021-06-22 09:47:34,2520.75,240399
2021-06-22 09:47:35,2520.7,240555
2021-06-22 09:47:37,2520.75,240567
2021-06-22 09:47:38,2520.75,240594
2021-06-22 09:47:39,2520.75,240594
2021-06-22 09:47:40,2520.75,240632
2021-06-22 09:47:41,2521.0,240749
2021-06-22 09:47:42,2521.0,240834
2021-06-22 09:47:43,2521.0,240868
2021-06-22 09:47:45,2521.0,241057
2021-06-22 09:47:44,2521.45,240918
2021-06-22 09:47:47,2520.6,241240
2021-06-22 09:47:48,2521.6,241244
2021-06-22 09:47:49,2521.85,241264
2021-06-22 09:47:50,2521.0,241286
2021-06-22 09:47:51,2521.0,241286
2021-06-22 09:47:53,2521.0,241300
2021-06-22 09:47:54,2521.0,241300
2021-06-22 09:47:55,2521.0,241332
2021-06-22 09:47:56,2521.9,241440
2021-06-22 09:47:58,2521.0,241632
2021-06-22 09:47:59,2521.0,241646
2021-06-22 09:48:00,2521.05,241650
2021-06-22 09:48:01,2521.7,241670
2021-06-22 09:48:02,2521.05,241672
2021-06-22 09:48:03,2521.05,241673
2021-06-22 09:48:04,2521.05,241673
2021-06-22 09:48:05,2521.7,241704
2021-06-22 09:48:06,2521.05,241707
2021-06-22 09:48:07,2521.05,241707
2021-06-22 09:48:08,2521.25,241809
2021-06-22 09:48:09,2521.85,241811
2021-06-22 09:48:10,2521.85,241811
2021-06-22 09:48:11,2521.85,241811
2021-06-22 09:48:12,2521.25,241821
2021-06-22 09:48:13,2521.25,241821
2021-06-22 09:48:14,2521.25,241846
2021-06-22 09:48:15,2521.85,241849
2021-06-22 09:48:16,2521.7,241863
2021-06-22 09:48:17,2521.7,241869
2021-06-22 09:48:18,2521.7,241967
2021-06-22 09:48:19,2521.7,242186
2021-06-22 09:48:20,2521.85,242195
2021-06-22 09:48:21,2521.7,242202
2021-06-22 09:48:23,2521.95,242296
2021-06-22 09:48:23,2521.95,242296
2021-06-22 09:48:24,2521.95,242296
2021-06-22 09:48:25,2521.95,242296
2021-06-22 09:48:26,2522.0,242601
2021-06-22 09:48:27,2522.8,242701
2021-06-22 09:48:29,2521.9,242767
2021-06-22 09:48:29,2521.95,242768
2021-06-22 09:48:30,2522.7,242782
2021-06-22 09:48:31,2522.85,243253
2021-06-22 09:48:32,2522.25,243275
2021-06-22 09:48:33,2522.0,243475
2021-06-22 09:48:34,2521.95,243501
2021-06-22 09:48:35,2522.8,243636
2021-06-22 09:48:36,2522.8,243636
2021-06-22 09:48:38,2521.95,243640
2021-06-22 09:48:39,2521.95,243640
2021-06-22 09:48:40,2521.95,243640
2021-06-22 09:48:41,2522.5,243777
2021-06-22 09:48:42,2521.95,243887
2021-06-22 09:48:43,2521.95,243928
2021-06-22 09:48:44,2521.95,243943
2021-06-22 09:48:45,2521.95,243944
2021-06-22 09:48:47,2521.95,243989
2021-06-22 09:48:47,2521.95,243986
2021-06-22 09:48:48,2521.95,243999
2021-06-22 09:48:49,2522.5,244000
2021-06-22 09:48:51,2521.95,244105
2021-06-22 09:48:52,2522.4,244174
2021-06-22 09:48:53,2521.95,244179
2021-06-22 09:48:55,2522.4,244230
2021-06-22 09:48:57,2522.4,244240
2021-06-22 09:48:58,2521.95,244388
2021-06-22 09:48:59,2522.4,244464
2021-06-22 09:49:00,2521.95,244473
2021-06-22 09:49:01,2522.1,244486
2021-06-22 09:49:02,2522.1,244486
2021-06-22 09:49:04,2521.95,244562
2021-06-22 09:49:04,2521.95,244562
2021-06-22 09:49:05,2522.4,244633
2021-06-22 09:49:06,2522.45,244643
2021-06-22 09:49:07,2521.95,244658
2021-06-22 09:49:08,2522.5,244661
2021-06-22 09:49:10,2522.0,244774
2021-06-22 09:49:11,2522.5,244859
2021-06-22 09:49:12,2522.5,244859
2021-06-22 09:49:13,2521.95,244890
2021-06-22 09:49:14,2521.95,244910
2021-06-22 09:49:15,2522.5,245050
2021-06-22 09:49:17,2522.0,245079
2021-06-22 09:49:17,2522.0,245079
2021-06-22 09:49:18,2522.0,245133
2021-06-22 09:49:19,2522.5,245233
2021-06-22 09:49:20,2522.5,245330
2021-06-22 09:49:21,2522.5,245386
2021-06-22 09:49:23,2522.2,245387
2021-06-22 09:49:23,2522.2,245392
2021-06-22 09:49:24,2522.15,245495
2021-06-22 09:49:25,2522.95,246029
2021-06-22 09:49:26,2522.5,246106
2021-06-22 09:49:27,2522.15,246529
2021-06-22 09:49:29,2522.0,246864
2021-06-22 09:49:30,2522.9,246905
2021-06-22 09:49:32,2522.9,246924
2021-06-22 09:49:33,2522.2,246947
2021-06-22 09:49:34,2522.2,247025
2021-06-22 09:49:36,2522.2,247025
2021-06-22 09:49:36,2522.2,247025
2021-06-22 09:49:38,2522.8,247038
2021-06-22 09:49:39,2522.2,247158
2021-06-22 09:49:40,2522.8,247208
2021-06-22 09:49:41,2522.2,247221
2021-06-22 09:49:43,2522.2,247221
2021-06-22 09:49:43,2522.2,247221
2021-06-22 09:49:44,2522.2,247251
2021-06-22 09:49:45,2522.8,247345
2021-06-22 09:49:46,2522.8,247347
2021-06-22 09:49:47,2522.8,247408
2021-06-22 09:49:48,2522.2,247433
2021-06-22 09:49:49,2522.2,247439
2021-06-22 09:49:51,2522.8,247449
2021-06-22 09:49:53,2522.8,247464
2021-06-22 09:49:53,2522.2,247468
2021-06-22 09:49:54,2523.0,247668
2021-06-22 09:49:55,2522.8,247672
2021-06-22 09:49:56,2522.8,247785
2021-06-22 09:49:57,2522.8,247785
2021-06-22 09:49:58,2522.2,247790
2021-06-22 09:50:00,2522.8,247809
2021-06-22 09:50:00,2522.8,247809
2021-06-22 09:50:01,2522.85,247812
2021-06-22 09:50:02,2522.85,247838
2021-06-22 09:50:04,2523.1,248256
2021-06-22 09:50:05,2522.7,248283
2021-06-22 09:50:06,2523.15,248295
2021-06-22 09:50:08,2522.85,248305
2021-06-22 09:50:08,2523.0,248306
2021-06-22 09:50:09,2523.0,248308
2021-06-22 09:50:10,2523.0,248315
2021-06-22 09:50:11,2523.1,248331
2021-06-22 09:50:12,2523.1,248361
2021-06-22 09:50:13,2523.1,248506
2021-06-22 09:50:14,2523.0,248517
2021-06-22 09:50:15,2523.15,248579
2021-06-22 09:50:17,2523.0,248677
2021-06-22 09:50:17,2523.0,248677
2021-06-22 09:50:18,2523.0,248686
2021-06-22 09:50:19,2523.0,248686
2021-06-22 09:50:20,2523.0,248686
2021-06-22 09:50:21,2522.9,248729
2021-06-22 09:50:23,2523.0,248749
2021-06-22 09:50:24,2523.0,248769
2021-06-22 09:50:25,2523.0,248843
2021-06-22 09:50:26,2522.9,248861
2021-06-22 09:50:28,2523.0,248862
2021-06-22 09:50:29,2523.0,248882
2021-06-22 09:50:30,2523.0,248885
2021-06-22 09:50:31,2523.0,249049
2021-06-22 09:50:31,2523.0,249049
2021-06-22 09:50:33,2522.9,249823
2021-06-22 09:50:34,2522.9,249915
2021-06-22 09:50:37,2523.0,250989
2021-06-22 09:50:38,2522.9,251100
2021-06-22 09:50:38,2522.9,251100
2021-06-22 09:50:39,2522.9,251110
2021-06-22 09:50:40,2522.9,251161
2021-06-22 09:50:41,2523.0,251175
2021-06-22 09:50:44,2523.0,251180
2021-06-22 09:50:45,2522.95,253235
2021-06-22 09:50:46,2523.1,253377
2021-06-22 09:50:46,2523.25,253378
2021-06-22 09:50:47,2523.0,253397
2021-06-22 09:50:48,2523.0,253427
2021-06-22 09:50:50,2523.65,253467
2021-06-22 09:50:51,2523.6,253713
2021-06-22 09:50:52,2523.65,253750
2021-06-22 09:50:53,2524.25,257770
2021-06-22 09:50:53,2524.25,257770
2021-06-22 09:50:54,2524.15,258940
2021-06-22 09:50:55,2525.35,261065
2021-06-22 09:50:56,2526.0,265105
2021-06-22 09:50:57,2526.0,265776
2021-06-22 09:50:59,2526.3,266120
2021-06-22 09:51:00,2525.4,266715
2021-06-22 09:51:01,2527.35,269740
2021-06-22 09:51:01,2526.25,269948
2021-06-22 09:51:02,2526.2,269963
2021-06-22 09:51:03,2527.25,269993
2021-06-22 09:51:04,2527.0,270036
2021-06-22 09:51:06,2527.25,270171
2021-06-22 09:51:07,2527.0,270221
2021-06-22 09:51:08,2527.25,271187
2021-06-22 09:51:09,2527.15,273178
2021-06-22 09:51:11,2526.85,273901
2021-06-22 09:51:12,2527.2,274020
2021-06-22 09:51:14,2527.15,274773
2021-06-22 09:51:15,2527.15,275190
2021-06-22 09:51:16,2527.15,275431
2021-06-22 09:51:17,2527.15,275432
2021-06-22 09:51:18,2527.15,275599
2021-06-22 09:51:19,2527.15,275666
2021-06-22 09:51:21,2527.15,275768
2021-06-22 09:51:22,2527.15,275778
2021-06-22 09:51:23,2527.15,276556
2021-06-22 09:51:24,2527.2,276622
2021-06-22 09:51:25,2527.2,276634
2021-06-22 09:51:28,2527.15,276891
2021-06-22 09:51:28,2527.15,276891
2021-06-22 09:51:29,2527.15,276922
2021-06-22 09:51:30,2527.2,277115
2021-06-22 09:51:32,2527.15,277133
2021-06-22 09:51:33,2527.4,278158
2021-06-22 09:51:34,2528.0,278285
2021-06-22 09:51:35,2529.0,278908
2021-06-22 09:51:35,2528.0,278960
2021-06-22 09:51:37,2528.0,278977
2021-06-22 09:51:37,2528.0,279012
2021-06-22 09:51:38,2528.0,279017
2021-06-22 09:51:39,2528.0,279017
2021-06-22 09:51:41,2529.0,279038
2021-06-22 09:51:42,2529.0,279096
2021-06-22 09:51:43,2529.2,279843
2021-06-22 09:51:44,2529.65,279994
2021-06-22 09:51:45,2529.45,280188
2021-06-22 09:51:46,2529.65,280391
2021-06-22 09:51:47,2529.85,280418
2021-06-22 09:51:48,2529.45,280814
2021-06-22 09:51:49,2529.4,280959
2021-06-22 09:51:51,2528.65,281119
2021-06-22 09:51:52,2528.65,281280
2021-06-22 09:51:52,2529.0,281289
2021-06-22 09:51:53,2528.65,281295
2021-06-22 09:51:55,2529.4,281550
2021-06-22 09:51:56,2528.05,281669
2021-06-22 09:51:57,2529.0,281680
2021-06-22 09:51:59,2529.5,282040
2021-06-22 09:52:00,2529.5,282040
2021-06-22 09:52:01,2528.6,282085
2021-06-22 09:52:02,2528.6,282089
2021-06-22 09:52:02,2528.1,282090
2021-06-22 09:52:03,2529.0,282115
2021-06-22 09:52:04,2528.6,282316
2021-06-22 09:52:05,2528.6,282316
2021-06-22 09:52:06,2528.45,282441
2021-06-22 09:52:07,2528.45,282457
2021-06-22 09:52:08,2529.75,282768
2021-06-22 09:52:10,2528.55,282924
2021-06-22 09:52:12,2529.7,282977
2021-06-22 09:52:13,2529.6,283037
2021-06-22 09:52:14,2529.0,283044
2021-06-22 09:52:16,2529.6,283267
2021-06-22 09:52:16,2529.6,283268
2021-06-22 09:52:17,2529.75,283691
2021-06-22 09:52:18,2529.0,283739
2021-06-22 09:52:19,2529.9,283819
2021-06-22 09:52:20,2529.9,283885
2021-06-22 09:52:21,2529.0,283923
2021-06-22 09:52:22,2529.6,283976
2021-06-22 09:52:24,2529.85,283999
2021-06-22 09:52:24,2529.3,284005
2021-06-22 09:52:25,2529.8,284037
2021-06-22 09:52:27,2529.9,284075
2021-06-22 09:52:28,2529.7,284137
2021-06-22 09:52:28,2529.7,284187
2021-06-22 09:52:29,2529.1,284212
2021-06-22 09:52:30,2529.1,284256
2021-06-22 09:52:31,2529.1,284286
2021-06-22 09:52:33,2529.1,284286
2021-06-22 09:52:34,2529.9,284297
2021-06-22 09:52:35,2529.1,284355
2021-06-22 09:52:36,2529.1,284356
2021-06-22 09:52:37,2529.9,284530
2021-06-22 09:52:37,2529.9,284531
2021-06-22 09:52:38,2529.9,284574
2021-06-22 09:52:40,2529.1,284594
2021-06-22 09:52:41,2529.1,284651
2021-06-22 09:52:42,2529.1,284717
2021-06-22 09:52:43,2529.1,284748
2021-06-22 09:52:44,2529.75,284886
2021-06-22 09:52:45,2529.1,284925
2021-06-22 09:52:46,2529.1,284928
2021-06-22 09:52:46,2529.1,284928
2021-06-22 09:52:47,2529.3,285742
2021-06-22 09:52:48,2529.0,285804
2021-06-22 09:52:49,2529.0,285811
2021-06-22 09:52:50,2529.25,285831
2021-06-22 09:52:51,2529.3,285852
2021-06-22 09:52:54,2529.3,285868
2021-06-22 09:52:55,2529.3,286103
2021-06-22 09:52:55,2529.25,286104
2021-06-22 09:52:56,2529.55,286227
2021-06-22 09:52:57,2529.25,286250
2021-06-22 09:53:01,2529.5,286490
2021-06-22 09:53:02,2529.25,286534
2021-06-22 09:53:03,2529.25,286566
2021-06-22 09:53:04,2529.25,286649
2021-06-22 09:53:06,2529.3,286852
2021-06-22 09:53:06,2529.25,286862
2021-06-22 09:53:07,2529.85,286963
2021-06-22 09:53:08,2529.25,286964
2021-06-22 09:53:09,2529.5,286974
2021-06-22 09:53:10,2529.5,287051
2021-06-22 09:53:11,2529.85,287061
2021-06-22 09:53:12,2529.85,287165
2021-06-22 09:53:15,2529.85,287238
2021-06-22 09:53:16,2530.2,291973
2021-06-22 09:53:17,2530.2,291989
2021-06-22 09:53:18,2530.9,292130
2021-06-22 09:53:18,2530.25,292139
2021-06-22 09:53:19,2530.15,292194
2021-06-22 09:53:20,2530.85,292201
2021-06-22 09:53:21,2530.85,292202
2021-06-22 09:53:22,2530.9,292989
2021-06-22 09:53:23,2530.8,293029
2021-06-22 09:53:24,2531.45,293311
2021-06-22 09:53:26,2530.95,293359
2021-06-22 09:53:27,2531.55,293426
2021-06-22 09:53:28,2531.55,293487
2021-06-22 09:53:28,2531.55,293487
2021-06-22 09:53:29,2531.0,293593
2021-06-22 09:53:30,2532.0,293797
2021-06-22 09:53:31,2531.0,294321
2021-06-22 09:53:32,2531.95,295111
2021-06-22 09:53:33,2531.95,295182
2021-06-22 09:53:36,2530.95,295879
2021-06-22 09:53:37,2531.55,295930
2021-06-22 09:53:38,2531.8,296033
2021-06-22 09:53:39,2532.0,296158
2021-06-22 09:53:40,2532.0,296208
2021-06-22 09:53:41,2531.0,296228
2021-06-22 09:53:42,2530.95,296571
2021-06-22 09:53:43,2531.35,296652
2021-06-22 09:53:45,2531.05,296656
2021-06-22 09:53:46,2531.85,296746
2021-06-22 09:53:47,2532.15,296857
2021-06-22 09:53:48,2532.15,297069
2021-06-22 09:53:48,2532.15,297194
2021-06-22 09:53:49,2531.4,297372
2021-06-22 09:53:51,2531.15,297597
2021-06-22 09:53:54,2532.15,297722
2021-06-22 09:53:56,2531.15,297811
2021-06-22 09:53:59,2531.9,297894
2021-06-22 09:54:00,2531.15,298197
2021-06-22 09:54:00,2531.15,298197
2021-06-22 09:54:01,2530.85,300470
2021-06-22 09:54:02,2530.85,300765
2021-06-22 09:54:03,2530.0,300866
2021-06-22 09:54:05,2531.0,300927
2021-06-22 09:54:06,2531.65,300939
2021-06-22 09:54:07,2530.55,301014
2021-06-22 09:54:08,2530.65,301114
2021-06-22 09:54:09,2530.7,301118
2021-06-22 09:54:10,2531.8,301184
2021-06-22 09:54:10,2531.8,301184
2021-06-22 09:54:11,2531.8,301184
2021-06-22 09:54:13,2531.95,301409
2021-06-22 09:54:15,2531.95,301597
2021-06-22 09:54:16,2531.95,301636
2021-06-22 09:54:17,2532.0,301997
2021-06-22 09:54:18,2531.8,302069
2021-06-22 09:54:19,2530.35,302528
2021-06-22 09:54:19,2530.15,302527
2021-06-22 09:54:20,2530.25,302591
2021-06-22 09:54:21,2531.5,302623
2021-06-22 09:54:23,2531.0,302644
2021-06-22 09:54:24,2531.6,302769
2021-06-22 09:54:25,2530.2,303226
2021-06-22 09:54:25,2530.0,303271
2021-06-22 09:54:26,2530.8,303340
2021-06-22 09:54:28,2530.8,303555
2021-06-22 09:54:30,2530.85,303670
2021-06-22 09:54:30,2530.8,303671
2021-06-22 09:54:31,2530.9,303681
2021-06-22 09:54:32,2530.9,303686
2021-06-22 09:54:34,2530.9,303706
2021-06-22 09:54:35,2530.95,303987
2021-06-22 09:54:36,2530.95,303987
2021-06-22 09:54:37,2531.9,304009
2021-06-22 09:54:38,2531.25,304010
2021-06-22 09:54:39,2531.0,304065
2021-06-22 09:54:39,2531.0,304065
2021-06-22 09:54:40,2531.8,304140
2021-06-22 09:54:42,2531.0,304160
2021-06-22 09:54:43,2531.0,304170
2021-06-22 09:54:44,2531.8,304245
2021-06-22 09:54:44,2531.8,304245
2021-06-22 09:54:45,2531.8,304259
2021-06-22 09:54:48,2531.2,304301
2021-06-22 09:54:49,2531.7,304327
2021-06-22 09:54:50,2531.6,304330
2021-06-22 09:54:51,2531.2,304332
2021-06-22 09:54:51,2531.2,304332
2021-06-22 09:54:54,2531.1,305701
2021-06-22 09:54:55,2531.15,305823
2021-06-22 09:54:56,2531.15,305873
2021-06-22 09:54:57,2531.15,305995
2021-06-22 09:54:58,2531.15,305995
2021-06-22 09:55:01,2531.0,306629
2021-06-22 09:55:02,2531.0,306841
2021-06-22 09:55:03,2531.0,307648
2021-06-22 09:55:03,2531.0,307718
2021-06-22 09:55:06,2531.0,307735
2021-06-22 09:55:07,2531.05,307896
2021-06-22 09:55:08,2531.0,307996
2021-06-22 09:55:09,2531.0,307996
2021-06-22 09:55:09,2531.0,307996
2021-06-22 09:55:11,2531.05,308012
2021-06-22 09:55:12,2531.0,308129
2021-06-22 09:55:13,2531.0,308143
2021-06-22 09:55:14,2531.05,308183
2021-06-22 09:55:15,2530.9,308548
2021-06-22 09:55:16,2531.0,308582
2021-06-22 09:55:16,2531.0,308615
2021-06-22 09:55:18,2531.05,308639
2021-06-22 09:55:19,2531.05,308684
2021-06-22 09:55:21,2530.9,308795
2021-06-22 09:55:22,2530.9,308803
2021-06-22 09:55:22,2530.9,308809
2021-06-22 09:55:24,2530.9,309011
2021-06-22 09:55:26,2530.9,309198
2021-06-22 09:55:27,2530.9,309198
2021-06-22 09:55:28,2530.85,309251
2021-06-22 09:55:29,2530.85,309259
2021-06-22 09:55:31,2531.0,309385
2021-06-22 09:55:32,2531.0,309473
2021-06-22 09:55:33,2531.0,309553
2021-06-22 09:55:34,2531.0,309553
2021-06-22 09:55:34,2530.75,309907
2021-06-22 09:55:36,2530.75,309992
2021-06-22 09:55:37,2530.6,310006
2021-06-22 09:55:38,2530.6,310143
2021-06-22 09:55:39,2530.6,310153
2021-06-22 09:55:40,2530.0,310687
2021-06-22 09:55:41,2531.05,310968
2021-06-22 09:55:42,2530.2,310987
2021-06-22 09:55:42,2530.2,310999
2021-06-22 09:55:44,2530.15,311194
2021-06-22 09:55:45,2530.1,311317
2021-06-22 09:55:46,2529.95,311356
2021-06-22 09:55:47,2529.95,311377
2021-06-22 09:55:48,2530.6,311492
2021-06-22 09:55:48,2530.6,311515
2021-06-22 09:55:50,2529.85,311668
2021-06-22 09:55:51,2529.85,311704
2021-06-22 09:55:52,2529.85,311725
2021-06-22 09:55:53,2530.5,311768
2021-06-22 09:55:53,2529.85,311771
2021-06-22 09:55:54,2529.85,311772
2021-06-22 09:55:55,2529.55,311872
2021-06-22 09:55:57,2530.5,311960
2021-06-22 09:55:59,2530.5,312237
2021-06-22 09:56:00,2530.5,312237
2021-06-22 09:56:01,2530.5,312249
2021-06-22 09:56:02,2529.55,312344
2021-06-22 09:56:02,2529.55,312363
2021-06-22 09:56:04,2530.5,312988
2021-06-22 09:56:05,2530.0,313014
2021-06-22 09:56:06,2530.0,313033
2021-06-22 09:56:07,2530.0,313163
2021-06-22 09:56:08,2530.0,313189
2021-06-22 09:56:09,2530.0,313301
2021-06-22 09:56:10,2530.0,313320
2021-06-22 09:56:11,2530.0,313389
2021-06-22 09:56:12,2529.55,315304
2021-06-22 09:56:12,2529.5,315361
2021-06-22 09:56:13,2528.8,315669
2021-06-22 09:56:14,2528.0,316468
2021-06-22 09:56:15,2528.0,316860
2021-06-22 09:56:17,2527.3,316904
2021-06-22 09:56:18,2527.35,316954
2021-06-22 09:56:19,2527.7,317389
2021-06-22 09:56:20,2527.7,317522
2021-06-22 09:56:21,2527.35,317534
2021-06-22 09:56:22,2528.5,317624
2021-06-22 09:56:23,2527.35,317625
2021-06-22 09:56:24,2527.35,317634
2021-06-22 09:56:25,2527.35,317671
2021-06-22 09:56:26,2527.35,317681
2021-06-22 09:56:27,2527.8,317734
2021-06-22 09:56:28,2527.5,317760
2021-06-22 09:56:28,2527.5,317754
2021-06-22 09:56:30,2527.5,317775
2021-06-22 09:56:31,2527.8,317802
2021-06-22 09:56:32,2527.5,317804
2021-06-22 09:56:33,2527.5,317828
2021-06-22 09:56:33,2527.5,317824
2021-06-22 09:56:34,2526.9,319051
2021-06-22 09:56:36,2526.85,319147
2021-06-22 09:56:37,2525.8,319159
2021-06-22 09:56:38,2526.85,319181
2021-06-22 09:56:39,2525.8,319184
2021-06-22 09:56:40,2525.6,319417
2021-06-22 09:56:40,2525.6,319378
2021-06-22 09:56:42,2525.4,319699
2021-06-22 09:56:43,2525.4,319777
2021-06-22 09:56:44,2525.8,319813
2021-06-22 09:56:45,2525.4,319868
2021-06-22 09:56:46,2525.4,319893
2021-06-22 09:56:46,2525.4,319893
2021-06-22 09:56:48,2525.8,319942
2021-06-22 09:56:49,2525.25,319945
2021-06-22 09:56:50,2525.4,319973
2021-06-22 09:56:51,2525.4,320001
2021-06-22 09:56:51,2525.4,319988
2021-06-22 09:56:53,2525.6,320010
2021-06-22 09:56:54,2525.6,320159
2021-06-22 09:56:55,2525.6,320201
2021-06-22 09:56:56,2526.65,320301
2021-06-22 09:56:57,2526.4,320325
2021-06-22 09:56:58,2525.4,320327
2021-06-22 09:57:00,2527.0,322051
2021-06-22 09:57:01,2526.8,322226
2021-06-22 09:57:02,2526.85,322274
2021-06-22 09:57:03,2526.95,322324
2021-06-22 09:57:04,2526.95,322358
2021-06-22 09:57:05,2527.0,322992
2021-06-22 09:57:06,2527.0,323043
2021-06-22 09:57:07,2527.0,323091
2021-06-22 09:57:09,2527.0,323357
2021-06-22 09:57:10,2527.8,323664
2021-06-22 09:57:11,2527.5,323686
2021-06-22 09:57:12,2527.8,324107
2021-06-22 09:57:14,2528.05,324436
2021-06-22 09:57:15,2528.05,324605
2021-06-22 09:57:16,2528.65,324951
2021-06-22 09:57:17,2528.65,324988
2021-06-22 09:57:18,2528.45,325079
2021-06-22 09:57:19,2528.65,325126
2021-06-22 09:57:20,2529.25,325287
2021-06-22 09:57:21,2528.65,325292
2021-06-22 09:57:23,2528.45,325616
2021-06-22 09:57:24,2528.35,325656
2021-06-22 09:57:25,2528.35,325753
2021-06-22 09:57:26,2528.15,325985
2021-06-22 09:57:27,2527.8,326135
2021-06-22 09:57:28,2527.0,326152
2021-06-22 09:57:29,2527.8,326160
2021-06-22 09:57:30,2527.8,326160
2021-06-22 09:57:31,2527.05,326230
2021-06-22 09:57:32,2527.0,326256
2021-06-22 09:57:33,2526.0,326662
2021-06-22 09:57:34,2526.0,326680
2021-06-22 09:57:35,2525.75,326743
2021-06-22 09:57:36,2526.0,327268
2021-06-22 09:57:38,2525.3,327385
2021-06-22 09:57:37,2525.4,327343
2021-06-22 09:57:39,2525.3,327487
2021-06-22 09:57:40,2525.15,327541
2021-06-22 09:57:41,2525.4,327697
2021-06-22 09:57:42,2526.5,327756
2021-06-22 09:57:43,2526.0,327773
2021-06-22 09:57:44,2526.0,327777
2021-06-22 09:57:45,2526.5,328003
2021-06-22 09:57:46,2526.5,328068
2021-06-22 09:57:47,2526.5,329609
2021-06-22 09:57:48,2526.5,330084
2021-06-22 09:57:49,2526.5,330214
2021-06-22 09:57:50,2526.5,330906
2021-06-22 09:57:51,2527.1,331049
2021-06-22 09:57:52,2526.85,331118
2021-06-22 09:57:53,2526.8,331184
2021-06-22 09:57:54,2528.0,331565
2021-06-22 09:57:56,2528.0,331861
2021-06-22 09:57:57,2528.1,332608
2021-06-22 09:57:58,2528.1,332842
2021-06-22 09:57:59,2528.1,333297
2021-06-22 09:58:00,2528.1,333368
2021-06-22 09:58:01,2528.0,333446
2021-06-22 09:58:02,2528.0,333468
2021-06-22 09:58:03,2528.1,333501
2021-06-22 09:58:04,2528.1,333509
2021-06-22 09:58:05,2528.0,333575
2021-06-22 09:58:06,2528.25,334656
2021-06-22 09:58:07,2528.0,334727
2021-06-22 09:58:08,2528.0,334961
2021-06-22 09:58:09,2528.0,335352
2021-06-22 09:58:10,2527.9,335473
2021-06-22 09:58:11,2527.85,335748
2021-06-22 09:58:12,2527.85,335899
2021-06-22 09:58:13,2527.85,335984
2021-06-22 09:58:14,2527.4,336033
2021-06-22 09:58:15,2527.15,336036
2021-06-22 09:58:16,2527.15,336104
2021-06-22 09:58:17,2526.85,336140
2021-06-22 09:58:18,2526.55,336143
2021-06-22 09:58:19,2526.55,336153
2021-06-22 09:58:20,2526.5,336259
2021-06-22 09:58:21,2526.5,336286
2021-06-22 09:58:22,2526.5,336478
2021-06-22 09:58:23,2526.5,336614
2021-06-22 09:58:24,2526.5,336641
2021-06-22 09:58:25,2526.5,336702
2021-06-22 09:58:26,2526.5,336844
2021-06-22 09:58:27,2526.5,336872
2021-06-22 09:58:28,2526.5,336906
2021-06-22 09:58:29,2526.5,336913
2021-06-22 09:58:30,2526.5,336928
2021-06-22 09:58:31,2526.5,336969
2021-06-22 09:58:33,2526.5,337102
2021-06-22 09:58:34,2526.5,337107
2021-06-22 09:58:35,2526.5,337110
2021-06-22 09:58:36,2526.5,337127
2021-06-22 09:58:38,2526.5,337131
2021-06-22 09:58:37,2526.5,337131
2021-06-22 09:58:39,2526.5,337131
2021-06-22 09:58:40,2526.5,337156
2021-06-22 09:58:41,2526.55,337407
2021-06-22 09:58:42,2526.5,337412
2021-06-22 09:58:43,2526.5,338318
2021-06-22 09:58:44,2526.5,338559
2021-06-22 09:58:45,2526.95,339260
2021-06-22 09:58:46,2526.65,339387
2021-06-22 09:58:48,2526.5,339660
2021-06-22 09:58:49,2526.5,339759
2021-06-22 09:58:50,2526.55,339779
2021-06-22 09:58:51,2526.95,339861
2021-06-22 09:58:52,2526.95,339861
2021-06-22 09:58:53,2528.2,342749
2021-06-22 09:58:55,2528.25,343924
2021-06-22 09:58:56,2527.8,344065
2021-06-22 09:58:57,2528.3,344207
2021-06-22 09:58:58,2528.25,344504
2021-06-22 09:58:59,2528.15,344647
2021-06-22 09:59:00,2528.15,344905
2021-06-22 09:59:01,2528.15,344974
2021-06-22 09:59:02,2527.85,345023
2021-06-22 09:59:03,2527.65,345124
2021-06-22 09:59:04,2527.55,345199
2021-06-22 09:59:05,2527.0,345347
2021-06-22 09:59:06,2527.05,345418
2021-06-22 09:59:07,2527.05,345429
2021-06-22 09:59:08,2527.05,345429
2021-06-22 09:59:09,2527.2,345584
2021-06-22 09:59:10,2527.75,345645
2021-06-22 09:59:11,2527.2,345650
2021-06-22 09:59:13,2527.2,345661
2021-06-22 09:59:13,2527.2,345663
2021-06-22 09:59:14,2527.2,345664
2021-06-22 09:59:15,2527.7,345672
2021-06-22 09:59:16,2527.2,345685
2021-06-22 09:59:17,2527.75,345691
2021-06-22 09:59:19,2527.75,345693
2021-06-22 09:59:20,2527.75,345693
2021-06-22 09:59:21,2527.75,345807
2021-06-22 09:59:22,2527.4,345813
2021-06-22 09:59:25,2527.5,345820
2021-06-22 09:59:26,2527.5,345826
2021-06-22 09:59:27,2527.5,345861
2021-06-22 09:59:28,2527.5,345874
2021-06-22 09:59:29,2527.5,345876
2021-06-22 09:59:30,2527.75,345907
2021-06-22 09:59:32,2527.5,345908
2021-06-22 09:59:33,2527.5,346060
2021-06-22 09:59:33,2527.5,346107
2021-06-22 09:59:34,2527.3,346255
2021-06-22 09:59:35,2527.7,346296
2021-06-22 09:59:36,2527.3,346301
2021-06-22 09:59:37,2527.3,346362
2021-06-22 09:59:38,2527.1,346405
2021-06-22 09:59:39,2527.0,346553
2021-06-22 09:59:41,2527.0,346614
2021-06-22 09:59:41,2527.0,346614
2021-06-22 09:59:42,2527.0,346628
2021-06-22 09:59:43,2527.0,347006
2021-06-22 09:59:44,2526.8,347016
2021-06-22 09:59:45,2526.5,347635
2021-06-22 09:59:46,2526.5,347835
2021-06-22 09:59:48,2526.5,347835
2021-06-22 09:59:48,2526.5,347835
2021-06-22 09:59:50,2526.0,347978
2021-06-22 09:59:51,2526.5,348048
2021-06-22 09:59:52,2526.5,348184
2021-06-22 09:59:54,2526.0,348528
2021-06-22 09:59:54,2526.0,348596
2021-06-22 09:59:55,2526.05,348651
2021-06-22 09:59:56,2526.05,348670
2021-06-22 09:59:57,2526.0,348675
2021-06-22 09:59:58,2526.0,348704
2021-06-22 09:59:59,2526.0,348840
2021-06-22 10:00:01,2526.5,348893
2021-06-22 10:00:01,2526.1,348903
2021-06-22 10:00:02,2526.05,348909
2021-06-22 10:00:03,2526.0,349268
2021-06-22 10:00:05,2526.45,349395
2021-06-22 10:00:06,2525.9,351353
2021-06-22 10:00:07,2525.9,351550
2021-06-22 10:00:08,2525.75,351640
2021-06-22 10:00:10,2525.75,351758
2021-06-22 10:00:10,2525.9,351755
2021-06-22 10:00:11,2525.4,351892
2021-06-22 10:00:12,2525.4,352211
2021-06-22 10:00:13,2525.65,352532
2021-06-22 10:00:14,2525.25,354881
2021-06-22 10:00:15,2525.1,355768
2021-06-22 10:00:16,2525.25,356077
2021-06-22 10:00:17,2525.2,356122
2021-06-22 10:00:19,2523.7,356408
2021-06-22 10:00:21,2524.75,356486
2021-06-22 10:00:21,2524.65,356500
2021-06-22 10:00:23,2523.8,356666
2021-06-22 10:00:24,2523.3,356698
2021-06-22 10:00:25,2523.3,356705
2021-06-22 10:00:26,2523.3,356736
2021-06-22 10:00:28,2523.3,356785
2021-06-22 10:00:29,2523.3,356820
2021-06-22 10:00:29,2523.3,356820
2021-06-22 10:00:30,2523.3,356820
2021-06-22 10:00:31,2523.3,356840
2021-06-22 10:00:32,2523.3,356840
2021-06-22 10:00:33,2523.3,357150
2021-06-22 10:00:34,2523.0,357238
2021-06-22 10:00:36,2523.3,357398
2021-06-22 10:00:36,2522.5,357410
2021-06-22 10:00:38,2523.25,357429
2021-06-22 10:00:39,2523.0,357462
2021-06-22 10:00:40,2523.0,357462
2021-06-22 10:00:41,2522.95,357506
2021-06-22 10:00:42,2522.5,357526
2021-06-22 10:00:44,2522.5,357569
2021-06-22 10:00:44,2522.5,357569
2021-06-22 10:00:46,2522.4,357581
2021-06-22 10:00:47,2522.4,357605
2021-06-22 10:00:48,2522.3,357637
2021-06-22 10:00:49,2522.3,357657
2021-06-22 10:00:50,2522.3,357675
2021-06-22 10:00:51,2522.95,357743
2021-06-22 10:00:53,2522.95,357750
2021-06-22 10:00:54,2522.15,358095
2021-06-22 10:00:56,2522.15,358220
2021-06-22 10:00:56,2522.15,358220
2021-06-22 10:00:57,2522.0,358520
2021-06-22 10:00:58,2521.95,358532
2021-06-22 10:00:59,2521.7,358706
2021-06-22 10:01:01,2521.75,358786
2021-06-22 10:01:01,2521.5,358867
2021-06-22 10:01:02,2521.55,358905
2021-06-22 10:01:03,2521.55,358911
2021-06-22 10:01:04,2521.45,358961
2021-06-22 10:01:05,2521.45,359216
2021-06-22 10:01:06,2521.35,359485
2021-06-22 10:01:08,2521.35,359674
2021-06-22 10:01:08,2521.4,359733
2021-06-22 10:01:09,2521.5,360018
2021-06-22 10:01:10,2521.4,360095
2021-06-22 10:01:11,2521.4,360227
2021-06-22 10:01:12,2521.4,360254
2021-06-22 10:01:14,2521.35,360644
2021-06-22 10:01:14,2521.35,360761
2021-06-22 10:01:15,2522.0,361008
2021-06-22 10:01:16,2522.35,361137
2021-06-22 10:01:19,2521.35,361426
2021-06-22 10:01:20,2521.35,361552
2021-06-22 10:01:20,2521.35,361577
2021-06-22 10:01:21,2521.35,361598
2021-06-22 10:01:22,2521.85,361639
2021-06-22 10:01:25,2521.85,361687
2021-06-22 10:01:26,2521.85,361719
2021-06-22 10:01:27,2521.55,361776
2021-06-22 10:01:27,2521.55,361792
2021-06-22 10:01:28,2521.8,361847
2021-06-22 10:01:29,2521.55,361867
2021-06-22 10:01:30,2521.8,361947
2021-06-22 10:01:32,2521.85,361997
2021-06-22 10:01:33,2522.0,362068
2021-06-22 10:01:34,2521.85,362073
2021-06-22 10:01:35,2521.85,362130
2021-06-22 10:01:36,2522.15,362599
2021-06-22 10:01:37,2522.15,362610
2021-06-22 10:01:38,2522.15,362706
2021-06-22 10:01:39,2522.0,362860
2021-06-22 10:01:40,2522.35,362971
2021-06-22 10:01:42,2522.1,363104
2021-06-22 10:01:43,2522.1,363192
2021-06-22 10:01:43,2522.1,363311
2021-06-22 10:01:44,2522.35,363377
2021-06-22 10:01:45,2522.35,363377
2021-06-22 10:01:47,2522.35,363496
2021-06-22 10:01:48,2522.35,363496
2021-06-22 10:01:50,2522.1,363509
2021-06-22 10:01:51,2522.35,363756
2021-06-22 10:01:52,2522.2,363778
2021-06-22 10:01:54,2522.35,363802
2021-06-22 10:01:55,2522.35,363810
2021-06-22 10:01:56,2522.2,363866
2021-06-22 10:01:58,2522.2,363967
2021-06-22 10:01:59,2522.2,363989
2021-06-22 10:02:00,2522.5,364003
2021-06-22 10:02:02,2522.35,364008
2021-06-22 10:02:03,2523.15,364108
2021-06-22 10:02:04,2522.3,364115
2021-06-22 10:02:04,2522.35,364117
2021-06-22 10:02:05,2523.15,364141
2021-06-22 10:02:06,2523.15,364143
2021-06-22 10:02:08,2523.15,364262
2021-06-22 10:02:09,2523.15,364262
2021-06-22 10:02:10,2523.6,364395
2021-06-22 10:02:10,2523.65,364424
2021-06-22 10:02:11,2524.8,364469
2021-06-22 10:02:12,2524.8,364469
2021-06-22 10:02:13,2523.75,364475
2021-06-22 10:02:14,2523.9,364564
2021-06-22 10:02:15,2523.8,364675
2021-06-22 10:02:16,2523.9,364744
2021-06-22 10:02:17,2524.55,364791
2021-06-22 10:02:18,2524.8,364837
2021-06-22 10:02:20,2523.85,364937
2021-06-22 10:02:21,2523.85,364964
2021-06-22 10:02:22,2524.55,365008
2021-06-22 10:02:23,2523.85,365021
2021-06-22 10:02:23,2523.85,365023
2021-06-22 10:02:24,2523.85,365039
2021-06-22 10:02:26,2524.8,365183
2021-06-22 10:02:27,2524.8,365191
2021-06-22 10:02:29,2524.8,365191
2021-06-22 10:02:30,2524.8,365703
2021-06-22 10:02:31,2524.3,365761
2021-06-22 10:02:33,2524.35,365799
2021-06-22 10:02:34,2524.3,365820
2021-06-22 10:02:36,2524.3,365927
2021-06-22 10:02:37,2524.3,365972
2021-06-22 10:02:38,2524.3,365981
2021-06-22 10:02:39,2524.6,365993
2021-06-22 10:02:39,2524.6,365995
2021-06-22 10:02:40,2524.8,366011
2021-06-22 10:02:41,2525.0,366069
2021-06-22 10:02:42,2525.0,366133
2021-06-22 10:02:44,2525.0,366133
2021-06-22 10:02:45,2525.0,366202
2021-06-22 10:02:46,2525.0,366302
2021-06-22 10:02:46,2525.0,366302
2021-06-22 10:02:47,2525.0,366302
2021-06-22 10:02:48,2525.0,366336
2021-06-22 10:02:49,2525.0,366367
2021-06-22 10:02:50,2525.0,366368
2021-06-22 10:02:52,2525.0,366458
2021-06-22 10:02:53,2524.65,366461
2021-06-22 10:02:54,2524.65,366470
2021-06-22 10:02:54,2524.65,366471
2021-06-22 10:02:55,2524.75,366500
2021-06-22 10:02:56,2524.75,366513
2021-06-22 10:02:59,2524.65,366683
2021-06-22 10:03:00,2524.75,366711
2021-06-22 10:03:00,2524.7,366713
2021-06-22 10:03:01,2524.7,366736
2021-06-22 10:03:02,2524.7,367050
2021-06-22 10:03:04,2524.55,367538
2021-06-22 10:03:05,2523.8,369328
2021-06-22 10:03:06,2523.8,369638
2021-06-22 10:03:08,2523.0,369832
2021-06-22 10:03:09,2522.7,369873
2021-06-22 10:03:10,2522.7,369903
2021-06-22 10:03:11,2522.55,369912
2021-06-22 10:03:13,2522.5,369925
2021-06-22 10:03:14,2522.5,369943
2021-06-22 10:03:14,2522.4,369944
2021-06-22 10:03:15,2522.4,369976
2021-06-22 10:03:16,2522.35,370021
2021-06-22 10:03:17,2522.35,370027
2021-06-22 10:03:18,2522.25,370038
2021-06-22 10:03:19,2522.25,370143
2021-06-22 10:03:20,2522.25,370209
2021-06-22 10:03:23,2522.25,370270
2021-06-22 10:03:24,2522.1,370348
2021-06-22 10:03:24,2522.0,370520
2021-06-22 10:03:25,2522.2,370576
2021-06-22 10:03:26,2522.0,370588
2021-06-22 10:03:28,2521.75,370669
2021-06-22 10:03:29,2522.0,370716
2021-06-22 10:03:30,2522.0,370726
2021-06-22 10:03:33,2522.2,370775
2021-06-22 10:03:33,2523.0,370781
2021-06-22 10:03:36,2522.8,370838
2021-06-22 10:03:38,2523.7,370846
2021-06-22 10:03:39,2523.7,370848
2021-06-22 10:03:40,2523.7,370848
2021-06-22 10:03:41,2523.0,370858
2021-06-22 10:03:42,2523.0,370861
2021-06-22 10:03:43,2524.15,370890
2021-06-22 10:03:44,2523.35,370891
2021-06-22 10:03:45,2523.35,370891
2021-06-22 10:03:46,2523.65,370896
2021-06-22 10:03:47,2523.4,370927
2021-06-22 10:03:49,2523.4,370930
2021-06-22 10:03:50,2523.4,370930
2021-06-22 10:03:51,2523.35,370941
2021-06-22 10:03:52,2523.35,370951
2021-06-22 10:03:53,2523.4,370958
2021-06-22 10:03:54,2523.5,370961
2021-06-22 10:03:55,2524.0,370979
2021-06-22 10:03:56,2523.5,370989
2021-06-22 10:03:57,2523.5,371003
2021-06-22 10:03:58,2523.5,371005
2021-06-22 10:03:59,2523.7,371019
2021-06-22 10:04:00,2523.5,371020
2021-06-22 10:04:01,2523.6,371081
2021-06-22 10:04:01,2523.7,371078
2021-06-22 10:04:02,2523.6,371086
2021-06-22 10:04:03,2523.6,371087
2021-06-22 10:04:04,2523.7,371111
2021-06-22 10:04:05,2523.7,371111
2021-06-22 10:04:07,2523.6,371168
2021-06-22 10:04:09,2523.6,371188
2021-06-22 10:04:10,2523.7,371195
2021-06-22 10:04:11,2524.3,371235
2021-06-22 10:04:12,2524.65,371279
2021-06-22 10:04:13,2523.6,371380
2021-06-22 10:04:14,2523.6,371405
2021-06-22 10:04:14,2523.6,371419
2021-06-22 10:04:15,2524.45,371424
2021-06-22 10:04:16,2523.6,371451
2021-06-22 10:04:17,2523.6,371472
2021-06-22 10:04:18,2523.6,371478
2021-06-22 10:04:20,2524.0,371488
2021-06-22 10:04:21,2523.6,371517
2021-06-22 10:04:22,2523.5,371625
2021-06-22 10:04:23,2524.0,371659
2021-06-22 10:04:25,2523.5,371672
2021-06-22 10:04:26,2523.95,371686
2021-06-22 10:04:26,2523.5,371687
2021-06-22 10:04:27,2523.5,371688
2021-06-22 10:04:29,2523.5,371699
2021-06-22 10:04:30,2523.5,371703
2021-06-22 10:04:31,2523.5,371733
2021-06-22 10:04:32,2523.5,371744
2021-06-22 10:04:33,2523.6,371748
2021-06-22 10:04:35,2523.95,371751
2021-06-22 10:04:37,2523.6,371766
2021-06-22 10:04:38,2524.4,371824
2021-06-22 10:04:39,2524.4,371824
2021-06-22 10:04:40,2523.95,371826
2021-06-22 10:04:41,2523.65,371851
2021-06-22 10:04:42,2523.65,371858
2021-06-22 10:04:42,2523.65,371860
2021-06-22 10:04:43,2523.65,371871
2021-06-22 10:04:44,2523.8,371874
2021-06-22 10:04:46,2524.45,371965
2021-06-22 10:04:47,2523.95,371966
2021-06-22 10:04:48,2523.8,371972
2021-06-22 10:04:49,2523.8,371974
2021-06-22 10:04:50,2524.45,372001
2021-06-22 10:04:50,2524.45,372001
2021-06-22 10:04:51,2524.45,372001
2021-06-22 10:04:53,2524.45,372001
2021-06-22 10:04:54,2524.45,372003
2021-06-22 10:04:55,2524.45,372037
2021-06-22 10:04:55,2523.8,372041
2021-06-22 10:04:56,2523.8,372043
2021-06-22 10:04:57,2523.8,372044
2021-06-22 10:04:59,2524.45,372093
2021-06-22 10:05:00,2524.15,372142
2021-06-22 10:05:01,2524.15,372200
2021-06-22 10:05:04,2523.8,372218
2021-06-22 10:05:05,2523.85,372233
2021-06-22 10:05:05,2523.8,372253
2021-06-22 10:05:06,2523.8,372303
2021-06-22 10:05:08,2523.8,372313
2021-06-22 10:05:09,2523.85,372341
2021-06-22 10:05:10,2523.8,372375
2021-06-22 10:05:11,2523.8,372449
2021-06-22 10:05:12,2523.85,373618
2021-06-22 10:05:13,2525.0,375134
2021-06-22 10:05:13,2525.0,375642
2021-06-22 10:05:14,2525.05,376818
2021-06-22 10:05:16,2525.0,376863
2021-06-22 10:05:17,2525.0,376951
2021-06-22 10:05:20,2525.0,377277
2021-06-22 10:05:20,2525.0,377359
2021-06-22 10:05:21,2525.0,377398
2021-06-22 10:05:23,2525.0,377421
2021-06-22 10:05:24,2525.0,377436
2021-06-22 10:05:25,2525.05,377656
2021-06-22 10:05:26,2525.0,377711
2021-06-22 10:05:27,2525.0,377722
2021-06-22 10:05:28,2525.0,377724
2021-06-22 10:05:29,2525.0,377729
2021-06-22 10:05:30,2525.0,377784
2021-06-22 10:05:31,2525.0,377900
2021-06-22 10:05:32,2525.0,377941
2021-06-22 10:05:33,2525.0,377950
2021-06-22 10:05:33,2525.0,377949
2021-06-22 10:05:35,2525.0,378451
2021-06-22 10:05:36,2525.0,378611
2021-06-22 10:05:37,2525.0,378643
2021-06-22 10:05:38,2525.0,378649
2021-06-22 10:05:39,2525.0,378656
2021-06-22 10:05:40,2525.05,378819
2021-06-22 10:05:41,2525.0,378863
2021-06-22 10:05:42,2525.0,378872
2021-06-22 10:05:43,2525.0,378941
2021-06-22 10:05:44,2525.05,379023
2021-06-22 10:05:45,2525.0,379086
2021-06-22 10:05:47,2525.0,379095
2021-06-22 10:05:48,2525.0,379113
2021-06-22 10:05:49,2525.0,379555
2021-06-22 10:05:50,2525.05,379668
2021-06-22 10:05:51,2525.0,379675
2021-06-22 10:05:52,2525.0,379676
2021-06-22 10:05:53,2525.0,379681
2021-06-22 10:05:55,2525.05,379995
2021-06-22 10:05:56,2525.0,380009
2021-06-22 10:05:56,2525.0,380012
2021-06-22 10:05:58,2525.0,380715
2021-06-22 10:05:59,2525.0,381573
2021-06-22 10:06:00,2525.05,381811
2021-06-22 10:06:01,2525.05,381886
2021-06-22 10:06:02,2525.05,381886
2021-06-22 10:06:03,2525.05,381886
2021-06-22 10:06:03,2525.05,381886
2021-06-22 10:06:05,2525.0,381889
2021-06-22 10:06:06,2525.0,381937
2021-06-22 10:06:07,2525.0,381994
2021-06-22 10:06:09,2525.0,383233
2021-06-22 10:06:11,2525.0,384023
2021-06-22 10:06:13,2525.0,384213
2021-06-22 10:06:14,2525.0,384232
2021-06-22 10:06:15,2525.0,384282
2021-06-22 10:06:15,2525.0,384323
2021-06-22 10:06:17,2525.0,384340
2021-06-22 10:06:18,2525.0,384404
2021-06-22 10:06:19,2525.0,384422
2021-06-22 10:06:20,2525.0,384428
2021-06-22 10:06:21,2525.0,384452
2021-06-22 10:06:22,2524.9,384987
2021-06-22 10:06:23,2524.9,385137
2021-06-22 10:06:24,2525.05,385170
2021-06-22 10:06:25,2525.05,385183
2021-06-22 10:06:25,2525.05,385183
2021-06-22 10:06:27,2525.05,385198
2021-06-22 10:06:28,2525.0,385202
2021-06-22 10:06:30,2524.9,385561
2021-06-22 10:06:31,2524.85,385641
2021-06-22 10:06:31,2524.9,385621
2021-06-22 10:06:34,2524.9,385887
2021-06-22 10:06:35,2524.75,385902
2021-06-22 10:06:37,2524.9,385985
2021-06-22 10:06:38,2524.55,385987
2021-06-22 10:06:40,2524.55,386033
2021-06-22 10:06:41,2524.0,386270
2021-06-22 10:06:42,2524.0,386310
2021-06-22 10:06:43,2523.4,386354
2021-06-22 10:06:43,2523.4,386354
2021-06-22 10:06:45,2523.4,386423
2021-06-22 10:06:46,2523.15,386443
2021-06-22 10:06:47,2523.15,386491
2021-06-22 10:06:48,2523.15,386520
2021-06-22 10:06:49,2523.1,386584
2021-06-22 10:06:50,2523.0,386600
2021-06-22 10:06:50,2523.0,386605
2021-06-22 10:06:52,2523.0,386606
2021-06-22 10:06:53,2523.0,386606
2021-06-22 10:06:54,2523.0,386650
2021-06-22 10:06:55,2523.0,386706
2021-06-22 10:06:55,2523.0,386688
2021-06-22 10:06:58,2522.9,386718
2021-06-22 10:06:59,2522.9,386718
2021-06-22 10:07:00,2522.9,386721
2021-06-22 10:07:01,2524.95,393243
2021-06-22 10:07:02,2524.8,394144
2021-06-22 10:07:02,2524.7,394288
2021-06-22 10:07:03,2524.65,394299
2021-06-22 10:07:05,2524.65,394303
2021-06-22 10:07:06,2524.65,394362
2021-06-22 10:07:07,2524.65,394389
2021-06-22 10:07:08,2524.55,394446
2021-06-22 10:07:09,2524.55,394462
2021-06-22 10:07:11,2525.05,400985
2021-06-22 10:07:12,2524.6,401258
2021-06-22 10:07:13,2525.05,401363
2021-06-22 10:07:14,2524.65,401965
2021-06-22 10:07:15,2524.5,401975
2021-06-22 10:07:15,2524.5,402024
2021-06-22 10:07:17,2524.5,402103
2021-06-22 10:07:18,2524.45,402123
2021-06-22 10:07:19,2524.45,402138
2021-06-22 10:07:22,2525.5,408692
2021-06-22 10:07:22,2525.45,408696
2021-06-22 10:07:24,2525.45,408697
2021-06-22 10:07:25,2526.0,408715
2021-06-22 10:07:26,2525.8,408718
2021-06-22 10:07:27,2525.8,409299
2021-06-22 10:07:28,2525.45,409349
2021-06-22 10:07:30,2525.45,409362
2021-06-22 10:07:31,2526.2,416428
2021-06-22 10:07:32,2526.2,416954
2021-06-22 10:07:33,2525.45,417054
2021-06-22 10:07:35,2526.2,417061
2021-06-22 10:07:36,2526.2,417063
2021-06-22 10:07:37,2525.5,417141
2021-06-22 10:07:38,2525.45,417247
2021-06-22 10:07:39,2525.45,417268
2021-06-22 10:07:41,2527.25,424593
2021-06-22 10:07:42,2526.75,425136
2021-06-22 10:07:43,2525.6,425207
2021-06-22 10:07:45,2526.65,425439
2021-06-22 10:07:46,2526.65,426010
2021-06-22 10:07:47,2526.55,426153
2021-06-22 10:07:48,2526.5,426167
2021-06-22 10:07:49,2526.5,426176
2021-06-22 10:07:50,2526.5,426194
2021-06-22 10:07:51,2528.5,432907
2021-06-22 10:07:52,2528.4,434008
2021-06-22 10:07:54,2527.1,434172
2021-06-22 10:07:53,2528.35,434097
2021-06-22 10:07:55,2528.25,434885
2021-06-22 10:07:56,2527.3,434969
2021-06-22 10:07:58,2526.7,435149
2021-06-22 10:07:59,2526.4,435159
2021-06-22 10:08:00,2525.8,435162
2021-06-22 10:08:01,2529.65,441852
2021-06-22 10:08:02,2528.3,442272
2021-06-22 10:08:05,2527.6,442402
2021-06-22 10:08:04,2527.6,442402
2021-06-22 10:08:06,2528.0,442502
2021-06-22 10:08:07,2527.6,443185
2021-06-22 10:08:08,2527.0,443276
2021-06-22 10:08:09,2526.8,443366
2021-06-22 10:08:10,2526.85,443390
2021-06-22 10:08:11,2528.45,449881
2021-06-22 10:08:12,2528.45,450272
2021-06-22 10:08:13,2528.45,451078
2021-06-22 10:08:16,2528.45,451175
2021-06-22 10:08:17,2527.5,451437
2021-06-22 10:08:18,2527.3,451480
2021-06-22 10:08:19,2527.3,451668
2021-06-22 10:08:20,2528.65,459815
2021-06-22 10:08:21,2528.0,460356
2021-06-22 10:08:22,2528.65,461295
2021-06-22 10:08:23,2527.7,461429
2021-06-22 10:08:24,2527.7,461476
2021-06-22 10:08:25,2527.7,461522
2021-06-22 10:08:26,2527.7,461727
2021-06-22 10:08:28,2527.2,462245
2021-06-22 10:08:29,2527.35,462453
2021-06-22 10:08:30,2528.3,469046
2021-06-22 10:08:31,2527.4,469450
2021-06-22 10:08:32,2527.0,469536
2021-06-22 10:08:33,2527.0,469616
2021-06-22 10:08:34,2527.0,469632
2021-06-22 10:08:35,2524.7,475740
2021-06-22 10:08:36,2526.75,478953
2021-06-22 10:08:37,2526.3,479272
2021-06-22 10:08:38,2526.4,479562
2021-06-22 10:08:39,2526.4,479658
2021-06-22 10:08:41,2526.55,489373
2021-06-22 10:08:42,2526.55,489528
2021-06-22 10:08:43,2526.55,489570
2021-06-22 10:08:44,2526.55,489578
2021-06-22 10:08:45,2527.1,489683
2021-06-22 10:08:46,2527.1,490273
2021-06-22 10:08:47,2526.7,490338
2021-06-22 10:08:48,2526.55,491269
2021-06-22 10:08:49,2526.15,491503
2021-06-22 10:08:50,2527.05,498008
2021-06-22 10:08:51,2526.55,499805
2021-06-22 10:08:52,2526.4,500089
2021-06-22 10:08:53,2526.4,500146
2021-06-22 10:08:54,2526.4,500177
2021-06-22 10:08:55,2526.5,500183
2021-06-22 10:08:56,2526.5,500290
2021-06-22 10:08:57,2526.4,500583
2021-06-22 10:08:58,2526.4,500727
2021-06-22 10:08:59,2526.4,500821
2021-06-22 10:09:00,2528.25,507817
2021-06-22 10:09:01,2527.4,508480
2021-06-22 10:09:02,2527.4,508674
2021-06-22 10:09:03,2527.5,508759
2021-06-22 10:09:04,2528.25,508952
2021-06-22 10:09:05,2528.25,509627
2021-06-22 10:09:06,2527.95,510017
2021-06-22 10:09:07,2526.9,510341
2021-06-22 10:09:08,2528.05,510752
2021-06-22 10:09:09,2526.1,510781
2021-06-22 10:09:10,2526.1,510811
2021-06-22 10:09:11,2529.1,517480
2021-06-22 10:09:12,2529.0,518215
2021-06-22 10:09:13,2528.9,518340
2021-06-22 10:09:14,2528.5,518518
2021-06-22 10:09:15,2528.9,518567
2021-06-22 10:09:16,2529.0,518611
2021-06-22 10:09:17,2528.8,518646
2021-06-22 10:09:18,2528.8,519435
2021-06-22 10:09:19,2528.8,519648
2021-06-22 10:09:20,2530.25,527049
2021-06-22 10:09:22,2530.25,528831
2021-06-22 10:09:23,2528.8,528973
2021-06-22 10:09:26,2528.8,529864
2021-06-22 10:09:27,2528.45,529945
2021-06-22 10:09:28,2528.4,530235
2021-06-22 10:09:29,2528.2,530319
2021-06-22 10:09:30,2530.15,537482
2021-06-22 10:09:31,2530.15,538143
2021-06-22 10:09:32,2530.15,538285
2021-06-22 10:09:33,2529.4,538365
2021-06-22 10:09:34,2529.45,538702
