timestamp,ltp,volume
2021-06-22 09:16:35,1015.4,135829
2021-06-22 09:16:36,1014.5,136142
2021-06-22 09:16:37,1014.5,136423
2021-06-22 09:16:38,1014.9,137721
2021-06-22 09:16:39,1014.3,138206
2021-06-22 09:16:40,1014.45,139110
2021-06-22 09:16:41,1014.95,139390
2021-06-22 09:16:43,1014.3,139509
2021-06-22 09:16:44,1014.65,140257
2021-06-22 09:16:45,1015.0,140686
2021-06-22 09:16:46,1014.9,141136
2021-06-22 09:16:47,1014.65,141461
2021-06-22 09:16:48,1015.25,142234
2021-06-22 09:16:49,1015.2,142791
2021-06-22 09:16:50,1014.6,143556
2021-06-22 09:16:51,1014.6,144468
2021-06-22 09:16:52,1014.35,144708
2021-06-22 09:16:53,1014.4,145391
2021-06-22 09:16:54,1014.45,145593
2021-06-22 09:16:55,1014.85,146058
2021-06-22 09:16:56,1014.2,146202
2021-06-22 09:16:57,1014.7,146312
2021-06-22 09:16:58,1014.95,148116
2021-06-22 09:17:00,1014.35,148284
2021-06-22 09:17:01,1014.4,148731
2021-06-22 09:17:01,1015.0,149485
2021-06-22 09:17:02,1014.25,151350
2021-06-22 09:17:03,1013.5,161980
2021-06-22 09:17:04,1013.8,162833
2021-06-22 09:17:05,1013.3,163578
2021-06-22 09:17:07,1014.35,168145
2021-06-22 09:17:08,1014.95,170503
2021-06-22 09:17:09,1014.9,170769
2021-06-22 09:17:10,1014.85,170919
2021-06-22 09:17:12,1014.9,172042
2021-06-22 09:17:12,1014.35,171106
2021-06-22 09:17:13,1015.0,172396
2021-06-22 09:17:14,1015.15,173717
2021-06-22 09:17:15,1015.25,173833
2021-06-22 09:17:17,1015.25,174058
2021-06-22 09:17:18,1015.15,175060
2021-06-22 09:17:18,1015.15,175060
2021-06-22 09:17:19,1015.7,175350
2021-06-22 09:17:20,1015.35,175385
2021-06-22 09:17:21,1015.2,176260
2021-06-22 09:17:22,1015.65,176365
2021-06-22 09:17:23,1015.7,177674
2021-06-22 09:17:24,1015.5,178515
2021-06-22 09:17:26,1015.65,182294
2021-06-22 09:17:26,1015.6,182373
2021-06-22 09:17:27,1015.35,185888
2021-06-22 09:17:28,1015.7,187658
2021-06-22 09:17:29,1016.0,190428
2021-06-22 09:17:30,1016.0,190478
2021-06-22 09:17:32,1015.7,190902
2021-06-22 09:17:33,1015.65,192561
2021-06-22 09:17:33,1016.2,192151
2021-06-22 09:17:34,1015.6,192757
2021-06-22 09:17:35,1016.1,193067
2021-06-22 09:17:36,1016.1,193332
2021-06-22 09:17:37,1015.85,193518
2021-06-22 09:17:38,1016.0,193939
2021-06-22 09:17:39,1016.45,196550
2021-06-22 09:17:41,1016.45,196650
2021-06-22 09:17:41,1016.45,196650
2021-06-22 09:17:42,1016.5,197055
2021-06-22 09:17:43,1016.5,197453
2021-06-22 09:17:44,1016.1,197664
2021-06-22 09:17:45,1016.5,197715
2021-06-22 09:17:47,1016.2,198708
2021-06-22 09:17:48,1016.5,199068
2021-06-22 09:17:49,1016.1,199320
2021-06-22 09:17:50,1016.2,199774
2021-06-22 09:17:52,1016.5,200996
2021-06-22 09:17:52,1016.25,201002
2021-06-22 09:17:53,1016.5,201790
2021-06-22 09:17:54,1016.25,203124
2021-06-22 09:17:55,1016.45,203918
2021-06-22 09:17:56,1016.15,203946
2021-06-22 09:17:58,1016.45,204337
2021-06-22 09:17:59,1016.5,204766
2021-06-22 09:17:59,1016.5,204766
2021-06-22 09:18:00,1016.45,205179
2021-06-22 09:18:01,1016.6,205713
2021-06-22 09:18:02,1016.35,206641
2021-06-22 09:18:04,1015.7,208521
2021-06-22 09:18:04,1015.7,208521
2021-06-22 09:18:05,1015.8,210577
2021-06-22 09:18:06,1015.75,211161
2021-06-22 09:18:07,1015.35,211739
2021-06-22 09:18:08,1015.35,211906
2021-06-22 09:18:09,1015.65,212463
2021-06-22 09:18:10,1015.0,212718
2021-06-22 09:18:11,1015.05,212875
2021-06-22 09:18:13,1015.45,213000
2021-06-22 09:18:13,1015.45,213000
2021-06-22 09:18:14,1015.55,213330
2021-06-22 09:18:15,1015.05,213685
2021-06-22 09:18:16,1015.45,214464
2021-06-22 09:18:17,1015.45,214761
2021-06-22 09:18:19,1015.0,215047
2021-06-22 09:18:20,1015.05,215236
2021-06-22 09:18:21,1015.1,215404
2021-06-22 09:18:22,1015.05,215886
2021-06-22 09:18:23,1015.05,216036
2021-06-22 09:18:23,1015.05,216036
2021-06-22 09:18:24,1015.5,216234
2021-06-22 09:18:25,1015.75,217641
2021-06-22 09:18:26,1016.05,218166
2021-06-22 09:18:27,1016.45,218875
2021-06-22 09:18:29,1016.05,219127
2021-06-22 09:18:30,1016.45,221441
2021-06-22 09:18:31,1017.0,222911
2021-06-22 09:18:32,1017.0,223119
2021-06-22 09:18:32,1017.0,223119
2021-06-22 09:18:33,1016.85,226982
2021-06-22 09:18:34,1017.4,227202
2021-06-22 09:18:35,1016.85,227861
2021-06-22 09:18:36,1017.35,231265
2021-06-22 09:18:37,1016.75,231933
2021-06-22 09:18:39,1017.0,233623
2021-06-22 09:18:40,1017.0,234022
2021-06-22 09:18:40,1016.95,234038
2021-06-22 09:18:41,1016.95,234213
2021-06-22 09:18:42,1016.9,234644
2021-06-22 09:18:44,1017.05,235049
2021-06-22 09:18:45,1017.35,235364
2021-06-22 09:18:45,1017.35,235434
2021-06-22 09:18:46,1017.1,235501
2021-06-22 09:18:47,1017.05,235611
2021-06-22 09:18:48,1017.35,235885
2021-06-22 09:18:49,1017.35,236282
2021-06-22 09:18:51,1017.15,236602
2021-06-22 09:18:52,1017.45,238114
2021-06-22 09:18:52,1017.4,237924
2021-06-22 09:18:53,1017.2,238794
2021-06-22 09:18:54,1017.05,238957
2021-06-22 09:18:55,1017.25,239743
2021-06-22 09:18:57,1017.5,240786
2021-06-22 09:18:58,1017.25,241206
2021-06-22 09:18:58,1017.25,241206
2021-06-22 09:18:59,1017.1,241428
2021-06-22 09:19:00,1017.15,241656
2021-06-22 09:19:01,1017.15,241855
2021-06-22 09:19:02,1017.55,242210
2021-06-22 09:19:03,1017.55,242210
2021-06-22 09:19:05,1017.7,242280
2021-06-22 09:19:06,1017.65,243627
2021-06-22 09:19:07,1017.65,243627
2021-06-22 09:19:08,1017.6,244331
2021-06-22 09:19:09,1017.95,244604
2021-06-22 09:19:10,1017.55,245006
2021-06-22 09:19:11,1017.8,245370
2021-06-22 09:19:12,1017.95,246238
2021-06-22 09:19:13,1018.0,246725
2021-06-22 09:19:15,1018.0,248656
2021-06-22 09:19:16,1018.15,250813
2021-06-22 09:19:17,1018.15,251165
2021-06-22 09:19:18,1018.0,251625
2021-06-22 09:19:18,1018.0,251675
2021-06-22 09:19:19,1018.4,252390
2021-06-22 09:19:20,1018.05,253143
2021-06-22 09:19:21,1018.5,253351
2021-06-22 09:19:22,1018.05,253454
2021-06-22 09:19:24,1018.4,254459
2021-06-22 09:19:25,1018.55,255290
2021-06-22 09:19:26,1018.6,256542
2021-06-22 09:19:27,1019.05,257401
2021-06-22 09:19:28,1019.05,257761
2021-06-22 09:19:30,1018.95,259233
2021-06-22 09:19:31,1019.1,259356
2021-06-22 09:19:32,1018.5,261745
2021-06-22 09:19:33,1019.15,262112
2021-06-22 09:19:34,1018.95,262718
2021-06-22 09:19:36,1018.85,263216
2021-06-22 09:19:37,1018.8,263712
2021-06-22 09:19:38,1019.0,264044
2021-06-22 09:19:39,1019.15,265110
2021-06-22 09:19:40,1019.0,265242
2021-06-22 09:19:43,1019.0,266296
2021-06-22 09:19:44,1018.85,266652
2021-06-22 09:19:44,1018.85,266652
2021-06-22 09:19:45,1018.7,267261
2021-06-22 09:19:46,1019.0,267778
2021-06-22 09:19:47,1019.15,268696
2021-06-22 09:19:48,1019.05,269246
2021-06-22 09:19:50,1018.85,270369
2021-06-22 09:19:51,1018.85,271054
2021-06-22 09:19:51,1018.85,271054
2021-06-22 09:19:52,1018.8,271423
2021-06-22 09:19:53,1018.8,271553
2021-06-22 09:19:54,1018.85,272805
2021-06-22 09:19:55,1018.85,272978
2021-06-22 09:19:56,1018.9,273131
2021-06-22 09:19:58,1018.15,275107
2021-06-22 09:19:59,1018.85,275974
2021-06-22 09:20:00,1019.0,276171
2021-06-22 09:20:00,1019.0,276339
2021-06-22 09:20:01,1019.0,276474
2021-06-22 09:20:02,1019.5,276620
2021-06-22 09:20:03,1019.35,276865
2021-06-22 09:20:04,1019.0,278539
2021-06-22 09:20:05,1019.5,279159
2021-06-22 09:20:07,1019.45,279470
2021-06-22 09:20:08,1019.05,279613
2021-06-22 09:20:09,1019.15,280995
2021-06-22 09:20:09,1019.15,281075
2021-06-22 09:20:10,1019.4,281755
2021-06-22 09:20:11,1019.25,282156
2021-06-22 09:20:13,1019.5,282402
2021-06-22 09:20:14,1019.1,282737
2021-06-22 09:20:15,1019.5,283004
2021-06-22 09:20:16,1019.45,283016
2021-06-22 09:20:16,1019.15,283017
2021-06-22 09:20:17,1019.8,283453
2021-06-22 09:20:18,1019.75,284253
2021-06-22 09:20:19,1019.75,284418
2021-06-22 09:20:20,1019.75,284803
2021-06-22 09:20:21,1019.5,285065
2021-06-22 09:20:22,1019.55,285407
2021-06-22 09:20:24,1019.8,286163
2021-06-22 09:20:25,1019.5,286741
2021-06-22 09:20:26,1019.05,287636
2021-06-22 09:20:26,1019.05,287636
2021-06-22 09:20:27,1019.8,287772
2021-06-22 09:20:28,1019.75,287935
2021-06-22 09:20:30,1019.85,288150
2021-06-22 09:20:32,1020.0,289457
2021-06-22 09:20:33,1020.5,301398
2021-06-22 09:20:34,1019.95,302195
2021-06-22 09:20:35,1019.95,302646
2021-06-22 09:20:35,1020.55,303147
2021-06-22 09:20:36,1020.55,303485
2021-06-22 09:20:37,1020.3,305646
2021-06-22 09:20:39,1020.8,305799
2021-06-22 09:20:40,1020.1,305997
2021-06-22 09:20:41,1020.5,306917
2021-06-22 09:20:41,1020.5,306926
2021-06-22 09:20:42,1020.4,308052
2021-06-22 09:20:44,1020.5,308959
2021-06-22 09:20:45,1020.05,309099
2021-06-22 09:20:46,1020.35,313192
2021-06-22 09:20:47,1020.1,314247
2021-06-22 09:20:48,1019.8,315759
2021-06-22 09:20:49,1020.8,317665
2021-06-22 09:20:50,1020.4,317849
2021-06-22 09:20:52,1020.05,318188
2021-06-22 09:20:53,1020.3,318420
2021-06-22 09:20:54,1019.8,319634
2021-06-22 09:20:55,1019.85,320109
2021-06-22 09:20:57,1020.0,322975
2021-06-22 09:20:58,1019.85,323074
2021-06-22 09:20:59,1020.3,323335
2021-06-22 09:20:59,1020.05,323385
2021-06-22 09:21:00,1020.05,323809
2021-06-22 09:21:01,1020.15,323904
2021-06-22 09:21:03,1020.25,324501
2021-06-22 09:21:04,1020.0,324652
2021-06-22 09:21:05,1020.65,324826
2021-06-22 09:21:05,1020.65,324826
2021-06-22 09:21:06,1020.0,324851
2021-06-22 09:21:07,1020.25,325474
2021-06-22 09:21:09,1020.3,325556
2021-06-22 09:21:10,1020.5,326176
2021-06-22 09:21:11,1020.25,326842
2021-06-22 09:21:12,1020.45,327262
2021-06-22 09:21:13,1019.95,328230
2021-06-22 09:21:14,1019.9,328286
2021-06-22 09:21:15,1019.75,329832
2021-06-22 09:21:15,1019.7,329853
2021-06-22 09:21:16,1020.0,330233
2021-06-22 09:21:18,1020.0,330870
2021-06-22 09:21:19,1019.5,339884
2021-06-22 09:21:20,1020.0,340726
2021-06-22 09:21:20,1020.0,340806
2021-06-22 09:21:21,1019.55,341304
2021-06-22 09:21:23,1019.55,341473
2021-06-22 09:21:24,1019.55,341766
2021-06-22 09:21:25,1020.0,342066
2021-06-22 09:21:26,1019.65,342235
2021-06-22 09:21:28,1019.5,342416
2021-06-22 09:21:29,1019.55,342595
2021-06-22 09:21:30,1019.6,342685
2021-06-22 09:21:31,1019.65,343420
2021-06-22 09:21:31,1019.65,343420
2021-06-22 09:21:32,1019.0,344114
2021-06-22 09:21:35,1019.45,345150
2021-06-22 09:21:36,1019.0,345369
2021-06-22 09:21:38,1019.0,345628
2021-06-22 09:21:37,1019.0,345441
2021-06-22 09:21:39,1019.0,346198
2021-06-22 09:21:40,1019.3,346494
2021-06-22 09:21:41,1019.0,348308
2021-06-22 09:21:42,1019.2,348882
2021-06-22 09:21:43,1019.2,348882
2021-06-22 09:21:44,1019.1,348937
2021-06-22 09:21:45,1019.2,349183
2021-06-22 09:21:45,1019.2,349183
2021-06-22 09:21:46,1018.85,350642
2021-06-22 09:21:48,1018.75,351129
2021-06-22 09:21:50,1018.5,352904
2021-06-22 09:21:51,1019.1,353621
2021-06-22 09:21:52,1018.6,353688
2021-06-22 09:21:54,1019.2,354548
2021-06-22 09:21:55,1018.45,354768
2021-06-22 09:21:56,1019.0,355830
2021-06-22 09:21:57,1018.85,355894
2021-06-22 09:21:58,1018.8,356148
2021-06-22 09:21:59,1018.35,356378
2021-06-22 09:22:00,1018.45,356555
2021-06-22 09:22:01,1018.3,356707
2021-06-22 09:22:02,1018.35,356815
2021-06-22 09:22:03,1018.9,357618
2021-06-22 09:22:04,1018.25,358188
2021-06-22 09:22:05,1018.35,358230
2021-06-22 09:22:06,1018.15,358722
2021-06-22 09:22:07,1018.2,358751
2021-06-22 09:22:08,1018.1,358800
2021-06-22 09:22:09,1018.1,358820
2021-06-22 09:22:10,1017.95,362027
2021-06-22 09:22:11,1017.35,362569
2021-06-22 09:22:12,1017.4,362962
2021-06-22 09:22:12,1017.4,362962
2021-06-22 09:22:13,1017.45,363551
2021-06-22 09:22:16,1018.3,364901
2021-06-22 09:22:18,1018.5,365182
2021-06-22 09:22:19,1018.75,365626
2021-06-22 09:22:21,1019.35,369084
2021-06-22 09:22:25,1019.3,372015
2021-06-22 09:22:28,1019.2,372138
2021-06-22 09:22:29,1019.7,372241
2021-06-22 09:22:30,1019.25,372376
2021-06-22 09:22:31,1019.65,372651
2021-06-22 09:22:32,1019.5,373199
2021-06-22 09:22:33,1019.3,373271
2021-06-22 09:22:34,1019.5,373508
2021-06-22 09:22:35,1019.95,374718
2021-06-22 09:22:36,1019.55,375053
2021-06-22 09:22:37,1019.55,375105
2021-06-22 09:22:38,1019.95,375320
2021-06-22 09:22:39,1019.6,375434
2021-06-22 09:22:41,1019.7,381677
2021-06-22 09:22:42,1020.1,382596
2021-06-22 09:22:43,1020.0,382662
2021-06-22 09:22:44,1020.0,382820
2021-06-22 09:22:46,1020.15,382974
2021-06-22 09:22:47,1020.0,382988
2021-06-22 09:22:48,1020.15,383080
2021-06-22 09:22:49,1020.2,383250
2021-06-22 09:22:50,1020.6,383894
2021-06-22 09:22:51,1020.2,384685
2021-06-22 09:22:52,1020.05,384786
2021-06-22 09:22:53,1020.0,384927
2021-06-22 09:22:54,1020.0,385018
2021-06-22 09:22:54,1020.5,385038
2021-06-22 09:22:55,1020.3,385093
2021-06-22 09:22:56,1020.7,385128
2021-06-22 09:22:57,1020.15,386138
2021-06-22 09:22:59,1020.1,386339
2021-06-22 09:23:00,1020.6,386463
2021-06-22 09:23:01,1020.55,388169
2021-06-22 09:23:02,1020.15,388872
2021-06-22 09:23:03,1020.15,388975
2021-06-22 09:23:04,1020.5,389152
2021-06-22 09:23:05,1020.3,389442
2021-06-22 09:23:06,1020.3,389442
2021-06-22 09:23:07,1020.0,390469
2021-06-22 09:23:08,1020.05,390540
2021-06-22 09:23:09,1020.05,390621
2021-06-22 09:23:10,1020.4,390697
2021-06-22 09:23:10,1020.4,390697
2021-06-22 09:23:11,1020.6,390753
2021-06-22 09:23:12,1020.7,390813
2021-06-22 09:23:13,1020.7,391291
2021-06-22 09:23:14,1020.9,391825
2021-06-22 09:23:15,1020.5,391986
2021-06-22 09:23:16,1020.75,392267
2021-06-22 09:23:17,1020.85,392389
2021-06-22 09:23:18,1020.55,393502
2021-06-22 09:23:19,1020.75,393917
2021-06-22 09:23:20,1020.6,394105
2021-06-22 09:23:21,1020.5,394340
2021-06-22 09:23:22,1020.85,394999
2021-06-22 09:23:23,1020.85,395081
2021-06-22 09:23:24,1020.75,396166
2021-06-22 09:23:25,1020.85,396550
2021-06-22 09:23:26,1020.75,396682
2021-06-22 09:23:27,1020.85,397809
2021-06-22 09:23:28,1020.5,397854
2021-06-22 09:23:29,1020.55,398589
2021-06-22 09:23:31,1020.75,398990
2021-06-22 09:23:32,1020.75,399062
2021-06-22 09:23:33,1021.0,399273
2021-06-22 09:23:34,1020.35,399440
2021-06-22 09:23:35,1020.95,399942
2021-06-22 09:23:36,1020.95,400166
2021-06-22 09:23:37,1020.95,400316
2021-06-22 09:23:38,1021.05,408947
2021-06-22 09:23:39,1020.95,411466
2021-06-22 09:23:40,1020.75,411855
2021-06-22 09:23:41,1021.5,412970
2021-06-22 09:23:42,1021.7,414478
2021-06-22 09:23:43,1021.1,414627
2021-06-22 09:23:45,1021.05,415240
2021-06-22 09:23:46,1021.5,415494
2021-06-22 09:23:48,1021.05,415659
2021-06-22 09:23:49,1021.0,416083
2021-06-22 09:23:49,1020.85,416136
2021-06-22 09:23:50,1021.0,416206
2021-06-22 09:23:51,1020.7,416316
2021-06-22 09:23:52,1021.0,417367
2021-06-22 09:23:53,1020.05,422426
2021-06-22 09:23:54,1019.85,422600
2021-06-22 09:23:55,1019.4,423231
2021-06-22 09:23:56,1020.05,423529
2021-06-22 09:23:57,1019.95,424322
2021-06-22 09:23:59,1019.15,425307
2021-06-22 09:24:00,1019.8,425694
2021-06-22 09:24:02,1019.4,425782
2021-06-22 09:24:04,1019.45,426074
2021-06-22 09:24:05,1020.0,426137
2021-06-22 09:24:06,1020.3,426497
2021-06-22 09:24:07,1020.0,426595
2021-06-22 09:24:08,1020.65,426644
2021-06-22 09:24:09,1020.0,426917
2021-06-22 09:24:10,1020.4,427027
2021-06-22 09:24:11,1020.0,427294
2021-06-22 09:24:12,1019.8,427834
2021-06-22 09:24:13,1020.3,427935
2021-06-22 09:24:14,1020.0,428094
2021-06-22 09:24:15,1020.15,428282
2021-06-22 09:24:16,1020.1,428411
2021-06-22 09:24:17,1020.3,428759
2021-06-22 09:24:18,1020.3,428769
2021-06-22 09:24:19,1020.0,428986
2021-06-22 09:24:20,1020.2,432126
2021-06-22 09:24:21,1020.2,432452
2021-06-22 09:24:22,1020.2,432560
2021-06-22 09:24:23,1020.05,432572
2021-06-22 09:24:24,1020.45,432996
2021-06-22 09:24:25,1020.0,433127
2021-06-22 09:24:26,1020.0,434180
2021-06-22 09:24:27,1020.0,434547
2021-06-22 09:24:28,1020.4,434869
2021-06-22 09:24:29,1019.95,435166
2021-06-22 09:24:30,1019.95,435166
2021-06-22 09:24:31,1020.4,435276
2021-06-22 09:24:32,1020.05,435345
2021-06-22 09:24:33,1020.0,435621
2021-06-22 09:24:34,1020.0,436468
2021-06-22 09:24:35,1019.95,436726
2021-06-22 09:24:36,1019.4,437967
2021-06-22 09:24:37,1019.55,438346
2021-06-22 09:24:38,1019.55,438421
2021-06-22 09:24:39,1019.6,438487
2021-06-22 09:24:40,1019.45,439142
2021-06-22 09:24:41,1019.85,439199
2021-06-22 09:24:42,1020.0,440533
2021-06-22 09:24:43,1020.2,441578
2021-06-22 09:24:44,1020.4,442180
2021-06-22 09:24:45,1019.95,442265
2021-06-22 09:24:46,1020.0,442587
2021-06-22 09:24:47,1020.0,443658
2021-06-22 09:24:48,1020.0,443687
2021-06-22 09:24:50,1020.0,444090
2021-06-22 09:24:51,1019.95,444304
2021-06-22 09:24:53,1020.0,444460
2021-06-22 09:24:54,1019.65,444640
2021-06-22 09:24:55,1020.0,444745
2021-06-22 09:24:57,1019.6,445970
2021-06-22 09:24:58,1019.65,446079
2021-06-22 09:24:59,1019.65,446147
2021-06-22 09:25:02,1019.7,448390
2021-06-22 09:25:03,1019.35,448973
2021-06-22 09:25:04,1019.7,449179
2021-06-22 09:25:05,1019.85,449289
2021-06-22 09:25:06,1019.3,449465
2021-06-22 09:25:07,1019.5,450365
2021-06-22 09:25:08,1019.5,450365
2021-06-22 09:25:09,1019.35,450859
2021-06-22 09:25:10,1019.65,450935
2021-06-22 09:25:11,1019.25,451179
2021-06-22 09:25:12,1019.55,451530
2021-06-22 09:25:13,1019.15,451540
2021-06-22 09:25:14,1019.55,452125
2021-06-22 09:25:15,1019.15,452625
2021-06-22 09:25:16,1018.35,454044
2021-06-22 09:25:17,1018.85,454335
2021-06-22 09:25:18,1018.75,454514
2021-06-22 09:25:19,1018.8,454620
2021-06-22 09:25:20,1018.85,454733
2021-06-22 09:25:22,1018.75,454734
2021-06-22 09:25:23,1019.0,455152
2021-06-22 09:25:24,1018.95,455292
2021-06-22 09:25:25,1018.35,455520
2021-06-22 09:25:26,1018.75,455628
2021-06-22 09:25:27,1018.7,455864
2021-06-22 09:25:28,1018.25,455974
2021-06-22 09:25:29,1018.25,457103
2021-06-22 09:25:30,1018.3,457208
2021-06-22 09:25:31,1018.35,457963
2021-06-22 09:25:32,1018.35,458101
2021-06-22 09:25:33,1018.25,459621
2021-06-22 09:25:34,1018.3,459950
2021-06-22 09:25:35,1018.3,460328
2021-06-22 09:25:36,1018.6,460888
2021-06-22 09:25:37,1018.65,461030
2021-06-22 09:25:38,1018.3,461084
2021-06-22 09:25:41,1018.35,462161
2021-06-22 09:25:42,1018.3,462201
2021-06-22 09:25:43,1018.65,462244
2021-06-22 09:25:44,1018.9,462523
2021-06-22 09:25:45,1019.0,463177
2021-06-22 09:25:46,1019.2,463342
2021-06-22 09:25:47,1019.2,463342
2021-06-22 09:25:48,1019.2,463543
2021-06-22 09:25:49,1019.2,463593
2021-06-22 09:25:50,1019.35,464557
2021-06-22 09:25:51,1019.35,464664
2021-06-22 09:25:52,1019.8,464885
2021-06-22 09:25:53,1020.0,467507
2021-06-22 09:25:54,1019.6,467760
2021-06-22 09:25:55,1019.5,467927
2021-06-22 09:25:56,1019.35,467996
2021-06-22 09:25:57,1019.85,469182
2021-06-22 09:25:58,1019.35,469611
2021-06-22 09:26:00,1019.7,471012
2021-06-22 09:26:02,1019.4,471114
2021-06-22 09:26:01,1019.7,471012
2021-06-22 09:26:03,1019.4,471185
2021-06-22 09:26:04,1019.4,471745
2021-06-22 09:26:05,1019.4,472061
2021-06-22 09:26:06,1019.4,472361
2021-06-22 09:26:08,1019.4,472426
2021-06-22 09:26:09,1019.4,472447
2021-06-22 09:26:10,1019.8,473336
2021-06-22 09:26:11,1019.35,473988
2021-06-22 09:26:12,1019.35,474171
2021-06-22 09:26:13,1018.85,476235
2021-06-22 09:26:14,1019.0,476435
2021-06-22 09:26:15,1018.65,476784
2021-06-22 09:26:16,1019.2,477114
2021-06-22 09:26:17,1018.95,477241
2021-06-22 09:26:18,1019.1,477317
2021-06-22 09:26:19,1018.55,477468
2021-06-22 09:26:20,1019.25,477483
2021-06-22 09:26:21,1018.8,477718
2021-06-22 09:26:22,1019.25,477768
2021-06-22 09:26:23,1019.05,479463
2021-06-22 09:26:24,1019.25,479901
2021-06-22 09:26:25,1018.75,480092
2021-06-22 09:26:26,1019.0,480116
2021-06-22 09:26:27,1018.75,480153
2021-06-22 09:26:28,1018.5,480253
2021-06-22 09:26:29,1019.0,480263
2021-06-22 09:26:30,1018.6,480373
2021-06-22 09:26:31,1018.55,480429
2021-06-22 09:26:32,1019.0,480565
2021-06-22 09:26:33,1018.6,480725
2021-06-22 09:26:35,1018.75,480736
2021-06-22 09:26:34,1018.75,480736
2021-06-22 09:26:36,1018.7,481316
2021-06-22 09:26:37,1018.7,481413
2021-06-22 09:26:38,1018.55,481698
2021-06-22 09:26:39,1018.7,481755
2021-06-22 09:26:40,1018.7,481755
2021-06-22 09:26:41,1018.9,481763
2021-06-22 09:26:42,1018.9,481763
2021-06-22 09:26:43,1018.45,482474
2021-06-22 09:26:44,1018.3,482776
2021-06-22 09:26:45,1018.7,483459
2021-06-22 09:26:46,1018.2,484512
2021-06-22 09:26:47,1018.45,484930
2021-06-22 09:26:48,1018.15,485004
2021-06-22 09:26:49,1018.1,485074
2021-06-22 09:26:50,1018.1,485523
2021-06-22 09:26:51,1018.35,485660
2021-06-22 09:26:52,1018.0,487859
2021-06-22 09:26:53,1017.85,488036
2021-06-22 09:26:54,1018.0,488283
2021-06-22 09:26:55,1017.85,488373
2021-06-22 09:26:56,1018.0,488476
2021-06-22 09:26:57,1018.0,489633
2021-06-22 09:26:58,1018.0,489896
2021-06-22 09:26:59,1018.0,490121
2021-06-22 09:27:00,1017.95,490255
2021-06-22 09:27:01,1018.0,491535
2021-06-22 09:27:03,1018.0,491899
2021-06-22 09:27:04,1018.0,492030
2021-06-22 09:27:05,1018.0,492030
2021-06-22 09:27:06,1017.65,492190
2021-06-22 09:27:08,1017.65,492194
2021-06-22 09:27:09,1018.0,492224
2021-06-22 09:27:10,1017.75,492268
2021-06-22 09:27:11,1017.95,492273
2021-06-22 09:27:12,1017.65,492431
2021-06-22 09:27:12,1017.8,492486
2021-06-22 09:27:13,1017.65,492556
2021-06-22 09:27:15,1017.8,493017
2021-06-22 09:27:16,1017.95,493267
2021-06-22 09:27:17,1017.85,493322
2021-06-22 09:27:19,1017.7,493429
2021-06-22 09:27:20,1017.5,493529
2021-06-22 09:27:21,1017.65,493580
2021-06-22 09:27:22,1017.4,493699
2021-06-22 09:27:24,1017.85,493809
2021-06-22 09:27:24,1017.85,493809
2021-06-22 09:27:25,1017.8,493811
2021-06-22 09:27:26,1017.8,493811
2021-06-22 09:27:27,1017.8,493861
2021-06-22 09:27:28,1017.45,493966
2021-06-22 09:27:29,1017.8,494569
2021-06-22 09:27:30,1017.35,494699
2021-06-22 09:27:32,1017.5,494709
2021-06-22 09:27:32,1017.35,495109
2021-06-22 09:27:33,1017.4,495262
2021-06-22 09:27:34,1017.4,495365
2021-06-22 09:27:35,1017.3,495642
2021-06-22 09:27:36,1017.35,495719
2021-06-22 09:27:37,1018.0,495956
2021-06-22 09:27:39,1017.55,496151
2021-06-22 09:27:40,1017.8,496197
2021-06-22 09:27:41,1017.8,496334
2021-06-22 09:27:42,1017.8,496367
2021-06-22 09:27:43,1017.8,496367
2021-06-22 09:27:44,1017.95,496606
2021-06-22 09:27:46,1017.8,496792
2021-06-22 09:27:47,1018.0,496892
2021-06-22 09:27:48,1017.8,498122
2021-06-22 09:27:49,1018.0,498282
2021-06-22 09:27:50,1018.0,498399
2021-06-22 09:27:51,1018.25,498599
2021-06-22 09:27:52,1018.3,498661
2021-06-22 09:27:53,1018.3,498918
2021-06-22 09:27:53,1017.85,498718
2021-06-22 09:27:54,1018.3,499063
2021-06-22 09:27:55,1018.7,499101
2021-06-22 09:27:56,1018.35,499151
2021-06-22 09:27:57,1018.3,499226
2021-06-22 09:27:58,1018.25,499267
2021-06-22 09:27:59,1018.5,499364
2021-06-22 09:28:00,1018.35,501202
2021-06-22 09:28:01,1018.35,501242
2021-06-22 09:28:02,1017.8,501578
2021-06-22 09:28:03,1018.0,501707
2021-06-22 09:28:04,1017.6,501866
2021-06-22 09:28:05,1017.65,502182
2021-06-22 09:28:07,1018.0,502358
2021-06-22 09:28:07,1018.0,502358
2021-06-22 09:28:08,1017.7,502544
2021-06-22 09:28:09,1017.7,502544
2021-06-22 09:28:10,1018.0,502666
2021-06-22 09:28:11,1018.0,502675
2021-06-22 09:28:12,1018.0,502705
2021-06-22 09:28:13,1017.7,502765
2021-06-22 09:28:14,1018.0,502775
2021-06-22 09:28:15,1017.7,502885
2021-06-22 09:28:16,1018.0,503035
2021-06-22 09:28:17,1017.7,503158
2021-06-22 09:28:18,1018.0,503249
2021-06-22 09:28:19,1018.0,503259
2021-06-22 09:28:20,1018.55,503675
2021-06-22 09:28:21,1018.95,503999
2021-06-22 09:28:22,1018.55,504049
2021-06-22 09:28:23,1018.45,504149
2021-06-22 09:28:24,1018.75,504430
2021-06-22 09:28:25,1018.3,504495
2021-06-22 09:28:26,1018.3,504610
2021-06-22 09:28:27,1018.3,504610
2021-06-22 09:28:29,1018.5,505212
2021-06-22 09:28:29,1018.5,505212
2021-06-22 09:28:30,1018.9,505539
2021-06-22 09:28:31,1019.0,505663
2021-06-22 09:28:32,1019.0,505663
2021-06-22 09:28:33,1019.0,505675
2021-06-22 09:28:34,1019.0,505775
2021-06-22 09:28:35,1019.0,505847
2021-06-22 09:28:36,1018.75,505851
2021-06-22 09:28:37,1019.0,506070
2021-06-22 09:28:38,1019.0,506070
2021-06-22 09:28:39,1018.75,507131
2021-06-22 09:28:40,1018.7,507215
2021-06-22 09:28:41,1018.35,507534
2021-06-22 09:28:42,1018.75,507611
2021-06-22 09:28:43,1018.75,507639
2021-06-22 09:28:45,1018.6,507654
2021-06-22 09:28:46,1018.6,507678
2021-06-22 09:28:47,1018.6,507709
2021-06-22 09:28:48,1018.75,507839
2021-06-22 09:28:48,1018.8,507794
2021-06-22 09:28:49,1019.3,508347
2021-06-22 09:28:50,1018.8,508466
2021-06-22 09:28:51,1018.8,508602
2021-06-22 09:28:52,1018.75,509307
2021-06-22 09:28:53,1018.75,509402
2021-06-22 09:28:55,1018.75,509571
2021-06-22 09:28:55,1018.9,509671
2021-06-22 09:28:56,1018.9,509722
2021-06-22 09:28:57,1019.0,509759
2021-06-22 09:28:58,1019.0,509775
2021-06-22 09:28:59,1018.75,509945
2021-06-22 09:29:01,1018.75,510042
2021-06-22 09:29:02,1018.75,510403
2021-06-22 09:29:03,1018.95,510425
2021-06-22 09:29:04,1018.95,510534
2021-06-22 09:29:05,1018.6,512046
2021-06-22 09:29:07,1018.6,512146
2021-06-22 09:29:08,1018.6,512356
2021-06-22 09:29:09,1018.6,512736
2021-06-22 09:29:10,1018.6,512795
2021-06-22 09:29:11,1018.6,512795
2021-06-22 09:29:12,1018.6,512875
2021-06-22 09:29:12,1018.6,512875
2021-06-22 09:29:13,1018.9,513007
2021-06-22 09:29:14,1018.9,513007
2021-06-22 09:29:15,1018.65,513524
2021-06-22 09:29:16,1018.75,513711
2021-06-22 09:29:17,1018.75,513855
2021-06-22 09:29:18,1018.8,514909
2021-06-22 09:29:21,1018.75,515362
2021-06-22 09:29:22,1019.2,516382
2021-06-22 09:29:23,1018.6,516460
2021-06-22 09:29:24,1018.65,516480
2021-06-22 09:29:25,1018.6,516614
2021-06-22 09:29:26,1018.6,516692
2021-06-22 09:29:28,1019.1,516855
2021-06-22 09:29:28,1019.1,516855
2021-06-22 09:29:29,1018.6,517024
2021-06-22 09:29:30,1019.05,517144
2021-06-22 09:29:31,1018.8,517324
2021-06-22 09:29:32,1019.0,517469
2021-06-22 09:29:33,1018.75,517510
2021-06-22 09:29:34,1018.9,517512
2021-06-22 09:29:35,1018.95,517552
2021-06-22 09:29:36,1018.65,517584
2021-06-22 09:29:37,1018.65,517653
2021-06-22 09:29:39,1018.75,517738
2021-06-22 09:29:41,1018.6,517822
2021-06-22 09:29:43,1018.6,517906
2021-06-22 09:29:44,1018.6,518331
2021-06-22 09:29:45,1018.95,518351
2021-06-22 09:29:46,1018.95,518394
2021-06-22 09:29:47,1018.95,518394
2021-06-22 09:29:48,1019.0,518542
2021-06-22 09:29:49,1019.0,518688
2021-06-22 09:29:51,1018.65,518795
2021-06-22 09:29:52,1019.0,518896
2021-06-22 09:29:53,1019.0,519046
2021-06-22 09:29:53,1019.0,519046
2021-06-22 09:29:54,1018.7,519229
2021-06-22 09:29:55,1019.0,519359
2021-06-22 09:29:56,1018.5,519638
2021-06-22 09:29:57,1018.45,519688
2021-06-22 09:29:58,1018.2,519708
2021-06-22 09:29:59,1018.2,519746
2021-06-22 09:30:00,1018.0,522244
2021-06-22 09:30:01,1018.1,522858
2021-06-22 09:30:02,1017.5,523196
2021-06-22 09:30:03,1017.5,523665
2021-06-22 09:30:04,1017.5,524360
2021-06-22 09:30:05,1017.65,524559
2021-06-22 09:30:07,1017.4,525018
2021-06-22 09:30:08,1017.3,525577
2021-06-22 09:30:09,1017.1,525865
2021-06-22 09:30:10,1016.8,528677
2021-06-22 09:30:11,1016.7,530257
2021-06-22 09:30:13,1016.95,531115
2021-06-22 09:30:14,1016.45,531458
2021-06-22 09:30:15,1016.9,533020
2021-06-22 09:30:16,1016.85,533362
2021-06-22 09:30:17,1016.25,533448
2021-06-22 09:30:18,1016.4,916274
2021-06-22 09:30:19,1016.85,917774
2021-06-22 09:30:20,1016.45,918289
2021-06-22 09:30:21,1016.6,918893
2021-06-22 09:30:21,1016.8,919033
2021-06-22 09:30:22,1016.55,919152
2021-06-22 09:30:23,1016.55,919183
2021-06-22 09:30:24,1016.5,919303
2021-06-22 09:30:25,1016.7,919442
2021-06-22 09:30:26,1016.8,919492
2021-06-22 09:30:27,1017.7,920201
2021-06-22 09:30:28,1017.5,920252
2021-06-22 09:30:29,1017.65,920352
2021-06-22 09:30:30,1017.8,920612
2021-06-22 09:30:31,1017.4,920728
2021-06-22 09:30:32,1017.15,920903
2021-06-22 09:30:33,1017.5,921003
2021-06-22 09:30:35,1017.3,921100
2021-06-22 09:30:36,1017.8,921376
2021-06-22 09:30:36,1017.65,921377
2021-06-22 09:30:37,1017.65,921382
2021-06-22 09:30:38,1017.2,921408
2021-06-22 09:30:39,1017.7,921812
2021-06-22 09:30:40,1017.4,921847
2021-06-22 09:30:41,1017.35,922060
2021-06-22 09:30:42,1017.5,922101
2021-06-22 09:30:44,1017.95,922219
2021-06-22 09:30:45,1017.45,922249
2021-06-22 09:30:46,1017.5,922411
2021-06-22 09:30:46,1017.5,922411
2021-06-22 09:30:47,1017.5,922411
2021-06-22 09:30:48,1017.45,922646
2021-06-22 09:30:49,1017.45,922719
2021-06-22 09:30:50,1017.8,922830
2021-06-22 09:30:51,1017.8,922869
2021-06-22 09:30:52,1017.8,922925
2021-06-22 09:30:53,1017.3,923675
2021-06-22 09:30:54,1017.8,923808
2021-06-22 09:30:57,1017.55,924305
2021-06-22 09:30:58,1017.55,924305
2021-06-22 09:30:59,1017.5,924388
2021-06-22 09:31:03,1017.7,924887
2021-06-22 09:31:04,1017.3,925104
2021-06-22 09:31:05,1017.3,925184
2021-06-22 09:31:05,1017.3,925184
2021-06-22 09:31:06,1017.3,925204
2021-06-22 09:31:07,1017.55,925235
2021-06-22 09:31:08,1017.55,925237
2021-06-22 09:31:09,1017.4,925280
2021-06-22 09:31:12,1017.25,925621
2021-06-22 09:31:15,1017.55,925799
2021-06-22 09:31:16,1016.95,926199
2021-06-22 09:31:17,1016.9,926249
2021-06-22 09:31:18,1016.95,926552
2021-06-22 09:31:19,1017.35,926627
2021-06-22 09:31:20,1017.45,926668
2021-06-22 09:31:21,1016.95,927513
2021-06-22 09:31:22,1016.85,927762
2021-06-22 09:31:23,1017.0,927784
2021-06-22 09:31:24,1017.1,927864
2021-06-22 09:31:25,1017.05,927886
2021-06-22 09:31:26,1017.05,927886
2021-06-22 09:31:27,1016.95,928018
2021-06-22 09:31:28,1016.9,928092
2021-06-22 09:31:29,1017.4,928191
2021-06-22 09:31:30,1017.0,928201
2021-06-22 09:31:31,1017.4,930281
2021-06-22 09:31:32,1017.35,930330
2021-06-22 09:31:32,1017.35,930330
2021-06-22 09:31:33,1017.9,930545
2021-06-22 09:31:35,1017.65,931437
2021-06-22 09:31:36,1018.0,932801
2021-06-22 09:31:37,1017.95,933309
2021-06-22 09:31:38,1017.95,933620
2021-06-22 09:31:39,1018.0,933835
2021-06-22 09:31:40,1017.4,934455
2021-06-22 09:31:41,1017.95,935088
2021-06-22 09:31:42,1017.8,935128
2021-06-22 09:31:43,1017.35,935144
2021-06-22 09:31:43,1017.35,935144
2021-06-22 09:31:44,1017.35,935176
2021-06-22 09:31:45,1017.9,935267
2021-06-22 09:31:46,1017.5,935487
2021-06-22 09:31:47,1017.4,935516
2021-06-22 09:31:48,1017.35,935636
2021-06-22 09:31:49,1017.4,935714
2021-06-22 09:31:50,1017.75,937354
2021-06-22 09:31:51,1017.95,937597
2021-06-22 09:31:52,1017.8,937732
2021-06-22 09:31:53,1017.4,937839
2021-06-22 09:31:54,1017.4,937839
2021-06-22 09:31:55,1017.95,939056
2021-06-22 09:31:56,1017.95,939056
2021-06-22 09:31:57,1017.55,939124
2021-06-22 09:31:58,1018.0,939174
2021-06-22 09:31:59,1017.9,939304
2021-06-22 09:32:00,1018.25,941158
2021-06-22 09:32:01,1018.2,941183
2021-06-22 09:32:02,1018.15,941304
2021-06-22 09:32:03,1017.9,945459
2021-06-22 09:32:04,1017.85,945916
2021-06-22 09:32:05,1018.0,949255
2021-06-22 09:32:06,1018.0,949507
2021-06-22 09:32:07,1017.75,949664
2021-06-22 09:32:08,1017.7,950151
2021-06-22 09:32:10,1017.6,950221
2021-06-22 09:32:11,1018.0,950522
2021-06-22 09:32:12,1017.6,950582
2021-06-22 09:32:14,1017.85,951643
2021-06-22 09:32:15,1017.6,951787
2021-06-22 09:32:16,1017.9,951791
2021-06-22 09:32:17,1017.55,951944
2021-06-22 09:32:18,1017.95,953227
2021-06-22 09:32:19,1018.0,954530
2021-06-22 09:32:20,1017.65,954617
2021-06-22 09:32:21,1017.65,954677
2021-06-22 09:32:22,1018.0,954980
2021-06-22 09:32:23,1017.6,955160
2021-06-22 09:32:24,1017.9,955170
2021-06-22 09:32:25,1017.6,956343
2021-06-22 09:32:26,1017.3,956521
2021-06-22 09:32:27,1017.1,956524
2021-06-22 09:32:28,1017.05,956554
2021-06-22 09:32:28,1017.05,956554
2021-06-22 09:32:29,1017.55,957385
2021-06-22 09:32:30,1017.15,957472
2021-06-22 09:32:31,1017.5,957568
2021-06-22 09:32:32,1017.5,957568
2021-06-22 09:32:33,1017.55,957618
2021-06-22 09:32:34,1017.5,957673
2021-06-22 09:32:35,1017.5,957684
2021-06-22 09:32:36,1017.15,957793
2021-06-22 09:32:37,1017.55,957915
2021-06-22 09:32:39,1017.65,957935
2021-06-22 09:32:40,1017.25,957955
2021-06-22 09:32:41,1017.5,958011
2021-06-22 09:32:42,1017.75,958151
2021-06-22 09:32:43,1017.4,958186
2021-06-22 09:32:44,1017.55,958286
2021-06-22 09:32:45,1017.8,958321
2021-06-22 09:32:46,1017.5,958581
2021-06-22 09:32:47,1017.75,958649
2021-06-22 09:32:48,1017.95,958684
2021-06-22 09:32:49,1017.75,958893
2021-06-22 09:32:50,1017.45,958964
2021-06-22 09:32:51,1017.45,958994
2021-06-22 09:32:52,1017.8,959011
2021-06-22 09:32:53,1018.0,959465
2021-06-22 09:32:54,1018.0,959465
2021-06-22 09:32:55,1017.55,959584
2021-06-22 09:32:56,1018.0,959635
2021-06-22 09:32:57,1017.55,959715
2021-06-22 09:32:58,1017.55,959715
2021-06-22 09:32:59,1017.6,960219
2021-06-22 09:33:00,1017.65,960291
2021-06-22 09:33:01,1017.6,960331
2021-06-22 09:33:03,1017.35,960427
2021-06-22 09:33:04,1017.65,960447
2021-06-22 09:33:05,1017.35,960547
2021-06-22 09:33:06,1017.35,961187
2021-06-22 09:33:07,1017.3,961313
2021-06-22 09:33:08,1017.5,961323
2021-06-22 09:33:09,1017.5,961323
2021-06-22 09:33:10,1017.5,961323
2021-06-22 09:33:11,1017.45,961328
2021-06-22 09:33:12,1017.45,961328
2021-06-22 09:33:13,1017.3,961338
2021-06-22 09:33:14,1017.35,961339
2021-06-22 09:33:15,1017.6,961399
2021-06-22 09:33:21,1017.35,962161
2021-06-22 09:33:21,1017.35,962161
2021-06-22 09:33:22,1017.35,962181
2021-06-22 09:33:23,1017.55,962252
2021-06-22 09:33:24,1017.9,964023
2021-06-22 09:33:25,1017.6,964335
2021-06-22 09:33:26,1017.55,964426
2021-06-22 09:33:27,1017.55,964426
2021-06-22 09:33:28,1017.6,964496
2021-06-22 09:33:29,1017.6,964496
2021-06-22 09:33:30,1017.65,964515
2021-06-22 09:33:31,1017.9,973177
2021-06-22 09:33:32,1017.7,973348
2021-06-22 09:33:33,1018.0,974627
2021-06-22 09:33:35,1017.55,975257
2021-06-22 09:33:37,1017.4,975602
2021-06-22 09:33:38,1017.7,975652
2021-06-22 09:33:39,1017.35,975777
2021-06-22 09:33:40,1018.0,975866
2021-06-22 09:33:41,1017.5,975904
2021-06-22 09:33:42,1017.95,976764
2021-06-22 09:33:43,1017.65,976914
2021-06-22 09:33:44,1017.5,977027
2021-06-22 09:33:45,1017.5,977392
2021-06-22 09:33:46,1017.35,977499
2021-06-22 09:33:47,1017.3,977649
2021-06-22 09:33:48,1017.3,977758
2021-06-22 09:33:49,1017.3,978363
2021-06-22 09:33:50,1017.4,978564
2021-06-22 09:33:51,1017.2,978670
2021-06-22 09:33:52,1016.8,982150
2021-06-22 09:33:53,1016.8,982654
2021-06-22 09:33:54,1017.15,983134
2021-06-22 09:33:55,1016.8,983692
2021-06-22 09:33:56,1016.65,984080
2021-06-22 09:33:57,1016.65,984080
2021-06-22 09:33:58,1016.7,984198
2021-06-22 09:33:59,1016.7,984255
2021-06-22 09:34:00,1016.55,985836
2021-06-22 09:34:01,1016.55,985836
2021-06-22 09:34:02,1016.5,986011
2021-06-22 09:34:03,1016.85,986098
2021-06-22 09:34:04,1016.8,986128
2021-06-22 09:34:05,1016.8,986129
2021-06-22 09:34:06,1016.85,986229
2021-06-22 09:34:07,1016.55,986429
2021-06-22 09:34:08,1016.85,988137
2021-06-22 09:34:09,1016.55,988213
2021-06-22 09:34:10,1016.55,988213
2021-06-22 09:34:11,1016.5,988749
2021-06-22 09:34:12,1016.8,988789
2021-06-22 09:34:13,1017.3,989219
2021-06-22 09:34:14,1017.15,989519
2021-06-22 09:34:15,1017.15,989585
2021-06-22 09:34:16,1017.0,990585
2021-06-22 09:34:17,1017.1,990795
2021-06-22 09:34:18,1017.4,990837
2021-06-22 09:34:19,1017.05,990940
2021-06-22 09:34:20,1016.95,991005
2021-06-22 09:34:21,1017.1,991065
2021-06-22 09:34:22,1017.1,991065
2021-06-22 09:34:23,1017.0,991111
2021-06-22 09:34:24,1017.0,991111
2021-06-22 09:34:25,1017.0,991281
2021-06-22 09:34:26,1017.0,991331
2021-06-22 09:34:27,1017.0,991401
2021-06-22 09:34:28,1017.0,991760
2021-06-22 09:34:29,1017.0,991854
2021-06-22 09:34:30,1017.25,991889
2021-06-22 09:34:31,1017.0,991899
2021-06-22 09:34:32,1017.0,991948
2021-06-22 09:34:33,1017.0,992192
2021-06-22 09:34:34,1017.0,992524
2021-06-22 09:34:35,1017.35,992579
2021-06-22 09:34:36,1017.35,992648
2021-06-22 09:34:37,1017.25,992748
2021-06-22 09:34:38,1017.65,992949
2021-06-22 09:34:39,1017.35,992969
2021-06-22 09:34:41,1017.15,992990
2021-06-22 09:34:42,1017.5,992994
2021-06-22 09:34:43,1017.5,992994
2021-06-22 09:34:44,1017.5,993211
2021-06-22 09:34:45,1017.25,993221
2021-06-22 09:34:46,1017.5,993236
2021-06-22 09:34:47,1017.25,993240
2021-06-22 09:34:48,1017.25,993240
2021-06-22 09:34:49,1017.6,993467
2021-06-22 09:34:50,1017.25,993472
2021-06-22 09:34:51,1017.25,993476
2021-06-22 09:34:52,1017.45,994211
2021-06-22 09:34:53,1017.6,994261
2021-06-22 09:34:54,1017.4,994285
2021-06-22 09:34:55,1017.35,994297
2021-06-22 09:34:57,1017.6,994436
2021-06-22 09:34:58,1017.55,994509
2021-06-22 09:34:59,1017.25,994559
2021-06-22 09:35:00,1017.25,994589
2021-06-22 09:35:01,1016.85,995209
2021-06-22 09:35:02,1017.05,995219
2021-06-22 09:35:05,1017.2,995532
2021-06-22 09:35:07,1017.0,995547
2021-06-22 09:35:08,1017.0,995547
2021-06-22 09:35:09,1017.0,995547
2021-06-22 09:35:13,1016.7,996820
2021-06-22 09:35:14,1016.7,996820
2021-06-22 09:35:15,1016.95,996856
2021-06-22 09:35:16,1016.95,996966
2021-06-22 09:35:17,1016.9,998083
2021-06-22 09:35:18,1017.35,998233
2021-06-22 09:35:19,1017.35,998233
2021-06-22 09:35:20,1016.7,998735
2021-06-22 09:35:21,1016.2,1000145
2021-06-22 09:35:22,1016.4,1000384
2021-06-22 09:35:23,1016.75,1000707
2021-06-22 09:35:24,1016.7,1001066
2021-06-22 09:35:25,1016.45,1001087
2021-06-22 09:35:26,1016.55,1001209
2021-06-22 09:35:27,1016.7,1001241
2021-06-22 09:35:29,1016.6,1001293
2021-06-22 09:35:30,1016.45,1001303
2021-06-22 09:35:31,1016.55,1001312
2021-06-22 09:35:32,1016.95,1001971
2021-06-22 09:35:33,1016.75,1002075
2021-06-22 09:35:34,1016.65,1002085
2021-06-22 09:35:35,1016.65,1002085
2021-06-22 09:35:36,1016.7,1002205
2021-06-22 09:35:37,1016.7,1002240
2021-06-22 09:35:38,1016.7,1002241
2021-06-22 09:35:40,1016.85,1011364
2021-06-22 09:35:43,1016.5,1011792
2021-06-22 09:35:45,1016.4,1012910
2021-06-22 09:35:48,1016.45,1013791
2021-06-22 09:35:49,1016.45,1013791
2021-06-22 09:35:50,1016.45,1013791
2021-06-22 09:35:51,1016.45,1013816
2021-06-22 09:35:52,1016.9,1013827
2021-06-22 09:35:53,1016.5,1013928
2021-06-22 09:35:54,1016.5,1013928
2021-06-22 09:35:55,1016.6,1013958
2021-06-22 09:35:56,1016.6,1013958
2021-06-22 09:35:57,1016.6,1013958
2021-06-22 09:35:58,1016.95,1013998
2021-06-22 09:35:59,1017.0,1015210
2021-06-22 09:36:00,1017.0,1015210
2021-06-22 09:36:01,1017.0,1015210
2021-06-22 09:36:02,1017.0,1015280
2021-06-22 09:36:03,1016.5,1015433
2021-06-22 09:36:04,1016.5,1015433
2021-06-22 09:36:05,1016.8,1015438
2021-06-22 09:36:06,1016.8,1015438
2021-06-22 09:36:07,1016.5,1015441
2021-06-22 09:36:08,1016.8,1015451
2021-06-22 09:36:09,1016.5,1015486
2021-06-22 09:36:10,1016.4,1015988
2021-06-22 09:36:11,1016.4,1015988
2021-06-22 09:36:12,1016.5,1015989
2021-06-22 09:36:13,1016.55,1015999
2021-06-22 09:36:14,1016.75,1016096
2021-06-22 09:36:15,1016.9,1016196
2021-06-22 09:36:16,1016.75,1016242
2021-06-22 09:36:17,1017.0,1016267
2021-06-22 09:36:18,1016.75,1016292
2021-06-22 09:36:19,1016.75,1016292
2021-06-22 09:36:20,1017.0,1016392
2021-06-22 09:36:21,1016.75,1016431
2021-06-22 09:36:22,1017.0,1016581
2021-06-22 09:36:23,1017.55,1017878
2021-06-22 09:36:24,1017.15,1017978
2021-06-22 09:36:26,1017.15,1018113
2021-06-22 09:36:27,1017.15,1018113
2021-06-22 09:36:28,1017.15,1018113
2021-06-22 09:36:29,1017.15,1018113
2021-06-22 09:36:30,1016.8,1018132
2021-06-22 09:36:31,1017.0,1018195
2021-06-22 09:36:32,1017.0,1018236
2021-06-22 09:36:33,1016.6,1018286
2021-06-22 09:36:34,1016.6,1018286
2021-06-22 09:36:36,1016.95,1018312
2021-06-22 09:36:37,1017.2,1018812
2021-06-22 09:36:38,1016.8,1018832
2021-06-22 09:36:39,1016.9,1018900
2021-06-22 09:36:40,1016.8,1019020
2021-06-22 09:36:41,1016.85,1019033
2021-06-22 09:36:42,1016.85,1019084
2021-06-22 09:36:43,1017.2,1019154
2021-06-22 09:36:44,1017.2,1019154
2021-06-22 09:36:45,1017.0,1019396
2021-06-22 09:36:46,1017.0,1019453
2021-06-22 09:36:47,1017.0,1019495
2021-06-22 09:36:48,1017.0,1019496
2021-06-22 09:36:49,1017.0,1019496
2021-06-22 09:36:50,1017.05,1019596
2021-06-22 09:36:51,1017.05,1019596
2021-06-22 09:36:52,1017.0,1019609
2021-06-22 09:36:53,1017.0,1019752
2021-06-22 09:36:54,1017.45,1019929
2021-06-22 09:36:55,1017.45,1019960
2021-06-22 09:36:56,1017.25,1020025
2021-06-22 09:36:57,1017.5,1020436
2021-06-22 09:36:58,1017.4,1021544
2021-06-22 09:36:59,1017.2,1021644
2021-06-22 09:37:00,1017.45,1021680
2021-06-22 09:37:02,1017.2,1021790
2021-06-22 09:37:03,1017.2,1021790
2021-06-22 09:37:04,1017.45,1021865
2021-06-22 09:37:05,1017.0,1022007
2021-06-22 09:37:06,1017.0,1022019
2021-06-22 09:37:07,1016.8,1022043
2021-06-22 09:37:08,1016.8,1022211
2021-06-22 09:37:09,1017.05,1022213
2021-06-22 09:37:10,1017.2,1022263
2021-06-22 09:37:13,1017.4,1022812
2021-06-22 09:37:15,1017.0,1022928
2021-06-22 09:37:16,1016.6,1023085
2021-06-22 09:37:17,1016.5,1023127
2021-06-22 09:37:21,1017.0,1023838
2021-06-22 09:37:22,1016.55,1023889
2021-06-22 09:37:23,1017.0,1023929
2021-06-22 09:37:24,1017.0,1023929
2021-06-22 09:37:25,1017.0,1023929
2021-06-22 09:37:26,1016.5,1024078
2021-06-22 09:37:27,1016.7,1024569
2021-06-22 09:37:28,1016.7,1024569
2021-06-22 09:37:29,1016.7,1024569
2021-06-22 09:37:30,1016.7,1024619
2021-06-22 09:37:31,1016.6,1024622
2021-06-22 09:37:32,1016.6,1024622
2021-06-22 09:37:33,1016.6,1025122
2021-06-22 09:37:34,1016.7,1025132
2021-06-22 09:37:35,1016.6,1025145
2021-06-22 09:37:36,1016.5,1025245
2021-06-22 09:37:37,1016.55,1025668
2021-06-22 09:37:38,1016.7,1025692
2021-06-22 09:37:39,1016.7,1025765
2021-06-22 09:37:40,1016.7,1025765
2021-06-22 09:37:41,1016.7,1025765
2021-06-22 09:37:42,1016.65,1025775
2021-06-22 09:37:43,1016.9,1025845
2021-06-22 09:37:44,1016.9,1025845
2021-06-22 09:37:46,1017.0,1026026
2021-06-22 09:37:48,1017.0,1028114
2021-06-22 09:37:48,1017.0,1028114
2021-06-22 09:37:49,1016.9,1028175
2021-06-22 09:37:50,1016.9,1028194
2021-06-22 09:37:51,1016.8,1028254
2021-06-22 09:37:52,1016.75,1028268
2021-06-22 09:37:53,1017.0,1028378
2021-06-22 09:37:54,1016.75,1028418
2021-06-22 09:37:55,1017.0,1028514
2021-06-22 09:37:56,1016.8,1028590
2021-06-22 09:37:57,1016.85,1028601
2021-06-22 09:38:00,1017.0,1028834
2021-06-22 09:38:01,1017.0,1028834
2021-06-22 09:38:02,1017.0,1028972
2021-06-22 09:38:02,1017.0,1028972
2021-06-22 09:38:04,1016.9,1029237
2021-06-22 09:38:05,1017.0,1029322
2021-06-22 09:38:06,1017.0,1029338
2021-06-22 09:38:07,1017.0,1029338
2021-06-22 09:38:08,1017.0,1029338
2021-06-22 09:38:09,1017.0,1030287
2021-06-22 09:38:10,1017.2,1030387
2021-06-22 09:38:11,1016.8,1030477
2021-06-22 09:38:12,1016.75,1030547
2021-06-22 09:38:13,1016.6,1030662
2021-06-22 09:38:14,1016.6,1030712
2021-06-22 09:38:15,1016.6,1030712
2021-06-22 09:38:16,1016.6,1030737
2021-06-22 09:38:17,1016.6,1030737
2021-06-22 09:38:18,1016.6,1030737
2021-06-22 09:38:19,1016.6,1030762
2021-06-22 09:38:20,1016.6,1030775
2021-06-22 09:38:23,1016.6,1030775
2021-06-22 09:38:24,1016.6,1030825
2021-06-22 09:38:27,1017.15,1031205
2021-06-22 09:38:28,1016.7,1031294
2021-06-22 09:38:29,1016.7,1031294
2021-06-22 09:38:29,1016.7,1031294
2021-06-22 09:38:32,1016.75,1031296
2021-06-22 09:38:33,1016.75,1031296
2021-06-22 09:38:34,1017.0,1031301
2021-06-22 09:38:35,1017.0,1031301
2021-06-22 09:38:36,1017.0,1031301
2021-06-22 09:38:37,1017.0,1031311
2021-06-22 09:38:38,1017.0,1031311
2021-06-22 09:38:39,1016.75,1034387
2021-06-22 09:38:39,1016.75,1034387
2021-06-22 09:38:40,1016.8,1034835
2021-06-22 09:38:41,1016.8,1034835
2021-06-22 09:38:42,1016.25,1034912
2021-06-22 09:38:44,1016.65,1034918
2021-06-22 09:38:45,1016.5,1034938
2021-06-22 09:38:46,1016.5,1035073
2021-06-22 09:38:47,1016.5,1035073
2021-06-22 09:38:49,1016.5,1035410
2021-06-22 09:38:50,1016.5,1035610
2021-06-22 09:38:51,1016.5,1035610
2021-06-22 09:38:52,1016.5,1035610
2021-06-22 09:38:53,1016.5,1035619
2021-06-22 09:38:54,1016.8,1036063
2021-06-22 09:38:55,1016.8,1036063
2021-06-22 09:38:56,1016.5,1036733
2021-06-22 09:38:57,1016.5,1036788
2021-06-22 09:39:00,1016.15,1036965
2021-06-22 09:39:01,1016.5,1037271
2021-06-22 09:39:02,1016.55,1037273
2021-06-22 09:39:04,1016.6,1037544
2021-06-22 09:39:04,1016.2,1037633
2021-06-22 09:39:06,1016.65,1037744
2021-06-22 09:39:07,1016.3,1037745
2021-06-22 09:39:08,1016.3,1037860
2021-06-22 09:39:09,1016.3,1037860
2021-06-22 09:39:10,1016.3,1037860
2021-06-22 09:39:11,1016.3,1037860
2021-06-22 09:39:12,1016.65,1037960
2021-06-22 09:39:13,1016.65,1038101
2021-06-22 09:39:14,1016.9,1038116
2021-06-22 09:39:15,1016.65,1038196
2021-06-22 09:39:17,1016.7,1038231
2021-06-22 09:39:18,1016.85,1038246
2021-06-22 09:39:19,1016.9,1038253
2021-06-22 09:39:20,1017.0,1038394
2021-06-22 09:39:21,1017.0,1040251
2021-06-22 09:39:23,1017.0,1040261
2021-06-22 09:39:24,1017.2,1040283
2021-06-22 09:39:25,1017.05,1040732
2021-06-22 09:39:25,1017.05,1040732
2021-06-22 09:39:26,1017.4,1041065
2021-06-22 09:39:27,1017.4,1041065
2021-06-22 09:39:28,1017.25,1041091
2021-06-22 09:39:29,1017.5,1044453
2021-06-22 09:39:30,1017.1,1044458
2021-06-22 09:39:31,1017.4,1044705
2021-06-22 09:39:32,1017.1,1044843
2021-06-22 09:39:33,1017.1,1045067
2021-06-22 09:39:34,1017.35,1045087
2021-06-22 09:39:35,1017.7,1045200
2021-06-22 09:39:36,1017.7,1045210
2021-06-22 09:39:37,1017.95,1045310
2021-06-22 09:39:41,1018.0,1045490
2021-06-22 09:39:43,1017.4,1045494
2021-06-22 09:39:44,1017.4,1045555
2021-06-22 09:39:45,1017.45,1045587
2021-06-22 09:39:45,1017.45,1045587
2021-06-22 09:39:46,1017.95,1045872
2021-06-22 09:39:47,1017.55,1045884
2021-06-22 09:39:48,1017.55,1045884
2021-06-22 09:39:49,1017.55,1045897
2021-06-22 09:39:50,1017.9,1046107
2021-06-22 09:39:51,1017.9,1046189
2021-06-22 09:39:52,1017.9,1046189
2021-06-22 09:39:53,1017.9,1046189
2021-06-22 09:39:54,1017.9,1046197
2021-06-22 09:39:55,1017.9,1046202
2021-06-22 09:39:57,1017.9,1046412
2021-06-22 09:39:58,1017.9,1046513
2021-06-22 09:39:59,1017.9,1046574
2021-06-22 09:39:59,1017.9,1046574
2021-06-22 09:40:00,1017.9,1046574
2021-06-22 09:40:01,1017.55,1046584
2021-06-22 09:40:02,1017.85,1046720
2021-06-22 09:40:03,1017.9,1046832
2021-06-22 09:40:04,1017.9,1046832
2021-06-22 09:40:05,1017.9,1046832
2021-06-22 09:40:06,1017.5,1046866
2021-06-22 09:40:07,1017.65,1047011
2021-06-22 09:40:08,1017.4,1047527
2021-06-22 09:40:09,1017.6,1047535
2021-06-22 09:40:10,1017.4,1047795
2021-06-22 09:40:11,1017.45,1048070
2021-06-22 09:40:12,1017.45,1048070
2021-06-22 09:40:13,1017.45,1048070
2021-06-22 09:40:14,1017.35,1048080
2021-06-22 09:40:15,1017.25,1048130
2021-06-22 09:40:16,1017.45,1048150
2021-06-22 09:40:17,1017.45,1048180
2021-06-22 09:40:18,1017.45,1048180
2021-06-22 09:40:19,1017.25,1048980
2021-06-22 09:40:20,1017.25,1048980
2021-06-22 09:40:21,1017.45,1049023
2021-06-22 09:40:23,1017.4,1049086
2021-06-22 09:40:24,1018.0,1049414
2021-06-22 09:40:25,1017.95,1049415
2021-06-22 09:40:26,1017.95,1049477
2021-06-22 09:40:27,1017.75,1049516
2021-06-22 09:40:28,1017.75,1049516
2021-06-22 09:40:29,1017.4,1049576
2021-06-22 09:40:30,1017.6,1050096
2021-06-22 09:40:30,1017.4,1050196
2021-06-22 09:40:31,1017.95,1050217
2021-06-22 09:40:32,1018.0,1050314
2021-06-22 09:40:33,1017.55,1050333
2021-06-22 09:40:34,1017.8,1050808
2021-06-22 09:40:35,1017.55,1050853
2021-06-22 09:40:36,1017.4,1053018
2021-06-22 09:40:37,1017.75,1053226
2021-06-22 09:40:38,1017.85,1053656
2021-06-22 09:40:39,1017.55,1053873
2021-06-22 09:40:40,1017.9,1054015
2021-06-22 09:40:41,1017.6,1054094
2021-06-22 09:40:42,1017.6,1054095
2021-06-22 09:40:43,1017.6,1054095
2021-06-22 09:40:44,1017.5,1054916
2021-06-22 09:40:46,1017.6,1055003
2021-06-22 09:40:47,1017.6,1055003
2021-06-22 09:40:48,1017.8,1055058
2021-06-22 09:40:50,1017.85,1055159
2021-06-22 09:40:50,1017.85,1055169
2021-06-22 09:40:51,1017.85,1055179
2021-06-22 09:40:52,1017.7,1055913
2021-06-22 09:40:53,1017.45,1055921
2021-06-22 09:40:54,1019.0,1084268
2021-06-22 09:40:55,1019.35,1086473
2021-06-22 09:40:56,1019.3,1086534
2021-06-22 09:40:57,1019.4,1086695
2021-06-22 09:40:58,1018.95,1086992
2021-06-22 09:40:59,1018.8,1087007
2021-06-22 09:41:00,1018.7,1089527
2021-06-22 09:41:01,1019.0,1089898
2021-06-22 09:41:02,1018.4,1090031
2021-06-22 09:41:03,1018.55,1090395
2021-06-22 09:41:05,1018.9,1090642
2021-06-22 09:41:06,1018.4,1090851
2021-06-22 09:41:08,1018.55,1090860
2021-06-22 09:41:09,1018.5,1090895
2021-06-22 09:41:10,1018.55,1090900
2021-06-22 09:41:10,1018.5,1090895
2021-06-22 09:41:11,1018.85,1091408
2021-06-22 09:41:12,1018.85,1091558
2021-06-22 09:41:13,1018.55,1091606
2021-06-22 09:41:14,1018.55,1091607
2021-06-22 09:41:15,1018.9,1091805
2021-06-22 09:41:16,1018.9,1091805
2021-06-22 09:41:17,1019.0,1091865
2021-06-22 09:41:19,1019.0,1092035
2021-06-22 09:41:20,1018.85,1092046
2021-06-22 09:41:22,1019.0,1092890
2021-06-22 09:41:22,1019.0,1092890
2021-06-22 09:41:23,1019.0,1093414
2021-06-22 09:41:24,1018.85,1093577
2021-06-22 09:41:25,1018.9,1094065
2021-06-22 09:41:26,1018.7,1094268
2021-06-22 09:41:28,1018.55,1094430
2021-06-22 09:41:29,1019.0,1094508
2021-06-22 09:41:29,1018.5,1095508
2021-06-22 09:41:30,1018.5,1095661
2021-06-22 09:41:32,1019.0,1096018
2021-06-22 09:41:33,1018.5,1096072
2021-06-22 09:41:35,1018.65,1096315
2021-06-22 09:41:36,1018.6,1096336
2021-06-22 09:41:37,1018.6,1096336
2021-06-22 09:41:38,1018.6,1096338
2021-06-22 09:41:39,1018.35,1096743
2021-06-22 09:41:40,1018.35,1096743
2021-06-22 09:41:41,1018.5,1096954
2021-06-22 09:41:42,1018.5,1096954
2021-06-22 09:41:43,1018.5,1096954
2021-06-22 09:41:44,1018.5,1096954
2021-06-22 09:41:45,1018.5,1096954
2021-06-22 09:41:47,1018.3,1097090
2021-06-22 09:41:48,1018.3,1097090
2021-06-22 09:41:49,1018.6,1097100
2021-06-22 09:41:50,1019.0,1097110
2021-06-22 09:41:51,1019.0,1097110
2021-06-22 09:41:52,1018.9,1097210
2021-06-22 09:41:53,1018.9,1097210
2021-06-22 09:41:54,1018.95,1097269
2021-06-22 09:41:55,1018.6,1097279
2021-06-22 09:41:56,1018.95,1097290
2021-06-22 09:41:56,1018.95,1097290
2021-06-22 09:41:58,1018.95,1097290
2021-06-22 09:41:59,1019.0,1098925
2021-06-22 09:42:00,1018.95,1098935
2021-06-22 09:42:01,1019.0,1099143
2021-06-22 09:42:02,1018.95,1099214
2021-06-22 09:42:03,1018.95,1099216
2021-06-22 09:42:04,1018.8,1099356
2021-06-22 09:42:05,1018.9,1099362
2021-06-22 09:42:06,1018.85,1099363
2021-06-22 09:42:07,1018.85,1099413
2021-06-22 09:42:08,1018.85,1099413
2021-06-22 09:42:09,1018.85,1099413
2021-06-22 09:42:10,1018.95,1099731
2021-06-22 09:42:11,1018.95,1099731
2021-06-22 09:42:12,1019.2,1099941
2021-06-22 09:42:13,1018.8,1100001
2021-06-22 09:42:14,1018.8,1100055
2021-06-22 09:42:15,1019.0,1100056
2021-06-22 09:42:16,1018.8,1100110
2021-06-22 09:42:17,1018.8,1100110
2021-06-22 09:42:19,1019.0,1100421
2021-06-22 09:42:20,1019.0,1100421
2021-06-22 09:42:21,1019.0,1100666
2021-06-22 09:42:22,1019.0,1100678
2021-06-22 09:42:23,1018.5,1100778
2021-06-22 09:42:24,1018.55,1100798
2021-06-22 09:42:25,1018.55,1100798
2021-06-22 09:42:26,1018.55,1100798
2021-06-22 09:42:27,1018.5,1101011
2021-06-22 09:42:28,1018.85,1101112
2021-06-22 09:42:29,1018.5,1101133
2021-06-22 09:42:30,1018.5,1101183
2021-06-22 09:42:31,1018.5,1101183
2021-06-22 09:42:32,1018.5,1101203
2021-06-22 09:42:33,1018.5,1101453
2021-06-22 09:42:34,1018.9,1101509
2021-06-22 09:42:35,1018.4,1101553
2021-06-22 09:42:36,1018.4,1101555
2021-06-22 09:42:37,1018.4,1101555
2021-06-22 09:42:39,1019.1,1106225
2021-06-22 09:42:41,1018.95,1106591
2021-06-22 09:42:42,1018.9,1106627
2021-06-22 09:42:43,1018.8,1106693
2021-06-22 09:42:44,1018.8,1106693
2021-06-22 09:42:45,1018.8,1106693
2021-06-22 09:42:46,1018.55,1106708
2021-06-22 09:42:47,1018.55,1106708
2021-06-22 09:42:48,1018.55,1106708
2021-06-22 09:42:49,1018.8,1106709
2021-06-22 09:42:50,1018.9,1106710
2021-06-22 09:42:51,1019.0,1107710
2021-06-22 09:42:52,1018.6,1107792
2021-06-22 09:42:53,1018.6,1107820
2021-06-22 09:42:54,1018.6,1107845
2021-06-22 09:42:55,1019.0,1107846
2021-06-22 09:42:56,1018.95,1107849
2021-06-22 09:42:57,1019.0,1107874
2021-06-22 09:42:58,1018.55,1107938
2021-06-22 09:42:59,1018.55,1107938
2021-06-22 09:43:00,1018.4,1108080
2021-06-22 09:43:01,1018.5,1108148
2021-06-22 09:43:02,1018.9,1108163
2021-06-22 09:43:03,1018.5,1108166
2021-06-22 09:43:04,1018.8,1108584
2021-06-22 09:43:05,1018.85,1108684
2021-06-22 09:43:06,1018.85,1108784
2021-06-22 09:43:07,1018.5,1108813
2021-06-22 09:43:08,1018.4,1108838
2021-06-22 09:43:09,1019.0,1109078
2021-06-22 09:43:10,1018.5,1109185
2021-06-22 09:43:11,1018.8,1109310
2021-06-22 09:43:12,1018.5,1109312
2021-06-22 09:43:13,1018.5,1109333
2021-06-22 09:43:14,1018.5,1109334
2021-06-22 09:43:15,1018.5,1109334
2021-06-22 09:43:16,1018.5,1109334
2021-06-22 09:43:17,1018.8,1109599
2021-06-22 09:43:18,1018.5,1109764
2021-06-22 09:43:19,1018.5,1109766
2021-06-22 09:43:20,1018.55,1109841
2021-06-22 09:43:21,1018.5,1109953
2021-06-22 09:43:22,1018.5,1109953
2021-06-22 09:43:23,1018.8,1110104
2021-06-22 09:43:24,1018.8,1110104
2021-06-22 09:43:25,1018.5,1110373
2021-06-22 09:43:26,1018.5,1110677
2021-06-22 09:43:28,1018.85,1110764
2021-06-22 09:43:29,1018.85,1111088
2021-06-22 09:43:30,1018.85,1111088
2021-06-22 09:43:31,1018.9,1112053
2021-06-22 09:43:32,1018.8,1112273
2021-06-22 09:43:33,1018.5,1112347
2021-06-22 09:43:34,1018.5,1112453
2021-06-22 09:43:35,1018.8,1112482
2021-06-22 09:43:36,1018.8,1112498
2021-06-22 09:43:37,1018.8,1112500
2021-06-22 09:43:38,1018.8,1112500
2021-06-22 09:43:39,1019.0,1112592
2021-06-22 09:43:40,1018.8,1112598
2021-06-22 09:43:41,1019.0,1112608
2021-06-22 09:43:42,1018.85,1112625
2021-06-22 09:43:43,1019.0,1112693
2021-06-22 09:43:44,1018.95,1112773
2021-06-22 09:43:45,1018.8,1112826
2021-06-22 09:43:46,1018.8,1112826
2021-06-22 09:43:47,1018.8,1112826
2021-06-22 09:43:48,1018.8,1112846
2021-06-22 09:43:49,1018.8,1112846
2021-06-22 09:43:50,1018.8,1112875
2021-06-22 09:43:51,1018.6,1112919
2021-06-22 09:43:52,1018.55,1112978
2021-06-22 09:43:53,1018.55,1113007
2021-06-22 09:43:54,1018.55,1113019
2021-06-22 09:43:55,1018.5,1113041
2021-06-22 09:43:56,1018.5,1113041
2021-06-22 09:43:57,1018.8,1113101
2021-06-22 09:43:58,1018.8,1113243
2021-06-22 09:43:59,1018.5,1113451
2021-06-22 09:44:00,1018.5,1113451
2021-06-22 09:44:01,1018.9,1113723
2021-06-22 09:44:02,1018.8,1113739
2021-06-22 09:44:03,1018.8,1113749
2021-06-22 09:44:04,1018.75,1113849
2021-06-22 09:44:05,1018.75,1113849
2021-06-22 09:44:06,1018.7,1113860
2021-06-22 09:44:08,1018.7,1114134
2021-06-22 09:44:09,1018.7,1114134
2021-06-22 09:44:10,1018.65,1114344
2021-06-22 09:44:11,1019.0,1114362
2021-06-22 09:44:12,1018.65,1114565
2021-06-22 09:44:13,1019.0,1114965
2021-06-22 09:44:15,1018.7,1115028
2021-06-22 09:44:16,1018.65,1115642
2021-06-22 09:44:17,1018.6,1115776
2021-06-22 09:44:18,1018.55,1116246
2021-06-22 09:44:20,1018.6,1116350
2021-06-22 09:44:22,1018.6,1116350
2021-06-22 09:44:23,1018.6,1116350
2021-06-22 09:44:24,1019.0,1116360
2021-06-22 09:44:25,1018.5,1116872
2021-06-22 09:44:26,1018.5,1116957
2021-06-22 09:44:27,1018.5,1116957
2021-06-22 09:44:28,1018.5,1117418
2021-06-22 09:44:29,1018.5,1117418
2021-06-22 09:44:30,1018.2,1117671
2021-06-22 09:44:31,1018.2,1117671
2021-06-22 09:44:33,1018.55,1118761
2021-06-22 09:44:34,1018.55,1118761
2021-06-22 09:44:35,1018.5,1118828
2021-06-22 09:44:36,1018.5,1119028
2021-06-22 09:44:37,1018.45,1119143
2021-06-22 09:44:38,1018.2,1119277
2021-06-22 09:44:39,1018.25,1119358
2021-06-22 09:44:40,1018.35,1119368
2021-06-22 09:44:41,1018.3,1119398
2021-06-22 09:44:42,1018.7,1119401
2021-06-22 09:44:43,1018.7,1119401
2021-06-22 09:44:44,1018.55,1119493
2021-06-22 09:44:45,1018.5,1119533
2021-06-22 09:44:46,1018.4,1119587
2021-06-22 09:44:47,1018.3,1119647
2021-06-22 09:44:48,1018.3,1119675
2021-06-22 09:44:50,1018.8,1119775
2021-06-22 09:44:51,1018.6,1119849
2021-06-22 09:44:52,1018.6,1120064
2021-06-22 09:44:52,1019.0,1120088
2021-06-22 09:44:53,1018.6,1120139
2021-06-22 09:44:55,1018.6,1120225
2021-06-22 09:44:57,1018.25,1120244
2021-06-22 09:44:58,1018.6,1120246
2021-06-22 09:44:59,1018.6,1120246
2021-06-22 09:45:00,1018.3,1120266
2021-06-22 09:45:01,1018.3,1120266
2021-06-22 09:45:04,1018.8,1121281
2021-06-22 09:45:05,1019.0,1121321
2021-06-22 09:45:06,1018.8,1121571
2021-06-22 09:45:07,1018.45,1121664
2021-06-22 09:45:08,1018.9,1121665
2021-06-22 09:45:10,1019.0,1122008
2021-06-22 09:45:11,1018.9,1122073
2021-06-22 09:45:12,1018.5,1122085
2021-06-22 09:45:13,1018.5,1122085
2021-06-22 09:45:14,1018.45,1122585
2021-06-22 09:45:15,1018.45,1122585
2021-06-22 09:45:16,1018.45,1122585
2021-06-22 09:45:17,1018.9,1122759
2021-06-22 09:45:18,1018.5,1122839
2021-06-22 09:45:19,1019.0,1122842
2021-06-22 09:45:20,1019.0,1122842
2021-06-22 09:45:21,1019.0,1122890
2021-06-22 09:45:22,1018.55,1123090
2021-06-22 09:45:24,1019.0,1123246
2021-06-22 09:45:25,1019.0,1123246
2021-06-22 09:45:25,1019.05,1124048
2021-06-22 09:45:26,1019.05,1124196
2021-06-22 09:45:28,1018.65,1124293
2021-06-22 09:45:29,1019.2,1124643
2021-06-22 09:45:30,1019.0,1124672
2021-06-22 09:45:31,1019.15,1125246
2021-06-22 09:45:32,1019.2,1125346
2021-06-22 09:45:33,1018.7,1125446
2021-06-22 09:45:34,1019.0,1125498
2021-06-22 09:45:35,1019.2,1125598
2021-06-22 09:45:37,1019.1,1126139
2021-06-22 09:45:38,1019.7,1130167
2021-06-22 09:45:39,1019.65,1130420
2021-06-22 09:45:40,1019.7,1130600
2021-06-22 09:45:41,1019.75,1130712
2021-06-22 09:45:42,1019.3,1131012
2021-06-22 09:45:43,1019.3,1131097
2021-06-22 09:45:44,1019.3,1131258
2021-06-22 09:45:45,1019.7,1131273
2021-06-22 09:45:46,1019.7,1131273
2021-06-22 09:45:47,1019.85,1131293
2021-06-22 09:45:48,1019.85,1131472
2021-06-22 09:45:49,1019.35,1131506
2021-06-22 09:45:50,1019.7,1131538
2021-06-22 09:45:51,1019.3,1132218
2021-06-22 09:45:52,1019.2,1132331
2021-06-22 09:45:53,1019.25,1132457
2021-06-22 09:45:54,1019.25,1132457
2021-06-22 09:45:55,1019.2,1132475
2021-06-22 09:45:57,1019.75,1133031
2021-06-22 09:45:58,1019.7,1133332
2021-06-22 09:45:59,1019.25,1133440
2021-06-22 09:46:02,1019.0,1133727
2021-06-22 09:46:03,1019.0,1133727
2021-06-22 09:46:04,1019.1,1133734
2021-06-22 09:46:05,1019.0,1133792
2021-06-22 09:46:06,1019.0,1133793
2021-06-22 09:46:07,1019.0,1133793
2021-06-22 09:46:08,1019.25,1134008
2021-06-22 09:46:10,1019.1,1134198
2021-06-22 09:46:11,1019.1,1134198
2021-06-22 09:46:12,1019.0,1134298
2021-06-22 09:46:13,1019.45,1135371
2021-06-22 09:46:14,1019.45,1135371
2021-06-22 09:46:15,1019.15,1135419
2021-06-22 09:46:16,1019.15,1135419
2021-06-22 09:46:17,1019.15,1135419
2021-06-22 09:46:18,1019.2,1135503
2021-06-22 09:46:19,1019.0,1135667
2021-06-22 09:46:20,1019.0,1135673
2021-06-22 09:46:21,1019.3,1135762
2021-06-22 09:46:22,1019.05,1135852
2021-06-22 09:46:23,1019.05,1135853
2021-06-22 09:46:24,1019.4,1135908
2021-06-22 09:46:25,1019.55,1135942
2021-06-22 09:46:26,1019.4,1135944
2021-06-22 09:46:27,1019.4,1136004
2021-06-22 09:46:28,1019.7,1136109
2021-06-22 09:46:29,1019.6,1136122
2021-06-22 09:46:30,1019.6,1136122
2021-06-22 09:46:31,1019.6,1136172
2021-06-22 09:46:32,1019.7,1136256
2021-06-22 09:46:33,1019.6,1136276
2021-06-22 09:46:34,1019.6,1136276
2021-06-22 09:46:35,1019.7,1136285
2021-06-22 09:46:36,1019.6,1136306
2021-06-22 09:46:38,1019.7,1136408
2021-06-22 09:46:39,1019.6,1136438
2021-06-22 09:46:41,1019.6,1136640
2021-06-22 09:46:43,1019.3,1137213
2021-06-22 09:46:42,1019.3,1137203
2021-06-22 09:46:45,1019.1,1137382
2021-06-22 09:46:47,1019.5,1137956
2021-06-22 09:46:48,1019.45,1138056
2021-06-22 09:46:49,1019.45,1138056
2021-06-22 09:46:50,1019.45,1138056
2021-06-22 09:46:52,1019.65,1138071
2021-06-22 09:46:53,1019.45,1138072
2021-06-22 09:46:54,1019.3,1138212
2021-06-22 09:46:55,1019.3,1138212
2021-06-22 09:46:56,1019.4,1138323
2021-06-22 09:46:59,1019.05,1138390
2021-06-22 09:47:00,1019.05,1138390
2021-06-22 09:47:01,1019.0,1138423
2021-06-22 09:47:02,1019.0,1138423
2021-06-22 09:47:03,1019.0,1138448
2021-06-22 09:47:04,1019.0,1138448
2021-06-22 09:47:05,1019.0,1138448
2021-06-22 09:47:06,1019.0,1138448
2021-06-22 09:47:07,1019.0,1138474
2021-06-22 09:47:08,1019.0,1138499
2021-06-22 09:47:09,1019.35,1138580
2021-06-22 09:47:11,1019.0,1138600
2021-06-22 09:47:12,1019.0,1138652
2021-06-22 09:47:13,1019.0,1138706
2021-06-22 09:47:14,1019.0,1138707
2021-06-22 09:47:15,1019.0,1138717
2021-06-22 09:47:16,1019.0,1138727
2021-06-22 09:47:18,1018.55,1141435
2021-06-22 09:47:19,1018.6,1141454
2021-06-22 09:47:20,1018.6,1141473
2021-06-22 09:47:21,1018.6,1141492
2021-06-22 09:47:22,1018.6,1141897
2021-06-22 09:47:23,1018.65,1141957
2021-06-22 09:47:25,1018.65,1141957
2021-06-22 09:47:26,1018.65,1142071
2021-06-22 09:47:27,1018.6,1142092
2021-06-22 09:47:29,1018.5,1142314
2021-06-22 09:47:30,1018.65,1142513
2021-06-22 09:47:31,1018.5,1142575
2021-06-22 09:47:32,1018.5,1142575
2021-06-22 09:47:33,1018.5,1142575
2021-06-22 09:47:34,1018.5,1142575
2021-06-22 09:47:36,1018.7,1142664
2021-06-22 09:47:38,1018.5,1143172
2021-06-22 09:47:39,1018.5,1143216
2021-06-22 09:47:40,1018.8,1143218
2021-06-22 09:47:41,1018.65,1143219
2021-06-22 09:47:42,1018.65,1143219
2021-06-22 09:47:43,1019.0,1143270
2021-06-22 09:47:44,1019.0,1143460
2021-06-22 09:47:45,1019.0,1143460
2021-06-22 09:47:46,1018.65,1143592
2021-06-22 09:47:47,1018.65,1143617
2021-06-22 09:47:48,1018.65,1143617
2021-06-22 09:47:49,1018.65,1143617
2021-06-22 09:47:50,1018.6,1143671
2021-06-22 09:47:51,1018.95,1143785
2021-06-22 09:47:52,1018.55,1143843
2021-06-22 09:47:53,1018.55,1143888
2021-06-22 09:47:54,1018.55,1143888
2021-06-22 09:47:55,1018.5,1143949
2021-06-22 09:47:56,1018.95,1144056
2021-06-22 09:47:57,1018.95,1144056
2021-06-22 09:47:59,1018.95,1144453
2021-06-22 09:48:00,1018.95,1144453
2021-06-22 09:48:01,1018.5,1144554
2021-06-22 09:48:03,1018.5,1144559
2021-06-22 09:48:04,1018.8,1145018
2021-06-22 09:48:05,1018.8,1145081
2021-06-22 09:48:06,1018.8,1145081
2021-06-22 09:48:07,1018.8,1145081
2021-06-22 09:48:08,1018.8,1145081
2021-06-22 09:48:09,1018.95,1145131
2021-06-22 09:48:10,1018.6,1145136
2021-06-22 09:48:12,1018.8,1145141
2021-06-22 09:48:13,1018.8,1145141
2021-06-22 09:48:14,1018.8,1145143
2021-06-22 09:48:15,1018.8,1145163
2021-06-22 09:48:16,1018.8,1145163
2021-06-22 09:48:17,1018.8,1145166
2021-06-22 09:48:19,1018.8,1145166
2021-06-22 09:48:21,1018.6,1145210
2021-06-22 09:48:22,1018.6,1145210
2021-06-22 09:48:25,1018.6,1145219
2021-06-22 09:48:25,1018.6,1145219
2021-06-22 09:48:26,1018.6,1145219
2021-06-22 09:48:27,1018.6,1145320
2021-06-22 09:48:28,1018.3,1146374
2021-06-22 09:48:29,1018.5,1146422
2021-06-22 09:48:30,1018.25,1146479
2021-06-22 09:48:32,1018.2,1146485
2021-06-22 09:48:32,1018.2,1146485
2021-06-22 09:48:33,1018.2,1146485
2021-06-22 09:48:34,1018.05,1146585
2021-06-22 09:48:35,1018.05,1146585
2021-06-22 09:48:36,1018.2,1146652
2021-06-22 09:48:37,1018.15,1146692
2021-06-22 09:48:38,1018.15,1146702
2021-06-22 09:48:41,1018.15,1146843
2021-06-22 09:48:42,1018.7,1146844
2021-06-22 09:48:43,1018.7,1146844
2021-06-22 09:48:44,1018.45,1146859
2021-06-22 09:48:45,1018.1,1147859
2021-06-22 09:48:46,1018.3,1147940
2021-06-22 09:48:47,1018.2,1147984
2021-06-22 09:48:48,1018.2,1148078
2021-06-22 09:48:49,1018.5,1148101
2021-06-22 09:48:51,1018.5,1148601
2021-06-22 09:48:51,1018.5,1148601
2021-06-22 09:48:53,1018.05,1149243
2021-06-22 09:48:54,1018.05,1149263
2021-06-22 09:48:55,1018.35,1149274
2021-06-22 09:48:56,1018.45,1149442
2021-06-22 09:48:57,1018.1,1149466
2021-06-22 09:48:59,1018.15,1149476
2021-06-22 09:48:59,1018.15,1149476
2021-06-22 09:49:00,1018.6,1149486
2021-06-22 09:49:01,1018.6,1149493
2021-06-22 09:49:02,1018.65,1149723
2021-06-22 09:49:03,1018.35,1149942
2021-06-22 09:49:04,1018.35,1149942
2021-06-22 09:49:06,1018.4,1149944
2021-06-22 09:49:06,1018.4,1149944
2021-06-22 09:49:07,1018.4,1149944
2021-06-22 09:49:08,1018.2,1149950
2021-06-22 09:49:09,1018.2,1149959
2021-06-22 09:49:10,1018.2,1149959
2021-06-22 09:49:11,1018.15,1150059
2021-06-22 09:49:13,1018.15,1150059
2021-06-22 09:49:14,1018.2,1150061
2021-06-22 09:49:15,1018.6,1150174
2021-06-22 09:49:16,1018.7,1150328
2021-06-22 09:49:17,1018.95,1151478
2021-06-22 09:49:19,1018.95,1151478
2021-06-22 09:49:21,1018.6,1151672
2021-06-22 09:49:22,1019.0,1152254
2021-06-22 09:49:23,1018.85,1152328
2021-06-22 09:49:25,1018.85,1152328
2021-06-22 09:49:26,1018.75,1152372
2021-06-22 09:49:27,1019.3,1154378
2021-06-22 09:49:30,1019.3,1154378
2021-06-22 09:49:32,1019.3,1154378
2021-06-22 09:49:32,1019.3,1154378
2021-06-22 09:49:33,1019.3,1154378
2021-06-22 09:49:34,1018.7,1154836
2021-06-22 09:49:35,1018.7,1154851
2021-06-22 09:49:36,1018.9,1154902
2021-06-22 09:49:38,1018.7,1154975
2021-06-22 09:49:38,1018.7,1154975
2021-06-22 09:49:39,1018.7,1154975
2021-06-22 09:49:41,1018.85,1155096
2021-06-22 09:49:42,1018.95,1155146
2021-06-22 09:49:43,1018.4,1155428
2021-06-22 09:49:44,1018.4,1155428
2021-06-22 09:49:45,1018.4,1155428
2021-06-22 09:49:47,1018.7,1155438
2021-06-22 09:49:47,1018.7,1155438
2021-06-22 09:49:48,1018.5,1155440
2021-06-22 09:49:49,1018.1,1156159
2021-06-22 09:49:50,1018.35,1156178
2021-06-22 09:49:51,1018.2,1156246
2021-06-22 09:49:53,1018.45,1156401
2021-06-22 09:49:55,1018.45,1156521
2021-06-22 09:49:55,1018.05,1156589
2021-06-22 09:49:56,1018.5,1156739
2021-06-22 09:49:57,1018.5,1156739
2021-06-22 09:49:58,1018.5,1156739
2021-06-22 09:50:00,1018.45,1156889
2021-06-22 09:50:02,1018.45,1156889
2021-06-22 09:50:02,1018.45,1156889
2021-06-22 09:50:03,1018.45,1156889
2021-06-22 09:50:04,1018.45,1156889
2021-06-22 09:50:06,1018.15,1157134
2021-06-22 09:50:07,1018.55,1157326
2021-06-22 09:50:08,1018.55,1157328
2021-06-22 09:50:09,1018.5,1159331
2021-06-22 09:50:11,1018.15,1159531
2021-06-22 09:50:12,1018.4,1159556
2021-06-22 09:50:12,1018.4,1159556
2021-06-22 09:50:13,1018.1,1159608
2021-06-22 09:50:14,1018.15,1159616
2021-06-22 09:50:15,1018.45,1160233
2021-06-22 09:50:17,1018.0,1160282
2021-06-22 09:50:19,1018.0,1160285
2021-06-22 09:50:20,1018.0,1160285
2021-06-22 09:50:21,1018.0,1160285
2021-06-22 09:50:22,1018.0,1160385
2021-06-22 09:50:23,1018.0,1160985
2021-06-22 09:50:26,1018.0,1161190
2021-06-22 09:50:26,1018.0,1161290
2021-06-22 09:50:27,1018.0,1161290
2021-06-22 09:50:28,1018.1,1163196
2021-06-22 09:50:29,1017.8,1164405
2021-06-22 09:50:30,1017.2,1164840
2021-06-22 09:50:33,1017.5,1165497
2021-06-22 09:50:34,1017.1,1165527
2021-06-22 09:50:34,1017.1,1165527
2021-06-22 09:50:35,1017.1,1165527
2021-06-22 09:50:36,1017.5,1165762
2021-06-22 09:50:37,1017.1,1165873
2021-06-22 09:50:40,1017.45,1166014
2021-06-22 09:50:41,1017.35,1166114
2021-06-22 09:50:41,1017.3,1166161
2021-06-22 09:50:42,1017.5,1166171
2021-06-22 09:50:43,1017.5,1166171
2021-06-22 09:50:44,1017.5,1166171
2021-06-22 09:50:45,1017.05,1166236
2021-06-22 09:50:47,1017.5,1166337
2021-06-22 09:50:48,1017.05,1166715
2021-06-22 09:50:48,1017.1,1166551
2021-06-22 09:50:49,1017.05,1166748
2021-06-22 09:50:50,1017.05,1166748
2021-06-22 09:50:51,1017.5,1167101
2021-06-22 09:50:52,1017.0,1167395
2021-06-22 09:50:54,1017.35,1167489
2021-06-22 09:50:55,1017.05,1170730
2021-06-22 09:50:56,1017.05,1170730
2021-06-22 09:50:57,1017.05,1170965
2021-06-22 09:50:57,1017.05,1170965
2021-06-22 09:50:58,1017.0,1171258
2021-06-22 09:50:59,1017.0,1171258
2021-06-22 09:51:00,1017.0,1171370
2021-06-22 09:51:02,1017.05,1171396
2021-06-22 09:51:03,1017.05,1171396
2021-06-22 09:51:04,1017.05,1171396
2021-06-22 09:51:04,1017.05,1171396
2021-06-22 09:51:05,1017.25,1171576
2021-06-22 09:51:06,1017.0,1171626
2021-06-22 09:51:07,1017.0,1171626
2021-06-22 09:51:09,1017.0,1171895
2021-06-22 09:51:10,1016.5,1173264
2021-06-22 09:51:11,1016.6,1173434
2021-06-22 09:51:11,1016.6,1173439
2021-06-22 09:51:12,1016.6,1173526
2021-06-22 09:51:13,1016.3,1173626
2021-06-22 09:51:14,1016.3,1173700
2021-06-22 09:51:15,1016.3,1173700
2021-06-22 09:51:17,1016.25,1173925
2021-06-22 09:51:18,1016.55,1173931
2021-06-22 09:51:18,1016.2,1173998
2021-06-22 09:51:19,1016.2,1173998
2021-06-22 09:51:20,1016.15,1174198
2021-06-22 09:51:21,1016.55,1174404
2021-06-22 09:51:23,1016.25,1174406
2021-06-22 09:51:24,1016.2,1174444
2021-06-22 09:51:25,1016.2,1174444
2021-06-22 09:51:26,1016.2,1174447
2021-06-22 09:51:27,1016.65,1174999
2021-06-22 09:51:29,1016.4,1175015
2021-06-22 09:51:30,1016.4,1175015
2021-06-22 09:51:30,1016.9,1175020
2021-06-22 09:51:31,1016.65,1175182
2021-06-22 09:51:32,1016.65,1175382
2021-06-22 09:51:33,1017.3,1175432
2021-06-22 09:51:34,1017.3,1175432
2021-06-22 09:51:35,1016.75,1176659
2021-06-22 09:51:38,1016.5,1177193
2021-06-22 09:51:39,1016.55,1177259
2021-06-22 09:51:40,1016.65,1177270
2021-06-22 09:51:41,1016.65,1177270
2021-06-22 09:51:42,1016.65,1177270
2021-06-22 09:51:43,1016.35,1177320
2021-06-22 09:51:43,1016.65,1177270
2021-06-22 09:51:45,1016.65,1177420
2021-06-22 09:51:46,1016.5,1177430
2021-06-22 09:51:47,1016.95,1177713
2021-06-22 09:51:49,1016.55,1177790
2021-06-22 09:51:50,1016.4,1177912
2021-06-22 09:51:51,1016.85,1178264
2021-06-22 09:51:51,1016.85,1178264
2021-06-22 09:51:52,1016.85,1178272
2021-06-22 09:51:54,1016.85,1178277
2021-06-22 09:51:56,1017.0,1178487
2021-06-22 09:51:57,1016.85,1178588
2021-06-22 09:51:58,1016.85,1178593
2021-06-22 09:51:59,1016.85,1178593
2021-06-22 09:52:00,1016.85,1178885
2021-06-22 09:52:00,1016.85,1178885
2021-06-22 09:52:01,1016.85,1178885
2021-06-22 09:52:02,1016.5,1178937
2021-06-22 09:52:03,1016.5,1179097
2021-06-22 09:52:05,1016.4,1179336
2021-06-22 09:52:06,1016.4,1179336
2021-06-22 09:52:07,1016.75,1179416
2021-06-22 09:52:08,1016.4,1179441
2021-06-22 09:52:09,1016.4,1179451
2021-06-22 09:52:09,1016.4,1179451
2021-06-22 09:52:11,1016.75,1179466
2021-06-22 09:52:12,1016.4,1179649
2021-06-22 09:52:14,1016.4,1179659
2021-06-22 09:52:15,1016.4,1179659
2021-06-22 09:52:16,1016.4,1179659
2021-06-22 09:52:18,1016.25,1179869
2021-06-22 09:52:19,1016.55,1180004
2021-06-22 09:52:20,1016.55,1180109
2021-06-22 09:52:21,1016.55,1180183
2021-06-22 09:52:22,1016.55,1180183
2021-06-22 09:52:23,1016.4,1180510
2021-06-22 09:52:23,1016.4,1180510
2021-06-22 09:52:25,1016.2,1180790
2021-06-22 09:52:26,1016.2,1180790
2021-06-22 09:52:26,1016.2,1180790
2021-06-22 09:52:27,1015.75,1185963
2021-06-22 09:52:28,1015.7,1186069
2021-06-22 09:52:30,1015.6,1186593
2021-06-22 09:52:31,1015.95,1186820
2021-06-22 09:52:32,1016.0,1186967
2021-06-22 09:52:32,1016.0,1186967
2021-06-22 09:52:33,1015.6,1187118
2021-06-22 09:52:34,1015.5,1187498
2021-06-22 09:52:35,1015.7,1188641
2021-06-22 09:52:36,1015.35,1188719
2021-06-22 09:52:38,1015.35,1188769
2021-06-22 09:52:39,1015.75,1188825
2021-06-22 09:52:40,1015.75,1188825
2021-06-22 09:52:41,1015.35,1189184
2021-06-22 09:52:42,1015.35,1189354
2021-06-22 09:52:43,1015.45,1189448
2021-06-22 09:52:43,1015.45,1189448
2021-06-22 09:52:44,1015.25,1189637
2021-06-22 09:52:45,1015.6,1189901
2021-06-22 09:52:46,1015.25,1189922
2021-06-22 09:52:48,1015.25,1190522
2021-06-22 09:52:49,1015.75,1190570
2021-06-22 09:52:50,1015.4,1190588
2021-06-22 09:52:51,1015.4,1190593
2021-06-22 09:52:52,1015.35,1190700
2021-06-22 09:52:53,1015.35,1190772
2021-06-22 09:52:54,1015.35,1190982
2021-06-22 09:52:54,1015.35,1190982
2021-06-22 09:52:55,1015.35,1191132
2021-06-22 09:52:56,1015.6,1191237
2021-06-22 09:52:59,1015.35,1191505
2021-06-22 09:53:00,1015.95,1191624
2021-06-22 09:53:01,1015.45,1191691
2021-06-22 09:53:02,1015.4,1191752
2021-06-22 09:53:03,1015.45,1191902
2021-06-22 09:53:04,1015.45,1191956
2021-06-22 09:53:05,1015.35,1192106
2021-06-22 09:53:05,1015.35,1192110
2021-06-22 09:53:06,1015.8,1192749
2021-06-22 09:53:07,1015.7,1192759
2021-06-22 09:53:08,1015.3,1192856
2021-06-22 09:53:09,1015.7,1192862
2021-06-22 09:53:10,1015.4,1193032
2021-06-22 09:53:12,1015.4,1193032
2021-06-22 09:53:13,1015.45,1193584
2021-06-22 09:53:14,1015.95,1193812
2021-06-22 09:53:15,1015.45,1193914
2021-06-22 09:53:16,1015.6,1193916
2021-06-22 09:53:16,1015.6,1193916
2021-06-22 09:53:17,1016.0,1194356
2021-06-22 09:53:19,1015.45,1194361
2021-06-22 09:53:20,1015.45,1194361
2021-06-22 09:53:21,1015.85,1194790
2021-06-22 09:53:22,1015.45,1194805
2021-06-22 09:53:23,1015.4,1195158
2021-06-22 09:53:24,1015.6,1195274
2021-06-22 09:53:26,1015.45,1195404
2021-06-22 09:53:26,1015.45,1195414
2021-06-22 09:53:27,1015.45,1195414
2021-06-22 09:53:29,1015.45,1195544
2021-06-22 09:53:30,1015.6,1195742
2021-06-22 09:53:31,1015.6,1196042
2021-06-22 09:53:32,1015.6,1196133
2021-06-22 09:53:33,1015.5,1196281
2021-06-22 09:53:34,1015.5,1196281
2021-06-22 09:53:35,1015.95,1196401
2021-06-22 09:53:36,1015.6,1196601
2021-06-22 09:53:37,1015.6,1196601
2021-06-22 09:53:38,1015.6,1196701
2021-06-22 09:53:39,1015.55,1196810
2021-06-22 09:53:40,1015.95,1196811
2021-06-22 09:53:40,1015.95,1196811
2021-06-22 09:53:41,1016.0,1197519
2021-06-22 09:53:43,1015.85,1197572
2021-06-22 09:53:44,1015.85,1197582
2021-06-22 09:53:46,1015.85,1197695
2021-06-22 09:53:46,1015.85,1197695
2021-06-22 09:53:47,1015.75,1197956
2021-06-22 09:53:49,1015.75,1197956
2021-06-22 09:53:50,1016.0,1197978
2021-06-22 09:53:51,1015.65,1198068
2021-06-22 09:53:52,1015.65,1198068
2021-06-22 09:53:53,1015.65,1198068
2021-06-22 09:53:54,1016.15,1198278
2021-06-22 09:53:54,1015.8,1198288
2021-06-22 09:53:55,1016.25,1198355
2021-06-22 09:53:58,1016.4,1198485
2021-06-22 09:53:59,1015.85,1198495
2021-06-22 09:54:00,1015.95,1198570
2021-06-22 09:54:01,1015.85,1198638
2021-06-22 09:54:02,1015.85,1198638
2021-06-22 09:54:04,1015.85,1198638
2021-06-22 09:54:05,1015.85,1198658
2021-06-22 09:54:06,1015.85,1198661
2021-06-22 09:54:06,1016.0,1198671
2021-06-22 09:54:07,1015.95,1198755
2021-06-22 09:54:08,1015.7,1198806
2021-06-22 09:54:09,1015.7,1199017
2021-06-22 09:54:11,1015.85,1199033
2021-06-22 09:54:12,1015.85,1199033
2021-06-22 09:54:13,1015.85,1199033
2021-06-22 09:54:14,1015.6,1199052
2021-06-22 09:54:15,1015.6,1199062
2021-06-22 09:54:16,1015.7,1199071
2021-06-22 09:54:17,1015.7,1199071
2021-06-22 09:54:18,1015.7,1199071
2021-06-22 09:54:18,1015.7,1199071
2021-06-22 09:54:19,1015.5,1199371
2021-06-22 09:54:21,1015.7,1199530
2021-06-22 09:54:22,1015.7,1199534
2021-06-22 09:54:23,1015.7,1199534
2021-06-22 09:54:24,1016.0,1199565
2021-06-22 09:54:24,1015.7,1199555
2021-06-22 09:54:25,1015.7,1199805
2021-06-22 09:54:27,1016.0,1199912
2021-06-22 09:54:28,1016.0,1200422
2021-06-22 09:54:29,1016.1,1200942
2021-06-22 09:54:29,1016.1,1200942
2021-06-22 09:54:30,1016.0,1200979
2021-06-22 09:54:32,1016.0,1201042
2021-06-22 09:54:33,1016.0,1201121
2021-06-22 09:54:34,1016.0,1201142
2021-06-22 09:54:35,1015.7,1201167
2021-06-22 09:54:35,1015.75,1201267
2021-06-22 09:54:36,1015.75,1201267
2021-06-22 09:54:37,1015.7,1201343
2021-06-22 09:54:40,1015.7,1201343
2021-06-22 09:54:41,1015.7,1201343
2021-06-22 09:54:42,1015.75,1201345
2021-06-22 09:54:42,1016.2,1201545
2021-06-22 09:54:43,1015.8,1201546
2021-06-22 09:54:45,1015.8,1201546
2021-06-22 09:54:46,1015.85,1201576
2021-06-22 09:54:47,1015.5,1211481
2021-06-22 09:54:48,1015.5,1211481
2021-06-22 09:54:49,1015.45,1211616
2021-06-22 09:54:50,1015.35,1211716
2021-06-22 09:54:51,1015.35,1211716
2021-06-22 09:54:52,1015.5,1211788
2021-06-22 09:54:53,1015.2,1211908
2021-06-22 09:54:54,1015.2,1212593
2021-06-22 09:54:54,1015.65,1212673
2021-06-22 09:54:56,1015.2,1212811
2021-06-22 09:54:57,1015.15,1213075
2021-06-22 09:54:58,1015.15,1213133
2021-06-22 09:54:59,1015.5,1213134
2021-06-22 09:55:00,1015.15,1213183
2021-06-22 09:55:01,1015.45,1213248
2021-06-22 09:55:01,1015.0,1215490
2021-06-22 09:55:04,1015.15,1215932
2021-06-22 09:55:05,1015.45,1216317
2021-06-22 09:55:06,1015.15,1216323
2021-06-22 09:55:07,1015.15,1216323
2021-06-22 09:55:07,1015.2,1217233
2021-06-22 09:55:08,1015.15,1217372
2021-06-22 09:55:10,1015.15,1217482
2021-06-22 09:55:12,1015.25,1217632
2021-06-22 09:55:13,1015.0,1217837
2021-06-22 09:55:14,1015.15,1217994
2021-06-22 09:55:14,1015.15,1217994
2021-06-22 09:55:16,1015.15,1217994
2021-06-22 09:55:17,1015.1,1219307
2021-06-22 09:55:18,1015.15,1219316
2021-06-22 09:55:19,1015.2,1219375
2021-06-22 09:55:20,1015.05,1219382
2021-06-22 09:55:20,1015.25,1219381
2021-06-22 09:55:21,1015.05,1219382
2021-06-22 09:55:23,1015.0,1219444
2021-06-22 09:55:24,1015.0,1219444
2021-06-22 09:55:25,1015.0,1219514
2021-06-22 09:55:26,1015.0,1219534
2021-06-22 09:55:27,1015.0,1219635
2021-06-22 09:55:27,1015.0,1219635
2021-06-22 09:55:29,1015.25,1219835
2021-06-22 09:55:30,1015.25,1219835
2021-06-22 09:55:32,1015.0,1220194
2021-06-22 09:55:33,1015.0,1220202
2021-06-22 09:55:33,1015.0,1220202
2021-06-22 09:55:35,1015.15,1220324
2021-06-22 09:55:36,1015.0,1220704
2021-06-22 09:55:37,1015.0,1221004
2021-06-22 09:55:38,1015.0,1221065
2021-06-22 09:55:40,1015.5,1221398
2021-06-22 09:55:41,1015.5,1221398
2021-06-22 09:55:42,1015.5,1221398
2021-06-22 09:55:43,1015.5,1221398
2021-06-22 09:55:44,1015.35,1221530
2021-06-22 09:55:45,1015.0,1227715
2021-06-22 09:55:47,1014.35,1228713
2021-06-22 09:55:47,1014.35,1228713
2021-06-22 09:55:49,1014.65,1229041
2021-06-22 09:55:50,1014.25,1229256
2021-06-22 09:55:52,1014.15,1229537
2021-06-22 09:55:52,1014.15,1229537
2021-06-22 09:55:54,1014.55,1229882
2021-06-22 09:55:55,1014.45,1230956
2021-06-22 09:55:56,1014.65,1233323
2021-06-22 09:55:57,1014.15,1233419
2021-06-22 09:55:58,1014.05,1233569
2021-06-22 09:55:59,1014.05,1234080
2021-06-22 09:56:00,1014.35,1234201
2021-06-22 09:56:01,1014.35,1234336
2021-06-22 09:56:01,1014.35,1234336
2021-06-22 09:56:04,1014.4,1234552
2021-06-22 09:56:05,1014.05,1234578
2021-06-22 09:56:06,1014.05,1234578
2021-06-22 09:56:08,1014.6,1235001
2021-06-22 09:56:09,1014.25,1235080
2021-06-22 09:56:10,1014.65,1235324
2021-06-22 09:56:10,1014.65,1235324
2021-06-22 09:56:11,1014.95,1235690
2021-06-22 09:56:13,1014.7,1235797
2021-06-22 09:56:14,1014.7,1235797
2021-06-22 09:56:15,1014.9,1236583
2021-06-22 09:56:16,1014.7,1236644
2021-06-22 09:56:17,1014.7,1237048
2021-06-22 09:56:18,1014.7,1237049
2021-06-22 09:56:19,1014.7,1237049
2021-06-22 09:56:20,1014.7,1237060
2021-06-22 09:56:22,1014.7,1237798
2021-06-22 09:56:23,1014.7,1237912
2021-06-22 09:56:25,1014.6,1241992
2021-06-22 09:56:26,1014.7,1242493
2021-06-22 09:56:27,1014.1,1243139
2021-06-22 09:56:27,1014.6,1242963
2021-06-22 09:56:29,1014.0,1244636
2021-06-22 09:56:30,1014.35,1244687
2021-06-22 09:56:31,1014.15,1244854
2021-06-22 09:56:32,1014.1,1244999
2021-06-22 09:56:32,1014.05,1244935
2021-06-22 09:56:34,1014.0,1245617
2021-06-22 09:56:35,1014.0,1245753
2021-06-22 09:56:36,1014.5,1245817
2021-06-22 09:56:37,1014.05,1246218
2021-06-22 09:56:38,1014.1,1246604
2021-06-22 09:56:39,1014.1,1246604
2021-06-22 09:56:39,1014.1,1246604
2021-06-22 09:56:41,1014.15,1246646
2021-06-22 09:56:42,1014.65,1246873
2021-06-22 09:56:43,1014.2,1246979
2021-06-22 09:56:44,1014.2,1246987
2021-06-22 09:56:45,1014.85,1247088
2021-06-22 09:56:46,1014.2,1247518
2021-06-22 09:56:46,1014.2,1247518
2021-06-22 09:56:48,1014.65,1247519
2021-06-22 09:56:49,1014.8,1247569
2021-06-22 09:56:50,1014.2,1247770
2021-06-22 09:56:51,1014.65,1247771
2021-06-22 09:56:51,1014.65,1247771
2021-06-22 09:56:53,1014.55,1248878
2021-06-22 09:56:54,1014.55,1248936
2021-06-22 09:56:55,1014.9,1250033
2021-06-22 09:56:56,1014.55,1250107
2021-06-22 09:56:57,1015.0,1250384
2021-06-22 09:56:58,1014.85,1250385
2021-06-22 09:57:00,1015.0,1250609
2021-06-22 09:57:01,1015.0,1250609
2021-06-22 09:57:03,1015.0,1250660
2021-06-22 09:57:02,1014.65,1250610
2021-06-22 09:57:04,1015.0,1250660
2021-06-22 09:57:05,1015.0,1250686
2021-06-22 09:57:06,1014.8,1251677
2021-06-22 09:57:09,1015.2,1251838
2021-06-22 09:57:10,1015.2,1251838
2021-06-22 09:57:11,1015.15,1251849
2021-06-22 09:57:12,1015.15,1251849
2021-06-22 09:57:14,1015.15,1251851
2021-06-22 09:57:15,1015.55,1251971
2021-06-22 09:57:16,1015.2,1251996
2021-06-22 09:57:17,1015.2,1251996
2021-06-22 09:57:18,1015.2,1251996
2021-06-22 09:57:19,1015.65,1252006
2021-06-22 09:57:21,1015.55,1252016
2021-06-22 09:57:23,1015.45,1252066
2021-06-22 09:57:24,1015.45,1252066
2021-06-22 09:57:25,1015.25,1252076
2021-06-22 09:57:26,1015.65,1252376
2021-06-22 09:57:27,1015.65,1252376
2021-06-22 09:57:28,1015.65,1252376
2021-06-22 09:57:29,1015.45,1252406
2021-06-22 09:57:30,1015.7,1252606
2021-06-22 09:57:31,1015.65,1252657
2021-06-22 09:57:32,1015.45,1252658
2021-06-22 09:57:33,1015.45,1252658
2021-06-22 09:57:34,1015.45,1252658
2021-06-22 09:57:35,1015.45,1252658
2021-06-22 09:57:36,1015.45,1252658
2021-06-22 09:57:37,1015.45,1252658
2021-06-22 09:57:38,1015.65,1252813
2021-06-22 09:57:39,1015.65,1252813
2021-06-22 09:57:40,1015.5,1252817
2021-06-22 09:57:41,1015.5,1252868
2021-06-22 09:57:42,1015.65,1252878
2021-06-22 09:57:43,1015.65,1252883
2021-06-22 09:57:44,1015.65,1252984
2021-06-22 09:57:45,1015.5,1253024
2021-06-22 09:57:46,1015.5,1253024
2021-06-22 09:57:47,1015.65,1253069
2021-06-22 09:57:48,1015.65,1253074
2021-06-22 09:57:49,1015.65,1253507
2021-06-22 09:57:50,1015.5,1253509
2021-06-22 09:57:51,1015.5,1253509
2021-06-22 09:57:52,1015.5,1253710
2021-06-22 09:57:53,1015.95,1254240
2021-06-22 09:57:54,1015.95,1254240
2021-06-22 09:57:56,1016.0,1254322
2021-06-22 09:57:57,1015.95,1254323
2021-06-22 09:57:58,1016.15,1254443
2021-06-22 09:57:59,1016.15,1254443
2021-06-22 09:58:00,1016.15,1254443
2021-06-22 09:58:01,1016.0,1254483
2021-06-22 09:58:02,1016.0,1254483
2021-06-22 09:58:03,1015.7,1254484
2021-06-22 09:58:04,1015.6,1255494
2021-06-22 09:58:06,1016.25,1256177
2021-06-22 09:58:07,1016.0,1256199
2021-06-22 09:58:08,1015.9,1256208
2021-06-22 09:58:09,1015.8,1256286
2021-06-22 09:58:11,1015.8,1256286
2021-06-22 09:58:12,1015.8,1256286
2021-06-22 09:58:14,1016.3,1256346
2021-06-22 09:58:15,1015.9,1256379
2021-06-22 09:58:16,1015.9,1256379
2021-06-22 09:58:17,1015.9,1256379
2021-06-22 09:58:18,1015.9,1256379
2021-06-22 09:58:19,1016.1,1256418
2021-06-22 09:58:20,1015.65,1257389
2021-06-22 09:58:21,1015.5,1257455
2021-06-22 09:58:22,1015.5,1257455
2021-06-22 09:58:23,1015.85,1257506
2021-06-22 09:58:24,1015.85,1257506
2021-06-22 09:58:25,1015.85,1257506
2021-06-22 09:58:27,1015.5,1257556
2021-06-22 09:58:26,1015.5,1257556
2021-06-22 09:58:28,1015.5,1257626
2021-06-22 09:58:29,1015.5,1257626
2021-06-22 09:58:30,1015.5,1257726
2021-06-22 09:58:31,1015.8,1257751
2021-06-22 09:58:33,1015.8,1257751
2021-06-22 09:58:34,1015.8,1257751
2021-06-22 09:58:35,1015.8,1257760
2021-06-22 09:58:36,1015.8,1257760
2021-06-22 09:58:37,1015.8,1257760
2021-06-22 09:58:38,1015.8,1257760
2021-06-22 09:58:39,1015.8,1257760
2021-06-22 09:58:40,1015.95,1258660
2021-06-22 09:58:41,1015.95,1258660
2021-06-22 09:58:42,1015.95,1258670
2021-06-22 09:58:43,1015.95,1258670
2021-06-22 09:58:44,1015.95,1258699
2021-06-22 09:58:45,1015.95,1258699
2021-06-22 09:58:46,1015.7,1258824
2021-06-22 09:58:48,1015.95,1258825
2021-06-22 09:58:49,1015.95,1258825
2021-06-22 09:58:50,1015.95,1258825
2021-06-22 09:58:51,1015.95,1258825
2021-06-22 09:58:52,1015.95,1258825
2021-06-22 09:58:53,1015.7,1258835
2021-06-22 09:58:55,1015.8,1258864
2021-06-22 09:58:56,1015.7,1258983
2021-06-22 09:58:57,1015.8,1258993
2021-06-22 09:58:58,1015.95,1259293
2021-06-22 09:58:59,1015.7,1259592
2021-06-22 09:59:00,1015.7,1259592
2021-06-22 09:59:01,1015.7,1259592
2021-06-22 09:59:02,1015.7,1259593
2021-06-22 09:59:03,1015.8,1259622
2021-06-22 09:59:04,1015.7,1259722
2021-06-22 09:59:05,1015.7,1259806
2021-06-22 09:59:06,1015.7,1259821
2021-06-22 09:59:07,1015.95,1260051
2021-06-22 09:59:08,1015.95,1260051
2021-06-22 09:59:09,1015.7,1260052
2021-06-22 09:59:10,1015.95,1260077
2021-06-22 09:59:11,1015.95,1260106
2021-06-22 09:59:13,1015.75,1260115
2021-06-22 09:59:13,1015.75,1260115
2021-06-22 09:59:14,1015.9,1261020
2021-06-22 09:59:15,1016.3,1261022
2021-06-22 09:59:16,1015.8,1261222
2021-06-22 09:59:17,1015.8,1261222
2021-06-22 09:59:19,1015.95,1261277
2021-06-22 09:59:20,1015.95,1261277
2021-06-22 09:59:21,1015.95,1261277
2021-06-22 09:59:22,1015.95,1261282
2021-06-22 09:59:25,1016.2,1261502
2021-06-22 09:59:26,1015.95,1261552
2021-06-22 09:59:27,1015.95,1261611
2021-06-22 09:59:28,1015.9,1261761
2021-06-22 09:59:29,1015.9,1261761
2021-06-22 09:59:30,1016.0,1262661
2021-06-22 09:59:32,1015.85,1262806
2021-06-22 09:59:33,1015.85,1262881
2021-06-22 09:59:33,1015.85,1262881
2021-06-22 09:59:34,1016.0,1263202
2021-06-22 09:59:35,1015.8,1263217
2021-06-22 09:59:36,1015.8,1263217
2021-06-22 09:59:37,1016.0,1263227
2021-06-22 09:59:38,1016.0,1264255
2021-06-22 09:59:40,1016.0,1264451
2021-06-22 09:59:40,1016.0,1264451
2021-06-22 09:59:41,1015.85,1264473
2021-06-22 09:59:42,1015.85,1264473
2021-06-22 09:59:43,1016.1,1264502
2021-06-22 09:59:44,1016.1,1264502
2021-06-22 09:59:45,1016.1,1264576
2021-06-22 09:59:47,1016.1,1264576
2021-06-22 09:59:47,1016.1,1264576
2021-06-22 09:59:48,1016.1,1264576
2021-06-22 09:59:49,1016.1,1264586
2021-06-22 09:59:50,1016.1,1264586
2021-06-22 09:59:51,1015.8,1264925
2021-06-22 09:59:52,1015.7,1265158
2021-06-22 09:59:54,1015.7,1265268
2021-06-22 09:59:54,1015.7,1265268
2021-06-22 09:59:55,1015.7,1265268
2021-06-22 09:59:57,1015.7,1265268
2021-06-22 09:59:58,1015.7,1265437
2021-06-22 09:59:59,1015.7,1265437
2021-06-22 10:00:01,1015.65,1265445
2021-06-22 10:00:01,1016.0,1265675
2021-06-22 10:00:02,1016.0,1265675
2021-06-22 10:00:03,1016.0,1265675
2021-06-22 10:00:04,1016.0,1265675
2021-06-22 10:00:05,1016.0,1265675
2021-06-22 10:00:06,1016.0,1265675
2021-06-22 10:00:07,1016.0,1265675
2021-06-22 10:00:09,1016.0,1265675
2021-06-22 10:00:10,1016.0,1265675
2021-06-22 10:00:11,1016.0,1265675
2021-06-22 10:00:11,1016.0,1265675
2021-06-22 10:00:12,1016.0,1265675
2021-06-22 10:00:13,1016.0,1265675
2021-06-22 10:00:14,1015.7,1265677
2021-06-22 10:00:15,1015.7,1265688
2021-06-22 10:00:16,1015.7,1265688
2021-06-22 10:00:17,1015.7,1265688
2021-06-22 10:00:20,1016.0,1266588
2021-06-22 10:00:21,1016.0,1266588
2021-06-22 10:00:21,1016.0,1266588
2021-06-22 10:00:23,1016.0,1266589
2021-06-22 10:00:24,1015.7,1266609
2021-06-22 10:00:25,1016.0,1266614
2021-06-22 10:00:27,1015.7,1266656
2021-06-22 10:00:27,1015.7,1266656
2021-06-22 10:00:28,1015.7,1266656
2021-06-22 10:00:29,1015.6,1266686
2021-06-22 10:00:30,1015.5,1266716
2021-06-22 10:00:31,1015.7,1266874
2021-06-22 10:00:32,1015.55,1266926
2021-06-22 10:00:34,1015.55,1266926
2021-06-22 10:00:35,1015.9,1267026
2021-06-22 10:00:35,1015.9,1267026
2021-06-22 10:00:36,1015.4,1267301
2021-06-22 10:00:38,1015.55,1267548
2021-06-22 10:00:39,1015.4,1268048
2021-06-22 10:00:40,1015.8,1268096
2021-06-22 10:00:41,1015.8,1268096
2021-06-22 10:00:43,1015.8,1268096
2021-06-22 10:00:43,1015.8,1268096
2021-06-22 10:00:44,1015.8,1268096
2021-06-22 10:00:46,1015.85,1268356
2021-06-22 10:00:47,1015.85,1268413
2021-06-22 10:00:50,1015.85,1269469
2021-06-22 10:00:51,1015.5,1269699
2021-06-22 10:00:53,1015.55,1269767
2021-06-22 10:00:55,1015.55,1269767
2021-06-22 10:00:56,1015.55,1269767
2021-06-22 10:00:57,1016.0,1270245
2021-06-22 10:00:58,1015.85,1270255
2021-06-22 10:00:59,1015.85,1270255
2021-06-22 10:01:00,1015.9,1270455
2021-06-22 10:01:00,1015.9,1270455
2021-06-22 10:01:01,1016.0,1270465
2021-06-22 10:01:02,1016.1,1270633
2021-06-22 10:01:03,1016.0,1271205
2021-06-22 10:01:06,1015.75,1271286
2021-06-22 10:01:07,1015.75,1271326
2021-06-22 10:01:07,1015.75,1271826
2021-06-22 10:01:08,1015.75,1271826
2021-06-22 10:01:09,1015.85,1271909
2021-06-22 10:01:11,1016.0,1272607
2021-06-22 10:01:12,1016.1,1272617
2021-06-22 10:01:14,1015.85,1272904
2021-06-22 10:01:14,1015.85,1272904
2021-06-22 10:01:15,1015.85,1272904
2021-06-22 10:01:16,1015.85,1272904
2021-06-22 10:01:18,1015.85,1272904
2021-06-22 10:01:19,1015.7,1273054
2021-06-22 10:01:20,1015.7,1273054
2021-06-22 10:01:21,1015.7,1273054
2021-06-22 10:01:22,1016.0,1273055
2021-06-22 10:01:24,1015.6,1273279
2021-06-22 10:01:25,1015.7,1273384
2021-06-22 10:01:26,1016.0,1273557
2021-06-22 10:01:26,1016.0,1273557
2021-06-22 10:01:27,1016.0,1273557
2021-06-22 10:01:28,1016.0,1273557
2021-06-22 10:01:29,1016.1,1273567
2021-06-22 10:01:31,1016.1,1273567
2021-06-22 10:01:32,1016.0,1273571
2021-06-22 10:01:33,1016.0,1273571
2021-06-22 10:01:34,1016.0,1273571
2021-06-22 10:01:35,1016.0,1273571
2021-06-22 10:01:37,1016.0,1273571
2021-06-22 10:01:38,1016.0,1273571
2021-06-22 10:01:39,1016.1,1274181
2021-06-22 10:01:40,1015.8,1274268
2021-06-22 10:01:40,1015.95,1274717
2021-06-22 10:01:41,1015.95,1274802
2021-06-22 10:01:43,1015.95,1274806
2021-06-22 10:01:44,1015.95,1275006
2021-06-22 10:01:45,1016.0,1275016
2021-06-22 10:01:46,1016.0,1275016
2021-06-22 10:01:47,1016.0,1275016
2021-06-22 10:01:47,1016.0,1275066
2021-06-22 10:01:48,1016.35,1275094
2021-06-22 10:01:49,1016.3,1275375
2021-06-22 10:01:50,1016.3,1275428
2021-06-22 10:01:51,1016.3,1275490
2021-06-22 10:01:53,1016.25,1275570
2021-06-22 10:01:54,1016.9,1275947
2021-06-22 10:01:55,1016.25,1276547
2021-06-22 10:01:56,1016.25,1276547
2021-06-22 10:01:57,1016.2,1276679
2021-06-22 10:01:59,1016.7,1276683
2021-06-22 10:02:00,1016.85,1276920
2021-06-22 10:02:01,1016.85,1276920
2021-06-22 10:02:02,1016.8,1277894
2021-06-22 10:02:04,1016.4,1277979
2021-06-22 10:02:05,1016.4,1277983
2021-06-22 10:02:05,1016.4,1277983
2021-06-22 10:02:06,1016.35,1277993
2021-06-22 10:02:07,1016.4,1278064
2021-06-22 10:02:08,1016.4,1278064
2021-06-22 10:02:10,1016.35,1278164
2021-06-22 10:02:11,1017.0,1279264
2021-06-22 10:02:12,1017.0,1279264
2021-06-22 10:02:12,1017.6,1280916
2021-06-22 10:02:13,1017.6,1280916
2021-06-22 10:02:14,1017.6,1280918
2021-06-22 10:02:15,1017.85,1281387
2021-06-22 10:02:16,1017.85,1281387
2021-06-22 10:02:17,1017.6,1281661
2021-06-22 10:02:18,1018.0,1282801
2021-06-22 10:02:19,1018.0,1283358
2021-06-22 10:02:20,1017.65,1283783
2021-06-22 10:02:21,1017.95,1283798
2021-06-22 10:02:22,1018.0,1283898
2021-06-22 10:02:24,1018.0,1283898
2021-06-22 10:02:25,1018.2,1284316
2021-06-22 10:02:25,1018.2,1284316
2021-06-22 10:02:26,1018.25,1284336
2021-06-22 10:02:27,1018.2,1284340
2021-06-22 10:02:28,1017.7,1284540
2021-06-22 10:02:29,1018.25,1284550
2021-06-22 10:02:31,1018.25,1284550
2021-06-22 10:02:32,1018.0,1285161
2021-06-22 10:02:33,1018.25,1285210
2021-06-22 10:02:34,1018.0,1285381
2021-06-22 10:02:35,1017.8,1285657
2021-06-22 10:02:36,1018.2,1285757
2021-06-22 10:02:37,1017.75,1285807
2021-06-22 10:02:38,1016.85,1286233
2021-06-22 10:02:40,1016.95,1286309
2021-06-22 10:02:41,1017.75,1286459
2021-06-22 10:02:41,1016.95,1286309
2021-06-22 10:02:42,1017.75,1286459
2021-06-22 10:02:43,1017.85,1286665
2021-06-22 10:02:44,1017.25,1286705
2021-06-22 10:02:45,1017.25,1286705
2021-06-22 10:02:47,1017.25,1286705
2021-06-22 10:02:48,1017.7,1286710
2021-06-22 10:02:48,1017.7,1286710
2021-06-22 10:02:50,1017.7,1286710
2021-06-22 10:02:51,1016.6,1286780
2021-06-22 10:02:52,1016.6,1286780
2021-06-22 10:02:54,1016.85,1286813
2021-06-22 10:02:55,1016.95,1286913
2021-06-22 10:02:55,1016.95,1286913
2021-06-22 10:02:57,1016.7,1287614
2021-06-22 10:02:58,1016.4,1287681
2021-06-22 10:03:01,1016.7,1287865
2021-06-22 10:03:02,1016.7,1287865
2021-06-22 10:03:03,1016.7,1287865
2021-06-22 10:03:04,1016.4,1288203
2021-06-22 10:03:05,1016.3,1288428
2021-06-22 10:03:06,1016.1,1288628
2021-06-22 10:03:08,1016.7,1288725
2021-06-22 10:03:09,1016.25,1288975
2021-06-22 10:03:10,1016.25,1288975
2021-06-22 10:03:11,1016.0,1289144
2021-06-22 10:03:12,1016.05,1289169
2021-06-22 10:03:13,1016.05,1289169
2021-06-22 10:03:15,1016.05,1289169
2021-06-22 10:03:16,1016.1,1289181
2021-06-22 10:03:17,1016.1,1289181
2021-06-22 10:03:18,1016.55,1289486
2021-06-22 10:03:18,1016.55,1289646
2021-06-22 10:03:19,1016.1,1289736
2021-06-22 10:03:20,1016.65,1289897
2021-06-22 10:03:21,1016.65,1289897
2021-06-22 10:03:23,1016.65,1289897
2021-06-22 10:03:24,1016.2,1290249
2021-06-22 10:03:25,1016.2,1290718
2021-06-22 10:03:25,1016.25,1290818
2021-06-22 10:03:26,1016.0,1290879
2021-06-22 10:03:27,1016.35,1290979
2021-06-22 10:03:28,1016.45,1291089
2021-06-22 10:03:32,1016.4,1291151
2021-06-22 10:03:33,1016.4,1291151
2021-06-22 10:03:34,1016.55,1291152
2021-06-22 10:03:35,1016.55,1291152
2021-06-22 10:03:37,1016.55,1291152
2021-06-22 10:03:39,1016.3,1291153
2021-06-22 10:03:39,1016.3,1291153
2021-06-22 10:03:40,1016.3,1291153
2021-06-22 10:03:42,1015.95,1291653
2021-06-22 10:03:43,1016.1,1291665
2021-06-22 10:03:44,1016.1,1291665
2021-06-22 10:03:45,1015.8,1292145
2021-06-22 10:03:46,1015.95,1292308
2021-06-22 10:03:47,1015.95,1292308
2021-06-22 10:03:48,1015.95,1292308
2021-06-22 10:03:49,1015.85,1292483
2021-06-22 10:03:50,1016.2,1292596
2021-06-22 10:03:51,1016.2,1292676
2021-06-22 10:03:52,1015.8,1292695
2021-06-22 10:03:54,1015.8,1292695
2021-06-22 10:03:55,1015.85,1292700
2021-06-22 10:03:57,1016.2,1292722
2021-06-22 10:03:58,1016.2,1292722
2021-06-22 10:03:59,1016.2,1292722
2021-06-22 10:04:02,1015.85,1293030
2021-06-22 10:04:03,1016.2,1293230
2021-06-22 10:04:04,1015.75,1293235
2021-06-22 10:04:05,1015.75,1293241
2021-06-22 10:04:05,1015.75,1293241
2021-06-22 10:04:06,1016.0,1293330
2021-06-22 10:04:07,1016.0,1293330
2021-06-22 10:04:08,1016.2,1293430
2021-06-22 10:04:10,1016.3,1293530
2021-06-22 10:04:11,1016.0,1293580
2021-06-22 10:04:11,1016.0,1293580
2021-06-22 10:04:14,1016.2,1293812
2021-06-22 10:04:15,1016.2,1293871
2021-06-22 10:04:16,1016.05,1293971
2021-06-22 10:04:17,1016.05,1293971
2021-06-22 10:04:17,1016.05,1293971
2021-06-22 10:04:18,1016.2,1294446
2021-06-22 10:04:19,1016.3,1294486
2021-06-22 10:04:20,1016.3,1294486
2021-06-22 10:04:21,1015.95,1294516
2021-06-22 10:04:22,1015.95,1294516
2021-06-22 10:04:24,1015.95,1294516
2021-06-22 10:04:25,1015.95,1294516
2021-06-22 10:04:26,1016.1,1294517
2021-06-22 10:04:27,1016.1,1294517
2021-06-22 10:04:28,1016.1,1294517
2021-06-22 10:04:28,1016.1,1294517
2021-06-22 10:04:29,1016.05,1294882
2021-06-22 10:04:30,1016.1,1294938
2021-06-22 10:04:31,1016.45,1294940
2021-06-22 10:04:33,1016.1,1294955
2021-06-22 10:04:34,1016.45,1294958
2021-06-22 10:04:35,1016.45,1294958
2021-06-22 10:04:36,1016.1,1294967
2021-06-22 10:04:37,1016.45,1294997
2021-06-22 10:04:38,1016.2,1294998
2021-06-22 10:04:39,1016.2,1294998
2021-06-22 10:04:40,1016.45,1295198
2021-06-22 10:04:42,1016.5,1295200
2021-06-22 10:04:43,1016.5,1295200
2021-06-22 10:04:44,1016.3,1295201
2021-06-22 10:04:45,1016.3,1295201
2021-06-22 10:04:45,1016.3,1295201
2021-06-22 10:04:46,1016.3,1295201
2021-06-22 10:04:48,1016.5,1295301
2021-06-22 10:04:49,1016.5,1295301
2021-06-22 10:04:50,1016.45,1295311
2021-06-22 10:04:51,1016.5,1295726
2021-06-22 10:04:51,1016.5,1295726
2021-06-22 10:04:52,1016.2,1295746
2021-06-22 10:04:53,1016.3,1295756
2021-06-22 10:04:55,1016.3,1295758
2021-06-22 10:04:56,1016.3,1295758
2021-06-22 10:04:57,1016.3,1295758
2021-06-22 10:04:58,1016.3,1295758
2021-06-22 10:04:58,1016.3,1295758
2021-06-22 10:05:00,1016.3,1296263
2021-06-22 10:05:01,1016.3,1296447
2021-06-22 10:05:02,1016.35,1296484
2021-06-22 10:05:04,1016.35,1296584
2021-06-22 10:05:05,1016.35,1296584
2021-06-22 10:05:06,1016.35,1296594
2021-06-22 10:05:07,1016.3,1296614
2021-06-22 10:05:07,1016.3,1296614
2021-06-22 10:05:08,1016.5,1296714
2021-06-22 10:05:11,1016.35,1296824
2021-06-22 10:05:12,1016.35,1296895
2021-06-22 10:05:13,1016.35,1296895
2021-06-22 10:05:14,1016.35,1296895
2021-06-22 10:05:15,1016.35,1296905
2021-06-22 10:05:15,1016.35,1296905
2021-06-22 10:05:16,1016.5,1296906
2021-06-22 10:05:17,1016.5,1296906
2021-06-22 10:05:19,1016.5,1296917
2021-06-22 10:05:20,1016.4,1296921
2021-06-22 10:05:21,1016.4,1296940
2021-06-22 10:05:22,1016.35,1297050
2021-06-22 10:05:22,1016.35,1297060
2021-06-22 10:05:23,1016.35,1297062
2021-06-22 10:05:24,1016.3,1297975
2021-06-22 10:05:25,1016.3,1298048
2021-06-22 10:05:26,1016.3,1298134
2021-06-22 10:05:28,1016.3,1299989
2021-06-22 10:05:29,1016.2,1300106
2021-06-22 10:05:30,1016.0,1300259
2021-06-22 10:05:31,1016.45,1301491
2021-06-22 10:05:32,1016.1,1301494
2021-06-22 10:05:33,1015.9,1301790
2021-06-22 10:05:34,1015.85,1301891
2021-06-22 10:05:35,1015.85,1301891
2021-06-22 10:05:36,1015.85,1301901
2021-06-22 10:05:37,1015.85,1301901
2021-06-22 10:05:38,1015.85,1301901
2021-06-22 10:05:40,1016.0,1301914
2021-06-22 10:05:41,1016.0,1301914
2021-06-22 10:05:42,1016.4,1301916
2021-06-22 10:05:43,1016.4,1301916
2021-06-22 10:05:44,1016.4,1301916
2021-06-22 10:05:45,1015.95,1302016
2021-06-22 10:05:46,1015.95,1302057
2021-06-22 10:05:47,1015.95,1302264
2021-06-22 10:05:47,1015.95,1302264
2021-06-22 10:05:49,1015.95,1302264
2021-06-22 10:05:50,1016.15,1302266
2021-06-22 10:05:51,1016.15,1302266
2021-06-22 10:05:52,1016.15,1302266
2021-06-22 10:05:53,1016.15,1302266
2021-06-22 10:05:54,1016.15,1302266
2021-06-22 10:05:55,1016.15,1302266
2021-06-22 10:05:56,1016.15,1302266
2021-06-22 10:05:57,1016.15,1302266
2021-06-22 10:05:58,1016.15,1302310
2021-06-22 10:06:00,1016.15,1302410
2021-06-22 10:06:01,1016.15,1302410
2021-06-22 10:06:02,1016.15,1302618
2021-06-22 10:06:03,1016.1,1302676
2021-06-22 10:06:04,1016.15,1302677
2021-06-22 10:06:04,1016.15,1302677
2021-06-22 10:06:05,1016.15,1302677
2021-06-22 10:06:06,1016.15,1302677
2021-06-22 10:06:09,1015.75,1302782
2021-06-22 10:06:11,1016.25,1302797
2021-06-22 10:06:12,1016.25,1302797
2021-06-22 10:06:13,1016.45,1303787
2021-06-22 10:06:14,1016.45,1303787
2021-06-22 10:06:15,1016.45,1303787
2021-06-22 10:06:16,1016.55,1305962
2021-06-22 10:06:17,1016.9,1306036
2021-06-22 10:06:18,1016.6,1306076
2021-06-22 10:06:19,1016.55,1306110
2021-06-22 10:06:19,1017.0,1306310
2021-06-22 10:06:21,1016.55,1306395
2021-06-22 10:06:22,1016.55,1306395
2021-06-22 10:06:23,1017.0,1306505
2021-06-22 10:06:24,1017.0,1306505
2021-06-22 10:06:25,1017.0,1306567
2021-06-22 10:06:26,1017.0,1306567
2021-06-22 10:06:27,1017.0,1306567
2021-06-22 10:06:27,1017.0,1306567
2021-06-22 10:06:29,1017.0,1306568
2021-06-22 10:06:30,1016.95,1307097
2021-06-22 10:06:31,1016.95,1307097
2021-06-22 10:06:32,1016.7,1307181
2021-06-22 10:06:32,1016.7,1307181
2021-06-22 10:06:34,1016.7,1307181
2021-06-22 10:06:35,1016.7,1307181
2021-06-22 10:06:37,1016.65,1307192
2021-06-22 10:06:39,1017.25,1307530
2021-06-22 10:06:41,1017.15,1307540
2021-06-22 10:06:42,1017.15,1307540
2021-06-22 10:06:43,1016.85,1307616
2021-06-22 10:06:44,1016.85,1307616
2021-06-22 10:06:44,1016.85,1307616
2021-06-22 10:06:45,1016.8,1307706
2021-06-22 10:06:47,1016.8,1307706
2021-06-22 10:06:48,1016.8,1307706
2021-06-22 10:06:49,1016.8,1307706
2021-06-22 10:06:50,1016.8,1307706
2021-06-22 10:06:51,1016.8,1307716
2021-06-22 10:06:53,1017.25,1307793
2021-06-22 10:06:54,1017.2,1307798
2021-06-22 10:06:55,1017.2,1307869
2021-06-22 10:06:56,1017.2,1307869
2021-06-22 10:06:58,1016.8,1307969
2021-06-22 10:07:00,1016.95,1307986
2021-06-22 10:07:01,1017.0,1308096
2021-06-22 10:07:02,1017.25,1308101
2021-06-22 10:07:03,1017.35,1308251
2021-06-22 10:07:04,1017.0,1308280
2021-06-22 10:07:04,1017.0,1308280
2021-06-22 10:07:06,1017.0,1308280
2021-06-22 10:07:07,1017.0,1308280
2021-06-22 10:07:08,1017.0,1308585
2021-06-22 10:07:09,1017.0,1308645
2021-06-22 10:07:10,1017.0,1308645
2021-06-22 10:07:11,1017.0,1308645
2021-06-22 10:07:13,1017.0,1308650
2021-06-22 10:07:14,1017.3,1308653
2021-06-22 10:07:15,1017.3,1308653
2021-06-22 10:07:16,1017.3,1308653
2021-06-22 10:07:16,1017.3,1308653
2021-06-22 10:07:19,1017.3,1308653
2021-06-22 10:07:20,1017.3,1308653
2021-06-22 10:07:21,1017.25,1308680
2021-06-22 10:07:23,1017.25,1308680
2021-06-22 10:07:23,1017.25,1308680
2021-06-22 10:07:25,1017.25,1308680
2021-06-22 10:07:27,1017.0,1308751
2021-06-22 10:07:28,1017.0,1308751
2021-06-22 10:07:29,1017.0,1308751
2021-06-22 10:07:29,1017.0,1308751
2021-06-22 10:07:31,1017.3,1308883
2021-06-22 10:07:32,1017.5,1308928
2021-06-22 10:07:34,1017.85,1309478
2021-06-22 10:07:34,1017.85,1309478
2021-06-22 10:07:36,1017.35,1309928
2021-06-22 10:07:37,1017.7,1310100
2021-06-22 10:07:38,1017.75,1310147
2021-06-22 10:07:39,1017.75,1310147
2021-06-22 10:07:40,1017.3,1310300
2021-06-22 10:07:42,1017.55,1310712
2021-06-22 10:07:43,1017.4,1310786
2021-06-22 10:07:44,1017.4,1310786
2021-06-22 10:07:45,1017.4,1310786
2021-06-22 10:07:46,1017.4,1310836
2021-06-22 10:07:47,1017.65,1310862
2021-06-22 10:07:48,1017.8,1310887
2021-06-22 10:07:50,1017.4,1310889
2021-06-22 10:07:51,1017.4,1310889
2021-06-22 10:07:52,1017.5,1310908
2021-06-22 10:07:53,1017.5,1310908
2021-06-22 10:07:56,1017.5,1310996
2021-06-22 10:07:55,1017.5,1310996
2021-06-22 10:07:57,1017.8,1311031
2021-06-22 10:07:58,1017.8,1311031
2021-06-22 10:07:59,1017.8,1311031
2021-06-22 10:08:01,1017.5,1311173
2021-06-22 10:08:00,1017.5,1311173
2021-06-22 10:08:02,1017.5,1311316
2021-06-22 10:08:04,1017.5,1311671
2021-06-22 10:08:06,1017.5,1311676
2021-06-22 10:08:05,1017.5,1311676
2021-06-22 10:08:07,1017.4,1311857
2021-06-22 10:08:08,1017.4,1311866
2021-06-22 10:08:09,1017.4,1311866
2021-06-22 10:08:11,1017.5,1311916
2021-06-22 10:08:10,1017.5,1311916
2021-06-22 10:08:12,1017.5,1311916
2021-06-22 10:08:14,1017.5,1313748
2021-06-22 10:08:16,1017.5,1313891
2021-06-22 10:08:15,1017.5,1313891
2021-06-22 10:08:17,1017.5,1314160
2021-06-22 10:08:18,1017.5,1314160
2021-06-22 10:08:20,1017.65,1314170
2021-06-22 10:08:21,1017.7,1314471
2021-06-22 10:08:22,1017.7,1314472
2021-06-22 10:08:23,1017.85,1314539
2021-06-22 10:08:24,1017.85,1314843
2021-06-22 10:08:25,1017.85,1314889
2021-06-22 10:08:28,1017.85,1315283
2021-06-22 10:08:29,1017.85,1315283
2021-06-22 10:08:30,1018.0,1316389
2021-06-22 10:08:31,1018.0,1316637
2021-06-22 10:08:32,1018.0,1316637
