timestamp,ltp,volume
2021-06-22 09:16:35,1505.3,136293
2021-06-22 09:16:36,1506.5,136435
2021-06-22 09:16:37,1506.0,136752
2021-06-22 09:16:39,1505.5,138586
2021-06-22 09:16:40,1505.55,138705
2021-06-22 09:16:41,1506.45,139588
2021-06-22 09:16:42,1505.85,142217
2021-06-22 09:16:45,1506.4,145785
2021-06-22 09:16:46,1506.4,146629
2021-06-22 09:16:47,1506.3,150902
2021-06-22 09:16:48,1507.0,152364
2021-06-22 09:16:49,1506.35,154034
2021-06-22 09:16:50,1506.75,154127
2021-06-22 09:16:50,1506.35,155243
2021-06-22 09:16:51,1506.7,156723
2021-06-22 09:16:52,1506.65,158254
2021-06-22 09:16:53,1506.95,159056
2021-06-22 09:16:54,1506.65,160162
2021-06-22 09:16:55,1506.35,161117
2021-06-22 09:16:56,1506.9,161225
2021-06-22 09:16:57,1506.3,162206
2021-06-22 09:16:58,1506.35,164475
2021-06-22 09:16:59,1506.2,166547
2021-06-22 09:17:00,1506.2,166678
2021-06-22 09:17:02,1505.25,167771
2021-06-22 09:17:02,1505.0,168339
2021-06-22 09:17:03,1505.25,168808
2021-06-22 09:17:04,1505.25,168960
2021-06-22 09:17:05,1505.8,169748
2021-06-22 09:17:06,1505.75,170268
2021-06-22 09:17:08,1505.4,170942
2021-06-22 09:17:08,1505.45,170787
2021-06-22 09:17:10,1506.05,172590
2021-06-22 09:17:11,1505.8,172598
2021-06-22 09:17:13,1505.75,172798
2021-06-22 09:17:13,1505.6,172815
2021-06-22 09:17:14,1505.0,174495
2021-06-22 09:17:15,1505.0,180642
2021-06-22 09:17:16,1504.75,182119
2021-06-22 09:17:17,1504.55,182635
2021-06-22 09:17:19,1504.5,183186
2021-06-22 09:17:19,1504.75,183290
2021-06-22 09:17:20,1504.75,183312
2021-06-22 09:17:21,1505.65,185244
2021-06-22 09:17:22,1505.55,186373
2021-06-22 09:17:23,1505.05,186628
2021-06-22 09:17:24,1505.55,187809
2021-06-22 09:17:25,1505.0,188160
2021-06-22 09:17:27,1505.0,188510
2021-06-22 09:17:27,1505.05,188651
2021-06-22 09:17:28,1505.1,189809
2021-06-22 09:17:29,1505.55,189815
2021-06-22 09:17:30,1505.55,190363
2021-06-22 09:17:31,1505.65,190583
2021-06-22 09:17:32,1505.0,190835
2021-06-22 09:17:34,1505.5,191607
2021-06-22 09:17:34,1505.4,191638
2021-06-22 09:17:36,1504.95,194270
2021-06-22 09:17:37,1505.05,195172
2021-06-22 09:17:38,1505.5,195620
2021-06-22 09:17:39,1505.4,195677
2021-06-22 09:17:40,1505.0,196026
2021-06-22 09:17:42,1505.2,198449
2021-06-22 09:17:43,1504.95,199920
2021-06-22 09:17:44,1505.0,200384
2021-06-22 09:17:45,1505.15,200539
2021-06-22 09:17:46,1505.0,200889
2021-06-22 09:17:47,1505.0,201342
2021-06-22 09:17:48,1505.0,202132
2021-06-22 09:17:49,1505.15,202955
2021-06-22 09:17:50,1505.0,203513
2021-06-22 09:17:51,1505.35,203716
2021-06-22 09:17:53,1505.45,204152
2021-06-22 09:17:54,1505.1,206777
2021-06-22 09:17:54,1505.05,206791
2021-06-22 09:17:55,1505.0,207976
2021-06-22 09:17:56,1505.0,209151
2021-06-22 09:17:57,1504.9,210625
2021-06-22 09:17:58,1504.75,211826
2021-06-22 09:18:00,1505.0,213840
2021-06-22 09:18:00,1505.0,213840
2021-06-22 09:18:01,1505.0,214308
2021-06-22 09:18:02,1504.75,214631
2021-06-22 09:18:03,1505.0,215696
2021-06-22 09:18:05,1505.0,216302
2021-06-22 09:18:06,1504.75,216312
2021-06-22 09:18:06,1505.0,216323
2021-06-22 09:18:07,1505.0,216384
2021-06-22 09:18:09,1504.75,216757
2021-06-22 09:18:10,1504.65,218287
2021-06-22 09:18:11,1504.65,218506
2021-06-22 09:18:13,1504.65,218538
2021-06-22 09:18:14,1505.0,218845
2021-06-22 09:18:14,1505.0,218931
2021-06-22 09:18:15,1505.0,218931
2021-06-22 09:18:16,1504.85,220057
2021-06-22 09:18:17,1504.85,220889
2021-06-22 09:18:18,1505.35,221849
2021-06-22 09:18:20,1504.85,222327
2021-06-22 09:18:21,1505.3,222537
2021-06-22 09:18:23,1504.7,224238
2021-06-22 09:18:24,1504.7,224449
2021-06-22 09:18:24,1504.75,224450
2021-06-22 09:18:25,1504.75,225118
2021-06-22 09:18:26,1504.75,225740
2021-06-22 09:18:27,1504.75,226289
2021-06-22 09:18:28,1504.75,227177
2021-06-22 09:18:29,1504.7,227278
2021-06-22 09:18:30,1505.2,228153
2021-06-22 09:18:32,1505.25,229096
2021-06-22 09:18:33,1505.1,230961
2021-06-22 09:18:34,1504.9,233516
2021-06-22 09:18:35,1504.6,235557
2021-06-22 09:18:36,1504.85,236364
2021-06-22 09:18:37,1504.6,236716
2021-06-22 09:18:38,1504.75,236830
2021-06-22 09:18:40,1504.6,238257
2021-06-22 09:18:41,1504.5,239050
2021-06-22 09:18:41,1504.5,239549
2021-06-22 09:18:42,1505.05,240059
2021-06-22 09:18:43,1504.45,240886
2021-06-22 09:18:45,1504.45,243837
2021-06-22 09:18:46,1504.5,244911
2021-06-22 09:18:46,1504.75,245121
2021-06-22 09:18:47,1504.5,245466
2021-06-22 09:18:48,1504.5,245694
2021-06-22 09:18:49,1504.5,246070
2021-06-22 09:18:50,1504.7,247585
2021-06-22 09:18:52,1504.4,250072
2021-06-22 09:18:53,1504.4,251793
2021-06-22 09:18:53,1504.6,251905
2021-06-22 09:18:54,1504.4,252685
2021-06-22 09:18:55,1504.35,253323
2021-06-22 09:18:56,1504.35,253849
2021-06-22 09:18:58,1504.35,254276
2021-06-22 09:18:59,1504.0,254346
2021-06-22 09:19:00,1504.0,254651
2021-06-22 09:19:01,1503.5,257636
2021-06-22 09:19:03,1502.8,260744
2021-06-22 09:19:04,1503.3,261039
2021-06-22 09:19:06,1503.4,263411
2021-06-22 09:19:07,1503.3,264458
2021-06-22 09:19:08,1503.75,264683
2021-06-22 09:19:09,1503.4,264793
2021-06-22 09:19:10,1503.35,265119
2021-06-22 09:19:11,1503.3,265188
2021-06-22 09:19:11,1503.7,265138
2021-06-22 09:19:12,1503.7,266461
2021-06-22 09:19:13,1503.7,266555
2021-06-22 09:19:14,1503.7,267271
2021-06-22 09:19:16,1503.15,267278
2021-06-22 09:19:17,1503.7,267555
2021-06-22 09:19:18,1503.4,267670
2021-06-22 09:19:19,1503.3,268138
2021-06-22 09:19:20,1503.3,268795
2021-06-22 09:19:21,1503.3,269406
2021-06-22 09:19:22,1503.5,271942
2021-06-22 09:19:23,1504.2,273237
2021-06-22 09:19:25,1504.3,273408
2021-06-22 09:19:26,1503.55,273425
2021-06-22 09:19:27,1503.7,273477
2021-06-22 09:19:28,1503.7,273992
2021-06-22 09:19:29,1503.55,275221
2021-06-22 09:19:31,1503.5,276400
2021-06-22 09:19:32,1504.05,276510
2021-06-22 09:19:33,1503.65,276683
2021-06-22 09:19:33,1503.5,276673
2021-06-22 09:19:34,1503.65,277960
2021-06-22 09:19:35,1503.65,277961
2021-06-22 09:19:37,1503.65,279098
2021-06-22 09:19:38,1503.65,279131
2021-06-22 09:19:39,1503.65,279393
2021-06-22 09:19:40,1503.65,279700
2021-06-22 09:19:41,1503.45,284347
2021-06-22 09:19:42,1503.25,286786
2021-06-22 09:19:44,1502.5,286822
2021-06-22 09:19:45,1502.5,287106
2021-06-22 09:19:45,1502.5,287106
2021-06-22 09:19:46,1502.5,287106
2021-06-22 09:19:47,1502.45,287135
2021-06-22 09:19:48,1502.45,287207
2021-06-22 09:19:49,1502.35,287913
2021-06-22 09:19:51,1502.75,288955
2021-06-22 09:19:52,1502.35,289532
2021-06-22 09:19:53,1502.35,289951
2021-06-22 09:19:53,1502.35,289952
2021-06-22 09:19:54,1502.25,289983
2021-06-22 09:19:55,1502.35,291632
2021-06-22 09:19:57,1502.4,294833
2021-06-22 09:19:59,1502.45,295507
2021-06-22 09:20:00,1503.1,296368
2021-06-22 09:20:01,1503.1,296419
2021-06-22 09:20:02,1503.1,296426
2021-06-22 09:20:03,1503.1,296634
2021-06-22 09:20:03,1503.1,296634
2021-06-22 09:20:04,1503.1,297216
2021-06-22 09:20:07,1503.45,297887
2021-06-22 09:20:09,1503.45,298470
2021-06-22 09:20:10,1504.2,299233
2021-06-22 09:20:10,1504.2,299268
2021-06-22 09:20:11,1504.2,299442
2021-06-22 09:20:12,1504.5,300099
2021-06-22 09:20:13,1504.6,302970
2021-06-22 09:20:15,1504.85,303910
2021-06-22 09:20:17,1505.0,305877
2021-06-22 09:20:18,1505.0,305904
2021-06-22 09:20:18,1505.0,305904
2021-06-22 09:20:19,1504.85,305934
2021-06-22 09:20:20,1504.95,306183
2021-06-22 09:20:21,1505.0,306775
2021-06-22 09:20:22,1505.2,306858
2021-06-22 09:20:23,1505.9,307327
2021-06-22 09:20:25,1505.85,307524
2021-06-22 09:20:26,1505.85,307556
2021-06-22 09:20:27,1505.55,308200
2021-06-22 09:20:28,1505.5,308322
2021-06-22 09:20:28,1505.5,308322
2021-06-22 09:20:29,1505.5,308322
2021-06-22 09:20:30,1505.7,308672
2021-06-22 09:20:34,1506.15,309160
2021-06-22 09:20:35,1505.75,312180
2021-06-22 09:20:36,1505.55,315522
2021-06-22 09:20:36,1505.55,315522
2021-06-22 09:20:37,1505.85,315895
2021-06-22 09:20:38,1505.35,316992
2021-06-22 09:20:40,1505.05,319429
2021-06-22 09:20:41,1505.05,319918
2021-06-22 09:20:42,1505.05,320037
2021-06-22 09:20:43,1504.65,320928
2021-06-22 09:20:44,1504.75,323026
2021-06-22 09:20:45,1504.45,324112
2021-06-22 09:20:47,1504.2,324953
2021-06-22 09:20:48,1504.15,325090
2021-06-22 09:20:49,1504.7,325296
2021-06-22 09:20:50,1504.65,326318
2021-06-22 09:20:50,1504.4,325970
2021-06-22 09:20:51,1504.6,326348
2021-06-22 09:20:53,1504.0,327935
2021-06-22 09:20:54,1504.0,330654
2021-06-22 09:20:55,1503.9,331774
2021-06-22 09:20:59,1503.45,334667
2021-06-22 09:21:00,1503.05,334993
2021-06-22 09:21:00,1503.45,334685
2021-06-22 09:21:01,1503.55,335004
2021-06-22 09:21:02,1503.45,335346
2021-06-22 09:21:04,1503.7,337365
2021-06-22 09:21:05,1503.7,339259
2021-06-22 09:21:06,1503.7,341585
2021-06-22 09:21:07,1504.05,342875
2021-06-22 09:21:07,1504.05,342875
2021-06-22 09:21:08,1504.1,343345
2021-06-22 09:21:11,1503.25,358778
2021-06-22 09:21:13,1503.2,359681
2021-06-22 09:21:14,1502.65,359823
2021-06-22 09:21:15,1503.3,360170
2021-06-22 09:21:16,1503.6,364117
2021-06-22 09:21:16,1504.5,364923
2021-06-22 09:21:17,1504.5,366087
2021-06-22 09:21:19,1505.0,367526
2021-06-22 09:21:21,1505.0,368142
2021-06-22 09:21:22,1505.0,368373
2021-06-22 09:21:24,1504.95,368404
2021-06-22 09:21:25,1504.95,368461
2021-06-22 09:21:26,1504.45,369030
2021-06-22 09:21:26,1504.45,369030
2021-06-22 09:21:27,1504.9,369101
2021-06-22 09:21:29,1504.45,369106
2021-06-22 09:21:30,1504.45,369204
2021-06-22 09:21:31,1504.5,369229
2021-06-22 09:21:32,1504.5,369240
2021-06-22 09:21:32,1504.5,369241
2021-06-22 09:21:33,1504.5,369242
2021-06-22 09:21:34,1504.45,369417
2021-06-22 09:21:36,1504.4,370375
2021-06-22 09:21:37,1504.4,375309
2021-06-22 09:21:37,1504.45,376015
2021-06-22 09:21:38,1504.45,376045
2021-06-22 09:21:39,1504.45,376171
2021-06-22 09:21:40,1504.4,376555
2021-06-22 09:21:41,1504.4,376653
2021-06-22 09:21:42,1504.4,376666
2021-06-22 09:21:43,1505.0,376881
2021-06-22 09:21:45,1505.2,378799
2021-06-22 09:21:46,1505.2,380485
2021-06-22 09:21:47,1505.2,380498
2021-06-22 09:21:48,1504.9,380630
2021-06-22 09:21:49,1505.2,380634
2021-06-22 09:21:50,1505.2,380833
2021-06-22 09:21:51,1505.1,381034
2021-06-22 09:21:53,1505.75,381204
2021-06-22 09:21:55,1506.35,385198
2021-06-22 09:21:56,1506.6,388002
2021-06-22 09:21:57,1507.45,388901
2021-06-22 09:21:58,1507.4,389053
2021-06-22 09:22:00,1506.75,390038
2021-06-22 09:22:01,1507.25,390861
2021-06-22 09:22:02,1507.3,390969
2021-06-22 09:22:03,1507.0,390973
2021-06-22 09:22:05,1507.4,391078
2021-06-22 09:22:07,1507.35,392647
2021-06-22 09:22:08,1506.8,393527
2021-06-22 09:22:09,1506.75,395751
2021-06-22 09:22:10,1506.55,398965
2021-06-22 09:22:12,1506.45,399711
2021-06-22 09:22:13,1506.5,399721
2021-06-22 09:22:14,1506.45,399747
2021-06-22 09:22:15,1506.7,399750
2021-06-22 09:22:16,1506.95,399810
2021-06-22 09:22:17,1506.85,399824
2021-06-22 09:22:18,1507.15,400151
2021-06-22 09:22:19,1507.15,401950
2021-06-22 09:22:20,1507.5,402433
2021-06-22 09:22:21,1507.45,402478
2021-06-22 09:22:22,1507.1,402770
2021-06-22 09:22:23,1507.35,403371
2021-06-22 09:22:24,1507.1,403622
2021-06-22 09:22:25,1507.5,403795
2021-06-22 09:22:26,1507.65,404064
2021-06-22 09:22:27,1507.1,404194
2021-06-22 09:22:27,1507.55,404195
2021-06-22 09:22:28,1507.1,404197
2021-06-22 09:22:29,1507.1,404322
2021-06-22 09:22:30,1507.45,404357
2021-06-22 09:22:31,1507.45,404410
2021-06-22 09:22:32,1506.8,406770
2021-06-22 09:22:34,1506.8,407698
2021-06-22 09:22:35,1506.8,407698
2021-06-22 09:22:36,1507.4,408865
2021-06-22 09:22:37,1507.4,408876
2021-06-22 09:22:38,1507.0,408923
2021-06-22 09:22:39,1507.0,409061
2021-06-22 09:22:40,1507.1,409062
2021-06-22 09:22:41,1507.4,409869
2021-06-22 09:22:42,1506.95,411323
2021-06-22 09:22:43,1507.0,411782
2021-06-22 09:22:44,1507.3,411896
2021-06-22 09:22:45,1507.0,412003
2021-06-22 09:22:46,1507.55,415583
2021-06-22 09:22:47,1507.8,416680
2021-06-22 09:22:48,1507.8,416709
2021-06-22 09:22:50,1507.6,417342
2021-06-22 09:22:51,1507.6,417591
2021-06-22 09:22:55,1507.3,420424
2021-06-22 09:22:56,1507.7,420678
2021-06-22 09:22:57,1507.7,420690
2021-06-22 09:22:59,1507.3,420771
2021-06-22 09:23:00,1507.75,420835
2021-06-22 09:23:01,1507.75,420846
2021-06-22 09:23:02,1507.75,420849
2021-06-22 09:23:03,1507.3,423877
2021-06-22 09:23:04,1506.9,430491
2021-06-22 09:23:05,1507.0,431397
2021-06-22 09:23:06,1507.1,431443
2021-06-22 09:23:07,1507.15,431453
2021-06-22 09:23:07,1507.1,431460
2021-06-22 09:23:09,1507.1,431498
2021-06-22 09:23:10,1506.5,433019
2021-06-22 09:23:11,1506.6,433122
2021-06-22 09:23:12,1507.2,433748
2021-06-22 09:23:13,1506.9,434815
2021-06-22 09:23:14,1506.9,434815
2021-06-22 09:23:15,1506.7,435831
2021-06-22 09:23:17,1506.75,435947
2021-06-22 09:23:21,1507.15,437372
2021-06-22 09:23:22,1507.4,439755
2021-06-22 09:23:23,1507.75,440378
2021-06-22 09:23:24,1507.7,440443
2021-06-22 09:23:25,1507.15,440750
2021-06-22 09:23:26,1507.15,440750
2021-06-22 09:23:28,1507.15,441372
2021-06-22 09:23:29,1507.6,441377
2021-06-22 09:23:30,1507.6,441377
2021-06-22 09:23:31,1507.15,441501
2021-06-22 09:23:32,1507.5,441601
2021-06-22 09:23:33,1507.15,444160
2021-06-22 09:23:34,1507.45,444334
2021-06-22 09:23:35,1507.3,445435
2021-06-22 09:23:36,1507.0,446464
2021-06-22 09:23:37,1507.3,446796
2021-06-22 09:23:38,1507.1,446904
2021-06-22 09:23:39,1507.35,447352
2021-06-22 09:23:40,1507.0,447952
2021-06-22 09:23:41,1507.25,448196
2021-06-22 09:23:42,1507.2,448433
2021-06-22 09:23:43,1507.3,448914
2021-06-22 09:23:44,1507.4,450185
2021-06-22 09:23:46,1507.4,450218
2021-06-22 09:23:48,1507.65,453436
2021-06-22 09:23:49,1507.25,454306
2021-06-22 09:23:50,1507.2,455385
2021-06-22 09:23:51,1507.15,456991
2021-06-22 09:23:52,1507.25,459002
2021-06-22 09:23:53,1507.65,463497
2021-06-22 09:23:54,1508.0,463943
2021-06-22 09:23:55,1508.15,466883
2021-06-22 09:23:56,1508.1,467454
2021-06-22 09:23:57,1508.85,467557
2021-06-22 09:23:58,1508.9,469066
2021-06-22 09:23:59,1508.85,469107
2021-06-22 09:24:00,1508.35,469373
2021-06-22 09:24:01,1508.3,470269
2021-06-22 09:24:02,1508.9,470275
2021-06-22 09:24:03,1508.9,470275
2021-06-22 09:24:04,1508.9,470289
2021-06-22 09:24:05,1508.9,470289
2021-06-22 09:24:06,1508.35,470916
2021-06-22 09:24:07,1508.25,477144
2021-06-22 09:24:08,1508.3,477854
2021-06-22 09:24:09,1508.75,478613
2021-06-22 09:24:10,1508.75,478623
2021-06-22 09:24:11,1508.75,478655
2021-06-22 09:24:12,1508.25,478807
2021-06-22 09:24:13,1508.5,481390
2021-06-22 09:24:14,1508.25,482703
2021-06-22 09:24:15,1508.25,482708
2021-06-22 09:24:16,1508.25,483161
2021-06-22 09:24:17,1506.1,487995
2021-06-22 09:24:18,1507.5,488970
2021-06-22 09:24:20,1507.5,490276
2021-06-22 09:24:21,1507.55,490336
2021-06-22 09:24:22,1507.2,491829
2021-06-22 09:24:22,1507.55,491600
2021-06-22 09:24:24,1507.5,493069
2021-06-22 09:24:25,1506.9,493907
2021-06-22 09:24:26,1506.95,495312
2021-06-22 09:24:28,1507.3,495958
2021-06-22 09:24:29,1507.45,496592
2021-06-22 09:24:30,1507.2,497291
2021-06-22 09:24:31,1507.65,497329
2021-06-22 09:24:33,1507.7,497480
2021-06-22 09:24:34,1507.85,498236
2021-06-22 09:24:35,1507.85,499455
2021-06-22 09:24:36,1508.0,499476
2021-06-22 09:24:37,1508.5,500881
2021-06-22 09:24:38,1508.55,501195
2021-06-22 09:24:39,1508.3,501296
2021-06-22 09:24:40,1508.3,501296
2021-06-22 09:24:41,1507.85,501446
2021-06-22 09:24:42,1507.9,501452
2021-06-22 09:24:43,1507.85,501554
2021-06-22 09:24:44,1507.85,502786
2021-06-22 09:24:45,1508.0,502791
2021-06-22 09:24:46,1508.1,503998
2021-06-22 09:24:47,1508.1,504292
2021-06-22 09:24:48,1508.2,505945
2021-06-22 09:24:49,1508.55,505948
2021-06-22 09:24:50,1508.0,507148
2021-06-22 09:24:51,1508.2,507763
2021-06-22 09:24:53,1508.1,508056
2021-06-22 09:24:54,1508.0,508681
2021-06-22 09:24:55,1508.0,509602
2021-06-22 09:24:56,1508.25,509892
2021-06-22 09:24:57,1507.95,511495
2021-06-22 09:24:58,1507.95,511495
2021-06-22 09:24:59,1508.35,511498
2021-06-22 09:25:00,1508.15,512701
2021-06-22 09:25:01,1507.95,513361
2021-06-22 09:25:02,1507.95,513535
2021-06-22 09:25:03,1507.8,514125
2021-06-22 09:25:04,1507.85,514814
2021-06-22 09:25:05,1507.85,514963
2021-06-22 09:25:06,1507.85,515471
2021-06-22 09:25:09,1507.65,517548
2021-06-22 09:25:10,1508.0,518223
2021-06-22 09:25:11,1508.25,518627
2021-06-22 09:25:12,1507.9,519829
2021-06-22 09:25:13,1507.9,520495
2021-06-22 09:25:14,1508.25,520878
2021-06-22 09:25:16,1508.5,522323
2021-06-22 09:25:18,1508.2,522463
2021-06-22 09:25:19,1508.2,522463
2021-06-22 09:25:20,1508.2,523813
2021-06-22 09:25:21,1508.15,525534
2021-06-22 09:25:22,1508.4,525595
2021-06-22 09:25:23,1508.0,526292
2021-06-22 09:25:24,1508.0,528895
2021-06-22 09:25:25,1508.6,529814
2021-06-22 09:25:26,1508.6,529814
2021-06-22 09:25:27,1508.0,530315
2021-06-22 09:25:28,1508.45,530577
2021-06-22 09:25:29,1508.0,530578
2021-06-22 09:25:30,1508.0,530583
2021-06-22 09:25:31,1508.5,530703
2021-06-22 09:25:32,1508.25,530715
2021-06-22 09:25:33,1508.45,530995
2021-06-22 09:25:34,1508.45,531571
2021-06-22 09:25:35,1508.0,532170
2021-06-22 09:25:36,1508.4,532172
2021-06-22 09:25:37,1507.9,532775
2021-06-22 09:25:38,1508.45,534579
2021-06-22 09:25:39,1508.4,536655
2021-06-22 09:25:40,1508.4,536655
2021-06-22 09:25:41,1508.6,539773
2021-06-22 09:25:42,1508.6,540431
2021-06-22 09:25:43,1508.75,540526
2021-06-22 09:25:44,1508.75,540636
2021-06-22 09:25:45,1508.1,541236
2021-06-22 09:25:46,1508.2,541588
2021-06-22 09:25:49,1508.2,541816
2021-06-22 09:25:50,1508.05,546107
2021-06-22 09:25:51,1508.85,546934
2021-06-22 09:25:52,1508.15,546994
2021-06-22 09:25:53,1508.15,546994
2021-06-22 09:25:54,1508.35,547004
2021-06-22 09:25:56,1508.1,547211
2021-06-22 09:25:57,1508.2,547218
2021-06-22 09:25:58,1508.05,550222
2021-06-22 09:25:59,1508.2,551069
2021-06-22 09:26:00,1508.2,551070
2021-06-22 09:26:01,1508.2,551081
2021-06-22 09:26:02,1508.4,551945
2021-06-22 09:26:03,1508.15,551948
2021-06-22 09:26:04,1508.15,551948
2021-06-22 09:26:05,1508.15,551948
2021-06-22 09:26:08,1508.2,555237
2021-06-22 09:26:09,1508.0,555494
2021-06-22 09:26:11,1508.15,555518
2021-06-22 09:26:12,1508.15,555523
2021-06-22 09:26:13,1508.15,555523
2021-06-22 09:26:14,1508.15,555523
2021-06-22 09:26:15,1508.15,555523
2021-06-22 09:26:16,1508.15,555563
2021-06-22 09:26:17,1508.15,555568
2021-06-22 09:26:18,1508.15,555568
2021-06-22 09:26:19,1508.0,556178
2021-06-22 09:26:20,1508.0,556178
2021-06-22 09:26:21,1508.0,556379
2021-06-22 09:26:22,1508.15,556381
2021-06-22 09:26:23,1508.15,556464
2021-06-22 09:26:24,1508.0,556479
2021-06-22 09:26:25,1508.15,556627
2021-06-22 09:26:26,1508.0,557227
2021-06-22 09:26:27,1508.0,557227
2021-06-22 09:26:28,1508.2,557331
2021-06-22 09:26:29,1508.5,557684
2021-06-22 09:26:30,1508.0,558115
2021-06-22 09:26:31,1508.4,558126
2021-06-22 09:26:32,1508.4,558126
2021-06-22 09:26:33,1508.5,558128
2021-06-22 09:26:34,1508.5,558128
2021-06-22 09:26:35,1508.5,558140
2021-06-22 09:26:36,1508.2,558155
2021-06-22 09:26:37,1508.2,558156
2021-06-22 09:26:38,1508.3,558320
2021-06-22 09:26:39,1508.5,558446
2021-06-22 09:26:40,1508.5,558476
2021-06-22 09:26:41,1508.2,559166
2021-06-22 09:26:42,1508.6,559176
2021-06-22 09:26:43,1508.65,559705
2021-06-22 09:26:44,1508.65,560011
2021-06-22 09:26:48,1508.6,561011
2021-06-22 09:26:49,1508.2,561144
2021-06-22 09:26:50,1508.5,561145
2021-06-22 09:26:51,1508.5,561347
2021-06-22 09:26:52,1508.2,561348
2021-06-22 09:26:53,1508.5,561373
2021-06-22 09:26:54,1508.05,563071
2021-06-22 09:26:55,1508.05,563771
2021-06-22 09:26:56,1508.2,563784
2021-06-22 09:26:57,1508.2,563871
2021-06-22 09:26:58,1508.5,563881
2021-06-22 09:26:59,1508.2,563884
2021-06-22 09:27:00,1508.5,564474
2021-06-22 09:27:02,1508.6,564553
2021-06-22 09:27:03,1508.2,564656
2021-06-22 09:27:04,1508.2,564656
2021-06-22 09:27:05,1508.2,564683
2021-06-22 09:27:06,1508.2,564708
2021-06-22 09:27:07,1508.5,564772
2021-06-22 09:27:08,1508.25,564774
2021-06-22 09:27:09,1508.25,564774
2021-06-22 09:27:10,1508.5,564816
2021-06-22 09:27:12,1508.5,565008
2021-06-22 09:27:13,1508.85,565591
2021-06-22 09:27:15,1508.85,565878
2021-06-22 09:27:15,1508.85,565892
2021-06-22 09:27:16,1508.85,565966
2021-06-22 09:27:17,1508.5,566073
2021-06-22 09:27:18,1508.8,566173
2021-06-22 09:27:19,1508.8,569648
2021-06-22 09:27:20,1508.85,570168
2021-06-22 09:27:21,1508.85,570171
2021-06-22 09:27:22,1508.65,570221
2021-06-22 09:27:23,1508.8,570377
2021-06-22 09:27:24,1508.35,570428
2021-06-22 09:27:25,1508.8,570537
2021-06-22 09:27:26,1508.8,570537
2021-06-22 09:27:28,1508.35,571175
2021-06-22 09:27:29,1508.75,571421
2021-06-22 09:27:29,1508.35,572021
2021-06-22 09:27:30,1508.75,572098
2021-06-22 09:27:31,1508.8,572297
2021-06-22 09:27:32,1508.8,572455
2021-06-22 09:27:34,1508.8,572456
2021-06-22 09:27:34,1508.8,572456
2021-06-22 09:27:35,1508.8,572456
2021-06-22 09:27:36,1508.8,572526
2021-06-22 09:27:37,1508.8,572526
2021-06-22 09:27:39,1508.75,572541
2021-06-22 09:27:40,1508.7,574247
2021-06-22 09:27:41,1508.5,574565
2021-06-22 09:27:42,1508.7,574665
2021-06-22 09:27:43,1508.7,574675
2021-06-22 09:27:44,1508.7,574878
2021-06-22 09:27:45,1508.7,574878
2021-06-22 09:27:46,1508.7,574878
2021-06-22 09:27:48,1508.6,577144
2021-06-22 09:27:49,1508.7,577945
2021-06-22 09:27:50,1508.85,578888
2021-06-22 09:27:51,1508.6,580696
2021-06-22 09:27:52,1508.55,581245
2021-06-22 09:27:53,1508.95,581246
2021-06-22 09:27:54,1508.95,581349
2021-06-22 09:27:55,1508.95,581349
2021-06-22 09:27:57,1508.85,581361
2021-06-22 09:27:58,1508.85,581411
2021-06-22 09:27:59,1508.9,581622
2021-06-22 09:28:00,1508.8,582685
2021-06-22 09:28:01,1508.45,585619
2021-06-22 09:28:02,1508.75,586012
2021-06-22 09:28:03,1508.75,586022
2021-06-22 09:28:03,1508.75,586022
2021-06-22 09:28:04,1508.75,586022
2021-06-22 09:28:05,1508.45,587450
2021-06-22 09:28:07,1508.5,589316
2021-06-22 09:28:08,1508.5,589420
2021-06-22 09:28:09,1508.5,589431
2021-06-22 09:28:10,1508.7,589805
2021-06-22 09:28:11,1508.25,590114
2021-06-22 09:28:13,1508.2,590448
2021-06-22 09:28:14,1508.2,590476
2021-06-22 09:28:15,1508.35,590516
2021-06-22 09:28:16,1508.45,591221
2021-06-22 09:28:17,1508.45,591221
2021-06-22 09:28:18,1508.35,591291
2021-06-22 09:28:19,1508.35,591302
2021-06-22 09:28:20,1508.2,591303
2021-06-22 09:28:22,1508.2,591319
2021-06-22 09:28:23,1508.2,591319
2021-06-22 09:28:24,1508.1,591336
2021-06-22 09:28:25,1508.1,591506
2021-06-22 09:28:26,1508.5,592014
2021-06-22 09:28:26,1508.5,592014
2021-06-22 09:28:27,1508.6,592114
2021-06-22 09:28:28,1508.6,592114
2021-06-22 09:28:29,1508.6,592116
2021-06-22 09:28:30,1508.2,592468
2021-06-22 09:28:31,1508.6,592581
2021-06-22 09:28:32,1508.2,592596
2021-06-22 09:28:33,1508.65,592614
2021-06-22 09:28:34,1508.6,592615
2021-06-22 09:28:36,1508.6,592744
2021-06-22 09:28:37,1508.5,593001
2021-06-22 09:28:38,1508.5,593021
2021-06-22 09:28:39,1508.6,593178
2021-06-22 09:28:40,1508.6,593309
2021-06-22 09:28:41,1508.6,593339
2021-06-22 09:28:42,1508.6,593492
2021-06-22 09:28:43,1508.5,593532
2021-06-22 09:28:44,1508.6,593533
2021-06-22 09:28:45,1508.6,593550
2021-06-22 09:28:46,1508.5,593813
2021-06-22 09:28:47,1508.6,593884
2021-06-22 09:28:48,1508.5,594113
2021-06-22 09:28:50,1508.45,595646
2021-06-22 09:28:50,1508.5,594113
2021-06-22 09:28:52,1508.75,597290
2021-06-22 09:28:53,1508.45,598808
2021-06-22 09:28:54,1508.75,599914
2021-06-22 09:28:55,1508.45,600172
2021-06-22 09:28:57,1508.6,600802
2021-06-22 09:28:58,1508.65,601014
2021-06-22 09:28:59,1508.6,601362
2021-06-22 09:29:00,1508.65,604992
2021-06-22 09:29:01,1508.8,606768
2021-06-22 09:29:02,1508.65,607683
2021-06-22 09:29:04,1508.15,607997
2021-06-22 09:29:05,1508.6,608707
2021-06-22 09:29:05,1508.75,608846
2021-06-22 09:29:06,1508.65,608855
2021-06-22 09:29:07,1508.65,609120
2021-06-22 09:29:08,1508.65,609275
2021-06-22 09:29:09,1508.2,609404
2021-06-22 09:29:10,1508.65,609563
2021-06-22 09:29:13,1508.75,614899
2021-06-22 09:29:14,1509.4,617156
2021-06-22 09:29:16,1509.65,620865
2021-06-22 09:29:16,1509.1,621478
2021-06-22 09:29:17,1509.8,623046
2021-06-22 09:29:18,1509.8,626490
2021-06-22 09:29:19,1510.2,632392
2021-06-22 09:29:20,1510.05,636470
2021-06-22 09:29:21,1510.55,639512
2021-06-22 09:29:22,1510.7,641804
2021-06-22 09:29:23,1510.7,644579
2021-06-22 09:29:24,1510.15,648612
2021-06-22 09:29:25,1510.75,650009
2021-06-22 09:29:26,1510.55,650992
2021-06-22 09:29:27,1509.55,660122
2021-06-22 09:29:29,1509.8,661773
2021-06-22 09:29:30,1509.2,664008
2021-06-22 09:29:31,1510.3,664988
2021-06-22 09:29:32,1509.85,665182
2021-06-22 09:29:33,1509.85,665561
2021-06-22 09:29:34,1509.85,665571
2021-06-22 09:29:35,1510.4,665653
2021-06-22 09:29:37,1510.0,666228
2021-06-22 09:29:38,1510.0,666228
2021-06-22 09:29:39,1510.2,666249
2021-06-22 09:29:39,1510.2,666249
2021-06-22 09:29:40,1510.0,666360
2021-06-22 09:29:41,1509.75,666361
2021-06-22 09:29:42,1510.25,666428
2021-06-22 09:29:43,1510.3,666459
2021-06-22 09:29:44,1509.85,666665
2021-06-22 09:29:46,1509.85,666682
2021-06-22 09:29:47,1510.3,667243
2021-06-22 09:29:48,1510.3,667641
2021-06-22 09:29:49,1510.3,667646
2021-06-22 09:29:49,1510.3,667646
2021-06-22 09:29:50,1510.5,669495
2021-06-22 09:29:51,1510.0,670758
2021-06-22 09:29:52,1510.5,671432
2021-06-22 09:29:54,1510.6,671719
2021-06-22 09:29:55,1510.3,672523
2021-06-22 09:29:56,1510.3,673010
2021-06-22 09:29:57,1510.4,673012
2021-06-22 09:29:58,1510.4,673619
2021-06-22 09:29:59,1510.3,674261
2021-06-22 09:30:00,1510.85,677043
2021-06-22 09:30:01,1510.65,678033
2021-06-22 09:30:02,1510.85,678334
2021-06-22 09:30:03,1510.55,679003
2021-06-22 09:30:04,1510.5,679611
2021-06-22 09:30:05,1510.5,679741
2021-06-22 09:30:05,1510.5,679622
2021-06-22 09:30:06,1510.95,684141
2021-06-22 09:30:07,1510.95,686343
2021-06-22 09:30:08,1511.0,693377
2021-06-22 09:30:09,1511.55,696489
2021-06-22 09:30:10,1510.9,698083
2021-06-22 09:30:11,1510.9,699662
2021-06-22 09:30:12,1511.5,700996
2021-06-22 09:30:13,1511.65,702937
2021-06-22 09:30:14,1511.75,703819
2021-06-22 09:30:15,1511.75,705055
2021-06-22 09:30:16,1511.8,705338
2021-06-22 09:30:17,1511.45,705735
2021-06-22 09:30:18,1511.85,706634
2021-06-22 09:30:19,1511.9,707665
2021-06-22 09:30:20,1511.9,707805
2021-06-22 09:30:23,1511.45,711636
2021-06-22 09:30:24,1511.8,711736
2021-06-22 09:30:27,1511.7,713206
2021-06-22 09:30:28,1511.7,713399
2021-06-22 09:30:29,1511.5,720192
2021-06-22 09:30:30,1511.4,723097
2021-06-22 09:30:31,1511.9,723328
2021-06-22 09:30:32,1511.35,724390
2021-06-22 09:30:33,1511.4,724442
2021-06-22 09:30:34,1510.95,725179
2021-06-22 09:30:35,1511.2,725900
2021-06-22 09:30:38,1511.0,726030
2021-06-22 09:30:39,1511.0,726160
2021-06-22 09:30:40,1511.4,726170
2021-06-22 09:30:40,1510.4,727026
2021-06-22 09:30:41,1511.3,727435
2021-06-22 09:30:42,1511.25,727440
2021-06-22 09:30:43,1510.65,727772
2021-06-22 09:30:44,1511.15,728155
2021-06-22 09:30:45,1510.6,728432
2021-06-22 09:30:47,1510.6,728485
2021-06-22 09:30:48,1510.6,728697
2021-06-22 09:30:49,1510.4,730414
2021-06-22 09:30:50,1510.0,731947
2021-06-22 09:30:51,1510.5,731977
2021-06-22 09:30:52,1510.0,732463
2021-06-22 09:30:55,1510.5,732831
2021-06-22 09:30:56,1510.5,732836
2021-06-22 09:30:57,1510.0,733130
2021-06-22 09:30:59,1509.5,735759
2021-06-22 09:31:00,1509.45,736206
2021-06-22 09:31:01,1509.75,736215
2021-06-22 09:31:02,1509.75,736215
2021-06-22 09:31:03,1509.45,736428
2021-06-22 09:31:04,1509.45,736428
2021-06-22 09:31:06,1509.35,736457
2021-06-22 09:31:07,1509.35,736457
2021-06-22 09:31:09,1509.75,737217
2021-06-22 09:31:10,1509.8,737268
2021-06-22 09:31:11,1509.3,737328
2021-06-22 09:31:12,1509.35,737413
2021-06-22 09:31:13,1509.3,737783
2021-06-22 09:31:14,1509.3,737783
2021-06-22 09:31:14,1509.3,737783
2021-06-22 09:31:16,1509.95,738933
2021-06-22 09:31:17,1509.8,739133
2021-06-22 09:31:18,1510.0,739135
2021-06-22 09:31:19,1509.8,739140
2021-06-22 09:31:20,1509.75,739780
2021-06-22 09:31:22,1509.75,739851
2021-06-22 09:31:23,1509.95,740001
2021-06-22 09:31:24,1509.95,741297
2021-06-22 09:31:25,1510.0,741733
2021-06-22 09:31:26,1510.0,741927
2021-06-22 09:31:27,1510.35,742130
2021-06-22 09:31:28,1510.0,742166
2021-06-22 09:31:29,1510.0,742241
2021-06-22 09:31:30,1510.0,742428
2021-06-22 09:31:31,1510.2,742528
2021-06-22 09:31:32,1509.55,743402
2021-06-22 09:31:34,1509.7,743626
2021-06-22 09:31:34,1510.1,743656
2021-06-22 09:31:35,1509.95,744560
2021-06-22 09:31:36,1510.0,745150
2021-06-22 09:31:38,1510.0,745221
2021-06-22 09:31:39,1509.45,745350
2021-06-22 09:31:40,1510.0,745384
2021-06-22 09:31:41,1509.55,745403
2021-06-22 09:31:42,1509.55,745428
2021-06-22 09:31:44,1509.5,745688
2021-06-22 09:31:45,1509.5,746169
2021-06-22 09:31:46,1510.0,746319
2021-06-22 09:31:47,1509.45,747106
2021-06-22 09:31:48,1510.0,747180
2021-06-22 09:31:49,1509.45,747380
2021-06-22 09:31:50,1510.05,747761
2021-06-22 09:31:51,1510.15,747779
2021-06-22 09:31:52,1510.0,747843
2021-06-22 09:31:53,1509.45,748266
2021-06-22 09:31:54,1509.45,748453
2021-06-22 09:31:55,1509.45,749205
2021-06-22 09:31:56,1509.45,749232
2021-06-22 09:31:57,1509.45,749232
2021-06-22 09:31:58,1509.5,749236
2021-06-22 09:31:59,1509.5,749241
2021-06-22 09:32:00,1509.5,749242
2021-06-22 09:32:01,1509.85,749248
2021-06-22 09:32:02,1509.5,749327
2021-06-22 09:32:03,1509.5,749401
2021-06-22 09:32:04,1509.5,749586
2021-06-22 09:32:05,1509.7,751537
2021-06-22 09:32:06,1509.75,752060
2021-06-22 09:32:07,1509.4,752063
2021-06-22 09:32:08,1509.4,752084
2021-06-22 09:32:09,1509.4,752110
2021-06-22 09:32:09,1510.0,752210
2021-06-22 09:32:10,1509.4,753220
2021-06-22 09:32:11,1509.4,753320
2021-06-22 09:32:12,1510.0,753323
2021-06-22 09:32:13,1509.4,753429
2021-06-22 09:32:14,1509.4,753429
2021-06-22 09:32:15,1510.0,753629
2021-06-22 09:32:17,1510.0,754877
2021-06-22 09:32:18,1510.0,756371
2021-06-22 09:32:19,1510.0,756390
2021-06-22 09:32:20,1509.7,757291
2021-06-22 09:32:21,1510.0,757296
2021-06-22 09:32:22,1510.2,757899
2021-06-22 09:32:23,1510.35,758262
2021-06-22 09:32:28,1509.55,763385
2021-06-22 09:32:29,1510.2,763392
2021-06-22 09:32:30,1510.3,763541
2021-06-22 09:32:32,1510.5,764291
2021-06-22 09:32:33,1510.65,764342
2021-06-22 09:32:35,1510.65,764686
2021-06-22 09:32:36,1510.65,765686
2021-06-22 09:32:37,1510.35,767234
2021-06-22 09:32:38,1510.95,767260
2021-06-22 09:32:38,1510.95,767261
2021-06-22 09:32:39,1510.95,767394
2021-06-22 09:32:40,1511.0,767577
2021-06-22 09:32:41,1511.0,767988
2021-06-22 09:32:42,1510.65,768089
2021-06-22 09:32:43,1511.0,768094
2021-06-22 09:32:44,1510.7,768531
2021-06-22 09:32:45,1511.0,769357
2021-06-22 09:32:46,1511.6,771377
2021-06-22 09:32:47,1511.6,771934
2021-06-22 09:32:48,1511.15,773671
2021-06-22 09:32:49,1511.0,774271
2021-06-22 09:32:50,1511.5,775428
2021-06-22 09:32:51,1511.55,775567
2021-06-22 09:32:52,1511.55,775835
2021-06-22 09:32:53,1511.5,776150
2021-06-22 09:32:55,1511.55,776999
2021-06-22 09:32:56,1511.35,777168
2021-06-22 09:32:57,1511.55,777172
2021-06-22 09:32:58,1511.55,778034
2021-06-22 09:32:59,1511.0,778121
2021-06-22 09:33:00,1511.5,778125
2021-06-22 09:33:01,1511.55,778865
2021-06-22 09:33:02,1511.5,779023
2021-06-22 09:33:03,1511.6,779162
2021-06-22 09:33:04,1511.2,781240
2021-06-22 09:33:05,1510.6,782624
2021-06-22 09:33:07,1511.3,782884
2021-06-22 09:33:08,1511.3,782886
2021-06-22 09:33:09,1511.3,782891
2021-06-22 09:33:10,1511.0,783025
2021-06-22 09:33:11,1511.45,783124
2021-06-22 09:33:12,1511.15,783157
2021-06-22 09:33:13,1511.65,783313
2021-06-22 09:33:14,1511.0,783339
2021-06-22 09:33:15,1511.4,783354
2021-06-22 09:33:16,1511.4,783682
2021-06-22 09:33:17,1511.0,783694
2021-06-22 09:33:18,1511.4,784146
2021-06-22 09:33:19,1511.3,784168
2021-06-22 09:33:20,1511.0,786197
2021-06-22 09:33:21,1511.35,786234
2021-06-22 09:33:22,1511.35,786596
2021-06-22 09:33:23,1511.0,786634
2021-06-22 09:33:24,1510.0,789920
2021-06-22 09:33:25,1511.25,791080
2021-06-22 09:33:26,1511.0,791651
2021-06-22 09:33:27,1511.0,791727
2021-06-22 09:33:28,1510.4,791735
2021-06-22 09:33:29,1510.9,791800
2021-06-22 09:33:30,1510.25,792156
2021-06-22 09:33:31,1510.75,792175
2021-06-22 09:33:32,1510.0,792600
2021-06-22 09:33:33,1510.0,792824
2021-06-22 09:33:34,1510.8,793049
2021-06-22 09:33:35,1510.9,793375
2021-06-22 09:33:36,1510.0,793633
2021-06-22 09:33:37,1510.0,793633
2021-06-22 09:33:38,1510.15,793890
2021-06-22 09:33:39,1510.7,794139
2021-06-22 09:33:40,1510.7,794527
2021-06-22 09:33:41,1510.75,794550
2021-06-22 09:33:42,1510.9,794554
2021-06-22 09:33:43,1510.9,794555
2021-06-22 09:33:44,1510.75,795341
2021-06-22 09:33:44,1510.25,795414
2021-06-22 09:33:46,1510.95,795419
2021-06-22 09:33:47,1510.65,795997
2021-06-22 09:33:48,1510.8,796360
2021-06-22 09:33:49,1510.75,797246
2021-06-22 09:33:50,1510.65,798416
2021-06-22 09:33:51,1510.65,799121
2021-06-22 09:33:52,1511.0,799697
2021-06-22 09:33:53,1510.9,799964
2021-06-22 09:33:54,1510.9,799985
2021-06-22 09:33:55,1510.95,800473
2021-06-22 09:33:56,1510.5,800486
2021-06-22 09:33:57,1510.75,800495
2021-06-22 09:33:59,1510.95,801163
2021-06-22 09:34:00,1510.95,801722
2021-06-22 09:34:01,1510.95,801726
2021-06-22 09:34:02,1510.95,801732
2021-06-22 09:34:03,1510.95,801755
2021-06-22 09:34:04,1510.95,802261
2021-06-22 09:34:05,1510.75,802267
2021-06-22 09:34:06,1510.65,802886
2021-06-22 09:34:07,1510.75,802906
2021-06-22 09:34:08,1510.65,802933
2021-06-22 09:34:10,1510.9,803600
2021-06-22 09:34:12,1510.9,803672
2021-06-22 09:34:15,1510.95,803902
2021-06-22 09:34:16,1510.95,804027
2021-06-22 09:34:18,1510.95,804238
2021-06-22 09:34:19,1510.95,804893
2021-06-22 09:34:20,1510.9,805128
2021-06-22 09:34:21,1510.8,805863
2021-06-22 09:34:23,1510.9,806704
2021-06-22 09:34:24,1510.9,806841
2021-06-22 09:34:27,1510.9,807140
2021-06-22 09:34:28,1510.5,807366
2021-06-22 09:34:29,1511.0,807717
2021-06-22 09:34:30,1511.0,807981
2021-06-22 09:34:31,1511.0,808049
2021-06-22 09:34:32,1511.0,808184
2021-06-22 09:34:33,1510.85,809150
2021-06-22 09:34:34,1510.65,810021
2021-06-22 09:34:35,1510.8,810564
2021-06-22 09:34:36,1510.8,811286
2021-06-22 09:34:37,1510.8,811342
2021-06-22 09:34:38,1510.7,811625
2021-06-22 09:34:39,1510.65,811694
2021-06-22 09:34:40,1510.55,811798
2021-06-22 09:34:41,1510.45,811923
2021-06-22 09:34:42,1510.35,812376
2021-06-22 09:34:43,1510.5,814491
2021-06-22 09:34:44,1510.25,814975
2021-06-22 09:34:45,1510.25,815020
2021-06-22 09:34:46,1510.5,815118
2021-06-22 09:34:47,1510.25,815160
2021-06-22 09:34:48,1510.15,815770
2021-06-22 09:34:50,1510.5,815811
2021-06-22 09:34:51,1509.4,825598
2021-06-22 09:34:52,1508.65,828631
2021-06-22 09:34:53,1509.6,828734
2021-06-22 09:34:54,1509.0,828991
2021-06-22 09:34:55,1509.6,828999
2021-06-22 09:34:56,1509.15,829099
2021-06-22 09:34:57,1509.65,829124
2021-06-22 09:34:58,1509.65,829125
2021-06-22 09:34:59,1509.15,830429
2021-06-22 09:35:00,1509.15,830431
2021-06-22 09:35:01,1509.2,830541
2021-06-22 09:35:02,1509.2,831141
2021-06-22 09:35:03,1509.85,831590
2021-06-22 09:35:04,1509.25,831602
2021-06-22 09:35:05,1509.85,831604
2021-06-22 09:35:06,1509.85,831718
2021-06-22 09:35:07,1509.25,831780
2021-06-22 09:35:08,1509.25,831930
2021-06-22 09:35:09,1509.8,831947
2021-06-22 09:35:10,1509.25,832010
2021-06-22 09:35:11,1509.25,832392
2021-06-22 09:35:12,1509.25,832422
2021-06-22 09:35:13,1509.25,832422
2021-06-22 09:35:14,1509.25,832672
2021-06-22 09:35:15,1509.7,832740
2021-06-22 09:35:16,1509.65,832755
2021-06-22 09:35:17,1509.7,833010
2021-06-22 09:35:18,1509.7,833012
2021-06-22 09:35:19,1509.5,833041
2021-06-22 09:35:20,1509.7,833061
2021-06-22 09:35:21,1509.25,833725
2021-06-22 09:35:22,1509.25,833737
2021-06-22 09:35:23,1509.55,833751
2021-06-22 09:35:24,1509.55,833752
2021-06-22 09:35:25,1509.55,834114
2021-06-22 09:35:26,1510.0,836329
2021-06-22 09:35:27,1510.0,837292
2021-06-22 09:35:28,1510.4,837968
2021-06-22 09:35:29,1510.0,837970
2021-06-22 09:35:30,1510.0,838034
2021-06-22 09:35:31,1510.0,839059
2021-06-22 09:35:32,1510.0,839080
2021-06-22 09:35:33,1510.0,839815
2021-06-22 09:35:34,1510.05,840465
2021-06-22 09:35:35,1510.0,841768
2021-06-22 09:35:36,1510.5,842599
2021-06-22 09:35:37,1510.5,842620
2021-06-22 09:35:38,1510.5,842640
2021-06-22 09:35:39,1510.5,842651
2021-06-22 09:35:40,1510.4,842681
2021-06-22 09:35:41,1510.35,843408
2021-06-22 09:35:42,1510.35,843525
2021-06-22 09:35:43,1510.05,843877
2021-06-22 09:35:44,1510.4,844049
2021-06-22 09:35:45,1510.4,844149
2021-06-22 09:35:46,1510.4,844554
2021-06-22 09:35:47,1510.0,844560
2021-06-22 09:35:48,1510.4,844565
2021-06-22 09:35:49,1510.45,844649
2021-06-22 09:35:50,1510.3,844863
2021-06-22 09:35:51,1510.5,845057
2021-06-22 09:35:52,1510.4,845815
2021-06-22 09:35:53,1510.5,845820
2021-06-22 09:35:54,1510.5,845825
2021-06-22 09:35:55,1510.45,845860
2021-06-22 09:35:56,1510.4,847147
2021-06-22 09:35:57,1510.45,847150
2021-06-22 09:35:58,1510.45,847165
2021-06-22 09:35:59,1510.45,847168
2021-06-22 09:36:00,1510.45,847181
2021-06-22 09:36:01,1510.45,847205
2021-06-22 09:36:02,1510.45,847415
2021-06-22 09:36:03,1510.45,847420
2021-06-22 09:36:04,1510.45,847433
2021-06-22 09:36:06,1510.4,848049
2021-06-22 09:36:07,1510.4,848140
2021-06-22 09:36:08,1510.45,848203
2021-06-22 09:36:09,1510.45,848209
2021-06-22 09:36:10,1510.45,848219
2021-06-22 09:36:11,1510.45,848234
2021-06-22 09:36:12,1510.45,848889
2021-06-22 09:36:13,1510.8,849240
2021-06-22 09:36:14,1510.8,849245
2021-06-22 09:36:15,1510.8,849252
2021-06-22 09:36:16,1510.85,849354
2021-06-22 09:36:17,1510.75,849429
2021-06-22 09:36:18,1510.7,849505
2021-06-22 09:36:19,1510.55,850120
2021-06-22 09:36:20,1510.55,850156
2021-06-22 09:36:21,1510.55,850766
2021-06-22 09:36:22,1510.6,850945
2021-06-22 09:36:23,1510.6,850945
2021-06-22 09:36:24,1510.6,850952
2021-06-22 09:36:25,1510.45,852153
2021-06-22 09:36:26,1510.65,852176
2021-06-22 09:36:27,1510.45,852189
2021-06-22 09:36:28,1510.9,852192
2021-06-22 09:36:29,1510.45,852522
2021-06-22 09:36:30,1510.65,853357
2021-06-22 09:36:31,1510.6,853364
2021-06-22 09:36:32,1510.65,853401
2021-06-22 09:36:33,1510.65,853420
2021-06-22 09:36:34,1510.65,853436
2021-06-22 09:36:35,1510.65,853984
2021-06-22 09:36:36,1510.9,854331
2021-06-22 09:36:37,1510.9,854347
2021-06-22 09:36:38,1510.9,854379
2021-06-22 09:36:39,1510.95,854477
2021-06-22 09:36:40,1510.95,854480
2021-06-22 09:36:41,1511.0,854641
2021-06-22 09:36:42,1511.0,855313
2021-06-22 09:36:44,1511.0,855528
2021-06-22 09:36:45,1510.65,856337
2021-06-22 09:36:46,1511.0,856374
2021-06-22 09:36:47,1511.0,856379
2021-06-22 09:36:48,1511.0,856389
2021-06-22 09:36:50,1511.0,856475
2021-06-22 09:36:52,1511.0,857599
2021-06-22 09:36:53,1511.0,857760
2021-06-22 09:36:54,1511.0,857892
2021-06-22 09:36:55,1511.0,858647
2021-06-22 09:36:56,1511.0,858816
2021-06-22 09:36:57,1511.0,858884
2021-06-22 09:36:58,1511.0,859037
2021-06-22 09:36:59,1510.95,859702
2021-06-22 09:37:00,1511.5,860202
2021-06-22 09:37:01,1511.0,860412
2021-06-22 09:37:02,1511.0,860487
2021-06-22 09:37:03,1511.0,860534
2021-06-22 09:37:04,1511.0,861199
2021-06-22 09:37:05,1511.55,861386
2021-06-22 09:37:06,1511.0,861733
2021-06-22 09:37:07,1511.45,861796
2021-06-22 09:37:08,1511.45,861813
2021-06-22 09:37:09,1511.6,862031
2021-06-22 09:37:10,1511.5,862130
2021-06-22 09:37:11,1511.5,862162
2021-06-22 09:37:12,1511.5,862215
2021-06-22 09:37:13,1511.5,862285
2021-06-22 09:37:14,1511.5,862305
2021-06-22 09:37:15,1511.05,862323
2021-06-22 09:37:16,1511.1,862423
2021-06-22 09:37:17,1511.1,862585
2021-06-22 09:37:18,1511.2,862695
2021-06-22 09:37:19,1511.5,862814
2021-06-22 09:37:20,1511.45,863515
2021-06-22 09:37:21,1511.75,863622
2021-06-22 09:37:22,1511.75,863646
2021-06-22 09:37:23,1511.5,864550
2021-06-22 09:37:24,1511.5,865566
2021-06-22 09:37:25,1511.9,865716
2021-06-22 09:37:26,1511.85,865745
2021-06-22 09:37:27,1511.9,865961
2021-06-22 09:37:28,1511.9,866048
2021-06-22 09:37:29,1511.9,867405
2021-06-22 09:37:30,1511.85,868001
2021-06-22 09:37:31,1511.85,868899
2021-06-22 09:37:32,1511.85,869067
2021-06-22 09:37:33,1511.85,869100
2021-06-22 09:37:34,1511.85,869105
2021-06-22 09:37:35,1511.85,869115
2021-06-22 09:37:36,1511.9,869783
2021-06-22 09:37:37,1511.85,869839
2021-06-22 09:37:38,1511.95,869941
2021-06-22 09:37:39,1511.65,871358
2021-06-22 09:37:40,1511.65,873054
2021-06-22 09:37:41,1511.65,873695
2021-06-22 09:37:42,1511.85,874549
2021-06-22 09:37:44,1511.3,882628
2021-06-22 09:37:46,1511.4,882912
2021-06-22 09:37:47,1511.4,882994
2021-06-22 09:37:47,1511.4,882995
2021-06-22 09:37:48,1511.45,883038
2021-06-22 09:37:49,1511.25,883055
2021-06-22 09:37:50,1511.75,883091
2021-06-22 09:37:51,1511.75,883116
2021-06-22 09:37:52,1511.85,883161
2021-06-22 09:37:53,1511.85,883666
2021-06-22 09:37:55,1511.85,884016
2021-06-22 09:37:56,1511.85,884097
2021-06-22 09:37:57,1511.8,884113
2021-06-22 09:37:58,1511.8,884219
2021-06-22 09:37:59,1511.9,884689
2021-06-22 09:37:59,1511.8,884644
2021-06-22 09:38:00,1511.75,885309
2021-06-22 09:38:01,1511.9,885385
2021-06-22 09:38:02,1511.9,885444
2021-06-22 09:38:03,1511.8,885555
2021-06-22 09:38:04,1512.0,886477
2021-06-22 09:38:05,1511.8,896122
2021-06-22 09:38:06,1511.9,901053
2021-06-22 09:38:07,1512.7,902166
2021-06-22 09:38:08,1512.5,903149
2021-06-22 09:38:09,1512.75,903572
2021-06-22 09:38:10,1512.7,905492
2021-06-22 09:38:11,1512.6,908056
2021-06-22 09:38:12,1512.75,909865
2021-06-22 09:38:13,1512.65,909867
2021-06-22 09:38:14,1512.7,909933
2021-06-22 09:38:15,1512.4,910042
2021-06-22 09:38:16,1512.4,910782
2021-06-22 09:38:17,1512.6,910796
2021-06-22 09:38:18,1512.5,910801
2021-06-22 09:38:19,1512.6,912604
2021-06-22 09:38:20,1512.6,913125
2021-06-22 09:38:23,1512.85,914234
2021-06-22 09:38:24,1512.35,914491
2021-06-22 09:38:27,1512.75,914911
2021-06-22 09:38:28,1512.5,915691
2021-06-22 09:38:29,1512.5,917365
2021-06-22 09:38:30,1512.5,917560
2021-06-22 09:38:30,1512.5,917560
2021-06-22 09:38:31,1512.5,917582
2021-06-22 09:38:32,1512.7,917596
2021-06-22 09:38:33,1512.35,922585
2021-06-22 09:38:34,1512.95,922819
2021-06-22 09:38:35,1512.75,924021
2021-06-22 09:38:36,1513.0,924730
2021-06-22 09:38:37,1513.0,924740
2021-06-22 09:38:38,1513.0,924745
2021-06-22 09:38:39,1513.25,925256
2021-06-22 09:38:40,1512.9,926107
2021-06-22 09:38:41,1513.0,926114
2021-06-22 09:38:42,1513.0,926472
2021-06-22 09:38:43,1512.85,927908
2021-06-22 09:38:44,1513.3,928445
2021-06-22 09:38:45,1513.2,929156
2021-06-22 09:38:46,1513.3,930292
2021-06-22 09:38:47,1513.15,932849
2021-06-22 09:38:48,1513.5,933461
2021-06-22 09:38:49,1513.0,935260
2021-06-22 09:38:50,1512.75,936557
2021-06-22 09:38:51,1512.85,937101
2021-06-22 09:38:52,1513.05,937714
2021-06-22 09:38:53,1512.95,937763
2021-06-22 09:38:54,1512.95,937827
2021-06-22 09:38:55,1512.95,938061
2021-06-22 09:38:56,1512.95,938087
2021-06-22 09:38:57,1512.45,938771
2021-06-22 09:38:58,1513.1,938872
2021-06-22 09:39:00,1512.9,938969
2021-06-22 09:39:02,1512.9,940281
2021-06-22 09:39:02,1512.3,939625
2021-06-22 09:39:04,1512.9,940281
2021-06-22 09:39:04,1512.9,940281
2021-06-22 09:39:06,1512.35,940381
2021-06-22 09:39:07,1512.9,941096
2021-06-22 09:39:08,1512.85,941114
2021-06-22 09:39:09,1512.75,941616
2021-06-22 09:39:10,1512.7,941627
2021-06-22 09:39:11,1512.7,941666
2021-06-22 09:39:12,1512.85,941814
2021-06-22 09:39:13,1512.95,941866
2021-06-22 09:39:14,1513.0,942471
2021-06-22 09:39:15,1513.05,942878
2021-06-22 09:39:17,1512.85,943394
2021-06-22 09:39:18,1512.8,944026
2021-06-22 09:39:19,1513.0,944950
2021-06-22 09:39:20,1512.9,945124
2021-06-22 09:39:21,1513.0,945439
2021-06-22 09:39:23,1513.0,946112
2021-06-22 09:39:24,1512.55,946712
2021-06-22 09:39:25,1513.0,947756
2021-06-22 09:39:25,1512.9,947399
2021-06-22 09:39:26,1513.0,947768
2021-06-22 09:39:27,1513.0,948973
2021-06-22 09:39:28,1513.0,949360
2021-06-22 09:39:29,1513.0,950089
2021-06-22 09:39:30,1512.55,950117
2021-06-22 09:39:31,1512.55,950117
2021-06-22 09:39:32,1513.0,950175
2021-06-22 09:39:33,1513.0,950191
2021-06-22 09:39:34,1512.5,950815
2021-06-22 09:39:35,1512.95,950913
2021-06-22 09:39:38,1513.0,951234
2021-06-22 09:39:39,1513.0,951234
2021-06-22 09:39:40,1512.9,951393
2021-06-22 09:39:41,1513.0,951433
2021-06-22 09:39:43,1513.0,951438
2021-06-22 09:39:44,1512.9,951615
2021-06-22 09:39:45,1512.9,951681
2021-06-22 09:39:45,1512.9,951681
2021-06-22 09:39:46,1512.9,951822
2021-06-22 09:39:47,1512.9,951842
2021-06-22 09:39:48,1512.95,951946
2021-06-22 09:39:49,1512.9,951983
2021-06-22 09:39:50,1513.0,952157
2021-06-22 09:39:51,1512.9,952797
2021-06-22 09:39:52,1512.9,953134
2021-06-22 09:39:53,1513.5,953434
2021-06-22 09:39:54,1513.5,953484
2021-06-22 09:39:56,1513.0,953486
2021-06-22 09:39:57,1513.0,953556
2021-06-22 09:39:57,1513.0,953556
2021-06-22 09:39:58,1513.45,953985
2021-06-22 09:39:59,1513.5,954105
2021-06-22 09:40:00,1513.0,954265
2021-06-22 09:40:01,1513.0,954365
2021-06-22 09:40:02,1513.5,954390
2021-06-22 09:40:03,1513.5,954503
2021-06-22 09:40:04,1512.95,955750
2021-06-22 09:40:05,1513.5,956201
2021-06-22 09:40:09,1513.1,959846
2021-06-22 09:40:11,1513.0,960626
2021-06-22 09:40:12,1513.35,960638
2021-06-22 09:40:13,1512.8,961338
2021-06-22 09:40:14,1513.5,961610
2021-06-22 09:40:15,1513.5,961664
2021-06-22 09:40:16,1513.5,962118
2021-06-22 09:40:17,1513.5,962420
2021-06-22 09:40:18,1513.35,962542
2021-06-22 09:40:19,1513.15,962572
2021-06-22 09:40:20,1513.35,962573
2021-06-22 09:40:22,1513.5,964017
2021-06-22 09:40:23,1513.35,964846
2021-06-22 09:40:23,1513.8,964439
2021-06-22 09:40:24,1513.5,965199
2021-06-22 09:40:25,1514.0,965507
2021-06-22 09:40:26,1514.0,965921
2021-06-22 09:40:27,1513.5,966165
2021-06-22 09:40:28,1513.95,966193
2021-06-22 09:40:29,1514.0,966949
2021-06-22 09:40:30,1513.55,967308
2021-06-22 09:40:31,1514.0,967417
2021-06-22 09:40:32,1514.0,967506
2021-06-22 09:40:33,1514.0,967969
2021-06-22 09:40:34,1513.55,968241
2021-06-22 09:40:35,1514.0,968294
2021-06-22 09:40:36,1513.55,968596
2021-06-22 09:40:37,1514.0,968865
2021-06-22 09:40:38,1514.0,968946
2021-06-22 09:40:39,1514.0,968968
2021-06-22 09:40:41,1513.45,977207
2021-06-22 09:40:42,1513.55,979354
2021-06-22 09:40:43,1513.0,980278
2021-06-22 09:40:43,1513.4,980510
2021-06-22 09:40:45,1512.9,981446
2021-06-22 09:40:46,1513.2,981715
2021-06-22 09:40:47,1513.35,981727
2021-06-22 09:40:47,1513.35,981727
2021-06-22 09:40:48,1513.35,981727
2021-06-22 09:40:49,1513.2,981742
2021-06-22 09:40:50,1513.1,983134
2021-06-22 09:40:51,1513.35,983743
2021-06-22 09:40:52,1513.1,984371
2021-06-22 09:40:54,1513.4,984717
2021-06-22 09:40:56,1513.1,985337
2021-06-22 09:40:57,1513.4,985424
2021-06-22 09:40:58,1513.1,986069
2021-06-22 09:40:59,1513.65,986831
2021-06-22 09:40:59,1513.45,987591
2021-06-22 09:41:00,1513.45,987661
2021-06-22 09:41:01,1513.25,988331
2021-06-22 09:41:03,1512.15,999642
2021-06-22 09:41:03,1513.5,1005710
2021-06-22 09:41:05,1512.9,1007545
2021-06-22 09:41:06,1513.5,1008627
2021-06-22 09:41:08,1513.55,1012962
2021-06-22 09:41:08,1513.7,1013231
2021-06-22 09:41:09,1513.9,1013885
2021-06-22 09:41:10,1513.35,1014057
2021-06-22 09:41:11,1513.35,1016467
2021-06-22 09:41:12,1513.2,1017000
2021-06-22 09:41:13,1513.85,1017014
2021-06-22 09:41:14,1513.3,1017015
2021-06-22 09:41:15,1513.25,1017042
2021-06-22 09:41:16,1513.2,1018114
2021-06-22 09:41:18,1513.9,1018785
2021-06-22 09:41:19,1513.85,1020015
2021-06-22 09:41:20,1513.4,1020790
2021-06-22 09:41:21,1513.5,1020792
2021-06-22 09:41:22,1513.8,1020992
2021-06-22 09:41:23,1513.5,1021128
2021-06-22 09:41:24,1513.5,1021851
2021-06-22 09:41:25,1514.0,1022347
2021-06-22 09:41:26,1514.0,1022411
2021-06-22 09:41:28,1513.55,1022412
2021-06-22 09:41:29,1513.95,1023233
2021-06-22 09:41:29,1513.95,1023233
2021-06-22 09:41:30,1513.35,1023937
2021-06-22 09:41:32,1513.4,1024263
2021-06-22 09:41:33,1513.25,1025996
2021-06-22 09:41:35,1513.8,1026716
2021-06-22 09:41:36,1513.95,1026751
2021-06-22 09:41:37,1513.3,1026777
2021-06-22 09:41:37,1513.3,1026777
2021-06-22 09:41:38,1513.25,1027480
2021-06-22 09:41:39,1514.0,1027586
2021-06-22 09:41:40,1513.95,1027587
2021-06-22 09:41:41,1513.95,1027813
2021-06-22 09:41:42,1513.95,1027834
2021-06-22 09:41:43,1513.8,1027902
2021-06-22 09:41:44,1513.5,1028570
2021-06-22 09:41:45,1513.5,1029201
2021-06-22 09:41:46,1513.65,1029488
2021-06-22 09:41:47,1513.65,1029510
2021-06-22 09:41:48,1513.65,1030120
2021-06-22 09:41:49,1513.6,1030122
2021-06-22 09:41:50,1513.35,1030418
2021-06-22 09:41:51,1513.05,1031018
2021-06-22 09:41:52,1513.6,1031967
2021-06-22 09:41:53,1513.6,1032077
2021-06-22 09:41:54,1513.5,1032691
2021-06-22 09:41:55,1513.5,1032729
2021-06-22 09:41:56,1513.0,1033951
2021-06-22 09:41:58,1513.6,1034311
2021-06-22 09:41:59,1513.2,1035561
2021-06-22 09:42:01,1512.45,1036214
2021-06-22 09:42:02,1512.15,1036228
2021-06-22 09:42:03,1512.15,1036228
2021-06-22 09:42:04,1512.05,1037888
2021-06-22 09:42:05,1512.05,1037896
2021-06-22 09:42:06,1512.05,1037899
2021-06-22 09:42:07,1512.2,1038727
2021-06-22 09:42:08,1512.2,1038727
2021-06-22 09:42:09,1511.9,1039444
2021-06-22 09:42:10,1512.15,1039527
2021-06-22 09:42:11,1512.2,1039975
2021-06-22 09:42:12,1512.25,1039976
2021-06-22 09:42:13,1512.2,1039988
2021-06-22 09:42:14,1512.25,1040068
2021-06-22 09:42:15,1512.2,1040798
2021-06-22 09:42:16,1512.15,1040806
2021-06-22 09:42:17,1512.15,1040831
2021-06-22 09:42:18,1512.15,1040841
2021-06-22 09:42:19,1512.15,1040881
2021-06-22 09:42:20,1512.15,1040881
2021-06-22 09:42:21,1512.0,1040896
2021-06-22 09:42:22,1511.9,1040999
2021-06-22 09:42:23,1511.9,1041012
2021-06-22 09:42:24,1512.15,1041077
2021-06-22 09:42:25,1512.2,1041128
2021-06-22 09:42:26,1512.2,1041129
2021-06-22 09:42:27,1511.9,1041360
2021-06-22 09:42:28,1511.75,1042291
2021-06-22 09:42:29,1512.35,1042968
2021-06-22 09:42:30,1512.2,1045792
2021-06-22 09:42:31,1512.05,1046602
2021-06-22 09:42:32,1512.25,1046779
2021-06-22 09:42:33,1512.25,1046905
2021-06-22 09:42:34,1512.2,1047022
2021-06-22 09:42:36,1512.75,1047521
2021-06-22 09:42:37,1512.75,1047656
2021-06-22 09:42:38,1512.65,1048288
2021-06-22 09:42:39,1512.65,1048344
2021-06-22 09:42:40,1512.3,1048356
2021-06-22 09:42:41,1512.3,1048956
2021-06-22 09:42:42,1512.3,1049076
2021-06-22 09:42:43,1512.65,1049137
2021-06-22 09:42:44,1512.3,1049138
2021-06-22 09:42:45,1512.3,1049286
2021-06-22 09:42:46,1512.3,1049296
2021-06-22 09:42:47,1512.3,1049356
2021-06-22 09:42:48,1512.3,1049356
2021-06-22 09:42:49,1512.4,1049365
2021-06-22 09:42:50,1512.45,1049545
2021-06-22 09:42:51,1512.45,1049577
2021-06-22 09:42:52,1512.3,1050187
2021-06-22 09:42:53,1512.15,1050787
2021-06-22 09:42:56,1512.3,1050905
2021-06-22 09:42:58,1512.15,1051372
2021-06-22 09:42:59,1512.15,1051414
2021-06-22 09:43:00,1512.15,1051415
2021-06-22 09:43:01,1512.2,1052034
2021-06-22 09:43:02,1512.1,1052106
2021-06-22 09:43:04,1511.55,1052968
2021-06-22 09:43:05,1511.8,1052969
2021-06-22 09:43:06,1511.4,1053713
2021-06-22 09:43:07,1511.8,1053717
2021-06-22 09:43:08,1511.8,1053752
2021-06-22 09:43:09,1511.8,1053764
2021-06-22 09:43:10,1511.85,1054165
2021-06-22 09:43:11,1511.15,1054241
2021-06-22 09:43:12,1511.65,1054307
2021-06-22 09:43:13,1511.6,1054317
2021-06-22 09:43:14,1511.65,1054337
2021-06-22 09:43:15,1510.4,1055712
2021-06-22 09:43:15,1510.4,1055712
2021-06-22 09:43:16,1510.3,1056323
2021-06-22 09:43:17,1510.8,1056377
2021-06-22 09:43:18,1510.5,1056759
2021-06-22 09:43:20,1510.5,1056807
2021-06-22 09:43:21,1510.5,1056807
2021-06-22 09:43:22,1511.15,1057413
2021-06-22 09:43:23,1511.0,1058135
2021-06-22 09:43:24,1511.25,1058227
2021-06-22 09:43:25,1511.75,1058736
2021-06-22 09:43:26,1511.75,1058956
2021-06-22 09:43:28,1511.0,1060263
2021-06-22 09:43:29,1511.0,1060410
2021-06-22 09:43:30,1511.6,1060480
2021-06-22 09:43:31,1511.1,1060653
2021-06-22 09:43:32,1511.0,1061358
2021-06-22 09:43:33,1511.75,1061771
2021-06-22 09:43:34,1511.1,1061995
2021-06-22 09:43:35,1511.0,1062595
2021-06-22 09:43:37,1511.25,1067286
2021-06-22 09:43:38,1512.1,1070403
2021-06-22 09:43:39,1511.0,1073531
2021-06-22 09:43:40,1511.9,1074216
2021-06-22 09:43:41,1511.95,1074304
2021-06-22 09:43:42,1510.95,1075015
2021-06-22 09:43:43,1511.8,1075905
2021-06-22 09:43:44,1511.1,1075966
2021-06-22 09:43:45,1511.0,1076018
2021-06-22 09:43:46,1511.1,1076022
2021-06-22 09:43:47,1511.1,1076034
2021-06-22 09:43:48,1511.8,1076644
2021-06-22 09:43:49,1510.9,1078368
2021-06-22 09:43:50,1511.05,1078668
2021-06-22 09:43:51,1511.0,1078905
2021-06-22 09:43:52,1511.1,1079206
2021-06-22 09:43:53,1511.0,1079271
2021-06-22 09:43:54,1510.95,1079770
2021-06-22 09:43:55,1510.95,1079935
2021-06-22 09:43:56,1510.95,1079952
2021-06-22 09:43:57,1510.95,1079952
2021-06-22 09:43:58,1510.95,1080554
2021-06-22 09:43:59,1510.95,1080554
2021-06-22 09:44:00,1510.9,1081154
2021-06-22 09:44:01,1511.0,1081848
2021-06-22 09:44:02,1511.0,1083409
2021-06-22 09:44:03,1510.95,1083663
2021-06-22 09:44:04,1510.95,1083663
2021-06-22 09:44:05,1510.95,1083758
2021-06-22 09:44:06,1511.0,1083863
2021-06-22 09:44:08,1510.85,1084199
2021-06-22 09:44:09,1510.85,1084199
2021-06-22 09:44:10,1510.6,1084224
2021-06-22 09:44:11,1510.95,1084299
2021-06-22 09:44:12,1511.0,1084597
2021-06-22 09:44:13,1510.8,1084609
2021-06-22 09:44:15,1510.65,1084626
2021-06-22 09:44:16,1510.65,1084854
2021-06-22 09:44:17,1510.65,1085021
2021-06-22 09:44:18,1510.65,1085092
2021-06-22 09:44:20,1510.65,1085168
2021-06-22 09:44:21,1510.65,1085285
2021-06-22 09:44:22,1511.0,1085795
2021-06-22 09:44:23,1511.0,1085836
2021-06-22 09:44:24,1510.8,1085856
2021-06-22 09:44:25,1510.8,1086232
2021-06-22 09:44:26,1510.85,1086315
2021-06-22 09:44:27,1511.0,1086886
2021-06-22 09:44:28,1510.8,1087569
2021-06-22 09:44:29,1510.8,1087663
2021-06-22 09:44:30,1510.85,1087666
2021-06-22 09:44:31,1510.85,1087745
2021-06-22 09:44:33,1510.8,1087873
2021-06-22 09:44:34,1511.0,1087960
2021-06-22 09:44:35,1510.8,1087965
2021-06-22 09:44:36,1511.0,1088115
2021-06-22 09:44:37,1510.8,1088200
2021-06-22 09:44:38,1511.15,1093093
2021-06-22 09:44:39,1511.1,1095599
2021-06-22 09:44:40,1511.1,1095904
2021-06-22 09:44:41,1511.0,1096265
2021-06-22 09:44:42,1511.0,1096463
2021-06-22 09:44:43,1511.75,1096767
2021-06-22 09:44:44,1511.75,1096767
2021-06-22 09:44:45,1511.2,1096841
2021-06-22 09:44:46,1511.2,1097292
2021-06-22 09:44:47,1511.85,1097431
2021-06-22 09:44:48,1511.55,1097456
2021-06-22 09:44:49,1511.25,1099276
2021-06-22 09:44:50,1511.9,1100357
2021-06-22 09:44:51,1511.9,1100961
2021-06-22 09:44:52,1511.8,1102227
2021-06-22 09:44:52,1511.8,1102227
2021-06-22 09:44:53,1511.9,1103820
2021-06-22 09:44:55,1511.25,1104898
2021-06-22 09:44:57,1511.55,1105227
2021-06-22 09:44:58,1511.55,1106726
2021-06-22 09:44:59,1511.35,1107565
2021-06-22 09:45:00,1511.9,1107832
2021-06-22 09:45:01,1511.35,1107837
2021-06-22 09:45:02,1511.4,1107942
2021-06-22 09:45:03,1511.4,1107942
2021-06-22 09:45:04,1511.45,1107962
2021-06-22 09:45:05,1511.35,1108562
2021-06-22 09:45:06,1511.8,1108664
2021-06-22 09:45:07,1511.45,1108685
2021-06-22 09:45:08,1511.8,1108710
2021-06-22 09:45:10,1511.8,1108724
2021-06-22 09:45:11,1511.45,1108746
2021-06-22 09:45:12,1511.45,1108803
2021-06-22 09:45:13,1511.9,1108953
2021-06-22 09:45:14,1511.5,1108973
2021-06-22 09:45:15,1511.9,1109015
2021-06-22 09:45:16,1511.8,1109020
2021-06-22 09:45:17,1511.55,1109425
2021-06-22 09:45:18,1511.7,1109428
2021-06-22 09:45:19,1511.9,1110349
2021-06-22 09:45:20,1511.55,1110402
2021-06-22 09:45:21,1511.9,1111027
2021-06-22 09:45:22,1511.6,1111071
2021-06-22 09:45:24,1511.65,1111407
2021-06-22 09:45:24,1511.65,1111407
2021-06-22 09:45:25,1511.65,1112112
2021-06-22 09:45:26,1511.65,1112746
2021-06-22 09:45:29,1511.9,1112878
2021-06-22 09:45:30,1511.65,1112973
2021-06-22 09:45:31,1511.55,1113129
2021-06-22 09:45:32,1511.65,1113132
2021-06-22 09:45:33,1511.9,1113524
2021-06-22 09:45:34,1511.8,1113599
2021-06-22 09:45:35,1511.7,1113636
2021-06-22 09:45:36,1511.9,1114758
2021-06-22 09:45:37,1511.8,1115334
2021-06-22 09:45:38,1512.0,1115422
2021-06-22 09:45:39,1512.0,1115427
2021-06-22 09:45:40,1511.9,1116038
2021-06-22 09:45:41,1511.9,1116038
2021-06-22 09:45:42,1511.9,1116070
2021-06-22 09:45:43,1512.0,1116108
2021-06-22 09:45:44,1512.0,1116215
2021-06-22 09:45:45,1511.9,1116217
2021-06-22 09:45:46,1512.3,1116655
2021-06-22 09:45:47,1512.3,1116656
2021-06-22 09:45:48,1512.1,1116854
2021-06-22 09:45:49,1512.1,1117225
2021-06-22 09:45:50,1512.45,1117433
2021-06-22 09:45:51,1512.1,1118801
2021-06-22 09:45:52,1512.1,1119078
2021-06-22 09:45:53,1512.75,1119215
2021-06-22 09:45:54,1512.1,1119868
2021-06-22 09:45:55,1512.95,1120569
2021-06-22 09:45:57,1512.95,1120713
2021-06-22 09:45:58,1512.3,1120848
2021-06-22 09:45:59,1512.2,1121501
2021-06-22 09:46:02,1512.4,1121952
2021-06-22 09:46:03,1512.4,1121958
2021-06-22 09:46:04,1512.3,1122577
2021-06-22 09:46:05,1513.0,1122926
2021-06-22 09:46:06,1513.0,1122958
2021-06-22 09:46:07,1512.5,1123559
2021-06-22 09:46:08,1512.5,1123560
2021-06-22 09:46:11,1512.75,1124541
2021-06-22 09:46:12,1512.75,1124569
2021-06-22 09:46:13,1512.9,1124580
2021-06-22 09:46:14,1512.75,1125180
2021-06-22 09:46:15,1513.0,1125490
2021-06-22 09:46:16,1513.0,1125490
2021-06-22 09:46:17,1513.0,1125540
2021-06-22 09:46:18,1513.0,1125986
2021-06-22 09:46:19,1512.8,1126200
2021-06-22 09:46:20,1512.75,1126424
2021-06-22 09:46:21,1512.75,1126670
2021-06-22 09:46:22,1512.65,1128203
2021-06-22 09:46:23,1513.15,1128774
2021-06-22 09:46:24,1512.7,1128784
2021-06-22 09:46:25,1512.7,1128784
2021-06-22 09:46:26,1512.75,1128799
2021-06-22 09:46:27,1513.15,1128809
2021-06-22 09:46:28,1512.7,1128828
2021-06-22 09:46:29,1513.4,1129036
2021-06-22 09:46:30,1513.3,1129066
2021-06-22 09:46:31,1512.75,1129071
2021-06-22 09:46:32,1513.5,1129084
2021-06-22 09:46:33,1513.5,1129095
2021-06-22 09:46:34,1513.5,1129095
2021-06-22 09:46:35,1513.65,1129103
2021-06-22 09:46:36,1513.6,1129249
2021-06-22 09:46:37,1513.0,1129689
2021-06-22 09:46:38,1513.35,1129694
2021-06-22 09:46:39,1513.35,1129704
2021-06-22 09:46:40,1513.0,1130014
2021-06-22 09:46:41,1513.55,1130021
2021-06-22 09:46:42,1513.0,1130156
2021-06-22 09:46:43,1513.3,1130772
2021-06-22 09:46:45,1513.5,1131160
2021-06-22 09:46:46,1513.35,1131161
2021-06-22 09:46:47,1513.2,1134386
2021-06-22 09:46:48,1513.0,1135319
2021-06-22 09:46:49,1513.05,1135370
2021-06-22 09:46:50,1513.3,1135380
2021-06-22 09:46:52,1513.5,1135491
2021-06-22 09:46:53,1513.4,1136238
2021-06-22 09:46:54,1513.35,1136431
2021-06-22 09:46:55,1513.35,1136590
2021-06-22 09:46:56,1513.4,1136632
2021-06-22 09:46:57,1513.8,1137153
2021-06-22 09:46:59,1513.4,1138392
2021-06-22 09:47:00,1513.8,1138515
2021-06-22 09:47:01,1513.8,1138515
2021-06-22 09:47:02,1513.4,1138565
2021-06-22 09:47:03,1513.4,1138577
2021-06-22 09:47:04,1513.2,1143136
2021-06-22 09:47:06,1512.95,1144237
2021-06-22 09:47:07,1513.45,1144253
2021-06-22 09:47:08,1513.55,1144612
2021-06-22 09:47:09,1513.4,1144839
2021-06-22 09:47:10,1513.4,1144839
2021-06-22 09:47:11,1513.1,1145105
2021-06-22 09:47:12,1513.0,1145604
2021-06-22 09:47:13,1513.0,1145876
2021-06-22 09:47:14,1513.5,1146168
2021-06-22 09:47:15,1513.5,1146168
2021-06-22 09:47:16,1513.1,1146515
2021-06-22 09:47:17,1513.05,1146530
2021-06-22 09:47:19,1513.05,1146758
2021-06-22 09:47:21,1513.1,1146821
2021-06-22 09:47:20,1513.1,1146821
2021-06-22 09:47:22,1513.05,1147134
2021-06-22 09:47:23,1513.3,1147790
2021-06-22 09:47:25,1513.3,1147897
2021-06-22 09:47:26,1513.3,1147961
2021-06-22 09:47:27,1513.1,1148213
2021-06-22 09:47:29,1513.35,1148301
2021-06-22 09:47:30,1513.5,1148331
2021-06-22 09:47:31,1513.3,1148853
2021-06-22 09:47:32,1513.9,1149507
2021-06-22 09:47:33,1513.75,1149535
2021-06-22 09:47:34,1513.75,1149536
2021-06-22 09:47:36,1513.7,1150240
2021-06-22 09:47:38,1513.25,1151053
2021-06-22 09:47:39,1513.25,1151206
2021-06-22 09:47:40,1513.3,1151268
2021-06-22 09:47:41,1513.25,1151409
2021-06-22 09:47:42,1513.7,1151745
2021-06-22 09:47:43,1513.25,1152352
2021-06-22 09:47:44,1513.25,1152553
2021-06-22 09:47:45,1513.75,1152594
2021-06-22 09:47:46,1513.75,1152619
2021-06-22 09:47:47,1513.8,1153122
2021-06-22 09:47:48,1513.8,1153122
2021-06-22 09:47:49,1513.55,1153144
2021-06-22 09:47:50,1513.45,1153970
2021-06-22 09:47:51,1513.45,1154551
2021-06-22 09:47:52,1513.45,1155070
2021-06-22 09:47:53,1513.35,1155192
2021-06-22 09:47:54,1513.35,1155217
2021-06-22 09:47:55,1513.35,1155336
2021-06-22 09:47:56,1513.45,1155623
2021-06-22 09:47:57,1513.45,1155639
2021-06-22 09:47:59,1513.4,1155754
2021-06-22 09:48:00,1513.4,1155797
2021-06-22 09:48:01,1513.4,1156172
2021-06-22 09:48:03,1513.4,1156885
2021-06-22 09:48:04,1513.35,1157367
2021-06-22 09:48:05,1513.35,1157563
2021-06-22 09:48:06,1513.75,1157630
2021-06-22 09:48:07,1513.75,1157734
2021-06-22 09:48:08,1513.75,1157734
2021-06-22 09:48:09,1513.75,1157737
2021-06-22 09:48:10,1513.35,1157858
2021-06-22 09:48:11,1513.35,1157892
2021-06-22 09:48:12,1513.35,1158027
2021-06-22 09:48:13,1513.4,1158076
2021-06-22 09:48:14,1513.4,1158086
2021-06-22 09:48:15,1513.75,1158822
2021-06-22 09:48:16,1513.75,1158832
2021-06-22 09:48:17,1513.7,1158839
2021-06-22 09:48:18,1513.55,1158908
2021-06-22 09:48:21,1512.25,1171002
2021-06-22 09:48:22,1512.3,1171697
2021-06-22 09:48:23,1512.85,1172387
2021-06-22 09:48:24,1512.45,1172419
2021-06-22 09:48:26,1512.85,1172445
2021-06-22 09:48:26,1512.85,1172445
2021-06-22 09:48:27,1512.35,1172450
2021-06-22 09:48:28,1512.45,1172460
2021-06-22 09:48:29,1512.9,1173104
2021-06-22 09:48:30,1512.45,1173600
2021-06-22 09:48:31,1512.95,1173745
2021-06-22 09:48:33,1512.45,1173757
2021-06-22 09:48:34,1512.95,1173818
2021-06-22 09:48:35,1512.9,1173838
2021-06-22 09:48:36,1512.45,1173839
2021-06-22 09:48:37,1512.45,1174069
2021-06-22 09:48:38,1513.0,1174290
2021-06-22 09:48:39,1513.0,1174550
2021-06-22 09:48:40,1513.0,1174559
2021-06-22 09:48:41,1512.9,1176118
2021-06-22 09:48:43,1512.8,1176512
2021-06-22 09:48:43,1512.8,1176741
2021-06-22 09:48:44,1512.8,1176840
2021-06-22 09:48:45,1512.8,1176912
2021-06-22 09:48:46,1512.8,1176932
2021-06-22 09:48:47,1513.0,1176982
2021-06-22 09:48:48,1512.9,1176992
2021-06-22 09:48:49,1512.9,1176999
2021-06-22 09:48:51,1512.85,1178180
2021-06-22 09:48:51,1512.75,1178850
2021-06-22 09:48:52,1512.8,1179012
2021-06-22 09:48:53,1512.75,1179203
2021-06-22 09:48:55,1512.8,1179290
2021-06-22 09:48:56,1512.8,1179537
2021-06-22 09:48:57,1512.75,1179571
2021-06-22 09:48:59,1512.75,1179578
2021-06-22 09:48:59,1512.7,1179777
2021-06-22 09:49:00,1512.7,1179815
2021-06-22 09:49:02,1512.5,1180352
2021-06-22 09:49:03,1512.5,1180378
2021-06-22 09:49:04,1512.45,1180498
2021-06-22 09:49:06,1512.2,1180506
2021-06-22 09:49:06,1512.2,1180508
2021-06-22 09:49:08,1512.45,1180515
2021-06-22 09:49:09,1512.2,1180552
2021-06-22 09:49:10,1512.45,1180705
2021-06-22 09:49:11,1512.45,1180707
2021-06-22 09:49:12,1512.15,1181007
2021-06-22 09:49:14,1512.15,1181067
2021-06-22 09:49:15,1512.0,1181601
2021-06-22 09:49:16,1512.2,1181827
2021-06-22 09:49:17,1512.05,1182021
2021-06-22 09:49:18,1512.15,1182155
2021-06-22 09:49:20,1512.0,1182757
2021-06-22 09:49:21,1512.0,1183041
2021-06-22 09:49:22,1512.0,1183175
2021-06-22 09:49:23,1512.0,1183474
2021-06-22 09:49:24,1512.5,1183883
2021-06-22 09:49:26,1511.95,1185008
2021-06-22 09:49:26,1512.45,1185335
2021-06-22 09:49:27,1511.95,1185393
2021-06-22 09:49:30,1511.9,1187133
2021-06-22 09:49:32,1512.0,1188034
2021-06-22 09:49:32,1512.15,1188166
2021-06-22 09:49:33,1512.15,1188166
2021-06-22 09:49:34,1511.95,1188221
2021-06-22 09:49:35,1512.0,1193856
2021-06-22 09:49:39,1512.0,1196363
2021-06-22 09:49:39,1512.0,1196381
2021-06-22 09:49:40,1512.05,1197126
2021-06-22 09:49:41,1511.95,1197580
2021-06-22 09:49:43,1511.95,1198057
2021-06-22 09:49:45,1511.95,1198412
2021-06-22 09:49:46,1511.95,1198478
2021-06-22 09:49:48,1511.95,1198496
2021-06-22 09:49:48,1512.45,1198566
2021-06-22 09:49:49,1512.45,1198568
2021-06-22 09:49:50,1512.25,1198668
2021-06-22 09:49:51,1512.25,1198688
2021-06-22 09:49:52,1512.25,1198693
2021-06-22 09:49:53,1512.25,1198720
2021-06-22 09:49:54,1512.25,1198728
2021-06-22 09:49:56,1512.25,1198938
2021-06-22 09:49:56,1512.45,1198981
2021-06-22 09:49:57,1512.25,1198993
2021-06-22 09:49:58,1512.25,1199007
2021-06-22 09:50:00,1512.45,1199153
2021-06-22 09:50:03,1512.35,1199192
2021-06-22 09:50:03,1512.4,1199198
2021-06-22 09:50:04,1512.4,1199199
2021-06-22 09:50:05,1512.4,1199220
2021-06-22 09:50:06,1512.45,1199532
2021-06-22 09:50:07,1512.45,1199532
2021-06-22 09:50:08,1512.45,1199568
2021-06-22 09:50:09,1512.45,1200120
2021-06-22 09:50:11,1512.9,1200717
2021-06-22 09:50:11,1512.9,1201346
2021-06-22 09:50:13,1512.9,1201346
2021-06-22 09:50:13,1512.9,1201346
2021-06-22 09:50:14,1512.9,1201347
2021-06-22 09:50:15,1512.9,1201347
2021-06-22 09:50:17,1512.9,1201877
2021-06-22 09:50:19,1512.9,1202013
2021-06-22 09:50:20,1513.0,1202293
2021-06-22 09:50:21,1513.0,1202360
2021-06-22 09:50:22,1513.0,1202363
2021-06-22 09:50:23,1512.8,1202699
2021-06-22 09:50:26,1512.8,1203204
2021-06-22 09:50:26,1512.8,1203186
2021-06-22 09:50:27,1512.8,1203392
2021-06-22 09:50:28,1512.85,1203476
2021-06-22 09:50:29,1512.85,1203494
2021-06-22 09:50:30,1512.85,1203574
2021-06-22 09:50:33,1512.9,1203646
2021-06-22 09:50:34,1512.75,1210132
2021-06-22 09:50:34,1512.75,1211257
2021-06-22 09:50:35,1512.75,1211438
2021-06-22 09:50:36,1512.75,1211439
2021-06-22 09:50:37,1512.75,1211670
2021-06-22 09:50:38,1512.7,1211933
2021-06-22 09:50:40,1512.7,1212010
2021-06-22 09:50:41,1512.7,1212063
2021-06-22 09:50:41,1512.7,1212074
2021-06-22 09:50:42,1512.7,1212076
2021-06-22 09:50:43,1512.7,1212076
2021-06-22 09:50:44,1512.85,1212223
2021-06-22 09:50:45,1512.55,1212448
2021-06-22 09:50:47,1512.8,1212504
2021-06-22 09:50:48,1512.7,1212522
2021-06-22 09:50:48,1512.7,1212526
2021-06-22 09:50:49,1512.85,1212628
2021-06-22 09:50:50,1512.7,1212669
2021-06-22 09:50:51,1512.7,1212808
2021-06-22 09:50:52,1512.7,1212826
2021-06-22 09:50:53,1512.65,1212828
2021-06-22 09:50:55,1512.65,1212889
2021-06-22 09:50:56,1512.65,1213025
2021-06-22 09:50:57,1512.25,1213163
2021-06-22 09:50:57,1512.25,1213163
2021-06-22 09:50:58,1512.1,1213166
2021-06-22 09:50:59,1512.1,1213642
2021-06-22 09:51:00,1512.3,1215813
2021-06-22 09:51:01,1511.8,1216060
2021-06-22 09:51:02,1512.0,1216399
2021-06-22 09:51:04,1512.0,1216467
2021-06-22 09:51:05,1512.0,1216481
2021-06-22 09:51:05,1512.0,1216484
2021-06-22 09:51:06,1512.0,1216796
2021-06-22 09:51:07,1512.15,1216860
2021-06-22 09:51:08,1512.15,1216860
2021-06-22 09:51:10,1512.0,1216861
2021-06-22 09:51:11,1512.0,1217461
2021-06-22 09:51:12,1512.0,1217608
2021-06-22 09:51:12,1512.15,1217645
2021-06-22 09:51:13,1512.0,1217850
2021-06-22 09:51:14,1512.15,1217938
2021-06-22 09:51:15,1512.15,1218040
2021-06-22 09:51:16,1511.55,1220084
2021-06-22 09:51:18,1510.9,1220929
2021-06-22 09:51:19,1511.6,1221169
2021-06-22 09:51:19,1511.6,1221169
2021-06-22 09:51:20,1511.6,1221205
2021-06-22 09:51:21,1510.95,1221317
2021-06-22 09:51:23,1511.6,1221415
2021-06-22 09:51:24,1511.1,1221444
2021-06-22 09:51:25,1511.1,1221481
2021-06-22 09:51:26,1511.2,1221510
2021-06-22 09:51:27,1511.55,1221577
2021-06-22 09:51:28,1511.2,1221596
2021-06-22 09:51:30,1511.55,1221619
2021-06-22 09:51:31,1511.6,1221811
2021-06-22 09:51:31,1511.0,1222511
2021-06-22 09:51:33,1511.0,1223007
2021-06-22 09:51:34,1511.5,1223060
2021-06-22 09:51:35,1511.15,1223112
2021-06-22 09:51:37,1511.15,1223410
2021-06-22 09:51:38,1511.2,1223531
2021-06-22 09:51:40,1511.1,1226275
2021-06-22 09:51:41,1511.1,1227201
2021-06-22 09:51:42,1511.0,1227268
2021-06-22 09:51:44,1511.1,1227386
2021-06-22 09:51:45,1511.1,1227414
2021-06-22 09:51:46,1511.1,1227443
2021-06-22 09:51:47,1511.0,1228470
2021-06-22 09:51:47,1511.0,1228614
2021-06-22 09:51:48,1511.0,1228824
2021-06-22 09:51:49,1510.95,1228918
2021-06-22 09:51:50,1511.7,1229262
2021-06-22 09:51:52,1511.7,1229376
2021-06-22 09:51:53,1511.1,1229381
2021-06-22 09:51:54,1511.7,1229383
2021-06-22 09:51:54,1511.7,1229383
2021-06-22 09:51:55,1511.1,1229385
2021-06-22 09:51:56,1511.1,1229451
2021-06-22 09:51:57,1511.1,1229487
2021-06-22 09:51:58,1511.1,1229546
2021-06-22 09:51:59,1511.1,1229558
2021-06-22 09:52:01,1511.4,1229655
2021-06-22 09:52:03,1511.05,1229805
2021-06-22 09:52:03,1511.05,1229830
2021-06-22 09:52:04,1511.05,1229852
2021-06-22 09:52:05,1511.4,1229860
2021-06-22 09:52:06,1511.05,1229884
2021-06-22 09:52:07,1511.4,1229895
2021-06-22 09:52:08,1511.05,1229905
2021-06-22 09:52:10,1511.05,1229922
2021-06-22 09:52:12,1511.1,1230250
2021-06-22 09:52:13,1511.1,1230343
2021-06-22 09:52:14,1511.7,1230382
2021-06-22 09:52:16,1511.1,1230389
2021-06-22 09:52:16,1511.1,1230390
2021-06-22 09:52:17,1511.1,1230405
2021-06-22 09:52:18,1511.3,1230417
2021-06-22 09:52:19,1511.3,1230426
2021-06-22 09:52:20,1511.3,1230465
2021-06-22 09:52:21,1511.7,1230484
2021-06-22 09:52:22,1511.3,1230526
2021-06-22 09:52:23,1511.3,1230534
2021-06-22 09:52:24,1511.7,1230652
2021-06-22 09:52:25,1511.35,1230991
2021-06-22 09:52:27,1511.35,1231332
2021-06-22 09:52:28,1511.9,1231622
2021-06-22 09:52:28,1511.9,1231622
2021-06-22 09:52:29,1511.35,1231759
2021-06-22 09:52:30,1511.35,1231817
2021-06-22 09:52:31,1511.35,1231828
2021-06-22 09:52:34,1511.9,1232031
2021-06-22 09:52:35,1511.9,1232031
2021-06-22 09:52:36,1511.9,1232031
2021-06-22 09:52:37,1511.7,1232096
2021-06-22 09:52:37,1511.85,1232109
2021-06-22 09:52:38,1512.0,1232172
2021-06-22 09:52:39,1511.85,1232773
2021-06-22 09:52:41,1511.85,1234210
2021-06-22 09:52:42,1512.0,1234827
2021-06-22 09:52:43,1511.8,1235545
2021-06-22 09:52:44,1512.0,1235712
2021-06-22 09:52:45,1511.85,1235745
2021-06-22 09:52:46,1511.8,1237411
2021-06-22 09:52:47,1511.7,1241606
2021-06-22 09:52:47,1511.75,1243485
2021-06-22 09:52:48,1511.85,1246868
2021-06-22 09:52:49,1512.0,1248999
2021-06-22 09:52:50,1512.5,1250791
2021-06-22 09:52:51,1511.85,1252063
2021-06-22 09:52:52,1512.65,1252332
2021-06-22 09:52:55,1512.65,1252514
2021-06-22 09:52:56,1511.9,1253023
2021-06-22 09:52:57,1512.0,1253226
2021-06-22 09:52:57,1512.0,1253228
2021-06-22 09:52:58,1512.0,1253277
2021-06-22 09:52:59,1511.95,1253286
2021-06-22 09:53:00,1511.95,1253325
2021-06-22 09:53:01,1511.95,1253355
2021-06-22 09:53:02,1512.0,1253500
2021-06-22 09:53:03,1512.5,1253568
2021-06-22 09:53:05,1512.0,1254303
2021-06-22 09:53:06,1512.5,1254812
2021-06-22 09:53:07,1512.0,1254825
2021-06-22 09:53:08,1512.0,1254828
2021-06-22 09:53:09,1512.05,1255476
2021-06-22 09:53:10,1512.1,1255625
2021-06-22 09:53:11,1512.1,1256866
2021-06-22 09:53:11,1512.1,1257169
2021-06-22 09:53:12,1512.05,1258016
2021-06-22 09:53:15,1512.05,1258406
2021-06-22 09:53:16,1512.0,1260389
2021-06-22 09:53:17,1511.95,1260671
2021-06-22 09:53:18,1512.0,1260947
2021-06-22 09:53:18,1512.0,1261009
2021-06-22 09:53:19,1511.95,1261087
2021-06-22 09:53:20,1511.95,1261103
2021-06-22 09:53:21,1511.95,1261136
2021-06-22 09:53:22,1512.0,1261193
2021-06-22 09:53:23,1512.5,1261343
2021-06-22 09:53:24,1512.5,1261373
2021-06-22 09:53:26,1512.05,1261718
2021-06-22 09:53:27,1511.85,1263188
2021-06-22 09:53:28,1511.5,1265290
2021-06-22 09:53:28,1511.5,1266582
2021-06-22 09:53:29,1511.95,1267678
2021-06-22 09:53:30,1511.4,1267855
2021-06-22 09:53:31,1511.1,1268278
2021-06-22 09:53:32,1511.1,1268362
2021-06-22 09:53:33,1511.4,1268439
2021-06-22 09:53:36,1511.1,1268802
2021-06-22 09:53:37,1511.1,1268866
2021-06-22 09:53:38,1511.1,1268899
2021-06-22 09:53:39,1511.1,1268906
2021-06-22 09:53:40,1511.1,1269118
2021-06-22 09:53:41,1511.7,1269162
2021-06-22 09:53:42,1511.15,1269481
2021-06-22 09:53:43,1511.1,1269515
2021-06-22 09:53:45,1511.0,1269799
2021-06-22 09:53:46,1511.7,1270056
2021-06-22 09:53:47,1511.05,1270084
2021-06-22 09:53:48,1511.65,1270096
2021-06-22 09:53:48,1511.65,1270094
2021-06-22 09:53:49,1511.15,1270383
2021-06-22 09:53:51,1511.1,1270874
2021-06-22 09:53:52,1511.05,1271063
2021-06-22 09:53:54,1511.05,1271127
2021-06-22 09:53:56,1511.05,1272089
2021-06-22 09:53:56,1511.05,1272180
2021-06-22 09:53:57,1511.05,1272211
2021-06-22 09:53:59,1511.05,1272220
2021-06-22 09:54:00,1511.05,1272222
2021-06-22 09:54:01,1511.05,1272849
2021-06-22 09:54:02,1511.05,1275404
2021-06-22 09:54:03,1511.05,1275912
2021-06-22 09:54:03,1511.05,1275912
2021-06-22 09:54:04,1510.85,1276297
2021-06-22 09:54:06,1510.8,1276534
2021-06-22 09:54:07,1511.25,1276887
2021-06-22 09:54:08,1511.6,1277525
2021-06-22 09:54:09,1511.2,1277811
2021-06-22 09:54:10,1511.15,1277838
2021-06-22 09:54:10,1511.15,1277838
2021-06-22 09:54:11,1511.05,1278113
2021-06-22 09:54:13,1511.85,1278490
2021-06-22 09:54:14,1511.75,1278633
2021-06-22 09:54:15,1511.05,1278674
2021-06-22 09:54:17,1511.05,1278906
2021-06-22 09:54:18,1511.0,1279400
2021-06-22 09:54:20,1511.55,1279649
2021-06-22 09:54:20,1511.55,1279649
2021-06-22 09:54:21,1511.55,1279675
2021-06-22 09:54:22,1510.9,1280180
2021-06-22 09:54:24,1510.9,1281010
2021-06-22 09:54:25,1510.9,1282670
2021-06-22 09:54:26,1511.3,1283033
2021-06-22 09:54:26,1510.95,1283034
2021-06-22 09:54:27,1510.95,1283684
2021-06-22 09:54:29,1510.95,1283838
2021-06-22 09:54:30,1510.95,1283869
2021-06-22 09:54:31,1511.3,1283880
2021-06-22 09:54:31,1510.95,1283937
2021-06-22 09:54:32,1510.9,1284554
2021-06-22 09:54:33,1510.9,1285378
2021-06-22 09:54:35,1511.35,1285882
2021-06-22 09:54:36,1510.95,1285892
2021-06-22 09:54:37,1510.9,1286494
2021-06-22 09:54:38,1510.9,1286638
2021-06-22 09:54:39,1510.9,1286687
2021-06-22 09:54:39,1510.9,1286696
2021-06-22 09:54:40,1510.95,1286753
2021-06-22 09:54:42,1510.9,1286778
2021-06-22 09:54:43,1510.95,1286793
2021-06-22 09:54:44,1510.9,1286893
2021-06-22 09:54:44,1510.95,1286915
2021-06-22 09:54:45,1510.9,1286960
2021-06-22 09:54:48,1511.0,1287350
2021-06-22 09:54:49,1511.0,1287360
2021-06-22 09:54:50,1511.0,1287360
2021-06-22 09:54:51,1511.0,1287416
2021-06-22 09:54:51,1511.0,1287416
2021-06-22 09:54:54,1511.0,1287419
2021-06-22 09:54:55,1511.0,1287420
2021-06-22 09:54:56,1511.45,1288514
2021-06-22 09:54:56,1511.5,1288902
2021-06-22 09:54:57,1511.15,1289122
2021-06-22 09:55:01,1511.15,1290688
2021-06-22 09:55:02,1511.5,1291017
2021-06-22 09:55:03,1511.15,1291331
2021-06-22 09:55:03,1511.15,1291394
2021-06-22 09:55:06,1511.4,1291543
2021-06-22 09:55:07,1511.9,1291546
2021-06-22 09:55:08,1511.9,1291546
2021-06-22 09:55:09,1511.65,1291943
2021-06-22 09:55:10,1511.65,1292022
2021-06-22 09:55:10,1512.0,1292294
2021-06-22 09:55:12,1511.7,1292396
2021-06-22 09:55:13,1511.7,1292427
2021-06-22 09:55:14,1511.7,1292470
2021-06-22 09:55:15,1512.0,1292867
2021-06-22 09:55:16,1512.0,1292977
2021-06-22 09:55:16,1511.7,1294774
2021-06-22 09:55:18,1511.45,1297607
2021-06-22 09:55:19,1512.45,1298526
2021-06-22 09:55:22,1512.1,1299120
2021-06-22 09:55:23,1512.0,1300470
2021-06-22 09:55:23,1512.0,1300704
2021-06-22 09:55:25,1511.6,1301305
2021-06-22 09:55:26,1511.6,1301425
2021-06-22 09:55:27,1511.65,1301479
2021-06-22 09:55:28,1512.0,1301518
2021-06-22 09:55:29,1511.65,1301579
2021-06-22 09:55:30,1511.5,1301710
2021-06-22 09:55:30,1511.5,1301736
2021-06-22 09:55:32,1511.65,1301744
2021-06-22 09:55:34,1511.6,1301793
2021-06-22 09:55:35,1511.5,1302454
2021-06-22 09:55:35,1511.25,1302303
2021-06-22 09:55:36,1511.25,1302561
2021-06-22 09:55:38,1511.25,1302585
2021-06-22 09:55:39,1511.1,1302595
2021-06-22 09:55:40,1511.7,1302699
2021-06-22 09:55:41,1511.6,1302840
2021-06-22 09:55:42,1511.6,1303352
2021-06-22 09:55:42,1511.6,1303435
2021-06-22 09:55:44,1511.6,1303435
2021-06-22 09:55:45,1511.6,1303435
2021-06-22 09:55:46,1511.05,1303456
2021-06-22 09:55:47,1511.05,1303461
2021-06-22 09:55:49,1511.55,1303748
2021-06-22 09:55:49,1511.55,1303748
2021-06-22 09:55:51,1511.5,1303749
2021-06-22 09:55:52,1511.05,1303772
2021-06-22 09:55:53,1511.0,1304976
2021-06-22 09:55:54,1511.0,1305290
2021-06-22 09:55:55,1511.0,1305758
2021-06-22 09:55:57,1511.0,1305852
2021-06-22 09:55:59,1511.15,1305910
2021-06-22 09:56:00,1511.55,1305924
2021-06-22 09:56:01,1511.05,1305931
2021-06-22 09:56:02,1511.05,1305952
2021-06-22 09:56:03,1511.05,1305957
2021-06-22 09:56:03,1511.05,1305958
2021-06-22 09:56:05,1511.5,1306083
2021-06-22 09:56:06,1511.5,1306096
2021-06-22 09:56:07,1511.1,1306107
2021-06-22 09:56:08,1511.1,1306116
2021-06-22 09:56:09,1511.5,1306120
2021-06-22 09:56:10,1511.1,1306169
2021-06-22 09:56:11,1511.2,1306183
2021-06-22 09:56:13,1511.25,1306832
2021-06-22 09:56:15,1511.3,1306897
2021-06-22 09:56:16,1511.9,1306909
2021-06-22 09:56:16,1511.9,1306909
2021-06-22 09:56:18,1511.3,1306936
2021-06-22 09:56:19,1511.6,1306951
2021-06-22 09:56:20,1511.9,1306990
2021-06-22 09:56:21,1511.9,1307016
2021-06-22 09:56:23,1511.6,1307019
2021-06-22 09:56:24,1511.9,1307021
2021-06-22 09:56:25,1511.6,1307103
2021-06-22 09:56:26,1511.6,1307224
2021-06-22 09:56:27,1511.9,1307285
2021-06-22 09:56:28,1511.8,1307404
2021-06-22 09:56:29,1511.3,1310007
2021-06-22 09:56:29,1511.3,1310007
2021-06-22 09:56:31,1511.25,1310608
2021-06-22 09:56:32,1511.15,1311208
2021-06-22 09:56:33,1511.25,1311417
2021-06-22 09:56:34,1511.15,1311458
2021-06-22 09:56:35,1512.0,1312186
2021-06-22 09:56:35,1512.0,1312186
2021-06-22 09:56:36,1511.6,1312208
2021-06-22 09:56:38,1512.0,1312215
2021-06-22 09:56:39,1512.1,1313588
2021-06-22 09:56:39,1513.0,1314344
2021-06-22 09:56:41,1512.1,1314374
2021-06-22 09:56:42,1512.1,1314383
2021-06-22 09:56:43,1512.85,1314435
2021-06-22 09:56:44,1512.1,1316924
2021-06-22 09:56:45,1512.1,1317152
2021-06-22 09:56:47,1512.1,1317301
2021-06-22 09:56:48,1512.3,1317366
2021-06-22 09:56:49,1512.9,1319029
2021-06-22 09:56:50,1513.0,1319403
2021-06-22 09:56:50,1513.0,1319403
2021-06-22 09:56:52,1512.4,1319528
2021-06-22 09:56:53,1512.4,1319553
2021-06-22 09:56:54,1512.4,1319647
2021-06-22 09:56:55,1513.0,1319727
2021-06-22 09:56:56,1513.0,1319812
2021-06-22 09:56:57,1513.0,1319812
2021-06-22 09:56:58,1513.0,1319812
2021-06-22 09:56:59,1512.95,1319855
2021-06-22 09:57:00,1512.9,1320084
2021-06-22 09:57:01,1512.9,1320232
2021-06-22 09:57:02,1513.0,1320993
2021-06-22 09:57:03,1512.95,1321645
2021-06-22 09:57:04,1513.0,1323178
2021-06-22 09:57:05,1512.95,1323260
2021-06-22 09:57:06,1512.95,1323455
2021-06-22 09:57:08,1512.9,1323741
2021-06-22 09:57:09,1513.0,1324860
2021-06-22 09:57:10,1512.9,1326401
2021-06-22 09:57:11,1513.0,1326843
2021-06-22 09:57:12,1512.85,1328110
2021-06-22 09:57:14,1512.9,1328452
2021-06-22 09:57:15,1512.9,1328537
2021-06-22 09:57:16,1512.85,1328631
2021-06-22 09:57:17,1512.9,1328743
2021-06-22 09:57:18,1512.9,1328813
2021-06-22 09:57:19,1513.15,1329114
2021-06-22 09:57:21,1512.85,1329724
2021-06-22 09:57:22,1512.85,1330338
2021-06-22 09:57:23,1512.85,1330484
2021-06-22 09:57:24,1513.0,1330538
2021-06-22 09:57:25,1513.0,1331213
2021-06-22 09:57:26,1513.0,1331595
2021-06-22 09:57:27,1513.0,1331825
2021-06-22 09:57:28,1512.7,1333025
2021-06-22 09:57:29,1512.7,1333265
2021-06-22 09:57:30,1513.05,1333420
2021-06-22 09:57:31,1512.4,1334160
2021-06-22 09:57:32,1513.0,1334939
2021-06-22 09:57:33,1512.75,1335527
2021-06-22 09:57:34,1512.75,1335664
2021-06-22 09:57:35,1512.75,1335692
2021-06-22 09:57:36,1512.75,1335697
2021-06-22 09:57:37,1512.75,1335698
2021-06-22 09:57:38,1512.95,1335891
2021-06-22 09:57:39,1512.75,1336226
2021-06-22 09:57:40,1513.0,1336304
2021-06-22 09:57:41,1512.75,1336307
2021-06-22 09:57:42,1512.75,1336338
2021-06-22 09:57:43,1512.75,1336423
2021-06-22 09:57:44,1512.7,1336455
2021-06-22 09:57:45,1512.9,1337121
2021-06-22 09:57:46,1512.9,1337196
2021-06-22 09:57:47,1512.9,1337196
2021-06-22 09:57:48,1512.65,1337266
2021-06-22 09:57:49,1512.65,1337276
2021-06-22 09:57:50,1512.65,1337276
2021-06-22 09:57:51,1512.4,1337431
2021-06-22 09:57:52,1512.45,1337670
2021-06-22 09:57:53,1512.85,1337726
2021-06-22 09:57:54,1512.4,1337809
2021-06-22 09:57:55,1512.85,1337851
2021-06-22 09:57:56,1512.4,1337933
2021-06-22 09:57:57,1512.85,1338018
2021-06-22 09:57:58,1512.85,1338160
2021-06-22 09:57:59,1512.9,1338384
2021-06-22 09:58:00,1512.9,1338584
2021-06-22 09:58:01,1512.5,1338785
2021-06-22 09:58:02,1512.55,1339060
2021-06-22 09:58:03,1512.9,1339268
2021-06-22 09:58:04,1512.9,1339268
2021-06-22 09:58:06,1512.9,1339549
2021-06-22 09:58:07,1512.9,1339576
2021-06-22 09:58:08,1512.9,1339576
2021-06-22 09:58:09,1512.9,1339576
2021-06-22 09:58:10,1512.55,1339577
2021-06-22 09:58:11,1512.55,1339799
2021-06-22 09:58:12,1512.55,1339882
2021-06-22 09:58:14,1512.85,1340101
2021-06-22 09:58:15,1512.85,1340143
2021-06-22 09:58:16,1512.85,1340159
2021-06-22 09:58:17,1512.85,1340159
2021-06-22 09:58:18,1512.85,1340466
2021-06-22 09:58:19,1512.75,1340490
2021-06-22 09:58:20,1512.65,1344802
2021-06-22 09:58:21,1512.55,1345404
2021-06-22 09:58:22,1512.55,1346218
2021-06-22 09:58:23,1512.55,1346997
2021-06-22 09:58:25,1512.55,1347643
2021-06-22 09:58:24,1512.5,1347516
2021-06-22 09:58:26,1512.35,1349151
2021-06-22 09:58:27,1511.5,1350193
2021-06-22 09:58:28,1511.5,1350587
2021-06-22 09:58:29,1512.1,1350893
2021-06-22 09:58:30,1511.4,1351549
2021-06-22 09:58:31,1511.4,1352031
2021-06-22 09:58:32,1511.35,1352032
2021-06-22 09:58:33,1511.35,1352233
2021-06-22 09:58:34,1511.3,1352426
2021-06-22 09:58:35,1511.3,1352510
2021-06-22 09:58:37,1511.05,1352690
2021-06-22 09:58:36,1511.05,1352667
2021-06-22 09:58:38,1511.0,1352965
2021-06-22 09:58:39,1511.05,1353052
2021-06-22 09:58:40,1510.95,1353086
2021-06-22 09:58:41,1510.95,1353171
2021-06-22 09:58:42,1510.95,1353339
2021-06-22 09:58:43,1510.95,1353490
2021-06-22 09:58:44,1510.95,1353520
2021-06-22 09:58:45,1511.65,1353826
2021-06-22 09:58:46,1511.15,1353896
2021-06-22 09:58:47,1511.1,1354174
2021-06-22 09:58:48,1511.65,1354277
2021-06-22 09:58:49,1511.45,1354306
2021-06-22 09:58:50,1511.45,1354339
2021-06-22 09:58:51,1511.65,1354370
2021-06-22 09:58:52,1511.95,1354470
2021-06-22 09:58:53,1511.65,1354550
2021-06-22 09:58:54,1511.45,1354575
2021-06-22 09:58:55,1511.45,1354591
2021-06-22 09:58:56,1511.45,1354667
2021-06-22 09:58:57,1511.75,1354687
2021-06-22 09:58:59,1511.45,1354815
2021-06-22 09:58:58,1511.45,1354794
2021-06-22 09:59:00,1511.45,1354820
2021-06-22 09:59:01,1511.45,1354865
2021-06-22 09:59:02,1511.75,1355010
2021-06-22 09:59:03,1511.65,1355019
2021-06-22 09:59:04,1511.65,1355028
2021-06-22 09:59:05,1511.65,1355035
2021-06-22 09:59:06,1511.75,1355103
2021-06-22 09:59:08,1511.75,1355154
2021-06-22 09:59:09,1511.75,1355159
2021-06-22 09:59:10,1511.75,1355169
2021-06-22 09:59:12,1511.65,1356032
2021-06-22 09:59:12,1511.65,1356568
2021-06-22 09:59:13,1511.65,1357073
2021-06-22 09:59:14,1511.65,1357204
2021-06-22 09:59:15,1511.85,1357403
2021-06-22 09:59:16,1511.7,1357408
2021-06-22 09:59:18,1511.7,1357690
2021-06-22 09:59:18,1511.8,1357760
2021-06-22 09:59:19,1511.8,1357838
2021-06-22 09:59:20,1511.8,1357858
2021-06-22 09:59:21,1511.85,1357862
2021-06-22 09:59:23,1511.85,1357894
2021-06-22 09:59:23,1511.85,1357916
2021-06-22 09:59:24,1511.85,1357944
2021-06-22 09:59:25,1511.85,1358050
2021-06-22 09:59:26,1511.85,1358071
2021-06-22 09:59:27,1511.85,1358111
2021-06-22 09:59:28,1511.95,1358126
2021-06-22 09:59:29,1511.95,1358167
2021-06-22 09:59:31,1512.3,1358188
2021-06-22 09:59:31,1511.95,1358788
2021-06-22 09:59:32,1511.95,1359485
2021-06-22 09:59:33,1511.95,1360467
2021-06-22 09:59:34,1512.05,1361427
2021-06-22 09:59:36,1512.7,1361799
2021-06-22 09:59:37,1512.15,1361905
2021-06-22 09:59:39,1512.85,1362229
2021-06-22 09:59:39,1512.85,1362297
2021-06-22 09:59:40,1512.85,1362297
2021-06-22 09:59:41,1512.25,1362332
2021-06-22 09:59:42,1512.25,1362339
2021-06-22 09:59:43,1512.3,1362352
2021-06-22 09:59:44,1512.35,1362482
2021-06-22 09:59:46,1512.35,1362624
2021-06-22 09:59:46,1512.35,1362665
2021-06-22 09:59:47,1512.35,1362692
2021-06-22 09:59:48,1512.85,1362699
2021-06-22 09:59:49,1512.6,1362741
2021-06-22 09:59:50,1512.6,1362758
2021-06-22 09:59:52,1512.6,1362761
2021-06-22 09:59:53,1512.6,1362820
2021-06-22 09:59:53,1512.6,1362832
2021-06-22 09:59:54,1512.6,1362836
2021-06-22 09:59:55,1512.6,1362852
2021-06-22 09:59:57,1512.6,1363596
2021-06-22 09:59:58,1512.6,1363990
2021-06-22 10:00:00,1512.8,1376025
2021-06-22 10:00:00,1511.25,1372192
2021-06-22 10:00:01,1512.4,1378856
2021-06-22 10:00:02,1512.4,1381688
2021-06-22 10:00:03,1513.35,1383581
2021-06-22 10:00:04,1513.35,1383581
2021-06-22 10:00:05,1513.3,1383604
2021-06-22 10:00:06,1512.65,1385149
2021-06-22 10:00:07,1513.25,1385576
2021-06-22 10:00:09,1512.55,1385580
2021-06-22 10:00:09,1512.55,1385726
2021-06-22 10:00:10,1512.5,1386310
2021-06-22 10:00:11,1513.2,1386371
2021-06-22 10:00:12,1513.2,1386371
2021-06-22 10:00:13,1513.25,1386390
2021-06-22 10:00:14,1512.55,1386434
2021-06-22 10:00:15,1512.55,1386434
2021-06-22 10:00:16,1512.9,1386564
2021-06-22 10:00:18,1512.9,1386564
2021-06-22 10:00:18,1512.9,1386564
2021-06-22 10:00:19,1512.9,1386564
2021-06-22 10:00:20,1512.9,1386955
2021-06-22 10:00:21,1512.9,1387013
2021-06-22 10:00:22,1512.9,1387028
2021-06-22 10:00:23,1512.75,1387079
2021-06-22 10:00:24,1512.9,1387102
2021-06-22 10:00:26,1512.75,1387127
2021-06-22 10:00:26,1512.75,1387127
2021-06-22 10:00:27,1512.75,1387161
2021-06-22 10:00:28,1512.75,1387171
2021-06-22 10:00:29,1512.75,1387179
2021-06-22 10:00:31,1512.9,1387209
2021-06-22 10:00:32,1512.9,1387209
2021-06-22 10:00:34,1512.9,1387221
2021-06-22 10:00:35,1512.75,1387224
2021-06-22 10:00:35,1512.9,1387225
2021-06-22 10:00:36,1512.9,1387266
2021-06-22 10:00:38,1512.75,1387276
2021-06-22 10:00:39,1512.75,1387276
2021-06-22 10:00:40,1512.75,1387276
2021-06-22 10:00:41,1512.85,1387288
2021-06-22 10:00:43,1512.85,1387368
2021-06-22 10:00:43,1512.9,1387369
2021-06-22 10:00:44,1512.9,1387370
2021-06-22 10:00:45,1512.9,1387370
2021-06-22 10:00:46,1512.85,1387378
2021-06-22 10:00:47,1512.9,1387386
2021-06-22 10:00:50,1512.85,1388322
2021-06-22 10:00:52,1513.0,1388325
2021-06-22 10:00:52,1513.0,1388325
2021-06-22 10:00:53,1512.85,1389224
2021-06-22 10:00:54,1512.85,1389224
2021-06-22 10:00:55,1512.85,1389226
2021-06-22 10:00:56,1512.85,1389226
2021-06-22 10:00:57,1512.8,1389291
2021-06-22 10:00:58,1512.8,1389301
2021-06-22 10:00:59,1512.8,1389511
2021-06-22 10:01:00,1512.85,1389544
2021-06-22 10:01:01,1512.8,1389559
2021-06-22 10:01:02,1512.8,1390549
2021-06-22 10:01:03,1512.8,1390565
2021-06-22 10:01:06,1513.0,1391145
2021-06-22 10:01:07,1512.75,1391157
2021-06-22 10:01:07,1512.75,1391157
2021-06-22 10:01:08,1512.75,1391349
2021-06-22 10:01:09,1512.75,1391359
2021-06-22 10:01:11,1512.65,1392269
2021-06-22 10:01:13,1512.6,1392780
2021-06-22 10:01:14,1512.5,1393117
2021-06-22 10:01:17,1512.7,1393197
2021-06-22 10:01:18,1512.5,1393448
2021-06-22 10:01:19,1512.05,1393851
2021-06-22 10:01:20,1512.65,1393857
2021-06-22 10:01:21,1512.25,1393869
2021-06-22 10:01:23,1512.25,1393869
2021-06-22 10:01:24,1512.25,1393869
2021-06-22 10:01:25,1512.25,1393869
2021-06-22 10:01:26,1512.75,1393969
2021-06-22 10:01:26,1512.35,1394069
2021-06-22 10:01:27,1512.35,1394069
2021-06-22 10:01:28,1512.5,1394079
2021-06-22 10:01:30,1512.5,1394079
2021-06-22 10:01:31,1512.35,1394099
2021-06-22 10:01:32,1512.35,1394099
2021-06-22 10:01:32,1512.35,1394099
2021-06-22 10:01:34,1512.35,1394130
2021-06-22 10:01:36,1513.0,1394742
2021-06-22 10:01:37,1513.0,1395043
2021-06-22 10:01:38,1513.0,1395045
2021-06-22 10:01:39,1513.0,1395045
2021-06-22 10:01:39,1513.0,1395045
2021-06-22 10:01:41,1512.55,1395062
2021-06-22 10:01:42,1513.0,1395092
2021-06-22 10:01:44,1513.0,1395092
2021-06-22 10:01:45,1513.0,1395092
2021-06-22 10:01:46,1513.0,1395092
2021-06-22 10:01:47,1513.0,1395092
2021-06-22 10:01:48,1513.0,1395302
2021-06-22 10:01:48,1512.9,1395317
2021-06-22 10:01:49,1512.9,1395421
2021-06-22 10:01:50,1513.0,1395733
2021-06-22 10:01:51,1513.0,1395758
2021-06-22 10:01:52,1513.2,1395761
2021-06-22 10:01:53,1513.2,1395761
2021-06-22 10:01:54,1513.2,1396411
2021-06-22 10:01:55,1513.2,1396481
2021-06-22 10:01:56,1513.2,1396481
2021-06-22 10:01:57,1513.2,1396481
2021-06-22 10:01:59,1513.3,1396812
2021-06-22 10:02:00,1513.3,1396863
2021-06-22 10:02:01,1513.3,1398108
2021-06-22 10:02:02,1513.6,1398526
2021-06-22 10:02:03,1513.6,1398538
2021-06-22 10:02:05,1513.3,1398543
2021-06-22 10:02:06,1513.25,1398576
2021-06-22 10:02:06,1513.6,1398580
2021-06-22 10:02:07,1513.25,1398680
2021-06-22 10:02:08,1513.25,1398680
2021-06-22 10:02:09,1513.25,1399114
2021-06-22 10:02:11,1513.7,1400006
2021-06-22 10:02:12,1513.7,1400006
2021-06-22 10:02:14,1513.3,1400634
2021-06-22 10:02:16,1514.0,1401899
2021-06-22 10:02:17,1513.95,1401904
2021-06-22 10:02:18,1513.75,1401949
2021-06-22 10:02:19,1513.95,1401964
2021-06-22 10:02:20,1514.0,1402208
2021-06-22 10:02:21,1513.65,1404407
2021-06-22 10:02:22,1513.65,1407121
2021-06-22 10:02:23,1514.0,1407740
2021-06-22 10:02:25,1514.0,1408510
2021-06-22 10:02:26,1513.6,1408865
2021-06-22 10:02:27,1513.5,1408875
2021-06-22 10:02:28,1513.5,1409274
2021-06-22 10:02:29,1513.85,1409275
2021-06-22 10:02:30,1513.65,1409432
2021-06-22 10:02:32,1513.95,1409435
2021-06-22 10:02:34,1513.55,1409495
2021-06-22 10:02:34,1513.55,1409495
2021-06-22 10:02:35,1513.55,1409495
2021-06-22 10:02:36,1513.95,1409500
2021-06-22 10:02:37,1513.55,1410503
2021-06-22 10:02:38,1513.5,1411154
2021-06-22 10:02:40,1513.5,1411169
2021-06-22 10:02:41,1513.5,1411169
2021-06-22 10:02:41,1513.5,1411169
2021-06-22 10:02:42,1513.85,1411320
2021-06-22 10:02:43,1513.6,1411352
2021-06-22 10:02:44,1513.9,1411659
2021-06-22 10:02:45,1513.9,1411659
2021-06-22 10:02:47,1513.45,1412260
2021-06-22 10:02:48,1513.6,1412414
2021-06-22 10:02:49,1513.6,1412437
2021-06-22 10:02:50,1513.55,1412849
2021-06-22 10:02:50,1513.55,1413107
2021-06-22 10:02:51,1514.0,1415385
2021-06-22 10:02:52,1514.0,1418782
2021-06-22 10:02:53,1514.4,1419335
2021-06-22 10:02:55,1514.3,1420650
2021-06-22 10:02:56,1514.25,1421385
2021-06-22 10:02:57,1514.1,1421401
2021-06-22 10:02:58,1514.0,1422074
2021-06-22 10:03:01,1513.95,1422701
2021-06-22 10:03:01,1513.9,1422727
2021-06-22 10:03:03,1513.6,1423377
2021-06-22 10:03:04,1514.0,1423683
2021-06-22 10:03:05,1513.65,1423706
2021-06-22 10:03:08,1513.95,1424343
2021-06-22 10:03:07,1513.95,1423806
2021-06-22 10:03:08,1513.95,1424343
2021-06-22 10:03:09,1513.95,1424393
2021-06-22 10:03:10,1513.95,1424396
2021-06-22 10:03:11,1513.95,1424453
2021-06-22 10:03:12,1513.8,1424484
2021-06-22 10:03:13,1513.8,1424635
2021-06-22 10:03:15,1514.0,1425286
2021-06-22 10:03:16,1514.3,1426902
2021-06-22 10:03:17,1514.8,1427621
2021-06-22 10:03:18,1514.55,1427716
2021-06-22 10:03:19,1514.55,1427794
2021-06-22 10:03:19,1514.8,1428042
2021-06-22 10:03:20,1514.55,1428053
2021-06-22 10:03:21,1514.95,1429178
2021-06-22 10:03:22,1514.6,1429188
2021-06-22 10:03:24,1514.55,1429832
2021-06-22 10:03:25,1514.95,1430171
2021-06-22 10:03:26,1515.35,1446814
2021-06-22 10:03:27,1515.65,1453050
2021-06-22 10:03:27,1515.1,1453051
2021-06-22 10:03:28,1515.1,1453821
2021-06-22 10:03:29,1515.1,1454365
2021-06-22 10:03:31,1515.85,1458236
2021-06-22 10:03:33,1515.3,1459194
2021-06-22 10:03:34,1515.95,1459357
2021-06-22 10:03:34,1515.95,1459579
2021-06-22 10:03:35,1515.4,1460546
2021-06-22 10:03:36,1515.95,1460613
2021-06-22 10:03:39,1516.45,1466528
2021-06-22 10:03:39,1516.7,1467571
2021-06-22 10:03:40,1516.95,1469129
2021-06-22 10:03:42,1516.35,1469843
2021-06-22 10:03:43,1516.55,1470670
2021-06-22 10:03:44,1516.55,1472435
2021-06-22 10:03:45,1517.0,1472780
2021-06-22 10:03:46,1516.55,1472993
2021-06-22 10:03:47,1517.0,1473155
2021-06-22 10:03:48,1517.0,1473321
2021-06-22 10:03:49,1516.55,1474122
2021-06-22 10:03:50,1516.55,1476268
2021-06-22 10:03:51,1516.55,1476464
2021-06-22 10:03:52,1516.5,1476491
2021-06-22 10:03:54,1516.9,1476677
2021-06-22 10:03:55,1516.4,1476784
2021-06-22 10:03:56,1516.85,1477420
2021-06-22 10:03:57,1516.85,1477745
2021-06-22 10:03:58,1516.95,1477795
2021-06-22 10:03:59,1517.0,1477921
2021-06-22 10:04:02,1516.65,1480104
2021-06-22 10:04:03,1516.7,1480524
2021-06-22 10:04:04,1516.4,1481264
2021-06-22 10:04:05,1515.6,1481858
2021-06-22 10:04:06,1516.15,1482053
2021-06-22 10:04:06,1516.15,1482053
2021-06-22 10:04:07,1516.15,1482081
2021-06-22 10:04:08,1516.0,1482103
2021-06-22 10:04:09,1515.7,1482740
2021-06-22 10:04:10,1515.05,1483092
2021-06-22 10:04:11,1515.2,1483255
2021-06-22 10:04:14,1515.0,1483464
2021-06-22 10:04:15,1515.0,1483957
2021-06-22 10:04:16,1515.65,1483976
2021-06-22 10:04:17,1515.05,1484043
2021-06-22 10:04:18,1515.75,1484163
2021-06-22 10:04:19,1515.05,1484454
2021-06-22 10:04:19,1515.05,1484454
2021-06-22 10:04:20,1515.0,1484820
2021-06-22 10:04:21,1515.15,1484822
2021-06-22 10:04:22,1515.0,1484887
2021-06-22 10:04:23,1515.65,1485033
2021-06-22 10:04:26,1515.8,1485142
2021-06-22 10:04:27,1515.65,1485641
2021-06-22 10:04:28,1515.75,1486049
2021-06-22 10:04:28,1515.75,1486050
2021-06-22 10:04:29,1515.15,1486057
2021-06-22 10:04:30,1515.7,1486185
2021-06-22 10:04:31,1515.1,1486197
2021-06-22 10:04:32,1515.1,1486197
2021-06-22 10:04:34,1515.8,1486349
2021-06-22 10:04:35,1515.8,1486349
2021-06-22 10:04:36,1515.7,1486436
2021-06-22 10:04:36,1515.7,1486436
2021-06-22 10:04:37,1515.2,1486647
2021-06-22 10:04:38,1515.5,1486786
2021-06-22 10:04:39,1515.5,1486786
2021-06-22 10:04:40,1515.65,1487261
2021-06-22 10:04:42,1515.5,1487317
2021-06-22 10:04:43,1515.5,1487679
2021-06-22 10:04:44,1515.5,1487729
2021-06-22 10:04:45,1515.5,1487810
2021-06-22 10:04:45,1515.5,1487835
2021-06-22 10:04:46,1515.0,1487904
2021-06-22 10:04:47,1515.2,1487907
2021-06-22 10:04:50,1515.7,1488135
2021-06-22 10:04:51,1515.8,1488438
2021-06-22 10:04:52,1515.7,1488444
2021-06-22 10:04:52,1515.7,1488446
2021-06-22 10:04:53,1515.5,1488742
2021-06-22 10:04:55,1515.5,1488782
2021-06-22 10:04:56,1515.5,1488782
2021-06-22 10:04:57,1515.8,1488814
2021-06-22 10:04:58,1515.8,1488886
2021-06-22 10:04:58,1515.8,1488886
2021-06-22 10:04:59,1515.8,1488886
2021-06-22 10:05:00,1515.8,1488950
2021-06-22 10:05:01,1515.8,1488957
2021-06-22 10:05:02,1515.7,1489008
2021-06-22 10:05:03,1515.8,1489239
2021-06-22 10:05:05,1515.7,1489612
2021-06-22 10:05:06,1515.8,1490064
2021-06-22 10:05:07,1515.8,1490242
2021-06-22 10:05:07,1515.8,1491348
2021-06-22 10:05:08,1515.55,1491373
2021-06-22 10:05:12,1515.8,1491700
2021-06-22 10:05:13,1515.6,1491729
2021-06-22 10:05:14,1515.6,1491740
2021-06-22 10:05:15,1515.5,1492331
2021-06-22 10:05:15,1515.8,1492341
2021-06-22 10:05:16,1515.5,1492396
2021-06-22 10:05:17,1515.75,1492622
2021-06-22 10:05:18,1515.75,1492709
2021-06-22 10:05:20,1515.7,1492762
2021-06-22 10:05:21,1515.55,1492998
2021-06-22 10:05:22,1515.55,1493162
2021-06-22 10:05:22,1515.75,1493202
2021-06-22 10:05:23,1515.75,1493395
2021-06-22 10:05:24,1515.45,1493530
2021-06-22 10:05:25,1515.45,1493530
2021-06-22 10:05:26,1515.5,1493535
2021-06-22 10:05:30,1515.2,1494063
2021-06-22 10:05:31,1515.2,1494533
2021-06-22 10:05:33,1515.2,1494538
2021-06-22 10:05:34,1515.1,1494925
2021-06-22 10:05:35,1515.2,1495082
2021-06-22 10:05:36,1515.1,1495306
2021-06-22 10:05:37,1515.1,1495932
2021-06-22 10:05:38,1515.1,1495932
2021-06-22 10:05:40,1515.2,1496072
2021-06-22 10:05:41,1515.15,1496102
2021-06-22 10:05:42,1515.1,1496515
2021-06-22 10:05:43,1515.2,1496565
2021-06-22 10:05:44,1515.1,1496858
2021-06-22 10:05:45,1515.2,1496883
2021-06-22 10:05:46,1515.1,1497608
2021-06-22 10:05:47,1515.2,1498270
2021-06-22 10:05:47,1515.5,1498566
2021-06-22 10:05:48,1515.0,1499749
2021-06-22 10:05:50,1514.55,1502123
2021-06-22 10:05:51,1514.65,1502324
2021-06-22 10:05:52,1514.45,1502398
2021-06-22 10:05:53,1514.9,1503002
2021-06-22 10:05:54,1514.95,1503368
2021-06-22 10:05:55,1514.95,1503384
2021-06-22 10:05:56,1514.95,1503384
2021-06-22 10:05:57,1514.95,1503399
2021-06-22 10:05:58,1514.95,1503421
2021-06-22 10:06:00,1514.95,1503439
2021-06-22 10:06:01,1514.35,1503478
2021-06-22 10:06:02,1514.35,1503633
2021-06-22 10:06:03,1514.95,1503635
2021-06-22 10:06:04,1514.4,1503650
2021-06-22 10:06:05,1515.05,1504502
2021-06-22 10:06:06,1514.95,1505666
2021-06-22 10:06:06,1514.95,1505666
2021-06-22 10:06:09,1514.95,1506325
2021-06-22 10:06:11,1515.1,1506656
2021-06-22 10:06:12,1515.1,1506657
2021-06-22 10:06:14,1514.95,1507278
2021-06-22 10:06:15,1515.0,1507339
2021-06-22 10:06:16,1515.45,1507553
2021-06-22 10:06:17,1515.0,1507854
2021-06-22 10:06:18,1515.0,1508189
2021-06-22 10:06:18,1515.0,1507925
2021-06-22 10:06:19,1514.6,1508355
2021-06-22 10:06:20,1514.6,1508391
2021-06-22 10:06:22,1514.6,1509023
2021-06-22 10:06:23,1515.0,1509225
2021-06-22 10:06:24,1515.0,1509236
2021-06-22 10:06:25,1515.0,1509271
2021-06-22 10:06:26,1515.45,1509481
2021-06-22 10:06:27,1515.4,1509502
2021-06-22 10:06:27,1515.4,1509502
2021-06-22 10:06:29,1515.4,1509511
2021-06-22 10:06:30,1514.95,1509536
2021-06-22 10:06:31,1515.4,1509756
2021-06-22 10:06:32,1515.0,1509759
2021-06-22 10:06:32,1514.95,1509879
2021-06-22 10:06:34,1514.95,1509944
2021-06-22 10:06:35,1515.4,1509969
2021-06-22 10:06:37,1515.05,1510790
2021-06-22 10:06:38,1514.7,1511404
2021-06-22 10:06:39,1515.0,1511483
2021-06-22 10:06:40,1515.0,1511510
2021-06-22 10:06:41,1514.7,1511516
2021-06-22 10:06:43,1515.0,1511596
2021-06-22 10:06:44,1514.7,1511959
2021-06-22 10:06:45,1514.7,1512333
2021-06-22 10:06:46,1514.65,1512580
2021-06-22 10:06:48,1514.7,1512667
2021-06-22 10:06:49,1514.7,1512667
2021-06-22 10:06:50,1515.1,1512727
2021-06-22 10:06:51,1515.0,1512754
2021-06-22 10:06:52,1514.7,1512780
2021-06-22 10:06:52,1514.7,1512780
2021-06-22 10:06:54,1514.7,1512791
2021-06-22 10:06:55,1514.7,1512925
2021-06-22 10:06:56,1514.7,1512925
2021-06-22 10:06:57,1514.7,1513107
2021-06-22 10:06:59,1514.95,1513605
2021-06-22 10:06:59,1514.6,1513785
2021-06-22 10:07:01,1514.6,1513811
2021-06-22 10:07:02,1514.55,1514260
2021-06-22 10:07:03,1514.2,1514824
2021-06-22 10:07:04,1514.45,1514835
2021-06-22 10:07:05,1514.15,1515065
2021-06-22 10:07:08,1514.65,1515217
2021-06-22 10:07:09,1514.65,1515333
2021-06-22 10:07:10,1514.15,1515715
2021-06-22 10:07:11,1514.1,1516274
2021-06-22 10:07:12,1514.6,1516642
2021-06-22 10:07:13,1514.7,1516644
2021-06-22 10:07:13,1514.7,1516644
2021-06-22 10:07:15,1514.7,1516644
2021-06-22 10:07:16,1514.5,1516665
2021-06-22 10:07:18,1514.5,1516877
2021-06-22 10:07:18,1514.0,1518855
2021-06-22 10:07:19,1514.15,1519521
2021-06-22 10:07:21,1514.7,1519658
2021-06-22 10:07:22,1514.7,1519818
2021-06-22 10:07:23,1514.65,1519823
2021-06-22 10:07:24,1514.05,1519845
2021-06-22 10:07:24,1514.7,1519870
2021-06-22 10:07:26,1514.7,1519876
2021-06-22 10:07:28,1514.55,1519981
2021-06-22 10:07:29,1514.0,1520418
2021-06-22 10:07:30,1514.05,1520715
2021-06-22 10:07:31,1514.6,1520941
2021-06-22 10:07:31,1514.55,1521007
2021-06-22 10:07:33,1514.6,1521008
2021-06-22 10:07:34,1514.6,1521008
2021-06-22 10:07:35,1514.65,1521160
2021-06-22 10:07:36,1514.7,1521437
2021-06-22 10:07:36,1514.7,1521500
2021-06-22 10:07:38,1514.7,1521503
2021-06-22 10:07:39,1514.7,1521553
2021-06-22 10:07:40,1514.15,1521578
2021-06-22 10:07:42,1514.5,1521616
2021-06-22 10:07:43,1514.25,1521658
2021-06-22 10:07:44,1514.25,1521658
2021-06-22 10:07:46,1514.5,1521693
2021-06-22 10:07:47,1514.25,1521839
2021-06-22 10:07:48,1514.7,1521892
2021-06-22 10:07:49,1514.45,1521911
2021-06-22 10:07:50,1514.45,1521912
2021-06-22 10:07:51,1514.4,1522156
2021-06-22 10:07:52,1514.7,1522176
2021-06-22 10:07:54,1514.4,1522576
2021-06-22 10:07:55,1514.4,1522604
2021-06-22 10:07:56,1514.85,1522627
2021-06-22 10:07:57,1514.85,1522627
2021-06-22 10:07:58,1514.85,1522627
2021-06-22 10:07:59,1514.85,1522627
2021-06-22 10:08:00,1514.4,1522639
2021-06-22 10:08:01,1514.95,1522654
2021-06-22 10:08:02,1514.95,1522654
2021-06-22 10:08:03,1514.4,1522703
2021-06-22 10:08:04,1514.75,1523194
2021-06-22 10:08:05,1514.4,1523661
2021-06-22 10:08:06,1515.0,1524447
2021-06-22 10:08:08,1515.0,1524537
2021-06-22 10:08:09,1515.0,1524537
2021-06-22 10:08:10,1515.0,1524537
2021-06-22 10:08:12,1514.5,1524550
2021-06-22 10:08:11,1514.5,1524550
2021-06-22 10:08:13,1514.4,1524714
2021-06-22 10:08:15,1514.8,1525396
2021-06-22 10:08:16,1514.95,1525575
2021-06-22 10:08:18,1515.0,1525695
2021-06-22 10:08:19,1514.95,1526309
2021-06-22 10:08:21,1515.0,1526893
2021-06-22 10:08:22,1514.4,1526894
2021-06-22 10:08:23,1514.4,1526894
2021-06-22 10:08:24,1514.4,1526894
2021-06-22 10:08:25,1514.95,1526936
2021-06-22 10:08:26,1514.95,1526936
2021-06-22 10:08:27,1514.95,1526936
2021-06-22 10:08:29,1514.5,1526941
2021-06-22 10:08:28,1514.95,1526936
2021-06-22 10:08:30,1514.95,1527014
2021-06-22 10:08:31,1514.95,1527015
2021-06-22 10:08:32,1514.95,1527170
2021-06-22 10:08:33,1514.95,1527172
2021-06-22 10:08:34,1514.5,1527322
2021-06-22 10:08:35,1514.5,1527322
2021-06-22 10:08:36,1514.5,1527325
2021-06-22 10:08:37,1514.5,1527336
2021-06-22 10:08:38,1514.95,1527459
2021-06-22 10:08:40,1514.95,1527460
2021-06-22 10:08:41,1514.95,1527470
2021-06-22 10:08:43,1514.95,1527661
2021-06-22 10:08:44,1514.5,1527666
2021-06-22 10:08:45,1514.9,1527676
2021-06-22 10:08:48,1514.5,1527778
2021-06-22 10:08:50,1514.5,1527981
2021-06-22 10:08:51,1514.5,1528311
2021-06-22 10:08:53,1514.35,1529131
2021-06-22 10:08:54,1514.4,1531735
