timestamp,ltp,volume
2021-06-22 09:16:34,205.45,553175
2021-06-22 09:16:35,205.45,553323
2021-06-22 09:16:36,205.45,553852
2021-06-22 09:16:37,205.45,554694
2021-06-22 09:16:39,205.3,564839
2021-06-22 09:16:40,205.4,565762
2021-06-22 09:16:41,205.45,567012
2021-06-22 09:16:42,205.45,568374
2021-06-22 09:16:43,205.3,569135
2021-06-22 09:16:44,205.45,569822
2021-06-22 09:16:45,205.45,570240
2021-06-22 09:16:47,205.35,572396
2021-06-22 09:16:48,205.45,575246
2021-06-22 09:16:49,205.5,581956
2021-06-22 09:16:51,205.5,583393
2021-06-22 09:16:52,205.45,584358
2021-06-22 09:16:53,205.5,584953
2021-06-22 09:16:54,205.45,585916
2021-06-22 09:16:56,205.5,589416
2021-06-22 09:16:55,205.5,589416
2021-06-22 09:16:57,205.5,589934
2021-06-22 09:16:58,205.3,592783
2021-06-22 09:16:59,205.3,596733
2021-06-22 09:17:00,205.4,598378
2021-06-22 09:17:01,205.4,598519
2021-06-22 09:17:02,205.4,598619
2021-06-22 09:17:03,205.4,601047
2021-06-22 09:17:04,205.3,601687
2021-06-22 09:17:05,205.3,601689
2021-06-22 09:17:07,205.3,602839
2021-06-22 09:17:08,205.4,604610
2021-06-22 09:17:10,205.3,632030
2021-06-22 09:17:11,205.25,651005
2021-06-22 09:17:12,205.1,668901
2021-06-22 09:17:13,205.1,673403
2021-06-22 09:17:15,205.2,673960
2021-06-22 09:17:15,205.15,675477
2021-06-22 09:17:16,205.2,679334
2021-06-22 09:17:18,205.1,680802
2021-06-22 09:17:18,205.1,680802
2021-06-22 09:17:19,205.2,686054
2021-06-22 09:17:20,205.05,736648
2021-06-22 09:17:21,205.15,740408
2021-06-22 09:17:22,205.2,742218
2021-06-22 09:17:23,205.15,743592
2021-06-22 09:17:24,205.0,769649
2021-06-22 09:17:25,205.2,773958
2021-06-22 09:17:27,205.2,774698
2021-06-22 09:17:27,205.1,774849
2021-06-22 09:17:28,205.15,776050
2021-06-22 09:17:29,205.05,777269
2021-06-22 09:17:30,205.2,778672
2021-06-22 09:17:31,205.15,779241
2021-06-22 09:17:32,205.15,779751
2021-06-22 09:17:33,205.2,783016
2021-06-22 09:17:34,205.2,783722
2021-06-22 09:17:36,205.25,787451
2021-06-22 09:17:37,205.3,793599
2021-06-22 09:17:38,205.2,794195
2021-06-22 09:17:39,205.2,794696
2021-06-22 09:17:41,205.25,800197
2021-06-22 09:17:42,205.2,801078
2021-06-22 09:17:43,205.25,801580
2021-06-22 09:17:44,205.25,802457
2021-06-22 09:17:45,205.25,802600
2021-06-22 09:17:46,205.25,802605
2021-06-22 09:17:47,205.25,802806
2021-06-22 09:17:48,205.25,803535
2021-06-22 09:17:49,205.2,807157
2021-06-22 09:17:50,205.2,807616
2021-06-22 09:17:52,205.3,807916
2021-06-22 09:17:52,205.4,816961
2021-06-22 09:17:54,205.3,821983
2021-06-22 09:17:54,205.3,822484
2021-06-22 09:17:55,205.45,822736
2021-06-22 09:17:56,205.4,829577
2021-06-22 09:17:57,205.45,832219
2021-06-22 09:17:58,205.4,833252
2021-06-22 09:17:59,205.3,835478
2021-06-22 09:18:00,205.4,838977
2021-06-22 09:18:01,205.4,839494
2021-06-22 09:18:02,205.4,839588
2021-06-22 09:18:04,205.4,846520
2021-06-22 09:18:05,205.35,846530
2021-06-22 09:18:07,205.4,847431
2021-06-22 09:18:07,205.4,847853
2021-06-22 09:18:08,205.45,848482
2021-06-22 09:18:09,205.45,848736
2021-06-22 09:18:11,205.35,850102
2021-06-22 09:18:11,205.35,850102
2021-06-22 09:18:12,205.45,850515
2021-06-22 09:18:13,205.4,850639
2021-06-22 09:18:14,205.5,862959
2021-06-22 09:18:15,205.35,863147
2021-06-22 09:18:16,205.5,865171
2021-06-22 09:18:18,205.35,865768
2021-06-22 09:18:19,205.5,866272
2021-06-22 09:18:19,205.35,866476
2021-06-22 09:18:21,205.5,868569
2021-06-22 09:18:23,205.5,869657
2021-06-22 09:18:24,205.4,872491
2021-06-22 09:18:25,205.5,875101
2021-06-22 09:18:26,205.4,876190
2021-06-22 09:18:27,205.4,877151
2021-06-22 09:18:28,205.4,878579
2021-06-22 09:18:29,205.4,878823
2021-06-22 09:18:30,205.5,878827
2021-06-22 09:18:31,205.5,879444
2021-06-22 09:18:32,205.5,880634
2021-06-22 09:18:33,205.4,891040
2021-06-22 09:18:34,205.4,894561
2021-06-22 09:18:36,205.5,897976
2021-06-22 09:18:36,205.35,898382
2021-06-22 09:18:37,205.35,899069
2021-06-22 09:18:38,205.5,900618
2021-06-22 09:18:39,205.4,924059
2021-06-22 09:18:40,205.4,928844
2021-06-22 09:18:42,205.35,930130
2021-06-22 09:18:43,205.5,930142
2021-06-22 09:18:44,205.5,931775
2021-06-22 09:18:44,205.5,931779
2021-06-22 09:18:45,205.45,933010
2021-06-22 09:18:46,205.5,936656
2021-06-22 09:18:47,205.5,939556
2021-06-22 09:18:48,205.5,941124
2021-06-22 09:18:51,205.35,947368
2021-06-22 09:18:52,205.5,948580
2021-06-22 09:18:52,205.5,950620
2021-06-22 09:18:53,205.45,952063
2021-06-22 09:18:54,205.45,952430
2021-06-22 09:18:55,205.45,953570
2021-06-22 09:18:56,205.45,956131
2021-06-22 09:18:57,205.45,956489
2021-06-22 09:18:58,205.45,956690
2021-06-22 09:19:00,205.45,957363
2021-06-22 09:19:00,205.45,957890
2021-06-22 09:19:03,205.4,959683
2021-06-22 09:19:04,205.45,959934
2021-06-22 09:19:05,205.4,960040
2021-06-22 09:19:05,205.4,959999
2021-06-22 09:19:06,205.45,960288
2021-06-22 09:19:07,205.35,961288
2021-06-22 09:19:08,205.4,963784
2021-06-22 09:19:09,205.45,964411
2021-06-22 09:19:10,205.35,966326
2021-06-22 09:19:12,205.45,967437
2021-06-22 09:19:13,205.45,967605
2021-06-22 09:19:13,205.45,967730
2021-06-22 09:19:14,205.4,967742
2021-06-22 09:19:15,205.45,967746
2021-06-22 09:19:17,205.4,985177
2021-06-22 09:19:18,205.45,992067
2021-06-22 09:19:19,205.4,992267
2021-06-22 09:19:19,205.4,992517
2021-06-22 09:19:20,205.4,992838
2021-06-22 09:19:21,205.4,993058
2021-06-22 09:19:22,205.4,993230
2021-06-22 09:19:23,205.3,993831
2021-06-22 09:19:24,205.4,993901
2021-06-22 09:19:26,205.3,995492
2021-06-22 09:19:26,205.4,995487
2021-06-22 09:19:27,205.4,996862
2021-06-22 09:19:28,205.3,997103
2021-06-22 09:19:29,205.4,997256
2021-06-22 09:19:30,205.4,997361
2021-06-22 09:19:32,205.4,1000942
2021-06-22 09:19:32,205.3,1000972
2021-06-22 09:19:33,205.3,1001172
2021-06-22 09:19:34,205.35,1001891
2021-06-22 09:19:35,205.3,1009553
2021-06-22 09:19:36,205.35,1010827
2021-06-22 09:19:38,205.4,1013532
2021-06-22 09:19:39,205.4,1014444
2021-06-22 09:19:39,205.4,1014294
2021-06-22 09:19:40,205.4,1014855
2021-06-22 09:19:42,205.3,1017067
2021-06-22 09:19:43,205.4,1020584
2021-06-22 09:19:43,205.4,1017854
2021-06-22 09:19:44,205.4,1021305
2021-06-22 09:19:45,205.4,1024225
2021-06-22 09:19:46,205.4,1024446
2021-06-22 09:19:47,205.45,1025157
2021-06-22 09:19:48,205.45,1025933
2021-06-22 09:19:49,205.45,1025936
2021-06-22 09:19:51,205.4,1027860
2021-06-22 09:19:52,205.5,1037663
2021-06-22 09:19:53,205.4,1059962
2021-06-22 09:19:54,205.4,1061928
2021-06-22 09:19:54,205.4,1061928
2021-06-22 09:19:56,205.4,1062481
2021-06-22 09:19:56,205.4,1062481
2021-06-22 09:19:57,205.4,1063134
2021-06-22 09:19:58,205.4,1066310
2021-06-22 09:19:59,205.4,1066525
2021-06-22 09:20:01,205.4,1067098
2021-06-22 09:20:04,205.35,1068879
2021-06-22 09:20:04,205.4,1068969
2021-06-22 09:20:06,205.4,1069708
2021-06-22 09:20:07,205.4,1069830
2021-06-22 09:20:08,205.4,1072538
2021-06-22 09:20:09,205.35,1072789
2021-06-22 09:20:09,205.35,1072789
2021-06-22 09:20:10,205.4,1073289
2021-06-22 09:20:11,205.4,1073954
2021-06-22 09:20:12,205.35,1076817
2021-06-22 09:20:13,205.3,1077426
2021-06-22 09:20:14,205.4,1077487
2021-06-22 09:20:15,205.3,1081585
2021-06-22 09:20:17,205.35,1083711
2021-06-22 09:20:18,205.4,1084468
2021-06-22 09:20:19,205.35,1084469
2021-06-22 09:20:20,205.35,1085169
2021-06-22 09:20:21,205.35,1086445
2021-06-22 09:20:22,205.35,1088862
2021-06-22 09:20:23,205.4,1089962
2021-06-22 09:20:24,205.4,1091803
2021-06-22 09:20:25,205.3,1094148
2021-06-22 09:20:26,205.4,1097424
2021-06-22 09:20:26,205.4,1097424
2021-06-22 09:20:28,205.4,1102680
2021-06-22 09:20:29,205.25,1110449
2021-06-22 09:20:30,205.3,1113569
2021-06-22 09:20:31,205.35,1114869
2021-06-22 09:20:32,205.25,1114995
2021-06-22 09:20:33,205.25,1115582
2021-06-22 09:20:34,205.25,1115909
2021-06-22 09:20:35,205.2,1116607
2021-06-22 09:20:36,205.2,1116663
2021-06-22 09:20:37,205.2,1118540
2021-06-22 09:20:38,205.2,1119169
2021-06-22 09:20:39,205.35,1119182
2021-06-22 09:20:40,205.4,1139182
2021-06-22 09:20:41,205.4,1140692
2021-06-22 09:20:41,205.4,1140692
2021-06-22 09:20:42,205.4,1141882
2021-06-22 09:20:43,205.4,1141911
2021-06-22 09:20:45,205.25,1145336
2021-06-22 09:20:46,205.35,1149492
2021-06-22 09:20:46,205.25,1149479
2021-06-22 09:20:47,205.4,1152807
2021-06-22 09:20:48,205.4,1156199
2021-06-22 09:20:50,205.25,1156441
2021-06-22 09:20:51,205.4,1157296
2021-06-22 09:20:51,205.4,1157295
2021-06-22 09:20:52,205.4,1158121
2021-06-22 09:20:54,205.4,1159124
2021-06-22 09:20:54,205.3,1161527
2021-06-22 09:20:55,205.4,1164544
2021-06-22 09:20:57,205.4,1165365
2021-06-22 09:20:59,205.3,1166256
2021-06-22 09:21:00,205.4,1166483
2021-06-22 09:21:00,205.4,1168483
2021-06-22 09:21:02,205.4,1169622
2021-06-22 09:21:03,205.4,1171863
2021-06-22 09:21:04,205.4,1171979
2021-06-22 09:21:04,205.4,1171979
2021-06-22 09:21:05,205.45,1172000
2021-06-22 09:21:06,205.4,1173458
2021-06-22 09:21:07,205.35,1177593
2021-06-22 09:21:08,205.4,1180228
2021-06-22 09:21:12,205.35,1181744
2021-06-22 09:21:13,205.3,1182721
2021-06-22 09:21:14,205.3,1182721
2021-06-22 09:21:15,205.35,1185035
2021-06-22 09:21:15,205.4,1182781
2021-06-22 09:21:16,205.35,1185527
2021-06-22 09:21:17,205.3,1186141
2021-06-22 09:21:18,205.3,1186627
2021-06-22 09:21:20,205.35,1186876
2021-06-22 09:21:21,205.3,1188722
2021-06-22 09:21:22,205.35,1189120
2021-06-22 09:21:23,205.3,1191027
2021-06-22 09:21:24,205.4,1196232
2021-06-22 09:21:24,205.4,1197182
2021-06-22 09:21:25,205.4,1197222
2021-06-22 09:21:26,205.4,1199844
2021-06-22 09:21:27,205.4,1200022
2021-06-22 09:21:28,205.4,1201888
2021-06-22 09:21:29,205.4,1202602
2021-06-22 09:21:31,205.4,1208625
2021-06-22 09:21:32,205.4,1209757
2021-06-22 09:21:33,205.4,1210984
2021-06-22 09:21:34,205.35,1211895
2021-06-22 09:21:34,205.35,1211895
2021-06-22 09:21:35,205.4,1215432
2021-06-22 09:21:37,205.4,1245814
2021-06-22 09:21:38,205.45,1249875
2021-06-22 09:21:39,205.45,1250342
2021-06-22 09:21:40,205.4,1250365
2021-06-22 09:21:41,205.45,1250383
2021-06-22 09:21:42,205.45,1251287
2021-06-22 09:21:43,205.45,1251431
2021-06-22 09:21:44,205.45,1251437
2021-06-22 09:21:46,205.45,1255378
2021-06-22 09:21:46,205.45,1255381
2021-06-22 09:21:47,205.5,1267593
2021-06-22 09:21:49,205.5,1268298
2021-06-22 09:21:49,205.5,1268546
2021-06-22 09:21:50,205.5,1268788
2021-06-22 09:21:52,205.5,1268802
2021-06-22 09:21:55,205.5,1270685
2021-06-22 09:21:56,205.4,1271636
2021-06-22 09:21:57,205.5,1273006
2021-06-22 09:21:58,205.5,1275327
2021-06-22 09:22:00,205.5,1276651
2021-06-22 09:22:01,205.5,1277105
2021-06-22 09:22:02,205.5,1278387
2021-06-22 09:22:03,205.5,1278397
2021-06-22 09:22:05,205.5,1278449
2021-06-22 09:22:07,205.5,1279997
2021-06-22 09:22:08,205.45,1282096
2021-06-22 09:22:09,205.4,1285149
2021-06-22 09:22:09,205.4,1287684
2021-06-22 09:22:12,205.4,1316358
2021-06-22 09:22:13,205.3,1320597
2021-06-22 09:22:14,205.45,1321167
2021-06-22 09:22:14,205.3,1321629
2021-06-22 09:22:15,205.35,1322582
2021-06-22 09:22:18,205.45,1325325
2021-06-22 09:22:19,205.35,1325609
2021-06-22 09:22:21,205.3,1327656
2021-06-22 09:22:25,205.45,1331382
2021-06-22 09:22:28,205.45,1334442
2021-06-22 09:22:29,205.35,1334727
2021-06-22 09:22:31,205.45,1338801
2021-06-22 09:22:32,205.45,1339578
2021-06-22 09:22:33,205.45,1340179
2021-06-22 09:22:34,205.5,1340391
2021-06-22 09:22:35,205.5,1340591
2021-06-22 09:22:36,205.35,1341096
2021-06-22 09:22:37,205.5,1341818
2021-06-22 09:22:38,205.5,1341821
2021-06-22 09:22:39,205.4,1342370
2021-06-22 09:22:40,205.45,1342372
2021-06-22 09:22:41,205.45,1342483
2021-06-22 09:22:42,205.35,1343059
2021-06-22 09:22:43,205.45,1344394
2021-06-22 09:22:44,205.4,1345669
2021-06-22 09:22:45,205.4,1346917
2021-06-22 09:22:45,205.5,1346987
2021-06-22 09:22:46,205.5,1347440
2021-06-22 09:22:47,205.5,1347640
2021-06-22 09:22:48,205.5,1347675
2021-06-22 09:22:49,205.5,1354957
2021-06-22 09:22:50,205.5,1355277
2021-06-22 09:22:52,205.45,1356868
2021-06-22 09:22:53,205.5,1357443
2021-06-22 09:22:53,205.45,1357644
2021-06-22 09:22:55,205.55,1358275
2021-06-22 09:22:55,205.5,1358787
2021-06-22 09:22:59,205.55,1361149
2021-06-22 09:22:59,205.55,1361203
2021-06-22 09:23:01,205.55,1361585
2021-06-22 09:23:02,205.55,1361993
2021-06-22 09:23:03,205.45,1363171
2021-06-22 09:23:04,205.5,1364348
2021-06-22 09:23:05,205.55,1364898
2021-06-22 09:23:06,205.55,1367759
2021-06-22 09:23:07,205.45,1368459
2021-06-22 09:23:08,205.55,1369207
2021-06-22 09:23:09,205.55,1370604
2021-06-22 09:23:10,205.6,1371704
2021-06-22 09:23:11,205.55,1372064
2021-06-22 09:23:12,205.55,1372264
2021-06-22 09:23:13,205.6,1373667
2021-06-22 09:23:14,205.6,1373667
2021-06-22 09:23:15,205.55,1375078
2021-06-22 09:23:16,205.5,1376748
2021-06-22 09:23:17,205.6,1402042
2021-06-22 09:23:18,205.5,1403660
2021-06-22 09:23:19,205.6,1404762
2021-06-22 09:23:20,205.6,1404920
2021-06-22 09:23:21,205.6,1405830
2021-06-22 09:23:22,205.6,1408833
2021-06-22 09:23:23,205.5,1410754
2021-06-22 09:23:24,205.55,1411811
2021-06-22 09:23:26,205.6,1415465
2021-06-22 09:23:27,205.55,1416630
2021-06-22 09:23:28,205.55,1419252
2021-06-22 09:23:29,205.5,1430106
2021-06-22 09:23:30,205.55,1436558
2021-06-22 09:23:31,205.5,1437465
2021-06-22 09:23:32,205.55,1437840
2021-06-22 09:23:32,205.55,1438559
2021-06-22 09:23:34,205.5,1439720
2021-06-22 09:23:35,205.55,1440579
2021-06-22 09:23:36,205.5,1443075
2021-06-22 09:23:37,205.55,1444733
2021-06-22 09:23:38,205.6,1447595
2021-06-22 09:23:39,205.6,1447859
2021-06-22 09:23:40,205.6,1447859
2021-06-22 09:23:41,205.5,1448282
2021-06-22 09:23:42,205.6,1448739
2021-06-22 09:23:43,205.6,1449622
2021-06-22 09:23:44,205.5,1449813
2021-06-22 09:23:45,205.6,1449883
2021-06-22 09:23:46,205.55,1451933
2021-06-22 09:23:47,205.6,1452489
2021-06-22 09:23:48,205.6,1452691
2021-06-22 09:23:49,205.55,1453026
2021-06-22 09:23:50,205.55,1456007
2021-06-22 09:23:51,205.6,1456977
2021-06-22 09:23:52,205.6,1456979
2021-06-22 09:23:53,205.6,1459412
2021-06-22 09:23:54,205.5,1459627
2021-06-22 09:23:55,205.6,1460646
2021-06-22 09:23:56,205.5,1460653
2021-06-22 09:23:57,205.5,1460884
2021-06-22 09:23:58,205.6,1461333
2021-06-22 09:23:59,205.6,1461448
2021-06-22 09:24:00,205.5,1480995
2021-06-22 09:24:01,205.5,1481213
2021-06-22 09:24:02,205.55,1485677
2021-06-22 09:24:03,205.55,1486570
2021-06-22 09:24:04,205.5,1486701
2021-06-22 09:24:05,205.5,1487383
2021-06-22 09:24:06,205.55,1490551
2021-06-22 09:24:07,205.45,1491639
2021-06-22 09:24:08,205.55,1493920
2021-06-22 09:24:09,205.55,1494385
2021-06-22 09:24:10,205.5,1494793
2021-06-22 09:24:11,205.55,1494954
2021-06-22 09:24:12,205.45,1496959
2021-06-22 09:24:13,205.55,1498843
2021-06-22 09:24:14,205.45,1499503
2021-06-22 09:24:15,205.5,1500013
2021-06-22 09:24:16,205.45,1502456
2021-06-22 09:24:17,205.55,1502811
2021-06-22 09:24:18,205.45,1511795
2021-06-22 09:24:19,205.5,1516714
2021-06-22 09:24:20,205.5,1519239
2021-06-22 09:24:21,205.5,1519810
2021-06-22 09:24:22,205.45,1521840
2021-06-22 09:24:23,205.5,1528424
2021-06-22 09:24:24,205.4,1539846
2021-06-22 09:24:25,205.5,1540664
2021-06-22 09:24:26,205.5,1556220
2021-06-22 09:24:27,205.5,1557336
2021-06-22 09:24:28,205.5,1557899
2021-06-22 09:24:29,205.5,1579401
2021-06-22 09:24:30,205.4,1605315
2021-06-22 09:24:31,205.4,1607985
2021-06-22 09:24:32,205.4,1609137
2021-06-22 09:24:33,205.4,1610234
2021-06-22 09:24:34,205.4,1610541
2021-06-22 09:24:35,205.35,1610634
2021-06-22 09:24:37,205.35,1612242
2021-06-22 09:24:38,205.4,1615792
2021-06-22 09:24:39,205.4,1616600
2021-06-22 09:24:40,205.4,1616746
2021-06-22 09:24:41,205.4,1616997
2021-06-22 09:24:42,205.4,1617650
2021-06-22 09:24:43,205.4,1619263
2021-06-22 09:24:44,205.4,1621326
2021-06-22 09:24:45,205.4,1621326
2021-06-22 09:24:46,205.4,1621334
2021-06-22 09:24:47,205.4,1621334
2021-06-22 09:24:48,205.45,1625150
2021-06-22 09:24:49,205.45,1625853
2021-06-22 09:24:50,205.3,1626981
2021-06-22 09:24:51,205.45,1627076
2021-06-22 09:24:53,205.4,1628269
2021-06-22 09:24:54,205.45,1628451
2021-06-22 09:24:55,205.35,1628461
2021-06-22 09:24:56,205.45,1628491
2021-06-22 09:24:57,205.4,1629643
2021-06-22 09:24:58,205.45,1629851
2021-06-22 09:24:59,205.45,1629909
2021-06-22 09:25:00,205.35,1630169
2021-06-22 09:25:01,205.45,1630309
2021-06-22 09:25:02,205.45,1632887
2021-06-22 09:25:03,205.5,1643518
2021-06-22 09:25:04,205.4,1643537
2021-06-22 09:25:05,205.45,1645320
2021-06-22 09:25:06,205.35,1645347
2021-06-22 09:25:07,205.45,1645461
2021-06-22 09:25:09,205.35,1646844
2021-06-22 09:25:10,205.35,1647402
2021-06-22 09:25:11,205.35,1647469
2021-06-22 09:25:12,205.35,1647533
2021-06-22 09:25:13,205.45,1650649
2021-06-22 09:25:14,205.45,1650859
2021-06-22 09:25:15,205.45,1651425
2021-06-22 09:25:16,205.35,1652718
2021-06-22 09:25:17,205.3,1653229
2021-06-22 09:25:18,205.4,1653381
2021-06-22 09:25:19,205.45,1653847
2021-06-22 09:25:20,205.45,1654149
2021-06-22 09:25:21,205.4,1654186
2021-06-22 09:25:22,205.45,1654321
2021-06-22 09:25:23,205.45,1654346
2021-06-22 09:25:24,205.35,1654700
2021-06-22 09:25:25,205.35,1656062
2021-06-22 09:25:26,205.3,1657679
2021-06-22 09:25:27,205.45,1659608
2021-06-22 09:25:28,205.45,1659822
2021-06-22 09:25:29,205.45,1661617
2021-06-22 09:25:30,205.45,1661908
2021-06-22 09:25:31,205.45,1661931
2021-06-22 09:25:32,205.45,1663193
2021-06-22 09:25:33,205.45,1663193
2021-06-22 09:25:34,205.35,1665993
2021-06-22 09:25:35,205.4,1667703
2021-06-22 09:25:36,205.4,1670155
2021-06-22 09:25:37,205.4,1670857
2021-06-22 09:25:38,205.35,1671979
2021-06-22 09:25:39,205.35,1671981
2021-06-22 09:25:40,205.4,1672133
2021-06-22 09:25:42,205.4,1677851
2021-06-22 09:25:43,205.4,1677988
2021-06-22 09:25:45,205.4,1678179
2021-06-22 09:25:46,205.35,1678389
2021-06-22 09:25:48,205.35,1679356
2021-06-22 09:25:49,205.35,1681211
2021-06-22 09:25:50,205.35,1681762
2021-06-22 09:25:51,205.4,1681766
2021-06-22 09:25:52,205.4,1681766
2021-06-22 09:25:53,205.4,1682476
2021-06-22 09:25:54,205.4,1682576
2021-06-22 09:25:55,205.4,1685595
2021-06-22 09:25:56,205.35,1685725
2021-06-22 09:25:57,205.4,1686582
2021-06-22 09:25:58,205.4,1686657
2021-06-22 09:25:59,205.4,1686728
2021-06-22 09:26:00,205.4,1687497
2021-06-22 09:26:01,205.4,1691934
2021-06-22 09:26:02,205.35,1692357
2021-06-22 09:26:03,205.4,1692800
2021-06-22 09:26:04,205.35,1693578
2021-06-22 09:26:05,205.35,1693633
2021-06-22 09:26:06,205.3,1694189
2021-06-22 09:26:07,205.35,1694734
2021-06-22 09:26:08,205.35,1696313
2021-06-22 09:26:09,205.4,1699081
2021-06-22 09:26:10,205.3,1699233
2021-06-22 09:26:11,205.3,1699383
2021-06-22 09:26:12,205.4,1699488
2021-06-22 09:26:14,205.4,1700188
2021-06-22 09:26:15,205.35,1701138
2021-06-22 09:26:16,205.35,1701709
2021-06-22 09:26:17,205.35,1702188
2021-06-22 09:26:18,205.4,1703342
2021-06-22 09:26:21,205.35,1703683
2021-06-22 09:26:22,205.4,1703688
2021-06-22 09:26:23,205.35,1703993
2021-06-22 09:26:24,205.4,1708352
2021-06-22 09:26:25,205.35,1709703
2021-06-22 09:26:26,205.4,1709709
2021-06-22 09:26:27,205.35,1709720
2021-06-22 09:26:28,205.4,1719326
2021-06-22 09:26:29,205.35,1719982
2021-06-22 09:26:30,205.4,1719992
2021-06-22 09:26:31,205.45,1722239
2021-06-22 09:26:32,205.5,1725603
2021-06-22 09:26:33,205.5,1725603
2021-06-22 09:26:35,205.5,1729047
2021-06-22 09:26:36,205.5,1729452
2021-06-22 09:26:37,205.5,1729890
2021-06-22 09:26:38,205.4,1729935
2021-06-22 09:26:39,205.5,1730244
2021-06-22 09:26:40,205.5,1730319
2021-06-22 09:26:41,205.45,1731336
2021-06-22 09:26:42,205.45,1731469
2021-06-22 09:26:43,205.5,1731689
2021-06-22 09:26:44,205.4,1737039
2021-06-22 09:26:45,205.4,1737547
2021-06-22 09:26:46,205.5,1737570
2021-06-22 09:26:47,205.5,1737670
2021-06-22 09:26:49,205.5,1737751
2021-06-22 09:26:48,205.5,1737751
2021-06-22 09:26:50,205.4,1737801
2021-06-22 09:26:51,205.5,1738940
2021-06-22 09:26:52,205.5,1739142
2021-06-22 09:26:53,205.45,1739151
2021-06-22 09:26:54,205.5,1740703
2021-06-22 09:26:55,205.5,1740968
2021-06-22 09:26:56,205.45,1742567
2021-06-22 09:26:57,205.45,1743135
2021-06-22 09:26:58,205.45,1743220
2021-06-22 09:27:00,205.4,1743881
2021-06-22 09:27:01,205.4,1746325
2021-06-22 09:27:02,205.45,1748945
2021-06-22 09:27:03,205.4,1750331
2021-06-22 09:27:04,205.45,1752126
2021-06-22 09:27:05,205.45,1752767
2021-06-22 09:27:06,205.45,1752767
2021-06-22 09:27:07,205.45,1753383
2021-06-22 09:27:08,205.45,1753434
2021-06-22 09:27:09,205.4,1753577
2021-06-22 09:27:10,205.5,1764104
2021-06-22 09:27:11,205.5,1764104
2021-06-22 09:27:12,205.5,1764174
2021-06-22 09:27:13,205.45,1765415
2021-06-22 09:27:14,205.5,1766035
2021-06-22 09:27:15,205.45,1768869
2021-06-22 09:27:16,205.45,1769239
2021-06-22 09:27:17,205.45,1769352
2021-06-22 09:27:18,205.45,1769411
2021-06-22 09:27:19,205.5,1770104
2021-06-22 09:27:20,205.5,1770347
2021-06-22 09:27:21,205.45,1771162
2021-06-22 09:27:22,205.5,1771217
2021-06-22 09:27:23,205.45,1771319
2021-06-22 09:27:24,205.45,1771328
2021-06-22 09:27:25,205.5,1772231
2021-06-22 09:27:26,205.45,1772518
2021-06-22 09:27:27,205.5,1772813
2021-06-22 09:27:28,205.5,1772919
2021-06-22 09:27:29,205.5,1772944
2021-06-22 09:27:30,205.5,1773459
2021-06-22 09:27:31,205.5,1773728
2021-06-22 09:27:32,205.5,1774938
2021-06-22 09:27:34,205.5,1775238
2021-06-22 09:27:35,205.45,1776969
2021-06-22 09:27:36,205.5,1777108
2021-06-22 09:27:36,205.5,1777108
2021-06-22 09:27:40,205.5,1782508
2021-06-22 09:27:41,205.5,1782532
2021-06-22 09:27:40,205.5,1782523
2021-06-22 09:27:42,205.45,1782900
2021-06-22 09:27:43,205.5,1783474
2021-06-22 09:27:44,205.5,1785751
2021-06-22 09:27:45,205.5,1786266
2021-06-22 09:27:46,205.5,1786502
2021-06-22 09:27:47,205.5,1787150
2021-06-22 09:27:48,205.5,1788021
2021-06-22 09:27:49,205.45,1788072
2021-06-22 09:27:50,205.45,1788076
2021-06-22 09:27:51,205.5,1788230
2021-06-22 09:27:52,205.4,1798282
2021-06-22 09:27:53,205.5,1802525
2021-06-22 09:27:54,205.5,1802902
2021-06-22 09:27:55,205.5,1802902
2021-06-22 09:27:56,205.5,1804116
2021-06-22 09:27:57,205.45,1804741
2021-06-22 09:27:58,205.45,1804948
2021-06-22 09:27:59,205.4,1805099
2021-06-22 09:28:00,205.45,1805218
2021-06-22 09:28:01,205.45,1805281
2021-06-22 09:28:02,205.4,1806631
2021-06-22 09:28:03,205.45,1806902
2021-06-22 09:28:04,205.4,1806946
2021-06-22 09:28:05,205.45,1807751
2021-06-22 09:28:07,205.45,1808891
2021-06-22 09:28:08,205.4,1808963
2021-06-22 09:28:09,205.5,1811094
2021-06-22 09:28:10,205.5,1811494
2021-06-22 09:28:11,205.5,1811796
2021-06-22 09:28:12,205.5,1811946
2021-06-22 09:28:13,205.45,1812066
2021-06-22 09:28:14,205.45,1812116
2021-06-22 09:28:15,205.5,1812124
2021-06-22 09:28:16,205.5,1812151
2021-06-22 09:28:17,205.5,1814021
2021-06-22 09:28:18,205.5,1814061
2021-06-22 09:28:20,205.5,1814303
2021-06-22 09:28:21,205.45,1814532
2021-06-22 09:28:22,205.45,1814922
2021-06-22 09:28:23,205.45,1816230
2021-06-22 09:28:24,205.45,1816515
2021-06-22 09:28:25,205.5,1818710
2021-06-22 09:28:26,205.45,1819034
2021-06-22 09:28:27,205.45,1819084
2021-06-22 09:28:28,205.5,1819184
2021-06-22 09:28:30,205.45,1819541
2021-06-22 09:28:29,205.45,1819361
2021-06-22 09:28:32,205.45,1820944
2021-06-22 09:28:32,205.45,1821423
2021-06-22 09:28:33,205.45,1821510
2021-06-22 09:28:34,205.4,1822418
2021-06-22 09:28:35,205.45,1822741
2021-06-22 09:28:36,205.45,1823346
2021-06-22 09:28:37,205.45,1824004
2021-06-22 09:28:38,205.45,1825085
2021-06-22 09:28:39,205.45,1826253
2021-06-22 09:28:40,205.45,1826709
2021-06-22 09:28:41,205.45,1827186
2021-06-22 09:28:42,205.45,1830519
2021-06-22 09:28:43,205.45,1830901
2021-06-22 09:28:44,205.45,1831555
2021-06-22 09:28:45,205.45,1831669
2021-06-22 09:28:46,205.4,1832843
2021-06-22 09:28:47,205.45,1833144
2021-06-22 09:28:48,205.45,1833596
2021-06-22 09:28:49,205.45,1833643
2021-06-22 09:28:51,205.45,1836873
2021-06-22 09:28:52,205.35,1837765
2021-06-22 09:28:52,205.45,1838265
2021-06-22 09:28:54,205.4,1839249
2021-06-22 09:28:54,205.4,1839249
2021-06-22 09:28:55,205.4,1839352
2021-06-22 09:28:56,205.45,1839665
2021-06-22 09:28:57,205.45,1839705
2021-06-22 09:28:58,205.35,1839962
2021-06-22 09:28:59,205.35,1844371
2021-06-22 09:29:00,205.45,1845106
2021-06-22 09:29:04,205.4,1847615
2021-06-22 09:29:05,205.4,1847855
2021-06-22 09:29:06,205.4,1847905
2021-06-22 09:29:08,205.4,1848195
2021-06-22 09:29:09,205.4,1848513
2021-06-22 09:29:10,205.35,1853598
2021-06-22 09:29:11,205.35,1854415
2021-06-22 09:29:12,205.35,1854415
2021-06-22 09:29:13,205.35,1854675
2021-06-22 09:29:14,205.35,1854881
2021-06-22 09:29:15,205.4,1854986
2021-06-22 09:29:16,205.4,1856336
2021-06-22 09:29:17,205.4,1856336
2021-06-22 09:29:18,205.4,1856452
2021-06-22 09:29:19,205.35,1857285
2021-06-22 09:29:20,205.4,1857893
2021-06-22 09:29:21,205.4,1859703
2021-06-22 09:29:22,205.4,1860732
2021-06-22 09:29:23,205.35,1861339
2021-06-22 09:29:24,205.4,1861941
2021-06-22 09:29:25,205.35,1863225
2021-06-22 09:29:27,205.35,1864032
2021-06-22 09:29:28,205.4,1864200
2021-06-22 09:29:29,205.4,1864211
2021-06-22 09:29:30,205.4,1864685
2021-06-22 09:29:31,205.4,1864921
2021-06-22 09:29:33,205.35,1865866
2021-06-22 09:29:35,205.35,1866732
2021-06-22 09:29:36,205.4,1866750
2021-06-22 09:29:37,205.35,1867053
2021-06-22 09:29:39,205.4,1867355
2021-06-22 09:29:40,205.4,1867918
2021-06-22 09:29:41,205.35,1867969
2021-06-22 09:29:43,205.35,1868079
2021-06-22 09:29:43,205.35,1868196
2021-06-22 09:29:44,205.4,1868209
2021-06-22 09:29:45,205.35,1868474
2021-06-22 09:29:46,205.35,1868678
2021-06-22 09:29:47,205.4,1868690
2021-06-22 09:29:48,205.4,1868715
2021-06-22 09:29:49,205.35,1869141
2021-06-22 09:29:51,205.4,1870202
2021-06-22 09:29:52,205.35,1870694
2021-06-22 09:29:53,205.4,1870695
2021-06-22 09:29:54,205.35,1871743
2021-06-22 09:29:55,205.35,1873982
2021-06-22 09:29:56,205.35,1874814
2021-06-22 09:29:57,205.4,1874971
2021-06-22 09:29:58,205.35,1874976
2021-06-22 09:29:59,205.35,1875615
2021-06-22 09:30:00,205.35,1876506
2021-06-22 09:30:01,205.4,1890363
2021-06-22 09:30:02,205.4,1891012
2021-06-22 09:30:03,205.4,1891081
2021-06-22 09:30:04,205.35,1891990
2021-06-22 09:30:04,205.35,1891990
2021-06-22 09:30:05,205.4,1902781
2021-06-22 09:30:06,205.4,1903890
2021-06-22 09:30:07,205.4,1905387
2021-06-22 09:30:08,205.35,1905543
2021-06-22 09:30:10,205.35,1908769
2021-06-22 09:30:11,205.35,1911871
2021-06-22 09:30:12,205.35,1931211
2021-06-22 09:30:13,205.3,1944835
2021-06-22 09:30:14,205.3,1946362
2021-06-22 09:30:15,205.25,1955642
2021-06-22 09:30:16,205.3,1960713
2021-06-22 09:30:17,205.25,1961539
2021-06-22 09:30:18,205.3,1969804
2021-06-22 09:30:19,205.35,1970852
2021-06-22 09:30:20,205.3,1970872
2021-06-22 09:30:21,205.25,1970972
2021-06-22 09:30:23,205.3,1971576
2021-06-22 09:30:24,205.25,1978802
2021-06-22 09:30:24,205.25,1978809
2021-06-22 09:30:27,205.3,1980923
2021-06-22 09:30:28,205.4,1981575
2021-06-22 09:30:29,205.4,1981718
2021-06-22 09:30:30,205.4,1982021
2021-06-22 09:30:31,205.35,1982225
2021-06-22 09:30:32,205.4,1983505
2021-06-22 09:30:33,205.3,1983635
2021-06-22 09:30:35,205.3,1986294
2021-06-22 09:30:35,205.4,1986289
2021-06-22 09:30:36,205.4,1986718
2021-06-22 09:30:37,205.3,1986723
2021-06-22 09:30:38,205.3,1987806
2021-06-22 09:30:39,205.3,1988116
2021-06-22 09:30:40,205.3,1988336
2021-06-22 09:30:41,205.3,1988336
2021-06-22 09:30:42,205.35,1988346
2021-06-22 09:30:43,205.4,1988794
2021-06-22 09:30:45,205.3,1989905
2021-06-22 09:30:45,205.3,1990659
2021-06-22 09:30:47,205.4,1990914
2021-06-22 09:30:48,205.3,1991389
2021-06-22 09:30:50,205.4,1994623
2021-06-22 09:30:51,205.3,1995349
2021-06-22 09:30:51,205.3,1997218
2021-06-22 09:30:52,205.3,1998230
2021-06-22 09:30:53,205.3,1998930
2021-06-22 09:30:54,205.3,1999612
2021-06-22 09:30:55,205.3,2000445
2021-06-22 09:30:56,205.25,2009233
2021-06-22 09:30:57,205.3,2009882
2021-06-22 09:30:58,205.3,2009887
2021-06-22 09:30:59,205.3,2009934
2021-06-22 09:31:00,205.25,2014349
2021-06-22 09:31:01,205.3,2014659
2021-06-22 09:31:02,205.3,2014662
2021-06-22 09:31:03,205.3,2014762
2021-06-22 09:31:04,205.3,2015236
2021-06-22 09:31:05,205.3,2015260
2021-06-22 09:31:06,205.3,2017212
2021-06-22 09:31:07,205.25,2017312
2021-06-22 09:31:08,205.25,2017940
2021-06-22 09:31:09,205.3,2017945
2021-06-22 09:31:12,205.3,2018205
2021-06-22 09:31:14,205.25,2020977
2021-06-22 09:31:16,205.3,2033650
2021-06-22 09:31:16,205.3,2033655
2021-06-22 09:31:17,205.3,2033855
2021-06-22 09:31:18,205.3,2033894
2021-06-22 09:31:19,205.3,2034076
2021-06-22 09:31:20,205.3,2035646
2021-06-22 09:31:22,205.3,2036009
2021-06-22 09:31:22,205.3,2036562
2021-06-22 09:31:24,205.25,2037136
2021-06-22 09:31:25,205.25,2047285
2021-06-22 09:31:28,205.3,2048450
2021-06-22 09:31:29,205.3,2048524
2021-06-22 09:31:30,205.3,2048529
2021-06-22 09:31:32,205.3,2050503
2021-06-22 09:31:33,205.4,2050655
2021-06-22 09:31:35,205.3,2052121
2021-06-22 09:31:37,205.3,2054003
2021-06-22 09:31:38,205.3,2055602
2021-06-22 09:31:42,205.35,2056678
2021-06-22 09:31:46,205.3,2057792
2021-06-22 09:31:49,205.3,2062537
2021-06-22 09:31:53,205.4,2064774
2021-06-22 09:31:57,205.4,2067015
2021-06-22 09:32:01,205.4,2071246
2021-06-22 09:32:04,205.4,2072447
2021-06-22 09:32:07,205.4,2073341
2021-06-22 09:32:11,205.4,2074872
2021-06-22 09:32:14,205.4,2079023
2021-06-22 09:32:18,205.4,2085214
2021-06-22 09:32:21,205.35,2086437
2021-06-22 09:32:24,205.4,2087083
2021-06-22 09:32:28,205.4,2123808
2021-06-22 09:32:32,205.4,2125630
2021-06-22 09:32:35,205.4,2126269
2021-06-22 09:32:39,205.4,2129829
2021-06-22 09:32:42,205.45,2142872
2021-06-22 09:32:49,205.4,2145578
2021-06-22 09:32:56,205.4,2150492
2021-06-22 09:33:00,205.35,2151849
2021-06-22 09:33:04,205.4,2154077
2021-06-22 09:33:07,205.4,2157934
2021-06-22 09:33:10,205.35,2158752
2021-06-22 09:33:14,205.4,2160025
2021-06-22 09:33:23,205.4,2164473
2021-06-22 09:33:27,205.4,2165723
2021-06-22 09:33:30,205.4,2169081
2021-06-22 09:33:34,205.35,2173240
2021-06-22 09:33:37,205.4,2181793
2021-06-22 09:33:41,205.45,2186164
2021-06-22 09:33:44,205.35,2187133
2021-06-22 09:33:47,205.45,2188134
2021-06-22 09:33:51,205.4,2190029
2021-06-22 09:33:55,205.5,2203065
2021-06-22 09:33:58,205.45,2206050
2021-06-22 09:34:02,205.45,2228880
2021-06-22 09:34:05,205.35,2270297
2021-06-22 09:34:09,205.4,2283317
2021-06-22 09:34:12,205.4,2284449
2021-06-22 09:34:16,205.4,2291661
2021-06-22 09:34:23,205.3,2295390
2021-06-22 09:34:26,205.4,2297045
2021-06-22 09:34:30,205.4,2299115
2021-06-22 09:34:33,205.3,2301874
2021-06-22 09:34:36,205.4,2303441
2021-06-22 09:34:40,205.35,2304529
2021-06-22 09:34:43,205.4,2305912
2021-06-22 09:34:47,205.4,2307042
2021-06-22 09:34:50,205.4,2307767
2021-06-22 09:34:53,205.4,2308171
2021-06-22 09:34:57,205.4,2308603
2021-06-22 09:35:00,205.4,2312094
2021-06-22 09:35:06,205.35,2316962
2021-06-22 09:35:10,205.35,2317516
2021-06-22 09:35:13,205.35,2320332
2021-06-22 09:35:16,205.35,2320942
2021-06-22 09:35:19,205.3,2321332
2021-06-22 09:35:22,205.35,2322826
2021-06-22 09:35:25,205.35,2323799
2021-06-22 09:35:29,205.35,2325202
2021-06-22 09:35:33,205.35,2325801
2021-06-22 09:35:36,205.35,2327023
2021-06-22 09:35:39,205.35,2328892
2021-06-22 09:35:49,205.3,2341025
2021-06-22 09:35:52,205.3,2344884
2021-06-22 09:35:55,205.3,2348574
2021-06-22 09:35:59,205.3,2349073
2021-06-22 09:36:02,205.3,2349809
2021-06-22 09:36:06,205.3,2374031
2021-06-22 09:36:09,205.25,2395818
2021-06-22 09:36:12,205.25,2410912
2021-06-22 09:36:16,205.2,2412105
2021-06-22 09:36:19,205.25,2413679
2021-06-22 09:36:22,205.35,2413882
2021-06-22 09:36:25,205.2,2415483
2021-06-22 09:36:28,205.25,2417451
2021-06-22 09:36:32,205.25,2419471
2021-06-22 09:36:35,205.35,2419922
2021-06-22 09:36:38,205.3,2420935
2021-06-22 09:36:45,205.25,2423333
2021-06-22 09:36:49,205.25,2423744
2021-06-22 09:36:52,205.2,2426653
2021-06-22 09:36:56,205.25,2434597
2021-06-22 09:36:59,205.35,2435415
2021-06-22 09:37:03,205.25,2435878
2021-06-22 09:37:06,205.25,2436372
2021-06-22 09:37:10,205.35,2439982
2021-06-22 09:37:13,205.35,2440854
2021-06-22 09:37:17,205.25,2442769
2021-06-22 09:37:21,205.3,2443554
2021-06-22 09:37:25,205.3,2446998
2021-06-22 09:37:28,205.3,2447723
2021-06-22 09:37:31,205.3,2449305
2021-06-22 09:37:35,205.3,2449616
2021-06-22 09:37:38,205.3,2450859
2021-06-22 09:37:42,205.3,2451253
2021-06-22 09:37:45,205.3,2453529
2021-06-22 09:37:48,205.25,2467999
2021-06-22 09:37:51,205.2,2475598
2021-06-22 09:37:54,205.25,2476153
2021-06-22 09:37:57,205.2,2477260
2021-06-22 09:38:00,205.2,2479673
2021-06-22 09:38:04,205.2,2480416
2021-06-22 09:38:07,205.25,2483139
2021-06-22 09:38:10,205.25,2483749
2021-06-22 09:38:13,205.25,2486117
2021-06-22 09:38:17,205.25,2486654
2021-06-22 09:38:23,205.25,2516975
2021-06-22 09:38:26,205.25,2520003
2021-06-22 09:38:29,205.25,2520853
2021-06-22 09:38:32,205.15,2529897
2021-06-22 09:38:35,205.2,2530891
2021-06-22 09:38:38,205.15,2552306
2021-06-22 09:38:41,205.15,2554550
2021-06-22 09:38:44,205.15,2555912
2021-06-22 09:38:51,205.15,2556417
2021-06-22 09:38:54,205.15,2557339
2021-06-22 09:39:06,205.15,2566072
2021-06-22 09:39:10,205.15,2578565
2021-06-22 09:39:13,205.3,2591113
2021-06-22 09:39:19,205.25,2593705
2021-06-22 09:39:23,205.35,2595664
2021-06-22 09:39:26,205.3,2595805
2021-06-22 09:39:30,205.4,2599046
2021-06-22 09:39:33,205.35,2601423
2021-06-22 09:39:37,205.4,2605355
2021-06-22 09:39:41,205.4,2605947
2021-06-22 09:39:44,205.4,2606965
2021-06-22 09:39:48,205.4,2613272
2021-06-22 09:39:51,205.35,2614323
2021-06-22 09:39:54,205.3,2614866
2021-06-22 09:39:57,205.35,2615586
2021-06-22 09:40:00,205.4,2618546
2021-06-22 09:40:04,205.45,2622143
2021-06-22 09:40:11,205.4,2624423
2021-06-22 09:40:15,205.4,2629015
2021-06-22 09:40:18,205.4,2663344
2021-06-22 09:40:21,205.4,2669450
2021-06-22 09:40:24,205.5,2703345
2021-06-22 09:40:28,205.5,2719657
2021-06-22 09:40:32,205.55,2727499
2021-06-22 09:40:35,205.4,2732722
2021-06-22 09:40:38,205.55,2736641
2021-06-22 09:40:42,205.4,2742168
2021-06-22 09:40:45,205.55,2745025
2021-06-22 09:40:48,205.4,2745460
2021-06-22 09:40:51,205.5,2746750
2021-06-22 09:40:57,205.55,2752612
2021-06-22 09:41:01,205.5,2753537
2021-06-22 09:41:04,205.55,2759472
2021-06-22 09:41:08,205.55,2763244
2021-06-22 09:41:11,205.55,2770144
2021-06-22 09:41:14,205.55,2770511
2021-06-22 09:41:23,205.5,2780786
2021-06-22 09:41:26,205.5,2804961
2021-06-22 09:41:30,205.45,2807588
2021-06-22 09:41:33,205.5,2809416
2021-06-22 09:41:36,205.5,2816739
2021-06-22 09:41:39,205.55,2820555
2021-06-22 09:41:42,205.45,2821489
2021-06-22 09:41:45,205.5,2822978
2021-06-22 09:41:48,205.45,2831342
2021-06-22 09:41:52,205.55,2832051
2021-06-22 09:41:55,205.5,2834594
2021-06-22 09:41:58,205.55,2835161
2021-06-22 09:42:01,205.45,2839504
2021-06-22 09:42:04,205.6,2839606
2021-06-22 09:42:07,205.55,2843225
2021-06-22 09:42:09,205.6,2844707
2021-06-22 09:42:12,205.55,2848120
2021-06-22 09:42:15,205.45,2848480
2021-06-22 09:42:18,205.55,2848669
2021-06-22 09:42:21,205.5,2848934
2021-06-22 09:42:25,205.55,2852470
2021-06-22 09:42:28,205.55,2853082
2021-06-22 09:42:31,205.55,2856431
2021-06-22 09:42:33,205.45,2857586
2021-06-22 09:42:36,205.45,2862050
2021-06-22 09:42:39,205.6,2865430
2021-06-22 09:42:43,205.45,2867853
2021-06-22 09:42:46,205.55,2868447
2021-06-22 09:42:49,205.55,2872341
2021-06-22 09:42:52,205.5,2876335
2021-06-22 09:42:55,205.45,2876778
2021-06-22 09:42:57,205.5,2883786
2021-06-22 09:43:03,205.6,2896014
2021-06-22 09:43:07,205.6,2898135
2021-06-22 09:43:10,205.6,2898855
2021-06-22 09:43:13,205.55,2899166
2021-06-22 09:43:16,205.6,2905183
2021-06-22 09:43:19,205.6,2909961
2021-06-22 09:43:22,205.6,2911682
2021-06-22 09:43:25,205.55,2912517
2021-06-22 09:43:28,205.6,2914679
2021-06-22 09:43:31,205.6,2917087
2021-06-22 09:43:33,205.5,2922241
2021-06-22 09:43:36,205.55,2922906
2021-06-22 09:43:39,205.6,2924138
2021-06-22 09:43:42,205.6,2937816
2021-06-22 09:43:50,205.55,2942785
2021-06-22 09:43:53,205.6,2944536
2021-06-22 09:43:56,205.55,2946013
2021-06-22 09:43:59,205.6,2947827
2021-06-22 09:44:02,205.55,2948047
2021-06-22 09:44:05,205.6,2949283
2021-06-22 09:44:08,205.6,2951859
2021-06-22 09:44:11,205.6,2951948
2021-06-22 09:44:17,205.65,2964121
2021-06-22 09:44:20,205.65,2969552
2021-06-22 09:44:23,205.65,2974087
2021-06-22 09:44:26,205.6,2978157
2021-06-22 09:44:32,205.65,2989762
2021-06-22 09:44:35,205.7,2992093
2021-06-22 09:44:40,205.6,3018636
2021-06-22 09:44:43,205.7,3019772
2021-06-22 09:44:46,205.65,3023924
2021-06-22 09:44:50,205.65,3025105
2021-06-22 09:44:53,205.7,3043125
2021-06-22 09:44:56,205.6,3044267
2021-06-22 09:44:59,205.65,3050041
2021-06-22 09:45:03,205.6,3056538
2021-06-22 09:45:06,205.7,3063558
2021-06-22 09:45:09,205.7,3073100
2021-06-22 09:45:12,205.8,3082443
2021-06-22 09:45:16,205.8,3114376
2021-06-22 09:45:19,205.85,3130826
2021-06-22 09:45:21,205.7,3139013
2021-06-22 09:45:24,205.65,3144907
2021-06-22 09:45:28,205.8,3150872
2021-06-22 09:45:34,205.85,3175207
2021-06-22 09:45:37,205.7,3180999
2021-06-22 09:45:40,205.85,3188147
2021-06-22 09:45:43,205.85,3198462
2021-06-22 09:45:45,205.8,3208561
2021-06-22 09:45:49,205.75,3245154
2021-06-22 09:45:52,205.8,3255735
2021-06-22 09:45:55,205.85,3262194
2021-06-22 09:45:59,205.8,3271554
2021-06-22 09:46:02,205.7,3296949
2021-06-22 09:46:06,205.75,3322832
2021-06-22 09:46:10,205.75,3326710
2021-06-22 09:46:13,205.75,3333975
2021-06-22 09:46:17,205.75,3338303
2021-06-22 09:46:20,205.7,3345158
2021-06-22 09:46:24,205.75,3350217
2021-06-22 09:46:27,205.75,3353785
2021-06-22 09:46:31,205.75,3358762
2021-06-22 09:46:34,205.75,3362808
2021-06-22 09:46:37,205.75,3369130
2021-06-22 09:46:38,205.75,3374666
2021-06-22 09:46:39,205.65,3377319
2021-06-22 09:46:40,205.75,3380087
2021-06-22 09:46:41,205.65,3383436
2021-06-22 09:46:42,205.75,3386646
2021-06-22 09:46:43,205.65,3390809
2021-06-22 09:46:44,205.7,3395268
2021-06-22 09:46:45,205.7,3398640
2021-06-22 09:46:47,205.65,3414056
2021-06-22 09:46:48,205.65,3419178
2021-06-22 09:46:49,205.6,3421906
2021-06-22 09:46:50,205.6,3421906
2021-06-22 09:46:53,205.6,3422492
2021-06-22 09:46:55,205.6,3422535
2021-06-22 09:46:56,205.6,3422722
2021-06-22 09:46:57,205.6,3450320
2021-06-22 09:46:58,205.6,3452512
2021-06-22 09:46:59,205.65,3452515
2021-06-22 09:47:00,205.65,3452525
2021-06-22 09:47:01,205.6,3456059
2021-06-22 09:47:02,205.55,3456179
2021-06-22 09:47:03,205.55,3456331
2021-06-22 09:47:04,205.6,3456588
2021-06-22 09:47:05,205.6,3456692
2021-06-22 09:47:06,205.6,3456692
2021-06-22 09:47:07,205.6,3457322
2021-06-22 09:47:08,205.6,3461047
2021-06-22 09:47:09,205.6,3461248
2021-06-22 09:47:10,205.6,3461248
2021-06-22 09:47:11,205.6,3461248
2021-06-22 09:47:12,205.6,3461584
2021-06-22 09:47:13,205.6,3462659
2021-06-22 09:47:14,205.55,3462811
2021-06-22 09:47:15,205.6,3462961
2021-06-22 09:47:16,205.6,3462961
2021-06-22 09:47:19,205.6,3470965
2021-06-22 09:47:20,205.6,3471466
2021-06-22 09:47:21,205.6,3471476
2021-06-22 09:47:22,205.6,3471488
2021-06-22 09:47:23,205.6,3476475
2021-06-22 09:47:24,205.6,3476599
2021-06-22 09:47:25,205.6,3476807
2021-06-22 09:47:26,205.6,3476825
2021-06-22 09:47:27,205.6,3476825
2021-06-22 09:47:30,205.65,3478600
2021-06-22 09:47:29,205.65,3478600
2021-06-22 09:47:31,205.6,3478613
2021-06-22 09:47:32,205.6,3478758
2021-06-22 09:47:33,205.6,3478875
2021-06-22 09:47:34,205.6,3478909
2021-06-22 09:47:35,205.65,3479012
2021-06-22 09:47:36,205.6,3479071
2021-06-22 09:47:37,205.55,3480261
2021-06-22 09:47:38,205.6,3480354
2021-06-22 09:47:39,205.6,3480365
2021-06-22 09:47:40,205.65,3480480
2021-06-22 09:47:41,205.65,3481131
2021-06-22 09:47:42,205.65,3481156
2021-06-22 09:47:43,205.65,3481156
2021-06-22 09:47:44,205.65,3481706
2021-06-22 09:47:45,205.65,3481706
2021-06-22 09:47:46,205.65,3481706
2021-06-22 09:47:47,205.55,3483211
2021-06-22 09:47:48,205.65,3483267
2021-06-22 09:47:49,205.65,3484619
2021-06-22 09:47:50,205.6,3486292
2021-06-22 09:47:51,205.6,3486292
2021-06-22 09:47:52,205.65,3487295
2021-06-22 09:47:53,205.65,3487405
2021-06-22 09:47:54,205.65,3487405
2021-06-22 09:47:55,205.6,3487625
2021-06-22 09:47:56,205.65,3487791
2021-06-22 09:47:57,205.6,3488419
2021-06-22 09:47:58,205.6,3488419
2021-06-22 09:47:59,205.65,3489470
2021-06-22 09:48:00,205.65,3490075
2021-06-22 09:48:01,205.65,3490680
2021-06-22 09:48:02,205.55,3490725
2021-06-22 09:48:03,205.65,3495831
2021-06-22 09:48:04,205.65,3495831
2021-06-22 09:48:05,205.65,3496018
2021-06-22 09:48:06,205.65,3496043
2021-06-22 09:48:07,205.6,3496074
2021-06-22 09:48:08,205.65,3496158
2021-06-22 09:48:09,205.6,3496189
2021-06-22 09:48:10,205.6,3496189
2021-06-22 09:48:12,205.65,3496870
2021-06-22 09:48:13,205.65,3496880
2021-06-22 09:48:14,205.65,3497078
2021-06-22 09:48:15,205.65,3497458
2021-06-22 09:48:16,205.65,3497702
2021-06-22 09:48:17,205.65,3497812
2021-06-22 09:48:18,205.65,3497812
2021-06-22 09:48:19,205.65,3497859
2021-06-22 09:48:20,205.6,3498019
2021-06-22 09:48:22,205.65,3498203
2021-06-22 09:48:22,205.65,3498234
2021-06-22 09:48:23,205.65,3498249
2021-06-22 09:48:24,205.6,3498564
2021-06-22 09:48:25,205.65,3499407
2021-06-22 09:48:26,205.65,3499682
2021-06-22 09:48:27,205.65,3499682
2021-06-22 09:48:28,205.65,3500182
2021-06-22 09:48:29,205.6,3500688
2021-06-22 09:48:30,205.65,3500789
2021-06-22 09:48:32,205.65,3505940
2021-06-22 09:48:32,205.6,3505939
2021-06-22 09:48:33,205.65,3506290
2021-06-22 09:48:34,205.65,3506394
2021-06-22 09:48:35,205.65,3507540
2021-06-22 09:48:36,205.6,3507800
2021-06-22 09:48:37,205.7,3509685
2021-06-22 09:48:38,205.6,3528261
2021-06-22 09:48:39,205.6,3528381
2021-06-22 09:48:40,205.7,3528521
2021-06-22 09:48:42,205.7,3528826
2021-06-22 09:48:43,205.6,3529641
2021-06-22 09:48:44,205.7,3529667
2021-06-22 09:48:45,205.7,3529762
2021-06-22 09:48:46,205.7,3529887
2021-06-22 09:48:47,205.65,3530073
2021-06-22 09:48:48,205.65,3530171
2021-06-22 09:48:49,205.7,3530271
2021-06-22 09:48:50,205.7,3530590
2021-06-22 09:48:51,205.7,3530628
2021-06-22 09:48:52,205.7,3530829
2021-06-22 09:48:53,205.7,3530843
2021-06-22 09:48:54,205.65,3531018
2021-06-22 09:48:55,205.7,3532338
2021-06-22 09:48:57,205.7,3532668
2021-06-22 09:48:58,205.7,3532668
2021-06-22 09:48:58,205.7,3532673
2021-06-22 09:48:59,205.65,3532738
2021-06-22 09:49:00,205.65,3532842
2021-06-22 09:49:01,205.65,3532979
2021-06-22 09:49:02,205.7,3533250
2021-06-22 09:49:03,205.7,3534000
2021-06-22 09:49:04,205.7,3542000
2021-06-22 09:49:05,205.65,3542588
2021-06-22 09:49:07,205.7,3542688
2021-06-22 09:49:09,205.7,3554069
2021-06-22 09:49:11,205.7,3556253
2021-06-22 09:49:12,205.65,3556481
2021-06-22 09:49:13,205.65,3559157
2021-06-22 09:49:14,205.65,3561004
2021-06-22 09:49:15,205.65,3561523
2021-06-22 09:49:17,205.65,3561536
2021-06-22 09:49:17,205.65,3561587
2021-06-22 09:49:18,205.7,3561994
2021-06-22 09:49:19,205.7,3561994
2021-06-22 09:49:20,205.7,3561994
2021-06-22 09:49:21,205.7,3562048
2021-06-22 09:49:22,205.7,3562107
2021-06-22 09:49:23,205.65,3562402
2021-06-22 09:49:25,205.7,3562752
2021-06-22 09:49:26,205.7,3563002
2021-06-22 09:49:27,205.65,3563018
2021-06-22 09:49:28,205.7,3563028
2021-06-22 09:49:29,205.65,3563194
2021-06-22 09:49:31,205.7,3563376
2021-06-22 09:49:33,205.7,3563492
2021-06-22 09:49:34,205.7,3563492
2021-06-22 09:49:35,205.65,3563493
2021-06-22 09:49:36,205.65,3563598
2021-06-22 09:49:38,205.65,3584992
2021-06-22 09:49:38,205.6,3585000
2021-06-22 09:49:41,205.6,3585552
2021-06-22 09:49:42,205.65,3585722
2021-06-22 09:49:43,205.65,3585828
2021-06-22 09:49:45,205.65,3586083
2021-06-22 09:49:45,205.65,3586083
2021-06-22 09:49:46,205.65,3586083
2021-06-22 09:49:47,205.65,3588694
2021-06-22 09:49:48,205.65,3588822
2021-06-22 09:49:49,205.65,3589026
2021-06-22 09:49:51,205.65,3589224
2021-06-22 09:49:53,205.6,3590801
2021-06-22 09:49:54,205.65,3591046
2021-06-22 09:49:55,205.65,3591046
2021-06-22 09:49:57,205.6,3591089
2021-06-22 09:49:57,205.65,3591092
2021-06-22 09:49:58,205.65,3591117
2021-06-22 09:49:59,205.6,3591823
2021-06-22 09:50:00,205.65,3592031
2021-06-22 09:50:01,205.65,3592228
2021-06-22 09:50:02,205.65,3593216
2021-06-22 09:50:04,205.65,3593523
2021-06-22 09:50:05,205.65,3593543
2021-06-22 09:50:06,205.65,3593781
2021-06-22 09:50:08,205.65,3594246
2021-06-22 09:50:08,205.65,3594316
2021-06-22 09:50:09,205.65,3594645
2021-06-22 09:50:10,205.65,3594755
2021-06-22 09:50:11,205.65,3595456
2021-06-22 09:50:12,205.6,3595642
2021-06-22 09:50:13,205.6,3595642
2021-06-22 09:50:16,205.65,3595877
2021-06-22 09:50:18,205.65,3595877
2021-06-22 09:50:18,205.65,3595879
2021-06-22 09:50:19,205.65,3596144
2021-06-22 09:50:21,205.65,3596327
2021-06-22 09:50:21,205.65,3596828
2021-06-22 09:50:22,205.6,3597861
2021-06-22 09:50:23,205.65,3597876
2021-06-22 09:50:24,205.65,3597939
2021-06-22 09:50:25,205.65,3597964
2021-06-22 09:50:26,205.6,3598081
2021-06-22 09:50:27,205.65,3598131
2021-06-22 09:50:28,205.65,3598181
2021-06-22 09:50:30,205.6,3598469
2021-06-22 09:50:33,205.65,3603289
2021-06-22 09:50:34,205.65,3605296
2021-06-22 09:50:34,205.65,3605296
2021-06-22 09:50:35,205.65,3605448
2021-06-22 09:50:36,205.65,3605727
2021-06-22 09:50:37,205.65,3605827
2021-06-22 09:50:38,205.65,3606166
2021-06-22 09:50:39,205.65,3606379
2021-06-22 09:50:41,205.65,3606753
2021-06-22 09:50:44,205.65,3608249
2021-06-22 09:50:45,205.65,3609052
2021-06-22 09:50:46,205.6,3609152
2021-06-22 09:50:47,205.6,3609178
2021-06-22 09:50:48,205.65,3609254
2021-06-22 09:50:49,205.6,3609479
2021-06-22 09:50:51,205.6,3609479
2021-06-22 09:50:52,205.65,3609739
2021-06-22 09:50:52,205.65,3609739
2021-06-22 09:50:53,205.6,3609754
2021-06-22 09:50:54,205.6,3609754
2021-06-22 09:50:55,205.65,3611050
2021-06-22 09:50:56,205.65,3611070
2021-06-22 09:50:57,205.65,3613363
2021-06-22 09:50:58,205.65,3614363
2021-06-22 09:50:59,205.65,3614563
2021-06-22 09:51:00,205.65,3614634
2021-06-22 09:51:01,205.65,3614634
2021-06-22 09:51:03,205.6,3615432
2021-06-22 09:51:04,205.65,3615443
2021-06-22 09:51:05,205.65,3620609
2021-06-22 09:51:05,205.65,3620609
2021-06-22 09:51:06,205.65,3621160
2021-06-22 09:51:07,205.65,3621164
2021-06-22 09:51:09,205.65,3622780
2021-06-22 09:51:10,205.6,3623764
2021-06-22 09:51:12,205.65,3624205
2021-06-22 09:51:13,205.65,3624281
2021-06-22 09:51:15,205.6,3624403
2021-06-22 09:51:16,205.65,3624481
2021-06-22 09:51:17,205.65,3624611
2021-06-22 09:51:18,205.65,3625119
2021-06-22 09:51:19,205.65,3625156
2021-06-22 09:51:21,205.65,3625176
2021-06-22 09:51:22,205.65,3625181
2021-06-22 09:51:23,205.6,3625211
2021-06-22 09:51:24,205.65,3625373
2021-06-22 09:51:24,205.65,3625373
2021-06-22 09:51:26,205.6,3625604
2021-06-22 09:51:27,205.6,3625714
2021-06-22 09:51:28,205.65,3625761
2021-06-22 09:51:30,205.65,3644164
2021-06-22 09:51:31,205.65,3653352
2021-06-22 09:51:31,205.6,3647704
2021-06-22 09:51:33,205.55,3655512
2021-06-22 09:51:35,205.65,3657509
2021-06-22 09:51:35,205.65,3657509
2021-06-22 09:51:36,205.6,3658037
2021-06-22 09:51:40,205.65,3658208
2021-06-22 09:51:43,205.65,3660713
2021-06-22 09:51:46,205.65,3662540
2021-06-22 09:51:48,205.6,3663050
2021-06-22 09:51:51,205.65,3667850
2021-06-22 09:51:55,205.65,3668182
2021-06-22 09:51:58,205.6,3668813
2021-06-22 09:52:01,205.6,3671011
2021-06-22 09:52:03,205.65,3671456
2021-06-22 09:52:07,205.65,3671725
2021-06-22 09:52:10,205.65,3671960
2021-06-22 09:52:12,205.65,3672113
2021-06-22 09:52:15,205.6,3673231
2021-06-22 09:52:18,205.6,3674043
2021-06-22 09:52:21,205.6,3675837
2021-06-22 09:52:24,205.55,3678654
2021-06-22 09:52:27,205.55,3679401
2021-06-22 09:52:29,205.6,3679823
2021-06-22 09:52:32,205.6,3680232
2021-06-22 09:52:35,205.6,3680685
2021-06-22 09:52:38,205.6,3681040
2021-06-22 09:52:40,205.6,3681246
2021-06-22 09:52:43,205.6,3685722
2021-06-22 09:52:46,205.65,3689142
2021-06-22 09:52:50,205.55,3694166
2021-06-22 09:52:53,205.7,3699851
2021-06-22 09:52:55,205.6,3700583
2021-06-22 09:52:58,205.65,3700780
2021-06-22 09:53:01,205.6,3700880
2021-06-22 09:53:04,205.7,3702012
2021-06-22 09:53:06,205.7,3702898
2021-06-22 09:53:09,205.7,3704105
2021-06-22 09:53:12,205.6,3704938
2021-06-22 09:53:14,205.7,3706654
2021-06-22 09:53:18,205.6,3706875
2021-06-22 09:53:20,205.7,3707878
2021-06-22 09:53:25,205.6,3709071
2021-06-22 09:53:28,205.65,3709109
2021-06-22 09:53:31,205.65,3709311
2021-06-22 09:53:34,205.65,3710472
2021-06-22 09:53:36,205.65,3711084
2021-06-22 09:53:39,205.65,3711346
2021-06-22 09:53:41,205.65,3713594
2021-06-22 09:53:45,205.65,3714292
2021-06-22 09:53:48,205.65,3715199
2021-06-22 09:53:51,205.6,3734010
2021-06-22 09:53:53,205.6,3791817
2021-06-22 09:53:56,205.55,3792967
2021-06-22 09:53:59,205.6,3793386
2021-06-22 09:54:01,205.6,3793410
2021-06-22 09:54:04,205.6,3793500
2021-06-22 09:54:07,205.6,3794873
2021-06-22 09:54:09,205.55,3799913
2021-06-22 09:54:12,205.6,3800790
2021-06-22 09:54:14,205.55,3804042
2021-06-22 09:54:17,205.6,3804903
2021-06-22 09:54:19,205.6,3805531
2021-06-22 09:54:21,205.6,3805801
2021-06-22 09:54:24,205.65,3806462
2021-06-22 09:54:27,205.65,3806594
2021-06-22 09:54:30,205.65,3806800
2021-06-22 09:54:33,205.65,3807162
2021-06-22 09:54:36,205.65,3807611
2021-06-22 09:54:38,205.65,3808897
2021-06-22 09:54:41,205.65,3809377
2021-06-22 09:54:44,205.65,3809712
2021-06-22 09:54:49,205.6,3813539
2021-06-22 09:54:52,205.6,3819016
2021-06-22 09:54:55,205.6,3820405
2021-06-22 09:54:58,205.6,3820775
2021-06-22 09:55:01,205.6,3821882
2021-06-22 09:55:04,205.65,3822338
2021-06-22 09:55:07,205.6,3822422
2021-06-22 09:55:10,205.55,3825513
2021-06-22 09:55:12,205.55,3826422
2021-06-22 09:55:15,205.55,3826708
2021-06-22 09:55:18,205.6,3827282
2021-06-22 09:55:20,205.6,3827534
2021-06-22 09:55:23,205.6,3828329
2021-06-22 09:55:25,205.5,3879855
2021-06-22 09:55:29,205.45,3885318
2021-06-22 09:55:32,205.45,3886027
2021-06-22 09:55:34,205.55,3894207
2021-06-22 09:55:37,205.55,3895902
2021-06-22 09:55:40,205.5,3896619
2021-06-22 09:55:46,205.5,3900005
2021-06-22 09:55:49,205.5,3901018
2021-06-22 09:55:52,205.5,3901132
2021-06-22 09:55:56,205.5,3901594
2021-06-22 09:55:59,205.5,3901632
2021-06-22 09:56:02,205.55,3916257
2021-06-22 09:56:04,205.55,3917140
2021-06-22 09:56:07,205.55,3917168
2021-06-22 09:56:10,205.6,3917276
2021-06-22 09:56:12,205.55,3917561
2021-06-22 09:56:15,205.55,3917597
2021-06-22 09:56:18,205.55,3917796
2021-06-22 09:56:21,205.5,3917806
2021-06-22 09:56:23,205.5,3944325
2021-06-22 09:56:26,205.6,3946940
2021-06-22 09:56:29,205.5,3947357
2021-06-22 09:56:32,205.5,3947596
2021-06-22 09:56:34,205.55,3947607
2021-06-22 09:56:37,205.55,3948042
2021-06-22 09:56:39,205.55,3948063
2021-06-22 09:56:42,205.5,3948189
2021-06-22 09:56:44,205.55,3948252
2021-06-22 09:56:47,205.55,3948999
2021-06-22 09:56:49,205.5,3952402
2021-06-22 09:56:52,205.55,3953354
2021-06-22 09:56:54,205.5,3954020
2021-06-22 09:56:57,205.55,3954187
2021-06-22 09:57:00,205.55,3955042
2021-06-22 09:57:03,205.5,3956004
2021-06-22 09:57:05,205.5,3956136
2021-06-22 09:57:08,205.55,3956940
2021-06-22 09:57:11,205.55,3957131
2021-06-22 09:57:13,205.55,3957366
2021-06-22 09:57:16,205.55,3957459
2021-06-22 09:57:19,205.55,3957513
2021-06-22 09:57:22,205.55,3957930
2021-06-22 09:57:24,205.5,3958937
2021-06-22 09:57:29,205.5,3961025
2021-06-22 09:57:32,205.55,3961045
2021-06-22 09:57:35,205.5,3961967
2021-06-22 09:57:38,205.5,3962133
2021-06-22 09:57:40,205.55,3962559
2021-06-22 09:57:43,205.55,3963644
2021-06-22 09:57:45,205.55,3963952
2021-06-22 09:57:48,205.55,3965588
2021-06-22 09:57:51,205.55,3966054
2021-06-22 09:57:53,205.6,3967164
2021-06-22 09:57:56,205.6,3968314
2021-06-22 09:57:59,205.55,3969354
2021-06-22 09:58:02,205.6,3971463
2021-06-22 09:58:04,205.6,3971871
2021-06-22 09:58:07,205.6,3973142
2021-06-22 09:58:10,205.6,3973651
2021-06-22 09:58:13,205.6,3978671
2021-06-22 09:58:15,205.6,3979070
2021-06-22 09:58:18,205.6,3979436
2021-06-22 09:58:21,205.6,3980879
2021-06-22 09:58:24,205.55,3981517
2021-06-22 09:58:27,205.55,3984273
2021-06-22 09:58:30,205.55,3984774
2021-06-22 09:58:32,205.55,3985044
2021-06-22 09:58:35,205.55,3985200
2021-06-22 09:58:38,205.55,3985374
2021-06-22 09:58:40,205.55,3986138
2021-06-22 09:58:42,205.5,3988040
2021-06-22 09:58:45,205.55,3988049
2021-06-22 09:58:48,205.55,3988787
2021-06-22 09:58:50,205.55,3989841
2021-06-22 09:58:53,205.55,3989938
2021-06-22 09:58:56,205.6,3990089
2021-06-22 09:58:59,205.5,3990337
2021-06-22 09:59:01,205.6,3991315
2021-06-22 09:59:03,205.6,3991560
2021-06-22 09:59:05,205.6,4016769
2021-06-22 09:59:08,205.5,4018708
2021-06-22 09:59:11,205.6,4019980
2021-06-22 09:59:13,205.65,4020292
2021-06-22 09:59:16,205.6,4020324
2021-06-22 09:59:18,205.65,4020383
2021-06-22 09:59:21,205.5,4020793
2021-06-22 09:59:23,205.6,4020871
2021-06-22 09:59:26,205.65,4020945
2021-06-22 09:59:29,205.6,4021265
2021-06-22 09:59:31,205.6,4022267
2021-06-22 09:59:34,205.5,4022509
2021-06-22 09:59:37,205.6,4023379
2021-06-22 09:59:40,205.6,4024034
2021-06-22 09:59:42,205.5,4027173
2021-06-22 09:59:44,205.6,4027582
2021-06-22 09:59:47,205.6,4027695
2021-06-22 09:59:50,205.5,4027900
2021-06-22 09:59:52,205.6,4028070
2021-06-22 09:59:55,205.6,4028321
2021-06-22 09:59:57,205.5,4028947
2021-06-22 10:00:00,205.6,4029528
2021-06-22 10:00:03,205.55,4034660
2021-06-22 10:00:06,205.6,4035228
2021-06-22 10:00:08,205.65,4035296
2021-06-22 10:00:11,205.65,4035419
2021-06-22 10:00:13,205.6,4036419
2021-06-22 10:00:16,205.65,4036817
2021-06-22 10:00:18,205.65,4039382
2021-06-22 10:00:21,205.65,4041274
2021-06-22 10:00:24,205.65,4041321
2021-06-22 10:00:26,205.65,4041514
2021-06-22 10:00:29,205.6,4041900
2021-06-22 10:00:31,205.6,4045960
2021-06-22 10:00:34,205.6,4046420
2021-06-22 10:00:43,205.6,4050507
2021-06-22 10:00:48,205.55,4050587
2021-06-22 10:00:51,205.6,4050970
2021-06-22 10:00:53,205.55,4051092
2021-06-22 10:00:56,205.6,4051112
2021-06-22 10:00:58,205.6,4052478
2021-06-22 10:01:01,205.6,4052510
2021-06-22 10:01:03,205.6,4065144
2021-06-22 10:01:06,205.55,4070210
2021-06-22 10:01:11,205.55,4078510
2021-06-22 10:01:14,205.6,4085540
2021-06-22 10:01:17,205.5,4095026
2021-06-22 10:01:20,205.55,4096226
2021-06-22 10:01:26,205.55,4096983
2021-06-22 10:01:29,205.6,4097444
2021-06-22 10:01:31,205.55,4099192
2021-06-22 10:01:34,205.6,4104536
2021-06-22 10:01:36,205.6,4105589
2021-06-22 10:01:39,205.5,4106000
2021-06-22 10:01:42,205.5,4138941
2021-06-22 10:01:45,205.6,4142200
2021-06-22 10:01:48,205.6,4146355
2021-06-22 10:01:51,205.5,4146852
2021-06-22 10:01:57,205.55,4153643
2021-06-22 10:02:00,205.55,4154180
2021-06-22 10:02:03,205.5,4155225
2021-06-22 10:02:06,205.5,4155913
2021-06-22 10:02:08,205.55,4156107
2021-06-22 10:02:10,205.5,4156596
2021-06-22 10:02:15,205.45,4157247
2021-06-22 10:02:18,205.5,4157510
2021-06-22 10:02:22,205.5,4161442
2021-06-22 10:02:24,205.5,4161984
2021-06-22 10:02:30,205.4,4165195
2021-06-22 10:02:35,205.45,4166762
2021-06-22 10:02:38,205.5,4167973
2021-06-22 10:02:41,205.5,4169028
2021-06-22 10:02:44,205.45,4169505
2021-06-22 10:02:47,205.4,4169797
2021-06-22 10:02:50,205.45,4170372
2021-06-22 10:02:53,205.45,4170525
2021-06-22 10:02:58,205.45,4172019
2021-06-22 10:03:01,205.4,4172451
2021-06-22 10:03:04,205.45,4172603
2021-06-22 10:03:06,205.4,4173604
2021-06-22 10:03:09,205.45,4175282
2021-06-22 10:03:12,205.45,4175636
2021-06-22 10:03:14,205.4,4175786
2021-06-22 10:03:17,205.45,4175845
2021-06-22 10:03:20,205.45,4175976
2021-06-22 10:03:23,205.5,4179203
2021-06-22 10:03:25,205.5,4179220
2021-06-22 10:03:27,205.45,4179688
2021-06-22 10:03:30,205.5,4180494
2021-06-22 10:03:33,205.5,4180833
2021-06-22 10:03:39,205.4,4182102
2021-06-22 10:03:42,205.4,4183198
2021-06-22 10:03:45,205.4,4188638
2021-06-22 10:03:48,205.45,4191090
2021-06-22 10:03:51,205.5,4191761
2021-06-22 10:03:54,205.45,4192201
2021-06-22 10:03:56,205.45,4193237
2021-06-22 10:03:59,205.45,4193644
2021-06-22 10:04:02,205.45,4194083
2021-06-22 10:04:04,205.5,4196780
2021-06-22 10:04:07,205.5,4197272
2021-06-22 10:04:10,205.45,4197527
2021-06-22 10:04:15,205.5,4200016
2021-06-22 10:04:18,205.5,4200174
2021-06-22 10:04:21,205.45,4205281
2021-06-22 10:04:23,205.5,4206128
2021-06-22 10:04:26,205.4,4206214
2021-06-22 10:04:29,205.45,4206227
2021-06-22 10:04:31,205.5,4209998
2021-06-22 10:04:37,205.55,4211204
2021-06-22 10:04:40,205.45,4214262
2021-06-22 10:04:43,205.55,4216961
2021-06-22 10:04:45,205.55,4217118
2021-06-22 10:04:48,205.45,4217434
2021-06-22 10:04:50,205.5,4217531
2021-06-22 10:04:53,205.5,4219597
2021-06-22 10:04:55,205.5,4219959
2021-06-22 10:04:58,205.55,4220070
2021-06-22 10:05:00,205.5,4221350
2021-06-22 10:05:03,205.45,4221779
2021-06-22 10:05:05,205.45,4222235
2021-06-22 10:05:08,205.5,4222842
2021-06-22 10:05:10,205.55,4223070
2021-06-22 10:05:13,205.55,4224195
2021-06-22 10:05:15,205.45,4227625
2021-06-22 10:05:18,205.5,4231190
2021-06-22 10:05:20,205.4,4231971
2021-06-22 10:05:23,205.5,4232469
2021-06-22 10:05:26,205.5,4232639
2021-06-22 10:05:29,205.5,4232970
2021-06-22 10:05:33,205.5,4233220
2021-06-22 10:05:36,205.5,4233624
2021-06-22 10:05:42,205.5,4236616
2021-06-22 10:05:44,205.5,4237626
2021-06-22 10:05:47,205.5,4237681
2021-06-22 10:05:50,205.5,4238111
2021-06-22 10:05:52,205.5,4238549
2021-06-22 10:05:55,205.5,4239026
2021-06-22 10:05:57,205.5,4239035
2021-06-22 10:06:00,205.5,4239476
2021-06-22 10:06:02,205.5,4241288
2021-06-22 10:06:05,205.5,4241750
2021-06-22 10:06:10,205.5,4256290
2021-06-22 10:06:13,205.5,4257615
2021-06-22 10:06:15,205.5,4257893
2021-06-22 10:06:20,205.55,4258188
2021-06-22 10:06:23,205.55,4258525
2021-06-22 10:06:25,205.5,4259378
2021-06-22 10:06:28,205.55,4261852
2021-06-22 10:06:30,205.45,4264862
2021-06-22 10:06:33,205.5,4269825
2021-06-22 10:06:35,205.55,4270293
2021-06-22 10:06:37,205.55,4270783
2021-06-22 10:06:40,205.45,4273769
2021-06-22 10:06:42,205.45,4274144
2021-06-22 10:06:45,205.45,4274514
2021-06-22 10:06:47,205.45,4274761
2021-06-22 10:06:50,205.45,4275437
2021-06-22 10:06:52,205.4,4275887
2021-06-22 10:06:55,205.4,4276184
2021-06-22 10:07:00,205.5,4282325
2021-06-22 10:07:02,205.55,4283036
2021-06-22 10:07:05,205.4,4283393
2021-06-22 10:07:10,205.5,4283727
2021-06-22 10:07:12,205.45,4285561
2021-06-22 10:07:15,205.45,4286055
2021-06-22 10:07:20,205.45,4287218
2021-06-22 10:07:22,205.55,4289884
2021-06-22 10:07:24,205.55,4290614
2021-06-22 10:07:26,205.55,4291062
2021-06-22 10:07:28,205.5,4291676
2021-06-22 10:07:30,205.45,4291903
2021-06-22 10:07:32,205.5,4292861
2021-06-22 10:07:35,205.5,4293059
2021-06-22 10:07:38,205.5,4294688
2021-06-22 10:07:40,205.5,4295466
2021-06-22 10:07:42,205.5,4295526
2021-06-22 10:07:45,205.5,4295604
2021-06-22 10:07:47,205.5,4295692
2021-06-22 10:07:49,205.5,4295838
2021-06-22 10:07:51,205.45,4303247
2021-06-22 10:07:54,205.45,4308734
2021-06-22 10:07:56,205.5,4309506
2021-06-22 10:07:59,205.4,4309897
2021-06-22 10:08:01,205.45,4310145
2021-06-22 10:08:06,205.4,4310625
2021-06-22 10:08:09,205.45,4312444
2021-06-22 10:08:11,205.4,4312994
2021-06-22 10:08:15,205.5,4314211
2021-06-22 10:08:18,205.45,4314445
2021-06-22 10:08:20,205.5,4314678
2021-06-22 10:08:23,205.45,4314765
2021-06-22 10:08:26,205.5,4318052
2021-06-22 10:08:28,205.5,4318536
2021-06-22 10:08:30,205.5,4320175
2021-06-22 10:08:32,205.5,4322439
2021-06-22 10:08:35,205.4,4323265
2021-06-22 10:08:37,205.5,4323344
2021-06-22 10:08:39,205.5,4323477
2021-06-22 10:08:42,205.55,4323785
2021-06-22 10:08:44,205.55,4323949
2021-06-22 10:08:47,205.5,4323975
2021-06-22 10:08:50,205.5,4325029
2021-06-22 10:08:55,205.5,4326911
2021-06-22 10:08:57,205.5,4328211
2021-06-22 10:09:00,205.55,4328787
2021-06-22 10:09:03,205.55,4330785
2021-06-22 10:09:05,205.55,4331063
2021-06-22 10:09:07,205.55,4331303
2021-06-22 10:09:10,205.55,4331462
2021-06-22 10:09:12,205.55,4331539
2021-06-22 10:09:15,205.5,4334535
2021-06-22 10:09:17,205.55,4341094
2021-06-22 10:09:19,205.5,4342228
2021-06-22 10:09:22,205.55,4342444
2021-06-22 10:09:27,205.5,4343708
2021-06-22 10:09:30,205.55,4347803
2021-06-22 10:09:33,205.55,4351423
2021-06-22 10:09:36,205.6,4352500
2021-06-22 10:09:39,205.6,4352634
2021-06-22 10:09:42,205.6,4353065
2021-06-22 10:09:44,205.6,4354159
2021-06-22 10:09:47,205.5,4354976
2021-06-22 10:09:50,205.6,4355071
2021-06-22 10:09:52,205.6,4357275
2021-06-22 10:09:57,205.55,4358409
2021-06-22 10:10:03,205.6,4358981
2021-06-22 10:10:05,205.6,4359314
2021-06-22 10:10:07,205.6,4359972
2021-06-22 10:10:09,205.6,4360087
2021-06-22 10:10:12,205.6,4360493
2021-06-22 10:10:14,205.6,4360523
2021-06-22 10:10:17,205.55,4362403
2021-06-22 10:10:19,205.5,4366251
2021-06-22 10:10:21,205.6,4367668
2021-06-22 10:10:24,205.6,4367817
2021-06-22 10:10:27,205.5,4368817
2021-06-22 10:10:29,205.6,4370166
2021-06-22 10:10:31,205.6,4370731
2021-06-22 10:10:34,205.6,4383068
2021-06-22 10:10:36,205.6,4389851
2021-06-22 10:10:39,205.5,4395747
2021-06-22 10:10:42,205.6,4396826
2021-06-22 10:10:44,205.5,4397435
2021-06-22 10:10:47,205.55,4397536
2021-06-22 10:10:49,205.6,4407376
2021-06-22 10:10:51,205.6,4408609
2021-06-22 10:10:54,205.6,4409137
2021-06-22 10:10:56,205.6,4409303
2021-06-22 10:10:59,205.6,4409548
2021-06-22 10:11:02,205.55,4409829
2021-06-22 10:11:05,205.55,4410071
2021-06-22 10:11:07,205.6,4410384
2021-06-22 10:11:13,205.55,4411065
2021-06-22 10:11:15,205.65,4412094
2021-06-22 10:11:17,205.6,4414550
2021-06-22 10:11:20,205.6,4415465
2021-06-22 10:11:22,205.6,4415669
2021-06-22 10:11:24,205.6,4415720
2021-06-22 10:11:26,205.65,4417176
2021-06-22 10:11:31,205.6,4418066
2021-06-22 10:11:34,205.6,4418438
2021-06-22 10:11:36,205.65,4421617
2021-06-22 10:11:38,205.65,4421739
2021-06-22 10:11:40,205.55,4422366
2021-06-22 10:11:43,205.6,4425619
2021-06-22 10:11:45,205.55,4436197
2021-06-22 10:11:47,205.6,4437287
2021-06-22 10:11:52,205.65,4444214
2021-06-22 10:11:55,205.65,4448460
2021-06-22 10:11:57,205.55,4449247
2021-06-22 10:12:00,205.55,4449680
2021-06-22 10:12:03,205.65,4450209
2021-06-22 10:12:05,205.65,4450379
2021-06-22 10:12:07,205.65,4452710
2021-06-22 10:12:10,205.6,4454089
2021-06-22 10:12:12,205.6,4454152
2021-06-22 10:12:14,205.65,4456955
2021-06-22 10:12:17,205.6,4461087
2021-06-22 10:12:19,205.6,4462443
2021-06-22 10:12:21,205.6,4462944
2021-06-22 10:12:24,205.6,4463702
2021-06-22 10:12:29,205.55,4464775
2021-06-22 10:12:32,205.5,4464796
2021-06-22 10:12:34,205.6,4465035
2021-06-22 10:12:37,205.5,4465454
2021-06-22 10:12:39,205.6,4465505
2021-06-22 10:12:42,205.5,4468946
2021-06-22 10:12:44,205.6,4469557
2021-06-22 10:12:46,205.6,4469828
2021-06-22 10:12:49,205.6,4470005
2021-06-22 10:12:54,205.6,4470575
2021-06-22 10:12:56,205.6,4470819
2021-06-22 10:12:58,205.5,4470940
2021-06-22 10:13:00,205.5,4471076
2021-06-22 10:13:02,205.6,4471093
2021-06-22 10:13:04,205.6,4471274
2021-06-22 10:13:06,205.6,4471305
2021-06-22 10:13:08,205.6,4471587
2021-06-22 10:13:10,205.55,4472669
2021-06-22 10:13:13,205.6,4475420
2021-06-22 10:13:15,205.6,4477084
2021-06-22 10:13:17,205.6,4477187
2021-06-22 10:13:19,205.5,4477913
2021-06-22 10:13:21,205.6,4478983
2021-06-22 10:13:23,205.55,4479685
2021-06-22 10:13:26,205.55,4479886
2021-06-22 10:13:28,205.55,4483109
2021-06-22 10:13:30,205.5,4484229
2021-06-22 10:13:33,205.55,4484294
2021-06-22 10:13:35,205.6,4484904
2021-06-22 10:13:37,205.5,4485356
2021-06-22 10:13:39,205.5,4488776
2021-06-22 10:13:42,205.55,4492458
2021-06-22 10:13:44,205.5,4497293
2021-06-22 10:13:47,205.5,4498617
2021-06-22 10:13:52,205.5,4500152
2021-06-22 10:13:54,205.5,4500299
2021-06-22 10:13:56,205.5,4500398
2021-06-22 10:13:58,205.6,4501569
2021-06-22 10:14:01,205.5,4503546
2021-06-22 10:14:03,205.5,4503894
2021-06-22 10:14:06,205.5,4504023
2021-06-22 10:14:11,205.5,4505598
2021-06-22 10:14:13,205.5,4506777
2021-06-22 10:14:15,205.5,4506983
2021-06-22 10:14:17,205.5,4507077
2021-06-22 10:14:19,205.5,4507151
2021-06-22 10:14:21,205.55,4507511
2021-06-22 10:14:24,205.5,4508837
2021-06-22 10:14:26,205.5,4509980
2021-06-22 10:14:31,205.55,4512306
2021-06-22 10:14:33,205.55,4512487
2021-06-22 10:14:35,205.55,4512523
2021-06-22 10:14:37,205.55,4512588
2021-06-22 10:14:39,205.55,4512688
2021-06-22 10:14:42,205.55,4513394
2021-06-22 10:14:44,205.55,4514201
2021-06-22 10:14:47,205.45,4515681
2021-06-22 10:14:49,205.55,4519300
2021-06-22 10:14:51,205.5,4519694
2021-06-22 10:14:54,205.5,4520574
2021-06-22 10:14:56,205.5,4520752
2021-06-22 10:14:58,205.55,4521300
2021-06-22 10:15:00,205.6,4521930
2021-06-22 10:15:03,205.5,4522552
2021-06-22 10:15:06,205.6,4522946
2021-06-22 10:15:10,205.6,4523222
2021-06-22 10:15:15,205.5,4524129
2021-06-22 10:15:17,205.5,4524564
2021-06-22 10:15:20,205.6,4524746
2021-06-22 10:15:22,205.5,4525634
2021-06-22 10:15:25,205.55,4526051
2021-06-22 10:15:27,205.55,4526157
2021-06-22 10:15:29,205.55,4526277
2021-06-22 10:15:31,205.5,4527354
2021-06-22 10:15:33,205.5,4527890
2021-06-22 10:15:35,205.55,4527982
2021-06-22 10:15:38,205.5,4528273
2021-06-22 10:15:40,205.6,4529526
2021-06-22 10:15:42,205.6,4530849
2021-06-22 10:15:45,205.6,4530887
2021-06-22 10:15:47,205.5,4531123
2021-06-22 10:15:49,205.6,4531264
2021-06-22 10:15:51,205.6,4531775
2021-06-22 10:15:53,205.5,4532974
2021-06-22 10:15:55,205.6,4533010
2021-06-22 10:15:58,205.6,4533127
2021-06-22 10:16:02,205.5,4533686
2021-06-22 10:16:05,205.6,4533742
2021-06-22 10:16:07,205.55,4534263
2021-06-22 10:16:10,205.55,4538901
2021-06-22 10:16:12,205.5,4543865
2021-06-22 10:16:15,205.6,4544399
2021-06-22 10:16:17,205.6,4544949
2021-06-22 10:16:22,205.6,4554967
2021-06-22 10:16:27,205.5,4558944
2021-06-22 10:16:29,205.55,4559274
2021-06-22 10:16:30,205.55,4559307
2021-06-22 10:16:32,205.5,4559960
2021-06-22 10:16:35,205.55,4560317
2021-06-22 10:16:37,205.5,4560416
2021-06-22 10:16:40,205.55,4563773
2021-06-22 10:16:42,205.55,4567699
2021-06-22 10:16:45,205.55,4573625
2021-06-22 10:16:47,205.55,4574228
2021-06-22 10:16:49,205.55,4574659
2021-06-22 10:16:52,205.55,4575168
2021-06-22 10:16:54,205.5,4575227
2021-06-22 10:16:57,205.55,4576146
2021-06-22 10:16:59,205.5,4578825
2021-06-22 10:17:01,205.5,4580031
2021-06-22 10:17:03,205.45,4583610
2021-06-22 10:17:05,205.55,4584486
2021-06-22 10:17:07,205.55,4585043
2021-06-22 10:17:10,205.55,4585097
2021-06-22 10:17:12,205.5,4585352
2021-06-22 10:17:15,205.55,4585659
2021-06-22 10:17:17,205.55,4585660
2021-06-22 10:17:19,205.55,4585769
2021-06-22 10:17:22,205.55,4588198
2021-06-22 10:17:24,205.5,4591849
2021-06-22 10:17:27,205.55,4592606
2021-06-22 10:17:29,205.55,4593167
2021-06-22 10:17:32,205.55,4593716
2021-06-22 10:17:34,205.6,4603309
2021-06-22 10:17:36,205.6,4603614
2021-06-22 10:17:39,205.55,4604883
2021-06-22 10:17:41,205.55,4604995
2021-06-22 10:17:43,205.55,4605127
2021-06-22 10:17:45,205.55,4605216
2021-06-22 10:17:48,205.55,4605500
2021-06-22 10:17:51,205.55,4605577
2021-06-22 10:17:53,205.55,4608611
2021-06-22 10:17:55,205.55,4609175
2021-06-22 10:17:57,205.6,4611322
2021-06-22 10:18:00,205.55,4612288
2021-06-22 10:18:02,205.6,4612921
2021-06-22 10:18:04,205.6,4616333
2021-06-22 10:18:07,205.55,4619232
2021-06-22 10:18:09,205.55,4620597
2021-06-22 10:18:12,205.55,4620623
2021-06-22 10:18:14,205.5,4621041
2021-06-22 10:18:16,205.55,4621391
2021-06-22 10:18:19,205.5,4621527
2021-06-22 10:18:21,205.6,4622104
2021-06-22 10:18:24,205.6,4627210
2021-06-22 10:18:26,205.6,4628289
2021-06-22 10:18:29,205.6,4628889
2021-06-22 10:18:32,205.6,4629992
2021-06-22 10:18:37,205.6,4630530
2021-06-22 10:18:39,205.5,4630933
2021-06-22 10:18:42,205.55,4631131
2021-06-22 10:18:44,205.55,4631161
2021-06-22 10:18:48,205.6,4634031
2021-06-22 10:18:51,205.5,4634204
2021-06-22 10:18:53,205.55,4634497
2021-06-22 10:18:56,205.6,4635115
2021-06-22 10:18:58,205.6,4635258
2021-06-22 10:19:00,205.55,4638186
2021-06-22 10:19:02,205.55,4638884
2021-06-22 10:19:04,205.55,4639000
2021-06-22 10:19:06,205.55,4639235
2021-06-22 10:19:08,205.55,4639280
2021-06-22 10:19:10,205.5,4639344
2021-06-22 10:19:14,205.5,4640301
2021-06-22 10:19:16,205.5,4640887
2021-06-22 10:19:18,205.6,4640945
2021-06-22 10:19:21,205.6,4641038
2021-06-22 10:19:24,205.6,4641269
2021-06-22 10:19:26,205.5,4644023
2021-06-22 10:19:29,205.55,4644600
2021-06-22 10:19:32,205.55,4645077
2021-06-22 10:19:37,205.55,4645547
2021-06-22 10:19:40,205.6,4645565
2021-06-22 10:19:45,205.6,4645746
2021-06-22 10:19:48,205.6,4646108
2021-06-22 10:19:50,205.6,4646123
2021-06-22 10:19:52,205.55,4646423
2021-06-22 10:19:55,205.55,4646655
2021-06-22 10:19:57,205.55,4648695
2021-06-22 10:19:59,205.55,4649170
2021-06-22 10:20:01,205.6,4651274
2021-06-22 10:20:03,205.6,4651415
2021-06-22 10:20:06,205.6,4652118
2021-06-22 10:20:08,205.55,4652470
2021-06-22 10:20:10,205.55,4653107
2021-06-22 10:20:12,205.55,4653415
2021-06-22 10:20:14,205.6,4654305
2021-06-22 10:20:16,205.6,4654585
2021-06-22 10:20:18,205.55,4654972
2021-06-22 10:20:21,205.5,4655637
2021-06-22 10:20:23,205.5,4655874
2021-06-22 10:20:26,205.55,4655962
2021-06-22 10:20:29,205.6,4658834
2021-06-22 10:20:31,205.6,4659356
2021-06-22 10:20:34,205.6,4659626
2021-06-22 10:20:36,205.6,4659834
2021-06-22 10:20:38,205.6,4659872
2021-06-22 10:20:41,205.6,4660197
2021-06-22 10:20:43,205.6,4663517
2021-06-22 10:20:46,205.6,4666235
2021-06-22 10:20:48,205.6,4666499
2021-06-22 10:20:50,205.55,4666616
2021-06-22 10:20:52,205.6,4667864
2021-06-22 10:20:54,205.6,4668919
2021-06-22 10:20:56,205.5,4672269
2021-06-22 10:20:58,205.6,4673129
2021-06-22 10:21:01,205.55,4673420
2021-06-22 10:21:04,205.55,4673552
2021-06-22 10:21:08,205.55,4673927
2021-06-22 10:21:11,205.5,4674698
2021-06-22 10:21:16,205.55,4675151
2021-06-22 10:21:18,205.5,4682231
2021-06-22 10:21:21,205.55,4683460
2021-06-22 10:21:23,205.6,4683486
2021-06-22 10:21:25,205.5,4688696
2021-06-22 10:21:27,205.6,4689482
2021-06-22 10:21:29,205.55,4689842
2021-06-22 10:21:34,205.55,4695118
2021-06-22 10:21:36,205.55,4695830
2021-06-22 10:21:39,205.5,4696283
2021-06-22 10:21:41,205.55,4700643
2021-06-22 10:21:43,205.55,4704480
2021-06-22 10:21:45,205.5,4726646
2021-06-22 10:21:47,205.5,4734751
2021-06-22 10:21:49,205.5,4735690
2021-06-22 10:21:51,205.5,4735868
2021-06-22 10:21:54,205.5,4736133
2021-06-22 10:21:56,205.55,4736814
2021-06-22 10:21:58,205.55,4737210
2021-06-22 10:22:01,205.55,4737291
2021-06-22 10:22:03,205.55,4738082
2021-06-22 10:22:07,205.55,4743651
2021-06-22 10:22:09,205.6,4765036
2021-06-22 10:22:12,205.55,4767268
2021-06-22 10:22:14,205.55,4770082
2021-06-22 10:22:19,205.5,4770857
2021-06-22 10:22:22,205.5,4770909
2021-06-22 10:22:24,205.6,4771042
2021-06-22 10:22:26,205.5,4771147
2021-06-22 10:22:28,205.55,4772494
2021-06-22 10:22:31,205.5,4773626
2021-06-22 10:22:33,205.55,4774202
2021-06-22 10:22:36,205.55,4774212
2021-06-22 10:22:38,205.5,4774854
2021-06-22 10:22:40,205.5,4776434
2021-06-22 10:22:43,205.5,4776517
2021-06-22 10:22:46,205.55,4776922
2021-06-22 10:22:48,205.65,4812188
2021-06-22 10:22:50,205.5,4815551
2021-06-22 10:22:53,205.6,4815890
2021-06-22 10:22:55,205.6,4816938
2021-06-22 10:22:58,205.6,4820192
2021-06-22 10:23:01,205.6,4820728
2021-06-22 10:23:03,205.6,4821791
2021-06-22 10:23:06,205.6,4822661
2021-06-22 10:23:08,205.5,4823125
2021-06-22 10:23:10,205.6,4823620
2021-06-22 10:23:12,205.6,4823682
2021-06-22 10:23:15,205.5,4823732
2021-06-22 10:23:17,205.5,4826902
2021-06-22 10:23:19,205.6,4830218
2021-06-22 10:23:21,205.55,4830356
2021-06-22 10:23:24,205.6,4832486
2021-06-22 10:23:26,205.55,4832953
2021-06-22 10:23:28,205.6,4833165
2021-06-22 10:23:30,205.6,4834201
2021-06-22 10:23:32,205.6,4834521
2021-06-22 10:23:35,205.6,4834609
2021-06-22 10:23:37,205.5,4834965
2021-06-22 10:23:40,205.6,4835775
2021-06-22 10:23:42,205.6,4835993
2021-06-22 10:23:45,205.6,4836429
2021-06-22 10:23:47,205.5,4837819
2021-06-22 10:23:49,205.6,4838078
2021-06-22 10:23:52,205.6,4838280
2021-06-22 10:23:54,205.55,4839677
2021-06-22 10:23:59,205.6,4846604
2021-06-22 10:24:01,205.5,4847825
2021-06-22 10:24:03,205.6,4848132
2021-06-22 10:24:05,205.6,4848219
2021-06-22 10:24:09,205.55,4848414
2021-06-22 10:24:12,205.6,4849459
2021-06-22 10:24:14,205.6,4849518
2021-06-22 10:24:16,205.6,4850476
2021-06-22 10:24:18,205.55,4851015
2021-06-22 10:24:22,205.6,4852144
2021-06-22 10:24:24,205.6,4852700
2021-06-22 10:24:26,205.6,4853080
2021-06-22 10:24:28,205.6,4853132
2021-06-22 10:24:30,205.55,4862285
2021-06-22 10:24:33,205.55,4865500
2021-06-22 10:24:35,205.45,4970629
2021-06-22 10:24:37,205.5,4971763
2021-06-22 10:24:39,205.5,4971931
2021-06-22 10:24:41,205.45,4972107
2021-06-22 10:24:43,205.5,4975338
2021-06-22 10:24:45,205.45,4975823
2021-06-22 10:24:46,205.5,4980778
2021-06-22 10:24:49,205.5,4981720
2021-06-22 10:24:51,205.5,4982356
2021-06-22 10:24:54,205.5,4985950
2021-06-22 10:24:56,205.45,4986589
2021-06-22 10:24:59,205.5,4987929
2021-06-22 10:25:02,205.5,4993298
2021-06-22 10:25:05,205.5,4994162
2021-06-22 10:25:08,205.45,4995296
2021-06-22 10:25:10,205.5,4995954
2021-06-22 10:25:15,205.5,4996766
2021-06-22 10:25:17,205.45,4997805
2021-06-22 10:25:20,205.5,4998467
2021-06-22 10:25:22,205.5,5000993
2021-06-22 10:25:25,205.45,5003632
2021-06-22 10:25:27,205.45,5006418
2021-06-22 10:25:29,205.45,5006999
2021-06-22 10:25:32,205.45,5007103
2021-06-22 10:25:35,205.4,5007244
2021-06-22 10:25:37,205.45,5007455
2021-06-22 10:25:39,205.45,5007880
2021-06-22 10:25:41,205.45,5007977
2021-06-22 10:25:44,205.5,5008823
2021-06-22 10:25:47,205.45,5008881
2021-06-22 10:25:49,205.5,5009679
2021-06-22 10:25:51,205.5,5009927
2021-06-22 10:25:54,205.5,5010312
2021-06-22 10:25:56,205.5,5010434
2021-06-22 10:25:59,205.45,5010455
2021-06-22 10:26:01,205.5,5010612
2021-06-22 10:26:04,205.5,5010839
2021-06-22 10:26:06,205.5,5010947
2021-06-22 10:26:11,205.5,5017095
2021-06-22 10:26:16,205.5,5019292
2021-06-22 10:26:18,205.4,5019562
2021-06-22 10:26:20,205.5,5020683
2021-06-22 10:26:23,205.4,5021068
2021-06-22 10:26:25,205.5,5023671
2021-06-22 10:26:27,205.45,5023861
2021-06-22 10:26:29,205.5,5024206
2021-06-22 10:26:31,205.5,5024237
2021-06-22 10:26:33,205.45,5026039
2021-06-22 10:26:36,205.4,5026247
2021-06-22 10:26:38,205.45,5026303
2021-06-22 10:26:40,205.45,5026488
2021-06-22 10:26:42,205.45,5026684
2021-06-22 10:26:45,205.4,5026744
2021-06-22 10:26:47,205.4,5026777
2021-06-22 10:26:50,205.45,5027141
2021-06-22 10:26:52,205.45,5027869
2021-06-22 10:26:57,205.45,5030390
2021-06-22 10:26:59,205.45,5030499
2021-06-22 10:27:04,205.5,5042235
2021-06-22 10:27:06,205.4,5043726
2021-06-22 10:27:09,205.45,5043734
2021-06-22 10:27:12,205.5,5045042
2021-06-22 10:27:15,205.45,5048370
2021-06-22 10:27:19,205.5,5053792
2021-06-22 10:27:22,205.5,5053964
2021-06-22 10:27:24,205.5,5056152
2021-06-22 10:27:27,205.45,5056643
2021-06-22 10:27:32,205.4,5059152
2021-06-22 10:27:35,205.35,5059347
2021-06-22 10:27:40,205.45,5060970
2021-06-22 10:27:42,205.45,5062052
2021-06-22 10:27:44,205.4,5062602
2021-06-22 10:27:46,205.45,5063038
2021-06-22 10:27:48,205.4,5064189
2021-06-22 10:27:50,205.45,5064336
2021-06-22 10:27:53,205.4,5064441
2021-06-22 10:27:55,205.4,5065121
2021-06-22 10:27:57,205.45,5065403
2021-06-22 10:28:00,205.45,5065609
2021-06-22 10:28:02,205.45,5065709
2021-06-22 10:28:04,205.4,5065711
2021-06-22 10:28:06,205.45,5065873
2021-06-22 10:28:08,205.4,5066124
2021-06-22 10:28:10,205.35,5067874
2021-06-22 10:28:13,205.45,5071713
2021-06-22 10:28:17,205.35,5072255
2021-06-22 10:28:19,205.45,5072310
2021-06-22 10:28:22,205.4,5072669
2021-06-22 10:28:24,205.4,5072903
2021-06-22 10:28:26,205.45,5072984
2021-06-22 10:28:29,205.45,5073860
2021-06-22 10:28:31,205.45,5073946
2021-06-22 10:28:33,205.45,5074014
2021-06-22 10:28:35,205.35,5074138
2021-06-22 10:28:38,205.4,5074353
2021-06-22 10:28:41,205.4,5076434
2021-06-22 10:28:43,205.45,5076715
2021-06-22 10:28:46,205.4,5076987
2021-06-22 10:28:50,205.45,5083762
2021-06-22 10:28:53,205.45,5083921
2021-06-22 10:28:56,205.45,5084548
2021-06-22 10:28:58,205.45,5084548
2021-06-22 10:29:01,205.45,5085253
2021-06-22 10:29:03,205.4,5085306
2021-06-22 10:29:05,205.45,5085419
2021-06-22 10:29:10,205.45,5085669
2021-06-22 10:29:12,205.45,5086000
2021-06-22 10:29:15,205.45,5086408
2021-06-22 10:29:17,205.45,5086731
2021-06-22 10:29:20,205.4,5087361
2021-06-22 10:29:22,205.45,5087451
2021-06-22 10:29:24,205.4,5088082
2021-06-22 10:29:26,205.4,5088655
2021-06-22 10:29:28,205.4,5089038
2021-06-22 10:29:30,205.45,5089249
2021-06-22 10:29:33,205.45,5089275
2021-06-22 10:29:35,205.45,5089576
2021-06-22 10:29:38,205.45,5089734
2021-06-22 10:29:40,205.45,5089946
2021-06-22 10:29:42,205.45,5089990
2021-06-22 10:29:44,205.45,5091933
2021-06-22 10:29:47,205.45,5092227
2021-06-22 10:29:49,205.45,5094104
2021-06-22 10:29:51,205.45,5094668
2021-06-22 10:29:54,205.5,5097204
2021-06-22 10:29:56,205.4,5098355
2021-06-22 10:29:59,205.5,5098664
2021-06-22 10:30:01,205.5,5098948
2021-06-22 10:30:04,205.5,5099454
2021-06-22 10:30:06,205.45,5099644
2021-06-22 10:30:08,205.5,5101560
2021-06-22 10:30:11,205.4,5101828
2021-06-22 10:30:13,205.5,5102969
2021-06-22 10:30:15,205.5,5103047
2021-06-22 10:30:17,205.5,5103148
2021-06-22 10:30:20,205.4,5111555
2021-06-22 10:30:22,205.45,5116615
2021-06-22 10:30:25,205.45,5117425
2021-06-22 10:30:29,205.45,5117614
2021-06-22 10:30:32,205.35,5117941
2021-06-22 10:30:34,205.35,5117955
2021-06-22 10:30:37,205.5,5123313
2021-06-22 10:30:41,205.45,5124935
2021-06-22 10:30:43,205.45,5124985
2021-06-22 10:30:45,205.45,5125005
2021-06-22 10:30:48,205.45,5125038
2021-06-22 10:30:50,205.45,5125488
2021-06-22 10:30:52,205.45,5125535
2021-06-22 10:30:54,205.4,5125587
2021-06-22 10:30:56,205.45,5130601
2021-06-22 10:30:58,205.4,5131219
2021-06-22 10:31:00,205.4,5133351
2021-06-22 10:31:02,205.45,5133582
2021-06-22 10:31:05,205.45,5133682
2021-06-22 10:31:07,205.5,5133725
2021-06-22 10:31:09,205.35,5135445
2021-06-22 10:31:11,205.5,5135892
2021-06-22 10:31:13,205.5,5136007
2021-06-22 10:31:16,205.5,5136262
2021-06-22 10:31:18,205.4,5176368
2021-06-22 10:31:20,205.4,5180663
2021-06-22 10:31:22,205.45,5180819
2021-06-22 10:31:24,205.45,5181259
2021-06-22 10:31:27,205.35,5181862
2021-06-22 10:31:29,205.35,5182249
2021-06-22 10:31:32,205.4,5182564
2021-06-22 10:31:34,205.4,5182690
2021-06-22 10:31:36,205.3,5183015
2021-06-22 10:31:37,205.4,5183070
2021-06-22 10:31:38,205.4,5183070
2021-06-22 10:31:39,205.4,5183145
2021-06-22 10:31:40,205.35,5183281
2021-06-22 10:31:41,205.4,5183313
2021-06-22 10:31:43,205.35,5184068
2021-06-22 10:31:45,205.4,5184108
2021-06-22 10:31:46,205.4,5184134
2021-06-22 10:31:46,205.4,5184134
2021-06-22 10:31:47,205.4,5184134
2021-06-22 10:31:48,205.4,5184170
2021-06-22 10:31:49,205.4,5184201
2021-06-22 10:31:50,205.35,5184276
2021-06-22 10:31:51,205.4,5184281
2021-06-22 10:31:52,205.4,5184667
2021-06-22 10:31:53,205.35,5187217
2021-06-22 10:31:54,205.4,5187760
2021-06-22 10:31:55,205.4,5187861
2021-06-22 10:31:56,205.3,5187961
2021-06-22 10:31:57,205.4,5188117
2021-06-22 10:31:58,205.45,5188355
2021-06-22 10:31:59,205.45,5191561
2021-06-22 10:32:00,205.4,5193755
2021-06-22 10:32:01,205.4,5193965
2021-06-22 10:32:02,205.3,5194224
2021-06-22 10:32:03,205.3,5194335
2021-06-22 10:32:04,205.4,5194385
2021-06-22 10:32:05,205.4,5194490
2021-06-22 10:32:06,205.4,5194571
2021-06-22 10:32:07,205.4,5194771
2021-06-22 10:32:08,205.4,5195071
2021-06-22 10:32:09,205.35,5195099
2021-06-22 10:32:12,205.35,5197874
2021-06-22 10:32:13,205.35,5197875
2021-06-22 10:32:14,205.35,5198177
2021-06-22 10:32:15,205.3,5198281
2021-06-22 10:32:16,205.35,5198687
2021-06-22 10:32:17,205.35,5198904
2021-06-22 10:32:18,205.3,5199035
2021-06-22 10:32:19,205.3,5199035
2021-06-22 10:32:20,205.35,5199085
2021-06-22 10:32:21,205.35,5199135
2021-06-22 10:32:22,205.35,5199736
2021-06-22 10:32:23,205.35,5199736
2021-06-22 10:32:24,205.4,5199858
2021-06-22 10:32:25,205.35,5199999
2021-06-22 10:32:26,205.35,5199999
2021-06-22 10:32:27,205.35,5199999
2021-06-22 10:32:29,205.4,5200149
2021-06-22 10:32:30,205.4,5200180
2021-06-22 10:32:31,205.35,5200535
2021-06-22 10:32:32,205.4,5200790
2021-06-22 10:32:33,205.3,5200793
2021-06-22 10:32:34,205.4,5201104
2021-06-22 10:32:35,205.4,5201365
2021-06-22 10:32:36,205.4,5202362
2021-06-22 10:32:38,205.35,5202363
2021-06-22 10:32:38,205.35,5202463
2021-06-22 10:32:40,205.4,5202464
2021-06-22 10:32:41,205.4,5202964
2021-06-22 10:32:42,205.4,5202964
2021-06-22 10:32:43,205.4,5202995
2021-06-22 10:32:44,205.4,5202995
2021-06-22 10:32:45,205.4,5203006
2021-06-22 10:32:46,205.4,5203042
2021-06-22 10:32:47,205.35,5203062
2021-06-22 10:32:48,205.4,5203579
2021-06-22 10:32:50,205.35,5204301
2021-06-22 10:32:52,205.4,5204326
2021-06-22 10:32:53,205.35,5204453
2021-06-22 10:32:54,205.35,5204528
2021-06-22 10:32:55,205.4,5205060
2021-06-22 10:32:56,205.3,5205270
2021-06-22 10:32:57,205.4,5205559
2021-06-22 10:32:58,205.4,5205581
2021-06-22 10:32:59,205.4,5205588
2021-06-22 10:33:00,205.35,5205664
2021-06-22 10:33:01,205.4,5205944
2021-06-22 10:33:02,205.4,5206149
2021-06-22 10:33:03,205.4,5206201
2021-06-22 10:33:07,205.4,5206395
2021-06-22 10:33:08,205.4,5206945
2021-06-22 10:33:09,205.4,5207104
2021-06-22 10:33:10,205.4,5207314
2021-06-22 10:33:11,205.4,5207322
2021-06-22 10:33:12,205.4,5207563
2021-06-22 10:33:13,205.35,5208497
2021-06-22 10:33:14,205.3,5211272
2021-06-22 10:33:15,205.3,5211882
2021-06-22 10:33:16,205.4,5212148
2021-06-22 10:33:17,205.4,5212150
2021-06-22 10:33:18,205.4,5212588
2021-06-22 10:33:19,205.4,5212652
2021-06-22 10:33:20,205.4,5212756
2021-06-22 10:33:21,205.4,5212971
2021-06-22 10:33:22,205.35,5212976
2021-06-22 10:33:23,205.4,5212986
2021-06-22 10:33:24,205.4,5213202
2021-06-22 10:33:25,205.4,5213207
2021-06-22 10:33:27,205.4,5213267
2021-06-22 10:33:28,205.4,5213367
2021-06-22 10:33:29,205.4,5213468
2021-06-22 10:33:30,205.4,5213649
2021-06-22 10:33:31,205.35,5214032
2021-06-22 10:33:32,205.4,5214038
2021-06-22 10:33:33,205.4,5214045
2021-06-22 10:33:34,205.4,5214045
2021-06-22 10:33:35,205.4,5214045
2021-06-22 10:33:37,205.4,5214853
2021-06-22 10:33:38,205.4,5214953
2021-06-22 10:33:39,205.4,5214970
2021-06-22 10:33:40,205.35,5215075
2021-06-22 10:33:42,205.4,5215785
2021-06-22 10:33:43,205.4,5215787
2021-06-22 10:33:44,205.3,5215810
2021-06-22 10:33:45,205.3,5216198
2021-06-22 10:33:46,205.3,5216245
2021-06-22 10:33:47,205.4,5216337
2021-06-22 10:33:48,205.4,5217075
2021-06-22 10:33:49,205.3,5217917
2021-06-22 10:33:50,205.3,5217943
2021-06-22 10:33:51,205.3,5217945
2021-06-22 10:33:52,205.3,5217945
2021-06-22 10:33:53,205.4,5218532
2021-06-22 10:33:54,205.3,5218632
2021-06-22 10:33:55,205.4,5218688
2021-06-22 10:33:56,205.3,5218689
2021-06-22 10:33:57,205.3,5218689
2021-06-22 10:33:58,205.4,5220593
2021-06-22 10:33:59,205.4,5221378
2021-06-22 10:34:00,205.35,5221403
2021-06-22 10:34:01,205.3,5224269
2021-06-22 10:34:04,205.4,5224635
2021-06-22 10:34:05,205.3,5224786
2021-06-22 10:34:06,205.35,5225917
2021-06-22 10:34:07,205.4,5226872
2021-06-22 10:34:08,205.4,5227148
2021-06-22 10:34:09,205.35,5227750
2021-06-22 10:34:10,205.3,5228034
2021-06-22 10:34:11,205.4,5228680
2021-06-22 10:34:12,205.3,5228871
2021-06-22 10:34:13,205.3,5228899
2021-06-22 10:34:14,205.3,5228899
2021-06-22 10:34:15,205.3,5229071
2021-06-22 10:34:16,205.3,5229071
2021-06-22 10:34:18,205.35,5229323
2021-06-22 10:34:19,205.3,5230954
2021-06-22 10:34:21,205.3,5231413
2021-06-22 10:34:22,205.3,5233058
2021-06-22 10:34:23,205.35,5233287
2021-06-22 10:34:24,205.35,5233470
2021-06-22 10:34:25,205.3,5233832
2021-06-22 10:34:26,205.35,5234136
2021-06-22 10:34:27,205.3,5234853
2021-06-22 10:34:29,205.4,5236244
2021-06-22 10:34:30,205.4,5236284
2021-06-22 10:34:30,205.3,5236484
2021-06-22 10:34:31,205.3,5236659
2021-06-22 10:34:32,205.3,5236659
2021-06-22 10:34:33,205.3,5236759
2021-06-22 10:34:35,205.4,5237072
2021-06-22 10:34:36,205.4,5237204
2021-06-22 10:34:37,205.4,5237415
2021-06-22 10:34:37,205.4,5237434
2021-06-22 10:34:38,205.3,5237447
2021-06-22 10:34:39,205.3,5237457
2021-06-22 10:34:40,205.4,5237495
2021-06-22 10:34:41,205.35,5237778
2021-06-22 10:34:42,205.4,5238846
2021-06-22 10:34:43,205.35,5238933
2021-06-22 10:34:44,205.4,5240070
2021-06-22 10:34:45,205.4,5240078
2021-06-22 10:34:46,205.35,5240861
2021-06-22 10:34:47,205.4,5246609
2021-06-22 10:34:48,205.3,5247870
2021-06-22 10:34:49,205.3,5247870
2021-06-22 10:34:50,205.3,5247870
2021-06-22 10:34:51,205.3,5249896
2021-06-22 10:34:52,205.35,5250248
2021-06-22 10:34:53,205.35,5250299
2021-06-22 10:34:54,205.3,5250430
2021-06-22 10:34:55,205.3,5250772
2021-06-22 10:34:56,205.35,5250980
2021-06-22 10:34:57,205.35,5252058
2021-06-22 10:34:58,205.4,5252329
2021-06-22 10:34:59,205.4,5252329
2021-06-22 10:35:00,205.4,5252360
2021-06-22 10:35:01,205.4,5252561
2021-06-22 10:35:02,205.4,5252611
2021-06-22 10:35:04,205.4,5253117
2021-06-22 10:35:04,205.4,5253117
2021-06-22 10:35:05,205.3,5253518
2021-06-22 10:35:06,205.4,5253551
2021-06-22 10:35:07,205.4,5253551
2021-06-22 10:35:09,205.4,5253551
2021-06-22 10:35:09,205.4,5253761
2021-06-22 10:35:10,205.3,5254065
2021-06-22 10:35:11,205.4,5256475
2021-06-22 10:35:12,205.4,5257574
2021-06-22 10:35:13,205.4,5258353
2021-06-22 10:35:14,205.35,5258563
2021-06-22 10:35:15,205.35,5258845
2021-06-22 10:35:16,205.4,5258852
2021-06-22 10:35:17,205.4,5259342
2021-06-22 10:35:18,205.4,5259342
2021-06-22 10:35:19,205.4,5259343
2021-06-22 10:35:20,205.4,5259365
2021-06-22 10:35:21,205.4,5259665
2021-06-22 10:35:22,205.45,5261044
2021-06-22 10:35:23,205.45,5261386
2021-06-22 10:35:25,205.3,5261486
2021-06-22 10:35:26,205.3,5261769
2021-06-22 10:35:26,205.3,5261769
2021-06-22 10:35:29,205.45,5262457
2021-06-22 10:35:30,205.45,5262714
2021-06-22 10:35:31,205.45,5262714
2021-06-22 10:35:32,205.45,5263563
2021-06-22 10:35:32,205.35,5263675
2021-06-22 10:35:33,205.4,5263713
2021-06-22 10:35:35,205.45,5264342
2021-06-22 10:35:35,205.45,5264342
2021-06-22 10:35:36,205.45,5264373
2021-06-22 10:35:37,205.45,5264980
2021-06-22 10:35:38,205.4,5265000
2021-06-22 10:35:40,205.45,5265207
2021-06-22 10:35:41,205.35,5265235
2021-06-22 10:35:41,205.35,5265235
2021-06-22 10:35:42,205.35,5265439
2021-06-22 10:35:44,205.35,5266729
2021-06-22 10:35:44,205.35,5266729
2021-06-22 10:35:45,205.35,5267239
2021-06-22 10:35:46,205.3,5271343
2021-06-22 10:35:47,205.3,5271881
2021-06-22 10:35:48,205.4,5272064
2021-06-22 10:35:49,205.4,5272084
2021-06-22 10:35:50,205.4,5272449
2021-06-22 10:35:51,205.4,5272514
2021-06-22 10:35:53,205.45,5272569
2021-06-22 10:35:53,205.4,5272614
2021-06-22 10:35:54,205.4,5272895
2021-06-22 10:35:55,205.4,5273110
2021-06-22 10:35:56,205.4,5273746
2021-06-22 10:35:58,205.35,5273846
2021-06-22 10:35:59,205.4,5274321
2021-06-22 10:36:00,205.4,5274331
2021-06-22 10:36:00,205.35,5274636
2021-06-22 10:36:02,205.4,5275020
2021-06-22 10:36:02,205.35,5275125
2021-06-22 10:36:03,205.35,5275125
2021-06-22 10:36:04,205.4,5275145
2021-06-22 10:36:05,205.4,5275145
2021-06-22 10:36:06,205.35,5275494
2021-06-22 10:36:07,205.35,5275494
2021-06-22 10:36:08,205.4,5275618
2021-06-22 10:36:09,205.35,5278251
2021-06-22 10:36:10,205.3,5280627
2021-06-22 10:36:11,205.35,5280638
2021-06-22 10:36:12,205.3,5280919
2021-06-22 10:36:13,205.4,5281635
2021-06-22 10:36:15,205.4,5281831
2021-06-22 10:36:16,205.4,5282289
2021-06-22 10:36:17,205.4,5282289
2021-06-22 10:36:19,205.35,5282409
2021-06-22 10:36:20,205.4,5282881
2021-06-22 10:36:20,205.4,5283512
2021-06-22 10:36:21,205.3,5283532
2021-06-22 10:36:22,205.4,5283935
2021-06-22 10:36:23,205.4,5284212
2021-06-22 10:36:24,205.4,5285274
2021-06-22 10:36:25,205.4,5285274
2021-06-22 10:36:26,205.4,5285275
2021-06-22 10:36:27,205.3,5285320
2021-06-22 10:36:28,205.4,5285947
2021-06-22 10:36:29,205.3,5285961
2021-06-22 10:36:31,205.4,5286816
2021-06-22 10:36:32,205.4,5286821
2021-06-22 10:36:33,205.4,5286821
2021-06-22 10:36:34,205.3,5287502
2021-06-22 10:36:35,205.4,5287507
2021-06-22 10:36:35,205.4,5287866
2021-06-22 10:36:36,205.3,5288302
2021-06-22 10:36:37,205.3,5288302
2021-06-22 10:36:38,205.3,5288387
2021-06-22 10:36:39,205.3,5288387
2021-06-22 10:36:40,205.3,5308800
2021-06-22 10:36:42,205.4,5315767
2021-06-22 10:36:43,205.3,5318992
2021-06-22 10:36:44,205.3,5318994
2021-06-22 10:36:45,205.3,5318994
2021-06-22 10:36:46,205.3,5319614
2021-06-22 10:36:46,205.3,5319614
2021-06-22 10:36:47,205.3,5319647
2021-06-22 10:36:48,205.4,5319778
2021-06-22 10:36:49,205.4,5319918
2021-06-22 10:36:50,205.3,5320169
2021-06-22 10:36:51,205.3,5320169
2021-06-22 10:36:52,205.3,5320419
2021-06-22 10:36:53,205.4,5320447
2021-06-22 10:36:54,205.3,5320504
2021-06-22 10:36:56,205.4,5320507
2021-06-22 10:36:57,205.3,5320509
2021-06-22 10:36:58,205.3,5320510
2021-06-22 10:36:59,205.4,5320525
2021-06-22 10:37:01,205.4,5321265
2021-06-22 10:37:02,205.4,5321320
2021-06-22 10:37:03,205.4,5321326
2021-06-22 10:37:04,205.4,5321328
2021-06-22 10:37:05,205.4,5321432
2021-06-22 10:37:06,205.4,5321578
2021-06-22 10:37:07,205.3,5324844
2021-06-22 10:37:07,205.3,5324844
2021-06-22 10:37:08,205.4,5324849
2021-06-22 10:37:09,205.4,5325711
2021-06-22 10:37:10,205.3,5325996
2021-06-22 10:37:11,205.3,5325997
2021-06-22 10:37:12,205.4,5326185
2021-06-22 10:37:13,205.4,5326188
2021-06-22 10:37:14,205.4,5326830
2021-06-22 10:37:15,205.3,5327032
2021-06-22 10:37:16,205.4,5327042
2021-06-22 10:37:17,205.3,5327344
2021-06-22 10:37:19,205.3,5327678
2021-06-22 10:37:20,205.4,5327959
2021-06-22 10:37:21,205.4,5328563
2021-06-22 10:37:21,205.4,5328866
2021-06-22 10:37:22,205.4,5328866
2021-06-22 10:37:23,205.4,5329176
2021-06-22 10:37:24,205.3,5330666
2021-06-22 10:37:25,205.3,5331449
2021-06-22 10:37:27,205.35,5331777
2021-06-22 10:37:28,205.3,5331779
2021-06-22 10:37:29,205.4,5335492
2021-06-22 10:37:30,205.4,5336098
2021-06-22 10:37:31,205.4,5336180
2021-06-22 10:37:32,205.4,5336280
2021-06-22 10:37:33,205.4,5336280
2021-06-22 10:37:34,205.4,5336280
2021-06-22 10:37:35,205.4,5337886
2021-06-22 10:37:36,205.35,5338141
2021-06-22 10:37:37,205.4,5338177
2021-06-22 10:37:38,205.4,5338308
2021-06-22 10:37:39,205.4,5338308
2021-06-22 10:37:39,205.4,5338308
2021-06-22 10:37:40,205.35,5339228
2021-06-22 10:37:41,205.3,5339594
2021-06-22 10:37:42,205.35,5340082
2021-06-22 10:37:44,205.35,5341282
2021-06-22 10:37:44,205.3,5341497
2021-06-22 10:37:46,205.35,5342070
2021-06-22 10:37:47,205.35,5342678
2021-06-22 10:37:48,205.4,5342709
2021-06-22 10:37:49,205.45,5342719
2021-06-22 10:37:50,205.45,5344815
2021-06-22 10:37:51,205.45,5346986
2021-06-22 10:37:52,205.4,5347109
2021-06-22 10:37:53,205.35,5347159
2021-06-22 10:37:54,205.45,5347213
2021-06-22 10:37:55,205.45,5347213
2021-06-22 10:37:55,205.4,5347263
2021-06-22 10:37:57,205.35,5347363
2021-06-22 10:37:58,205.4,5347413
2021-06-22 10:37:59,205.35,5347613
2021-06-22 10:38:00,205.4,5347644
2021-06-22 10:38:01,205.4,5348026
2021-06-22 10:38:02,205.4,5348071
2021-06-22 10:38:03,205.45,5348171
2021-06-22 10:38:04,205.35,5348271
2021-06-22 10:38:05,205.3,5348505
2021-06-22 10:38:06,205.45,5348820
2021-06-22 10:38:08,205.4,5349027
2021-06-22 10:38:09,205.4,5349027
2021-06-22 10:38:10,205.45,5350853
2021-06-22 10:38:10,205.3,5351150
2021-06-22 10:38:11,205.45,5351152
2021-06-22 10:38:12,205.45,5351300
2021-06-22 10:38:13,205.45,5351300
2021-06-22 10:38:15,205.45,5351305
2021-06-22 10:38:17,205.45,5351493
2021-06-22 10:38:19,205.45,5351625
2021-06-22 10:38:20,205.45,5351732
2021-06-22 10:38:21,205.4,5352014
2021-06-22 10:38:22,205.45,5352197
2021-06-22 10:38:23,205.4,5352322
2021-06-22 10:38:24,205.4,5352364
2021-06-22 10:38:26,205.35,5352844
2021-06-22 10:38:27,205.35,5352848
2021-06-22 10:38:28,205.3,5352858
2021-06-22 10:38:29,205.3,5352858
2021-06-22 10:38:29,205.3,5352858
2021-06-22 10:38:30,205.4,5353179
2021-06-22 10:38:31,205.4,5353379
2021-06-22 10:38:34,205.3,5353668
2021-06-22 10:38:35,205.4,5353804
2021-06-22 10:38:36,205.4,5353861
2021-06-22 10:38:37,205.4,5353902
2021-06-22 10:38:38,205.3,5354631
2021-06-22 10:38:39,205.3,5354916
2021-06-22 10:38:40,205.4,5354930
2021-06-22 10:38:41,205.3,5355214
2021-06-22 10:38:42,205.4,5360418
2021-06-22 10:38:43,205.4,5360851
2021-06-22 10:38:44,205.4,5361293
2021-06-22 10:38:45,205.4,5361293
2021-06-22 10:38:46,205.5,5361666
2021-06-22 10:38:47,205.4,5361676
2021-06-22 10:38:48,205.45,5361726
2021-06-22 10:38:49,205.5,5361981
2021-06-22 10:38:51,205.5,5363126
2021-06-22 10:38:53,205.5,5363516
2021-06-22 10:38:54,205.4,5364323
2021-06-22 10:38:55,205.5,5364539
2021-06-22 10:38:56,205.5,5365170
2021-06-22 10:38:57,205.5,5365285
2021-06-22 10:38:59,205.5,5365588
2021-06-22 10:39:00,205.45,5366619
2021-06-22 10:39:01,205.35,5367127
2021-06-22 10:39:02,205.45,5367655
2021-06-22 10:39:03,205.45,5367655
2021-06-22 10:39:04,205.45,5367655
2021-06-22 10:39:05,205.45,5367665
2021-06-22 10:39:06,205.45,5367696
2021-06-22 10:39:07,205.45,5367951
2021-06-22 10:39:08,205.45,5367961
2021-06-22 10:39:09,205.45,5368591
2021-06-22 10:39:10,205.45,5368591
2021-06-22 10:39:12,205.45,5369228
2021-06-22 10:39:13,205.45,5369663
2021-06-22 10:39:14,205.5,5370279
2021-06-22 10:39:15,205.5,5370279
2021-06-22 10:39:16,205.5,5370279
2021-06-22 10:39:17,205.5,5370608
2021-06-22 10:39:18,205.5,5371122
2021-06-22 10:39:19,205.5,5371122
2021-06-22 10:39:20,205.4,5372020
2021-06-22 10:39:21,205.5,5372545
2021-06-22 10:39:22,205.5,5374509
2021-06-22 10:39:22,205.5,5374509
2021-06-22 10:39:23,205.35,5374763
2021-06-22 10:39:25,205.35,5375091
2021-06-22 10:39:27,205.45,5375112
2021-06-22 10:39:28,205.45,5375227
2021-06-22 10:39:29,205.45,5375227
2021-06-22 10:39:30,205.5,5375758
2021-06-22 10:39:31,205.4,5375760
2021-06-22 10:39:32,205.45,5375909
2021-06-22 10:39:33,205.4,5375910
2021-06-22 10:39:34,205.4,5376010
2021-06-22 10:39:35,205.4,5376010
2021-06-22 10:39:36,205.45,5376020
2021-06-22 10:39:37,205.45,5376555
2021-06-22 10:39:38,205.45,5378090
2021-06-22 10:39:39,205.4,5378421
2021-06-22 10:39:40,205.4,5378421
2021-06-22 10:39:41,205.35,5378425
2021-06-22 10:39:42,205.5,5385664
2021-06-22 10:39:43,205.45,5386458
2021-06-22 10:39:44,205.45,5386479
2021-06-22 10:39:45,205.45,5386479
2021-06-22 10:39:46,205.45,5386479
2021-06-22 10:39:47,205.4,5386481
2021-06-22 10:39:48,205.35,5386656
2021-06-22 10:39:49,205.4,5387737
2021-06-22 10:39:50,205.35,5388622
2021-06-22 10:39:51,205.35,5388764
2021-06-22 10:39:52,205.35,5388816
2021-06-22 10:39:53,205.4,5388866
2021-06-22 10:39:54,205.45,5389217
2021-06-22 10:39:55,205.45,5389217
2021-06-22 10:39:56,205.45,5389217
2021-06-22 10:39:57,205.35,5389438
2021-06-22 10:39:58,205.4,5389608
2021-06-22 10:39:59,205.4,5390802
2021-06-22 10:40:00,205.35,5390803
2021-06-22 10:40:01,205.4,5391126
2021-06-22 10:40:02,205.4,5391130
2021-06-22 10:40:03,205.45,5391750
2021-06-22 10:40:04,205.45,5391974
2021-06-22 10:40:05,205.45,5391974
2021-06-22 10:40:06,205.45,5391979
2021-06-22 10:40:07,205.35,5392096
2021-06-22 10:40:08,205.35,5392096
2021-06-22 10:40:09,205.4,5392160
2021-06-22 10:40:10,205.45,5392338
2021-06-22 10:40:11,205.4,5392632
2021-06-22 10:40:12,205.45,5392663
2021-06-22 10:40:13,205.4,5393130
2021-06-22 10:40:14,205.4,5393230
2021-06-22 10:40:15,205.4,5393245
2021-06-22 10:40:16,205.4,5393245
2021-06-22 10:40:17,205.4,5393273
2021-06-22 10:40:18,205.35,5393455
2021-06-22 10:40:19,205.4,5393593
2021-06-22 10:40:20,205.35,5393975
2021-06-22 10:40:21,205.4,5394026
2021-06-22 10:40:22,205.35,5396293
2021-06-22 10:40:23,205.35,5396689
2021-06-22 10:40:24,205.4,5397135
2021-06-22 10:40:25,205.4,5397488
2021-06-22 10:40:26,205.4,5397488
2021-06-22 10:40:27,205.4,5397539
2021-06-22 10:40:28,205.4,5397669
2021-06-22 10:40:29,205.35,5397770
2021-06-22 10:40:30,205.4,5397801
2021-06-22 10:40:31,205.35,5397852
2021-06-22 10:40:32,205.4,5398167
2021-06-22 10:40:33,205.35,5398367
2021-06-22 10:40:34,205.45,5400092
2021-06-22 10:40:35,205.45,5400096
2021-06-22 10:40:36,205.4,5401036
2021-06-22 10:40:37,205.4,5401130
2021-06-22 10:40:38,205.35,5401854
2021-06-22 10:40:39,205.4,5401855
2021-06-22 10:40:40,205.35,5402142
2021-06-22 10:40:41,205.4,5402368
2021-06-22 10:40:42,205.4,5403429
2021-06-22 10:40:43,205.35,5403666
2021-06-22 10:40:44,205.4,5407166
2021-06-22 10:40:45,205.4,5407800
2021-06-22 10:40:46,205.4,5407902
2021-06-22 10:40:47,205.4,5407902
2021-06-22 10:40:48,205.4,5408043
2021-06-22 10:40:49,205.4,5408078
2021-06-22 10:40:50,205.4,5408363
2021-06-22 10:40:51,205.4,5408424
2021-06-22 10:40:52,205.4,5409404
2021-06-22 10:40:53,205.35,5409614
2021-06-22 10:40:54,205.4,5410645
2021-06-22 10:40:55,205.4,5410720
2021-06-22 10:40:56,205.4,5410820
2021-06-22 10:40:57,205.4,5410820
2021-06-22 10:40:58,205.4,5410820
2021-06-22 10:40:59,205.4,5410854
2021-06-22 10:41:00,205.4,5410862
2021-06-22 10:41:01,205.35,5411175
2021-06-22 10:41:02,205.35,5411362
2021-06-22 10:41:03,205.35,5411362
2021-06-22 10:41:04,205.4,5412412
2021-06-22 10:41:05,205.4,5412417
2021-06-22 10:41:06,205.35,5412465
2021-06-22 10:41:07,205.4,5412522
2021-06-22 10:41:08,205.4,5413022
2021-06-22 10:41:09,205.4,5413302
2021-06-22 10:41:10,205.35,5413587
2021-06-22 10:41:11,205.4,5413592
2021-06-22 10:41:12,205.4,5414042
2021-06-22 10:41:13,205.4,5414107
2021-06-22 10:41:14,205.35,5414277
2021-06-22 10:41:15,205.35,5419278
2021-06-22 10:41:16,205.4,5419947
2021-06-22 10:41:17,205.4,5419947
2021-06-22 10:41:18,205.4,5419989
2021-06-22 10:41:20,205.4,5420044
2021-06-22 10:41:21,205.4,5420330
2021-06-22 10:41:22,205.35,5420407
2021-06-22 10:41:23,205.35,5420413
2021-06-22 10:41:24,205.4,5420544
2021-06-22 10:41:25,205.4,5420635
2021-06-22 10:41:26,205.35,5420690
2021-06-22 10:41:27,205.35,5420690
2021-06-22 10:41:28,205.4,5420803
2021-06-22 10:41:29,205.4,5420913
2021-06-22 10:41:30,205.4,5420944
2021-06-22 10:41:31,205.4,5421319
2021-06-22 10:41:32,205.4,5421416
2021-06-22 10:41:33,205.4,5421416
2021-06-22 10:41:34,205.35,5421434
2021-06-22 10:41:35,205.35,5421434
2021-06-22 10:41:36,205.35,5421861
2021-06-22 10:41:37,205.4,5421925
2021-06-22 10:41:39,205.4,5422005
2021-06-22 10:41:41,205.4,5422270
2021-06-22 10:41:43,205.35,5422493
2021-06-22 10:41:44,205.35,5423536
2021-06-22 10:41:46,205.35,5423943
2021-06-22 10:41:48,205.45,5429204
2021-06-22 10:41:51,205.4,5430058
2021-06-22 10:41:53,205.35,5430242
2021-06-22 10:41:54,205.45,5430301
2021-06-22 10:41:57,205.35,5431277
2021-06-22 10:41:58,205.4,5431287
2021-06-22 10:42:00,205.4,5431361
2021-06-22 10:42:05,205.35,5431497
2021-06-22 10:42:07,205.35,5431965
2021-06-22 10:42:09,205.4,5432358
2021-06-22 10:42:11,205.4,5433052
2021-06-22 10:42:14,205.4,5433402
2021-06-22 10:42:16,205.4,5433533
2021-06-22 10:42:18,205.4,5435384
2021-06-22 10:42:20,205.4,5439414
2021-06-22 10:42:22,205.4,5439897
2021-06-22 10:42:23,205.45,5440011
2021-06-22 10:42:26,205.45,5440283
2021-06-22 10:42:29,205.45,5441192
2021-06-22 10:42:31,205.4,5441516
2021-06-22 10:42:34,205.4,5441538
2021-06-22 10:42:36,205.35,5441833
2021-06-22 10:42:38,205.4,5441958
2021-06-22 10:42:40,205.35,5442186
2021-06-22 10:42:43,205.4,5443392
2021-06-22 10:42:45,205.35,5444544
2021-06-22 10:42:48,205.4,5445386
2021-06-22 10:42:51,205.35,5445604
2021-06-22 10:42:53,205.4,5446407
2021-06-22 10:42:55,205.35,5454641
2021-06-22 10:42:57,205.35,5462202
2021-06-22 10:42:59,205.35,5463034
2021-06-22 10:43:01,205.3,5463366
2021-06-22 10:43:06,205.4,5499470
2021-06-22 10:43:08,205.4,5500604
2021-06-22 10:43:10,205.35,5501384
2021-06-22 10:43:12,205.35,5502010
2021-06-22 10:43:13,205.4,5511842
2021-06-22 10:43:15,205.45,5525873
2021-06-22 10:43:17,205.45,5527195
2021-06-22 10:43:19,205.5,5527566
2021-06-22 10:43:21,205.35,5543850
2021-06-22 10:43:23,205.5,5545609
2021-06-22 10:43:29,205.35,5552727
2021-06-22 10:43:32,205.4,5558747
2021-06-22 10:43:34,205.4,5560607
2021-06-22 10:43:35,205.4,5561093
2021-06-22 10:43:37,205.4,5570135
2021-06-22 10:43:39,205.4,5572794
2021-06-22 10:43:41,205.45,5575195
2021-06-22 10:43:43,205.45,5575486
2021-06-22 10:43:45,205.4,5575636
2021-06-22 10:43:47,205.45,5576779
2021-06-22 10:43:49,205.45,5602096
2021-06-22 10:43:52,205.35,5607238
2021-06-22 10:43:56,205.45,5607869
2021-06-22 10:44:00,205.35,5610688
2021-06-22 10:44:02,205.5,5613424
2021-06-22 10:44:04,205.45,5613861
2021-06-22 10:44:05,205.45,5614723
2021-06-22 10:44:07,205.4,5614833
2021-06-22 10:44:10,205.4,5614901
2021-06-22 10:44:12,205.45,5615276
2021-06-22 10:44:14,205.45,5615796
2021-06-22 10:44:15,205.45,5615870
2021-06-22 10:44:17,205.45,5616122
2021-06-22 10:44:19,205.45,5616650
2021-06-22 10:44:21,205.35,5616955
2021-06-22 10:44:23,205.35,5617191
2021-06-22 10:44:24,205.45,5617411
2021-06-22 10:44:26,205.45,5617436
2021-06-22 10:44:28,205.35,5627443
2021-06-22 10:44:33,205.4,5650041
2021-06-22 10:44:34,205.35,5652452
2021-06-22 10:44:36,205.35,5652956
2021-06-22 10:44:39,205.4,5654303
2021-06-22 10:44:41,205.4,5654932
2021-06-22 10:44:45,205.35,5655869
2021-06-22 10:44:47,205.4,5655890
2021-06-22 10:44:51,205.4,5656145
2021-06-22 10:44:53,205.45,5656357
2021-06-22 10:44:55,205.4,5656745
2021-06-22 10:44:57,205.4,5656780
2021-06-22 10:44:59,205.35,5657466
2021-06-22 10:45:01,205.4,5657732
2021-06-22 10:45:03,205.4,5658061
