timestamp,ltp,volume
2021-06-22 09:16:35,1777.05,46304
2021-06-22 09:16:36,1777.8,46423
2021-06-22 09:16:37,1777.8,46495
2021-06-22 09:16:38,1777.8,46779
2021-06-22 09:16:39,1777.0,47057
2021-06-22 09:16:43,1777.75,47549
2021-06-22 09:16:45,1777.2,47949
2021-06-22 09:16:45,1777.2,47949
2021-06-22 09:16:46,1777.0,48143
2021-06-22 09:16:47,1777.0,48143
2021-06-22 09:16:48,1777.3,48188
2021-06-22 09:16:49,1777.8,48517
2021-06-22 09:16:51,1777.85,48545
2021-06-22 09:16:52,1777.7,48579
2021-06-22 09:16:52,1777.7,48579
2021-06-22 09:16:53,1777.0,48585
2021-06-22 09:16:54,1777.6,48843
2021-06-22 09:16:55,1777.6,48930
2021-06-22 09:16:56,1777.0,49017
2021-06-22 09:16:57,1777.0,49084
2021-06-22 09:16:58,1777.0,49107
2021-06-22 09:16:59,1776.95,49127
2021-06-22 09:17:00,1776.1,49245
2021-06-22 09:17:02,1776.95,49762
2021-06-22 09:17:03,1776.95,49762
2021-06-22 09:17:04,1776.9,50010
2021-06-22 09:17:05,1776.75,50066
2021-06-22 09:17:06,1776.85,50187
2021-06-22 09:17:07,1776.85,50197
2021-06-22 09:17:08,1777.05,50323
2021-06-22 09:17:09,1777.05,50334
2021-06-22 09:17:11,1777.1,50392
2021-06-22 09:17:12,1777.1,50392
2021-06-22 09:17:13,1777.7,50514
2021-06-22 09:17:13,1777.7,50514
2021-06-22 09:17:14,1777.0,50622
2021-06-22 09:17:15,1778.05,51416
2021-06-22 09:17:16,1778.05,51485
2021-06-22 09:17:17,1778.05,51545
2021-06-22 09:17:19,1778.05,51561
2021-06-22 09:17:20,1778.05,52398
2021-06-22 09:17:20,1778.05,52398
2021-06-22 09:17:21,1778.2,52519
2021-06-22 09:17:22,1778.55,52524
2021-06-22 09:17:23,1778.55,52562
2021-06-22 09:17:24,1778.75,52614
2021-06-22 09:17:25,1778.75,52648
2021-06-22 09:17:26,1778.7,52726
2021-06-22 09:17:27,1778.6,52934
2021-06-22 09:17:28,1778.7,52977
2021-06-22 09:17:29,1778.7,52980
2021-06-22 09:17:30,1778.7,53071
2021-06-22 09:17:31,1778.05,53250
2021-06-22 09:17:33,1778.25,53681
2021-06-22 09:17:33,1778.25,53686
2021-06-22 09:17:35,1778.55,53733
2021-06-22 09:17:36,1777.65,53747
2021-06-22 09:17:36,1777.65,53747
2021-06-22 09:17:37,1778.45,53748
2021-06-22 09:17:38,1778.45,53749
2021-06-22 09:17:39,1777.7,53751
2021-06-22 09:17:40,1777.8,53828
2021-06-22 09:17:41,1778.05,53836
2021-06-22 09:17:43,1778.45,53871
2021-06-22 09:17:44,1778.7,53892
2021-06-22 09:17:44,1778.7,53892
2021-06-22 09:17:45,1778.45,53898
2021-06-22 09:17:46,1778.7,53900
2021-06-22 09:17:47,1778.0,54163
2021-06-22 09:17:48,1778.0,54201
2021-06-22 09:17:49,1778.75,54237
2021-06-22 09:17:51,1778.75,54238
2021-06-22 09:17:52,1778.75,54238
2021-06-22 09:17:53,1778.8,54263
2021-06-22 09:17:54,1778.85,54272
2021-06-22 09:17:55,1778.75,54302
2021-06-22 09:17:55,1778.75,54302
2021-06-22 09:17:56,1778.85,54332
2021-06-22 09:17:57,1778.9,54458
2021-06-22 09:17:58,1778.75,54478
2021-06-22 09:17:59,1778.85,54498
2021-06-22 09:18:00,1778.75,54508
2021-06-22 09:18:01,1778.85,54557
2021-06-22 09:18:02,1779.15,55131
2021-06-22 09:18:04,1779.7,55281
2021-06-22 09:18:05,1779.7,55281
2021-06-22 09:18:06,1779.15,55330
2021-06-22 09:18:06,1779.85,55325
2021-06-22 09:18:07,1779.15,55330
2021-06-22 09:18:09,1779.05,57607
2021-06-22 09:18:10,1779.35,57656
2021-06-22 09:18:12,1779.35,57656
2021-06-22 09:18:14,1779.85,57735
2021-06-22 09:18:15,1779.85,57735
2021-06-22 09:18:16,1779.5,58001
2021-06-22 09:18:17,1779.5,58121
2021-06-22 09:18:18,1780.15,59048
2021-06-22 09:18:18,1780.15,59048
2021-06-22 09:18:19,1780.25,59080
2021-06-22 09:18:20,1780.4,59197
2021-06-22 09:18:21,1780.5,59227
2021-06-22 09:18:23,1781.05,59235
2021-06-22 09:18:24,1779.5,62679
2021-06-22 09:18:25,1779.2,62855
2021-06-22 09:18:26,1779.6,67456
2021-06-22 09:18:27,1779.4,67848
2021-06-22 09:18:28,1779.75,68029
2021-06-22 09:18:28,1779.75,68029
2021-06-22 09:18:29,1779.75,68029
2021-06-22 09:18:30,1779.65,68163
2021-06-22 09:18:32,1779.65,68192
2021-06-22 09:18:33,1780.4,68196
2021-06-22 09:18:34,1779.65,68257
2021-06-22 09:18:35,1780.45,68288
2021-06-22 09:18:36,1780.4,68403
2021-06-22 09:18:36,1780.4,68403
2021-06-22 09:18:37,1779.75,68570
2021-06-22 09:18:38,1779.6,68651
2021-06-22 09:18:39,1780.45,69757
2021-06-22 09:18:40,1779.7,69858
2021-06-22 09:18:41,1779.7,69858
2021-06-22 09:18:42,1779.7,69858
2021-06-22 09:18:43,1779.75,69920
2021-06-22 09:18:44,1779.75,70070
2021-06-22 09:18:45,1779.65,70080
2021-06-22 09:18:46,1780.2,70161
2021-06-22 09:18:48,1780.4,70214
2021-06-22 09:18:49,1779.6,70285
2021-06-22 09:18:49,1780.5,70316
2021-06-22 09:18:50,1780.0,70387
2021-06-22 09:18:51,1780.0,70571
2021-06-22 09:18:53,1779.6,70703
2021-06-22 09:18:54,1780.0,70755
2021-06-22 09:18:55,1779.25,70929
2021-06-22 09:18:57,1779.9,70973
2021-06-22 09:18:57,1779.5,71033
2021-06-22 09:18:58,1779.5,71096
2021-06-22 09:18:59,1779.6,71116
2021-06-22 09:19:00,1779.9,71201
2021-06-22 09:19:02,1779.9,71213
2021-06-22 09:19:03,1779.9,71232
2021-06-22 09:19:05,1779.5,71313
2021-06-22 09:19:05,1779.5,71313
2021-06-22 09:19:06,1779.5,71362
2021-06-22 09:19:07,1779.95,71594
2021-06-22 09:19:08,1779.95,71594
2021-06-22 09:19:09,1779.95,71695
2021-06-22 09:19:11,1779.3,71795
2021-06-22 09:19:12,1779.95,71800
2021-06-22 09:19:13,1779.95,71820
2021-06-22 09:19:13,1779.95,71820
2021-06-22 09:19:14,1779.95,71820
2021-06-22 09:19:15,1779.95,71826
2021-06-22 09:19:17,1779.95,72430
2021-06-22 09:19:18,1779.95,72430
2021-06-22 09:19:19,1779.85,72435
2021-06-22 09:19:20,1779.95,72443
2021-06-22 09:19:21,1780.65,74150
2021-06-22 09:19:22,1780.65,74151
2021-06-22 09:19:23,1781.0,74181
2021-06-22 09:19:24,1780.4,74295
2021-06-22 09:19:25,1780.4,74296
2021-06-22 09:19:27,1781.0,74321
2021-06-22 09:19:28,1781.0,74423
2021-06-22 09:19:29,1781.0,74458
2021-06-22 09:19:30,1781.5,74983
2021-06-22 09:19:32,1781.5,75099
2021-06-22 09:19:32,1781.5,75099
2021-06-22 09:19:33,1782.0,76992
2021-06-22 09:19:34,1782.55,77790
2021-06-22 09:19:35,1782.55,77958
2021-06-22 09:19:36,1782.55,78267
2021-06-22 09:19:38,1781.65,78369
2021-06-22 09:19:39,1782.45,78421
2021-06-22 09:19:40,1782.45,78421
2021-06-22 09:19:40,1782.95,78771
2021-06-22 09:19:41,1782.7,78796
2021-06-22 09:19:42,1782.0,79124
2021-06-22 09:19:43,1782.55,79159
2021-06-22 09:19:45,1782.55,79179
2021-06-22 09:19:46,1782.1,79229
2021-06-22 09:19:47,1782.7,79304
2021-06-22 09:19:49,1783.0,79434
2021-06-22 09:19:49,1783.0,79434
2021-06-22 09:19:50,1783.0,79484
2021-06-22 09:19:51,1783.0,79581
2021-06-22 09:19:53,1783.0,79600
2021-06-22 09:19:54,1783.0,79600
2021-06-22 09:19:55,1783.95,80601
2021-06-22 09:19:56,1783.7,80606
2021-06-22 09:19:56,1783.7,80606
2021-06-22 09:19:57,1783.1,80624
2021-06-22 09:19:59,1783.15,80660
2021-06-22 09:20:00,1783.15,80660
2021-06-22 09:20:01,1783.15,80680
2021-06-22 09:20:02,1783.7,80690
2021-06-22 09:20:03,1783.7,80780
2021-06-22 09:20:04,1783.7,80783
2021-06-22 09:20:05,1783.7,80955
2021-06-22 09:20:06,1783.25,80986
2021-06-22 09:20:07,1783.7,81004
2021-06-22 09:20:08,1784.0,81320
2021-06-22 09:20:10,1784.0,81325
2021-06-22 09:20:11,1784.0,81325
2021-06-22 09:20:11,1784.0,81389
2021-06-22 09:20:12,1784.0,81400
2021-06-22 09:20:14,1784.0,81555
2021-06-22 09:20:15,1784.65,81812
2021-06-22 09:20:16,1783.75,81835
2021-06-22 09:20:16,1783.75,81835
2021-06-22 09:20:17,1784.0,81917
2021-06-22 09:20:18,1783.75,81997
2021-06-22 09:20:19,1783.0,84057
2021-06-22 09:20:21,1784.25,84604
2021-06-22 09:20:22,1784.25,84609
2021-06-22 09:20:23,1784.6,84610
2021-06-22 09:20:24,1784.2,84611
2021-06-22 09:20:25,1784.6,84641
2021-06-22 09:20:26,1784.8,84802
2021-06-22 09:20:26,1784.1,84807
2021-06-22 09:20:27,1784.75,84880
2021-06-22 09:20:30,1784.75,84939
2021-06-22 09:20:33,1784.6,85476
2021-06-22 09:20:34,1784.95,85554
2021-06-22 09:20:35,1784.6,85607
2021-06-22 09:20:36,1784.0,86230
2021-06-22 09:20:37,1784.0,86233
2021-06-22 09:20:39,1784.3,86351
2021-06-22 09:20:41,1784.3,86356
2021-06-22 09:20:41,1784.3,86356
2021-06-22 09:20:42,1784.3,86457
2021-06-22 09:20:44,1784.3,86675
2021-06-22 09:20:45,1784.0,86679
2021-06-22 09:20:46,1784.3,86786
2021-06-22 09:20:47,1784.0,86836
2021-06-22 09:20:48,1783.7,87046
2021-06-22 09:20:49,1784.0,87107
2021-06-22 09:20:50,1784.0,87187
2021-06-22 09:20:51,1784.0,87288
2021-06-22 09:20:52,1784.9,87443
2021-06-22 09:20:53,1784.9,87443
2021-06-22 09:20:54,1784.85,87523
2021-06-22 09:20:55,1784.8,87528
2021-06-22 09:20:56,1784.3,87755
2021-06-22 09:20:56,1784.3,87755
2021-06-22 09:20:57,1784.8,87760
2021-06-22 09:20:59,1785.0,88211
2021-06-22 09:21:00,1784.8,88277
2021-06-22 09:21:01,1784.8,88327
2021-06-22 09:21:02,1785.0,88484
2021-06-22 09:21:03,1784.95,88512
2021-06-22 09:21:04,1784.35,88537
2021-06-22 09:21:05,1784.35,88580
2021-06-22 09:21:06,1784.8,88685
2021-06-22 09:21:07,1785.0,88885
2021-06-22 09:21:08,1784.3,88960
2021-06-22 09:21:09,1784.95,88962
2021-06-22 09:21:12,1783.5,89246
2021-06-22 09:21:13,1783.0,89297
2021-06-22 09:21:14,1783.6,89302
2021-06-22 09:21:15,1783.9,89304
2021-06-22 09:21:16,1783.9,89304
2021-06-22 09:21:16,1783.9,89304
2021-06-22 09:21:18,1783.2,89329
2021-06-22 09:21:19,1783.2,89385
2021-06-22 09:21:20,1784.0,89443
2021-06-22 09:21:21,1784.3,89959
2021-06-22 09:21:22,1783.25,90082
2021-06-22 09:21:23,1783.95,90288
2021-06-22 09:21:24,1784.3,90512
2021-06-22 09:21:25,1784.1,90567
2021-06-22 09:21:25,1784.3,90597
2021-06-22 09:21:26,1784.3,90622
2021-06-22 09:21:28,1783.7,90643
2021-06-22 09:21:29,1783.7,90643
2021-06-22 09:21:30,1784.0,90766
2021-06-22 09:21:31,1784.0,90766
2021-06-22 09:21:32,1784.0,90770
2021-06-22 09:21:33,1784.0,90770
2021-06-22 09:21:36,1784.0,90796
2021-06-22 09:21:37,1784.0,90976
2021-06-22 09:21:38,1784.3,90986
2021-06-22 09:21:39,1784.05,90994
2021-06-22 09:21:40,1784.3,90996
2021-06-22 09:21:41,1784.0,91496
2021-06-22 09:21:42,1784.3,91547
2021-06-22 09:21:43,1784.0,91578
2021-06-22 09:21:44,1784.3,91678
2021-06-22 09:21:45,1784.3,91690
2021-06-22 09:21:46,1784.3,91840
2021-06-22 09:21:47,1784.05,91850
2021-06-22 09:21:48,1784.05,91872
2021-06-22 09:21:49,1784.3,91887
2021-06-22 09:21:51,1784.3,91927
2021-06-22 09:21:52,1784.35,91977
2021-06-22 09:21:53,1784.35,91978
2021-06-22 09:21:54,1784.1,91983
2021-06-22 09:21:55,1784.1,92248
2021-06-22 09:21:56,1784.35,92251
2021-06-22 09:21:57,1784.0,92603
2021-06-22 09:21:58,1784.3,92620
2021-06-22 09:21:59,1784.3,92620
2021-06-22 09:22:00,1784.0,92625
2021-06-22 09:22:00,1784.0,92625
2021-06-22 09:22:01,1784.0,92774
2021-06-22 09:22:02,1784.0,92774
2021-06-22 09:22:04,1784.0,92836
2021-06-22 09:22:05,1783.7,92842
2021-06-22 09:22:07,1783.05,93291
2021-06-22 09:22:08,1783.0,93716
2021-06-22 09:22:09,1783.65,93776
2021-06-22 09:22:10,1783.4,93927
2021-06-22 09:22:11,1783.0,94002
2021-06-22 09:22:12,1783.45,94055
2021-06-22 09:22:13,1783.55,94072
2021-06-22 09:22:14,1783.55,94072
2021-06-22 09:22:15,1783.0,94133
2021-06-22 09:22:16,1783.0,94133
2021-06-22 09:22:17,1782.9,94183
2021-06-22 09:22:19,1783.45,94194
2021-06-22 09:22:20,1783.35,94649
2021-06-22 09:22:21,1783.95,94676
2021-06-22 09:22:22,1783.95,94676
2021-06-22 09:22:23,1783.0,94990
2021-06-22 09:22:24,1783.0,94990
2021-06-22 09:22:25,1783.9,95197
2021-06-22 09:22:25,1783.9,95197
2021-06-22 09:22:28,1783.5,95349
2021-06-22 09:22:29,1783.45,95350
2021-06-22 09:22:30,1783.65,95551
2021-06-22 09:22:31,1783.0,95564
2021-06-22 09:22:32,1783.0,95564
2021-06-22 09:22:33,1783.75,95569
2021-06-22 09:22:34,1783.1,95604
2021-06-22 09:22:35,1783.75,95617
2021-06-22 09:22:36,1783.75,95617
2021-06-22 09:22:37,1783.85,95619
2021-06-22 09:22:38,1783.85,95674
2021-06-22 09:22:39,1783.0,95776
2021-06-22 09:22:40,1783.8,95782
2021-06-22 09:22:41,1783.1,95831
2021-06-22 09:22:42,1783.1,95852
2021-06-22 09:22:43,1783.1,95903
2021-06-22 09:22:44,1783.1,95928
2021-06-22 09:22:45,1783.7,95936
2021-06-22 09:22:46,1783.7,95966
2021-06-22 09:22:47,1783.05,96021
2021-06-22 09:22:48,1783.95,96462
2021-06-22 09:22:49,1783.25,96584
2021-06-22 09:22:51,1783.25,96782
2021-06-22 09:22:53,1783.8,96817
2021-06-22 09:22:54,1783.7,96884
2021-06-22 09:22:55,1783.0,96935
2021-06-22 09:22:56,1783.0,96935
2021-06-22 09:22:57,1783.0,96935
2021-06-22 09:22:58,1783.0,96935
2021-06-22 09:22:59,1783.0,96935
2021-06-22 09:23:00,1783.7,96985
2021-06-22 09:23:01,1783.7,96990
2021-06-22 09:23:02,1783.7,96991
2021-06-22 09:23:03,1783.25,96996
2021-06-22 09:23:04,1783.25,96996
2021-06-22 09:23:05,1783.25,96996
2021-06-22 09:23:06,1783.65,97015
2021-06-22 09:23:07,1783.65,97015
2021-06-22 09:23:08,1783.65,97015
2021-06-22 09:23:09,1783.65,97015
2021-06-22 09:23:10,1783.65,97015
2021-06-22 09:23:11,1783.0,97065
2021-06-22 09:23:12,1783.7,97280
2021-06-22 09:23:13,1783.35,97291
2021-06-22 09:23:14,1783.75,97405
2021-06-22 09:23:15,1783.3,97505
2021-06-22 09:23:16,1783.75,97709
2021-06-22 09:23:17,1783.85,97916
2021-06-22 09:23:18,1783.7,97920
2021-06-22 09:23:20,1783.85,97928
2021-06-22 09:23:19,1783.85,97928
2021-06-22 09:23:21,1783.85,97944
2021-06-22 09:23:22,1783.85,98461
2021-06-22 09:23:23,1783.2,98643
2021-06-22 09:23:24,1783.8,98764
2021-06-22 09:23:25,1783.25,98877
2021-06-22 09:23:26,1783.7,98887
2021-06-22 09:23:27,1783.75,99544
2021-06-22 09:23:28,1783.75,99624
2021-06-22 09:23:29,1783.9,99692
2021-06-22 09:23:30,1783.9,99699
2021-06-22 09:23:31,1783.95,99799
2021-06-22 09:23:32,1783.95,99799
2021-06-22 09:23:34,1782.9,100063
2021-06-22 09:23:35,1782.9,100293
2021-06-22 09:23:36,1783.3,100554
2021-06-22 09:23:37,1783.35,100571
2021-06-22 09:23:38,1783.5,100796
2021-06-22 09:23:39,1783.5,100821
2021-06-22 09:23:40,1783.5,100821
2021-06-22 09:23:42,1783.5,100856
2021-06-22 09:23:43,1783.5,100856
2021-06-22 09:23:44,1783.5,100856
2021-06-22 09:23:45,1783.5,100856
2021-06-22 09:23:46,1783.85,101274
2021-06-22 09:23:49,1783.5,101328
2021-06-22 09:23:50,1783.5,101328
2021-06-22 09:23:51,1782.55,101561
2021-06-22 09:23:52,1782.55,101561
2021-06-22 09:23:53,1782.85,101597
2021-06-22 09:23:54,1783.05,101739
2021-06-22 09:23:55,1782.0,101840
2021-06-22 09:23:56,1782.45,101848
2021-06-22 09:23:57,1783.0,102161
2021-06-22 09:23:58,1781.65,102223
2021-06-22 09:23:59,1782.55,102341
2021-06-22 09:24:00,1782.55,102341
2021-06-22 09:24:01,1782.05,102343
2021-06-22 09:24:02,1782.0,102377
2021-06-22 09:24:03,1782.0,102377
2021-06-22 09:24:04,1782.0,102478
2021-06-22 09:24:06,1782.05,102828
2021-06-22 09:24:05,1782.05,102519
2021-06-22 09:24:07,1781.65,103286
2021-06-22 09:24:08,1781.65,103286
2021-06-22 09:24:09,1781.3,103362
2021-06-22 09:24:10,1781.3,103362
2021-06-22 09:24:11,1781.5,103382
2021-06-22 09:24:12,1781.5,103439
2021-06-22 09:24:13,1781.5,103439
2021-06-22 09:24:14,1781.5,103656
2021-06-22 09:24:15,1781.5,103656
2021-06-22 09:24:16,1781.25,103973
2021-06-22 09:24:17,1781.15,104073
2021-06-22 09:24:18,1782.0,104150
2021-06-22 09:24:20,1782.0,104179
2021-06-22 09:24:22,1782.0,104179
2021-06-22 09:24:21,1782.0,104179
2021-06-22 09:24:23,1782.0,104184
2021-06-22 09:24:24,1782.0,104314
2021-06-22 09:24:25,1781.5,104329
2021-06-22 09:24:26,1782.1,104757
2021-06-22 09:24:27,1782.05,104760
2021-06-22 09:24:28,1782.05,104810
2021-06-22 09:24:29,1781.85,104871
2021-06-22 09:24:30,1781.85,104872
2021-06-22 09:24:31,1781.85,104872
2021-06-22 09:24:32,1782.15,104972
2021-06-22 09:24:33,1782.55,105027
2021-06-22 09:24:34,1782.55,105037
2021-06-22 09:24:35,1782.55,105037
2021-06-22 09:24:36,1782.5,105083
2021-06-22 09:24:37,1782.05,105088
2021-06-22 09:24:38,1781.75,105163
2021-06-22 09:24:39,1781.75,105178
2021-06-22 09:24:40,1781.75,105178
2021-06-22 09:24:41,1782.4,105184
2021-06-22 09:24:42,1782.45,105255
2021-06-22 09:24:43,1781.95,105265
2021-06-22 09:24:44,1781.75,105494
2021-06-22 09:24:45,1781.75,105494
2021-06-22 09:24:46,1782.5,105515
2021-06-22 09:24:48,1782.05,105657
2021-06-22 09:24:48,1781.65,105759
2021-06-22 09:24:50,1782.35,105779
2021-06-22 09:24:50,1781.7,105881
2021-06-22 09:24:51,1781.6,105981
2021-06-22 09:24:53,1781.6,105981
2021-06-22 09:24:55,1782.2,106001
2021-06-22 09:24:56,1782.2,106001
2021-06-22 09:24:57,1782.2,106001
2021-06-22 09:24:58,1782.2,106006
2021-06-22 09:24:59,1781.65,106007
2021-06-22 09:25:00,1782.2,106057
2021-06-22 09:25:01,1781.65,106102
2021-06-22 09:25:02,1782.55,106352
2021-06-22 09:25:03,1781.75,106382
2021-06-22 09:25:04,1781.8,106407
2021-06-22 09:25:05,1781.65,106548
2021-06-22 09:25:07,1781.6,106616
2021-06-22 09:25:09,1781.65,106665
2021-06-22 09:25:09,1781.65,106665
2021-06-22 09:25:10,1781.6,106807
2021-06-22 09:25:11,1781.75,106948
2021-06-22 09:25:12,1782.0,107009
2021-06-22 09:25:13,1782.15,107089
2021-06-22 09:25:14,1782.2,107099
2021-06-22 09:25:16,1781.25,107243
2021-06-22 09:25:18,1781.55,107270
2021-06-22 09:25:19,1781.6,107330
2021-06-22 09:25:20,1781.6,107355
2021-06-22 09:25:22,1781.6,107375
2021-06-22 09:25:23,1781.2,107425
2021-06-22 09:25:24,1781.2,107425
2021-06-22 09:25:25,1781.2,107428
2021-06-22 09:25:27,1781.1,107556
2021-06-22 09:25:27,1781.1,107556
2021-06-22 09:25:28,1781.1,107556
2021-06-22 09:25:29,1781.05,107560
2021-06-22 09:25:30,1780.7,107752
2021-06-22 09:25:31,1780.7,107752
2021-06-22 09:25:32,1780.7,107752
2021-06-22 09:25:33,1780.7,107769
2021-06-22 09:25:34,1780.95,107774
2021-06-22 09:25:35,1780.95,107774
2021-06-22 09:25:36,1780.7,107808
2021-06-22 09:25:37,1781.15,107853
2021-06-22 09:25:39,1781.15,107853
2021-06-22 09:25:39,1781.15,107853
2021-06-22 09:25:40,1780.45,107952
2021-06-22 09:25:41,1781.0,107953
2021-06-22 09:25:42,1781.0,108033
2021-06-22 09:25:43,1781.0,108033
2021-06-22 09:25:45,1780.45,108254
2021-06-22 09:25:47,1781.6,108710
2021-06-22 09:25:47,1781.6,108710
2021-06-22 09:25:48,1781.25,108718
2021-06-22 09:25:49,1781.25,108718
2021-06-22 09:25:50,1781.25,108758
2021-06-22 09:25:51,1781.8,108774
2021-06-22 09:25:52,1781.25,108778
2021-06-22 09:25:53,1781.25,108799
2021-06-22 09:25:54,1781.25,108799
2021-06-22 09:25:56,1781.25,108799
2021-06-22 09:25:56,1781.25,108799
2021-06-22 09:25:57,1781.25,108799
2021-06-22 09:25:58,1781.4,109292
2021-06-22 09:25:59,1781.15,109336
2021-06-22 09:26:00,1780.45,109477
2021-06-22 09:26:01,1781.1,109499
2021-06-22 09:26:02,1781.05,109519
2021-06-22 09:26:04,1781.1,109559
2021-06-22 09:26:04,1781.1,109559
2021-06-22 09:26:05,1781.0,109576
2021-06-22 09:26:06,1780.95,109593
2021-06-22 09:26:08,1780.95,109593
2021-06-22 09:26:09,1780.5,109651
2021-06-22 09:26:10,1780.5,109651
2021-06-22 09:26:11,1781.0,109676
2021-06-22 09:26:12,1780.3,109776
2021-06-22 09:26:14,1780.25,109826
2021-06-22 09:26:15,1780.25,109826
2021-06-22 09:26:19,1780.95,109867
2021-06-22 09:26:20,1781.1,110040
2021-06-22 09:26:21,1781.15,110056
2021-06-22 09:26:22,1781.15,110056
2021-06-22 09:26:23,1781.15,110056
2021-06-22 09:26:24,1781.1,110167
2021-06-22 09:26:24,1781.1,110167
2021-06-22 09:26:25,1781.0,110280
2021-06-22 09:26:26,1780.95,110631
2021-06-22 09:26:28,1780.4,110711
2021-06-22 09:26:29,1780.4,110711
2021-06-22 09:26:30,1780.4,110711
2021-06-22 09:26:31,1781.0,110731
2021-06-22 09:26:33,1781.05,110764
2021-06-22 09:26:33,1781.05,110739
2021-06-22 09:26:35,1781.05,111014
2021-06-22 09:26:36,1781.05,111028
2021-06-22 09:26:37,1781.2,111308
2021-06-22 09:26:38,1781.2,111579
2021-06-22 09:26:39,1780.35,111840
2021-06-22 09:26:40,1780.25,112060
2021-06-22 09:26:41,1781.2,112262
2021-06-22 09:26:42,1781.2,112262
2021-06-22 09:26:44,1781.2,112305
2021-06-22 09:26:45,1781.15,112352
2021-06-22 09:26:46,1781.15,112352
2021-06-22 09:26:47,1781.2,112469
2021-06-22 09:26:48,1781.0,112508
2021-06-22 09:26:49,1781.0,112530
2021-06-22 09:26:50,1781.0,112530
2021-06-22 09:26:52,1781.3,113071
2021-06-22 09:26:51,1781.2,112969
2021-06-22 09:26:53,1781.3,113081
2021-06-22 09:26:54,1781.3,113086
2021-06-22 09:26:55,1781.3,113086
2021-06-22 09:26:57,1781.3,113092
2021-06-22 09:26:58,1781.35,113159
2021-06-22 09:26:59,1781.2,113170
2021-06-22 09:26:59,1781.4,113206
2021-06-22 09:27:01,1781.2,113331
2021-06-22 09:27:02,1781.6,113334
2021-06-22 09:27:03,1781.35,113335
2021-06-22 09:27:05,1781.2,113462
2021-06-22 09:27:05,1781.2,113462
2021-06-22 09:27:06,1782.0,113539
2021-06-22 09:27:07,1781.6,113565
2021-06-22 09:27:08,1781.85,113585
2021-06-22 09:27:09,1781.95,113600
2021-06-22 09:27:10,1781.35,113650
2021-06-22 09:27:11,1781.4,113651
2021-06-22 09:27:12,1781.4,113931
2021-06-22 09:27:14,1781.95,114036
2021-06-22 09:27:15,1781.9,114145
2021-06-22 09:27:15,1781.9,114145
2021-06-22 09:27:18,1781.5,114334
2021-06-22 09:27:19,1781.5,114334
2021-06-22 09:27:19,1782.0,114434
2021-06-22 09:27:21,1782.0,114562
2021-06-22 09:27:22,1782.0,114562
2021-06-22 09:27:23,1781.45,114742
2021-06-22 09:27:24,1781.0,115522
2021-06-22 09:27:24,1781.0,115522
2021-06-22 09:27:26,1781.8,115532
2021-06-22 09:27:27,1781.8,115532
2021-06-22 09:27:28,1781.75,115717
2021-06-22 09:27:28,1781.75,115717
2021-06-22 09:27:29,1781.65,115727
2021-06-22 09:27:30,1781.0,115832
2021-06-22 09:27:31,1781.65,115842
2021-06-22 09:27:33,1781.65,115844
2021-06-22 09:27:34,1781.65,115844
2021-06-22 09:27:36,1781.65,115861
2021-06-22 09:27:37,1781.65,115861
2021-06-22 09:27:37,1781.65,115862
2021-06-22 09:27:38,1781.7,115872
2021-06-22 09:27:40,1781.7,115872
2021-06-22 09:27:41,1781.55,115875
2021-06-22 09:27:42,1781.7,115900
2021-06-22 09:27:43,1781.7,115900
2021-06-22 09:27:43,1782.75,116806
2021-06-22 09:27:44,1782.75,116806
2021-06-22 09:27:46,1782.75,116806
2021-06-22 09:27:47,1782.75,116806
2021-06-22 09:27:48,1783.15,117178
2021-06-22 09:27:49,1783.0,117435
2021-06-22 09:27:50,1783.0,117435
2021-06-22 09:27:51,1783.2,117509
2021-06-22 09:27:52,1782.4,118256
2021-06-22 09:27:53,1782.9,118468
2021-06-22 09:27:53,1782.45,118868
2021-06-22 09:27:54,1782.45,118868
2021-06-22 09:27:56,1782.75,118869
2021-06-22 09:27:57,1782.75,118925
2021-06-22 09:27:59,1782.75,118925
2021-06-22 09:28:00,1782.75,118933
2021-06-22 09:28:01,1782.7,118946
2021-06-22 09:28:03,1782.0,119461
2021-06-22 09:28:04,1782.7,119676
2021-06-22 09:28:04,1782.3,119726
2021-06-22 09:28:06,1782.3,119726
2021-06-22 09:28:07,1782.7,119776
2021-06-22 09:28:08,1782.7,120051
2021-06-22 09:28:09,1782.7,120051
2021-06-22 09:28:10,1782.7,120051
2021-06-22 09:28:11,1782.3,120083
2021-06-22 09:28:12,1782.2,120093
2021-06-22 09:28:13,1782.0,120252
2021-06-22 09:28:14,1782.3,120301
2021-06-22 09:28:15,1782.0,123713
2021-06-22 09:28:16,1782.0,123713
2021-06-22 09:28:16,1782.0,123713
2021-06-22 09:28:17,1783.35,123793
2021-06-22 09:28:18,1783.35,123793
2021-06-22 09:28:19,1783.35,123793
2021-06-22 09:28:21,1782.75,123902
2021-06-22 09:28:22,1782.7,124014
2021-06-22 09:28:23,1782.75,124056
2021-06-22 09:28:23,1783.0,124106
2021-06-22 09:28:24,1783.0,124110
2021-06-22 09:28:25,1783.0,124110
2021-06-22 09:28:26,1782.7,124135
2021-06-22 09:28:27,1783.0,124195
2021-06-22 09:28:28,1782.75,124245
2021-06-22 09:28:29,1783.0,124345
2021-06-22 09:28:30,1782.7,124424
2021-06-22 09:28:31,1782.7,124494
2021-06-22 09:28:32,1783.0,124524
2021-06-22 09:28:33,1783.0,124524
2021-06-22 09:28:38,1782.7,125164
2021-06-22 09:28:38,1783.3,125167
2021-06-22 09:28:39,1783.0,125218
2021-06-22 09:28:40,1782.2,125618
2021-06-22 09:28:41,1782.1,125740
2021-06-22 09:28:42,1783.0,125741
2021-06-22 09:28:43,1783.4,127241
2021-06-22 09:28:44,1783.4,127241
2021-06-22 09:28:46,1783.3,127342
2021-06-22 09:28:47,1783.3,127342
2021-06-22 09:28:48,1783.25,127505
2021-06-22 09:28:48,1783.25,127493
2021-06-22 09:28:49,1783.0,127508
2021-06-22 09:28:51,1782.7,127653
2021-06-22 09:28:51,1783.5,127654
2021-06-22 09:28:52,1783.5,127654
2021-06-22 09:28:53,1783.0,127870
2021-06-22 09:28:54,1783.0,127870
2021-06-22 09:28:56,1783.5,127964
2021-06-22 09:28:57,1783.5,127979
2021-06-22 09:28:58,1783.5,127979
2021-06-22 09:28:59,1782.8,128110
2021-06-22 09:29:01,1783.5,128214
2021-06-22 09:29:01,1783.5,128214
2021-06-22 09:29:02,1782.7,128264
2021-06-22 09:29:03,1783.0,128375
2021-06-22 09:29:04,1783.5,128574
2021-06-22 09:29:05,1783.4,128665
2021-06-22 09:29:06,1783.5,128683
2021-06-22 09:29:08,1783.5,128683
2021-06-22 09:29:09,1783.5,128761
2021-06-22 09:29:10,1783.5,128761
2021-06-22 09:29:11,1783.5,128861
2021-06-22 09:29:12,1783.55,128880
2021-06-22 09:29:13,1783.9,128952
2021-06-22 09:29:14,1783.9,128965
2021-06-22 09:29:16,1783.95,129025
2021-06-22 09:29:17,1784.0,129087
2021-06-22 09:29:18,1784.0,129087
2021-06-22 09:29:19,1783.5,129590
2021-06-22 09:29:20,1784.0,129625
2021-06-22 09:29:21,1783.2,130076
2021-06-22 09:29:22,1783.5,130135
2021-06-22 09:29:23,1783.25,130287
2021-06-22 09:29:25,1783.9,130383
2021-06-22 09:29:24,1783.9,130383
2021-06-22 09:29:26,1783.9,130487
2021-06-22 09:29:26,1783.9,130529
2021-06-22 09:29:27,1782.7,130645
2021-06-22 09:29:29,1784.05,130771
2021-06-22 09:29:31,1783.9,130822
2021-06-22 09:29:32,1784.0,130991
2021-06-22 09:29:33,1783.9,131093
2021-06-22 09:29:35,1784.15,131163
2021-06-22 09:29:37,1784.15,131163
2021-06-22 09:29:38,1783.5,131226
2021-06-22 09:29:39,1784.25,131348
2021-06-22 09:29:41,1784.0,131397
2021-06-22 09:29:42,1783.35,131498
2021-06-22 09:29:42,1783.35,131498
2021-06-22 09:29:43,1783.75,131529
2021-06-22 09:29:44,1783.75,131529
2021-06-22 09:29:45,1783.75,131529
2021-06-22 09:29:46,1783.75,131529
2021-06-22 09:29:47,1783.8,131754
2021-06-22 09:29:48,1783.8,131796
2021-06-22 09:29:49,1783.25,131806
2021-06-22 09:29:50,1783.8,131823
2021-06-22 09:29:52,1783.8,131898
2021-06-22 09:29:53,1783.8,131908
2021-06-22 09:29:54,1783.8,131933
2021-06-22 09:29:55,1783.0,132024
2021-06-22 09:29:56,1783.0,132105
2021-06-22 09:29:57,1782.8,132439
2021-06-22 09:29:58,1783.1,132490
2021-06-22 09:29:59,1783.1,132490
2021-06-22 09:30:00,1783.1,132490
2021-06-22 09:30:01,1782.95,132528
2021-06-22 09:30:02,1783.0,132531
2021-06-22 09:30:03,1783.0,132531
2021-06-22 09:30:04,1782.0,132915
2021-06-22 09:30:05,1781.55,134808
2021-06-22 09:30:06,1781.55,134818
2021-06-22 09:30:07,1781.1,135037
2021-06-22 09:30:08,1781.55,135104
2021-06-22 09:30:09,1781.35,135181
2021-06-22 09:30:10,1781.35,135807
2021-06-22 09:30:10,1781.35,135807
2021-06-22 09:30:12,1781.2,136153
2021-06-22 09:30:13,1780.35,136304
2021-06-22 09:30:14,1781.3,136364
2021-06-22 09:30:15,1781.2,136777
2021-06-22 09:30:16,1781.2,136777
2021-06-22 09:30:16,1781.2,136777
2021-06-22 09:30:18,1781.15,136845
2021-06-22 09:30:19,1781.2,136945
2021-06-22 09:30:20,1781.2,136977
2021-06-22 09:30:21,1780.35,137076
2021-06-22 09:30:22,1780.35,137076
2021-06-22 09:30:23,1780.35,137076
2021-06-22 09:30:24,1780.4,137292
2021-06-22 09:30:25,1780.45,137320
2021-06-22 09:30:26,1780.15,137361
2021-06-22 09:30:27,1781.0,137787
2021-06-22 09:30:28,1781.3,137804
2021-06-22 09:30:29,1781.15,137814
2021-06-22 09:30:30,1780.4,138314
2021-06-22 09:30:31,1781.15,138365
2021-06-22 09:30:32,1780.3,138542
2021-06-22 09:30:33,1780.3,138542
2021-06-22 09:30:33,1780.3,138542
2021-06-22 09:30:34,1780.25,138593
2021-06-22 09:30:36,1781.1,138716
2021-06-22 09:30:37,1781.75,138846
2021-06-22 09:30:38,1781.85,138851
2021-06-22 09:30:38,1781.85,138851
2021-06-22 09:30:39,1780.4,138866
2021-06-22 09:30:40,1780.4,138866
2021-06-22 09:30:41,1781.25,138991
2021-06-22 09:30:42,1781.2,138992
2021-06-22 09:30:44,1780.45,139079
2021-06-22 09:30:45,1780.45,139079
2021-06-22 09:30:46,1780.3,139218
2021-06-22 09:30:47,1781.15,139470
2021-06-22 09:30:48,1781.2,139553
2021-06-22 09:30:49,1781.2,139639
2021-06-22 09:30:49,1781.2,139639
2021-06-22 09:30:50,1781.2,139642
2021-06-22 09:30:51,1781.2,139642
2021-06-22 09:30:52,1780.15,139795
2021-06-22 09:30:53,1780.9,139845
2021-06-22 09:30:55,1780.85,139936
2021-06-22 09:30:57,1780.85,139941
2021-06-22 09:30:58,1780.85,139941
2021-06-22 09:30:58,1780.85,139941
2021-06-22 09:30:59,1780.9,139948
2021-06-22 09:31:01,1780.6,140575
2021-06-22 09:31:01,1780.6,140575
2021-06-22 09:31:02,1780.6,140575
2021-06-22 09:31:03,1780.6,140590
2021-06-22 09:31:04,1780.0,140722
2021-06-22 09:31:06,1780.6,140749
2021-06-22 09:31:07,1780.55,140754
2021-06-22 09:31:09,1780.1,140881
2021-06-22 09:31:10,1780.1,140881
2021-06-22 09:31:11,1780.1,140881
2021-06-22 09:31:12,1780.1,140881
2021-06-22 09:31:13,1780.1,140906
2021-06-22 09:31:14,1780.1,141107
2021-06-22 09:31:15,1780.1,141112
2021-06-22 09:31:16,1780.5,141132
2021-06-22 09:31:17,1780.5,141132
2021-06-22 09:31:18,1780.5,141132
2021-06-22 09:31:18,1780.5,141132
2021-06-22 09:31:19,1780.5,141132
2021-06-22 09:31:20,1780.5,141159
2021-06-22 09:31:22,1780.1,141207
2021-06-22 09:31:23,1780.5,141222
2021-06-22 09:31:24,1780.5,141272
2021-06-22 09:31:25,1780.05,141324
2021-06-22 09:31:28,1780.05,141436
2021-06-22 09:31:29,1780.45,141648
2021-06-22 09:31:30,1780.1,141664
2021-06-22 09:31:30,1780.1,141664
2021-06-22 09:31:31,1780.45,141692
2021-06-22 09:31:32,1780.1,141869
2021-06-22 09:31:33,1780.45,142069
2021-06-22 09:31:35,1780.1,142397
2021-06-22 09:31:38,1780.1,142677
2021-06-22 09:31:39,1780.1,142713
2021-06-22 09:31:40,1780.5,142715
2021-06-22 09:31:41,1780.5,142715
2021-06-22 09:31:42,1780.5,142715
2021-06-22 09:31:43,1780.5,142770
2021-06-22 09:31:44,1780.1,142838
2021-06-22 09:31:45,1780.1,142940
2021-06-22 09:31:46,1780.1,142991
2021-06-22 09:31:47,1780.0,143320
2021-06-22 09:31:48,1780.0,143320
2021-06-22 09:31:49,1780.05,143385
2021-06-22 09:31:50,1780.1,143410
2021-06-22 09:31:51,1780.05,143435
2021-06-22 09:31:51,1780.05,143435
2021-06-22 09:31:54,1780.5,143741
2021-06-22 09:31:55,1780.05,143743
2021-06-22 09:31:56,1780.0,143996
2021-06-22 09:31:57,1780.0,143996
2021-06-22 09:31:58,1780.0,144047
2021-06-22 09:31:59,1780.5,144125
2021-06-22 09:32:00,1780.5,144125
2021-06-22 09:32:01,1780.5,144135
2021-06-22 09:32:02,1780.05,144241
2021-06-22 09:32:03,1780.0,144367
2021-06-22 09:32:04,1780.5,144381
2021-06-22 09:32:05,1780.5,144381
2021-06-22 09:32:05,1780.5,144381
2021-06-22 09:32:06,1780.05,144409
2021-06-22 09:32:07,1780.05,144412
2021-06-22 09:32:08,1780.5,144437
2021-06-22 09:32:10,1780.5,144537
2021-06-22 09:32:11,1780.05,144603
2021-06-22 09:32:12,1780.5,144606
2021-06-22 09:32:13,1780.0,145006
2021-06-22 09:32:14,1780.0,145006
2021-06-22 09:32:14,1780.0,145006
2021-06-22 09:32:15,1780.05,145011
2021-06-22 09:32:16,1780.45,145622
2021-06-22 09:32:18,1780.05,145648
2021-06-22 09:32:18,1780.05,145648
2021-06-22 09:32:19,1780.05,145648
2021-06-22 09:32:21,1780.45,145665
2021-06-22 09:32:22,1780.45,145665
2021-06-22 09:32:22,1780.45,145665
2021-06-22 09:32:24,1780.05,145693
2021-06-22 09:32:24,1780.05,145698
2021-06-22 09:32:25,1780.05,145713
2021-06-22 09:32:26,1780.05,145714
2021-06-22 09:32:27,1780.05,145743
2021-06-22 09:32:28,1780.0,145753
2021-06-22 09:32:29,1780.45,145754
2021-06-22 09:32:30,1780.05,145755
2021-06-22 09:32:31,1780.05,145755
2021-06-22 09:32:32,1780.05,145755
2021-06-22 09:32:33,1780.25,147837
2021-06-22 09:32:34,1780.25,147858
2021-06-22 09:32:35,1779.25,148205
2021-06-22 09:32:37,1780.0,148241
2021-06-22 09:32:38,1780.0,148241
2021-06-22 09:32:39,1779.2,148304
2021-06-22 09:32:40,1778.9,148909
2021-06-22 09:32:41,1778.9,148909
2021-06-22 09:32:43,1779.65,148982
2021-06-22 09:32:44,1779.15,149033
2021-06-22 09:32:45,1779.2,149034
2021-06-22 09:32:46,1779.2,149075
2021-06-22 09:32:47,1778.9,149152
2021-06-22 09:32:48,1779.25,149590
2021-06-22 09:32:49,1779.35,149618
2021-06-22 09:32:50,1778.6,149924
2021-06-22 09:32:51,1779.4,149951
2021-06-22 09:32:52,1779.4,149952
2021-06-22 09:32:53,1779.4,150096
2021-06-22 09:32:55,1779.4,150164
2021-06-22 09:32:56,1779.4,150164
2021-06-22 09:32:56,1779.4,150164
2021-06-22 09:32:57,1779.4,150168
2021-06-22 09:32:59,1779.65,150196
2021-06-22 09:33:00,1779.0,150197
2021-06-22 09:33:01,1779.0,150378
2021-06-22 09:33:02,1779.65,150384
2021-06-22 09:33:03,1778.75,150690
2021-06-22 09:33:04,1778.75,150690
2021-06-22 09:33:05,1778.7,150794
2021-06-22 09:33:06,1778.7,150795
2021-06-22 09:33:08,1778.5,150873
2021-06-22 09:33:09,1779.35,150893
2021-06-22 09:33:10,1779.4,150899
2021-06-22 09:33:11,1779.45,151002
2021-06-22 09:33:12,1779.55,151024
2021-06-22 09:33:12,1779.55,151024
2021-06-22 09:33:13,1779.55,151025
2021-06-22 09:33:14,1779.55,151025
2021-06-22 09:33:15,1779.0,151129
2021-06-22 09:33:17,1779.55,151144
2021-06-22 09:33:18,1778.8,151321
2021-06-22 09:33:19,1779.55,151339
2021-06-22 09:33:20,1779.55,151340
2021-06-22 09:33:21,1779.6,151371
2021-06-22 09:33:21,1779.6,151371
2021-06-22 09:33:22,1779.6,151425
2021-06-22 09:33:23,1779.6,151429
2021-06-22 09:33:26,1779.55,151989
2021-06-22 09:33:27,1780.0,152109
2021-06-22 09:33:28,1780.0,152124
2021-06-22 09:33:30,1780.0,152176
2021-06-22 09:33:31,1778.95,152327
2021-06-22 09:33:33,1778.95,152490
2021-06-22 09:33:34,1779.75,152517
2021-06-22 09:33:35,1779.75,152532
2021-06-22 09:33:36,1779.75,152537
2021-06-22 09:33:37,1779.0,152639
2021-06-22 09:33:38,1778.75,152704
2021-06-22 09:33:39,1778.75,152806
2021-06-22 09:33:40,1779.0,152914
2021-06-22 09:33:41,1779.5,152923
2021-06-22 09:33:42,1779.5,152969
2021-06-22 09:33:43,1779.5,152973
2021-06-22 09:33:44,1778.8,153075
2021-06-22 09:33:45,1778.8,153075
2021-06-22 09:33:46,1778.8,153245
2021-06-22 09:33:47,1778.8,153245
2021-06-22 09:33:48,1779.5,153269
2021-06-22 09:33:49,1778.7,153323
2021-06-22 09:33:50,1779.2,153329
2021-06-22 09:33:52,1779.35,153801
2021-06-22 09:33:53,1779.35,153801
2021-06-22 09:33:54,1779.45,153968
2021-06-22 09:33:55,1779.5,154018
2021-06-22 09:33:56,1778.8,154329
2021-06-22 09:33:58,1779.0,154401
2021-06-22 09:33:59,1779.3,154404
2021-06-22 09:34:00,1779.0,154606
2021-06-22 09:34:01,1779.45,154656
2021-06-22 09:34:02,1778.7,155591
2021-06-22 09:34:03,1779.0,155597
2021-06-22 09:34:04,1779.0,155713
2021-06-22 09:34:05,1778.95,155716
2021-06-22 09:34:06,1778.85,155776
2021-06-22 09:34:07,1778.85,155776
2021-06-22 09:34:08,1778.0,156212
2021-06-22 09:34:09,1778.0,156212
2021-06-22 09:34:10,1779.0,156370
2021-06-22 09:34:11,1779.0,156380
2021-06-22 09:34:12,1779.0,156394
2021-06-22 09:34:14,1778.95,156542
2021-06-22 09:34:15,1779.0,156559
2021-06-22 09:34:16,1779.45,156661
2021-06-22 09:34:17,1779.45,156661
2021-06-22 09:34:18,1779.5,156669
2021-06-22 09:34:19,1778.95,156818
2021-06-22 09:34:20,1779.4,156820
2021-06-22 09:34:21,1779.1,156952
2021-06-22 09:34:22,1778.4,157002
2021-06-22 09:34:23,1778.0,157123
2021-06-22 09:34:24,1778.55,157126
2021-06-22 09:34:25,1778.0,157344
2021-06-22 09:34:26,1778.0,157369
2021-06-22 09:34:28,1778.4,157524
2021-06-22 09:34:27,1778.7,157500
2021-06-22 09:34:29,1778.65,157536
2021-06-22 09:34:30,1778.65,157649
2021-06-22 09:34:33,1778.4,157814
2021-06-22 09:34:34,1778.0,157917
2021-06-22 09:34:35,1778.4,157945
2021-06-22 09:34:36,1778.05,157996
2021-06-22 09:34:37,1778.05,158282
2021-06-22 09:34:38,1777.9,158901
2021-06-22 09:34:39,1778.15,159058
2021-06-22 09:34:40,1779.15,159111
2021-06-22 09:34:41,1779.15,159120
2021-06-22 09:34:42,1779.15,159124
2021-06-22 09:34:44,1779.15,159148
2021-06-22 09:34:45,1779.15,159150
2021-06-22 09:34:46,1779.2,159175
2021-06-22 09:34:47,1779.2,159175
2021-06-22 09:34:48,1779.2,159177
2021-06-22 09:34:49,1779.0,159189
2021-06-22 09:34:50,1779.2,159190
2021-06-22 09:34:51,1779.2,159219
2021-06-22 09:34:52,1779.2,159219
2021-06-22 09:34:53,1779.05,159244
2021-06-22 09:34:54,1779.05,159244
2021-06-22 09:34:55,1779.0,159319
2021-06-22 09:34:56,1779.0,159319
2021-06-22 09:34:57,1779.0,159328
2021-06-22 09:34:58,1779.0,159378
2021-06-22 09:34:59,1778.8,159383
2021-06-22 09:35:00,1778.8,159393
2021-06-22 09:35:01,1779.0,159423
2021-06-22 09:35:02,1779.0,159423
2021-06-22 09:35:03,1779.0,159441
2021-06-22 09:35:04,1779.0,159446
2021-06-22 09:35:05,1779.0,159449
2021-06-22 09:35:07,1779.0,159466
2021-06-22 09:35:09,1778.75,159527
2021-06-22 09:35:10,1779.0,159555
2021-06-22 09:35:11,1779.0,159635
2021-06-22 09:35:12,1779.0,159639
2021-06-22 09:35:13,1779.0,159646
2021-06-22 09:35:14,1779.0,159647
2021-06-22 09:35:15,1778.2,159673
2021-06-22 09:35:16,1778.2,159673
2021-06-22 09:35:17,1779.0,159675
2021-06-22 09:35:18,1779.0,159675
2021-06-22 09:35:19,1779.0,159675
2021-06-22 09:35:20,1778.7,159684
2021-06-22 09:35:21,1778.75,159722
2021-06-22 09:35:22,1779.0,159731
2021-06-22 09:35:23,1779.0,159731
2021-06-22 09:35:24,1779.0,159731
2021-06-22 09:35:25,1778.75,159777
2021-06-22 09:35:27,1779.0,159795
2021-06-22 09:35:28,1779.0,159897
2021-06-22 09:35:29,1779.0,159897
2021-06-22 09:35:30,1779.0,159925
2021-06-22 09:35:32,1778.2,159952
2021-06-22 09:35:33,1779.0,159960
2021-06-22 09:35:34,1779.0,159962
2021-06-22 09:35:35,1779.0,159979
2021-06-22 09:35:36,1779.0,160020
2021-06-22 09:35:37,1779.0,160035
2021-06-22 09:35:41,1779.0,160195
2021-06-22 09:35:42,1779.0,160242
2021-06-22 09:35:42,1779.0,160243
2021-06-22 09:35:43,1779.0,160262
2021-06-22 09:35:44,1779.0,160262
2021-06-22 09:35:45,1779.0,160304
2021-06-22 09:35:48,1778.95,160484
2021-06-22 09:35:49,1779.15,160498
2021-06-22 09:35:50,1778.2,160748
2021-06-22 09:35:51,1779.0,160849
2021-06-22 09:35:52,1779.0,160849
2021-06-22 09:35:53,1779.0,162379
2021-06-22 09:35:54,1779.5,162419
2021-06-22 09:35:55,1779.5,162550
2021-06-22 09:35:56,1779.5,162657
2021-06-22 09:35:57,1779.5,162657
2021-06-22 09:35:59,1779.0,162817
2021-06-22 09:35:59,1779.5,162829
2021-06-22 09:36:00,1779.5,162853
2021-06-22 09:36:03,1779.4,162903
2021-06-22 09:36:04,1779.4,162903
2021-06-22 09:36:05,1779.0,162918
2021-06-22 09:36:06,1779.45,162940
2021-06-22 09:36:07,1779.4,163549
2021-06-22 09:36:08,1779.35,163559
2021-06-22 09:36:09,1779.4,163608
2021-06-22 09:36:10,1779.4,163622
2021-06-22 09:36:11,1779.4,163625
2021-06-22 09:36:13,1778.95,163655
2021-06-22 09:36:14,1779.4,163657
2021-06-22 09:36:15,1779.0,163757
2021-06-22 09:36:16,1779.0,163757
2021-06-22 09:36:17,1779.4,163766
2021-06-22 09:36:18,1779.4,163766
2021-06-22 09:36:19,1779.4,163766
2021-06-22 09:36:20,1779.4,163766
2021-06-22 09:36:21,1779.4,163789
2021-06-22 09:36:22,1779.4,163789
2021-06-22 09:36:23,1779.25,163797
2021-06-22 09:36:24,1779.4,163964
2021-06-22 09:36:26,1779.5,163989
2021-06-22 09:36:27,1779.5,163991
2021-06-22 09:36:28,1779.5,164052
2021-06-22 09:36:29,1779.4,164103
2021-06-22 09:36:30,1779.5,164203
2021-06-22 09:36:35,1779.45,164394
2021-06-22 09:36:36,1779.5,164460
2021-06-22 09:36:37,1779.5,164531
2021-06-22 09:36:39,1779.5,164542
2021-06-22 09:36:40,1779.5,164542
2021-06-22 09:36:40,1779.5,164542
2021-06-22 09:36:41,1779.5,165005
2021-06-22 09:36:42,1779.45,165089
2021-06-22 09:36:44,1779.5,165146
2021-06-22 09:36:45,1779.4,165203
2021-06-22 09:36:46,1779.4,165224
2021-06-22 09:36:47,1779.5,165309
2021-06-22 09:36:48,1779.5,165318
2021-06-22 09:36:49,1779.5,165348
2021-06-22 09:36:50,1779.5,165348
2021-06-22 09:36:51,1779.55,165870
2021-06-22 09:36:52,1779.35,165970
2021-06-22 09:36:53,1779.9,166024
2021-06-22 09:36:55,1779.5,166079
2021-06-22 09:36:55,1779.5,166110
2021-06-22 09:36:56,1779.5,166110
2021-06-22 09:36:57,1779.9,166117
2021-06-22 09:36:58,1779.9,166117
2021-06-22 09:37:00,1779.9,166117
2021-06-22 09:37:02,1779.5,166129
2021-06-22 09:37:02,1779.5,166129
2021-06-22 09:37:05,1779.95,166167
2021-06-22 09:37:05,1779.95,166167
2021-06-22 09:37:06,1779.8,166412
2021-06-22 09:37:07,1779.8,166459
2021-06-22 09:37:08,1779.8,166491
2021-06-22 09:37:09,1779.5,166492
2021-06-22 09:37:10,1779.8,166552
2021-06-22 09:37:11,1779.95,166634
2021-06-22 09:37:12,1779.95,166652
2021-06-22 09:37:13,1779.95,166653
2021-06-22 09:37:15,1779.95,166653
2021-06-22 09:37:15,1779.95,166653
2021-06-22 09:37:17,1780.0,167001
2021-06-22 09:37:18,1780.0,167202
2021-06-22 09:37:19,1780.0,167272
2021-06-22 09:37:20,1780.0,167288
2021-06-22 09:37:20,1780.0,167293
2021-06-22 09:37:22,1780.0,167331
2021-06-22 09:37:22,1780.0,167331
2021-06-22 09:37:23,1780.0,167439
2021-06-22 09:37:24,1779.9,167479
2021-06-22 09:37:25,1779.95,167503
2021-06-22 09:37:26,1780.0,167528
2021-06-22 09:37:27,1780.0,167681
2021-06-22 09:37:28,1780.0,167694
2021-06-22 09:37:29,1780.0,167699
2021-06-22 09:37:30,1780.0,167725
2021-06-22 09:37:31,1780.0,167725
2021-06-22 09:37:32,1779.95,167777
2021-06-22 09:37:33,1779.95,167837
2021-06-22 09:37:34,1779.95,167837
2021-06-22 09:37:36,1780.0,167878
2021-06-22 09:37:37,1780.0,167880
2021-06-22 09:37:37,1780.0,167880
2021-06-22 09:37:38,1780.0,167880
2021-06-22 09:37:39,1779.9,168066
2021-06-22 09:37:41,1780.0,168103
2021-06-22 09:37:42,1780.0,168114
2021-06-22 09:37:43,1780.0,168114
2021-06-22 09:37:44,1780.0,168149
2021-06-22 09:37:45,1779.9,168158
2021-06-22 09:37:46,1780.0,168160
2021-06-22 09:37:47,1780.0,168167
2021-06-22 09:37:48,1780.0,168267
2021-06-22 09:37:49,1780.0,168277
2021-06-22 09:37:50,1780.0,168290
2021-06-22 09:37:51,1780.0,168337
2021-06-22 09:37:51,1780.0,168337
2021-06-22 09:37:52,1780.0,168343
2021-06-22 09:37:53,1780.0,168343
2021-06-22 09:37:54,1780.0,168346
2021-06-22 09:37:55,1780.0,168346
2021-06-22 09:37:56,1780.0,168447
2021-06-22 09:37:58,1780.0,168455
2021-06-22 09:37:59,1780.0,168457
2021-06-22 09:38:00,1780.0,168457
2021-06-22 09:38:00,1780.0,168592
2021-06-22 09:38:01,1780.0,168613
2021-06-22 09:38:02,1780.0,168613
2021-06-22 09:38:04,1780.0,168614
2021-06-22 09:38:04,1780.0,168614
2021-06-22 09:38:05,1780.0,168630
2021-06-22 09:38:07,1780.0,168772
2021-06-22 09:38:09,1779.9,168938
2021-06-22 09:38:09,1780.0,168958
2021-06-22 09:38:10,1780.0,168973
2021-06-22 09:38:11,1779.9,168994
2021-06-22 09:38:12,1779.9,168994
2021-06-22 09:38:13,1779.9,168997
2021-06-22 09:38:14,1779.9,168998
2021-06-22 09:38:16,1779.85,169036
2021-06-22 09:38:16,1779.9,169010
2021-06-22 09:38:17,1779.9,169038
2021-06-22 09:38:18,1779.8,169062
2021-06-22 09:38:19,1780.0,169084
2021-06-22 09:38:20,1780.0,169134
2021-06-22 09:38:22,1780.0,169202
2021-06-22 09:38:23,1779.8,169265
2021-06-22 09:38:24,1780.0,169340
2021-06-22 09:38:27,1779.8,169630
2021-06-22 09:38:28,1780.0,169745
2021-06-22 09:38:29,1780.0,169753
2021-06-22 09:38:30,1780.0,169753
2021-06-22 09:38:31,1780.0,169803
2021-06-22 09:38:32,1780.0,169806
2021-06-22 09:38:33,1780.0,169908
2021-06-22 09:38:33,1779.85,169918
2021-06-22 09:38:34,1779.8,169938
2021-06-22 09:38:36,1780.0,169966
2021-06-22 09:38:37,1780.0,169967
2021-06-22 09:38:37,1780.0,169967
2021-06-22 09:38:38,1780.0,169974
2021-06-22 09:38:39,1780.0,169974
2021-06-22 09:38:40,1780.0,169975
2021-06-22 09:38:41,1780.35,170425
2021-06-22 09:38:43,1780.35,170425
2021-06-22 09:38:45,1780.35,170425
2021-06-22 09:38:45,1780.0,170435
2021-06-22 09:38:47,1780.0,170435
2021-06-22 09:38:47,1780.0,170435
2021-06-22 09:38:48,1780.25,170436
2021-06-22 09:38:49,1780.25,170475
2021-06-22 09:38:50,1780.25,170475
2021-06-22 09:38:51,1779.55,170486
2021-06-22 09:38:52,1779.55,170498
2021-06-22 09:38:54,1779.55,170498
2021-06-22 09:38:55,1780.0,170645
2021-06-22 09:38:57,1780.0,170700
2021-06-22 09:38:57,1779.45,171487
2021-06-22 09:38:58,1779.45,171487
2021-06-22 09:38:59,1779.95,171570
2021-06-22 09:39:00,1779.65,171590
2021-06-22 09:39:01,1779.45,171768
2021-06-22 09:39:02,1779.0,171970
2021-06-22 09:39:04,1779.2,172095
2021-06-22 09:39:05,1779.2,172103
2021-06-22 09:39:06,1779.2,172126
2021-06-22 09:39:07,1778.0,174930
2021-06-22 09:39:08,1778.65,175137
2021-06-22 09:39:09,1778.65,175288
2021-06-22 09:39:10,1778.65,175288
2021-06-22 09:39:11,1778.65,175288
2021-06-22 09:39:12,1778.0,175370
2021-06-22 09:39:13,1778.0,175370
2021-06-22 09:39:15,1778.65,175375
2021-06-22 09:39:16,1778.7,175685
2021-06-22 09:39:17,1778.7,175685
2021-06-22 09:39:18,1778.8,175712
2021-06-22 09:39:19,1778.8,175767
2021-06-22 09:39:20,1778.8,176362
2021-06-22 09:39:21,1779.0,176427
2021-06-22 09:39:22,1778.95,176490
2021-06-22 09:39:23,1778.95,176504
2021-06-22 09:39:24,1779.7,176514
2021-06-22 09:39:25,1779.55,176515
2021-06-22 09:39:25,1779.55,176515
2021-06-22 09:39:26,1779.6,176516
2021-06-22 09:39:28,1779.6,176516
2021-06-22 09:39:30,1779.65,176619
2021-06-22 09:39:31,1779.7,176630
2021-06-22 09:39:32,1779.6,176640
2021-06-22 09:39:33,1779.6,176641
2021-06-22 09:39:34,1779.6,176901
2021-06-22 09:39:35,1780.0,176973
2021-06-22 09:39:36,1780.0,176978
2021-06-22 09:39:37,1780.0,177021
2021-06-22 09:39:38,1780.05,177522
2021-06-22 09:39:40,1780.25,177525
2021-06-22 09:39:40,1780.25,177525
2021-06-22 09:39:41,1780.25,177525
2021-06-22 09:39:42,1780.0,177668
2021-06-22 09:39:44,1780.0,177718
2021-06-22 09:39:46,1780.0,177718
2021-06-22 09:39:46,1780.0,177718
2021-06-22 09:39:47,1780.0,177748
2021-06-22 09:39:49,1780.0,177750
2021-06-22 09:39:50,1780.0,177750
2021-06-22 09:39:50,1780.2,177767
2021-06-22 09:39:51,1780.25,177777
2021-06-22 09:39:54,1780.25,177777
2021-06-22 09:39:55,1780.0,177827
2021-06-22 09:39:56,1780.2,177852
2021-06-22 09:39:57,1780.5,179321
2021-06-22 09:39:58,1780.55,179341
2021-06-22 09:39:59,1780.25,179392
2021-06-22 09:40:00,1780.55,179456
2021-06-22 09:40:01,1780.6,179466
2021-06-22 09:40:02,1780.6,179466
2021-06-22 09:40:03,1780.6,179466
2021-06-22 09:40:04,1780.6,179467
2021-06-22 09:40:05,1780.6,179517
2021-06-22 09:40:06,1780.6,179533
2021-06-22 09:40:07,1780.2,179685
2021-06-22 09:40:08,1780.6,179794
2021-06-22 09:40:09,1780.6,179809
2021-06-22 09:40:11,1780.6,179812
2021-06-22 09:40:12,1780.6,179823
2021-06-22 09:40:13,1780.6,179823
2021-06-22 09:40:14,1780.95,179927
2021-06-22 09:40:15,1780.6,179991
2021-06-22 09:40:16,1780.95,180001
2021-06-22 09:40:17,1780.95,180001
2021-06-22 09:40:18,1780.95,180001
2021-06-22 09:40:19,1780.95,180001
2021-06-22 09:40:20,1780.95,180106
2021-06-22 09:40:22,1780.75,180422
2021-06-22 09:40:23,1780.75,180422
2021-06-22 09:40:24,1781.4,180547
2021-06-22 09:40:25,1781.9,180560
2021-06-22 09:40:25,1782.0,180625
2021-06-22 09:40:27,1781.9,180741
2021-06-22 09:40:28,1781.9,180741
2021-06-22 09:40:29,1781.9,180741
2021-06-22 09:40:31,1781.5,180749
2021-06-22 09:40:32,1781.9,180774
2021-06-22 09:40:33,1782.0,180885
2021-06-22 09:40:34,1781.25,180987
2021-06-22 09:40:35,1781.85,180991
2021-06-22 09:40:36,1781.85,181007
2021-06-22 09:40:37,1782.0,181065
2021-06-22 09:40:38,1781.9,181077
2021-06-22 09:40:39,1781.9,181077
2021-06-22 09:40:40,1782.0,181092
2021-06-22 09:40:40,1782.0,181082
2021-06-22 09:40:42,1782.0,181145
2021-06-22 09:40:43,1782.0,181150
2021-06-22 09:40:44,1782.0,181170
2021-06-22 09:40:44,1782.0,181170
2021-06-22 09:40:45,1781.9,181181
2021-06-22 09:40:46,1781.9,181181
2021-06-22 09:40:48,1781.9,181206
2021-06-22 09:40:50,1781.9,181247
2021-06-22 09:40:51,1782.0,181365
2021-06-22 09:40:52,1781.9,181625
2021-06-22 09:40:54,1781.9,181635
2021-06-22 09:40:55,1782.75,182676
2021-06-22 09:40:57,1782.35,182793
2021-06-22 09:40:59,1782.8,182897
2021-06-22 09:41:00,1782.8,182897
2021-06-22 09:41:01,1782.8,182897
2021-06-22 09:41:01,1782.35,182923
2021-06-22 09:41:03,1782.35,183138
2021-06-22 09:41:04,1782.25,183198
2021-06-22 09:41:05,1782.75,183293
2021-06-22 09:41:06,1782.35,183308
2021-06-22 09:41:07,1782.35,183308
2021-06-22 09:41:08,1782.35,183859
2021-06-22 09:41:09,1783.0,183874
2021-06-22 09:41:10,1783.0,183881
2021-06-22 09:41:11,1783.0,183891
2021-06-22 09:41:12,1783.0,183891
2021-06-22 09:41:13,1783.0,183891
2021-06-22 09:41:13,1783.0,183891
2021-06-22 09:41:15,1783.0,184022
2021-06-22 09:41:16,1783.0,184022
2021-06-22 09:41:16,1783.05,184023
2021-06-22 09:41:17,1783.3,184131
2021-06-22 09:41:19,1783.25,184156
2021-06-22 09:41:20,1783.25,184178
2021-06-22 09:41:21,1783.25,184194
2021-06-22 09:41:22,1783.5,184400
2021-06-22 09:41:24,1783.3,184408
2021-06-22 09:41:26,1783.3,184408
2021-06-22 09:41:27,1783.3,184420
2021-06-22 09:41:28,1783.3,184420
2021-06-22 09:41:29,1783.3,184421
2021-06-22 09:41:30,1783.0,184423
2021-06-22 09:41:30,1783.0,184423
2021-06-22 09:41:32,1782.6,184448
2021-06-22 09:41:34,1782.6,184633
2021-06-22 09:41:35,1782.7,184773
2021-06-22 09:41:37,1782.1,184786
2021-06-22 09:41:37,1782.8,184797
2021-06-22 09:41:38,1782.8,184812
2021-06-22 09:41:39,1782.8,184812
2021-06-22 09:41:40,1782.8,184827
2021-06-22 09:41:42,1782.8,184827
2021-06-22 09:41:43,1782.8,184848
2021-06-22 09:41:44,1782.1,184858
2021-06-22 09:41:45,1782.1,184858
2021-06-22 09:41:47,1782.7,184880
2021-06-22 09:41:48,1781.95,185286
2021-06-22 09:41:50,1781.9,185387
2021-06-22 09:41:51,1781.9,185387
2021-06-22 09:41:52,1782.0,185388
2021-06-22 09:41:52,1782.0,185388
2021-06-22 09:41:54,1782.0,185400
2021-06-22 09:41:55,1782.0,185400
2021-06-22 09:41:56,1782.0,185580
2021-06-22 09:41:57,1782.0,185580
2021-06-22 09:41:58,1782.0,185583
2021-06-22 09:41:59,1782.0,185638
2021-06-22 09:41:59,1782.0,185638
2021-06-22 09:42:01,1782.0,185638
2021-06-22 09:42:02,1782.0,185638
2021-06-22 09:42:03,1782.0,185639
2021-06-22 09:42:04,1782.0,185714
2021-06-22 09:42:05,1782.0,185714
2021-06-22 09:42:06,1782.0,185804
2021-06-22 09:42:07,1782.0,185804
2021-06-22 09:42:08,1781.9,185805
2021-06-22 09:42:09,1781.85,185806
2021-06-22 09:42:10,1781.85,185806
2021-06-22 09:42:10,1781.85,185806
2021-06-22 09:42:12,1781.9,185808
2021-06-22 09:42:13,1781.9,185808
2021-06-22 09:42:14,1782.0,185896
2021-06-22 09:42:15,1781.85,185897
2021-06-22 09:42:16,1781.85,185897
2021-06-22 09:42:17,1781.85,185897
2021-06-22 09:42:18,1781.85,185897
2021-06-22 09:42:19,1782.0,185922
2021-06-22 09:42:20,1782.0,185922
2021-06-22 09:42:21,1782.0,185939
2021-06-22 09:42:21,1782.0,185939
2021-06-22 09:42:23,1781.8,185959
2021-06-22 09:42:24,1782.0,185964
2021-06-22 09:42:25,1782.0,185964
2021-06-22 09:42:26,1782.0,186178
2021-06-22 09:42:26,1782.0,186178
2021-06-22 09:42:28,1781.8,186239
2021-06-22 09:42:29,1781.8,186242
2021-06-22 09:42:30,1782.35,186367
2021-06-22 09:42:31,1782.35,186367
2021-06-22 09:42:32,1782.35,186367
2021-06-22 09:42:33,1782.35,186372
2021-06-22 09:42:34,1782.35,186376
2021-06-22 09:42:35,1781.5,186474
2021-06-22 09:42:36,1782.0,186490
2021-06-22 09:42:37,1781.95,186568
2021-06-22 09:42:38,1781.95,186568
2021-06-22 09:42:39,1782.0,186578
2021-06-22 09:42:40,1782.0,186584
2021-06-22 09:42:41,1782.0,186684
2021-06-22 09:42:42,1782.0,186684
2021-06-22 09:42:43,1782.0,186691
2021-06-22 09:42:44,1782.0,186691
2021-06-22 09:42:45,1782.0,186702
2021-06-22 09:42:46,1782.0,186702
2021-06-22 09:42:47,1782.0,186702
2021-06-22 09:42:48,1781.45,186730
2021-06-22 09:42:49,1781.9,186732
2021-06-22 09:42:50,1781.9,186782
2021-06-22 09:42:50,1781.9,186797
2021-06-22 09:42:52,1781.5,186817
2021-06-22 09:42:54,1781.5,186817
2021-06-22 09:42:55,1781.5,186838
2021-06-22 09:42:56,1782.0,187088
2021-06-22 09:42:57,1781.25,187111
2021-06-22 09:42:58,1781.2,187116
2021-06-22 09:42:59,1781.2,187179
2021-06-22 09:43:00,1781.15,187184
2021-06-22 09:43:01,1781.15,187184
2021-06-22 09:43:02,1781.2,187192
2021-06-22 09:43:03,1781.2,187192
2021-06-22 09:43:03,1781.25,187242
2021-06-22 09:43:05,1781.25,187242
2021-06-22 09:43:06,1781.25,187254
2021-06-22 09:43:07,1781.15,187310
2021-06-22 09:43:08,1781.15,187310
2021-06-22 09:43:09,1781.15,187310
2021-06-22 09:43:10,1781.15,187311
2021-06-22 09:43:11,1781.15,187311
2021-06-22 09:43:12,1781.35,187322
2021-06-22 09:43:13,1781.35,187323
2021-06-22 09:43:14,1781.35,187325
2021-06-22 09:43:15,1781.0,187335
2021-06-22 09:43:16,1781.0,187335
2021-06-22 09:43:17,1780.75,188362
2021-06-22 09:43:18,1781.2,188411
2021-06-22 09:43:19,1781.35,188546
2021-06-22 09:43:20,1781.35,188546
2021-06-22 09:43:21,1781.35,188546
2021-06-22 09:43:22,1781.35,188546
2021-06-22 09:43:23,1781.2,188556
2021-06-22 09:43:24,1781.7,188561
2021-06-22 09:43:25,1781.7,188577
2021-06-22 09:43:27,1781.35,188719
2021-06-22 09:43:28,1781.35,188719
2021-06-22 09:43:29,1781.6,188779
2021-06-22 09:43:30,1780.75,189004
2021-06-22 09:43:31,1780.65,189297
2021-06-22 09:43:32,1781.05,189397
2021-06-22 09:43:33,1781.05,189397
2021-06-22 09:43:33,1781.05,189397
2021-06-22 09:43:34,1781.05,189397
2021-06-22 09:43:36,1780.65,189398
2021-06-22 09:43:37,1780.65,189398
2021-06-22 09:43:38,1780.65,189398
2021-06-22 09:43:39,1781.3,189498
2021-06-22 09:43:40,1781.3,189498
2021-06-22 09:43:41,1781.05,189500
2021-06-22 09:43:42,1781.05,189525
2021-06-22 09:43:43,1781.05,189525
2021-06-22 09:43:44,1781.3,189933
2021-06-22 09:43:45,1781.3,189933
2021-06-22 09:43:46,1781.3,189933
2021-06-22 09:43:47,1781.15,189937
2021-06-22 09:43:48,1781.15,189937
2021-06-22 09:43:49,1781.2,189967
2021-06-22 09:43:51,1780.75,190045
2021-06-22 09:43:50,1781.35,189977
2021-06-22 09:43:52,1780.7,190164
2021-06-22 09:43:53,1780.65,190184
2021-06-22 09:43:54,1780.6,190243
2021-06-22 09:43:55,1780.05,190301
2021-06-22 09:43:56,1780.05,190301
2021-06-22 09:43:57,1780.05,190358
2021-06-22 09:43:58,1780.6,190380
2021-06-22 09:43:59,1780.25,190686
2021-06-22 09:44:00,1780.65,190696
2021-06-22 09:44:00,1780.15,190724
2021-06-22 09:44:02,1780.15,190724
2021-06-22 09:44:03,1780.8,190736
2021-06-22 09:44:04,1780.15,190786
2021-06-22 09:44:05,1780.15,190786
2021-06-22 09:44:06,1780.5,190802
2021-06-22 09:44:07,1780.05,190852
2021-06-22 09:44:08,1780.05,190852
2021-06-22 09:44:09,1780.05,190852
2021-06-22 09:44:10,1780.05,190852
2021-06-22 09:44:11,1780.05,190852
2021-06-22 09:44:12,1780.05,190852
2021-06-22 09:44:13,1780.05,190852
2021-06-22 09:44:15,1780.5,190866
2021-06-22 09:44:17,1780.0,191463
2021-06-22 09:44:18,1780.0,191463
2021-06-22 09:44:19,1780.6,191614
2021-06-22 09:44:20,1780.05,191671
2021-06-22 09:44:22,1780.6,192151
2021-06-22 09:44:23,1780.45,192171
2021-06-22 09:44:24,1780.6,192211
2021-06-22 09:44:25,1780.6,192211
2021-06-22 09:44:26,1780.6,192216
2021-06-22 09:44:27,1780.6,192221
2021-06-22 09:44:28,1780.6,192700
2021-06-22 09:44:29,1780.0,192726
2021-06-22 09:44:30,1780.0,193030
2021-06-22 09:44:31,1780.05,193116
2021-06-22 09:44:32,1780.05,193116
2021-06-22 09:44:34,1780.05,193116
2021-06-22 09:44:35,1780.05,193116
2021-06-22 09:44:36,1780.6,193132
2021-06-22 09:44:37,1780.05,193151
2021-06-22 09:44:38,1780.05,193240
2021-06-22 09:44:39,1780.05,193324
2021-06-22 09:44:40,1780.05,193349
2021-06-22 09:44:41,1780.0,193449
2021-06-22 09:44:43,1780.5,193452
2021-06-22 09:44:44,1780.5,193511
2021-06-22 09:44:45,1780.05,193537
2021-06-22 09:44:46,1780.0,193715
2021-06-22 09:44:47,1780.0,193766
2021-06-22 09:44:48,1780.5,193860
2021-06-22 09:44:49,1780.6,193893
2021-06-22 09:44:50,1780.6,193893
2021-06-22 09:44:51,1780.6,193910
2021-06-22 09:44:52,1780.5,193920
2021-06-22 09:44:53,1780.6,194284
2021-06-22 09:44:54,1780.6,194284
2021-06-22 09:44:55,1780.55,194459
2021-06-22 09:44:56,1780.55,194497
2021-06-22 09:44:59,1780.6,194498
2021-06-22 09:45:00,1780.0,194599
2021-06-22 09:45:01,1780.0,194599
2021-06-22 09:45:02,1780.6,194698
2021-06-22 09:45:03,1780.6,194721
2021-06-22 09:45:04,1780.6,194721
2021-06-22 09:45:05,1780.6,194721
2021-06-22 09:45:06,1781.0,194742
2021-06-22 09:45:07,1780.7,194865
2021-06-22 09:45:08,1780.7,194870
2021-06-22 09:45:10,1780.7,194870
2021-06-22 09:45:11,1781.0,194883
2021-06-22 09:45:12,1781.0,194883
2021-06-22 09:45:13,1781.0,194883
2021-06-22 09:45:14,1781.0,194884
2021-06-22 09:45:15,1780.6,194934
2021-06-22 09:45:16,1780.6,194934
2021-06-22 09:45:18,1780.4,195102
2021-06-22 09:45:19,1781.0,195159
2021-06-22 09:45:20,1781.0,195179
2021-06-22 09:45:21,1781.0,195179
2021-06-22 09:45:22,1780.5,195231
2021-06-22 09:45:23,1780.5,195231
2021-06-22 09:45:24,1780.5,195231
2021-06-22 09:45:25,1780.5,195231
2021-06-22 09:45:26,1780.5,195231
2021-06-22 09:45:27,1781.0,195479
2021-06-22 09:45:28,1781.0,195498
2021-06-22 09:45:29,1781.0,195598
2021-06-22 09:45:31,1781.0,195598
2021-06-22 09:45:34,1781.0,195611
2021-06-22 09:45:35,1781.0,195614
2021-06-22 09:45:36,1781.0,195690
2021-06-22 09:45:37,1780.7,195741
2021-06-22 09:45:38,1780.6,195751
2021-06-22 09:45:39,1781.0,195891
2021-06-22 09:45:40,1781.0,195896
2021-06-22 09:45:41,1781.0,195896
2021-06-22 09:45:42,1781.0,195896
2021-06-22 09:45:43,1781.0,195896
2021-06-22 09:45:44,1781.0,195896
2021-06-22 09:45:45,1781.0,195896
2021-06-22 09:45:46,1781.0,195896
2021-06-22 09:45:47,1781.0,195896
2021-06-22 09:45:48,1780.45,196050
2021-06-22 09:45:49,1780.45,196075
2021-06-22 09:45:50,1780.45,196151
2021-06-22 09:45:51,1780.4,196355
2021-06-22 09:45:52,1780.4,196406
2021-06-22 09:45:53,1780.7,196416
2021-06-22 09:45:54,1780.7,196440
2021-06-22 09:45:55,1780.7,196442
2021-06-22 09:45:57,1780.4,196455
2021-06-22 09:45:58,1780.4,196506
2021-06-22 09:45:59,1780.4,196516
2021-06-22 09:46:00,1780.0,196809
2021-06-22 09:46:03,1780.0,196921
2021-06-22 09:46:04,1780.6,196928
2021-06-22 09:46:05,1780.6,196928
2021-06-22 09:46:06,1780.45,196945
2021-06-22 09:46:07,1780.05,197047
2021-06-22 09:46:08,1780.95,197048
2021-06-22 09:46:11,1780.6,197049
2021-06-22 09:46:12,1780.6,197049
2021-06-22 09:46:13,1780.6,197049
2021-06-22 09:46:14,1780.6,197049
2021-06-22 09:46:15,1781.0,197178
2021-06-22 09:46:16,1781.0,197178
2021-06-22 09:46:17,1781.0,197178
2021-06-22 09:46:18,1780.55,197359
2021-06-22 09:46:19,1781.0,197512
2021-06-22 09:46:20,1781.0,197592
2021-06-22 09:46:23,1780.65,198043
2021-06-22 09:46:22,1780.0,197943
2021-06-22 09:46:24,1780.8,198073
2021-06-22 09:46:25,1780.8,198073
2021-06-22 09:46:26,1780.8,198073
2021-06-22 09:46:27,1780.8,198074
2021-06-22 09:46:28,1780.8,198431
2021-06-22 09:46:29,1780.8,198441
2021-06-22 09:46:30,1780.8,198441
2021-06-22 09:46:31,1780.8,198496
2021-06-22 09:46:33,1780.8,198496
2021-06-22 09:46:34,1780.8,198497
2021-06-22 09:46:34,1780.8,198497
2021-06-22 09:46:36,1780.8,198697
2021-06-22 09:46:36,1780.8,198697
2021-06-22 09:46:37,1780.8,198914
2021-06-22 09:46:38,1780.8,198914
2021-06-22 09:46:39,1780.8,198961
2021-06-22 09:46:41,1780.8,199053
2021-06-22 09:46:42,1780.3,199180
2021-06-22 09:46:43,1780.0,199363
2021-06-22 09:46:44,1780.0,199363
2021-06-22 09:46:45,1780.0,199388
2021-06-22 09:46:46,1780.0,199388
2021-06-22 09:46:47,1780.0,199388
2021-06-22 09:46:49,1780.15,199389
2021-06-22 09:46:50,1780.05,199391
2021-06-22 09:46:50,1780.15,199394
2021-06-22 09:46:51,1780.15,199394
2021-06-22 09:46:54,1780.15,199394
2021-06-22 09:46:54,1780.15,199394
2021-06-22 09:46:55,1780.55,199396
2021-06-22 09:46:57,1780.65,199409
2021-06-22 09:46:59,1780.55,199410
2021-06-22 09:47:01,1780.0,199412
2021-06-22 09:47:02,1780.65,199437
2021-06-22 09:47:03,1780.65,199437
2021-06-22 09:47:06,1780.75,199460
2021-06-22 09:47:07,1780.75,199460
2021-06-22 09:47:07,1780.75,199460
2021-06-22 09:47:08,1780.75,199460
2021-06-22 09:47:09,1780.55,199486
2021-06-22 09:47:10,1780.55,199486
2021-06-22 09:47:11,1780.55,199541
2021-06-22 09:47:12,1780.55,199541
2021-06-22 09:47:13,1780.8,199542
2021-06-22 09:47:15,1780.55,199628
2021-06-22 09:47:16,1780.55,199688
2021-06-22 09:47:18,1780.6,199713
2021-06-22 09:47:19,1780.6,199724
2021-06-22 09:47:20,1780.6,199742
2021-06-22 09:47:22,1780.6,199788
2021-06-22 09:47:23,1780.6,199788
2021-06-22 09:47:24,1780.6,199788
2021-06-22 09:47:25,1780.6,199793
2021-06-22 09:47:25,1780.6,199793
2021-06-22 09:47:26,1780.7,199801
2021-06-22 09:47:27,1780.7,199801
2021-06-22 09:47:29,1780.7,199877
2021-06-22 09:47:29,1780.25,199999
2021-06-22 09:47:30,1780.0,200300
2021-06-22 09:47:31,1780.0,200300
2021-06-22 09:47:33,1780.0,200300
2021-06-22 09:47:33,1780.05,200310
2021-06-22 09:47:34,1780.05,200310
2021-06-22 09:47:35,1780.6,200475
2021-06-22 09:47:37,1780.0,200799
2021-06-22 09:47:38,1780.5,200889
2021-06-22 09:47:39,1780.0,200950
2021-06-22 09:47:40,1780.0,200950
2021-06-22 09:47:41,1780.0,200952
2021-06-22 09:47:42,1780.0,200952
2021-06-22 09:47:43,1780.6,201007
2021-06-22 09:47:45,1780.6,201007
2021-06-22 09:47:45,1780.6,201007
2021-06-22 09:47:46,1780.6,201008
2021-06-22 09:47:47,1780.6,201008
2021-06-22 09:47:48,1780.6,201008
2021-06-22 09:47:49,1780.6,201008
2021-06-22 09:47:50,1780.05,201095
2021-06-22 09:47:51,1780.0,201233
2021-06-22 09:47:52,1780.0,201233
2021-06-22 09:47:53,1780.0,201294
2021-06-22 09:47:54,1780.6,201325
2021-06-22 09:47:56,1780.6,201361
2021-06-22 09:47:56,1780.6,201361
2021-06-22 09:47:57,1780.6,201361
2021-06-22 09:47:58,1780.6,201361
2021-06-22 09:47:59,1780.5,201365
2021-06-22 09:48:00,1780.5,201365
2021-06-22 09:48:01,1780.5,201365
2021-06-22 09:48:02,1780.0,201456
2021-06-22 09:48:04,1780.5,201516
2021-06-22 09:48:05,1780.05,201518
2021-06-22 09:48:06,1780.05,201518
2021-06-22 09:48:07,1780.05,201518
2021-06-22 09:48:08,1780.5,201718
2021-06-22 09:48:09,1780.4,201738
2021-06-22 09:48:10,1780.4,201738
2021-06-22 09:48:12,1780.4,201739
2021-06-22 09:48:12,1780.4,201739
2021-06-22 09:48:13,1780.4,201964
2021-06-22 09:48:14,1780.4,201964
2021-06-22 09:48:15,1780.4,201964
2021-06-22 09:48:17,1780.4,202014
2021-06-22 09:48:18,1780.4,202024
2021-06-22 09:48:18,1780.4,202224
2021-06-22 09:48:21,1780.4,202475
2021-06-22 09:48:21,1780.45,202414
2021-06-22 09:48:22,1780.4,202475
2021-06-22 09:48:23,1780.4,202475
2021-06-22 09:48:25,1780.4,202665
2021-06-22 09:48:26,1780.4,202665
2021-06-22 09:48:27,1780.4,202665
2021-06-22 09:48:29,1780.4,202665
2021-06-22 09:48:30,1780.45,202725
2021-06-22 09:48:32,1780.5,202801
2021-06-22 09:48:33,1780.5,202806
2021-06-22 09:48:34,1780.5,202806
2021-06-22 09:48:34,1780.5,202806
2021-06-22 09:48:35,1780.5,202806
2021-06-22 09:48:36,1780.55,202824
2021-06-22 09:48:37,1780.55,202843
2021-06-22 09:48:38,1780.55,202847
2021-06-22 09:48:39,1780.5,203041
2021-06-22 09:48:40,1780.5,203041
2021-06-22 09:48:41,1780.55,203051
2021-06-22 09:48:42,1780.55,203051
2021-06-22 09:48:43,1780.55,203051
2021-06-22 09:48:44,1780.55,203051
2021-06-22 09:48:45,1780.55,203051
2021-06-22 09:48:47,1780.55,203051
2021-06-22 09:48:48,1780.55,203112
2021-06-22 09:48:49,1780.4,203564
2021-06-22 09:48:50,1780.0,203872
2021-06-22 09:48:51,1780.0,203905
2021-06-22 09:48:51,1780.0,203905
2021-06-22 09:48:53,1780.2,203917
2021-06-22 09:48:54,1780.2,203919
2021-06-22 09:48:55,1780.0,203959
2021-06-22 09:48:56,1780.0,203959
2021-06-22 09:48:57,1780.2,203969
2021-06-22 09:48:59,1780.2,203969
2021-06-22 09:49:00,1780.2,203969
2021-06-22 09:49:00,1780.2,203969
2021-06-22 09:49:01,1780.25,203972
2021-06-22 09:49:02,1780.25,203972
2021-06-22 09:49:03,1780.0,203976
2021-06-22 09:49:04,1780.0,204064
2021-06-22 09:49:05,1780.0,204064
2021-06-22 09:49:06,1780.55,204073
2021-06-22 09:49:07,1780.6,204083
2021-06-22 09:49:08,1780.6,204083
2021-06-22 09:49:09,1780.6,204083
2021-06-22 09:49:11,1780.6,204091
2021-06-22 09:49:12,1780.2,204100
2021-06-22 09:49:13,1780.2,204100
2021-06-22 09:49:13,1780.2,204100
2021-06-22 09:49:14,1780.2,204100
2021-06-22 09:49:15,1780.2,204100
2021-06-22 09:49:16,1780.55,204110
2021-06-22 09:49:17,1780.55,204110
2021-06-22 09:49:18,1780.55,204110
2021-06-22 09:49:19,1780.55,204110
2021-06-22 09:49:20,1780.55,204110
2021-06-22 09:49:21,1780.6,204126
2021-06-22 09:49:22,1780.6,204140
2021-06-22 09:49:23,1780.6,204140
2021-06-22 09:49:24,1780.6,204140
2021-06-22 09:49:25,1780.4,204491
2021-06-22 09:49:26,1780.4,204491
2021-06-22 09:49:28,1780.4,204491
2021-06-22 09:49:29,1780.4,204491
2021-06-22 09:49:30,1780.6,204566
2021-06-22 09:49:32,1780.6,204644
2021-06-22 09:49:33,1780.6,204644
2021-06-22 09:49:33,1780.6,204644
2021-06-22 09:49:34,1780.55,204645
2021-06-22 09:49:37,1780.6,204714
2021-06-22 09:49:38,1780.6,204714
2021-06-22 09:49:39,1780.6,204714
2021-06-22 09:49:41,1780.85,205101
2021-06-22 09:49:42,1780.85,205101
2021-06-22 09:49:43,1780.85,205101
2021-06-22 09:49:43,1780.85,205101
2021-06-22 09:49:44,1780.85,205101
2021-06-22 09:49:45,1780.85,205101
2021-06-22 09:49:46,1780.85,205101
2021-06-22 09:49:47,1780.85,205105
2021-06-22 09:49:48,1780.6,205130
2021-06-22 09:49:49,1780.6,205130
2021-06-22 09:49:51,1780.85,205248
2021-06-22 09:49:52,1780.6,205249
2021-06-22 09:49:53,1780.6,205249
2021-06-22 09:49:54,1780.6,205249
2021-06-22 09:49:55,1780.6,205249
2021-06-22 09:49:56,1780.6,205249
2021-06-22 09:49:57,1780.6,205249
2021-06-22 09:49:58,1780.85,205305
2021-06-22 09:49:59,1780.85,205305
2021-06-22 09:49:59,1780.85,205305
2021-06-22 09:50:01,1780.85,205305
2021-06-22 09:50:02,1780.85,205305
2021-06-22 09:50:03,1780.85,205308
2021-06-22 09:50:04,1780.85,205324
2021-06-22 09:50:05,1780.85,205324
2021-06-22 09:50:06,1780.85,205342
2021-06-22 09:50:07,1780.85,205342
2021-06-22 09:50:08,1780.85,205342
2021-06-22 09:50:08,1780.85,205342
2021-06-22 09:50:09,1780.85,205392
2021-06-22 09:50:11,1780.85,205392
2021-06-22 09:50:11,1780.85,205392
2021-06-22 09:50:13,1780.85,205482
2021-06-22 09:50:14,1780.5,205582
2021-06-22 09:50:15,1780.5,205582
2021-06-22 09:50:15,1780.5,205582
2021-06-22 09:50:19,1780.85,205735
2021-06-22 09:50:19,1780.85,205735
2021-06-22 09:50:20,1780.6,205791
2021-06-22 09:50:21,1780.6,206923
2021-06-22 09:50:23,1780.4,207195
2021-06-22 09:50:25,1779.55,207939
2021-06-22 09:50:27,1779.2,208026
2021-06-22 09:50:27,1779.45,208021
2021-06-22 09:50:28,1779.55,208048
2021-06-22 09:50:29,1779.45,208051
2021-06-22 09:50:31,1778.85,208307
2021-06-22 09:50:31,1778.3,208427
2021-06-22 09:50:32,1777.0,210826
2021-06-22 09:50:33,1778.05,211374
2021-06-22 09:50:34,1778.1,211628
2021-06-22 09:50:35,1777.4,211629
2021-06-22 09:50:36,1777.4,211629
2021-06-22 09:50:37,1778.0,211641
2021-06-22 09:50:40,1778.05,211700
2021-06-22 09:50:41,1778.05,211772
2021-06-22 09:50:42,1777.8,211788
2021-06-22 09:50:43,1777.8,211788
2021-06-22 09:50:44,1777.8,211788
2021-06-22 09:50:45,1777.8,211793
2021-06-22 09:50:45,1777.45,211853
2021-06-22 09:50:47,1777.65,212293
2021-06-22 09:50:47,1777.65,212293
2021-06-22 09:50:49,1778.05,212341
2021-06-22 09:50:50,1778.0,212342
2021-06-22 09:50:51,1777.3,212349
2021-06-22 09:50:52,1778.2,212375
2021-06-22 09:50:52,1778.2,212375
2021-06-22 09:50:53,1778.25,212509
2021-06-22 09:50:54,1777.95,212520
2021-06-22 09:50:55,1778.05,212566
2021-06-22 09:50:57,1778.5,212747
2021-06-22 09:50:58,1777.8,212760
2021-06-22 09:50:58,1778.75,212776
2021-06-22 09:50:59,1778.35,212777
2021-06-22 09:51:00,1777.8,212801
2021-06-22 09:51:01,1778.35,212803
2021-06-22 09:51:02,1778.35,212803
2021-06-22 09:51:04,1778.0,212863
2021-06-22 09:51:05,1778.4,212975
2021-06-22 09:51:06,1778.45,213011
2021-06-22 09:51:07,1778.35,213035
2021-06-22 09:51:09,1778.3,213139
2021-06-22 09:51:10,1778.3,213140
2021-06-22 09:51:11,1778.25,213160
2021-06-22 09:51:12,1778.35,214160
2021-06-22 09:51:13,1778.45,214248
2021-06-22 09:51:14,1778.55,214270
2021-06-22 09:51:16,1778.6,214272
2021-06-22 09:51:17,1778.0,214333
2021-06-22 09:51:18,1778.0,214333
2021-06-22 09:51:19,1778.0,214333
2021-06-22 09:51:20,1778.55,214447
2021-06-22 09:51:21,1778.55,214463
2021-06-22 09:51:22,1778.1,214478
2021-06-22 09:51:23,1778.55,214479
2021-06-22 09:51:24,1778.4,214490
2021-06-22 09:51:24,1778.4,214493
2021-06-22 09:51:26,1778.4,214513
2021-06-22 09:51:27,1778.4,214538
2021-06-22 09:51:28,1778.55,214807
2021-06-22 09:51:29,1778.6,214809
2021-06-22 09:51:30,1778.6,214832
2021-06-22 09:51:31,1778.6,215348
2021-06-22 09:51:32,1778.7,215357
2021-06-22 09:51:34,1778.8,215942
2021-06-22 09:51:35,1779.2,216075
2021-06-22 09:51:36,1779.95,216134
2021-06-22 09:51:37,1779.95,216134
2021-06-22 09:51:38,1779.95,216134
2021-06-22 09:51:39,1779.95,216134
2021-06-22 09:51:40,1779.95,216134
2021-06-22 09:51:41,1780.0,216150
2021-06-22 09:51:42,1780.0,216150
2021-06-22 09:51:43,1780.1,216442
2021-06-22 09:51:43,1780.1,216442
2021-06-22 09:51:44,1780.1,216442
2021-06-22 09:51:45,1780.1,216442
2021-06-22 09:51:47,1779.55,216447
2021-06-22 09:51:48,1780.3,216472
2021-06-22 09:51:49,1780.3,216472
2021-06-22 09:51:49,1780.3,216472
2021-06-22 09:51:50,1780.0,216482
2021-06-22 09:51:51,1780.0,216482
2021-06-22 09:51:52,1780.1,216518
2021-06-22 09:51:54,1780.0,216614
2021-06-22 09:51:55,1780.0,216614
2021-06-22 09:51:56,1780.0,216614
2021-06-22 09:51:57,1780.9,216674
2021-06-22 09:51:58,1780.1,216689
2021-06-22 09:51:59,1780.1,216689
2021-06-22 09:52:00,1780.5,216694
2021-06-22 09:52:01,1780.5,216694
2021-06-22 09:52:02,1780.5,216694
2021-06-22 09:52:03,1780.5,216694
2021-06-22 09:52:05,1780.1,217094
2021-06-22 09:52:06,1780.45,217111
2021-06-22 09:52:07,1780.45,217211
2021-06-22 09:52:07,1780.45,217211
2021-06-22 09:52:10,1780.1,217237
2021-06-22 09:52:12,1780.45,217238
2021-06-22 09:52:13,1780.1,217243
2021-06-22 09:52:14,1780.5,217253
2021-06-22 09:52:16,1780.1,217782
2021-06-22 09:52:16,1780.1,217779
2021-06-22 09:52:17,1780.1,218182
2021-06-22 09:52:20,1780.4,218185
2021-06-22 09:52:21,1780.1,218281
2021-06-22 09:52:22,1780.0,218386
2021-06-22 09:52:23,1779.55,218415
2021-06-22 09:52:23,1779.75,218418
2021-06-22 09:52:24,1779.55,218456
2021-06-22 09:52:27,1779.6,218459
2021-06-22 09:52:28,1779.6,218488
2021-06-22 09:52:28,1779.6,218488
2021-06-22 09:52:29,1779.55,218490
2021-06-22 09:52:30,1779.55,218540
2021-06-22 09:52:31,1779.4,218545
2021-06-22 09:52:34,1779.15,218562
2021-06-22 09:52:35,1778.7,218591
2021-06-22 09:52:36,1778.0,218665
2021-06-22 09:52:37,1778.8,218668
2021-06-22 09:52:38,1778.75,218674
2021-06-22 09:52:38,1778.75,218674
2021-06-22 09:52:39,1778.75,218674
2021-06-22 09:52:40,1778.7,218679
2021-06-22 09:52:41,1778.7,218689
2021-06-22 09:52:42,1778.0,218750
2021-06-22 09:52:44,1778.0,219052
2021-06-22 09:52:44,1778.0,219117
2021-06-22 09:52:46,1778.15,219149
2021-06-22 09:52:47,1778.15,219149
2021-06-22 09:52:48,1778.0,219152
2021-06-22 09:52:49,1778.25,219162
2021-06-22 09:52:50,1778.3,219167
2021-06-22 09:52:51,1778.3,219189
2021-06-22 09:52:51,1778.3,219192
2021-06-22 09:52:53,1778.3,219194
2021-06-22 09:52:54,1778.6,219284
2021-06-22 09:52:55,1778.6,219284
2021-06-22 09:52:56,1778.45,219299
2021-06-22 09:52:57,1778.3,219300
2021-06-22 09:52:58,1778.0,219340
2021-06-22 09:52:58,1778.0,219340
2021-06-22 09:53:00,1778.55,219369
2021-06-22 09:53:02,1778.5,219380
2021-06-22 09:53:03,1778.5,219383
2021-06-22 09:53:04,1778.65,219385
2021-06-22 09:53:06,1778.0,219874
2021-06-22 09:53:07,1778.0,219874
2021-06-22 09:53:08,1778.45,219902
2021-06-22 09:53:08,1778.45,219902
2021-06-22 09:53:09,1778.45,219902
2021-06-22 09:53:11,1778.45,219902
2021-06-22 09:53:12,1778.0,219989
2021-06-22 09:53:13,1778.7,219994
2021-06-22 09:53:14,1778.7,219994
2021-06-22 09:53:15,1778.7,220035
2021-06-22 09:53:15,1778.7,220035
2021-06-22 09:53:17,1778.65,220038
2021-06-22 09:53:18,1778.65,220038
2021-06-22 09:53:19,1778.4,220438
2021-06-22 09:53:20,1777.0,222342
2021-06-22 09:53:21,1777.65,222472
2021-06-22 09:53:22,1777.75,222735
2021-06-22 09:53:22,1777.75,222735
2021-06-22 09:53:23,1777.75,222759
2021-06-22 09:53:24,1777.75,222759
2021-06-22 09:53:26,1777.8,222774
2021-06-22 09:53:27,1777.75,222943
2021-06-22 09:53:28,1777.6,222998
2021-06-22 09:53:29,1777.75,223099
2021-06-22 09:53:30,1777.75,223102
2021-06-22 09:53:31,1777.4,223121
2021-06-22 09:53:32,1777.0,223132
2021-06-22 09:53:32,1777.7,223133
2021-06-22 09:53:33,1777.7,223133
2021-06-22 09:53:36,1777.5,223658
2021-06-22 09:53:37,1777.2,223673
2021-06-22 09:53:38,1777.35,223738
2021-06-22 09:53:39,1777.0,223798
2021-06-22 09:53:40,1777.35,223808
2021-06-22 09:53:41,1777.35,223808
2021-06-22 09:53:43,1777.4,223814
2021-06-22 09:53:44,1777.4,223814
2021-06-22 09:53:44,1777.95,223826
2021-06-22 09:53:45,1778.0,223827
2021-06-22 09:53:46,1778.0,223827
2021-06-22 09:53:48,1778.0,223912
2021-06-22 09:53:49,1778.0,223912
2021-06-22 09:53:50,1778.0,223920
2021-06-22 09:53:51,1778.0,223926
2021-06-22 09:53:52,1778.0,223926
2021-06-22 09:53:53,1778.0,223926
2021-06-22 09:53:54,1778.1,223938
2021-06-22 09:53:55,1778.6,223947
2021-06-22 09:53:56,1778.6,223948
2021-06-22 09:53:57,1778.6,223948
2021-06-22 09:53:59,1778.0,224172
2021-06-22 09:53:59,1778.0,224172
2021-06-22 09:54:01,1777.5,224521
2021-06-22 09:54:02,1777.65,225053
2021-06-22 09:54:03,1777.4,225119
2021-06-22 09:54:04,1777.65,225124
2021-06-22 09:54:05,1777.65,225124
2021-06-22 09:54:06,1777.3,225676
2021-06-22 09:54:06,1778.05,226776
2021-06-22 09:54:08,1778.45,226897
2021-06-22 09:54:09,1778.45,226897
2021-06-22 09:54:10,1778.1,226907
2021-06-22 09:54:11,1778.15,226908
2021-06-22 09:54:14,1777.8,226975
2021-06-22 09:54:15,1777.75,226981
2021-06-22 09:54:16,1777.75,226981
2021-06-22 09:54:17,1778.1,227109
2021-06-22 09:54:18,1777.95,227159
2021-06-22 09:54:19,1777.9,227200
2021-06-22 09:54:20,1777.9,227417
2021-06-22 09:54:21,1777.9,227583
2021-06-22 09:54:21,1777.9,227583
2021-06-22 09:54:23,1778.1,227647
2021-06-22 09:54:24,1778.3,227651
2021-06-22 09:54:25,1777.65,227661
2021-06-22 09:54:26,1777.25,227673
2021-06-22 09:54:26,1777.25,227673
2021-06-22 09:54:28,1778.2,227674
2021-06-22 09:54:30,1777.6,227682
2021-06-22 09:54:32,1777.85,228088
2021-06-22 09:54:32,1777.85,228088
2021-06-22 09:54:33,1777.85,228115
2021-06-22 09:54:35,1777.85,228115
2021-06-22 09:54:35,1777.95,228116
2021-06-22 09:54:38,1777.35,228127
2021-06-22 09:54:39,1777.35,228127
2021-06-22 09:54:40,1777.9,228157
2021-06-22 09:54:41,1778.0,228162
2021-06-22 09:54:41,1778.0,228162
2021-06-22 09:54:44,1778.0,228163
2021-06-22 09:54:45,1778.0,228163
2021-06-22 09:54:47,1777.95,228166
2021-06-22 09:54:47,1777.95,228166
2021-06-22 09:54:48,1777.95,228175
2021-06-22 09:54:51,1776.9,229142
2021-06-22 09:54:52,1777.1,229178
2021-06-22 09:54:53,1777.1,229223
2021-06-22 09:54:54,1776.85,229257
2021-06-22 09:54:55,1777.05,229260
2021-06-22 09:54:56,1777.05,229390
2021-06-22 09:54:58,1776.9,229405
2021-06-22 09:54:57,1776.9,229405
2021-06-22 09:54:59,1776.65,229432
2021-06-22 09:55:00,1776.35,229714
2021-06-22 09:55:01,1776.15,230225
2021-06-22 09:55:02,1776.1,230817
2021-06-22 09:55:04,1776.75,230911
2021-06-22 09:55:06,1776.55,231031
2021-06-22 09:55:07,1776.85,231041
2021-06-22 09:55:08,1776.3,231046
2021-06-22 09:55:09,1776.85,231190
2021-06-22 09:55:10,1776.85,231190
2021-06-22 09:55:11,1776.85,231202
2021-06-22 09:55:12,1776.8,231262
2021-06-22 09:55:13,1776.75,231288
2021-06-22 09:55:14,1776.3,231289
2021-06-22 09:55:15,1776.85,231312
2021-06-22 09:55:16,1776.85,231362
2021-06-22 09:55:17,1776.8,231364
2021-06-22 09:55:18,1776.1,231973
2021-06-22 09:55:19,1776.65,231983
2021-06-22 09:55:20,1776.3,232060
2021-06-22 09:55:21,1776.3,232060
2021-06-22 09:55:22,1776.3,232060
2021-06-22 09:55:23,1776.2,232143
2021-06-22 09:55:24,1776.2,232143
2021-06-22 09:55:25,1776.7,232179
2021-06-22 09:55:26,1776.7,232179
2021-06-22 09:55:27,1776.0,232667
2021-06-22 09:55:28,1776.0,232667
2021-06-22 09:55:29,1776.0,232722
2021-06-22 09:55:30,1776.0,232722
2021-06-22 09:55:31,1776.0,232722
2021-06-22 09:55:32,1776.9,233149
2021-06-22 09:55:34,1777.35,238140
2021-06-22 09:55:35,1777.4,238573
2021-06-22 09:55:36,1777.85,238576
2021-06-22 09:55:37,1777.95,238580
2021-06-22 09:55:38,1777.85,238654
2021-06-22 09:55:39,1777.95,238761
2021-06-22 09:55:40,1777.95,238761
2021-06-22 09:55:41,1777.95,238778
2021-06-22 09:55:42,1777.85,238967
2021-06-22 09:55:43,1777.95,239038
2021-06-22 09:55:44,1777.9,239054
2021-06-22 09:55:45,1777.9,239089
2021-06-22 09:55:46,1778.0,239203
2021-06-22 09:55:47,1777.85,239212
2021-06-22 09:55:49,1777.5,239239
2021-06-22 09:55:50,1778.2,239344
2021-06-22 09:55:51,1778.35,239363
2021-06-22 09:55:52,1778.35,239371
2021-06-22 09:55:53,1778.35,239422
2021-06-22 09:55:54,1778.35,239637
2021-06-22 09:55:56,1778.4,239658
2021-06-22 09:55:57,1777.85,239715
2021-06-22 09:55:58,1777.85,239730
2021-06-22 09:55:59,1777.85,239741
2021-06-22 09:56:00,1778.2,239764
2021-06-22 09:56:01,1778.2,240064
2021-06-22 09:56:02,1778.4,240265
2021-06-22 09:56:04,1778.25,240307
2021-06-22 09:56:05,1778.25,240308
2021-06-22 09:56:07,1778.0,240386
2021-06-22 09:56:08,1778.5,240392
2021-06-22 09:56:09,1778.5,240399
2021-06-22 09:56:10,1778.5,240399
2021-06-22 09:56:11,1778.5,240399
2021-06-22 09:56:12,1777.6,240909
2021-06-22 09:56:13,1777.6,240909
2021-06-22 09:56:14,1778.45,240953
2021-06-22 09:56:15,1778.0,241379
2021-06-22 09:56:16,1778.0,241451
2021-06-22 09:56:17,1778.0,241451
2021-06-22 09:56:18,1778.6,241505
2021-06-22 09:56:19,1778.6,241505
2021-06-22 09:56:20,1778.6,241829
2021-06-22 09:56:23,1778.75,242065
2021-06-22 09:56:24,1778.55,242087
2021-06-22 09:56:25,1778.6,242120
2021-06-22 09:56:26,1778.6,242124
2021-06-22 09:56:27,1778.6,242127
2021-06-22 09:56:28,1778.55,242128
2021-06-22 09:56:29,1778.55,242128
2021-06-22 09:56:30,1778.5,242149
2021-06-22 09:56:31,1778.5,242154
2021-06-22 09:56:32,1778.75,242185
2021-06-22 09:56:33,1778.75,242186
2021-06-22 09:56:34,1779.0,242205
2021-06-22 09:56:35,1778.25,242263
2021-06-22 09:56:36,1778.25,242263
2021-06-22 09:56:37,1778.25,242263
2021-06-22 09:56:38,1779.0,242335
2021-06-22 09:56:39,1779.0,242335
2021-06-22 09:56:40,1778.95,242340
2021-06-22 09:56:41,1778.95,242340
2021-06-22 09:56:42,1778.95,242340
2021-06-22 09:56:43,1778.95,242340
2021-06-22 09:56:44,1778.95,242340
2021-06-22 09:56:45,1779.0,242341
2021-06-22 09:56:46,1778.1,242351
2021-06-22 09:56:47,1779.0,242367
2021-06-22 09:56:48,1778.9,242500
2021-06-22 09:56:49,1778.15,242511
2021-06-22 09:56:50,1778.95,242618
2021-06-22 09:56:51,1778.95,242628
2021-06-22 09:56:52,1778.95,242637
2021-06-22 09:56:53,1778.95,242689
2021-06-22 09:56:54,1778.85,242694
2021-06-22 09:56:55,1778.4,242719
2021-06-22 09:56:56,1778.4,242719
2021-06-22 09:56:57,1778.9,242836
2021-06-22 09:56:58,1778.85,242846
2021-06-22 09:56:59,1778.85,242846
2021-06-22 09:57:00,1778.85,242846
2021-06-22 09:57:01,1778.85,242846
2021-06-22 09:57:03,1778.4,242869
2021-06-22 09:57:04,1778.4,243219
2021-06-22 09:57:05,1778.8,243269
2021-06-22 09:57:06,1778.8,243336
2021-06-22 09:57:07,1778.6,243619
2021-06-22 09:57:08,1778.4,243651
2021-06-22 09:57:09,1778.95,243677
2021-06-22 09:57:10,1778.95,243677
2021-06-22 09:57:12,1779.0,243777
2021-06-22 09:57:12,1779.0,243777
2021-06-22 09:57:14,1779.0,243786
2021-06-22 09:57:15,1778.95,243828
2021-06-22 09:57:16,1778.95,243838
2021-06-22 09:57:17,1779.0,243843
2021-06-22 09:57:18,1779.0,243844
2021-06-22 09:57:19,1779.0,243844
2021-06-22 09:57:21,1778.55,243972
2021-06-22 09:57:23,1778.55,243981
2021-06-22 09:57:24,1778.55,244016
2021-06-22 09:57:25,1778.65,244178
2021-06-22 09:57:26,1778.65,244181
2021-06-22 09:57:28,1778.9,244778
2021-06-22 09:57:29,1778.9,244869
2021-06-22 09:57:30,1778.8,244904
2021-06-22 09:57:31,1778.65,244934
2021-06-22 09:57:32,1778.65,244937
2021-06-22 09:57:33,1778.65,244993
2021-06-22 09:57:34,1778.65,244993
2021-06-22 09:57:35,1778.7,245008
2021-06-22 09:57:36,1778.9,245024
2021-06-22 09:57:37,1778.9,245051
2021-06-22 09:57:38,1778.9,245052
2021-06-22 09:57:39,1779.0,245060
2021-06-22 09:57:40,1779.0,245060
2021-06-22 09:57:41,1779.0,245060
2021-06-22 09:57:42,1779.0,245060
2021-06-22 09:57:44,1778.95,245089
2021-06-22 09:57:44,1778.95,245137
2021-06-22 09:57:46,1778.95,245141
2021-06-22 09:57:47,1778.9,245152
2021-06-22 09:57:47,1778.9,245152
2021-06-22 09:57:48,1778.85,245153
2021-06-22 09:57:49,1778.5,245168
2021-06-22 09:57:50,1778.8,245169
2021-06-22 09:57:52,1778.85,245189
2021-06-22 09:57:53,1778.95,245290
2021-06-22 09:57:54,1779.0,245364
2021-06-22 09:57:55,1778.5,245511
2021-06-22 09:57:56,1779.0,245517
2021-06-22 09:57:57,1779.0,245529
2021-06-22 09:57:58,1779.0,245529
2021-06-22 09:57:59,1779.0,245530
2021-06-22 09:58:00,1779.0,245530
2021-06-22 09:58:02,1779.0,245530
2021-06-22 09:58:03,1779.0,245530
2021-06-22 09:58:04,1779.0,245530
2021-06-22 09:58:05,1778.85,245560
2021-06-22 09:58:05,1778.85,245560
2021-06-22 09:58:06,1778.95,245568
2021-06-22 09:58:07,1778.95,245570
2021-06-22 09:58:08,1778.95,245571
2021-06-22 09:58:09,1778.95,245571
2021-06-22 09:58:10,1778.95,245571
2021-06-22 09:58:11,1778.95,245571
2021-06-22 09:58:12,1778.95,245571
2021-06-22 09:58:13,1778.95,245571
2021-06-22 09:58:14,1778.95,245571
2021-06-22 09:58:15,1778.95,245571
2021-06-22 09:58:16,1778.95,245571
2021-06-22 09:58:17,1778.95,245571
2021-06-22 09:58:18,1778.85,246110
2021-06-22 09:58:19,1778.5,246148
2021-06-22 09:58:20,1778.4,246260
2021-06-22 09:58:21,1778.8,246261
2021-06-22 09:58:22,1778.95,246271
2021-06-22 09:58:23,1778.95,246303
2021-06-22 09:58:24,1779.0,246311
2021-06-22 09:58:26,1779.0,246480
2021-06-22 09:58:27,1779.0,246495
2021-06-22 09:58:28,1779.2,246962
2021-06-22 09:58:29,1779.2,246962
2021-06-22 09:58:30,1779.2,247002
2021-06-22 09:58:31,1779.35,247032
2021-06-22 09:58:32,1779.35,247035
2021-06-22 09:58:34,1779.35,247035
2021-06-22 09:58:35,1779.35,247035
2021-06-22 09:58:35,1779.35,247035
2021-06-22 09:58:36,1779.35,247052
2021-06-22 09:58:37,1779.35,247052
2021-06-22 09:58:38,1779.0,247252
2021-06-22 09:58:39,1779.0,247252
2021-06-22 09:58:40,1778.95,247444
2021-06-22 09:58:41,1778.85,247446
2021-06-22 09:58:42,1778.85,247461
2021-06-22 09:58:44,1778.85,247461
2021-06-22 09:58:45,1778.85,247461
2021-06-22 09:58:45,1778.85,247461
2021-06-22 09:58:46,1778.85,247501
2021-06-22 09:58:47,1778.85,247501
2021-06-22 09:58:48,1778.9,247561
2021-06-22 09:58:50,1778.8,247695
2021-06-22 09:58:51,1778.7,248423
2021-06-22 09:58:52,1779.2,248485
2021-06-22 09:58:54,1779.2,248485
2021-06-22 09:58:55,1779.2,248485
2021-06-22 09:58:55,1779.2,248485
2021-06-22 09:58:56,1779.2,248485
2021-06-22 09:58:57,1778.8,248510
2021-06-22 09:58:58,1779.2,248511
2021-06-22 09:58:59,1779.2,248513
2021-06-22 09:59:01,1779.2,248513
2021-06-22 09:59:02,1778.75,248613
2021-06-22 09:59:03,1778.45,248633
2021-06-22 09:59:04,1779.0,248636
2021-06-22 09:59:05,1778.45,248666
2021-06-22 09:59:06,1779.0,248816
2021-06-22 09:59:07,1779.05,248819
2021-06-22 09:59:08,1779.15,248832
2021-06-22 09:59:10,1778.4,248932
2021-06-22 09:59:11,1778.4,248932
2021-06-22 09:59:12,1779.0,248940
2021-06-22 09:59:12,1779.0,248940
2021-06-22 09:59:13,1779.0,248940
2021-06-22 09:59:14,1779.0,248940
2021-06-22 09:59:15,1779.0,248940
2021-06-22 09:59:17,1779.0,248970
2021-06-22 09:59:18,1779.0,248970
2021-06-22 09:59:18,1779.2,248973
2021-06-22 09:59:19,1779.2,248973
2021-06-22 09:59:20,1779.2,248973
2021-06-22 09:59:21,1779.2,249028
2021-06-22 09:59:22,1779.2,249031
2021-06-22 09:59:23,1779.15,249036
2021-06-22 09:59:24,1779.15,249036
2021-06-22 09:59:26,1779.2,249058
2021-06-22 09:59:27,1779.2,249061
2021-06-22 09:59:27,1779.2,249061
2021-06-22 09:59:28,1779.35,249088
2021-06-22 09:59:29,1779.35,249138
2021-06-22 09:59:30,1779.35,249164
2021-06-22 09:59:31,1779.35,249164
2021-06-22 09:59:32,1779.0,249175
2021-06-22 09:59:33,1779.0,249175
2021-06-22 09:59:34,1779.25,249237
2021-06-22 09:59:36,1779.25,249264
2021-06-22 09:59:37,1778.7,249384
2021-06-22 09:59:39,1778.7,249394
2021-06-22 09:59:40,1778.5,249404
2021-06-22 09:59:40,1778.5,249404
2021-06-22 09:59:42,1778.25,249681
2021-06-22 09:59:43,1779.05,249706
2021-06-22 09:59:44,1779.0,249756
2021-06-22 09:59:45,1779.0,249756
2021-06-22 09:59:46,1779.05,249760
2021-06-22 09:59:47,1778.45,249761
2021-06-22 09:59:48,1778.45,249761
2021-06-22 09:59:50,1779.0,249766
2021-06-22 09:59:51,1778.9,249783
2021-06-22 09:59:52,1778.45,249790
2021-06-22 09:59:53,1778.45,249799
2021-06-22 09:59:54,1778.8,249835
2021-06-22 09:59:55,1778.75,249856
2021-06-22 09:59:55,1778.75,249856
2021-06-22 09:59:57,1778.75,249868
2021-06-22 09:59:58,1778.75,249868
2021-06-22 09:59:59,1778.85,249869
2021-06-22 10:00:00,1778.9,249871
2021-06-22 10:00:01,1778.9,249871
2021-06-22 10:00:02,1779.0,249872
2021-06-22 10:00:04,1779.0,249872
2021-06-22 10:00:05,1779.0,249872
2021-06-22 10:00:05,1779.0,249872
2021-06-22 10:00:06,1779.0,249888
2021-06-22 10:00:07,1779.0,249888
2021-06-22 10:00:08,1778.5,249989
2021-06-22 10:00:09,1778.5,249989
2021-06-22 10:00:10,1778.5,250000
2021-06-22 10:00:11,1778.95,250005
2021-06-22 10:00:12,1778.95,250005
2021-06-22 10:00:13,1778.95,250006
2021-06-22 10:00:14,1778.95,250006
2021-06-22 10:00:15,1778.95,250104
2021-06-22 10:00:17,1778.95,250118
2021-06-22 10:00:18,1778.95,250118
2021-06-22 10:00:19,1778.95,250119
2021-06-22 10:00:19,1778.95,250119
2021-06-22 10:00:20,1778.85,250153
2021-06-22 10:00:21,1778.8,250172
2021-06-22 10:00:22,1778.8,250173
2021-06-22 10:00:23,1778.8,250173
2021-06-22 10:00:24,1778.8,250183
2021-06-22 10:00:25,1778.95,250214
2021-06-22 10:00:27,1778.95,250217
2021-06-22 10:00:28,1778.95,250287
2021-06-22 10:00:28,1778.95,250287
2021-06-22 10:00:29,1778.95,250287
2021-06-22 10:00:30,1778.95,250293
2021-06-22 10:00:31,1778.95,250299
2021-06-22 10:00:33,1778.95,250299
2021-06-22 10:00:34,1778.95,250299
2021-06-22 10:00:35,1779.0,250331
2021-06-22 10:00:36,1778.95,250350
2021-06-22 10:00:37,1778.95,250371
2021-06-22 10:00:39,1778.95,250374
2021-06-22 10:00:41,1778.95,250399
2021-06-22 10:00:42,1778.95,250399
2021-06-22 10:00:43,1778.95,250401
2021-06-22 10:00:44,1778.95,250401
2021-06-22 10:00:45,1779.0,250471
2021-06-22 10:00:46,1778.95,250581
2021-06-22 10:00:47,1778.95,250586
2021-06-22 10:00:48,1778.95,250586
2021-06-22 10:00:49,1778.95,250596
2021-06-22 10:00:51,1778.95,250612
2021-06-22 10:00:51,1778.95,250612
2021-06-22 10:00:52,1779.0,251066
2021-06-22 10:00:55,1779.0,251338
2021-06-22 10:00:56,1779.0,251338
2021-06-22 10:00:57,1779.0,251358
2021-06-22 10:00:57,1778.95,251408
2021-06-22 10:00:58,1778.95,251408
2021-06-22 10:00:59,1779.0,251432
2021-06-22 10:01:00,1779.0,251432
2021-06-22 10:01:01,1779.0,251534
2021-06-22 10:01:02,1779.0,251534
2021-06-22 10:01:03,1778.5,251693
2021-06-22 10:01:04,1779.0,251701
2021-06-22 10:01:05,1778.9,251714
2021-06-22 10:01:07,1778.8,251716
2021-06-22 10:01:08,1778.8,251717
2021-06-22 10:01:09,1778.8,251717
2021-06-22 10:01:11,1777.6,253437
2021-06-22 10:01:12,1777.45,253640
2021-06-22 10:01:13,1777.6,253786
2021-06-22 10:01:14,1777.75,253802
2021-06-22 10:01:15,1777.75,253802
2021-06-22 10:01:16,1777.5,253804
2021-06-22 10:01:17,1777.5,253804
2021-06-22 10:01:18,1777.5,253804
2021-06-22 10:01:19,1777.5,253804
2021-06-22 10:01:20,1777.5,253804
2021-06-22 10:01:21,1777.6,253902
2021-06-22 10:01:22,1777.6,253902
2021-06-22 10:01:22,1777.6,253902
2021-06-22 10:01:24,1777.2,253913
2021-06-22 10:01:26,1777.2,253913
2021-06-22 10:01:27,1777.2,253913
2021-06-22 10:01:28,1777.2,253913
2021-06-22 10:01:29,1777.2,253913
2021-06-22 10:01:31,1777.2,253913
2021-06-22 10:01:32,1777.2,253913
2021-06-22 10:01:34,1777.2,253913
2021-06-22 10:01:35,1777.8,253928
2021-06-22 10:01:36,1778.0,253944
2021-06-22 10:01:37,1777.2,253957
2021-06-22 10:01:37,1777.2,253957
2021-06-22 10:01:38,1777.9,253959
2021-06-22 10:01:39,1777.9,253959
2021-06-22 10:01:40,1777.9,253959
2021-06-22 10:01:41,1777.9,253959
2021-06-22 10:01:42,1777.3,254059
2021-06-22 10:01:43,1777.3,254059
2021-06-22 10:01:44,1777.6,254061
2021-06-22 10:01:46,1777.6,254061
2021-06-22 10:01:46,1777.6,254061
2021-06-22 10:01:48,1777.95,254081
2021-06-22 10:01:50,1777.95,254083
2021-06-22 10:01:51,1778.1,254087
2021-06-22 10:01:52,1778.1,254087
2021-06-22 10:01:53,1778.1,254087
2021-06-22 10:01:54,1778.1,254087
2021-06-22 10:01:55,1778.1,254087
2021-06-22 10:01:56,1778.25,254090
2021-06-22 10:01:58,1778.0,254143
2021-06-22 10:01:58,1778.0,254144
2021-06-22 10:02:00,1778.0,254144
2021-06-22 10:02:01,1778.0,254164
2021-06-22 10:02:02,1777.65,254177
2021-06-22 10:02:02,1778.0,254178
2021-06-22 10:02:03,1777.95,254200
2021-06-22 10:02:04,1778.0,254221
2021-06-22 10:02:05,1778.0,254239
2021-06-22 10:02:07,1778.0,254242
2021-06-22 10:02:08,1778.0,254243
2021-06-22 10:02:09,1777.5,254379
2021-06-22 10:02:11,1777.95,254390
2021-06-22 10:02:12,1778.0,254442
2021-06-22 10:02:13,1778.0,254583
2021-06-22 10:02:14,1778.0,254649
2021-06-22 10:02:15,1778.0,254736
2021-06-22 10:02:16,1778.0,254743
2021-06-22 10:02:18,1778.0,254743
2021-06-22 10:02:19,1778.0,254743
2021-06-22 10:02:20,1777.45,254768
2021-06-22 10:02:21,1778.0,254789
2021-06-22 10:02:22,1778.0,254791
2021-06-22 10:02:23,1778.0,254804
2021-06-22 10:02:24,1778.0,254887
2021-06-22 10:02:24,1777.55,254938
2021-06-22 10:02:26,1778.0,254980
2021-06-22 10:02:27,1778.05,254983
2021-06-22 10:02:28,1778.05,254983
2021-06-22 10:02:29,1778.35,255013
2021-06-22 10:02:30,1778.45,255015
2021-06-22 10:02:31,1778.75,255023
2021-06-22 10:02:32,1778.65,255024
2021-06-22 10:02:33,1778.65,255024
2021-06-22 10:02:35,1778.0,255029
2021-06-22 10:02:36,1778.75,255045
2021-06-22 10:02:37,1778.75,255056
2021-06-22 10:02:38,1778.55,255058
2021-06-22 10:02:39,1778.0,255118
2021-06-22 10:02:40,1778.0,255118
2021-06-22 10:02:40,1778.0,255308
2021-06-22 10:02:42,1778.45,255340
2021-06-22 10:02:43,1778.45,255340
2021-06-22 10:02:44,1778.45,255340
2021-06-22 10:02:45,1778.45,255340
2021-06-22 10:02:46,1778.45,255340
2021-06-22 10:02:46,1778.45,255340
2021-06-22 10:02:47,1778.45,255340
2021-06-22 10:02:48,1778.0,255740
2021-06-22 10:02:49,1778.0,255740
2021-06-22 10:02:50,1778.5,255769
2021-06-22 10:02:51,1778.45,255785
2021-06-22 10:02:52,1778.5,255786
2021-06-22 10:02:53,1778.55,256286
2021-06-22 10:02:54,1778.75,256330
2021-06-22 10:02:56,1778.4,256336
2021-06-22 10:02:58,1778.4,256336
2021-06-22 10:02:59,1778.4,256336
2021-06-22 10:03:00,1778.4,256336
2021-06-22 10:03:02,1778.4,256336
2021-06-22 10:03:03,1778.0,256433
2021-06-22 10:03:04,1778.0,256433
2021-06-22 10:03:05,1778.45,256436
2021-06-22 10:03:07,1778.0,256477
2021-06-22 10:03:07,1778.0,256477
2021-06-22 10:03:08,1778.4,256481
2021-06-22 10:03:10,1778.4,256481
2021-06-22 10:03:11,1778.4,256481
2021-06-22 10:03:12,1778.4,256481
2021-06-22 10:03:13,1778.4,256481
2021-06-22 10:03:14,1778.4,256481
2021-06-22 10:03:14,1778.4,256481
2021-06-22 10:03:15,1778.4,256506
2021-06-22 10:03:17,1778.4,256510
2021-06-22 10:03:18,1778.4,256510
2021-06-22 10:03:19,1778.4,256510
2021-06-22 10:03:19,1778.4,256510
2021-06-22 10:03:20,1778.5,256597
2021-06-22 10:03:21,1778.5,256597
2021-06-22 10:03:23,1778.5,256605
2021-06-22 10:03:24,1778.1,257035
2021-06-22 10:03:25,1778.1,257035
2021-06-22 10:03:26,1778.45,257071
2021-06-22 10:03:27,1778.45,257071
2021-06-22 10:03:28,1778.5,257460
2021-06-22 10:03:29,1778.5,257460
2021-06-22 10:03:30,1778.5,257494
2021-06-22 10:03:31,1778.5,257494
2021-06-22 10:03:32,1778.95,257654
2021-06-22 10:03:34,1779.0,257668
2021-06-22 10:03:35,1778.5,257673
2021-06-22 10:03:35,1778.5,257690
2021-06-22 10:03:37,1778.4,257702
2021-06-22 10:03:39,1778.4,257702
2021-06-22 10:03:40,1778.5,257707
2021-06-22 10:03:41,1778.5,257707
2021-06-22 10:03:43,1778.4,257813
2021-06-22 10:03:44,1778.4,257813
2021-06-22 10:03:45,1778.5,257822
2021-06-22 10:03:46,1778.5,257822
2021-06-22 10:03:47,1778.5,257822
2021-06-22 10:03:48,1778.5,257822
2021-06-22 10:03:48,1778.5,257822
2021-06-22 10:03:51,1778.5,257854
2021-06-22 10:03:52,1778.5,257855
2021-06-22 10:03:52,1778.5,257855
2021-06-22 10:03:54,1778.5,257857
2021-06-22 10:03:55,1778.5,257859
2021-06-22 10:03:56,1778.5,257859
2021-06-22 10:03:57,1778.5,257859
2021-06-22 10:03:58,1778.4,257892
2021-06-22 10:03:59,1778.5,257893
2021-06-22 10:04:00,1778.5,257896
2021-06-22 10:04:01,1778.5,257906
2021-06-22 10:04:02,1778.5,257906
2021-06-22 10:04:03,1778.5,257941
2021-06-22 10:04:05,1778.5,257941
2021-06-22 10:04:06,1778.5,257965
2021-06-22 10:04:07,1778.5,257965
2021-06-22 10:04:08,1778.5,257967
2021-06-22 10:04:09,1778.5,257967
2021-06-22 10:04:10,1778.5,257967
2021-06-22 10:04:11,1778.4,257969
2021-06-22 10:04:12,1778.4,257969
2021-06-22 10:04:13,1778.4,257969
2021-06-22 10:04:14,1778.5,257999
2021-06-22 10:04:15,1778.5,257999
2021-06-22 10:04:15,1778.5,258001
2021-06-22 10:04:16,1778.5,258001
2021-06-22 10:04:17,1778.5,258002
2021-06-22 10:04:18,1778.5,258002
2021-06-22 10:04:19,1778.5,258002
2021-06-22 10:04:20,1778.5,258019
2021-06-22 10:04:21,1778.5,258021
2021-06-22 10:04:23,1778.5,258021
2021-06-22 10:04:24,1778.5,258021
2021-06-22 10:04:26,1778.5,258021
2021-06-22 10:04:27,1778.5,258026
2021-06-22 10:04:28,1778.4,258046
2021-06-22 10:04:28,1778.5,258036
2021-06-22 10:04:30,1778.4,258085
2021-06-22 10:04:31,1778.4,258085
2021-06-22 10:04:32,1778.5,258285
2021-06-22 10:04:33,1778.5,258307
2021-06-22 10:04:34,1778.55,258873
2021-06-22 10:04:35,1779.0,258938
2021-06-22 10:04:36,1778.5,258964
2021-06-22 10:04:37,1778.5,258996
2021-06-22 10:04:38,1778.5,259003
2021-06-22 10:04:39,1778.4,259011
2021-06-22 10:04:41,1778.5,259013
2021-06-22 10:04:42,1778.5,259013
2021-06-22 10:04:43,1778.5,259013
2021-06-22 10:04:44,1778.5,259014
2021-06-22 10:04:44,1778.5,259014
2021-06-22 10:04:45,1778.5,259014
2021-06-22 10:04:46,1779.0,259024
2021-06-22 10:04:47,1779.0,259024
2021-06-22 10:04:50,1778.85,259277
2021-06-22 10:04:50,1778.95,260120
2021-06-22 10:04:51,1779.05,260251
2021-06-22 10:04:53,1779.15,260256
2021-06-22 10:04:54,1779.15,260256
2021-06-22 10:04:55,1779.15,260256
2021-06-22 10:04:56,1779.15,260306
2021-06-22 10:04:57,1779.1,260346
2021-06-22 10:04:58,1779.1,260350
2021-06-22 10:04:59,1779.35,260430
2021-06-22 10:05:00,1778.5,260830
2021-06-22 10:05:01,1778.5,260830
2021-06-22 10:05:02,1778.5,260830
2021-06-22 10:05:03,1779.1,260864
2021-06-22 10:05:04,1779.1,260865
2021-06-22 10:05:05,1779.1,260865
2021-06-22 10:05:06,1779.1,261186
2021-06-22 10:05:07,1779.25,261197
2021-06-22 10:05:08,1779.3,261225
2021-06-22 10:05:09,1778.7,261230
2021-06-22 10:05:11,1778.65,261364
2021-06-22 10:05:12,1779.2,261367
2021-06-22 10:05:15,1778.65,261407
2021-06-22 10:05:16,1778.65,261407
2021-06-22 10:05:17,1779.25,261420
2021-06-22 10:05:18,1778.7,261472
2021-06-22 10:05:19,1778.65,261491
2021-06-22 10:05:20,1778.6,261528
2021-06-22 10:05:21,1778.7,261601
2021-06-22 10:05:22,1778.5,261626
2021-06-22 10:05:23,1779.0,261633
2021-06-22 10:05:23,1779.0,261633
2021-06-22 10:05:24,1779.05,261634
2021-06-22 10:05:25,1779.15,261637
2021-06-22 10:05:27,1778.0,262215
2021-06-22 10:05:30,1778.75,262424
2021-06-22 10:05:31,1778.75,262424
2021-06-22 10:05:32,1778.75,262424
2021-06-22 10:05:33,1778.75,262424
2021-06-22 10:05:34,1778.9,262432
2021-06-22 10:05:35,1778.2,262448
2021-06-22 10:05:36,1779.0,262540
2021-06-22 10:05:37,1779.0,262540
2021-06-22 10:05:38,1779.0,262540
2021-06-22 10:05:39,1779.1,262669
2021-06-22 10:05:40,1779.0,262725
2021-06-22 10:05:41,1778.85,262732
2021-06-22 10:05:42,1779.0,262737
2021-06-22 10:05:43,1779.0,262743
2021-06-22 10:05:44,1779.0,262747
2021-06-22 10:05:45,1779.0,262747
2021-06-22 10:05:46,1779.0,262797
2021-06-22 10:05:47,1779.0,262797
2021-06-22 10:05:48,1779.0,262857
2021-06-22 10:05:49,1779.0,262862
2021-06-22 10:05:50,1779.0,262877
2021-06-22 10:05:51,1779.0,262965
2021-06-22 10:05:52,1779.0,263081
2021-06-22 10:05:53,1779.0,263088
2021-06-22 10:05:55,1779.0,263099
2021-06-22 10:05:56,1778.85,263204
2021-06-22 10:05:57,1779.0,263314
2021-06-22 10:05:59,1779.35,263382
2021-06-22 10:06:00,1779.35,263383
2021-06-22 10:06:01,1779.5,263839
2021-06-22 10:06:02,1779.5,263839
2021-06-22 10:06:03,1779.5,263889
2021-06-22 10:06:06,1779.5,263994
2021-06-22 10:06:07,1779.5,263994
2021-06-22 10:06:08,1778.75,264092
2021-06-22 10:06:09,1779.15,264107
2021-06-22 10:06:11,1779.0,264108
2021-06-22 10:06:12,1779.0,264108
2021-06-22 10:06:13,1779.0,264137
2021-06-22 10:06:14,1779.0,264137
2021-06-22 10:06:15,1779.0,264139
2021-06-22 10:06:16,1778.5,264164
2021-06-22 10:06:17,1778.5,264164
2021-06-22 10:06:18,1779.0,264167
2021-06-22 10:06:19,1779.0,264171
2021-06-22 10:06:20,1779.0,264193
2021-06-22 10:06:21,1779.0,264193
2021-06-22 10:06:22,1779.0,264195
2021-06-22 10:06:23,1778.5,264221
2021-06-22 10:06:24,1778.5,264221
2021-06-22 10:06:25,1779.0,264223
2021-06-22 10:06:26,1779.0,264223
2021-06-22 10:06:27,1779.0,264223
2021-06-22 10:06:28,1779.0,264223
2021-06-22 10:06:30,1778.15,264404
2021-06-22 10:06:31,1778.15,264404
2021-06-22 10:06:33,1779.0,264447
2021-06-22 10:06:34,1779.0,264447
2021-06-22 10:06:36,1779.0,264464
2021-06-22 10:06:37,1779.0,264464
2021-06-22 10:06:38,1778.45,264525
2021-06-22 10:06:39,1779.0,264575
2021-06-22 10:06:41,1779.0,264593
2021-06-22 10:06:42,1779.0,264593
2021-06-22 10:06:43,1779.0,264594
2021-06-22 10:06:44,1779.0,264594
2021-06-22 10:06:45,1779.0,264594
2021-06-22 10:06:46,1779.0,264594
2021-06-22 10:06:47,1779.0,264676
2021-06-22 10:06:48,1779.0,264676
2021-06-22 10:06:49,1779.5,264733
2021-06-22 10:06:50,1779.5,264737
2021-06-22 10:06:52,1779.5,264753
2021-06-22 10:06:53,1779.5,264757
2021-06-22 10:06:54,1779.5,264757
2021-06-22 10:06:55,1779.1,264782
2021-06-22 10:06:56,1779.5,264934
2021-06-22 10:06:57,1779.5,264949
2021-06-22 10:06:58,1779.5,264949
2021-06-22 10:06:59,1779.5,264949
2021-06-22 10:07:00,1779.5,264949
2021-06-22 10:07:01,1779.5,264949
2021-06-22 10:07:02,1779.5,264949
2021-06-22 10:07:03,1779.5,264949
2021-06-22 10:07:04,1779.5,264949
2021-06-22 10:07:05,1779.5,264949
2021-06-22 10:07:06,1779.5,264966
2021-06-22 10:07:07,1779.5,264986
2021-06-22 10:07:08,1779.5,264988
2021-06-22 10:07:09,1779.5,264989
2021-06-22 10:07:10,1779.5,265039
2021-06-22 10:07:11,1779.5,265039
2021-06-22 10:07:13,1779.5,265044
2021-06-22 10:07:14,1779.5,265044
2021-06-22 10:07:15,1779.5,265045
2021-06-22 10:07:16,1779.5,265095
2021-06-22 10:07:18,1779.15,265209
2021-06-22 10:07:19,1779.5,265220
2021-06-22 10:07:20,1779.5,265220
2021-06-22 10:07:21,1779.5,265238
2021-06-22 10:07:22,1779.55,265715
2021-06-22 10:07:23,1779.55,265715
2021-06-22 10:07:24,1779.55,265715
2021-06-22 10:07:25,1779.55,265715
2021-06-22 10:07:26,1779.8,265772
2021-06-22 10:07:28,1779.85,265777
2021-06-22 10:07:29,1779.85,265777
2021-06-22 10:07:30,1779.5,265852
2021-06-22 10:07:31,1779.85,265862
2021-06-22 10:07:32,1779.85,265862
2021-06-22 10:07:34,1780.75,266498
2021-06-22 10:07:35,1779.4,267298
2021-06-22 10:07:36,1779.4,267298
2021-06-22 10:07:37,1779.4,267298
2021-06-22 10:07:38,1780.0,267798
2021-06-22 10:07:39,1780.0,267798
2021-06-22 10:07:40,1780.25,267819
2021-06-22 10:07:41,1779.65,267960
2021-06-22 10:07:42,1780.25,268030
2021-06-22 10:07:43,1780.25,268030
2021-06-22 10:07:45,1780.1,268083
2021-06-22 10:07:46,1779.65,268116
2021-06-22 10:07:47,1779.65,268116
2021-06-22 10:07:48,1779.65,268116
2021-06-22 10:07:49,1780.25,268131
2021-06-22 10:07:50,1780.5,268134
2021-06-22 10:07:51,1780.5,268134
2021-06-22 10:07:52,1780.5,268134
2021-06-22 10:07:53,1780.5,268134
2021-06-22 10:07:54,1780.45,268142
2021-06-22 10:07:55,1780.45,268142
2021-06-22 10:07:56,1780.45,268142
2021-06-22 10:07:58,1780.4,268545
2021-06-22 10:07:59,1780.4,268545
2021-06-22 10:08:00,1780.4,268545
2021-06-22 10:08:01,1780.4,268545
2021-06-22 10:08:02,1780.4,268545
2021-06-22 10:08:04,1780.4,268545
2021-06-22 10:08:05,1780.4,268545
2021-06-22 10:08:06,1779.95,268561
2021-06-22 10:08:07,1779.95,268561
2021-06-22 10:08:08,1779.95,268601
2021-06-22 10:08:09,1779.95,268611
2021-06-22 10:08:10,1780.25,268631
2021-06-22 10:08:11,1780.25,268631
2021-06-22 10:08:13,1780.25,268631
2021-06-22 10:08:14,1780.25,268641
2021-06-22 10:08:14,1780.25,268641
2021-06-22 10:08:16,1780.25,268642
2021-06-22 10:08:17,1780.25,268642
2021-06-22 10:08:18,1780.25,268655
2021-06-22 10:08:19,1780.25,268655
2021-06-22 10:08:21,1780.1,268731
2021-06-22 10:08:22,1780.25,268734
2021-06-22 10:08:23,1779.6,268853
2021-06-22 10:08:24,1779.6,268948
2021-06-22 10:08:25,1779.6,268948
2021-06-22 10:08:26,1780.0,268950
2021-06-22 10:08:28,1780.0,268956
2021-06-22 10:08:29,1780.0,268956
2021-06-22 10:08:30,1780.0,268999
2021-06-22 10:08:31,1780.0,269004
2021-06-22 10:08:33,1780.0,269004
2021-06-22 10:08:34,1780.0,269004
2021-06-22 10:08:35,1780.0,269004
2021-06-22 10:08:36,1780.0,269021
2021-06-22 10:08:37,1780.0,269021
2021-06-22 10:08:38,1780.0,269021
2021-06-22 10:08:40,1780.0,269021
2021-06-22 10:08:41,1780.0,269027
2021-06-22 10:08:42,1780.0,269027
2021-06-22 10:08:43,1780.0,269037
2021-06-22 10:08:44,1780.0,269143
2021-06-22 10:08:46,1780.0,269143
2021-06-22 10:08:46,1780.0,269143
2021-06-22 10:08:47,1780.0,269143
2021-06-22 10:08:48,1780.0,269143
2021-06-22 10:08:49,1780.0,269156
2021-06-22 10:08:50,1780.0,269256
2021-06-22 10:08:51,1780.0,269282
2021-06-22 10:08:52,1780.0,269282
2021-06-22 10:08:54,1780.0,269282
2021-06-22 10:08:55,1780.0,269297
2021-06-22 10:08:57,1780.0,269312
2021-06-22 10:08:58,1780.0,269401
2021-06-22 10:08:59,1780.0,269421
2021-06-22 10:09:01,1780.0,269421
2021-06-22 10:09:02,1780.0,269511
2021-06-22 10:09:03,1780.0,269516
2021-06-22 10:09:04,1780.0,269516
2021-06-22 10:09:05,1780.0,269532
2021-06-22 10:09:06,1780.0,269564
2021-06-22 10:09:08,1779.35,269764
2021-06-22 10:09:08,1779.35,269764
2021-06-22 10:09:10,1779.9,269765
2021-06-22 10:09:11,1779.9,269765
2021-06-22 10:09:12,1779.55,269993
2021-06-22 10:09:13,1779.55,269994
2021-06-22 10:09:14,1779.6,269999
2021-06-22 10:09:15,1779.6,270002
2021-06-22 10:09:16,1779.6,270002
2021-06-22 10:09:17,1779.6,270002
2021-06-22 10:09:18,1779.85,270022
2021-06-22 10:09:19,1779.85,270022
2021-06-22 10:09:20,1779.95,270089
2021-06-22 10:09:21,1779.8,270225
2021-06-22 10:09:22,1779.85,270227
2021-06-22 10:09:23,1777.95,273984
2021-06-22 10:09:25,1778.35,274473
2021-06-22 10:09:26,1778.75,274586
2021-06-22 10:09:27,1778.7,274833
2021-06-22 10:09:28,1779.35,274933
2021-06-22 10:09:29,1779.35,275051
2021-06-22 10:09:30,1779.4,275121
2021-06-22 10:09:31,1779.5,275176
2021-06-22 10:09:33,1778.25,275456
2021-06-22 10:09:34,1778.35,275466
2021-06-22 10:09:36,1778.3,275490
2021-06-22 10:09:37,1778.5,275491
2021-06-22 10:09:38,1778.6,275493
2021-06-22 10:09:41,1778.5,275751
2021-06-22 10:09:42,1778.5,275751
2021-06-22 10:09:43,1778.5,275773
2021-06-22 10:09:44,1778.8,275803
2021-06-22 10:09:45,1778.8,275803
2021-06-22 10:09:46,1779.0,275806
2021-06-22 10:09:47,1779.0,275845
