timestamp,ltp,volume
2021-06-22 09:16:26,17614.3,1087
2021-06-22 09:16:38,17600.0,1307
2021-06-22 09:16:45,17600.0,1352
2021-06-22 09:16:57,17590.0,1399
2021-06-22 09:17:03,17597.25,1411
2021-06-22 09:17:09,17585.2,1414
2021-06-22 09:17:16,17592.45,1449
2021-06-22 09:17:22,17573.3,1536
2021-06-22 09:17:28,17570.5,1643
2021-06-22 09:17:34,17588.15,1711
2021-06-22 09:17:40,17575.3,1722
2021-06-22 09:17:52,17577.0,1768
2021-06-22 09:17:59,17579.0,1781
2021-06-22 09:18:05,17585.3,1791
2021-06-22 09:18:11,17575.05,1810
2021-06-22 09:18:17,17576.4,1844
2021-06-22 09:18:23,17596.5,1895
2021-06-22 09:18:29,17577.8,1906
2021-06-22 09:18:35,17600.0,2112
2021-06-22 09:18:41,17589.8,2153
2021-06-22 09:18:47,17585.0,2176
2021-06-22 09:18:53,17579.95,2184
2021-06-22 09:19:05,17600.0,2212
2021-06-22 09:19:11,17581.0,2216
2021-06-22 09:19:17,17591.2,2217
2021-06-22 09:19:23,17598.85,2223
2021-06-22 09:19:29,17595.55,2224
2021-06-22 09:19:34,17588.7,2235
2021-06-22 09:19:40,17605.15,2241
2021-06-22 09:19:46,17600.0,2245
2021-06-22 09:19:52,17605.1,2246
2021-06-22 09:19:58,17633.65,2264
2021-06-22 09:20:04,17630.05,2281
2021-06-22 09:20:09,17630.05,2283
2021-06-22 09:20:15,17620.0,2329
2021-06-22 09:20:21,17606.75,2344
2021-06-22 09:20:26,17615.95,2351
2021-06-22 09:20:32,17615.95,2353
2021-06-22 09:20:38,17615.95,2353
2021-06-22 09:20:44,17624.75,2363
2021-06-22 09:20:50,17624.75,2363
2021-06-22 09:20:55,17624.0,2368
2021-06-22 09:21:01,17624.0,2368
2021-06-22 09:21:07,17624.0,2373
2021-06-22 09:21:12,17616.45,2375
2021-06-22 09:21:18,17629.15,2383
2021-06-22 09:21:24,17629.6,2389
2021-06-22 09:21:30,17629.6,2389
2021-06-22 09:21:35,17629.6,2389
2021-06-22 09:21:38,17624.0,2399
2021-06-22 09:21:39,17624.0,2399
2021-06-22 09:21:40,17624.05,2400
2021-06-22 09:21:41,17629.6,2401
2021-06-22 09:21:42,17629.6,2401
2021-06-22 09:21:43,17629.6,2404
2021-06-22 09:21:44,17629.6,2404
2021-06-22 09:21:45,17629.6,2404
2021-06-22 09:21:46,17629.6,2404
2021-06-22 09:21:47,17629.6,2404
2021-06-22 09:21:48,17624.1,2409
2021-06-22 09:21:49,17624.1,2409
2021-06-22 09:21:50,17624.1,2409
2021-06-22 09:21:53,17624.1,2409
2021-06-22 09:21:55,17629.0,2410
2021-06-22 09:21:56,17629.0,2411
2021-06-22 09:21:57,17624.1,2414
2021-06-22 09:21:58,17624.1,2415
2021-06-22 09:22:01,17624.1,2416
2021-06-22 09:22:02,17624.1,2416
2021-06-22 09:22:03,17624.1,2416
2021-06-22 09:22:03,17624.1,2416
2021-06-22 09:22:04,17629.0,2417
2021-06-22 09:22:07,17624.1,2421
2021-06-22 09:22:08,17624.1,2422
2021-06-22 09:22:08,17624.1,2422
2021-06-22 09:22:09,17624.1,2426
2021-06-22 09:22:11,17600.0,2550
2021-06-22 09:22:13,17600.0,2562
2021-06-22 09:22:14,17600.0,2562
2021-06-22 09:22:15,17600.0,2592
2021-06-22 09:22:19,17600.0,2596
2021-06-22 09:22:20,17606.0,2597
2021-06-22 09:22:21,17606.0,2597
2021-06-22 09:22:22,17606.0,2597
2021-06-22 09:22:23,17606.0,2597
2021-06-22 09:22:24,17600.0,2598
2021-06-22 09:22:25,17600.0,2598
2021-06-22 09:22:26,17600.0,2605
2021-06-22 09:22:28,17600.0,2605
2021-06-22 09:22:29,17600.0,2605
2021-06-22 09:22:30,17600.0,2605
2021-06-22 09:22:31,17600.0,2605
2021-06-22 09:22:32,17600.0,2606
2021-06-22 09:22:34,17611.2,2626
2021-06-22 09:22:35,17611.2,2626
2021-06-22 09:22:36,17602.4,2627
2021-06-22 09:22:37,17602.4,2627
2021-06-22 09:22:38,17602.4,2627
2021-06-22 09:22:39,17602.0,2628
2021-06-22 09:22:40,17611.6,2631
2021-06-22 09:22:42,17611.6,2631
2021-06-22 09:22:43,17611.6,2631
2021-06-22 09:22:44,17611.6,2631
2021-06-22 09:22:45,17611.6,2631
2021-06-22 09:22:46,17601.0,2632
2021-06-22 09:22:47,17601.0,2632
2021-06-22 09:22:50,17601.0,2633
2021-06-22 09:22:53,17601.0,2643
2021-06-22 09:22:55,17601.0,2644
2021-06-22 09:22:56,17601.0,2644
2021-06-22 09:22:57,17601.0,2644
2021-06-22 09:22:59,17605.35,2660
2021-06-22 09:23:00,17600.1,2662
2021-06-22 09:23:01,17600.1,2662
2021-06-22 09:23:02,17600.1,2662
2021-06-22 09:23:03,17600.1,2662
2021-06-22 09:23:04,17600.1,2662
2021-06-22 09:23:05,17600.1,2662
2021-06-22 09:23:06,17600.1,2662
2021-06-22 09:23:08,17600.1,2662
2021-06-22 09:23:10,17600.1,2662
2021-06-22 09:23:11,17605.35,2664
2021-06-22 09:23:13,17605.35,2664
2021-06-22 09:23:14,17605.35,2666
2021-06-22 09:23:15,17605.35,2667
2021-06-22 09:23:16,17605.35,2667
2021-06-22 09:23:18,17605.0,2668
2021-06-22 09:23:19,17605.0,2668
2021-06-22 09:23:21,17605.0,2668
2021-06-22 09:23:22,17605.0,2668
2021-06-22 09:23:23,17601.15,2674
2021-06-22 09:23:24,17601.15,2674
2021-06-22 09:23:25,17601.15,2676
2021-06-22 09:23:26,17601.15,2676
2021-06-22 09:23:27,17601.15,2676
2021-06-22 09:23:28,17601.15,2676
2021-06-22 09:23:29,17604.6,2682
2021-06-22 09:23:30,17600.0,2686
2021-06-22 09:23:31,17600.8,2699
2021-06-22 09:23:32,17600.0,2702
2021-06-22 09:23:33,17600.0,2702
2021-06-22 09:23:34,17602.0,2710
2021-06-22 09:23:35,17609.2,2714
2021-06-22 09:23:36,17595.3,2783
2021-06-22 09:23:37,17595.3,2785
2021-06-22 09:23:38,17603.5,2788
2021-06-22 09:23:39,17595.3,2793
2021-06-22 09:23:40,17596.0,2794
2021-06-22 09:23:41,17596.0,2794
2021-06-22 09:23:42,17594.25,2796
2021-06-22 09:23:44,17594.25,2796
2021-06-22 09:23:45,17594.2,2803
2021-06-22 09:23:47,17593.2,2805
2021-06-22 09:23:49,17593.2,2809
2021-06-22 09:23:50,17606.65,2817
2021-06-22 09:23:51,17606.65,2817
2021-06-22 09:23:52,17594.8,2820
2021-06-22 09:23:53,17594.8,2820
2021-06-22 09:23:54,17593.2,2822
2021-06-22 09:23:55,17593.2,2822
2021-06-22 09:23:56,17593.2,2823
2021-06-22 09:23:57,17594.8,2824
2021-06-22 09:23:58,17594.8,2824
2021-06-22 09:23:59,17594.8,2824
2021-06-22 09:24:01,17593.0,2827
2021-06-22 09:24:02,17593.0,2827
2021-06-22 09:24:04,17593.0,2827
2021-06-22 09:24:05,17593.0,2827
2021-06-22 09:24:06,17593.0,2838
2021-06-22 09:24:07,17593.0,2838
2021-06-22 09:24:08,17593.0,2838
2021-06-22 09:24:09,17593.0,2842
2021-06-22 09:24:10,17593.0,2842
2021-06-22 09:24:11,17593.0,2843
2021-06-22 09:24:12,17593.0,2843
2021-06-22 09:24:13,17593.0,2843
2021-06-22 09:24:14,17590.0,2925
2021-06-22 09:24:16,17585.9,2933
2021-06-22 09:24:18,17585.8,2937
2021-06-22 09:24:19,17585.8,2954
2021-06-22 09:24:21,17581.05,2963
2021-06-22 09:24:23,17571.0,3085
2021-06-22 09:24:24,17570.0,3096
2021-06-22 09:24:25,17570.0,3096
2021-06-22 09:24:26,17570.0,3109
2021-06-22 09:24:27,17569.4,3117
2021-06-22 09:24:28,17571.2,3128
2021-06-22 09:24:30,17577.4,3146
2021-06-22 09:24:32,17570.0,3156
2021-06-22 09:24:35,17570.0,3156
2021-06-22 09:24:38,17574.8,3158
2021-06-22 09:24:37,17574.8,3158
2021-06-22 09:24:39,17574.8,3158
2021-06-22 09:24:40,17574.8,3158
2021-06-22 09:24:41,17574.8,3158
2021-06-22 09:24:42,17574.8,3158
2021-06-22 09:24:43,17574.8,3158
2021-06-22 09:24:45,17577.25,3186
2021-06-22 09:24:45,17576.8,3187
2021-06-22 09:24:46,17576.8,3187
2021-06-22 09:24:47,17569.6,3245
2021-06-22 09:24:48,17566.25,3252
2021-06-22 09:24:50,17562.4,3257
2021-06-22 09:24:50,17566.05,3255
2021-06-22 09:24:51,17562.4,3264
2021-06-22 09:24:52,17562.2,3270
2021-06-22 09:24:53,17561.4,3271
2021-06-22 09:24:54,17560.0,3272
2021-06-22 09:24:55,17560.0,3274
2021-06-22 09:24:56,17560.0,3274
2021-06-22 09:24:57,17560.0,3278
2021-06-22 09:24:59,17560.0,3278
2021-06-22 09:24:59,17569.6,3279
2021-06-22 09:25:00,17569.6,3279
2021-06-22 09:25:01,17569.6,3279
2021-06-22 09:25:02,17569.6,3279
2021-06-22 09:25:03,17560.0,3286
2021-06-22 09:25:04,17568.4,3288
2021-06-22 09:25:05,17568.4,3288
2021-06-22 09:25:06,17568.4,3288
2021-06-22 09:25:07,17568.4,3290
2021-06-22 09:25:09,17560.0,3295
2021-06-22 09:25:11,17571.35,3353
2021-06-22 09:25:11,17571.35,3353
2021-06-22 09:25:12,17565.5,3358
2021-06-22 09:25:13,17565.5,3359
2021-06-22 09:25:15,17565.5,3359
2021-06-22 09:25:16,17566.85,3368
2021-06-22 09:25:16,17561.0,3374
2021-06-22 09:25:17,17560.4,3375
2021-06-22 09:25:18,17560.4,3376
2021-06-22 09:25:20,17571.95,3378
2021-06-22 09:25:20,17573.95,3379
2021-06-22 09:25:21,17573.95,3379
2021-06-22 09:25:22,17578.05,3381
2021-06-22 09:25:23,17569.0,3396
2021-06-22 09:25:24,17578.0,3398
2021-06-22 09:25:25,17578.0,3398
2021-06-22 09:25:26,17578.0,3398
2021-06-22 09:25:27,17569.0,3401
2021-06-22 09:25:28,17560.4,3430
2021-06-22 09:25:31,17571.15,3440
2021-06-22 09:25:32,17560.4,3441
2021-06-22 09:25:33,17560.4,3441
2021-06-22 09:25:35,17560.4,3445
2021-06-22 09:25:36,17560.4,3448
2021-06-22 09:25:37,17560.4,3449
2021-06-22 09:25:39,17560.4,3454
2021-06-22 09:25:39,17560.4,3454
2021-06-22 09:25:40,17560.4,3454
2021-06-22 09:25:41,17560.4,3454
2021-06-22 09:25:43,17560.4,3454
2021-06-22 09:25:43,17560.4,3454
2021-06-22 09:25:44,17560.4,3454
2021-06-22 09:25:45,17560.4,3454
2021-06-22 09:25:49,17570.0,3455
2021-06-22 09:25:51,17570.0,3455
2021-06-22 09:25:52,17570.0,3455
2021-06-22 09:25:53,17570.0,3455
2021-06-22 09:25:54,17570.0,3455
2021-06-22 09:25:56,17570.0,3455
2021-06-22 09:25:57,17570.0,3455
2021-06-22 09:25:58,17570.0,3460
2021-06-22 09:25:59,17570.0,3462
2021-06-22 09:26:00,17570.0,3462
2021-06-22 09:26:01,17578.7,3463
2021-06-22 09:26:02,17578.8,3467
2021-06-22 09:26:03,17578.8,3467
2021-06-22 09:26:04,17578.8,3467
2021-06-22 09:26:05,17578.8,3467
2021-06-22 09:26:07,17578.7,3468
2021-06-22 09:26:08,17578.7,3468
2021-06-22 09:26:08,17578.7,3469
2021-06-22 09:26:10,17578.7,3471
2021-06-22 09:26:11,17578.7,3471
2021-06-22 09:26:11,17578.7,3472
2021-06-22 09:26:13,17578.7,3472
2021-06-22 09:26:14,17578.7,3472
2021-06-22 09:26:14,17578.7,3472
2021-06-22 09:26:15,17578.7,3473
2021-06-22 09:26:16,17578.7,3493
2021-06-22 09:26:19,17571.25,3494
2021-06-22 09:26:20,17571.25,3494
2021-06-22 09:26:21,17588.35,3501
2021-06-22 09:26:22,17588.35,3501
2021-06-22 09:26:23,17588.35,3501
2021-06-22 09:26:24,17588.35,3501
2021-06-22 09:26:24,17588.35,3501
2021-06-22 09:26:25,17588.35,3501
2021-06-22 09:26:26,17588.35,3501
2021-06-22 09:26:27,17588.35,3501
2021-06-22 09:26:28,17588.35,3501
2021-06-22 09:26:29,17584.0,3503
2021-06-22 09:26:31,17584.0,3504
2021-06-22 09:26:32,17584.0,3504
2021-06-22 09:26:36,17584.0,3504
2021-06-22 09:26:36,17584.0,3504
2021-06-22 09:26:37,17584.0,3504
2021-06-22 09:26:38,17584.0,3505
2021-06-22 09:26:39,17584.0,3505
2021-06-22 09:26:40,17584.0,3505
2021-06-22 09:26:41,17584.0,3505
2021-06-22 09:26:42,17584.0,3505
2021-06-22 09:26:43,17584.0,3505
2021-06-22 09:26:44,17584.0,3505
2021-06-22 09:26:45,17584.0,3505
2021-06-22 09:26:46,17574.05,3507
2021-06-22 09:26:47,17574.05,3507
2021-06-22 09:26:49,17574.05,3507
2021-06-22 09:26:49,17574.05,3507
2021-06-22 09:26:50,17574.05,3507
2021-06-22 09:26:51,17574.05,3507
2021-06-22 09:26:54,17583.55,3522
2021-06-22 09:26:54,17583.55,3522
2021-06-22 09:26:55,17574.05,3527
2021-06-22 09:26:56,17574.05,3528
2021-06-22 09:26:57,17583.2,3533
2021-06-22 09:26:58,17583.2,3533
2021-06-22 09:26:59,17583.2,3533
2021-06-22 09:27:00,17583.2,3533
2021-06-22 09:27:03,17583.2,3533
2021-06-22 09:27:04,17583.2,3533
2021-06-22 09:27:06,17580.0,3534
2021-06-22 09:27:06,17580.0,3534
2021-06-22 09:27:07,17580.0,3534
2021-06-22 09:27:08,17580.0,3534
2021-06-22 09:27:09,17580.0,3534
2021-06-22 09:27:10,17580.0,3534
2021-06-22 09:27:12,17580.0,3534
2021-06-22 09:27:15,17574.6,3544
2021-06-22 09:27:16,17574.6,3544
2021-06-22 09:27:17,17574.6,3544
2021-06-22 09:27:18,17580.0,3545
2021-06-22 09:27:20,17575.0,3546
2021-06-22 09:27:22,17575.0,3546
2021-06-22 09:27:22,17575.0,3546
2021-06-22 09:27:24,17575.0,3546
2021-06-22 09:27:25,17575.0,3546
2021-06-22 09:27:26,17575.0,3546
2021-06-22 09:27:28,17580.0,3547
2021-06-22 09:27:29,17584.0,3610
2021-06-22 09:27:29,17585.05,3612
2021-06-22 09:27:30,17585.05,3612
2021-06-22 09:27:31,17585.05,3612
2021-06-22 09:27:33,17587.65,3617
2021-06-22 09:27:34,17582.75,3618
2021-06-22 09:27:35,17592.2,3623
2021-06-22 09:27:36,17592.2,3623
2021-06-22 09:27:38,17592.2,3623
2021-06-22 09:27:39,17592.2,3623
2021-06-22 09:27:41,17592.2,3623
2021-06-22 09:27:42,17592.2,3623
2021-06-22 09:27:42,17592.2,3623
2021-06-22 09:27:43,17592.2,3623
2021-06-22 09:27:44,17592.2,3623
2021-06-22 09:27:45,17592.8,3631
2021-06-22 09:27:46,17592.8,3631
2021-06-22 09:27:47,17592.8,3631
2021-06-22 09:27:48,17592.8,3631
2021-06-22 09:27:50,17592.8,3631
2021-06-22 09:27:51,17585.65,3641
2021-06-22 09:27:52,17586.0,3642
2021-06-22 09:27:53,17586.0,3642
2021-06-22 09:27:54,17586.0,3642
2021-06-22 09:27:55,17586.0,3642
2021-06-22 09:27:56,17586.0,3642
2021-06-22 09:27:57,17586.0,3642
2021-06-22 09:27:58,17586.0,3642
2021-06-22 09:27:59,17586.0,3642
2021-06-22 09:28:00,17586.0,3642
2021-06-22 09:28:02,17586.0,3642
2021-06-22 09:28:04,17586.0,3642
2021-06-22 09:28:05,17586.0,3642
2021-06-22 09:28:05,17590.0,3643
2021-06-22 09:28:06,17590.0,3643
2021-06-22 09:28:08,17590.0,3643
2021-06-22 09:28:08,17592.05,3664
2021-06-22 09:28:10,17589.6,3665
2021-06-22 09:28:11,17589.6,3665
2021-06-22 09:28:11,17589.6,3665
2021-06-22 09:28:13,17589.6,3665
2021-06-22 09:28:13,17589.6,3665
2021-06-22 09:28:14,17589.6,3665
2021-06-22 09:28:16,17589.6,3665
2021-06-22 09:28:17,17603.55,3672
2021-06-22 09:28:18,17603.55,3672
2021-06-22 09:28:18,17607.3,3676
2021-06-22 09:28:20,17607.3,3676
2021-06-22 09:28:20,17607.3,3676
2021-06-22 09:28:22,17607.3,3676
2021-06-22 09:28:23,17607.3,3676
2021-06-22 09:28:24,17607.3,3676
2021-06-22 09:28:25,17607.3,3676
2021-06-22 09:28:25,17607.3,3676
2021-06-22 09:28:26,17607.3,3676
2021-06-22 09:28:27,17607.3,3676
2021-06-22 09:28:28,17607.3,3676
2021-06-22 09:28:29,17607.3,3676
2021-06-22 09:28:32,17604.8,3678
2021-06-22 09:28:32,17604.8,3678
2021-06-22 09:28:33,17604.8,3678
2021-06-22 09:28:34,17604.8,3679
2021-06-22 09:28:35,17604.8,3679
2021-06-22 09:28:38,17595.25,3681
2021-06-22 09:28:39,17595.6,3697
2021-06-22 09:28:40,17595.6,3697
2021-06-22 09:28:41,17594.85,3698
2021-06-22 09:28:41,17594.85,3698
2021-06-22 09:28:42,17594.85,3700
2021-06-22 09:28:43,17602.65,3701
2021-06-22 09:28:44,17602.65,3701
2021-06-22 09:28:45,17604.8,3702
2021-06-22 09:28:47,17595.25,3704
2021-06-22 09:28:48,17594.6,3706
2021-06-22 09:28:49,17594.6,3706
2021-06-22 09:28:50,17594.6,3706
2021-06-22 09:28:52,17595.0,3707
2021-06-22 09:28:53,17595.0,3708
2021-06-22 09:28:54,17595.0,3708
2021-06-22 09:28:55,17595.0,3711
2021-06-22 09:28:56,17595.0,3711
2021-06-22 09:28:58,17595.0,3711
2021-06-22 09:28:59,17603.95,3713
2021-06-22 09:29:00,17595.0,3714
2021-06-22 09:29:02,17602.4,3718
2021-06-22 09:29:03,17602.4,3718
2021-06-22 09:29:04,17594.6,3721
2021-06-22 09:29:05,17594.6,3721
2021-06-22 09:29:06,17594.6,3721
2021-06-22 09:29:08,17594.6,3721
2021-06-22 09:29:09,17589.7,3737
2021-06-22 09:29:10,17586.25,3739
2021-06-22 09:29:11,17586.25,3739
2021-06-22 09:29:12,17586.25,3739
2021-06-22 09:29:13,17586.25,3739
2021-06-22 09:29:14,17586.25,3739
2021-06-22 09:29:15,17586.25,3739
2021-06-22 09:29:16,17586.25,3739
2021-06-22 09:29:17,17586.25,3739
2021-06-22 09:29:18,17586.25,3739
2021-06-22 09:29:19,17586.25,3739
2021-06-22 09:29:20,17586.25,3739
2021-06-22 09:29:21,17586.0,3741
2021-06-22 09:29:22,17586.0,3742
2021-06-22 09:29:23,17586.0,3743
2021-06-22 09:29:24,17586.0,3744
2021-06-22 09:29:24,17586.0,3744
2021-06-22 09:29:25,17586.0,3747
2021-06-22 09:29:27,17586.0,3748
2021-06-22 09:29:28,17586.0,3748
2021-06-22 09:29:29,17586.0,3749
2021-06-22 09:29:31,17586.0,3791
2021-06-22 09:29:34,17587.0,3798
2021-06-22 09:29:35,17593.6,3808
2021-06-22 09:29:36,17594.05,3809
2021-06-22 09:29:37,17586.0,3955
2021-06-22 09:29:38,17580.0,4051
2021-06-22 09:29:40,17580.0,4065
2021-06-22 09:29:41,17574.3,4066
2021-06-22 09:29:42,17574.25,4071
2021-06-22 09:29:43,17572.4,4078
2021-06-22 09:29:44,17572.4,4078
2021-06-22 09:29:45,17572.4,4078
2021-06-22 09:29:45,17572.4,4078
2021-06-22 09:29:46,17572.4,4078
2021-06-22 09:29:48,17572.4,4081
2021-06-22 09:29:48,17572.4,4081
2021-06-22 09:29:49,17572.4,4081
2021-06-22 09:29:50,17572.4,4081
2021-06-22 09:29:52,17573.15,4082
2021-06-22 09:29:53,17573.15,4082
2021-06-22 09:29:54,17573.15,4082
2021-06-22 09:29:55,17572.85,4084
2021-06-22 09:29:56,17572.85,4086
2021-06-22 09:29:57,17572.4,4141
2021-06-22 09:29:58,17570.0,4168
2021-06-22 09:29:59,17562.4,4170
2021-06-22 09:30:00,17562.8,4171
2021-06-22 09:30:01,17573.55,4172
2021-06-22 09:30:02,17573.15,4173
2021-06-22 09:30:03,17573.15,4173
2021-06-22 09:30:04,17562.45,4176
2021-06-22 09:30:05,17562.45,4176
2021-06-22 09:30:06,17562.45,4176
2021-06-22 09:30:07,17571.95,4178
2021-06-22 09:30:08,17570.25,4181
2021-06-22 09:30:09,17562.1,4185
2021-06-22 09:30:10,17562.0,4189
2021-06-22 09:30:11,17562.0,4190
2021-06-22 09:30:12,17560.5,4203
2021-06-22 09:30:13,17568.0,4207
2021-06-22 09:30:14,17568.0,4207
2021-06-22 09:30:15,17560.5,4209
2021-06-22 09:30:17,17560.5,4212
2021-06-22 09:30:18,17560.5,4212
2021-06-22 09:30:19,17560.5,4212
2021-06-22 09:30:21,17564.4,4236
2021-06-22 09:30:23,17563.6,4237
2021-06-22 09:30:24,17563.6,4237
2021-06-22 09:30:25,17563.6,4237
2021-06-22 09:30:27,17563.6,4237
2021-06-22 09:30:28,17563.6,4237
2021-06-22 09:30:29,17574.55,4238
2021-06-22 09:30:31,17579.15,4239
2021-06-22 09:30:32,17565.25,4249
2021-06-22 09:30:33,17565.25,4249
2021-06-22 09:30:34,17563.0,4250
2021-06-22 09:30:34,17563.0,4250
2021-06-22 09:30:36,17563.0,4250
2021-06-22 09:30:38,17563.0,4250
2021-06-22 09:30:40,17574.35,4252
2021-06-22 09:30:41,17568.0,4256
2021-06-22 09:30:41,17568.0,4256
2021-06-22 09:30:42,17579.15,4301
2021-06-22 09:30:43,17567.6,4302
2021-06-22 09:30:44,17574.35,4304
2021-06-22 09:30:46,17572.8,4308
2021-06-22 09:30:47,17580.0,4318
2021-06-22 09:30:48,17567.7,4321
2021-06-22 09:30:49,17565.6,4322
2021-06-22 09:30:50,17565.6,4322
2021-06-22 09:30:51,17565.6,4322
2021-06-22 09:30:52,17566.0,4325
2021-06-22 09:30:52,17566.0,4325
2021-06-22 09:30:53,17566.0,4325
2021-06-22 09:30:54,17565.2,4329
2021-06-22 09:30:55,17565.2,4329
2021-06-22 09:30:57,17565.2,4329
2021-06-22 09:30:58,17565.2,4329
2021-06-22 09:30:59,17565.2,4329
2021-06-22 09:31:00,17568.05,4339
2021-06-22 09:31:01,17568.05,4339
2021-06-22 09:31:02,17564.0,4340
2021-06-22 09:31:03,17565.3,4347
2021-06-22 09:31:03,17564.0,4348
2021-06-22 09:31:04,17569.25,4403
2021-06-22 09:31:05,17579.95,4454
2021-06-22 09:31:06,17579.95,4454
2021-06-22 09:31:09,17570.0,4466
2021-06-22 09:31:09,17564.8,4467
2021-06-22 09:31:11,17564.8,4467
2021-06-22 09:31:12,17564.8,4467
2021-06-22 09:31:13,17576.75,4469
2021-06-22 09:31:14,17575.6,4470
2021-06-22 09:31:15,17575.6,4470
2021-06-22 09:31:16,17575.6,4470
2021-06-22 09:31:17,17575.6,4470
2021-06-22 09:31:18,17577.85,4471
2021-06-22 09:31:19,17577.85,4471
2021-06-22 09:31:21,17566.45,4472
2021-06-22 09:31:22,17577.2,4476
2021-06-22 09:31:23,17577.2,4476
2021-06-22 09:31:24,17577.2,4476
2021-06-22 09:31:25,17577.2,4476
2021-06-22 09:31:26,17575.6,4477
2021-06-22 09:31:27,17575.6,4477
2021-06-22 09:31:28,17575.6,4477
2021-06-22 09:31:29,17575.6,4477
2021-06-22 09:31:30,17575.6,4477
2021-06-22 09:31:32,17576.0,4490
2021-06-22 09:31:32,17576.0,4490
2021-06-22 09:31:34,17576.0,4494
2021-06-22 09:31:34,17585.2,4493
2021-06-22 09:31:38,17568.0,4538
2021-06-22 09:31:39,17567.0,4541
2021-06-22 09:31:41,17567.0,4541
2021-06-22 09:31:42,17567.0,4542
2021-06-22 09:31:43,17567.0,4542
2021-06-22 09:31:44,17567.0,4542
2021-06-22 09:31:45,17579.55,4554
2021-06-22 09:31:46,17579.55,4554
2021-06-22 09:31:47,17568.8,4556
2021-06-22 09:31:48,17568.8,4556
2021-06-22 09:31:49,17567.25,4563
2021-06-22 09:31:50,17567.25,4564
2021-06-22 09:31:51,17578.8,4565
2021-06-22 09:31:52,17578.8,4565
2021-06-22 09:31:53,17567.65,4567
2021-06-22 09:31:53,17567.65,4567
2021-06-22 09:31:54,17567.65,4567
2021-06-22 09:31:56,17567.65,4568
2021-06-22 09:31:57,17567.65,4568
2021-06-22 09:31:58,17567.6,4574
2021-06-22 09:31:59,17567.65,4575
2021-06-22 09:32:00,17567.65,4575
2021-06-22 09:32:01,17578.4,4576
2021-06-22 09:32:02,17567.65,4577
2021-06-22 09:32:03,17571.6,4606
2021-06-22 09:32:04,17569.3,4607
2021-06-22 09:32:05,17569.6,4618
2021-06-22 09:32:06,17569.3,4619
2021-06-22 09:32:07,17569.3,4619
2021-06-22 09:32:08,17569.3,4619
2021-06-22 09:32:08,17569.3,4619
2021-06-22 09:32:09,17579.6,4621
2021-06-22 09:32:11,17579.6,4621
2021-06-22 09:32:12,17581.55,4631
2021-06-22 09:32:13,17581.55,4631
2021-06-22 09:32:14,17581.55,4631
2021-06-22 09:32:14,17581.55,4631
2021-06-22 09:32:15,17581.55,4631
2021-06-22 09:32:16,17581.55,4631
2021-06-22 09:32:17,17581.55,4631
2021-06-22 09:32:18,17581.55,4631
2021-06-22 09:32:19,17581.55,4631
2021-06-22 09:32:21,17584.55,4636
2021-06-22 09:32:22,17584.55,4636
2021-06-22 09:32:22,17584.55,4636
2021-06-22 09:32:23,17584.55,4636
2021-06-22 09:32:24,17584.55,4636
2021-06-22 09:32:25,17584.55,4636
2021-06-22 09:32:26,17584.55,4636
2021-06-22 09:32:27,17584.55,4636
2021-06-22 09:32:28,17584.55,4636
2021-06-22 09:32:29,17584.55,4636
2021-06-22 09:32:30,17582.0,4646
2021-06-22 09:32:31,17582.0,4646
2021-06-22 09:32:32,17581.55,4647
2021-06-22 09:32:33,17576.6,4648
2021-06-22 09:32:34,17581.55,4649
2021-06-22 09:32:36,17581.55,4649
2021-06-22 09:32:38,17581.55,4649
2021-06-22 09:32:39,17576.6,4652
2021-06-22 09:32:40,17582.8,4688
2021-06-22 09:32:41,17582.8,4688
2021-06-22 09:32:43,17582.8,4690
2021-06-22 09:32:44,17581.75,4691
2021-06-22 09:32:46,17581.75,4691
2021-06-22 09:32:47,17582.45,4694
2021-06-22 09:32:48,17581.8,4696
2021-06-22 09:32:49,17581.8,4696
2021-06-22 09:32:50,17581.8,4696
2021-06-22 09:32:51,17581.8,4696
2021-06-22 09:32:52,17590.0,4697
2021-06-22 09:32:53,17581.55,4702
2021-06-22 09:32:55,17581.55,4705
2021-06-22 09:32:56,17581.55,4708
2021-06-22 09:32:56,17581.55,4709
2021-06-22 09:32:57,17581.55,4709
2021-06-22 09:32:59,17581.55,4709
2021-06-22 09:33:00,17581.55,4711
2021-06-22 09:33:01,17590.0,4716
2021-06-22 09:33:02,17581.6,4717
2021-06-22 09:33:03,17581.6,4721
2021-06-22 09:33:04,17581.6,4721
2021-06-22 09:33:05,17581.55,4724
2021-06-22 09:33:06,17581.55,4724
2021-06-22 09:33:07,17581.55,4724
2021-06-22 09:33:09,17581.55,4724
2021-06-22 09:33:10,17581.55,4724
2021-06-22 09:33:11,17581.55,4724
2021-06-22 09:33:12,17581.55,4724
2021-06-22 09:33:13,17581.55,4724
2021-06-22 09:33:14,17581.55,4724
2021-06-22 09:33:15,17582.0,4725
2021-06-22 09:33:16,17595.7,4741
2021-06-22 09:33:18,17581.65,4742
2021-06-22 09:33:19,17581.65,4742
2021-06-22 09:33:20,17582.0,4748
2021-06-22 09:33:21,17582.0,4749
2021-06-22 09:33:22,17582.0,4751
2021-06-22 09:33:23,17592.8,4753
2021-06-22 09:33:26,17582.0,4754
2021-06-22 09:33:27,17582.0,4754
2021-06-22 09:33:28,17582.0,4756
2021-06-22 09:33:29,17582.0,4756
2021-06-22 09:33:30,17582.4,4757
2021-06-22 09:33:31,17582.4,4757
2021-06-22 09:33:32,17582.4,4761
2021-06-22 09:33:33,17590.0,4767
2021-06-22 09:33:34,17583.2,4770
2021-06-22 09:33:35,17583.2,4771
2021-06-22 09:33:37,17583.55,4773
2021-06-22 09:33:38,17583.55,4773
2021-06-22 09:33:39,17583.55,4773
2021-06-22 09:33:40,17582.8,4775
2021-06-22 09:33:42,17582.8,4775
2021-06-22 09:33:41,17582.8,4775
2021-06-22 09:33:43,17582.8,4775
2021-06-22 09:33:44,17582.1,4778
2021-06-22 09:33:45,17600.55,4798
2021-06-22 09:33:46,17587.3,4800
2021-06-22 09:33:47,17587.3,4800
2021-06-22 09:33:48,17587.3,4800
2021-06-22 09:33:49,17583.25,4802
2021-06-22 09:33:50,17583.25,4802
2021-06-22 09:33:51,17583.25,4803
2021-06-22 09:33:52,17583.25,4805
2021-06-22 09:33:53,17583.25,4805
2021-06-22 09:33:54,17584.0,4807
2021-06-22 09:33:55,17584.0,4807
2021-06-22 09:33:56,17584.0,4810
2021-06-22 09:33:57,17584.0,4810
2021-06-22 09:33:58,17584.0,4810
2021-06-22 09:33:59,17584.0,4810
2021-06-22 09:34:00,17584.0,4815
2021-06-22 09:34:01,17584.0,4816
2021-06-22 09:34:02,17584.0,4816
2021-06-22 09:34:03,17584.0,4816
2021-06-22 09:34:05,17584.0,4816
2021-06-22 09:34:04,17584.0,4816
2021-06-22 09:34:06,17584.0,4816
2021-06-22 09:34:07,17584.0,4816
2021-06-22 09:34:09,17584.0,4816
2021-06-22 09:34:11,17590.4,4817
2021-06-22 09:34:12,17590.4,4817
2021-06-22 09:34:14,17590.4,4817
2021-06-22 09:34:13,17590.4,4817
2021-06-22 09:34:15,17590.4,4817
2021-06-22 09:34:16,17600.2,4826
2021-06-22 09:34:17,17599.45,4827
2021-06-22 09:34:18,17599.45,4827
2021-06-22 09:34:19,17592.0,4829
2021-06-22 09:34:20,17592.0,4829
2021-06-22 09:34:21,17592.0,4829
2021-06-22 09:34:23,17599.1,4833
2021-06-22 09:34:24,17599.1,4833
2021-06-22 09:34:25,17599.1,4834
2021-06-22 09:34:26,17599.1,4834
2021-06-22 09:34:27,17598.7,4838
2021-06-22 09:34:28,17592.0,4839
2021-06-22 09:34:29,17592.0,4839
2021-06-22 09:34:30,17592.0,4840
2021-06-22 09:34:33,17599.0,4842
2021-06-22 09:34:34,17597.0,4844
2021-06-22 09:34:35,17597.0,4844
2021-06-22 09:34:36,17597.0,4847
2021-06-22 09:34:37,17590.0,4849
2021-06-22 09:34:38,17590.0,4849
2021-06-22 09:34:39,17590.0,4849
2021-06-22 09:34:40,17595.0,4850
2021-06-22 09:34:43,17595.0,4850
2021-06-22 09:34:44,17595.0,4851
2021-06-22 09:34:45,17601.0,4853
2021-06-22 09:34:46,17601.0,4853
2021-06-22 09:34:47,17601.0,4853
2021-06-22 09:34:48,17601.0,4853
2021-06-22 09:34:50,17601.0,4853
2021-06-22 09:34:53,17601.0,4853
2021-06-22 09:34:54,17601.0,4853
2021-06-22 09:34:56,17601.0,4853
2021-06-22 09:34:57,17601.0,4853
2021-06-22 09:34:58,17601.0,4853
2021-06-22 09:34:59,17601.0,4858
2021-06-22 09:35:00,17592.0,4859
2021-06-22 09:35:01,17592.0,4859
2021-06-22 09:35:02,17592.0,4859
2021-06-22 09:35:03,17601.0,4860
2021-06-22 09:35:04,17601.0,4861
2021-06-22 09:35:05,17601.0,4861
2021-06-22 09:35:07,17601.0,4861
2021-06-22 09:35:08,17601.0,4861
2021-06-22 09:35:09,17601.0,4861
2021-06-22 09:35:10,17601.0,4861
2021-06-22 09:35:12,17595.0,4862
2021-06-22 09:35:13,17601.0,4865
2021-06-22 09:35:14,17595.0,4866
2021-06-22 09:35:15,17595.0,4866
2021-06-22 09:35:16,17595.0,4866
2021-06-22 09:35:17,17595.0,4866
2021-06-22 09:35:18,17601.0,4874
2021-06-22 09:35:19,17601.0,4874
2021-06-22 09:35:20,17592.0,4875
2021-06-22 09:35:21,17604.0,4890
2021-06-22 09:35:22,17604.0,4890
2021-06-22 09:35:23,17604.0,4890
2021-06-22 09:35:24,17604.0,4890
2021-06-22 09:35:25,17592.8,4891
2021-06-22 09:35:26,17592.8,4891
2021-06-22 09:35:27,17592.4,4892
2021-06-22 09:35:28,17592.4,4893
2021-06-22 09:35:29,17592.4,4893
2021-06-22 09:35:30,17592.0,4894
2021-06-22 09:35:32,17591.7,4896
2021-06-22 09:35:33,17604.0,4906
2021-06-22 09:35:34,17604.0,4906
2021-06-22 09:35:36,17604.0,4906
2021-06-22 09:35:37,17604.0,4906
2021-06-22 09:35:38,17604.0,4906
2021-06-22 09:35:41,17604.0,4906
2021-06-22 09:35:41,17604.0,4906
2021-06-22 09:35:43,17604.0,4906
2021-06-22 09:35:44,17604.0,4906
2021-06-22 09:35:45,17602.4,4907
2021-06-22 09:35:48,17602.4,4907
2021-06-22 09:35:50,17602.4,4908
2021-06-22 09:35:51,17592.4,4909
2021-06-22 09:35:52,17592.4,4909
2021-06-22 09:35:53,17592.4,4909
2021-06-22 09:35:54,17602.4,4910
2021-06-22 09:35:55,17602.4,4910
2021-06-22 09:35:57,17602.4,4910
2021-06-22 09:35:57,17602.4,4910
2021-06-22 09:35:58,17602.4,4910
2021-06-22 09:35:59,17602.4,4910
2021-06-22 09:36:00,17602.4,4910
2021-06-22 09:36:05,17602.4,4910
2021-06-22 09:36:09,17602.95,4913
2021-06-22 09:36:13,17602.95,4913
2021-06-22 09:36:14,17602.95,4913
2021-06-22 09:36:15,17592.4,4915
2021-06-22 09:36:16,17592.4,4915
2021-06-22 09:36:19,17592.4,4915
2021-06-22 09:36:21,17592.4,4915
2021-06-22 09:36:21,17592.4,4915
2021-06-22 09:36:23,17592.4,4915
2021-06-22 09:36:24,17604.0,4917
2021-06-22 09:36:26,17604.0,4917
2021-06-22 09:36:27,17604.0,4917
2021-06-22 09:36:29,17594.05,4919
2021-06-22 09:36:30,17594.05,4919
2021-06-22 09:36:35,17594.9,4920
2021-06-22 09:36:36,17594.9,4920
2021-06-22 09:36:37,17594.9,4920
2021-06-22 09:36:39,17594.9,4920
2021-06-22 09:36:44,17594.9,4922
2021-06-22 09:36:49,17595.2,4924
2021-06-22 09:36:54,17603.9,4926
2021-06-22 09:36:59,17603.9,4937
2021-06-22 09:37:04,17595.0,4940
2021-06-22 09:37:09,17590.05,4963
2021-06-22 09:37:14,17600.3,4972
2021-06-22 09:37:24,17594.9,4973
2021-06-22 09:37:30,17594.9,4973
2021-06-22 09:37:35,17594.9,4973
2021-06-22 09:37:40,17594.9,4973
2021-06-22 09:37:45,17594.9,4973
2021-06-22 09:37:50,17598.8,4974
2021-06-22 09:37:54,17602.4,4976
2021-06-22 09:37:59,17594.9,4979
2021-06-22 09:38:04,17594.5,4984
2021-06-22 09:38:09,17594.5,4984
2021-06-22 09:38:14,17594.0,4987
2021-06-22 09:38:20,17590.9,4989
2021-06-22 09:38:30,17590.05,4998
2021-06-22 09:38:35,17599.6,4999
2021-06-22 09:38:40,17590.0,5004
2021-06-22 09:38:44,17590.0,5039
2021-06-22 09:38:49,17585.05,5044
2021-06-22 09:38:54,17585.0,5046
2021-06-22 09:38:59,17585.0,5046
2021-06-22 09:39:04,17594.8,5047
2021-06-22 09:39:09,17591.05,5051
2021-06-22 09:39:14,17598.6,5056
2021-06-22 09:39:24,17590.65,5061
2021-06-22 09:39:29,17586.85,5064
2021-06-22 09:39:35,17586.8,5066
2021-06-22 09:39:45,17589.2,5082
2021-06-22 09:39:51,17596.4,5090
2021-06-22 09:39:56,17596.4,5140
2021-06-22 09:40:01,17598.6,5148
2021-06-22 09:40:07,17596.4,5161
2021-06-22 09:40:12,17596.4,5162
2021-06-22 09:40:17,17608.55,5175
2021-06-22 09:40:23,17608.55,5175
2021-06-22 09:40:28,17596.85,5178
2021-06-22 09:40:33,17596.85,5178
2021-06-22 09:40:38,17596.4,5182
2021-06-22 09:40:43,17608.05,5189
2021-06-22 09:40:48,17596.5,5190
2021-06-22 09:41:03,17598.5,5494
2021-06-22 09:41:08,17598.0,5510
2021-06-22 09:41:13,17598.1,5572
2021-06-22 09:41:18,17598.0,5579
2021-06-22 09:41:23,17597.9,5585
2021-06-22 09:41:28,17597.8,5586
2021-06-22 09:41:33,17599.25,5634
2021-06-22 09:41:38,17611.85,5648
2021-06-22 09:41:39,17600.4,5652
2021-06-22 09:41:40,17600.4,5652
2021-06-22 09:41:41,17600.4,5652
2021-06-22 09:41:43,17600.4,5652
2021-06-22 09:41:44,17600.4,5652
2021-06-22 09:41:45,17600.4,5652
2021-06-22 09:41:46,17600.4,5653
2021-06-22 09:41:47,17600.4,5653
2021-06-22 09:41:48,17600.4,5653
2021-06-22 09:41:49,17608.4,5658
2021-06-22 09:41:50,17601.0,5659
2021-06-22 09:41:50,17601.0,5659
2021-06-22 09:41:51,17601.0,5659
2021-06-22 09:41:52,17601.0,5659
2021-06-22 09:41:53,17608.4,5665
2021-06-22 09:41:54,17608.4,5665
2021-06-22 09:41:55,17608.4,5665
2021-06-22 09:41:56,17611.6,5666
2021-06-22 09:41:58,17611.6,5666
2021-06-22 09:41:59,17611.6,5666
2021-06-22 09:42:00,17612.0,5669
2021-06-22 09:42:01,17612.0,5669
2021-06-22 09:42:02,17616.05,5674
2021-06-22 09:42:03,17616.05,5674
2021-06-22 09:42:04,17616.05,5674
2021-06-22 09:42:05,17599.45,5727
2021-06-22 09:42:05,17601.45,5730
2021-06-22 09:42:06,17600.45,5732
2021-06-22 09:42:07,17600.45,5732
2021-06-22 09:42:08,17600.45,5732
2021-06-22 09:42:09,17600.45,5732
2021-06-22 09:42:11,17616.25,5737
2021-06-22 09:42:12,17616.25,5737
2021-06-22 09:42:15,17616.25,5737
2021-06-22 09:42:15,17614.7,5738
2021-06-22 09:42:16,17614.7,5740
2021-06-22 09:42:17,17614.7,5740
2021-06-22 09:42:19,17614.7,5740
2021-06-22 09:42:20,17614.7,5750
2021-06-22 09:42:21,17614.7,5750
2021-06-22 09:42:22,17614.7,5750
2021-06-22 09:42:23,17610.0,5751
2021-06-22 09:42:24,17610.0,5751
2021-06-22 09:42:26,17610.0,5751
2021-06-22 09:42:28,17610.0,5752
2021-06-22 09:42:29,17610.0,5752
2021-06-22 09:42:30,17610.0,5752
2021-06-22 09:42:31,17610.0,5752
2021-06-22 09:42:32,17610.0,5752
2021-06-22 09:42:33,17610.0,5752
2021-06-22 09:42:36,17614.7,5758
2021-06-22 09:42:37,17614.7,5758
2021-06-22 09:42:41,17614.7,5758
2021-06-22 09:42:42,17614.7,5758
2021-06-22 09:42:43,17614.7,5758
2021-06-22 09:42:44,17614.7,5758
2021-06-22 09:42:45,17614.7,5758
2021-06-22 09:42:47,17610.0,5808
2021-06-22 09:42:48,17610.0,5812
2021-06-22 09:42:50,17610.0,5812
2021-06-22 09:42:51,17614.7,5822
2021-06-22 09:42:52,17614.7,5822
2021-06-22 09:42:53,17614.7,5822
2021-06-22 09:42:54,17610.0,5823
2021-06-22 09:42:55,17610.0,5823
2021-06-22 09:42:56,17610.0,5824
2021-06-22 09:42:57,17610.0,5835
2021-06-22 09:42:58,17610.0,5835
2021-06-22 09:42:59,17610.0,5835
2021-06-22 09:43:01,17610.0,5835
2021-06-22 09:43:04,17610.0,5835
2021-06-22 09:43:06,17610.0,5835
2021-06-22 09:43:07,17610.0,5835
2021-06-22 09:43:08,17618.0,5837
2021-06-22 09:43:09,17618.0,5837
2021-06-22 09:43:10,17618.0,5837
2021-06-22 09:43:13,17610.0,5840
2021-06-22 09:43:14,17610.0,5840
2021-06-22 09:43:17,17620.0,5845
2021-06-22 09:43:18,17619.7,5846
2021-06-22 09:43:20,17619.7,5846
2021-06-22 09:43:21,17619.7,5846
2021-06-22 09:43:23,17619.7,5846
2021-06-22 09:43:24,17610.0,5848
2021-06-22 09:43:25,17610.0,5848
2021-06-22 09:43:26,17618.8,5849
2021-06-22 09:43:28,17618.8,5849
2021-06-22 09:43:29,17618.8,5849
2021-06-22 09:43:30,17612.0,5850
2021-06-22 09:43:30,17612.0,5850
2021-06-22 09:43:31,17612.0,5850
2021-06-22 09:43:33,17612.0,5850
2021-06-22 09:43:34,17612.0,5850
2021-06-22 09:43:35,17616.8,5855
2021-06-22 09:43:36,17616.8,5855
2021-06-22 09:43:37,17616.8,5855
2021-06-22 09:43:38,17616.8,5855
2021-06-22 09:43:39,17616.8,5855
2021-06-22 09:43:40,17616.8,5855
2021-06-22 09:43:41,17616.8,5855
2021-06-22 09:43:42,17616.8,5855
2021-06-22 09:43:43,17624.8,5865
2021-06-22 09:43:44,17624.8,5865
2021-06-22 09:43:45,17624.8,5865
2021-06-22 09:43:48,17624.8,5865
2021-06-22 09:43:49,17624.8,5865
2021-06-22 09:43:51,17624.6,5869
2021-06-22 09:43:52,17616.8,5873
2021-06-22 09:43:53,17616.8,5875
2021-06-22 09:43:54,17616.8,5875
2021-06-22 09:43:55,17616.8,5875
2021-06-22 09:43:55,17616.8,5875
2021-06-22 09:43:56,17616.8,5875
2021-06-22 09:43:58,17616.8,5875
2021-06-22 09:43:59,17625.0,5881
2021-06-22 09:44:01,17625.0,5881
2021-06-22 09:44:02,17625.0,5881
2021-06-22 09:44:03,17630.0,5991
2021-06-22 09:44:04,17618.0,5994
2021-06-22 09:44:05,17615.6,5998
2021-06-22 09:44:06,17615.2,6000
2021-06-22 09:44:07,17615.2,6000
2021-06-22 09:44:08,17615.2,6000
2021-06-22 09:44:09,17615.2,6000
2021-06-22 09:44:10,17615.2,6000
2021-06-22 09:44:11,17616.45,6004
2021-06-22 09:44:13,17616.25,6005
2021-06-22 09:44:12,17616.25,6005
2021-06-22 09:44:14,17616.25,6005
2021-06-22 09:44:15,17614.4,6035
2021-06-22 09:44:16,17615.45,6039
2021-06-22 09:44:17,17615.45,6041
2021-06-22 09:44:18,17615.45,6042
2021-06-22 09:44:19,17615.45,6042
2021-06-22 09:44:20,17623.2,6048
2021-06-22 09:44:21,17623.2,6048
2021-06-22 09:44:22,17624.8,6049
2021-06-22 09:44:23,17624.8,6049
2021-06-22 09:44:24,17624.8,6049
2021-06-22 09:44:25,17624.8,6049
2021-06-22 09:44:26,17624.8,6049
2021-06-22 09:44:27,17614.45,6051
2021-06-22 09:44:28,17611.1,6063
2021-06-22 09:44:29,17611.1,6065
2021-06-22 09:44:31,17611.1,6065
2021-06-22 09:44:32,17611.1,6065
2021-06-22 09:44:33,17611.1,6065
2021-06-22 09:44:34,17611.1,6065
2021-06-22 09:44:35,17611.1,6065
2021-06-22 09:44:36,17611.1,6065
2021-06-22 09:44:38,17613.0,6066
2021-06-22 09:44:39,17613.0,6066
2021-06-22 09:44:40,17613.0,6068
2021-06-22 09:44:41,17623.95,6071
2021-06-22 09:44:42,17623.95,6071
2021-06-22 09:44:43,17623.95,6071
2021-06-22 09:44:44,17613.2,6072
2021-06-22 09:44:45,17613.2,6072
2021-06-22 09:44:46,17613.15,6079
2021-06-22 09:44:47,17613.0,6080
2021-06-22 09:44:48,17613.0,6081
2021-06-22 09:44:49,17613.0,6081
2021-06-22 09:44:50,17613.0,6081
2021-06-22 09:44:51,17613.0,6091
2021-06-22 09:44:53,17621.0,6105
2021-06-22 09:44:54,17621.0,6107
2021-06-22 09:44:55,17621.0,6109
2021-06-22 09:44:57,17621.0,6110
2021-06-22 09:44:58,17621.0,6110
2021-06-22 09:44:59,17621.0,6110
2021-06-22 09:45:00,17621.0,6111
2021-06-22 09:45:01,17621.0,6111
2021-06-22 09:45:02,17621.0,6112
2021-06-22 09:45:04,17621.0,6112
2021-06-22 09:45:05,17621.0,6112
2021-06-22 09:45:07,17621.0,6112
2021-06-22 09:45:08,17621.0,6117
2021-06-22 09:45:09,17621.0,6117
2021-06-22 09:45:10,17621.0,6117
2021-06-22 09:45:11,17621.0,6117
2021-06-22 09:45:13,17621.0,6117
2021-06-22 09:45:16,17621.0,6121
2021-06-22 09:45:17,17621.0,6122
2021-06-22 09:45:19,17624.8,6147
2021-06-22 09:45:18,17624.8,6147
2021-06-22 09:45:20,17621.0,6149
2021-06-22 09:45:22,17621.0,6152
2021-06-22 09:45:24,17621.0,6157
2021-06-22 09:45:27,17621.0,6157
2021-06-22 09:45:28,17621.0,6157
2021-06-22 09:45:29,17620.6,6162
2021-06-22 09:45:30,17620.6,6163
2021-06-22 09:45:31,17620.6,6163
2021-06-22 09:45:32,17620.6,6163
2021-06-22 09:45:33,17620.6,6163
2021-06-22 09:45:34,17620.6,6163
2021-06-22 09:45:35,17624.95,6168
2021-06-22 09:45:37,17615.05,6171
2021-06-22 09:45:38,17615.05,6171
2021-06-22 09:45:42,17611.1,6227
2021-06-22 09:45:41,17613.0,6223
2021-06-22 09:45:43,17611.1,6227
2021-06-22 09:45:44,17602.0,6530
2021-06-22 09:45:45,17601.0,6532
2021-06-22 09:45:46,17600.35,6533
2021-06-22 09:45:47,17595.0,6657
2021-06-22 09:45:48,17586.4,6671
2021-06-22 09:45:49,17586.0,6678
2021-06-22 09:45:50,17585.0,6681
2021-06-22 09:45:51,17585.0,6687
2021-06-22 09:45:52,17585.0,6687
2021-06-22 09:45:53,17586.0,6692
2021-06-22 09:45:55,17585.0,6694
2021-06-22 09:45:56,17585.0,6695
2021-06-22 09:45:57,17585.0,6696
2021-06-22 09:45:58,17585.0,6696
2021-06-22 09:45:59,17585.0,6700
2021-06-22 09:46:00,17585.0,6702
2021-06-22 09:46:01,17585.0,6703
2021-06-22 09:46:02,17585.0,6703
2021-06-22 09:46:03,17590.0,6705
2021-06-22 09:46:04,17590.0,6706
2021-06-22 09:46:05,17590.0,6706
2021-06-22 09:46:06,17590.0,6706
2021-06-22 09:46:08,17590.0,6706
2021-06-22 09:46:09,17590.0,6709
2021-06-22 09:46:10,17597.6,6711
2021-06-22 09:46:11,17597.6,6711
2021-06-22 09:46:12,17597.6,6711
2021-06-22 09:46:14,17597.6,6711
2021-06-22 09:46:16,17603.2,6714
2021-06-22 09:46:15,17597.6,6711
2021-06-22 09:46:17,17603.2,6714
2021-06-22 09:46:18,17595.25,6716
2021-06-22 09:46:19,17595.25,6720
2021-06-22 09:46:20,17588.6,6728
2021-06-22 09:46:22,17588.5,6735
2021-06-22 09:46:22,17588.5,6736
2021-06-22 09:46:23,17588.5,6736
2021-06-22 09:46:24,17587.65,6737
2021-06-22 09:46:25,17587.65,6737
2021-06-22 09:46:27,17587.65,6737
2021-06-22 09:46:29,17595.25,6738
2021-06-22 09:46:31,17595.25,6738
2021-06-22 09:46:31,17595.25,6738
2021-06-22 09:46:32,17595.25,6738
2021-06-22 09:46:33,17595.25,6738
2021-06-22 09:46:34,17595.25,6738
2021-06-22 09:46:35,17595.25,6738
2021-06-22 09:46:36,17593.2,6741
2021-06-22 09:46:37,17590.85,6747
2021-06-22 09:46:38,17590.85,6747
2021-06-22 09:46:39,17590.85,6747
2021-06-22 09:46:42,17590.85,6747
2021-06-22 09:46:43,17590.0,6750
2021-06-22 09:46:44,17590.0,6753
2021-06-22 09:46:45,17590.0,6753
2021-06-22 09:46:46,17590.0,6753
2021-06-22 09:46:47,17590.0,6753
2021-06-22 09:46:47,17590.0,6753
2021-06-22 09:46:48,17590.0,6753
2021-06-22 09:46:49,17590.0,6753
2021-06-22 09:46:51,17590.0,6753
2021-06-22 09:46:53,17590.0,6753
2021-06-22 09:46:54,17590.0,6753
2021-06-22 09:46:55,17590.0,6753
2021-06-22 09:46:56,17590.0,6753
2021-06-22 09:46:57,17590.0,6753
2021-06-22 09:46:58,17590.0,6753
2021-06-22 09:46:59,17590.0,6753
2021-06-22 09:47:00,17590.0,6753
2021-06-22 09:47:02,17590.0,6753
2021-06-22 09:47:03,17590.0,6754
2021-06-22 09:47:05,17590.0,6754
2021-06-22 09:47:06,17590.0,6754
2021-06-22 09:47:07,17590.0,6754
2021-06-22 09:47:08,17590.0,6754
2021-06-22 09:47:09,17590.0,6755
2021-06-22 09:47:10,17590.0,6755
2021-06-22 09:47:11,17590.0,6755
2021-06-22 09:47:12,17587.6,6766
2021-06-22 09:47:13,17587.6,6767
2021-06-22 09:47:14,17587.6,6767
2021-06-22 09:47:15,17587.6,6767
2021-06-22 09:47:16,17595.6,6780
2021-06-22 09:47:17,17585.6,6781
2021-06-22 09:47:19,17585.6,6788
2021-06-22 09:47:21,17595.6,6789
2021-06-22 09:47:21,17595.6,6789
2021-06-22 09:47:22,17595.6,6789
2021-06-22 09:47:23,17596.0,6794
2021-06-22 09:47:24,17597.6,6796
2021-06-22 09:47:25,17597.6,6796
2021-06-22 09:47:26,17597.6,6796
2021-06-22 09:47:27,17597.6,6796
2021-06-22 09:47:28,17597.6,6796
2021-06-22 09:47:29,17595.6,6808
2021-06-22 09:47:30,17595.6,6808
2021-06-22 09:47:31,17591.65,6810
2021-06-22 09:47:32,17591.65,6810
2021-06-22 09:47:33,17591.65,6810
2021-06-22 09:47:34,17591.65,6810
2021-06-22 09:47:35,17591.65,6810
2021-06-22 09:47:36,17591.65,6810
2021-06-22 09:47:37,17591.65,6810
2021-06-22 09:47:38,17591.65,6810
2021-06-22 09:47:39,17594.0,6812
2021-06-22 09:47:40,17594.0,6812
2021-06-22 09:47:41,17594.0,6812
2021-06-22 09:47:42,17594.0,6812
2021-06-22 09:47:44,17594.0,6812
2021-06-22 09:47:44,17594.0,6812
2021-06-22 09:47:45,17586.0,6813
2021-06-22 09:47:46,17586.0,6813
2021-06-22 09:47:47,17586.0,6813
2021-06-22 09:47:48,17586.0,6813
2021-06-22 09:47:49,17590.0,6820
2021-06-22 09:47:50,17590.0,6822
2021-06-22 09:47:51,17591.65,6823
2021-06-22 09:47:52,17591.65,6823
2021-06-22 09:47:54,17591.65,6823
2021-06-22 09:47:54,17591.65,6823
2021-06-22 09:47:56,17591.65,6823
2021-06-22 09:47:57,17591.65,6823
2021-06-22 09:47:57,17590.0,6824
2021-06-22 09:47:58,17590.0,6824
2021-06-22 09:48:02,17590.0,6825
2021-06-22 09:48:02,17590.0,6825
2021-06-22 09:48:03,17590.0,6825
2021-06-22 09:48:04,17586.0,6826
2021-06-22 09:48:05,17586.0,6826
2021-06-22 09:48:06,17586.0,6826
2021-06-22 09:48:07,17590.0,6827
2021-06-22 09:48:08,17591.65,6832
2021-06-22 09:48:11,17591.65,6832
2021-06-22 09:48:12,17591.65,6832
2021-06-22 09:48:13,17591.65,6832
2021-06-22 09:48:15,17591.65,6833
2021-06-22 09:48:17,17591.65,6833
2021-06-22 09:48:18,17590.0,6837
2021-06-22 09:48:19,17589.6,6838
2021-06-22 09:48:19,17590.0,6837
2021-06-22 09:48:21,17589.6,6838
2021-06-22 09:48:22,17589.6,6838
2021-06-22 09:48:24,17589.6,6838
2021-06-22 09:48:25,17591.65,6840
2021-06-22 09:48:26,17591.65,6840
2021-06-22 09:48:28,17591.65,6841
2021-06-22 09:48:29,17591.65,6841
2021-06-22 09:48:30,17586.0,6842
2021-06-22 09:48:31,17586.0,6842
2021-06-22 09:48:32,17586.0,6842
2021-06-22 09:48:33,17586.0,6842
2021-06-22 09:48:34,17586.0,6842
2021-06-22 09:48:35,17586.0,6842
2021-06-22 09:48:36,17586.0,6842
2021-06-22 09:48:37,17586.0,6843
2021-06-22 09:48:38,17586.0,6843
2021-06-22 09:48:39,17586.0,6844
2021-06-22 09:48:40,17586.0,6844
2021-06-22 09:48:42,17586.0,6845
2021-06-22 09:48:43,17586.0,6845
2021-06-22 09:48:45,17586.0,6845
2021-06-22 09:48:46,17594.0,6852
2021-06-22 09:48:47,17594.0,6852
2021-06-22 09:48:48,17594.0,6852
2021-06-22 09:48:49,17594.0,6852
2021-06-22 09:48:49,17594.0,6852
2021-06-22 09:48:51,17594.0,6852
2021-06-22 09:48:52,17594.0,6852
2021-06-22 09:48:53,17594.0,6852
2021-06-22 09:48:54,17594.0,6852
2021-06-22 09:48:55,17594.0,6852
2021-06-22 09:48:56,17594.0,6852
2021-06-22 09:48:57,17594.0,6852
2021-06-22 09:48:58,17594.0,6852
2021-06-22 09:48:59,17594.0,6852
2021-06-22 09:49:00,17594.0,6852
2021-06-22 09:49:01,17594.0,6852
2021-06-22 09:49:02,17594.0,6852
2021-06-22 09:49:03,17594.0,6852
2021-06-22 09:49:04,17594.0,6852
2021-06-22 09:49:05,17594.0,6852
2021-06-22 09:49:06,17594.0,6852
2021-06-22 09:49:07,17594.0,6852
2021-06-22 09:49:09,17594.0,6852
2021-06-22 09:49:10,17594.0,6852
2021-06-22 09:49:11,17594.0,6852
2021-06-22 09:49:12,17594.0,6852
2021-06-22 09:49:13,17594.0,6852
2021-06-22 09:49:14,17594.0,6852
2021-06-22 09:49:15,17594.0,6852
2021-06-22 09:49:16,17594.0,6852
2021-06-22 09:49:17,17594.0,6852
2021-06-22 09:49:18,17594.0,6852
2021-06-22 09:49:19,17594.0,6852
2021-06-22 09:49:20,17594.0,6852
2021-06-22 09:49:21,17594.0,6852
2021-06-22 09:49:22,17594.0,6852
2021-06-22 09:49:23,17594.0,6852
2021-06-22 09:49:24,17594.0,6852
2021-06-22 09:49:25,17594.0,6852
2021-06-22 09:49:27,17593.95,6853
2021-06-22 09:49:28,17593.95,6854
2021-06-22 09:49:28,17593.95,6854
2021-06-22 09:49:30,17594.0,6855
2021-06-22 09:49:33,17594.0,6858
2021-06-22 09:49:34,17594.0,6858
2021-06-22 09:49:35,17594.0,6858
2021-06-22 09:49:36,17594.0,6858
2021-06-22 09:49:39,17594.0,6858
2021-06-22 09:49:40,17593.9,6860
2021-06-22 09:49:41,17593.9,6861
2021-06-22 09:49:41,17593.9,6861
2021-06-22 09:49:43,17586.05,6864
2021-06-22 09:49:45,17586.05,6864
2021-06-22 09:49:45,17594.0,6869
2021-06-22 09:49:46,17586.05,6870
2021-06-22 09:49:47,17585.0,6920
2021-06-22 09:49:49,17585.0,6924
2021-06-22 09:49:50,17591.2,6925
2021-06-22 09:49:51,17585.0,6926
2021-06-22 09:49:52,17585.0,6926
2021-06-22 09:49:52,17585.0,6930
2021-06-22 09:49:54,17591.1,6932
2021-06-22 09:49:55,17591.1,6932
2021-06-22 09:49:56,17585.0,6933
2021-06-22 09:49:57,17585.0,6933
2021-06-22 09:49:58,17585.0,6933
2021-06-22 09:49:59,17585.0,6933
2021-06-22 09:50:01,17585.0,6933
2021-06-22 09:50:02,17591.1,6934
2021-06-22 09:50:03,17591.1,6934
2021-06-22 09:50:04,17591.1,6934
2021-06-22 09:50:04,17591.1,6934
2021-06-22 09:50:06,17591.1,6934
2021-06-22 09:50:07,17591.1,6934
2021-06-22 09:50:08,17591.1,6934
2021-06-22 09:50:11,17591.1,6934
2021-06-22 09:50:13,17594.0,6969
2021-06-22 09:50:13,17598.0,6977
2021-06-22 09:50:14,17598.0,6977
2021-06-22 09:50:15,17594.0,6986
2021-06-22 09:50:16,17600.8,6991
2021-06-22 09:50:17,17594.0,6992
2021-06-22 09:50:19,17594.0,6993
2021-06-22 09:50:21,17594.0,6993
2021-06-22 09:50:22,17594.0,6993
2021-06-22 09:50:23,17594.0,6993
2021-06-22 09:50:25,17594.0,6993
2021-06-22 09:50:26,17594.0,6993
2021-06-22 09:50:27,17594.0,6993
2021-06-22 09:50:28,17601.95,6997
2021-06-22 09:50:29,17601.95,6997
2021-06-22 09:50:30,17601.95,6997
2021-06-22 09:50:31,17601.95,6997
2021-06-22 09:50:32,17601.95,6997
2021-06-22 09:50:33,17603.0,7002
2021-06-22 09:50:34,17603.0,7002
2021-06-22 09:50:35,17601.0,7003
2021-06-22 09:50:36,17601.0,7003
2021-06-22 09:50:39,17601.0,7003
2021-06-22 09:50:40,17601.0,7003
2021-06-22 09:50:41,17601.0,7003
2021-06-22 09:50:42,17609.3,7009
2021-06-22 09:50:43,17609.3,7009
2021-06-22 09:50:44,17609.3,7009
2021-06-22 09:50:44,17609.3,7009
2021-06-22 09:50:47,17601.0,7010
2021-06-22 09:50:49,17601.0,7010
2021-06-22 09:50:50,17600.0,7031
2021-06-22 09:50:51,17597.0,7032
2021-06-22 09:50:51,17597.0,7032
2021-06-22 09:50:52,17597.0,7032
2021-06-22 09:50:53,17597.0,7032
2021-06-22 09:50:55,17597.0,7032
2021-06-22 09:50:56,17597.0,7032
2021-06-22 09:50:57,17597.0,7032
2021-06-22 09:50:57,17597.0,7032
2021-06-22 09:50:58,17599.95,7033
2021-06-22 09:50:59,17599.95,7033
2021-06-22 09:51:00,17589.85,7037
2021-06-22 09:51:02,17589.25,7038
2021-06-22 09:51:03,17589.25,7038
2021-06-22 09:51:04,17589.25,7038
2021-06-22 09:51:05,17589.25,7038
2021-06-22 09:51:06,17589.25,7038
2021-06-22 09:51:07,17589.25,7038
2021-06-22 09:51:08,17589.25,7038
2021-06-22 09:51:10,17596.65,7039
2021-06-22 09:51:11,17596.65,7039
2021-06-22 09:51:12,17596.65,7039
2021-06-22 09:51:13,17596.65,7039
2021-06-22 09:51:15,17596.65,7039
2021-06-22 09:51:15,17597.1,7044
2021-06-22 09:51:17,17598.0,7045
2021-06-22 09:51:18,17591.1,7046
2021-06-22 09:51:19,17590.0,7049
2021-06-22 09:51:20,17590.0,7049
2021-06-22 09:51:21,17590.0,7049
2021-06-22 09:51:23,17590.0,7049
2021-06-22 09:51:23,17590.0,7049
2021-06-22 09:51:24,17590.0,7049
2021-06-22 09:51:26,17590.0,7049
2021-06-22 09:51:27,17590.0,7049
2021-06-22 09:51:28,17590.0,7054
2021-06-22 09:51:29,17590.0,7054
2021-06-22 09:51:30,17590.0,7054
2021-06-22 09:51:31,17590.0,7070
2021-06-22 09:51:31,17586.0,7071
2021-06-22 09:51:32,17586.0,7071
2021-06-22 09:51:33,17586.0,7071
2021-06-22 09:51:34,17586.0,7071
2021-06-22 09:51:38,17585.1,7082
2021-06-22 09:51:39,17585.1,7082
2021-06-22 09:51:40,17585.1,7082
2021-06-22 09:51:41,17585.75,7083
2021-06-22 09:51:41,17585.75,7083
2021-06-22 09:51:43,17585.75,7083
2021-06-22 09:51:43,17590.0,7084
2021-06-22 09:51:44,17590.0,7084
2021-06-22 09:51:46,17590.0,7094
2021-06-22 09:51:47,17585.6,7095
2021-06-22 09:51:50,17590.0,7115
2021-06-22 09:51:51,17585.15,7116
2021-06-22 09:51:52,17585.15,7116
2021-06-22 09:51:53,17585.15,7116
2021-06-22 09:51:54,17585.15,7116
2021-06-22 09:51:55,17585.15,7116
2021-06-22 09:51:55,17585.15,7116
2021-06-22 09:51:57,17590.0,7122
2021-06-22 09:51:59,17590.0,7122
2021-06-22 09:52:01,17590.0,7122
2021-06-22 09:52:02,17590.0,7122
2021-06-22 09:52:03,17590.0,7122
2021-06-22 09:52:05,17590.0,7122
2021-06-22 09:52:09,17590.0,7122
2021-06-22 09:52:14,17586.0,7126
2021-06-22 09:52:14,17586.0,7126
2021-06-22 09:52:17,17586.0,7126
2021-06-22 09:52:19,17586.0,7126
2021-06-22 09:52:20,17590.0,7129
2021-06-22 09:52:21,17590.0,7129
2021-06-22 09:52:24,17590.0,7129
2021-06-22 09:52:25,17590.0,7129
2021-06-22 09:52:28,17590.0,7129
2021-06-22 09:52:29,17590.0,7130
2021-06-22 09:52:30,17585.0,7137
2021-06-22 09:52:31,17585.0,7137
2021-06-22 09:52:32,17585.15,7145
2021-06-22 09:52:33,17584.9,7146
2021-06-22 09:52:34,17590.0,7148
2021-06-22 09:52:35,17584.05,7149
2021-06-22 09:52:36,17584.05,7149
2021-06-22 09:52:37,17590.0,7150
2021-06-22 09:52:38,17590.0,7150
2021-06-22 09:52:40,17590.0,7150
2021-06-22 09:52:42,17584.05,7351
2021-06-22 09:52:43,17584.05,7351
2021-06-22 09:52:44,17587.9,7358
2021-06-22 09:52:45,17586.0,7362
2021-06-22 09:52:46,17584.15,7369
2021-06-22 09:52:47,17584.15,7369
2021-06-22 09:52:48,17579.95,7470
2021-06-22 09:52:49,17580.0,7479
2021-06-22 09:52:50,17580.0,7479
2021-06-22 09:52:51,17580.0,7479
2021-06-22 09:52:52,17580.0,7479
2021-06-22 09:52:54,17580.0,7479
2021-06-22 09:52:56,17580.0,7479
2021-06-22 09:52:57,17580.0,7479
2021-06-22 09:52:58,17580.0,7479
2021-06-22 09:53:01,17580.0,7479
2021-06-22 09:53:02,17589.6,7480
2021-06-22 09:53:03,17589.6,7480
2021-06-22 09:53:04,17589.6,7480
2021-06-22 09:53:06,17593.4,7483
2021-06-22 09:53:07,17593.4,7483
2021-06-22 09:53:08,17593.4,7483
2021-06-22 09:53:09,17593.4,7483
2021-06-22 09:53:10,17593.4,7483
2021-06-22 09:53:11,17592.35,7484
2021-06-22 09:53:12,17592.35,7484
2021-06-22 09:53:13,17592.35,7484
2021-06-22 09:53:14,17592.35,7484
2021-06-22 09:53:15,17592.35,7484
2021-06-22 09:53:16,17592.35,7484
2021-06-22 09:53:17,17592.35,7484
2021-06-22 09:53:18,17592.35,7484
2021-06-22 09:53:20,17593.4,7490
2021-06-22 09:53:22,17593.4,7490
2021-06-22 09:53:23,17593.4,7490
2021-06-22 09:53:25,17593.4,7490
2021-06-22 09:53:29,17593.4,7490
2021-06-22 09:53:31,17593.4,7490
2021-06-22 09:53:32,17593.4,7490
2021-06-22 09:53:33,17594.8,7492
2021-06-22 09:53:34,17594.8,7492
2021-06-22 09:53:35,17594.8,7492
2021-06-22 09:53:36,17595.2,7495
2021-06-22 09:53:36,17595.2,7495
2021-06-22 09:53:37,17595.2,7495
2021-06-22 09:53:38,17593.4,7496
2021-06-22 09:53:40,17597.25,7506
2021-06-22 09:53:41,17597.25,7506
2021-06-22 09:53:42,17597.25,7506
2021-06-22 09:53:43,17589.6,7508
2021-06-22 09:53:44,17589.6,7508
2021-06-22 09:53:45,17589.6,7508
2021-06-22 09:53:46,17589.6,7508
2021-06-22 09:53:50,17589.6,7508
2021-06-22 09:53:51,17589.6,7508
2021-06-22 09:53:52,17589.6,7508
2021-06-22 09:53:53,17589.6,7508
2021-06-22 09:53:54,17589.6,7508
2021-06-22 09:53:56,17589.6,7508
2021-06-22 09:53:57,17593.4,7513
2021-06-22 09:53:58,17593.4,7513
2021-06-22 09:54:00,17593.4,7513
2021-06-22 09:54:01,17593.4,7513
2021-06-22 09:54:02,17593.4,7513
2021-06-22 09:54:03,17593.4,7513
2021-06-22 09:54:04,17593.4,7516
2021-06-22 09:54:05,17593.4,7516
2021-06-22 09:54:06,17593.4,7516
2021-06-22 09:54:07,17593.4,7516
2021-06-22 09:54:08,17593.4,7516
2021-06-22 09:54:09,17593.4,7516
2021-06-22 09:54:10,17593.4,7516
2021-06-22 09:54:11,17593.4,7517
2021-06-22 09:54:11,17593.4,7517
2021-06-22 09:54:12,17593.4,7517
2021-06-22 09:54:14,17601.95,7562
2021-06-22 09:54:15,17592.05,7565
2021-06-22 09:54:16,17592.05,7565
2021-06-22 09:54:17,17592.05,7565
2021-06-22 09:54:18,17590.5,7569
2021-06-22 09:54:20,17590.0,7570
2021-06-22 09:54:21,17590.0,7570
2021-06-22 09:54:22,17590.0,7570
2021-06-22 09:54:23,17590.0,7570
2021-06-22 09:54:24,17590.0,7570
2021-06-22 09:54:25,17590.0,7570
2021-06-22 09:54:26,17586.05,7571
2021-06-22 09:54:27,17586.05,7571
2021-06-22 09:54:28,17586.05,7571
2021-06-22 09:54:30,17586.05,7571
2021-06-22 09:54:31,17586.05,7571
2021-06-22 09:54:32,17586.05,7571
2021-06-22 09:54:33,17586.05,7571
2021-06-22 09:54:34,17599.0,7576
2021-06-22 09:54:35,17599.0,7576
2021-06-22 09:54:36,17599.0,7576
2021-06-22 09:54:37,17599.0,7576
2021-06-22 09:54:38,17599.0,7576
2021-06-22 09:54:39,17599.0,7576
2021-06-22 09:54:40,17599.0,7576
2021-06-22 09:54:41,17599.0,7576
2021-06-22 09:54:42,17599.0,7576
2021-06-22 09:54:44,17599.0,7576
2021-06-22 09:54:45,17599.0,7576
2021-06-22 09:54:46,17599.0,7576
2021-06-22 09:54:47,17599.0,7576
2021-06-22 09:54:47,17599.0,7576
2021-06-22 09:54:49,17599.0,7576
2021-06-22 09:54:50,17599.0,7576
2021-06-22 09:54:51,17599.0,7576
2021-06-22 09:54:52,17599.0,7576
2021-06-22 09:54:53,17599.0,7576
2021-06-22 09:54:54,17599.0,7576
2021-06-22 09:54:55,17599.0,7576
2021-06-22 09:54:56,17599.0,7576
2021-06-22 09:54:57,17599.0,7576
2021-06-22 09:54:58,17599.0,7576
2021-06-22 09:54:59,17599.0,7576
2021-06-22 09:55:00,17599.0,7576
2021-06-22 09:55:01,17599.0,7576
2021-06-22 09:55:03,17599.0,7576
2021-06-22 09:55:04,17599.0,7576
2021-06-22 09:55:05,17599.0,7576
2021-06-22 09:55:08,17599.0,7576
2021-06-22 09:55:09,17599.0,7576
2021-06-22 09:55:10,17599.0,7576
2021-06-22 09:55:11,17596.7,7577
2021-06-22 09:55:12,17596.7,7577
2021-06-22 09:55:14,17596.7,7577
2021-06-22 09:55:15,17596.7,7577
2021-06-22 09:55:16,17596.7,7577
2021-06-22 09:55:17,17596.7,7577
2021-06-22 09:55:18,17596.7,7577
2021-06-22 09:55:19,17598.75,7580
2021-06-22 09:55:22,17598.75,7580
2021-06-22 09:55:23,17598.75,7580
2021-06-22 09:55:24,17598.75,7580
2021-06-22 09:55:26,17598.75,7580
2021-06-22 09:55:27,17598.75,7580
2021-06-22 09:55:29,17598.75,7580
2021-06-22 09:55:30,17598.75,7580
2021-06-22 09:55:31,17589.65,7584
2021-06-22 09:55:32,17589.05,7588
2021-06-22 09:55:34,17589.0,7591
2021-06-22 09:55:35,17589.0,7591
2021-06-22 09:55:36,17589.0,7591
2021-06-22 09:55:37,17589.0,7591
2021-06-22 09:55:38,17589.0,7591
2021-06-22 09:55:39,17589.0,7592
2021-06-22 09:55:40,17589.0,7592
2021-06-22 09:55:41,17589.0,7592
2021-06-22 09:55:42,17589.0,7592
2021-06-22 09:55:43,17589.0,7592
2021-06-22 09:55:44,17589.0,7592
2021-06-22 09:55:45,17589.0,7592
2021-06-22 09:55:47,17589.0,7592
2021-06-22 09:55:49,17589.0,7592
2021-06-22 09:55:50,17594.0,7594
2021-06-22 09:55:52,17594.0,7594
2021-06-22 09:55:53,17594.0,7594
2021-06-22 09:55:54,17594.0,7594
2021-06-22 09:55:55,17594.0,7594
2021-06-22 09:55:56,17594.0,7594
2021-06-22 09:55:57,17594.0,7594
2021-06-22 09:55:58,17594.0,7594
2021-06-22 09:56:00,17594.0,7594
2021-06-22 09:56:01,17594.0,7594
2021-06-22 09:56:02,17594.0,7594
2021-06-22 09:56:03,17594.0,7594
2021-06-22 09:56:04,17589.0,7620
2021-06-22 09:56:05,17587.0,7621
2021-06-22 09:56:06,17587.0,7621
2021-06-22 09:56:07,17587.0,7621
2021-06-22 09:56:08,17587.0,7621
2021-06-22 09:56:09,17587.0,7621
2021-06-22 09:56:10,17587.0,7621
2021-06-22 09:56:11,17587.0,7621
2021-06-22 09:56:13,17587.0,7621
2021-06-22 09:56:14,17587.0,7621
2021-06-22 09:56:15,17587.0,7621
2021-06-22 09:56:16,17597.75,7642
2021-06-22 09:56:18,17589.0,7643
2021-06-22 09:56:19,17589.0,7643
2021-06-22 09:56:20,17589.0,7643
2021-06-22 09:56:21,17589.0,7643
2021-06-22 09:56:23,17599.9,7648
2021-06-22 09:56:24,17599.9,7649
2021-06-22 09:56:25,17589.2,7650
2021-06-22 09:56:26,17589.2,7650
2021-06-22 09:56:27,17589.2,7650
2021-06-22 09:56:28,17589.2,7650
2021-06-22 09:56:29,17589.2,7650
2021-06-22 09:56:30,17589.2,7650
2021-06-22 09:56:31,17589.2,7650
2021-06-22 09:56:34,17589.2,7650
2021-06-22 09:56:35,17589.2,7650
2021-06-22 09:56:36,17589.2,7650
2021-06-22 09:56:37,17589.2,7650
2021-06-22 09:56:38,17589.2,7650
2021-06-22 09:56:39,17589.2,7650
2021-06-22 09:56:40,17589.2,7650
2021-06-22 09:56:41,17598.2,7653
2021-06-22 09:56:42,17590.0,7654
2021-06-22 09:56:43,17590.0,7654
2021-06-22 09:56:44,17590.0,7654
2021-06-22 09:56:45,17590.0,7654
2021-06-22 09:56:46,17590.0,7654
2021-06-22 09:56:47,17590.0,7654
2021-06-22 09:56:48,17590.0,7654
2021-06-22 09:56:49,17590.0,7654
2021-06-22 09:56:50,17590.0,7654
2021-06-22 09:56:51,17590.0,7654
2021-06-22 09:56:52,17590.0,7654
2021-06-22 09:56:53,17589.3,7671
2021-06-22 09:56:54,17589.2,7672
2021-06-22 09:56:55,17589.2,7672
2021-06-22 09:56:56,17589.2,7672
2021-06-22 09:56:57,17589.2,7672
2021-06-22 09:56:58,17589.2,7672
2021-06-22 09:56:59,17589.2,7672
2021-06-22 09:57:00,17589.2,7672
2021-06-22 09:57:01,17589.2,7672
2021-06-22 09:57:02,17589.2,7672
2021-06-22 09:57:03,17589.2,7672
2021-06-22 09:57:04,17589.2,7672
2021-06-22 09:57:05,17589.2,7672
2021-06-22 09:57:06,17589.2,7672
2021-06-22 09:57:08,17589.2,7672
2021-06-22 09:57:09,17589.2,7672
2021-06-22 09:57:10,17589.2,7672
2021-06-22 09:57:11,17589.2,7672
2021-06-22 09:57:12,17589.2,7672
2021-06-22 09:57:13,17589.2,7672
2021-06-22 09:57:14,17589.2,7672
2021-06-22 09:57:15,17589.2,7672
2021-06-22 09:57:16,17589.2,7672
2021-06-22 09:57:17,17595.0,7673
2021-06-22 09:57:18,17595.0,7673
2021-06-22 09:57:19,17589.0,7674
2021-06-22 09:57:21,17589.0,7674
2021-06-22 09:57:22,17587.8,7679
2021-06-22 09:57:23,17587.8,7679
2021-06-22 09:57:24,17587.8,7679
2021-06-22 09:57:26,17587.8,7679
2021-06-22 09:57:27,17587.8,7679
2021-06-22 09:57:27,17587.8,7679
2021-06-22 09:57:28,17586.1,7681
2021-06-22 09:57:29,17586.05,7682
2021-06-22 09:57:30,17586.05,7682
2021-06-22 09:57:31,17585.0,7787
2021-06-22 09:57:33,17580.0,7796
2021-06-22 09:57:34,17580.0,7796
2021-06-22 09:57:34,17580.1,7797
2021-06-22 09:57:36,17580.1,7797
2021-06-22 09:57:37,17580.0,7803
2021-06-22 09:57:38,17588.0,7805
2021-06-22 09:57:39,17588.0,7805
2021-06-22 09:57:40,17588.0,7805
2021-06-22 09:57:41,17588.0,7805
2021-06-22 09:57:44,17588.0,7805
2021-06-22 09:57:46,17590.75,7809
2021-06-22 09:57:47,17590.75,7809
2021-06-22 09:57:47,17590.75,7809
2021-06-22 09:57:48,17574.0,8102
2021-06-22 09:57:49,17571.0,8105
2021-06-22 09:57:50,17570.0,8130
2021-06-22 09:57:51,17570.0,8132
2021-06-22 09:57:52,17570.0,8132
2021-06-22 09:57:54,17570.0,8132
2021-06-22 09:57:55,17570.0,8132
2021-06-22 09:57:56,17570.0,8132
2021-06-22 09:57:57,17570.0,8132
2021-06-22 09:57:58,17570.0,8132
2021-06-22 09:57:59,17570.0,8135
2021-06-22 09:58:00,17574.75,8140
2021-06-22 09:58:01,17574.75,8140
2021-06-22 09:58:02,17574.75,8152
2021-06-22 09:58:03,17570.0,8157
2021-06-22 09:58:04,17570.0,8157
2021-06-22 09:58:06,17570.0,8157
2021-06-22 09:58:07,17570.0,8157
2021-06-22 09:58:09,17570.0,8157
2021-06-22 09:58:09,17570.0,8157
2021-06-22 09:58:10,17570.0,8157
2021-06-22 09:58:11,17570.0,8157
2021-06-22 09:58:12,17578.4,8158
2021-06-22 09:58:13,17570.0,8160
2021-06-22 09:58:14,17570.0,8160
2021-06-22 09:58:16,17570.0,8160
2021-06-22 09:58:17,17570.0,8160
2021-06-22 09:58:17,17570.0,8160
2021-06-22 09:58:18,17570.0,8160
2021-06-22 09:58:21,17570.0,8160
2021-06-22 09:58:24,17570.0,8160
2021-06-22 09:58:25,17570.0,8160
2021-06-22 09:58:26,17579.25,8170
2021-06-22 09:58:26,17579.25,8170
2021-06-22 09:58:28,17580.9,8171
2021-06-22 09:58:29,17580.9,8171
2021-06-22 09:58:30,17577.95,8172
2021-06-22 09:58:31,17577.95,8172
2021-06-22 09:58:32,17577.95,8174
2021-06-22 09:58:33,17577.95,8174
2021-06-22 09:58:34,17577.95,8174
2021-06-22 09:58:36,17577.95,8174
2021-06-22 09:58:38,17577.95,8174
2021-06-22 09:58:41,17577.95,8174
2021-06-22 09:58:42,17577.95,8174
2021-06-22 09:58:42,17577.95,8174
2021-06-22 09:58:45,17577.95,8174
2021-06-22 09:58:46,17577.95,8174
2021-06-22 09:58:50,17577.95,8174
2021-06-22 09:58:51,17577.95,8174
2021-06-22 09:58:52,17577.95,8174
2021-06-22 09:58:53,17578.0,8176
2021-06-22 09:58:54,17578.0,8176
2021-06-22 09:58:55,17577.9,8178
2021-06-22 09:58:56,17577.9,8178
2021-06-22 09:58:57,17577.9,8178
2021-06-22 09:58:58,17577.9,8178
2021-06-22 09:58:59,17577.9,8178
2021-06-22 09:59:00,17577.9,8178
2021-06-22 09:59:01,17577.9,8178
2021-06-22 09:59:02,17571.6,8179
2021-06-22 09:59:03,17571.6,8179
2021-06-22 09:59:04,17571.6,8179
2021-06-22 09:59:05,17571.0,8189
2021-06-22 09:59:07,17571.0,8189
2021-06-22 09:59:08,17571.0,8189
2021-06-22 09:59:09,17573.0,8192
2021-06-22 09:59:10,17573.0,8193
2021-06-22 09:59:11,17577.9,8194
2021-06-22 09:59:12,17577.9,8194
2021-06-22 09:59:13,17577.9,8194
2021-06-22 09:59:14,17577.9,8194
2021-06-22 09:59:17,17577.9,8194
2021-06-22 09:59:20,17577.9,8194
2021-06-22 09:59:21,17577.9,8194
2021-06-22 09:59:22,17577.9,8194
2021-06-22 09:59:25,17577.9,8194
2021-06-22 09:59:26,17577.9,8198
2021-06-22 09:59:27,17577.9,8199
2021-06-22 09:59:28,17577.9,8199
2021-06-22 09:59:29,17577.9,8199
2021-06-22 09:59:29,17577.9,8201
2021-06-22 09:59:30,17577.9,8201
2021-06-22 09:59:31,17574.0,8202
2021-06-22 09:59:32,17574.0,8202
2021-06-22 09:59:34,17574.0,8202
2021-06-22 09:59:34,17574.0,8202
2021-06-22 09:59:35,17574.0,8202
2021-06-22 09:59:36,17574.0,8202
2021-06-22 09:59:37,17574.0,8202
2021-06-22 09:59:38,17574.0,8202
2021-06-22 09:59:39,17577.85,8203
2021-06-22 09:59:40,17573.6,8204
2021-06-22 09:59:41,17573.6,8204
2021-06-22 09:59:42,17577.85,8214
2021-06-22 09:59:44,17573.6,8215
2021-06-22 09:59:44,17573.6,8215
2021-06-22 09:59:45,17573.6,8215
2021-06-22 09:59:50,17577.85,8219
2021-06-22 09:59:51,17577.85,8219
2021-06-22 09:59:52,17577.85,8219
2021-06-22 09:59:53,17577.85,8219
2021-06-22 09:59:53,17577.85,8219
2021-06-22 09:59:55,17577.85,8219
2021-06-22 09:59:56,17577.85,8219
2021-06-22 09:59:57,17577.85,8219
2021-06-22 09:59:58,17577.85,8220
2021-06-22 09:59:59,17577.85,8220
2021-06-22 10:00:00,17577.85,8220
2021-06-22 10:00:01,17577.85,8220
2021-06-22 10:00:04,17577.85,8220
2021-06-22 10:00:06,17577.85,8220
2021-06-22 10:00:07,17577.85,8220
2021-06-22 10:00:08,17577.85,8220
2021-06-22 10:00:09,17577.85,8220
2021-06-22 10:00:11,17577.85,8220
2021-06-22 10:00:19,17577.85,8220
2021-06-22 10:00:20,17577.85,8220
2021-06-22 10:00:21,17577.85,8220
2021-06-22 10:00:21,17577.85,8220
2021-06-22 10:00:22,17577.85,8220
2021-06-22 10:00:25,17577.85,8220
2021-06-22 10:00:26,17577.85,8220
2021-06-22 10:00:30,17575.0,8227
2021-06-22 10:00:31,17575.0,8227
2021-06-22 10:00:31,17575.0,8227
2021-06-22 10:00:35,17577.75,8228
2021-06-22 10:00:36,17577.75,8231
2021-06-22 10:00:39,17577.75,8233
2021-06-22 10:00:41,17574.6,8260
2021-06-22 10:00:42,17574.0,8264
2021-06-22 10:00:43,17573.0,8267
2021-06-22 10:00:46,17573.0,8267
2021-06-22 10:00:47,17573.0,8267
2021-06-22 10:00:48,17580.05,8295
2021-06-22 10:00:49,17585.95,8298
2021-06-22 10:00:50,17574.0,8299
2021-06-22 10:00:51,17574.0,8299
2021-06-22 10:00:51,17574.0,8299
2021-06-22 10:00:52,17574.0,8299
2021-06-22 10:00:53,17575.2,8302
2021-06-22 10:00:54,17575.2,8302
2021-06-22 10:00:55,17575.2,8302
2021-06-22 10:00:56,17575.2,8302
2021-06-22 10:00:57,17575.2,8302
2021-06-22 10:00:58,17575.2,8302
2021-06-22 10:01:00,17575.2,8302
2021-06-22 10:01:00,17575.2,8302
2021-06-22 10:01:01,17575.2,8302
2021-06-22 10:01:06,17580.0,8305
2021-06-22 10:01:07,17580.0,8305
2021-06-22 10:01:08,17584.8,8315
2021-06-22 10:01:09,17584.8,8315
2021-06-22 10:01:11,17575.3,8320
2021-06-22 10:01:12,17584.75,8321
2021-06-22 10:01:14,17584.75,8321
2021-06-22 10:01:15,17584.75,8321
2021-06-22 10:01:16,17584.75,8321
2021-06-22 10:01:17,17584.75,8321
2021-06-22 10:01:18,17575.3,8327
2021-06-22 10:01:21,17575.3,8328
2021-06-22 10:01:23,17584.0,8329
2021-06-22 10:01:24,17584.0,8329
2021-06-22 10:01:25,17584.0,8329
2021-06-22 10:01:26,17587.55,8359
2021-06-22 10:01:27,17575.35,8380
2021-06-22 10:01:27,17575.7,8377
2021-06-22 10:01:28,17575.35,8380
2021-06-22 10:01:29,17575.35,8380
2021-06-22 10:01:31,17565.0,8535
2021-06-22 10:01:31,17565.0,8544
2021-06-22 10:01:32,17563.55,8550
2021-06-22 10:01:34,17563.25,8552
2021-06-22 10:01:35,17563.0,8556
2021-06-22 10:01:36,17563.0,8556
2021-06-22 10:01:37,17563.0,8556
2021-06-22 10:01:38,17573.15,8557
2021-06-22 10:01:41,17573.15,8557
2021-06-22 10:01:45,17573.15,8557
2021-06-22 10:01:50,17573.15,8557
2021-06-22 10:01:58,17573.15,8557
2021-06-22 10:02:02,17573.15,8557
2021-06-22 10:02:06,17573.15,8557
2021-06-22 10:02:09,17573.15,8557
2021-06-22 10:02:13,17580.4,8560
2021-06-22 10:02:18,17580.4,8560
2021-06-22 10:02:22,17580.4,8560
2021-06-22 10:02:35,17574.0,8561
2021-06-22 10:02:40,17574.0,8561
2021-06-22 10:02:48,17574.0,8561
2021-06-22 10:02:52,17574.0,8561
2021-06-22 10:02:56,17573.0,8568
2021-06-22 10:03:05,17570.0,8612
2021-06-22 10:03:09,17563.0,8616
2021-06-22 10:03:13,17562.0,8619
2021-06-22 10:03:17,17561.0,8620
2021-06-22 10:03:21,17569.95,8625
2021-06-22 10:03:26,17569.95,8625
2021-06-22 10:03:34,17561.0,8627
2021-06-22 10:03:39,17561.0,8627
2021-06-22 10:03:43,17575.15,8636
2021-06-22 10:03:51,17575.15,8636
2021-06-22 10:03:55,17575.15,8636
2021-06-22 10:03:59,17575.15,8636
2021-06-22 10:04:03,17575.15,8637
2021-06-22 10:04:06,17561.0,8665
2021-06-22 10:04:14,17571.15,8667
2021-06-22 10:04:17,17573.85,8677
2021-06-22 10:04:21,17573.85,8677
2021-06-22 10:04:25,17576.0,8681
2021-06-22 10:04:29,17566.45,8686
2021-06-22 10:04:32,17566.45,8686
2021-06-22 10:04:37,17572.75,8687
2021-06-22 10:04:41,17572.75,8687
2021-06-22 10:04:52,17572.75,8687
2021-06-22 10:04:56,17572.75,8687
2021-06-22 10:05:00,17572.75,8688
2021-06-22 10:05:03,17572.75,8688
2021-06-22 10:05:07,17565.0,8689
2021-06-22 10:05:14,17574.9,8692
2021-06-22 10:05:17,17566.0,8693
2021-06-22 10:05:21,17565.6,8695
2021-06-22 10:05:25,17575.0,8699
2021-06-22 10:05:30,17575.0,8699
2021-06-22 10:05:34,17575.0,8700
2021-06-22 10:05:38,17572.35,8706
2021-06-22 10:05:43,17567.55,8708
2021-06-22 10:05:47,17567.55,8708
2021-06-22 10:05:50,17567.55,8708
2021-06-22 10:05:58,17567.55,8790
2021-06-22 10:06:01,17576.85,8844
2021-06-22 10:06:05,17563.95,8856
2021-06-22 10:06:09,17564.3,8867
2021-06-22 10:06:13,17563.25,8868
2021-06-22 10:06:17,17563.25,8868
2021-06-22 10:06:20,17573.6,8870
2021-06-22 10:06:24,17562.8,8883
2021-06-22 10:06:27,17562.95,8884
2021-06-22 10:06:31,17573.55,8904
2021-06-22 10:06:35,17564.2,8905
2021-06-22 10:06:40,17562.85,8906
2021-06-22 10:06:41,17562.85,8906
2021-06-22 10:06:44,17562.85,8906
2021-06-22 10:06:45,17562.85,8906
2021-06-22 10:06:49,17562.85,8906
2021-06-22 10:06:50,17562.85,8906
2021-06-22 10:06:51,17562.85,8906
2021-06-22 10:06:52,17562.85,8906
2021-06-22 10:06:53,17563.25,8911
2021-06-22 10:06:54,17563.25,8911
2021-06-22 10:06:55,17563.25,8911
2021-06-22 10:06:56,17563.25,8911
2021-06-22 10:06:57,17563.25,8911
2021-06-22 10:07:00,17563.25,8911
2021-06-22 10:07:01,17563.25,8911
2021-06-22 10:07:02,17563.25,8911
2021-06-22 10:07:03,17563.25,8911
2021-06-22 10:07:04,17563.25,8911
2021-06-22 10:07:05,17563.25,8911
2021-06-22 10:07:06,17563.25,8911
2021-06-22 10:07:07,17563.25,8911
2021-06-22 10:07:10,17572.0,8912
2021-06-22 10:07:11,17572.0,8912
2021-06-22 10:07:13,17572.0,8912
2021-06-22 10:07:14,17573.0,8931
2021-06-22 10:07:15,17566.0,8932
2021-06-22 10:07:16,17566.0,8932
2021-06-22 10:07:17,17566.0,8932
2021-06-22 10:07:18,17566.0,8932
2021-06-22 10:07:19,17566.0,8932
2021-06-22 10:07:23,17573.6,8933
2021-06-22 10:07:24,17573.6,8933
2021-06-22 10:07:25,17573.6,8933
2021-06-22 10:07:27,17573.6,8933
2021-06-22 10:07:28,17573.6,8933
2021-06-22 10:07:29,17573.6,8933
2021-06-22 10:07:30,17573.6,8933
2021-06-22 10:07:31,17573.6,8933
2021-06-22 10:07:32,17573.6,8933
2021-06-22 10:07:33,17561.7,9030
2021-06-22 10:07:34,17561.6,9038
2021-06-22 10:07:35,17561.6,9039
2021-06-22 10:07:36,17561.6,9039
2021-06-22 10:07:37,17561.6,9039
2021-06-22 10:07:38,17561.6,9039
2021-06-22 10:07:39,17561.6,9039
2021-06-22 10:07:40,17571.95,9040
2021-06-22 10:07:41,17571.95,9040
2021-06-22 10:07:42,17571.95,9040
2021-06-22 10:07:44,17571.95,9040
2021-06-22 10:07:46,17572.0,9041
2021-06-22 10:07:47,17572.0,9041
2021-06-22 10:07:48,17571.95,9042
2021-06-22 10:07:49,17571.95,9042
2021-06-22 10:07:50,17571.95,9042
2021-06-22 10:07:51,17562.0,9044
2021-06-22 10:07:52,17562.0,9044
2021-06-22 10:07:55,17562.0,9044
2021-06-22 10:07:56,17562.0,9044
2021-06-22 10:07:56,17562.0,9044
2021-06-22 10:08:00,17562.0,9044
2021-06-22 10:08:00,17562.0,9044
2021-06-22 10:08:01,17562.0,9044
2021-06-22 10:08:03,17570.0,9045
2021-06-22 10:08:04,17570.0,9046
2021-06-22 10:08:06,17570.0,9046
2021-06-22 10:08:09,17570.0,9046
2021-06-22 10:08:12,17569.95,9051
2021-06-22 10:08:13,17569.95,9051
2021-06-22 10:08:15,17570.0,9114
2021-06-22 10:08:17,17570.0,9114
2021-06-22 10:08:18,17570.0,9114
2021-06-22 10:08:22,17570.0,9114
2021-06-22 10:08:22,17570.0,9114
2021-06-22 10:08:25,17570.0,9114
2021-06-22 10:08:26,17570.0,9114
2021-06-22 10:08:28,17570.0,9114
2021-06-22 10:08:29,17570.0,9114
2021-06-22 10:08:31,17570.0,9114
2021-06-22 10:08:33,17570.0,9114
2021-06-22 10:08:33,17570.0,9114
2021-06-22 10:08:34,17573.95,9115
2021-06-22 10:08:36,17573.95,9115
2021-06-22 10:08:37,17573.95,9115
2021-06-22 10:08:39,17573.95,9115
2021-06-22 10:08:42,17576.5,9125
2021-06-22 10:08:43,17576.5,9125
2021-06-22 10:08:44,17576.5,9125
2021-06-22 10:08:45,17576.5,9125
2021-06-22 10:08:47,17576.5,9125
2021-06-22 10:08:47,17576.5,9125
2021-06-22 10:08:48,17576.5,9125
2021-06-22 10:08:49,17576.5,9125
2021-06-22 10:08:50,17576.5,9125
2021-06-22 10:08:51,17576.5,9125
2021-06-22 10:08:53,17576.5,9125
2021-06-22 10:08:54,17573.95,9126
2021-06-22 10:08:55,17573.95,9126
2021-06-22 10:08:56,17573.95,9126
2021-06-22 10:08:58,17573.95,9126
2021-06-22 10:08:58,17573.95,9127
2021-06-22 10:08:59,17573.95,9127
2021-06-22 10:09:02,17573.95,9127
2021-06-22 10:09:04,17573.95,9127
2021-06-22 10:09:06,17573.95,9127
2021-06-22 10:09:08,17573.95,9127
2021-06-22 10:09:10,17573.95,9127
2021-06-22 10:09:11,17573.95,9127
2021-06-22 10:09:13,17577.15,9132
2021-06-22 10:09:14,17577.15,9132
2021-06-22 10:09:16,17577.15,9132
2021-06-22 10:09:16,17577.15,9132
2021-06-22 10:09:17,17577.15,9132
2021-06-22 10:09:18,17573.55,9134
2021-06-22 10:09:19,17573.55,9134
2021-06-22 10:09:20,17573.55,9134
2021-06-22 10:09:21,17573.55,9134
2021-06-22 10:09:22,17573.55,9134
2021-06-22 10:09:23,17573.55,9134
2021-06-22 10:09:24,17573.55,9134
2021-06-22 10:09:26,17579.95,9136
2021-06-22 10:09:27,17579.95,9136
2021-06-22 10:09:29,17579.95,9136
2021-06-22 10:09:30,17579.95,9136
2021-06-22 10:09:31,17579.95,9136
2021-06-22 10:09:32,17579.95,9136
2021-06-22 10:09:33,17579.95,9136
2021-06-22 10:09:34,17579.95,9136
2021-06-22 10:09:35,17579.95,9136
2021-06-22 10:09:36,17579.95,9138
2021-06-22 10:09:37,17579.95,9138
2021-06-22 10:09:38,17579.95,9138
2021-06-22 10:09:40,17579.95,9138
2021-06-22 10:09:40,17579.95,9138
2021-06-22 10:09:41,17579.95,9138
2021-06-22 10:09:44,17579.95,9138
2021-06-22 10:09:47,17579.95,9138
2021-06-22 10:09:48,17579.95,9138
2021-06-22 10:09:50,17581.8,9143
2021-06-22 10:09:50,17594.35,9244
2021-06-22 10:09:51,17594.35,9244
2021-06-22 10:09:52,17574.0,9245
2021-06-22 10:09:53,17573.6,9249
2021-06-22 10:09:54,17570.0,9252
2021-06-22 10:09:55,17578.35,9253
2021-06-22 10:09:56,17578.35,9253
2021-06-22 10:09:59,17578.35,9253
2021-06-22 10:10:01,17578.35,9253
2021-06-22 10:10:03,17578.35,9253
2021-06-22 10:10:04,17578.35,9253
2021-06-22 10:10:07,17578.35,9253
2021-06-22 10:10:08,17578.35,9253
2021-06-22 10:10:09,17578.35,9253
2021-06-22 10:10:10,17578.35,9253
2021-06-22 10:10:11,17578.35,9253
2021-06-22 10:10:12,17578.35,9253
2021-06-22 10:10:13,17578.3,9258
2021-06-22 10:10:14,17578.3,9258
2021-06-22 10:10:15,17578.3,9258
2021-06-22 10:10:16,17578.3,9258
2021-06-22 10:10:17,17578.3,9258
2021-06-22 10:10:18,17578.3,9258
2021-06-22 10:10:20,17578.3,9258
2021-06-22 10:10:21,17578.3,9258
2021-06-22 10:10:22,17578.3,9258
2021-06-22 10:10:23,17578.3,9258
2021-06-22 10:10:24,17578.3,9258
2021-06-22 10:10:25,17570.0,9260
2021-06-22 10:10:26,17570.0,9260
2021-06-22 10:10:27,17578.0,9263
2021-06-22 10:10:28,17578.0,9263
2021-06-22 10:10:29,17578.0,9263
2021-06-22 10:10:30,17578.3,9264
2021-06-22 10:10:31,17578.3,9264
2021-06-22 10:10:31,17578.3,9264
2021-06-22 10:10:32,17576.0,9269
2021-06-22 10:10:34,17576.0,9269
2021-06-22 10:10:35,17575.0,9278
2021-06-22 10:10:37,17575.0,9278
2021-06-22 10:10:38,17579.9,9394
2021-06-22 10:10:38,17578.35,9379
2021-06-22 10:10:39,17578.2,9396
2021-06-22 10:10:41,17588.0,9397
2021-06-22 10:10:42,17588.0,9397
2021-06-22 10:10:43,17588.0,9397
2021-06-22 10:10:45,17588.0,9397
2021-06-22 10:10:45,17588.0,9397
2021-06-22 10:10:46,17588.0,9397
2021-06-22 10:10:47,17588.0,9397
2021-06-22 10:10:48,17578.95,9398
2021-06-22 10:10:49,17578.95,9398
2021-06-22 10:10:50,17578.95,9398
2021-06-22 10:10:51,17578.95,9398
2021-06-22 10:10:53,17590.15,9400
2021-06-22 10:10:54,17590.15,9400
2021-06-22 10:10:54,17592.35,9401
2021-06-22 10:10:56,17592.35,9401
2021-06-22 10:10:57,17592.35,9401
2021-06-22 10:10:58,17589.6,9405
2021-06-22 10:10:59,17589.6,9405
2021-06-22 10:11:00,17589.6,9405
2021-06-22 10:11:01,17589.6,9405
2021-06-22 10:11:02,17589.6,9405
2021-06-22 10:11:04,17589.6,9405
2021-06-22 10:11:04,17589.6,9405
2021-06-22 10:11:06,17589.6,9405
2021-06-22 10:11:07,17589.6,9405
2021-06-22 10:11:09,17589.6,9405
2021-06-22 10:11:10,17589.6,9405
2021-06-22 10:11:11,17589.6,9405
2021-06-22 10:11:11,17589.6,9405
2021-06-22 10:11:13,17589.6,9405
2021-06-22 10:11:14,17589.6,9405
2021-06-22 10:11:14,17589.6,9405
2021-06-22 10:11:15,17589.6,9405
2021-06-22 10:11:16,17578.5,9406
2021-06-22 10:11:17,17578.5,9406
2021-06-22 10:11:18,17578.5,9406
2021-06-22 10:11:19,17578.5,9406
2021-06-22 10:11:20,17578.5,9406
2021-06-22 10:11:21,17578.5,9406
2021-06-22 10:11:22,17578.5,9406
2021-06-22 10:11:23,17578.5,9406
2021-06-22 10:11:24,17578.5,9408
2021-06-22 10:11:25,17578.5,9408
2021-06-22 10:11:26,17578.5,9408
2021-06-22 10:11:28,17578.5,9408
2021-06-22 10:11:29,17578.5,9408
2021-06-22 10:11:30,17578.5,9408
2021-06-22 10:11:32,17584.4,9462
2021-06-22 10:11:33,17579.6,9466
2021-06-22 10:11:34,17579.6,9466
2021-06-22 10:11:35,17579.6,9466
2021-06-22 10:11:35,17579.6,9466
2021-06-22 10:11:38,17575.0,9533
2021-06-22 10:11:39,17573.35,9535
2021-06-22 10:11:40,17571.2,9537
2021-06-22 10:11:40,17571.2,9538
2021-06-22 10:11:41,17571.2,9538
2021-06-22 10:11:42,17571.2,9538
2021-06-22 10:11:44,17571.2,9538
2021-06-22 10:11:44,17571.2,9538
2021-06-22 10:11:45,17571.2,9538
2021-06-22 10:11:46,17571.2,9538
2021-06-22 10:11:47,17571.2,9538
2021-06-22 10:11:48,17571.2,9538
2021-06-22 10:11:49,17571.2,9538
2021-06-22 10:11:50,17571.2,9538
2021-06-22 10:11:55,17571.2,9538
2021-06-22 10:11:56,17571.2,9538
2021-06-22 10:11:57,17571.2,9538
2021-06-22 10:11:58,17570.0,9540
2021-06-22 10:11:59,17570.0,9540
2021-06-22 10:12:00,17570.0,9540
2021-06-22 10:12:01,17570.0,9540
2021-06-22 10:12:03,17570.0,9540
2021-06-22 10:12:04,17570.0,9540
2021-06-22 10:12:05,17570.0,9540
2021-06-22 10:12:05,17570.0,9540
2021-06-22 10:12:06,17576.8,9541
2021-06-22 10:12:08,17576.8,9541
2021-06-22 10:12:09,17576.8,9541
2021-06-22 10:12:10,17576.8,9541
2021-06-22 10:12:11,17576.8,9541
2021-06-22 10:12:12,17576.8,9541
2021-06-22 10:12:12,17576.8,9541
2021-06-22 10:12:13,17576.8,9541
2021-06-22 10:12:14,17576.8,9541
2021-06-22 10:12:16,17580.8,9542
2021-06-22 10:12:17,17580.8,9542
2021-06-22 10:12:18,17580.8,9542
2021-06-22 10:12:20,17580.8,9542
2021-06-22 10:12:21,17580.8,9542
2021-06-22 10:12:22,17580.8,9542
2021-06-22 10:12:23,17572.8,9544
2021-06-22 10:12:24,17572.8,9544
2021-06-22 10:12:25,17572.8,9544
2021-06-22 10:12:26,17572.8,9544
2021-06-22 10:12:27,17572.8,9544
2021-06-22 10:12:30,17572.8,9544
2021-06-22 10:12:31,17572.8,9544
2021-06-22 10:12:32,17572.8,9544
2021-06-22 10:12:32,17572.8,9544
2021-06-22 10:12:33,17572.8,9544
2021-06-22 10:12:34,17580.45,9561
2021-06-22 10:12:35,17572.8,9562
2021-06-22 10:12:38,17572.8,9562
2021-06-22 10:12:43,17581.5,9563
2021-06-22 10:12:48,17581.5,9563
2021-06-22 10:12:51,17581.5,9563
2021-06-22 10:12:52,17581.5,9563
2021-06-22 10:12:56,17581.5,9563
2021-06-22 10:12:58,17581.5,9563
2021-06-22 10:13:00,17581.5,9563
2021-06-22 10:13:01,17581.5,9563
2021-06-22 10:13:02,17581.5,9563
2021-06-22 10:13:02,17581.5,9563
2021-06-22 10:13:03,17581.5,9563
2021-06-22 10:13:04,17581.5,9563
2021-06-22 10:13:06,17581.5,9563
2021-06-22 10:13:07,17581.5,9563
2021-06-22 10:13:08,17565.0,9613
2021-06-22 10:13:09,17565.0,9617
2021-06-22 10:13:10,17565.0,9617
2021-06-22 10:13:10,17566.0,9618
2021-06-22 10:13:11,17566.0,9618
2021-06-22 10:13:12,17566.0,9618
2021-06-22 10:13:13,17566.0,9618
2021-06-22 10:13:14,17566.0,9618
2021-06-22 10:13:15,17566.0,9618
2021-06-22 10:13:16,17566.0,9618
2021-06-22 10:13:17,17576.9,9620
2021-06-22 10:13:18,17576.9,9620
2021-06-22 10:13:20,17576.9,9620
2021-06-22 10:13:21,17576.9,9620
2021-06-22 10:13:23,17576.9,9620
2021-06-22 10:13:24,17576.9,9620
2021-06-22 10:13:24,17576.9,9620
2021-06-22 10:13:26,17576.9,9620
2021-06-22 10:13:27,17576.9,9620
2021-06-22 10:13:28,17576.9,9620
2021-06-22 10:13:30,17576.9,9620
2021-06-22 10:13:31,17574.0,9723
2021-06-22 10:13:32,17565.25,9731
2021-06-22 10:13:33,17574.8,9732
2021-06-22 10:13:34,17574.8,9732
2021-06-22 10:13:35,17574.8,9732
2021-06-22 10:13:36,17574.8,9732
2021-06-22 10:13:38,17565.2,9736
2021-06-22 10:13:39,17565.2,9737
2021-06-22 10:13:40,17565.2,9737
2021-06-22 10:13:41,17565.2,9737
2021-06-22 10:13:42,17574.8,9738
2021-06-22 10:13:43,17574.8,9738
2021-06-22 10:13:43,17574.8,9738
2021-06-22 10:13:44,17574.8,9738
2021-06-22 10:13:45,17574.8,9738
2021-06-22 10:13:46,17574.8,9738
2021-06-22 10:13:47,17574.8,9738
2021-06-22 10:13:48,17574.8,9738
2021-06-22 10:13:50,17574.8,9738
2021-06-22 10:13:51,17574.8,9739
2021-06-22 10:13:52,17574.8,9739
2021-06-22 10:13:55,17574.8,9739
2021-06-22 10:13:55,17574.8,9739
2021-06-22 10:13:57,17574.8,9739
2021-06-22 10:13:58,17574.8,9739
2021-06-22 10:13:59,17574.8,9739
2021-06-22 10:14:00,17574.8,9739
2021-06-22 10:14:02,17574.9,9740
2021-06-22 10:14:03,17574.9,9740
2021-06-22 10:14:03,17574.9,9740
2021-06-22 10:14:05,17565.0,9767
2021-06-22 10:14:05,17562.1,9768
2021-06-22 10:14:06,17562.1,9769
2021-06-22 10:14:07,17561.25,9771
2021-06-22 10:14:09,17562.1,9781
2021-06-22 10:14:10,17562.1,9781
2021-06-22 10:14:14,17564.9,9821
2021-06-22 10:14:14,17560.5,9824
2021-06-22 10:14:15,17560.5,9824
2021-06-22 10:14:16,17555.0,10123
2021-06-22 10:14:17,17553.0,10126
2021-06-22 10:14:18,17551.35,10127
2021-06-22 10:14:21,17545.2,10448
2021-06-22 10:14:22,17544.8,10451
2021-06-22 10:14:22,17535.5,10454
2021-06-22 10:14:23,17533.0,10468
2021-06-22 10:14:24,17532.85,10471
2021-06-22 10:14:25,17530.9,10472
2021-06-22 10:14:27,17530.4,10473
2021-06-22 10:14:28,17530.4,10473
2021-06-22 10:14:29,17530.4,10473
2021-06-22 10:14:31,17535.6,10474
2021-06-22 10:14:32,17535.6,10474
2021-06-22 10:14:33,17535.6,10474
2021-06-22 10:14:34,17535.6,10474
2021-06-22 10:14:35,17535.6,10474
2021-06-22 10:14:35,17535.6,10474
2021-06-22 10:14:36,17543.75,10475
2021-06-22 10:14:37,17543.75,10475
2021-06-22 10:14:38,17543.75,10475
2021-06-22 10:14:40,17543.8,10490
2021-06-22 10:14:41,17543.8,10490
2021-06-22 10:14:41,17543.8,10490
2021-06-22 10:14:42,17543.8,10490
2021-06-22 10:14:44,17543.8,10490
2021-06-22 10:14:45,17543.8,10490
2021-06-22 10:14:46,17543.8,10490
2021-06-22 10:14:47,17543.8,10490
2021-06-22 10:14:48,17543.8,10490
2021-06-22 10:14:49,17543.8,10490
2021-06-22 10:14:50,17543.8,10490
2021-06-22 10:14:51,17543.8,10491
2021-06-22 10:14:52,17543.8,10501
2021-06-22 10:14:54,17543.8,10501
2021-06-22 10:14:55,17543.8,10502
2021-06-22 10:14:56,17543.8,10502
2021-06-22 10:14:57,17543.8,10502
2021-06-22 10:14:58,17543.8,10502
2021-06-22 10:14:59,17549.6,10503
2021-06-22 10:15:00,17549.7,10508
2021-06-22 10:15:01,17549.7,10508
2021-06-22 10:15:02,17549.7,10508
2021-06-22 10:15:03,17540.0,10558
2021-06-22 10:15:04,17540.0,10563
2021-06-22 10:15:05,17540.0,10564
2021-06-22 10:15:05,17540.0,10564
2021-06-22 10:15:08,17548.2,10578
2021-06-22 10:15:08,17548.2,10578
2021-06-22 10:15:09,17548.2,10578
2021-06-22 10:15:11,17548.2,10578
2021-06-22 10:15:12,17548.2,10578
2021-06-22 10:15:13,17545.0,10581
2021-06-22 10:15:14,17545.0,10581
2021-06-22 10:15:15,17545.0,10591
2021-06-22 10:15:17,17545.0,10592
2021-06-22 10:15:18,17540.0,10595
2021-06-22 10:15:19,17540.0,10595
2021-06-22 10:15:20,17540.0,10595
2021-06-22 10:15:21,17540.0,10595
2021-06-22 10:15:22,17545.0,10596
2021-06-22 10:15:23,17545.0,10597
2021-06-22 10:15:23,17545.0,10597
2021-06-22 10:15:25,17545.0,10597
2021-06-22 10:15:26,17545.0,10597
2021-06-22 10:15:27,17545.0,10597
2021-06-22 10:15:28,17545.0,10621
2021-06-22 10:15:29,17545.0,10621
2021-06-22 10:15:29,17545.0,10623
2021-06-22 10:15:30,17545.0,10627
2021-06-22 10:15:31,17549.9,10637
2021-06-22 10:15:33,17549.9,10637
2021-06-22 10:15:34,17549.9,10637
2021-06-22 10:15:35,17549.9,10637
2021-06-22 10:15:36,17549.9,10637
2021-06-22 10:15:37,17549.9,10637
2021-06-22 10:15:38,17549.9,10638
2021-06-22 10:15:39,17549.9,10648
2021-06-22 10:15:40,17549.9,10648
2021-06-22 10:15:42,17549.9,10648
2021-06-22 10:15:43,17549.9,10648
2021-06-22 10:15:44,17549.9,10648
2021-06-22 10:15:44,17549.9,10648
2021-06-22 10:15:45,17549.9,10648
2021-06-22 10:15:47,17545.0,10649
2021-06-22 10:15:48,17545.0,10649
2021-06-22 10:15:49,17545.0,10649
2021-06-22 10:15:51,17545.0,10649
2021-06-22 10:15:52,17545.0,10654
2021-06-22 10:15:53,17545.0,10654
2021-06-22 10:15:54,17545.0,10654
2021-06-22 10:15:55,17545.0,10654
2021-06-22 10:15:56,17542.0,10655
2021-06-22 10:15:57,17545.0,10670
2021-06-22 10:15:58,17545.0,10670
2021-06-22 10:15:58,17545.0,10670
2021-06-22 10:16:01,17546.0,10672
2021-06-22 10:16:01,17546.0,10672
2021-06-22 10:16:02,17546.0,10672
2021-06-22 10:16:03,17546.0,10672
2021-06-22 10:16:05,17550.0,10673
2021-06-22 10:16:06,17550.0,10675
2021-06-22 10:16:07,17546.0,10676
2021-06-22 10:16:08,17546.0,10676
2021-06-22 10:16:09,17550.0,10701
2021-06-22 10:16:10,17550.0,10701
2021-06-22 10:16:11,17550.0,10701
2021-06-22 10:16:12,17550.0,10702
2021-06-22 10:16:13,17550.0,10702
2021-06-22 10:16:14,17550.0,10702
2021-06-22 10:16:16,17550.0,10702
2021-06-22 10:16:17,17550.0,10702
2021-06-22 10:16:18,17550.0,10702
2021-06-22 10:16:19,17550.0,10702
2021-06-22 10:16:23,17550.0,10702
2021-06-22 10:16:22,17550.0,10702
2021-06-22 10:16:24,17550.0,10702
2021-06-22 10:16:25,17550.0,10702
2021-06-22 10:16:26,17550.0,10702
2021-06-22 10:16:27,17550.0,10702
2021-06-22 10:16:30,17556.0,10708
2021-06-22 10:16:32,17556.0,10708
2021-06-22 10:16:33,17556.0,10708
2021-06-22 10:16:34,17556.0,10709
2021-06-22 10:16:35,17556.0,10709
2021-06-22 10:16:36,17556.0,10709
2021-06-22 10:16:38,17556.0,10709
2021-06-22 10:16:39,17556.0,10709
2021-06-22 10:16:40,17556.0,10709
2021-06-22 10:16:41,17556.0,10709
2021-06-22 10:16:42,17556.0,10709
2021-06-22 10:16:43,17556.0,10719
2021-06-22 10:16:44,17550.8,10720
2021-06-22 10:16:47,17556.0,10724
2021-06-22 10:16:46,17556.0,10724
2021-06-22 10:16:48,17556.0,10724
2021-06-22 10:16:49,17556.0,10724
2021-06-22 10:16:50,17562.35,10725
2021-06-22 10:16:51,17562.35,10725
2021-06-22 10:16:52,17561.9,10727
2021-06-22 10:16:53,17561.9,10727
2021-06-22 10:16:54,17561.85,10729
2021-06-22 10:16:55,17561.85,10729
2021-06-22 10:16:56,17561.85,10729
2021-06-22 10:16:57,17561.85,10729
2021-06-22 10:16:58,17561.85,10729
2021-06-22 10:16:59,17561.85,10730
2021-06-22 10:17:00,17561.85,10730
2021-06-22 10:17:02,17561.85,10730
2021-06-22 10:17:03,17561.85,10730
2021-06-22 10:17:04,17561.85,10730
2021-06-22 10:17:05,17561.85,10730
2021-06-22 10:17:06,17561.85,10730
2021-06-22 10:17:07,17561.85,10730
2021-06-22 10:17:09,17561.85,10730
2021-06-22 10:17:10,17561.85,10730
2021-06-22 10:17:11,17561.85,10730
2021-06-22 10:17:12,17561.85,10730
2021-06-22 10:17:13,17561.85,10730
2021-06-22 10:17:14,17561.85,10730
2021-06-22 10:17:15,17561.85,10731
2021-06-22 10:17:16,17561.85,10731
2021-06-22 10:17:17,17561.85,10731
2021-06-22 10:17:20,17555.0,10736
2021-06-22 10:17:21,17555.0,10736
2021-06-22 10:17:22,17555.0,10736
2021-06-22 10:17:23,17542.5,10786
2021-06-22 10:17:24,17543.9,10790
2021-06-22 10:17:27,17543.9,10790
2021-06-22 10:17:29,17543.9,10790
2021-06-22 10:17:30,17543.9,10790
2021-06-22 10:17:31,17540.0,10804
2021-06-22 10:17:32,17540.0,10806
2021-06-22 10:17:33,17540.0,10806
2021-06-22 10:17:35,17540.0,10806
2021-06-22 10:17:37,17552.6,10811
2021-06-22 10:17:39,17552.6,10811
2021-06-22 10:17:40,17552.6,10811
2021-06-22 10:17:41,17552.6,10811
2021-06-22 10:17:42,17540.0,10861
2021-06-22 10:17:43,17540.05,10865
2021-06-22 10:17:44,17540.05,10865
2021-06-22 10:17:45,17550.4,10866
2021-06-22 10:17:46,17550.4,10867
2021-06-22 10:17:49,17550.4,10867
2021-06-22 10:17:50,17552.7,10872
2021-06-22 10:17:52,17552.7,10872
2021-06-22 10:17:51,17552.7,10872
2021-06-22 10:17:53,17552.7,10872
2021-06-22 10:17:54,17552.7,10872
2021-06-22 10:17:55,17552.7,10872
2021-06-22 10:17:56,17550.4,10874
2021-06-22 10:17:57,17550.4,10874
2021-06-22 10:17:59,17550.4,10874
2021-06-22 10:18:00,17550.4,10874
2021-06-22 10:18:01,17545.0,10884
2021-06-22 10:18:02,17544.6,10885
2021-06-22 10:18:03,17551.6,10888
2021-06-22 10:18:04,17551.6,10888
2021-06-22 10:18:05,17551.6,10888
2021-06-22 10:18:06,17549.6,10889
2021-06-22 10:18:07,17549.6,10889
2021-06-22 10:18:08,17549.6,10889
2021-06-22 10:18:09,17549.6,10890
2021-06-22 10:18:10,17549.6,10890
2021-06-22 10:18:11,17549.6,10890
2021-06-22 10:18:12,17549.6,10890
2021-06-22 10:18:13,17549.6,10890
2021-06-22 10:18:14,17556.25,10892
2021-06-22 10:18:15,17556.25,10892
2021-06-22 10:18:16,17556.25,10892
2021-06-22 10:18:17,17556.25,10892
2021-06-22 10:18:18,17556.25,10892
2021-06-22 10:18:20,17556.25,10892
2021-06-22 10:18:22,17556.25,10892
2021-06-22 10:18:26,17559.0,10893
2021-06-22 10:18:27,17559.0,10894
2021-06-22 10:18:28,17559.0,10894
2021-06-22 10:18:30,17560.95,10895
2021-06-22 10:18:32,17559.0,10896
2021-06-22 10:18:33,17559.0,10896
2021-06-22 10:18:33,17559.0,10896
2021-06-22 10:18:34,17559.0,10896
2021-06-22 10:18:35,17559.0,10896
2021-06-22 10:18:37,17554.45,10919
2021-06-22 10:18:39,17540.05,10972
2021-06-22 10:18:39,17540.05,10975
2021-06-22 10:18:40,17550.7,10977
2021-06-22 10:18:41,17551.0,10981
2021-06-22 10:18:43,17551.0,10981
2021-06-22 10:18:45,17551.0,10981
2021-06-22 10:18:46,17551.0,10981
2021-06-22 10:18:47,17551.0,10981
2021-06-22 10:18:49,17549.9,10983
2021-06-22 10:18:51,17549.9,10983
2021-06-22 10:18:52,17549.9,10983
2021-06-22 10:18:54,17549.9,10983
2021-06-22 10:18:54,17549.9,10983
2021-06-22 10:18:55,17548.85,10989
2021-06-22 10:18:56,17548.85,10989
2021-06-22 10:18:57,17548.85,10989
2021-06-22 10:18:58,17540.8,10994
2021-06-22 10:18:59,17548.95,10999
2021-06-22 10:19:00,17555.45,11024
2021-06-22 10:19:01,17546.4,11025
2021-06-22 10:19:03,17546.4,11025
2021-06-22 10:19:03,17542.65,11026
2021-06-22 10:19:04,17542.65,11026
2021-06-22 10:19:05,17542.65,11026
2021-06-22 10:19:06,17542.65,11026
2021-06-22 10:19:07,17542.65,11026
2021-06-22 10:19:08,17542.65,11026
2021-06-22 10:19:09,17542.65,11026
2021-06-22 10:19:10,17541.4,11034
2021-06-22 10:19:11,17552.4,11035
2021-06-22 10:19:12,17552.4,11035
2021-06-22 10:19:13,17552.4,11035
2021-06-22 10:19:14,17552.4,11035
2021-06-22 10:19:15,17552.4,11036
2021-06-22 10:19:16,17552.4,11036
2021-06-22 10:19:17,17552.4,11036
2021-06-22 10:19:18,17552.4,11036
2021-06-22 10:19:19,17552.4,11036
2021-06-22 10:19:21,17555.2,11038
2021-06-22 10:19:23,17555.2,11038
2021-06-22 10:19:24,17555.2,11038
2021-06-22 10:19:25,17550.0,11050
2021-06-22 10:19:26,17544.3,11051
2021-06-22 10:19:27,17555.2,11052
2021-06-22 10:19:28,17555.2,11052
2021-06-22 10:19:29,17555.2,11052
2021-06-22 10:19:30,17555.2,11052
2021-06-22 10:19:31,17555.2,11052
2021-06-22 10:19:32,17555.2,11052
2021-06-22 10:19:33,17555.2,11052
2021-06-22 10:19:36,17542.0,11092
2021-06-22 10:19:36,17551.5,11101
2021-06-22 10:19:37,17551.5,11101
2021-06-22 10:19:38,17551.5,11101
2021-06-22 10:19:39,17554.45,11121
2021-06-22 10:19:40,17550.95,11122
2021-06-22 10:19:46,17551.4,11123
2021-06-22 10:19:48,17551.4,11123
2021-06-22 10:19:49,17551.4,11123
2021-06-22 10:19:49,17551.4,11123
2021-06-22 10:19:50,17551.4,11123
2021-06-22 10:19:51,17551.4,11123
2021-06-22 10:19:52,17551.4,11123
2021-06-22 10:19:53,17551.4,11123
2021-06-22 10:19:54,17550.95,11124
2021-06-22 10:19:55,17550.95,11124
2021-06-22 10:19:57,17550.95,11124
2021-06-22 10:19:57,17550.95,11124
2021-06-22 10:19:58,17550.95,11124
2021-06-22 10:20:00,17550.95,11133
2021-06-22 10:20:02,17550.0,11134
2021-06-22 10:20:02,17550.0,11134
2021-06-22 10:20:03,17550.0,11134
2021-06-22 10:20:04,17550.0,11134
2021-06-22 10:20:05,17550.0,11134
2021-06-22 10:20:06,17550.0,11134
2021-06-22 10:20:07,17550.0,11134
2021-06-22 10:20:09,17550.0,11134
2021-06-22 10:20:11,17550.0,11134
2021-06-22 10:20:12,17556.15,11154
2021-06-22 10:20:13,17556.15,11154
2021-06-22 10:20:14,17545.6,11155
2021-06-22 10:20:15,17545.6,11156
2021-06-22 10:20:17,17545.6,11156
2021-06-22 10:20:17,17545.6,11156
2021-06-22 10:20:18,17545.6,11156
2021-06-22 10:20:19,17550.5,11158
2021-06-22 10:20:20,17550.5,11159
2021-06-22 10:20:21,17550.5,11159
2021-06-22 10:20:23,17550.5,11159
2021-06-22 10:20:24,17550.5,11159
2021-06-22 10:20:25,17550.5,11159
2021-06-22 10:20:26,17550.5,11159
2021-06-22 10:20:27,17550.5,11159
2021-06-22 10:20:30,17550.5,11159
2021-06-22 10:20:31,17550.5,11159
2021-06-22 10:20:31,17550.5,11159
2021-06-22 10:20:32,17550.5,11159
2021-06-22 10:20:33,17550.5,11159
2021-06-22 10:20:34,17550.5,11159
2021-06-22 10:20:36,17550.5,11159
2021-06-22 10:20:37,17554.9,11161
2021-06-22 10:20:38,17554.9,11161
2021-06-22 10:20:39,17554.9,11161
2021-06-22 10:20:40,17554.9,11161
2021-06-22 10:20:43,17557.7,11182
2021-06-22 10:20:44,17557.7,11182
2021-06-22 10:20:45,17557.7,11182
2021-06-22 10:20:46,17557.7,11182
2021-06-22 10:20:46,17557.7,11182
2021-06-22 10:20:47,17557.7,11182
2021-06-22 10:20:48,17557.7,11182
2021-06-22 10:20:49,17557.7,11182
2021-06-22 10:20:50,17557.7,11182
2021-06-22 10:20:51,17557.7,11182
2021-06-22 10:20:52,17557.7,11182
2021-06-22 10:20:53,17550.0,11183
2021-06-22 10:20:54,17550.0,11183
2021-06-22 10:20:55,17550.0,11183
2021-06-22 10:20:56,17550.0,11183
2021-06-22 10:20:58,17557.0,11188
2021-06-22 10:20:59,17557.0,11188
2021-06-22 10:21:01,17557.0,11190
2021-06-22 10:21:04,17557.0,11190
2021-06-22 10:21:06,17557.0,11190
2021-06-22 10:21:08,17557.0,11190
2021-06-22 10:21:09,17557.0,11190
2021-06-22 10:21:09,17557.0,11190
2021-06-22 10:21:10,17557.0,11190
2021-06-22 10:21:11,17557.0,11190
2021-06-22 10:21:12,17564.65,11203
2021-06-22 10:21:14,17564.65,11203
2021-06-22 10:21:15,17564.65,11203
2021-06-22 10:21:16,17564.65,11203
2021-06-22 10:21:19,17564.65,11203
2021-06-22 10:21:20,17564.65,11203
2021-06-22 10:21:21,17564.65,11203
2021-06-22 10:21:22,17564.65,11203
2021-06-22 10:21:23,17564.65,11203
2021-06-22 10:21:24,17564.65,11203
2021-06-22 10:21:25,17564.65,11203
2021-06-22 10:21:27,17564.65,11203
2021-06-22 10:21:29,17564.65,11203
2021-06-22 10:21:30,17564.65,11203
2021-06-22 10:21:31,17556.0,11207
2021-06-22 10:21:31,17556.0,11207
2021-06-22 10:21:32,17562.4,11208
2021-06-22 10:21:33,17562.4,11208
2021-06-22 10:21:34,17562.4,11208
2021-06-22 10:21:35,17562.4,11208
2021-06-22 10:21:36,17562.4,11208
2021-06-22 10:21:37,17562.4,11208
2021-06-22 10:21:38,17562.4,11208
2021-06-22 10:21:40,17562.4,11208
2021-06-22 10:21:42,17562.4,11208
2021-06-22 10:21:43,17562.4,11208
2021-06-22 10:21:44,17562.4,11208
2021-06-22 10:21:45,17562.4,11208
2021-06-22 10:21:45,17562.4,11208
2021-06-22 10:21:46,17562.4,11208
2021-06-22 10:21:47,17562.4,11208
2021-06-22 10:21:48,17562.4,11208
2021-06-22 10:21:49,17558.95,11213
2021-06-22 10:21:50,17558.95,11213
2021-06-22 10:21:51,17558.95,11213
2021-06-22 10:21:52,17541.85,11269
2021-06-22 10:21:53,17542.4,11274
2021-06-22 10:21:55,17542.4,11274
2021-06-22 10:21:56,17542.4,11274
2021-06-22 10:21:57,17542.4,11274
2021-06-22 10:21:57,17542.4,11274
2021-06-22 10:21:58,17542.4,11274
2021-06-22 10:21:59,17551.35,11275
2021-06-22 10:22:00,17553.15,11276
2021-06-22 10:22:01,17554.9,11277
2021-06-22 10:22:02,17554.9,11277
2021-06-22 10:22:03,17554.9,11278
2021-06-22 10:22:04,17554.9,11278
2021-06-22 10:22:05,17554.9,11278
2021-06-22 10:22:07,17554.9,11278
2021-06-22 10:22:07,17554.9,11278
2021-06-22 10:22:08,17554.9,11278
2021-06-22 10:22:10,17554.9,11280
2021-06-22 10:22:11,17554.9,11280
2021-06-22 10:22:14,17554.9,11280
2021-06-22 10:22:16,17554.9,11280
2021-06-22 10:22:17,17554.9,11280
2021-06-22 10:22:19,17554.9,11280
2021-06-22 10:22:20,17554.9,11280
2021-06-22 10:22:21,17554.9,11280
2021-06-22 10:22:22,17554.9,11280
2021-06-22 10:22:22,17554.9,11280
2021-06-22 10:22:23,17557.95,11292
2021-06-22 10:22:24,17557.95,11292
2021-06-22 10:22:25,17557.95,11292
2021-06-22 10:22:26,17557.95,11292
2021-06-22 10:22:27,17557.95,11292
2021-06-22 10:22:29,17557.95,11292
2021-06-22 10:22:30,17557.95,11292
2021-06-22 10:22:31,17557.95,11292
2021-06-22 10:22:31,17557.95,11292
2021-06-22 10:22:32,17557.95,11292
2021-06-22 10:22:35,17557.95,11292
2021-06-22 10:22:36,17557.95,11292
2021-06-22 10:22:37,17557.95,11292
2021-06-22 10:22:38,17557.95,11292
2021-06-22 10:22:39,17557.95,11292
2021-06-22 10:22:40,17557.9,11293
2021-06-22 10:22:40,17557.9,11293
2021-06-22 10:22:41,17557.9,11293
2021-06-22 10:22:42,17557.9,11293
2021-06-22 10:22:43,17557.9,11293
2021-06-22 10:22:46,17557.9,11293
2021-06-22 10:22:47,17557.9,11293
2021-06-22 10:22:48,17557.9,11293
2021-06-22 10:22:49,17557.9,11293
2021-06-22 10:22:50,17557.9,11293
2021-06-22 10:22:51,17557.9,11293
2021-06-22 10:22:51,17557.9,11293
2021-06-22 10:22:53,17557.9,11293
2021-06-22 10:22:54,17557.9,11293
2021-06-22 10:22:56,17557.9,11293
2021-06-22 10:22:57,17557.9,11293
2021-06-22 10:22:58,17557.9,11293
2021-06-22 10:22:59,17557.9,11293
2021-06-22 10:23:00,17557.9,11293
2021-06-22 10:23:01,17557.9,11293
2021-06-22 10:23:04,17557.9,11293
2021-06-22 10:23:05,17557.9,11293
2021-06-22 10:23:06,17557.9,11293
2021-06-22 10:23:08,17557.9,11293
2021-06-22 10:23:10,17557.9,11293
2021-06-22 10:23:11,17557.9,11293
2021-06-22 10:23:13,17557.9,11293
2021-06-22 10:23:14,17557.9,11293
2021-06-22 10:23:15,17550.6,11298
2021-06-22 10:23:16,17550.6,11298
2021-06-22 10:23:17,17550.6,11298
2021-06-22 10:23:18,17555.95,11300
2021-06-22 10:23:19,17555.95,11300
2021-06-22 10:23:20,17555.95,11300
2021-06-22 10:23:21,17555.95,11300
2021-06-22 10:23:22,17555.95,11300
2021-06-22 10:23:23,17555.95,11300
2021-06-22 10:23:24,17555.95,11300
2021-06-22 10:23:25,17555.95,11300
2021-06-22 10:23:26,17555.95,11300
2021-06-22 10:23:27,17555.95,11300
2021-06-22 10:23:28,17555.95,11300
2021-06-22 10:23:29,17550.0,11303
2021-06-22 10:23:31,17550.0,11305
2021-06-22 10:23:32,17550.0,11305
2021-06-22 10:23:33,17551.6,11306
2021-06-22 10:23:34,17554.9,11356
2021-06-22 10:23:35,17546.45,11360
2021-06-22 10:23:36,17546.45,11360
2021-06-22 10:23:37,17546.45,11360
2021-06-22 10:23:38,17546.45,11360
2021-06-22 10:23:38,17544.4,11361
2021-06-22 10:23:39,17544.4,11361
2021-06-22 10:23:40,17544.4,11361
2021-06-22 10:23:41,17544.4,11361
2021-06-22 10:23:42,17544.4,11361
2021-06-22 10:23:43,17544.4,11361
2021-06-22 10:23:44,17550.0,11417
2021-06-22 10:23:45,17542.0,11421
2021-06-22 10:23:46,17542.0,11421
2021-06-22 10:23:47,17551.05,11423
2021-06-22 10:23:48,17551.05,11423
2021-06-22 10:23:49,17551.05,11423
2021-06-22 10:23:50,17551.05,11423
2021-06-22 10:23:54,17551.05,11423
2021-06-22 10:23:55,17551.05,11424
2021-06-22 10:23:56,17551.05,11424
2021-06-22 10:23:57,17551.05,11424
2021-06-22 10:23:58,17551.05,11424
2021-06-22 10:23:59,17551.05,11424
2021-06-22 10:24:00,17551.05,11424
2021-06-22 10:24:01,17551.05,11424
2021-06-22 10:24:03,17551.05,11424
2021-06-22 10:24:05,17551.65,11445
2021-06-22 10:24:06,17543.3,11446
2021-06-22 10:24:07,17543.3,11446
2021-06-22 10:24:08,17543.3,11446
2021-06-22 10:24:09,17543.3,11446
2021-06-22 10:24:10,17543.3,11446
2021-06-22 10:24:11,17555.0,11496
2021-06-22 10:24:12,17546.0,11500
2021-06-22 10:24:13,17552.5,11501
2021-06-22 10:24:14,17552.5,11501
2021-06-22 10:24:16,17552.5,11501
2021-06-22 10:24:17,17552.5,11501
2021-06-22 10:24:21,17552.5,11501
2021-06-22 10:24:22,17552.5,11501
2021-06-22 10:24:23,17552.5,11501
2021-06-22 10:24:24,17552.5,11501
2021-06-22 10:24:24,17552.5,11501
2021-06-22 10:24:25,17552.5,11501
2021-06-22 10:24:26,17552.5,11501
2021-06-22 10:24:27,17552.5,11501
2021-06-22 10:24:28,17552.5,11501
2021-06-22 10:24:29,17552.5,11501
2021-06-22 10:24:31,17552.5,11501
2021-06-22 10:24:31,17552.5,11502
2021-06-22 10:24:32,17552.5,11505
2021-06-22 10:24:34,17545.0,11506
2021-06-22 10:24:35,17552.5,11507
2021-06-22 10:24:36,17552.5,11507
2021-06-22 10:24:37,17552.5,11507
2021-06-22 10:24:38,17552.5,11507
2021-06-22 10:24:39,17552.5,11507
2021-06-22 10:24:40,17552.5,11507
2021-06-22 10:24:41,17552.5,11507
2021-06-22 10:24:42,17552.5,11507
2021-06-22 10:24:43,17552.5,11507
2021-06-22 10:24:44,17552.5,11507
2021-06-22 10:24:45,17552.5,11507
2021-06-22 10:24:46,17552.5,11507
2021-06-22 10:24:47,17558.85,11509
2021-06-22 10:24:48,17558.85,11509
2021-06-22 10:24:51,17558.85,11509
2021-06-22 10:24:52,17546.2,11512
2021-06-22 10:24:54,17542.05,11532
2021-06-22 10:24:55,17542.5,11533
2021-06-22 10:24:56,17542.5,11533
2021-06-22 10:24:57,17542.5,11533
2021-06-22 10:24:58,17542.5,11533
2021-06-22 10:25:00,17542.5,11533
2021-06-22 10:25:01,17552.45,11534
2021-06-22 10:25:03,17552.45,11534
2021-06-22 10:25:04,17552.45,11534
2021-06-22 10:25:10,17552.45,11534
2021-06-22 10:25:11,17542.8,11535
2021-06-22 10:25:12,17542.8,11535
2021-06-22 10:25:13,17542.8,11535
2021-06-22 10:25:14,17542.8,11535
2021-06-22 10:25:15,17542.8,11535
2021-06-22 10:25:16,17542.8,11535
2021-06-22 10:25:17,17542.8,11535
2021-06-22 10:25:18,17542.8,11535
2021-06-22 10:25:19,17542.8,11535
2021-06-22 10:25:20,17542.8,11535
2021-06-22 10:25:21,17542.8,11535
2021-06-22 10:25:23,17544.25,11558
2021-06-22 10:25:24,17543.0,11559
2021-06-22 10:25:25,17543.0,11559
2021-06-22 10:25:26,17543.0,11559
2021-06-22 10:25:27,17543.0,11559
2021-06-22 10:25:28,17543.0,11559
2021-06-22 10:25:31,17545.2,11561
2021-06-22 10:25:32,17545.2,11561
2021-06-22 10:25:33,17549.95,11562
2021-06-22 10:25:34,17549.95,11562
2021-06-22 10:25:35,17549.95,11562
2021-06-22 10:25:36,17549.95,11562
2021-06-22 10:25:37,17549.95,11562
2021-06-22 10:25:38,17549.95,11562
2021-06-22 10:25:40,17549.95,11562
2021-06-22 10:25:41,17549.95,11562
2021-06-22 10:25:42,17549.95,11562
2021-06-22 10:25:43,17549.95,11562
2021-06-22 10:25:44,17549.95,11562
2021-06-22 10:25:45,17549.95,11562
2021-06-22 10:25:45,17549.95,11562
2021-06-22 10:25:47,17549.95,11562
2021-06-22 10:25:47,17549.95,11562
2021-06-22 10:25:48,17549.95,11562
2021-06-22 10:25:49,17549.95,11562
2021-06-22 10:25:51,17549.95,11562
2021-06-22 10:25:52,17549.95,11562
2021-06-22 10:25:53,17549.95,11562
2021-06-22 10:25:54,17548.0,11563
2021-06-22 10:25:55,17548.0,11563
2021-06-22 10:25:56,17548.0,11563
2021-06-22 10:25:57,17544.0,11565
2021-06-22 10:25:58,17544.0,11565
2021-06-22 10:26:00,17544.0,11565
2021-06-22 10:26:01,17549.95,11568
2021-06-22 10:26:03,17549.95,11568
2021-06-22 10:26:04,17549.95,11568
2021-06-22 10:26:05,17549.95,11571
2021-06-22 10:26:05,17549.95,11571
2021-06-22 10:26:06,17549.95,11571
2021-06-22 10:26:08,17549.95,11571
2021-06-22 10:26:09,17549.95,11571
2021-06-22 10:26:10,17549.95,11571
2021-06-22 10:26:11,17549.95,11571
2021-06-22 10:26:12,17549.95,11571
2021-06-22 10:26:13,17549.95,11571
2021-06-22 10:26:15,17549.95,11571
2021-06-22 10:26:16,17549.95,11571
2021-06-22 10:26:17,17549.95,11572
2021-06-22 10:26:18,17549.95,11572
2021-06-22 10:26:19,17549.95,11572
2021-06-22 10:26:22,17549.95,11572
2021-06-22 10:26:23,17549.95,11572
2021-06-22 10:26:23,17549.95,11572
2021-06-22 10:26:24,17549.95,11572
2021-06-22 10:26:26,17549.95,11572
2021-06-22 10:26:27,17549.95,11572
2021-06-22 10:26:28,17549.95,11572
2021-06-22 10:26:29,17549.95,11572
2021-06-22 10:26:29,17549.95,11572
2021-06-22 10:26:30,17549.95,11572
2021-06-22 10:26:31,17549.95,11572
2021-06-22 10:26:33,17549.95,11572
2021-06-22 10:26:34,17549.95,11572
2021-06-22 10:26:36,17549.9,11578
2021-06-22 10:26:37,17549.9,11578
2021-06-22 10:26:38,17549.9,11578
2021-06-22 10:26:39,17549.9,11583
2021-06-22 10:26:40,17549.9,11583
2021-06-22 10:26:41,17549.9,11583
2021-06-22 10:26:42,17549.9,11583
2021-06-22 10:26:43,17549.9,11583
2021-06-22 10:26:44,17549.9,11583
2021-06-22 10:26:45,17549.9,11583
2021-06-22 10:26:46,17549.9,11583
2021-06-22 10:26:50,17549.9,11583
2021-06-22 10:26:51,17549.9,11583
2021-06-22 10:26:52,17549.9,11583
2021-06-22 10:26:54,17549.9,11583
2021-06-22 10:26:55,17549.8,11588
2021-06-22 10:27:02,17549.8,11588
2021-06-22 10:27:05,17549.8,11588
2021-06-22 10:27:06,17549.8,11588
2021-06-22 10:27:07,17549.8,11588
2021-06-22 10:27:08,17549.8,11588
2021-06-22 10:27:09,17549.8,11588
2021-06-22 10:27:10,17549.8,11588
2021-06-22 10:27:12,17549.8,11588
2021-06-22 10:27:14,17549.8,11588
2021-06-22 10:27:16,17549.8,11589
2021-06-22 10:27:17,17548.0,11590
2021-06-22 10:27:18,17543.95,11591
2021-06-22 10:27:19,17550.0,11621
2021-06-22 10:27:20,17543.95,11622
2021-06-22 10:27:21,17543.05,11623
2021-06-22 10:27:22,17550.0,11624
2021-06-22 10:27:23,17550.0,11625
2021-06-22 10:27:24,17550.0,11625
2021-06-22 10:27:25,17550.0,11625
2021-06-22 10:27:26,17550.0,11625
2021-06-22 10:27:27,17550.0,11625
2021-06-22 10:27:28,17550.0,11625
2021-06-22 10:27:29,17550.0,11625
2021-06-22 10:27:30,17549.8,11629
2021-06-22 10:27:31,17543.0,11634
2021-06-22 10:27:32,17543.0,11634
2021-06-22 10:27:33,17543.0,11634
2021-06-22 10:27:34,17543.0,11634
2021-06-22 10:27:35,17543.0,11634
2021-06-22 10:27:37,17543.0,11634
2021-06-22 10:27:38,17543.05,11638
2021-06-22 10:27:39,17542.8,11639
2021-06-22 10:27:40,17543.0,11642
2021-06-22 10:27:41,17543.0,11642
2021-06-22 10:27:42,17543.0,11642
2021-06-22 10:27:43,17543.0,11642
2021-06-22 10:27:44,17543.0,11642
2021-06-22 10:27:45,17543.0,11642
2021-06-22 10:27:46,17543.0,11642
2021-06-22 10:27:47,17543.0,11642
2021-06-22 10:27:48,17543.0,11642
2021-06-22 10:27:49,17543.0,11642
2021-06-22 10:27:50,17543.0,11642
2021-06-22 10:27:51,17550.0,11646
2021-06-22 10:27:52,17550.0,11646
2021-06-22 10:27:53,17550.0,11646
2021-06-22 10:27:54,17550.0,11646
2021-06-22 10:27:55,17550.0,11646
