timestamp,ltp,volume
2021-06-22 09:16:29,2247.9,299006
2021-06-22 09:16:35,2248.15,305057
2021-06-22 09:16:36,2247.9,305748
2021-06-22 09:16:37,2249.1,306638
2021-06-22 09:16:38,2249.1,307295
2021-06-22 09:16:39,2249.0,307951
2021-06-22 09:16:40,2249.65,309280
2021-06-22 09:16:41,2249.45,312105
2021-06-22 09:16:43,2249.9,317780
2021-06-22 09:16:43,2249.0,319386
2021-06-22 09:16:45,2250.05,321500
2021-06-22 09:16:46,2249.8,323221
2021-06-22 09:16:47,2250.1,324501
2021-06-22 09:16:47,2249.85,324641
2021-06-22 09:16:48,2250.0,328317
2021-06-22 09:16:49,2249.95,328768
2021-06-22 09:16:50,2250.0,329903
2021-06-22 09:16:51,2250.0,331052
2021-06-22 09:16:52,2249.05,332731
2021-06-22 09:16:53,2249.8,333608
2021-06-22 09:16:54,2249.25,335578
2021-06-22 09:16:55,2248.3,336381
2021-06-22 09:16:56,2249.3,336612
2021-06-22 09:16:57,2249.25,337289
2021-06-22 09:16:58,2248.55,337591
2021-06-22 09:16:59,2248.35,338834
2021-06-22 09:17:00,2249.4,339394
2021-06-22 09:17:01,2249.2,339806
2021-06-22 09:17:02,2249.3,340463
2021-06-22 09:17:03,2249.65,341690
2021-06-22 09:17:04,2249.4,342143
2021-06-22 09:17:06,2249.4,343720
2021-06-22 09:17:07,2250.65,350069
2021-06-22 09:17:08,2250.0,351539
2021-06-22 09:17:08,2250.0,351669
2021-06-22 09:17:09,2250.0,351909
2021-06-22 09:17:10,2249.95,352848
2021-06-22 09:17:11,2250.35,353985
2021-06-22 09:17:12,2250.0,355079
2021-06-22 09:17:13,2250.0,356056
2021-06-22 09:17:15,2250.0,356537
2021-06-22 09:17:16,2250.65,357406
2021-06-22 09:17:17,2250.0,357807
2021-06-22 09:17:18,2250.0,359358
2021-06-22 09:17:18,2250.0,358840
2021-06-22 09:17:19,2249.95,359650
2021-06-22 09:17:20,2249.3,361780
2021-06-22 09:17:21,2249.45,362363
2021-06-22 09:17:22,2249.95,362681
2021-06-22 09:17:24,2250.0,366836
2021-06-22 09:17:25,2250.0,368267
2021-06-22 09:17:26,2250.0,370863
2021-06-22 09:17:27,2248.65,378608
2021-06-22 09:17:27,2249.45,375536
2021-06-22 09:17:28,2249.8,378807
2021-06-22 09:17:29,2249.15,379300
2021-06-22 09:17:30,2249.2,380534
2021-06-22 09:17:31,2248.2,381432
2021-06-22 09:17:33,2248.6,381656
2021-06-22 09:17:34,2248.6,382139
2021-06-22 09:17:35,2248.6,382664
2021-06-22 09:17:36,2248.6,383197
2021-06-22 09:17:37,2248.6,383353
2021-06-22 09:17:38,2248.6,385042
2021-06-22 09:17:38,2248.6,385032
2021-06-22 09:17:39,2248.1,388178
2021-06-22 09:17:41,2247.95,392482
2021-06-22 09:17:42,2246.7,398414
2021-06-22 09:17:43,2246.65,400125
2021-06-22 09:17:44,2246.1,400936
2021-06-22 09:17:45,2246.55,401194
2021-06-22 09:17:46,2245.75,401990
2021-06-22 09:17:47,2246.1,402411
2021-06-22 09:17:48,2246.1,402592
2021-06-22 09:17:48,2246.4,402847
2021-06-22 09:17:50,2246.5,404638
2021-06-22 09:17:51,2245.9,405716
2021-06-22 09:17:52,2245.7,407126
2021-06-22 09:17:53,2245.75,408743
2021-06-22 09:17:54,2246.35,409230
2021-06-22 09:17:55,2245.75,411826
2021-06-22 09:17:56,2246.0,412502
2021-06-22 09:17:57,2244.8,415416
2021-06-22 09:17:59,2244.9,415649
2021-06-22 09:18:00,2244.9,415930
2021-06-22 09:18:01,2245.0,416669
2021-06-22 09:18:02,2245.75,417308
2021-06-22 09:18:03,2245.0,417911
2021-06-22 09:18:03,2245.65,418260
2021-06-22 09:18:06,2245.45,419056
2021-06-22 09:18:07,2245.35,420682
2021-06-22 09:18:08,2245.0,421158
2021-06-22 09:18:11,2245.15,422417
2021-06-22 09:18:12,2244.95,424098
2021-06-22 09:18:13,2246.8,426309
2021-06-22 09:18:14,2246.85,428601
2021-06-22 09:18:18,2246.5,432464
2021-06-22 09:18:19,2246.0,433458
2021-06-22 09:18:20,2246.15,434386
2021-06-22 09:18:21,2246.1,435069
2021-06-22 09:18:22,2247.4,437190
2021-06-22 09:18:23,2247.0,438409
2021-06-22 09:18:24,2247.05,438872
2021-06-22 09:18:25,2247.0,439301
2021-06-22 09:18:27,2247.0,440631
2021-06-22 09:18:28,2247.1,441047
2021-06-22 09:18:29,2247.0,442225
2021-06-22 09:18:30,2247.1,445070
2021-06-22 09:18:31,2247.1,446477
2021-06-22 09:18:32,2246.5,447942
2021-06-22 09:18:33,2248.0,449057
2021-06-22 09:18:34,2248.0,449501
2021-06-22 09:18:34,2248.05,449511
2021-06-22 09:18:35,2247.95,449877
2021-06-22 09:18:36,2247.1,450198
2021-06-22 09:18:38,2247.5,451631
2021-06-22 09:18:39,2247.45,451714
2021-06-22 09:18:40,2247.45,451836
2021-06-22 09:18:41,2246.7,454068
2021-06-22 09:18:42,2247.45,454708
2021-06-22 09:18:42,2247.6,454782
2021-06-22 09:18:43,2247.45,455439
2021-06-22 09:18:44,2247.45,456335
2021-06-22 09:18:46,2248.55,458853
2021-06-22 09:18:47,2247.95,460246
2021-06-22 09:18:48,2248.6,461345
2021-06-22 09:18:49,2249.1,463703
2021-06-22 09:18:50,2249.1,470550
2021-06-22 09:18:51,2248.8,472958
2021-06-22 09:18:51,2249.45,473123
2021-06-22 09:18:52,2249.7,473127
2021-06-22 09:18:54,2248.75,474104
2021-06-22 09:18:55,2249.6,474261
2021-06-22 09:18:56,2249.45,475211
2021-06-22 09:18:57,2249.25,475796
2021-06-22 09:18:57,2248.7,477247
2021-06-22 09:18:58,2250.0,482728
2021-06-22 09:19:00,2249.8,485657
2021-06-22 09:19:01,2249.7,486450
2021-06-22 09:19:02,2249.7,486892
2021-06-22 09:19:03,2250.0,493364
2021-06-22 09:19:04,2249.9,494499
2021-06-22 09:19:05,2250.25,495052
2021-06-22 09:19:06,2250.0,495563
2021-06-22 09:19:07,2249.9,496039
2021-06-22 09:19:08,2249.7,496254
2021-06-22 09:19:08,2249.9,496340
2021-06-22 09:19:09,2249.9,497675
2021-06-22 09:19:10,2250.0,498399
2021-06-22 09:19:11,2250.0,499072
2021-06-22 09:19:12,2250.3,499846
2021-06-22 09:19:13,2249.65,500449
2021-06-22 09:19:14,2249.75,501017
2021-06-22 09:19:16,2250.3,501593
2021-06-22 09:19:18,2250.15,502561
2021-06-22 09:19:19,2250.0,502882
2021-06-22 09:19:20,2250.0,503270
2021-06-22 09:19:21,2250.35,503844
2021-06-22 09:19:22,2250.3,503995
2021-06-22 09:19:23,2250.0,504265
2021-06-22 09:19:24,2250.4,505035
2021-06-22 09:19:24,2250.5,505859
2021-06-22 09:19:25,2250.2,505894
2021-06-22 09:19:26,2250.2,506871
2021-06-22 09:19:27,2250.0,507074
2021-06-22 09:19:28,2249.4,508202
2021-06-22 09:19:29,2250.55,509133
2021-06-22 09:19:30,2249.7,509960
2021-06-22 09:19:31,2249.5,510641
2021-06-22 09:19:33,2249.5,511242
2021-06-22 09:19:34,2250.0,511660
2021-06-22 09:19:35,2249.8,515496
2021-06-22 09:19:36,2249.65,516700
2021-06-22 09:19:37,2249.6,518308
2021-06-22 09:19:38,2249.0,518793
2021-06-22 09:19:39,2249.0,519811
2021-06-22 09:19:41,2249.5,520042
2021-06-22 09:19:42,2249.5,520864
2021-06-22 09:19:43,2249.5,520864
2021-06-22 09:19:44,2249.5,521316
2021-06-22 09:19:45,2249.5,521574
2021-06-22 09:19:46,2249.4,526136
2021-06-22 09:19:47,2249.4,526938
2021-06-22 09:19:49,2249.4,527871
2021-06-22 09:19:50,2249.5,527892
2021-06-22 09:19:51,2248.55,528615
2021-06-22 09:19:53,2247.85,529333
2021-06-22 09:19:54,2247.85,530337
2021-06-22 09:19:55,2247.9,530589
2021-06-22 09:19:56,2247.8,532683
2021-06-22 09:19:58,2247.35,532933
2021-06-22 09:19:59,2247.35,532933
2021-06-22 09:20:00,2247.7,534072
2021-06-22 09:20:01,2247.2,535037
2021-06-22 09:20:02,2247.75,535156
2021-06-22 09:20:03,2247.85,535300
2021-06-22 09:20:04,2248.0,543086
2021-06-22 09:20:05,2248.0,544465
2021-06-22 09:20:06,2248.0,545907
2021-06-22 09:20:07,2248.5,546120
2021-06-22 09:20:08,2249.0,546312
2021-06-22 09:20:09,2248.5,546400
2021-06-22 09:20:10,2248.9,546859
2021-06-22 09:20:11,2248.35,547381
2021-06-22 09:20:12,2248.6,547431
2021-06-22 09:20:13,2248.6,547543
2021-06-22 09:20:14,2249.05,547719
2021-06-22 09:20:16,2248.55,548596
2021-06-22 09:20:17,2248.95,548801
2021-06-22 09:20:18,2249.05,549199
2021-06-22 09:20:19,2248.9,549552
2021-06-22 09:20:20,2248.85,549963
2021-06-22 09:20:21,2248.95,550918
2021-06-22 09:20:22,2248.7,551723
2021-06-22 09:20:23,2248.95,551926
2021-06-22 09:20:24,2249.5,552135
2021-06-22 09:20:26,2249.5,552202
2021-06-22 09:20:25,2249.5,552202
2021-06-22 09:20:27,2249.7,552402
2021-06-22 09:20:28,2250.0,554017
2021-06-22 09:20:29,2249.5,554302
2021-06-22 09:20:30,2249.25,555512
2021-06-22 09:20:31,2250.0,555696
2021-06-22 09:20:32,2249.7,559543
2021-06-22 09:20:33,2249.8,560576
2021-06-22 09:20:34,2250.05,561123
2021-06-22 09:20:35,2250.0,561563
2021-06-22 09:20:36,2250.0,561653
2021-06-22 09:20:38,2250.0,562263
2021-06-22 09:20:39,2250.45,562927
2021-06-22 09:20:40,2250.0,563812
2021-06-22 09:20:41,2250.6,563864
2021-06-22 09:20:42,2250.75,564188
2021-06-22 09:20:43,2250.6,564351
2021-06-22 09:20:44,2250.95,565015
2021-06-22 09:20:45,2250.5,565118
2021-06-22 09:20:46,2250.9,565350
2021-06-22 09:20:47,2250.9,565512
2021-06-22 09:20:49,2250.5,568380
2021-06-22 09:20:50,2250.8,568659
2021-06-22 09:20:51,2251.5,569211
2021-06-22 09:20:52,2251.85,569485
2021-06-22 09:20:53,2251.8,569938
2021-06-22 09:20:54,2251.85,570164
2021-06-22 09:20:55,2251.95,570307
2021-06-22 09:20:57,2251.8,570905
2021-06-22 09:20:58,2251.95,571892
2021-06-22 09:20:59,2251.1,572076
2021-06-22 09:21:00,2251.95,572539
2021-06-22 09:21:01,2252.0,574013
2021-06-22 09:21:02,2252.15,579124
2021-06-22 09:21:03,2252.2,580134
2021-06-22 09:21:05,2252.35,582094
2021-06-22 09:21:06,2252.2,583068
2021-06-22 09:21:07,2252.7,583311
2021-06-22 09:21:08,2253.0,583403
2021-06-22 09:21:09,2253.4,583770
2021-06-22 09:21:10,2253.35,590007
2021-06-22 09:21:11,2253.4,591638
2021-06-22 09:21:12,2253.4,592187
2021-06-22 09:21:13,2253.4,593360
2021-06-22 09:21:14,2253.1,594476
2021-06-22 09:21:15,2253.65,595231
2021-06-22 09:21:16,2253.4,596911
2021-06-22 09:21:17,2253.5,597745
2021-06-22 09:21:18,2252.85,598722
2021-06-22 09:21:19,2253.5,599210
2021-06-22 09:21:20,2253.25,599407
2021-06-22 09:21:21,2253.9,600492
2021-06-22 09:21:22,2253.7,601277
2021-06-22 09:21:23,2253.95,602197
2021-06-22 09:21:24,2253.95,605117
2021-06-22 09:21:25,2253.95,606779
2021-06-22 09:21:26,2254.0,608388
2021-06-22 09:21:27,2254.1,608892
2021-06-22 09:21:28,2254.2,609373
2021-06-22 09:21:29,2254.45,611985
2021-06-22 09:21:30,2254.8,616882
2021-06-22 09:21:31,2254.8,617351
2021-06-22 09:21:32,2254.8,618529
2021-06-22 09:21:33,2255.9,625315
2021-06-22 09:21:34,2255.8,626960
2021-06-22 09:21:35,2255.9,627042
2021-06-22 09:21:36,2255.1,628286
2021-06-22 09:21:37,2255.0,630034
2021-06-22 09:21:38,2255.9,630366
2021-06-22 09:21:39,2256.25,632842
2021-06-22 09:21:40,2255.65,634759
2021-06-22 09:21:41,2256.25,635121
2021-06-22 09:21:44,2256.05,636884
2021-06-22 09:21:45,2256.5,637590
2021-06-22 09:21:45,2256.85,637530
2021-06-22 09:21:46,2257.15,639142
2021-06-22 09:21:47,2256.95,642121
2021-06-22 09:21:48,2256.9,643923
2021-06-22 09:21:50,2256.9,645824
2021-06-22 09:21:51,2257.0,646951
2021-06-22 09:21:52,2257.0,647906
2021-06-22 09:21:53,2257.25,648135
2021-06-22 09:21:54,2257.0,648627
2021-06-22 09:21:55,2256.7,649727
2021-06-22 09:21:56,2257.0,650575
2021-06-22 09:21:58,2256.25,652803
2021-06-22 09:21:58,2256.85,652743
2021-06-22 09:21:59,2256.85,653297
2021-06-22 09:22:00,2257.0,654060
2021-06-22 09:22:01,2257.0,654560
2021-06-22 09:22:02,2256.25,654874
2021-06-22 09:22:03,2256.1,657720
2021-06-22 09:22:04,2255.25,658342
2021-06-22 09:22:05,2256.25,658835
2021-06-22 09:22:07,2256.0,659653
2021-06-22 09:22:08,2254.9,662101
2021-06-22 09:22:09,2255.95,663381
2021-06-22 09:22:10,2255.65,664948
2021-06-22 09:22:11,2255.0,665117
2021-06-22 09:22:12,2255.2,665451
2021-06-22 09:22:13,2255.5,666433
2021-06-22 09:22:14,2255.35,666987
2021-06-22 09:22:15,2254.05,668660
2021-06-22 09:22:16,2255.0,669778
2021-06-22 09:22:17,2255.95,670582
2021-06-22 09:22:18,2255.85,671185
2021-06-22 09:22:19,2255.75,671601
2021-06-22 09:22:20,2256.0,672597
2021-06-22 09:22:22,2255.45,673723
2021-06-22 09:22:23,2255.15,674601
2021-06-22 09:22:23,2255.7,675217
2021-06-22 09:22:24,2255.2,675695
2021-06-22 09:22:25,2256.0,675967
2021-06-22 09:22:26,2255.15,676878
2021-06-22 09:22:27,2256.0,677252
2021-06-22 09:22:28,2256.0,677590
2021-06-22 09:22:29,2256.0,678538
2021-06-22 09:22:32,2255.5,679495
2021-06-22 09:22:33,2256.0,679863
2021-06-22 09:22:34,2255.35,679924
2021-06-22 09:22:35,2255.7,680153
2021-06-22 09:22:36,2255.15,681081
2021-06-22 09:22:37,2256.0,681410
2021-06-22 09:22:38,2256.0,681534
2021-06-22 09:22:39,2255.95,681850
2021-06-22 09:22:40,2255.3,682321
2021-06-22 09:22:41,2255.85,683702
2021-06-22 09:22:43,2256.45,684039
2021-06-22 09:22:43,2255.6,684037
2021-06-22 09:22:44,2256.4,684301
2021-06-22 09:22:45,2256.4,684855
2021-06-22 09:22:46,2256.45,685916
2021-06-22 09:22:47,2256.4,687216
2021-06-22 09:22:48,2255.95,688679
2021-06-22 09:22:49,2256.85,690347
2021-06-22 09:22:50,2256.3,691645
2021-06-22 09:22:51,2256.3,692398
2021-06-22 09:22:52,2256.3,693069
2021-06-22 09:22:53,2256.3,694469
2021-06-22 09:22:54,2256.3,694833
2021-06-22 09:22:55,2256.5,695466
2021-06-22 09:22:56,2256.1,695708
2021-06-22 09:22:57,2257.0,695822
2021-06-22 09:22:58,2256.0,698008
2021-06-22 09:22:59,2256.95,699220
2021-06-22 09:23:00,2256.35,699317
2021-06-22 09:23:01,2256.35,699347
2021-06-22 09:23:02,2257.0,700433
2021-06-22 09:23:03,2257.45,702831
2021-06-22 09:23:04,2257.6,703722
2021-06-22 09:23:05,2257.4,705091
2021-06-22 09:23:06,2257.6,705807
2021-06-22 09:23:08,2257.95,706530
2021-06-22 09:23:09,2257.95,706573
2021-06-22 09:23:10,2257.65,707275
2021-06-22 09:23:11,2258.0,708290
2021-06-22 09:23:13,2257.4,709172
2021-06-22 09:23:14,2257.65,709915
2021-06-22 09:23:15,2258.0,710775
2021-06-22 09:23:16,2258.5,714785
2021-06-22 09:23:16,2258.5,714786
2021-06-22 09:23:17,2258.55,714925
2021-06-22 09:23:18,2258.9,715607
2021-06-22 09:23:19,2258.05,717408
2021-06-22 09:23:20,2258.15,717769
2021-06-22 09:23:21,2258.7,719350
2021-06-22 09:23:22,2258.0,721135
2021-06-22 09:23:23,2258.45,721565
2021-06-22 09:23:24,2258.35,722240
2021-06-22 09:23:25,2258.0,723484
2021-06-22 09:23:26,2258.65,727452
2021-06-22 09:23:27,2258.35,728900
2021-06-22 09:23:28,2258.3,730692
2021-06-22 09:23:29,2258.9,733391
2021-06-22 09:23:30,2259.0,733619
2021-06-22 09:23:31,2258.15,734454
2021-06-22 09:23:33,2258.95,737239
2021-06-22 09:23:33,2258.95,737239
2021-06-22 09:23:35,2258.05,739672
2021-06-22 09:23:36,2257.9,742798
2021-06-22 09:23:37,2258.05,743804
2021-06-22 09:23:38,2257.15,744398
2021-06-22 09:23:39,2257.2,744548
2021-06-22 09:23:40,2257.15,745335
2021-06-22 09:23:42,2257.45,746545
2021-06-22 09:23:43,2258.25,747425
2021-06-22 09:23:44,2258.45,748807
2021-06-22 09:23:45,2259.0,749187
2021-06-22 09:23:47,2259.0,750103
2021-06-22 09:23:48,2258.0,750523
2021-06-22 09:23:49,2258.05,750996
2021-06-22 09:23:50,2258.15,751709
2021-06-22 09:23:51,2258.95,752348
2021-06-22 09:23:52,2259.0,752861
2021-06-22 09:23:53,2258.15,753653
2021-06-22 09:23:54,2258.9,754033
2021-06-22 09:23:55,2258.9,754915
2021-06-22 09:23:56,2258.7,756192
2021-06-22 09:23:57,2258.95,757381
2021-06-22 09:23:58,2258.9,757853
2021-06-22 09:23:59,2258.0,758349
2021-06-22 09:24:00,2258.65,758663
2021-06-22 09:24:01,2258.15,759449
2021-06-22 09:24:02,2258.05,759736
2021-06-22 09:24:02,2258.75,759987
2021-06-22 09:24:03,2258.05,760343
2021-06-22 09:24:04,2258.0,760851
2021-06-22 09:24:05,2258.6,762938
2021-06-22 09:24:06,2258.7,763280
2021-06-22 09:24:07,2258.05,765593
2021-06-22 09:24:08,2258.05,766654
2021-06-22 09:24:09,2258.05,767548
2021-06-22 09:24:11,2258.0,768835
2021-06-22 09:24:12,2258.5,769483
2021-06-22 09:24:13,2258.4,770152
2021-06-22 09:24:14,2258.05,770810
2021-06-22 09:24:16,2258.85,771120
2021-06-22 09:24:17,2258.5,771799
2021-06-22 09:24:18,2258.6,772361
2021-06-22 09:24:19,2258.0,773725
2021-06-22 09:24:20,2258.0,774222
2021-06-22 09:24:21,2257.65,774900
2021-06-22 09:24:22,2257.2,775777
2021-06-22 09:24:23,2258.05,777333
2021-06-22 09:24:23,2258.35,777343
2021-06-22 09:24:24,2258.3,777737
2021-06-22 09:24:25,2258.1,778790
2021-06-22 09:24:27,2258.0,779009
2021-06-22 09:24:28,2258.05,779451
2021-06-22 09:24:28,2258.05,779452
2021-06-22 09:24:29,2257.65,779655
2021-06-22 09:24:30,2257.3,780170
2021-06-22 09:24:32,2258.0,781313
2021-06-22 09:24:33,2258.0,782610
2021-06-22 09:24:34,2257.65,782820
2021-06-22 09:24:37,2258.6,783696
2021-06-22 09:24:38,2257.65,784201
2021-06-22 09:24:39,2258.0,784358
2021-06-22 09:24:40,2258.6,784736
2021-06-22 09:24:40,2259.0,785015
2021-06-22 09:24:41,2258.05,785184
2021-06-22 09:24:42,2258.5,785366
2021-06-22 09:24:43,2258.55,786063
2021-06-22 09:24:44,2258.9,787797
2021-06-22 09:24:45,2258.95,788745
2021-06-22 09:24:46,2258.95,788945
2021-06-22 09:24:48,2257.5,790629
2021-06-22 09:24:49,2258.25,791761
2021-06-22 09:24:50,2257.25,792120
2021-06-22 09:24:50,2257.25,792120
2021-06-22 09:24:53,2257.75,792786
2021-06-22 09:24:54,2257.65,793528
2021-06-22 09:24:55,2257.0,793833
2021-06-22 09:24:56,2257.5,794284
2021-06-22 09:24:57,2257.5,794372
2021-06-22 09:24:59,2257.1,794542
2021-06-22 09:25:00,2256.8,798802
2021-06-22 09:25:00,2256.0,798484
2021-06-22 09:25:01,2256.5,800032
2021-06-22 09:25:02,2257.2,800967
2021-06-22 09:25:03,2257.3,801175
2021-06-22 09:25:04,2257.15,803423
2021-06-22 09:25:06,2257.95,804282
2021-06-22 09:25:07,2257.5,804352
2021-06-22 09:25:10,2258.05,805659
2021-06-22 09:25:11,2258.0,805970
2021-06-22 09:25:13,2257.5,808292
2021-06-22 09:25:14,2257.45,809407
2021-06-22 09:25:15,2257.95,810103
2021-06-22 09:25:15,2257.5,810062
2021-06-22 09:25:16,2257.5,810677
2021-06-22 09:25:17,2258.0,811818
2021-06-22 09:25:18,2258.0,812146
2021-06-22 09:25:19,2258.0,814000
2021-06-22 09:25:21,2258.15,814545
2021-06-22 09:25:22,2257.5,815156
2021-06-22 09:25:23,2258.0,815529
2021-06-22 09:25:23,2258.0,815665
2021-06-22 09:25:24,2257.9,816751
2021-06-22 09:25:25,2257.0,817757
2021-06-22 09:25:26,2256.8,822270
2021-06-22 09:25:27,2256.8,823774
2021-06-22 09:25:28,2257.05,824054
2021-06-22 09:25:29,2257.25,824624
2021-06-22 09:25:30,2256.45,825545
2021-06-22 09:25:31,2257.4,825937
2021-06-22 09:25:33,2257.7,827051
2021-06-22 09:25:35,2257.8,827139
2021-06-22 09:25:36,2256.8,828052
2021-06-22 09:25:37,2257.55,828310
2021-06-22 09:25:38,2257.25,828614
2021-06-22 09:25:39,2256.6,830347
2021-06-22 09:25:40,2256.25,830599
2021-06-22 09:25:41,2256.65,831238
2021-06-22 09:25:41,2256.6,831370
2021-06-22 09:25:42,2256.0,831747
2021-06-22 09:25:43,2257.0,832037
2021-06-22 09:25:44,2256.45,832473
2021-06-22 09:25:45,2257.2,832858
2021-06-22 09:25:46,2257.55,833092
2021-06-22 09:25:47,2257.0,833276
2021-06-22 09:25:48,2256.35,833987
2021-06-22 09:25:50,2257.25,834149
2021-06-22 09:25:51,2256.1,834516
2021-06-22 09:25:52,2256.4,835047
2021-06-22 09:25:53,2256.8,835146
2021-06-22 09:25:54,2256.9,835310
2021-06-22 09:25:54,2256.8,835360
2021-06-22 09:25:55,2256.95,835851
2021-06-22 09:25:56,2256.4,835945
2021-06-22 09:25:58,2256.0,836423
2021-06-22 09:26:00,2256.0,837970
2021-06-22 09:26:02,2256.1,838145
2021-06-22 09:26:03,2256.0,838485
2021-06-22 09:26:04,2256.75,838886
2021-06-22 09:26:05,2256.7,840106
2021-06-22 09:26:06,2256.75,840256
2021-06-22 09:26:06,2256.75,840259
2021-06-22 09:26:07,2256.4,840961
2021-06-22 09:26:08,2256.4,841423
2021-06-22 09:26:09,2256.0,841697
2021-06-22 09:26:10,2256.5,842120
2021-06-22 09:26:13,2256.5,842885
2021-06-22 09:26:14,2256.15,843012
2021-06-22 09:26:15,2256.45,843884
2021-06-22 09:26:15,2256.0,843892
2021-06-22 09:26:16,2256.05,844039
2021-06-22 09:26:17,2255.5,844457
2021-06-22 09:26:18,2256.0,844847
2021-06-22 09:26:19,2256.15,844877
2021-06-22 09:26:20,2255.2,845433
2021-06-22 09:26:22,2255.6,846985
2021-06-22 09:26:23,2255.25,847340
2021-06-22 09:26:24,2255.6,847371
2021-06-22 09:26:25,2256.1,847982
2021-06-22 09:26:26,2255.8,848201
2021-06-22 09:26:27,2255.5,848670
2021-06-22 09:26:28,2255.35,849036
2021-06-22 09:26:29,2255.6,849401
2021-06-22 09:26:30,2255.55,849740
2021-06-22 09:26:31,2255.5,849962
2021-06-22 09:26:32,2255.3,850153
2021-06-22 09:26:32,2255.5,850168
2021-06-22 09:26:33,2255.5,851877
2021-06-22 09:26:36,2255.3,853785
2021-06-22 09:26:37,2255.3,853944
2021-06-22 09:26:38,2255.4,853979
2021-06-22 09:26:39,2255.5,854128
2021-06-22 09:26:40,2255.4,854602
2021-06-22 09:26:41,2255.35,855293
2021-06-22 09:26:42,2255.8,856138
2021-06-22 09:26:43,2255.4,856669
2021-06-22 09:26:44,2255.4,856721
2021-06-22 09:26:45,2255.4,857102
2021-06-22 09:26:45,2255.5,857148
2021-06-22 09:26:46,2255.5,860026
2021-06-22 09:26:47,2255.35,861136
2021-06-22 09:26:48,2255.5,861442
2021-06-22 09:26:49,2255.5,861996
2021-06-22 09:26:51,2255.4,862157
2021-06-22 09:26:52,2255.5,862381
2021-06-22 09:26:53,2255.0,869189
2021-06-22 09:26:54,2254.1,869424
2021-06-22 09:26:55,2254.95,869596
2021-06-22 09:26:55,2254.9,869598
2021-06-22 09:26:56,2254.75,869622
2021-06-22 09:26:58,2254.0,871263
2021-06-22 09:26:59,2254.9,871843
2021-06-22 09:27:02,2254.0,872646
2021-06-22 09:27:03,2254.0,875936
2021-06-22 09:27:03,2254.2,876217
2021-06-22 09:27:04,2254.4,877077
2021-06-22 09:27:05,2253.9,877433
2021-06-22 09:27:07,2254.0,878122
2021-06-22 09:27:08,2253.3,878197
2021-06-22 09:27:10,2253.1,883532
2021-06-22 09:27:10,2252.4,883475
2021-06-22 09:27:12,2252.5,884733
2021-06-22 09:27:13,2252.5,885180
2021-06-22 09:27:14,2252.5,885624
2021-06-22 09:27:15,2251.05,892708
2021-06-22 09:27:17,2251.55,893729
2021-06-22 09:27:18,2252.05,894311
2021-06-22 09:27:19,2251.2,894623
2021-06-22 09:27:20,2251.95,895700
2021-06-22 09:27:20,2252.45,895690
2021-06-22 09:27:21,2252.4,895829
2021-06-22 09:27:22,2251.3,896661
2021-06-22 09:27:23,2251.95,897046
2021-06-22 09:27:24,2251.55,897413
2021-06-22 09:27:25,2251.95,897478
2021-06-22 09:27:27,2252.0,897643
2021-06-22 09:27:28,2252.0,897752
2021-06-22 09:27:30,2252.75,898425
2021-06-22 09:27:31,2252.75,902115
2021-06-22 09:27:32,2252.6,902821
2021-06-22 09:27:33,2252.75,903122
2021-06-22 09:27:33,2252.3,903310
2021-06-22 09:27:34,2251.5,905410
2021-06-22 09:27:35,2253.0,906019
2021-06-22 09:27:37,2252.0,906701
2021-06-22 09:27:38,2252.1,906891
2021-06-22 09:27:39,2252.75,907097
2021-06-22 09:27:40,2253.0,907220
2021-06-22 09:27:41,2253.0,907462
2021-06-22 09:27:41,2253.0,907462
2021-06-22 09:27:42,2252.45,910193
2021-06-22 09:27:44,2252.75,911793
2021-06-22 09:27:45,2253.4,912576
2021-06-22 09:27:46,2253.0,912817
2021-06-22 09:27:47,2253.0,912869
2021-06-22 09:27:48,2253.0,913091
2021-06-22 09:27:49,2253.0,913291
2021-06-22 09:27:50,2253.4,913633
2021-06-22 09:27:51,2253.4,913875
2021-06-22 09:27:52,2253.0,913980
2021-06-22 09:27:53,2253.0,914251
2021-06-22 09:27:54,2253.4,914511
2021-06-22 09:27:55,2253.75,915000
2021-06-22 09:27:57,2253.55,915782
2021-06-22 09:27:58,2253.75,916503
2021-06-22 09:27:59,2253.5,917075
2021-06-22 09:28:00,2253.45,917257
2021-06-22 09:28:01,2253.4,917312
2021-06-22 09:28:02,2253.0,917602
2021-06-22 09:28:03,2253.4,917912
2021-06-22 09:28:04,2253.0,918313
2021-06-22 09:28:05,2253.9,918421
2021-06-22 09:28:06,2253.4,918607
2021-06-22 09:28:07,2253.4,918792
2021-06-22 09:28:08,2253.4,918801
2021-06-22 09:28:09,2253.35,919284
2021-06-22 09:28:10,2253.0,919603
2021-06-22 09:28:11,2253.0,919968
2021-06-22 09:28:12,2253.3,920024
2021-06-22 09:28:13,2253.75,920549
2021-06-22 09:28:14,2253.0,920678
2021-06-22 09:28:15,2254.0,921323
2021-06-22 09:28:16,2253.3,921953
2021-06-22 09:28:17,2253.5,921991
2021-06-22 09:28:18,2253.35,923102
2021-06-22 09:28:19,2253.35,923493
2021-06-22 09:28:20,2253.05,924014
2021-06-22 09:28:20,2253.05,924063
2021-06-22 09:28:21,2253.0,924436
2021-06-22 09:28:24,2253.25,926507
2021-06-22 09:28:25,2253.25,926541
2021-06-22 09:28:26,2253.05,926631
2021-06-22 09:28:27,2253.6,926854
2021-06-22 09:28:29,2253.6,926922
2021-06-22 09:28:30,2253.25,927042
2021-06-22 09:28:31,2253.3,927139
2021-06-22 09:28:32,2253.6,927904
2021-06-22 09:28:33,2253.9,928940
2021-06-22 09:28:34,2253.9,929444
2021-06-22 09:28:35,2254.95,929499
2021-06-22 09:28:36,2254.85,930077
2021-06-22 09:28:37,2254.45,930784
2021-06-22 09:28:38,2253.6,931886
2021-06-22 09:28:39,2253.5,932349
2021-06-22 09:28:40,2254.15,932511
2021-06-22 09:28:41,2254.15,932518
2021-06-22 09:28:42,2254.15,932663
2021-06-22 09:28:43,2253.5,932950
2021-06-22 09:28:44,2254.15,933065
2021-06-22 09:28:45,2253.5,933569
2021-06-22 09:28:46,2254.5,934282
2021-06-22 09:28:48,2253.7,935071
2021-06-22 09:28:49,2254.55,935173
2021-06-22 09:28:50,2254.0,935378
2021-06-22 09:28:52,2254.5,936111
2021-06-22 09:28:53,2254.75,936259
2021-06-22 09:28:54,2253.7,937157
2021-06-22 09:28:55,2254.3,940576
2021-06-22 09:28:56,2254.45,940965
2021-06-22 09:28:57,2254.5,941115
2021-06-22 09:28:57,2254.45,941125
2021-06-22 09:28:59,2254.6,941282
2021-06-22 09:28:59,2254.35,942195
2021-06-22 09:29:01,2254.2,942595
2021-06-22 09:29:02,2253.95,943621
2021-06-22 09:29:03,2253.95,944166
2021-06-22 09:29:04,2254.7,944626
2021-06-22 09:29:05,2254.7,944974
2021-06-22 09:29:06,2254.0,945377
2021-06-22 09:29:07,2254.4,945924
2021-06-22 09:29:08,2254.0,945955
2021-06-22 09:29:08,2253.5,946122
2021-06-22 09:29:09,2254.0,946221
2021-06-22 09:29:11,2254.0,946347
2021-06-22 09:29:12,2253.5,946464
2021-06-22 09:29:13,2253.5,947174
2021-06-22 09:29:14,2254.3,947260
2021-06-22 09:29:15,2254.85,947413
2021-06-22 09:29:16,2254.85,947435
2021-06-22 09:29:16,2254.9,947414
2021-06-22 09:29:17,2255.0,948028
2021-06-22 09:29:19,2255.0,948233
2021-06-22 09:29:20,2254.9,948396
2021-06-22 09:29:21,2254.05,948680
2021-06-22 09:29:22,2254.3,948718
2021-06-22 09:29:23,2254.25,949390
2021-06-22 09:29:24,2253.75,949547
2021-06-22 09:29:25,2254.9,950021
2021-06-22 09:29:26,2254.95,950237
2021-06-22 09:29:27,2254.0,950492
2021-06-22 09:29:28,2254.3,950749
2021-06-22 09:29:29,2254.9,951474
2021-06-22 09:29:30,2254.95,951746
2021-06-22 09:29:31,2255.0,952016
2021-06-22 09:29:32,2254.6,952131
2021-06-22 09:29:33,2255.0,952499
2021-06-22 09:29:36,2254.4,953652
2021-06-22 09:29:37,2254.6,953852
2021-06-22 09:29:38,2255.0,953871
2021-06-22 09:29:39,2254.55,953972
2021-06-22 09:29:40,2254.55,954425
2021-06-22 09:29:41,2255.0,954616
2021-06-22 09:29:42,2255.0,954980
2021-06-22 09:29:43,2255.5,955012
2021-06-22 09:29:44,2255.3,955143
2021-06-22 09:29:44,2255.3,955143
2021-06-22 09:29:46,2255.4,955383
2021-06-22 09:29:47,2255.2,957273
2021-06-22 09:29:48,2255.65,957547
2021-06-22 09:29:49,2255.2,957597
2021-06-22 09:29:50,2255.2,957829
2021-06-22 09:29:51,2255.4,957940
2021-06-22 09:29:52,2255.7,958101
2021-06-22 09:29:53,2255.7,958385
2021-06-22 09:29:54,2255.0,959237
2021-06-22 09:29:55,2255.7,959615
2021-06-22 09:29:56,2254.85,962515
2021-06-22 09:29:57,2254.1,962733
2021-06-22 09:29:57,2255.0,962748
2021-06-22 09:29:59,2254.1,963983
2021-06-22 09:30:00,2255.2,965362
2021-06-22 09:30:01,2254.9,965687
2021-06-22 09:30:02,2254.75,966409
2021-06-22 09:30:03,2254.9,966687
2021-06-22 09:30:04,2254.9,967124
2021-06-22 09:30:05,2255.15,967439
2021-06-22 09:30:06,2255.75,967811
2021-06-22 09:30:07,2254.85,968181
2021-06-22 09:30:08,2256.0,968391
2021-06-22 09:30:09,2254.85,969087
2021-06-22 09:30:10,2255.2,969553
2021-06-22 09:30:11,2255.4,969957
2021-06-22 09:30:13,2255.4,971825
2021-06-22 09:30:14,2255.65,972136
2021-06-22 09:30:15,2255.55,973218
2021-06-22 09:30:16,2255.0,973245
2021-06-22 09:30:17,2255.25,973630
2021-06-22 09:30:18,2255.25,973746
2021-06-22 09:30:19,2255.6,974320
2021-06-22 09:30:20,2255.0,974455
2021-06-22 09:30:21,2255.5,974676
2021-06-22 09:30:22,2255.5,974699
2021-06-22 09:30:23,2255.9,974840
2021-06-22 09:30:24,2255.9,974910
2021-06-22 09:30:25,2255.45,975160
2021-06-22 09:30:26,2256.0,975582
2021-06-22 09:30:27,2256.0,976357
2021-06-22 09:30:28,2255.65,977319
2021-06-22 09:30:29,2255.6,977341
2021-06-22 09:30:30,2256.0,977452
2021-06-22 09:30:31,2255.9,978168
2021-06-22 09:30:32,2255.5,978566
2021-06-22 09:30:33,2255.65,979154
2021-06-22 09:30:34,2256.15,979944
2021-06-22 09:30:35,2256.25,980556
2021-06-22 09:30:36,2256.3,980804
2021-06-22 09:30:37,2255.85,981047
2021-06-22 09:30:39,2256.15,981324
2021-06-22 09:30:40,2256.15,981579
2021-06-22 09:30:41,2255.35,981832
2021-06-22 09:30:42,2255.35,982038
2021-06-22 09:30:43,2255.6,982349
2021-06-22 09:30:44,2255.1,982652
2021-06-22 09:30:45,2255.3,983080
2021-06-22 09:30:46,2255.9,983448
2021-06-22 09:30:47,2255.9,983451
2021-06-22 09:30:48,2256.2,985900
2021-06-22 09:30:49,2255.1,987233
2021-06-22 09:30:50,2255.9,987407
2021-06-22 09:30:51,2255.35,987837
2021-06-22 09:30:52,2255.15,989576
2021-06-22 09:30:53,2254.5,989870
2021-06-22 09:30:54,2255.25,990011
2021-06-22 09:30:55,2254.35,990972
2021-06-22 09:30:56,2255.1,991148
2021-06-22 09:30:57,2255.25,991329
2021-06-22 09:30:58,2255.3,991460
2021-06-22 09:30:59,2255.3,991588
2021-06-22 09:31:00,2255.3,991607
2021-06-22 09:31:01,2255.35,992149
2021-06-22 09:31:02,2255.0,992344
2021-06-22 09:31:03,2256.45,996020
2021-06-22 09:31:04,2256.45,996346
2021-06-22 09:31:05,2256.7,996518
2021-06-22 09:31:06,2256.15,996644
2021-06-22 09:31:08,2256.0,997257
2021-06-22 09:31:09,2256.9,997846
2021-06-22 09:31:10,2256.9,997875
2021-06-22 09:31:13,2256.15,998173
2021-06-22 09:31:14,2256.4,998705
2021-06-22 09:31:16,2256.15,998847
2021-06-22 09:31:15,2256.4,998834
2021-06-22 09:31:17,2256.05,999305
2021-06-22 09:31:18,2256.15,999981
2021-06-22 09:31:19,2255.95,1000189
2021-06-22 09:31:20,2256.0,1000437
2021-06-22 09:31:21,2256.0,1000577
2021-06-22 09:31:22,2256.0,1000657
2021-06-22 09:31:24,2256.0,1000830
2021-06-22 09:31:25,2255.4,1002195
2021-06-22 09:31:26,2255.85,1003098
2021-06-22 09:31:27,2256.0,1003439
2021-06-22 09:31:28,2255.85,1004546
2021-06-22 09:31:29,2255.85,1004956
2021-06-22 09:31:30,2255.85,1004956
2021-06-22 09:31:31,2256.0,1005167
2021-06-22 09:31:32,2255.85,1005309
2021-06-22 09:31:33,2256.0,1005703
2021-06-22 09:31:34,2255.6,1005781
2021-06-22 09:31:35,2255.45,1006902
2021-06-22 09:31:36,2255.45,1006992
2021-06-22 09:31:38,2255.45,1007322
2021-06-22 09:31:39,2255.0,1007479
2021-06-22 09:31:40,2255.0,1007540
2021-06-22 09:31:41,2255.45,1007683
2021-06-22 09:31:42,2255.8,1007855
2021-06-22 09:31:44,2255.75,1009786
2021-06-22 09:31:45,2255.6,1010022
2021-06-22 09:31:46,2255.0,1010425
2021-06-22 09:31:47,2254.55,1011851
2021-06-22 09:31:48,2255.65,1012047
2021-06-22 09:31:49,2255.0,1012644
2021-06-22 09:31:50,2255.7,1012830
2021-06-22 09:31:51,2255.0,1013001
2021-06-22 09:31:52,2255.7,1013029
2021-06-22 09:31:53,2255.0,1013332
2021-06-22 09:31:54,2254.5,1013960
2021-06-22 09:31:55,2254.05,1014633
2021-06-22 09:31:56,2255.2,1014799
2021-06-22 09:31:57,2254.1,1014860
2021-06-22 09:31:58,2254.1,1014884
2021-06-22 09:31:59,2254.55,1014973
2021-06-22 09:32:00,2254.75,1015610
2021-06-22 09:32:01,2254.1,1015745
2021-06-22 09:32:02,2254.75,1016408
2021-06-22 09:32:03,2254.1,1016423
2021-06-22 09:32:04,2254.0,1017328
2021-06-22 09:32:05,2254.9,1017372
2021-06-22 09:32:07,2254.0,1019048
2021-06-22 09:32:08,2254.0,1019188
2021-06-22 09:32:09,2254.0,1019188
2021-06-22 09:32:10,2254.5,1019509
2021-06-22 09:32:11,2254.0,1019559
2021-06-22 09:32:12,2254.5,1019655
2021-06-22 09:32:14,2254.5,1020141
2021-06-22 09:32:15,2253.0,1026041
2021-06-22 09:32:16,2253.0,1026353
2021-06-22 09:32:17,2252.7,1028520
2021-06-22 09:32:17,2253.65,1028557
2021-06-22 09:32:18,2253.6,1028955
2021-06-22 09:32:19,2253.6,1028955
2021-06-22 09:32:20,2253.35,1029129
2021-06-22 09:32:21,2252.9,1030116
2021-06-22 09:32:22,2252.6,1030967
2021-06-22 09:32:23,2253.0,1031058
2021-06-22 09:32:24,2253.0,1031155
2021-06-22 09:32:26,2252.65,1031519
2021-06-22 09:32:26,2253.0,1031419
2021-06-22 09:32:27,2253.45,1032529
2021-06-22 09:32:28,2252.65,1032984
2021-06-22 09:32:29,2252.65,1033385
2021-06-22 09:32:30,2253.0,1033767
2021-06-22 09:32:31,2252.4,1034206
2021-06-22 09:32:32,2253.0,1034355
2021-06-22 09:32:33,2252.9,1034628
2021-06-22 09:32:34,2252.65,1034638
2021-06-22 09:32:35,2252.65,1034972
2021-06-22 09:32:36,2252.25,1035054
2021-06-22 09:32:38,2252.65,1036242
2021-06-22 09:32:38,2252.65,1036242
2021-06-22 09:32:39,2252.4,1036937
2021-06-22 09:32:40,2252.4,1037087
2021-06-22 09:32:41,2253.6,1037644
2021-06-22 09:32:43,2253.55,1037722
2021-06-22 09:32:43,2253.55,1037732
2021-06-22 09:32:44,2253.55,1038001
2021-06-22 09:32:45,2253.55,1038032
2021-06-22 09:32:46,2253.55,1038220
2021-06-22 09:32:47,2253.8,1038443
2021-06-22 09:32:48,2254.0,1038842
2021-06-22 09:32:49,2253.55,1038899
2021-06-22 09:32:50,2252.85,1039480
2021-06-22 09:32:51,2253.55,1039566
2021-06-22 09:32:53,2253.75,1039711
2021-06-22 09:32:54,2253.75,1039731
2021-06-22 09:32:55,2253.75,1039862
2021-06-22 09:32:55,2253.8,1039912
2021-06-22 09:32:56,2253.75,1039919
2021-06-22 09:32:57,2253.75,1040087
2021-06-22 09:32:58,2253.5,1040361
2021-06-22 09:33:00,2253.75,1040634
2021-06-22 09:33:01,2253.5,1041031
2021-06-22 09:33:01,2253.75,1041110
2021-06-22 09:33:02,2253.75,1041205
2021-06-22 09:33:03,2253.75,1041403
2021-06-22 09:33:04,2253.75,1041413
2021-06-22 09:33:05,2253.5,1042503
2021-06-22 09:33:06,2253.5,1042534
2021-06-22 09:33:07,2253.5,1042630
2021-06-22 09:33:09,2253.6,1042706
2021-06-22 09:33:10,2253.6,1042791
2021-06-22 09:33:11,2253.65,1043041
2021-06-22 09:33:12,2253.6,1043058
2021-06-22 09:33:12,2253.6,1043059
2021-06-22 09:33:13,2253.5,1043436
2021-06-22 09:33:14,2253.65,1043642
2021-06-22 09:33:15,2253.75,1043653
2021-06-22 09:33:16,2253.8,1044179
2021-06-22 09:33:17,2253.8,1044179
2021-06-22 09:33:18,2254.05,1045123
2021-06-22 09:33:20,2254.45,1045134
2021-06-22 09:33:21,2254.45,1045134
2021-06-22 09:33:22,2254.05,1045273
2021-06-22 09:33:23,2254.5,1045295
2021-06-22 09:33:24,2254.85,1045593
2021-06-22 09:33:25,2254.5,1045746
2021-06-22 09:33:26,2254.25,1046254
2021-06-22 09:33:26,2254.25,1046254
2021-06-22 09:33:27,2254.5,1047402
2021-06-22 09:33:28,2255.0,1047596
2021-06-22 09:33:29,2254.45,1047745
2021-06-22 09:33:31,2255.0,1048959
2021-06-22 09:33:33,2255.8,1051008
2021-06-22 09:33:34,2255.0,1051263
2021-06-22 09:33:35,2255.0,1051427
2021-06-22 09:33:36,2255.95,1051428
2021-06-22 09:33:36,2255.95,1051428
2021-06-22 09:33:37,2255.75,1052072
2021-06-22 09:33:38,2255.05,1052224
2021-06-22 09:33:39,2255.8,1052587
2021-06-22 09:33:40,2255.65,1052599
2021-06-22 09:33:41,2255.05,1052951
2021-06-22 09:33:42,2255.75,1053225
2021-06-22 09:33:43,2255.75,1053262
2021-06-22 09:33:45,2255.8,1053683
2021-06-22 09:33:45,2255.75,1053722
2021-06-22 09:33:47,2255.8,1054847
2021-06-22 09:33:47,2255.8,1054847
2021-06-22 09:33:48,2255.8,1055106
2021-06-22 09:33:49,2255.7,1055387
2021-06-22 09:33:50,2255.8,1056579
2021-06-22 09:33:51,2255.0,1056856
2021-06-22 09:33:52,2255.6,1057115
2021-06-22 09:33:53,2253.7,1060589
2021-06-22 09:33:54,2253.85,1061314
2021-06-22 09:33:55,2253.6,1061353
2021-06-22 09:33:56,2253.85,1061477
2021-06-22 09:33:58,2254.9,1065603
2021-06-22 09:34:01,2253.6,1066313
2021-06-22 09:34:02,2253.5,1066437
2021-06-22 09:34:03,2254.5,1066976
2021-06-22 09:34:04,2254.5,1066976
2021-06-22 09:34:04,2254.8,1067026
2021-06-22 09:34:05,2254.85,1067226
2021-06-22 09:34:06,2254.7,1067257
2021-06-22 09:34:07,2253.7,1067398
2021-06-22 09:34:08,2253.75,1067466
2021-06-22 09:34:09,2254.5,1067497
2021-06-22 09:34:10,2254.0,1067613
2021-06-22 09:34:11,2254.8,1067764
2021-06-22 09:34:12,2254.05,1067875
2021-06-22 09:34:13,2254.5,1067905
2021-06-22 09:34:14,2254.9,1068200
2021-06-22 09:34:16,2255.0,1068732
2021-06-22 09:34:17,2254.95,1068808
2021-06-22 09:34:18,2254.8,1068814
2021-06-22 09:34:20,2255.0,1070536
2021-06-22 09:34:21,2255.0,1070601
2021-06-22 09:34:22,2254.7,1070862
2021-06-22 09:34:23,2254.7,1071108
2021-06-22 09:34:24,2254.75,1071113
2021-06-22 09:34:25,2255.0,1071273
2021-06-22 09:34:26,2255.0,1071502
2021-06-22 09:34:26,2255.0,1071502
2021-06-22 09:34:27,2254.95,1071752
2021-06-22 09:34:28,2254.8,1071991
2021-06-22 09:34:29,2255.0,1072059
2021-06-22 09:34:30,2254.75,1072635
2021-06-22 09:34:31,2255.0,1072706
2021-06-22 09:34:32,2254.6,1072946
2021-06-22 09:34:33,2254.45,1073305
2021-06-22 09:34:34,2254.45,1073415
2021-06-22 09:34:36,2254.5,1073744
2021-06-22 09:34:37,2254.05,1073752
2021-06-22 09:34:38,2254.5,1074022
2021-06-22 09:34:38,2254.0,1074036
2021-06-22 09:34:39,2253.95,1074142
2021-06-22 09:34:40,2254.35,1074166
2021-06-22 09:34:41,2254.0,1074265
2021-06-22 09:34:43,2253.8,1074482
2021-06-22 09:34:44,2253.8,1074523
2021-06-22 09:34:45,2253.7,1074630
2021-06-22 09:34:45,2253.7,1074630
2021-06-22 09:34:46,2253.6,1074854
2021-06-22 09:34:47,2253.45,1075425
2021-06-22 09:34:48,2253.5,1075731
2021-06-22 09:34:49,2253.45,1075793
2021-06-22 09:34:50,2253.5,1076054
2021-06-22 09:34:52,2253.6,1076555
2021-06-22 09:34:53,2253.6,1076576
2021-06-22 09:34:53,2253.6,1076576
2021-06-22 09:34:54,2253.5,1076651
2021-06-22 09:34:55,2253.6,1076727
2021-06-22 09:34:57,2253.6,1076816
2021-06-22 09:34:58,2253.55,1077512
2021-06-22 09:34:58,2253.55,1077518
2021-06-22 09:34:59,2253.5,1077657
2021-06-22 09:35:00,2253.4,1078337
2021-06-22 09:35:01,2253.4,1079703
2021-06-22 09:35:03,2253.95,1079936
2021-06-22 09:35:04,2253.75,1080203
2021-06-22 09:35:05,2253.45,1080849
2021-06-22 09:35:06,2253.45,1080888
2021-06-22 09:35:08,2253.35,1080916
2021-06-22 09:35:09,2253.35,1080944
2021-06-22 09:35:09,2253.35,1081194
2021-06-22 09:35:10,2253.35,1081256
2021-06-22 09:35:11,2253.35,1082382
2021-06-22 09:35:12,2253.45,1082807
2021-06-22 09:35:14,2253.35,1083510
2021-06-22 09:35:15,2253.45,1083844
2021-06-22 09:35:16,2253.45,1084227
2021-06-22 09:35:17,2253.55,1084265
2021-06-22 09:35:18,2254.0,1084962
2021-06-22 09:35:19,2253.75,1084992
2021-06-22 09:35:20,2253.5,1085155
2021-06-22 09:35:22,2253.5,1085301
2021-06-22 09:35:23,2253.5,1085333
2021-06-22 09:35:23,2253.5,1085333
2021-06-22 09:35:24,2253.5,1085477
2021-06-22 09:35:25,2253.35,1086411
2021-06-22 09:35:27,2254.45,1088649
2021-06-22 09:35:28,2253.6,1089108
2021-06-22 09:35:29,2254.1,1089390
2021-06-22 09:35:32,2253.8,1090078
2021-06-22 09:35:33,2254.05,1090862
2021-06-22 09:35:34,2254.05,1091190
2021-06-22 09:35:35,2253.5,1091369
2021-06-22 09:35:36,2253.5,1091383
2021-06-22 09:35:37,2253.45,1091433
2021-06-22 09:35:38,2253.5,1091474
2021-06-22 09:35:39,2254.0,1091874
2021-06-22 09:35:40,2253.5,1091976
2021-06-22 09:35:40,2253.5,1091976
2021-06-22 09:35:41,2253.5,1092578
2021-06-22 09:35:42,2253.45,1092657
2021-06-22 09:35:43,2253.5,1092667
2021-06-22 09:35:44,2253.5,1092920
2021-06-22 09:35:46,2253.5,1093101
2021-06-22 09:35:47,2253.35,1093331
2021-06-22 09:35:47,2253.35,1093331
2021-06-22 09:35:48,2253.25,1093503
2021-06-22 09:35:49,2253.35,1093808
2021-06-22 09:35:50,2253.25,1094939
2021-06-22 09:35:52,2253.0,1095589
2021-06-22 09:35:53,2253.05,1095805
2021-06-22 09:35:55,2253.05,1096346
2021-06-22 09:35:57,2253.0,1096528
2021-06-22 09:35:58,2253.5,1096557
2021-06-22 09:35:58,2253.5,1096557
2021-06-22 09:35:59,2253.2,1096698
2021-06-22 09:36:00,2253.15,1097400
2021-06-22 09:36:03,2253.2,1097597
2021-06-22 09:36:05,2252.75,1097711
2021-06-22 09:36:05,2252.75,1097711
2021-06-22 09:36:06,2252.75,1097839
2021-06-22 09:36:07,2252.6,1098509
2021-06-22 09:36:08,2252.7,1098529
2021-06-22 09:36:09,2253.0,1098671
2021-06-22 09:36:11,2253.0,1098859
2021-06-22 09:36:12,2253.5,1099016
2021-06-22 09:36:12,2253.5,1099016
2021-06-22 09:36:13,2252.9,1099133
2021-06-22 09:36:14,2253.2,1099138
2021-06-22 09:36:15,2253.75,1100356
2021-06-22 09:36:16,2253.5,1100456
2021-06-22 09:36:17,2254.2,1100956
2021-06-22 09:36:18,2253.25,1101085
2021-06-22 09:36:21,2253.95,1101117
2021-06-22 09:36:22,2254.0,1101212
2021-06-22 09:36:23,2254.2,1105752
2021-06-22 09:36:24,2254.2,1105752
2021-06-22 09:36:25,2253.7,1106002
2021-06-22 09:36:26,2253.55,1106864
2021-06-22 09:36:27,2254.55,1106953
2021-06-22 09:36:27,2254.55,1106953
2021-06-22 09:36:28,2254.0,1106957
2021-06-22 09:36:30,2254.45,1107423
2021-06-22 09:36:31,2254.0,1107958
2021-06-22 09:36:33,2253.95,1110187
2021-06-22 09:36:34,2253.95,1110487
2021-06-22 09:36:35,2253.95,1111426
2021-06-22 09:36:36,2253.95,1112270
2021-06-22 09:36:36,2254.45,1112601
2021-06-22 09:36:37,2254.5,1112935
2021-06-22 09:36:38,2253.7,1113112
2021-06-22 09:36:39,2254.4,1113781
2021-06-22 09:36:40,2254.0,1113991
2021-06-22 09:36:41,2253.95,1114141
2021-06-22 09:36:42,2253.95,1114454
2021-06-22 09:36:44,2253.95,1114479
2021-06-22 09:36:45,2253.75,1114554
2021-06-22 09:36:46,2254.0,1114634
2021-06-22 09:36:47,2254.0,1114748
2021-06-22 09:36:48,2254.0,1114758
2021-06-22 09:36:49,2253.85,1114844
2021-06-22 09:36:50,2254.4,1115257
2021-06-22 09:36:51,2253.75,1115926
2021-06-22 09:36:51,2254.0,1115570
2021-06-22 09:36:52,2254.0,1116474
2021-06-22 09:36:54,2253.6,1116807
2021-06-22 09:36:55,2253.2,1117632
2021-06-22 09:36:56,2254.05,1118074
2021-06-22 09:36:56,2253.35,1118344
2021-06-22 09:36:57,2253.9,1118699
2021-06-22 09:36:58,2253.1,1118932
2021-06-22 09:37:00,2253.85,1119480
2021-06-22 09:37:01,2254.05,1119796
2021-06-22 09:37:02,2254.0,1120356
2021-06-22 09:37:03,2253.0,1121518
2021-06-22 09:37:04,2253.6,1121796
2021-06-22 09:37:05,2253.95,1122280
2021-06-22 09:37:06,2253.1,1123281
2021-06-22 09:37:06,2252.75,1123337
2021-06-22 09:37:07,2253.1,1123445
2021-06-22 09:37:08,2253.1,1123468
2021-06-22 09:37:09,2253.1,1123656
2021-06-22 09:37:10,2252.85,1123866
2021-06-22 09:37:11,2252.85,1123932
2021-06-22 09:37:12,2252.85,1124047
2021-06-22 09:37:13,2252.95,1124218
2021-06-22 09:37:14,2253.0,1124459
2021-06-22 09:37:15,2252.6,1125688
2021-06-22 09:37:16,2252.65,1126573
2021-06-22 09:37:17,2252.15,1127552
2021-06-22 09:37:18,2252.6,1127730
2021-06-22 09:37:19,2253.0,1128740
2021-06-22 09:37:20,2252.0,1131371
2021-06-22 09:37:21,2252.7,1131597
2021-06-22 09:37:22,2252.6,1131870
2021-06-22 09:37:24,2252.6,1132007
2021-06-22 09:37:25,2253.0,1132070
2021-06-22 09:37:27,2253.0,1133080
2021-06-22 09:37:28,2253.05,1133189
2021-06-22 09:37:28,2252.5,1133469
2021-06-22 09:37:29,2253.6,1133806
2021-06-22 09:37:31,2253.0,1133930
2021-06-22 09:37:32,2253.0,1134117
2021-06-22 09:37:33,2253.0,1134394
2021-06-22 09:37:34,2252.6,1134399
2021-06-22 09:37:34,2253.0,1134426
2021-06-22 09:37:35,2252.85,1134436
2021-06-22 09:37:36,2252.55,1134451
2021-06-22 09:37:39,2253.6,1135080
2021-06-22 09:37:40,2253.0,1136459
2021-06-22 09:37:41,2253.45,1136705
2021-06-22 09:37:42,2253.0,1137247
2021-06-22 09:37:42,2253.0,1137497
2021-06-22 09:37:43,2253.0,1137563
2021-06-22 09:37:44,2253.6,1137759
2021-06-22 09:37:45,2253.6,1137941
2021-06-22 09:37:46,2253.0,1138322
2021-06-22 09:37:47,2253.75,1138672
2021-06-22 09:37:49,2253.75,1138976
2021-06-22 09:37:50,2253.15,1139239
2021-06-22 09:37:51,2253.75,1139538
2021-06-22 09:37:52,2253.8,1139669
2021-06-22 09:37:53,2252.6,1139764
2021-06-22 09:37:54,2253.7,1139770
2021-06-22 09:37:54,2253.7,1139770
2021-06-22 09:37:55,2253.0,1139807
2021-06-22 09:37:56,2253.0,1139822
2021-06-22 09:37:58,2253.0,1140124
2021-06-22 09:37:59,2253.0,1140227
2021-06-22 09:38:00,2252.55,1140512
2021-06-22 09:38:00,2253.3,1141523
2021-06-22 09:38:01,2252.95,1141592
2021-06-22 09:38:03,2253.0,1141645
2021-06-22 09:38:04,2253.0,1141943
2021-06-22 09:38:05,2252.75,1142053
2021-06-22 09:38:06,2252.6,1142270
2021-06-22 09:38:07,2252.65,1142303
2021-06-22 09:38:08,2252.65,1142308
2021-06-22 09:38:09,2252.0,1143898
2021-06-22 09:38:10,2252.3,1144107
2021-06-22 09:38:11,2252.85,1144156
2021-06-22 09:38:11,2252.3,1144163
2021-06-22 09:38:12,2252.75,1144174
2021-06-22 09:38:14,2252.75,1144278
2021-06-22 09:38:16,2252.75,1144345
2021-06-22 09:38:19,2252.55,1146160
2021-06-22 09:38:20,2252.75,1146489
2021-06-22 09:38:21,2252.6,1146629
2021-06-22 09:38:21,2252.6,1146659
2021-06-22 09:38:22,2252.55,1147258
2021-06-22 09:38:23,2252.0,1149157
2021-06-22 09:38:24,2252.55,1149393
2021-06-22 09:38:25,2252.75,1149840
2021-06-22 09:38:27,2252.7,1150012
2021-06-22 09:38:28,2252.85,1150348
2021-06-22 09:38:30,2252.15,1150507
2021-06-22 09:38:31,2252.05,1150734
2021-06-22 09:38:32,2252.15,1151578
2021-06-22 09:38:33,2252.15,1151628
2021-06-22 09:38:33,2252.15,1151630
2021-06-22 09:38:35,2252.55,1152180
2021-06-22 09:38:36,2252.55,1152239
2021-06-22 09:38:37,2252.55,1152280
2021-06-22 09:38:38,2252.5,1152358
2021-06-22 09:38:40,2252.1,1153435
2021-06-22 09:38:41,2252.2,1153485
2021-06-22 09:38:42,2252.95,1154545
2021-06-22 09:38:43,2252.95,1154545
2021-06-22 09:38:44,2252.2,1154901
2021-06-22 09:38:44,2252.2,1154901
2021-06-22 09:38:45,2252.85,1154957
2021-06-22 09:38:46,2252.55,1155057
2021-06-22 09:38:48,2252.5,1155283
2021-06-22 09:38:49,2252.25,1155335
2021-06-22 09:38:50,2252.25,1155455
2021-06-22 09:38:51,2252.25,1156601
2021-06-22 09:38:51,2252.25,1156601
2021-06-22 09:38:53,2252.25,1156615
2021-06-22 09:38:54,2252.25,1156967
2021-06-22 09:38:55,2252.25,1157324
2021-06-22 09:38:56,2252.25,1157327
2021-06-22 09:38:56,2252.0,1158327
2021-06-22 09:38:58,2252.1,1158351
2021-06-22 09:38:59,2252.2,1159703
2021-06-22 09:39:00,2251.9,1159835
2021-06-22 09:39:01,2251.9,1160156
2021-06-22 09:39:02,2251.9,1160251
2021-06-22 09:39:04,2251.55,1162334
2021-06-22 09:39:04,2251.55,1162334
2021-06-22 09:39:07,2251.9,1162667
2021-06-22 09:39:08,2251.95,1163372
2021-06-22 09:39:09,2251.6,1163379
2021-06-22 09:39:10,2251.15,1163894
2021-06-22 09:39:12,2251.15,1165475
2021-06-22 09:39:13,2251.45,1165519
2021-06-22 09:39:13,2251.2,1166020
2021-06-22 09:39:14,2251.05,1167162
2021-06-22 09:39:15,2251.35,1167205
2021-06-22 09:39:17,2252.25,1167254
2021-06-22 09:39:18,2251.65,1167501
2021-06-22 09:39:19,2251.5,1167715
2021-06-22 09:39:21,2251.65,1169045
2021-06-22 09:39:23,2251.65,1169815
2021-06-22 09:39:24,2252.5,1170295
2021-06-22 09:39:25,2252.0,1170373
2021-06-22 09:39:26,2252.0,1170385
2021-06-22 09:39:27,2252.0,1170663
2021-06-22 09:39:28,2252.25,1171034
2021-06-22 09:39:29,2252.0,1171215
2021-06-22 09:39:29,2252.0,1171215
2021-06-22 09:39:31,2252.7,1171341
2021-06-22 09:39:32,2252.25,1171386
2021-06-22 09:39:33,2252.5,1171761
2021-06-22 09:39:34,2252.5,1172141
2021-06-22 09:39:35,2252.7,1172764
2021-06-22 09:39:35,2252.7,1172764
2021-06-22 09:39:36,2252.35,1172771
2021-06-22 09:39:38,2252.35,1172820
2021-06-22 09:39:38,2252.35,1172820
2021-06-22 09:39:40,2252.6,1172926
2021-06-22 09:39:41,2252.7,1173104
2021-06-22 09:39:42,2253.0,1173314
2021-06-22 09:39:43,2252.65,1173414
2021-06-22 09:39:44,2252.65,1173414
2021-06-22 09:39:45,2252.7,1173671
2021-06-22 09:39:46,2252.95,1173685
2021-06-22 09:39:47,2253.35,1175036
2021-06-22 09:39:48,2252.75,1175050
2021-06-22 09:39:49,2253.3,1175110
2021-06-22 09:39:50,2252.95,1176260
2021-06-22 09:39:50,2252.35,1176310
2021-06-22 09:39:52,2252.7,1176315
2021-06-22 09:39:53,2252.7,1176430
2021-06-22 09:39:54,2252.95,1176479
2021-06-22 09:39:55,2253.0,1176536
2021-06-22 09:39:56,2253.0,1177466
2021-06-22 09:39:57,2253.2,1177488
2021-06-22 09:39:58,2253.0,1177621
2021-06-22 09:39:58,2253.0,1177621
2021-06-22 09:39:59,2253.0,1177679
2021-06-22 09:40:00,2253.0,1177758
2021-06-22 09:40:01,2253.7,1177797
2021-06-22 09:40:02,2253.55,1178223
2021-06-22 09:40:03,2253.4,1178224
2021-06-22 09:40:04,2253.9,1178698
2021-06-22 09:40:05,2253.4,1178936
2021-06-22 09:40:06,2253.1,1179373
2021-06-22 09:40:07,2253.65,1179383
2021-06-22 09:40:08,2253.55,1180233
2021-06-22 09:40:09,2253.7,1180270
2021-06-22 09:40:10,2253.65,1180275
2021-06-22 09:40:13,2253.4,1181037
2021-06-22 09:40:14,2253.4,1181037
2021-06-22 09:40:15,2253.9,1181061
2021-06-22 09:40:16,2253.4,1181601
2021-06-22 09:40:17,2254.0,1181801
2021-06-22 09:40:18,2253.4,1181873
2021-06-22 09:40:19,2253.95,1182649
2021-06-22 09:40:20,2253.4,1183206
2021-06-22 09:40:21,2253.9,1183472
2021-06-22 09:40:23,2253.4,1183611
2021-06-22 09:40:24,2253.8,1184361
2021-06-22 09:40:25,2253.75,1184414
2021-06-22 09:40:26,2253.9,1185391
2021-06-22 09:40:26,2253.9,1185119
2021-06-22 09:40:27,2253.9,1185457
2021-06-22 09:40:29,2253.9,1185713
2021-06-22 09:40:30,2253.85,1185936
2021-06-22 09:40:31,2253.85,1185991
2021-06-22 09:40:33,2253.9,1186295
2021-06-22 09:40:35,2253.85,1187359
2021-06-22 09:40:36,2253.85,1187378
2021-06-22 09:40:38,2253.75,1188261
2021-06-22 09:40:37,2253.75,1188261
2021-06-22 09:40:39,2253.85,1188379
2021-06-22 09:40:40,2253.85,1188499
2021-06-22 09:40:41,2254.4,1189675
2021-06-22 09:40:42,2254.5,1189786
2021-06-22 09:40:43,2254.5,1189903
2021-06-22 09:40:44,2254.5,1189903
2021-06-22 09:40:45,2254.3,1190499
2021-06-22 09:40:46,2254.05,1190908
2021-06-22 09:40:47,2255.0,1191578
2021-06-22 09:40:48,2254.95,1191906
2021-06-22 09:40:49,2254.25,1191967
2021-06-22 09:40:50,2254.25,1191967
2021-06-22 09:40:51,2254.5,1193106
2021-06-22 09:40:52,2254.05,1193816
2021-06-22 09:40:54,2255.0,1194497
2021-06-22 09:40:55,2255.0,1194741
2021-06-22 09:40:56,2255.1,1197621
2021-06-22 09:40:57,2255.0,1197872
2021-06-22 09:40:58,2255.5,1197957
2021-06-22 09:40:59,2255.55,1198457
2021-06-22 09:41:00,2255.55,1198834
2021-06-22 09:41:01,2255.5,1199021
2021-06-22 09:41:02,2255.5,1200155
2021-06-22 09:41:03,2255.5,1200187
2021-06-22 09:41:04,2255.5,1201355
2021-06-22 09:41:05,2255.0,1201395
2021-06-22 09:41:06,2255.0,1201500
2021-06-22 09:41:07,2255.45,1201684
2021-06-22 09:41:08,2255.0,1201737
2021-06-22 09:41:09,2255.5,1201847
2021-06-22 09:41:10,2255.5,1201955
2021-06-22 09:41:11,2255.5,1201980
2021-06-22 09:41:12,2255.45,1202645
2021-06-22 09:41:13,2255.2,1202785
2021-06-22 09:41:14,2255.0,1203186
2021-06-22 09:41:15,2255.2,1203245
2021-06-22 09:41:16,2254.8,1204838
2021-06-22 09:41:17,2254.65,1205739
2021-06-22 09:41:18,2254.0,1206739
2021-06-22 09:41:19,2254.5,1206834
2021-06-22 09:41:20,2254.05,1206926
2021-06-22 09:41:21,2254.05,1206926
2021-06-22 09:41:22,2254.0,1208569
2021-06-22 09:41:23,2254.6,1209374
2021-06-22 09:41:24,2254.65,1209459
2021-06-22 09:41:25,2254.7,1209846
2021-06-22 09:41:26,2254.75,1210171
2021-06-22 09:41:27,2254.05,1210188
2021-06-22 09:41:28,2254.8,1210195
2021-06-22 09:41:29,2254.8,1210229
2021-06-22 09:41:30,2254.8,1210348
2021-06-22 09:41:31,2254.75,1210501
2021-06-22 09:41:32,2254.0,1211107
2021-06-22 09:41:33,2254.55,1211367
2021-06-22 09:41:34,2254.5,1211506
2021-06-22 09:41:35,2254.5,1211640
2021-06-22 09:41:36,2254.5,1211733
2021-06-22 09:41:37,2254.5,1211773
2021-06-22 09:41:38,2254.65,1211879
2021-06-22 09:41:39,2254.65,1211889
2021-06-22 09:41:40,2254.1,1211902
2021-06-22 09:41:41,2254.1,1211972
2021-06-22 09:41:43,2254.95,1213441
2021-06-22 09:41:42,2254.7,1211984
2021-06-22 09:41:44,2255.4,1214127
2021-06-22 09:41:45,2254.35,1214457
2021-06-22 09:41:46,2255.0,1214697
2021-06-22 09:41:47,2254.85,1214811
2021-06-22 09:41:48,2254.85,1215058
2021-06-22 09:41:49,2254.2,1215130
2021-06-22 09:41:50,2254.4,1215142
2021-06-22 09:41:51,2255.0,1215258
2021-06-22 09:41:52,2255.0,1215383
2021-06-22 09:41:53,2254.95,1215446
2021-06-22 09:41:54,2254.4,1215457
2021-06-22 09:41:55,2254.5,1215515
2021-06-22 09:41:56,2254.5,1215847
2021-06-22 09:41:57,2255.0,1215990
2021-06-22 09:41:58,2254.85,1216002
2021-06-22 09:41:59,2255.0,1216052
2021-06-22 09:42:00,2255.0,1216158
2021-06-22 09:42:01,2255.0,1216158
2021-06-22 09:42:02,2255.0,1216364
2021-06-22 09:42:03,2255.0,1216500
2021-06-22 09:42:04,2255.0,1216529
2021-06-22 09:42:05,2255.0,1216750
2021-06-22 09:42:06,2255.0,1216754
2021-06-22 09:42:07,2255.35,1217140
2021-06-22 09:42:08,2255.3,1217918
2021-06-22 09:42:09,2255.3,1217924
2021-06-22 09:42:10,2255.5,1218599
2021-06-22 09:42:11,2254.7,1218851
2021-06-22 09:42:12,2255.5,1218891
2021-06-22 09:42:13,2255.5,1219111
2021-06-22 09:42:14,2255.35,1219247
2021-06-22 09:42:15,2255.5,1219262
2021-06-22 09:42:16,2255.35,1219327
2021-06-22 09:42:17,2255.5,1219372
2021-06-22 09:42:18,2255.5,1219692
2021-06-22 09:42:19,2255.5,1219702
2021-06-22 09:42:20,2255.9,1222029
2021-06-22 09:42:21,2256.0,1222191
2021-06-22 09:42:22,2255.6,1223160
2021-06-22 09:42:23,2255.5,1223322
2021-06-22 09:42:25,2255.5,1223573
2021-06-22 09:42:24,2255.4,1223516
2021-06-22 09:42:26,2255.5,1223573
2021-06-22 09:42:27,2255.5,1224451
2021-06-22 09:42:28,2255.5,1224794
2021-06-22 09:42:29,2255.3,1224920
2021-06-22 09:42:30,2255.3,1224920
2021-06-22 09:42:31,2255.25,1225132
2021-06-22 09:42:32,2255.3,1225170
2021-06-22 09:42:33,2255.5,1225187
2021-06-22 09:42:34,2255.5,1225215
2021-06-22 09:42:35,2255.25,1225308
2021-06-22 09:42:36,2255.25,1225408
2021-06-22 09:42:37,2255.3,1225508
2021-06-22 09:42:38,2255.3,1226223
2021-06-22 09:42:39,2255.3,1226312
2021-06-22 09:42:40,2255.5,1226515
2021-06-22 09:42:41,2255.25,1226562
2021-06-22 09:42:42,2255.25,1226713
2021-06-22 09:42:43,2255.55,1227219
2021-06-22 09:42:44,2255.7,1227281
2021-06-22 09:42:45,2255.4,1228312
2021-06-22 09:42:46,2255.7,1229367
2021-06-22 09:42:48,2255.3,1229670
2021-06-22 09:42:49,2255.7,1229683
2021-06-22 09:42:50,2255.15,1229809
2021-06-22 09:42:51,2255.5,1229987
2021-06-22 09:42:52,2255.0,1230104
2021-06-22 09:42:53,2255.35,1230367
2021-06-22 09:42:54,2255.7,1230427
2021-06-22 09:42:55,2255.0,1230462
2021-06-22 09:42:57,2255.0,1230502
2021-06-22 09:42:57,2255.15,1230550
2021-06-22 09:42:58,2255.15,1230960
2021-06-22 09:42:59,2255.15,1231037
2021-06-22 09:43:00,2255.05,1231068
2021-06-22 09:43:01,2255.0,1231167
2021-06-22 09:43:02,2255.15,1231351
2021-06-22 09:43:04,2255.45,1231673
2021-06-22 09:43:05,2254.4,1232479
2021-06-22 09:43:05,2254.7,1232156
2021-06-22 09:43:06,2254.9,1232607
2021-06-22 09:43:08,2255.4,1233476
2021-06-22 09:43:09,2255.1,1233558
2021-06-22 09:43:11,2255.05,1233570
2021-06-22 09:43:11,2255.05,1233570
2021-06-22 09:43:12,2255.05,1233686
2021-06-22 09:43:13,2255.1,1233691
2021-06-22 09:43:14,2255.05,1233966
2021-06-22 09:43:15,2254.7,1233983
2021-06-22 09:43:16,2255.0,1234065
2021-06-22 09:43:18,2254.7,1234183
2021-06-22 09:43:18,2255.0,1234198
2021-06-22 09:43:19,2254.7,1234208
2021-06-22 09:43:20,2254.7,1234213
2021-06-22 09:43:21,2255.0,1234283
2021-06-22 09:43:22,2255.3,1234394
2021-06-22 09:43:23,2254.05,1234707
2021-06-22 09:43:24,2255.0,1234721
2021-06-22 09:43:25,2255.0,1234815
2021-06-22 09:43:27,2255.0,1235191
2021-06-22 09:43:28,2255.0,1235246
2021-06-22 09:43:29,2255.0,1235432
2021-06-22 09:43:30,2255.0,1235474
2021-06-22 09:43:31,2254.3,1235540
2021-06-22 09:43:32,2255.0,1235543
2021-06-22 09:43:33,2255.0,1235552
2021-06-22 09:43:34,2255.0,1235607
2021-06-22 09:43:36,2254.4,1235836
2021-06-22 09:43:38,2255.0,1236072
2021-06-22 09:43:38,2255.0,1236072
2021-06-22 09:43:39,2254.35,1236259
2021-06-22 09:43:40,2255.0,1236273
2021-06-22 09:43:41,2254.35,1236430
2021-06-22 09:43:42,2255.05,1236680
2021-06-22 09:43:43,2255.5,1236696
2021-06-22 09:43:45,2255.45,1237458
2021-06-22 09:43:46,2255.35,1239034
2021-06-22 09:43:48,2255.35,1239574
2021-06-22 09:43:50,2255.5,1239738
2021-06-22 09:43:50,2255.5,1239681
2021-06-22 09:43:51,2255.4,1239912
2021-06-22 09:43:52,2255.35,1240115
2021-06-22 09:43:53,2255.3,1240564
2021-06-22 09:43:54,2255.5,1240729
2021-06-22 09:43:55,2255.3,1241099
2021-06-22 09:43:56,2255.5,1241124
2021-06-22 09:43:59,2255.3,1241555
2021-06-22 09:43:59,2255.3,1241555
2021-06-22 09:44:00,2255.5,1241603
2021-06-22 09:44:01,2255.4,1241609
2021-06-22 09:44:02,2255.4,1241674
2021-06-22 09:44:04,2255.5,1241794
2021-06-22 09:44:05,2255.8,1241815
2021-06-22 09:44:05,2255.8,1241815
2021-06-22 09:44:06,2255.3,1242001
2021-06-22 09:44:08,2255.4,1242560
2021-06-22 09:44:09,2255.5,1242561
2021-06-22 09:44:10,2255.95,1242839
2021-06-22 09:44:11,2256.0,1242930
2021-06-22 09:44:12,2255.7,1243688
2021-06-22 09:44:13,2255.7,1243753
2021-06-22 09:44:14,2255.7,1243859
2021-06-22 09:44:17,2256.0,1244819
2021-06-22 09:44:18,2256.0,1245115
2021-06-22 09:44:19,2256.0,1246089
2021-06-22 09:44:20,2255.95,1246104
2021-06-22 09:44:21,2255.9,1247404
2021-06-22 09:44:23,2255.95,1247906
2021-06-22 09:44:23,2256.4,1247926
2021-06-22 09:44:24,2256.0,1248322
2021-06-22 09:44:25,2256.0,1248419
2021-06-22 09:44:26,2256.45,1248505
2021-06-22 09:44:27,2256.45,1248545
2021-06-22 09:44:28,2256.0,1249313
2021-06-22 09:44:29,2255.7,1249968
2021-06-22 09:44:30,2256.35,1250246
2021-06-22 09:44:31,2256.35,1250404
2021-06-22 09:44:32,2256.35,1250464
2021-06-22 09:44:33,2255.95,1250770
2021-06-22 09:44:35,2255.9,1251562
2021-06-22 09:44:36,2255.95,1251825
2021-06-22 09:44:36,2255.9,1252075
2021-06-22 09:44:37,2255.9,1252914
2021-06-22 09:44:38,2255.95,1253196
2021-06-22 09:44:39,2255.5,1253251
2021-06-22 09:44:40,2255.7,1253321
2021-06-22 09:44:41,2255.7,1253500
2021-06-22 09:44:42,2255.4,1253769
2021-06-22 09:44:44,2255.7,1253901
2021-06-22 09:44:44,2255.7,1253901
2021-06-22 09:44:45,2255.35,1254011
2021-06-22 09:44:46,2254.95,1254645
2021-06-22 09:44:47,2255.0,1254809
2021-06-22 09:44:48,2255.65,1254927
2021-06-22 09:44:49,2255.0,1255083
2021-06-22 09:44:50,2255.6,1255226
2021-06-22 09:44:51,2255.65,1255327
2021-06-22 09:44:53,2255.65,1255328
2021-06-22 09:44:54,2255.6,1255380
2021-06-22 09:44:55,2255.65,1256262
2021-06-22 09:44:56,2255.0,1256492
2021-06-22 09:44:57,2255.0,1258634
2021-06-22 09:44:58,2255.05,1258684
2021-06-22 09:44:59,2255.65,1258839
2021-06-22 09:45:00,2255.65,1259130
2021-06-22 09:45:01,2255.05,1259215
2021-06-22 09:45:04,2255.65,1259472
2021-06-22 09:45:05,2255.45,1259583
2021-06-22 09:45:06,2255.4,1259795
2021-06-22 09:45:06,2255.4,1259795
2021-06-22 09:45:08,2255.7,1260018
2021-06-22 09:45:09,2255.7,1260149
2021-06-22 09:45:11,2255.7,1261415
2021-06-22 09:45:12,2255.65,1261490
2021-06-22 09:45:12,2255.95,1261592
2021-06-22 09:45:13,2255.65,1261689
2021-06-22 09:45:14,2255.7,1261742
2021-06-22 09:45:15,2256.0,1262080
2021-06-22 09:45:18,2255.7,1262615
2021-06-22 09:45:19,2256.0,1262698
2021-06-22 09:45:20,2255.1,1264873
2021-06-22 09:45:20,2255.1,1264873
2021-06-22 09:45:21,2255.95,1264905
2021-06-22 09:45:22,2256.3,1265161
2021-06-22 09:45:23,2256.0,1265203
2021-06-22 09:45:26,2255.85,1266090
2021-06-22 09:45:26,2256.0,1266100
2021-06-22 09:45:27,2256.0,1266165
2021-06-22 09:45:28,2255.55,1266733
2021-06-22 09:45:30,2255.85,1267418
2021-06-22 09:45:31,2255.0,1267437
2021-06-22 09:45:32,2255.25,1267473
2021-06-22 09:45:34,2255.9,1267845
2021-06-22 09:45:35,2255.5,1267942
2021-06-22 09:45:36,2255.5,1267969
2021-06-22 09:45:38,2255.85,1268194
2021-06-22 09:45:39,2255.0,1268876
2021-06-22 09:45:39,2255.0,1268876
2021-06-22 09:45:40,2255.25,1268926
2021-06-22 09:45:41,2255.8,1269227
2021-06-22 09:45:43,2255.85,1269396
2021-06-22 09:45:44,2255.25,1269413
2021-06-22 09:45:46,2255.85,1269520
2021-06-22 09:45:47,2255.85,1269569
2021-06-22 09:45:47,2255.85,1269569
2021-06-22 09:45:48,2255.4,1269742
2021-06-22 09:45:49,2255.4,1270163
2021-06-22 09:45:50,2255.7,1270788
2021-06-22 09:45:51,2255.45,1271719
2021-06-22 09:45:52,2255.4,1271762
2021-06-22 09:45:54,2255.45,1271842
2021-06-22 09:45:54,2255.85,1272603
2021-06-22 09:45:55,2255.4,1272631
2021-06-22 09:45:57,2255.95,1272918
2021-06-22 09:45:58,2255.95,1273052
2021-06-22 09:45:58,2255.45,1273157
2021-06-22 09:45:59,2255.45,1273813
2021-06-22 09:46:00,2255.45,1274228
2021-06-22 09:46:01,2255.45,1274334
2021-06-22 09:46:02,2255.45,1274973
2021-06-22 09:46:03,2255.45,1275109
2021-06-22 09:46:05,2255.4,1275115
2021-06-22 09:46:06,2255.5,1275255
2021-06-22 09:46:07,2255.9,1275365
2021-06-22 09:46:08,2255.5,1275387
2021-06-22 09:46:09,2255.95,1275450
2021-06-22 09:46:09,2255.95,1275450
2021-06-22 09:46:10,2256.0,1275511
2021-06-22 09:46:11,2256.0,1275546
2021-06-22 09:46:12,2256.0,1275590
2021-06-22 09:46:13,2255.75,1275922
2021-06-22 09:46:14,2255.75,1275927
2021-06-22 09:46:16,2255.55,1275932
2021-06-22 09:46:17,2255.55,1275977
2021-06-22 09:46:17,2255.55,1275977
2021-06-22 09:46:18,2255.55,1276435
2021-06-22 09:46:19,2255.5,1277004
2021-06-22 09:46:20,2255.5,1277317
2021-06-22 09:46:22,2255.45,1279456
2021-06-22 09:46:23,2255.25,1279480
2021-06-22 09:46:24,2255.3,1279488
2021-06-22 09:46:25,2255.3,1279762
2021-06-22 09:46:27,2255.15,1279938
2021-06-22 09:46:28,2254.9,1281395
2021-06-22 09:46:28,2255.15,1281329
2021-06-22 09:46:29,2255.25,1281440
2021-06-22 09:46:30,2255.0,1281702
2021-06-22 09:46:32,2255.0,1281994
2021-06-22 09:46:33,2254.9,1282013
2021-06-22 09:46:33,2254.9,1282013
2021-06-22 09:46:34,2255.0,1282265
2021-06-22 09:46:35,2254.4,1282929
2021-06-22 09:46:37,2254.4,1283216
2021-06-22 09:46:38,2255.0,1283858
2021-06-22 09:46:39,2254.35,1284523
2021-06-22 09:46:40,2255.0,1284538
2021-06-22 09:46:41,2255.0,1284540
2021-06-22 09:46:42,2255.0,1284540
2021-06-22 09:46:42,2254.5,1284954
2021-06-22 09:46:43,2254.4,1285408
2021-06-22 09:46:45,2254.25,1285466
2021-06-22 09:46:46,2254.5,1285606
2021-06-22 09:46:47,2254.5,1285621
2021-06-22 09:46:48,2254.5,1286034
2021-06-22 09:46:48,2254.5,1286034
2021-06-22 09:46:49,2255.25,1286152
2021-06-22 09:46:50,2254.9,1286246
2021-06-22 09:46:51,2255.25,1286291
2021-06-22 09:46:52,2255.25,1286446
2021-06-22 09:46:54,2255.25,1286446
2021-06-22 09:46:55,2255.25,1286446
2021-06-22 09:46:57,2255.0,1286979
2021-06-22 09:46:57,2255.0,1286979
2021-06-22 09:46:58,2255.0,1287089
2021-06-22 09:46:59,2255.25,1287139
2021-06-22 09:47:01,2255.0,1287210
2021-06-22 09:47:02,2255.0,1287344
2021-06-22 09:47:03,2254.9,1287544
2021-06-22 09:47:04,2254.9,1287929
2021-06-22 09:47:05,2254.9,1288107
2021-06-22 09:47:06,2255.25,1288228
2021-06-22 09:47:07,2255.0,1288324
2021-06-22 09:47:08,2255.0,1288370
2021-06-22 09:47:08,2255.0,1288370
2021-06-22 09:47:10,2255.0,1288860
2021-06-22 09:47:11,2254.8,1289015
2021-06-22 09:47:13,2254.5,1289594
2021-06-22 09:47:14,2254.5,1290378
2021-06-22 09:47:15,2254.5,1290378
2021-06-22 09:47:16,2254.5,1290444
2021-06-22 09:47:17,2254.6,1290635
2021-06-22 09:47:17,2254.6,1290635
2021-06-22 09:47:18,2254.1,1291048
2021-06-22 09:47:19,2254.6,1291152
2021-06-22 09:47:20,2254.5,1291186
2021-06-22 09:47:21,2254.2,1291211
2021-06-22 09:47:22,2254.5,1291242
2021-06-22 09:47:24,2254.9,1291398
2021-06-22 09:47:25,2254.4,1291975
2021-06-22 09:47:26,2254.5,1292255
2021-06-22 09:47:29,2254.6,1292757
2021-06-22 09:47:31,2254.15,1293240
2021-06-22 09:47:32,2254.0,1293941
2021-06-22 09:47:33,2253.9,1295528
2021-06-22 09:47:33,2253.9,1295528
2021-06-22 09:47:35,2254.0,1295912
2021-06-22 09:47:36,2253.9,1296042
2021-06-22 09:47:39,2253.2,1298222
2021-06-22 09:47:39,2252.55,1298255
2021-06-22 09:47:40,2253.3,1298605
2021-06-22 09:47:41,2254.4,1298973
2021-06-22 09:47:42,2253.4,1298983
2021-06-22 09:47:44,2253.45,1299474
2021-06-22 09:47:45,2254.35,1299526
2021-06-22 09:47:46,2253.45,1299624
2021-06-22 09:47:47,2254.0,1299631
2021-06-22 09:47:47,2254.0,1299631
2021-06-22 09:47:48,2253.45,1299651
2021-06-22 09:47:49,2253.4,1300442
2021-06-22 09:47:51,2253.9,1300723
2021-06-22 09:47:53,2253.8,1300841
2021-06-22 09:47:54,2253.45,1300847
2021-06-22 09:47:55,2253.25,1301755
2021-06-22 09:47:55,2253.1,1301752
2021-06-22 09:47:56,2253.25,1301809
2021-06-22 09:47:57,2253.25,1301810
2021-06-22 09:47:59,2253.65,1302167
2021-06-22 09:48:00,2253.8,1302332
2021-06-22 09:48:02,2253.8,1302402
2021-06-22 09:48:03,2253.65,1302406
2021-06-22 09:48:05,2253.15,1302829
2021-06-22 09:48:05,2253.15,1302829
2021-06-22 09:48:06,2253.25,1302843
2021-06-22 09:48:07,2253.25,1303394
2021-06-22 09:48:09,2253.25,1303445
2021-06-22 09:48:10,2253.15,1303795
2021-06-22 09:48:11,2253.65,1305445
2021-06-22 09:48:12,2253.95,1305740
2021-06-22 09:48:13,2253.2,1305743
2021-06-22 09:48:14,2253.15,1306244
2021-06-22 09:48:15,2253.15,1306519
2021-06-22 09:48:17,2252.9,1307274
2021-06-22 09:48:18,2253.2,1307669
2021-06-22 09:48:19,2253.75,1308218
2021-06-22 09:48:20,2252.8,1308574
2021-06-22 09:48:21,2252.65,1309040
2021-06-22 09:48:22,2252.95,1309180
2021-06-22 09:48:23,2252.95,1309190
2021-06-22 09:48:24,2252.75,1310385
2021-06-22 09:48:25,2252.85,1310813
2021-06-22 09:48:26,2252.55,1310961
2021-06-22 09:48:27,2252.85,1311156
2021-06-22 09:48:28,2253.0,1311157
2021-06-22 09:48:29,2253.0,1311187
2021-06-22 09:48:31,2252.95,1311207
2021-06-22 09:48:32,2252.4,1311442
2021-06-22 09:48:33,2252.95,1311617
2021-06-22 09:48:33,2252.8,1311729
2021-06-22 09:48:34,2252.85,1311857
2021-06-22 09:48:36,2252.85,1311862
2021-06-22 09:48:37,2252.15,1311865
2021-06-22 09:48:38,2252.55,1312185
2021-06-22 09:48:39,2252.45,1312197
2021-06-22 09:48:40,2252.85,1312308
2021-06-22 09:48:41,2252.45,1312413
2021-06-22 09:48:41,2252.45,1312413
2021-06-22 09:48:42,2252.45,1312617
2021-06-22 09:48:46,2252.85,1312863
2021-06-22 09:48:47,2252.55,1312918
2021-06-22 09:48:48,2252.85,1313511
2021-06-22 09:48:49,2252.85,1313615
2021-06-22 09:48:50,2252.85,1313620
2021-06-22 09:48:50,2252.85,1313620
2021-06-22 09:48:51,2252.85,1313705
2021-06-22 09:48:52,2252.55,1313875
2021-06-22 09:48:53,2252.65,1314007
2021-06-22 09:48:54,2252.55,1314010
2021-06-22 09:48:57,2252.85,1314862
2021-06-22 09:48:59,2252.85,1314884
2021-06-22 09:49:00,2253.15,1316039
2021-06-22 09:49:01,2253.2,1316061
2021-06-22 09:49:02,2253.05,1316152
2021-06-22 09:49:03,2253.35,1316229
2021-06-22 09:49:03,2253.35,1316229
2021-06-22 09:49:04,2253.1,1316230
2021-06-22 09:49:06,2253.1,1316260
2021-06-22 09:49:07,2253.1,1316302
2021-06-22 09:49:09,2253.1,1316394
2021-06-22 09:49:10,2253.1,1316605
2021-06-22 09:49:11,2253.3,1316700
2021-06-22 09:49:11,2253.3,1316700
2021-06-22 09:49:12,2253.3,1316722
2021-06-22 09:49:14,2253.3,1316741
2021-06-22 09:49:15,2253.1,1316862
2021-06-22 09:49:16,2253.0,1318182
2021-06-22 09:49:17,2253.1,1318214
2021-06-22 09:49:18,2253.1,1318226
2021-06-22 09:49:19,2253.35,1318338
2021-06-22 09:49:20,2253.35,1318497
2021-06-22 09:49:21,2253.35,1318597
2021-06-22 09:49:22,2253.0,1318816
2021-06-22 09:49:23,2253.1,1318835
2021-06-22 09:49:24,2253.1,1318887
2021-06-22 09:49:25,2253.45,1319622
2021-06-22 09:49:26,2253.1,1319770
2021-06-22 09:49:31,2254.0,1321047
2021-06-22 09:49:32,2254.1,1321052
2021-06-22 09:49:35,2254.65,1321233
2021-06-22 09:49:36,2254.65,1321280
2021-06-22 09:49:37,2254.65,1321284
2021-06-22 09:49:39,2254.5,1321809
2021-06-22 09:49:39,2254.5,1321809
2021-06-22 09:49:40,2253.85,1322285
2021-06-22 09:49:41,2253.9,1322592
2021-06-22 09:49:43,2253.95,1322744
2021-06-22 09:49:44,2253.95,1322797
2021-06-22 09:49:45,2254.0,1322978
2021-06-22 09:49:46,2254.15,1322985
2021-06-22 09:49:47,2253.55,1323156
2021-06-22 09:49:48,2253.6,1323171
2021-06-22 09:49:48,2253.6,1323171
2021-06-22 09:49:49,2253.6,1323177
2021-06-22 09:49:51,2253.55,1323308
2021-06-22 09:49:52,2253.0,1323727
2021-06-22 09:49:53,2253.85,1325745
2021-06-22 09:49:54,2254.2,1326245
2021-06-22 09:49:55,2253.1,1326495
2021-06-22 09:49:56,2253.1,1326495
2021-06-22 09:49:57,2253.15,1326796
2021-06-22 09:49:57,2253.15,1326796
2021-06-22 09:49:58,2253.0,1327334
2021-06-22 09:50:00,2253.0,1327703
2021-06-22 09:50:01,2252.75,1327726
2021-06-22 09:50:02,2252.75,1329586
2021-06-22 09:50:03,2252.7,1329591
2021-06-22 09:50:04,2252.7,1329728
2021-06-22 09:50:06,2253.25,1330202
2021-06-22 09:50:07,2253.35,1330346
2021-06-22 09:50:07,2253.35,1330346
2021-06-22 09:50:08,2252.9,1330608
2021-06-22 09:50:10,2253.0,1330612
2021-06-22 09:50:11,2253.15,1330817
2021-06-22 09:50:12,2253.05,1331353
2021-06-22 09:50:13,2253.05,1331453
2021-06-22 09:50:14,2253.25,1331485
2021-06-22 09:50:15,2253.3,1331514
2021-06-22 09:50:16,2253.8,1332036
2021-06-22 09:50:16,2253.15,1332086
2021-06-22 09:50:17,2253.15,1332086
2021-06-22 09:50:19,2253.35,1332095
2021-06-22 09:50:20,2253.85,1332100
2021-06-22 09:50:21,2253.85,1332106
2021-06-22 09:50:22,2253.6,1332176
2021-06-22 09:50:23,2253.6,1332176
2021-06-22 09:50:24,2253.85,1332187
2021-06-22 09:50:25,2253.6,1332399
2021-06-22 09:50:26,2253.6,1332581
2021-06-22 09:50:26,2253.6,1332580
2021-06-22 09:50:28,2253.45,1333043
2021-06-22 09:50:29,2253.5,1333193
2021-06-22 09:50:30,2253.55,1333260
2021-06-22 09:50:31,2253.8,1333308
2021-06-22 09:50:32,2253.6,1333318
2021-06-22 09:50:33,2253.55,1333332
2021-06-22 09:50:34,2253.8,1333685
2021-06-22 09:50:36,2253.5,1334713
2021-06-22 09:50:37,2253.5,1334847
2021-06-22 09:50:38,2253.6,1334875
2021-06-22 09:50:39,2253.6,1334930
2021-06-22 09:50:40,2253.6,1334990
2021-06-22 09:50:41,2254.0,1335425
2021-06-22 09:50:41,2253.5,1335435
2021-06-22 09:50:42,2253.5,1336080
2021-06-22 09:50:44,2253.5,1336112
2021-06-22 09:50:45,2253.55,1336223
2021-06-22 09:50:46,2253.55,1336223
2021-06-22 09:50:47,2253.5,1336250
2021-06-22 09:50:48,2253.5,1336380
2021-06-22 09:50:49,2253.5,1336680
2021-06-22 09:50:50,2253.5,1336780
2021-06-22 09:50:50,2253.5,1336780
2021-06-22 09:50:52,2253.4,1337619
2021-06-22 09:50:53,2253.2,1337836
2021-06-22 09:50:54,2253.2,1337962
2021-06-22 09:50:55,2253.15,1338112
2021-06-22 09:50:56,2253.25,1338229
2021-06-22 09:50:57,2253.1,1338536
2021-06-22 09:50:58,2253.25,1338556
2021-06-22 09:50:58,2253.25,1338556
2021-06-22 09:50:59,2253.1,1338573
2021-06-22 09:51:03,2253.25,1340185
2021-06-22 09:51:04,2253.0,1340690
2021-06-22 09:51:05,2253.0,1340698
2021-06-22 09:51:05,2253.0,1340712
2021-06-22 09:51:06,2253.25,1340847
2021-06-22 09:51:08,2252.9,1340992
2021-06-22 09:51:09,2253.25,1341152
2021-06-22 09:51:12,2253.0,1341356
2021-06-22 09:51:11,2253.1,1341355
2021-06-22 09:51:13,2253.2,1341406
2021-06-22 09:51:14,2253.2,1341407
2021-06-22 09:51:15,2253.0,1341411
2021-06-22 09:51:16,2253.0,1341686
2021-06-22 09:51:17,2252.95,1341872
2021-06-22 09:51:19,2253.0,1342222
2021-06-22 09:51:20,2253.0,1342231
2021-06-22 09:51:21,2253.0,1342251
2021-06-22 09:51:23,2252.95,1342403
2021-06-22 09:51:24,2252.85,1342650
2021-06-22 09:51:26,2253.0,1342787
2021-06-22 09:51:28,2252.85,1342894
2021-06-22 09:51:29,2252.9,1342926
2021-06-22 09:51:31,2252.9,1343168
2021-06-22 09:51:32,2252.9,1343218
2021-06-22 09:51:34,2252.8,1343296
2021-06-22 09:51:35,2252.8,1343297
2021-06-22 09:51:37,2252.8,1343521
2021-06-22 09:51:38,2252.8,1343555
2021-06-22 09:51:39,2252.5,1343649
2021-06-22 09:51:40,2252.8,1343667
2021-06-22 09:51:42,2252.9,1343993
2021-06-22 09:51:41,2252.8,1343970
2021-06-22 09:51:43,2253.0,1346577
2021-06-22 09:51:44,2253.0,1346617
2021-06-22 09:51:45,2253.0,1346667
2021-06-22 09:51:46,2253.4,1346702
2021-06-22 09:51:47,2253.4,1346752
2021-06-22 09:51:48,2252.9,1347152
2021-06-22 09:51:49,2252.9,1347208
2021-06-22 09:51:50,2252.9,1347266
2021-06-22 09:51:51,2253.0,1347268
2021-06-22 09:51:52,2252.9,1347550
2021-06-22 09:51:53,2252.9,1347572
2021-06-22 09:51:54,2252.9,1347622
2021-06-22 09:51:55,2252.95,1347623
2021-06-22 09:51:56,2252.9,1347630
2021-06-22 09:51:57,2252.9,1347630
2021-06-22 09:51:58,2252.95,1347644
2021-06-22 09:51:59,2252.95,1347644
2021-06-22 09:52:01,2252.8,1347829
2021-06-22 09:52:02,2252.9,1347894
2021-06-22 09:52:03,2252.9,1347894
2021-06-22 09:52:04,2252.9,1347898
2021-06-22 09:52:05,2252.9,1347998
2021-06-22 09:52:06,2252.6,1348414
2021-06-22 09:52:07,2252.55,1348684
2021-06-22 09:52:08,2252.55,1348769
2021-06-22 09:52:09,2252.95,1348770
2021-06-22 09:52:10,2252.6,1348894
2021-06-22 09:52:11,2252.95,1348951
2021-06-22 09:52:12,2252.95,1349103
2021-06-22 09:52:13,2252.95,1349218
2021-06-22 09:52:14,2252.95,1349274
2021-06-22 09:52:15,2252.95,1349274
2021-06-22 09:52:16,2252.7,1349290
2021-06-22 09:52:17,2252.5,1349939
2021-06-22 09:52:18,2252.6,1350151
2021-06-22 09:52:19,2252.6,1350154
2021-06-22 09:52:20,2252.6,1350229
2021-06-22 09:52:21,2252.6,1350306
2021-06-22 09:52:22,2252.0,1353875
2021-06-22 09:52:23,2252.0,1357428
2021-06-22 09:52:24,2252.2,1357491
2021-06-22 09:52:25,2252.0,1357574
2021-06-22 09:52:26,2252.0,1357849
2021-06-22 09:52:27,2252.2,1357989
2021-06-22 09:52:28,2251.55,1358029
2021-06-22 09:52:29,2252.2,1358045
2021-06-22 09:52:30,2252.0,1358405
2021-06-22 09:52:32,2252.2,1358511
2021-06-22 09:52:33,2252.05,1358572
2021-06-22 09:52:34,2252.0,1358607
2021-06-22 09:52:35,2252.0,1358613
2021-06-22 09:52:37,2252.0,1358953
2021-06-22 09:52:38,2252.0,1359052
2021-06-22 09:52:39,2252.6,1359399
2021-06-22 09:52:40,2252.6,1359399
2021-06-22 09:52:41,2252.55,1359937
2021-06-22 09:52:42,2252.6,1360004
2021-06-22 09:52:43,2252.0,1360566
2021-06-22 09:52:44,2251.6,1360634
2021-06-22 09:52:45,2252.0,1360646
2021-06-22 09:52:46,2252.0,1360746
2021-06-22 09:52:48,2251.6,1360824
2021-06-22 09:52:49,2251.6,1360826
2021-06-22 09:52:50,2251.75,1360931
2021-06-22 09:52:51,2251.7,1360987
2021-06-22 09:52:52,2251.6,1361249
2021-06-22 09:52:53,2251.6,1361389
2021-06-22 09:52:54,2251.5,1361715
2021-06-22 09:52:55,2251.6,1361720
2021-06-22 09:52:57,2252.0,1361775
2021-06-22 09:52:56,2252.0,1361775
2021-06-22 09:52:58,2252.0,1362197
2021-06-22 09:53:00,2252.0,1362249
2021-06-22 09:52:59,2252.0,1362249
2021-06-22 09:53:01,2252.05,1362327
2021-06-22 09:53:02,2251.7,1362419
2021-06-22 09:53:03,2252.6,1362611
2021-06-22 09:53:04,2252.45,1362627
2021-06-22 09:53:07,2252.0,1362757
2021-06-22 09:53:08,2252.0,1362757
2021-06-22 09:53:09,2252.0,1362828
2021-06-22 09:53:10,2251.95,1363185
2021-06-22 09:53:11,2252.45,1363535
2021-06-22 09:53:13,2252.6,1363802
2021-06-22 09:53:12,2252.0,1363797
2021-06-22 09:53:15,2252.0,1364288
2021-06-22 09:53:16,2251.95,1364429
2021-06-22 09:53:17,2251.95,1364690
2021-06-22 09:53:18,2251.95,1364774
2021-06-22 09:53:20,2252.0,1365080
2021-06-22 09:53:21,2251.95,1365176
2021-06-22 09:53:22,2251.95,1365676
2021-06-22 09:53:22,2251.95,1365963
2021-06-22 09:53:23,2251.95,1366720
2021-06-22 09:53:25,2252.0,1368473
2021-06-22 09:53:27,2252.0,1369148
2021-06-22 09:53:28,2251.95,1369187
2021-06-22 09:53:29,2251.75,1369219
2021-06-22 09:53:30,2252.0,1369326
2021-06-22 09:53:32,2251.95,1369572
2021-06-22 09:53:32,2251.75,1369622
2021-06-22 09:53:34,2251.95,1369648
2021-06-22 09:53:35,2252.0,1370299
2021-06-22 09:53:36,2251.75,1370561
2021-06-22 09:53:37,2251.5,1372071
2021-06-22 09:53:38,2251.5,1372071
2021-06-22 09:53:39,2252.0,1372088
2021-06-22 09:53:41,2252.0,1372124
2021-06-22 09:53:41,2252.0,1372124
2021-06-22 09:53:43,2252.0,1372771
2021-06-22 09:53:44,2251.55,1372826
2021-06-22 09:53:46,2252.0,1372854
2021-06-22 09:53:46,2252.0,1372855
2021-06-22 09:53:47,2251.95,1372876
2021-06-22 09:53:48,2251.95,1372876
2021-06-22 09:53:49,2252.0,1372996
2021-06-22 09:53:50,2251.95,1373198
2021-06-22 09:53:51,2252.0,1373490
2021-06-22 09:53:53,2251.7,1373615
2021-06-22 09:53:54,2251.7,1373616
2021-06-22 09:53:56,2251.95,1373879
2021-06-22 09:53:57,2252.0,1374182
2021-06-22 09:53:58,2251.55,1374326
2021-06-22 09:54:00,2251.95,1374460
2021-06-22 09:54:00,2252.0,1374536
2021-06-22 09:54:01,2251.9,1374583
2021-06-22 09:54:02,2251.9,1374633
2021-06-22 09:54:03,2251.5,1374998
2021-06-22 09:54:04,2251.5,1375189
2021-06-22 09:54:05,2251.35,1375300
2021-06-22 09:54:07,2251.45,1375903
2021-06-22 09:54:09,2251.15,1376022
2021-06-22 09:54:09,2251.15,1376005
2021-06-22 09:54:10,2252.0,1377073
2021-06-22 09:54:11,2252.0,1377323
2021-06-22 09:54:12,2251.6,1377325
2021-06-22 09:54:13,2251.55,1377465
2021-06-22 09:54:14,2251.5,1377572
2021-06-22 09:54:16,2251.55,1377606
2021-06-22 09:54:16,2251.55,1377606
2021-06-22 09:54:17,2251.55,1377709
2021-06-22 09:54:18,2251.4,1377840
2021-06-22 09:54:19,2251.55,1378409
2021-06-22 09:54:20,2251.15,1378560
2021-06-22 09:54:22,2251.15,1378682
2021-06-22 09:54:22,2251.15,1378682
2021-06-22 09:54:23,2251.15,1378946
2021-06-22 09:54:24,2251.15,1378946
2021-06-22 09:54:25,2251.55,1378992
2021-06-22 09:54:26,2251.4,1379041
2021-06-22 09:54:28,2251.55,1379188
2021-06-22 09:54:28,2251.25,1379213
2021-06-22 09:54:29,2251.6,1380286
2021-06-22 09:54:30,2251.6,1380286
2021-06-22 09:54:31,2251.2,1380339
2021-06-22 09:54:33,2250.0,1394125
2021-06-22 09:54:33,2250.0,1394203
2021-06-22 09:54:34,2250.4,1394457
2021-06-22 09:54:35,2250.4,1394476
2021-06-22 09:54:36,2250.75,1394642
2021-06-22 09:54:37,2250.35,1394894
2021-06-22 09:54:38,2250.8,1395112
2021-06-22 09:54:39,2250.75,1395374
2021-06-22 09:54:40,2251.0,1395575
2021-06-22 09:54:42,2251.0,1395841
2021-06-22 09:54:42,2250.8,1395815
2021-06-22 09:54:43,2250.8,1395943
2021-06-22 09:54:44,2251.0,1396001
2021-06-22 09:54:46,2250.8,1396054
2021-06-22 09:54:48,2251.0,1396426
2021-06-22 09:54:48,2251.0,1396426
2021-06-22 09:54:49,2250.8,1396543
2021-06-22 09:54:50,2250.8,1396658
2021-06-22 09:54:51,2251.0,1396717
2021-06-22 09:54:52,2250.75,1396772
2021-06-22 09:54:53,2251.0,1396823
2021-06-22 09:54:55,2251.0,1397278
2021-06-22 09:54:55,2251.0,1397278
2021-06-22 09:54:56,2250.8,1397283
2021-06-22 09:54:57,2250.95,1397303
2021-06-22 09:54:58,2250.95,1397830
2021-06-22 09:54:59,2250.95,1398021
2021-06-22 09:55:00,2250.95,1398032
2021-06-22 09:55:01,2250.85,1398181
2021-06-22 09:55:02,2250.6,1398196
2021-06-22 09:55:04,2250.5,1398528
2021-06-22 09:55:05,2250.5,1398546
2021-06-22 09:55:05,2250.5,1398585
2021-06-22 09:55:06,2250.5,1398819
2021-06-22 09:55:07,2250.45,1399399
2021-06-22 09:55:08,2250.35,1400591
2021-06-22 09:55:09,2250.45,1400596
2021-06-22 09:55:10,2250.6,1400679
2021-06-22 09:55:11,2250.35,1401551
2021-06-22 09:55:12,2250.35,1401803
2021-06-22 09:55:14,2250.35,1401920
2021-06-22 09:55:14,2250.35,1401920
2021-06-22 09:55:15,2250.3,1401939
2021-06-22 09:55:16,2250.25,1404043
2021-06-22 09:55:17,2250.25,1404175
2021-06-22 09:55:18,2250.3,1404293
2021-06-22 09:55:19,2250.3,1404311
2021-06-22 09:55:20,2250.25,1404654
2021-06-22 09:55:22,2250.4,1405261
2021-06-22 09:55:22,2250.25,1405481
2021-06-22 09:55:23,2250.25,1405736
2021-06-22 09:55:24,2250.3,1406118
2021-06-22 09:55:25,2250.35,1406159
2021-06-22 09:55:26,2250.4,1406335
2021-06-22 09:55:28,2250.4,1406357
2021-06-22 09:55:29,2251.15,1409523
2021-06-22 09:55:30,2251.45,1409831
2021-06-22 09:55:30,2251.5,1409829
2021-06-22 09:55:31,2251.55,1409837
2021-06-22 09:55:32,2251.45,1409852
2021-06-22 09:55:33,2251.45,1410207
2021-06-22 09:55:34,2251.25,1410984
2021-06-22 09:55:37,2251.05,1411788
2021-06-22 09:55:38,2251.05,1411789
2021-06-22 09:55:38,2251.05,1411789
2021-06-22 09:55:39,2250.7,1412471
2021-06-22 09:55:40,2251.0,1412474
2021-06-22 09:55:41,2250.7,1412605
2021-06-22 09:55:43,2250.7,1412718
2021-06-22 09:55:44,2250.7,1412920
2021-06-22 09:55:44,2251.0,1412890
2021-06-22 09:55:45,2251.0,1413275
2021-06-22 09:55:46,2251.0,1413482
2021-06-22 09:55:47,2251.0,1413515
2021-06-22 09:55:48,2250.7,1413524
2021-06-22 09:55:50,2251.0,1413725
2021-06-22 09:55:51,2250.85,1413841
2021-06-22 09:55:51,2251.0,1413843
2021-06-22 09:55:52,2250.85,1414001
2021-06-22 09:55:53,2250.85,1414713
2021-06-22 09:55:54,2250.85,1414748
2021-06-22 09:55:56,2250.6,1415256
2021-06-22 09:55:57,2250.85,1415346
2021-06-22 09:55:58,2251.0,1415559
2021-06-22 09:56:00,2250.95,1415880
2021-06-22 09:56:01,2250.9,1416003
2021-06-22 09:56:03,2250.9,1416023
2021-06-22 09:56:04,2250.9,1416358
2021-06-22 09:56:04,2250.9,1416915
2021-06-22 09:56:06,2251.0,1417219
2021-06-22 09:56:07,2250.85,1417354
2021-06-22 09:56:08,2251.45,1417776
2021-06-22 09:56:08,2251.45,1417776
2021-06-22 09:56:10,2251.6,1418004
2021-06-22 09:56:11,2251.05,1418297
2021-06-22 09:56:12,2252.0,1418998
2021-06-22 09:56:12,2252.0,1418998
2021-06-22 09:56:13,2251.05,1419002
2021-06-22 09:56:14,2251.55,1419007
2021-06-22 09:56:15,2251.05,1419109
2021-06-22 09:56:16,2251.05,1419239
2021-06-22 09:56:19,2251.4,1419481
2021-06-22 09:56:19,2251.4,1419481
2021-06-22 09:56:20,2251.7,1419835
2021-06-22 09:56:23,2251.25,1420363
2021-06-22 09:56:24,2251.0,1421018
2021-06-22 09:56:25,2250.95,1421376
2021-06-22 09:56:25,2250.95,1421376
2021-06-22 09:56:26,2251.0,1422141
2021-06-22 09:56:27,2251.0,1422167
2021-06-22 09:56:28,2251.0,1422271
2021-06-22 09:56:30,2251.0,1422286
2021-06-22 09:56:32,2250.9,1422583
2021-06-22 09:56:33,2250.9,1422583
2021-06-22 09:56:34,2251.0,1422775
2021-06-22 09:56:34,2251.0,1422775
2021-06-22 09:56:35,2250.95,1422814
2021-06-22 09:56:36,2250.95,1422814
2021-06-22 09:56:37,2250.85,1423087
2021-06-22 09:56:38,2251.0,1423371
2021-06-22 09:56:39,2251.0,1423385
2021-06-22 09:56:40,2250.95,1423588
2021-06-22 09:56:43,2250.8,1423708
2021-06-22 09:56:44,2250.7,1423729
2021-06-22 09:56:44,2250.85,1423778
2021-06-22 09:56:45,2250.7,1423788
2021-06-22 09:56:46,2251.0,1424288
2021-06-22 09:56:47,2250.85,1424414
2021-06-22 09:56:48,2250.8,1424480
2021-06-22 09:56:50,2250.7,1424492
2021-06-22 09:56:51,2250.7,1424492
2021-06-22 09:56:51,2250.85,1424493
2021-06-22 09:56:52,2250.85,1424563
2021-06-22 09:56:53,2250.6,1424832
2021-06-22 09:56:54,2250.85,1424938
2021-06-22 09:56:57,2250.8,1424950
2021-06-22 09:56:58,2250.7,1425009
2021-06-22 09:56:58,2250.85,1425024
2021-06-22 09:56:59,2250.6,1425115
2021-06-22 09:57:00,2251.0,1425376
2021-06-22 09:57:02,2251.0,1425411
2021-06-22 09:57:04,2250.85,1425450
2021-06-22 09:57:04,2250.85,1425471
2021-06-22 09:57:05,2250.9,1425554
2021-06-22 09:57:06,2250.85,1425814
2021-06-22 09:57:08,2250.85,1426218
2021-06-22 09:57:11,2250.95,1427023
2021-06-22 09:57:12,2250.95,1427045
2021-06-22 09:57:14,2250.9,1427102
2021-06-22 09:57:14,2251.0,1427203
2021-06-22 09:57:15,2251.0,1427204
2021-06-22 09:57:16,2251.0,1427216
2021-06-22 09:57:17,2250.95,1427450
2021-06-22 09:57:18,2251.0,1429234
2021-06-22 09:57:21,2251.4,1429936
2021-06-22 09:57:21,2251.4,1429912
2021-06-22 09:57:22,2251.05,1429946
2021-06-22 09:57:23,2251.4,1429948
2021-06-22 09:57:24,2251.4,1430285
2021-06-22 09:57:26,2251.0,1430490
2021-06-22 09:57:27,2251.0,1430523
2021-06-22 09:57:28,2250.95,1431121
2021-06-22 09:57:29,2251.0,1431126
2021-06-22 09:57:30,2251.0,1431168
2021-06-22 09:57:30,2251.0,1431168
2021-06-22 09:57:31,2251.3,1431197
2021-06-22 09:57:34,2251.3,1431220
2021-06-22 09:57:35,2251.35,1431721
2021-06-22 09:57:36,2251.3,1431740
2021-06-22 09:57:37,2251.3,1431798
2021-06-22 09:57:38,2251.3,1431835
2021-06-22 09:57:39,2251.5,1432162
2021-06-22 09:57:39,2251.0,1432207
2021-06-22 09:57:40,2251.2,1432357
2021-06-22 09:57:41,2251.05,1432701
2021-06-22 09:57:43,2251.2,1432749
2021-06-22 09:57:44,2251.2,1432837
2021-06-22 09:57:45,2251.2,1433016
2021-06-22 09:57:46,2251.2,1433028
2021-06-22 09:57:46,2251.2,1433028
2021-06-22 09:57:47,2251.0,1433253
2021-06-22 09:57:48,2251.05,1433470
2021-06-22 09:57:49,2251.0,1433531
2021-06-22 09:57:50,2251.45,1434164
2021-06-22 09:57:51,2251.0,1434220
2021-06-22 09:57:53,2251.0,1434281
2021-06-22 09:57:54,2251.25,1434318
2021-06-22 09:57:55,2251.25,1434434
2021-06-22 09:57:56,2251.1,1434567
2021-06-22 09:57:57,2251.25,1434573
2021-06-22 09:57:58,2251.05,1434853
2021-06-22 09:57:59,2251.05,1435053
2021-06-22 09:57:59,2251.05,1435053
2021-06-22 09:58:00,2251.45,1435146
2021-06-22 09:58:02,2251.45,1435646
2021-06-22 09:58:03,2251.25,1435761
2021-06-22 09:58:04,2251.25,1435773
2021-06-22 09:58:04,2251.25,1435773
2021-06-22 09:58:05,2251.0,1436095
2021-06-22 09:58:06,2251.0,1436154
2021-06-22 09:58:07,2251.0,1436154
2021-06-22 09:58:08,2251.0,1436154
2021-06-22 09:58:09,2251.1,1436166
2021-06-22 09:58:11,2251.0,1436419
2021-06-22 09:58:13,2251.05,1436429
2021-06-22 09:58:14,2251.0,1436494
2021-06-22 09:58:15,2251.05,1436908
2021-06-22 09:58:16,2251.0,1437066
2021-06-22 09:58:16,2251.0,1437066
2021-06-22 09:58:17,2251.45,1437575
2021-06-22 09:58:18,2251.0,1437778
2021-06-22 09:58:19,2251.0,1437902
2021-06-22 09:58:21,2251.5,1437928
2021-06-22 09:58:22,2251.0,1437958
2021-06-22 09:58:23,2251.45,1437984
2021-06-22 09:58:23,2251.45,1437984
2021-06-22 09:58:24,2251.35,1437991
2021-06-22 09:58:25,2251.5,1438341
2021-06-22 09:58:26,2251.35,1438346
2021-06-22 09:58:28,2251.35,1438838
2021-06-22 09:58:29,2251.45,1438898
2021-06-22 09:58:30,2251.45,1438898
2021-06-22 09:58:31,2251.5,1438924
2021-06-22 09:58:32,2251.45,1439333
2021-06-22 09:58:32,2251.5,1439337
2021-06-22 09:58:33,2251.5,1439483
2021-06-22 09:58:34,2251.5,1439882
2021-06-22 09:58:37,2251.5,1440360
2021-06-22 09:58:38,2251.5,1440981
2021-06-22 09:58:39,2251.5,1440994
2021-06-22 09:58:40,2251.35,1441325
2021-06-22 09:58:40,2251.35,1441426
2021-06-22 09:58:41,2251.45,1441531
2021-06-22 09:58:42,2251.45,1441618
2021-06-22 09:58:43,2251.4,1441627
2021-06-22 09:58:44,2251.45,1441628
2021-06-22 09:58:46,2251.4,1441663
2021-06-22 09:58:47,2251.5,1442045
2021-06-22 09:58:48,2251.5,1442101
2021-06-22 09:58:49,2251.5,1442124
2021-06-22 09:58:50,2251.8,1442277
2021-06-22 09:58:51,2251.5,1442283
2021-06-22 09:58:51,2251.4,1442282
2021-06-22 09:58:52,2251.5,1442370
2021-06-22 09:58:53,2251.9,1442610
2021-06-22 09:58:54,2251.75,1442618
2021-06-22 09:58:55,2251.75,1443016
2021-06-22 09:58:57,2251.35,1443241
2021-06-22 09:58:58,2251.35,1443573
2021-06-22 09:58:59,2251.45,1443847
2021-06-22 09:59:00,2251.75,1443881
2021-06-22 09:59:01,2251.5,1444113
2021-06-22 09:59:01,2251.45,1444243
2021-06-22 09:59:03,2251.5,1444299
2021-06-22 09:59:04,2251.5,1444402
2021-06-22 09:59:05,2251.5,1444419
2021-06-22 09:59:06,2251.45,1444486
2021-06-22 09:59:08,2251.5,1444488
2021-06-22 09:59:09,2251.45,1444494
2021-06-22 09:59:10,2251.5,1444680
2021-06-22 09:59:10,2251.5,1444680
2021-06-22 09:59:11,2251.45,1445082
2021-06-22 09:59:12,2251.45,1445516
2021-06-22 09:59:13,2251.4,1445558
2021-06-22 09:59:15,2251.45,1445596
2021-06-22 09:59:16,2251.45,1445597
2021-06-22 09:59:17,2251.45,1445654
2021-06-22 09:59:18,2251.45,1445670
2021-06-22 09:59:19,2251.5,1445758
2021-06-22 09:59:19,2251.5,1445795
2021-06-22 09:59:20,2251.5,1445845
2021-06-22 09:59:21,2251.5,1445856
2021-06-22 09:59:22,2251.45,1445941
2021-06-22 09:59:25,2251.5,1446019
2021-06-22 09:59:26,2251.5,1446164
2021-06-22 09:59:27,2251.5,1446466
2021-06-22 09:59:27,2251.5,1446466
2021-06-22 09:59:28,2251.45,1446568
2021-06-22 09:59:31,2251.45,1446700
2021-06-22 09:59:32,2251.5,1446828
2021-06-22 09:59:33,2251.5,1446875
2021-06-22 09:59:34,2251.45,1447057
2021-06-22 09:59:34,2251.45,1447058
2021-06-22 09:59:35,2251.45,1447283
2021-06-22 09:59:36,2251.5,1447323
2021-06-22 09:59:37,2251.4,1447468
2021-06-22 09:59:39,2251.4,1447826
2021-06-22 09:59:40,2251.45,1447833
2021-06-22 09:59:42,2251.45,1447973
2021-06-22 09:59:42,2251.4,1447976
2021-06-22 09:59:43,2251.45,1447980
2021-06-22 09:59:45,2251.45,1448021
2021-06-22 09:59:45,2251.45,1448021
2021-06-22 09:59:46,2251.35,1448502
2021-06-22 09:59:48,2251.4,1448509
2021-06-22 09:59:49,2251.35,1448871
2021-06-22 09:59:50,2251.35,1448885
2021-06-22 09:59:51,2251.4,1449215
2021-06-22 09:59:52,2251.35,1449229
2021-06-22 09:59:53,2251.4,1451001
2021-06-22 09:59:53,2251.4,1451008
2021-06-22 09:59:54,2251.4,1451018
2021-06-22 09:59:56,2251.45,1451065
2021-06-22 09:59:57,2251.4,1451079
2021-06-22 09:59:58,2251.15,1451393
2021-06-22 09:59:59,2251.15,1451393
2021-06-22 10:00:00,2251.35,1451425
2021-06-22 10:00:02,2251.45,1451961
2021-06-22 10:00:03,2251.4,1452125
2021-06-22 10:00:04,2251.4,1452132
2021-06-22 10:00:05,2251.45,1452190
2021-06-22 10:00:06,2251.45,1452278
2021-06-22 10:00:07,2251.45,1452398
2021-06-22 10:00:09,2251.4,1452467
2021-06-22 10:00:10,2251.4,1452622
2021-06-22 10:00:11,2251.45,1452692
2021-06-22 10:00:12,2251.1,1452870
2021-06-22 10:00:13,2251.1,1452936
2021-06-22 10:00:13,2251.1,1452936
2021-06-22 10:00:15,2251.15,1452998
2021-06-22 10:00:16,2251.15,1453121
2021-06-22 10:00:17,2251.1,1453173
2021-06-22 10:00:18,2251.1,1453397
2021-06-22 10:00:19,2251.15,1453403
2021-06-22 10:00:19,2251.15,1453403
2021-06-22 10:00:20,2251.1,1453423
2021-06-22 10:00:21,2251.5,1453789
2021-06-22 10:00:23,2251.25,1453979
2021-06-22 10:00:24,2251.25,1454052
2021-06-22 10:00:25,2251.25,1454274
2021-06-22 10:00:26,2251.25,1454395
2021-06-22 10:00:27,2251.25,1454459
2021-06-22 10:00:28,2251.25,1454464
2021-06-22 10:00:28,2251.25,1454464
2021-06-22 10:00:31,2251.25,1454644
2021-06-22 10:00:32,2251.25,1454959
2021-06-22 10:00:33,2251.5,1455070
2021-06-22 10:00:34,2251.25,1455178
2021-06-22 10:00:34,2251.25,1455108
2021-06-22 10:00:36,2251.5,1455331
2021-06-22 10:00:37,2251.5,1455447
2021-06-22 10:00:38,2251.5,1455509
2021-06-22 10:00:39,2251.5,1455561
2021-06-22 10:00:40,2251.25,1455647
2021-06-22 10:00:40,2251.5,1455657
2021-06-22 10:00:42,2251.5,1455683
2021-06-22 10:00:43,2251.45,1455701
2021-06-22 10:00:44,2251.5,1455743
2021-06-22 10:00:45,2251.5,1455875
2021-06-22 10:00:47,2251.5,1456250
2021-06-22 10:00:47,2251.5,1456250
2021-06-22 10:00:49,2251.45,1456293
2021-06-22 10:00:50,2251.5,1456320
2021-06-22 10:00:51,2251.5,1456455
2021-06-22 10:00:52,2251.5,1456469
2021-06-22 10:00:53,2251.45,1456599
2021-06-22 10:00:54,2251.3,1456902
2021-06-22 10:00:54,2251.5,1456927
2021-06-22 10:00:56,2251.5,1456961
2021-06-22 10:00:57,2251.3,1457280
2021-06-22 10:00:58,2251.3,1457315
2021-06-22 10:00:59,2251.2,1457560
2021-06-22 10:01:00,2251.5,1457819
2021-06-22 10:01:01,2251.35,1457852
2021-06-22 10:01:01,2251.2,1457853
2021-06-22 10:01:03,2251.3,1457865
2021-06-22 10:01:04,2251.45,1458416
2021-06-22 10:01:05,2251.5,1458439
2021-06-22 10:01:06,2251.5,1458448
2021-06-22 10:01:07,2251.85,1458505
2021-06-22 10:01:08,2251.35,1458678
2021-06-22 10:01:10,2251.35,1458756
2021-06-22 10:01:11,2251.9,1459158
2021-06-22 10:01:12,2251.35,1459163
2021-06-22 10:01:13,2251.9,1459347
2021-06-22 10:01:14,2251.95,1459452
2021-06-22 10:01:15,2251.35,1459499
2021-06-22 10:01:16,2251.8,1459531
2021-06-22 10:01:16,2251.35,1459548
2021-06-22 10:01:17,2251.9,1459558
2021-06-22 10:01:21,2251.95,1460188
2021-06-22 10:01:22,2251.5,1460435
2021-06-22 10:01:23,2251.4,1460469
2021-06-22 10:01:23,2251.4,1460469
2021-06-22 10:01:25,2251.5,1460571
2021-06-22 10:01:26,2251.5,1460573
2021-06-22 10:01:27,2251.4,1460865
2021-06-22 10:01:28,2251.4,1460865
2021-06-22 10:01:29,2251.4,1460865
2021-06-22 10:01:30,2251.5,1460965
2021-06-22 10:01:30,2251.5,1460971
2021-06-22 10:01:32,2251.5,1461713
2021-06-22 10:01:33,2251.5,1461720
2021-06-22 10:01:34,2251.45,1461736
2021-06-22 10:01:35,2251.5,1461737
2021-06-22 10:01:36,2251.5,1461764
2021-06-22 10:01:37,2251.4,1462183
2021-06-22 10:01:38,2251.5,1463124
2021-06-22 10:01:38,2251.5,1463124
2021-06-22 10:01:41,2251.5,1463305
2021-06-22 10:01:42,2251.5,1463372
2021-06-22 10:01:43,2251.55,1463378
2021-06-22 10:01:44,2251.5,1463542
2021-06-22 10:01:46,2251.5,1463594
2021-06-22 10:01:47,2251.55,1463627
2021-06-22 10:01:48,2251.55,1463959
2021-06-22 10:01:49,2251.5,1464161
2021-06-22 10:01:50,2251.5,1464191
2021-06-22 10:01:51,2251.9,1464276
2021-06-22 10:01:52,2251.9,1464276
2021-06-22 10:01:53,2251.9,1464353
2021-06-22 10:01:55,2251.9,1464789
2021-06-22 10:01:56,2253.2,1471144
2021-06-22 10:01:57,2252.65,1471383
2021-06-22 10:01:58,2253.45,1471429
2021-06-22 10:01:59,2252.65,1471918
2021-06-22 10:02:00,2252.65,1471918
2021-06-22 10:02:01,2253.3,1472416
2021-06-22 10:02:02,2253.05,1472997
2021-06-22 10:02:03,2251.9,1477287
2021-06-22 10:02:04,2252.85,1477947
2021-06-22 10:02:05,2252.0,1478034
2021-06-22 10:02:06,2252.0,1478034
2021-06-22 10:02:07,2252.85,1478094
2021-06-22 10:02:08,2252.0,1478104
2021-06-22 10:02:09,2252.9,1478345
2021-06-22 10:02:10,2252.7,1478495
2021-06-22 10:02:11,2252.1,1478554
2021-06-22 10:02:12,2252.65,1478561
2021-06-22 10:02:13,2253.05,1478666
2021-06-22 10:02:14,2253.05,1478666
2021-06-22 10:02:15,2252.65,1478700
2021-06-22 10:02:17,2253.35,1479280
2021-06-22 10:02:18,2252.65,1479330
2021-06-22 10:02:19,2253.3,1479385
2021-06-22 10:02:20,2252.65,1479510
2021-06-22 10:02:21,2252.75,1479592
2021-06-22 10:02:22,2252.75,1479626
2021-06-22 10:02:23,2252.75,1479756
2021-06-22 10:02:24,2252.75,1479846
2021-06-22 10:02:25,2252.95,1479896
2021-06-22 10:02:26,2252.95,1479896
2021-06-22 10:02:27,2252.6,1480479
2021-06-22 10:02:28,2252.85,1480837
2021-06-22 10:02:30,2253.7,1481013
2021-06-22 10:02:32,2254.0,1481787
2021-06-22 10:02:33,2254.0,1481787
2021-06-22 10:02:34,2254.0,1481910
2021-06-22 10:02:35,2254.0,1481910
2021-06-22 10:02:37,2254.0,1482129
2021-06-22 10:02:38,2253.45,1482243
2021-06-22 10:02:39,2254.0,1482409
2021-06-22 10:02:40,2254.0,1482421
2021-06-22 10:02:41,2254.0,1482496
2021-06-22 10:02:42,2254.0,1482527
2021-06-22 10:02:43,2254.0,1482711
2021-06-22 10:02:44,2254.4,1482848
2021-06-22 10:02:45,2254.0,1482864
2021-06-22 10:02:46,2254.0,1482864
2021-06-22 10:02:47,2254.4,1482880
2021-06-22 10:02:48,2254.4,1482910
2021-06-22 10:02:49,2253.15,1484422
2021-06-22 10:02:50,2254.2,1484531
2021-06-22 10:02:52,2254.0,1484828
2021-06-22 10:02:53,2253.5,1484953
2021-06-22 10:02:54,2253.95,1485195
2021-06-22 10:02:55,2254.35,1485525
2021-06-22 10:02:56,2254.35,1485525
2021-06-22 10:02:57,2253.5,1486159
2021-06-22 10:02:58,2253.6,1486462
2021-06-22 10:02:59,2254.2,1486474
2021-06-22 10:03:01,2253.8,1486631
2021-06-22 10:03:02,2253.5,1486643
2021-06-22 10:03:03,2254.05,1486925
2021-06-22 10:03:04,2253.5,1487362
2021-06-22 10:03:05,2253.7,1487423
2021-06-22 10:03:06,2253.7,1487558
2021-06-22 10:03:07,2254.0,1487608
2021-06-22 10:03:09,2254.0,1487614
2021-06-22 10:03:10,2253.7,1487677
2021-06-22 10:03:11,2253.7,1487684
2021-06-22 10:03:12,2254.0,1488128
2021-06-22 10:03:13,2253.5,1488178
2021-06-22 10:03:14,2253.5,1488378
2021-06-22 10:03:15,2253.95,1488508
2021-06-22 10:03:16,2253.95,1488559
2021-06-22 10:03:18,2254.0,1488797
2021-06-22 10:03:19,2253.5,1488814
2021-06-22 10:03:20,2253.5,1488839
2021-06-22 10:03:22,2253.95,1489775
2021-06-22 10:03:23,2254.0,1489901
2021-06-22 10:03:24,2254.0,1489901
2021-06-22 10:03:25,2254.0,1489910
2021-06-22 10:03:26,2254.0,1489947
2021-06-22 10:03:27,2253.95,1489988
2021-06-22 10:03:29,2254.0,1490314
2021-06-22 10:03:28,2254.0,1490314
2021-06-22 10:03:34,2253.05,1491792
2021-06-22 10:03:35,2253.6,1491903
2021-06-22 10:03:36,2252.95,1492616
2021-06-22 10:03:37,2253.25,1492747
2021-06-22 10:03:38,2252.5,1492854
2021-06-22 10:03:39,2252.65,1492858
2021-06-22 10:03:40,2252.65,1492906
2021-06-22 10:03:41,2252.6,1493202
2021-06-22 10:03:43,2252.0,1493231
2021-06-22 10:03:44,2252.0,1493272
2021-06-22 10:03:45,2252.6,1493302
2021-06-22 10:03:46,2252.6,1493302
2021-06-22 10:03:47,2252.6,1493311
2021-06-22 10:03:48,2252.05,1493319
2021-06-22 10:03:49,2252.0,1494541
2021-06-22 10:03:50,2252.05,1494542
2021-06-22 10:03:51,2252.05,1494546
2021-06-22 10:03:53,2252.05,1494795
2021-06-22 10:03:53,2252.05,1494795
2021-06-22 10:03:54,2252.05,1494808
2021-06-22 10:03:55,2251.7,1495374
2021-06-22 10:03:56,2252.4,1495378
2021-06-22 10:03:57,2252.4,1495380
2021-06-22 10:03:59,2252.4,1495603
2021-06-22 10:04:00,2252.4,1495733
2021-06-22 10:04:01,2252.1,1497504
2021-06-22 10:04:02,2252.05,1497634
2021-06-22 10:04:04,2252.0,1507824
2021-06-22 10:04:04,2252.0,1507825
2021-06-22 10:04:07,2251.85,1509151
2021-06-22 10:04:08,2251.85,1509318
2021-06-22 10:04:10,2251.5,1510186
2021-06-22 10:04:10,2251.5,1510186
2021-06-22 10:04:11,2251.8,1510388
2021-06-22 10:04:12,2251.5,1510602
2021-06-22 10:04:13,2251.5,1510678
2021-06-22 10:04:14,2251.5,1510911
2021-06-22 10:04:15,2251.5,1511018
2021-06-22 10:04:16,2251.4,1511182
2021-06-22 10:04:18,2251.5,1511309
2021-06-22 10:04:18,2251.0,1511346
2021-06-22 10:04:19,2251.0,1514669
2021-06-22 10:04:20,2250.5,1514914
2021-06-22 10:04:21,2251.0,1514924
2021-06-22 10:04:22,2250.55,1515030
2021-06-22 10:04:23,2251.0,1515036
2021-06-22 10:04:25,2251.0,1515372
2021-06-22 10:04:26,2251.0,1515432
2021-06-22 10:04:27,2251.5,1515563
2021-06-22 10:04:28,2251.5,1515663
2021-06-22 10:04:29,2251.0,1515923
2021-06-22 10:04:30,2251.0,1517082
2021-06-22 10:04:31,2251.0,1517196
2021-06-22 10:04:32,2250.6,1517323
2021-06-22 10:04:33,2251.0,1517424
2021-06-22 10:04:35,2251.5,1517438
2021-06-22 10:04:35,2251.5,1517438
2021-06-22 10:04:36,2251.0,1517544
2021-06-22 10:04:37,2251.0,1517854
2021-06-22 10:04:38,2251.5,1517865
2021-06-22 10:04:40,2251.0,1518148
2021-06-22 10:04:41,2251.45,1518914
2021-06-22 10:04:43,2251.5,1519091
2021-06-22 10:04:43,2251.05,1519101
2021-06-22 10:04:44,2251.5,1519235
2021-06-22 10:04:45,2251.05,1519308
2021-06-22 10:04:46,2251.5,1519447
2021-06-22 10:04:47,2251.1,1519482
2021-06-22 10:04:48,2250.9,1521023
2021-06-22 10:04:49,2251.5,1521178
2021-06-22 10:04:50,2251.5,1521256
2021-06-22 10:04:51,2251.1,1521267
2021-06-22 10:04:52,2251.0,1521557
2021-06-22 10:04:53,2251.0,1521633
2021-06-22 10:04:54,2251.0,1521644
2021-06-22 10:04:55,2250.9,1522109
2021-06-22 10:04:56,2251.0,1522110
2021-06-22 10:04:57,2251.25,1522225
2021-06-22 10:04:58,2250.95,1522258
2021-06-22 10:04:59,2251.0,1522263
2021-06-22 10:05:00,2251.0,1522425
2021-06-22 10:05:02,2250.9,1522475
2021-06-22 10:05:02,2250.9,1522475
2021-06-22 10:05:03,2251.0,1522586
2021-06-22 10:05:04,2250.9,1522669
2021-06-22 10:05:05,2250.95,1522671
2021-06-22 10:05:06,2251.0,1522874
2021-06-22 10:05:07,2251.0,1523128
2021-06-22 10:05:08,2251.0,1523133
2021-06-22 10:05:09,2251.0,1523138
2021-06-22 10:05:12,2251.0,1523330
2021-06-22 10:05:12,2251.0,1523330
2021-06-22 10:05:13,2251.0,1523423
2021-06-22 10:05:14,2251.25,1523809
2021-06-22 10:05:15,2251.0,1524196
2021-06-22 10:05:16,2251.0,1524196
2021-06-22 10:05:18,2251.0,1525027
2021-06-22 10:05:20,2251.0,1525259
2021-06-22 10:05:21,2250.95,1525428
2021-06-22 10:05:22,2250.95,1525488
2021-06-22 10:05:23,2250.9,1525538
2021-06-22 10:05:24,2251.0,1525848
2021-06-22 10:05:25,2251.0,1525979
2021-06-22 10:05:26,2251.0,1525981
2021-06-22 10:05:29,2251.0,1526012
2021-06-22 10:05:29,2251.0,1526012
2021-06-22 10:05:30,2251.0,1526071
2021-06-22 10:05:31,2251.05,1526297
2021-06-22 10:05:32,2251.0,1527269
2021-06-22 10:05:33,2250.75,1527660
2021-06-22 10:05:34,2250.9,1527661
2021-06-22 10:05:35,2250.75,1527728
2021-06-22 10:05:36,2250.9,1527869
2021-06-22 10:05:38,2251.0,1528021
2021-06-22 10:05:38,2251.0,1528021
2021-06-22 10:05:39,2251.0,1528023
2021-06-22 10:05:40,2251.5,1528177
2021-06-22 10:05:41,2251.0,1528236
2021-06-22 10:05:43,2251.0,1528436
2021-06-22 10:05:45,2251.0,1529138
2021-06-22 10:05:46,2251.5,1529509
2021-06-22 10:05:47,2251.5,1529537
2021-06-22 10:05:48,2251.5,1529537
2021-06-22 10:05:49,2250.65,1529955
2021-06-22 10:05:50,2251.0,1529967
2021-06-22 10:05:51,2251.5,1530015
2021-06-22 10:05:52,2251.75,1530279
2021-06-22 10:05:53,2251.5,1530390
2021-06-22 10:05:55,2251.7,1530659
2021-06-22 10:05:56,2251.7,1530669
2021-06-22 10:05:57,2250.8,1530713
2021-06-22 10:05:58,2250.6,1530858
2021-06-22 10:06:00,2250.8,1530912
2021-06-22 10:06:01,2251.0,1531544
2021-06-22 10:06:02,2251.0,1531544
2021-06-22 10:06:03,2250.7,1531596
2021-06-22 10:06:05,2250.7,1531741
2021-06-22 10:06:06,2251.0,1531883
2021-06-22 10:06:07,2250.6,1531985
2021-06-22 10:06:07,2251.0,1531885
2021-06-22 10:06:09,2250.8,1532135
2021-06-22 10:06:10,2250.8,1532137
2021-06-22 10:06:11,2251.0,1532158
2021-06-22 10:06:12,2251.0,1532224
2021-06-22 10:06:13,2251.0,1533206
2021-06-22 10:06:14,2251.0,1533230
2021-06-22 10:06:15,2251.0,1533283
2021-06-22 10:06:16,2250.8,1533454
2021-06-22 10:06:17,2250.8,1533711
2021-06-22 10:06:18,2251.0,1533713
2021-06-22 10:06:19,2251.0,1533716
2021-06-22 10:06:20,2250.75,1535669
2021-06-22 10:06:22,2250.8,1538750
2021-06-22 10:06:23,2251.0,1538763
2021-06-22 10:06:24,2251.0,1538903
2021-06-22 10:06:25,2251.0,1538913
2021-06-22 10:06:26,2250.8,1539128
2021-06-22 10:06:27,2251.4,1539129
2021-06-22 10:06:28,2251.0,1539286
2021-06-22 10:06:29,2251.0,1539588
2021-06-22 10:06:31,2250.85,1539916
2021-06-22 10:06:32,2250.6,1540015
2021-06-22 10:06:34,2250.95,1540583
2021-06-22 10:06:35,2250.95,1540669
2021-06-22 10:06:36,2250.95,1540681
2021-06-22 10:06:38,2250.95,1540684
2021-06-22 10:06:39,2250.95,1540736
2021-06-22 10:06:40,2250.6,1540937
2021-06-22 10:06:41,2250.3,1541151
2021-06-22 10:06:41,2250.6,1541176
2021-06-22 10:06:42,2250.6,1541193
2021-06-22 10:06:43,2250.55,1541330
2021-06-22 10:06:44,2250.5,1541341
2021-06-22 10:06:45,2250.45,1541353
2021-06-22 10:06:46,2250.5,1541397
2021-06-22 10:06:48,2251.4,1541715
2021-06-22 10:06:49,2251.45,1541794
2021-06-22 10:06:50,2250.55,1541807
2021-06-22 10:06:51,2251.0,1541810
2021-06-22 10:06:52,2251.0,1541811
2021-06-22 10:06:52,2251.45,1541846
2021-06-22 10:06:53,2251.45,1542111
2021-06-22 10:06:54,2251.45,1542230
2021-06-22 10:06:55,2251.4,1542292
2021-06-22 10:06:56,2250.55,1542312
2021-06-22 10:06:57,2250.55,1542425
2021-06-22 10:07:00,2250.95,1544291
2021-06-22 10:07:01,2251.0,1544308
2021-06-22 10:07:02,2250.1,1544511
2021-06-22 10:07:03,2251.0,1544512
2021-06-22 10:07:03,2250.6,1544532
2021-06-22 10:07:04,2250.6,1544538
2021-06-22 10:07:05,2250.6,1544569
2021-06-22 10:07:06,2251.05,1545033
2021-06-22 10:07:08,2250.6,1545233
2021-06-22 10:07:08,2250.6,1545233
2021-06-22 10:07:11,2250.9,1546839
2021-06-22 10:07:13,2251.0,1547364
2021-06-22 10:07:14,2250.6,1547505
2021-06-22 10:07:15,2250.6,1547598
2021-06-22 10:07:15,2250.5,1547599
2021-06-22 10:07:18,2250.9,1547780
2021-06-22 10:07:19,2250.5,1547880
2021-06-22 10:07:20,2250.9,1547882
2021-06-22 10:07:21,2250.9,1547903
2021-06-22 10:07:22,2250.75,1547957
2021-06-22 10:07:23,2250.9,1547962
2021-06-22 10:07:24,2250.9,1548077
2021-06-22 10:07:25,2251.0,1548215
2021-06-22 10:07:26,2251.0,1548566
2021-06-22 10:07:27,2250.65,1548685
2021-06-22 10:07:28,2251.0,1548997
2021-06-22 10:07:30,2250.6,1549114
2021-06-22 10:07:31,2250.75,1549262
2021-06-22 10:07:32,2250.75,1549560
2021-06-22 10:07:32,2250.6,1549576
2021-06-22 10:07:34,2251.0,1550196
2021-06-22 10:07:35,2250.5,1550218
2021-06-22 10:07:36,2250.9,1550261
2021-06-22 10:07:37,2250.9,1550264
2021-06-22 10:07:38,2250.9,1550275
2021-06-22 10:07:39,2250.65,1550719
2021-06-22 10:07:41,2250.6,1550781
2021-06-22 10:07:42,2250.6,1550782
2021-06-22 10:07:43,2250.6,1550786
2021-06-22 10:07:44,2250.6,1550981
2021-06-22 10:07:45,2251.0,1551608
2021-06-22 10:07:45,2251.0,1551896
2021-06-22 10:07:46,2251.0,1552431
2021-06-22 10:07:47,2250.65,1552486
2021-06-22 10:07:49,2250.85,1552598
2021-06-22 10:07:50,2250.85,1552607
2021-06-22 10:07:51,2250.85,1552625
2021-06-22 10:07:52,2250.7,1552666
2021-06-22 10:07:53,2250.85,1552795
2021-06-22 10:07:54,2250.85,1552795
2021-06-22 10:07:55,2250.85,1552801
2021-06-22 10:07:57,2250.85,1552803
