timestamp,ltp,volume
2021-06-22 09:16:30,982.85,20475
2021-06-22 09:16:37,982.25,21542
2021-06-22 09:16:43,981.8,22493
2021-06-22 09:16:50,981.6,22837
2021-06-22 09:16:57,981.4,23098
2021-06-22 09:17:03,981.65,23444
2021-06-22 09:17:10,981.7,23634
2021-06-22 09:17:17,982.3,23980
2021-06-22 09:17:23,981.75,24011
2021-06-22 09:17:30,982.1,25098
2021-06-22 09:17:36,982.5,25297
2021-06-22 09:17:43,981.8,26657
2021-06-22 09:17:50,981.8,26762
2021-06-22 09:17:56,981.5,26784
2021-06-22 09:18:03,981.45,26919
2021-06-22 09:18:10,981.8,26991
2021-06-22 09:18:17,981.8,27065
2021-06-22 09:18:24,982.3,27275
2021-06-22 09:18:30,982.1,27501
2021-06-22 09:18:37,982.0,27807
2021-06-22 09:18:44,982.05,27830
2021-06-22 09:18:50,982.6,28099
2021-06-22 09:18:56,982.4,30217
2021-06-22 09:19:03,982.25,30474
2021-06-22 09:19:09,982.7,30554
2021-06-22 09:19:16,982.55,30602
2021-06-22 09:19:22,982.75,30744
2021-06-22 09:19:28,983.3,30786
2021-06-22 09:19:35,982.7,30862
2021-06-22 09:19:42,983.6,31226
2021-06-22 09:19:49,984.85,32164
2021-06-22 09:19:55,985.05,32709
2021-06-22 09:20:02,985.0,32867
2021-06-22 09:20:08,984.7,33027
2021-06-22 09:20:15,985.5,33390
2021-06-22 09:20:22,985.5,33451
2021-06-22 09:20:28,985.0,33614
2021-06-22 09:20:34,985.5,34663
2021-06-22 09:20:40,985.8,34916
2021-06-22 09:20:47,985.15,35926
2021-06-22 09:20:53,985.2,36076
2021-06-22 09:21:00,985.8,36176
2021-06-22 09:21:06,985.55,36288
2021-06-22 09:21:12,985.8,36420
2021-06-22 09:21:18,984.95,37424
2021-06-22 09:21:25,984.0,38497
2021-06-22 09:21:31,983.9,38609
2021-06-22 09:21:44,983.9,38807
2021-06-22 09:21:51,983.9,39049
2021-06-22 09:21:57,983.75,39470
2021-06-22 09:22:03,983.75,39544
2021-06-22 09:22:16,983.25,39810
2021-06-22 09:22:22,984.35,39845
2021-06-22 09:22:29,984.45,39978
2021-06-22 09:22:35,983.9,40131
2021-06-22 09:22:41,983.95,40149
2021-06-22 09:22:48,984.35,40703
2021-06-22 09:22:55,984.65,41188
2021-06-22 09:23:01,984.5,41311
2021-06-22 09:23:07,984.5,41366
2021-06-22 09:23:13,985.55,43052
2021-06-22 09:23:20,985.35,43630
2021-06-22 09:23:32,984.55,43811
2021-06-22 09:23:39,984.15,45383
2021-06-22 09:23:45,984.95,45697
2021-06-22 09:23:51,984.95,45710
2021-06-22 09:23:58,985.7,46874
2021-06-22 09:24:04,985.6,47325
2021-06-22 09:24:17,985.0,47441
2021-06-22 09:24:23,986.05,48262
2021-06-22 09:24:29,985.2,48422
2021-06-22 09:24:35,985.25,48629
2021-06-22 09:24:41,985.25,48629
2021-06-22 09:24:48,985.25,48776
2021-06-22 09:24:54,985.3,49350
2021-06-22 09:25:00,985.2,49399
2021-06-22 09:25:06,985.6,49449
2021-06-22 09:25:13,985.6,49581
2021-06-22 09:25:19,985.25,49664
2021-06-22 09:25:25,985.25,49851
2021-06-22 09:25:31,985.3,49949
2021-06-22 09:25:37,985.95,50871
2021-06-22 09:25:43,986.95,51136
2021-06-22 09:25:49,987.5,52514
2021-06-22 09:25:55,987.35,52699
2021-06-22 09:26:01,986.85,53567
2021-06-22 09:26:07,986.6,54043
2021-06-22 09:26:20,987.0,54247
2021-06-22 09:26:26,986.85,54453
2021-06-22 09:26:38,986.4,54648
2021-06-22 09:26:44,986.7,54691
2021-06-22 09:26:49,986.9,54820
2021-06-22 09:26:55,986.85,55492
2021-06-22 09:27:01,986.2,55800
2021-06-22 09:27:07,986.2,55832
2021-06-22 09:27:13,986.2,55852
2021-06-22 09:27:19,986.2,55991
2021-06-22 09:27:25,986.2,56141
2021-06-22 09:27:30,986.65,56192
2021-06-22 09:27:36,986.65,56192
2021-06-22 09:27:41,986.65,56278
2021-06-22 09:27:47,987.2,57852
2021-06-22 09:27:53,987.0,57902
2021-06-22 09:27:58,987.6,58094
2021-06-22 09:28:04,987.15,58193
2021-06-22 09:28:10,987.2,58386
2021-06-22 09:28:16,987.1,58512
2021-06-22 09:28:22,988.0,59605
2021-06-22 09:28:27,987.15,59663
2021-06-22 09:28:33,987.5,59703
2021-06-22 09:28:39,988.05,60088
2021-06-22 09:28:44,988.2,60152
2021-06-22 09:28:50,988.2,60343
2021-06-22 09:28:55,989.1,61174
2021-06-22 09:29:01,988.0,61642
2021-06-22 09:29:06,987.7,63118
2021-06-22 09:29:12,988.3,64660
2021-06-22 09:29:18,988.3,65113
2021-06-22 09:29:24,987.9,65189
2021-06-22 09:29:30,988.0,65441
2021-06-22 09:29:36,987.7,65524
2021-06-22 09:29:41,987.7,65607
2021-06-22 09:29:47,987.6,65771
2021-06-22 09:29:53,988.0,65829
2021-06-22 09:29:59,986.8,66645
2021-06-22 09:30:05,986.4,66913
2021-06-22 09:30:11,985.2,68110
2021-06-22 09:30:17,985.2,68265
2021-06-22 09:30:23,985.0,69518
2021-06-22 09:30:29,985.8,70408
2021-06-22 09:30:35,985.15,70505
2021-06-22 09:30:41,985.15,70640
2021-06-22 09:30:47,985.15,70727
2021-06-22 09:30:53,985.5,70912
2021-06-22 09:30:58,985.0,70945
2021-06-22 09:31:04,985.0,71077
2021-06-22 09:31:10,985.55,71177
2021-06-22 09:31:21,985.15,71368
2021-06-22 09:31:27,985.5,71475
2021-06-22 09:31:32,985.45,71557
2021-06-22 09:31:38,985.25,71607
2021-06-22 09:31:44,985.6,71937
2021-06-22 09:31:49,985.15,72060
2021-06-22 09:31:55,985.25,72205
2021-06-22 09:32:01,985.1,72312
2021-06-22 09:32:11,985.15,72376
2021-06-22 09:32:17,985.9,72922
2021-06-22 09:32:22,985.9,72922
2021-06-22 09:32:28,985.85,72943
2021-06-22 09:32:34,986.4,72984
2021-06-22 09:32:39,986.2,73000
2021-06-22 09:32:45,986.2,73084
2021-06-22 09:32:50,986.05,73203
2021-06-22 09:32:56,985.9,73284
2021-06-22 09:33:01,985.9,73377
2021-06-22 09:33:07,986.05,73465
2021-06-22 09:33:13,986.25,73475
2021-06-22 09:33:18,985.85,73504
2021-06-22 09:33:24,986.0,73612
2021-06-22 09:33:29,986.65,73692
2021-06-22 09:33:35,985.6,73809
2021-06-22 09:33:46,985.6,73986
2021-06-22 09:33:51,986.2,74140
2021-06-22 09:33:57,985.55,74245
2021-06-22 09:34:03,986.1,74454
2021-06-22 09:34:08,986.25,74534
2021-06-22 09:34:14,986.25,74541
2021-06-22 09:34:20,985.85,74627
2021-06-22 09:34:26,985.6,74711
2021-06-22 09:34:31,986.3,75036
2021-06-22 09:34:36,985.9,75104
2021-06-22 09:34:42,986.4,75541
2021-06-22 09:34:47,986.7,75575
2021-06-22 09:34:52,987.15,75585
2021-06-22 09:34:57,987.15,75585
2021-06-22 09:35:02,987.15,75669
2021-06-22 09:35:07,986.7,75897
2021-06-22 09:35:12,987.3,76011
2021-06-22 09:35:18,986.8,76069
2021-06-22 09:35:23,986.75,76176
2021-06-22 09:35:34,986.95,76407
2021-06-22 09:35:39,986.8,76415
2021-06-22 09:35:45,986.85,76422
2021-06-22 09:35:50,986.8,76463
2021-06-22 09:35:56,986.85,76481
2021-06-22 09:36:01,986.8,76684
2021-06-22 09:36:07,986.7,76824
2021-06-22 09:36:12,986.5,76860
2021-06-22 09:36:18,986.4,76894
2021-06-22 09:36:23,986.8,77265
2021-06-22 09:36:28,987.25,77403
2021-06-22 09:36:34,987.0,77557
2021-06-22 09:36:40,986.6,77567
2021-06-22 09:36:45,986.75,77659
2021-06-22 09:36:51,986.75,77769
2021-06-22 09:36:56,987.4,77799
2021-06-22 09:37:08,986.8,77877
2021-06-22 09:37:13,987.25,77878
2021-06-22 09:37:19,985.85,79108
2021-06-22 09:37:25,986.95,79216
2021-06-22 09:37:36,986.95,79689
2021-06-22 09:37:41,987.0,80274
2021-06-22 09:37:46,987.15,80410
2021-06-22 09:37:52,987.15,80410
2021-06-22 09:37:57,987.0,80420
2021-06-22 09:38:02,986.55,80479
2021-06-22 09:38:07,986.35,80480
2021-06-22 09:38:12,986.5,80495
2021-06-22 09:38:23,986.2,80614
2021-06-22 09:38:28,986.75,80659
2021-06-22 09:38:34,986.25,80678
2021-06-22 09:38:39,986.15,80684
2021-06-22 09:38:44,986.05,80705
2021-06-22 09:38:50,986.65,80795
2021-06-22 09:38:55,986.1,80860
2021-06-22 09:39:00,986.6,80865
2021-06-22 09:39:05,986.55,80946
2021-06-22 09:39:10,986.6,80956
2021-06-22 09:39:15,986.3,80989
2021-06-22 09:39:20,986.3,80989
2021-06-22 09:39:26,986.3,80989
2021-06-22 09:39:32,986.3,81026
2021-06-22 09:39:37,986.95,81084
2021-06-22 09:39:43,986.95,81084
2021-06-22 09:39:48,986.95,81129
2021-06-22 09:39:53,987.5,81134
2021-06-22 09:39:58,986.95,81192
2021-06-22 09:40:04,986.95,81235
2021-06-22 09:40:09,987.05,81446
2021-06-22 09:40:15,986.65,81496
2021-06-22 09:40:21,986.4,81729
2021-06-22 09:40:26,986.9,81809
2021-06-22 09:40:32,987.0,81941
2021-06-22 09:40:37,986.6,82068
2021-06-22 09:40:43,986.95,82077
2021-06-22 09:40:47,986.95,82136
2021-06-22 09:40:52,986.8,82206
2021-06-22 09:40:58,986.3,82220
2021-06-22 09:41:03,986.25,82328
2021-06-22 09:41:09,986.8,82378
2021-06-22 09:41:14,986.3,82391
2021-06-22 09:41:19,986.25,82465
2021-06-22 09:41:24,986.25,82465
2021-06-22 09:41:29,986.9,83466
2021-06-22 09:41:40,986.5,83595
2021-06-22 09:41:45,986.7,83700
2021-06-22 09:41:50,986.5,83734
2021-06-22 09:41:55,986.7,83739
2021-06-22 09:42:00,986.7,83770
2021-06-22 09:42:05,986.5,83804
2021-06-22 09:42:09,986.7,83905
2021-06-22 09:42:14,986.5,83945
2021-06-22 09:42:19,986.5,83979
2021-06-22 09:42:24,986.5,83991
2021-06-22 09:42:29,986.5,84997
2021-06-22 09:42:34,986.5,85003
2021-06-22 09:42:39,986.3,85072
2021-06-22 09:42:43,986.1,85326
2021-06-22 09:42:48,986.1,85432
2021-06-22 09:42:53,986.1,85432
2021-06-22 09:42:58,986.0,85502
2021-06-22 09:43:03,986.0,85561
2021-06-22 09:43:08,986.35,85572
2021-06-22 09:43:13,986.35,85572
2021-06-22 09:43:18,986.1,85599
2021-06-22 09:43:23,986.0,85647
2021-06-22 09:43:28,986.0,85647
2021-06-22 09:43:33,985.85,85681
2021-06-22 09:43:38,986.0,85759
2021-06-22 09:43:43,986.0,85759
2021-06-22 09:43:47,985.7,85796
2021-06-22 09:43:52,985.85,85839
2021-06-22 09:43:57,985.65,86161
2021-06-22 09:44:02,985.6,86194
2021-06-22 09:44:07,986.0,86327
2021-06-22 09:44:12,986.0,86330
2021-06-22 09:44:18,985.6,86538
2021-06-22 09:44:22,986.0,86558
2021-06-22 09:44:27,985.7,86873
2021-06-22 09:44:32,985.7,86927
2021-06-22 09:44:37,985.7,86994
2021-06-22 09:44:42,985.65,87136
2021-06-22 09:44:48,985.65,87240
2021-06-22 09:44:53,986.0,87247
2021-06-22 09:44:58,985.6,87374
2021-06-22 09:45:03,985.6,87436
2021-06-22 09:45:09,985.6,87436
2021-06-22 09:45:14,985.6,87444
2021-06-22 09:45:19,985.5,87576
2021-06-22 09:45:24,985.5,87576
2021-06-22 09:45:29,985.4,87626
2021-06-22 09:45:33,985.6,87675
2021-06-22 09:45:38,986.0,87685
2021-06-22 09:45:43,985.6,87711
2021-06-22 09:45:48,985.35,87892
2021-06-22 09:45:53,985.3,88074
2021-06-22 09:45:58,985.35,88087
2021-06-22 09:46:04,985.15,88513
2021-06-22 09:46:09,985.5,88837
2021-06-22 09:46:15,985.05,88953
2021-06-22 09:46:20,985.0,89120
2021-06-22 09:46:26,985.0,89517
2021-06-22 09:46:31,985.0,89517
2021-06-22 09:46:36,984.2,89655
2021-06-22 09:46:41,984.45,89854
2021-06-22 09:46:46,984.1,89945
2021-06-22 09:46:51,984.45,89989
2021-06-22 09:46:56,984.45,89989
2021-06-22 09:47:01,984.2,90085
2021-06-22 09:47:06,984.2,90085
2021-06-22 09:47:10,984.2,90106
2021-06-22 09:47:15,984.2,90126
2021-06-22 09:47:20,984.2,90191
2021-06-22 09:47:24,984.45,90216
2021-06-22 09:47:29,984.45,90216
2021-06-22 09:47:34,983.7,91404
2021-06-22 09:47:39,984.1,91495
2021-06-22 09:47:44,983.55,91549
2021-06-22 09:47:49,983.55,91582
2021-06-22 09:47:54,983.6,91589
2021-06-22 09:47:58,983.6,91596
2021-06-22 09:48:03,984.0,91647
2021-06-22 09:48:08,983.5,91654
2021-06-22 09:48:13,984.0,91664
2021-06-22 09:48:18,983.5,91723
2021-06-22 09:48:22,983.5,91727
2021-06-22 09:48:26,984.0,91737
2021-06-22 09:48:36,983.5,91784
2021-06-22 09:48:41,984.0,91817
2021-06-22 09:48:45,984.05,91857
2021-06-22 09:48:50,984.05,91857
2021-06-22 09:48:59,984.05,91877
2021-06-22 09:49:04,984.8,92165
2021-06-22 09:49:09,984.55,92220
2021-06-22 09:49:13,984.05,92272
2021-06-22 09:49:18,984.1,92306
2021-06-22 09:49:22,984.9,92457
2021-06-22 09:49:27,985.05,92458
2021-06-22 09:49:31,985.65,93357
2021-06-22 09:49:36,986.1,93396
2021-06-22 09:49:40,985.4,93441
2021-06-22 09:49:45,985.4,93441
2021-06-22 09:49:49,985.3,93575
2021-06-22 09:49:53,986.0,93875
2021-06-22 09:49:58,986.0,93875
2021-06-22 09:50:02,985.25,93908
2021-06-22 09:50:07,985.65,93954
2021-06-22 09:50:12,985.2,93957
2021-06-22 09:50:16,985.2,94091
2021-06-22 09:50:20,985.2,94091
2021-06-22 09:50:29,985.2,94177
2021-06-22 09:50:34,985.5,97856
2021-06-22 09:50:39,985.5,97945
2021-06-22 09:50:44,985.55,98658
2021-06-22 09:50:49,985.6,98708
2021-06-22 09:50:54,985.6,98708
2021-06-22 09:50:58,985.65,98749
2021-06-22 09:51:03,985.65,98783
2021-06-22 09:51:08,985.6,98784
2021-06-22 09:51:12,985.6,98784
2021-06-22 09:51:17,985.75,98793
2021-06-22 09:51:22,985.7,98818
2021-06-22 09:51:27,985.7,98819
2021-06-22 09:51:32,985.75,100887
2021-06-22 09:51:37,986.1,100928
2021-06-22 09:51:42,985.95,101205
2021-06-22 09:51:46,985.95,101264
2021-06-22 09:51:51,985.95,101264
2021-06-22 09:51:57,985.95,101264
2021-06-22 09:52:02,986.05,101298
2021-06-22 09:52:07,986.55,101299
2021-06-22 09:52:12,986.4,101419
2021-06-22 09:52:16,985.85,101481
2021-06-22 09:52:21,986.35,101515
2021-06-22 09:52:31,985.8,101550
2021-06-22 09:52:35,986.0,101566
2021-06-22 09:52:40,986.0,101574
2021-06-22 09:52:45,986.55,101705
2021-06-22 09:52:50,985.8,101770
2021-06-22 09:52:55,985.8,101799
2021-06-22 09:53:00,985.8,101799
2021-06-22 09:53:04,986.5,101840
2021-06-22 09:53:09,985.95,101974
2021-06-22 09:53:14,985.9,102073
2021-06-22 09:53:20,985.85,102146
2021-06-22 09:53:25,985.85,102146
2021-06-22 09:53:30,985.9,102208
2021-06-22 09:53:39,986.3,102318
2021-06-22 09:53:44,986.3,102318
2021-06-22 09:53:49,985.7,102351
2021-06-22 09:53:54,986.2,102361
2021-06-22 09:53:58,986.2,102361
2021-06-22 09:54:03,985.85,102371
2021-06-22 09:54:07,986.25,102445
2021-06-22 09:54:12,986.25,102445
2021-06-22 09:54:16,986.2,102488
2021-06-22 09:54:20,986.55,102498
2021-06-22 09:54:25,986.1,102518
2021-06-22 09:54:29,986.1,102518
2021-06-22 09:54:34,985.9,102568
2021-06-22 09:54:39,986.3,102599
2021-06-22 09:54:43,986.35,102603
2021-06-22 09:54:48,985.95,102612
2021-06-22 09:54:53,985.8,102637
2021-06-22 09:54:57,986.35,102748
2021-06-22 09:55:01,986.6,103083
2021-06-22 09:55:06,986.35,103103
2021-06-22 09:55:11,986.35,103103
2021-06-22 09:55:16,986.35,103137
2021-06-22 09:55:21,986.35,103137
2021-06-22 09:55:25,986.35,103140
2021-06-22 09:55:29,986.35,103140
2021-06-22 09:55:34,986.35,103179
2021-06-22 09:55:38,986.35,103179
2021-06-22 09:55:42,986.35,103179
2021-06-22 09:55:46,986.35,103290
2021-06-22 09:55:51,986.55,103437
2021-06-22 09:55:55,986.55,103437
2021-06-22 09:56:00,986.55,103437
2021-06-22 09:56:04,986.35,103442
2021-06-22 09:56:13,986.65,103594
2021-06-22 09:56:18,986.55,103627
2021-06-22 09:56:23,987.0,103642
2021-06-22 09:56:27,986.5,103699
2021-06-22 09:56:32,986.9,103814
2021-06-22 09:56:36,986.9,103814
2021-06-22 09:56:40,986.3,103873
2021-06-22 09:56:44,986.3,103873
2021-06-22 09:56:49,986.75,104542
2021-06-22 09:56:53,986.25,105238
2021-06-22 09:56:58,986.2,105262
2021-06-22 09:57:02,985.85,105296
2021-06-22 09:57:07,985.85,105879
2021-06-22 09:57:16,985.8,106084
2021-06-22 09:57:21,986.4,106780
2021-06-22 09:57:25,985.7,106996
2021-06-22 09:57:29,985.55,107007
2021-06-22 09:57:34,986.1,107042
2021-06-22 09:57:39,986.1,107052
2021-06-22 09:57:44,985.8,107067
2021-06-22 09:57:48,985.7,107118
2021-06-22 09:57:53,985.55,107162
2021-06-22 09:57:57,985.55,107162
2021-06-22 09:58:02,985.55,107232
2021-06-22 09:58:07,985.55,107255
2021-06-22 09:58:11,985.95,107258
2021-06-22 09:58:16,985.95,107297
2021-06-22 09:58:21,985.95,107327
2021-06-22 09:58:26,985.95,107418
2021-06-22 09:58:30,986.0,107453
2021-06-22 09:58:35,986.35,107562
2021-06-22 09:58:39,985.5,107834
2021-06-22 09:58:43,985.6,108073
2021-06-22 09:58:48,985.6,108145
2021-06-22 09:58:53,985.6,108166
2021-06-22 09:58:57,985.6,108168
2021-06-22 09:59:02,985.6,108202
2021-06-22 09:59:06,985.6,108233
2021-06-22 09:59:10,985.6,108238
2021-06-22 09:59:15,985.5,109927
2021-06-22 09:59:19,985.95,110597
2021-06-22 09:59:24,985.5,110659
2021-06-22 09:59:28,985.5,110659
2021-06-22 09:59:33,986.0,110704
2021-06-22 09:59:38,986.0,110713
2021-06-22 09:59:43,985.5,110714
2021-06-22 09:59:47,985.5,110752
2021-06-22 09:59:51,985.5,110760
2021-06-22 09:59:56,985.5,110760
2021-06-22 10:00:00,985.9,110839
2021-06-22 10:00:05,985.5,111928
2021-06-22 10:00:09,985.55,112142
2021-06-22 10:00:14,985.55,112150
2021-06-22 10:00:18,985.55,112184
2021-06-22 10:00:22,985.55,112190
2021-06-22 10:00:27,985.3,115987
2021-06-22 10:00:31,984.35,117141
2021-06-22 10:00:35,984.1,117320
2021-06-22 10:00:40,984.05,117655
2021-06-22 10:00:44,984.05,118121
2021-06-22 10:00:48,983.7,118312
2021-06-22 10:00:52,984.05,119357
2021-06-22 10:00:57,983.3,119580
2021-06-22 10:01:01,983.25,119830
2021-06-22 10:01:05,983.55,119888
2021-06-22 10:01:09,983.85,119987
2021-06-22 10:01:14,983.9,121009
2021-06-22 10:01:18,983.9,121364
2021-06-22 10:01:23,984.0,121931
2021-06-22 10:01:27,983.85,122244
2021-06-22 10:01:32,983.9,122281
2021-06-22 10:01:36,984.5,122415
2021-06-22 10:01:40,983.95,122434
2021-06-22 10:01:44,984.5,122626
2021-06-22 10:01:48,984.5,123184
2021-06-22 10:01:53,983.9,123320
2021-06-22 10:01:58,984.55,123486
2021-06-22 10:02:02,983.95,123611
2021-06-22 10:02:07,984.0,123713
2021-06-22 10:02:11,984.0,123725
2021-06-22 10:02:16,984.45,123770
2021-06-22 10:02:21,984.45,123776
2021-06-22 10:02:26,984.6,123858
2021-06-22 10:02:31,984.6,123894
2021-06-22 10:02:40,984.65,124329
2021-06-22 10:02:45,984.65,124364
2021-06-22 10:02:49,984.55,124367
2021-06-22 10:02:54,985.2,124408
2021-06-22 10:02:59,984.6,124414
2021-06-22 10:03:03,984.6,124485
2021-06-22 10:03:08,984.6,124556
2021-06-22 10:03:12,984.55,124585
2021-06-22 10:03:17,984.55,124878
2021-06-22 10:03:21,984.6,124921
2021-06-22 10:03:26,984.6,124922
2021-06-22 10:03:30,984.6,124962
2021-06-22 10:03:35,984.3,125011
2021-06-22 10:03:40,984.6,125013
2021-06-22 10:03:45,984.55,125053
2021-06-22 10:03:50,984.55,125054
2021-06-22 10:03:55,984.6,125228
2021-06-22 10:03:59,984.55,125282
2021-06-22 10:04:04,984.55,125317
2021-06-22 10:04:08,985.0,125349
2021-06-22 10:04:13,984.55,125354
2021-06-22 10:04:17,984.95,125482
2021-06-22 10:04:22,984.95,125487
2021-06-22 10:04:26,984.4,125541
2021-06-22 10:04:30,984.95,125574
2021-06-22 10:04:39,984.4,125619
2021-06-22 10:04:43,984.95,125627
2021-06-22 10:04:48,984.4,125665
2021-06-22 10:04:52,984.4,125668
2021-06-22 10:04:56,984.4,125712
2021-06-22 10:05:00,984.4,125713
2021-06-22 10:05:04,984.4,125759
2021-06-22 10:05:08,984.95,125905
2021-06-22 10:05:12,984.0,125952
2021-06-22 10:05:16,984.5,125998
2021-06-22 10:05:21,985.05,126020
2021-06-22 10:05:25,984.25,126035
2021-06-22 10:05:30,984.75,126045
2021-06-22 10:05:34,984.3,126081
2021-06-22 10:05:39,984.75,126095
2021-06-22 10:05:43,984.25,126104
2021-06-22 10:05:47,984.25,126142
2021-06-22 10:05:51,984.15,126153
2021-06-22 10:05:55,984.55,126168
2021-06-22 10:05:58,984.55,126169
2021-06-22 10:06:02,984.1,126184
2021-06-22 10:06:06,984.7,126623
2021-06-22 10:06:10,984.6,126733
2021-06-22 10:06:15,984.0,126905
2021-06-22 10:06:19,983.9,126939
2021-06-22 10:06:23,984.0,127002
2021-06-22 10:06:28,983.85,127128
2021-06-22 10:06:36,983.45,127380
2021-06-22 10:06:41,983.85,127395
2021-06-22 10:06:45,983.85,127461
2021-06-22 10:06:49,983.85,127513
2021-06-22 10:06:53,983.85,127805
2021-06-22 10:06:57,984.75,128022
2021-06-22 10:07:01,984.3,128087
2021-06-22 10:07:05,984.2,128122
2021-06-22 10:07:09,984.3,128202
2021-06-22 10:07:13,984.8,128282
2021-06-22 10:07:18,984.35,128325
2021-06-22 10:07:22,984.25,128333
2021-06-22 10:07:26,984.25,128336
2021-06-22 10:07:29,984.6,128375
2021-06-22 10:07:33,984.0,128415
2021-06-22 10:07:38,984.6,128430
2021-06-22 10:07:42,984.6,128444
2021-06-22 10:07:46,984.15,128479
2021-06-22 10:07:49,984.8,128519
2021-06-22 10:07:53,984.8,128519
2021-06-22 10:07:57,984.8,128519
2021-06-22 10:08:01,985.4,128662
2021-06-22 10:08:06,984.8,128799
2021-06-22 10:08:10,984.8,128799
2021-06-22 10:08:18,984.85,128880
2021-06-22 10:08:22,984.85,128880
2021-06-22 10:08:26,984.8,128891
2021-06-22 10:08:30,984.9,129071
2021-06-22 10:08:33,984.85,129105
2021-06-22 10:08:37,984.85,129131
2021-06-22 10:08:41,984.85,129626
2021-06-22 10:08:45,984.85,129780
2021-06-22 10:08:49,984.0,129886
2021-06-22 10:08:54,984.45,129923
2021-06-22 10:08:58,984.05,129994
2021-06-22 10:09:02,984.5,130282
2021-06-22 10:09:06,984.5,130293
2021-06-22 10:09:11,984.5,130391
2021-06-22 10:09:15,984.5,130397
2021-06-22 10:09:19,984.4,132367
2021-06-22 10:09:23,984.0,132408
2021-06-22 10:09:28,984.0,132419
2021-06-22 10:09:33,984.0,132493
2021-06-22 10:09:37,983.55,132796
2021-06-22 10:09:42,984.0,132832
2021-06-22 10:09:45,983.55,132934
2021-06-22 10:09:54,983.95,133029
2021-06-22 10:10:02,984.0,133223
2021-06-22 10:10:06,984.0,133255
2021-06-22 10:10:09,983.95,133286
2021-06-22 10:10:13,983.95,133286
2021-06-22 10:10:18,983.9,133336
2021-06-22 10:10:22,984.1,133352
2021-06-22 10:10:26,984.1,133352
2021-06-22 10:10:29,984.1,133381
2021-06-22 10:10:33,983.95,133415
2021-06-22 10:10:37,984.1,133430
2021-06-22 10:10:42,984.1,133460
2021-06-22 10:10:46,983.95,133495
2021-06-22 10:10:50,983.95,133517
2021-06-22 10:10:54,983.95,133522
2021-06-22 10:10:58,984.1,133622
2021-06-22 10:11:03,983.95,133656
2021-06-22 10:11:07,983.95,133656
2021-06-22 10:11:11,983.95,133656
2021-06-22 10:11:15,983.95,133725
2021-06-22 10:11:23,983.9,133795
2021-06-22 10:11:27,984.05,133810
2021-06-22 10:11:30,983.9,133847
2021-06-22 10:11:34,984.1,134152
2021-06-22 10:11:39,983.9,134275
2021-06-22 10:11:43,983.9,134325
2021-06-22 10:11:47,984.05,134394
2021-06-22 10:11:51,984.1,134442
2021-06-22 10:11:55,984.1,134449
2021-06-22 10:11:59,984.1,134459
2021-06-22 10:12:04,983.9,134494
2021-06-22 10:12:08,983.9,134494
2021-06-22 10:12:12,983.9,134500
2021-06-22 10:12:16,983.9,134603
2021-06-22 10:12:20,983.95,134816
2021-06-22 10:12:25,983.6,134844
2021-06-22 10:12:29,983.55,134954
2021-06-22 10:12:33,983.55,134995
2021-06-22 10:12:42,983.7,135003
2021-06-22 10:12:47,983.7,135047
2021-06-22 10:12:51,983.55,135048
2021-06-22 10:12:56,983.5,135060
2021-06-22 10:13:00,983.5,135087
2021-06-22 10:13:04,983.5,135102
2021-06-22 10:13:07,983.25,135121
2021-06-22 10:13:11,983.5,135272
2021-06-22 10:13:15,983.25,135279
2021-06-22 10:13:18,983.25,135348
2021-06-22 10:13:22,983.25,135577
2021-06-22 10:13:27,983.9,135641
2021-06-22 10:13:35,983.9,135949
2021-06-22 10:13:39,983.45,135962
2021-06-22 10:13:43,983.45,135962
2021-06-22 10:13:48,983.45,135998
2021-06-22 10:14:00,983.45,136050
2021-06-22 10:14:04,983.4,136070
2021-06-22 10:14:08,983.4,136092
2021-06-22 10:14:13,983.4,136092
2021-06-22 10:14:17,983.5,136392
2021-06-22 10:14:21,984.15,137285
2021-06-22 10:14:25,984.15,137285
2021-06-22 10:14:29,984.2,137339
2021-06-22 10:14:36,984.2,137518
2021-06-22 10:14:40,984.2,137525
2021-06-22 10:14:44,984.2,137525
2021-06-22 10:14:48,984.2,137577
2021-06-22 10:14:52,984.7,137588
2021-06-22 10:14:56,984.3,137631
2021-06-22 10:15:00,984.0,137639
2021-06-22 10:15:04,983.8,137933
2021-06-22 10:15:08,984.0,137944
2021-06-22 10:15:12,984.15,137971
2021-06-22 10:15:16,985.0,138021
2021-06-22 10:15:20,984.4,138029
2021-06-22 10:15:24,984.4,138029
2021-06-22 10:15:28,984.4,138029
2021-06-22 10:15:32,984.9,138064
2021-06-22 10:15:36,984.9,138085
2021-06-22 10:15:41,984.35,138087
2021-06-22 10:15:44,984.35,138087
2021-06-22 10:15:52,984.35,138131
2021-06-22 10:15:56,984.35,138131
2021-06-22 10:16:00,984.3,138138
2021-06-22 10:16:03,984.3,138173
2021-06-22 10:16:07,984.35,138181
2021-06-22 10:16:11,984.35,138182
2021-06-22 10:16:14,984.75,138187
2021-06-22 10:16:18,984.35,138243
2021-06-22 10:16:25,984.25,138254
2021-06-22 10:16:29,984.25,138254
2021-06-22 10:16:32,984.5,138506
2021-06-22 10:16:36,985.25,138641
2021-06-22 10:16:40,984.75,138679
2021-06-22 10:16:44,984.75,138700
2021-06-22 10:16:48,984.75,138743
2021-06-22 10:16:52,985.0,138826
2021-06-22 10:16:56,984.85,138931
2021-06-22 10:17:00,984.85,138977
2021-06-22 10:17:04,984.35,138992
2021-06-22 10:17:08,984.85,139003
2021-06-22 10:17:12,984.85,139004
2021-06-22 10:17:16,984.4,139078
2021-06-22 10:17:20,984.4,139086
2021-06-22 10:17:24,984.4,139096
2021-06-22 10:17:28,984.35,139138
2021-06-22 10:17:32,984.35,139143
2021-06-22 10:17:36,984.8,139185
2021-06-22 10:17:40,984.3,139193
2021-06-22 10:17:44,984.3,139193
2021-06-22 10:17:48,984.8,139228
2021-06-22 10:17:53,984.3,139235
2021-06-22 10:17:57,984.8,139335
2021-06-22 10:18:01,984.4,139455
2021-06-22 10:18:05,984.4,139457
2021-06-22 10:18:10,984.6,139479
2021-06-22 10:18:14,984.4,139480
2021-06-22 10:18:18,984.4,139885
2021-06-22 10:18:23,984.2,139944
2021-06-22 10:18:28,984.4,140006
2021-06-22 10:18:32,984.35,140041
2021-06-22 10:18:37,984.3,140043
2021-06-22 10:18:41,984.3,140045
2021-06-22 10:18:45,984.6,140056
2021-06-22 10:18:49,984.15,140090
2021-06-22 10:18:53,984.15,140095
2021-06-22 10:18:57,984.1,140099
2021-06-22 10:19:01,984.1,140133
2021-06-22 10:19:04,984.1,140149
2021-06-22 10:19:08,984.1,140151
2021-06-22 10:19:15,984.05,140214
2021-06-22 10:19:19,984.45,140218
2021-06-22 10:19:24,984.45,140229
2021-06-22 10:19:28,984.4,140270
2021-06-22 10:19:33,983.85,140463
2021-06-22 10:19:37,983.8,140505
2021-06-22 10:19:42,984.15,140506
2021-06-22 10:19:47,984.35,140550
2021-06-22 10:19:51,984.35,140550
2021-06-22 10:19:55,983.8,140674
2021-06-22 10:19:59,983.85,140675
2021-06-22 10:20:03,983.75,140710
2021-06-22 10:20:08,983.55,140738
2021-06-22 10:20:12,983.6,140739
2021-06-22 10:20:15,983.6,140768
2021-06-22 10:20:19,983.6,140818
2021-06-22 10:20:23,983.6,140829
2021-06-22 10:20:28,984.15,140839
2021-06-22 10:20:32,984.15,140873
2021-06-22 10:20:35,984.15,140873
2021-06-22 10:20:39,984.15,140873
2021-06-22 10:20:43,983.7,140924
2021-06-22 10:20:47,984.15,141092
2021-06-22 10:20:50,983.75,141093
2021-06-22 10:20:53,983.7,141095
2021-06-22 10:20:57,984.15,141129
2021-06-22 10:21:01,984.0,141139
2021-06-22 10:21:06,983.6,141175
2021-06-22 10:21:10,983.6,141185
2021-06-22 10:21:14,983.6,141210
2021-06-22 10:21:18,983.55,141480
2021-06-22 10:21:22,983.5,141541
2021-06-22 10:21:26,983.5,141547
2021-06-22 10:21:30,983.5,141573
2021-06-22 10:21:34,984.65,143506
2021-06-22 10:21:38,984.1,143712
2021-06-22 10:21:42,984.3,143945
2021-06-22 10:21:46,984.3,144015
2021-06-22 10:21:50,984.3,144031
2021-06-22 10:21:53,984.3,144034
2021-06-22 10:21:57,984.3,144034
2021-06-22 10:22:01,984.15,144036
2021-06-22 10:22:08,984.1,144075
2021-06-22 10:22:12,984.1,144102
2021-06-22 10:22:16,983.95,144108
2021-06-22 10:22:20,984.75,145815
2021-06-22 10:22:24,985.2,145888
2021-06-22 10:22:31,984.4,146122
2021-06-22 10:22:35,983.85,146149
2021-06-22 10:22:39,984.0,146243
2021-06-22 10:22:42,983.85,146245
2021-06-22 10:22:47,983.85,146283
2021-06-22 10:22:51,983.5,146887
2021-06-22 10:22:54,984.55,147507
2021-06-22 10:22:58,983.5,147741
2021-06-22 10:23:03,984.05,147887
2021-06-22 10:23:07,984.05,147887
2021-06-22 10:23:11,984.05,147895
2021-06-22 10:23:15,984.05,147902
2021-06-22 10:23:19,983.6,147936
2021-06-22 10:23:22,983.6,147936
2021-06-22 10:23:26,983.7,148003
2021-06-22 10:23:30,983.7,148003
2021-06-22 10:23:33,983.7,148037
2021-06-22 10:23:37,984.15,148056
2021-06-22 10:23:41,984.15,148056
2021-06-22 10:23:45,984.0,148190
2021-06-22 10:23:49,984.6,148393
2021-06-22 10:23:52,984.0,148430
2021-06-22 10:23:56,984.3,148452
2021-06-22 10:24:00,984.0,148507
2021-06-22 10:24:08,984.0,148561
2021-06-22 10:24:12,984.4,148574
2021-06-22 10:24:15,984.15,148608
2021-06-22 10:24:19,984.15,148611
2021-06-22 10:24:22,984.15,148611
2021-06-22 10:24:26,984.15,148611
2021-06-22 10:24:29,984.1,148712
2021-06-22 10:24:33,984.5,148765
2021-06-22 10:24:37,984.5,148765
2021-06-22 10:24:44,984.1,148782
2021-06-22 10:24:47,984.5,148818
2021-06-22 10:24:51,984.1,148825
2021-06-22 10:24:55,984.45,148886
2021-06-22 10:24:59,984.45,148886
2021-06-22 10:25:04,984.2,148920
2021-06-22 10:25:08,984.2,148938
2021-06-22 10:25:12,984.2,148959
2021-06-22 10:25:16,984.5,148999
2021-06-22 10:25:20,984.5,149402
2021-06-22 10:25:24,984.4,149443
2021-06-22 10:25:28,984.4,149444
2021-06-22 10:25:32,984.25,149478
2021-06-22 10:25:36,984.3,149480
2021-06-22 10:25:40,984.6,149501
2021-06-22 10:25:44,984.25,149502
2021-06-22 10:25:48,984.25,149577
2021-06-22 10:25:52,984.35,149578
2021-06-22 10:25:57,984.6,149587
2021-06-22 10:26:01,984.35,149649
2021-06-22 10:26:05,984.35,149649
2021-06-22 10:26:13,984.6,149662
2021-06-22 10:26:17,984.6,149696
2021-06-22 10:26:21,984.6,149698
2021-06-22 10:26:24,984.7,149733
2021-06-22 10:26:28,984.7,149736
2021-06-22 10:26:32,984.6,149779
2021-06-22 10:26:36,984.6,149779
2021-06-22 10:26:40,984.6,149779
2021-06-22 10:26:47,984.6,150823
2021-06-22 10:26:50,984.6,150840
2021-06-22 10:26:54,984.6,150842
2021-06-22 10:26:58,984.4,150934
2021-06-22 10:27:01,984.4,150969
2021-06-22 10:27:05,984.4,150969
2021-06-22 10:27:08,984.4,150977
2021-06-22 10:27:13,984.4,150977
2021-06-22 10:27:17,984.4,150994
2021-06-22 10:27:20,984.2,151075
2021-06-22 10:27:24,984.45,151083
2021-06-22 10:27:28,984.55,151130
2021-06-22 10:27:32,984.4,151148
2021-06-22 10:27:36,984.3,151175
2021-06-22 10:27:40,984.95,151180
2021-06-22 10:27:44,984.4,151193
2021-06-22 10:27:47,984.4,151234
2021-06-22 10:27:50,984.35,151243
2021-06-22 10:27:53,984.35,151243
2021-06-22 10:27:57,984.8,151253
2021-06-22 10:28:01,984.15,151353
2021-06-22 10:28:04,984.35,151443
2021-06-22 10:28:08,984.15,151453
2021-06-22 10:28:11,984.6,151494
2021-06-22 10:28:15,984.65,151504
2021-06-22 10:28:18,984.2,151545
2021-06-22 10:28:22,984.2,151545
2021-06-22 10:28:30,984.2,151586
2021-06-22 10:28:34,984.15,151600
2021-06-22 10:28:38,984.15,151600
2021-06-22 10:28:42,984.15,151600
2021-06-22 10:28:49,984.1,151676
2021-06-22 10:28:53,984.1,151676
2021-06-22 10:28:57,984.1,151676
2021-06-22 10:29:01,984.15,151709
2021-06-22 10:29:04,984.15,151711
2021-06-22 10:29:08,984.15,151717
2021-06-22 10:29:12,984.55,151767
2021-06-22 10:29:16,984.15,151810
2021-06-22 10:29:20,984.1,151828
2021-06-22 10:29:24,984.1,151830
2021-06-22 10:29:28,984.1,151830
2021-06-22 10:29:31,984.15,151867
2021-06-22 10:29:35,984.15,151890
2021-06-22 10:29:38,984.15,151894
2021-06-22 10:29:42,984.15,151894
2021-06-22 10:29:49,984.2,151943
2021-06-22 10:29:53,984.15,151944
2021-06-22 10:29:56,984.15,151944
2021-06-22 10:30:00,984.15,151946
2021-06-22 10:30:03,984.15,151980
2021-06-22 10:30:07,984.15,151980
2021-06-22 10:30:10,984.25,151986
2021-06-22 10:30:14,984.25,151986
2021-06-22 10:30:17,984.25,152026
2021-06-22 10:30:21,984.25,152027
2021-06-22 10:30:25,984.25,152027
2021-06-22 10:30:28,984.25,152027
2021-06-22 10:30:36,984.6,152169
2021-06-22 10:30:40,984.25,152171
2021-06-22 10:30:44,984.25,152191
2021-06-22 10:30:47,984.25,152225
2021-06-22 10:30:51,984.25,152225
2021-06-22 10:30:54,984.25,152225
2021-06-22 10:30:57,984.25,152225
2021-06-22 10:31:00,984.25,152259
2021-06-22 10:31:04,984.6,152308
2021-06-22 10:31:07,984.6,152309
2021-06-22 10:31:10,984.3,152310
2021-06-22 10:31:14,984.3,152310
2021-06-22 10:31:18,984.6,153018
2021-06-22 10:31:21,984.6,153247
2021-06-22 10:31:25,984.35,153299
2021-06-22 10:31:29,984.35,153452
2021-06-22 10:31:32,984.35,153509
2021-06-22 10:31:36,984.35,153516
2021-06-22 10:31:39,984.35,153517
2021-06-22 10:31:40,984.35,153517
2021-06-22 10:31:43,984.35,153517
2021-06-22 10:31:45,984.35,153767
2021-06-22 10:31:46,984.35,153805
2021-06-22 10:31:49,984.35,153828
2021-06-22 10:31:50,984.25,153929
2021-06-22 10:31:51,984.0,154429
2021-06-22 10:31:53,984.0,154429
2021-06-22 10:31:56,984.1,154441
2021-06-22 10:31:59,984.1,154441
2021-06-22 10:32:00,984.1,154568
2021-06-22 10:32:01,984.15,154620
2021-06-22 10:32:02,984.15,154620
2021-06-22 10:32:02,984.15,154620
2021-06-22 10:32:03,984.15,154620
2021-06-22 10:32:05,984.15,154621
2021-06-22 10:32:06,984.35,154622
2021-06-22 10:32:07,984.35,154622
2021-06-22 10:32:08,984.15,154626
2021-06-22 10:32:10,984.15,154626
2021-06-22 10:32:14,984.15,154626
2021-06-22 10:32:15,984.1,154641
2021-06-22 10:32:17,984.1,154641
2021-06-22 10:32:19,984.15,154643
2021-06-22 10:32:20,984.15,154643
2021-06-22 10:32:21,984.15,154643
2021-06-22 10:32:21,984.15,154643
2021-06-22 10:32:22,984.6,154644
2021-06-22 10:32:25,984.6,154644
2021-06-22 10:32:27,984.2,154645
2021-06-22 10:32:30,984.2,154645
2021-06-22 10:32:34,984.2,154645
2021-06-22 10:32:35,984.2,154645
2021-06-22 10:32:36,984.2,154645
2021-06-22 10:32:38,984.2,154645
2021-06-22 10:32:45,984.2,154645
2021-06-22 10:32:46,984.2,154645
2021-06-22 10:32:47,984.2,154690
2021-06-22 10:32:48,984.2,154690
2021-06-22 10:32:49,984.2,154698
2021-06-22 10:32:51,984.2,154698
2021-06-22 10:32:52,984.2,154698
2021-06-22 10:32:53,984.2,154698
2021-06-22 10:32:56,984.2,154748
2021-06-22 10:32:57,984.2,154748
2021-06-22 10:33:00,984.2,154758
2021-06-22 10:33:02,984.2,154758
2021-06-22 10:33:03,984.2,154805
2021-06-22 10:33:07,984.6,154808
2021-06-22 10:33:09,984.6,154808
2021-06-22 10:33:11,984.2,154815
2021-06-22 10:33:13,984.2,154815
2021-06-22 10:33:15,984.2,154815
2021-06-22 10:33:16,984.2,154815
2021-06-22 10:33:19,984.2,154815
2021-06-22 10:33:20,984.2,154815
2021-06-22 10:33:23,984.2,154815
2021-06-22 10:33:24,984.2,154815
2021-06-22 10:33:25,984.2,154815
2021-06-22 10:33:32,984.5,154829
2021-06-22 10:33:33,984.5,154829
2021-06-22 10:33:34,984.5,154829
2021-06-22 10:33:35,984.5,154829
2021-06-22 10:33:38,984.5,154829
2021-06-22 10:33:39,984.5,154829
2021-06-22 10:33:41,984.5,154829
2021-06-22 10:33:43,984.5,154830
2021-06-22 10:33:44,984.5,154830
2021-06-22 10:33:45,984.2,154851
2021-06-22 10:33:46,984.2,154851
2021-06-22 10:33:47,984.2,154852
2021-06-22 10:33:48,984.2,154852
2021-06-22 10:33:49,984.2,154852
2021-06-22 10:33:50,984.2,154854
2021-06-22 10:33:57,984.2,154854
2021-06-22 10:34:00,984.2,154854
2021-06-22 10:34:04,984.2,154857
2021-06-22 10:34:05,984.2,154857
2021-06-22 10:34:06,984.2,154857
2021-06-22 10:34:07,984.2,154867
2021-06-22 10:34:08,984.2,154868
2021-06-22 10:34:09,984.6,154896
2021-06-22 10:34:10,984.6,154896
2021-06-22 10:34:11,984.2,154901
2021-06-22 10:34:12,984.2,154901
2021-06-22 10:34:13,984.6,154928
2021-06-22 10:34:14,984.6,154928
2021-06-22 10:34:15,984.6,154928
2021-06-22 10:34:16,984.6,154928
2021-06-22 10:34:17,984.6,155158
2021-06-22 10:34:18,984.6,155158
2021-06-22 10:34:19,984.25,155262
2021-06-22 10:34:21,984.25,155497
2021-06-22 10:34:22,984.6,155503
2021-06-22 10:34:23,984.3,155710
2021-06-22 10:34:24,984.6,155737
2021-06-22 10:34:25,984.6,156754
2021-06-22 10:34:26,984.6,156754
2021-06-22 10:34:27,984.3,156801
2021-06-22 10:34:28,984.6,157308
2021-06-22 10:34:29,984.25,157408
2021-06-22 10:34:30,984.6,157608
2021-06-22 10:34:31,984.25,157654
2021-06-22 10:34:32,984.25,157683
2021-06-22 10:34:33,984.25,157686
2021-06-22 10:34:34,984.25,157719
2021-06-22 10:34:36,984.25,157745
2021-06-22 10:34:38,984.25,157748
2021-06-22 10:34:39,984.25,157750
2021-06-22 10:34:41,984.25,157752
2021-06-22 10:34:42,984.25,157752
2021-06-22 10:34:43,984.25,157752
2021-06-22 10:34:44,984.6,158038
2021-06-22 10:34:45,984.25,158248
2021-06-22 10:34:46,984.25,158248
2021-06-22 10:34:47,984.3,158307
2021-06-22 10:34:48,984.3,158307
2021-06-22 10:34:49,984.3,158307
2021-06-22 10:34:50,984.6,158475
2021-06-22 10:34:51,984.25,158482
2021-06-22 10:34:52,984.25,158482
2021-06-22 10:34:53,984.25,158518
2021-06-22 10:34:56,984.25,158518
2021-06-22 10:34:57,984.25,158518
2021-06-22 10:34:58,984.25,158518
2021-06-22 10:35:00,984.25,158518
2021-06-22 10:35:04,984.3,158519
2021-06-22 10:35:07,984.3,158519
2021-06-22 10:35:08,984.3,158519
2021-06-22 10:35:10,984.3,158519
2021-06-22 10:35:11,984.3,158519
2021-06-22 10:35:12,984.3,158519
2021-06-22 10:35:13,984.6,158526
2021-06-22 10:35:14,984.6,162530
2021-06-22 10:35:15,984.6,162530
2021-06-22 10:35:16,984.3,162532
2021-06-22 10:35:17,984.25,162663
2021-06-22 10:35:18,984.25,162988
2021-06-22 10:35:19,984.15,163113
2021-06-22 10:35:20,984.15,163229
2021-06-22 10:35:21,984.45,163233
2021-06-22 10:35:22,984.45,163233
2021-06-22 10:35:23,984.1,163260
2021-06-22 10:35:24,984.1,163260
2021-06-22 10:35:25,984.15,163281
2021-06-22 10:35:26,984.4,163286
2021-06-22 10:35:28,984.4,163343
2021-06-22 10:35:29,984.4,163369
2021-06-22 10:35:30,984.15,163375
2021-06-22 10:35:32,984.15,163382
2021-06-22 10:35:33,984.5,163409
2021-06-22 10:35:34,984.5,163409
2021-06-22 10:35:35,984.45,163437
2021-06-22 10:35:37,984.5,163444
2021-06-22 10:35:38,984.5,163444
2021-06-22 10:35:39,984.5,163465
2021-06-22 10:35:40,984.5,163465
2021-06-22 10:35:41,984.45,163468
2021-06-22 10:35:42,984.5,163474
2021-06-22 10:35:43,984.5,163474
2021-06-22 10:35:46,984.5,163474
2021-06-22 10:35:47,984.5,163474
2021-06-22 10:35:49,984.45,163475
2021-06-22 10:35:54,984.45,163475
2021-06-22 10:35:58,984.5,163695
2021-06-22 10:35:58,984.5,163722
2021-06-22 10:35:59,984.5,163921
2021-06-22 10:36:03,984.5,163921
2021-06-22 10:36:04,984.4,163926
2021-06-22 10:36:06,984.5,163933
2021-06-22 10:36:08,984.5,163933
2021-06-22 10:36:08,984.5,163958
2021-06-22 10:36:10,984.4,163963
2021-06-22 10:36:11,984.4,163963
2021-06-22 10:36:13,984.6,163976
2021-06-22 10:36:13,984.6,163976
2021-06-22 10:36:14,984.6,163976
2021-06-22 10:36:15,984.5,163990
2021-06-22 10:36:16,984.5,164018
2021-06-22 10:36:17,984.4,164019
2021-06-22 10:36:21,984.5,164077
2021-06-22 10:36:23,984.4,164105
2021-06-22 10:36:24,984.4,164105
2021-06-22 10:36:25,984.4,164105
2021-06-22 10:36:26,984.5,164132
2021-06-22 10:36:27,984.5,164132
2021-06-22 10:36:28,984.5,164182
2021-06-22 10:36:29,984.5,164204
2021-06-22 10:36:30,984.5,164230
2021-06-22 10:36:32,984.3,164231
2021-06-22 10:36:34,984.5,164245
2021-06-22 10:36:36,984.5,164272
2021-06-22 10:36:38,984.5,164272
2021-06-22 10:36:39,984.3,164293
2021-06-22 10:36:44,984.3,164293
2021-06-22 10:36:48,984.3,164293
2021-06-22 10:36:52,984.4,164406
2021-06-22 10:36:56,984.2,164408
2021-06-22 10:37:00,984.2,164408
2021-06-22 10:37:04,984.15,164429
2021-06-22 10:37:08,984.45,164434
2021-06-22 10:37:12,984.45,164434
2021-06-22 10:37:17,984.2,164479
2021-06-22 10:37:20,983.85,164881
2021-06-22 10:37:24,984.1,164917
2021-06-22 10:37:28,984.0,164951
2021-06-22 10:37:32,984.0,164978
2021-06-22 10:37:36,983.7,165062
2021-06-22 10:37:40,983.75,165096
2021-06-22 10:37:43,984.0,165112
2021-06-22 10:37:47,983.75,165121
2021-06-22 10:37:51,983.75,165121
2021-06-22 10:37:55,983.75,165157
2021-06-22 10:38:03,983.75,165161
2021-06-22 10:38:06,983.75,165161
2021-06-22 10:38:10,983.75,165161
2021-06-22 10:38:14,983.75,165163
2021-06-22 10:38:18,983.75,165215
2021-06-22 10:38:21,983.65,165266
2021-06-22 10:38:25,983.65,165266
2021-06-22 10:38:28,983.65,165267
2021-06-22 10:38:32,983.65,165267
2021-06-22 10:38:36,983.7,165268
2021-06-22 10:38:39,983.95,165296
2021-06-22 10:38:43,983.95,165337
2021-06-22 10:38:47,983.7,165339
2021-06-22 10:38:50,983.7,165353
2021-06-22 10:38:54,983.95,165395
2021-06-22 10:38:58,984.0,165535
2021-06-22 10:39:01,984.0,165563
2021-06-22 10:39:05,983.5,165566
2021-06-22 10:39:09,984.0,165584
2021-06-22 10:39:12,984.0,165605
2021-06-22 10:39:16,984.0,165645
2021-06-22 10:39:20,984.55,165704
2021-06-22 10:39:25,984.3,165989
2021-06-22 10:39:29,984.3,165989
2021-06-22 10:39:32,984.15,165993
2021-06-22 10:39:37,983.95,166042
2021-06-22 10:39:41,983.7,166065
2021-06-22 10:39:45,983.5,167657
2021-06-22 10:39:49,983.3,167708
2021-06-22 10:39:53,983.3,167741
2021-06-22 10:39:57,983.25,167743
2021-06-22 10:40:02,983.25,167743
2021-06-22 10:40:07,983.3,167745
2021-06-22 10:40:12,983.3,167745
2021-06-22 10:40:16,983.3,167745
2021-06-22 10:40:20,983.1,168578
2021-06-22 10:40:23,983.05,169187
2021-06-22 10:40:27,982.8,169289
2021-06-22 10:40:30,982.7,169331
2021-06-22 10:40:34,982.7,169374
2021-06-22 10:40:38,982.55,169395
2021-06-22 10:40:42,982.55,169483
2021-06-22 10:40:46,982.9,169713
2021-06-22 10:40:50,982.65,169826
2021-06-22 10:40:53,982.65,169845
2021-06-22 10:40:56,983.1,169955
2021-06-22 10:41:00,982.65,169960
2021-06-22 10:41:04,982.65,169961
2021-06-22 10:41:08,983.0,170061
2021-06-22 10:41:11,982.65,170065
2021-06-22 10:41:15,982.65,170065
2021-06-22 10:41:18,983.1,170080
2021-06-22 10:41:26,983.1,170080
2021-06-22 10:41:30,983.1,170080
2021-06-22 10:41:33,983.1,170130
2021-06-22 10:41:37,982.7,170162
2021-06-22 10:41:40,982.7,170163
2021-06-22 10:41:43,982.7,170163
2021-06-22 10:41:47,982.7,170200
2021-06-22 10:41:50,982.7,170202
2021-06-22 10:41:54,982.7,170202
2021-06-22 10:41:58,982.8,170204
2021-06-22 10:42:02,982.95,170206
2021-06-22 10:42:06,982.8,170236
2021-06-22 10:42:10,982.8,170242
2021-06-22 10:42:14,982.8,170352
2021-06-22 10:42:18,983.0,170563
2021-06-22 10:42:22,983.0,170577
2021-06-22 10:42:26,982.75,170580
2021-06-22 10:42:35,983.1,170608
2021-06-22 10:42:38,983.0,170610
2021-06-22 10:42:42,983.0,170610
2021-06-22 10:42:46,983.1,170729
2021-06-22 10:42:50,983.25,170773
2021-06-22 10:42:54,983.3,170791
2021-06-22 10:42:58,983.45,171106
2021-06-22 10:43:01,983.3,171112
2021-06-22 10:43:05,983.5,171421
2021-06-22 10:43:09,983.3,171426
2021-06-22 10:43:13,983.3,171757
2021-06-22 10:43:16,983.15,171763
2021-06-22 10:43:20,983.3,171766
2021-06-22 10:43:23,983.25,171861
2021-06-22 10:43:31,983.1,171949
2021-06-22 10:43:34,983.1,171950
2021-06-22 10:43:37,982.75,172070
2021-06-22 10:43:41,983.25,172185
2021-06-22 10:43:44,983.25,172185
2021-06-22 10:43:48,983.25,172185
2021-06-22 10:43:51,982.65,172186
2021-06-22 10:43:54,982.7,172202
2021-06-22 10:43:58,982.7,172209
2021-06-22 10:44:01,982.7,172243
2021-06-22 10:44:05,983.1,172252
2021-06-22 10:44:08,982.7,172270
2021-06-22 10:44:12,982.65,172271
2021-06-22 10:44:15,982.65,172271
2021-06-22 10:44:19,982.65,172271
2021-06-22 10:44:22,982.65,172271
2021-06-22 10:44:25,982.5,172278
2021-06-22 10:44:29,982.5,172283
2021-06-22 10:44:32,982.5,172283
2021-06-22 10:44:35,982.5,172324
2021-06-22 10:44:39,982.5,172332
2021-06-22 10:44:42,982.5,172332
2021-06-22 10:44:49,982.5,172398
2021-06-22 10:44:52,982.95,172429
2021-06-22 10:44:56,982.9,172477
2021-06-22 10:44:59,982.5,172502
2021-06-22 10:45:02,983.0,172520
2021-06-22 10:45:06,982.5,172521
2021-06-22 10:45:10,982.95,172680
2021-06-22 10:45:14,982.5,172686
2021-06-22 10:45:18,982.8,172716
2021-06-22 10:45:28,982.65,172767
2021-06-22 10:45:31,982.7,172768
2021-06-22 10:45:35,982.85,172773
2021-06-22 10:45:38,982.85,172773
2021-06-22 10:45:41,982.95,172780
2021-06-22 10:45:48,982.55,172785
2021-06-22 10:45:51,982.95,172792
2021-06-22 10:45:54,982.95,172792
2021-06-22 10:45:58,982.95,172792
2021-06-22 10:46:01,982.95,172792
2021-06-22 10:46:04,982.95,172806
2021-06-22 10:46:08,983.0,172826
2021-06-22 10:46:12,982.6,172841
2021-06-22 10:46:16,982.55,172904
2021-06-22 10:46:20,982.55,172935
2021-06-22 10:46:24,983.05,172965
2021-06-22 10:46:28,982.6,172993
2021-06-22 10:46:32,982.55,173011
2021-06-22 10:46:36,983.0,173049
2021-06-22 10:46:39,982.6,173062
2021-06-22 10:46:43,982.6,173072
2021-06-22 10:46:46,982.6,173090
2021-06-22 10:46:50,982.6,173092
2021-06-22 10:46:53,982.6,173093
2021-06-22 10:46:57,983.0,173108
2021-06-22 10:47:00,982.6,173126
2021-06-22 10:47:04,982.6,173152
2021-06-22 10:47:07,982.55,173267
2021-06-22 10:47:10,982.55,173318
2021-06-22 10:47:14,982.55,173348
2021-06-22 10:47:21,982.55,173359
2021-06-22 10:47:24,982.55,173359
2021-06-22 10:47:31,982.9,173361
2021-06-22 10:47:34,982.55,173382
2021-06-22 10:47:41,982.55,173386
2021-06-22 10:47:44,982.9,173395
2021-06-22 10:47:48,982.9,173402
2021-06-22 10:47:51,982.9,173402
2021-06-22 10:47:54,982.9,173412
2021-06-22 10:47:59,982.65,173526
2021-06-22 10:48:03,982.65,173578
2021-06-22 10:48:06,982.65,173579
2021-06-22 10:48:10,982.55,174053
2021-06-22 10:48:14,982.5,174220
2021-06-22 10:48:17,982.25,174273
2021-06-22 10:48:21,982.15,174309
2021-06-22 10:48:24,982.3,174370
2021-06-22 10:48:28,982.5,174389
2021-06-22 10:48:31,982.5,174389
2021-06-22 10:48:34,982.25,174391
2021-06-22 10:48:37,982.1,174478
2021-06-22 10:48:40,982.1,174495
2021-06-22 10:48:47,982.1,174522
2021-06-22 10:48:50,982.1,174540
2021-06-22 10:48:53,982.4,174548
2021-06-22 10:48:57,982.1,174550
2021-06-22 10:49:00,982.1,174552
2021-06-22 10:49:03,982.45,174558
2021-06-22 10:49:07,982.45,174638
2021-06-22 10:49:10,982.1,174686
2021-06-22 10:49:14,982.1,174827
2021-06-22 10:49:18,982.05,174843
2021-06-22 10:49:22,982.05,174844
2021-06-22 10:49:25,982.05,174849
2021-06-22 10:49:28,982.05,174849
2021-06-22 10:49:31,982.4,175029
2021-06-22 10:49:34,982.1,175032
2021-06-22 10:49:41,982.1,175032
2021-06-22 10:49:44,982.4,175039
2021-06-22 10:49:48,982.2,175043
2021-06-22 10:49:52,982.15,175053
2021-06-22 10:49:55,982.4,175054
2021-06-22 10:49:58,982.4,175074
2021-06-22 10:50:01,982.4,175074
2021-06-22 10:50:05,982.5,176538
2021-06-22 10:50:08,982.5,176732
2021-06-22 10:50:14,982.5,176773
2021-06-22 10:50:17,982.5,176773
2021-06-22 10:50:20,982.5,176968
2021-06-22 10:50:24,982.5,177023
2021-06-22 10:50:27,982.5,177045
2021-06-22 10:50:31,982.5,177073
2021-06-22 10:50:36,982.2,177423
2021-06-22 10:50:40,982.5,177438
2021-06-22 10:50:43,982.5,177463
2021-06-22 10:50:46,982.5,177463
2021-06-22 10:50:49,982.5,177463
2021-06-22 10:50:53,982.5,177577
2021-06-22 10:50:57,982.5,177593
2021-06-22 10:51:01,982.5,177613
2021-06-22 10:51:04,982.5,177642
2021-06-22 10:51:08,982.5,177683
2021-06-22 10:51:11,982.5,177697
2021-06-22 10:51:14,982.25,177698
2021-06-22 10:51:17,982.25,177698
2021-06-22 10:51:20,982.25,177699
2021-06-22 10:51:24,982.25,177700
2021-06-22 10:51:27,982.25,177700
2021-06-22 10:51:31,982.5,177727
2021-06-22 10:51:34,982.5,177753
2021-06-22 10:51:38,982.5,177753
2021-06-22 10:51:41,982.5,177753
2021-06-22 10:51:44,982.5,177919
2021-06-22 10:51:47,982.5,178429
2021-06-22 10:51:51,982.5,178455
2021-06-22 10:51:54,982.45,178502
2021-06-22 10:51:58,982.5,179182
2021-06-22 10:52:01,982.5,179294
2021-06-22 10:52:05,982.5,179450
2021-06-22 10:52:09,982.5,179464
2021-06-22 10:52:13,982.5,179491
2021-06-22 10:52:17,982.5,179491
2021-06-22 10:52:20,982.5,179491
2021-06-22 10:52:23,982.5,179505
2021-06-22 10:52:27,982.45,179519
2021-06-22 10:52:30,982.5,179526
2021-06-22 10:52:33,982.5,179533
2021-06-22 10:52:36,982.5,179539
2021-06-22 10:52:39,982.5,179545
2021-06-22 10:52:45,982.5,179579
2021-06-22 10:52:49,982.5,179581
2021-06-22 10:52:52,982.5,179581
2021-06-22 10:52:55,982.5,179581
2021-06-22 10:52:58,982.5,179581
2021-06-22 10:53:01,982.5,179581
2021-06-22 10:53:05,982.5,179588
2021-06-22 10:53:08,982.5,179588
2021-06-22 10:53:11,982.5,179595
2021-06-22 10:53:14,982.5,179599
2021-06-22 10:53:17,982.5,179599
2021-06-22 10:53:20,982.5,179633
2021-06-22 10:53:24,982.5,179647
2021-06-22 10:53:27,982.5,179647
2021-06-22 10:53:30,982.5,179697
2021-06-22 10:53:33,982.5,179697
2021-06-22 10:53:39,982.5,179717
2021-06-22 10:53:42,982.5,179717
2021-06-22 10:53:45,982.5,179717
2021-06-22 10:53:48,982.5,179737
2021-06-22 10:53:51,982.5,179737
2021-06-22 10:53:54,982.5,179751
2021-06-22 10:53:57,982.5,179844
2021-06-22 10:54:01,982.5,179889
2021-06-22 10:54:04,982.5,179904
2021-06-22 10:54:07,982.45,179905
2021-06-22 10:54:09,982.45,179905
2021-06-22 10:54:13,982.5,179912
2021-06-22 10:54:16,982.5,179914
2021-06-22 10:54:19,982.5,179931
2021-06-22 10:54:22,982.45,179937
2021-06-22 10:54:25,982.45,179937
2021-06-22 10:54:28,982.5,179953
2021-06-22 10:54:32,982.5,179953
2021-06-22 10:54:35,982.5,180000
2021-06-22 10:54:40,982.45,180014
2021-06-22 10:54:43,982.45,180064
2021-06-22 10:54:46,982.45,180065
2021-06-22 10:54:49,982.5,180072
2021-06-22 10:54:52,982.5,180079
2021-06-22 10:54:55,982.5,180079
2021-06-22 10:54:58,982.5,180114
2021-06-22 10:55:01,982.5,180139
2021-06-22 10:55:04,982.5,180139
2021-06-22 10:55:10,982.5,180149
2021-06-22 10:55:13,982.45,181943
2021-06-22 10:55:16,982.5,181985
2021-06-22 10:55:20,982.45,182428
2021-06-22 10:55:24,982.5,182640
2021-06-22 10:55:27,982.5,184152
2021-06-22 10:55:30,982.5,184152
2021-06-22 10:55:33,982.5,184301
2021-06-22 10:55:37,982.45,184317
2021-06-22 10:55:40,982.35,184387
2021-06-22 10:55:43,982.35,184388
2021-06-22 10:55:46,982.35,184388
2021-06-22 10:55:50,982.35,184388
2021-06-22 10:55:53,982.35,184395
2021-06-22 10:55:57,982.5,184410
2021-06-22 10:56:00,982.5,184443
2021-06-22 10:56:04,982.5,184491
2021-06-22 10:56:06,982.35,184519
2021-06-22 10:56:10,982.5,184545
2021-06-22 10:56:13,982.35,184553
2021-06-22 10:56:17,982.5,184556
2021-06-22 10:56:20,982.5,184737
2021-06-22 10:56:23,982.5,184761
2021-06-22 10:56:26,982.5,185513
2021-06-22 10:56:29,982.5,192341
2021-06-22 10:56:32,982.4,192652
2021-06-22 10:56:36,982.35,192733
2021-06-22 10:56:38,982.35,192733
2021-06-22 10:56:39,982.3,192792
2021-06-22 10:56:40,982.3,192792
2021-06-22 10:56:41,982.3,192792
2021-06-22 10:56:42,982.05,193137
2021-06-22 10:56:43,981.95,194013
2021-06-22 10:56:44,981.95,194013
2021-06-22 10:56:45,981.85,194063
2021-06-22 10:56:47,981.8,194074
2021-06-22 10:56:48,982.1,194871
2021-06-22 10:56:49,981.85,194884
2021-06-22 10:56:50,982.5,195898
2021-06-22 10:56:51,982.5,195898
2021-06-22 10:56:52,982.5,195972
2021-06-22 10:56:53,982.5,196046
2021-06-22 10:56:54,982.5,196088
2021-06-22 10:56:55,982.5,196140
2021-06-22 10:56:56,982.45,196448
2021-06-22 10:56:57,982.5,196505
2021-06-22 10:56:58,982.5,196505
2021-06-22 10:56:59,982.5,196506
2021-06-22 10:57:00,982.5,196554
2021-06-22 10:57:01,982.3,196702
2021-06-22 10:57:02,982.3,196702
2021-06-22 10:57:03,982.5,196708
2021-06-22 10:57:04,983.05,205130
2021-06-22 10:57:06,982.65,207361
2021-06-22 10:57:08,982.45,207475
2021-06-22 10:57:09,982.45,207475
2021-06-22 10:57:10,982.2,207603
2021-06-22 10:57:11,982.6,207610
2021-06-22 10:57:12,982.6,207610
2021-06-22 10:57:13,982.6,207610
2021-06-22 10:57:14,982.6,207610
2021-06-22 10:57:15,982.6,207610
2021-06-22 10:57:16,982.55,207622
2021-06-22 10:57:18,982.55,207622
2021-06-22 10:57:20,982.5,207683
2021-06-22 10:57:22,982.5,207683
2021-06-22 10:57:23,982.5,207723
2021-06-22 10:57:24,982.5,207723
2021-06-22 10:57:26,983.4,208740
2021-06-22 10:57:27,982.5,209655
2021-06-22 10:57:28,982.5,209705
2021-06-22 10:57:29,982.5,209705
2021-06-22 10:57:30,982.5,209705
2021-06-22 10:57:31,982.5,209705
2021-06-22 10:57:32,982.35,209754
2021-06-22 10:57:33,982.35,209760
2021-06-22 10:57:34,982.5,209761
2021-06-22 10:57:35,982.5,209763
2021-06-22 10:57:36,982.5,209763
2021-06-22 10:57:38,982.5,209763
2021-06-22 10:57:41,982.5,209820
2021-06-22 10:57:42,983.1,210612
2021-06-22 10:57:43,982.5,210648
2021-06-22 10:57:44,982.5,210649
2021-06-22 10:57:46,982.5,211586
2021-06-22 10:57:46,982.5,211586
2021-06-22 10:57:47,982.5,211599
2021-06-22 10:57:48,982.5,211639
2021-06-22 10:57:49,982.5,213121
2021-06-22 10:57:50,982.5,213160
2021-06-22 10:57:52,982.35,213324
2021-06-22 10:57:53,982.35,213324
2021-06-22 10:57:54,982.5,213345
2021-06-22 10:57:55,982.5,213345
2021-06-22 10:57:56,982.5,213355
2021-06-22 10:57:57,982.45,216821
2021-06-22 10:57:58,982.5,216857
2021-06-22 10:57:59,982.5,216857
2021-06-22 10:58:00,982.5,216857
2021-06-22 10:58:01,982.5,216857
2021-06-22 10:58:02,982.35,216929
2021-06-22 10:58:03,982.35,216929
2021-06-22 10:58:04,982.4,217020
2021-06-22 10:58:05,982.5,217054
2021-06-22 10:58:08,982.5,217105
2021-06-22 10:58:09,982.35,217256
2021-06-22 10:58:10,982.5,217306
2021-06-22 10:58:11,982.5,217306
2021-06-22 10:58:12,982.5,217312
2021-06-22 10:58:17,982.5,217312
2021-06-22 10:58:18,982.5,223841
2021-06-22 10:58:19,982.5,226295
2021-06-22 10:58:20,982.5,226295
2021-06-22 10:58:21,982.5,226363
2021-06-22 10:58:22,982.5,226369
2021-06-22 10:58:23,982.25,226484
2021-06-22 10:58:24,982.5,226491
2021-06-22 10:58:25,982.2,226564
2021-06-22 10:58:26,982.2,226564
2021-06-22 10:58:27,982.15,226666
2021-06-22 10:58:29,982.15,226666
2021-06-22 10:58:30,982.5,226675
2021-06-22 10:58:32,982.5,226676
2021-06-22 10:58:37,982.5,226676
2021-06-22 10:58:41,982.15,226927
2021-06-22 10:58:42,982.5,227057
2021-06-22 10:58:43,982.5,227071
2021-06-22 10:58:44,982.5,227071
2021-06-22 10:58:45,982.5,227071
2021-06-22 10:58:46,982.5,227071
2021-06-22 10:58:48,982.5,229706
2021-06-22 10:58:49,982.5,229706
2021-06-22 10:58:51,982.5,229716
2021-06-22 10:58:52,982.25,229786
2021-06-22 10:58:53,982.2,229791
2021-06-22 10:58:54,982.2,229801
2021-06-22 10:58:55,982.5,229802
2021-06-22 10:58:57,982.5,229802
2021-06-22 10:58:58,982.5,229802
2021-06-22 10:59:02,982.5,229802
2021-06-22 10:59:03,982.5,229802
2021-06-22 10:59:07,982.5,230164
2021-06-22 10:59:09,982.5,230164
2021-06-22 10:59:09,982.5,231560
2021-06-22 10:59:10,983.05,233283
2021-06-22 10:59:11,983.05,233283
2021-06-22 10:59:12,982.95,233610
2021-06-22 10:59:13,983.0,233719
2021-06-22 10:59:14,983.0,233719
2021-06-22 10:59:15,983.0,233719
2021-06-22 10:59:16,983.0,233719
2021-06-22 10:59:17,983.2,233730
2021-06-22 10:59:18,983.65,235258
2021-06-22 10:59:19,983.65,235258
2021-06-22 10:59:20,983.65,235258
2021-06-22 10:59:22,985.0,240908
2021-06-22 10:59:22,985.0,240908
2021-06-22 10:59:23,984.05,241046
2021-06-22 10:59:24,984.05,241046
2021-06-22 10:59:25,984.05,241046
2021-06-22 10:59:26,984.05,241046
2021-06-22 10:59:27,984.05,241046
2021-06-22 10:59:28,984.0,241290
2021-06-22 10:59:29,984.0,241290
2021-06-22 10:59:31,984.0,241290
2021-06-22 10:59:31,984.8,241665
2021-06-22 10:59:32,984.8,241665
2021-06-22 10:59:33,984.6,245142
2021-06-22 10:59:34,984.6,245142
2021-06-22 10:59:35,984.45,245192
2021-06-22 10:59:36,984.6,245275
2021-06-22 10:59:37,984.6,245275
2021-06-22 10:59:38,984.6,245402
2021-06-22 10:59:39,984.75,245648
2021-06-22 10:59:40,984.75,245648
2021-06-22 10:59:41,984.75,245648
2021-06-22 10:59:42,984.45,245668
2021-06-22 10:59:43,984.45,245668
2021-06-22 10:59:45,984.45,245668
2021-06-22 10:59:46,984.45,245668
2021-06-22 10:59:46,984.45,245668
2021-06-22 10:59:47,984.45,245668
2021-06-22 10:59:49,984.5,245683
2021-06-22 10:59:50,984.5,245686
2021-06-22 10:59:51,984.5,245686
2021-06-22 10:59:52,984.5,245686
2021-06-22 10:59:53,984.5,245686
2021-06-22 10:59:54,984.5,245686
2021-06-22 10:59:55,984.5,245686
2021-06-22 10:59:56,984.5,245686
2021-06-22 10:59:57,984.5,245686
2021-06-22 10:59:58,984.5,245686
2021-06-22 10:59:59,984.5,245686
2021-06-22 11:00:00,984.5,245686
2021-06-22 11:00:01,984.45,245687
2021-06-22 11:00:02,984.45,245687
2021-06-22 11:00:04,984.45,245687
2021-06-22 11:00:05,986.0,248992
2021-06-22 11:00:06,986.9,250253
2021-06-22 11:00:07,986.0,250254
2021-06-22 11:00:08,985.6,250329
2021-06-22 11:00:09,984.6,252380
2021-06-22 11:00:10,984.6,252380
2021-06-22 11:00:11,984.6,252380
2021-06-22 11:00:12,984.6,252390
2021-06-22 11:00:13,984.6,253194
2021-06-22 11:00:14,984.6,253194
2021-06-22 11:00:15,984.35,253487
2021-06-22 11:00:16,984.6,255893
2021-06-22 11:00:17,984.6,255998
2021-06-22 11:00:18,984.3,256068
2021-06-22 11:00:19,984.3,256068
2021-06-22 11:00:20,984.3,256068
2021-06-22 11:00:21,984.3,256068
2021-06-22 11:00:22,984.3,256068
2021-06-22 11:00:23,984.55,259290
2021-06-22 11:00:24,984.55,259290
2021-06-22 11:00:25,984.6,260731
2021-06-22 11:00:26,984.6,260840
2021-06-22 11:00:27,984.6,260990
2021-06-22 11:00:28,984.6,260990
2021-06-22 11:00:29,984.6,260990
2021-06-22 11:00:30,984.6,260990
2021-06-22 11:00:33,984.6,260990
2021-06-22 11:00:33,984.6,260990
2021-06-22 11:00:35,984.6,260990
2021-06-22 11:00:36,984.6,263580
2021-06-22 11:00:37,984.6,263628
2021-06-22 11:00:39,984.6,263628
2021-06-22 11:00:40,984.6,263728
2021-06-22 11:00:40,984.6,263861
2021-06-22 11:00:41,984.6,265442
2021-06-22 11:00:42,984.6,267187
2021-06-22 11:00:43,984.6,268037
2021-06-22 11:00:44,984.6,271204
2021-06-22 11:00:45,984.6,271204
2021-06-22 11:00:46,984.6,272767
2021-06-22 11:00:47,984.6,272999
2021-06-22 11:00:48,984.6,274285
2021-06-22 11:00:49,984.6,275460
2021-06-22 11:00:50,984.6,276604
2021-06-22 11:00:52,984.6,278659
2021-06-22 11:00:53,984.6,278781
2021-06-22 11:00:55,984.6,279905
2021-06-22 11:00:56,984.6,280581
2021-06-22 11:00:57,984.6,280581
2021-06-22 11:00:58,984.6,283946
2021-06-22 11:00:59,984.6,283946
2021-06-22 11:01:00,984.6,284746
2021-06-22 11:01:00,984.6,285700
2021-06-22 11:01:01,984.6,285700
2021-06-22 11:01:02,984.6,287622
2021-06-22 11:01:03,984.6,288733
2021-06-22 11:01:04,984.6,288733
2021-06-22 11:01:05,984.6,288733
2021-06-22 11:01:06,984.6,295230
2021-06-22 11:01:07,984.6,296409
2021-06-22 11:01:08,984.6,296662
2021-06-22 11:01:09,985.35,298423
2021-06-22 11:01:10,984.55,299987
2021-06-22 11:01:11,984.55,299987
2021-06-22 11:01:12,984.55,299987
2021-06-22 11:01:13,984.6,301653
2021-06-22 11:01:14,984.6,301653
2021-06-22 11:01:15,984.6,302578
2021-06-22 11:01:16,984.6,302578
2021-06-22 11:01:17,984.6,310848
2021-06-22 11:01:18,984.55,312258
2021-06-22 11:01:19,984.55,312258
2021-06-22 11:01:20,984.6,314725
2021-06-22 11:01:21,984.6,314734
2021-06-22 11:01:22,984.6,315045
2021-06-22 11:01:23,984.6,317388
2021-06-22 11:01:24,984.6,318188
2021-06-22 11:01:25,984.6,318188
2021-06-22 11:01:26,984.6,318195
2021-06-22 11:01:27,984.6,319167
2021-06-22 11:01:29,984.6,321152
2021-06-22 11:01:29,984.6,322851
2021-06-22 11:01:30,984.6,325494
2021-06-22 11:01:31,984.6,325544
2021-06-22 11:01:32,984.6,326900
2021-06-22 11:01:34,984.6,329369
2021-06-22 11:01:35,984.6,330950
2021-06-22 11:01:36,984.6,344835
2021-06-22 11:01:37,984.6,346779
2021-06-22 11:01:38,984.55,354023
2021-06-22 11:01:39,984.6,357369
2021-06-22 11:01:39,984.6,358055
2021-06-22 11:01:40,984.6,358144
2021-06-22 11:01:41,984.6,358194
2021-06-22 11:01:42,984.6,361453
2021-06-22 11:01:43,985.4,365086
2021-06-22 11:01:44,985.4,365086
2021-06-22 11:01:45,985.4,365086
2021-06-22 11:01:47,985.4,365086
2021-06-22 11:01:47,985.4,365086
2021-06-22 11:01:49,984.95,365224
2021-06-22 11:01:50,984.95,365224
2021-06-22 11:01:51,985.4,365225
2021-06-22 11:01:52,985.4,365286
2021-06-22 11:01:53,985.4,365286
2021-06-22 11:01:55,985.55,365297
2021-06-22 11:01:56,985.45,365436
2021-06-22 11:01:57,985.45,365436
2021-06-22 11:01:58,985.45,365436
2021-06-22 11:01:59,985.45,365436
2021-06-22 11:01:59,985.1,365437
2021-06-22 11:02:02,985.1,365447
2021-06-22 11:02:03,985.1,365449
2021-06-22 11:02:04,985.1,365451
2021-06-22 11:02:04,985.1,365452
2021-06-22 11:02:05,985.0,365453
2021-06-22 11:02:06,985.45,365457
2021-06-22 11:02:07,985.45,365458
2021-06-22 11:02:08,985.45,365460
2021-06-22 11:02:09,985.0,365461
2021-06-22 11:02:10,985.05,365462
2021-06-22 11:02:11,985.0,365464
2021-06-22 11:02:12,985.0,365476
2021-06-22 11:02:13,985.0,365478
2021-06-22 11:02:14,985.4,365505
2021-06-22 11:02:15,985.4,365507
2021-06-22 11:02:16,985.4,365507
2021-06-22 11:02:17,985.8,365611
2021-06-22 11:02:18,985.45,365613
2021-06-22 11:02:21,986.4,368029
2021-06-22 11:02:22,986.85,368049
2021-06-22 11:02:24,986.85,368049
2021-06-22 11:02:25,986.85,368049
2021-06-22 11:02:26,986.6,368062
2021-06-22 11:02:27,986.05,368077
2021-06-22 11:02:27,986.05,368144
2021-06-22 11:02:28,986.75,368166
2021-06-22 11:02:29,986.75,368166
2021-06-22 11:02:30,986.5,368172
2021-06-22 11:02:31,986.5,368172
2021-06-22 11:02:32,987.65,369998
2021-06-22 11:02:34,987.5,369999
2021-06-22 11:02:34,987.5,369999
2021-06-22 11:02:35,987.5,369999
2021-06-22 11:02:36,987.5,370017
2021-06-22 11:02:37,987.2,370082
2021-06-22 11:02:38,987.5,371777
2021-06-22 11:02:39,987.6,371857
2021-06-22 11:02:40,987.65,371998
2021-06-22 11:02:42,987.65,371998
2021-06-22 11:02:43,987.0,372038
2021-06-22 11:02:46,987.0,372038
2021-06-22 11:02:47,987.55,372042
2021-06-22 11:02:48,987.55,372042
2021-06-22 11:02:49,986.9,372043
2021-06-22 11:02:50,986.9,372044
2021-06-22 11:02:50,986.9,372045
2021-06-22 11:02:51,986.9,372082
2021-06-22 11:02:52,986.9,372082
2021-06-22 11:02:53,986.9,372082
2021-06-22 11:02:54,986.9,372082
2021-06-22 11:02:55,986.9,372082
2021-06-22 11:02:57,986.9,372083
2021-06-22 11:02:57,986.9,372083
2021-06-22 11:02:58,987.4,372271
2021-06-22 11:02:59,987.55,372298
2021-06-22 11:03:00,987.55,372298
2021-06-22 11:03:01,987.55,372311
2021-06-22 11:03:02,987.55,372311
2021-06-22 11:03:03,987.55,372317
2021-06-22 11:03:04,987.55,372317
2021-06-22 11:03:05,987.65,372631
2021-06-22 11:03:06,987.65,372631
2021-06-22 11:03:07,987.65,372631
2021-06-22 11:03:08,987.65,372631
2021-06-22 11:03:09,987.65,372631
2021-06-22 11:03:10,987.65,372631
2021-06-22 11:03:11,987.65,372631
2021-06-22 11:03:12,987.5,372632
2021-06-22 11:03:13,987.25,372662
2021-06-22 11:03:14,987.25,372662
2021-06-22 11:03:15,987.25,372662
2021-06-22 11:03:17,987.25,372662
2021-06-22 11:03:18,987.6,372700
2021-06-22 11:03:19,987.6,372700
2021-06-22 11:03:20,987.6,372723
2021-06-22 11:03:21,987.6,372723
2021-06-22 11:03:22,987.5,372733
2021-06-22 11:03:24,987.5,372733
2021-06-22 11:03:26,987.5,372733
2021-06-22 11:03:26,987.5,372733
2021-06-22 11:03:27,987.5,372733
2021-06-22 11:03:28,987.6,372869
2021-06-22 11:03:29,987.25,375142
2021-06-22 11:03:32,987.3,375266
2021-06-22 11:03:33,987.25,375352
2021-06-22 11:03:34,987.25,375359
2021-06-22 11:03:35,986.9,375360
2021-06-22 11:03:36,986.9,375362
2021-06-22 11:03:36,986.9,375362
2021-06-22 11:03:37,986.9,375363
2021-06-22 11:03:38,986.9,375365
2021-06-22 11:03:39,986.9,375366
2021-06-22 11:03:40,986.8,375566
2021-06-22 11:03:41,986.8,375566
2021-06-22 11:03:43,986.85,375567
2021-06-22 11:03:44,986.85,375570
2021-06-22 11:03:45,987.2,376311
2021-06-22 11:03:47,986.7,376313
2021-06-22 11:03:48,986.7,376336
2021-06-22 11:03:48,986.7,376379
2021-06-22 11:03:49,986.7,376391
2021-06-22 11:03:51,987.0,376395
2021-06-22 11:03:52,987.0,376397
2021-06-22 11:03:53,987.0,376398
2021-06-22 11:03:54,987.0,376408
2021-06-22 11:03:56,987.0,376408
2021-06-22 11:03:57,987.0,376408
2021-06-22 11:03:57,987.0,376408
2021-06-22 11:03:59,987.0,376408
2021-06-22 11:04:00,987.0,376444
2021-06-22 11:04:01,986.7,376487
2021-06-22 11:04:02,986.7,376489
2021-06-22 11:04:03,986.7,376490
2021-06-22 11:04:04,986.7,376491
2021-06-22 11:04:05,986.7,376493
2021-06-22 11:04:06,986.7,376494
2021-06-22 11:04:06,986.7,376496
2021-06-22 11:04:08,987.0,376559
2021-06-22 11:04:09,986.7,376561
2021-06-22 11:04:10,986.7,376663
2021-06-22 11:04:11,986.7,376665
2021-06-22 11:04:12,986.7,376669
2021-06-22 11:04:13,986.7,376671
2021-06-22 11:04:14,986.7,376672
2021-06-22 11:04:15,986.7,376674
2021-06-22 11:04:17,986.7,376675
2021-06-22 11:04:17,986.7,376675
2021-06-22 11:04:18,986.9,376679
2021-06-22 11:04:20,986.9,376682
2021-06-22 11:04:21,986.7,376733
2021-06-22 11:04:24,986.75,377250
2021-06-22 11:04:25,986.8,377252
2021-06-22 11:04:26,987.25,377271
2021-06-22 11:04:27,987.25,377271
2021-06-22 11:04:29,987.45,377345
2021-06-22 11:04:30,986.9,377360
2021-06-22 11:04:31,986.9,377360
2021-06-22 11:04:32,986.9,377594
2021-06-22 11:04:33,986.9,377594
2021-06-22 11:04:34,986.9,377594
2021-06-22 11:04:35,987.45,377601
2021-06-22 11:04:38,987.45,377605
2021-06-22 11:04:39,987.45,377605
2021-06-22 11:04:39,987.45,377605
2021-06-22 11:04:40,987.3,377727
2021-06-22 11:04:41,986.55,377977
2021-06-22 11:04:43,986.55,377977
2021-06-22 11:04:44,987.0,377987
2021-06-22 11:04:45,987.0,377987
2021-06-22 11:04:47,987.0,377987
2021-06-22 11:04:48,987.0,377987
2021-06-22 11:04:48,987.0,377987
2021-06-22 11:04:51,987.3,378069
2021-06-22 11:04:53,987.3,378069
2021-06-22 11:04:54,987.3,378069
2021-06-22 11:04:54,987.3,378069
2021-06-22 11:04:56,987.3,378069
2021-06-22 11:04:57,987.3,378069
2021-06-22 11:04:58,987.3,378069
2021-06-22 11:04:59,987.3,378069
2021-06-22 11:05:00,987.3,378069
2021-06-22 11:05:01,987.3,378069
2021-06-22 11:05:03,987.3,378109
2021-06-22 11:05:04,987.3,378111
2021-06-22 11:05:04,987.3,378109
2021-06-22 11:05:06,987.3,378152
2021-06-22 11:05:07,987.3,378152
2021-06-22 11:05:08,987.3,378152
2021-06-22 11:05:08,987.3,378160
2021-06-22 11:05:09,987.3,378160
2021-06-22 11:05:10,987.25,378194
2021-06-22 11:05:11,987.3,378215
2021-06-22 11:05:13,987.3,378215
2021-06-22 11:05:13,987.3,378215
2021-06-22 11:05:14,987.3,378215
2021-06-22 11:05:16,987.3,378215
2021-06-22 11:05:17,987.3,378215
2021-06-22 11:05:18,987.3,378215
2021-06-22 11:05:19,987.3,378215
2021-06-22 11:05:20,987.3,378215
2021-06-22 11:05:20,987.3,378215
2021-06-22 11:05:22,987.3,378215
2021-06-22 11:05:22,987.3,378215
2021-06-22 11:05:23,987.3,378215
2021-06-22 11:05:25,987.3,378215
2021-06-22 11:05:26,987.3,378215
2021-06-22 11:05:27,987.3,378215
2021-06-22 11:05:28,987.3,378215
2021-06-22 11:05:29,987.0,378225
2021-06-22 11:05:30,987.0,378225
2021-06-22 11:05:31,987.0,378225
2021-06-22 11:05:32,987.0,378225
2021-06-22 11:05:33,987.0,378225
2021-06-22 11:05:35,987.0,378225
2021-06-22 11:05:37,989.0,386441
2021-06-22 11:05:38,989.0,386441
2021-06-22 11:05:39,989.0,386441
2021-06-22 11:05:40,988.65,386454
2021-06-22 11:05:40,988.65,386454
2021-06-22 11:05:41,988.65,386454
2021-06-22 11:05:42,988.2,386576
2021-06-22 11:05:43,988.2,386576
2021-06-22 11:05:45,988.25,386669
2021-06-22 11:05:45,988.25,386669
2021-06-22 11:05:47,988.25,386669
2021-06-22 11:05:48,988.1,386741
2021-06-22 11:05:50,988.1,386741
2021-06-22 11:05:51,988.1,386741
2021-06-22 11:05:52,988.1,386741
2021-06-22 11:05:53,988.1,386744
2021-06-22 11:05:54,988.1,386744
2021-06-22 11:05:55,988.6,386758
2021-06-22 11:05:56,988.6,386758
2021-06-22 11:05:57,988.6,386929
2021-06-22 11:05:58,988.6,387011
2021-06-22 11:05:59,988.6,387051
2021-06-22 11:06:00,988.6,387075
2021-06-22 11:06:01,988.6,387075
2021-06-22 11:06:02,988.05,388046
2021-06-22 11:06:03,988.05,388046
2021-06-22 11:06:05,988.15,388096
2021-06-22 11:06:06,988.15,388096
2021-06-22 11:06:07,988.15,388146
2021-06-22 11:06:09,988.15,388152
2021-06-22 11:06:10,988.05,388203
2021-06-22 11:06:11,988.15,388276
2021-06-22 11:06:12,988.15,388290
2021-06-22 11:06:13,988.15,388336
2021-06-22 11:06:15,988.15,388336
2021-06-22 11:06:16,988.15,388336
2021-06-22 11:06:17,988.15,388336
2021-06-22 11:06:18,988.15,388336
2021-06-22 11:06:19,988.05,388357
2021-06-22 11:06:20,988.15,389069
2021-06-22 11:06:22,988.15,389069
2021-06-22 11:06:23,988.15,389069
2021-06-22 11:06:24,988.15,389070
2021-06-22 11:06:25,988.05,389175
2021-06-22 11:06:26,988.05,389175
2021-06-22 11:06:27,988.15,389185
2021-06-22 11:06:28,988.15,389899
2021-06-22 11:06:29,988.15,389899
2021-06-22 11:06:30,988.15,389899
2021-06-22 11:06:31,988.15,389959
2021-06-22 11:06:32,988.15,389959
2021-06-22 11:06:33,988.15,389959
2021-06-22 11:06:34,988.6,389970
2021-06-22 11:06:35,988.6,389970
2021-06-22 11:06:36,988.6,389970
2021-06-22 11:06:37,988.6,389970
2021-06-22 11:06:38,988.6,389970
2021-06-22 11:06:39,988.6,389970
2021-06-22 11:06:40,988.15,389986
2021-06-22 11:06:41,988.6,390006
2021-06-22 11:06:42,989.0,390013
2021-06-22 11:06:43,988.95,390033
2021-06-22 11:06:44,988.95,390033
2021-06-22 11:06:45,988.95,390033
2021-06-22 11:06:46,988.95,390033
2021-06-22 11:06:47,988.8,390035
2021-06-22 11:06:48,988.8,390035
2021-06-22 11:06:49,988.8,390036
2021-06-22 11:06:50,988.8,390036
2021-06-22 11:06:51,988.8,390036
2021-06-22 11:06:53,988.8,390037
2021-06-22 11:06:54,988.8,390037
2021-06-22 11:06:55,988.8,390037
2021-06-22 11:06:56,988.8,390037
2021-06-22 11:06:57,988.8,390047
2021-06-22 11:06:58,988.3,390097
2021-06-22 11:06:59,988.3,390097
2021-06-22 11:07:01,988.35,390199
2021-06-22 11:07:00,988.35,390197
2021-06-22 11:07:02,988.2,390238
2021-06-22 11:07:03,988.35,390338
2021-06-22 11:07:04,988.35,390338
2021-06-22 11:07:05,988.35,390388
2021-06-22 11:07:06,988.2,391704
2021-06-22 11:07:07,988.2,391704
2021-06-22 11:07:08,988.2,391704
2021-06-22 11:07:10,988.2,391750
2021-06-22 11:07:11,988.2,391752
2021-06-22 11:07:12,988.1,391902
2021-06-22 11:07:13,988.2,391903
2021-06-22 11:07:15,989.5,394890
2021-06-22 11:07:16,989.3,394921
2021-06-22 11:07:17,989.3,394921
2021-06-22 11:07:18,989.25,395069
2021-06-22 11:07:19,989.25,395090
2021-06-22 11:07:20,988.85,395286
2021-06-22 11:07:21,988.85,395286
2021-06-22 11:07:22,989.35,395296
2021-06-22 11:07:23,988.75,395306
2021-06-22 11:07:25,988.75,395306
2021-06-22 11:07:26,988.7,395407
2021-06-22 11:07:27,988.8,395410
2021-06-22 11:07:28,989.35,395457
2021-06-22 11:07:29,989.35,395457
2021-06-22 11:07:30,989.35,395457
2021-06-22 11:07:31,989.35,395457
2021-06-22 11:07:32,988.7,396307
2021-06-22 11:07:33,988.7,396307
2021-06-22 11:07:34,989.85,401570
2021-06-22 11:07:35,989.85,401570
2021-06-22 11:07:36,990.0,402320
2021-06-22 11:07:37,989.75,402330
2021-06-22 11:07:38,989.3,402452
2021-06-22 11:07:39,989.3,402452
2021-06-22 11:07:40,991.0,405726
2021-06-22 11:07:41,991.75,406745
2021-06-22 11:07:42,991.75,406745
2021-06-22 11:07:43,991.0,406817
2021-06-22 11:07:44,992.2,408167
2021-06-22 11:07:45,991.9,408944
2021-06-22 11:07:46,992.3,409208
2021-06-22 11:07:47,992.45,413997
2021-06-22 11:07:48,991.25,415817
2021-06-22 11:07:49,991.4,415842
2021-06-22 11:07:50,991.0,416255
2021-06-22 11:07:51,991.0,416255
2021-06-22 11:07:52,990.95,416516
2021-06-22 11:07:53,990.95,416516
2021-06-22 11:07:54,990.95,416516
2021-06-22 11:07:55,991.0,416639
2021-06-22 11:07:56,990.95,418221
2021-06-22 11:07:57,990.8,418292
2021-06-22 11:07:58,990.8,418292
2021-06-22 11:07:59,990.75,418431
2021-06-22 11:08:01,991.0,418722
2021-06-22 11:08:02,991.0,419189
2021-06-22 11:08:03,991.0,419191
2021-06-22 11:08:04,991.0,419451
2021-06-22 11:08:05,990.9,421840
2021-06-22 11:08:06,991.0,421915
2021-06-22 11:08:07,991.0,421915
2021-06-22 11:08:08,990.9,421935
2021-06-22 11:08:10,990.9,422652
2021-06-22 11:08:12,990.9,422653
2021-06-22 11:08:12,990.45,424332
2021-06-22 11:08:13,991.0,424642
2021-06-22 11:08:14,991.0,424642
2021-06-22 11:08:15,991.0,424992
2021-06-22 11:08:16,990.45,425088
2021-06-22 11:08:17,990.45,425938
2021-06-22 11:08:18,991.85,431446
2021-06-22 11:08:20,991.7,432417
2021-06-22 11:08:19,991.4,432316
2021-06-22 11:08:21,993.25,436452
2021-06-22 11:08:22,993.05,437162
2021-06-22 11:08:23,993.0,437263
2021-06-22 11:08:24,992.55,437283
2021-06-22 11:08:25,992.35,437555
2021-06-22 11:08:26,992.3,437585
2021-06-22 11:08:27,993.0,440080
2021-06-22 11:08:29,993.5,440095
2021-06-22 11:08:29,993.1,440167
2021-06-22 11:08:30,993.4,440850
2021-06-22 11:08:31,993.4,440850
2021-06-22 11:08:32,994.6,447561
2021-06-22 11:08:33,994.6,448343
2021-06-22 11:08:34,994.35,448601
2021-06-22 11:08:35,994.65,451721
2021-06-22 11:08:36,994.65,451721
2021-06-22 11:08:37,994.4,451736
2021-06-22 11:08:38,993.9,451786
2021-06-22 11:08:39,994.35,451916
2021-06-22 11:08:40,993.85,452606
2021-06-22 11:08:41,994.05,453331
2021-06-22 11:08:42,994.15,453441
2021-06-22 11:08:43,994.15,453441
2021-06-22 11:08:44,994.05,455967
2021-06-22 11:08:45,993.5,456544
2021-06-22 11:08:46,993.5,456544
2021-06-22 11:08:47,993.5,456544
2021-06-22 11:08:48,993.35,456643
2021-06-22 11:08:49,993.85,456745
2021-06-22 11:08:51,993.85,456745
2021-06-22 11:08:50,993.85,456745
2021-06-22 11:08:52,993.7,457674
2021-06-22 11:08:54,993.15,458967
2021-06-22 11:08:54,993.9,459235
2021-06-22 11:08:55,993.9,459235
2021-06-22 11:08:56,993.9,459235
2021-06-22 11:08:57,993.7,459285
2021-06-22 11:08:58,993.6,459535
2021-06-22 11:08:59,993.6,459617
2021-06-22 11:09:00,993.4,459702
2021-06-22 11:09:01,993.85,460693
2021-06-22 11:09:02,993.1,460864
2021-06-22 11:09:04,993.5,460947
2021-06-22 11:09:05,993.5,460947
2021-06-22 11:09:06,993.85,461457
2021-06-22 11:09:07,993.7,461462
2021-06-22 11:09:08,993.65,461537
2021-06-22 11:09:09,993.5,461637
2021-06-22 11:09:10,993.85,461662
2021-06-22 11:09:11,993.85,461662
2021-06-22 11:09:12,993.6,461762
2021-06-22 11:09:13,993.6,461762
2021-06-22 11:09:14,994.0,462300
2021-06-22 11:09:15,993.8,463112
2021-06-22 11:09:16,994.05,463115
2021-06-22 11:09:17,994.05,463115
2021-06-22 11:09:18,994.05,463176
2021-06-22 11:09:19,994.05,463183
2021-06-22 11:09:20,994.05,463183
2021-06-22 11:09:21,994.0,463233
2021-06-22 11:09:22,993.6,463258
2021-06-22 11:09:24,994.0,465113
2021-06-22 11:09:25,994.45,465463
2021-06-22 11:09:26,994.45,465463
2021-06-22 11:09:27,993.6,465613
2021-06-22 11:09:28,994.6,465633
2021-06-22 11:09:29,994.6,465764
2021-06-22 11:09:30,994.6,465764
2021-06-22 11:09:31,994.25,465835
2021-06-22 11:09:32,994.25,465895
2021-06-22 11:09:33,994.05,466401
2021-06-22 11:09:34,994.1,468634
2021-06-22 11:09:36,994.1,469068
2021-06-22 11:09:37,994.1,469168
2021-06-22 11:09:38,993.2,470543
2021-06-22 11:09:39,993.9,470548
2021-06-22 11:09:40,993.85,470638
2021-06-22 11:09:41,993.3,470695
2021-06-22 11:09:42,993.85,470714
2021-06-22 11:09:43,993.85,470729
2021-06-22 11:09:44,993.85,470729
2021-06-22 11:09:45,993.85,470729
2021-06-22 11:09:46,993.85,470729
2021-06-22 11:09:47,993.35,470789
2021-06-22 11:09:49,993.3,470839
2021-06-22 11:09:50,993.3,470992
2021-06-22 11:09:51,993.1,471515
2021-06-22 11:09:52,993.1,471515
2021-06-22 11:09:53,993.15,471564
2021-06-22 11:09:54,993.65,471569
2021-06-22 11:09:55,993.65,471569
2021-06-22 11:09:57,993.7,472084
2021-06-22 11:09:56,993.7,472084
2021-06-22 11:09:58,992.75,472234
2021-06-22 11:09:59,992.75,472234
2021-06-22 11:10:01,992.55,472348
2021-06-22 11:10:03,992.55,472463
2021-06-22 11:10:04,992.4,472663
2021-06-22 11:10:05,992.45,473022
2021-06-22 11:10:06,992.45,473022
2021-06-22 11:10:07,992.35,473049
2021-06-22 11:10:08,992.35,473049
2021-06-22 11:10:09,992.4,473067
2021-06-22 11:10:11,992.5,473069
2021-06-22 11:10:12,992.5,473199
2021-06-22 11:10:13,992.45,473281
2021-06-22 11:10:14,992.15,473890
2021-06-22 11:10:15,992.15,473890
2021-06-22 11:10:16,992.15,473890
2021-06-22 11:10:18,992.15,474042
2021-06-22 11:10:20,992.15,474287
2021-06-22 11:10:20,992.15,474287
2021-06-22 11:10:21,992.8,474337
2021-06-22 11:10:22,992.15,474353
2021-06-22 11:10:23,992.15,474353
2021-06-22 11:10:24,992.15,474354
2021-06-22 11:10:25,992.75,474355
2021-06-22 11:10:26,992.75,474425
2021-06-22 11:10:27,992.75,474525
2021-06-22 11:10:28,993.0,474810
2021-06-22 11:10:30,992.6,474925
2021-06-22 11:10:31,991.7,475295
2021-06-22 11:10:32,991.75,475395
2021-06-22 11:10:33,992.6,475396
2021-06-22 11:10:34,992.45,475397
2021-06-22 11:10:35,992.2,475417
2021-06-22 11:10:35,992.45,475437
2021-06-22 11:10:36,991.95,475487
2021-06-22 11:10:37,991.95,475487
2021-06-22 11:10:38,992.4,475504
2021-06-22 11:10:39,992.15,475645
2021-06-22 11:10:40,992.15,475645
2021-06-22 11:10:41,992.15,475645
2021-06-22 11:10:42,992.15,475645
2021-06-22 11:10:44,992.15,475645
2021-06-22 11:10:45,992.15,475645
2021-06-22 11:10:45,992.15,475645
2021-06-22 11:10:47,992.15,475645
2021-06-22 11:10:48,992.15,475645
2021-06-22 11:10:48,992.3,475683
2021-06-22 11:10:49,992.3,475783
2021-06-22 11:10:50,992.3,475783
2021-06-22 11:10:51,992.3,475783
2021-06-22 11:10:52,992.45,475796
2021-06-22 11:10:53,992.45,475796
2021-06-22 11:10:55,992.45,475970
2021-06-22 11:10:56,992.3,476068
2021-06-22 11:10:56,992.3,476068
2021-06-22 11:10:58,992.3,476068
2021-06-22 11:10:59,992.45,476069
2021-06-22 11:11:00,992.45,476119
2021-06-22 11:11:01,992.45,476119
2021-06-22 11:11:02,992.45,476119
2021-06-22 11:11:03,992.45,476165
2021-06-22 11:11:04,992.6,476216
2021-06-22 11:11:05,992.6,476284
2021-06-22 11:11:06,992.5,476334
2021-06-22 11:11:07,992.5,476352
2021-06-22 11:11:08,992.85,476447
2021-06-22 11:11:09,992.85,476447
2021-06-22 11:11:10,992.5,476502
2021-06-22 11:11:11,992.5,476740
2021-06-22 11:11:12,992.95,476780
2021-06-22 11:11:13,992.95,476780
2021-06-22 11:11:14,993.0,476840
2021-06-22 11:11:15,992.9,476940
2021-06-22 11:11:16,992.9,476950
2021-06-22 11:11:18,992.5,477450
2021-06-22 11:11:19,992.5,477450
2021-06-22 11:11:20,992.5,477450
2021-06-22 11:11:21,992.5,477480
2021-06-22 11:11:21,992.5,477600
2021-06-22 11:11:22,992.5,477600
2021-06-22 11:11:23,992.3,477689
2021-06-22 11:11:25,992.3,477689
2021-06-22 11:11:26,992.3,477689
2021-06-22 11:11:27,992.3,477689
2021-06-22 11:11:28,992.3,477689
2021-06-22 11:11:28,992.3,477689
2021-06-22 11:11:30,992.5,477828
2021-06-22 11:11:31,992.25,477878
2021-06-22 11:11:32,992.25,477878
2021-06-22 11:11:33,992.25,477878
2021-06-22 11:11:35,992.25,477878
2021-06-22 11:11:36,992.75,477879
2021-06-22 11:11:39,992.75,477929
2021-06-22 11:11:39,992.75,477929
2021-06-22 11:11:42,992.25,478139
2021-06-22 11:11:42,992.25,478139
2021-06-22 11:11:43,992.7,478164
2021-06-22 11:11:44,992.25,478179
2021-06-22 11:11:46,992.25,478179
2021-06-22 11:11:46,992.25,478229
2021-06-22 11:11:47,992.25,478229
2021-06-22 11:11:48,992.6,478356
2021-06-22 11:11:49,992.25,478456
2021-06-22 11:11:50,992.7,478681
2021-06-22 11:11:51,992.7,478681
2021-06-22 11:11:52,992.25,478706
2021-06-22 11:11:53,992.25,478706
2021-06-22 11:11:54,992.25,478706
2021-06-22 11:11:55,992.25,478706
2021-06-22 11:11:56,992.25,478706
2021-06-22 11:11:57,992.25,478732
2021-06-22 11:11:58,992.25,478732
2021-06-22 11:11:59,992.25,478732
2021-06-22 11:12:00,992.25,478732
2021-06-22 11:12:01,992.25,478784
2021-06-22 11:12:03,992.5,478934
2021-06-22 11:12:04,992.25,479134
2021-06-22 11:12:05,992.25,479134
2021-06-22 11:12:07,992.25,479134
2021-06-22 11:12:08,992.25,479134
2021-06-22 11:12:09,992.25,479134
2021-06-22 11:12:09,992.25,479134
2021-06-22 11:12:11,992.25,479234
2021-06-22 11:12:12,992.25,479234
2021-06-22 11:12:14,992.7,479612
2021-06-22 11:12:14,992.7,479612
2021-06-22 11:12:15,992.7,479612
2021-06-22 11:12:16,992.7,479612
2021-06-22 11:12:17,992.7,479612
2021-06-22 11:12:18,992.45,479705
2021-06-22 11:12:19,992.45,479705
2021-06-22 11:12:20,992.9,479712
2021-06-22 11:12:21,992.9,479712
2021-06-22 11:12:22,992.95,479719
2021-06-22 11:12:23,992.95,479721
2021-06-22 11:12:25,993.0,481112
2021-06-22 11:12:26,993.0,481112
2021-06-22 11:12:27,993.0,481112
2021-06-22 11:12:28,993.0,481112
2021-06-22 11:12:29,993.0,481112
2021-06-22 11:12:30,993.0,481117
2021-06-22 11:12:30,993.6,481144
2021-06-22 11:12:31,993.65,481164
2021-06-22 11:12:32,993.65,481164
2021-06-22 11:12:33,993.65,481264
2021-06-22 11:12:34,993.2,481314
2021-06-22 11:12:36,993.9,481514
2021-06-22 11:12:37,993.75,481891
2021-06-22 11:12:38,993.75,481911
2021-06-22 11:12:39,993.2,481958
2021-06-22 11:12:41,993.2,481958
2021-06-22 11:12:43,993.7,482161
2021-06-22 11:12:45,993.6,482167
2021-06-22 11:12:46,993.6,482167
2021-06-22 11:12:47,993.55,482202
2021-06-22 11:12:48,993.55,482202
2021-06-22 11:12:49,993.85,482209
2021-06-22 11:12:49,993.85,482209
2021-06-22 11:12:51,993.85,482216
2021-06-22 11:12:53,993.9,482675
2021-06-22 11:12:54,993.9,482675
2021-06-22 11:12:55,993.95,482702
2021-06-22 11:12:56,993.95,482716
2021-06-22 11:12:57,993.65,482815
2021-06-22 11:12:58,993.85,482846
2021-06-22 11:12:59,993.85,482875
2021-06-22 11:13:00,993.85,482875
2021-06-22 11:13:01,994.35,483000
2021-06-22 11:13:02,994.4,483101
2021-06-22 11:13:03,994.4,483101
2021-06-22 11:13:04,994.0,483106
2021-06-22 11:13:06,994.35,483186
2021-06-22 11:13:07,994.35,483186
2021-06-22 11:13:09,994.35,483366
2021-06-22 11:13:10,994.35,483416
2021-06-22 11:13:11,994.0,483481
2021-06-22 11:13:12,993.95,483581
2021-06-22 11:13:13,993.6,483582
2021-06-22 11:13:14,993.6,483618
2021-06-22 11:13:15,994.05,483643
2021-06-22 11:13:16,994.05,483643
2021-06-22 11:13:17,994.4,483958
2021-06-22 11:13:18,994.3,483961
2021-06-22 11:13:19,994.35,483966
2021-06-22 11:13:20,993.6,484106
2021-06-22 11:13:20,994.05,484066
2021-06-22 11:13:22,993.55,484156
2021-06-22 11:13:23,993.95,484161
2021-06-22 11:13:23,993.55,484156
2021-06-22 11:13:24,993.95,484161
2021-06-22 11:13:25,993.95,484161
2021-06-22 11:13:27,993.95,484162
2021-06-22 11:13:28,993.95,484162
2021-06-22 11:13:29,993.9,484494
2021-06-22 11:13:30,993.9,484494
2021-06-22 11:13:31,993.9,484494
2021-06-22 11:13:32,993.9,484494
2021-06-22 11:13:33,993.9,484494
2021-06-22 11:13:33,993.9,484494
2021-06-22 11:13:34,994.3,484516
2021-06-22 11:13:35,994.3,484516
2021-06-22 11:13:37,994.3,484516
2021-06-22 11:13:37,994.3,484516
2021-06-22 11:13:39,993.85,484716
2021-06-22 11:13:40,994.6,486763
2021-06-22 11:13:41,994.6,486763
2021-06-22 11:13:42,994.6,486763
2021-06-22 11:13:43,994.6,486763
2021-06-22 11:13:44,993.95,486829
2021-06-22 11:13:44,993.95,486829
2021-06-22 11:13:46,994.6,487039
2021-06-22 11:13:46,994.6,487039
2021-06-22 11:13:48,994.6,487049
2021-06-22 11:13:49,994.6,487049
2021-06-22 11:13:50,994.6,487074
2021-06-22 11:13:51,994.05,487288
2021-06-22 11:13:52,994.55,487438
2021-06-22 11:13:53,994.6,487938
2021-06-22 11:13:54,994.6,487938
2021-06-22 11:13:54,994.6,487938
2021-06-22 11:13:56,994.6,487985
2021-06-22 11:13:57,994.45,488992
2021-06-22 11:13:58,994.3,489012
2021-06-22 11:13:59,994.3,489112
2021-06-22 11:14:00,994.3,489112
2021-06-22 11:14:00,994.3,489112
2021-06-22 11:14:02,994.3,489112
2021-06-22 11:14:02,994.3,489112
2021-06-22 11:14:03,994.9,489841
2021-06-22 11:14:05,994.5,489851
2021-06-22 11:14:06,994.5,489851
2021-06-22 11:14:07,994.6,489906
2021-06-22 11:14:08,994.6,489906
2021-06-22 11:14:09,994.6,489906
2021-06-22 11:14:09,994.6,489906
2021-06-22 11:14:10,994.6,489951
2021-06-22 11:14:11,994.6,489961
2021-06-22 11:14:12,994.6,489961
2021-06-22 11:14:14,994.6,489962
2021-06-22 11:14:15,994.6,489962
2021-06-22 11:14:15,994.6,489962
2021-06-22 11:14:16,994.6,489972
2021-06-22 11:14:17,994.5,489977
2021-06-22 11:14:18,994.6,490117
2021-06-22 11:14:19,994.85,490585
2021-06-22 11:14:20,994.3,490635
2021-06-22 11:14:22,994.75,490655
2021-06-22 11:14:23,994.85,490758
2021-06-22 11:14:24,994.85,490758
2021-06-22 11:14:25,994.5,490858
2021-06-22 11:14:26,994.5,490858
2021-06-22 11:14:26,994.5,490858
2021-06-22 11:14:28,994.5,490859
2021-06-22 11:14:29,993.95,491198
2021-06-22 11:14:30,993.95,491198
2021-06-22 11:14:31,993.95,491198
2021-06-22 11:14:32,993.95,491198
2021-06-22 11:14:33,994.5,491223
2021-06-22 11:14:34,993.95,491233
2021-06-22 11:14:35,993.95,491233
2021-06-22 11:14:36,994.6,491483
2021-06-22 11:14:37,994.6,491483
2021-06-22 11:14:38,994.6,491483
2021-06-22 11:14:39,994.6,491483
2021-06-22 11:14:40,994.6,491483
2021-06-22 11:14:40,994.45,491560
2021-06-22 11:14:42,994.45,491560
2021-06-22 11:14:43,994.45,491560
2021-06-22 11:14:44,994.5,491584
2021-06-22 11:14:45,994.0,491594
2021-06-22 11:14:46,994.0,491619
2021-06-22 11:14:47,994.35,491674
2021-06-22 11:14:48,994.35,491674
2021-06-22 11:14:49,994.35,491674
2021-06-22 11:14:50,994.35,491674
2021-06-22 11:14:51,994.35,491674
2021-06-22 11:14:52,994.05,491724
2021-06-22 11:14:53,994.5,491775
2021-06-22 11:14:54,995.3,495003
2021-06-22 11:14:55,994.1,495308
2021-06-22 11:14:56,995.15,495309
2021-06-22 11:14:57,995.15,495309
2021-06-22 11:14:57,994.3,495591
2021-06-22 11:14:58,994.85,495664
2021-06-22 11:15:00,994.7,496275
2021-06-22 11:15:01,994.7,496275
2021-06-22 11:15:02,995.05,496280
2021-06-22 11:15:03,994.6,496305
2021-06-22 11:15:04,994.45,496341
2021-06-22 11:15:05,995.6,497341
2021-06-22 11:15:06,995.0,497366
2021-06-22 11:15:07,995.0,497379
2021-06-22 11:15:08,995.2,497890
2021-06-22 11:15:09,995.2,497890
2021-06-22 11:15:09,995.25,497893
2021-06-22 11:15:11,995.25,497893
2021-06-22 11:15:11,995.0,497904
2021-06-22 11:15:12,995.0,497909
2021-06-22 11:15:14,994.4,499325
2021-06-22 11:15:15,994.85,499347
2021-06-22 11:15:16,994.85,499347
2021-06-22 11:15:17,994.6,499378
2021-06-22 11:15:19,994.75,499514
2021-06-22 11:15:20,994.8,499564
2021-06-22 11:15:20,994.8,499689
2021-06-22 11:15:22,994.35,499699
2021-06-22 11:15:23,994.35,499719
2021-06-22 11:15:24,994.3,499842
2021-06-22 11:15:25,994.75,500600
2021-06-22 11:15:26,994.75,500600
2021-06-22 11:15:27,994.7,500700
2021-06-22 11:15:28,994.65,500740
2021-06-22 11:15:29,994.65,500740
2021-06-22 11:15:30,994.65,500745
2021-06-22 11:15:30,994.65,500745
2021-06-22 11:15:32,994.3,500787
2021-06-22 11:15:34,994.3,500817
2021-06-22 11:15:36,994.3,501105
2021-06-22 11:15:37,994.65,501713
2021-06-22 11:15:40,994.65,502129
2021-06-22 11:15:41,994.65,502129
2021-06-22 11:15:42,994.6,502137
2021-06-22 11:15:43,994.05,502140
2021-06-22 11:15:44,994.0,502155
2021-06-22 11:15:45,994.1,502160
2021-06-22 11:15:46,994.1,502160
2021-06-22 11:15:46,994.1,503370
2021-06-22 11:15:48,994.5,503733
2021-06-22 11:15:49,994.05,503884
2021-06-22 11:15:50,994.05,503884
2021-06-22 11:15:51,994.65,504313
2021-06-22 11:15:53,994.0,504423
2021-06-22 11:15:53,994.55,504433
2021-06-22 11:15:54,994.5,504453
2021-06-22 11:15:55,994.5,504453
2021-06-22 11:15:57,994.5,504453
2021-06-22 11:15:58,994.5,504457
2021-06-22 11:15:59,994.0,504462
2021-06-22 11:15:59,994.0,504462
2021-06-22 11:16:01,994.05,504567
2021-06-22 11:16:02,994.1,506750
2021-06-22 11:16:05,994.0,506871
2021-06-22 11:16:06,993.6,507021
2021-06-22 11:16:07,993.4,507451
2021-06-22 11:16:08,993.4,507451
2021-06-22 11:16:09,993.4,507451
2021-06-22 11:16:10,993.8,507755
2021-06-22 11:16:11,994.0,507765
2021-06-22 11:16:12,993.55,507801
2021-06-22 11:16:13,993.45,508037
2021-06-22 11:16:14,993.45,508048
2021-06-22 11:16:15,994.0,508100
2021-06-22 11:16:15,994.0,508100
2021-06-22 11:16:16,993.45,508203
2021-06-22 11:16:17,993.45,508203
2021-06-22 11:16:18,993.45,508203
2021-06-22 11:16:19,993.65,508218
2021-06-22 11:16:20,993.45,508293
2021-06-22 11:16:21,993.4,508298
2021-06-22 11:16:22,993.4,508328
2021-06-22 11:16:23,993.4,508328
2021-06-22 11:16:24,993.4,508328
2021-06-22 11:16:25,994.2,508601
2021-06-22 11:16:27,995.0,510625
2021-06-22 11:16:28,995.0,510625
2021-06-22 11:16:29,994.75,510697
2021-06-22 11:16:30,994.75,510697
2021-06-22 11:16:31,994.75,510697
2021-06-22 11:16:32,994.55,510997
2021-06-22 11:16:33,994.55,510997
2021-06-22 11:16:34,994.65,511047
2021-06-22 11:16:35,994.65,511047
2021-06-22 11:16:36,994.7,511137
2021-06-22 11:16:38,994.85,511552
2021-06-22 11:16:37,994.85,511552
2021-06-22 11:16:39,994.7,511601
2021-06-22 11:16:40,994.7,511601
2021-06-22 11:16:41,994.7,511816
2021-06-22 11:16:42,994.7,511910
2021-06-22 11:16:43,994.7,511924
2021-06-22 11:16:44,994.7,511924
2021-06-22 11:16:45,994.7,511924
2021-06-22 11:16:46,994.7,511925
2021-06-22 11:16:47,994.7,511925
2021-06-22 11:16:48,994.7,511925
2021-06-22 11:16:49,995.0,511955
2021-06-22 11:16:50,995.0,511955
2021-06-22 11:16:51,995.0,511955
2021-06-22 11:16:52,995.0,511956
2021-06-22 11:16:53,995.0,512057
2021-06-22 11:16:54,995.0,512074
2021-06-22 11:16:55,995.0,512075
2021-06-22 11:16:56,995.0,512076
2021-06-22 11:16:57,995.0,512076
2021-06-22 11:16:58,995.35,512663
2021-06-22 11:16:59,995.35,512670
2021-06-22 11:17:00,995.35,512672
2021-06-22 11:17:01,995.0,512717
2021-06-22 11:17:02,995.0,512718
2021-06-22 11:17:03,995.0,512718
2021-06-22 11:17:04,995.0,512728
2021-06-22 11:17:05,995.0,512729
2021-06-22 11:17:06,995.0,512729
2021-06-22 11:17:07,995.0,512732
2021-06-22 11:17:08,995.5,512982
2021-06-22 11:17:09,995.45,513013
2021-06-22 11:17:10,995.45,513015
2021-06-22 11:17:11,995.3,513508
2021-06-22 11:17:12,994.7,514108
2021-06-22 11:17:13,994.6,514147
2021-06-22 11:17:14,995.1,514148
2021-06-22 11:17:15,995.15,514152
2021-06-22 11:17:16,995.4,514160
2021-06-22 11:17:17,995.4,514174
2021-06-22 11:17:19,995.45,514230
2021-06-22 11:17:21,995.45,514261
2021-06-22 11:17:22,995.45,514274
2021-06-22 11:17:23,995.5,514453
2021-06-22 11:17:24,994.85,514553
2021-06-22 11:17:25,995.4,514608
2021-06-22 11:17:26,995.4,514608
2021-06-22 11:17:27,995.4,514803
2021-06-22 11:17:28,995.45,514837
2021-06-22 11:17:29,995.0,515016
2021-06-22 11:17:30,995.4,515043
2021-06-22 11:17:31,995.4,515043
2021-06-22 11:17:32,995.4,515043
2021-06-22 11:17:33,995.45,515073
2021-06-22 11:17:34,995.45,515073
2021-06-22 11:17:35,995.45,515073
2021-06-22 11:17:36,995.45,515073
2021-06-22 11:17:37,995.45,515848
2021-06-22 11:17:38,995.4,515849
2021-06-22 11:17:39,995.05,515899
2021-06-22 11:17:41,995.0,515919
2021-06-22 11:17:40,995.05,515899
2021-06-22 11:17:42,995.45,515933
2021-06-22 11:17:43,995.45,515934
2021-06-22 11:17:44,995.45,515955
2021-06-22 11:17:45,995.0,516157
2021-06-22 11:17:46,995.35,516173
2021-06-22 11:17:47,995.35,516173
2021-06-22 11:17:48,995.1,516175
2021-06-22 11:17:50,995.1,516183
2021-06-22 11:17:52,995.0,516232
2021-06-22 11:17:53,995.3,516324
2021-06-22 11:17:54,995.35,516348
2021-06-22 11:17:55,995.35,516362
2021-06-22 11:17:57,995.35,516404
2021-06-22 11:17:58,995.3,516405
2021-06-22 11:17:59,995.3,516406
2021-06-22 11:18:00,995.3,516406
2021-06-22 11:18:01,995.3,516427
2021-06-22 11:18:02,995.3,516429
2021-06-22 11:18:03,995.3,516470
2021-06-22 11:18:04,995.3,516571
2021-06-22 11:18:05,995.3,516578
2021-06-22 11:18:06,995.3,516578
2021-06-22 11:18:07,995.3,516578
2021-06-22 11:18:08,995.3,516578
2021-06-22 11:18:09,995.3,516719
2021-06-22 11:18:10,995.3,516772
2021-06-22 11:18:11,995.3,516779
2021-06-22 11:18:12,995.3,516779
2021-06-22 11:18:13,995.3,516822
2021-06-22 11:18:14,995.3,516823
2021-06-22 11:18:15,995.3,516823
2021-06-22 11:18:16,995.3,516824
2021-06-22 11:18:17,995.0,516827
2021-06-22 11:18:18,994.65,518002
2021-06-22 11:18:19,994.5,518022
2021-06-22 11:18:20,994.5,518022
2021-06-22 11:18:21,994.35,518741
2021-06-22 11:18:22,994.9,518798
2021-06-22 11:18:23,995.6,799647
2021-06-22 11:18:24,995.5,801771
2021-06-22 11:18:25,995.5,801771
2021-06-22 11:18:26,995.5,801771
2021-06-22 11:18:27,995.5,801771
2021-06-22 11:18:28,995.5,801771
2021-06-22 11:18:29,995.5,801771
2021-06-22 11:18:30,995.5,801771
2021-06-22 11:18:31,995.35,801799
2021-06-22 11:18:32,996.0,801999
2021-06-22 11:18:33,995.35,802017
2021-06-22 11:18:34,995.85,802041
2021-06-22 11:18:35,995.85,802041
2021-06-22 11:18:36,995.4,802195
2021-06-22 11:18:37,995.4,802195
2021-06-22 11:18:38,995.75,802198
2021-06-22 11:18:39,995.7,802199
2021-06-22 11:18:40,995.35,802249
2021-06-22 11:18:42,995.75,802282
2021-06-22 11:18:41,995.7,802266
2021-06-22 11:18:43,995.75,802282
2021-06-22 11:18:44,995.75,802283
2021-06-22 11:18:45,995.75,802284
2021-06-22 11:18:46,995.75,802312
2021-06-22 11:18:47,995.4,802320
2021-06-22 11:18:48,995.8,802341
2021-06-22 11:18:49,995.8,802341
2021-06-22 11:18:50,995.75,802342
2021-06-22 11:18:52,995.85,802442
2021-06-22 11:18:54,995.85,802442
2021-06-22 11:18:55,995.85,802467
2021-06-22 11:18:55,995.85,802442
2021-06-22 11:18:56,995.85,802467
2021-06-22 11:18:57,995.9,802567
2021-06-22 11:18:58,995.9,802657
2021-06-22 11:18:59,995.35,802702
2021-06-22 11:19:00,995.35,802702
2021-06-22 11:19:01,995.35,802702
2021-06-22 11:19:02,995.35,802702
2021-06-22 11:19:03,995.9,802930
2021-06-22 11:19:04,995.9,802930
2021-06-22 11:19:05,995.4,803919
2021-06-22 11:19:06,995.4,803939
2021-06-22 11:19:07,995.85,804190
2021-06-22 11:19:08,995.85,804191
2021-06-22 11:19:09,995.65,804305
2021-06-22 11:19:10,995.65,804306
2021-06-22 11:19:11,995.05,804316
2021-06-22 11:19:12,995.0,804376
2021-06-22 11:19:13,995.6,804377
2021-06-22 11:19:14,995.4,804396
2021-06-22 11:19:15,995.4,804404
2021-06-22 11:19:16,995.4,804404
2021-06-22 11:19:17,995.4,804404
2021-06-22 11:19:19,995.4,804404
2021-06-22 11:19:20,995.4,804571
2021-06-22 11:19:23,995.4,804645
2021-06-22 11:19:23,995.65,804646
2021-06-22 11:19:24,995.5,804819
2021-06-22 11:19:25,995.5,804820
2021-06-22 11:19:26,995.65,804821
2021-06-22 11:19:27,995.65,804847
2021-06-22 11:19:28,995.1,804848
2021-06-22 11:19:29,995.65,804899
2021-06-22 11:19:30,995.65,805113
2021-06-22 11:19:31,995.65,805121
2021-06-22 11:19:32,995.65,805121
2021-06-22 11:19:33,995.1,806134
2021-06-22 11:19:34,994.8,806194
2021-06-22 11:19:37,995.55,806203
2021-06-22 11:19:37,995.55,806203
2021-06-22 11:19:38,995.0,806240
2021-06-22 11:19:39,995.0,806256
2021-06-22 11:19:40,995.0,806256
2021-06-22 11:19:41,995.5,806468
2021-06-22 11:19:42,995.05,806474
2021-06-22 11:19:43,995.45,806565
2021-06-22 11:19:44,995.3,806636
2021-06-22 11:19:45,995.3,806636
2021-06-22 11:19:46,995.0,806641
2021-06-22 11:19:47,995.0,806741
2021-06-22 11:19:48,995.0,806741
2021-06-22 11:19:49,995.5,806793
2021-06-22 11:19:50,995.0,807097
2021-06-22 11:19:53,995.0,807203
2021-06-22 11:19:54,994.6,807211
2021-06-22 11:19:54,995.0,807227
2021-06-22 11:19:56,995.0,807227
2021-06-22 11:19:56,995.0,807227
2021-06-22 11:19:57,995.0,807227
2021-06-22 11:19:59,994.6,807228
2021-06-22 11:19:58,995.0,807227
2021-06-22 11:20:00,994.6,807228
2021-06-22 11:20:01,994.6,807253
2021-06-22 11:20:02,995.0,807397
2021-06-22 11:20:03,995.0,807401
2021-06-22 11:20:04,995.35,807451
2021-06-22 11:20:05,994.5,807651
2021-06-22 11:20:06,994.5,807651
2021-06-22 11:20:07,994.5,807651
2021-06-22 11:20:08,995.2,807654
2021-06-22 11:20:10,995.0,807867
2021-06-22 11:20:10,995.0,807867
2021-06-22 11:20:11,995.0,807867
2021-06-22 11:20:12,994.65,807922
2021-06-22 11:20:13,994.65,807922
2021-06-22 11:20:14,994.65,807922
2021-06-22 11:20:15,994.65,807925
2021-06-22 11:20:16,994.55,808025
2021-06-22 11:20:17,994.55,808025
2021-06-22 11:20:19,994.95,808031
2021-06-22 11:20:20,994.95,808031
2021-06-22 11:20:20,994.95,808062
2021-06-22 11:20:21,994.55,808362
2021-06-22 11:20:22,994.6,808377
2021-06-22 11:20:23,994.6,808377
2021-06-22 11:20:25,994.6,808377
2021-06-22 11:20:25,994.6,808377
2021-06-22 11:20:26,994.6,808691
2021-06-22 11:20:27,994.55,808846
2021-06-22 11:20:28,994.6,808878
2021-06-22 11:20:29,995.0,808909
2021-06-22 11:20:30,994.6,808910
2021-06-22 11:20:32,994.6,809162
2021-06-22 11:20:34,994.6,809162
2021-06-22 11:20:35,995.0,810161
2021-06-22 11:20:36,995.0,810173
2021-06-22 11:20:37,995.0,810294
2021-06-22 11:20:38,995.0,810294
2021-06-22 11:20:39,994.8,810314
2021-06-22 11:20:40,994.8,810314
2021-06-22 11:20:41,994.7,811324
2021-06-22 11:20:43,995.0,811364
2021-06-22 11:20:43,995.0,811364
2021-06-22 11:20:45,995.0,811555
2021-06-22 11:20:46,995.35,811865
2021-06-22 11:20:48,995.0,811869
2021-06-22 11:20:48,995.0,811869
2021-06-22 11:20:49,995.25,811891
2021-06-22 11:20:50,995.0,811896
2021-06-22 11:20:51,995.25,812149
2021-06-22 11:20:52,995.4,812204
2021-06-22 11:20:55,995.0,812274
2021-06-22 11:20:55,995.0,812274
2021-06-22 11:20:56,994.8,812297
2021-06-22 11:20:58,995.0,812406
2021-06-22 11:20:59,995.0,812406
2021-06-22 11:21:00,995.0,812618
2021-06-22 11:21:02,994.9,812734
2021-06-22 11:21:03,994.9,812734
2021-06-22 11:21:03,994.9,812734
2021-06-22 11:21:04,994.9,812734
2021-06-22 11:21:05,994.9,812744
2021-06-22 11:21:07,995.3,812806
2021-06-22 11:21:07,995.3,812806
2021-06-22 11:21:08,995.3,812806
2021-06-22 11:21:09,994.9,813006
2021-06-22 11:21:10,994.9,813219
2021-06-22 11:21:11,994.7,813223
2021-06-22 11:21:13,994.6,813274
2021-06-22 11:21:14,994.6,813314
2021-06-22 11:21:14,994.9,813323
2021-06-22 11:21:16,994.9,813323
2021-06-22 11:21:16,994.9,813323
2021-06-22 11:21:17,994.9,813323
2021-06-22 11:21:18,994.9,813323
2021-06-22 11:21:19,994.9,813401
2021-06-22 11:21:20,994.9,813401
2021-06-22 11:21:21,994.9,813402
2021-06-22 11:21:22,995.25,813489
2021-06-22 11:21:24,995.3,813581
2021-06-22 11:21:25,995.2,813618
2021-06-22 11:21:26,995.2,813618
2021-06-22 11:21:27,995.0,813623
2021-06-22 11:21:27,995.0,813623
2021-06-22 11:21:28,995.0,813635
2021-06-22 11:21:29,995.4,813717
2021-06-22 11:21:30,995.5,813819
2021-06-22 11:21:31,995.5,813999
2021-06-22 11:21:32,995.5,813999
2021-06-22 11:21:33,995.5,813999
2021-06-22 11:21:35,995.75,814673
2021-06-22 11:21:36,995.75,814673
2021-06-22 11:21:37,995.2,814689
2021-06-22 11:21:38,995.2,814689
2021-06-22 11:21:38,995.5,814767
2021-06-22 11:21:40,995.75,814927
2021-06-22 11:21:41,995.5,815049
2021-06-22 11:21:42,995.5,815084
2021-06-22 11:21:43,995.5,815085
2021-06-22 11:21:44,995.5,815085
2021-06-22 11:21:44,995.5,815085
2021-06-22 11:21:46,995.9,815135
2021-06-22 11:21:47,995.5,815195
2021-06-22 11:21:48,995.5,815199
2021-06-22 11:21:49,995.5,815233
2021-06-22 11:21:50,995.5,815233
2021-06-22 11:21:52,995.5,815235
2021-06-22 11:21:53,995.5,815235
2021-06-22 11:21:53,995.5,815235
2021-06-22 11:21:54,995.9,815277
2021-06-22 11:21:55,995.9,815301
2021-06-22 11:21:56,996.0,815607
2021-06-22 11:21:57,996.0,815607
2021-06-22 11:21:58,996.0,815607
2021-06-22 11:21:59,996.35,817384
2021-06-22 11:22:01,996.35,817384
2021-06-22 11:22:02,996.4,817518
2021-06-22 11:22:02,996.4,817518
2021-06-22 11:22:03,996.4,817518
2021-06-22 11:22:05,997.0,818459
2021-06-22 11:22:06,997.0,818459
2021-06-22 11:22:07,996.65,818485
2021-06-22 11:22:08,996.25,818669
2021-06-22 11:22:10,997.0,818843
2021-06-22 11:22:11,997.0,818843
2021-06-22 11:22:12,997.0,819189
2021-06-22 11:22:12,997.0,819189
2021-06-22 11:22:13,997.1,819199
2021-06-22 11:22:14,996.65,819293
2021-06-22 11:22:15,997.05,821219
2021-06-22 11:22:16,997.1,821355
2021-06-22 11:22:17,997.1,821355
2021-06-22 11:22:18,997.1,821355
2021-06-22 11:22:19,996.75,821377
2021-06-22 11:22:20,996.75,821377
2021-06-22 11:22:21,996.75,821377
2021-06-22 11:22:23,996.8,821608
2021-06-22 11:22:24,996.8,821608
2021-06-22 11:22:26,997.2,822512
2021-06-22 11:22:26,997.2,822512
2021-06-22 11:22:27,997.0,822535
2021-06-22 11:22:28,996.45,822635
2021-06-22 11:22:29,997.0,822750
2021-06-22 11:22:30,997.0,822818
2021-06-22 11:22:31,997.0,822818
2021-06-22 11:22:32,997.05,822970
2021-06-22 11:22:33,997.1,822978
2021-06-22 11:22:34,997.1,822999
2021-06-22 11:22:36,997.05,823099
2021-06-22 11:22:37,997.2,823354
2021-06-22 11:22:38,997.0,823357
2021-06-22 11:22:39,997.1,823825
2021-06-22 11:22:39,997.5,823826
2021-06-22 11:22:41,997.6,823984
2021-06-22 11:22:42,997.15,824084
2021-06-22 11:22:44,997.1,824146
2021-06-22 11:22:45,997.5,824162
2021-06-22 11:22:46,997.45,824168
2021-06-22 11:22:47,997.35,824170
2021-06-22 11:22:48,997.45,824271
2021-06-22 11:22:50,997.45,824483
2021-06-22 11:22:51,996.5,824503
2021-06-22 11:22:52,996.5,824503
2021-06-22 11:22:53,996.5,824503
2021-06-22 11:22:54,997.0,824510
2021-06-22 11:22:54,997.0,824510
2021-06-22 11:22:55,997.0,824510
2021-06-22 11:22:57,997.2,824839
2021-06-22 11:22:58,997.2,824840
2021-06-22 11:23:00,997.0,825656
2021-06-22 11:23:01,996.55,825658
2021-06-22 11:23:03,997.0,825777
2021-06-22 11:23:04,996.5,825799
2021-06-22 11:23:04,996.5,825799
2021-06-22 11:23:05,996.5,825799
2021-06-22 11:23:06,997.0,825809
2021-06-22 11:23:08,997.05,825960
2021-06-22 11:23:09,997.05,825977
2021-06-22 11:23:10,997.05,826181
2021-06-22 11:23:11,997.05,826186
2021-06-22 11:23:12,997.2,826266
2021-06-22 11:23:12,997.2,826266
2021-06-22 11:23:13,996.75,828571
2021-06-22 11:23:15,996.75,828571
2021-06-22 11:23:16,996.65,828599
2021-06-22 11:23:17,996.75,828974
2021-06-22 11:23:18,996.75,828974
2021-06-22 11:23:19,996.2,828981
2021-06-22 11:23:20,996.7,828982
2021-06-22 11:23:20,996.7,828989
2021-06-22 11:23:22,996.75,829040
2021-06-22 11:23:23,996.75,829040
2021-06-22 11:23:23,996.7,829041
2021-06-22 11:23:24,996.75,829327
2021-06-22 11:23:26,995.95,829356
2021-06-22 11:23:27,995.95,829356
2021-06-22 11:23:28,995.95,829361
2021-06-22 11:23:29,995.95,829723
2021-06-22 11:23:30,995.95,829723
2021-06-22 11:23:31,996.45,829935
2021-06-22 11:23:32,996.4,829941
2021-06-22 11:23:33,996.6,830111
2021-06-22 11:23:36,995.95,830112
2021-06-22 11:23:37,996.0,830201
2021-06-22 11:23:38,996.0,830214
2021-06-22 11:23:39,996.55,830235
2021-06-22 11:23:39,996.55,830235
2021-06-22 11:23:40,996.0,830468
2021-06-22 11:23:41,996.65,830501
2021-06-22 11:23:45,996.1,830760
2021-06-22 11:23:46,996.0,830820
2021-06-22 11:23:47,996.0,830820
2021-06-22 11:23:48,996.65,830825
2021-06-22 11:23:48,996.65,830825
2021-06-22 11:23:49,996.65,830825
2021-06-22 11:23:50,996.65,830901
2021-06-22 11:23:51,996.7,831038
2021-06-22 11:23:52,996.7,831038
2021-06-22 11:23:54,996.65,831088
2021-06-22 11:23:55,996.0,831264
2021-06-22 11:23:56,996.55,831267
2021-06-22 11:23:57,996.0,831369
2021-06-22 11:23:58,996.6,831398
2021-06-22 11:23:58,996.0,831407
2021-06-22 11:23:59,996.0,831477
2021-06-22 11:24:00,996.0,831477
2021-06-22 11:24:01,996.25,831478
2021-06-22 11:24:02,996.25,831479
2021-06-22 11:24:03,996.5,831534
2021-06-22 11:24:05,996.5,831564
2021-06-22 11:24:08,996.5,831565
2021-06-22 11:24:09,996.55,831566
2021-06-22 11:24:09,996.55,831590
2021-06-22 11:24:10,996.55,831590
2021-06-22 11:24:12,996.6,831633
2021-06-22 11:24:13,996.65,831635
2021-06-22 11:24:14,996.5,831794
2021-06-22 11:24:15,996.5,831794
2021-06-22 11:24:16,996.5,831796
2021-06-22 11:24:17,996.5,831796
2021-06-22 11:24:18,996.65,831797
2021-06-22 11:24:20,996.6,832010
2021-06-22 11:24:21,996.6,832012
2021-06-22 11:24:22,997.0,833318
2021-06-22 11:24:23,997.65,834833
2021-06-22 11:24:23,997.65,834833
2021-06-22 11:24:24,997.65,834833
2021-06-22 11:24:25,997.7,835092
2021-06-22 11:24:28,997.45,835180
2021-06-22 11:24:29,997.45,835180
2021-06-22 11:24:30,997.65,835499
2021-06-22 11:24:29,997.25,835483
2021-06-22 11:24:31,997.25,835538
2021-06-22 11:24:32,997.6,835548
2021-06-22 11:24:34,997.6,835603
2021-06-22 11:24:35,997.0,835667
2021-06-22 11:24:36,997.55,836017
2021-06-22 11:24:37,996.85,836032
2021-06-22 11:24:38,997.2,836111
2021-06-22 11:24:40,997.2,836431
2021-06-22 11:24:41,997.5,836434
2021-06-22 11:24:42,997.2,836755
2021-06-22 11:24:42,997.2,836755
2021-06-22 11:24:43,997.25,837129
2021-06-22 11:24:44,997.0,837179
2021-06-22 11:24:45,997.25,837230
2021-06-22 11:24:47,997.25,837405
2021-06-22 11:24:48,997.0,837406
2021-06-22 11:24:49,997.0,837632
2021-06-22 11:24:49,997.0,837632
2021-06-22 11:24:50,997.25,838184
2021-06-22 11:24:51,997.25,838368
2021-06-22 11:24:53,997.25,838378
2021-06-22 11:24:55,997.25,838392
2021-06-22 11:24:56,997.0,838399
2021-06-22 11:24:56,997.0,838399
2021-06-22 11:24:57,997.2,838406
2021-06-22 11:24:59,996.7,838569
2021-06-22 11:25:00,996.7,838569
2021-06-22 11:25:01,996.7,838824
2021-06-22 11:25:02,996.95,839010
2021-06-22 11:25:03,996.9,839090
2021-06-22 11:25:04,996.9,839115
2021-06-22 11:25:06,996.9,839134
2021-06-22 11:25:07,996.9,839134
2021-06-22 11:25:08,996.9,839144
