timestamp,ltp,volume
2021-06-22 09:16:35,423.4,1195560
2021-06-22 09:16:36,423.5,1198062
2021-06-22 09:16:37,423.6,1205688
2021-06-22 09:16:38,423.65,1214916
2021-06-22 09:16:38,423.55,1225015
2021-06-22 09:16:40,423.7,1232042
2021-06-22 09:16:42,423.7,1241730
2021-06-22 09:16:43,423.45,1256579
2021-06-22 09:16:45,423.55,1268479
2021-06-22 09:16:46,423.55,1270650
2021-06-22 09:16:47,423.45,1279419
2021-06-22 09:16:48,423.45,1286664
2021-06-22 09:16:49,423.45,1293175
2021-06-22 09:16:50,423.2,1315516
2021-06-22 09:16:52,423.25,1372016
2021-06-22 09:16:52,423.25,1373638
2021-06-22 09:16:54,423.1,1396367
2021-06-22 09:16:55,423.0,1406297
2021-06-22 09:16:56,422.8,1420861
2021-06-22 09:16:57,423.0,1426226
2021-06-22 09:16:59,423.0,1439307
2021-06-22 09:16:59,423.05,1449923
2021-06-22 09:17:01,422.7,1457457
2021-06-22 09:17:02,422.8,1466112
2021-06-22 09:17:03,422.95,1469949
2021-06-22 09:17:04,422.95,1474825
2021-06-22 09:17:06,422.95,1484932
2021-06-22 09:17:07,422.95,1486672
2021-06-22 09:17:08,422.95,1490737
2021-06-22 09:17:10,422.95,1502095
2021-06-22 09:17:11,423.0,1505617
2021-06-22 09:17:12,423.0,1508371
2021-06-22 09:17:13,422.9,1520499
2021-06-22 09:17:14,423.0,1523844
2021-06-22 09:17:15,423.15,1527930
2021-06-22 09:17:16,423.05,1532207
2021-06-22 09:17:17,423.1,1533904
2021-06-22 09:17:19,423.1,1540948
2021-06-22 09:17:20,423.05,1545737
2021-06-22 09:17:20,423.15,1547929
2021-06-22 09:17:22,423.1,1549778
2021-06-22 09:17:23,423.1,1552394
2021-06-22 09:17:24,423.0,1555832
2021-06-22 09:17:25,423.1,1562138
2021-06-22 09:17:26,423.1,1564000
2021-06-22 09:17:27,423.05,1569480
2021-06-22 09:17:28,423.05,1574438
2021-06-22 09:17:29,423.05,1578574
2021-06-22 09:17:30,423.0,1582245
2021-06-22 09:17:30,423.05,1582305
2021-06-22 09:17:32,423.1,1585962
2021-06-22 09:17:33,423.1,1591068
2021-06-22 09:17:34,423.1,1593541
2021-06-22 09:17:35,423.1,1597677
2021-06-22 09:17:35,423.1,1597865
2021-06-22 09:17:36,423.1,1600189
2021-06-22 09:17:37,423.1,1601544
2021-06-22 09:17:39,423.1,1602896
2021-06-22 09:17:40,423.1,1606337
2021-06-22 09:17:41,423.15,1609691
2021-06-22 09:17:42,423.1,1613328
2021-06-22 09:17:43,423.1,1614896
2021-06-22 09:17:44,423.1,1615983
2021-06-22 09:17:45,423.05,1618982
2021-06-22 09:17:46,423.05,1621089
2021-06-22 09:17:47,423.0,1626580
2021-06-22 09:17:48,423.1,1627178
2021-06-22 09:17:49,423.05,1632840
2021-06-22 09:17:50,423.1,1633637
2021-06-22 09:17:51,423.05,1635209
2021-06-22 09:17:52,423.0,1657735
2021-06-22 09:17:54,423.05,1670613
2021-06-22 09:17:55,423.05,1670889
2021-06-22 09:17:56,423.0,1673215
2021-06-22 09:17:57,422.95,1674980
2021-06-22 09:17:58,423.05,1677592
2021-06-22 09:17:59,423.0,1680319
2021-06-22 09:18:00,423.0,1682829
2021-06-22 09:18:01,423.0,1687515
2021-06-22 09:18:02,423.0,1689687
2021-06-22 09:18:03,422.7,1695773
2021-06-22 09:18:04,422.8,1703792
2021-06-22 09:18:05,422.6,1706526
2021-06-22 09:18:06,422.7,1709933
2021-06-22 09:18:07,422.65,1712402
2021-06-22 09:18:08,422.5,1724774
2021-06-22 09:18:09,422.5,1727896
2021-06-22 09:18:10,422.5,1729504
2021-06-22 09:18:11,422.5,1730719
2021-06-22 09:18:12,422.45,1734094
2021-06-22 09:18:13,422.45,1737856
2021-06-22 09:18:14,422.4,1741649
2021-06-22 09:18:15,422.4,1744480
2021-06-22 09:18:16,422.35,1746763
2021-06-22 09:18:17,422.35,1750788
2021-06-22 09:18:18,422.25,1758624
2021-06-22 09:18:19,422.4,1760589
2021-06-22 09:18:20,422.35,1762544
2021-06-22 09:18:21,422.4,1768571
2021-06-22 09:18:22,422.25,1773195
2021-06-22 09:18:23,422.2,1774167
2021-06-22 09:18:24,422.2,1777423
2021-06-22 09:18:25,422.4,1779676
2021-06-22 09:18:26,422.3,1782464
2021-06-22 09:18:27,422.5,1786087
2021-06-22 09:18:28,422.6,1789892
2021-06-22 09:18:29,422.6,1804710
2021-06-22 09:18:30,422.8,1811140
2021-06-22 09:18:31,422.55,1812491
2021-06-22 09:18:32,422.7,1814114
2021-06-22 09:18:32,422.6,1814124
2021-06-22 09:18:33,422.7,1815704
2021-06-22 09:18:35,422.7,1818489
2021-06-22 09:18:36,422.75,1826843
2021-06-22 09:18:37,422.75,1827659
2021-06-22 09:18:38,422.55,1830007
2021-06-22 09:18:39,422.65,1831383
2021-06-22 09:18:40,422.45,1834238
2021-06-22 09:18:41,422.6,1835189
2021-06-22 09:18:42,422.65,1836358
2021-06-22 09:18:43,422.65,1839276
2021-06-22 09:18:43,422.65,1840006
2021-06-22 09:18:44,422.6,1842061
2021-06-22 09:18:45,422.65,1842894
2021-06-22 09:18:46,422.6,1846874
2021-06-22 09:18:48,422.6,1853134
2021-06-22 09:18:49,422.5,1855292
2021-06-22 09:18:50,422.5,1856199
2021-06-22 09:18:51,422.65,1857296
2021-06-22 09:18:52,422.65,1857726
2021-06-22 09:18:53,422.6,1859253
2021-06-22 09:18:54,422.65,1865167
2021-06-22 09:18:55,422.5,1866239
2021-06-22 09:18:56,422.55,1867977
2021-06-22 09:18:57,422.5,1872630
2021-06-22 09:18:58,422.2,1896188
2021-06-22 09:18:59,422.2,1909581
2021-06-22 09:19:00,422.2,1911048
2021-06-22 09:19:01,422.2,1913413
2021-06-22 09:19:02,422.2,1916313
2021-06-22 09:19:03,422.35,1921722
2021-06-22 09:19:04,422.35,1922468
2021-06-22 09:19:05,422.45,1923360
2021-06-22 09:19:06,422.35,1925527
2021-06-22 09:19:07,422.35,1931559
2021-06-22 09:19:08,422.35,1931723
2021-06-22 09:19:09,422.4,1936965
2021-06-22 09:19:10,422.35,1939008
2021-06-22 09:19:11,422.4,1940665
2021-06-22 09:19:12,422.3,1943281
2021-06-22 09:19:17,422.5,1972906
2021-06-22 09:19:18,422.3,1975264
2021-06-22 09:19:19,422.4,1975325
2021-06-22 09:19:20,422.5,1977957
2021-06-22 09:19:21,422.35,1978097
2021-06-22 09:19:22,422.5,1980506
2021-06-22 09:19:23,422.35,1980574
2021-06-22 09:19:24,422.35,1983455
2021-06-22 09:19:25,422.5,1993668
2021-06-22 09:19:26,422.55,1998923
2021-06-22 09:19:27,422.65,2000942
2021-06-22 09:19:28,422.55,2004033
2021-06-22 09:19:29,422.55,2006868
2021-06-22 09:19:30,422.8,2007285
2021-06-22 09:19:31,422.85,2013091
2021-06-22 09:19:32,422.8,2014649
2021-06-22 09:19:33,422.9,2016695
2021-06-22 09:19:34,423.0,2020703
2021-06-22 09:19:35,422.9,2021760
2021-06-22 09:19:36,423.1,2053670
2021-06-22 09:19:37,423.1,2055345
2021-06-22 09:19:38,422.95,2061884
2021-06-22 09:19:39,422.9,2063140
2021-06-22 09:19:40,423.15,2065747
2021-06-22 09:19:41,422.95,2074637
2021-06-22 09:19:42,422.95,2076707
2021-06-22 09:19:43,423.0,2077489
2021-06-22 09:19:44,423.15,2080655
2021-06-22 09:19:45,423.25,2082756
2021-06-22 09:19:46,423.4,2086683
2021-06-22 09:19:47,423.35,2087353
2021-06-22 09:19:49,423.5,2103745
2021-06-22 09:19:50,423.4,2106019
2021-06-22 09:19:51,423.35,2106157
2021-06-22 09:19:52,423.6,2115699
2021-06-22 09:19:53,423.4,2118405
2021-06-22 09:19:55,423.45,2130521
2021-06-22 09:19:54,423.35,2121009
2021-06-22 09:19:56,423.55,2132582
2021-06-22 09:19:57,423.5,2135121
2021-06-22 09:19:58,423.5,2136115
2021-06-22 09:19:59,423.65,2140868
2021-06-22 09:20:01,423.55,2147819
2021-06-22 09:20:02,423.7,2156974
2021-06-22 09:20:03,423.5,2160219
2021-06-22 09:20:04,423.65,2164991
2021-06-22 09:20:05,423.55,2167174
2021-06-22 09:20:06,423.65,2169439
2021-06-22 09:20:07,423.55,2173941
2021-06-22 09:20:08,423.55,2173941
2021-06-22 09:20:09,423.65,2177947
2021-06-22 09:20:10,423.5,2185258
2021-06-22 09:20:11,423.75,2188798
2021-06-22 09:20:12,423.65,2198873
2021-06-22 09:20:13,423.5,2205184
2021-06-22 09:20:14,423.5,2210357
2021-06-22 09:20:15,423.6,2213492
2021-06-22 09:20:16,423.5,2214810
2021-06-22 09:20:17,423.5,2216318
2021-06-22 09:20:18,423.6,2219638
2021-06-22 09:20:19,423.65,2220467
2021-06-22 09:20:20,423.65,2221839
2021-06-22 09:20:21,423.65,2221839
2021-06-22 09:20:22,423.65,2223920
2021-06-22 09:20:23,423.5,2224611
2021-06-22 09:20:24,423.6,2226349
2021-06-22 09:20:25,423.5,2229210
2021-06-22 09:20:26,423.5,2230802
2021-06-22 09:20:27,423.65,2235156
2021-06-22 09:20:28,423.6,2241593
2021-06-22 09:20:29,423.55,2244917
2021-06-22 09:20:30,423.6,2248111
2021-06-22 09:20:31,423.7,2251267
2021-06-22 09:20:32,423.65,2254249
2021-06-22 09:20:33,423.65,2263285
2021-06-22 09:20:34,423.6,2263988
2021-06-22 09:20:35,423.55,2266918
2021-06-22 09:20:36,423.7,2267346
2021-06-22 09:20:37,423.8,2273352
2021-06-22 09:20:38,423.7,2277067
2021-06-22 09:20:39,423.85,2287303
2021-06-22 09:20:40,423.7,2289595
2021-06-22 09:20:42,423.8,2290751
2021-06-22 09:20:43,423.75,2297145
2021-06-22 09:20:44,423.7,2298669
2021-06-22 09:20:45,423.8,2302357
2021-06-22 09:20:46,423.75,2303650
2021-06-22 09:20:47,423.75,2304176
2021-06-22 09:20:48,423.75,2305624
2021-06-22 09:20:49,423.9,2312171
2021-06-22 09:20:50,423.85,2314220
2021-06-22 09:20:51,423.8,2314948
2021-06-22 09:20:52,423.75,2316857
2021-06-22 09:20:53,423.9,2319310
2021-06-22 09:20:54,423.8,2321935
2021-06-22 09:20:55,423.9,2324800
2021-06-22 09:20:57,423.75,2333078
2021-06-22 09:20:58,423.75,2346915
2021-06-22 09:20:59,423.85,2353232
2021-06-22 09:21:00,423.9,2355793
2021-06-22 09:21:01,423.85,2356448
2021-06-22 09:21:02,423.85,2359754
2021-06-22 09:21:03,423.85,2362161
2021-06-22 09:21:05,423.9,2391792
2021-06-22 09:21:07,424.0,2395607
2021-06-22 09:21:08,423.85,2397314
2021-06-22 09:21:09,423.85,2397568
2021-06-22 09:21:10,424.0,2399478
2021-06-22 09:21:11,424.0,2399874
2021-06-22 09:21:12,424.0,2400080
2021-06-22 09:21:13,424.0,2401133
2021-06-22 09:21:14,423.95,2401931
2021-06-22 09:21:15,424.0,2407776
2021-06-22 09:21:16,424.0,2407844
2021-06-22 09:21:17,424.0,2407894
2021-06-22 09:21:18,423.95,2409762
2021-06-22 09:21:19,424.0,2418238
2021-06-22 09:21:20,424.0,2421617
2021-06-22 09:21:21,424.0,2423114
2021-06-22 09:21:22,423.95,2424058
2021-06-22 09:21:23,423.95,2428406
2021-06-22 09:21:24,423.95,2434230
2021-06-22 09:21:25,423.9,2435213
2021-06-22 09:21:26,424.0,2436660
2021-06-22 09:21:28,424.0,2438950
2021-06-22 09:21:29,423.9,2440814
2021-06-22 09:21:30,423.85,2445839
2021-06-22 09:21:31,423.9,2446085
2021-06-22 09:21:32,423.85,2449576
2021-06-22 09:21:33,423.95,2453229
2021-06-22 09:21:34,424.0,2456124
2021-06-22 09:21:35,423.85,2466494
2021-06-22 09:21:38,423.85,2475070
2021-06-22 09:21:39,423.8,2475990
2021-06-22 09:21:41,423.85,2486648
2021-06-22 09:21:42,423.8,2497899
2021-06-22 09:21:43,423.85,2498922
2021-06-22 09:21:43,423.85,2499322
2021-06-22 09:21:44,423.85,2501659
2021-06-22 09:21:45,423.9,2503804
2021-06-22 09:21:46,424.0,2513369
2021-06-22 09:21:47,423.85,2514204
2021-06-22 09:21:48,424.0,2521900
2021-06-22 09:21:50,423.8,2524306
2021-06-22 09:21:51,423.95,2525080
2021-06-22 09:21:52,424.0,2527759
2021-06-22 09:21:53,423.85,2530583
2021-06-22 09:21:54,423.85,2532662
2021-06-22 09:21:56,423.95,2535678
2021-06-22 09:21:57,423.95,2536436
2021-06-22 09:21:57,423.95,2536508
2021-06-22 09:21:58,423.85,2537165
2021-06-22 09:21:59,423.95,2537754
2021-06-22 09:22:00,424.0,2540309
2021-06-22 09:22:02,423.95,2557460
2021-06-22 09:22:04,423.85,2558849
2021-06-22 09:22:05,424.0,2558991
2021-06-22 09:22:07,423.8,2576623
2021-06-22 09:22:08,423.8,2577803
2021-06-22 09:22:09,423.8,2581054
2021-06-22 09:22:10,423.6,2660696
2021-06-22 09:22:12,423.7,2668743
2021-06-22 09:22:13,423.7,2669529
2021-06-22 09:22:14,423.65,2676402
2021-06-22 09:22:15,423.65,2678003
2021-06-22 09:22:16,423.65,2683690
2021-06-22 09:22:17,423.6,2686149
2021-06-22 09:22:18,423.7,2690139
2021-06-22 09:22:20,423.75,2694057
2021-06-22 09:22:21,423.95,2734608
2021-06-22 09:22:21,423.95,2734608
2021-06-22 09:22:22,424.0,2735888
2021-06-22 09:22:23,423.9,2736244
2021-06-22 09:22:24,424.0,2737408
2021-06-22 09:22:25,423.8,2741980
2021-06-22 09:22:26,423.9,2742869
2021-06-22 09:22:27,423.9,2744430
2021-06-22 09:22:28,423.95,2745726
2021-06-22 09:22:29,424.0,2746714
2021-06-22 09:22:30,423.95,2747859
2021-06-22 09:22:31,423.8,2748911
2021-06-22 09:22:32,424.0,2749734
2021-06-22 09:22:33,423.95,2753562
2021-06-22 09:22:34,424.0,2754192
2021-06-22 09:22:35,423.9,2756040
2021-06-22 09:22:36,424.0,2757914
2021-06-22 09:22:37,424.0,2759050
2021-06-22 09:22:38,424.0,2761236
2021-06-22 09:22:39,423.85,2763895
2021-06-22 09:22:40,423.9,2764619
2021-06-22 09:22:42,424.1,2780409
2021-06-22 09:22:42,424.0,2780329
2021-06-22 09:22:44,424.1,2785827
2021-06-22 09:22:45,424.15,2788692
2021-06-22 09:22:46,424.1,2789376
2021-06-22 09:22:47,424.15,2793012
2021-06-22 09:22:48,424.3,2804336
2021-06-22 09:22:49,424.3,2807445
2021-06-22 09:22:50,424.3,2812568
2021-06-22 09:22:51,424.45,2832057
2021-06-22 09:22:52,424.5,2835500
2021-06-22 09:22:53,424.3,2848375
2021-06-22 09:22:54,424.35,2855872
2021-06-22 09:22:55,424.6,2860544
2021-06-22 09:22:56,424.45,2863250
2021-06-22 09:22:57,424.6,2866095
2021-06-22 09:22:58,424.55,2868020
2021-06-22 09:22:59,424.55,2874237
2021-06-22 09:23:00,424.5,2891833
2021-06-22 09:23:02,424.5,2894443
2021-06-22 09:23:03,424.05,2909675
2021-06-22 09:23:04,424.05,2915759
2021-06-22 09:23:05,424.2,2921447
2021-06-22 09:23:06,424.4,2922792
2021-06-22 09:23:07,424.45,2925930
2021-06-22 09:23:07,424.35,2924503
2021-06-22 09:23:08,424.45,2928057
2021-06-22 09:23:09,424.4,2931649
2021-06-22 09:23:10,424.4,2933589
2021-06-22 09:23:11,424.55,2937402
2021-06-22 09:23:12,424.5,2938527
2021-06-22 09:23:13,424.3,2942256
2021-06-22 09:23:14,424.3,2947627
2021-06-22 09:23:15,424.5,2949383
2021-06-22 09:23:16,424.25,2952323
2021-06-22 09:23:17,424.5,2955058
2021-06-22 09:23:18,424.5,2957137
2021-06-22 09:23:19,424.4,2958669
2021-06-22 09:23:20,424.4,2961081
2021-06-22 09:23:21,424.45,2962180
2021-06-22 09:23:22,424.5,2970074
2021-06-22 09:23:24,424.5,2973252
2021-06-22 09:23:25,424.35,2975884
2021-06-22 09:23:27,424.35,2981707
2021-06-22 09:23:29,424.15,2987383
2021-06-22 09:23:30,424.3,2989345
2021-06-22 09:23:31,424.4,2989874
2021-06-22 09:23:32,424.4,2991673
2021-06-22 09:23:32,424.4,2991903
2021-06-22 09:23:33,424.25,2992939
2021-06-22 09:23:34,424.3,2995241
2021-06-22 09:23:35,424.2,2996684
2021-06-22 09:23:36,424.35,2997930
2021-06-22 09:23:37,424.4,2999112
2021-06-22 09:23:38,424.4,3005171
2021-06-22 09:23:39,424.45,3005773
2021-06-22 09:23:40,424.5,3006319
2021-06-22 09:23:41,424.35,3007898
2021-06-22 09:23:42,424.5,3008300
2021-06-22 09:23:43,424.5,3011911
2021-06-22 09:23:44,424.5,3013907
2021-06-22 09:23:46,424.5,3016631
2021-06-22 09:23:47,424.4,3017416
2021-06-22 09:23:48,424.4,3018317
2021-06-22 09:23:49,424.5,3021321
2021-06-22 09:23:50,424.45,3024938
2021-06-22 09:23:51,424.4,3026254
2021-06-22 09:23:52,424.35,3028911
2021-06-22 09:23:53,424.4,3031216
2021-06-22 09:23:54,424.35,3031986
2021-06-22 09:23:54,424.35,3032026
2021-06-22 09:23:55,424.2,3032899
2021-06-22 09:23:56,424.2,3033812
2021-06-22 09:23:57,424.35,3034528
2021-06-22 09:23:58,424.25,3040012
2021-06-22 09:24:00,424.3,3043481
2021-06-22 09:24:01,424.25,3046569
2021-06-22 09:24:02,424.25,3048404
2021-06-22 09:24:03,424.25,3049240
2021-06-22 09:24:04,424.1,3052117
2021-06-22 09:24:07,423.9,3125535
2021-06-22 09:24:09,424.05,3127322
2021-06-22 09:24:10,423.9,3129931
2021-06-22 09:24:11,424.0,3132138
2021-06-22 09:24:12,423.9,3132439
2021-06-22 09:24:13,424.0,3135033
2021-06-22 09:24:14,424.0,3136540
2021-06-22 09:24:15,423.7,3164803
2021-06-22 09:24:16,423.8,3165864
2021-06-22 09:24:17,423.6,3168825
2021-06-22 09:24:18,423.6,3170853
2021-06-22 09:24:19,423.8,3171815
2021-06-22 09:24:20,423.8,3172939
2021-06-22 09:24:21,423.65,3174673
2021-06-22 09:24:21,423.7,3174877
2021-06-22 09:24:22,423.5,3189324
2021-06-22 09:24:23,423.65,3190043
2021-06-22 09:24:24,423.5,3190703
2021-06-22 09:24:27,423.55,3270282
2021-06-22 09:24:27,423.5,3267872
2021-06-22 09:24:28,423.25,3278868
2021-06-22 09:24:29,423.25,3283964
2021-06-22 09:24:30,423.35,3286808
2021-06-22 09:24:33,423.7,3321156
2021-06-22 09:24:36,423.7,3337974
2021-06-22 09:24:37,423.55,3339851
2021-06-22 09:24:38,423.65,3339977
2021-06-22 09:24:39,423.45,3341785
2021-06-22 09:24:40,423.5,3343830
2021-06-22 09:24:41,423.45,3344534
2021-06-22 09:24:43,423.85,3365935
2021-06-22 09:24:44,423.95,3368620
2021-06-22 09:24:46,423.95,3369522
2021-06-22 09:24:47,423.9,3369952
2021-06-22 09:24:48,423.75,3370900
2021-06-22 09:24:48,423.75,3370900
2021-06-22 09:24:49,423.75,3371514
2021-06-22 09:24:50,423.8,3373595
2021-06-22 09:24:51,423.65,3373859
2021-06-22 09:24:52,423.65,3374509
2021-06-22 09:24:53,423.8,3375797
2021-06-22 09:24:54,423.6,3378189
2021-06-22 09:24:56,423.55,3381680
2021-06-22 09:24:57,423.8,3383090
2021-06-22 09:24:58,423.7,3383953
2021-06-22 09:24:59,423.85,3390596
2021-06-22 09:24:59,423.9,3390620
2021-06-22 09:25:00,423.85,3390857
2021-06-22 09:25:01,423.8,3391237
2021-06-22 09:25:03,423.85,3391748
2021-06-22 09:25:04,423.8,3393261
2021-06-22 09:25:05,423.75,3393826
2021-06-22 09:25:07,423.7,3399169
2021-06-22 09:25:08,423.75,3399469
2021-06-22 09:25:09,423.5,3417066
2021-06-22 09:25:10,423.5,3417814
2021-06-22 09:25:11,423.5,3418143
2021-06-22 09:25:12,423.7,3418716
2021-06-22 09:25:13,423.5,3420216
2021-06-22 09:25:14,423.5,3443418
2021-06-22 09:25:15,423.6,3446075
2021-06-22 09:25:16,423.5,3448100
2021-06-22 09:25:17,423.6,3449696
2021-06-22 09:25:20,423.65,3453865
2021-06-22 09:25:21,423.6,3454400
2021-06-22 09:25:21,423.6,3454400
2021-06-22 09:25:22,423.5,3457725
2021-06-22 09:25:23,423.5,3460001
2021-06-22 09:25:24,423.55,3474964
2021-06-22 09:25:26,423.5,3476071
2021-06-22 09:25:27,423.6,3477320
2021-06-22 09:25:28,423.6,3477814
2021-06-22 09:25:29,423.55,3478293
2021-06-22 09:25:31,423.5,3486395
2021-06-22 09:25:32,423.6,3486773
2021-06-22 09:25:33,423.55,3487390
2021-06-22 09:25:34,423.6,3488041
2021-06-22 09:25:35,423.55,3488577
2021-06-22 09:25:36,423.55,3489894
2021-06-22 09:25:37,423.55,3492260
2021-06-22 09:25:38,423.5,3494660
2021-06-22 09:25:39,423.55,3495676
2021-06-22 09:25:40,423.55,3496072
2021-06-22 09:25:40,423.5,3496322
2021-06-22 09:25:41,423.5,3501248
2021-06-22 09:25:42,423.5,3513603
2021-06-22 09:25:43,423.6,3515504
2021-06-22 09:25:44,423.65,3520969
2021-06-22 09:25:45,423.8,3525139
2021-06-22 09:25:46,423.65,3525688
2021-06-22 09:25:49,423.8,3529125
2021-06-22 09:25:50,423.65,3529240
2021-06-22 09:25:51,423.65,3531077
2021-06-22 09:25:52,423.65,3531283
2021-06-22 09:25:53,423.75,3532208
2021-06-22 09:25:53,423.75,3532728
2021-06-22 09:25:54,423.65,3534579
2021-06-22 09:25:55,423.75,3536539
2021-06-22 09:25:58,423.6,3537796
2021-06-22 09:25:59,423.65,3538842
2021-06-22 09:26:00,423.6,3539757
2021-06-22 09:26:01,423.65,3541638
2021-06-22 09:26:02,423.65,3543085
2021-06-22 09:26:03,423.6,3546020
2021-06-22 09:26:04,423.65,3548490
2021-06-22 09:26:05,423.65,3553352
2021-06-22 09:26:05,423.6,3553353
2021-06-22 09:26:06,423.75,3569076
2021-06-22 09:26:07,423.65,3570835
2021-06-22 09:26:08,423.65,3571001
2021-06-22 09:26:10,423.6,3571857
2021-06-22 09:26:11,423.65,3572298
2021-06-22 09:26:12,423.65,3573189
2021-06-22 09:26:13,423.55,3574879
2021-06-22 09:26:14,423.6,3575753
2021-06-22 09:26:15,423.6,3577667
2021-06-22 09:26:17,423.5,3594694
2021-06-22 09:26:18,423.8,3627063
2021-06-22 09:26:19,423.8,3628119
2021-06-22 09:26:20,423.75,3632311
2021-06-22 09:26:21,423.75,3632332
2021-06-22 09:26:22,423.75,3634581
2021-06-22 09:26:23,423.8,3640798
2021-06-22 09:26:24,423.65,3641490
2021-06-22 09:26:25,423.75,3642150
2021-06-22 09:26:26,423.75,3642208
2021-06-22 09:26:27,423.75,3642576
2021-06-22 09:26:28,423.6,3645945
2021-06-22 09:26:29,423.65,3646311
2021-06-22 09:26:29,423.65,3646571
2021-06-22 09:26:30,423.5,3652717
2021-06-22 09:26:31,423.65,3653975
2021-06-22 09:26:32,423.5,3655619
2021-06-22 09:26:34,423.75,3657016
2021-06-22 09:26:35,423.8,3659674
2021-06-22 09:26:36,423.65,3659971
2021-06-22 09:26:37,423.8,3660935
2021-06-22 09:26:38,423.7,3661397
2021-06-22 09:26:39,423.85,3661957
2021-06-22 09:26:40,423.7,3662614
2021-06-22 09:26:40,423.8,3662618
2021-06-22 09:26:41,423.7,3663099
2021-06-22 09:26:42,423.75,3663339
2021-06-22 09:26:43,423.7,3665179
2021-06-22 09:26:44,423.55,3666956
2021-06-22 09:26:45,423.7,3667504
2021-06-22 09:26:46,423.65,3667863
2021-06-22 09:26:47,423.6,3667984
2021-06-22 09:26:49,423.65,3669259
2021-06-22 09:26:50,423.5,3733228
2021-06-22 09:26:51,423.5,3751875
2021-06-22 09:26:52,423.55,3760441
2021-06-22 09:26:52,423.55,3755335
2021-06-22 09:26:53,423.5,3765224
2021-06-22 09:26:54,423.5,3765565
2021-06-22 09:26:55,423.55,3767133
2021-06-22 09:26:57,423.45,3776429
2021-06-22 09:26:59,423.45,3777663
2021-06-22 09:27:00,423.4,3780288
2021-06-22 09:27:00,423.3,3780416
2021-06-22 09:27:01,423.35,3781985
2021-06-22 09:27:02,423.35,3798319
2021-06-22 09:27:03,423.35,3799593
2021-06-22 09:27:05,423.25,3801429
2021-06-22 09:27:06,423.35,3802417
2021-06-22 09:27:07,423.3,3810851
2021-06-22 09:27:08,423.25,3814329
2021-06-22 09:27:09,423.3,3817422
2021-06-22 09:27:09,423.3,3816540
2021-06-22 09:27:10,423.25,3820393
2021-06-22 09:27:11,423.25,3822926
2021-06-22 09:27:12,423.3,3823616
2021-06-22 09:27:13,423.0,3896587
2021-06-22 09:27:15,423.15,3897941
2021-06-22 09:27:16,423.15,3903921
2021-06-22 09:27:17,423.05,3907517
2021-06-22 09:27:19,423.05,3919659
2021-06-22 09:27:21,423.1,3919942
2021-06-22 09:27:22,423.05,3920212
2021-06-22 09:27:23,423.1,3922756
2021-06-22 09:27:25,423.0,3927398
2021-06-22 09:27:26,423.1,3936420
2021-06-22 09:27:27,423.1,3937390
2021-06-22 09:27:27,423.0,3937139
2021-06-22 09:27:28,423.1,3937959
2021-06-22 09:27:29,423.0,3938053
2021-06-22 09:27:30,423.05,3941059
2021-06-22 09:27:31,423.05,3944820
2021-06-22 09:27:33,423.0,3948460
2021-06-22 09:27:35,423.05,3951630
2021-06-22 09:27:36,423.05,3952328
2021-06-22 09:27:37,423.05,3954045
2021-06-22 09:27:38,423.05,3955893
2021-06-22 09:27:38,423.1,3955818
2021-06-22 09:27:39,423.1,3964345
2021-06-22 09:27:40,423.2,3969097
2021-06-22 09:27:42,423.25,3969296
2021-06-22 09:27:43,423.3,3971390
2021-06-22 09:27:44,423.35,3973008
2021-06-22 09:27:44,423.35,3973008
2021-06-22 09:27:45,423.4,3974323
2021-06-22 09:27:46,423.4,3974829
2021-06-22 09:27:47,423.5,3975579
2021-06-22 09:27:48,423.35,3975613
2021-06-22 09:27:49,423.5,3979863
2021-06-22 09:27:52,423.4,3981823
2021-06-22 09:27:53,423.4,3981833
2021-06-22 09:27:54,423.5,3982641
2021-06-22 09:27:55,423.4,3983413
2021-06-22 09:27:56,423.5,3985199
2021-06-22 09:27:57,423.5,3985426
2021-06-22 09:27:58,423.5,3985542
2021-06-22 09:27:59,423.5,3986194
2021-06-22 09:28:00,423.5,3987441
2021-06-22 09:28:01,423.35,3989913
2021-06-22 09:28:02,423.35,3990378
2021-06-22 09:28:03,423.45,3990981
2021-06-22 09:28:04,423.45,3991191
2021-06-22 09:28:05,423.45,3992369
2021-06-22 09:28:07,423.4,3993477
2021-06-22 09:28:08,423.35,3993518
2021-06-22 09:28:09,423.4,3994158
2021-06-22 09:28:10,423.35,3996267
2021-06-22 09:28:11,423.25,3997467
2021-06-22 09:28:12,423.25,3998670
2021-06-22 09:28:13,423.25,3999374
2021-06-22 09:28:14,423.25,3999522
2021-06-22 09:28:15,423.25,3999676
2021-06-22 09:28:15,423.25,3999701
2021-06-22 09:28:16,423.25,4000652
2021-06-22 09:28:18,423.45,4007988
2021-06-22 09:28:19,423.3,4008124
2021-06-22 09:28:22,423.4,4011459
2021-06-22 09:28:23,423.25,4013055
2021-06-22 09:28:24,423.4,4013084
2021-06-22 09:28:25,423.25,4015521
2021-06-22 09:28:26,423.4,4015666
2021-06-22 09:28:26,423.3,4015866
2021-06-22 09:28:28,423.45,4018080
2021-06-22 09:28:29,423.4,4018546
2021-06-22 09:28:30,423.3,4019656
2021-06-22 09:28:31,423.4,4019722
2021-06-22 09:28:32,423.4,4021116
2021-06-22 09:28:33,423.4,4024427
2021-06-22 09:28:34,423.5,4039446
2021-06-22 09:28:35,423.5,4039748
2021-06-22 09:28:36,423.55,4040647
2021-06-22 09:28:37,423.6,4041483
2021-06-22 09:28:39,423.65,4044659
2021-06-22 09:28:40,423.7,4046199
2021-06-22 09:28:41,423.55,4048332
2021-06-22 09:28:42,423.6,4057058
2021-06-22 09:28:43,423.55,4058204
2021-06-22 09:28:44,423.5,4058834
2021-06-22 09:28:45,423.65,4059293
2021-06-22 09:28:46,423.65,4059691
2021-06-22 09:28:47,423.55,4060496
2021-06-22 09:28:48,423.65,4061228
2021-06-22 09:28:49,423.55,4061511
2021-06-22 09:28:50,423.4,4065862
2021-06-22 09:28:50,423.6,4065046
2021-06-22 09:28:51,423.6,4066979
2021-06-22 09:28:52,423.6,4067174
2021-06-22 09:28:53,423.65,4068061
2021-06-22 09:28:54,423.65,4068281
2021-06-22 09:28:55,423.6,4068541
2021-06-22 09:28:57,423.6,4070228
2021-06-22 09:28:58,423.75,4073536
2021-06-22 09:28:59,423.75,4075319
2021-06-22 09:29:00,423.7,4075795
2021-06-22 09:29:01,423.55,4077524
2021-06-22 09:29:03,423.6,4081293
2021-06-22 09:29:04,423.8,4082869
2021-06-22 09:29:04,423.6,4085225
2021-06-22 09:29:05,423.65,4085964
2021-06-22 09:29:07,423.65,4089032
2021-06-22 09:29:08,423.65,4089342
2021-06-22 09:29:09,423.65,4090738
2021-06-22 09:29:10,423.65,4091490
2021-06-22 09:29:11,423.5,4091620
2021-06-22 09:29:12,423.6,4091757
2021-06-22 09:29:13,423.5,4094538
2021-06-22 09:29:14,423.65,4096412
2021-06-22 09:29:14,423.65,4096412
2021-06-22 09:29:15,423.5,4101647
2021-06-22 09:29:17,423.7,4102874
2021-06-22 09:29:18,423.65,4102929
2021-06-22 09:29:20,423.7,4104864
2021-06-22 09:29:19,423.7,4104377
2021-06-22 09:29:21,423.65,4106874
2021-06-22 09:29:22,423.7,4107452
2021-06-22 09:29:23,423.7,4110447
2021-06-22 09:29:24,423.5,4112216
2021-06-22 09:29:25,423.7,4112526
2021-06-22 09:29:26,423.6,4112923
2021-06-22 09:29:28,423.65,4115565
2021-06-22 09:29:30,423.5,4116223
2021-06-22 09:29:31,423.65,4116411
2021-06-22 09:29:32,423.65,4116533
2021-06-22 09:29:33,423.6,4120377
2021-06-22 09:29:34,423.75,4123289
2021-06-22 09:29:35,423.65,4125448
2021-06-22 09:29:36,423.75,4127346
2021-06-22 09:29:38,423.7,4132622
2021-06-22 09:29:39,423.7,4133344
2021-06-22 09:29:40,423.7,4133579
2021-06-22 09:29:41,423.7,4133902
2021-06-22 09:29:42,423.7,4134549
2021-06-22 09:29:43,423.7,4135013
2021-06-22 09:29:43,423.55,4135514
2021-06-22 09:29:45,423.7,4137204
2021-06-22 09:29:46,423.7,4137908
2021-06-22 09:29:47,423.7,4138019
2021-06-22 09:29:48,423.75,4142345
2021-06-22 09:29:49,423.7,4142527
2021-06-22 09:29:49,423.7,4142528
2021-06-22 09:29:50,423.6,4143492
2021-06-22 09:29:51,423.65,4144931
2021-06-22 09:29:52,423.7,4146015
2021-06-22 09:29:53,423.7,4149062
2021-06-22 09:29:54,423.7,4149312
2021-06-22 09:29:55,423.6,4150515
2021-06-22 09:29:56,423.55,4154168
2021-06-22 09:29:58,423.6,4155859
2021-06-22 09:29:59,423.7,4161594
2021-06-22 09:30:00,423.65,4163309
2021-06-22 09:30:01,423.65,4165472
2021-06-22 09:30:02,423.6,4166477
2021-06-22 09:30:03,423.5,4167237
2021-06-22 09:30:04,423.5,4171044
2021-06-22 09:30:05,423.5,4190529
2021-06-22 09:30:06,423.55,4193738
2021-06-22 09:30:07,423.5,4195111
2021-06-22 09:30:08,423.6,4197366
2021-06-22 09:30:09,423.55,4200983
2021-06-22 09:30:11,423.3,4234501
2021-06-22 09:30:12,423.25,4237921
2021-06-22 09:30:13,423.2,4242222
2021-06-22 09:30:14,423.2,4242243
2021-06-22 09:30:15,423.0,4251033
2021-06-22 09:30:16,423.05,4270040
2021-06-22 09:30:17,423.0,4270428
2021-06-22 09:30:18,423.0,4285346
2021-06-22 09:30:19,423.0,4285875
2021-06-22 09:30:20,423.05,4286109
2021-06-22 09:30:21,423.05,4287717
2021-06-22 09:30:22,423.05,4288141
2021-06-22 09:30:23,423.0,4288255
2021-06-22 09:30:24,423.05,4288505
2021-06-22 09:30:25,423.05,4313662
2021-06-22 09:30:27,423.1,4317648
2021-06-22 09:30:28,423.3,4318598
2021-06-22 09:30:29,423.1,4320678
2021-06-22 09:30:30,423.2,4325732
2021-06-22 09:30:31,423.3,4326191
2021-06-22 09:30:32,423.15,4328222
2021-06-22 09:30:33,423.25,4328712
2021-06-22 09:30:34,423.2,4329265
2021-06-22 09:30:35,423.2,4330517
2021-06-22 09:30:36,423.2,4330767
2021-06-22 09:30:37,423.1,4331530
2021-06-22 09:30:38,423.15,4331671
2021-06-22 09:30:39,423.15,4332357
2021-06-22 09:30:40,423.2,4335475
2021-06-22 09:30:41,423.1,4336550
2021-06-22 09:30:42,423.1,4336964
2021-06-22 09:30:43,423.15,4337389
2021-06-22 09:30:45,423.15,4338526
2021-06-22 09:30:44,423.15,4337827
2021-06-22 09:30:46,423.15,4338974
2021-06-22 09:30:47,423.1,4339286
2021-06-22 09:30:48,423.15,4339602
2021-06-22 09:30:49,423.05,4339955
2021-06-22 09:30:50,423.05,4343395
2021-06-22 09:30:51,423.05,4343590
2021-06-22 09:30:52,423.05,4343695
2021-06-22 09:30:53,423.0,4346003
2021-06-22 09:30:54,423.0,4347463
2021-06-22 09:30:55,422.7,4381735
2021-06-22 09:30:56,422.65,4382612
2021-06-22 09:30:57,422.85,4385221
2021-06-22 09:30:58,423.0,4389188
2021-06-22 09:30:59,423.0,4389193
2021-06-22 09:31:00,422.85,4389838
2021-06-22 09:31:01,422.85,4391958
2021-06-22 09:31:02,422.75,4392175
2021-06-22 09:31:03,422.8,4393529
2021-06-22 09:31:04,422.75,4393774
2021-06-22 09:31:05,422.75,4395552
2021-06-22 09:31:06,422.45,4410725
2021-06-22 09:31:07,422.4,4418539
2021-06-22 09:31:08,422.5,4419469
2021-06-22 09:31:09,422.6,4422615
2021-06-22 09:31:11,422.6,4422990
2021-06-22 09:31:12,422.45,4425349
2021-06-22 09:31:13,422.5,4425578
2021-06-22 09:31:17,422.6,4437187
2021-06-22 09:31:18,422.5,4438312
2021-06-22 09:31:19,422.5,4446789
2021-06-22 09:31:20,422.45,4447090
2021-06-22 09:31:21,422.55,4448043
2021-06-22 09:31:22,422.6,4451435
2021-06-22 09:31:23,422.5,4452002
2021-06-22 09:31:24,422.45,4454281
2021-06-22 09:31:27,422.65,4468140
2021-06-22 09:31:28,422.6,4489859
2021-06-22 09:31:29,422.65,4493593
2021-06-22 09:31:30,422.7,4495592
2021-06-22 09:31:31,422.95,4523908
2021-06-22 09:31:32,422.85,4526094
2021-06-22 09:31:33,423.0,4533512
2021-06-22 09:31:34,423.15,4533751
2021-06-22 09:31:35,423.0,4537809
2021-06-22 09:31:36,423.2,4543172
2021-06-22 09:31:37,423.2,4543813
2021-06-22 09:31:39,423.3,4547895
2021-06-22 09:31:40,423.3,4548215
2021-06-22 09:31:41,423.15,4548988
2021-06-22 09:31:42,423.15,4549602
2021-06-22 09:31:43,423.15,4549737
2021-06-22 09:31:44,423.15,4551163
2021-06-22 09:31:45,423.3,4556030
2021-06-22 09:31:46,423.2,4556224
2021-06-22 09:31:47,423.15,4557142
2021-06-22 09:31:48,423.1,4559345
2021-06-22 09:31:49,423.15,4559622
2021-06-22 09:31:50,423.35,4564373
2021-06-22 09:31:51,423.3,4569636
2021-06-22 09:31:52,423.3,4570116
2021-06-22 09:31:53,423.35,4570591
2021-06-22 09:31:54,423.3,4571502
2021-06-22 09:31:55,423.3,4572641
2021-06-22 09:31:56,423.3,4575781
2021-06-22 09:31:57,423.3,4576280
2021-06-22 09:31:58,423.15,4577612
2021-06-22 09:31:59,423.25,4578397
2021-06-22 09:32:01,423.3,4579128
2021-06-22 09:32:02,423.15,4579317
2021-06-22 09:32:03,423.1,4581289
2021-06-22 09:32:04,423.3,4583234
2021-06-22 09:32:05,423.3,4584269
2021-06-22 09:32:06,423.3,4585094
2021-06-22 09:32:07,423.3,4585094
2021-06-22 09:32:08,423.25,4587280
2021-06-22 09:32:09,423.3,4587849
2021-06-22 09:32:10,423.2,4590470
2021-06-22 09:32:11,423.3,4591270
2021-06-22 09:32:12,423.25,4591804
2021-06-22 09:32:13,423.3,4591941
2021-06-22 09:32:14,423.2,4591971
2021-06-22 09:32:15,423.15,4593645
2021-06-22 09:32:16,423.35,4596693
2021-06-22 09:32:17,423.35,4599360
2021-06-22 09:32:18,423.3,4599522
2021-06-22 09:32:19,423.2,4600338
2021-06-22 09:32:20,423.3,4600524
2021-06-22 09:32:21,423.25,4602173
2021-06-22 09:32:23,423.25,4602697
2021-06-22 09:32:23,423.25,4602697
2021-06-22 09:32:25,423.2,4604505
2021-06-22 09:32:26,423.25,4606169
2021-06-22 09:32:27,423.2,4606272
2021-06-22 09:32:28,423.2,4607684
2021-06-22 09:32:29,423.35,4611500
2021-06-22 09:32:31,423.3,4613006
2021-06-22 09:32:32,423.3,4613048
2021-06-22 09:32:33,423.3,4614478
2021-06-22 09:32:34,423.25,4615059
2021-06-22 09:32:35,423.35,4615233
2021-06-22 09:32:36,423.25,4615241
2021-06-22 09:32:36,423.25,4615623
2021-06-22 09:32:37,423.3,4616324
2021-06-22 09:32:38,423.25,4619997
2021-06-22 09:32:39,423.25,4621520
2021-06-22 09:32:41,423.3,4622112
2021-06-22 09:32:41,423.35,4622162
2021-06-22 09:32:42,423.25,4622382
2021-06-22 09:32:43,423.4,4622882
2021-06-22 09:32:44,423.35,4623787
2021-06-22 09:32:45,423.4,4624940
2021-06-22 09:32:47,423.55,4657337
2021-06-22 09:32:48,423.4,4658705
2021-06-22 09:32:49,423.35,4659161
2021-06-22 09:32:50,423.5,4671336
2021-06-22 09:32:51,423.5,4674141
2021-06-22 09:32:51,423.55,4674142
2021-06-22 09:32:52,423.6,4676309
2021-06-22 09:32:53,423.55,4677144
2021-06-22 09:32:54,423.55,4677626
2021-06-22 09:32:55,423.5,4677932
2021-06-22 09:32:56,423.6,4678174
2021-06-22 09:32:58,423.65,4678609
2021-06-22 09:32:58,423.6,4678740
2021-06-22 09:32:59,423.55,4678893
2021-06-22 09:33:00,423.55,4678969
2021-06-22 09:33:01,423.55,4679485
2021-06-22 09:33:02,423.6,4680016
2021-06-22 09:33:03,423.5,4680232
2021-06-22 09:33:05,423.55,4680252
2021-06-22 09:33:06,423.55,4687768
2021-06-22 09:33:06,423.55,4687768
2021-06-22 09:33:07,423.55,4687977
2021-06-22 09:33:08,423.55,4688313
2021-06-22 09:33:09,423.55,4688953
2021-06-22 09:33:10,423.5,4689103
2021-06-22 09:33:11,423.5,4689203
2021-06-22 09:33:12,423.55,4692188
2021-06-22 09:33:13,423.55,4692673
2021-06-22 09:33:14,423.55,4692693
2021-06-22 09:33:16,423.5,4693532
2021-06-22 09:33:17,423.55,4696763
2021-06-22 09:33:18,423.5,4697347
2021-06-22 09:33:18,423.5,4697347
2021-06-22 09:33:19,423.5,4698189
2021-06-22 09:33:20,423.55,4698905
2021-06-22 09:33:21,423.55,4699171
2021-06-22 09:33:22,423.55,4699749
2021-06-22 09:33:23,423.55,4699949
2021-06-22 09:33:24,423.6,4703643
2021-06-22 09:33:25,423.7,4703698
2021-06-22 09:33:26,423.65,4704152
2021-06-22 09:33:28,423.65,4706064
2021-06-22 09:33:29,423.65,4706332
2021-06-22 09:33:31,423.65,4707689
2021-06-22 09:33:32,423.7,4708892
2021-06-22 09:33:33,423.6,4709563
2021-06-22 09:33:34,423.65,4710666
2021-06-22 09:33:35,423.7,4710746
2021-06-22 09:33:37,423.65,4715821
2021-06-22 09:33:38,423.65,4716152
2021-06-22 09:33:39,423.6,4717055
2021-06-22 09:33:40,423.6,4718478
2021-06-22 09:33:42,423.65,4719429
2021-06-22 09:33:43,423.6,4720722
2021-06-22 09:33:43,423.6,4720520
2021-06-22 09:33:44,423.6,4721040
2021-06-22 09:33:45,423.65,4721390
2021-06-22 09:33:46,423.65,4722123
2021-06-22 09:33:48,423.3,4729466
2021-06-22 09:33:49,423.25,4733633
2021-06-22 09:33:50,423.25,4734254
2021-06-22 09:33:51,423.15,4738901
2021-06-22 09:33:52,423.1,4740331
2021-06-22 09:33:53,423.05,4740847
2021-06-22 09:33:56,423.15,4744561
2021-06-22 09:33:58,423.25,4745502
2021-06-22 09:33:59,423.25,4745817
2021-06-22 09:33:59,423.1,4746017
2021-06-22 09:34:00,423.2,4746311
2021-06-22 09:34:01,423.15,4746912
2021-06-22 09:34:02,423.0,4746962
2021-06-22 09:34:03,423.0,4747962
2021-06-22 09:34:04,423.0,4749729
2021-06-22 09:34:05,423.1,4750069
2021-06-22 09:34:06,423.1,4750476
2021-06-22 09:34:09,423.0,4763873
2021-06-22 09:34:10,423.1,4764138
2021-06-22 09:34:11,423.1,4765778
2021-06-22 09:34:12,423.2,4766380
2021-06-22 09:34:13,423.2,4766450
2021-06-22 09:34:14,423.2,4767607
2021-06-22 09:34:15,423.1,4768219
2021-06-22 09:34:16,423.15,4768814
2021-06-22 09:34:17,423.1,4768940
2021-06-22 09:34:18,423.2,4769027
2021-06-22 09:34:19,423.1,4770782
2021-06-22 09:34:20,423.1,4770876
2021-06-22 09:34:21,423.05,4771049
2021-06-22 09:34:22,423.2,4771529
2021-06-22 09:34:23,423.0,4773920
2021-06-22 09:34:25,423.15,4775097
2021-06-22 09:34:26,423.3,4800373
2021-06-22 09:34:27,423.2,4800598
2021-06-22 09:34:28,423.15,4801054
2021-06-22 09:34:29,423.2,4801504
2021-06-22 09:34:30,423.2,4801871
2021-06-22 09:34:31,423.2,4803009
2021-06-22 09:34:33,423.3,4830338
2021-06-22 09:34:34,423.15,4831335
2021-06-22 09:34:35,423.15,4831999
2021-06-22 09:34:36,423.5,4914899
2021-06-22 09:34:37,423.5,4915078
2021-06-22 09:34:38,423.5,4915349
2021-06-22 09:34:39,423.5,4919145
2021-06-22 09:34:41,423.5,4919476
2021-06-22 09:34:42,423.55,4920431
2021-06-22 09:34:42,423.55,4920347
2021-06-22 09:34:43,423.5,4923751
2021-06-22 09:34:44,423.5,4923885
2021-06-22 09:34:45,423.5,5009249
2021-06-22 09:34:46,423.55,5009795
2021-06-22 09:34:47,423.5,5009828
2021-06-22 09:34:49,423.55,5013030
2021-06-22 09:34:50,423.55,5019894
2021-06-22 09:34:51,423.5,5022777
2021-06-22 09:34:52,423.5,5024598
2021-06-22 09:34:53,423.5,5025888
2021-06-22 09:34:55,423.5,5026192
2021-06-22 09:34:56,423.5,5029608
2021-06-22 09:34:57,423.5,5032711
2021-06-22 09:34:59,423.55,5036336
2021-06-22 09:35:01,423.5,5046805
2021-06-22 09:35:02,423.55,5049910
2021-06-22 09:35:02,423.55,5049910
2021-06-22 09:35:03,423.5,5051655
2021-06-22 09:35:04,423.5,5054824
2021-06-22 09:35:06,423.55,5055877
2021-06-22 09:35:07,423.5,5057154
2021-06-22 09:35:07,423.5,5057154
2021-06-22 09:35:08,423.55,5058816
2021-06-22 09:35:09,423.5,5059447
2021-06-22 09:35:10,423.5,5060334
2021-06-22 09:35:12,423.5,5067396
2021-06-22 09:35:13,423.5,5070764
2021-06-22 09:35:14,423.5,5072274
2021-06-22 09:35:15,423.5,5073117
2021-06-22 09:35:16,423.5,5073247
2021-06-22 09:35:17,423.5,5073296
2021-06-22 09:35:18,423.55,5073441
2021-06-22 09:35:19,423.55,5074389
2021-06-22 09:35:20,423.6,5074401
2021-06-22 09:35:21,423.55,5074789
2021-06-22 09:35:21,423.6,5074799
2021-06-22 09:35:22,423.55,5074967
2021-06-22 09:35:23,423.65,5075089
2021-06-22 09:35:25,423.55,5081196
2021-06-22 09:35:26,423.7,5081512
2021-06-22 09:35:26,423.8,5106971
2021-06-22 09:35:29,423.9,5113073
2021-06-22 09:35:30,423.9,5114191
2021-06-22 09:35:31,423.9,5114259
2021-06-22 09:35:32,423.75,5124275
2021-06-22 09:35:33,423.9,5124873
2021-06-22 09:35:34,423.85,5125276
2021-06-22 09:35:35,423.85,5130470
2021-06-22 09:35:36,423.8,5131037
2021-06-22 09:35:37,423.8,5131263
2021-06-22 09:35:38,423.9,5131463
2021-06-22 09:35:39,423.7,5142442
2021-06-22 09:35:40,423.65,5143264
2021-06-22 09:35:42,423.6,5147173
2021-06-22 09:35:44,423.65,5148460
2021-06-22 09:35:45,423.65,5149602
2021-06-22 09:35:45,423.85,5149678
2021-06-22 09:35:46,423.8,5150008
2021-06-22 09:35:47,423.8,5153106
2021-06-22 09:35:49,423.8,5153201
2021-06-22 09:35:51,423.85,5154523
2021-06-22 09:35:52,423.8,5156025
2021-06-22 09:35:53,423.8,5156225
2021-06-22 09:35:54,423.75,5158213
2021-06-22 09:35:55,423.8,5159343
2021-06-22 09:35:56,423.9,5171829
2021-06-22 09:35:56,423.95,5171989
2021-06-22 09:35:57,423.95,5172304
2021-06-22 09:36:00,423.8,5175515
2021-06-22 09:36:01,423.9,5176739
2021-06-22 09:36:02,423.85,5180412
2021-06-22 09:36:03,423.85,5180918
2021-06-22 09:36:04,423.8,5191326
2021-06-22 09:36:05,423.8,5191699
2021-06-22 09:36:07,423.8,5194287
2021-06-22 09:36:08,423.8,5194457
2021-06-22 09:36:09,423.8,5195967
2021-06-22 09:36:10,423.7,5197596
2021-06-22 09:36:10,423.65,5197616
2021-06-22 09:36:11,423.85,5199746
2021-06-22 09:36:12,423.8,5201404
2021-06-22 09:36:13,423.9,5204239
2021-06-22 09:36:15,423.85,5211072
2021-06-22 09:36:16,423.8,5211077
2021-06-22 09:36:17,423.7,5212712
2021-06-22 09:36:18,423.8,5213445
2021-06-22 09:36:19,423.75,5213711
2021-06-22 09:36:19,423.85,5213811
2021-06-22 09:36:20,423.7,5213939
2021-06-22 09:36:21,423.75,5213949
2021-06-22 09:36:22,423.8,5214778
2021-06-22 09:36:23,423.9,5216981
2021-06-22 09:36:24,423.85,5218352
2021-06-22 09:36:26,423.9,5219520
2021-06-22 09:36:28,423.9,5219648
2021-06-22 09:36:30,423.8,5221887
2021-06-22 09:36:31,423.8,5224047
2021-06-22 09:36:31,423.8,5224077
2021-06-22 09:36:32,423.8,5224699
2021-06-22 09:36:33,423.75,5226617
2021-06-22 09:36:34,423.8,5226742
2021-06-22 09:36:35,423.7,5226985
2021-06-22 09:36:37,423.65,5227019
2021-06-22 09:36:38,423.8,5228807
2021-06-22 09:36:39,423.8,5229704
2021-06-22 09:36:40,423.85,5229755
2021-06-22 09:36:41,423.85,5230094
2021-06-22 09:36:42,423.75,5230434
2021-06-22 09:36:43,423.8,5230568
2021-06-22 09:36:44,423.85,5231330
2021-06-22 09:36:45,423.7,5231683
2021-06-22 09:36:46,423.8,5232340
2021-06-22 09:36:47,423.7,5232933
2021-06-22 09:36:48,423.85,5233445
2021-06-22 09:36:49,423.85,5233634
2021-06-22 09:36:51,423.7,5233886
2021-06-22 09:36:52,423.85,5234651
2021-06-22 09:36:53,423.9,5236529
2021-06-22 09:36:53,423.9,5236534
2021-06-22 09:36:54,423.9,5237808
2021-06-22 09:36:56,423.75,5238164
2021-06-22 09:36:57,423.8,5238195
2021-06-22 09:36:59,423.85,5241419
2021-06-22 09:36:59,423.75,5241399
2021-06-22 09:37:00,423.85,5243192
2021-06-22 09:37:01,423.7,5243242
2021-06-22 09:37:02,423.8,5245033
2021-06-22 09:37:03,423.8,5245089
2021-06-22 09:37:04,423.8,5245614
2021-06-22 09:37:06,423.7,5246335
2021-06-22 09:37:08,423.7,5250270
2021-06-22 09:37:09,423.7,5250915
2021-06-22 09:37:10,423.7,5250931
2021-06-22 09:37:11,423.7,5251570
2021-06-22 09:37:12,423.65,5264883
2021-06-22 09:37:13,423.65,5265073
2021-06-22 09:37:14,423.7,5265074
2021-06-22 09:37:15,423.7,5265318
2021-06-22 09:37:16,423.6,5266083
2021-06-22 09:37:18,423.65,5266890
2021-06-22 09:37:19,423.55,5269429
2021-06-22 09:37:20,423.7,5270675
2021-06-22 09:37:21,423.7,5271450
2021-06-22 09:37:22,423.7,5272061
2021-06-22 09:37:23,423.7,5272192
2021-06-22 09:37:23,423.7,5272192
2021-06-22 09:37:24,423.7,5272446
2021-06-22 09:37:25,423.6,5272608
2021-06-22 09:37:26,423.7,5272990
2021-06-22 09:37:28,423.6,5274667
2021-06-22 09:37:29,423.7,5274694
2021-06-22 09:37:30,423.5,5276216
2021-06-22 09:37:32,423.7,5277450
2021-06-22 09:37:34,423.65,5277571
2021-06-22 09:37:35,423.65,5277967
2021-06-22 09:37:36,423.7,5278296
2021-06-22 09:37:37,423.7,5279084
2021-06-22 09:37:37,423.7,5279084
2021-06-22 09:37:38,423.7,5279391
2021-06-22 09:37:39,423.7,5281361
2021-06-22 09:37:40,423.7,5281445
2021-06-22 09:37:42,423.75,5282858
2021-06-22 09:37:43,423.75,5283232
2021-06-22 09:37:44,423.75,5283351
2021-06-22 09:37:45,423.75,5284844
2021-06-22 09:37:46,423.8,5286554
2021-06-22 09:37:47,423.65,5287341
2021-06-22 09:37:48,423.75,5287492
2021-06-22 09:37:48,423.75,5287493
2021-06-22 09:37:49,423.8,5287823
2021-06-22 09:37:52,423.8,5288742
2021-06-22 09:37:53,423.8,5290695
2021-06-22 09:37:54,423.75,5292565
2021-06-22 09:37:55,423.8,5294382
2021-06-22 09:37:56,423.75,5295395
2021-06-22 09:37:57,423.8,5296142
2021-06-22 09:37:57,423.8,5296167
2021-06-22 09:37:58,423.9,5297462
2021-06-22 09:38:00,423.9,5298089
2021-06-22 09:38:01,423.9,5298705
2021-06-22 09:38:02,423.8,5298922
2021-06-22 09:38:02,423.85,5299057
2021-06-22 09:38:03,423.9,5299454
2021-06-22 09:38:04,423.75,5299809
2021-06-22 09:38:05,423.8,5299943
2021-06-22 09:38:06,423.85,5300037
2021-06-22 09:38:07,423.8,5302157
2021-06-22 09:38:08,423.8,5302794
2021-06-22 09:38:11,423.8,5304171
2021-06-22 09:38:12,423.8,5304526
2021-06-22 09:38:13,423.8,5304903
2021-06-22 09:38:13,423.8,5305024
2021-06-22 09:38:14,423.8,5305564
2021-06-22 09:38:15,423.8,5306647
2021-06-22 09:38:16,423.75,5307062
2021-06-22 09:38:17,423.8,5307824
2021-06-22 09:38:18,423.8,5308025
2021-06-22 09:38:19,423.8,5308137
2021-06-22 09:38:21,423.8,5308986
2021-06-22 09:38:22,423.8,5309749
2021-06-22 09:38:23,423.7,5310583
2021-06-22 09:38:24,423.7,5311687
2021-06-22 09:38:25,423.6,5312107
2021-06-22 09:38:26,423.6,5312478
2021-06-22 09:38:26,423.65,5312483
2021-06-22 09:38:27,423.6,5312828
2021-06-22 09:38:28,423.75,5313365
2021-06-22 09:38:29,423.8,5316260
2021-06-22 09:38:31,423.7,5317154
2021-06-22 09:38:32,423.65,5317242
2021-06-22 09:38:33,423.8,5317417
2021-06-22 09:38:34,423.75,5317570
2021-06-22 09:38:35,423.7,5318211
2021-06-22 09:38:36,423.8,5318723
2021-06-22 09:38:37,423.75,5318821
2021-06-22 09:38:37,423.75,5318821
2021-06-22 09:38:38,423.65,5318887
2021-06-22 09:38:39,423.65,5319066
2021-06-22 09:38:41,423.7,5319182
2021-06-22 09:38:42,423.8,5319381
2021-06-22 09:38:44,423.8,5319946
2021-06-22 09:38:45,423.8,5320012
2021-06-22 09:38:46,423.6,5321636
2021-06-22 09:38:47,423.7,5322010
2021-06-22 09:38:48,423.6,5322341
2021-06-22 09:38:48,423.6,5322341
2021-06-22 09:38:50,423.75,5322623
2021-06-22 09:38:51,423.6,5329432
2021-06-22 09:38:52,423.6,5330078
2021-06-22 09:38:53,423.5,5334240
2021-06-22 09:38:53,423.5,5334240
2021-06-22 09:38:55,423.6,5339121
2021-06-22 09:38:56,423.6,5340434
2021-06-22 09:38:57,423.6,5341262
2021-06-22 09:38:58,423.55,5344622
2021-06-22 09:38:58,423.55,5344622
2021-06-22 09:38:59,423.55,5344679
2021-06-22 09:39:01,423.55,5351894
2021-06-22 09:39:02,423.6,5398311
2021-06-22 09:39:03,423.55,5403168
2021-06-22 09:39:04,423.55,5403200
2021-06-22 09:39:06,423.55,5407338
2021-06-22 09:39:07,423.5,5407488
2021-06-22 09:39:08,423.55,5407514
2021-06-22 09:39:08,423.5,5407499
2021-06-22 09:39:09,423.5,5408219
2021-06-22 09:39:11,423.5,5413014
2021-06-22 09:39:12,423.5,5414123
2021-06-22 09:39:13,423.6,5414726
2021-06-22 09:39:14,423.55,5414801
2021-06-22 09:39:15,423.5,5418577
2021-06-22 09:39:17,423.6,5423414
2021-06-22 09:39:17,423.5,5422414
2021-06-22 09:39:18,423.8,5445843
2021-06-22 09:39:20,423.75,5447421
2021-06-22 09:39:21,423.8,5447536
2021-06-22 09:39:22,423.75,5448161
2021-06-22 09:39:23,423.75,5448199
2021-06-22 09:39:23,423.75,5448199
2021-06-22 09:39:24,423.7,5449140
2021-06-22 09:39:25,423.75,5449501
2021-06-22 09:39:27,423.8,5449860
2021-06-22 09:39:28,423.95,5495426
2021-06-22 09:39:29,424.0,5495983
2021-06-22 09:39:30,423.95,5496846
2021-06-22 09:39:31,424.0,5498205
2021-06-22 09:39:31,424.0,5498205
2021-06-22 09:39:33,423.95,5498987
2021-06-22 09:39:34,424.25,5541386
2021-06-22 09:39:35,424.45,5548975
2021-06-22 09:39:36,424.4,5550536
2021-06-22 09:39:37,424.5,5555913
2021-06-22 09:39:38,424.35,5558405
2021-06-22 09:39:39,424.15,5563067
2021-06-22 09:39:40,424.2,5563442
2021-06-22 09:39:40,424.35,5564622
2021-06-22 09:39:42,424.3,5565712
2021-06-22 09:39:43,424.25,5567956
2021-06-22 09:39:44,424.2,5568006
2021-06-22 09:39:45,424.2,5568805
2021-06-22 09:39:46,424.2,5568902
2021-06-22 09:39:47,424.2,5570673
2021-06-22 09:39:48,423.95,5574322
2021-06-22 09:39:49,424.15,5574542
2021-06-22 09:39:50,424.15,5574735
2021-06-22 09:39:52,424.15,5576054
2021-06-22 09:39:53,424.15,5576612
2021-06-22 09:39:54,424.0,5576810
2021-06-22 09:39:55,424.2,5581312
2021-06-22 09:39:57,424.2,5586109
2021-06-22 09:39:58,424.25,5586806
2021-06-22 09:39:59,424.2,5587219
2021-06-22 09:40:00,424.1,5590134
2021-06-22 09:40:01,424.15,5591832
2021-06-22 09:40:02,424.05,5593443
2021-06-22 09:40:03,424.15,5594598
2021-06-22 09:40:04,424.15,5595624
2021-06-22 09:40:05,424.0,5597505
2021-06-22 09:40:06,424.0,5597948
2021-06-22 09:40:07,424.0,5605716
2021-06-22 09:40:08,423.9,5615389
2021-06-22 09:40:09,423.9,5615752
2021-06-22 09:40:10,423.65,5625146
2021-06-22 09:40:11,423.6,5626282
2021-06-22 09:40:12,423.7,5628234
2021-06-22 09:40:13,423.8,5631412
2021-06-22 09:40:14,423.8,5631724
2021-06-22 09:40:15,423.8,5639481
2021-06-22 09:40:16,423.95,5639582
2021-06-22 09:40:16,423.95,5639782
2021-06-22 09:40:17,423.9,5640371
2021-06-22 09:40:19,423.95,5640770
2021-06-22 09:40:20,424.0,5642821
2021-06-22 09:40:21,424.05,5643339
2021-06-22 09:40:22,424.05,5644332
2021-06-22 09:40:23,424.1,5649092
2021-06-22 09:40:25,424.1,5650276
2021-06-22 09:40:26,424.05,5650697
2021-06-22 09:40:27,424.05,5653921
2021-06-22 09:40:28,424.1,5654434
2021-06-22 09:40:29,424.1,5655579
2021-06-22 09:40:30,424.0,5655682
2021-06-22 09:40:31,424.1,5656008
2021-06-22 09:40:32,424.1,5656391
2021-06-22 09:40:33,423.9,5658251
2021-06-22 09:40:34,424.0,5659368
2021-06-22 09:40:35,423.9,5659967
2021-06-22 09:40:36,424.05,5660416
2021-06-22 09:40:37,423.95,5664832
2021-06-22 09:40:38,423.95,5665783
2021-06-22 09:40:39,424.0,5667717
2021-06-22 09:40:40,423.95,5667752
2021-06-22 09:40:41,423.9,5675153
2021-06-22 09:40:42,424.0,5677185
2021-06-22 09:40:43,424.0,5677542
2021-06-22 09:40:44,423.8,5680726
2021-06-22 09:40:45,424.05,5682641
2021-06-22 09:40:46,424.05,5682641
2021-06-22 09:40:47,423.8,5683021
2021-06-22 09:40:49,424.0,5684179
2021-06-22 09:40:50,424.05,5689502
2021-06-22 09:40:51,423.9,5689526
2021-06-22 09:40:52,423.85,5689838
2021-06-22 09:40:54,424.1,5691115
2021-06-22 09:40:56,424.05,5706025
2021-06-22 09:40:57,424.0,5707035
2021-06-22 09:40:58,424.0,5708552
2021-06-22 09:40:59,423.95,5711267
2021-06-22 09:41:00,423.9,5711361
2021-06-22 09:41:01,424.0,5711401
2021-06-22 09:41:02,423.95,5711625
2021-06-22 09:41:03,423.85,5722191
2021-06-22 09:41:04,423.8,5724234
2021-06-22 09:41:05,423.95,5724678
2021-06-22 09:41:06,423.8,5726079
2021-06-22 09:41:07,423.95,5726503
2021-06-22 09:41:09,423.85,5727603
2021-06-22 09:41:10,423.8,5727620
2021-06-22 09:41:11,423.9,5728733
2021-06-22 09:41:12,423.95,5730058
2021-06-22 09:41:13,423.95,5730119
2021-06-22 09:41:14,423.9,5730186
2021-06-22 09:41:15,424.0,5730266
2021-06-22 09:41:17,424.0,5730580
2021-06-22 09:41:16,424.0,5730577
2021-06-22 09:41:18,423.85,5733249
2021-06-22 09:41:19,423.9,5736225
2021-06-22 09:41:22,423.9,5747162
2021-06-22 09:41:23,423.75,5747192
2021-06-22 09:41:24,423.85,5747986
2021-06-22 09:41:25,423.85,5748852
2021-06-22 09:41:26,423.65,5749240
2021-06-22 09:41:27,423.65,5749260
2021-06-22 09:41:28,423.7,5749526
2021-06-22 09:41:29,423.75,5750154
2021-06-22 09:41:30,423.7,5750464
2021-06-22 09:41:31,423.7,5751212
2021-06-22 09:41:32,423.75,5754057
2021-06-22 09:41:33,423.65,5759310
2021-06-22 09:41:34,423.75,5760977
2021-06-22 09:41:35,423.75,5761196
2021-06-22 09:41:36,423.7,5761975
2021-06-22 09:41:37,423.65,5765561
2021-06-22 09:41:38,423.7,5768455
2021-06-22 09:41:40,423.7,5772074
2021-06-22 09:41:39,423.55,5768649
2021-06-22 09:41:41,423.65,5777130
2021-06-22 09:41:42,423.6,5777582
2021-06-22 09:41:43,423.65,5777838
2021-06-22 09:41:44,423.65,5777838
2021-06-22 09:41:45,423.6,5787007
2021-06-22 09:41:46,423.6,5787236
2021-06-22 09:41:47,423.65,5788513
2021-06-22 09:41:48,423.6,5797233
2021-06-22 09:41:49,423.75,5797398
2021-06-22 09:41:50,423.7,5798791
2021-06-22 09:41:51,423.7,5798906
2021-06-22 09:41:52,423.55,5799910
2021-06-22 09:41:54,423.6,5800979
2021-06-22 09:41:55,423.65,5801665
2021-06-22 09:41:56,423.65,5801915
2021-06-22 09:41:57,423.6,5802258
2021-06-22 09:41:59,423.7,5805884
2021-06-22 09:42:00,423.7,5805967
2021-06-22 09:42:01,423.7,5806069
2021-06-22 09:42:02,423.7,5806072
2021-06-22 09:42:03,423.7,5806230
2021-06-22 09:42:04,423.7,5807090
2021-06-22 09:42:05,423.6,5807176
2021-06-22 09:42:06,423.5,5807377
2021-06-22 09:42:07,423.65,5808320
2021-06-22 09:42:08,423.6,5808652
2021-06-22 09:42:09,423.6,5808672
2021-06-22 09:42:10,423.6,5809109
2021-06-22 09:42:11,423.55,5810105
2021-06-22 09:42:12,423.55,5810105
2021-06-22 09:42:13,423.55,5810523
2021-06-22 09:42:14,423.6,5811961
2021-06-22 09:42:15,423.5,5877857
2021-06-22 09:42:16,423.6,5877867
2021-06-22 09:42:17,423.55,5879052
2021-06-22 09:42:18,423.6,5888722
2021-06-22 09:42:19,423.6,5890094
2021-06-22 09:42:21,423.7,5890286
2021-06-22 09:42:20,423.6,5890285
2021-06-22 09:42:22,423.55,5891918
2021-06-22 09:42:23,423.7,5892052
2021-06-22 09:42:24,423.6,5893733
2021-06-22 09:42:25,423.7,5893883
2021-06-22 09:42:26,423.6,5895355
2021-06-22 09:42:27,423.7,5895406
2021-06-22 09:42:28,423.75,5896638
2021-06-22 09:42:29,423.75,5896748
2021-06-22 09:42:30,423.75,5897558
2021-06-22 09:42:31,423.7,5897784
2021-06-22 09:42:32,423.7,5897784
2021-06-22 09:42:33,423.65,5899304
2021-06-22 09:42:34,423.8,5899394
2021-06-22 09:42:35,423.7,5899533
2021-06-22 09:42:36,423.7,5899743
2021-06-22 09:42:37,423.6,5902071
2021-06-22 09:42:38,423.65,5902332
2021-06-22 09:42:40,423.75,5904755
2021-06-22 09:42:39,423.75,5904755
2021-06-22 09:42:43,423.85,5906770
2021-06-22 09:42:44,423.85,5907893
2021-06-22 09:42:44,423.85,5907893
2021-06-22 09:42:46,423.85,5908659
2021-06-22 09:42:47,423.8,5909848
2021-06-22 09:42:48,423.8,5910017
2021-06-22 09:42:49,423.85,5910951
2021-06-22 09:42:52,423.8,5911520
2021-06-22 09:42:52,423.8,5911410
2021-06-22 09:42:53,423.9,5911728
2021-06-22 09:42:54,423.9,5912251
2021-06-22 09:42:55,423.9,5913024
2021-06-22 09:42:56,423.8,5913092
2021-06-22 09:42:57,423.85,5913194
2021-06-22 09:42:59,423.8,5913647
2021-06-22 09:43:00,423.85,5913751
2021-06-22 09:43:01,423.8,5914252
2021-06-22 09:43:01,423.8,5914252
2021-06-22 09:43:02,423.75,5914354
2021-06-22 09:43:03,423.8,5914532
2021-06-22 09:43:04,423.8,5914838
2021-06-22 09:43:06,423.75,5918037
2021-06-22 09:43:09,423.75,5920485
2021-06-22 09:43:09,423.75,5921494
2021-06-22 09:43:10,423.75,5923588
2021-06-22 09:43:11,423.65,5928153
2021-06-22 09:43:12,423.55,5930134
2021-06-22 09:43:14,423.7,5930539
2021-06-22 09:43:14,423.7,5930539
2021-06-22 09:43:15,423.7,5931156
2021-06-22 09:43:16,423.7,5932306
2021-06-22 09:43:17,423.7,5933020
2021-06-22 09:43:18,423.7,5933575
2021-06-22 09:43:20,423.7,5933685
2021-06-22 09:43:21,423.7,5933804
2021-06-22 09:43:22,423.7,5933856
2021-06-22 09:43:23,423.6,5934573
2021-06-22 09:43:23,423.6,5934573
2021-06-22 09:43:25,423.7,5935828
2021-06-22 09:43:26,423.7,5936467
2021-06-22 09:43:27,423.75,5936997
2021-06-22 09:43:28,423.7,5937210
2021-06-22 09:43:29,423.7,5937911
2021-06-22 09:43:31,423.6,5938725
2021-06-22 09:43:32,423.6,5938819
2021-06-22 09:43:32,423.6,5938819
2021-06-22 09:43:33,423.55,5940794
2021-06-22 09:43:34,423.6,5941003
2021-06-22 09:43:35,423.55,5941590
2021-06-22 09:43:36,423.5,5943309
2021-06-22 09:43:38,423.55,5949822
2021-06-22 09:43:39,423.6,5950147
2021-06-22 09:43:40,423.55,5950467
2021-06-22 09:43:43,423.5,5982083
2021-06-22 09:43:43,423.5,5982083
2021-06-22 09:43:44,423.55,5982176
2021-06-22 09:43:45,423.55,5982535
2021-06-22 09:43:46,423.6,5988585
2021-06-22 09:43:47,423.5,5988644
2021-06-22 09:43:48,423.5,5992112
2021-06-22 09:43:49,423.6,5994513
2021-06-22 09:43:51,423.6,5998927
2021-06-22 09:43:53,423.5,5999387
2021-06-22 09:43:54,423.6,6000829
2021-06-22 09:43:55,423.7,6012795
2021-06-22 09:43:55,423.7,6012795
2021-06-22 09:43:56,423.8,6016555
2021-06-22 09:43:57,423.75,6018392
2021-06-22 09:43:58,423.75,6018452
2021-06-22 09:43:59,423.75,6018717
2021-06-22 09:44:00,423.9,6018773
2021-06-22 09:44:02,423.85,6018777
2021-06-22 09:44:02,423.9,6018788
2021-06-22 09:44:03,423.9,6019074
2021-06-22 09:44:04,423.9,6019305
2021-06-22 09:44:05,423.85,6019326
2021-06-22 09:44:07,423.9,6020001
2021-06-22 09:44:08,423.75,6020071
2021-06-22 09:44:09,423.9,6020072
2021-06-22 09:44:11,423.8,6020483
2021-06-22 09:44:12,423.8,6020507
2021-06-22 09:44:12,423.8,6020507
2021-06-22 09:44:14,423.75,6021279
2021-06-22 09:44:14,423.75,6021279
2021-06-22 09:44:15,423.85,6022133
2021-06-22 09:44:16,423.65,6023067
2021-06-22 09:44:17,423.85,6024603
2021-06-22 09:44:19,423.75,6024764
2021-06-22 09:44:20,423.75,6025510
2021-06-22 09:44:21,423.75,6025510
2021-06-22 09:44:22,423.75,6025547
2021-06-22 09:44:23,423.8,6026107
2021-06-22 09:44:24,423.8,6026337
2021-06-22 09:44:25,423.7,6026968
2021-06-22 09:44:26,423.8,6027116
2021-06-22 09:44:28,423.7,6029464
2021-06-22 09:44:29,423.75,6031283
2021-06-22 09:44:30,423.6,6033093
2021-06-22 09:44:31,423.65,6036205
2021-06-22 09:44:31,423.8,6036207
2021-06-22 09:44:32,423.7,6036358
2021-06-22 09:44:33,423.7,6036633
2021-06-22 09:44:34,423.8,6037631
2021-06-22 09:44:35,423.8,6037869
2021-06-22 09:44:36,423.8,6038555
2021-06-22 09:44:38,423.75,6040253
2021-06-22 09:44:38,423.75,6040253
2021-06-22 09:44:39,423.8,6040679
2021-06-22 09:44:41,423.85,6044601
2021-06-22 09:44:42,423.95,6047179
2021-06-22 09:44:43,424.0,6047767
2021-06-22 09:44:44,423.95,6048477
2021-06-22 09:44:45,424.0,6048547
2021-06-22 09:44:46,423.9,6049432
2021-06-22 09:44:47,423.9,6049722
2021-06-22 09:44:48,423.95,6050407
2021-06-22 09:44:50,424.05,6089015
2021-06-22 09:44:51,424.05,6089103
2021-06-22 09:44:52,424.05,6094808
2021-06-22 09:44:53,424.1,6096219
2021-06-22 09:44:54,423.8,6105233
2021-06-22 09:44:56,423.8,6106985
2021-06-22 09:44:57,423.9,6107136
2021-06-22 09:44:58,424.0,6107935
2021-06-22 09:44:59,424.0,6107960
2021-06-22 09:45:00,423.9,6108307
2021-06-22 09:45:01,423.9,6108360
2021-06-22 09:45:02,423.95,6110441
2021-06-22 09:45:03,424.1,6111756
2021-06-22 09:45:03,424.05,6113558
2021-06-22 09:45:04,424.1,6118057
2021-06-22 09:45:05,424.05,6118672
2021-06-22 09:45:06,424.15,6119082
2021-06-22 09:45:08,424.0,6121092
2021-06-22 09:45:09,424.05,6123682
2021-06-22 09:45:09,424.05,6123682
2021-06-22 09:45:10,424.1,6124175
2021-06-22 09:45:13,424.0,6126315
2021-06-22 09:45:14,424.1,6129200
2021-06-22 09:45:15,424.15,6132261
2021-06-22 09:45:16,424.15,6143912
2021-06-22 09:45:18,424.25,6145595
2021-06-22 09:45:19,424.3,6146250
2021-06-22 09:45:21,424.3,6146581
2021-06-22 09:45:22,424.35,6156155
2021-06-22 09:45:23,424.3,6157898
2021-06-22 09:45:24,424.25,6163494
2021-06-22 09:45:25,424.4,6165210
2021-06-22 09:45:27,424.45,6165521
2021-06-22 09:45:28,424.4,6166316
2021-06-22 09:45:28,424.4,6166316
2021-06-22 09:45:29,424.4,6167719
2021-06-22 09:45:30,424.45,6168781
2021-06-22 09:45:31,424.35,6169640
2021-06-22 09:45:32,424.25,6173061
2021-06-22 09:45:33,424.35,6173654
2021-06-22 09:45:35,424.35,6174271
2021-06-22 09:45:36,424.35,6175191
2021-06-22 09:45:36,424.25,6175192
2021-06-22 09:45:37,424.25,6176394
2021-06-22 09:45:38,424.3,6177530
2021-06-22 09:45:39,424.4,6177990
2021-06-22 09:45:41,424.35,6178595
2021-06-22 09:45:42,424.25,6178907
2021-06-22 09:45:43,424.35,6179161
2021-06-22 09:45:44,424.35,6179571
2021-06-22 09:45:45,424.4,6180726
2021-06-22 09:45:47,424.3,6183498
2021-06-22 09:45:48,424.35,6184598
2021-06-22 09:45:49,424.35,6185217
2021-06-22 09:45:51,424.35,6185909
2021-06-22 09:45:52,424.35,6186447
2021-06-22 09:45:52,424.35,6186449
2021-06-22 09:45:53,424.25,6187454
2021-06-22 09:45:54,424.35,6189137
2021-06-22 09:45:55,424.4,6190237
2021-06-22 09:45:57,424.4,6192550
2021-06-22 09:45:58,424.35,6201359
2021-06-22 09:46:00,424.05,6205234
2021-06-22 09:46:01,424.0,6211628
2021-06-22 09:46:01,424.1,6211666
2021-06-22 09:46:02,424.0,6220488
2021-06-22 09:46:03,423.9,6222337
2021-06-22 09:46:04,424.0,6225951
2021-06-22 09:46:05,424.1,6227155
2021-06-22 09:46:06,424.1,6227406
2021-06-22 09:46:07,424.05,6228087
2021-06-22 09:46:08,424.2,6228149
2021-06-22 09:46:10,424.25,6228504
2021-06-22 09:46:11,424.25,6229927
2021-06-22 09:46:12,424.1,6230045
2021-06-22 09:46:12,424.1,6230045
2021-06-22 09:46:13,424.1,6230443
2021-06-22 09:46:14,424.1,6230537
2021-06-22 09:46:15,424.25,6235436
2021-06-22 09:46:16,424.2,6235773
2021-06-22 09:46:18,424.2,6236449
2021-06-22 09:46:19,424.25,6237308
2021-06-22 09:46:20,424.25,6237758
2021-06-22 09:46:21,424.15,6239072
2021-06-22 09:46:22,424.2,6254526
2021-06-22 09:46:24,424.25,6255365
2021-06-22 09:46:25,424.25,6256009
2021-06-22 09:46:25,424.2,6256540
2021-06-22 09:46:26,424.35,6257235
2021-06-22 09:46:27,424.2,6258087
2021-06-22 09:46:29,424.35,6259910
2021-06-22 09:46:30,424.25,6260918
2021-06-22 09:46:30,424.25,6260918
2021-06-22 09:46:31,424.25,6261892
2021-06-22 09:46:32,424.25,6262056
2021-06-22 09:46:33,424.35,6262953
2021-06-22 09:46:35,424.25,6264340
2021-06-22 09:46:36,424.25,6264935
2021-06-22 09:46:37,424.25,6266863
2021-06-22 09:46:38,424.3,6267751
2021-06-22 09:46:40,424.35,6269455
2021-06-22 09:46:40,424.35,6271268
2021-06-22 09:46:41,424.25,6271386
2021-06-22 09:46:42,424.2,6276911
2021-06-22 09:46:43,424.1,6280143
2021-06-22 09:46:44,424.25,6280643
2021-06-22 09:46:45,424.1,6281715
2021-06-22 09:46:47,424.2,6281824
2021-06-22 09:46:47,424.2,6282230
2021-06-22 09:46:49,424.1,6282659
2021-06-22 09:46:50,424.25,6286449
2021-06-22 09:46:51,424.2,6286559
2021-06-22 09:46:51,424.2,6286566
2021-06-22 09:46:52,424.2,6286649
2021-06-22 09:46:54,424.1,6286731
2021-06-22 09:46:56,424.0,6288573
2021-06-22 09:46:57,424.15,6288621
2021-06-22 09:46:59,424.05,6289204
2021-06-22 09:46:59,424.2,6289219
2021-06-22 09:47:01,424.1,6289608
2021-06-22 09:47:02,424.15,6290565
2021-06-22 09:47:03,424.0,6291815
2021-06-22 09:47:04,424.2,6291940
2021-06-22 09:47:05,424.05,6291953
2021-06-22 09:47:06,424.1,6292223
2021-06-22 09:47:08,424.1,6292294
2021-06-22 09:47:09,424.2,6293321
2021-06-22 09:47:10,424.15,6293768
2021-06-22 09:47:11,424.15,6293768
2021-06-22 09:47:12,424.2,6293974
2021-06-22 09:47:13,424.15,6295717
2021-06-22 09:47:14,424.15,6296052
2021-06-22 09:47:15,424.15,6296582
2021-06-22 09:47:17,424.05,6296854
2021-06-22 09:47:18,424.05,6296882
2021-06-22 09:47:20,424.05,6298555
2021-06-22 09:47:21,424.05,6298986
2021-06-22 09:47:22,424.05,6299279
2021-06-22 09:47:22,424.05,6299279
2021-06-22 09:47:23,424.15,6299464
2021-06-22 09:47:24,424.05,6299529
2021-06-22 09:47:25,424.1,6299785
2021-06-22 09:47:26,424.1,6299841
2021-06-22 09:47:28,424.0,6302130
2021-06-22 09:47:29,424.2,6302700
2021-06-22 09:47:30,424.0,6304705
2021-06-22 09:47:31,424.1,6307552
2021-06-22 09:47:32,424.15,6307671
2021-06-22 09:47:33,424.15,6307760
2021-06-22 09:47:34,424.2,6307961
2021-06-22 09:47:35,424.15,6310102
2021-06-22 09:47:37,424.0,6310990
2021-06-22 09:47:38,424.1,6311073
2021-06-22 09:47:39,424.0,6311642
2021-06-22 09:47:40,424.15,6312162
2021-06-22 09:47:41,424.15,6312575
2021-06-22 09:47:42,424.15,6312727
2021-06-22 09:47:42,424.15,6312728
2021-06-22 09:47:43,424.1,6312909
2021-06-22 09:47:44,424.1,6312934
2021-06-22 09:47:45,424.15,6313356
2021-06-22 09:47:47,424.15,6313432
2021-06-22 09:47:48,424.1,6313473
2021-06-22 09:47:49,424.1,6313721
2021-06-22 09:47:49,424.15,6313723
2021-06-22 09:47:50,424.05,6315478
2021-06-22 09:47:51,424.05,6316067
2021-06-22 09:47:53,424.15,6316882
2021-06-22 09:47:54,424.15,6317929
2021-06-22 09:47:55,424.2,6319038
2021-06-22 09:47:56,424.15,6319812
2021-06-22 09:47:57,424.15,6320028
2021-06-22 09:47:58,424.15,6320847
2021-06-22 09:47:59,424.15,6320847
2021-06-22 09:48:00,424.15,6320994
2021-06-22 09:48:01,424.15,6321164
2021-06-22 09:48:02,424.15,6321997
2021-06-22 09:48:04,424.1,6325325
2021-06-22 09:48:05,424.15,6328574
2021-06-22 09:48:06,424.1,6333148
2021-06-22 09:48:06,424.1,6333248
2021-06-22 09:48:07,423.95,6350523
2021-06-22 09:48:08,423.95,6350884
2021-06-22 09:48:09,424.1,6351036
2021-06-22 09:48:10,423.95,6351188
2021-06-22 09:48:11,423.95,6351510
2021-06-22 09:48:12,424.0,6351663
2021-06-22 09:48:13,424.0,6352056
2021-06-22 09:48:14,424.0,6355234
2021-06-22 09:48:16,424.05,6356250
2021-06-22 09:48:16,424.05,6356308
2021-06-22 09:48:17,424.1,6356608
2021-06-22 09:48:18,424.1,6356840
2021-06-22 09:48:19,424.15,6358838
2021-06-22 09:48:20,424.15,6358966
2021-06-22 09:48:21,424.15,6359333
2021-06-22 09:48:25,424.15,6362392
2021-06-22 09:48:26,424.15,6362407
2021-06-22 09:48:27,424.0,6362622
2021-06-22 09:48:28,424.1,6363728
2021-06-22 09:48:29,423.95,6364871
2021-06-22 09:48:29,423.95,6364871
2021-06-22 09:48:30,424.15,6365514
2021-06-22 09:48:32,423.95,6366090
2021-06-22 09:48:33,424.15,6366140
2021-06-22 09:48:34,424.0,6366268
2021-06-22 09:48:34,424.1,6366408
2021-06-22 09:48:35,424.1,6367014
2021-06-22 09:48:36,424.1,6367376
2021-06-22 09:48:37,424.0,6367476
2021-06-22 09:48:39,424.0,6367798
2021-06-22 09:48:41,424.0,6369394
2021-06-22 09:48:42,424.1,6369572
2021-06-22 09:48:42,424.1,6369572
2021-06-22 09:48:43,424.05,6370082
2021-06-22 09:48:44,424.15,6370083
2021-06-22 09:48:45,424.15,6370403
2021-06-22 09:48:46,424.15,6370531
2021-06-22 09:48:47,424.15,6375618
2021-06-22 09:48:51,424.0,6376784
2021-06-22 09:48:52,424.0,6376903
2021-06-22 09:48:53,424.0,6376991
2021-06-22 09:48:54,424.0,6377042
2021-06-22 09:48:54,424.0,6377042
2021-06-22 09:48:55,424.15,6377477
2021-06-22 09:48:56,424.15,6377509
2021-06-22 09:48:57,424.15,6377995
2021-06-22 09:48:58,424.1,6378047
2021-06-22 09:49:00,424.0,6381147
2021-06-22 09:49:01,424.0,6381197
2021-06-22 09:49:02,424.15,6381444
2021-06-22 09:49:04,424.15,6381964
2021-06-22 09:49:05,424.15,6382212
2021-06-22 09:49:06,424.1,6382317
2021-06-22 09:49:06,424.1,6382317
2021-06-22 09:49:08,424.25,6401547
2021-06-22 09:49:09,424.2,6401662
2021-06-22 09:49:10,424.25,6401871
2021-06-22 09:49:11,424.2,6401886
2021-06-22 09:49:12,424.3,6403997
2021-06-22 09:49:13,424.25,6404097
2021-06-22 09:49:14,424.2,6404872
2021-06-22 09:49:14,424.2,6404875
2021-06-22 09:49:16,424.2,6406805
2021-06-22 09:49:17,424.25,6407008
2021-06-22 09:49:18,424.25,6407015
2021-06-22 09:49:18,424.3,6408274
2021-06-22 09:49:20,424.3,6408431
2021-06-22 09:49:21,424.3,6409231
2021-06-22 09:49:21,424.2,6409691
2021-06-22 09:49:22,424.3,6409937
2021-06-22 09:49:24,424.25,6410287
2021-06-22 09:49:25,424.3,6411790
2021-06-22 09:49:26,424.2,6412061
2021-06-22 09:49:27,424.3,6414560
2021-06-22 09:49:28,424.25,6414882
2021-06-22 09:49:29,424.2,6415109
2021-06-22 09:49:29,424.25,6415300
2021-06-22 09:49:31,424.2,6415919
2021-06-22 09:49:32,424.2,6416269
2021-06-22 09:49:33,424.2,6416871
2021-06-22 09:49:34,424.25,6417368
2021-06-22 09:49:35,424.15,6418873
2021-06-22 09:49:36,424.15,6419192
2021-06-22 09:49:37,424.25,6420069
2021-06-22 09:49:38,424.25,6420094
2021-06-22 09:49:39,424.2,6420429
2021-06-22 09:49:40,424.15,6420439
2021-06-22 09:49:41,424.2,6420546
2021-06-22 09:49:43,424.15,6421444
2021-06-22 09:49:43,424.2,6421544
2021-06-22 09:49:45,424.2,6421845
2021-06-22 09:49:46,424.15,6422209
2021-06-22 09:49:47,424.2,6422489
2021-06-22 09:49:48,424.15,6422938
2021-06-22 09:49:49,424.15,6423219
2021-06-22 09:49:50,424.15,6424843
2021-06-22 09:49:51,424.3,6425831
2021-06-22 09:49:51,424.3,6425836
2021-06-22 09:49:52,424.2,6425911
2021-06-22 09:49:54,424.3,6426602
2021-06-22 09:49:55,424.2,6426778
2021-06-22 09:49:56,424.25,6427073
2021-06-22 09:49:57,424.25,6427501
2021-06-22 09:49:58,424.2,6427671
2021-06-22 09:49:59,424.3,6429264
2021-06-22 09:50:00,424.3,6429442
2021-06-22 09:50:01,424.3,6430370
2021-06-22 09:50:03,424.3,6430802
2021-06-22 09:50:04,424.25,6430820
2021-06-22 09:50:05,424.25,6430879
2021-06-22 09:50:06,424.3,6430912
2021-06-22 09:50:07,424.3,6432177
2021-06-22 09:50:08,424.2,6432649
2021-06-22 09:50:09,424.2,6432812
2021-06-22 09:50:10,424.25,6435859
2021-06-22 09:50:10,424.25,6435859
2021-06-22 09:50:11,424.2,6436009
2021-06-22 09:50:13,424.25,6439418
2021-06-22 09:50:14,424.2,6440712
2021-06-22 09:50:15,424.2,6440934
2021-06-22 09:50:16,424.15,6441306
2021-06-22 09:50:17,424.2,6441492
2021-06-22 09:50:18,424.3,6441606
2021-06-22 09:50:19,424.15,6442685
2021-06-22 09:50:19,424.2,6442686
2021-06-22 09:50:20,424.15,6443026
2021-06-22 09:50:21,424.2,6443231
2021-06-22 09:50:22,424.2,6443236
2021-06-22 09:50:26,424.2,6444670
2021-06-22 09:50:27,424.2,6445258
2021-06-22 09:50:28,424.05,6450027
2021-06-22 09:50:30,424.15,6454861
2021-06-22 09:50:31,424.0,6456203
2021-06-22 09:50:33,423.9,6480370
2021-06-22 09:50:34,423.9,6480586
2021-06-22 09:50:35,423.9,6480690
2021-06-22 09:50:36,423.85,6480695
2021-06-22 09:50:36,423.85,6480695
2021-06-22 09:50:37,423.9,6480825
2021-06-22 09:50:39,423.85,6481114
2021-06-22 09:50:40,424.05,6487775
2021-06-22 09:50:41,424.1,6488034
2021-06-22 09:50:42,424.1,6488132
2021-06-22 09:50:43,424.1,6488313
2021-06-22 09:50:43,424.1,6488313
2021-06-22 09:50:44,424.05,6488443
2021-06-22 09:50:46,424.1,6489085
2021-06-22 09:50:47,424.0,6489510
2021-06-22 09:50:48,424.15,6489756
2021-06-22 09:50:49,424.0,6489865
2021-06-22 09:50:50,424.15,6490288
2021-06-22 09:50:52,424.05,6490829
2021-06-22 09:50:52,424.05,6490854
2021-06-22 09:50:53,424.05,6491213
2021-06-22 09:50:55,424.1,6492262
2021-06-22 09:50:55,424.15,6492597
2021-06-22 09:50:57,424.15,6494008
2021-06-22 09:50:58,424.0,6494960
2021-06-22 09:50:59,424.05,6495143
2021-06-22 09:51:00,423.9,6495426
2021-06-22 09:51:01,423.9,6495621
2021-06-22 09:51:02,424.05,6495821
2021-06-22 09:51:02,424.05,6495821
2021-06-22 09:51:04,424.1,6496222
2021-06-22 09:51:05,423.9,6496505
2021-06-22 09:51:06,424.1,6497269
2021-06-22 09:51:07,424.05,6497429
2021-06-22 09:51:07,424.1,6498935
2021-06-22 09:51:09,424.0,6499160
2021-06-22 09:51:10,423.95,6502377
2021-06-22 09:51:11,424.0,6502620
2021-06-22 09:51:12,424.0,6504861
2021-06-22 09:51:13,424.0,6507928
2021-06-22 09:51:14,423.9,6508292
2021-06-22 09:51:15,423.95,6509270
2021-06-22 09:51:16,423.8,6514393
2021-06-22 09:51:17,423.9,6516014
2021-06-22 09:51:18,423.9,6516699
2021-06-22 09:51:19,423.9,6517265
2021-06-22 09:51:20,423.9,6517529
2021-06-22 09:51:21,423.9,6517530
2021-06-22 09:51:22,423.8,6517563
2021-06-22 09:51:23,424.0,6520665
2021-06-22 09:51:24,424.0,6521304
2021-06-22 09:51:26,423.8,6523445
2021-06-22 09:51:27,424.0,6523946
2021-06-22 09:51:28,423.95,6525711
2021-06-22 09:51:29,423.9,6526216
2021-06-22 09:51:30,423.95,6527784
2021-06-22 09:51:31,423.9,6527909
2021-06-22 09:51:34,423.9,6528594
2021-06-22 09:51:36,423.85,6531057
2021-06-22 09:51:37,423.8,6531372
2021-06-22 09:51:38,423.9,6531413
2021-06-22 09:51:39,423.85,6531521
2021-06-22 09:51:40,423.75,6534135
2021-06-22 09:51:41,423.85,6534296
2021-06-22 09:51:42,423.85,6534304
2021-06-22 09:51:43,423.85,6534327
2021-06-22 09:51:44,423.85,6534353
2021-06-22 09:51:45,423.9,6534524
2021-06-22 09:51:46,423.85,6535035
2021-06-22 09:51:47,423.85,6535090
2021-06-22 09:51:48,423.9,6535366
2021-06-22 09:51:49,423.9,6535477
2021-06-22 09:51:50,423.95,6535912
2021-06-22 09:51:51,423.9,6539238
2021-06-22 09:51:52,423.95,6539728
2021-06-22 09:51:55,424.15,6569227
2021-06-22 09:51:56,424.15,6569478
2021-06-22 09:51:57,424.15,6570213
2021-06-22 09:51:58,424.0,6570978
2021-06-22 09:51:59,424.1,6571124
2021-06-22 09:52:00,423.9,6572653
2021-06-22 09:52:01,424.05,6572729
2021-06-22 09:52:02,423.9,6572789
2021-06-22 09:52:03,423.9,6573191
2021-06-22 09:52:04,424.05,6573479
2021-06-22 09:52:05,423.9,6574480
2021-06-22 09:52:06,424.0,6574534
2021-06-22 09:52:08,423.95,6576654
2021-06-22 09:52:09,424.0,6577126
2021-06-22 09:52:10,424.05,6577139
2021-06-22 09:52:11,424.05,6577486
2021-06-22 09:52:12,424.05,6578716
2021-06-22 09:52:13,424.05,6578716
2021-06-22 09:52:14,424.05,6578716
2021-06-22 09:52:15,424.05,6578822
2021-06-22 09:52:16,424.1,6579374
2021-06-22 09:52:17,424.05,6579594
2021-06-22 09:52:18,424.0,6579881
2021-06-22 09:52:19,424.0,6580639
2021-06-22 09:52:20,424.05,6580693
2021-06-22 09:52:21,423.9,6580808
2021-06-22 09:52:22,423.9,6581108
2021-06-22 09:52:23,424.0,6581184
2021-06-22 09:52:24,424.05,6581304
2021-06-22 09:52:25,424.05,6581324
2021-06-22 09:52:26,424.05,6581527
2021-06-22 09:52:27,424.05,6581686
2021-06-22 09:52:28,424.0,6582202
2021-06-22 09:52:29,424.1,6583366
2021-06-22 09:52:30,423.9,6585393
2021-06-22 09:52:31,424.05,6585998
2021-06-22 09:52:32,424.0,6586386
2021-06-22 09:52:33,423.95,6586852
2021-06-22 09:52:34,423.9,6588352
2021-06-22 09:52:36,423.95,6592043
2021-06-22 09:52:37,424.05,6594289
2021-06-22 09:52:38,423.95,6594623
2021-06-22 09:52:39,424.0,6597549
2021-06-22 09:52:40,423.85,6597579
2021-06-22 09:52:41,423.95,6598225
2021-06-22 09:52:42,423.95,6599366
2021-06-22 09:52:43,423.85,6600106
2021-06-22 09:52:44,423.8,6602122
2021-06-22 09:52:45,423.9,6602338
2021-06-22 09:52:47,423.7,6605161
2021-06-22 09:52:48,423.75,6606200
2021-06-22 09:52:49,423.75,6607345
2021-06-22 09:52:50,423.8,6608179
2021-06-22 09:52:51,423.8,6608546
2021-06-22 09:52:52,423.8,6609617
2021-06-22 09:52:53,423.8,6609617
2021-06-22 09:52:54,423.8,6609727
2021-06-22 09:52:55,423.75,6612750
2021-06-22 09:52:56,423.85,6613375
2021-06-22 09:52:57,423.8,6614853
2021-06-22 09:52:58,423.95,6617133
2021-06-22 09:52:59,423.8,6617233
2021-06-22 09:53:00,423.8,6617589
2021-06-22 09:53:01,423.95,6618493
2021-06-22 09:53:02,424.0,6619143
2021-06-22 09:53:03,424.0,6619221
2021-06-22 09:53:04,423.9,6619498
2021-06-22 09:53:05,423.95,6620008
2021-06-22 09:53:06,423.85,6621083
2021-06-22 09:53:07,424.05,6631935
2021-06-22 09:53:09,424.1,6637888
2021-06-22 09:53:08,424.0,6637838
2021-06-22 09:53:10,424.05,6638593
2021-06-22 09:53:11,424.15,6653701
2021-06-22 09:53:12,424.1,6654150
2021-06-22 09:53:14,424.15,6654698
2021-06-22 09:53:15,424.1,6655510
2021-06-22 09:53:16,424.1,6655790
2021-06-22 09:53:17,424.1,6655999
2021-06-22 09:53:19,424.1,6657749
2021-06-22 09:53:20,423.95,6659465
2021-06-22 09:53:21,424.05,6659467
2021-06-22 09:53:22,424.05,6659468
2021-06-22 09:53:23,424.05,6659553
2021-06-22 09:53:24,423.95,6659754
2021-06-22 09:53:25,423.95,6661072
2021-06-22 09:53:26,423.95,6661134
2021-06-22 09:53:27,424.0,6671066
2021-06-22 09:53:28,423.8,6671383
2021-06-22 09:53:29,423.9,6672383
2021-06-22 09:53:30,423.85,6678436
2021-06-22 09:53:31,423.9,6678519
2021-06-22 09:53:32,423.9,6678542
2021-06-22 09:53:33,423.85,6678778
2021-06-22 09:53:34,423.95,6679554
2021-06-22 09:53:35,423.95,6679595
2021-06-22 09:53:37,423.85,6679880
2021-06-22 09:53:38,423.85,6681685
2021-06-22 09:53:39,423.85,6681976
2021-06-22 09:53:40,423.9,6682747
2021-06-22 09:53:41,424.05,6685236
2021-06-22 09:53:42,424.05,6685323
2021-06-22 09:53:43,423.95,6685909
2021-06-22 09:53:44,424.0,6686398
2021-06-22 09:53:45,424.0,6686979
2021-06-22 09:53:46,424.05,6687276
2021-06-22 09:53:47,424.0,6687631
2021-06-22 09:53:48,424.05,6687632
2021-06-22 09:53:49,424.1,6687644
2021-06-22 09:53:51,424.0,6688226
2021-06-22 09:53:52,424.0,6688351
2021-06-22 09:53:53,423.95,6688856
2021-06-22 09:53:54,424.0,6688868
2021-06-22 09:53:56,424.0,6690262
2021-06-22 09:53:57,424.0,6690366
2021-06-22 09:53:58,424.0,6690559
2021-06-22 09:53:59,424.05,6691358
2021-06-22 09:54:00,424.05,6691413
2021-06-22 09:54:01,424.05,6691413
2021-06-22 09:54:02,423.9,6693077
2021-06-22 09:54:03,424.0,6693890
2021-06-22 09:54:05,423.95,6694033
2021-06-22 09:54:05,423.95,6694035
2021-06-22 09:54:06,423.9,6694735
2021-06-22 09:54:07,423.9,6694736
2021-06-22 09:54:08,423.95,6694746
2021-06-22 09:54:09,423.95,6694746
2021-06-22 09:54:10,423.95,6694761
2021-06-22 09:54:11,423.9,6694895
2021-06-22 09:54:12,423.9,6694957
2021-06-22 09:54:13,423.9,6694992
2021-06-22 09:54:14,423.9,6695106
2021-06-22 09:54:15,423.9,6695106
2021-06-22 09:54:16,423.9,6700023
2021-06-22 09:54:17,424.0,6700419
2021-06-22 09:54:18,423.9,6700545
2021-06-22 09:54:19,424.0,6700576
2021-06-22 09:54:20,423.9,6701555
2021-06-22 09:54:21,423.9,6701555
2021-06-22 09:54:22,423.9,6701954
2021-06-22 09:54:23,423.9,6701955
2021-06-22 09:54:24,423.85,6702185
2021-06-22 09:54:25,423.9,6702628
2021-06-22 09:54:26,424.0,6702678
2021-06-22 09:54:27,424.0,6702678
2021-06-22 09:54:28,423.9,6703189
2021-06-22 09:54:29,424.0,6703794
2021-06-22 09:54:30,424.0,6705797
2021-06-22 09:54:31,423.95,6706828
2021-06-22 09:54:33,423.95,6706851
2021-06-22 09:54:34,423.85,6709537
2021-06-22 09:54:35,423.85,6711327
2021-06-22 09:54:37,423.85,6711476
2021-06-22 09:54:39,423.85,6711718
2021-06-22 09:54:40,423.8,6715720
2021-06-22 09:54:41,424.2,6745819
2021-06-22 09:54:42,424.15,6746073
2021-06-22 09:54:43,424.1,6746573
2021-06-22 09:54:46,424.0,6748774
2021-06-22 09:54:49,424.0,6749554
2021-06-22 09:54:50,424.0,6750469
2021-06-22 09:54:51,424.05,6752572
2021-06-22 09:54:53,424.15,6755444
2021-06-22 09:54:54,424.0,6756193
2021-06-22 09:54:55,424.15,6757839
2021-06-22 09:54:56,424.05,6757893
2021-06-22 09:54:57,424.15,6759347
2021-06-22 09:54:58,424.05,6762116
2021-06-22 09:54:59,424.1,6762117
2021-06-22 09:55:00,424.0,6764218
2021-06-22 09:55:01,424.15,6764460
2021-06-22 09:55:02,424.05,6765420
2021-06-22 09:55:03,424.15,6769790
2021-06-22 09:55:04,424.1,6770890
2021-06-22 09:55:05,424.1,6771290
2021-06-22 09:55:06,424.05,6771446
2021-06-22 09:55:07,424.0,6771496
2021-06-22 09:55:08,424.0,6771707
2021-06-22 09:55:09,424.15,6771938
2021-06-22 09:55:10,424.15,6772438
2021-06-22 09:55:11,424.05,6773020
2021-06-22 09:55:12,424.15,6773671
2021-06-22 09:55:13,424.15,6774143
2021-06-22 09:55:14,424.15,6774393
2021-06-22 09:55:15,424.2,6775022
2021-06-22 09:55:16,424.2,6775713
2021-06-22 09:55:17,424.05,6775783
2021-06-22 09:55:18,424.05,6775817
2021-06-22 09:55:19,424.2,6776027
2021-06-22 09:55:20,424.2,6776099
2021-06-22 09:55:21,424.2,6776179
2021-06-22 09:55:22,424.25,6830473
2021-06-22 09:55:24,424.3,6830803
2021-06-22 09:55:25,424.3,6833536
2021-06-22 09:55:27,424.4,6834813
2021-06-22 09:55:28,424.35,6837124
2021-06-22 09:55:29,424.45,6837417
2021-06-22 09:55:29,424.45,6837417
2021-06-22 09:55:30,424.35,6837598
2021-06-22 09:55:31,424.45,6837651
2021-06-22 09:55:32,424.45,6838157
2021-06-22 09:55:33,424.4,6838334
2021-06-22 09:55:34,424.4,6843614
2021-06-22 09:55:35,424.35,6844741
2021-06-22 09:55:36,424.2,6845290
2021-06-22 09:55:37,424.4,6846053
2021-06-22 09:55:38,424.25,6846461
2021-06-22 09:55:39,424.2,6846993
2021-06-22 09:55:41,424.25,6847670
2021-06-22 09:55:41,424.3,6847671
2021-06-22 09:55:42,424.25,6847722
2021-06-22 09:55:43,424.1,6850523
2021-06-22 09:55:44,424.2,6850559
2021-06-22 09:55:45,424.0,6859677
2021-06-22 09:55:46,424.2,6859836
2021-06-22 09:55:47,424.2,6860318
2021-06-22 09:55:48,424.25,6860582
2021-06-22 09:55:49,424.25,6860606
2021-06-22 09:55:50,424.2,6860769
2021-06-22 09:55:51,424.05,6867771
2021-06-22 09:55:53,424.15,6868238
2021-06-22 09:55:54,424.25,6868648
2021-06-22 09:55:55,424.25,6868853
2021-06-22 09:55:56,424.2,6869033
2021-06-22 09:55:56,424.2,6869143
2021-06-22 09:55:57,424.25,6869182
2021-06-22 09:55:59,424.25,6870269
2021-06-22 09:56:00,424.2,6870522
2021-06-22 09:56:01,424.2,6871055
2021-06-22 09:56:03,424.2,6871110
2021-06-22 09:56:04,424.2,6871110
2021-06-22 09:56:04,424.1,6871579
2021-06-22 09:56:05,424.1,6871994
2021-06-22 09:56:06,424.1,6872491
2021-06-22 09:56:07,424.25,6873052
2021-06-22 09:56:08,424.25,6873073
2021-06-22 09:56:10,424.15,6875457
2021-06-22 09:56:11,424.2,6876065
2021-06-22 09:56:11,424.25,6880274
2021-06-22 09:56:12,424.3,6880396
2021-06-22 09:56:13,424.25,6880404
2021-06-22 09:56:14,424.25,6880554
2021-06-22 09:56:15,424.35,6887013
2021-06-22 09:56:17,424.3,6887469
2021-06-22 09:56:18,424.3,6888139
2021-06-22 09:56:18,424.3,6888341
2021-06-22 09:56:19,424.35,6890206
2021-06-22 09:56:20,424.3,6892328
2021-06-22 09:56:22,424.4,6892458
2021-06-22 09:56:23,424.4,6893613
2021-06-22 09:56:24,424.3,6893896
2021-06-22 09:56:25,424.45,6894857
2021-06-22 09:56:26,424.45,6894875
2021-06-22 09:56:27,424.4,6895528
2021-06-22 09:56:28,424.3,6896542
2021-06-22 09:56:30,424.35,6897018
2021-06-22 09:56:32,424.25,6897449
2021-06-22 09:56:33,424.35,6897517
2021-06-22 09:56:34,424.35,6897647
2021-06-22 09:56:35,424.25,6898535
2021-06-22 09:56:36,424.25,6899366
2021-06-22 09:56:37,424.3,6899546
2021-06-22 09:56:38,424.3,6899546
2021-06-22 09:56:38,424.25,6899962
2021-06-22 09:56:40,424.25,6900092
2021-06-22 09:56:41,424.25,6900906
2021-06-22 09:56:42,424.25,6900997
2021-06-22 09:56:42,424.25,6900997
2021-06-22 09:56:43,424.25,6901091
2021-06-22 09:56:44,424.25,6901460
2021-06-22 09:56:46,424.25,6901820
2021-06-22 09:56:47,424.25,6902106
2021-06-22 09:56:48,424.3,6903114
2021-06-22 09:56:49,424.3,6903221
2021-06-22 09:56:50,424.3,6903251
2021-06-22 09:56:51,424.3,6903288
2021-06-22 09:56:53,424.25,6904126
2021-06-22 09:56:54,424.25,6904480
2021-06-22 09:56:55,424.2,6906718
2021-06-22 09:56:55,424.15,6906728
2021-06-22 09:56:56,424.05,6907903
2021-06-22 09:56:57,424.15,6908154
2021-06-22 09:56:59,424.05,6908367
2021-06-22 09:57:00,424.15,6908488
2021-06-22 09:57:01,424.15,6908602
2021-06-22 09:57:01,424.05,6908732
2021-06-22 09:57:02,424.15,6908960
2021-06-22 09:57:03,424.15,6908965
2021-06-22 09:57:05,424.2,6909018
2021-06-22 09:57:06,424.25,6909120
2021-06-22 09:57:07,424.25,6909295
2021-06-22 09:57:08,424.15,6909363
2021-06-22 09:57:09,424.25,6909407
2021-06-22 09:57:09,424.15,6909619
2021-06-22 09:57:10,424.25,6909925
2021-06-22 09:57:11,424.15,6910530
2021-06-22 09:57:12,424.25,6910588
2021-06-22 09:57:13,424.2,6911176
2021-06-22 09:57:15,424.2,6911259
2021-06-22 09:57:17,424.2,6911704
2021-06-22 09:57:18,424.25,6911800
2021-06-22 09:57:19,424.2,6912026
2021-06-22 09:57:19,424.25,6912011
2021-06-22 09:57:20,424.2,6912052
2021-06-22 09:57:21,424.2,6912332
2021-06-22 09:57:23,424.25,6912414
2021-06-22 09:57:24,424.2,6912433
2021-06-22 09:57:25,424.2,6913105
2021-06-22 09:57:25,424.25,6913089
2021-06-22 09:57:26,424.25,6913335
2021-06-22 09:57:27,424.25,6913585
2021-06-22 09:57:28,424.25,6913779
2021-06-22 09:57:29,424.25,6913810
2021-06-22 09:57:30,424.25,6914011
2021-06-22 09:57:32,424.2,6916148
2021-06-22 09:57:33,424.15,6916208
2021-06-22 09:57:33,424.1,6916358
2021-06-22 09:57:34,424.15,6916849
2021-06-22 09:57:35,424.25,6917559
2021-06-22 09:57:36,424.25,6917559
2021-06-22 09:57:37,424.2,6917587
2021-06-22 09:57:39,424.15,6917803
2021-06-22 09:57:40,424.2,6918187
2021-06-22 09:57:41,424.15,6918515
2021-06-22 09:57:42,424.2,6919131
2021-06-22 09:57:43,424.15,6919310
2021-06-22 09:57:43,424.15,6919310
2021-06-22 09:57:44,424.2,6919455
2021-06-22 09:57:45,424.2,6920386
2021-06-22 09:57:47,424.15,6922616
2021-06-22 09:57:48,424.1,6924562
2021-06-22 09:57:49,424.15,6924563
2021-06-22 09:57:50,424.1,6926052
2021-06-22 09:57:51,424.05,6926077
2021-06-22 09:57:52,424.05,6926185
2021-06-22 09:57:53,424.05,6926436
2021-06-22 09:57:53,424.15,6926437
2021-06-22 09:57:54,424.0,6934361
2021-06-22 09:57:55,424.0,6936839
2021-06-22 09:57:56,423.95,6945174
2021-06-22 09:57:57,424.0,6945220
2021-06-22 09:57:59,424.1,6946871
2021-06-22 09:58:00,423.95,6947036
2021-06-22 09:58:01,424.0,6947387
2021-06-22 09:58:01,424.0,6947388
2021-06-22 09:58:02,424.0,6947960
2021-06-22 09:58:03,424.0,6947963
2021-06-22 09:58:05,424.0,6948172
2021-06-22 09:58:06,424.0,6949146
2021-06-22 09:58:07,424.05,6949291
2021-06-22 09:58:08,423.95,6949761
2021-06-22 09:58:09,424.0,6949781
2021-06-22 09:58:10,424.0,6949910
2021-06-22 09:58:11,424.0,6949986
2021-06-22 09:58:12,423.95,6950086
2021-06-22 09:58:13,423.95,6950305
2021-06-22 09:58:13,423.95,6950305
2021-06-22 09:58:14,424.1,6950805
2021-06-22 09:58:15,424.0,6950914
2021-06-22 09:58:17,423.95,6950981
2021-06-22 09:58:18,423.95,6957753
2021-06-22 09:58:19,423.95,6959468
2021-06-22 09:58:20,423.95,6959568
2021-06-22 09:58:21,423.8,6960095
2021-06-22 09:58:21,423.95,6960106
2021-06-22 09:58:22,423.95,6960477
2021-06-22 09:58:24,423.9,6960547
2021-06-22 09:58:25,423.85,6961560
2021-06-22 09:58:26,423.9,6961561
2021-06-22 09:58:27,424.0,6961684
2021-06-22 09:58:27,424.0,6961579
2021-06-22 09:58:29,424.0,6962522
2021-06-22 09:58:30,423.85,6962647
2021-06-22 09:58:31,423.9,6962707
2021-06-22 09:58:33,423.8,6962930
2021-06-22 09:58:34,423.85,6963109
2021-06-22 09:58:35,423.85,6964289
2021-06-22 09:58:36,423.9,6965341
2021-06-22 09:58:36,423.9,6965341
2021-06-22 09:58:37,423.85,6965632
2021-06-22 09:58:38,423.8,6965811
2021-06-22 09:58:39,423.8,6965822
2021-06-22 09:58:41,423.85,6985163
2021-06-22 09:58:42,423.85,6985376
2021-06-22 09:58:43,423.8,6985392
2021-06-22 09:58:44,423.85,6985561
2021-06-22 09:58:45,423.8,6987970
2021-06-22 09:58:45,423.8,6987970
2021-06-22 09:58:46,423.9,6988001
2021-06-22 09:58:48,423.9,6989361
2021-06-22 09:58:49,423.8,6989812
2021-06-22 09:58:50,423.8,6990213
2021-06-22 09:58:52,423.85,6990516
2021-06-22 09:58:53,423.7,6994218
2021-06-22 09:58:54,423.7,6994672
2021-06-22 09:58:55,423.85,6995697
2021-06-22 09:58:56,423.85,6997086
2021-06-22 09:58:57,423.8,6997705
2021-06-22 09:58:57,423.85,6997708
2021-06-22 09:58:59,423.75,6997830
2021-06-22 09:59:00,423.8,6997964
2021-06-22 09:59:02,423.8,6998907
2021-06-22 09:59:03,423.75,6999027
2021-06-22 09:59:04,423.75,6999270
2021-06-22 09:59:05,423.8,6999510
2021-06-22 09:59:07,423.75,7000571
2021-06-22 09:59:07,423.75,7000651
2021-06-22 09:59:08,423.8,7002487
2021-06-22 09:59:09,423.7,7004851
2021-06-22 09:59:11,423.8,7005083
2021-06-22 09:59:12,423.85,7005388
2021-06-22 09:59:13,423.75,7005542
2021-06-22 09:59:14,423.85,7006041
2021-06-22 09:59:14,423.85,7006041
2021-06-22 09:59:15,423.7,7006143
2021-06-22 09:59:16,423.85,7006168
2021-06-22 09:59:17,423.8,7007829
2021-06-22 09:59:19,423.85,7007996
2021-06-22 09:59:20,423.85,7008403
2021-06-22 09:59:21,423.8,7009129
2021-06-22 09:59:22,423.85,7009841
2021-06-22 09:59:23,423.7,7010475
2021-06-22 09:59:23,423.75,7010476
2021-06-22 09:59:24,423.75,7012517
2021-06-22 09:59:25,423.9,7014242
2021-06-22 09:59:26,424.0,7015812
2021-06-22 09:59:28,424.0,7016023
2021-06-22 09:59:29,423.85,7016087
2021-06-22 09:59:30,423.95,7016472
2021-06-22 09:59:31,423.85,7016762
2021-06-22 09:59:31,423.85,7016762
2021-06-22 09:59:32,423.85,7017203
2021-06-22 09:59:33,423.85,7017254
2021-06-22 09:59:36,423.8,7018044
2021-06-22 09:59:37,423.8,7018044
2021-06-22 09:59:38,423.8,7018897
2021-06-22 09:59:39,423.85,7019076
2021-06-22 09:59:39,423.85,7019076
2021-06-22 09:59:40,423.85,7021715
2021-06-22 09:59:42,423.8,7023328
2021-06-22 09:59:43,423.9,7023383
2021-06-22 09:59:44,423.95,7023408
2021-06-22 09:59:45,423.85,7023582
2021-06-22 09:59:46,423.9,7024410
2021-06-22 09:59:47,423.95,7024723
2021-06-22 09:59:50,423.85,7026997
2021-06-22 09:59:51,423.8,7027558
2021-06-22 09:59:53,423.75,7028917
2021-06-22 09:59:54,423.8,7028968
2021-06-22 09:59:55,423.75,7029068
2021-06-22 09:59:57,423.8,7029240
2021-06-22 09:59:57,423.8,7029240
2021-06-22 09:59:59,423.7,7036723
2021-06-22 10:00:00,423.75,7037027
2021-06-22 10:00:01,423.6,7037604
2021-06-22 10:00:02,423.8,7048970
2021-06-22 10:00:03,423.7,7049116
2021-06-22 10:00:03,423.7,7049116
2021-06-22 10:00:04,423.8,7049297
2021-06-22 10:00:06,423.8,7049567
2021-06-22 10:00:07,423.7,7049695
2021-06-22 10:00:08,423.7,7050836
2021-06-22 10:00:09,423.75,7051169
2021-06-22 10:00:10,423.8,7051885
2021-06-22 10:00:10,423.8,7051887
2021-06-22 10:00:12,423.8,7051900
2021-06-22 10:00:13,423.8,7052924
2021-06-22 10:00:14,423.7,7052932
2021-06-22 10:00:15,423.7,7053940
2021-06-22 10:00:16,423.7,7055268
2021-06-22 10:00:16,423.6,7055358
2021-06-22 10:00:17,423.7,7055961
2021-06-22 10:00:19,423.7,7055991
2021-06-22 10:00:20,423.65,7056231
2021-06-22 10:00:21,423.6,7063848
2021-06-22 10:00:22,423.6,7065368
2021-06-22 10:00:23,423.6,7065594
2021-06-22 10:00:24,423.65,7065921
2021-06-22 10:00:25,423.6,7065969
2021-06-22 10:00:25,423.7,7066444
2021-06-22 10:00:26,423.7,7066944
2021-06-22 10:00:28,423.6,7067560
2021-06-22 10:00:29,423.6,7070664
2021-06-22 10:00:30,423.65,7070845
2021-06-22 10:00:31,423.6,7071683
2021-06-22 10:00:31,423.6,7072183
2021-06-22 10:00:32,423.65,7077691
2021-06-22 10:00:34,423.65,7077916
2021-06-22 10:00:35,423.6,7077921
2021-06-22 10:00:36,423.6,7078383
2021-06-22 10:00:37,423.65,7080375
2021-06-22 10:00:39,423.6,7082430
2021-06-22 10:00:40,423.65,7084005
2021-06-22 10:00:41,423.65,7086694
2021-06-22 10:00:42,423.6,7092967
2021-06-22 10:00:43,423.6,7092969
2021-06-22 10:00:44,423.6,7094134
2021-06-22 10:00:44,423.6,7094134
2021-06-22 10:00:46,423.6,7095816
2021-06-22 10:00:47,423.5,7101483
2021-06-22 10:00:48,423.5,7102855
2021-06-22 10:00:49,423.5,7102975
2021-06-22 10:00:50,423.55,7131522
2021-06-22 10:00:50,423.55,7131547
2021-06-22 10:00:51,423.55,7131828
2021-06-22 10:00:53,423.6,7134501
2021-06-22 10:00:54,423.7,7134567
2021-06-22 10:00:55,423.6,7135102
2021-06-22 10:00:56,423.65,7136337
2021-06-22 10:00:57,423.65,7136349
2021-06-22 10:00:57,423.55,7137950
2021-06-22 10:00:58,423.65,7139094
2021-06-22 10:01:00,423.5,7139624
2021-06-22 10:01:01,423.55,7146776
2021-06-22 10:01:02,423.55,7168285
2021-06-22 10:01:03,423.55,7169429
2021-06-22 10:01:03,423.55,7169429
2021-06-22 10:01:04,423.5,7169497
2021-06-22 10:01:06,423.55,7190819
2021-06-22 10:01:07,423.5,7193372
2021-06-22 10:01:08,423.5,7201739
2021-06-22 10:01:09,423.55,7202017
2021-06-22 10:01:10,423.5,7289238
2021-06-22 10:01:11,423.25,7416294
2021-06-22 10:01:11,423.25,7416294
2021-06-22 10:01:12,423.2,7416780
2021-06-22 10:01:13,423.15,7417200
2021-06-22 10:01:17,423.15,7420727
2021-06-22 10:01:18,423.15,7421407
2021-06-22 10:01:19,423.15,7421921
2021-06-22 10:01:20,423.25,7422725
2021-06-22 10:01:20,423.25,7422725
2021-06-22 10:01:22,423.25,7422837
2021-06-22 10:01:23,423.2,7425922
2021-06-22 10:01:24,423.3,7430716
2021-06-22 10:01:25,423.35,7431004
2021-06-22 10:01:26,423.4,7431347
2021-06-22 10:01:26,423.35,7431348
2021-06-22 10:01:27,423.35,7431387
2021-06-22 10:01:30,423.35,7433546
2021-06-22 10:01:31,423.4,7434226
2021-06-22 10:01:32,423.35,7434922
2021-06-22 10:01:33,423.25,7437623
2021-06-22 10:01:33,423.25,7438873
2021-06-22 10:01:34,423.35,7439658
2021-06-22 10:01:35,423.25,7439791
2021-06-22 10:01:37,423.25,7440231
2021-06-22 10:01:39,423.3,7442078
2021-06-22 10:01:41,423.25,7444859
2021-06-22 10:01:42,423.35,7445700
2021-06-22 10:01:43,423.25,7446242
2021-06-22 10:01:44,423.3,7446271
2021-06-22 10:01:45,423.25,7446491
2021-06-22 10:01:46,423.2,7449520
2021-06-22 10:01:47,423.25,7449530
2021-06-22 10:01:48,423.15,7449566
2021-06-22 10:01:49,423.25,7450116
2021-06-22 10:01:51,423.45,7482688
2021-06-22 10:01:53,423.4,7483043
2021-06-22 10:01:54,423.55,7484235
2021-06-22 10:01:56,423.5,7484556
2021-06-22 10:01:55,423.5,7484556
2021-06-22 10:01:58,423.45,7486382
2021-06-22 10:01:59,423.4,7486687
2021-06-22 10:02:00,423.4,7487638
2021-06-22 10:02:01,423.3,7487861
2021-06-22 10:02:02,423.3,7488188
2021-06-22 10:02:03,423.3,7488756
2021-06-22 10:02:04,423.4,7488768
2021-06-22 10:02:05,423.3,7489285
2021-06-22 10:02:06,423.4,7490054
2021-06-22 10:02:07,423.35,7490729
2021-06-22 10:02:08,423.35,7490936
2021-06-22 10:02:09,423.35,7490951
2021-06-22 10:02:10,423.3,7491277
2021-06-22 10:02:11,423.35,7491650
2021-06-22 10:02:12,423.45,7495929
2021-06-22 10:02:13,423.4,7495974
2021-06-22 10:02:14,423.35,7496594
2021-06-22 10:02:16,423.45,7508362
2021-06-22 10:02:17,423.6,7508521
2021-06-22 10:02:18,423.6,7508727
2021-06-22 10:02:19,423.6,7508727
2021-06-22 10:02:20,423.5,7509120
2021-06-22 10:02:21,423.5,7509847
2021-06-22 10:02:22,423.6,7510014
2021-06-22 10:02:24,423.5,7510940
2021-06-22 10:02:25,423.6,7512949
2021-06-22 10:02:26,423.6,7514260
2021-06-22 10:02:27,423.6,7514318
2021-06-22 10:02:28,423.5,7514560
2021-06-22 10:02:29,423.55,7518071
2021-06-22 10:02:30,423.55,7518106
2021-06-22 10:02:31,423.5,7518606
2021-06-22 10:02:32,423.55,7518663
2021-06-22 10:02:33,423.6,7519985
2021-06-22 10:02:34,423.6,7519986
2021-06-22 10:02:35,423.5,7520635
2021-06-22 10:02:36,423.5,7520910
2021-06-22 10:02:37,423.6,7521231
2021-06-22 10:02:38,423.55,7521253
2021-06-22 10:02:39,423.5,7522548
2021-06-22 10:02:40,423.6,7522885
2021-06-22 10:02:41,423.6,7523189
2021-06-22 10:02:42,423.5,7523276
2021-06-22 10:02:43,423.6,7523466
2021-06-22 10:02:44,423.5,7530849
2021-06-22 10:02:45,423.5,7532671
2021-06-22 10:02:46,423.5,7532808
2021-06-22 10:02:47,423.5,7533863
2021-06-22 10:02:48,423.55,7534139
2021-06-22 10:02:49,423.55,7535644
2021-06-22 10:02:50,423.5,7545768
2021-06-22 10:02:52,423.3,7547282
2021-06-22 10:02:51,423.3,7547282
2021-06-22 10:02:53,423.35,7549007
2021-06-22 10:02:54,423.4,7549583
2021-06-22 10:02:56,423.25,7554575
2021-06-22 10:02:57,423.3,7557567
2021-06-22 10:02:58,423.3,7557842
2021-06-22 10:02:59,423.3,7557850
2021-06-22 10:03:00,423.25,7557959
2021-06-22 10:03:01,423.1,7571784
2021-06-22 10:03:02,423.15,7571888
2021-06-22 10:03:03,423.1,7574206
2021-06-22 10:03:04,423.1,7577239
2021-06-22 10:03:05,423.05,7582406
2021-06-22 10:03:06,423.05,7582406
2021-06-22 10:03:07,423.1,7583915
2021-06-22 10:03:08,423.05,7585617
2021-06-22 10:03:09,423.15,7588241
2021-06-22 10:03:10,423.1,7602203
2021-06-22 10:03:11,422.95,7661848
2021-06-22 10:03:13,422.95,7663797
2021-06-22 10:03:12,422.95,7663776
2021-06-22 10:03:14,422.85,7664140
2021-06-22 10:03:15,422.9,7665066
2021-06-22 10:03:16,422.8,7666921
2021-06-22 10:03:17,422.8,7667611
2021-06-22 10:03:18,422.85,7668303
2021-06-22 10:03:19,422.95,7668402
2021-06-22 10:03:20,423.0,7668694
2021-06-22 10:03:22,423.0,7669074
2021-06-22 10:03:23,422.95,7669082
2021-06-22 10:03:24,422.8,7684111
2021-06-22 10:03:25,422.85,7686786
2021-06-22 10:03:26,422.75,7686947
2021-06-22 10:03:27,423.15,7690798
2021-06-22 10:03:29,423.1,7695555
2021-06-22 10:03:30,423.15,7697698
2021-06-22 10:03:31,423.2,7698200
2021-06-22 10:03:32,423.1,7699702
2021-06-22 10:03:33,423.05,7699832
2021-06-22 10:03:34,423.1,7700034
2021-06-22 10:03:35,423.1,7700055
2021-06-22 10:03:36,423.0,7701656
2021-06-22 10:03:37,422.85,7704614
2021-06-22 10:03:38,423.0,7704661
2021-06-22 10:03:39,422.9,7704931
2021-06-22 10:03:40,423.15,7717888
2021-06-22 10:03:41,423.35,7719622
2021-06-22 10:03:42,423.25,7719922
2021-06-22 10:03:43,423.3,7721852
2021-06-22 10:03:44,423.3,7721852
2021-06-22 10:03:45,423.1,7723397
2021-06-22 10:03:46,423.25,7724088
2021-06-22 10:03:47,423.25,7724626
2021-06-22 10:03:48,423.25,7724905
2021-06-22 10:03:49,423.1,7726038
2021-06-22 10:03:50,423.15,7727555
2021-06-22 10:03:51,423.15,7727555
2021-06-22 10:03:52,423.15,7727635
2021-06-22 10:03:53,423.2,7728295
2021-06-22 10:03:54,423.25,7728429
2021-06-22 10:03:55,423.25,7729896
2021-06-22 10:03:56,423.15,7730442
2021-06-22 10:03:57,423.2,7730553
2021-06-22 10:03:58,423.1,7731097
2021-06-22 10:03:59,423.2,7731108
2021-06-22 10:04:01,423.2,7731230
2021-06-22 10:04:01,423.2,7731230
2021-06-22 10:04:02,423.25,7732974
2021-06-22 10:04:03,423.25,7733036
2021-06-22 10:04:04,423.1,7733148
2021-06-22 10:04:05,423.2,7733158
2021-06-22 10:04:06,423.25,7733242
2021-06-22 10:04:08,423.2,7733524
2021-06-22 10:04:09,423.25,7736257
2021-06-22 10:04:10,423.25,7743825
2021-06-22 10:04:11,423.3,7744283
2021-06-22 10:04:12,423.35,7744797
2021-06-22 10:04:13,423.3,7747997
2021-06-22 10:04:14,423.35,7748492
2021-06-22 10:04:15,423.45,7748833
2021-06-22 10:04:17,423.45,7748834
2021-06-22 10:04:17,423.35,7748874
2021-06-22 10:04:18,423.45,7748887
2021-06-22 10:04:19,423.35,7749062
2021-06-22 10:04:20,423.4,7749087
2021-06-22 10:04:21,423.4,7749232
2021-06-22 10:04:22,423.35,7749383
2021-06-22 10:04:23,423.3,7749828
2021-06-22 10:04:24,423.4,7749841
2021-06-22 10:04:25,423.4,7750068
2021-06-22 10:04:26,423.45,7750280
2021-06-22 10:04:27,423.45,7751173
2021-06-22 10:04:28,423.4,7751531
2021-06-22 10:04:29,423.3,7752662
2021-06-22 10:04:30,423.35,7752782
2021-06-22 10:04:32,423.3,7753219
2021-06-22 10:04:32,423.3,7753219
2021-06-22 10:04:35,423.4,7755619
2021-06-22 10:04:36,423.4,7755709
2021-06-22 10:04:37,423.4,7755712
2021-06-22 10:04:38,423.4,7756809
2021-06-22 10:04:39,423.25,7757961
2021-06-22 10:04:41,423.2,7759961
2021-06-22 10:04:41,423.4,7760062
2021-06-22 10:04:42,423.45,7760216
2021-06-22 10:04:43,423.4,7760607
2021-06-22 10:04:44,423.35,7761200
2021-06-22 10:04:45,423.45,7761967
2021-06-22 10:04:46,423.4,7762058
2021-06-22 10:04:47,423.4,7762098
2021-06-22 10:04:48,423.4,7762902
2021-06-22 10:04:49,423.4,7765794
2021-06-22 10:04:50,423.5,7765803
2021-06-22 10:04:51,423.55,7770874
2021-06-22 10:04:52,423.6,7771625
2021-06-22 10:04:53,423.5,7771844
2021-06-22 10:04:54,423.6,7771852
2021-06-22 10:04:55,423.45,7774522
2021-06-22 10:04:56,423.5,7776137
2021-06-22 10:04:57,423.4,7776450
2021-06-22 10:04:59,423.5,7776559
2021-06-22 10:05:01,423.5,7777773
2021-06-22 10:05:02,423.4,7778053
2021-06-22 10:05:03,423.5,7778660
2021-06-22 10:05:05,423.55,7780767
2021-06-22 10:05:06,423.45,7781261
2021-06-22 10:05:07,423.5,7781367
2021-06-22 10:05:08,423.5,7781681
2021-06-22 10:05:10,423.5,7781873
2021-06-22 10:05:10,423.5,7781873
2021-06-22 10:05:11,423.45,7782248
2021-06-22 10:05:12,423.45,7782344
2021-06-22 10:05:13,423.45,7782830
2021-06-22 10:05:14,423.45,7782835
2021-06-22 10:05:16,423.45,7783671
2021-06-22 10:05:16,423.45,7783671
2021-06-22 10:05:17,423.6,7784053
2021-06-22 10:05:18,423.55,7784221
2021-06-22 10:05:20,423.45,7784747
2021-06-22 10:05:21,423.55,7785050
2021-06-22 10:05:22,423.4,7785723
2021-06-22 10:05:23,423.4,7786812
2021-06-22 10:05:24,423.4,7787269
2021-06-22 10:05:26,423.55,7787479
2021-06-22 10:05:26,423.55,7787479
2021-06-22 10:05:27,423.15,7794128
2021-06-22 10:05:28,423.3,7794236
2021-06-22 10:05:29,423.15,7795404
2021-06-22 10:05:30,423.4,7795498
2021-06-22 10:05:31,423.15,7795801
2021-06-22 10:05:33,423.15,7797505
2021-06-22 10:05:34,423.4,7797585
2021-06-22 10:05:36,423.4,7797789
2021-06-22 10:05:36,423.4,7798689
2021-06-22 10:05:37,423.45,7799321
2021-06-22 10:05:38,423.25,7799347
2021-06-22 10:05:39,423.25,7799393
2021-06-22 10:05:40,423.25,7800303
2021-06-22 10:05:41,423.4,7800391
2021-06-22 10:05:42,423.4,7800401
2021-06-22 10:05:43,423.3,7800505
2021-06-22 10:05:44,423.3,7801286
2021-06-22 10:05:45,423.3,7801468
2021-06-22 10:05:46,423.4,7801582
2021-06-22 10:05:47,423.4,7801642
2021-06-22 10:05:48,423.4,7801725
2021-06-22 10:05:49,423.4,7801754
2021-06-22 10:05:50,423.45,7802191
2021-06-22 10:05:51,423.4,7802950
2021-06-22 10:05:52,423.35,7803526
2021-06-22 10:05:53,423.35,7803590
2021-06-22 10:05:54,423.5,7803863
2021-06-22 10:05:55,423.45,7803953
2021-06-22 10:05:56,423.45,7804253
2021-06-22 10:05:57,423.45,7804270
2021-06-22 10:05:59,423.5,7805074
2021-06-22 10:06:01,423.4,7805854
2021-06-22 10:06:04,423.4,7806230
2021-06-22 10:06:04,423.4,7806231
2021-06-22 10:06:06,423.45,7806254
2021-06-22 10:06:07,423.4,7806886
2021-06-22 10:06:08,423.45,7807696
2021-06-22 10:06:10,423.45,7808465
2021-06-22 10:06:11,423.45,7808465
2021-06-22 10:06:12,423.5,7808538
2021-06-22 10:06:13,423.4,7808685
2021-06-22 10:06:14,423.5,7808972
2021-06-22 10:06:15,423.45,7810005
2021-06-22 10:06:16,423.45,7810092
2021-06-22 10:06:17,423.45,7816486
2021-06-22 10:06:18,423.55,7818864
2021-06-22 10:06:19,423.55,7818864
2021-06-22 10:06:20,423.35,7819057
2021-06-22 10:06:21,423.5,7819756
2021-06-22 10:06:22,423.5,7819824
2021-06-22 10:06:23,423.5,7820431
2021-06-22 10:06:24,423.4,7820699
2021-06-22 10:06:26,423.5,7820790
2021-06-22 10:06:27,423.5,7820797
2021-06-22 10:06:28,423.45,7820841
2021-06-22 10:06:29,423.5,7821249
2021-06-22 10:06:30,423.45,7822649
2021-06-22 10:06:31,423.5,7822860
2021-06-22 10:06:32,423.35,7823267
2021-06-22 10:06:34,423.4,7823511
2021-06-22 10:06:35,423.45,7823523
2021-06-22 10:06:36,423.45,7823746
2021-06-22 10:06:37,423.45,7823859
2021-06-22 10:06:40,423.45,7824679
2021-06-22 10:06:41,423.45,7824684
2021-06-22 10:06:41,423.45,7824688
2021-06-22 10:06:42,423.45,7825247
2021-06-22 10:06:43,423.45,7825628
2021-06-22 10:06:44,423.45,7825741
2021-06-22 10:06:45,423.45,7826502
2021-06-22 10:06:47,423.4,7826749
2021-06-22 10:06:48,423.45,7826888
2021-06-22 10:06:49,423.45,7826915
2021-06-22 10:06:50,423.45,7826991
2021-06-22 10:06:50,423.45,7826991
2021-06-22 10:06:51,423.4,7827653
2021-06-22 10:06:52,423.4,7827815
2021-06-22 10:06:53,423.45,7828322
2021-06-22 10:06:54,423.4,7828338
2021-06-22 10:06:55,423.5,7835826
2021-06-22 10:06:57,423.55,7836634
2021-06-22 10:07:00,423.55,7836703
2021-06-22 10:07:01,423.55,7847773
2021-06-22 10:07:02,423.5,7847781
2021-06-22 10:07:02,423.5,7847926
2021-06-22 10:07:03,423.55,7848023
2021-06-22 10:07:05,423.55,7851909
2021-06-22 10:07:06,423.55,7853536
2021-06-22 10:07:08,423.4,7853828
2021-06-22 10:07:08,423.5,7853893
2021-06-22 10:07:09,423.5,7854252
2021-06-22 10:07:10,423.45,7854322
2021-06-22 10:07:11,423.5,7854360
2021-06-22 10:07:13,423.5,7854648
2021-06-22 10:07:14,423.5,7854675
2021-06-22 10:07:15,423.5,7854977
2021-06-22 10:07:17,423.55,7856887
2021-06-22 10:07:18,423.55,7857150
2021-06-22 10:07:19,423.6,7861466
2021-06-22 10:07:20,423.6,7873282
2021-06-22 10:07:21,423.65,7873580
2021-06-22 10:07:22,423.65,7873594
2021-06-22 10:07:23,423.65,7873610
2021-06-22 10:07:24,423.55,7874008
2021-06-22 10:07:25,423.6,7875289
2021-06-22 10:07:26,423.75,7881791
2021-06-22 10:07:27,423.65,7883306
2021-06-22 10:07:28,423.65,7884851
2021-06-22 10:07:30,423.65,7884897
2021-06-22 10:07:31,423.75,7886419
2021-06-22 10:07:31,423.75,7886419
2021-06-22 10:07:32,423.6,7886621
2021-06-22 10:07:34,423.75,7904370
2021-06-22 10:07:35,423.75,7905296
2021-06-22 10:07:36,423.95,7906446
2021-06-22 10:07:37,423.8,7906711
2021-06-22 10:07:38,423.95,7910355
2021-06-22 10:07:39,423.9,7910520
2021-06-22 10:07:41,424.0,7919593
2021-06-22 10:07:42,423.9,7920397
2021-06-22 10:07:43,424.0,7920553
2021-06-22 10:07:43,424.0,7921317
2021-06-22 10:07:44,423.9,7921370
2021-06-22 10:07:45,423.8,7927634
2021-06-22 10:07:46,423.8,7930365
2021-06-22 10:07:47,423.9,7930602
2021-06-22 10:07:48,424.0,7931490
2021-06-22 10:07:49,423.85,7933033
2021-06-22 10:07:50,423.85,7933513
2021-06-22 10:07:51,424.0,7934398
2021-06-22 10:07:52,424.0,7935917
2021-06-22 10:07:53,423.8,7941414
2021-06-22 10:07:54,424.0,7941591
2021-06-22 10:07:56,423.95,7942790
2021-06-22 10:07:57,423.85,7943438
2021-06-22 10:07:58,423.9,7943611
2021-06-22 10:07:58,423.85,7943491
2021-06-22 10:07:59,424.0,7943834
2021-06-22 10:08:00,424.0,7943901
2021-06-22 10:08:01,424.0,7944286
2021-06-22 10:08:02,423.95,7945432
2021-06-22 10:08:03,423.95,7945819
2021-06-22 10:08:05,424.0,7946450
2021-06-22 10:08:06,423.95,7946592
2021-06-22 10:08:07,424.0,7947086
2021-06-22 10:08:08,423.9,7949292
2021-06-22 10:08:09,423.95,7950043
2021-06-22 10:08:12,424.0,7955771
2021-06-22 10:08:13,424.0,7955792
2021-06-22 10:08:14,423.9,7955803
2021-06-22 10:08:15,423.95,7955832
2021-06-22 10:08:15,424.0,7955852
2021-06-22 10:08:16,423.85,7956221
2021-06-22 10:08:17,424.0,7958423
2021-06-22 10:08:18,424.0,7959850
2021-06-22 10:08:19,423.9,7960013
2021-06-22 10:08:20,423.9,7960166
2021-06-22 10:08:22,424.0,7960502
2021-06-22 10:08:23,424.1,7977723
2021-06-22 10:08:24,424.1,7987505
2021-06-22 10:08:25,424.15,7988001
2021-06-22 10:08:25,424.15,7989007
2021-06-22 10:08:27,424.15,7989805
2021-06-22 10:08:28,424.0,7990623
2021-06-22 10:08:29,424.15,7990773
2021-06-22 10:08:30,424.1,7992652
2021-06-22 10:08:32,424.05,7992820
2021-06-22 10:08:33,424.05,7993037
2021-06-22 10:08:34,424.05,7993154
2021-06-22 10:08:34,424.05,7993154
2021-06-22 10:08:35,424.05,7993559
2021-06-22 10:08:36,424.05,7995489
2021-06-22 10:08:37,424.0,7996136
2021-06-22 10:08:38,424.0,7996733
2021-06-22 10:08:39,424.0,7996739
2021-06-22 10:08:40,424.05,7996828
2021-06-22 10:08:42,424.0,7999103
2021-06-22 10:08:43,424.0,7999217
2021-06-22 10:08:44,424.0,7999515
2021-06-22 10:08:45,423.95,8001053
2021-06-22 10:08:46,424.0,8002017
2021-06-22 10:08:47,424.0,8002450
2021-06-22 10:08:48,423.9,8004243
2021-06-22 10:08:49,423.9,8004564
2021-06-22 10:08:50,423.85,8005206
2021-06-22 10:08:51,423.85,8005419
2021-06-22 10:08:52,423.8,8005598
