timestamp,ltp,volume
2021-06-22 09:16:45,28451.0,1108
2021-06-22 09:16:45,28451.0,1108
2021-06-22 09:16:46,28451.0,1110
2021-06-22 09:16:47,28479.35,1115
2021-06-22 09:16:48,28461.9,1136
2021-06-22 09:16:49,28450.35,1138
2021-06-22 09:16:50,28476.0,1139
2021-06-22 09:16:51,28476.0,1139
2021-06-22 09:16:53,28485.45,1189
2021-06-22 09:16:53,28485.45,1189
2021-06-22 09:16:54,28485.45,1189
2021-06-22 09:16:56,28485.45,1189
2021-06-22 09:16:57,28485.45,1189
2021-06-22 09:16:58,28485.45,1189
2021-06-22 09:17:00,28485.45,1189
2021-06-22 09:17:01,28489.5,1219
2021-06-22 09:17:02,28489.5,1219
2021-06-22 09:17:03,28489.5,1219
2021-06-22 09:17:04,28489.5,1219
2021-06-22 09:17:05,28489.5,1219
2021-06-22 09:17:05,28489.5,1219
2021-06-22 09:17:06,28489.5,1219
2021-06-22 09:17:07,28489.5,1219
2021-06-22 09:17:08,28483.55,1233
2021-06-22 09:17:09,28483.5,1243
2021-06-22 09:17:10,28483.5,1243
2021-06-22 09:17:11,28500.0,1539
2021-06-22 09:17:13,28500.0,1539
2021-06-22 09:17:17,28520.85,1540
2021-06-22 09:17:18,28503.0,1553
2021-06-22 09:17:19,28503.0,1553
2021-06-22 09:17:20,28503.0,1553
2021-06-22 09:17:22,28503.0,1553
2021-06-22 09:17:22,28503.0,1553
2021-06-22 09:17:23,28503.0,1553
2021-06-22 09:17:24,28521.45,1701
2021-06-22 09:17:25,28521.45,1701
2021-06-22 09:17:26,28550.0,1802
2021-06-22 09:17:27,28520.35,1806
2021-06-22 09:17:29,28520.35,1806
2021-06-22 09:17:30,28520.35,1806
2021-06-22 09:17:31,28515.15,1807
2021-06-22 09:17:31,28515.15,1807
2021-06-22 09:17:33,28543.65,1808
2021-06-22 09:17:34,28543.65,1808
2021-06-22 09:17:35,28517.4,1819
2021-06-22 09:17:36,28539.75,1820
2021-06-22 09:17:37,28503.0,1826
2021-06-22 09:17:38,28503.0,1826
2021-06-22 09:17:39,28515.15,1828
2021-06-22 09:17:40,28515.15,1828
2021-06-22 09:17:41,28515.15,1828
2021-06-22 09:17:42,28515.15,1828
2021-06-22 09:17:43,28539.95,1834
2021-06-22 09:17:45,28539.95,1834
2021-06-22 09:17:46,28539.95,1834
2021-06-22 09:17:48,28540.0,1836
2021-06-22 09:17:49,28540.0,1836
2021-06-22 09:17:50,28540.0,1836
2021-06-22 09:17:51,28540.0,1836
2021-06-22 09:17:52,28540.0,1836
2021-06-22 09:17:53,28540.0,1836
2021-06-22 09:17:54,28540.0,1836
2021-06-22 09:17:55,28540.0,1836
2021-06-22 09:17:55,28521.0,1837
2021-06-22 09:17:56,28534.55,1838
2021-06-22 09:17:58,28520.0,1839
2021-06-22 09:17:59,28520.0,1839
2021-06-22 09:18:00,28520.0,1839
2021-06-22 09:18:01,28520.0,1839
2021-06-22 09:18:01,28520.0,1839
2021-06-22 09:18:02,28512.5,1840
2021-06-22 09:18:03,28512.5,1840
2021-06-22 09:18:06,28512.45,1849
2021-06-22 09:18:07,28500.0,1905
2021-06-22 09:18:08,28513.0,1906
2021-06-22 09:18:08,28513.0,1906
2021-06-22 09:18:10,28513.0,1906
2021-06-22 09:18:11,28513.0,1906
2021-06-22 09:18:14,28513.0,1906
2021-06-22 09:18:15,28513.0,1906
2021-06-22 09:18:18,28500.0,1908
2021-06-22 09:18:18,28500.0,1908
2021-06-22 09:18:19,28486.65,1916
2021-06-22 09:18:21,28486.65,1916
2021-06-22 09:18:21,28486.65,1916
2021-06-22 09:18:23,28505.0,1926
2021-06-22 09:18:24,28483.85,1946
2021-06-22 09:18:25,28508.95,1950
2021-06-22 09:18:26,28508.95,1950
2021-06-22 09:18:27,28508.95,1950
2021-06-22 09:18:27,28508.95,1950
2021-06-22 09:18:28,28484.05,1953
2021-06-22 09:18:30,28484.05,1953
2021-06-22 09:18:31,28478.8,2007
2021-06-22 09:18:32,28478.8,2007
2021-06-22 09:18:34,28462.1,2028
2021-06-22 09:18:33,28478.8,2007
2021-06-22 09:18:35,28460.95,2032
2021-06-22 09:18:35,28460.95,2032
2021-06-22 09:18:36,28460.95,2032
2021-06-22 09:18:38,28460.95,2032
2021-06-22 09:18:39,28495.0,2057
2021-06-22 09:18:41,28494.55,2058
2021-06-22 09:18:42,28494.55,2058
2021-06-22 09:18:43,28460.85,2060
2021-06-22 09:18:44,28460.85,2060
2021-06-22 09:18:45,28460.85,2060
2021-06-22 09:18:46,28460.85,2060
2021-06-22 09:18:47,28460.85,2060
2021-06-22 09:18:48,28460.85,2060
2021-06-22 09:18:49,28483.0,2065
2021-06-22 09:18:49,28483.0,2065
2021-06-22 09:18:50,28483.0,2065
2021-06-22 09:18:51,28466.3,2067
2021-06-22 09:18:53,28466.35,2068
2021-06-22 09:18:54,28466.4,2073
2021-06-22 09:18:54,28466.4,2073
2021-06-22 09:18:55,28466.4,2073
2021-06-22 09:18:56,28466.4,2074
2021-06-22 09:18:57,28485.0,2078
2021-06-22 09:18:58,28485.0,2078
2021-06-22 09:18:59,28485.0,2078
2021-06-22 09:19:00,28485.0,2078
2021-06-22 09:19:01,28485.0,2078
2021-06-22 09:19:03,28485.0,2078
2021-06-22 09:19:04,28466.4,2081
2021-06-22 09:19:05,28463.45,2093
2021-06-22 09:19:06,28463.45,2093
2021-06-22 09:19:07,28463.45,2093
2021-06-22 09:19:08,28461.0,2105
2021-06-22 09:19:09,28461.0,2105
2021-06-22 09:19:09,28461.0,2105
2021-06-22 09:19:10,28461.0,2106
2021-06-22 09:19:11,28461.0,2106
2021-06-22 09:19:12,28461.0,2106
2021-06-22 09:19:13,28461.0,2106
2021-06-22 09:19:14,28461.0,2106
2021-06-22 09:19:15,28461.0,2112
2021-06-22 09:19:16,28461.0,2112
2021-06-22 09:19:18,28461.0,2112
2021-06-22 09:19:19,28461.0,2112
2021-06-22 09:19:19,28461.0,2112
2021-06-22 09:19:20,28461.0,2112
2021-06-22 09:19:22,28461.0,2112
2021-06-22 09:19:23,28461.0,2112
2021-06-22 09:19:24,28461.0,2112
2021-06-22 09:19:25,28460.7,2121
2021-06-22 09:19:26,28460.7,2121
2021-06-22 09:19:27,28460.7,2121
2021-06-22 09:19:28,28460.0,2129
2021-06-22 09:19:29,28460.0,2129
2021-06-22 09:19:31,28461.0,2130
2021-06-22 09:19:32,28461.0,2130
2021-06-22 09:19:34,28450.05,2132
2021-06-22 09:19:35,28450.05,2132
2021-06-22 09:19:36,28450.05,2132
2021-06-22 09:19:37,28450.05,2132
2021-06-22 09:19:38,28450.0,2133
2021-06-22 09:19:39,28450.0,2134
2021-06-22 09:19:40,28440.2,2144
2021-06-22 09:19:41,28450.0,2145
2021-06-22 09:19:42,28450.0,2145
2021-06-22 09:19:43,28436.15,2165
2021-06-22 09:19:44,28436.15,2165
2021-06-22 09:19:45,28422.2,2166
2021-06-22 09:19:46,28422.2,2166
2021-06-22 09:19:47,28422.2,2166
2021-06-22 09:19:48,28422.2,2166
2021-06-22 09:19:49,28448.95,2167
2021-06-22 09:19:50,28448.95,2167
2021-06-22 09:19:51,28448.95,2167
2021-06-22 09:19:52,28448.95,2167
2021-06-22 09:19:53,28448.95,2167
2021-06-22 09:19:54,28448.95,2167
2021-06-22 09:19:55,28448.95,2167
2021-06-22 09:19:56,28448.95,2167
2021-06-22 09:19:58,28428.45,2193
2021-06-22 09:19:59,28428.45,2193
2021-06-22 09:20:00,28428.45,2193
2021-06-22 09:20:01,28428.45,2193
2021-06-22 09:20:02,28428.45,2193
2021-06-22 09:20:03,28428.7,2197
2021-06-22 09:20:04,28428.7,2197
2021-06-22 09:20:05,28428.7,2197
2021-06-22 09:20:06,28430.0,2198
2021-06-22 09:20:07,28449.95,2201
2021-06-22 09:20:09,28449.95,2201
2021-06-22 09:20:08,28449.95,2201
2021-06-22 09:20:10,28449.95,2201
2021-06-22 09:20:11,28449.95,2201
2021-06-22 09:20:15,28432.5,2203
2021-06-22 09:20:14,28432.5,2203
2021-06-22 09:20:16,28432.5,2203
2021-06-22 09:20:17,28449.9,2204
2021-06-22 09:20:18,28449.9,2204
2021-06-22 09:20:19,28449.85,2205
2021-06-22 09:20:20,28449.85,2212
2021-06-22 09:20:21,28449.85,2212
2021-06-22 09:20:22,28449.85,2212
2021-06-22 09:20:23,28449.85,2212
2021-06-22 09:20:24,28449.85,2212
2021-06-22 09:20:25,28449.85,2212
2021-06-22 09:20:26,28432.55,2215
2021-06-22 09:20:27,28449.0,2216
2021-06-22 09:20:28,28449.0,2216
2021-06-22 09:20:29,28432.55,2220
2021-06-22 09:20:30,28432.55,2220
2021-06-22 09:20:31,28432.55,2220
2021-06-22 09:20:32,28432.55,2220
2021-06-22 09:20:33,28432.55,2220
2021-06-22 09:20:34,28432.55,2220
2021-06-22 09:20:35,28432.55,2220
2021-06-22 09:20:36,28432.55,2220
2021-06-22 09:20:38,28432.55,2220
2021-06-22 09:20:39,28447.95,2229
2021-06-22 09:20:40,28447.95,2229
2021-06-22 09:20:41,28447.95,2229
2021-06-22 09:20:42,28447.95,2229
2021-06-22 09:20:44,28447.95,2229
2021-06-22 09:20:45,28447.95,2229
2021-06-22 09:20:46,28447.95,2229
2021-06-22 09:20:47,28447.95,2229
2021-06-22 09:20:48,28447.95,2229
2021-06-22 09:20:49,28447.95,2229
2021-06-22 09:20:50,28447.95,2229
2021-06-22 09:20:51,28447.95,2229
2021-06-22 09:20:52,28447.95,2229
2021-06-22 09:20:53,28447.95,2229
2021-06-22 09:20:54,28447.95,2229
2021-06-22 09:20:55,28447.95,2229
2021-06-22 09:20:56,28447.95,2229
2021-06-22 09:20:57,28447.95,2229
2021-06-22 09:20:58,28447.95,2229
2021-06-22 09:20:59,28435.0,2231
2021-06-22 09:21:00,28435.0,2236
2021-06-22 09:21:01,28435.0,2236
2021-06-22 09:21:02,28446.5,2238
2021-06-22 09:21:04,28446.5,2238
2021-06-22 09:21:06,28446.5,2238
2021-06-22 09:21:08,28446.5,2238
2021-06-22 09:21:09,28446.5,2238
2021-06-22 09:21:12,28446.5,2267
2021-06-22 09:21:13,28446.5,2268
2021-06-22 09:21:14,28446.5,2268
2021-06-22 09:21:15,28446.5,2268
2021-06-22 09:21:16,28446.5,2268
2021-06-22 09:21:17,28446.5,2268
2021-06-22 09:21:18,28446.5,2268
2021-06-22 09:21:20,28446.5,2268
2021-06-22 09:21:21,28446.5,2268
2021-06-22 09:21:24,28446.5,2268
2021-06-22 09:21:25,28446.5,2268
2021-06-22 09:21:26,28446.5,2268
2021-06-22 09:21:27,28456.35,2269
2021-06-22 09:21:28,28456.35,2269
2021-06-22 09:21:29,28456.35,2269
2021-06-22 09:21:30,28435.1,2270
2021-06-22 09:21:31,28435.1,2270
2021-06-22 09:21:32,28435.1,2270
2021-06-22 09:21:34,28435.1,2270
2021-06-22 09:21:37,28435.1,2270
2021-06-22 09:21:38,28435.1,2270
2021-06-22 09:21:39,28435.1,2270
2021-06-22 09:21:41,28435.1,2270
2021-06-22 09:21:42,28435.1,2270
2021-06-22 09:21:44,28459.65,2275
2021-06-22 09:21:46,28459.65,2275
2021-06-22 09:21:49,28459.65,2275
2021-06-22 09:21:50,28459.65,2275
2021-06-22 09:21:51,28459.65,2275
2021-06-22 09:21:52,28459.65,2275
2021-06-22 09:21:53,28459.65,2275
2021-06-22 09:21:54,28459.65,2275
2021-06-22 09:21:55,28459.65,2275
2021-06-22 09:21:56,28459.65,2275
2021-06-22 09:21:57,28438.15,2276
2021-06-22 09:21:59,28438.15,2277
2021-06-22 09:22:01,28438.15,2277
2021-06-22 09:22:02,28438.15,2277
2021-06-22 09:22:03,28438.15,2277
2021-06-22 09:22:04,28438.15,2277
2021-06-22 09:22:05,28438.15,2277
2021-06-22 09:22:06,28438.15,2278
2021-06-22 09:22:07,28438.15,2278
2021-06-22 09:22:08,28438.15,2278
2021-06-22 09:22:09,28438.15,2279
2021-06-22 09:22:10,28438.15,2290
2021-06-22 09:22:13,28400.0,2359
2021-06-22 09:22:14,28390.55,2361
2021-06-22 09:22:15,28390.55,2361
2021-06-22 09:22:19,28390.55,2361
2021-06-22 09:22:19,28390.55,2361
2021-06-22 09:22:21,28390.55,2361
2021-06-22 09:22:22,28390.55,2361
2021-06-22 09:22:23,28425.85,2369
2021-06-22 09:22:24,28402.6,2370
2021-06-22 09:22:25,28402.5,2371
2021-06-22 09:22:26,28402.5,2371
2021-06-22 09:22:27,28402.5,2371
2021-06-22 09:22:28,28400.3,2372
2021-06-22 09:22:29,28400.3,2375
2021-06-22 09:22:30,28417.5,2376
2021-06-22 09:22:31,28417.5,2376
2021-06-22 09:22:32,28417.5,2376
2021-06-22 09:22:33,28417.5,2376
2021-06-22 09:22:36,28417.5,2376
2021-06-22 09:22:38,28417.5,2376
2021-06-22 09:22:39,28417.5,2377
2021-06-22 09:22:39,28417.5,2382
2021-06-22 09:22:41,28417.5,2382
2021-06-22 09:22:42,28417.5,2382
2021-06-22 09:22:43,28417.5,2382
2021-06-22 09:22:44,28417.5,2382
2021-06-22 09:22:45,28417.5,2382
2021-06-22 09:22:45,28417.5,2382
2021-06-22 09:22:46,28417.5,2382
2021-06-22 09:22:47,28417.5,2382
2021-06-22 09:22:48,28417.5,2382
2021-06-22 09:22:49,28418.0,2383
2021-06-22 09:22:50,28418.0,2383
2021-06-22 09:22:51,28418.0,2383
2021-06-22 09:22:52,28418.0,2383
2021-06-22 09:22:53,28418.0,2383
2021-06-22 09:22:54,28418.0,2383
2021-06-22 09:22:55,28417.5,2386
2021-06-22 09:22:56,28417.5,2386
2021-06-22 09:22:57,28417.5,2386
2021-06-22 09:22:58,28417.5,2386
2021-06-22 09:22:59,28417.5,2386
2021-06-22 09:23:00,28417.5,2386
2021-06-22 09:23:01,28417.5,2386
2021-06-22 09:23:02,28417.5,2386
2021-06-22 09:23:03,28417.5,2386
2021-06-22 09:23:05,28417.5,2386
2021-06-22 09:23:06,28421.0,2387
2021-06-22 09:23:07,28421.0,2387
2021-06-22 09:23:08,28421.0,2387
2021-06-22 09:23:10,28429.8,2388
2021-06-22 09:23:11,28429.8,2388
2021-06-22 09:23:13,28429.8,2388
2021-06-22 09:23:14,28429.8,2388
2021-06-22 09:23:15,28429.8,2388
2021-06-22 09:23:16,28429.8,2388
2021-06-22 09:23:16,28429.8,2388
2021-06-22 09:23:18,28429.8,2388
2021-06-22 09:23:19,28429.8,2388
2021-06-22 09:23:20,28421.0,2428
2021-06-22 09:23:21,28421.0,2428
2021-06-22 09:23:21,28421.0,2428
2021-06-22 09:23:22,28429.8,2433
2021-06-22 09:23:23,28429.8,2433
2021-06-22 09:23:24,28429.8,2433
2021-06-22 09:23:25,28418.0,2434
2021-06-22 09:23:29,28427.5,2443
2021-06-22 09:23:31,28427.5,2443
2021-06-22 09:23:32,28420.0,2446
2021-06-22 09:23:32,28420.0,2446
2021-06-22 09:23:33,28420.0,2446
2021-06-22 09:23:34,28420.0,2447
2021-06-22 09:23:35,28418.0,2458
2021-06-22 09:23:36,28410.0,2459
2021-06-22 09:23:37,28405.1,2461
2021-06-22 09:23:38,28400.0,2463
2021-06-22 09:23:39,28410.0,2464
2021-06-22 09:23:40,28410.0,2466
2021-06-22 09:23:41,28410.0,2466
2021-06-22 09:23:43,28410.0,2466
2021-06-22 09:23:45,28410.0,2466
2021-06-22 09:23:46,28410.0,2466
2021-06-22 09:23:48,28392.5,2467
2021-06-22 09:23:47,28410.0,2466
2021-06-22 09:23:48,28392.5,2467
2021-06-22 09:23:49,28392.5,2467
2021-06-22 09:23:50,28392.5,2467
2021-06-22 09:23:51,28392.5,2467
2021-06-22 09:23:52,28392.5,2467
2021-06-22 09:23:53,28391.55,2468
2021-06-22 09:23:55,28391.55,2468
2021-06-22 09:23:55,28391.6,2469
2021-06-22 09:23:56,28391.6,2469
2021-06-22 09:23:57,28391.6,2469
2021-06-22 09:23:58,28391.6,2470
2021-06-22 09:24:00,28391.6,2471
2021-06-22 09:24:01,28391.6,2471
2021-06-22 09:24:02,28391.6,2471
2021-06-22 09:24:03,28391.6,2471
2021-06-22 09:24:04,28391.6,2471
2021-06-22 09:24:05,28391.6,2471
2021-06-22 09:24:07,28391.6,2471
2021-06-22 09:24:09,28391.0,2522
2021-06-22 09:24:10,28391.0,2522
2021-06-22 09:24:11,28391.0,2522
2021-06-22 09:24:12,28391.6,2523
2021-06-22 09:24:13,28391.6,2523
2021-06-22 09:24:14,28392.5,2525
2021-06-22 09:24:15,28392.5,2525
2021-06-22 09:24:16,28392.5,2525
2021-06-22 09:24:17,28392.5,2525
2021-06-22 09:24:18,28392.5,2525
2021-06-22 09:24:19,28392.5,2525
2021-06-22 09:24:21,28391.6,2529
2021-06-22 09:24:22,28391.6,2529
2021-06-22 09:24:23,28391.6,2530
2021-06-22 09:24:24,28391.6,2530
2021-06-22 09:24:27,28391.6,2530
2021-06-22 09:24:28,28391.6,2530
2021-06-22 09:24:29,28391.6,2530
2021-06-22 09:24:31,28391.6,2535
2021-06-22 09:24:32,28391.6,2535
2021-06-22 09:24:33,28400.0,2537
2021-06-22 09:24:34,28400.0,2547
2021-06-22 09:24:35,28400.0,2547
2021-06-22 09:24:36,28400.0,2547
2021-06-22 09:24:37,28400.0,2547
2021-06-22 09:24:38,28400.0,2547
2021-06-22 09:24:39,28400.0,2547
2021-06-22 09:24:40,28400.0,2547
2021-06-22 09:24:41,28399.35,2567
2021-06-22 09:24:42,28399.35,2567
2021-06-22 09:24:43,28399.35,2567
2021-06-22 09:24:45,28399.35,2567
2021-06-22 09:24:46,28391.6,2578
2021-06-22 09:24:47,28405.0,2582
2021-06-22 09:24:47,28391.6,2581
2021-06-22 09:24:48,28391.6,2583
2021-06-22 09:24:49,28391.6,2583
2021-06-22 09:24:50,28391.6,2583
2021-06-22 09:24:51,28391.6,2583
2021-06-22 09:24:53,28391.6,2583
2021-06-22 09:24:54,28391.6,2583
2021-06-22 09:24:56,28391.6,2583
2021-06-22 09:24:57,28391.6,2583
2021-06-22 09:25:04,28391.6,2583
2021-06-22 09:25:04,28407.0,2584
2021-06-22 09:25:07,28421.55,2595
2021-06-22 09:25:08,28421.55,2595
2021-06-22 09:25:10,28421.55,2595
2021-06-22 09:25:11,28421.55,2595
2021-06-22 09:25:13,28407.0,2601
2021-06-22 09:25:13,28407.0,2596
2021-06-22 09:25:14,28407.0,2601
2021-06-22 09:25:15,28419.95,2606
2021-06-22 09:25:16,28419.95,2606
2021-06-22 09:25:17,28419.95,2606
2021-06-22 09:25:19,28419.95,2606
2021-06-22 09:25:20,28419.95,2606
2021-06-22 09:25:21,28419.95,2606
2021-06-22 09:25:23,28419.95,2606
2021-06-22 09:25:24,28399.35,2607
2021-06-22 09:25:24,28399.35,2607
2021-06-22 09:25:26,28399.35,2607
2021-06-22 09:25:27,28399.35,2607
2021-06-22 09:25:28,28399.35,2607
2021-06-22 09:25:29,28392.0,2608
2021-06-22 09:25:30,28402.5,2609
2021-06-22 09:25:33,28402.5,2609
2021-06-22 09:25:34,28402.5,2609
2021-06-22 09:25:35,28402.5,2609
2021-06-22 09:25:36,28402.5,2609
2021-06-22 09:25:37,28402.5,2609
2021-06-22 09:25:38,28402.5,2609
2021-06-22 09:25:39,28402.5,2609
2021-06-22 09:25:40,28402.5,2609
2021-06-22 09:25:42,28402.5,2609
2021-06-22 09:25:43,28402.5,2609
2021-06-22 09:25:44,28402.5,2609
2021-06-22 09:25:45,28402.5,2609
2021-06-22 09:25:46,28402.5,2609
2021-06-22 09:25:47,28402.5,2609
2021-06-22 09:25:49,28402.5,2609
2021-06-22 09:25:51,28402.5,2609
2021-06-22 09:25:52,28402.5,2609
2021-06-22 09:25:55,28402.5,2609
2021-06-22 09:25:56,28402.5,2610
2021-06-22 09:25:57,28402.5,2610
2021-06-22 09:25:58,28419.95,2630
2021-06-22 09:26:01,28419.95,2630
2021-06-22 09:26:04,28400.0,2631
2021-06-22 09:26:05,28400.0,2631
2021-06-22 09:26:06,28400.0,2631
2021-06-22 09:26:07,28400.0,2631
2021-06-22 09:26:08,28400.0,2631
2021-06-22 09:26:09,28400.0,2631
2021-06-22 09:26:11,28400.0,2631
2021-06-22 09:26:12,28400.0,2631
2021-06-22 09:26:13,28400.0,2631
2021-06-22 09:26:15,28400.0,2631
2021-06-22 09:26:16,28400.0,2631
2021-06-22 09:26:17,28400.0,2631
2021-06-22 09:26:18,28400.0,2631
2021-06-22 09:26:19,28400.0,2631
2021-06-22 09:26:21,28400.0,2631
2021-06-22 09:26:22,28400.0,2631
2021-06-22 09:26:23,28400.0,2636
2021-06-22 09:26:24,28400.0,2636
2021-06-22 09:26:25,28400.0,2636
2021-06-22 09:26:26,28400.0,2636
2021-06-22 09:26:27,28402.55,2639
2021-06-22 09:26:30,28402.55,2639
2021-06-22 09:26:32,28402.55,2639
2021-06-22 09:26:33,28402.55,2639
2021-06-22 09:26:37,28402.55,2639
2021-06-22 09:26:38,28402.55,2639
2021-06-22 09:26:45,28420.0,2640
2021-06-22 09:26:51,28420.0,2640
2021-06-22 09:26:57,28420.0,2641
2021-06-22 09:27:02,28420.0,2644
2021-06-22 09:27:08,28420.0,2646
2021-06-22 09:27:14,28420.0,2682
2021-06-22 09:27:20,28402.55,2686
2021-06-22 09:27:26,28402.55,2686
2021-06-22 09:27:31,28402.55,2686
2021-06-22 09:27:37,28402.55,2686
2021-06-22 09:27:42,28402.55,2686
2021-06-22 09:27:48,28402.55,2686
2021-06-22 09:27:54,28402.55,2686
2021-06-22 09:28:00,28419.9,2691
2021-06-22 09:28:06,28419.9,2691
2021-06-22 09:28:12,28419.9,2691
2021-06-22 09:28:17,28419.9,2691
2021-06-22 09:28:23,28405.0,2696
2021-06-22 09:28:29,28417.5,2697
2021-06-22 09:28:34,28405.0,2698
2021-06-22 09:28:40,28405.0,2700
2021-06-22 09:28:45,28405.0,2708
2021-06-22 09:28:56,28411.9,2712
2021-06-22 09:29:02,28405.0,2715
2021-06-22 09:29:07,28405.0,2715
2021-06-22 09:29:13,28415.0,2718
2021-06-22 09:29:19,28415.0,2718
2021-06-22 09:29:25,28415.0,2748
2021-06-22 09:29:31,28410.4,2750
2021-06-22 09:29:37,28410.4,2753
2021-06-22 09:29:43,28442.75,2817
2021-06-22 09:29:48,28442.75,2817
2021-06-22 09:29:54,28443.35,2818
2021-06-22 09:30:00,28466.4,2833
2021-06-22 09:30:06,28447.5,2835
2021-06-22 09:30:13,28447.5,2854
2021-06-22 09:30:19,28457.5,2933
2021-06-22 09:30:25,28462.45,2937
2021-06-22 09:30:31,28478.0,2949
2021-06-22 09:30:37,28477.5,2952
2021-06-22 09:30:42,28477.5,2952
2021-06-22 09:30:48,28477.55,2955
2021-06-22 09:30:54,28505.0,3092
2021-06-22 09:31:00,28509.85,3098
2021-06-22 09:31:05,28504.0,3150
2021-06-22 09:31:11,28504.0,3151
2021-06-22 09:31:17,28490.0,3204
2021-06-22 09:31:22,28510.0,3225
2021-06-22 09:31:28,28547.95,3297
2021-06-22 09:31:34,28537.7,3446
2021-06-22 09:31:39,28547.95,3462
2021-06-22 09:31:45,28530.05,3468
2021-06-22 09:31:50,28527.15,3485
2021-06-22 09:31:56,28530.05,3541
2021-06-22 09:32:02,28514.4,3546
2021-06-22 09:32:07,28514.4,3546
2021-06-22 09:32:18,28515.0,3549
2021-06-22 09:32:24,28515.0,3549
2021-06-22 09:32:29,28515.0,3572
2021-06-22 09:32:35,28515.0,3576
2021-06-22 09:32:46,28510.8,3583
2021-06-22 09:32:51,28510.7,3586
2021-06-22 09:32:57,28510.85,3592
2021-06-22 09:33:03,28510.9,3597
2021-06-22 09:33:08,28524.95,3633
2021-06-22 09:33:14,28521.0,3638
2021-06-22 09:33:19,28515.2,3649
2021-06-22 09:33:25,28525.05,3663
2021-06-22 09:33:36,28517.55,3781
2021-06-22 09:33:42,28534.9,3803
2021-06-22 09:33:47,28522.5,3805
2021-06-22 09:33:53,28532.5,3812
2021-06-22 09:33:58,28525.0,3841
2021-06-22 09:34:04,28525.0,3851
2021-06-22 09:34:09,28522.5,3860
2021-06-22 09:34:21,28510.0,3883
2021-06-22 09:34:27,28510.3,3889
2021-06-22 09:34:32,28510.0,3892
2021-06-22 09:34:38,28501.5,3901
2021-06-22 09:34:43,28519.7,3909
2021-06-22 09:34:48,28502.55,3910
2021-06-22 09:34:53,28517.5,3911
2021-06-22 09:35:03,28518.45,3919
2021-06-22 09:35:09,28501.6,3928
2021-06-22 09:35:14,28505.0,3935
2021-06-22 09:35:19,28510.0,3938
2021-06-22 09:35:24,28515.0,4006
2021-06-22 09:35:29,28497.55,4011
2021-06-22 09:35:35,28497.55,4012
2021-06-22 09:35:41,28510.0,4015
2021-06-22 09:35:46,28519.95,4039
2021-06-22 09:35:57,28519.95,4074
2021-06-22 09:36:02,28519.95,4074
2021-06-22 09:36:08,28524.0,4084
2021-06-22 09:36:19,28525.0,4101
2021-06-22 09:36:24,28525.0,4105
2021-06-22 09:36:30,28528.9,4116
2021-06-22 09:36:35,28528.9,4116
2021-06-22 09:36:41,28524.95,4122
2021-06-22 09:36:47,28537.0,4159
2021-06-22 09:36:52,28545.0,4231
2021-06-22 09:36:58,28532.55,4232
2021-06-22 09:37:03,28532.55,4248
2021-06-22 09:37:09,28545.0,4254
2021-06-22 09:37:15,28545.0,4266
2021-06-22 09:37:20,28542.05,4302
2021-06-22 09:37:26,28542.05,4302
2021-06-22 09:37:31,28541.0,4312
2021-06-22 09:37:37,28541.0,4313
2021-06-22 09:37:42,28540.0,4314
2021-06-22 09:37:48,28525.25,4330
2021-06-22 09:37:53,28548.0,4415
2021-06-22 09:37:58,28537.55,4418
2021-06-22 09:38:03,28550.0,4457
2021-06-22 09:38:13,28565.1,4664
2021-06-22 09:38:19,28587.9,4676
2021-06-22 09:38:24,28590.0,4690
2021-06-22 09:38:30,28587.5,4704
2021-06-22 09:38:35,28587.5,4720
2021-06-22 09:38:40,28587.0,4722
2021-06-22 09:38:46,28589.9,4733
2021-06-22 09:38:51,28575.95,4734
2021-06-22 09:38:56,28575.95,4735
2021-06-22 09:39:01,28589.0,4746
2021-06-22 09:39:06,28589.9,4750
2021-06-22 09:39:11,28590.0,4853
2021-06-22 09:39:17,28603.0,4868
2021-06-22 09:39:22,28613.0,4885
2021-06-22 09:39:27,28640.0,4899
2021-06-22 09:39:33,28640.0,4902
2021-06-22 09:39:38,28650.85,5197
2021-06-22 09:39:44,28638.05,5205
2021-06-22 09:39:49,28655.0,5257
2021-06-22 09:40:00,28638.05,5271
2021-06-22 09:40:05,28625.0,5335
2021-06-22 09:40:10,28620.0,5339
2021-06-22 09:40:16,28610.0,5342
2021-06-22 09:40:22,28610.0,5353
2021-06-22 09:40:28,28610.0,5365
2021-06-22 09:40:33,28625.0,5394
2021-06-22 09:40:39,28625.0,5394
2021-06-22 09:40:44,28625.0,5400
2021-06-22 09:40:54,28632.0,5404
2021-06-22 09:40:59,28625.0,5431
2021-06-22 09:41:04,28630.0,5435
2021-06-22 09:41:10,28630.0,5441
2021-06-22 09:41:15,28650.0,5485
2021-06-22 09:41:20,28632.55,5492
2021-06-22 09:41:25,28630.5,5495
2021-06-22 09:41:31,28630.0,5513
2021-06-22 09:41:36,28630.05,5514
2021-06-22 09:41:41,28644.85,5525
2021-06-22 09:41:46,28647.45,5535
2021-06-22 09:41:51,28648.15,5545
2021-06-22 09:41:56,28631.4,5554
2021-06-22 09:42:01,28647.5,5566
2021-06-22 09:42:06,28630.3,5567
2021-06-22 09:42:10,28630.3,5567
2021-06-22 09:42:15,28644.9,5578
2021-06-22 09:42:20,28645.0,5586
2021-06-22 09:42:25,28645.0,5586
2021-06-22 09:42:30,28630.0,5600
2021-06-22 09:42:35,28620.25,5646
2021-06-22 09:42:40,28616.1,5656
2021-06-22 09:42:49,28641.3,5677
2021-06-22 09:42:54,28641.3,5683
2021-06-22 09:42:59,28627.5,5684
2021-06-22 09:43:04,28641.3,5704
2021-06-22 09:43:09,28632.7,5707
2021-06-22 09:43:14,28627.7,5710
2021-06-22 09:43:19,28641.0,5720
2021-06-22 09:43:24,28644.95,5758
2021-06-22 09:43:29,28645.0,5824
2021-06-22 09:43:34,28657.0,5833
2021-06-22 09:43:39,28655.0,5838
2021-06-22 09:43:44,28655.0,5838
2021-06-22 09:43:49,28660.25,5863
2021-06-22 09:43:53,28659.0,5867
2021-06-22 09:43:58,28667.8,5893
2021-06-22 09:44:03,28672.45,5919
2021-06-22 09:44:08,28672.0,5920
2021-06-22 09:44:13,28672.0,5924
2021-06-22 09:44:19,28675.0,5942
2021-06-22 09:44:23,28660.1,5949
2021-06-22 09:44:28,28641.65,5961
2021-06-22 09:44:33,28671.9,5967
2021-06-22 09:44:39,28671.9,5967
2021-06-22 09:44:44,28659.95,5970
2021-06-22 09:44:54,28660.0,5986
2021-06-22 09:44:59,28645.05,5996
2021-06-22 09:45:10,28655.0,6006
2021-06-22 09:45:15,28655.0,6006
2021-06-22 09:45:20,28650.0,6020
2021-06-22 09:45:25,28640.0,6026
2021-06-22 09:45:30,28650.0,6032
2021-06-22 09:45:34,28649.95,6042
2021-06-22 09:45:39,28632.5,6043
2021-06-22 09:45:44,28632.5,6043
2021-06-22 09:45:49,28645.0,6054
2021-06-22 09:46:00,28632.0,6058
2021-06-22 09:46:05,28640.15,6080
2021-06-22 09:46:11,28655.0,6191
2021-06-22 09:46:16,28655.0,6191
2021-06-22 09:46:27,28652.45,6206
2021-06-22 09:46:32,28638.55,6207
2021-06-22 09:46:37,28638.55,6210
2021-06-22 09:46:42,28638.55,6210
2021-06-22 09:46:47,28638.55,6215
2021-06-22 09:46:52,28647.5,6226
2021-06-22 09:46:57,28647.5,6226
2021-06-22 09:47:07,28647.5,6277
2021-06-22 09:47:11,28638.55,6279
2021-06-22 09:47:16,28638.55,6280
2021-06-22 09:47:21,28645.0,6289
2021-06-22 09:47:25,28645.0,6291
2021-06-22 09:47:30,28630.0,6298
2021-06-22 09:47:35,28644.95,6345
2021-06-22 09:47:40,28644.95,6345
2021-06-22 09:47:45,28630.0,6381
2021-06-22 09:47:50,28638.0,6420
2021-06-22 09:47:55,28638.0,6420
2021-06-22 09:47:59,28630.0,6428
2021-06-22 09:48:04,28630.0,6435
2021-06-22 09:48:09,28635.0,6437
2021-06-22 09:48:14,28638.0,6441
2021-06-22 09:48:18,28637.0,6453
2021-06-22 09:48:23,28635.0,6474
2021-06-22 09:48:27,28635.0,6474
2021-06-22 09:48:32,28630.1,6484
2021-06-22 09:48:37,28630.05,6497
2021-06-22 09:48:42,28630.0,6520
2021-06-22 09:48:46,28630.0,6525
2021-06-22 09:48:51,28630.0,6530
2021-06-22 09:49:00,28624.5,6543
2021-06-22 09:49:05,28630.0,6554
2021-06-22 09:49:10,28630.0,6554
2021-06-22 09:49:14,28630.0,6554
2021-06-22 09:49:19,28630.0,6577
2021-06-22 09:49:23,28630.0,6587
2021-06-22 09:49:28,28640.0,6597
2021-06-22 09:49:32,28640.0,6597
2021-06-22 09:49:37,28640.0,6608
2021-06-22 09:49:41,28640.0,6608
2021-06-22 09:49:46,28640.0,6608
2021-06-22 09:49:50,28640.0,6619
2021-06-22 09:49:54,28640.0,6619
2021-06-22 09:49:59,28640.0,6619
2021-06-22 09:50:08,28627.5,6633
2021-06-22 09:50:13,28622.95,6641
2021-06-22 09:50:17,28620.15,6642
2021-06-22 09:50:21,28632.5,6653
2021-06-22 09:50:25,28632.5,6653
2021-06-22 09:50:30,28620.0,6654
2021-06-22 09:50:35,28620.0,6667
2021-06-22 09:50:40,28620.0,6668
2021-06-22 09:50:45,28620.0,6668
2021-06-22 09:50:50,28620.0,6683
2021-06-22 09:50:55,28620.0,6706
2021-06-22 09:51:00,28620.0,6706
2021-06-22 09:51:04,28625.0,6711
2021-06-22 09:51:08,28625.0,6712
2021-06-22 09:51:13,28625.0,6712
2021-06-22 09:51:18,28637.95,6733
2021-06-22 09:51:23,28637.95,6735
2021-06-22 09:51:33,28638.0,6741
2021-06-22 09:51:38,28638.0,6748
2021-06-22 09:51:43,28638.0,6748
2021-06-22 09:51:47,28638.0,6778
2021-06-22 09:51:52,28638.0,6789
2021-06-22 09:51:58,28649.0,6828
2021-06-22 09:52:03,28649.5,6845
2021-06-22 09:52:08,28649.5,6846
2021-06-22 09:52:13,28649.5,6846
2021-06-22 09:52:17,28649.5,6847
2021-06-22 09:52:22,28650.0,6858
2021-06-22 09:52:27,28649.5,6859
2021-06-22 09:52:32,28649.5,6859
2021-06-22 09:52:36,28650.0,6870
2021-06-22 09:52:41,28649.5,6879
2021-06-22 09:52:46,28649.5,6879
2021-06-22 09:52:52,28650.35,6963
2021-06-22 09:52:56,28669.95,6965
2021-06-22 09:53:01,28660.0,7024
2021-06-22 09:53:05,28672.0,7064
2021-06-22 09:53:10,28675.0,7102
2021-06-22 09:53:15,28670.35,7152
2021-06-22 09:53:26,28682.0,7163
2021-06-22 09:53:31,28682.0,7164
2021-06-22 09:53:35,28690.0,7168
2021-06-22 09:53:40,28690.0,7180
2021-06-22 09:53:45,28682.0,7207
2021-06-22 09:53:50,28670.0,7243
2021-06-22 09:53:55,28670.0,7244
2021-06-22 09:53:59,28670.0,7246
2021-06-22 09:54:04,28670.0,7255
2021-06-22 09:54:08,28665.05,7257
2021-06-22 09:54:13,28665.05,7257
2021-06-22 09:54:17,28665.05,7257
2021-06-22 09:54:21,28670.0,7269
2021-06-22 09:54:26,28670.0,7269
2021-06-22 09:54:30,28650.4,7276
2021-06-22 09:54:35,28667.5,7288
2021-06-22 09:54:40,28667.5,7288
2021-06-22 09:54:49,28665.0,7302
2021-06-22 09:54:54,28665.0,7302
2021-06-22 09:54:58,28650.0,7405
2021-06-22 09:55:02,28651.0,7447
2021-06-22 09:55:07,28665.0,7448
2021-06-22 09:55:12,28655.0,7458
2021-06-22 09:55:17,28655.0,7458
2021-06-22 09:55:22,28663.0,7463
2021-06-22 09:55:26,28663.0,7465
2021-06-22 09:55:30,28663.0,7469
2021-06-22 09:55:35,28665.0,7479
2021-06-22 09:55:39,28663.0,7500
2021-06-22 09:55:43,28663.0,7500
2021-06-22 09:55:47,28663.0,7500
2021-06-22 09:55:52,28663.0,7511
2021-06-22 09:55:56,28663.0,7511
2021-06-22 09:56:01,28663.0,7526
2021-06-22 09:56:05,28663.0,7536
2021-06-22 09:56:14,28652.5,7538
2021-06-22 09:56:19,28662.95,7540
2021-06-22 09:56:23,28662.95,7541
2021-06-22 09:56:28,28662.95,7552
2021-06-22 09:56:33,28662.95,7552
2021-06-22 09:56:37,28670.0,7580
2021-06-22 09:56:41,28677.5,7582
2021-06-22 09:56:45,28677.25,7584
2021-06-22 09:56:50,28689.7,7619
2021-06-22 09:56:54,28690.9,7730
2021-06-22 09:56:59,28692.2,7765
2021-06-22 09:57:03,28695.0,7791
2021-06-22 09:57:08,28700.0,7925
2021-06-22 09:57:12,28720.0,7946
2021-06-22 09:57:17,28727.2,8352
2021-06-22 09:57:22,28735.5,8384
2021-06-22 09:57:26,28736.3,8422
2021-06-22 09:57:31,28736.3,8466
2021-06-22 09:57:36,28735.5,8528
2021-06-22 09:57:40,28736.3,8538
2021-06-22 09:57:45,28736.25,8643
2021-06-22 09:57:50,28735.0,8661
2021-06-22 09:57:54,28739.95,8691
2021-06-22 09:57:58,28750.0,8779
2021-06-22 09:58:03,28732.95,8839
2021-06-22 09:58:08,28751.0,8853
2021-06-22 09:58:12,28750.0,8865
2021-06-22 09:58:17,28750.0,8878
2021-06-22 09:58:22,28750.0,8883
2021-06-22 09:58:27,28750.0,8926
2021-06-22 09:58:32,28750.0,9008
2021-06-22 09:58:36,28750.0,9021
2021-06-22 09:58:40,28750.35,9033
2021-06-22 09:58:44,28750.0,9071
2021-06-22 09:58:49,28751.0,9083
2021-06-22 09:58:54,28751.05,9089
2021-06-22 09:58:58,28750.0,9118
2021-06-22 09:59:03,28750.0,9118
2021-06-22 09:59:07,28750.0,9130
2021-06-22 09:59:11,28751.65,9178
2021-06-22 09:59:16,28750.05,9180
2021-06-22 09:59:20,28750.05,9181
2021-06-22 09:59:25,28768.0,9211
2021-06-22 09:59:29,28768.0,9218
2021-06-22 09:59:34,28765.0,9224
2021-06-22 09:59:39,28750.0,9227
2021-06-22 09:59:44,28750.0,9227
2021-06-22 09:59:48,28768.0,9242
2021-06-22 09:59:52,28760.0,9256
2021-06-22 09:59:57,28750.0,9258
2021-06-22 10:00:01,28760.0,9260
2021-06-22 10:00:06,28750.0,9295
2021-06-22 10:00:10,28750.0,9297
2021-06-22 10:00:14,28750.0,9298
2021-06-22 10:00:19,28750.0,9300
2021-06-22 10:00:23,28760.0,9301
2021-06-22 10:00:28,28760.0,9301
2021-06-22 10:00:32,28760.0,9301
2021-06-22 10:00:37,28750.0,9310
2021-06-22 10:00:41,28737.6,9337
2021-06-22 10:00:45,28737.6,9337
2021-06-22 10:00:49,28749.95,9353
2021-06-22 10:00:53,28740.0,9358
2021-06-22 10:00:58,28737.55,9361
2021-06-22 10:01:02,28737.55,9361
2021-06-22 10:01:06,28730.0,9376
2021-06-22 10:01:15,28730.0,9381
2021-06-22 10:01:20,28730.0,9410
2021-06-22 10:01:24,28740.55,9470
2021-06-22 10:01:28,28749.95,9474
2021-06-22 10:01:33,28735.1,9475
2021-06-22 10:01:37,28749.95,9488
2021-06-22 10:01:38,28749.9,9491
2021-06-22 10:01:40,28749.9,9491
2021-06-22 10:01:41,28749.9,9491
2021-06-22 10:01:42,28749.9,9491
2021-06-22 10:01:44,28749.9,9495
2021-06-22 10:01:46,28749.9,9495
2021-06-22 10:01:47,28749.9,9495
2021-06-22 10:01:48,28737.0,9496
2021-06-22 10:01:50,28750.0,9575
2021-06-22 10:01:51,28765.0,9670
2021-06-22 10:01:52,28765.0,9670
2021-06-22 10:01:53,28750.8,9673
2021-06-22 10:01:55,28750.8,9673
2021-06-22 10:01:56,28750.8,9673
2021-06-22 10:01:58,28750.8,9673
2021-06-22 10:01:59,28750.8,9673
2021-06-22 10:02:00,28750.8,9673
2021-06-22 10:02:01,28750.8,9673
2021-06-22 10:02:02,28750.8,9673
2021-06-22 10:02:03,28753.0,9674
2021-06-22 10:02:04,28753.0,9674
2021-06-22 10:02:05,28753.0,9674
2021-06-22 10:02:06,28753.0,9674
2021-06-22 10:02:07,28753.0,9676
2021-06-22 10:02:08,28753.0,9676
2021-06-22 10:02:09,28753.0,9676
2021-06-22 10:02:10,28753.0,9676
2021-06-22 10:02:11,28753.0,9676
2021-06-22 10:02:12,28753.0,9676
2021-06-22 10:02:13,28753.0,9676
2021-06-22 10:02:14,28753.0,9677
2021-06-22 10:02:15,28753.0,9679
2021-06-22 10:02:17,28753.0,9679
2021-06-22 10:02:18,28753.0,9679
2021-06-22 10:02:19,28753.0,9679
2021-06-22 10:02:20,28750.0,9697
2021-06-22 10:02:21,28750.0,9698
2021-06-22 10:02:22,28750.0,9700
2021-06-22 10:02:23,28750.0,9700
2021-06-22 10:02:24,28750.0,9701
2021-06-22 10:02:26,28750.0,9701
2021-06-22 10:02:28,28750.0,9703
2021-06-22 10:02:30,28750.0,9705
2021-06-22 10:02:32,28750.0,9705
2021-06-22 10:02:33,28750.0,9705
2021-06-22 10:02:34,28750.0,9705
2021-06-22 10:02:35,28750.0,9705
2021-06-22 10:02:37,28750.0,9705
2021-06-22 10:02:38,28750.0,9705
2021-06-22 10:02:39,28750.0,9708
2021-06-22 10:02:40,28750.0,9710
2021-06-22 10:02:41,28750.0,9710
2021-06-22 10:02:42,28750.0,9710
2021-06-22 10:02:43,28750.0,9710
2021-06-22 10:02:44,28750.0,9710
2021-06-22 10:02:45,28752.9,9713
2021-06-22 10:02:46,28750.0,9714
2021-06-22 10:02:47,28752.9,9715
2021-06-22 10:02:48,28752.9,9715
2021-06-22 10:02:49,28752.9,9715
2021-06-22 10:02:50,28752.9,9715
2021-06-22 10:02:51,28752.9,9717
2021-06-22 10:02:52,28765.0,9725
2021-06-22 10:02:53,28752.9,9726
2021-06-22 10:02:54,28750.0,9727
2021-06-22 10:02:55,28750.0,9727
2021-06-22 10:02:56,28750.0,9727
2021-06-22 10:02:57,28750.0,9727
2021-06-22 10:02:58,28750.0,9727
2021-06-22 10:02:59,28750.0,9727
2021-06-22 10:03:00,28750.0,9732
2021-06-22 10:03:01,28750.0,9732
2021-06-22 10:03:02,28750.0,9732
2021-06-22 10:03:03,28750.0,9732
2021-06-22 10:03:04,28750.0,9732
2021-06-22 10:03:05,28750.0,9732
2021-06-22 10:03:08,28750.0,9732
2021-06-22 10:03:09,28750.0,9732
2021-06-22 10:03:10,28750.0,9732
2021-06-22 10:03:11,28764.95,9733
2021-06-22 10:03:12,28750.0,9743
2021-06-22 10:03:13,28750.0,9743
2021-06-22 10:03:14,28750.0,9743
2021-06-22 10:03:16,28750.0,9743
2021-06-22 10:03:17,28750.0,9743
2021-06-22 10:03:18,28750.0,9743
2021-06-22 10:03:19,28750.0,9744
2021-06-22 10:03:20,28750.0,9744
2021-06-22 10:03:21,28750.0,9744
2021-06-22 10:03:22,28750.0,9744
2021-06-22 10:03:23,28750.0,9744
2021-06-22 10:03:24,28750.0,9744
2021-06-22 10:03:25,28750.0,9744
2021-06-22 10:03:26,28750.0,9744
2021-06-22 10:03:27,28750.0,9759
2021-06-22 10:03:29,28750.0,9761
2021-06-22 10:03:31,28750.0,9761
2021-06-22 10:03:34,28750.0,9762
2021-06-22 10:03:36,28750.0,9762
2021-06-22 10:03:37,28750.0,9762
2021-06-22 10:03:39,28750.0,9762
2021-06-22 10:03:41,28750.0,9762
2021-06-22 10:03:42,28764.0,9765
2021-06-22 10:03:43,28750.0,9775
2021-06-22 10:03:45,28750.0,9775
2021-06-22 10:03:46,28750.0,9775
2021-06-22 10:03:47,28750.0,9775
2021-06-22 10:03:48,28750.0,9775
2021-06-22 10:03:49,28750.0,9775
2021-06-22 10:03:51,28750.0,9775
2021-06-22 10:03:52,28750.0,9775
2021-06-22 10:03:53,28750.0,9779
2021-06-22 10:03:54,28750.0,9779
2021-06-22 10:03:55,28750.0,9779
2021-06-22 10:03:56,28750.0,9779
2021-06-22 10:03:57,28750.0,9780
2021-06-22 10:03:58,28750.0,9780
2021-06-22 10:03:59,28750.0,9780
2021-06-22 10:04:00,28750.0,9780
2021-06-22 10:04:01,28750.0,9780
2021-06-22 10:04:02,28750.0,9783
2021-06-22 10:04:03,28750.0,9783
2021-06-22 10:04:04,28750.0,9783
2021-06-22 10:04:05,28750.0,9783
2021-06-22 10:04:06,28750.0,9783
2021-06-22 10:04:07,28750.0,9783
2021-06-22 10:04:09,28750.0,9783
2021-06-22 10:04:10,28750.0,9784
2021-06-22 10:04:12,28750.0,9784
2021-06-22 10:04:13,28750.0,9784
2021-06-22 10:04:14,28750.0,9784
2021-06-22 10:04:16,28750.0,9784
2021-06-22 10:04:18,28750.0,9784
2021-06-22 10:04:19,28750.0,9786
2021-06-22 10:04:19,28750.0,9784
2021-06-22 10:04:20,28750.0,9787
2021-06-22 10:04:21,28750.0,9787
2021-06-22 10:04:23,28750.0,9787
2021-06-22 10:04:25,28750.0,9792
2021-06-22 10:04:26,28750.0,9792
2021-06-22 10:04:27,28750.0,9792
2021-06-22 10:04:28,28750.0,9792
2021-06-22 10:04:30,28750.0,9801
2021-06-22 10:04:31,28750.0,9841
2021-06-22 10:04:31,28750.0,9841
2021-06-22 10:04:32,28750.0,9841
2021-06-22 10:04:33,28750.0,9843
2021-06-22 10:04:34,28750.0,9846
2021-06-22 10:04:35,28750.0,9846
2021-06-22 10:04:36,28750.0,9846
2021-06-22 10:04:37,28750.0,9846
2021-06-22 10:04:38,28750.0,9846
2021-06-22 10:04:39,28750.0,9849
2021-06-22 10:04:40,28750.0,9849
2021-06-22 10:04:41,28750.0,9849
2021-06-22 10:04:43,28750.0,9856
2021-06-22 10:04:43,28750.0,9858
2021-06-22 10:04:44,28750.0,9858
2021-06-22 10:04:45,28750.0,9858
2021-06-22 10:04:47,28750.0,9858
2021-06-22 10:04:47,28750.0,9858
2021-06-22 10:04:48,28750.0,9858
2021-06-22 10:04:49,28750.0,9871
2021-06-22 10:04:50,28750.0,9871
2021-06-22 10:04:51,28750.0,9871
2021-06-22 10:04:52,28750.0,9872
2021-06-22 10:04:55,28757.65,9875
2021-06-22 10:04:55,28757.65,9875
2021-06-22 10:04:56,28750.0,9877
2021-06-22 10:04:57,28750.0,9877
2021-06-22 10:04:58,28750.0,9877
2021-06-22 10:04:59,28750.0,9877
2021-06-22 10:05:00,28750.0,9877
2021-06-22 10:05:01,28750.0,9877
2021-06-22 10:05:03,28750.0,9877
2021-06-22 10:05:03,28750.0,9877
2021-06-22 10:05:04,28750.0,9877
2021-06-22 10:05:05,28750.0,9877
2021-06-22 10:05:06,28750.0,9877
2021-06-22 10:05:07,28750.0,9877
2021-06-22 10:05:08,28750.0,9877
2021-06-22 10:05:10,28750.0,9877
2021-06-22 10:05:11,28750.0,9878
2021-06-22 10:05:12,28750.0,9878
2021-06-22 10:05:13,28750.0,9878
2021-06-22 10:05:15,28750.0,9879
2021-06-22 10:05:15,28750.0,9879
2021-06-22 10:05:17,28750.0,9879
2021-06-22 10:05:19,28750.0,9883
2021-06-22 10:05:21,28750.0,9884
2021-06-22 10:05:22,28750.0,9889
2021-06-22 10:05:23,28750.0,9892
2021-06-22 10:05:24,28750.0,9911
2021-06-22 10:05:25,28750.0,9911
2021-06-22 10:05:26,28750.0,9911
2021-06-22 10:05:27,28750.0,9911
2021-06-22 10:05:28,28748.5,9914
2021-06-22 10:05:29,28735.0,9915
2021-06-22 10:05:30,28735.0,9915
2021-06-22 10:05:31,28748.5,9917
2021-06-22 10:05:33,28750.0,9927
2021-06-22 10:05:34,28750.0,9927
2021-06-22 10:05:35,28735.05,9930
2021-06-22 10:05:36,28735.05,9930
2021-06-22 10:05:37,28735.05,9930
2021-06-22 10:05:38,28735.05,9930
2021-06-22 10:05:39,28735.1,9931
2021-06-22 10:05:40,28750.0,9932
2021-06-22 10:05:41,28750.0,9932
2021-06-22 10:05:42,28750.0,9932
2021-06-22 10:05:44,28750.0,9935
2021-06-22 10:05:44,28750.0,9935
2021-06-22 10:05:45,28735.0,9939
2021-06-22 10:05:48,28735.0,9939
2021-06-22 10:05:49,28748.0,9951
2021-06-22 10:05:50,28748.0,9953
2021-06-22 10:05:51,28748.0,9953
2021-06-22 10:05:52,28748.0,9953
2021-06-22 10:05:53,28748.0,9953
2021-06-22 10:05:54,28748.0,9953
2021-06-22 10:05:55,28748.0,9953
2021-06-22 10:05:56,28748.55,9955
2021-06-22 10:05:57,28748.55,9955
2021-06-22 10:05:58,28748.55,9958
2021-06-22 10:06:00,28748.55,9958
2021-06-22 10:06:01,28749.0,9962
2021-06-22 10:06:02,28750.0,9969
2021-06-22 10:06:02,28750.0,9969
2021-06-22 10:06:04,28750.0,9969
2021-06-22 10:06:04,28750.0,9972
2021-06-22 10:06:06,28750.0,9972
2021-06-22 10:06:07,28750.0,9972
2021-06-22 10:06:09,28750.0,9972
2021-06-22 10:06:10,28750.0,9974
2021-06-22 10:06:12,28740.0,9991
2021-06-22 10:06:13,28740.0,9991
2021-06-22 10:06:14,28740.0,9991
2021-06-22 10:06:14,28740.0,9991
2021-06-22 10:06:16,28750.0,9992
2021-06-22 10:06:16,28750.0,9992
2021-06-22 10:06:17,28750.0,9992
2021-06-22 10:06:19,28750.0,9992
2021-06-22 10:06:20,28750.0,9992
2021-06-22 10:06:20,28750.0,9992
2021-06-22 10:06:23,28750.0,9992
2021-06-22 10:06:23,28750.0,9992
2021-06-22 10:06:25,28750.0,9992
2021-06-22 10:06:26,28750.0,9992
2021-06-22 10:06:28,28750.0,9995
2021-06-22 10:06:29,28750.0,9995
2021-06-22 10:06:30,28750.0,9995
2021-06-22 10:06:31,28750.0,9995
2021-06-22 10:06:34,28750.0,9999
2021-06-22 10:06:35,28750.0,10000
2021-06-22 10:06:36,28750.0,10000
2021-06-22 10:06:37,28750.0,10000
2021-06-22 10:06:42,28750.0,10000
2021-06-22 10:06:46,28750.0,10002
2021-06-22 10:06:50,28750.0,10002
2021-06-22 10:06:54,28750.0,10002
2021-06-22 10:06:58,28750.0,10009
2021-06-22 10:07:02,28750.0,10009
2021-06-22 10:07:06,28750.0,10009
2021-06-22 10:07:10,28750.0,10009
2021-06-22 10:07:14,28750.0,10034
2021-06-22 10:07:19,28760.0,10035
2021-06-22 10:07:22,28760.0,10035
2021-06-22 10:07:26,28750.0,10060
2021-06-22 10:07:30,28750.0,10060
2021-06-22 10:07:34,28750.0,10066
2021-06-22 10:07:39,28769.0,10084
2021-06-22 10:07:43,28755.0,10094
2021-06-22 10:07:47,28755.0,10094
2021-06-22 10:07:50,28756.3,10095
2021-06-22 10:07:54,28756.3,10095
2021-06-22 10:07:58,28775.0,10120
2021-06-22 10:08:02,28778.65,10125
2021-06-22 10:08:07,28765.0,10133
2021-06-22 10:08:11,28762.55,10143
2021-06-22 10:08:15,28775.0,10145
2021-06-22 10:08:19,28775.0,10145
2021-06-22 10:08:23,28775.0,10145
2021-06-22 10:08:30,28762.55,10152
2021-06-22 10:08:34,28762.55,10152
2021-06-22 10:08:38,28761.35,10156
2021-06-22 10:08:42,28761.35,10156
2021-06-22 10:08:46,28763.0,10157
2021-06-22 10:08:50,28763.0,10157
2021-06-22 10:08:55,28763.0,10157
2021-06-22 10:08:59,28763.0,10157
2021-06-22 10:09:03,28762.55,10162
2021-06-22 10:09:07,28762.55,10162
2021-06-22 10:09:12,28762.55,10162
2021-06-22 10:09:16,28762.55,10162
2021-06-22 10:09:20,28762.55,10162
2021-06-22 10:09:29,28760.8,10166
2021-06-22 10:09:34,28760.8,10166
2021-06-22 10:09:38,28760.8,10166
2021-06-22 10:09:42,28760.8,10166
2021-06-22 10:09:46,28760.8,10166
2021-06-22 10:09:51,28751.05,10169
2021-06-22 10:09:55,28751.05,10170
2021-06-22 10:09:59,28752.0,10171
2021-06-22 10:10:02,28752.0,10171
2021-06-22 10:10:06,28755.0,10172
2021-06-22 10:10:10,28755.0,10172
2021-06-22 10:10:14,28752.0,10182
2021-06-22 10:10:19,28752.0,10182
2021-06-22 10:10:23,28760.0,10183
2021-06-22 10:10:26,28752.0,10186
2021-06-22 10:10:30,28755.05,10187
2021-06-22 10:10:34,28755.05,10190
2021-06-22 10:10:38,28755.05,10191
2021-06-22 10:10:43,28760.0,10197
2021-06-22 10:10:47,28760.0,10198
2021-06-22 10:10:51,28760.0,10198
2021-06-22 10:11:04,28760.0,10233
2021-06-22 10:11:08,28761.95,10237
2021-06-22 10:11:12,28761.95,10237
2021-06-22 10:11:16,28761.95,10237
2021-06-22 10:11:24,28750.1,10244
2021-06-22 10:11:27,28750.0,10300
2021-06-22 10:11:31,28747.6,10302
2021-06-22 10:11:35,28747.65,10303
2021-06-22 10:11:40,28747.65,10303
2021-06-22 10:11:44,28750.0,10304
2021-06-22 10:11:48,28750.0,10305
2021-06-22 10:11:52,28750.0,10305
2021-06-22 10:11:56,28750.0,10306
2021-06-22 10:12:00,28750.0,10307
2021-06-22 10:12:05,28750.0,10311
2021-06-22 10:12:09,28750.0,10313
2021-06-22 10:12:13,28760.55,10315
2021-06-22 10:12:17,28760.55,10315
2021-06-22 10:12:21,28760.55,10315
2021-06-22 10:12:26,28751.0,10316
2021-06-22 10:12:30,28751.0,10316
2021-06-22 10:12:39,28759.1,10325
2021-06-22 10:12:43,28759.1,10325
2021-06-22 10:12:48,28750.0,10350
2021-06-22 10:12:52,28750.0,10350
2021-06-22 10:12:57,28759.1,10351
2021-06-22 10:13:00,28759.1,10351
2021-06-22 10:13:04,28759.1,10351
2021-06-22 10:13:08,28759.1,10351
2021-06-22 10:13:12,28759.1,10351
2021-06-22 10:13:16,28759.1,10351
2021-06-22 10:13:19,28759.1,10351
2021-06-22 10:13:23,28759.1,10351
2021-06-22 10:13:28,28759.1,10351
2021-06-22 10:13:32,28759.1,10351
2021-06-22 10:13:36,28759.1,10351
2021-06-22 10:13:40,28759.1,10351
2021-06-22 10:13:44,28759.1,10351
2021-06-22 10:13:49,28759.1,10351
2021-06-22 10:13:53,28759.1,10351
2021-06-22 10:13:57,28759.1,10351
2021-06-22 10:14:01,28752.55,10370
2021-06-22 10:14:05,28750.0,10439
2021-06-22 10:14:09,28750.0,10449
2021-06-22 10:14:14,28750.0,10451
2021-06-22 10:14:18,28749.95,10454
2021-06-22 10:14:22,28750.0,10467
2021-06-22 10:14:26,28750.0,10470
2021-06-22 10:14:30,28750.0,10472
2021-06-22 10:14:33,28750.0,10478
2021-06-22 10:14:41,28749.95,10494
2021-06-22 10:14:45,28755.0,10495
2021-06-22 10:14:49,28755.0,10495
2021-06-22 10:14:53,28755.0,10495
2021-06-22 10:14:57,28755.0,10495
2021-06-22 10:15:05,28750.0,10498
2021-06-22 10:15:09,28750.1,10510
2021-06-22 10:15:13,28750.1,10510
2021-06-22 10:15:17,28750.1,10510
2021-06-22 10:15:21,28751.15,10513
2021-06-22 10:15:25,28751.15,10513
2021-06-22 10:15:29,28751.15,10513
2021-06-22 10:15:33,28751.15,10516
2021-06-22 10:15:37,28765.0,10517
2021-06-22 10:15:41,28765.0,10517
2021-06-22 10:15:45,28765.0,10517
2021-06-22 10:15:49,28765.0,10523
2021-06-22 10:15:53,28765.0,10531
2021-06-22 10:15:57,28766.2,10532
2021-06-22 10:16:00,28769.0,10540
2021-06-22 10:16:04,28770.0,10545
2021-06-22 10:16:08,28770.0,10548
2021-06-22 10:16:12,28774.95,10553
2021-06-22 10:16:15,28769.0,10557
2021-06-22 10:16:19,28769.0,10558
2021-06-22 10:16:22,28774.95,10560
2021-06-22 10:16:26,28769.0,10561
2021-06-22 10:16:33,28769.0,10565
2021-06-22 10:16:37,28775.0,10573
2021-06-22 10:16:41,28774.0,10576
2021-06-22 10:16:45,28774.0,10576
2021-06-22 10:16:49,28774.0,10576
2021-06-22 10:16:53,28774.0,10580
2021-06-22 10:16:57,28774.0,10580
2021-06-22 10:17:01,28774.0,10580
2021-06-22 10:17:05,28774.0,10580
2021-06-22 10:17:09,28769.0,10581
2021-06-22 10:17:13,28774.0,10584
2021-06-22 10:17:17,28774.0,10584
2021-06-22 10:17:21,28774.0,10584
2021-06-22 10:17:29,28747.45,10674
2021-06-22 10:17:37,28766.2,10678
2021-06-22 10:17:41,28766.2,10678
2021-06-22 10:17:45,28766.2,10678
2021-06-22 10:17:49,28766.2,10678
2021-06-22 10:17:54,28766.2,10678
2021-06-22 10:17:58,28766.2,10678
2021-06-22 10:18:06,28750.0,10689
2021-06-22 10:18:11,28750.0,10690
2021-06-22 10:18:15,28750.0,10711
2021-06-22 10:18:19,28750.0,10712
2021-06-22 10:18:24,28752.5,10713
2021-06-22 10:18:28,28752.5,10713
2021-06-22 10:18:33,28752.5,10713
2021-06-22 10:18:37,28752.5,10713
2021-06-22 10:18:46,28755.0,10714
2021-06-22 10:18:50,28755.0,10714
2021-06-22 10:18:54,28755.0,10714
2021-06-22 10:18:58,28755.0,10714
2021-06-22 10:19:02,28755.0,10715
2021-06-22 10:19:05,28755.0,10715
2021-06-22 10:19:09,28755.0,10716
2021-06-22 10:19:13,28755.0,10718
2021-06-22 10:19:16,28755.0,10718
2021-06-22 10:19:20,28755.0,10718
2021-06-22 10:19:25,28755.0,10725
2021-06-22 10:19:29,28755.0,10725
2021-06-22 10:19:34,28755.0,10725
2021-06-22 10:19:38,28755.0,10725
2021-06-22 10:19:43,28755.0,10735
2021-06-22 10:19:48,28755.0,10735
2021-06-22 10:19:52,28750.0,10736
2021-06-22 10:19:56,28750.0,10736
2021-06-22 10:20:00,28750.0,10736
2021-06-22 10:20:04,28750.0,10736
2021-06-22 10:20:09,28750.0,10736
2021-06-22 10:20:12,28750.0,10738
2021-06-22 10:20:16,28750.0,10738
2021-06-22 10:20:20,28750.0,10741
2021-06-22 10:20:24,28750.0,10741
2021-06-22 10:20:29,28750.0,10741
2021-06-22 10:20:36,28750.0,10753
2021-06-22 10:20:40,28750.0,10753
2021-06-22 10:20:44,28750.0,10757
2021-06-22 10:20:47,28750.0,10760
2021-06-22 10:20:51,28750.0,10770
2021-06-22 10:20:54,28750.0,10770
2021-06-22 10:20:58,28750.0,10771
2021-06-22 10:21:02,28750.0,10772
2021-06-22 10:21:06,28762.5,10773
2021-06-22 10:21:11,28762.5,10773
2021-06-22 10:21:15,28750.0,10774
2021-06-22 10:21:19,28750.0,10774
2021-06-22 10:21:23,28750.0,10774
2021-06-22 10:21:27,28750.0,10774
2021-06-22 10:21:31,28750.0,10774
2021-06-22 10:21:35,28750.0,10774
2021-06-22 10:21:39,28750.0,10780
2021-06-22 10:21:43,28750.0,10782
2021-06-22 10:21:47,28750.0,10784
2021-06-22 10:21:50,28750.0,10785
2021-06-22 10:21:54,28750.0,10785
2021-06-22 10:21:58,28750.0,10785
2021-06-22 10:22:02,28750.0,10785
2021-06-22 10:22:06,28750.0,10788
2021-06-22 10:22:09,28750.0,10818
2021-06-22 10:22:13,28750.0,10818
2021-06-22 10:22:17,28750.0,10818
2021-06-22 10:22:21,28750.0,10818
2021-06-22 10:22:25,28750.0,10818
2021-06-22 10:22:28,28750.0,10818
2021-06-22 10:22:32,28750.0,10823
2021-06-22 10:22:36,28750.0,10825
2021-06-22 10:22:40,28750.0,10825
2021-06-22 10:22:43,28750.0,10825
2021-06-22 10:22:48,28750.0,10835
2021-06-22 10:22:51,28750.0,10838
2021-06-22 10:22:59,28750.0,10841
2021-06-22 10:23:04,28750.0,10841
2021-06-22 10:23:08,28750.0,10842
2021-06-22 10:23:12,28750.0,10842
2021-06-22 10:23:16,28750.0,10842
2021-06-22 10:23:20,28750.0,10874
2021-06-22 10:23:23,28750.0,10877
2021-06-22 10:23:27,28750.0,10877
2021-06-22 10:23:31,28750.0,10877
2021-06-22 10:23:34,28750.0,10879
2021-06-22 10:23:38,28750.0,10889
2021-06-22 10:23:42,28750.0,10890
2021-06-22 10:23:46,28750.0,10890
2021-06-22 10:23:50,28750.0,10890
2021-06-22 10:23:53,28750.0,10890
2021-06-22 10:23:57,28750.0,10892
2021-06-22 10:24:01,28750.0,10892
2021-06-22 10:24:05,28750.0,10892
2021-06-22 10:24:08,28750.0,10892
2021-06-22 10:24:12,28750.0,10892
2021-06-22 10:24:16,28750.0,10892
2021-06-22 10:24:20,28750.0,10893
2021-06-22 10:24:23,28750.0,10896
2021-06-22 10:24:27,28750.0,10896
2021-06-22 10:24:30,28750.0,10896
2021-06-22 10:24:38,28750.0,10905
2021-06-22 10:24:44,28750.0,10905
2021-06-22 10:24:48,28750.0,10907
2021-06-22 10:24:52,28750.0,10907
2021-06-22 10:24:56,28750.0,10909
2021-06-22 10:25:00,28735.0,10973
2021-06-22 10:25:05,28735.0,10989
2021-06-22 10:25:09,28733.3,11044
2021-06-22 10:25:13,28739.85,11045
2021-06-22 10:25:17,28747.4,11054
2021-06-22 10:25:21,28747.45,11056
2021-06-22 10:25:25,28752.0,11065
2021-06-22 10:25:29,28752.0,11065
2021-06-22 10:25:33,28752.0,11065
2021-06-22 10:25:37,28750.0,11073
2021-06-22 10:25:41,28760.0,11079
2021-06-22 10:25:45,28763.45,11086
2021-06-22 10:25:49,28750.0,11087
2021-06-22 10:25:53,28750.0,11119
2021-06-22 10:25:58,28750.0,11119
2021-06-22 10:26:02,28763.9,11124
2021-06-22 10:26:06,28750.0,11130
2021-06-22 10:26:10,28747.5,11152
2021-06-22 10:26:14,28750.0,11156
2021-06-22 10:26:18,28750.0,11161
2021-06-22 10:26:21,28750.0,11183
2021-06-22 10:26:25,28750.0,11183
2021-06-22 10:26:29,28750.0,11184
2021-06-22 10:26:32,28750.0,11189
2021-06-22 10:26:37,28750.0,11190
2021-06-22 10:26:41,28750.0,11210
2021-06-22 10:26:44,28750.0,11213
2021-06-22 10:26:48,28750.0,11213
2021-06-22 10:26:51,28750.0,11213
2021-06-22 10:26:55,28750.0,11234
2021-06-22 10:26:59,28750.0,11270
2021-06-22 10:27:02,28750.0,11271
2021-06-22 10:27:06,28750.0,11271
2021-06-22 10:27:09,28760.0,11272
2021-06-22 10:27:14,28757.5,11291
2021-06-22 10:27:18,28770.0,11294
2021-06-22 10:27:21,28770.0,11299
2021-06-22 10:27:25,28790.0,11522
2021-06-22 10:27:29,28785.0,11539
2021-06-22 10:27:33,28785.0,11539
2021-06-22 10:27:37,28785.0,11547
2021-06-22 10:27:41,28785.0,11547
2021-06-22 10:27:44,28785.0,11547
2021-06-22 10:27:48,28790.0,11597
2021-06-22 10:27:54,28790.0,11608
2021-06-22 10:27:58,28784.7,11611
2021-06-22 10:28:01,28784.7,11611
2021-06-22 10:28:05,28784.7,11611
2021-06-22 10:28:09,28790.0,11629
2021-06-22 10:28:12,28790.0,11636
2021-06-22 10:28:16,28790.0,11637
2021-06-22 10:28:19,28792.95,11645
2021-06-22 10:28:27,28795.0,11666
2021-06-22 10:28:35,28799.0,11672
2021-06-22 10:28:42,28790.0,11690
2021-06-22 10:28:46,28794.5,11691
2021-06-22 10:28:50,28794.5,11691
2021-06-22 10:28:54,28794.5,11691
2021-06-22 10:28:58,28799.0,11737
2021-06-22 10:29:02,28799.0,11749
2021-06-22 10:29:05,28790.0,11774
2021-06-22 10:29:09,28790.0,11775
2021-06-22 10:29:13,28791.0,11789
2021-06-22 10:29:17,28792.85,11836
2021-06-22 10:29:21,28790.0,11845
2021-06-22 10:29:24,28798.0,11895
2021-06-22 10:29:28,28796.4,11897
2021-06-22 10:29:32,28796.4,11898
2021-06-22 10:29:35,28796.4,11898
2021-06-22 10:29:39,28796.4,11898
2021-06-22 10:29:43,28796.4,11924
2021-06-22 10:29:47,28796.4,11929
2021-06-22 10:29:50,28796.4,11929
2021-06-22 10:29:54,28795.6,11931
2021-06-22 10:29:57,28796.0,11934
2021-06-22 10:30:00,28796.0,11934
2021-06-22 10:30:04,28796.2,11935
2021-06-22 10:30:07,28796.2,11935
2021-06-22 10:30:11,28796.2,11935
2021-06-22 10:30:14,28790.0,11936
2021-06-22 10:30:22,28790.0,12054
2021-06-22 10:30:26,28787.5,12055
2021-06-22 10:30:29,28787.5,12056
2021-06-22 10:30:33,28787.5,12056
2021-06-22 10:30:37,28789.35,12057
2021-06-22 10:30:41,28789.35,12057
2021-06-22 10:30:45,28800.0,12527
2021-06-22 10:30:48,28800.0,12723
2021-06-22 10:30:52,28800.1,12897
2021-06-22 10:30:55,28805.05,12901
2021-06-22 10:30:58,28805.05,12901
2021-06-22 10:31:05,28819.5,13104
2021-06-22 10:31:08,28819.5,13118
2021-06-22 10:31:11,28830.0,13236
2021-06-22 10:31:15,28833.95,13302
2021-06-22 10:31:19,28833.95,13302
2021-06-22 10:31:22,28844.0,13379
2021-06-22 10:31:26,28832.35,13381
2021-06-22 10:31:30,28844.0,13569
2021-06-22 10:31:33,28850.0,13705
2021-06-22 10:31:37,28869.75,13840
2021-06-22 10:31:39,28857.65,13846
2021-06-22 10:31:40,28869.65,13852
2021-06-22 10:31:41,28849.0,13908
2021-06-22 10:31:42,28849.0,13908
2021-06-22 10:31:43,28849.0,13908
2021-06-22 10:31:44,28849.0,13908
2021-06-22 10:31:45,28850.0,13911
2021-06-22 10:31:46,28850.0,13924
2021-06-22 10:31:47,28850.0,13934
2021-06-22 10:31:49,28850.05,13935
2021-06-22 10:31:50,28850.05,13935
2021-06-22 10:31:51,28857.65,13936
2021-06-22 10:31:53,28857.65,13936
2021-06-22 10:31:56,28855.0,13939
2021-06-22 10:31:58,28850.75,13940
2021-06-22 10:31:59,28850.75,13940
2021-06-22 10:32:00,28855.0,13942
2021-06-22 10:32:01,28855.0,13942
2021-06-22 10:32:01,28855.0,13942
2021-06-22 10:32:03,28855.0,13945
2021-06-22 10:32:04,28855.0,13946
2021-06-22 10:32:05,28849.0,13999
2021-06-22 10:32:06,28849.0,13999
2021-06-22 10:32:07,28850.0,14011
2021-06-22 10:32:08,28850.0,14011
2021-06-22 10:32:09,28850.0,14013
2021-06-22 10:32:10,28850.0,14013
2021-06-22 10:32:11,28850.0,14018
2021-06-22 10:32:12,28850.0,14018
2021-06-22 10:32:13,28850.0,14021
2021-06-22 10:32:14,28850.0,14046
2021-06-22 10:32:15,28850.0,14046
2021-06-22 10:32:16,28850.0,14046
2021-06-22 10:32:17,28849.0,14072
2021-06-22 10:32:18,28848.9,14074
2021-06-22 10:32:19,28849.0,14075
2021-06-22 10:32:20,28849.0,14075
2021-06-22 10:32:21,28849.0,14075
2021-06-22 10:32:21,28849.0,14075
2021-06-22 10:32:22,28849.0,14100
2021-06-22 10:32:23,28849.0,14106
2021-06-22 10:32:24,28849.0,14106
2021-06-22 10:32:26,28849.0,14106
2021-06-22 10:32:27,28849.0,14109
2021-06-22 10:32:28,28840.0,14111
2021-06-22 10:32:29,28840.0,14111
2021-06-22 10:32:30,28840.0,14113
2021-06-22 10:32:32,28849.0,14283
2021-06-22 10:32:33,28850.0,14291
2021-06-22 10:32:33,28850.0,14291
2021-06-22 10:32:34,28850.75,14292
2021-06-22 10:32:36,28850.75,14293
2021-06-22 10:32:37,28854.95,14302
2021-06-22 10:32:38,28854.95,14302
2021-06-22 10:32:39,28855.0,14318
2021-06-22 10:32:40,28855.0,14319
2021-06-22 10:32:41,28855.05,14321
2021-06-22 10:32:41,28855.05,14321
2021-06-22 10:32:42,28856.25,14323
2021-06-22 10:32:44,28856.25,14323
2021-06-22 10:32:45,28860.0,14339
2021-06-22 10:32:46,28860.0,14340
2021-06-22 10:32:47,28854.95,14591
2021-06-22 10:32:48,28854.95,14591
2021-06-22 10:32:49,28854.95,14591
2021-06-22 10:32:50,28869.7,14592
2021-06-22 10:32:51,28869.7,14592
2021-06-22 10:32:52,28869.7,14652
2021-06-22 10:32:53,28869.7,14652
2021-06-22 10:32:54,28869.75,14653
2021-06-22 10:32:55,28869.75,14654
2021-06-22 10:32:56,28869.75,14655
2021-06-22 10:32:57,28886.7,14706
2021-06-22 10:32:58,28869.8,14707
2021-06-22 10:32:58,28869.85,14708
2021-06-22 10:33:00,28869.85,14708
2021-06-22 10:33:00,28869.85,14708
2021-06-22 10:33:01,28870.0,14718
2021-06-22 10:33:02,28870.0,14718
2021-06-22 10:33:04,28869.9,14719
2021-06-22 10:33:08,28870.0,14725
2021-06-22 10:33:09,28870.0,14729
2021-06-22 10:33:10,28870.0,14729
2021-06-22 10:33:11,28870.0,14731
2021-06-22 10:33:12,28882.9,14782
2021-06-22 10:33:13,28881.45,14788
2021-06-22 10:33:14,28880.0,14794
2021-06-22 10:33:15,28880.0,14794
2021-06-22 10:33:16,28890.15,14806
2021-06-22 10:33:17,28880.0,14834
2021-06-22 10:33:18,28880.0,14844
2021-06-22 10:33:19,28870.0,14859
2021-06-22 10:33:21,28884.75,14865
2021-06-22 10:33:21,28884.75,14865
2021-06-22 10:33:22,28884.75,14865
2021-06-22 10:33:24,28877.4,14866
2021-06-22 10:33:25,28870.2,14868
2021-06-22 10:33:26,28870.2,14868
2021-06-22 10:33:27,28941.8,17098
2021-06-22 10:33:28,28912.25,17134
2021-06-22 10:33:29,28912.25,17139
2021-06-22 10:33:30,28912.25,17139
2021-06-22 10:33:31,28920.0,17140
2021-06-22 10:33:32,28917.45,17141
2021-06-22 10:33:33,28898.55,17151
2021-06-22 10:33:33,28898.55,17151
2021-06-22 10:33:34,28898.55,17151
2021-06-22 10:33:35,29000.0,18721
2021-06-22 10:33:36,28970.1,19264
2021-06-22 10:33:38,28927.7,19270
2021-06-22 10:33:40,28935.0,19295
2021-06-22 10:33:41,28925.6,19299
2021-06-22 10:33:42,28925.6,19299
2021-06-22 10:33:43,29000.0,20202
2021-06-22 10:33:44,29005.0,20217
2021-06-22 10:33:46,29000.55,20287
2021-06-22 10:33:47,29000.05,20290
2021-06-22 10:33:48,29000.05,20292
2021-06-22 10:33:49,29018.25,20323
2021-06-22 10:33:50,29002.6,20324
2021-06-22 10:33:51,29000.05,20337
2021-06-22 10:33:52,29000.0,20516
2021-06-22 10:33:53,29000.0,20516
2021-06-22 10:33:54,29017.4,20539
2021-06-22 10:33:55,29005.0,20549
2021-06-22 10:33:56,29000.05,20550
2021-06-22 10:33:57,29000.1,20555
2021-06-22 10:33:58,29000.0,20616
2021-06-22 10:33:59,29014.35,20617
2021-06-22 10:34:00,29015.75,20631
2021-06-22 10:34:01,29015.75,20631
2021-06-22 10:34:02,29000.1,20632
2021-06-22 10:34:04,29000.0,20637
2021-06-22 10:34:05,29000.0,20638
2021-06-22 10:34:06,29000.0,20688
2021-06-22 10:34:07,29015.0,20692
2021-06-22 10:34:08,29000.0,20722
2021-06-22 10:34:09,29000.0,20727
2021-06-22 10:34:10,29000.0,20729
2021-06-22 10:34:12,29000.0,20729
2021-06-22 10:34:13,29016.3,20730
2021-06-22 10:34:15,29000.0,21173
2021-06-22 10:34:16,29013.45,21175
2021-06-22 10:34:18,29012.45,21176
2021-06-22 10:34:19,29014.65,21177
2021-06-22 10:34:21,29000.0,21252
2021-06-22 10:34:22,29013.45,21254
2021-06-22 10:34:23,29013.45,21256
2021-06-22 10:34:24,29013.45,21257
2021-06-22 10:34:25,29013.45,21257
2021-06-22 10:34:26,29000.05,21267
2021-06-22 10:34:28,29000.0,21534
2021-06-22 10:34:27,29000.0,21534
2021-06-22 10:34:29,29000.0,21706
2021-06-22 10:34:30,29013.3,21712
2021-06-22 10:34:32,28937.5,21874
2021-06-22 10:34:33,28929.85,21958
2021-06-22 10:34:34,28929.85,21958
2021-06-22 10:34:35,28930.05,21962
2021-06-22 10:34:36,29000.7,22634
2021-06-22 10:34:37,29013.4,22637
2021-06-22 10:34:38,29013.4,22637
2021-06-22 10:34:39,29000.35,22657
2021-06-22 10:34:40,29000.0,22835
2021-06-22 10:34:41,29000.0,22841
2021-06-22 10:34:42,29000.0,23586
2021-06-22 10:34:43,29000.05,23615
2021-06-22 10:34:44,29000.0,24262
2021-06-22 10:34:45,29000.0,24262
2021-06-22 10:34:46,29000.2,24265
2021-06-22 10:34:47,29000.2,24268
2021-06-22 10:34:48,29000.0,24272
2021-06-22 10:34:49,29000.05,24273
2021-06-22 10:34:50,29000.0,24405
2021-06-22 10:34:51,28965.55,24448
2021-06-22 10:34:52,28985.4,24453
2021-06-22 10:34:53,28985.4,24454
2021-06-22 10:34:54,28972.6,24455
2021-06-22 10:34:55,28985.4,24456
2021-06-22 10:34:56,28951.2,24483
2021-06-22 10:34:57,28936.7,24509
2021-06-22 10:34:58,28936.7,24509
2021-06-22 10:34:59,28936.7,24509
2021-06-22 10:35:00,29000.0,25011
2021-06-22 10:35:01,28993.3,25013
2021-06-22 10:35:02,28970.3,25099
2021-06-22 10:35:03,28955.8,25124
2021-06-22 10:35:04,28955.8,25124
2021-06-22 10:35:05,28935.15,25125
2021-06-22 10:35:06,28914.0,25175
2021-06-22 10:35:07,28937.55,25223
2021-06-22 10:35:08,28927.5,25237
2021-06-22 10:35:09,28930.0,25327
2021-06-22 10:35:10,28957.5,25331
2021-06-22 10:35:11,28935.15,25385
2021-06-22 10:35:12,28947.55,25425
2021-06-22 10:35:13,28967.45,25483
2021-06-22 10:35:14,28964.75,25539
2021-06-22 10:35:15,28964.75,25539
2021-06-22 10:35:16,28962.5,25567
2021-06-22 10:35:17,28943.7,25602
2021-06-22 10:35:18,28943.7,25602
2021-06-22 10:35:19,28935.15,25620
2021-06-22 10:35:20,28943.5,25629
2021-06-22 10:35:21,28976.4,25673
2021-06-22 10:35:22,28965.05,25708
2021-06-22 10:35:23,28965.05,25708
2021-06-22 10:35:24,28985.4,25714
2021-06-22 10:35:25,28985.4,25717
2021-06-22 10:35:26,28985.4,25717
2021-06-22 10:35:28,28970.1,25718
2021-06-22 10:35:29,28992.1,25721
2021-06-22 10:35:31,28992.1,25721
2021-06-22 10:35:32,28989.95,25754
2021-06-22 10:35:33,28989.95,25763
2021-06-22 10:35:34,28989.95,25763
2021-06-22 10:35:35,28977.45,25775
2021-06-22 10:35:36,28977.45,25775
2021-06-22 10:35:37,28977.45,25775
2021-06-22 10:35:38,28977.45,25775
2021-06-22 10:35:39,28982.45,25785
2021-06-22 10:35:40,28982.65,25798
2021-06-22 10:35:41,28982.65,25798
2021-06-22 10:35:42,28982.65,25798
2021-06-22 10:35:43,28992.1,25849
2021-06-22 10:35:44,28978.9,25858
2021-06-22 10:35:45,28966.6,25879
2021-06-22 10:35:46,28962.85,25907
2021-06-22 10:35:47,28975.0,25918
2021-06-22 10:35:48,28975.0,25918
2021-06-22 10:35:49,28960.5,25945
2021-06-22 10:35:51,28960.5,25945
2021-06-22 10:35:53,28958.25,25946
2021-06-22 10:35:54,28958.25,25946
2021-06-22 10:35:55,28982.45,25950
2021-06-22 10:35:56,28962.55,25996
2021-06-22 10:35:58,28957.75,26025
2021-06-22 10:35:58,28957.75,26023
2021-06-22 10:35:59,28962.55,26059
2021-06-22 10:36:00,28962.55,26061
2021-06-22 10:36:01,28945.25,26072
2021-06-22 10:36:02,28936.3,26090
2021-06-22 10:36:03,28936.3,26090
2021-06-22 10:36:04,28957.2,26094
2021-06-22 10:36:05,28947.3,26119
2021-06-22 10:36:06,28947.3,26119
2021-06-22 10:36:07,28934.15,26171
2021-06-22 10:36:08,28934.15,26171
2021-06-22 10:36:09,28934.15,26171
2021-06-22 10:36:10,28934.15,26171
2021-06-22 10:36:11,28934.15,26171
2021-06-22 10:36:13,28925.6,26180
2021-06-22 10:36:13,28925.6,26180
2021-06-22 10:36:14,28910.55,26230
2021-06-22 10:36:15,28912.55,26235
2021-06-22 10:36:16,28912.55,26235
2021-06-22 10:36:17,28912.55,26235
2021-06-22 10:36:21,28918.2,26267
2021-06-22 10:36:21,28918.2,26267
2021-06-22 10:36:23,28899.65,26356
2021-06-22 10:36:24,28899.65,26356
2021-06-22 10:36:25,28899.65,26356
2021-06-22 10:36:26,28885.2,26404
2021-06-22 10:36:27,28870.0,26437
2021-06-22 10:36:28,28870.0,26437
2021-06-22 10:36:29,28877.5,26441
2021-06-22 10:36:31,28879.9,26462
2021-06-22 10:36:30,28872.85,26448
2021-06-22 10:36:32,28880.05,26464
2021-06-22 10:36:33,28892.45,26466
2021-06-22 10:36:34,28894.85,26467
2021-06-22 10:36:35,28894.85,26468
2021-06-22 10:36:36,28900.0,26469
2021-06-22 10:36:38,28894.85,26483
2021-06-22 10:36:39,28879.95,26487
2021-06-22 10:36:40,28877.4,26513
2021-06-22 10:36:42,28855.35,26538
2021-06-22 10:36:43,28858.45,26545
2021-06-22 10:36:44,28858.45,26545
2021-06-22 10:36:45,28846.6,26570
2021-06-22 10:36:46,28839.55,26595
2021-06-22 10:36:47,28863.85,26603
2021-06-22 10:36:48,28855.0,26656
2021-06-22 10:36:49,28869.0,26671
2021-06-22 10:36:51,28877.4,26681
2021-06-22 10:36:51,28877.4,26681
2021-06-22 10:36:52,28877.4,26681
2021-06-22 10:36:53,28877.4,26681
2021-06-22 10:36:55,28875.0,26684
2021-06-22 10:36:55,28875.0,26684
2021-06-22 10:36:56,28866.1,26685
2021-06-22 10:36:57,28866.1,26685
2021-06-22 10:36:58,28866.1,26685
2021-06-22 10:37:00,28872.7,26711
2021-06-22 10:37:00,28872.7,26711
2021-06-22 10:37:01,28872.7,26711
2021-06-22 10:37:02,28866.2,26714
2021-06-22 10:37:03,28866.15,26716
2021-06-22 10:37:04,28872.5,26717
2021-06-22 10:37:06,28872.5,26718
2021-06-22 10:37:06,28866.1,26747
2021-06-22 10:37:07,28852.5,26778
2021-06-22 10:37:08,28852.5,26778
2021-06-22 10:37:10,28850.0,26779
2021-06-22 10:37:11,28850.0,26779
2021-06-22 10:37:13,28842.5,26801
2021-06-22 10:37:14,28839.55,26815
2021-06-22 10:37:15,28856.45,26817
2021-06-22 10:37:16,28864.35,26819
2021-06-22 10:37:17,28855.0,26820
2021-06-22 10:37:18,28855.0,26820
2021-06-22 10:37:19,28866.15,26831
2021-06-22 10:37:21,28866.15,26831
2021-06-22 10:37:22,28852.3,26835
2021-06-22 10:37:22,28852.3,26835
2021-06-22 10:37:24,28852.3,26840
2021-06-22 10:37:25,28837.85,26865
2021-06-22 10:37:26,28855.45,26875
2021-06-22 10:37:27,28849.95,26946
2021-06-22 10:37:28,28835.5,26971
2021-06-22 10:37:29,28835.5,26971
2021-06-22 10:37:31,28837.5,26994
2021-06-22 10:37:32,28852.05,26996
2021-06-22 10:37:33,28857.75,27020
2021-06-22 10:37:34,28850.0,27029
2021-06-22 10:37:36,28850.0,27029
2021-06-22 10:37:37,28850.0,27030
2021-06-22 10:37:38,28837.9,27031
2021-06-22 10:37:39,28837.9,27031
2021-06-22 10:37:40,28837.9,27031
2021-06-22 10:37:41,28837.9,27031
2021-06-22 10:37:42,28837.9,27031
2021-06-22 10:37:43,28837.9,27031
2021-06-22 10:37:44,28837.9,27031
2021-06-22 10:37:45,28837.9,27031
2021-06-22 10:37:47,28859.95,27039
2021-06-22 10:37:48,28859.95,27039
2021-06-22 10:37:49,28859.95,27093
2021-06-22 10:37:50,28850.0,27105
2021-06-22 10:37:51,28850.0,27105
2021-06-22 10:37:53,28850.0,27105
2021-06-22 10:37:54,28850.0,27105
2021-06-22 10:37:55,28840.95,27106
2021-06-22 10:37:56,28840.95,27106
2021-06-22 10:37:56,28840.95,27106
2021-06-22 10:37:57,28840.95,27106
2021-06-22 10:37:58,28840.95,27106
2021-06-22 10:37:59,28850.0,27107
2021-06-22 10:38:00,28850.0,27107
2021-06-22 10:38:01,28850.0,27107
2021-06-22 10:38:02,28850.0,27107
2021-06-22 10:38:03,28850.0,27107
2021-06-22 10:38:04,28840.05,27120
2021-06-22 10:38:05,28840.05,27120
2021-06-22 10:38:06,28840.0,27128
2021-06-22 10:38:08,28840.0,27128
2021-06-22 10:38:10,28849.95,27129
2021-06-22 10:38:12,28849.95,27129
2021-06-22 10:38:14,28849.95,27129
2021-06-22 10:38:15,28820.15,27167
2021-06-22 10:38:15,28820.15,27167
2021-06-22 10:38:16,28840.0,27168
2021-06-22 10:38:17,28825.0,27171
2021-06-22 10:38:18,28839.9,27193
2021-06-22 10:38:19,28843.7,27198
2021-06-22 10:38:20,28843.7,27198
2021-06-22 10:38:22,28843.7,27198
2021-06-22 10:38:23,28843.7,27198
2021-06-22 10:38:23,28843.7,27198
2021-06-22 10:38:26,28843.7,27200
2021-06-22 10:38:27,28843.7,27200
2021-06-22 10:38:28,28840.5,27229
2021-06-22 10:38:29,28840.5,27229
2021-06-22 10:38:30,28837.5,27266
2021-06-22 10:38:32,28837.5,27266
2021-06-22 10:38:34,28837.3,27273
2021-06-22 10:38:35,28837.3,27274
2021-06-22 10:38:36,28837.3,27278
2021-06-22 10:38:37,28837.3,27278
2021-06-22 10:38:37,28837.3,27278
2021-06-22 10:38:38,28837.3,27278
2021-06-22 10:38:39,28837.3,27278
2021-06-22 10:38:40,28837.3,27278
2021-06-22 10:38:42,28837.3,27316
2021-06-22 10:38:43,28837.3,27317
2021-06-22 10:38:44,28837.3,27317
2021-06-22 10:38:45,28837.3,27318
2021-06-22 10:38:46,28840.0,27320
2021-06-22 10:38:47,28840.0,27320
2021-06-22 10:38:48,28839.65,27345
2021-06-22 10:38:48,28839.65,27345
2021-06-22 10:38:49,28850.0,27373
2021-06-22 10:38:50,28840.0,27375
2021-06-22 10:38:51,28840.0,27375
2021-06-22 10:38:54,28850.0,27388
2021-06-22 10:38:55,28850.0,27390
2021-06-22 10:38:55,28850.0,27388
2021-06-22 10:38:56,28850.0,27390
2021-06-22 10:38:57,28850.0,27392
2021-06-22 10:38:58,28850.0,27392
2021-06-22 10:38:59,28864.6,27464
2021-06-22 10:39:01,28864.6,27464
2021-06-22 10:39:02,28864.6,27464
2021-06-22 10:39:03,28864.6,27464
2021-06-22 10:39:03,28864.6,27464
2021-06-22 10:39:04,28860.0,27476
2021-06-22 10:39:05,28860.0,27477
2021-06-22 10:39:06,28860.0,27477
2021-06-22 10:39:07,28859.95,27480
2021-06-22 10:39:08,28859.95,27481
2021-06-22 10:39:10,28859.95,27481
2021-06-22 10:39:11,28859.95,27481
2021-06-22 10:39:13,28857.5,27482
2021-06-22 10:39:14,28857.5,27482
2021-06-22 10:39:15,28857.5,27482
2021-06-22 10:39:16,28859.9,27483
2021-06-22 10:39:16,28859.9,27483
2021-06-22 10:39:17,28859.9,27483
2021-06-22 10:39:18,28859.9,27484
2021-06-22 10:39:19,28838.5,27505
2021-06-22 10:39:20,28840.0,27536
2021-06-22 10:39:21,28848.45,27588
2021-06-22 10:39:24,28848.45,27588
2021-06-22 10:39:25,28848.45,27588
2021-06-22 10:39:26,28849.95,27592
2021-06-22 10:39:27,28849.95,27593
2021-06-22 10:39:28,28849.95,27593
2021-06-22 10:39:28,28849.95,27593
2021-06-22 10:39:29,28830.15,27594
2021-06-22 10:39:31,28830.15,27594
2021-06-22 10:39:32,28830.15,27594
2021-06-22 10:39:33,28828.0,27609
2021-06-22 10:39:34,28828.0,27619
2021-06-22 10:39:35,28828.05,27620
2021-06-22 10:39:36,28828.05,27620
2021-06-22 10:39:38,28828.05,27620
2021-06-22 10:39:40,28828.05,27620
2021-06-22 10:39:41,28828.05,27620
2021-06-22 10:39:41,28828.05,27620
2021-06-22 10:39:42,28828.05,27620
2021-06-22 10:39:43,28830.15,27621
2021-06-22 10:39:44,28830.15,27621
2021-06-22 10:39:47,28837.35,27622
2021-06-22 10:39:48,28844.95,27630
2021-06-22 10:39:49,28849.95,27653
2021-06-22 10:39:49,28850.0,27654
2021-06-22 10:39:50,28839.7,27659
2021-06-22 10:39:51,28839.7,27659
2021-06-22 10:39:52,28839.7,27659
2021-06-22 10:39:53,28860.0,27661
2021-06-22 10:39:54,28860.0,27661
2021-06-22 10:39:55,28860.0,27661
2021-06-22 10:39:56,28860.0,27661
2021-06-22 10:39:58,28860.0,27661
2021-06-22 10:39:59,28860.0,27661
2021-06-22 10:39:59,28831.0,27662
2021-06-22 10:40:01,28831.0,27662
2021-06-22 10:40:01,28831.0,27662
2021-06-22 10:40:02,28831.0,27662
2021-06-22 10:40:03,28831.0,27662
2021-06-22 10:40:05,28855.75,27674
2021-06-22 10:40:06,28855.75,27674
2021-06-22 10:40:07,28855.75,27674
2021-06-22 10:40:08,28855.75,27674
2021-06-22 10:40:09,28855.75,27674
2021-06-22 10:40:10,28855.75,27674
2021-06-22 10:40:11,28855.75,27674
2021-06-22 10:40:13,28855.75,27674
2021-06-22 10:40:14,28855.75,27674
2021-06-22 10:40:15,28855.75,27674
2021-06-22 10:40:16,28831.0,27677
2021-06-22 10:40:16,28845.0,27687
2021-06-22 10:40:17,28845.0,27687
2021-06-22 10:40:18,28845.0,27687
2021-06-22 10:40:20,28850.0,27688
2021-06-22 10:40:21,28850.0,27688
2021-06-22 10:40:22,28857.95,27689
2021-06-22 10:40:23,28850.0,27695
2021-06-22 10:40:24,28850.0,27695
2021-06-22 10:40:25,28850.0,27695
2021-06-22 10:40:25,28850.0,27695
2021-06-22 10:40:26,28850.0,27699
2021-06-22 10:40:28,28850.0,27699
2021-06-22 10:40:29,28850.0,27699
2021-06-22 10:40:30,28850.0,27699
2021-06-22 10:40:30,28850.0,27699
2021-06-22 10:40:31,28850.0,27701
2021-06-22 10:40:32,28850.0,27701
2021-06-22 10:40:34,28850.0,27705
2021-06-22 10:40:35,28850.0,27705
2021-06-22 10:40:36,28850.0,27705
2021-06-22 10:40:37,28850.0,27705
2021-06-22 10:40:38,28850.0,27705
2021-06-22 10:40:39,28850.0,27705
2021-06-22 10:40:40,28850.0,27711
2021-06-22 10:40:41,28844.95,27717
2021-06-22 10:40:41,28844.95,27717
2021-06-22 10:40:42,28844.95,27717
2021-06-22 10:40:44,28844.95,27717
2021-06-22 10:40:46,28847.5,27719
2021-06-22 10:40:47,28847.5,27719
2021-06-22 10:40:48,28847.5,27719
2021-06-22 10:40:49,28847.5,27720
2021-06-22 10:40:50,28847.5,27720
2021-06-22 10:40:52,28847.5,27720
2021-06-22 10:40:53,28847.5,27721
2021-06-22 10:40:54,28847.5,27721
2021-06-22 10:40:55,28847.5,27721
2021-06-22 10:40:55,28847.5,27721
2021-06-22 10:40:56,28847.5,27721
2021-06-22 10:40:57,28847.05,27741
2021-06-22 10:40:58,28847.0,27749
2021-06-22 10:40:59,28847.0,27774
2021-06-22 10:41:00,28847.0,27774
2021-06-22 10:41:03,28847.0,27774
2021-06-22 10:41:04,28847.05,27775
2021-06-22 10:41:05,28849.95,27785
2021-06-22 10:41:06,28849.95,27785
2021-06-22 10:41:07,28862.5,27804
2021-06-22 10:41:08,28847.1,27805
2021-06-22 10:41:09,28847.05,27807
2021-06-22 10:41:09,28847.05,27807
2021-06-22 10:41:10,28847.05,27807
2021-06-22 10:41:11,28847.05,27807
2021-06-22 10:41:13,28847.05,27807
2021-06-22 10:41:13,28847.05,27807
2021-06-22 10:41:14,28850.0,27813
2021-06-22 10:41:16,28866.15,27826
2021-06-22 10:41:17,28866.15,27826
2021-06-22 10:41:18,28872.55,27834
2021-06-22 10:41:19,28896.25,27854
2021-06-22 10:41:20,28896.25,27854
2021-06-22 10:41:21,28896.25,27854
2021-06-22 10:41:22,28896.25,27854
2021-06-22 10:41:23,28896.25,27854
2021-06-22 10:41:24,28896.25,27854
2021-06-22 10:41:25,28896.25,27854
2021-06-22 10:41:26,28896.25,27854
2021-06-22 10:41:27,28896.25,27854
2021-06-22 10:41:28,28896.25,27854
2021-06-22 10:41:30,28896.25,27854
2021-06-22 10:41:31,28896.25,27854
2021-06-22 10:41:32,28896.25,27854
2021-06-22 10:41:33,28890.5,27855
2021-06-22 10:41:34,28899.0,27856
2021-06-22 10:41:35,28899.0,27870
2021-06-22 10:41:35,28899.0,27870
2021-06-22 10:41:36,28899.0,27877
2021-06-22 10:41:38,28899.0,27877
2021-06-22 10:41:40,28896.25,27880
2021-06-22 10:41:41,28899.0,27881
2021-06-22 10:41:43,28899.0,27881
2021-06-22 10:41:44,28899.0,27881
2021-06-22 10:41:45,28899.0,27881
2021-06-22 10:41:46,28899.0,27883
2021-06-22 10:41:47,28899.0,27884
2021-06-22 10:41:48,28900.0,27885
2021-06-22 10:41:49,28900.0,27895
2021-06-22 10:41:50,28899.0,27920
2021-06-22 10:41:51,28899.0,27920
2021-06-22 10:41:51,28899.0,27920
2021-06-22 10:41:53,28899.0,27920
2021-06-22 10:41:54,28915.7,27931
2021-06-22 10:41:55,28878.4,28028
2021-06-22 10:41:56,28876.95,28056
2021-06-22 10:41:57,28876.95,28056
2021-06-22 10:41:57,28876.95,28056
2021-06-22 10:41:58,28857.75,28083
2021-06-22 10:41:59,28857.75,28083
2021-06-22 10:42:00,28857.75,28083
2021-06-22 10:42:02,28857.75,28083
2021-06-22 10:42:03,28857.75,28083
2021-06-22 10:42:04,28893.2,28085
2021-06-22 10:42:04,28893.2,28085
2021-06-22 10:42:05,28877.0,28086
2021-06-22 10:42:06,28877.0,28086
2021-06-22 10:42:07,28877.0,28086
2021-06-22 10:42:09,28877.0,28086
2021-06-22 10:42:10,28896.75,28089
2021-06-22 10:42:11,28900.0,28098
2021-06-22 10:42:12,28900.0,28098
2021-06-22 10:42:13,28900.0,28098
2021-06-22 10:42:14,28900.0,28098
2021-06-22 10:42:15,28900.0,28098
2021-06-22 10:42:15,28900.0,28098
2021-06-22 10:42:18,28900.0,28100
2021-06-22 10:42:19,28900.0,28100
2021-06-22 10:42:20,28900.0,28100
2021-06-22 10:42:21,28900.0,28100
2021-06-22 10:42:22,28900.0,28100
2021-06-22 10:42:22,28900.0,28100
2021-06-22 10:42:23,28900.0,28100
2021-06-22 10:42:24,28900.0,28126
2021-06-22 10:42:25,28900.0,28126
2021-06-22 10:42:27,28888.4,28127
2021-06-22 10:42:28,28899.0,28128
2021-06-22 10:42:29,28899.0,28128
2021-06-22 10:42:30,28899.0,28129
2021-06-22 10:42:31,28899.0,28129
2021-06-22 10:42:32,28899.0,28129
2021-06-22 10:42:33,28899.0,28129
2021-06-22 10:42:34,28888.4,28130
2021-06-22 10:42:35,28888.4,28130
2021-06-22 10:42:37,28888.4,28130
2021-06-22 10:42:38,28888.4,28130
2021-06-22 10:42:39,28888.4,28130
2021-06-22 10:42:40,28900.0,28152
2021-06-22 10:42:41,28900.0,28153
2021-06-22 10:42:42,28899.05,28154
2021-06-22 10:42:43,28900.0,28155
2021-06-22 10:42:45,28900.0,28155
2021-06-22 10:42:46,28900.0,28155
2021-06-22 10:42:48,28900.0,28156
2021-06-22 10:42:49,28900.0,28156
2021-06-22 10:42:50,28899.05,28158
2021-06-22 10:42:51,28899.05,28158
2021-06-22 10:42:52,28899.05,28158
2021-06-22 10:42:53,28899.05,28158
2021-06-22 10:42:54,28899.05,28158
2021-06-22 10:42:55,28900.1,28165
2021-06-22 10:42:56,28900.15,28166
2021-06-22 10:42:56,28900.15,28166
2021-06-22 10:42:57,28900.15,28166
2021-06-22 10:42:59,28900.15,28166
2021-06-22 10:43:00,28900.15,28166
2021-06-22 10:43:01,28900.2,28167
2021-06-22 10:43:02,28910.0,28168
2021-06-22 10:43:03,28910.0,28168
2021-06-22 10:43:04,28910.0,28168
2021-06-22 10:43:05,28900.2,28176
2021-06-22 10:43:06,28900.2,28176
2021-06-22 10:43:07,28900.2,28177
2021-06-22 10:43:07,28910.0,28182
2021-06-22 10:43:09,28900.2,28185
2021-06-22 10:43:10,28900.15,28232
2021-06-22 10:43:11,28900.15,28232
2021-06-22 10:43:12,28900.2,28242
2021-06-22 10:43:14,28900.2,28242
2021-06-22 10:43:15,28900.2,28242
2021-06-22 10:43:16,28900.2,28243
2021-06-22 10:43:17,28900.2,28243
2021-06-22 10:43:18,28900.2,28251
2021-06-22 10:43:18,28900.2,28243
2021-06-22 10:43:19,28900.2,28251
2021-06-22 10:43:20,28900.2,28251
2021-06-22 10:43:22,28899.0,28259
2021-06-22 10:43:23,28900.0,28272
2021-06-22 10:43:24,28899.0,28286
2021-06-22 10:43:24,28899.0,28286
2021-06-22 10:43:26,28899.0,28287
2021-06-22 10:43:27,28899.0,28287
2021-06-22 10:43:28,28899.0,28287
2021-06-22 10:43:30,28899.0,28287
2021-06-22 10:43:31,28899.0,28287
2021-06-22 10:43:32,28899.0,28287
2021-06-22 10:43:33,28899.0,28287
2021-06-22 10:43:34,28891.35,28291
2021-06-22 10:43:35,28900.0,28295
2021-06-22 10:43:37,28900.0,28295
2021-06-22 10:43:39,28900.0,28297
2021-06-22 10:43:40,28892.0,28313
2021-06-22 10:43:41,28892.0,28313
2021-06-22 10:43:42,28891.4,28314
2021-06-22 10:43:43,28891.4,28315
2021-06-22 10:43:43,28878.9,28333
2021-06-22 10:43:45,28878.9,28333
2021-06-22 10:43:46,28878.9,28333
2021-06-22 10:43:46,28878.9,28333
2021-06-22 10:43:48,28878.9,28333
2021-06-22 10:43:50,28878.9,28333
2021-06-22 10:43:51,28897.4,28336
2021-06-22 10:43:52,28885.05,28337
2021-06-22 10:43:53,28885.05,28337
2021-06-22 10:43:54,28899.0,28348
2021-06-22 10:43:55,28899.0,28348
2021-06-22 10:43:56,28885.1,28350
2021-06-22 10:43:57,28885.15,28351
2021-06-22 10:43:58,28885.05,28361
2021-06-22 10:43:59,28885.05,28361
2021-06-22 10:43:59,28885.05,28361
2021-06-22 10:44:01,28885.05,28361
2021-06-22 10:44:02,28885.25,28364
2021-06-22 10:44:03,28885.25,28365
2021-06-22 10:44:04,28885.25,28365
2021-06-22 10:44:05,28885.25,28365
2021-06-22 10:44:06,28885.25,28365
2021-06-22 10:44:08,28895.05,28366
2021-06-22 10:44:09,28888.8,28380
2021-06-22 10:44:10,28888.8,28380
2021-06-22 10:44:12,28888.8,28380
2021-06-22 10:44:13,28890.0,28434
2021-06-22 10:44:14,28890.0,28434
2021-06-22 10:44:15,28890.0,28434
2021-06-22 10:44:16,28890.0,28434
2021-06-22 10:44:17,28890.0,28434
2021-06-22 10:44:17,28893.3,28437
2021-06-22 10:44:19,28890.0,28438
2021-06-22 10:44:20,28890.0,28438
2021-06-22 10:44:21,28890.0,28438
2021-06-22 10:44:22,28883.3,28440
2021-06-22 10:44:24,28890.0,28441
2021-06-22 10:44:25,28890.0,28441
2021-06-22 10:44:27,28890.0,28441
2021-06-22 10:44:28,28890.0,28441
2021-06-22 10:44:29,28890.0,28441
2021-06-22 10:44:30,28890.0,28441
2021-06-22 10:44:32,28890.0,28441
2021-06-22 10:44:34,28890.0,28441
2021-06-22 10:44:36,28890.0,28441
2021-06-22 10:44:35,28890.0,28441
2021-06-22 10:44:37,28890.0,28441
2021-06-22 10:44:38,28890.0,28441
2021-06-22 10:44:39,28890.0,28441
2021-06-22 10:44:40,28895.45,28460
2021-06-22 10:44:41,28895.45,28460
2021-06-22 10:44:42,28895.45,28460
2021-06-22 10:44:45,28895.45,28460
2021-06-22 10:44:46,28890.05,28462
2021-06-22 10:44:47,28890.05,28463
2021-06-22 10:44:48,28890.05,28463
2021-06-22 10:44:51,28890.05,28463
2021-06-22 10:44:52,28898.95,28464
2021-06-22 10:44:53,28890.0,28466
2021-06-22 10:44:54,28890.0,28470
2021-06-22 10:44:55,28890.0,28486
2021-06-22 10:44:56,28890.0,28486
2021-06-22 10:44:57,28890.0,28486
2021-06-22 10:44:58,28890.0,28486
2021-06-22 10:44:59,28890.0,28486
2021-06-22 10:45:00,28890.0,28486
2021-06-22 10:45:01,28890.0,28486
2021-06-22 10:45:02,28890.0,28486
2021-06-22 10:45:03,28890.0,28486
2021-06-22 10:45:04,28890.0,28486
2021-06-22 10:45:05,28890.0,28486
2021-06-22 10:45:06,28890.0,28486
2021-06-22 10:45:07,28890.0,28486
2021-06-22 10:45:09,28888.7,28494
2021-06-22 10:45:10,28888.7,28494
2021-06-22 10:45:11,28888.7,28494
2021-06-22 10:45:12,28888.7,28497
2021-06-22 10:45:13,28888.7,28497
2021-06-22 10:45:14,28888.7,28497
2021-06-22 10:45:15,28888.7,28497
2021-06-22 10:45:16,28888.7,28497
2021-06-22 10:45:17,28888.7,28497
2021-06-22 10:45:19,28876.95,28498
2021-06-22 10:45:20,28876.95,28498
2021-06-22 10:45:23,28874.25,28499
2021-06-22 10:45:24,28888.45,28500
2021-06-22 10:45:26,28888.5,28511
2021-06-22 10:45:27,28888.5,28511
2021-06-22 10:45:31,28874.2,28513
2021-06-22 10:45:32,28874.2,28513
2021-06-22 10:45:33,28874.2,28513
2021-06-22 10:45:34,28874.2,28513
2021-06-22 10:45:35,28874.2,28513
2021-06-22 10:45:36,28874.2,28513
2021-06-22 10:45:37,28874.2,28513
2021-06-22 10:45:38,28887.9,28516
2021-06-22 10:45:39,28875.0,28529
2021-06-22 10:45:41,28874.3,28530
2021-06-22 10:45:42,28874.3,28530
2021-06-22 10:45:44,28874.3,28530
2021-06-22 10:45:45,28874.3,28530
2021-06-22 10:45:46,28874.3,28531
2021-06-22 10:45:47,28874.3,28531
2021-06-22 10:45:48,28874.3,28531
2021-06-22 10:45:49,28874.3,28531
2021-06-22 10:45:50,28874.3,28531
2021-06-22 10:45:51,28874.3,28531
2021-06-22 10:45:52,28867.45,28542
2021-06-22 10:45:53,28867.45,28542
2021-06-22 10:45:54,28867.45,28542
2021-06-22 10:45:55,28872.1,28543
2021-06-22 10:45:56,28860.1,28557
2021-06-22 10:45:57,28860.1,28557
2021-06-22 10:45:58,28860.1,28557
2021-06-22 10:45:59,28860.1,28557
2021-06-22 10:46:00,28860.1,28557
2021-06-22 10:46:01,28860.1,28557
2021-06-22 10:46:04,28877.35,28570
2021-06-22 10:46:03,28860.0,28569
2021-06-22 10:46:05,28877.35,28570
2021-06-22 10:46:06,28877.35,28570
2021-06-22 10:46:07,28867.5,28571
2021-06-22 10:46:08,28880.0,28572
2021-06-22 10:46:09,28880.0,28572
2021-06-22 10:46:10,28877.35,28576
2021-06-22 10:46:11,28880.0,28583
2021-06-22 10:46:12,28877.35,28590
2021-06-22 10:46:13,28877.35,28592
2021-06-22 10:46:14,28877.35,28592
2021-06-22 10:46:17,28880.0,28593
2021-06-22 10:46:18,28880.0,28594
2021-06-22 10:46:19,28887.0,28621
2021-06-22 10:46:20,28887.0,28621
2021-06-22 10:46:22,28887.0,28621
2021-06-22 10:46:23,28887.0,28621
2021-06-22 10:46:24,28890.0,28645
2021-06-22 10:46:25,28898.8,28646
2021-06-22 10:46:26,28898.8,28646
2021-06-22 10:46:27,28898.8,28646
2021-06-22 10:46:28,28898.8,28646
2021-06-22 10:46:29,28898.8,28646
2021-06-22 10:46:31,28898.8,28646
2021-06-22 10:46:31,28898.8,28646
2021-06-22 10:46:32,28898.8,28646
2021-06-22 10:46:33,28879.95,28648
2021-06-22 10:46:34,28879.95,28648
2021-06-22 10:46:35,28879.95,28648
2021-06-22 10:46:36,28887.0,28649
2021-06-22 10:46:37,28887.0,28649
2021-06-22 10:46:38,28887.0,28649
2021-06-22 10:46:39,28887.0,28649
2021-06-22 10:46:40,28885.0,28672
2021-06-22 10:46:41,28885.0,28672
2021-06-22 10:46:42,28885.0,28672
2021-06-22 10:46:43,28885.0,28672
2021-06-22 10:46:44,28885.0,28672
2021-06-22 10:46:47,28885.0,28687
2021-06-22 10:46:47,28879.95,28692
2021-06-22 10:46:48,28885.0,28698
2021-06-22 10:46:50,28885.0,28698
2021-06-22 10:46:51,28885.0,28698
2021-06-22 10:46:52,28885.0,28698
2021-06-22 10:46:53,28885.0,28698
2021-06-22 10:46:55,28887.0,28706
2021-06-22 10:46:56,28885.0,28707
2021-06-22 10:46:56,28885.0,28707
2021-06-22 10:46:57,28885.0,28707
2021-06-22 10:46:58,28885.0,28707
2021-06-22 10:46:59,28885.0,28707
2021-06-22 10:47:00,28898.95,28709
2021-06-22 10:47:01,28898.95,28709
2021-06-22 10:47:02,28898.95,28709
2021-06-22 10:47:03,28898.95,28709
2021-06-22 10:47:04,28898.95,28709
2021-06-22 10:47:05,28898.95,28709
2021-06-22 10:47:06,28898.95,28709
2021-06-22 10:47:08,28898.95,28709
2021-06-22 10:47:10,28900.0,28811
2021-06-22 10:47:10,28900.0,28811
2021-06-22 10:47:11,28900.0,28812
2021-06-22 10:47:13,28900.0,28812
2021-06-22 10:47:13,28900.0,28812
2021-06-22 10:47:14,28900.0,28812
2021-06-22 10:47:15,28910.0,28824
2021-06-22 10:47:16,28910.0,28824
2021-06-22 10:47:17,28910.0,28824
2021-06-22 10:47:18,28910.0,28824
2021-06-22 10:47:19,28910.0,28824
2021-06-22 10:47:21,28910.0,28824
2021-06-22 10:47:21,28898.45,28858
2021-06-22 10:47:22,28898.65,28859
2021-06-22 10:47:23,28898.65,28859
2021-06-22 10:47:24,28919.0,28870
2021-06-22 10:47:25,28919.0,28870
2021-06-22 10:47:26,28919.0,28870
2021-06-22 10:47:27,28919.0,28870
2021-06-22 10:47:28,28919.0,28870
2021-06-22 10:47:29,28919.0,28870
2021-06-22 10:47:30,28919.0,28870
2021-06-22 10:47:31,28919.0,28870
2021-06-22 10:47:32,28919.0,28870
2021-06-22 10:47:33,28919.95,28879
2021-06-22 10:47:34,28919.95,28879
2021-06-22 10:47:35,28919.95,28879
2021-06-22 10:47:36,28919.95,28879
2021-06-22 10:47:37,28919.95,28879
2021-06-22 10:47:38,28905.25,28892
2021-06-22 10:47:39,28905.25,28892
2021-06-22 10:47:40,28918.95,28908
2021-06-22 10:47:41,28918.95,28908
2021-06-22 10:47:42,28918.95,28908
2021-06-22 10:47:44,28918.95,28909
2021-06-22 10:47:45,28918.95,28911
2021-06-22 10:47:46,28918.95,28911
2021-06-22 10:47:46,28925.0,28960
2021-06-22 10:47:47,28919.95,29010
2021-06-22 10:47:48,28919.95,29060
2021-06-22 10:47:49,28919.95,29087
2021-06-22 10:47:50,28919.95,29094
2021-06-22 10:47:51,28917.0,29148
2021-06-22 10:47:52,28903.6,29167
2021-06-22 10:47:53,28903.6,29167
2021-06-22 10:47:54,28919.95,29173
2021-06-22 10:47:55,28925.0,29186
2021-06-22 10:47:56,28925.0,29186
2021-06-22 10:47:57,28925.0,29186
2021-06-22 10:47:59,28919.95,29190
2021-06-22 10:47:59,28929.9,29200
2021-06-22 10:48:00,28929.9,29201
2021-06-22 10:48:01,28929.9,29201
2021-06-22 10:48:02,28929.9,29201
2021-06-22 10:48:03,28920.05,29202
2021-06-22 10:48:04,28920.05,29202
2021-06-22 10:48:05,28920.05,29202
2021-06-22 10:48:07,28920.05,29202
2021-06-22 10:48:08,28920.05,29202
2021-06-22 10:48:09,28920.05,29202
2021-06-22 10:48:10,28929.9,29209
2021-06-22 10:48:11,28929.9,29209
2021-06-22 10:48:12,28929.9,29209
2021-06-22 10:48:13,28929.9,29209
2021-06-22 10:48:14,28929.9,29209
2021-06-22 10:48:15,28921.15,29215
2021-06-22 10:48:16,28906.7,29234
2021-06-22 10:48:17,28906.7,29234
2021-06-22 10:48:18,28906.7,29234
2021-06-22 10:48:19,28934.15,29239
2021-06-22 10:48:20,28934.15,29259
2021-06-22 10:48:21,28919.7,29264
2021-06-22 10:48:22,28919.7,29264
2021-06-22 10:48:23,28928.0,29266
2021-06-22 10:48:24,28930.0,29267
2021-06-22 10:48:25,28930.0,29267
2021-06-22 10:48:26,28939.85,29268
2021-06-22 10:48:29,28939.85,29268
2021-06-22 10:48:29,28939.85,29268
2021-06-22 10:48:30,28939.85,29268
2021-06-22 10:48:31,28930.0,29269
2021-06-22 10:48:32,28930.0,29269
2021-06-22 10:48:33,28939.85,29270
2021-06-22 10:48:34,28939.85,29270
2021-06-22 10:48:35,28939.85,29270
2021-06-22 10:48:36,28949.9,29320
2021-06-22 10:48:37,28949.9,29320
2021-06-22 10:48:38,28949.9,29320
2021-06-22 10:48:39,28949.9,29336
2021-06-22 10:48:40,28932.6,29337
2021-06-22 10:48:41,28932.6,29337
2021-06-22 10:48:42,28932.6,29337
2021-06-22 10:48:43,28932.6,29337
2021-06-22 10:48:44,28932.6,29337
2021-06-22 10:48:47,28932.6,29337
2021-06-22 10:48:47,28932.6,29337
2021-06-22 10:48:49,28932.6,29337
2021-06-22 10:48:50,28932.6,29337
2021-06-22 10:48:51,28932.6,29338
2021-06-22 10:48:53,28932.6,29338
2021-06-22 10:48:54,28932.6,29341
2021-06-22 10:48:55,28947.4,29352
2021-06-22 10:48:55,28947.4,29352
2021-06-22 10:48:56,28947.4,29352
2021-06-22 10:48:58,28947.4,29352
2021-06-22 10:48:58,28947.4,29352
2021-06-22 10:49:00,28947.4,29352
2021-06-22 10:49:04,28947.4,29352
2021-06-22 10:49:05,28932.65,29358
2021-06-22 10:49:06,28932.65,29358
2021-06-22 10:49:06,28932.65,29358
2021-06-22 10:49:07,28932.65,29358
2021-06-22 10:49:09,28932.65,29358
2021-06-22 10:49:09,28932.65,29358
2021-06-22 10:49:10,28945.0,29359
2021-06-22 10:49:12,28945.0,29371
2021-06-22 10:49:13,28947.0,29372
2021-06-22 10:49:14,28945.0,29377
2021-06-22 10:49:14,28945.0,29378
2021-06-22 10:49:15,28945.0,29388
2021-06-22 10:49:16,28945.0,29390
2021-06-22 10:49:17,28930.0,29400
2021-06-22 10:49:19,28930.05,29403
2021-06-22 10:49:20,28930.05,29403
2021-06-22 10:49:21,28930.05,29403
2021-06-22 10:49:22,28945.0,29413
2021-06-22 10:49:23,28945.0,29413
2021-06-22 10:49:24,28942.95,29420
2021-06-22 10:49:25,28942.95,29425
2021-06-22 10:49:26,28943.0,29428
2021-06-22 10:49:28,28943.0,29428
2021-06-22 10:49:29,28943.0,29428
2021-06-22 10:49:30,28943.0,29428
2021-06-22 10:49:31,28943.0,29428
2021-06-22 10:49:33,28929.0,29436
2021-06-22 10:49:34,28929.0,29436
2021-06-22 10:49:36,28929.0,29436
2021-06-22 10:49:37,28929.0,29436
2021-06-22 10:49:38,28942.95,29439
2021-06-22 10:49:39,28942.95,29439
2021-06-22 10:49:40,28943.0,29440
2021-06-22 10:49:41,28943.0,29450
2021-06-22 10:49:42,28943.0,29450
2021-06-22 10:49:42,28943.0,29450
2021-06-22 10:49:43,28928.05,29452
2021-06-22 10:49:44,28928.05,29452
2021-06-22 10:49:45,28928.1,29453
2021-06-22 10:49:48,28928.1,29456
2021-06-22 10:49:49,28928.0,29458
2021-06-22 10:49:50,28928.1,29459
2021-06-22 10:49:51,28928.1,29459
2021-06-22 10:49:54,28928.1,29459
2021-06-22 10:49:55,28928.1,29460
2021-06-22 10:49:58,28928.1,29460
2021-06-22 10:49:59,28928.1,29470
2021-06-22 10:50:00,28940.0,29471
2021-06-22 10:50:01,28940.0,29471
2021-06-22 10:50:01,28940.0,29471
2021-06-22 10:50:03,28928.1,29472
2021-06-22 10:50:03,28928.1,29472
2021-06-22 10:50:04,28928.1,29472
2021-06-22 10:50:05,28928.1,29472
2021-06-22 10:50:06,28928.1,29472
2021-06-22 10:50:07,28928.1,29472
2021-06-22 10:50:09,28928.1,29472
2021-06-22 10:50:09,28940.0,29473
2021-06-22 10:50:10,28940.0,29473
2021-06-22 10:50:11,28929.45,29498
2021-06-22 10:50:13,28929.45,29498
2021-06-22 10:50:14,28929.0,29499
2021-06-22 10:50:15,28929.0,29499
2021-06-22 10:50:16,28929.0,29499
2021-06-22 10:50:17,28929.0,29499
2021-06-22 10:50:18,28929.0,29499
2021-06-22 10:50:18,28929.0,29499
2021-06-22 10:50:19,28942.95,29507
2021-06-22 10:50:20,28942.95,29507
2021-06-22 10:50:21,28942.95,29507
2021-06-22 10:50:22,28942.95,29507
2021-06-22 10:50:25,28942.9,29509
2021-06-22 10:50:25,28942.9,29509
2021-06-22 10:50:27,28943.0,29523
2021-06-22 10:50:28,28942.95,29651
2021-06-22 10:50:29,28943.05,29652
2021-06-22 10:50:30,28957.7,29653
2021-06-22 10:50:30,28957.7,29653
2021-06-22 10:50:31,28942.95,29655
2021-06-22 10:50:32,28942.9,29714
2021-06-22 10:50:33,28942.9,29714
2021-06-22 10:50:34,28942.9,29714
2021-06-22 10:50:36,28950.0,29759
2021-06-22 10:50:37,28950.0,29759
2021-06-22 10:50:38,28950.0,29759
2021-06-22 10:50:39,28957.0,29764
2021-06-22 10:50:40,28957.0,29769
2021-06-22 10:50:44,28957.0,29769
2021-06-22 10:50:46,28959.9,29771
2021-06-22 10:50:47,28957.0,29772
2021-06-22 10:50:47,28957.0,29772
2021-06-22 10:50:50,28957.0,29772
2021-06-22 10:50:51,28957.0,29772
2021-06-22 10:50:51,28957.0,29772
2021-06-22 10:50:53,28957.0,29772
2021-06-22 10:50:54,28959.9,29773
2021-06-22 10:50:55,28959.9,29784
2021-06-22 10:50:56,28959.9,29784
2021-06-22 10:50:57,28959.9,29784
2021-06-22 10:50:58,28959.9,29784
2021-06-22 10:50:59,28959.9,29784
2021-06-22 10:51:01,28942.9,29858
2021-06-22 10:51:02,28942.9,29890
2021-06-22 10:51:02,28942.9,29890
2021-06-22 10:51:03,28960.7,29892
2021-06-22 10:51:04,28960.7,29892
2021-06-22 10:51:05,28960.7,29892
2021-06-22 10:51:06,28960.7,29892
2021-06-22 10:51:07,28963.85,29894
2021-06-22 10:51:08,28963.85,29894
2021-06-22 10:51:10,28959.9,29907
2021-06-22 10:51:11,28950.05,29908
2021-06-22 10:51:12,28950.05,29908
2021-06-22 10:51:13,28950.05,29908
2021-06-22 10:51:15,28950.05,29909
2021-06-22 10:51:16,28950.05,29909
2021-06-22 10:51:17,28950.05,29909
2021-06-22 10:51:18,28950.05,29909
2021-06-22 10:51:19,28950.05,29909
2021-06-22 10:51:20,28950.05,29909
2021-06-22 10:51:21,28950.05,29909
2021-06-22 10:51:22,28950.05,29909
2021-06-22 10:51:23,28950.05,29909
2021-06-22 10:51:24,28957.0,29919
2021-06-22 10:51:25,28957.0,29919
2021-06-22 10:51:27,28957.0,29919
2021-06-22 10:51:28,28957.0,29919
2021-06-22 10:51:30,28957.0,29919
2021-06-22 10:51:31,28959.9,29920
2021-06-22 10:51:31,28959.9,29920
2021-06-22 10:51:32,28959.9,29920
2021-06-22 10:51:33,28959.9,29920
2021-06-22 10:51:34,28959.9,29920
2021-06-22 10:51:35,28959.9,29923
2021-06-22 10:51:36,28959.9,29923
2021-06-22 10:51:37,28959.9,29933
2021-06-22 10:51:39,28959.9,29933
2021-06-22 10:51:39,28959.9,29944
2021-06-22 10:51:40,28959.9,29946
2021-06-22 10:51:41,28950.1,29951
2021-06-22 10:51:43,28959.9,29952
2021-06-22 10:51:45,28957.0,29954
2021-06-22 10:51:46,28957.0,29955
2021-06-22 10:51:47,28957.0,29955
2021-06-22 10:51:48,28957.0,29955
2021-06-22 10:51:49,28957.0,29955
2021-06-22 10:51:50,28959.9,29956
2021-06-22 10:51:51,28957.0,29957
2021-06-22 10:51:52,28957.0,29957
2021-06-22 10:51:53,28957.0,29957
2021-06-22 10:51:54,28957.0,29958
2021-06-22 10:51:55,28959.9,29967
2021-06-22 10:51:56,28959.9,29967
2021-06-22 10:51:56,28959.9,29967
2021-06-22 10:51:58,28959.9,29967
2021-06-22 10:51:59,28959.9,29967
2021-06-22 10:52:00,28960.0,29968
2021-06-22 10:52:01,28960.0,29968
2021-06-22 10:52:02,28960.0,29968
2021-06-22 10:52:03,28960.0,29968
2021-06-22 10:52:04,28959.9,29970
2021-06-22 10:52:05,28959.9,29970
2021-06-22 10:52:06,28957.0,29972
2021-06-22 10:52:07,28960.0,29976
2021-06-22 10:52:08,28960.0,29976
2021-06-22 10:52:09,28960.0,29976
2021-06-22 10:52:09,28931.15,30001
2021-06-22 10:52:11,28959.95,30002
2021-06-22 10:52:12,28959.95,30002
2021-06-22 10:52:13,28959.95,30002
2021-06-22 10:52:14,28959.95,30002
2021-06-22 10:52:16,28959.95,30002
2021-06-22 10:52:17,28963.0,30004
2021-06-22 10:52:18,28963.0,30004
2021-06-22 10:52:20,28963.0,30004
2021-06-22 10:52:21,28957.0,30005
2021-06-22 10:52:23,28957.0,30005
2021-06-22 10:52:24,28957.0,30005
2021-06-22 10:52:25,28963.05,30012
2021-06-22 10:52:26,28969.0,30015
2021-06-22 10:52:27,28963.05,30017
2021-06-22 10:52:27,28963.05,30017
2021-06-22 10:52:28,28963.05,30017
2021-06-22 10:52:29,28963.05,30019
2021-06-22 10:52:30,28952.4,30022
2021-06-22 10:52:31,28952.4,30022
2021-06-22 10:52:33,28952.4,30022
2021-06-22 10:52:34,28952.4,30022
2021-06-22 10:52:35,28963.0,30023
2021-06-22 10:52:36,28950.05,30024
2021-06-22 10:52:36,28950.05,30024
2021-06-22 10:52:39,28950.05,30024
2021-06-22 10:52:39,28962.95,30026
2021-06-22 10:52:41,28962.95,30026
2021-06-22 10:52:42,28950.0,30036
2021-06-22 10:52:43,28962.5,30037
2021-06-22 10:52:44,28962.5,30037
2021-06-22 10:52:45,28963.0,30039
2021-06-22 10:52:47,28963.0,30039
2021-06-22 10:52:47,28963.0,30039
2021-06-22 10:52:49,28963.0,30039
2021-06-22 10:52:50,28963.0,30039
2021-06-22 10:52:52,28960.0,30040
2021-06-22 10:52:53,28963.0,30045
2021-06-22 10:52:54,28963.0,30045
2021-06-22 10:52:55,28963.0,30056
2021-06-22 10:52:56,28963.0,30056
2021-06-22 10:52:57,28963.0,30056
2021-06-22 10:52:58,28963.0,30056
2021-06-22 10:52:59,28950.0,30057
2021-06-22 10:53:00,28950.0,30057
2021-06-22 10:53:01,28950.0,30057
2021-06-22 10:53:02,28950.0,30057
2021-06-22 10:53:03,28950.0,30057
2021-06-22 10:53:06,28950.0,30057
2021-06-22 10:53:07,28950.0,30057
2021-06-22 10:53:08,28969.0,30124
2021-06-22 10:53:09,28969.0,30124
2021-06-22 10:53:10,28969.0,30136
2021-06-22 10:53:11,28969.0,30136
2021-06-22 10:53:12,28969.0,30136
2021-06-22 10:53:13,28969.0,30136
2021-06-22 10:53:16,28969.0,30136
2021-06-22 10:53:17,28950.0,30161
2021-06-22 10:53:18,28969.0,30170
2021-06-22 10:53:19,28969.0,30170
2021-06-22 10:53:20,28950.95,30171
2021-06-22 10:53:21,28950.95,30171
2021-06-22 10:53:22,28960.0,30172
2021-06-22 10:53:23,28960.0,30172
2021-06-22 10:53:24,28960.0,30172
2021-06-22 10:53:25,28955.0,30173
2021-06-22 10:53:26,28955.0,30173
2021-06-22 10:53:28,28955.0,30173
2021-06-22 10:53:29,28955.0,30173
2021-06-22 10:53:30,28955.0,30173
2021-06-22 10:53:31,28955.0,30173
2021-06-22 10:53:32,28955.0,30173
2021-06-22 10:53:33,28955.0,30173
2021-06-22 10:53:34,28955.0,30174
2021-06-22 10:53:36,28955.0,30174
2021-06-22 10:53:37,28960.0,30175
2021-06-22 10:53:38,28960.0,30175
2021-06-22 10:53:39,28960.0,30175
2021-06-22 10:53:40,28960.0,30178
2021-06-22 10:53:41,28960.0,30178
2021-06-22 10:53:42,28960.0,30178
2021-06-22 10:53:43,28960.0,30178
2021-06-22 10:53:44,28960.0,30178
2021-06-22 10:53:46,28960.0,30178
2021-06-22 10:53:47,28960.0,30178
2021-06-22 10:53:48,28960.0,30178
2021-06-22 10:53:49,28960.0,30178
2021-06-22 10:53:50,28968.0,30193
2021-06-22 10:53:51,28960.0,30197
2021-06-22 10:53:52,28969.0,30198
2021-06-22 10:53:52,28969.0,30198
2021-06-22 10:53:54,28969.0,30198
2021-06-22 10:53:55,28969.0,30208
2021-06-22 10:53:56,28969.9,30209
2021-06-22 10:53:57,28969.0,30210
2021-06-22 10:53:58,28969.0,30210
2021-06-22 10:53:59,28969.0,30210
2021-06-22 10:54:00,28969.9,30211
2021-06-22 10:54:01,28969.9,30211
2021-06-22 10:54:02,28969.9,30212
2021-06-22 10:54:03,28960.0,30214
2021-06-22 10:54:04,28960.0,30214
2021-06-22 10:54:04,28960.0,30214
2021-06-22 10:54:05,28960.0,30214
2021-06-22 10:54:06,28960.0,30214
2021-06-22 10:54:09,28960.0,30216
2021-06-22 10:54:10,28969.0,30221
2021-06-22 10:54:11,28969.9,30223
2021-06-22 10:54:12,28969.9,30223
2021-06-22 10:54:13,28969.9,30223
2021-06-22 10:54:14,28969.9,30223
2021-06-22 10:54:15,28969.0,30224
2021-06-22 10:54:16,28969.0,30224
2021-06-22 10:54:17,28969.0,30224
2021-06-22 10:54:18,28969.0,30225
2021-06-22 10:54:19,28969.0,30225
2021-06-22 10:54:20,28969.0,30225
2021-06-22 10:54:21,28969.0,30226
2021-06-22 10:54:22,28969.0,30227
2021-06-22 10:54:23,28969.0,30227
2021-06-22 10:54:24,28969.0,30230
2021-06-22 10:54:25,28969.0,30234
2021-06-22 10:54:26,28969.9,30235
2021-06-22 10:54:27,28969.0,30236
2021-06-22 10:54:27,28969.0,30242
2021-06-22 10:54:28,28969.0,30242
2021-06-22 10:54:29,28969.0,30242
2021-06-22 10:54:30,28969.0,30242
2021-06-22 10:54:33,28969.0,30242
2021-06-22 10:54:34,28969.0,30245
2021-06-22 10:54:35,28960.0,30246
2021-06-22 10:54:36,28960.0,30246
2021-06-22 10:54:37,28960.0,30246
2021-06-22 10:54:39,28969.0,30257
2021-06-22 10:54:40,28969.0,30257
2021-06-22 10:54:41,28969.0,30257
2021-06-22 10:54:42,28969.0,30257
2021-06-22 10:54:43,28969.0,30257
2021-06-22 10:54:43,28955.0,30261
2021-06-22 10:54:44,28954.0,30262
2021-06-22 10:54:45,28954.0,30262
2021-06-22 10:54:48,28968.95,30264
2021-06-22 10:54:49,28968.95,30264
2021-06-22 10:54:51,28969.0,30266
2021-06-22 10:54:52,28969.0,30266
2021-06-22 10:54:53,28969.0,30266
2021-06-22 10:54:54,28968.0,30269
2021-06-22 10:54:55,28969.0,30278
2021-06-22 10:54:56,28955.35,30289
2021-06-22 10:54:57,28955.35,30289
2021-06-22 10:54:58,28955.35,30289
2021-06-22 10:54:59,28955.2,30290
2021-06-22 10:55:00,28955.2,30290
2021-06-22 10:55:02,28955.2,30290
2021-06-22 10:55:03,28955.2,30290
2021-06-22 10:55:04,28955.2,30290
2021-06-22 10:55:05,28955.2,30290
2021-06-22 10:55:06,28955.0,30295
2021-06-22 10:55:07,28955.0,30295
2021-06-22 10:55:08,28955.0,30295
2021-06-22 10:55:09,28955.0,30295
2021-06-22 10:55:10,28955.2,30296
2021-06-22 10:55:11,28955.2,30296
2021-06-22 10:55:12,28955.2,30296
2021-06-22 10:55:13,28955.2,30296
2021-06-22 10:55:14,28967.95,30297
2021-06-22 10:55:16,28955.2,30307
2021-06-22 10:55:18,28967.95,30308
2021-06-22 10:55:19,28967.95,30308
2021-06-22 10:55:20,28967.95,30308
2021-06-22 10:55:21,28967.95,30308
2021-06-22 10:55:22,28967.95,30308
2021-06-22 10:55:23,28967.9,30309
2021-06-22 10:55:24,28967.9,30309
2021-06-22 10:55:25,28967.9,30320
2021-06-22 10:55:26,28967.9,30320
2021-06-22 10:55:27,28967.9,30320
2021-06-22 10:55:28,28967.0,30321
2021-06-22 10:55:29,28967.0,30321
2021-06-22 10:55:30,28967.0,30321
2021-06-22 10:55:31,28955.2,30323
2021-06-22 10:55:32,28955.2,30323
2021-06-22 10:55:33,28955.2,30323
2021-06-22 10:55:34,28955.2,30323
2021-06-22 10:55:35,28955.2,30323
2021-06-22 10:55:37,28967.0,30333
2021-06-22 10:55:38,28967.0,30333
2021-06-22 10:55:39,28967.0,30333
2021-06-22 10:55:40,28967.0,30336
2021-06-22 10:55:41,28967.0,30336
2021-06-22 10:55:42,28967.0,30336
2021-06-22 10:55:43,28967.0,30336
2021-06-22 10:55:44,28967.0,30336
2021-06-22 10:55:45,28967.0,30336
2021-06-22 10:55:46,28967.0,30336
2021-06-22 10:55:47,28967.0,30336
2021-06-22 10:55:48,28967.0,30344
2021-06-22 10:55:49,28967.0,30344
2021-06-22 10:55:50,28967.0,30344
2021-06-22 10:55:51,28967.0,30344
2021-06-22 10:55:52,28967.0,30344
2021-06-22 10:55:53,28967.0,30344
2021-06-22 10:55:54,28964.9,30346
2021-06-22 10:55:56,28964.9,30346
2021-06-22 10:55:57,28964.9,30348
2021-06-22 10:55:58,28964.9,30350
2021-06-22 10:55:59,28964.9,30355
2021-06-22 10:56:00,28964.9,30357
2021-06-22 10:56:01,28964.9,30357
2021-06-22 10:56:02,28964.9,30358
2021-06-22 10:56:04,28964.9,30358
2021-06-22 10:56:05,28964.9,30358
2021-06-22 10:56:06,28964.0,30363
2021-06-22 10:56:07,28964.0,30363
2021-06-22 10:56:08,28964.0,30363
2021-06-22 10:56:09,28964.0,30363
2021-06-22 10:56:10,28964.0,30374
2021-06-22 10:56:12,28964.0,30374
2021-06-22 10:56:13,28964.0,30374
2021-06-22 10:56:15,28964.0,30374
2021-06-22 10:56:16,28964.0,30374
2021-06-22 10:56:17,28964.9,30375
2021-06-22 10:56:18,28964.9,30375
2021-06-22 10:56:22,28964.0,30379
2021-06-22 10:56:24,28960.0,30382
2021-06-22 10:56:25,28964.0,30388
2021-06-22 10:56:26,28964.0,30388
2021-06-22 10:56:27,28964.0,30393
2021-06-22 10:56:28,28964.0,30393
2021-06-22 10:56:29,28964.0,30393
2021-06-22 10:56:30,28964.0,30393
2021-06-22 10:56:31,28964.0,30393
2021-06-22 10:56:32,28964.0,30393
2021-06-22 10:56:33,28944.85,30420
2021-06-22 10:56:34,28944.85,30420
2021-06-22 10:56:35,28944.85,30420
2021-06-22 10:56:36,28944.85,30420
2021-06-22 10:56:37,28944.85,30420
2021-06-22 10:56:40,28949.95,30424
2021-06-22 10:56:43,28949.95,30428
2021-06-22 10:56:46,28949.95,30433
2021-06-22 10:56:49,28950.0,30435
2021-06-22 10:56:52,28950.0,30437
2021-06-22 10:56:56,28950.0,30443
2021-06-22 10:56:59,28960.5,30445
2021-06-22 10:57:02,28954.45,30480
2021-06-22 10:57:05,28967.9,30481
2021-06-22 10:57:08,28967.9,30481
2021-06-22 10:57:12,28965.0,30488
2021-06-22 10:57:15,28965.0,30488
2021-06-22 10:57:19,28967.95,30490
2021-06-22 10:57:22,28969.0,30498
2021-06-22 10:57:25,28969.0,30509
2021-06-22 10:57:29,28969.0,30509
2021-06-22 10:57:32,28965.0,30513
2021-06-22 10:57:35,28965.0,30513
2021-06-22 10:57:38,28965.0,30513
2021-06-22 10:57:44,28965.0,30526
2021-06-22 10:57:48,28965.0,30528
2021-06-22 10:57:52,28975.0,30626
2021-06-22 10:57:55,28978.0,30627
2021-06-22 10:57:59,28978.0,30629
2021-06-22 10:58:02,28978.0,30631
2021-06-22 10:58:06,28978.0,30634
2021-06-22 10:58:09,28978.0,30634
2021-06-22 10:58:12,28979.9,30644
2021-06-22 10:58:15,28979.9,30660
2021-06-22 10:58:18,28979.9,30660
2021-06-22 10:58:21,28980.0,30716
2021-06-22 10:58:25,28989.0,30727
2021-06-22 10:58:27,28988.1,30737
2021-06-22 10:58:31,28988.1,30737
2021-06-22 10:58:34,28988.1,30738
2021-06-22 10:58:37,28989.0,30739
2021-06-22 10:58:40,28976.4,30809
2021-06-22 10:58:44,28989.85,30811
2021-06-22 10:58:47,28999.0,30858
2021-06-22 10:58:51,28999.0,30867
2021-06-22 10:58:54,28999.0,30867
2021-06-22 10:58:56,28999.0,30879
2021-06-22 10:58:59,28999.0,30879
2021-06-22 10:59:02,28999.0,30881
2021-06-22 10:59:05,28990.25,30886
2021-06-22 10:59:08,28990.25,30886
2021-06-22 10:59:11,28996.5,30899
2021-06-22 10:59:15,28990.1,30909
2021-06-22 10:59:18,28990.1,30912
2021-06-22 10:59:20,28990.1,30912
2021-06-22 10:59:23,28990.05,30914
2021-06-22 10:59:26,28988.8,30938
2021-06-22 10:59:29,28988.8,30939
2021-06-22 10:59:32,28988.8,30939
2021-06-22 10:59:35,28988.8,30939
2021-06-22 10:59:38,28990.1,30944
2021-06-22 10:59:41,28988.05,30964
2021-06-22 10:59:45,28988.05,30964
2021-06-22 10:59:48,28988.05,30965
2021-06-22 10:59:52,28988.05,30965
2021-06-22 10:59:55,28988.05,30989
2021-06-22 10:59:58,28988.05,30991
2021-06-22 11:00:01,28988.0,30993
2021-06-22 11:00:04,28988.05,31012
2021-06-22 11:00:07,28988.0,31013
2021-06-22 11:00:11,28988.0,31046
2021-06-22 11:00:17,28993.0,31062
2021-06-22 11:00:21,28997.95,31073
2021-06-22 11:00:24,28997.95,31075
2021-06-22 11:00:27,28997.95,31075
2021-06-22 11:00:30,28997.95,31075
2021-06-22 11:00:32,28994.95,31076
2021-06-22 11:00:35,28997.95,31087
2021-06-22 11:00:38,28997.95,31091
2021-06-22 11:00:42,28997.95,31091
2021-06-22 11:00:45,28999.95,31129
2021-06-22 11:00:49,28990.0,31257
2021-06-22 11:00:52,28990.0,31257
2021-06-22 11:00:55,28990.0,31257
2021-06-22 11:00:58,28990.0,31257
2021-06-22 11:01:01,28990.0,31265
2021-06-22 11:01:04,28990.0,31290
2021-06-22 11:01:07,28990.0,31291
2021-06-22 11:01:10,28980.05,31292
2021-06-22 11:01:13,28980.05,31293
2021-06-22 11:01:15,28995.95,31310
2021-06-22 11:01:19,28995.9,31314
2021-06-22 11:01:22,28995.9,31314
