timestamp,ltp,volume
2021-06-22 09:16:45,677.7,324473
2021-06-22 09:16:52,677.0,332150
2021-06-22 09:16:58,677.0,352025
2021-06-22 09:17:05,677.0,356353
2021-06-22 09:17:12,676.7,370231
2021-06-22 09:17:18,676.65,372499
2021-06-22 09:17:25,676.35,375073
2021-06-22 09:17:32,676.5,377808
2021-06-22 09:17:38,676.05,381012
2021-06-22 09:17:45,676.05,384592
2021-06-22 09:17:51,676.05,389087
2021-06-22 09:17:58,675.85,391474
2021-06-22 09:18:05,675.6,395312
2021-06-22 09:18:12,675.5,396674
2021-06-22 09:18:19,675.45,408874
2021-06-22 09:18:26,675.3,411803
2021-06-22 09:18:32,675.55,417283
2021-06-22 09:18:39,675.45,418911
2021-06-22 09:18:45,675.65,421293
2021-06-22 09:18:52,675.9,423426
2021-06-22 09:18:58,675.5,425410
2021-06-22 09:19:05,675.9,430437
2021-06-22 09:19:11,675.8,431940
2021-06-22 09:19:17,675.6,433148
2021-06-22 09:19:24,675.55,435108
2021-06-22 09:19:30,675.6,436642
2021-06-22 09:19:37,675.6,438336
2021-06-22 09:19:44,675.9,440369
2021-06-22 09:19:50,675.8,445021
2021-06-22 09:19:57,675.75,445905
2021-06-22 09:20:04,675.75,449409
2021-06-22 09:20:10,675.85,454890
2021-06-22 09:20:17,675.95,460182
2021-06-22 09:20:23,675.95,465348
2021-06-22 09:20:30,675.95,466207
2021-06-22 09:20:36,676.1,471665
2021-06-22 09:20:42,676.2,473390
2021-06-22 09:20:49,675.95,481545
2021-06-22 09:20:55,675.45,485374
2021-06-22 09:21:01,675.2,487179
2021-06-22 09:21:08,674.95,501508
2021-06-22 09:21:14,674.75,516261
2021-06-22 09:21:20,674.7,518539
2021-06-22 09:21:26,674.6,519744
2021-06-22 09:21:33,673.75,524939
2021-06-22 09:21:38,674.0,528499
2021-06-22 09:21:39,673.95,528747
2021-06-22 09:21:40,673.9,529009
2021-06-22 09:21:41,673.55,529433
2021-06-22 09:21:42,673.9,529509
2021-06-22 09:21:43,673.8,529808
2021-06-22 09:21:44,673.85,530044
2021-06-22 09:21:46,673.95,531442
2021-06-22 09:21:47,673.85,531920
2021-06-22 09:21:48,673.85,533091
2021-06-22 09:21:49,673.85,533966
2021-06-22 09:21:50,673.85,534540
2021-06-22 09:21:51,673.8,534599
2021-06-22 09:21:52,673.8,534931
2021-06-22 09:21:54,673.95,535269
2021-06-22 09:21:55,673.6,535279
2021-06-22 09:21:59,673.8,535629
2021-06-22 09:22:00,673.95,535729
2021-06-22 09:22:00,673.65,535734
2021-06-22 09:22:01,673.95,536097
2021-06-22 09:22:02,673.95,536659
2021-06-22 09:22:03,673.65,536912
2021-06-22 09:22:04,673.5,537998
2021-06-22 09:22:05,673.7,539024
2021-06-22 09:22:07,673.3,539310
2021-06-22 09:22:08,673.8,539654
2021-06-22 09:22:12,673.5,541437
2021-06-22 09:22:14,673.5,542213
2021-06-22 09:22:15,673.5,542926
2021-06-22 09:22:16,673.2,545506
2021-06-22 09:22:17,673.55,545675
2021-06-22 09:22:17,673.25,545684
2021-06-22 09:22:19,673.35,546907
2021-06-22 09:22:20,673.45,546959
2021-06-22 09:22:21,673.5,546962
2021-06-22 09:22:22,673.6,547545
2021-06-22 09:22:24,673.5,547895
2021-06-22 09:22:25,673.65,548152
2021-06-22 09:22:26,673.4,548208
2021-06-22 09:22:28,673.35,548465
2021-06-22 09:22:29,673.5,548935
2021-06-22 09:22:29,673.35,548963
2021-06-22 09:22:30,673.35,549175
2021-06-22 09:22:31,673.4,549450
2021-06-22 09:22:32,673.5,550896
2021-06-22 09:22:33,673.55,550988
2021-06-22 09:22:34,673.65,551039
2021-06-22 09:22:35,673.8,551299
2021-06-22 09:22:36,673.6,551549
2021-06-22 09:22:37,673.8,551708
2021-06-22 09:22:38,673.5,551753
2021-06-22 09:22:39,673.9,551870
2021-06-22 09:22:40,674.0,552443
2021-06-22 09:22:41,673.85,553192
2021-06-22 09:22:42,673.85,553249
2021-06-22 09:22:44,674.1,553853
2021-06-22 09:22:45,673.75,555407
2021-06-22 09:22:45,673.5,555333
2021-06-22 09:22:46,674.05,555742
2021-06-22 09:22:47,674.15,556773
2021-06-22 09:22:48,674.2,558104
2021-06-22 09:22:49,674.05,560156
2021-06-22 09:22:50,674.0,560684
2021-06-22 09:22:51,673.9,560725
2021-06-22 09:22:52,674.15,560869
2021-06-22 09:22:53,674.05,561917
2021-06-22 09:22:54,674.15,562009
2021-06-22 09:22:55,674.1,562084
2021-06-22 09:22:56,674.4,562217
2021-06-22 09:22:57,673.95,569469
2021-06-22 09:22:58,673.9,572136
2021-06-22 09:22:59,673.95,573341
2021-06-22 09:23:00,673.8,579672
2021-06-22 09:23:01,673.95,581086
2021-06-22 09:23:02,673.95,581303
2021-06-22 09:23:03,673.75,581364
2021-06-22 09:23:05,673.95,583128
2021-06-22 09:23:06,673.95,583315
2021-06-22 09:23:07,673.75,583548
2021-06-22 09:23:08,673.8,583675
2021-06-22 09:23:09,673.95,583801
2021-06-22 09:23:10,673.95,584496
2021-06-22 09:23:12,673.65,585310
2021-06-22 09:23:11,673.85,584916
2021-06-22 09:23:13,673.8,585760
2021-06-22 09:23:14,673.5,585782
2021-06-22 09:23:15,673.6,585788
2021-06-22 09:23:17,673.85,586395
2021-06-22 09:23:18,673.7,586898
2021-06-22 09:23:19,673.85,588934
2021-06-22 09:23:20,673.85,589055
2021-06-22 09:23:21,673.65,589247
2021-06-22 09:23:22,673.85,590082
2021-06-22 09:23:23,673.5,592384
2021-06-22 09:23:24,673.5,593094
2021-06-22 09:23:25,673.85,593484
2021-06-22 09:23:28,673.9,595308
2021-06-22 09:23:29,673.95,596383
2021-06-22 09:23:30,673.6,596452
2021-06-22 09:23:31,673.6,596937
2021-06-22 09:23:32,673.9,596972
2021-06-22 09:23:34,673.6,597196
2021-06-22 09:23:34,673.95,597457
2021-06-22 09:23:35,673.55,597527
2021-06-22 09:23:36,673.55,597748
2021-06-22 09:23:37,673.8,597887
2021-06-22 09:23:38,673.6,598082
2021-06-22 09:23:39,673.9,598197
2021-06-22 09:23:40,673.9,598240
2021-06-22 09:23:41,673.9,598292
2021-06-22 09:23:43,673.7,598322
2021-06-22 09:23:44,673.95,599988
2021-06-22 09:23:45,673.95,600791
2021-06-22 09:23:46,673.9,601268
2021-06-22 09:23:47,673.95,601696
2021-06-22 09:23:48,673.95,602239
2021-06-22 09:23:49,673.85,602426
2021-06-22 09:23:50,673.95,602712
2021-06-22 09:23:51,673.95,602812
2021-06-22 09:23:52,673.75,604989
2021-06-22 09:23:53,673.7,605278
2021-06-22 09:23:55,673.75,605324
2021-06-22 09:23:56,673.75,605356
2021-06-22 09:23:57,673.75,605387
2021-06-22 09:23:58,673.75,605946
2021-06-22 09:24:00,673.6,606814
2021-06-22 09:24:01,673.55,607161
2021-06-22 09:24:02,673.75,607279
2021-06-22 09:24:03,673.6,607305
2021-06-22 09:24:04,673.9,608431
2021-06-22 09:24:05,673.75,608488
2021-06-22 09:24:05,673.75,608491
2021-06-22 09:24:06,673.75,608492
2021-06-22 09:24:07,673.75,612188
2021-06-22 09:24:09,673.75,613034
2021-06-22 09:24:10,673.75,613141
2021-06-22 09:24:11,673.7,613832
2021-06-22 09:24:12,673.4,614130
2021-06-22 09:24:13,673.5,616192
2021-06-22 09:24:14,673.3,617857
2021-06-22 09:24:15,673.3,618046
2021-06-22 09:24:16,673.75,618499
2021-06-22 09:24:17,673.3,618697
2021-06-22 09:24:18,673.25,618706
2021-06-22 09:24:19,673.25,618722
2021-06-22 09:24:20,673.3,618812
2021-06-22 09:24:22,673.3,618947
2021-06-22 09:24:23,673.25,618954
2021-06-22 09:24:24,672.85,629201
2021-06-22 09:24:24,673.25,630074
2021-06-22 09:24:25,672.75,631273
2021-06-22 09:24:26,672.8,633050
2021-06-22 09:24:29,672.6,636499
2021-06-22 09:24:30,672.55,636678
2021-06-22 09:24:30,672.55,636687
2021-06-22 09:24:31,672.7,636973
2021-06-22 09:24:32,672.5,637197
2021-06-22 09:24:33,672.7,637459
2021-06-22 09:24:34,672.7,638075
2021-06-22 09:24:35,672.65,638405
2021-06-22 09:24:41,672.55,639614
2021-06-22 09:24:41,672.55,639725
2021-06-22 09:24:42,672.7,639942
2021-06-22 09:24:43,672.5,640236
2021-06-22 09:24:44,672.5,640691
2021-06-22 09:24:45,672.55,640778
2021-06-22 09:24:46,672.4,641431
2021-06-22 09:24:47,672.7,642501
2021-06-22 09:24:49,672.4,642705
2021-06-22 09:24:50,672.7,642995
2021-06-22 09:24:51,672.35,644692
2021-06-22 09:24:53,672.45,645348
2021-06-22 09:24:53,672.45,645346
2021-06-22 09:24:54,672.65,645473
2021-06-22 09:24:55,672.5,645712
2021-06-22 09:24:56,672.5,645739
2021-06-22 09:24:57,672.4,646621
2021-06-22 09:24:58,672.65,646754
2021-06-22 09:25:00,672.55,647034
2021-06-22 09:25:01,672.7,647127
2021-06-22 09:25:02,672.85,647285
2021-06-22 09:25:03,672.7,647298
2021-06-22 09:25:04,672.7,647790
2021-06-22 09:25:05,672.65,648529
2021-06-22 09:25:06,672.65,649129
2021-06-22 09:25:09,672.65,649775
2021-06-22 09:25:11,672.45,649850
2021-06-22 09:25:12,672.55,649963
2021-06-22 09:25:13,672.55,650110
2021-06-22 09:25:14,672.55,650693
2021-06-22 09:25:15,672.55,651633
2021-06-22 09:25:16,672.5,651712
2021-06-22 09:25:16,672.4,651752
2021-06-22 09:25:17,672.5,652254
2021-06-22 09:25:18,672.55,652494
2021-06-22 09:25:19,672.5,652745
2021-06-22 09:25:20,672.55,652891
2021-06-22 09:25:22,672.55,653349
2021-06-22 09:25:23,672.55,653407
2021-06-22 09:25:24,672.55,653477
2021-06-22 09:25:24,672.55,653581
2021-06-22 09:25:25,672.55,653596
2021-06-22 09:25:26,672.6,654398
2021-06-22 09:25:27,672.5,655155
2021-06-22 09:25:28,672.25,656762
2021-06-22 09:25:29,672.65,656853
2021-06-22 09:25:31,672.9,657001
2021-06-22 09:25:32,672.65,657035
2021-06-22 09:25:33,673.0,657136
2021-06-22 09:25:34,672.8,657142
2021-06-22 09:25:35,672.8,657172
2021-06-22 09:25:36,673.0,657224
2021-06-22 09:25:37,672.8,657257
2021-06-22 09:25:38,672.8,657384
2021-06-22 09:25:39,673.0,657715
2021-06-22 09:25:41,673.0,657969
2021-06-22 09:25:42,672.8,658021
2021-06-22 09:25:43,672.8,658169
2021-06-22 09:25:43,672.8,658174
2021-06-22 09:25:44,672.9,658463
2021-06-22 09:25:45,672.9,658544
2021-06-22 09:25:46,672.85,658578
2021-06-22 09:25:47,672.75,658675
2021-06-22 09:25:48,672.7,659070
2021-06-22 09:25:49,672.9,659429
2021-06-22 09:25:50,672.75,660233
2021-06-22 09:25:52,673.0,660303
2021-06-22 09:25:53,672.8,661004
2021-06-22 09:25:54,673.0,661099
2021-06-22 09:25:55,673.1,661178
2021-06-22 09:25:56,673.25,661739
2021-06-22 09:25:57,673.25,661797
2021-06-22 09:25:57,673.1,661800
2021-06-22 09:25:58,673.05,661905
2021-06-22 09:25:59,672.85,662472
2021-06-22 09:26:00,673.0,662597
2021-06-22 09:26:01,673.2,662610
2021-06-22 09:26:03,672.95,664082
2021-06-22 09:26:05,673.25,664583
2021-06-22 09:26:06,673.5,664888
2021-06-22 09:26:07,673.6,665211
2021-06-22 09:26:08,673.45,667343
2021-06-22 09:26:09,673.5,667652
2021-06-22 09:26:09,673.35,667693
2021-06-22 09:26:10,673.75,667935
2021-06-22 09:26:11,673.4,668047
2021-06-22 09:26:12,673.2,668145
2021-06-22 09:26:15,673.05,670130
2021-06-22 09:26:16,673.4,670355
2021-06-22 09:26:16,673.15,670366
2021-06-22 09:26:17,673.15,670438
2021-06-22 09:26:18,673.45,670559
2021-06-22 09:26:19,673.45,670573
2021-06-22 09:26:20,673.15,670599
2021-06-22 09:26:21,673.45,670611
2021-06-22 09:26:22,673.45,670861
2021-06-22 09:26:23,673.5,671382
2021-06-22 09:26:25,673.45,671551
2021-06-22 09:26:25,673.45,671611
2021-06-22 09:26:27,673.25,671614
2021-06-22 09:26:27,673.25,671614
2021-06-22 09:26:29,673.45,671764
2021-06-22 09:26:30,673.75,672516
2021-06-22 09:26:31,673.4,672913
2021-06-22 09:26:33,673.45,674726
2021-06-22 09:26:33,673.45,674648
2021-06-22 09:26:34,673.45,675005
2021-06-22 09:26:35,673.45,675239
2021-06-22 09:26:36,673.45,675409
2021-06-22 09:26:37,673.8,676431
2021-06-22 09:26:38,673.75,676537
2021-06-22 09:26:39,673.45,676578
2021-06-22 09:26:40,673.5,676776
2021-06-22 09:26:41,673.7,676886
2021-06-22 09:26:42,673.45,676906
2021-06-22 09:26:43,673.7,676982
2021-06-22 09:26:44,673.7,677019
2021-06-22 09:26:46,673.5,677021
2021-06-22 09:26:46,673.65,677071
2021-06-22 09:26:47,673.65,677192
2021-06-22 09:26:48,673.45,677198
2021-06-22 09:26:49,673.65,677213
2021-06-22 09:26:50,673.7,677314
2021-06-22 09:26:51,673.4,677485
2021-06-22 09:26:52,673.4,677553
2021-06-22 09:26:53,673.3,677707
2021-06-22 09:26:54,673.3,677852
2021-06-22 09:26:55,673.65,678020
2021-06-22 09:26:56,673.65,678049
2021-06-22 09:26:58,673.7,678167
2021-06-22 09:26:58,673.5,678389
2021-06-22 09:26:59,673.65,678451
2021-06-22 09:27:01,673.65,678466
2021-06-22 09:27:02,673.75,678957
2021-06-22 09:27:03,673.75,679071
2021-06-22 09:27:05,673.5,679166
2021-06-22 09:27:06,673.8,679508
2021-06-22 09:27:07,673.5,679543
2021-06-22 09:27:08,673.8,679564
2021-06-22 09:27:09,673.7,679585
2021-06-22 09:27:10,673.65,679586
2021-06-22 09:27:11,673.65,679686
2021-06-22 09:27:11,673.8,681039
2021-06-22 09:27:12,673.5,681308
2021-06-22 09:27:13,673.8,681353
2021-06-22 09:27:14,673.8,681886
2021-06-22 09:27:15,673.8,682258
2021-06-22 09:27:16,673.5,682277
2021-06-22 09:27:17,673.8,682446
2021-06-22 09:27:19,673.5,682455
2021-06-22 09:27:20,673.8,682524
2021-06-22 09:27:21,673.7,682574
2021-06-22 09:27:22,673.7,682684
2021-06-22 09:27:23,673.8,682751
2021-06-22 09:27:24,673.8,683333
2021-06-22 09:27:25,673.75,683386
2021-06-22 09:27:27,673.8,683400
2021-06-22 09:27:28,673.55,683525
2021-06-22 09:27:29,673.4,684094
2021-06-22 09:27:29,673.4,684519
2021-06-22 09:27:30,673.6,685379
2021-06-22 09:27:31,673.6,685752
2021-06-22 09:27:33,673.4,686967
2021-06-22 09:27:35,673.4,686979
2021-06-22 09:27:35,673.4,686982
2021-06-22 09:27:37,673.55,688051
2021-06-22 09:27:37,673.3,688105
2021-06-22 09:27:38,673.6,688408
2021-06-22 09:27:39,673.4,688418
2021-06-22 09:27:40,673.3,688443
2021-06-22 09:27:41,673.3,688445
2021-06-22 09:27:42,673.3,688445
2021-06-22 09:27:43,673.7,688530
2021-06-22 09:27:45,673.5,688630
2021-06-22 09:27:46,673.4,688635
2021-06-22 09:27:48,673.6,688855
2021-06-22 09:27:49,673.3,688966
2021-06-22 09:27:50,673.5,688976
2021-06-22 09:27:52,673.4,688996
2021-06-22 09:27:53,673.4,689043
2021-06-22 09:27:54,673.55,689551
2021-06-22 09:27:56,673.55,690227
2021-06-22 09:27:57,673.45,690231
2021-06-22 09:27:58,673.4,690323
2021-06-22 09:27:59,673.55,690353
2021-06-22 09:28:00,673.65,690986
2021-06-22 09:28:01,673.4,691018
2021-06-22 09:28:02,673.4,691023
2021-06-22 09:28:03,673.65,691182
2021-06-22 09:28:04,673.2,691990
2021-06-22 09:28:05,673.3,692024
2021-06-22 09:28:06,673.4,692905
2021-06-22 09:28:06,673.15,692967
2021-06-22 09:28:08,673.3,693461
2021-06-22 09:28:09,673.3,694944
2021-06-22 09:28:09,673.0,695018
2021-06-22 09:28:10,673.05,695022
2021-06-22 09:28:11,673.15,695325
2021-06-22 09:28:12,673.5,695940
2021-06-22 09:28:13,673.5,695981
2021-06-22 09:28:14,673.5,696036
2021-06-22 09:28:16,673.5,696156
2021-06-22 09:28:18,673.5,696423
2021-06-22 09:28:18,673.6,696511
2021-06-22 09:28:19,673.5,696711
2021-06-22 09:28:22,673.5,696934
2021-06-22 09:28:25,673.45,697967
2021-06-22 09:28:26,673.5,698091
2021-06-22 09:28:27,673.5,698100
2021-06-22 09:28:28,673.5,698102
2021-06-22 09:28:29,673.5,698112
2021-06-22 09:28:30,673.45,698113
2021-06-22 09:28:31,673.45,698118
2021-06-22 09:28:32,673.55,698418
2021-06-22 09:28:32,673.4,698433
2021-06-22 09:28:34,673.55,698555
2021-06-22 09:28:35,673.4,698566
2021-06-22 09:28:36,673.4,698566
2021-06-22 09:28:37,673.45,699371
2021-06-22 09:28:38,673.4,699575
2021-06-22 09:28:39,673.45,699662
2021-06-22 09:28:40,673.55,699678
2021-06-22 09:28:41,673.5,699683
2021-06-22 09:28:42,673.5,699828
2021-06-22 09:28:43,673.45,700350
2021-06-22 09:28:44,673.55,700542
2021-06-22 09:28:45,673.45,700581
2021-06-22 09:28:46,673.55,700690
2021-06-22 09:28:48,673.45,700934
2021-06-22 09:28:49,673.55,700999
2021-06-22 09:28:50,673.55,701175
2021-06-22 09:28:51,673.5,701223
2021-06-22 09:28:52,673.55,701240
2021-06-22 09:28:53,673.5,701319
2021-06-22 09:28:54,673.55,701393
2021-06-22 09:28:55,673.55,701479
2021-06-22 09:28:56,673.55,701486
2021-06-22 09:28:58,674.0,703045
2021-06-22 09:28:59,674.1,703502
2021-06-22 09:28:59,674.25,703773
2021-06-22 09:29:01,674.25,705506
2021-06-22 09:29:02,673.95,705713
2021-06-22 09:29:03,674.25,706067
2021-06-22 09:29:04,674.0,706160
2021-06-22 09:29:05,674.25,706735
2021-06-22 09:29:06,674.2,706777
2021-06-22 09:29:07,673.9,706779
2021-06-22 09:29:08,674.2,706841
2021-06-22 09:29:09,673.9,706883
2021-06-22 09:29:10,674.15,706992
2021-06-22 09:29:11,674.15,707037
2021-06-22 09:29:12,674.2,707329
2021-06-22 09:29:13,674.2,707369
2021-06-22 09:29:14,674.2,707447
2021-06-22 09:29:15,674.25,707463
2021-06-22 09:29:16,674.2,707469
2021-06-22 09:29:18,674.2,707806
2021-06-22 09:29:19,674.25,707851
2021-06-22 09:29:20,674.75,709946
2021-06-22 09:29:21,674.45,710489
2021-06-22 09:29:22,674.9,711392
2021-06-22 09:29:23,674.5,711623
2021-06-22 09:29:24,674.55,711774
2021-06-22 09:29:25,674.25,713205
2021-06-22 09:29:27,674.35,713414
2021-06-22 09:29:28,674.55,713963
2021-06-22 09:29:29,674.5,713990
2021-06-22 09:29:30,674.45,714085
2021-06-22 09:29:31,674.95,714790
2021-06-22 09:29:32,674.8,715336
2021-06-22 09:29:33,674.6,715443
2021-06-22 09:29:34,675.0,718458
2021-06-22 09:29:35,674.7,718700
2021-06-22 09:29:36,675.0,719345
2021-06-22 09:29:38,675.0,719828
2021-06-22 09:29:39,675.0,720491
2021-06-22 09:29:40,674.75,721299
2021-06-22 09:29:41,674.6,723003
2021-06-22 09:29:41,674.5,722588
2021-06-22 09:29:43,674.65,723235
2021-06-22 09:29:44,674.95,724427
2021-06-22 09:29:45,674.7,724960
2021-06-22 09:29:46,674.95,725186
2021-06-22 09:29:47,675.0,725249
2021-06-22 09:29:48,674.8,726140
2021-06-22 09:29:49,674.95,726434
2021-06-22 09:29:50,674.7,726548
2021-06-22 09:29:51,674.7,726756
2021-06-22 09:29:52,675.0,728093
2021-06-22 09:29:53,674.8,728170
2021-06-22 09:29:54,674.95,728374
2021-06-22 09:29:55,674.65,730225
2021-06-22 09:29:56,674.9,731888
2021-06-22 09:29:57,674.9,731973
2021-06-22 09:29:58,674.55,732218
2021-06-22 09:29:58,674.8,732197
2021-06-22 09:29:59,674.9,732442
2021-06-22 09:30:00,674.95,733085
2021-06-22 09:30:02,674.85,733189
2021-06-22 09:30:02,674.5,733919
2021-06-22 09:30:04,674.8,734045
2021-06-22 09:30:05,674.8,734160
2021-06-22 09:30:06,674.5,734772
2021-06-22 09:30:08,674.7,737415
2021-06-22 09:30:10,674.45,738908
2021-06-22 09:30:11,674.15,740188
2021-06-22 09:30:12,674.25,740798
2021-06-22 09:30:13,674.25,740830
2021-06-22 09:30:14,674.2,740896
2021-06-22 09:30:15,674.0,741521
2021-06-22 09:30:16,673.85,743997
2021-06-22 09:30:17,673.85,744305
2021-06-22 09:30:18,673.55,745115
2021-06-22 09:30:19,673.8,745498
2021-06-22 09:30:20,673.5,745680
2021-06-22 09:30:21,673.5,745689
2021-06-22 09:30:22,673.8,745739
2021-06-22 09:30:23,673.55,745742
2021-06-22 09:30:24,673.55,745995
2021-06-22 09:30:25,673.8,746031
2021-06-22 09:30:27,673.6,746110
2021-06-22 09:30:28,673.8,746145
2021-06-22 09:30:29,673.6,746161
2021-06-22 09:30:30,673.8,746164
2021-06-22 09:30:31,673.8,746244
2021-06-22 09:30:32,673.6,746636
2021-06-22 09:30:33,673.6,746678
2021-06-22 09:30:34,673.8,746730
2021-06-22 09:30:35,673.6,746893
2021-06-22 09:30:36,673.6,746929
2021-06-22 09:30:37,673.75,746941
2021-06-22 09:30:38,674.0,747224
2021-06-22 09:30:39,674.0,747259
2021-06-22 09:30:40,674.0,747266
2021-06-22 09:30:41,674.2,747374
2021-06-22 09:30:42,674.3,747543
2021-06-22 09:30:43,674.35,747621
2021-06-22 09:30:44,674.4,747682
2021-06-22 09:30:45,674.1,747742
2021-06-22 09:30:46,674.1,747774
2021-06-22 09:30:47,674.35,747782
2021-06-22 09:30:48,674.1,748038
2021-06-22 09:30:49,674.1,748113
2021-06-22 09:30:50,674.1,748117
2021-06-22 09:30:51,674.1,748117
2021-06-22 09:30:52,674.0,748229
2021-06-22 09:30:53,674.1,748396
2021-06-22 09:30:54,673.95,748443
2021-06-22 09:30:55,673.9,748445
2021-06-22 09:30:56,674.0,748455
2021-06-22 09:30:57,673.85,748456
2021-06-22 09:30:58,674.2,748458
2021-06-22 09:30:59,673.95,748508
2021-06-22 09:31:00,673.8,749310
2021-06-22 09:31:01,673.7,749323
2021-06-22 09:31:02,673.85,749439
2021-06-22 09:31:03,673.6,750195
2021-06-22 09:31:04,673.6,750364
2021-06-22 09:31:06,673.8,750549
2021-06-22 09:31:05,673.8,750493
2021-06-22 09:31:07,673.85,750652
2021-06-22 09:31:08,673.8,750658
2021-06-22 09:31:09,673.85,750668
2021-06-22 09:31:10,673.8,750669
2021-06-22 09:31:11,673.95,750670
2021-06-22 09:31:12,673.8,750720
2021-06-22 09:31:14,674.0,750757
2021-06-22 09:31:16,673.8,750791
2021-06-22 09:31:17,673.95,750807
2021-06-22 09:31:18,673.8,750811
2021-06-22 09:31:19,673.8,751392
2021-06-22 09:31:20,673.6,751449
2021-06-22 09:31:21,673.65,751474
2021-06-22 09:31:22,673.65,751575
2021-06-22 09:31:24,673.95,752473
2021-06-22 09:31:25,673.7,752525
2021-06-22 09:31:26,673.8,753029
2021-06-22 09:31:27,673.75,753240
2021-06-22 09:31:28,674.0,753257
2021-06-22 09:31:29,673.75,753276
2021-06-22 09:31:30,673.75,753277
2021-06-22 09:31:32,673.75,753321
2021-06-22 09:31:33,673.75,753351
2021-06-22 09:31:34,673.8,753504
2021-06-22 09:31:35,673.75,753576
2021-06-22 09:31:36,673.95,753681
2021-06-22 09:31:38,673.75,754834
2021-06-22 09:31:39,673.95,754907
2021-06-22 09:31:40,673.95,755088
2021-06-22 09:31:41,673.7,755113
2021-06-22 09:31:42,673.75,755115
2021-06-22 09:31:44,673.75,755148
2021-06-22 09:31:45,673.7,755223
2021-06-22 09:31:46,673.95,755277
2021-06-22 09:31:48,673.95,755656
2021-06-22 09:31:49,673.95,755679
2021-06-22 09:31:50,673.65,755885
2021-06-22 09:31:51,673.7,755979
2021-06-22 09:31:52,673.95,756072
2021-06-22 09:31:53,673.7,756115
2021-06-22 09:31:54,673.7,756192
2021-06-22 09:31:55,673.95,756346
2021-06-22 09:31:56,673.95,756357
2021-06-22 09:31:57,673.65,756833
2021-06-22 09:31:58,673.65,756857
2021-06-22 09:31:59,673.9,756959
2021-06-22 09:32:00,673.9,757141
2021-06-22 09:32:01,673.9,757668
2021-06-22 09:32:02,673.7,757716
2021-06-22 09:32:03,673.9,757779
2021-06-22 09:32:04,673.95,758028
2021-06-22 09:32:06,673.9,758054
2021-06-22 09:32:07,673.95,758075
2021-06-22 09:32:08,673.9,758076
2021-06-22 09:32:09,673.9,758176
2021-06-22 09:32:10,673.9,758281
2021-06-22 09:32:11,673.9,758488
2021-06-22 09:32:13,673.9,758523
2021-06-22 09:32:14,673.95,758565
2021-06-22 09:32:15,673.9,758567
2021-06-22 09:32:16,673.95,758716
2021-06-22 09:32:17,673.9,758729
2021-06-22 09:32:17,673.9,758724
2021-06-22 09:32:19,673.9,758730
2021-06-22 09:32:19,673.95,758740
2021-06-22 09:32:20,673.95,758875
2021-06-22 09:32:21,673.95,758982
2021-06-22 09:32:22,674.05,760677
2021-06-22 09:32:23,674.05,760762
2021-06-22 09:32:24,674.3,761043
2021-06-22 09:32:25,674.05,761379
2021-06-22 09:32:26,674.3,761646
2021-06-22 09:32:27,674.05,761659
2021-06-22 09:32:28,674.25,761840
2021-06-22 09:32:29,674.25,761894
2021-06-22 09:32:30,674.05,762398
2021-06-22 09:32:31,674.0,762853
2021-06-22 09:32:32,674.05,762881
2021-06-22 09:32:33,674.2,763222
2021-06-22 09:32:34,674.2,763339
2021-06-22 09:32:35,674.05,763345
2021-06-22 09:32:36,674.0,763405
2021-06-22 09:32:38,674.2,763648
2021-06-22 09:32:38,674.2,763801
2021-06-22 09:32:39,673.9,764042
2021-06-22 09:32:40,673.9,764402
2021-06-22 09:32:41,674.0,765064
2021-06-22 09:32:42,673.9,765131
2021-06-22 09:32:43,673.95,765141
2021-06-22 09:32:44,674.2,765959
2021-06-22 09:32:45,674.1,766300
2021-06-22 09:32:46,673.9,766317
2021-06-22 09:32:47,674.1,766400
2021-06-22 09:32:48,674.1,766562
2021-06-22 09:32:49,674.1,766574
2021-06-22 09:32:50,674.0,766575
2021-06-22 09:32:51,674.1,766576
2021-06-22 09:32:52,674.1,767362
2021-06-22 09:32:53,674.0,767401
2021-06-22 09:32:54,674.05,767541
2021-06-22 09:32:55,674.1,768037
2021-06-22 09:32:57,674.1,768113
2021-06-22 09:32:57,674.1,768110
2021-06-22 09:32:58,674.3,768191
2021-06-22 09:32:59,674.1,768194
2021-06-22 09:33:02,674.25,768362
2021-06-22 09:33:02,674.1,768370
2021-06-22 09:33:03,674.25,768599
2021-06-22 09:33:04,674.1,768611
2021-06-22 09:33:05,674.0,770613
2021-06-22 09:33:07,673.75,770639
2021-06-22 09:33:07,673.95,771640
2021-06-22 09:33:08,673.7,771721
2021-06-22 09:33:09,673.7,771725
2021-06-22 09:33:10,673.95,771750
2021-06-22 09:33:11,673.7,771751
2021-06-22 09:33:12,673.95,771831
2021-06-22 09:33:13,673.95,771844
2021-06-22 09:33:15,673.75,771970
2021-06-22 09:33:15,673.7,772035
2021-06-22 09:33:17,673.95,772127
2021-06-22 09:33:18,673.95,772246
2021-06-22 09:33:18,673.75,772252
2021-06-22 09:33:19,673.75,772252
2021-06-22 09:33:20,673.75,772388
2021-06-22 09:33:21,673.95,772475
2021-06-22 09:33:22,673.75,772517
2021-06-22 09:33:23,673.75,772519
2021-06-22 09:33:24,673.85,776304
2021-06-22 09:33:25,673.75,776997
2021-06-22 09:33:26,673.95,777346
2021-06-22 09:33:28,673.7,777707
2021-06-22 09:33:29,673.75,777714
2021-06-22 09:33:31,673.7,777776
2021-06-22 09:33:32,673.7,777864
2021-06-22 09:33:33,674.0,779087
2021-06-22 09:33:34,674.0,779283
2021-06-22 09:33:35,674.0,779393
2021-06-22 09:33:36,673.85,779475
2021-06-22 09:33:37,673.85,779531
2021-06-22 09:33:38,673.85,779534
2021-06-22 09:33:39,674.0,779665
2021-06-22 09:33:40,673.75,779754
2021-06-22 09:33:41,673.75,779758
2021-06-22 09:33:42,674.0,779769
2021-06-22 09:33:43,673.75,780075
2021-06-22 09:33:44,673.75,780164
2021-06-22 09:33:46,674.0,780212
2021-06-22 09:33:46,673.85,780288
2021-06-22 09:33:47,673.9,780502
2021-06-22 09:33:48,673.75,780542
2021-06-22 09:33:49,673.75,781304
2021-06-22 09:33:50,673.7,781810
2021-06-22 09:33:51,673.85,782386
2021-06-22 09:33:52,673.8,782544
2021-06-22 09:33:53,673.3,787116
2021-06-22 09:33:55,673.5,787582
2021-06-22 09:33:56,673.3,787652
2021-06-22 09:33:58,673.4,790619
2021-06-22 09:34:00,673.1,790991
2021-06-22 09:34:02,673.05,791383
2021-06-22 09:34:03,673.35,791497
2021-06-22 09:34:06,673.35,791736
2021-06-22 09:34:07,673.05,792025
2021-06-22 09:34:07,673.05,792051
2021-06-22 09:34:10,673.05,792176
2021-06-22 09:34:11,673.05,792177
2021-06-22 09:34:12,673.45,793057
2021-06-22 09:34:12,673.25,793121
2021-06-22 09:34:13,673.05,796124
2021-06-22 09:34:14,673.2,796274
2021-06-22 09:34:15,673.2,796282
2021-06-22 09:34:16,673.45,796322
2021-06-22 09:34:17,673.3,796364
2021-06-22 09:34:18,673.3,796367
2021-06-22 09:34:20,673.3,796818
2021-06-22 09:34:20,673.3,796846
2021-06-22 09:34:21,673.45,796991
2021-06-22 09:34:22,673.3,796998
2021-06-22 09:34:23,673.45,797132
2021-06-22 09:34:24,673.2,797259
2021-06-22 09:34:25,673.2,797322
2021-06-22 09:34:26,673.45,797526
2021-06-22 09:34:27,673.25,797624
2021-06-22 09:34:28,673.25,798285
2021-06-22 09:34:29,673.25,798318
2021-06-22 09:34:30,673.25,798356
2021-06-22 09:34:31,673.25,798567
2021-06-22 09:34:32,673.45,798628
2021-06-22 09:34:33,673.25,798690
2021-06-22 09:34:34,673.25,798903
2021-06-22 09:34:36,673.2,798989
2021-06-22 09:34:36,673.3,799232
2021-06-22 09:34:37,673.3,799294
2021-06-22 09:34:39,673.55,799456
2021-06-22 09:34:40,673.3,799543
2021-06-22 09:34:40,673.3,799548
2021-06-22 09:34:41,673.3,799548
2021-06-22 09:34:42,673.3,799648
2021-06-22 09:34:43,673.7,799693
2021-06-22 09:34:44,673.8,799765
2021-06-22 09:34:45,673.55,799769
2021-06-22 09:34:46,673.55,799803
2021-06-22 09:34:47,673.8,799806
2021-06-22 09:34:48,673.8,799831
2021-06-22 09:34:49,673.8,799842
2021-06-22 09:34:51,673.55,799843
2021-06-22 09:34:52,673.55,799867
2021-06-22 09:34:53,673.55,799868
2021-06-22 09:34:53,673.55,799868
2021-06-22 09:34:54,673.8,799968
2021-06-22 09:34:55,673.8,799988
2021-06-22 09:34:56,673.65,800019
2021-06-22 09:34:57,673.65,800020
2021-06-22 09:34:58,673.65,800020
2021-06-22 09:35:00,673.6,800838
2021-06-22 09:35:01,673.85,800966
2021-06-22 09:35:02,673.85,801230
2021-06-22 09:35:02,673.8,801235
2021-06-22 09:35:03,673.85,801265
2021-06-22 09:35:05,673.8,801287
2021-06-22 09:35:06,673.85,801303
2021-06-22 09:35:07,673.8,801311
2021-06-22 09:35:08,673.8,801316
2021-06-22 09:35:10,673.8,801348
2021-06-22 09:35:11,673.8,801349
2021-06-22 09:35:13,673.8,801382
2021-06-22 09:35:15,673.8,801571
2021-06-22 09:35:16,673.8,801970
2021-06-22 09:35:17,673.65,801990
2021-06-22 09:35:18,673.75,802091
2021-06-22 09:35:19,673.75,802096
2021-06-22 09:35:20,673.9,802176
2021-06-22 09:35:20,673.75,802330
2021-06-22 09:35:22,674.0,802874
2021-06-22 09:35:23,674.0,802931
2021-06-22 09:35:23,673.75,802934
2021-06-22 09:35:24,673.75,802934
2021-06-22 09:35:25,673.75,802953
2021-06-22 09:35:27,673.95,803091
2021-06-22 09:35:29,673.65,803171
2021-06-22 09:35:30,673.65,803220
2021-06-22 09:35:32,673.9,803322
2021-06-22 09:35:33,673.55,803330
2021-06-22 09:35:33,673.55,803330
2021-06-22 09:35:35,673.55,803589
2021-06-22 09:35:36,673.9,803712
2021-06-22 09:35:37,673.85,803724
2021-06-22 09:35:37,673.55,803725
2021-06-22 09:35:39,673.55,803805
2021-06-22 09:35:40,673.65,804243
2021-06-22 09:35:40,673.9,804222
2021-06-22 09:35:41,673.85,804254
2021-06-22 09:35:44,673.9,804264
2021-06-22 09:35:44,673.55,804464
2021-06-22 09:35:46,673.5,804513
2021-06-22 09:35:47,673.5,805515
2021-06-22 09:35:48,673.8,805622
2021-06-22 09:35:48,673.65,805646
2021-06-22 09:35:49,673.65,805743
2021-06-22 09:35:50,673.75,807347
2021-06-22 09:35:51,673.4,807464
2021-06-22 09:35:52,673.5,807470
2021-06-22 09:35:53,673.65,807480
2021-06-22 09:35:54,673.65,807495
2021-06-22 09:35:55,673.8,807496
2021-06-22 09:35:56,673.8,807496
2021-06-22 09:35:57,673.9,807520
2021-06-22 09:36:00,673.8,807559
2021-06-22 09:36:00,673.8,807599
2021-06-22 09:36:03,673.65,807638
2021-06-22 09:36:05,673.8,807758
2021-06-22 09:36:06,673.6,807842
2021-06-22 09:36:06,673.6,807857
2021-06-22 09:36:07,673.6,807858
2021-06-22 09:36:08,673.6,807858
2021-06-22 09:36:09,673.6,807858
2021-06-22 09:36:11,673.75,808028
2021-06-22 09:36:13,673.8,808047
2021-06-22 09:36:14,673.5,808383
2021-06-22 09:36:14,673.5,808367
2021-06-22 09:36:15,673.5,808389
2021-06-22 09:36:16,673.5,808397
2021-06-22 09:36:17,673.8,808641
2021-06-22 09:36:18,673.7,808703
2021-06-22 09:36:19,673.7,808706
2021-06-22 09:36:20,673.7,808716
2021-06-22 09:36:21,673.7,808717
2021-06-22 09:36:22,673.7,808717
2021-06-22 09:36:23,673.8,808727
2021-06-22 09:36:24,673.8,808822
2021-06-22 09:36:26,673.75,808859
2021-06-22 09:36:27,673.75,808859
2021-06-22 09:36:29,673.75,808859
2021-06-22 09:36:30,673.8,809028
2021-06-22 09:36:30,673.85,808997
2021-06-22 09:36:32,673.85,809129
2021-06-22 09:36:33,673.8,809135
2021-06-22 09:36:34,673.85,809175
2021-06-22 09:36:35,673.8,809202
2021-06-22 09:36:35,673.8,809203
2021-06-22 09:36:36,673.8,809253
2021-06-22 09:36:37,673.8,809256
2021-06-22 09:36:39,673.8,809256
2021-06-22 09:36:41,673.8,809356
2021-06-22 09:36:42,673.8,809405
2021-06-22 09:36:43,673.8,809407
2021-06-22 09:36:44,673.8,809484
2021-06-22 09:36:45,673.8,809488
2021-06-22 09:36:46,673.85,809783
2021-06-22 09:36:47,673.9,811259
2021-06-22 09:36:48,673.8,811333
2021-06-22 09:36:49,673.8,811337
2021-06-22 09:36:50,673.8,811337
2021-06-22 09:36:51,673.8,811369
2021-06-22 09:36:51,673.8,811371
2021-06-22 09:36:52,673.8,811371
2021-06-22 09:36:53,673.8,811418
2021-06-22 09:36:54,673.8,811420
2021-06-22 09:36:56,673.8,811449
2021-06-22 09:36:57,673.95,812050
2021-06-22 09:36:58,673.9,813035
2021-06-22 09:36:59,673.9,813347
2021-06-22 09:37:00,673.9,813367
2021-06-22 09:37:01,673.85,813572
2021-06-22 09:37:02,673.85,813717
2021-06-22 09:37:03,673.85,813855
2021-06-22 09:37:04,673.85,815486
2021-06-22 09:37:05,673.6,815574
2021-06-22 09:37:06,673.7,816088
2021-06-22 09:37:07,673.6,816114
2021-06-22 09:37:09,673.5,817609
2021-06-22 09:37:10,673.25,819095
2021-06-22 09:37:11,673.2,819169
2021-06-22 09:37:13,673.65,820172
2021-06-22 09:37:14,673.6,820209
2021-06-22 09:37:15,673.6,820212
2021-06-22 09:37:16,673.3,820302
2021-06-22 09:37:18,673.25,822427
2021-06-22 09:37:19,673.2,822722
2021-06-22 09:37:20,673.2,822751
2021-06-22 09:37:21,673.2,822753
2021-06-22 09:37:22,673.2,822753
2021-06-22 09:37:23,673.2,822918
2021-06-22 09:37:24,673.45,823006
2021-06-22 09:37:25,673.4,823011
2021-06-22 09:37:27,673.2,823100
2021-06-22 09:37:28,673.2,823351
2021-06-22 09:37:28,673.2,823365
2021-06-22 09:37:29,673.45,823466
2021-06-22 09:37:30,673.2,823471
2021-06-22 09:37:32,673.45,823781
2021-06-22 09:37:33,673.25,824445
2021-06-22 09:37:34,673.2,824679
2021-06-22 09:37:35,673.2,824703
2021-06-22 09:37:37,673.2,824704
2021-06-22 09:37:39,673.2,824704
2021-06-22 09:37:40,673.2,824704
2021-06-22 09:37:41,673.4,824707
2021-06-22 09:37:41,673.4,824707
2021-06-22 09:37:42,673.4,824757
2021-06-22 09:37:44,673.2,824831
2021-06-22 09:37:45,673.2,824834
2021-06-22 09:37:46,673.2,824835
2021-06-22 09:37:47,673.2,824835
2021-06-22 09:37:48,673.4,824865
2021-06-22 09:37:49,673.25,824876
2021-06-22 09:37:50,673.5,825379
2021-06-22 09:37:51,673.3,825404
2021-06-22 09:37:52,673.3,825455
2021-06-22 09:37:53,673.55,825544
2021-06-22 09:37:54,673.35,825548
2021-06-22 09:37:55,673.35,825639
2021-06-22 09:37:56,673.35,825643
2021-06-22 09:37:57,673.3,825644
2021-06-22 09:37:58,673.3,825794
2021-06-22 09:37:59,673.5,825854
2021-06-22 09:38:00,673.5,825960
2021-06-22 09:38:01,673.5,825965
2021-06-22 09:38:02,673.5,825987
2021-06-22 09:38:02,673.5,825988
2021-06-22 09:38:04,673.55,826069
2021-06-22 09:38:05,673.5,826081
2021-06-22 09:38:06,673.5,826137
2021-06-22 09:38:06,673.35,826140
2021-06-22 09:38:07,673.35,826140
2021-06-22 09:38:09,673.35,826160
2021-06-22 09:38:10,673.35,826161
2021-06-22 09:38:11,673.35,826182
2021-06-22 09:38:11,673.5,826181
2021-06-22 09:38:12,673.35,826232
2021-06-22 09:38:13,673.35,826261
2021-06-22 09:38:14,673.35,826803
2021-06-22 09:38:15,673.35,826822
2021-06-22 09:38:19,673.5,826948
2021-06-22 09:38:20,673.35,826992
2021-06-22 09:38:21,673.5,827494
2021-06-22 09:38:21,673.35,827520
2021-06-22 09:38:22,673.35,827522
2021-06-22 09:38:23,673.35,827564
2021-06-22 09:38:24,673.35,827584
2021-06-22 09:38:26,673.35,827588
2021-06-22 09:38:27,673.4,827638
2021-06-22 09:38:28,673.4,827641
2021-06-22 09:38:29,673.4,827641
2021-06-22 09:38:30,673.4,827641
2021-06-22 09:38:31,673.4,827641
2021-06-22 09:38:32,673.4,827643
2021-06-22 09:38:33,673.35,828146
2021-06-22 09:38:34,673.35,828171
2021-06-22 09:38:35,673.4,828222
2021-06-22 09:38:36,673.35,828494
2021-06-22 09:38:37,673.3,828607
2021-06-22 09:38:38,673.3,828613
2021-06-22 09:38:39,673.5,829413
2021-06-22 09:38:40,673.5,829493
2021-06-22 09:38:41,673.3,829970
2021-06-22 09:38:42,673.3,829996
2021-06-22 09:38:43,673.3,830167
2021-06-22 09:38:43,673.3,830176
2021-06-22 09:38:44,673.3,830176
2021-06-22 09:38:45,673.3,830176
2021-06-22 09:38:46,673.2,831531
2021-06-22 09:38:48,673.2,831808
2021-06-22 09:38:49,673.15,831882
2021-06-22 09:38:50,673.15,832151
2021-06-22 09:38:51,673.15,832172
2021-06-22 09:38:52,673.15,832173
2021-06-22 09:38:53,673.2,832623
2021-06-22 09:38:53,673.15,832624
2021-06-22 09:38:54,673.15,832644
2021-06-22 09:38:56,673.1,833087
2021-06-22 09:38:57,673.05,833322
2021-06-22 09:38:58,673.0,833574
2021-06-22 09:38:59,673.05,844833
2021-06-22 09:39:00,673.0,844871
2021-06-22 09:39:01,672.75,845048
2021-06-22 09:39:02,672.65,845591
2021-06-22 09:39:03,672.55,848158
2021-06-22 09:39:04,672.55,848288
2021-06-22 09:39:06,672.9,848899
2021-06-22 09:39:07,672.9,849126
2021-06-22 09:39:08,672.8,849385
2021-06-22 09:39:08,672.8,849398
2021-06-22 09:39:10,672.9,849401
2021-06-22 09:39:10,672.9,849401
2021-06-22 09:39:11,672.9,849406
2021-06-22 09:39:12,673.0,849561
2021-06-22 09:39:14,672.9,849571
2021-06-22 09:39:15,672.9,849575
2021-06-22 09:39:16,672.9,849617
2021-06-22 09:39:17,673.0,849919
2021-06-22 09:39:18,672.9,849935
2021-06-22 09:39:19,672.9,849946
2021-06-22 09:39:22,673.1,851676
2021-06-22 09:39:22,672.95,851588
2021-06-22 09:39:23,673.1,851711
2021-06-22 09:39:25,673.1,851723
2021-06-22 09:39:26,673.1,851733
2021-06-22 09:39:27,672.95,851884
2021-06-22 09:39:27,673.0,851881
2021-06-22 09:39:29,673.15,852874
2021-06-22 09:39:30,673.05,853042
2021-06-22 09:39:31,673.0,853043
2021-06-22 09:39:32,673.0,853050
2021-06-22 09:39:32,673.0,853051
2021-06-22 09:39:33,673.05,853148
2021-06-22 09:39:35,673.15,854223
2021-06-22 09:39:35,672.95,854277
2021-06-22 09:39:36,673.0,854290
2021-06-22 09:39:38,673.0,854401
2021-06-22 09:39:38,673.0,854483
2021-06-22 09:39:40,673.0,854491
2021-06-22 09:39:41,672.9,854492
2021-06-22 09:39:42,673.0,854992
2021-06-22 09:39:43,672.9,855017
2021-06-22 09:39:44,672.9,855018
2021-06-22 09:39:45,672.9,855018
2021-06-22 09:39:46,672.9,855022
2021-06-22 09:39:47,672.9,855022
2021-06-22 09:39:48,672.9,855022
2021-06-22 09:39:49,672.9,855028
2021-06-22 09:39:50,673.0,856198
2021-06-22 09:39:52,672.6,856656
2021-06-22 09:39:53,672.6,856708
2021-06-22 09:39:55,672.5,857236
2021-06-22 09:39:56,672.5,857805
2021-06-22 09:39:57,672.6,857863
2021-06-22 09:39:58,672.65,858844
2021-06-22 09:39:58,672.65,858893
2021-06-22 09:40:01,672.65,858953
2021-06-22 09:40:03,672.9,858965
2021-06-22 09:40:04,673.0,859375
2021-06-22 09:40:05,672.65,859400
2021-06-22 09:40:06,672.65,859401
2021-06-22 09:40:07,672.65,859671
2021-06-22 09:40:08,672.65,859987
2021-06-22 09:40:09,672.8,863400
2021-06-22 09:40:10,672.55,863620
2021-06-22 09:40:11,672.65,863646
2021-06-22 09:40:12,672.3,863648
2021-06-22 09:40:13,672.65,863699
2021-06-22 09:40:14,672.65,863717
2021-06-22 09:40:15,672.6,863718
2021-06-22 09:40:16,672.3,864322
2021-06-22 09:40:16,672.6,863817
2021-06-22 09:40:18,672.65,864529
2021-06-22 09:40:19,672.3,864840
2021-06-22 09:40:21,672.75,864860
2021-06-22 09:40:22,672.35,866861
2021-06-22 09:40:23,672.65,866971
2021-06-22 09:40:25,672.3,867397
2021-06-22 09:40:26,672.05,877899
2021-06-22 09:40:27,672.05,878202
2021-06-22 09:40:28,672.0,879110
2021-06-22 09:40:29,672.0,879931
2021-06-22 09:40:30,672.25,881757
2021-06-22 09:40:31,672.35,882141
2021-06-22 09:40:32,672.05,882161
2021-06-22 09:40:33,672.0,882842
2021-06-22 09:40:35,672.0,883664
2021-06-22 09:40:36,672.05,886069
2021-06-22 09:40:38,672.05,886426
2021-06-22 09:40:39,672.0,886443
2021-06-22 09:40:40,672.1,887418
2021-06-22 09:40:41,672.2,889475
2021-06-22 09:40:42,672.15,890477
2021-06-22 09:40:43,672.1,890681
2021-06-22 09:40:44,672.25,890791
2021-06-22 09:40:45,671.85,891663
2021-06-22 09:40:46,671.85,891710
2021-06-22 09:40:47,672.1,892645
2021-06-22 09:40:48,671.8,892692
2021-06-22 09:40:50,671.75,892853
2021-06-22 09:40:51,671.75,895960
2021-06-22 09:40:52,671.8,896203
2021-06-22 09:40:54,671.6,898068
2021-06-22 09:40:55,672.0,898147
2021-06-22 09:40:56,671.85,898356
2021-06-22 09:40:57,671.85,898376
2021-06-22 09:40:58,671.55,898610
2021-06-22 09:40:59,671.55,899904
2021-06-22 09:41:00,671.5,900564
2021-06-22 09:41:01,671.85,900992
2021-06-22 09:41:02,671.9,901310
2021-06-22 09:41:03,671.65,901582
2021-06-22 09:41:04,671.55,902921
2021-06-22 09:41:05,671.55,902988
2021-06-22 09:41:06,671.5,903282
2021-06-22 09:41:07,671.9,905229
2021-06-22 09:41:08,671.5,905375
2021-06-22 09:41:10,671.5,907827
2021-06-22 09:41:11,671.5,907984
2021-06-22 09:41:13,671.4,908678
2021-06-22 09:41:14,671.4,909565
2021-06-22 09:41:15,671.4,909750
2021-06-22 09:41:17,671.6,910275
2021-06-22 09:41:18,671.65,910517
2021-06-22 09:41:19,671.4,912353
2021-06-22 09:41:20,671.65,912520
2021-06-22 09:41:21,671.4,914982
2021-06-22 09:41:22,671.65,916215
2021-06-22 09:41:23,671.6,916277
2021-06-22 09:41:24,671.5,916431
2021-06-22 09:41:25,671.4,917498
2021-06-22 09:41:26,671.6,917638
2021-06-22 09:41:27,671.65,917840
2021-06-22 09:41:28,671.5,917851
2021-06-22 09:41:29,671.65,918204
2021-06-22 09:41:30,671.4,918410
2021-06-22 09:41:31,671.35,918953
2021-06-22 09:41:32,671.35,919458
2021-06-22 09:41:33,671.4,920494
2021-06-22 09:41:34,671.55,922205
2021-06-22 09:41:35,671.3,923179
2021-06-22 09:41:36,671.2,923302
2021-06-22 09:41:37,671.3,923343
2021-06-22 09:41:38,671.4,923462
2021-06-22 09:41:39,671.5,923472
2021-06-22 09:41:40,671.4,924465
2021-06-22 09:41:41,671.2,925265
2021-06-22 09:41:42,671.15,925345
2021-06-22 09:41:43,671.2,927080
2021-06-22 09:41:45,671.2,928638
2021-06-22 09:41:46,671.2,929068
2021-06-22 09:41:47,671.15,929099
2021-06-22 09:41:48,671.2,929177
2021-06-22 09:41:49,671.2,929456
2021-06-22 09:41:50,671.1,929470
2021-06-22 09:41:51,671.2,929475
2021-06-22 09:41:52,671.2,929497
2021-06-22 09:41:53,671.3,929517
2021-06-22 09:41:54,671.1,930313
2021-06-22 09:41:55,671.2,930443
2021-06-22 09:41:56,671.3,930505
2021-06-22 09:41:57,671.3,930533
2021-06-22 09:41:59,671.1,930921
2021-06-22 09:42:00,671.2,930941
2021-06-22 09:42:01,671.2,930992
2021-06-22 09:42:02,671.2,931040
2021-06-22 09:42:03,671.15,931067
2021-06-22 09:42:05,671.2,931202
2021-06-22 09:42:06,671.2,931842
2021-06-22 09:42:07,671.3,932019
2021-06-22 09:42:08,671.2,933527
2021-06-22 09:42:09,671.2,933714
2021-06-22 09:42:10,671.2,934023
2021-06-22 09:42:12,671.2,934549
2021-06-22 09:42:13,671.2,934709
2021-06-22 09:42:14,671.2,935605
2021-06-22 09:42:15,671.2,935700
2021-06-22 09:42:16,671.25,936027
2021-06-22 09:42:17,671.3,936152
2021-06-22 09:42:18,671.2,936261
2021-06-22 09:42:19,671.1,937372
2021-06-22 09:42:20,671.1,937439
2021-06-22 09:42:21,671.1,937568
2021-06-22 09:42:22,671.4,938452
2021-06-22 09:42:23,671.55,940278
2021-06-22 09:42:25,671.85,940390
2021-06-22 09:42:24,671.85,940375
2021-06-22 09:42:26,671.85,940491
2021-06-22 09:42:28,671.8,940659
2021-06-22 09:42:29,671.55,940696
2021-06-22 09:42:30,671.55,940717
2021-06-22 09:42:31,671.8,940719
2021-06-22 09:42:32,671.55,940748
2021-06-22 09:42:33,671.55,940796
2021-06-22 09:42:34,671.55,940863
2021-06-22 09:42:35,671.6,941103
2021-06-22 09:42:37,671.8,941122
2021-06-22 09:42:38,671.9,941233
2021-06-22 09:42:39,671.8,941289
2021-06-22 09:42:40,671.8,941291
2021-06-22 09:42:41,672.0,941893
2021-06-22 09:42:42,672.1,942128
2021-06-22 09:42:43,671.9,942291
2021-06-22 09:42:44,671.85,942458
2021-06-22 09:42:45,672.0,942496
2021-06-22 09:42:46,671.85,942498
2021-06-22 09:42:47,672.0,942514
2021-06-22 09:42:49,672.0,942883
2021-06-22 09:42:50,672.0,943017
2021-06-22 09:42:50,672.0,943134
2021-06-22 09:42:51,672.2,943272
2021-06-22 09:42:52,672.15,943288
2021-06-22 09:42:53,672.25,943420
2021-06-22 09:42:54,672.25,943436
2021-06-22 09:42:55,672.4,943738
2021-06-22 09:42:56,672.2,943763
2021-06-22 09:42:57,672.3,943951
2021-06-22 09:42:58,672.0,944035
2021-06-22 09:43:00,672.0,944046
2021-06-22 09:43:00,672.0,944137
2021-06-22 09:43:02,672.15,944238
2021-06-22 09:43:02,671.9,944261
2021-06-22 09:43:03,672.25,944467
2021-06-22 09:43:04,672.25,944554
2021-06-22 09:43:06,672.0,947127
2021-06-22 09:43:06,671.8,947256
2021-06-22 09:43:07,672.05,947386
2021-06-22 09:43:08,671.8,947393
2021-06-22 09:43:09,672.25,947444
2021-06-22 09:43:10,672.15,947514
2021-06-22 09:43:12,671.8,947676
2021-06-22 09:43:13,672.2,947778
2021-06-22 09:43:15,672.2,947849
2021-06-22 09:43:16,672.25,947863
2021-06-22 09:43:17,672.25,947884
2021-06-22 09:43:18,672.0,947924
2021-06-22 09:43:19,672.0,947926
2021-06-22 09:43:20,672.0,947938
2021-06-22 09:43:21,672.25,948060
2021-06-22 09:43:22,672.3,949766
2021-06-22 09:43:23,672.25,950664
2021-06-22 09:43:24,672.05,950709
2021-06-22 09:43:25,672.25,950851
2021-06-22 09:43:26,672.1,950862
2021-06-22 09:43:27,672.05,951153
2021-06-22 09:43:28,672.05,951800
2021-06-22 09:43:29,672.05,951846
2021-06-22 09:43:30,672.05,952037
2021-06-22 09:43:31,671.95,952047
2021-06-22 09:43:32,672.05,952057
2021-06-22 09:43:33,672.05,952084
2021-06-22 09:43:34,671.95,952085
2021-06-22 09:43:36,672.25,953263
2021-06-22 09:43:38,672.05,953415
2021-06-22 09:43:39,672.05,953524
2021-06-22 09:43:40,672.05,953728
2021-06-22 09:43:42,672.25,953840
2021-06-22 09:43:43,672.05,953845
2021-06-22 09:43:44,672.2,953905
2021-06-22 09:43:45,672.05,954140
2021-06-22 09:43:47,672.0,955171
2021-06-22 09:43:47,672.0,955262
2021-06-22 09:43:49,671.95,955310
2021-06-22 09:43:50,671.95,955673
2021-06-22 09:43:50,672.05,955513
2021-06-22 09:43:51,671.95,955802
2021-06-22 09:43:52,672.1,955961
2021-06-22 09:43:53,672.1,956176
2021-06-22 09:43:54,671.95,956255
2021-06-22 09:43:55,671.95,956287
2021-06-22 09:43:56,672.0,956299
2021-06-22 09:43:57,672.0,956315
2021-06-22 09:43:58,672.05,956357
2021-06-22 09:44:00,672.25,956569
2021-06-22 09:44:00,672.1,956642
2021-06-22 09:44:01,672.25,956655
2021-06-22 09:44:02,672.05,956656
2021-06-22 09:44:03,672.25,956666
2021-06-22 09:44:04,672.05,956667
2021-06-22 09:44:05,672.1,956670
2021-06-22 09:44:06,672.3,956720
2021-06-22 09:44:07,672.1,956722
2021-06-22 09:44:08,672.3,956762
2021-06-22 09:44:09,672.35,956816
2021-06-22 09:44:11,672.4,958994
2021-06-22 09:44:12,672.4,959203
2021-06-22 09:44:12,672.1,959214
2021-06-22 09:44:14,671.95,960258
2021-06-22 09:44:15,671.95,960297
2021-06-22 09:44:16,671.95,960579
2021-06-22 09:44:17,672.15,960663
2021-06-22 09:44:18,671.85,961068
2021-06-22 09:44:20,671.8,961586
2021-06-22 09:44:21,671.95,963506
2021-06-22 09:44:23,671.55,963913
2021-06-22 09:44:24,671.6,963998
2021-06-22 09:44:25,671.9,964103
2021-06-22 09:44:26,671.95,964186
2021-06-22 09:44:27,671.55,964286
2021-06-22 09:44:28,671.55,964325
2021-06-22 09:44:29,671.8,964443
2021-06-22 09:44:30,671.8,964452
2021-06-22 09:44:31,671.55,964453
2021-06-22 09:44:32,671.8,964456
2021-06-22 09:44:33,671.55,964643
2021-06-22 09:44:34,671.8,964658
2021-06-22 09:44:35,671.55,964704
2021-06-22 09:44:36,671.9,965802
2021-06-22 09:44:37,671.9,965860
2021-06-22 09:44:38,671.9,965988
2021-06-22 09:44:39,671.6,965994
2021-06-22 09:44:40,671.6,966070
2021-06-22 09:44:41,671.6,966074
2021-06-22 09:44:42,671.6,966184
2021-06-22 09:44:43,671.6,966190
2021-06-22 09:44:44,671.6,966240
2021-06-22 09:44:45,671.8,966283
2021-06-22 09:44:46,671.85,966427
2021-06-22 09:44:47,671.9,966571
2021-06-22 09:44:48,671.6,966578
2021-06-22 09:44:49,671.6,966578
2021-06-22 09:44:51,671.6,966578
2021-06-22 09:44:52,671.6,966578
2021-06-22 09:44:53,671.9,966579
2021-06-22 09:44:54,671.9,966785
2021-06-22 09:44:55,671.7,966881
2021-06-22 09:44:56,671.7,966885
2021-06-22 09:44:57,671.7,966886
2021-06-22 09:44:58,671.9,966936
2021-06-22 09:44:59,672.0,967438
2021-06-22 09:45:00,671.8,967538
2021-06-22 09:45:01,671.8,967545
2021-06-22 09:45:02,672.05,967622
2021-06-22 09:45:03,671.95,967630
2021-06-22 09:45:03,671.95,967630
2021-06-22 09:45:04,671.95,967630
2021-06-22 09:45:05,671.9,967662
2021-06-22 09:45:07,671.8,967802
2021-06-22 09:45:08,672.0,967884
2021-06-22 09:45:09,671.9,968046
2021-06-22 09:45:11,671.9,968064
2021-06-22 09:45:13,672.0,968153
2021-06-22 09:45:18,672.05,968887
2021-06-22 09:45:19,672.05,968952
2021-06-22 09:45:19,672.05,969065
2021-06-22 09:45:20,672.05,969070
2021-06-22 09:45:21,672.05,969289
2021-06-22 09:45:22,672.05,969299
2021-06-22 09:45:23,672.1,969306
2021-06-22 09:45:24,672.1,969306
2021-06-22 09:45:25,672.1,969311
2021-06-22 09:45:27,672.1,969339
2021-06-22 09:45:28,672.3,969605
2021-06-22 09:45:29,672.1,969736
2021-06-22 09:45:30,672.3,969765
2021-06-22 09:45:31,672.2,969766
2021-06-22 09:45:32,672.3,969796
2021-06-22 09:45:33,672.3,969898
2021-06-22 09:45:34,672.25,969904
2021-06-22 09:45:35,672.25,969904
2021-06-22 09:45:37,672.3,970017
2021-06-22 09:45:37,672.2,970054
2021-06-22 09:45:38,672.3,970069
2021-06-22 09:45:39,672.2,970119
2021-06-22 09:45:40,672.3,970159
2021-06-22 09:45:41,672.2,970171
2021-06-22 09:45:42,672.3,970272
2021-06-22 09:45:43,672.3,970278
2021-06-22 09:45:45,672.2,970314
2021-06-22 09:45:46,672.4,971796
2021-06-22 09:45:46,672.2,971870
2021-06-22 09:45:47,672.4,971926
2021-06-22 09:45:48,672.25,971984
2021-06-22 09:45:49,672.25,972020
2021-06-22 09:45:51,672.1,972293
2021-06-22 09:45:52,672.2,972501
2021-06-22 09:45:52,672.3,972611
2021-06-22 09:45:53,672.0,977629
2021-06-22 09:45:54,672.2,978968
2021-06-22 09:45:55,672.0,979035
2021-06-22 09:45:56,672.2,979058
2021-06-22 09:45:57,672.0,979081
2021-06-22 09:45:58,672.2,979327
2021-06-22 09:45:59,672.0,979561
2021-06-22 09:46:02,672.2,980068
2021-06-22 09:46:02,672.0,980233
2021-06-22 09:46:03,672.0,980275
2021-06-22 09:46:04,672.15,980325
2021-06-22 09:46:06,672.2,980726
2021-06-22 09:46:07,672.0,980779
2021-06-22 09:46:08,672.15,981108
2021-06-22 09:46:08,672.0,981124
2021-06-22 09:46:09,672.3,981549
2021-06-22 09:46:10,672.0,981570
2021-06-22 09:46:12,671.9,987667
2021-06-22 09:46:13,671.9,988712
2021-06-22 09:46:14,671.85,988814
2021-06-22 09:46:16,671.9,989202
2021-06-22 09:46:17,671.65,991997
2021-06-22 09:46:18,671.5,992234
2021-06-22 09:46:19,671.5,992573
2021-06-22 09:46:20,671.5,992697
2021-06-22 09:46:20,671.5,992672
2021-06-22 09:46:22,671.5,996840
2021-06-22 09:46:23,671.5,997626
2021-06-22 09:46:24,671.55,997857
2021-06-22 09:46:25,671.5,997869
2021-06-22 09:46:26,671.5,998372
2021-06-22 09:46:27,671.55,998946
2021-06-22 09:46:28,671.55,999089
2021-06-22 09:46:30,671.85,999136
2021-06-22 09:46:31,671.55,999139
2021-06-22 09:46:32,671.55,999157
2021-06-22 09:46:32,671.75,999156
2021-06-22 09:46:33,671.95,999687
2021-06-22 09:46:34,671.6,999992
2021-06-22 09:46:35,671.55,1000087
2021-06-22 09:46:36,671.55,1000204
2021-06-22 09:46:37,671.55,1000340
2021-06-22 09:46:39,671.95,1000795
2021-06-22 09:46:39,671.6,1000818
2021-06-22 09:46:40,671.95,1000833
2021-06-22 09:46:41,671.95,1001034
2021-06-22 09:46:42,671.5,1002980
2021-06-22 09:46:43,671.45,1003272
2021-06-22 09:46:45,671.75,1005282
2021-06-22 09:46:45,671.8,1005287
2021-06-22 09:46:46,671.6,1005387
2021-06-22 09:46:47,671.6,1005423
2021-06-22 09:46:49,671.55,1005530
2021-06-22 09:46:49,671.55,1005556
2021-06-22 09:46:50,671.55,1005964
2021-06-22 09:46:51,671.85,1006268
2021-06-22 09:46:52,671.6,1006283
2021-06-22 09:46:55,671.55,1006400
2021-06-22 09:46:59,671.55,1006496
2021-06-22 09:47:00,671.6,1006563
2021-06-22 09:47:01,671.55,1006567
2021-06-22 09:47:02,671.55,1006605
2021-06-22 09:47:03,671.5,1006607
2021-06-22 09:47:04,671.5,1006712
2021-06-22 09:47:05,671.6,1006741
2021-06-22 09:47:06,671.6,1006747
2021-06-22 09:47:07,671.5,1006824
2021-06-22 09:47:07,671.65,1006848
2021-06-22 09:47:08,671.55,1006862
2021-06-22 09:47:10,671.55,1006982
2021-06-22 09:47:10,671.5,1006993
2021-06-22 09:47:11,671.6,1007175
2021-06-22 09:47:12,671.6,1007412
2021-06-22 09:47:14,671.4,1007811
2021-06-22 09:47:15,671.75,1007969
2021-06-22 09:47:16,671.4,1008072
2021-06-22 09:47:18,671.4,1008098
2021-06-22 09:47:18,671.4,1008122
2021-06-22 09:47:20,671.5,1008133
2021-06-22 09:47:21,671.35,1008171
2021-06-22 09:47:22,671.5,1009562
2021-06-22 09:47:23,671.3,1009661
2021-06-22 09:47:24,671.3,1009686
2021-06-22 09:47:25,671.3,1009776
2021-06-22 09:47:26,671.5,1009928
2021-06-22 09:47:28,671.5,1010101
2021-06-22 09:47:29,671.5,1010126
2021-06-22 09:47:30,671.5,1010176
2021-06-22 09:47:31,671.6,1010243
2021-06-22 09:47:32,671.3,1011049
2021-06-22 09:47:33,671.3,1011351
2021-06-22 09:47:33,671.5,1011426
2021-06-22 09:47:35,671.5,1011558
2021-06-22 09:47:35,671.5,1011592
2021-06-22 09:47:37,671.5,1011701
2021-06-22 09:47:39,671.35,1011703
2021-06-22 09:47:39,671.35,1011704
2021-06-22 09:47:40,671.6,1011880
2021-06-22 09:47:42,671.5,1011919
2021-06-22 09:47:43,671.5,1011949
2021-06-22 09:47:44,671.6,1011957
2021-06-22 09:47:44,671.5,1011958
2021-06-22 09:47:46,671.5,1011994
2021-06-22 09:47:47,671.5,1012003
2021-06-22 09:47:48,671.5,1012005
2021-06-22 09:47:48,671.6,1012023
2021-06-22 09:47:49,671.5,1012031
2021-06-22 09:47:50,671.6,1012067
2021-06-22 09:47:51,671.6,1012109
2021-06-22 09:47:52,671.5,1012177
2021-06-22 09:47:54,671.5,1012199
2021-06-22 09:47:55,671.5,1012204
2021-06-22 09:47:57,671.5,1012373
2021-06-22 09:47:58,671.6,1013698
2021-06-22 09:47:58,671.6,1013758
2021-06-22 09:47:59,671.5,1013761
2021-06-22 09:48:00,671.6,1014026
2021-06-22 09:48:01,671.6,1014064
2021-06-22 09:48:02,671.6,1014224
2021-06-22 09:48:04,671.55,1015078
2021-06-22 09:48:05,671.6,1015092
2021-06-22 09:48:06,671.85,1015097
2021-06-22 09:48:07,671.85,1015097
2021-06-22 09:48:08,671.6,1015307
2021-06-22 09:48:09,671.55,1015609
2021-06-22 09:48:11,671.55,1015684
2021-06-22 09:48:12,671.85,1015724
2021-06-22 09:48:13,671.7,1015726
2021-06-22 09:48:14,671.7,1015727
2021-06-22 09:48:15,671.7,1015727
2021-06-22 09:48:16,671.6,1016227
2021-06-22 09:48:17,671.6,1016326
2021-06-22 09:48:18,672.0,1016541
2021-06-22 09:48:18,671.65,1016552
2021-06-22 09:48:19,672.0,1016557
2021-06-22 09:48:20,672.0,1016557
2021-06-22 09:48:22,671.6,1016639
2021-06-22 09:48:25,671.7,1018084
2021-06-22 09:48:26,671.75,1018152
2021-06-22 09:48:27,671.65,1018431
2021-06-22 09:48:28,671.65,1018524
2021-06-22 09:48:29,671.65,1018546
2021-06-22 09:48:30,672.1,1018734
2021-06-22 09:48:30,672.1,1018840
2021-06-22 09:48:31,671.75,1018845
2021-06-22 09:48:32,672.1,1018896
2021-06-22 09:48:33,671.7,1018909
2021-06-22 09:48:35,671.7,1018972
2021-06-22 09:48:36,671.75,1019012
2021-06-22 09:48:36,671.7,1019014
2021-06-22 09:48:37,671.7,1019014
2021-06-22 09:48:38,671.7,1019024
2021-06-22 09:48:39,671.75,1019146
2021-06-22 09:48:40,671.75,1019184
2021-06-22 09:48:41,671.75,1019332
2021-06-22 09:48:42,671.7,1019360
2021-06-22 09:48:46,671.75,1019709
2021-06-22 09:48:47,671.75,1019718
2021-06-22 09:48:47,671.75,1019718
2021-06-22 09:48:49,671.95,1020510
2021-06-22 09:48:50,671.75,1020590
2021-06-22 09:48:51,671.75,1020591
2021-06-22 09:48:52,671.95,1020731
2021-06-22 09:48:53,671.75,1020738
2021-06-22 09:48:54,671.8,1020764
2021-06-22 09:48:55,672.0,1020980
2021-06-22 09:48:56,671.75,1020996
2021-06-22 09:48:57,671.95,1021038
2021-06-22 09:48:58,671.95,1021052
2021-06-22 09:48:59,671.95,1021052
2021-06-22 09:49:00,671.95,1021062
2021-06-22 09:49:02,671.95,1021112
2021-06-22 09:49:03,671.75,1021836
2021-06-22 09:49:04,671.95,1022018
2021-06-22 09:49:05,671.75,1022038
2021-06-22 09:49:06,671.95,1022552
2021-06-22 09:49:07,671.75,1022615
2021-06-22 09:49:09,671.75,1022729
2021-06-22 09:49:10,671.95,1022757
2021-06-22 09:49:11,671.75,1022759
2021-06-22 09:49:12,671.95,1023075
2021-06-22 09:49:13,671.8,1023115
2021-06-22 09:49:14,671.95,1023285
2021-06-22 09:49:15,671.95,1023319
2021-06-22 09:49:16,671.8,1023320
2021-06-22 09:49:17,671.9,1023330
2021-06-22 09:49:18,671.9,1023330
2021-06-22 09:49:18,671.75,1028017
2021-06-22 09:49:19,671.75,1028343
2021-06-22 09:49:21,671.7,1028391
2021-06-22 09:49:21,671.7,1028404
2021-06-22 09:49:22,671.7,1028528
2021-06-22 09:49:23,671.75,1028605
2021-06-22 09:49:25,671.7,1029365
2021-06-22 09:49:26,671.75,1029571
2021-06-22 09:49:30,671.75,1029756
2021-06-22 09:49:32,671.75,1030239
2021-06-22 09:49:33,671.75,1030252
2021-06-22 09:49:35,671.75,1030340
2021-06-22 09:49:35,671.75,1030353
2021-06-22 09:49:37,671.7,1030419
2021-06-22 09:49:38,671.65,1030422
2021-06-22 09:49:39,671.65,1030476
2021-06-22 09:49:40,671.7,1030501
2021-06-22 09:49:41,671.65,1030502
2021-06-22 09:49:42,671.65,1030526
2021-06-22 09:49:43,671.7,1030542
2021-06-22 09:49:44,671.7,1030572
2021-06-22 09:49:45,671.6,1030718
2021-06-22 09:49:46,671.6,1030771
2021-06-22 09:49:47,671.7,1030787
2021-06-22 09:49:48,671.65,1030796
2021-06-22 09:49:49,671.65,1030877
2021-06-22 09:49:50,671.65,1030914
2021-06-22 09:49:51,671.6,1031022
2021-06-22 09:49:52,671.6,1031050
2021-06-22 09:49:53,671.6,1031061
2021-06-22 09:49:55,671.6,1031065
2021-06-22 09:49:56,671.7,1031307
2021-06-22 09:49:57,671.7,1031640
2021-06-22 09:49:58,671.75,1031920
2021-06-22 09:49:59,671.75,1031965
2021-06-22 09:50:00,671.75,1031975
2021-06-22 09:50:01,671.75,1031977
2021-06-22 09:50:02,671.75,1032052
2021-06-22 09:50:03,671.7,1032136
2021-06-22 09:50:04,671.7,1032500
2021-06-22 09:50:06,671.7,1033517
2021-06-22 09:50:06,671.75,1033473
2021-06-22 09:50:07,671.75,1033764
2021-06-22 09:50:09,671.75,1033781
2021-06-22 09:50:10,671.7,1033784
2021-06-22 09:50:11,671.7,1033915
2021-06-22 09:50:12,671.7,1034379
2021-06-22 09:50:13,671.7,1034497
2021-06-22 09:50:14,671.7,1034526
2021-06-22 09:50:15,671.75,1034563
2021-06-22 09:50:16,672.0,1034575
2021-06-22 09:50:17,672.0,1034876
2021-06-22 09:50:17,671.75,1034957
2021-06-22 09:50:18,671.75,1034977
2021-06-22 09:50:20,672.0,1035092
2021-06-22 09:50:20,671.75,1035269
2021-06-22 09:50:22,671.75,1035435
2021-06-22 09:50:23,671.75,1035626
2021-06-22 09:50:25,671.75,1035743
2021-06-22 09:50:27,671.75,1035891
2021-06-22 09:50:28,671.75,1035933
2021-06-22 09:50:29,671.75,1035995
2021-06-22 09:50:30,671.75,1036010
2021-06-22 09:50:31,671.95,1036114
2021-06-22 09:50:33,671.95,1036249
2021-06-22 09:50:34,671.75,1036251
2021-06-22 09:50:35,671.95,1036261
2021-06-22 09:50:36,671.95,1036296
2021-06-22 09:50:37,671.75,1036340
2021-06-22 09:50:38,671.75,1036351
2021-06-22 09:50:39,672.0,1036439
2021-06-22 09:50:40,671.95,1036463
2021-06-22 09:50:41,672.0,1036592
2021-06-22 09:50:42,671.95,1036629
2021-06-22 09:50:43,671.95,1036638
2021-06-22 09:50:44,671.95,1036659
2021-06-22 09:50:45,672.1,1037319
2021-06-22 09:50:45,671.95,1037331
2021-06-22 09:50:46,671.9,1037332
2021-06-22 09:50:48,672.1,1037532
2021-06-22 09:50:49,671.85,1037542
2021-06-22 09:50:50,672.1,1037585
2021-06-22 09:50:51,672.0,1037928
2021-06-22 09:50:52,671.75,1038170
2021-06-22 09:50:53,671.75,1038248
2021-06-22 09:50:54,671.75,1038267
2021-06-22 09:50:55,671.75,1038272
2021-06-22 09:50:56,672.0,1038283
2021-06-22 09:50:57,671.9,1038309
2021-06-22 09:50:58,671.9,1038315
2021-06-22 09:50:59,672.05,1038323
2021-06-22 09:51:00,672.05,1038325
2021-06-22 09:51:01,671.85,1038354
2021-06-22 09:51:02,672.0,1038370
2021-06-22 09:51:03,671.8,1038519
2021-06-22 09:51:04,671.8,1038555
2021-06-22 09:51:05,671.8,1038568
2021-06-22 09:51:06,671.8,1038571
2021-06-22 09:51:07,671.9,1038675
2021-06-22 09:51:09,671.75,1038722
2021-06-22 09:51:11,671.95,1038760
2021-06-22 09:51:12,671.95,1038786
2021-06-22 09:51:13,671.8,1038787
2021-06-22 09:51:14,671.8,1038787
2021-06-22 09:51:15,671.8,1038801
2021-06-22 09:51:16,671.75,1041961
2021-06-22 09:51:17,671.8,1042798
2021-06-22 09:51:18,671.75,1042818
2021-06-22 09:51:19,671.75,1042823
2021-06-22 09:51:20,671.75,1042951
2021-06-22 09:51:21,671.75,1042983
2021-06-22 09:51:23,671.8,1043164
2021-06-22 09:51:24,671.75,1043218
2021-06-22 09:51:26,671.8,1043287
2021-06-22 09:51:27,671.75,1043425
2021-06-22 09:51:28,671.75,1043460
2021-06-22 09:51:29,671.8,1043494
2021-06-22 09:51:31,671.75,1043496
2021-06-22 09:51:32,671.75,1043515
2021-06-22 09:51:33,671.75,1043519
2021-06-22 09:51:34,671.75,1043520
2021-06-22 09:51:36,671.8,1043714
2021-06-22 09:51:38,671.8,1043736
2021-06-22 09:51:39,671.75,1043886
2021-06-22 09:51:40,671.75,1043926
2021-06-22 09:51:41,671.8,1043956
2021-06-22 09:51:42,671.75,1043984
2021-06-22 09:51:43,671.8,1044218
2021-06-22 09:51:44,671.75,1044229
2021-06-22 09:51:45,671.75,1044232
2021-06-22 09:51:46,671.8,1044284
2021-06-22 09:51:47,671.75,1044287
2021-06-22 09:51:48,671.75,1044287
2021-06-22 09:51:49,671.95,1044601
2021-06-22 09:51:50,671.75,1044617
2021-06-22 09:51:51,671.75,1044620
2021-06-22 09:51:52,671.75,1044622
2021-06-22 09:51:53,671.75,1044622
2021-06-22 09:51:54,671.95,1045040
2021-06-22 09:51:55,671.75,1045061
2021-06-22 09:51:56,671.8,1045066
2021-06-22 09:51:57,671.8,1045067
2021-06-22 09:51:58,671.95,1045077
2021-06-22 09:51:59,671.95,1045177
2021-06-22 09:52:00,671.8,1045266
2021-06-22 09:52:01,671.95,1045339
2021-06-22 09:52:02,671.8,1045343
2021-06-22 09:52:03,671.8,1045347
2021-06-22 09:52:04,671.8,1045369
2021-06-22 09:52:05,671.8,1047379
2021-06-22 09:52:06,671.8,1048099
2021-06-22 09:52:07,671.8,1048279
2021-06-22 09:52:08,671.95,1048339
2021-06-22 09:52:09,671.8,1048367
2021-06-22 09:52:10,671.8,1048373
2021-06-22 09:52:11,671.8,1048398
2021-06-22 09:52:12,671.9,1048404
2021-06-22 09:52:13,671.9,1048406
2021-06-22 09:52:14,671.95,1049103
2021-06-22 09:52:15,671.8,1049347
2021-06-22 09:52:16,671.8,1050335
2021-06-22 09:52:17,671.8,1050484
2021-06-22 09:52:18,671.95,1050740
2021-06-22 09:52:19,671.95,1050804
2021-06-22 09:52:20,672.0,1050831
2021-06-22 09:52:21,671.95,1050833
2021-06-22 09:52:22,671.95,1050834
2021-06-22 09:52:23,672.0,1050836
2021-06-22 09:52:24,672.0,1051036
2021-06-22 09:52:25,671.95,1051061
2021-06-22 09:52:27,671.95,1051102
2021-06-22 09:52:28,672.0,1051181
2021-06-22 09:52:29,672.0,1051235
2021-06-22 09:52:30,671.95,1051288
2021-06-22 09:52:31,671.95,1051301
2021-06-22 09:52:32,672.0,1051404
2021-06-22 09:52:33,672.1,1052239
2021-06-22 09:52:34,671.95,1052281
2021-06-22 09:52:35,672.0,1052621
2021-06-22 09:52:37,672.1,1052771
2021-06-22 09:52:38,672.1,1053081
2021-06-22 09:52:39,672.0,1053097
2021-06-22 09:52:40,672.0,1053100
2021-06-22 09:52:41,672.0,1053526
2021-06-22 09:52:43,672.1,1053677
2021-06-22 09:52:44,672.1,1053683
2021-06-22 09:52:45,672.15,1053742
2021-06-22 09:52:46,672.1,1053748
2021-06-22 09:52:47,672.35,1054755
2021-06-22 09:52:48,672.1,1054891
2021-06-22 09:52:49,672.35,1054978
2021-06-22 09:52:50,672.1,1054982
2021-06-22 09:52:51,672.1,1054983
2021-06-22 09:52:52,672.45,1055263
2021-06-22 09:52:53,672.15,1055292
2021-06-22 09:52:54,672.15,1055325
2021-06-22 09:52:55,672.15,1055332
2021-06-22 09:52:56,672.15,1055335
2021-06-22 09:52:57,672.25,1055401
2021-06-22 09:52:58,672.25,1055418
2021-06-22 09:52:59,672.35,1055424
2021-06-22 09:53:00,672.35,1055582
2021-06-22 09:53:01,672.25,1055595
2021-06-22 09:53:02,672.35,1055599
2021-06-22 09:53:03,672.3,1055632
2021-06-22 09:53:04,672.3,1055639
2021-06-22 09:53:05,672.25,1055678
2021-06-22 09:53:06,672.25,1055688
2021-06-22 09:53:07,672.25,1055853
2021-06-22 09:53:08,672.35,1056411
2021-06-22 09:53:09,672.25,1056439
2021-06-22 09:53:10,672.25,1056445
2021-06-22 09:53:11,672.25,1056446
2021-06-22 09:53:12,672.35,1056562
2021-06-22 09:53:13,672.25,1057782
2021-06-22 09:53:14,672.25,1058101
2021-06-22 09:53:15,672.25,1058135
2021-06-22 09:53:16,672.2,1058136
2021-06-22 09:53:17,672.2,1058136
2021-06-22 09:53:18,672.2,1058136
2021-06-22 09:53:19,672.2,1058187
2021-06-22 09:53:20,672.2,1058212
2021-06-22 09:53:21,672.3,1058268
2021-06-22 09:53:22,672.3,1058557
2021-06-22 09:53:23,672.2,1058844
2021-06-22 09:53:24,672.1,1059359
2021-06-22 09:53:25,672.1,1059488
2021-06-22 09:53:27,672.3,1059634
2021-06-22 09:53:27,672.1,1059641
2021-06-22 09:53:28,672.1,1059682
2021-06-22 09:53:29,672.25,1059843
2021-06-22 09:53:30,672.1,1059953
2021-06-22 09:53:31,672.1,1060003
2021-06-22 09:53:32,672.25,1060144
2021-06-22 09:53:34,672.1,1060159
2021-06-22 09:53:35,672.1,1060194
2021-06-22 09:53:37,672.25,1060525
2021-06-22 09:53:38,672.1,1060571
2021-06-22 09:53:38,672.1,1060583
2021-06-22 09:53:39,672.1,1060588
2021-06-22 09:53:40,672.25,1060594
2021-06-22 09:53:41,672.25,1060596
2021-06-22 09:53:42,672.1,1060695
2021-06-22 09:53:43,672.25,1060768
2021-06-22 09:53:44,672.1,1060771
2021-06-22 09:53:45,672.1,1060772
2021-06-22 09:53:46,672.1,1060773
2021-06-22 09:53:48,672.25,1060943
2021-06-22 09:53:50,672.35,1061062
2021-06-22 09:53:51,672.1,1061066
2021-06-22 09:53:52,672.35,1061077
2021-06-22 09:53:53,672.1,1061078
2021-06-22 09:53:54,672.1,1061078
2021-06-22 09:53:55,672.25,1061178
2021-06-22 09:53:56,672.25,1061225
2021-06-22 09:53:57,672.1,1061229
2021-06-22 09:53:58,672.25,1061235
2021-06-22 09:53:59,672.25,1061244
2021-06-22 09:54:01,672.1,1061350
2021-06-22 09:54:02,672.15,1061361
2021-06-22 09:54:03,672.25,1061582
2021-06-22 09:54:04,672.1,1061594
2021-06-22 09:54:05,672.1,1061599
2021-06-22 09:54:07,672.1,1061600
2021-06-22 09:54:08,672.1,1061645
2021-06-22 09:54:09,672.1,1061687
2021-06-22 09:54:10,672.25,1061699
2021-06-22 09:54:11,672.25,1061703
2021-06-22 09:54:12,672.25,1061728
2021-06-22 09:54:13,672.25,1061754
2021-06-22 09:54:14,672.1,1061755
2021-06-22 09:54:15,672.1,1061758
2021-06-22 09:54:17,672.25,1061770
2021-06-22 09:54:17,672.25,1061770
2021-06-22 09:54:18,672.1,1061775
2021-06-22 09:54:19,672.15,1061781
2021-06-22 09:54:20,672.25,1061834
2021-06-22 09:54:21,672.15,1061836
2021-06-22 09:54:22,672.15,1061839
2021-06-22 09:54:23,672.25,1061893
2021-06-22 09:54:24,672.15,1061895
2021-06-22 09:54:26,672.15,1061996
2021-06-22 09:54:26,672.15,1062008
2021-06-22 09:54:27,672.1,1062039
2021-06-22 09:54:28,672.1,1062047
2021-06-22 09:54:30,672.1,1062063
2021-06-22 09:54:32,672.25,1062114
2021-06-22 09:54:33,672.25,1062151
2021-06-22 09:54:34,672.25,1062482
2021-06-22 09:54:35,672.15,1062491
2021-06-22 09:54:36,672.15,1062491
2021-06-22 09:54:37,672.1,1062499
2021-06-22 09:54:39,672.1,1062778
2021-06-22 09:54:40,672.25,1063320
2021-06-22 09:54:41,672.1,1063352
2021-06-22 09:54:42,672.25,1063410
2021-06-22 09:54:43,672.1,1063513
2021-06-22 09:54:44,672.1,1063562
2021-06-22 09:54:45,672.2,1063743
2021-06-22 09:54:47,672.1,1063767
2021-06-22 09:54:48,672.2,1063815
2021-06-22 09:54:49,672.1,1063818
2021-06-22 09:54:50,672.1,1065375
2021-06-22 09:54:51,672.0,1065721
2021-06-22 09:54:52,672.0,1065988
2021-06-22 09:54:53,672.0,1066063
2021-06-22 09:54:54,672.1,1066098
2021-06-22 09:54:55,672.1,1066102
2021-06-22 09:54:56,672.0,1066328
2021-06-22 09:54:57,672.0,1066384
2021-06-22 09:54:59,672.05,1066420
2021-06-22 09:54:59,672.15,1066418
2021-06-22 09:55:00,672.05,1066435
2021-06-22 09:55:01,672.15,1066588
2021-06-22 09:55:02,672.0,1067198
2021-06-22 09:55:04,672.0,1067719
2021-06-22 09:55:05,672.1,1068132
2021-06-22 09:55:06,672.05,1068147
2021-06-22 09:55:07,672.05,1068150
2021-06-22 09:55:08,672.0,1068250
2021-06-22 09:55:09,672.05,1068288
2021-06-22 09:55:10,672.0,1068290
2021-06-22 09:55:11,672.0,1068373
2021-06-22 09:55:12,672.05,1068521
2021-06-22 09:55:13,672.0,1068599
2021-06-22 09:55:14,672.0,1068952
2021-06-22 09:55:15,672.0,1068972
2021-06-22 09:55:16,671.95,1068995
2021-06-22 09:55:17,672.0,1069576
2021-06-22 09:55:18,671.95,1069625
2021-06-22 09:55:19,672.0,1069641
2021-06-22 09:55:20,671.95,1069686
2021-06-22 09:55:21,672.0,1069904
2021-06-22 09:55:22,671.9,1070027
2021-06-22 09:55:23,671.85,1070033
2021-06-22 09:55:24,672.0,1070067
2021-06-22 09:55:25,672.0,1070071
2021-06-22 09:55:26,671.9,1070096
2021-06-22 09:55:27,671.9,1070152
2021-06-22 09:55:28,671.85,1070155
2021-06-22 09:55:29,671.9,1070255
2021-06-22 09:55:31,671.85,1070279
2021-06-22 09:55:32,671.8,1070457
2021-06-22 09:55:33,672.0,1070603
2021-06-22 09:55:34,671.85,1070710
2021-06-22 09:55:35,671.85,1070736
2021-06-22 09:55:36,671.85,1070743
2021-06-22 09:55:37,671.85,1070745
2021-06-22 09:55:38,671.85,1070775
2021-06-22 09:55:39,671.85,1070793
2021-06-22 09:55:40,672.0,1071608
2021-06-22 09:55:42,672.0,1071738
2021-06-22 09:55:43,672.0,1072345
2021-06-22 09:55:44,672.0,1073376
2021-06-22 09:55:44,671.8,1073428
2021-06-22 09:55:45,671.85,1073441
2021-06-22 09:55:47,671.85,1073505
2021-06-22 09:55:48,672.0,1074101
2021-06-22 09:55:49,671.85,1074258
2021-06-22 09:55:50,671.75,1074266
2021-06-22 09:55:51,671.8,1074277
2021-06-22 09:55:52,671.85,1074338
2021-06-22 09:55:53,671.75,1074350
2021-06-22 09:55:54,671.75,1074683
2021-06-22 09:55:55,671.95,1074780
2021-06-22 09:55:56,671.75,1074785
2021-06-22 09:55:58,671.75,1074787
2021-06-22 09:55:58,672.0,1074987
2021-06-22 09:56:00,671.75,1075012
2021-06-22 09:56:01,671.75,1075069
2021-06-22 09:56:02,671.95,1075083
2021-06-22 09:56:03,671.95,1075116
2021-06-22 09:56:04,672.0,1075170
2021-06-22 09:56:05,672.0,1075196
2021-06-22 09:56:06,672.0,1075485
2021-06-22 09:56:07,672.0,1075558
2021-06-22 09:56:08,672.0,1075625
2021-06-22 09:56:10,672.0,1075696
2021-06-22 09:56:11,672.0,1075750
2021-06-22 09:56:12,672.0,1075764
2021-06-22 09:56:14,672.0,1075767
2021-06-22 09:56:15,672.5,1078269
2021-06-22 09:56:16,672.4,1078279
2021-06-22 09:56:16,672.4,1078279
2021-06-22 09:56:17,672.5,1079097
2021-06-22 09:56:19,672.4,1079139
2021-06-22 09:56:20,672.4,1079149
2021-06-22 09:56:21,672.4,1079277
2021-06-22 09:56:22,672.4,1079427
2021-06-22 09:56:23,672.4,1079471
2021-06-22 09:56:24,672.4,1079483
2021-06-22 09:56:25,672.4,1079504
2021-06-22 09:56:26,672.4,1079509
2021-06-22 09:56:27,672.4,1079538
2021-06-22 09:56:28,672.4,1079751
2021-06-22 09:56:29,672.6,1079806
2021-06-22 09:56:30,672.4,1079966
2021-06-22 09:56:31,672.6,1080022
2021-06-22 09:56:32,672.6,1080175
2021-06-22 09:56:33,672.6,1080208
2021-06-22 09:56:34,672.5,1080218
2021-06-22 09:56:35,672.5,1080234
2021-06-22 09:56:36,672.5,1080372
2021-06-22 09:56:37,672.6,1080475
2021-06-22 09:56:41,672.4,1080872
2021-06-22 09:56:46,672.4,1082034
2021-06-22 09:56:50,672.4,1082167
2021-06-22 09:56:54,672.6,1083030
2021-06-22 09:57:04,672.25,1084023
2021-06-22 09:57:12,672.5,1085499
2021-06-22 09:57:17,672.4,1086315
2021-06-22 09:57:22,672.4,1087901
2021-06-22 09:57:26,672.55,1088939
2021-06-22 09:57:31,672.5,1089248
2021-06-22 09:57:36,672.9,1089451
2021-06-22 09:57:40,672.6,1089583
2021-06-22 09:57:50,672.8,1092829
2021-06-22 09:57:54,672.55,1093054
2021-06-22 09:57:58,672.45,1094363
2021-06-22 09:58:03,672.55,1094750
2021-06-22 09:58:08,672.5,1095046
2021-06-22 09:58:12,672.55,1095281
2021-06-22 09:58:17,672.5,1095349
2021-06-22 09:58:22,672.5,1095834
2021-06-22 09:58:27,672.7,1096368
2021-06-22 09:58:32,672.7,1096838
2021-06-22 09:58:36,672.7,1096985
2021-06-22 09:58:40,672.5,1097374
2021-06-22 09:58:45,672.65,1097944
2021-06-22 09:58:49,672.5,1098288
2021-06-22 09:58:54,672.5,1098429
2021-06-22 09:58:59,672.7,1098495
2021-06-22 09:59:03,672.75,1099407
2021-06-22 09:59:07,672.65,1100050
2021-06-22 09:59:12,672.55,1100237
2021-06-22 09:59:16,672.5,1100790
2021-06-22 09:59:20,672.55,1101023
2021-06-22 09:59:25,672.6,1101349
2021-06-22 09:59:34,672.65,1101539
2021-06-22 09:59:39,672.65,1101624
2021-06-22 09:59:44,672.5,1101665
2021-06-22 09:59:48,672.65,1103175
2021-06-22 09:59:53,672.65,1103436
2021-06-22 09:59:57,672.65,1103851
2021-06-22 10:00:02,672.65,1104311
2021-06-22 10:00:10,672.5,1105138
2021-06-22 10:00:15,672.6,1105333
2021-06-22 10:00:19,672.5,1105519
2021-06-22 10:00:23,672.5,1107136
2021-06-22 10:00:28,672.45,1107394
2021-06-22 10:00:32,672.55,1107646
2021-06-22 10:00:37,672.4,1107961
2021-06-22 10:00:41,672.45,1108172
2021-06-22 10:00:45,672.5,1108308
2021-06-22 10:00:49,672.5,1109126
2021-06-22 10:00:54,672.3,1109312
2021-06-22 10:00:58,672.25,1109385
2021-06-22 10:01:02,672.2,1109560
2021-06-22 10:01:06,672.45,1109668
2021-06-22 10:01:10,672.4,1109820
2021-06-22 10:01:15,672.4,1109877
2021-06-22 10:01:20,672.3,1110187
2021-06-22 10:01:24,672.2,1110314
2021-06-22 10:01:28,672.3,1110883
2021-06-22 10:01:33,672.2,1110972
2021-06-22 10:01:37,672.3,1111281
2021-06-22 10:01:41,672.25,1111336
2021-06-22 10:01:45,672.25,1111816
2021-06-22 10:01:50,672.25,1111913
2021-06-22 10:01:55,672.1,1113967
2021-06-22 10:01:59,672.0,1114200
2021-06-22 10:02:03,671.85,1125263
2021-06-22 10:02:08,671.85,1126386
2021-06-22 10:02:12,671.55,1129067
2021-06-22 10:02:17,671.4,1129317
2021-06-22 10:02:28,671.25,1131178
2021-06-22 10:02:32,671.2,1133190
2021-06-22 10:02:37,671.15,1134031
2021-06-22 10:02:42,671.15,1134852
2021-06-22 10:02:46,671.5,1137100
2021-06-22 10:02:51,671.3,1137564
2021-06-22 10:02:55,671.15,1138722
2021-06-22 10:03:00,671.15,1140397
2021-06-22 10:03:04,671.3,1140892
2021-06-22 10:03:09,671.15,1142050
2021-06-22 10:03:18,671.15,1143640
2021-06-22 10:03:22,671.3,1144204
2021-06-22 10:03:27,671.25,1144799
2021-06-22 10:03:32,671.35,1145252
2021-06-22 10:03:37,671.6,1145456
2021-06-22 10:03:42,671.5,1145579
2021-06-22 10:03:47,671.65,1146142
2021-06-22 10:03:51,671.35,1146456
2021-06-22 10:03:56,671.35,1146601
2021-06-22 10:04:01,671.55,1146855
2021-06-22 10:04:05,671.55,1147092
2021-06-22 10:04:09,671.55,1147209
2021-06-22 10:04:14,671.35,1147529
2021-06-22 10:04:19,671.75,1147870
2021-06-22 10:04:23,671.75,1148349
2021-06-22 10:04:27,671.7,1149157
2021-06-22 10:04:31,671.7,1149303
2021-06-22 10:04:36,671.5,1149668
2021-06-22 10:04:40,671.4,1149741
2021-06-22 10:04:45,671.4,1150012
2021-06-22 10:04:49,671.5,1150427
2021-06-22 10:04:53,671.6,1151048
2021-06-22 10:04:57,671.6,1151483
2021-06-22 10:05:01,671.6,1151705
2021-06-22 10:05:05,671.4,1151895
2021-06-22 10:05:09,671.4,1152250
2021-06-22 10:05:13,671.5,1152671
2021-06-22 10:05:22,671.45,1153472
2021-06-22 10:05:26,671.5,1154416
2021-06-22 10:05:31,671.5,1155662
2021-06-22 10:05:35,671.55,1156125
2021-06-22 10:05:40,671.4,1156335
2021-06-22 10:05:44,671.35,1156812
2021-06-22 10:05:48,671.55,1157052
2021-06-22 10:05:52,671.5,1157635
2021-06-22 10:05:59,671.35,1158625
2021-06-22 10:06:03,671.3,1158879
2021-06-22 10:06:07,671.0,1162745
2021-06-22 10:06:11,671.0,1164848
2021-06-22 10:06:16,671.0,1169153
2021-06-22 10:06:20,671.0,1171632
2021-06-22 10:06:25,671.0,1172389
2021-06-22 10:06:29,670.85,1175135
2021-06-22 10:06:33,670.75,1178304
2021-06-22 10:06:37,670.6,1179692
2021-06-22 10:06:39,670.85,1181895
2021-06-22 10:06:40,670.8,1182037
2021-06-22 10:06:41,670.5,1182044
2021-06-22 10:06:42,670.8,1182301
2021-06-22 10:06:43,670.8,1182324
2021-06-22 10:06:44,670.5,1182532
2021-06-22 10:06:45,670.8,1183125
2021-06-22 10:06:46,670.55,1183171
2021-06-22 10:06:47,670.8,1184222
2021-06-22 10:06:47,670.55,1184306
2021-06-22 10:06:48,670.45,1184523
2021-06-22 10:06:49,670.45,1184595
2021-06-22 10:06:50,670.45,1184743
2021-06-22 10:06:51,670.6,1184792
2021-06-22 10:06:52,670.5,1185004
2021-06-22 10:06:53,670.55,1185064
2021-06-22 10:06:54,670.6,1185080
2021-06-22 10:06:55,670.6,1185148
2021-06-22 10:06:56,670.55,1185453
2021-06-22 10:06:57,670.55,1185470
2021-06-22 10:06:58,670.6,1186470
2021-06-22 10:06:59,670.4,1186684
2021-06-22 10:07:00,670.4,1186905
2021-06-22 10:07:02,670.5,1189341
2021-06-22 10:07:03,670.6,1190640
2021-06-22 10:07:05,670.3,1191601
2021-06-22 10:07:06,670.25,1192415
2021-06-22 10:07:07,670.5,1192679
2021-06-22 10:07:08,670.6,1193011
2021-06-22 10:07:09,670.5,1193644
2021-06-22 10:07:10,670.5,1193802
2021-06-22 10:07:11,670.5,1194035
2021-06-22 10:07:12,670.55,1194512
2021-06-22 10:07:14,670.45,1194990
2021-06-22 10:07:15,670.45,1195084
2021-06-22 10:07:15,670.3,1195218
2021-06-22 10:07:16,670.5,1195258
2021-06-22 10:07:18,670.5,1195346
2021-06-22 10:07:19,670.5,1195437
2021-06-22 10:07:20,670.8,1195785
2021-06-22 10:07:21,670.45,1195847
2021-06-22 10:07:22,670.5,1195871
2021-06-22 10:07:23,670.5,1195910
2021-06-22 10:07:24,670.5,1195920
2021-06-22 10:07:25,670.55,1196061
2021-06-22 10:07:26,670.5,1196196
2021-06-22 10:07:27,670.75,1196235
2021-06-22 10:07:28,670.75,1196257
2021-06-22 10:07:29,670.8,1196318
2021-06-22 10:07:31,670.5,1196494
2021-06-22 10:07:31,670.5,1196538
2021-06-22 10:07:32,670.75,1196605
2021-06-22 10:07:34,670.5,1197377
2021-06-22 10:07:35,670.35,1197515
2021-06-22 10:07:36,670.4,1197799
2021-06-22 10:07:37,670.4,1197870
2021-06-22 10:07:38,670.75,1197958
2021-06-22 10:07:39,670.5,1197967
2021-06-22 10:07:40,670.5,1198170
2021-06-22 10:07:42,670.4,1200472
2021-06-22 10:07:43,670.35,1200499
2021-06-22 10:07:45,670.35,1200566
2021-06-22 10:07:46,670.35,1201464
2021-06-22 10:07:47,670.4,1201690
2021-06-22 10:07:50,670.35,1203733
2021-06-22 10:07:51,670.4,1204304
2021-06-22 10:07:51,670.7,1204653
2021-06-22 10:07:52,670.45,1204700
2021-06-22 10:07:54,670.75,1204822
2021-06-22 10:07:54,670.7,1204833
2021-06-22 10:07:55,670.45,1204834
2021-06-22 10:07:56,670.4,1205037
2021-06-22 10:07:57,670.4,1205087
2021-06-22 10:07:58,670.65,1205103
2021-06-22 10:07:59,670.4,1205185
2021-06-22 10:08:00,670.6,1205219
2021-06-22 10:08:01,670.6,1205245
2021-06-22 10:08:02,670.4,1205247
2021-06-22 10:08:05,670.6,1205297
2021-06-22 10:08:06,670.5,1205506
2021-06-22 10:08:07,670.4,1205558
2021-06-22 10:08:08,670.7,1209197
2021-06-22 10:08:09,670.4,1209373
2021-06-22 10:08:10,670.35,1209555
2021-06-22 10:08:11,670.4,1209727
2021-06-22 10:08:12,670.4,1209766
2021-06-22 10:08:13,670.35,1210461
2021-06-22 10:08:16,670.4,1210902
2021-06-22 10:08:16,670.45,1211251
2021-06-22 10:08:18,670.45,1211312
2021-06-22 10:08:19,670.4,1211315
2021-06-22 10:08:20,670.4,1211396
2021-06-22 10:08:21,670.4,1211416
2021-06-22 10:08:22,670.4,1211463
2021-06-22 10:08:22,670.45,1211460
2021-06-22 10:08:23,670.45,1211576
2021-06-22 10:08:24,670.4,1211581
2021-06-22 10:08:25,670.4,1211591
2021-06-22 10:08:26,670.4,1211594
2021-06-22 10:08:27,670.4,1212133
2021-06-22 10:08:28,670.45,1212327
2021-06-22 10:08:29,670.4,1212499
2021-06-22 10:08:30,670.4,1212594
2021-06-22 10:08:31,670.4,1212782
2021-06-22 10:08:32,670.3,1212964
2021-06-22 10:08:34,670.4,1213063
2021-06-22 10:08:35,670.4,1213366
2021-06-22 10:08:36,670.3,1213381
2021-06-22 10:08:37,670.4,1213402
2021-06-22 10:08:38,670.3,1213484
2021-06-22 10:08:39,670.4,1213611
2021-06-22 10:08:42,670.4,1215604
2021-06-22 10:08:43,670.4,1215738
2021-06-22 10:08:44,670.3,1215744
2021-06-22 10:08:44,670.3,1215767
2021-06-22 10:08:45,670.35,1215872
2021-06-22 10:08:46,670.4,1215948
2021-06-22 10:08:47,670.35,1216085
2021-06-22 10:08:48,670.3,1216118
2021-06-22 10:08:49,670.35,1216126
2021-06-22 10:08:50,670.3,1216967
2021-06-22 10:08:51,670.25,1217593
2021-06-22 10:08:52,670.1,1218219
2021-06-22 10:08:53,670.1,1219148
2021-06-22 10:08:54,669.85,1235890
2021-06-22 10:08:55,669.75,1236365
2021-06-22 10:08:56,669.75,1237120
2021-06-22 10:08:57,669.6,1237679
2021-06-22 10:08:58,669.75,1240823
2021-06-22 10:09:00,669.6,1241368
2021-06-22 10:09:01,669.45,1241831
2021-06-22 10:09:02,669.45,1242182
2021-06-22 10:09:04,669.45,1244190
2021-06-22 10:09:05,669.45,1247957
2021-06-22 10:09:06,669.45,1249295
2021-06-22 10:09:08,669.6,1251979
2021-06-22 10:09:09,669.5,1252004
2021-06-22 10:09:09,669.5,1252130
2021-06-22 10:09:11,669.5,1253394
2021-06-22 10:09:11,669.3,1253496
2021-06-22 10:09:12,669.25,1253639
2021-06-22 10:09:13,669.5,1254605
2021-06-22 10:09:14,669.3,1255576
2021-06-22 10:09:15,669.5,1255918
2021-06-22 10:09:16,669.3,1256137
2021-06-22 10:09:17,669.5,1259072
2021-06-22 10:09:18,669.25,1259425
2021-06-22 10:09:19,669.3,1260710
2021-06-22 10:09:20,669.3,1261605
2021-06-22 10:09:21,669.3,1261843
2021-06-22 10:09:24,669.5,1262604
2021-06-22 10:09:25,669.5,1262622
2021-06-22 10:09:26,669.5,1263473
2021-06-22 10:09:27,669.5,1263596
2021-06-22 10:09:28,669.3,1263780
2021-06-22 10:09:30,669.85,1264865
2021-06-22 10:09:30,669.45,1264919
2021-06-22 10:09:31,669.5,1264983
2021-06-22 10:09:32,669.7,1265009
2021-06-22 10:09:33,669.5,1265035
2021-06-22 10:09:34,669.5,1265060
2021-06-22 10:09:35,669.85,1265885
2021-06-22 10:09:37,669.7,1266722
2021-06-22 10:09:37,669.5,1266444
2021-06-22 10:09:38,669.5,1267236
2021-06-22 10:09:39,669.45,1267374
2021-06-22 10:09:40,669.45,1267420
2021-06-22 10:09:41,669.45,1267622
2021-06-22 10:09:43,669.75,1267992
2021-06-22 10:09:44,669.85,1268525
2021-06-22 10:09:45,669.55,1268641
2021-06-22 10:09:46,669.8,1268674
2021-06-22 10:09:47,669.75,1268781
2021-06-22 10:09:48,669.75,1269310
2021-06-22 10:09:49,669.75,1269572
2021-06-22 10:09:50,669.75,1269689
2021-06-22 10:09:51,669.75,1269717
2021-06-22 10:09:51,669.6,1269718
2021-06-22 10:09:52,669.6,1269718
2021-06-22 10:09:53,669.75,1270734
2021-06-22 10:09:56,669.7,1271972
2021-06-22 10:09:57,669.85,1272137
2021-06-22 10:09:58,669.85,1272152
2021-06-22 10:09:59,669.75,1272153
2021-06-22 10:10:01,669.85,1272669
2021-06-22 10:10:03,669.75,1273635
2021-06-22 10:10:04,669.7,1273676
2021-06-22 10:10:05,669.75,1274361
2021-06-22 10:10:06,669.55,1274495
2021-06-22 10:10:07,669.5,1278746
2021-06-22 10:10:09,669.5,1279622
2021-06-22 10:10:09,669.5,1279856
2021-06-22 10:10:10,669.65,1280860
2021-06-22 10:10:11,669.5,1281007
2021-06-22 10:10:12,669.5,1281044
2021-06-22 10:10:13,669.65,1281215
2021-06-22 10:10:14,669.65,1281243
2021-06-22 10:10:16,669.55,1281653
2021-06-22 10:10:17,669.65,1281855
2021-06-22 10:10:18,669.65,1281979
2021-06-22 10:10:19,669.75,1282315
2021-06-22 10:10:19,669.75,1282387
2021-06-22 10:10:21,670.0,1282747
2021-06-22 10:10:22,669.85,1282765
2021-06-22 10:10:22,669.75,1282792
2021-06-22 10:10:23,670.0,1282974
2021-06-22 10:10:25,670.0,1283418
2021-06-22 10:10:26,669.75,1283447
2021-06-22 10:10:29,669.75,1283653
2021-06-22 10:10:30,669.75,1284192
2021-06-22 10:10:31,669.75,1284316
2021-06-22 10:10:33,669.75,1284462
2021-06-22 10:10:34,669.95,1284473
2021-06-22 10:10:35,669.95,1284499
2021-06-22 10:10:36,669.95,1284510
2021-06-22 10:10:37,669.75,1284536
2021-06-22 10:10:37,669.95,1284592
2021-06-22 10:10:38,669.95,1285691
2021-06-22 10:10:41,669.75,1286254
2021-06-22 10:10:41,669.75,1286279
2021-06-22 10:10:42,670.0,1286290
2021-06-22 10:10:43,670.0,1286914
2021-06-22 10:10:44,669.75,1286945
2021-06-22 10:10:45,670.0,1286958
2021-06-22 10:10:47,670.0,1287558
2021-06-22 10:10:48,669.75,1287591
2021-06-22 10:10:49,669.6,1287812
2021-06-22 10:10:50,669.6,1288064
2021-06-22 10:10:51,669.9,1288722
2021-06-22 10:10:51,669.6,1288755
2021-06-22 10:10:52,669.85,1289283
2021-06-22 10:10:53,669.55,1289515
2021-06-22 10:10:54,669.6,1289573
2021-06-22 10:10:55,669.8,1289617
2021-06-22 10:10:56,669.65,1289736
2021-06-22 10:10:58,669.65,1289902
2021-06-22 10:11:01,669.5,1290455
2021-06-22 10:11:02,669.8,1290524
2021-06-22 10:11:03,669.5,1290578
2021-06-22 10:11:04,669.7,1290749
2021-06-22 10:11:05,669.55,1291052
2021-06-22 10:11:06,669.55,1291098
2021-06-22 10:11:07,669.5,1291250
2021-06-22 10:11:08,669.7,1291305
2021-06-22 10:11:08,669.7,1291359
2021-06-22 10:11:10,669.75,1291433
2021-06-22 10:11:11,669.5,1291462
2021-06-22 10:11:12,669.8,1291570
2021-06-22 10:11:13,669.8,1291618
2021-06-22 10:11:13,669.7,1291621
2021-06-22 10:11:14,669.85,1291641
2021-06-22 10:11:15,669.85,1291652
2021-06-22 10:11:16,669.85,1291652
2021-06-22 10:11:18,669.8,1292321
2021-06-22 10:11:22,669.75,1293550
2021-06-22 10:11:23,669.75,1293662
2021-06-22 10:11:24,669.55,1293700
2021-06-22 10:11:26,669.6,1294295
2021-06-22 10:11:28,669.55,1294568
2021-06-22 10:11:28,669.6,1294638
2021-06-22 10:11:29,669.6,1294656
2021-06-22 10:11:30,669.8,1294885
2021-06-22 10:11:31,669.6,1294896
2021-06-22 10:11:32,669.8,1294949
2021-06-22 10:11:33,669.85,1295152
2021-06-22 10:11:34,669.6,1295217
2021-06-22 10:11:35,669.95,1295494
2021-06-22 10:11:36,669.95,1295635
2021-06-22 10:11:37,669.65,1295642
2021-06-22 10:11:38,669.95,1295701
2021-06-22 10:11:39,669.65,1295704
2021-06-22 10:11:40,669.65,1295707
2021-06-22 10:11:41,669.8,1295977
2021-06-22 10:11:42,669.6,1296435
2021-06-22 10:11:43,669.6,1296509
2021-06-22 10:11:44,669.6,1296563
2021-06-22 10:11:46,669.6,1296701
2021-06-22 10:11:47,669.55,1296884
2021-06-22 10:11:48,669.85,1297031
2021-06-22 10:11:50,669.85,1297340
2021-06-22 10:11:51,669.85,1297356
2021-06-22 10:11:52,669.7,1297357
2021-06-22 10:11:54,669.7,1297397
2021-06-22 10:11:55,669.7,1297464
2021-06-22 10:11:56,669.7,1297484
2021-06-22 10:11:57,669.65,1297630
2021-06-22 10:11:58,669.85,1298011
2021-06-22 10:11:59,669.85,1298089
2021-06-22 10:11:59,669.75,1298093
2021-06-22 10:12:00,669.75,1298095
2021-06-22 10:12:02,669.7,1298125
2021-06-22 10:12:02,669.7,1298133
2021-06-22 10:12:04,669.7,1298203
2021-06-22 10:12:05,669.7,1298237
2021-06-22 10:12:06,669.9,1298726
2021-06-22 10:12:07,669.9,1298950
2021-06-22 10:12:08,669.75,1298961
2021-06-22 10:12:09,669.75,1298964
2021-06-22 10:12:10,669.75,1298965
2021-06-22 10:12:11,669.65,1299300
2021-06-22 10:12:12,669.65,1299448
2021-06-22 10:12:13,669.7,1299928
2021-06-22 10:12:14,669.9,1300053
2021-06-22 10:12:15,669.9,1300081
2021-06-22 10:12:17,669.9,1300233
2021-06-22 10:12:18,669.9,1304319
2021-06-22 10:12:19,669.95,1305723
2021-06-22 10:12:19,669.8,1305843
2021-06-22 10:12:21,669.8,1305855
2021-06-22 10:12:22,669.8,1305857
2021-06-22 10:12:23,669.8,1305857
2021-06-22 10:12:24,669.75,1305897
2021-06-22 10:12:25,669.75,1305958
2021-06-22 10:12:26,669.95,1306240
2021-06-22 10:12:28,669.85,1306463
2021-06-22 10:12:29,669.7,1306971
2021-06-22 10:12:30,669.85,1307103
2021-06-22 10:12:31,669.7,1307265
2021-06-22 10:12:32,669.7,1307305
2021-06-22 10:12:33,669.7,1307315
2021-06-22 10:12:34,669.95,1307571
2021-06-22 10:12:35,669.8,1307808
2021-06-22 10:12:36,669.95,1307872
2021-06-22 10:12:37,669.8,1307875
2021-06-22 10:12:39,669.95,1307876
2021-06-22 10:12:40,670.0,1307976
2021-06-22 10:12:41,669.95,1307981
2021-06-22 10:12:42,669.95,1308577
2021-06-22 10:12:43,669.95,1308727
2021-06-22 10:12:44,670.0,1308892
2021-06-22 10:12:45,670.0,1308933
2021-06-22 10:12:46,670.0,1308943
2021-06-22 10:12:47,670.05,1308949
2021-06-22 10:12:48,670.0,1309299
2021-06-22 10:12:49,670.0,1309386
2021-06-22 10:12:51,670.0,1309778
2021-06-22 10:12:52,670.0,1309783
2021-06-22 10:12:53,670.1,1309805
2021-06-22 10:12:54,670.05,1309881
2021-06-22 10:12:55,670.1,1309950
2021-06-22 10:12:56,670.0,1310029
2021-06-22 10:12:57,670.1,1310509
2021-06-22 10:12:58,670.1,1310733
2021-06-22 10:12:59,670.1,1310769
2021-06-22 10:13:00,670.0,1310771
2021-06-22 10:13:01,670.0,1310777
2021-06-22 10:13:02,670.1,1310850
2021-06-22 10:13:03,670.0,1310940
2021-06-22 10:13:04,670.0,1311072
2021-06-22 10:13:05,670.1,1311213
2021-06-22 10:13:06,670.0,1311220
2021-06-22 10:13:07,670.1,1311231
2021-06-22 10:13:08,670.1,1311290
2021-06-22 10:13:09,670.1,1311565
2021-06-22 10:13:11,670.1,1311615
2021-06-22 10:13:12,670.0,1311617
2021-06-22 10:13:13,670.15,1311822
2021-06-22 10:13:14,670.15,1311863
2021-06-22 10:13:15,670.15,1311866
2021-06-22 10:13:16,670.1,1311867
2021-06-22 10:13:18,670.15,1311879
2021-06-22 10:13:19,670.2,1313052
2021-06-22 10:13:20,670.3,1313914
2021-06-22 10:13:21,670.05,1313958
2021-06-22 10:13:22,670.3,1313976
2021-06-22 10:13:23,670.3,1313976
2021-06-22 10:13:24,670.1,1314156
2021-06-22 10:13:25,670.1,1314371
2021-06-22 10:13:26,670.05,1314424
2021-06-22 10:13:27,670.05,1314437
2021-06-22 10:13:28,670.05,1314444
2021-06-22 10:13:29,670.15,1314445
2021-06-22 10:13:30,670.25,1315380
2021-06-22 10:13:31,670.15,1315624
2021-06-22 10:13:32,670.1,1315696
2021-06-22 10:13:33,670.45,1315815
2021-06-22 10:13:34,670.15,1315820
2021-06-22 10:13:35,670.15,1315822
2021-06-22 10:13:36,670.3,1315823
2021-06-22 10:13:38,670.3,1315881
2021-06-22 10:13:39,670.3,1315891
2021-06-22 10:13:40,670.45,1315894
2021-06-22 10:13:41,670.45,1315894
2021-06-22 10:13:42,670.6,1315994
2021-06-22 10:13:44,670.6,1316002
2021-06-22 10:13:47,670.65,1316229
2021-06-22 10:13:48,670.4,1316320
2021-06-22 10:13:49,670.6,1316357
2021-06-22 10:13:50,670.35,1316359
2021-06-22 10:13:51,670.65,1316755
2021-06-22 10:13:52,670.65,1316854
2021-06-22 10:13:53,670.4,1317162
2021-06-22 10:13:54,670.55,1317241
2021-06-22 10:13:55,670.55,1317261
2021-06-22 10:13:56,670.55,1317288
2021-06-22 10:13:57,670.65,1317320
2021-06-22 10:13:58,670.65,1317343
2021-06-22 10:13:59,670.75,1317381
2021-06-22 10:14:00,670.75,1317433
2021-06-22 10:14:01,670.75,1317437
2021-06-22 10:14:02,670.75,1317442
2021-06-22 10:14:03,670.75,1317627
2021-06-22 10:14:04,670.7,1317742
2021-06-22 10:14:05,670.7,1317770
2021-06-22 10:14:06,670.7,1317778
2021-06-22 10:14:07,670.65,1317847
2021-06-22 10:14:08,670.65,1317865
2021-06-22 10:14:09,670.7,1317970
2021-06-22 10:14:10,670.7,1317996
2021-06-22 10:14:11,670.9,1318202
2021-06-22 10:14:12,670.9,1318312
2021-06-22 10:14:13,670.9,1318328
2021-06-22 10:14:14,670.9,1318429
2021-06-22 10:14:15,670.7,1318444
2021-06-22 10:14:16,670.7,1318639
2021-06-22 10:14:17,670.7,1318747
2021-06-22 10:14:18,670.65,1318753
2021-06-22 10:14:19,670.65,1318878
2021-06-22 10:14:20,670.7,1318943
2021-06-22 10:14:21,670.7,1319058
2021-06-22 10:14:22,670.9,1319147
2021-06-22 10:14:23,670.9,1319166
2021-06-22 10:14:24,670.9,1319247
2021-06-22 10:14:25,670.7,1319251
2021-06-22 10:14:26,670.9,1319254
2021-06-22 10:14:27,670.7,1319291
2021-06-22 10:14:28,670.7,1319343
2021-06-22 10:14:29,670.9,1319379
2021-06-22 10:14:30,670.9,1319399
2021-06-22 10:14:32,670.75,1319825
2021-06-22 10:14:33,670.7,1319947
2021-06-22 10:14:34,670.9,1320063
2021-06-22 10:14:35,670.7,1320068
2021-06-22 10:14:36,670.7,1320070
2021-06-22 10:14:38,670.9,1320179
2021-06-22 10:14:40,670.75,1320340
2021-06-22 10:14:41,670.75,1320455
2021-06-22 10:14:42,670.7,1320634
2021-06-22 10:14:43,670.75,1320679
2021-06-22 10:14:44,670.9,1320690
2021-06-22 10:14:45,670.9,1320697
2021-06-22 10:14:46,670.95,1320703
2021-06-22 10:14:47,670.9,1320709
2021-06-22 10:14:48,670.75,1320759
2021-06-22 10:14:49,670.95,1320886
2021-06-22 10:14:50,670.95,1321153
2021-06-22 10:14:51,670.95,1321168
2021-06-22 10:14:52,670.7,1321469
2021-06-22 10:14:53,670.7,1321545
2021-06-22 10:14:55,670.95,1321603
2021-06-22 10:14:54,670.75,1321564
2021-06-22 10:14:56,670.75,1321658
2021-06-22 10:14:57,670.75,1321693
2021-06-22 10:14:58,670.75,1321707
2021-06-22 10:14:59,670.85,1321712
2021-06-22 10:15:00,670.8,1321720
2021-06-22 10:15:01,670.9,1322324
2021-06-22 10:15:02,670.8,1322355
2021-06-22 10:15:03,670.8,1322363
2021-06-22 10:15:04,670.9,1322376
2021-06-22 10:15:05,670.75,1322920
2021-06-22 10:15:06,670.9,1323130
2021-06-22 10:15:07,670.9,1323482
2021-06-22 10:15:08,670.75,1323523
2021-06-22 10:15:09,670.75,1323583
2021-06-22 10:15:10,670.75,1323598
2021-06-22 10:15:11,670.9,1323645
2021-06-22 10:15:12,671.2,1325400
2021-06-22 10:15:13,670.9,1325927
2021-06-22 10:15:15,670.8,1325954
2021-06-22 10:15:15,670.75,1325955
2021-06-22 10:15:16,670.75,1326016
2021-06-22 10:15:17,670.9,1326046
2021-06-22 10:15:18,670.75,1326418
2021-06-22 10:15:19,670.75,1326615
2021-06-22 10:15:20,670.9,1326666
2021-06-22 10:15:21,670.9,1326687
2021-06-22 10:15:22,670.75,1326688
2021-06-22 10:15:23,670.75,1326796
2021-06-22 10:15:24,670.95,1326833
2021-06-22 10:15:25,670.75,1326835
2021-06-22 10:15:26,670.75,1327011
2021-06-22 10:15:27,670.75,1327055
2021-06-22 10:15:28,670.95,1327073
2021-06-22 10:15:29,670.75,1327225
2021-06-22 10:15:30,670.75,1327934
2021-06-22 10:15:31,671.05,1328363
2021-06-22 10:15:32,670.75,1328384
2021-06-22 10:15:33,671.05,1328419
2021-06-22 10:15:34,670.9,1328427
2021-06-22 10:15:35,670.8,1328428
2021-06-22 10:15:36,670.8,1328514
2021-06-22 10:15:37,670.9,1328537
2021-06-22 10:15:38,670.8,1328665
2021-06-22 10:15:39,671.05,1329099
2021-06-22 10:15:40,670.85,1329120
2021-06-22 10:15:41,671.0,1329235
2021-06-22 10:15:42,670.75,1329341
2021-06-22 10:15:43,670.75,1329367
2021-06-22 10:15:44,670.75,1329375
2021-06-22 10:15:45,671.0,1329664
2021-06-22 10:15:46,670.8,1329699
2021-06-22 10:15:47,670.9,1329954
2021-06-22 10:15:49,670.9,1329996
2021-06-22 10:15:49,670.75,1329998
2021-06-22 10:15:50,670.9,1330098
2021-06-22 10:15:51,670.75,1330226
2021-06-22 10:15:52,670.9,1330400
2021-06-22 10:15:53,670.75,1330441
2021-06-22 10:15:54,670.75,1330457
2021-06-22 10:15:55,670.75,1330503
2021-06-22 10:15:56,670.75,1330514
2021-06-22 10:15:57,670.75,1330563
2021-06-22 10:15:58,670.8,1330609
2021-06-22 10:15:59,670.85,1330640
2021-06-22 10:16:00,670.9,1330729
2021-06-22 10:16:01,671.0,1330988
2021-06-22 10:16:02,670.85,1331001
2021-06-22 10:16:03,671.05,1331164
2021-06-22 10:16:04,670.85,1331168
2021-06-22 10:16:05,670.85,1331200
2021-06-22 10:16:06,671.0,1331210
2021-06-22 10:16:07,670.85,1331272
2021-06-22 10:16:08,671.0,1331310
2021-06-22 10:16:10,670.85,1331520
2021-06-22 10:16:10,671.05,1331510
2021-06-22 10:16:11,670.95,1331529
2021-06-22 10:16:12,671.05,1331630
2021-06-22 10:16:13,670.9,1331690
2021-06-22 10:16:14,670.9,1331695
2021-06-22 10:16:16,670.8,1332066
2021-06-22 10:16:18,671.05,1332228
2021-06-22 10:16:19,670.85,1332284
2021-06-22 10:16:21,670.85,1332302
2021-06-22 10:16:22,670.85,1332302
2021-06-22 10:16:24,670.9,1332307
2021-06-22 10:16:25,670.8,1332357
2021-06-22 10:16:26,670.95,1332676
2021-06-22 10:16:27,670.95,1332713
2021-06-22 10:16:28,670.95,1332766
2021-06-22 10:16:29,670.85,1332769
2021-06-22 10:16:30,670.95,1333170
2021-06-22 10:16:31,670.95,1333290
2021-06-22 10:16:32,671.0,1334147
2021-06-22 10:16:33,670.9,1334171
2021-06-22 10:16:34,670.85,1334172
2021-06-22 10:16:35,671.0,1334207
2021-06-22 10:16:38,671.15,1334770
2021-06-22 10:16:38,670.85,1334798
2021-06-22 10:16:39,670.85,1334804
2021-06-22 10:16:40,670.95,1334827
2021-06-22 10:16:41,670.85,1334908
2021-06-22 10:16:42,670.85,1334928
2021-06-22 10:16:43,670.85,1335012
2021-06-22 10:16:44,671.05,1335146
2021-06-22 10:16:45,671.05,1335174
2021-06-22 10:16:46,670.8,1335175
2021-06-22 10:16:47,671.05,1335182
2021-06-22 10:16:48,671.0,1335183
2021-06-22 10:16:50,671.0,1335210
2021-06-22 10:16:51,671.0,1335223
2021-06-22 10:16:52,671.15,1335296
2021-06-22 10:16:53,671.0,1335299
2021-06-22 10:16:53,671.0,1335301
2021-06-22 10:16:54,671.15,1335833
2021-06-22 10:16:55,670.85,1335860
2021-06-22 10:16:56,671.15,1335982
2021-06-22 10:16:57,671.15,1336053
2021-06-22 10:16:58,670.85,1336107
2021-06-22 10:16:59,670.85,1336130
2021-06-22 10:17:00,670.85,1336189
2021-06-22 10:17:01,671.15,1336317
2021-06-22 10:17:02,670.8,1336347
2021-06-22 10:17:04,671.0,1336507
2021-06-22 10:17:05,670.8,1336515
2021-06-22 10:17:06,670.85,1336518
2021-06-22 10:17:07,670.9,1336521
2021-06-22 10:17:07,670.8,1336622
2021-06-22 10:17:09,670.9,1336747
2021-06-22 10:17:10,670.8,1336785
2021-06-22 10:17:11,670.8,1336893
2021-06-22 10:17:11,670.8,1336871
2021-06-22 10:17:12,670.8,1336920
2021-06-22 10:17:13,670.95,1337080
2021-06-22 10:17:14,670.8,1337095
2021-06-22 10:17:15,670.8,1337099
2021-06-22 10:17:16,670.8,1337100
2021-06-22 10:17:17,670.95,1337117
2021-06-22 10:17:18,670.8,1337131
2021-06-22 10:17:19,670.8,1337135
2021-06-22 10:17:21,670.95,1337161
2021-06-22 10:17:22,670.9,1337162
2021-06-22 10:17:23,670.9,1337165
2021-06-22 10:17:24,670.85,1337166
2021-06-22 10:17:25,670.9,1337172
2021-06-22 10:17:27,670.85,1337216
2021-06-22 10:17:27,670.9,1337230
2021-06-22 10:17:28,670.85,1337234
2021-06-22 10:17:30,670.85,1337235
2021-06-22 10:17:31,670.8,1337436
2021-06-22 10:17:32,670.8,1337486
2021-06-22 10:17:32,670.8,1337498
2021-06-22 10:17:33,670.9,1337620
2021-06-22 10:17:34,670.8,1337626
2021-06-22 10:17:35,670.8,1337627
2021-06-22 10:17:36,670.8,1337677
2021-06-22 10:17:38,670.85,1337690
2021-06-22 10:17:39,670.85,1337718
2021-06-22 10:17:40,671.05,1338894
2021-06-22 10:17:41,671.05,1339003
2021-06-22 10:17:42,671.05,1339163
2021-06-22 10:17:45,671.05,1340824
2021-06-22 10:17:47,670.8,1341196
2021-06-22 10:17:48,670.95,1341295
2021-06-22 10:17:49,670.8,1341300
2021-06-22 10:17:50,670.85,1341358
2021-06-22 10:17:51,670.8,1341361
2021-06-22 10:17:52,670.85,1341561
2021-06-22 10:17:53,670.85,1341681
2021-06-22 10:17:54,670.8,1341687
2021-06-22 10:17:54,670.85,1341700
2021-06-22 10:17:55,670.8,1341912
2021-06-22 10:17:57,670.8,1342076
2021-06-22 10:17:58,670.95,1342182
2021-06-22 10:17:59,670.9,1342191
2021-06-22 10:18:00,670.9,1342191
2021-06-22 10:18:01,670.8,1342591
2021-06-22 10:18:02,670.8,1342831
2021-06-22 10:18:05,670.85,1343022
2021-06-22 10:18:06,670.85,1343029
2021-06-22 10:18:07,670.8,1343030
2021-06-22 10:18:09,670.8,1343692
2021-06-22 10:18:10,670.8,1343776
2021-06-22 10:18:12,670.8,1343805
2021-06-22 10:18:13,671.0,1343819
2021-06-22 10:18:13,670.8,1343812
2021-06-22 10:18:14,671.0,1343819
2021-06-22 10:18:15,670.85,1343829
2021-06-22 10:18:16,670.95,1343842
2021-06-22 10:18:17,670.95,1343955
2021-06-22 10:18:19,670.85,1344001
2021-06-22 10:18:20,670.85,1344014
2021-06-22 10:18:21,670.95,1344037
2021-06-22 10:18:22,670.9,1344041
2021-06-22 10:18:23,670.9,1344062
2021-06-22 10:18:24,670.85,1344063
2021-06-22 10:18:26,670.85,1344096
2021-06-22 10:18:28,670.85,1344118
2021-06-22 10:18:29,670.85,1344139
2021-06-22 10:18:29,670.85,1344144
2021-06-22 10:18:31,670.9,1344150
2021-06-22 10:18:31,670.9,1344168
2021-06-22 10:18:32,671.0,1344679
2021-06-22 10:18:33,670.85,1344731
2021-06-22 10:18:34,671.0,1344956
2021-06-22 10:18:37,671.0,1344990
2021-06-22 10:18:38,670.95,1345074
2021-06-22 10:18:39,670.95,1345111
2021-06-22 10:18:40,670.9,1345163
2021-06-22 10:18:41,670.9,1345176
2021-06-22 10:18:42,670.9,1345180
2021-06-22 10:18:43,670.9,1345183
2021-06-22 10:18:43,670.9,1345200
2021-06-22 10:18:45,670.85,1345566
2021-06-22 10:18:46,670.85,1345663
2021-06-22 10:18:47,670.85,1345665
2021-06-22 10:18:48,670.8,1345666
2021-06-22 10:18:49,670.8,1345677
2021-06-22 10:18:50,670.8,1345712
2021-06-22 10:18:52,670.9,1345833
2021-06-22 10:18:53,670.8,1345864
2021-06-22 10:18:54,670.8,1345872
2021-06-22 10:18:56,670.8,1346180
2021-06-22 10:18:57,670.8,1346260
2021-06-22 10:18:58,670.8,1346604
2021-06-22 10:18:59,670.8,1346689
2021-06-22 10:19:00,670.8,1346710
2021-06-22 10:19:01,670.9,1346718
2021-06-22 10:19:01,670.8,1346719
2021-06-22 10:19:02,670.9,1346724
2021-06-22 10:19:03,670.9,1346724
2021-06-22 10:19:05,670.8,1347318
2021-06-22 10:19:06,670.8,1347467
2021-06-22 10:19:07,670.85,1347515
2021-06-22 10:19:07,670.8,1347518
2021-06-22 10:19:08,670.8,1347682
2021-06-22 10:19:09,670.8,1347723
2021-06-22 10:19:10,670.8,1347731
2021-06-22 10:19:11,670.8,1347731
2021-06-22 10:19:13,670.5,1348915
2021-06-22 10:19:14,670.75,1349227
2021-06-22 10:19:15,670.5,1349242
2021-06-22 10:19:16,670.5,1349248
2021-06-22 10:19:17,670.5,1349301
2021-06-22 10:19:19,670.5,1349679
2021-06-22 10:19:19,670.5,1349770
2021-06-22 10:19:20,670.7,1349808
2021-06-22 10:19:21,670.5,1349811
2021-06-22 10:19:22,670.7,1349814
2021-06-22 10:19:23,670.5,1350274
2021-06-22 10:19:24,670.5,1350356
2021-06-22 10:19:25,670.35,1350560
2021-06-22 10:19:26,670.35,1350616
2021-06-22 10:19:27,670.35,1350630
2021-06-22 10:19:29,670.3,1350673
2021-06-22 10:19:30,670.3,1350699
2021-06-22 10:19:31,670.5,1350805
2021-06-22 10:19:32,670.3,1350811
2021-06-22 10:19:33,670.15,1351905
2021-06-22 10:19:34,670.25,1352179
2021-06-22 10:19:35,670.5,1352251
2021-06-22 10:19:36,670.35,1352277
2021-06-22 10:19:37,670.5,1352331
2021-06-22 10:19:37,670.35,1352334
2021-06-22 10:19:38,670.5,1352435
2021-06-22 10:19:39,670.5,1352744
2021-06-22 10:19:40,670.5,1352861
2021-06-22 10:19:41,670.5,1352891
2021-06-22 10:19:42,670.5,1352933
2021-06-22 10:19:43,670.5,1352943
2021-06-22 10:19:44,670.5,1352954
2021-06-22 10:19:45,670.4,1352955
2021-06-22 10:19:46,670.4,1352956
2021-06-22 10:19:47,670.4,1352956
2021-06-22 10:19:48,670.35,1352962
2021-06-22 10:19:49,670.35,1352963
2021-06-22 10:19:50,670.35,1352965
2021-06-22 10:19:52,670.2,1353492
2021-06-22 10:19:53,670.25,1353623
2021-06-22 10:19:55,670.25,1353665
2021-06-22 10:19:55,670.25,1353667
2021-06-22 10:19:56,670.5,1353672
2021-06-22 10:19:57,670.5,1353672
2021-06-22 10:19:58,670.25,1353682
2021-06-22 10:19:59,670.35,1353692
2021-06-22 10:20:00,670.2,1353703
2021-06-22 10:20:02,670.2,1353706
2021-06-22 10:20:03,670.35,1353717
2021-06-22 10:20:04,670.35,1353717
2021-06-22 10:20:04,670.35,1353717
2021-06-22 10:20:05,670.2,1353718
2021-06-22 10:20:07,670.35,1353818
2021-06-22 10:20:08,670.2,1353933
2021-06-22 10:20:08,670.25,1354085
2021-06-22 10:20:09,670.45,1354344
2021-06-22 10:20:10,670.25,1354361
2021-06-22 10:20:11,670.45,1354566
2021-06-22 10:20:12,670.45,1354591
2021-06-22 10:20:13,670.25,1354592
2021-06-22 10:20:15,670.25,1354643
2021-06-22 10:20:18,670.2,1355383
2021-06-22 10:20:19,670.25,1355538
2021-06-22 10:20:20,670.25,1355600
2021-06-22 10:20:20,670.25,1355587
2021-06-22 10:20:21,670.25,1355603
2021-06-22 10:20:23,670.25,1356080
2021-06-22 10:20:24,670.4,1356109
2021-06-22 10:20:25,670.2,1356155
2021-06-22 10:20:26,670.2,1356179
2021-06-22 10:20:27,670.25,1356188
2021-06-22 10:20:29,670.45,1356691
2021-06-22 10:20:31,670.25,1356716
2021-06-22 10:20:32,670.45,1356725
2021-06-22 10:20:33,670.2,1356730
2021-06-22 10:20:34,670.2,1356732
2021-06-22 10:20:35,670.45,1357108
2021-06-22 10:20:36,670.25,1357127
2021-06-22 10:20:37,670.25,1357133
2021-06-22 10:20:38,670.45,1357729
2021-06-22 10:20:40,670.3,1357759
2021-06-22 10:20:41,670.3,1357861
2021-06-22 10:20:42,670.3,1357887
2021-06-22 10:20:43,670.5,1359395
2021-06-22 10:20:45,670.45,1359484
2021-06-22 10:20:46,670.3,1359515
2021-06-22 10:20:47,670.45,1359524
2021-06-22 10:20:48,670.45,1359829
2021-06-22 10:20:49,670.35,1359858
2021-06-22 10:20:50,670.45,1359878
2021-06-22 10:20:51,670.4,1359879
2021-06-22 10:20:52,670.45,1360956
2021-06-22 10:20:54,670.7,1361434
2021-06-22 10:20:55,670.55,1361458
2021-06-22 10:20:56,670.55,1361464
2021-06-22 10:20:57,670.85,1361806
2021-06-22 10:20:58,670.85,1361838
2021-06-22 10:20:59,670.5,1361939
2021-06-22 10:21:00,670.6,1361992
2021-06-22 10:21:01,670.95,1366930
2021-06-22 10:21:01,670.6,1367136
2021-06-22 10:21:03,670.85,1367255
2021-06-22 10:21:05,670.65,1367320
2021-06-22 10:21:06,670.45,1367483
2021-06-22 10:21:07,670.45,1367601
2021-06-22 10:21:08,670.4,1367607
2021-06-22 10:21:12,670.4,1367861
2021-06-22 10:21:13,670.35,1367897
2021-06-22 10:21:15,670.35,1367906
2021-06-22 10:21:16,670.4,1368014
2021-06-22 10:21:17,670.5,1368734
2021-06-22 10:21:18,670.5,1368770
2021-06-22 10:21:19,670.5,1368924
2021-06-22 10:21:20,670.85,1369062
2021-06-22 10:21:21,670.55,1369069
2021-06-22 10:21:23,670.45,1369082
2021-06-22 10:21:25,670.5,1369093
2021-06-22 10:21:26,670.4,1369147
2021-06-22 10:21:27,670.35,1369191
2021-06-22 10:21:29,670.3,1370215
2021-06-22 10:21:30,670.6,1371196
2021-06-22 10:21:31,670.4,1371245
2021-06-22 10:21:32,670.3,1371258
2021-06-22 10:21:33,670.3,1371262
2021-06-22 10:21:34,670.3,1371263
2021-06-22 10:21:35,670.3,1371392
2021-06-22 10:21:36,670.3,1371449
2021-06-22 10:21:37,670.25,1371460
2021-06-22 10:21:38,670.25,1371463
2021-06-22 10:21:39,670.25,1371463
2021-06-22 10:21:40,670.3,1371468
2021-06-22 10:21:41,670.25,1371542
2021-06-22 10:21:42,670.25,1371676
2021-06-22 10:21:43,670.25,1371710
2021-06-22 10:21:44,670.3,1371720
2021-06-22 10:21:45,670.25,1371721
2021-06-22 10:21:46,670.25,1371721
2021-06-22 10:21:47,670.25,1371721
2021-06-22 10:21:48,670.25,1371747
2021-06-22 10:21:49,670.25,1371753
2021-06-22 10:21:50,670.4,1372057
2021-06-22 10:21:51,670.4,1372122
2021-06-22 10:21:52,670.25,1372165
2021-06-22 10:21:53,670.4,1372280
2021-06-22 10:21:54,670.25,1372291
2021-06-22 10:21:55,670.25,1372294
2021-06-22 10:21:56,670.25,1372349
2021-06-22 10:21:57,670.25,1372373
2021-06-22 10:21:58,670.25,1372422
2021-06-22 10:21:59,670.25,1372434
2021-06-22 10:22:00,670.25,1372438
2021-06-22 10:22:01,670.25,1372468
2021-06-22 10:22:02,670.4,1372534
2021-06-22 10:22:03,670.4,1372589
2021-06-22 10:22:04,670.25,1372693
2021-06-22 10:22:06,670.25,1372726
2021-06-22 10:22:07,670.25,1372727
2021-06-22 10:22:08,670.25,1372740
2021-06-22 10:22:09,670.3,1372752
2021-06-22 10:22:10,670.3,1372790
2021-06-22 10:22:11,670.3,1372799
