timestamp,ltp,volume
2021-06-22 09:16:45,1117.45,237787
2021-06-22 09:16:46,1117.2,240689
2021-06-22 09:16:47,1117.0,242811
2021-06-22 09:16:47,1117.75,243146
2021-06-22 09:16:48,1117.9,246478
2021-06-22 09:16:49,1117.8,248365
2021-06-22 09:16:50,1117.75,249821
2021-06-22 09:16:51,1118.4,252924
2021-06-22 09:16:52,1117.9,254934
2021-06-22 09:16:55,1118.3,258486
2021-06-22 09:16:56,1117.95,260264
2021-06-22 09:16:56,1118.25,261471
2021-06-22 09:16:57,1118.25,262185
2021-06-22 09:16:58,1117.7,264628
2021-06-22 09:16:59,1118.2,265923
2021-06-22 09:17:00,1118.5,270315
2021-06-22 09:17:01,1117.7,272259
2021-06-22 09:17:02,1118.35,275489
2021-06-22 09:17:03,1118.0,276757
2021-06-22 09:17:05,1118.5,279019
2021-06-22 09:17:06,1118.85,282564
2021-06-22 09:17:07,1118.3,286767
2021-06-22 09:17:07,1118.25,287091
2021-06-22 09:17:08,1118.25,287859
2021-06-22 09:17:09,1118.2,290929
2021-06-22 09:17:10,1118.0,293200
2021-06-22 09:17:11,1118.5,294557
2021-06-22 09:17:12,1118.1,299321
2021-06-22 09:17:13,1118.45,302512
2021-06-22 09:17:15,1118.0,304109
2021-06-22 09:17:16,1118.1,305413
2021-06-22 09:17:17,1118.2,306946
2021-06-22 09:17:18,1118.0,309530
2021-06-22 09:17:18,1118.05,308862
2021-06-22 09:17:19,1118.0,310956
2021-06-22 09:17:20,1118.25,312766
2021-06-22 09:17:21,1118.0,314512
2021-06-22 09:17:22,1118.05,314815
2021-06-22 09:17:24,1118.0,317940
2021-06-22 09:17:25,1118.3,323294
2021-06-22 09:17:26,1118.0,323877
2021-06-22 09:17:27,1118.0,330984
2021-06-22 09:17:27,1117.75,330839
2021-06-22 09:17:28,1118.0,332425
2021-06-22 09:17:29,1118.0,333265
2021-06-22 09:17:30,1117.9,336613
2021-06-22 09:17:32,1117.65,336908
2021-06-22 09:17:33,1117.3,338993
2021-06-22 09:17:34,1117.8,339608
2021-06-22 09:17:35,1117.85,339853
2021-06-22 09:17:36,1117.75,341294
2021-06-22 09:17:37,1117.65,341610
2021-06-22 09:17:38,1117.65,341921
2021-06-22 09:17:38,1117.8,342111
2021-06-22 09:17:40,1117.95,342550
2021-06-22 09:17:41,1117.3,344169
2021-06-22 09:17:42,1117.4,345035
2021-06-22 09:17:43,1117.8,345480
2021-06-22 09:17:44,1117.95,345802
2021-06-22 09:17:45,1117.85,346689
2021-06-22 09:17:46,1117.0,350350
2021-06-22 09:17:47,1117.1,351189
2021-06-22 09:17:47,1117.3,351134
2021-06-22 09:17:49,1117.35,351646
2021-06-22 09:17:50,1117.35,352017
2021-06-22 09:17:51,1117.8,352049
2021-06-22 09:17:52,1117.65,352512
2021-06-22 09:17:53,1117.9,353246
2021-06-22 09:17:54,1117.85,353714
2021-06-22 09:17:56,1117.35,360091
2021-06-22 09:17:57,1117.0,361799
2021-06-22 09:17:57,1116.55,365290
2021-06-22 09:17:59,1116.55,366547
2021-06-22 09:18:00,1117.0,367305
2021-06-22 09:18:01,1116.9,367547
2021-06-22 09:18:02,1116.85,367763
2021-06-22 09:18:03,1116.95,368173
2021-06-22 09:18:03,1116.95,368576
2021-06-22 09:18:06,1116.1,371530
2021-06-22 09:18:08,1116.0,373221
2021-06-22 09:18:09,1115.85,378024
2021-06-22 09:18:10,1115.5,379067
2021-06-22 09:18:11,1115.6,380441
2021-06-22 09:18:12,1115.05,381026
2021-06-22 09:18:13,1115.4,381706
2021-06-22 09:18:13,1115.0,381966
2021-06-22 09:18:18,1115.35,385252
2021-06-22 09:18:19,1115.15,385322
2021-06-22 09:18:21,1115.55,386589
2021-06-22 09:18:21,1116.1,389216
2021-06-22 09:18:22,1116.1,390573
2021-06-22 09:18:23,1115.65,391495
2021-06-22 09:18:25,1115.75,391687
2021-06-22 09:18:26,1115.85,391845
2021-06-22 09:18:27,1115.3,393918
2021-06-22 09:18:28,1116.2,394589
2021-06-22 09:18:29,1116.8,395124
2021-06-22 09:18:30,1116.3,395889
2021-06-22 09:18:31,1116.25,396347
2021-06-22 09:18:32,1115.45,400139
2021-06-22 09:18:32,1115.45,400189
2021-06-22 09:18:33,1115.65,400790
2021-06-22 09:18:34,1115.6,401924
2021-06-22 09:18:35,1115.65,402174
2021-06-22 09:18:37,1115.6,404267
2021-06-22 09:18:38,1115.5,405578
2021-06-22 09:18:39,1115.5,406760
2021-06-22 09:18:40,1115.15,407381
2021-06-22 09:18:41,1115.4,408198
2021-06-22 09:18:41,1115.5,408203
2021-06-22 09:18:42,1115.6,409337
2021-06-22 09:18:43,1115.1,409770
2021-06-22 09:18:45,1115.4,410376
2021-06-22 09:18:46,1115.0,414111
2021-06-22 09:18:47,1115.4,414580
2021-06-22 09:18:48,1115.45,414845
2021-06-22 09:18:49,1115.5,415992
2021-06-22 09:18:50,1115.35,416420
2021-06-22 09:18:50,1115.35,416420
2021-06-22 09:18:51,1115.75,417020
2021-06-22 09:18:52,1115.75,417528
2021-06-22 09:18:54,1115.3,418380
2021-06-22 09:18:55,1115.75,420594
2021-06-22 09:18:56,1115.4,420904
2021-06-22 09:18:57,1115.2,422003
2021-06-22 09:18:57,1115.7,422538
2021-06-22 09:18:59,1115.65,422990
2021-06-22 09:19:00,1115.3,424574
2021-06-22 09:19:01,1115.3,425029
2021-06-22 09:19:02,1115.35,425614
2021-06-22 09:19:03,1115.7,427710
2021-06-22 09:19:04,1115.6,428891
2021-06-22 09:19:05,1115.45,429922
2021-06-22 09:19:06,1115.3,430355
2021-06-22 09:19:07,1115.6,431052
2021-06-22 09:19:07,1115.0,431593
2021-06-22 09:19:08,1115.25,432258
2021-06-22 09:19:09,1115.15,433026
2021-06-22 09:19:10,1115.1,434729
2021-06-22 09:19:12,1115.7,435770
2021-06-22 09:19:12,1115.35,437678
2021-06-22 09:19:13,1115.6,437713
2021-06-22 09:19:15,1115.5,438592
2021-06-22 09:19:17,1115.5,439137
2021-06-22 09:19:18,1115.6,439241
2021-06-22 09:19:19,1115.6,439737
2021-06-22 09:19:20,1115.25,441434
2021-06-22 09:19:20,1115.25,441434
2021-06-22 09:19:21,1115.15,441881
2021-06-22 09:19:22,1115.9,443117
2021-06-22 09:19:23,1115.75,444162
2021-06-22 09:19:24,1115.9,444337
2021-06-22 09:19:25,1115.7,444452
2021-06-22 09:19:26,1115.75,444919
2021-06-22 09:19:27,1115.6,445110
2021-06-22 09:19:28,1115.7,445268
2021-06-22 09:19:29,1115.9,446201
2021-06-22 09:19:30,1115.75,446865
2021-06-22 09:19:31,1115.45,447247
2021-06-22 09:19:33,1115.6,447328
2021-06-22 09:19:34,1115.35,447456
2021-06-22 09:19:35,1115.6,448250
2021-06-22 09:19:36,1115.65,448391
2021-06-22 09:19:37,1114.8,456421
2021-06-22 09:19:38,1115.25,456582
2021-06-22 09:19:39,1115.5,458450
2021-06-22 09:19:41,1115.3,458848
2021-06-22 09:19:40,1115.3,458833
2021-06-22 09:19:42,1115.0,459008
2021-06-22 09:19:43,1114.7,460282
2021-06-22 09:19:44,1115.15,461673
2021-06-22 09:19:45,1114.85,462076
2021-06-22 09:19:46,1114.7,462630
2021-06-22 09:19:49,1113.75,488455
2021-06-22 09:19:48,1113.75,488455
2021-06-22 09:19:50,1113.7,488934
2021-06-22 09:19:51,1113.75,489918
2021-06-22 09:19:52,1113.3,491290
2021-06-22 09:19:53,1113.7,492867
2021-06-22 09:19:54,1113.65,493845
2021-06-22 09:19:55,1113.0,493970
2021-06-22 09:19:56,1113.2,495217
2021-06-22 09:19:58,1113.05,496976
2021-06-22 09:19:59,1113.1,497106
2021-06-22 09:20:00,1113.1,497661
2021-06-22 09:20:01,1113.25,499034
2021-06-22 09:20:02,1113.6,499961
2021-06-22 09:20:03,1113.45,502306
2021-06-22 09:20:04,1113.5,503449
2021-06-22 09:20:05,1113.55,503515
2021-06-22 09:20:06,1113.5,503782
2021-06-22 09:20:07,1113.35,504244
2021-06-22 09:20:08,1113.3,505068
2021-06-22 09:20:09,1113.5,505576
2021-06-22 09:20:10,1113.55,506492
2021-06-22 09:20:11,1113.75,508802
2021-06-22 09:20:12,1114.0,509239
2021-06-22 09:20:13,1114.5,510616
2021-06-22 09:20:14,1113.7,511583
2021-06-22 09:20:16,1113.85,512489
2021-06-22 09:20:17,1113.85,512489
2021-06-22 09:20:18,1114.0,512651
2021-06-22 09:20:19,1113.95,515355
2021-06-22 09:20:20,1113.75,516842
2021-06-22 09:20:21,1113.75,517380
2021-06-22 09:20:22,1113.75,517748
2021-06-22 09:20:23,1113.85,517773
2021-06-22 09:20:24,1113.0,535728
2021-06-22 09:20:25,1112.65,536130
2021-06-22 09:20:26,1113.0,537332
2021-06-22 09:20:27,1113.35,538456
2021-06-22 09:20:28,1113.35,539902
2021-06-22 09:20:29,1113.0,540345
2021-06-22 09:20:30,1113.1,541778
2021-06-22 09:20:31,1113.35,542174
2021-06-22 09:20:32,1113.65,543065
2021-06-22 09:20:33,1113.3,543070
2021-06-22 09:20:34,1113.3,544123
2021-06-22 09:20:35,1113.3,544196
2021-06-22 09:20:36,1113.6,544329
2021-06-22 09:20:37,1113.5,544743
2021-06-22 09:20:38,1113.65,545142
2021-06-22 09:20:39,1112.65,548235
2021-06-22 09:20:40,1113.6,550632
2021-06-22 09:20:41,1113.55,552232
2021-06-22 09:20:42,1113.0,553274
2021-06-22 09:20:43,1113.0,555018
2021-06-22 09:20:44,1113.6,555119
2021-06-22 09:20:45,1113.6,555273
2021-06-22 09:20:46,1113.5,555457
2021-06-22 09:20:47,1113.15,555493
2021-06-22 09:20:49,1113.35,555935
2021-06-22 09:20:50,1113.6,555990
2021-06-22 09:20:51,1113.35,557095
2021-06-22 09:20:52,1113.8,557436
2021-06-22 09:20:53,1113.75,557754
2021-06-22 09:20:54,1113.15,557966
2021-06-22 09:20:55,1113.75,558166
2021-06-22 09:20:57,1113.55,559700
2021-06-22 09:20:58,1113.0,570138
2021-06-22 09:20:59,1113.55,570298
2021-06-22 09:21:00,1113.45,570675
2021-06-22 09:21:01,1113.5,570914
2021-06-22 09:21:02,1113.6,571314
2021-06-22 09:21:03,1113.8,572196
2021-06-22 09:21:05,1113.6,573489
2021-06-22 09:21:06,1113.8,573579
2021-06-22 09:21:07,1114.5,576392
2021-06-22 09:21:08,1114.5,576911
2021-06-22 09:21:09,1114.9,577141
2021-06-22 09:21:10,1114.4,577242
2021-06-22 09:21:11,1114.8,577353
2021-06-22 09:21:12,1114.0,577596
2021-06-22 09:21:13,1113.8,577997
2021-06-22 09:21:14,1114.25,578303
2021-06-22 09:21:15,1114.5,578505
2021-06-22 09:21:16,1114.5,578547
2021-06-22 09:21:17,1114.1,578676
2021-06-22 09:21:18,1114.5,578736
2021-06-22 09:21:19,1114.55,578762
2021-06-22 09:21:20,1114.8,578902
2021-06-22 09:21:21,1114.35,579929
2021-06-22 09:21:22,1114.95,580165
2021-06-22 09:21:23,1114.5,580358
2021-06-22 09:21:24,1114.45,580528
2021-06-22 09:21:25,1114.55,581761
2021-06-22 09:21:26,1114.95,582229
2021-06-22 09:21:27,1114.8,582693
2021-06-22 09:21:28,1114.75,582779
2021-06-22 09:21:29,1114.55,583639
2021-06-22 09:21:30,1114.8,583870
2021-06-22 09:21:31,1114.8,583989
2021-06-22 09:21:32,1114.9,584105
2021-06-22 09:21:33,1114.85,584227
2021-06-22 09:21:34,1114.85,584227
2021-06-22 09:21:35,1114.9,584277
2021-06-22 09:21:36,1114.9,584648
2021-06-22 09:21:37,1114.9,585078
2021-06-22 09:21:38,1114.9,585422
2021-06-22 09:21:39,1114.85,585760
2021-06-22 09:21:40,1114.85,585985
2021-06-22 09:21:41,1114.85,586296
2021-06-22 09:21:44,1114.75,587279
2021-06-22 09:21:45,1114.75,596814
2021-06-22 09:21:45,1114.75,596814
2021-06-22 09:21:46,1114.6,597462
2021-06-22 09:21:47,1114.85,597622
2021-06-22 09:21:48,1114.6,597697
2021-06-22 09:21:50,1115.0,598743
2021-06-22 09:21:51,1115.0,598896
2021-06-22 09:21:52,1114.85,599227
2021-06-22 09:21:53,1115.3,599736
2021-06-22 09:21:54,1114.95,599813
2021-06-22 09:21:55,1115.45,600603
2021-06-22 09:21:56,1115.45,600663
2021-06-22 09:21:58,1115.05,601075
2021-06-22 09:21:58,1115.55,601277
2021-06-22 09:21:59,1116.0,612350
2021-06-22 09:22:00,1115.1,614665
2021-06-22 09:22:01,1115.5,615044
2021-06-22 09:22:02,1115.1,615613
2021-06-22 09:22:03,1115.0,615911
2021-06-22 09:22:04,1115.4,616142
2021-06-22 09:22:05,1115.55,616302
2021-06-22 09:22:07,1115.5,616490
2021-06-22 09:22:08,1115.5,617016
2021-06-22 09:22:09,1115.45,618253
2021-06-22 09:22:10,1115.0,619878
2021-06-22 09:22:11,1113.8,629102
2021-06-22 09:22:12,1113.95,632714
2021-06-22 09:22:13,1114.2,636497
2021-06-22 09:22:14,1113.7,636728
2021-06-22 09:22:15,1114.25,636768
2021-06-22 09:22:16,1114.3,636902
2021-06-22 09:22:17,1114.25,637400
2021-06-22 09:22:18,1114.0,637579
2021-06-22 09:22:19,1114.0,637580
2021-06-22 09:22:20,1114.4,638617
2021-06-22 09:22:22,1114.45,642854
2021-06-22 09:22:23,1114.1,643875
2021-06-22 09:22:23,1114.1,643875
2021-06-22 09:22:24,1114.25,645304
2021-06-22 09:22:25,1114.35,649219
2021-06-22 09:22:26,1114.0,649597
2021-06-22 09:22:27,1114.3,649667
2021-06-22 09:22:28,1114.3,650303
2021-06-22 09:22:29,1114.2,650459
2021-06-22 09:22:32,1113.95,651831
2021-06-22 09:22:33,1113.8,651983
2021-06-22 09:22:34,1114.2,652261
2021-06-22 09:22:35,1114.25,652333
2021-06-22 09:22:36,1114.0,653549
2021-06-22 09:22:37,1114.3,654254
2021-06-22 09:22:38,1114.4,654960
2021-06-22 09:22:39,1114.3,657322
2021-06-22 09:22:40,1114.4,657468
2021-06-22 09:22:41,1115.0,659836
2021-06-22 09:22:43,1114.95,660448
2021-06-22 09:22:43,1114.95,660448
2021-06-22 09:22:44,1115.45,660710
2021-06-22 09:22:45,1115.25,661568
2021-06-22 09:22:46,1115.2,661676
2021-06-22 09:22:47,1115.25,661849
2021-06-22 09:22:48,1115.2,664040
2021-06-22 09:22:49,1115.45,664287
2021-06-22 09:22:50,1115.7,664611
2021-06-22 09:22:51,1115.8,664882
2021-06-22 09:22:52,1115.75,665146
2021-06-22 09:22:53,1115.75,665395
2021-06-22 09:22:54,1115.35,669402
2021-06-22 09:22:55,1115.4,671072
2021-06-22 09:22:56,1115.9,671398
2021-06-22 09:22:57,1116.25,675379
2021-06-22 09:22:58,1116.85,675933
2021-06-22 09:22:59,1116.45,678964
2021-06-22 09:23:00,1116.3,679001
2021-06-22 09:23:01,1116.65,679846
2021-06-22 09:23:02,1116.45,680077
2021-06-22 09:23:03,1116.6,680373
2021-06-22 09:23:04,1116.55,681435
2021-06-22 09:23:05,1116.5,681568
2021-06-22 09:23:06,1116.55,681683
2021-06-22 09:23:08,1116.95,682444
2021-06-22 09:23:09,1116.95,682528
2021-06-22 09:23:10,1116.45,683571
2021-06-22 09:23:11,1116.9,684712
2021-06-22 09:23:13,1116.25,685121
2021-06-22 09:23:14,1116.45,685206
2021-06-22 09:23:15,1116.3,687644
2021-06-22 09:23:16,1116.5,689685
2021-06-22 09:23:16,1116.5,689735
2021-06-22 09:23:17,1116.25,690294
2021-06-22 09:23:18,1116.5,691058
2021-06-22 09:23:19,1116.85,691332
2021-06-22 09:23:20,1116.5,691648
2021-06-22 09:23:21,1116.45,692419
2021-06-22 09:23:22,1116.95,693712
2021-06-22 09:23:23,1115.9,698030
2021-06-22 09:23:24,1115.95,698050
2021-06-22 09:23:25,1115.95,698385
2021-06-22 09:23:26,1115.9,698395
2021-06-22 09:23:27,1116.35,699099
2021-06-22 09:23:28,1115.5,702546
2021-06-22 09:23:29,1115.5,703438
2021-06-22 09:23:30,1115.5,703506
2021-06-22 09:23:31,1115.1,703841
2021-06-22 09:23:33,1115.7,704434
2021-06-22 09:23:33,1115.7,704466
2021-06-22 09:23:35,1115.25,704953
2021-06-22 09:23:36,1114.2,709173
2021-06-22 09:23:37,1114.5,710462
2021-06-22 09:23:38,1115.0,710718
2021-06-22 09:23:39,1115.0,710827
2021-06-22 09:23:40,1115.0,710941
2021-06-22 09:23:41,1115.0,710975
2021-06-22 09:23:42,1115.0,713826
2021-06-22 09:23:43,1115.3,713921
2021-06-22 09:23:44,1114.9,714205
2021-06-22 09:23:46,1115.6,714483
2021-06-22 09:23:47,1115.55,716240
2021-06-22 09:23:48,1116.0,716273
2021-06-22 09:23:49,1115.55,716298
2021-06-22 09:23:50,1116.0,716327
2021-06-22 09:23:51,1116.0,716565
2021-06-22 09:23:52,1115.6,716731
2021-06-22 09:23:53,1115.6,716813
2021-06-22 09:23:54,1116.0,718165
2021-06-22 09:23:54,1116.1,718168
2021-06-22 09:23:55,1116.05,718488
2021-06-22 09:23:56,1115.9,719027
2021-06-22 09:23:57,1116.0,719082
2021-06-22 09:23:58,1115.7,719083
2021-06-22 09:24:00,1116.0,720059
2021-06-22 09:24:01,1116.0,720059
2021-06-22 09:24:02,1116.0,720073
2021-06-22 09:24:03,1116.0,720533
2021-06-22 09:24:04,1116.4,722711
2021-06-22 09:24:07,1115.8,723205
2021-06-22 09:24:09,1116.0,723317
2021-06-22 09:24:10,1116.4,723412
2021-06-22 09:24:11,1116.4,723532
2021-06-22 09:24:12,1116.3,724085
2021-06-22 09:24:13,1116.8,725963
2021-06-22 09:24:14,1116.8,726260
2021-06-22 09:24:15,1116.8,726433
2021-06-22 09:24:16,1116.55,727037
2021-06-22 09:24:17,1116.9,727288
2021-06-22 09:24:18,1116.6,727329
2021-06-22 09:24:19,1116.9,727485
2021-06-22 09:24:20,1116.35,728315
2021-06-22 09:24:21,1116.5,728934
2021-06-22 09:24:21,1116.5,728934
2021-06-22 09:24:22,1116.0,729555
2021-06-22 09:24:23,1116.45,729829
2021-06-22 09:24:24,1116.35,730306
2021-06-22 09:24:25,1116.3,730539
2021-06-22 09:24:27,1116.3,730621
2021-06-22 09:24:28,1116.8,730760
2021-06-22 09:24:28,1116.8,730760
2021-06-22 09:24:29,1116.55,730775
2021-06-22 09:24:30,1116.45,730987
2021-06-22 09:24:32,1116.75,731591
2021-06-22 09:24:33,1116.4,731768
2021-06-22 09:24:34,1116.5,733427
2021-06-22 09:24:37,1116.5,733669
2021-06-22 09:24:38,1116.8,734178
2021-06-22 09:24:39,1116.8,734303
2021-06-22 09:24:40,1116.85,734625
2021-06-22 09:24:40,1116.85,734675
2021-06-22 09:24:41,1116.35,735166
2021-06-22 09:24:42,1116.35,735367
2021-06-22 09:24:43,1116.85,736183
2021-06-22 09:24:44,1116.9,736520
2021-06-22 09:24:45,1116.5,736670
2021-06-22 09:24:46,1116.9,737218
2021-06-22 09:24:48,1116.3,737576
2021-06-22 09:24:49,1116.45,738014
2021-06-22 09:24:50,1116.4,738381
2021-06-22 09:24:50,1116.4,738413
2021-06-22 09:24:53,1116.55,739157
2021-06-22 09:24:54,1116.55,739185
2021-06-22 09:24:55,1116.4,739235
2021-06-22 09:24:56,1116.4,739245
2021-06-22 09:24:57,1116.2,740077
2021-06-22 09:24:59,1116.2,740156
2021-06-22 09:25:00,1116.0,740274
2021-06-22 09:25:00,1116.0,740274
2021-06-22 09:25:01,1115.45,747967
2021-06-22 09:25:02,1115.45,748167
2021-06-22 09:25:04,1115.3,748988
2021-06-22 09:25:05,1115.3,749018
2021-06-22 09:25:07,1114.6,750762
2021-06-22 09:25:08,1114.85,750914
2021-06-22 09:25:09,1114.85,751003
2021-06-22 09:25:10,1114.85,751277
2021-06-22 09:25:11,1114.85,751320
2021-06-22 09:25:12,1114.55,751753
2021-06-22 09:25:13,1114.55,752029
2021-06-22 09:25:14,1114.85,752119
2021-06-22 09:25:15,1115.0,752257
2021-06-22 09:25:16,1115.0,752607
2021-06-22 09:25:17,1114.85,753707
2021-06-22 09:25:20,1115.0,754188
2021-06-22 09:25:21,1114.5,758522
2021-06-22 09:25:22,1114.5,758622
2021-06-22 09:25:23,1114.45,758644
2021-06-22 09:25:23,1114.0,758724
2021-06-22 09:25:24,1113.35,766396
2021-06-22 09:25:25,1113.85,767253
2021-06-22 09:25:26,1113.4,767431
2021-06-22 09:25:27,1113.8,767923
2021-06-22 09:25:28,1113.8,768923
2021-06-22 09:25:29,1113.4,770200
2021-06-22 09:25:30,1113.7,770604
2021-06-22 09:25:31,1114.3,781676
2021-06-22 09:25:33,1113.95,784507
2021-06-22 09:25:35,1114.5,785038
2021-06-22 09:25:36,1114.5,785243
2021-06-22 09:25:37,1113.65,788361
2021-06-22 09:25:38,1113.6,788743
2021-06-22 09:25:39,1114.05,789149
2021-06-22 09:25:40,1113.95,789552
2021-06-22 09:25:41,1114.05,790321
2021-06-22 09:25:41,1114.05,790321
2021-06-22 09:25:42,1114.05,790565
2021-06-22 09:25:43,1113.65,791084
2021-06-22 09:25:44,1113.95,792364
2021-06-22 09:25:45,1113.95,792600
2021-06-22 09:25:46,1114.05,792893
2021-06-22 09:25:49,1114.05,793331
2021-06-22 09:25:50,1113.95,793583
2021-06-22 09:25:51,1113.9,793633
2021-06-22 09:25:52,1114.05,793657
2021-06-22 09:25:53,1114.0,794600
2021-06-22 09:25:53,1114.0,794600
2021-06-22 09:25:54,1113.85,794601
2021-06-22 09:25:55,1114.2,795201
2021-06-22 09:25:58,1114.25,795418
2021-06-22 09:25:59,1114.2,795694
2021-06-22 09:26:00,1114.2,795745
2021-06-22 09:26:01,1114.3,796355
2021-06-22 09:26:02,1114.2,796659
2021-06-22 09:26:03,1113.6,798623
2021-06-22 09:26:04,1113.65,799178
2021-06-22 09:26:05,1113.95,799380
2021-06-22 09:26:05,1113.95,799707
2021-06-22 09:26:06,1113.9,799829
2021-06-22 09:26:07,1113.95,799885
2021-06-22 09:26:08,1113.5,800153
2021-06-22 09:26:10,1113.5,800883
2021-06-22 09:26:11,1113.5,800952
2021-06-22 09:26:12,1113.7,800972
2021-06-22 09:26:13,1113.85,801302
2021-06-22 09:26:14,1113.95,801572
2021-06-22 09:26:15,1113.85,801844
2021-06-22 09:26:17,1113.85,802392
2021-06-22 09:26:18,1113.95,802500
2021-06-22 09:26:19,1113.95,802546
2021-06-22 09:26:20,1113.95,802561
2021-06-22 09:26:21,1113.8,802686
2021-06-22 09:26:22,1114.0,803109
2021-06-22 09:26:23,1113.85,803142
2021-06-22 09:26:24,1114.35,804296
2021-06-22 09:26:25,1113.95,804336
2021-06-22 09:26:26,1114.0,804338
2021-06-22 09:26:27,1113.9,804339
2021-06-22 09:26:28,1114.35,804400
2021-06-22 09:26:29,1114.0,805516
2021-06-22 09:26:29,1114.0,805519
2021-06-22 09:26:30,1114.35,805554
2021-06-22 09:26:31,1114.0,806206
2021-06-22 09:26:32,1114.3,807125
2021-06-22 09:26:34,1113.95,808000
2021-06-22 09:26:36,1114.0,808646
2021-06-22 09:26:37,1114.4,808693
2021-06-22 09:26:38,1114.05,808696
2021-06-22 09:26:39,1114.5,809296
2021-06-22 09:26:40,1114.3,809346
2021-06-22 09:26:41,1114.3,809396
2021-06-22 09:26:42,1114.3,809930
2021-06-22 09:26:43,1114.2,810249
2021-06-22 09:26:44,1114.15,810291
2021-06-22 09:26:44,1114.15,810291
2021-06-22 09:26:45,1114.4,811188
2021-06-22 09:26:46,1114.25,811487
2021-06-22 09:26:47,1114.6,811567
2021-06-22 09:26:48,1114.6,811719
2021-06-22 09:26:49,1114.4,812906
2021-06-22 09:26:51,1114.2,814517
2021-06-22 09:26:52,1114.2,814534
2021-06-22 09:26:53,1114.2,821177
2021-06-22 09:26:54,1114.2,821585
2021-06-22 09:26:55,1114.75,823340
2021-06-22 09:26:55,1114.2,823840
2021-06-22 09:26:56,1114.2,824074
2021-06-22 09:26:58,1114.4,824195
2021-06-22 09:26:59,1114.25,824410
2021-06-22 09:27:02,1114.75,825104
2021-06-22 09:27:03,1114.75,825124
2021-06-22 09:27:03,1114.75,825124
2021-06-22 09:27:04,1114.75,825535
2021-06-22 09:27:05,1114.5,825560
2021-06-22 09:27:07,1114.5,826708
2021-06-22 09:27:08,1115.0,828134
2021-06-22 09:27:10,1114.95,829917
2021-06-22 09:27:10,1114.95,829917
2021-06-22 09:27:12,1114.95,830374
2021-06-22 09:27:13,1114.5,830674
2021-06-22 09:27:14,1114.95,840925
2021-06-22 09:27:16,1115.05,841425
2021-06-22 09:27:17,1115.05,841631
2021-06-22 09:27:18,1115.05,841672
2021-06-22 09:27:19,1115.0,841758
2021-06-22 09:27:19,1115.0,841758
2021-06-22 09:27:20,1115.0,842128
2021-06-22 09:27:21,1114.6,842633
2021-06-22 09:27:22,1115.05,843678
2021-06-22 09:27:23,1115.05,843909
2021-06-22 09:27:24,1115.4,845144
2021-06-22 09:27:26,1115.35,845855
2021-06-22 09:27:27,1115.25,846030
2021-06-22 09:27:28,1115.75,846122
2021-06-22 09:27:29,1115.75,846122
2021-06-22 09:27:30,1115.8,846123
2021-06-22 09:27:31,1116.0,846326
2021-06-22 09:27:32,1115.4,846412
2021-06-22 09:27:33,1116.0,847813
2021-06-22 09:27:34,1116.0,848009
2021-06-22 09:27:36,1115.5,848679
2021-06-22 09:27:37,1115.45,849301
2021-06-22 09:27:38,1115.55,849416
2021-06-22 09:27:39,1115.55,849513
2021-06-22 09:27:39,1115.55,849463
2021-06-22 09:27:40,1115.75,849666
2021-06-22 09:27:43,1116.0,849922
2021-06-22 09:27:44,1116.0,850189
2021-06-22 09:27:45,1116.4,851852
2021-06-22 09:27:45,1116.4,851852
2021-06-22 09:27:46,1115.8,852407
2021-06-22 09:27:47,1116.4,852555
2021-06-22 09:27:48,1116.4,852601
2021-06-22 09:27:50,1116.3,852651
2021-06-22 09:27:51,1116.3,852655
2021-06-22 09:27:52,1116.2,852691
2021-06-22 09:27:54,1116.2,856803
2021-06-22 09:27:55,1116.4,857033
2021-06-22 09:27:56,1116.35,857078
2021-06-22 09:27:57,1116.1,857294
2021-06-22 09:27:58,1116.05,857514
2021-06-22 09:27:59,1116.0,857842
2021-06-22 09:28:00,1116.0,859271
2021-06-22 09:28:01,1115.1,861399
2021-06-22 09:28:02,1115.05,861400
2021-06-22 09:28:03,1115.05,861400
2021-06-22 09:28:04,1115.05,861429
2021-06-22 09:28:05,1115.05,861583
2021-06-22 09:28:06,1115.3,861621
2021-06-22 09:28:07,1115.3,861771
2021-06-22 09:28:08,1115.3,861771
2021-06-22 09:28:10,1115.75,861870
2021-06-22 09:28:11,1115.3,862226
2021-06-22 09:28:12,1115.3,862236
2021-06-22 09:28:13,1115.45,867990
2021-06-22 09:28:14,1116.1,868101
2021-06-22 09:28:15,1116.0,868501
2021-06-22 09:28:16,1115.5,868538
2021-06-22 09:28:17,1115.75,868588
2021-06-22 09:28:18,1115.75,868588
2021-06-22 09:28:19,1116.0,868977
2021-06-22 09:28:20,1116.0,869317
2021-06-22 09:28:20,1116.0,869322
2021-06-22 09:28:21,1116.2,869693
2021-06-22 09:28:24,1115.8,870246
2021-06-22 09:28:25,1115.3,870792
2021-06-22 09:28:26,1115.35,872310
2021-06-22 09:28:27,1115.35,872323
2021-06-22 09:28:29,1115.85,872327
2021-06-22 09:28:30,1115.85,872327
2021-06-22 09:28:31,1115.85,872396
2021-06-22 09:28:32,1115.55,872576
2021-06-22 09:28:33,1116.05,874606
2021-06-22 09:28:34,1115.95,874643
2021-06-22 09:28:35,1115.5,874656
2021-06-22 09:28:36,1115.5,874683
2021-06-22 09:28:37,1115.5,874972
2021-06-22 09:28:38,1116.0,875004
2021-06-22 09:28:39,1115.5,875093
2021-06-22 09:28:40,1115.5,875127
2021-06-22 09:28:41,1115.45,875154
2021-06-22 09:28:42,1115.5,875272
2021-06-22 09:28:43,1115.5,875272
2021-06-22 09:28:44,1115.5,875286
2021-06-22 09:28:45,1115.9,875399
2021-06-22 09:28:46,1115.8,875480
2021-06-22 09:28:47,1115.8,875610
2021-06-22 09:28:48,1115.55,875893
2021-06-22 09:28:49,1116.05,877062
2021-06-22 09:28:50,1116.0,877550
2021-06-22 09:28:51,1116.0,877944
2021-06-22 09:28:52,1116.0,878794
2021-06-22 09:28:53,1116.0,878869
2021-06-22 09:28:55,1116.0,879220
2021-06-22 09:28:56,1116.0,879253
2021-06-22 09:28:56,1116.0,879253
2021-06-22 09:28:58,1116.0,879353
2021-06-22 09:28:59,1116.2,879399
2021-06-22 09:29:00,1116.0,879467
2021-06-22 09:29:01,1116.15,879955
2021-06-22 09:29:02,1116.15,880042
2021-06-22 09:29:03,1116.25,880317
2021-06-22 09:29:04,1116.05,880470
2021-06-22 09:29:05,1116.2,880613
2021-06-22 09:29:06,1116.0,880648
2021-06-22 09:29:07,1116.2,881025
2021-06-22 09:29:09,1116.25,881592
2021-06-22 09:29:10,1116.0,881863
2021-06-22 09:29:11,1116.55,888876
2021-06-22 09:29:12,1116.05,890117
2021-06-22 09:29:13,1116.2,890296
2021-06-22 09:29:14,1116.15,891254
2021-06-22 09:29:15,1116.15,891874
2021-06-22 09:29:16,1116.2,892050
2021-06-22 09:29:16,1116.2,892050
2021-06-22 09:29:17,1116.15,892110
2021-06-22 09:29:19,1116.1,892167
2021-06-22 09:29:19,1116.2,892283
2021-06-22 09:29:21,1116.2,892456
2021-06-22 09:29:21,1116.2,892462
2021-06-22 09:29:22,1116.05,892528
2021-06-22 09:29:24,1116.2,892907
2021-06-22 09:29:24,1116.7,900084
2021-06-22 09:29:25,1116.25,900142
2021-06-22 09:29:26,1116.15,900792
2021-06-22 09:29:27,1116.2,900976
2021-06-22 09:29:28,1116.15,901076
2021-06-22 09:29:29,1116.2,901686
2021-06-22 09:29:30,1116.5,902268
2021-06-22 09:29:31,1116.15,903474
2021-06-22 09:29:32,1116.5,903584
2021-06-22 09:29:33,1116.5,903964
2021-06-22 09:29:36,1116.2,904132
2021-06-22 09:29:37,1116.5,904237
2021-06-22 09:29:38,1116.5,904324
2021-06-22 09:29:39,1116.7,904586
2021-06-22 09:29:40,1116.7,904859
2021-06-22 09:29:41,1116.65,905725
2021-06-22 09:29:42,1116.7,906764
2021-06-22 09:29:43,1116.6,906984
2021-06-22 09:29:44,1116.15,907331
2021-06-22 09:29:44,1116.5,907337
2021-06-22 09:29:46,1116.9,910004
2021-06-22 09:29:47,1116.9,910311
2021-06-22 09:29:48,1116.85,910911
2021-06-22 09:29:49,1116.5,911124
2021-06-22 09:29:50,1116.7,911649
2021-06-22 09:29:51,1117.05,921871
2021-06-22 09:29:52,1117.1,922202
2021-06-22 09:29:53,1117.1,922769
2021-06-22 09:29:54,1117.5,922985
2021-06-22 09:29:55,1117.1,923156
2021-06-22 09:29:56,1116.9,928988
2021-06-22 09:29:57,1117.1,930903
2021-06-22 09:29:57,1117.05,930823
2021-06-22 09:29:59,1117.1,930947
2021-06-22 09:30:00,1117.0,931073
2021-06-22 09:30:01,1117.0,931110
2021-06-22 09:30:02,1117.0,931410
2021-06-22 09:30:03,1117.1,931705
2021-06-22 09:30:04,1116.5,932967
2021-06-22 09:30:05,1116.95,933654
2021-06-22 09:30:06,1116.0,937043
2021-06-22 09:30:07,1115.1,945891
2021-06-22 09:30:08,1115.15,946578
2021-06-22 09:30:09,1115.0,946766
2021-06-22 09:30:10,1115.0,948839
2021-06-22 09:30:11,1115.05,949256
2021-06-22 09:30:13,1114.4,955962
2021-06-22 09:30:14,1114.5,955967
2021-06-22 09:30:15,1114.95,956259
2021-06-22 09:30:16,1114.7,956799
2021-06-22 09:30:17,1114.0,959677
2021-06-22 09:30:18,1113.75,964324
2021-06-22 09:30:19,1113.65,964620
2021-06-22 09:30:20,1113.65,964775
2021-06-22 09:30:21,1113.6,964879
2021-06-22 09:30:22,1113.6,964885
2021-06-22 09:30:23,1113.85,965544
2021-06-22 09:30:24,1113.6,966639
2021-06-22 09:30:25,1114.65,967916
2021-06-22 09:30:26,1114.9,968610
2021-06-22 09:30:27,1114.55,969016
2021-06-22 09:30:28,1114.9,969022
2021-06-22 09:30:29,1114.55,969337
2021-06-22 09:30:30,1115.0,969458
2021-06-22 09:30:31,1114.95,969530
2021-06-22 09:30:32,1114.8,969610
2021-06-22 09:30:33,1114.8,969862
2021-06-22 09:30:34,1114.8,969873
2021-06-22 09:30:35,1114.85,971063
2021-06-22 09:30:36,1114.85,971908
2021-06-22 09:30:37,1115.0,971940
2021-06-22 09:30:39,1115.3,973116
2021-06-22 09:30:40,1115.0,973276
2021-06-22 09:30:41,1114.95,973310
2021-06-22 09:30:42,1115.8,973484
2021-06-22 09:30:43,1115.8,973797
2021-06-22 09:30:44,1115.95,973972
2021-06-22 09:30:45,1116.0,974115
2021-06-22 09:30:46,1116.0,975139
2021-06-22 09:30:47,1116.1,975239
2021-06-22 09:30:48,1116.15,975931
2021-06-22 09:30:49,1116.5,976076
2021-06-22 09:30:50,1116.35,976467
2021-06-22 09:30:51,1116.15,976984
2021-06-22 09:30:53,1116.15,977111
2021-06-22 09:30:52,1116.15,977094
2021-06-22 09:30:54,1116.15,977111
2021-06-22 09:30:55,1116.25,978270
2021-06-22 09:30:56,1115.95,978382
2021-06-22 09:30:57,1115.95,978872
2021-06-22 09:30:58,1115.95,978907
2021-06-22 09:30:59,1116.2,978942
2021-06-22 09:31:00,1116.2,978942
2021-06-22 09:31:01,1115.35,979047
2021-06-22 09:31:02,1115.45,979392
2021-06-22 09:31:03,1115.7,979843
2021-06-22 09:31:04,1115.75,980082
2021-06-22 09:31:05,1115.9,980093
2021-06-22 09:31:06,1116.0,980178
2021-06-22 09:31:08,1116.0,980442
2021-06-22 09:31:09,1116.0,980485
2021-06-22 09:31:12,1116.2,982930
2021-06-22 09:31:13,1115.85,982962
2021-06-22 09:31:14,1115.8,983413
2021-06-22 09:31:16,1115.65,983945
2021-06-22 09:31:17,1115.7,984397
2021-06-22 09:31:18,1115.7,984406
2021-06-22 09:31:20,1115.45,985325
2021-06-22 09:31:21,1115.45,985513
2021-06-22 09:31:22,1115.85,985602
2021-06-22 09:31:24,1115.7,985668
2021-06-22 09:31:25,1116.0,986757
2021-06-22 09:31:26,1116.0,986773
2021-06-22 09:31:27,1116.15,986980
2021-06-22 09:31:28,1116.1,987171
2021-06-22 09:31:29,1116.0,987281
2021-06-22 09:31:30,1116.15,988151
2021-06-22 09:31:31,1116.25,990048
2021-06-22 09:31:32,1116.0,990272
2021-06-22 09:31:33,1116.0,990549
2021-06-22 09:31:34,1116.4,990650
2021-06-22 09:31:35,1116.05,990808
2021-06-22 09:31:36,1116.2,990949
2021-06-22 09:31:38,1116.1,991451
2021-06-22 09:31:39,1116.45,991620
2021-06-22 09:31:40,1116.5,992025
2021-06-22 09:31:41,1116.4,992036
2021-06-22 09:31:42,1116.05,992124
2021-06-22 09:31:43,1116.05,992124
2021-06-22 09:31:44,1116.15,992143
2021-06-22 09:31:45,1116.6,994293
2021-06-22 09:31:46,1116.65,995150
2021-06-22 09:31:47,1116.6,995191
2021-06-22 09:31:48,1116.95,995456
2021-06-22 09:31:49,1117.0,995724
2021-06-22 09:31:50,1117.0,995724
2021-06-22 09:31:51,1116.6,997185
2021-06-22 09:31:52,1117.0,997347
2021-06-22 09:31:53,1116.6,997754
2021-06-22 09:31:54,1117.0,998046
2021-06-22 09:31:55,1116.9,998132
2021-06-22 09:31:56,1116.9,998192
2021-06-22 09:31:57,1116.6,998666
2021-06-22 09:31:58,1116.8,998688
2021-06-22 09:31:59,1117.0,998803
2021-06-22 09:32:00,1117.0,999820
2021-06-22 09:32:02,1116.7,999828
2021-06-22 09:32:01,1116.7,999828
2021-06-22 09:32:03,1116.6,1000095
2021-06-22 09:32:04,1116.6,1000278
2021-06-22 09:32:05,1116.8,1000289
2021-06-22 09:32:06,1116.75,1000338
2021-06-22 09:32:08,1116.6,1000391
2021-06-22 09:32:09,1116.8,1004834
2021-06-22 09:32:10,1116.9,1004983
2021-06-22 09:32:11,1116.95,1005155
2021-06-22 09:32:12,1116.95,1005220
2021-06-22 09:32:14,1116.8,1006269
2021-06-22 09:32:15,1116.8,1006632
2021-06-22 09:32:16,1116.9,1006670
2021-06-22 09:32:17,1116.65,1007424
2021-06-22 09:32:18,1116.25,1007493
2021-06-22 09:32:19,1116.5,1007743
2021-06-22 09:32:20,1116.35,1008025
2021-06-22 09:32:21,1116.35,1008250
2021-06-22 09:32:22,1116.05,1008412
2021-06-22 09:32:24,1116.4,1008617
2021-06-22 09:32:25,1116.4,1008774
2021-06-22 09:32:26,1115.95,1009465
2021-06-22 09:32:27,1115.4,1010298
2021-06-22 09:32:28,1115.45,1010521
2021-06-22 09:32:29,1115.0,1010532
2021-06-22 09:32:30,1115.65,1010744
2021-06-22 09:32:31,1115.65,1010744
2021-06-22 09:32:32,1115.65,1010837
2021-06-22 09:32:33,1115.45,1010993
2021-06-22 09:32:34,1114.8,1015558
2021-06-22 09:32:35,1115.0,1015576
2021-06-22 09:32:37,1114.85,1015861
2021-06-22 09:32:37,1114.85,1015913
2021-06-22 09:32:38,1115.3,1016376
2021-06-22 09:32:39,1114.85,1016456
2021-06-22 09:32:42,1115.0,1016534
2021-06-22 09:32:42,1115.3,1016544
2021-06-22 09:32:43,1115.0,1016555
2021-06-22 09:32:44,1115.3,1016667
2021-06-22 09:32:46,1115.05,1019320
2021-06-22 09:32:47,1115.05,1019361
2021-06-22 09:32:49,1115.0,1019648
2021-06-22 09:32:52,1115.25,1019761
2021-06-22 09:32:52,1115.25,1019761
2021-06-22 09:32:53,1115.0,1020332
2021-06-22 09:32:54,1114.95,1020961
2021-06-22 09:32:55,1115.0,1020989
2021-06-22 09:32:56,1115.0,1021431
2021-06-22 09:32:57,1115.05,1021467
2021-06-22 09:32:59,1115.05,1021467
2021-06-22 09:32:59,1115.05,1021467
2021-06-22 09:33:03,1115.0,1021977
2021-06-22 09:33:04,1115.0,1022141
2021-06-22 09:33:05,1115.0,1022432
2021-06-22 09:33:07,1114.9,1022944
2021-06-22 09:33:08,1114.9,1023358
2021-06-22 09:33:08,1114.9,1023358
2021-06-22 09:33:09,1114.9,1023918
2021-06-22 09:33:10,1114.9,1023928
2021-06-22 09:33:11,1114.65,1035889
2021-06-22 09:33:12,1114.55,1035971
2021-06-22 09:33:13,1114.45,1036040
2021-06-22 09:33:14,1114.15,1036084
2021-06-22 09:33:15,1114.15,1036241
2021-06-22 09:33:16,1114.25,1036641
2021-06-22 09:33:19,1114.35,1037308
2021-06-22 09:33:19,1114.35,1037308
2021-06-22 09:33:20,1114.3,1037353
2021-06-22 09:33:21,1114.25,1037357
2021-06-22 09:33:22,1114.15,1037444
2021-06-22 09:33:23,1114.15,1037697
2021-06-22 09:33:24,1114.15,1037912
2021-06-22 09:33:25,1114.15,1038239
2021-06-22 09:33:26,1114.1,1038507
2021-06-22 09:33:27,1114.25,1039552
2021-06-22 09:33:28,1114.35,1039979
2021-06-22 09:33:29,1114.75,1040197
2021-06-22 09:33:30,1114.9,1040245
2021-06-22 09:33:32,1115.25,1043520
2021-06-22 09:33:32,1115.0,1043624
2021-06-22 09:33:33,1115.0,1043867
2021-06-22 09:33:34,1115.0,1044835
2021-06-22 09:33:35,1115.0,1044888
2021-06-22 09:33:36,1115.0,1046728
2021-06-22 09:33:37,1115.0,1047151
2021-06-22 09:33:38,1115.0,1047341
2021-06-22 09:33:39,1115.15,1047588
2021-06-22 09:33:40,1115.0,1047589
2021-06-22 09:33:41,1115.15,1047600
2021-06-22 09:33:42,1115.0,1047844
2021-06-22 09:33:44,1115.15,1048003
2021-06-22 09:33:44,1115.15,1048567
2021-06-22 09:33:45,1115.15,1048829
2021-06-22 09:33:46,1115.15,1048885
2021-06-22 09:33:47,1115.0,1050237
2021-06-22 09:33:48,1115.0,1050390
2021-06-22 09:33:49,1115.0,1051762
2021-06-22 09:33:50,1115.0,1051910
2021-06-22 09:33:51,1115.15,1052030
2021-06-22 09:33:52,1115.25,1052136
2021-06-22 09:33:53,1114.8,1069639
2021-06-22 09:33:54,1114.8,1069743
2021-06-22 09:33:55,1114.5,1069840
2021-06-22 09:33:56,1114.55,1069870
2021-06-22 09:33:58,1114.5,1069921
2021-06-22 09:34:00,1114.75,1069926
2021-06-22 09:34:00,1114.75,1069926
2021-06-22 09:34:01,1114.05,1071891
2021-06-22 09:34:02,1114.4,1072219
2021-06-22 09:34:03,1114.4,1072280
2021-06-22 09:34:04,1114.1,1072364
2021-06-22 09:34:05,1114.3,1072812
2021-06-22 09:34:06,1114.05,1073070
2021-06-22 09:34:07,1114.1,1073192
2021-06-22 09:34:08,1114.35,1073294
2021-06-22 09:34:09,1114.3,1074288
2021-06-22 09:34:10,1114.25,1075328
2021-06-22 09:34:11,1114.4,1075408
2021-06-22 09:34:12,1114.75,1076800
2021-06-22 09:34:13,1114.5,1076826
2021-06-22 09:34:14,1115.0,1077236
2021-06-22 09:34:15,1114.95,1078137
2021-06-22 09:34:16,1114.85,1078287
2021-06-22 09:34:18,1115.0,1078296
2021-06-22 09:34:19,1114.85,1078360
2021-06-22 09:34:20,1114.65,1078559
2021-06-22 09:34:22,1113.9,1086623
2021-06-22 09:34:23,1113.95,1087047
2021-06-22 09:34:24,1113.6,1087112
2021-06-22 09:34:25,1113.6,1087175
2021-06-22 09:34:26,1113.6,1087576
2021-06-22 09:34:27,1114.05,1088005
2021-06-22 09:34:28,1114.4,1088059
2021-06-22 09:34:29,1114.0,1088661
2021-06-22 09:34:30,1113.95,1088726
2021-06-22 09:34:31,1113.95,1088802
2021-06-22 09:34:32,1114.0,1089008
2021-06-22 09:34:34,1113.65,1089089
2021-06-22 09:34:35,1114.0,1089395
2021-06-22 09:34:37,1114.4,1090404
2021-06-22 09:34:37,1114.35,1090419
2021-06-22 09:34:38,1114.25,1090721
2021-06-22 09:34:39,1114.1,1090961
2021-06-22 09:34:40,1114.35,1091025
2021-06-22 09:34:42,1114.05,1091123
2021-06-22 09:34:43,1114.25,1092045
2021-06-22 09:34:44,1113.8,1092071
2021-06-22 09:34:44,1113.8,1092071
2021-06-22 09:34:45,1114.0,1092273
2021-06-22 09:34:46,1113.85,1092338
2021-06-22 09:34:47,1114.0,1092684
2021-06-22 09:34:48,1114.0,1093103
2021-06-22 09:34:49,1114.25,1094365
2021-06-22 09:34:51,1113.15,1101009
2021-06-22 09:34:52,1113.6,1101490
2021-06-22 09:34:53,1113.6,1101493
2021-06-22 09:34:54,1113.8,1102031
2021-06-22 09:34:56,1114.0,1102140
2021-06-22 09:34:57,1113.9,1102644
2021-06-22 09:34:57,1113.9,1102644
2021-06-22 09:34:58,1114.1,1102776
2021-06-22 09:34:59,1113.7,1102881
2021-06-22 09:35:00,1113.65,1103125
2021-06-22 09:35:02,1113.8,1103821
2021-06-22 09:35:03,1113.75,1103979
2021-06-22 09:35:03,1113.75,1103979
2021-06-22 09:35:04,1113.5,1104844
2021-06-22 09:35:05,1113.55,1105468
2021-06-22 09:35:07,1113.55,1105683
2021-06-22 09:35:08,1113.5,1105685
2021-06-22 09:35:08,1113.5,1105685
2021-06-22 09:35:09,1113.8,1106043
2021-06-22 09:35:10,1113.85,1106303
2021-06-22 09:35:11,1113.5,1106531
2021-06-22 09:35:13,1113.5,1107445
2021-06-22 09:35:14,1113.45,1108483
2021-06-22 09:35:15,1113.2,1109167
2021-06-22 09:35:16,1113.2,1109567
2021-06-22 09:35:17,1113.4,1110033
2021-06-22 09:35:18,1113.0,1110041
2021-06-22 09:35:19,1113.0,1110823
2021-06-22 09:35:20,1113.7,1111287
2021-06-22 09:35:21,1113.25,1111701
2021-06-22 09:35:22,1113.2,1111908
2021-06-22 09:35:22,1113.0,1111983
2021-06-22 09:35:23,1113.35,1112539
2021-06-22 09:35:24,1113.45,1113227
2021-06-22 09:35:26,1113.1,1113241
2021-06-22 09:35:27,1113.15,1114322
2021-06-22 09:35:28,1113.45,1114637
2021-06-22 09:35:29,1113.75,1115100
2021-06-22 09:35:30,1113.35,1115702
2021-06-22 09:35:31,1113.25,1116205
2021-06-22 09:35:32,1113.5,1116549
2021-06-22 09:35:33,1113.5,1116550
2021-06-22 09:35:33,1113.5,1116550
2021-06-22 09:35:34,1113.5,1116550
2021-06-22 09:35:35,1113.45,1116650
2021-06-22 09:35:36,1113.5,1116660
2021-06-22 09:35:37,1113.5,1116760
2021-06-22 09:35:38,1113.55,1116785
2021-06-22 09:35:39,1113.55,1117881
2021-06-22 09:35:40,1113.7,1118111
2021-06-22 09:35:41,1113.8,1118149
2021-06-22 09:35:42,1113.6,1118301
2021-06-22 09:35:44,1113.6,1118306
2021-06-22 09:35:45,1113.7,1119285
2021-06-22 09:35:46,1113.8,1119340
2021-06-22 09:35:46,1113.8,1119340
2021-06-22 09:35:47,1114.1,1120262
2021-06-22 09:35:48,1114.4,1121137
2021-06-22 09:35:49,1114.45,1121704
2021-06-22 09:35:50,1114.75,1121718
2021-06-22 09:35:52,1114.4,1122042
2021-06-22 09:35:53,1114.9,1122507
2021-06-22 09:35:54,1114.9,1122717
2021-06-22 09:35:55,1114.4,1123217
2021-06-22 09:35:56,1114.4,1123242
2021-06-22 09:35:57,1114.6,1123243
2021-06-22 09:35:57,1114.6,1123251
2021-06-22 09:35:58,1114.35,1123443
2021-06-22 09:36:00,1114.1,1123669
2021-06-22 09:36:03,1114.0,1124990
2021-06-22 09:36:04,1113.95,1125465
2021-06-22 09:36:04,1113.7,1125565
2021-06-22 09:36:05,1113.7,1127646
2021-06-22 09:36:06,1113.7,1127786
2021-06-22 09:36:08,1113.95,1127894
2021-06-22 09:36:09,1113.95,1128016
2021-06-22 09:36:10,1113.85,1128026
2021-06-22 09:36:11,1113.65,1128250
2021-06-22 09:36:11,1113.65,1128250
2021-06-22 09:36:12,1113.25,1134858
2021-06-22 09:36:13,1113.0,1138962
2021-06-22 09:36:14,1112.4,1158137
2021-06-22 09:36:16,1112.6,1159985
2021-06-22 09:36:17,1110.75,1188844
2021-06-22 09:36:18,1110.6,1189176
2021-06-22 09:36:20,1110.75,1193003
2021-06-22 09:36:21,1111.05,1194601
2021-06-22 09:36:22,1111.6,1197485
2021-06-22 09:36:22,1111.1,1197557
2021-06-22 09:36:23,1111.05,1197648
2021-06-22 09:36:24,1111.75,1197924
2021-06-22 09:36:25,1111.2,1198112
2021-06-22 09:36:26,1111.65,1198404
2021-06-22 09:36:27,1111.15,1199505
2021-06-22 09:36:29,1111.2,1199786
2021-06-22 09:36:32,1111.25,1200588
2021-06-22 09:36:32,1111.25,1200734
2021-06-22 09:36:33,1111.2,1201936
2021-06-22 09:36:34,1111.2,1202348
2021-06-22 09:36:35,1111.35,1202423
2021-06-22 09:36:36,1111.2,1202982
2021-06-22 09:36:37,1111.65,1203356
2021-06-22 09:36:38,1111.6,1203680
2021-06-22 09:36:39,1111.9,1203740
2021-06-22 09:36:40,1112.35,1206840
2021-06-22 09:36:42,1112.4,1208459
2021-06-22 09:36:43,1112.3,1208647
2021-06-22 09:36:44,1112.8,1209075
2021-06-22 09:36:45,1111.7,1209950
2021-06-22 09:36:46,1111.6,1209979
2021-06-22 09:36:48,1112.0,1210129
2021-06-22 09:36:49,1112.0,1210153
2021-06-22 09:36:50,1111.5,1211255
2021-06-22 09:36:51,1112.0,1211708
2021-06-22 09:36:51,1111.95,1211628
2021-06-22 09:36:52,1112.2,1212458
2021-06-22 09:36:54,1112.0,1212662
2021-06-22 09:36:55,1112.0,1212965
2021-06-22 09:36:56,1111.9,1213517
2021-06-22 09:36:56,1111.8,1213527
2021-06-22 09:36:57,1111.6,1213887
2021-06-22 09:36:58,1111.5,1214418
2021-06-22 09:37:00,1111.5,1214814
2021-06-22 09:37:01,1111.7,1214855
2021-06-22 09:37:02,1111.45,1215689
2021-06-22 09:37:03,1111.35,1215978
2021-06-22 09:37:04,1111.1,1217491
2021-06-22 09:37:05,1111.05,1217978
2021-06-22 09:37:06,1111.05,1218136
2021-06-22 09:37:06,1111.05,1218150
2021-06-22 09:37:07,1110.75,1225040
2021-06-22 09:37:08,1110.45,1226674
2021-06-22 09:37:09,1110.35,1227024
2021-06-22 09:37:10,1110.15,1228093
2021-06-22 09:37:11,1110.15,1229047
2021-06-22 09:37:12,1110.55,1229921
2021-06-22 09:37:13,1110.65,1230360
2021-06-22 09:37:14,1110.25,1230605
2021-06-22 09:37:15,1110.15,1231423
2021-06-22 09:37:16,1110.65,1232104
2021-06-22 09:37:17,1110.1,1233277
2021-06-22 09:37:18,1110.3,1233328
2021-06-22 09:37:19,1110.55,1237053
2021-06-22 09:37:20,1110.7,1239082
2021-06-22 09:37:21,1110.35,1240436
2021-06-22 09:37:22,1110.9,1240462
2021-06-22 09:37:24,1110.75,1241934
2021-06-22 09:37:25,1110.7,1242067
2021-06-22 09:37:27,1110.65,1243707
2021-06-22 09:37:28,1110.2,1244840
2021-06-22 09:37:28,1110.4,1244895
2021-06-22 09:37:29,1110.7,1245081
2021-06-22 09:37:31,1110.8,1246107
2021-06-22 09:37:32,1110.55,1246213
2021-06-22 09:37:33,1110.65,1246478
2021-06-22 09:37:34,1110.9,1248002
2021-06-22 09:37:34,1110.55,1248262
2021-06-22 09:37:35,1110.5,1249335
2021-06-22 09:37:36,1110.7,1249867
2021-06-22 09:37:37,1111.2,1250259
2021-06-22 09:37:39,1110.6,1250392
2021-06-22 09:37:40,1110.65,1250657
2021-06-22 09:37:41,1110.4,1256570
2021-06-22 09:37:42,1110.6,1256687
2021-06-22 09:37:42,1110.55,1256906
2021-06-22 09:37:43,1110.35,1256998
2021-06-22 09:37:44,1110.4,1257196
2021-06-22 09:37:45,1110.3,1257484
2021-06-22 09:37:46,1110.9,1258703
2021-06-22 09:37:47,1110.65,1258945
2021-06-22 09:37:49,1111.0,1258970
2021-06-22 09:37:50,1110.65,1259030
2021-06-22 09:37:51,1110.85,1261626
2021-06-22 09:37:52,1111.15,1262835
2021-06-22 09:37:53,1111.2,1263034
2021-06-22 09:37:55,1111.2,1263563
2021-06-22 09:37:56,1111.2,1263624
2021-06-22 09:37:56,1111.2,1263624
2021-06-22 09:37:57,1111.5,1263638
2021-06-22 09:37:59,1112.0,1266545
2021-06-22 09:38:00,1112.0,1266777
2021-06-22 09:38:01,1111.45,1267472
2021-06-22 09:38:01,1111.45,1267472
2021-06-22 09:38:03,1111.5,1268051
2021-06-22 09:38:05,1111.4,1268839
2021-06-22 09:38:05,1111.6,1269735
2021-06-22 09:38:06,1111.65,1269835
2021-06-22 09:38:08,1111.85,1270036
2021-06-22 09:38:10,1111.8,1272113
2021-06-22 09:38:11,1111.5,1272178
2021-06-22 09:38:12,1111.8,1272295
2021-06-22 09:38:12,1112.0,1272623
2021-06-22 09:38:13,1112.0,1272639
2021-06-22 09:38:14,1112.0,1272759
2021-06-22 09:38:15,1112.05,1273599
2021-06-22 09:38:17,1112.05,1273824
2021-06-22 09:38:19,1112.25,1274614
2021-06-22 09:38:20,1112.0,1274938
2021-06-22 09:38:21,1112.0,1276401
2021-06-22 09:38:22,1112.1,1277187
2021-06-22 09:38:22,1112.1,1277187
2021-06-22 09:38:24,1112.0,1278312
2021-06-22 09:38:25,1111.65,1279300
2021-06-22 09:38:26,1111.9,1279355
2021-06-22 09:38:28,1111.8,1279527
2021-06-22 09:38:30,1111.85,1280624
2021-06-22 09:38:31,1111.9,1280683
2021-06-22 09:38:32,1112.0,1280958
2021-06-22 09:38:33,1112.0,1281178
2021-06-22 09:38:34,1111.9,1281345
2021-06-22 09:38:34,1112.0,1281350
2021-06-22 09:38:35,1112.0,1281411
2021-06-22 09:38:36,1111.65,1281649
2021-06-22 09:38:38,1111.6,1281921
2021-06-22 09:38:40,1112.0,1282074
2021-06-22 09:38:41,1111.9,1282232
2021-06-22 09:38:44,1111.9,1282614
2021-06-22 09:38:45,1111.2,1283678
2021-06-22 09:38:45,1111.2,1283678
2021-06-22 09:38:46,1111.2,1283939
2021-06-22 09:38:48,1111.45,1284387
2021-06-22 09:38:49,1111.2,1284412
2021-06-22 09:38:50,1111.5,1284722
2021-06-22 09:38:51,1111.5,1285297
2021-06-22 09:38:51,1111.6,1285461
2021-06-22 09:38:53,1111.5,1285560
2021-06-22 09:38:54,1111.8,1285715
2021-06-22 09:38:55,1111.8,1285790
2021-06-22 09:38:56,1111.5,1286411
2021-06-22 09:38:56,1111.5,1286411
2021-06-22 09:38:58,1111.75,1286417
2021-06-22 09:38:59,1111.75,1286821
2021-06-22 09:39:00,1111.8,1286895
2021-06-22 09:39:01,1111.75,1287761
2021-06-22 09:39:02,1111.8,1288076
2021-06-22 09:39:04,1111.65,1289316
2021-06-22 09:39:04,1111.3,1289285
2021-06-22 09:39:07,1111.5,1289542
2021-06-22 09:39:08,1111.7,1290649
2021-06-22 09:39:09,1111.7,1290699
2021-06-22 09:39:10,1111.5,1290824
2021-06-22 09:39:11,1111.5,1290845
2021-06-22 09:39:12,1111.3,1291007
2021-06-22 09:39:13,1111.3,1291007
2021-06-22 09:39:14,1111.3,1291539
2021-06-22 09:39:14,1111.3,1291539
2021-06-22 09:39:15,1111.3,1291686
2021-06-22 09:39:17,1111.4,1294747
2021-06-22 09:39:18,1111.45,1294919
2021-06-22 09:39:19,1111.05,1295030
2021-06-22 09:39:21,1111.0,1295227
2021-06-22 09:39:23,1111.5,1295263
2021-06-22 09:39:24,1111.75,1295692
2021-06-22 09:39:25,1111.3,1296853
2021-06-22 09:39:26,1111.85,1297056
2021-06-22 09:39:27,1111.55,1297109
2021-06-22 09:39:29,1111.75,1297256
2021-06-22 09:39:30,1111.75,1297560
2021-06-22 09:39:30,1111.75,1297560
2021-06-22 09:39:32,1112.0,1297794
2021-06-22 09:39:33,1112.1,1301423
2021-06-22 09:39:34,1112.2,1301629
2021-06-22 09:39:35,1112.95,1309226
2021-06-22 09:39:36,1112.05,1311529
2021-06-22 09:39:36,1112.05,1311530
2021-06-22 09:39:37,1112.35,1311687
2021-06-22 09:39:38,1112.4,1311794
2021-06-22 09:39:40,1112.05,1311902
2021-06-22 09:39:41,1112.05,1313009
2021-06-22 09:39:42,1112.1,1313391
2021-06-22 09:39:43,1112.1,1313394
2021-06-22 09:39:44,1112.35,1314394
2021-06-22 09:39:45,1112.0,1314494
2021-06-22 09:39:46,1112.05,1315006
2021-06-22 09:39:47,1112.0,1315266
2021-06-22 09:39:48,1111.7,1315772
2021-06-22 09:39:49,1112.05,1316058
2021-06-22 09:39:50,1112.2,1316238
2021-06-22 09:39:50,1112.05,1316292
2021-06-22 09:39:52,1111.9,1316302
2021-06-22 09:39:53,1112.2,1316822
2021-06-22 09:39:54,1112.05,1317431
2021-06-22 09:39:55,1112.3,1317472
2021-06-22 09:39:56,1112.05,1317886
2021-06-22 09:39:57,1112.0,1317908
2021-06-22 09:39:58,1111.4,1319666
2021-06-22 09:39:59,1111.4,1320057
2021-06-22 09:40:01,1110.8,1329050
2021-06-22 09:40:04,1111.0,1330265
2021-06-22 09:40:04,1111.0,1330264
2021-06-22 09:40:05,1110.8,1330286
2021-06-22 09:40:06,1110.8,1330522
2021-06-22 09:40:07,1110.1,1336188
2021-06-22 09:40:08,1110.1,1337524
2021-06-22 09:40:09,1110.0,1338317
2021-06-22 09:40:10,1110.1,1338578
2021-06-22 09:40:13,1109.3,1360517
2021-06-22 09:40:14,1109.15,1361211
2021-06-22 09:40:15,1109.15,1362728
2021-06-22 09:40:16,1109.55,1363034
2021-06-22 09:40:17,1109.6,1363724
2021-06-22 09:40:18,1109.35,1365330
2021-06-22 09:40:19,1109.85,1365384
2021-06-22 09:40:20,1109.7,1365986
2021-06-22 09:40:21,1109.65,1368024
2021-06-22 09:40:24,1109.8,1370991
2021-06-22 09:40:25,1109.8,1371177
2021-06-22 09:40:26,1109.8,1371819
2021-06-22 09:40:27,1110.0,1372594
2021-06-22 09:40:28,1110.0,1374782
2021-06-22 09:40:29,1110.0,1375902
2021-06-22 09:40:30,1110.0,1375923
2021-06-22 09:40:31,1109.8,1376358
2021-06-22 09:40:32,1110.0,1376880
2021-06-22 09:40:32,1110.0,1377045
2021-06-22 09:40:33,1110.0,1377359
2021-06-22 09:40:35,1110.0,1377752
2021-06-22 09:40:36,1110.0,1377973
2021-06-22 09:40:39,1110.05,1379042
2021-06-22 09:40:38,1110.0,1378992
2021-06-22 09:40:40,1110.05,1379578
2021-06-22 09:40:41,1110.0,1379869
2021-06-22 09:40:42,1110.0,1380282
2021-06-22 09:40:43,1110.05,1381201
2021-06-22 09:40:44,1110.05,1381301
2021-06-22 09:40:45,1110.05,1381301
2021-06-22 09:40:46,1110.05,1381447
2021-06-22 09:40:47,1110.0,1381871
2021-06-22 09:40:48,1110.1,1381877
2021-06-22 09:40:50,1109.6,1382760
2021-06-22 09:40:51,1109.9,1382789
2021-06-22 09:40:52,1109.75,1382897
2021-06-22 09:40:53,1109.75,1382897
2021-06-22 09:40:55,1110.0,1383752
2021-06-22 09:40:56,1109.85,1384567
2021-06-22 09:40:57,1110.0,1384740
2021-06-22 09:40:58,1109.75,1384861
2021-06-22 09:40:59,1110.05,1384891
2021-06-22 09:41:02,1109.6,1385732
2021-06-22 09:41:03,1109.15,1390921
2021-06-22 09:41:04,1109.6,1391104
2021-06-22 09:41:05,1109.6,1391260
2021-06-22 09:41:06,1109.65,1391477
2021-06-22 09:41:07,1109.0,1393719
2021-06-22 09:41:08,1109.0,1394220
2021-06-22 09:41:09,1109.0,1399392
2021-06-22 09:41:10,1109.3,1399718
2021-06-22 09:41:11,1109.65,1400304
2021-06-22 09:41:12,1109.6,1400355
2021-06-22 09:41:13,1109.75,1401470
2021-06-22 09:41:14,1109.6,1401491
2021-06-22 09:41:15,1109.6,1401491
2021-06-22 09:41:16,1109.6,1401554
2021-06-22 09:41:17,1110.9,1407175
2021-06-22 09:41:18,1110.55,1407761
2021-06-22 09:41:19,1110.5,1408556
2021-06-22 09:41:20,1110.35,1409051
2021-06-22 09:41:21,1110.2,1409166
2021-06-22 09:41:22,1110.2,1409166
2021-06-22 09:41:23,1109.85,1409242
2021-06-22 09:41:24,1110.35,1409672
2021-06-22 09:41:25,1109.9,1410117
2021-06-22 09:41:26,1109.9,1410408
2021-06-22 09:41:27,1110.0,1412011
2021-06-22 09:41:28,1109.65,1412078
2021-06-22 09:41:29,1109.9,1412446
2021-06-22 09:41:30,1109.65,1412450
2021-06-22 09:41:31,1109.65,1412759
2021-06-22 09:41:32,1109.65,1413220
2021-06-22 09:41:33,1109.65,1413589
2021-06-22 09:41:34,1109.6,1413640
2021-06-22 09:41:35,1109.65,1413745
2021-06-22 09:41:36,1109.9,1414391
2021-06-22 09:41:37,1109.65,1414550
2021-06-22 09:41:38,1109.9,1415406
2021-06-22 09:41:39,1109.9,1415456
2021-06-22 09:41:40,1109.9,1416087
2021-06-22 09:41:41,1109.9,1416193
2021-06-22 09:41:42,1109.9,1416441
2021-06-22 09:41:43,1109.9,1416613
2021-06-22 09:41:45,1109.6,1418714
2021-06-22 09:41:46,1109.85,1418744
2021-06-22 09:41:47,1109.85,1418764
2021-06-22 09:41:48,1109.6,1418949
2021-06-22 09:41:49,1109.5,1419703
2021-06-22 09:41:50,1109.85,1419838
2021-06-22 09:41:51,1109.55,1420662
2021-06-22 09:41:52,1109.65,1420740
2021-06-22 09:41:53,1109.65,1420755
2021-06-22 09:41:54,1109.85,1421727
2021-06-22 09:41:55,1109.6,1421742
2021-06-22 09:41:56,1109.9,1421962
2021-06-22 09:41:57,1109.9,1421983
2021-06-22 09:41:58,1109.5,1422095
2021-06-22 09:41:59,1109.55,1422101
2021-06-22 09:42:00,1109.05,1430958
2021-06-22 09:42:01,1109.15,1431256
2021-06-22 09:42:02,1109.15,1431458
2021-06-22 09:42:03,1109.0,1431742
2021-06-22 09:42:05,1109.15,1431892
2021-06-22 09:42:06,1109.15,1432300
2021-06-22 09:42:07,1109.0,1432900
2021-06-22 09:42:08,1109.35,1432925
2021-06-22 09:42:09,1109.35,1433014
2021-06-22 09:42:10,1109.35,1433124
2021-06-22 09:42:11,1109.0,1433240
2021-06-22 09:42:12,1109.15,1433308
2021-06-22 09:42:13,1109.15,1433547
2021-06-22 09:42:15,1109.5,1434679
2021-06-22 09:42:16,1109.35,1434955
2021-06-22 09:42:17,1109.5,1434977
2021-06-22 09:42:18,1109.5,1435020
2021-06-22 09:42:19,1109.5,1435454
2021-06-22 09:42:20,1109.5,1435454
2021-06-22 09:42:21,1109.85,1435525
2021-06-22 09:42:22,1109.5,1435749
2021-06-22 09:42:23,1109.65,1435813
2021-06-22 09:42:24,1110.0,1435992
2021-06-22 09:42:25,1110.3,1436543
2021-06-22 09:42:26,1110.3,1436543
2021-06-22 09:42:28,1109.9,1436753
2021-06-22 09:42:29,1110.0,1436827
2021-06-22 09:42:30,1110.05,1437772
2021-06-22 09:42:31,1110.05,1437772
2021-06-22 09:42:32,1110.0,1438714
2021-06-22 09:42:33,1110.0,1439110
2021-06-22 09:42:34,1110.0,1439414
2021-06-22 09:42:35,1109.9,1439472
2021-06-22 09:42:36,1109.8,1440070
2021-06-22 09:42:37,1109.85,1440185
2021-06-22 09:42:38,1109.65,1440593
2021-06-22 09:42:39,1110.0,1441393
2021-06-22 09:42:40,1110.0,1441409
2021-06-22 09:42:41,1110.0,1442816
2021-06-22 09:42:42,1110.05,1442926
2021-06-22 09:42:44,1110.75,1444451
2021-06-22 09:42:45,1110.2,1444982
2021-06-22 09:42:46,1110.2,1444982
2021-06-22 09:42:47,1110.1,1445491
2021-06-22 09:42:48,1110.8,1445714
2021-06-22 09:42:49,1110.3,1445728
2021-06-22 09:42:51,1110.8,1445939
2021-06-22 09:42:51,1110.3,1445953
2021-06-22 09:42:52,1110.7,1446089
2021-06-22 09:42:53,1110.9,1446126
2021-06-22 09:42:54,1110.9,1446211
2021-06-22 09:42:55,1110.7,1446217
2021-06-22 09:42:56,1111.0,1451635
2021-06-22 09:42:58,1111.35,1453385
2021-06-22 09:42:58,1110.9,1453389
2021-06-22 09:42:59,1111.4,1453899
2021-06-22 09:43:00,1111.45,1453944
2021-06-22 09:43:01,1111.45,1454159
2021-06-22 09:43:03,1111.45,1455332
2021-06-22 09:43:04,1111.45,1455332
2021-06-22 09:43:05,1111.35,1456583
2021-06-22 09:43:07,1111.45,1456899
2021-06-22 09:43:07,1111.4,1456949
2021-06-22 09:43:08,1111.2,1457084
2021-06-22 09:43:09,1111.0,1457607
2021-06-22 09:43:10,1111.2,1458299
2021-06-22 09:43:13,1111.0,1458587
2021-06-22 09:43:13,1111.25,1458692
2021-06-22 09:43:16,1111.8,1460274
2021-06-22 09:43:17,1111.8,1460796
2021-06-22 09:43:19,1111.35,1461059
2021-06-22 09:43:19,1111.35,1461059
2021-06-22 09:43:20,1111.9,1461840
2021-06-22 09:43:21,1111.9,1461840
2021-06-22 09:43:22,1111.8,1461850
2021-06-22 09:43:23,1111.9,1461870
2021-06-22 09:43:24,1111.9,1462127
2021-06-22 09:43:25,1111.9,1462285
2021-06-22 09:43:26,1112.0,1463154
2021-06-22 09:43:28,1112.0,1463490
2021-06-22 09:43:29,1112.0,1463550
2021-06-22 09:43:30,1112.0,1464430
2021-06-22 09:43:31,1112.0,1465150
2021-06-22 09:43:32,1112.0,1465330
2021-06-22 09:43:33,1112.0,1465355
2021-06-22 09:43:34,1112.0,1465390
2021-06-22 09:43:35,1112.0,1465496
2021-06-22 09:43:36,1112.0,1465583
2021-06-22 09:43:37,1112.0,1465717
2021-06-22 09:43:39,1112.0,1465774
2021-06-22 09:43:40,1112.0,1465977
2021-06-22 09:43:41,1112.05,1466216
2021-06-22 09:43:42,1112.2,1466386
2021-06-22 09:43:42,1112.2,1466387
2021-06-22 09:43:43,1112.0,1467607
2021-06-22 09:43:44,1112.0,1468562
2021-06-22 09:43:45,1112.0,1468934
2021-06-22 09:43:46,1112.0,1468934
2021-06-22 09:43:47,1112.0,1469122
2021-06-22 09:43:48,1112.0,1469144
2021-06-22 09:43:50,1111.9,1470560
2021-06-22 09:43:52,1112.0,1470723
2021-06-22 09:43:52,1111.9,1470939
2021-06-22 09:43:53,1111.85,1471020
2021-06-22 09:43:54,1111.8,1471138
2021-06-22 09:43:55,1112.0,1471550
2021-06-22 09:43:56,1112.0,1471712
2021-06-22 09:43:57,1111.85,1471753
2021-06-22 09:43:59,1111.95,1472079
2021-06-22 09:44:01,1111.85,1472703
2021-06-22 09:44:01,1111.85,1472703
2021-06-22 09:44:02,1111.5,1473118
2021-06-22 09:44:03,1111.8,1473598
2021-06-22 09:44:04,1111.6,1473753
2021-06-22 09:44:05,1111.7,1473875
2021-06-22 09:44:08,1111.7,1473918
2021-06-22 09:44:10,1111.6,1474001
2021-06-22 09:44:11,1111.75,1474053
2021-06-22 09:44:12,1111.75,1474053
2021-06-22 09:44:13,1111.8,1474178
2021-06-22 09:44:15,1111.85,1474861
2021-06-22 09:44:18,1111.85,1474965
2021-06-22 09:44:18,1111.85,1475107
2021-06-22 09:44:20,1112.0,1475840
2021-06-22 09:44:21,1112.0,1477134
2021-06-22 09:44:22,1112.0,1477186
2021-06-22 09:44:23,1112.0,1477224
2021-06-22 09:44:24,1112.0,1477696
2021-06-22 09:44:25,1111.75,1477917
2021-06-22 09:44:27,1112.0,1478018
2021-06-22 09:44:27,1112.0,1478018
2021-06-22 09:44:28,1111.75,1478300
2021-06-22 09:44:29,1112.0,1478631
2021-06-22 09:44:30,1111.7,1478640
2021-06-22 09:44:31,1112.0,1478656
2021-06-22 09:44:32,1111.9,1479225
2021-06-22 09:44:33,1111.9,1479227
2021-06-22 09:44:34,1111.9,1480068
2021-06-22 09:44:37,1112.45,1480365
2021-06-22 09:44:38,1112.15,1480957
2021-06-22 09:44:39,1112.15,1481074
2021-06-22 09:44:40,1112.15,1481087
2021-06-22 09:44:41,1112.5,1481873
2021-06-22 09:44:42,1112.9,1483123
2021-06-22 09:44:43,1112.65,1483572
2021-06-22 09:44:44,1113.0,1483935
2021-06-22 09:44:45,1113.0,1483945
2021-06-22 09:44:47,1112.85,1485335
2021-06-22 09:44:49,1113.0,1485539
2021-06-22 09:44:50,1113.45,1485809
2021-06-22 09:44:51,1113.0,1486091
2021-06-22 09:44:52,1113.0,1486704
2021-06-22 09:44:53,1113.0,1486808
2021-06-22 09:44:55,1113.35,1486954
2021-06-22 09:44:56,1112.9,1487348
2021-06-22 09:44:58,1113.2,1489720
2021-06-22 09:44:59,1113.35,1489840
2021-06-22 09:45:00,1112.05,1496627
2021-06-22 09:45:01,1112.6,1496733
2021-06-22 09:45:02,1112.35,1496761
2021-06-22 09:45:02,1112.35,1496760
2021-06-22 09:45:03,1112.8,1497232
2021-06-22 09:45:04,1112.85,1497356
2021-06-22 09:45:05,1112.65,1497362
2021-06-22 09:45:07,1112.6,1497521
2021-06-22 09:45:08,1112.9,1497973
2021-06-22 09:45:08,1112.9,1497632
2021-06-22 09:45:10,1113.1,1498197
2021-06-22 09:45:13,1113.35,1499643
2021-06-22 09:45:14,1113.2,1500624
2021-06-22 09:45:15,1113.4,1500887
2021-06-22 09:45:16,1112.5,1507404
2021-06-22 09:45:17,1112.65,1507807
2021-06-22 09:45:19,1112.8,1507951
2021-06-22 09:45:20,1112.5,1508115
2021-06-22 09:45:21,1112.8,1508247
2021-06-22 09:45:22,1112.9,1508757
2021-06-22 09:45:24,1112.85,1509019
2021-06-22 09:45:26,1113.1,1509268
2021-06-22 09:45:27,1112.85,1509298
2021-06-22 09:45:27,1112.85,1509298
2021-06-22 09:45:28,1113.0,1509678
2021-06-22 09:45:29,1112.8,1509734
2021-06-22 09:45:31,1113.3,1510123
2021-06-22 09:45:33,1113.1,1510142
2021-06-22 09:45:34,1113.3,1510159
2021-06-22 09:45:35,1113.35,1511344
2021-06-22 09:45:35,1113.35,1511344
2021-06-22 09:45:36,1114.55,1521222
2021-06-22 09:45:37,1114.4,1521697
2021-06-22 09:45:38,1114.55,1521829
2021-06-22 09:45:40,1114.55,1522139
2021-06-22 09:45:41,1114.9,1522934
2021-06-22 09:45:41,1114.85,1522784
2021-06-22 09:45:42,1114.6,1523234
2021-06-22 09:45:44,1114.95,1525633
2021-06-22 09:45:45,1114.95,1525963
2021-06-22 09:45:46,1114.95,1526867
2021-06-22 09:45:48,1114.6,1526947
2021-06-22 09:45:49,1114.45,1527738
2021-06-22 09:45:50,1114.1,1529904
2021-06-22 09:45:51,1114.2,1530373
2021-06-22 09:45:51,1114.0,1530813
2021-06-22 09:45:52,1113.6,1532038
2021-06-22 09:45:53,1113.95,1533060
2021-06-22 09:45:55,1114.05,1533686
2021-06-22 09:45:56,1113.95,1533794
2021-06-22 09:45:57,1113.6,1534426
2021-06-22 09:45:59,1114.1,1534556
2021-06-22 09:46:00,1113.6,1534730
2021-06-22 09:46:00,1113.6,1534730
2021-06-22 09:46:01,1113.85,1535466
2021-06-22 09:46:02,1113.6,1541357
2021-06-22 09:46:03,1113.6,1541601
2021-06-22 09:46:05,1113.85,1542230
2021-06-22 09:46:06,1113.6,1542233
2021-06-22 09:46:08,1113.8,1543278
2021-06-22 09:46:09,1114.4,1543304
2021-06-22 09:46:10,1113.8,1543913
2021-06-22 09:46:11,1113.8,1543913
2021-06-22 09:46:12,1113.8,1544127
2021-06-22 09:46:13,1114.0,1544153
2021-06-22 09:46:14,1114.4,1545903
2021-06-22 09:46:17,1114.1,1546087
2021-06-22 09:46:18,1114.15,1546172
2021-06-22 09:46:19,1114.15,1546252
2021-06-22 09:46:20,1114.4,1546276
2021-06-22 09:46:21,1114.05,1546511
2021-06-22 09:46:22,1114.45,1546592
2021-06-22 09:46:23,1114.05,1547149
2021-06-22 09:46:24,1114.05,1547434
2021-06-22 09:46:25,1114.45,1547695
2021-06-22 09:46:26,1114.45,1547704
2021-06-22 09:46:28,1114.2,1548187
2021-06-22 09:46:29,1114.15,1548305
2021-06-22 09:46:29,1114.0,1548355
2021-06-22 09:46:30,1114.0,1548375
2021-06-22 09:46:31,1114.45,1548545
2021-06-22 09:46:32,1114.0,1548574
2021-06-22 09:46:34,1114.25,1549580
2021-06-22 09:46:35,1114.05,1550726
2021-06-22 09:46:35,1114.15,1550700
2021-06-22 09:46:36,1114.0,1551289
2021-06-22 09:46:37,1114.0,1551671
2021-06-22 09:46:38,1114.2,1551776
2021-06-22 09:46:39,1114.0,1552382
2021-06-22 09:46:40,1113.95,1552635
2021-06-22 09:46:41,1114.0,1552642
2021-06-22 09:46:43,1113.6,1553032
2021-06-22 09:46:44,1113.55,1554284
2021-06-22 09:46:45,1113.65,1554604
2021-06-22 09:46:45,1113.65,1554604
2021-06-22 09:46:46,1113.4,1554725
2021-06-22 09:46:47,1113.3,1554841
2021-06-22 09:46:48,1113.3,1554994
2021-06-22 09:46:49,1113.65,1554995
2021-06-22 09:46:50,1113.25,1555193
2021-06-22 09:46:51,1113.5,1555195
2021-06-22 09:46:54,1113.55,1555357
2021-06-22 09:46:55,1113.25,1556011
2021-06-22 09:46:55,1113.25,1556011
2021-06-22 09:46:56,1113.9,1556134
2021-06-22 09:46:57,1113.5,1556210
2021-06-22 09:46:58,1113.5,1556410
2021-06-22 09:47:00,1113.9,1557637
2021-06-22 09:47:01,1113.9,1557711
2021-06-22 09:47:03,1114.0,1557826
2021-06-22 09:47:04,1113.8,1557877
2021-06-22 09:47:05,1113.8,1557893
2021-06-22 09:47:06,1113.5,1558277
2021-06-22 09:47:07,1113.5,1558394
2021-06-22 09:47:07,1113.5,1558395
2021-06-22 09:47:08,1113.5,1558597
2021-06-22 09:47:09,1113.9,1558757
2021-06-22 09:47:10,1113.7,1560101
2021-06-22 09:47:12,1113.5,1560204
2021-06-22 09:47:13,1113.5,1560224
2021-06-22 09:47:14,1113.5,1560240
2021-06-22 09:47:15,1113.5,1560289
2021-06-22 09:47:16,1113.55,1560332
2021-06-22 09:47:16,1113.55,1560332
2021-06-22 09:47:17,1113.35,1561707
2021-06-22 09:47:18,1113.55,1561927
2021-06-22 09:47:19,1113.55,1561927
2021-06-22 09:47:21,1113.5,1561944
2021-06-22 09:47:22,1113.5,1561946
2021-06-22 09:47:23,1113.8,1562031
2021-06-22 09:47:24,1113.55,1562032
2021-06-22 09:47:25,1113.3,1562095
2021-06-22 09:47:27,1113.55,1562312
2021-06-22 09:47:27,1113.55,1562223
2021-06-22 09:47:28,1113.4,1562470
2021-06-22 09:47:29,1113.25,1563070
2021-06-22 09:47:30,1113.5,1563116
2021-06-22 09:47:31,1113.25,1563121
2021-06-22 09:47:32,1113.25,1563425
2021-06-22 09:47:33,1113.25,1563517
2021-06-22 09:47:35,1113.25,1563769
2021-06-22 09:47:36,1113.25,1563772
2021-06-22 09:47:37,1113.4,1563788
2021-06-22 09:47:37,1113.4,1563889
2021-06-22 09:47:38,1113.25,1563891
2021-06-22 09:47:39,1113.35,1565130
2021-06-22 09:47:40,1113.4,1566185
2021-06-22 09:47:41,1113.4,1566185
2021-06-22 09:47:44,1113.0,1568219
2021-06-22 09:47:45,1113.4,1568311
2021-06-22 09:47:46,1113.0,1568742
2021-06-22 09:47:46,1113.0,1568742
2021-06-22 09:47:47,1113.25,1568760
2021-06-22 09:47:48,1113.25,1568770
2021-06-22 09:47:50,1113.0,1568999
2021-06-22 09:47:51,1113.25,1569136
2021-06-22 09:47:52,1113.45,1569236
2021-06-22 09:47:53,1113.5,1569282
2021-06-22 09:47:53,1113.1,1570271
2021-06-22 09:47:55,1113.45,1570456
2021-06-22 09:47:56,1113.0,1571322
2021-06-22 09:47:57,1113.45,1571372
2021-06-22 09:47:58,1113.0,1571668
2021-06-22 09:47:59,1113.0,1571672
2021-06-22 09:48:01,1113.4,1571711
2021-06-22 09:48:02,1113.0,1571951
2021-06-22 09:48:04,1113.05,1572055
2021-06-22 09:48:04,1113.05,1572056
2021-06-22 09:48:05,1113.05,1572057
2021-06-22 09:48:08,1113.05,1572132
2021-06-22 09:48:09,1113.3,1572552
2021-06-22 09:48:10,1113.3,1572552
2021-06-22 09:48:11,1113.4,1572981
2021-06-22 09:48:12,1113.4,1572981
2021-06-22 09:48:13,1113.15,1573242
2021-06-22 09:48:14,1113.4,1573313
2021-06-22 09:48:14,1113.4,1573313
2021-06-22 09:48:15,1113.4,1573347
2021-06-22 09:48:17,1113.9,1574637
2021-06-22 09:48:18,1113.5,1574738
2021-06-22 09:48:19,1113.55,1574988
2021-06-22 09:48:20,1114.05,1579685
2021-06-22 09:48:21,1113.9,1579886
2021-06-22 09:48:22,1113.9,1580228
2021-06-22 09:48:23,1113.85,1580280
2021-06-22 09:48:23,1113.85,1580380
2021-06-22 09:48:24,1114.25,1580440
2021-06-22 09:48:26,1114.25,1580550
2021-06-22 09:48:27,1113.75,1581550
2021-06-22 09:48:29,1113.4,1582550
2021-06-22 09:48:30,1114.0,1582601
2021-06-22 09:48:31,1114.0,1582631
2021-06-22 09:48:32,1114.0,1582765
2021-06-22 09:48:32,1113.7,1582785
2021-06-22 09:48:33,1113.15,1587785
2021-06-22 09:48:35,1113.45,1587985
2021-06-22 09:48:36,1114.2,1588443
2021-06-22 09:48:37,1114.2,1588443
2021-06-22 09:48:38,1113.9,1588953
2021-06-22 09:48:39,1114.25,1589049
2021-06-22 09:48:39,1114.0,1588980
2021-06-22 09:48:40,1114.45,1589673
2021-06-22 09:48:41,1114.5,1592526
2021-06-22 09:48:43,1114.45,1593344
2021-06-22 09:48:44,1114.8,1593377
2021-06-22 09:48:45,1114.9,1593478
2021-06-22 09:48:46,1114.4,1593902
2021-06-22 09:48:47,1114.9,1594012
2021-06-22 09:48:48,1114.9,1594574
2021-06-22 09:48:48,1114.9,1594594
2021-06-22 09:48:49,1114.5,1595082
2021-06-22 09:48:50,1115.5,1610671
2021-06-22 09:48:51,1115.2,1610706
2021-06-22 09:48:55,1115.1,1611061
2021-06-22 09:48:56,1115.35,1611744
2021-06-22 09:48:57,1115.7,1611843
2021-06-22 09:48:59,1115.45,1614975
2021-06-22 09:48:59,1115.45,1614975
2021-06-22 09:49:00,1115.3,1615555
2021-06-22 09:49:01,1115.5,1615677
2021-06-22 09:49:02,1115.2,1616467
2021-06-22 09:49:04,1115.3,1616608
2021-06-22 09:49:05,1115.75,1616726
2021-06-22 09:49:06,1115.45,1617237
2021-06-22 09:49:07,1115.4,1617370
2021-06-22 09:49:08,1115.75,1617765
2021-06-22 09:49:09,1115.7,1618072
2021-06-22 09:49:09,1115.7,1618107
2021-06-22 09:49:10,1115.7,1618632
2021-06-22 09:49:12,1115.7,1618648
2021-06-22 09:49:13,1115.45,1618782
2021-06-22 09:49:14,1115.15,1621076
2021-06-22 09:49:15,1115.0,1621685
2021-06-22 09:49:16,1115.1,1621789
2021-06-22 09:49:17,1115.45,1622343
2021-06-22 09:49:17,1115.45,1622343
2021-06-22 09:49:19,1115.25,1623143
2021-06-22 09:49:20,1115.7,1623940
2021-06-22 09:49:21,1116.0,1634307
2021-06-22 09:49:22,1116.6,1637700
2021-06-22 09:49:23,1116.6,1638314
2021-06-22 09:49:24,1116.6,1638595
2021-06-22 09:49:25,1116.6,1638599
2021-06-22 09:49:27,1116.3,1639219
2021-06-22 09:49:27,1116.3,1639219
2021-06-22 09:49:28,1116.35,1640231
2021-06-22 09:49:30,1115.8,1640340
2021-06-22 09:49:32,1116.35,1640915
2021-06-22 09:49:34,1116.35,1641450
2021-06-22 09:49:35,1116.05,1641460
2021-06-22 09:49:35,1116.0,1642211
2021-06-22 09:49:36,1115.6,1642643
2021-06-22 09:49:38,1115.65,1642893
2021-06-22 09:49:40,1115.65,1642895
2021-06-22 09:49:41,1116.0,1643057
2021-06-22 09:49:42,1115.9,1643091
2021-06-22 09:49:43,1116.0,1644191
2021-06-22 09:49:45,1115.4,1645153
2021-06-22 09:49:46,1115.4,1645194
2021-06-22 09:49:46,1115.9,1645244
2021-06-22 09:49:47,1115.9,1645285
2021-06-22 09:49:49,1115.25,1646085
2021-06-22 09:49:50,1115.25,1646588
2021-06-22 09:49:51,1115.35,1646658
2021-06-22 09:49:52,1115.45,1646662
2021-06-22 09:49:54,1115.35,1646732
2021-06-22 09:49:55,1115.45,1646832
2021-06-22 09:49:56,1115.45,1646832
2021-06-22 09:49:58,1115.25,1647025
2021-06-22 09:49:59,1115.45,1647400
2021-06-22 09:50:00,1115.95,1647925
2021-06-22 09:50:01,1115.4,1649286
2021-06-22 09:50:02,1115.45,1649922
2021-06-22 09:50:03,1115.9,1650025
2021-06-22 09:50:04,1115.85,1650035
2021-06-22 09:50:06,1115.3,1650239
2021-06-22 09:50:08,1115.75,1650434
2021-06-22 09:50:09,1115.75,1650469
2021-06-22 09:50:10,1115.7,1650481
2021-06-22 09:50:11,1115.3,1652365
2021-06-22 09:50:12,1115.3,1652486
2021-06-22 09:50:13,1115.5,1652552
2021-06-22 09:50:14,1115.0,1653174
2021-06-22 09:50:15,1115.35,1653324
2021-06-22 09:50:15,1115.35,1653324
2021-06-22 09:50:17,1115.2,1653473
2021-06-22 09:50:18,1115.35,1653483
2021-06-22 09:50:19,1115.0,1653706
2021-06-22 09:50:20,1115.3,1654768
2021-06-22 09:50:21,1115.3,1654768
2021-06-22 09:50:22,1115.0,1655933
2021-06-22 09:50:23,1115.0,1657255
2021-06-22 09:50:24,1115.3,1657590
2021-06-22 09:50:25,1115.0,1658512
2021-06-22 09:50:25,1115.0,1658962
2021-06-22 09:50:27,1115.0,1659037
2021-06-22 09:50:28,1114.9,1660435
2021-06-22 09:50:29,1115.0,1660647
2021-06-22 09:50:30,1114.55,1660748
2021-06-22 09:50:31,1114.5,1661102
2021-06-22 09:50:32,1115.0,1661176
2021-06-22 09:50:34,1114.55,1661234
2021-06-22 09:50:35,1114.55,1661762
2021-06-22 09:50:36,1114.6,1662260
2021-06-22 09:50:37,1114.6,1662260
2021-06-22 09:50:38,1115.1,1663925
2021-06-22 09:50:39,1115.6,1664816
2021-06-22 09:50:40,1115.6,1664876
2021-06-22 09:50:40,1115.6,1664851
2021-06-22 09:50:42,1115.6,1664876
2021-06-22 09:50:43,1115.6,1664876
2021-06-22 09:50:44,1115.6,1664911
2021-06-22 09:50:45,1115.75,1665077
2021-06-22 09:50:46,1115.55,1665177
2021-06-22 09:50:47,1115.55,1665217
2021-06-22 09:50:47,1115.55,1665217
2021-06-22 09:50:48,1115.55,1665254
2021-06-22 09:50:49,1115.6,1665575
2021-06-22 09:50:51,1115.6,1665586
2021-06-22 09:50:52,1115.6,1665619
2021-06-22 09:50:53,1115.5,1666139
2021-06-22 09:50:54,1115.85,1666339
2021-06-22 09:50:55,1115.85,1666339
2021-06-22 09:50:56,1115.85,1666469
2021-06-22 09:50:57,1115.85,1666737
2021-06-22 09:50:57,1115.9,1666738
2021-06-22 09:50:59,1115.85,1666888
2021-06-22 09:51:00,1115.85,1666939
2021-06-22 09:51:01,1115.95,1667220
2021-06-22 09:51:02,1115.6,1667929
2021-06-22 09:51:03,1115.55,1668020
2021-06-22 09:51:04,1115.55,1668047
2021-06-22 09:51:04,1115.5,1668147
2021-06-22 09:51:06,1115.85,1668202
2021-06-22 09:51:07,1115.35,1668282
2021-06-22 09:51:08,1115.75,1668297
2021-06-22 09:51:09,1115.0,1668563
2021-06-22 09:51:10,1115.4,1668714
2021-06-22 09:51:10,1115.0,1668757
2021-06-22 09:51:12,1115.0,1668757
2021-06-22 09:51:13,1115.4,1669094
2021-06-22 09:51:14,1115.0,1670097
2021-06-22 09:51:15,1115.0,1670108
2021-06-22 09:51:16,1115.0,1670123
2021-06-22 09:51:17,1115.35,1670223
2021-06-22 09:51:18,1115.4,1670250
2021-06-22 09:51:19,1115.0,1670280
2021-06-22 09:51:20,1115.0,1670280
2021-06-22 09:51:21,1115.35,1670470
2021-06-22 09:51:22,1115.35,1670730
2021-06-22 09:51:23,1115.35,1670730
2021-06-22 09:51:24,1115.0,1670761
2021-06-22 09:51:25,1115.4,1670814
2021-06-22 09:51:26,1115.0,1670825
2021-06-22 09:51:27,1115.35,1670846
2021-06-22 09:51:28,1115.45,1671653
2021-06-22 09:51:29,1115.0,1671676
2021-06-22 09:51:30,1115.0,1671699
2021-06-22 09:51:32,1115.0,1672891
2021-06-22 09:51:31,1115.3,1671891
2021-06-22 09:51:33,1115.05,1673121
2021-06-22 09:51:34,1115.3,1673176
2021-06-22 09:51:35,1115.0,1673698
2021-06-22 09:51:37,1115.05,1674042
2021-06-22 09:51:38,1115.05,1674042
2021-06-22 09:51:39,1115.3,1674071
2021-06-22 09:51:40,1115.1,1674201
2021-06-22 09:51:41,1115.1,1674201
2021-06-22 09:51:42,1115.3,1674228
2021-06-22 09:51:43,1115.3,1674229
2021-06-22 09:51:44,1115.1,1674289
2021-06-22 09:51:45,1115.1,1674307
2021-06-22 09:51:46,1115.25,1674317
2021-06-22 09:51:47,1115.1,1674393
2021-06-22 09:51:48,1116.0,1691574
2021-06-22 09:51:49,1116.45,1691644
2021-06-22 09:51:50,1116.45,1691644
2021-06-22 09:51:51,1116.0,1692144
2021-06-22 09:51:52,1116.05,1693598
2021-06-22 09:51:53,1116.05,1693654
2021-06-22 09:51:54,1116.5,1694504
2021-06-22 09:51:55,1116.05,1694519
2021-06-22 09:51:56,1116.05,1694523
2021-06-22 09:51:57,1116.05,1694528
2021-06-22 09:51:58,1116.5,1694861
2021-06-22 09:51:59,1116.5,1694967
2021-06-22 09:52:01,1116.25,1696436
2021-06-22 09:52:02,1116.5,1697613
2021-06-22 09:52:03,1116.5,1697613
2021-06-22 09:52:04,1116.5,1697708
2021-06-22 09:52:05,1116.0,1698763
2021-06-22 09:52:06,1115.45,1699013
2021-06-22 09:52:07,1115.4,1699268
2021-06-22 09:52:08,1115.45,1699837
2021-06-22 09:52:09,1115.9,1699842
2021-06-22 09:52:10,1116.35,1700359
2021-06-22 09:52:11,1115.75,1700373
2021-06-22 09:52:12,1116.35,1700818
2021-06-22 09:52:13,1116.1,1700869
2021-06-22 09:52:14,1115.9,1700998
2021-06-22 09:52:15,1115.9,1700998
2021-06-22 09:52:16,1115.9,1701108
2021-06-22 09:52:17,1116.0,1701375
2021-06-22 09:52:18,1116.0,1701386
2021-06-22 09:52:19,1116.0,1701386
2021-06-22 09:52:20,1115.9,1701729
2021-06-22 09:52:21,1115.9,1702318
2021-06-22 09:52:22,1115.85,1702439
2021-06-22 09:52:23,1115.45,1702451
2021-06-22 09:52:24,1115.45,1702451
2021-06-22 09:52:25,1115.85,1702456
2021-06-22 09:52:26,1115.85,1702456
2021-06-22 09:52:27,1115.85,1702659
2021-06-22 09:52:28,1115.45,1702789
2021-06-22 09:52:29,1115.8,1702894
2021-06-22 09:52:30,1115.8,1702894
2021-06-22 09:52:31,1115.5,1702954
2021-06-22 09:52:32,1115.85,1703079
2021-06-22 09:52:33,1115.85,1703118
2021-06-22 09:52:34,1115.5,1703515
2021-06-22 09:52:35,1115.75,1703516
2021-06-22 09:52:37,1115.5,1703530
2021-06-22 09:52:38,1115.8,1703625
2021-06-22 09:52:39,1115.8,1703625
2021-06-22 09:52:40,1115.5,1703726
2021-06-22 09:52:41,1115.5,1703848
2021-06-22 09:52:42,1115.5,1704209
2021-06-22 09:52:43,1115.45,1704220
2021-06-22 09:52:45,1114.0,1711071
2021-06-22 09:52:46,1114.0,1711685
2021-06-22 09:52:48,1114.3,1711940
2021-06-22 09:52:49,1114.35,1712062
2021-06-22 09:52:50,1114.4,1712168
2021-06-22 09:52:51,1114.25,1713168
2021-06-22 09:52:52,1114.7,1713276
2021-06-22 09:52:53,1114.6,1713286
2021-06-22 09:52:54,1114.3,1713302
2021-06-22 09:52:55,1114.25,1714441
2021-06-22 09:52:56,1114.25,1714441
2021-06-22 09:52:57,1114.45,1714452
2021-06-22 09:52:59,1114.2,1715300
2021-06-22 09:53:00,1114.2,1715300
2021-06-22 09:53:01,1114.15,1715352
2021-06-22 09:53:02,1114.15,1715352
2021-06-22 09:53:03,1114.95,1715434
2021-06-22 09:53:04,1114.5,1716184
2021-06-22 09:53:06,1114.9,1716211
2021-06-22 09:53:07,1115.0,1716800
2021-06-22 09:53:08,1115.0,1716893
2021-06-22 09:53:09,1114.9,1717381
2021-06-22 09:53:10,1114.9,1717446
2021-06-22 09:53:11,1115.05,1717558
2021-06-22 09:53:13,1115.1,1717586
2021-06-22 09:53:12,1115.1,1717586
2021-06-22 09:53:14,1115.0,1717986
2021-06-22 09:53:15,1115.0,1718520
2021-06-22 09:53:16,1115.0,1718520
2021-06-22 09:53:17,1115.0,1720750
2021-06-22 09:53:18,1115.05,1720782
2021-06-22 09:53:20,1115.0,1720783
2021-06-22 09:53:21,1115.0,1720786
2021-06-22 09:53:22,1115.5,1721786
2021-06-22 09:53:22,1115.6,1721926
2021-06-22 09:53:23,1115.6,1721926
2021-06-22 09:53:24,1115.4,1721936
2021-06-22 09:53:25,1115.1,1721963
2021-06-22 09:53:26,1115.5,1722105
2021-06-22 09:53:27,1115.5,1722107
2021-06-22 09:53:28,1115.15,1722409
2021-06-22 09:53:29,1115.1,1722411
2021-06-22 09:53:31,1115.45,1722467
2021-06-22 09:53:32,1115.3,1722552
2021-06-22 09:53:34,1115.0,1723194
2021-06-22 09:53:35,1114.65,1724094
2021-06-22 09:53:36,1115.5,1724387
2021-06-22 09:53:37,1115.3,1724789
2021-06-22 09:53:38,1115.5,1724790
2021-06-22 09:53:40,1115.5,1724840
2021-06-22 09:53:40,1115.5,1724840
2021-06-22 09:53:41,1115.8,1726635
2021-06-22 09:53:43,1115.8,1726791
2021-06-22 09:53:44,1115.6,1726886
2021-06-22 09:53:46,1115.8,1726931
2021-06-22 09:53:46,1115.8,1726931
2021-06-22 09:53:48,1115.85,1726988
2021-06-22 09:53:49,1115.85,1728028
2021-06-22 09:53:52,1115.3,1728993
2021-06-22 09:53:53,1115.7,1729008
2021-06-22 09:53:54,1115.65,1729462
2021-06-22 09:53:56,1115.15,1729592
2021-06-22 09:53:57,1115.5,1729652
2021-06-22 09:53:58,1115.4,1730183
2021-06-22 09:54:00,1115.4,1730183
2021-06-22 09:54:01,1115.35,1730237
2021-06-22 09:54:01,1115.3,1730257
2021-06-22 09:54:02,1115.3,1730257
2021-06-22 09:54:03,1115.3,1730257
2021-06-22 09:54:04,1115.3,1731149
2021-06-22 09:54:05,1115.25,1731153
2021-06-22 09:54:08,1114.55,1731559
2021-06-22 09:54:08,1114.55,1731559
2021-06-22 09:54:09,1115.05,1731560
2021-06-22 09:54:10,1115.2,1731838
2021-06-22 09:54:11,1114.7,1731983
2021-06-22 09:54:12,1114.7,1731983
2021-06-22 09:54:13,1114.9,1731993
2021-06-22 09:54:14,1114.9,1732066
2021-06-22 09:54:16,1114.4,1732566
2021-06-22 09:54:16,1114.4,1732566
2021-06-22 09:54:17,1114.4,1732566
2021-06-22 09:54:18,1114.4,1732566
2021-06-22 09:54:19,1114.4,1732634
2021-06-22 09:54:21,1114.9,1732802
2021-06-22 09:54:21,1114.9,1732851
2021-06-22 09:54:22,1114.55,1732886
2021-06-22 09:54:23,1114.9,1733037
2021-06-22 09:54:24,1114.5,1733043
2021-06-22 09:54:25,1114.5,1733045
2021-06-22 09:54:27,1114.5,1733155
2021-06-22 09:54:28,1114.55,1733165
2021-06-22 09:54:29,1114.4,1733320
2021-06-22 09:54:30,1114.4,1733356
2021-06-22 09:54:31,1114.4,1733366
2021-06-22 09:54:33,1114.5,1733416
2021-06-22 09:54:33,1114.5,1733416
2021-06-22 09:54:34,1114.15,1734914
2021-06-22 09:54:35,1114.15,1734914
2021-06-22 09:54:36,1114.05,1734984
2021-06-22 09:54:37,1114.0,1736198
2021-06-22 09:54:38,1114.0,1736227
2021-06-22 09:54:39,1113.95,1736397
2021-06-22 09:54:41,1113.85,1736812
2021-06-22 09:54:41,1113.75,1736632
2021-06-22 09:54:42,1113.85,1737483
2021-06-22 09:54:43,1113.85,1737551
2021-06-22 09:54:44,1113.85,1737581
2021-06-22 09:54:47,1113.75,1737660
2021-06-22 09:54:47,1113.55,1737760
2021-06-22 09:54:48,1113.75,1737885
2021-06-22 09:54:49,1113.75,1737985
2021-06-22 09:54:50,1113.35,1738075
2021-06-22 09:54:51,1113.65,1738299
2021-06-22 09:54:54,1113.5,1738468
2021-06-22 09:54:54,1113.3,1738478
2021-06-22 09:54:55,1113.35,1738578
2021-06-22 09:54:56,1113.25,1738828
2021-06-22 09:54:57,1113.7,1738870
2021-06-22 09:54:58,1113.7,1738970
2021-06-22 09:54:59,1113.25,1738974
2021-06-22 09:55:00,1113.25,1739578
2021-06-22 09:55:01,1114.3,1742217
2021-06-22 09:55:02,1114.0,1742267
2021-06-22 09:55:04,1114.4,1742377
2021-06-22 09:55:05,1114.05,1742430
2021-06-22 09:55:05,1114.4,1742383
2021-06-22 09:55:06,1114.3,1742505
2021-06-22 09:55:07,1114.3,1742525
2021-06-22 09:55:08,1114.3,1742525
2021-06-22 09:55:09,1114.3,1742525
2021-06-22 09:55:10,1114.2,1742575
2021-06-22 09:55:11,1114.2,1742575
2021-06-22 09:55:13,1114.2,1742618
2021-06-22 09:55:13,1114.2,1742628
2021-06-22 09:55:14,1114.2,1742628
2021-06-22 09:55:15,1114.6,1742630
2021-06-22 09:55:16,1114.6,1742675
2021-06-22 09:55:17,1114.6,1742675
2021-06-22 09:55:18,1114.2,1742856
2021-06-22 09:55:19,1114.2,1742856
2021-06-22 09:55:20,1114.25,1744003
2021-06-22 09:55:22,1114.25,1744021
2021-06-22 09:55:22,1114.25,1744041
2021-06-22 09:55:23,1114.5,1744119
2021-06-22 09:55:24,1114.3,1744132
2021-06-22 09:55:25,1114.25,1744152
2021-06-22 09:55:27,1114.5,1744164
2021-06-22 09:55:28,1114.25,1744176
2021-06-22 09:55:28,1114.5,1744166
2021-06-22 09:55:29,1114.25,1744176
2021-06-22 09:55:30,1114.25,1744176
2021-06-22 09:55:31,1114.75,1744791
2021-06-22 09:55:32,1114.5,1744808
2021-06-22 09:55:33,1114.25,1744828
2021-06-22 09:55:35,1114.65,1745038
2021-06-22 09:55:36,1114.5,1745090
2021-06-22 09:55:37,1114.5,1745091
2021-06-22 09:55:38,1114.5,1745091
2021-06-22 09:55:39,1114.75,1745826
2021-06-22 09:55:40,1114.75,1745975
2021-06-22 09:55:41,1114.65,1746065
2021-06-22 09:55:43,1114.7,1746170
2021-06-22 09:55:44,1114.9,1746270
2021-06-22 09:55:44,1114.7,1746170
2021-06-22 09:55:45,1114.9,1746299
2021-06-22 09:55:46,1114.9,1746299
2021-06-22 09:55:47,1114.7,1746371
2021-06-22 09:55:48,1114.9,1746383
2021-06-22 09:55:50,1115.0,1746629
2021-06-22 09:55:51,1115.0,1746693
2021-06-22 09:55:51,1115.0,1746693
2021-06-22 09:55:52,1115.0,1746948
2021-06-22 09:55:53,1114.9,1747016
2021-06-22 09:55:55,1114.8,1747104
2021-06-22 09:55:56,1114.8,1747104
2021-06-22 09:55:57,1114.75,1747123
2021-06-22 09:55:57,1114.75,1747123
2021-06-22 09:55:59,1114.75,1747301
2021-06-22 09:56:00,1114.75,1747401
2021-06-22 09:56:01,1114.75,1747423
2021-06-22 09:56:03,1114.75,1747423
2021-06-22 09:56:04,1114.7,1747658
2021-06-22 09:56:05,1114.8,1747791
2021-06-22 09:56:06,1115.0,1747813
2021-06-22 09:56:07,1114.9,1747828
2021-06-22 09:56:07,1114.9,1747828
2021-06-22 09:56:08,1114.7,1747833
2021-06-22 09:56:10,1114.85,1748164
2021-06-22 09:56:10,1114.85,1748164
2021-06-22 09:56:11,1114.95,1748169
2021-06-22 09:56:12,1115.0,1748291
2021-06-22 09:56:13,1115.0,1748302
2021-06-22 09:56:14,1115.0,1748302
2021-06-22 09:56:15,1115.0,1748397
2021-06-22 09:56:17,1115.55,1758384
2021-06-22 09:56:18,1115.5,1758522
2021-06-22 09:56:18,1115.5,1758522
2021-06-22 09:56:19,1115.45,1758678
2021-06-22 09:56:20,1115.45,1758679
2021-06-22 09:56:23,1115.7,1758913
2021-06-22 09:56:24,1115.7,1758914
2021-06-22 09:56:24,1115.5,1758916
2021-06-22 09:56:26,1114.85,1759567
2021-06-22 09:56:28,1115.0,1759577
2021-06-22 09:56:28,1115.1,1759965
2021-06-22 09:56:30,1115.1,1759966
2021-06-22 09:56:31,1115.1,1759966
2021-06-22 09:56:32,1114.65,1760222
2021-06-22 09:56:33,1114.65,1760352
2021-06-22 09:56:34,1115.05,1760369
2021-06-22 09:56:34,1115.05,1760369
2021-06-22 09:56:35,1115.05,1760369
2021-06-22 09:56:36,1115.05,1760884
2021-06-22 09:56:37,1115.05,1760936
2021-06-22 09:56:38,1115.05,1760936
2021-06-22 09:56:39,1115.35,1761042
2021-06-22 09:56:40,1115.45,1761141
2021-06-22 09:56:43,1114.9,1761417
2021-06-22 09:56:43,1114.9,1761417
2021-06-22 09:56:44,1114.6,1761763
2021-06-22 09:56:45,1114.45,1762212
2021-06-22 09:56:47,1114.55,1762503
2021-06-22 09:56:48,1114.55,1762503
2021-06-22 09:56:49,1114.75,1762506
2021-06-22 09:56:50,1114.75,1762531
2021-06-22 09:56:51,1114.75,1762540
2021-06-22 09:56:53,1115.05,1762660
2021-06-22 09:56:55,1114.35,1762874
2021-06-22 09:56:56,1114.75,1763061
2021-06-22 09:56:56,1114.75,1763061
2021-06-22 09:56:57,1114.4,1763170
2021-06-22 09:56:58,1114.75,1763180
2021-06-22 09:57:00,1114.35,1763255
2021-06-22 09:57:01,1114.35,1763255
2021-06-22 09:57:03,1114.75,1763285
2021-06-22 09:57:03,1114.35,1763385
2021-06-22 09:57:04,1114.4,1763485
2021-06-22 09:57:05,1114.75,1763488
2021-06-22 09:57:06,1114.75,1763488
2021-06-22 09:57:09,1114.25,1763835
2021-06-22 09:57:10,1114.65,1763836
2021-06-22 09:57:10,1114.65,1763836
2021-06-22 09:57:11,1114.7,1763891
2021-06-22 09:57:12,1114.7,1763891
2021-06-22 09:57:13,1114.7,1763899
2021-06-22 09:57:14,1114.75,1764124
2021-06-22 09:57:15,1114.75,1764193
2021-06-22 09:57:16,1115.0,1764243
2021-06-22 09:57:17,1114.75,1764286
2021-06-22 09:57:19,1114.7,1764340
2021-06-22 09:57:20,1114.7,1764350
2021-06-22 09:57:21,1114.85,1764396
2021-06-22 09:57:22,1114.75,1764397
2021-06-22 09:57:23,1114.7,1764404
2021-06-22 09:57:25,1114.75,1764414
2021-06-22 09:57:26,1114.75,1764513
2021-06-22 09:57:26,1114.75,1764415
2021-06-22 09:57:27,1114.65,1764516
2021-06-22 09:57:28,1114.6,1764531
2021-06-22 09:57:29,1114.75,1764533
2021-06-22 09:57:30,1114.75,1764535
2021-06-22 09:57:32,1114.6,1764562
2021-06-22 09:57:33,1114.6,1764609
2021-06-22 09:57:34,1114.7,1764654
2021-06-22 09:57:34,1114.7,1764654
2021-06-22 09:57:35,1114.95,1764658
2021-06-22 09:57:36,1114.95,1764989
2021-06-22 09:57:37,1114.95,1764989
2021-06-22 09:57:38,1114.75,1765045
2021-06-22 09:57:40,1114.75,1765082
2021-06-22 09:57:41,1114.75,1765117
2021-06-22 09:57:42,1115.0,1765540
2021-06-22 09:57:43,1114.7,1765575
2021-06-22 09:57:44,1114.7,1765584
2021-06-22 09:57:45,1114.7,1765768
2021-06-22 09:57:46,1114.75,1767087
2021-06-22 09:57:48,1114.3,1767211
2021-06-22 09:57:49,1114.35,1767467
2021-06-22 09:57:50,1114.25,1767607
2021-06-22 09:57:50,1114.25,1767607
2021-06-22 09:57:52,1114.25,1767620
2021-06-22 09:57:53,1114.25,1767762
2021-06-22 09:57:54,1114.25,1767767
2021-06-22 09:57:54,1114.35,1767917
2021-06-22 09:57:55,1114.2,1768765
2021-06-22 09:57:56,1114.35,1768774
2021-06-22 09:57:57,1114.2,1768810
2021-06-22 09:57:58,1114.1,1768811
2021-06-22 09:58:00,1114.0,1769066
2021-06-22 09:58:01,1114.0,1769330
2021-06-22 09:58:02,1114.35,1769359
2021-06-22 09:58:02,1114.35,1769359
2021-06-22 09:58:03,1114.35,1769365
2021-06-22 09:58:04,1114.0,1769417
2021-06-22 09:58:05,1114.0,1769512
2021-06-22 09:58:07,1114.0,1769554
2021-06-22 09:58:08,1114.0,1769554
2021-06-22 09:58:08,1114.0,1769589
2021-06-22 09:58:09,1114.0,1769594
2021-06-22 09:58:11,1114.0,1769698
2021-06-22 09:58:12,1114.0,1769851
2021-06-22 09:58:13,1114.0,1769871
2021-06-22 09:58:14,1114.0,1769871
2021-06-22 09:58:15,1114.0,1769876
2021-06-22 09:58:15,1114.0,1769968
2021-06-22 09:58:16,1114.0,1769989
2021-06-22 09:58:17,1114.0,1770002
2021-06-22 09:58:19,1113.8,1777469
2021-06-22 09:58:20,1113.5,1777480
2021-06-22 09:58:21,1113.75,1778039
2021-06-22 09:58:22,1113.6,1778504
2021-06-22 09:58:22,1113.4,1778539
2021-06-22 09:58:23,1113.25,1778578
2021-06-22 09:58:25,1113.25,1779669
2021-06-22 09:58:26,1113.0,1780335
2021-06-22 09:58:27,1113.25,1780920
2021-06-22 09:58:28,1113.0,1781224
2021-06-22 09:58:29,1113.0,1781385
2021-06-22 09:58:29,1113.0,1781385
2021-06-22 09:58:30,1113.2,1782873
2021-06-22 09:58:31,1113.2,1782913
2021-06-22 09:58:32,1113.0,1782927
2021-06-22 09:58:34,1113.0,1783506
2021-06-22 09:58:35,1113.0,1788342
2021-06-22 09:58:36,1112.5,1788526
2021-06-22 09:58:37,1112.5,1788526
2021-06-22 09:58:38,1112.5,1788526
2021-06-22 09:58:38,1112.5,1788526
2021-06-22 09:58:39,1112.5,1788652
2021-06-22 09:58:40,1112.5,1788682
2021-06-22 09:58:42,1112.4,1789456
2021-06-22 09:58:43,1112.25,1789772
2021-06-22 09:58:44,1112.3,1790116
2021-06-22 09:58:45,1112.55,1792726
2021-06-22 09:58:46,1112.45,1792756
2021-06-22 09:58:47,1112.5,1793026
2021-06-22 09:58:48,1112.5,1793163
2021-06-22 09:58:49,1112.85,1793477
2021-06-22 09:58:50,1112.4,1793988
2021-06-22 09:58:51,1112.45,1794007
2021-06-22 09:58:53,1112.35,1794158
2021-06-22 09:58:54,1112.25,1794274
2021-06-22 09:58:55,1112.5,1794549
2021-06-22 09:58:56,1112.3,1794581
2021-06-22 09:58:58,1112.5,1795111
2021-06-22 09:58:59,1112.5,1795178
2021-06-22 09:59:00,1112.85,1795358
2021-06-22 09:59:01,1112.5,1795424
2021-06-22 09:59:02,1112.5,1795670
2021-06-22 09:59:04,1112.5,1795960
2021-06-22 09:59:07,1112.5,1797103
2021-06-22 09:59:08,1112.85,1797396
2021-06-22 09:59:09,1112.65,1797598
2021-06-22 09:59:10,1112.65,1797607
2021-06-22 09:59:11,1112.85,1797619
2021-06-22 09:59:13,1112.55,1798193
2021-06-22 09:59:14,1112.65,1798318
2021-06-22 09:59:15,1113.0,1799190
2021-06-22 09:59:16,1112.85,1799312
2021-06-22 09:59:16,1112.85,1799362
2021-06-22 09:59:17,1112.85,1799410
2021-06-22 09:59:18,1113.0,1799411
2021-06-22 09:59:20,1113.0,1799411
2021-06-22 09:59:22,1112.75,1799451
2021-06-22 09:59:23,1112.75,1799451
2021-06-22 09:59:24,1112.85,1799558
2021-06-22 09:59:25,1113.0,1799674
2021-06-22 09:59:25,1113.0,1799867
2021-06-22 09:59:26,1113.25,1799975
2021-06-22 09:59:27,1113.0,1800143
2021-06-22 09:59:28,1113.0,1800264
2021-06-22 09:59:30,1113.0,1800568
2021-06-22 09:59:31,1113.0,1800601
2021-06-22 09:59:32,1113.25,1800719
2021-06-22 09:59:33,1112.9,1801229
2021-06-22 09:59:33,1112.9,1801235
2021-06-22 09:59:34,1112.9,1801235
2021-06-22 09:59:36,1113.0,1801257
2021-06-22 09:59:38,1112.75,1801388
2021-06-22 09:59:39,1113.0,1801500
2021-06-22 09:59:40,1112.85,1801550
2021-06-22 09:59:41,1112.85,1801575
2021-06-22 09:59:41,1112.85,1801575
2021-06-22 09:59:43,1113.25,1801626
2021-06-22 09:59:44,1113.05,1801726
2021-06-22 09:59:44,1112.85,1801771
2021-06-22 09:59:46,1113.0,1801805
2021-06-22 09:59:47,1113.2,1801815
2021-06-22 09:59:48,1113.25,1801983
2021-06-22 09:59:50,1113.25,1807120
2021-06-22 09:59:51,1113.25,1807127
2021-06-22 09:59:52,1113.25,1807484
2021-06-22 09:59:52,1113.15,1808101
2021-06-22 09:59:54,1113.15,1808101
2021-06-22 09:59:55,1113.55,1808203
2021-06-22 09:59:56,1113.8,1810383
2021-06-22 09:59:57,1113.55,1810580
2021-06-22 09:59:58,1113.55,1810641
2021-06-22 09:59:58,1113.55,1810641
2021-06-22 10:00:00,1113.1,1810741
2021-06-22 10:00:01,1113.5,1810742
2021-06-22 10:00:02,1113.55,1811529
2021-06-22 10:00:03,1113.2,1811539
2021-06-22 10:00:04,1113.2,1811539
2021-06-22 10:00:05,1113.5,1811685
2021-06-22 10:00:07,1113.85,1812203
2021-06-22 10:00:08,1113.9,1812207
2021-06-22 10:00:09,1113.7,1812210
2021-06-22 10:00:10,1113.9,1812219
2021-06-22 10:00:11,1113.65,1812269
2021-06-22 10:00:11,1113.65,1812269
2021-06-22 10:00:13,1113.65,1812274
2021-06-22 10:00:14,1113.65,1812274
2021-06-22 10:00:15,1113.65,1812274
2021-06-22 10:00:16,1113.95,1812424
2021-06-22 10:00:17,1113.95,1812804
2021-06-22 10:00:18,1113.65,1812814
2021-06-22 10:00:18,1113.65,1812814
2021-06-22 10:00:20,1113.6,1813491
2021-06-22 10:00:21,1113.55,1813508
2021-06-22 10:00:22,1113.6,1813522
2021-06-22 10:00:23,1113.6,1813522
2021-06-22 10:00:24,1113.6,1813522
2021-06-22 10:00:25,1113.6,1813635
2021-06-22 10:00:26,1113.45,1814202
2021-06-22 10:00:26,1113.45,1814202
2021-06-22 10:00:27,1113.45,1814202
2021-06-22 10:00:29,1113.5,1814251
2021-06-22 10:00:30,1113.5,1814282
2021-06-22 10:00:31,1113.55,1814283
2021-06-22 10:00:33,1113.05,1814675
2021-06-22 10:00:33,1113.05,1814675
2021-06-22 10:00:35,1113.05,1815075
2021-06-22 10:00:36,1113.5,1815135
2021-06-22 10:00:38,1113.25,1815149
2021-06-22 10:00:38,1113.25,1815199
2021-06-22 10:00:41,1113.05,1819322
2021-06-22 10:00:42,1113.55,1819425
2021-06-22 10:00:43,1113.55,1819647
2021-06-22 10:00:44,1113.5,1819687
2021-06-22 10:00:45,1113.5,1819877
2021-06-22 10:00:45,1113.5,1819777
2021-06-22 10:00:47,1113.5,1819923
2021-06-22 10:00:48,1113.5,1819924
2021-06-22 10:00:49,1113.5,1819959
2021-06-22 10:00:50,1113.5,1820114
2021-06-22 10:00:51,1113.5,1820117
2021-06-22 10:00:51,1113.5,1820117
2021-06-22 10:00:52,1113.2,1820222
2021-06-22 10:00:53,1113.5,1820322
2021-06-22 10:00:55,1113.5,1821355
2021-06-22 10:00:56,1113.25,1821451
2021-06-22 10:00:57,1113.25,1821451
2021-06-22 10:00:58,1113.25,1821451
2021-06-22 10:00:58,1113.25,1821451
2021-06-22 10:00:59,1113.25,1821451
2021-06-22 10:01:01,1113.25,1821513
2021-06-22 10:01:02,1113.5,1821611
2021-06-22 10:01:03,1113.5,1821611
2021-06-22 10:01:04,1113.5,1821626
2021-06-22 10:01:05,1113.5,1821633
2021-06-22 10:01:07,1113.5,1821633
2021-06-22 10:01:08,1113.5,1821635
2021-06-22 10:01:10,1113.25,1821680
2021-06-22 10:01:11,1113.25,1821974
2021-06-22 10:01:12,1113.25,1821982
2021-06-22 10:01:12,1113.25,1821982
2021-06-22 10:01:13,1113.25,1821999
2021-06-22 10:01:14,1113.25,1821999
2021-06-22 10:01:15,1113.3,1822026
2021-06-22 10:01:17,1113.2,1822195
2021-06-22 10:01:18,1113.25,1822345
2021-06-22 10:01:19,1113.2,1822360
2021-06-22 10:01:20,1113.25,1822421
2021-06-22 10:01:21,1112.8,1822668
2021-06-22 10:01:21,1112.8,1822668
2021-06-22 10:01:23,1113.35,1823018
2021-06-22 10:01:24,1113.15,1823028
2021-06-22 10:01:25,1113.35,1823251
2021-06-22 10:01:26,1113.0,1823263
2021-06-22 10:01:27,1113.35,1823265
2021-06-22 10:01:28,1113.25,1823282
2021-06-22 10:01:29,1113.25,1823282
2021-06-22 10:01:29,1113.25,1823282
2021-06-22 10:01:31,1113.0,1824532
2021-06-22 10:01:32,1113.0,1824638
2021-06-22 10:01:33,1113.5,1824786
2021-06-22 10:01:34,1113.0,1824796
2021-06-22 10:01:34,1113.25,1824836
2021-06-22 10:01:35,1113.25,1824836
2021-06-22 10:01:38,1113.5,1825108
2021-06-22 10:01:39,1113.5,1825108
2021-06-22 10:01:40,1113.25,1825208
2021-06-22 10:01:41,1113.35,1825225
2021-06-22 10:01:42,1113.5,1825315
2021-06-22 10:01:43,1113.25,1825425
2021-06-22 10:01:44,1113.35,1825503
2021-06-22 10:01:45,1113.4,1825539
2021-06-22 10:01:46,1113.4,1825564
2021-06-22 10:01:48,1113.35,1825706
2021-06-22 10:01:49,1113.05,1825786
2021-06-22 10:01:50,1113.05,1825832
2021-06-22 10:01:51,1113.05,1825883
2021-06-22 10:01:52,1113.15,1825909
2021-06-22 10:01:53,1113.15,1825909
2021-06-22 10:01:55,1113.15,1826052
2021-06-22 10:01:58,1113.25,1826359
2021-06-22 10:01:59,1113.05,1826404
2021-06-22 10:02:00,1113.25,1826420
2021-06-22 10:02:01,1113.25,1826555
2021-06-22 10:02:02,1113.15,1826600
2021-06-22 10:02:03,1113.15,1826600
2021-06-22 10:02:04,1113.15,1826612
2021-06-22 10:02:05,1113.15,1826612
2021-06-22 10:02:06,1113.4,1826614
2021-06-22 10:02:07,1113.4,1826680
2021-06-22 10:02:08,1113.25,1826706
2021-06-22 10:02:09,1113.45,1827714
2021-06-22 10:02:10,1113.45,1827714
2021-06-22 10:02:11,1114.6,1830906
2021-06-22 10:02:12,1114.15,1830911
2021-06-22 10:02:13,1114.35,1830996
2021-06-22 10:02:14,1114.15,1830998
2021-06-22 10:02:15,1114.35,1831008
2021-06-22 10:02:16,1114.6,1831334
2021-06-22 10:02:17,1114.5,1831344
2021-06-22 10:02:19,1114.6,1831739
2021-06-22 10:02:20,1114.9,1832080
2021-06-22 10:02:21,1114.75,1832214
2021-06-22 10:02:24,1115.2,1834860
2021-06-22 10:02:23,1115.2,1834860
2021-06-22 10:02:25,1115.4,1835051
2021-06-22 10:02:26,1115.5,1835856
2021-06-22 10:02:27,1115.2,1835901
2021-06-22 10:02:28,1115.2,1836028
2021-06-22 10:02:29,1115.2,1836078
2021-06-22 10:02:30,1115.25,1837233
2021-06-22 10:02:31,1115.1,1837382
2021-06-22 10:02:32,1115.1,1837382
2021-06-22 10:02:33,1115.4,1837454
2021-06-22 10:02:34,1115.1,1837644
2021-06-22 10:02:35,1115.5,1837664
2021-06-22 10:02:36,1115.15,1837981
2021-06-22 10:02:37,1115.7,1838391
2021-06-22 10:02:38,1115.8,1839779
2021-06-22 10:02:39,1115.95,1850783
2021-06-22 10:02:40,1115.95,1851234
2021-06-22 10:02:41,1116.0,1851264
2021-06-22 10:02:42,1116.0,1851324
2021-06-22 10:02:43,1116.35,1851325
2021-06-22 10:02:44,1116.4,1851437
2021-06-22 10:02:45,1116.4,1851437
2021-06-22 10:02:46,1116.3,1851672
2021-06-22 10:02:47,1116.05,1851809
2021-06-22 10:02:48,1116.0,1851950
2021-06-22 10:02:50,1116.4,1852020
2021-06-22 10:02:51,1116.3,1852163
2021-06-22 10:02:53,1116.3,1852248
2021-06-22 10:02:54,1116.3,1852363
2021-06-22 10:02:55,1116.0,1852479
2021-06-22 10:02:56,1116.25,1853881
2021-06-22 10:02:57,1116.0,1854201
2021-06-22 10:02:58,1115.85,1855601
2021-06-22 10:02:59,1115.6,1856477
2021-06-22 10:03:00,1115.6,1856477
2021-06-22 10:03:01,1116.0,1857175
2021-06-22 10:03:03,1116.4,1857281
2021-06-22 10:03:04,1115.95,1857299
2021-06-22 10:03:05,1116.25,1857346
2021-06-22 10:03:06,1116.4,1858391
2021-06-22 10:03:07,1116.4,1858392
2021-06-22 10:03:08,1116.0,1858630
2021-06-22 10:03:09,1116.05,1859055
2021-06-22 10:03:10,1116.3,1859385
2021-06-22 10:03:11,1116.3,1859400
2021-06-22 10:03:12,1116.2,1861056
2021-06-22 10:03:14,1116.05,1862329
2021-06-22 10:03:15,1116.0,1862399
2021-06-22 10:03:16,1116.0,1862962
2021-06-22 10:03:17,1116.05,1862983
2021-06-22 10:03:18,1116.2,1863035
2021-06-22 10:03:19,1116.0,1864207
2021-06-22 10:03:20,1116.0,1864228
2021-06-22 10:03:22,1116.0,1864366
2021-06-22 10:03:23,1116.0,1864616
2021-06-22 10:03:24,1116.2,1864628
2021-06-22 10:03:25,1116.0,1865160
2021-06-22 10:03:26,1116.2,1865205
2021-06-22 10:03:27,1116.2,1865336
2021-06-22 10:03:29,1116.0,1865593
2021-06-22 10:03:30,1116.3,1865725
2021-06-22 10:03:31,1116.2,1866025
2021-06-22 10:03:32,1116.0,1866040
2021-06-22 10:03:33,1116.0,1866066
2021-06-22 10:03:34,1116.0,1866179
2021-06-22 10:03:35,1116.2,1866230
2021-06-22 10:03:36,1116.2,1866682
2021-06-22 10:03:37,1116.0,1867369
2021-06-22 10:03:38,1116.0,1868014
2021-06-22 10:03:39,1116.0,1868168
2021-06-22 10:03:40,1115.8,1868518
2021-06-22 10:03:41,1116.0,1868534
2021-06-22 10:03:42,1115.7,1868606
2021-06-22 10:03:43,1115.6,1868811
2021-06-22 10:03:44,1116.0,1868816
2021-06-22 10:03:45,1116.0,1868869
2021-06-22 10:03:46,1116.0,1868889
2021-06-22 10:03:47,1116.0,1868898
2021-06-22 10:03:48,1115.6,1869178
2021-06-22 10:03:49,1115.6,1869184
2021-06-22 10:03:50,1115.6,1870194
2021-06-22 10:03:51,1115.6,1870294
2021-06-22 10:03:52,1115.6,1870315
2021-06-22 10:03:53,1115.6,1870354
2021-06-22 10:03:54,1115.95,1870469
2021-06-22 10:03:55,1115.95,1870470
2021-06-22 10:03:56,1115.6,1870578
2021-06-22 10:03:58,1115.6,1870765
2021-06-22 10:03:59,1115.9,1870895
2021-06-22 10:04:00,1115.9,1870895
2021-06-22 10:04:02,1115.9,1871395
2021-06-22 10:04:03,1115.6,1871417
2021-06-22 10:04:04,1115.6,1871417
2021-06-22 10:04:05,1115.6,1871517
2021-06-22 10:04:06,1115.6,1871694
2021-06-22 10:04:07,1115.6,1871754
2021-06-22 10:04:09,1115.6,1871754
2021-06-22 10:04:09,1115.6,1871754
2021-06-22 10:04:10,1115.6,1871904
2021-06-22 10:04:11,1116.0,1872325
2021-06-22 10:04:12,1116.2,1875327
2021-06-22 10:04:13,1116.05,1875477
2021-06-22 10:04:14,1116.05,1875519
2021-06-22 10:04:15,1116.3,1875575
2021-06-22 10:04:17,1116.05,1875592
2021-06-22 10:04:17,1116.05,1875592
2021-06-22 10:04:18,1116.05,1876442
2021-06-22 10:04:19,1116.05,1876442
2021-06-22 10:04:20,1116.2,1876452
2021-06-22 10:04:22,1116.3,1877418
2021-06-22 10:04:23,1116.3,1877429
2021-06-22 10:04:24,1116.3,1877429
2021-06-22 10:04:25,1116.3,1877652
2021-06-22 10:04:26,1115.9,1877723
2021-06-22 10:04:27,1115.9,1877909
2021-06-22 10:04:28,1115.95,1878086
2021-06-22 10:04:29,1115.95,1878086
2021-06-22 10:04:30,1116.0,1878168
2021-06-22 10:04:31,1115.85,1878463
2021-06-22 10:04:33,1116.25,1878802
2021-06-22 10:04:34,1116.35,1880237
2021-06-22 10:04:35,1116.25,1882323
2021-06-22 10:04:36,1116.5,1882862
2021-06-22 10:04:37,1116.45,1883031
2021-06-22 10:04:38,1116.1,1883134
2021-06-22 10:04:39,1116.0,1883700
2021-06-22 10:04:40,1116.5,1890787
2021-06-22 10:04:42,1116.3,1891131
2021-06-22 10:04:42,1116.3,1891141
2021-06-22 10:04:43,1116.65,1891932
2021-06-22 10:04:44,1116.35,1892377
2021-06-22 10:04:45,1116.9,1892552
2021-06-22 10:04:46,1116.5,1892907
2021-06-22 10:04:47,1116.5,1894328
2021-06-22 10:04:48,1116.9,1894472
2021-06-22 10:04:49,1116.85,1894884
2021-06-22 10:04:50,1117.0,1911252
2021-06-22 10:04:51,1117.4,1911657
2021-06-22 10:04:52,1117.0,1911785
2021-06-22 10:04:54,1117.2,1912472
2021-06-22 10:04:55,1117.25,1912738
2021-06-22 10:04:56,1117.2,1912880
2021-06-22 10:04:57,1117.45,1913363
2021-06-22 10:04:59,1117.15,1914948
2021-06-22 10:05:01,1117.5,1915335
2021-06-22 10:05:02,1117.5,1915837
2021-06-22 10:05:03,1117.2,1916230
2021-06-22 10:05:05,1117.4,1922557
2021-06-22 10:05:06,1117.5,1923405
2021-06-22 10:05:07,1117.5,1923925
2021-06-22 10:05:08,1117.4,1924078
2021-06-22 10:05:09,1117.6,1924215
2021-06-22 10:05:11,1117.45,1924825
2021-06-22 10:05:11,1117.45,1924882
2021-06-22 10:05:12,1117.5,1925429
2021-06-22 10:05:13,1117.4,1925906
2021-06-22 10:05:14,1117.7,1926326
2021-06-22 10:05:15,1117.4,1926518
2021-06-22 10:05:17,1117.4,1927477
2021-06-22 10:05:18,1117.5,1928190
2021-06-22 10:05:19,1117.5,1928404
2021-06-22 10:05:20,1117.55,1928916
2021-06-22 10:05:21,1117.4,1928995
2021-06-22 10:05:22,1116.0,1931904
2021-06-22 10:05:23,1116.5,1932029
2021-06-22 10:05:24,1116.45,1932064
2021-06-22 10:05:25,1116.95,1932394
2021-06-22 10:05:27,1116.95,1932503
2021-06-22 10:05:27,1116.95,1932523
2021-06-22 10:05:28,1116.9,1932745
2021-06-22 10:05:29,1116.95,1933711
2021-06-22 10:05:30,1116.95,1933726
2021-06-22 10:05:31,1116.45,1934108
2021-06-22 10:05:33,1116.5,1935600
2021-06-22 10:05:34,1116.2,1935740
2021-06-22 10:05:35,1116.4,1935855
2021-06-22 10:05:37,1116.25,1936597
2021-06-22 10:05:37,1116.7,1936598
2021-06-22 10:05:38,1116.7,1936598
2021-06-22 10:05:39,1116.7,1936598
2021-06-22 10:05:40,1116.5,1936617
2021-06-22 10:05:41,1116.0,1936829
2021-06-22 10:05:42,1116.45,1937379
2021-06-22 10:05:43,1116.35,1937388
2021-06-22 10:05:44,1116.35,1937538
2021-06-22 10:05:45,1116.5,1938067
2021-06-22 10:05:46,1116.0,1938369
2021-06-22 10:05:47,1116.45,1938482
2021-06-22 10:05:48,1116.0,1938552
2021-06-22 10:05:49,1116.45,1938569
2021-06-22 10:05:50,1116.45,1938967
2021-06-22 10:05:51,1116.3,1939011
2021-06-22 10:05:52,1116.05,1939034
2021-06-22 10:05:53,1116.05,1939056
2021-06-22 10:05:54,1116.0,1939113
2021-06-22 10:05:55,1116.3,1939163
2021-06-22 10:05:56,1116.0,1939214
2021-06-22 10:05:57,1116.0,1939214
2021-06-22 10:05:59,1116.4,1940017
2021-06-22 10:06:00,1116.0,1940717
2021-06-22 10:06:01,1116.05,1940719
2021-06-22 10:06:04,1116.4,1941540
2021-06-22 10:06:04,1116.4,1941540
2021-06-22 10:06:06,1116.4,1941540
2021-06-22 10:06:07,1116.15,1941651
2021-06-22 10:06:08,1116.15,1941654
2021-06-22 10:06:10,1116.05,1942339
2021-06-22 10:06:11,1116.4,1942344
2021-06-22 10:06:12,1116.4,1942378
2021-06-22 10:06:13,1116.4,1942439
2021-06-22 10:06:14,1116.4,1942456
2021-06-22 10:06:15,1116.5,1947691
2021-06-22 10:06:16,1116.9,1947692
2021-06-22 10:06:17,1116.9,1947692
2021-06-22 10:06:18,1116.45,1947745
2021-06-22 10:06:19,1116.85,1947803
2021-06-22 10:06:20,1116.45,1947825
2021-06-22 10:06:21,1116.45,1948005
2021-06-22 10:06:22,1116.45,1948021
2021-06-22 10:06:23,1116.8,1948023
2021-06-22 10:06:24,1116.45,1948056
2021-06-22 10:06:26,1116.65,1948632
2021-06-22 10:06:28,1116.4,1949371
2021-06-22 10:06:29,1116.4,1949854
2021-06-22 10:06:30,1116.4,1949854
2021-06-22 10:06:31,1116.0,1949974
2021-06-22 10:06:33,1116.45,1951104
2021-06-22 10:06:35,1116.45,1951148
2021-06-22 10:06:36,1116.75,1951238
2021-06-22 10:06:37,1116.45,1951615
2021-06-22 10:06:38,1116.45,1951666
2021-06-22 10:06:40,1116.3,1952151
2021-06-22 10:06:41,1116.3,1952151
2021-06-22 10:06:42,1116.3,1952181
2021-06-22 10:06:42,1116.55,1952191
2021-06-22 10:06:43,1116.0,1953392
2021-06-22 10:06:44,1115.5,1953633
2021-06-22 10:06:45,1115.5,1953633
2021-06-22 10:06:46,1115.9,1953700
2021-06-22 10:06:47,1116.0,1953800
2021-06-22 10:06:49,1115.5,1953808
2021-06-22 10:06:50,1115.9,1953818
2021-06-22 10:06:51,1115.9,1953818
2021-06-22 10:06:52,1115.5,1953822
2021-06-22 10:06:53,1115.85,1953847
2021-06-22 10:06:53,1115.85,1953847
2021-06-22 10:06:54,1116.05,1954570
2021-06-22 10:06:56,1116.45,1954654
2021-06-22 10:06:57,1116.45,1954654
2021-06-22 10:06:58,1116.1,1954656
2021-06-22 10:07:00,1116.25,1954661
2021-06-22 10:07:00,1116.25,1954681
2021-06-22 10:07:02,1116.15,1954870
2021-06-22 10:07:03,1116.05,1954893
2021-06-22 10:07:03,1116.25,1954985
2021-06-22 10:07:04,1116.1,1955301
2021-06-22 10:07:05,1116.4,1955363
2021-06-22 10:07:06,1116.4,1955363
2021-06-22 10:07:07,1116.35,1955604
2021-06-22 10:07:09,1116.15,1957913
2021-06-22 10:07:11,1115.55,1958557
2021-06-22 10:07:12,1115.55,1959131
2021-06-22 10:07:14,1115.55,1959142
2021-06-22 10:07:15,1116.05,1959173
2021-06-22 10:07:17,1115.95,1959849
2021-06-22 10:07:18,1115.9,1959867
2021-06-22 10:07:19,1115.9,1960110
2021-06-22 10:07:20,1115.9,1960110
2021-06-22 10:07:21,1116.1,1960140
2021-06-22 10:07:22,1116.05,1960432
2021-06-22 10:07:23,1115.6,1960502
2021-06-22 10:07:24,1115.6,1960502
2021-06-22 10:07:25,1115.65,1960512
2021-06-22 10:07:26,1116.0,1960632
2021-06-22 10:07:27,1116.0,1960632
2021-06-22 10:07:28,1115.6,1960738
2021-06-22 10:07:30,1115.6,1960838
2021-06-22 10:07:31,1116.0,1960964
2021-06-22 10:07:32,1116.0,1960982
2021-06-22 10:07:32,1116.0,1960982
2021-06-22 10:07:34,1116.1,1961072
2021-06-22 10:07:35,1116.0,1961130
2021-06-22 10:07:36,1116.1,1961210
2021-06-22 10:07:37,1116.1,1961210
2021-06-22 10:07:38,1116.0,1961254
2021-06-22 10:07:39,1116.1,1961314
2021-06-22 10:07:40,1116.0,1961514
2021-06-22 10:07:42,1116.0,1961824
2021-06-22 10:07:43,1116.0,1961830
2021-06-22 10:07:44,1116.0,1961890
2021-06-22 10:07:45,1115.65,1961992
2021-06-22 10:07:46,1115.65,1961995
2021-06-22 10:07:47,1115.95,1962086
2021-06-22 10:07:47,1115.95,1962086
2021-06-22 10:07:49,1115.6,1962096
2021-06-22 10:07:50,1115.85,1962412
2021-06-22 10:07:51,1115.85,1962413
2021-06-22 10:07:53,1115.85,1962471
2021-06-22 10:07:54,1115.85,1962471
2021-06-22 10:07:55,1115.6,1962562
2021-06-22 10:07:56,1115.6,1962617
2021-06-22 10:07:58,1115.6,1962617
2021-06-22 10:07:59,1115.8,1963217
2021-06-22 10:08:00,1115.85,1963548
2021-06-22 10:08:01,1115.85,1963548
2021-06-22 10:08:02,1115.6,1963554
2021-06-22 10:08:03,1116.0,1964142
2021-06-22 10:08:04,1115.75,1964257
2021-06-22 10:08:06,1115.65,1964429
2021-06-22 10:08:07,1115.5,1965029
2021-06-22 10:08:08,1115.25,1965605
2021-06-22 10:08:08,1115.45,1965606
2021-06-22 10:08:09,1115.45,1965606
2021-06-22 10:08:10,1115.45,1965606
2021-06-22 10:08:11,1115.25,1965676
2021-06-22 10:08:12,1115.45,1965677
2021-06-22 10:08:14,1115.1,1966906
2021-06-22 10:08:16,1115.15,1967137
2021-06-22 10:08:17,1115.2,1967668
2021-06-22 10:08:17,1115.2,1967668
2021-06-22 10:08:19,1115.1,1968954
2021-06-22 10:08:20,1115.0,1969041
2021-06-22 10:08:21,1114.85,1970221
2021-06-22 10:08:22,1114.6,1970301
2021-06-22 10:08:24,1114.2,1971050
2021-06-22 10:08:25,1114.1,1971500
2021-06-22 10:08:26,1114.2,1971520
