timestamp,ltp,volume
2021-06-22 09:16:35,3291.7,89133
2021-06-22 09:16:36,3292.9,89236
2021-06-22 09:16:37,3292.15,89749
2021-06-22 09:16:39,3292.9,90610
2021-06-22 09:16:40,3294.05,91035
2021-06-22 09:16:41,3292.95,91515
2021-06-22 09:16:42,3293.05,91974
2021-06-22 09:16:42,3294.05,92098
2021-06-22 09:16:44,3295.4,92463
2021-06-22 09:16:45,3293.85,92604
2021-06-22 09:16:46,3293.85,92735
2021-06-22 09:16:47,3294.25,92933
2021-06-22 09:16:48,3294.25,93132
2021-06-22 09:16:49,3294.05,93513
2021-06-22 09:16:50,3294.8,93790
2021-06-22 09:16:50,3294.45,93886
2021-06-22 09:16:51,3294.9,94090
2021-06-22 09:16:54,3294.95,95180
2021-06-22 09:16:54,3294.95,95315
2021-06-22 09:16:56,3294.95,95611
2021-06-22 09:16:57,3294.0,96368
2021-06-22 09:16:58,3294.0,96639
2021-06-22 09:16:59,3294.0,96769
2021-06-22 09:17:00,3293.45,97827
2021-06-22 09:17:01,3292.6,98268
2021-06-22 09:17:02,3293.45,98403
2021-06-22 09:17:03,3293.65,98709
2021-06-22 09:17:04,3292.2,98963
2021-06-22 09:17:05,3292.95,99031
2021-06-22 09:17:06,3292.2,99181
2021-06-22 09:17:07,3291.8,99487
2021-06-22 09:17:08,3292.0,99563
2021-06-22 09:17:09,3292.0,100103
2021-06-22 09:17:09,3292.0,100017
2021-06-22 09:17:10,3291.85,100752
2021-06-22 09:17:11,3291.9,101095
2021-06-22 09:17:12,3291.0,102431
2021-06-22 09:17:13,3288.85,103462
2021-06-22 09:17:14,3289.85,104277
2021-06-22 09:17:15,3289.9,104984
2021-06-22 09:17:17,3289.5,105379
2021-06-22 09:17:18,3288.4,105615
2021-06-22 09:17:19,3287.35,105922
2021-06-22 09:17:20,3287.6,106044
2021-06-22 09:17:21,3288.4,106073
2021-06-22 09:17:22,3288.0,106227
2021-06-22 09:17:23,3288.35,106355
2021-06-22 09:17:25,3289.35,106803
2021-06-22 09:17:26,3290.85,107145
2021-06-22 09:17:27,3288.6,107388
2021-06-22 09:17:28,3289.55,107697
2021-06-22 09:17:28,3288.6,107825
2021-06-22 09:17:29,3289.65,107925
2021-06-22 09:17:31,3288.6,108171
2021-06-22 09:17:32,3290.3,108244
2021-06-22 09:17:33,3287.85,108802
2021-06-22 09:17:33,3287.5,108914
2021-06-22 09:17:34,3288.7,108972
2021-06-22 09:17:36,3288.4,109924
2021-06-22 09:17:37,3286.8,110620
2021-06-22 09:17:38,3288.05,110899
2021-06-22 09:17:39,3288.05,111017
2021-06-22 09:17:40,3287.9,111218
2021-06-22 09:17:41,3287.85,111476
2021-06-22 09:17:42,3288.85,111659
2021-06-22 09:17:43,3288.6,111717
2021-06-22 09:17:44,3288.4,111790
2021-06-22 09:17:45,3288.0,111986
2021-06-22 09:17:45,3288.4,111992
2021-06-22 09:17:46,3288.8,112579
2021-06-22 09:17:47,3288.1,112738
2021-06-22 09:17:48,3288.65,112961
2021-06-22 09:17:49,3288.65,113063
2021-06-22 09:17:51,3288.8,113233
2021-06-22 09:17:52,3288.9,113257
2021-06-22 09:17:53,3288.65,113296
2021-06-22 09:17:54,3288.9,113410
2021-06-22 09:17:55,3288.6,113465
2021-06-22 09:17:56,3289.0,113612
2021-06-22 09:17:57,3289.55,113629
2021-06-22 09:17:58,3289.55,113681
2021-06-22 09:17:59,3289.55,113681
2021-06-22 09:18:00,3289.55,113686
2021-06-22 09:18:01,3288.75,113848
2021-06-22 09:18:02,3289.85,114079
2021-06-22 09:18:03,3289.4,114106
2021-06-22 09:18:04,3289.75,114556
2021-06-22 09:18:06,3289.05,114668
2021-06-22 09:18:05,3289.0,114566
2021-06-22 09:18:07,3289.9,114671
2021-06-22 09:18:08,3289.3,114678
2021-06-22 09:18:09,3290.25,114701
2021-06-22 09:18:10,3289.65,114710
2021-06-22 09:18:11,3290.2,114733
2021-06-22 09:18:12,3290.2,114750
2021-06-22 09:18:13,3290.25,114887
2021-06-22 09:18:14,3291.95,115011
2021-06-22 09:18:15,3291.95,115011
2021-06-22 09:18:16,3291.05,115082
2021-06-22 09:18:17,3291.95,115092
2021-06-22 09:18:18,3291.95,115177
2021-06-22 09:18:19,3292.95,115327
2021-06-22 09:18:20,3292.75,115437
2021-06-22 09:18:20,3292.75,115437
2021-06-22 09:18:22,3292.75,115735
2021-06-22 09:18:23,3292.8,115941
2021-06-22 09:18:24,3292.1,116104
2021-06-22 09:18:25,3292.1,116141
2021-06-22 09:18:26,3292.1,116659
2021-06-22 09:18:27,3292.6,116697
2021-06-22 09:18:28,3292.6,117024
2021-06-22 09:18:29,3292.6,117062
2021-06-22 09:18:29,3292.15,117088
2021-06-22 09:18:30,3292.5,117171
2021-06-22 09:18:31,3292.45,117573
2021-06-22 09:18:33,3292.05,117846
2021-06-22 09:18:34,3292.2,118099
2021-06-22 09:18:35,3291.65,121171
2021-06-22 09:18:36,3290.8,122050
2021-06-22 09:18:37,3290.55,122844
2021-06-22 09:18:38,3290.8,123156
2021-06-22 09:18:38,3289.85,123199
2021-06-22 09:18:39,3290.4,123251
2021-06-22 09:18:40,3290.55,123352
2021-06-22 09:18:41,3291.8,123482
2021-06-22 09:18:42,3292.0,123542
2021-06-22 09:18:44,3291.95,123869
2021-06-22 09:18:45,3291.05,123954
2021-06-22 09:18:46,3291.9,124060
2021-06-22 09:18:47,3291.05,124072
2021-06-22 09:18:48,3291.7,124095
2021-06-22 09:18:49,3291.95,124284
2021-06-22 09:18:50,3291.05,124336
2021-06-22 09:18:51,3291.2,124743
2021-06-22 09:18:52,3291.7,124850
2021-06-22 09:18:53,3292.5,125584
2021-06-22 09:18:53,3292.5,125595
2021-06-22 09:18:55,3292.15,125761
2021-06-22 09:18:56,3293.0,125779
2021-06-22 09:18:57,3292.95,125791
2021-06-22 09:18:58,3292.8,125872
2021-06-22 09:18:59,3292.95,125996
2021-06-22 09:19:00,3292.65,126535
2021-06-22 09:19:01,3292.75,126739
2021-06-22 09:19:02,3292.75,126788
2021-06-22 09:19:03,3293.05,126910
2021-06-22 09:19:04,3293.0,126919
2021-06-22 09:19:05,3293.0,127136
2021-06-22 09:19:06,3294.0,127250
2021-06-22 09:19:07,3294.0,127253
2021-06-22 09:19:08,3293.95,127275
2021-06-22 09:19:09,3294.05,127737
2021-06-22 09:19:10,3294.9,127739
2021-06-22 09:19:11,3294.9,127784
2021-06-22 09:19:12,3294.95,127884
2021-06-22 09:19:13,3295.0,129111
2021-06-22 09:19:14,3295.55,129345
2021-06-22 09:19:15,3295.75,129486
2021-06-22 09:19:16,3295.75,129542
2021-06-22 09:19:17,3295.75,129673
2021-06-22 09:19:17,3295.75,129674
2021-06-22 09:19:20,3295.1,130253
2021-06-22 09:19:21,3295.6,130586
2021-06-22 09:19:22,3295.45,130788
2021-06-22 09:19:23,3295.5,130920
2021-06-22 09:19:24,3295.5,131301
2021-06-22 09:19:25,3295.6,131434
2021-06-22 09:19:26,3295.6,131734
2021-06-22 09:19:27,3295.4,132186
2021-06-22 09:19:28,3296.0,132937
2021-06-22 09:19:29,3295.95,133296
2021-06-22 09:19:30,3295.95,133296
2021-06-22 09:19:31,3295.8,133960
2021-06-22 09:19:32,3295.8,134067
2021-06-22 09:19:33,3295.55,134802
2021-06-22 09:19:34,3295.8,134987
2021-06-22 09:19:35,3295.15,135948
2021-06-22 09:19:36,3295.45,136627
2021-06-22 09:19:37,3294.05,137186
2021-06-22 09:19:38,3294.5,137883
2021-06-22 09:19:39,3293.4,138019
2021-06-22 09:19:41,3294.8,138152
2021-06-22 09:19:44,3291.45,138756
2021-06-22 09:19:49,3292.7,139565
2021-06-22 09:19:51,3293.3,139728
2021-06-22 09:19:50,3292.65,139566
2021-06-22 09:19:52,3293.85,140187
2021-06-22 09:19:53,3292.55,140268
2021-06-22 09:19:54,3293.8,140335
2021-06-22 09:19:55,3294.85,140535
2021-06-22 09:19:56,3294.85,140572
2021-06-22 09:19:57,3294.85,140605
2021-06-22 09:19:58,3295.75,140714
2021-06-22 09:20:00,3295.3,141097
2021-06-22 09:20:01,3295.25,141160
2021-06-22 09:20:02,3295.3,141329
2021-06-22 09:20:03,3294.85,141360
2021-06-22 09:20:04,3294.85,141396
2021-06-22 09:20:05,3295.25,141428
2021-06-22 09:20:06,3295.0,141486
2021-06-22 09:20:07,3295.8,141549
2021-06-22 09:20:08,3295.8,141595
2021-06-22 09:20:09,3296.0,141881
2021-06-22 09:20:11,3297.85,143237
2021-06-22 09:20:12,3297.65,144186
2021-06-22 09:20:13,3297.65,144196
2021-06-22 09:20:14,3297.4,144496
2021-06-22 09:20:16,3298.35,144859
2021-06-22 09:20:17,3298.45,145118
2021-06-22 09:20:19,3297.85,145133
2021-06-22 09:20:20,3297.95,145202
2021-06-22 09:20:21,3299.05,145532
2021-06-22 09:20:22,3297.95,145613
2021-06-22 09:20:23,3298.75,145659
2021-06-22 09:20:24,3298.75,145705
2021-06-22 09:20:26,3298.75,145736
2021-06-22 09:20:27,3298.45,146195
2021-06-22 09:20:28,3298.35,146226
2021-06-22 09:20:29,3298.35,146242
2021-06-22 09:20:30,3298.35,146242
2021-06-22 09:20:31,3298.6,146294
2021-06-22 09:20:32,3298.15,146464
2021-06-22 09:20:33,3298.5,147267
2021-06-22 09:20:34,3298.5,147310
2021-06-22 09:20:35,3298.5,147338
2021-06-22 09:20:36,3298.55,147427
2021-06-22 09:20:37,3298.5,147584
2021-06-22 09:20:38,3298.5,147584
2021-06-22 09:20:39,3298.5,147584
2021-06-22 09:20:40,3298.9,147901
2021-06-22 09:20:41,3299.0,148149
2021-06-22 09:20:42,3298.5,148200
2021-06-22 09:20:43,3300.0,148495
2021-06-22 09:20:44,3300.0,150578
2021-06-22 09:20:45,3299.1,150737
2021-06-22 09:20:46,3299.05,150891
2021-06-22 09:20:47,3299.05,151010
2021-06-22 09:20:48,3299.0,151173
2021-06-22 09:20:49,3299.0,151252
2021-06-22 09:20:50,3299.0,151280
2021-06-22 09:20:51,3299.05,151394
2021-06-22 09:20:52,3299.05,151414
2021-06-22 09:20:53,3299.05,151427
2021-06-22 09:20:54,3299.0,151473
2021-06-22 09:20:55,3299.05,151496
2021-06-22 09:20:56,3300.0,151547
2021-06-22 09:20:57,3299.05,151667
2021-06-22 09:20:58,3299.75,151668
2021-06-22 09:20:59,3299.75,151715
2021-06-22 09:21:00,3299.75,151854
2021-06-22 09:21:01,3300.0,152068
2021-06-22 09:21:02,3300.0,152068
2021-06-22 09:21:03,3301.0,152493
2021-06-22 09:21:04,3301.0,152509
2021-06-22 09:21:05,3302.0,152777
2021-06-22 09:21:06,3303.0,152924
2021-06-22 09:21:07,3301.1,152927
2021-06-22 09:21:08,3302.3,152946
2021-06-22 09:21:09,3301.65,153074
2021-06-22 09:21:10,3301.65,153310
2021-06-22 09:21:11,3302.7,153430
2021-06-22 09:21:12,3302.0,153438
2021-06-22 09:21:13,3302.05,153504
2021-06-22 09:21:14,3303.3,154174
2021-06-22 09:21:15,3302.5,154187
2021-06-22 09:21:16,3302.55,154561
2021-06-22 09:21:17,3303.3,154981
2021-06-22 09:21:18,3303.05,154986
2021-06-22 09:21:19,3302.0,155316
2021-06-22 09:21:20,3302.05,155675
2021-06-22 09:21:22,3302.3,155779
2021-06-22 09:21:23,3302.05,155794
2021-06-22 09:21:24,3301.95,157507
2021-06-22 09:21:25,3301.95,157969
2021-06-22 09:21:26,3302.3,159070
2021-06-22 09:21:27,3302.05,159176
2021-06-22 09:21:28,3301.9,159323
2021-06-22 09:21:29,3301.6,159448
2021-06-22 09:21:30,3301.9,159573
2021-06-22 09:21:31,3301.9,159587
2021-06-22 09:21:32,3301.8,159738
2021-06-22 09:21:33,3301.8,159808
2021-06-22 09:21:36,3301.75,159891
2021-06-22 09:21:37,3301.75,160003
2021-06-22 09:21:39,3301.6,160113
2021-06-22 09:21:40,3301.65,160120
2021-06-22 09:21:41,3301.65,160144
2021-06-22 09:21:42,3301.65,160302
2021-06-22 09:21:43,3301.65,160434
2021-06-22 09:21:44,3301.5,160502
2021-06-22 09:21:45,3302.95,161444
2021-06-22 09:21:46,3301.8,161461
2021-06-22 09:21:47,3301.85,161712
2021-06-22 09:21:49,3302.75,161747
2021-06-22 09:21:50,3302.95,161959
2021-06-22 09:21:51,3302.35,161985
2021-06-22 09:21:52,3302.8,161986
2021-06-22 09:21:53,3302.9,162038
2021-06-22 09:21:54,3302.9,162039
2021-06-22 09:21:55,3303.15,162693
2021-06-22 09:21:57,3304.1,165989
2021-06-22 09:21:58,3304.1,166112
2021-06-22 09:21:59,3304.15,166151
2021-06-22 09:22:02,3303.5,166893
2021-06-22 09:22:03,3304.0,167131
2021-06-22 09:22:04,3304.0,167364
2021-06-22 09:22:05,3303.35,167529
2021-06-22 09:22:07,3303.15,167989
2021-06-22 09:22:08,3303.9,168101
2021-06-22 09:22:09,3303.1,168357
2021-06-22 09:22:10,3302.35,168691
2021-06-22 09:22:12,3300.4,169196
2021-06-22 09:22:13,3300.8,169405
2021-06-22 09:22:14,3300.9,169410
2021-06-22 09:22:15,3300.5,169420
2021-06-22 09:22:16,3300.5,169437
2021-06-22 09:22:17,3300.5,169672
2021-06-22 09:22:18,3300.4,169937
2021-06-22 09:22:19,3300.35,170267
2021-06-22 09:22:20,3300.35,170329
2021-06-22 09:22:21,3300.3,170347
2021-06-22 09:22:22,3300.25,170381
2021-06-22 09:22:24,3300.25,170978
2021-06-22 09:22:25,3300.3,171110
2021-06-22 09:22:25,3300.3,171111
2021-06-22 09:22:26,3300.3,171204
2021-06-22 09:22:28,3300.3,171210
2021-06-22 09:22:29,3300.4,171268
2021-06-22 09:22:30,3300.5,171271
2021-06-22 09:22:32,3300.5,171307
2021-06-22 09:22:33,3301.0,171452
2021-06-22 09:22:33,3301.0,171501
2021-06-22 09:22:34,3301.0,171501
2021-06-22 09:22:35,3301.95,171511
2021-06-22 09:22:36,3302.9,171695
2021-06-22 09:22:37,3302.0,171706
2021-06-22 09:22:38,3301.6,172084
2021-06-22 09:22:39,3301.4,172176
2021-06-22 09:22:40,3301.0,172292
2021-06-22 09:22:41,3301.05,172334
2021-06-22 09:22:42,3301.65,172338
2021-06-22 09:22:43,3301.7,172439
2021-06-22 09:22:44,3301.7,172457
2021-06-22 09:22:45,3301.7,172457
2021-06-22 09:22:46,3301.7,172522
2021-06-22 09:22:47,3301.95,172571
2021-06-22 09:22:48,3302.0,172715
2021-06-22 09:22:49,3301.8,172792
2021-06-22 09:22:50,3301.8,172818
2021-06-22 09:22:51,3301.6,173100
2021-06-22 09:22:52,3301.35,174041
2021-06-22 09:22:53,3301.5,174154
2021-06-22 09:22:54,3301.0,174456
2021-06-22 09:22:55,3300.7,174601
2021-06-22 09:22:56,3300.65,174613
2021-06-22 09:22:57,3300.55,174800
2021-06-22 09:22:58,3300.5,174889
2021-06-22 09:23:00,3299.25,175616
2021-06-22 09:23:01,3300.15,175897
2021-06-22 09:23:02,3299.05,175961
2021-06-22 09:23:03,3300.0,176013
2021-06-22 09:23:04,3299.05,176014
2021-06-22 09:23:06,3299.95,176043
2021-06-22 09:23:07,3299.5,176349
2021-06-22 09:23:08,3299.45,176365
2021-06-22 09:23:09,3300.1,176489
2021-06-22 09:23:10,3300.0,176499
2021-06-22 09:23:11,3300.0,176514
2021-06-22 09:23:12,3300.0,176617
2021-06-22 09:23:13,3300.0,176657
2021-06-22 09:23:14,3299.8,176890
2021-06-22 09:23:15,3298.5,177634
2021-06-22 09:23:16,3299.8,178244
2021-06-22 09:23:17,3299.8,178244
2021-06-22 09:23:18,3300.0,178245
2021-06-22 09:23:19,3300.0,178593
2021-06-22 09:23:20,3300.0,179017
2021-06-22 09:23:22,3300.35,179222
2021-06-22 09:23:22,3300.35,179223
2021-06-22 09:23:23,3300.15,179398
2021-06-22 09:23:24,3300.15,179478
2021-06-22 09:23:25,3300.95,179633
2021-06-22 09:23:27,3300.05,179828
2021-06-22 09:23:28,3300.05,179829
2021-06-22 09:23:29,3300.75,179833
2021-06-22 09:23:30,3300.75,179833
2021-06-22 09:23:31,3300.7,179847
2021-06-22 09:23:32,3300.65,179859
2021-06-22 09:23:33,3300.3,180233
2021-06-22 09:23:34,3299.9,181037
2021-06-22 09:23:35,3296.55,181564
2021-06-22 09:23:36,3298.6,182258
2021-06-22 09:23:37,3297.4,182372
2021-06-22 09:23:39,3297.95,182549
2021-06-22 09:23:40,3298.35,182680
2021-06-22 09:23:41,3297.65,182696
2021-06-22 09:23:42,3297.6,182708
2021-06-22 09:23:43,3298.05,182786
2021-06-22 09:23:44,3298.2,182838
2021-06-22 09:23:45,3298.2,182908
2021-06-22 09:23:46,3299.95,182953
2021-06-22 09:23:47,3299.9,182996
2021-06-22 09:23:48,3299.9,182996
2021-06-22 09:23:49,3299.45,183042
2021-06-22 09:23:50,3299.45,183042
2021-06-22 09:23:51,3299.05,183417
2021-06-22 09:23:52,3299.05,183441
2021-06-22 09:23:53,3298.35,183673
2021-06-22 09:23:54,3298.35,183673
2021-06-22 09:23:55,3298.45,183692
2021-06-22 09:23:57,3298.8,183807
2021-06-22 09:23:58,3298.8,183874
2021-06-22 09:23:59,3298.0,184093
2021-06-22 09:24:03,3298.05,184121
2021-06-22 09:24:06,3298.65,184237
2021-06-22 09:24:06,3298.65,184237
2021-06-22 09:24:07,3298.05,184395
2021-06-22 09:24:09,3298.55,184487
2021-06-22 09:24:10,3298.55,184487
2021-06-22 09:24:11,3299.0,184566
2021-06-22 09:24:13,3299.35,185050
2021-06-22 09:24:13,3298.85,185069
2021-06-22 09:24:14,3298.75,185215
2021-06-22 09:24:15,3299.5,185337
2021-06-22 09:24:17,3299.5,185541
2021-06-22 09:24:18,3298.55,185568
2021-06-22 09:24:19,3298.5,185626
2021-06-22 09:24:20,3298.55,185660
2021-06-22 09:24:20,3298.55,185783
2021-06-22 09:24:21,3298.6,185941
2021-06-22 09:24:22,3298.55,185954
2021-06-22 09:24:23,3298.55,185981
2021-06-22 09:24:25,3299.55,186035
2021-06-22 09:24:27,3298.55,186215
2021-06-22 09:24:27,3298.55,186219
2021-06-22 09:24:28,3298.55,186221
2021-06-22 09:24:29,3298.9,186226
2021-06-22 09:24:31,3298.65,186685
2021-06-22 09:24:32,3298.6,186865
2021-06-22 09:24:33,3298.6,186914
2021-06-22 09:24:34,3298.7,187610
2021-06-22 09:24:35,3299.25,187798
2021-06-22 09:24:42,3298.55,188208
2021-06-22 09:24:44,3298.45,188600
2021-06-22 09:24:44,3299.1,188777
2021-06-22 09:24:45,3298.95,189411
2021-06-22 09:24:46,3298.95,189625
2021-06-22 09:24:47,3298.5,189660
2021-06-22 09:24:48,3298.75,189859
2021-06-22 09:24:49,3298.75,189891
2021-06-22 09:24:50,3298.75,190082
2021-06-22 09:24:52,3298.95,190220
2021-06-22 09:24:53,3298.95,190227
2021-06-22 09:24:54,3298.95,190250
2021-06-22 09:24:55,3298.55,190350
2021-06-22 09:24:56,3298.55,190389
2021-06-22 09:24:57,3299.0,190392
2021-06-22 09:24:58,3298.75,190537
2021-06-22 09:24:59,3298.55,190861
2021-06-22 09:25:00,3298.5,190948
2021-06-22 09:25:01,3298.55,190965
2021-06-22 09:25:02,3298.75,191065
2021-06-22 09:25:04,3298.75,191065
2021-06-22 09:25:05,3298.55,191111
2021-06-22 09:25:05,3298.55,191111
2021-06-22 09:25:06,3298.55,191212
2021-06-22 09:25:09,3298.55,191250
2021-06-22 09:25:09,3298.8,191251
2021-06-22 09:25:10,3298.65,191598
2021-06-22 09:25:11,3298.5,191928
2021-06-22 09:25:12,3298.55,191975
2021-06-22 09:25:14,3298.35,192188
2021-06-22 09:25:14,3298.55,192117
2021-06-22 09:25:16,3298.5,192245
2021-06-22 09:25:17,3298.5,192271
2021-06-22 09:25:18,3298.5,192305
2021-06-22 09:25:19,3298.45,192333
2021-06-22 09:25:20,3298.45,192345
2021-06-22 09:25:21,3298.45,192361
2021-06-22 09:25:22,3298.45,192361
2021-06-22 09:25:23,3298.45,192397
2021-06-22 09:25:24,3298.45,192451
2021-06-22 09:25:26,3298.55,192539
2021-06-22 09:25:26,3298.0,193239
2021-06-22 09:25:27,3298.4,193304
2021-06-22 09:25:28,3298.05,193382
2021-06-22 09:25:29,3298.05,193400
2021-06-22 09:25:30,3298.3,193533
2021-06-22 09:25:31,3298.3,193535
2021-06-22 09:25:33,3298.1,193740
2021-06-22 09:25:34,3299.0,193760
2021-06-22 09:25:35,3299.0,194460
2021-06-22 09:25:36,3298.85,194542
2021-06-22 09:25:37,3298.9,194544
2021-06-22 09:25:38,3298.95,194766
2021-06-22 09:25:39,3298.95,194766
2021-06-22 09:25:41,3299.0,194791
2021-06-22 09:25:42,3299.0,195059
2021-06-22 09:25:42,3298.9,195060
2021-06-22 09:25:43,3298.9,195091
2021-06-22 09:25:44,3298.9,195091
2021-06-22 09:25:45,3298.95,195099
2021-06-22 09:25:46,3299.0,196092
2021-06-22 09:25:47,3298.95,196345
2021-06-22 09:25:48,3298.95,196421
2021-06-22 09:25:50,3298.95,196421
2021-06-22 09:25:50,3299.0,196426
2021-06-22 09:25:51,3299.0,196451
2021-06-22 09:25:52,3298.95,196469
2021-06-22 09:25:54,3299.25,197051
2021-06-22 09:25:55,3299.25,197131
2021-06-22 09:25:56,3299.2,197145
2021-06-22 09:25:57,3299.2,197145
2021-06-22 09:25:58,3299.2,197145
2021-06-22 09:25:59,3299.1,197156
2021-06-22 09:26:00,3299.25,197250
2021-06-22 09:26:01,3299.4,197575
2021-06-22 09:26:02,3299.4,197576
2021-06-22 09:26:03,3299.4,197576
2021-06-22 09:26:03,3299.35,197577
2021-06-22 09:26:05,3299.35,197597
2021-06-22 09:26:06,3299.35,197629
2021-06-22 09:26:07,3299.35,197629
2021-06-22 09:26:08,3299.45,197855
2021-06-22 09:26:09,3299.5,197952
2021-06-22 09:26:10,3299.45,197977
2021-06-22 09:26:11,3299.5,197987
2021-06-22 09:26:12,3299.5,198052
2021-06-22 09:26:13,3299.5,198052
2021-06-22 09:26:14,3299.9,198057
2021-06-22 09:26:15,3300.0,198107
2021-06-22 09:26:16,3300.0,198218
2021-06-22 09:26:17,3299.7,200466
2021-06-22 09:26:18,3299.9,200546
2021-06-22 09:26:19,3299.8,200649
2021-06-22 09:26:20,3299.8,201321
2021-06-22 09:26:21,3298.95,201562
2021-06-22 09:26:22,3299.45,201947
2021-06-22 09:26:23,3299.45,201976
2021-06-22 09:26:24,3298.95,202211
2021-06-22 09:26:25,3299.05,202269
2021-06-22 09:26:26,3299.05,202296
2021-06-22 09:26:27,3299.05,202304
2021-06-22 09:26:28,3299.0,202387
2021-06-22 09:26:29,3299.0,202489
2021-06-22 09:26:30,3298.45,202599
2021-06-22 09:26:31,3298.95,202664
2021-06-22 09:26:32,3298.9,202670
2021-06-22 09:26:35,3298.95,203471
2021-06-22 09:26:36,3299.0,203541
2021-06-22 09:26:36,3299.05,203546
2021-06-22 09:26:37,3299.0,203548
2021-06-22 09:26:38,3298.85,203606
2021-06-22 09:26:39,3299.25,203655
2021-06-22 09:26:40,3299.25,203762
2021-06-22 09:26:41,3299.05,203792
2021-06-22 09:26:42,3299.9,203817
2021-06-22 09:26:43,3299.9,203818
2021-06-22 09:26:44,3299.2,203826
2021-06-22 09:26:45,3299.9,203843
2021-06-22 09:26:46,3299.9,203854
2021-06-22 09:26:47,3300.4,204369
2021-06-22 09:26:48,3300.5,204430
2021-06-22 09:26:49,3301.0,204531
2021-06-22 09:26:51,3300.95,204581
2021-06-22 09:26:52,3300.75,204695
2021-06-22 09:26:53,3300.75,204695
2021-06-22 09:26:54,3300.75,204695
2021-06-22 09:26:55,3300.75,204696
2021-06-22 09:26:56,3301.0,204708
2021-06-22 09:26:58,3301.0,204708
2021-06-22 09:26:58,3301.0,204708
2021-06-22 09:26:59,3301.7,204850
2021-06-22 09:27:01,3301.1,204901
2021-06-22 09:27:02,3301.85,204962
2021-06-22 09:27:03,3302.0,205271
2021-06-22 09:27:05,3301.9,205275
2021-06-22 09:27:06,3302.0,205336
2021-06-22 09:27:07,3302.0,205336
2021-06-22 09:27:08,3301.9,205359
2021-06-22 09:27:08,3301.9,205359
2021-06-22 09:27:10,3301.9,205359
2021-06-22 09:27:11,3301.9,205439
2021-06-22 09:27:11,3301.9,205439
2021-06-22 09:27:12,3302.0,205503
2021-06-22 09:27:13,3302.0,205503
2021-06-22 09:27:14,3302.05,205594
2021-06-22 09:27:15,3302.35,205597
2021-06-22 09:27:16,3302.35,205606
2021-06-22 09:27:17,3302.35,205606
2021-06-22 09:27:18,3302.5,205670
2021-06-22 09:27:20,3302.5,205848
2021-06-22 09:27:21,3303.0,205883
2021-06-22 09:27:21,3303.0,205939
2021-06-22 09:27:22,3303.05,205955
2021-06-22 09:27:23,3302.9,205969
2021-06-22 09:27:24,3303.15,206177
2021-06-22 09:27:25,3302.7,207376
2021-06-22 09:27:26,3302.0,207988
2021-06-22 09:27:28,3302.75,208299
2021-06-22 09:27:29,3302.4,208351
2021-06-22 09:27:29,3302.7,208922
2021-06-22 09:27:30,3302.65,208936
2021-06-22 09:27:31,3302.65,208936
2021-06-22 09:27:33,3302.3,208980
2021-06-22 09:27:34,3302.3,208982
2021-06-22 09:27:35,3302.3,209009
2021-06-22 09:27:36,3302.0,209011
2021-06-22 09:27:37,3302.5,209132
2021-06-22 09:27:38,3302.6,209233
2021-06-22 09:27:39,3302.6,209233
2021-06-22 09:27:40,3302.6,209242
2021-06-22 09:27:41,3302.95,209312
2021-06-22 09:27:42,3302.0,209466
2021-06-22 09:27:43,3302.0,209466
2021-06-22 09:27:44,3302.95,209469
2021-06-22 09:27:46,3302.9,209797
2021-06-22 09:27:48,3302.6,209806
2021-06-22 09:27:48,3302.6,209806
2021-06-22 09:27:49,3302.55,209819
2021-06-22 09:27:52,3302.0,209916
2021-06-22 09:27:53,3302.0,210072
2021-06-22 09:27:54,3302.0,210083
2021-06-22 09:27:56,3302.4,210134
2021-06-22 09:27:57,3302.4,210135
2021-06-22 09:27:58,3302.4,210311
2021-06-22 09:27:59,3302.15,210321
2021-06-22 09:28:00,3302.15,210321
2021-06-22 09:28:01,3302.45,210335
2021-06-22 09:28:02,3302.45,210335
2021-06-22 09:28:03,3302.4,210706
2021-06-22 09:28:04,3302.5,211147
2021-06-22 09:28:05,3302.45,211197
2021-06-22 09:28:06,3302.45,211208
2021-06-22 09:28:06,3302.35,211409
2021-06-22 09:28:08,3302.15,211809
2021-06-22 09:28:08,3302.15,211809
2021-06-22 09:28:09,3302.4,211814
2021-06-22 09:28:10,3302.25,211819
2021-06-22 09:28:11,3302.4,211834
2021-06-22 09:28:12,3302.4,211935
2021-06-22 09:28:13,3302.35,211966
2021-06-22 09:28:14,3302.3,212034
2021-06-22 09:28:16,3302.35,212047
2021-06-22 09:28:16,3302.35,212052
2021-06-22 09:28:18,3302.35,212105
2021-06-22 09:28:18,3302.3,212301
2021-06-22 09:28:19,3302.3,212734
2021-06-22 09:28:20,3302.3,212740
2021-06-22 09:28:21,3302.35,212756
2021-06-22 09:28:25,3302.2,213068
2021-06-22 09:28:26,3302.3,213086
2021-06-22 09:28:27,3302.25,213107
2021-06-22 09:28:28,3302.3,213113
2021-06-22 09:28:29,3302.3,213144
2021-06-22 09:28:30,3302.3,213146
2021-06-22 09:28:31,3302.3,213160
2021-06-22 09:28:32,3302.3,213212
2021-06-22 09:28:32,3302.3,213217
2021-06-22 09:28:34,3302.2,213547
2021-06-22 09:28:35,3302.3,213567
2021-06-22 09:28:36,3302.25,213578
2021-06-22 09:28:37,3302.25,213804
2021-06-22 09:28:38,3302.2,214125
2021-06-22 09:28:39,3302.2,214125
2021-06-22 09:28:41,3302.25,214281
2021-06-22 09:28:42,3302.2,214489
2021-06-22 09:28:43,3302.3,214494
2021-06-22 09:28:44,3302.3,214494
2021-06-22 09:28:45,3302.3,214644
2021-06-22 09:28:46,3302.3,214732
2021-06-22 09:28:48,3302.3,214919
2021-06-22 09:28:49,3302.35,214948
2021-06-22 09:28:50,3302.3,214973
2021-06-22 09:28:51,3302.4,215004
2021-06-22 09:28:51,3302.9,215564
2021-06-22 09:28:52,3302.55,215589
2021-06-22 09:28:53,3302.5,215722
2021-06-22 09:28:54,3302.55,215733
2021-06-22 09:28:55,3302.4,215869
2021-06-22 09:28:56,3302.4,215951
2021-06-22 09:28:58,3302.4,216026
2021-06-22 09:28:59,3302.35,216181
2021-06-22 09:28:59,3302.4,216887
2021-06-22 09:29:01,3302.35,216931
2021-06-22 09:29:02,3302.3,217137
2021-06-22 09:29:03,3302.35,217330
2021-06-22 09:29:04,3300.3,219429
2021-06-22 09:29:05,3300.35,219543
2021-06-22 09:29:06,3300.3,219844
2021-06-22 09:29:07,3300.25,219882
2021-06-22 09:29:07,3300.0,220093
2021-06-22 09:29:09,3300.2,220250
2021-06-22 09:29:10,3299.95,220369
2021-06-22 09:29:11,3299.9,220435
2021-06-22 09:29:12,3302.3,221261
2021-06-22 09:29:13,3301.1,221642
2021-06-22 09:29:14,3301.55,221652
2021-06-22 09:29:15,3302.2,221662
2021-06-22 09:29:18,3301.75,221696
2021-06-22 09:29:19,3302.2,221700
2021-06-22 09:29:20,3302.45,221822
2021-06-22 09:29:21,3303.0,223000
2021-06-22 09:29:22,3302.35,223001
2021-06-22 09:29:23,3302.35,223055
2021-06-22 09:29:24,3302.35,223146
2021-06-22 09:29:25,3302.8,223147
2021-06-22 09:29:26,3302.75,223249
2021-06-22 09:29:28,3302.45,223607
2021-06-22 09:29:30,3302.35,223874
2021-06-22 09:29:31,3302.3,223909
2021-06-22 09:29:32,3302.3,223911
2021-06-22 09:29:33,3302.05,224280
2021-06-22 09:29:34,3303.2,224698
2021-06-22 09:29:35,3302.1,224850
2021-06-22 09:29:36,3302.6,224861
2021-06-22 09:29:38,3302.65,224927
2021-06-22 09:29:39,3303.45,225168
2021-06-22 09:29:40,3303.45,225168
2021-06-22 09:29:41,3303.2,225330
2021-06-22 09:29:41,3302.9,225397
2021-06-22 09:29:42,3303.0,225404
2021-06-22 09:29:44,3303.7,225478
2021-06-22 09:29:45,3303.7,225481
2021-06-22 09:29:46,3303.7,225598
2021-06-22 09:29:47,3303.0,225612
2021-06-22 09:29:48,3303.7,225633
2021-06-22 09:29:49,3303.7,225636
2021-06-22 09:29:50,3303.7,225667
2021-06-22 09:29:51,3303.7,225818
2021-06-22 09:29:52,3303.0,225838
2021-06-22 09:29:53,3303.0,226342
2021-06-22 09:29:54,3302.7,226682
2021-06-22 09:29:55,3302.6,226893
2021-06-22 09:29:56,3302.65,227103
2021-06-22 09:29:57,3301.75,227162
2021-06-22 09:29:58,3303.0,227282
2021-06-22 09:29:59,3301.9,227289
2021-06-22 09:29:59,3301.9,227289
2021-06-22 09:30:00,3303.75,227515
2021-06-22 09:30:02,3303.9,227896
2021-06-22 09:30:02,3303.9,227917
2021-06-22 09:30:04,3303.9,228129
2021-06-22 09:30:05,3303.95,228327
2021-06-22 09:30:06,3303.95,228467
2021-06-22 09:30:08,3304.45,229313
2021-06-22 09:30:10,3304.0,230052
2021-06-22 09:30:11,3304.2,230400
2021-06-22 09:30:12,3304.0,230647
2021-06-22 09:30:13,3304.0,230787
2021-06-22 09:30:14,3304.15,230807
2021-06-22 09:30:15,3304.0,231006
2021-06-22 09:30:16,3305.0,233411
2021-06-22 09:30:17,3304.05,233533
2021-06-22 09:30:18,3304.25,233658
2021-06-22 09:30:19,3304.05,233703
2021-06-22 09:30:20,3304.05,233771
2021-06-22 09:30:21,3304.05,233961
2021-06-22 09:30:22,3304.0,234208
2021-06-22 09:30:23,3304.05,234274
2021-06-22 09:30:24,3304.0,234289
2021-06-22 09:30:25,3304.0,234433
2021-06-22 09:30:27,3304.0,234802
2021-06-22 09:30:28,3303.8,234866
2021-06-22 09:30:29,3304.05,235029
2021-06-22 09:30:30,3304.05,235034
2021-06-22 09:30:31,3304.05,235058
2021-06-22 09:30:32,3304.0,235165
2021-06-22 09:30:33,3304.05,235205
2021-06-22 09:30:34,3304.05,235305
2021-06-22 09:30:35,3304.05,235381
2021-06-22 09:30:36,3304.05,235402
2021-06-22 09:30:37,3304.05,235424
2021-06-22 09:30:38,3304.05,235602
2021-06-22 09:30:39,3304.05,235602
2021-06-22 09:30:40,3304.0,235652
2021-06-22 09:30:41,3304.05,235828
2021-06-22 09:30:42,3304.0,235899
2021-06-22 09:30:43,3304.05,236021
2021-06-22 09:30:44,3304.3,236171
2021-06-22 09:30:45,3304.0,236395
2021-06-22 09:30:46,3304.4,236569
2021-06-22 09:30:47,3304.35,236574
2021-06-22 09:30:48,3303.95,236630
2021-06-22 09:30:49,3304.35,236712
2021-06-22 09:30:50,3303.95,236786
2021-06-22 09:30:51,3304.35,236877
2021-06-22 09:30:52,3303.95,237085
2021-06-22 09:30:53,3304.35,237115
2021-06-22 09:30:54,3304.4,237165
2021-06-22 09:30:55,3304.8,237205
2021-06-22 09:30:56,3304.65,237229
2021-06-22 09:30:57,3304.4,237246
2021-06-22 09:30:58,3304.7,237929
2021-06-22 09:30:59,3304.2,238007
2021-06-22 09:31:00,3302.5,240259
2021-06-22 09:31:01,3302.65,241511
2021-06-22 09:31:02,3303.6,241523
2021-06-22 09:31:03,3303.5,241607
2021-06-22 09:31:04,3303.35,241663
2021-06-22 09:31:06,3303.35,241704
2021-06-22 09:31:05,3303.35,241693
2021-06-22 09:31:07,3302.75,241709
2021-06-22 09:31:08,3303.35,241759
2021-06-22 09:31:09,3303.35,241779
2021-06-22 09:31:10,3303.35,241801
2021-06-22 09:31:11,3303.0,241928
2021-06-22 09:31:12,3302.65,242150
2021-06-22 09:31:16,3302.95,242693
2021-06-22 09:31:17,3302.65,242703
2021-06-22 09:31:18,3302.65,242703
2021-06-22 09:31:19,3303.35,242807
2021-06-22 09:31:20,3302.65,242852
2021-06-22 09:31:21,3302.65,242894
2021-06-22 09:31:22,3303.3,242895
2021-06-22 09:31:23,3303.85,243545
2021-06-22 09:31:24,3302.8,243647
2021-06-22 09:31:25,3302.75,243694
2021-06-22 09:31:26,3303.8,243705
2021-06-22 09:31:27,3303.85,243724
2021-06-22 09:31:28,3302.95,243870
2021-06-22 09:31:29,3302.9,243997
2021-06-22 09:31:30,3302.95,244002
2021-06-22 09:31:31,3302.95,244049
2021-06-22 09:31:32,3302.9,244169
2021-06-22 09:31:33,3302.9,244269
2021-06-22 09:31:34,3303.0,244279
2021-06-22 09:31:35,3302.75,244496
2021-06-22 09:31:36,3303.7,244646
2021-06-22 09:31:38,3302.95,244712
2021-06-22 09:31:39,3302.95,244757
2021-06-22 09:31:40,3302.95,244812
2021-06-22 09:31:41,3303.85,244823
2021-06-22 09:31:42,3303.85,244823
2021-06-22 09:31:44,3302.95,244850
2021-06-22 09:31:45,3302.75,244922
2021-06-22 09:31:46,3303.8,244923
2021-06-22 09:31:48,3303.8,245219
2021-06-22 09:31:49,3303.8,245319
2021-06-22 09:31:50,3303.85,245560
2021-06-22 09:31:51,3304.0,245570
2021-06-22 09:31:52,3304.15,245898
2021-06-22 09:31:53,3303.15,245934
2021-06-22 09:31:54,3304.05,245995
2021-06-22 09:31:55,3303.15,246676
2021-06-22 09:31:56,3304.1,246691
2021-06-22 09:31:57,3304.1,246692
2021-06-22 09:31:58,3303.8,246793
2021-06-22 09:31:59,3304.1,246805
2021-06-22 09:32:00,3304.15,246883
2021-06-22 09:32:01,3304.0,246937
2021-06-22 09:32:02,3304.0,247018
2021-06-22 09:32:03,3304.0,247068
2021-06-22 09:32:04,3304.1,247369
2021-06-22 09:32:06,3304.05,248112
2021-06-22 09:32:07,3304.05,249042
2021-06-22 09:32:08,3304.0,249158
2021-06-22 09:32:09,3304.05,249163
2021-06-22 09:32:10,3304.0,249180
2021-06-22 09:32:11,3303.95,249190
2021-06-22 09:32:13,3304.15,249401
2021-06-22 09:32:14,3303.85,249459
2021-06-22 09:32:15,3303.85,249459
2021-06-22 09:32:16,3304.15,249475
2021-06-22 09:32:17,3304.95,250370
2021-06-22 09:32:17,3304.15,249870
2021-06-22 09:32:19,3304.9,250510
2021-06-22 09:32:20,3304.9,250510
2021-06-22 09:32:20,3303.9,250512
2021-06-22 09:32:21,3304.9,250574
2021-06-22 09:32:22,3304.0,250682
2021-06-22 09:32:23,3304.9,250683
2021-06-22 09:32:24,3304.9,250710
2021-06-22 09:32:25,3305.0,250756
2021-06-22 09:32:26,3305.0,251017
2021-06-22 09:32:27,3305.0,251117
2021-06-22 09:32:28,3305.0,251130
2021-06-22 09:32:29,3304.9,251157
2021-06-22 09:32:31,3304.9,253349
2021-06-22 09:32:31,3304.9,253349
2021-06-22 09:32:33,3306.4,253411
2021-06-22 09:32:33,3306.4,253422
2021-06-22 09:32:34,3306.4,253433
2021-06-22 09:32:35,3306.6,253486
2021-06-22 09:32:37,3306.85,254008
2021-06-22 09:32:37,3306.45,253993
2021-06-22 09:32:38,3306.8,254130
2021-06-22 09:32:39,3306.95,254350
2021-06-22 09:32:40,3306.25,254410
2021-06-22 09:32:41,3307.25,254563
2021-06-22 09:32:42,3306.25,254731
2021-06-22 09:32:43,3307.0,255004
2021-06-22 09:32:44,3307.5,255100
2021-06-22 09:32:45,3308.0,255175
2021-06-22 09:32:47,3307.6,255590
2021-06-22 09:32:47,3308.0,255769
2021-06-22 09:32:48,3307.6,255863
2021-06-22 09:32:49,3309.0,256118
2021-06-22 09:32:50,3308.0,256393
2021-06-22 09:32:51,3309.0,256448
2021-06-22 09:32:52,3309.0,256803
2021-06-22 09:32:53,3309.0,256894
2021-06-22 09:32:54,3308.15,257016
2021-06-22 09:32:56,3308.15,257233
2021-06-22 09:32:56,3309.15,257243
2021-06-22 09:32:57,3309.15,257306
2021-06-22 09:32:58,3309.15,257443
2021-06-22 09:32:59,3309.0,257599
2021-06-22 09:33:01,3309.75,259015
2021-06-22 09:33:01,3309.9,259018
2021-06-22 09:33:02,3309.9,259043
2021-06-22 09:33:03,3309.2,259396
2021-06-22 09:33:04,3309.75,259870
2021-06-22 09:33:05,3309.75,259971
2021-06-22 09:33:07,3309.15,259998
2021-06-22 09:33:07,3309.9,260009
2021-06-22 09:33:08,3309.9,260014
2021-06-22 09:33:09,3309.15,260314
2021-06-22 09:33:10,3309.15,260391
2021-06-22 09:33:11,3309.15,260503
2021-06-22 09:33:12,3309.9,261653
2021-06-22 09:33:14,3309.15,261807
2021-06-22 09:33:14,3309.75,261808
2021-06-22 09:33:15,3309.9,261973
2021-06-22 09:33:17,3309.9,262168
2021-06-22 09:33:18,3309.1,262624
2021-06-22 09:33:18,3309.9,262694
2021-06-22 09:33:19,3309.75,263838
2021-06-22 09:33:20,3309.9,264004
2021-06-22 09:33:21,3309.9,264044
2021-06-22 09:33:22,3309.9,264124
2021-06-22 09:33:23,3309.5,264220
2021-06-22 09:33:24,3309.5,264325
2021-06-22 09:33:25,3309.5,264740
2021-06-22 09:33:26,3309.5,264882
2021-06-22 09:33:28,3309.5,264934
2021-06-22 09:33:29,3309.9,265856
2021-06-22 09:33:31,3310.0,266053
2021-06-22 09:33:32,3309.65,266216
2021-06-22 09:33:33,3309.65,266217
2021-06-22 09:33:34,3309.75,266239
2021-06-22 09:33:35,3309.5,266566
2021-06-22 09:33:36,3307.5,267843
2021-06-22 09:33:37,3308.85,267883
2021-06-22 09:33:38,3307.55,267992
2021-06-22 09:33:39,3307.55,268196
2021-06-22 09:33:40,3309.45,268206
2021-06-22 09:33:41,3309.3,268297
2021-06-22 09:33:42,3309.05,268356
2021-06-22 09:33:43,3309.35,268366
2021-06-22 09:33:44,3308.3,268733
2021-06-22 09:33:46,3309.55,269344
2021-06-22 09:33:46,3308.3,269422
2021-06-22 09:33:47,3308.3,269437
2021-06-22 09:33:48,3308.25,269473
2021-06-22 09:33:49,3308.55,269490
2021-06-22 09:33:50,3308.3,269527
2021-06-22 09:33:51,3308.45,269537
2021-06-22 09:33:52,3307.9,269609
2021-06-22 09:33:53,3308.5,269944
2021-06-22 09:33:55,3308.5,270058
2021-06-22 09:33:56,3309.0,270644
2021-06-22 09:33:58,3308.45,270664
2021-06-22 09:34:01,3307.95,270762
2021-06-22 09:34:02,3307.9,271056
2021-06-22 09:34:03,3309.0,271066
2021-06-22 09:34:06,3308.4,273130
2021-06-22 09:34:07,3308.4,273199
2021-06-22 09:34:07,3308.4,273208
2021-06-22 09:34:10,3308.6,273567
2021-06-22 09:34:11,3307.15,274047
2021-06-22 09:34:12,3306.95,274667
2021-06-22 09:34:12,3307.7,274669
2021-06-22 09:34:13,3307.55,274785
2021-06-22 09:34:14,3306.0,275410
2021-06-22 09:34:15,3307.3,275737
2021-06-22 09:34:16,3307.4,275748
2021-06-22 09:34:17,3307.75,276175
2021-06-22 09:34:18,3307.85,276212
2021-06-22 09:34:20,3306.45,276395
2021-06-22 09:34:21,3307.65,276598
2021-06-22 09:34:20,3307.7,276417
2021-06-22 09:34:22,3306.55,276898
2021-06-22 09:34:23,3306.8,276954
2021-06-22 09:34:24,3307.9,277280
2021-06-22 09:34:25,3307.85,277410
2021-06-22 09:34:26,3307.85,277437
2021-06-22 09:34:27,3307.8,277442
2021-06-22 09:34:28,3307.1,277916
2021-06-22 09:34:29,3307.1,277967
2021-06-22 09:34:30,3306.7,278617
2021-06-22 09:34:31,3306.45,279034
2021-06-22 09:34:32,3307.75,279198
2021-06-22 09:34:34,3306.6,279353
2021-06-22 09:34:34,3306.45,279401
2021-06-22 09:34:36,3306.45,279657
2021-06-22 09:34:36,3307.95,279767
2021-06-22 09:34:38,3307.0,279842
2021-06-22 09:34:39,3307.0,279892
2021-06-22 09:34:40,3307.6,279912
2021-06-22 09:34:40,3307.6,279912
2021-06-22 09:34:41,3307.0,280311
2021-06-22 09:34:42,3306.65,280314
2021-06-22 09:34:43,3307.7,280417
2021-06-22 09:34:44,3307.7,280510
2021-06-22 09:34:45,3307.8,280520
2021-06-22 09:34:46,3307.55,280542
2021-06-22 09:34:47,3307.55,280562
2021-06-22 09:34:48,3308.85,282562
2021-06-22 09:34:49,3308.95,282620
2021-06-22 09:34:51,3307.15,283368
2021-06-22 09:34:52,3307.15,283436
2021-06-22 09:34:53,3307.15,283437
2021-06-22 09:34:54,3307.0,283472
2021-06-22 09:34:55,3307.95,283506
2021-06-22 09:34:56,3308.0,283518
2021-06-22 09:34:57,3308.0,283519
2021-06-22 09:34:58,3307.2,283819
2021-06-22 09:35:00,3308.0,284129
2021-06-22 09:35:01,3308.0,284185
2021-06-22 09:35:02,3307.7,284462
2021-06-22 09:35:02,3307.7,284464
2021-06-22 09:35:03,3308.8,284524
2021-06-22 09:35:05,3308.8,284603
2021-06-22 09:35:06,3308.0,284616
2021-06-22 09:35:07,3308.9,284627
2021-06-22 09:35:08,3307.55,284962
2021-06-22 09:35:10,3307.95,285349
2021-06-22 09:35:11,3308.0,285453
2021-06-22 09:35:13,3307.9,285532
2021-06-22 09:35:15,3307.95,285709
2021-06-22 09:35:16,3309.0,285755
2021-06-22 09:35:17,3309.0,285766
2021-06-22 09:35:18,3307.95,286082
2021-06-22 09:35:19,3308.95,286097
2021-06-22 09:35:20,3308.95,286097
2021-06-22 09:35:20,3308.9,286209
2021-06-22 09:35:22,3309.0,286421
2021-06-22 09:35:23,3309.0,286501
2021-06-22 09:35:24,3309.0,286505
2021-06-22 09:35:24,3309.0,286605
2021-06-22 09:35:25,3309.9,287320
2021-06-22 09:35:27,3308.95,287775
2021-06-22 09:35:29,3310.8,289476
2021-06-22 09:35:30,3310.75,289508
2021-06-22 09:35:32,3310.8,289838
2021-06-22 09:35:33,3310.8,289841
2021-06-22 09:35:33,3310.8,289841
2021-06-22 09:35:35,3310.0,289984
2021-06-22 09:35:36,3310.0,290020
2021-06-22 09:35:37,3310.0,290285
2021-06-22 09:35:38,3310.25,290860
2021-06-22 09:35:39,3310.2,290877
2021-06-22 09:35:40,3309.6,291752
2021-06-22 09:35:40,3309.4,291502
2021-06-22 09:35:41,3309.6,291998
2021-06-22 09:35:43,3310.0,292363
2021-06-22 09:35:43,3310.25,292398
2021-06-22 09:35:44,3310.75,292610
2021-06-22 09:35:46,3309.4,292854
2021-06-22 09:35:47,3311.0,293079
2021-06-22 09:35:47,3311.0,293081
2021-06-22 09:35:48,3310.0,293220
2021-06-22 09:35:49,3310.0,293649
2021-06-22 09:35:50,3310.15,293659
2021-06-22 09:35:51,3310.0,293725
2021-06-22 09:35:52,3310.75,293760
2021-06-22 09:35:53,3309.6,294366
2021-06-22 09:35:54,3310.8,294386
2021-06-22 09:35:55,3311.1,294490
2021-06-22 09:35:56,3309.4,294818
2021-06-22 09:36:00,3310.2,294867
2021-06-22 09:36:01,3309.9,294999
2021-06-22 09:36:03,3309.9,295122
2021-06-22 09:36:04,3309.9,295122
2021-06-22 09:36:04,3309.9,295132
2021-06-22 09:36:05,3309.8,295213
2021-06-22 09:36:06,3308.95,297528
2021-06-22 09:36:07,3309.4,297530
2021-06-22 09:36:08,3309.4,297559
2021-06-22 09:36:09,3309.4,297559
2021-06-22 09:36:11,3309.35,297865
2021-06-22 09:36:12,3309.85,297992
2021-06-22 09:36:12,3309.85,297992
2021-06-22 09:36:13,3310.0,297998
2021-06-22 09:36:14,3310.55,298179
2021-06-22 09:36:15,3310.65,298209
2021-06-22 09:36:16,3310.7,298242
2021-06-22 09:36:17,3310.9,298447
2021-06-22 09:36:18,3310.8,298556
2021-06-22 09:36:20,3310.0,298594
2021-06-22 09:36:21,3310.85,298915
2021-06-22 09:36:22,3311.0,298985
2021-06-22 09:36:23,3310.1,299014
2021-06-22 09:36:24,3311.0,299018
2021-06-22 09:36:26,3311.0,299163
2021-06-22 09:36:27,3310.9,299395
2021-06-22 09:36:29,3310.9,300077
2021-06-22 09:36:30,3311.3,300129
2021-06-22 09:36:30,3311.0,300494
2021-06-22 09:36:32,3310.7,300524
2021-06-22 09:36:34,3311.0,300648
2021-06-22 09:36:35,3310.6,300754
2021-06-22 09:36:35,3310.6,300754
2021-06-22 09:36:36,3311.5,300989
2021-06-22 09:36:37,3310.6,301005
2021-06-22 09:36:39,3311.5,301006
2021-06-22 09:36:41,3311.5,301448
2021-06-22 09:36:42,3311.5,301489
2021-06-22 09:36:43,3311.95,301502
2021-06-22 09:36:44,3311.5,301554
2021-06-22 09:36:45,3311.5,301554
2021-06-22 09:36:46,3311.95,301569
2021-06-22 09:36:47,3311.5,301570
2021-06-22 09:36:47,3311.5,301570
2021-06-22 09:36:48,3311.5,301605
2021-06-22 09:36:49,3311.5,301605
2021-06-22 09:36:50,3311.9,301710
2021-06-22 09:36:52,3311.55,301959
2021-06-22 09:36:53,3311.95,301996
2021-06-22 09:36:54,3311.8,302730
2021-06-22 09:36:54,3311.8,302730
2021-06-22 09:36:55,3312.0,302794
2021-06-22 09:36:57,3311.2,303133
2021-06-22 09:36:58,3311.9,303188
2021-06-22 09:36:59,3311.85,303223
2021-06-22 09:37:00,3311.2,303612
2021-06-22 09:37:01,3312.0,303634
2021-06-22 09:37:03,3311.2,304545
2021-06-22 09:37:04,3311.3,304858
2021-06-22 09:37:04,3312.0,304902
2021-06-22 09:37:05,3312.0,305103
2021-06-22 09:37:07,3311.4,305241
2021-06-22 09:37:08,3311.95,305490
2021-06-22 09:37:09,3311.5,305840
2021-06-22 09:37:10,3311.8,305862
2021-06-22 09:37:11,3311.95,306054
2021-06-22 09:37:12,3311.95,306075
2021-06-22 09:37:14,3311.9,306079
2021-06-22 09:37:15,3311.9,306080
2021-06-22 09:37:16,3311.95,306525
2021-06-22 09:37:17,3311.9,306576
2021-06-22 09:37:18,3311.95,306646
2021-06-22 09:37:19,3311.9,306653
2021-06-22 09:37:20,3311.9,306656
2021-06-22 09:37:21,3312.05,306665
2021-06-22 09:37:22,3312.1,306866
2021-06-22 09:37:23,3313.0,307000
2021-06-22 09:37:24,3312.95,307848
2021-06-22 09:37:25,3312.95,308150
2021-06-22 09:37:26,3311.8,308797
2021-06-22 09:37:27,3312.9,308899
2021-06-22 09:37:29,3311.95,309051
2021-06-22 09:37:30,3311.95,309092
2021-06-22 09:37:31,3313.0,309172
2021-06-22 09:37:32,3313.0,309182
2021-06-22 09:37:32,3313.0,309182
2021-06-22 09:37:33,3311.95,309404
2021-06-22 09:37:35,3312.0,309461
2021-06-22 09:37:36,3312.0,309724
2021-06-22 09:37:37,3312.0,309998
2021-06-22 09:37:38,3312.0,310065
2021-06-22 09:37:38,3312.0,310110
2021-06-22 09:37:39,3312.55,310143
2021-06-22 09:37:41,3312.0,310275
2021-06-22 09:37:43,3313.0,310319
2021-06-22 09:37:44,3313.0,310319
2021-06-22 09:37:45,3312.0,310320
2021-06-22 09:37:46,3312.15,310958
2021-06-22 09:37:47,3313.0,310973
2021-06-22 09:37:48,3313.0,311008
2021-06-22 09:37:49,3313.5,311029
2021-06-22 09:37:49,3313.5,311029
2021-06-22 09:37:50,3313.6,311674
2021-06-22 09:37:51,3312.9,311994
2021-06-22 09:37:52,3313.55,312099
2021-06-22 09:37:53,3312.9,312318
2021-06-22 09:37:55,3312.9,312437
2021-06-22 09:37:56,3313.0,312486
2021-06-22 09:37:57,3312.8,312492
2021-06-22 09:37:58,3313.5,312511
2021-06-22 09:37:58,3313.5,312511
2021-06-22 09:37:59,3313.45,312512
2021-06-22 09:38:01,3313.0,312556
2021-06-22 09:38:02,3313.5,312841
2021-06-22 09:38:03,3312.6,312923
2021-06-22 09:38:04,3313.0,313001
2021-06-22 09:38:04,3313.0,313057
2021-06-22 09:38:06,3313.5,313250
2021-06-22 09:38:07,3313.5,313351
2021-06-22 09:38:07,3313.5,313351
2021-06-22 09:38:09,3312.65,313726
2021-06-22 09:38:10,3312.65,313836
2021-06-22 09:38:12,3313.5,314106
2021-06-22 09:38:13,3313.5,314266
2021-06-22 09:38:14,3313.5,314266
2021-06-22 09:38:15,3313.05,314393
2021-06-22 09:38:16,3314.7,315697
2021-06-22 09:38:16,3314.7,315697
2021-06-22 09:38:18,3314.7,315828
2021-06-22 09:38:18,3314.7,315828
2021-06-22 09:38:19,3314.9,315865
2021-06-22 09:38:20,3315.15,317963
2021-06-22 09:38:21,3315.15,318026
2021-06-22 09:38:23,3316.8,318930
2021-06-22 09:38:24,3316.85,319228
2021-06-22 09:38:25,3317.0,319330
2021-06-22 09:38:26,3316.0,319424
2021-06-22 09:38:27,3317.35,319722
2021-06-22 09:38:27,3317.7,319851
2021-06-22 09:38:28,3317.45,319905
2021-06-22 09:38:29,3317.3,320035
2021-06-22 09:38:30,3317.0,320051
2021-06-22 09:38:31,3316.0,320074
2021-06-22 09:38:33,3316.05,320292
2021-06-22 09:38:34,3317.25,320318
2021-06-22 09:38:35,3317.25,320783
2021-06-22 09:38:36,3316.2,320839
2021-06-22 09:38:37,3316.25,320864
2021-06-22 09:38:38,3317.0,321060
2021-06-22 09:38:38,3317.0,321060
2021-06-22 09:38:40,3317.0,321128
2021-06-22 09:38:40,3317.0,321128
2021-06-22 09:38:41,3316.3,321445
2021-06-22 09:38:42,3317.0,321475
2021-06-22 09:38:44,3317.4,321625
2021-06-22 09:38:45,3317.0,321778
2021-06-22 09:38:47,3317.05,322218
2021-06-22 09:38:48,3317.2,322374
2021-06-22 09:38:49,3317.2,322733
2021-06-22 09:38:51,3317.25,322763
2021-06-22 09:38:52,3317.85,323087
2021-06-22 09:38:53,3318.0,323315
2021-06-22 09:38:54,3318.0,323318
2021-06-22 09:38:54,3317.7,323321
2021-06-22 09:38:56,3318.3,323386
2021-06-22 09:38:57,3318.3,323468
2021-06-22 09:38:58,3318.3,323575
2021-06-22 09:38:59,3318.0,323780
2021-06-22 09:39:00,3318.3,323793
2021-06-22 09:39:00,3318.55,323963
2021-06-22 09:39:02,3318.0,324180
2021-06-22 09:39:03,3318.5,324198
2021-06-22 09:39:04,3319.0,324474
2021-06-22 09:39:05,3319.0,324585
2021-06-22 09:39:06,3318.55,324737
2021-06-22 09:39:08,3319.0,325093
2021-06-22 09:39:09,3319.0,325446
2021-06-22 09:39:10,3319.0,325612
2021-06-22 09:39:10,3319.0,325612
2021-06-22 09:39:12,3319.0,325642
2021-06-22 09:39:13,3319.0,326778
2021-06-22 09:39:14,3319.3,326781
2021-06-22 09:39:15,3319.0,326996
2021-06-22 09:39:16,3319.0,327159
2021-06-22 09:39:17,3319.9,327160
2021-06-22 09:39:18,3320.0,327704
2021-06-22 09:39:19,3319.5,327726
2021-06-22 09:39:19,3320.0,328092
2021-06-22 09:39:21,3320.0,328587
2021-06-22 09:39:22,3320.0,328644
2021-06-22 09:39:24,3319.5,328930
2021-06-22 09:39:25,3320.0,329034
2021-06-22 09:39:26,3320.0,329341
2021-06-22 09:39:26,3320.0,329341
2021-06-22 09:39:28,3320.0,329517
2021-06-22 09:39:29,3319.4,330427
2021-06-22 09:39:30,3319.4,330558
2021-06-22 09:39:31,3319.4,330658
2021-06-22 09:39:32,3320.0,331122
2021-06-22 09:39:32,3320.0,331137
2021-06-22 09:39:34,3320.0,331188
2021-06-22 09:39:35,3319.8,331259
2021-06-22 09:39:36,3320.0,331973
2021-06-22 09:39:37,3320.0,332087
2021-06-22 09:39:38,3319.85,332324
2021-06-22 09:39:39,3320.0,332330
2021-06-22 09:39:40,3320.25,332785
2021-06-22 09:39:41,3320.05,332998
2021-06-22 09:39:41,3319.85,333313
2021-06-22 09:39:42,3319.85,333316
2021-06-22 09:39:43,3320.4,333352
2021-06-22 09:39:45,3320.4,333517
2021-06-22 09:39:46,3320.0,333915
2021-06-22 09:39:47,3320.25,334055
2021-06-22 09:39:48,3320.0,334301
2021-06-22 09:39:49,3319.85,335940
2021-06-22 09:39:50,3320.0,336240
2021-06-22 09:39:51,3320.1,336762
2021-06-22 09:39:52,3320.05,337075
2021-06-22 09:39:56,3320.05,337693
2021-06-22 09:39:56,3320.05,337693
2021-06-22 09:39:58,3320.05,338068
2021-06-22 09:39:59,3320.35,338187
2021-06-22 09:40:00,3320.5,338792
2021-06-22 09:40:01,3320.0,339146
2021-06-22 09:40:02,3320.35,339154
2021-06-22 09:40:03,3320.3,339199
2021-06-22 09:40:04,3320.35,339244
2021-06-22 09:40:05,3319.85,339672
2021-06-22 09:40:06,3319.85,340956
2021-06-22 09:40:07,3320.4,341144
2021-06-22 09:40:08,3316.55,345151
2021-06-22 09:40:09,3318.1,345716
2021-06-22 09:40:10,3317.85,345769
2021-06-22 09:40:11,3316.5,345910
2021-06-22 09:40:12,3317.8,346734
2021-06-22 09:40:13,3316.9,346795
2021-06-22 09:40:14,3317.0,346865
2021-06-22 09:40:15,3317.1,347188
2021-06-22 09:40:16,3317.1,347193
2021-06-22 09:40:17,3318.4,347337
2021-06-22 09:40:18,3318.4,347408
2021-06-22 09:40:20,3319.8,347420
2021-06-22 09:40:21,3319.85,347456
2021-06-22 09:40:22,3318.55,347473
2021-06-22 09:40:23,3318.5,347642
2021-06-22 09:40:24,3319.0,347954
2021-06-22 09:40:24,3319.75,347953
2021-06-22 09:40:26,3318.4,348034
2021-06-22 09:40:27,3318.4,348093
2021-06-22 09:40:28,3319.5,348293
2021-06-22 09:40:29,3318.45,348334
2021-06-22 09:40:31,3319.95,348437
2021-06-22 09:40:33,3318.45,348755
2021-06-22 09:40:34,3318.4,348780
2021-06-22 09:40:35,3318.4,349380
2021-06-22 09:40:36,3319.6,349450
2021-06-22 09:40:37,3318.4,349495
2021-06-22 09:40:38,3319.75,349544
2021-06-22 09:40:39,3319.45,349569
2021-06-22 09:40:40,3319.45,349709
2021-06-22 09:40:41,3319.75,349759
2021-06-22 09:40:42,3319.75,349762
2021-06-22 09:40:43,3319.75,349847
2021-06-22 09:40:44,3319.45,350177
2021-06-22 09:40:45,3319.45,350337
2021-06-22 09:40:46,3319.75,350415
2021-06-22 09:40:47,3319.75,350445
2021-06-22 09:40:48,3319.75,350445
2021-06-22 09:40:50,3319.35,352282
2021-06-22 09:40:51,3319.55,352327
2021-06-22 09:40:52,3319.35,352471
2021-06-22 09:40:54,3319.6,353088
2021-06-22 09:40:55,3319.6,353088
2021-06-22 09:40:58,3319.8,354731
2021-06-22 09:40:59,3319.8,354733
2021-06-22 09:41:00,3320.3,355097
2021-06-22 09:41:02,3319.9,355509
2021-06-22 09:41:01,3319.8,355507
2021-06-22 09:41:03,3318.0,358217
2021-06-22 09:41:04,3318.4,358218
2021-06-22 09:41:05,3318.05,358236
2021-06-22 09:41:06,3318.35,358303
2021-06-22 09:41:07,3319.5,358816
2021-06-22 09:41:08,3319.5,358816
2021-06-22 09:41:10,3319.75,358916
2021-06-22 09:41:11,3319.75,358936
2021-06-22 09:41:13,3319.45,359447
2021-06-22 09:41:14,3320.0,359947
2021-06-22 09:41:15,3319.45,360420
2021-06-22 09:41:16,3320.0,360488
2021-06-22 09:41:17,3319.75,360524
2021-06-22 09:41:19,3318.6,360742
2021-06-22 09:41:18,3318.6,360706
2021-06-22 09:41:20,3318.6,360797
2021-06-22 09:41:22,3319.45,361322
2021-06-22 09:41:23,3320.0,361484
2021-06-22 09:41:24,3319.45,361530
2021-06-22 09:41:25,3319.45,361540
2021-06-22 09:41:26,3320.0,361607
2021-06-22 09:41:27,3319.45,361609
2021-06-22 09:41:28,3320.0,361718
2021-06-22 09:41:29,3320.0,362073
2021-06-22 09:41:30,3319.45,362118
2021-06-22 09:41:31,3320.0,362205
2021-06-22 09:41:32,3319.55,362505
2021-06-22 09:41:33,3319.5,362638
2021-06-22 09:41:34,3319.5,362673
2021-06-22 09:41:35,3320.0,362895
2021-06-22 09:41:36,3319.55,363265
2021-06-22 09:41:37,3320.0,363600
2021-06-22 09:41:38,3320.0,363647
2021-06-22 09:41:39,3319.8,363655
2021-06-22 09:41:40,3320.0,364385
2021-06-22 09:41:41,3320.0,364395
2021-06-22 09:41:42,3319.5,364397
2021-06-22 09:41:43,3319.55,364407
2021-06-22 09:41:44,3319.9,364422
2021-06-22 09:41:45,3320.0,365032
2021-06-22 09:41:46,3320.5,365102
2021-06-22 09:41:47,3320.0,365137
2021-06-22 09:41:48,3320.5,365139
2021-06-22 09:41:49,3320.5,365139
2021-06-22 09:41:50,3319.95,366036
2021-06-22 09:41:51,3319.3,366560
2021-06-22 09:41:52,3318.05,366908
2021-06-22 09:41:54,3318.05,367278
2021-06-22 09:41:55,3318.95,367363
2021-06-22 09:41:56,3319.0,367458
2021-06-22 09:41:57,3318.7,367506
2021-06-22 09:41:59,3317.25,367681
2021-06-22 09:42:00,3317.95,367703
2021-06-22 09:42:01,3318.05,367722
2021-06-22 09:42:02,3317.95,367735
2021-06-22 09:42:03,3318.05,367738
2021-06-22 09:42:04,3318.05,367817
2021-06-22 09:42:05,3318.05,367857
2021-06-22 09:42:07,3317.0,368161
2021-06-22 09:42:08,3317.0,368161
2021-06-22 09:42:09,3317.0,368945
2021-06-22 09:42:10,3317.9,369063
2021-06-22 09:42:11,3315.75,369398
2021-06-22 09:42:12,3316.1,369476
2021-06-22 09:42:13,3317.9,369502
2021-06-22 09:42:14,3316.35,369787
2021-06-22 09:42:15,3316.35,369835
2021-06-22 09:42:16,3317.0,369846
2021-06-22 09:42:17,3317.0,369920
2021-06-22 09:42:18,3316.35,369930
2021-06-22 09:42:19,3317.9,370152
2021-06-22 09:42:20,3316.5,370237
2021-06-22 09:42:21,3317.75,370257
2021-06-22 09:42:22,3317.75,370257
2021-06-22 09:42:23,3317.0,370287
2021-06-22 09:42:25,3317.95,371480
2021-06-22 09:42:26,3316.45,371928
2021-06-22 09:42:27,3316.1,372002
2021-06-22 09:42:28,3316.1,372002
2021-06-22 09:42:29,3316.45,372022
2021-06-22 09:42:30,3316.05,372060
2021-06-22 09:42:31,3316.1,372083
2021-06-22 09:42:32,3316.05,372105
2021-06-22 09:42:33,3317.0,372212
2021-06-22 09:42:35,3316.0,372605
2021-06-22 09:42:34,3316.0,372584
2021-06-22 09:42:36,3317.65,372780
2021-06-22 09:42:37,3317.0,372831
2021-06-22 09:42:38,3317.1,372846
2021-06-22 09:42:39,3317.1,372862
2021-06-22 09:42:40,3317.1,372868
2021-06-22 09:42:43,3317.65,372928
2021-06-22 09:42:45,3318.05,373472
2021-06-22 09:42:47,3317.45,373909
2021-06-22 09:42:48,3317.45,373924
2021-06-22 09:42:49,3317.45,373924
2021-06-22 09:42:51,3318.45,374220
2021-06-22 09:42:53,3318.45,374625
2021-06-22 09:42:53,3318.45,374625
2021-06-22 09:42:54,3319.0,374677
2021-06-22 09:42:55,3318.9,374887
2021-06-22 09:42:56,3319.9,374904
2021-06-22 09:42:57,3319.0,375074
2021-06-22 09:42:58,3319.35,375280
2021-06-22 09:42:59,3319.35,375812
2021-06-22 09:43:02,3319.45,375869
2021-06-22 09:43:02,3319.95,375872
2021-06-22 09:43:03,3319.45,376052
2021-06-22 09:43:04,3319.2,376610
2021-06-22 09:43:05,3319.6,376763
2021-06-22 09:43:06,3320.0,377260
2021-06-22 09:43:09,3319.7,377900
2021-06-22 09:43:10,3319.05,378301
2021-06-22 09:43:11,3319.05,378326
2021-06-22 09:43:12,3319.05,378353
2021-06-22 09:43:13,3319.05,378353
2021-06-22 09:43:15,3319.05,378356
2021-06-22 09:43:16,3318.45,378619
2021-06-22 09:43:16,3318.45,378619
2021-06-22 09:43:18,3319.0,378889
2021-06-22 09:43:19,3318.5,379124
2021-06-22 09:43:20,3318.45,379172
2021-06-22 09:43:21,3319.0,379504
2021-06-22 09:43:22,3318.95,379609
2021-06-22 09:43:24,3319.05,379685
2021-06-22 09:43:24,3319.0,379788
2021-06-22 09:43:25,3319.0,379969
2021-06-22 09:43:26,3319.85,379983
2021-06-22 09:43:27,3319.0,380002
2021-06-22 09:43:28,3319.0,380205
2021-06-22 09:43:29,3319.85,380210
2021-06-22 09:43:30,3319.85,380230
2021-06-22 09:43:31,3319.0,380517
2021-06-22 09:43:33,3319.85,380537
2021-06-22 09:43:34,3319.0,380547
2021-06-22 09:43:34,3319.0,380547
2021-06-22 09:43:35,3318.9,381057
2021-06-22 09:43:36,3319.2,381254
2021-06-22 09:43:37,3318.9,381354
2021-06-22 09:43:38,3319.0,381361
2021-06-22 09:43:40,3318.9,381576
2021-06-22 09:43:42,3319.0,382155
2021-06-22 09:43:44,3318.95,382705
2021-06-22 09:43:45,3318.6,382801
2021-06-22 09:43:46,3319.0,382821
2021-06-22 09:43:46,3318.65,382830
2021-06-22 09:43:47,3319.0,382887
2021-06-22 09:43:48,3319.0,382887
2021-06-22 09:43:49,3319.0,383187
2021-06-22 09:43:51,3318.45,383417
2021-06-22 09:43:53,3318.25,383650
2021-06-22 09:43:54,3318.25,383650
2021-06-22 09:43:55,3318.25,383972
2021-06-22 09:43:55,3318.25,383972
2021-06-22 09:43:56,3318.0,384139
2021-06-22 09:43:57,3318.0,384142
2021-06-22 09:43:58,3317.15,384179
2021-06-22 09:43:59,3318.0,384255
2021-06-22 09:44:00,3319.0,384394
2021-06-22 09:44:02,3318.0,384757
2021-06-22 09:44:02,3318.0,384757
2021-06-22 09:44:03,3317.9,384976
2021-06-22 09:44:04,3317.9,384976
2021-06-22 09:44:05,3317.9,384976
2021-06-22 09:44:06,3317.95,385186
2021-06-22 09:44:07,3318.5,385647
2021-06-22 09:44:08,3317.95,385920
2021-06-22 09:44:09,3317.95,385965
2021-06-22 09:44:11,3318.0,386132
2021-06-22 09:44:12,3318.5,386204
2021-06-22 09:44:12,3318.5,386204
2021-06-22 09:44:15,3318.4,387870
2021-06-22 09:44:15,3318.8,387909
2021-06-22 09:44:16,3318.4,388156
2021-06-22 09:44:17,3318.45,388251
2021-06-22 09:44:18,3318.4,388351
2021-06-22 09:44:20,3318.4,388368
2021-06-22 09:44:20,3318.4,388368
2021-06-22 09:44:21,3319.4,388434
2021-06-22 09:44:22,3319.8,388592
2021-06-22 09:44:23,3319.8,388592
2021-06-22 09:44:24,3319.8,388648
2021-06-22 09:44:25,3319.0,389030
2021-06-22 09:44:26,3319.0,389077
2021-06-22 09:44:27,3319.0,389498
2021-06-22 09:44:28,3319.0,389516
2021-06-22 09:44:29,3319.0,389572
2021-06-22 09:44:30,3319.0,389738
2021-06-22 09:44:32,3319.0,390010
2021-06-22 09:44:32,3319.0,389800
2021-06-22 09:44:33,3319.0,390010
2021-06-22 09:44:34,3319.4,390069
2021-06-22 09:44:35,3319.05,390122
2021-06-22 09:44:36,3319.0,390417
2021-06-22 09:44:37,3319.9,390463
2021-06-22 09:44:39,3320.5,392689
2021-06-22 09:44:40,3320.0,392950
2021-06-22 09:44:42,3320.0,393019
2021-06-22 09:44:43,3320.0,393047
2021-06-22 09:44:44,3320.4,393179
2021-06-22 09:44:45,3320.45,393189
2021-06-22 09:44:46,3320.4,393464
2021-06-22 09:44:47,3320.2,393492
2021-06-22 09:44:48,3320.95,393722
2021-06-22 09:44:50,3320.7,394232
2021-06-22 09:44:51,3321.0,394960
2021-06-22 09:44:51,3320.45,395031
2021-06-22 09:44:52,3320.15,395061
2021-06-22 09:44:53,3320.15,395064
2021-06-22 09:44:54,3320.15,395140
2021-06-22 09:44:56,3320.95,395408
2021-06-22 09:44:57,3320.95,395411
2021-06-22 09:44:58,3320.15,395451
2021-06-22 09:44:59,3320.9,395468
2021-06-22 09:45:00,3320.85,395803
2021-06-22 09:45:01,3320.85,395872
2021-06-22 09:45:02,3320.95,395936
2021-06-22 09:45:03,3321.0,395962
2021-06-22 09:45:03,3321.0,395962
2021-06-22 09:45:04,3320.4,396096
2021-06-22 09:45:05,3321.0,396144
2021-06-22 09:45:06,3321.0,396176
2021-06-22 09:45:07,3321.0,396181
2021-06-22 09:45:09,3321.0,396199
2021-06-22 09:45:10,3320.55,396365
2021-06-22 09:45:10,3320.5,396366
2021-06-22 09:45:11,3320.5,396483
2021-06-22 09:45:14,3320.8,396580
2021-06-22 09:45:15,3320.8,396585
2021-06-22 09:45:16,3320.55,396703
2021-06-22 09:45:17,3321.0,396836
2021-06-22 09:45:17,3321.0,396836
2021-06-22 09:45:18,3321.0,396876
2021-06-22 09:45:19,3320.8,396977
2021-06-22 09:45:20,3321.0,397153
2021-06-22 09:45:22,3321.0,398521
2021-06-22 09:45:23,3320.8,398836
2021-06-22 09:45:24,3320.8,398988
2021-06-22 09:45:24,3321.0,399004
2021-06-22 09:45:25,3320.55,399005
2021-06-22 09:45:26,3320.8,399112
2021-06-22 09:45:28,3321.0,399364
2021-06-22 09:45:29,3321.0,399482
2021-06-22 09:45:29,3321.0,399587
2021-06-22 09:45:30,3320.55,399740
2021-06-22 09:45:31,3320.55,399839
2021-06-22 09:45:32,3320.5,400414
2021-06-22 09:45:33,3320.5,400478
2021-06-22 09:45:35,3321.2,400488
2021-06-22 09:45:37,3321.7,400837
2021-06-22 09:45:37,3321.2,400924
2021-06-22 09:45:38,3321.25,401224
2021-06-22 09:45:39,3321.7,401338
2021-06-22 09:45:40,3321.8,401423
2021-06-22 09:45:42,3320.8,404030
2021-06-22 09:45:43,3320.0,404679
2021-06-22 09:45:44,3320.0,405208
2021-06-22 09:45:44,3320.0,405291
2021-06-22 09:45:45,3320.0,405593
2021-06-22 09:45:47,3320.0,405739
2021-06-22 09:45:48,3319.55,405810
2021-06-22 09:45:49,3320.0,406122
2021-06-22 09:45:50,3320.0,406145
2021-06-22 09:45:52,3319.55,406308
2021-06-22 09:45:53,3319.0,406518
2021-06-22 09:45:53,3319.05,406539
2021-06-22 09:45:54,3319.75,406553
2021-06-22 09:45:55,3319.75,406553
2021-06-22 09:45:57,3319.9,408359
2021-06-22 09:45:58,3319.8,408633
2021-06-22 09:46:00,3319.8,409132
2021-06-22 09:46:02,3320.0,416068
2021-06-22 09:46:03,3318.95,417074
2021-06-22 09:46:04,3318.5,417301
2021-06-22 09:46:04,3318.9,417303
2021-06-22 09:46:05,3318.9,417303
2021-06-22 09:46:06,3318.95,417320
2021-06-22 09:46:08,3318.9,417636
2021-06-22 09:46:09,3319.8,417796
2021-06-22 09:46:11,3319.5,417809
2021-06-22 09:46:12,3318.95,417919
2021-06-22 09:46:13,3319.0,418138
2021-06-22 09:46:14,3319.5,418335
2021-06-22 09:46:15,3319.5,418412
2021-06-22 09:46:15,3319.5,418423
2021-06-22 09:46:16,3319.8,418569
2021-06-22 09:46:17,3319.5,418635
2021-06-22 09:46:19,3319.25,419668
2021-06-22 09:46:20,3318.65,420136
2021-06-22 09:46:21,3317.15,420415
2021-06-22 09:46:23,3316.5,421326
2021-06-22 09:46:24,3316.3,421442
2021-06-22 09:46:26,3316.5,421709
2021-06-22 09:46:26,3316.25,421724
2021-06-22 09:46:27,3316.5,421737
2021-06-22 09:46:28,3316.5,421840
2021-06-22 09:46:30,3316.5,421865
2021-06-22 09:46:31,3317.95,421933
2021-06-22 09:46:31,3317.95,421933
2021-06-22 09:46:32,3318.0,421990
2021-06-22 09:46:33,3318.8,422091
2021-06-22 09:46:35,3318.95,422151
2021-06-22 09:46:36,3317.7,422303
2021-06-22 09:46:37,3317.7,422413
2021-06-22 09:46:38,3317.7,422526
2021-06-22 09:46:39,3317.3,422679
2021-06-22 09:46:40,3317.3,422735
2021-06-22 09:46:41,3317.45,422746
2021-06-22 09:46:42,3317.0,422941
2021-06-22 09:46:43,3316.95,423126
2021-06-22 09:46:44,3316.1,423407
2021-06-22 09:46:45,3316.15,423910
2021-06-22 09:46:46,3316.0,424023
2021-06-22 09:46:47,3316.0,424047
2021-06-22 09:46:48,3316.0,424047
2021-06-22 09:46:50,3315.75,424187
2021-06-22 09:46:51,3315.75,424229
2021-06-22 09:46:52,3315.7,424282
2021-06-22 09:46:52,3315.7,424290
2021-06-22 09:46:53,3315.7,424297
2021-06-22 09:46:54,3315.75,424571
2021-06-22 09:46:55,3315.7,424651
2021-06-22 09:46:57,3315.5,424789
2021-06-22 09:46:58,3315.5,424975
2021-06-22 09:46:59,3315.0,426157
2021-06-22 09:47:01,3315.0,427119
2021-06-22 09:47:02,3315.0,427119
2021-06-22 09:47:03,3314.35,427121
2021-06-22 09:47:04,3314.3,427123
2021-06-22 09:47:05,3314.3,427245
2021-06-22 09:47:06,3313.9,427348
2021-06-22 09:47:08,3313.95,427402
2021-06-22 09:47:09,3314.0,427416
2021-06-22 09:47:10,3314.75,427494
2021-06-22 09:47:11,3315.0,427530
2021-06-22 09:47:12,3314.35,427626
2021-06-22 09:47:12,3314.75,427641
2021-06-22 09:47:13,3314.85,427671
2021-06-22 09:47:15,3315.7,427945
2021-06-22 09:47:17,3315.0,427970
2021-06-22 09:47:18,3314.9,428050
2021-06-22 09:47:20,3314.9,428239
2021-06-22 09:47:21,3316.8,428593
2021-06-22 09:47:22,3316.25,428655
2021-06-22 09:47:23,3316.25,428683
2021-06-22 09:47:24,3316.0,428796
2021-06-22 09:47:25,3316.0,428800
2021-06-22 09:47:26,3315.35,428879
2021-06-22 09:47:28,3316.8,428991
2021-06-22 09:47:29,3316.75,429006
2021-06-22 09:47:30,3316.8,429042
2021-06-22 09:47:31,3315.35,429070
2021-06-22 09:47:31,3316.8,429096
2021-06-22 09:47:33,3316.8,429107
2021-06-22 09:47:34,3316.05,429128
2021-06-22 09:47:35,3316.25,429207
2021-06-22 09:47:36,3316.05,429289
2021-06-22 09:47:38,3316.05,429356
2021-06-22 09:47:39,3316.05,429603
2021-06-22 09:47:40,3315.65,429731
2021-06-22 09:47:41,3316.05,429792
2021-06-22 09:47:42,3316.05,429797
2021-06-22 09:47:43,3315.65,429909
2021-06-22 09:47:43,3315.65,429925
2021-06-22 09:47:44,3315.65,429980
2021-06-22 09:47:45,3315.65,429999
2021-06-22 09:47:47,3316.05,430158
2021-06-22 09:47:48,3316.05,430173
2021-06-22 09:47:49,3316.0,430273
2021-06-22 09:47:50,3315.55,430301
2021-06-22 09:47:50,3315.55,430305
2021-06-22 09:47:51,3315.55,430350
2021-06-22 09:47:52,3315.95,430365
2021-06-22 09:47:54,3315.95,430496
2021-06-22 09:47:55,3315.95,430520
2021-06-22 09:47:57,3315.95,430554
2021-06-22 09:47:58,3315.9,430664
2021-06-22 09:47:59,3315.7,430724
2021-06-22 09:48:00,3315.7,430826
2021-06-22 09:48:01,3315.7,430879
2021-06-22 09:48:02,3315.55,430912
2021-06-22 09:48:03,3315.55,431178
2021-06-22 09:48:05,3317.05,432752
2021-06-22 09:48:06,3315.6,432959
2021-06-22 09:48:07,3315.55,433174
2021-06-22 09:48:08,3315.55,433321
2021-06-22 09:48:08,3315.55,433462
2021-06-22 09:48:09,3315.55,433462
2021-06-22 09:48:10,3315.5,433492
2021-06-22 09:48:11,3315.35,433609
2021-06-22 09:48:12,3315.35,433609
2021-06-22 09:48:13,3315.0,433806
2021-06-22 09:48:14,3315.0,433885
2021-06-22 09:48:15,3314.6,434082
2021-06-22 09:48:16,3314.45,434187
2021-06-22 09:48:17,3314.6,434319
2021-06-22 09:48:18,3314.6,434539
2021-06-22 09:48:19,3313.45,434587
2021-06-22 09:48:20,3313.6,434682
2021-06-22 09:48:21,3313.6,434759
2021-06-22 09:48:25,3312.9,435203
2021-06-22 09:48:26,3312.9,435385
2021-06-22 09:48:27,3312.85,435503
2021-06-22 09:48:28,3312.85,435513
2021-06-22 09:48:29,3312.5,436369
2021-06-22 09:48:30,3311.1,437144
2021-06-22 09:48:30,3311.4,437743
2021-06-22 09:48:31,3312.0,438117
2021-06-22 09:48:34,3312.0,438186
2021-06-22 09:48:35,3311.4,438197
2021-06-22 09:48:35,3311.45,438198
2021-06-22 09:48:36,3312.0,438251
2021-06-22 09:48:37,3313.0,438267
2021-06-22 09:48:38,3312.0,438297
2021-06-22 09:48:40,3312.0,438373
2021-06-22 09:48:41,3313.0,438602
2021-06-22 09:48:42,3313.0,438722
2021-06-22 09:48:43,3313.0,438727
2021-06-22 09:48:43,3313.0,438727
2021-06-22 09:48:44,3312.0,438847
2021-06-22 09:48:45,3312.0,438865
2021-06-22 09:48:46,3313.0,438905
2021-06-22 09:48:47,3312.9,438973
2021-06-22 09:48:48,3312.0,439004
2021-06-22 09:48:52,3312.25,439652
2021-06-22 09:48:53,3312.2,439667
2021-06-22 09:48:55,3312.25,439746
2021-06-22 09:48:55,3312.2,439796
2021-06-22 09:48:56,3312.2,439893
2021-06-22 09:48:57,3312.15,439977
2021-06-22 09:48:58,3312.15,439984
2021-06-22 09:48:59,3312.3,440113
2021-06-22 09:49:02,3313.0,440310
2021-06-22 09:49:05,3312.85,440563
2021-06-22 09:49:06,3312.4,440618
2021-06-22 09:49:07,3312.85,440628
2021-06-22 09:49:07,3312.85,440628
2021-06-22 09:49:09,3312.4,440634
2021-06-22 09:49:10,3312.4,440842
2021-06-22 09:49:11,3313.2,440909
2021-06-22 09:49:12,3312.6,440939
2021-06-22 09:49:13,3312.0,441145
2021-06-22 09:49:14,3312.6,441237
2021-06-22 09:49:14,3312.85,441251
2021-06-22 09:49:15,3313.0,441426
2021-06-22 09:49:17,3313.2,441509
2021-06-22 09:49:18,3313.2,441509
2021-06-22 09:49:18,3313.75,441609
2021-06-22 09:49:19,3313.75,441660
2021-06-22 09:49:20,3313.2,441684
2021-06-22 09:49:21,3313.2,441709
2021-06-22 09:49:22,3313.2,441714
2021-06-22 09:49:23,3313.2,441769
2021-06-22 09:49:25,3313.2,441829
2021-06-22 09:49:27,3313.75,441858
2021-06-22 09:49:28,3313.9,441986
2021-06-22 09:49:29,3313.9,441986
2021-06-22 09:49:29,3313.2,442011
2021-06-22 09:49:30,3313.2,444402
2021-06-22 09:49:31,3313.2,444752
2021-06-22 09:49:33,3313.2,444778
2021-06-22 09:49:34,3313.0,444797
2021-06-22 09:49:35,3313.0,444803
2021-06-22 09:49:36,3313.2,445149
2021-06-22 09:49:37,3313.0,445200
2021-06-22 09:49:38,3313.2,445222
2021-06-22 09:49:39,3313.2,445381
2021-06-22 09:49:40,3313.75,445594
2021-06-22 09:49:41,3314.0,445648
2021-06-22 09:49:43,3313.75,445734
2021-06-22 09:49:43,3313.75,445785
2021-06-22 09:49:44,3313.95,445804
2021-06-22 09:49:46,3314.0,445836
2021-06-22 09:49:47,3313.75,445846
2021-06-22 09:49:48,3314.0,445881
2021-06-22 09:49:49,3313.75,445911
2021-06-22 09:49:50,3314.0,445980
2021-06-22 09:49:51,3313.75,445993
2021-06-22 09:49:52,3314.4,446095
2021-06-22 09:49:53,3314.0,446114
2021-06-22 09:49:55,3314.0,446155
2021-06-22 09:49:56,3314.0,446177
2021-06-22 09:49:57,3314.0,446187
2021-06-22 09:49:58,3314.0,446203
2021-06-22 09:49:59,3313.75,446388
2021-06-22 09:50:00,3313.75,446420
2021-06-22 09:50:01,3313.75,446452
2021-06-22 09:50:01,3313.75,446457
2021-06-22 09:50:02,3313.75,446458
2021-06-22 09:50:03,3313.75,446460
2021-06-22 09:50:05,3313.9,446521
2021-06-22 09:50:06,3313.9,446588
2021-06-22 09:50:07,3313.9,446588
2021-06-22 09:50:08,3314.0,446703
2021-06-22 09:50:09,3314.0,446703
2021-06-22 09:50:10,3313.75,446786
2021-06-22 09:50:11,3314.0,446808
2021-06-22 09:50:11,3314.0,446808
2021-06-22 09:50:12,3313.8,446877
2021-06-22 09:50:14,3313.75,447107
2021-06-22 09:50:15,3313.65,447364
2021-06-22 09:50:16,3314.0,447434
2021-06-22 09:50:17,3313.65,447717
2021-06-22 09:50:18,3313.75,447878
2021-06-22 09:50:20,3313.65,448370
2021-06-22 09:50:21,3314.0,448452
2021-06-22 09:50:21,3314.0,448589
2021-06-22 09:50:22,3314.0,448599
2021-06-22 09:50:26,3314.0,448904
2021-06-22 09:50:27,3314.0,449037
2021-06-22 09:50:28,3313.65,449038
2021-06-22 09:50:29,3314.0,449043
2021-06-22 09:50:31,3314.0,449058
2021-06-22 09:50:32,3313.75,449141
2021-06-22 09:50:33,3312.7,450311
2021-06-22 09:50:34,3312.5,450381
2021-06-22 09:50:35,3312.55,450432
2021-06-22 09:50:36,3312.55,450456
2021-06-22 09:50:37,3312.7,450536
2021-06-22 09:50:37,3312.7,450536
2021-06-22 09:50:38,3312.7,450765
2021-06-22 09:50:40,3312.5,450810
2021-06-22 09:50:41,3312.65,450822
2021-06-22 09:50:42,3312.65,450833
2021-06-22 09:50:43,3312.1,450850
2021-06-22 09:50:44,3312.55,451059
2021-06-22 09:50:44,3312.1,451085
2021-06-22 09:50:45,3312.55,451105
2021-06-22 09:50:47,3312.1,451130
2021-06-22 09:50:48,3312.1,451135
2021-06-22 09:50:49,3312.45,451195
2021-06-22 09:50:50,3312.1,451223
2021-06-22 09:50:52,3312.1,451349
2021-06-22 09:50:52,3312.1,451386
2021-06-22 09:50:53,3312.1,452084
2021-06-22 09:50:54,3313.15,452229
2021-06-22 09:50:55,3312.15,452241
2021-06-22 09:50:57,3312.15,452302
2021-06-22 09:50:58,3312.4,452984
2021-06-22 09:50:59,3312.1,453082
2021-06-22 09:51:00,3311.05,453110
2021-06-22 09:51:01,3312.4,453443
2021-06-22 09:51:02,3312.4,453443
2021-06-22 09:51:02,3312.4,453443
2021-06-22 09:51:04,3311.0,453663
2021-06-22 09:51:05,3311.75,453752
2021-06-22 09:51:06,3311.7,453766
2021-06-22 09:51:07,3311.1,453818
2021-06-22 09:51:08,3311.75,453923
2021-06-22 09:51:08,3311.75,453923
2021-06-22 09:51:10,3311.4,454502
2021-06-22 09:51:11,3311.15,454798
2021-06-22 09:51:12,3311.0,454817
2021-06-22 09:51:13,3311.0,454817
2021-06-22 09:51:14,3310.75,454836
2021-06-22 09:51:15,3310.4,455169
2021-06-22 09:51:16,3310.4,455802
2021-06-22 09:51:18,3310.1,455829
2021-06-22 09:51:17,3310.1,455826
2021-06-22 09:51:19,3310.4,455900
2021-06-22 09:51:20,3310.4,455920
2021-06-22 09:51:21,3310.0,456078
2021-06-22 09:51:22,3310.0,456284
2021-06-22 09:51:23,3310.4,456316
2021-06-22 09:51:24,3310.0,456437
2021-06-22 09:51:26,3310.0,456538
2021-06-22 09:51:27,3310.4,456551
2021-06-22 09:51:28,3310.4,456576
2021-06-22 09:51:29,3310.0,456601
2021-06-22 09:51:30,3310.0,456605
2021-06-22 09:51:31,3310.4,456635
2021-06-22 09:51:32,3311.5,456671
2021-06-22 09:51:33,3311.5,456679
2021-06-22 09:51:34,3311.5,457109
2021-06-22 09:51:35,3311.1,457294
2021-06-22 09:51:36,3312.1,457324
2021-06-22 09:51:37,3310.4,457325
2021-06-22 09:51:38,3311.8,457335
2021-06-22 09:51:39,3310.6,457340
2021-06-22 09:51:40,3310.6,457341
2021-06-22 09:51:41,3312.9,457594
2021-06-22 09:51:42,3311.65,457596
2021-06-22 09:51:43,3312.7,457648
2021-06-22 09:51:45,3312.0,457747
2021-06-22 09:51:46,3312.5,457814
2021-06-22 09:51:47,3312.5,457898
2021-06-22 09:51:48,3312.5,457898
2021-06-22 09:51:49,3311.75,457944
2021-06-22 09:51:50,3312.5,457966
2021-06-22 09:51:51,3312.5,457993
2021-06-22 09:51:52,3312.1,458059
2021-06-22 09:51:55,3312.1,458096
2021-06-22 09:51:56,3312.5,458110
2021-06-22 09:51:57,3312.45,458137
2021-06-22 09:51:58,3312.5,458153
2021-06-22 09:51:59,3312.45,458155
2021-06-22 09:52:00,3312.45,458166
2021-06-22 09:52:01,3312.5,458184
2021-06-22 09:52:02,3312.5,458184
2021-06-22 09:52:03,3312.5,458184
2021-06-22 09:52:04,3312.45,458307
2021-06-22 09:52:05,3312.75,458328
2021-06-22 09:52:06,3312.75,458339
2021-06-22 09:52:07,3312.75,458339
2021-06-22 09:52:08,3312.75,458339
2021-06-22 09:52:09,3312.75,458340
2021-06-22 09:52:10,3312.45,458345
2021-06-22 09:52:11,3312.45,458467
2021-06-22 09:52:12,3313.65,458503
2021-06-22 09:52:13,3313.7,458634
2021-06-22 09:52:14,3313.7,458634
2021-06-22 09:52:15,3313.7,458634
2021-06-22 09:52:16,3313.65,458646
2021-06-22 09:52:17,3313.65,458649
2021-06-22 09:52:18,3312.8,458755
2021-06-22 09:52:19,3313.75,458776
2021-06-22 09:52:20,3313.75,458776
2021-06-22 09:52:21,3313.75,458810
2021-06-22 09:52:23,3313.3,458813
2021-06-22 09:52:25,3313.3,458814
2021-06-22 09:52:26,3313.75,458819
2021-06-22 09:52:27,3313.75,459357
2021-06-22 09:52:29,3313.75,459426
2021-06-22 09:52:28,3313.75,459426
2021-06-22 09:52:30,3313.65,459436
2021-06-22 09:52:31,3313.75,459519
2021-06-22 09:52:32,3313.95,459679
2021-06-22 09:52:33,3313.95,459679
2021-06-22 09:52:34,3313.95,459702
2021-06-22 09:52:35,3313.95,459831
2021-06-22 09:52:36,3313.75,459893
2021-06-22 09:52:37,3313.75,459902
2021-06-22 09:52:39,3313.75,460032
2021-06-22 09:52:40,3313.75,460050
2021-06-22 09:52:41,3314.0,460063
2021-06-22 09:52:42,3314.0,460063
2021-06-22 09:52:44,3313.85,460114
2021-06-22 09:52:43,3314.9,460113
2021-06-22 09:52:45,3313.85,460165
2021-06-22 09:52:46,3314.0,460183
2021-06-22 09:52:47,3314.9,460231
2021-06-22 09:52:48,3315.0,460298
2021-06-22 09:52:49,3314.0,460732
2021-06-22 09:52:50,3314.0,460797
2021-06-22 09:52:51,3314.0,460857
2021-06-22 09:52:52,3313.9,460878
2021-06-22 09:52:54,3314.0,460953
2021-06-22 09:52:53,3314.0,460953
2021-06-22 09:52:55,3314.0,460978
2021-06-22 09:52:56,3314.0,460990
2021-06-22 09:52:57,3314.0,460991
2021-06-22 09:52:58,3314.0,461042
2021-06-22 09:52:59,3314.0,461043
2021-06-22 09:53:00,3314.0,461043
2021-06-22 09:53:01,3314.0,461082
2021-06-22 09:53:03,3313.9,461123
2021-06-22 09:53:02,3314.0,461122
2021-06-22 09:53:04,3313.9,461782
2021-06-22 09:53:05,3313.9,461952
2021-06-22 09:53:06,3313.9,461992
2021-06-22 09:53:07,3313.9,461998
2021-06-22 09:53:08,3313.9,461998
2021-06-22 09:53:09,3313.9,461998
2021-06-22 09:53:10,3313.9,461998
2021-06-22 09:53:11,3314.0,462039
2021-06-22 09:53:12,3314.0,462045
2021-06-22 09:53:13,3314.1,462047
2021-06-22 09:53:14,3314.1,462177
2021-06-22 09:53:15,3314.95,462197
2021-06-22 09:53:16,3315.0,462208
2021-06-22 09:53:18,3315.0,462256
2021-06-22 09:53:18,3315.0,462256
2021-06-22 09:53:19,3314.1,462258
2021-06-22 09:53:20,3314.1,462258
2021-06-22 09:53:21,3315.0,462278
2021-06-22 09:53:22,3315.1,462477
2021-06-22 09:53:23,3315.1,462537
2021-06-22 09:53:25,3315.1,462553
2021-06-22 09:53:25,3315.1,462553
2021-06-22 09:53:26,3314.95,462606
2021-06-22 09:53:27,3315.0,462638
2021-06-22 09:53:28,3314.95,462659
2021-06-22 09:53:29,3314.95,462672
2021-06-22 09:53:30,3315.45,462707
2021-06-22 09:53:31,3315.45,462728
2021-06-22 09:53:32,3315.2,462806
2021-06-22 09:53:33,3315.2,462817
2021-06-22 09:53:35,3315.45,462820
2021-06-22 09:53:36,3315.35,462902
2021-06-22 09:53:37,3315.35,462921
2021-06-22 09:53:38,3316.0,462927
2021-06-22 09:53:39,3315.65,462950
2021-06-22 09:53:40,3315.8,462958
2021-06-22 09:53:41,3316.0,463081
2021-06-22 09:53:42,3315.9,463111
2021-06-22 09:53:44,3315.9,463117
2021-06-22 09:53:44,3316.0,463122
2021-06-22 09:53:45,3316.0,463145
2021-06-22 09:53:46,3316.0,463256
2021-06-22 09:53:47,3316.0,463449
2021-06-22 09:53:48,3316.0,463479
2021-06-22 09:53:50,3316.0,463560
2021-06-22 09:53:50,3316.0,463590
2021-06-22 09:53:51,3316.0,463604
2021-06-22 09:53:52,3316.75,463706
2021-06-22 09:53:53,3315.95,463711
2021-06-22 09:53:54,3317.0,463826
2021-06-22 09:53:55,3316.65,463831
2021-06-22 09:53:57,3317.0,463845
2021-06-22 09:53:57,3316.65,463847
2021-06-22 09:53:58,3317.0,463849
2021-06-22 09:53:59,3317.0,463852
2021-06-22 09:54:01,3317.95,464156
2021-06-22 09:54:02,3317.35,464161
2021-06-22 09:54:03,3317.35,464262
2021-06-22 09:54:05,3317.65,464544
2021-06-22 09:54:05,3317.65,464507
2021-06-22 09:54:06,3318.0,464576
2021-06-22 09:54:07,3318.0,464602
2021-06-22 09:54:08,3317.8,464653
2021-06-22 09:54:09,3318.0,464777
2021-06-22 09:54:10,3318.0,464788
2021-06-22 09:54:11,3317.95,464853
2021-06-22 09:54:13,3317.95,464862
2021-06-22 09:54:13,3317.95,464864
2021-06-22 09:54:14,3318.6,464921
2021-06-22 09:54:15,3317.95,465047
2021-06-22 09:54:17,3318.6,465089
2021-06-22 09:54:19,3319.0,465239
2021-06-22 09:54:19,3319.0,465239
2021-06-22 09:54:20,3319.0,465395
2021-06-22 09:54:21,3319.0,465546
2021-06-22 09:54:22,3318.6,465550
2021-06-22 09:54:25,3318.8,465733
2021-06-22 09:54:25,3318.8,465761
2021-06-22 09:54:26,3318.75,466914
2021-06-22 09:54:27,3318.2,466962
2021-06-22 09:54:30,3318.2,467105
2021-06-22 09:54:30,3318.2,467107
2021-06-22 09:54:31,3318.1,467131
2021-06-22 09:54:32,3318.1,467322
2021-06-22 09:54:33,3318.5,467547
2021-06-22 09:54:34,3318.5,467547
2021-06-22 09:54:35,3318.15,467555
2021-06-22 09:54:38,3318.5,467644
2021-06-22 09:54:39,3318.25,467689
2021-06-22 09:54:40,3319.0,467704
2021-06-22 09:54:41,3319.0,467734
2021-06-22 09:54:43,3318.5,467770
2021-06-22 09:54:45,3318.5,467779
2021-06-22 09:54:45,3318.5,467774
2021-06-22 09:54:47,3318.95,467976
2021-06-22 09:54:48,3318.95,467976
2021-06-22 09:54:49,3318.95,467983
2021-06-22 09:54:50,3318.6,468213
2021-06-22 09:54:52,3319.0,468278
2021-06-22 09:54:52,3319.0,468278
2021-06-22 09:54:53,3318.6,468287
2021-06-22 09:54:54,3319.0,468373
2021-06-22 09:54:55,3318.6,468383
2021-06-22 09:54:56,3318.6,468429
2021-06-22 09:54:57,3318.6,468445
2021-06-22 09:54:58,3318.6,468448
2021-06-22 09:54:59,3319.0,468494
2021-06-22 09:55:01,3318.6,468581
2021-06-22 09:55:02,3319.45,469061
2021-06-22 09:55:04,3319.45,469063
2021-06-22 09:55:05,3319.0,469065
2021-06-22 09:55:06,3319.0,469195
2021-06-22 09:55:07,3319.0,469293
2021-06-22 09:55:08,3319.0,469294
2021-06-22 09:55:09,3319.0,469308
2021-06-22 09:55:11,3318.85,469339
2021-06-22 09:55:12,3318.85,469375
2021-06-22 09:55:13,3319.0,469420
2021-06-22 09:55:14,3319.0,469420
2021-06-22 09:55:15,3318.85,469422
2021-06-22 09:55:16,3318.85,469479
2021-06-22 09:55:17,3319.0,469697
2021-06-22 09:55:18,3318.85,469739
2021-06-22 09:55:20,3319.0,469756
2021-06-22 09:55:20,3319.0,469756
2021-06-22 09:55:21,3319.0,469766
2021-06-22 09:55:22,3318.85,469867
2021-06-22 09:55:23,3318.85,469884
2021-06-22 09:55:24,3319.4,469916
2021-06-22 09:55:26,3318.9,470311
2021-06-22 09:55:26,3318.9,470259
2021-06-22 09:55:27,3319.0,470325
2021-06-22 09:55:29,3319.05,470992
2021-06-22 09:55:30,3319.05,470996
2021-06-22 09:55:32,3319.05,471011
2021-06-22 09:55:33,3319.05,471012
2021-06-22 09:55:34,3319.05,471012
2021-06-22 09:55:34,3319.05,471022
2021-06-22 09:55:35,3319.0,471094
2021-06-22 09:55:36,3319.0,471158
2021-06-22 09:55:37,3319.2,471173
2021-06-22 09:55:38,3319.2,471181
2021-06-22 09:55:39,3319.45,471485
2021-06-22 09:55:41,3319.3,471551
2021-06-22 09:55:42,3319.45,471682
2021-06-22 09:55:42,3319.45,471682
2021-06-22 09:55:43,3319.3,471721
2021-06-22 09:55:44,3319.3,471727
2021-06-22 09:55:46,3319.3,471984
2021-06-22 09:55:47,3319.3,472022
2021-06-22 09:55:48,3319.45,472071
2021-06-22 09:55:49,3319.3,472661
2021-06-22 09:55:49,3320.0,472659
2021-06-22 09:55:50,3320.0,472771
2021-06-22 09:55:51,3319.3,472914
2021-06-22 09:55:53,3320.0,472968
2021-06-22 09:55:54,3320.0,473181
2021-06-22 09:55:54,3319.3,473272
2021-06-22 09:55:55,3319.3,473286
2021-06-22 09:55:56,3320.0,474028
2021-06-22 09:55:57,3319.3,474128
2021-06-22 09:55:58,3320.0,474307
2021-06-22 09:56:01,3320.0,474439
2021-06-22 09:56:02,3319.3,474553
2021-06-22 09:56:02,3319.3,474570
2021-06-22 09:56:03,3319.3,474601
2021-06-22 09:56:04,3319.95,474647
2021-06-22 09:56:05,3319.3,474652
2021-06-22 09:56:06,3319.3,474799
2021-06-22 09:56:07,3319.3,474979
2021-06-22 09:56:08,3320.0,475056
2021-06-22 09:56:10,3320.0,475236
2021-06-22 09:56:11,3319.3,475271
2021-06-22 09:56:13,3319.3,475290
2021-06-22 09:56:14,3319.3,475313
2021-06-22 09:56:15,3319.3,475319
2021-06-22 09:56:16,3320.0,475485
2021-06-22 09:56:16,3319.3,475459
2021-06-22 09:56:17,3320.0,475550
2021-06-22 09:56:18,3319.95,475656
2021-06-22 09:56:20,3320.0,475842
2021-06-22 09:56:21,3319.95,475872
2021-06-22 09:56:22,3319.95,475923
2021-06-22 09:56:23,3319.95,475950
2021-06-22 09:56:24,3319.95,476014
2021-06-22 09:56:26,3319.75,476243
2021-06-22 09:56:27,3320.0,476333
2021-06-22 09:56:27,3320.0,476333
2021-06-22 09:56:28,3319.7,476469
2021-06-22 09:56:29,3319.35,476810
2021-06-22 09:56:30,3318.65,484392
2021-06-22 09:56:31,3318.65,484473
2021-06-22 09:56:32,3317.4,484582
2021-06-22 09:56:33,3317.2,484606
2021-06-22 09:56:34,3318.35,484706
2021-06-22 09:56:35,3317.4,485341
2021-06-22 09:56:37,3317.4,485576
2021-06-22 09:56:38,3317.4,485576
2021-06-22 09:56:38,3317.4,485576
2021-06-22 09:56:39,3317.4,486153
2021-06-22 09:56:40,3317.6,486260
2021-06-22 09:56:43,3317.7,486327
2021-06-22 09:56:44,3317.8,486339
2021-06-22 09:56:45,3317.8,486341
2021-06-22 09:56:46,3319.05,486353
2021-06-22 09:56:46,3317.05,486753
2021-06-22 09:56:47,3318.6,486815
2021-06-22 09:56:48,3317.8,486817
2021-06-22 09:56:49,3318.5,486847
2021-06-22 09:56:50,3318.5,486857
2021-06-22 09:56:51,3317.8,486967
2021-06-22 09:56:52,3318.1,487514
2021-06-22 09:56:53,3318.1,487596
2021-06-22 09:56:55,3319.55,487666
2021-06-22 09:56:56,3319.7,487676
2021-06-22 09:56:57,3319.7,487678
2021-06-22 09:56:58,3318.5,487685
2021-06-22 09:56:59,3318.5,487688
2021-06-22 09:57:00,3319.9,487717
2021-06-22 09:57:02,3319.9,487729
2021-06-22 09:57:02,3319.0,487741
2021-06-22 09:57:03,3319.0,487741
2021-06-22 09:57:04,3319.0,487757
2021-06-22 09:57:05,3319.0,487757
2021-06-22 09:57:06,3319.0,487774
2021-06-22 09:57:07,3319.0,487793
2021-06-22 09:57:09,3318.5,487936
2021-06-22 09:57:11,3318.1,487967
2021-06-22 09:57:11,3318.1,488023
2021-06-22 09:57:12,3318.1,488059
2021-06-22 09:57:13,3318.1,488072
2021-06-22 09:57:14,3318.1,488076
2021-06-22 09:57:15,3318.2,488158
2021-06-22 09:57:16,3318.2,488176
2021-06-22 09:57:17,3318.2,488187
2021-06-22 09:57:18,3318.2,488298
2021-06-22 09:57:19,3318.5,488378
2021-06-22 09:57:20,3318.0,488404
2021-06-22 09:57:21,3318.0,488414
2021-06-22 09:57:22,3317.85,488518
2021-06-22 09:57:23,3317.85,488584
2021-06-22 09:57:24,3317.85,488619
2021-06-22 09:57:25,3317.85,488697
2021-06-22 09:57:26,3318.2,488720
2021-06-22 09:57:27,3317.85,488721
2021-06-22 09:57:28,3319.45,489321
2021-06-22 09:57:29,3317.8,489396
2021-06-22 09:57:30,3319.3,489557
2021-06-22 09:57:31,3319.25,489597
2021-06-22 09:57:32,3319.25,489603
2021-06-22 09:57:33,3318.5,489606
2021-06-22 09:57:34,3318.5,489652
2021-06-22 09:57:35,3318.1,489704
2021-06-22 09:57:36,3318.1,489776
2021-06-22 09:57:37,3319.0,489970
2021-06-22 09:57:38,3317.6,490007
2021-06-22 09:57:39,3317.55,490113
2021-06-22 09:57:41,3318.2,490129
2021-06-22 09:57:42,3318.95,490171
2021-06-22 09:57:43,3318.2,490200
2021-06-22 09:57:44,3318.2,490238
2021-06-22 09:57:45,3318.2,490239
2021-06-22 09:57:46,3318.2,490252
2021-06-22 09:57:47,3318.0,490310
2021-06-22 09:57:48,3318.7,490702
2021-06-22 09:57:49,3317.2,490752
2021-06-22 09:57:50,3318.0,490888
2021-06-22 09:57:52,3318.5,490942
2021-06-22 09:57:53,3317.95,491092
2021-06-22 09:57:54,3318.2,491218
2021-06-22 09:57:54,3317.95,491202
2021-06-22 09:57:55,3317.55,491281
2021-06-22 09:57:56,3318.55,491323
2021-06-22 09:57:57,3318.55,491326
2021-06-22 09:57:58,3318.0,491329
2021-06-22 09:57:59,3318.0,491329
2021-06-22 09:58:00,3318.0,491329
2021-06-22 09:58:01,3317.55,491346
2021-06-22 09:58:02,3317.55,491378
2021-06-22 09:58:03,3317.55,491388
2021-06-22 09:58:04,3317.55,491389
2021-06-22 09:58:05,3317.55,491389
2021-06-22 09:58:06,3318.5,491491
2021-06-22 09:58:07,3317.55,491529
2021-06-22 09:58:08,3317.55,491612
2021-06-22 09:58:09,3317.55,491650
2021-06-22 09:58:10,3318.0,491677
2021-06-22 09:58:11,3318.1,491687
2021-06-22 09:58:12,3318.25,491711
2021-06-22 09:58:13,3318.25,491740
2021-06-22 09:58:14,3317.8,491916
2021-06-22 09:58:15,3317.55,492083
2021-06-22 09:58:16,3318.05,492145
2021-06-22 09:58:17,3315.0,497421
2021-06-22 09:58:18,3315.0,498622
2021-06-22 09:58:19,3315.0,499076
2021-06-22 09:58:20,3314.1,499204
2021-06-22 09:58:21,3314.1,499245
2021-06-22 09:58:22,3314.1,499506
2021-06-22 09:58:23,3313.75,500092
2021-06-22 09:58:24,3313.7,500149
2021-06-22 09:58:25,3313.7,500154
2021-06-22 09:58:27,3313.75,500226
2021-06-22 09:58:28,3313.5,500426
2021-06-22 09:58:29,3313.5,500432
2021-06-22 09:58:30,3313.2,500497
2021-06-22 09:58:31,3313.5,500560
2021-06-22 09:58:32,3313.2,500596
2021-06-22 09:58:33,3313.5,500743
2021-06-22 09:58:34,3313.5,500840
2021-06-22 09:58:34,3313.5,500846
2021-06-22 09:58:38,3313.95,500871
2021-06-22 09:58:38,3313.5,500878
2021-06-22 09:58:39,3313.5,500879
2021-06-22 09:58:40,3313.5,500879
2021-06-22 09:58:42,3313.3,500989
2021-06-22 09:58:42,3313.3,501008
2021-06-22 09:58:43,3313.0,501477
2021-06-22 09:58:44,3312.75,501627
2021-06-22 09:58:45,3312.75,501649
2021-06-22 09:58:47,3312.75,501696
2021-06-22 09:58:48,3312.75,501758
2021-06-22 09:58:49,3312.75,501939
2021-06-22 09:58:51,3312.75,501981
2021-06-22 09:58:52,3313.0,502019
2021-06-22 09:58:52,3313.0,502019
2021-06-22 09:58:53,3312.75,502028
2021-06-22 09:58:54,3312.75,502030
2021-06-22 09:58:55,3313.0,502056
2021-06-22 09:58:56,3313.0,502063
2021-06-22 09:58:57,3313.0,502066
2021-06-22 09:58:58,3313.3,502074
2021-06-22 09:58:59,3313.3,502074
2021-06-22 09:59:00,3313.5,502315
2021-06-22 09:59:01,3314.65,502455
2021-06-22 09:59:03,3314.65,502467
2021-06-22 09:59:04,3313.95,502567
2021-06-22 09:59:04,3313.95,502582
2021-06-22 09:59:05,3314.55,502602
2021-06-22 09:59:06,3313.95,502620
2021-06-22 09:59:07,3314.55,502639
2021-06-22 09:59:08,3314.55,502642
2021-06-22 09:59:09,3314.55,502642
2021-06-22 09:59:10,3314.55,502643
2021-06-22 09:59:11,3314.55,502647
2021-06-22 09:59:13,3314.0,502673
2021-06-22 09:59:14,3313.95,503680
2021-06-22 09:59:15,3313.95,503885
2021-06-22 09:59:16,3313.95,503978
2021-06-22 09:59:17,3313.95,504354
2021-06-22 09:59:18,3313.95,504497
2021-06-22 09:59:18,3313.85,504501
2021-06-22 09:59:19,3313.95,504576
2021-06-22 09:59:20,3313.85,504591
2021-06-22 09:59:21,3313.85,504645
2021-06-22 09:59:22,3313.85,504680
2021-06-22 09:59:23,3313.85,504697
2021-06-22 09:59:24,3313.85,504699
2021-06-22 09:59:25,3315.0,504882
2021-06-22 09:59:26,3314.3,504896
2021-06-22 09:59:27,3314.25,505533
2021-06-22 09:59:28,3313.9,506191
2021-06-22 09:59:29,3313.9,506282
2021-06-22 09:59:30,3314.2,506571
2021-06-22 09:59:31,3313.85,506645
2021-06-22 09:59:32,3313.9,506657
2021-06-22 09:59:33,3313.9,506658
2021-06-22 09:59:34,3314.05,506659
2021-06-22 09:59:35,3314.05,506659
2021-06-22 09:59:36,3315.45,506676
2021-06-22 09:59:37,3315.45,506681
2021-06-22 09:59:38,3315.45,506682
2021-06-22 09:59:40,3315.0,506685
2021-06-22 09:59:39,3315.45,506682
2021-06-22 09:59:41,3315.0,506702
2021-06-22 09:59:42,3314.1,506743
2021-06-22 09:59:43,3315.6,506764
2021-06-22 09:59:45,3316.0,506784
2021-06-22 09:59:45,3316.0,506784
2021-06-22 09:59:46,3316.0,506800
2021-06-22 09:59:47,3316.0,506800
2021-06-22 09:59:48,3314.75,506815
2021-06-22 09:59:49,3314.75,506818
2021-06-22 09:59:51,3317.15,506951
2021-06-22 09:59:53,3316.0,507011
2021-06-22 09:59:54,3316.0,507023
2021-06-22 09:59:55,3316.8,507074
2021-06-22 09:59:56,3317.0,507087
2021-06-22 09:59:57,3315.6,507110
2021-06-22 09:59:58,3317.05,507124
2021-06-22 09:59:59,3316.0,507280
2021-06-22 10:00:00,3316.0,507303
2021-06-22 10:00:01,3317.0,507329
2021-06-22 10:00:02,3317.0,507329
2021-06-22 10:00:02,3317.0,507329
2021-06-22 10:00:03,3316.0,507331
2021-06-22 10:00:04,3317.0,507392
2021-06-22 10:00:05,3317.0,507392
2021-06-22 10:00:06,3316.15,507408
2021-06-22 10:00:07,3316.15,507417
2021-06-22 10:00:08,3316.5,507556
2021-06-22 10:00:10,3317.2,507946
2021-06-22 10:00:12,3316.5,507965
2021-06-22 10:00:13,3317.0,507979
2021-06-22 10:00:14,3317.0,508039
2021-06-22 10:00:15,3316.5,508101
2021-06-22 10:00:16,3316.5,508136
2021-06-22 10:00:17,3316.5,508160
2021-06-22 10:00:18,3316.5,508199
2021-06-22 10:00:19,3316.0,509431
2021-06-22 10:00:21,3315.65,509825
2021-06-22 10:00:22,3315.0,509836
2021-06-22 10:00:23,3315.7,509938
2021-06-22 10:00:24,3315.7,509938
2021-06-22 10:00:24,3315.0,509976
2021-06-22 10:00:25,3315.0,510176
2021-06-22 10:00:27,3315.55,510218
2021-06-22 10:00:28,3315.15,510220
2021-06-22 10:00:29,3315.55,510237
2021-06-22 10:00:30,3315.15,510239
2021-06-22 10:00:31,3315.55,510289
2021-06-22 10:00:33,3315.3,510295
2021-06-22 10:00:34,3315.3,510349
2021-06-22 10:00:35,3315.3,510357
2021-06-22 10:00:36,3315.3,510384
2021-06-22 10:00:37,3315.3,510388
2021-06-22 10:00:38,3316.0,510398
2021-06-22 10:00:39,3315.3,510400
2021-06-22 10:00:40,3316.0,510410
2021-06-22 10:00:41,3316.0,510495
2021-06-22 10:00:43,3316.0,510526
2021-06-22 10:00:44,3316.0,510529
2021-06-22 10:00:45,3316.0,510529
2021-06-22 10:00:45,3316.0,510534
2021-06-22 10:00:47,3316.0,510564
2021-06-22 10:00:47,3316.0,510574
2021-06-22 10:00:49,3315.5,510584
2021-06-22 10:00:49,3315.5,510584
2021-06-22 10:00:50,3315.5,510584
2021-06-22 10:00:52,3315.3,510595
2021-06-22 10:00:52,3315.8,510602
2021-06-22 10:00:53,3315.3,510675
2021-06-22 10:00:54,3315.75,510787
2021-06-22 10:00:55,3315.3,510788
2021-06-22 10:00:56,3315.3,510861
2021-06-22 10:00:57,3315.3,510878
2021-06-22 10:00:59,3315.3,510881
2021-06-22 10:00:59,3315.3,510882
2021-06-22 10:01:01,3315.75,510974
2021-06-22 10:01:02,3315.75,511008
2021-06-22 10:01:02,3315.75,511008
2021-06-22 10:01:03,3315.75,511008
2021-06-22 10:01:04,3315.3,511023
2021-06-22 10:01:05,3315.3,511345
2021-06-22 10:01:07,3315.25,511369
2021-06-22 10:01:08,3315.3,511381
2021-06-22 10:01:09,3315.3,511381
2021-06-22 10:01:10,3315.3,511381
2021-06-22 10:01:11,3315.25,511444
2021-06-22 10:01:11,3315.25,511453
2021-06-22 10:01:12,3315.25,512085
2021-06-22 10:01:13,3315.15,512411
2021-06-22 10:01:14,3314.95,513590
2021-06-22 10:01:15,3314.9,513831
2021-06-22 10:01:16,3314.2,513939
2021-06-22 10:01:18,3314.1,514001
2021-06-22 10:01:18,3314.2,514105
2021-06-22 10:01:19,3314.0,514685
2021-06-22 10:01:21,3315.05,514817
2021-06-22 10:01:22,3315.05,514817
2021-06-22 10:01:23,3314.0,514819
2021-06-22 10:01:24,3314.0,514821
2021-06-22 10:01:25,3314.0,514822
2021-06-22 10:01:26,3314.0,514853
2021-06-22 10:01:27,3314.0,514857
2021-06-22 10:01:28,3314.0,514858
2021-06-22 10:01:29,3314.0,515124
2021-06-22 10:01:31,3314.0,515211
2021-06-22 10:01:32,3314.0,515267
2021-06-22 10:01:33,3314.0,515277
2021-06-22 10:01:34,3314.0,515279
2021-06-22 10:01:34,3314.0,515278
2021-06-22 10:01:35,3315.0,515301
2021-06-22 10:01:37,3314.0,515338
2021-06-22 10:01:39,3314.0,515439
2021-06-22 10:01:41,3315.0,515482
2021-06-22 10:01:42,3314.95,515485
2021-06-22 10:01:42,3314.95,515485
2021-06-22 10:01:44,3314.95,515522
2021-06-22 10:01:46,3314.95,515527
2021-06-22 10:01:47,3314.95,515541
2021-06-22 10:01:48,3315.0,515626
2021-06-22 10:01:51,3315.0,515671
2021-06-22 10:01:53,3314.95,516297
2021-06-22 10:01:54,3314.95,516516
2021-06-22 10:01:56,3315.0,516603
2021-06-22 10:01:55,3315.3,516593
2021-06-22 10:01:58,3315.0,516666
2021-06-22 10:01:59,3314.95,516872
2021-06-22 10:02:00,3314.95,516872
2021-06-22 10:02:01,3314.95,516897
2021-06-22 10:02:02,3314.95,516907
2021-06-22 10:02:03,3314.7,516934
2021-06-22 10:02:04,3314.7,516938
2021-06-22 10:02:05,3314.7,516959
2021-06-22 10:02:06,3315.0,516997
2021-06-22 10:02:07,3315.0,517021
2021-06-22 10:02:08,3315.0,517029
2021-06-22 10:02:09,3315.0,517074
2021-06-22 10:02:10,3315.0,517078
2021-06-22 10:02:12,3315.05,517092
2021-06-22 10:02:11,3315.0,517089
2021-06-22 10:02:13,3315.05,517092
2021-06-22 10:02:14,3314.8,517164
2021-06-22 10:02:16,3314.75,517764
2021-06-22 10:02:17,3314.65,517774
2021-06-22 10:02:18,3314.65,517776
2021-06-22 10:02:19,3314.75,517826
2021-06-22 10:02:20,3314.95,517876
2021-06-22 10:02:21,3315.0,517936
2021-06-22 10:02:22,3315.0,517936
2021-06-22 10:02:24,3314.95,518426
2021-06-22 10:02:25,3314.95,518518
2021-06-22 10:02:26,3314.95,518704
2021-06-22 10:02:27,3313.8,518740
2021-06-22 10:02:28,3313.9,518746
2021-06-22 10:02:29,3313.9,518793
2021-06-22 10:02:30,3313.9,518800
2021-06-22 10:02:31,3314.95,518881
2021-06-22 10:02:32,3314.1,518891
2021-06-22 10:02:33,3314.1,518895
2021-06-22 10:02:34,3313.8,518909
2021-06-22 10:02:35,3315.0,518925
2021-06-22 10:02:36,3314.65,519373
2021-06-22 10:02:37,3314.55,519444
2021-06-22 10:02:38,3314.05,519475
2021-06-22 10:02:39,3313.0,519480
2021-06-22 10:02:40,3314.0,519484
2021-06-22 10:02:41,3314.0,519530
2021-06-22 10:02:42,3315.0,519932
2021-06-22 10:02:43,3314.65,520064
2021-06-22 10:02:44,3314.65,520064
2021-06-22 10:02:45,3314.0,520144
2021-06-22 10:02:46,3315.55,520477
2021-06-22 10:02:47,3315.4,520593
2021-06-22 10:02:48,3314.05,520598
2021-06-22 10:02:49,3314.05,520599
2021-06-22 10:02:50,3314.05,520735
2021-06-22 10:02:51,3315.1,520803
2021-06-22 10:02:52,3314.0,521005
2021-06-22 10:02:53,3313.55,521058
2021-06-22 10:02:54,3313.95,521097
2021-06-22 10:02:56,3313.55,521145
2021-06-22 10:02:57,3313.55,521239
2021-06-22 10:02:58,3313.55,521253
2021-06-22 10:02:59,3313.55,521256
2021-06-22 10:03:00,3314.0,521262
2021-06-22 10:03:02,3312.75,521620
2021-06-22 10:03:03,3312.75,521726
2021-06-22 10:03:04,3312.9,521792
2021-06-22 10:03:05,3312.6,521977
2021-06-22 10:03:06,3312.6,522015
2021-06-22 10:03:07,3312.6,522025
2021-06-22 10:03:08,3312.6,522025
2021-06-22 10:03:09,3312.6,522039
2021-06-22 10:03:10,3312.6,522064
2021-06-22 10:03:12,3312.75,522074
2021-06-22 10:03:11,3312.75,522072
2021-06-22 10:03:13,3312.8,522077
2021-06-22 10:03:14,3312.8,522077
2021-06-22 10:03:15,3312.8,522077
2021-06-22 10:03:16,3313.0,522136
2021-06-22 10:03:17,3314.0,522179
2021-06-22 10:03:18,3314.0,522189
2021-06-22 10:03:19,3314.0,522299
2021-06-22 10:03:21,3314.95,522441
2021-06-22 10:03:20,3313.6,522417
2021-06-22 10:03:23,3313.6,522531
2021-06-22 10:03:24,3314.0,522562
2021-06-22 10:03:25,3313.6,522563
2021-06-22 10:03:26,3314.0,522696
2021-06-22 10:03:27,3315.0,522790
2021-06-22 10:03:28,3315.0,522806
2021-06-22 10:03:29,3315.0,522811
2021-06-22 10:03:30,3314.85,523024
2021-06-22 10:03:31,3314.8,523945
2021-06-22 10:03:32,3314.8,524045
2021-06-22 10:03:33,3314.8,524045
2021-06-22 10:03:34,3314.8,524050
2021-06-22 10:03:35,3314.65,524071
2021-06-22 10:03:36,3314.65,524197
2021-06-22 10:03:37,3315.0,524561
2021-06-22 10:03:38,3315.5,524727
2021-06-22 10:03:39,3315.2,525236
2021-06-22 10:03:40,3314.7,525309
2021-06-22 10:03:41,3315.4,525507
2021-06-22 10:03:42,3314.6,525797
2021-06-22 10:03:44,3316.0,525958
2021-06-22 10:03:45,3314.75,526498
2021-06-22 10:03:46,3316.95,526820
2021-06-22 10:03:47,3315.2,528047
2021-06-22 10:03:48,3315.2,528085
2021-06-22 10:03:49,3315.2,528103
2021-06-22 10:03:50,3315.1,528113
2021-06-22 10:03:51,3315.2,528124
2021-06-22 10:03:52,3315.1,528182
2021-06-22 10:03:53,3315.1,528313
2021-06-22 10:03:54,3315.1,528333
2021-06-22 10:03:55,3316.35,528439
2021-06-22 10:03:56,3316.35,528451
2021-06-22 10:03:57,3316.35,528459
2021-06-22 10:03:58,3315.2,528465
2021-06-22 10:04:00,3315.2,528518
2021-06-22 10:04:00,3315.2,528546
2021-06-22 10:04:01,3315.2,528578
2021-06-22 10:04:02,3315.2,528593
2021-06-22 10:04:03,3315.2,528620
2021-06-22 10:04:04,3315.2,528655
2021-06-22 10:04:05,3315.2,528660
2021-06-22 10:04:06,3315.2,528686
2021-06-22 10:04:08,3316.3,528691
2021-06-22 10:04:09,3315.5,528756
2021-06-22 10:04:10,3316.7,528775
2021-06-22 10:04:11,3316.7,528787
2021-06-22 10:04:12,3316.1,528827
2021-06-22 10:04:13,3316.0,528831
2021-06-22 10:04:14,3316.45,528904
2021-06-22 10:04:16,3315.5,528915
2021-06-22 10:04:16,3316.45,528928
2021-06-22 10:04:17,3316.45,528936
2021-06-22 10:04:18,3316.0,528944
2021-06-22 10:04:19,3315.5,528955
2021-06-22 10:04:20,3316.3,528986
2021-06-22 10:04:21,3316.65,529246
2021-06-22 10:04:22,3316.65,529246
2021-06-22 10:04:23,3316.65,529246
2021-06-22 10:04:25,3316.65,529246
2021-06-22 10:04:26,3316.65,529258
2021-06-22 10:04:27,3316.0,529302
2021-06-22 10:04:28,3316.45,529314
2021-06-22 10:04:29,3316.45,529314
2021-06-22 10:04:31,3316.0,529339
2021-06-22 10:04:31,3316.0,529343
2021-06-22 10:04:32,3316.05,529371
2021-06-22 10:04:33,3316.05,529375
2021-06-22 10:04:36,3316.05,529435
2021-06-22 10:04:37,3316.95,529515
2021-06-22 10:04:38,3316.95,529518
2021-06-22 10:04:40,3316.5,529519
2021-06-22 10:04:40,3316.7,529520
2021-06-22 10:04:41,3316.95,529547
2021-06-22 10:04:42,3316.95,529552
2021-06-22 10:04:43,3316.95,529591
2021-06-22 10:04:44,3317.0,529635
2021-06-22 10:04:45,3317.0,529635
2021-06-22 10:04:46,3316.95,529694
2021-06-22 10:04:47,3317.0,529724
2021-06-22 10:04:48,3317.0,529724
2021-06-22 10:04:49,3316.95,529739
2021-06-22 10:04:50,3317.0,529794
2021-06-22 10:04:51,3316.95,529807
2021-06-22 10:04:52,3316.95,529879
2021-06-22 10:04:53,3316.95,529894
2021-06-22 10:04:54,3317.0,529902
2021-06-22 10:04:55,3317.0,529903
2021-06-22 10:04:56,3316.95,529924
2021-06-22 10:04:57,3317.0,529957
2021-06-22 10:05:00,3316.95,530091
2021-06-22 10:05:00,3316.95,530109
2021-06-22 10:05:01,3316.95,530177
2021-06-22 10:05:02,3316.95,530224
2021-06-22 10:05:03,3316.95,530548
2021-06-22 10:05:04,3316.95,530603
2021-06-22 10:05:05,3316.95,530611
2021-06-22 10:05:06,3316.85,531420
2021-06-22 10:05:08,3316.95,531587
2021-06-22 10:05:09,3316.85,531588
2021-06-22 10:05:10,3316.95,531598
2021-06-22 10:05:11,3316.85,531691
2021-06-22 10:05:12,3316.85,531724
2021-06-22 10:05:13,3316.85,531924
2021-06-22 10:05:14,3316.85,531979
2021-06-22 10:05:16,3316.95,532039
2021-06-22 10:05:16,3316.95,532039
2021-06-22 10:05:17,3316.95,532143
2021-06-22 10:05:18,3316.95,532158
2021-06-22 10:05:20,3316.85,532317
2021-06-22 10:05:21,3316.95,532352
2021-06-22 10:05:22,3316.55,533617
2021-06-22 10:05:23,3316.55,533645
2021-06-22 10:05:25,3316.25,533693
2021-06-22 10:05:25,3316.35,533700
2021-06-22 10:05:26,3316.55,533712
2021-06-22 10:05:27,3316.5,533722
2021-06-22 10:05:28,3316.3,534275
2021-06-22 10:05:29,3316.3,534382
2021-06-22 10:05:30,3316.3,534382
2021-06-22 10:05:31,3316.3,534431
2021-06-22 10:05:32,3315.0,534584
2021-06-22 10:05:34,3315.95,534608
2021-06-22 10:05:34,3315.95,534608
2021-06-22 10:05:35,3315.1,534617
2021-06-22 10:05:36,3315.95,534667
2021-06-22 10:05:37,3315.1,534675
2021-06-22 10:05:38,3315.85,534797
2021-06-22 10:05:39,3315.1,534829
2021-06-22 10:05:40,3316.2,534934
2021-06-22 10:05:41,3315.0,535055
2021-06-22 10:05:42,3315.8,535074
2021-06-22 10:05:43,3315.8,535074
2021-06-22 10:05:44,3315.8,535075
2021-06-22 10:05:45,3315.8,535096
2021-06-22 10:05:46,3315.8,535142
2021-06-22 10:05:47,3315.8,535170
2021-06-22 10:05:48,3315.8,535174
2021-06-22 10:05:49,3315.9,535564
2021-06-22 10:05:50,3316.8,535624
2021-06-22 10:05:51,3315.9,535654
2021-06-22 10:05:52,3316.75,535659
2021-06-22 10:05:53,3315.9,535663
2021-06-22 10:05:54,3315.8,535722
2021-06-22 10:05:55,3315.8,535727
2021-06-22 10:05:56,3315.8,535737
2021-06-22 10:05:57,3315.8,535738
2021-06-22 10:05:58,3316.65,535923
2021-06-22 10:05:59,3316.65,535942
2021-06-22 10:06:01,3316.65,535956
2021-06-22 10:06:03,3315.8,535961
2021-06-22 10:06:03,3315.8,535962
2021-06-22 10:06:04,3316.65,535977
2021-06-22 10:06:05,3316.8,535980
2021-06-22 10:06:06,3316.8,535991
2021-06-22 10:06:07,3315.8,535999
2021-06-22 10:06:08,3316.8,536037
2021-06-22 10:06:09,3316.8,536037
2021-06-22 10:06:10,3315.8,536038
2021-06-22 10:06:11,3315.8,536051
2021-06-22 10:06:12,3315.8,536057
2021-06-22 10:06:13,3315.8,536058
2021-06-22 10:06:14,3315.8,536064
2021-06-22 10:06:15,3315.8,536113
2021-06-22 10:06:16,3317.35,536333
2021-06-22 10:06:17,3317.35,536333
2021-06-22 10:06:18,3316.8,536342
2021-06-22 10:06:19,3317.35,536346
2021-06-22 10:06:21,3317.35,536348
2021-06-22 10:06:21,3316.8,536664
2021-06-22 10:06:22,3316.8,536747
2021-06-22 10:06:23,3317.45,536811
2021-06-22 10:06:24,3317.0,536814
2021-06-22 10:06:25,3317.3,536856
2021-06-22 10:06:26,3317.3,536867
2021-06-22 10:06:27,3317.75,537067
2021-06-22 10:06:28,3317.35,537093
2021-06-22 10:06:30,3317.15,537129
2021-06-22 10:06:31,3317.45,537185
2021-06-22 10:06:32,3317.45,537196
2021-06-22 10:06:32,3317.45,537196
2021-06-22 10:06:34,3318.0,537534
2021-06-22 10:06:35,3317.4,537785
2021-06-22 10:06:35,3317.4,537822
2021-06-22 10:06:36,3317.95,537844
2021-06-22 10:06:37,3317.25,537884
2021-06-22 10:06:39,3317.25,538036
2021-06-22 10:06:40,3317.25,538051
2021-06-22 10:06:42,3317.15,539299
2021-06-22 10:06:43,3317.15,539478
2021-06-22 10:06:44,3316.85,539742
2021-06-22 10:06:45,3316.85,539812
2021-06-22 10:06:47,3316.1,539836
2021-06-22 10:06:48,3316.55,539846
2021-06-22 10:06:49,3316.1,539871
2021-06-22 10:06:50,3316.1,539874
2021-06-22 10:06:51,3317.1,540033
2021-06-22 10:06:52,3316.55,540036
2021-06-22 10:06:54,3316.55,540064
2021-06-22 10:06:55,3316.95,540088
2021-06-22 10:06:55,3316.55,540105
2021-06-22 10:06:58,3316.95,540151
2021-06-22 10:07:00,3316.7,540211
2021-06-22 10:07:00,3316.7,540220
2021-06-22 10:07:02,3317.0,540236
2021-06-22 10:07:02,3317.0,540236
2021-06-22 10:07:05,3316.55,540696
2021-06-22 10:07:05,3317.0,540239
2021-06-22 10:07:06,3316.3,540861
2021-06-22 10:07:07,3316.15,540898
2021-06-22 10:07:09,3316.5,541022
2021-06-22 10:07:11,3316.0,541185
2021-06-22 10:07:11,3316.0,541185
2021-06-22 10:07:12,3315.8,541209
2021-06-22 10:07:14,3315.9,541245
2021-06-22 10:07:18,3316.5,541657
2021-06-22 10:07:19,3315.05,541658
2021-06-22 10:07:20,3315.25,541678
2021-06-22 10:07:21,3316.0,541791
2021-06-22 10:07:21,3316.0,541801
2021-06-22 10:07:22,3315.8,541820
2021-06-22 10:07:24,3315.8,541820
2021-06-22 10:07:25,3315.8,541820
2021-06-22 10:07:26,3316.5,542820
2021-06-22 10:07:26,3316.5,542820
2021-06-22 10:07:27,3316.5,542820
2021-06-22 10:07:29,3315.55,542836
2021-06-22 10:07:30,3315.55,542836
2021-06-22 10:07:31,3315.55,542947
2021-06-22 10:07:32,3315.55,542968
2021-06-22 10:07:33,3315.5,543025
2021-06-22 10:07:34,3315.5,543036
2021-06-22 10:07:35,3315.55,543091
2021-06-22 10:07:36,3315.5,543137
2021-06-22 10:07:37,3315.5,543144
2021-06-22 10:07:39,3315.5,543182
2021-06-22 10:07:41,3316.0,543232
2021-06-22 10:07:42,3315.15,543342
2021-06-22 10:07:43,3315.9,543470
2021-06-22 10:07:44,3315.9,543470
2021-06-22 10:07:45,3316.0,543570
2021-06-22 10:07:45,3315.0,543572
2021-06-22 10:07:46,3315.0,543600
2021-06-22 10:07:47,3315.5,543605
2021-06-22 10:07:49,3315.85,543711
2021-06-22 10:07:50,3315.0,543736
2021-06-22 10:07:51,3316.0,543765
2021-06-22 10:07:53,3316.0,543849
2021-06-22 10:07:54,3315.9,543850
2021-06-22 10:07:55,3315.9,543859
2021-06-22 10:07:56,3316.0,543873
2021-06-22 10:07:57,3316.0,543929
2021-06-22 10:07:58,3315.6,544258
2021-06-22 10:08:00,3315.5,544308
2021-06-22 10:08:00,3315.6,544340
2021-06-22 10:08:01,3315.6,544380
2021-06-22 10:08:02,3315.5,544389
2021-06-22 10:08:03,3315.6,544416
2021-06-22 10:08:04,3315.5,544424
2021-06-22 10:08:05,3315.5,544426
2021-06-22 10:08:06,3315.6,544437
2021-06-22 10:08:07,3315.5,544448
2021-06-22 10:08:08,3315.5,544453
2021-06-22 10:08:10,3315.6,544455
2021-06-22 10:08:11,3315.6,544478
2021-06-22 10:08:11,3315.6,544482
2021-06-22 10:08:13,3315.65,544492
2021-06-22 10:08:14,3315.85,544527
2021-06-22 10:08:14,3315.9,544560
2021-06-22 10:08:16,3315.9,544586
2021-06-22 10:08:17,3315.9,544586
2021-06-22 10:08:17,3315.6,544886
2021-06-22 10:08:18,3315.6,544948
2021-06-22 10:08:19,3315.85,544968
2021-06-22 10:08:20,3315.85,545001
2021-06-22 10:08:21,3315.85,545042
2021-06-22 10:08:22,3315.85,545042
2021-06-22 10:08:23,3315.85,545042
2021-06-22 10:08:24,3315.6,545067
2021-06-22 10:08:25,3316.0,545245
2021-06-22 10:08:28,3315.6,545266
2021-06-22 10:08:28,3315.6,545277
2021-06-22 10:08:29,3315.85,545284
2021-06-22 10:08:30,3315.85,545298
2021-06-22 10:08:32,3315.6,545353
2021-06-22 10:08:33,3315.6,545377
2021-06-22 10:08:33,3316.0,545391
2021-06-22 10:08:34,3316.0,545401
2021-06-22 10:08:35,3316.0,545407
2021-06-22 10:08:36,3316.0,545424
2021-06-22 10:08:38,3316.0,545425
2021-06-22 10:08:39,3315.7,545430
2021-06-22 10:08:40,3315.7,545432
2021-06-22 10:08:41,3316.0,545458
2021-06-22 10:08:41,3316.0,545468
2021-06-22 10:08:43,3315.85,545473
2021-06-22 10:08:43,3315.85,545476
2021-06-22 10:08:44,3315.85,545476
2021-06-22 10:08:45,3315.95,545505
2021-06-22 10:08:46,3315.85,545532
2021-06-22 10:08:47,3315.85,545536
2021-06-22 10:08:48,3315.85,545537
2021-06-22 10:08:49,3315.95,545547
2021-06-22 10:08:51,3315.85,545560
2021-06-22 10:08:51,3315.85,545572
2021-06-22 10:08:52,3315.85,545576
2021-06-22 10:08:54,3315.95,545637
2021-06-22 10:08:54,3315.95,545672
2021-06-22 10:08:55,3315.95,545779
2021-06-22 10:08:56,3315.95,545972
2021-06-22 10:08:57,3315.95,546101
2021-06-22 10:08:58,3315.95,546121
2021-06-22 10:08:59,3316.0,546163
2021-06-22 10:09:01,3316.0,546218
2021-06-22 10:09:01,3315.95,546220
2021-06-22 10:09:03,3315.95,546260
2021-06-22 10:09:04,3315.95,546280
2021-06-22 10:09:05,3315.95,546316
2021-06-22 10:09:05,3315.95,546322
2021-06-22 10:09:07,3315.95,546342
2021-06-22 10:09:07,3315.95,546345
2021-06-22 10:09:08,3315.95,546362
2021-06-22 10:09:09,3316.0,546464
