timestamp,ltp,volume
2021-06-22 09:16:45,781.0,176139
2021-06-22 09:16:46,781.45,177015
2021-06-22 09:16:46,781.2,178222
2021-06-22 09:16:47,782.0,179430
2021-06-22 09:16:48,781.75,180025
2021-06-22 09:16:49,782.1,181852
2021-06-22 09:16:50,781.65,183837
2021-06-22 09:16:52,782.25,184935
2021-06-22 09:16:54,781.9,191395
2021-06-22 09:16:56,781.95,195765
2021-06-22 09:16:56,781.15,196694
2021-06-22 09:16:57,781.7,197403
2021-06-22 09:16:58,781.85,199879
2021-06-22 09:16:59,781.7,201239
2021-06-22 09:17:01,781.75,201623
2021-06-22 09:17:02,781.75,202273
2021-06-22 09:17:03,781.6,205408
2021-06-22 09:17:04,782.0,206648
2021-06-22 09:17:05,781.85,208629
2021-06-22 09:17:06,782.45,209538
2021-06-22 09:17:06,782.0,209667
2021-06-22 09:17:07,782.5,211546
2021-06-22 09:17:08,782.55,212412
2021-06-22 09:17:09,782.35,213577
2021-06-22 09:17:10,782.2,214167
2021-06-22 09:17:11,782.5,216307
2021-06-22 09:17:13,782.75,218732
2021-06-22 09:17:14,782.75,219691
2021-06-22 09:17:17,782.65,226724
2021-06-22 09:17:17,782.65,226724
2021-06-22 09:17:18,783.0,228486
2021-06-22 09:17:19,783.4,230629
2021-06-22 09:17:20,783.05,231529
2021-06-22 09:17:22,783.0,232475
2021-06-22 09:17:23,783.2,234277
2021-06-22 09:17:25,782.8,238668
2021-06-22 09:17:26,782.1,251123
2021-06-22 09:17:26,781.85,251151
2021-06-22 09:17:29,782.45,257136
2021-06-22 09:17:30,782.25,259390
2021-06-22 09:17:31,782.2,263116
2021-06-22 09:17:32,782.2,263633
2021-06-22 09:17:33,782.3,264779
2021-06-22 09:17:34,781.9,265906
2021-06-22 09:17:35,781.9,268392
2021-06-22 09:17:36,782.15,270228
2021-06-22 09:17:37,782.15,272536
2021-06-22 09:17:37,781.8,272862
2021-06-22 09:17:39,782.0,273743
2021-06-22 09:17:40,782.0,275866
2021-06-22 09:17:41,782.5,276156
2021-06-22 09:17:42,782.85,277801
2021-06-22 09:17:43,782.2,279820
2021-06-22 09:17:44,782.85,281964
2021-06-22 09:17:45,782.85,282003
2021-06-22 09:17:45,782.5,281986
2021-06-22 09:17:46,782.7,282182
2021-06-22 09:17:48,782.85,282968
2021-06-22 09:17:49,782.95,283901
2021-06-22 09:17:50,782.5,285100
2021-06-22 09:17:51,782.85,287175
2021-06-22 09:17:52,782.5,288559
2021-06-22 09:17:52,782.75,289066
2021-06-22 09:17:54,782.95,290474
2021-06-22 09:17:55,783.0,291531
2021-06-22 09:17:56,782.95,292176
2021-06-22 09:17:57,782.65,292756
2021-06-22 09:17:58,783.0,293190
2021-06-22 09:17:59,783.2,295397
2021-06-22 09:18:00,783.2,296137
2021-06-22 09:18:01,782.9,299962
2021-06-22 09:18:02,783.1,302975
2021-06-22 09:18:03,782.75,304806
2021-06-22 09:18:04,782.75,304960
2021-06-22 09:18:05,783.3,306054
2021-06-22 09:18:06,782.95,307128
2021-06-22 09:18:07,782.75,307666
2021-06-22 09:18:08,782.9,313052
2021-06-22 09:18:09,782.9,313528
2021-06-22 09:18:10,782.8,315180
2021-06-22 09:18:11,782.95,315272
2021-06-22 09:18:12,783.2,315963
2021-06-22 09:18:14,783.2,316286
2021-06-22 09:18:15,783.05,316599
2021-06-22 09:18:16,783.2,316764
2021-06-22 09:18:17,783.2,317058
2021-06-22 09:18:18,783.5,318625
2021-06-22 09:18:19,783.1,320448
2021-06-22 09:18:20,783.05,321263
2021-06-22 09:18:21,783.6,321638
2021-06-22 09:18:22,783.7,322233
2021-06-22 09:18:23,783.7,322753
2021-06-22 09:18:24,783.3,323242
2021-06-22 09:18:25,783.7,323515
2021-06-22 09:18:26,783.5,328836
2021-06-22 09:18:27,783.4,330194
2021-06-22 09:18:28,783.7,330257
2021-06-22 09:18:29,783.75,331392
2021-06-22 09:18:30,783.35,332779
2021-06-22 09:18:30,783.35,332779
2021-06-22 09:18:31,784.0,334162
2021-06-22 09:18:33,783.5,334719
2021-06-22 09:18:34,784.0,335568
2021-06-22 09:18:35,783.9,335821
2021-06-22 09:18:36,783.9,336583
2021-06-22 09:18:37,784.0,338288
2021-06-22 09:18:38,784.0,339257
2021-06-22 09:18:39,783.55,340002
2021-06-22 09:18:40,783.8,341959
2021-06-22 09:18:40,783.9,341432
2021-06-22 09:18:42,783.75,343547
2021-06-22 09:18:43,783.65,347319
2021-06-22 09:18:44,783.6,347569
2021-06-22 09:18:45,783.75,347890
2021-06-22 09:18:46,783.75,348165
2021-06-22 09:18:47,783.85,348634
2021-06-22 09:18:48,783.5,349019
2021-06-22 09:18:48,783.5,349019
2021-06-22 09:18:49,783.6,349468
2021-06-22 09:18:50,783.9,350641
2021-06-22 09:18:52,783.6,362868
2021-06-22 09:18:53,783.4,365415
2021-06-22 09:18:54,783.7,365964
2021-06-22 09:18:55,783.0,369507
2021-06-22 09:18:56,783.1,375654
2021-06-22 09:18:56,783.1,375664
2021-06-22 09:18:58,783.1,377100
2021-06-22 09:18:59,782.7,377442
2021-06-22 09:19:00,782.75,378558
2021-06-22 09:19:01,782.75,379157
2021-06-22 09:19:02,783.0,380604
2021-06-22 09:19:03,782.7,381215
2021-06-22 09:19:04,782.95,381838
2021-06-22 09:19:04,782.85,381958
2021-06-22 09:19:05,782.95,382406
2021-06-22 09:19:06,782.9,382746
2021-06-22 09:19:07,782.95,382848
2021-06-22 09:19:09,782.9,384270
2021-06-22 09:19:10,782.75,384701
2021-06-22 09:19:11,782.9,385056
2021-06-22 09:19:12,782.65,385217
2021-06-22 09:19:13,782.95,386410
2021-06-22 09:19:14,783.0,387652
2021-06-22 09:19:16,783.0,389067
2021-06-22 09:19:17,783.0,389996
2021-06-22 09:19:17,782.9,390110
2021-06-22 09:19:18,783.3,390630
2021-06-22 09:19:19,783.35,391644
2021-06-22 09:19:20,783.4,393201
2021-06-22 09:19:22,783.45,393663
2021-06-22 09:19:22,784.0,394248
2021-06-22 09:19:23,783.55,396378
2021-06-22 09:19:25,783.9,396674
2021-06-22 09:19:26,784.0,397195
2021-06-22 09:19:27,783.6,398914
2021-06-22 09:19:28,783.35,399015
2021-06-22 09:19:29,783.8,399998
2021-06-22 09:19:30,783.8,400054
2021-06-22 09:19:31,783.8,400328
2021-06-22 09:19:32,783.5,400486
2021-06-22 09:19:33,783.55,401131
2021-06-22 09:19:34,783.9,401590
2021-06-22 09:19:35,784.05,402613
2021-06-22 09:19:36,784.05,403013
2021-06-22 09:19:37,783.8,406862
2021-06-22 09:19:38,785.0,437503
2021-06-22 09:19:39,784.95,439866
2021-06-22 09:19:40,785.4,439968
2021-06-22 09:19:41,785.2,441407
2021-06-22 09:19:42,785.55,442621
2021-06-22 09:19:43,784.95,443919
2021-06-22 09:19:44,785.55,444642
2021-06-22 09:19:47,784.8,448779
2021-06-22 09:19:48,785.45,449129
2021-06-22 09:19:49,785.45,451066
2021-06-22 09:19:50,785.6,454971
2021-06-22 09:19:51,785.35,459626
2021-06-22 09:19:52,785.45,461749
2021-06-22 09:19:53,785.1,461985
2021-06-22 09:19:54,785.75,463697
2021-06-22 09:19:55,785.85,463780
2021-06-22 09:19:56,785.6,464302
2021-06-22 09:19:57,785.6,464303
2021-06-22 09:19:58,785.5,464954
2021-06-22 09:19:59,785.45,472438
2021-06-22 09:20:00,785.6,472938
2021-06-22 09:20:01,785.5,473108
2021-06-22 09:20:02,785.1,475057
2021-06-22 09:20:03,785.3,475268
2021-06-22 09:20:04,785.3,476337
2021-06-22 09:20:05,785.25,476738
2021-06-22 09:20:06,784.9,477084
2021-06-22 09:20:07,785.0,477149
2021-06-22 09:20:08,785.4,477710
2021-06-22 09:20:09,785.1,478231
2021-06-22 09:20:11,785.3,480741
2021-06-22 09:20:13,785.3,482070
2021-06-22 09:20:14,784.85,485865
2021-06-22 09:20:15,784.9,487604
2021-06-22 09:20:16,785.3,487720
2021-06-22 09:20:17,785.3,487995
2021-06-22 09:20:18,785.0,489234
2021-06-22 09:20:19,784.45,490737
2021-06-22 09:20:20,784.75,491652
2021-06-22 09:20:21,784.4,492032
2021-06-22 09:20:22,784.4,492032
2021-06-22 09:20:23,784.05,494658
2021-06-22 09:20:24,784.35,494997
2021-06-22 09:20:25,784.15,495332
2021-06-22 09:20:26,784.25,499598
2021-06-22 09:20:27,784.15,499728
2021-06-22 09:20:28,784.55,500410
2021-06-22 09:20:29,784.5,500548
2021-06-22 09:20:30,783.8,503504
2021-06-22 09:20:31,784.05,504622
2021-06-22 09:20:32,784.05,504622
2021-06-22 09:20:33,784.2,504839
2021-06-22 09:20:34,783.55,506809
2021-06-22 09:20:35,783.8,507123
2021-06-22 09:20:36,783.55,507363
2021-06-22 09:20:37,783.9,507608
2021-06-22 09:20:38,784.0,507989
2021-06-22 09:20:39,784.15,509013
2021-06-22 09:20:40,783.9,509274
2021-06-22 09:20:42,784.3,512114
2021-06-22 09:20:44,784.1,512673
2021-06-22 09:20:45,784.3,513222
2021-06-22 09:20:46,784.05,513644
2021-06-22 09:20:47,784.15,513735
2021-06-22 09:20:48,784.2,513745
2021-06-22 09:20:49,784.2,513954
2021-06-22 09:20:50,784.2,515703
2021-06-22 09:20:51,784.2,516035
2021-06-22 09:20:52,784.3,516245
2021-06-22 09:20:53,784.45,516265
2021-06-22 09:20:54,784.15,517693
2021-06-22 09:20:55,784.3,517961
2021-06-22 09:20:57,784.45,518878
2021-06-22 09:20:58,784.45,520493
2021-06-22 09:21:00,784.4,521034
2021-06-22 09:21:01,784.4,521109
2021-06-22 09:21:02,784.5,521524
2021-06-22 09:21:03,784.6,522074
2021-06-22 09:21:04,784.65,522426
2021-06-22 09:21:05,784.25,522584
2021-06-22 09:21:06,784.45,522739
2021-06-22 09:21:07,784.65,523688
2021-06-22 09:21:08,784.65,523699
2021-06-22 09:21:09,784.5,524016
2021-06-22 09:21:10,784.9,524486
2021-06-22 09:21:12,784.3,525174
2021-06-22 09:21:14,784.4,525648
2021-06-22 09:21:15,784.3,525873
2021-06-22 09:21:16,784.4,525888
2021-06-22 09:21:17,784.25,526838
2021-06-22 09:21:18,784.25,527320
2021-06-22 09:21:19,784.3,527346
2021-06-22 09:21:20,784.65,527566
2021-06-22 09:21:21,784.9,532295
2021-06-22 09:21:22,784.9,532475
2021-06-22 09:21:23,784.55,532604
2021-06-22 09:21:24,784.4,533073
2021-06-22 09:21:25,784.4,533196
2021-06-22 09:21:26,784.3,534436
2021-06-22 09:21:28,784.9,536069
2021-06-22 09:21:29,784.9,536069
2021-06-22 09:21:30,784.65,537590
2021-06-22 09:21:31,784.6,537860
2021-06-22 09:21:32,784.3,537942
2021-06-22 09:21:33,784.3,537942
2021-06-22 09:21:34,784.5,537981
2021-06-22 09:21:35,784.5,538022
2021-06-22 09:21:38,784.7,539172
2021-06-22 09:21:39,784.4,539977
2021-06-22 09:21:40,784.55,548418
2021-06-22 09:21:41,784.6,549056
2021-06-22 09:21:42,784.85,549157
2021-06-22 09:21:43,784.55,549992
2021-06-22 09:21:44,784.9,550133
2021-06-22 09:21:45,785.0,551547
2021-06-22 09:21:48,785.0,551599
2021-06-22 09:21:48,785.05,552259
2021-06-22 09:21:49,784.95,552329
2021-06-22 09:21:50,784.9,552540
2021-06-22 09:21:51,785.15,554183
2021-06-22 09:21:52,785.0,554427
2021-06-22 09:21:53,785.05,554844
2021-06-22 09:21:54,785.05,555056
2021-06-22 09:21:55,784.75,555452
2021-06-22 09:21:56,784.7,555751
2021-06-22 09:21:57,785.15,557025
2021-06-22 09:21:58,785.1,557400
2021-06-22 09:21:59,785.0,557449
2021-06-22 09:22:01,784.45,561342
2021-06-22 09:22:02,784.75,561868
2021-06-22 09:22:03,784.6,563689
2021-06-22 09:22:04,784.6,563695
2021-06-22 09:22:05,784.5,563733
2021-06-22 09:22:06,785.0,564882
2021-06-22 09:22:07,784.7,565392
2021-06-22 09:22:08,784.6,565502
2021-06-22 09:22:09,784.65,566977
2021-06-22 09:22:10,784.05,567966
2021-06-22 09:22:11,784.15,568625
2021-06-22 09:22:12,783.9,596194
2021-06-22 09:22:13,783.95,596338
2021-06-22 09:22:14,783.85,596710
2021-06-22 09:22:16,783.75,597103
2021-06-22 09:22:18,784.15,597106
2021-06-22 09:22:18,784.05,597706
2021-06-22 09:22:19,783.8,598156
2021-06-22 09:22:20,784.25,600528
2021-06-22 09:22:21,784.55,600683
2021-06-22 09:22:22,784.2,600743
2021-06-22 09:22:23,784.15,601100
2021-06-22 09:22:24,784.15,601103
2021-06-22 09:22:25,784.45,601136
2021-06-22 09:22:27,784.45,601246
2021-06-22 09:22:28,784.35,601409
2021-06-22 09:22:30,784.4,601512
2021-06-22 09:22:31,784.05,601556
2021-06-22 09:22:32,784.3,602412
2021-06-22 09:22:33,784.35,602454
2021-06-22 09:22:36,784.5,604585
2021-06-22 09:22:38,784.6,605385
2021-06-22 09:22:39,784.35,605623
2021-06-22 09:22:39,784.6,605653
2021-06-22 09:22:40,784.5,605655
2021-06-22 09:22:41,785.0,609590
2021-06-22 09:22:42,785.0,610233
2021-06-22 09:22:43,784.65,610424
2021-06-22 09:22:44,785.0,611533
2021-06-22 09:22:46,784.65,611850
2021-06-22 09:22:47,784.9,611965
2021-06-22 09:22:48,785.0,612904
2021-06-22 09:22:49,785.3,618043
2021-06-22 09:22:50,785.25,618636
2021-06-22 09:22:51,785.25,619286
2021-06-22 09:22:52,785.3,619975
2021-06-22 09:22:53,784.9,621323
2021-06-22 09:22:54,785.3,621593
2021-06-22 09:22:55,784.8,622152
2021-06-22 09:22:56,784.8,624029
2021-06-22 09:22:59,784.85,624779
2021-06-22 09:23:00,784.55,624981
2021-06-22 09:23:01,784.55,625696
2021-06-22 09:23:02,784.75,625747
2021-06-22 09:23:03,784.55,626067
2021-06-22 09:23:04,784.85,626089
2021-06-22 09:23:05,784.85,626247
2021-06-22 09:23:06,784.6,626287
2021-06-22 09:23:07,784.7,628020
2021-06-22 09:23:08,784.7,628225
2021-06-22 09:23:09,784.75,628495
2021-06-22 09:23:10,784.4,628895
2021-06-22 09:23:11,784.35,629020
2021-06-22 09:23:12,784.55,629040
2021-06-22 09:23:13,784.55,629040
2021-06-22 09:23:14,784.6,629200
2021-06-22 09:23:15,784.35,629324
2021-06-22 09:23:17,784.45,629504
2021-06-22 09:23:18,784.45,630586
2021-06-22 09:23:19,784.5,631026
2021-06-22 09:23:20,784.5,631364
2021-06-22 09:23:21,784.8,631529
2021-06-22 09:23:22,784.8,631572
2021-06-22 09:23:23,784.6,631606
2021-06-22 09:23:25,784.8,632305
2021-06-22 09:23:25,784.5,632324
2021-06-22 09:23:26,784.8,632325
2021-06-22 09:23:27,784.6,632375
2021-06-22 09:23:32,784.5,636706
2021-06-22 09:23:33,784.7,636908
2021-06-22 09:23:35,784.5,637108
2021-06-22 09:23:36,784.3,639168
2021-06-22 09:23:38,784.1,639695
2021-06-22 09:23:38,784.1,641559
2021-06-22 09:23:39,784.1,642593
2021-06-22 09:23:40,784.0,643533
2021-06-22 09:23:41,784.35,643538
2021-06-22 09:23:43,784.5,644733
2021-06-22 09:23:44,784.1,645013
2021-06-22 09:23:45,784.4,646962
2021-06-22 09:23:46,784.4,647374
2021-06-22 09:23:47,784.4,647393
2021-06-22 09:23:48,784.4,648190
2021-06-22 09:23:49,784.45,649683
2021-06-22 09:23:50,784.45,649734
2021-06-22 09:23:51,784.8,650657
2021-06-22 09:23:52,784.5,650699
2021-06-22 09:23:53,784.4,651242
2021-06-22 09:23:55,784.4,651839
2021-06-22 09:23:56,784.4,651902
2021-06-22 09:23:57,784.75,652415
2021-06-22 09:23:58,784.4,652763
2021-06-22 09:24:00,784.5,653196
2021-06-22 09:24:01,784.65,653816
2021-06-22 09:24:02,784.65,653941
2021-06-22 09:24:03,784.35,654116
2021-06-22 09:24:04,784.65,654361
2021-06-22 09:24:05,784.8,654462
2021-06-22 09:24:05,784.8,654462
2021-06-22 09:24:06,784.95,655807
2021-06-22 09:24:07,784.95,655807
2021-06-22 09:24:09,784.5,656162
2021-06-22 09:24:10,784.75,656173
2021-06-22 09:24:11,784.9,656816
2021-06-22 09:24:12,784.4,658116
2021-06-22 09:24:13,784.35,659117
2021-06-22 09:24:14,784.3,659215
2021-06-22 09:24:15,784.75,659412
2021-06-22 09:24:16,784.4,659642
2021-06-22 09:24:17,784.25,660008
2021-06-22 09:24:18,784.45,660090
2021-06-22 09:24:19,783.95,665958
2021-06-22 09:24:20,783.85,667625
2021-06-22 09:24:22,784.25,667655
2021-06-22 09:24:23,783.9,668017
2021-06-22 09:24:24,784.0,668138
2021-06-22 09:24:25,783.9,668193
2021-06-22 09:24:25,783.9,668193
2021-06-22 09:24:26,783.95,668609
2021-06-22 09:24:27,784.05,668681
2021-06-22 09:24:30,784.35,669390
2021-06-22 09:24:31,784.0,670323
2021-06-22 09:24:31,784.0,670366
2021-06-22 09:24:33,784.0,670486
2021-06-22 09:24:34,784.0,672860
2021-06-22 09:24:35,783.9,673180
2021-06-22 09:24:36,783.9,673845
2021-06-22 09:24:37,784.0,674612
2021-06-22 09:24:38,783.9,674927
2021-06-22 09:24:39,783.85,675218
2021-06-22 09:24:42,784.2,677284
2021-06-22 09:24:43,784.2,678469
2021-06-22 09:24:44,784.0,678769
2021-06-22 09:24:45,784.0,679578
2021-06-22 09:24:45,784.0,679598
2021-06-22 09:24:46,783.95,679838
2021-06-22 09:24:47,784.0,680330
2021-06-22 09:24:48,783.95,680726
2021-06-22 09:24:49,784.0,682428
2021-06-22 09:24:51,784.0,682728
2021-06-22 09:24:52,784.0,682728
2021-06-22 09:24:53,783.9,682854
2021-06-22 09:24:54,783.9,683742
2021-06-22 09:24:55,783.9,683865
2021-06-22 09:24:55,783.6,683870
2021-06-22 09:24:56,784.0,684460
2021-06-22 09:24:57,783.95,684670
2021-06-22 09:24:58,783.9,684673
2021-06-22 09:24:59,784.0,684962
2021-06-22 09:25:01,783.8,684975
2021-06-22 09:25:02,784.0,685134
2021-06-22 09:25:03,783.85,685850
2021-06-22 09:25:04,783.7,686505
2021-06-22 09:25:05,783.7,686596
2021-06-22 09:25:06,783.7,686996
2021-06-22 09:25:09,783.9,687107
2021-06-22 09:25:11,783.75,688116
2021-06-22 09:25:12,783.9,688258
2021-06-22 09:25:13,783.75,688553
2021-06-22 09:25:14,783.7,688573
2021-06-22 09:25:15,783.65,689678
2021-06-22 09:25:16,783.9,689733
2021-06-22 09:25:16,783.9,689833
2021-06-22 09:25:17,783.9,689833
2021-06-22 09:25:18,783.75,689992
2021-06-22 09:25:19,783.5,690322
2021-06-22 09:25:20,783.55,690329
2021-06-22 09:25:21,783.55,690359
2021-06-22 09:25:22,783.55,690481
2021-06-22 09:25:24,783.55,690521
2021-06-22 09:25:25,783.5,691656
2021-06-22 09:25:26,783.5,691807
2021-06-22 09:25:27,783.5,693842
2021-06-22 09:25:28,783.5,694103
2021-06-22 09:25:29,783.5,694810
2021-06-22 09:25:30,783.5,694967
2021-06-22 09:25:32,783.8,697149
2021-06-22 09:25:34,783.4,698020
2021-06-22 09:25:36,783.65,698170
2021-06-22 09:25:37,783.35,698247
2021-06-22 09:25:38,783.65,698775
2021-06-22 09:25:39,783.35,698834
2021-06-22 09:25:40,783.35,698927
2021-06-22 09:25:42,783.35,698928
2021-06-22 09:25:43,783.3,700649
2021-06-22 09:25:44,783.65,701108
2021-06-22 09:25:45,784.1,710827
2021-06-22 09:25:45,784.1,710827
2021-06-22 09:25:46,784.35,712998
2021-06-22 09:25:47,784.25,713151
2021-06-22 09:25:48,784.25,713323
2021-06-22 09:25:49,784.6,713363
2021-06-22 09:25:50,784.25,713381
2021-06-22 09:25:52,784.85,714131
2021-06-22 09:25:53,784.55,714263
2021-06-22 09:25:54,784.3,714784
2021-06-22 09:25:55,784.7,714804
2021-06-22 09:25:56,784.4,715054
2021-06-22 09:25:57,784.9,716072
2021-06-22 09:25:57,784.9,716072
2021-06-22 09:25:58,784.9,716072
2021-06-22 09:25:59,784.95,716086
2021-06-22 09:26:00,784.85,716387
2021-06-22 09:26:01,784.85,716654
2021-06-22 09:26:03,784.85,716810
2021-06-22 09:26:05,784.65,717189
2021-06-22 09:26:06,784.35,718377
2021-06-22 09:26:07,783.7,719398
2021-06-22 09:26:08,783.7,720005
2021-06-22 09:26:09,783.85,720498
2021-06-22 09:26:09,783.85,720498
2021-06-22 09:26:10,783.6,720974
2021-06-22 09:26:11,784.0,721217
2021-06-22 09:26:12,784.0,721328
2021-06-22 09:26:15,783.75,721387
2021-06-22 09:26:16,784.0,721540
2021-06-22 09:26:16,784.0,721550
2021-06-22 09:26:17,784.2,721684
2021-06-22 09:26:18,784.0,721829
2021-06-22 09:26:19,784.45,721864
2021-06-22 09:26:20,784.15,722034
2021-06-22 09:26:21,784.5,722056
2021-06-22 09:26:22,784.45,723753
2021-06-22 09:26:23,784.8,723833
2021-06-22 09:26:24,784.4,724035
2021-06-22 09:26:25,785.0,734205
2021-06-22 09:26:26,785.0,734205
2021-06-22 09:26:27,785.0,734234
2021-06-22 09:26:29,785.0,734357
2021-06-22 09:26:30,784.8,734889
2021-06-22 09:26:31,785.0,734946
2021-06-22 09:26:33,784.6,736445
2021-06-22 09:26:33,784.85,736497
2021-06-22 09:26:34,785.0,737558
2021-06-22 09:26:35,784.55,738208
2021-06-22 09:26:36,784.6,738604
2021-06-22 09:26:37,784.9,738734
2021-06-22 09:26:38,784.9,738734
2021-06-22 09:26:39,784.9,738734
2021-06-22 09:26:40,785.0,739534
2021-06-22 09:26:41,784.95,739634
2021-06-22 09:26:42,784.85,739995
2021-06-22 09:26:43,784.85,739995
2021-06-22 09:26:45,785.0,742340
2021-06-22 09:26:46,785.0,742344
2021-06-22 09:26:46,784.65,742449
2021-06-22 09:26:47,784.9,742575
2021-06-22 09:26:48,784.9,742605
2021-06-22 09:26:49,785.0,742713
2021-06-22 09:26:50,784.9,742727
2021-06-22 09:26:51,785.0,742739
2021-06-22 09:26:53,785.0,742777
2021-06-22 09:26:53,785.0,742834
2021-06-22 09:26:54,784.95,742998
2021-06-22 09:26:55,784.65,743668
2021-06-22 09:26:57,784.65,743668
2021-06-22 09:26:59,784.7,743889
2021-06-22 09:27:00,784.6,744113
2021-06-22 09:27:01,784.95,744479
2021-06-22 09:27:02,784.6,747113
2021-06-22 09:27:03,784.95,747223
2021-06-22 09:27:04,784.65,747660
2021-06-22 09:27:05,784.6,747705
2021-06-22 09:27:06,784.9,747759
2021-06-22 09:27:07,784.95,747789
2021-06-22 09:27:08,784.85,747814
2021-06-22 09:27:09,784.9,747859
2021-06-22 09:27:10,784.65,747881
2021-06-22 09:27:11,784.7,748015
2021-06-22 09:27:12,784.9,748048
2021-06-22 09:27:12,784.9,748158
2021-06-22 09:27:13,784.65,748830
2021-06-22 09:27:14,784.9,750137
2021-06-22 09:27:15,784.9,750144
2021-06-22 09:27:17,784.6,750356
2021-06-22 09:27:18,784.6,750463
2021-06-22 09:27:19,784.6,750887
2021-06-22 09:27:20,784.85,751172
2021-06-22 09:27:21,784.55,751223
2021-06-22 09:27:22,784.55,751223
2021-06-22 09:27:23,784.45,751723
2021-06-22 09:27:25,785.0,755721
2021-06-22 09:27:26,784.85,755808
2021-06-22 09:27:27,784.9,755938
2021-06-22 09:27:28,785.0,755948
2021-06-22 09:27:29,785.0,755948
2021-06-22 09:27:30,785.0,756013
2021-06-22 09:27:31,784.8,756053
2021-06-22 09:27:32,784.95,756087
2021-06-22 09:27:33,784.95,756087
2021-06-22 09:27:34,784.95,756089
2021-06-22 09:27:35,784.8,756179
2021-06-22 09:27:36,784.8,756179
2021-06-22 09:27:37,784.95,756235
2021-06-22 09:27:37,784.95,756335
2021-06-22 09:27:38,784.95,756415
2021-06-22 09:27:39,784.95,756415
2021-06-22 09:27:40,784.95,756587
2021-06-22 09:27:42,784.95,756695
2021-06-22 09:27:44,784.95,756841
2021-06-22 09:27:45,785.0,756941
2021-06-22 09:27:46,785.0,756993
2021-06-22 09:27:47,785.0,757648
2021-06-22 09:27:48,785.0,757675
2021-06-22 09:27:49,784.95,757990
2021-06-22 09:27:50,784.95,758009
2021-06-22 09:27:51,785.0,758115
2021-06-22 09:27:52,784.95,758134
2021-06-22 09:27:53,784.95,758154
2021-06-22 09:27:53,785.0,758170
2021-06-22 09:27:54,784.7,759557
2021-06-22 09:27:55,784.95,759667
2021-06-22 09:27:56,785.0,759701
2021-06-22 09:27:57,785.0,759952
2021-06-22 09:27:58,784.85,760052
2021-06-22 09:27:59,784.85,760052
2021-06-22 09:28:01,785.0,761053
2021-06-22 09:28:02,785.0,761053
2021-06-22 09:28:03,784.8,761699
2021-06-22 09:28:04,784.8,761746
2021-06-22 09:28:05,785.0,762196
2021-06-22 09:28:06,784.75,762254
2021-06-22 09:28:07,784.75,762255
2021-06-22 09:28:08,784.75,762266
2021-06-22 09:28:09,784.85,762820
2021-06-22 09:28:11,784.85,762949
2021-06-22 09:28:12,784.4,763869
2021-06-22 09:28:13,784.45,764119
2021-06-22 09:28:14,784.45,764181
2021-06-22 09:28:15,784.6,764191
2021-06-22 09:28:16,784.45,764479
2021-06-22 09:28:18,784.6,766398
2021-06-22 09:28:19,784.85,766428
2021-06-22 09:28:20,785.0,766728
2021-06-22 09:28:22,785.0,766823
2021-06-22 09:28:23,784.85,767462
2021-06-22 09:28:24,784.9,767492
2021-06-22 09:28:25,784.95,767682
2021-06-22 09:28:26,784.75,768206
2021-06-22 09:28:27,784.75,768206
2021-06-22 09:28:28,784.95,768281
2021-06-22 09:28:29,784.7,768496
2021-06-22 09:28:29,784.7,768496
2021-06-22 09:28:31,784.7,769512
2021-06-22 09:28:32,784.75,769637
2021-06-22 09:28:33,785.05,777843
2021-06-22 09:28:34,785.0,778636
2021-06-22 09:28:35,785.3,779519
2021-06-22 09:28:36,785.0,780057
2021-06-22 09:28:37,785.0,780258
2021-06-22 09:28:38,784.95,780370
2021-06-22 09:28:39,784.95,780535
2021-06-22 09:28:40,785.0,780620
2021-06-22 09:28:41,784.95,780893
2021-06-22 09:28:42,785.0,781365
2021-06-22 09:28:43,784.95,781904
2021-06-22 09:28:44,784.95,781932
2021-06-22 09:28:45,785.0,782138
2021-06-22 09:28:46,784.95,782816
2021-06-22 09:28:47,784.95,783034
2021-06-22 09:28:48,784.95,783261
2021-06-22 09:28:49,785.0,783319
2021-06-22 09:28:50,785.3,783370
2021-06-22 09:28:52,785.05,783404
2021-06-22 09:28:53,785.3,784312
2021-06-22 09:28:54,785.25,784534
2021-06-22 09:28:55,785.25,784581
2021-06-22 09:28:56,785.3,785255
2021-06-22 09:28:57,785.05,785264
2021-06-22 09:28:58,785.3,785314
2021-06-22 09:28:59,785.2,785345
2021-06-22 09:29:00,785.2,785425
2021-06-22 09:29:01,786.0,797372
2021-06-22 09:29:02,785.7,801030
2021-06-22 09:29:03,785.9,801157
2021-06-22 09:29:04,785.95,801217
2021-06-22 09:29:05,786.0,801336
2021-06-22 09:29:06,786.55,804724
2021-06-22 09:29:07,786.5,804999
2021-06-22 09:29:08,786.65,805753
2021-06-22 09:29:09,786.85,808391
2021-06-22 09:29:10,787.1,814269
2021-06-22 09:29:11,787.0,816419
2021-06-22 09:29:12,787.3,816589
2021-06-22 09:29:13,787.35,817110
2021-06-22 09:29:14,787.25,818780
2021-06-22 09:29:15,787.5,819891
2021-06-22 09:29:16,786.7,820848
2021-06-22 09:29:18,786.75,821874
2021-06-22 09:29:19,787.15,823788
2021-06-22 09:29:20,787.05,824699
2021-06-22 09:29:21,787.4,825200
2021-06-22 09:29:22,787.1,825971
2021-06-22 09:29:23,787.0,826368
2021-06-22 09:29:24,787.2,827655
2021-06-22 09:29:25,787.25,827982
2021-06-22 09:29:27,787.0,829051
2021-06-22 09:29:28,787.5,829840
2021-06-22 09:29:29,787.3,831399
2021-06-22 09:29:30,787.55,835102
2021-06-22 09:29:31,788.35,839865
2021-06-22 09:29:32,788.4,841269
2021-06-22 09:29:33,788.45,842097
2021-06-22 09:29:34,787.85,842690
2021-06-22 09:29:35,787.6,851893
2021-06-22 09:29:36,787.95,851910
2021-06-22 09:29:38,787.95,856208
2021-06-22 09:29:39,788.25,856958
2021-06-22 09:29:40,787.8,865131
2021-06-22 09:29:41,787.9,865743
2021-06-22 09:29:42,787.8,866817
2021-06-22 09:29:43,788.25,867843
2021-06-22 09:29:44,787.7,868321
2021-06-22 09:29:45,787.85,869028
2021-06-22 09:29:46,787.9,870587
2021-06-22 09:29:47,787.7,872466
2021-06-22 09:29:48,787.7,872614
2021-06-22 09:29:49,787.85,874587
2021-06-22 09:29:50,787.55,874994
2021-06-22 09:29:51,787.65,875032
2021-06-22 09:29:52,787.65,875032
2021-06-22 09:29:53,788.0,875261
2021-06-22 09:29:54,788.0,877338
2021-06-22 09:29:55,788.0,877593
2021-06-22 09:29:56,787.8,878118
2021-06-22 09:29:57,787.65,879124
2021-06-22 09:29:58,788.0,880610
2021-06-22 09:29:58,787.8,880949
2021-06-22 09:30:00,787.4,881200
2021-06-22 09:30:01,787.8,881909
2021-06-22 09:30:02,787.9,882105
2021-06-22 09:30:03,787.9,882139
2021-06-22 09:30:04,787.8,883231
2021-06-22 09:30:05,787.9,883601
2021-06-22 09:30:06,787.95,883956
2021-06-22 09:30:07,787.7,884301
2021-06-22 09:30:08,787.75,886873
2021-06-22 09:30:10,787.5,889628
2021-06-22 09:30:11,786.75,893905
2021-06-22 09:30:12,786.9,894235
2021-06-22 09:30:13,787.45,895160
2021-06-22 09:30:14,787.05,895404
2021-06-22 09:30:15,787.25,896689
2021-06-22 09:30:16,786.8,896888
2021-06-22 09:30:17,786.5,898350
2021-06-22 09:30:18,786.85,900084
2021-06-22 09:30:19,786.5,900237
2021-06-22 09:30:20,786.55,903094
2021-06-22 09:30:21,786.15,903348
2021-06-22 09:30:22,786.5,903484
2021-06-22 09:30:23,785.7,908991
2021-06-22 09:30:24,786.1,909011
2021-06-22 09:30:25,787.0,909410
2021-06-22 09:30:26,787.0,909551
2021-06-22 09:30:27,786.55,910971
2021-06-22 09:30:28,787.15,911240
2021-06-22 09:30:29,786.8,911543
2021-06-22 09:30:30,787.25,911844
2021-06-22 09:30:31,787.35,912119
2021-06-22 09:30:32,787.15,915326
2021-06-22 09:30:33,787.15,915737
2021-06-22 09:30:34,787.4,918184
2021-06-22 09:30:35,787.85,918319
2021-06-22 09:30:36,788.0,919057
2021-06-22 09:30:37,787.95,919175
2021-06-22 09:30:39,787.9,920983
2021-06-22 09:30:40,787.4,921258
2021-06-22 09:30:41,787.8,921344
2021-06-22 09:30:42,787.55,921492
2021-06-22 09:30:43,787.4,921892
2021-06-22 09:30:44,787.2,923972
2021-06-22 09:30:45,787.5,924443
2021-06-22 09:30:46,787.45,924936
2021-06-22 09:30:47,787.4,925063
2021-06-22 09:30:48,787.8,925815
2021-06-22 09:30:49,787.65,927458
2021-06-22 09:30:50,787.4,928435
2021-06-22 09:30:51,787.85,929245
2021-06-22 09:30:52,787.7,929358
2021-06-22 09:30:54,787.55,929817
2021-06-22 09:30:55,788.0,930267
2021-06-22 09:30:56,787.95,931384
2021-06-22 09:30:57,788.0,934235
2021-06-22 09:30:58,787.6,935627
2021-06-22 09:30:59,787.65,935878
2021-06-22 09:31:00,788.0,936997
2021-06-22 09:31:01,787.65,937255
2021-06-22 09:31:02,787.6,937762
2021-06-22 09:31:03,787.65,938130
2021-06-22 09:31:04,787.95,938866
2021-06-22 09:31:05,787.6,938966
2021-06-22 09:31:06,788.0,940002
2021-06-22 09:31:07,788.0,940370
2021-06-22 09:31:08,787.9,940422
2021-06-22 09:31:09,787.65,940574
2021-06-22 09:31:10,787.75,942121
2021-06-22 09:31:11,787.75,942310
2021-06-22 09:31:12,787.85,942707
2021-06-22 09:31:14,787.55,944078
2021-06-22 09:31:17,787.35,944797
2021-06-22 09:31:18,787.5,944895
2021-06-22 09:31:20,787.5,945616
2021-06-22 09:31:21,787.55,946404
2021-06-22 09:31:22,787.95,946554
2021-06-22 09:31:24,787.8,947895
2021-06-22 09:31:25,787.6,948375
2021-06-22 09:31:26,787.4,951273
2021-06-22 09:31:27,787.9,951617
2021-06-22 09:31:28,787.95,963590
2021-06-22 09:31:29,788.65,966632
2021-06-22 09:31:30,788.7,967678
2021-06-22 09:31:32,788.25,969990
2021-06-22 09:31:33,788.3,970682
2021-06-22 09:31:34,788.05,972335
2021-06-22 09:31:35,788.6,972990
2021-06-22 09:31:36,788.75,973378
2021-06-22 09:31:38,788.65,974216
2021-06-22 09:31:39,788.3,974683
2021-06-22 09:31:40,788.3,976944
2021-06-22 09:31:41,788.85,977805
2021-06-22 09:31:42,788.3,977885
2021-06-22 09:31:43,788.3,978611
2021-06-22 09:31:44,789.15,989567
2021-06-22 09:31:45,789.0,990558
2021-06-22 09:31:46,789.75,996220
2021-06-22 09:31:47,789.3,998629
2021-06-22 09:31:50,790.0,1002845
2021-06-22 09:31:51,789.9,1003249
2021-06-22 09:31:52,789.95,1003886
2021-06-22 09:31:53,789.55,1006060
2021-06-22 09:31:55,789.6,1006751
2021-06-22 09:31:54,789.8,1006542
2021-06-22 09:31:56,789.95,1007217
2021-06-22 09:31:57,789.95,1007765
2021-06-22 09:31:58,790.0,1010956
2021-06-22 09:31:59,789.55,1011439
2021-06-22 09:32:00,789.55,1012884
2021-06-22 09:32:01,789.55,1013678
2021-06-22 09:32:02,789.95,1015164
2021-06-22 09:32:03,789.65,1015720
2021-06-22 09:32:04,789.25,1020231
2021-06-22 09:32:06,789.15,1020891
2021-06-22 09:32:07,789.3,1021962
2021-06-22 09:32:08,789.35,1022277
2021-06-22 09:32:09,789.5,1023211
2021-06-22 09:32:11,789.5,1023522
2021-06-22 09:32:10,789.35,1023429
2021-06-22 09:32:12,789.5,1023663
2021-06-22 09:32:13,789.5,1023685
2021-06-22 09:32:14,789.35,1027916
2021-06-22 09:32:15,789.2,1028381
2021-06-22 09:32:16,789.55,1029594
2021-06-22 09:32:17,789.6,1030403
2021-06-22 09:32:18,789.55,1030707
2021-06-22 09:32:19,789.55,1030913
2021-06-22 09:32:20,789.6,1031004
2021-06-22 09:32:22,789.6,1031096
2021-06-22 09:32:22,789.8,1031046
2021-06-22 09:32:23,789.6,1031481
2021-06-22 09:32:24,789.9,1031836
2021-06-22 09:32:25,789.9,1032065
2021-06-22 09:32:26,789.8,1032661
2021-06-22 09:32:29,789.55,1034268
2021-06-22 09:32:30,789.85,1034550
2021-06-22 09:32:30,789.85,1034550
2021-06-22 09:32:32,789.9,1035131
2021-06-22 09:32:35,789.9,1038785
2021-06-22 09:32:36,789.9,1040485
2021-06-22 09:32:37,789.9,1041083
2021-06-22 09:32:38,790.6,1072704
2021-06-22 09:32:40,790.35,1073208
2021-06-22 09:32:41,790.75,1075040
2021-06-22 09:32:42,790.45,1075525
2021-06-22 09:32:43,790.4,1077328
2021-06-22 09:32:45,790.25,1077989
2021-06-22 09:32:45,790.35,1077634
2021-06-22 09:32:46,790.65,1078545
2021-06-22 09:32:47,790.45,1078902
2021-06-22 09:32:48,790.25,1081393
2021-06-22 09:32:49,790.35,1082167
2021-06-22 09:32:50,790.7,1082564
2021-06-22 09:32:51,790.85,1084530
2021-06-22 09:32:52,790.45,1084755
2021-06-22 09:32:53,790.45,1085621
2021-06-22 09:32:55,790.85,1087939
2021-06-22 09:32:57,790.55,1088792
2021-06-22 09:32:57,790.9,1088905
2021-06-22 09:32:58,791.0,1089724
2021-06-22 09:32:59,790.7,1090264
2021-06-22 09:33:00,790.85,1090641
2021-06-22 09:33:01,791.0,1091546
2021-06-22 09:33:04,791.0,1095307
2021-06-22 09:33:04,790.75,1095327
2021-06-22 09:33:05,790.5,1101691
2021-06-22 09:33:07,790.8,1104562
2021-06-22 09:33:08,790.65,1104868
2021-06-22 09:33:09,790.65,1106423
2021-06-22 09:33:10,791.0,1106900
2021-06-22 09:33:11,790.9,1107111
2021-06-22 09:33:12,790.6,1107400
2021-06-22 09:33:13,791.0,1108070
2021-06-22 09:33:15,791.0,1109167
2021-06-22 09:33:15,790.8,1109208
2021-06-22 09:33:16,791.25,1109468
2021-06-22 09:33:17,790.8,1110305
2021-06-22 09:33:18,791.0,1111326
2021-06-22 09:33:19,790.6,1112947
2021-06-22 09:33:20,790.85,1113643
2021-06-22 09:33:21,790.95,1114113
2021-06-22 09:33:22,791.0,1114415
2021-06-22 09:33:23,791.0,1114519
2021-06-22 09:33:25,791.0,1116301
2021-06-22 09:33:26,791.0,1118033
2021-06-22 09:33:27,791.1,1118291
2021-06-22 09:33:29,791.0,1119016
2021-06-22 09:33:29,791.0,1118876
2021-06-22 09:33:30,791.1,1119487
2021-06-22 09:33:31,791.2,1124098
2021-06-22 09:33:33,791.15,1126744
2021-06-22 09:33:35,791.15,1129287
2021-06-22 09:33:36,791.15,1129805
2021-06-22 09:33:37,791.15,1129886
2021-06-22 09:33:38,791.15,1131130
2021-06-22 09:33:40,791.15,1131470
2021-06-22 09:33:41,791.1,1131672
2021-06-22 09:33:42,791.15,1131924
2021-06-22 09:33:43,791.1,1132975
2021-06-22 09:33:44,791.2,1133708
2021-06-22 09:33:45,791.4,1134402
2021-06-22 09:33:46,791.15,1136424
2021-06-22 09:33:47,791.5,1136890
2021-06-22 09:33:48,791.5,1137072
2021-06-22 09:33:49,791.5,1137192
2021-06-22 09:33:50,791.65,1138191
2021-06-22 09:33:52,791.65,1138840
2021-06-22 09:33:54,791.4,1139523
2021-06-22 09:33:54,791.4,1139582
2021-06-22 09:33:55,791.5,1139735
2021-06-22 09:33:56,791.3,1140279
2021-06-22 09:33:57,791.65,1147245
2021-06-22 09:33:58,791.4,1154439
2021-06-22 09:33:59,791.5,1154749
2021-06-22 09:34:00,791.5,1155796
2021-06-22 09:34:01,791.35,1156159
2021-06-22 09:34:02,791.5,1156761
2021-06-22 09:34:03,791.5,1157634
2021-06-22 09:34:06,791.5,1159484
2021-06-22 09:34:07,791.5,1160122
2021-06-22 09:34:07,791.35,1160121
2021-06-22 09:34:08,791.5,1160757
2021-06-22 09:34:09,791.35,1163349
2021-06-22 09:34:10,791.35,1165455
2021-06-22 09:34:11,791.35,1165715
2021-06-22 09:34:12,791.35,1165940
2021-06-22 09:34:13,791.4,1166191
2021-06-22 09:34:14,791.4,1166750
2021-06-22 09:34:16,791.35,1167168
2021-06-22 09:34:17,791.75,1175397
2021-06-22 09:34:18,791.5,1176213
2021-06-22 09:34:19,791.55,1176867
2021-06-22 09:34:20,791.65,1177425
2021-06-22 09:34:21,791.55,1177603
2021-06-22 09:34:22,791.65,1177618
2021-06-22 09:34:23,791.8,1178269
2021-06-22 09:34:24,791.5,1178369
2021-06-22 09:34:25,791.7,1179008
2021-06-22 09:34:27,791.75,1179094
2021-06-22 09:34:28,791.65,1182353
2021-06-22 09:34:29,791.65,1182913
2021-06-22 09:34:30,791.7,1183581
2021-06-22 09:34:31,791.7,1183626
2021-06-22 09:34:32,791.65,1184775
2021-06-22 09:34:33,791.75,1184846
2021-06-22 09:34:34,791.7,1187550
2021-06-22 09:34:35,791.65,1190919
2021-06-22 09:34:36,791.65,1192196
2021-06-22 09:34:37,791.7,1192558
2021-06-22 09:34:39,791.75,1193392
2021-06-22 09:34:40,791.7,1193838
2021-06-22 09:34:41,791.65,1195242
2021-06-22 09:34:41,791.7,1195243
2021-06-22 09:34:42,791.9,1197407
2021-06-22 09:34:43,791.7,1197863
2021-06-22 09:34:44,791.95,1198301
2021-06-22 09:34:46,791.7,1200244
2021-06-22 09:34:47,791.95,1201506
2021-06-22 09:34:48,791.85,1202774
2021-06-22 09:34:49,791.35,1205778
2021-06-22 09:34:49,791.55,1205893
2021-06-22 09:34:50,791.75,1205930
2021-06-22 09:34:51,791.65,1206168
2021-06-22 09:34:52,790.55,1216771
2021-06-22 09:34:54,791.1,1217590
2021-06-22 09:34:55,790.85,1221809
2021-06-22 09:34:55,790.85,1221789
2021-06-22 09:34:56,790.8,1222566
2021-06-22 09:34:57,791.0,1223482
2021-06-22 09:34:59,790.4,1225758
2021-06-22 09:35:00,790.55,1227220
2021-06-22 09:35:01,790.55,1229145
2021-06-22 09:35:02,789.85,1237342
2021-06-22 09:35:03,789.5,1238906
2021-06-22 09:35:05,789.5,1240223
2021-06-22 09:35:06,789.35,1240754
2021-06-22 09:35:06,789.7,1240755
2021-06-22 09:35:07,789.65,1243733
2021-06-22 09:35:08,789.15,1244260
2021-06-22 09:35:11,789.1,1249244
2021-06-22 09:35:12,789.1,1250289
2021-06-22 09:35:12,789.1,1250144
2021-06-22 09:35:13,788.75,1252116
2021-06-22 09:35:14,789.55,1254535
2021-06-22 09:35:15,789.7,1255237
2021-06-22 09:35:16,789.05,1256087
2021-06-22 09:35:17,788.9,1258985
2021-06-22 09:35:18,789.25,1260777
2021-06-22 09:35:19,789.35,1261132
2021-06-22 09:35:20,789.4,1261292
2021-06-22 09:35:22,789.1,1262511
2021-06-22 09:35:24,789.25,1262594
2021-06-22 09:35:25,789.35,1262853
2021-06-22 09:35:25,789.35,1262854
2021-06-22 09:35:27,789.35,1263513
2021-06-22 09:35:30,789.4,1264552
2021-06-22 09:35:31,789.35,1264722
2021-06-22 09:35:32,789.35,1265053
2021-06-22 09:35:33,789.15,1265514
2021-06-22 09:35:34,789.15,1265728
2021-06-22 09:35:35,789.35,1265789
2021-06-22 09:35:36,789.35,1265801
2021-06-22 09:35:37,789.2,1266335
2021-06-22 09:35:38,789.25,1266403
2021-06-22 09:35:39,789.25,1266706
2021-06-22 09:35:41,789.15,1266921
2021-06-22 09:35:42,789.15,1267364
2021-06-22 09:35:43,789.15,1267584
2021-06-22 09:35:43,789.15,1267584
2021-06-22 09:35:44,789.4,1267659
2021-06-22 09:35:45,789.15,1272892
2021-06-22 09:35:46,789.1,1273772
2021-06-22 09:35:48,789.05,1274270
2021-06-22 09:35:49,789.3,1275109
2021-06-22 09:35:50,789.3,1275754
2021-06-22 09:35:51,789.15,1276111
2021-06-22 09:35:51,789.15,1276130
2021-06-22 09:35:52,789.0,1277857
2021-06-22 09:35:53,789.15,1277914
2021-06-22 09:35:54,789.0,1278014
2021-06-22 09:35:55,789.15,1278114
2021-06-22 09:35:56,789.25,1278207
2021-06-22 09:35:59,789.05,1278445
2021-06-22 09:36:00,789.0,1281304
2021-06-22 09:36:01,788.7,1282231
2021-06-22 09:36:01,789.0,1282263
2021-06-22 09:36:02,788.95,1282594
2021-06-22 09:36:03,788.95,1282683
2021-06-22 09:36:04,788.65,1282936
2021-06-22 09:36:06,788.2,1284428
2021-06-22 09:36:07,788.45,1285753
2021-06-22 09:36:07,788.45,1285753
2021-06-22 09:36:08,788.25,1286020
2021-06-22 09:36:09,788.2,1286871
2021-06-22 09:36:10,788.55,1287391
2021-06-22 09:36:11,788.5,1288971
2021-06-22 09:36:13,788.2,1290038
2021-06-22 09:36:15,787.75,1296193
2021-06-22 09:36:15,787.75,1296193
2021-06-22 09:36:16,788.2,1296698
2021-06-22 09:36:17,788.0,1296806
2021-06-22 09:36:18,788.05,1297710
2021-06-22 09:36:19,788.2,1299054
2021-06-22 09:36:20,787.8,1299224
2021-06-22 09:36:21,787.65,1299292
2021-06-22 09:36:22,788.15,1300200
2021-06-22 09:36:24,787.8,1300440
2021-06-22 09:36:25,787.7,1301405
2021-06-22 09:36:26,788.0,1302267
2021-06-22 09:36:27,788.1,1302531
2021-06-22 09:36:29,787.4,1303468
2021-06-22 09:36:29,787.1,1303893
2021-06-22 09:36:30,787.2,1304973
2021-06-22 09:36:31,787.3,1305336
2021-06-22 09:36:33,787.2,1305924
2021-06-22 09:36:34,787.15,1306778
2021-06-22 09:36:35,787.3,1306952
2021-06-22 09:36:36,787.75,1311423
2021-06-22 09:36:37,787.7,1312739
2021-06-22 09:36:38,787.7,1312789
2021-06-22 09:36:39,787.7,1312872
2021-06-22 09:36:40,787.95,1312873
2021-06-22 09:36:41,788.2,1316181
2021-06-22 09:36:42,787.9,1317840
2021-06-22 09:36:43,788.0,1318173
2021-06-22 09:36:44,788.45,1319224
2021-06-22 09:36:45,788.1,1320681
2021-06-22 09:36:46,788.6,1320894
2021-06-22 09:36:47,788.25,1321156
2021-06-22 09:36:48,788.65,1321745
2021-06-22 09:36:48,788.65,1321745
2021-06-22 09:36:49,788.65,1322590
2021-06-22 09:36:50,788.6,1322697
2021-06-22 09:36:52,788.65,1322895
2021-06-22 09:36:53,789.0,1324607
2021-06-22 09:36:54,788.8,1324643
2021-06-22 09:36:54,789.0,1324633
2021-06-22 09:36:55,788.8,1324700
2021-06-22 09:36:57,788.65,1324779
2021-06-22 09:36:58,788.7,1325020
2021-06-22 09:36:59,788.65,1325079
2021-06-22 09:37:00,788.65,1325329
2021-06-22 09:37:01,788.6,1326226
2021-06-22 09:37:03,789.0,1328233
2021-06-22 09:37:04,789.3,1328524
2021-06-22 09:37:04,789.3,1328524
2021-06-22 09:37:05,789.3,1328575
2021-06-22 09:37:07,789.25,1328849
2021-06-22 09:37:08,789.3,1330326
2021-06-22 09:37:09,789.45,1330540
2021-06-22 09:37:10,789.5,1331190
2021-06-22 09:37:11,789.6,1331798
2021-06-22 09:37:12,789.15,1331955
2021-06-22 09:37:14,789.15,1333615
2021-06-22 09:37:15,789.15,1333717
2021-06-22 09:37:16,789.55,1334587
2021-06-22 09:37:17,789.5,1335231
2021-06-22 09:37:18,789.35,1337580
2021-06-22 09:37:19,789.35,1337608
2021-06-22 09:37:20,789.55,1337941
2021-06-22 09:37:21,789.55,1337941
2021-06-22 09:37:22,789.35,1338094
2021-06-22 09:37:23,789.25,1338218
2021-06-22 09:37:24,789.25,1338935
2021-06-22 09:37:25,789.55,1339007
2021-06-22 09:37:26,789.8,1339110
2021-06-22 09:37:27,789.8,1339156
2021-06-22 09:37:29,789.65,1339304
2021-06-22 09:37:30,789.65,1339612
2021-06-22 09:37:31,789.9,1339635
2021-06-22 09:37:32,789.9,1339649
2021-06-22 09:37:32,789.9,1339648
2021-06-22 09:37:33,789.9,1339992
2021-06-22 09:37:35,789.9,1340223
2021-06-22 09:37:36,790.0,1344244
2021-06-22 09:37:37,789.9,1344294
2021-06-22 09:37:38,790.05,1344667
2021-06-22 09:37:39,790.45,1346625
2021-06-22 09:37:39,790.45,1346625
2021-06-22 09:37:41,790.2,1348687
2021-06-22 09:37:43,790.2,1348776
2021-06-22 09:37:44,790.55,1348939
2021-06-22 09:37:45,790.65,1350744
2021-06-22 09:37:46,790.15,1351561
2021-06-22 09:37:47,790.2,1352329
2021-06-22 09:37:48,790.5,1353643
2021-06-22 09:37:49,790.15,1353805
2021-06-22 09:37:49,790.15,1353805
2021-06-22 09:37:50,790.5,1354309
2021-06-22 09:37:51,790.65,1354461
2021-06-22 09:37:52,790.75,1354620
2021-06-22 09:37:53,790.8,1355332
2021-06-22 09:37:54,790.95,1355908
2021-06-22 09:37:55,790.8,1356217
2021-06-22 09:37:57,790.55,1356863
2021-06-22 09:37:58,790.8,1356962
2021-06-22 09:37:59,791.0,1357463
2021-06-22 09:37:59,790.65,1357467
2021-06-22 09:38:00,791.0,1359055
2021-06-22 09:38:02,790.95,1361509
2021-06-22 09:38:03,791.2,1361519
2021-06-22 09:38:04,790.7,1363787
2021-06-22 09:38:05,790.95,1363903
2021-06-22 09:38:06,791.0,1364253
2021-06-22 09:38:07,791.15,1364255
2021-06-22 09:38:08,791.0,1366769
2021-06-22 09:38:09,791.05,1367390
2021-06-22 09:38:10,791.0,1367646
2021-06-22 09:38:10,791.4,1367756
2021-06-22 09:38:11,791.5,1368298
2021-06-22 09:38:13,791.5,1368383
2021-06-22 09:38:14,791.05,1368429
2021-06-22 09:38:15,791.55,1369539
2021-06-22 09:38:16,791.1,1370009
2021-06-22 09:38:17,791.5,1370167
2021-06-22 09:38:18,791.45,1371410
2021-06-22 09:38:19,791.4,1372086
2021-06-22 09:38:20,791.4,1372337
2021-06-22 09:38:20,791.4,1372217
2021-06-22 09:38:21,791.2,1375282
2021-06-22 09:38:22,791.15,1375706
2021-06-22 09:38:24,791.05,1376295
2021-06-22 09:38:25,791.4,1378844
2021-06-22 09:38:26,791.25,1381700
2021-06-22 09:38:27,791.0,1381887
2021-06-22 09:38:28,791.05,1382739
2021-06-22 09:38:28,791.05,1382739
2021-06-22 09:38:29,791.4,1383109
2021-06-22 09:38:30,791.3,1383682
2021-06-22 09:38:31,791.0,1384078
2021-06-22 09:38:33,791.3,1385501
2021-06-22 09:38:34,791.0,1389303
2021-06-22 09:38:35,791.05,1389877
2021-06-22 09:38:36,791.15,1391100
2021-06-22 09:38:37,791.3,1391302
2021-06-22 09:38:38,791.3,1391373
2021-06-22 09:38:39,791.3,1391551
2021-06-22 09:38:40,791.05,1391953
2021-06-22 09:38:41,791.1,1392258
2021-06-22 09:38:42,791.0,1401613
2021-06-22 09:38:43,791.25,1401814
2021-06-22 09:38:43,791.0,1401816
2021-06-22 09:38:45,791.15,1401819
2021-06-22 09:38:47,791.0,1402954
2021-06-22 09:38:48,791.25,1404372
2021-06-22 09:38:49,791.05,1404636
2021-06-22 09:38:51,791.05,1405299
2021-06-22 09:38:52,791.0,1405489
2021-06-22 09:38:53,791.3,1405757
2021-06-22 09:38:54,791.0,1405981
2021-06-22 09:38:54,791.0,1406125
2021-06-22 09:38:56,791.0,1406881
2021-06-22 09:38:57,791.2,1407420
2021-06-22 09:38:58,791.0,1407549
2021-06-22 09:38:59,791.0,1407625
2021-06-22 09:39:00,791.0,1408325
2021-06-22 09:39:00,791.05,1407644
2021-06-22 09:39:02,791.0,1408765
2021-06-22 09:39:03,791.0,1408870
2021-06-22 09:39:04,790.95,1412867
2021-06-22 09:39:05,791.15,1414102
2021-06-22 09:39:06,790.8,1414118
2021-06-22 09:39:08,791.05,1414407
2021-06-22 09:39:10,791.05,1415960
2021-06-22 09:39:11,791.05,1415990
2021-06-22 09:39:11,791.0,1416000
2021-06-22 09:39:12,791.0,1416066
2021-06-22 09:39:14,791.05,1416605
2021-06-22 09:39:15,791.0,1416823
2021-06-22 09:39:16,791.05,1421772
2021-06-22 09:39:17,791.1,1421953
2021-06-22 09:39:18,791.0,1422124
2021-06-22 09:39:19,791.0,1422224
2021-06-22 09:39:19,791.4,1422334
2021-06-22 09:39:21,791.05,1423593
2021-06-22 09:39:22,791.35,1423934
2021-06-22 09:39:24,791.3,1424182
2021-06-22 09:39:25,791.05,1424232
2021-06-22 09:39:26,791.0,1425622
2021-06-22 09:39:26,791.0,1425622
2021-06-22 09:39:27,791.3,1425744
2021-06-22 09:39:28,791.2,1426001
2021-06-22 09:39:30,790.65,1426419
2021-06-22 09:39:31,791.05,1426827
2021-06-22 09:39:32,791.1,1427179
2021-06-22 09:39:33,791.15,1427271
2021-06-22 09:39:33,791.15,1427271
2021-06-22 09:39:34,790.9,1427280
2021-06-22 09:39:36,791.35,1428985
2021-06-22 09:39:37,791.1,1429075
2021-06-22 09:39:38,791.1,1429451
2021-06-22 09:39:39,791.05,1429860
2021-06-22 09:39:40,790.85,1430902
2021-06-22 09:39:41,790.55,1431195
2021-06-22 09:39:41,790.55,1431195
2021-06-22 09:39:42,790.5,1431369
2021-06-22 09:39:43,790.5,1431369
2021-06-22 09:39:45,790.15,1433101
2021-06-22 09:39:46,790.45,1433323
2021-06-22 09:39:47,790.15,1433930
2021-06-22 09:39:48,790.15,1433986
2021-06-22 09:39:49,790.15,1434161
2021-06-22 09:39:50,790.15,1434819
2021-06-22 09:39:51,790.5,1435425
2021-06-22 09:39:52,790.25,1435712
2021-06-22 09:39:53,790.9,1436212
2021-06-22 09:39:56,791.0,1438803
2021-06-22 09:39:56,791.0,1438804
2021-06-22 09:39:57,791.0,1438804
2021-06-22 09:39:59,790.65,1438892
2021-06-22 09:40:00,790.65,1438978
2021-06-22 09:40:01,790.65,1439794
2021-06-22 09:40:02,790.65,1440187
2021-06-22 09:40:03,790.6,1440263
2021-06-22 09:40:04,790.55,1440274
2021-06-22 09:40:05,790.55,1440862
2021-06-22 09:40:06,790.5,1440962
2021-06-22 09:40:07,790.45,1442398
2021-06-22 09:40:08,790.3,1442522
2021-06-22 09:40:09,790.35,1442905
2021-06-22 09:40:10,790.35,1443113
2021-06-22 09:40:11,789.75,1448596
2021-06-22 09:40:12,789.85,1450190
2021-06-22 09:40:13,790.1,1453083
2021-06-22 09:40:14,789.95,1453142
2021-06-22 09:40:15,789.8,1453384
2021-06-22 09:40:16,789.8,1453470
2021-06-22 09:40:17,790.3,1454293
2021-06-22 09:40:18,789.85,1454358
2021-06-22 09:40:20,790.05,1454541
2021-06-22 09:40:21,790.0,1454565
2021-06-22 09:40:22,790.0,1455524
2021-06-22 09:40:23,789.75,1455554
2021-06-22 09:40:24,789.7,1456098
2021-06-22 09:40:25,789.65,1456754
2021-06-22 09:40:27,790.0,1458954
2021-06-22 09:40:28,790.05,1459538
2021-06-22 09:40:29,789.8,1459788
2021-06-22 09:40:30,789.75,1459925
2021-06-22 09:40:31,789.75,1459996
2021-06-22 09:40:32,789.5,1460111
2021-06-22 09:40:33,790.0,1460408
2021-06-22 09:40:34,789.6,1460841
2021-06-22 09:40:35,790.0,1460942
2021-06-22 09:40:36,790.0,1461217
2021-06-22 09:40:38,790.0,1461524
2021-06-22 09:40:39,789.65,1461997
2021-06-22 09:40:40,789.65,1462213
2021-06-22 09:40:41,789.65,1462213
2021-06-22 09:40:42,790.0,1463540
2021-06-22 09:40:43,790.0,1463540
2021-06-22 09:40:44,789.7,1463708
2021-06-22 09:40:45,789.65,1464034
2021-06-22 09:40:46,790.0,1464054
2021-06-22 09:40:47,789.95,1464946
2021-06-22 09:40:48,789.6,1464952
2021-06-22 09:40:50,789.85,1465844
2021-06-22 09:40:51,789.85,1465873
2021-06-22 09:40:53,790.0,1466256
2021-06-22 09:40:54,789.8,1466347
2021-06-22 09:40:55,789.7,1467384
2021-06-22 09:40:56,790.35,1471952
2021-06-22 09:40:57,790.65,1471965
2021-06-22 09:40:59,790.35,1473350
2021-06-22 09:41:00,790.4,1473376
2021-06-22 09:41:01,790.3,1473390
2021-06-22 09:41:02,790.35,1475322
2021-06-22 09:41:03,790.3,1475337
2021-06-22 09:41:04,790.25,1476808
2021-06-22 09:41:05,789.9,1476827
2021-06-22 09:41:06,789.9,1476837
2021-06-22 09:41:07,789.85,1476838
2021-06-22 09:41:08,789.85,1477039
2021-06-22 09:41:09,789.85,1477040
2021-06-22 09:41:10,790.1,1477052
2021-06-22 09:41:11,790.05,1477608
2021-06-22 09:41:12,790.35,1477936
2021-06-22 09:41:13,790.0,1477941
2021-06-22 09:41:14,790.0,1478044
2021-06-22 09:41:15,790.4,1478344
2021-06-22 09:41:17,790.4,1478344
2021-06-22 09:41:18,790.15,1478494
2021-06-22 09:41:19,790.05,1480059
2021-06-22 09:41:20,790.0,1480239
2021-06-22 09:41:21,790.0,1480264
2021-06-22 09:41:22,790.3,1480505
2021-06-22 09:41:23,790.1,1480909
2021-06-22 09:41:24,790.35,1480925
2021-06-22 09:41:25,790.4,1481727
2021-06-22 09:41:26,790.4,1481747
2021-06-22 09:41:27,790.0,1482087
2021-06-22 09:41:28,790.3,1482375
2021-06-22 09:41:29,790.4,1483279
2021-06-22 09:41:30,790.5,1483509
2021-06-22 09:41:31,790.5,1483509
2021-06-22 09:41:32,790.1,1484647
2021-06-22 09:41:33,790.45,1484668
2021-06-22 09:41:34,790.15,1484699
2021-06-22 09:41:35,790.1,1484755
2021-06-22 09:41:36,790.1,1484765
2021-06-22 09:41:37,790.15,1484776
2021-06-22 09:41:38,790.1,1484866
2021-06-22 09:41:39,790.1,1484866
2021-06-22 09:41:40,790.15,1485088
2021-06-22 09:41:41,790.15,1485618
2021-06-22 09:41:42,790.15,1485668
2021-06-22 09:41:43,790.5,1485721
2021-06-22 09:41:44,790.5,1486052
2021-06-22 09:41:45,790.5,1486413
2021-06-22 09:41:46,790.2,1486420
2021-06-22 09:41:47,790.4,1486645
2021-06-22 09:41:48,790.7,1486802
2021-06-22 09:41:49,790.35,1487633
2021-06-22 09:41:51,790.3,1487911
2021-06-22 09:41:52,790.3,1487926
2021-06-22 09:41:53,790.3,1487926
2021-06-22 09:41:54,790.3,1487936
2021-06-22 09:41:55,790.5,1488038
2021-06-22 09:41:56,790.35,1488757
2021-06-22 09:41:57,790.75,1489960
2021-06-22 09:41:58,790.25,1490005
2021-06-22 09:41:59,790.25,1490005
2021-06-22 09:42:00,790.4,1492169
2021-06-22 09:42:01,790.75,1492210
2021-06-22 09:42:02,790.05,1494033
2021-06-22 09:42:03,790.2,1497757
2021-06-22 09:42:04,789.9,1497895
2021-06-22 09:42:05,790.0,1498116
2021-06-22 09:42:06,789.9,1498306
2021-06-22 09:42:07,790.0,1498307
2021-06-22 09:42:08,790.0,1498327
2021-06-22 09:42:09,789.9,1498428
2021-06-22 09:42:10,789.4,1504095
2021-06-22 09:42:11,789.75,1504131
2021-06-22 09:42:12,789.55,1504304
2021-06-22 09:42:13,789.85,1504394
2021-06-22 09:42:14,789.55,1504559
2021-06-22 09:42:15,789.55,1505012
2021-06-22 09:42:16,790.15,1505859
2021-06-22 09:42:17,790.15,1505859
2021-06-22 09:42:18,790.05,1505959
2021-06-22 09:42:19,789.7,1505964
2021-06-22 09:42:20,789.7,1505964
2021-06-22 09:42:21,790.05,1505980
2021-06-22 09:42:22,790.05,1505980
2021-06-22 09:42:23,790.05,1506050
2021-06-22 09:42:24,790.5,1506277
2021-06-22 09:42:25,790.0,1507102
2021-06-22 09:42:26,790.05,1507158
2021-06-22 09:42:27,790.0,1507219
2021-06-22 09:42:28,790.0,1507219
2021-06-22 09:42:29,790.0,1507336
2021-06-22 09:42:30,790.35,1508264
2021-06-22 09:42:31,790.7,1508265
2021-06-22 09:42:32,790.5,1508860
2021-06-22 09:42:33,790.35,1508925
2021-06-22 09:42:34,790.35,1509010
2021-06-22 09:42:35,790.7,1509666
2021-06-22 09:42:36,790.35,1509678
2021-06-22 09:42:37,790.35,1509706
2021-06-22 09:42:38,790.7,1509773
2021-06-22 09:42:39,790.35,1510801
2021-06-22 09:42:40,790.5,1510853
2021-06-22 09:42:42,790.4,1511156
2021-06-22 09:42:44,790.7,1511271
2021-06-22 09:42:45,790.7,1511431
2021-06-22 09:42:46,790.75,1511880
2021-06-22 09:42:47,790.8,1512065
2021-06-22 09:42:48,790.8,1512370
2021-06-22 09:42:49,790.35,1512470
2021-06-22 09:42:52,790.7,1512720
2021-06-22 09:42:52,790.7,1512720
2021-06-22 09:42:53,790.8,1512735
2021-06-22 09:42:54,790.75,1513040
2021-06-22 09:42:55,791.0,1513685
2021-06-22 09:42:56,790.6,1513835
2021-06-22 09:42:57,791.0,1518658
2021-06-22 09:42:58,790.8,1518696
2021-06-22 09:43:01,790.95,1519563
2021-06-22 09:43:02,791.3,1519996
2021-06-22 09:43:03,791.0,1520085
2021-06-22 09:43:04,790.6,1522174
2021-06-22 09:43:06,791.0,1522836
2021-06-22 09:43:09,791.0,1524084
2021-06-22 09:43:09,791.0,1524084
2021-06-22 09:43:10,791.0,1524322
2021-06-22 09:43:12,791.45,1527945
2021-06-22 09:43:13,791.15,1527965
2021-06-22 09:43:14,791.3,1528004
2021-06-22 09:43:15,791.3,1528025
2021-06-22 09:43:16,791.05,1528129
2021-06-22 09:43:17,791.0,1528256
2021-06-22 09:43:18,791.0,1528307
2021-06-22 09:43:19,791.2,1528477
2021-06-22 09:43:20,791.3,1528624
2021-06-22 09:43:21,791.1,1528649
2021-06-22 09:43:22,791.25,1528650
2021-06-22 09:43:23,791.25,1529465
2021-06-22 09:43:24,791.25,1529663
2021-06-22 09:43:25,791.25,1529843
2021-06-22 09:43:26,791.0,1530066
2021-06-22 09:43:28,791.2,1531508
2021-06-22 09:43:29,791.25,1532133
2021-06-22 09:43:30,791.25,1532135
2021-06-22 09:43:31,791.0,1532684
2021-06-22 09:43:32,791.0,1532686
2021-06-22 09:43:33,791.25,1533139
2021-06-22 09:43:34,791.2,1533225
2021-06-22 09:43:35,790.95,1533795
2021-06-22 09:43:36,790.7,1533918
2021-06-22 09:43:37,790.95,1534045
2021-06-22 09:43:38,791.1,1534146
2021-06-22 09:43:39,790.85,1534167
2021-06-22 09:43:40,790.8,1534207
2021-06-22 09:43:41,790.75,1534460
2021-06-22 09:43:42,790.75,1534540
2021-06-22 09:43:43,791.05,1534570
2021-06-22 09:43:45,791.15,1535235
2021-06-22 09:43:46,790.8,1535941
2021-06-22 09:43:48,791.25,1536420
2021-06-22 09:43:50,790.95,1536728
2021-06-22 09:43:51,790.65,1536769
2021-06-22 09:43:53,790.6,1538113
2021-06-22 09:43:53,790.8,1538115
2021-06-22 09:43:54,790.7,1538141
2021-06-22 09:43:55,791.0,1539101
2021-06-22 09:43:56,791.0,1539211
2021-06-22 09:43:57,790.5,1540315
2021-06-22 09:43:58,790.5,1540350
2021-06-22 09:43:59,790.6,1540470
2021-06-22 09:44:00,790.9,1541083
2021-06-22 09:44:01,790.9,1541083
2021-06-22 09:44:02,791.0,1543668
2021-06-22 09:44:04,790.7,1544246
2021-06-22 09:44:04,790.7,1544246
2021-06-22 09:44:05,790.7,1544246
2021-06-22 09:44:06,790.7,1544614
2021-06-22 09:44:07,790.7,1544636
2021-06-22 09:44:08,790.65,1544656
2021-06-22 09:44:09,790.7,1544681
2021-06-22 09:44:10,791.0,1544993
2021-06-22 09:44:11,791.0,1545033
2021-06-22 09:44:13,791.0,1546132
2021-06-22 09:44:14,790.9,1548475
2021-06-22 09:44:17,791.4,1562585
2021-06-22 09:44:18,791.4,1562959
2021-06-22 09:44:19,791.35,1564286
2021-06-22 09:44:20,791.8,1564642
2021-06-22 09:44:21,791.8,1564792
2021-06-22 09:44:22,791.45,1565358
2021-06-22 09:44:23,791.45,1565360
2021-06-22 09:44:24,791.4,1565990
2021-06-22 09:44:25,791.45,1566093
2021-06-22 09:44:26,791.5,1566183
2021-06-22 09:44:27,791.9,1566386
2021-06-22 09:44:28,791.75,1566475
2021-06-22 09:44:29,791.8,1566562
2021-06-22 09:44:30,791.35,1566663
2021-06-22 09:44:31,791.8,1566835
2021-06-22 09:44:32,791.3,1567086
2021-06-22 09:44:33,791.75,1567204
2021-06-22 09:44:34,792.4,1583149
2021-06-22 09:44:35,792.1,1583709
2021-06-22 09:44:36,791.8,1584606
2021-06-22 09:44:37,791.9,1584946
2021-06-22 09:44:38,792.45,1586945
2021-06-22 09:44:39,792.0,1587312
2021-06-22 09:44:40,792.6,1589196
2021-06-22 09:44:41,792.25,1589369
2021-06-22 09:44:42,792.35,1590589
2021-06-22 09:44:43,792.6,1590754
2021-06-22 09:44:44,792.0,1591191
2021-06-22 09:44:45,792.45,1591243
2021-06-22 09:44:46,792.6,1591564
2021-06-22 09:44:47,792.6,1592134
2021-06-22 09:44:48,792.7,1593463
2021-06-22 09:44:49,792.2,1594932
2021-06-22 09:44:50,792.25,1595022
2021-06-22 09:44:51,792.5,1595338
2021-06-22 09:44:52,792.2,1595724
2021-06-22 09:44:53,792.4,1595845
2021-06-22 09:44:54,792.4,1595851
2021-06-22 09:44:55,792.5,1596404
2021-06-22 09:44:56,792.2,1596656
2021-06-22 09:44:57,792.2,1597167
2021-06-22 09:44:58,792.2,1597927
2021-06-22 09:44:59,792.2,1599654
2021-06-22 09:45:00,792.45,1600438
2021-06-22 09:45:01,792.2,1600704
2021-06-22 09:45:04,792.05,1603536
2021-06-22 09:45:05,792.45,1603980
2021-06-22 09:45:06,792.2,1604497
2021-06-22 09:45:06,792.45,1604997
2021-06-22 09:45:08,792.2,1605242
2021-06-22 09:45:10,792.05,1606417
2021-06-22 09:45:11,792.05,1607007
2021-06-22 09:45:13,792.45,1607252
2021-06-22 09:45:15,792.4,1608201
2021-06-22 09:45:16,792.5,1609316
2021-06-22 09:45:18,792.4,1609530
2021-06-22 09:45:20,792.5,1610785
2021-06-22 09:45:22,792.4,1611342
2021-06-22 09:45:24,792.4,1612058
2021-06-22 09:45:25,792.4,1612334
2021-06-22 09:45:27,792.4,1612395
2021-06-22 09:45:28,792.0,1613198
2021-06-22 09:45:29,792.05,1613877
2021-06-22 09:45:30,792.05,1614007
2021-06-22 09:45:31,792.45,1614504
2021-06-22 09:45:32,792.45,1614834
2021-06-22 09:45:33,792.15,1614968
2021-06-22 09:45:34,792.05,1615158
2021-06-22 09:45:35,792.05,1615294
2021-06-22 09:45:36,792.45,1615452
2021-06-22 09:45:38,792.0,1616165
2021-06-22 09:45:39,792.3,1616191
2021-06-22 09:45:40,792.1,1616206
2021-06-22 09:45:41,792.4,1616347
2021-06-22 09:45:42,792.4,1616365
2021-06-22 09:45:42,792.4,1616465
2021-06-22 09:45:43,792.15,1616844
2021-06-22 09:45:44,792.15,1617116
2021-06-22 09:45:45,792.15,1617163
2021-06-22 09:45:47,792.15,1618074
2021-06-22 09:45:48,792.0,1618102
2021-06-22 09:45:49,791.65,1621885
2021-06-22 09:45:50,791.7,1621915
2021-06-22 09:45:50,791.9,1621948
2021-06-22 09:45:51,791.7,1622094
2021-06-22 09:45:53,791.7,1622302
2021-06-22 09:45:54,792.05,1622927
2021-06-22 09:45:55,792.05,1622927
2021-06-22 09:45:56,791.7,1622937
2021-06-22 09:45:57,791.7,1623292
2021-06-22 09:45:58,791.7,1623525
2021-06-22 09:45:59,791.95,1624468
2021-06-22 09:46:00,791.65,1624601
2021-06-22 09:46:01,791.65,1624701
2021-06-22 09:46:02,792.0,1625631
2021-06-22 09:46:04,791.9,1626401
2021-06-22 09:46:05,791.95,1626642
2021-06-22 09:46:05,791.65,1626919
2021-06-22 09:46:06,791.6,1626974
2021-06-22 09:46:09,791.6,1628670
2021-06-22 09:46:10,791.65,1628772
2021-06-22 09:46:11,791.65,1628828
2021-06-22 09:46:12,791.4,1629297
2021-06-22 09:46:13,791.65,1629679
2021-06-22 09:46:14,791.4,1629750
2021-06-22 09:46:15,791.8,1629846
2021-06-22 09:46:16,791.45,1630137
2021-06-22 09:46:17,791.4,1630673
2021-06-22 09:46:19,791.3,1631680
2021-06-22 09:46:21,791.3,1631935
2021-06-22 09:46:21,791.4,1632014
2021-06-22 09:46:23,791.3,1632047
2021-06-22 09:46:24,791.4,1632863
2021-06-22 09:46:27,791.6,1633904
2021-06-22 09:46:27,791.6,1633904
2021-06-22 09:46:28,791.6,1633904
2021-06-22 09:46:29,791.4,1634239
2021-06-22 09:46:30,791.2,1635739
2021-06-22 09:46:31,791.65,1636104
2021-06-22 09:46:32,791.35,1636154
2021-06-22 09:46:33,791.65,1636241
2021-06-22 09:46:35,791.5,1636371
2021-06-22 09:46:36,791.5,1636539
2021-06-22 09:46:37,791.5,1636606
2021-06-22 09:46:38,791.85,1636653
2021-06-22 09:46:39,791.55,1636841
2021-06-22 09:46:41,791.45,1637420
2021-06-22 09:46:42,791.85,1637776
2021-06-22 09:46:42,791.45,1637964
2021-06-22 09:46:44,791.8,1638189
2021-06-22 09:46:44,791.8,1638189
2021-06-22 09:46:45,791.4,1638299
2021-06-22 09:46:47,791.55,1638514
2021-06-22 09:46:47,791.55,1638514
2021-06-22 09:46:48,791.4,1638529
2021-06-22 09:46:49,791.8,1638694
2021-06-22 09:46:50,791.45,1638922
2021-06-22 09:46:51,791.95,1639810
2021-06-22 09:46:52,792.0,1640226
2021-06-22 09:46:54,792.0,1640276
2021-06-22 09:46:55,791.9,1640329
2021-06-22 09:46:57,792.35,1644347
2021-06-22 09:46:57,792.15,1644247
2021-06-22 09:46:58,792.0,1645070
2021-06-22 09:46:59,791.6,1645520
2021-06-22 09:47:01,791.95,1645976
2021-06-22 09:47:02,791.95,1645976
2021-06-22 09:47:03,791.95,1646183
2021-06-22 09:47:05,791.65,1646213
2021-06-22 09:47:06,791.65,1646224
2021-06-22 09:47:07,791.9,1646286
2021-06-22 09:47:08,791.9,1647439
2021-06-22 09:47:09,792.0,1647590
2021-06-22 09:47:11,791.95,1647720
2021-06-22 09:47:10,792.0,1647719
2021-06-22 09:47:12,792.0,1647927
2021-06-22 09:47:13,792.35,1649029
2021-06-22 09:47:14,792.0,1649215
2021-06-22 09:47:15,791.95,1649225
2021-06-22 09:47:16,791.95,1649225
2021-06-22 09:47:18,792.0,1649402
2021-06-22 09:47:19,791.95,1649442
2021-06-22 09:47:20,791.95,1649731
2021-06-22 09:47:22,791.65,1650436
2021-06-22 09:47:24,791.85,1650701
2021-06-22 09:47:26,791.65,1650853
2021-06-22 09:47:26,791.65,1650853
2021-06-22 09:47:28,791.8,1651071
2021-06-22 09:47:28,791.8,1651161
2021-06-22 09:47:29,791.45,1653329
2021-06-22 09:47:30,791.7,1653567
2021-06-22 09:47:31,791.4,1653817
2021-06-22 09:47:32,791.4,1654629
2021-06-22 09:47:33,791.55,1654734
2021-06-22 09:47:34,791.55,1654736
2021-06-22 09:47:35,791.5,1654864
2021-06-22 09:47:36,791.55,1654874
2021-06-22 09:47:37,791.4,1655349
2021-06-22 09:47:38,790.65,1663560
2021-06-22 09:47:39,790.7,1665523
2021-06-22 09:47:40,790.95,1665529
2021-06-22 09:47:41,790.95,1665529
2021-06-22 09:47:42,791.0,1665588
2021-06-22 09:47:43,790.7,1665964
2021-06-22 09:47:45,791.0,1666039
2021-06-22 09:47:46,790.7,1666107
2021-06-22 09:47:47,790.75,1666297
2021-06-22 09:47:48,791.0,1666409
2021-06-22 09:47:49,790.85,1666419
2021-06-22 09:47:50,790.75,1666454
2021-06-22 09:47:51,790.85,1666539
2021-06-22 09:47:52,790.75,1666649
2021-06-22 09:47:53,790.85,1666730
2021-06-22 09:47:54,790.85,1666875
2021-06-22 09:47:55,790.8,1666934
2021-06-22 09:47:56,790.7,1667553
2021-06-22 09:47:57,790.7,1667553
2021-06-22 09:47:58,790.85,1667886
2021-06-22 09:47:59,790.7,1668086
2021-06-22 09:48:00,790.8,1668350
2021-06-22 09:48:02,790.85,1668905
2021-06-22 09:48:03,790.75,1669155
2021-06-22 09:48:03,790.75,1669906
2021-06-22 09:48:04,790.65,1669947
2021-06-22 09:48:06,790.7,1670615
2021-06-22 09:48:08,790.7,1670849
2021-06-22 09:48:09,790.65,1671377
2021-06-22 09:48:10,790.55,1671391
2021-06-22 09:48:10,790.6,1671629
2021-06-22 09:48:11,790.65,1671634
2021-06-22 09:48:12,790.55,1671864
2021-06-22 09:48:13,790.7,1671889
2021-06-22 09:48:14,790.55,1672386
2021-06-22 09:48:15,790.7,1672517
2021-06-22 09:48:16,790.55,1672902
2021-06-22 09:48:17,790.55,1673052
2021-06-22 09:48:18,790.55,1673066
2021-06-22 09:48:19,790.55,1673151
2021-06-22 09:48:21,790.7,1673334
2021-06-22 09:48:22,790.7,1674212
2021-06-22 09:48:23,790.5,1674213
2021-06-22 09:48:25,790.5,1674238
2021-06-22 09:48:26,790.55,1674348
2021-06-22 09:48:27,790.7,1674755
2021-06-22 09:48:28,790.7,1675265
2021-06-22 09:48:29,791.0,1681109
2021-06-22 09:48:29,790.8,1681209
2021-06-22 09:48:32,791.0,1681268
2021-06-22 09:48:33,791.0,1681343
2021-06-22 09:48:34,790.8,1681500
2021-06-22 09:48:35,790.8,1681650
2021-06-22 09:48:36,791.0,1681665
2021-06-22 09:48:37,791.0,1681665
2021-06-22 09:48:38,791.0,1681698
2021-06-22 09:48:39,791.0,1681916
2021-06-22 09:48:41,790.75,1682507
2021-06-22 09:48:42,790.75,1682539
2021-06-22 09:48:44,791.0,1682848
2021-06-22 09:48:45,791.0,1683169
2021-06-22 09:48:46,790.8,1683174
2021-06-22 09:48:47,791.0,1683528
2021-06-22 09:48:48,791.0,1683729
2021-06-22 09:48:49,790.75,1684142
2021-06-22 09:48:50,791.0,1684192
2021-06-22 09:48:51,790.75,1684273
2021-06-22 09:48:55,791.0,1684873
2021-06-22 09:48:57,790.8,1684989
2021-06-22 09:48:59,790.8,1684989
2021-06-22 09:49:00,790.6,1685049
2021-06-22 09:49:01,790.6,1685049
2021-06-22 09:49:02,790.65,1685150
2021-06-22 09:49:03,790.95,1685196
2021-06-22 09:49:05,790.7,1685517
2021-06-22 09:49:06,790.65,1685767
2021-06-22 09:49:07,790.8,1686248
2021-06-22 09:49:08,791.0,1687467
2021-06-22 09:49:09,791.5,1688957
2021-06-22 09:49:10,791.2,1689250
2021-06-22 09:49:11,791.2,1689611
2021-06-22 09:49:12,791.8,1689860
2021-06-22 09:49:13,791.8,1689885
2021-06-22 09:49:14,791.75,1689895
2021-06-22 09:49:15,791.75,1689895
2021-06-22 09:49:15,791.45,1689898
2021-06-22 09:49:16,791.8,1690008
2021-06-22 09:49:17,791.8,1690202
2021-06-22 09:49:19,791.95,1690493
2021-06-22 09:49:20,791.95,1690539
2021-06-22 09:49:21,791.8,1691152
2021-06-22 09:49:22,791.95,1691739
2021-06-22 09:49:23,791.6,1691901
2021-06-22 09:49:24,791.6,1691901
2021-06-22 09:49:25,791.95,1692571
2021-06-22 09:49:26,792.1,1697299
2021-06-22 09:49:27,791.95,1697891
2021-06-22 09:49:28,791.8,1698006
2021-06-22 09:49:29,791.8,1698523
2021-06-22 09:49:30,791.85,1698628
2021-06-22 09:49:31,791.85,1698643
2021-06-22 09:49:32,791.9,1698744
2021-06-22 09:49:34,791.9,1698744
2021-06-22 09:49:35,791.9,1698824
2021-06-22 09:49:36,792.0,1699049
2021-06-22 09:49:37,791.65,1699114
2021-06-22 09:49:38,791.9,1699450
2021-06-22 09:49:39,792.0,1699455
2021-06-22 09:49:40,792.0,1699479
2021-06-22 09:49:41,791.85,1699765
2021-06-22 09:49:45,791.5,1700246
2021-06-22 09:49:45,791.5,1700246
2021-06-22 09:49:46,791.85,1700346
2021-06-22 09:49:47,791.85,1700469
2021-06-22 09:49:49,791.55,1700475
2021-06-22 09:49:51,791.85,1700532
2021-06-22 09:49:52,791.5,1701038
2021-06-22 09:49:53,791.6,1701344
2021-06-22 09:49:54,791.85,1702424
2021-06-22 09:49:55,791.85,1702424
2021-06-22 09:49:56,791.85,1703144
2021-06-22 09:49:58,791.6,1703206
2021-06-22 09:49:59,791.6,1703236
2021-06-22 09:50:00,791.9,1703315
2021-06-22 09:50:01,791.6,1704112
2021-06-22 09:50:03,791.9,1704432
2021-06-22 09:50:04,791.5,1704982
2021-06-22 09:50:06,791.5,1705132
2021-06-22 09:50:07,791.8,1705152
2021-06-22 09:50:08,791.5,1705195
2021-06-22 09:50:10,791.1,1706373
2021-06-22 09:50:11,791.35,1706388
2021-06-22 09:50:12,791.35,1706388
2021-06-22 09:50:13,791.15,1706438
2021-06-22 09:50:14,791.15,1706528
2021-06-22 09:50:15,791.15,1706528
2021-06-22 09:50:16,791.15,1707004
2021-06-22 09:50:17,791.35,1707014
2021-06-22 09:50:18,791.35,1707054
2021-06-22 09:50:19,791.15,1707104
2021-06-22 09:50:20,791.3,1707168
2021-06-22 09:50:21,791.15,1707170
2021-06-22 09:50:21,791.15,1707170
2021-06-22 09:50:22,791.15,1707400
2021-06-22 09:50:26,791.0,1709249
2021-06-22 09:50:27,791.0,1709249
2021-06-22 09:50:28,791.0,1709329
2021-06-22 09:50:29,791.0,1709429
2021-06-22 09:50:30,791.15,1709546
2021-06-22 09:50:31,791.15,1709577
2021-06-22 09:50:33,791.0,1709879
2021-06-22 09:50:34,791.0,1710370
2021-06-22 09:50:35,791.0,1710594
2021-06-22 09:50:36,791.05,1711046
2021-06-22 09:50:37,790.95,1711498
2021-06-22 09:50:38,791.0,1715200
2021-06-22 09:50:39,790.8,1715443
2021-06-22 09:50:40,790.8,1715584
2021-06-22 09:50:41,790.8,1715734
2021-06-22 09:50:42,790.8,1715734
2021-06-22 09:50:42,790.8,1715734
2021-06-22 09:50:43,790.9,1715735
2021-06-22 09:50:45,791.0,1716060
2021-06-22 09:50:46,791.15,1716568
2021-06-22 09:50:47,790.9,1716785
2021-06-22 09:50:48,790.9,1716786
2021-06-22 09:50:49,791.05,1716794
2021-06-22 09:50:50,791.05,1716794
2021-06-22 09:50:51,790.85,1717014
2021-06-22 09:50:51,791.05,1717115
2021-06-22 09:50:52,790.85,1717120
2021-06-22 09:50:53,791.0,1717122
2021-06-22 09:50:55,790.85,1717192
2021-06-22 09:50:56,790.85,1717249
2021-06-22 09:50:57,790.85,1717449
2021-06-22 09:50:58,790.85,1717449
2021-06-22 09:50:59,791.0,1717519
2021-06-22 09:51:00,790.85,1717555
2021-06-22 09:51:01,791.0,1718013
2021-06-22 09:51:03,790.8,1718190
2021-06-22 09:51:04,790.8,1718370
2021-06-22 09:51:05,790.95,1718470
2021-06-22 09:51:05,790.95,1718470
2021-06-22 09:51:06,790.95,1718470
2021-06-22 09:51:07,790.95,1718470
2021-06-22 09:51:08,790.65,1718577
2021-06-22 09:51:09,790.65,1718637
2021-06-22 09:51:10,790.7,1719087
2021-06-22 09:51:12,790.7,1719087
2021-06-22 09:51:13,790.95,1719157
2021-06-22 09:51:14,790.6,1720814
2021-06-22 09:51:15,790.6,1720857
2021-06-22 09:51:16,790.6,1720937
2021-06-22 09:51:17,790.6,1720983
2021-06-22 09:51:18,790.6,1720983
2021-06-22 09:51:19,790.6,1721248
2021-06-22 09:51:21,790.6,1721457
2021-06-22 09:51:22,790.8,1721753
2021-06-22 09:51:23,790.85,1721873
2021-06-22 09:51:24,791.0,1724122
2021-06-22 09:51:25,791.15,1724861
2021-06-22 09:51:26,791.15,1725097
2021-06-22 09:51:27,791.15,1725119
2021-06-22 09:51:28,791.1,1725269
2021-06-22 09:51:29,791.4,1725372
2021-06-22 09:51:30,791.15,1725450
2021-06-22 09:51:31,791.5,1725832
2021-06-22 09:51:32,791.5,1729248
2021-06-22 09:51:34,791.6,1730042
2021-06-22 09:51:35,791.9,1730291
2021-06-22 09:51:37,792.0,1733921
2021-06-22 09:51:38,791.7,1734023
2021-06-22 09:51:39,791.6,1734211
2021-06-22 09:51:40,791.6,1734211
2021-06-22 09:51:41,792.0,1734250
2021-06-22 09:51:42,792.0,1734285
2021-06-22 09:51:43,791.65,1734881
2021-06-22 09:51:45,792.2,1739720
2021-06-22 09:51:46,792.15,1739877
2021-06-22 09:51:47,792.2,1743171
2021-06-22 09:51:48,792.3,1743183
2021-06-22 09:51:49,792.0,1743531
2021-06-22 09:51:50,792.0,1744256
2021-06-22 09:51:51,792.0,1744256
2021-06-22 09:51:52,792.2,1745801
2021-06-22 09:51:53,792.55,1747260
2021-06-22 09:51:54,792.55,1747260
2021-06-22 09:51:55,793.4,1758099
2021-06-22 09:51:57,793.45,1760361
2021-06-22 09:51:58,793.4,1760370
2021-06-22 09:51:59,792.85,1761187
2021-06-22 09:52:00,793.25,1761359
2021-06-22 09:52:01,793.25,1761373
2021-06-22 09:52:02,793.4,1762977
2021-06-22 09:52:03,793.2,1763837
2021-06-22 09:52:04,793.4,1764095
2021-06-22 09:52:05,793.15,1764257
2021-06-22 09:52:06,793.35,1765704
2021-06-22 09:52:07,793.2,1765892
2021-06-22 09:52:08,793.35,1765903
2021-06-22 09:52:09,793.35,1765987
2021-06-22 09:52:10,793.4,1766279
2021-06-22 09:52:11,793.35,1766840
2021-06-22 09:52:12,793.15,1767074
2021-06-22 09:52:13,793.4,1767260
2021-06-22 09:52:14,793.4,1768292
2021-06-22 09:52:15,793.5,1768495
2021-06-22 09:52:16,793.3,1768736
2021-06-22 09:52:17,793.4,1768953
2021-06-22 09:52:18,793.3,1768978
2021-06-22 09:52:19,793.4,1769501
2021-06-22 09:52:20,793.4,1769785
2021-06-22 09:52:21,793.15,1770606
2021-06-22 09:52:22,793.15,1771100
2021-06-22 09:52:23,793.7,1773279
2021-06-22 09:52:24,793.4,1773335
2021-06-22 09:52:25,793.45,1773508
2021-06-22 09:52:26,793.15,1773537
2021-06-22 09:52:27,793.0,1773748
2021-06-22 09:52:28,793.15,1773873
2021-06-22 09:52:29,793.15,1774405
2021-06-22 09:52:30,793.0,1774958
2021-06-22 09:52:31,793.3,1775140
2021-06-22 09:52:32,793.3,1775376
2021-06-22 09:52:33,793.3,1775398
2021-06-22 09:52:34,793.3,1775398
2021-06-22 09:52:35,793.4,1775567
2021-06-22 09:52:36,793.15,1775932
2021-06-22 09:52:37,793.0,1776350
2021-06-22 09:52:38,793.3,1776460
2021-06-22 09:52:39,793.4,1776949
2021-06-22 09:52:40,793.4,1777180
2021-06-22 09:52:41,793.15,1777336
2021-06-22 09:52:42,793.0,1777864
2021-06-22 09:52:43,793.4,1778214
2021-06-22 09:52:44,792.75,1781032
2021-06-22 09:52:45,792.4,1782664
2021-06-22 09:52:46,792.6,1783279
2021-06-22 09:52:47,792.2,1783362
2021-06-22 09:52:48,792.65,1783663
2021-06-22 09:52:49,792.8,1783668
2021-06-22 09:52:50,793.05,1784034
2021-06-22 09:52:51,792.5,1784844
2021-06-22 09:52:52,792.85,1784859
2021-06-22 09:52:53,793.0,1785097
2021-06-22 09:52:54,792.8,1785419
2021-06-22 09:52:55,792.75,1785458
2021-06-22 09:52:56,792.8,1785588
2021-06-22 09:52:57,792.8,1785691
2021-06-22 09:52:58,793.3,1785927
2021-06-22 09:52:59,792.95,1786207
2021-06-22 09:53:00,793.3,1786213
2021-06-22 09:53:01,793.0,1786239
2021-06-22 09:53:02,793.05,1786259
2021-06-22 09:53:03,793.3,1786300
2021-06-22 09:53:04,793.4,1786588
2021-06-22 09:53:07,792.85,1788755
2021-06-22 09:53:08,793.3,1789918
2021-06-22 09:53:09,793.3,1790069
2021-06-22 09:53:10,793.3,1790119
2021-06-22 09:53:11,793.0,1790350
2021-06-22 09:53:12,793.3,1790708
2021-06-22 09:53:15,793.3,1791521
2021-06-22 09:53:17,793.4,1793803
2021-06-22 09:53:18,793.4,1794974
2021-06-22 09:53:19,793.45,1797102
2021-06-22 09:53:20,793.45,1797403
2021-06-22 09:53:21,793.6,1799220
2021-06-22 09:53:22,793.4,1799325
2021-06-22 09:53:23,793.6,1799337
2021-06-22 09:53:25,793.7,1799908
2021-06-22 09:53:27,793.7,1800379
2021-06-22 09:53:28,793.65,1801563
2021-06-22 09:53:29,793.65,1801573
2021-06-22 09:53:30,793.4,1802111
2021-06-22 09:53:32,793.75,1803236
2021-06-22 09:53:35,793.9,1806185
2021-06-22 09:53:36,793.95,1807587
2021-06-22 09:53:38,793.5,1807873
2021-06-22 09:53:39,793.95,1808083
2021-06-22 09:53:40,793.95,1808105
2021-06-22 09:53:41,793.6,1809608
2021-06-22 09:53:42,793.95,1810449
2021-06-22 09:53:43,793.95,1810750
2021-06-22 09:53:44,793.95,1811020
2021-06-22 09:53:45,793.15,1815388
2021-06-22 09:53:47,793.85,1815600
2021-06-22 09:53:47,793.85,1815600
2021-06-22 09:53:48,793.95,1816045
2021-06-22 09:53:49,793.95,1816411
2021-06-22 09:53:50,793.95,1816521
2021-06-22 09:53:51,793.8,1817036
2021-06-22 09:53:52,793.9,1817427
2021-06-22 09:53:53,793.9,1817427
2021-06-22 09:53:54,793.55,1818380
2021-06-22 09:53:55,793.5,1818454
2021-06-22 09:53:56,793.85,1818455
2021-06-22 09:53:57,793.65,1818850
2021-06-22 09:53:58,793.75,1821662
2021-06-22 09:53:59,793.7,1823178
2021-06-22 09:54:00,793.7,1823488
2021-06-22 09:54:01,793.5,1823913
2021-06-22 09:54:02,793.5,1824712
2021-06-22 09:54:03,793.25,1825263
2021-06-22 09:54:04,793.5,1825706
2021-06-22 09:54:05,793.05,1826089
2021-06-22 09:54:06,793.45,1826682
2021-06-22 09:54:07,793.45,1826883
2021-06-22 09:54:08,793.55,1827225
2021-06-22 09:54:09,793.5,1827415
2021-06-22 09:54:11,793.45,1828051
2021-06-22 09:54:12,793.45,1828176
2021-06-22 09:54:13,793.75,1828500
2021-06-22 09:54:14,793.8,1828984
2021-06-22 09:54:15,793.85,1829422
2021-06-22 09:54:16,793.2,1830622
2021-06-22 09:54:17,793.5,1830822
2021-06-22 09:54:19,793.2,1830888
2021-06-22 09:54:19,793.15,1830891
2021-06-22 09:54:20,793.6,1831018
2021-06-22 09:54:21,793.5,1831849
2021-06-22 09:54:24,793.45,1832350
2021-06-22 09:54:25,793.5,1832575
2021-06-22 09:54:26,793.5,1832581
2021-06-22 09:54:30,793.5,1833459
2021-06-22 09:54:30,793.5,1833459
2021-06-22 09:54:31,793.45,1833810
2021-06-22 09:54:32,793.25,1834055
2021-06-22 09:54:33,793.45,1834231
2021-06-22 09:54:34,793.2,1834956
2021-06-22 09:54:36,793.5,1835303
2021-06-22 09:54:36,793.5,1835303
2021-06-22 09:54:37,793.2,1835315
2021-06-22 09:54:38,793.5,1835752
2021-06-22 09:54:39,793.2,1835819
2021-06-22 09:54:41,793.5,1836160
2021-06-22 09:54:41,793.5,1836190
2021-06-22 09:54:43,793.4,1836252
2021-06-22 09:54:44,793.2,1836467
2021-06-22 09:54:45,793.2,1836494
2021-06-22 09:54:46,793.2,1836494
2021-06-22 09:54:47,793.5,1837094
2021-06-22 09:54:48,793.5,1837234
2021-06-22 09:54:49,793.4,1837394
2021-06-22 09:54:50,793.5,1837399
2021-06-22 09:54:51,793.5,1837684
2021-06-22 09:54:52,793.45,1838326
2021-06-22 09:54:53,793.35,1838346
2021-06-22 09:54:54,793.5,1838519
2021-06-22 09:54:55,793.4,1838754
2021-06-22 09:54:56,793.4,1839615
2021-06-22 09:54:57,793.4,1839873
2021-06-22 09:54:58,793.2,1839881
2021-06-22 09:54:59,793.2,1839905
2021-06-22 09:55:00,793.4,1840038
2021-06-22 09:55:01,793.5,1840457
2021-06-22 09:55:03,793.5,1840568
2021-06-22 09:55:03,793.5,1840568
2021-06-22 09:55:04,793.5,1840675
2021-06-22 09:55:05,793.4,1841510
2021-06-22 09:55:06,793.4,1841585
2021-06-22 09:55:07,793.4,1841793
2021-06-22 09:55:08,793.5,1841894
2021-06-22 09:55:09,793.4,1842150
2021-06-22 09:55:10,793.2,1842853
2021-06-22 09:55:11,793.25,1843128
2021-06-22 09:55:13,793.25,1843286
2021-06-22 09:55:13,793.4,1843316
2021-06-22 09:55:14,793.4,1843983
2021-06-22 09:55:15,793.2,1844331
2021-06-22 09:55:16,793.1,1845494
2021-06-22 09:55:17,793.35,1846033
2021-06-22 09:55:19,793.35,1846125
2021-06-22 09:55:19,793.2,1846225
2021-06-22 09:55:20,793.1,1846641
2021-06-22 09:55:21,793.05,1848161
2021-06-22 09:55:22,793.3,1849251
2021-06-22 09:55:23,793.0,1849383
2021-06-22 09:55:24,793.7,1872838
2021-06-22 09:55:25,793.9,1873216
2021-06-22 09:55:26,793.45,1873959
2021-06-22 09:55:27,793.45,1873959
2021-06-22 09:55:29,793.85,1877216
2021-06-22 09:55:30,793.85,1877523
2021-06-22 09:55:31,793.7,1877566
2021-06-22 09:55:32,793.9,1878755
2021-06-22 09:55:33,793.75,1878854
2021-06-22 09:55:34,794.45,1891621
2021-06-22 09:55:36,794.35,1893261
2021-06-22 09:55:38,794.8,1896511
2021-06-22 09:55:39,794.75,1908227
2021-06-22 09:55:40,794.9,1910001
2021-06-22 09:55:40,794.95,1911188
2021-06-22 09:55:41,794.45,1911272
2021-06-22 09:55:42,794.85,1911459
2021-06-22 09:55:43,794.55,1911553
2021-06-22 09:55:45,794.8,1911703
2021-06-22 09:55:46,794.4,1912808
2021-06-22 09:55:47,794.4,1913225
2021-06-22 09:55:48,794.2,1913897
2021-06-22 09:55:50,794.05,1914606
2021-06-22 09:55:51,794.05,1915146
2021-06-22 09:55:51,794.05,1915186
2021-06-22 09:55:52,794.4,1915710
2021-06-22 09:55:53,794.6,1916100
2021-06-22 09:55:56,794.5,1922065
2021-06-22 09:55:57,794.6,1922196
2021-06-22 09:55:58,794.35,1922616
2021-06-22 09:56:00,794.2,1922986
2021-06-22 09:56:02,794.0,1925605
2021-06-22 09:56:02,793.75,1925823
2021-06-22 09:56:03,793.5,1925911
2021-06-22 09:56:04,793.9,1926488
2021-06-22 09:56:05,794.0,1927518
2021-06-22 09:56:06,794.0,1928155
2021-06-22 09:56:08,793.65,1930495
2021-06-22 09:56:09,793.7,1930497
2021-06-22 09:56:09,794.15,1930847
2021-06-22 09:56:10,793.7,1930998
2021-06-22 09:56:11,794.0,1931097
2021-06-22 09:56:12,793.75,1931633
2021-06-22 09:56:13,794.0,1931933
2021-06-22 09:56:14,793.95,1932395
2021-06-22 09:56:15,793.95,1932598
2021-06-22 09:56:16,793.7,1932613
2021-06-22 09:56:17,794.0,1932748
2021-06-22 09:56:18,794.0,1932758
2021-06-22 09:56:19,793.75,1932973
2021-06-22 09:56:20,793.75,1933363
2021-06-22 09:56:23,793.8,1935058
2021-06-22 09:56:23,793.7,1935358
2021-06-22 09:56:25,793.45,1938985
2021-06-22 09:56:26,793.7,1939203
2021-06-22 09:56:27,793.7,1939393
2021-06-22 09:56:28,793.7,1940162
2021-06-22 09:56:29,793.7,1940809
2021-06-22 09:56:29,793.7,1940810
2021-06-22 09:56:30,793.65,1940846
2021-06-22 09:56:31,793.4,1941047
2021-06-22 09:56:32,793.65,1941322
2021-06-22 09:56:33,793.6,1941365
2021-06-22 09:56:34,793.4,1942204
2021-06-22 09:56:35,793.5,1942427
2021-06-22 09:56:36,793.4,1942632
2021-06-22 09:56:37,793.4,1943046
2021-06-22 09:56:39,793.35,1944477
2021-06-22 09:56:40,793.5,1944638
2021-06-22 09:56:41,793.35,1944890
2021-06-22 09:56:41,793.35,1944996
2021-06-22 09:56:42,793.5,1945297
2021-06-22 09:56:45,793.5,1945519
2021-06-22 09:56:46,793.1,1946096
2021-06-22 09:56:47,793.35,1946667
2021-06-22 09:56:48,793.1,1947787
2021-06-22 09:56:49,793.45,1947789
2021-06-22 09:56:50,793.5,1948753
2021-06-22 09:56:52,793.05,1950190
2021-06-22 09:56:53,793.05,1950465
2021-06-22 09:56:54,793.05,1951561
2021-06-22 09:56:54,793.25,1952536
2021-06-22 09:56:55,793.0,1955942
2021-06-22 09:56:56,793.05,1956420
2021-06-22 09:56:57,792.9,1956683
2021-06-22 09:56:59,792.95,1956991
2021-06-22 09:57:00,792.95,1957300
2021-06-22 09:57:00,792.95,1957300
2021-06-22 09:57:01,792.9,1958400
2021-06-22 09:57:02,792.95,1959045
2021-06-22 09:57:03,792.7,1959435
2021-06-22 09:57:05,793.0,1959750
2021-06-22 09:57:06,792.7,1960045
2021-06-22 09:57:07,792.7,1960386
2021-06-22 09:57:08,792.7,1960420
2021-06-22 09:57:09,792.95,1960702
2021-06-22 09:57:10,792.7,1961012
2021-06-22 09:57:11,793.0,1961737
2021-06-22 09:57:12,793.0,1961987
2021-06-22 09:57:13,792.75,1962158
2021-06-22 09:57:15,792.75,1962301
2021-06-22 09:57:16,792.85,1962514
2021-06-22 09:57:17,792.7,1962614
2021-06-22 09:57:18,793.0,1963607
2021-06-22 09:57:18,793.0,1962724
2021-06-22 09:57:19,792.7,1964614
2021-06-22 09:57:20,792.95,1964778
2021-06-22 09:57:21,793.0,1966165
2021-06-22 09:57:23,793.0,1966332
2021-06-22 09:57:24,792.75,1966745
2021-06-22 09:57:24,792.75,1966745
2021-06-22 09:57:25,792.75,1966795
2021-06-22 09:57:26,793.0,1966945
2021-06-22 09:57:27,792.9,1967171
2021-06-22 09:57:28,792.9,1967171
2021-06-22 09:57:29,793.1,1968845
2021-06-22 09:57:31,793.25,1968886
2021-06-22 09:57:32,793.0,1969139
2021-06-22 09:57:32,793.2,1968939
2021-06-22 09:57:33,793.0,1969299
2021-06-22 09:57:34,792.8,1971805
2021-06-22 09:57:35,792.8,1971805
2021-06-22 09:57:36,793.25,1972031
2021-06-22 09:57:38,793.25,1972151
2021-06-22 09:57:39,793.1,1972294
2021-06-22 09:57:40,793.1,1973651
2021-06-22 09:57:41,793.1,1973654
2021-06-22 09:57:42,793.15,1973979
2021-06-22 09:57:42,793.15,1973979
2021-06-22 09:57:43,793.1,1974024
2021-06-22 09:57:44,793.6,1975067
2021-06-22 09:57:46,793.1,1975689
2021-06-22 09:57:47,793.6,1975719
2021-06-22 09:57:48,793.25,1975945
2021-06-22 09:57:49,793.6,1975976
2021-06-22 09:57:50,793.6,1976098
2021-06-22 09:57:51,793.6,1976098
2021-06-22 09:57:52,793.6,1976098
2021-06-22 09:57:53,793.5,1976229
2021-06-22 09:57:55,793.65,1976284
2021-06-22 09:57:55,793.6,1976289
2021-06-22 09:57:57,793.5,1976311
2021-06-22 09:57:57,793.6,1976344
2021-06-22 09:57:59,793.8,1976645
2021-06-22 09:58:00,793.65,1978730
2021-06-22 09:58:01,793.7,1978798
2021-06-22 09:58:01,793.65,1978752
2021-06-22 09:58:02,794.0,1978819
2021-06-22 09:58:04,793.6,1978894
2021-06-22 09:58:05,793.65,1978928
2021-06-22 09:58:06,793.6,1979188
2021-06-22 09:58:07,793.8,1979206
2021-06-22 09:58:08,793.8,1979264
2021-06-22 09:58:09,793.5,1979695
2021-06-22 09:58:10,793.65,1981559
2021-06-22 09:58:11,793.45,1982123
2021-06-22 09:58:12,793.6,1982138
2021-06-22 09:58:12,793.6,1982138
2021-06-22 09:58:13,793.35,1982349
2021-06-22 09:58:14,793.55,1983089
2021-06-22 09:58:16,793.55,1983119
2021-06-22 09:58:17,793.3,1983268
2021-06-22 09:58:18,793.1,1984047
2021-06-22 09:58:19,793.1,1984222
2021-06-22 09:58:20,792.7,1996196
2021-06-22 09:58:20,792.95,1996251
2021-06-22 09:58:21,792.75,1996306
2021-06-22 09:58:23,792.75,1996516
2021-06-22 09:58:24,793.0,1996791
2021-06-22 09:58:25,793.05,1997171
2021-06-22 09:58:26,792.95,1997177
2021-06-22 09:58:26,792.95,1997177
2021-06-22 09:58:27,792.9,1997371
2021-06-22 09:58:28,793.4,2004371
2021-06-22 09:58:29,793.1,2004386
2021-06-22 09:58:30,792.8,2004444
2021-06-22 09:58:32,792.7,2006502
2021-06-22 09:58:33,793.0,2006552
2021-06-22 09:58:34,792.7,2006802
2021-06-22 09:58:35,792.75,2007183
2021-06-22 09:58:35,792.7,2007566
2021-06-22 09:58:37,792.7,2009468
2021-06-22 09:58:39,792.7,2009570
2021-06-22 09:58:40,792.65,2009590
2021-06-22 09:58:41,792.5,2010518
2021-06-22 09:58:42,792.55,2010987
2021-06-22 09:58:43,792.65,2012393
2021-06-22 09:58:44,792.55,2013226
2021-06-22 09:58:45,792.55,2013247
2021-06-22 09:58:45,792.75,2014608
2021-06-22 09:58:46,792.25,2015107
2021-06-22 09:58:49,792.35,2019700
2021-06-22 09:58:50,792.5,2019850
2021-06-22 09:58:51,792.3,2020556
2021-06-22 09:58:52,792.4,2020881
2021-06-22 09:58:53,792.4,2021001
2021-06-22 09:58:54,792.3,2021183
2021-06-22 09:58:55,792.05,2021720
2021-06-22 09:58:56,792.0,2022611
2021-06-22 09:58:56,792.0,2022611
2021-06-22 09:58:57,792.4,2023041
2021-06-22 09:58:58,792.05,2023094
2021-06-22 09:58:59,792.05,2023349
2021-06-22 09:59:01,792.25,2023385
2021-06-22 09:59:02,792.1,2024234
2021-06-22 09:59:03,792.05,2024882
2021-06-22 09:59:04,792.05,2025002
2021-06-22 09:59:05,792.05,2025042
2021-06-22 09:59:07,792.05,2025280
2021-06-22 09:59:08,792.05,2025315
2021-06-22 09:59:08,792.0,2026114
2021-06-22 09:59:10,791.6,2031296
2021-06-22 09:59:11,791.8,2031435
2021-06-22 09:59:12,792.0,2031651
2021-06-22 09:59:13,791.8,2031761
2021-06-22 09:59:13,792.0,2031861
2021-06-22 09:59:14,792.05,2032147
2021-06-22 09:59:15,791.95,2032706
2021-06-22 09:59:16,791.75,2033541
2021-06-22 09:59:17,791.95,2033691
2021-06-22 09:59:19,792.0,2034179
2021-06-22 09:59:20,792.0,2034192
2021-06-22 09:59:21,791.65,2034367
2021-06-22 09:59:22,792.0,2034417
2021-06-22 09:59:23,791.8,2034545
2021-06-22 09:59:24,791.65,2034584
2021-06-22 09:59:24,791.7,2034684
2021-06-22 09:59:25,792.0,2034715
2021-06-22 09:59:27,791.7,2034885
2021-06-22 09:59:28,791.65,2035514
2021-06-22 09:59:29,791.65,2036189
2021-06-22 09:59:30,791.65,2036262
2021-06-22 09:59:30,791.65,2036262
2021-06-22 09:59:31,791.65,2036476
2021-06-22 09:59:32,791.65,2036754
2021-06-22 09:59:34,791.9,2037004
2021-06-22 09:59:36,791.75,2039855
2021-06-22 09:59:37,792.0,2039865
2021-06-22 09:59:38,791.7,2040070
2021-06-22 09:59:38,791.7,2040319
2021-06-22 09:59:39,791.7,2040369
2021-06-22 09:59:41,791.75,2040895
2021-06-22 09:59:42,791.7,2041116
2021-06-22 09:59:43,791.7,2041116
2021-06-22 09:59:45,792.2,2044284
2021-06-22 09:59:46,791.95,2044909
2021-06-22 09:59:47,792.0,2044934
2021-06-22 09:59:49,792.2,2044948
2021-06-22 09:59:49,792.0,2044958
2021-06-22 09:59:52,792.1,2045452
2021-06-22 09:59:53,791.8,2045492
2021-06-22 09:59:54,792.3,2048397
2021-06-22 09:59:55,792.0,2048802
2021-06-22 09:59:56,792.15,2048893
2021-06-22 09:59:56,792.15,2048893
2021-06-22 09:59:58,792.15,2048893
2021-06-22 09:59:59,792.0,2048912
2021-06-22 10:00:00,792.0,2049152
2021-06-22 10:00:01,792.0,2049230
2021-06-22 10:00:02,791.8,2049236
2021-06-22 10:00:02,791.8,2049236
2021-06-22 10:00:03,792.0,2049291
2021-06-22 10:00:05,791.9,2049299
2021-06-22 10:00:06,791.9,2049299
2021-06-22 10:00:07,791.9,2050128
2021-06-22 10:00:08,791.8,2050442
2021-06-22 10:00:09,791.95,2052175
2021-06-22 10:00:10,791.9,2052245
2021-06-22 10:00:10,792.5,2053147
2021-06-22 10:00:12,792.1,2053268
2021-06-22 10:00:13,792.1,2053268
2021-06-22 10:00:14,792.1,2053268
2021-06-22 10:00:15,792.4,2053623
2021-06-22 10:00:15,792.4,2053623
2021-06-22 10:00:16,792.2,2053633
2021-06-22 10:00:18,792.0,2054010
2021-06-22 10:00:19,792.0,2054110
2021-06-22 10:00:20,792.2,2054462
2021-06-22 10:00:21,792.2,2054597
2021-06-22 10:00:22,791.9,2054647
2021-06-22 10:00:23,792.2,2054916
2021-06-22 10:00:24,792.2,2054920
2021-06-22 10:00:24,792.2,2054920
2021-06-22 10:00:25,791.85,2055150
2021-06-22 10:00:27,792.2,2055160
2021-06-22 10:00:28,792.0,2055174
2021-06-22 10:00:29,791.8,2055744
2021-06-22 10:00:30,792.3,2056373
2021-06-22 10:00:31,791.85,2056493
2021-06-22 10:00:32,792.1,2056498
2021-06-22 10:00:33,792.1,2056498
2021-06-22 10:00:34,791.8,2056892
2021-06-22 10:00:35,791.8,2056944
2021-06-22 10:00:36,791.85,2057542
2021-06-22 10:00:36,791.55,2059634
2021-06-22 10:00:38,791.55,2060934
2021-06-22 10:00:39,791.35,2061496
2021-06-22 10:00:40,791.65,2062061
2021-06-22 10:00:41,791.5,2062150
2021-06-22 10:00:42,791.85,2062300
2021-06-22 10:00:43,791.4,2063279
2021-06-22 10:00:45,791.4,2063739
2021-06-22 10:00:46,791.6,2063896
2021-06-22 10:00:47,791.5,2064380
2021-06-22 10:00:48,791.45,2064526
2021-06-22 10:00:49,791.4,2064719
2021-06-22 10:00:49,791.4,2064719
2021-06-22 10:00:50,791.6,2064786
2021-06-22 10:00:52,791.55,2065073
2021-06-22 10:00:53,791.4,2065285
2021-06-22 10:00:54,791.6,2065489
2021-06-22 10:00:55,791.6,2065549
2021-06-22 10:00:56,791.6,2065560
2021-06-22 10:00:56,791.85,2065760
2021-06-22 10:00:57,791.8,2065795
2021-06-22 10:00:59,792.4,2067637
2021-06-22 10:01:00,792.0,2067737
2021-06-22 10:01:01,792.2,2067786
2021-06-22 10:01:02,792.0,2067906
2021-06-22 10:01:03,792.3,2068141
2021-06-22 10:01:04,792.35,2068205
2021-06-22 10:01:04,792.2,2068307
2021-06-22 10:01:06,792.6,2072509
2021-06-22 10:01:07,792.6,2072509
2021-06-22 10:01:08,792.85,2073760
2021-06-22 10:01:09,792.8,2074188
2021-06-22 10:01:10,792.5,2074340
2021-06-22 10:01:11,792.8,2074460
2021-06-22 10:01:13,792.7,2074511
2021-06-22 10:01:15,792.65,2075073
2021-06-22 10:01:16,792.55,2075222
2021-06-22 10:01:17,792.8,2075457
2021-06-22 10:01:18,792.85,2075657
2021-06-22 10:01:19,792.8,2075772
2021-06-22 10:01:20,792.8,2076534
2021-06-22 10:01:20,792.8,2076534
2021-06-22 10:01:22,792.75,2076796
2021-06-22 10:01:23,792.55,2076812
2021-06-22 10:01:24,792.8,2077110
2021-06-22 10:01:25,792.55,2077232
2021-06-22 10:01:25,792.55,2078338
2021-06-22 10:01:26,792.55,2078943
2021-06-22 10:01:28,792.4,2079189
2021-06-22 10:01:30,792.4,2079259
2021-06-22 10:01:31,792.35,2079372
2021-06-22 10:01:32,792.25,2079374
2021-06-22 10:01:33,792.45,2079379
2021-06-22 10:01:33,792.2,2081116
2021-06-22 10:01:35,792.15,2081580
2021-06-22 10:01:36,791.85,2082108
2021-06-22 10:01:37,792.15,2082178
2021-06-22 10:01:39,791.8,2082279
2021-06-22 10:01:40,791.8,2082279
2021-06-22 10:01:41,791.8,2082291
2021-06-22 10:01:42,792.15,2082325
2021-06-22 10:01:43,792.0,2082442
2021-06-22 10:01:44,792.0,2082443
2021-06-22 10:01:46,791.95,2085917
2021-06-22 10:01:47,791.9,2086399
2021-06-22 10:01:48,791.9,2086530
2021-06-22 10:01:49,791.9,2086550
2021-06-22 10:01:50,791.85,2087109
2021-06-22 10:01:51,791.9,2087176
2021-06-22 10:01:52,791.6,2088001
2021-06-22 10:01:53,791.7,2088044
2021-06-22 10:01:55,791.35,2091378
2021-06-22 10:01:56,791.65,2091388
2021-06-22 10:01:57,792.2,2096232
2021-06-22 10:01:58,792.2,2096232
2021-06-22 10:01:59,792.45,2096242
2021-06-22 10:02:00,792.45,2096262
2021-06-22 10:02:01,792.15,2096408
2021-06-22 10:02:02,792.15,2096463
2021-06-22 10:02:03,792.05,2096721
2021-06-22 10:02:04,792.05,2096866
2021-06-22 10:02:05,792.2,2096966
2021-06-22 10:02:06,792.2,2096966
2021-06-22 10:02:07,792.0,2097703
2021-06-22 10:02:08,792.0,2098677
2021-06-22 10:02:09,792.15,2099183
2021-06-22 10:02:10,792.1,2100283
2021-06-22 10:02:11,792.4,2100294
2021-06-22 10:02:12,792.1,2100295
2021-06-22 10:02:13,792.1,2100310
2021-06-22 10:02:14,792.1,2100360
2021-06-22 10:02:15,792.1,2100360
2021-06-22 10:02:16,792.25,2100401
2021-06-22 10:02:17,792.15,2100483
2021-06-22 10:02:19,792.8,2102375
2021-06-22 10:02:20,792.3,2103851
2021-06-22 10:02:21,792.85,2104151
2021-06-22 10:02:23,792.5,2104713
2021-06-22 10:02:24,792.55,2104775
2021-06-22 10:02:25,792.8,2104801
2021-06-22 10:02:26,792.55,2105041
2021-06-22 10:02:27,792.55,2105773
2021-06-22 10:02:28,792.55,2105773
2021-06-22 10:02:30,792.95,2105964
2021-06-22 10:02:32,792.8,2106304
2021-06-22 10:02:33,792.95,2106379
2021-06-22 10:02:34,792.6,2107763
2021-06-22 10:02:35,792.6,2107783
2021-06-22 10:02:36,792.8,2110635
2021-06-22 10:02:37,792.8,2110635
2021-06-22 10:02:38,793.2,2110777
2021-06-22 10:02:39,793.0,2111178
2021-06-22 10:02:40,793.15,2111843
2021-06-22 10:02:41,793.2,2112541
2021-06-22 10:02:42,793.0,2112829
2021-06-22 10:02:43,792.7,2112840
2021-06-22 10:02:44,792.7,2112840
2021-06-22 10:02:46,792.5,2115319
2021-06-22 10:02:45,792.5,2115319
2021-06-22 10:02:47,792.8,2115400
2021-06-22 10:02:48,792.8,2115400
2021-06-22 10:02:50,793.1,2115708
2021-06-22 10:02:51,793.1,2115758
2021-06-22 10:02:52,792.9,2116308
2021-06-22 10:02:53,793.0,2116408
2021-06-22 10:02:55,793.0,2116408
2021-06-22 10:02:56,793.05,2116519
2021-06-22 10:02:57,793.05,2116559
2021-06-22 10:02:58,793.05,2116570
2021-06-22 10:02:59,792.8,2117864
2021-06-22 10:03:01,793.05,2118436
2021-06-22 10:03:03,793.0,2118579
2021-06-22 10:03:04,793.0,2118579
2021-06-22 10:03:05,792.55,2120524
2021-06-22 10:03:06,792.5,2120729
2021-06-22 10:03:07,792.5,2120729
2021-06-22 10:03:09,792.55,2120839
2021-06-22 10:03:10,792.5,2121678
2021-06-22 10:03:11,792.5,2121693
2021-06-22 10:03:12,792.8,2122038
2021-06-22 10:03:13,792.5,2122125
2021-06-22 10:03:15,792.95,2122255
2021-06-22 10:03:16,792.95,2122255
2021-06-22 10:03:17,792.65,2122402
2021-06-22 10:03:18,792.6,2122676
2021-06-22 10:03:19,792.6,2122976
2021-06-22 10:03:20,792.6,2123095
2021-06-22 10:03:22,792.7,2123431
2021-06-22 10:03:24,792.6,2123469
2021-06-22 10:03:23,792.7,2123431
2021-06-22 10:03:25,792.8,2123604
2021-06-22 10:03:26,792.6,2123614
2021-06-22 10:03:27,792.6,2123614
2021-06-22 10:03:29,792.7,2123840
2021-06-22 10:03:28,792.6,2123823
2021-06-22 10:03:33,792.8,2124112
2021-06-22 10:03:34,792.8,2124151
2021-06-22 10:03:35,792.85,2124359
2021-06-22 10:03:36,792.85,2124359
2021-06-22 10:03:37,792.7,2124523
2021-06-22 10:03:38,792.7,2129974
2021-06-22 10:03:39,792.7,2130250
2021-06-22 10:03:40,792.7,2130250
2021-06-22 10:03:41,792.5,2130351
2021-06-22 10:03:43,792.5,2131363
2021-06-22 10:03:44,792.7,2131588
2021-06-22 10:03:45,792.7,2131588
2021-06-22 10:03:46,792.6,2131688
2021-06-22 10:03:47,792.55,2131848
2021-06-22 10:03:48,792.5,2132122
2021-06-22 10:03:49,792.7,2132347
2021-06-22 10:03:50,792.5,2132487
2021-06-22 10:03:51,792.5,2132959
2021-06-22 10:03:53,792.55,2132986
2021-06-22 10:03:54,792.55,2132986
2021-06-22 10:03:54,792.7,2133260
2021-06-22 10:03:55,792.7,2133263
2021-06-22 10:03:56,792.5,2133720
2021-06-22 10:03:58,792.5,2133746
2021-06-22 10:03:59,792.5,2133746
2021-06-22 10:04:00,792.55,2133776
2021-06-22 10:04:02,792.5,2133986
2021-06-22 10:04:03,792.55,2136938
2021-06-22 10:04:04,792.45,2137003
2021-06-22 10:04:06,792.55,2137057
2021-06-22 10:04:07,792.5,2137082
2021-06-22 10:04:09,792.45,2137118
2021-06-22 10:04:09,792.45,2137343
2021-06-22 10:04:10,792.4,2137481
2021-06-22 10:04:11,792.5,2137616
2021-06-22 10:04:12,792.45,2137654
2021-06-22 10:04:13,792.45,2137654
2021-06-22 10:04:14,792.75,2138785
2021-06-22 10:04:15,793.25,2146614
2021-06-22 10:04:16,793.25,2147710
2021-06-22 10:04:18,793.5,2148508
2021-06-22 10:04:18,793.5,2148508
2021-06-22 10:04:19,793.7,2148677
2021-06-22 10:04:20,793.8,2150222
2021-06-22 10:04:22,793.8,2150787
2021-06-22 10:04:23,793.95,2151458
2021-06-22 10:04:25,793.65,2157590
2021-06-22 10:04:26,793.95,2157633
2021-06-22 10:04:27,793.65,2157696
2021-06-22 10:04:28,793.6,2157856
2021-06-22 10:04:29,793.5,2158675
2021-06-22 10:04:30,793.65,2158676
2021-06-22 10:04:31,793.5,2158928
2021-06-22 10:04:32,793.95,2159323
2021-06-22 10:04:34,793.9,2159550
2021-06-22 10:04:34,793.95,2159631
2021-06-22 10:04:35,793.9,2159856
2021-06-22 10:04:36,793.55,2159895
2021-06-22 10:04:37,793.95,2160626
2021-06-22 10:04:38,793.65,2160644
2021-06-22 10:04:40,793.9,2161383
2021-06-22 10:04:42,793.9,2161384
2021-06-22 10:04:42,793.9,2161384
2021-06-22 10:04:43,793.95,2161855
2021-06-22 10:04:44,793.7,2162090
2021-06-22 10:04:45,793.85,2162920
2021-06-22 10:04:46,793.8,2163265
2021-06-22 10:04:47,793.5,2163315
2021-06-22 10:04:48,793.8,2163341
2021-06-22 10:04:49,793.8,2163886
2021-06-22 10:04:50,793.75,2164387
2021-06-22 10:04:51,793.5,2164959
2021-06-22 10:04:52,793.7,2165094
2021-06-22 10:04:54,793.55,2166403
2021-06-22 10:04:55,793.4,2166721
2021-06-22 10:04:56,793.4,2166721
2021-06-22 10:04:57,793.05,2167458
2021-06-22 10:04:58,793.05,2167761
2021-06-22 10:04:59,792.85,2169071
2021-06-22 10:05:00,793.35,2169186
2021-06-22 10:05:02,793.15,2169476
2021-06-22 10:05:02,793.15,2169476
2021-06-22 10:05:03,792.9,2169587
2021-06-22 10:05:04,793.05,2169743
2021-06-22 10:05:05,793.15,2169903
2021-06-22 10:05:06,793.35,2171992
2021-06-22 10:05:07,793.05,2172002
2021-06-22 10:05:08,793.0,2172014
2021-06-22 10:05:09,792.95,2172043
2021-06-22 10:05:11,792.85,2172746
2021-06-22 10:05:11,792.7,2172395
2021-06-22 10:05:12,792.8,2172835
2021-06-22 10:05:13,793.0,2174329
2021-06-22 10:05:14,793.05,2174594
2021-06-22 10:05:15,793.05,2174759
2021-06-22 10:05:16,793.3,2174765
2021-06-22 10:05:18,793.3,2174765
2021-06-22 10:05:19,793.35,2174999
2021-06-22 10:05:20,793.35,2174999
2021-06-22 10:05:21,792.9,2175612
2021-06-22 10:05:22,792.7,2176683
2021-06-22 10:05:23,793.05,2177095
2021-06-22 10:05:24,793.05,2177095
2021-06-22 10:05:25,793.35,2177147
2021-06-22 10:05:27,793.1,2177407
2021-06-22 10:05:27,793.1,2177407
2021-06-22 10:05:28,793.05,2177507
2021-06-22 10:05:29,793.05,2177518
2021-06-22 10:05:30,792.55,2177993
2021-06-22 10:05:31,792.7,2178606
2021-06-22 10:05:32,792.5,2178627
2021-06-22 10:05:33,792.75,2178637
2021-06-22 10:05:34,792.9,2179028
2021-06-22 10:05:35,792.5,2179045
2021-06-22 10:05:36,792.8,2179065
2021-06-22 10:05:38,792.8,2179081
2021-06-22 10:05:38,792.8,2179081
2021-06-22 10:05:39,792.75,2179096
2021-06-22 10:05:40,792.5,2179180
2021-06-22 10:05:41,792.35,2181298
2021-06-22 10:05:43,792.5,2181473
2021-06-22 10:05:45,792.35,2181628
2021-06-22 10:05:46,792.7,2182382
2021-06-22 10:05:47,792.5,2182397
2021-06-22 10:05:48,792.2,2183062
2021-06-22 10:05:49,792.35,2183115
2021-06-22 10:05:50,792.65,2183315
2021-06-22 10:05:51,792.4,2183409
2021-06-22 10:05:52,792.4,2183569
2021-06-22 10:05:53,792.2,2184351
2021-06-22 10:05:55,792.7,2185371
2021-06-22 10:05:56,792.4,2185447
2021-06-22 10:05:57,792.5,2185537
2021-06-22 10:05:58,792.2,2185587
2021-06-22 10:05:59,792.4,2185612
2021-06-22 10:06:00,792.4,2186236
2021-06-22 10:06:01,792.45,2186246
2021-06-22 10:06:02,792.3,2186248
2021-06-22 10:06:03,792.2,2186300
2021-06-22 10:06:05,792.3,2186443
2021-06-22 10:06:06,792.35,2186589
2021-06-22 10:06:06,792.5,2186609
2021-06-22 10:06:07,792.5,2186739
2021-06-22 10:06:09,792.3,2187012
2021-06-22 10:06:10,792.3,2187069
2021-06-22 10:06:11,792.35,2187117
2021-06-22 10:06:12,792.35,2187144
2021-06-22 10:06:13,792.35,2187145
2021-06-22 10:06:14,792.35,2187714
2021-06-22 10:06:15,792.35,2187772
2021-06-22 10:06:16,792.35,2187902
2021-06-22 10:06:17,792.4,2188230
2021-06-22 10:06:18,792.5,2188345
2021-06-22 10:06:19,792.3,2188363
2021-06-22 10:06:20,792.5,2188903
2021-06-22 10:06:21,792.35,2188922
2021-06-22 10:06:22,792.35,2188983
2021-06-22 10:06:23,792.35,2188998
2021-06-22 10:06:24,792.35,2188998
2021-06-22 10:06:25,792.35,2188998
2021-06-22 10:06:26,792.5,2189124
2021-06-22 10:06:28,792.4,2189203
2021-06-22 10:06:29,792.4,2189203
2021-06-22 10:06:31,792.4,2189293
2021-06-22 10:06:33,792.4,2189500
2021-06-22 10:06:34,792.4,2190141
2021-06-22 10:06:36,792.45,2190171
2021-06-22 10:06:37,792.4,2190471
2021-06-22 10:06:38,792.5,2190591
2021-06-22 10:06:39,792.6,2190671
2021-06-22 10:06:41,792.4,2191454
2021-06-22 10:06:43,792.7,2192133
2021-06-22 10:06:44,792.4,2192333
2021-06-22 10:06:45,792.8,2192339
2021-06-22 10:06:46,792.7,2192667
2021-06-22 10:06:47,792.4,2192926
2021-06-22 10:06:48,792.35,2194620
2021-06-22 10:06:49,792.35,2194620
2021-06-22 10:06:50,792.35,2194672
2021-06-22 10:06:51,792.55,2195197
2021-06-22 10:06:52,792.45,2195231
2021-06-22 10:06:54,792.4,2195632
2021-06-22 10:06:55,792.35,2195656
2021-06-22 10:06:56,792.35,2195725
2021-06-22 10:06:57,792.5,2195925
2021-06-22 10:06:58,792.5,2196313
2021-06-22 10:06:59,792.5,2196313
2021-06-22 10:07:00,792.5,2196570
2021-06-22 10:07:01,792.5,2196570
2021-06-22 10:07:02,792.5,2196820
2021-06-22 10:07:04,792.7,2196832
2021-06-22 10:07:05,792.6,2196882
2021-06-22 10:07:06,792.35,2198332
2021-06-22 10:07:07,792.35,2198380
2021-06-22 10:07:09,792.65,2198430
2021-06-22 10:07:11,792.65,2198430
2021-06-22 10:07:12,792.4,2198584
2021-06-22 10:07:12,792.5,2198594
2021-06-22 10:07:13,792.5,2198604
2021-06-22 10:07:14,792.7,2198668
2021-06-22 10:07:15,792.7,2198839
2021-06-22 10:07:16,792.65,2198845
2021-06-22 10:07:18,792.4,2199416
2021-06-22 10:07:19,792.4,2199439
2021-06-22 10:07:21,792.4,2199439
2021-06-22 10:07:22,792.35,2199594
2021-06-22 10:07:23,792.35,2199833
2021-06-22 10:07:24,792.55,2199949
2021-06-22 10:07:25,792.55,2199959
2021-06-22 10:07:26,792.5,2200077
2021-06-22 10:07:29,792.5,2202108
2021-06-22 10:07:29,792.5,2202108
2021-06-22 10:07:30,792.5,2202130
2021-06-22 10:07:31,792.5,2202130
2021-06-22 10:07:33,792.6,2202206
2021-06-22 10:07:33,792.55,2202207
2021-06-22 10:07:35,792.55,2202430
2021-06-22 10:07:36,792.5,2202437
2021-06-22 10:07:37,792.5,2202455
2021-06-22 10:07:38,792.65,2202730
2021-06-22 10:07:39,792.65,2202730
2021-06-22 10:07:40,792.55,2203173
2021-06-22 10:07:40,792.6,2203203
2021-06-22 10:07:42,792.65,2203328
2021-06-22 10:07:43,792.6,2203391
2021-06-22 10:07:45,792.55,2203484
2021-06-22 10:07:46,792.5,2204106
2021-06-22 10:07:47,792.6,2204107
2021-06-22 10:07:50,792.6,2204787
2021-06-22 10:07:51,792.6,2204879
2021-06-22 10:07:52,792.5,2205110
2021-06-22 10:07:53,792.6,2205170
2021-06-22 10:07:54,792.5,2205522
2021-06-22 10:07:55,792.6,2205533
2021-06-22 10:07:55,792.6,2205533
2021-06-22 10:07:56,792.6,2205733
2021-06-22 10:07:57,792.5,2206011
2021-06-22 10:07:58,792.5,2206131
2021-06-22 10:07:59,792.5,2206182
2021-06-22 10:08:00,792.5,2206396
2021-06-22 10:08:02,792.5,2206396
2021-06-22 10:08:03,792.6,2206416
2021-06-22 10:08:04,792.6,2207526
2021-06-22 10:08:04,792.6,2207526
2021-06-22 10:08:05,792.5,2207586
2021-06-22 10:08:06,792.6,2207686
2021-06-22 10:08:08,792.55,2208794
2021-06-22 10:08:09,792.6,2209114
2021-06-22 10:08:10,792.55,2209244
2021-06-22 10:08:11,792.45,2210249
2021-06-22 10:08:12,792.5,2210299
2021-06-22 10:08:13,792.45,2210432
2021-06-22 10:08:13,792.45,2210432
2021-06-22 10:08:15,792.45,2210646
2021-06-22 10:08:17,792.6,2211461
2021-06-22 10:08:18,792.4,2211716
2021-06-22 10:08:19,792.4,2211716
2021-06-22 10:08:20,792.6,2211738
2021-06-22 10:08:21,792.6,2211788
2021-06-22 10:08:22,792.35,2212453
2021-06-22 10:08:23,792.2,2215879
2021-06-22 10:08:23,792.2,2215879
2021-06-22 10:08:24,792.25,2216020
2021-06-22 10:08:25,792.1,2216130
2021-06-22 10:08:26,792.1,2216343
2021-06-22 10:08:27,792.25,2216918
2021-06-22 10:08:29,792.1,2217040
2021-06-22 10:08:30,792.1,2217198
2021-06-22 10:08:31,791.65,2224236
2021-06-22 10:08:32,791.65,2224841
2021-06-22 10:08:33,791.65,2224851
2021-06-22 10:08:33,791.65,2224879
2021-06-22 10:08:35,791.65,2224987
2021-06-22 10:08:36,791.7,2225227
2021-06-22 10:08:37,792.05,2225337
2021-06-22 10:08:38,791.8,2225423
2021-06-22 10:08:39,791.75,2226135
2021-06-22 10:08:40,791.75,2226135
2021-06-22 10:08:41,791.8,2226139
2021-06-22 10:08:42,791.75,2226580
2021-06-22 10:08:42,791.75,2226580
2021-06-22 10:08:43,791.75,2227255
2021-06-22 10:08:44,791.95,2227772
2021-06-22 10:08:45,791.95,2227902
2021-06-22 10:08:46,791.6,2227927
2021-06-22 10:08:47,791.6,2227942
2021-06-22 10:08:49,791.6,2227972
2021-06-22 10:08:50,791.55,2228731
2021-06-22 10:08:51,791.6,2228834
2021-06-22 10:08:52,791.6,2229050
2021-06-22 10:08:54,791.6,2229696
2021-06-22 10:08:55,791.5,2232209
2021-06-22 10:08:56,791.45,2232566
2021-06-22 10:08:57,791.5,2232610
2021-06-22 10:08:57,791.4,2232826
2021-06-22 10:08:58,791.5,2232883
2021-06-22 10:08:59,791.5,2233198
2021-06-22 10:09:00,791.5,2233450
2021-06-22 10:09:02,791.4,2233472
2021-06-22 10:09:03,791.6,2233502
2021-06-22 10:09:04,791.4,2233522
2021-06-22 10:09:05,791.4,2233522
2021-06-22 10:09:06,791.4,2233572
2021-06-22 10:09:06,791.45,2233950
2021-06-22 10:09:07,791.4,2234167
2021-06-22 10:09:08,791.35,2235616
2021-06-22 10:09:09,791.5,2237355
2021-06-22 10:09:10,791.4,2237653
2021-06-22 10:09:12,791.6,2240802
2021-06-22 10:09:13,791.4,2240859
2021-06-22 10:09:14,791.5,2241019
2021-06-22 10:09:15,791.4,2241331
2021-06-22 10:09:16,791.7,2241552
2021-06-22 10:09:16,791.7,2241552
2021-06-22 10:09:17,791.75,2242279
2021-06-22 10:09:18,791.3,2243599
2021-06-22 10:09:19,791.7,2243602
2021-06-22 10:09:21,791.3,2244353
2021-06-22 10:09:22,791.3,2244363
2021-06-22 10:09:22,791.3,2244363
2021-06-22 10:09:23,791.5,2244374
2021-06-22 10:09:25,791.3,2244524
2021-06-22 10:09:26,791.25,2245319
2021-06-22 10:09:27,791.25,2245726
2021-06-22 10:09:28,791.3,2245734
2021-06-22 10:09:29,791.25,2246124
2021-06-22 10:09:30,791.25,2246266
2021-06-22 10:09:30,791.25,2246266
2021-06-22 10:09:31,791.3,2246792
2021-06-22 10:09:32,791.3,2246854
2021-06-22 10:09:34,791.2,2247673
2021-06-22 10:09:35,791.15,2247863
2021-06-22 10:09:36,791.1,2248373
2021-06-22 10:09:37,791.1,2248554
2021-06-22 10:09:38,791.2,2248557
2021-06-22 10:09:38,791.2,2248557
2021-06-22 10:09:39,791.1,2248740
2021-06-22 10:09:40,791.15,2249408
2021-06-22 10:09:42,790.9,2258163
2021-06-22 10:09:43,790.9,2258238
2021-06-22 10:09:44,790.65,2258241
2021-06-22 10:09:45,790.65,2259232
2021-06-22 10:09:46,790.8,2260252
2021-06-22 10:09:47,790.7,2261047
2021-06-22 10:09:48,790.7,2261227
2021-06-22 10:09:49,790.7,2261294
2021-06-22 10:09:50,790.75,2261402
2021-06-22 10:09:50,791.0,2261502
2021-06-22 10:09:51,790.75,2261572
2021-06-22 10:09:52,791.1,2263532
2021-06-22 10:09:53,791.5,2265051
2021-06-22 10:09:55,791.6,2266130
2021-06-22 10:09:56,791.3,2266397
2021-06-22 10:09:57,791.35,2266554
2021-06-22 10:09:58,791.7,2266604
2021-06-22 10:09:58,791.3,2266637
2021-06-22 10:09:59,791.3,2266637
2021-06-22 10:10:00,791.6,2266657
2021-06-22 10:10:01,791.3,2266658
2021-06-22 10:10:03,791.3,2267228
2021-06-22 10:10:04,790.85,2267330
2021-06-22 10:10:05,790.8,2267436
2021-06-22 10:10:06,790.9,2267686
2021-06-22 10:10:07,791.0,2267726
2021-06-22 10:10:07,791.0,2267726
2021-06-22 10:10:08,791.0,2267826
2021-06-22 10:10:09,791.0,2267826
2021-06-22 10:10:10,790.95,2267832
2021-06-22 10:10:12,790.95,2267970
