timestamp,ltp,volume
2021-06-23 09:16:31,16558.15,0
2021-06-23 09:16:45,16562.35,0
2021-06-23 09:16:49,16568.45,0
2021-06-23 09:16:58,16569.0,0
2021-06-23 09:17:06,16570.75,0
2021-06-23 09:17:07,16570.85,0
2021-06-23 09:17:09,16570.8,0
2021-06-23 09:17:14,16568.15,0
2021-06-23 09:17:25,16559.1,0
2021-06-23 09:17:35,16554.7,0
2021-06-23 09:17:40,16547.15,0
2021-06-23 09:17:43,16546.85,0
2021-06-23 09:17:50,16549.05,0
2021-06-23 09:17:54,16546.8,0
2021-06-23 09:17:56,16546.55,0
2021-06-23 09:17:57,16544.65,0
2021-06-23 09:18:01,16546.1,0
2021-06-23 09:18:02,16546.05,0
2021-06-23 09:18:03,16544.65,0
2021-06-23 09:18:06,16542.8,0
2021-06-23 09:18:16,16540.0,0
2021-06-23 09:18:19,16541.7,0
2021-06-23 09:18:30,16545.1,0
2021-06-23 09:18:39,16540.0,0
2021-06-23 09:18:42,16539.25,0
2021-06-23 09:18:48,16539.35,0
2021-06-23 09:18:52,16536.8,0
2021-06-23 09:19:09,16517.75,0
2021-06-23 09:19:11,16523.25,0
2021-06-23 09:19:21,16526.65,0
2021-06-23 09:19:25,16529.35,0
2021-06-23 09:19:30,16527.4,0
2021-06-23 09:19:33,16525.15,0
2021-06-23 09:19:35,16522.8,0
2021-06-23 09:19:38,16523.25,0
2021-06-23 09:19:40,16524.45,0
2021-06-23 09:19:41,16526.2,0
2021-06-23 09:19:50,16527.05,0
2021-06-23 09:19:55,16525.25,0
2021-06-23 09:20:07,16527.4,0
2021-06-23 09:20:20,16528.7,0
2021-06-23 09:20:21,16529.35,0
2021-06-23 09:20:22,16529.05,0
2021-06-23 09:20:48,16535.6,0
2021-06-23 09:20:59,16528.95,0
2021-06-23 09:21:16,16516.3,0
2021-06-23 09:21:17,16517.4,0
2021-06-23 09:21:19,16520.45,0
2021-06-23 09:21:27,16517.8,0
2021-06-23 09:21:30,16518.9,0
2021-06-23 09:21:37,16518.95,0
2021-06-23 09:21:40,16521.0,0
2021-06-23 09:21:41,16520.05,0
2021-06-23 09:21:55,16515.35,0
2021-06-23 09:21:56,16514.15,0
2021-06-23 09:21:59,16513.8,0
2021-06-23 09:22:04,16510.4,0
2021-06-23 09:22:07,16506.5,0
2021-06-23 09:22:08,16508.75,0
2021-06-23 09:22:17,16507.25,0
2021-06-23 09:22:21,16503.55,0
2021-06-23 09:22:28,16507.15,0
2021-06-23 09:22:34,16507.35,0
2021-06-23 09:22:36,16509.35,0
2021-06-23 09:22:42,16511.3,0
2021-06-23 09:22:52,16510.4,0
2021-06-23 09:23:16,16500.05,0
2021-06-23 09:23:19,16500.05,0
2021-06-23 09:23:29,16495.0,0
2021-06-23 09:23:34,16496.85,0
2021-06-23 09:23:51,16493.9,0
2021-06-23 09:23:52,16494.95,0
2021-06-23 09:23:57,16496.0,0
2021-06-23 09:24:03,16500.3,0
2021-06-23 09:24:09,16499.85,0
2021-06-23 09:24:24,16508.7,0
2021-06-23 09:24:27,16510.1,0
2021-06-23 09:24:46,16507.75,0
2021-06-23 09:24:50,16509.45,0
2021-06-23 09:24:56,16515.3,0
2021-06-23 09:24:59,16514.6,0
2021-06-23 09:25:00,16512.95,0
2021-06-23 09:25:03,16514.65,0
2021-06-23 09:25:07,16515.25,0
2021-06-23 09:25:21,16527.15,0
2021-06-23 09:25:24,16527.0,0
2021-06-23 09:25:33,16530.65,0
2021-06-23 09:25:40,16533.35,0
2021-06-23 09:25:45,16536.45,0
2021-06-23 09:25:48,16535.7,0
2021-06-23 09:25:54,16536.3,0
2021-06-23 09:25:55,16535.5,0
2021-06-23 09:25:59,16533.75,0
2021-06-23 09:26:00,16534.3,0
2021-06-23 09:26:03,16537.0,0
2021-06-23 09:26:05,16537.0,0
2021-06-23 09:26:35,16543.35,0
2021-06-23 09:26:36,16543.4,0
2021-06-23 09:26:37,16543.15,0
2021-06-23 09:26:48,16543.8,0
2021-06-23 09:26:49,16543.4,0
2021-06-23 09:26:53,16542.75,0
2021-06-23 09:26:54,16542.1,0
2021-06-23 09:26:55,16543.0,0
2021-06-23 09:27:01,16542.4,0
2021-06-23 09:27:02,16542.6,0
2021-06-23 09:27:07,16542.6,0
2021-06-23 09:27:19,16538.5,0
2021-06-23 09:27:33,16542.0,0
2021-06-23 09:27:39,16540.8,0
2021-06-23 09:27:44,16540.55,0
2021-06-23 09:27:47,16542.5,0
2021-06-23 09:27:51,16539.95,0
2021-06-23 09:27:53,16542.2,0
2021-06-23 09:28:00,16543.45,0
2021-06-23 09:28:12,16545.8,0
2021-06-23 09:28:18,16545.85,0
2021-06-23 09:28:20,16547.3,0
2021-06-23 09:28:29,16549.6,0
2021-06-23 09:28:37,16551.9,0
2021-06-23 09:28:46,16551.0,0
2021-06-23 09:28:54,16544.45,0
2021-06-23 09:28:55,16542.7,0
2021-06-23 09:28:57,16543.25,0
2021-06-23 09:28:59,16543.35,0
2021-06-23 09:29:03,16542.15,0
2021-06-23 09:29:10,16541.75,0
2021-06-23 09:29:16,16540.7,0
2021-06-23 09:29:41,16535.0,0
2021-06-23 09:29:45,16532.95,0
2021-06-23 09:29:57,16524.1,0
2021-06-23 09:29:58,16523.5,0
2021-06-23 09:30:08,16526.4,0
2021-06-23 09:30:12,16526.35,0
2021-06-23 09:30:26,16512.75,0
2021-06-23 09:30:27,16511.6,0
2021-06-23 09:30:47,16514.7,0
2021-06-23 09:30:49,16514.05,0
2021-06-23 09:30:55,16511.25,0
2021-06-23 09:31:01,16512.1,0
2021-06-23 09:31:07,16511.5,0
2021-06-23 09:31:14,16506.4,0
2021-06-23 09:31:17,16504.9,0
2021-06-23 09:31:21,16512.05,0
2021-06-23 09:31:30,16515.35,0
2021-06-23 09:31:35,16516.85,0
2021-06-23 09:31:39,16517.05,0
2021-06-23 09:31:43,16513.45,0
2021-06-23 09:31:48,16510.25,0
2021-06-23 09:31:54,16507.2,0
2021-06-23 09:32:05,16509.35,0
2021-06-23 09:32:16,16511.4,0
2021-06-23 09:32:18,16512.25,0
2021-06-23 09:32:24,16514.15,0
2021-06-23 09:32:29,16516.1,0
2021-06-23 09:32:31,16515.3,0
2021-06-23 09:32:34,16517.2,0
2021-06-23 09:32:47,16522.95,0
2021-06-23 09:32:51,16521.3,0
2021-06-23 09:33:01,16515.6,0
2021-06-23 09:33:06,16513.85,0
2021-06-23 09:33:16,16514.05,0
2021-06-23 09:33:23,16518.45,0
2021-06-23 09:33:26,16517.6,0
2021-06-23 09:33:27,16517.3,0
2021-06-23 09:33:33,16516.55,0
2021-06-23 09:33:40,16517.0,0
2021-06-23 09:33:44,16517.35,0
2021-06-23 09:33:47,16517.75,0
2021-06-23 09:33:59,16519.3,0
2021-06-23 09:34:02,16517.8,0
2021-06-23 09:34:12,16513.8,0
2021-06-23 09:34:15,16515.2,0
2021-06-23 09:34:16,16515.75,0
2021-06-23 09:34:20,16516.25,0
2021-06-23 09:34:22,16517.5,0
2021-06-23 09:34:34,16518.75,0
2021-06-23 09:34:47,16513.2,0
2021-06-23 09:35:00,16510.85,0
2021-06-23 09:35:08,16509.25,0
2021-06-23 09:35:09,16510.2,0
2021-06-23 09:35:12,16507.6,0
2021-06-23 09:35:19,16506.55,0
2021-06-23 09:35:26,16505.95,0
2021-06-23 09:35:33,16506.0,0
2021-06-23 09:35:37,16509.35,0
2021-06-23 09:35:59,16514.35,0
2021-06-23 09:36:03,16516.6,0
2021-06-23 09:36:07,16516.3,0
2021-06-23 09:36:12,16514.25,0
2021-06-23 09:36:18,16510.65,0
2021-06-23 09:36:20,16511.15,0
2021-06-23 09:36:26,16509.55,0
2021-06-23 09:36:37,16509.75,0
2021-06-23 09:36:47,16510.05,0
2021-06-23 09:36:50,16513.6,0
2021-06-23 09:36:56,16514.5,0
2021-06-23 09:37:00,16515.4,0
2021-06-23 09:37:01,16515.15,0
2021-06-23 09:37:08,16516.55,0
2021-06-23 09:37:11,16516.2,0
2021-06-23 09:37:14,16517.6,0
2021-06-23 09:37:16,16516.7,0
2021-06-23 09:37:24,16520.8,0
2021-06-23 09:37:30,16522.25,0
2021-06-23 09:37:32,16522.1,0
2021-06-23 09:37:39,16522.85,0
2021-06-23 09:37:50,16520.0,0
2021-06-23 09:37:57,16521.45,0
2021-06-23 09:38:06,16523.2,0
2021-06-23 09:38:10,16525.0,0
2021-06-23 09:38:12,16525.4,0
2021-06-23 09:38:16,16525.85,0
2021-06-23 09:38:22,16525.65,0
2021-06-23 09:38:58,16521.9,0
2021-06-23 09:39:04,16525.85,0
2021-06-23 09:39:07,16526.1,0
2021-06-23 09:39:14,16527.5,0
2021-06-23 09:39:18,16526.7,0
2021-06-23 09:39:24,16530.0,0
2021-06-23 09:39:25,16529.45,0
2021-06-23 09:39:26,16531.3,0
2021-06-23 09:39:30,16535.25,0
2021-06-23 09:39:35,16536.8,0
2021-06-23 09:39:38,16535.9,0
2021-06-23 09:39:39,16536.7,0
2021-06-23 09:39:41,16536.15,0
2021-06-23 09:40:02,16539.7,0
2021-06-23 09:40:09,16539.1,0
2021-06-23 09:40:26,16534.5,0
2021-06-23 09:40:29,16535.15,0
2021-06-23 09:40:33,16535.85,0
2021-06-23 09:40:34,16535.4,0
2021-06-23 09:40:36,16536.2,0
2021-06-23 09:40:49,16536.0,0
2021-06-23 09:40:50,16535.4,0
2021-06-23 09:40:58,16537.2,0
2021-06-23 09:40:59,16536.85,0
2021-06-23 09:41:03,16535.05,0
2021-06-23 09:41:07,16535.3,0
2021-06-23 09:41:15,16534.0,0
2021-06-23 09:41:20,16535.7,0
2021-06-23 09:41:34,16539.75,0
2021-06-23 09:41:36,16541.85,0
2021-06-23 09:41:45,16541.3,0
2021-06-23 09:41:46,16542.75,0
2021-06-23 09:41:53,16542.3,0
2021-06-23 09:42:01,16541.35,0
2021-06-23 09:42:04,16540.4,0
2021-06-23 09:42:10,16539.25,0
2021-06-23 09:42:16,16539.9,0
2021-06-23 09:42:17,16539.8,0
2021-06-23 09:42:26,16539.35,0
2021-06-23 09:42:30,16540.8,0
2021-06-23 09:42:37,16541.6,0
2021-06-23 09:42:39,16542.05,0
2021-06-23 09:42:44,16541.8,0
2021-06-23 09:42:50,16541.55,0
2021-06-23 09:42:55,16541.15,0
2021-06-23 09:42:57,16541.15,0
2021-06-23 09:43:01,16540.15,0
2021-06-23 09:43:17,16536.9,0
2021-06-23 09:43:23,16537.45,0
2021-06-23 09:43:29,16537.0,0
2021-06-23 09:43:31,16539.25,0
2021-06-23 09:43:32,16539.25,0
2021-06-23 09:43:42,16536.25,0
2021-06-23 09:43:47,16537.15,0
2021-06-23 09:43:48,16536.4,0
2021-06-23 09:43:49,16535.95,0
2021-06-23 09:43:50,16537.0,0
2021-06-23 09:43:58,16533.3,0
2021-06-23 09:44:00,16533.55,0
2021-06-23 09:44:04,16531.4,0
2021-06-23 09:44:30,16533.1,0
2021-06-23 09:44:36,16533.45,0
2021-06-23 09:44:43,16534.45,0
2021-06-23 09:44:50,16535.35,0
2021-06-23 09:44:55,16535.1,0
2021-06-23 09:44:59,16534.15,0
2021-06-23 09:45:01,16534.25,0
2021-06-23 09:45:02,16533.65,0
2021-06-23 09:45:06,16532.6,0
2021-06-23 09:45:21,16516.35,0
2021-06-23 09:45:23,16515.85,0
2021-06-23 09:45:32,16523.65,0
2021-06-23 09:45:35,16521.6,0
2021-06-23 09:45:36,16522.4,0
2021-06-23 09:45:38,16521.75,0
2021-06-23 09:45:39,16520.8,0
2021-06-23 09:45:44,16516.4,0
2021-06-23 09:45:48,16520.75,0
2021-06-23 09:45:54,16518.5,0
2021-06-23 09:45:55,16519.1,0
2021-06-23 09:46:10,16514.75,0
2021-06-23 09:46:17,16514.7,0
2021-06-23 09:46:38,16513.25,0
2021-06-23 09:46:40,16516.6,0
2021-06-23 09:46:45,16515.25,0
2021-06-23 09:46:47,16515.95,0
2021-06-23 09:46:52,16512.9,0
2021-06-23 09:46:54,16512.85,0
2021-06-23 09:46:55,16511.55,0
2021-06-23 09:47:00,16509.25,0
2021-06-23 09:47:02,16510.8,0
2021-06-23 09:47:10,16503.3,0
2021-06-23 09:47:11,16505.2,0
2021-06-23 09:47:23,16506.9,0
2021-06-23 09:47:25,16507.65,0
2021-06-23 09:47:27,16506.5,0
2021-06-23 09:47:28,16507.0,0
2021-06-23 09:47:46,16505.0,0
2021-06-23 09:47:53,16505.6,0
2021-06-23 09:47:59,16506.55,0
2021-06-23 09:48:07,16505.7,0
2021-06-23 09:48:08,16505.4,0
2021-06-23 09:48:09,16504.5,0
2021-06-23 09:48:22,16508.15,0
2021-06-23 09:48:29,16513.2,0
2021-06-23 09:48:42,16513.95,0
2021-06-23 09:48:44,16513.25,0
2021-06-23 09:48:47,16512.9,0
2021-06-23 09:48:59,16508.55,0
2021-06-23 09:49:00,16508.9,0
2021-06-23 09:49:09,16510.95,0
2021-06-23 09:49:19,16511.8,0
2021-06-23 09:49:23,16511.1,0
2021-06-23 09:49:33,16509.65,0
2021-06-23 09:49:36,16510.2,0
2021-06-23 09:49:37,16510.5,0
2021-06-23 09:49:39,16509.55,0
2021-06-23 09:49:47,16511.05,0
2021-06-23 09:49:54,16511.2,0
2021-06-23 09:49:57,16511.45,0
2021-06-23 09:50:13,16508.6,0
2021-06-23 09:50:14,16509.85,0
2021-06-23 09:50:15,16509.1,0
2021-06-23 09:50:16,16508.65,0
2021-06-23 09:50:17,16508.3,0
2021-06-23 09:50:22,16508.7,0
2021-06-23 09:50:32,16506.75,0
2021-06-23 09:50:44,16505.75,0
2021-06-23 09:50:48,16506.65,0
2021-06-23 09:51:01,16504.4,0
2021-06-23 09:51:04,16504.65,0
2021-06-23 09:51:12,16506.6,0
2021-06-23 09:51:25,16511.7,0
2021-06-23 09:51:32,16511.35,0
2021-06-23 09:51:40,16511.35,0
2021-06-23 09:51:45,16510.95,0
2021-06-23 09:51:46,16510.05,0
2021-06-23 09:51:50,16509.7,0
2021-06-23 09:52:23,16505.2,0
2021-06-23 09:52:29,16504.05,0
2021-06-23 09:52:38,16504.25,0
2021-06-23 09:52:48,16499.9,0
2021-06-23 09:52:55,16501.9,0
2021-06-23 09:52:57,16499.2,0
2021-06-23 09:53:03,16502.4,0
2021-06-23 09:53:04,16501.05,0
2021-06-23 09:53:05,16500.6,0
2021-06-23 09:53:07,16500.65,0
2021-06-23 09:53:13,16500.7,0
2021-06-23 09:53:14,16500.35,0
2021-06-23 09:53:40,16492.15,0
2021-06-23 09:53:43,16492.1,0
2021-06-23 09:53:45,16491.45,0
2021-06-23 09:53:49,16490.4,0
2021-06-23 09:54:00,16494.05,0
2021-06-23 09:54:06,16494.7,0
2021-06-23 09:54:13,16495.85,0
2021-06-23 09:54:26,16493.25,0
2021-06-23 09:54:28,16491.8,0
2021-06-23 09:54:50,16497.1,0
2021-06-23 09:55:03,16495.05,0
2021-06-23 09:55:04,16494.4,0
2021-06-23 09:55:05,16495.0,0
2021-06-23 09:55:07,16494.55,0
2021-06-23 09:55:24,16497.3,0
2021-06-23 09:55:25,16496.5,0
2021-06-23 09:55:29,16496.45,0
2021-06-23 09:55:33,16496.35,0
2021-06-23 09:55:39,16496.6,0
2021-06-23 09:55:40,16497.4,0
2021-06-23 09:55:53,16507.65,0
2021-06-23 09:55:55,16505.2,0
2021-06-23 09:55:57,16503.85,0
2021-06-23 09:55:58,16502.8,0
2021-06-23 09:56:02,16502.15,0
2021-06-23 09:56:05,16502.7,0
2021-06-23 09:56:07,16500.9,0
2021-06-23 09:56:11,16500.15,0
2021-06-23 09:56:14,16498.1,0
2021-06-23 09:56:22,16496.0,0
2021-06-23 09:56:23,16495.55,0
2021-06-23 09:56:29,16493.15,0
2021-06-23 09:56:35,16495.3,0
2021-06-23 09:56:39,16498.35,0
2021-06-23 09:56:44,16501.3,0
2021-06-23 09:56:54,16504.45,0
2021-06-23 09:56:59,16504.75,0
2021-06-23 09:57:13,16508.3,0
2021-06-23 09:57:22,16509.55,0
2021-06-23 09:57:29,16510.8,0
2021-06-23 09:57:41,16510.65,0
2021-06-23 09:57:44,16508.75,0
2021-06-23 09:57:45,16508.8,0
2021-06-23 09:57:56,16506.5,0
2021-06-23 09:57:57,16506.45,0
2021-06-23 09:58:06,16508.6,0
2021-06-23 09:58:07,16508.4,0
2021-06-23 09:58:08,16508.25,0
2021-06-23 09:58:17,16508.95,0
2021-06-23 09:58:20,16509.25,0
2021-06-23 09:58:24,16515.7,0
2021-06-23 09:58:29,16514.05,0
2021-06-23 09:58:33,16513.0,0
2021-06-23 09:58:38,16514.1,0
2021-06-23 09:58:41,16514.8,0
2021-06-23 09:58:58,16512.2,0
2021-06-23 09:59:01,16513.3,0
2021-06-23 09:59:09,16513.9,0
2021-06-23 09:59:10,16513.25,0
2021-06-23 09:59:16,16514.1,0
2021-06-23 09:59:19,16515.25,0
2021-06-23 09:59:20,16514.9,0
2021-06-23 09:59:21,16514.7,0
2021-06-23 09:59:24,16514.8,0
2021-06-23 09:59:25,16514.3,0
2021-06-23 09:59:27,16515.4,0
2021-06-23 09:59:29,16516.65,0
2021-06-23 09:59:31,16515.65,0
2021-06-23 09:59:37,16516.2,0
2021-06-23 09:59:42,16517.5,0
2021-06-23 09:59:44,16516.2,0
2021-06-23 09:59:51,16517.85,0
2021-06-23 10:00:01,16516.5,0
2021-06-23 10:00:18,16518.65,0
2021-06-23 10:00:23,16523.6,0
2021-06-23 10:00:24,16523.65,0
2021-06-23 10:00:34,16523.7,0
2021-06-23 10:00:41,16528.7,0
2021-06-23 10:00:45,16527.65,0
2021-06-23 10:00:48,16528.45,0
2021-06-23 10:00:52,16530.2,0
2021-06-23 10:01:08,16529.95,0
2021-06-23 10:01:21,16531.4,0
2021-06-23 10:01:25,16531.55,0
2021-06-23 10:01:28,16530.05,0
2021-06-23 10:01:33,16530.5,0
2021-06-23 10:01:34,16530.9,0
2021-06-23 10:01:40,16530.95,0
2021-06-23 10:01:59,16532.5,0
2021-06-23 10:02:07,16533.65,0
2021-06-23 10:02:13,16536.05,0
2021-06-23 10:02:16,16536.2,0
2021-06-23 10:02:23,16537.3,0
2021-06-23 10:02:29,16537.6,0
2021-06-23 10:02:30,16538.2,0
2021-06-23 10:02:40,16538.9,0
2021-06-23 10:03:03,16537.65,0
2021-06-23 10:03:04,16538.15,0
2021-06-23 10:03:10,16538.3,0
2021-06-23 10:03:13,16539.55,0
2021-06-23 10:03:17,16536.25,0
2021-06-23 10:03:19,16536.75,0
2021-06-23 10:03:20,16536.35,0
2021-06-23 10:03:25,16535.2,0
2021-06-23 10:03:27,16534.4,0
2021-06-23 10:03:31,16532.65,0
2021-06-23 10:03:32,16532.65,0
2021-06-23 10:03:45,16533.9,0
2021-06-23 10:03:47,16532.95,0
2021-06-23 10:03:54,16533.25,0
2021-06-23 10:04:20,16528.8,0
2021-06-23 10:04:25,16528.75,0
2021-06-23 10:04:26,16528.9,0
2021-06-23 10:04:36,16529.7,0
2021-06-23 10:04:37,16530.7,0
2021-06-23 10:04:48,16529.45,0
2021-06-23 10:04:51,16530.1,0
2021-06-23 10:04:53,16528.5,0
2021-06-23 10:04:54,16527.5,0
2021-06-23 10:04:59,16526.4,0
2021-06-23 10:05:02,16525.45,0
2021-06-23 10:05:03,16525.6,0
2021-06-23 10:05:04,16525.2,0
2021-06-23 10:05:07,16524.05,0
2021-06-23 10:05:11,16523.4,0
2021-06-23 10:05:15,16521.95,0
2021-06-23 10:05:16,16521.45,0
2021-06-23 10:05:17,16521.15,0
2021-06-23 10:05:21,16521.55,0
2021-06-23 10:05:24,16522.95,0
2021-06-23 10:05:30,16524.1,0
2021-06-23 10:05:31,16523.85,0
2021-06-23 10:05:38,16523.0,0
2021-06-23 10:05:57,16523.8,0
2021-06-23 10:05:58,16523.35,0
2021-06-23 10:06:04,16524.95,0
2021-06-23 10:06:09,16526.1,0
2021-06-23 10:06:11,16526.4,0
2021-06-23 10:06:22,16525.15,0
2021-06-23 10:06:29,16525.9,0
2021-06-23 10:06:30,16525.25,0
2021-06-23 10:06:43,16528.4,0
2021-06-23 10:06:45,16528.25,0
2021-06-23 10:06:46,16528.45,0
2021-06-23 10:06:49,16529.95,0
2021-06-23 10:06:51,16529.75,0
2021-06-23 10:06:59,16527.6,0
2021-06-23 10:07:09,16528.4,0
2021-06-23 10:07:12,16528.45,0
2021-06-23 10:07:14,16528.65,0
2021-06-23 10:07:16,16527.3,0
2021-06-23 10:07:22,16526.6,0
2021-06-23 10:07:28,16526.8,0
2021-06-23 10:07:34,16527.65,0
2021-06-23 10:07:37,16527.2,0
2021-06-23 10:07:42,16528.15,0
2021-06-23 10:07:44,16528.45,0
2021-06-23 10:07:47,16529.05,0
2021-06-23 10:07:54,16529.1,0
2021-06-23 10:07:57,16527.65,0
2021-06-23 10:08:11,16528.2,0
2021-06-23 10:08:13,16527.85,0
2021-06-23 10:08:21,16525.95,0
2021-06-23 10:08:27,16525.4,0
2021-06-23 10:08:28,16525.25,0
2021-06-23 10:08:29,16525.0,0
2021-06-23 10:08:31,16524.7,0
2021-06-23 10:08:32,16525.05,0
2021-06-23 10:08:45,16525.9,0
2021-06-23 10:08:47,16526.95,0
2021-06-23 10:08:51,16526.2,0
2021-06-23 10:08:55,16525.55,0
2021-06-23 10:08:57,16526.05,0
2021-06-23 10:09:02,16526.9,0
2021-06-23 10:09:10,16528.8,0
2021-06-23 10:09:13,16527.4,0
2021-06-23 10:09:32,16528.85,0
2021-06-23 10:09:36,16529.35,0
2021-06-23 10:09:37,16528.7,0
2021-06-23 10:09:40,16529.05,0
2021-06-23 10:09:41,16528.75,0
2021-06-23 10:09:45,16530.05,0
2021-06-23 10:09:46,16530.05,0
2021-06-23 10:09:49,16529.75,0
2021-06-23 10:09:57,16529.0,0
2021-06-23 10:09:58,16530.05,0
2021-06-23 10:10:02,16529.75,0
2021-06-23 10:10:03,16530.0,0
2021-06-23 10:10:05,16530.25,0
2021-06-23 10:10:25,16529.3,0
2021-06-23 10:10:29,16528.3,0
2021-06-23 10:10:32,16527.3,0
2021-06-23 10:10:37,16525.85,0
2021-06-23 10:10:39,16524.85,0
2021-06-23 10:10:42,16523.8,0
2021-06-23 10:10:48,16519.55,0
2021-06-23 10:10:54,16519.0,0
2021-06-23 10:11:00,16518.95,0
2021-06-23 10:11:17,16513.9,0
2021-06-23 10:11:27,16510.95,0
2021-06-23 10:11:30,16513.3,0
2021-06-23 10:11:35,16514.8,0
2021-06-23 10:11:47,16518.25,0
2021-06-23 10:11:52,16515.95,0
2021-06-23 10:12:03,16508.65,0
2021-06-23 10:12:07,16505.6,0
2021-06-23 10:12:11,16504.15,0
2021-06-23 10:12:13,16505.5,0
2021-06-23 10:12:15,16505.05,0
2021-06-23 10:12:20,16506.2,0
2021-06-23 10:12:22,16506.05,0
2021-06-23 10:12:38,16503.4,0
2021-06-23 10:12:44,16499.5,0
2021-06-23 10:12:45,16499.1,0
2021-06-23 10:12:52,16499.2,0
2021-06-23 10:12:57,16497.1,0
2021-06-23 10:12:59,16499.5,0
2021-06-23 10:13:06,16498.75,0
2021-06-23 10:13:11,16499.2,0
2021-06-23 10:13:26,16502.85,0
2021-06-23 10:13:27,16502.8,0
2021-06-23 10:13:28,16503.65,0
2021-06-23 10:13:29,16503.4,0
2021-06-23 10:13:30,16505.2,0
2021-06-23 10:13:40,16503.75,0
2021-06-23 10:13:41,16503.9,0
2021-06-23 10:13:44,16505.45,0
2021-06-23 10:13:48,16505.75,0
2021-06-23 10:13:50,16506.55,0
2021-06-23 10:14:01,16505.9,0
2021-06-23 10:14:09,16500.85,0
2021-06-23 10:14:11,16501.55,0
2021-06-23 10:14:20,16500.85,0
2021-06-23 10:14:27,16502.05,0
2021-06-23 10:14:34,16504.9,0
2021-06-23 10:14:48,16505.4,0
2021-06-23 10:14:53,16500.5,0
2021-06-23 10:14:59,16498.1,0
2021-06-23 10:15:09,16489.9,0
2021-06-23 10:15:10,16489.6,0
2021-06-23 10:15:11,16488.05,0
2021-06-23 10:15:12,16487.45,0
2021-06-23 10:15:13,16488.1,0
2021-06-23 10:15:15,16478.6,0
2021-06-23 10:15:20,16476.1,0
2021-06-23 10:15:21,16479.05,0
2021-06-23 10:15:26,16475.85,0
2021-06-23 10:15:30,16480.25,0
2021-06-23 10:15:38,16475.4,0
2021-06-23 10:15:42,16472.85,0
2021-06-23 10:15:51,16471.4,0
2021-06-23 10:15:59,16477.4,0
2021-06-23 10:16:05,16471.45,0
2021-06-23 10:16:06,16472.35,0
2021-06-23 10:16:07,16473.7,0
2021-06-23 10:16:08,16472.95,0
2021-06-23 10:16:09,16472.85,0
2021-06-23 10:16:18,16472.55,0
2021-06-23 10:16:23,16473.8,0
2021-06-23 10:16:25,16471.65,0
2021-06-23 10:16:26,16470.35,0
2021-06-23 10:16:54,16464.05,0
2021-06-23 10:16:59,16465.3,0
2021-06-23 10:17:01,16466.25,0
2021-06-23 10:17:02,16467.2,0
2021-06-23 10:17:04,16467.5,0
2021-06-23 10:17:16,16473.15,0
2021-06-23 10:17:28,16478.45,0
2021-06-23 10:17:32,16479.3,0
2021-06-23 10:17:33,16477.45,0
2021-06-23 10:17:44,16472.25,0
2021-06-23 10:17:47,16471.85,0
2021-06-23 10:17:51,16472.0,0
2021-06-23 10:18:06,16473.45,0
2021-06-23 10:18:23,16468.9,0
2021-06-23 10:18:28,16468.9,0
2021-06-23 10:18:33,16468.05,0
2021-06-23 10:18:37,16467.2,0
2021-06-23 10:18:48,16468.75,0
2021-06-23 10:19:01,16472.3,0
2021-06-23 10:19:03,16472.7,0
2021-06-23 10:19:10,16472.6,0
2021-06-23 10:19:13,16472.3,0
2021-06-23 10:19:15,16472.1,0
2021-06-23 10:19:24,16472.2,0
2021-06-23 10:19:28,16471.4,0
2021-06-23 10:19:33,16474.3,0
2021-06-23 10:19:46,16475.45,0
2021-06-23 10:19:47,16474.85,0
2021-06-23 10:19:53,16474.1,0
2021-06-23 10:20:09,16469.7,0
2021-06-23 10:20:10,16470.05,0
2021-06-23 10:20:13,16470.25,0
2021-06-23 10:20:14,16471.95,0
2021-06-23 10:20:16,16472.9,0
2021-06-23 10:20:18,16472.4,0
2021-06-23 10:20:22,16474.6,0
2021-06-23 10:20:44,16474.35,0
2021-06-23 10:20:50,16475.3,0
2021-06-23 10:20:52,16476.1,0
2021-06-23 10:20:56,16477.05,0
2021-06-23 10:20:58,16476.95,0
2021-06-23 10:21:00,16476.25,0
2021-06-23 10:21:07,16475.4,0
2021-06-23 10:21:24,16481.25,0
2021-06-23 10:21:32,16479.9,0
2021-06-23 10:21:33,16479.2,0
2021-06-23 10:21:49,16479.4,0
2021-06-23 10:21:57,16480.9,0
2021-06-23 10:22:21,16483.8,0
2021-06-23 10:22:23,16484.65,0
2021-06-23 10:22:24,16485.2,0
2021-06-23 10:22:32,16487.3,0
2021-06-23 10:22:38,16488.4,0
2021-06-23 10:22:39,16488.3,0
2021-06-23 10:22:48,16489.8,0
2021-06-23 10:22:51,16489.75,0
2021-06-23 10:22:53,16485.2,0
2021-06-23 10:23:03,16487.15,0
2021-06-23 10:23:18,16490.4,0
2021-06-23 10:23:22,16491.15,0
2021-06-23 10:23:24,16491.4,0
2021-06-23 10:23:30,16491.85,0
2021-06-23 10:23:37,16485.45,0
2021-06-23 10:23:41,16486.9,0
2021-06-23 10:23:50,16488.9,0
2021-06-23 10:23:52,16489.65,0
2021-06-23 10:23:54,16491.6,0
2021-06-23 10:24:03,16492.15,0
2021-06-23 10:24:06,16493.8,0
2021-06-23 10:24:10,16491.8,0
2021-06-23 10:24:16,16489.9,0
2021-06-23 10:24:23,16489.85,0
2021-06-23 10:24:25,16491.5,0
2021-06-23 10:24:30,16491.45,0
2021-06-23 10:24:31,16490.8,0
2021-06-23 10:24:38,16489.35,0
2021-06-23 10:24:42,16490.4,0
2021-06-23 10:24:43,16489.5,0
2021-06-23 10:24:46,16488.8,0
2021-06-23 10:36:34,16510.1,0
2021-06-23 10:36:55,16512.25,0
2021-06-23 10:37:01,16512.35,0
2021-06-23 10:37:04,16513.25,0
2021-06-23 10:37:16,16513.3,0
2021-06-23 10:37:25,16512.15,0
2021-06-23 10:37:33,16510.25,0
2021-06-23 10:37:42,16507.7,0
2021-06-23 10:37:46,16508.85,0
2021-06-23 10:37:51,16509.05,0
2021-06-23 10:37:53,16508.05,0
2021-06-23 10:37:57,16509.2,0
2021-06-23 10:37:59,16508.9,0
2021-06-23 10:38:01,16508.85,0
2021-06-23 10:38:07,16512.7,0
2021-06-23 10:38:10,16510.9,0
2021-06-23 10:38:13,16510.55,0
2021-06-23 10:38:19,16510.7,0
2021-06-23 10:38:21,16511.25,0
2021-06-23 10:38:28,16511.95,0
2021-06-23 10:38:29,16511.7,0
2021-06-23 10:38:39,16510.65,0
2021-06-23 10:38:41,16509.15,0
2021-06-23 10:38:48,16507.35,0
2021-06-23 10:38:57,16507.05,0
2021-06-23 10:38:59,16507.3,0
2021-06-23 10:39:03,16508.55,0
2021-06-23 10:39:08,16507.35,0
2021-06-23 10:39:09,16507.2,0
2021-06-23 10:39:20,16507.1,0
2021-06-23 10:39:26,16502.9,0
2021-06-23 10:39:38,16499.45,0
2021-06-23 10:39:46,16496.9,0
2021-06-23 10:39:52,16497.85,0
2021-06-23 10:39:54,16497.5,0
2021-06-23 10:40:01,16496.9,0
2021-06-23 10:40:05,16496.95,0
2021-06-23 10:40:06,16496.6,0
2021-06-23 10:40:07,16496.65,0
2021-06-23 10:40:14,16496.0,0
2021-06-23 10:40:15,16496.05,0
2021-06-23 10:40:16,16495.95,0
2021-06-23 10:40:22,16494.2,0
2021-06-23 10:40:32,16494.7,0
2021-06-23 10:40:38,16492.85,0
2021-06-23 10:40:46,16492.15,0
2021-06-23 10:41:05,16492.75,0
2021-06-23 10:41:06,16492.75,0
2021-06-23 10:41:10,16494.15,0
2021-06-23 10:41:15,16495.25,0
2021-06-23 10:41:19,16495.15,0
2021-06-23 10:41:20,16495.45,0
2021-06-23 10:41:24,16493.0,0
2021-06-23 10:41:26,16493.7,0
2021-06-23 10:41:27,16494.85,0
2021-06-23 10:41:30,16494.2,0
2021-06-23 10:41:32,16495.05,0
2021-06-23 10:41:41,16492.95,0
2021-06-23 10:41:44,16495.55,0
2021-06-23 10:41:49,16494.65,0
2021-06-23 10:41:51,16495.0,0
2021-06-23 10:41:56,16494.95,0
2021-06-23 10:42:06,16494.65,0
2021-06-23 10:42:07,16493.7,0
2021-06-23 10:42:08,16493.35,0
2021-06-23 10:42:10,16493.55,0
2021-06-23 10:42:19,16491.65,0
2021-06-23 10:42:23,16493.95,0
2021-06-23 10:42:27,16493.95,0
2021-06-23 10:42:29,16496.1,0
2021-06-23 10:42:54,16495.85,0
2021-06-23 10:43:02,16495.35,0
2021-06-23 10:43:05,16495.75,0
2021-06-23 10:43:08,16496.8,0
2021-06-23 10:43:09,16496.8,0
2021-06-23 10:43:14,16496.2,0
2021-06-23 10:43:16,16495.85,0
2021-06-23 10:43:30,16496.65,0
2021-06-23 10:43:32,16497.25,0
2021-06-23 10:43:38,16497.8,0
2021-06-23 10:43:49,16498.6,0
2021-06-23 10:43:49,16498.6,0
2021-06-23 10:44:00,16499.4,0
2021-06-23 10:44:03,16500.0,0
2021-06-23 10:44:05,16500.85,0
2021-06-23 10:44:08,16502.4,0
2021-06-23 10:44:11,16502.25,0
2021-06-23 10:44:15,16503.55,0
2021-06-23 10:44:20,16502.35,0
2021-06-23 10:44:23,16502.3,0
2021-06-23 10:44:27,16502.0,0
2021-06-23 10:44:28,16501.95,0
2021-06-23 10:44:29,16501.55,0
2021-06-23 10:44:34,16501.4,0
2021-06-23 10:44:38,16502.3,0
2021-06-23 10:44:41,16503.25,0
2021-06-23 10:44:47,16503.3,0
2021-06-23 10:44:49,16503.95,0
2021-06-23 10:44:55,16503.3,0
2021-06-23 10:44:57,16503.1,0
2021-06-23 10:44:57,16503.1,0
2021-06-23 10:45:01,16503.95,0
2021-06-23 10:45:03,16503.05,0
2021-06-23 10:45:09,16503.45,0
2021-06-23 10:45:28,16507.4,0
2021-06-23 10:45:35,16506.2,0
2021-06-23 10:45:41,16505.65,0
2021-06-23 10:45:45,16506.2,0
2021-06-23 10:45:46,16505.8,0
2021-06-23 10:45:48,16506.1,0
2021-06-23 10:45:55,16505.05,0
2021-06-23 10:45:58,16505.8,0
2021-06-23 10:45:59,16506.3,0
2021-06-23 10:46:03,16505.85,0
2021-06-23 10:46:09,16507.45,0
2021-06-23 10:46:10,16506.85,0
2021-06-23 10:46:11,16506.9,0
2021-06-23 10:46:18,16508.4,0
2021-06-23 10:46:21,16507.7,0
2021-06-23 10:46:27,16508.6,0
2021-06-23 10:46:29,16508.6,0
2021-06-23 10:46:31,16508.4,0
2021-06-23 10:46:33,16508.6,0
2021-06-23 10:46:36,16508.1,0
2021-06-23 10:46:42,16507.8,0
2021-06-23 10:46:51,16507.85,0
2021-06-23 10:46:55,16508.45,0
2021-06-23 10:46:58,16508.15,0
2021-06-23 10:46:58,16508.15,0
2021-06-23 10:47:05,16508.55,0
2021-06-23 10:47:12,16512.7,0
2021-06-23 10:47:13,16513.3,0
2021-06-23 10:47:17,16512.95,0
2021-06-23 10:47:20,16512.75,0
2021-06-23 10:47:25,16509.6,0
2021-06-23 10:47:28,16511.65,0
2021-06-23 10:47:34,16511.25,0
2021-06-23 10:47:43,16515.6,0
2021-06-23 10:47:59,16512.95,0
2021-06-23 10:47:59,16512.95,0
2021-06-23 10:48:03,16512.15,0
2021-06-23 10:48:21,16511.15,0
2021-06-23 10:48:23,16509.8,0
2021-06-23 10:48:24,16510.0,0
2021-06-23 10:48:41,16512.1,0
2021-06-23 10:48:58,16514.05,0
2021-06-23 10:48:58,16514.05,0
2021-06-23 10:49:04,16514.45,0
2021-06-23 10:49:07,16513.55,0
2021-06-23 10:49:09,16513.45,0
2021-06-23 10:49:14,16514.1,0
2021-06-23 10:49:15,16514.15,0
2021-06-23 10:49:16,16513.7,0
2021-06-23 10:49:19,16514.75,0
2021-06-23 10:49:24,16514.15,0
2021-06-23 10:49:26,16514.5,0
2021-06-23 10:49:30,16514.65,0
2021-06-23 10:49:39,16514.8,0
2021-06-23 10:49:43,16515.05,0
2021-06-23 10:49:45,16514.95,0
2021-06-23 10:49:54,16515.5,0
2021-06-23 10:50:01,16516.65,0
2021-06-23 10:50:03,16516.9,0
2021-06-23 10:50:04,16517.15,0
2021-06-23 10:50:17,16518.15,0
2021-06-23 10:50:19,16517.55,0
2021-06-23 10:50:21,16518.5,0
2021-06-23 10:50:23,16518.25,0
2021-06-23 10:50:26,16518.6,0
2021-06-23 10:50:29,16518.7,0
2021-06-23 10:50:32,16518.8,0
2021-06-23 10:50:36,16519.35,0
2021-06-23 10:50:39,16519.4,0
2021-06-23 10:50:44,16521.1,0
2021-06-23 10:50:48,16520.9,0
2021-06-23 10:50:53,16520.9,0
2021-06-23 10:50:54,16520.9,0
2021-06-23 10:50:57,16521.3,0
2021-06-23 10:51:01,16521.4,0
2021-06-23 10:51:01,16521.4,0
2021-06-23 10:51:06,16522.1,0
2021-06-23 10:51:12,16521.45,0
2021-06-23 10:51:18,16521.6,0
2021-06-23 10:51:27,16521.55,0
2021-06-23 10:51:28,16522.85,0
2021-06-23 10:51:35,16522.95,0
2021-06-23 10:51:40,16521.75,0
2021-06-23 10:51:41,16521.05,0
2021-06-23 10:51:51,16522.7,0
2021-06-23 10:51:52,16522.25,0
2021-06-23 10:51:55,16522.25,0
2021-06-23 10:52:00,16522.95,0
2021-06-23 10:52:00,16522.95,0
2021-06-23 10:52:08,16523.6,0
2021-06-23 10:52:10,16527.5,0
2021-06-23 10:52:16,16529.65,0
2021-06-23 10:52:17,16528.7,0
2021-06-23 10:52:19,16527.65,0
2021-06-23 10:52:22,16528.6,0
2021-06-23 10:52:23,16528.25,0
2021-06-23 10:52:26,16527.65,0
2021-06-23 10:52:29,16527.0,0
2021-06-23 10:52:32,16525.9,0
2021-06-23 10:52:40,16527.4,0
2021-06-23 10:52:41,16527.1,0
2021-06-23 10:52:45,16526.1,0
2021-06-23 10:52:49,16524.65,0
2021-06-23 10:52:50,16524.3,0
2021-06-23 10:52:51,16524.05,0
2021-06-23 10:52:51,16524.05,0
2021-06-23 10:53:09,16525.25,0
2021-06-23 10:53:10,16525.3,0
2021-06-23 10:53:18,16524.9,0
2021-06-23 10:53:22,16524.1,0
2021-06-23 10:53:27,16523.15,0
2021-06-23 10:53:38,16522.4,0
2021-06-23 10:53:40,16522.75,0
2021-06-23 10:53:52,16522.4,0
2021-06-23 10:53:55,16522.95,0
2021-06-23 10:54:01,16522.35,0
2021-06-23 10:54:03,16523.0,0
2021-06-23 10:54:03,16523.0,0
2021-06-23 10:54:11,16525.45,0
2021-06-23 10:54:13,16525.2,0
2021-06-23 10:54:18,16527.2,0
2021-06-23 10:54:20,16528.5,0
2021-06-23 10:54:21,16527.8,0
2021-06-23 10:54:29,16535.45,0
2021-06-23 10:54:33,16533.2,0
2021-06-23 10:54:42,16533.35,0
2021-06-23 10:54:43,16532.1,0
2021-06-23 10:54:44,16532.3,0
2021-06-23 10:54:48,16533.6,0
2021-06-23 10:54:52,16534.1,0
2021-06-23 10:55:02,16534.2,0
2021-06-23 10:55:02,16534.2,0
2021-06-23 10:55:14,16535.15,0
2021-06-23 10:55:18,16533.2,0
2021-06-23 10:55:19,16533.75,0
2021-06-23 10:55:20,16534.25,0
2021-06-23 10:55:23,16533.7,0
2021-06-23 10:55:26,16534.25,0
2021-06-23 10:55:28,16533.95,0
2021-06-23 10:55:31,16532.8,0
2021-06-23 10:55:41,16530.25,0
2021-06-23 10:55:46,16530.35,0
2021-06-23 10:55:53,16528.3,0
2021-06-23 10:56:00,16528.15,0
2021-06-23 10:56:07,16528.2,0
2021-06-23 10:56:15,16526.6,0
2021-06-23 10:56:44,16520.85,0
2021-06-23 10:56:46,16520.9,0
2021-06-23 10:56:49,16521.6,0
2021-06-23 10:56:50,16522.15,0
2021-06-23 10:56:56,16519.55,0
2021-06-23 10:57:06,16520.85,0
2021-06-23 10:57:10,16520.0,0
2021-06-23 10:57:11,16519.65,0
2021-06-23 10:57:19,16520.55,0
2021-06-23 10:57:24,16521.9,0
2021-06-23 10:57:42,16521.75,0
2021-06-23 10:57:44,16521.3,0
2021-06-23 10:57:53,16521.3,0
2021-06-23 10:57:54,16521.5,0
2021-06-23 10:58:01,16520.4,0
2021-06-23 10:58:09,16518.8,0
2021-06-23 10:58:09,16518.8,0
2021-06-23 10:58:13,16516.4,0
2021-06-23 10:58:19,16517.35,0
2021-06-23 10:58:25,16515.2,0
2021-06-23 10:58:30,16517.65,0
2021-06-23 10:58:33,16517.4,0
2021-06-23 10:58:36,16516.4,0
2021-06-23 10:58:40,16516.4,0
2021-06-23 10:58:49,16516.0,0
2021-06-23 10:58:55,16516.65,0
2021-06-23 10:59:14,16517.85,0
2021-06-23 10:59:14,16517.85,0
2021-06-23 10:59:16,16517.05,0
2021-06-23 10:59:22,16516.0,0
2021-06-23 10:59:33,16515.65,0
2021-06-23 10:59:36,16515.9,0
2021-06-23 10:59:38,16515.95,0
2021-06-23 10:59:40,16515.55,0
2021-06-23 10:59:42,16515.95,0
2021-06-23 10:59:44,16514.7,0
2021-06-23 10:59:47,16514.85,0
2021-06-23 10:59:58,16512.15,0
2021-06-23 10:59:59,16513.45,0
2021-06-23 11:00:01,16511.9,0
2021-06-23 11:00:12,16510.15,0
2021-06-23 11:00:13,16511.45,0
2021-06-23 11:00:13,16511.45,0
2021-06-23 11:00:40,16515.55,0
2021-06-23 11:00:45,16514.85,0
2021-06-23 11:00:50,16515.85,0
2021-06-23 11:00:53,16515.05,0
2021-06-23 11:01:02,16511.1,0
2021-06-23 11:01:11,16511.9,0
2021-06-23 11:01:12,16511.3,0
2021-06-23 11:01:12,16511.3,0
2021-06-23 11:01:20,16510.5,0
2021-06-23 11:01:23,16511.3,0
2021-06-23 11:01:25,16509.45,0
2021-06-23 11:01:38,16504.0,0
2021-06-23 11:01:39,16503.65,0
2021-06-23 11:01:40,16504.4,0
2021-06-23 11:01:46,16500.1,0
2021-06-23 11:01:50,16497.2,0
2021-06-23 11:01:53,16500.1,0
2021-06-23 11:02:00,16502.35,0
2021-06-23 11:02:01,16500.85,0
2021-06-23 11:02:03,16500.4,0
2021-06-23 11:02:08,16502.55,0
2021-06-23 11:02:08,16502.55,0
2021-06-23 11:02:17,16502.85,0
2021-06-23 11:02:19,16502.6,0
2021-06-23 11:02:38,16503.3,0
2021-06-23 11:02:40,16504.25,0
2021-06-23 11:02:45,16504.2,0
2021-06-23 11:02:53,16504.95,0
2021-06-23 11:02:57,16504.55,0
2021-06-23 11:03:02,16504.75,0
2021-06-23 11:03:03,16505.0,0
2021-06-23 11:03:06,16504.25,0
2021-06-23 11:03:15,16502.8,0
2021-06-23 11:03:15,16502.8,0
2021-06-23 11:03:18,16502.65,0
2021-06-23 11:03:22,16502.05,0
2021-06-23 11:03:24,16502.6,0
2021-06-23 11:03:30,16503.7,0
2021-06-23 11:03:34,16502.9,0
2021-06-23 11:03:38,16503.6,0
2021-06-23 11:03:48,16503.2,0
2021-06-23 11:03:53,16503.0,0
2021-06-23 11:03:55,16502.4,0
2021-06-23 11:03:57,16502.55,0
2021-06-23 11:04:14,16500.8,0
2021-06-23 11:04:14,16500.8,0
2021-06-23 11:04:29,16495.2,0
2021-06-23 11:04:42,16492.85,0
2021-06-23 11:04:43,16491.9,0
2021-06-23 11:04:44,16492.25,0
2021-06-23 11:04:46,16490.15,0
2021-06-23 11:04:55,16490.2,0
2021-06-23 11:04:57,16489.9,0
2021-06-23 11:05:03,16489.6,0
2021-06-23 11:05:12,16493.0,0
2021-06-23 11:05:14,16493.25,0
2021-06-23 11:05:17,16493.65,0
2021-06-23 11:05:17,16493.65,0
2021-06-23 11:05:28,16495.0,0
2021-06-23 11:05:31,16495.8,0
2021-06-23 11:05:38,16495.65,0
2021-06-23 11:05:39,16494.0,0
2021-06-23 11:05:59,16493.25,0
2021-06-23 11:06:02,16493.75,0
2021-06-23 11:06:07,16494.75,0
2021-06-23 11:06:10,16494.8,0
2021-06-23 11:06:11,16494.65,0
2021-06-23 11:06:13,16494.85,0
2021-06-23 11:06:14,16494.6,0
2021-06-23 11:06:14,16494.6,0
2021-06-23 11:06:27,16496.9,0
2021-06-23 11:06:28,16496.15,0
2021-06-23 11:06:29,16497.3,0
2021-06-23 11:06:32,16498.55,0
2021-06-23 11:06:35,16498.9,0
2021-06-23 11:06:37,16499.2,0
2021-06-23 11:06:43,16498.8,0
2021-06-23 11:06:45,16499.85,0
2021-06-23 11:06:49,16500.7,0
2021-06-23 11:06:58,16500.7,0
2021-06-23 11:07:02,16501.7,0
2021-06-23 11:07:04,16501.25,0
2021-06-23 11:07:06,16501.45,0
2021-06-23 11:07:14,16507.15,0
2021-06-23 11:07:16,16504.35,0
2021-06-23 11:07:22,16506.4,0
2021-06-23 11:07:23,16506.6,0
2021-06-23 11:07:23,16506.6,0
2021-06-23 11:07:35,16510.15,0
2021-06-23 11:07:42,16509.65,0
2021-06-23 11:07:43,16509.55,0
2021-06-23 11:07:49,16509.85,0
2021-06-23 11:07:54,16509.5,0
2021-06-23 11:08:05,16513.1,0
2021-06-23 11:08:09,16516.05,0
2021-06-23 11:08:10,16516.3,0
2021-06-23 11:08:11,16517.0,0
2021-06-23 11:08:14,16519.2,0
2021-06-23 11:08:23,16518.8,0
2021-06-23 11:08:26,16519.45,0
2021-06-23 11:08:26,16519.45,0
2021-06-23 11:08:31,16519.85,0
2021-06-23 11:08:32,16519.7,0
2021-06-23 11:08:36,16520.45,0
2021-06-23 11:08:40,16521.45,0
2021-06-23 11:08:41,16522.05,0
2021-06-23 11:08:42,16521.4,0
2021-06-23 11:08:51,16519.5,0
2021-06-23 11:08:59,16519.45,0
2021-06-23 11:09:05,16519.15,0
2021-06-23 11:09:08,16516.55,0
2021-06-23 11:09:10,16515.85,0
2021-06-23 11:09:11,16515.65,0
2021-06-23 11:09:17,16515.55,0
2021-06-23 11:09:21,16515.0,0
2021-06-23 11:09:23,16514.1,0
2021-06-23 11:09:24,16513.1,0
2021-06-23 11:09:24,16513.1,0
2021-06-23 11:09:31,16513.75,0
2021-06-23 11:09:36,16518.95,0
2021-06-23 11:09:48,16519.15,0
2021-06-23 11:09:50,16519.6,0
2021-06-23 11:09:54,16518.1,0
2021-06-23 11:09:55,16517.85,0
2021-06-23 11:09:58,16519.65,0
2021-06-23 11:09:59,16520.1,0
2021-06-23 11:10:00,16520.1,0
2021-06-23 11:10:03,16518.35,0
2021-06-23 11:10:05,16518.45,0
2021-06-23 11:10:06,16518.35,0
2021-06-23 11:10:08,16518.05,0
2021-06-23 11:10:14,16515.55,0
2021-06-23 11:10:25,16512.6,0
2021-06-23 11:10:29,16512.05,0
2021-06-23 11:10:39,16513.65,0
2021-06-23 11:10:45,16514.15,0
2021-06-23 11:10:47,16514.05,0
2021-06-23 11:10:52,16513.9,0
2021-06-23 11:10:55,16513.0,0
2021-06-23 11:10:58,16513.7,0
2021-06-23 11:11:01,16512.8,0
2021-06-23 11:11:05,16512.65,0
2021-06-23 11:11:20,16515.35,0
2021-06-23 11:11:23,16515.85,0
2021-06-23 11:11:25,16516.35,0
2021-06-23 11:11:27,16515.95,0
2021-06-23 11:11:28,16516.35,0
2021-06-23 11:11:28,16516.35,0
2021-06-23 11:11:32,16516.3,0
2021-06-23 11:11:40,16516.8,0
2021-06-23 11:11:43,16516.65,0
2021-06-23 11:12:00,16514.1,0
2021-06-23 11:12:09,16515.05,0
2021-06-23 11:12:13,16513.75,0
2021-06-23 11:12:14,16514.95,0
2021-06-23 11:12:25,16513.25,0
2021-06-23 11:12:25,16513.25,0
2021-06-23 11:12:35,16513.1,0
2021-06-23 11:12:44,16513.95,0
2021-06-23 11:12:50,16513.95,0
2021-06-23 11:12:52,16512.75,0
2021-06-23 11:13:05,16514.0,0
2021-06-23 11:13:06,16513.25,0
2021-06-23 11:13:07,16513.15,0
2021-06-23 11:13:10,16514.2,0
2021-06-23 11:13:22,16513.8,0
2021-06-23 11:13:23,16514.3,0
2021-06-23 11:13:26,16514.7,0
2021-06-23 11:13:29,16514.95,0
2021-06-23 11:13:29,16514.95,0
2021-06-23 11:13:35,16514.15,0
2021-06-23 11:13:37,16514.2,0
2021-06-23 11:13:39,16514.0,0
2021-06-23 11:13:46,16513.7,0
2021-06-23 11:13:55,16512.0,0
2021-06-23 11:14:06,16510.45,0
2021-06-23 11:14:09,16511.45,0
2021-06-23 11:14:11,16511.65,0
2021-06-23 11:14:18,16511.4,0
2021-06-23 11:14:28,16508.85,0
2021-06-23 11:14:29,16510.3,0
2021-06-23 11:14:31,16508.85,0
2021-06-23 11:14:31,16508.85,0
2021-06-23 11:14:37,16508.0,0
2021-06-23 11:14:47,16507.55,0
2021-06-23 11:14:50,16506.6,0
2021-06-23 11:15:04,16505.7,0
2021-06-23 11:15:05,16505.9,0
2021-06-23 11:15:06,16505.5,0
2021-06-23 11:15:14,16506.25,0
2021-06-23 11:15:22,16510.55,0
2021-06-23 11:15:33,16509.75,0
2021-06-23 11:15:36,16510.35,0
2021-06-23 11:15:38,16511.3,0
2021-06-23 11:15:39,16511.3,0
2021-06-23 11:15:43,16514.65,0
2021-06-23 11:15:46,16516.95,0
2021-06-23 11:15:47,16517.1,0
2021-06-23 11:15:55,16519.1,0
2021-06-23 11:15:56,16518.6,0
2021-06-23 11:16:01,16518.55,0
2021-06-23 11:16:02,16517.65,0
2021-06-23 11:16:05,16519.3,0
2021-06-23 11:16:14,16520.0,0
2021-06-23 11:16:21,16518.3,0
2021-06-23 11:16:29,16516.9,0
2021-06-23 11:16:32,16518.5,0
2021-06-23 11:16:35,16517.65,0
2021-06-23 11:16:35,16517.65,0
2021-06-23 11:17:01,16510.5,0
2021-06-23 11:17:07,16511.05,0
2021-06-23 11:17:10,16511.4,0
2021-06-23 11:17:15,16510.1,0
2021-06-23 11:17:22,16508.65,0
2021-06-23 11:17:26,16505.8,0
2021-06-23 11:17:31,16502.3,0
2021-06-23 11:17:34,16499.6,0
2021-06-23 11:17:34,16499.6,0
2021-06-23 11:17:42,16499.6,0
2021-06-23 11:17:45,16499.5,0
2021-06-23 11:17:53,16504.3,0
2021-06-23 11:17:59,16504.0,0
2021-06-23 11:18:00,16505.3,0
2021-06-23 11:18:01,16503.5,0
2021-06-23 11:18:03,16505.05,0
2021-06-23 11:18:06,16502.85,0
2021-06-23 11:18:07,16502.8,0
2021-06-23 11:18:17,16500.8,0
2021-06-23 11:18:27,16500.05,0
2021-06-23 11:18:28,16499.6,0
2021-06-23 11:18:39,16498.0,0
2021-06-23 11:18:42,16495.6,0
2021-06-23 11:18:43,16496.95,0
2021-06-23 11:18:49,16497.4,0
2021-06-23 11:18:55,16496.2,0
2021-06-23 11:18:56,16497.35,0
2021-06-23 11:19:10,16498.1,0
2021-06-23 11:19:20,16499.2,0
2021-06-23 11:19:26,16500.5,0
2021-06-23 11:19:26,16500.5,0
2021-06-23 11:19:49,16498.45,0
2021-06-23 11:19:53,16498.8,0
2021-06-23 11:19:56,16500.0,0
2021-06-23 11:19:59,16499.55,0
2021-06-23 11:20:02,16500.9,0
2021-06-23 11:20:08,16499.9,0
2021-06-23 11:20:24,16499.2,0
2021-06-23 11:20:29,16499.65,0
2021-06-23 11:20:31,16501.65,0
2021-06-23 11:20:33,16499.7,0
2021-06-23 11:20:42,16501.2,0
2021-06-23 11:20:46,16502.8,0
2021-06-23 11:20:49,16505.0,0
2021-06-23 11:21:04,16509.1,0
2021-06-23 11:21:10,16509.15,0
2021-06-23 11:21:16,16509.0,0
2021-06-23 11:21:26,16508.45,0
2021-06-23 11:21:27,16508.15,0
2021-06-23 11:21:32,16508.55,0
2021-06-23 11:21:41,16506.8,0
2021-06-23 11:21:45,16506.15,0
2021-06-23 11:21:46,16505.4,0
2021-06-23 11:21:46,16505.4,0
2021-06-23 11:21:59,16506.05,0
2021-06-23 11:22:07,16504.35,0
2021-06-23 11:22:19,16506.55,0
2021-06-23 11:22:21,16507.2,0
2021-06-23 11:22:26,16507.15,0
2021-06-23 11:22:27,16508.05,0
2021-06-23 11:22:30,16508.15,0
2021-06-23 11:22:39,16506.8,0
2021-06-23 11:22:41,16507.4,0
2021-06-23 11:22:42,16507.4,0
2021-06-23 11:22:43,16506.95,0
2021-06-23 11:22:43,16506.95,0
2021-06-23 11:22:50,16506.45,0
2021-06-23 11:23:02,16506.8,0
2021-06-23 11:23:04,16506.25,0
2021-06-23 11:23:06,16505.75,0
2021-06-23 11:23:13,16507.15,0
2021-06-23 11:23:20,16509.1,0
2021-06-23 11:23:29,16509.0,0
2021-06-23 11:23:30,16509.45,0
2021-06-23 11:23:33,16509.65,0
2021-06-23 11:23:45,16510.85,0
2021-06-23 11:23:45,16510.85,0
2021-06-23 11:23:52,16510.6,0
2021-06-23 11:23:53,16510.3,0
2021-06-23 11:24:02,16510.15,0
2021-06-23 11:24:19,16509.95,0
2021-06-23 11:24:29,16504.25,0
2021-06-23 11:24:34,16506.0,0
2021-06-23 11:24:46,16506.75,0
2021-06-23 11:24:50,16508.05,0
2021-06-23 11:25:03,16507.25,0
2021-06-23 11:25:06,16507.4,0
2021-06-23 11:25:08,16507.35,0
2021-06-23 11:25:17,16507.5,0
2021-06-23 11:25:24,16509.55,0
2021-06-23 11:25:46,16512.6,0
2021-06-23 11:25:46,16512.6,0
2021-06-23 11:25:58,16513.3,0
2021-06-23 11:26:01,16514.05,0
2021-06-23 11:26:03,16514.55,0
2021-06-23 11:26:05,16514.35,0
2021-06-23 11:26:12,16514.2,0
2021-06-23 11:26:13,16514.25,0
2021-06-23 11:26:15,16514.35,0
2021-06-23 11:26:18,16514.45,0
2021-06-23 11:26:24,16513.3,0
2021-06-23 11:26:30,16514.55,0
2021-06-23 11:26:32,16515.25,0
2021-06-23 11:26:33,16515.35,0
2021-06-23 11:26:37,16514.9,0
2021-06-23 11:26:39,16512.9,0
2021-06-23 11:26:48,16513.05,0
2021-06-23 11:26:49,16513.15,0
2021-06-23 11:26:50,16512.35,0
2021-06-23 11:26:51,16512.8,0
2021-06-23 11:26:54,16512.6,0
2021-06-23 11:26:57,16513.0,0
2021-06-23 11:26:58,16512.95,0
2021-06-23 11:26:59,16512.85,0
2021-06-23 11:27:04,16512.9,0
2021-06-23 11:27:05,16512.85,0
2021-06-23 11:27:11,16513.85,0
2021-06-23 11:27:12,16513.85,0
2021-06-23 11:27:19,16514.55,0
2021-06-23 11:27:24,16515.3,0
2021-06-23 11:27:26,16515.35,0
2021-06-23 11:27:28,16515.25,0
2021-06-23 11:27:36,16516.1,0
2021-06-23 11:27:37,16516.65,0
2021-06-23 11:27:40,16516.05,0
2021-06-23 11:27:46,16516.9,0
2021-06-23 11:27:56,16516.85,0
2021-06-23 11:28:06,16517.0,0
2021-06-23 11:28:12,16517.0,0
2021-06-23 11:28:18,16513.4,0
2021-06-23 11:28:40,16512.75,0
2021-06-23 11:28:41,16512.3,0
2021-06-23 11:28:45,16511.8,0
2021-06-23 11:28:46,16512.4,0
2021-06-23 11:28:49,16512.85,0
2021-06-23 11:28:49,16512.85,0
2021-06-23 11:29:03,16507.8,0
2021-06-23 11:29:24,16511.4,0
2021-06-23 11:29:26,16511.6,0
2021-06-23 11:29:38,16511.9,0
2021-06-23 11:29:39,16512.05,0
2021-06-23 11:29:49,16512.95,0
2021-06-23 11:29:50,16513.1,0
2021-06-23 11:29:55,16515.3,0
2021-06-23 11:29:56,16515.5,0
2021-06-23 11:29:56,16515.5,0
2021-06-23 11:29:58,16515.8,0
2021-06-23 11:30:06,16518.8,0
2021-06-23 11:30:07,16517.95,0
2021-06-23 11:30:15,16526.1,0
2021-06-23 11:30:17,16526.2,0
2021-06-23 11:30:21,16525.85,0
2021-06-23 11:30:23,16527.35,0
2021-06-23 11:30:26,16527.25,0
2021-06-23 11:30:27,16526.05,0
2021-06-23 11:30:29,16525.15,0
2021-06-23 11:30:35,16526.8,0
2021-06-23 11:30:36,16526.55,0
2021-06-23 11:30:40,16527.05,0
2021-06-23 11:30:44,16528.05,0
2021-06-23 11:30:54,16529.45,0
2021-06-23 11:30:54,16529.45,0
2021-06-23 11:31:02,16530.65,0
2021-06-23 11:31:06,16531.55,0
2021-06-23 11:31:07,16531.25,0
2021-06-23 11:31:27,16532.35,0
2021-06-23 11:31:34,16532.25,0
2021-06-23 11:31:38,16532.1,0
2021-06-23 11:31:42,16534.15,0
2021-06-23 11:31:46,16533.2,0
2021-06-23 11:31:52,16535.45,0
2021-06-23 11:31:52,16535.45,0
2021-06-23 11:32:11,16531.3,0
2021-06-23 11:32:14,16531.7,0
2021-06-23 11:32:33,16531.55,0
2021-06-23 11:32:47,16530.95,0
2021-06-23 11:32:49,16530.5,0
2021-06-23 11:32:50,16531.25,0
2021-06-23 11:32:51,16530.95,0
2021-06-23 11:32:55,16530.4,0
2021-06-23 11:32:55,16530.4,0
2021-06-23 11:33:14,16529.8,0
2021-06-23 11:33:15,16529.3,0
2021-06-23 11:33:24,16526.95,0
2021-06-23 11:33:29,16525.3,0
2021-06-23 11:33:30,16526.05,0
2021-06-23 11:33:36,16524.65,0
2021-06-23 11:33:37,16524.6,0
2021-06-23 11:33:40,16524.65,0
2021-06-23 11:33:44,16524.75,0
2021-06-23 11:33:46,16524.55,0
2021-06-23 11:33:49,16525.1,0
2021-06-23 11:33:55,16523.9,0
2021-06-23 11:33:57,16524.55,0
2021-06-23 11:33:59,16524.1,0
2021-06-23 11:33:59,16524.1,0
2021-06-23 11:34:04,16524.95,0
2021-06-23 11:34:09,16526.4,0
2021-06-23 11:34:13,16528.05,0
2021-06-23 11:34:21,16529.2,0
2021-06-23 11:34:28,16529.35,0
2021-06-23 11:34:33,16527.55,0
2021-06-23 11:34:38,16528.35,0
2021-06-23 11:34:41,16529.45,0
2021-06-23 11:34:49,16530.45,0
2021-06-23 11:34:52,16530.05,0
2021-06-23 11:34:53,16530.45,0
2021-06-23 11:34:54,16530.15,0
2021-06-23 11:34:58,16530.6,0
2021-06-23 11:34:59,16530.3,0
2021-06-23 11:34:59,16530.3,0
2021-06-23 11:35:02,16530.7,0
2021-06-23 11:35:07,16532.2,0
2021-06-23 11:35:20,16531.85,0
2021-06-23 11:35:21,16530.15,0
2021-06-23 11:35:25,16532.4,0
2021-06-23 11:35:27,16532.0,0
2021-06-23 11:35:30,16531.25,0
2021-06-23 11:35:32,16531.5,0
2021-06-23 11:35:33,16531.7,0
2021-06-23 11:35:45,16529.05,0
2021-06-23 11:35:49,16528.55,0
2021-06-23 11:35:50,16529.35,0
2021-06-23 11:35:57,16529.8,0
2021-06-23 11:35:58,16529.2,0
2021-06-23 11:36:00,16529.95,0
2021-06-23 11:36:01,16530.15,0
2021-06-23 11:36:03,16530.3,0
2021-06-23 11:36:10,16530.4,0
2021-06-23 11:36:11,16529.95,0
2021-06-23 11:36:13,16530.15,0
2021-06-23 11:36:20,16529.85,0
2021-06-23 11:36:22,16530.4,0
2021-06-23 11:36:30,16529.6,0
2021-06-23 11:36:48,16514.75,0
2021-06-23 11:36:50,16514.7,0
2021-06-23 11:36:55,16517.45,0
2021-06-23 11:36:57,16517.9,0
2021-06-23 11:36:59,16517.1,0
2021-06-23 11:37:02,16517.55,0
2021-06-23 11:37:02,16517.55,0
2021-06-23 11:37:07,16517.95,0
2021-06-23 11:37:11,16517.3,0
2021-06-23 11:37:13,16517.6,0
2021-06-23 11:37:14,16515.7,0
2021-06-23 11:37:23,16519.1,0
2021-06-23 11:37:27,16517.15,0
2021-06-23 11:37:44,16521.95,0
2021-06-23 11:37:45,16520.15,0
2021-06-23 11:37:46,16521.2,0
2021-06-23 11:37:48,16519.75,0
2021-06-23 11:37:53,16519.95,0
2021-06-23 11:37:53,16519.95,0
2021-06-23 11:38:13,16517.15,0
2021-06-23 11:38:16,16517.9,0
2021-06-23 11:38:19,16521.1,0
2021-06-23 11:38:24,16521.9,0
2021-06-23 11:38:30,16521.0,0
2021-06-23 11:38:32,16520.95,0
2021-06-23 11:38:39,16521.95,0
2021-06-23 11:38:43,16521.25,0
2021-06-23 11:38:51,16522.05,0
2021-06-23 11:38:52,16521.45,0
2021-06-23 11:38:54,16520.3,0
2021-06-23 11:39:06,16522.3,0
2021-06-23 11:39:07,16522.35,0
2021-06-23 11:39:10,16521.0,0
2021-06-23 11:39:14,16523.0,0
2021-06-23 11:39:15,16522.8,0
2021-06-23 11:39:16,16523.25,0
2021-06-23 11:39:24,16521.85,0
2021-06-23 11:39:25,16522.7,0
2021-06-23 11:39:28,16520.25,0
2021-06-23 11:39:38,16521.0,0
2021-06-23 11:39:42,16520.3,0
2021-06-23 11:39:44,16521.4,0
2021-06-23 11:39:50,16520.65,0
2021-06-23 11:39:52,16519.05,0
2021-06-23 11:39:55,16520.25,0
2021-06-23 11:40:00,16520.6,0
2021-06-23 11:40:07,16520.3,0
2021-06-23 11:40:09,16520.05,0
2021-06-23 11:40:11,16520.85,0
2021-06-23 11:40:11,16520.85,0
2021-06-23 11:40:21,16519.5,0
2021-06-23 11:40:23,16520.1,0
2021-06-23 11:40:24,16519.7,0
2021-06-23 11:40:25,16519.35,0
2021-06-23 11:40:29,16520.05,0
2021-06-23 11:40:30,16520.35,0
2021-06-23 11:40:35,16519.95,0
2021-06-23 11:40:37,16519.1,0
2021-06-23 11:40:40,16518.9,0
2021-06-23 11:40:41,16519.6,0
2021-06-23 11:40:42,16519.45,0
2021-06-23 11:40:48,16517.5,0
2021-06-23 11:40:49,16517.55,0
2021-06-23 11:40:51,16517.25,0
2021-06-23 11:41:00,16515.55,0
2021-06-23 11:41:01,16514.9,0
2021-06-23 11:41:06,16513.4,0
2021-06-23 11:41:07,16512.65,0
2021-06-23 11:41:14,16511.3,0
2021-06-23 11:41:16,16512.75,0
2021-06-23 11:41:16,16512.75,0
2021-06-23 11:41:25,16509.3,0
2021-06-23 11:41:27,16508.65,0
2021-06-23 11:41:29,16509.3,0
2021-06-23 11:41:31,16509.7,0
2021-06-23 11:41:33,16509.15,0
2021-06-23 11:41:38,16513.3,0
2021-06-23 11:41:39,16514.2,0
2021-06-23 11:41:42,16511.7,0
2021-06-23 11:41:48,16513.0,0
2021-06-23 11:41:56,16511.0,0
2021-06-23 11:41:57,16511.4,0
2021-06-23 11:42:03,16512.05,0
2021-06-23 11:42:05,16510.2,0
2021-06-23 11:42:10,16511.4,0
2021-06-23 11:42:16,16511.15,0
2021-06-23 11:42:20,16510.65,0
2021-06-23 11:42:22,16511.05,0
2021-06-23 11:42:31,16510.85,0
2021-06-23 11:42:33,16510.05,0
2021-06-23 11:42:37,16510.55,0
2021-06-23 11:42:38,16509.75,0
2021-06-23 11:42:39,16509.65,0
2021-06-23 11:42:41,16509.85,0
2021-06-23 11:42:48,16509.8,0
2021-06-23 11:42:51,16510.1,0
2021-06-23 11:42:56,16510.2,0
2021-06-23 11:42:58,16510.4,0
2021-06-23 11:42:59,16510.25,0
2021-06-23 11:43:01,16511.35,0
2021-06-23 11:43:04,16511.75,0
2021-06-23 11:43:05,16512.6,0
2021-06-23 11:43:06,16512.35,0
2021-06-23 11:43:19,16514.15,0
2021-06-23 11:43:23,16514.2,0
2021-06-23 11:43:30,16514.45,0
2021-06-23 11:43:38,16514.2,0
2021-06-23 11:43:39,16514.1,0
2021-06-23 11:43:42,16514.45,0
2021-06-23 11:43:43,16515.4,0
2021-06-23 11:43:44,16514.8,0
2021-06-23 11:43:53,16514.5,0
2021-06-23 11:44:04,16514.3,0
2021-06-23 11:44:06,16514.2,0
2021-06-23 11:44:11,16513.6,0
2021-06-23 11:44:22,16513.85,0
2021-06-23 11:44:23,16512.7,0
2021-06-23 11:44:23,16512.7,0
2021-06-23 11:44:26,16511.75,0
2021-06-23 11:44:27,16510.5,0
2021-06-23 11:44:28,16510.9,0
2021-06-23 11:44:31,16510.45,0
2021-06-23 11:44:40,16510.1,0
2021-06-23 11:44:41,16509.3,0
2021-06-23 11:44:43,16509.4,0
2021-06-23 11:44:47,16507.4,0
2021-06-23 11:45:02,16505.3,0
2021-06-23 11:45:03,16505.6,0
2021-06-23 11:45:06,16505.0,0
2021-06-23 11:45:09,16505.65,0
2021-06-23 11:45:13,16506.0,0
2021-06-23 11:45:17,16505.65,0
2021-06-23 11:45:20,16506.1,0
2021-06-23 11:45:20,16506.1,0
2021-06-23 11:45:27,16505.55,0
2021-06-23 11:45:34,16505.2,0
2021-06-23 11:45:37,16505.55,0
2021-06-23 11:45:39,16505.7,0
2021-06-23 11:45:40,16506.35,0
2021-06-23 11:45:44,16506.15,0
2021-06-23 11:45:47,16505.6,0
2021-06-23 11:45:59,16503.9,0
2021-06-23 11:46:01,16505.5,0
2021-06-23 11:46:08,16503.5,0
2021-06-23 11:46:09,16503.5,0
2021-06-23 11:46:11,16504.65,0
2021-06-23 11:46:12,16504.55,0
2021-06-23 11:46:14,16503.7,0
2021-06-23 11:46:16,16503.6,0
2021-06-23 11:46:20,16504.3,0
2021-06-23 11:46:20,16504.3,0
2021-06-23 11:46:29,16503.55,0
2021-06-23 11:46:33,16502.65,0
2021-06-23 11:46:35,16502.05,0
2021-06-23 11:46:40,16502.95,0
2021-06-23 11:46:45,16502.65,0
2021-06-23 11:46:48,16502.55,0
2021-06-23 11:46:54,16503.15,0
2021-06-23 11:46:59,16502.85,0
2021-06-23 11:47:04,16503.45,0
2021-06-23 11:47:07,16501.9,0
2021-06-23 11:47:07,16501.9,0
2021-06-23 11:47:30,16497.25,0
2021-06-23 11:47:38,16495.75,0
2021-06-23 11:47:40,16495.95,0
2021-06-23 11:47:52,16494.6,0
2021-06-23 11:47:57,16494.9,0
2021-06-23 11:48:09,16494.8,0
2021-06-23 11:48:10,16493.3,0
2021-06-23 11:48:18,16488.25,0
2021-06-23 11:48:21,16487.4,0
2021-06-23 11:48:22,16488.05,0
2021-06-23 11:48:26,16488.9,0
2021-06-23 11:48:27,16487.35,0
2021-06-23 11:48:27,16487.35,0
2021-06-23 11:48:33,16488.65,0
2021-06-23 11:48:34,16488.4,0
2021-06-23 11:48:48,16489.25,0
2021-06-23 11:48:53,16487.85,0
2021-06-23 11:48:56,16488.75,0
2021-06-23 11:49:00,16488.7,0
2021-06-23 11:49:10,16488.8,0
2021-06-23 11:49:20,16489.1,0
2021-06-23 11:49:27,16487.5,0
2021-06-23 11:49:27,16487.5,0
2021-06-23 11:49:32,16487.2,0
2021-06-23 11:49:41,16490.5,0
2021-06-23 11:49:47,16492.15,0
2021-06-23 11:49:48,16492.0,0
2021-06-23 11:49:52,16493.6,0
2021-06-23 11:49:58,16491.85,0
2021-06-23 11:50:06,16489.4,0
2021-06-23 11:50:15,16490.8,0
2021-06-23 11:50:16,16491.1,0
2021-06-23 11:50:18,16490.4,0
2021-06-23 11:50:24,16491.4,0
2021-06-23 11:50:25,16491.45,0
2021-06-23 11:50:25,16491.45,0
2021-06-23 11:50:31,16491.8,0
2021-06-23 11:50:33,16492.1,0
2021-06-23 11:50:34,16492.6,0
2021-06-23 11:50:47,16494.15,0
2021-06-23 11:50:54,16493.9,0
2021-06-23 11:51:03,16494.2,0
2021-06-23 11:51:04,16493.1,0
2021-06-23 11:51:21,16494.3,0
2021-06-23 11:51:24,16493.95,0
2021-06-23 11:51:26,16492.5,0
2021-06-23 11:51:28,16492.8,0
2021-06-23 11:51:28,16492.8,0
2021-06-23 11:51:49,16492.5,0
2021-06-23 11:51:56,16490.15,0
2021-06-23 11:52:04,16491.25,0
2021-06-23 11:52:08,16491.1,0
2021-06-23 11:52:10,16491.0,0
2021-06-23 11:52:12,16491.6,0
2021-06-23 11:52:14,16491.55,0
2021-06-23 11:52:20,16491.8,0
2021-06-23 11:52:25,16490.85,0
2021-06-23 11:52:26,16491.75,0
2021-06-23 11:52:28,16491.15,0
2021-06-23 11:52:31,16491.35,0
2021-06-23 11:52:31,16491.35,0
2021-06-23 11:52:38,16489.65,0
2021-06-23 11:52:42,16490.05,0
2021-06-23 11:52:53,16488.75,0
2021-06-23 11:52:56,16490.0,0
2021-06-23 11:52:59,16489.4,0
2021-06-23 11:53:05,16492.0,0
2021-06-23 11:53:13,16492.25,0
2021-06-23 11:53:15,16494.65,0
2021-06-23 11:53:18,16493.7,0
2021-06-23 11:53:27,16497.6,0
2021-06-23 11:53:32,16497.35,0
2021-06-23 11:53:33,16498.05,0
2021-06-23 11:53:34,16498.1,0
2021-06-23 11:53:47,16497.5,0
2021-06-23 11:53:51,16497.05,0
2021-06-23 11:53:55,16498.05,0
2021-06-23 11:53:56,16497.75,0
2021-06-23 11:53:59,16498.25,0
2021-06-23 11:54:02,16496.95,0
2021-06-23 11:54:07,16496.5,0
2021-06-23 11:54:06,16495.75,0
2021-06-23 11:54:11,16497.2,0
2021-06-23 11:54:37,16495.2,0
2021-06-23 11:54:38,16495.75,0
2021-06-23 11:54:44,16495.25,0
2021-06-23 11:54:54,16494.45,0
2021-06-23 11:54:55,16495.65,0
2021-06-23 11:55:01,16493.75,0
2021-06-23 11:55:05,16494.3,0
2021-06-23 11:55:09,16493.4,0
2021-06-23 11:55:11,16495.5,0
2021-06-23 11:55:13,16494.7,0
2021-06-23 11:55:17,16494.3,0
2021-06-23 11:55:25,16494.75,0
2021-06-23 11:55:29,16494.35,0
2021-06-23 11:55:34,16495.65,0
2021-06-23 11:55:34,16495.65,0
2021-06-23 11:55:45,16494.55,0
2021-06-23 11:55:48,16494.05,0
2021-06-23 11:55:56,16494.35,0
2021-06-23 11:56:02,16494.0,0
2021-06-23 11:56:03,16494.0,0
2021-06-23 11:56:04,16494.35,0
2021-06-23 11:56:06,16493.4,0
2021-06-23 11:56:09,16492.8,0
2021-06-23 11:56:15,16494.2,0
2021-06-23 11:56:16,16494.1,0
2021-06-23 11:56:18,16493.55,0
2021-06-23 11:56:22,16493.15,0
2021-06-23 11:56:23,16493.4,0
2021-06-23 11:56:29,16492.95,0
2021-06-23 11:56:32,16492.9,0
2021-06-23 11:56:33,16493.45,0
2021-06-23 11:56:36,16493.0,0
2021-06-23 11:56:36,16493.0,0
2021-06-23 11:56:46,16491.5,0
2021-06-23 11:56:54,16491.5,0
2021-06-23 11:56:55,16492.05,0
2021-06-23 11:57:10,16493.3,0
2021-06-23 11:57:13,16493.1,0
2021-06-23 11:57:14,16492.85,0
2021-06-23 11:57:20,16494.45,0
2021-06-23 11:57:22,16494.9,0
2021-06-23 11:57:23,16494.4,0
2021-06-23 11:57:25,16494.85,0
2021-06-23 11:57:37,16493.65,0
2021-06-23 11:57:48,16493.55,0
2021-06-23 11:57:50,16493.3,0
2021-06-23 11:57:51,16493.45,0
2021-06-23 11:57:52,16492.7,0
2021-06-23 11:57:59,16492.45,0
2021-06-23 11:58:00,16492.25,0
2021-06-23 11:58:06,16490.55,0
2021-06-23 11:58:12,16489.1,0
2021-06-23 11:58:13,16489.6,0
2021-06-23 11:58:21,16489.7,0
2021-06-23 11:58:25,16488.35,0
2021-06-23 11:58:26,16488.55,0
2021-06-23 11:58:29,16481.3,0
2021-06-23 11:58:35,16481.3,0
2021-06-23 11:58:36,16481.7,0
2021-06-23 11:58:38,16482.95,0
2021-06-23 11:58:47,16481.55,0
2021-06-23 11:58:49,16481.0,0
2021-06-23 11:58:49,16481.0,0
2021-06-23 11:58:52,16477.95,0
2021-06-23 11:58:55,16479.2,0
2021-06-23 11:59:00,16477.8,0
2021-06-23 11:59:07,16477.05,0
2021-06-23 11:59:10,16477.5,0
2021-06-23 11:59:11,16478.2,0
2021-06-23 11:59:32,16478.25,0
2021-06-23 11:59:36,16475.15,0
2021-06-23 11:59:43,16470.85,0
2021-06-23 11:59:43,16470.85,0
2021-06-23 11:59:54,16471.9,0
2021-06-23 11:59:57,16472.05,0
2021-06-23 12:00:01,16474.2,0
2021-06-23 12:00:05,16473.65,0
2021-06-23 12:00:15,16472.85,0
2021-06-23 12:00:22,16474.0,0
2021-06-23 12:00:25,16475.25,0
2021-06-23 12:00:26,16475.15,0
2021-06-23 12:00:42,16475.6,0
2021-06-23 12:00:47,16475.65,0
2021-06-23 12:00:55,16475.25,0
2021-06-23 12:00:57,16473.5,0
2021-06-23 12:00:58,16473.75,0
2021-06-23 12:01:00,16473.15,0
2021-06-23 12:01:06,16472.7,0
2021-06-23 12:01:11,16472.4,0
2021-06-23 12:01:17,16472.35,0
2021-06-23 12:01:27,16468.6,0
2021-06-23 12:01:30,16467.95,0
2021-06-23 12:01:32,16468.15,0
2021-06-23 12:01:38,16466.3,0
2021-06-23 12:01:42,16465.9,0
2021-06-23 12:01:44,16465.4,0
2021-06-23 12:01:46,16465.35,0
2021-06-23 12:01:47,16464.75,0
2021-06-23 12:01:50,16464.3,0
2021-06-23 12:01:50,16464.3,0
2021-06-23 12:02:02,16471.95,0
2021-06-23 12:02:08,16470.05,0
2021-06-23 12:02:10,16470.9,0
2021-06-23 12:02:13,16472.0,0
2021-06-23 12:02:16,16472.0,0
2021-06-23 12:02:18,16472.5,0
2021-06-23 12:02:24,16472.2,0
2021-06-23 12:02:26,16472.5,0
2021-06-23 12:02:31,16473.0,0
2021-06-23 12:02:32,16473.45,0
2021-06-23 12:02:34,16473.3,0
2021-06-23 12:02:35,16473.35,0
2021-06-23 12:02:39,16473.65,0
2021-06-23 12:02:44,16473.45,0
2021-06-23 12:02:48,16473.85,0
2021-06-23 12:02:48,16473.85,0
2021-06-23 12:03:10,16482.95,0
2021-06-23 12:03:15,16489.1,0
2021-06-23 12:03:17,16488.85,0
2021-06-23 12:03:21,16487.95,0
2021-06-23 12:03:34,16487.3,0
2021-06-23 12:03:37,16486.2,0
2021-06-23 12:03:38,16487.05,0
2021-06-23 12:03:43,16495.25,0
2021-06-23 12:03:54,16494.5,0
2021-06-23 12:03:59,16493.2,0
2021-06-23 12:04:08,16495.0,0
2021-06-23 12:04:12,16499.3,0
2021-06-23 12:04:18,16499.85,0
2021-06-23 12:04:23,16499.25,0
2021-06-23 12:04:24,16499.1,0
2021-06-23 12:04:33,16498.6,0
2021-06-23 12:04:41,16499.1,0
2021-06-23 12:04:48,16502.05,0
2021-06-23 12:04:49,16501.2,0
2021-06-23 12:04:51,16502.0,0
2021-06-23 12:04:52,16502.0,0
2021-06-23 12:04:53,16500.6,0
2021-06-23 12:04:54,16501.6,0
2021-06-23 12:05:00,16500.2,0
2021-06-23 12:05:03,16499.95,0
2021-06-23 12:05:07,16499.6,0
2021-06-23 12:05:07,16499.6,0
2021-06-23 12:05:20,16497.4,0
2021-06-23 12:05:34,16499.9,0
2021-06-23 12:05:43,16501.6,0
2021-06-23 12:05:48,16501.2,0
2021-06-23 12:05:49,16500.45,0
2021-06-23 12:05:57,16500.2,0
2021-06-23 12:05:58,16500.05,0
2021-06-23 12:06:01,16500.85,0
2021-06-23 12:06:02,16501.6,0
2021-06-23 12:06:03,16501.05,0
2021-06-23 12:06:19,16496.6,0
2021-06-23 12:06:25,16498.2,0
2021-06-23 12:06:26,16497.8,0
2021-06-23 12:06:32,16496.85,0
2021-06-23 12:06:36,16496.3,0
2021-06-23 12:06:44,16496.35,0
2021-06-23 12:06:46,16492.3,0
2021-06-23 12:07:04,16492.6,0
2021-06-23 12:07:10,16492.55,0
2021-06-23 12:07:12,16492.45,0
2021-06-23 12:07:15,16492.0,0
2021-06-23 12:07:16,16491.85,0
2021-06-23 12:07:23,16490.0,0
2021-06-23 12:07:35,16489.7,0
2021-06-23 12:07:37,16490.7,0
2021-06-23 12:07:38,16490.5,0
2021-06-23 12:07:49,16491.3,0
2021-06-23 12:07:50,16492.15,0
2021-06-23 12:07:59,16494.3,0
2021-06-23 12:08:02,16494.55,0
2021-06-23 12:08:10,16495.7,0
2021-06-23 12:08:11,16495.35,0
2021-06-23 12:08:18,16498.15,0
2021-06-23 12:08:21,16494.25,0
2021-06-23 12:08:22,16496.85,0
2021-06-23 12:08:27,16495.1,0
2021-06-23 12:08:28,16496.05,0
2021-06-23 12:08:43,16496.4,0
2021-06-23 12:09:05,16497.5,0
2021-06-23 12:09:07,16496.5,0
2021-06-23 12:09:12,16497.6,0
2021-06-23 12:09:13,16497.2,0
2021-06-23 12:09:18,16497.2,0
2021-06-23 12:09:19,16497.45,0
2021-06-23 12:09:21,16497.65,0
2021-06-23 12:09:22,16497.75,0
2021-06-23 12:09:23,16496.9,0
2021-06-23 12:09:29,16497.2,0
2021-06-23 12:09:36,16497.65,0
2021-06-23 12:09:39,16498.05,0
2021-06-23 12:09:41,16498.1,0
2021-06-23 12:09:51,16498.15,0
2021-06-23 12:09:56,16496.95,0
2021-06-23 12:10:00,16497.05,0
2021-06-23 12:10:04,16496.45,0
2021-06-23 12:10:07,16497.2,0
2021-06-23 12:10:08,16497.0,0
2021-06-23 12:10:13,16496.8,0
2021-06-23 12:10:14,16496.4,0
2021-06-23 12:10:15,16496.15,0
2021-06-23 12:10:16,16496.35,0
2021-06-23 12:10:20,16492.0,0
2021-06-23 12:10:33,16493.5,0
2021-06-23 12:10:34,16493.4,0
2021-06-23 12:10:38,16493.35,0
2021-06-23 12:10:41,16492.7,0
2021-06-23 12:10:47,16492.25,0
2021-06-23 12:10:51,16494.0,0
2021-06-23 12:10:58,16491.7,0
2021-06-23 12:11:00,16492.4,0
2021-06-23 12:11:02,16492.8,0
2021-06-23 12:11:09,16492.35,0
2021-06-23 12:11:14,16492.55,0
2021-06-23 12:11:15,16492.3,0
2021-06-23 12:11:23,16492.05,0
2021-06-23 12:11:26,16493.2,0
2021-06-23 12:11:27,16492.45,0
2021-06-23 12:11:28,16492.4,0
2021-06-23 12:11:29,16492.85,0
2021-06-23 12:11:34,16492.7,0
2021-06-23 12:11:40,16491.75,0
2021-06-23 12:11:59,16490.5,0
2021-06-23 12:12:10,16490.55,0
2021-06-23 12:12:20,16496.25,0
2021-06-23 12:12:25,16495.1,0
2021-06-23 12:12:26,16494.65,0
2021-06-23 12:12:31,16495.45,0
2021-06-23 12:12:34,16495.85,0
2021-06-23 12:12:36,16495.1,0
2021-06-23 12:12:43,16496.75,0
2021-06-23 12:12:49,16497.8,0
2021-06-23 12:12:53,16499.4,0
2021-06-23 12:12:55,16499.55,0
2021-06-23 12:12:59,16501.1,0
2021-06-23 12:12:59,16501.1,0
2021-06-23 12:13:14,16496.65,0
2021-06-23 12:13:20,16497.15,0
2021-06-23 12:13:21,16496.65,0
2021-06-23 12:13:23,16497.85,0
2021-06-23 12:13:25,16497.3,0
2021-06-23 12:13:28,16497.05,0
2021-06-23 12:13:29,16496.95,0
2021-06-23 12:13:31,16499.05,0
2021-06-23 12:13:35,16499.95,0
2021-06-23 12:13:41,16499.1,0
2021-06-23 12:13:57,16501.6,0
2021-06-23 12:13:59,16502.5,0
2021-06-23 12:14:01,16503.6,0
2021-06-23 12:14:03,16503.8,0
2021-06-23 12:14:03,16503.8,0
2021-06-23 12:14:20,16505.7,0
2021-06-23 12:14:22,16505.5,0
2021-06-23 12:14:24,16506.5,0
2021-06-23 12:14:27,16505.8,0
2021-06-23 12:14:28,16505.7,0
2021-06-23 12:14:35,16506.5,0
2021-06-23 12:14:36,16505.9,0
2021-06-23 12:14:47,16504.9,0
2021-06-23 12:14:59,16503.0,0
2021-06-23 12:15:08,16503.95,0
2021-06-23 12:15:11,16502.75,0
2021-06-23 12:15:13,16503.7,0
2021-06-23 12:15:16,16504.25,0
2021-06-23 12:15:17,16504.3,0
2021-06-23 12:15:18,16503.15,0
2021-06-23 12:15:21,16504.25,0
2021-06-23 12:15:22,16504.9,0
2021-06-23 12:15:23,16503.35,0
2021-06-23 12:15:27,16502.25,0
2021-06-23 12:15:39,16502.0,0
2021-06-23 12:15:55,16502.6,0
2021-06-23 12:16:01,16502.25,0
2021-06-23 12:16:03,16501.8,0
2021-06-23 12:16:09,16501.95,0
2021-06-23 12:16:12,16501.75,0
2021-06-23 12:16:12,16501.75,0
2021-06-23 12:16:14,16502.4,0
2021-06-23 12:16:15,16502.55,0
2021-06-23 12:16:31,16506.35,0
2021-06-23 12:16:34,16508.3,0
2021-06-23 12:16:40,16507.75,0
2021-06-23 12:16:42,16507.4,0
2021-06-23 12:16:44,16506.45,0
2021-06-23 12:16:59,16510.5,0
2021-06-23 12:17:00,16509.85,0
2021-06-23 12:17:05,16508.15,0
2021-06-23 12:17:08,16508.55,0
2021-06-23 12:17:09,16508.05,0
2021-06-23 12:17:20,16507.65,0
2021-06-23 12:17:26,16507.8,0
2021-06-23 12:17:30,16507.0,0
2021-06-23 12:17:41,16505.65,0
2021-06-23 12:17:43,16505.4,0
2021-06-23 12:17:47,16505.1,0
2021-06-23 12:18:06,16508.3,0
2021-06-23 12:18:11,16510.0,0
2021-06-23 12:18:19,16511.3,0
2021-06-23 12:18:20,16511.0,0
2021-06-23 12:18:21,16510.8,0
2021-06-23 12:18:23,16510.3,0
2021-06-23 12:18:25,16509.95,0
2021-06-23 12:18:36,16508.75,0
2021-06-23 12:18:38,16509.5,0
2021-06-23 12:18:40,16509.35,0
2021-06-23 12:18:41,16509.35,0
2021-06-23 12:18:43,16510.4,0
2021-06-23 12:18:46,16509.35,0
2021-06-23 12:18:57,16508.85,0
2021-06-23 12:19:06,16509.85,0
2021-06-23 12:19:10,16510.65,0
2021-06-23 12:19:24,16512.75,0
2021-06-23 12:19:37,16511.8,0
2021-06-23 12:19:37,16511.8,0
2021-06-23 12:19:38,16512.25,0
2021-06-23 12:19:40,16510.05,0
2021-06-23 12:19:49,16510.25,0
2021-06-23 12:19:57,16508.25,0
2021-06-23 12:19:58,16508.3,0
2021-06-23 12:20:01,16508.7,0
2021-06-23 12:20:09,16508.05,0
2021-06-23 12:20:11,16510.05,0
2021-06-23 12:20:26,16508.05,0
2021-06-23 12:20:28,16508.3,0
2021-06-23 12:20:43,16509.1,0
2021-06-23 12:20:51,16513.45,0
2021-06-23 12:20:52,16513.9,0
2021-06-23 12:20:55,16512.8,0
2021-06-23 12:20:56,16513.1,0
2021-06-23 12:21:00,16513.1,0
2021-06-23 12:21:06,16514.5,0
2021-06-23 12:21:14,16513.7,0
2021-06-23 12:21:19,16512.35,0
2021-06-23 12:21:33,16507.0,0
2021-06-23 12:21:36,16506.35,0
2021-06-23 12:21:37,16506.3,0
2021-06-23 12:21:38,16506.3,0
2021-06-23 12:21:40,16506.85,0
2021-06-23 12:21:44,16506.1,0
2021-06-23 12:21:49,16505.85,0
2021-06-23 12:21:53,16504.25,0
2021-06-23 12:21:57,16505.25,0
2021-06-23 12:21:58,16505.65,0
2021-06-23 12:22:01,16508.75,0
2021-06-23 12:22:03,16508.35,0
2021-06-23 12:22:07,16507.65,0
2021-06-23 12:22:10,16510.9,0
2021-06-23 12:22:14,16510.55,0
2021-06-23 12:22:20,16507.85,0
2021-06-23 12:22:28,16506.8,0
2021-06-23 12:22:30,16507.85,0
2021-06-23 12:22:31,16508.25,0
2021-06-23 12:22:37,16507.05,0
2021-06-23 12:22:41,16506.85,0
2021-06-23 12:22:46,16508.1,0
2021-06-23 12:22:59,16509.15,0
2021-06-23 12:23:05,16510.2,0
2021-06-23 12:23:09,16509.4,0
2021-06-23 12:23:10,16509.5,0
2021-06-23 12:23:25,16509.5,0
2021-06-23 12:23:36,16512.55,0
2021-06-23 12:23:37,16512.9,0
2021-06-23 12:23:39,16512.15,0
2021-06-23 12:23:40,16513.9,0
2021-06-23 12:23:47,16512.55,0
2021-06-23 12:23:54,16512.75,0
2021-06-23 12:23:58,16512.2,0
2021-06-23 12:24:02,16512.6,0
2021-06-23 12:24:02,16512.6,0
2021-06-23 12:24:09,16514.15,0
2021-06-23 12:24:12,16514.25,0
2021-06-23 12:24:15,16513.95,0
2021-06-23 12:24:18,16514.4,0
2021-06-23 12:24:20,16515.35,0
2021-06-23 12:24:22,16515.2,0
2021-06-23 12:24:23,16516.35,0
2021-06-23 12:24:27,16515.95,0
2021-06-23 12:24:31,16517.45,0
2021-06-23 12:24:40,16518.75,0
2021-06-23 12:24:44,16518.75,0
2021-06-23 12:24:45,16520.4,0
2021-06-23 12:24:49,16519.8,0
2021-06-23 12:24:54,16520.4,0
2021-06-23 12:25:00,16520.05,0
2021-06-23 12:25:02,16519.25,0
2021-06-23 12:25:05,16521.9,0
2021-06-23 12:25:17,16517.45,0
2021-06-23 12:25:25,16517.7,0
2021-06-23 12:25:34,16516.7,0
2021-06-23 12:25:35,16516.45,0
2021-06-23 12:25:43,16516.5,0
2021-06-23 12:25:49,16515.7,0
2021-06-23 12:25:52,16515.95,0
2021-06-23 12:25:53,16515.4,0
2021-06-23 12:26:04,16514.3,0
2021-06-23 12:26:13,16514.15,0
2021-06-23 12:26:23,16514.4,0
2021-06-23 12:26:29,16514.6,0
2021-06-23 12:26:31,16515.35,0
2021-06-23 12:26:32,16515.65,0
2021-06-23 12:26:33,16515.55,0
2021-06-23 12:26:34,16515.8,0
2021-06-23 12:26:35,16516.25,0
2021-06-23 12:26:36,16514.95,0
2021-06-23 12:26:40,16516.2,0
2021-06-23 12:26:46,16516.4,0
2021-06-23 12:26:53,16515.35,0
2021-06-23 12:27:04,16508.8,0
2021-06-23 12:27:06,16509.1,0
2021-06-23 12:27:29,16510.05,0
2021-06-23 12:27:33,16510.75,0
2021-06-23 12:27:39,16508.3,0
2021-06-23 12:27:41,16509.2,0
2021-06-23 12:28:04,16512.9,0
2021-06-23 12:28:06,16513.05,0
2021-06-23 12:28:16,16506.75,0
2021-06-23 12:28:40,16504.75,0
2021-06-23 12:28:53,16504.85,0
2021-06-23 12:28:58,16505.15,0
2021-06-23 12:29:03,16505.35,0
2021-06-23 12:29:12,16506.0,0
2021-06-23 12:29:14,16505.9,0
2021-06-23 12:29:15,16507.75,0
2021-06-23 12:29:16,16507.85,0
2021-06-23 12:29:17,16507.9,0
2021-06-23 12:29:29,16509.3,0
2021-06-23 12:29:33,16510.55,0
2021-06-23 12:29:41,16509.3,0
2021-06-23 12:29:42,16509.25,0
2021-06-23 12:29:50,16507.2,0
2021-06-23 12:29:52,16507.9,0
2021-06-23 12:30:00,16505.6,0
2021-06-23 12:30:01,16506.1,0
2021-06-23 12:30:10,16505.15,0
2021-06-23 12:30:13,16505.3,0
2021-06-23 12:30:16,16505.75,0
2021-06-23 12:30:17,16505.2,0
2021-06-23 12:30:18,16506.35,0
2021-06-23 12:30:23,16509.8,0
2021-06-23 12:30:27,16507.05,0
2021-06-23 12:30:32,16506.55,0
2021-06-23 12:30:48,16505.05,0
2021-06-23 12:30:53,16503.85,0
2021-06-23 12:31:06,16502.55,0
2021-06-23 12:31:10,16502.45,0
2021-06-23 12:31:11,16502.95,0
2021-06-23 12:31:15,16502.35,0
2021-06-23 12:31:21,16503.05,0
2021-06-23 12:31:22,16502.95,0
2021-06-23 12:31:23,16503.1,0
2021-06-23 12:31:24,16503.0,0
2021-06-23 12:31:30,16503.05,0
2021-06-23 12:31:32,16503.1,0
2021-06-23 12:31:34,16503.0,0
2021-06-23 12:31:45,16503.2,0
2021-06-23 12:31:47,16503.05,0
2021-06-23 12:31:54,16502.5,0
2021-06-23 12:31:56,16503.4,0
2021-06-23 12:31:58,16503.55,0
2021-06-23 12:32:05,16504.35,0
2021-06-23 12:32:12,16504.45,0
2021-06-23 12:32:13,16504.25,0
2021-06-23 12:32:14,16504.05,0
2021-06-23 12:32:21,16504.2,0
2021-06-23 12:32:27,16499.55,0
2021-06-23 12:32:31,16499.3,0
2021-06-23 12:32:35,16499.4,0
2021-06-23 12:32:45,16497.55,0
2021-06-23 12:32:49,16496.35,0
2021-06-23 12:33:00,16498.65,0
2021-06-23 12:33:04,16500.55,0
2021-06-23 12:33:05,16499.45,0
2021-06-23 12:33:12,16503.0,0
2021-06-23 12:33:16,16503.65,0
2021-06-23 12:33:21,16501.5,0
2021-06-23 12:33:22,16500.95,0
2021-06-23 12:33:26,16501.25,0
2021-06-23 12:33:35,16500.4,0
2021-06-23 12:33:42,16500.9,0
2021-06-23 12:33:49,16500.75,0
2021-06-23 12:34:02,16501.95,0
2021-06-23 12:34:13,16500.95,0
2021-06-23 12:34:13,16500.95,0
2021-06-23 12:34:18,16500.25,0
2021-06-23 12:34:30,16501.2,0
2021-06-23 12:34:35,16502.0,0
2021-06-23 12:34:38,16501.7,0
2021-06-23 12:34:48,16499.85,0
2021-06-23 12:34:49,16500.05,0
2021-06-23 12:34:57,16500.0,0
2021-06-23 12:34:59,16500.45,0
2021-06-23 12:35:00,16500.95,0
2021-06-23 12:35:03,16500.45,0
2021-06-23 12:35:06,16500.9,0
2021-06-23 12:35:08,16502.1,0
2021-06-23 12:35:11,16501.45,0
2021-06-23 12:35:11,16501.45,0
2021-06-23 12:35:19,16500.2,0
2021-06-23 12:35:23,16501.35,0
2021-06-23 12:35:31,16501.1,0
2021-06-23 12:35:32,16501.7,0
2021-06-23 12:35:36,16501.25,0
2021-06-23 12:35:40,16501.95,0
2021-06-23 12:35:53,16499.1,0
2021-06-23 12:35:56,16499.5,0
2021-06-23 12:36:06,16499.2,0
2021-06-23 12:36:09,16499.2,0
2021-06-23 12:36:10,16499.85,0
2021-06-23 12:36:13,16499.55,0
2021-06-23 12:36:15,16499.55,0
2021-06-23 12:36:16,16499.75,0
2021-06-23 12:36:21,16500.15,0
2021-06-23 12:36:24,16499.9,0
2021-06-23 12:36:25,16499.55,0
2021-06-23 12:36:31,16499.3,0
2021-06-23 12:36:32,16499.65,0
2021-06-23 12:36:33,16499.05,0
2021-06-23 12:36:34,16500.1,0
2021-06-23 12:36:35,16499.7,0
2021-06-23 12:36:41,16499.5,0
2021-06-23 12:36:46,16499.75,0
2021-06-23 12:36:47,16499.2,0
2021-06-23 12:37:05,16498.45,0
2021-06-23 12:37:11,16493.7,0
2021-06-23 12:37:21,16496.0,0
2021-06-23 12:37:29,16497.2,0
2021-06-23 12:37:42,16497.15,0
2021-06-23 12:37:51,16499.75,0
2021-06-23 12:37:56,16499.4,0
2021-06-23 12:37:57,16499.5,0
2021-06-23 12:37:59,16500.35,0
2021-06-23 12:38:00,16500.85,0
2021-06-23 12:38:02,16499.5,0
2021-06-23 12:38:10,16499.3,0
2021-06-23 12:38:14,16499.8,0
2021-06-23 12:38:16,16502.55,0
2021-06-23 12:38:19,16505.1,0
2021-06-23 12:38:21,16504.0,0
2021-06-23 12:38:23,16504.2,0
2021-06-23 12:38:26,16504.2,0
2021-06-23 12:38:30,16504.25,0
2021-06-23 12:38:32,16504.85,0
2021-06-23 12:38:53,16507.2,0
2021-06-23 12:38:54,16508.1,0
2021-06-23 12:38:56,16508.45,0
2021-06-23 12:39:03,16506.6,0
2021-06-23 12:39:04,16507.4,0
2021-06-23 12:39:08,16507.85,0
2021-06-23 12:39:11,16509.15,0
2021-06-23 12:39:12,16510.2,0
2021-06-23 12:39:18,16513.1,0
2021-06-23 12:39:38,16509.15,0
2021-06-23 12:39:40,16509.45,0
2021-06-23 12:39:49,16510.3,0
2021-06-23 12:39:52,16509.15,0
2021-06-23 12:39:53,16509.15,0
2021-06-23 12:40:07,16510.35,0
2021-06-23 12:40:10,16510.65,0
2021-06-23 12:40:11,16510.95,0
2021-06-23 12:40:17,16507.05,0
2021-06-23 12:40:26,16502.65,0
2021-06-23 12:40:30,16504.9,0
2021-06-23 12:40:32,16503.4,0
2021-06-23 12:40:33,16503.6,0
2021-06-23 12:40:34,16504.1,0
2021-06-23 12:40:36,16504.1,0
2021-06-23 12:40:39,16501.85,0
2021-06-23 12:40:55,16500.85,0
2021-06-23 12:40:59,16501.55,0
2021-06-23 12:41:13,16500.55,0
2021-06-23 12:41:15,16500.7,0
2021-06-23 12:41:17,16497.45,0
2021-06-23 12:41:19,16498.35,0
2021-06-23 12:41:44,16498.9,0
2021-06-23 12:41:51,16500.25,0
2021-06-23 12:41:58,16497.9,0
2021-06-23 12:42:00,16500.0,0
2021-06-23 12:42:04,16498.85,0
2021-06-23 12:42:10,16500.35,0
2021-06-23 12:42:21,16497.65,0
2021-06-23 12:42:46,16499.65,0
2021-06-23 12:42:49,16498.3,0
2021-06-23 12:42:50,16498.5,0
2021-06-23 12:42:57,16497.8,0
2021-06-23 12:43:10,16494.15,0
2021-06-23 12:43:12,16494.3,0
2021-06-23 12:43:17,16490.05,0
2021-06-23 12:43:18,16489.55,0
2021-06-23 12:43:28,16489.8,0
2021-06-23 12:43:30,16490.4,0
2021-06-23 12:43:38,16495.2,0
2021-06-23 12:43:42,16497.65,0
2021-06-23 12:43:49,16496.5,0
2021-06-23 12:43:51,16495.2,0
2021-06-23 12:43:52,16494.3,0
2021-06-23 12:43:54,16494.65,0
2021-06-23 12:43:55,16492.05,0
2021-06-23 12:44:01,16492.8,0
2021-06-23 12:44:09,16487.6,0
2021-06-23 12:44:20,16483.25,0
2021-06-23 12:44:23,16483.35,0
2021-06-23 12:44:49,16486.45,0
2021-06-23 12:44:50,16485.6,0
2021-06-23 12:44:56,16485.4,0
2021-06-23 12:44:58,16486.0,0
2021-06-23 12:44:59,16486.6,0
2021-06-23 12:45:09,16477.15,0
2021-06-23 12:45:16,16477.85,0
2021-06-23 12:45:20,16480.75,0
2021-06-23 12:45:22,16479.05,0
2021-06-23 12:45:23,16478.8,0
2021-06-23 12:45:31,16478.25,0
2021-06-23 12:45:33,16477.4,0
2021-06-23 12:45:34,16476.8,0
2021-06-23 12:45:35,16476.4,0
2021-06-23 12:45:37,16477.0,0
2021-06-23 12:45:41,16478.65,0
2021-06-23 12:45:58,16479.5,0
2021-06-23 12:46:24,16492.75,0
2021-06-23 12:46:29,16495.75,0
2021-06-23 12:46:30,16496.75,0
2021-06-23 12:46:33,16494.7,0
2021-06-23 12:46:39,16493.05,0
2021-06-23 12:46:42,16493.6,0
2021-06-23 12:46:44,16494.35,0
2021-06-23 12:46:47,16493.65,0
2021-06-23 12:46:50,16492.0,0
2021-06-23 12:46:54,16491.95,0
2021-06-23 12:46:56,16491.85,0
2021-06-23 12:46:58,16488.95,0
2021-06-23 12:47:05,16490.45,0
2021-06-23 12:47:13,16493.6,0
2021-06-23 12:47:21,16496.7,0
2021-06-23 12:47:22,16496.35,0
2021-06-23 12:47:33,16495.7,0
2021-06-23 12:48:03,16494.8,0
2021-06-23 12:48:08,16493.85,0
2021-06-23 12:48:10,16494.35,0
2021-06-23 12:48:11,16494.5,0
2021-06-23 12:48:16,16493.65,0
2021-06-23 12:48:29,16493.95,0
2021-06-23 12:48:44,16496.4,0
2021-06-23 12:49:02,16498.9,0
2021-06-23 12:49:04,16496.9,0
2021-06-23 12:49:11,16498.15,0
2021-06-23 12:49:14,16500.65,0
2021-06-23 12:49:14,16500.65,0
2021-06-23 12:49:23,16501.1,0
2021-06-23 12:49:24,16501.95,0
2021-06-23 12:49:28,16500.35,0
2021-06-23 12:49:30,16501.85,0
2021-06-23 12:49:36,16503.35,0
2021-06-23 12:49:48,16502.4,0
2021-06-23 12:49:51,16503.4,0
2021-06-23 12:49:58,16504.15,0
2021-06-23 12:50:07,16501.95,0
2021-06-23 12:50:08,16502.0,0
2021-06-23 12:50:09,16501.15,0
2021-06-23 12:50:14,16501.45,0
2021-06-23 12:50:30,16500.15,0
2021-06-23 12:50:39,16503.1,0
2021-06-23 12:50:41,16504.9,0
2021-06-23 12:50:51,16504.85,0
2021-06-23 12:50:59,16503.15,0
2021-06-23 12:51:05,16502.7,0
2021-06-23 12:51:06,16502.85,0
2021-06-23 12:51:13,16503.6,0
2021-06-23 12:51:16,16504.35,0
2021-06-23 12:51:22,16504.45,0
2021-06-23 12:51:26,16504.35,0
2021-06-23 12:51:28,16505.2,0
2021-06-23 12:51:30,16505.55,0
2021-06-23 12:51:30,16505.55,0
2021-06-23 12:51:35,16506.4,0
2021-06-23 12:51:40,16507.95,0
2021-06-23 12:51:41,16509.4,0
2021-06-23 12:51:58,16509.6,0
2021-06-23 12:52:00,16510.0,0
2021-06-23 12:52:12,16510.8,0
2021-06-23 12:52:13,16510.75,0
2021-06-23 12:52:16,16510.85,0
2021-06-23 12:52:27,16506.85,0
2021-06-23 12:52:28,16506.25,0
2021-06-23 12:52:46,16505.2,0
2021-06-23 12:52:46,16505.2,0
2021-06-23 12:52:52,16507.4,0
2021-06-23 12:53:03,16508.45,0
2021-06-23 12:53:04,16508.8,0
2021-06-23 12:53:05,16508.6,0
2021-06-23 12:53:07,16508.95,0
2021-06-23 12:53:16,16508.7,0
2021-06-23 12:53:18,16509.15,0
2021-06-23 12:53:26,16506.1,0
2021-06-23 12:53:42,16503.8,0
2021-06-23 12:53:52,16507.35,0
2021-06-23 12:54:02,16506.65,0
2021-06-23 12:54:14,16507.1,0
2021-06-23 12:54:15,16506.3,0
2021-06-23 12:54:17,16506.1,0
2021-06-23 12:54:18,16506.45,0
2021-06-23 12:54:24,16506.6,0
2021-06-23 12:54:30,16506.7,0
2021-06-23 12:54:31,16506.5,0
2021-06-23 12:54:34,16506.5,0
2021-06-23 12:54:41,16508.3,0
2021-06-23 12:54:42,16508.05,0
2021-06-23 12:54:45,16508.5,0
2021-06-23 12:54:51,16508.65,0
2021-06-23 12:54:52,16508.5,0
2021-06-23 12:55:16,16510.5,0
2021-06-23 12:55:18,16510.45,0
2021-06-23 12:55:28,16510.3,0
2021-06-23 12:55:30,16510.7,0
2021-06-23 12:55:32,16509.95,0
2021-06-23 12:55:42,16509.95,0
2021-06-23 12:55:54,16509.65,0
2021-06-23 12:55:59,16508.6,0
2021-06-23 12:56:27,16508.6,0
2021-06-23 12:56:38,16506.95,0
2021-06-23 12:56:39,16507.4,0
2021-06-23 12:56:45,16506.75,0
2021-06-23 12:56:47,16507.2,0
2021-06-23 12:56:49,16506.6,0
2021-06-23 12:56:53,16501.35,0
2021-06-23 12:57:08,16504.75,0
2021-06-23 12:57:09,16505.3,0
2021-06-23 12:57:11,16506.65,0
2021-06-23 12:57:17,16505.85,0
2021-06-23 12:57:24,16506.1,0
2021-06-23 12:57:27,16506.05,0
2021-06-23 12:57:27,16506.05,0
2021-06-23 12:57:48,16505.45,0
2021-06-23 12:57:51,16504.15,0
2021-06-23 12:57:54,16505.25,0
2021-06-23 12:57:55,16505.4,0
2021-06-23 12:58:00,16505.25,0
2021-06-23 12:58:03,16504.85,0
2021-06-23 12:58:05,16504.4,0
2021-06-23 12:58:09,16503.35,0
2021-06-23 12:58:22,16500.3,0
2021-06-23 12:58:29,16502.6,0
2021-06-23 12:58:37,16501.4,0
2021-06-23 12:58:39,16500.4,0
2021-06-23 12:59:07,16499.95,0
2021-06-23 12:59:13,16501.15,0
2021-06-23 12:59:19,16501.3,0
2021-06-23 12:59:21,16502.75,0
2021-06-23 12:59:25,16502.45,0
2021-06-23 12:59:26,16502.9,0
2021-06-23 12:59:27,16502.2,0
2021-06-23 12:59:29,16502.9,0
2021-06-23 12:59:31,16503.1,0
2021-06-23 12:59:32,16503.9,0
2021-06-23 12:59:33,16503.85,0
2021-06-23 12:59:47,16504.3,0
2021-06-23 12:59:50,16504.6,0
2021-06-23 12:59:52,16504.0,0
2021-06-23 12:59:56,16503.2,0
2021-06-23 13:00:00,16503.45,0
2021-06-23 13:00:11,16505.45,0
2021-06-23 13:00:17,16506.05,0
2021-06-23 13:00:22,16505.25,0
2021-06-23 13:00:26,16506.6,0
2021-06-23 13:00:30,16505.9,0
2021-06-23 13:00:32,16506.4,0
2021-06-23 13:00:39,16505.2,0
2021-06-23 13:00:40,16505.5,0
2021-06-23 13:00:46,16505.2,0
2021-06-23 13:00:50,16505.4,0
2021-06-23 13:01:05,16504.05,0
2021-06-23 13:01:13,16502.3,0
2021-06-23 13:01:24,16503.4,0
2021-06-23 13:01:35,16502.75,0
2021-06-23 13:01:43,16498.85,0
2021-06-23 13:01:55,16498.55,0
2021-06-23 13:02:06,16495.6,0
2021-06-23 13:02:11,16495.7,0
2021-06-23 13:02:14,16496.8,0
2021-06-23 13:02:15,16495.7,0
2021-06-23 13:02:16,16496.2,0
2021-06-23 13:02:27,16494.85,0
2021-06-23 13:02:28,16496.45,0
2021-06-23 13:02:41,16497.05,0
2021-06-23 13:02:49,16494.85,0
2021-06-23 13:03:05,16496.2,0
2021-06-23 13:03:06,16495.45,0
2021-06-23 13:03:07,16496.45,0
2021-06-23 13:03:11,16496.85,0
2021-06-23 13:03:13,16496.5,0
2021-06-23 13:03:26,16497.75,0
2021-06-23 13:03:27,16497.6,0
2021-06-23 13:03:29,16498.0,0
2021-06-23 13:03:36,16497.85,0
2021-06-23 13:03:41,16497.55,0
2021-06-23 13:03:50,16497.45,0
2021-06-23 13:04:00,16496.65,0
2021-06-23 13:04:16,16493.6,0
2021-06-23 13:04:36,16491.45,0
2021-06-23 13:04:51,16489.95,0
2021-06-23 13:04:53,16488.45,0
2021-06-23 13:04:56,16488.2,0
2021-06-23 13:05:22,16493.8,0
2021-06-23 13:05:28,16492.5,0
2021-06-23 13:05:31,16493.1,0
2021-06-23 13:05:35,16493.3,0
2021-06-23 13:05:37,16493.55,0
2021-06-23 13:05:42,16493.1,0
2021-06-23 13:05:46,16493.45,0
2021-06-23 13:06:03,16491.95,0
2021-06-23 13:06:04,16492.35,0
2021-06-23 13:06:07,16492.55,0
2021-06-23 13:06:09,16493.25,0
2021-06-23 13:06:10,16493.75,0
2021-06-23 13:06:19,16494.75,0
2021-06-23 13:06:29,16496.15,0
2021-06-23 13:06:42,16497.7,0
2021-06-23 13:06:47,16497.7,0
2021-06-23 13:06:49,16498.1,0
2021-06-23 13:06:51,16498.95,0
2021-06-23 13:06:53,16498.2,0
2021-06-23 13:06:57,16500.65,0
2021-06-23 13:07:01,16501.7,0
2021-06-23 13:07:03,16501.55,0
2021-06-23 13:07:08,16500.25,0
2021-06-23 13:07:13,16498.95,0
2021-06-23 13:07:14,16497.95,0
2021-06-23 13:07:16,16498.55,0
2021-06-23 13:07:26,16500.25,0
2021-06-23 13:07:32,16500.45,0
2021-06-23 13:07:35,16500.7,0
2021-06-23 13:07:53,16498.65,0
2021-06-23 13:07:53,16498.65,0
2021-06-23 13:07:57,16498.2,0
2021-06-23 13:08:02,16498.5,0
2021-06-23 13:08:03,16497.85,0
2021-06-23 13:08:11,16494.35,0
2021-06-23 13:08:12,16495.55,0
2021-06-23 13:08:20,16495.55,0
2021-06-23 13:08:31,16497.25,0
2021-06-23 13:08:33,16495.85,0
2021-06-23 13:08:34,16495.9,0
2021-06-23 13:08:38,16496.3,0
2021-06-23 13:08:43,16495.65,0
2021-06-23 13:08:47,16496.8,0
2021-06-23 13:09:11,16494.9,0
2021-06-23 13:09:12,16494.2,0
2021-06-23 13:09:13,16493.7,0
2021-06-23 13:09:26,16494.95,0
2021-06-23 13:09:28,16495.45,0
2021-06-23 13:09:32,16495.2,0
2021-06-23 13:09:52,16496.55,0
2021-06-23 13:09:53,16496.1,0
2021-06-23 13:10:06,16493.4,0
2021-06-23 13:10:07,16493.65,0
2021-06-23 13:10:10,16493.35,0
2021-06-23 13:10:11,16489.9,0
2021-06-23 13:10:18,16490.8,0
2021-06-23 13:10:27,16487.65,0
2021-06-23 13:10:31,16481.5,0
2021-06-23 13:10:33,16483.05,0
2021-06-23 13:10:39,16484.75,0
2021-06-23 13:10:43,16485.4,0
2021-06-23 13:10:49,16483.2,0
2021-06-23 13:11:03,16487.05,0
2021-06-23 13:11:04,16487.25,0
2021-06-23 13:11:06,16487.7,0
2021-06-23 13:11:11,16486.3,0
2021-06-23 13:11:15,16487.25,0
2021-06-23 13:11:25,16489.8,0
2021-06-23 13:11:28,16490.0,0
2021-06-23 13:11:37,16488.9,0
2021-06-23 13:11:38,16489.3,0
2021-06-23 13:11:52,16487.7,0
2021-06-23 13:11:55,16487.95,0
2021-06-23 13:12:03,16483.85,0
2021-06-23 13:12:11,16482.25,0
2021-06-23 13:12:50,16480.9,0
2021-06-23 13:12:52,16480.5,0
2021-06-23 13:13:03,16478.65,0
2021-06-23 13:13:04,16478.8,0
2021-06-23 13:13:07,16478.95,0
2021-06-23 13:13:17,16478.15,0
2021-06-23 13:13:19,16476.7,0
2021-06-23 13:13:27,16477.15,0
2021-06-23 13:13:31,16477.2,0
2021-06-23 13:13:41,16474.5,0
2021-06-23 13:13:46,16476.4,0
2021-06-23 13:13:46,16476.4,0
2021-06-23 13:14:05,16465.6,0
2021-06-23 13:14:12,16464.95,0
2021-06-23 13:14:14,16464.35,0
2021-06-23 13:14:21,16464.3,0
2021-06-23 13:14:22,16463.65,0
2021-06-23 13:14:30,16468.8,0
2021-06-23 13:14:35,16470.2,0
2021-06-23 13:14:39,16472.05,0
2021-06-23 13:14:42,16470.45,0
2021-06-23 13:14:47,16471.3,0
2021-06-23 13:14:50,16470.05,0
2021-06-23 13:14:56,16473.45,0
2021-06-23 13:14:58,16471.8,0
2021-06-23 13:15:00,16472.25,0
2021-06-23 13:15:19,16469.55,0
2021-06-23 13:15:20,16470.4,0
2021-06-23 13:15:23,16469.15,0
2021-06-23 13:15:29,16469.8,0
2021-06-23 13:15:31,16469.8,0
2021-06-23 13:15:39,16471.6,0
2021-06-23 13:15:43,16471.3,0
2021-06-23 13:15:48,16471.4,0
2021-06-23 13:16:01,16469.45,0
2021-06-23 13:16:01,16469.45,0
2021-06-23 13:16:20,16469.25,0
2021-06-23 13:16:21,16468.8,0
2021-06-23 13:16:34,16459.05,0
2021-06-23 13:16:38,16456.85,0
2021-06-23 13:16:39,16455.6,0
2021-06-23 13:16:42,16457.15,0
2021-06-23 13:16:46,16455.65,0
2021-06-23 13:16:52,16456.05,0
2021-06-23 13:16:53,16456.9,0
2021-06-23 13:16:57,16455.8,0
2021-06-23 13:17:02,16455.45,0
2021-06-23 13:17:05,16453.85,0
2021-06-23 13:17:08,16453.5,0
2021-06-23 13:17:20,16456.5,0
2021-06-23 13:17:22,16456.95,0
2021-06-23 13:17:23,16455.85,0
2021-06-23 13:17:25,16455.5,0
2021-06-23 13:17:27,16456.3,0
2021-06-23 13:17:44,16454.55,0
2021-06-23 13:17:50,16454.5,0
2021-06-23 13:17:58,16455.2,0
2021-06-23 13:18:03,16455.5,0
2021-06-23 13:18:12,16455.35,0
2021-06-23 13:18:13,16454.8,0
2021-06-23 13:18:14,16455.75,0
2021-06-23 13:18:38,16461.55,0
2021-06-23 13:18:55,16464.2,0
2021-06-23 13:18:56,16463.65,0
2021-06-23 13:18:59,16464.6,0
2021-06-23 13:19:00,16465.45,0
2021-06-23 13:19:03,16465.05,0
2021-06-23 13:19:09,16464.15,0
2021-06-23 13:19:10,16465.65,0
2021-06-23 13:19:11,16465.8,0
2021-06-23 13:19:13,16467.8,0
2021-06-23 13:19:15,16469.8,0
2021-06-23 13:19:29,16469.9,0
2021-06-23 13:19:30,16469.95,0
2021-06-23 13:19:33,16469.65,0
2021-06-23 13:19:36,16471.0,0
2021-06-23 13:19:37,16473.85,0
2021-06-23 13:19:38,16475.35,0
2021-06-23 13:19:41,16476.35,0
2021-06-23 13:19:42,16477.45,0
2021-06-23 13:19:44,16475.9,0
2021-06-23 13:19:54,16474.7,0
2021-06-23 13:20:10,16472.55,0
2021-06-23 13:20:15,16472.55,0
2021-06-23 13:20:30,16471.45,0
2021-06-23 13:20:32,16471.65,0
2021-06-23 13:20:37,16471.75,0
2021-06-23 13:20:41,16471.8,0
2021-06-23 13:20:51,16472.15,0
2021-06-23 13:20:53,16471.65,0
2021-06-23 13:21:04,16471.05,0
2021-06-23 13:21:06,16470.9,0
2021-06-23 13:21:29,16473.65,0
2021-06-23 13:21:35,16474.2,0
2021-06-23 13:21:36,16473.85,0
2021-06-23 13:21:38,16473.25,0
2021-06-23 13:21:49,16476.2,0
2021-06-23 13:21:51,16476.85,0
2021-06-23 13:21:55,16476.9,0
2021-06-23 13:22:00,16476.45,0
2021-06-23 13:22:05,16473.95,0
2021-06-23 13:22:07,16473.2,0
2021-06-23 13:22:09,16473.25,0
2021-06-23 13:22:10,16473.85,0
2021-06-23 13:22:12,16473.9,0
2021-06-23 13:22:15,16471.8,0
2021-06-23 13:22:18,16473.15,0
2021-06-23 13:22:19,16473.35,0
2021-06-23 13:22:22,16473.55,0
2021-06-23 13:22:24,16474.15,0
2021-06-23 13:22:29,16477.05,0
2021-06-23 13:22:50,16487.9,0
2021-06-23 13:23:15,16485.45,0
2021-06-23 13:23:24,16487.4,0
2021-06-23 13:23:26,16487.05,0
2021-06-23 13:23:27,16487.35,0
2021-06-23 13:23:28,16487.7,0
2021-06-23 13:23:34,16487.95,0
2021-06-23 13:23:38,16487.55,0
2021-06-23 13:23:41,16488.6,0
2021-06-23 13:23:44,16488.65,0
2021-06-23 13:23:45,16488.65,0
2021-06-23 13:23:48,16487.95,0
2021-06-23 13:23:54,16486.75,0
2021-06-23 13:24:04,16485.7,0
2021-06-23 13:24:12,16480.3,0
2021-06-23 13:24:13,16481.25,0
2021-06-23 13:24:18,16483.1,0
2021-06-23 13:24:21,16485.25,0
2021-06-23 13:24:34,16483.75,0
2021-06-23 13:24:35,16483.6,0
2021-06-23 13:24:40,16484.95,0
2021-06-23 13:24:44,16483.85,0
2021-06-23 13:24:46,16482.45,0
2021-06-23 13:24:47,16481.55,0
2021-06-23 13:24:50,16481.6,0
2021-06-23 13:24:53,16481.8,0
2021-06-23 13:24:59,16483.55,0
2021-06-23 13:25:02,16483.15,0
2021-06-23 13:25:06,16483.45,0
2021-06-23 13:25:21,16480.4,0
2021-06-23 13:25:45,16481.1,0
2021-06-23 13:25:57,16481.55,0
2021-06-23 13:25:58,16481.45,0
2021-06-23 13:26:03,16481.05,0
2021-06-23 13:26:04,16480.9,0
2021-06-23 13:26:08,16481.0,0
2021-06-23 13:26:12,16483.1,0
2021-06-23 13:26:15,16482.15,0
2021-06-23 13:26:25,16487.45,0
2021-06-23 13:26:26,16486.8,0
2021-06-23 13:26:28,16486.5,0
2021-06-23 13:26:30,16487.15,0
2021-06-23 13:26:31,16486.05,0
2021-06-23 13:27:08,16488.3,0
2021-06-23 13:27:25,16488.6,0
2021-06-23 13:27:28,16487.65,0
2021-06-23 13:27:29,16487.4,0
2021-06-23 13:27:44,16487.95,0
2021-06-23 13:27:54,16487.7,0
2021-06-23 13:27:57,16488.25,0
2021-06-23 13:28:01,16487.65,0
2021-06-23 13:28:03,16487.85,0
2021-06-23 13:28:06,16488.35,0
2021-06-23 13:28:08,16487.65,0
2021-06-23 13:28:12,16488.65,0
2021-06-23 13:28:13,16487.95,0
2021-06-23 13:28:16,16488.7,0
2021-06-23 13:28:19,16489.1,0
2021-06-23 13:28:26,16490.15,0
2021-06-23 13:28:44,16490.35,0
2021-06-23 13:28:48,16491.35,0
2021-06-23 13:28:55,16492.15,0
2021-06-23 13:28:57,16491.7,0
2021-06-23 13:29:00,16491.9,0
2021-06-23 13:29:05,16492.0,0
2021-06-23 13:29:07,16492.15,0
2021-06-23 13:29:17,16494.4,0
2021-06-23 13:29:22,16495.4,0
2021-06-23 13:29:27,16495.25,0
2021-06-23 13:29:59,16498.95,0
2021-06-23 13:30:12,16498.15,0
2021-06-23 13:30:19,16499.9,0
2021-06-23 13:30:21,16499.65,0
2021-06-23 13:30:28,16504.05,0
2021-06-23 13:30:31,16504.2,0
2021-06-23 13:30:34,16504.7,0
2021-06-23 13:30:37,16505.55,0
2021-06-23 13:30:43,16505.85,0
2021-06-23 13:30:44,16506.3,0
2021-06-23 13:30:52,16507.2,0
2021-06-23 13:30:55,16506.15,0
2021-06-23 13:30:59,16504.15,0
2021-06-23 13:31:01,16504.75,0
2021-06-23 13:31:16,16502.85,0
2021-06-23 13:31:27,16502.6,0
2021-06-23 13:31:31,16502.55,0
2021-06-23 13:31:42,16502.4,0
2021-06-23 13:31:46,16502.3,0
2021-06-23 13:31:58,16502.75,0
2021-06-23 13:31:59,16503.15,0
2021-06-23 13:32:01,16501.9,0
2021-06-23 13:32:02,16503.1,0
2021-06-23 13:32:03,16504.2,0
2021-06-23 13:32:04,16504.0,0
2021-06-23 13:32:06,16504.7,0
2021-06-23 13:32:08,16505.15,0
2021-06-23 13:32:09,16508.1,0
2021-06-23 13:32:15,16511.3,0
2021-06-23 13:32:50,16515.35,0
2021-06-23 13:33:00,16515.6,0
2021-06-23 13:33:18,16514.8,0
2021-06-23 13:33:28,16515.05,0
2021-06-23 13:33:38,16516.45,0
2021-06-23 13:33:41,16517.3,0
2021-06-23 13:33:44,16518.6,0
2021-06-23 13:33:46,16522.1,0
2021-06-23 13:34:25,16519.95,0
2021-06-23 13:34:31,16519.2,0
2021-06-23 13:34:35,16518.0,0
2021-06-23 13:34:50,16519.8,0
2021-06-23 13:35:01,16515.75,0
2021-06-23 13:35:03,16515.6,0
2021-06-23 13:35:06,16514.15,0
2021-06-23 13:35:08,16514.6,0
2021-06-23 13:35:09,16510.75,0
2021-06-23 13:35:11,16510.8,0
2021-06-23 13:35:23,16511.85,0
2021-06-23 13:35:27,16513.2,0
2021-06-23 13:35:42,16508.25,0
2021-06-23 13:36:04,16513.7,0
2021-06-23 13:36:05,16514.95,0
2021-06-23 13:36:09,16514.7,0
2021-06-23 13:36:16,16514.15,0
2021-06-23 13:36:20,16512.2,0
2021-06-23 13:36:21,16513.25,0
2021-06-23 13:36:33,16512.45,0
2021-06-23 13:36:37,16511.4,0
2021-06-23 13:36:38,16511.25,0
2021-06-23 13:36:42,16511.2,0
2021-06-23 13:36:44,16510.3,0
2021-06-23 13:36:48,16509.35,0
2021-06-23 13:37:28,16511.9,0
2021-06-23 13:37:31,16512.1,0
2021-06-23 13:37:37,16513.55,0
2021-06-23 13:37:38,16513.75,0
2021-06-23 13:37:45,16513.8,0
2021-06-23 13:37:46,16513.35,0
2021-06-23 13:37:50,16512.65,0
2021-06-23 13:37:52,16513.05,0
2021-06-23 13:37:53,16512.75,0
2021-06-23 13:38:01,16513.95,0
2021-06-23 13:38:02,16512.6,0
2021-06-23 13:38:08,16512.25,0
2021-06-23 13:38:19,16512.7,0
2021-06-23 13:38:23,16513.3,0
2021-06-23 13:38:26,16513.25,0
2021-06-23 13:38:56,16508.6,0
2021-06-23 13:38:59,16507.75,0
2021-06-23 13:39:01,16508.1,0
2021-06-23 13:39:03,16508.5,0
2021-06-23 13:39:12,16509.8,0
2021-06-23 13:39:14,16508.65,0
2021-06-23 13:39:25,16510.85,0
2021-06-23 13:39:34,16510.7,0
2021-06-23 13:39:37,16511.3,0
2021-06-23 13:39:41,16511.45,0
2021-06-23 13:39:44,16511.4,0
2021-06-23 13:39:47,16511.65,0
2021-06-23 13:40:22,16511.8,0
2021-06-23 13:40:32,16513.65,0
2021-06-23 13:40:41,16513.35,0
2021-06-23 13:40:51,16510.75,0
2021-06-23 13:40:52,16510.4,0
2021-06-23 13:40:59,16508.75,0
2021-06-23 13:41:04,16507.25,0
2021-06-23 13:41:05,16506.85,0
2021-06-23 13:41:09,16505.55,0
2021-06-23 13:41:21,16505.75,0
2021-06-23 13:41:23,16505.05,0
2021-06-23 13:41:26,16506.05,0
2021-06-23 13:41:27,16506.3,0
2021-06-23 13:42:09,16500.55,0
2021-06-23 13:42:09,16500.55,0
2021-06-23 13:42:13,16499.9,0
2021-06-23 13:42:16,16501.85,0
2021-06-23 13:42:22,16501.85,0
2021-06-23 13:42:25,16501.75,0
2021-06-23 13:42:31,16502.1,0
2021-06-23 13:42:37,16501.45,0
2021-06-23 13:42:57,16500.8,0
2021-06-23 13:42:58,16500.9,0
2021-06-23 13:42:59,16500.45,0
2021-06-23 13:43:03,16500.7,0
2021-06-23 13:43:20,16496.45,0
2021-06-23 13:43:36,16494.1,0
2021-06-23 13:43:42,16494.65,0
2021-06-23 13:43:46,16495.45,0
2021-06-23 13:43:49,16493.2,0
2021-06-23 13:43:53,16492.8,0
2021-06-23 13:43:56,16492.45,0
2021-06-23 13:43:59,16492.75,0
2021-06-23 13:44:02,16492.8,0
2021-06-23 13:44:03,16492.7,0
2021-06-23 13:44:06,16492.7,0
2021-06-23 13:44:11,16492.8,0
2021-06-23 13:44:12,16491.25,0
2021-06-23 13:44:17,16491.75,0
2021-06-23 13:44:18,16491.7,0
2021-06-23 13:44:20,16491.2,0
2021-06-23 13:44:24,16493.3,0
2021-06-23 13:44:59,16503.95,0
2021-06-23 13:45:10,16505.9,0
2021-06-23 13:45:22,16505.95,0
2021-06-23 13:45:32,16507.9,0
2021-06-23 13:45:34,16508.6,0
2021-06-23 13:45:35,16509.2,0
2021-06-23 13:45:39,16511.45,0
2021-06-23 13:45:51,16511.15,0
2021-06-23 13:45:54,16511.6,0
2021-06-23 13:45:55,16511.55,0
2021-06-23 13:46:00,16512.85,0
2021-06-23 13:46:46,16515.6,0
2021-06-23 13:46:46,16515.6,0
2021-06-23 13:46:51,16514.2,0
2021-06-23 13:47:11,16515.85,0
2021-06-23 13:47:15,16516.35,0
2021-06-23 13:47:20,16516.95,0
2021-06-23 13:47:25,16515.65,0
2021-06-23 13:47:35,16518.95,0
2021-06-23 13:47:40,16518.35,0
2021-06-23 13:47:44,16518.95,0
2021-06-23 13:48:21,16514.7,0
2021-06-23 13:48:40,16518.95,0
2021-06-23 13:48:43,16518.75,0
2021-06-23 13:48:46,16519.3,0
2021-06-23 13:48:48,16517.85,0
2021-06-23 13:48:55,16518.4,0
2021-06-23 13:48:57,16519.15,0
2021-06-23 13:48:58,16519.3,0
2021-06-23 13:49:00,16520.9,0
2021-06-23 13:49:02,16521.55,0
2021-06-23 13:49:05,16522.6,0
2021-06-23 13:49:10,16522.7,0
2021-06-23 13:49:11,16523.3,0
2021-06-23 13:49:12,16523.0,0
2021-06-23 13:49:13,16523.6,0
2021-06-23 13:49:15,16523.45,0
2021-06-23 13:49:18,16526.25,0
2021-06-23 13:49:21,16527.1,0
2021-06-23 13:49:47,16529.2,0
2021-06-23 13:49:54,16524.5,0
2021-06-23 13:49:59,16523.05,0
2021-06-23 13:50:09,16525.2,0
2021-06-23 13:50:11,16525.5,0
2021-06-23 13:50:13,16525.2,0
2021-06-23 13:50:16,16525.0,0
2021-06-23 13:50:23,16525.35,0
2021-06-23 13:50:26,16525.45,0
2021-06-23 13:50:30,16522.95,0
2021-06-23 13:50:36,16522.7,0
2021-06-23 13:50:49,16523.7,0
2021-06-23 13:51:29,16517.9,0
2021-06-23 13:51:30,16518.25,0
2021-06-23 13:51:42,16521.9,0
2021-06-23 13:51:46,16523.45,0
2021-06-23 13:51:47,16522.85,0
2021-06-23 13:51:56,16523.95,0
2021-06-23 13:52:02,16525.65,0
2021-06-23 13:52:03,16524.95,0
2021-06-23 13:52:09,16527.15,0
2021-06-23 13:52:10,16526.75,0
2021-06-23 13:52:12,16527.2,0
2021-06-23 13:52:19,16528.2,0
2021-06-23 13:52:20,16527.7,0
2021-06-23 13:52:22,16527.1,0
2021-06-23 13:52:23,16527.2,0
2021-06-23 13:52:25,16528.7,0
2021-06-23 13:52:43,16534.25,0
2021-06-23 13:52:52,16534.2,0
2021-06-23 13:52:54,16533.9,0
2021-06-23 13:52:57,16534.15,0
2021-06-23 13:53:00,16534.25,0
2021-06-23 13:53:07,16535.9,0
2021-06-23 13:53:09,16535.3,0
2021-06-23 13:53:23,16534.95,0
2021-06-23 13:53:26,16538.5,0
2021-06-23 13:53:39,16534.45,0
2021-06-23 13:53:45,16534.8,0
2021-06-23 13:53:49,16532.7,0
2021-06-23 13:54:23,16531.85,0
2021-06-23 13:54:24,16531.9,0
2021-06-23 13:54:35,16531.25,0
2021-06-23 13:54:38,16528.45,0
2021-06-23 13:54:40,16529.4,0
2021-06-23 13:54:43,16524.85,0
2021-06-23 13:54:52,16526.35,0
2021-06-23 13:54:59,16522.45,0
2021-06-23 13:55:08,16522.05,0
2021-06-23 13:55:09,16523.3,0
2021-06-23 13:55:15,16522.7,0
2021-06-23 13:55:53,16517.8,0
2021-06-23 13:55:58,16518.4,0
2021-06-23 13:56:01,16515.2,0
2021-06-23 13:56:02,16517.2,0
2021-06-23 13:56:09,16510.4,0
2021-06-23 13:56:17,16513.5,0
2021-06-23 13:56:18,16512.4,0
2021-06-23 13:56:25,16515.25,0
2021-06-23 13:56:33,16518.95,0
2021-06-23 13:56:34,16518.75,0
2021-06-23 13:56:35,16518.55,0
2021-06-23 13:56:45,16517.55,0
2021-06-23 13:56:48,16519.0,0
2021-06-23 13:57:23,16522.4,0
2021-06-23 13:57:28,16521.45,0
2021-06-23 13:57:32,16521.35,0
2021-06-23 13:57:34,16520.5,0
2021-06-23 13:57:38,16518.6,0
2021-06-23 13:57:45,16519.4,0
2021-06-23 13:57:46,16519.6,0
2021-06-23 13:57:48,16519.8,0
2021-06-23 13:57:52,16520.1,0
2021-06-23 13:57:57,16519.2,0
2021-06-23 13:58:04,16519.15,0
2021-06-23 13:58:14,16517.4,0
2021-06-23 13:58:49,16519.15,0
2021-06-23 13:59:01,16517.9,0
2021-06-23 13:59:08,16517.7,0
2021-06-23 13:59:10,16516.95,0
2021-06-23 13:59:11,16519.25,0
2021-06-23 13:59:19,16518.55,0
2021-06-23 13:59:22,16517.7,0
2021-06-23 13:59:33,16520.15,0
2021-06-23 13:59:38,16520.3,0
2021-06-23 13:59:41,16519.7,0
2021-06-23 13:59:52,16522.7,0
2021-06-23 14:00:18,16531.7,0
2021-06-23 14:00:49,16528.75,0
2021-06-23 14:00:56,16524.4,0
2021-06-23 14:01:00,16526.05,0
2021-06-23 14:01:10,16522.4,0
2021-06-23 14:01:17,16522.65,0
2021-06-23 14:01:18,16522.8,0
2021-06-23 14:01:46,16521.8,0
2021-06-23 14:01:46,16521.8,0
2021-06-23 14:01:48,16523.25,0
2021-06-23 14:02:00,16522.7,0
2021-06-23 14:02:01,16520.6,0
2021-06-23 14:02:13,16523.0,0
2021-06-23 14:02:17,16522.4,0
2021-06-23 14:02:19,16521.75,0
2021-06-23 14:02:20,16523.2,0
2021-06-23 14:02:23,16522.7,0
2021-06-23 14:02:28,16524.0,0
2021-06-23 14:02:29,16523.55,0
2021-06-23 14:02:33,16523.85,0
2021-06-23 14:02:40,16521.75,0
2021-06-23 14:03:20,16520.85,0
2021-06-23 14:03:33,16521.0,0
2021-06-23 14:03:41,16522.1,0
2021-06-23 14:03:45,16521.6,0
2021-06-23 14:03:46,16522.65,0
2021-06-23 14:03:52,16522.3,0
2021-06-23 14:03:54,16523.2,0
2021-06-23 14:03:59,16523.6,0
2021-06-23 14:04:07,16520.0,0
2021-06-23 14:04:12,16520.0,0
2021-06-23 14:04:50,16521.9,0
2021-06-23 14:04:56,16521.6,0
2021-06-23 14:05:04,16522.2,0
2021-06-23 14:05:06,16522.4,0
2021-06-23 14:05:12,16525.7,0
2021-06-23 14:05:18,16530.35,0
2021-06-23 14:05:24,16530.8,0
2021-06-23 14:05:25,16531.2,0
2021-06-23 14:05:26,16531.55,0
2021-06-23 14:05:30,16531.15,0
2021-06-23 14:05:38,16531.55,0
2021-06-23 14:05:45,16533.55,0
2021-06-23 14:05:47,16533.6,0
2021-06-23 14:06:10,16537.1,0
2021-06-23 14:06:18,16537.1,0
2021-06-23 14:06:27,16538.95,0
2021-06-23 14:06:29,16539.8,0
2021-06-23 14:06:40,16539.75,0
2021-06-23 14:06:45,16540.0,0
2021-06-23 14:06:52,16540.75,0
2021-06-23 14:06:55,16542.9,0
2021-06-23 14:07:00,16540.3,0
2021-06-23 14:07:03,16541.8,0
2021-06-23 14:07:11,16539.1,0
2021-06-23 14:07:12,16539.6,0
2021-06-23 14:07:46,16539.1,0
2021-06-23 14:07:52,16539.5,0
2021-06-23 14:07:55,16539.6,0
2021-06-23 14:07:58,16539.7,0
2021-06-23 14:08:08,16537.85,0
2021-06-23 14:08:18,16536.9,0
2021-06-23 14:08:20,16535.55,0
2021-06-23 14:08:25,16535.7,0
2021-06-23 14:08:27,16536.55,0
2021-06-23 14:08:33,16534.9,0
2021-06-23 14:08:38,16534.15,0
2021-06-23 14:08:41,16534.35,0
2021-06-23 14:08:43,16534.8,0
2021-06-23 14:08:44,16535.4,0
2021-06-23 14:08:48,16537.25,0
2021-06-23 14:09:19,16530.8,0
2021-06-23 14:09:28,16532.05,0
2021-06-23 14:09:33,16533.65,0
2021-06-23 14:09:45,16531.3,0
2021-06-23 14:09:47,16530.9,0
2021-06-23 14:09:48,16531.4,0
2021-06-23 14:09:54,16532.8,0
2021-06-23 14:09:59,16532.15,0
2021-06-23 14:10:14,16533.25,0
2021-06-23 14:10:18,16533.15,0
2021-06-23 14:10:23,16529.5,0
2021-06-23 14:10:56,16527.6,0
2021-06-23 14:11:07,16525.3,0
2021-06-23 14:11:12,16522.45,0
2021-06-23 14:11:13,16523.05,0
2021-06-23 14:11:14,16522.55,0
2021-06-23 14:11:17,16523.1,0
2021-06-23 14:11:20,16523.45,0
2021-06-23 14:11:29,16523.55,0
2021-06-23 14:11:30,16523.3,0
2021-06-23 14:11:34,16523.6,0
2021-06-23 14:11:41,16523.8,0
2021-06-23 14:11:43,16522.9,0
2021-06-23 14:11:46,16522.75,0
2021-06-23 14:11:55,16519.75,0
2021-06-23 14:12:19,16510.25,0
2021-06-23 14:12:31,16508.75,0
2021-06-23 14:12:40,16504.05,0
2021-06-23 14:12:49,16509.0,0
2021-06-23 14:12:50,16508.25,0
2021-06-23 14:12:54,16507.5,0
2021-06-23 14:12:58,16508.65,0
2021-06-23 14:12:59,16507.9,0
2021-06-23 14:13:04,16508.4,0
2021-06-23 14:13:07,16508.3,0
2021-06-23 14:13:08,16507.4,0
2021-06-23 14:13:09,16507.1,0
2021-06-23 14:13:11,16506.55,0
2021-06-23 14:13:14,16506.7,0
2021-06-23 14:13:39,16504.25,0
2021-06-23 14:13:50,16504.6,0
2021-06-23 14:13:58,16503.95,0
2021-06-23 14:14:10,16498.95,0
2021-06-23 14:14:11,16501.7,0
2021-06-23 14:14:20,16502.45,0
2021-06-23 14:14:21,16501.95,0
2021-06-23 14:14:27,16500.7,0
2021-06-23 14:14:30,16500.65,0
2021-06-23 14:14:34,16503.5,0
2021-06-23 14:15:22,16515.45,0
2021-06-23 14:15:24,16516.55,0
2021-06-23 14:15:29,16517.1,0
2021-06-23 14:15:33,16517.55,0
2021-06-23 14:15:35,16517.75,0
2021-06-23 14:15:41,16513.9,0
2021-06-23 14:15:45,16510.5,0
2021-06-23 14:15:46,16510.85,0
2021-06-23 14:15:47,16509.95,0
2021-06-23 14:15:48,16509.6,0
2021-06-23 14:15:50,16508.95,0
2021-06-23 14:15:56,16505.45,0
2021-06-23 14:15:58,16504.85,0
2021-06-23 14:16:14,16496.3,0
2021-06-23 14:16:15,16495.95,0
2021-06-23 14:16:22,16495.95,0
2021-06-23 14:16:44,16505.85,0
2021-06-23 14:16:51,16506.7,0
2021-06-23 14:16:54,16505.3,0
2021-06-23 14:16:58,16501.15,0
2021-06-23 14:17:01,16502.15,0
2021-06-23 14:17:04,16500.9,0
2021-06-23 14:17:06,16503.2,0
2021-06-23 14:17:07,16503.7,0
2021-06-23 14:17:11,16502.95,0
2021-06-23 14:17:21,16498.75,0
2021-06-23 14:17:36,16501.7,0
2021-06-23 14:17:37,16502.4,0
2021-06-23 14:17:41,16500.35,0
2021-06-23 14:17:42,16501.4,0
2021-06-23 14:17:44,16502.2,0
2021-06-23 14:18:05,16500.5,0
2021-06-23 14:18:10,16501.75,0
2021-06-23 14:18:11,16501.5,0
2021-06-23 14:18:13,16501.65,0
2021-06-23 14:18:14,16502.6,0
2021-06-23 14:18:15,16502.4,0
2021-06-23 14:18:17,16500.1,0
2021-06-23 14:18:19,16500.6,0
2021-06-23 14:18:20,16501.1,0
2021-06-23 14:18:23,16501.55,0
2021-06-23 14:18:31,16499.85,0
2021-06-23 14:18:45,16500.6,0
2021-06-23 14:18:54,16499.95,0
2021-06-23 14:18:55,16500.65,0
2021-06-23 14:18:56,16499.3,0
2021-06-23 14:18:58,16499.45,0
2021-06-23 14:19:02,16500.05,0
2021-06-23 14:19:03,16499.8,0
2021-06-23 14:19:39,16495.3,0
2021-06-23 14:19:46,16496.4,0
2021-06-23 14:19:49,16496.55,0
2021-06-23 14:19:50,16495.75,0
2021-06-23 14:19:54,16498.45,0
2021-06-23 14:19:55,16498.15,0
2021-06-23 14:19:58,16496.25,0
2021-06-23 14:19:59,16497.2,0
2021-06-23 14:20:00,16495.8,0
2021-06-23 14:20:02,16497.5,0
2021-06-23 14:20:11,16495.1,0
2021-06-23 14:20:15,16495.7,0
2021-06-23 14:20:16,16494.95,0
2021-06-23 14:20:19,16495.8,0
2021-06-23 14:20:28,16500.8,0
2021-06-23 14:20:36,16505.15,0
2021-06-23 14:21:22,16502.7,0
2021-06-23 14:21:40,16502.0,0
2021-06-23 14:21:43,16502.6,0
2021-06-23 14:21:44,16503.25,0
2021-06-23 14:21:53,16502.7,0
2021-06-23 14:21:58,16502.45,0
2021-06-23 14:22:03,16501.75,0
2021-06-23 14:22:05,16502.3,0
2021-06-23 14:22:07,16504.05,0
2021-06-23 14:22:09,16503.6,0
2021-06-23 14:22:13,16504.6,0
2021-06-23 14:22:19,16504.45,0
2021-06-23 14:22:48,16507.1,0
2021-06-23 14:22:51,16507.4,0
2021-06-23 14:22:54,16507.1,0
2021-06-23 14:22:56,16507.8,0
2021-06-23 14:23:02,16507.85,0
2021-06-23 14:23:08,16508.1,0
2021-06-23 14:23:10,16508.45,0
2021-06-23 14:23:12,16508.4,0
2021-06-23 14:23:16,16512.0,0
2021-06-23 14:23:19,16510.25,0
2021-06-23 14:23:26,16511.35,0
2021-06-23 14:23:25,16510.0,0
2021-06-23 14:23:27,16511.25,0
2021-06-23 14:23:29,16510.8,0
2021-06-23 14:23:34,16508.75,0
2021-06-23 14:23:35,16508.6,0
2021-06-23 14:23:38,16508.5,0
2021-06-23 14:23:39,16508.45,0
2021-06-23 14:23:45,16506.3,0
2021-06-23 14:23:49,16507.0,0
2021-06-23 14:24:23,16500.35,0
2021-06-23 14:24:26,16500.8,0
2021-06-23 14:24:39,16497.35,0
2021-06-23 14:24:48,16494.7,0
2021-06-23 14:24:59,16493.3,0
2021-06-23 14:25:02,16494.15,0
2021-06-23 14:25:11,16492.7,0
2021-06-23 14:25:19,16493.3,0
2021-06-23 14:25:21,16494.2,0
2021-06-23 14:25:22,16493.9,0
2021-06-23 14:25:50,16494.25,0
2021-06-23 14:25:56,16494.2,0
2021-06-23 14:26:02,16493.25,0
2021-06-23 14:26:03,16492.7,0
2021-06-23 14:26:10,16491.55,0
2021-06-23 14:26:18,16492.6,0
2021-06-23 14:26:22,16490.4,0
2021-06-23 14:26:25,16490.25,0
2021-06-23 14:26:26,16489.8,0
2021-06-23 14:26:27,16489.0,0
2021-06-23 14:26:38,16485.7,0
2021-06-23 14:26:39,16484.45,0
2021-06-23 14:26:45,16485.35,0
2021-06-23 14:26:49,16484.05,0
2021-06-23 14:26:50,16483.4,0
2021-06-23 14:26:51,16482.1,0
2021-06-23 14:27:09,16481.3,0
2021-06-23 14:27:18,16482.5,0
2021-06-23 14:27:32,16483.55,0
2021-06-23 14:27:45,16481.9,0
2021-06-23 14:27:48,16482.45,0
2021-06-23 14:27:57,16482.1,0
2021-06-23 14:27:59,16481.2,0
2021-06-23 14:28:01,16477.7,0
2021-06-23 14:28:08,16478.0,0
2021-06-23 14:28:27,16476.05,0
2021-06-23 14:28:33,16477.05,0
2021-06-23 14:28:45,16479.85,0
2021-06-23 14:28:51,16480.0,0
2021-06-23 14:28:53,16478.95,0
2021-06-23 14:28:57,16478.5,0
2021-06-23 14:29:03,16477.5,0
2021-06-23 14:29:09,16475.85,0
2021-06-23 14:29:15,16475.7,0
2021-06-23 14:29:25,16475.25,0
2021-06-23 14:29:27,16475.2,0
2021-06-23 14:29:53,16476.1,0
2021-06-23 14:30:21,16486.0,0
2021-06-23 14:30:26,16484.35,0
2021-06-23 14:30:45,16483.7,0
2021-06-23 14:30:49,16484.8,0
2021-06-23 14:30:59,16485.6,0
2021-06-23 14:31:02,16485.6,0
2021-06-23 14:31:13,16486.4,0
2021-06-23 14:31:33,16483.7,0
2021-06-23 14:31:40,16484.0,0
2021-06-23 14:31:42,16484.7,0
2021-06-23 14:31:51,16485.7,0
2021-06-23 14:31:55,16486.9,0
2021-06-23 14:31:56,16486.75,0
2021-06-23 14:31:58,16484.95,0
