timestamp,ltp,volume
2021-06-23 09:16:29,34872.2,0
2021-06-23 09:16:30,34867.65,0
2021-06-23 09:16:31,34870.75,0
2021-06-23 09:16:32,34871.15,0
2021-06-23 09:16:33,34871.4,0
2021-06-23 09:16:34,34871.5,0
2021-06-23 09:16:35,34871.0,0
2021-06-23 09:16:37,34871.15,0
2021-06-23 09:16:39,34875.95,0
2021-06-23 09:16:42,34877.95,0
2021-06-23 09:16:43,34880.75,0
2021-06-23 09:16:44,34879.7,0
2021-06-23 09:16:45,34879.5,0
2021-06-23 09:16:46,34884.7,0
2021-06-23 09:16:47,34884.3,0
2021-06-23 09:16:48,34888.45,0
2021-06-23 09:16:49,34889.75,0
2021-06-23 09:16:51,34892.85,0
2021-06-23 09:16:52,34895.4,0
2021-06-23 09:16:53,34896.9,0
2021-06-23 09:16:54,34895.0,0
2021-06-23 09:16:55,34893.2,0
2021-06-23 09:16:56,34888.95,0
2021-06-23 09:16:57,34896.45,0
2021-06-23 09:16:58,34890.8,0
2021-06-23 09:16:59,34887.1,0
2021-06-23 09:17:02,34894.05,0
2021-06-23 09:17:03,34894.5,0
2021-06-23 09:17:04,34897.5,0
2021-06-23 09:17:05,34895.6,0
2021-06-23 09:17:06,34897.45,0
2021-06-23 09:17:07,34897.15,0
2021-06-23 09:17:08,34892.85,0
2021-06-23 09:17:09,34895.4,0
2021-06-23 09:17:11,34893.95,0
2021-06-23 09:17:12,34893.25,0
2021-06-23 09:17:13,34891.9,0
2021-06-23 09:17:14,34890.45,0
2021-06-23 09:17:15,34888.85,0
2021-06-23 09:17:16,34890.9,0
2021-06-23 09:17:17,34883.9,0
2021-06-23 09:17:18,34888.65,0
2021-06-23 09:17:19,34881.1,0
2021-06-23 09:17:20,34882.3,0
2021-06-23 09:17:21,34875.45,0
2021-06-23 09:17:23,34871.6,0
2021-06-23 09:17:24,34873.1,0
2021-06-23 09:17:25,34871.8,0
2021-06-23 09:17:26,34868.1,0
2021-06-23 09:17:27,34867.2,0
2021-06-23 09:17:28,34865.15,0
2021-06-23 09:17:29,34865.55,0
2021-06-23 09:17:31,34866.15,0
2021-06-23 09:17:32,34864.95,0
2021-06-23 09:17:33,34864.0,0
2021-06-23 09:17:34,34865.7,0
2021-06-23 09:17:35,34862.1,0
2021-06-23 09:17:36,34851.3,0
2021-06-23 09:17:37,34842.0,0
2021-06-23 09:17:38,34835.25,0
2021-06-23 09:17:39,34836.4,0
2021-06-23 09:17:40,34839.1,0
2021-06-23 09:17:41,34837.8,0
2021-06-23 09:17:42,34840.25,0
2021-06-23 09:17:43,34841.5,0
2021-06-23 09:17:44,34841.9,0
2021-06-23 09:17:45,34838.05,0
2021-06-23 09:17:46,34841.6,0
2021-06-23 09:17:47,34843.45,0
2021-06-23 09:17:48,34849.5,0
2021-06-23 09:17:49,34845.75,0
2021-06-23 09:17:50,34847.4,0
2021-06-23 09:17:52,34846.95,0
2021-06-23 09:17:53,34851.0,0
2021-06-23 09:17:54,34846.9,0
2021-06-23 09:17:56,34845.65,0
2021-06-23 09:17:58,34843.55,0
2021-06-23 09:18:00,34844.1,0
2021-06-23 09:18:01,34841.95,0
2021-06-23 09:18:02,34843.5,0
2021-06-23 09:18:04,34840.95,0
2021-06-23 09:18:05,34836.5,0
2021-06-23 09:18:06,34833.85,0
2021-06-23 09:18:08,34832.35,0
2021-06-23 09:18:09,34832.7,0
2021-06-23 09:18:10,34832.35,0
2021-06-23 09:18:11,34829.65,0
2021-06-23 09:18:12,34830.8,0
2021-06-23 09:18:13,34828.85,0
2021-06-23 09:18:14,34829.45,0
2021-06-23 09:18:15,34829.75,0
2021-06-23 09:18:16,34826.0,0
2021-06-23 09:18:18,34828.3,0
2021-06-23 09:18:19,34830.9,0
2021-06-23 09:18:20,34830.95,0
2021-06-23 09:18:21,34838.35,0
2021-06-23 09:18:22,34835.7,0
2021-06-23 09:18:23,34834.9,0
2021-06-23 09:18:24,34836.75,0
2021-06-23 09:18:26,34842.9,0
2021-06-23 09:18:27,34841.05,0
2021-06-23 09:18:29,34836.05,0
2021-06-23 09:18:30,34834.6,0
2021-06-23 09:18:33,34829.65,0
2021-06-23 09:18:34,34827.7,0
2021-06-23 09:18:35,34823.35,0
2021-06-23 09:18:37,34825.05,0
2021-06-23 09:18:38,34823.2,0
2021-06-23 09:18:39,34822.85,0
2021-06-23 09:18:40,34820.45,0
2021-06-23 09:18:41,34821.9,0
2021-06-23 09:18:42,34821.35,0
2021-06-23 09:18:44,34821.5,0
2021-06-23 09:18:45,34823.2,0
2021-06-23 09:18:46,34824.4,0
2021-06-23 09:18:48,34821.3,0
2021-06-23 09:18:49,34822.75,0
2021-06-23 09:18:50,34819.15,0
2021-06-23 09:18:51,34817.35,0
2021-06-23 09:18:52,34813.8,0
2021-06-23 09:18:53,34806.0,0
2021-06-23 09:18:54,34803.6,0
2021-06-23 09:18:56,34808.15,0
2021-06-23 09:18:57,34802.2,0
2021-06-23 09:18:59,34797.2,0
2021-06-23 09:19:00,34795.1,0
2021-06-23 09:19:01,34782.75,0
2021-06-23 09:19:03,34766.85,0
2021-06-23 09:19:04,34767.0,0
2021-06-23 09:19:05,34771.4,0
2021-06-23 09:19:06,34772.15,0
2021-06-23 09:19:09,34770.25,0
2021-06-23 09:19:11,34787.35,0
2021-06-23 09:19:12,34779.15,0
2021-06-23 09:19:13,34778.95,0
2021-06-23 09:19:14,34780.65,0
2021-06-23 09:19:15,34784.45,0
2021-06-23 09:19:16,34782.35,0
2021-06-23 09:19:17,34793.4,0
2021-06-23 09:19:18,34793.65,0
2021-06-23 09:19:19,34794.65,0
2021-06-23 09:19:20,34795.3,0
2021-06-23 09:19:21,34799.1,0
2021-06-23 09:19:22,34802.7,0
2021-06-23 09:19:23,34799.3,0
2021-06-23 09:19:24,34800.1,0
2021-06-23 09:19:25,34807.0,0
2021-06-23 09:19:26,34805.8,0
2021-06-23 09:19:27,34798.7,0
2021-06-23 09:19:28,34800.85,0
2021-06-23 09:19:29,34800.75,0
2021-06-23 09:19:30,34800.05,0
2021-06-23 09:19:31,34798.05,0
2021-06-23 09:19:32,34799.25,0
2021-06-23 09:19:33,34797.35,0
2021-06-23 09:19:36,34787.1,0
2021-06-23 09:19:37,34786.1,0
2021-06-23 09:19:38,34791.0,0
2021-06-23 09:19:39,34791.45,0
2021-06-23 09:19:40,34793.95,0
2021-06-23 09:19:41,34795.95,0
2021-06-23 09:19:43,34804.35,0
2021-06-23 09:19:44,34807.9,0
2021-06-23 09:19:45,34807.45,0
2021-06-23 09:19:46,34811.3,0
2021-06-23 09:19:47,34806.2,0
2021-06-23 09:19:48,34803.0,0
2021-06-23 09:19:49,34805.55,0
2021-06-23 09:19:50,34800.4,0
2021-06-23 09:19:51,34802.35,0
2021-06-23 09:19:52,34799.95,0
2021-06-23 09:19:53,34797.6,0
2021-06-23 09:19:54,34797.35,0
2021-06-23 09:19:56,34797.5,0
2021-06-23 09:19:57,34799.4,0
2021-06-23 09:19:58,34801.0,0
2021-06-23 09:19:59,34800.85,0
2021-06-23 09:20:00,34802.4,0
2021-06-23 09:20:01,34800.0,0
2021-06-23 09:20:02,34798.1,0
2021-06-23 09:20:03,34801.4,0
2021-06-23 09:20:05,34798.95,0
2021-06-23 09:20:06,34803.1,0
2021-06-23 09:20:07,34799.8,0
2021-06-23 09:20:08,34800.8,0
2021-06-23 09:20:09,34801.05,0
2021-06-23 09:20:10,34807.4,0
2021-06-23 09:20:11,34800.9,0
2021-06-23 09:20:12,34802.8,0
2021-06-23 09:20:13,34799.8,0
2021-06-23 09:20:14,34801.9,0
2021-06-23 09:20:15,34798.3,0
2021-06-23 09:20:16,34801.35,0
2021-06-23 09:20:18,34799.55,0
2021-06-23 09:20:19,34800.85,0
2021-06-23 09:20:20,34800.75,0
2021-06-23 09:20:21,34800.25,0
2021-06-23 09:20:22,34800.55,0
2021-06-23 09:20:23,34802.9,0
2021-06-23 09:20:24,34808.0,0
2021-06-23 09:20:25,34806.4,0
2021-06-23 09:20:27,34807.2,0
2021-06-23 09:20:28,34807.4,0
2021-06-23 09:20:29,34806.75,0
2021-06-23 09:20:32,34806.9,0
2021-06-23 09:20:33,34804.3,0
2021-06-23 09:20:34,34807.9,0
2021-06-23 09:20:35,34806.05,0
2021-06-23 09:20:36,34804.15,0
2021-06-23 09:20:37,34809.55,0
2021-06-23 09:20:38,34807.8,0
2021-06-23 09:20:39,34818.05,0
2021-06-23 09:20:40,34817.1,0
2021-06-23 09:20:41,34816.65,0
2021-06-23 09:20:42,34835.65,0
2021-06-23 09:20:43,34831.65,0
2021-06-23 09:20:45,34831.2,0
2021-06-23 09:20:47,34826.8,0
2021-06-23 09:20:48,34827.7,0
2021-06-23 09:20:49,34829.7,0
2021-06-23 09:20:51,34826.5,0
2021-06-23 09:20:52,34821.75,0
2021-06-23 09:20:53,34818.95,0
2021-06-23 09:20:54,34821.8,0
2021-06-23 09:20:55,34818.05,0
2021-06-23 09:20:56,34817.3,0
2021-06-23 09:20:57,34813.75,0
2021-06-23 09:20:59,34807.5,0
2021-06-23 09:21:00,34807.5,0
2021-06-23 09:21:01,34805.25,0
2021-06-23 09:21:03,34802.7,0
2021-06-23 09:21:05,34799.25,0
2021-06-23 09:21:06,34798.15,0
2021-06-23 09:21:07,34794.0,0
2021-06-23 09:21:08,34793.65,0
2021-06-23 09:21:09,34793.9,0
2021-06-23 09:21:10,34791.05,0
2021-06-23 09:21:11,34788.7,0
2021-06-23 09:21:12,34782.85,0
2021-06-23 09:21:13,34784.95,0
2021-06-23 09:21:14,34782.95,0
2021-06-23 09:21:16,34785.85,0
2021-06-23 09:21:17,34788.75,0
2021-06-23 09:21:18,34793.7,0
2021-06-23 09:21:19,34795.6,0
2021-06-23 09:21:20,34792.7,0
2021-06-23 09:21:21,34794.55,0
2021-06-23 09:21:22,34794.0,0
2021-06-23 09:21:23,34797.75,0
2021-06-23 09:21:24,34796.1,0
2021-06-23 09:21:25,34792.95,0
2021-06-23 09:21:26,34792.9,0
2021-06-23 09:21:27,34788.95,0
2021-06-23 09:21:28,34787.65,0
2021-06-23 09:21:30,34793.7,0
2021-06-23 09:21:31,34792.2,0
2021-06-23 09:21:32,34788.9,0
2021-06-23 09:21:33,34790.45,0
2021-06-23 09:21:34,34792.0,0
2021-06-23 09:21:35,34794.8,0
2021-06-23 09:21:36,34794.55,0
2021-06-23 09:21:37,34794.8,0
2021-06-23 09:21:38,34796.45,0
2021-06-23 09:21:39,34797.35,0
2021-06-23 09:21:40,34798.55,0
2021-06-23 09:21:41,34797.85,0
2021-06-23 09:21:43,34796.9,0
2021-06-23 09:21:44,34802.0,0
2021-06-23 09:21:45,34809.55,0
2021-06-23 09:21:46,34805.15,0
2021-06-23 09:21:47,34798.9,0
2021-06-23 09:21:48,34796.4,0
2021-06-23 09:21:49,34790.25,0
2021-06-23 09:21:50,34793.15,0
2021-06-23 09:21:51,34791.5,0
2021-06-23 09:21:52,34788.75,0
2021-06-23 09:21:53,34786.95,0
2021-06-23 09:21:54,34786.1,0
2021-06-23 09:21:55,34784.55,0
2021-06-23 09:21:57,34787.2,0
2021-06-23 09:21:58,34785.85,0
2021-06-23 09:21:59,34782.6,0
2021-06-23 09:22:00,34781.0,0
2021-06-23 09:22:01,34778.1,0
2021-06-23 09:22:02,34779.5,0
2021-06-23 09:22:03,34772.45,0
2021-06-23 09:22:04,34773.75,0
2021-06-23 09:22:05,34770.55,0
2021-06-23 09:22:07,34767.75,0
2021-06-23 09:22:08,34770.1,0
2021-06-23 09:22:10,34769.3,0
2021-06-23 09:22:11,34769.7,0
2021-06-23 09:22:12,34772.35,0
2021-06-23 09:22:13,34771.35,0
2021-06-23 09:22:14,34771.8,0
2021-06-23 09:22:15,34770.1,0
2021-06-23 09:22:16,34767.1,0
2021-06-23 09:22:17,34766.75,0
2021-06-23 09:22:19,34757.75,0
2021-06-23 09:22:20,34758.7,0
2021-06-23 09:22:22,34757.4,0
2021-06-23 09:22:23,34763.05,0
2021-06-23 09:22:24,34764.9,0
2021-06-23 09:22:25,34763.1,0
2021-06-23 09:22:26,34765.55,0
2021-06-23 09:22:27,34766.1,0
2021-06-23 09:22:28,34765.1,0
2021-06-23 09:22:30,34764.9,0
2021-06-23 09:22:31,34760.8,0
2021-06-23 09:22:32,34760.95,0
2021-06-23 09:22:33,34764.0,0
2021-06-23 09:22:34,34759.85,0
2021-06-23 09:22:35,34773.15,0
2021-06-23 09:22:36,34771.1,0
2021-06-23 09:22:37,34776.15,0
2021-06-23 09:22:39,34773.3,0
2021-06-23 09:22:40,34777.35,0
2021-06-23 09:22:41,34771.65,0
2021-06-23 09:22:42,34771.7,0
2021-06-23 09:22:43,34771.75,0
2021-06-23 09:22:44,34772.3,0
2021-06-23 09:22:45,34771.0,0
2021-06-23 09:22:46,34771.95,0
2021-06-23 09:22:47,34771.05,0
2021-06-23 09:22:48,34776.95,0
2021-06-23 09:22:49,34771.9,0
2021-06-23 09:22:50,34771.95,0
2021-06-23 09:22:51,34771.55,0
2021-06-23 09:22:52,34769.8,0
2021-06-23 09:22:54,34765.1,0
2021-06-23 09:22:55,34762.75,0
2021-06-23 09:22:58,34763.8,0
2021-06-23 09:23:00,34745.6,0
2021-06-23 09:23:04,34741.5,0
2021-06-23 09:23:06,34745.1,0
2021-06-23 09:23:07,34745.25,0
2021-06-23 09:23:08,34749.95,0
2021-06-23 09:23:09,34747.5,0
2021-06-23 09:23:10,34746.45,0
2021-06-23 09:23:11,34746.25,0
2021-06-23 09:23:12,34739.6,0
2021-06-23 09:23:13,34743.7,0
2021-06-23 09:23:14,34741.65,0
2021-06-23 09:23:15,34748.3,0
2021-06-23 09:23:17,34746.35,0
2021-06-23 09:23:19,34747.65,0
2021-06-23 09:23:20,34746.5,0
2021-06-23 09:23:21,34744.1,0
2021-06-23 09:23:22,34743.9,0
2021-06-23 09:23:23,34745.6,0
2021-06-23 09:23:24,34742.8,0
2021-06-23 09:23:25,34744.5,0
2021-06-23 09:23:26,34743.75,0
2021-06-23 09:23:27,34746.25,0
2021-06-23 09:23:28,34742.45,0
2021-06-23 09:23:29,34732.65,0
2021-06-23 09:23:30,34728.15,0
2021-06-23 09:23:31,34732.6,0
2021-06-23 09:23:33,34744.9,0
2021-06-23 09:23:35,34738.65,0
2021-06-23 09:23:36,34739.65,0
2021-06-23 09:23:37,34743.75,0
2021-06-23 09:23:38,34742.45,0
2021-06-23 09:23:39,34740.05,0
2021-06-23 09:23:40,34745.75,0
2021-06-23 09:23:41,34740.2,0
2021-06-23 09:23:42,34740.4,0
2021-06-23 09:23:43,34741.5,0
2021-06-23 09:23:44,34740.55,0
2021-06-23 09:23:45,34737.35,0
2021-06-23 09:23:46,34739.8,0
2021-06-23 09:23:47,34738.65,0
2021-06-23 09:23:49,34734.75,0
2021-06-23 09:23:50,34734.75,0
2021-06-23 09:23:51,34734.55,0
2021-06-23 09:23:52,34735.35,0
2021-06-23 09:23:53,34733.1,0
2021-06-23 09:23:54,34735.65,0
2021-06-23 09:23:55,34739.7,0
2021-06-23 09:23:56,34738.75,0
2021-06-23 09:23:57,34737.15,0
2021-06-23 09:23:58,34746.4,0
2021-06-23 09:23:59,34743.2,0
2021-06-23 09:24:00,34748.15,0
2021-06-23 09:24:01,34746.7,0
2021-06-23 09:24:02,34745.1,0
2021-06-23 09:24:03,34750.5,0
2021-06-23 09:24:04,34742.9,0
2021-06-23 09:24:05,34745.35,0
2021-06-23 09:24:06,34744.5,0
2021-06-23 09:24:08,34747.7,0
2021-06-23 09:24:09,34751.45,0
2021-06-23 09:24:10,34753.9,0
2021-06-23 09:24:11,34755.25,0
2021-06-23 09:24:12,34752.4,0
2021-06-23 09:24:13,34755.4,0
2021-06-23 09:24:14,34754.95,0
2021-06-23 09:24:15,34757.5,0
2021-06-23 09:24:16,34760.1,0
2021-06-23 09:24:17,34761.1,0
2021-06-23 09:24:18,34766.2,0
2021-06-23 09:24:19,34767.7,0
2021-06-23 09:24:20,34769.35,0
2021-06-23 09:24:21,34769.6,0
2021-06-23 09:24:22,34770.1,0
2021-06-23 09:24:23,34774.1,0
2021-06-23 09:24:24,34769.75,0
2021-06-23 09:24:25,34767.95,0
2021-06-23 09:24:26,34770.5,0
2021-06-23 09:24:27,34774.7,0
2021-06-23 09:24:28,34777.05,0
2021-06-23 09:24:29,34777.8,0
2021-06-23 09:24:30,34773.95,0
2021-06-23 09:24:31,34772.25,0
2021-06-23 09:24:32,34772.8,0
2021-06-23 09:24:33,34771.35,0
2021-06-23 09:24:34,34768.45,0
2021-06-23 09:24:35,34763.5,0
2021-06-23 09:24:37,34768.5,0
2021-06-23 09:24:38,34767.9,0
2021-06-23 09:24:39,34767.05,0
2021-06-23 09:24:41,34767.75,0
2021-06-23 09:24:42,34774.35,0
2021-06-23 09:24:44,34772.85,0
2021-06-23 09:24:45,34771.3,0
2021-06-23 09:24:46,34769.1,0
2021-06-23 09:24:47,34772.1,0
2021-06-23 09:24:48,34773.15,0
2021-06-23 09:24:49,34774.25,0
2021-06-23 09:24:50,34771.85,0
2021-06-23 09:24:51,34772.3,0
2021-06-23 09:24:52,34779.45,0
2021-06-23 09:24:53,34782.9,0
2021-06-23 09:24:54,34780.4,0
2021-06-23 09:24:55,34783.85,0
2021-06-23 09:24:56,34788.45,0
2021-06-23 09:24:57,34784.2,0
2021-06-23 09:24:58,34783.75,0
2021-06-23 09:24:59,34787.45,0
2021-06-23 09:25:01,34783.05,0
2021-06-23 09:25:02,34784.75,0
2021-06-23 09:25:03,34788.1,0
2021-06-23 09:25:04,34780.95,0
2021-06-23 09:25:06,34783.6,0
2021-06-23 09:25:07,34786.4,0
2021-06-23 09:25:08,34787.45,0
2021-06-23 09:25:09,34784.3,0
2021-06-23 09:25:10,34789.55,0
2021-06-23 09:25:11,34788.6,0
2021-06-23 09:25:12,34798.5,0
2021-06-23 09:25:13,34803.5,0
2021-06-23 09:25:14,34801.4,0
2021-06-23 09:25:15,34804.95,0
2021-06-23 09:25:16,34808.9,0
2021-06-23 09:25:17,34809.5,0
2021-06-23 09:25:18,34809.6,0
2021-06-23 09:25:19,34807.65,0
2021-06-23 09:25:20,34811.85,0
2021-06-23 09:25:21,34809.2,0
2021-06-23 09:25:22,34809.65,0
2021-06-23 09:25:23,34809.35,0
2021-06-23 09:25:25,34812.8,0
2021-06-23 09:25:26,34812.35,0
2021-06-23 09:25:27,34813.1,0
2021-06-23 09:25:28,34812.55,0
2021-06-23 09:25:29,34810.7,0
2021-06-23 09:25:30,34809.6,0
2021-06-23 09:25:31,34814.0,0
2021-06-23 09:25:32,34814.95,0
2021-06-23 09:25:33,34816.4,0
2021-06-23 09:25:34,34816.0,0
2021-06-23 09:25:35,34816.5,0
2021-06-23 09:25:37,34819.7,0
2021-06-23 09:25:38,34817.7,0
2021-06-23 09:25:40,34824.55,0
2021-06-23 09:25:41,34828.4,0
2021-06-23 09:25:42,34828.0,0
2021-06-23 09:25:44,34832.05,0
2021-06-23 09:25:45,34833.5,0
2021-06-23 09:25:46,34830.6,0
2021-06-23 09:25:47,34834.1,0
2021-06-23 09:25:48,34830.95,0
2021-06-23 09:25:49,34829.3,0
2021-06-23 09:25:50,34828.05,0
2021-06-23 09:25:51,34828.1,0
2021-06-23 09:25:52,34828.95,0
2021-06-23 09:25:53,34832.7,0
2021-06-23 09:25:54,34831.95,0
2021-06-23 09:25:55,34829.2,0
2021-06-23 09:25:56,34825.15,0
2021-06-23 09:25:59,34828.9,0
2021-06-23 09:26:00,34830.7,0
2021-06-23 09:26:02,34832.05,0
2021-06-23 09:26:03,34838.65,0
2021-06-23 09:26:04,34841.1,0
2021-06-23 09:26:05,34837.95,0
2021-06-23 09:26:06,34838.8,0
2021-06-23 09:26:07,34833.9,0
2021-06-23 09:26:08,34837.0,0
2021-06-23 09:26:09,34837.3,0
2021-06-23 09:26:10,34839.15,0
2021-06-23 09:26:11,34851.15,0
2021-06-23 09:26:12,34850.4,0
2021-06-23 09:26:13,34851.45,0
2021-06-23 09:26:14,34850.3,0
2021-06-23 09:26:15,34852.6,0
2021-06-23 09:26:16,34853.25,0
2021-06-23 09:26:17,34853.55,0
2021-06-23 09:26:18,34855.9,0
2021-06-23 09:26:19,34854.4,0
2021-06-23 09:26:20,34853.5,0
2021-06-23 09:26:21,34854.1,0
2021-06-23 09:26:22,34861.25,0
2021-06-23 09:26:24,34863.75,0
2021-06-23 09:26:25,34858.05,0
2021-06-23 09:26:26,34859.2,0
2021-06-23 09:26:27,34857.85,0
2021-06-23 09:26:28,34861.55,0
2021-06-23 09:26:29,34861.3,0
2021-06-23 09:26:30,34861.7,0
2021-06-23 09:26:31,34860.5,0
2021-06-23 09:26:32,34858.8,0
2021-06-23 09:26:33,34860.85,0
2021-06-23 09:26:34,34860.4,0
2021-06-23 09:26:35,34858.4,0
2021-06-23 09:26:36,34857.2,0
2021-06-23 09:26:37,34856.25,0
2021-06-23 09:26:38,34858.35,0
2021-06-23 09:26:39,34858.35,0
2021-06-23 09:26:40,34857.9,0
2021-06-23 09:26:41,34858.65,0
2021-06-23 09:26:42,34856.85,0
2021-06-23 09:26:43,34858.65,0
2021-06-23 09:26:45,34859.1,0
2021-06-23 09:26:46,34857.8,0
2021-06-23 09:26:47,34859.8,0
2021-06-23 09:26:48,34857.45,0
2021-06-23 09:26:49,34856.55,0
2021-06-23 09:26:50,34854.9,0
2021-06-23 09:26:51,34853.65,0
2021-06-23 09:26:52,34847.95,0
2021-06-23 09:26:53,34854.15,0
2021-06-23 09:26:54,34854.95,0
2021-06-23 09:26:55,34855.85,0
2021-06-23 09:26:56,34856.5,0
2021-06-23 09:26:57,34854.55,0
2021-06-23 09:26:58,34857.65,0
2021-06-23 09:26:59,34855.5,0
2021-06-23 09:27:00,34855.9,0
2021-06-23 09:27:01,34855.3,0
2021-06-23 09:27:02,34854.55,0
2021-06-23 09:27:03,34854.25,0
2021-06-23 09:27:04,34855.4,0
2021-06-23 09:27:05,34857.25,0
2021-06-23 09:27:07,34853.8,0
2021-06-23 09:27:09,34856.55,0
2021-06-23 09:27:10,34854.05,0
2021-06-23 09:27:11,34852.6,0
2021-06-23 09:27:13,34853.0,0
2021-06-23 09:27:14,34848.2,0
2021-06-23 09:27:15,34849.0,0
2021-06-23 09:27:16,34850.4,0
2021-06-23 09:27:17,34846.3,0
2021-06-23 09:27:18,34844.85,0
2021-06-23 09:27:19,34843.2,0
2021-06-23 09:27:20,34845.05,0
2021-06-23 09:27:21,34842.95,0
2021-06-23 09:27:23,34845.3,0
2021-06-23 09:27:24,34849.4,0
2021-06-23 09:27:25,34849.5,0
2021-06-23 09:27:26,34853.85,0
2021-06-23 09:27:27,34854.7,0
2021-06-23 09:27:28,34850.65,0
2021-06-23 09:27:29,34852.1,0
2021-06-23 09:27:30,34849.6,0
2021-06-23 09:27:31,34852.7,0
2021-06-23 09:27:32,34850.75,0
2021-06-23 09:27:33,34854.45,0
2021-06-23 09:27:36,34854.75,0
2021-06-23 09:27:37,34853.5,0
2021-06-23 09:27:39,34850.45,0
2021-06-23 09:27:40,34851.7,0
2021-06-23 09:27:41,34853.0,0
2021-06-23 09:27:42,34850.9,0
2021-06-23 09:27:43,34852.2,0
2021-06-23 09:27:44,34849.05,0
2021-06-23 09:27:45,34855.2,0
2021-06-23 09:27:46,34853.65,0
2021-06-23 09:27:47,34853.55,0
2021-06-23 09:27:49,34853.45,0
2021-06-23 09:27:50,34852.4,0
2021-06-23 09:27:51,34850.7,0
2021-06-23 09:27:52,34851.75,0
2021-06-23 09:27:53,34852.25,0
2021-06-23 09:27:54,34853.2,0
2021-06-23 09:27:55,34854.8,0
2021-06-23 09:27:56,34854.3,0
2021-06-23 09:27:57,34854.65,0
2021-06-23 09:27:58,34855.3,0
2021-06-23 09:27:59,34854.35,0
2021-06-23 09:28:00,34855.15,0
2021-06-23 09:28:01,34855.25,0
2021-06-23 09:28:02,34855.9,0
2021-06-23 09:28:03,34855.5,0
2021-06-23 09:28:04,34854.85,0
2021-06-23 09:28:05,34856.65,0
2021-06-23 09:28:07,34856.55,0
2021-06-23 09:28:08,34859.8,0
2021-06-23 09:28:09,34860.05,0
2021-06-23 09:28:10,34862.45,0
2021-06-23 09:28:11,34861.85,0
2021-06-23 09:28:12,34861.15,0
2021-06-23 09:28:13,34861.55,0
2021-06-23 09:28:15,34862.4,0
2021-06-23 09:28:16,34860.45,0
2021-06-23 09:28:17,34860.7,0
2021-06-23 09:28:18,34857.95,0
2021-06-23 09:28:19,34859.75,0
2021-06-23 09:28:20,34862.1,0
2021-06-23 09:28:21,34861.8,0
2021-06-23 09:28:22,34860.1,0
2021-06-23 09:28:23,34860.2,0
2021-06-23 09:28:24,34856.9,0
2021-06-23 09:28:26,34860.55,0
2021-06-23 09:28:28,34859.9,0
2021-06-23 09:28:29,34863.9,0
2021-06-23 09:28:30,34863.25,0
2021-06-23 09:28:31,34863.8,0
2021-06-23 09:28:32,34864.75,0
2021-06-23 09:28:33,34864.25,0
2021-06-23 09:28:34,34866.4,0
2021-06-23 09:28:35,34867.5,0
2021-06-23 09:28:36,34865.85,0
2021-06-23 09:28:37,34867.5,0
2021-06-23 09:28:38,34868.0,0
2021-06-23 09:28:39,34866.3,0
2021-06-23 09:28:40,34867.2,0
2021-06-23 09:28:41,34868.65,0
2021-06-23 09:28:42,34864.9,0
2021-06-23 09:28:44,34866.5,0
2021-06-23 09:28:45,34868.5,0
2021-06-23 09:28:46,34867.65,0
2021-06-23 09:28:47,34864.85,0
2021-06-23 09:28:48,34866.65,0
2021-06-23 09:28:49,34865.6,0
2021-06-23 09:28:50,34864.05,0
2021-06-23 09:28:51,34855.2,0
2021-06-23 09:28:52,34856.15,0
2021-06-23 09:28:53,34855.9,0
2021-06-23 09:28:54,34854.95,0
2021-06-23 09:28:55,34852.5,0
2021-06-23 09:28:56,34854.15,0
2021-06-23 09:28:57,34852.75,0
2021-06-23 09:28:58,34853.8,0
2021-06-23 09:28:59,34853.55,0
2021-06-23 09:29:00,34850.15,0
2021-06-23 09:29:01,34851.55,0
2021-06-23 09:29:02,34847.15,0
2021-06-23 09:29:03,34847.9,0
2021-06-23 09:29:04,34846.35,0
2021-06-23 09:29:05,34844.05,0
2021-06-23 09:29:08,34845.75,0
2021-06-23 09:29:10,34846.6,0
2021-06-23 09:29:11,34847.85,0
2021-06-23 09:29:12,34847.7,0
2021-06-23 09:29:13,34846.2,0
2021-06-23 09:29:14,34845.0,0
2021-06-23 09:29:15,34844.85,0
2021-06-23 09:29:17,34837.75,0
2021-06-23 09:29:18,34838.25,0
2021-06-23 09:29:20,34837.65,0
2021-06-23 09:29:21,34835.8,0
2021-06-23 09:29:22,34837.3,0
2021-06-23 09:29:23,34837.65,0
2021-06-23 09:29:24,34836.15,0
2021-06-23 09:29:25,34834.5,0
2021-06-23 09:29:26,34834.4,0
2021-06-23 09:29:27,34837.65,0
2021-06-23 09:29:28,34836.4,0
2021-06-23 09:29:29,34834.55,0
2021-06-23 09:29:30,34833.15,0
2021-06-23 09:29:32,34831.0,0
2021-06-23 09:29:33,34831.15,0
2021-06-23 09:29:34,34829.6,0
2021-06-23 09:29:35,34830.45,0
2021-06-23 09:29:36,34831.15,0
2021-06-23 09:29:37,34829.45,0
2021-06-23 09:29:38,34829.55,0
2021-06-23 09:29:39,34827.9,0
2021-06-23 09:29:40,34828.8,0
2021-06-23 09:29:41,34826.55,0
2021-06-23 09:29:42,34827.85,0
2021-06-23 09:29:43,34816.25,0
2021-06-23 09:29:44,34821.5,0
2021-06-23 09:29:45,34821.85,0
2021-06-23 09:29:46,34821.45,0
2021-06-23 09:29:47,34820.05,0
2021-06-23 09:29:48,34818.55,0
2021-06-23 09:29:49,34812.3,0
2021-06-23 09:29:50,34811.05,0
2021-06-23 09:29:51,34796.7,0
2021-06-23 09:29:52,34795.2,0
2021-06-23 09:29:53,34796.9,0
2021-06-23 09:29:54,34796.35,0
2021-06-23 09:29:56,34797.75,0
2021-06-23 09:29:57,34804.2,0
2021-06-23 09:29:58,34803.75,0
2021-06-23 09:29:59,34805.9,0
2021-06-23 09:30:00,34805.75,0
2021-06-23 09:30:01,34807.6,0
2021-06-23 09:30:02,34808.6,0
2021-06-23 09:30:03,34813.1,0
2021-06-23 09:30:04,34812.4,0
2021-06-23 09:30:05,34812.6,0
2021-06-23 09:30:06,34808.2,0
2021-06-23 09:30:07,34811.7,0
2021-06-23 09:30:08,34811.55,0
2021-06-23 09:30:09,34812.55,0
2021-06-23 09:30:10,34812.7,0
2021-06-23 09:30:12,34812.55,0
2021-06-23 09:30:13,34813.65,0
2021-06-23 09:30:14,34812.3,0
2021-06-23 09:30:16,34802.25,0
2021-06-23 09:30:17,34803.15,0
2021-06-23 09:30:18,34802.45,0
2021-06-23 09:30:19,34798.65,0
2021-06-23 09:30:20,34798.8,0
2021-06-23 09:30:21,34798.45,0
2021-06-23 09:30:22,34792.85,0
2021-06-23 09:30:23,34779.5,0
2021-06-23 09:30:24,34782.05,0
2021-06-23 09:30:25,34788.45,0
2021-06-23 09:30:26,34776.95,0
2021-06-23 09:30:27,34773.6,0
2021-06-23 09:30:28,34774.65,0
2021-06-23 09:30:29,34774.45,0
2021-06-23 09:30:30,34776.85,0
2021-06-23 09:30:31,34779.5,0
2021-06-23 09:30:32,34777.95,0
2021-06-23 09:30:34,34783.05,0
2021-06-23 09:30:35,34789.3,0
2021-06-23 09:30:36,34789.85,0
2021-06-23 09:30:37,34789.75,0
2021-06-23 09:30:38,34789.35,0
2021-06-23 09:30:39,34790.95,0
2021-06-23 09:30:40,34789.0,0
2021-06-23 09:30:42,34789.9,0
2021-06-23 09:30:43,34790.85,0
2021-06-23 09:30:44,34792.0,0
2021-06-23 09:30:45,34790.25,0
2021-06-23 09:30:46,34790.75,0
2021-06-23 09:30:47,34782.3,0
2021-06-23 09:30:48,34785.4,0
2021-06-23 09:30:49,34782.65,0
2021-06-23 09:30:50,34779.05,0
2021-06-23 09:30:51,34772.8,0
2021-06-23 09:30:52,34773.2,0
2021-06-23 09:30:53,34773.1,0
2021-06-23 09:30:54,34773.65,0
2021-06-23 09:30:55,34773.0,0
2021-06-23 09:30:56,34770.95,0
2021-06-23 09:30:57,34770.1,0
2021-06-23 09:30:58,34769.65,0
2021-06-23 09:30:59,34772.3,0
2021-06-23 09:31:00,34768.05,0
2021-06-23 09:31:01,34769.6,0
2021-06-23 09:31:02,34767.25,0
2021-06-23 09:31:03,34766.55,0
2021-06-23 09:31:05,34765.95,0
2021-06-23 09:31:06,34767.7,0
2021-06-23 09:31:07,34768.45,0
2021-06-23 09:31:09,34764.0,0
2021-06-23 09:31:10,34767.05,0
2021-06-23 09:31:12,34763.45,0
2021-06-23 09:31:13,34762.95,0
2021-06-23 09:31:14,34762.7,0
2021-06-23 09:31:15,34759.65,0
2021-06-23 09:31:16,34759.35,0
2021-06-23 09:31:17,34760.0,0
2021-06-23 09:31:18,34761.65,0
2021-06-23 09:31:19,34763.4,0
2021-06-23 09:31:21,34776.35,0
2021-06-23 09:31:22,34773.4,0
2021-06-23 09:31:23,34774.4,0
2021-06-23 09:31:24,34773.15,0
2021-06-23 09:31:25,34773.6,0
2021-06-23 09:31:26,34775.95,0
2021-06-23 09:31:28,34781.4,0
2021-06-23 09:31:30,34783.05,0
2021-06-23 09:31:31,34785.1,0
2021-06-23 09:31:32,34787.25,0
2021-06-23 09:31:33,34784.15,0
2021-06-23 09:31:36,34780.05,0
2021-06-23 09:31:37,34780.75,0
2021-06-23 09:31:38,34778.5,0
2021-06-23 09:31:39,34778.85,0
2021-06-23 09:31:40,34778.55,0
2021-06-23 09:31:41,34778.55,0
2021-06-23 09:31:42,34779.1,0
2021-06-23 09:31:45,34775.7,0
2021-06-23 09:31:46,34773.35,0
2021-06-23 09:31:47,34769.7,0
2021-06-23 09:31:48,34772.1,0
2021-06-23 09:31:49,34770.9,0
2021-06-23 09:31:50,34769.55,0
2021-06-23 09:31:51,34767.5,0
2021-06-23 09:31:52,34766.55,0
2021-06-23 09:31:53,34767.4,0
2021-06-23 09:31:54,34765.3,0
2021-06-23 09:31:55,34766.8,0
2021-06-23 09:31:56,34763.7,0
2021-06-23 09:31:57,34764.25,0
2021-06-23 09:31:58,34766.45,0
2021-06-23 09:32:00,34770.1,0
2021-06-23 09:32:01,34766.85,0
2021-06-23 09:32:02,34771.05,0
2021-06-23 09:32:03,34771.8,0
2021-06-23 09:32:04,34773.3,0
2021-06-23 09:32:05,34774.25,0
2021-06-23 09:32:06,34772.95,0
2021-06-23 09:32:07,34775.75,0
2021-06-23 09:32:08,34773.15,0
2021-06-23 09:32:10,34776.55,0
2021-06-23 09:32:11,34775.15,0
2021-06-23 09:32:12,34779.35,0
2021-06-23 09:32:13,34778.45,0
2021-06-23 09:32:14,34777.45,0
2021-06-23 09:32:15,34778.4,0
2021-06-23 09:32:16,34776.75,0
2021-06-23 09:32:17,34782.15,0
2021-06-23 09:32:18,34779.2,0
2021-06-23 09:32:19,34780.25,0
2021-06-23 09:32:20,34781.55,0
2021-06-23 09:32:22,34782.15,0
2021-06-23 09:32:23,34783.65,0
2021-06-23 09:32:24,34785.85,0
2021-06-23 09:32:26,34785.1,0
2021-06-23 09:32:27,34787.9,0
2021-06-23 09:32:28,34788.2,0
2021-06-23 09:32:29,34788.95,0
2021-06-23 09:32:30,34785.65,0
2021-06-23 09:32:32,34794.5,0
2021-06-23 09:32:33,34790.9,0
2021-06-23 09:32:35,34791.25,0
2021-06-23 09:32:36,34799.6,0
2021-06-23 09:32:37,34796.8,0
2021-06-23 09:32:38,34797.0,0
2021-06-23 09:32:39,34808.1,0
2021-06-23 09:32:40,34806.9,0
2021-06-23 09:32:42,34815.6,0
2021-06-23 09:32:43,34812.25,0
2021-06-23 09:32:44,34810.3,0
2021-06-23 09:32:45,34811.9,0
2021-06-23 09:32:46,34807.65,0
2021-06-23 09:32:48,34806.25,0
2021-06-23 09:32:49,34803.5,0
2021-06-23 09:32:51,34801.5,0
2021-06-23 09:32:52,34796.45,0
2021-06-23 09:32:53,34791.45,0
2021-06-23 09:32:54,34791.1,0
2021-06-23 09:32:55,34790.75,0
2021-06-23 09:32:56,34793.95,0
2021-06-23 09:32:57,34789.75,0
2021-06-23 09:32:58,34788.45,0
2021-06-23 09:32:59,34789.7,0
2021-06-23 09:33:00,34790.35,0
2021-06-23 09:33:01,34786.35,0
2021-06-23 09:33:02,34786.6,0
2021-06-23 09:33:03,34783.5,0
2021-06-23 09:33:04,34783.15,0
2021-06-23 09:33:07,34783.15,0
2021-06-23 09:33:08,34786.5,0
2021-06-23 09:33:09,34786.2,0
2021-06-23 09:33:10,34784.95,0
2021-06-23 09:33:11,34785.85,0
2021-06-23 09:33:12,34786.6,0
2021-06-23 09:33:13,34785.35,0
2021-06-23 09:33:14,34784.6,0
2021-06-23 09:33:15,34784.6,0
2021-06-23 09:33:16,34785.0,0
2021-06-23 09:33:18,34784.9,0
2021-06-23 09:33:19,34783.4,0
2021-06-23 09:33:20,34790.2,0
2021-06-23 09:33:23,34794.2,0
2021-06-23 09:33:24,34796.7,0
2021-06-23 09:33:25,34796.8,0
2021-06-23 09:33:26,34796.3,0
2021-06-23 09:33:28,34794.55,0
2021-06-23 09:33:29,34795.35,0
2021-06-23 09:33:30,34796.25,0
2021-06-23 09:33:31,34792.8,0
2021-06-23 09:33:32,34795.7,0
2021-06-23 09:33:33,34796.55,0
2021-06-23 09:33:35,34797.55,0
2021-06-23 09:33:36,34797.35,0
2021-06-23 09:33:37,34796.7,0
2021-06-23 09:33:38,34794.8,0
2021-06-23 09:33:39,34793.35,0
2021-06-23 09:33:40,34794.1,0
2021-06-23 09:33:41,34794.6,0
2021-06-23 09:33:42,34792.35,0
2021-06-23 09:33:44,34794.15,0
2021-06-23 09:33:46,34791.65,0
2021-06-23 09:33:47,34795.6,0
2021-06-23 09:33:48,34796.85,0
2021-06-23 09:33:49,34795.9,0
2021-06-23 09:33:50,34796.0,0
2021-06-23 09:33:51,34795.65,0
2021-06-23 09:33:52,34791.05,0
2021-06-23 09:33:53,34790.75,0
2021-06-23 09:33:54,34792.9,0
2021-06-23 09:33:55,34792.55,0
2021-06-23 09:33:56,34792.8,0
2021-06-23 09:33:57,34792.35,0
2021-06-23 09:33:58,34795.0,0
2021-06-23 09:33:59,34795.55,0
2021-06-23 09:34:00,34795.95,0
2021-06-23 09:34:01,34791.0,0
2021-06-23 09:34:02,34793.3,0
2021-06-23 09:34:03,34791.05,0
2021-06-23 09:34:04,34791.8,0
2021-06-23 09:34:05,34791.3,0
2021-06-23 09:34:06,34790.75,0
2021-06-23 09:34:07,34790.35,0
2021-06-23 09:34:08,34788.75,0
2021-06-23 09:34:09,34783.0,0
2021-06-23 09:34:10,34781.8,0
2021-06-23 09:34:11,34782.75,0
2021-06-23 09:34:12,34783.75,0
2021-06-23 09:34:13,34783.15,0
2021-06-23 09:34:14,34784.6,0
2021-06-23 09:34:15,34785.55,0
2021-06-23 09:34:16,34787.2,0
2021-06-23 09:34:17,34786.65,0
2021-06-23 09:34:18,34785.35,0
2021-06-23 09:34:19,34787.85,0
2021-06-23 09:34:20,34790.05,0
2021-06-23 09:34:21,34793.2,0
2021-06-23 09:34:22,34795.0,0
2021-06-23 09:34:23,34796.25,0
2021-06-23 09:34:24,34794.45,0
2021-06-23 09:34:25,34799.75,0
2021-06-23 09:34:26,34801.1,0
2021-06-23 09:34:27,34799.6,0
2021-06-23 09:34:28,34804.75,0
2021-06-23 09:34:29,34801.15,0
2021-06-23 09:34:30,34804.05,0
2021-06-23 09:34:31,34802.8,0
2021-06-23 09:34:32,34802.0,0
2021-06-23 09:34:33,34796.15,0
2021-06-23 09:34:34,34796.0,0
2021-06-23 09:34:35,34798.0,0
2021-06-23 09:34:36,34796.75,0
2021-06-23 09:34:37,34793.0,0
2021-06-23 09:34:38,34790.5,0
2021-06-23 09:34:39,34787.4,0
2021-06-23 09:34:40,34789.65,0
2021-06-23 09:34:41,34786.9,0
2021-06-23 09:34:42,34785.85,0
2021-06-23 09:34:43,34788.95,0
2021-06-23 09:34:44,34788.6,0
2021-06-23 09:34:45,34787.45,0
2021-06-23 09:34:46,34785.85,0
2021-06-23 09:34:47,34784.9,0
2021-06-23 09:34:48,34785.35,0
2021-06-23 09:34:49,34782.95,0
2021-06-23 09:34:52,34782.5,0
2021-06-23 09:34:54,34782.25,0
2021-06-23 09:34:55,34781.95,0
2021-06-23 09:34:56,34779.3,0
2021-06-23 09:34:57,34778.0,0
2021-06-23 09:34:58,34778.4,0
2021-06-23 09:34:59,34777.75,0
2021-06-23 09:35:00,34777.85,0
2021-06-23 09:35:01,34776.65,0
2021-06-23 09:35:02,34777.4,0
2021-06-23 09:35:03,34776.85,0
2021-06-23 09:35:04,34775.65,0
2021-06-23 09:35:05,34775.8,0
2021-06-23 09:35:06,34774.75,0
2021-06-23 09:35:07,34772.95,0
2021-06-23 09:35:08,34768.2,0
2021-06-23 09:35:09,34772.25,0
2021-06-23 09:35:10,34768.7,0
2021-06-23 09:35:11,34764.85,0
2021-06-23 09:35:12,34764.65,0
2021-06-23 09:35:13,34765.7,0
2021-06-23 09:35:14,34766.2,0
2021-06-23 09:35:15,34765.65,0
2021-06-23 09:35:16,34765.9,0
2021-06-23 09:35:17,34764.9,0
2021-06-23 09:35:18,34764.45,0
2021-06-23 09:35:19,34762.85,0
2021-06-23 09:35:21,34761.7,0
2021-06-23 09:35:22,34760.85,0
2021-06-23 09:35:23,34759.4,0
2021-06-23 09:35:24,34758.55,0
2021-06-23 09:35:25,34759.35,0
2021-06-23 09:35:26,34757.7,0
2021-06-23 09:35:27,34758.05,0
2021-06-23 09:35:28,34756.5,0
2021-06-23 09:35:29,34754.05,0
2021-06-23 09:35:31,34759.85,0
2021-06-23 09:35:32,34759.55,0
2021-06-23 09:35:33,34760.2,0
2021-06-23 09:35:34,34767.55,0
2021-06-23 09:35:35,34769.6,0
2021-06-23 09:35:37,34770.5,0
2021-06-23 09:35:38,34768.45,0
2021-06-23 09:35:39,34767.7,0
2021-06-23 09:35:41,34768.9,0
2021-06-23 09:35:42,34770.4,0
2021-06-23 09:35:43,34770.35,0
2021-06-23 09:35:44,34789.8,0
2021-06-23 09:35:45,34786.0,0
2021-06-23 09:35:46,34783.3,0
2021-06-23 09:35:47,34782.65,0
2021-06-23 09:35:49,34768.3,0
2021-06-23 09:35:50,34773.2,0
2021-06-23 09:35:51,34768.55,0
2021-06-23 09:35:53,34769.5,0
2021-06-23 09:35:54,34778.6,0
2021-06-23 09:35:55,34780.75,0
2021-06-23 09:35:56,34777.1,0
2021-06-23 09:35:57,34775.35,0
2021-06-23 09:35:58,34776.9,0
2021-06-23 09:35:59,34776.05,0
2021-06-23 09:36:00,34777.95,0
2021-06-23 09:36:01,34778.6,0
2021-06-23 09:36:02,34780.75,0
2021-06-23 09:36:03,34779.6,0
2021-06-23 09:36:04,34779.2,0
2021-06-23 09:36:05,34779.05,0
2021-06-23 09:36:06,34779.0,0
2021-06-23 09:36:07,34779.25,0
2021-06-23 09:36:09,34781.1,0
2021-06-23 09:36:10,34783.3,0
2021-06-23 09:36:11,34781.2,0
2021-06-23 09:36:12,34774.4,0
2021-06-23 09:36:13,34776.6,0
2021-06-23 09:36:14,34770.4,0
2021-06-23 09:36:15,34772.25,0
2021-06-23 09:36:16,34773.45,0
2021-06-23 09:36:17,34771.85,0
2021-06-23 09:36:18,34768.85,0
2021-06-23 09:36:20,34770.1,0
2021-06-23 09:36:21,34773.1,0
2021-06-23 09:36:22,34768.5,0
2021-06-23 09:36:23,34771.25,0
2021-06-23 09:36:24,34768.9,0
2021-06-23 09:36:25,34768.4,0
2021-06-23 09:36:27,34772.2,0
2021-06-23 09:36:28,34771.7,0
2021-06-23 09:36:29,34769.1,0
2021-06-23 09:36:30,34771.45,0
2021-06-23 09:36:31,34771.3,0
2021-06-23 09:36:32,34771.1,0
2021-06-23 09:36:33,34770.2,0
2021-06-23 09:36:34,34767.5,0
2021-06-23 09:36:35,34764.5,0
2021-06-23 09:36:36,34768.15,0
2021-06-23 09:36:37,34766.1,0
2021-06-23 09:36:38,34766.3,0
2021-06-23 09:36:40,34762.6,0
2021-06-23 09:36:41,34766.35,0
2021-06-23 09:36:42,34767.5,0
2021-06-23 09:36:43,34764.95,0
2021-06-23 09:36:44,34764.95,0
2021-06-23 09:36:45,34764.75,0
2021-06-23 09:36:47,34766.9,0
2021-06-23 09:36:48,34765.6,0
2021-06-23 09:36:49,34766.05,0
2021-06-23 09:36:50,34774.5,0
2021-06-23 09:36:51,34776.65,0
2021-06-23 09:36:52,34777.4,0
2021-06-23 09:36:54,34776.6,0
2021-06-23 09:36:55,34776.3,0
2021-06-23 09:36:56,34775.55,0
2021-06-23 09:36:58,34774.95,0
2021-06-23 09:36:59,34775.5,0
2021-06-23 09:37:00,34775.9,0
2021-06-23 09:37:01,34775.5,0
2021-06-23 09:37:02,34777.1,0
2021-06-23 09:37:03,34775.2,0
2021-06-23 09:37:04,34779.2,0
2021-06-23 09:37:05,34783.0,0
2021-06-23 09:37:06,34783.35,0
2021-06-23 09:37:07,34783.15,0
2021-06-23 09:37:08,34784.7,0
2021-06-23 09:37:09,34784.15,0
2021-06-23 09:37:10,34784.7,0
2021-06-23 09:37:11,34784.8,0
2021-06-23 09:37:12,34785.95,0
2021-06-23 09:37:13,34787.1,0
2021-06-23 09:37:14,34786.35,0
2021-06-23 09:37:15,34783.5,0
2021-06-23 09:37:16,34785.65,0
2021-06-23 09:37:17,34786.8,0
2021-06-23 09:37:18,34786.7,0
2021-06-23 09:37:19,34785.9,0
2021-06-23 09:37:21,34791.7,0
2021-06-23 09:37:22,34790.65,0
2021-06-23 09:37:23,34790.95,0
2021-06-23 09:37:24,34794.0,0
2021-06-23 09:37:25,34794.7,0
2021-06-23 09:37:26,34797.6,0
2021-06-23 09:37:27,34797.7,0
2021-06-23 09:37:28,34795.1,0
2021-06-23 09:37:29,34796.15,0
2021-06-23 09:37:30,34796.45,0
2021-06-23 09:37:31,34793.65,0
2021-06-23 09:37:32,34795.2,0
2021-06-23 09:37:33,34795.15,0
2021-06-23 09:37:34,34798.0,0
2021-06-23 09:37:35,34797.15,0
2021-06-23 09:37:36,34796.9,0
2021-06-23 09:37:37,34795.6,0
2021-06-23 09:37:38,34794.75,0
2021-06-23 09:37:40,34795.7,0
2021-06-23 09:37:41,34795.35,0
2021-06-23 09:37:42,34793.85,0
2021-06-23 09:37:43,34794.65,0
2021-06-23 09:37:44,34795.75,0
2021-06-23 09:37:46,34790.2,0
2021-06-23 09:37:47,34791.45,0
2021-06-23 09:37:49,34791.0,0
2021-06-23 09:37:50,34791.3,0
2021-06-23 09:37:52,34792.95,0
2021-06-23 09:37:54,34792.05,0
2021-06-23 09:37:57,34794.8,0
2021-06-23 09:37:58,34795.2,0
2021-06-23 09:38:00,34798.95,0
2021-06-23 09:38:01,34799.05,0
2021-06-23 09:38:03,34796.15,0
2021-06-23 09:38:04,34796.5,0
2021-06-23 09:38:05,34794.95,0
2021-06-23 09:38:06,34799.25,0
2021-06-23 09:38:07,34802.7,0
2021-06-23 09:38:08,34802.65,0
2021-06-23 09:38:09,34802.75,0
2021-06-23 09:38:10,34804.9,0
2021-06-23 09:38:11,34805.8,0
2021-06-23 09:38:12,34805.95,0
2021-06-23 09:38:13,34807.15,0
2021-06-23 09:38:15,34808.8,0
2021-06-23 09:38:16,34806.4,0
2021-06-23 09:38:17,34808.45,0
2021-06-23 09:38:18,34806.65,0
2021-06-23 09:38:19,34807.65,0
2021-06-23 09:38:21,34809.4,0
2021-06-23 09:38:22,34806.75,0
2021-06-23 09:38:23,34805.0,0
2021-06-23 09:38:24,34806.05,0
2021-06-23 09:38:26,34805.1,0
2021-06-23 09:38:25,34804.1,0
2021-06-23 09:38:27,34806.55,0
2021-06-23 09:38:28,34804.6,0
2021-06-23 09:38:29,34806.4,0
2021-06-23 09:38:30,34807.7,0
2021-06-23 09:38:31,34804.4,0
2021-06-23 09:38:32,34800.75,0
2021-06-23 09:38:33,34801.9,0
2021-06-23 09:38:34,34798.1,0
2021-06-23 09:38:35,34798.85,0
2021-06-23 09:38:36,34799.2,0
2021-06-23 09:38:37,34801.1,0
2021-06-23 09:38:38,34800.3,0
2021-06-23 09:38:39,34800.8,0
2021-06-23 09:38:40,34798.1,0
2021-06-23 09:38:41,34798.55,0
2021-06-23 09:38:42,34794.25,0
2021-06-23 09:38:43,34790.7,0
2021-06-23 09:38:44,34787.05,0
2021-06-23 09:38:45,34788.55,0
2021-06-23 09:38:46,34788.7,0
2021-06-23 09:38:47,34788.35,0
2021-06-23 09:38:49,34789.35,0
2021-06-23 09:38:50,34786.25,0
2021-06-23 09:38:51,34786.0,0
2021-06-23 09:38:52,34787.25,0
2021-06-23 09:38:53,34789.5,0
2021-06-23 09:38:55,34790.25,0
2021-06-23 09:38:56,34790.9,0
2021-06-23 09:38:57,34791.35,0
2021-06-23 09:38:58,34792.4,0
2021-06-23 09:38:59,34792.55,0
2021-06-23 09:39:00,34795.6,0
2021-06-23 09:39:01,34799.95,0
2021-06-23 09:39:02,34801.85,0
2021-06-23 09:39:03,34800.05,0
2021-06-23 09:39:04,34800.65,0
2021-06-23 09:39:05,34801.2,0
2021-06-23 09:39:07,34804.3,0
2021-06-23 09:39:08,34804.7,0
2021-06-23 09:39:09,34803.2,0
2021-06-23 09:39:10,34800.2,0
2021-06-23 09:39:11,34804.3,0
2021-06-23 09:39:12,34807.4,0
2021-06-23 09:39:13,34807.0,0
2021-06-23 09:39:14,34807.0,0
2021-06-23 09:39:15,34806.8,0
2021-06-23 09:39:16,34809.3,0
2021-06-23 09:39:17,34810.7,0
2021-06-23 09:39:18,34808.5,0
2021-06-23 09:39:19,34808.0,0
2021-06-23 09:39:20,34807.75,0
2021-06-23 09:39:21,34814.25,0
2021-06-23 09:39:22,34811.7,0
2021-06-23 09:39:23,34810.55,0
2021-06-23 09:39:24,34811.25,0
2021-06-23 09:39:25,34811.6,0
2021-06-23 09:39:26,34814.15,0
2021-06-23 09:39:27,34814.25,0
2021-06-23 09:39:28,34813.6,0
2021-06-23 09:39:29,34823.0,0
2021-06-23 09:39:30,34820.85,0
2021-06-23 09:39:32,34823.75,0
2021-06-23 09:39:33,34821.4,0
2021-06-23 09:39:34,34820.75,0
2021-06-23 09:39:35,34821.15,0
2021-06-23 09:39:36,34820.8,0
2021-06-23 09:39:37,34820.95,0
2021-06-23 09:39:38,34822.1,0
2021-06-23 09:39:39,34824.75,0
2021-06-23 09:39:40,34823.25,0
2021-06-23 09:39:41,34823.85,0
2021-06-23 09:39:42,34825.9,0
2021-06-23 09:39:43,34827.6,0
2021-06-23 09:39:45,34827.95,0
2021-06-23 09:39:46,34828.75,0
2021-06-23 09:39:47,34835.7,0
2021-06-23 09:39:48,34831.05,0
2021-06-23 09:39:49,34832.9,0
2021-06-23 09:39:50,34830.35,0
2021-06-23 09:39:51,34833.75,0
2021-06-23 09:39:52,34833.35,0
2021-06-23 09:39:53,34828.6,0
2021-06-23 09:39:55,34825.5,0
2021-06-23 09:39:57,34825.15,0
2021-06-23 09:39:59,34825.25,0
2021-06-23 09:40:00,34824.6,0
2021-06-23 09:40:01,34829.05,0
2021-06-23 09:40:02,34827.05,0
2021-06-23 09:40:04,34826.25,0
2021-06-23 09:40:05,34828.2,0
2021-06-23 09:40:07,34828.8,0
2021-06-23 09:40:08,34829.1,0
2021-06-23 09:40:09,34828.0,0
2021-06-23 09:40:10,34827.0,0
2021-06-23 09:40:11,34822.9,0
2021-06-23 09:40:12,34824.65,0
2021-06-23 09:40:13,34824.1,0
2021-06-23 09:40:14,34820.75,0
2021-06-23 09:40:16,34821.4,0
2021-06-23 09:40:19,34812.8,0
2021-06-23 09:40:20,34812.15,0
2021-06-23 09:40:21,34813.1,0
2021-06-23 09:40:22,34814.75,0
2021-06-23 09:40:23,34816.5,0
2021-06-23 09:40:24,34818.25,0
2021-06-23 09:40:25,34816.5,0
2021-06-23 09:40:26,34814.65,0
2021-06-23 09:40:27,34819.45,0
2021-06-23 09:40:28,34817.9,0
2021-06-23 09:40:29,34817.75,0
2021-06-23 09:40:30,34819.35,0
2021-06-23 09:40:31,34818.9,0
2021-06-23 09:40:32,34819.3,0
2021-06-23 09:40:33,34817.85,0
2021-06-23 09:40:34,34816.75,0
2021-06-23 09:40:35,34817.4,0
2021-06-23 09:40:36,34818.25,0
2021-06-23 09:40:37,34818.7,0
2021-06-23 09:40:38,34816.85,0
2021-06-23 09:40:39,34820.15,0
2021-06-23 09:40:40,34820.2,0
2021-06-23 09:40:41,34821.35,0
2021-06-23 09:40:42,34819.7,0
2021-06-23 09:40:43,34818.0,0
2021-06-23 09:40:44,34821.35,0
2021-06-23 09:40:45,34815.8,0
2021-06-23 09:40:46,34817.85,0
2021-06-23 09:40:47,34819.0,0
2021-06-23 09:40:48,34819.95,0
2021-06-23 09:40:49,34819.3,0
2021-06-23 09:40:50,34817.5,0
2021-06-23 09:40:51,34818.5,0
2021-06-23 09:40:52,34820.7,0
2021-06-23 09:40:53,34821.9,0
2021-06-23 09:40:54,34820.95,0
2021-06-23 09:40:55,34821.3,0
2021-06-23 09:40:56,34820.85,0
2021-06-23 09:40:57,34818.85,0
2021-06-23 09:40:58,34822.4,0
2021-06-23 09:40:59,34819.7,0
2021-06-23 09:41:00,34821.3,0
2021-06-23 09:41:01,34819.05,0
2021-06-23 09:41:02,34819.1,0
2021-06-23 09:41:03,34820.75,0
2021-06-23 09:41:04,34818.8,0
2021-06-23 09:41:05,34819.9,0
2021-06-23 09:41:06,34818.45,0
2021-06-23 09:41:07,34819.15,0
2021-06-23 09:41:09,34817.5,0
2021-06-23 09:41:10,34818.7,0
2021-06-23 09:41:11,34817.3,0
2021-06-23 09:41:12,34815.9,0
2021-06-23 09:41:13,34818.35,0
2021-06-23 09:41:14,34818.2,0
2021-06-23 09:41:15,34816.2,0
2021-06-23 09:41:16,34817.5,0
2021-06-23 09:41:17,34818.2,0
2021-06-23 09:41:18,34819.05,0
2021-06-23 09:41:19,34820.85,0
2021-06-23 09:41:20,34821.95,0
2021-06-23 09:41:21,34839.1,0
2021-06-23 09:41:22,34829.85,0
2021-06-23 09:41:23,34830.35,0
2021-06-23 09:41:24,34828.15,0
2021-06-23 09:41:25,34828.45,0
2021-06-23 09:41:26,34832.5,0
2021-06-23 09:41:27,34827.85,0
2021-06-23 09:41:28,34830.5,0
2021-06-23 09:41:29,34831.2,0
2021-06-23 09:41:30,34830.9,0
2021-06-23 09:41:31,34831.3,0
2021-06-23 09:41:32,34827.05,0
2021-06-23 09:41:34,34828.15,0
2021-06-23 09:41:35,34830.95,0
2021-06-23 09:41:36,34831.4,0
2021-06-23 09:41:37,34832.5,0
2021-06-23 09:41:38,34832.4,0
2021-06-23 09:41:39,34835.15,0
2021-06-23 09:41:41,34832.55,0
2021-06-23 09:41:42,34835.9,0
2021-06-23 09:41:44,34832.8,0
2021-06-23 09:41:45,34831.6,0
2021-06-23 09:41:47,34833.8,0
2021-06-23 09:41:49,34834.5,0
2021-06-23 09:41:50,34835.6,0
2021-06-23 09:41:51,34834.7,0
2021-06-23 09:41:52,34835.4,0
2021-06-23 09:41:53,34834.85,0
2021-06-23 09:41:54,34831.15,0
2021-06-23 09:41:56,34829.65,0
2021-06-23 09:41:57,34832.35,0
2021-06-23 09:42:01,34834.45,0
2021-06-23 09:42:02,34832.3,0
2021-06-23 09:42:04,34833.55,0
2021-06-23 09:42:05,34835.5,0
2021-06-23 09:42:06,34836.8,0
2021-06-23 09:42:08,34830.45,0
2021-06-23 09:42:10,34827.6,0
2021-06-23 09:42:11,34829.35,0
2021-06-23 09:42:12,34826.8,0
2021-06-23 09:42:13,34827.95,0
2021-06-23 09:42:14,34828.6,0
2021-06-23 09:42:15,34827.0,0
2021-06-23 09:42:16,34826.35,0
2021-06-23 09:42:17,34828.85,0
2021-06-23 09:42:19,34823.9,0
2021-06-23 09:42:20,34825.45,0
2021-06-23 09:42:21,34825.4,0
2021-06-23 09:42:22,34825.35,0
2021-06-23 09:42:23,34827.2,0
2021-06-23 09:42:25,34829.3,0
2021-06-23 09:42:26,34825.95,0
2021-06-23 09:42:27,34828.9,0
2021-06-23 09:42:28,34829.25,0
2021-06-23 09:42:30,34829.55,0
2021-06-23 09:42:31,34830.45,0
2021-06-23 09:42:32,34828.75,0
2021-06-23 09:42:33,34827.85,0
2021-06-23 09:42:34,34831.35,0
2021-06-23 09:42:35,34830.5,0
2021-06-23 09:42:37,34829.2,0
2021-06-23 09:42:38,34830.8,0
2021-06-23 09:42:39,34833.25,0
2021-06-23 09:42:41,34831.4,0
2021-06-23 09:42:42,34830.1,0
2021-06-23 09:42:43,34831.9,0
2021-06-23 09:42:44,34831.05,0
2021-06-23 09:42:45,34829.85,0
2021-06-23 09:42:46,34830.55,0
2021-06-23 09:42:47,34831.7,0
2021-06-23 09:42:49,34830.55,0
2021-06-23 09:42:50,34830.7,0
2021-06-23 09:42:51,34830.6,0
2021-06-23 09:42:52,34827.8,0
2021-06-23 09:42:53,34828.8,0
2021-06-23 09:42:54,34828.85,0
2021-06-23 09:42:55,34829.25,0
2021-06-23 09:42:56,34828.95,0
2021-06-23 09:42:57,34829.0,0
2021-06-23 09:42:59,34826.15,0
2021-06-23 09:43:00,34825.0,0
2021-06-23 09:43:01,34825.5,0
2021-06-23 09:43:03,34818.6,0
2021-06-23 09:43:04,34817.05,0
2021-06-23 09:43:05,34816.2,0
2021-06-23 09:43:07,34818.2,0
2021-06-23 09:43:08,34817.85,0
2021-06-23 09:43:09,34820.8,0
2021-06-23 09:43:10,34817.8,0
2021-06-23 09:43:11,34818.75,0
2021-06-23 09:43:12,34820.0,0
2021-06-23 09:43:14,34816.7,0
2021-06-23 09:43:15,34816.85,0
2021-06-23 09:43:16,34816.25,0
2021-06-23 09:43:17,34817.7,0
2021-06-23 09:43:18,34819.25,0
2021-06-23 09:43:19,34818.8,0
2021-06-23 09:43:20,34817.75,0
2021-06-23 09:43:21,34819.35,0
2021-06-23 09:43:22,34815.45,0
2021-06-23 09:43:23,34817.65,0
2021-06-23 09:43:24,34817.85,0
2021-06-23 09:43:25,34817.0,0
2021-06-23 09:43:26,34818.5,0
2021-06-23 09:43:27,34816.15,0
2021-06-23 09:43:28,34815.8,0
2021-06-23 09:43:29,34815.45,0
2021-06-23 09:43:30,34818.75,0
2021-06-23 09:43:31,34818.15,0
2021-06-23 09:43:32,34820.55,0
2021-06-23 09:43:33,34821.1,0
2021-06-23 09:43:34,34819.05,0
2021-06-23 09:43:35,34818.7,0
2021-06-23 09:43:36,34816.05,0
2021-06-23 09:43:37,34819.0,0
2021-06-23 09:43:38,34820.45,0
2021-06-23 09:43:39,34820.45,0
2021-06-23 09:43:41,34817.1,0
2021-06-23 09:43:42,34817.75,0
2021-06-23 09:43:43,34819.5,0
2021-06-23 09:43:45,34818.65,0
2021-06-23 09:43:46,34817.45,0
2021-06-23 09:43:47,34819.15,0
2021-06-23 09:43:48,34819.25,0
2021-06-23 09:43:49,34816.85,0
2021-06-23 09:43:50,34817.05,0
2021-06-23 09:43:52,34814.6,0
2021-06-23 09:43:53,34815.95,0
2021-06-23 09:43:55,34817.5,0
2021-06-23 09:43:56,34818.2,0
2021-06-23 09:43:57,34815.55,0
2021-06-23 09:43:58,34815.55,0
2021-06-23 09:43:59,34817.7,0
2021-06-23 09:44:00,34815.55,0
2021-06-23 09:44:01,34811.4,0
2021-06-23 09:44:02,34811.7,0
2021-06-23 09:44:03,34812.4,0
2021-06-23 09:44:04,34808.85,0
2021-06-23 09:44:05,34809.2,0
2021-06-23 09:44:06,34807.9,0
2021-06-23 09:44:07,34809.65,0
2021-06-23 09:44:09,34814.1,0
2021-06-23 09:44:10,34814.5,0
2021-06-23 09:44:12,34813.95,0
2021-06-23 09:44:13,34812.5,0
2021-06-23 09:44:14,34811.45,0
2021-06-23 09:44:15,34810.7,0
2021-06-23 09:44:16,34815.65,0
2021-06-23 09:44:17,34815.8,0
2021-06-23 09:44:20,34811.95,0
2021-06-23 09:44:22,34811.8,0
2021-06-23 09:44:23,34811.85,0
2021-06-23 09:44:24,34812.15,0
2021-06-23 09:44:25,34812.9,0
2021-06-23 09:44:26,34811.75,0
2021-06-23 09:44:28,34811.45,0
2021-06-23 09:44:29,34812.4,0
2021-06-23 09:44:30,34814.0,0
2021-06-23 09:44:31,34812.4,0
2021-06-23 09:44:32,34813.1,0
2021-06-23 09:44:33,34813.8,0
2021-06-23 09:44:34,34814.4,0
2021-06-23 09:44:35,34813.55,0
2021-06-23 09:44:36,34813.7,0
2021-06-23 09:44:37,34812.85,0
2021-06-23 09:44:38,34808.9,0
2021-06-23 09:44:39,34818.85,0
2021-06-23 09:44:40,34824.95,0
2021-06-23 09:44:41,34823.9,0
2021-06-23 09:44:42,34820.15,0
2021-06-23 09:44:43,34817.05,0
2021-06-23 09:44:44,34820.45,0
2021-06-23 09:44:45,34820.2,0
2021-06-23 09:44:46,34824.65,0
2021-06-23 09:44:47,34823.65,0
2021-06-23 09:44:48,34823.65,0
2021-06-23 09:44:49,34824.4,0
2021-06-23 09:44:51,34822.0,0
2021-06-23 09:44:52,34822.3,0
2021-06-23 09:44:53,34816.2,0
2021-06-23 09:44:54,34816.7,0
2021-06-23 09:44:55,34817.45,0
2021-06-23 09:44:56,34816.5,0
2021-06-23 09:44:57,34815.8,0
2021-06-23 09:44:58,34813.45,0
2021-06-23 09:44:59,34813.9,0
2021-06-23 09:45:00,34811.55,0
2021-06-23 09:45:01,34815.15,0
2021-06-23 09:45:03,34813.0,0
2021-06-23 09:45:04,34810.35,0
2021-06-23 09:45:05,34810.55,0
2021-06-23 09:45:06,34809.9,0
2021-06-23 09:45:07,34808.2,0
2021-06-23 09:45:08,34804.6,0
2021-06-23 09:45:09,34803.15,0
2021-06-23 09:45:10,34796.6,0
2021-06-23 09:45:11,34796.25,0
2021-06-23 09:45:12,34790.4,0
2021-06-23 09:45:13,34788.0,0
2021-06-23 09:45:14,34789.0,0
2021-06-23 09:45:15,34784.6,0
2021-06-23 09:45:16,34784.95,0
2021-06-23 09:45:17,34772.95,0
2021-06-23 09:45:18,34769.1,0
2021-06-23 09:45:19,34766.7,0
2021-06-23 09:45:20,34765.95,0
2021-06-23 09:45:21,34767.55,0
2021-06-23 09:45:22,34766.4,0
2021-06-23 09:45:23,34769.05,0
2021-06-23 09:45:24,34772.35,0
2021-06-23 09:45:25,34775.0,0
2021-06-23 09:45:26,34782.1,0
2021-06-23 09:45:27,34788.3,0
2021-06-23 09:45:28,34793.9,0
2021-06-23 09:45:29,34793.15,0
2021-06-23 09:45:31,34793.45,0
2021-06-23 09:45:32,34790.95,0
2021-06-23 09:45:33,34790.2,0
2021-06-23 09:45:34,34790.9,0
2021-06-23 09:45:35,34786.7,0
2021-06-23 09:45:36,34788.3,0
2021-06-23 09:45:37,34784.8,0
2021-06-23 09:45:38,34787.85,0
2021-06-23 09:45:39,34784.45,0
2021-06-23 09:45:40,34784.05,0
2021-06-23 09:45:41,34784.8,0
2021-06-23 09:45:42,34783.5,0
2021-06-23 09:45:43,34784.5,0
2021-06-23 09:45:45,34780.45,0
2021-06-23 09:45:46,34780.45,0
2021-06-23 09:45:47,34786.3,0
2021-06-23 09:45:49,34778.95,0
2021-06-23 09:45:50,34779.0,0
2021-06-23 09:45:51,34778.2,0
2021-06-23 09:45:52,34776.35,0
2021-06-23 09:45:53,34775.2,0
2021-06-23 09:45:54,34780.15,0
2021-06-23 09:45:55,34781.15,0
2021-06-23 09:45:56,34779.25,0
2021-06-23 09:45:57,34779.05,0
2021-06-23 09:45:58,34782.65,0
2021-06-23 09:45:59,34779.0,0
2021-06-23 09:46:00,34779.55,0
2021-06-23 09:46:01,34779.55,0
2021-06-23 09:46:02,34772.55,0
2021-06-23 09:46:04,34770.0,0
2021-06-23 09:46:06,34771.2,0
2021-06-23 09:46:07,34771.0,0
2021-06-23 09:46:08,34768.6,0
2021-06-23 09:46:10,34770.35,0
2021-06-23 09:46:11,34767.55,0
2021-06-23 09:46:12,34765.3,0
2021-06-23 09:46:13,34767.95,0
2021-06-23 09:46:14,34769.6,0
2021-06-23 09:46:16,34768.4,0
2021-06-23 09:46:19,34767.15,0
2021-06-23 09:46:22,34768.8,0
2021-06-23 09:46:24,34765.65,0
2021-06-23 09:46:25,34763.25,0
2021-06-23 09:46:27,34764.05,0
2021-06-23 09:46:28,34763.05,0
2021-06-23 09:46:29,34764.7,0
2021-06-23 09:46:30,34759.65,0
2021-06-23 09:46:31,34764.7,0
2021-06-23 09:46:33,34762.3,0
2021-06-23 09:46:34,34761.5,0
2021-06-23 09:46:35,34760.25,0
2021-06-23 09:46:37,34764.9,0
2021-06-23 09:46:38,34765.95,0
2021-06-23 09:46:39,34767.7,0
2021-06-23 09:46:40,34772.65,0
2021-06-23 09:46:41,34770.8,0
2021-06-23 09:46:43,34772.1,0
2021-06-23 09:46:44,34771.25,0
2021-06-23 09:46:45,34770.25,0
2021-06-23 09:46:46,34773.35,0
2021-06-23 09:46:48,34770.6,0
2021-06-23 09:46:49,34769.85,0
2021-06-23 09:46:50,34769.9,0
2021-06-23 09:46:51,34766.4,0
2021-06-23 09:46:52,34766.65,0
2021-06-23 09:46:53,34768.1,0
2021-06-23 09:46:54,34767.7,0
2021-06-23 09:46:55,34763.75,0
2021-06-23 09:46:56,34765.25,0
2021-06-23 09:46:57,34764.5,0
2021-06-23 09:46:58,34764.25,0
2021-06-23 09:47:00,34759.7,0
2021-06-23 09:47:02,34761.5,0
2021-06-23 09:47:03,34751.15,0
2021-06-23 09:47:04,34749.35,0
2021-06-23 09:47:05,34748.3,0
2021-06-23 09:47:06,34749.2,0
2021-06-23 09:47:07,34747.15,0
2021-06-23 09:47:08,34748.45,0
2021-06-23 09:47:09,34746.9,0
2021-06-23 09:47:10,34751.8,0
2021-06-23 09:47:11,34751.75,0
2021-06-23 09:47:15,34758.05,0
2021-06-23 09:47:16,34758.6,0
2021-06-23 09:47:17,34758.0,0
2021-06-23 09:47:18,34756.95,0
2021-06-23 09:47:20,34755.9,0
2021-06-23 09:47:22,34756.55,0
2021-06-23 09:47:23,34754.5,0
2021-06-23 09:47:24,34754.55,0
2021-06-23 09:47:25,34755.55,0
2021-06-23 09:47:26,34752.2,0
2021-06-23 09:47:28,34751.25,0
2021-06-23 09:47:29,34751.05,0
2021-06-23 09:47:30,34751.0,0
2021-06-23 09:47:31,34749.7,0
2021-06-23 09:47:32,34749.75,0
2021-06-23 09:47:33,34749.55,0
2021-06-23 09:47:34,34750.85,0
2021-06-23 09:47:35,34751.25,0
2021-06-23 09:47:36,34756.1,0
2021-06-23 09:47:37,34753.95,0
2021-06-23 09:47:38,34755.15,0
2021-06-23 09:47:39,34756.5,0
2021-06-23 09:47:40,34755.15,0
2021-06-23 09:47:41,34753.1,0
2021-06-23 09:47:42,34754.65,0
2021-06-23 09:47:43,34753.1,0
2021-06-23 09:47:44,34751.75,0
2021-06-23 09:47:45,34754.25,0
2021-06-23 09:47:46,34752.2,0
2021-06-23 09:47:47,34753.55,0
2021-06-23 09:47:48,34752.1,0
2021-06-23 09:47:50,34752.7,0
2021-06-23 09:47:51,34751.2,0
2021-06-23 09:47:52,34750.7,0
2021-06-23 09:47:53,34750.15,0
2021-06-23 09:47:54,34750.4,0
2021-06-23 09:47:55,34752.2,0
2021-06-23 09:47:56,34751.45,0
2021-06-23 09:47:57,34752.35,0
2021-06-23 09:47:58,34751.4,0
2021-06-23 09:47:59,34754.7,0
2021-06-23 09:48:00,34754.25,0
2021-06-23 09:48:01,34752.6,0
2021-06-23 09:48:02,34752.45,0
2021-06-23 09:48:03,34753.2,0
2021-06-23 09:48:04,34752.35,0
2021-06-23 09:48:05,34752.1,0
2021-06-23 09:48:06,34753.05,0
2021-06-23 09:48:07,34752.35,0
2021-06-23 09:48:08,34752.05,0
2021-06-23 09:48:09,34752.15,0
2021-06-23 09:48:10,34752.3,0
2021-06-23 09:48:11,34756.4,0
2021-06-23 09:48:13,34753.4,0
2021-06-23 09:48:14,34763.0,0
2021-06-23 09:48:15,34762.85,0
2021-06-23 09:48:16,34761.05,0
2021-06-23 09:48:17,34764.05,0
2021-06-23 09:48:18,34763.3,0
2021-06-23 09:48:19,34765.65,0
2021-06-23 09:48:20,34763.5,0
2021-06-23 09:48:21,34764.95,0
2021-06-23 09:48:22,34765.0,0
2021-06-23 09:48:23,34763.6,0
2021-06-23 09:48:26,34778.4,0
2021-06-23 09:48:27,34777.3,0
2021-06-23 09:48:28,34778.35,0
2021-06-23 09:48:29,34776.0,0
2021-06-23 09:48:30,34776.3,0
2021-06-23 09:48:31,34774.45,0
2021-06-23 09:48:34,34775.65,0
2021-06-23 09:48:35,34775.95,0
2021-06-23 09:48:36,34776.0,0
2021-06-23 09:48:37,34775.55,0
2021-06-23 09:48:38,34775.15,0
2021-06-23 09:48:39,34776.2,0
2021-06-23 09:48:40,34774.45,0
2021-06-23 09:48:41,34774.05,0
2021-06-23 09:48:42,34773.2,0
2021-06-23 09:48:43,34772.85,0
2021-06-23 09:48:44,34773.65,0
2021-06-23 09:48:45,34771.0,0
2021-06-23 09:48:47,34773.0,0
2021-06-23 09:48:48,34770.0,0
2021-06-23 09:48:50,34763.75,0
2021-06-23 09:48:51,34766.05,0
2021-06-23 09:48:52,34763.75,0
2021-06-23 09:48:54,34762.65,0
2021-06-23 09:48:55,34761.05,0
2021-06-23 09:48:56,34757.5,0
2021-06-23 09:48:57,34762.75,0
2021-06-23 09:48:58,34762.85,0
2021-06-23 09:48:59,34764.75,0
2021-06-23 09:49:00,34764.35,0
2021-06-23 09:49:01,34760.45,0
2021-06-23 09:49:02,34763.6,0
2021-06-23 09:49:03,34761.35,0
2021-06-23 09:49:04,34765.6,0
2021-06-23 09:49:05,34764.65,0
2021-06-23 09:49:06,34764.6,0
2021-06-23 09:49:07,34761.4,0
2021-06-23 09:49:08,34761.3,0
2021-06-23 09:49:11,34765.95,0
2021-06-23 09:49:12,34762.45,0
2021-06-23 09:49:13,34759.55,0
2021-06-23 09:49:15,34763.8,0
2021-06-23 09:49:16,34767.1,0
2021-06-23 09:49:17,34766.2,0
2021-06-23 09:49:18,34766.95,0
2021-06-23 09:49:19,34765.15,0
2021-06-23 09:49:20,34768.65,0
2021-06-23 09:49:21,34766.45,0
2021-06-23 09:49:22,34766.5,0
2021-06-23 09:49:23,34762.3,0
2021-06-23 09:49:24,34765.85,0
2021-06-23 09:49:25,34764.75,0
2021-06-23 09:49:26,34760.85,0
2021-06-23 09:49:27,34756.15,0
2021-06-23 09:49:28,34755.5,0
2021-06-23 09:49:29,34754.5,0
2021-06-23 09:49:30,34756.5,0
2021-06-23 09:49:31,34757.2,0
2021-06-23 09:49:32,34757.15,0
2021-06-23 09:49:33,34758.85,0
2021-06-23 09:49:34,34758.6,0
2021-06-23 09:49:35,34759.85,0
2021-06-23 09:49:36,34760.7,0
2021-06-23 09:49:37,34760.7,0
2021-06-23 09:49:38,34759.75,0
2021-06-23 09:49:39,34759.75,0
2021-06-23 09:49:40,34760.1,0
2021-06-23 09:49:41,34759.75,0
2021-06-23 09:49:42,34759.55,0
2021-06-23 09:49:43,34759.7,0
2021-06-23 09:49:44,34761.5,0
2021-06-23 09:49:45,34761.25,0
2021-06-23 09:49:46,34755.55,0
2021-06-23 09:49:47,34762.7,0
2021-06-23 09:49:48,34760.95,0
2021-06-23 09:49:49,34764.4,0
2021-06-23 09:49:50,34765.15,0
2021-06-23 09:49:51,34762.2,0
2021-06-23 09:49:52,34764.05,0
2021-06-23 09:49:53,34761.7,0
2021-06-23 09:49:54,34760.2,0
2021-06-23 09:49:55,34760.45,0
2021-06-23 09:49:56,34762.6,0
2021-06-23 09:49:57,34762.35,0
2021-06-23 09:49:58,34764.1,0
2021-06-23 09:49:59,34763.65,0
2021-06-23 09:50:00,34763.9,0
2021-06-23 09:50:01,34763.9,0
2021-06-23 09:50:02,34760.3,0
2021-06-23 09:50:03,34761.35,0
2021-06-23 09:50:04,34760.65,0
2021-06-23 09:50:05,34762.3,0
2021-06-23 09:50:06,34759.4,0
2021-06-23 09:50:07,34757.5,0
2021-06-23 09:50:08,34756.5,0
2021-06-23 09:50:09,34758.65,0
2021-06-23 09:50:10,34757.6,0
2021-06-23 09:50:11,34759.05,0
2021-06-23 09:50:12,34758.3,0
2021-06-23 09:50:14,34754.8,0
2021-06-23 09:50:15,34754.25,0
2021-06-23 09:50:16,34755.45,0
2021-06-23 09:50:17,34754.4,0
2021-06-23 09:50:18,34755.95,0
2021-06-23 09:50:19,34757.25,0
2021-06-23 09:50:20,34756.15,0
2021-06-23 09:50:21,34753.6,0
2021-06-23 09:50:22,34753.85,0
2021-06-23 09:50:23,34754.0,0
2021-06-23 09:50:24,34754.1,0
2021-06-23 09:50:25,34753.3,0
2021-06-23 09:50:26,34750.05,0
2021-06-23 09:50:27,34749.55,0
2021-06-23 09:50:28,34749.9,0
2021-06-23 09:50:29,34749.45,0
2021-06-23 09:50:30,34752.45,0
2021-06-23 09:50:31,34749.0,0
2021-06-23 09:50:34,34747.75,0
2021-06-23 09:50:35,34750.3,0
2021-06-23 09:50:37,34752.25,0
2021-06-23 09:50:38,34751.1,0
2021-06-23 09:50:39,34749.95,0
2021-06-23 09:50:40,34748.25,0
2021-06-23 09:50:41,34745.25,0
2021-06-23 09:50:42,34747.35,0
2021-06-23 09:50:43,34745.1,0
2021-06-23 09:50:44,34748.9,0
2021-06-23 09:50:45,34747.6,0
2021-06-23 09:50:46,34746.7,0
2021-06-23 09:50:47,34748.05,0
2021-06-23 09:50:48,34751.1,0
2021-06-23 09:50:49,34749.95,0
2021-06-23 09:50:51,34748.8,0
2021-06-23 09:50:52,34747.8,0
2021-06-23 09:50:53,34750.3,0
2021-06-23 09:50:54,34750.15,0
2021-06-23 09:50:55,34749.65,0
2021-06-23 09:50:56,34747.45,0
2021-06-23 09:50:57,34746.9,0
2021-06-23 09:50:59,34745.45,0
2021-06-23 09:51:00,34743.55,0
2021-06-23 09:51:01,34742.1,0
2021-06-23 09:51:02,34743.4,0
2021-06-23 09:51:03,34746.35,0
2021-06-23 09:51:05,34748.55,0
2021-06-23 09:51:06,34746.05,0
2021-06-23 09:51:09,34745.95,0
2021-06-23 09:51:10,34747.7,0
2021-06-23 09:51:11,34748.85,0
2021-06-23 09:51:12,34750.65,0
2021-06-23 09:51:13,34746.65,0
2021-06-23 09:51:14,34749.95,0
2021-06-23 09:51:15,34747.75,0
2021-06-23 09:51:16,34748.0,0
2021-06-23 09:51:17,34751.75,0
2021-06-23 09:51:18,34752.4,0
2021-06-23 09:51:19,34752.2,0
2021-06-23 09:51:20,34752.1,0
2021-06-23 09:51:21,34763.35,0
2021-06-23 09:51:22,34760.8,0
2021-06-23 09:51:23,34757.95,0
2021-06-23 09:51:24,34758.45,0
2021-06-23 09:51:25,34762.0,0
2021-06-23 09:51:26,34757.8,0
2021-06-23 09:51:27,34757.25,0
2021-06-23 09:51:28,34760.95,0
2021-06-23 09:51:29,34756.25,0
2021-06-23 09:51:30,34757.3,0
2021-06-23 09:51:31,34758.25,0
2021-06-23 09:51:32,34756.8,0
2021-06-23 09:51:33,34758.15,0
2021-06-23 09:51:35,34760.75,0
2021-06-23 09:51:36,34759.5,0
2021-06-23 09:51:37,34755.65,0
2021-06-23 09:51:38,34758.1,0
2021-06-23 09:51:39,34757.7,0
2021-06-23 09:51:40,34758.5,0
2021-06-23 09:51:41,34757.7,0
2021-06-23 09:51:42,34756.75,0
2021-06-23 09:51:43,34756.25,0
2021-06-23 09:51:44,34758.65,0
2021-06-23 09:51:45,34758.55,0
2021-06-23 09:51:47,34759.75,0
2021-06-23 09:51:48,34757.3,0
2021-06-23 09:51:49,34755.9,0
2021-06-23 09:51:50,34756.5,0
2021-06-23 09:51:51,34755.95,0
2021-06-23 09:51:52,34757.35,0
2021-06-23 09:51:53,34758.9,0
2021-06-23 09:51:54,34756.9,0
2021-06-23 09:51:55,34755.85,0
2021-06-23 09:51:56,34754.55,0
2021-06-23 09:51:57,34755.15,0
2021-06-23 09:51:58,34755.55,0
2021-06-23 09:51:59,34755.15,0
2021-06-23 09:52:00,34754.0,0
2021-06-23 09:52:01,34754.35,0
2021-06-23 09:52:02,34751.2,0
2021-06-23 09:52:03,34750.75,0
2021-06-23 09:52:04,34750.1,0
2021-06-23 09:52:05,34749.1,0
2021-06-23 09:52:06,34749.3,0
2021-06-23 09:52:07,34746.15,0
2021-06-23 09:52:08,34747.85,0
2021-06-23 09:52:09,34748.95,0
2021-06-23 09:52:10,34748.4,0
2021-06-23 09:52:11,34747.25,0
2021-06-23 09:52:12,34745.55,0
2021-06-23 09:52:13,34747.55,0
2021-06-23 09:52:15,34747.2,0
2021-06-23 09:52:16,34746.75,0
2021-06-23 09:52:17,34747.5,0
2021-06-23 09:52:18,34747.9,0
2021-06-23 09:52:19,34747.4,0
2021-06-23 09:52:21,34745.0,0
2021-06-23 09:52:22,34745.7,0
2021-06-23 09:52:23,34745.85,0
2021-06-23 09:52:24,34746.95,0
2021-06-23 09:52:25,34745.85,0
2021-06-23 09:52:26,34744.35,0
2021-06-23 09:52:27,34745.5,0
2021-06-23 09:52:28,34746.05,0
2021-06-23 09:52:29,34745.75,0
2021-06-23 09:52:30,34746.4,0
2021-06-23 09:52:31,34747.0,0
2021-06-23 09:52:32,34746.6,0
2021-06-23 09:52:33,34745.85,0
2021-06-23 09:52:34,34743.4,0
2021-06-23 09:52:35,34744.85,0
2021-06-23 09:52:36,34744.15,0
2021-06-23 09:52:37,34744.95,0
2021-06-23 09:52:38,34745.4,0
2021-06-23 09:52:39,34744.4,0
2021-06-23 09:52:41,34744.35,0
2021-06-23 09:52:42,34743.4,0
2021-06-23 09:52:43,34743.45,0
2021-06-23 09:52:45,34732.2,0
2021-06-23 09:52:46,34731.95,0
2021-06-23 09:52:47,34731.5,0
2021-06-23 09:52:48,34732.5,0
2021-06-23 09:52:49,34733.35,0
2021-06-23 09:52:50,34734.4,0
2021-06-23 09:52:51,34732.35,0
2021-06-23 09:52:52,34732.15,0
2021-06-23 09:52:53,34732.5,0
2021-06-23 09:52:54,34740.55,0
2021-06-23 09:52:55,34739.8,0
2021-06-23 09:52:56,34736.7,0
2021-06-23 09:52:58,34735.6,0
2021-06-23 09:53:00,34735.8,0
2021-06-23 09:53:01,34737.3,0
2021-06-23 09:53:02,34737.9,0
2021-06-23 09:53:04,34733.9,0
2021-06-23 09:53:06,34735.6,0
2021-06-23 09:53:07,34735.3,0
2021-06-23 09:53:08,34736.45,0
2021-06-23 09:53:09,34740.3,0
2021-06-23 09:53:10,34730.7,0
2021-06-23 09:53:11,34731.25,0
2021-06-23 09:53:12,34732.55,0
2021-06-23 09:53:13,34732.05,0
2021-06-23 09:53:14,34731.4,0
2021-06-23 09:53:15,34729.1,0
2021-06-23 09:53:17,34731.0,0
2021-06-23 09:53:18,34729.8,0
2021-06-23 09:53:19,34731.3,0
2021-06-23 09:53:20,34730.1,0
2021-06-23 09:53:21,34730.4,0
2021-06-23 09:53:24,34728.25,0
2021-06-23 09:53:25,34729.3,0
2021-06-23 09:53:26,34727.75,0
2021-06-23 09:53:27,34726.3,0
2021-06-23 09:53:28,34729.15,0
2021-06-23 09:53:29,34727.4,0
2021-06-23 09:53:30,34729.55,0
2021-06-23 09:53:31,34726.9,0
2021-06-23 09:53:32,34725.4,0
2021-06-23 09:53:33,34726.3,0
2021-06-23 09:53:34,34726.9,0
2021-06-23 09:53:36,34726.05,0
2021-06-23 09:53:37,34725.0,0
2021-06-23 09:53:38,34725.85,0
2021-06-23 09:53:39,34724.1,0
2021-06-23 09:53:40,34715.05,0
2021-06-23 09:53:41,34715.65,0
2021-06-23 09:53:42,34711.1,0
2021-06-23 09:53:43,34714.05,0
2021-06-23 09:53:44,34713.65,0
2021-06-23 09:53:46,34712.7,0
2021-06-23 09:53:47,34705.6,0
2021-06-23 09:53:48,34705.3,0
2021-06-23 09:53:49,34707.95,0
2021-06-23 09:53:50,34706.65,0
2021-06-23 09:53:51,34705.9,0
2021-06-23 09:53:53,34706.2,0
2021-06-23 09:53:54,34707.3,0
2021-06-23 09:53:55,34708.95,0
2021-06-23 09:53:56,34706.3,0
2021-06-23 09:53:58,34711.95,0
2021-06-23 09:54:00,34720.25,0
2021-06-23 09:54:01,34718.05,0
2021-06-23 09:54:02,34721.0,0
2021-06-23 09:54:03,34720.65,0
2021-06-23 09:54:04,34723.05,0
2021-06-23 09:54:05,34726.0,0
2021-06-23 09:54:06,34723.4,0
2021-06-23 09:54:07,34722.5,0
2021-06-23 09:54:11,34723.35,0
2021-06-23 09:54:12,34722.85,0
2021-06-23 09:54:13,34725.5,0
2021-06-23 09:54:14,34724.9,0
2021-06-23 09:54:15,34725.7,0
2021-06-23 09:54:16,34723.95,0
2021-06-23 09:54:17,34725.7,0
2021-06-23 09:54:18,34727.25,0
2021-06-23 09:54:19,34725.3,0
2021-06-23 09:54:20,34722.3,0
2021-06-23 09:54:21,34726.55,0
2021-06-23 09:54:22,34726.5,0
2021-06-23 09:54:23,34722.15,0
2021-06-23 09:54:24,34722.6,0
2021-06-23 09:54:25,34722.65,0
2021-06-23 09:54:26,34719.95,0
2021-06-23 09:54:27,34719.8,0
2021-06-23 09:54:28,34717.3,0
2021-06-23 09:54:29,34720.65,0
2021-06-23 09:54:30,34721.55,0
2021-06-23 09:54:31,34719.6,0
2021-06-23 09:54:32,34721.8,0
2021-06-23 09:54:33,34718.8,0
2021-06-23 09:54:34,34721.15,0
2021-06-23 09:54:35,34721.7,0
2021-06-23 09:54:37,34723.85,0
2021-06-23 09:54:38,34723.6,0
2021-06-23 09:54:39,34730.95,0
2021-06-23 09:54:40,34728.7,0
2021-06-23 09:54:41,34728.2,0
2021-06-23 09:54:42,34728.85,0
2021-06-23 09:54:43,34726.2,0
2021-06-23 09:54:45,34724.5,0
2021-06-23 09:54:46,34721.0,0
2021-06-23 09:54:47,34720.0,0
2021-06-23 09:54:48,34723.5,0
2021-06-23 09:54:49,34723.15,0
2021-06-23 09:54:50,34723.85,0
2021-06-23 09:54:51,34726.45,0
2021-06-23 09:54:52,34725.8,0
2021-06-23 09:54:53,34724.45,0
2021-06-23 09:54:54,34723.1,0
2021-06-23 09:54:55,34724.25,0
2021-06-23 09:54:57,34725.15,0
2021-06-23 09:54:58,34726.15,0
2021-06-23 09:54:59,34724.65,0
2021-06-23 09:55:01,34727.85,0
2021-06-23 09:55:02,34724.4,0
2021-06-23 09:55:03,34722.65,0
2021-06-23 09:55:04,34723.0,0
2021-06-23 09:55:05,34723.9,0
2021-06-23 09:55:07,34724.85,0
2021-06-23 09:55:08,34724.95,0
2021-06-23 09:55:09,34727.25,0
2021-06-23 09:55:10,34728.7,0
2021-06-23 09:55:11,34726.3,0
2021-06-23 09:55:12,34734.35,0
2021-06-23 09:55:13,34727.65,0
2021-06-23 09:55:14,34728.85,0
2021-06-23 09:55:15,34725.8,0
2021-06-23 09:55:16,34730.25,0
2021-06-23 09:55:18,34726.7,0
2021-06-23 09:55:20,34724.1,0
2021-06-23 09:55:21,34728.45,0
2021-06-23 09:55:22,34725.85,0
2021-06-23 09:55:23,34725.1,0
2021-06-23 09:55:24,34728.2,0
2021-06-23 09:55:25,34726.95,0
2021-06-23 09:55:26,34724.6,0
2021-06-23 09:55:27,34724.95,0
2021-06-23 09:55:28,34725.85,0
2021-06-23 09:55:29,34725.35,0
2021-06-23 09:55:30,34725.8,0
2021-06-23 09:55:32,34727.7,0
2021-06-23 09:55:33,34725.35,0
2021-06-23 09:55:34,34725.2,0
2021-06-23 09:55:35,34726.45,0
2021-06-23 09:55:37,34728.95,0
2021-06-23 09:55:38,34726.95,0
2021-06-23 09:55:39,34728.1,0
2021-06-23 09:55:40,34730.55,0
2021-06-23 09:55:41,34735.5,0
2021-06-23 09:55:42,34737.8,0
2021-06-23 09:55:43,34739.85,0
2021-06-23 09:55:44,34740.2,0
2021-06-23 09:55:45,34740.1,0
2021-06-23 09:55:46,34741.35,0
2021-06-23 09:55:47,34742.15,0
2021-06-23 09:55:48,34755.15,0
2021-06-23 09:55:49,34753.05,0
2021-06-23 09:55:50,34748.8,0
2021-06-23 09:55:51,34754.0,0
2021-06-23 09:55:52,34754.8,0
2021-06-23 09:55:53,34754.05,0
2021-06-23 09:55:54,34756.15,0
2021-06-23 09:55:55,34746.85,0
2021-06-23 09:55:56,34745.35,0
2021-06-23 09:55:57,34741.05,0
2021-06-23 09:55:58,34738.35,0
2021-06-23 09:55:59,34738.5,0
2021-06-23 09:56:00,34735.75,0
2021-06-23 09:56:01,34734.4,0
2021-06-23 09:56:02,34734.6,0
2021-06-23 09:56:03,34738.05,0
2021-06-23 09:56:04,34736.15,0
2021-06-23 09:56:05,34736.25,0
2021-06-23 09:56:07,34732.8,0
2021-06-23 09:56:08,34727.65,0
2021-06-23 09:56:09,34729.25,0
2021-06-23 09:56:11,34730.55,0
2021-06-23 09:56:12,34726.45,0
2021-06-23 09:56:13,34724.3,0
2021-06-23 09:56:14,34725.15,0
2021-06-23 09:56:15,34724.45,0
2021-06-23 09:56:16,34722.75,0
2021-06-23 09:56:18,34721.7,0
2021-06-23 09:56:19,34719.9,0
2021-06-23 09:56:20,34721.55,0
2021-06-23 09:56:22,34716.55,0
2021-06-23 09:56:24,34714.75,0
2021-06-23 09:56:25,34713.7,0
2021-06-23 09:56:26,34711.95,0
2021-06-23 09:56:27,34711.75,0
2021-06-23 09:56:28,34714.4,0
2021-06-23 09:56:29,34713.75,0
2021-06-23 09:56:30,34712.8,0
2021-06-23 09:56:31,34706.9,0
2021-06-23 09:56:32,34705.5,0
2021-06-23 09:56:33,34703.55,0
2021-06-23 09:56:34,34707.7,0
2021-06-23 09:56:35,34712.8,0
2021-06-23 09:56:36,34716.85,0
2021-06-23 09:56:37,34721.0,0
2021-06-23 09:56:39,34716.6,0
2021-06-23 09:56:40,34717.25,0
2021-06-23 09:56:41,34717.85,0
2021-06-23 09:56:42,34721.75,0
2021-06-23 09:56:43,34718.2,0
2021-06-23 09:56:44,34723.15,0
2021-06-23 09:56:45,34723.8,0
2021-06-23 09:56:46,34723.65,0
2021-06-23 09:56:47,34728.3,0
2021-06-23 09:56:48,34730.4,0
2021-06-23 09:56:49,34733.05,0
2021-06-23 09:56:50,34728.65,0
2021-06-23 09:56:51,34734.8,0
2021-06-23 09:56:52,34735.15,0
2021-06-23 09:56:53,34732.45,0
2021-06-23 09:56:54,34729.45,0
2021-06-23 09:56:56,34729.0,0
2021-06-23 09:56:57,34726.1,0
2021-06-23 09:56:58,34727.05,0
2021-06-23 09:56:59,34730.45,0
2021-06-23 09:57:00,34728.8,0
2021-06-23 09:57:01,34729.55,0
2021-06-23 09:57:02,34729.25,0
2021-06-23 09:57:03,34731.3,0
2021-06-23 09:57:04,34737.2,0
2021-06-23 09:57:05,34735.85,0
2021-06-23 09:57:06,34739.2,0
2021-06-23 09:57:08,34741.7,0
2021-06-23 09:57:09,34738.65,0
2021-06-23 09:57:10,34735.75,0
2021-06-23 09:57:11,34735.45,0
2021-06-23 09:57:12,34734.8,0
2021-06-23 09:57:13,34733.3,0
2021-06-23 09:57:14,34734.45,0
2021-06-23 09:57:15,34730.0,0
2021-06-23 09:57:16,34729.95,0
2021-06-23 09:57:17,34733.45,0
2021-06-23 09:57:18,34734.7,0
2021-06-23 09:57:21,34736.05,0
2021-06-23 09:57:23,34733.3,0
2021-06-23 09:57:24,34735.5,0
2021-06-23 09:57:25,34732.3,0
2021-06-23 09:57:26,34732.8,0
2021-06-23 09:57:27,34732.45,0
2021-06-23 09:57:28,34735.7,0
2021-06-23 09:57:29,34734.7,0
2021-06-23 09:57:31,34736.15,0
2021-06-23 09:57:32,34732.6,0
2021-06-23 09:57:33,34734.85,0
2021-06-23 09:57:34,34734.85,0
2021-06-23 09:57:36,34735.3,0
2021-06-23 09:57:38,34733.8,0
2021-06-23 09:57:39,34732.15,0
2021-06-23 09:57:41,34737.35,0
2021-06-23 09:57:42,34737.05,0
2021-06-23 09:57:44,34732.2,0
2021-06-23 09:57:45,34732.7,0
2021-06-23 09:57:46,34732.5,0
2021-06-23 09:57:47,34734.9,0
2021-06-23 09:57:48,34731.6,0
2021-06-23 09:57:49,34730.5,0
2021-06-23 09:57:50,34732.15,0
2021-06-23 09:57:51,34728.8,0
2021-06-23 09:57:52,34727.85,0
2021-06-23 09:57:53,34729.3,0
2021-06-23 09:57:54,34729.95,0
2021-06-23 09:57:55,34730.55,0
2021-06-23 09:57:56,34726.15,0
2021-06-23 09:57:57,34726.4,0
2021-06-23 09:57:58,34727.75,0
2021-06-23 09:57:59,34730.75,0
2021-06-23 09:58:00,34730.5,0
2021-06-23 09:58:01,34730.9,0
2021-06-23 09:58:02,34731.2,0
2021-06-23 09:58:04,34731.25,0
2021-06-23 09:58:06,34731.75,0
2021-06-23 09:58:07,34731.6,0
2021-06-23 09:58:08,34732.25,0
2021-06-23 09:58:09,34733.1,0
2021-06-23 09:58:10,34732.95,0
2021-06-23 09:58:11,34735.5,0
2021-06-23 09:58:12,34733.2,0
2021-06-23 09:58:13,34734.25,0
2021-06-23 09:58:14,34732.05,0
2021-06-23 09:58:15,34734.4,0
2021-06-23 09:58:16,34733.35,0
2021-06-23 09:58:17,34735.15,0
2021-06-23 09:58:18,34737.4,0
2021-06-23 09:58:19,34736.9,0
2021-06-23 09:58:20,34736.55,0
2021-06-23 09:58:22,34738.2,0
2021-06-23 09:58:23,34748.35,0
2021-06-23 09:58:24,34751.85,0
2021-06-23 09:58:25,34751.4,0
2021-06-23 09:58:26,34753.8,0
2021-06-23 09:58:27,34747.55,0
2021-06-23 09:58:28,34747.2,0
2021-06-23 09:58:29,34749.95,0
2021-06-23 09:58:30,34747.85,0
2021-06-23 09:58:32,34746.35,0
2021-06-23 09:58:33,34746.05,0
2021-06-23 09:58:34,34748.85,0
2021-06-23 09:58:35,34748.35,0
2021-06-23 09:58:36,34747.8,0
2021-06-23 09:58:37,34747.75,0
2021-06-23 09:58:38,34748.05,0
2021-06-23 09:58:39,34748.75,0
2021-06-23 09:58:40,34750.95,0
2021-06-23 09:58:42,34748.45,0
2021-06-23 09:58:43,34748.9,0
2021-06-23 09:58:44,34748.25,0
2021-06-23 09:58:45,34744.7,0
2021-06-23 09:58:46,34746.55,0
2021-06-23 09:58:47,34743.9,0
2021-06-23 09:58:49,34745.5,0
2021-06-23 09:58:50,34744.15,0
2021-06-23 09:58:51,34744.3,0
2021-06-23 09:58:52,34746.15,0
2021-06-23 09:58:53,34745.85,0
2021-06-23 09:58:55,34747.55,0
2021-06-23 09:58:56,34743.55,0
2021-06-23 09:58:57,34743.5,0
2021-06-23 09:58:58,34745.35,0
2021-06-23 09:58:59,34746.35,0
2021-06-23 09:59:00,34744.15,0
2021-06-23 09:59:01,34744.0,0
2021-06-23 09:59:02,34743.5,0
2021-06-23 09:59:03,34745.45,0
2021-06-23 09:59:04,34745.1,0
2021-06-23 09:59:05,34745.25,0
2021-06-23 09:59:06,34752.45,0
2021-06-23 09:59:07,34748.95,0
2021-06-23 09:59:08,34749.45,0
2021-06-23 09:59:09,34748.7,0
2021-06-23 09:59:10,34749.9,0
2021-06-23 09:59:11,34749.55,0
2021-06-23 09:59:12,34749.35,0
2021-06-23 09:59:13,34747.65,0
2021-06-23 09:59:14,34749.1,0
2021-06-23 09:59:16,34748.95,0
2021-06-23 09:59:17,34751.6,0
2021-06-23 09:59:18,34751.9,0
2021-06-23 09:59:19,34752.55,0
2021-06-23 09:59:20,34751.75,0
2021-06-23 09:59:21,34751.0,0
2021-06-23 09:59:22,34750.3,0
2021-06-23 09:59:23,34750.55,0
2021-06-23 09:59:24,34750.15,0
2021-06-23 09:59:27,34752.9,0
2021-06-23 09:59:28,34755.7,0
2021-06-23 09:59:29,34755.2,0
2021-06-23 09:59:31,34751.25,0
2021-06-23 09:59:32,34754.7,0
2021-06-23 09:59:33,34754.3,0
2021-06-23 09:59:34,34755.1,0
2021-06-23 09:59:35,34753.35,0
2021-06-23 09:59:36,34753.6,0
2021-06-23 09:59:37,34752.55,0
2021-06-23 09:59:38,34754.0,0
2021-06-23 09:59:39,34757.9,0
2021-06-23 09:59:40,34757.8,0
2021-06-23 09:59:41,34756.2,0
2021-06-23 09:59:42,34754.85,0
2021-06-23 09:59:43,34753.1,0
2021-06-23 09:59:44,34752.7,0
2021-06-23 09:59:45,34754.3,0
2021-06-23 09:59:46,34754.9,0
2021-06-23 09:59:49,34752.95,0
2021-06-23 09:59:50,34752.95,0
2021-06-23 09:59:51,34751.8,0
2021-06-23 09:59:52,34754.4,0
2021-06-23 09:59:54,34752.65,0
2021-06-23 09:59:55,34754.65,0
2021-06-23 09:59:56,34751.25,0
2021-06-23 09:59:57,34749.25,0
2021-06-23 09:59:59,34749.95,0
2021-06-23 10:00:00,34750.6,0
2021-06-23 10:00:01,34749.0,0
2021-06-23 10:00:03,34745.1,0
2021-06-23 10:00:04,34740.8,0
2021-06-23 10:00:05,34742.25,0
2021-06-23 10:00:06,34742.95,0
2021-06-23 10:00:07,34741.2,0
2021-06-23 10:00:08,34740.25,0
2021-06-23 10:00:09,34741.25,0
2021-06-23 10:00:10,34739.65,0
2021-06-23 10:00:12,34742.05,0
2021-06-23 10:00:13,34741.95,0
2021-06-23 10:00:14,34742.2,0
2021-06-23 10:00:15,34741.3,0
2021-06-23 10:00:16,34745.35,0
2021-06-23 10:00:17,34752.2,0
2021-06-23 10:00:18,34751.95,0
2021-06-23 10:00:19,34752.05,0
2021-06-23 10:00:20,34751.75,0
2021-06-23 10:00:21,34754.3,0
2021-06-23 10:00:22,34753.35,0
2021-06-23 10:00:23,34758.05,0
2021-06-23 10:00:24,34758.05,0
2021-06-23 10:00:25,34755.9,0
2021-06-23 10:00:26,34755.9,0
2021-06-23 10:00:28,34758.9,0
2021-06-23 10:00:29,34760.85,0
2021-06-23 10:00:30,34761.15,0
2021-06-23 10:00:31,34760.1,0
2021-06-23 10:00:32,34760.6,0
2021-06-23 10:00:33,34760.1,0
2021-06-23 10:00:34,34758.45,0
2021-06-23 10:00:36,34762.2,0
2021-06-23 10:00:37,34767.7,0
2021-06-23 10:00:39,34771.45,0
2021-06-23 10:00:40,34770.3,0
2021-06-23 10:00:41,34770.95,0
2021-06-23 10:00:42,34771.65,0
2021-06-23 10:00:43,34769.95,0
2021-06-23 10:00:44,34768.65,0
2021-06-23 10:00:45,34767.95,0
2021-06-23 10:00:46,34773.05,0
2021-06-23 10:00:47,34775.25,0
2021-06-23 10:00:48,34770.9,0
2021-06-23 10:00:49,34775.55,0
2021-06-23 10:00:50,34776.45,0
2021-06-23 10:00:52,34776.65,0
2021-06-23 10:00:53,34773.4,0
2021-06-23 10:00:54,34775.2,0
2021-06-23 10:00:55,34776.95,0
2021-06-23 10:00:57,34775.65,0
2021-06-23 10:00:59,34777.65,0
2021-06-23 10:01:00,34779.05,0
2021-06-23 10:01:01,34777.75,0
2021-06-23 10:01:02,34776.3,0
2021-06-23 10:01:03,34774.3,0
2021-06-23 10:01:04,34779.05,0
2021-06-23 10:01:05,34776.75,0
2021-06-23 10:01:06,34777.55,0
2021-06-23 10:01:07,34773.75,0
2021-06-23 10:01:08,34774.4,0
2021-06-23 10:01:09,34777.25,0
2021-06-23 10:01:11,34778.75,0
2021-06-23 10:01:12,34778.15,0
2021-06-23 10:01:13,34778.8,0
2021-06-23 10:01:14,34779.35,0
2021-06-23 10:01:15,34778.0,0
2021-06-23 10:01:16,34777.25,0
2021-06-23 10:01:17,34777.15,0
2021-06-23 10:01:18,34779.1,0
2021-06-23 10:01:19,34779.4,0
2021-06-23 10:01:21,34776.95,0
2021-06-23 10:01:22,34777.1,0
2021-06-23 10:01:23,34775.85,0
2021-06-23 10:01:25,34774.55,0
2021-06-23 10:01:26,34774.85,0
2021-06-23 10:01:27,34771.85,0
2021-06-23 10:01:28,34771.15,0
2021-06-23 10:01:30,34771.15,0
2021-06-23 10:01:31,34769.4,0
2021-06-23 10:01:32,34770.7,0
2021-06-23 10:01:33,34771.9,0
2021-06-23 10:01:34,34772.15,0
2021-06-23 10:01:35,34772.65,0
2021-06-23 10:01:36,34772.45,0
2021-06-23 10:01:37,34772.55,0
2021-06-23 10:01:38,34772.6,0
2021-06-23 10:01:39,34771.3,0
2021-06-23 10:01:40,34772.5,0
2021-06-23 10:01:41,34772.95,0
2021-06-23 10:01:42,34772.0,0
2021-06-23 10:01:43,34771.15,0
2021-06-23 10:01:45,34772.45,0
2021-06-23 10:01:46,34773.0,0
2021-06-23 10:01:47,34773.15,0
2021-06-23 10:01:48,34771.8,0
2021-06-23 10:01:49,34772.1,0
2021-06-23 10:01:50,34772.5,0
2021-06-23 10:01:51,34772.2,0
2021-06-23 10:01:52,34772.1,0
2021-06-23 10:01:53,34771.45,0
2021-06-23 10:01:54,34775.5,0
2021-06-23 10:01:55,34772.35,0
2021-06-23 10:01:56,34770.95,0
2021-06-23 10:01:57,34771.55,0
2021-06-23 10:01:58,34772.1,0
2021-06-23 10:01:59,34771.6,0
2021-06-23 10:02:00,34772.95,0
2021-06-23 10:02:02,34776.2,0
2021-06-23 10:02:03,34777.25,0
2021-06-23 10:02:04,34777.55,0
2021-06-23 10:02:05,34778.3,0
2021-06-23 10:02:06,34777.85,0
2021-06-23 10:02:07,34777.45,0
2021-06-23 10:02:08,34777.8,0
2021-06-23 10:02:09,34778.0,0
2021-06-23 10:02:10,34781.95,0
2021-06-23 10:02:11,34780.95,0
2021-06-23 10:02:12,34781.7,0
2021-06-23 10:02:13,34782.5,0
2021-06-23 10:02:14,34782.0,0
2021-06-23 10:02:15,34779.85,0
2021-06-23 10:02:16,34779.75,0
2021-06-23 10:02:17,34779.6,0
2021-06-23 10:02:18,34779.4,0
2021-06-23 10:02:19,34782.4,0
2021-06-23 10:02:20,34782.75,0
2021-06-23 10:02:21,34782.25,0
2021-06-23 10:02:22,34780.6,0
2021-06-23 10:02:23,34782.8,0
2021-06-23 10:02:25,34784.35,0
2021-06-23 10:02:26,34782.6,0
2021-06-23 10:02:27,34780.95,0
2021-06-23 10:02:30,34782.7,0
2021-06-23 10:02:31,34782.55,0
2021-06-23 10:02:32,34782.55,0
2021-06-23 10:02:33,34782.9,0
2021-06-23 10:02:34,34783.0,0
2021-06-23 10:02:36,34784.3,0
2021-06-23 10:02:37,34780.65,0
2021-06-23 10:02:38,34778.7,0
2021-06-23 10:02:39,34779.25,0
2021-06-23 10:02:42,34779.6,0
2021-06-23 10:02:43,34781.45,0
2021-06-23 10:02:44,34782.3,0
2021-06-23 10:02:45,34781.55,0
2021-06-23 10:02:46,34781.05,0
2021-06-23 10:02:47,34781.0,0
2021-06-23 10:02:48,34780.2,0
2021-06-23 10:02:49,34782.65,0
2021-06-23 10:02:50,34783.45,0
2021-06-23 10:02:51,34781.0,0
2021-06-23 10:02:52,34780.65,0
2021-06-23 10:02:53,34781.6,0
2021-06-23 10:02:54,34781.8,0
2021-06-23 10:02:55,34781.3,0
2021-06-23 10:02:56,34780.8,0
2021-06-23 10:02:57,34778.45,0
2021-06-23 10:02:58,34780.5,0
2021-06-23 10:02:59,34780.7,0
2021-06-23 10:03:00,34778.95,0
2021-06-23 10:03:01,34780.1,0
2021-06-23 10:03:02,34780.3,0
2021-06-23 10:03:03,34781.95,0
2021-06-23 10:03:04,34782.05,0
2021-06-23 10:03:05,34782.15,0
2021-06-23 10:03:06,34783.5,0
2021-06-23 10:03:07,34782.85,0
2021-06-23 10:03:08,34784.25,0
2021-06-23 10:03:09,34784.55,0
2021-06-23 10:03:10,34783.4,0
2021-06-23 10:03:11,34785.4,0
2021-06-23 10:03:12,34785.9,0
2021-06-23 10:03:13,34785.95,0
2021-06-23 10:03:14,34785.7,0
2021-06-23 10:03:15,34785.4,0
2021-06-23 10:03:16,34784.35,0
2021-06-23 10:03:18,34782.7,0
2021-06-23 10:03:19,34785.6,0
2021-06-23 10:03:20,34784.65,0
2021-06-23 10:03:21,34784.05,0
2021-06-23 10:03:23,34783.45,0
2021-06-23 10:03:24,34778.05,0
2021-06-23 10:03:25,34777.05,0
2021-06-23 10:03:26,34769.95,0
2021-06-23 10:03:27,34770.5,0
2021-06-23 10:03:28,34771.35,0
2021-06-23 10:03:29,34772.05,0
2021-06-23 10:03:30,34771.05,0
2021-06-23 10:03:31,34770.65,0
2021-06-23 10:03:32,34771.75,0
2021-06-23 10:03:33,34773.2,0
2021-06-23 10:03:34,34772.3,0
2021-06-23 10:03:35,34772.95,0
2021-06-23 10:03:36,34771.65,0
2021-06-23 10:03:37,34770.6,0
2021-06-23 10:03:38,34771.2,0
2021-06-23 10:03:39,34771.3,0
2021-06-23 10:03:40,34774.25,0
2021-06-23 10:03:41,34776.8,0
2021-06-23 10:03:43,34776.35,0
2021-06-23 10:03:44,34775.2,0
2021-06-23 10:03:45,34776.8,0
2021-06-23 10:03:46,34777.75,0
2021-06-23 10:03:47,34774.6,0
2021-06-23 10:03:48,34775.85,0
2021-06-23 10:03:49,34774.9,0
2021-06-23 10:03:50,34773.5,0
2021-06-23 10:03:51,34777.2,0
2021-06-23 10:03:52,34772.75,0
2021-06-23 10:03:53,34774.8,0
2021-06-23 10:03:54,34773.9,0
2021-06-23 10:03:55,34775.75,0
2021-06-23 10:03:56,34777.65,0
2021-06-23 10:03:57,34772.9,0
2021-06-23 10:03:58,34775.25,0
2021-06-23 10:03:59,34774.35,0
2021-06-23 10:04:00,34773.9,0
2021-06-23 10:04:02,34775.1,0
2021-06-23 10:04:03,34775.8,0
2021-06-23 10:04:04,34773.45,0
2021-06-23 10:04:05,34772.7,0
2021-06-23 10:04:07,34770.4,0
2021-06-23 10:04:08,34771.2,0
2021-06-23 10:04:09,34771.8,0
2021-06-23 10:04:10,34763.25,0
2021-06-23 10:04:11,34763.85,0
2021-06-23 10:04:12,34764.5,0
2021-06-23 10:04:13,34766.25,0
2021-06-23 10:04:14,34766.45,0
2021-06-23 10:04:16,34766.05,0
2021-06-23 10:04:18,34763.35,0
2021-06-23 10:04:19,34762.95,0
2021-06-23 10:04:20,34764.2,0
2021-06-23 10:04:21,34765.75,0
2021-06-23 10:04:22,34764.9,0
2021-06-23 10:04:25,34764.95,0
2021-06-23 10:04:26,34765.3,0
2021-06-23 10:04:30,34767.85,0
2021-06-23 10:04:32,34766.75,0
2021-06-23 10:04:33,34768.1,0
2021-06-23 10:04:34,34768.1,0
2021-06-23 10:04:35,34767.0,0
2021-06-23 10:04:36,34766.35,0
2021-06-23 10:04:37,34768.35,0
2021-06-23 10:04:38,34767.9,0
2021-06-23 10:04:39,34767.95,0
2021-06-23 10:04:40,34767.1,0
2021-06-23 10:04:41,34766.55,0
2021-06-23 10:04:42,34767.45,0
2021-06-23 10:04:43,34766.3,0
2021-06-23 10:04:45,34767.85,0
2021-06-23 10:04:46,34767.6,0
2021-06-23 10:04:47,34766.45,0
2021-06-23 10:04:48,34765.15,0
2021-06-23 10:04:49,34766.45,0
2021-06-23 10:04:50,34765.8,0
2021-06-23 10:04:51,34764.35,0
2021-06-23 10:04:52,34763.9,0
2021-06-23 10:04:53,34761.65,0
2021-06-23 10:04:54,34759.15,0
2021-06-23 10:04:55,34757.9,0
2021-06-23 10:04:56,34760.35,0
2021-06-23 10:04:57,34756.0,0
2021-06-23 10:04:58,34755.4,0
2021-06-23 10:04:59,34755.35,0
2021-06-23 10:05:00,34756.8,0
2021-06-23 10:05:01,34758.2,0
2021-06-23 10:05:02,34757.55,0
2021-06-23 10:05:03,34756.95,0
2021-06-23 10:05:04,34757.3,0
2021-06-23 10:05:05,34757.9,0
2021-06-23 10:05:07,34753.65,0
2021-06-23 10:05:08,34755.0,0
2021-06-23 10:05:09,34752.45,0
2021-06-23 10:05:10,34757.0,0
2021-06-23 10:05:11,34752.65,0
2021-06-23 10:05:12,34750.8,0
2021-06-23 10:05:13,34754.5,0
2021-06-23 10:05:14,34755.4,0
2021-06-23 10:05:15,34752.55,0
2021-06-23 10:05:16,34751.15,0
2021-06-23 10:05:17,34751.25,0
2021-06-23 10:05:18,34752.85,0
2021-06-23 10:05:19,34751.45,0
2021-06-23 10:05:21,34749.95,0
2021-06-23 10:05:22,34754.8,0
2021-06-23 10:05:23,34755.4,0
2021-06-23 10:05:24,34756.85,0
2021-06-23 10:05:26,34758.4,0
2021-06-23 10:05:27,34758.9,0
2021-06-23 10:05:28,34761.2,0
2021-06-23 10:05:29,34761.9,0
2021-06-23 10:05:30,34760.05,0
2021-06-23 10:05:31,34758.6,0
2021-06-23 10:05:32,34759.6,0
2021-06-23 10:05:33,34760.5,0
2021-06-23 10:05:34,34758.65,0
2021-06-23 10:05:35,34758.55,0
2021-06-23 10:05:36,34759.65,0
2021-06-23 10:05:37,34757.9,0
2021-06-23 10:05:38,34756.15,0
2021-06-23 10:05:39,34759.8,0
2021-06-23 10:05:40,34761.1,0
2021-06-23 10:05:41,34760.6,0
2021-06-23 10:05:42,34758.9,0
2021-06-23 10:05:43,34758.45,0
2021-06-23 10:05:44,34762.7,0
2021-06-23 10:05:46,34761.05,0
2021-06-23 10:05:47,34761.25,0
2021-06-23 10:05:48,34759.4,0
2021-06-23 10:05:50,34760.05,0
2021-06-23 10:05:51,34760.6,0
2021-06-23 10:05:52,34759.5,0
2021-06-23 10:05:53,34760.1,0
2021-06-23 10:05:54,34756.55,0
2021-06-23 10:05:55,34758.0,0
2021-06-23 10:05:56,34758.7,0
2021-06-23 10:05:57,34756.85,0
2021-06-23 10:05:58,34757.05,0
2021-06-23 10:06:00,34756.25,0
2021-06-23 10:06:01,34757.7,0
2021-06-23 10:06:02,34764.0,0
2021-06-23 10:06:03,34762.2,0
2021-06-23 10:06:04,34760.35,0
2021-06-23 10:06:05,34759.45,0
2021-06-23 10:06:06,34760.95,0
2021-06-23 10:06:07,34762.45,0
2021-06-23 10:06:08,34762.25,0
2021-06-23 10:06:09,34765.8,0
2021-06-23 10:06:10,34766.3,0
2021-06-23 10:06:13,34761.25,0
2021-06-23 10:06:14,34763.0,0
2021-06-23 10:06:15,34762.5,0
2021-06-23 10:06:16,34762.85,0
2021-06-23 10:06:17,34761.25,0
2021-06-23 10:06:18,34761.6,0
2021-06-23 10:06:19,34763.5,0
2021-06-23 10:06:20,34762.65,0
2021-06-23 10:06:21,34763.75,0
2021-06-23 10:06:22,34762.05,0
2021-06-23 10:06:23,34761.85,0
2021-06-23 10:06:24,34763.1,0
2021-06-23 10:06:25,34762.6,0
2021-06-23 10:06:26,34763.35,0
2021-06-23 10:06:27,34762.5,0
2021-06-23 10:06:28,34762.4,0
2021-06-23 10:06:29,34763.9,0
2021-06-23 10:06:30,34763.1,0
2021-06-23 10:06:31,34763.9,0
2021-06-23 10:06:32,34764.3,0
2021-06-23 10:06:35,34764.3,0
2021-06-23 10:06:36,34766.0,0
2021-06-23 10:06:37,34767.05,0
2021-06-23 10:06:38,34772.2,0
2021-06-23 10:06:39,34768.05,0
2021-06-23 10:06:40,34770.25,0
2021-06-23 10:06:41,34769.6,0
2021-06-23 10:06:42,34768.85,0
2021-06-23 10:06:44,34767.7,0
2021-06-23 10:06:45,34766.95,0
2021-06-23 10:06:46,34768.05,0
2021-06-23 10:06:47,34768.55,0
2021-06-23 10:06:48,34769.0,0
2021-06-23 10:06:50,34769.7,0
2021-06-23 10:06:51,34771.2,0
2021-06-23 10:06:52,34766.65,0
2021-06-23 10:06:53,34766.2,0
2021-06-23 10:06:54,34766.45,0
2021-06-23 10:06:55,34765.25,0
2021-06-23 10:06:56,34765.25,0
2021-06-23 10:06:58,34768.15,0
2021-06-23 10:06:59,34767.5,0
2021-06-23 10:07:00,34768.4,0
2021-06-23 10:07:01,34770.1,0
2021-06-23 10:07:02,34765.65,0
2021-06-23 10:07:03,34766.95,0
2021-06-23 10:07:04,34766.25,0
2021-06-23 10:07:05,34767.25,0
2021-06-23 10:07:07,34769.4,0
2021-06-23 10:07:08,34770.95,0
2021-06-23 10:07:12,34768.85,0
2021-06-23 10:07:13,34770.35,0
2021-06-23 10:07:14,34771.65,0
2021-06-23 10:07:15,34771.8,0
2021-06-23 10:07:17,34770.15,0
2021-06-23 10:07:16,34770.45,0
2021-06-23 10:07:19,34769.2,0
2021-06-23 10:07:20,34768.15,0
2021-06-23 10:07:21,34769.35,0
2021-06-23 10:07:22,34770.35,0
2021-06-23 10:07:23,34770.85,0
2021-06-23 10:07:24,34770.45,0
2021-06-23 10:07:25,34769.2,0
2021-06-23 10:07:26,34768.8,0
2021-06-23 10:07:29,34770.2,0
2021-06-23 10:07:30,34769.65,0
2021-06-23 10:07:31,34768.15,0
2021-06-23 10:07:32,34767.95,0
2021-06-23 10:07:33,34770.95,0
2021-06-23 10:07:34,34769.9,0
2021-06-23 10:07:35,34770.25,0
2021-06-23 10:07:36,34770.1,0
2021-06-23 10:07:37,34768.75,0
2021-06-23 10:07:38,34771.65,0
2021-06-23 10:07:39,34770.95,0
2021-06-23 10:07:43,34774.55,0
2021-06-23 10:07:45,34773.8,0
2021-06-23 10:07:46,34774.45,0
2021-06-23 10:07:47,34774.8,0
2021-06-23 10:07:48,34775.05,0
2021-06-23 10:07:49,34774.0,0
2021-06-23 10:07:50,34773.2,0
2021-06-23 10:07:51,34772.95,0
2021-06-23 10:07:52,34774.4,0
2021-06-23 10:07:53,34774.95,0
2021-06-23 10:07:54,34774.95,0
2021-06-23 10:07:55,34774.85,0
2021-06-23 10:07:56,34774.1,0
2021-06-23 10:07:59,34771.55,0
2021-06-23 10:08:00,34772.2,0
2021-06-23 10:08:01,34771.9,0
2021-06-23 10:08:02,34771.45,0
2021-06-23 10:08:03,34772.0,0
2021-06-23 10:08:04,34771.75,0
2021-06-23 10:08:05,34772.05,0
2021-06-23 10:08:06,34771.5,0
2021-06-23 10:08:07,34771.5,0
2021-06-23 10:08:08,34770.7,0
2021-06-23 10:08:09,34768.15,0
2021-06-23 10:08:10,34767.8,0
2021-06-23 10:08:11,34768.0,0
2021-06-23 10:08:12,34766.0,0
2021-06-23 10:08:13,34765.65,0
2021-06-23 10:08:14,34766.65,0
2021-06-23 10:08:15,34768.75,0
2021-06-23 10:08:16,34767.95,0
2021-06-23 10:08:17,34763.75,0
2021-06-23 10:08:18,34761.4,0
2021-06-23 10:08:19,34763.45,0
2021-06-23 10:08:21,34764.0,0
2021-06-23 10:08:22,34760.25,0
2021-06-23 10:08:23,34761.9,0
2021-06-23 10:08:24,34762.3,0
2021-06-23 10:08:25,34761.4,0
2021-06-23 10:08:26,34759.6,0
2021-06-23 10:08:27,34759.8,0
2021-06-23 10:08:28,34759.85,0
2021-06-23 10:08:29,34760.65,0
2021-06-23 10:08:30,34760.6,0
2021-06-23 10:08:31,34760.15,0
2021-06-23 10:08:32,34759.3,0
2021-06-23 10:08:33,34760.55,0
2021-06-23 10:08:34,34761.1,0
2021-06-23 10:08:35,34759.65,0
2021-06-23 10:08:36,34760.2,0
2021-06-23 10:08:37,34760.45,0
2021-06-23 10:08:38,34761.5,0
2021-06-23 10:08:39,34762.0,0
2021-06-23 10:08:40,34760.95,0
2021-06-23 10:08:41,34761.7,0
2021-06-23 10:08:42,34761.9,0
2021-06-23 10:08:43,34761.45,0
2021-06-23 10:08:44,34762.45,0
2021-06-23 10:08:45,34764.05,0
2021-06-23 10:08:46,34763.85,0
2021-06-23 10:08:47,34764.2,0
2021-06-23 10:08:48,34764.15,0
2021-06-23 10:08:49,34765.8,0
2021-06-23 10:08:50,34763.65,0
2021-06-23 10:08:51,34762.4,0
2021-06-23 10:08:52,34761.9,0
2021-06-23 10:08:53,34763.1,0
2021-06-23 10:08:54,34764.0,0
2021-06-23 10:08:55,34760.45,0
2021-06-23 10:08:56,34762.7,0
2021-06-23 10:08:57,34763.0,0
2021-06-23 10:08:58,34764.8,0
2021-06-23 10:08:59,34766.0,0
2021-06-23 10:09:00,34765.9,0
2021-06-23 10:09:01,34765.75,0
2021-06-23 10:09:02,34766.15,0
2021-06-23 10:09:04,34766.55,0
2021-06-23 10:09:05,34765.9,0
2021-06-23 10:09:06,34766.7,0
2021-06-23 10:09:08,34765.9,0
2021-06-23 10:09:09,34770.4,0
2021-06-23 10:09:10,34769.85,0
2021-06-23 10:09:11,34768.5,0
2021-06-23 10:09:12,34767.25,0
2021-06-23 10:09:13,34767.25,0
2021-06-23 10:09:14,34769.85,0
2021-06-23 10:09:15,34770.25,0
2021-06-23 10:09:16,34770.3,0
2021-06-23 10:09:17,34769.75,0
2021-06-23 10:09:19,34769.65,0
2021-06-23 10:09:20,34771.15,0
2021-06-23 10:09:21,34771.75,0
2021-06-23 10:09:22,34770.25,0
2021-06-23 10:09:23,34771.6,0
2021-06-23 10:09:25,34770.8,0
2021-06-23 10:09:24,34771.6,0
2021-06-23 10:09:26,34769.9,0
2021-06-23 10:09:27,34769.3,0
2021-06-23 10:09:28,34771.0,0
2021-06-23 10:09:29,34768.65,0
2021-06-23 10:09:30,34769.9,0
2021-06-23 10:09:31,34772.35,0
2021-06-23 10:09:32,34769.75,0
2021-06-23 10:09:33,34771.35,0
2021-06-23 10:09:34,34771.4,0
2021-06-23 10:09:36,34771.4,0
2021-06-23 10:09:37,34768.75,0
2021-06-23 10:09:38,34768.85,0
2021-06-23 10:09:39,34771.05,0
2021-06-23 10:09:41,34770.95,0
2021-06-23 10:09:42,34769.85,0
2021-06-23 10:09:43,34773.6,0
2021-06-23 10:09:44,34772.65,0
2021-06-23 10:09:45,34773.1,0
2021-06-23 10:09:46,34774.95,0
2021-06-23 10:09:47,34774.1,0
2021-06-23 10:09:48,34773.3,0
2021-06-23 10:09:49,34772.15,0
2021-06-23 10:09:50,34773.15,0
2021-06-23 10:09:51,34773.95,0
2021-06-23 10:09:52,34774.5,0
2021-06-23 10:09:53,34773.65,0
2021-06-23 10:09:54,34773.7,0
2021-06-23 10:09:55,34773.75,0
2021-06-23 10:09:56,34771.35,0
2021-06-23 10:09:57,34770.25,0
2021-06-23 10:09:58,34773.55,0
2021-06-23 10:09:59,34770.6,0
2021-06-23 10:10:00,34773.7,0
2021-06-23 10:10:01,34773.45,0
2021-06-23 10:10:02,34772.45,0
2021-06-23 10:10:03,34772.45,0
2021-06-23 10:10:04,34771.45,0
2021-06-23 10:10:05,34772.8,0
2021-06-23 10:10:06,34771.55,0
2021-06-23 10:10:08,34772.9,0
2021-06-23 10:10:09,34773.4,0
2021-06-23 10:10:10,34772.95,0
2021-06-23 10:10:11,34779.5,0
2021-06-23 10:10:12,34776.4,0
2021-06-23 10:10:13,34776.4,0
2021-06-23 10:10:14,34776.65,0
2021-06-23 10:10:15,34775.9,0
2021-06-23 10:10:16,34776.2,0
2021-06-23 10:10:17,34776.75,0
2021-06-23 10:10:18,34776.35,0
2021-06-23 10:10:19,34777.25,0
2021-06-23 10:10:20,34776.1,0
2021-06-23 10:10:21,34778.1,0
2021-06-23 10:10:22,34775.5,0
2021-06-23 10:10:23,34776.35,0
2021-06-23 10:10:25,34765.1,0
2021-06-23 10:10:26,34764.0,0
2021-06-23 10:10:27,34763.15,0
2021-06-23 10:10:28,34764.3,0
2021-06-23 10:10:29,34764.65,0
2021-06-23 10:10:30,34763.75,0
2021-06-23 10:10:31,34760.9,0
2021-06-23 10:10:32,34761.45,0
2021-06-23 10:10:33,34760.05,0
2021-06-23 10:10:35,34750.55,0
2021-06-23 10:10:36,34753.9,0
2021-06-23 10:10:37,34754.9,0
2021-06-23 10:10:39,34751.9,0
2021-06-23 10:10:40,34752.9,0
2021-06-23 10:10:41,34753.0,0
2021-06-23 10:10:42,34751.3,0
2021-06-23 10:10:44,34752.4,0
2021-06-23 10:10:45,34751.7,0
2021-06-23 10:10:46,34749.7,0
2021-06-23 10:10:47,34736.65,0
2021-06-23 10:10:48,34739.9,0
2021-06-23 10:10:49,34741.1,0
2021-06-23 10:10:51,34739.4,0
2021-06-23 10:10:52,34740.45,0
2021-06-23 10:10:53,34737.1,0
2021-06-23 10:10:55,34740.8,0
2021-06-23 10:10:56,34738.2,0
2021-06-23 10:10:57,34738.4,0
2021-06-23 10:10:58,34739.4,0
2021-06-23 10:10:59,34739.6,0
2021-06-23 10:11:00,34738.0,0
2021-06-23 10:11:01,34737.65,0
2021-06-23 10:11:02,34735.75,0
2021-06-23 10:11:03,34734.75,0
2021-06-23 10:11:05,34733.85,0
2021-06-23 10:11:06,34733.1,0
2021-06-23 10:11:07,34733.65,0
2021-06-23 10:11:08,34733.7,0
2021-06-23 10:11:09,34729.45,0
2021-06-23 10:11:10,34727.8,0
2021-06-23 10:11:11,34733.3,0
2021-06-23 10:11:12,34733.1,0
2021-06-23 10:11:13,34733.4,0
2021-06-23 10:11:14,34728.6,0
2021-06-23 10:11:15,34729.9,0
2021-06-23 10:11:17,34727.05,0
2021-06-23 10:11:19,34721.45,0
2021-06-23 10:11:22,34718.8,0
2021-06-23 10:11:26,34722.4,0
2021-06-23 10:11:27,34719.5,0
2021-06-23 10:11:29,34717.8,0
2021-06-23 10:11:30,34722.25,0
2021-06-23 10:11:31,34726.0,0
2021-06-23 10:11:32,34723.8,0
2021-06-23 10:11:33,34721.0,0
2021-06-23 10:11:34,34723.85,0
2021-06-23 10:11:35,34724.8,0
2021-06-23 10:11:36,34724.3,0
2021-06-23 10:11:37,34723.75,0
2021-06-23 10:11:38,34727.1,0
2021-06-23 10:11:39,34726.2,0
2021-06-23 10:11:40,34727.75,0
2021-06-23 10:11:41,34725.75,0
2021-06-23 10:11:42,34725.15,0
2021-06-23 10:11:43,34729.85,0
2021-06-23 10:11:44,34729.85,0
2021-06-23 10:11:45,34730.55,0
2021-06-23 10:11:46,34728.2,0
2021-06-23 10:11:47,34726.8,0
2021-06-23 10:11:48,34728.95,0
2021-06-23 10:11:50,34727.15,0
2021-06-23 10:11:51,34726.85,0
2021-06-23 10:11:52,34727.3,0
2021-06-23 10:11:53,34724.95,0
2021-06-23 10:11:54,34722.9,0
2021-06-23 10:11:55,34721.15,0
2021-06-23 10:11:56,34723.9,0
2021-06-23 10:11:57,34721.4,0
2021-06-23 10:11:58,34720.2,0
2021-06-23 10:11:59,34721.1,0
2021-06-23 10:12:00,34721.0,0
2021-06-23 10:12:01,34719.65,0
2021-06-23 10:12:02,34719.2,0
2021-06-23 10:12:03,34716.3,0
2021-06-23 10:12:04,34716.45,0
2021-06-23 10:12:06,34707.75,0
2021-06-23 10:12:08,34706.8,0
2021-06-23 10:12:09,34709.65,0
2021-06-23 10:12:11,34706.65,0
2021-06-23 10:12:12,34707.6,0
2021-06-23 10:12:13,34710.5,0
2021-06-23 10:12:14,34710.75,0
2021-06-23 10:12:15,34708.7,0
2021-06-23 10:12:16,34706.8,0
2021-06-23 10:12:17,34707.3,0
2021-06-23 10:12:18,34706.15,0
2021-06-23 10:12:19,34708.85,0
2021-06-23 10:12:20,34707.9,0
2021-06-23 10:12:21,34706.45,0
2021-06-23 10:12:22,34707.35,0
2021-06-23 10:12:23,34706.25,0
2021-06-23 10:12:24,34703.5,0
2021-06-23 10:12:25,34700.95,0
2021-06-23 10:12:26,34700.5,0
2021-06-23 10:12:27,34697.95,0
2021-06-23 10:12:28,34697.6,0
2021-06-23 10:12:29,34697.75,0
2021-06-23 10:12:30,34697.9,0
2021-06-23 10:12:31,34697.95,0
2021-06-23 10:12:32,34696.35,0
2021-06-23 10:12:34,34699.5,0
2021-06-23 10:12:35,34701.3,0
2021-06-23 10:12:37,34704.85,0
2021-06-23 10:12:38,34706.5,0
2021-06-23 10:12:39,34704.65,0
2021-06-23 10:12:40,34700.45,0
2021-06-23 10:12:42,34699.7,0
2021-06-23 10:12:43,34697.0,0
2021-06-23 10:12:44,34696.3,0
2021-06-23 10:12:45,34695.65,0
2021-06-23 10:12:46,34693.4,0
2021-06-23 10:12:47,34684.4,0
2021-06-23 10:12:48,34684.9,0
2021-06-23 10:12:49,34690.15,0
2021-06-23 10:12:50,34691.05,0
2021-06-23 10:12:51,34692.8,0
2021-06-23 10:12:52,34696.6,0
2021-06-23 10:12:53,34693.6,0
2021-06-23 10:12:54,34691.65,0
2021-06-23 10:12:55,34687.3,0
2021-06-23 10:12:57,34690.45,0
2021-06-23 10:12:58,34694.2,0
2021-06-23 10:12:59,34696.9,0
2021-06-23 10:13:00,34698.5,0
2021-06-23 10:13:01,34691.25,0
2021-06-23 10:13:02,34693.7,0
2021-06-23 10:13:03,34690.8,0
2021-06-23 10:13:04,34693.0,0
2021-06-23 10:13:05,34696.05,0
2021-06-23 10:13:06,34694.8,0
2021-06-23 10:13:07,34696.65,0
2021-06-23 10:13:08,34697.65,0
2021-06-23 10:13:09,34695.65,0
2021-06-23 10:13:10,34697.4,0
2021-06-23 10:13:11,34694.25,0
2021-06-23 10:13:12,34697.2,0
2021-06-23 10:13:13,34696.3,0
2021-06-23 10:13:14,34698.9,0
2021-06-23 10:13:15,34697.4,0
2021-06-23 10:13:16,34693.25,0
2021-06-23 10:13:17,34697.95,0
2021-06-23 10:13:18,34695.2,0
2021-06-23 10:13:19,34692.9,0
2021-06-23 10:13:20,34694.75,0
2021-06-23 10:13:21,34700.2,0
2021-06-23 10:13:22,34700.3,0
2021-06-23 10:13:23,34701.85,0
2021-06-23 10:13:24,34702.15,0
2021-06-23 10:13:25,34703.5,0
2021-06-23 10:13:26,34703.35,0
2021-06-23 10:13:27,34702.95,0
2021-06-23 10:13:29,34705.5,0
2021-06-23 10:13:30,34709.9,0
2021-06-23 10:13:33,34706.7,0
2021-06-23 10:13:34,34708.7,0
2021-06-23 10:13:35,34703.95,0
2021-06-23 10:13:36,34703.0,0
2021-06-23 10:13:41,34702.85,0
2021-06-23 10:13:42,34704.5,0
2021-06-23 10:13:43,34700.6,0
2021-06-23 10:13:44,34702.85,0
2021-06-23 10:13:45,34703.6,0
2021-06-23 10:13:46,34705.15,0
2021-06-23 10:13:47,34703.45,0
2021-06-23 10:13:48,34702.65,0
2021-06-23 10:13:49,34704.05,0
2021-06-23 10:13:50,34705.6,0
2021-06-23 10:13:51,34704.35,0
2021-06-23 10:13:52,34705.15,0
2021-06-23 10:13:53,34705.1,0
2021-06-23 10:13:54,34705.15,0
2021-06-23 10:13:55,34705.0,0
2021-06-23 10:13:56,34707.85,0
2021-06-23 10:13:57,34705.65,0
2021-06-23 10:13:58,34705.1,0
2021-06-23 10:13:59,34703.1,0
2021-06-23 10:14:00,34702.0,0
2021-06-23 10:14:01,34701.25,0
2021-06-23 10:14:02,34700.5,0
2021-06-23 10:14:03,34701.4,0
2021-06-23 10:14:04,34700.45,0
2021-06-23 10:14:05,34700.5,0
2021-06-23 10:14:06,34697.2,0
2021-06-23 10:14:07,34697.9,0
2021-06-23 10:14:08,34699.05,0
2021-06-23 10:14:09,34699.4,0
2021-06-23 10:14:10,34700.2,0
2021-06-23 10:14:11,34700.3,0
2021-06-23 10:14:12,34701.0,0
2021-06-23 10:14:13,34699.75,0
2021-06-23 10:14:14,34700.0,0
2021-06-23 10:14:15,34701.15,0
2021-06-23 10:14:16,34701.3,0
2021-06-23 10:14:17,34701.95,0
2021-06-23 10:14:18,34702.2,0
2021-06-23 10:14:19,34700.8,0
2021-06-23 10:14:20,34700.2,0
2021-06-23 10:14:21,34702.5,0
2021-06-23 10:14:22,34703.85,0
2021-06-23 10:14:23,34706.1,0
2021-06-23 10:14:24,34704.7,0
2021-06-23 10:14:25,34704.35,0
2021-06-23 10:14:26,34704.75,0
2021-06-23 10:14:27,34705.4,0
2021-06-23 10:14:28,34705.7,0
2021-06-23 10:14:29,34706.25,0
2021-06-23 10:14:30,34707.75,0
2021-06-23 10:14:31,34708.2,0
2021-06-23 10:14:32,34710.6,0
2021-06-23 10:14:33,34709.45,0
2021-06-23 10:14:34,34710.6,0
2021-06-23 10:14:35,34709.95,0
2021-06-23 10:14:36,34711.2,0
2021-06-23 10:14:37,34712.1,0
2021-06-23 10:14:38,34710.45,0
2021-06-23 10:14:39,34711.25,0
2021-06-23 10:14:40,34712.4,0
2021-06-23 10:14:41,34712.6,0
2021-06-23 10:14:42,34712.6,0
2021-06-23 10:14:43,34711.75,0
2021-06-23 10:14:44,34713.65,0
2021-06-23 10:14:45,34712.75,0
2021-06-23 10:14:46,34710.85,0
2021-06-23 10:14:47,34710.45,0
2021-06-23 10:14:48,34710.45,0
2021-06-23 10:14:49,34709.05,0
2021-06-23 10:14:50,34704.7,0
2021-06-23 10:14:51,34703.85,0
2021-06-23 10:14:52,34702.6,0
2021-06-23 10:14:53,34698.65,0
2021-06-23 10:14:54,34697.7,0
2021-06-23 10:14:55,34699.4,0
2021-06-23 10:14:56,34697.45,0
2021-06-23 10:14:57,34695.75,0
2021-06-23 10:14:58,34697.65,0
2021-06-23 10:14:59,34692.95,0
2021-06-23 10:15:01,34686.05,0
2021-06-23 10:15:03,34650.2,0
2021-06-23 10:15:04,34655.0,0
2021-06-23 10:15:05,34658.8,0
2021-06-23 10:15:06,34672.9,0
2021-06-23 10:15:07,34663.65,0
2021-06-23 10:15:08,34667.95,0
2021-06-23 10:15:09,34674.3,0
2021-06-23 10:15:10,34671.4,0
2021-06-23 10:15:11,34665.35,0
2021-06-23 10:15:12,34665.5,0
2021-06-23 10:15:13,34668.3,0
2021-06-23 10:15:14,34668.7,0
2021-06-23 10:15:15,34650.15,0
2021-06-23 10:15:17,34648.6,0
2021-06-23 10:15:18,34646.2,0
2021-06-23 10:15:19,34651.05,0
2021-06-23 10:15:20,34652.5,0
2021-06-23 10:15:21,34658.15,0
2021-06-23 10:15:22,34654.1,0
2021-06-23 10:15:23,34654.05,0
2021-06-23 10:15:24,34652.15,0
2021-06-23 10:15:26,34651.9,0
2021-06-23 10:15:27,34648.85,0
2021-06-23 10:15:28,34647.25,0
2021-06-23 10:15:29,34647.85,0
2021-06-23 10:15:30,34659.15,0
2021-06-23 10:15:31,34659.8,0
2021-06-23 10:15:33,34655.1,0
2021-06-23 10:15:34,34654.6,0
2021-06-23 10:15:35,34657.3,0
2021-06-23 10:15:36,34655.0,0
2021-06-23 10:15:37,34652.7,0
2021-06-23 10:15:38,34647.95,0
2021-06-23 10:15:39,34643.85,0
2021-06-23 10:15:40,34641.95,0
2021-06-23 10:15:41,34642.25,0
2021-06-23 10:15:42,34637.5,0
2021-06-23 10:15:43,34636.4,0
2021-06-23 10:15:45,34632.0,0
2021-06-23 10:15:47,34632.2,0
2021-06-23 10:15:50,34634.5,0
2021-06-23 10:15:51,34637.8,0
2021-06-23 10:15:52,34645.2,0
2021-06-23 10:15:54,34644.5,0
2021-06-23 10:15:55,34642.65,0
2021-06-23 10:15:57,34656.95,0
2021-06-23 10:15:59,34652.35,0
2021-06-23 10:16:00,34645.3,0
2021-06-23 10:16:02,34648.3,0
2021-06-23 10:16:03,34641.15,0
2021-06-23 10:16:04,34637.85,0
2021-06-23 10:16:05,34635.65,0
2021-06-23 10:16:06,34638.2,0
2021-06-23 10:16:07,34641.6,0
2021-06-23 10:16:08,34640.8,0
2021-06-23 10:16:09,34640.55,0
2021-06-23 10:16:10,34642.0,0
2021-06-23 10:16:11,34638.6,0
2021-06-23 10:16:12,34635.55,0
2021-06-23 10:16:13,34638.2,0
2021-06-23 10:16:14,34638.45,0
2021-06-23 10:16:15,34639.65,0
2021-06-23 10:16:16,34640.3,0
2021-06-23 10:16:18,34641.05,0
2021-06-23 10:16:19,34643.7,0
2021-06-23 10:16:20,34643.3,0
2021-06-23 10:16:21,34642.45,0
2021-06-23 10:16:22,34640.45,0
2021-06-23 10:16:23,34640.4,0
2021-06-23 10:16:24,34638.05,0
2021-06-23 10:16:26,34630.8,0
2021-06-23 10:16:27,34630.85,0
2021-06-23 10:16:28,34635.2,0
2021-06-23 10:16:29,34631.85,0
2021-06-23 10:16:30,34633.35,0
2021-06-23 10:16:31,34633.85,0
2021-06-23 10:16:32,34633.45,0
2021-06-23 10:16:33,34633.1,0
2021-06-23 10:16:34,34631.65,0
2021-06-23 10:16:35,34630.15,0
2021-06-23 10:16:36,34630.3,0
2021-06-23 10:16:38,34631.4,0
2021-06-23 10:16:39,34632.9,0
2021-06-23 10:16:40,34632.5,0
2021-06-23 10:16:41,34632.95,0
2021-06-23 10:16:42,34627.95,0
2021-06-23 10:16:43,34628.25,0
2021-06-23 10:16:44,34627.35,0
2021-06-23 10:16:45,34627.85,0
2021-06-23 10:16:47,34628.2,0
2021-06-23 10:16:49,34626.3,0
2021-06-23 10:16:51,34622.05,0
2021-06-23 10:16:53,34625.45,0
2021-06-23 10:16:55,34620.95,0
2021-06-23 10:16:56,34623.7,0
2021-06-23 10:16:57,34623.25,0
2021-06-23 10:16:58,34622.9,0
2021-06-23 10:16:59,34623.7,0
2021-06-23 10:17:00,34629.2,0
2021-06-23 10:17:01,34627.25,0
2021-06-23 10:17:02,34630.95,0
2021-06-23 10:17:03,34634.1,0
2021-06-23 10:17:04,34632.15,0
2021-06-23 10:17:05,34632.45,0
2021-06-23 10:17:06,34639.15,0
2021-06-23 10:17:07,34638.65,0
2021-06-23 10:17:08,34638.3,0
2021-06-23 10:17:09,34636.5,0
2021-06-23 10:17:10,34636.85,0
2021-06-23 10:17:11,34635.2,0
2021-06-23 10:17:12,34644.2,0
2021-06-23 10:17:13,34641.85,0
2021-06-23 10:17:14,34641.45,0
2021-06-23 10:17:15,34641.5,0
2021-06-23 10:17:16,34639.8,0
2021-06-23 10:17:17,34640.65,0
2021-06-23 10:17:18,34638.3,0
2021-06-23 10:17:19,34642.55,0
2021-06-23 10:17:20,34640.65,0
2021-06-23 10:17:21,34642.15,0
2021-06-23 10:17:22,34643.9,0
2021-06-23 10:17:23,34641.65,0
2021-06-23 10:17:25,34642.3,0
2021-06-23 10:17:26,34647.9,0
2021-06-23 10:17:27,34650.65,0
2021-06-23 10:17:28,34647.65,0
2021-06-23 10:17:29,34648.9,0
2021-06-23 10:17:30,34653.55,0
2021-06-23 10:17:31,34655.85,0
2021-06-23 10:17:32,34654.9,0
2021-06-23 10:17:33,34651.9,0
2021-06-23 10:17:34,34651.2,0
2021-06-23 10:17:35,34651.65,0
2021-06-23 10:17:36,34650.7,0
2021-06-23 10:17:37,34650.7,0
2021-06-23 10:17:38,34648.1,0
2021-06-23 10:17:40,34648.3,0
2021-06-23 10:17:41,34643.9,0
2021-06-23 10:17:42,34637.95,0
2021-06-23 10:17:43,34638.85,0
2021-06-23 10:17:44,34639.7,0
2021-06-23 10:17:45,34638.7,0
2021-06-23 10:17:46,34638.7,0
2021-06-23 10:17:47,34636.6,0
2021-06-23 10:17:48,34635.9,0
2021-06-23 10:17:50,34637.2,0
2021-06-23 10:17:51,34638.85,0
2021-06-23 10:17:52,34641.55,0
2021-06-23 10:17:53,34643.4,0
2021-06-23 10:17:54,34640.95,0
2021-06-23 10:17:55,34641.1,0
2021-06-23 10:17:56,34639.15,0
2021-06-23 10:17:57,34640.65,0
2021-06-23 10:17:58,34640.65,0
2021-06-23 10:18:00,34643.85,0
2021-06-23 10:18:01,34640.0,0
2021-06-23 10:18:02,34642.55,0
2021-06-23 10:18:03,34644.2,0
2021-06-23 10:18:04,34641.05,0
2021-06-23 10:18:06,34642.15,0
2021-06-23 10:18:07,34641.1,0
2021-06-23 10:18:08,34640.4,0
2021-06-23 10:18:09,34639.8,0
2021-06-23 10:18:11,34632.75,0
2021-06-23 10:18:12,34628.3,0
2021-06-23 10:18:13,34621.9,0
2021-06-23 10:18:14,34624.05,0
2021-06-23 10:18:17,34625.0,0
2021-06-23 10:18:20,34626.9,0
2021-06-23 10:18:22,34628.8,0
2021-06-23 10:18:23,34632.5,0
2021-06-23 10:18:25,34632.6,0
2021-06-23 10:18:26,34632.6,0
2021-06-23 10:18:27,34633.45,0
2021-06-23 10:18:28,34636.4,0
2021-06-23 10:18:29,34637.4,0
2021-06-23 10:18:31,34634.15,0
2021-06-23 10:18:32,34629.1,0
2021-06-23 10:18:33,34633.15,0
2021-06-23 10:18:34,34635.3,0
2021-06-23 10:18:35,34633.8,0
