timestamp,ltp,volume
2021-06-23 09:16:41,2485.2,0
2021-06-23 09:16:45,2487.65,0
2021-06-23 09:16:48,2486.7,0
2021-06-23 09:16:53,2489.5,0
2021-06-23 09:16:58,2490.6,0
2021-06-23 09:17:03,2492.4,0
2021-06-23 09:17:06,2493.5,0
2021-06-23 09:17:16,2493.4,0
2021-06-23 09:17:18,2492.25,0
2021-06-23 09:17:19,2492.35,0
2021-06-23 09:17:21,2493.25,0
2021-06-23 09:17:28,2492.85,0
2021-06-23 09:17:35,2493.0,0
2021-06-23 09:17:38,2492.2,0
2021-06-23 09:17:40,2490.65,0
2021-06-23 09:17:49,2490.95,0
2021-06-23 09:18:01,2491.05,0
2021-06-23 09:18:02,2490.8,0
2021-06-23 09:18:12,2491.15,0
2021-06-23 09:18:14,2489.5,0
2021-06-23 09:18:17,2489.7,0
2021-06-23 09:18:20,2489.15,0
2021-06-23 09:18:24,2490.4,0
2021-06-23 09:18:36,2489.45,0
2021-06-23 09:18:39,2490.1,0
2021-06-23 09:18:40,2490.6,0
2021-06-23 09:18:41,2490.65,0
2021-06-23 09:18:45,2491.3,0
2021-06-23 09:18:54,2488.8,0
2021-06-23 09:19:04,2482.1,0
2021-06-23 09:19:06,2482.4,0
2021-06-23 09:19:11,2483.05,0
2021-06-23 09:19:22,2485.25,0
2021-06-23 09:19:24,2484.45,0
2021-06-23 09:19:29,2485.75,0
2021-06-23 09:19:30,2484.6,0
2021-06-23 09:19:33,2483.95,0
2021-06-23 09:19:40,2484.9,0
2021-06-23 09:19:52,2486.65,0
2021-06-23 09:19:59,2486.55,0
2021-06-23 09:20:01,2486.3,0
2021-06-23 09:20:05,2486.4,0
2021-06-23 09:20:22,2486.95,0
2021-06-23 09:20:23,2485.95,0
2021-06-23 09:20:29,2487.15,0
2021-06-23 09:20:30,2487.85,0
2021-06-23 09:20:31,2487.5,0
2021-06-23 09:20:38,2487.15,0
2021-06-23 09:20:40,2487.75,0
2021-06-23 09:20:42,2488.85,0
2021-06-23 09:20:57,2487.6,0
2021-06-23 09:20:59,2486.0,0
2021-06-23 09:21:10,2483.4,0
2021-06-23 09:21:13,2481.35,0
2021-06-23 09:21:14,2481.3,0
2021-06-23 09:21:15,2481.05,0
2021-06-23 09:21:16,2481.75,0
2021-06-23 09:21:18,2481.15,0
2021-06-23 09:21:19,2480.85,0
2021-06-23 09:21:23,2480.8,0
2021-06-23 09:21:24,2480.55,0
2021-06-23 09:21:25,2480.3,0
2021-06-23 09:21:27,2479.95,0
2021-06-23 09:21:30,2480.95,0
2021-06-23 09:21:36,2480.7,0
2021-06-23 09:21:39,2480.75,0
2021-06-23 09:21:40,2481.1,0
2021-06-23 09:21:41,2480.4,0
2021-06-23 09:21:48,2477.95,0
2021-06-23 09:21:50,2478.2,0
2021-06-23 09:21:52,2478.15,0
2021-06-23 09:21:53,2477.95,0
2021-06-23 09:21:54,2477.5,0
2021-06-23 09:21:56,2478.1,0
2021-06-23 09:21:58,2477.8,0
2021-06-23 09:22:02,2477.65,0
2021-06-23 09:22:04,2475.8,0
2021-06-23 09:22:07,2477.2,0
2021-06-23 09:22:08,2476.75,0
2021-06-23 09:22:15,2476.85,0
2021-06-23 09:22:22,2475.75,0
2021-06-23 09:22:27,2476.0,0
2021-06-23 09:22:28,2475.85,0
2021-06-23 09:22:37,2476.6,0
2021-06-23 09:22:40,2476.5,0
2021-06-23 09:22:50,2478.05,0
2021-06-23 09:22:58,2476.9,0
2021-06-23 09:23:04,2473.95,0
2021-06-23 09:23:14,2473.55,0
2021-06-23 09:23:15,2472.7,0
2021-06-23 09:23:26,2472.75,0
2021-06-23 09:23:30,2472.1,0
2021-06-23 09:23:40,2472.55,0
2021-06-23 09:23:45,2472.15,0
2021-06-23 09:23:48,2472.65,0
2021-06-23 09:23:54,2471.25,0
2021-06-23 09:23:57,2471.65,0
2021-06-23 09:24:03,2472.1,0
2021-06-23 09:24:09,2471.9,0
2021-06-23 09:24:15,2473.15,0
2021-06-23 09:24:18,2475.45,0
2021-06-23 09:24:23,2476.85,0
2021-06-23 09:24:24,2476.3,0
2021-06-23 09:24:51,2478.45,0
2021-06-23 09:24:54,2478.7,0
2021-06-23 09:24:56,2478.7,0
2021-06-23 09:25:03,2479.25,0
2021-06-23 09:25:11,2480.0,0
2021-06-23 09:25:13,2482.15,0
2021-06-23 09:25:16,2481.55,0
2021-06-23 09:25:39,2483.45,0
2021-06-23 09:25:40,2484.0,0
2021-06-23 09:25:43,2485.5,0
2021-06-23 09:25:45,2484.9,0
2021-06-23 09:25:47,2485.15,0
2021-06-23 09:26:00,2488.05,0
2021-06-23 09:26:04,2489.2,0
2021-06-23 09:26:05,2488.9,0
2021-06-23 09:26:06,2489.4,0
2021-06-23 09:26:09,2489.85,0
2021-06-23 09:26:12,2491.5,0
2021-06-23 09:26:24,2496.0,0
2021-06-23 09:26:27,2495.35,0
2021-06-23 09:26:31,2495.5,0
2021-06-23 09:26:32,2496.35,0
2021-06-23 09:26:41,2494.95,0
2021-06-23 09:26:55,2494.15,0
2021-06-23 09:26:57,2494.1,0
2021-06-23 09:27:01,2494.3,0
2021-06-23 09:27:02,2492.75,0
2021-06-23 09:27:18,2492.2,0
2021-06-23 09:27:19,2491.45,0
2021-06-23 09:27:24,2492.7,0
2021-06-23 09:27:25,2492.95,0
2021-06-23 09:27:32,2493.25,0
2021-06-23 09:27:35,2493.3,0
2021-06-23 09:27:47,2493.8,0
2021-06-23 09:27:48,2493.3,0
2021-06-23 09:28:04,2494.15,0
2021-06-23 09:28:07,2495.25,0
2021-06-23 09:28:10,2495.4,0
2021-06-23 09:28:11,2494.95,0
2021-06-23 09:28:12,2494.8,0
2021-06-23 09:28:16,2495.05,0
2021-06-23 09:28:17,2495.1,0
2021-06-23 09:28:20,2495.45,0
2021-06-23 09:28:24,2494.85,0
2021-06-23 09:28:28,2495.05,0
2021-06-23 09:28:30,2496.9,0
2021-06-23 09:28:37,2496.5,0
2021-06-23 09:28:39,2496.95,0
2021-06-23 09:28:40,2496.25,0
2021-06-23 09:28:42,2495.7,0
2021-06-23 09:28:46,2496.75,0
2021-06-23 09:28:51,2495.45,0
2021-06-23 09:28:52,2494.05,0
2021-06-23 09:28:54,2494.7,0
2021-06-23 09:28:59,2494.8,0
2021-06-23 09:29:03,2494.1,0
2021-06-23 09:29:10,2494.85,0
2021-06-23 09:29:13,2494.35,0
2021-06-23 09:29:16,2493.6,0
2021-06-23 09:29:26,2491.85,0
2021-06-23 09:29:27,2492.2,0
2021-06-23 09:29:39,2491.4,0
2021-06-23 09:29:50,2489.65,0
2021-06-23 09:29:52,2488.25,0
2021-06-23 09:29:55,2487.9,0
2021-06-23 09:29:57,2488.45,0
2021-06-23 09:29:59,2489.3,0
2021-06-23 09:30:02,2489.1,0
2021-06-23 09:30:04,2488.9,0
2021-06-23 09:30:08,2488.6,0
2021-06-23 09:30:09,2488.4,0
2021-06-23 09:30:14,2489.8,0
2021-06-23 09:30:18,2487.6,0
2021-06-23 09:30:20,2487.25,0
2021-06-23 09:30:21,2487.25,0
2021-06-23 09:30:28,2485.65,0
2021-06-23 09:30:39,2487.05,0
2021-06-23 09:30:40,2486.15,0
2021-06-23 09:30:47,2485.55,0
2021-06-23 09:30:48,2485.1,0
2021-06-23 09:30:50,2483.8,0
2021-06-23 09:30:52,2483.6,0
2021-06-23 09:30:58,2483.5,0
2021-06-23 09:31:02,2483.35,0
2021-06-23 09:31:03,2482.9,0
2021-06-23 09:31:14,2484.3,0
2021-06-23 09:31:16,2484.05,0
2021-06-23 09:31:17,2484.55,0
2021-06-23 09:31:21,2484.3,0
2021-06-23 09:31:24,2484.7,0
2021-06-23 09:31:31,2485.15,0
2021-06-23 09:31:33,2484.95,0
2021-06-23 09:31:43,2484.1,0
2021-06-23 09:31:46,2483.8,0
2021-06-23 09:31:51,2483.9,0
2021-06-23 09:31:53,2483.35,0
2021-06-23 09:31:59,2482.4,0
2021-06-23 09:32:01,2482.35,0
2021-06-23 09:32:05,2483.25,0
2021-06-23 09:32:07,2483.05,0
2021-06-23 09:32:08,2483.15,0
2021-06-23 09:32:10,2484.4,0
2021-06-23 09:32:16,2484.35,0
2021-06-23 09:32:27,2486.45,0
2021-06-23 09:32:28,2486.3,0
2021-06-23 09:32:31,2487.5,0
2021-06-23 09:32:34,2488.2,0
2021-06-23 09:32:37,2487.95,0
2021-06-23 09:32:39,2488.95,0
2021-06-23 09:32:42,2488.75,0
2021-06-23 09:32:43,2488.3,0
2021-06-23 09:32:50,2488.35,0
2021-06-23 09:32:55,2486.2,0
2021-06-23 09:33:01,2483.95,0
2021-06-23 09:33:07,2484.05,0
2021-06-23 09:33:12,2483.9,0
2021-06-23 09:33:28,2486.05,0
2021-06-23 09:33:30,2486.55,0
2021-06-23 09:33:31,2485.5,0
2021-06-23 09:33:33,2486.1,0
2021-06-23 09:33:43,2485.9,0
2021-06-23 09:33:46,2485.7,0
2021-06-23 09:33:47,2486.05,0
2021-06-23 09:33:48,2485.95,0
2021-06-23 09:33:50,2485.95,0
2021-06-23 09:33:54,2485.25,0
2021-06-23 09:33:56,2486.45,0
2021-06-23 09:33:59,2486.35,0
2021-06-23 09:34:10,2485.2,0
2021-06-23 09:34:12,2484.3,0
2021-06-23 09:34:15,2485.55,0
2021-06-23 09:34:20,2485.55,0
2021-06-23 09:34:23,2485.35,0
2021-06-23 09:34:24,2485.95,0
2021-06-23 09:34:34,2485.55,0
2021-06-23 09:34:36,2486.45,0
2021-06-23 09:34:38,2485.75,0
2021-06-23 09:34:41,2485.0,0
2021-06-23 09:34:55,2485.9,0
2021-06-23 09:35:00,2485.75,0
2021-06-23 09:35:01,2486.25,0
2021-06-23 09:35:04,2485.45,0
2021-06-23 09:35:09,2485.3,0
2021-06-23 09:35:11,2483.6,0
2021-06-23 09:35:12,2483.9,0
2021-06-23 09:35:13,2483.85,0
2021-06-23 09:35:16,2483.5,0
2021-06-23 09:35:26,2482.45,0
2021-06-23 09:35:27,2483.25,0
2021-06-23 09:35:37,2483.25,0
2021-06-23 09:35:39,2482.75,0
2021-06-23 09:35:47,2484.35,0
2021-06-23 09:35:50,2483.2,0
2021-06-23 09:35:54,2482.95,0
2021-06-23 09:36:18,2481.85,0
2021-06-23 09:36:20,2482.2,0
2021-06-23 09:36:23,2482.45,0
2021-06-23 09:36:26,2482.8,0
2021-06-23 09:36:31,2482.9,0
2021-06-23 09:36:32,2482.65,0
2021-06-23 09:36:36,2481.7,0
2021-06-23 09:36:39,2481.25,0
2021-06-23 09:36:40,2481.6,0
2021-06-23 09:36:44,2482.35,0
2021-06-23 09:36:50,2483.7,0
2021-06-23 09:36:51,2484.0,0
2021-06-23 09:36:52,2483.75,0
2021-06-23 09:36:55,2483.8,0
2021-06-23 09:37:01,2484.6,0
2021-06-23 09:37:05,2486.0,0
2021-06-23 09:37:08,2485.8,0
2021-06-23 09:37:14,2486.4,0
2021-06-23 09:37:17,2486.45,0
2021-06-23 09:37:24,2486.5,0
2021-06-23 09:37:26,2487.4,0
2021-06-23 09:37:27,2485.9,0
2021-06-23 09:37:32,2486.5,0
2021-06-23 09:37:37,2487.25,0
2021-06-23 09:37:38,2487.5,0
2021-06-23 09:37:41,2486.5,0
2021-06-23 09:37:47,2486.4,0
2021-06-23 09:37:49,2487.0,0
2021-06-23 09:37:57,2487.05,0
2021-06-23 09:38:00,2488.0,0
2021-06-23 09:38:01,2487.95,0
2021-06-23 09:38:03,2487.1,0
2021-06-23 09:38:05,2487.4,0
2021-06-23 09:38:06,2487.9,0
2021-06-23 09:38:09,2487.75,0
2021-06-23 09:38:16,2488.9,0
2021-06-23 09:38:19,2488.85,0
2021-06-23 09:38:26,2487.8,0
2021-06-23 09:38:35,2487.1,0
2021-06-23 09:38:49,2486.2,0
2021-06-23 09:38:50,2485.85,0
2021-06-23 09:38:55,2486.15,0
2021-06-23 09:38:56,2485.85,0
2021-06-23 09:39:04,2486.9,0
2021-06-23 09:39:07,2487.55,0
2021-06-23 09:39:14,2488.35,0
2021-06-23 09:39:15,2488.3,0
2021-06-23 09:39:22,2488.55,0
2021-06-23 09:39:26,2488.2,0
2021-06-23 09:39:33,2489.4,0
2021-06-23 09:39:35,2489.25,0
2021-06-23 09:39:39,2490.25,0
2021-06-23 09:39:41,2490.65,0
2021-06-23 09:39:45,2490.5,0
2021-06-23 09:39:52,2490.75,0
2021-06-23 09:39:59,2489.95,0
2021-06-23 09:40:02,2490.65,0
2021-06-23 09:40:15,2489.45,0
2021-06-23 09:40:26,2488.1,0
2021-06-23 09:40:27,2488.35,0
2021-06-23 09:40:29,2487.95,0
2021-06-23 09:40:30,2488.2,0
2021-06-23 09:40:31,2488.5,0
2021-06-23 09:40:33,2488.0,0
2021-06-23 09:40:35,2487.85,0
2021-06-23 09:40:42,2487.95,0
2021-06-23 09:40:47,2488.5,0
2021-06-23 09:40:49,2487.7,0
2021-06-23 09:40:50,2488.15,0
2021-06-23 09:40:53,2488.95,0
2021-06-23 09:40:57,2488.75,0
2021-06-23 09:40:58,2488.3,0
2021-06-23 09:41:02,2488.0,0
2021-06-23 09:41:03,2488.45,0
2021-06-23 09:41:07,2487.75,0
2021-06-23 09:41:15,2488.35,0
2021-06-23 09:41:18,2488.45,0
2021-06-23 09:41:20,2488.3,0
2021-06-23 09:41:32,2488.8,0
2021-06-23 09:41:34,2488.0,0
2021-06-23 09:41:37,2489.1,0
2021-06-23 09:41:38,2488.5,0
2021-06-23 09:41:39,2488.75,0
2021-06-23 09:41:45,2487.6,0
2021-06-23 09:41:47,2488.45,0
2021-06-23 09:41:53,2487.9,0
2021-06-23 09:41:57,2487.6,0
2021-06-23 09:42:01,2487.75,0
2021-06-23 09:42:02,2486.95,0
2021-06-23 09:42:08,2486.8,0
2021-06-23 09:42:10,2487.35,0
2021-06-23 09:42:16,2487.65,0
2021-06-23 09:42:21,2487.05,0
2021-06-23 09:42:25,2487.4,0
2021-06-23 09:42:29,2487.85,0
2021-06-23 09:42:32,2487.45,0
2021-06-23 09:42:49,2487.65,0
2021-06-23 09:42:53,2487.15,0
2021-06-23 09:42:55,2486.95,0
2021-06-23 09:42:59,2486.85,0
2021-06-23 09:43:01,2486.9,0
2021-06-23 09:43:06,2485.75,0
2021-06-23 09:43:13,2486.05,0
2021-06-23 09:43:17,2486.0,0
2021-06-23 09:43:22,2485.9,0
2021-06-23 09:43:23,2486.8,0
2021-06-23 09:43:24,2486.6,0
2021-06-23 09:43:29,2486.4,0
2021-06-23 09:43:30,2486.45,0
2021-06-23 09:43:45,2486.15,0
2021-06-23 09:43:46,2485.75,0
2021-06-23 09:43:47,2486.5,0
2021-06-23 09:43:56,2485.45,0
2021-06-23 09:44:00,2486.2,0
2021-06-23 09:44:04,2485.45,0
2021-06-23 09:44:13,2485.65,0
2021-06-23 09:44:15,2486.25,0
2021-06-23 09:44:17,2486.65,0
2021-06-23 09:44:20,2485.75,0
2021-06-23 09:44:25,2486.25,0
2021-06-23 09:44:28,2486.2,0
2021-06-23 09:44:30,2486.3,0
2021-06-23 09:44:33,2486.65,0
2021-06-23 09:44:35,2485.9,0
2021-06-23 09:44:37,2485.85,0
2021-06-23 09:44:43,2486.55,0
2021-06-23 09:44:44,2487.1,0
2021-06-23 09:44:45,2486.95,0
2021-06-23 09:44:50,2486.65,0
2021-06-23 09:44:55,2487.2,0
2021-06-23 09:44:57,2487.55,0
2021-06-23 09:44:59,2486.3,0
2021-06-23 09:45:01,2486.9,0
2021-06-23 09:45:02,2486.75,0
2021-06-23 09:45:07,2486.2,0
2021-06-23 09:45:12,2483.8,0
2021-06-23 09:45:17,2481.15,0
2021-06-23 09:45:29,2483.9,0
2021-06-23 09:45:31,2484.15,0
2021-06-23 09:45:32,2484.0,0
2021-06-23 09:45:35,2483.6,0
2021-06-23 09:45:36,2482.85,0
2021-06-23 09:45:44,2483.45,0
2021-06-23 09:45:46,2483.25,0
2021-06-23 09:45:48,2483.95,0
2021-06-23 09:45:52,2483.05,0
2021-06-23 09:45:54,2483.25,0
2021-06-23 09:46:04,2483.4,0
2021-06-23 09:46:07,2483.45,0
2021-06-23 09:46:16,2483.55,0
2021-06-23 09:46:25,2483.05,0
2021-06-23 09:46:33,2482.7,0
2021-06-23 09:46:43,2483.45,0
2021-06-23 09:46:48,2482.9,0
2021-06-23 09:46:49,2483.0,0
2021-06-23 09:46:52,2482.7,0
2021-06-23 09:46:53,2483.35,0
2021-06-23 09:46:54,2483.2,0
2021-06-23 09:46:56,2482.5,0
2021-06-23 09:47:00,2482.95,0
2021-06-23 09:47:04,2482.15,0
2021-06-23 09:47:09,2481.2,0
2021-06-23 09:47:12,2482.4,0
2021-06-23 09:47:13,2482.65,0
2021-06-23 09:47:14,2482.35,0
2021-06-23 09:47:27,2481.9,0
2021-06-23 09:47:29,2481.45,0
2021-06-23 09:47:33,2482.1,0
2021-06-23 09:47:37,2481.45,0
2021-06-23 09:47:39,2481.5,0
2021-06-23 09:47:41,2481.25,0
2021-06-23 09:47:44,2480.15,0
2021-06-23 09:47:49,2480.85,0
2021-06-23 09:47:50,2480.95,0
2021-06-23 09:47:53,2480.7,0
2021-06-23 09:48:02,2481.4,0
2021-06-23 09:48:09,2481.55,0
2021-06-23 09:48:16,2483.0,0
2021-06-23 09:48:17,2483.8,0
2021-06-23 09:48:19,2483.5,0
2021-06-23 09:48:48,2483.0,0
2021-06-23 09:48:52,2482.15,0
2021-06-23 09:49:03,2481.45,0
2021-06-23 09:49:09,2482.0,0
2021-06-23 09:49:13,2481.75,0
2021-06-23 09:49:14,2481.5,0
2021-06-23 09:49:15,2481.0,0
2021-06-23 09:49:18,2481.7,0
2021-06-23 09:49:19,2481.75,0
2021-06-23 09:49:30,2481.95,0
2021-06-23 09:49:31,2481.15,0
2021-06-23 09:49:32,2481.65,0
2021-06-23 09:49:36,2481.35,0
2021-06-23 09:49:44,2482.3,0
2021-06-23 09:49:47,2482.9,0
2021-06-23 09:49:55,2481.95,0
2021-06-23 09:49:57,2482.4,0
2021-06-23 09:50:00,2482.5,0
2021-06-23 09:50:05,2481.3,0
2021-06-23 09:50:12,2481.7,0
2021-06-23 09:50:15,2481.8,0
2021-06-23 09:50:16,2481.95,0
2021-06-23 09:50:21,2481.6,0
2021-06-23 09:50:22,2481.9,0
2021-06-23 09:50:27,2480.8,0
2021-06-23 09:50:30,2480.7,0
2021-06-23 09:50:33,2481.05,0
2021-06-23 09:50:37,2481.8,0
2021-06-23 09:50:41,2480.5,0
2021-06-23 09:50:46,2480.45,0
2021-06-23 09:51:02,2480.65,0
2021-06-23 09:51:04,2480.1,0
2021-06-23 09:51:05,2481.0,0
2021-06-23 09:51:06,2480.3,0
2021-06-23 09:51:11,2480.5,0
2021-06-23 09:51:18,2480.4,0
2021-06-23 09:51:23,2481.1,0
2021-06-23 09:51:28,2481.05,0
2021-06-23 09:51:30,2481.55,0
2021-06-23 09:51:31,2482.1,0
2021-06-23 09:51:32,2480.75,0
2021-06-23 09:51:34,2480.35,0
2021-06-23 09:51:35,2481.1,0
2021-06-23 09:51:36,2481.35,0
2021-06-23 09:51:39,2480.95,0
2021-06-23 09:51:42,2481.15,0
2021-06-23 09:51:46,2480.55,0
2021-06-23 09:51:48,2482.05,0
2021-06-23 09:51:51,2481.25,0
2021-06-23 09:51:56,2481.1,0
2021-06-23 09:51:57,2481.65,0
2021-06-23 09:51:59,2481.3,0
2021-06-23 09:52:07,2480.1,0
2021-06-23 09:52:20,2480.25,0
2021-06-23 09:52:26,2480.4,0
2021-06-23 09:52:29,2480.05,0
2021-06-23 09:52:33,2480.6,0
2021-06-23 09:52:34,2480.65,0
2021-06-23 09:52:41,2480.75,0
2021-06-23 09:52:43,2480.4,0
2021-06-23 09:52:57,2479.15,0
2021-06-23 09:52:59,2480.0,0
2021-06-23 09:53:04,2479.1,0
2021-06-23 09:53:06,2479.45,0
2021-06-23 09:53:09,2479.6,0
2021-06-23 09:53:14,2478.9,0
2021-06-23 09:53:21,2478.55,0
2021-06-23 09:53:36,2478.3,0
2021-06-23 09:53:37,2478.2,0
2021-06-23 09:53:38,2478.35,0
2021-06-23 09:53:41,2477.55,0
2021-06-23 09:53:50,2474.6,0
2021-06-23 09:53:51,2475.2,0
2021-06-23 09:54:00,2477.5,0
2021-06-23 09:54:01,2476.3,0
2021-06-23 09:54:06,2477.3,0
2021-06-23 09:54:11,2477.2,0
2021-06-23 09:54:13,2477.55,0
2021-06-23 09:54:27,2476.4,0
2021-06-23 09:54:28,2476.6,0
2021-06-23 09:54:31,2475.95,0
2021-06-23 09:54:32,2476.1,0
2021-06-23 09:54:33,2476.1,0
2021-06-23 09:54:39,2476.95,0
2021-06-23 09:54:43,2475.9,0
2021-06-23 09:54:46,2476.05,0
2021-06-23 09:54:53,2476.75,0
2021-06-23 09:54:55,2476.9,0
2021-06-23 09:55:01,2476.25,0
2021-06-23 09:55:02,2476.7,0
2021-06-23 09:55:03,2475.95,0
2021-06-23 09:55:04,2476.0,0
2021-06-23 09:55:05,2476.5,0
2021-06-23 09:55:07,2475.35,0
2021-06-23 09:55:23,2475.8,0
2021-06-23 09:55:39,2475.65,0
2021-06-23 09:55:40,2476.15,0
2021-06-23 09:55:52,2477.3,0
2021-06-23 09:55:59,2476.1,0
2021-06-23 09:56:05,2475.8,0
2021-06-23 09:56:07,2475.3,0
2021-06-23 09:56:08,2475.45,0
2021-06-23 09:56:11,2476.1,0
2021-06-23 09:56:13,2474.9,0
2021-06-23 09:56:17,2475.8,0
2021-06-23 09:56:19,2475.55,0
2021-06-23 09:56:20,2475.35,0
2021-06-23 09:56:21,2474.75,0
2021-06-23 09:56:23,2475.2,0
2021-06-23 09:56:26,2474.1,0
2021-06-23 09:56:31,2473.5,0
2021-06-23 09:56:33,2472.8,0
2021-06-23 09:56:35,2472.45,0
2021-06-23 09:56:36,2473.55,0
2021-06-23 09:56:39,2473.45,0
2021-06-23 09:56:44,2472.95,0
2021-06-23 09:56:45,2473.4,0
2021-06-23 09:56:47,2473.35,0
2021-06-23 09:56:57,2473.25,0
2021-06-23 09:56:58,2472.95,0
2021-06-23 09:57:08,2474.2,0
2021-06-23 09:57:13,2472.55,0
2021-06-23 09:57:16,2472.85,0
2021-06-23 09:57:24,2471.8,0
2021-06-23 09:57:26,2472.05,0
2021-06-23 09:57:28,2472.1,0
2021-06-23 09:57:31,2472.35,0
2021-06-23 09:57:34,2472.55,0
2021-06-23 09:57:41,2473.05,0
2021-06-23 09:57:42,2473.3,0
2021-06-23 09:57:44,2472.45,0
2021-06-23 09:57:45,2472.15,0
2021-06-23 09:57:50,2471.8,0
2021-06-23 09:57:52,2471.65,0
2021-06-23 09:57:55,2472.0,0
2021-06-23 09:58:03,2472.4,0
2021-06-23 09:58:06,2472.05,0
2021-06-23 09:58:07,2472.0,0
2021-06-23 09:58:11,2472.75,0
2021-06-23 09:58:14,2473.5,0
2021-06-23 09:58:17,2473.15,0
2021-06-23 09:58:19,2473.9,0
2021-06-23 09:58:20,2474.05,0
2021-06-23 09:58:23,2474.05,0
2021-06-23 09:58:32,2475.05,0
2021-06-23 09:58:38,2475.15,0
2021-06-23 09:58:51,2475.05,0
2021-06-23 09:58:54,2474.6,0
2021-06-23 09:59:02,2475.2,0
2021-06-23 09:59:03,2475.05,0
2021-06-23 09:59:04,2474.9,0
2021-06-23 09:59:12,2476.4,0
2021-06-23 09:59:13,2475.6,0
2021-06-23 09:59:16,2476.1,0
2021-06-23 09:59:18,2476.0,0
2021-06-23 09:59:19,2475.9,0
2021-06-23 09:59:21,2476.05,0
2021-06-23 09:59:25,2476.1,0
2021-06-23 09:59:27,2476.35,0
2021-06-23 09:59:34,2476.4,0
2021-06-23 09:59:36,2476.0,0
2021-06-23 09:59:37,2476.25,0
2021-06-23 09:59:39,2476.25,0
2021-06-23 09:59:45,2475.75,0
2021-06-23 09:59:56,2476.2,0
2021-06-23 09:59:57,2476.7,0
2021-06-23 10:00:01,2476.25,0
2021-06-23 10:00:04,2475.2,0
2021-06-23 10:00:14,2476.15,0
2021-06-23 10:00:18,2476.75,0
2021-06-23 10:00:20,2477.1,0
2021-06-23 10:00:25,2477.35,0
2021-06-23 10:00:30,2476.8,0
2021-06-23 10:00:31,2477.55,0
2021-06-23 10:00:34,2477.4,0
2021-06-23 10:00:36,2477.4,0
2021-06-23 10:00:46,2477.8,0
2021-06-23 10:00:50,2478.7,0
2021-06-23 10:00:52,2478.55,0
2021-06-23 10:01:03,2478.15,0
2021-06-23 10:01:08,2478.25,0
2021-06-23 10:01:10,2478.7,0
2021-06-23 10:01:12,2479.05,0
2021-06-23 10:01:17,2478.95,0
2021-06-23 10:01:18,2478.95,0
2021-06-23 10:01:25,2478.35,0
2021-06-23 10:01:28,2478.7,0
2021-06-23 10:01:30,2479.1,0
2021-06-23 10:01:33,2479.3,0
2021-06-23 10:01:39,2478.8,0
2021-06-23 10:01:44,2479.45,0
2021-06-23 10:01:48,2478.75,0
2021-06-23 10:01:50,2479.3,0
2021-06-23 10:01:57,2478.35,0
2021-06-23 10:01:58,2478.15,0
2021-06-23 10:02:01,2478.35,0
2021-06-23 10:02:05,2478.85,0
2021-06-23 10:02:08,2478.8,0
2021-06-23 10:02:09,2479.5,0
2021-06-23 10:02:10,2479.6,0
2021-06-23 10:02:13,2479.7,0
2021-06-23 10:02:18,2479.15,0
2021-06-23 10:02:27,2480.15,0
2021-06-23 10:02:43,2479.7,0
2021-06-23 10:03:06,2480.1,0
2021-06-23 10:03:10,2479.25,0
2021-06-23 10:03:11,2479.5,0
2021-06-23 10:03:13,2479.3,0
2021-06-23 10:03:14,2479.8,0
2021-06-23 10:03:17,2479.2,0
2021-06-23 10:03:20,2479.0,0
2021-06-23 10:03:27,2477.4,0
2021-06-23 10:03:29,2478.0,0
2021-06-23 10:03:31,2477.85,0
2021-06-23 10:03:32,2477.7,0
2021-06-23 10:03:33,2477.6,0
2021-06-23 10:03:35,2477.5,0
2021-06-23 10:03:42,2478.7,0
2021-06-23 10:03:44,2478.5,0
2021-06-23 10:03:45,2478.55,0
2021-06-23 10:03:48,2478.65,0
2021-06-23 10:04:03,2479.05,0
2021-06-23 10:04:08,2478.5,0
2021-06-23 10:04:12,2476.95,0
2021-06-23 10:04:20,2477.05,0
2021-06-23 10:04:22,2476.75,0
2021-06-23 10:04:36,2477.0,0
2021-06-23 10:04:38,2477.35,0
2021-06-23 10:04:41,2477.0,0
2021-06-23 10:04:48,2476.2,0
2021-06-23 10:04:49,2476.6,0
2021-06-23 10:04:51,2476.15,0
2021-06-23 10:04:59,2476.0,0
2021-06-23 10:05:00,2476.2,0
2021-06-23 10:05:01,2476.35,0
2021-06-23 10:05:02,2476.35,0
2021-06-23 10:05:03,2475.3,0
2021-06-23 10:05:07,2475.65,0
2021-06-23 10:05:11,2475.6,0
2021-06-23 10:05:16,2475.85,0
2021-06-23 10:05:17,2476.0,0
2021-06-23 10:05:20,2475.55,0
2021-06-23 10:05:31,2475.7,0
2021-06-23 10:05:45,2475.2,0
2021-06-23 10:05:50,2475.6,0
2021-06-23 10:05:55,2475.25,0
2021-06-23 10:05:56,2475.8,0
2021-06-23 10:05:58,2475.8,0
2021-06-23 10:06:04,2475.15,0
2021-06-23 10:06:11,2475.25,0
2021-06-23 10:06:19,2475.35,0
2021-06-23 10:06:21,2475.5,0
2021-06-23 10:06:22,2475.0,0
2021-06-23 10:06:25,2475.4,0
2021-06-23 10:06:26,2476.0,0
2021-06-23 10:06:28,2476.35,0
2021-06-23 10:06:37,2477.15,0
2021-06-23 10:06:39,2476.85,0
2021-06-23 10:06:42,2476.65,0
2021-06-23 10:06:46,2476.15,0
2021-06-23 10:06:49,2476.0,0
2021-06-23 10:06:51,2476.45,0
2021-06-23 10:06:57,2475.95,0
2021-06-23 10:07:10,2475.5,0
2021-06-23 10:07:12,2475.65,0
2021-06-23 10:07:14,2475.65,0
2021-06-23 10:07:16,2476.1,0
2021-06-23 10:07:27,2475.7,0
2021-06-23 10:07:34,2475.6,0
2021-06-23 10:07:41,2476.4,0
2021-06-23 10:07:48,2476.35,0
2021-06-23 10:07:51,2476.35,0
2021-06-23 10:07:53,2476.7,0
2021-06-23 10:07:55,2476.15,0
2021-06-23 10:07:57,2476.5,0
2021-06-23 10:08:00,2475.85,0
2021-06-23 10:08:03,2475.95,0
2021-06-23 10:08:04,2476.25,0
2021-06-23 10:08:11,2475.8,0
2021-06-23 10:08:16,2475.2,0
2021-06-23 10:08:21,2475.0,0
2021-06-23 10:08:22,2474.45,0
2021-06-23 10:08:23,2474.6,0
2021-06-23 10:08:24,2474.75,0
2021-06-23 10:08:27,2474.6,0
2021-06-23 10:08:29,2474.55,0
2021-06-23 10:08:32,2474.05,0
2021-06-23 10:08:34,2474.3,0
2021-06-23 10:08:39,2474.55,0
2021-06-23 10:08:42,2473.8,0
2021-06-23 10:08:45,2474.15,0
2021-06-23 10:08:48,2474.0,0
2021-06-23 10:08:51,2474.2,0
2021-06-23 10:08:53,2474.45,0
2021-06-23 10:09:02,2474.45,0
2021-06-23 10:09:13,2474.25,0
2021-06-23 10:09:14,2474.25,0
2021-06-23 10:09:16,2475.2,0
2021-06-23 10:09:19,2474.1,0
2021-06-23 10:09:22,2474.55,0
2021-06-23 10:09:25,2474.95,0
2021-06-23 10:09:27,2474.6,0
2021-06-23 10:09:28,2474.8,0
2021-06-23 10:09:29,2474.6,0
2021-06-23 10:09:30,2474.4,0
2021-06-23 10:09:37,2474.15,0
2021-06-23 10:09:42,2474.95,0
2021-06-23 10:09:52,2474.6,0
2021-06-23 10:09:54,2473.9,0
2021-06-23 10:09:55,2474.55,0
2021-06-23 10:09:58,2474.3,0
2021-06-23 10:10:02,2473.75,0
2021-06-23 10:10:03,2474.5,0
2021-06-23 10:10:05,2474.3,0
2021-06-23 10:10:06,2474.15,0
2021-06-23 10:10:10,2474.0,0
2021-06-23 10:10:11,2474.3,0
2021-06-23 10:10:21,2474.1,0
2021-06-23 10:10:22,2473.9,0
2021-06-23 10:10:24,2474.5,0
2021-06-23 10:10:25,2471.35,0
2021-06-23 10:10:32,2471.55,0
2021-06-23 10:10:33,2471.15,0
2021-06-23 10:10:42,2470.3,0
2021-06-23 10:10:52,2470.0,0
2021-06-23 10:10:54,2469.7,0
2021-06-23 10:11:00,2469.45,0
2021-06-23 10:11:02,2469.35,0
2021-06-23 10:11:08,2468.5,0
2021-06-23 10:11:14,2469.15,0
2021-06-23 10:11:36,2467.95,0
2021-06-23 10:11:37,2467.65,0
2021-06-23 10:11:40,2467.95,0
2021-06-23 10:11:58,2467.75,0
2021-06-23 10:12:00,2467.3,0
2021-06-23 10:12:04,2467.35,0
2021-06-23 10:12:07,2466.45,0
2021-06-23 10:12:08,2466.2,0
2021-06-23 10:12:11,2466.4,0
2021-06-23 10:12:15,2466.1,0
2021-06-23 10:12:20,2465.95,0
2021-06-23 10:12:24,2465.35,0
2021-06-23 10:12:32,2464.65,0
2021-06-23 10:12:42,2464.65,0
2021-06-23 10:12:53,2464.85,0
2021-06-23 10:12:54,2465.15,0
2021-06-23 10:13:05,2466.2,0
2021-06-23 10:13:06,2465.7,0
2021-06-23 10:13:08,2466.0,0
2021-06-23 10:13:11,2465.55,0
2021-06-23 10:13:12,2466.1,0
2021-06-23 10:13:26,2466.9,0
2021-06-23 10:13:29,2467.05,0
2021-06-23 10:13:43,2466.25,0
2021-06-23 10:13:44,2466.6,0
2021-06-23 10:13:48,2466.85,0
2021-06-23 10:13:49,2466.4,0
2021-06-23 10:14:01,2465.9,0
2021-06-23 10:14:08,2466.3,0
2021-06-23 10:14:15,2466.05,0
2021-06-23 10:14:23,2466.15,0
2021-06-23 10:14:28,2466.3,0
2021-06-23 10:14:31,2466.2,0
2021-06-23 10:14:32,2466.9,0
2021-06-23 10:14:33,2466.15,0
2021-06-23 10:14:38,2466.6,0
2021-06-23 10:14:39,2467.3,0
2021-06-23 10:14:40,2467.25,0
2021-06-23 10:14:42,2466.3,0
2021-06-23 10:14:43,2467.2,0
2021-06-23 10:14:48,2466.25,0
2021-06-23 10:14:49,2466.4,0
2021-06-23 10:14:52,2464.75,0
2021-06-23 10:14:55,2464.55,0
2021-06-23 10:14:59,2464.9,0
2021-06-23 10:15:02,2465.05,0
2021-06-23 10:15:09,2463.4,0
2021-06-23 10:15:10,2463.2,0
2021-06-23 10:15:11,2462.5,0
2021-06-23 10:15:12,2462.25,0
2021-06-23 10:15:13,2462.55,0
2021-06-23 10:15:21,2461.3,0
2021-06-23 10:15:32,2461.15,0
2021-06-23 10:15:38,2459.85,0
2021-06-23 10:15:42,2460.35,0
2021-06-23 10:15:43,2460.2,0
2021-06-23 10:15:51,2459.4,0
2021-06-23 10:16:03,2459.5,0
2021-06-23 10:16:06,2459.4,0
2021-06-23 10:16:07,2459.25,0
2021-06-23 10:16:09,2459.55,0
2021-06-23 10:16:18,2459.8,0
2021-06-23 10:16:20,2459.1,0
2021-06-23 10:16:30,2458.15,0
2021-06-23 10:16:36,2457.65,0
2021-06-23 10:16:55,2458.35,0
2021-06-23 10:17:01,2460.2,0
2021-06-23 10:17:02,2460.4,0
2021-06-23 10:17:11,2460.95,0
2021-06-23 10:17:18,2460.6,0
2021-06-23 10:17:23,2461.35,0
2021-06-23 10:17:28,2461.7,0
2021-06-23 10:17:32,2461.7,0
2021-06-23 10:17:35,2462.3,0
2021-06-23 10:17:39,2461.65,0
2021-06-23 10:17:45,2462.05,0
2021-06-23 10:17:52,2462.45,0
2021-06-23 10:18:01,2462.0,0
2021-06-23 10:18:03,2463.0,0
2021-06-23 10:18:04,2462.4,0
2021-06-23 10:18:06,2462.85,0
2021-06-23 10:18:07,2463.2,0
2021-06-23 10:18:09,2462.5,0
2021-06-23 10:18:11,2461.4,0
2021-06-23 10:18:12,2461.35,0
2021-06-23 10:18:19,2461.45,0
2021-06-23 10:18:29,2462.0,0
2021-06-23 10:18:33,2461.7,0
2021-06-23 10:18:37,2462.0,0
2021-06-23 10:18:42,2461.7,0
2021-06-23 10:19:01,2463.0,0
2021-06-23 10:19:02,2462.1,0
2021-06-23 10:19:03,2462.7,0
2021-06-23 10:19:04,2462.45,0
2021-06-23 10:19:06,2462.9,0
2021-06-23 10:19:07,2462.15,0
2021-06-23 10:19:11,2462.45,0
2021-06-23 10:19:13,2462.5,0
2021-06-23 10:19:15,2462.6,0
2021-06-23 10:19:17,2462.75,0
2021-06-23 10:19:20,2462.6,0
2021-06-23 10:19:32,2462.85,0
2021-06-23 10:19:47,2463.6,0
2021-06-23 10:19:50,2463.45,0
2021-06-23 10:19:58,2463.15,0
2021-06-23 10:20:00,2463.05,0
2021-06-23 10:20:09,2461.8,0
2021-06-23 10:20:10,2461.55,0
2021-06-23 10:20:12,2461.1,0
2021-06-23 10:20:18,2461.8,0
2021-06-23 10:20:22,2461.0,0
2021-06-23 10:20:30,2461.7,0
2021-06-23 10:20:43,2461.15,0
2021-06-23 10:20:49,2460.55,0
2021-06-23 10:20:52,2461.05,0
2021-06-23 10:20:56,2460.65,0
2021-06-23 10:20:58,2461.7,0
2021-06-23 10:21:00,2461.35,0
2021-06-23 10:21:04,2461.45,0
2021-06-23 10:21:10,2460.8,0
2021-06-23 10:21:12,2460.85,0
2021-06-23 10:21:19,2461.05,0
2021-06-23 10:21:24,2461.4,0
2021-06-23 10:21:25,2460.6,0
2021-06-23 10:21:27,2461.0,0
2021-06-23 10:21:29,2460.7,0
2021-06-23 10:21:32,2460.75,0
2021-06-23 10:21:33,2460.65,0
2021-06-23 10:21:34,2460.7,0
2021-06-23 10:21:43,2460.3,0
2021-06-23 10:21:48,2461.3,0
2021-06-23 10:21:49,2461.15,0
2021-06-23 10:21:57,2461.8,0
2021-06-23 10:21:59,2461.85,0
2021-06-23 10:22:06,2462.65,0
2021-06-23 10:22:07,2463.1,0
2021-06-23 10:22:17,2462.9,0
2021-06-23 10:22:18,2463.0,0
2021-06-23 10:22:20,2462.7,0
2021-06-23 10:22:21,2463.6,0
2021-06-23 10:22:23,2463.35,0
2021-06-23 10:22:25,2464.1,0
2021-06-23 10:22:39,2464.4,0
2021-06-23 10:22:41,2464.75,0
2021-06-23 10:22:48,2465.1,0
2021-06-23 10:22:52,2464.7,0
2021-06-23 10:22:54,2464.9,0
2021-06-23 10:23:09,2465.0,0
2021-06-23 10:23:10,2465.25,0
2021-06-23 10:23:13,2465.2,0
2021-06-23 10:23:16,2465.5,0
2021-06-23 10:23:18,2465.85,0
2021-06-23 10:23:21,2465.55,0
2021-06-23 10:23:35,2465.75,0
2021-06-23 10:23:36,2465.35,0
2021-06-23 10:23:37,2465.45,0
2021-06-23 10:23:46,2467.05,0
2021-06-23 10:23:49,2466.55,0
2021-06-23 10:23:50,2466.6,0
2021-06-23 10:23:52,2466.75,0
2021-06-23 10:23:54,2467.1,0
2021-06-23 10:23:57,2467.05,0
2021-06-23 10:24:02,2468.05,0
2021-06-23 10:24:03,2468.45,0
2021-06-23 10:24:06,2469.35,0
2021-06-23 10:24:14,2468.7,0
2021-06-23 10:24:16,2468.6,0
2021-06-23 10:24:17,2468.25,0
2021-06-23 10:24:24,2467.9,0
2021-06-23 10:24:27,2468.4,0
2021-06-23 10:24:36,2468.6,0
2021-06-23 10:24:38,2468.3,0
2021-06-23 10:24:39,2468.5,0
2021-06-23 10:24:43,2469.15,0
2021-06-23 10:36:34,2474.4,0
2021-06-23 10:36:55,2477.0,0
2021-06-23 10:37:00,2477.35,0
2021-06-23 10:37:01,2476.95,0
2021-06-23 10:37:04,2477.3,0
2021-06-23 10:37:12,2476.75,0
2021-06-23 10:37:13,2476.95,0
2021-06-23 10:37:15,2476.7,0
2021-06-23 10:37:19,2476.6,0
2021-06-23 10:37:20,2476.3,0
2021-06-23 10:37:22,2475.55,0
2021-06-23 10:37:25,2476.5,0
2021-06-23 10:37:28,2476.05,0
2021-06-23 10:37:32,2475.35,0
2021-06-23 10:37:33,2474.95,0
2021-06-23 10:37:38,2475.15,0
2021-06-23 10:37:41,2474.8,0
2021-06-23 10:37:42,2474.8,0
2021-06-23 10:37:43,2475.35,0
2021-06-23 10:37:44,2474.35,0
2021-06-23 10:37:46,2474.9,0
2021-06-23 10:37:54,2474.1,0
2021-06-23 10:37:57,2475.15,0
2021-06-23 10:38:01,2474.8,0
2021-06-23 10:38:02,2474.7,0
2021-06-23 10:38:12,2475.35,0
2021-06-23 10:38:21,2474.9,0
2021-06-23 10:38:28,2474.2,0
2021-06-23 10:38:30,2473.95,0
2021-06-23 10:38:33,2474.4,0
2021-06-23 10:38:38,2474.25,0
2021-06-23 10:38:40,2474.3,0
2021-06-23 10:38:41,2474.4,0
2021-06-23 10:38:42,2473.9,0
2021-06-23 10:38:48,2474.2,0
2021-06-23 10:38:52,2474.6,0
2021-06-23 10:38:57,2473.5,0
2021-06-23 10:38:59,2474.15,0
2021-06-23 10:39:00,2474.25,0
2021-06-23 10:39:01,2473.75,0
2021-06-23 10:39:03,2473.6,0
2021-06-23 10:39:04,2474.0,0
2021-06-23 10:39:05,2473.95,0
2021-06-23 10:39:08,2473.3,0
2021-06-23 10:39:09,2473.9,0
2021-06-23 10:39:15,2473.8,0
2021-06-23 10:39:17,2473.65,0
2021-06-23 10:39:18,2473.65,0
2021-06-23 10:39:20,2473.7,0
2021-06-23 10:39:27,2472.2,0
2021-06-23 10:39:30,2472.7,0
2021-06-23 10:39:33,2472.8,0
2021-06-23 10:39:34,2472.8,0
2021-06-23 10:39:38,2472.15,0
2021-06-23 10:39:40,2471.45,0
2021-06-23 10:39:46,2471.35,0
2021-06-23 10:39:48,2471.5,0
2021-06-23 10:39:49,2471.4,0
2021-06-23 10:39:52,2470.5,0
2021-06-23 10:39:54,2471.1,0
2021-06-23 10:39:59,2470.5,0
2021-06-23 10:40:01,2470.0,0
2021-06-23 10:40:05,2470.6,0
2021-06-23 10:40:06,2470.35,0
2021-06-23 10:40:07,2470.5,0
2021-06-23 10:40:10,2470.55,0
2021-06-23 10:40:15,2470.35,0
2021-06-23 10:40:17,2469.75,0
2021-06-23 10:40:20,2470.2,0
2021-06-23 10:40:22,2470.5,0
2021-06-23 10:40:29,2470.15,0
2021-06-23 10:40:30,2470.15,0
2021-06-23 10:40:35,2469.7,0
2021-06-23 10:40:38,2468.8,0
2021-06-23 10:40:39,2469.55,0
2021-06-23 10:40:48,2468.4,0
2021-06-23 10:40:51,2468.8,0
2021-06-23 10:40:52,2469.25,0
2021-06-23 10:40:56,2468.55,0
2021-06-23 10:40:59,2469.05,0
2021-06-23 10:41:00,2469.15,0
2021-06-23 10:41:04,2469.25,0
2021-06-23 10:41:10,2469.15,0
2021-06-23 10:41:13,2468.85,0
2021-06-23 10:41:15,2469.6,0
2021-06-23 10:41:18,2469.15,0
2021-06-23 10:41:19,2468.6,0
2021-06-23 10:41:23,2469.15,0
2021-06-23 10:41:24,2468.85,0
2021-06-23 10:41:26,2468.85,0
2021-06-23 10:41:27,2468.7,0
2021-06-23 10:41:30,2468.95,0
2021-06-23 10:41:31,2468.85,0
2021-06-23 10:41:32,2469.15,0
2021-06-23 10:41:39,2468.95,0
2021-06-23 10:41:42,2468.55,0
2021-06-23 10:41:44,2469.1,0
2021-06-23 10:41:46,2468.95,0
2021-06-23 10:41:51,2469.2,0
2021-06-23 10:41:56,2469.3,0
2021-06-23 10:41:58,2469.05,0
2021-06-23 10:42:06,2468.95,0
2021-06-23 10:42:08,2468.7,0
2021-06-23 10:42:10,2468.9,0
2021-06-23 10:42:16,2470.3,0
2021-06-23 10:42:19,2470.4,0
2021-06-23 10:42:21,2470.45,0
2021-06-23 10:42:23,2470.75,0
2021-06-23 10:42:27,2470.15,0
2021-06-23 10:42:54,2471.4,0
2021-06-23 10:43:03,2472.0,0
2021-06-23 10:43:05,2471.45,0
2021-06-23 10:43:07,2471.8,0
2021-06-23 10:43:10,2472.1,0
2021-06-23 10:43:11,2471.9,0
2021-06-23 10:43:16,2471.6,0
2021-06-23 10:43:17,2471.6,0
2021-06-23 10:43:18,2472.4,0
2021-06-23 10:43:21,2471.65,0
2021-06-23 10:43:26,2471.4,0
2021-06-23 10:43:27,2472.1,0
2021-06-23 10:43:28,2472.4,0
2021-06-23 10:43:30,2471.8,0
2021-06-23 10:43:33,2472.35,0
2021-06-23 10:43:34,2472.85,0
2021-06-23 10:43:35,2472.95,0
2021-06-23 10:43:36,2472.75,0
2021-06-23 10:43:38,2473.1,0
2021-06-23 10:43:40,2473.1,0
2021-06-23 10:43:42,2472.85,0
2021-06-23 10:43:48,2472.8,0
2021-06-23 10:43:50,2472.9,0
2021-06-23 10:43:51,2472.7,0
2021-06-23 10:43:52,2472.9,0
2021-06-23 10:43:53,2472.7,0
2021-06-23 10:43:57,2473.65,0
2021-06-23 10:44:11,2473.9,0
2021-06-23 10:44:12,2474.4,0
2021-06-23 10:44:13,2474.1,0
2021-06-23 10:44:15,2473.85,0
2021-06-23 10:44:18,2474.3,0
2021-06-23 10:44:21,2474.1,0
2021-06-23 10:44:23,2474.45,0
2021-06-23 10:44:25,2473.95,0
2021-06-23 10:44:26,2475.05,0
2021-06-23 10:44:28,2475.1,0
2021-06-23 10:44:32,2474.9,0
2021-06-23 10:44:36,2474.8,0
2021-06-23 10:44:38,2475.4,0
2021-06-23 10:44:40,2475.25,0
2021-06-23 10:44:42,2474.95,0
2021-06-23 10:44:43,2475.1,0
2021-06-23 10:44:45,2475.8,0
2021-06-23 10:44:46,2474.65,0
2021-06-23 10:44:48,2475.55,0
2021-06-23 10:44:49,2475.25,0
2021-06-23 10:44:53,2474.6,0
2021-06-23 10:44:55,2475.4,0
2021-06-23 10:44:55,2475.4,0
2021-06-23 10:45:02,2475.1,0
2021-06-23 10:45:03,2475.05,0
2021-06-23 10:45:10,2474.75,0
2021-06-23 10:45:11,2474.55,0
2021-06-23 10:45:13,2475.25,0
2021-06-23 10:45:19,2475.05,0
2021-06-23 10:45:23,2475.6,0
2021-06-23 10:45:25,2475.5,0
2021-06-23 10:45:26,2475.45,0
2021-06-23 10:45:27,2474.95,0
2021-06-23 10:45:28,2475.5,0
2021-06-23 10:45:30,2475.75,0
2021-06-23 10:45:31,2475.55,0
2021-06-23 10:45:33,2475.5,0
2021-06-23 10:45:34,2475.8,0
2021-06-23 10:45:40,2475.7,0
2021-06-23 10:45:42,2475.35,0
2021-06-23 10:45:46,2475.15,0
2021-06-23 10:45:47,2474.9,0
2021-06-23 10:45:51,2474.9,0
2021-06-23 10:45:54,2475.1,0
2021-06-23 10:45:58,2474.05,0
2021-06-23 10:45:58,2474.05,0
2021-06-23 10:46:03,2474.15,0
2021-06-23 10:46:05,2474.95,0
2021-06-23 10:46:07,2475.3,0
2021-06-23 10:46:08,2475.5,0
2021-06-23 10:46:10,2475.1,0
2021-06-23 10:46:18,2475.2,0
2021-06-23 10:46:20,2474.55,0
2021-06-23 10:46:21,2475.15,0
2021-06-23 10:46:23,2475.1,0
2021-06-23 10:46:24,2475.65,0
2021-06-23 10:46:27,2475.2,0
2021-06-23 10:46:31,2475.5,0
2021-06-23 10:46:33,2475.8,0
2021-06-23 10:46:34,2475.8,0
2021-06-23 10:46:36,2475.9,0
2021-06-23 10:46:37,2476.05,0
2021-06-23 10:46:46,2475.5,0
2021-06-23 10:46:47,2474.85,0
2021-06-23 10:46:48,2475.3,0
2021-06-23 10:46:49,2475.4,0
2021-06-23 10:46:53,2475.45,0
2021-06-23 10:46:58,2474.8,0
2021-06-23 10:46:58,2474.8,0
2021-06-23 10:47:01,2475.4,0
2021-06-23 10:47:05,2475.25,0
2021-06-23 10:47:09,2475.85,0
2021-06-23 10:47:12,2476.15,0
2021-06-23 10:47:13,2475.95,0
2021-06-23 10:47:21,2476.3,0
2021-06-23 10:47:22,2475.95,0
2021-06-23 10:47:28,2475.85,0
2021-06-23 10:47:30,2476.0,0
2021-06-23 10:47:34,2476.0,0
2021-06-23 10:47:39,2475.9,0
2021-06-23 10:47:41,2476.35,0
2021-06-23 10:47:43,2476.8,0
2021-06-23 10:47:49,2476.85,0
2021-06-23 10:47:49,2476.85,0
2021-06-23 10:48:06,2476.45,0
2021-06-23 10:48:08,2477.3,0
2021-06-23 10:48:09,2476.7,0
2021-06-23 10:48:12,2476.25,0
2021-06-23 10:48:27,2476.65,0
2021-06-23 10:48:28,2476.7,0
2021-06-23 10:48:31,2476.45,0
2021-06-23 10:48:33,2476.2,0
2021-06-23 10:48:34,2476.95,0
2021-06-23 10:48:39,2477.2,0
2021-06-23 10:48:40,2477.0,0
2021-06-23 10:48:47,2477.05,0
2021-06-23 10:48:50,2477.45,0
2021-06-23 10:48:55,2477.2,0
2021-06-23 10:48:55,2477.2,0
2021-06-23 10:49:04,2477.15,0
2021-06-23 10:49:09,2476.95,0
2021-06-23 10:49:10,2477.05,0
2021-06-23 10:49:11,2476.9,0
2021-06-23 10:49:22,2477.15,0
2021-06-23 10:49:28,2477.35,0
2021-06-23 10:49:29,2477.1,0
2021-06-23 10:49:33,2477.05,0
2021-06-23 10:49:34,2477.4,0
2021-06-23 10:49:35,2477.0,0
2021-06-23 10:49:36,2477.15,0
2021-06-23 10:49:37,2477.25,0
2021-06-23 10:49:39,2477.5,0
2021-06-23 10:49:42,2477.05,0
2021-06-23 10:49:45,2477.3,0
2021-06-23 10:49:45,2477.3,0
2021-06-23 10:50:04,2477.4,0
2021-06-23 10:50:07,2477.55,0
2021-06-23 10:50:13,2477.7,0
2021-06-23 10:50:17,2477.3,0
2021-06-23 10:50:19,2477.75,0
2021-06-23 10:50:20,2478.05,0
2021-06-23 10:50:26,2477.55,0
2021-06-23 10:50:29,2478.3,0
2021-06-23 10:50:31,2478.15,0
2021-06-23 10:50:35,2478.5,0
2021-06-23 10:50:36,2478.55,0
2021-06-23 10:50:41,2478.75,0
2021-06-23 10:50:48,2479.2,0
2021-06-23 10:50:56,2479.4,0
2021-06-23 10:50:56,2479.4,0
2021-06-23 10:51:05,2478.85,0
2021-06-23 10:51:12,2479.6,0
2021-06-23 10:51:13,2479.7,0
2021-06-23 10:51:18,2480.6,0
2021-06-23 10:51:19,2480.4,0
2021-06-23 10:51:24,2480.35,0
2021-06-23 10:51:26,2479.65,0
2021-06-23 10:51:28,2480.55,0
2021-06-23 10:51:35,2481.3,0
2021-06-23 10:51:40,2481.05,0
2021-06-23 10:51:44,2480.85,0
2021-06-23 10:51:51,2481.0,0
2021-06-23 10:51:56,2480.85,0
2021-06-23 10:51:58,2481.2,0
2021-06-23 10:52:00,2481.1,0
2021-06-23 10:52:03,2481.6,0
2021-06-23 10:52:03,2481.6,0
2021-06-23 10:52:06,2481.25,0
2021-06-23 10:52:08,2481.5,0
2021-06-23 10:52:15,2481.45,0
2021-06-23 10:52:23,2479.75,0
2021-06-23 10:52:26,2479.6,0
2021-06-23 10:52:27,2480.0,0
2021-06-23 10:52:30,2480.1,0
2021-06-23 10:52:31,2479.95,0
2021-06-23 10:52:32,2479.7,0
2021-06-23 10:52:35,2480.0,0
2021-06-23 10:52:42,2479.85,0
2021-06-23 10:52:44,2480.25,0
2021-06-23 10:52:47,2479.95,0
2021-06-23 10:52:48,2480.1,0
2021-06-23 10:52:49,2480.15,0
2021-06-23 10:52:51,2480.15,0
2021-06-23 10:53:00,2480.1,0
2021-06-23 10:53:01,2479.9,0
2021-06-23 10:53:02,2479.9,0
2021-06-23 10:53:02,2479.9,0
2021-06-23 10:53:07,2480.9,0
2021-06-23 10:53:08,2480.7,0
2021-06-23 10:53:18,2480.4,0
2021-06-23 10:53:27,2479.8,0
2021-06-23 10:53:35,2480.75,0
2021-06-23 10:53:37,2480.4,0
2021-06-23 10:53:49,2479.6,0
2021-06-23 10:53:50,2479.75,0
2021-06-23 10:53:55,2479.45,0
2021-06-23 10:53:57,2479.6,0
2021-06-23 10:54:00,2479.9,0
2021-06-23 10:54:03,2479.95,0
2021-06-23 10:54:04,2479.5,0
2021-06-23 10:54:04,2479.5,0
2021-06-23 10:54:11,2480.7,0
2021-06-23 10:54:13,2480.75,0
2021-06-23 10:54:14,2481.05,0
2021-06-23 10:54:15,2481.3,0
2021-06-23 10:54:33,2483.5,0
2021-06-23 10:54:34,2483.6,0
2021-06-23 10:54:39,2483.45,0
2021-06-23 10:54:42,2483.4,0
2021-06-23 10:54:44,2483.75,0
2021-06-23 10:54:48,2483.75,0
2021-06-23 10:54:57,2483.2,0
2021-06-23 10:55:02,2483.15,0
2021-06-23 10:55:02,2483.15,0
2021-06-23 10:55:09,2483.85,0
2021-06-23 10:55:10,2484.2,0
2021-06-23 10:55:13,2483.3,0
2021-06-23 10:55:25,2482.65,0
2021-06-23 10:55:26,2482.2,0
2021-06-23 10:55:27,2482.45,0
2021-06-23 10:55:30,2482.35,0
2021-06-23 10:55:38,2482.0,0
2021-06-23 10:55:40,2482.3,0
2021-06-23 10:55:48,2482.4,0
2021-06-23 10:55:53,2482.55,0
2021-06-23 10:55:54,2482.55,0
2021-06-23 10:55:55,2482.75,0
2021-06-23 10:55:56,2482.15,0
2021-06-23 10:55:59,2482.65,0
2021-06-23 10:56:02,2482.2,0
2021-06-23 10:56:07,2482.45,0
2021-06-23 10:56:13,2481.4,0
2021-06-23 10:56:21,2481.95,0
2021-06-23 10:56:24,2481.95,0
2021-06-23 10:56:26,2482.4,0
2021-06-23 10:56:34,2481.65,0
2021-06-23 10:56:37,2481.6,0
2021-06-23 10:56:42,2480.6,0
2021-06-23 10:56:49,2481.55,0
2021-06-23 10:56:50,2481.65,0
2021-06-23 10:56:51,2481.65,0
2021-06-23 10:56:57,2481.3,0
2021-06-23 10:56:59,2481.6,0
2021-06-23 10:57:01,2481.45,0
2021-06-23 10:57:10,2480.7,0
2021-06-23 10:57:12,2480.25,0
2021-06-23 10:57:15,2480.2,0
2021-06-23 10:57:17,2480.6,0
2021-06-23 10:57:31,2482.2,0
2021-06-23 10:57:35,2482.1,0
2021-06-23 10:57:36,2481.8,0
2021-06-23 10:57:37,2481.8,0
2021-06-23 10:57:38,2482.25,0
2021-06-23 10:57:41,2481.8,0
2021-06-23 10:57:43,2481.8,0
2021-06-23 10:57:49,2482.1,0
2021-06-23 10:57:53,2481.75,0
2021-06-23 10:57:56,2481.4,0
2021-06-23 10:57:59,2481.6,0
2021-06-23 10:58:00,2481.8,0
2021-06-23 10:58:05,2482.05,0
2021-06-23 10:58:11,2481.55,0
2021-06-23 10:58:13,2481.0,0
2021-06-23 10:58:16,2480.95,0
2021-06-23 10:58:18,2481.15,0
2021-06-23 10:58:20,2481.35,0
2021-06-23 10:58:21,2481.4,0
2021-06-23 10:58:24,2480.4,0
2021-06-23 10:58:25,2480.35,0
2021-06-23 10:58:30,2481.85,0
2021-06-23 10:58:35,2480.75,0
2021-06-23 10:58:37,2481.6,0
2021-06-23 10:58:45,2480.85,0
2021-06-23 10:58:46,2481.45,0
2021-06-23 10:58:48,2481.3,0
2021-06-23 10:58:49,2481.1,0
2021-06-23 10:58:53,2481.05,0
2021-06-23 10:58:59,2481.0,0
2021-06-23 10:59:04,2481.35,0
2021-06-23 10:59:05,2481.65,0
2021-06-23 10:59:06,2481.6,0
2021-06-23 10:59:07,2481.7,0
2021-06-23 10:59:11,2480.9,0
2021-06-23 10:59:14,2481.45,0
2021-06-23 10:59:14,2481.45,0
2021-06-23 10:59:15,2481.3,0
2021-06-23 10:59:19,2481.1,0
2021-06-23 10:59:25,2481.3,0
2021-06-23 10:59:27,2480.85,0
2021-06-23 10:59:28,2481.25,0
2021-06-23 10:59:32,2481.2,0
2021-06-23 10:59:33,2480.95,0
2021-06-23 10:59:37,2481.35,0
2021-06-23 10:59:38,2481.35,0
2021-06-23 10:59:39,2481.2,0
2021-06-23 10:59:43,2480.95,0
2021-06-23 10:59:44,2480.75,0
2021-06-23 10:59:47,2481.2,0
2021-06-23 10:59:49,2480.55,0
2021-06-23 10:59:51,2481.2,0
2021-06-23 10:59:59,2480.75,0
2021-06-23 11:00:01,2480.4,0
2021-06-23 11:00:04,2481.6,0
2021-06-23 11:00:09,2480.9,0
2021-06-23 11:00:11,2480.9,0
2021-06-23 11:00:11,2480.9,0
2021-06-23 11:00:17,2481.65,0
2021-06-23 11:00:23,2482.9,0
2021-06-23 11:00:28,2482.6,0
2021-06-23 11:00:30,2482.45,0
2021-06-23 11:00:32,2482.55,0
2021-06-23 11:00:40,2482.15,0
2021-06-23 11:00:45,2482.1,0
2021-06-23 11:00:48,2482.8,0
2021-06-23 11:00:50,2482.05,0
2021-06-23 11:00:52,2482.45,0
2021-06-23 11:00:55,2482.0,0
2021-06-23 11:01:09,2481.65,0
2021-06-23 11:01:11,2481.3,0
2021-06-23 11:01:12,2481.1,0
2021-06-23 11:01:12,2481.1,0
2021-06-23 11:01:17,2481.85,0
2021-06-23 11:01:18,2481.5,0
2021-06-23 11:01:21,2481.05,0
2021-06-23 11:01:22,2481.3,0
2021-06-23 11:01:23,2480.6,0
2021-06-23 11:01:25,2480.05,0
2021-06-23 11:01:28,2479.65,0
2021-06-23 11:01:37,2479.2,0
2021-06-23 11:01:38,2479.75,0
2021-06-23 11:01:42,2479.4,0
2021-06-23 11:01:53,2477.15,0
2021-06-23 11:01:54,2477.6,0
2021-06-23 11:02:06,2478.1,0
2021-06-23 11:02:11,2477.55,0
2021-06-23 11:02:15,2478.1,0
2021-06-23 11:02:17,2478.2,0
2021-06-23 11:02:22,2478.0,0
2021-06-23 11:02:23,2478.3,0
2021-06-23 11:02:24,2478.2,0
2021-06-23 11:02:25,2478.15,0
2021-06-23 11:02:27,2477.5,0
2021-06-23 11:02:28,2477.95,0
2021-06-23 11:02:37,2478.75,0
2021-06-23 11:02:39,2478.9,0
2021-06-23 11:02:40,2479.2,0
2021-06-23 11:02:42,2479.05,0
2021-06-23 11:02:43,2479.05,0
2021-06-23 11:02:46,2478.4,0
2021-06-23 11:02:47,2478.65,0
2021-06-23 11:02:48,2478.5,0
2021-06-23 11:02:51,2478.5,0
2021-06-23 11:02:56,2478.25,0
2021-06-23 11:02:57,2478.55,0
2021-06-23 11:03:06,2478.9,0
2021-06-23 11:03:07,2479.15,0
2021-06-23 11:03:12,2478.55,0
2021-06-23 11:03:14,2478.7,0
2021-06-23 11:03:15,2478.65,0
2021-06-23 11:03:15,2478.65,0
2021-06-23 11:03:18,2478.3,0
2021-06-23 11:03:19,2478.55,0
2021-06-23 11:03:22,2478.65,0
2021-06-23 11:03:24,2478.3,0
2021-06-23 11:03:28,2478.3,0
2021-06-23 11:03:30,2478.2,0
2021-06-23 11:03:38,2477.8,0
2021-06-23 11:03:40,2478.8,0
2021-06-23 11:03:47,2478.75,0
2021-06-23 11:03:50,2479.05,0
2021-06-23 11:03:55,2478.95,0
2021-06-23 11:04:02,2478.15,0
2021-06-23 11:04:03,2478.45,0
2021-06-23 11:04:08,2478.85,0
2021-06-23 11:04:09,2478.65,0
2021-06-23 11:04:14,2478.8,0
2021-06-23 11:04:15,2478.8,0
2021-06-23 11:04:17,2477.8,0
2021-06-23 11:04:18,2478.3,0
2021-06-23 11:04:21,2478.15,0
2021-06-23 11:04:22,2478.2,0
2021-06-23 11:04:26,2476.5,0
2021-06-23 11:04:27,2477.45,0
2021-06-23 11:04:37,2477.1,0
2021-06-23 11:04:38,2477.8,0
2021-06-23 11:04:57,2476.95,0
2021-06-23 11:04:59,2476.6,0
2021-06-23 11:05:00,2476.65,0
2021-06-23 11:05:03,2477.0,0
2021-06-23 11:05:04,2476.6,0
2021-06-23 11:05:05,2476.4,0
2021-06-23 11:05:06,2476.85,0
2021-06-23 11:05:10,2476.5,0
2021-06-23 11:05:17,2477.25,0
2021-06-23 11:05:20,2477.8,0
2021-06-23 11:05:23,2478.4,0
2021-06-23 11:05:24,2478.5,0
2021-06-23 11:05:26,2478.65,0
2021-06-23 11:05:27,2478.85,0
2021-06-23 11:05:28,2479.25,0
2021-06-23 11:05:29,2478.8,0
2021-06-23 11:05:30,2479.2,0
2021-06-23 11:05:31,2479.4,0
2021-06-23 11:05:37,2478.8,0
2021-06-23 11:05:39,2478.9,0
2021-06-23 11:05:42,2477.8,0
2021-06-23 11:05:47,2478.35,0
2021-06-23 11:05:52,2477.6,0
2021-06-23 11:05:55,2478.15,0
2021-06-23 11:05:57,2478.6,0
2021-06-23 11:06:02,2478.15,0
2021-06-23 11:06:04,2478.15,0
2021-06-23 11:06:05,2478.45,0
2021-06-23 11:06:10,2478.15,0
2021-06-23 11:06:13,2478.15,0
2021-06-23 11:06:17,2477.95,0
2021-06-23 11:06:23,2479.3,0
2021-06-23 11:06:27,2479.1,0
2021-06-23 11:06:29,2478.7,0
2021-06-23 11:06:35,2479.0,0
2021-06-23 11:06:38,2479.3,0
2021-06-23 11:06:43,2479.7,0
2021-06-23 11:06:49,2479.35,0
2021-06-23 11:06:53,2479.25,0
2021-06-23 11:06:55,2479.6,0
2021-06-23 11:06:58,2479.55,0
2021-06-23 11:06:59,2479.25,0
2021-06-23 11:07:05,2479.55,0
2021-06-23 11:07:06,2479.85,0
2021-06-23 11:07:11,2479.5,0
2021-06-23 11:07:14,2480.25,0
2021-06-23 11:07:17,2479.7,0
2021-06-23 11:07:18,2479.5,0
2021-06-23 11:07:22,2479.6,0
2021-06-23 11:07:23,2480.1,0
2021-06-23 11:07:23,2480.1,0
2021-06-23 11:07:29,2480.8,0
2021-06-23 11:07:33,2480.2,0
2021-06-23 11:07:35,2480.6,0
2021-06-23 11:07:38,2480.35,0
2021-06-23 11:07:46,2480.65,0
2021-06-23 11:07:49,2480.35,0
2021-06-23 11:07:50,2480.75,0
2021-06-23 11:07:51,2480.6,0
2021-06-23 11:07:52,2480.45,0
2021-06-23 11:07:54,2480.35,0
2021-06-23 11:07:56,2480.2,0
2021-06-23 11:07:58,2480.6,0
2021-06-23 11:08:02,2480.65,0
2021-06-23 11:08:03,2480.95,0
2021-06-23 11:08:05,2480.75,0
2021-06-23 11:08:07,2481.85,0
2021-06-23 11:08:08,2481.75,0
2021-06-23 11:08:10,2481.4,0
2021-06-23 11:08:14,2482.35,0
2021-06-23 11:08:19,2481.85,0
2021-06-23 11:08:19,2481.85,0
2021-06-23 11:08:27,2481.85,0
2021-06-23 11:08:28,2481.7,0
2021-06-23 11:08:31,2481.6,0
2021-06-23 11:08:32,2481.45,0
2021-06-23 11:08:34,2481.7,0
2021-06-23 11:08:40,2481.9,0
2021-06-23 11:08:42,2481.8,0
2021-06-23 11:08:47,2481.1,0
2021-06-23 11:08:50,2481.1,0
2021-06-23 11:08:54,2481.0,0
2021-06-23 11:08:55,2481.8,0
2021-06-23 11:09:01,2482.15,0
2021-06-23 11:09:09,2480.8,0
2021-06-23 11:09:11,2480.55,0
2021-06-23 11:09:13,2480.6,0
2021-06-23 11:09:16,2481.3,0
2021-06-23 11:09:17,2481.75,0
2021-06-23 11:09:22,2481.55,0
2021-06-23 11:09:25,2481.8,0
2021-06-23 11:09:25,2481.8,0
2021-06-23 11:09:27,2482.2,0
2021-06-23 11:09:31,2481.7,0
2021-06-23 11:09:33,2481.65,0
2021-06-23 11:09:35,2482.2,0
2021-06-23 11:09:36,2482.25,0
2021-06-23 11:09:39,2481.85,0
2021-06-23 11:09:48,2482.1,0
2021-06-23 11:09:50,2482.15,0
2021-06-23 11:09:54,2481.6,0
2021-06-23 11:09:57,2482.1,0
2021-06-23 11:09:58,2481.6,0
2021-06-23 11:10:02,2482.05,0
2021-06-23 11:10:03,2482.3,0
2021-06-23 11:10:04,2481.75,0
2021-06-23 11:10:05,2481.55,0
2021-06-23 11:10:08,2480.85,0
2021-06-23 11:10:10,2481.25,0
2021-06-23 11:10:12,2481.6,0
2021-06-23 11:10:14,2481.5,0
2021-06-23 11:10:18,2481.3,0
2021-06-23 11:10:21,2481.55,0
2021-06-23 11:10:27,2482.2,0
2021-06-23 11:10:27,2482.2,0
2021-06-23 11:10:30,2482.2,0
2021-06-23 11:10:31,2481.8,0
2021-06-23 11:10:32,2481.95,0
2021-06-23 11:10:45,2481.6,0
2021-06-23 11:10:47,2481.45,0
2021-06-23 11:10:49,2481.85,0
2021-06-23 11:10:52,2481.65,0
2021-06-23 11:10:54,2482.0,0
2021-06-23 11:10:55,2482.0,0
2021-06-23 11:10:56,2482.0,0
2021-06-23 11:10:58,2481.65,0
2021-06-23 11:11:13,2482.0,0
2021-06-23 11:11:20,2481.7,0
2021-06-23 11:11:21,2481.9,0
2021-06-23 11:11:24,2481.95,0
2021-06-23 11:11:27,2482.5,0
2021-06-23 11:11:27,2482.5,0
2021-06-23 11:11:31,2482.9,0
2021-06-23 11:11:42,2483.15,0
2021-06-23 11:11:43,2483.85,0
2021-06-23 11:11:44,2483.15,0
2021-06-23 11:11:45,2483.6,0
2021-06-23 11:11:46,2484.05,0
2021-06-23 11:11:51,2483.3,0
2021-06-23 11:11:53,2483.35,0
2021-06-23 11:11:54,2483.2,0
2021-06-23 11:11:58,2483.1,0
2021-06-23 11:12:00,2481.65,0
2021-06-23 11:12:06,2482.25,0
2021-06-23 11:12:07,2482.2,0
2021-06-23 11:12:09,2482.65,0
2021-06-23 11:12:12,2482.45,0
2021-06-23 11:12:23,2482.55,0
2021-06-23 11:12:24,2482.25,0
2021-06-23 11:12:25,2481.15,0
2021-06-23 11:12:27,2481.75,0
2021-06-23 11:12:30,2481.8,0
2021-06-23 11:12:37,2481.3,0
2021-06-23 11:12:42,2481.5,0
2021-06-23 11:12:44,2481.8,0
2021-06-23 11:12:49,2480.45,0
2021-06-23 11:12:50,2480.95,0
2021-06-23 11:12:54,2480.75,0
2021-06-23 11:12:55,2480.95,0
2021-06-23 11:12:59,2480.0,0
2021-06-23 11:13:02,2479.05,0
2021-06-23 11:13:06,2479.5,0
2021-06-23 11:13:07,2478.45,0
2021-06-23 11:13:08,2478.45,0
2021-06-23 11:13:10,2479.55,0
2021-06-23 11:13:11,2479.4,0
2021-06-23 11:13:14,2479.1,0
2021-06-23 11:13:15,2479.35,0
2021-06-23 11:13:23,2479.7,0
2021-06-23 11:13:27,2479.95,0
2021-06-23 11:13:28,2479.1,0
2021-06-23 11:13:34,2480.3,0
2021-06-23 11:13:34,2480.3,0
2021-06-23 11:13:35,2479.95,0
2021-06-23 11:13:36,2479.95,0
2021-06-23 11:13:46,2479.9,0
2021-06-23 11:13:48,2479.65,0
2021-06-23 11:13:51,2479.35,0
2021-06-23 11:13:55,2479.8,0
2021-06-23 11:14:00,2479.2,0
2021-06-23 11:14:04,2479.05,0
2021-06-23 11:14:07,2478.55,0
2021-06-23 11:14:08,2478.8,0
2021-06-23 11:14:10,2478.95,0
2021-06-23 11:14:11,2479.2,0
2021-06-23 11:14:16,2478.95,0
2021-06-23 11:14:19,2479.3,0
2021-06-23 11:14:27,2478.9,0
2021-06-23 11:14:33,2479.05,0
2021-06-23 11:14:34,2478.9,0
2021-06-23 11:14:34,2478.9,0
2021-06-23 11:14:37,2479.35,0
2021-06-23 11:14:39,2479.2,0
2021-06-23 11:14:41,2479.05,0
2021-06-23 11:14:42,2479.65,0
2021-06-23 11:14:43,2479.15,0
2021-06-23 11:14:46,2479.35,0
2021-06-23 11:14:47,2479.05,0
2021-06-23 11:14:48,2479.35,0
2021-06-23 11:14:49,2479.3,0
2021-06-23 11:14:53,2479.05,0
2021-06-23 11:14:54,2478.35,0
2021-06-23 11:15:06,2478.5,0
2021-06-23 11:15:07,2478.8,0
2021-06-23 11:15:13,2479.2,0
2021-06-23 11:15:14,2479.25,0
2021-06-23 11:15:36,2482.75,0
2021-06-23 11:15:37,2482.9,0
2021-06-23 11:15:46,2484.65,0
2021-06-23 11:15:49,2484.65,0
2021-06-23 11:15:51,2484.25,0
2021-06-23 11:15:54,2483.85,0
2021-06-23 11:15:56,2483.7,0
2021-06-23 11:16:01,2483.95,0
2021-06-23 11:16:05,2484.6,0
2021-06-23 11:16:06,2484.75,0
2021-06-23 11:16:07,2484.0,0
2021-06-23 11:16:10,2484.7,0
2021-06-23 11:16:11,2484.35,0
2021-06-23 11:16:14,2484.6,0
2021-06-23 11:16:16,2484.85,0
2021-06-23 11:16:17,2484.95,0
2021-06-23 11:16:18,2484.5,0
2021-06-23 11:16:19,2484.85,0
2021-06-23 11:16:20,2484.6,0
2021-06-23 11:16:21,2484.45,0
2021-06-23 11:16:23,2484.3,0
2021-06-23 11:16:31,2483.55,0
2021-06-23 11:16:38,2482.75,0
2021-06-23 11:16:38,2482.75,0
2021-06-23 11:16:45,2484.25,0
2021-06-23 11:16:46,2483.8,0
2021-06-23 11:16:52,2483.1,0
2021-06-23 11:16:54,2483.45,0
2021-06-23 11:16:55,2483.75,0
2021-06-23 11:17:10,2483.0,0
2021-06-23 11:17:15,2482.8,0
2021-06-23 11:17:22,2482.55,0
2021-06-23 11:17:25,2481.5,0
2021-06-23 11:17:28,2480.8,0
2021-06-23 11:17:29,2480.8,0
2021-06-23 11:17:31,2480.6,0
2021-06-23 11:17:34,2480.6,0
2021-06-23 11:17:36,2481.2,0
2021-06-23 11:17:38,2481.3,0
2021-06-23 11:17:38,2481.3,0
2021-06-23 11:17:42,2480.2,0
2021-06-23 11:17:43,2480.75,0
2021-06-23 11:17:44,2480.6,0
2021-06-23 11:17:45,2480.25,0
2021-06-23 11:17:46,2480.3,0
2021-06-23 11:17:47,2480.35,0
2021-06-23 11:17:48,2480.55,0
2021-06-23 11:17:55,2482.2,0
2021-06-23 11:17:58,2481.95,0
2021-06-23 11:18:00,2481.8,0
2021-06-23 11:18:02,2481.95,0
2021-06-23 11:18:05,2481.85,0
2021-06-23 11:18:07,2482.1,0
2021-06-23 11:18:09,2481.55,0
2021-06-23 11:18:10,2481.7,0
2021-06-23 11:18:21,2480.7,0
2021-06-23 11:18:25,2481.1,0
2021-06-23 11:18:26,2481.1,0
2021-06-23 11:18:27,2480.95,0
2021-06-23 11:18:28,2480.45,0
2021-06-23 11:18:38,2480.75,0
2021-06-23 11:18:39,2480.2,0
2021-06-23 11:18:42,2479.85,0
2021-06-23 11:18:43,2479.85,0
2021-06-23 11:18:44,2480.2,0
2021-06-23 11:18:45,2480.2,0
2021-06-23 11:18:49,2480.55,0
2021-06-23 11:18:58,2480.15,0
2021-06-23 11:19:00,2480.1,0
2021-06-23 11:19:05,2479.35,0
2021-06-23 11:19:06,2480.25,0
2021-06-23 11:19:10,2479.6,0
2021-06-23 11:19:11,2479.9,0
2021-06-23 11:19:12,2479.85,0
2021-06-23 11:19:13,2480.0,0
2021-06-23 11:19:14,2480.0,0
2021-06-23 11:19:26,2480.35,0
2021-06-23 11:19:30,2480.4,0
2021-06-23 11:19:40,2479.4,0
2021-06-23 11:19:40,2479.4,0
2021-06-23 11:19:46,2479.75,0
2021-06-23 11:19:48,2479.65,0
2021-06-23 11:19:49,2480.3,0
2021-06-23 11:19:50,2479.9,0
2021-06-23 11:19:53,2479.9,0
2021-06-23 11:19:54,2479.95,0
2021-06-23 11:19:55,2479.95,0
2021-06-23 11:19:56,2480.35,0
2021-06-23 11:19:57,2480.35,0
2021-06-23 11:19:59,2479.55,0
2021-06-23 11:20:02,2480.15,0
2021-06-23 11:20:04,2479.8,0
2021-06-23 11:20:05,2479.85,0
2021-06-23 11:20:08,2479.85,0
2021-06-23 11:20:09,2479.3,0
2021-06-23 11:20:11,2479.7,0
2021-06-23 11:20:13,2479.85,0
2021-06-23 11:20:14,2479.7,0
2021-06-23 11:20:15,2479.1,0
2021-06-23 11:20:18,2479.15,0
2021-06-23 11:20:23,2478.95,0
2021-06-23 11:20:29,2479.25,0
2021-06-23 11:20:30,2479.55,0
2021-06-23 11:20:32,2480.1,0
2021-06-23 11:20:39,2479.35,0
2021-06-23 11:20:46,2479.1,0
2021-06-23 11:20:46,2479.1,0
2021-06-23 11:20:49,2480.45,0
2021-06-23 11:20:50,2480.2,0
2021-06-23 11:20:58,2480.5,0
2021-06-23 11:21:01,2480.9,0
2021-06-23 11:21:03,2481.05,0
2021-06-23 11:21:04,2481.0,0
2021-06-23 11:21:07,2482.25,0
2021-06-23 11:21:09,2482.1,0
2021-06-23 11:21:10,2481.35,0
2021-06-23 11:21:13,2482.15,0
2021-06-23 11:21:14,2481.85,0
2021-06-23 11:21:17,2482.55,0
2021-06-23 11:21:22,2481.7,0
2021-06-23 11:21:25,2482.35,0
2021-06-23 11:21:27,2482.2,0
2021-06-23 11:21:28,2482.45,0
2021-06-23 11:21:31,2482.25,0
2021-06-23 11:21:35,2481.05,0
2021-06-23 11:21:42,2481.2,0
2021-06-23 11:21:44,2481.7,0
2021-06-23 11:21:45,2481.6,0
2021-06-23 11:21:45,2481.6,0
2021-06-23 11:21:48,2481.4,0
2021-06-23 11:21:52,2481.7,0
2021-06-23 11:21:59,2481.8,0
2021-06-23 11:22:02,2481.45,0
2021-06-23 11:22:05,2481.35,0
2021-06-23 11:22:07,2480.4,0
2021-06-23 11:22:09,2481.65,0
2021-06-23 11:22:11,2481.55,0
2021-06-23 11:22:14,2481.6,0
2021-06-23 11:22:15,2481.3,0
2021-06-23 11:22:17,2481.55,0
2021-06-23 11:22:19,2481.85,0
2021-06-23 11:22:20,2480.85,0
2021-06-23 11:22:23,2481.8,0
2021-06-23 11:22:25,2482.35,0
2021-06-23 11:22:26,2482.05,0
2021-06-23 11:22:27,2482.35,0
2021-06-23 11:22:32,2482.25,0
2021-06-23 11:22:38,2481.75,0
2021-06-23 11:22:41,2481.65,0
2021-06-23 11:22:42,2481.5,0
2021-06-23 11:22:47,2481.6,0
2021-06-23 11:22:47,2481.6,0
2021-06-23 11:22:49,2481.5,0
2021-06-23 11:22:51,2482.4,0
2021-06-23 11:22:58,2481.45,0
2021-06-23 11:23:03,2481.5,0
2021-06-23 11:23:04,2481.25,0
2021-06-23 11:23:06,2481.0,0
2021-06-23 11:23:07,2480.65,0
2021-06-23 11:23:09,2481.25,0
2021-06-23 11:23:11,2481.5,0
2021-06-23 11:23:13,2481.1,0
2021-06-23 11:23:18,2481.7,0
2021-06-23 11:23:19,2481.75,0
2021-06-23 11:23:20,2481.75,0
2021-06-23 11:23:21,2481.6,0
2021-06-23 11:23:23,2481.0,0
2021-06-23 11:23:24,2480.7,0
2021-06-23 11:23:27,2481.35,0
2021-06-23 11:23:28,2481.65,0
2021-06-23 11:23:34,2480.9,0
2021-06-23 11:23:42,2480.95,0
2021-06-23 11:23:42,2480.95,0
2021-06-23 11:23:53,2481.55,0
2021-06-23 11:23:54,2481.4,0
2021-06-23 11:23:59,2481.3,0
2021-06-23 11:24:00,2481.2,0
2021-06-23 11:24:04,2481.15,0
2021-06-23 11:24:05,2481.15,0
2021-06-23 11:24:09,2481.05,0
2021-06-23 11:24:13,2480.9,0
2021-06-23 11:24:18,2480.95,0
2021-06-23 11:24:22,2481.55,0
2021-06-23 11:24:24,2481.15,0
2021-06-23 11:24:28,2480.9,0
2021-06-23 11:24:29,2480.9,0
2021-06-23 11:24:30,2480.85,0
2021-06-23 11:24:33,2480.95,0
2021-06-23 11:24:35,2481.1,0
2021-06-23 11:24:36,2481.25,0
2021-06-23 11:24:40,2480.45,0
2021-06-23 11:24:43,2480.35,0
2021-06-23 11:24:46,2480.85,0
2021-06-23 11:24:47,2480.85,0
2021-06-23 11:24:49,2480.2,0
2021-06-23 11:24:49,2480.2,0
2021-06-23 11:24:52,2480.8,0
2021-06-23 11:24:54,2480.65,0
2021-06-23 11:24:57,2481.0,0
2021-06-23 11:24:58,2481.15,0
2021-06-23 11:25:01,2480.7,0
2021-06-23 11:25:03,2480.25,0
2021-06-23 11:25:09,2481.15,0
2021-06-23 11:25:10,2481.25,0
2021-06-23 11:25:12,2481.05,0
2021-06-23 11:25:15,2481.45,0
2021-06-23 11:25:20,2481.7,0
2021-06-23 11:25:27,2483.1,0
2021-06-23 11:25:31,2484.2,0
2021-06-23 11:25:32,2484.25,0
2021-06-23 11:25:38,2483.9,0
2021-06-23 11:25:42,2484.75,0
2021-06-23 11:25:45,2485.05,0
2021-06-23 11:25:46,2485.25,0
2021-06-23 11:25:46,2485.25,0
2021-06-23 11:25:54,2485.65,0
2021-06-23 11:25:56,2485.45,0
2021-06-23 11:25:57,2485.65,0
2021-06-23 11:26:01,2486.45,0
2021-06-23 11:26:02,2486.6,0
2021-06-23 11:26:04,2486.75,0
2021-06-23 11:26:05,2487.15,0
2021-06-23 11:26:06,2487.3,0
2021-06-23 11:26:09,2487.0,0
2021-06-23 11:26:12,2487.65,0
2021-06-23 11:26:13,2487.15,0
2021-06-23 11:26:15,2487.45,0
2021-06-23 11:26:21,2488.05,0
2021-06-23 11:26:22,2488.05,0
2021-06-23 11:26:25,2487.7,0
2021-06-23 11:26:26,2487.45,0
2021-06-23 11:26:27,2487.65,0
2021-06-23 11:26:28,2487.85,0
2021-06-23 11:26:30,2487.25,0
2021-06-23 11:26:32,2487.2,0
2021-06-23 11:26:35,2487.65,0
2021-06-23 11:26:39,2487.65,0
2021-06-23 11:26:42,2487.3,0
2021-06-23 11:26:44,2487.55,0
2021-06-23 11:26:48,2487.15,0
2021-06-23 11:26:52,2487.5,0
2021-06-23 11:26:54,2486.95,0
2021-06-23 11:26:57,2487.65,0
2021-06-23 11:26:58,2487.45,0
2021-06-23 11:27:04,2487.6,0
2021-06-23 11:27:05,2487.65,0
2021-06-23 11:27:07,2488.3,0
2021-06-23 11:27:09,2488.05,0
2021-06-23 11:27:11,2488.3,0
2021-06-23 11:27:15,2488.95,0
2021-06-23 11:27:16,2488.6,0
2021-06-23 11:27:17,2488.5,0
2021-06-23 11:27:19,2489.55,0
2021-06-23 11:27:24,2489.85,0
2021-06-23 11:27:26,2490.1,0
2021-06-23 11:27:28,2490.55,0
2021-06-23 11:27:29,2490.75,0
2021-06-23 11:27:30,2490.65,0
2021-06-23 11:27:36,2491.45,0
2021-06-23 11:27:41,2490.4,0
2021-06-23 11:27:51,2490.55,0
2021-06-23 11:27:55,2491.35,0
2021-06-23 11:27:55,2491.35,0
2021-06-23 11:28:02,2491.45,0
2021-06-23 11:28:03,2491.25,0
2021-06-23 11:28:07,2490.95,0
2021-06-23 11:28:11,2491.3,0
2021-06-23 11:28:16,2490.0,0
2021-06-23 11:28:18,2489.9,0
2021-06-23 11:28:20,2489.6,0
2021-06-23 11:28:23,2490.0,0
2021-06-23 11:28:27,2489.75,0
2021-06-23 11:28:34,2489.15,0
2021-06-23 11:28:37,2489.4,0
2021-06-23 11:28:41,2489.3,0
2021-06-23 11:28:45,2489.1,0
2021-06-23 11:28:46,2489.15,0
2021-06-23 11:28:48,2488.95,0
2021-06-23 11:28:52,2489.0,0
2021-06-23 11:28:53,2489.2,0
2021-06-23 11:28:57,2488.1,0
2021-06-23 11:28:57,2488.1,0
2021-06-23 11:29:02,2488.85,0
2021-06-23 11:29:07,2489.7,0
2021-06-23 11:29:13,2490.7,0
2021-06-23 11:29:14,2491.1,0
2021-06-23 11:29:17,2491.65,0
2021-06-23 11:29:19,2491.45,0
2021-06-23 11:29:20,2492.05,0
2021-06-23 11:29:26,2492.05,0
2021-06-23 11:29:27,2492.55,0
2021-06-23 11:29:28,2491.6,0
2021-06-23 11:29:33,2491.85,0
2021-06-23 11:29:40,2493.0,0
2021-06-23 11:29:41,2493.1,0
2021-06-23 11:29:42,2493.45,0
2021-06-23 11:29:49,2493.25,0
2021-06-23 11:29:52,2493.1,0
2021-06-23 11:29:53,2493.65,0
2021-06-23 11:29:55,2493.85,0
2021-06-23 11:29:57,2493.7,0
2021-06-23 11:29:58,2493.6,0
2021-06-23 11:29:59,2493.25,0
2021-06-23 11:30:01,2493.95,0
2021-06-23 11:30:02,2494.05,0
2021-06-23 11:30:04,2493.9,0
2021-06-23 11:30:11,2494.6,0
2021-06-23 11:30:14,2494.8,0
2021-06-23 11:30:16,2495.05,0
2021-06-23 11:30:17,2495.5,0
2021-06-23 11:30:18,2495.5,0
2021-06-23 11:30:20,2495.5,0
2021-06-23 11:30:26,2494.95,0
2021-06-23 11:30:27,2495.0,0
2021-06-23 11:30:32,2495.75,0
2021-06-23 11:30:35,2496.8,0
2021-06-23 11:30:40,2496.0,0
2021-06-23 11:30:41,2496.3,0
2021-06-23 11:30:47,2496.25,0
2021-06-23 11:30:50,2497.05,0
2021-06-23 11:30:51,2496.75,0
2021-06-23 11:30:52,2496.95,0
2021-06-23 11:30:55,2497.3,0
2021-06-23 11:30:55,2497.3,0
2021-06-23 11:31:01,2496.95,0
2021-06-23 11:31:02,2497.9,0
2021-06-23 11:31:07,2497.95,0
2021-06-23 11:31:10,2497.9,0
2021-06-23 11:31:11,2497.55,0
2021-06-23 11:31:14,2497.0,0
2021-06-23 11:31:23,2496.85,0
2021-06-23 11:31:27,2497.3,0
2021-06-23 11:31:35,2497.55,0
2021-06-23 11:31:38,2496.85,0
2021-06-23 11:31:39,2497.1,0
2021-06-23 11:31:40,2497.85,0
2021-06-23 11:31:43,2497.55,0
2021-06-23 11:31:45,2497.5,0
2021-06-23 11:31:52,2498.3,0
2021-06-23 11:31:58,2498.15,0
2021-06-23 11:31:59,2498.0,0
2021-06-23 11:32:02,2498.4,0
2021-06-23 11:32:06,2497.9,0
2021-06-23 11:32:21,2497.2,0
2021-06-23 11:32:27,2496.65,0
2021-06-23 11:32:28,2496.25,0
2021-06-23 11:32:33,2497.35,0
2021-06-23 11:32:39,2497.8,0
2021-06-23 11:32:40,2498.15,0
2021-06-23 11:32:41,2497.6,0
2021-06-23 11:32:42,2497.8,0
2021-06-23 11:32:47,2499.0,0
2021-06-23 11:32:48,2498.45,0
2021-06-23 11:32:49,2499.2,0
2021-06-23 11:32:50,2498.45,0
2021-06-23 11:32:55,2498.25,0
2021-06-23 11:32:56,2498.35,0
2021-06-23 11:32:56,2498.35,0
2021-06-23 11:33:01,2497.9,0
2021-06-23 11:33:10,2498.7,0
2021-06-23 11:33:12,2498.4,0
2021-06-23 11:33:23,2496.15,0
2021-06-23 11:33:24,2496.05,0
2021-06-23 11:33:29,2494.8,0
2021-06-23 11:33:37,2495.85,0
2021-06-23 11:33:38,2495.35,0
2021-06-23 11:33:44,2495.35,0
2021-06-23 11:33:45,2495.85,0
2021-06-23 11:33:46,2495.95,0
2021-06-23 11:33:47,2495.55,0
2021-06-23 11:33:49,2496.2,0
2021-06-23 11:33:52,2496.4,0
2021-06-23 11:33:53,2495.9,0
2021-06-23 11:33:57,2496.45,0
2021-06-23 11:34:00,2495.85,0
2021-06-23 11:34:06,2496.6,0
2021-06-23 11:34:12,2497.95,0
2021-06-23 11:34:14,2498.45,0
2021-06-23 11:34:24,2497.9,0
2021-06-23 11:34:27,2498.2,0
2021-06-23 11:34:28,2498.65,0
2021-06-23 11:34:30,2498.6,0
2021-06-23 11:34:37,2499.15,0
2021-06-23 11:34:38,2499.1,0
2021-06-23 11:34:50,2499.8,0
2021-06-23 11:34:54,2500.15,0
2021-06-23 11:34:56,2500.35,0
2021-06-23 11:34:56,2500.35,0
2021-06-23 11:35:04,2500.4,0
2021-06-23 11:35:08,2501.3,0
2021-06-23 11:35:09,2502.1,0
2021-06-23 11:35:13,2501.7,0
2021-06-23 11:35:20,2501.55,0
2021-06-23 11:35:25,2501.75,0
2021-06-23 11:35:28,2501.15,0
2021-06-23 11:35:29,2501.15,0
2021-06-23 11:35:40,2500.5,0
2021-06-23 11:35:41,2500.3,0
2021-06-23 11:35:43,2500.7,0
2021-06-23 11:35:46,2500.3,0
2021-06-23 11:35:48,2500.1,0
2021-06-23 11:35:50,2500.0,0
2021-06-23 11:35:55,2500.3,0
2021-06-23 11:35:56,2500.45,0
2021-06-23 11:35:56,2500.45,0
2021-06-23 11:36:08,2500.05,0
2021-06-23 11:36:12,2500.05,0
2021-06-23 11:36:18,2501.15,0
2021-06-23 11:36:23,2500.4,0
2021-06-23 11:36:24,2500.8,0
2021-06-23 11:36:34,2501.1,0
2021-06-23 11:36:36,2500.8,0
2021-06-23 11:36:37,2500.45,0
2021-06-23 11:36:40,2500.15,0
2021-06-23 11:36:44,2500.45,0
2021-06-23 11:36:56,2498.95,0
2021-06-23 11:36:57,2498.5,0
2021-06-23 11:36:59,2498.55,0
2021-06-23 11:37:02,2497.75,0
2021-06-23 11:37:04,2497.5,0
2021-06-23 11:37:13,2497.7,0
2021-06-23 11:37:15,2496.95,0
2021-06-23 11:37:21,2497.8,0
2021-06-23 11:37:23,2497.3,0
2021-06-23 11:37:26,2497.45,0
2021-06-23 11:37:35,2497.15,0
2021-06-23 11:37:38,2497.8,0
2021-06-23 11:37:45,2497.55,0
2021-06-23 11:37:46,2497.75,0
2021-06-23 11:37:47,2497.2,0
2021-06-23 11:37:49,2496.95,0
2021-06-23 11:37:55,2496.85,0
2021-06-23 11:37:58,2496.95,0
2021-06-23 11:37:59,2497.1,0
2021-06-23 11:38:01,2497.5,0
2021-06-23 11:38:01,2497.5,0
2021-06-23 11:38:11,2497.75,0
2021-06-23 11:38:14,2498.15,0
2021-06-23 11:38:23,2498.5,0
2021-06-23 11:38:30,2499.25,0
2021-06-23 11:38:32,2498.45,0
2021-06-23 11:38:35,2498.9,0
2021-06-23 11:38:36,2499.15,0
2021-06-23 11:38:40,2498.8,0
2021-06-23 11:38:42,2498.5,0
2021-06-23 11:38:49,2499.0,0
2021-06-23 11:38:54,2498.6,0
2021-06-23 11:38:59,2498.15,0
2021-06-23 11:39:00,2498.4,0
2021-06-23 11:39:02,2498.85,0
2021-06-23 11:39:04,2498.35,0
2021-06-23 11:39:07,2498.9,0
2021-06-23 11:39:07,2498.9,0
2021-06-23 11:39:15,2499.05,0
2021-06-23 11:39:17,2498.5,0
2021-06-23 11:39:18,2499.05,0
2021-06-23 11:39:23,2498.8,0
2021-06-23 11:39:24,2499.2,0
2021-06-23 11:39:29,2499.15,0
2021-06-23 11:39:30,2499.3,0
2021-06-23 11:39:31,2498.55,0
2021-06-23 11:39:33,2498.95,0
2021-06-23 11:39:35,2498.9,0
2021-06-23 11:39:36,2498.9,0
2021-06-23 11:39:38,2498.75,0
2021-06-23 11:39:43,2499.0,0
2021-06-23 11:39:45,2498.65,0
2021-06-23 11:39:53,2498.4,0
2021-06-23 11:39:55,2498.75,0
2021-06-23 11:39:57,2498.7,0
2021-06-23 11:39:58,2498.55,0
2021-06-23 11:40:00,2499.2,0
2021-06-23 11:40:08,2497.85,0
2021-06-23 11:40:09,2497.85,0
2021-06-23 11:40:10,2497.9,0
2021-06-23 11:40:14,2497.65,0
2021-06-23 11:40:23,2496.45,0
2021-06-23 11:40:25,2496.85,0
2021-06-23 11:40:30,2496.6,0
2021-06-23 11:40:31,2496.6,0
2021-06-23 11:40:34,2496.8,0
2021-06-23 11:40:38,2496.55,0
2021-06-23 11:40:41,2496.35,0
2021-06-23 11:40:47,2496.85,0
2021-06-23 11:40:48,2496.7,0
2021-06-23 11:40:49,2497.15,0
2021-06-23 11:40:53,2496.65,0
2021-06-23 11:40:54,2496.4,0
2021-06-23 11:40:59,2495.8,0
2021-06-23 11:41:04,2495.75,0
2021-06-23 11:41:07,2495.25,0
2021-06-23 11:41:12,2495.3,0
2021-06-23 11:41:13,2495.15,0
2021-06-23 11:41:14,2494.85,0
2021-06-23 11:41:17,2495.55,0
2021-06-23 11:41:18,2495.7,0
2021-06-23 11:41:18,2495.7,0
2021-06-23 11:41:29,2494.6,0
2021-06-23 11:41:31,2494.7,0
2021-06-23 11:41:33,2494.15,0
2021-06-23 11:41:37,2494.2,0
2021-06-23 11:41:38,2494.4,0
2021-06-23 11:41:39,2494.6,0
2021-06-23 11:41:41,2494.55,0
2021-06-23 11:41:43,2494.3,0
2021-06-23 11:41:44,2493.95,0
2021-06-23 11:41:46,2494.2,0
2021-06-23 11:41:54,2494.1,0
2021-06-23 11:42:10,2494.4,0
2021-06-23 11:42:13,2493.85,0
2021-06-23 11:42:17,2493.25,0
2021-06-23 11:42:21,2493.5,0
2021-06-23 11:42:24,2493.7,0
2021-06-23 11:42:25,2493.55,0
2021-06-23 11:42:33,2494.05,0
2021-06-23 11:42:34,2494.6,0
2021-06-23 11:42:35,2494.9,0
2021-06-23 11:42:38,2494.7,0
2021-06-23 11:42:41,2494.15,0
2021-06-23 11:42:44,2494.65,0
2021-06-23 11:42:55,2495.6,0
2021-06-23 11:42:59,2494.7,0
2021-06-23 11:43:05,2494.8,0
2021-06-23 11:43:10,2494.95,0
2021-06-23 11:43:11,2495.1,0
2021-06-23 11:43:15,2496.35,0
2021-06-23 11:43:23,2496.85,0
2021-06-23 11:43:23,2496.85,0
2021-06-23 11:43:24,2496.85,0
2021-06-23 11:43:29,2497.2,0
2021-06-23 11:43:30,2497.4,0
2021-06-23 11:43:37,2497.0,0
2021-06-23 11:43:38,2497.3,0
2021-06-23 11:43:39,2497.55,0
2021-06-23 11:43:40,2498.35,0
2021-06-23 11:43:47,2498.3,0
2021-06-23 11:43:48,2498.85,0
2021-06-23 11:43:52,2498.2,0
2021-06-23 11:43:57,2498.5,0
2021-06-23 11:44:00,2499.2,0
2021-06-23 11:44:02,2498.4,0
2021-06-23 11:44:03,2498.1,0
2021-06-23 11:44:06,2498.15,0
2021-06-23 11:44:15,2498.8,0
2021-06-23 11:44:18,2498.7,0
2021-06-23 11:44:18,2498.7,0
2021-06-23 11:44:27,2499.1,0
2021-06-23 11:44:32,2499.45,0
2021-06-23 11:44:34,2499.2,0
2021-06-23 11:44:37,2499.5,0
2021-06-23 11:44:47,2498.5,0
2021-06-23 11:44:49,2498.6,0
2021-06-23 11:44:51,2498.3,0
2021-06-23 11:44:53,2498.15,0
2021-06-23 11:44:57,2497.85,0
2021-06-23 11:45:02,2497.75,0
2021-06-23 11:45:03,2498.0,0
2021-06-23 11:45:09,2497.65,0
2021-06-23 11:45:13,2498.8,0
2021-06-23 11:45:18,2497.3,0
2021-06-23 11:45:20,2497.55,0
2021-06-23 11:45:20,2497.55,0
2021-06-23 11:45:27,2497.55,0
2021-06-23 11:45:28,2498.15,0
2021-06-23 11:45:34,2498.5,0
2021-06-23 11:45:37,2498.35,0
2021-06-23 11:45:39,2498.25,0
2021-06-23 11:45:40,2497.85,0
2021-06-23 11:45:41,2497.75,0
2021-06-23 11:45:44,2498.1,0
2021-06-23 11:45:50,2497.5,0
2021-06-23 11:45:52,2497.3,0
2021-06-23 11:45:54,2497.7,0
2021-06-23 11:45:55,2497.9,0
2021-06-23 11:45:58,2497.8,0
2021-06-23 11:45:59,2497.8,0
2021-06-23 11:46:01,2498.0,0
2021-06-23 11:46:02,2498.55,0
2021-06-23 11:46:08,2497.1,0
2021-06-23 11:46:09,2496.95,0
2021-06-23 11:46:13,2497.6,0
2021-06-23 11:46:15,2497.55,0
2021-06-23 11:46:17,2497.0,0
2021-06-23 11:46:23,2497.0,0
2021-06-23 11:46:26,2496.9,0
2021-06-23 11:46:31,2497.35,0
2021-06-23 11:46:34,2497.35,0
2021-06-23 11:46:35,2496.75,0
2021-06-23 11:46:36,2496.7,0
2021-06-23 11:46:40,2497.1,0
2021-06-23 11:46:43,2497.35,0
2021-06-23 11:46:46,2496.5,0
2021-06-23 11:46:48,2497.3,0
2021-06-23 11:46:50,2496.6,0
2021-06-23 11:46:52,2497.25,0
2021-06-23 11:46:54,2497.15,0
2021-06-23 11:46:59,2497.25,0
2021-06-23 11:47:01,2498.0,0
2021-06-23 11:47:07,2497.15,0
2021-06-23 11:47:11,2497.85,0
2021-06-23 11:47:13,2497.65,0
2021-06-23 11:47:18,2497.55,0
2021-06-23 11:47:19,2496.75,0
2021-06-23 11:47:24,2496.65,0
2021-06-23 11:47:27,2496.95,0
2021-06-23 11:47:29,2496.0,0
2021-06-23 11:47:32,2496.05,0
2021-06-23 11:47:41,2495.85,0
2021-06-23 11:47:40,2495.95,0
2021-06-23 11:47:45,2495.45,0
2021-06-23 11:47:47,2495.45,0
2021-06-23 11:47:48,2496.05,0
2021-06-23 11:47:55,2495.75,0
2021-06-23 11:47:56,2495.0,0
2021-06-23 11:47:59,2495.1,0
2021-06-23 11:48:00,2495.45,0
2021-06-23 11:48:01,2495.25,0
2021-06-23 11:48:03,2494.95,0
2021-06-23 11:48:06,2495.25,0
2021-06-23 11:48:09,2495.25,0
2021-06-23 11:48:15,2494.7,0
2021-06-23 11:48:17,2495.4,0
2021-06-23 11:48:18,2494.85,0
2021-06-23 11:48:21,2495.05,0
2021-06-23 11:48:24,2494.85,0
2021-06-23 11:48:26,2494.85,0
2021-06-23 11:48:28,2494.95,0
2021-06-23 11:48:28,2494.95,0
2021-06-23 11:48:36,2494.15,0
2021-06-23 11:48:39,2493.8,0
2021-06-23 11:48:40,2493.55,0
2021-06-23 11:48:44,2494.95,0
2021-06-23 11:48:46,2494.8,0
2021-06-23 11:48:51,2494.65,0
2021-06-23 11:48:53,2494.5,0
2021-06-23 11:48:57,2495.05,0
2021-06-23 11:48:59,2494.2,0
2021-06-23 11:49:03,2494.7,0
2021-06-23 11:49:04,2494.7,0
2021-06-23 11:49:06,2494.8,0
2021-06-23 11:49:08,2495.15,0
2021-06-23 11:49:10,2494.7,0
2021-06-23 11:49:19,2495.15,0
2021-06-23 11:49:20,2494.65,0
2021-06-23 11:49:21,2494.5,0
2021-06-23 11:49:24,2494.6,0
2021-06-23 11:49:24,2494.6,0
2021-06-23 11:49:31,2494.55,0
2021-06-23 11:49:35,2494.25,0
2021-06-23 11:49:43,2494.0,0
2021-06-23 11:49:45,2494.9,0
2021-06-23 11:49:48,2494.65,0
2021-06-23 11:49:54,2494.8,0
2021-06-23 11:49:55,2493.95,0
2021-06-23 11:49:56,2494.25,0
2021-06-23 11:50:11,2493.95,0
2021-06-23 11:50:13,2493.55,0
2021-06-23 11:50:16,2493.9,0
2021-06-23 11:50:18,2494.0,0
2021-06-23 11:50:27,2494.75,0
2021-06-23 11:50:28,2495.15,0
2021-06-23 11:50:28,2495.15,0
2021-06-23 11:50:31,2495.3,0
2021-06-23 11:50:34,2496.0,0
2021-06-23 11:50:35,2495.4,0
2021-06-23 11:50:36,2495.65,0
2021-06-23 11:50:38,2495.95,0
2021-06-23 11:50:42,2496.2,0
2021-06-23 11:50:45,2496.05,0
2021-06-23 11:50:47,2496.3,0
2021-06-23 11:50:51,2496.2,0
2021-06-23 11:50:58,2496.1,0
2021-06-23 11:50:59,2495.55,0
2021-06-23 11:51:00,2495.45,0
2021-06-23 11:51:02,2495.85,0
2021-06-23 11:51:03,2496.35,0
2021-06-23 11:51:15,2496.2,0
2021-06-23 11:51:21,2495.85,0
2021-06-23 11:51:25,2495.05,0
2021-06-23 11:51:29,2494.8,0
2021-06-23 11:51:29,2494.8,0
2021-06-23 11:51:33,2495.45,0
2021-06-23 11:51:40,2495.05,0
2021-06-23 11:51:47,2495.85,0
2021-06-23 11:51:51,2494.8,0
2021-06-23 11:51:56,2495.4,0
2021-06-23 11:51:57,2495.0,0
2021-06-23 11:52:02,2495.7,0
2021-06-23 11:52:05,2495.75,0
2021-06-23 11:52:08,2495.55,0
2021-06-23 11:52:10,2495.2,0
2021-06-23 11:52:25,2495.4,0
2021-06-23 11:52:26,2495.4,0
2021-06-23 11:52:29,2495.2,0
2021-06-23 11:52:29,2495.2,0
2021-06-23 11:52:36,2495.35,0
2021-06-23 11:52:37,2495.25,0
2021-06-23 11:52:38,2494.55,0
2021-06-23 11:52:40,2494.3,0
2021-06-23 11:52:42,2494.2,0
2021-06-23 11:52:43,2494.05,0
2021-06-23 11:52:45,2493.35,0
2021-06-23 11:52:50,2493.95,0
2021-06-23 11:52:52,2493.75,0
2021-06-23 11:52:53,2494.2,0
2021-06-23 11:52:55,2494.35,0
2021-06-23 11:52:56,2495.0,0
2021-06-23 11:52:59,2494.2,0
2021-06-23 11:53:04,2494.65,0
2021-06-23 11:53:12,2494.35,0
2021-06-23 11:53:30,2496.5,0
2021-06-23 11:53:32,2496.0,0
2021-06-23 11:53:34,2496.6,0
2021-06-23 11:53:37,2496.0,0
2021-06-23 11:53:48,2496.5,0
2021-06-23 11:53:53,2496.25,0
2021-06-23 11:53:55,2496.6,0
2021-06-23 11:53:57,2496.65,0
2021-06-23 11:54:19,2495.75,0
2021-06-23 11:54:23,2497.1,0
2021-06-23 11:54:24,2496.8,0
2021-06-23 11:54:29,2497.0,0
2021-06-23 11:54:28,2497.45,0
2021-06-23 11:54:32,2496.95,0
2021-06-23 11:54:37,2496.95,0
2021-06-23 11:54:39,2496.85,0
2021-06-23 11:54:42,2497.55,0
2021-06-23 11:54:43,2496.7,0
2021-06-23 11:54:48,2496.95,0
2021-06-23 11:54:49,2496.85,0
2021-06-23 11:55:01,2497.7,0
2021-06-23 11:55:04,2497.05,0
2021-06-23 11:55:05,2496.75,0
2021-06-23 11:55:08,2496.95,0
2021-06-23 11:55:09,2497.55,0
2021-06-23 11:55:10,2496.9,0
2021-06-23 11:55:11,2496.95,0
2021-06-23 11:55:14,2497.55,0
2021-06-23 11:55:15,2497.3,0
2021-06-23 11:55:17,2497.5,0
2021-06-23 11:55:19,2497.3,0
2021-06-23 11:55:24,2496.95,0
2021-06-23 11:55:25,2496.95,0
2021-06-23 11:55:33,2497.0,0
2021-06-23 11:55:34,2497.15,0
2021-06-23 11:55:36,2496.75,0
2021-06-23 11:55:37,2497.5,0
2021-06-23 11:55:38,2497.3,0
2021-06-23 11:55:43,2496.65,0
2021-06-23 11:55:50,2496.4,0
2021-06-23 11:55:51,2496.5,0
2021-06-23 11:55:54,2497.15,0
2021-06-23 11:55:55,2496.45,0
2021-06-23 11:55:56,2496.4,0
2021-06-23 11:55:58,2496.85,0
2021-06-23 11:55:59,2497.2,0
2021-06-23 11:56:00,2496.25,0
2021-06-23 11:56:02,2496.25,0
2021-06-23 11:56:04,2496.6,0
2021-06-23 11:56:05,2496.7,0
2021-06-23 11:56:06,2496.9,0
2021-06-23 11:56:08,2496.25,0
2021-06-23 11:56:16,2496.0,0
2021-06-23 11:56:17,2496.2,0
2021-06-23 11:56:18,2495.55,0
2021-06-23 11:56:21,2495.3,0
2021-06-23 11:56:28,2494.65,0
2021-06-23 11:56:29,2495.35,0
2021-06-23 11:56:30,2494.7,0
2021-06-23 11:56:35,2494.7,0
2021-06-23 11:56:36,2495.25,0
2021-06-23 11:56:36,2495.25,0
2021-06-23 11:56:44,2494.65,0
2021-06-23 11:56:51,2494.7,0
2021-06-23 11:56:52,2494.45,0
2021-06-23 11:56:58,2494.4,0
2021-06-23 11:57:04,2494.7,0
2021-06-23 11:57:06,2494.4,0
2021-06-23 11:57:07,2494.2,0
2021-06-23 11:57:13,2494.75,0
2021-06-23 11:57:14,2495.4,0
2021-06-23 11:57:16,2494.4,0
2021-06-23 11:57:20,2494.95,0
2021-06-23 11:57:33,2495.5,0
2021-06-23 11:57:34,2495.5,0
2021-06-23 11:57:38,2495.1,0
2021-06-23 11:57:39,2495.45,0
2021-06-23 11:57:42,2495.9,0
2021-06-23 11:57:44,2496.2,0
2021-06-23 11:57:50,2495.1,0
2021-06-23 11:57:55,2495.0,0
2021-06-23 11:57:56,2495.4,0
2021-06-23 11:57:58,2495.7,0
2021-06-23 11:57:59,2495.5,0
2021-06-23 11:58:04,2494.8,0
2021-06-23 11:58:05,2495.65,0
2021-06-23 11:58:07,2495.65,0
2021-06-23 11:58:10,2495.55,0
2021-06-23 11:58:12,2495.25,0
2021-06-23 11:58:13,2495.0,0
2021-06-23 11:58:15,2495.5,0
2021-06-23 11:58:20,2494.75,0
2021-06-23 11:58:28,2493.4,0
2021-06-23 11:58:34,2493.05,0
2021-06-23 11:58:35,2493.6,0
2021-06-23 11:58:36,2493.3,0
2021-06-23 11:58:37,2493.55,0
2021-06-23 11:58:43,2492.75,0
2021-06-23 11:58:49,2491.95,0
2021-06-23 11:58:49,2491.95,0
2021-06-23 11:58:55,2491.7,0
2021-06-23 11:59:01,2491.95,0
2021-06-23 11:59:02,2491.25,0
2021-06-23 11:59:11,2491.5,0
2021-06-23 11:59:14,2491.45,0
2021-06-23 11:59:25,2490.75,0
2021-06-23 11:59:26,2490.55,0
2021-06-23 11:59:30,2490.6,0
2021-06-23 11:59:36,2489.95,0
2021-06-23 11:59:38,2489.95,0
2021-06-23 11:59:38,2489.95,0
2021-06-23 12:00:02,2489.4,0
2021-06-23 12:00:03,2489.45,0
2021-06-23 12:00:05,2489.3,0
2021-06-23 12:00:07,2489.3,0
2021-06-23 12:00:08,2489.15,0
2021-06-23 12:00:19,2490.3,0
2021-06-23 12:00:22,2489.55,0
2021-06-23 12:00:25,2489.8,0
2021-06-23 12:00:26,2490.05,0
2021-06-23 12:00:37,2489.65,0
2021-06-23 12:00:41,2489.35,0
2021-06-23 12:00:45,2489.4,0
2021-06-23 12:00:47,2489.75,0
2021-06-23 12:00:49,2489.9,0
2021-06-23 12:00:52,2490.35,0
2021-06-23 12:00:52,2490.35,0
2021-06-23 12:00:58,2490.65,0
2021-06-23 12:01:05,2490.2,0
2021-06-23 12:01:10,2489.8,0
2021-06-23 12:01:15,2488.75,0
2021-06-23 12:01:20,2488.75,0
2021-06-23 12:01:22,2487.7,0
2021-06-23 12:01:23,2487.95,0
2021-06-23 12:01:28,2487.55,0
2021-06-23 12:01:33,2487.2,0
2021-06-23 12:01:42,2487.35,0
2021-06-23 12:01:43,2487.8,0
2021-06-23 12:01:44,2487.65,0
2021-06-23 12:01:45,2487.4,0
2021-06-23 12:01:46,2487.7,0
2021-06-23 12:01:50,2486.95,0
2021-06-23 12:01:53,2487.2,0
2021-06-23 12:01:55,2486.95,0
2021-06-23 12:01:55,2486.95,0
2021-06-23 12:02:05,2487.3,0
2021-06-23 12:02:08,2486.9,0
2021-06-23 12:02:09,2486.55,0
2021-06-23 12:02:12,2486.6,0
2021-06-23 12:02:13,2486.85,0
2021-06-23 12:02:16,2487.8,0
2021-06-23 12:02:18,2487.3,0
2021-06-23 12:02:24,2487.1,0
2021-06-23 12:02:29,2487.8,0
2021-06-23 12:02:30,2487.6,0
2021-06-23 12:02:32,2487.75,0
2021-06-23 12:02:35,2487.35,0
2021-06-23 12:02:38,2488.2,0
2021-06-23 12:02:44,2488.65,0
2021-06-23 12:02:48,2488.4,0
2021-06-23 12:02:57,2488.15,0
2021-06-23 12:02:58,2488.6,0
2021-06-23 12:02:58,2488.6,0
2021-06-23 12:03:07,2489.05,0
2021-06-23 12:03:09,2489.8,0
2021-06-23 12:03:10,2489.3,0
2021-06-23 12:03:12,2491.45,0
2021-06-23 12:03:13,2491.5,0
2021-06-23 12:03:18,2491.65,0
2021-06-23 12:03:20,2491.45,0
2021-06-23 12:03:21,2491.55,0
2021-06-23 12:03:35,2491.35,0
2021-06-23 12:03:36,2491.4,0
2021-06-23 12:03:37,2491.6,0
2021-06-23 12:03:38,2491.9,0
2021-06-23 12:03:40,2492.6,0
2021-06-23 12:03:43,2493.55,0
2021-06-23 12:03:50,2493.9,0
2021-06-23 12:03:51,2493.8,0
2021-06-23 12:03:54,2493.95,0
2021-06-23 12:03:55,2494.1,0
2021-06-23 12:03:57,2493.3,0
2021-06-23 12:04:01,2493.5,0
2021-06-23 12:04:02,2493.8,0
2021-06-23 12:04:04,2493.55,0
2021-06-23 12:04:11,2494.25,0
2021-06-23 12:04:15,2494.85,0
2021-06-23 12:04:16,2494.35,0
2021-06-23 12:04:21,2494.25,0
2021-06-23 12:04:23,2495.1,0
2021-06-23 12:04:24,2494.5,0
2021-06-23 12:04:25,2494.7,0
2021-06-23 12:04:26,2494.95,0
2021-06-23 12:04:28,2495.5,0
2021-06-23 12:04:30,2495.75,0
2021-06-23 12:04:31,2495.65,0
2021-06-23 12:04:39,2495.75,0
2021-06-23 12:04:40,2495.45,0
2021-06-23 12:04:41,2494.7,0
2021-06-23 12:04:43,2494.9,0
2021-06-23 12:04:49,2495.2,0
2021-06-23 12:04:52,2495.3,0
2021-06-23 12:04:54,2495.0,0
2021-06-23 12:04:59,2495.3,0
2021-06-23 12:05:03,2494.9,0
2021-06-23 12:05:07,2494.7,0
2021-06-23 12:05:08,2495.05,0
2021-06-23 12:05:08,2495.05,0
2021-06-23 12:05:20,2494.15,0
2021-06-23 12:05:23,2494.85,0
2021-06-23 12:05:24,2494.65,0
2021-06-23 12:05:32,2495.0,0
2021-06-23 12:05:33,2494.7,0
2021-06-23 12:05:34,2494.35,0
2021-06-23 12:05:37,2494.35,0
2021-06-23 12:05:38,2494.75,0
2021-06-23 12:05:39,2494.8,0
2021-06-23 12:05:41,2494.6,0
2021-06-23 12:05:42,2495.15,0
2021-06-23 12:05:43,2495.0,0
2021-06-23 12:05:45,2494.2,0
2021-06-23 12:05:47,2494.5,0
2021-06-23 12:05:49,2494.3,0
2021-06-23 12:05:52,2494.4,0
2021-06-23 12:05:53,2494.05,0
2021-06-23 12:05:54,2494.05,0
2021-06-23 12:05:57,2493.05,0
2021-06-23 12:05:58,2493.2,0
2021-06-23 12:05:59,2493.2,0
2021-06-23 12:06:00,2493.05,0
2021-06-23 12:06:01,2493.75,0
2021-06-23 12:06:03,2492.8,0
2021-06-23 12:06:04,2493.2,0
2021-06-23 12:06:05,2493.5,0
2021-06-23 12:06:09,2492.85,0
2021-06-23 12:06:13,2493.2,0
2021-06-23 12:06:14,2493.55,0
2021-06-23 12:06:19,2493.05,0
2021-06-23 12:06:23,2493.2,0
2021-06-23 12:06:24,2492.9,0
2021-06-23 12:06:25,2493.05,0
2021-06-23 12:06:29,2493.2,0
2021-06-23 12:06:30,2493.65,0
2021-06-23 12:06:36,2493.25,0
2021-06-23 12:06:43,2492.9,0
2021-06-23 12:06:44,2492.65,0
2021-06-23 12:06:45,2492.5,0
2021-06-23 12:06:46,2492.5,0
2021-06-23 12:06:54,2493.0,0
2021-06-23 12:06:56,2492.3,0
2021-06-23 12:06:57,2492.8,0
2021-06-23 12:07:00,2492.8,0
2021-06-23 12:07:02,2492.95,0
2021-06-23 12:07:05,2493.05,0
2021-06-23 12:07:09,2492.3,0
2021-06-23 12:07:10,2492.75,0
2021-06-23 12:07:19,2491.95,0
2021-06-23 12:07:32,2491.6,0
2021-06-23 12:07:38,2491.0,0
2021-06-23 12:07:42,2491.3,0
2021-06-23 12:07:43,2491.9,0
2021-06-23 12:07:44,2491.75,0
2021-06-23 12:07:53,2491.45,0
2021-06-23 12:07:58,2494.1,0
2021-06-23 12:08:09,2493.8,0
2021-06-23 12:08:11,2493.85,0
2021-06-23 12:08:15,2493.65,0
2021-06-23 12:08:19,2493.45,0
2021-06-23 12:08:21,2494.0,0
2021-06-23 12:08:23,2494.1,0
2021-06-23 12:08:24,2493.45,0
2021-06-23 12:08:26,2494.05,0
2021-06-23 12:08:27,2494.45,0
2021-06-23 12:08:28,2494.3,0
2021-06-23 12:08:29,2493.7,0
2021-06-23 12:08:43,2494.5,0
2021-06-23 12:08:46,2494.05,0
2021-06-23 12:08:47,2493.7,0
2021-06-23 12:08:48,2493.7,0
2021-06-23 12:08:50,2493.95,0
2021-06-23 12:08:57,2494.45,0
2021-06-23 12:09:04,2495.2,0
2021-06-23 12:09:07,2494.85,0
2021-06-23 12:09:08,2495.15,0
2021-06-23 12:09:16,2497.05,0
2021-06-23 12:09:18,2496.8,0
2021-06-23 12:09:21,2497.2,0
2021-06-23 12:09:23,2496.35,0
2021-06-23 12:09:26,2497.3,0
2021-06-23 12:09:30,2496.9,0
2021-06-23 12:09:31,2497.35,0
2021-06-23 12:09:38,2497.45,0
2021-06-23 12:09:40,2498.65,0
2021-06-23 12:09:42,2497.95,0
2021-06-23 12:09:49,2498.9,0
2021-06-23 12:09:52,2498.65,0
2021-06-23 12:09:56,2498.75,0
2021-06-23 12:10:02,2498.55,0
2021-06-23 12:10:05,2498.85,0
2021-06-23 12:10:08,2499.3,0
2021-06-23 12:10:15,2499.25,0
2021-06-23 12:10:16,2499.05,0
2021-06-23 12:10:18,2498.05,0
2021-06-23 12:10:20,2497.95,0
2021-06-23 12:10:22,2498.5,0
2021-06-23 12:10:23,2498.55,0
2021-06-23 12:10:24,2498.95,0
2021-06-23 12:10:27,2499.1,0
2021-06-23 12:10:33,2498.55,0
2021-06-23 12:10:34,2498.2,0
2021-06-23 12:10:37,2498.85,0
2021-06-23 12:10:40,2498.35,0
2021-06-23 12:10:41,2498.7,0
2021-06-23 12:10:43,2498.8,0
2021-06-23 12:10:44,2499.35,0
2021-06-23 12:10:45,2498.85,0
2021-06-23 12:10:47,2499.05,0
2021-06-23 12:10:51,2498.65,0
2021-06-23 12:10:54,2499.3,0
2021-06-23 12:11:00,2498.75,0
2021-06-23 12:11:03,2497.75,0
2021-06-23 12:11:09,2498.35,0
2021-06-23 12:11:10,2498.0,0
2021-06-23 12:11:11,2498.5,0
2021-06-23 12:11:13,2498.15,0
2021-06-23 12:11:15,2498.2,0
2021-06-23 12:11:16,2497.55,0
2021-06-23 12:11:20,2498.05,0
2021-06-23 12:11:23,2498.15,0
2021-06-23 12:11:26,2497.55,0
2021-06-23 12:11:30,2497.75,0
2021-06-23 12:11:33,2497.2,0
2021-06-23 12:11:34,2497.75,0
2021-06-23 12:11:44,2497.8,0
2021-06-23 12:11:45,2498.5,0
2021-06-23 12:11:47,2497.65,0
2021-06-23 12:11:52,2498.4,0
2021-06-23 12:11:55,2497.7,0
2021-06-23 12:11:56,2497.7,0
2021-06-23 12:11:56,2497.7,0
2021-06-23 12:12:02,2497.75,0
2021-06-23 12:12:03,2497.8,0
2021-06-23 12:12:04,2497.45,0
2021-06-23 12:12:05,2497.45,0
2021-06-23 12:12:07,2498.2,0
2021-06-23 12:12:10,2497.7,0
2021-06-23 12:12:14,2498.55,0
2021-06-23 12:12:25,2499.5,0
2021-06-23 12:12:26,2499.75,0
2021-06-23 12:12:34,2500.05,0
2021-06-23 12:12:37,2499.45,0
2021-06-23 12:12:38,2499.9,0
2021-06-23 12:12:40,2500.5,0
2021-06-23 12:12:44,2500.95,0
2021-06-23 12:12:46,2500.2,0
2021-06-23 12:12:50,2500.55,0
2021-06-23 12:12:57,2501.1,0
2021-06-23 12:13:04,2501.85,0
2021-06-23 12:13:08,2502.2,0
2021-06-23 12:13:14,2501.5,0
2021-06-23 12:13:15,2502.35,0
2021-06-23 12:13:17,2502.15,0
2021-06-23 12:13:23,2502.2,0
2021-06-23 12:13:28,2501.7,0
2021-06-23 12:13:30,2501.65,0
2021-06-23 12:13:35,2502.15,0
2021-06-23 12:13:37,2502.05,0
2021-06-23 12:13:41,2502.15,0
2021-06-23 12:13:42,2501.8,0
2021-06-23 12:13:43,2502.15,0
2021-06-23 12:13:44,2501.85,0
2021-06-23 12:13:49,2502.7,0
2021-06-23 12:13:50,2502.5,0
2021-06-23 12:13:52,2502.5,0
2021-06-23 12:13:54,2502.1,0
2021-06-23 12:13:55,2502.5,0
2021-06-23 12:13:57,2502.9,0
2021-06-23 12:13:58,2502.55,0
2021-06-23 12:13:59,2502.75,0
2021-06-23 12:14:03,2502.95,0
2021-06-23 12:14:06,2502.6,0
2021-06-23 12:14:10,2502.65,0
2021-06-23 12:14:11,2502.75,0
2021-06-23 12:14:12,2502.45,0
2021-06-23 12:14:13,2502.7,0
2021-06-23 12:14:19,2503.25,0
2021-06-23 12:14:20,2503.4,0
2021-06-23 12:14:23,2503.05,0
2021-06-23 12:14:26,2503.1,0
2021-06-23 12:14:27,2503.1,0
2021-06-23 12:14:28,2502.55,0
2021-06-23 12:14:33,2502.5,0
2021-06-23 12:14:35,2502.35,0
2021-06-23 12:14:36,2501.7,0
2021-06-23 12:14:40,2502.8,0
2021-06-23 12:14:43,2502.45,0
2021-06-23 12:14:46,2502.85,0
2021-06-23 12:14:52,2502.65,0
2021-06-23 12:14:55,2501.95,0
2021-06-23 12:14:57,2502.25,0
2021-06-23 12:14:58,2502.4,0
2021-06-23 12:15:00,2502.05,0
2021-06-23 12:15:01,2502.6,0
2021-06-23 12:15:05,2502.7,0
2021-06-23 12:15:06,2502.7,0
2021-06-23 12:15:07,2503.2,0
2021-06-23 12:15:08,2502.6,0
2021-06-23 12:15:11,2502.45,0
2021-06-23 12:15:13,2503.35,0
2021-06-23 12:15:17,2503.4,0
2021-06-23 12:15:19,2502.95,0
2021-06-23 12:15:21,2503.1,0
2021-06-23 12:15:22,2502.85,0
2021-06-23 12:15:23,2502.95,0
2021-06-23 12:15:30,2502.7,0
2021-06-23 12:15:31,2502.4,0
2021-06-23 12:15:36,2502.9,0
2021-06-23 12:15:38,2502.2,0
2021-06-23 12:15:45,2502.45,0
2021-06-23 12:15:47,2502.55,0
2021-06-23 12:15:48,2502.1,0
2021-06-23 12:15:51,2501.85,0
2021-06-23 12:15:54,2502.2,0
2021-06-23 12:15:56,2501.9,0
2021-06-23 12:15:59,2502.05,0
2021-06-23 12:16:01,2501.2,0
2021-06-23 12:16:09,2501.75,0
2021-06-23 12:16:12,2501.15,0
2021-06-23 12:16:13,2501.4,0
2021-06-23 12:16:14,2501.25,0
2021-06-23 12:16:17,2502.2,0
2021-06-23 12:16:24,2502.4,0
2021-06-23 12:16:25,2502.25,0
2021-06-23 12:16:31,2503.25,0
2021-06-23 12:16:39,2502.95,0
2021-06-23 12:16:41,2503.55,0
2021-06-23 12:16:43,2503.7,0
2021-06-23 12:16:47,2503.3,0
2021-06-23 12:16:59,2503.85,0
2021-06-23 12:17:03,2504.35,0
2021-06-23 12:17:05,2504.2,0
2021-06-23 12:17:08,2504.2,0
2021-06-23 12:17:11,2504.3,0
2021-06-23 12:17:21,2503.95,0
2021-06-23 12:17:29,2504.3,0
2021-06-23 12:17:30,2504.85,0
2021-06-23 12:17:33,2504.9,0
2021-06-23 12:17:34,2504.55,0
2021-06-23 12:17:41,2503.95,0
2021-06-23 12:17:48,2504.6,0
2021-06-23 12:17:52,2504.45,0
2021-06-23 12:17:58,2504.2,0
2021-06-23 12:18:07,2504.55,0
2021-06-23 12:18:11,2504.85,0
2021-06-23 12:18:14,2504.75,0
2021-06-23 12:18:24,2504.75,0
2021-06-23 12:18:27,2505.35,0
2021-06-23 12:18:28,2505.35,0
2021-06-23 12:18:32,2504.85,0
2021-06-23 12:18:34,2505.1,0
2021-06-23 12:18:36,2505.8,0
2021-06-23 12:18:37,2505.5,0
2021-06-23 12:18:39,2505.3,0
2021-06-23 12:18:41,2504.75,0
2021-06-23 12:18:43,2505.45,0
2021-06-23 12:18:47,2505.45,0
2021-06-23 12:18:48,2505.2,0
2021-06-23 12:18:57,2505.25,0
2021-06-23 12:18:58,2504.95,0
2021-06-23 12:18:59,2505.05,0
2021-06-23 12:19:00,2505.7,0
2021-06-23 12:19:03,2505.85,0
2021-06-23 12:19:06,2505.5,0
2021-06-23 12:19:10,2505.85,0
2021-06-23 12:19:13,2506.2,0
2021-06-23 12:19:14,2505.85,0
2021-06-23 12:19:16,2505.45,0
2021-06-23 12:19:21,2505.7,0
2021-06-23 12:19:37,2505.25,0
2021-06-23 12:19:42,2505.4,0
2021-06-23 12:19:45,2505.25,0
2021-06-23 12:19:48,2505.2,0
2021-06-23 12:19:49,2505.25,0
2021-06-23 12:19:50,2505.25,0
2021-06-23 12:19:51,2505.45,0
2021-06-23 12:19:55,2505.2,0
2021-06-23 12:19:58,2504.95,0
2021-06-23 12:20:00,2504.85,0
2021-06-23 12:20:01,2504.4,0
2021-06-23 12:20:05,2504.4,0
2021-06-23 12:20:07,2503.75,0
2021-06-23 12:20:09,2503.45,0
2021-06-23 12:20:14,2503.5,0
2021-06-23 12:20:15,2503.35,0
2021-06-23 12:20:17,2504.0,0
2021-06-23 12:20:18,2503.9,0
2021-06-23 12:20:21,2505.15,0
2021-06-23 12:20:22,2505.35,0
2021-06-23 12:20:27,2505.8,0
2021-06-23 12:20:31,2505.5,0
2021-06-23 12:20:33,2505.95,0
2021-06-23 12:20:33,2505.95,0
2021-06-23 12:20:45,2506.4,0
2021-06-23 12:20:48,2506.25,0
2021-06-23 12:20:55,2506.35,0
2021-06-23 12:20:56,2506.05,0
2021-06-23 12:20:57,2506.05,0
2021-06-23 12:21:00,2506.0,0
2021-06-23 12:21:01,2506.2,0
2021-06-23 12:21:03,2505.8,0
2021-06-23 12:21:05,2505.75,0
2021-06-23 12:21:08,2506.0,0
2021-06-23 12:21:10,2506.1,0
2021-06-23 12:21:18,2505.2,0
2021-06-23 12:21:21,2505.7,0
2021-06-23 12:21:22,2505.4,0
2021-06-23 12:21:26,2504.2,0
2021-06-23 12:21:29,2504.0,0
2021-06-23 12:21:31,2503.9,0
2021-06-23 12:21:34,2503.4,0
2021-06-23 12:21:37,2503.7,0
2021-06-23 12:21:41,2504.0,0
2021-06-23 12:21:42,2504.75,0
2021-06-23 12:21:48,2504.4,0
2021-06-23 12:21:55,2503.75,0
2021-06-23 12:21:59,2503.25,0
2021-06-23 12:22:00,2503.55,0
2021-06-23 12:22:01,2503.75,0
2021-06-23 12:22:03,2504.1,0
2021-06-23 12:22:04,2504.0,0
2021-06-23 12:22:05,2504.55,0
2021-06-23 12:22:11,2504.7,0
2021-06-23 12:22:12,2504.35,0
2021-06-23 12:22:16,2503.9,0
2021-06-23 12:22:21,2504.05,0
2021-06-23 12:22:23,2503.5,0
2021-06-23 12:22:24,2503.6,0
2021-06-23 12:22:28,2503.95,0
2021-06-23 12:22:30,2503.8,0
2021-06-23 12:22:34,2503.75,0
2021-06-23 12:22:38,2503.65,0
2021-06-23 12:22:41,2503.0,0
2021-06-23 12:22:46,2502.85,0
2021-06-23 12:22:48,2503.1,0
2021-06-23 12:23:02,2503.25,0
2021-06-23 12:23:05,2503.45,0
2021-06-23 12:23:07,2503.6,0
2021-06-23 12:23:11,2503.4,0
2021-06-23 12:23:14,2503.9,0
2021-06-23 12:23:16,2503.65,0
2021-06-23 12:23:17,2503.5,0
2021-06-23 12:23:19,2503.75,0
2021-06-23 12:23:20,2503.95,0
2021-06-23 12:23:21,2503.55,0
2021-06-23 12:23:22,2503.4,0
2021-06-23 12:23:24,2504.35,0
2021-06-23 12:23:25,2504.3,0
2021-06-23 12:23:37,2505.3,0
2021-06-23 12:23:40,2505.8,0
2021-06-23 12:23:52,2506.45,0
2021-06-23 12:23:57,2506.35,0
2021-06-23 12:23:59,2505.7,0
2021-06-23 12:24:00,2505.85,0
2021-06-23 12:24:02,2505.45,0
2021-06-23 12:24:08,2505.6,0
2021-06-23 12:24:09,2505.4,0
2021-06-23 12:24:12,2505.4,0
2021-06-23 12:24:17,2505.6,0
2021-06-23 12:24:18,2505.8,0
2021-06-23 12:24:19,2505.65,0
2021-06-23 12:24:22,2505.2,0
2021-06-23 12:24:23,2505.6,0
2021-06-23 12:24:24,2505.1,0
2021-06-23 12:24:25,2505.65,0
2021-06-23 12:24:27,2505.65,0
2021-06-23 12:24:28,2505.15,0
2021-06-23 12:24:45,2505.45,0
2021-06-23 12:24:48,2506.35,0
2021-06-23 12:24:51,2505.7,0
2021-06-23 12:24:57,2505.55,0
2021-06-23 12:24:59,2506.15,0
2021-06-23 12:25:00,2505.95,0
2021-06-23 12:25:05,2505.65,0
2021-06-23 12:25:18,2505.65,0
2021-06-23 12:25:19,2505.85,0
2021-06-23 12:25:21,2506.45,0
2021-06-23 12:25:23,2506.2,0
2021-06-23 12:25:28,2505.9,0
2021-06-23 12:25:29,2506.65,0
2021-06-23 12:25:31,2506.25,0
2021-06-23 12:25:34,2506.35,0
2021-06-23 12:25:37,2505.85,0
2021-06-23 12:25:39,2506.9,0
2021-06-23 12:25:43,2506.2,0
2021-06-23 12:25:46,2506.5,0
2021-06-23 12:25:47,2506.3,0
2021-06-23 12:25:48,2506.4,0
2021-06-23 12:25:50,2507.25,0
2021-06-23 12:25:51,2506.55,0
2021-06-23 12:26:04,2506.75,0
2021-06-23 12:26:15,2506.8,0
2021-06-23 12:26:16,2506.7,0
2021-06-23 12:26:22,2505.8,0
2021-06-23 12:26:26,2506.7,0
2021-06-23 12:26:27,2505.95,0
2021-06-23 12:26:31,2506.15,0
2021-06-23 12:26:32,2506.6,0
2021-06-23 12:26:33,2506.45,0
2021-06-23 12:26:34,2506.45,0
2021-06-23 12:26:35,2506.25,0
2021-06-23 12:26:36,2506.05,0
2021-06-23 12:26:47,2506.1,0
2021-06-23 12:26:49,2505.95,0
2021-06-23 12:26:52,2505.4,0
2021-06-23 12:26:56,2505.8,0
2021-06-23 12:26:57,2505.6,0
2021-06-23 12:27:01,2504.95,0
2021-06-23 12:27:02,2505.4,0
2021-06-23 12:27:04,2504.15,0
2021-06-23 12:27:07,2504.3,0
2021-06-23 12:27:10,2504.7,0
2021-06-23 12:27:11,2504.4,0
2021-06-23 12:27:15,2504.35,0
2021-06-23 12:27:18,2505.05,0
2021-06-23 12:27:21,2505.3,0
2021-06-23 12:27:29,2505.2,0
2021-06-23 12:27:32,2504.75,0
2021-06-23 12:27:33,2505.3,0
2021-06-23 12:27:34,2504.8,0
2021-06-23 12:27:35,2505.35,0
2021-06-23 12:27:36,2505.35,0
2021-06-23 12:27:39,2504.8,0
2021-06-23 12:27:50,2504.6,0
2021-06-23 12:27:52,2504.7,0
2021-06-23 12:27:59,2504.45,0
2021-06-23 12:28:01,2504.6,0
2021-06-23 12:28:02,2504.7,0
2021-06-23 12:28:06,2505.1,0
2021-06-23 12:28:09,2504.15,0
2021-06-23 12:28:10,2504.4,0
2021-06-23 12:28:11,2504.05,0
2021-06-23 12:28:15,2504.35,0
2021-06-23 12:28:16,2504.45,0
2021-06-23 12:28:17,2504.2,0
2021-06-23 12:28:18,2504.0,0
2021-06-23 12:28:28,2503.85,0
2021-06-23 12:28:29,2503.55,0
2021-06-23 12:28:30,2503.65,0
2021-06-23 12:28:42,2503.45,0
2021-06-23 12:28:42,2503.45,0
2021-06-23 12:28:45,2503.15,0
2021-06-23 12:28:47,2503.25,0
2021-06-23 12:28:52,2502.8,0
2021-06-23 12:28:53,2503.25,0
2021-06-23 12:28:56,2503.7,0
2021-06-23 12:28:57,2503.85,0
2021-06-23 12:28:58,2504.35,0
2021-06-23 12:29:01,2504.35,0
2021-06-23 12:29:02,2503.85,0
2021-06-23 12:29:03,2504.15,0
2021-06-23 12:29:10,2504.15,0
2021-06-23 12:29:12,2503.7,0
2021-06-23 12:29:14,2504.0,0
2021-06-23 12:29:15,2504.85,0
2021-06-23 12:29:16,2505.2,0
2021-06-23 12:29:17,2505.25,0
2021-06-23 12:29:18,2505.05,0
2021-06-23 12:29:21,2504.6,0
2021-06-23 12:29:30,2505.1,0
2021-06-23 12:29:40,2504.55,0
2021-06-23 12:29:41,2504.15,0
2021-06-23 12:29:47,2504.2,0
2021-06-23 12:29:57,2504.0,0
2021-06-23 12:29:59,2503.55,0
2021-06-23 12:30:03,2503.35,0
2021-06-23 12:30:08,2503.85,0
2021-06-23 12:30:10,2504.15,0
2021-06-23 12:30:11,2504.0,0
2021-06-23 12:30:16,2503.15,0
2021-06-23 12:30:17,2502.8,0
2021-06-23 12:30:18,2503.25,0
2021-06-23 12:30:22,2503.35,0
2021-06-23 12:30:23,2503.35,0
2021-06-23 12:30:28,2503.65,0
2021-06-23 12:30:29,2503.65,0
2021-06-23 12:30:31,2503.85,0
2021-06-23 12:30:40,2503.2,0
2021-06-23 12:30:43,2503.7,0
2021-06-23 12:30:45,2504.35,0
2021-06-23 12:30:47,2504.0,0
2021-06-23 12:30:55,2503.3,0
2021-06-23 12:31:01,2503.35,0
2021-06-23 12:31:06,2503.0,0
2021-06-23 12:31:08,2503.45,0
2021-06-23 12:31:10,2502.85,0
2021-06-23 12:31:11,2502.75,0
2021-06-23 12:31:12,2503.25,0
2021-06-23 12:31:13,2503.25,0
2021-06-23 12:31:14,2502.6,0
2021-06-23 12:31:17,2503.3,0
2021-06-23 12:31:18,2503.25,0
2021-06-23 12:31:24,2503.3,0
2021-06-23 12:31:25,2503.35,0
2021-06-23 12:31:26,2502.7,0
2021-06-23 12:31:29,2503.55,0
2021-06-23 12:31:30,2503.1,0
2021-06-23 12:31:31,2502.85,0
2021-06-23 12:31:32,2503.2,0
2021-06-23 12:31:37,2502.6,0
2021-06-23 12:31:40,2503.1,0
2021-06-23 12:31:45,2503.55,0
2021-06-23 12:31:46,2503.3,0
2021-06-23 12:31:55,2503.7,0
2021-06-23 12:31:57,2503.2,0
2021-06-23 12:31:58,2503.2,0
2021-06-23 12:32:06,2503.85,0
2021-06-23 12:32:09,2503.55,0
2021-06-23 12:32:14,2503.6,0
2021-06-23 12:32:16,2503.9,0
2021-06-23 12:32:19,2503.85,0
2021-06-23 12:32:37,2502.95,0
2021-06-23 12:32:39,2503.25,0
2021-06-23 12:32:41,2503.05,0
2021-06-23 12:32:42,2503.1,0
2021-06-23 12:32:43,2503.4,0
2021-06-23 12:32:45,2503.25,0
2021-06-23 12:32:46,2502.7,0
2021-06-23 12:32:49,2503.1,0
2021-06-23 12:32:50,2502.9,0
2021-06-23 12:32:52,2502.85,0
2021-06-23 12:32:58,2502.85,0
2021-06-23 12:32:59,2503.3,0
2021-06-23 12:33:04,2502.9,0
2021-06-23 12:33:05,2503.65,0
2021-06-23 12:33:08,2503.35,0
2021-06-23 12:33:15,2503.75,0
2021-06-23 12:33:20,2504.3,0
2021-06-23 12:33:21,2504.2,0
2021-06-23 12:33:25,2504.1,0
2021-06-23 12:33:26,2504.0,0
2021-06-23 12:33:27,2503.8,0
2021-06-23 12:33:31,2504.1,0
2021-06-23 12:33:33,2504.1,0
2021-06-23 12:33:34,2504.1,0
2021-06-23 12:33:35,2504.1,0
2021-06-23 12:33:38,2504.3,0
2021-06-23 12:33:42,2504.25,0
2021-06-23 12:33:45,2504.35,0
2021-06-23 12:33:50,2503.85,0
2021-06-23 12:33:51,2503.7,0
2021-06-23 12:33:53,2503.8,0
2021-06-23 12:34:00,2504.15,0
2021-06-23 12:34:03,2504.45,0
2021-06-23 12:34:06,2504.25,0
2021-06-23 12:34:07,2504.4,0
2021-06-23 12:34:10,2504.4,0
2021-06-23 12:34:12,2503.85,0
2021-06-23 12:34:14,2504.75,0
2021-06-23 12:34:23,2503.9,0
2021-06-23 12:34:25,2504.0,0
2021-06-23 12:34:27,2504.2,0
2021-06-23 12:34:28,2505.05,0
2021-06-23 12:34:30,2505.4,0
2021-06-23 12:34:34,2505.15,0
2021-06-23 12:34:36,2505.35,0
2021-06-23 12:34:37,2505.2,0
2021-06-23 12:34:38,2505.15,0
2021-06-23 12:34:49,2505.5,0
2021-06-23 12:34:51,2504.15,0
2021-06-23 12:34:52,2504.1,0
2021-06-23 12:34:55,2504.45,0
2021-06-23 12:34:57,2504.75,0
2021-06-23 12:34:58,2504.4,0
2021-06-23 12:34:59,2504.85,0
2021-06-23 12:35:00,2504.75,0
2021-06-23 12:35:03,2505.0,0
2021-06-23 12:35:06,2504.95,0
2021-06-23 12:35:08,2505.2,0
2021-06-23 12:35:10,2505.55,0
2021-06-23 12:35:10,2505.55,0
2021-06-23 12:35:23,2505.25,0
2021-06-23 12:35:29,2505.5,0
2021-06-23 12:35:33,2505.4,0
2021-06-23 12:35:36,2505.6,0
2021-06-23 12:35:37,2504.55,0
2021-06-23 12:35:38,2505.15,0
2021-06-23 12:35:40,2505.65,0
2021-06-23 12:35:41,2505.05,0
2021-06-23 12:35:43,2505.3,0
2021-06-23 12:35:49,2504.65,0
2021-06-23 12:35:53,2505.1,0
2021-06-23 12:36:00,2505.6,0
2021-06-23 12:36:01,2505.05,0
2021-06-23 12:36:03,2504.95,0
2021-06-23 12:36:08,2504.7,0
2021-06-23 12:36:13,2504.65,0
2021-06-23 12:36:15,2504.75,0
2021-06-23 12:36:17,2504.65,0
2021-06-23 12:36:21,2504.35,0
2021-06-23 12:36:25,2504.6,0
2021-06-23 12:36:26,2504.65,0
2021-06-23 12:36:28,2504.3,0
2021-06-23 12:36:29,2504.3,0
2021-06-23 12:36:31,2504.55,0
2021-06-23 12:36:33,2504.65,0
2021-06-23 12:36:34,2504.65,0
2021-06-23 12:36:35,2504.85,0
2021-06-23 12:36:36,2504.6,0
2021-06-23 12:36:37,2504.5,0
2021-06-23 12:36:38,2503.8,0
2021-06-23 12:36:44,2503.95,0
2021-06-23 12:36:45,2504.6,0
2021-06-23 12:36:46,2504.15,0
2021-06-23 12:36:47,2504.4,0
2021-06-23 12:36:50,2504.35,0
2021-06-23 12:36:51,2504.0,0
2021-06-23 12:36:55,2504.75,0
2021-06-23 12:36:57,2504.5,0
2021-06-23 12:37:00,2504.15,0
2021-06-23 12:37:01,2504.3,0
2021-06-23 12:37:10,2503.0,0
2021-06-23 12:37:11,2502.3,0
2021-06-23 12:37:17,2503.6,0
2021-06-23 12:37:20,2502.55,0
2021-06-23 12:37:36,2502.6,0
2021-06-23 12:37:38,2503.3,0
2021-06-23 12:37:40,2503.4,0
2021-06-23 12:37:46,2503.2,0
2021-06-23 12:37:49,2503.95,0
2021-06-23 12:37:58,2503.75,0
2021-06-23 12:38:00,2504.25,0
2021-06-23 12:38:09,2503.95,0
2021-06-23 12:38:10,2504.5,0
2021-06-23 12:38:11,2504.15,0
2021-06-23 12:38:12,2504.15,0
2021-06-23 12:38:14,2504.4,0
2021-06-23 12:38:16,2504.75,0
2021-06-23 12:38:17,2504.7,0
2021-06-23 12:38:19,2504.05,0
2021-06-23 12:38:24,2504.3,0
2021-06-23 12:38:28,2503.85,0
2021-06-23 12:38:31,2503.9,0
2021-06-23 12:38:34,2503.95,0
2021-06-23 12:38:36,2505.1,0
2021-06-23 12:38:53,2505.75,0
2021-06-23 12:38:54,2505.45,0
2021-06-23 12:39:08,2505.6,0
2021-06-23 12:39:11,2505.55,0
2021-06-23 12:39:18,2505.65,0
2021-06-23 12:39:22,2506.15,0
2021-06-23 12:39:31,2505.65,0
2021-06-23 12:39:33,2505.4,0
2021-06-23 12:39:38,2505.0,0
2021-06-23 12:39:40,2505.45,0
2021-06-23 12:39:41,2505.4,0
2021-06-23 12:39:43,2505.05,0
2021-06-23 12:39:44,2505.0,0
2021-06-23 12:39:45,2505.35,0
2021-06-23 12:39:50,2505.35,0
2021-06-23 12:39:51,2505.2,0
2021-06-23 12:40:07,2505.6,0
2021-06-23 12:40:09,2505.8,0
2021-06-23 12:40:10,2505.8,0
2021-06-23 12:40:11,2505.8,0
2021-06-23 12:40:12,2505.6,0
2021-06-23 12:40:13,2505.1,0
2021-06-23 12:40:16,2505.85,0
2021-06-23 12:40:17,2504.95,0
2021-06-23 12:40:24,2504.65,0
2021-06-23 12:40:26,2505.4,0
2021-06-23 12:40:27,2505.6,0
2021-06-23 12:40:29,2504.95,0
2021-06-23 12:40:30,2505.5,0
2021-06-23 12:40:33,2505.0,0
2021-06-23 12:40:35,2505.2,0
2021-06-23 12:40:36,2504.95,0
2021-06-23 12:40:39,2505.5,0
2021-06-23 12:40:42,2505.1,0
2021-06-23 12:40:43,2505.45,0
2021-06-23 12:40:44,2505.0,0
2021-06-23 12:40:51,2505.15,0
2021-06-23 12:40:52,2505.0,0
2021-06-23 12:40:54,2505.25,0
2021-06-23 12:40:55,2505.0,0
2021-06-23 12:40:59,2505.6,0
2021-06-23 12:41:01,2505.15,0
2021-06-23 12:41:02,2505.85,0
2021-06-23 12:41:04,2505.85,0
2021-06-23 12:41:12,2505.9,0
2021-06-23 12:41:14,2506.35,0
2021-06-23 12:41:16,2505.6,0
2021-06-23 12:41:17,2506.2,0
2021-06-23 12:41:28,2505.45,0
2021-06-23 12:41:33,2506.0,0
2021-06-23 12:41:34,2505.35,0
2021-06-23 12:41:35,2505.65,0
2021-06-23 12:41:37,2506.15,0
2021-06-23 12:41:45,2506.0,0
2021-06-23 12:41:47,2505.75,0
2021-06-23 12:41:48,2505.8,0
2021-06-23 12:41:55,2505.85,0
2021-06-23 12:41:58,2505.45,0
2021-06-23 12:41:59,2505.35,0
2021-06-23 12:42:00,2504.9,0
2021-06-23 12:42:02,2505.9,0
2021-06-23 12:42:04,2505.5,0
2021-06-23 12:42:06,2505.3,0
2021-06-23 12:42:08,2505.75,0
2021-06-23 12:42:11,2505.55,0
2021-06-23 12:42:13,2505.4,0
2021-06-23 12:42:23,2505.5,0
2021-06-23 12:42:34,2505.45,0
2021-06-23 12:42:43,2505.85,0
2021-06-23 12:42:46,2506.1,0
2021-06-23 12:42:49,2506.0,0
2021-06-23 12:42:50,2506.0,0
2021-06-23 12:42:57,2505.35,0
2021-06-23 12:43:04,2504.75,0
2021-06-23 12:43:10,2505.15,0
2021-06-23 12:43:13,2505.2,0
2021-06-23 12:43:14,2504.65,0
2021-06-23 12:43:16,2505.1,0
2021-06-23 12:43:20,2504.05,0
2021-06-23 12:43:22,2504.4,0
2021-06-23 12:43:24,2505.05,0
2021-06-23 12:43:28,2503.85,0
2021-06-23 12:43:29,2504.35,0
2021-06-23 12:43:38,2504.65,0
2021-06-23 12:43:39,2504.2,0
2021-06-23 12:43:42,2504.25,0
2021-06-23 12:43:43,2504.95,0
2021-06-23 12:43:44,2504.2,0
2021-06-23 12:43:47,2503.9,0
2021-06-23 12:43:49,2504.05,0
2021-06-23 12:43:50,2504.2,0
2021-06-23 12:43:52,2504.9,0
2021-06-23 12:43:56,2503.85,0
2021-06-23 12:44:00,2504.1,0
2021-06-23 12:44:09,2500.5,0
2021-06-23 12:44:10,2500.95,0
2021-06-23 12:44:12,2501.55,0
2021-06-23 12:44:13,2501.25,0
2021-06-23 12:44:18,2500.35,0
2021-06-23 12:44:25,2499.95,0
2021-06-23 12:44:33,2499.6,0
2021-06-23 12:44:42,2499.65,0
2021-06-23 12:44:50,2499.8,0
2021-06-23 12:44:52,2500.35,0
2021-06-23 12:44:53,2500.1,0
2021-06-23 12:44:56,2499.75,0
2021-06-23 12:44:57,2500.05,0
2021-06-23 12:45:05,2499.85,0
2021-06-23 12:45:09,2497.7,0
2021-06-23 12:45:13,2498.2,0
2021-06-23 12:45:16,2497.55,0
2021-06-23 12:45:23,2497.65,0
2021-06-23 12:45:28,2497.4,0
2021-06-23 12:45:31,2497.5,0
2021-06-23 12:45:33,2496.45,0
2021-06-23 12:45:35,2496.7,0
2021-06-23 12:45:37,2497.1,0
2021-06-23 12:45:43,2497.05,0
2021-06-23 12:45:55,2497.25,0
2021-06-23 12:46:02,2497.95,0
2021-06-23 12:46:05,2497.25,0
2021-06-23 12:46:07,2498.1,0
2021-06-23 12:46:09,2497.65,0
2021-06-23 12:46:14,2498.2,0
2021-06-23 12:46:23,2499.0,0
2021-06-23 12:46:24,2499.5,0
2021-06-23 12:46:33,2499.2,0
2021-06-23 12:46:36,2500.5,0
2021-06-23 12:46:38,2499.55,0
2021-06-23 12:46:42,2499.4,0
2021-06-23 12:46:47,2499.65,0
2021-06-23 12:46:48,2499.35,0
2021-06-23 12:46:50,2499.1,0
2021-06-23 12:46:54,2498.7,0
2021-06-23 12:46:56,2499.1,0
2021-06-23 12:46:57,2498.7,0
2021-06-23 12:46:58,2498.3,0
2021-06-23 12:46:59,2498.4,0
2021-06-23 12:47:12,2498.35,0
2021-06-23 12:47:18,2499.15,0
2021-06-23 12:47:19,2499.0,0
2021-06-23 12:47:21,2499.2,0
2021-06-23 12:47:24,2499.5,0
2021-06-23 12:47:27,2499.25,0
2021-06-23 12:47:28,2499.6,0
2021-06-23 12:47:35,2499.55,0
2021-06-23 12:47:37,2498.75,0
2021-06-23 12:47:39,2499.55,0
2021-06-23 12:47:45,2500.0,0
2021-06-23 12:47:52,2499.2,0
2021-06-23 12:48:02,2500.1,0
2021-06-23 12:48:07,2500.55,0
2021-06-23 12:48:08,2500.1,0
2021-06-23 12:48:10,2500.65,0
2021-06-23 12:48:11,2500.3,0
2021-06-23 12:48:16,2499.75,0
2021-06-23 12:48:26,2500.7,0
2021-06-23 12:48:27,2501.0,0
2021-06-23 12:48:28,2501.45,0
2021-06-23 12:48:29,2501.25,0
2021-06-23 12:48:31,2501.2,0
2021-06-23 12:48:32,2500.85,0
2021-06-23 12:48:38,2501.15,0
2021-06-23 12:48:44,2501.95,0
2021-06-23 12:48:49,2502.15,0
2021-06-23 12:48:50,2502.5,0
2021-06-23 12:48:51,2502.15,0
2021-06-23 12:48:52,2502.6,0
2021-06-23 12:48:53,2502.85,0
2021-06-23 12:48:55,2503.0,0
2021-06-23 12:48:58,2503.25,0
2021-06-23 12:49:04,2503.4,0
2021-06-23 12:49:09,2503.65,0
2021-06-23 12:49:13,2504.05,0
2021-06-23 12:49:16,2503.95,0
2021-06-23 12:49:19,2504.1,0
2021-06-23 12:49:24,2504.45,0
2021-06-23 12:49:25,2504.05,0
2021-06-23 12:49:27,2503.6,0
2021-06-23 12:49:29,2504.3,0
2021-06-23 12:49:30,2504.15,0
2021-06-23 12:49:33,2503.75,0
2021-06-23 12:49:36,2503.9,0
2021-06-23 12:49:37,2503.2,0
2021-06-23 12:49:38,2503.65,0
2021-06-23 12:49:41,2504.1,0
2021-06-23 12:49:43,2503.15,0
