timestamp,ltp,volume
2021-06-23 09:16:39,18377.3,0
2021-06-23 09:16:49,18388.15,0
2021-06-23 09:17:08,18388.25,0
2021-06-23 09:17:09,18388.85,0
2021-06-23 09:17:12,18386.25,0
2021-06-23 09:17:17,18384.15,0
2021-06-23 09:17:21,18377.55,0
2021-06-23 09:17:25,18376.4,0
2021-06-23 09:17:39,18357.9,0
2021-06-23 09:17:42,18360.8,0
2021-06-23 09:17:43,18360.3,0
2021-06-23 09:17:50,18362.3,0
2021-06-23 09:17:54,18362.55,0
2021-06-23 09:17:56,18362.6,0
2021-06-23 09:17:57,18362.05,0
2021-06-23 09:18:03,18360.1,0
2021-06-23 09:18:06,18356.5,0
2021-06-23 09:18:17,18351.1,0
2021-06-23 09:18:18,18352.95,0
2021-06-23 09:18:19,18352.95,0
2021-06-23 09:18:29,18356.35,0
2021-06-23 09:18:30,18354.2,0
2021-06-23 09:18:33,18354.35,0
2021-06-23 09:18:34,18351.1,0
2021-06-23 09:18:35,18348.9,0
2021-06-23 09:18:37,18351.6,0
2021-06-23 09:18:39,18349.4,0
2021-06-23 09:18:42,18346.4,0
2021-06-23 09:18:48,18349.75,0
2021-06-23 09:18:50,18347.8,0
2021-06-23 09:18:51,18347.5,0
2021-06-23 09:18:54,18338.55,0
2021-06-23 09:18:56,18341.0,0
2021-06-23 09:19:01,18332.3,0
2021-06-23 09:19:09,18326.45,0
2021-06-23 09:19:16,18332.6,0
2021-06-23 09:19:27,18336.8,0
2021-06-23 09:19:32,18339.7,0
2021-06-23 09:19:34,18337.65,0
2021-06-23 09:19:36,18333.35,0
2021-06-23 09:19:38,18333.0,0
2021-06-23 09:19:41,18337.75,0
2021-06-23 09:19:45,18340.65,0
2021-06-23 09:19:49,18339.75,0
2021-06-23 09:19:50,18339.1,0
2021-06-23 09:19:51,18340.15,0
2021-06-23 09:19:55,18337.1,0
2021-06-23 09:20:07,18338.0,0
2021-06-23 09:20:08,18336.05,0
2021-06-23 09:20:10,18340.8,0
2021-06-23 09:20:15,18337.15,0
2021-06-23 09:20:22,18336.5,0
2021-06-23 09:20:27,18343.75,0
2021-06-23 09:20:29,18343.2,0
2021-06-23 09:20:39,18348.2,0
2021-06-23 09:20:47,18351.95,0
2021-06-23 09:21:14,18334.15,0
2021-06-23 09:21:17,18337.25,0
2021-06-23 09:21:37,18341.0,0
2021-06-23 09:21:49,18338.6,0
2021-06-23 09:21:55,18336.15,0
2021-06-23 09:22:02,18332.65,0
2021-06-23 09:22:05,18328.75,0
2021-06-23 09:22:16,18325.75,0
2021-06-23 09:22:17,18325.35,0
2021-06-23 09:22:18,18324.25,0
2021-06-23 09:22:23,18320.95,0
2021-06-23 09:22:31,18320.9,0
2021-06-23 09:22:34,18318.5,0
2021-06-23 09:22:36,18321.5,0
2021-06-23 09:22:42,18323.75,0
2021-06-23 09:22:45,18324.25,0
2021-06-23 09:22:49,18322.3,0
2021-06-23 09:22:52,18321.15,0
2021-06-23 09:23:11,18313.45,0
2021-06-23 09:23:16,18312.6,0
2021-06-23 09:23:17,18311.8,0
2021-06-23 09:23:20,18310.95,0
2021-06-23 09:23:33,18309.6,0
2021-06-23 09:23:34,18310.75,0
2021-06-23 09:23:38,18308.4,0
2021-06-23 09:23:43,18307.4,0
2021-06-23 09:23:47,18306.5,0
2021-06-23 09:23:52,18304.8,0
2021-06-23 09:23:55,18308.25,0
2021-06-23 09:23:59,18308.15,0
2021-06-23 09:24:02,18309.45,0
2021-06-23 09:24:07,18311.7,0
2021-06-23 09:24:08,18310.15,0
2021-06-23 09:24:09,18313.85,0
2021-06-23 09:24:10,18315.05,0
2021-06-23 09:24:14,18314.95,0
2021-06-23 09:24:16,18318.9,0
2021-06-23 09:24:18,18320.2,0
2021-06-23 09:24:25,18325.05,0
2021-06-23 09:24:27,18325.05,0
2021-06-23 09:24:30,18325.25,0
2021-06-23 09:24:38,18320.25,0
2021-06-23 09:24:45,18323.95,0
2021-06-23 09:24:46,18325.05,0
2021-06-23 09:24:49,18327.15,0
2021-06-23 09:24:50,18325.25,0
2021-06-23 09:24:59,18331.0,0
2021-06-23 09:25:00,18333.35,0
2021-06-23 09:25:06,18333.15,0
2021-06-23 09:25:07,18335.15,0
2021-06-23 09:25:12,18341.05,0
2021-06-23 09:25:14,18340.5,0
2021-06-23 09:25:17,18344.9,0
2021-06-23 09:25:21,18347.55,0
2021-06-23 09:25:24,18346.3,0
2021-06-23 09:25:39,18356.8,0
2021-06-23 09:25:54,18356.75,0
2021-06-23 09:25:55,18354.7,0
2021-06-23 09:25:56,18355.15,0
2021-06-23 09:25:57,18357.35,0
2021-06-23 09:25:59,18354.2,0
2021-06-23 09:26:01,18353.9,0
2021-06-23 09:26:12,18365.9,0
2021-06-23 09:26:15,18364.85,0
2021-06-23 09:26:19,18366.9,0
2021-06-23 09:26:28,18372.85,0
2021-06-23 09:26:33,18372.6,0
2021-06-23 09:26:34,18371.45,0
2021-06-23 09:26:35,18371.25,0
2021-06-23 09:26:36,18370.9,0
2021-06-23 09:26:37,18367.5,0
2021-06-23 09:26:38,18368.6,0
2021-06-23 09:26:39,18369.25,0
2021-06-23 09:26:45,18372.0,0
2021-06-23 09:26:50,18370.35,0
2021-06-23 09:26:53,18370.2,0
2021-06-23 09:26:56,18369.45,0
2021-06-23 09:27:01,18368.85,0
2021-06-23 09:27:03,18367.4,0
2021-06-23 09:27:07,18369.6,0
2021-06-23 09:27:11,18370.25,0
2021-06-23 09:27:21,18365.8,0
2021-06-23 09:27:26,18371.45,0
2021-06-23 09:27:28,18367.95,0
2021-06-23 09:27:33,18371.3,0
2021-06-23 09:27:39,18368.85,0
2021-06-23 09:27:44,18368.9,0
2021-06-23 09:27:53,18369.5,0
2021-06-23 09:27:58,18369.65,0
2021-06-23 09:28:00,18367.35,0
2021-06-23 09:28:06,18370.6,0
2021-06-23 09:28:08,18370.35,0
2021-06-23 09:28:13,18370.1,0
2021-06-23 09:28:29,18372.8,0
2021-06-23 09:28:34,18373.5,0
2021-06-23 09:28:37,18372.55,0
2021-06-23 09:28:38,18375.05,0
2021-06-23 09:28:41,18373.0,0
2021-06-23 09:28:50,18373.2,0
2021-06-23 09:28:58,18367.2,0
2021-06-23 09:29:08,18360.3,0
2021-06-23 09:29:15,18363.65,0
2021-06-23 09:29:18,18360.55,0
2021-06-23 09:29:27,18360.0,0
2021-06-23 09:29:28,18359.6,0
2021-06-23 09:29:31,18357.95,0
2021-06-23 09:29:33,18356.7,0
2021-06-23 09:29:41,18351.65,0
2021-06-23 09:29:45,18350.45,0
2021-06-23 09:29:47,18348.65,0
2021-06-23 09:29:48,18350.1,0
2021-06-23 09:29:57,18343.9,0
2021-06-23 09:30:07,18347.3,0
2021-06-23 09:30:09,18346.2,0
2021-06-23 09:30:20,18341.65,0
2021-06-23 09:30:26,18330.45,0
2021-06-23 09:30:27,18329.2,0
2021-06-23 09:30:38,18336.25,0
2021-06-23 09:30:49,18330.85,0
2021-06-23 09:30:55,18325.55,0
2021-06-23 09:30:57,18327.65,0
2021-06-23 09:31:00,18323.3,0
2021-06-23 09:31:03,18323.8,0
2021-06-23 09:31:06,18322.85,0
2021-06-23 09:31:14,18321.4,0
2021-06-23 09:31:17,18317.1,0
2021-06-23 09:31:21,18327.9,0
2021-06-23 09:31:22,18327.4,0
2021-06-23 09:31:25,18323.55,0
2021-06-23 09:31:28,18329.55,0
2021-06-23 09:31:30,18330.8,0
2021-06-23 09:31:35,18330.1,0
2021-06-23 09:31:38,18328.6,0
2021-06-23 09:31:39,18326.65,0
2021-06-23 09:31:40,18329.2,0
2021-06-23 09:31:41,18327.4,0
2021-06-23 09:31:43,18326.55,0
2021-06-23 09:31:48,18324.5,0
2021-06-23 09:31:54,18322.0,0
2021-06-23 09:32:00,18322.45,0
2021-06-23 09:32:01,18320.65,0
2021-06-23 09:32:04,18321.4,0
2021-06-23 09:32:08,18321.35,0
2021-06-23 09:32:09,18323.55,0
2021-06-23 09:32:16,18322.4,0
2021-06-23 09:32:18,18325.6,0
2021-06-23 09:32:24,18329.3,0
2021-06-23 09:32:29,18328.1,0
2021-06-23 09:32:35,18331.8,0
2021-06-23 09:32:42,18344.8,0
2021-06-23 09:32:43,18343.75,0
2021-06-23 09:32:47,18340.15,0
2021-06-23 09:32:48,18338.4,0
2021-06-23 09:32:50,18338.5,0
2021-06-23 09:32:51,18335.3,0
2021-06-23 09:32:55,18332.25,0
2021-06-23 09:33:06,18331.55,0
2021-06-23 09:33:09,18332.5,0
2021-06-23 09:33:13,18330.75,0
2021-06-23 09:33:14,18332.25,0
2021-06-23 09:33:16,18330.65,0
2021-06-23 09:33:27,18333.8,0
2021-06-23 09:33:38,18335.6,0
2021-06-23 09:33:40,18335.0,0
2021-06-23 09:33:42,18332.9,0
2021-06-23 09:33:44,18334.85,0
2021-06-23 09:33:53,18333.15,0
2021-06-23 09:33:55,18332.45,0
2021-06-23 09:33:59,18336.05,0
2021-06-23 09:34:01,18333.15,0
2021-06-23 09:34:02,18332.0,0
2021-06-23 09:34:05,18331.7,0
2021-06-23 09:34:13,18328.1,0
2021-06-23 09:34:14,18328.55,0
2021-06-23 09:34:16,18331.35,0
2021-06-23 09:34:22,18336.55,0
2021-06-23 09:34:23,18334.65,0
2021-06-23 09:34:39,18333.3,0
2021-06-23 09:34:47,18330.55,0
2021-06-23 09:34:50,18328.05,0
2021-06-23 09:35:07,18323.5,0
2021-06-23 09:35:08,18318.95,0
2021-06-23 09:35:22,18315.05,0
2021-06-23 09:35:37,18319.75,0
2021-06-23 09:35:38,18321.05,0
2021-06-23 09:35:41,18321.5,0
2021-06-23 09:36:03,18329.75,0
2021-06-23 09:36:07,18328.35,0
2021-06-23 09:36:12,18325.25,0
2021-06-23 09:36:14,18324.15,0
2021-06-23 09:36:18,18324.1,0
2021-06-23 09:36:23,18322.4,0
2021-06-23 09:36:35,18318.25,0
2021-06-23 09:36:37,18321.5,0
2021-06-23 09:36:47,18318.5,0
2021-06-23 09:37:00,18324.45,0
2021-06-23 09:37:11,18330.15,0
2021-06-23 09:37:15,18329.55,0
2021-06-23 09:37:16,18330.85,0
2021-06-23 09:37:19,18328.9,0
2021-06-23 09:37:23,18334.1,0
2021-06-23 09:37:27,18336.7,0
2021-06-23 09:37:30,18337.8,0
2021-06-23 09:37:31,18335.3,0
2021-06-23 09:37:32,18337.4,0
2021-06-23 09:37:33,18337.35,0
2021-06-23 09:37:39,18338.8,0
2021-06-23 09:37:49,18335.15,0
2021-06-23 09:37:50,18337.5,0
2021-06-23 09:38:00,18339.0,0
2021-06-23 09:38:01,18338.2,0
2021-06-23 09:38:08,18339.3,0
2021-06-23 09:38:10,18340.4,0
2021-06-23 09:38:11,18342.7,0
2021-06-23 09:38:12,18343.5,0
2021-06-23 09:38:15,18343.75,0
2021-06-23 09:38:16,18342.9,0
2021-06-23 09:38:22,18343.75,0
2021-06-23 09:38:26,18342.55,0
2021-06-23 09:38:30,18343.65,0
2021-06-23 09:38:34,18338.7,0
2021-06-23 09:38:37,18339.4,0
2021-06-23 09:38:39,18339.4,0
2021-06-23 09:38:44,18331.85,0
2021-06-23 09:38:46,18331.6,0
2021-06-23 09:38:53,18334.2,0
2021-06-23 09:38:58,18332.55,0
2021-06-23 09:39:02,18338.25,0
2021-06-23 09:39:06,18340.5,0
2021-06-23 09:39:08,18340.9,0
2021-06-23 09:39:10,18338.1,0
2021-06-23 09:39:24,18342.05,0
2021-06-23 09:39:30,18346.45,0
2021-06-23 09:39:35,18345.6,0
2021-06-23 09:39:38,18348.25,0
2021-06-23 09:39:42,18350.55,0
2021-06-23 09:39:47,18356.0,0
2021-06-23 09:39:52,18355.1,0
2021-06-23 09:39:55,18351.0,0
2021-06-23 09:39:57,18350.5,0
2021-06-23 09:39:58,18347.55,0
2021-06-23 09:40:08,18353.85,0
2021-06-23 09:40:09,18352.85,0
2021-06-23 09:40:10,18350.85,0
2021-06-23 09:40:12,18351.95,0
2021-06-23 09:40:20,18342.7,0
2021-06-23 09:40:21,18345.15,0
2021-06-23 09:40:22,18345.9,0
2021-06-23 09:40:28,18346.65,0
2021-06-23 09:40:34,18344.75,0
2021-06-23 09:40:36,18347.05,0
2021-06-23 09:40:38,18348.3,0
2021-06-23 09:40:41,18349.85,0
2021-06-23 09:40:44,18350.05,0
2021-06-23 09:40:56,18349.1,0
2021-06-23 09:40:59,18346.4,0
2021-06-23 09:41:00,18348.85,0
2021-06-23 09:41:03,18347.1,0
2021-06-23 09:41:14,18347.95,0
2021-06-23 09:41:15,18343.7,0
2021-06-23 09:41:16,18346.55,0
2021-06-23 09:41:17,18347.2,0
2021-06-23 09:41:21,18357.6,0
2021-06-23 09:41:33,18354.6,0
2021-06-23 09:41:36,18354.5,0
2021-06-23 09:41:46,18357.55,0
2021-06-23 09:41:52,18354.8,0
2021-06-23 09:41:53,18356.2,0
2021-06-23 09:42:04,18355.85,0
2021-06-23 09:42:12,18353.15,0
2021-06-23 09:42:13,18353.5,0
2021-06-23 09:42:15,18350.9,0
2021-06-23 09:42:17,18352.05,0
2021-06-23 09:42:26,18349.6,0
2021-06-23 09:42:30,18352.45,0
2021-06-23 09:42:34,18353.25,0
2021-06-23 09:42:37,18350.35,0
2021-06-23 09:42:46,18352.5,0
2021-06-23 09:42:48,18351.75,0
2021-06-23 09:42:50,18353.7,0
2021-06-23 09:42:57,18350.1,0
2021-06-23 09:43:12,18345.4,0
2021-06-23 09:43:15,18343.4,0
2021-06-23 09:43:22,18342.95,0
2021-06-23 09:43:25,18343.75,0
2021-06-23 09:43:29,18344.65,0
2021-06-23 09:43:36,18346.0,0
2021-06-23 09:43:39,18348.15,0
2021-06-23 09:43:48,18345.2,0
2021-06-23 09:43:50,18345.55,0
2021-06-23 09:43:53,18343.0,0
2021-06-23 09:44:01,18343.9,0
2021-06-23 09:44:02,18343.3,0
2021-06-23 09:44:07,18342.35,0
2021-06-23 09:44:12,18344.85,0
2021-06-23 09:44:13,18343.55,0
2021-06-23 09:44:22,18344.1,0
2021-06-23 09:44:36,18344.45,0
2021-06-23 09:44:41,18350.3,0
2021-06-23 09:44:46,18350.35,0
2021-06-23 09:44:51,18346.15,0
2021-06-23 09:44:54,18345.05,0
2021-06-23 09:45:05,18340.25,0
2021-06-23 09:45:07,18341.3,0
2021-06-23 09:45:08,18340.4,0
2021-06-23 09:45:23,18321.0,0
2021-06-23 09:45:27,18330.15,0
2021-06-23 09:45:31,18331.7,0
2021-06-23 09:45:38,18328.75,0
2021-06-23 09:45:39,18329.35,0
2021-06-23 09:45:43,18326.05,0
2021-06-23 09:45:48,18329.45,0
2021-06-23 09:45:54,18325.45,0
2021-06-23 09:45:55,18323.45,0
2021-06-23 09:45:59,18322.0,0
2021-06-23 09:46:10,18320.7,0
2021-06-23 09:46:21,18317.15,0
2021-06-23 09:46:24,18319.3,0
2021-06-23 09:46:30,18316.0,0
2021-06-23 09:46:44,18321.8,0
2021-06-23 09:46:45,18319.2,0
2021-06-23 09:46:47,18322.65,0
2021-06-23 09:46:55,18316.65,0
2021-06-23 09:47:00,18314.6,0
2021-06-23 09:47:01,18317.7,0
2021-06-23 09:47:02,18317.1,0
2021-06-23 09:47:10,18313.35,0
2021-06-23 09:47:11,18313.2,0
2021-06-23 09:47:21,18315.05,0
2021-06-23 09:47:25,18311.85,0
2021-06-23 09:47:27,18309.3,0
2021-06-23 09:47:28,18310.95,0
2021-06-23 09:47:29,18308.65,0
2021-06-23 09:47:45,18312.85,0
2021-06-23 09:47:47,18313.0,0
2021-06-23 09:47:51,18311.15,0
2021-06-23 09:47:56,18309.95,0
2021-06-23 09:47:58,18311.0,0
2021-06-23 09:47:59,18313.2,0
2021-06-23 09:48:00,18312.7,0
2021-06-23 09:48:03,18311.7,0
2021-06-23 09:48:08,18311.5,0
2021-06-23 09:48:12,18312.3,0
2021-06-23 09:48:14,18315.65,0
2021-06-23 09:48:22,18317.5,0
2021-06-23 09:48:29,18323.6,0
2021-06-23 09:48:38,18321.3,0
2021-06-23 09:48:39,18319.3,0
2021-06-23 09:48:40,18320.0,0
2021-06-23 09:48:42,18317.65,0
2021-06-23 09:48:44,18317.95,0
2021-06-23 09:48:50,18314.15,0
2021-06-23 09:48:56,18313.2,0
2021-06-23 09:48:59,18316.85,0
2021-06-23 09:49:04,18315.15,0
2021-06-23 09:49:16,18317.55,0
2021-06-23 09:49:17,18318.0,0
2021-06-23 09:49:21,18316.7,0
2021-06-23 09:49:22,18316.3,0
2021-06-23 09:49:23,18312.25,0
2021-06-23 09:49:24,18316.15,0
2021-06-23 09:49:26,18314.3,0
2021-06-23 09:49:33,18312.8,0
2021-06-23 09:49:37,18313.55,0
2021-06-23 09:49:39,18310.95,0
2021-06-23 09:49:44,18311.8,0
2021-06-23 09:49:45,18314.35,0
2021-06-23 09:49:49,18315.7,0
2021-06-23 09:49:54,18313.95,0
2021-06-23 09:49:58,18315.7,0
2021-06-23 09:50:08,18312.95,0
2021-06-23 09:50:11,18314.0,0
2021-06-23 09:50:13,18311.2,0
2021-06-23 09:50:14,18311.2,0
2021-06-23 09:50:17,18311.0,0
2021-06-23 09:50:23,18307.5,0
2021-06-23 09:50:26,18306.9,0
2021-06-23 09:50:32,18308.05,0
2021-06-23 09:50:41,18306.65,0
2021-06-23 09:50:42,18306.65,0
2021-06-23 09:50:44,18306.7,0
2021-06-23 09:50:46,18306.7,0
2021-06-23 09:50:51,18306.5,0
2021-06-23 09:50:55,18306.7,0
2021-06-23 09:50:59,18306.4,0
2021-06-23 09:51:03,18304.9,0
2021-06-23 09:51:16,18304.25,0
2021-06-23 09:51:20,18308.3,0
2021-06-23 09:51:24,18310.7,0
2021-06-23 09:51:25,18313.4,0
2021-06-23 09:51:28,18312.65,0
2021-06-23 09:51:29,18310.8,0
2021-06-23 09:51:33,18312.25,0
2021-06-23 09:51:40,18311.55,0
2021-06-23 09:51:45,18310.1,0
2021-06-23 09:51:50,18308.3,0
2021-06-23 09:52:05,18308.4,0
2021-06-23 09:52:07,18306.05,0
2021-06-23 09:52:08,18304.7,0
2021-06-23 09:52:10,18307.25,0
2021-06-23 09:52:14,18307.35,0
2021-06-23 09:52:23,18306.95,0
2021-06-23 09:52:25,18303.6,0
2021-06-23 09:52:26,18305.0,0
2021-06-23 09:52:28,18303.95,0
2021-06-23 09:52:30,18306.3,0
2021-06-23 09:52:48,18299.55,0
2021-06-23 09:52:50,18299.8,0
2021-06-23 09:52:53,18299.15,0
2021-06-23 09:52:55,18302.7,0
2021-06-23 09:52:57,18300.9,0
2021-06-23 09:53:02,18301.3,0
2021-06-23 09:53:03,18302.45,0
2021-06-23 09:53:05,18296.45,0
2021-06-23 09:53:09,18300.7,0
2021-06-23 09:53:10,18297.6,0
2021-06-23 09:53:12,18298.5,0
2021-06-23 09:53:13,18300.25,0
2021-06-23 09:53:14,18300.15,0
2021-06-23 09:53:20,18299.5,0
2021-06-23 09:53:22,18299.55,0
2021-06-23 09:53:29,18295.15,0
2021-06-23 09:53:43,18291.15,0
2021-06-23 09:53:49,18289.55,0
2021-06-23 09:53:53,18287.2,0
2021-06-23 09:53:56,18285.35,0
2021-06-23 09:54:04,18294.9,0
2021-06-23 09:54:07,18295.3,0
2021-06-23 09:54:17,18296.15,0
2021-06-23 09:54:25,18293.55,0
2021-06-23 09:54:26,18292.35,0
2021-06-23 09:54:28,18292.6,0
2021-06-23 09:54:50,18296.3,0
2021-06-23 09:54:54,18295.5,0
2021-06-23 09:55:03,18295.8,0
2021-06-23 09:55:09,18298.3,0
2021-06-23 09:55:10,18297.25,0
2021-06-23 09:55:15,18297.45,0
2021-06-23 09:55:17,18297.35,0
2021-06-23 09:55:21,18298.0,0
2021-06-23 09:55:22,18295.55,0
2021-06-23 09:55:24,18297.9,0
2021-06-23 09:55:29,18296.45,0
2021-06-23 09:55:30,18296.6,0
2021-06-23 09:55:42,18302.25,0
2021-06-23 09:55:44,18301.55,0
2021-06-23 09:55:51,18311.0,0
2021-06-23 09:55:57,18304.8,0
2021-06-23 09:55:58,18304.8,0
2021-06-23 09:56:02,18302.1,0
2021-06-23 09:56:06,18301.7,0
2021-06-23 09:56:20,18294.95,0
2021-06-23 09:56:22,18291.25,0
2021-06-23 09:56:24,18291.7,0
2021-06-23 09:56:29,18289.35,0
2021-06-23 09:56:40,18294.15,0
2021-06-23 09:56:48,18298.75,0
2021-06-23 09:56:49,18302.65,0
2021-06-23 09:56:53,18299.95,0
2021-06-23 09:56:54,18299.05,0
2021-06-23 09:56:55,18298.7,0
2021-06-23 09:56:56,18298.2,0
2021-06-23 09:56:57,18297.55,0
2021-06-23 09:56:59,18301.75,0
2021-06-23 09:57:00,18301.45,0
2021-06-23 09:57:06,18304.4,0
2021-06-23 09:57:11,18301.5,0
2021-06-23 09:57:15,18300.75,0
2021-06-23 09:57:17,18299.6,0
2021-06-23 09:57:19,18301.1,0
2021-06-23 09:57:22,18303.4,0
2021-06-23 09:57:23,18302.45,0
2021-06-23 09:57:29,18301.2,0
2021-06-23 09:57:48,18303.2,0
2021-06-23 09:57:55,18302.2,0
2021-06-23 09:57:56,18300.65,0
2021-06-23 09:57:57,18301.85,0
2021-06-23 09:58:00,18304.65,0
2021-06-23 09:58:06,18303.2,0
2021-06-23 09:58:08,18304.85,0
2021-06-23 09:58:19,18306.0,0
2021-06-23 09:58:20,18306.1,0
2021-06-23 09:58:27,18311.95,0
2021-06-23 09:58:29,18314.5,0
2021-06-23 09:58:33,18309.95,0
2021-06-23 09:58:36,18312.7,0
2021-06-23 09:58:41,18313.3,0
2021-06-23 09:58:45,18309.0,0
2021-06-23 09:58:47,18310.45,0
2021-06-23 09:58:48,18309.7,0
2021-06-23 09:58:58,18309.95,0
2021-06-23 09:59:01,18310.5,0
2021-06-23 09:59:05,18310.1,0
2021-06-23 09:59:07,18310.5,0
2021-06-23 09:59:10,18312.95,0
2021-06-23 09:59:11,18310.65,0
2021-06-23 09:59:13,18312.15,0
2021-06-23 09:59:26,18311.0,0
2021-06-23 09:59:31,18313.3,0
2021-06-23 09:59:40,18314.95,0
2021-06-23 09:59:42,18315.85,0
2021-06-23 09:59:44,18314.8,0
2021-06-23 09:59:51,18312.15,0
2021-06-23 10:00:04,18308.4,0
2021-06-23 10:00:06,18311.15,0
2021-06-23 10:00:11,18310.95,0
2021-06-23 10:00:13,18311.35,0
2021-06-23 10:00:17,18313.5,0
2021-06-23 10:00:16,18312.15,0
2021-06-23 10:00:24,18317.7,0
2021-06-23 10:00:37,18322.2,0
2021-06-23 10:00:41,18323.1,0
2021-06-23 10:00:44,18319.85,0
2021-06-23 10:00:45,18321.2,0
2021-06-23 10:00:48,18323.45,0
2021-06-23 10:00:50,18325.7,0
2021-06-23 10:00:53,18324.8,0
2021-06-23 10:00:56,18326.35,0
2021-06-23 10:01:02,18326.1,0
2021-06-23 10:01:06,18328.3,0
2021-06-23 10:01:11,18328.95,0
2021-06-23 10:01:17,18326.2,0
2021-06-23 10:01:21,18326.15,0
2021-06-23 10:01:30,18324.45,0
2021-06-23 10:01:35,18323.45,0
2021-06-23 10:01:42,18323.35,0
2021-06-23 10:01:44,18324.9,0
2021-06-23 10:01:45,18325.2,0
2021-06-23 10:01:47,18325.45,0
2021-06-23 10:01:52,18322.5,0
2021-06-23 10:01:56,18322.3,0
2021-06-23 10:02:03,18325.65,0
2021-06-23 10:02:04,18327.5,0
2021-06-23 10:02:06,18327.55,0
2021-06-23 10:02:16,18329.35,0
2021-06-23 10:02:17,18329.1,0
2021-06-23 10:02:21,18330.6,0
2021-06-23 10:02:23,18328.5,0
2021-06-23 10:02:27,18329.15,0
2021-06-23 10:02:29,18328.05,0
2021-06-23 10:02:35,18328.45,0
2021-06-23 10:02:38,18326.55,0
2021-06-23 10:02:39,18328.45,0
2021-06-23 10:02:40,18329.65,0
2021-06-23 10:02:47,18329.55,0
2021-06-23 10:02:51,18329.95,0
2021-06-23 10:02:53,18328.0,0
2021-06-23 10:03:01,18327.45,0
2021-06-23 10:03:03,18330.1,0
2021-06-23 10:03:08,18330.3,0
2021-06-23 10:03:13,18331.05,0
2021-06-23 10:03:24,18329.05,0
2021-06-23 10:03:25,18328.8,0
2021-06-23 10:03:30,18325.8,0
2021-06-23 10:03:37,18325.45,0
2021-06-23 10:03:38,18325.35,0
2021-06-23 10:03:41,18327.9,0
2021-06-23 10:03:47,18325.3,0
2021-06-23 10:03:52,18325.0,0
2021-06-23 10:04:07,18321.8,0
2021-06-23 10:04:25,18321.75,0
2021-06-23 10:04:26,18321.7,0
2021-06-23 10:04:32,18320.35,0
2021-06-23 10:04:46,18322.15,0
2021-06-23 10:04:47,18321.45,0
2021-06-23 10:04:54,18318.0,0
2021-06-23 10:05:04,18315.6,0
2021-06-23 10:05:14,18314.15,0
2021-06-23 10:05:15,18314.35,0
2021-06-23 10:05:17,18314.4,0
2021-06-23 10:05:20,18315.05,0
2021-06-23 10:05:21,18314.05,0
2021-06-23 10:05:23,18317.0,0
2021-06-23 10:05:24,18317.35,0
2021-06-23 10:05:26,18315.95,0
2021-06-23 10:05:30,18317.95,0
2021-06-23 10:05:38,18316.8,0
2021-06-23 10:05:41,18318.15,0
2021-06-23 10:05:42,18318.05,0
2021-06-23 10:05:44,18317.8,0
2021-06-23 10:05:47,18317.55,0
2021-06-23 10:05:55,18317.05,0
2021-06-23 10:05:56,18317.35,0
2021-06-23 10:05:58,18316.65,0
2021-06-23 10:06:00,18317.2,0
2021-06-23 10:06:03,18318.35,0
2021-06-23 10:06:05,18318.3,0
2021-06-23 10:06:08,18320.0,0
2021-06-23 10:06:13,18320.45,0
2021-06-23 10:06:16,18318.7,0
2021-06-23 10:06:18,18320.05,0
2021-06-23 10:06:23,18320.4,0
2021-06-23 10:06:24,18321.35,0
2021-06-23 10:06:37,18323.6,0
2021-06-23 10:06:43,18322.1,0
2021-06-23 10:06:45,18323.05,0
2021-06-23 10:06:54,18323.25,0
2021-06-23 10:06:57,18322.9,0
2021-06-23 10:06:59,18324.0,0
2021-06-23 10:07:01,18325.75,0
2021-06-23 10:07:04,18323.15,0
2021-06-23 10:07:07,18324.85,0
2021-06-23 10:07:09,18325.4,0
2021-06-23 10:07:16,18323.3,0
2021-06-23 10:07:21,18324.85,0
2021-06-23 10:07:23,18323.6,0
2021-06-23 10:07:27,18323.0,0
2021-06-23 10:07:28,18323.3,0
2021-06-23 10:07:35,18325.35,0
2021-06-23 10:07:37,18322.6,0
2021-06-23 10:07:39,18326.4,0
2021-06-23 10:07:42,18327.1,0
2021-06-23 10:08:00,18324.7,0
2021-06-23 10:08:02,18326.65,0
2021-06-23 10:08:06,18326.1,0
2021-06-23 10:08:08,18325.9,0
2021-06-23 10:08:09,18324.6,0
2021-06-23 10:08:13,18321.65,0
2021-06-23 10:08:14,18321.85,0
2021-06-23 10:08:19,18320.85,0
2021-06-23 10:08:31,18322.5,0
2021-06-23 10:08:35,18321.05,0
2021-06-23 10:08:36,18319.45,0
2021-06-23 10:08:38,18320.05,0
2021-06-23 10:08:43,18322.55,0
2021-06-23 10:08:51,18322.3,0
2021-06-23 10:08:57,18322.6,0
2021-06-23 10:09:06,18324.5,0
2021-06-23 10:09:09,18324.2,0
2021-06-23 10:09:10,18323.9,0
2021-06-23 10:09:30,18324.95,0
2021-06-23 10:09:32,18327.15,0
2021-06-23 10:09:36,18327.95,0
2021-06-23 10:09:37,18326.15,0
2021-06-23 10:09:40,18325.55,0
2021-06-23 10:09:41,18325.3,0
2021-06-23 10:09:43,18326.4,0
2021-06-23 10:09:45,18327.65,0
2021-06-23 10:09:55,18328.05,0
2021-06-23 10:09:57,18326.95,0
2021-06-23 10:10:00,18326.15,0
2021-06-23 10:10:02,18325.35,0
2021-06-23 10:10:03,18327.15,0
2021-06-23 10:10:04,18323.95,0
2021-06-23 10:10:14,18328.65,0
2021-06-23 10:10:19,18330.05,0
2021-06-23 10:10:29,18324.25,0
2021-06-23 10:10:37,18319.4,0
2021-06-23 10:10:39,18318.0,0
2021-06-23 10:10:48,18312.0,0
2021-06-23 10:10:51,18312.4,0
2021-06-23 10:10:52,18310.55,0
2021-06-23 10:11:02,18309.75,0
2021-06-23 10:11:03,18309.3,0
2021-06-23 10:11:04,18309.2,0
2021-06-23 10:11:05,18308.95,0
2021-06-23 10:11:11,18306.0,0
2021-06-23 10:11:12,18307.8,0
2021-06-23 10:11:17,18303.0,0
2021-06-23 10:11:25,18299.1,0
2021-06-23 10:11:27,18298.45,0
2021-06-23 10:11:35,18302.2,0
2021-06-23 10:11:36,18300.85,0
2021-06-23 10:11:45,18303.9,0
2021-06-23 10:11:50,18301.05,0
2021-06-23 10:11:51,18300.3,0
2021-06-23 10:12:03,18296.85,0
2021-06-23 10:12:09,18292.6,0
2021-06-23 10:12:10,18290.15,0
2021-06-23 10:12:22,18290.05,0
2021-06-23 10:12:29,18284.2,0
2021-06-23 10:12:34,18284.15,0
2021-06-23 10:12:41,18288.4,0
2021-06-23 10:12:44,18286.0,0
2021-06-23 10:12:45,18285.6,0
2021-06-23 10:12:52,18284.85,0
2021-06-23 10:12:53,18283.7,0
2021-06-23 10:12:57,18282.35,0
2021-06-23 10:12:58,18282.75,0
2021-06-23 10:12:59,18282.35,0
2021-06-23 10:13:04,18280.9,0
2021-06-23 10:13:10,18284.45,0
2021-06-23 10:13:11,18280.6,0
2021-06-23 10:13:15,18282.6,0
2021-06-23 10:13:16,18280.15,0
2021-06-23 10:13:19,18278.0,0
2021-06-23 10:13:20,18282.4,0
2021-06-23 10:13:27,18285.65,0
2021-06-23 10:13:28,18284.4,0
2021-06-23 10:13:30,18286.35,0
2021-06-23 10:13:41,18283.6,0
2021-06-23 10:13:50,18285.3,0
2021-06-23 10:14:03,18284.1,0
2021-06-23 10:14:09,18281.0,0
2021-06-23 10:14:11,18282.0,0
2021-06-23 10:14:17,18284.4,0
2021-06-23 10:14:18,18282.95,0
2021-06-23 10:14:23,18287.35,0
2021-06-23 10:14:26,18286.05,0
2021-06-23 10:14:27,18286.3,0
2021-06-23 10:14:34,18289.1,0
2021-06-23 10:14:35,18289.15,0
2021-06-23 10:14:38,18287.5,0
2021-06-23 10:14:44,18290.25,0
2021-06-23 10:14:47,18286.95,0
2021-06-23 10:14:53,18284.3,0
2021-06-23 10:15:13,18268.5,0
2021-06-23 10:15:15,18258.3,0
2021-06-23 10:15:20,18258.2,0
2021-06-23 10:15:30,18260.65,0
2021-06-23 10:15:33,18261.4,0
2021-06-23 10:15:34,18258.5,0
2021-06-23 10:15:36,18261.1,0
2021-06-23 10:15:38,18256.15,0
2021-06-23 10:15:42,18248.85,0
2021-06-23 10:15:47,18248.2,0
2021-06-23 10:15:51,18248.8,0
2021-06-23 10:15:52,18255.0,0
2021-06-23 10:15:59,18258.75,0
2021-06-23 10:16:05,18248.25,0
2021-06-23 10:16:08,18252.4,0
2021-06-23 10:16:15,18252.05,0
2021-06-23 10:16:16,18251.9,0
2021-06-23 10:16:23,18251.25,0
2021-06-23 10:16:24,18252.05,0
2021-06-23 10:16:25,18251.0,0
2021-06-23 10:16:26,18248.5,0
2021-06-23 10:16:30,18250.4,0
2021-06-23 10:16:32,18248.35,0
2021-06-23 10:16:34,18249.05,0
2021-06-23 10:16:36,18246.65,0
2021-06-23 10:16:40,18247.35,0
2021-06-23 10:16:41,18248.7,0
2021-06-23 10:16:44,18244.15,0
2021-06-23 10:16:49,18245.75,0
2021-06-23 10:16:54,18243.2,0
2021-06-23 10:16:57,18242.35,0
2021-06-23 10:16:58,18244.5,0
2021-06-23 10:16:59,18242.95,0
2021-06-23 10:17:07,18248.95,0
2021-06-23 10:17:16,18249.5,0
2021-06-23 10:17:26,18252.35,0
2021-06-23 10:17:27,18255.5,0
2021-06-23 10:17:30,18257.1,0
2021-06-23 10:17:43,18250.9,0
2021-06-23 10:17:44,18252.35,0
2021-06-23 10:17:47,18248.6,0
2021-06-23 10:17:58,18250.8,0
2021-06-23 10:18:17,18242.05,0
2021-06-23 10:18:19,18247.15,0
2021-06-23 10:18:28,18251.85,0
2021-06-23 10:18:39,18246.1,0
2021-06-23 10:18:48,18248.35,0
2021-06-23 10:19:08,18251.25,0
2021-06-23 10:19:10,18250.0,0
2021-06-23 10:19:21,18252.6,0
2021-06-23 10:19:22,18249.5,0
2021-06-23 10:19:24,18252.8,0
2021-06-23 10:19:33,18254.9,0
2021-06-23 10:19:34,18253.95,0
2021-06-23 10:19:37,18255.4,0
2021-06-23 10:19:41,18254.45,0
2021-06-23 10:19:46,18253.7,0
2021-06-23 10:19:51,18255.4,0
2021-06-23 10:19:52,18254.45,0
2021-06-23 10:19:53,18255.15,0
2021-06-23 10:20:11,18251.4,0
2021-06-23 10:20:13,18252.15,0
2021-06-23 10:20:16,18255.05,0
2021-06-23 10:20:27,18258.45,0
2021-06-23 10:20:36,18256.45,0
2021-06-23 10:20:41,18257.0,0
2021-06-23 10:20:44,18256.4,0
2021-06-23 10:20:50,18256.9,0
2021-06-23 10:20:51,18259.6,0
2021-06-23 10:20:52,18257.25,0
2021-06-23 10:20:55,18258.0,0
2021-06-23 10:20:57,18261.35,0
2021-06-23 10:21:02,18257.5,0
2021-06-23 10:21:03,18259.15,0
2021-06-23 10:21:04,18258.05,0
2021-06-23 10:21:07,18257.1,0
2021-06-23 10:21:12,18256.05,0
2021-06-23 10:21:21,18264.6,0
2021-06-23 10:21:24,18265.35,0
2021-06-23 10:21:25,18264.5,0
2021-06-23 10:21:39,18262.35,0
2021-06-23 10:21:40,18262.35,0
2021-06-23 10:21:42,18262.2,0
2021-06-23 10:21:46,18262.45,0
2021-06-23 10:21:49,18263.7,0
2021-06-23 10:21:50,18261.65,0
2021-06-23 10:21:51,18262.8,0
2021-06-23 10:21:57,18262.25,0
2021-06-23 10:22:06,18264.3,0
2021-06-23 10:22:07,18265.3,0
2021-06-23 10:22:12,18264.25,0
2021-06-23 10:22:26,18266.75,0
2021-06-23 10:22:32,18267.65,0
2021-06-23 10:22:34,18267.6,0
2021-06-23 10:22:38,18269.35,0
2021-06-23 10:22:39,18269.75,0
2021-06-23 10:22:47,18270.4,0
2021-06-23 10:22:51,18269.1,0
2021-06-23 10:22:53,18265.2,0
2021-06-23 10:23:03,18266.7,0
2021-06-23 10:23:04,18267.85,0
2021-06-23 10:23:08,18273.2,0
2021-06-23 10:23:10,18270.05,0
2021-06-23 10:23:17,18270.85,0
2021-06-23 10:23:19,18270.85,0
2021-06-23 10:23:21,18272.8,0
2021-06-23 10:23:24,18272.3,0
2021-06-23 10:23:30,18273.7,0
2021-06-23 10:23:33,18262.7,0
2021-06-23 10:23:35,18265.95,0
2021-06-23 10:23:38,18266.55,0
2021-06-23 10:23:39,18266.8,0
2021-06-23 10:23:41,18266.45,0
2021-06-23 10:23:43,18265.8,0
2021-06-23 10:23:46,18269.1,0
2021-06-23 10:23:52,18270.45,0
2021-06-23 10:23:54,18273.45,0
2021-06-23 10:24:03,18271.8,0
2021-06-23 10:24:10,18270.95,0
2021-06-23 10:24:11,18271.6,0
2021-06-23 10:24:23,18269.8,0
2021-06-23 10:24:28,18271.1,0
2021-06-23 10:24:29,18270.65,0
2021-06-23 10:24:30,18269.8,0
2021-06-23 10:24:31,18269.7,0
2021-06-23 10:24:39,18271.1,0
2021-06-23 10:24:41,18271.85,0
2021-06-23 10:24:43,18270.25,0
2021-06-23 10:36:42,18298.4,0
2021-06-23 10:36:52,18292.65,0
2021-06-23 10:36:54,18294.5,0
2021-06-23 10:36:57,18291.7,0
2021-06-23 10:37:08,18290.4,0
2021-06-23 10:37:12,18290.65,0
2021-06-23 10:37:13,18290.95,0
2021-06-23 10:37:16,18292.15,0
2021-06-23 10:37:25,18290.75,0
2021-06-23 10:37:26,18290.75,0
2021-06-23 10:37:28,18289.85,0
2021-06-23 10:37:29,18288.6,0
2021-06-23 10:37:33,18288.05,0
2021-06-23 10:37:37,18289.45,0
2021-06-23 10:37:41,18284.5,0
2021-06-23 10:37:43,18282.8,0
2021-06-23 10:37:58,18285.35,0
2021-06-23 10:38:02,18288.0,0
2021-06-23 10:38:07,18288.95,0
2021-06-23 10:38:09,18290.9,0
2021-06-23 10:38:13,18286.95,0
2021-06-23 10:38:14,18287.1,0
2021-06-23 10:38:18,18287.85,0
2021-06-23 10:38:19,18289.15,0
2021-06-23 10:38:26,18290.85,0
2021-06-23 10:38:30,18288.8,0
2021-06-23 10:38:39,18286.5,0
2021-06-23 10:38:42,18287.1,0
2021-06-23 10:38:55,18284.0,0
2021-06-23 10:39:02,18282.75,0
2021-06-23 10:39:10,18283.2,0
2021-06-23 10:39:17,18281.85,0
2021-06-23 10:39:26,18280.7,0
2021-06-23 10:39:29,18279.25,0
2021-06-23 10:39:34,18279.45,0
2021-06-23 10:39:35,18279.9,0
2021-06-23 10:39:40,18270.0,0
2021-06-23 10:39:41,18270.65,0
2021-06-23 10:39:50,18276.1,0
2021-06-23 10:39:55,18274.35,0
2021-06-23 10:39:58,18272.9,0
2021-06-23 10:40:04,18273.6,0
2021-06-23 10:40:06,18274.1,0
2021-06-23 10:40:08,18272.45,0
2021-06-23 10:40:11,18272.3,0
2021-06-23 10:40:13,18271.25,0
2021-06-23 10:40:14,18272.2,0
2021-06-23 10:40:16,18272.45,0
2021-06-23 10:40:28,18271.9,0
2021-06-23 10:40:30,18272.2,0
2021-06-23 10:40:32,18272.35,0
2021-06-23 10:40:34,18272.05,0
2021-06-23 10:40:55,18266.4,0
2021-06-23 10:40:58,18267.9,0
2021-06-23 10:40:59,18268.55,0
2021-06-23 10:41:02,18271.05,0
2021-06-23 10:41:05,18269.4,0
2021-06-23 10:41:06,18270.05,0
2021-06-23 10:41:19,18272.8,0
2021-06-23 10:41:20,18273.4,0
2021-06-23 10:41:21,18272.3,0
2021-06-23 10:41:23,18273.7,0
2021-06-23 10:41:28,18272.8,0
2021-06-23 10:41:33,18272.85,0
2021-06-23 10:41:36,18272.95,0
2021-06-23 10:41:41,18270.55,0
2021-06-23 10:41:44,18272.2,0
2021-06-23 10:41:46,18274.95,0
2021-06-23 10:41:49,18273.15,0
2021-06-23 10:41:57,18276.6,0
2021-06-23 10:42:04,18273.95,0
2021-06-23 10:42:06,18273.15,0
2021-06-23 10:42:07,18272.45,0
2021-06-23 10:42:09,18272.75,0
2021-06-23 10:42:16,18273.55,0
2021-06-23 10:42:19,18273.25,0
2021-06-23 10:42:29,18274.95,0
2021-06-23 10:42:52,18275.65,0
2021-06-23 10:43:00,18277.05,0
2021-06-23 10:43:03,18276.65,0
2021-06-23 10:43:08,18278.85,0
2021-06-23 10:43:11,18278.7,0
2021-06-23 10:43:14,18275.9,0
2021-06-23 10:43:17,18276.7,0
2021-06-23 10:43:18,18277.6,0
2021-06-23 10:43:22,18277.65,0
2021-06-23 10:43:25,18279.15,0
2021-06-23 10:43:29,18280.45,0
2021-06-23 10:43:30,18278.95,0
2021-06-23 10:43:39,18282.0,0
2021-06-23 10:43:44,18281.65,0
2021-06-23 10:43:45,18282.15,0
2021-06-23 10:43:49,18283.55,0
2021-06-23 10:43:51,18284.45,0
2021-06-23 10:43:53,18283.95,0
2021-06-23 10:43:55,18281.85,0
2021-06-23 10:43:55,18281.85,0
2021-06-23 10:44:00,18284.2,0
2021-06-23 10:44:01,18284.15,0
2021-06-23 10:44:03,18286.4,0
2021-06-23 10:44:05,18284.1,0
2021-06-23 10:44:07,18284.3,0
2021-06-23 10:44:08,18287.05,0
2021-06-23 10:44:11,18285.5,0
2021-06-23 10:44:13,18285.65,0
2021-06-23 10:44:18,18288.5,0
2021-06-23 10:44:19,18286.7,0
2021-06-23 10:44:20,18286.45,0
2021-06-23 10:44:25,18286.5,0
2021-06-23 10:44:27,18285.7,0
2021-06-23 10:44:29,18285.85,0
2021-06-23 10:44:31,18285.75,0
2021-06-23 10:44:37,18287.1,0
2021-06-23 10:44:41,18287.1,0
2021-06-23 10:44:45,18287.6,0
2021-06-23 10:44:50,18288.1,0
2021-06-23 10:44:52,18287.7,0
2021-06-23 10:44:54,18290.45,0
2021-06-23 10:44:54,18290.45,0
2021-06-23 10:45:00,18288.6,0
2021-06-23 10:45:01,18290.4,0
2021-06-23 10:45:04,18291.9,0
2021-06-23 10:45:06,18291.25,0
2021-06-23 10:45:18,18288.85,0
2021-06-23 10:45:21,18289.8,0
2021-06-23 10:45:32,18294.1,0
2021-06-23 10:45:34,18295.15,0
2021-06-23 10:45:46,18292.25,0
2021-06-23 10:45:51,18292.25,0
2021-06-23 10:45:54,18292.0,0
2021-06-23 10:45:59,18293.6,0
2021-06-23 10:45:59,18293.6,0
2021-06-23 10:46:02,18292.8,0
2021-06-23 10:46:05,18293.85,0
2021-06-23 10:46:06,18294.05,0
2021-06-23 10:46:09,18293.9,0
2021-06-23 10:46:11,18292.65,0
2021-06-23 10:46:14,18295.4,0
2021-06-23 10:46:19,18294.05,0
2021-06-23 10:46:24,18294.65,0
2021-06-23 10:46:25,18294.45,0
2021-06-23 10:46:29,18297.05,0
2021-06-23 10:46:34,18297.25,0
2021-06-23 10:46:41,18296.05,0
2021-06-23 10:46:42,18294.95,0
2021-06-23 10:46:45,18296.6,0
2021-06-23 10:46:51,18292.95,0
2021-06-23 10:46:52,18292.95,0
2021-06-23 10:46:58,18293.05,0
2021-06-23 10:47:00,18293.55,0
2021-06-23 10:47:01,18293.55,0
2021-06-23 10:47:05,18293.8,0
2021-06-23 10:47:07,18294.75,0
2021-06-23 10:47:13,18298.95,0
2021-06-23 10:47:17,18298.3,0
2021-06-23 10:47:22,18296.15,0
2021-06-23 10:47:27,18295.15,0
2021-06-23 10:47:38,18297.15,0
2021-06-23 10:47:39,18296.2,0
2021-06-23 10:47:43,18298.65,0
2021-06-23 10:47:48,18297.55,0
2021-06-23 10:47:53,18300.0,0
2021-06-23 10:47:54,18297.9,0
2021-06-23 10:47:58,18295.6,0
2021-06-23 10:47:58,18295.6,0
2021-06-23 10:48:08,18294.65,0
2021-06-23 10:48:09,18295.2,0
2021-06-23 10:48:10,18296.1,0
2021-06-23 10:48:13,18294.5,0
2021-06-23 10:48:19,18295.65,0
2021-06-23 10:48:21,18296.1,0
2021-06-23 10:48:22,18296.1,0
2021-06-23 10:48:23,18295.5,0
2021-06-23 10:48:26,18295.7,0
2021-06-23 10:48:30,18294.85,0
2021-06-23 10:48:31,18294.75,0
2021-06-23 10:48:44,18297.95,0
2021-06-23 10:48:45,18297.4,0
2021-06-23 10:48:53,18299.05,0
2021-06-23 10:48:53,18299.05,0
2021-06-23 10:49:03,18300.3,0
2021-06-23 10:49:04,18301.1,0
2021-06-23 10:49:09,18297.6,0
2021-06-23 10:49:14,18300.4,0
2021-06-23 10:49:16,18296.9,0
2021-06-23 10:49:19,18298.4,0
2021-06-23 10:49:24,18296.75,0
2021-06-23 10:49:25,18300.3,0
2021-06-23 10:49:26,18298.3,0
2021-06-23 10:49:27,18298.1,0
2021-06-23 10:49:28,18297.6,0
2021-06-23 10:49:30,18298.6,0
2021-06-23 10:49:34,18300.0,0
2021-06-23 10:49:35,18298.55,0
2021-06-23 10:49:40,18297.85,0
2021-06-23 10:49:43,18299.9,0
2021-06-23 10:49:45,18298.65,0
2021-06-23 10:49:46,18297.55,0
2021-06-23 10:49:47,18297.55,0
2021-06-23 10:49:55,18302.95,0
2021-06-23 10:49:57,18300.05,0
2021-06-23 10:50:01,18299.65,0
2021-06-23 10:50:02,18300.2,0
2021-06-23 10:50:02,18300.2,0
2021-06-23 10:50:09,18300.25,0
2021-06-23 10:50:10,18300.4,0
2021-06-23 10:50:11,18301.8,0
2021-06-23 10:50:12,18302.45,0
2021-06-23 10:50:14,18302.95,0
2021-06-23 10:50:16,18301.05,0
2021-06-23 10:50:21,18300.85,0
2021-06-23 10:50:37,18300.4,0
2021-06-23 10:50:39,18303.95,0
2021-06-23 10:50:41,18305.1,0
2021-06-23 10:50:44,18307.3,0
2021-06-23 10:50:45,18305.15,0
2021-06-23 10:50:51,18305.3,0
2021-06-23 10:50:51,18305.3,0
2021-06-23 10:51:06,18307.35,0
2021-06-23 10:51:07,18307.0,0
2021-06-23 10:51:15,18306.65,0
2021-06-23 10:51:17,18306.1,0
2021-06-23 10:51:27,18304.7,0
2021-06-23 10:51:28,18307.95,0
2021-06-23 10:51:32,18307.05,0
2021-06-23 10:51:33,18306.2,0
2021-06-23 10:51:43,18307.3,0
2021-06-23 10:51:44,18308.25,0
2021-06-23 10:51:45,18308.7,0
2021-06-23 10:51:46,18307.2,0
2021-06-23 10:51:47,18309.7,0
2021-06-23 10:51:52,18308.3,0
2021-06-23 10:51:54,18311.0,0
2021-06-23 10:51:55,18308.3,0
2021-06-23 10:51:56,18310.4,0
2021-06-23 10:51:57,18308.65,0
2021-06-23 10:51:58,18308.05,0
2021-06-23 10:51:59,18308.9,0
2021-06-23 10:51:59,18308.9,0
2021-06-23 10:52:10,18315.65,0
2021-06-23 10:52:11,18320.0,0
2021-06-23 10:52:13,18316.5,0
2021-06-23 10:52:17,18315.85,0
2021-06-23 10:52:19,18315.7,0
2021-06-23 10:52:20,18315.45,0
2021-06-23 10:52:21,18315.65,0
2021-06-23 10:52:22,18315.4,0
2021-06-23 10:52:23,18314.95,0
2021-06-23 10:52:28,18313.75,0
2021-06-23 10:52:36,18316.05,0
2021-06-23 10:52:39,18312.95,0
2021-06-23 10:52:40,18316.0,0
2021-06-23 10:52:43,18315.8,0
2021-06-23 10:52:54,18312.25,0
2021-06-23 10:52:58,18311.95,0
2021-06-23 10:52:58,18311.95,0
2021-06-23 10:53:10,18315.75,0
2021-06-23 10:53:11,18315.75,0
2021-06-23 10:53:15,18314.4,0
2021-06-23 10:53:18,18313.65,0
2021-06-23 10:53:22,18313.9,0
2021-06-23 10:53:24,18313.0,0
2021-06-23 10:53:29,18311.15,0
2021-06-23 10:53:38,18312.0,0
2021-06-23 10:53:42,18313.15,0
2021-06-23 10:53:43,18310.3,0
2021-06-23 10:53:45,18313.15,0
2021-06-23 10:53:52,18312.55,0
2021-06-23 10:54:01,18311.7,0
2021-06-23 10:54:05,18310.85,0
2021-06-23 10:54:06,18316.7,0
2021-06-23 10:54:09,18316.05,0
2021-06-23 10:54:11,18315.6,0
2021-06-23 10:54:15,18318.35,0
2021-06-23 10:54:18,18320.15,0
2021-06-23 10:54:19,18317.55,0
2021-06-23 10:54:20,18320.05,0
2021-06-23 10:54:27,18334.65,0
2021-06-23 10:54:29,18333.75,0
2021-06-23 10:54:33,18330.8,0
2021-06-23 10:54:35,18332.8,0
2021-06-23 10:54:43,18332.25,0
2021-06-23 10:54:50,18331.85,0
2021-06-23 10:54:52,18332.2,0
2021-06-23 10:54:56,18327.1,0
2021-06-23 10:54:59,18328.5,0
2021-06-23 10:55:01,18332.95,0
2021-06-23 10:55:03,18337.9,0
2021-06-23 10:55:03,18337.9,0
2021-06-23 10:55:08,18341.35,0
2021-06-23 10:55:09,18342.45,0
2021-06-23 10:55:10,18342.4,0
2021-06-23 10:55:14,18336.0,0
2021-06-23 10:55:20,18335.55,0
2021-06-23 10:55:23,18336.4,0
2021-06-23 10:55:31,18334.6,0
2021-06-23 10:55:41,18332.85,0
2021-06-23 10:55:44,18332.85,0
2021-06-23 10:55:46,18330.75,0
2021-06-23 10:55:53,18329.4,0
2021-06-23 10:55:56,18330.6,0
2021-06-23 10:55:57,18331.6,0
2021-06-23 10:55:58,18330.55,0
2021-06-23 10:56:02,18332.0,0
2021-06-23 10:56:05,18329.6,0
2021-06-23 10:56:07,18330.5,0
2021-06-23 10:56:08,18331.2,0
2021-06-23 10:56:11,18329.85,0
2021-06-23 10:56:23,18324.05,0
2021-06-23 10:56:35,18327.3,0
2021-06-23 10:56:39,18327.45,0
2021-06-23 10:56:46,18323.9,0
2021-06-23 10:56:58,18321.75,0
2021-06-23 10:57:06,18323.85,0
2021-06-23 10:57:10,18320.75,0
2021-06-23 10:57:11,18324.1,0
2021-06-23 10:57:16,18323.3,0
2021-06-23 10:57:19,18324.65,0
2021-06-23 10:57:20,18324.25,0
2021-06-23 10:57:22,18327.0,0
2021-06-23 10:57:26,18326.55,0
2021-06-23 10:57:31,18324.0,0
2021-06-23 10:57:34,18326.95,0
2021-06-23 10:57:36,18325.5,0
2021-06-23 10:57:37,18325.5,0
2021-06-23 10:57:40,18324.6,0
2021-06-23 10:57:44,18322.05,0
2021-06-23 10:57:49,18321.45,0
2021-06-23 10:57:50,18321.8,0
2021-06-23 10:57:51,18320.35,0
2021-06-23 10:57:52,18321.1,0
2021-06-23 10:57:54,18319.6,0
2021-06-23 10:57:58,18322.4,0
2021-06-23 10:58:01,18320.35,0
2021-06-23 10:58:02,18317.95,0
2021-06-23 10:58:04,18314.95,0
2021-06-23 10:58:04,18314.95,0
2021-06-23 10:58:16,18318.5,0
2021-06-23 10:58:18,18317.6,0
2021-06-23 10:58:19,18317.75,0
2021-06-23 10:58:21,18315.65,0
2021-06-23 10:58:26,18315.55,0
2021-06-23 10:58:27,18315.1,0
2021-06-23 10:58:33,18319.5,0
2021-06-23 10:58:34,18318.5,0
2021-06-23 10:58:36,18316.45,0
2021-06-23 10:58:39,18314.85,0
2021-06-23 10:58:40,18315.45,0
2021-06-23 10:58:41,18314.4,0
2021-06-23 10:58:46,18316.1,0
2021-06-23 10:58:48,18316.25,0
2021-06-23 10:58:49,18317.65,0
2021-06-23 10:58:52,18317.4,0
2021-06-23 10:58:55,18317.5,0
2021-06-23 10:59:05,18315.0,0
2021-06-23 10:59:07,18316.4,0
2021-06-23 10:59:08,18316.0,0
2021-06-23 10:59:10,18314.5,0
2021-06-23 10:59:12,18314.7,0
2021-06-23 10:59:21,18315.3,0
2021-06-23 10:59:22,18314.3,0
2021-06-23 10:59:32,18314.05,0
2021-06-23 10:59:36,18312.1,0
2021-06-23 10:59:49,18310.3,0
2021-06-23 10:59:54,18310.05,0
2021-06-23 10:59:58,18308.8,0
2021-06-23 10:59:59,18307.65,0
2021-06-23 11:00:00,18308.65,0
2021-06-23 11:00:03,18309.5,0
2021-06-23 11:00:09,18308.7,0
2021-06-23 11:00:13,18307.35,0
2021-06-23 11:00:13,18307.35,0
2021-06-23 11:00:17,18307.65,0
2021-06-23 11:00:20,18313.85,0
2021-06-23 11:00:30,18311.35,0
2021-06-23 11:00:35,18313.55,0
2021-06-23 11:00:40,18312.6,0
2021-06-23 11:00:48,18311.55,0
2021-06-23 11:00:50,18312.7,0
2021-06-23 11:01:02,18310.7,0
2021-06-23 11:01:05,18308.9,0
2021-06-23 11:01:14,18309.9,0
2021-06-23 11:01:14,18309.9,0
2021-06-23 11:01:16,18309.6,0
2021-06-23 11:01:20,18310.3,0
2021-06-23 11:01:22,18307.65,0
2021-06-23 11:01:31,18304.4,0
2021-06-23 11:01:36,18300.65,0
2021-06-23 11:01:37,18299.1,0
2021-06-23 11:01:39,18296.9,0
2021-06-23 11:01:43,18295.55,0
2021-06-23 11:01:45,18294.05,0
2021-06-23 11:01:46,18297.1,0
2021-06-23 11:01:50,18292.95,0
2021-06-23 11:01:57,18294.75,0
2021-06-23 11:01:59,18293.9,0
2021-06-23 11:02:01,18295.75,0
2021-06-23 11:02:03,18295.4,0
2021-06-23 11:02:06,18292.25,0
2021-06-23 11:02:14,18293.85,0
2021-06-23 11:02:15,18295.85,0
2021-06-23 11:02:19,18295.6,0
2021-06-23 11:02:22,18293.3,0
2021-06-23 11:02:37,18296.15,0
2021-06-23 11:02:38,18295.25,0
2021-06-23 11:02:46,18296.0,0
2021-06-23 11:02:51,18296.0,0
2021-06-23 11:02:53,18297.6,0
2021-06-23 11:03:03,18297.05,0
2021-06-23 11:03:05,18296.2,0
2021-06-23 11:03:14,18292.9,0
2021-06-23 11:03:14,18292.9,0
2021-06-23 11:03:26,18296.0,0
2021-06-23 11:03:28,18293.65,0
2021-06-23 11:03:34,18295.85,0
2021-06-23 11:03:36,18293.05,0
2021-06-23 11:03:38,18295.25,0
2021-06-23 11:03:40,18294.0,0
2021-06-23 11:03:44,18294.1,0
2021-06-23 11:03:47,18295.15,0
2021-06-23 11:03:48,18295.05,0
2021-06-23 11:03:53,18293.35,0
2021-06-23 11:03:54,18293.6,0
2021-06-23 11:04:01,18293.55,0
2021-06-23 11:04:03,18292.9,0
2021-06-23 11:04:04,18290.95,0
2021-06-23 11:04:09,18294.0,0
2021-06-23 11:04:10,18294.1,0
2021-06-23 11:04:11,18294.9,0
2021-06-23 11:04:13,18292.35,0
2021-06-23 11:04:14,18292.35,0
2021-06-23 11:04:16,18293.75,0
2021-06-23 11:04:16,18293.75,0
2021-06-23 11:04:24,18288.2,0
2021-06-23 11:04:33,18284.75,0
2021-06-23 11:04:35,18282.4,0
2021-06-23 11:04:38,18284.25,0
2021-06-23 11:04:43,18285.35,0
2021-06-23 11:04:44,18282.6,0
2021-06-23 11:04:48,18283.95,0
2021-06-23 11:04:56,18284.2,0
2021-06-23 11:04:57,18282.65,0
2021-06-23 11:04:57,18282.65,0
2021-06-23 11:05:22,18293.5,0
2021-06-23 11:05:23,18290.5,0
2021-06-23 11:05:27,18288.05,0
2021-06-23 11:05:28,18290.3,0
2021-06-23 11:05:30,18291.3,0
2021-06-23 11:05:31,18291.05,0
2021-06-23 11:05:34,18290.55,0
2021-06-23 11:05:40,18289.35,0
2021-06-23 11:05:41,18288.65,0
2021-06-23 11:05:45,18288.0,0
2021-06-23 11:05:48,18285.1,0
2021-06-23 11:05:52,18287.4,0
2021-06-23 11:05:57,18288.05,0
2021-06-23 11:05:58,18285.75,0
2021-06-23 11:06:07,18286.1,0
2021-06-23 11:06:08,18286.8,0
2021-06-23 11:06:10,18286.55,0
2021-06-23 11:06:11,18288.35,0
2021-06-23 11:06:14,18287.45,0
2021-06-23 11:06:21,18285.8,0
2021-06-23 11:06:24,18288.15,0
2021-06-23 11:06:30,18289.6,0
2021-06-23 11:06:32,18289.1,0
2021-06-23 11:06:34,18290.95,0
2021-06-23 11:06:35,18291.65,0
2021-06-23 11:06:37,18289.9,0
2021-06-23 11:06:38,18291.05,0
2021-06-23 11:06:41,18291.85,0
2021-06-23 11:06:42,18292.25,0
2021-06-23 11:06:44,18290.0,0
2021-06-23 11:06:46,18291.8,0
2021-06-23 11:06:55,18291.65,0
2021-06-23 11:06:58,18291.6,0
2021-06-23 11:07:01,18291.45,0
2021-06-23 11:07:04,18292.0,0
2021-06-23 11:07:14,18298.1,0
2021-06-23 11:07:16,18297.4,0
2021-06-23 11:07:18,18300.05,0
2021-06-23 11:07:24,18309.4,0
2021-06-23 11:07:24,18309.4,0
2021-06-23 11:07:27,18305.0,0
2021-06-23 11:07:28,18303.9,0
2021-06-23 11:07:30,18306.2,0
2021-06-23 11:07:32,18307.3,0
2021-06-23 11:07:37,18305.2,0
2021-06-23 11:07:43,18305.0,0
2021-06-23 11:07:45,18305.3,0
2021-06-23 11:07:48,18304.3,0
2021-06-23 11:07:50,18307.3,0
2021-06-23 11:07:54,18305.25,0
2021-06-23 11:07:55,18305.25,0
2021-06-23 11:07:59,18308.15,0
2021-06-23 11:08:00,18306.4,0
2021-06-23 11:08:05,18310.55,0
2021-06-23 11:08:11,18316.4,0
2021-06-23 11:08:15,18318.1,0
2021-06-23 11:08:18,18314.1,0
2021-06-23 11:08:23,18317.7,0
2021-06-23 11:08:23,18317.7,0
2021-06-23 11:08:27,18314.2,0
2021-06-23 11:08:29,18317.35,0
2021-06-23 11:08:34,18315.95,0
2021-06-23 11:08:36,18316.85,0
2021-06-23 11:08:41,18315.7,0
2021-06-23 11:08:45,18314.5,0
2021-06-23 11:08:47,18314.15,0
2021-06-23 11:09:02,18312.55,0
2021-06-23 11:09:04,18308.65,0
2021-06-23 11:09:08,18307.1,0
2021-06-23 11:09:11,18308.3,0
2021-06-23 11:09:13,18309.3,0
2021-06-23 11:09:19,18309.1,0
2021-06-23 11:09:20,18307.65,0
2021-06-23 11:09:24,18307.35,0
2021-06-23 11:09:26,18309.7,0
2021-06-23 11:09:26,18309.7,0
2021-06-23 11:09:28,18306.55,0
2021-06-23 11:09:35,18313.55,0
2021-06-23 11:09:48,18314.95,0
2021-06-23 11:09:54,18313.95,0
2021-06-23 11:09:59,18318.4,0
2021-06-23 11:10:03,18316.1,0
2021-06-23 11:10:05,18317.85,0
2021-06-23 11:10:06,18317.4,0
2021-06-23 11:10:10,18317.05,0
2021-06-23 11:10:14,18312.05,0
2021-06-23 11:10:17,18310.35,0
2021-06-23 11:10:19,18309.95,0
2021-06-23 11:10:25,18309.05,0
2021-06-23 11:10:27,18310.65,0
2021-06-23 11:10:27,18310.65,0
2021-06-23 11:10:36,18311.15,0
2021-06-23 11:10:37,18310.55,0
2021-06-23 11:10:40,18312.0,0
2021-06-23 11:10:41,18312.15,0
2021-06-23 11:10:42,18310.75,0
2021-06-23 11:10:49,18312.3,0
2021-06-23 11:10:50,18311.5,0
2021-06-23 11:10:54,18312.05,0
2021-06-23 11:10:59,18312.0,0
2021-06-23 11:11:00,18311.9,0
2021-06-23 11:11:03,18313.7,0
2021-06-23 11:11:11,18312.9,0
2021-06-23 11:11:13,18312.35,0
2021-06-23 11:11:15,18313.55,0
2021-06-23 11:11:20,18314.8,0
2021-06-23 11:11:23,18313.35,0
2021-06-23 11:11:24,18315.65,0
2021-06-23 11:11:25,18315.6,0
2021-06-23 11:11:28,18313.55,0
2021-06-23 11:11:28,18313.55,0
2021-06-23 11:11:32,18314.3,0
2021-06-23 11:11:36,18314.65,0
2021-06-23 11:11:42,18314.0,0
2021-06-23 11:11:46,18315.65,0
2021-06-23 11:11:53,18317.05,0
2021-06-23 11:12:10,18313.05,0
2021-06-23 11:12:12,18312.45,0
2021-06-23 11:12:19,18315.2,0
2021-06-23 11:12:21,18312.9,0
2021-06-23 11:12:25,18312.4,0
2021-06-23 11:12:26,18312.6,0
2021-06-23 11:12:26,18312.6,0
2021-06-23 11:12:35,18313.85,0
2021-06-23 11:12:43,18313.15,0
2021-06-23 11:12:49,18312.6,0
2021-06-23 11:12:52,18310.05,0
2021-06-23 11:12:54,18309.15,0
2021-06-23 11:12:57,18311.45,0
2021-06-23 11:12:59,18312.0,0
2021-06-23 11:13:00,18311.65,0
2021-06-23 11:13:05,18311.55,0
2021-06-23 11:13:08,18312.05,0
2021-06-23 11:13:11,18313.65,0
2021-06-23 11:13:12,18311.2,0
2021-06-23 11:13:18,18311.2,0
2021-06-23 11:13:19,18311.2,0
2021-06-23 11:13:22,18310.7,0
2021-06-23 11:13:26,18315.7,0
2021-06-23 11:13:30,18313.4,0
2021-06-23 11:13:34,18312.8,0
2021-06-23 11:13:34,18312.8,0
2021-06-23 11:13:35,18312.7,0
2021-06-23 11:13:36,18314.65,0
2021-06-23 11:13:37,18315.7,0
2021-06-23 11:13:39,18316.1,0
2021-06-23 11:13:42,18314.6,0
2021-06-23 11:13:47,18313.1,0
2021-06-23 11:14:05,18308.65,0
2021-06-23 11:14:06,18308.0,0
2021-06-23 11:14:10,18311.7,0
2021-06-23 11:14:16,18310.6,0
2021-06-23 11:14:18,18310.45,0
2021-06-23 11:14:27,18307.55,0
2021-06-23 11:14:28,18308.9,0
2021-06-23 11:14:30,18310.15,0
2021-06-23 11:14:32,18306.15,0
2021-06-23 11:14:32,18306.15,0
2021-06-23 11:14:43,18310.3,0
2021-06-23 11:14:46,18307.9,0
2021-06-23 11:14:47,18305.55,0
2021-06-23 11:15:00,18303.0,0
2021-06-23 11:15:04,18305.1,0
2021-06-23 11:15:05,18306.3,0
2021-06-23 11:15:15,18307.75,0
2021-06-23 11:15:17,18308.2,0
2021-06-23 11:15:19,18310.7,0
2021-06-23 11:15:20,18308.4,0
2021-06-23 11:15:22,18310.85,0
2021-06-23 11:15:22,18310.85,0
2021-06-23 11:15:39,18312.35,0
2021-06-23 11:15:40,18312.2,0
2021-06-23 11:15:42,18316.05,0
2021-06-23 11:15:43,18319.05,0
2021-06-23 11:15:46,18318.95,0
2021-06-23 11:15:47,18319.7,0
2021-06-23 11:15:48,18319.85,0
2021-06-23 11:15:50,18320.8,0
2021-06-23 11:15:52,18321.2,0
2021-06-23 11:15:53,18321.8,0
2021-06-23 11:15:55,18321.65,0
2021-06-23 11:15:56,18321.6,0
2021-06-23 11:16:02,18320.7,0
2021-06-23 11:16:08,18323.85,0
2021-06-23 11:16:13,18321.2,0
2021-06-23 11:16:17,18320.8,0
2021-06-23 11:16:21,18322.25,0
2021-06-23 11:16:26,18319.2,0
2021-06-23 11:16:29,18319.5,0
2021-06-23 11:16:32,18318.75,0
2021-06-23 11:16:35,18320.25,0
2021-06-23 11:16:36,18319.2,0
2021-06-23 11:16:37,18319.55,0
2021-06-23 11:16:39,18318.0,0
2021-06-23 11:16:40,18318.6,0
2021-06-23 11:16:56,18311.75,0
2021-06-23 11:16:59,18308.05,0
2021-06-23 11:17:01,18309.4,0
2021-06-23 11:17:09,18309.2,0
2021-06-23 11:17:15,18307.25,0
2021-06-23 11:17:19,18309.15,0
2021-06-23 11:17:26,18302.95,0
2021-06-23 11:17:27,18302.35,0
2021-06-23 11:17:31,18298.65,0
2021-06-23 11:17:35,18295.85,0
2021-06-23 11:17:39,18296.3,0
2021-06-23 11:17:40,18296.15,0
2021-06-23 11:17:44,18294.85,0
2021-06-23 11:17:46,18293.7,0
2021-06-23 11:17:47,18295.65,0
2021-06-23 11:17:48,18296.55,0
2021-06-23 11:17:52,18300.7,0
2021-06-23 11:17:53,18300.95,0
2021-06-23 11:17:59,18300.15,0
2021-06-23 11:18:03,18302.7,0
2021-06-23 11:18:09,18298.5,0
2021-06-23 11:18:10,18298.7,0
2021-06-23 11:18:11,18296.85,0
2021-06-23 11:18:14,18294.65,0
2021-06-23 11:18:15,18297.55,0
2021-06-23 11:18:17,18296.6,0
2021-06-23 11:18:29,18291.2,0
2021-06-23 11:18:30,18293.8,0
2021-06-23 11:18:31,18293.2,0
2021-06-23 11:18:33,18293.9,0
2021-06-23 11:18:37,18293.55,0
2021-06-23 11:18:37,18293.55,0
2021-06-23 11:18:45,18292.8,0
2021-06-23 11:18:48,18291.05,0
2021-06-23 11:18:54,18288.7,0
2021-06-23 11:18:55,18287.85,0
2021-06-23 11:18:57,18289.05,0
2021-06-23 11:19:00,18292.0,0
2021-06-23 11:19:02,18291.85,0
2021-06-23 11:19:06,18290.6,0
2021-06-23 11:19:07,18291.9,0
2021-06-23 11:19:09,18293.85,0
2021-06-23 11:19:10,18292.2,0
2021-06-23 11:19:11,18291.6,0
2021-06-23 11:19:17,18295.35,0
2021-06-23 11:19:19,18293.35,0
2021-06-23 11:19:29,18294.95,0
2021-06-23 11:19:39,18293.85,0
2021-06-23 11:19:42,18293.5,0
2021-06-23 11:19:44,18292.1,0
2021-06-23 11:19:49,18292.85,0
2021-06-23 11:19:52,18292.55,0
2021-06-23 11:19:53,18293.7,0
2021-06-23 11:19:55,18291.75,0
2021-06-23 11:20:10,18296.15,0
2021-06-23 11:20:11,18295.25,0
2021-06-23 11:20:17,18293.45,0
2021-06-23 11:20:24,18293.75,0
2021-06-23 11:20:42,18294.55,0
2021-06-23 11:20:42,18294.55,0
2021-06-23 11:21:00,18307.1,0
2021-06-23 11:21:03,18306.0,0
2021-06-23 11:21:21,18306.95,0
2021-06-23 11:21:32,18306.95,0
2021-06-23 11:21:36,18306.15,0
2021-06-23 11:21:46,18303.6,0
2021-06-23 11:21:46,18303.6,0
2021-06-23 11:21:51,18303.5,0
2021-06-23 11:21:53,18303.2,0
2021-06-23 11:22:02,18302.3,0
2021-06-23 11:22:10,18306.9,0
2021-06-23 11:22:12,18305.35,0
2021-06-23 11:22:19,18307.05,0
2021-06-23 11:22:21,18306.45,0
2021-06-23 11:22:28,18305.15,0
2021-06-23 11:22:29,18308.15,0
2021-06-23 11:22:30,18308.35,0
2021-06-23 11:22:34,18308.4,0
2021-06-23 11:22:42,18307.3,0
2021-06-23 11:22:43,18307.3,0
2021-06-23 11:22:47,18306.6,0
2021-06-23 11:22:47,18306.6,0
2021-06-23 11:22:49,18307.0,0
2021-06-23 11:22:50,18307.45,0
2021-06-23 11:22:57,18307.15,0
2021-06-23 11:23:00,18304.85,0
2021-06-23 11:23:01,18306.95,0
2021-06-23 11:23:02,18307.15,0
2021-06-23 11:23:07,18306.0,0
2021-06-23 11:23:10,18307.85,0
2021-06-23 11:23:12,18308.35,0
2021-06-23 11:23:14,18305.05,0
2021-06-23 11:23:24,18309.95,0
2021-06-23 11:23:26,18310.8,0
2021-06-23 11:23:31,18311.45,0
2021-06-23 11:23:47,18309.6,0
2021-06-23 11:23:47,18309.6,0
2021-06-23 11:23:50,18308.1,0
2021-06-23 11:23:52,18308.25,0
2021-06-23 11:23:54,18307.7,0
2021-06-23 11:23:55,18309.5,0
2021-06-23 11:23:57,18309.95,0
2021-06-23 11:24:02,18309.6,0
2021-06-23 11:24:05,18308.2,0
2021-06-23 11:24:06,18308.3,0
2021-06-23 11:24:22,18310.05,0
2021-06-23 11:24:24,18309.6,0
2021-06-23 11:24:34,18303.1,0
2021-06-23 11:24:50,18308.15,0
2021-06-23 11:24:53,18304.3,0
2021-06-23 11:24:57,18306.1,0
2021-06-23 11:25:06,18305.05,0
2021-06-23 11:25:07,18306.45,0
2021-06-23 11:25:08,18305.3,0
2021-06-23 11:25:30,18312.9,0
2021-06-23 11:25:32,18312.8,0
2021-06-23 11:25:33,18310.2,0
2021-06-23 11:25:34,18312.2,0
2021-06-23 11:25:37,18312.6,0
2021-06-23 11:25:39,18310.65,0
2021-06-23 11:25:52,18313.05,0
2021-06-23 11:25:58,18315.3,0
2021-06-23 11:25:59,18314.65,0
2021-06-23 11:26:07,18315.45,0
2021-06-23 11:26:09,18315.1,0
2021-06-23 11:26:13,18314.05,0
2021-06-23 11:26:15,18314.75,0
2021-06-23 11:26:18,18313.9,0
2021-06-23 11:26:20,18317.85,0
2021-06-23 11:26:23,18315.85,0
2021-06-23 11:26:28,18316.5,0
2021-06-23 11:26:33,18319.35,0
2021-06-23 11:26:36,18319.35,0
2021-06-23 11:26:37,18317.75,0
2021-06-23 11:26:39,18315.2,0
2021-06-23 11:26:43,18312.1,0
2021-06-23 11:26:45,18314.95,0
2021-06-23 11:26:46,18315.75,0
2021-06-23 11:26:49,18313.1,0
2021-06-23 11:26:50,18312.35,0
2021-06-23 11:26:53,18314.35,0
2021-06-23 11:26:55,18313.5,0
2021-06-23 11:27:07,18315.8,0
2021-06-23 11:27:10,18315.1,0
2021-06-23 11:27:14,18314.4,0
2021-06-23 11:27:15,18316.6,0
2021-06-23 11:27:22,18316.95,0
2021-06-23 11:27:27,18317.25,0
2021-06-23 11:27:28,18315.75,0
2021-06-23 11:27:36,18318.35,0
2021-06-23 11:27:37,18319.15,0
2021-06-23 11:27:40,18315.75,0
2021-06-23 11:27:44,18318.35,0
2021-06-23 11:27:45,18317.1,0
2021-06-23 11:27:45,18317.1,0
2021-06-23 11:27:56,18319.85,0
2021-06-23 11:28:01,18320.05,0
2021-06-23 11:28:10,18317.05,0
2021-06-23 11:28:20,18312.8,0
2021-06-23 11:28:32,18315.15,0
2021-06-23 11:28:34,18314.95,0
2021-06-23 11:28:49,18311.65,0
2021-06-23 11:28:50,18313.85,0
2021-06-23 11:28:52,18311.9,0
2021-06-23 11:28:54,18310.1,0
2021-06-23 11:28:56,18309.25,0
2021-06-23 11:28:58,18308.25,0
2021-06-23 11:29:02,18306.15,0
2021-06-23 11:29:03,18303.95,0
2021-06-23 11:29:08,18306.9,0
2021-06-23 11:29:09,18307.9,0
2021-06-23 11:29:14,18309.25,0
2021-06-23 11:29:19,18308.9,0
2021-06-23 11:29:20,18311.1,0
2021-06-23 11:29:24,18309.5,0
2021-06-23 11:29:29,18310.05,0
2021-06-23 11:29:33,18309.65,0
2021-06-23 11:29:35,18311.55,0
2021-06-23 11:29:37,18311.4,0
2021-06-23 11:29:42,18311.95,0
2021-06-23 11:29:45,18310.45,0
2021-06-23 11:29:49,18311.35,0
2021-06-23 11:29:52,18311.95,0
2021-06-23 11:29:53,18312.45,0
2021-06-23 11:29:53,18312.45,0
2021-06-23 11:30:04,18316.25,0
2021-06-23 11:30:06,18319.05,0
2021-06-23 11:30:07,18318.65,0
2021-06-23 11:30:15,18326.0,0
2021-06-23 11:30:20,18324.1,0
2021-06-23 11:30:21,18326.15,0
2021-06-23 11:30:24,18324.4,0
2021-06-23 11:30:25,18325.5,0
2021-06-23 11:30:26,18325.7,0
2021-06-23 11:30:48,18327.9,0
2021-06-23 11:30:54,18329.2,0
2021-06-23 11:30:54,18329.2,0
2021-06-23 11:31:02,18330.3,0
2021-06-23 11:31:08,18329.2,0
2021-06-23 11:31:22,18330.5,0
2021-06-23 11:31:33,18335.2,0
2021-06-23 11:31:34,18334.05,0
2021-06-23 11:31:40,18331.65,0
2021-06-23 11:31:43,18332.2,0
2021-06-23 11:31:46,18334.15,0
2021-06-23 11:31:54,18335.65,0
2021-06-23 11:31:57,18333.75,0
2021-06-23 11:31:58,18334.1,0
2021-06-23 11:31:59,18333.55,0
2021-06-23 11:32:06,18331.8,0
2021-06-23 11:32:17,18327.4,0
2021-06-23 11:32:33,18330.8,0
2021-06-23 11:32:35,18327.65,0
2021-06-23 11:32:40,18328.7,0
2021-06-23 11:32:51,18327.85,0
2021-06-23 11:32:58,18326.2,0
2021-06-23 11:32:59,18326.0,0
2021-06-23 11:33:01,18327.1,0
2021-06-23 11:33:04,18327.85,0
2021-06-23 11:33:08,18328.85,0
2021-06-23 11:33:09,18328.55,0
2021-06-23 11:33:15,18328.05,0
2021-06-23 11:33:17,18326.7,0
2021-06-23 11:33:18,18326.85,0
2021-06-23 11:33:23,18326.35,0
2021-06-23 11:33:24,18325.55,0
2021-06-23 11:33:26,18325.7,0
2021-06-23 11:33:28,18325.0,0
2021-06-23 11:33:34,18319.9,0
2021-06-23 11:33:40,18323.8,0
2021-06-23 11:33:41,18323.2,0
2021-06-23 11:33:42,18321.95,0
2021-06-23 11:33:49,18321.55,0
2021-06-23 11:33:50,18322.15,0
2021-06-23 11:33:53,18323.8,0
2021-06-23 11:33:54,18323.05,0
2021-06-23 11:33:59,18322.6,0
2021-06-23 11:33:59,18322.6,0
2021-06-23 11:34:04,18324.35,0
2021-06-23 11:34:06,18321.75,0
2021-06-23 11:34:07,18321.8,0
2021-06-23 11:34:09,18322.85,0
2021-06-23 11:34:12,18325.2,0
2021-06-23 11:34:13,18325.15,0
2021-06-23 11:34:14,18326.3,0
2021-06-23 11:34:28,18326.2,0
2021-06-23 11:34:30,18324.4,0
2021-06-23 11:34:35,18321.4,0
2021-06-23 11:34:40,18322.7,0
2021-06-23 11:34:42,18324.45,0
2021-06-23 11:34:43,18322.35,0
2021-06-23 11:34:52,18324.75,0
2021-06-23 11:34:52,18324.75,0
2021-06-23 11:35:02,18323.75,0
2021-06-23 11:35:11,18326.45,0
2021-06-23 11:35:21,18325.2,0
2021-06-23 11:35:24,18326.45,0
2021-06-23 11:35:26,18325.75,0
2021-06-23 11:35:28,18326.05,0
2021-06-23 11:35:31,18325.2,0
2021-06-23 11:35:32,18325.3,0
2021-06-23 11:35:33,18326.4,0
2021-06-23 11:35:35,18324.25,0
2021-06-23 11:35:43,18322.85,0
2021-06-23 11:35:46,18321.1,0
2021-06-23 11:35:48,18323.15,0
2021-06-23 11:35:49,18321.05,0
2021-06-23 11:35:50,18321.5,0
2021-06-23 11:35:57,18322.8,0
2021-06-23 11:35:58,18322.55,0
2021-06-23 11:35:59,18323.15,0
2021-06-23 11:36:00,18323.25,0
2021-06-23 11:36:04,18323.9,0
2021-06-23 11:36:11,18324.5,0
2021-06-23 11:36:16,18324.0,0
2021-06-23 11:36:20,18322.65,0
2021-06-23 11:36:21,18321.1,0
2021-06-23 11:36:25,18322.75,0
2021-06-23 11:36:29,18322.05,0
2021-06-23 11:36:30,18322.6,0
2021-06-23 11:36:41,18312.9,0
2021-06-23 11:36:42,18310.75,0
2021-06-23 11:36:44,18307.3,0
2021-06-23 11:36:50,18306.4,0
2021-06-23 11:36:54,18312.15,0
2021-06-23 11:36:57,18312.9,0
2021-06-23 11:36:59,18308.85,0
2021-06-23 11:37:01,18311.9,0
2021-06-23 11:37:02,18311.5,0
2021-06-23 11:37:03,18310.25,0
2021-06-23 11:37:03,18310.25,0
2021-06-23 11:37:11,18309.9,0
2021-06-23 11:37:13,18311.9,0
2021-06-23 11:37:16,18311.15,0
2021-06-23 11:37:20,18313.75,0
2021-06-23 11:37:29,18312.1,0
2021-06-23 11:37:30,18316.35,0
2021-06-23 11:37:31,18315.7,0
2021-06-23 11:37:39,18314.1,0
2021-06-23 11:37:40,18313.9,0
2021-06-23 11:37:47,18313.95,0
2021-06-23 11:37:50,18313.85,0
2021-06-23 11:38:01,18310.1,0
2021-06-23 11:38:08,18311.75,0
2021-06-23 11:38:08,18311.75,0
2021-06-23 11:38:13,18309.55,0
2021-06-23 11:38:14,18311.8,0
2021-06-23 11:38:22,18315.05,0
2021-06-23 11:38:23,18317.3,0
2021-06-23 11:38:31,18312.3,0
2021-06-23 11:38:43,18314.2,0
2021-06-23 11:38:51,18315.8,0
2021-06-23 11:38:57,18314.0,0
2021-06-23 11:38:58,18313.1,0
2021-06-23 11:39:06,18311.05,0
2021-06-23 11:39:13,18312.3,0
2021-06-23 11:39:14,18312.7,0
2021-06-23 11:39:16,18312.55,0
2021-06-23 11:39:20,18313.2,0
2021-06-23 11:39:28,18309.55,0
2021-06-23 11:39:30,18311.2,0
2021-06-23 11:39:37,18311.6,0
2021-06-23 11:39:42,18310.55,0
2021-06-23 11:39:49,18310.2,0
2021-06-23 11:39:51,18309.3,0
2021-06-23 11:39:52,18309.1,0
2021-06-23 11:39:53,18310.95,0
2021-06-23 11:39:57,18309.4,0
2021-06-23 11:39:58,18309.15,0
2021-06-23 11:40:07,18306.7,0
2021-06-23 11:40:08,18305.9,0
2021-06-23 11:40:15,18306.45,0
2021-06-23 11:40:21,18304.75,0
2021-06-23 11:40:24,18305.05,0
2021-06-23 11:40:26,18305.3,0
2021-06-23 11:40:30,18308.05,0
2021-06-23 11:40:33,18307.35,0
2021-06-23 11:40:35,18308.2,0
2021-06-23 11:40:36,18306.15,0
2021-06-23 11:40:39,18304.4,0
2021-06-23 11:40:40,18306.55,0
2021-06-23 11:40:41,18306.9,0
2021-06-23 11:40:44,18306.45,0
2021-06-23 11:40:48,18301.1,0
2021-06-23 11:40:49,18301.05,0
2021-06-23 11:40:52,18301.25,0
2021-06-23 11:40:55,18300.55,0
2021-06-23 11:40:58,18300.1,0
2021-06-23 11:41:00,18300.1,0
2021-06-23 11:41:01,18299.1,0
2021-06-23 11:41:06,18298.0,0
2021-06-23 11:41:11,18297.5,0
2021-06-23 11:41:16,18296.65,0
2021-06-23 11:41:17,18295.85,0
2021-06-23 11:41:18,18297.75,0
2021-06-23 11:41:20,18293.65,0
2021-06-23 11:41:25,18294.0,0
2021-06-23 11:41:27,18294.75,0
2021-06-23 11:41:32,18295.1,0
2021-06-23 11:41:35,18303.15,0
2021-06-23 11:41:42,18299.1,0
2021-06-23 11:41:49,18300.7,0
2021-06-23 11:41:57,18298.0,0
2021-06-23 11:41:58,18298.85,0
2021-06-23 11:42:07,18297.8,0
2021-06-23 11:42:16,18298.75,0
2021-06-23 11:42:16,18298.75,0
2021-06-23 11:42:22,18299.35,0
2021-06-23 11:42:25,18299.15,0
2021-06-23 11:42:28,18299.15,0
2021-06-23 11:42:31,18299.55,0
2021-06-23 11:42:33,18298.65,0
2021-06-23 11:42:34,18299.15,0
2021-06-23 11:42:38,18297.25,0
2021-06-23 11:42:39,18297.5,0
2021-06-23 11:42:42,18296.75,0
2021-06-23 11:42:47,18298.55,0
2021-06-23 11:43:01,18299.15,0
2021-06-23 11:43:06,18299.6,0
2021-06-23 11:43:11,18301.75,0
2021-06-23 11:43:15,18302.65,0
2021-06-23 11:43:15,18302.65,0
2021-06-23 11:43:27,18304.1,0
2021-06-23 11:43:30,18304.15,0
2021-06-23 11:43:34,18303.8,0
2021-06-23 11:43:39,18304.3,0
2021-06-23 11:43:40,18304.75,0
2021-06-23 11:43:41,18304.95,0
2021-06-23 11:43:42,18303.05,0
2021-06-23 11:43:43,18305.55,0
2021-06-23 11:43:44,18305.2,0
2021-06-23 11:43:48,18304.55,0
2021-06-23 11:43:54,18304.75,0
2021-06-23 11:44:11,18303.25,0
2021-06-23 11:44:13,18304.15,0
2021-06-23 11:44:17,18301.0,0
2021-06-23 11:44:19,18300.65,0
2021-06-23 11:44:22,18303.75,0
2021-06-23 11:44:22,18303.75,0
2021-06-23 11:44:25,18301.6,0
2021-06-23 11:44:26,18301.25,0
2021-06-23 11:44:28,18300.45,0
2021-06-23 11:44:30,18299.95,0
2021-06-23 11:44:31,18299.55,0
2021-06-23 11:44:34,18299.15,0
2021-06-23 11:44:36,18298.2,0
2021-06-23 11:44:40,18298.6,0
2021-06-23 11:44:41,18296.45,0
2021-06-23 11:44:42,18297.7,0
2021-06-23 11:44:51,18294.85,0
2021-06-23 11:44:54,18292.8,0
2021-06-23 11:44:57,18292.05,0
2021-06-23 11:45:06,18291.7,0
2021-06-23 11:45:10,18292.15,0
2021-06-23 11:45:14,18292.4,0
2021-06-23 11:45:23,18292.6,0
2021-06-23 11:45:23,18292.6,0
2021-06-23 11:45:26,18292.9,0
2021-06-23 11:45:28,18292.9,0
2021-06-23 11:45:31,18292.6,0
2021-06-23 11:45:32,18292.5,0
2021-06-23 11:45:33,18293.55,0
2021-06-23 11:45:34,18292.9,0
2021-06-23 11:45:40,18293.55,0
2021-06-23 11:45:43,18291.3,0
2021-06-23 11:45:59,18289.7,0
2021-06-23 11:46:00,18290.9,0
2021-06-23 11:46:03,18289.75,0
2021-06-23 11:46:04,18290.8,0
2021-06-23 11:46:08,18288.9,0
2021-06-23 11:46:11,18288.55,0
2021-06-23 11:46:12,18289.7,0
2021-06-23 11:46:14,18288.35,0
2021-06-23 11:46:16,18288.2,0
2021-06-23 11:46:19,18289.9,0
2021-06-23 11:46:20,18289.05,0
2021-06-23 11:46:20,18289.05,0
2021-06-23 11:46:27,18289.1,0
2021-06-23 11:46:34,18287.5,0
2021-06-23 11:46:38,18288.05,0
2021-06-23 11:46:41,18288.2,0
2021-06-23 11:46:44,18289.05,0
2021-06-23 11:46:45,18288.65,0
2021-06-23 11:46:50,18288.9,0
2021-06-23 11:46:57,18287.7,0
2021-06-23 11:46:59,18288.45,0
2021-06-23 11:47:04,18288.95,0
2021-06-23 11:47:07,18287.4,0
2021-06-23 11:47:09,18288.9,0
2021-06-23 11:47:11,18287.6,0
2021-06-23 11:47:17,18287.1,0
2021-06-23 11:47:18,18286.45,0
2021-06-23 11:47:20,18286.8,0
2021-06-23 11:47:23,18282.15,0
2021-06-23 11:47:23,18282.15,0
2021-06-23 11:47:38,18277.95,0
2021-06-23 11:47:42,18278.7,0
2021-06-23 11:47:44,18280.3,0
2021-06-23 11:47:45,18281.3,0
2021-06-23 11:47:51,18280.6,0
2021-06-23 11:47:55,18280.5,0
2021-06-23 11:47:56,18279.6,0
2021-06-23 11:47:58,18278.8,0
2021-06-23 11:48:06,18279.05,0
2021-06-23 11:48:10,18277.35,0
2021-06-23 11:48:19,18270.7,0
2021-06-23 11:48:28,18272.95,0
2021-06-23 11:48:28,18272.95,0
2021-06-23 11:48:31,18274.4,0
2021-06-23 11:48:33,18273.7,0
2021-06-23 11:48:34,18271.4,0
2021-06-23 11:48:41,18278.0,0
2021-06-23 11:48:56,18275.95,0
2021-06-23 11:48:57,18275.0,0
2021-06-23 11:48:58,18272.9,0
2021-06-23 11:48:59,18275.05,0
2021-06-23 11:49:00,18274.9,0
2021-06-23 11:49:02,18275.85,0
2021-06-23 11:49:04,18273.35,0
2021-06-23 11:49:06,18273.9,0
2021-06-23 11:49:09,18273.5,0
2021-06-23 11:49:10,18273.5,0
2021-06-23 11:49:12,18275.1,0
2021-06-23 11:49:15,18274.25,0
2021-06-23 11:49:16,18274.85,0
2021-06-23 11:49:19,18271.95,0
2021-06-23 11:49:20,18273.55,0
2021-06-23 11:49:27,18273.95,0
2021-06-23 11:49:27,18273.95,0
2021-06-23 11:49:34,18273.4,0
2021-06-23 11:49:41,18275.55,0
2021-06-23 11:49:50,18276.25,0
2021-06-23 11:49:58,18276.85,0
2021-06-23 11:50:19,18277.3,0
2021-06-23 11:50:21,18277.05,0
2021-06-23 11:50:23,18277.1,0
2021-06-23 11:50:24,18277.1,0
2021-06-23 11:50:26,18276.8,0
2021-06-23 11:50:26,18276.8,0
2021-06-23 11:50:33,18278.55,0
2021-06-23 11:50:36,18277.45,0
2021-06-23 11:50:40,18280.8,0
2021-06-23 11:50:43,18280.45,0
2021-06-23 11:50:45,18281.1,0
2021-06-23 11:50:55,18279.0,0
2021-06-23 11:50:56,18280.55,0
2021-06-23 11:50:57,18279.15,0
2021-06-23 11:50:58,18278.25,0
2021-06-23 11:51:00,18279.75,0
2021-06-23 11:51:02,18277.25,0
2021-06-23 11:51:04,18278.4,0
2021-06-23 11:51:05,18276.9,0
2021-06-23 11:51:13,18277.45,0
2021-06-23 11:51:18,18279.2,0
2021-06-23 11:51:28,18276.8,0
2021-06-23 11:51:29,18279.65,0
2021-06-23 11:51:31,18276.45,0
2021-06-23 11:51:34,18277.8,0
2021-06-23 11:51:36,18276.7,0
2021-06-23 11:51:41,18276.2,0
2021-06-23 11:51:43,18277.95,0
2021-06-23 11:51:45,18274.7,0
2021-06-23 11:51:49,18275.55,0
2021-06-23 11:51:50,18277.8,0
2021-06-23 11:51:58,18277.05,0
2021-06-23 11:52:08,18276.05,0
2021-06-23 11:52:10,18277.85,0
2021-06-23 11:52:12,18275.1,0
2021-06-23 11:52:20,18275.75,0
2021-06-23 11:52:21,18277.7,0
2021-06-23 11:52:27,18276.6,0
2021-06-23 11:52:28,18273.7,0
2021-06-23 11:52:30,18273.35,0
2021-06-23 11:52:31,18275.5,0
2021-06-23 11:52:31,18275.5,0
2021-06-23 11:52:35,18275.9,0
2021-06-23 11:52:38,18272.85,0
2021-06-23 11:52:50,18272.45,0
2021-06-23 11:53:05,18278.55,0
2021-06-23 11:53:15,18277.55,0
2021-06-23 11:53:24,18281.55,0
2021-06-23 11:53:26,18284.65,0
2021-06-23 11:53:27,18284.45,0
2021-06-23 11:53:31,18283.25,0
2021-06-23 11:53:33,18282.6,0
2021-06-23 11:53:35,18284.7,0
2021-06-23 11:53:40,18283.1,0
2021-06-23 11:53:43,18283.9,0
2021-06-23 11:53:49,18283.85,0
2021-06-23 11:53:51,18283.3,0
2021-06-23 11:53:52,18281.7,0
2021-06-23 11:53:59,18284.35,0
2021-06-23 11:54:07,18281.15,0
2021-06-23 11:54:09,18281.6,0
2021-06-23 11:54:17,18283.45,0
2021-06-23 11:54:21,18283.15,0
2021-06-23 11:54:24,18284.5,0
2021-06-23 11:54:25,18282.35,0
2021-06-23 11:54:28,18281.8,0
2021-06-23 11:54:30,18280.95,0
2021-06-23 11:54:34,18281.5,0
2021-06-23 11:54:37,18280.9,0
2021-06-23 11:54:42,18279.8,0
2021-06-23 11:54:47,18279.85,0
2021-06-23 11:54:52,18279.75,0
2021-06-23 11:54:54,18281.3,0
2021-06-23 11:54:59,18281.55,0
2021-06-23 11:55:02,18279.55,0
2021-06-23 11:55:04,18279.65,0
2021-06-23 11:55:16,18278.15,0
2021-06-23 11:55:18,18279.7,0
2021-06-23 11:55:19,18279.55,0
2021-06-23 11:55:25,18280.75,0
2021-06-23 11:55:28,18279.25,0
2021-06-23 11:55:29,18281.6,0
2021-06-23 11:55:37,18281.05,0
2021-06-23 11:55:41,18278.05,0
2021-06-23 11:55:45,18278.1,0
2021-06-23 11:55:50,18278.6,0
2021-06-23 11:55:56,18279.55,0
2021-06-23 11:55:57,18277.15,0
2021-06-23 11:55:58,18279.7,0
2021-06-23 11:56:00,18279.35,0
2021-06-23 11:56:03,18276.05,0
2021-06-23 11:56:08,18275.3,0
2021-06-23 11:56:09,18275.15,0
2021-06-23 11:56:15,18278.7,0
2021-06-23 11:56:16,18278.5,0
2021-06-23 11:56:17,18276.45,0
2021-06-23 11:56:27,18275.25,0
2021-06-23 11:56:33,18274.95,0
2021-06-23 11:56:33,18274.95,0
2021-06-23 11:56:44,18274.8,0
2021-06-23 11:56:46,18273.5,0
2021-06-23 11:56:54,18275.8,0
2021-06-23 11:56:55,18273.35,0
2021-06-23 11:57:02,18276.65,0
2021-06-23 11:57:03,18277.75,0
2021-06-23 11:57:07,18275.1,0
2021-06-23 11:57:10,18274.8,0
2021-06-23 11:57:14,18275.4,0
2021-06-23 11:57:15,18275.8,0
2021-06-23 11:57:21,18277.7,0
2021-06-23 11:57:22,18277.35,0
2021-06-23 11:57:24,18277.75,0
2021-06-23 11:57:25,18279.75,0
2021-06-23 11:57:29,18278.0,0
2021-06-23 11:57:35,18278.35,0
2021-06-23 11:57:36,18277.2,0
2021-06-23 11:57:39,18278.75,0
2021-06-23 11:57:42,18279.9,0
2021-06-23 11:57:48,18279.0,0
2021-06-23 11:57:55,18276.3,0
2021-06-23 11:57:58,18274.85,0
2021-06-23 11:58:00,18274.65,0
2021-06-23 11:58:02,18272.1,0
2021-06-23 11:58:06,18272.0,0
2021-06-23 11:58:09,18273.1,0
2021-06-23 11:58:18,18273.65,0
2021-06-23 11:58:25,18271.35,0
2021-06-23 11:58:26,18270.4,0
2021-06-23 11:58:27,18269.1,0
2021-06-23 11:58:28,18260.95,0
2021-06-23 11:58:29,18260.6,0
2021-06-23 11:58:38,18262.7,0
2021-06-23 11:58:41,18262.05,0
2021-06-23 11:58:42,18264.2,0
2021-06-23 11:58:51,18259.8,0
2021-06-23 11:58:52,18259.45,0
2021-06-23 11:59:03,18258.6,0
2021-06-23 11:59:05,18258.75,0
2021-06-23 11:59:06,18258.25,0
2021-06-23 11:59:08,18257.8,0
2021-06-23 11:59:10,18257.05,0
2021-06-23 11:59:12,18259.6,0
2021-06-23 11:59:14,18259.2,0
2021-06-23 11:59:17,18257.45,0
2021-06-23 11:59:19,18260.5,0
2021-06-23 11:59:22,18259.75,0
2021-06-23 11:59:25,18260.2,0
2021-06-23 11:59:32,18260.05,0
2021-06-23 11:59:37,18253.95,0
2021-06-23 11:59:43,18251.7,0
2021-06-23 11:59:50,18250.8,0
2021-06-23 11:59:50,18250.8,0
2021-06-23 11:59:54,18253.05,0
2021-06-23 11:59:57,18252.8,0
2021-06-23 11:59:59,18254.6,0
2021-06-23 12:00:00,18256.4,0
2021-06-23 12:00:01,18253.85,0
2021-06-23 12:00:07,18252.0,0
2021-06-23 12:00:14,18255.25,0
2021-06-23 12:00:15,18255.45,0
2021-06-23 12:00:16,18256.9,0
2021-06-23 12:00:28,18257.85,0
2021-06-23 12:00:30,18260.8,0
2021-06-23 12:00:33,18259.2,0
2021-06-23 12:00:39,18259.1,0
2021-06-23 12:00:40,18260.25,0
2021-06-23 12:00:42,18259.9,0
2021-06-23 12:00:46,18260.0,0
2021-06-23 12:00:49,18259.6,0
2021-06-23 12:00:51,18259.0,0
2021-06-23 12:00:54,18259.1,0
2021-06-23 12:00:56,18256.1,0
2021-06-23 12:01:05,18254.75,0
2021-06-23 12:01:07,18253.8,0
2021-06-23 12:01:09,18254.05,0
2021-06-23 12:01:11,18254.95,0
2021-06-23 12:01:17,18255.9,0
2021-06-23 12:01:19,18253.7,0
2021-06-23 12:01:21,18253.55,0
2021-06-23 12:01:25,18254.35,0
2021-06-23 12:01:27,18253.75,0
2021-06-23 12:01:33,18250.15,0
2021-06-23 12:01:34,18250.6,0
2021-06-23 12:01:38,18252.1,0
2021-06-23 12:01:46,18251.05,0
2021-06-23 12:01:47,18252.1,0
2021-06-23 12:01:50,18251.5,0
2021-06-23 12:01:58,18252.1,0
2021-06-23 12:02:02,18259.35,0
2021-06-23 12:02:09,18257.85,0
2021-06-23 12:02:11,18260.2,0
2021-06-23 12:02:14,18258.8,0
2021-06-23 12:02:21,18258.45,0
2021-06-23 12:02:22,18259.4,0
2021-06-23 12:02:23,18257.7,0
2021-06-23 12:02:24,18257.85,0
2021-06-23 12:02:26,18261.35,0
2021-06-23 12:02:31,18261.8,0
2021-06-23 12:02:34,18261.25,0
2021-06-23 12:02:35,18261.05,0
2021-06-23 12:02:44,18257.8,0
2021-06-23 12:02:47,18261.65,0
2021-06-23 12:02:49,18263.2,0
2021-06-23 12:03:00,18264.75,0
2021-06-23 12:03:02,18268.8,0
2021-06-23 12:03:08,18270.95,0
2021-06-23 12:03:13,18278.95,0
2021-06-23 12:03:16,18282.5,0
2021-06-23 12:03:17,18281.2,0
2021-06-23 12:03:23,18279.3,0
2021-06-23 12:03:25,18281.05,0
2021-06-23 12:03:34,18279.8,0
2021-06-23 12:03:39,18287.45,0
2021-06-23 12:03:45,18291.6,0
2021-06-23 12:03:46,18292.85,0
2021-06-23 12:03:52,18288.15,0
2021-06-23 12:03:56,18284.15,0
2021-06-23 12:03:59,18283.65,0
2021-06-23 12:04:02,18285.95,0
2021-06-23 12:04:10,18289.15,0
2021-06-23 12:04:13,18293.75,0
2021-06-23 12:04:14,18293.7,0
2021-06-23 12:04:16,18291.75,0
2021-06-23 12:04:24,18291.3,0
2021-06-23 12:04:26,18293.8,0
2021-06-23 12:04:30,18291.65,0
2021-06-23 12:04:40,18294.05,0
2021-06-23 12:04:48,18297.95,0
2021-06-23 12:04:50,18294.3,0
2021-06-23 12:04:52,18296.25,0
2021-06-23 12:04:53,18295.2,0
2021-06-23 12:04:59,18291.4,0
2021-06-23 12:05:00,18294.6,0
2021-06-23 12:05:06,18291.65,0
2021-06-23 12:05:12,18290.85,0
2021-06-23 12:05:16,18288.95,0
2021-06-23 12:05:18,18290.1,0
2021-06-23 12:05:29,18293.85,0
2021-06-23 12:05:30,18294.4,0
2021-06-23 12:05:32,18292.85,0
2021-06-23 12:05:33,18292.4,0
2021-06-23 12:05:37,18293.95,0
2021-06-23 12:05:40,18295.25,0
2021-06-23 12:05:41,18294.5,0
2021-06-23 12:05:44,18294.45,0
2021-06-23 12:05:45,18292.55,0
2021-06-23 12:05:53,18293.5,0
2021-06-23 12:05:54,18293.7,0
2021-06-23 12:05:55,18294.35,0
2021-06-23 12:05:56,18293.85,0
2021-06-23 12:06:03,18293.7,0
2021-06-23 12:06:12,18289.1,0
2021-06-23 12:06:13,18288.65,0
2021-06-23 12:06:20,18287.05,0
2021-06-23 12:06:21,18287.95,0
2021-06-23 12:06:26,18288.35,0
2021-06-23 12:06:28,18289.1,0
2021-06-23 12:06:32,18288.7,0
2021-06-23 12:06:33,18288.0,0
2021-06-23 12:06:37,18286.4,0
2021-06-23 12:06:38,18287.05,0
2021-06-23 12:06:39,18284.8,0
2021-06-23 12:06:59,18285.8,0
2021-06-23 12:07:04,18284.35,0
2021-06-23 12:07:13,18285.85,0
2021-06-23 12:07:19,18284.7,0
2021-06-23 12:07:20,18285.2,0
2021-06-23 12:07:30,18284.0,0
2021-06-23 12:07:35,18284.65,0
2021-06-23 12:07:40,18284.6,0
2021-06-23 12:07:41,18284.1,0
2021-06-23 12:07:43,18286.75,0
2021-06-23 12:07:44,18284.6,0
2021-06-23 12:07:49,18286.35,0
2021-06-23 12:07:50,18286.75,0
2021-06-23 12:07:58,18287.45,0
2021-06-23 12:07:59,18288.1,0
2021-06-23 12:08:02,18288.1,0
2021-06-23 12:08:14,18293.85,0
2021-06-23 12:08:18,18292.95,0
2021-06-23 12:08:20,18292.55,0
2021-06-23 12:08:22,18293.9,0
2021-06-23 12:08:43,18292.0,0
2021-06-23 12:08:50,18294.1,0
2021-06-23 12:08:51,18290.9,0
2021-06-23 12:09:05,18291.6,0
2021-06-23 12:09:07,18290.85,0
2021-06-23 12:09:13,18292.65,0
2021-06-23 12:09:22,18294.0,0
2021-06-23 12:09:24,18292.35,0
2021-06-23 12:09:25,18292.15,0
2021-06-23 12:09:27,18291.55,0
2021-06-23 12:09:29,18294.8,0
2021-06-23 12:09:32,18294.3,0
2021-06-23 12:09:33,18295.25,0
2021-06-23 12:09:35,18294.15,0
2021-06-23 12:09:38,18293.8,0
2021-06-23 12:09:39,18293.65,0
2021-06-23 12:09:42,18293.25,0
2021-06-23 12:09:43,18293.3,0
2021-06-23 12:09:44,18293.65,0
2021-06-23 12:09:53,18291.65,0
2021-06-23 12:09:54,18291.75,0
2021-06-23 12:09:59,18291.35,0
2021-06-23 12:10:00,18290.95,0
2021-06-23 12:10:02,18290.8,0
2021-06-23 12:10:04,18293.3,0
2021-06-23 12:10:07,18291.9,0
2021-06-23 12:10:11,18292.1,0
2021-06-23 12:10:13,18291.25,0
2021-06-23 12:10:14,18290.7,0
2021-06-23 12:10:16,18290.55,0
2021-06-23 12:10:21,18286.7,0
2021-06-23 12:10:24,18289.45,0
2021-06-23 12:10:33,18289.05,0
2021-06-23 12:10:38,18289.75,0
2021-06-23 12:10:43,18289.45,0
2021-06-23 12:10:44,18286.9,0
2021-06-23 12:10:48,18290.2,0
2021-06-23 12:10:58,18285.35,0
2021-06-23 12:11:01,18287.85,0
2021-06-23 12:11:03,18287.45,0
2021-06-23 12:11:05,18286.0,0
2021-06-23 12:11:08,18284.35,0
2021-06-23 12:11:10,18284.7,0
2021-06-23 12:11:15,18287.3,0
2021-06-23 12:11:23,18284.45,0
2021-06-23 12:11:29,18284.5,0
2021-06-23 12:11:30,18284.85,0
2021-06-23 12:11:31,18284.6,0
2021-06-23 12:11:40,18286.7,0
2021-06-23 12:11:41,18286.5,0
2021-06-23 12:11:54,18283.3,0
2021-06-23 12:11:54,18283.3,0
2021-06-23 12:12:00,18282.0,0
2021-06-23 12:12:03,18282.2,0
2021-06-23 12:12:04,18284.85,0
2021-06-23 12:12:08,18284.85,0
2021-06-23 12:12:09,18284.55,0
2021-06-23 12:12:11,18284.95,0
2021-06-23 12:12:12,18286.4,0
2021-06-23 12:12:20,18290.2,0
2021-06-23 12:12:23,18290.15,0
2021-06-23 12:12:31,18288.45,0
2021-06-23 12:12:36,18290.15,0
2021-06-23 12:12:37,18289.15,0
2021-06-23 12:12:42,18291.05,0
2021-06-23 12:12:48,18291.3,0
2021-06-23 12:12:49,18290.85,0
2021-06-23 12:12:52,18292.55,0
2021-06-23 12:12:53,18294.35,0
2021-06-23 12:12:55,18292.0,0
2021-06-23 12:12:57,18294.8,0
2021-06-23 12:13:04,18291.55,0
2021-06-23 12:13:12,18290.9,0
2021-06-23 12:13:14,18289.5,0
2021-06-23 12:13:18,18291.3,0
2021-06-23 12:13:19,18291.4,0
2021-06-23 12:13:25,18292.0,0
2021-06-23 12:13:29,18290.8,0
2021-06-23 12:13:34,18290.55,0
2021-06-23 12:13:37,18292.4,0
2021-06-23 12:13:38,18292.5,0
2021-06-23 12:13:39,18292.05,0
2021-06-23 12:13:43,18293.0,0
2021-06-23 12:13:49,18294.5,0
2021-06-23 12:13:53,18292.6,0
2021-06-23 12:13:56,18292.9,0
2021-06-23 12:14:02,18292.6,0
2021-06-23 12:14:04,18295.05,0
2021-06-23 12:14:06,18293.5,0
2021-06-23 12:14:12,18294.25,0
2021-06-23 12:14:15,18296.1,0
2021-06-23 12:14:22,18296.75,0
2021-06-23 12:14:23,18298.05,0
2021-06-23 12:14:24,18297.65,0
2021-06-23 12:14:25,18298.35,0
2021-06-23 12:14:34,18296.8,0
2021-06-23 12:14:38,18297.85,0
2021-06-23 12:14:40,18296.15,0
2021-06-23 12:14:42,18296.15,0
2021-06-23 12:14:43,18296.55,0
2021-06-23 12:14:44,18295.05,0
2021-06-23 12:14:47,18294.55,0
2021-06-23 12:14:48,18294.4,0
2021-06-23 12:14:49,18295.0,0
2021-06-23 12:14:53,18293.3,0
2021-06-23 12:14:54,18293.9,0
2021-06-23 12:15:00,18293.6,0
2021-06-23 12:15:01,18295.95,0
2021-06-23 12:15:05,18294.25,0
2021-06-23 12:15:08,18295.15,0
2021-06-23 12:15:08,18295.15,0
2021-06-23 12:15:16,18298.0,0
2021-06-23 12:15:18,18295.8,0
2021-06-23 12:15:22,18297.6,0
2021-06-23 12:15:28,18294.05,0
2021-06-23 12:15:32,18292.9,0
2021-06-23 12:15:39,18290.85,0
2021-06-23 12:15:40,18292.25,0
2021-06-23 12:15:47,18294.9,0
2021-06-23 12:15:48,18295.3,0
2021-06-23 12:15:54,18292.3,0
2021-06-23 12:15:55,18292.35,0
2021-06-23 12:16:03,18291.15,0
2021-06-23 12:16:13,18295.05,0
2021-06-23 12:16:14,18294.9,0
2021-06-23 12:16:15,18294.95,0
2021-06-23 12:16:22,18296.95,0
2021-06-23 12:16:25,18297.7,0
2021-06-23 12:16:30,18296.95,0
2021-06-23 12:16:37,18295.85,0
2021-06-23 12:16:38,18295.6,0
2021-06-23 12:16:40,18297.35,0
2021-06-23 12:16:42,18294.7,0
2021-06-23 12:16:44,18296.1,0
2021-06-23 12:16:45,18296.75,0
2021-06-23 12:16:49,18294.6,0
2021-06-23 12:16:51,18297.95,0
2021-06-23 12:16:52,18298.15,0
2021-06-23 12:16:54,18298.8,0
2021-06-23 12:16:55,18301.5,0
2021-06-23 12:16:56,18301.85,0
2021-06-23 12:17:00,18299.85,0
2021-06-23 12:17:04,18300.1,0
2021-06-23 12:17:09,18299.7,0
2021-06-23 12:17:12,18298.65,0
2021-06-23 12:17:19,18299.35,0
2021-06-23 12:17:25,18299.7,0
2021-06-23 12:17:34,18296.3,0
2021-06-23 12:17:43,18297.5,0
2021-06-23 12:17:45,18297.15,0
2021-06-23 12:17:48,18297.7,0
2021-06-23 12:17:50,18297.55,0
2021-06-23 12:17:52,18297.0,0
2021-06-23 12:18:06,18298.35,0
2021-06-23 12:18:07,18298.05,0
2021-06-23 12:18:10,18299.75,0
2021-06-23 12:18:19,18301.5,0
2021-06-23 12:18:19,18301.5,0
2021-06-23 12:18:25,18298.65,0
2021-06-23 12:18:28,18298.9,0
2021-06-23 12:18:29,18298.7,0
2021-06-23 12:18:30,18299.15,0
2021-06-23 12:18:31,18299.2,0
2021-06-23 12:18:34,18300.85,0
2021-06-23 12:18:39,18299.05,0
2021-06-23 12:18:40,18298.8,0
2021-06-23 12:18:41,18298.6,0
2021-06-23 12:18:46,18300.5,0
2021-06-23 12:18:48,18300.15,0
2021-06-23 12:19:06,18298.85,0
2021-06-23 12:19:07,18299.25,0
2021-06-23 12:19:08,18299.0,0
2021-06-23 12:19:10,18299.45,0
2021-06-23 12:19:11,18298.9,0
2021-06-23 12:19:17,18298.95,0
2021-06-23 12:19:18,18299.3,0
2021-06-23 12:19:20,18300.85,0
2021-06-23 12:19:21,18300.0,0
2021-06-23 12:19:23,18299.8,0
2021-06-23 12:19:24,18300.8,0
2021-06-23 12:19:29,18300.5,0
2021-06-23 12:19:39,18299.2,0
2021-06-23 12:19:40,18298.7,0
2021-06-23 12:19:41,18298.4,0
2021-06-23 12:19:47,18297.85,0
2021-06-23 12:19:51,18298.2,0
2021-06-23 12:19:59,18295.8,0
2021-06-23 12:20:06,18294.4,0
2021-06-23 12:20:14,18293.35,0
2021-06-23 12:20:17,18293.35,0
2021-06-23 12:20:19,18293.8,0
2021-06-23 12:20:21,18293.75,0
2021-06-23 12:20:22,18293.8,0
2021-06-23 12:20:24,18293.3,0
2021-06-23 12:20:27,18292.2,0
2021-06-23 12:20:28,18292.15,0
2021-06-23 12:20:43,18295.3,0
2021-06-23 12:20:49,18302.3,0
2021-06-23 12:20:51,18303.9,0
2021-06-23 12:20:52,18304.3,0
2021-06-23 12:20:55,18303.3,0
2021-06-23 12:20:59,18303.25,0
2021-06-23 12:21:10,18303.25,0
2021-06-23 12:21:12,18304.55,0
2021-06-23 12:21:14,18301.75,0
2021-06-23 12:21:15,18300.15,0
2021-06-23 12:21:16,18300.55,0
2021-06-23 12:21:17,18301.55,0
2021-06-23 12:21:19,18299.85,0
2021-06-23 12:21:22,18298.05,0
2021-06-23 12:21:25,18291.65,0
2021-06-23 12:21:26,18290.75,0
2021-06-23 12:21:27,18290.7,0
2021-06-23 12:21:31,18291.55,0
2021-06-23 12:21:32,18290.5,0
2021-06-23 12:21:35,18289.7,0
2021-06-23 12:21:37,18289.1,0
2021-06-23 12:21:38,18289.6,0
2021-06-23 12:21:40,18291.0,0
2021-06-23 12:21:41,18290.55,0
2021-06-23 12:21:42,18290.6,0
2021-06-23 12:21:43,18290.15,0
2021-06-23 12:21:44,18290.55,0
2021-06-23 12:21:50,18289.4,0
2021-06-23 12:21:52,18287.85,0
2021-06-23 12:22:00,18291.55,0
2021-06-23 12:22:01,18293.25,0
2021-06-23 12:22:03,18292.1,0
2021-06-23 12:22:04,18292.4,0
2021-06-23 12:22:08,18292.6,0
2021-06-23 12:22:10,18294.1,0
2021-06-23 12:22:11,18292.45,0
2021-06-23 12:22:16,18290.1,0
2021-06-23 12:22:20,18290.95,0
2021-06-23 12:22:21,18291.1,0
2021-06-23 12:22:24,18291.4,0
2021-06-23 12:22:25,18291.95,0
2021-06-23 12:22:26,18291.35,0
2021-06-23 12:22:31,18293.25,0
2021-06-23 12:22:37,18291.3,0
2021-06-23 12:22:45,18291.95,0
2021-06-23 12:22:48,18292.1,0
2021-06-23 12:22:56,18294.35,0
2021-06-23 12:23:05,18295.8,0
2021-06-23 12:23:14,18294.45,0
2021-06-23 12:23:36,18297.75,0
2021-06-23 12:23:37,18298.05,0
2021-06-23 12:23:39,18298.8,0
2021-06-23 12:23:42,18298.8,0
2021-06-23 12:23:48,18298.15,0
2021-06-23 12:23:49,18300.05,0
2021-06-23 12:23:50,18299.4,0
2021-06-23 12:23:53,18298.2,0
2021-06-23 12:24:05,18301.1,0
2021-06-23 12:24:11,18299.6,0
2021-06-23 12:24:12,18300.55,0
2021-06-23 12:24:14,18300.75,0
2021-06-23 12:24:19,18301.35,0
2021-06-23 12:24:31,18303.1,0
2021-06-23 12:24:34,18301.6,0
2021-06-23 12:24:40,18300.75,0
2021-06-23 12:24:49,18301.75,0
2021-06-23 12:24:51,18302.85,0
2021-06-23 12:24:53,18302.6,0
2021-06-23 12:24:54,18303.1,0
2021-06-23 12:24:57,18303.05,0
2021-06-23 12:24:58,18302.3,0
2021-06-23 12:24:59,18301.85,0
2021-06-23 12:25:00,18302.45,0
2021-06-23 12:25:17,18299.5,0
2021-06-23 12:25:22,18300.1,0
2021-06-23 12:25:23,18299.7,0
2021-06-23 12:25:31,18299.55,0
2021-06-23 12:25:42,18297.4,0
2021-06-23 12:25:43,18297.5,0
2021-06-23 12:25:44,18297.45,0
2021-06-23 12:25:49,18296.6,0
2021-06-23 12:25:51,18296.3,0
2021-06-23 12:25:53,18296.15,0
2021-06-23 12:26:09,18294.15,0
2021-06-23 12:26:11,18296.0,0
2021-06-23 12:26:16,18295.1,0
2021-06-23 12:26:23,18295.6,0
2021-06-23 12:26:29,18292.95,0
2021-06-23 12:26:30,18295.45,0
2021-06-23 12:26:33,18296.5,0
2021-06-23 12:26:47,18296.0,0
2021-06-23 12:26:54,18295.25,0
2021-06-23 12:27:00,18295.1,0
2021-06-23 12:27:05,18289.1,0
2021-06-23 12:27:08,18287.05,0
2021-06-23 12:27:21,18292.3,0
2021-06-23 12:27:26,18292.35,0
2021-06-23 12:27:31,18291.45,0
2021-06-23 12:27:32,18291.35,0
2021-06-23 12:27:35,18289.45,0
2021-06-23 12:27:36,18289.7,0
2021-06-23 12:27:49,18290.2,0
2021-06-23 12:27:51,18287.1,0
2021-06-23 12:27:52,18289.15,0
2021-06-23 12:27:57,18289.0,0
2021-06-23 12:28:04,18293.05,0
2021-06-23 12:28:09,18292.55,0
2021-06-23 12:28:11,18290.6,0
2021-06-23 12:28:13,18285.8,0
2021-06-23 12:28:23,18287.9,0
2021-06-23 12:28:24,18284.1,0
2021-06-23 12:28:40,18282.9,0
2021-06-23 12:28:43,18282.55,0
2021-06-23 12:28:44,18281.5,0
2021-06-23 12:28:50,18282.75,0
2021-06-23 12:28:51,18282.5,0
2021-06-23 12:28:53,18283.15,0
2021-06-23 12:28:55,18283.7,0
2021-06-23 12:29:06,18283.5,0
2021-06-23 12:29:08,18282.95,0
2021-06-23 12:29:12,18283.9,0
2021-06-23 12:29:20,18289.0,0
2021-06-23 12:29:23,18288.75,0
2021-06-23 12:29:25,18290.3,0
2021-06-23 12:29:28,18288.1,0
2021-06-23 12:29:29,18287.35,0
2021-06-23 12:29:42,18286.85,0
2021-06-23 12:29:52,18288.5,0
2021-06-23 12:30:00,18286.85,0
2021-06-23 12:30:05,18286.95,0
2021-06-23 12:30:13,18287.05,0
2021-06-23 12:30:14,18287.75,0
2021-06-23 12:30:26,18291.35,0
2021-06-23 12:30:27,18290.85,0
2021-06-23 12:30:29,18288.0,0
2021-06-23 12:30:33,18291.95,0
2021-06-23 12:30:37,18288.75,0
2021-06-23 12:30:40,18287.95,0
2021-06-23 12:30:41,18288.75,0
2021-06-23 12:30:45,18288.3,0
2021-06-23 12:30:55,18287.6,0
2021-06-23 12:31:10,18286.45,0
2021-06-23 12:31:13,18286.2,0
2021-06-23 12:31:22,18286.0,0
2021-06-23 12:31:27,18285.15,0
2021-06-23 12:31:28,18284.6,0
2021-06-23 12:31:34,18285.7,0
2021-06-23 12:31:36,18287.6,0
2021-06-23 12:31:37,18285.0,0
2021-06-23 12:31:39,18285.35,0
2021-06-23 12:31:41,18286.9,0
2021-06-23 12:31:45,18286.85,0
2021-06-23 12:31:46,18286.15,0
2021-06-23 12:31:47,18286.55,0
2021-06-23 12:31:59,18285.6,0
2021-06-23 12:32:05,18287.35,0
2021-06-23 12:32:12,18285.45,0
2021-06-23 12:32:15,18285.15,0
2021-06-23 12:32:23,18280.35,0
2021-06-23 12:32:27,18279.2,0
2021-06-23 12:32:31,18278.8,0
2021-06-23 12:32:35,18279.8,0
2021-06-23 12:32:40,18280.2,0
2021-06-23 12:32:49,18276.1,0
2021-06-23 12:32:50,18278.6,0
2021-06-23 12:32:52,18276.45,0
2021-06-23 12:32:55,18278.65,0
2021-06-23 12:33:04,18281.5,0
2021-06-23 12:33:12,18285.35,0
2021-06-23 12:33:13,18285.7,0
2021-06-23 12:33:15,18285.3,0
2021-06-23 12:33:16,18285.8,0
2021-06-23 12:33:18,18283.3,0
2021-06-23 12:33:22,18281.95,0
2021-06-23 12:33:26,18280.25,0
2021-06-23 12:33:43,18279.4,0
2021-06-23 12:33:49,18282.3,0
2021-06-23 12:33:58,18281.6,0
2021-06-23 12:34:02,18283.45,0
2021-06-23 12:34:06,18281.7,0
2021-06-23 12:34:07,18279.85,0
2021-06-23 12:34:09,18280.05,0
2021-06-23 12:34:13,18279.6,0
2021-06-23 12:34:18,18281.5,0
2021-06-23 12:34:21,18281.9,0
2021-06-23 12:34:23,18279.6,0
2021-06-23 12:34:25,18278.3,0
2021-06-23 12:34:29,18282.4,0
2021-06-23 12:34:40,18280.8,0
2021-06-23 12:34:47,18276.55,0
2021-06-23 12:34:48,18276.65,0
2021-06-23 12:34:51,18277.6,0
2021-06-23 12:34:52,18277.4,0
2021-06-23 12:34:56,18278.15,0
2021-06-23 12:35:08,18277.15,0
2021-06-23 12:35:11,18276.45,0
2021-06-23 12:35:11,18276.45,0
2021-06-23 12:35:18,18278.45,0
2021-06-23 12:35:20,18276.95,0
2021-06-23 12:35:21,18277.6,0
2021-06-23 12:35:28,18277.8,0
2021-06-23 12:35:30,18274.8,0
2021-06-23 12:35:31,18278.15,0
2021-06-23 12:35:32,18278.55,0
2021-06-23 12:35:40,18279.55,0
2021-06-23 12:35:44,18274.5,0
2021-06-23 12:35:50,18275.15,0
2021-06-23 12:35:51,18274.25,0
2021-06-23 12:35:56,18273.7,0
2021-06-23 12:35:58,18273.9,0
2021-06-23 12:36:03,18274.7,0
2021-06-23 12:36:06,18274.7,0
2021-06-23 12:36:08,18277.15,0
2021-06-23 12:36:09,18276.25,0
2021-06-23 12:36:10,18275.45,0
2021-06-23 12:36:15,18276.9,0
2021-06-23 12:36:16,18276.6,0
2021-06-23 12:36:16,18276.6,0
2021-06-23 12:36:24,18275.45,0
2021-06-23 12:36:27,18273.8,0
2021-06-23 12:36:31,18274.25,0
2021-06-23 12:36:32,18274.6,0
2021-06-23 12:36:33,18274.15,0
2021-06-23 12:36:35,18275.4,0
2021-06-23 12:36:40,18274.8,0
2021-06-23 12:36:42,18277.1,0
2021-06-23 12:36:48,18274.85,0
2021-06-23 12:36:51,18276.8,0
2021-06-23 12:36:54,18274.45,0
2021-06-23 12:36:55,18274.65,0
2021-06-23 12:36:58,18275.85,0
2021-06-23 12:36:59,18276.05,0
2021-06-23 12:37:02,18274.05,0
2021-06-23 12:37:05,18275.45,0
2021-06-23 12:37:15,18270.2,0
2021-06-23 12:37:18,18268.9,0
2021-06-23 12:37:21,18271.25,0
2021-06-23 12:37:30,18269.85,0
2021-06-23 12:37:40,18270.25,0
2021-06-23 12:37:51,18276.05,0
2021-06-23 12:37:54,18280.05,0
2021-06-23 12:37:56,18275.05,0
2021-06-23 12:38:02,18277.5,0
2021-06-23 12:38:08,18275.45,0
2021-06-23 12:38:16,18282.5,0
2021-06-23 12:38:21,18282.85,0
2021-06-23 12:38:22,18284.8,0
2021-06-23 12:38:23,18282.6,0
2021-06-23 12:38:24,18283.65,0
2021-06-23 12:38:26,18283.5,0
2021-06-23 12:38:27,18283.55,0
2021-06-23 12:38:32,18282.5,0
2021-06-23 12:38:34,18284.35,0
2021-06-23 12:38:35,18285.9,0
2021-06-23 12:38:52,18287.0,0
2021-06-23 12:38:58,18284.25,0
2021-06-23 12:39:02,18283.5,0
2021-06-23 12:39:03,18284.55,0
2021-06-23 12:39:04,18282.2,0
2021-06-23 12:39:12,18286.6,0
2021-06-23 12:39:15,18289.0,0
2021-06-23 12:39:18,18291.75,0
2021-06-23 12:39:21,18289.55,0
2021-06-23 12:39:31,18290.15,0
2021-06-23 12:39:35,18288.15,0
2021-06-23 12:39:41,18285.6,0
2021-06-23 12:39:46,18286.05,0
2021-06-23 12:39:51,18287.65,0
2021-06-23 12:40:04,18291.9,0
2021-06-23 12:40:13,18290.8,0
2021-06-23 12:40:20,18282.5,0
2021-06-23 12:40:21,18282.2,0
2021-06-23 12:40:24,18281.4,0
2021-06-23 12:40:32,18280.25,0
2021-06-23 12:40:33,18282.05,0
2021-06-23 12:40:34,18282.3,0
2021-06-23 12:40:36,18281.9,0
2021-06-23 12:40:38,18282.95,0
2021-06-23 12:40:49,18280.05,0
2021-06-23 12:40:52,18280.2,0
2021-06-23 12:41:13,18281.85,0
2021-06-23 12:41:15,18281.65,0
2021-06-23 12:41:16,18280.75,0
2021-06-23 12:41:19,18277.75,0
2021-06-23 12:41:29,18274.5,0
2021-06-23 12:41:33,18275.7,0
2021-06-23 12:41:35,18275.65,0
2021-06-23 12:41:39,18277.2,0
2021-06-23 12:41:44,18278.35,0
2021-06-23 12:41:48,18277.5,0
2021-06-23 12:41:54,18277.85,0
2021-06-23 12:41:58,18274.75,0
2021-06-23 12:42:08,18278.25,0
2021-06-23 12:42:10,18278.7,0
2021-06-23 12:42:11,18278.05,0
2021-06-23 12:42:24,18278.0,0
2021-06-23 12:42:32,18277.2,0
2021-06-23 12:42:35,18275.5,0
2021-06-23 12:42:53,18277.15,0
2021-06-23 12:43:03,18273.5,0
2021-06-23 12:43:12,18271.45,0
2021-06-23 12:43:15,18270.25,0
2021-06-23 12:43:24,18269.05,0
2021-06-23 12:43:26,18269.15,0
2021-06-23 12:43:27,18269.05,0
2021-06-23 12:43:29,18268.85,0
2021-06-23 12:43:36,18272.2,0
2021-06-23 12:43:39,18272.2,0
2021-06-23 12:43:41,18274.1,0
2021-06-23 12:43:45,18272.25,0
2021-06-23 12:43:49,18273.75,0
2021-06-23 12:43:51,18270.8,0
2021-06-23 12:43:55,18267.9,0
2021-06-23 12:43:57,18267.35,0
2021-06-23 12:44:01,18268.4,0
2021-06-23 12:44:03,18268.6,0
2021-06-23 12:44:11,18263.65,0
2021-06-23 12:44:26,18260.8,0
2021-06-23 12:44:28,18262.25,0
2021-06-23 12:44:48,18263.2,0
2021-06-23 12:44:51,18265.95,0
2021-06-23 12:44:52,18263.5,0
2021-06-23 12:44:54,18264.9,0
2021-06-23 12:44:55,18263.9,0
2021-06-23 12:44:58,18263.5,0
2021-06-23 12:44:59,18265.9,0
2021-06-23 12:45:04,18262.25,0
2021-06-23 12:45:07,18261.25,0
2021-06-23 12:45:10,18258.3,0
2021-06-23 12:45:11,18255.0,0
2021-06-23 12:45:12,18255.8,0
2021-06-23 12:45:22,18262.4,0
2021-06-23 12:45:24,18261.35,0
2021-06-23 12:45:28,18261.95,0
2021-06-23 12:45:29,18261.5,0
2021-06-23 12:45:34,18256.7,0
2021-06-23 12:45:41,18257.05,0
2021-06-23 12:45:46,18260.65,0
2021-06-23 12:46:01,18263.15,0
2021-06-23 12:46:04,18263.3,0
2021-06-23 12:46:06,18264.7,0
2021-06-23 12:46:13,18271.05,0
2021-06-23 12:46:18,18269.75,0
2021-06-23 12:46:28,18275.3,0
2021-06-23 12:46:29,18274.95,0
2021-06-23 12:46:30,18272.65,0
2021-06-23 12:46:31,18273.25,0
2021-06-23 12:46:39,18269.75,0
2021-06-23 12:46:40,18270.3,0
2021-06-23 12:46:41,18269.45,0
2021-06-23 12:46:44,18272.25,0
2021-06-23 12:46:46,18271.35,0
2021-06-23 12:46:49,18269.8,0
2021-06-23 12:46:50,18269.25,0
2021-06-23 12:46:56,18268.8,0
2021-06-23 12:46:59,18265.45,0
2021-06-23 12:47:00,18264.8,0
2021-06-23 12:47:02,18265.35,0
2021-06-23 12:47:09,18269.1,0
2021-06-23 12:47:20,18274.35,0
2021-06-23 12:47:22,18273.7,0
2021-06-23 12:47:23,18272.65,0
2021-06-23 12:47:24,18274.0,0
2021-06-23 12:47:40,18268.55,0
2021-06-23 12:47:48,18271.25,0
2021-06-23 12:47:49,18272.45,0
2021-06-23 12:47:51,18270.8,0
2021-06-23 12:47:56,18267.3,0
2021-06-23 12:48:02,18269.2,0
2021-06-23 12:48:03,18269.85,0
2021-06-23 12:48:04,18271.3,0
2021-06-23 12:48:08,18267.6,0
2021-06-23 12:48:08,18267.6,0
2021-06-23 12:48:23,18268.9,0
2021-06-23 12:48:27,18267.25,0
2021-06-23 12:48:29,18270.95,0
2021-06-23 12:48:40,18274.4,0
2021-06-23 12:48:46,18275.15,0
2021-06-23 12:48:52,18274.8,0
2021-06-23 12:48:55,18275.7,0
2021-06-23 12:49:02,18277.6,0
2021-06-23 12:49:06,18275.05,0
2021-06-23 12:49:08,18275.1,0
2021-06-23 12:49:10,18274.45,0
2021-06-23 12:49:11,18274.1,0
2021-06-23 12:49:17,18274.7,0
2021-06-23 12:49:18,18277.65,0
2021-06-23 12:49:26,18276.15,0
2021-06-23 12:49:28,18276.1,0
2021-06-23 12:49:41,18279.65,0
2021-06-23 12:49:47,18277.65,0
2021-06-23 12:49:50,18279.1,0
2021-06-23 12:49:51,18279.55,0
2021-06-23 12:49:54,18277.4,0
2021-06-23 12:49:58,18277.3,0
2021-06-23 12:50:07,18276.95,0
2021-06-23 12:50:08,18275.2,0
2021-06-23 12:50:10,18277.7,0
2021-06-23 12:50:20,18276.95,0
2021-06-23 12:50:27,18276.55,0
2021-06-23 12:50:33,18275.3,0
2021-06-23 12:50:41,18280.75,0
2021-06-23 12:50:54,18277.55,0
2021-06-23 12:50:59,18279.25,0
2021-06-23 12:51:01,18279.2,0
2021-06-23 12:51:21,18280.2,0
2021-06-23 12:51:22,18282.2,0
2021-06-23 12:51:26,18279.7,0
2021-06-23 12:51:30,18282.35,0
2021-06-23 12:51:32,18279.75,0
2021-06-23 12:51:32,18279.75,0
2021-06-23 12:51:39,18284.4,0
2021-06-23 12:51:48,18286.85,0
2021-06-23 12:51:52,18290.1,0
2021-06-23 12:51:58,18288.15,0
2021-06-23 12:52:01,18287.0,0
2021-06-23 12:52:07,18288.35,0
2021-06-23 12:52:11,18290.05,0
2021-06-23 12:52:15,18288.5,0
2021-06-23 12:52:16,18289.3,0
2021-06-23 12:52:17,18292.2,0
2021-06-23 12:52:24,18289.4,0
2021-06-23 12:52:30,18283.6,0
2021-06-23 12:52:40,18285.75,0
2021-06-23 12:52:47,18281.75,0
2021-06-23 12:52:50,18283.95,0
2021-06-23 12:52:55,18285.5,0
2021-06-23 12:52:58,18284.8,0
2021-06-23 12:52:59,18284.2,0
2021-06-23 12:53:00,18287.5,0
2021-06-23 12:53:01,18288.0,0
2021-06-23 12:53:06,18283.85,0
2021-06-23 12:53:13,18287.9,0
2021-06-23 12:53:18,18285.45,0
2021-06-23 12:53:29,18282.35,0
2021-06-23 12:53:31,18280.65,0
2021-06-23 12:53:35,18278.7,0
2021-06-23 12:53:36,18281.2,0
2021-06-23 12:53:37,18280.85,0
2021-06-23 12:53:42,18277.15,0
2021-06-23 12:53:45,18281.4,0
2021-06-23 12:53:50,18281.95,0
2021-06-23 12:53:54,18282.55,0
2021-06-23 12:54:05,18282.3,0
2021-06-23 12:54:08,18283.65,0
2021-06-23 12:54:14,18283.4,0
2021-06-23 12:54:15,18281.55,0
2021-06-23 12:54:17,18283.15,0
2021-06-23 12:54:18,18282.85,0
2021-06-23 12:54:20,18285.35,0
2021-06-23 12:54:23,18284.5,0
2021-06-23 12:54:32,18281.5,0
2021-06-23 12:54:34,18283.4,0
2021-06-23 12:54:37,18283.55,0
2021-06-23 12:54:42,18283.7,0
2021-06-23 12:54:44,18284.2,0
2021-06-23 12:54:50,18283.9,0
2021-06-23 12:54:59,18283.2,0
2021-06-23 12:55:04,18286.4,0
2021-06-23 12:55:07,18284.7,0
2021-06-23 12:55:14,18284.85,0
2021-06-23 12:55:19,18284.15,0
2021-06-23 12:55:22,18287.2,0
2021-06-23 12:55:28,18287.65,0
2021-06-23 12:55:29,18285.15,0
2021-06-23 12:55:34,18285.5,0
2021-06-23 12:55:36,18287.4,0
2021-06-23 12:55:38,18287.1,0
2021-06-23 12:55:40,18288.15,0
2021-06-23 12:55:42,18285.15,0
2021-06-23 12:55:46,18283.45,0
2021-06-23 12:55:51,18286.5,0
2021-06-23 12:55:59,18283.95,0
2021-06-23 12:56:01,18284.35,0
2021-06-23 12:56:02,18284.25,0
2021-06-23 12:56:03,18284.65,0
2021-06-23 12:56:27,18287.1,0
2021-06-23 12:56:33,18285.6,0
2021-06-23 12:56:35,18287.4,0
2021-06-23 12:56:36,18286.75,0
2021-06-23 12:56:44,18286.15,0
2021-06-23 12:56:45,18286.0,0
2021-06-23 12:56:51,18279.95,0
2021-06-23 12:56:52,18278.35,0
2021-06-23 12:56:54,18279.65,0
2021-06-23 12:56:56,18278.6,0
2021-06-23 12:57:01,18279.2,0
2021-06-23 12:57:07,18284.9,0
2021-06-23 12:57:08,18283.6,0
2021-06-23 12:57:09,18284.25,0
2021-06-23 12:57:10,18284.55,0
2021-06-23 12:57:14,18286.8,0
2021-06-23 12:57:22,18287.7,0
2021-06-23 12:57:29,18287.55,0
2021-06-23 12:57:43,18286.55,0
2021-06-23 12:57:46,18286.2,0
2021-06-23 12:57:48,18285.15,0
2021-06-23 12:58:13,18282.4,0
2021-06-23 12:58:15,18284.75,0
2021-06-23 12:58:16,18283.0,0
2021-06-23 12:58:24,18281.6,0
2021-06-23 12:58:32,18283.35,0
2021-06-23 12:58:33,18281.05,0
2021-06-23 12:58:36,18282.3,0
2021-06-23 12:58:38,18281.2,0
2021-06-23 12:58:41,18278.85,0
2021-06-23 12:58:42,18281.25,0
2021-06-23 12:59:04,18281.05,0
2021-06-23 12:59:13,18283.15,0
2021-06-23 12:59:18,18283.55,0
2021-06-23 12:59:22,18284.3,0
2021-06-23 12:59:23,18283.6,0
2021-06-23 12:59:25,18282.0,0
2021-06-23 12:59:26,18283.9,0
2021-06-23 12:59:36,18283.9,0
2021-06-23 12:59:40,18286.35,0
2021-06-23 12:59:43,18285.1,0
2021-06-23 12:59:47,18286.1,0
2021-06-23 12:59:48,18286.1,0
2021-06-23 12:59:50,18286.95,0
2021-06-23 12:59:58,18285.05,0
2021-06-23 12:59:59,18282.8,0
2021-06-23 12:59:59,18282.8,0
2021-06-23 13:00:14,18290.45,0
2021-06-23 13:00:22,18288.25,0
2021-06-23 13:00:23,18288.35,0
2021-06-23 13:00:28,18289.3,0
2021-06-23 13:00:43,18287.0,0
2021-06-23 13:00:50,18284.45,0
2021-06-23 13:00:51,18286.15,0
2021-06-23 13:01:02,18284.0,0
2021-06-23 13:01:03,18286.25,0
2021-06-23 13:01:24,18283.95,0
2021-06-23 13:01:37,18276.35,0
2021-06-23 13:01:38,18275.55,0
2021-06-23 13:01:43,18278.9,0
2021-06-23 13:01:52,18273.5,0
2021-06-23 13:01:56,18272.85,0
2021-06-23 13:01:58,18275.2,0
2021-06-23 13:02:04,18271.9,0
2021-06-23 13:02:16,18272.85,0
2021-06-23 13:02:22,18273.75,0
2021-06-23 13:02:26,18273.7,0
2021-06-23 13:02:27,18274.15,0
2021-06-23 13:02:35,18277.75,0
2021-06-23 13:02:49,18273.25,0
2021-06-23 13:02:51,18271.7,0
2021-06-23 13:02:55,18271.65,0
2021-06-23 13:03:00,18270.5,0
2021-06-23 13:03:05,18271.0,0
2021-06-23 13:03:17,18273.85,0
2021-06-23 13:03:21,18275.15,0
2021-06-23 13:03:28,18274.7,0
2021-06-23 13:03:35,18274.6,0
2021-06-23 13:03:58,18275.5,0
2021-06-23 13:04:02,18274.55,0
2021-06-23 13:04:14,18273.9,0
2021-06-23 13:04:16,18272.7,0
2021-06-23 13:04:17,18270.3,0
2021-06-23 13:04:28,18268.3,0
2021-06-23 13:04:33,18266.6,0
2021-06-23 13:04:36,18268.4,0
2021-06-23 13:04:48,18267.0,0
2021-06-23 13:04:50,18269.25,0
2021-06-23 13:04:53,18267.9,0
2021-06-23 13:04:55,18268.2,0
2021-06-23 13:04:57,18268.85,0
2021-06-23 13:05:21,18272.95,0
2021-06-23 13:05:28,18273.35,0
2021-06-23 13:05:40,18273.2,0
2021-06-23 13:05:45,18274.95,0
2021-06-23 13:05:56,18271.45,0
2021-06-23 13:05:58,18274.75,0
2021-06-23 13:05:59,18273.7,0
2021-06-23 13:06:00,18272.8,0
2021-06-23 13:06:19,18274.65,0
2021-06-23 13:06:21,18276.15,0
2021-06-23 13:06:39,18277.4,0
2021-06-23 13:06:41,18276.6,0
2021-06-23 13:06:43,18274.3,0
2021-06-23 13:06:48,18277.0,0
2021-06-23 13:06:51,18277.5,0
2021-06-23 13:06:57,18280.5,0
2021-06-23 13:07:04,18281.85,0
2021-06-23 13:07:05,18281.9,0
2021-06-23 13:07:08,18283.0,0
2021-06-23 13:07:14,18282.75,0
2021-06-23 13:07:22,18283.85,0
2021-06-23 13:07:29,18281.9,0
2021-06-23 13:07:31,18283.9,0
2021-06-23 13:07:36,18283.05,0
2021-06-23 13:07:39,18283.2,0
2021-06-23 13:07:52,18282.9,0
2021-06-23 13:08:02,18279.6,0
2021-06-23 13:08:20,18277.3,0
2021-06-23 13:08:29,18281.7,0
2021-06-23 13:08:31,18281.95,0
2021-06-23 13:08:33,18281.4,0
2021-06-23 13:08:43,18278.35,0
2021-06-23 13:08:46,18281.75,0
2021-06-23 13:08:47,18279.9,0
2021-06-23 13:09:07,18275.35,0
2021-06-23 13:09:27,18274.85,0
2021-06-23 13:09:28,18277.15,0
2021-06-23 13:09:36,18277.35,0
2021-06-23 13:09:40,18277.5,0
2021-06-23 13:09:41,18279.15,0
2021-06-23 13:09:52,18277.35,0
2021-06-23 13:09:53,18276.25,0
2021-06-23 13:10:00,18276.65,0
2021-06-23 13:10:02,18276.2,0
2021-06-23 13:10:04,18274.95,0
2021-06-23 13:10:06,18275.6,0
2021-06-23 13:10:25,18269.5,0
2021-06-23 13:10:27,18264.95,0
2021-06-23 13:10:31,18258.75,0
2021-06-23 13:10:38,18262.6,0
2021-06-23 13:10:39,18264.15,0
2021-06-23 13:10:41,18263.2,0
2021-06-23 13:11:05,18264.35,0
2021-06-23 13:11:10,18264.8,0
2021-06-23 13:11:12,18266.85,0
2021-06-23 13:11:14,18264.3,0
2021-06-23 13:11:15,18264.4,0
2021-06-23 13:11:25,18270.5,0
2021-06-23 13:11:31,18270.1,0
2021-06-23 13:11:35,18267.7,0
2021-06-23 13:11:38,18269.9,0
2021-06-23 13:11:40,18267.8,0
2021-06-23 13:11:45,18267.7,0
2021-06-23 13:11:46,18266.2,0
2021-06-23 13:11:48,18265.3,0
2021-06-23 13:11:52,18265.25,0
2021-06-23 13:11:53,18267.65,0
2021-06-23 13:11:58,18264.5,0
2021-06-23 13:12:00,18268.2,0
2021-06-23 13:12:03,18260.6,0
2021-06-23 13:12:05,18258.45,0
2021-06-23 13:12:07,18261.1,0
2021-06-23 13:12:08,18261.1,0
2021-06-23 13:12:09,18259.8,0
2021-06-23 13:12:10,18259.95,0
2021-06-23 13:12:16,18259.45,0
2021-06-23 13:12:17,18259.1,0
2021-06-23 13:12:19,18261.75,0
2021-06-23 13:12:22,18256.25,0
2021-06-23 13:12:24,18255.45,0
2021-06-23 13:12:27,18254.1,0
2021-06-23 13:12:50,18261.65,0
2021-06-23 13:12:52,18260.4,0
2021-06-23 13:13:10,18257.35,0
2021-06-23 13:13:12,18257.6,0
2021-06-23 13:13:19,18255.35,0
2021-06-23 13:13:24,18257.05,0
2021-06-23 13:13:27,18254.65,0
2021-06-23 13:13:28,18254.0,0
2021-06-23 13:13:31,18254.15,0
2021-06-23 13:13:33,18255.85,0
2021-06-23 13:13:42,18256.2,0
2021-06-23 13:13:44,18254.2,0
2021-06-23 13:13:45,18253.35,0
2021-06-23 13:13:47,18253.5,0
2021-06-23 13:13:48,18255.3,0
2021-06-23 13:13:48,18255.3,0
2021-06-23 13:14:01,18240.7,0
2021-06-23 13:14:05,18242.65,0
2021-06-23 13:14:06,18243.85,0
2021-06-23 13:14:14,18242.3,0
2021-06-23 13:14:15,18242.85,0
2021-06-23 13:14:21,18239.85,0
2021-06-23 13:14:22,18240.85,0
2021-06-23 13:14:35,18250.85,0
2021-06-23 13:14:41,18251.35,0
2021-06-23 13:14:42,18251.0,0
2021-06-23 13:14:45,18249.7,0
2021-06-23 13:14:49,18252.5,0
2021-06-23 13:14:56,18254.55,0
2021-06-23 13:14:58,18253.6,0
2021-06-23 13:15:00,18251.9,0
2021-06-23 13:15:12,18252.7,0
2021-06-23 13:15:13,18252.4,0
2021-06-23 13:15:20,18247.9,0
2021-06-23 13:15:21,18249.4,0
2021-06-23 13:15:23,18246.75,0
2021-06-23 13:15:28,18249.85,0
2021-06-23 13:15:31,18246.8,0
2021-06-23 13:15:35,18252.0,0
2021-06-23 13:15:48,18251.4,0
2021-06-23 13:15:48,18251.4,0
2021-06-23 13:16:18,18247.8,0
2021-06-23 13:16:34,18230.95,0
2021-06-23 13:16:35,18230.8,0
2021-06-23 13:16:37,18233.3,0
2021-06-23 13:16:39,18230.3,0
2021-06-23 13:16:42,18230.55,0
2021-06-23 13:16:47,18231.05,0
2021-06-23 13:16:53,18231.45,0
2021-06-23 13:17:01,18227.05,0
2021-06-23 13:17:03,18226.15,0
2021-06-23 13:17:05,18229.7,0
2021-06-23 13:17:20,18232.25,0
2021-06-23 13:17:23,18229.6,0
2021-06-23 13:17:25,18230.85,0
2021-06-23 13:17:35,18230.55,0
2021-06-23 13:17:39,18230.2,0
2021-06-23 13:17:43,18227.1,0
2021-06-23 13:17:47,18226.95,0
2021-06-23 13:17:50,18228.0,0
2021-06-23 13:17:53,18229.4,0
2021-06-23 13:17:57,18228.25,0
2021-06-23 13:18:12,18227.8,0
2021-06-23 13:18:13,18227.45,0
2021-06-23 13:18:16,18229.95,0
2021-06-23 13:18:41,18235.95,0
2021-06-23 13:18:48,18236.25,0
2021-06-23 13:18:53,18237.8,0
2021-06-23 13:18:55,18235.2,0
2021-06-23 13:18:57,18237.35,0
2021-06-23 13:18:59,18238.7,0
2021-06-23 13:19:00,18237.05,0
2021-06-23 13:19:02,18237.45,0
2021-06-23 13:19:03,18237.65,0
2021-06-23 13:19:04,18238.1,0
2021-06-23 13:19:09,18238.2,0
2021-06-23 13:19:11,18239.1,0
2021-06-23 13:19:20,18244.45,0
2021-06-23 13:19:21,18244.55,0
2021-06-23 13:19:29,18245.2,0
2021-06-23 13:19:37,18251.05,0
2021-06-23 13:19:38,18253.5,0
2021-06-23 13:19:41,18254.9,0
2021-06-23 13:19:42,18255.6,0
2021-06-23 13:19:44,18254.05,0
2021-06-23 13:19:45,18252.7,0
2021-06-23 13:20:05,18251.75,0
2021-06-23 13:20:10,18247.55,0
2021-06-23 13:20:14,18249.5,0
2021-06-23 13:20:15,18248.1,0
2021-06-23 13:20:18,18246.1,0
2021-06-23 13:20:23,18247.35,0
2021-06-23 13:20:30,18247.1,0
2021-06-23 13:20:34,18250.3,0
2021-06-23 13:20:41,18247.0,0
2021-06-23 13:20:56,18247.6,0
2021-06-23 13:21:04,18244.75,0
2021-06-23 13:21:05,18244.9,0
2021-06-23 13:21:29,18247.8,0
2021-06-23 13:21:32,18246.1,0
2021-06-23 13:21:36,18247.2,0
2021-06-23 13:21:37,18247.9,0
2021-06-23 13:21:39,18246.15,0
2021-06-23 13:21:46,18250.15,0
2021-06-23 13:21:47,18249.85,0
2021-06-23 13:21:49,18249.2,0
2021-06-23 13:21:51,18248.55,0
2021-06-23 13:21:58,18248.55,0
2021-06-23 13:22:02,18247.7,0
2021-06-23 13:22:05,18247.0,0
2021-06-23 13:22:07,18246.55,0
2021-06-23 13:22:10,18246.9,0
2021-06-23 13:22:11,18245.65,0
2021-06-23 13:22:15,18243.4,0
2021-06-23 13:22:19,18245.45,0
2021-06-23 13:22:22,18243.75,0
2021-06-23 13:22:23,18245.45,0
2021-06-23 13:22:52,18262.35,0
2021-06-23 13:22:55,18262.35,0
2021-06-23 13:22:56,18260.3,0
2021-06-23 13:23:00,18257.8,0
2021-06-23 13:23:13,18258.15,0
2021-06-23 13:23:17,18260.35,0
2021-06-23 13:23:20,18260.2,0
2021-06-23 13:23:22,18262.35,0
2021-06-23 13:23:25,18262.35,0
2021-06-23 13:23:26,18262.15,0
2021-06-23 13:23:27,18263.0,0
2021-06-23 13:23:28,18261.05,0
2021-06-23 13:23:31,18261.45,0
2021-06-23 13:23:32,18262.35,0
