timestamp,ltp,volume
2021-06-23 09:16:41,10593.0,0
2021-06-23 09:16:45,10592.2,0
2021-06-23 09:16:48,10592.7,0
2021-06-23 09:16:53,10595.15,0
2021-06-23 09:16:58,10594.4,0
2021-06-23 09:17:03,10594.95,0
2021-06-23 09:17:06,10598.35,0
2021-06-23 09:17:16,10594.55,0
2021-06-23 09:17:18,10595.65,0
2021-06-23 09:17:19,10594.95,0
2021-06-23 09:17:21,10592.85,0
2021-06-23 09:17:28,10595.75,0
2021-06-23 09:17:35,10598.7,0
2021-06-23 09:17:38,10596.7,0
2021-06-23 09:17:40,10595.4,0
2021-06-23 09:17:49,10597.95,0
2021-06-23 09:18:01,10597.05,0
2021-06-23 09:18:02,10596.75,0
2021-06-23 09:18:12,10597.1,0
2021-06-23 09:18:14,10595.95,0
2021-06-23 09:18:17,10596.25,0
2021-06-23 09:18:20,10595.4,0
2021-06-23 09:18:24,10598.35,0
2021-06-23 09:18:36,10600.15,0
2021-06-23 09:18:39,10598.8,0
2021-06-23 09:18:40,10598.85,0
2021-06-23 09:18:41,10599.35,0
2021-06-23 09:18:45,10600.35,0
2021-06-23 09:18:54,10605.4,0
2021-06-23 09:19:04,10602.3,0
2021-06-23 09:19:06,10602.25,0
2021-06-23 09:19:11,10600.1,0
2021-06-23 09:19:22,10605.75,0
2021-06-23 09:19:24,10606.05,0
2021-06-23 09:19:29,10606.25,0
2021-06-23 09:19:30,10603.65,0
2021-06-23 09:19:33,10606.45,0
2021-06-23 09:19:40,10609.05,0
2021-06-23 09:19:52,10610.0,0
2021-06-23 09:19:59,10610.75,0
2021-06-23 09:20:01,10608.25,0
2021-06-23 09:20:05,10609.4,0
2021-06-23 09:20:22,10612.55,0
2021-06-23 09:20:23,10612.65,0
2021-06-23 09:20:29,10610.6,0
2021-06-23 09:20:30,10610.7,0
2021-06-23 09:20:31,10609.45,0
2021-06-23 09:20:38,10606.85,0
2021-06-23 09:20:40,10607.15,0
2021-06-23 09:20:42,10608.3,0
2021-06-23 09:20:57,10603.45,0
2021-06-23 09:20:59,10601.75,0
2021-06-23 09:21:10,10598.85,0
2021-06-23 09:21:13,10595.45,0
2021-06-23 09:21:14,10594.45,0
2021-06-23 09:21:15,10595.25,0
2021-06-23 09:21:16,10596.5,0
2021-06-23 09:21:18,10595.15,0
2021-06-23 09:21:19,10595.4,0
2021-06-23 09:21:23,10595.15,0
2021-06-23 09:21:24,10597.0,0
2021-06-23 09:21:25,10595.45,0
2021-06-23 09:21:27,10595.65,0
2021-06-23 09:21:30,10594.8,0
2021-06-23 09:21:36,10592.5,0
2021-06-23 09:21:39,10593.05,0
2021-06-23 09:21:40,10592.25,0
2021-06-23 09:21:41,10592.05,0
2021-06-23 09:21:48,10589.95,0
2021-06-23 09:21:50,10585.5,0
2021-06-23 09:21:52,10586.35,0
2021-06-23 09:21:53,10587.2,0
2021-06-23 09:21:54,10587.35,0
2021-06-23 09:21:56,10587.95,0
2021-06-23 09:21:58,10587.6,0
2021-06-23 09:22:02,10584.25,0
2021-06-23 09:22:04,10584.5,0
2021-06-23 09:22:07,10582.95,0
2021-06-23 09:22:08,10582.9,0
2021-06-23 09:22:15,10582.95,0
2021-06-23 09:22:22,10574.2,0
2021-06-23 09:22:27,10574.7,0
2021-06-23 09:22:28,10575.65,0
2021-06-23 09:22:37,10571.8,0
2021-06-23 09:22:40,10572.55,0
2021-06-23 09:22:50,10571.15,0
2021-06-23 09:22:58,10560.0,0
2021-06-23 09:23:04,10557.8,0
2021-06-23 09:23:14,10561.0,0
2021-06-23 09:23:15,10560.2,0
2021-06-23 09:23:26,10561.45,0
2021-06-23 09:23:30,10559.05,0
2021-06-23 09:23:40,10558.2,0
2021-06-23 09:23:45,10554.1,0
2021-06-23 09:23:48,10553.4,0
2021-06-23 09:23:54,10554.05,0
2021-06-23 09:23:57,10555.7,0
2021-06-23 09:24:03,10556.7,0
2021-06-23 09:24:09,10559.9,0
2021-06-23 09:24:15,10566.35,0
2021-06-23 09:24:18,10567.8,0
2021-06-23 09:24:23,10570.2,0
2021-06-23 09:24:24,10570.9,0
2021-06-23 09:24:51,10575.9,0
2021-06-23 09:24:54,10576.6,0
2021-06-23 09:24:56,10577.15,0
2021-06-23 09:25:03,10576.45,0
2021-06-23 09:25:11,10578.25,0
2021-06-23 09:25:13,10579.6,0
2021-06-23 09:25:16,10579.85,0
2021-06-23 09:25:39,10583.45,0
2021-06-23 09:25:40,10584.3,0
2021-06-23 09:25:43,10586.3,0
2021-06-23 09:25:45,10584.8,0
2021-06-23 09:25:47,10584.1,0
2021-06-23 09:26:00,10583.85,0
2021-06-23 09:26:04,10581.85,0
2021-06-23 09:26:05,10582.15,0
2021-06-23 09:26:06,10581.7,0
2021-06-23 09:26:09,10581.0,0
2021-06-23 09:26:12,10582.1,0
2021-06-23 09:26:24,10585.45,0
2021-06-23 09:26:27,10585.2,0
2021-06-23 09:26:31,10587.7,0
2021-06-23 09:26:32,10586.25,0
2021-06-23 09:26:41,10586.5,0
2021-06-23 09:26:55,10587.4,0
2021-06-23 09:26:57,10586.7,0
2021-06-23 09:27:01,10588.25,0
2021-06-23 09:27:02,10587.35,0
2021-06-23 09:27:18,10588.25,0
2021-06-23 09:27:19,10588.25,0
2021-06-23 09:27:24,10591.55,0
2021-06-23 09:27:25,10591.5,0
2021-06-23 09:27:32,10593.8,0
2021-06-23 09:27:35,10594.25,0
2021-06-23 09:27:47,10597.4,0
2021-06-23 09:27:48,10597.6,0
2021-06-23 09:28:04,10599.6,0
2021-06-23 09:28:07,10599.75,0
2021-06-23 09:28:10,10599.5,0
2021-06-23 09:28:11,10598.6,0
2021-06-23 09:28:12,10601.8,0
2021-06-23 09:28:16,10601.4,0
2021-06-23 09:28:17,10600.1,0
2021-06-23 09:28:20,10600.75,0
2021-06-23 09:28:24,10601.55,0
2021-06-23 09:28:28,10603.15,0
2021-06-23 09:28:30,10602.65,0
2021-06-23 09:28:37,10606.05,0
2021-06-23 09:28:39,10606.25,0
2021-06-23 09:28:40,10605.6,0
2021-06-23 09:28:42,10606.25,0
2021-06-23 09:28:46,10605.65,0
2021-06-23 09:28:51,10602.35,0
2021-06-23 09:28:52,10601.35,0
2021-06-23 09:28:54,10600.9,0
2021-06-23 09:28:59,10600.1,0
2021-06-23 09:29:03,10597.3,0
2021-06-23 09:29:10,10600.2,0
2021-06-23 09:29:13,10599.85,0
2021-06-23 09:29:16,10598.55,0
2021-06-23 09:29:26,10597.7,0
2021-06-23 09:29:27,10597.85,0
2021-06-23 09:29:39,10598.9,0
2021-06-23 09:29:50,10596.2,0
2021-06-23 09:29:52,10596.55,0
2021-06-23 09:29:55,10596.35,0
2021-06-23 09:29:57,10597.0,0
2021-06-23 09:29:59,10598.2,0
2021-06-23 09:30:02,10599.95,0
2021-06-23 09:30:04,10600.55,0
2021-06-23 09:30:08,10600.9,0
2021-06-23 09:30:09,10600.95,0
2021-06-23 09:30:14,10601.2,0
2021-06-23 09:30:18,10601.15,0
2021-06-23 09:30:20,10600.1,0
2021-06-23 09:30:21,10600.5,0
2021-06-23 09:30:28,10595.1,0
2021-06-23 09:30:39,10595.95,0
2021-06-23 09:30:40,10596.6,0
2021-06-23 09:30:47,10596.3,0
2021-06-23 09:30:48,10595.7,0
2021-06-23 09:30:50,10595.05,0
2021-06-23 09:30:52,10595.0,0
2021-06-23 09:30:58,10594.45,0
2021-06-23 09:31:02,10593.85,0
2021-06-23 09:31:03,10593.8,0
2021-06-23 09:31:14,10591.15,0
2021-06-23 09:31:16,10588.1,0
2021-06-23 09:31:17,10589.1,0
2021-06-23 09:31:21,10591.35,0
2021-06-23 09:31:24,10591.4,0
2021-06-23 09:31:31,10593.3,0
2021-06-23 09:31:33,10595.15,0
2021-06-23 09:31:43,10592.55,0
2021-06-23 09:31:46,10592.65,0
2021-06-23 09:31:51,10592.95,0
2021-06-23 09:31:53,10592.6,0
2021-06-23 09:31:59,10592.85,0
2021-06-23 09:32:01,10593.4,0
2021-06-23 09:32:05,10592.75,0
2021-06-23 09:32:07,10595.05,0
2021-06-23 09:32:08,10593.7,0
2021-06-23 09:32:10,10595.05,0
2021-06-23 09:32:16,10597.5,0
2021-06-23 09:32:27,10599.5,0
2021-06-23 09:32:28,10599.35,0
2021-06-23 09:32:31,10600.2,0
2021-06-23 09:32:34,10601.3,0
2021-06-23 09:32:37,10600.9,0
2021-06-23 09:32:39,10601.7,0
2021-06-23 09:32:42,10602.35,0
2021-06-23 09:32:43,10602.65,0
2021-06-23 09:32:50,10600.0,0
2021-06-23 09:32:55,10598.75,0
2021-06-23 09:33:01,10596.65,0
2021-06-23 09:33:07,10593.7,0
2021-06-23 09:33:12,10596.05,0
2021-06-23 09:33:28,10595.5,0
2021-06-23 09:33:30,10594.75,0
2021-06-23 09:33:31,10595.05,0
2021-06-23 09:33:33,10594.5,0
2021-06-23 09:33:43,10597.4,0
2021-06-23 09:33:46,10597.3,0
2021-06-23 09:33:47,10596.5,0
2021-06-23 09:33:48,10597.35,0
2021-06-23 09:33:50,10598.05,0
2021-06-23 09:33:54,10599.45,0
2021-06-23 09:33:56,10598.8,0
2021-06-23 09:33:59,10599.0,0
2021-06-23 09:34:10,10597.5,0
2021-06-23 09:34:12,10598.1,0
2021-06-23 09:34:15,10600.55,0
2021-06-23 09:34:20,10607.9,0
2021-06-23 09:34:23,10611.2,0
2021-06-23 09:34:24,10614.0,0
2021-06-23 09:34:34,10611.55,0
2021-06-23 09:34:36,10612.25,0
2021-06-23 09:34:38,10612.25,0
2021-06-23 09:34:41,10613.3,0
2021-06-23 09:34:55,10611.4,0
2021-06-23 09:35:00,10613.55,0
2021-06-23 09:35:01,10614.45,0
2021-06-23 09:35:04,10615.6,0
2021-06-23 09:35:09,10615.8,0
2021-06-23 09:35:11,10615.35,0
2021-06-23 09:35:12,10615.1,0
2021-06-23 09:35:13,10616.8,0
2021-06-23 09:35:16,10616.25,0
2021-06-23 09:35:26,10614.2,0
2021-06-23 09:35:27,10615.75,0
2021-06-23 09:35:37,10617.05,0
2021-06-23 09:35:39,10619.55,0
2021-06-23 09:35:47,10623.8,0
2021-06-23 09:35:50,10622.5,0
2021-06-23 09:35:54,10623.7,0
2021-06-23 09:36:18,10619.6,0
2021-06-23 09:36:20,10620.25,0
2021-06-23 09:36:23,10619.75,0
2021-06-23 09:36:26,10618.6,0
2021-06-23 09:36:31,10620.15,0
2021-06-23 09:36:32,10619.05,0
2021-06-23 09:36:36,10620.0,0
2021-06-23 09:36:39,10620.7,0
2021-06-23 09:36:40,10619.95,0
2021-06-23 09:36:44,10623.1,0
2021-06-23 09:36:50,10627.95,0
2021-06-23 09:36:51,10628.35,0
2021-06-23 09:36:52,10627.9,0
2021-06-23 09:36:55,10628.6,0
2021-06-23 09:37:01,10628.15,0
2021-06-23 09:37:05,10630.1,0
2021-06-23 09:37:08,10630.0,0
2021-06-23 09:37:14,10628.4,0
2021-06-23 09:37:17,10630.45,0
2021-06-23 09:37:24,10632.9,0
2021-06-23 09:37:26,10634.0,0
2021-06-23 09:37:27,10635.15,0
2021-06-23 09:37:32,10635.3,0
2021-06-23 09:37:37,10636.2,0
2021-06-23 09:37:38,10636.75,0
2021-06-23 09:37:41,10637.5,0
2021-06-23 09:37:47,10637.45,0
2021-06-23 09:37:49,10637.9,0
2021-06-23 09:37:57,10637.75,0
2021-06-23 09:38:00,10638.1,0
2021-06-23 09:38:01,10637.2,0
2021-06-23 09:38:03,10637.75,0
2021-06-23 09:38:05,10637.65,0
2021-06-23 09:38:06,10635.4,0
2021-06-23 09:38:09,10638.2,0
2021-06-23 09:38:16,10639.65,0
2021-06-23 09:38:19,10639.2,0
2021-06-23 09:38:26,10640.5,0
2021-06-23 09:38:35,10642.75,0
2021-06-23 09:38:49,10647.15,0
2021-06-23 09:38:50,10644.9,0
2021-06-23 09:38:55,10646.9,0
2021-06-23 09:38:56,10646.95,0
2021-06-23 09:39:04,10649.6,0
2021-06-23 09:39:07,10651.05,0
2021-06-23 09:39:14,10650.55,0
2021-06-23 09:39:15,10651.05,0
2021-06-23 09:39:22,10651.65,0
2021-06-23 09:39:26,10653.5,0
2021-06-23 09:39:33,10655.35,0
2021-06-23 09:39:35,10655.3,0
2021-06-23 09:39:39,10656.05,0
2021-06-23 09:39:41,10654.85,0
2021-06-23 09:39:45,10655.05,0
2021-06-23 09:39:52,10656.25,0
2021-06-23 09:39:59,10656.4,0
2021-06-23 09:40:02,10658.05,0
2021-06-23 09:40:15,10658.4,0
2021-06-23 09:40:26,10659.1,0
2021-06-23 09:40:27,10658.25,0
2021-06-23 09:40:29,10659.65,0
2021-06-23 09:40:30,10660.5,0
2021-06-23 09:40:31,10660.75,0
2021-06-23 09:40:33,10658.95,0
2021-06-23 09:40:35,10657.05,0
2021-06-23 09:40:42,10657.3,0
2021-06-23 09:40:47,10658.6,0
2021-06-23 09:40:49,10658.75,0
2021-06-23 09:40:50,10658.0,0
2021-06-23 09:40:53,10657.55,0
2021-06-23 09:40:57,10658.75,0
2021-06-23 09:40:58,10657.3,0
2021-06-23 09:41:02,10656.4,0
2021-06-23 09:41:03,10656.65,0
2021-06-23 09:41:07,10655.85,0
2021-06-23 09:41:15,10655.35,0
2021-06-23 09:41:18,10654.7,0
2021-06-23 09:41:20,10655.2,0
2021-06-23 09:41:32,10651.1,0
2021-06-23 09:41:34,10650.15,0
2021-06-23 09:41:37,10650.9,0
2021-06-23 09:41:38,10650.95,0
2021-06-23 09:41:39,10650.55,0
2021-06-23 09:41:45,10652.7,0
2021-06-23 09:41:47,10654.45,0
2021-06-23 09:41:53,10656.9,0
2021-06-23 09:41:57,10658.15,0
2021-06-23 09:42:01,10657.75,0
2021-06-23 09:42:02,10658.6,0
2021-06-23 09:42:08,10658.9,0
2021-06-23 09:42:10,10658.75,0
2021-06-23 09:42:16,10660.85,0
2021-06-23 09:42:21,10661.9,0
2021-06-23 09:42:25,10662.45,0
2021-06-23 09:42:29,10665.3,0
2021-06-23 09:42:32,10665.9,0
2021-06-23 09:42:49,10668.9,0
2021-06-23 09:42:53,10668.3,0
2021-06-23 09:42:55,10669.15,0
2021-06-23 09:42:59,10669.2,0
2021-06-23 09:43:01,10667.75,0
2021-06-23 09:43:06,10668.2,0
2021-06-23 09:43:13,10667.4,0
2021-06-23 09:43:17,10669.25,0
2021-06-23 09:43:22,10667.25,0
2021-06-23 09:43:23,10667.7,0
2021-06-23 09:43:24,10667.3,0
2021-06-23 09:43:29,10668.65,0
2021-06-23 09:43:30,10669.1,0
2021-06-23 09:43:45,10668.95,0
2021-06-23 09:43:46,10668.55,0
2021-06-23 09:43:47,10668.4,0
2021-06-23 09:43:56,10666.95,0
2021-06-23 09:44:00,10667.95,0
2021-06-23 09:44:04,10667.75,0
2021-06-23 09:44:13,10669.7,0
2021-06-23 09:44:15,10669.9,0
2021-06-23 09:44:17,10671.0,0
2021-06-23 09:44:20,10669.55,0
2021-06-23 09:44:25,10667.25,0
2021-06-23 09:44:28,10665.95,0
2021-06-23 09:44:30,10667.25,0
2021-06-23 09:44:33,10668.25,0
2021-06-23 09:44:35,10668.3,0
2021-06-23 09:44:37,10668.9,0
2021-06-23 09:44:43,10670.55,0
2021-06-23 09:44:44,10671.35,0
2021-06-23 09:44:45,10672.15,0
2021-06-23 09:44:50,10672.1,0
2021-06-23 09:44:55,10672.25,0
2021-06-23 09:44:57,10673.05,0
2021-06-23 09:44:59,10672.15,0
2021-06-23 09:45:01,10671.65,0
2021-06-23 09:45:02,10671.65,0
2021-06-23 09:45:07,10666.6,0
2021-06-23 09:45:12,10659.2,0
2021-06-23 09:45:17,10656.4,0
2021-06-23 09:45:29,10656.45,0
2021-06-23 09:45:31,10656.55,0
2021-06-23 09:45:32,10656.15,0
2021-06-23 09:45:35,10658.3,0
2021-06-23 09:45:36,10655.6,0
2021-06-23 09:45:44,10657.0,0
2021-06-23 09:45:46,10657.95,0
2021-06-23 09:45:48,10658.75,0
2021-06-23 09:45:52,10659.25,0
2021-06-23 09:45:54,10658.65,0
2021-06-23 09:46:04,10660.1,0
2021-06-23 09:46:07,10659.4,0
2021-06-23 09:46:16,10658.0,0
2021-06-23 09:46:25,10655.65,0
2021-06-23 09:46:33,10656.1,0
2021-06-23 09:46:43,10661.95,0
2021-06-23 09:46:48,10661.65,0
2021-06-23 09:46:49,10660.7,0
2021-06-23 09:46:52,10661.05,0
2021-06-23 09:46:53,10660.85,0
2021-06-23 09:46:54,10661.05,0
2021-06-23 09:46:56,10660.3,0
2021-06-23 09:47:00,10661.2,0
2021-06-23 09:47:04,10661.3,0
2021-06-23 09:47:09,10659.8,0
2021-06-23 09:47:12,10658.85,0
2021-06-23 09:47:13,10661.3,0
2021-06-23 09:47:14,10661.3,0
2021-06-23 09:47:27,10663.75,0
2021-06-23 09:47:29,10663.5,0
2021-06-23 09:47:33,10661.4,0
2021-06-23 09:47:37,10662.55,0
2021-06-23 09:47:39,10663.65,0
2021-06-23 09:47:41,10662.15,0
2021-06-23 09:47:44,10663.3,0
2021-06-23 09:47:49,10662.8,0
2021-06-23 09:47:50,10662.6,0
2021-06-23 09:47:53,10662.1,0
2021-06-23 09:48:02,10664.25,0
2021-06-23 09:48:09,10664.35,0
2021-06-23 09:48:16,10665.5,0
2021-06-23 09:48:17,10665.85,0
2021-06-23 09:48:19,10666.15,0
2021-06-23 09:48:48,10674.05,0
2021-06-23 09:48:52,10671.95,0
2021-06-23 09:49:03,10675.8,0
2021-06-23 09:49:09,10676.15,0
2021-06-23 09:49:13,10676.3,0
2021-06-23 09:49:14,10675.7,0
2021-06-23 09:49:15,10676.4,0
2021-06-23 09:49:18,10679.4,0
2021-06-23 09:49:19,10679.35,0
2021-06-23 09:49:30,10677.15,0
2021-06-23 09:49:31,10677.0,0
2021-06-23 09:49:32,10676.55,0
2021-06-23 09:49:36,10680.65,0
2021-06-23 09:49:44,10677.8,0
2021-06-23 09:49:47,10678.75,0
2021-06-23 09:49:55,10680.35,0
2021-06-23 09:49:57,10680.4,0
2021-06-23 09:50:00,10680.9,0
2021-06-23 09:50:05,10682.65,0
2021-06-23 09:50:12,10681.3,0
2021-06-23 09:50:15,10681.95,0
2021-06-23 09:50:16,10682.7,0
2021-06-23 09:50:21,10681.85,0
2021-06-23 09:50:22,10682.75,0
2021-06-23 09:50:27,10682.95,0
2021-06-23 09:50:30,10683.85,0
2021-06-23 09:50:33,10684.3,0
2021-06-23 09:50:37,10683.85,0
2021-06-23 09:50:41,10682.35,0
2021-06-23 09:50:46,10680.95,0
2021-06-23 09:51:02,10681.2,0
2021-06-23 09:51:04,10680.0,0
2021-06-23 09:51:05,10680.8,0
2021-06-23 09:51:06,10681.1,0
2021-06-23 09:51:11,10681.1,0
2021-06-23 09:51:18,10680.9,0
2021-06-23 09:51:23,10680.7,0
2021-06-23 09:51:28,10680.0,0
2021-06-23 09:51:30,10680.1,0
2021-06-23 09:51:31,10680.55,0
2021-06-23 09:51:32,10679.1,0
2021-06-23 09:51:34,10679.35,0
2021-06-23 09:51:35,10677.3,0
2021-06-23 09:51:36,10678.6,0
2021-06-23 09:51:39,10677.7,0
2021-06-23 09:51:42,10675.2,0
2021-06-23 09:51:46,10674.95,0
2021-06-23 09:51:48,10673.55,0
2021-06-23 09:51:51,10673.75,0
2021-06-23 09:51:56,10671.8,0
2021-06-23 09:51:57,10670.45,0
2021-06-23 09:51:59,10669.25,0
2021-06-23 09:52:07,10661.65,0
2021-06-23 09:52:20,10660.3,0
2021-06-23 09:52:26,10661.75,0
2021-06-23 09:52:29,10661.7,0
2021-06-23 09:52:33,10662.95,0
2021-06-23 09:52:34,10662.4,0
2021-06-23 09:52:41,10660.3,0
2021-06-23 09:52:43,10660.6,0
2021-06-23 09:52:57,10659.3,0
2021-06-23 09:52:59,10658.65,0
2021-06-23 09:53:04,10656.6,0
2021-06-23 09:53:06,10657.05,0
2021-06-23 09:53:09,10658.55,0
2021-06-23 09:53:14,10654.9,0
2021-06-23 09:53:21,10654.35,0
2021-06-23 09:53:36,10653.15,0
2021-06-23 09:53:37,10653.9,0
2021-06-23 09:53:38,10652.95,0
2021-06-23 09:53:41,10652.65,0
2021-06-23 09:53:50,10652.8,0
2021-06-23 09:53:51,10652.8,0
2021-06-23 09:54:00,10652.5,0
2021-06-23 09:54:01,10652.95,0
2021-06-23 09:54:06,10655.0,0
2021-06-23 09:54:11,10654.65,0
2021-06-23 09:54:13,10654.95,0
2021-06-23 09:54:27,10656.8,0
2021-06-23 09:54:28,10657.3,0
2021-06-23 09:54:31,10658.8,0
2021-06-23 09:54:32,10657.6,0
2021-06-23 09:54:33,10656.7,0
2021-06-23 09:54:39,10658.05,0
2021-06-23 09:54:43,10660.55,0
2021-06-23 09:54:46,10658.95,0
2021-06-23 09:54:53,10659.85,0
2021-06-23 09:54:55,10660.85,0
2021-06-23 09:55:01,10659.65,0
2021-06-23 09:55:02,10659.15,0
2021-06-23 09:55:03,10659.25,0
2021-06-23 09:55:04,10659.15,0
2021-06-23 09:55:05,10659.15,0
2021-06-23 09:55:07,10659.95,0
2021-06-23 09:55:23,10659.8,0
2021-06-23 09:55:39,10659.75,0
2021-06-23 09:55:40,10661.2,0
2021-06-23 09:55:52,10664.15,0
2021-06-23 09:55:59,10662.5,0
2021-06-23 09:56:05,10661.8,0
2021-06-23 09:56:07,10661.6,0
2021-06-23 09:56:08,10660.9,0
2021-06-23 09:56:11,10661.8,0
2021-06-23 09:56:13,10659.9,0
2021-06-23 09:56:17,10658.45,0
2021-06-23 09:56:19,10657.4,0
2021-06-23 09:56:20,10657.3,0
2021-06-23 09:56:21,10658.5,0
2021-06-23 09:56:23,10656.5,0
2021-06-23 09:56:26,10654.85,0
2021-06-23 09:56:31,10654.35,0
2021-06-23 09:56:33,10653.75,0
2021-06-23 09:56:35,10654.05,0
2021-06-23 09:56:36,10654.65,0
2021-06-23 09:56:39,10657.25,0
2021-06-23 09:56:44,10656.9,0
2021-06-23 09:56:45,10656.35,0
2021-06-23 09:56:47,10655.2,0
2021-06-23 09:56:57,10652.1,0
2021-06-23 09:56:58,10652.1,0
2021-06-23 09:57:08,10655.9,0
2021-06-23 09:57:13,10654.05,0
2021-06-23 09:57:16,10653.45,0
2021-06-23 09:57:24,10653.35,0
2021-06-23 09:57:26,10651.7,0
2021-06-23 09:57:28,10651.95,0
2021-06-23 09:57:31,10650.45,0
2021-06-23 09:57:34,10650.5,0
2021-06-23 09:57:41,10649.75,0
2021-06-23 09:57:42,10649.7,0
2021-06-23 09:57:44,10649.65,0
2021-06-23 09:57:45,10649.95,0
2021-06-23 09:57:50,10649.85,0
2021-06-23 09:57:52,10649.75,0
2021-06-23 09:57:55,10648.3,0
2021-06-23 09:58:03,10647.2,0
2021-06-23 09:58:06,10647.25,0
2021-06-23 09:58:07,10646.8,0
2021-06-23 09:58:11,10647.3,0
2021-06-23 09:58:14,10647.25,0
2021-06-23 09:58:17,10646.6,0
2021-06-23 09:58:19,10647.6,0
2021-06-23 09:58:20,10647.5,0
2021-06-23 09:58:23,10648.0,0
2021-06-23 09:58:32,10648.0,0
2021-06-23 09:58:38,10645.7,0
2021-06-23 09:58:51,10640.15,0
2021-06-23 09:58:54,10641.15,0
2021-06-23 09:59:02,10640.6,0
2021-06-23 09:59:03,10639.5,0
2021-06-23 09:59:04,10640.95,0
2021-06-23 09:59:12,10641.0,0
2021-06-23 09:59:13,10640.05,0
2021-06-23 09:59:16,10641.25,0
2021-06-23 09:59:18,10641.7,0
2021-06-23 09:59:19,10641.4,0
2021-06-23 09:59:21,10640.75,0
2021-06-23 09:59:25,10641.6,0
2021-06-23 09:59:27,10642.15,0
2021-06-23 09:59:34,10643.3,0
2021-06-23 09:59:36,10644.7,0
2021-06-23 09:59:37,10644.4,0
2021-06-23 09:59:39,10645.55,0
2021-06-23 09:59:45,10645.25,0
2021-06-23 09:59:56,10645.2,0
2021-06-23 09:59:57,10644.95,0
2021-06-23 10:00:01,10645.8,0
2021-06-23 10:00:04,10646.75,0
2021-06-23 10:00:14,10647.7,0
2021-06-23 10:00:18,10649.0,0
2021-06-23 10:00:20,10648.35,0
2021-06-23 10:00:25,10650.85,0
2021-06-23 10:00:30,10652.95,0
2021-06-23 10:00:31,10652.8,0
2021-06-23 10:00:34,10653.35,0
2021-06-23 10:00:36,10654.6,0
2021-06-23 10:00:46,10656.25,0
2021-06-23 10:00:50,10653.9,0
2021-06-23 10:00:52,10654.15,0
2021-06-23 10:01:03,10654.15,0
2021-06-23 10:01:08,10653.1,0
2021-06-23 10:01:10,10653.1,0
2021-06-23 10:01:12,10654.0,0
2021-06-23 10:01:17,10652.6,0
2021-06-23 10:01:18,10652.6,0
2021-06-23 10:01:25,10652.45,0
2021-06-23 10:01:28,10651.3,0
2021-06-23 10:01:30,10651.85,0
2021-06-23 10:01:33,10649.95,0
2021-06-23 10:01:39,10651.2,0
2021-06-23 10:01:44,10649.9,0
2021-06-23 10:01:48,10650.4,0
2021-06-23 10:01:50,10649.45,0
2021-06-23 10:01:57,10648.0,0
2021-06-23 10:01:58,10649.6,0
2021-06-23 10:02:01,10649.6,0
2021-06-23 10:02:05,10649.15,0
2021-06-23 10:02:08,10649.5,0
2021-06-23 10:02:09,10650.15,0
2021-06-23 10:02:10,10648.7,0
2021-06-23 10:02:13,10649.85,0
2021-06-23 10:02:18,10648.85,0
2021-06-23 10:02:27,10648.95,0
2021-06-23 10:02:43,10646.6,0
2021-06-23 10:03:06,10644.3,0
2021-06-23 10:03:10,10642.6,0
2021-06-23 10:03:11,10643.0,0
2021-06-23 10:03:13,10642.0,0
2021-06-23 10:03:14,10641.2,0
2021-06-23 10:03:17,10639.75,0
2021-06-23 10:03:20,10639.15,0
2021-06-23 10:03:27,10636.8,0
2021-06-23 10:03:29,10636.55,0
2021-06-23 10:03:31,10635.15,0
2021-06-23 10:03:32,10635.3,0
2021-06-23 10:03:33,10635.35,0
2021-06-23 10:03:35,10637.5,0
2021-06-23 10:03:42,10639.5,0
2021-06-23 10:03:44,10640.1,0
2021-06-23 10:03:45,10640.55,0
2021-06-23 10:03:48,10639.3,0
2021-06-23 10:04:03,10639.9,0
2021-06-23 10:04:08,10639.95,0
2021-06-23 10:04:12,10640.45,0
2021-06-23 10:04:20,10640.55,0
2021-06-23 10:04:22,10639.4,0
2021-06-23 10:04:36,10638.85,0
2021-06-23 10:04:38,10639.7,0
2021-06-23 10:04:41,10640.35,0
2021-06-23 10:04:48,10638.7,0
2021-06-23 10:04:49,10638.55,0
2021-06-23 10:04:51,10640.15,0
2021-06-23 10:04:59,10640.65,0
2021-06-23 10:05:00,10641.4,0
2021-06-23 10:05:01,10639.7,0
2021-06-23 10:05:02,10640.25,0
2021-06-23 10:05:03,10642.4,0
2021-06-23 10:05:07,10641.55,0
2021-06-23 10:05:11,10642.35,0
2021-06-23 10:05:16,10640.75,0
2021-06-23 10:05:17,10641.5,0
2021-06-23 10:05:20,10642.3,0
2021-06-23 10:05:31,10644.3,0
2021-06-23 10:05:45,10645.8,0
2021-06-23 10:05:50,10645.95,0
2021-06-23 10:05:55,10647.3,0
2021-06-23 10:05:56,10646.7,0
2021-06-23 10:05:58,10647.05,0
2021-06-23 10:06:04,10647.15,0
2021-06-23 10:06:11,10648.35,0
2021-06-23 10:06:19,10649.55,0
2021-06-23 10:06:21,10650.5,0
2021-06-23 10:06:22,10649.95,0
2021-06-23 10:06:25,10648.65,0
2021-06-23 10:06:26,10649.25,0
2021-06-23 10:06:28,10650.15,0
2021-06-23 10:06:37,10652.2,0
2021-06-23 10:06:39,10652.8,0
2021-06-23 10:06:42,10651.6,0
2021-06-23 10:06:46,10652.7,0
2021-06-23 10:06:49,10652.0,0
2021-06-23 10:06:51,10651.7,0
2021-06-23 10:06:57,10652.5,0
2021-06-23 10:07:10,10652.5,0
2021-06-23 10:07:12,10653.95,0
2021-06-23 10:07:14,10653.45,0
2021-06-23 10:07:16,10653.8,0
2021-06-23 10:07:27,10654.2,0
2021-06-23 10:07:34,10653.75,0
2021-06-23 10:07:41,10654.35,0
2021-06-23 10:07:48,10653.85,0
2021-06-23 10:07:51,10653.25,0
2021-06-23 10:07:53,10652.9,0
2021-06-23 10:07:55,10653.6,0
2021-06-23 10:07:57,10654.2,0
2021-06-23 10:08:00,10654.45,0
2021-06-23 10:08:03,10654.2,0
2021-06-23 10:08:04,10654.8,0
2021-06-23 10:08:11,10652.25,0
2021-06-23 10:08:16,10653.1,0
2021-06-23 10:08:21,10650.6,0
2021-06-23 10:08:22,10650.9,0
2021-06-23 10:08:23,10649.7,0
2021-06-23 10:08:24,10651.0,0
2021-06-23 10:08:27,10648.15,0
2021-06-23 10:08:29,10648.15,0
2021-06-23 10:08:32,10648.35,0
2021-06-23 10:08:34,10646.55,0
2021-06-23 10:08:39,10647.45,0
2021-06-23 10:08:42,10650.45,0
2021-06-23 10:08:45,10649.7,0
2021-06-23 10:08:48,10649.25,0
2021-06-23 10:08:51,10649.55,0
2021-06-23 10:08:53,10649.25,0
2021-06-23 10:09:02,10649.5,0
2021-06-23 10:09:13,10651.85,0
2021-06-23 10:09:14,10651.5,0
2021-06-23 10:09:16,10650.75,0
2021-06-23 10:09:19,10653.7,0
2021-06-23 10:09:22,10651.95,0
2021-06-23 10:09:25,10651.55,0
2021-06-23 10:09:27,10652.05,0
2021-06-23 10:09:28,10652.3,0
2021-06-23 10:09:29,10652.65,0
2021-06-23 10:09:30,10651.45,0
2021-06-23 10:09:37,10651.1,0
2021-06-23 10:09:42,10651.45,0
2021-06-23 10:09:52,10650.75,0
2021-06-23 10:09:54,10651.4,0
2021-06-23 10:09:55,10651.5,0
2021-06-23 10:09:58,10650.3,0
2021-06-23 10:10:02,10648.8,0
2021-06-23 10:10:03,10648.55,0
2021-06-23 10:10:05,10649.2,0
2021-06-23 10:10:06,10648.25,0
2021-06-23 10:10:10,10648.65,0
2021-06-23 10:10:11,10649.2,0
2021-06-23 10:10:21,10647.7,0
2021-06-23 10:10:22,10648.15,0
2021-06-23 10:10:24,10646.95,0
2021-06-23 10:10:25,10645.4,0
2021-06-23 10:10:32,10644.95,0
2021-06-23 10:10:33,10644.65,0
2021-06-23 10:10:42,10644.55,0
2021-06-23 10:10:52,10639.75,0
2021-06-23 10:10:54,10639.1,0
2021-06-23 10:11:00,10638.4,0
2021-06-23 10:11:02,10637.1,0
2021-06-23 10:11:08,10635.25,0
2021-06-23 10:11:14,10635.25,0
2021-06-23 10:11:36,10634.65,0
2021-06-23 10:11:37,10635.4,0
2021-06-23 10:11:40,10634.3,0
2021-06-23 10:11:58,10631.75,0
2021-06-23 10:12:00,10630.25,0
2021-06-23 10:12:04,10631.0,0
2021-06-23 10:12:07,10629.3,0
2021-06-23 10:12:08,10628.5,0
2021-06-23 10:12:11,10627.6,0
2021-06-23 10:12:15,10626.6,0
2021-06-23 10:12:20,10624.65,0
2021-06-23 10:12:24,10622.45,0
2021-06-23 10:12:32,10622.8,0
2021-06-23 10:12:42,10618.95,0
2021-06-23 10:12:53,10619.8,0
2021-06-23 10:12:54,10620.35,0
2021-06-23 10:13:05,10620.75,0
2021-06-23 10:13:06,10620.85,0
2021-06-23 10:13:08,10619.65,0
2021-06-23 10:13:11,10619.0,0
2021-06-23 10:13:12,10618.9,0
2021-06-23 10:13:26,10615.3,0
2021-06-23 10:13:29,10616.3,0
2021-06-23 10:13:43,10615.95,0
2021-06-23 10:13:44,10616.45,0
2021-06-23 10:13:48,10615.55,0
2021-06-23 10:13:49,10614.7,0
2021-06-23 10:14:01,10614.55,0
2021-06-23 10:14:08,10611.65,0
2021-06-23 10:14:15,10611.8,0
2021-06-23 10:14:23,10609.45,0
2021-06-23 10:14:28,10609.35,0
2021-06-23 10:14:31,10609.6,0
2021-06-23 10:14:32,10609.4,0
2021-06-23 10:14:33,10609.45,0
2021-06-23 10:14:38,10608.75,0
2021-06-23 10:14:39,10608.8,0
2021-06-23 10:14:40,10606.05,0
2021-06-23 10:14:42,10607.55,0
2021-06-23 10:14:43,10609.6,0
2021-06-23 10:14:48,10605.9,0
2021-06-23 10:14:49,10606.55,0
2021-06-23 10:14:52,10605.15,0
2021-06-23 10:14:55,10602.35,0
2021-06-23 10:14:59,10602.0,0
2021-06-23 10:15:02,10603.6,0
2021-06-23 10:15:09,10600.9,0
2021-06-23 10:15:10,10600.0,0
2021-06-23 10:15:11,10599.25,0
2021-06-23 10:15:12,10597.75,0
2021-06-23 10:15:13,10597.25,0
2021-06-23 10:15:21,10593.5,0
2021-06-23 10:15:32,10586.0,0
2021-06-23 10:15:38,10585.25,0
2021-06-23 10:15:42,10586.55,0
2021-06-23 10:15:43,10586.65,0
2021-06-23 10:15:51,10586.9,0
2021-06-23 10:16:03,10592.45,0
2021-06-23 10:16:06,10590.45,0
2021-06-23 10:16:07,10590.8,0
2021-06-23 10:16:09,10590.1,0
2021-06-23 10:16:18,10594.55,0
2021-06-23 10:16:20,10593.6,0
2021-06-23 10:16:30,10588.55,0
2021-06-23 10:16:36,10586.65,0
2021-06-23 10:16:55,10586.3,0
2021-06-23 10:17:01,10587.2,0
2021-06-23 10:17:02,10586.95,0
2021-06-23 10:17:11,10591.15,0
2021-06-23 10:17:18,10590.45,0
2021-06-23 10:17:23,10590.3,0
2021-06-23 10:17:28,10591.5,0
2021-06-23 10:17:32,10591.5,0
2021-06-23 10:17:35,10592.25,0
2021-06-23 10:17:39,10593.0,0
2021-06-23 10:17:45,10592.85,0
2021-06-23 10:17:52,10596.1,0
2021-06-23 10:18:01,10598.5,0
2021-06-23 10:18:03,10600.7,0
2021-06-23 10:18:04,10600.15,0
2021-06-23 10:18:06,10599.6,0
2021-06-23 10:18:07,10598.85,0
2021-06-23 10:18:09,10598.25,0
2021-06-23 10:18:11,10597.4,0
2021-06-23 10:18:12,10598.15,0
2021-06-23 10:18:19,10597.3,0
2021-06-23 10:18:29,10599.3,0
2021-06-23 10:18:33,10599.7,0
2021-06-23 10:18:37,10599.6,0
2021-06-23 10:18:42,10599.65,0
2021-06-23 10:19:01,10600.85,0
2021-06-23 10:19:02,10600.05,0
2021-06-23 10:19:03,10601.35,0
2021-06-23 10:19:04,10601.5,0
2021-06-23 10:19:06,10601.35,0
2021-06-23 10:19:07,10600.9,0
2021-06-23 10:19:11,10600.7,0
2021-06-23 10:19:13,10600.95,0
2021-06-23 10:19:15,10602.6,0
2021-06-23 10:19:17,10601.15,0
2021-06-23 10:19:20,10602.0,0
2021-06-23 10:19:32,10604.9,0
2021-06-23 10:19:47,10605.75,0
2021-06-23 10:19:50,10606.35,0
2021-06-23 10:19:58,10606.15,0
2021-06-23 10:20:00,10604.6,0
2021-06-23 10:20:09,10604.7,0
2021-06-23 10:20:10,10604.2,0
2021-06-23 10:20:12,10603.7,0
2021-06-23 10:20:18,10603.45,0
2021-06-23 10:20:22,10604.6,0
2021-06-23 10:20:30,10603.3,0
2021-06-23 10:20:43,10603.95,0
2021-06-23 10:20:49,10602.8,0
2021-06-23 10:20:52,10604.1,0
2021-06-23 10:20:56,10603.0,0
2021-06-23 10:20:58,10603.75,0
2021-06-23 10:21:00,10602.65,0
2021-06-23 10:21:04,10603.6,0
2021-06-23 10:21:10,10606.7,0
2021-06-23 10:21:12,10606.8,0
2021-06-23 10:21:19,10607.35,0
2021-06-23 10:21:24,10610.3,0
2021-06-23 10:21:25,10609.7,0
2021-06-23 10:21:27,10610.5,0
2021-06-23 10:21:29,10609.85,0
2021-06-23 10:21:32,10609.25,0
2021-06-23 10:21:33,10609.5,0
2021-06-23 10:21:34,10611.45,0
2021-06-23 10:21:43,10612.7,0
2021-06-23 10:21:48,10613.05,0
2021-06-23 10:21:49,10613.6,0
2021-06-23 10:21:57,10610.9,0
2021-06-23 10:21:59,10612.0,0
2021-06-23 10:22:06,10611.8,0
2021-06-23 10:22:07,10612.3,0
2021-06-23 10:22:17,10612.9,0
2021-06-23 10:22:18,10612.65,0
2021-06-23 10:22:20,10613.1,0
2021-06-23 10:22:21,10613.3,0
2021-06-23 10:22:23,10612.7,0
2021-06-23 10:22:25,10613.5,0
2021-06-23 10:22:39,10615.55,0
2021-06-23 10:22:41,10614.1,0
2021-06-23 10:22:48,10615.4,0
2021-06-23 10:22:52,10614.6,0
2021-06-23 10:22:54,10615.3,0
2021-06-23 10:23:09,10616.8,0
2021-06-23 10:23:10,10616.2,0
2021-06-23 10:23:13,10616.3,0
2021-06-23 10:23:16,10616.9,0
2021-06-23 10:23:18,10617.65,0
2021-06-23 10:23:21,10617.1,0
2021-06-23 10:23:35,10610.55,0
2021-06-23 10:23:36,10610.5,0
2021-06-23 10:23:37,10611.4,0
2021-06-23 10:23:46,10610.2,0
2021-06-23 10:23:49,10609.65,0
2021-06-23 10:23:50,10610.55,0
2021-06-23 10:23:52,10610.85,0
2021-06-23 10:23:54,10611.45,0
2021-06-23 10:23:57,10611.2,0
2021-06-23 10:24:02,10611.6,0
2021-06-23 10:24:03,10611.8,0
2021-06-23 10:24:06,10613.1,0
2021-06-23 10:24:14,10612.85,0
2021-06-23 10:24:16,10612.35,0
2021-06-23 10:24:17,10612.8,0
2021-06-23 10:24:24,10614.25,0
2021-06-23 10:24:27,10614.15,0
2021-06-23 10:24:36,10615.75,0
2021-06-23 10:24:38,10616.5,0
2021-06-23 10:24:39,10617.5,0
2021-06-23 10:24:43,10618.9,0
2021-06-23 10:36:34,10626.55,0
2021-06-23 10:36:55,10628.65,0
2021-06-23 10:37:00,10627.15,0
2021-06-23 10:37:01,10627.55,0
2021-06-23 10:37:04,10627.5,0
2021-06-23 10:37:12,10627.9,0
2021-06-23 10:37:13,10627.75,0
2021-06-23 10:37:15,10628.2,0
2021-06-23 10:37:19,10628.35,0
2021-06-23 10:37:20,10628.3,0
2021-06-23 10:37:22,10627.25,0
2021-06-23 10:37:25,10628.35,0
2021-06-23 10:37:28,10628.3,0
2021-06-23 10:37:32,10627.4,0
2021-06-23 10:37:33,10627.15,0
2021-06-23 10:37:38,10626.5,0
2021-06-23 10:37:41,10627.35,0
2021-06-23 10:37:42,10628.25,0
2021-06-23 10:37:43,10628.35,0
2021-06-23 10:37:44,10626.75,0
2021-06-23 10:37:46,10627.65,0
2021-06-23 10:37:54,10626.7,0
2021-06-23 10:37:57,10628.3,0
2021-06-23 10:38:01,10627.6,0
2021-06-23 10:38:02,10627.05,0
2021-06-23 10:38:12,10627.85,0
2021-06-23 10:38:21,10627.65,0
2021-06-23 10:38:28,10627.1,0
2021-06-23 10:38:30,10626.35,0
2021-06-23 10:38:33,10627.05,0
2021-06-23 10:38:38,10627.55,0
2021-06-23 10:38:40,10627.45,0
2021-06-23 10:38:41,10627.2,0
2021-06-23 10:38:42,10627.15,0
2021-06-23 10:38:48,10627.15,0
2021-06-23 10:38:52,10626.9,0
2021-06-23 10:38:57,10626.45,0
2021-06-23 10:38:59,10627.6,0
2021-06-23 10:39:00,10628.15,0
2021-06-23 10:39:01,10628.15,0
2021-06-23 10:39:03,10628.25,0
2021-06-23 10:39:04,10629.0,0
2021-06-23 10:39:05,10628.3,0
2021-06-23 10:39:08,10628.4,0
2021-06-23 10:39:09,10628.0,0
2021-06-23 10:39:15,10628.2,0
2021-06-23 10:39:17,10628.9,0
2021-06-23 10:39:18,10628.55,0
2021-06-23 10:39:20,10628.3,0
2021-06-23 10:39:27,10626.5,0
2021-06-23 10:39:30,10625.8,0
2021-06-23 10:39:33,10624.15,0
2021-06-23 10:39:34,10624.3,0
2021-06-23 10:39:38,10623.75,0
2021-06-23 10:39:40,10622.5,0
2021-06-23 10:39:46,10621.9,0
2021-06-23 10:39:48,10621.7,0
2021-06-23 10:39:49,10621.45,0
2021-06-23 10:39:52,10621.85,0
2021-06-23 10:39:54,10621.0,0
2021-06-23 10:39:59,10621.05,0
2021-06-23 10:40:01,10621.95,0
2021-06-23 10:40:05,10620.25,0
2021-06-23 10:40:06,10620.9,0
2021-06-23 10:40:07,10621.0,0
2021-06-23 10:40:10,10619.85,0
2021-06-23 10:40:15,10621.55,0
2021-06-23 10:40:17,10622.05,0
2021-06-23 10:40:20,10621.7,0
2021-06-23 10:40:22,10621.95,0
2021-06-23 10:40:29,10621.35,0
2021-06-23 10:40:30,10620.85,0
2021-06-23 10:40:35,10620.25,0
2021-06-23 10:40:38,10619.55,0
2021-06-23 10:40:39,10619.4,0
2021-06-23 10:40:48,10620.05,0
2021-06-23 10:40:51,10620.05,0
2021-06-23 10:40:52,10619.65,0
2021-06-23 10:40:56,10620.15,0
2021-06-23 10:40:59,10619.9,0
2021-06-23 10:41:00,10620.1,0
2021-06-23 10:41:04,10619.9,0
2021-06-23 10:41:10,10620.6,0
2021-06-23 10:41:13,10619.3,0
2021-06-23 10:41:15,10620.45,0
2021-06-23 10:41:18,10619.4,0
2021-06-23 10:41:19,10618.65,0
2021-06-23 10:41:23,10618.8,0
2021-06-23 10:41:24,10618.55,0
2021-06-23 10:41:26,10618.8,0
2021-06-23 10:41:27,10618.75,0
2021-06-23 10:41:30,10619.0,0
2021-06-23 10:41:31,10619.6,0
2021-06-23 10:41:32,10619.25,0
2021-06-23 10:41:39,10618.35,0
2021-06-23 10:41:42,10619.05,0
2021-06-23 10:41:44,10618.55,0
2021-06-23 10:41:46,10619.1,0
2021-06-23 10:41:51,10618.5,0
2021-06-23 10:41:56,10619.3,0
2021-06-23 10:41:58,10619.25,0
2021-06-23 10:42:06,10618.0,0
2021-06-23 10:42:08,10617.7,0
2021-06-23 10:42:10,10618.15,0
2021-06-23 10:42:16,10618.15,0
2021-06-23 10:42:19,10617.65,0
2021-06-23 10:42:21,10619.55,0
2021-06-23 10:42:23,10618.2,0
2021-06-23 10:42:27,10617.75,0
2021-06-23 10:42:54,10618.45,0
2021-06-23 10:43:03,10618.25,0
2021-06-23 10:43:05,10618.25,0
2021-06-23 10:43:07,10618.25,0
2021-06-23 10:43:10,10619.0,0
2021-06-23 10:43:11,10618.65,0
2021-06-23 10:43:16,10619.5,0
2021-06-23 10:43:17,10618.8,0
2021-06-23 10:43:18,10619.0,0
2021-06-23 10:43:21,10620.25,0
2021-06-23 10:43:26,10621.85,0
2021-06-23 10:43:27,10620.6,0
2021-06-23 10:43:28,10621.2,0
2021-06-23 10:43:30,10622.1,0
2021-06-23 10:43:33,10621.1,0
2021-06-23 10:43:34,10621.8,0
2021-06-23 10:43:35,10621.85,0
2021-06-23 10:43:36,10622.7,0
2021-06-23 10:43:38,10622.7,0
2021-06-23 10:43:40,10622.3,0
2021-06-23 10:43:42,10622.35,0
2021-06-23 10:43:48,10623.4,0
2021-06-23 10:43:50,10623.85,0
2021-06-23 10:43:51,10622.4,0
2021-06-23 10:43:52,10623.25,0
2021-06-23 10:43:53,10623.05,0
2021-06-23 10:43:57,10621.85,0
2021-06-23 10:44:11,10625.85,0
2021-06-23 10:44:12,10625.35,0
2021-06-23 10:44:13,10625.95,0
2021-06-23 10:44:15,10625.1,0
2021-06-23 10:44:18,10624.95,0
2021-06-23 10:44:21,10624.45,0
2021-06-23 10:44:23,10624.05,0
2021-06-23 10:44:25,10624.35,0
2021-06-23 10:44:26,10624.55,0
2021-06-23 10:44:28,10624.4,0
2021-06-23 10:44:32,10624.1,0
2021-06-23 10:44:36,10624.55,0
2021-06-23 10:44:38,10624.65,0
2021-06-23 10:44:40,10624.6,0
2021-06-23 10:44:42,10624.1,0
2021-06-23 10:44:43,10624.25,0
2021-06-23 10:44:45,10623.9,0
2021-06-23 10:44:46,10623.9,0
2021-06-23 10:44:48,10623.95,0
2021-06-23 10:44:49,10624.1,0
2021-06-23 10:44:53,10624.1,0
2021-06-23 10:44:55,10624.55,0
2021-06-23 10:44:55,10624.55,0
2021-06-23 10:45:02,10625.75,0
2021-06-23 10:45:03,10625.45,0
2021-06-23 10:45:10,10624.45,0
2021-06-23 10:45:11,10623.3,0
2021-06-23 10:45:13,10624.1,0
2021-06-23 10:45:19,10625.3,0
2021-06-23 10:45:23,10626.7,0
2021-06-23 10:45:25,10627.05,0
2021-06-23 10:45:26,10626.65,0
2021-06-23 10:45:27,10626.65,0
2021-06-23 10:45:28,10627.0,0
2021-06-23 10:45:30,10627.5,0
2021-06-23 10:45:31,10627.4,0
2021-06-23 10:45:33,10628.0,0
2021-06-23 10:45:34,10627.45,0
2021-06-23 10:45:40,10627.95,0
2021-06-23 10:45:42,10627.75,0
2021-06-23 10:45:46,10629.55,0
2021-06-23 10:45:47,10628.9,0
2021-06-23 10:45:51,10629.15,0
2021-06-23 10:45:54,10629.25,0
2021-06-23 10:45:58,10633.35,0
2021-06-23 10:45:58,10633.35,0
2021-06-23 10:46:03,10631.5,0
2021-06-23 10:46:05,10630.8,0
2021-06-23 10:46:07,10633.25,0
2021-06-23 10:46:08,10632.25,0
2021-06-23 10:46:10,10632.0,0
2021-06-23 10:46:18,10635.35,0
2021-06-23 10:46:20,10636.55,0
2021-06-23 10:46:21,10636.85,0
2021-06-23 10:46:23,10635.8,0
2021-06-23 10:46:24,10635.7,0
2021-06-23 10:46:27,10635.75,0
2021-06-23 10:46:31,10635.7,0
2021-06-23 10:46:33,10635.5,0
2021-06-23 10:46:34,10635.55,0
2021-06-23 10:46:36,10635.05,0
2021-06-23 10:46:37,10635.35,0
2021-06-23 10:46:46,10636.15,0
2021-06-23 10:46:47,10635.5,0
2021-06-23 10:46:48,10635.3,0
2021-06-23 10:46:49,10636.0,0
2021-06-23 10:46:53,10636.35,0
2021-06-23 10:46:58,10636.55,0
2021-06-23 10:46:58,10636.55,0
2021-06-23 10:47:01,10637.25,0
2021-06-23 10:47:05,10636.1,0
2021-06-23 10:47:09,10638.45,0
2021-06-23 10:47:12,10638.8,0
2021-06-23 10:47:13,10638.75,0
2021-06-23 10:47:21,10639.95,0
2021-06-23 10:47:22,10639.75,0
2021-06-23 10:47:28,10638.8,0
2021-06-23 10:47:30,10638.85,0
2021-06-23 10:47:34,10639.75,0
2021-06-23 10:47:39,10640.1,0
2021-06-23 10:47:41,10640.9,0
2021-06-23 10:47:43,10641.55,0
2021-06-23 10:47:49,10640.8,0
2021-06-23 10:47:49,10640.8,0
2021-06-23 10:48:06,10641.4,0
2021-06-23 10:48:08,10640.9,0
2021-06-23 10:48:09,10640.7,0
2021-06-23 10:48:12,10641.1,0
2021-06-23 10:48:27,10642.65,0
2021-06-23 10:48:28,10643.0,0
2021-06-23 10:48:31,10642.35,0
2021-06-23 10:48:33,10641.15,0
2021-06-23 10:48:34,10641.9,0
2021-06-23 10:48:39,10641.85,0
2021-06-23 10:48:40,10642.55,0
2021-06-23 10:48:47,10643.1,0
2021-06-23 10:48:50,10643.45,0
2021-06-23 10:48:55,10643.05,0
2021-06-23 10:48:55,10643.05,0
2021-06-23 10:49:04,10647.4,0
2021-06-23 10:49:09,10647.5,0
2021-06-23 10:49:10,10648.3,0
2021-06-23 10:49:11,10648.05,0
2021-06-23 10:49:22,10648.8,0
2021-06-23 10:49:28,10648.55,0
2021-06-23 10:49:29,10648.1,0
2021-06-23 10:49:33,10647.3,0
2021-06-23 10:49:34,10647.15,0
2021-06-23 10:49:35,10647.25,0
2021-06-23 10:49:36,10647.8,0
2021-06-23 10:49:37,10646.75,0
2021-06-23 10:49:39,10648.2,0
2021-06-23 10:49:42,10648.2,0
2021-06-23 10:49:45,10647.6,0
2021-06-23 10:49:45,10647.6,0
2021-06-23 10:50:04,10648.45,0
2021-06-23 10:50:07,10648.6,0
2021-06-23 10:50:13,10648.5,0
2021-06-23 10:50:17,10647.45,0
2021-06-23 10:50:19,10647.5,0
2021-06-23 10:50:20,10648.75,0
2021-06-23 10:50:26,10647.9,0
2021-06-23 10:50:29,10647.45,0
2021-06-23 10:50:31,10647.2,0
2021-06-23 10:50:35,10645.8,0
2021-06-23 10:50:36,10645.65,0
2021-06-23 10:50:41,10646.85,0
2021-06-23 10:50:48,10646.65,0
2021-06-23 10:50:56,10646.3,0
2021-06-23 10:50:56,10646.3,0
2021-06-23 10:51:05,10647.45,0
2021-06-23 10:51:12,10648.6,0
2021-06-23 10:51:13,10648.95,0
2021-06-23 10:51:18,10648.75,0
2021-06-23 10:51:19,10648.7,0
2021-06-23 10:51:24,10648.0,0
2021-06-23 10:51:26,10647.95,0
2021-06-23 10:51:28,10648.3,0
2021-06-23 10:51:35,10649.05,0
2021-06-23 10:51:40,10648.3,0
2021-06-23 10:51:44,10648.65,0
2021-06-23 10:51:51,10648.2,0
2021-06-23 10:51:56,10650.95,0
2021-06-23 10:51:58,10649.7,0
2021-06-23 10:52:00,10651.2,0
2021-06-23 10:52:03,10651.35,0
2021-06-23 10:52:03,10651.35,0
2021-06-23 10:52:06,10652.35,0
2021-06-23 10:52:08,10651.1,0
2021-06-23 10:52:15,10652.65,0
2021-06-23 10:52:23,10651.9,0
2021-06-23 10:52:26,10653.55,0
2021-06-23 10:52:27,10651.7,0
2021-06-23 10:52:30,10653.2,0
2021-06-23 10:52:31,10652.4,0
2021-06-23 10:52:32,10651.3,0
2021-06-23 10:52:35,10652.6,0
2021-06-23 10:52:42,10652.8,0
2021-06-23 10:52:44,10652.55,0
2021-06-23 10:52:47,10652.1,0
2021-06-23 10:52:48,10651.8,0
2021-06-23 10:52:49,10651.7,0
2021-06-23 10:52:51,10652.3,0
2021-06-23 10:53:00,10653.1,0
2021-06-23 10:53:01,10652.45,0
2021-06-23 10:53:02,10653.45,0
2021-06-23 10:53:02,10653.45,0
2021-06-23 10:53:07,10653.45,0
2021-06-23 10:53:08,10653.0,0
2021-06-23 10:53:18,10653.6,0
2021-06-23 10:53:27,10654.85,0
2021-06-23 10:53:35,10655.15,0
2021-06-23 10:53:37,10654.15,0
2021-06-23 10:53:49,10656.4,0
2021-06-23 10:53:50,10655.8,0
2021-06-23 10:53:55,10655.1,0
2021-06-23 10:53:57,10655.45,0
2021-06-23 10:54:00,10655.4,0
2021-06-23 10:54:03,10655.3,0
2021-06-23 10:54:04,10655.45,0
2021-06-23 10:54:04,10655.45,0
2021-06-23 10:54:11,10655.35,0
2021-06-23 10:54:13,10654.45,0
2021-06-23 10:54:14,10654.7,0
2021-06-23 10:54:15,10654.25,0
2021-06-23 10:54:33,10656.45,0
2021-06-23 10:54:34,10655.3,0
2021-06-23 10:54:39,10656.0,0
2021-06-23 10:54:42,10656.65,0
2021-06-23 10:54:44,10655.95,0
2021-06-23 10:54:48,10656.25,0
2021-06-23 10:54:57,10655.1,0
2021-06-23 10:55:02,10655.45,0
2021-06-23 10:55:02,10655.45,0
2021-06-23 10:55:09,10655.7,0
2021-06-23 10:55:10,10655.15,0
2021-06-23 10:55:13,10654.15,0
2021-06-23 10:55:25,10651.2,0
2021-06-23 10:55:26,10651.55,0
2021-06-23 10:55:27,10651.6,0
2021-06-23 10:55:30,10650.2,0
2021-06-23 10:55:38,10651.1,0
2021-06-23 10:55:40,10650.05,0
2021-06-23 10:55:48,10650.45,0
2021-06-23 10:55:53,10650.0,0
2021-06-23 10:55:54,10650.85,0
2021-06-23 10:55:55,10649.2,0
2021-06-23 10:55:56,10649.55,0
2021-06-23 10:55:59,10648.8,0
2021-06-23 10:56:02,10649.45,0
2021-06-23 10:56:07,10648.45,0
2021-06-23 10:56:13,10649.0,0
2021-06-23 10:56:21,10648.4,0
2021-06-23 10:56:24,10648.85,0
2021-06-23 10:56:26,10649.3,0
2021-06-23 10:56:34,10646.1,0
2021-06-23 10:56:37,10646.95,0
2021-06-23 10:56:42,10645.7,0
2021-06-23 10:56:49,10646.8,0
2021-06-23 10:56:50,10647.05,0
2021-06-23 10:56:51,10646.95,0
2021-06-23 10:56:57,10645.6,0
2021-06-23 10:56:59,10645.95,0
2021-06-23 10:57:01,10645.8,0
2021-06-23 10:57:10,10647.3,0
2021-06-23 10:57:12,10646.45,0
2021-06-23 10:57:15,10647.8,0
2021-06-23 10:57:17,10646.85,0
2021-06-23 10:57:31,10648.2,0
2021-06-23 10:57:35,10648.85,0
2021-06-23 10:57:36,10648.1,0
2021-06-23 10:57:37,10648.85,0
2021-06-23 10:57:38,10649.05,0
2021-06-23 10:57:41,10648.25,0
2021-06-23 10:57:43,10648.7,0
2021-06-23 10:57:49,10648.25,0
2021-06-23 10:57:53,10648.0,0
2021-06-23 10:57:56,10647.95,0
2021-06-23 10:57:59,10647.1,0
2021-06-23 10:58:00,10646.85,0
2021-06-23 10:58:05,10647.35,0
2021-06-23 10:58:11,10646.85,0
2021-06-23 10:58:13,10647.25,0
2021-06-23 10:58:16,10646.95,0
2021-06-23 10:58:18,10647.45,0
2021-06-23 10:58:20,10646.45,0
2021-06-23 10:58:21,10646.55,0
2021-06-23 10:58:24,10647.15,0
2021-06-23 10:58:25,10646.95,0
2021-06-23 10:58:30,10646.45,0
2021-06-23 10:58:35,10647.0,0
2021-06-23 10:58:37,10647.1,0
2021-06-23 10:58:45,10646.6,0
2021-06-23 10:58:46,10647.1,0
2021-06-23 10:58:48,10647.25,0
2021-06-23 10:58:49,10646.95,0
2021-06-23 10:58:53,10647.2,0
2021-06-23 10:58:59,10647.4,0
2021-06-23 10:59:04,10648.5,0
2021-06-23 10:59:05,10648.25,0
2021-06-23 10:59:06,10647.45,0
2021-06-23 10:59:07,10646.7,0
2021-06-23 10:59:11,10646.55,0
2021-06-23 10:59:14,10647.85,0
2021-06-23 10:59:14,10647.85,0
2021-06-23 10:59:15,10647.35,0
2021-06-23 10:59:19,10646.7,0
2021-06-23 10:59:25,10646.9,0
2021-06-23 10:59:27,10646.35,0
2021-06-23 10:59:28,10646.15,0
2021-06-23 10:59:32,10644.85,0
2021-06-23 10:59:33,10645.35,0
2021-06-23 10:59:37,10644.65,0
2021-06-23 10:59:38,10644.75,0
2021-06-23 10:59:39,10644.85,0
2021-06-23 10:59:43,10644.5,0
2021-06-23 10:59:44,10644.45,0
2021-06-23 10:59:47,10646.3,0
2021-06-23 10:59:49,10646.45,0
2021-06-23 10:59:51,10645.85,0
2021-06-23 10:59:59,10645.2,0
2021-06-23 11:00:01,10644.95,0
2021-06-23 11:00:04,10644.7,0
2021-06-23 11:00:09,10645.6,0
2021-06-23 11:00:11,10646.05,0
2021-06-23 11:00:11,10646.05,0
2021-06-23 11:00:17,10645.45,0
2021-06-23 11:00:23,10648.9,0
2021-06-23 11:00:28,10649.05,0
2021-06-23 11:00:30,10649.0,0
2021-06-23 11:00:32,10647.6,0
2021-06-23 11:00:40,10648.9,0
2021-06-23 11:00:45,10649.5,0
2021-06-23 11:00:48,10649.35,0
2021-06-23 11:00:50,10648.85,0
2021-06-23 11:00:52,10649.3,0
2021-06-23 11:00:55,10646.4,0
2021-06-23 11:01:09,10646.9,0
2021-06-23 11:01:11,10646.5,0
2021-06-23 11:01:12,10646.25,0
2021-06-23 11:01:12,10646.25,0
2021-06-23 11:01:17,10646.35,0
2021-06-23 11:01:18,10646.9,0
2021-06-23 11:01:21,10646.6,0
2021-06-23 11:01:22,10645.65,0
2021-06-23 11:01:23,10645.7,0
2021-06-23 11:01:25,10645.15,0
2021-06-23 11:01:28,10646.1,0
2021-06-23 11:01:37,10645.75,0
2021-06-23 11:01:38,10645.1,0
2021-06-23 11:01:42,10645.55,0
2021-06-23 11:01:53,10646.25,0
2021-06-23 11:01:54,10646.45,0
2021-06-23 11:02:06,10645.95,0
2021-06-23 11:02:11,10645.3,0
2021-06-23 11:02:15,10645.1,0
2021-06-23 11:02:17,10644.9,0
2021-06-23 11:02:22,10645.05,0
2021-06-23 11:02:23,10645.05,0
2021-06-23 11:02:24,10645.65,0
2021-06-23 11:02:25,10644.55,0
2021-06-23 11:02:27,10644.0,0
2021-06-23 11:02:28,10644.65,0
2021-06-23 11:02:37,10645.3,0
2021-06-23 11:02:39,10644.85,0
2021-06-23 11:02:40,10644.5,0
2021-06-23 11:02:42,10644.7,0
2021-06-23 11:02:43,10644.5,0
2021-06-23 11:02:46,10644.65,0
2021-06-23 11:02:47,10644.65,0
2021-06-23 11:02:48,10643.5,0
2021-06-23 11:02:51,10643.25,0
2021-06-23 11:02:56,10641.35,0
2021-06-23 11:02:57,10642.15,0
2021-06-23 11:03:06,10641.1,0
2021-06-23 11:03:07,10641.65,0
2021-06-23 11:03:12,10640.45,0
2021-06-23 11:03:14,10640.65,0
2021-06-23 11:03:15,10641.1,0
2021-06-23 11:03:15,10641.1,0
2021-06-23 11:03:18,10641.1,0
2021-06-23 11:03:19,10640.5,0
2021-06-23 11:03:22,10640.35,0
2021-06-23 11:03:24,10640.7,0
2021-06-23 11:03:28,10640.05,0
2021-06-23 11:03:30,10639.2,0
2021-06-23 11:03:38,10639.65,0
2021-06-23 11:03:40,10637.75,0
2021-06-23 11:03:47,10638.95,0
2021-06-23 11:03:50,10638.7,0
2021-06-23 11:03:55,10639.45,0
2021-06-23 11:04:02,10637.9,0
2021-06-23 11:04:03,10638.25,0
2021-06-23 11:04:08,10638.25,0
2021-06-23 11:04:09,10637.8,0
2021-06-23 11:04:14,10636.85,0
2021-06-23 11:04:15,10638.6,0
2021-06-23 11:04:17,10637.45,0
2021-06-23 11:04:18,10637.9,0
2021-06-23 11:04:21,10637.2,0
2021-06-23 11:04:22,10636.85,0
2021-06-23 11:04:26,10636.85,0
2021-06-23 11:04:27,10636.7,0
2021-06-23 11:04:37,10637.45,0
2021-06-23 11:04:38,10637.1,0
2021-06-23 11:04:57,10636.85,0
2021-06-23 11:04:59,10637.1,0
2021-06-23 11:05:00,10637.25,0
2021-06-23 11:05:03,10636.65,0
2021-06-23 11:05:04,10636.75,0
2021-06-23 11:05:05,10637.1,0
2021-06-23 11:05:06,10636.15,0
2021-06-23 11:05:10,10636.85,0
2021-06-23 11:05:17,10637.5,0
2021-06-23 11:05:20,10637.15,0
2021-06-23 11:05:23,10637.45,0
2021-06-23 11:05:24,10637.1,0
2021-06-23 11:05:26,10638.1,0
2021-06-23 11:05:27,10637.35,0
2021-06-23 11:05:28,10637.2,0
2021-06-23 11:05:29,10637.2,0
2021-06-23 11:05:30,10637.8,0
2021-06-23 11:05:31,10638.05,0
2021-06-23 11:05:37,10636.8,0
2021-06-23 11:05:39,10636.5,0
2021-06-23 11:05:42,10637.3,0
2021-06-23 11:05:47,10637.2,0
2021-06-23 11:05:52,10637.15,0
2021-06-23 11:05:55,10636.45,0
2021-06-23 11:05:57,10636.75,0
2021-06-23 11:06:02,10636.95,0
2021-06-23 11:06:04,10636.4,0
2021-06-23 11:06:05,10637.05,0
2021-06-23 11:06:10,10637.3,0
2021-06-23 11:06:13,10637.6,0
2021-06-23 11:06:17,10638.65,0
2021-06-23 11:06:23,10639.6,0
2021-06-23 11:06:27,10640.0,0
2021-06-23 11:06:29,10641.4,0
2021-06-23 11:06:35,10642.55,0
2021-06-23 11:06:38,10641.55,0
2021-06-23 11:06:43,10642.1,0
2021-06-23 11:06:49,10642.05,0
2021-06-23 11:06:53,10641.8,0
2021-06-23 11:06:55,10641.45,0
2021-06-23 11:06:58,10641.95,0
2021-06-23 11:06:59,10641.15,0
2021-06-23 11:07:05,10642.85,0
2021-06-23 11:07:06,10641.9,0
2021-06-23 11:07:11,10642.4,0
2021-06-23 11:07:14,10643.4,0
2021-06-23 11:07:17,10643.25,0
2021-06-23 11:07:18,10643.85,0
2021-06-23 11:07:22,10643.5,0
2021-06-23 11:07:23,10643.1,0
2021-06-23 11:07:23,10643.1,0
2021-06-23 11:07:29,10644.0,0
2021-06-23 11:07:33,10643.85,0
2021-06-23 11:07:35,10643.15,0
2021-06-23 11:07:38,10644.05,0
2021-06-23 11:07:46,10644.3,0
2021-06-23 11:07:49,10643.45,0
2021-06-23 11:07:50,10643.55,0
2021-06-23 11:07:51,10643.55,0
2021-06-23 11:07:52,10644.3,0
2021-06-23 11:07:54,10643.55,0
2021-06-23 11:07:56,10644.1,0
2021-06-23 11:07:58,10645.0,0
2021-06-23 11:08:02,10645.65,0
2021-06-23 11:08:03,10645.7,0
2021-06-23 11:08:05,10645.35,0
2021-06-23 11:08:07,10644.75,0
2021-06-23 11:08:08,10645.7,0
2021-06-23 11:08:10,10645.45,0
2021-06-23 11:08:14,10645.85,0
2021-06-23 11:08:19,10645.5,0
2021-06-23 11:08:19,10645.5,0
2021-06-23 11:08:27,10645.85,0
2021-06-23 11:08:28,10645.9,0
2021-06-23 11:08:31,10646.1,0
2021-06-23 11:08:32,10646.2,0
2021-06-23 11:08:34,10646.85,0
2021-06-23 11:08:40,10646.75,0
2021-06-23 11:08:42,10647.25,0
2021-06-23 11:08:47,10645.8,0
2021-06-23 11:08:50,10646.65,0
2021-06-23 11:08:54,10646.75,0
2021-06-23 11:08:55,10646.6,0
2021-06-23 11:09:01,10645.75,0
2021-06-23 11:09:09,10646.85,0
2021-06-23 11:09:11,10646.05,0
2021-06-23 11:09:13,10645.55,0
2021-06-23 11:09:16,10646.3,0
2021-06-23 11:09:17,10646.0,0
2021-06-23 11:09:22,10646.45,0
2021-06-23 11:09:25,10646.2,0
2021-06-23 11:09:25,10646.2,0
2021-06-23 11:09:27,10645.85,0
2021-06-23 11:09:31,10646.75,0
2021-06-23 11:09:33,10646.25,0
2021-06-23 11:09:35,10646.35,0
2021-06-23 11:09:36,10646.55,0
2021-06-23 11:09:39,10646.95,0
2021-06-23 11:09:48,10647.8,0
2021-06-23 11:09:50,10646.95,0
2021-06-23 11:09:54,10648.1,0
2021-06-23 11:09:57,10647.65,0
2021-06-23 11:09:58,10647.7,0
2021-06-23 11:10:02,10648.45,0
2021-06-23 11:10:03,10647.5,0
2021-06-23 11:10:04,10647.5,0
2021-06-23 11:10:05,10646.7,0
2021-06-23 11:10:08,10648.65,0
2021-06-23 11:10:10,10647.95,0
2021-06-23 11:10:12,10647.2,0
2021-06-23 11:10:14,10648.55,0
2021-06-23 11:10:18,10646.55,0
2021-06-23 11:10:21,10646.8,0
2021-06-23 11:10:27,10646.9,0
2021-06-23 11:10:27,10646.9,0
2021-06-23 11:10:30,10647.2,0
2021-06-23 11:10:31,10647.6,0
2021-06-23 11:10:32,10647.05,0
2021-06-23 11:10:45,10650.7,0
2021-06-23 11:10:47,10651.85,0
2021-06-23 11:10:49,10651.4,0
2021-06-23 11:10:52,10651.6,0
2021-06-23 11:10:54,10651.85,0
2021-06-23 11:10:55,10651.55,0
2021-06-23 11:10:56,10651.25,0
2021-06-23 11:10:58,10651.1,0
2021-06-23 11:11:13,10651.8,0
2021-06-23 11:11:20,10652.95,0
2021-06-23 11:11:21,10652.9,0
2021-06-23 11:11:24,10656.75,0
2021-06-23 11:11:27,10657.45,0
2021-06-23 11:11:27,10657.45,0
2021-06-23 11:11:31,10658.7,0
2021-06-23 11:11:42,10659.35,0
2021-06-23 11:11:43,10657.65,0
2021-06-23 11:11:44,10658.4,0
2021-06-23 11:11:45,10658.6,0
2021-06-23 11:11:46,10658.15,0
2021-06-23 11:11:51,10657.7,0
2021-06-23 11:11:53,10657.0,0
2021-06-23 11:11:54,10657.55,0
2021-06-23 11:11:58,10657.95,0
2021-06-23 11:12:00,10658.6,0
2021-06-23 11:12:06,10657.0,0
2021-06-23 11:12:07,10657.6,0
2021-06-23 11:12:09,10658.3,0
2021-06-23 11:12:12,10657.6,0
2021-06-23 11:12:23,10657.7,0
2021-06-23 11:12:24,10658.05,0
2021-06-23 11:12:25,10657.8,0
2021-06-23 11:12:27,10659.0,0
2021-06-23 11:12:30,10658.55,0
2021-06-23 11:12:37,10659.2,0
2021-06-23 11:12:42,10657.7,0
2021-06-23 11:12:44,10657.85,0
2021-06-23 11:12:49,10657.2,0
2021-06-23 11:12:50,10657.6,0
2021-06-23 11:12:54,10657.65,0
2021-06-23 11:12:55,10656.65,0
2021-06-23 11:12:59,10656.55,0
2021-06-23 11:13:02,10657.75,0
2021-06-23 11:13:06,10657.55,0
2021-06-23 11:13:07,10657.15,0
2021-06-23 11:13:08,10657.25,0
2021-06-23 11:13:10,10656.3,0
2021-06-23 11:13:11,10656.1,0
2021-06-23 11:13:14,10657.3,0
2021-06-23 11:13:15,10656.9,0
2021-06-23 11:13:23,10658.15,0
2021-06-23 11:13:27,10659.05,0
2021-06-23 11:13:28,10659.2,0
2021-06-23 11:13:34,10658.15,0
2021-06-23 11:13:34,10658.15,0
2021-06-23 11:13:35,10658.5,0
2021-06-23 11:13:36,10657.95,0
2021-06-23 11:13:46,10660.2,0
2021-06-23 11:13:48,10660.0,0
2021-06-23 11:13:51,10658.8,0
2021-06-23 11:13:55,10660.3,0
2021-06-23 11:14:00,10660.9,0
2021-06-23 11:14:04,10660.65,0
2021-06-23 11:14:07,10661.1,0
2021-06-23 11:14:08,10661.35,0
2021-06-23 11:14:10,10661.0,0
2021-06-23 11:14:11,10661.0,0
2021-06-23 11:14:16,10662.05,0
2021-06-23 11:14:19,10662.0,0
2021-06-23 11:14:27,10664.45,0
2021-06-23 11:14:33,10664.9,0
2021-06-23 11:14:34,10665.25,0
2021-06-23 11:14:34,10665.25,0
2021-06-23 11:14:37,10665.65,0
2021-06-23 11:14:39,10665.3,0
2021-06-23 11:14:41,10665.65,0
2021-06-23 11:14:42,10666.3,0
2021-06-23 11:14:43,10666.15,0
2021-06-23 11:14:46,10665.7,0
2021-06-23 11:14:47,10665.4,0
2021-06-23 11:14:48,10665.55,0
2021-06-23 11:14:49,10665.15,0
2021-06-23 11:14:53,10665.45,0
2021-06-23 11:14:54,10665.1,0
2021-06-23 11:15:06,10663.6,0
2021-06-23 11:15:07,10663.7,0
2021-06-23 11:15:13,10664.25,0
2021-06-23 11:15:14,10664.2,0
2021-06-23 11:15:36,10665.1,0
2021-06-23 11:15:37,10666.05,0
2021-06-23 11:15:46,10667.05,0
2021-06-23 11:15:49,10668.25,0
2021-06-23 11:15:51,10668.45,0
2021-06-23 11:15:54,10667.3,0
2021-06-23 11:15:56,10668.85,0
2021-06-23 11:16:01,10668.65,0
2021-06-23 11:16:05,10668.05,0
2021-06-23 11:16:06,10668.05,0
2021-06-23 11:16:07,10668.8,0
2021-06-23 11:16:10,10669.45,0
2021-06-23 11:16:11,10669.6,0
2021-06-23 11:16:14,10669.15,0
2021-06-23 11:16:16,10671.25,0
2021-06-23 11:16:17,10670.3,0
2021-06-23 11:16:18,10670.4,0
2021-06-23 11:16:19,10671.0,0
2021-06-23 11:16:20,10670.5,0
2021-06-23 11:16:21,10671.0,0
2021-06-23 11:16:23,10669.4,0
2021-06-23 11:16:31,10670.25,0
2021-06-23 11:16:31,10670.25,0
2021-06-23 11:16:38,10670.8,0
2021-06-23 11:16:45,10669.9,0
2021-06-23 11:16:46,10670.3,0
2021-06-23 11:16:52,10668.6,0
2021-06-23 11:16:54,10668.55,0
2021-06-23 11:16:55,10669.15,0
2021-06-23 11:17:10,10659.75,0
2021-06-23 11:17:15,10659.65,0
2021-06-23 11:17:22,10659.1,0
2021-06-23 11:17:25,10658.7,0
2021-06-23 11:17:28,10656.6,0
2021-06-23 11:17:29,10655.7,0
2021-06-23 11:17:31,10655.1,0
2021-06-23 11:17:34,10653.45,0
2021-06-23 11:17:36,10653.35,0
2021-06-23 11:17:38,10653.3,0
2021-06-23 11:17:38,10653.3,0
2021-06-23 11:17:42,10654.3,0
2021-06-23 11:17:43,10653.65,0
2021-06-23 11:17:44,10655.25,0
2021-06-23 11:17:45,10655.15,0
2021-06-23 11:17:46,10654.5,0
2021-06-23 11:17:47,10655.1,0
2021-06-23 11:17:48,10656.0,0
2021-06-23 11:17:55,10653.45,0
2021-06-23 11:17:58,10654.3,0
2021-06-23 11:18:00,10654.6,0
2021-06-23 11:18:02,10652.95,0
2021-06-23 11:18:05,10654.7,0
2021-06-23 11:18:07,10653.6,0
2021-06-23 11:18:09,10653.9,0
2021-06-23 11:18:10,10654.65,0
2021-06-23 11:18:21,10652.9,0
2021-06-23 11:18:25,10652.0,0
2021-06-23 11:18:26,10651.5,0
2021-06-23 11:18:27,10651.4,0
2021-06-23 11:18:28,10651.4,0
2021-06-23 11:18:38,10649.75,0
2021-06-23 11:18:39,10649.85,0
2021-06-23 11:18:42,10650.3,0
2021-06-23 11:18:43,10650.15,0
2021-06-23 11:18:44,10650.05,0
2021-06-23 11:18:45,10650.1,0
2021-06-23 11:18:49,10648.6,0
2021-06-23 11:18:58,10651.0,0
2021-06-23 11:19:00,10651.45,0
2021-06-23 11:19:05,10652.05,0
2021-06-23 11:19:06,10652.05,0
2021-06-23 11:19:10,10652.45,0
2021-06-23 11:19:11,10653.35,0
2021-06-23 11:19:12,10653.6,0
2021-06-23 11:19:13,10654.1,0
2021-06-23 11:19:14,10653.55,0
2021-06-23 11:19:26,10655.25,0
2021-06-23 11:19:30,10657.6,0
2021-06-23 11:19:40,10657.45,0
2021-06-23 11:19:40,10657.45,0
2021-06-23 11:19:46,10658.45,0
2021-06-23 11:19:48,10658.8,0
2021-06-23 11:19:49,10658.65,0
2021-06-23 11:19:50,10658.6,0
2021-06-23 11:19:53,10657.8,0
2021-06-23 11:19:54,10658.25,0
2021-06-23 11:19:55,10658.45,0
2021-06-23 11:19:56,10658.5,0
2021-06-23 11:19:57,10658.05,0
2021-06-23 11:19:59,10658.85,0
2021-06-23 11:20:02,10658.9,0
2021-06-23 11:20:04,10658.3,0
2021-06-23 11:20:05,10658.75,0
2021-06-23 11:20:08,10658.2,0
2021-06-23 11:20:09,10657.95,0
2021-06-23 11:20:11,10658.15,0
2021-06-23 11:20:13,10658.35,0
2021-06-23 11:20:14,10658.15,0
2021-06-23 11:20:15,10658.45,0
2021-06-23 11:20:18,10656.05,0
2021-06-23 11:20:23,10655.0,0
2021-06-23 11:20:29,10656.25,0
2021-06-23 11:20:30,10656.05,0
2021-06-23 11:20:32,10656.65,0
2021-06-23 11:20:39,10656.2,0
2021-06-23 11:20:46,10656.2,0
2021-06-23 11:20:46,10656.2,0
2021-06-23 11:20:49,10659.4,0
2021-06-23 11:20:50,10660.05,0
2021-06-23 11:20:58,10658.5,0
2021-06-23 11:21:01,10659.35,0
2021-06-23 11:21:03,10659.3,0
2021-06-23 11:21:04,10659.35,0
2021-06-23 11:21:07,10658.8,0
2021-06-23 11:21:09,10659.65,0
2021-06-23 11:21:10,10658.85,0
2021-06-23 11:21:13,10658.9,0
2021-06-23 11:21:14,10658.75,0
2021-06-23 11:21:17,10658.25,0
2021-06-23 11:21:22,10659.85,0
2021-06-23 11:21:25,10658.9,0
2021-06-23 11:21:27,10658.35,0
2021-06-23 11:21:28,10658.85,0
2021-06-23 11:21:31,10659.0,0
2021-06-23 11:21:35,10659.6,0
2021-06-23 11:21:42,10660.05,0
2021-06-23 11:21:44,10659.9,0
2021-06-23 11:21:45,10659.95,0
2021-06-23 11:21:45,10659.95,0
2021-06-23 11:21:48,10658.95,0
2021-06-23 11:21:52,10660.2,0
2021-06-23 11:21:59,10658.6,0
2021-06-23 11:22:02,10660.0,0
2021-06-23 11:22:05,10659.2,0
2021-06-23 11:22:07,10659.5,0
2021-06-23 11:22:09,10659.0,0
2021-06-23 11:22:11,10658.65,0
2021-06-23 11:22:14,10659.1,0
2021-06-23 11:22:15,10659.1,0
2021-06-23 11:22:17,10659.85,0
2021-06-23 11:22:19,10659.7,0
2021-06-23 11:22:20,10660.8,0
2021-06-23 11:22:23,10661.2,0
2021-06-23 11:22:25,10660.9,0
2021-06-23 11:22:26,10660.8,0
2021-06-23 11:22:27,10660.85,0
2021-06-23 11:22:32,10660.25,0
2021-06-23 11:22:38,10660.6,0
2021-06-23 11:22:41,10660.85,0
2021-06-23 11:22:42,10662.55,0
2021-06-23 11:22:47,10662.75,0
2021-06-23 11:22:47,10662.75,0
2021-06-23 11:22:49,10662.7,0
2021-06-23 11:22:51,10662.95,0
2021-06-23 11:22:58,10663.0,0
2021-06-23 11:23:03,10662.85,0
2021-06-23 11:23:04,10663.55,0
2021-06-23 11:23:06,10662.8,0
2021-06-23 11:23:07,10663.0,0
2021-06-23 11:23:09,10663.5,0
2021-06-23 11:23:11,10663.8,0
2021-06-23 11:23:13,10663.2,0
2021-06-23 11:23:18,10663.45,0
2021-06-23 11:23:19,10663.55,0
2021-06-23 11:23:20,10663.85,0
2021-06-23 11:23:21,10664.25,0
2021-06-23 11:23:23,10664.75,0
2021-06-23 11:23:24,10664.2,0
2021-06-23 11:23:27,10664.25,0
2021-06-23 11:23:28,10663.55,0
2021-06-23 11:23:34,10663.05,0
2021-06-23 11:23:42,10662.9,0
2021-06-23 11:23:42,10662.9,0
2021-06-23 11:23:53,10662.85,0
2021-06-23 11:23:54,10663.05,0
2021-06-23 11:23:59,10661.7,0
2021-06-23 11:24:00,10661.3,0
2021-06-23 11:24:04,10661.85,0
2021-06-23 11:24:05,10662.0,0
2021-06-23 11:24:09,10661.55,0
2021-06-23 11:24:13,10660.5,0
2021-06-23 11:24:18,10660.7,0
2021-06-23 11:24:22,10658.4,0
2021-06-23 11:24:24,10659.65,0
2021-06-23 11:24:28,10660.45,0
2021-06-23 11:24:29,10659.05,0
2021-06-23 11:24:30,10659.55,0
2021-06-23 11:24:33,10658.5,0
2021-06-23 11:24:35,10659.25,0
2021-06-23 11:24:36,10659.4,0
2021-06-23 11:24:40,10658.85,0
2021-06-23 11:24:43,10658.35,0
2021-06-23 11:24:46,10658.75,0
2021-06-23 11:24:47,10658.85,0
2021-06-23 11:24:49,10658.4,0
2021-06-23 11:24:49,10658.4,0
2021-06-23 11:24:52,10658.6,0
2021-06-23 11:24:54,10657.95,0
2021-06-23 11:24:57,10659.25,0
2021-06-23 11:24:58,10659.3,0
2021-06-23 11:25:01,10658.3,0
2021-06-23 11:25:03,10658.3,0
2021-06-23 11:25:09,10658.5,0
2021-06-23 11:25:10,10658.45,0
2021-06-23 11:25:12,10658.95,0
2021-06-23 11:25:15,10658.45,0
2021-06-23 11:25:20,10658.3,0
2021-06-23 11:25:27,10658.35,0
2021-06-23 11:25:31,10659.35,0
2021-06-23 11:25:32,10659.2,0
2021-06-23 11:25:38,10658.85,0
2021-06-23 11:25:42,10659.45,0
2021-06-23 11:25:45,10660.85,0
2021-06-23 11:25:46,10659.8,0
2021-06-23 11:25:46,10659.8,0
2021-06-23 11:25:54,10658.85,0
2021-06-23 11:25:56,10657.9,0
2021-06-23 11:25:57,10659.6,0
2021-06-23 11:26:01,10659.1,0
2021-06-23 11:26:02,10659.15,0
2021-06-23 11:26:04,10659.55,0
2021-06-23 11:26:05,10659.95,0
2021-06-23 11:26:06,10661.3,0
2021-06-23 11:26:09,10660.35,0
2021-06-23 11:26:12,10660.0,0
2021-06-23 11:26:13,10659.5,0
2021-06-23 11:26:15,10659.65,0
2021-06-23 11:26:21,10659.45,0
2021-06-23 11:26:22,10659.35,0
2021-06-23 11:26:25,10659.45,0
2021-06-23 11:26:26,10659.8,0
2021-06-23 11:26:27,10659.0,0
2021-06-23 11:26:28,10659.25,0
2021-06-23 11:26:30,10659.25,0
2021-06-23 11:26:32,10659.0,0
2021-06-23 11:26:35,10659.65,0
2021-06-23 11:26:39,10658.9,0
2021-06-23 11:26:42,10658.65,0
2021-06-23 11:26:44,10658.15,0
2021-06-23 11:26:48,10658.0,0
2021-06-23 11:26:52,10658.05,0
2021-06-23 11:26:54,10658.0,0
2021-06-23 11:26:57,10659.05,0
2021-06-23 11:26:58,10658.7,0
2021-06-23 11:27:04,10658.9,0
2021-06-23 11:27:05,10658.4,0
2021-06-23 11:27:07,10658.25,0
2021-06-23 11:27:09,10658.25,0
2021-06-23 11:27:11,10659.45,0
2021-06-23 11:27:15,10659.55,0
2021-06-23 11:27:16,10658.75,0
2021-06-23 11:27:17,10659.05,0
2021-06-23 11:27:19,10659.6,0
2021-06-23 11:27:24,10660.55,0
2021-06-23 11:27:26,10659.6,0
2021-06-23 11:27:28,10660.1,0
2021-06-23 11:27:29,10659.8,0
2021-06-23 11:27:30,10659.15,0
2021-06-23 11:27:36,10660.45,0
2021-06-23 11:27:41,10658.6,0
2021-06-23 11:27:51,10660.2,0
2021-06-23 11:27:55,10660.0,0
2021-06-23 11:27:55,10660.0,0
2021-06-23 11:28:02,10659.5,0
2021-06-23 11:28:03,10660.15,0
2021-06-23 11:28:07,10659.15,0
2021-06-23 11:28:11,10658.55,0
2021-06-23 11:28:16,10657.0,0
2021-06-23 11:28:18,10655.95,0
2021-06-23 11:28:20,10656.85,0
2021-06-23 11:28:23,10655.85,0
2021-06-23 11:28:27,10655.7,0
2021-06-23 11:28:34,10655.2,0
2021-06-23 11:28:37,10654.45,0
2021-06-23 11:28:41,10654.4,0
2021-06-23 11:28:45,10652.25,0
2021-06-23 11:28:46,10653.25,0
2021-06-23 11:28:48,10653.4,0
2021-06-23 11:28:52,10652.8,0
2021-06-23 11:28:53,10653.6,0
2021-06-23 11:28:57,10653.1,0
2021-06-23 11:28:57,10653.1,0
2021-06-23 11:29:02,10653.8,0
2021-06-23 11:29:07,10653.45,0
2021-06-23 11:29:13,10652.4,0
2021-06-23 11:29:14,10652.2,0
2021-06-23 11:29:17,10652.85,0
2021-06-23 11:29:19,10653.4,0
2021-06-23 11:29:20,10653.15,0
2021-06-23 11:29:26,10653.6,0
2021-06-23 11:29:27,10653.8,0
2021-06-23 11:29:28,10653.5,0
2021-06-23 11:29:33,10654.45,0
2021-06-23 11:29:40,10654.9,0
2021-06-23 11:29:41,10656.05,0
2021-06-23 11:29:42,10655.9,0
2021-06-23 11:29:49,10657.05,0
2021-06-23 11:29:52,10656.95,0
2021-06-23 11:29:53,10657.3,0
2021-06-23 11:29:55,10658.05,0
2021-06-23 11:29:57,10657.6,0
2021-06-23 11:29:58,10657.65,0
2021-06-23 11:29:59,10657.1,0
2021-06-23 11:30:01,10657.2,0
2021-06-23 11:30:02,10657.95,0
2021-06-23 11:30:04,10658.0,0
2021-06-23 11:30:11,10658.55,0
2021-06-23 11:30:14,10658.3,0
2021-06-23 11:30:16,10658.15,0
2021-06-23 11:30:17,10658.2,0
2021-06-23 11:30:18,10658.15,0
2021-06-23 11:30:20,10658.3,0
2021-06-23 11:30:26,10658.45,0
2021-06-23 11:30:27,10659.0,0
2021-06-23 11:30:32,10659.2,0
2021-06-23 11:30:35,10660.7,0
2021-06-23 11:30:40,10661.2,0
2021-06-23 11:30:41,10660.55,0
2021-06-23 11:30:47,10660.0,0
2021-06-23 11:30:50,10659.8,0
2021-06-23 11:30:51,10659.55,0
2021-06-23 11:30:52,10661.25,0
2021-06-23 11:30:55,10661.0,0
2021-06-23 11:30:55,10661.0,0
2021-06-23 11:31:01,10661.4,0
2021-06-23 11:31:02,10661.05,0
2021-06-23 11:31:07,10662.8,0
2021-06-23 11:31:10,10662.3,0
2021-06-23 11:31:11,10662.45,0
2021-06-23 11:31:14,10662.15,0
2021-06-23 11:31:23,10663.9,0
2021-06-23 11:31:27,10664.9,0
2021-06-23 11:31:35,10665.05,0
2021-06-23 11:31:38,10665.2,0
2021-06-23 11:31:39,10665.1,0
2021-06-23 11:31:40,10665.7,0
2021-06-23 11:31:43,10665.7,0
2021-06-23 11:31:45,10666.4,0
2021-06-23 11:31:52,10667.1,0
2021-06-23 11:31:58,10667.05,0
2021-06-23 11:31:59,10668.05,0
2021-06-23 11:32:02,10668.35,0
2021-06-23 11:32:06,10669.0,0
2021-06-23 11:32:21,10668.35,0
2021-06-23 11:32:27,10670.75,0
2021-06-23 11:32:28,10671.25,0
2021-06-23 11:32:33,10671.4,0
2021-06-23 11:32:39,10674.05,0
2021-06-23 11:32:40,10672.85,0
2021-06-23 11:32:41,10671.9,0
2021-06-23 11:32:42,10672.1,0
2021-06-23 11:32:47,10672.8,0
2021-06-23 11:32:48,10672.1,0
2021-06-23 11:32:49,10673.3,0
2021-06-23 11:32:50,10672.65,0
2021-06-23 11:32:55,10673.05,0
2021-06-23 11:32:56,10674.0,0
2021-06-23 11:32:56,10674.0,0
2021-06-23 11:33:01,10672.75,0
2021-06-23 11:33:10,10674.3,0
2021-06-23 11:33:12,10673.35,0
2021-06-23 11:33:23,10673.5,0
2021-06-23 11:33:24,10674.65,0
2021-06-23 11:33:29,10673.25,0
2021-06-23 11:33:37,10670.75,0
2021-06-23 11:33:38,10671.5,0
2021-06-23 11:33:44,10670.9,0
2021-06-23 11:33:45,10670.0,0
2021-06-23 11:33:46,10670.85,0
2021-06-23 11:33:47,10670.85,0
2021-06-23 11:33:49,10670.35,0
2021-06-23 11:33:52,10670.9,0
2021-06-23 11:33:53,10671.0,0
2021-06-23 11:33:57,10671.55,0
2021-06-23 11:34:00,10671.5,0
2021-06-23 11:34:06,10669.9,0
2021-06-23 11:34:12,10672.95,0
2021-06-23 11:34:14,10673.0,0
2021-06-23 11:34:24,10675.35,0
2021-06-23 11:34:27,10674.2,0
2021-06-23 11:34:28,10674.45,0
2021-06-23 11:34:30,10674.9,0
2021-06-23 11:34:37,10673.5,0
2021-06-23 11:34:38,10673.6,0
2021-06-23 11:34:50,10674.4,0
2021-06-23 11:34:54,10674.2,0
2021-06-23 11:34:56,10673.75,0
2021-06-23 11:34:56,10673.75,0
2021-06-23 11:35:04,10671.4,0
2021-06-23 11:35:08,10670.85,0
2021-06-23 11:35:09,10671.55,0
2021-06-23 11:35:13,10671.95,0
2021-06-23 11:35:20,10672.3,0
2021-06-23 11:35:25,10671.05,0
2021-06-23 11:35:28,10672.2,0
2021-06-23 11:35:29,10670.5,0
2021-06-23 11:35:40,10669.9,0
2021-06-23 11:35:41,10670.15,0
2021-06-23 11:35:43,10670.1,0
2021-06-23 11:35:46,10670.4,0
2021-06-23 11:35:48,10668.4,0
2021-06-23 11:35:50,10668.75,0
2021-06-23 11:35:55,10669.8,0
2021-06-23 11:35:56,10669.8,0
2021-06-23 11:35:56,10669.8,0
2021-06-23 11:36:08,10668.25,0
2021-06-23 11:36:12,10668.05,0
2021-06-23 11:36:18,10668.05,0
2021-06-23 11:36:23,10666.95,0
2021-06-23 11:36:24,10666.95,0
2021-06-23 11:36:34,10666.85,0
2021-06-23 11:36:36,10666.85,0
2021-06-23 11:36:37,10666.95,0
2021-06-23 11:36:40,10665.95,0
2021-06-23 11:36:44,10665.2,0
2021-06-23 11:36:56,10662.8,0
2021-06-23 11:36:57,10663.4,0
2021-06-23 11:36:59,10662.3,0
2021-06-23 11:37:02,10661.35,0
2021-06-23 11:37:04,10661.05,0
2021-06-23 11:37:13,10660.8,0
2021-06-23 11:37:15,10660.0,0
2021-06-23 11:37:21,10659.55,0
2021-06-23 11:37:23,10658.0,0
2021-06-23 11:37:26,10659.5,0
2021-06-23 11:37:35,10659.2,0
2021-06-23 11:37:38,10659.3,0
2021-06-23 11:37:45,10659.85,0
2021-06-23 11:37:46,10659.15,0
2021-06-23 11:37:47,10659.2,0
2021-06-23 11:37:49,10659.0,0
2021-06-23 11:37:55,10659.75,0
2021-06-23 11:37:58,10658.95,0
2021-06-23 11:37:59,10659.45,0
2021-06-23 11:38:01,10658.55,0
2021-06-23 11:38:01,10658.55,0
2021-06-23 11:38:11,10660.45,0
2021-06-23 11:38:14,10660.1,0
2021-06-23 11:38:23,10661.5,0
2021-06-23 11:38:30,10660.6,0
2021-06-23 11:38:32,10660.35,0
2021-06-23 11:38:35,10660.8,0
2021-06-23 11:38:36,10661.05,0
2021-06-23 11:38:40,10661.25,0
2021-06-23 11:38:42,10660.95,0
2021-06-23 11:38:49,10662.45,0
2021-06-23 11:38:54,10663.3,0
2021-06-23 11:38:59,10664.1,0
2021-06-23 11:39:00,10663.5,0
2021-06-23 11:39:02,10664.65,0
2021-06-23 11:39:04,10664.15,0
2021-06-23 11:39:07,10664.4,0
2021-06-23 11:39:07,10664.4,0
2021-06-23 11:39:15,10664.1,0
2021-06-23 11:39:17,10664.35,0
2021-06-23 11:39:18,10665.15,0
2021-06-23 11:39:23,10664.2,0
2021-06-23 11:39:24,10663.9,0
2021-06-23 11:39:29,10663.5,0
2021-06-23 11:39:30,10663.65,0
2021-06-23 11:39:31,10663.6,0
2021-06-23 11:39:33,10662.7,0
2021-06-23 11:39:35,10663.3,0
2021-06-23 11:39:36,10663.25,0
2021-06-23 11:39:38,10662.55,0
2021-06-23 11:39:43,10663.45,0
2021-06-23 11:39:45,10662.75,0
2021-06-23 11:39:53,10662.75,0
2021-06-23 11:39:55,10663.4,0
2021-06-23 11:39:57,10663.5,0
2021-06-23 11:39:58,10662.95,0
2021-06-23 11:40:00,10663.35,0
2021-06-23 11:40:08,10662.45,0
2021-06-23 11:40:09,10663.15,0
2021-06-23 11:40:10,10663.55,0
2021-06-23 11:40:14,10663.35,0
2021-06-23 11:40:23,10663.9,0
2021-06-23 11:40:25,10663.35,0
2021-06-23 11:40:30,10663.3,0
2021-06-23 11:40:31,10663.65,0
2021-06-23 11:40:34,10664.45,0
2021-06-23 11:40:38,10662.75,0
2021-06-23 11:40:41,10662.75,0
2021-06-23 11:40:47,10661.85,0
2021-06-23 11:40:48,10660.4,0
2021-06-23 11:40:49,10660.6,0
2021-06-23 11:40:53,10660.45,0
2021-06-23 11:40:54,10660.05,0
2021-06-23 11:40:59,10657.65,0
2021-06-23 11:41:04,10657.5,0
2021-06-23 11:41:07,10657.25,0
2021-06-23 11:41:12,10655.75,0
2021-06-23 11:41:13,10655.85,0
2021-06-23 11:41:14,10656.15,0
2021-06-23 11:41:17,10656.15,0
2021-06-23 11:41:18,10655.4,0
2021-06-23 11:41:18,10655.4,0
2021-06-23 11:41:29,10655.1,0
2021-06-23 11:41:31,10654.95,0
2021-06-23 11:41:33,10654.35,0
2021-06-23 11:41:37,10658.4,0
2021-06-23 11:41:38,10659.55,0
2021-06-23 11:41:39,10660.45,0
2021-06-23 11:41:41,10659.55,0
2021-06-23 11:41:43,10659.85,0
2021-06-23 11:41:44,10660.2,0
2021-06-23 11:41:46,10658.95,0
2021-06-23 11:41:54,10657.85,0
2021-06-23 11:42:10,10656.65,0
2021-06-23 11:42:13,10656.75,0
2021-06-23 11:42:17,10656.45,0
2021-06-23 11:42:21,10656.1,0
2021-06-23 11:42:24,10656.25,0
2021-06-23 11:42:25,10656.35,0
2021-06-23 11:42:33,10656.15,0
2021-06-23 11:42:34,10656.25,0
2021-06-23 11:42:35,10655.9,0
2021-06-23 11:42:38,10656.15,0
2021-06-23 11:42:41,10656.2,0
2021-06-23 11:42:44,10655.3,0
2021-06-23 11:42:55,10655.8,0
2021-06-23 11:42:59,10656.05,0
2021-06-23 11:43:05,10657.8,0
2021-06-23 11:43:10,10656.95,0
2021-06-23 11:43:11,10656.65,0
2021-06-23 11:43:15,10657.05,0
2021-06-23 11:43:23,10657.3,0
2021-06-23 11:43:23,10657.3,0
2021-06-23 11:43:24,10656.95,0
2021-06-23 11:43:29,10656.25,0
2021-06-23 11:43:30,10656.3,0
2021-06-23 11:43:37,10655.55,0
2021-06-23 11:43:38,10655.85,0
2021-06-23 11:43:39,10656.4,0
2021-06-23 11:43:40,10656.4,0
2021-06-23 11:43:47,10656.8,0
2021-06-23 11:43:48,10657.0,0
2021-06-23 11:43:52,10656.45,0
2021-06-23 11:43:57,10657.25,0
2021-06-23 11:44:00,10656.25,0
2021-06-23 11:44:02,10655.45,0
2021-06-23 11:44:03,10655.15,0
2021-06-23 11:44:06,10654.75,0
2021-06-23 11:44:15,10654.9,0
2021-06-23 11:44:18,10654.55,0
2021-06-23 11:44:18,10654.55,0
2021-06-23 11:44:27,10654.5,0
2021-06-23 11:44:32,10655.35,0
2021-06-23 11:44:34,10655.55,0
2021-06-23 11:44:37,10655.3,0
2021-06-23 11:44:47,10655.2,0
2021-06-23 11:44:49,10654.7,0
2021-06-23 11:44:51,10653.9,0
2021-06-23 11:44:53,10654.55,0
2021-06-23 11:44:57,10654.3,0
2021-06-23 11:45:02,10653.75,0
2021-06-23 11:45:03,10654.65,0
2021-06-23 11:45:09,10655.2,0
2021-06-23 11:45:13,10654.3,0
2021-06-23 11:45:18,10655.25,0
2021-06-23 11:45:20,10654.25,0
2021-06-23 11:45:20,10654.25,0
2021-06-23 11:45:27,10655.0,0
2021-06-23 11:45:28,10655.45,0
2021-06-23 11:45:34,10655.05,0
2021-06-23 11:45:37,10655.2,0
2021-06-23 11:45:39,10655.05,0
2021-06-23 11:45:40,10655.1,0
2021-06-23 11:45:41,10655.1,0
2021-06-23 11:45:44,10654.75,0
2021-06-23 11:45:50,10654.65,0
2021-06-23 11:45:52,10654.75,0
2021-06-23 11:45:54,10654.95,0
2021-06-23 11:45:55,10654.9,0
2021-06-23 11:45:58,10654.7,0
2021-06-23 11:45:59,10654.55,0
2021-06-23 11:46:01,10654.5,0
2021-06-23 11:46:02,10654.25,0
2021-06-23 11:46:08,10654.2,0
2021-06-23 11:46:09,10654.1,0
2021-06-23 11:46:13,10655.65,0
2021-06-23 11:46:15,10655.1,0
2021-06-23 11:46:17,10654.15,0
2021-06-23 11:46:23,10655.35,0
2021-06-23 11:46:26,10655.55,0
2021-06-23 11:46:31,10656.45,0
2021-06-23 11:46:34,10656.25,0
2021-06-23 11:46:35,10656.35,0
2021-06-23 11:46:36,10655.9,0
2021-06-23 11:46:40,10656.65,0
2021-06-23 11:46:43,10657.8,0
2021-06-23 11:46:46,10658.6,0
2021-06-23 11:46:48,10659.55,0
2021-06-23 11:46:50,10659.2,0
2021-06-23 11:46:52,10658.55,0
2021-06-23 11:46:54,10659.65,0
2021-06-23 11:46:59,10660.15,0
2021-06-23 11:47:01,10661.1,0
2021-06-23 11:47:07,10661.9,0
2021-06-23 11:47:11,10661.3,0
2021-06-23 11:47:13,10659.4,0
2021-06-23 11:47:18,10656.5,0
2021-06-23 11:47:19,10656.25,0
2021-06-23 11:47:24,10654.4,0
2021-06-23 11:47:27,10655.65,0
2021-06-23 11:47:29,10655.2,0
2021-06-23 11:47:32,10654.15,0
2021-06-23 11:47:41,10656.5,0
2021-06-23 11:47:40,10656.2,0
2021-06-23 11:47:45,10656.05,0
2021-06-23 11:47:47,10656.4,0
2021-06-23 11:47:48,10656.2,0
2021-06-23 11:47:55,10656.0,0
2021-06-23 11:47:56,10655.5,0
2021-06-23 11:47:59,10656.2,0
2021-06-23 11:48:00,10656.15,0
2021-06-23 11:48:01,10656.2,0
2021-06-23 11:48:03,10655.65,0
2021-06-23 11:48:06,10654.6,0
2021-06-23 11:48:09,10654.3,0
2021-06-23 11:48:15,10652.8,0
2021-06-23 11:48:17,10653.75,0
2021-06-23 11:48:18,10653.15,0
2021-06-23 11:48:21,10652.65,0
2021-06-23 11:48:24,10651.6,0
2021-06-23 11:48:26,10653.0,0
2021-06-23 11:48:28,10651.7,0
2021-06-23 11:48:28,10651.7,0
2021-06-23 11:48:36,10652.25,0
2021-06-23 11:48:39,10651.85,0
2021-06-23 11:48:40,10651.75,0
2021-06-23 11:48:44,10651.55,0
2021-06-23 11:48:46,10652.55,0
2021-06-23 11:48:51,10653.05,0
2021-06-23 11:48:53,10652.45,0
2021-06-23 11:48:57,10652.65,0
2021-06-23 11:48:59,10652.15,0
2021-06-23 11:49:03,10651.3,0
2021-06-23 11:49:04,10650.9,0
2021-06-23 11:49:06,10651.1,0
2021-06-23 11:49:08,10650.5,0
2021-06-23 11:49:10,10651.25,0
2021-06-23 11:49:19,10648.15,0
2021-06-23 11:49:20,10648.2,0
2021-06-23 11:49:21,10649.0,0
2021-06-23 11:49:24,10648.7,0
2021-06-23 11:49:24,10648.7,0
2021-06-23 11:49:31,10647.55,0
2021-06-23 11:49:35,10647.9,0
2021-06-23 11:49:43,10646.1,0
2021-06-23 11:49:45,10645.15,0
2021-06-23 11:49:48,10647.8,0
2021-06-23 11:49:54,10650.6,0
2021-06-23 11:49:55,10649.7,0
2021-06-23 11:49:56,10649.85,0
2021-06-23 11:50:11,10647.9,0
2021-06-23 11:50:13,10648.9,0
2021-06-23 11:50:16,10650.05,0
2021-06-23 11:50:18,10649.3,0
2021-06-23 11:50:27,10648.65,0
2021-06-23 11:50:28,10648.55,0
2021-06-23 11:50:28,10648.55,0
2021-06-23 11:50:31,10648.85,0
2021-06-23 11:50:34,10649.8,0
2021-06-23 11:50:35,10649.95,0
2021-06-23 11:50:36,10650.2,0
2021-06-23 11:50:38,10649.35,0
2021-06-23 11:50:42,10648.55,0
2021-06-23 11:50:45,10648.05,0
2021-06-23 11:50:47,10648.95,0
2021-06-23 11:50:51,10647.8,0
2021-06-23 11:50:58,10647.65,0
2021-06-23 11:50:59,10648.35,0
2021-06-23 11:51:00,10648.2,0
2021-06-23 11:51:02,10647.85,0
2021-06-23 11:51:03,10648.75,0
2021-06-23 11:51:15,10648.25,0
2021-06-23 11:51:21,10648.35,0
2021-06-23 11:51:25,10648.5,0
2021-06-23 11:51:29,10648.3,0
2021-06-23 11:51:29,10648.3,0
2021-06-23 11:51:33,10648.7,0
2021-06-23 11:51:40,10648.55,0
2021-06-23 11:51:47,10648.9,0
2021-06-23 11:51:51,10649.4,0
2021-06-23 11:51:56,10649.3,0
2021-06-23 11:51:57,10649.45,0
2021-06-23 11:52:02,10648.9,0
2021-06-23 11:52:05,10650.15,0
2021-06-23 11:52:08,10650.6,0
2021-06-23 11:52:10,10650.55,0
2021-06-23 11:52:25,10652.55,0
2021-06-23 11:52:26,10653.0,0
2021-06-23 11:52:29,10651.95,0
2021-06-23 11:52:29,10651.95,0
2021-06-23 11:52:36,10651.65,0
2021-06-23 11:52:37,10651.85,0
2021-06-23 11:52:38,10652.0,0
2021-06-23 11:52:40,10653.15,0
2021-06-23 11:52:42,10652.95,0
2021-06-23 11:52:43,10653.6,0
2021-06-23 11:52:45,10653.1,0
2021-06-23 11:52:50,10651.3,0
2021-06-23 11:52:52,10651.0,0
2021-06-23 11:52:53,10650.85,0
2021-06-23 11:52:55,10651.95,0
2021-06-23 11:52:56,10652.4,0
2021-06-23 11:52:59,10653.3,0
2021-06-23 11:53:04,10654.0,0
2021-06-23 11:53:12,10653.85,0
2021-06-23 11:53:30,10654.7,0
2021-06-23 11:53:32,10654.55,0
2021-06-23 11:53:34,10653.95,0
2021-06-23 11:53:37,10656.5,0
2021-06-23 11:53:48,10656.9,0
2021-06-23 11:53:53,10657.35,0
2021-06-23 11:53:55,10657.75,0
2021-06-23 11:53:57,10657.3,0
2021-06-23 11:54:19,10655.75,0
2021-06-23 11:54:23,10656.5,0
2021-06-23 11:54:24,10656.15,0
2021-06-23 11:54:29,10656.2,0
2021-06-23 11:54:28,10656.0,0
2021-06-23 11:54:32,10655.75,0
2021-06-23 11:54:37,10656.05,0
2021-06-23 11:54:39,10656.25,0
2021-06-23 11:54:42,10656.0,0
2021-06-23 11:54:43,10655.95,0
2021-06-23 11:54:48,10656.3,0
2021-06-23 11:54:49,10656.65,0
2021-06-23 11:55:01,10655.25,0
2021-06-23 11:55:04,10656.7,0
2021-06-23 11:55:05,10656.9,0
2021-06-23 11:55:08,10656.7,0
2021-06-23 11:55:09,10657.2,0
2021-06-23 11:55:10,10657.05,0
2021-06-23 11:55:11,10657.05,0
2021-06-23 11:55:14,10657.1,0
2021-06-23 11:55:15,10656.45,0
2021-06-23 11:55:17,10655.7,0
2021-06-23 11:55:19,10655.7,0
2021-06-23 11:55:24,10656.15,0
2021-06-23 11:55:25,10655.7,0
2021-06-23 11:55:33,10657.85,0
2021-06-23 11:55:34,10657.0,0
2021-06-23 11:55:36,10658.0,0
2021-06-23 11:55:37,10658.35,0
2021-06-23 11:55:38,10657.65,0
2021-06-23 11:55:43,10657.7,0
2021-06-23 11:55:50,10658.35,0
2021-06-23 11:55:51,10657.9,0
2021-06-23 11:55:54,10658.3,0
2021-06-23 11:55:55,10658.05,0
2021-06-23 11:55:56,10658.05,0
2021-06-23 11:55:58,10658.7,0
2021-06-23 11:55:59,10658.55,0
2021-06-23 11:56:00,10659.25,0
2021-06-23 11:56:02,10659.6,0
2021-06-23 11:56:04,10659.4,0
2021-06-23 11:56:05,10659.6,0
2021-06-23 11:56:06,10659.75,0
2021-06-23 11:56:08,10659.2,0
2021-06-23 11:56:16,10659.7,0
2021-06-23 11:56:17,10660.0,0
2021-06-23 11:56:18,10660.45,0
2021-06-23 11:56:21,10658.5,0
2021-06-23 11:56:28,10658.5,0
2021-06-23 11:56:29,10659.05,0
2021-06-23 11:56:30,10658.45,0
2021-06-23 11:56:35,10657.8,0
2021-06-23 11:56:36,10657.5,0
2021-06-23 11:56:36,10657.5,0
2021-06-23 11:56:44,10657.4,0
2021-06-23 11:56:51,10654.2,0
2021-06-23 11:56:52,10654.7,0
2021-06-23 11:56:58,10654.75,0
2021-06-23 11:57:04,10654.85,0
2021-06-23 11:57:06,10654.4,0
2021-06-23 11:57:07,10654.9,0
2021-06-23 11:57:13,10654.45,0
2021-06-23 11:57:14,10654.95,0
2021-06-23 11:57:16,10654.05,0
2021-06-23 11:57:20,10653.65,0
2021-06-23 11:57:33,10655.2,0
2021-06-23 11:57:34,10654.35,0
2021-06-23 11:57:38,10654.6,0
2021-06-23 11:57:39,10654.65,0
2021-06-23 11:57:42,10653.25,0
2021-06-23 11:57:44,10654.1,0
2021-06-23 11:57:50,10649.15,0
2021-06-23 11:57:55,10648.25,0
2021-06-23 11:57:56,10649.45,0
2021-06-23 11:57:58,10647.9,0
2021-06-23 11:57:59,10648.5,0
2021-06-23 11:58:04,10645.55,0
2021-06-23 11:58:05,10645.45,0
2021-06-23 11:58:07,10644.15,0
2021-06-23 11:58:10,10644.2,0
2021-06-23 11:58:12,10643.75,0
2021-06-23 11:58:13,10645.05,0
2021-06-23 11:58:15,10644.4,0
2021-06-23 11:58:20,10643.95,0
2021-06-23 11:58:28,10642.35,0
2021-06-23 11:58:34,10641.05,0
2021-06-23 11:58:35,10641.75,0
2021-06-23 11:58:36,10641.65,0
2021-06-23 11:58:37,10641.4,0
2021-06-23 11:58:43,10642.05,0
2021-06-23 11:58:49,10641.35,0
2021-06-23 11:58:49,10641.35,0
2021-06-23 11:58:55,10640.4,0
2021-06-23 11:59:01,10640.4,0
2021-06-23 11:59:02,10639.85,0
2021-06-23 11:59:11,10641.95,0
2021-06-23 11:59:14,10641.15,0
2021-06-23 11:59:25,10642.15,0
2021-06-23 11:59:26,10642.55,0
2021-06-23 11:59:30,10642.45,0
2021-06-23 11:59:36,10642.0,0
2021-06-23 11:59:38,10641.8,0
2021-06-23 11:59:38,10641.8,0
2021-06-23 12:00:02,10640.9,0
2021-06-23 12:00:03,10641.05,0
2021-06-23 12:00:05,10640.45,0
2021-06-23 12:00:07,10640.95,0
2021-06-23 12:00:08,10641.15,0
2021-06-23 12:00:19,10645.0,0
2021-06-23 12:00:22,10645.35,0
2021-06-23 12:00:25,10645.3,0
2021-06-23 12:00:26,10645.65,0
2021-06-23 12:00:37,10645.9,0
2021-06-23 12:00:41,10646.35,0
2021-06-23 12:00:45,10646.75,0
2021-06-23 12:00:47,10647.5,0
2021-06-23 12:00:49,10647.3,0
2021-06-23 12:00:52,10646.55,0
2021-06-23 12:00:52,10646.55,0
2021-06-23 12:00:58,10644.8,0
2021-06-23 12:01:05,10645.65,0
2021-06-23 12:01:10,10644.2,0
2021-06-23 12:01:15,10643.1,0
2021-06-23 12:01:20,10640.65,0
2021-06-23 12:01:22,10639.35,0
2021-06-23 12:01:23,10639.4,0
2021-06-23 12:01:28,10639.2,0
2021-06-23 12:01:33,10637.8,0
2021-06-23 12:01:42,10639.0,0
2021-06-23 12:01:43,10639.5,0
2021-06-23 12:01:44,10639.6,0
2021-06-23 12:01:45,10639.0,0
2021-06-23 12:01:46,10638.8,0
2021-06-23 12:01:50,10639.0,0
2021-06-23 12:01:53,10638.0,0
2021-06-23 12:01:55,10638.95,0
2021-06-23 12:01:55,10638.95,0
2021-06-23 12:02:05,10643.1,0
2021-06-23 12:02:08,10642.95,0
2021-06-23 12:02:09,10643.25,0
2021-06-23 12:02:12,10642.45,0
2021-06-23 12:02:13,10643.1,0
2021-06-23 12:02:16,10643.65,0
2021-06-23 12:02:18,10643.0,0
2021-06-23 12:02:24,10642.8,0
2021-06-23 12:02:29,10644.95,0
2021-06-23 12:02:30,10644.55,0
2021-06-23 12:02:32,10644.85,0
2021-06-23 12:02:35,10644.0,0
2021-06-23 12:02:38,10644.2,0
2021-06-23 12:02:44,10644.35,0
2021-06-23 12:02:48,10645.15,0
2021-06-23 12:02:57,10645.4,0
2021-06-23 12:02:58,10645.75,0
2021-06-23 12:02:58,10645.75,0
2021-06-23 12:03:07,10645.6,0
2021-06-23 12:03:09,10646.05,0
2021-06-23 12:03:10,10646.15,0
2021-06-23 12:03:12,10647.65,0
2021-06-23 12:03:13,10647.3,0
2021-06-23 12:03:18,10648.2,0
2021-06-23 12:03:20,10647.85,0
2021-06-23 12:03:21,10647.65,0
2021-06-23 12:03:35,10648.7,0
2021-06-23 12:03:36,10649.55,0
2021-06-23 12:03:37,10649.55,0
2021-06-23 12:03:38,10650.4,0
2021-06-23 12:03:40,10650.7,0
2021-06-23 12:03:43,10650.3,0
2021-06-23 12:03:50,10649.3,0
2021-06-23 12:03:51,10650.15,0
2021-06-23 12:03:54,10649.7,0
2021-06-23 12:03:55,10649.25,0
2021-06-23 12:03:57,10649.55,0
2021-06-23 12:04:01,10646.9,0
2021-06-23 12:04:02,10647.4,0
2021-06-23 12:04:04,10648.3,0
2021-06-23 12:04:11,10648.5,0
2021-06-23 12:04:15,10648.45,0
2021-06-23 12:04:16,10648.6,0
2021-06-23 12:04:21,10648.5,0
2021-06-23 12:04:23,10648.1,0
2021-06-23 12:04:24,10648.95,0
2021-06-23 12:04:25,10648.8,0
2021-06-23 12:04:26,10648.7,0
2021-06-23 12:04:28,10648.4,0
2021-06-23 12:04:30,10648.45,0
2021-06-23 12:04:31,10648.1,0
2021-06-23 12:04:39,10648.25,0
2021-06-23 12:04:40,10647.75,0
2021-06-23 12:04:41,10647.25,0
2021-06-23 12:04:43,10647.7,0
2021-06-23 12:04:49,10648.75,0
2021-06-23 12:04:52,10648.35,0
2021-06-23 12:04:54,10649.6,0
2021-06-23 12:04:59,10649.95,0
2021-06-23 12:05:03,10650.15,0
2021-06-23 12:05:07,10649.2,0
2021-06-23 12:05:08,10648.95,0
2021-06-23 12:05:08,10648.95,0
2021-06-23 12:05:20,10646.6,0
2021-06-23 12:05:23,10648.45,0
2021-06-23 12:05:24,10648.15,0
2021-06-23 12:05:32,10649.15,0
2021-06-23 12:05:33,10649.05,0
2021-06-23 12:05:34,10648.4,0
2021-06-23 12:05:37,10647.8,0
2021-06-23 12:05:38,10648.75,0
2021-06-23 12:05:39,10648.35,0
2021-06-23 12:05:41,10648.9,0
2021-06-23 12:05:42,10649.0,0
2021-06-23 12:05:43,10648.75,0
2021-06-23 12:05:45,10648.6,0
2021-06-23 12:05:47,10648.6,0
2021-06-23 12:05:49,10648.35,0
2021-06-23 12:05:52,10649.95,0
2021-06-23 12:05:53,10649.75,0
2021-06-23 12:05:54,10650.15,0
2021-06-23 12:05:57,10649.65,0
2021-06-23 12:05:58,10649.65,0
2021-06-23 12:05:59,10649.5,0
2021-06-23 12:06:00,10649.3,0
2021-06-23 12:06:01,10649.7,0
2021-06-23 12:06:03,10650.7,0
2021-06-23 12:06:04,10650.6,0
2021-06-23 12:06:05,10650.55,0
2021-06-23 12:06:09,10650.05,0
2021-06-23 12:06:13,10649.8,0
2021-06-23 12:06:14,10650.05,0
2021-06-23 12:06:19,10649.8,0
2021-06-23 12:06:23,10650.55,0
2021-06-23 12:06:24,10650.75,0
2021-06-23 12:06:25,10649.85,0
2021-06-23 12:06:29,10649.95,0
2021-06-23 12:06:30,10649.95,0
2021-06-23 12:06:36,10651.85,0
2021-06-23 12:06:43,10651.25,0
2021-06-23 12:06:44,10651.45,0
2021-06-23 12:06:45,10650.55,0
2021-06-23 12:06:46,10651.05,0
2021-06-23 12:06:54,10651.35,0
2021-06-23 12:06:56,10652.25,0
2021-06-23 12:06:57,10652.0,0
2021-06-23 12:07:00,10651.5,0
2021-06-23 12:07:02,10651.7,0
2021-06-23 12:07:05,10650.45,0
2021-06-23 12:07:09,10649.6,0
2021-06-23 12:07:10,10648.5,0
2021-06-23 12:07:19,10648.1,0
2021-06-23 12:07:32,10646.85,0
2021-06-23 12:07:38,10647.45,0
2021-06-23 12:07:42,10648.45,0
2021-06-23 12:07:43,10648.25,0
2021-06-23 12:07:44,10647.95,0
2021-06-23 12:07:53,10648.25,0
2021-06-23 12:07:58,10648.8,0
2021-06-23 12:08:09,10648.75,0
2021-06-23 12:08:11,10649.65,0
2021-06-23 12:08:15,10648.75,0
2021-06-23 12:08:19,10647.65,0
2021-06-23 12:08:21,10648.0,0
2021-06-23 12:08:23,10647.85,0
2021-06-23 12:08:24,10648.25,0
2021-06-23 12:08:26,10648.75,0
2021-06-23 12:08:27,10648.35,0
2021-06-23 12:08:28,10648.05,0
2021-06-23 12:08:29,10647.65,0
2021-06-23 12:08:43,10648.75,0
2021-06-23 12:08:46,10648.15,0
2021-06-23 12:08:47,10648.25,0
2021-06-23 12:08:48,10648.5,0
2021-06-23 12:08:50,10648.6,0
2021-06-23 12:08:57,10649.1,0
2021-06-23 12:09:04,10649.7,0
2021-06-23 12:09:07,10650.0,0
2021-06-23 12:09:08,10650.75,0
2021-06-23 12:09:16,10651.3,0
2021-06-23 12:09:18,10652.25,0
2021-06-23 12:09:21,10651.9,0
2021-06-23 12:09:23,10653.05,0
2021-06-23 12:09:26,10653.25,0
2021-06-23 12:09:30,10654.5,0
2021-06-23 12:09:31,10654.35,0
2021-06-23 12:09:38,10654.65,0
2021-06-23 12:09:40,10654.25,0
2021-06-23 12:09:42,10654.45,0
2021-06-23 12:09:49,10655.15,0
2021-06-23 12:09:52,10655.15,0
2021-06-23 12:09:56,10654.0,0
2021-06-23 12:10:02,10652.0,0
2021-06-23 12:10:05,10652.6,0
2021-06-23 12:10:08,10653.05,0
2021-06-23 12:10:15,10653.95,0
2021-06-23 12:10:16,10653.55,0
2021-06-23 12:10:18,10653.0,0
2021-06-23 12:10:20,10652.25,0
2021-06-23 12:10:22,10653.25,0
2021-06-23 12:10:23,10653.65,0
2021-06-23 12:10:24,10653.6,0
2021-06-23 12:10:27,10654.75,0
2021-06-23 12:10:33,10653.45,0
2021-06-23 12:10:34,10653.35,0
2021-06-23 12:10:37,10654.25,0
2021-06-23 12:10:40,10654.55,0
2021-06-23 12:10:41,10654.45,0
2021-06-23 12:10:43,10653.9,0
2021-06-23 12:10:44,10654.3,0
2021-06-23 12:10:45,10654.15,0
2021-06-23 12:10:47,10654.65,0
2021-06-23 12:10:51,10653.4,0
2021-06-23 12:10:54,10653.65,0
2021-06-23 12:11:00,10653.0,0
2021-06-23 12:11:03,10653.55,0
2021-06-23 12:11:09,10654.8,0
2021-06-23 12:11:10,10654.55,0
2021-06-23 12:11:11,10655.25,0
2021-06-23 12:11:13,10654.55,0
2021-06-23 12:11:15,10655.25,0
2021-06-23 12:11:16,10655.4,0
2021-06-23 12:11:20,10655.45,0
2021-06-23 12:11:23,10653.25,0
2021-06-23 12:11:26,10654.95,0
2021-06-23 12:11:30,10654.2,0
2021-06-23 12:11:33,10653.5,0
2021-06-23 12:11:34,10653.5,0
2021-06-23 12:11:44,10655.75,0
2021-06-23 12:11:45,10655.1,0
2021-06-23 12:11:47,10654.35,0
2021-06-23 12:11:52,10655.35,0
2021-06-23 12:11:55,10654.35,0
2021-06-23 12:11:56,10655.3,0
2021-06-23 12:11:56,10655.3,0
2021-06-23 12:12:02,10653.45,0
2021-06-23 12:12:03,10653.45,0
2021-06-23 12:12:04,10654.4,0
2021-06-23 12:12:05,10654.2,0
2021-06-23 12:12:07,10654.8,0
2021-06-23 12:12:10,10654.45,0
2021-06-23 12:12:14,10654.85,0
2021-06-23 12:12:25,10654.95,0
2021-06-23 12:12:26,10655.3,0
2021-06-23 12:12:34,10656.1,0
2021-06-23 12:12:37,10656.0,0
2021-06-23 12:12:38,10654.95,0
2021-06-23 12:12:40,10655.75,0
2021-06-23 12:12:44,10655.65,0
2021-06-23 12:12:46,10655.55,0
2021-06-23 12:12:50,10655.15,0
2021-06-23 12:12:57,10655.85,0
2021-06-23 12:13:04,10656.05,0
2021-06-23 12:13:08,10657.4,0
2021-06-23 12:13:14,10657.3,0
2021-06-23 12:13:15,10657.65,0
2021-06-23 12:13:17,10657.2,0
2021-06-23 12:13:23,10656.9,0
2021-06-23 12:13:28,10657.05,0
2021-06-23 12:13:30,10657.75,0
2021-06-23 12:13:35,10658.0,0
2021-06-23 12:13:37,10658.35,0
2021-06-23 12:13:41,10658.1,0
2021-06-23 12:13:42,10658.4,0
2021-06-23 12:13:43,10658.2,0
2021-06-23 12:13:44,10658.0,0
2021-06-23 12:13:49,10657.2,0
2021-06-23 12:13:50,10657.2,0
2021-06-23 12:13:52,10657.2,0
2021-06-23 12:13:54,10657.25,0
2021-06-23 12:13:55,10657.8,0
2021-06-23 12:13:57,10657.95,0
2021-06-23 12:13:58,10657.35,0
2021-06-23 12:13:59,10657.5,0
2021-06-23 12:14:03,10657.1,0
2021-06-23 12:14:06,10657.2,0
2021-06-23 12:14:10,10657.7,0
2021-06-23 12:14:11,10658.0,0
2021-06-23 12:14:12,10657.8,0
2021-06-23 12:14:13,10657.85,0
2021-06-23 12:14:19,10658.2,0
2021-06-23 12:14:20,10658.45,0
2021-06-23 12:14:23,10658.5,0
2021-06-23 12:14:26,10658.65,0
2021-06-23 12:14:27,10657.8,0
2021-06-23 12:14:28,10657.5,0
2021-06-23 12:14:33,10656.65,0
2021-06-23 12:14:35,10656.9,0
2021-06-23 12:14:36,10656.75,0
2021-06-23 12:14:40,10657.85,0
2021-06-23 12:14:43,10658.25,0
2021-06-23 12:14:46,10657.75,0
2021-06-23 12:14:52,10657.7,0
2021-06-23 12:14:55,10657.9,0
2021-06-23 12:14:57,10657.35,0
2021-06-23 12:14:58,10657.75,0
2021-06-23 12:15:00,10658.0,0
2021-06-23 12:15:01,10656.6,0
2021-06-23 12:15:05,10655.85,0
2021-06-23 12:15:06,10656.75,0
2021-06-23 12:15:07,10657.15,0
2021-06-23 12:15:08,10656.95,0
2021-06-23 12:15:11,10656.75,0
2021-06-23 12:15:13,10657.3,0
2021-06-23 12:15:17,10656.7,0
2021-06-23 12:15:19,10657.6,0
2021-06-23 12:15:21,10656.55,0
2021-06-23 12:15:22,10657.0,0
2021-06-23 12:15:23,10658.0,0
2021-06-23 12:15:30,10657.75,0
2021-06-23 12:15:31,10657.45,0
2021-06-23 12:15:36,10658.3,0
2021-06-23 12:15:38,10658.05,0
2021-06-23 12:15:45,10658.25,0
2021-06-23 12:15:47,10658.7,0
2021-06-23 12:15:48,10658.3,0
2021-06-23 12:15:51,10658.1,0
2021-06-23 12:15:54,10658.35,0
2021-06-23 12:15:56,10657.9,0
2021-06-23 12:15:59,10657.85,0
2021-06-23 12:16:01,10658.1,0
2021-06-23 12:16:09,10657.1,0
2021-06-23 12:16:12,10657.05,0
2021-06-23 12:16:13,10656.8,0
2021-06-23 12:16:14,10657.3,0
2021-06-23 12:16:17,10657.25,0
2021-06-23 12:16:24,10657.9,0
2021-06-23 12:16:25,10656.9,0
2021-06-23 12:16:31,10659.05,0
2021-06-23 12:16:39,10658.35,0
2021-06-23 12:16:41,10656.75,0
2021-06-23 12:16:43,10655.1,0
2021-06-23 12:16:47,10655.3,0
2021-06-23 12:16:59,10654.1,0
2021-06-23 12:17:03,10654.1,0
2021-06-23 12:17:05,10653.95,0
2021-06-23 12:17:08,10652.95,0
2021-06-23 12:17:11,10653.2,0
2021-06-23 12:17:21,10653.8,0
2021-06-23 12:17:29,10652.8,0
2021-06-23 12:17:30,10653.15,0
2021-06-23 12:17:33,10653.6,0
2021-06-23 12:17:34,10653.25,0
2021-06-23 12:17:41,10652.9,0
2021-06-23 12:17:48,10653.4,0
2021-06-23 12:17:52,10653.2,0
2021-06-23 12:17:58,10652.95,0
2021-06-23 12:18:07,10653.75,0
2021-06-23 12:18:11,10654.95,0
2021-06-23 12:18:14,10654.75,0
2021-06-23 12:18:24,10655.25,0
2021-06-23 12:18:27,10655.0,0
2021-06-23 12:18:28,10654.85,0
2021-06-23 12:18:32,10654.75,0
2021-06-23 12:18:34,10654.65,0
2021-06-23 12:18:36,10654.4,0
2021-06-23 12:18:37,10654.8,0
2021-06-23 12:18:39,10654.1,0
2021-06-23 12:18:41,10654.65,0
2021-06-23 12:18:43,10655.15,0
2021-06-23 12:18:47,10654.45,0
2021-06-23 12:18:48,10654.8,0
2021-06-23 12:18:57,10654.5,0
2021-06-23 12:18:58,10654.35,0
2021-06-23 12:18:59,10654.3,0
2021-06-23 12:19:00,10654.6,0
2021-06-23 12:19:03,10654.1,0
2021-06-23 12:19:06,10653.8,0
2021-06-23 12:19:10,10653.4,0
2021-06-23 12:19:13,10654.25,0
2021-06-23 12:19:14,10654.1,0
2021-06-23 12:19:16,10655.05,0
2021-06-23 12:19:21,10654.75,0
2021-06-23 12:19:37,10654.0,0
2021-06-23 12:19:42,10654.7,0
2021-06-23 12:19:45,10654.1,0
2021-06-23 12:19:48,10653.65,0
2021-06-23 12:19:49,10653.55,0
2021-06-23 12:19:50,10655.1,0
2021-06-23 12:19:51,10655.25,0
2021-06-23 12:19:55,10654.75,0
2021-06-23 12:19:58,10655.6,0
2021-06-23 12:20:00,10654.45,0
2021-06-23 12:20:01,10654.45,0
2021-06-23 12:20:05,10654.3,0
2021-06-23 12:20:07,10654.6,0
2021-06-23 12:20:09,10654.25,0
2021-06-23 12:20:14,10654.25,0
2021-06-23 12:20:15,10654.5,0
2021-06-23 12:20:17,10654.8,0
2021-06-23 12:20:18,10654.85,0
2021-06-23 12:20:21,10655.45,0
2021-06-23 12:20:22,10655.15,0
2021-06-23 12:20:27,10655.9,0
2021-06-23 12:20:31,10655.25,0
2021-06-23 12:20:33,10655.85,0
2021-06-23 12:20:33,10655.85,0
2021-06-23 12:20:45,10655.2,0
2021-06-23 12:20:48,10655.65,0
2021-06-23 12:20:55,10655.1,0
2021-06-23 12:20:56,10656.25,0
2021-06-23 12:20:57,10655.9,0
2021-06-23 12:21:00,10656.2,0
2021-06-23 12:21:01,10656.15,0
2021-06-23 12:21:03,10657.8,0
2021-06-23 12:21:05,10657.5,0
2021-06-23 12:21:08,10658.4,0
2021-06-23 12:21:10,10657.85,0
2021-06-23 12:21:18,10658.3,0
2021-06-23 12:21:21,10658.15,0
2021-06-23 12:21:22,10657.75,0
2021-06-23 12:21:26,10656.5,0
2021-06-23 12:21:29,10655.35,0
2021-06-23 12:21:31,10656.1,0
2021-06-23 12:21:34,10655.1,0
2021-06-23 12:21:37,10655.95,0
2021-06-23 12:21:41,10654.7,0
2021-06-23 12:21:42,10655.55,0
2021-06-23 12:21:48,10655.25,0
2021-06-23 12:21:55,10654.25,0
2021-06-23 12:21:59,10654.1,0
2021-06-23 12:22:00,10653.7,0
2021-06-23 12:22:01,10654.15,0
2021-06-23 12:22:03,10654.05,0
2021-06-23 12:22:04,10653.7,0
2021-06-23 12:22:05,10653.55,0
2021-06-23 12:22:11,10654.25,0
2021-06-23 12:22:12,10653.5,0
2021-06-23 12:22:16,10653.65,0
2021-06-23 12:22:21,10654.9,0
2021-06-23 12:22:23,10653.45,0
2021-06-23 12:22:24,10653.7,0
2021-06-23 12:22:28,10653.9,0
2021-06-23 12:22:30,10654.0,0
2021-06-23 12:22:34,10655.75,0
2021-06-23 12:22:38,10655.5,0
2021-06-23 12:22:41,10655.75,0
2021-06-23 12:22:46,10655.05,0
2021-06-23 12:22:48,10655.65,0
2021-06-23 12:23:02,10656.4,0
2021-06-23 12:23:05,10655.15,0
2021-06-23 12:23:07,10655.55,0
2021-06-23 12:23:11,10655.2,0
2021-06-23 12:23:14,10655.5,0
2021-06-23 12:23:16,10655.85,0
2021-06-23 12:23:17,10655.75,0
2021-06-23 12:23:19,10656.95,0
2021-06-23 12:23:20,10657.1,0
2021-06-23 12:23:21,10656.75,0
2021-06-23 12:23:22,10656.45,0
2021-06-23 12:23:24,10656.85,0
2021-06-23 12:23:25,10656.75,0
2021-06-23 12:23:37,10657.3,0
2021-06-23 12:23:40,10656.7,0
2021-06-23 12:23:52,10656.4,0
2021-06-23 12:23:57,10656.65,0
2021-06-23 12:23:59,10657.1,0
2021-06-23 12:24:00,10657.5,0
2021-06-23 12:24:02,10657.8,0
2021-06-23 12:24:08,10656.7,0
2021-06-23 12:24:09,10656.25,0
2021-06-23 12:24:12,10655.7,0
2021-06-23 12:24:17,10656.65,0
2021-06-23 12:24:18,10656.8,0
2021-06-23 12:24:19,10656.65,0
2021-06-23 12:24:22,10655.7,0
2021-06-23 12:24:23,10656.2,0
2021-06-23 12:24:24,10656.55,0
2021-06-23 12:24:25,10657.55,0
2021-06-23 12:24:27,10657.5,0
2021-06-23 12:24:28,10657.4,0
2021-06-23 12:24:45,10656.85,0
2021-06-23 12:24:48,10656.55,0
2021-06-23 12:24:51,10656.05,0
2021-06-23 12:24:57,10656.6,0
2021-06-23 12:24:59,10655.85,0
2021-06-23 12:25:00,10655.8,0
2021-06-23 12:25:05,10656.8,0
2021-06-23 12:25:18,10655.35,0
2021-06-23 12:25:19,10655.6,0
2021-06-23 12:25:21,10655.35,0
2021-06-23 12:25:23,10654.4,0
2021-06-23 12:25:28,10655.2,0
2021-06-23 12:25:29,10655.35,0
2021-06-23 12:25:31,10655.4,0
2021-06-23 12:25:34,10655.4,0
2021-06-23 12:25:37,10655.25,0
2021-06-23 12:25:39,10655.35,0
2021-06-23 12:25:43,10654.9,0
2021-06-23 12:25:46,10656.0,0
2021-06-23 12:25:47,10655.55,0
2021-06-23 12:25:48,10655.55,0
2021-06-23 12:25:50,10655.3,0
2021-06-23 12:25:51,10655.7,0
2021-06-23 12:26:04,10652.95,0
2021-06-23 12:26:15,10653.05,0
2021-06-23 12:26:16,10652.75,0
2021-06-23 12:26:22,10652.4,0
2021-06-23 12:26:26,10651.55,0
2021-06-23 12:26:27,10650.9,0
2021-06-23 12:26:31,10651.05,0
2021-06-23 12:26:32,10651.05,0
2021-06-23 12:26:33,10651.0,0
2021-06-23 12:26:34,10651.25,0
2021-06-23 12:26:35,10648.9,0
2021-06-23 12:26:36,10649.05,0
2021-06-23 12:26:47,10647.4,0
2021-06-23 12:26:49,10647.2,0
2021-06-23 12:26:52,10646.9,0
2021-06-23 12:26:56,10647.05,0
2021-06-23 12:26:57,10647.2,0
2021-06-23 12:27:01,10647.75,0
2021-06-23 12:27:02,10648.0,0
2021-06-23 12:27:04,10647.75,0
2021-06-23 12:27:07,10648.45,0
2021-06-23 12:27:10,10647.75,0
2021-06-23 12:27:11,10647.8,0
2021-06-23 12:27:15,10648.3,0
2021-06-23 12:27:18,10648.75,0
2021-06-23 12:27:21,10649.05,0
2021-06-23 12:27:29,10649.65,0
2021-06-23 12:27:32,10650.15,0
2021-06-23 12:27:33,10648.65,0
2021-06-23 12:27:34,10649.15,0
2021-06-23 12:27:35,10648.55,0
2021-06-23 12:27:36,10649.65,0
2021-06-23 12:27:39,10649.1,0
2021-06-23 12:27:50,10649.25,0
2021-06-23 12:27:52,10648.15,0
2021-06-23 12:27:59,10647.35,0
2021-06-23 12:28:01,10647.65,0
2021-06-23 12:28:02,10646.8,0
2021-06-23 12:28:06,10648.25,0
2021-06-23 12:28:09,10648.3,0
2021-06-23 12:28:10,10648.55,0
2021-06-23 12:28:11,10649.6,0
2021-06-23 12:28:15,10648.7,0
2021-06-23 12:28:16,10648.7,0
2021-06-23 12:28:17,10648.6,0
2021-06-23 12:28:18,10649.2,0
2021-06-23 12:28:28,10648.15,0
2021-06-23 12:28:29,10648.45,0
2021-06-23 12:28:30,10649.2,0
2021-06-23 12:28:42,10648.8,0
2021-06-23 12:28:42,10648.8,0
2021-06-23 12:28:45,10648.85,0
2021-06-23 12:28:47,10649.0,0
2021-06-23 12:28:52,10649.3,0
2021-06-23 12:28:53,10649.3,0
2021-06-23 12:28:56,10649.45,0
2021-06-23 12:28:57,10650.1,0
2021-06-23 12:28:58,10650.0,0
2021-06-23 12:29:01,10649.85,0
2021-06-23 12:29:02,10650.0,0
2021-06-23 12:29:03,10650.3,0
2021-06-23 12:29:10,10650.8,0
2021-06-23 12:29:12,10650.4,0
2021-06-23 12:29:14,10649.55,0
2021-06-23 12:29:15,10649.5,0
2021-06-23 12:29:16,10649.8,0
2021-06-23 12:29:17,10650.85,0
2021-06-23 12:29:18,10650.5,0
2021-06-23 12:29:21,10650.05,0
2021-06-23 12:29:30,10651.1,0
2021-06-23 12:29:40,10652.25,0
2021-06-23 12:29:41,10652.5,0
2021-06-23 12:29:47,10652.95,0
2021-06-23 12:29:57,10653.0,0
2021-06-23 12:29:59,10652.1,0
2021-06-23 12:30:03,10651.25,0
2021-06-23 12:30:08,10651.4,0
2021-06-23 12:30:10,10651.55,0
2021-06-23 12:30:11,10651.35,0
2021-06-23 12:30:16,10650.25,0
2021-06-23 12:30:17,10650.15,0
2021-06-23 12:30:18,10650.15,0
2021-06-23 12:30:22,10650.35,0
2021-06-23 12:30:23,10650.4,0
2021-06-23 12:30:28,10652.1,0
2021-06-23 12:30:29,10653.05,0
2021-06-23 12:30:31,10652.3,0
2021-06-23 12:30:40,10650.85,0
2021-06-23 12:30:43,10651.7,0
2021-06-23 12:30:45,10652.0,0
2021-06-23 12:30:47,10652.25,0
2021-06-23 12:30:55,10651.3,0
2021-06-23 12:31:01,10650.45,0
2021-06-23 12:31:06,10649.15,0
2021-06-23 12:31:08,10648.25,0
2021-06-23 12:31:10,10648.75,0
2021-06-23 12:31:11,10649.0,0
2021-06-23 12:31:12,10648.25,0
2021-06-23 12:31:13,10648.2,0
2021-06-23 12:31:14,10648.2,0
2021-06-23 12:31:17,10648.45,0
2021-06-23 12:31:18,10647.85,0
2021-06-23 12:31:24,10647.55,0
2021-06-23 12:31:25,10647.4,0
2021-06-23 12:31:26,10647.85,0
2021-06-23 12:31:29,10647.35,0
2021-06-23 12:31:30,10647.8,0
2021-06-23 12:31:31,10647.8,0
2021-06-23 12:31:32,10648.2,0
2021-06-23 12:31:37,10646.9,0
2021-06-23 12:31:40,10647.65,0
2021-06-23 12:31:45,10647.8,0
2021-06-23 12:31:46,10648.1,0
2021-06-23 12:31:55,10648.5,0
2021-06-23 12:31:57,10648.65,0
2021-06-23 12:31:58,10648.1,0
2021-06-23 12:32:06,10648.2,0
2021-06-23 12:32:09,10648.45,0
2021-06-23 12:32:14,10647.85,0
2021-06-23 12:32:16,10648.15,0
2021-06-23 12:32:19,10647.65,0
2021-06-23 12:32:37,10647.05,0
2021-06-23 12:32:39,10647.2,0
2021-06-23 12:32:41,10648.55,0
2021-06-23 12:32:42,10649.0,0
2021-06-23 12:32:43,10648.65,0
2021-06-23 12:32:45,10648.0,0
2021-06-23 12:32:46,10647.35,0
2021-06-23 12:32:49,10647.15,0
2021-06-23 12:32:50,10647.4,0
2021-06-23 12:32:52,10648.9,0
2021-06-23 12:32:58,10647.3,0
2021-06-23 12:32:59,10647.7,0
2021-06-23 12:33:04,10647.45,0
2021-06-23 12:33:05,10647.8,0
2021-06-23 12:33:08,10648.05,0
2021-06-23 12:33:15,10647.4,0
2021-06-23 12:33:20,10648.25,0
2021-06-23 12:33:21,10648.85,0
2021-06-23 12:33:25,10648.6,0
2021-06-23 12:33:26,10648.35,0
2021-06-23 12:33:27,10648.95,0
2021-06-23 12:33:31,10648.8,0
2021-06-23 12:33:33,10649.7,0
2021-06-23 12:33:34,10650.3,0
2021-06-23 12:33:35,10650.6,0
2021-06-23 12:33:38,10651.35,0
2021-06-23 12:33:42,10649.25,0
2021-06-23 12:33:45,10651.3,0
2021-06-23 12:33:50,10649.15,0
2021-06-23 12:33:51,10649.15,0
2021-06-23 12:33:53,10647.4,0
2021-06-23 12:34:00,10649.25,0
2021-06-23 12:34:03,10648.85,0
2021-06-23 12:34:06,10648.65,0
2021-06-23 12:34:07,10647.95,0
2021-06-23 12:34:10,10648.05,0
2021-06-23 12:34:12,10649.05,0
2021-06-23 12:34:14,10649.0,0
2021-06-23 12:34:23,10647.4,0
2021-06-23 12:34:25,10647.9,0
2021-06-23 12:34:27,10649.1,0
2021-06-23 12:34:28,10648.5,0
2021-06-23 12:34:30,10648.55,0
2021-06-23 12:34:34,10649.1,0
2021-06-23 12:34:36,10649.0,0
2021-06-23 12:34:37,10648.85,0
2021-06-23 12:34:38,10648.65,0
2021-06-23 12:34:49,10648.85,0
2021-06-23 12:34:51,10648.7,0
2021-06-23 12:34:52,10648.3,0
2021-06-23 12:34:55,10648.35,0
2021-06-23 12:34:57,10647.3,0
2021-06-23 12:34:58,10647.55,0
2021-06-23 12:34:59,10647.45,0
2021-06-23 12:35:00,10648.0,0
2021-06-23 12:35:03,10647.15,0
2021-06-23 12:35:06,10647.7,0
2021-06-23 12:35:08,10647.6,0
2021-06-23 12:35:10,10647.5,0
2021-06-23 12:35:10,10647.5,0
2021-06-23 12:35:23,10648.15,0
2021-06-23 12:35:29,10649.05,0
2021-06-23 12:35:33,10648.45,0
2021-06-23 12:35:36,10648.2,0
2021-06-23 12:35:37,10647.8,0
2021-06-23 12:35:38,10648.35,0
2021-06-23 12:35:40,10647.5,0
2021-06-23 12:35:41,10648.15,0
2021-06-23 12:35:43,10647.5,0
2021-06-23 12:35:49,10647.35,0
2021-06-23 12:35:53,10646.25,0
2021-06-23 12:36:00,10645.75,0
2021-06-23 12:36:01,10645.65,0
2021-06-23 12:36:03,10645.3,0
2021-06-23 12:36:08,10646.15,0
2021-06-23 12:36:13,10646.4,0
2021-06-23 12:36:15,10646.45,0
2021-06-23 12:36:17,10646.55,0
2021-06-23 12:36:21,10645.4,0
2021-06-23 12:36:25,10646.35,0
2021-06-23 12:36:26,10646.55,0
2021-06-23 12:36:28,10646.05,0
2021-06-23 12:36:29,10645.4,0
2021-06-23 12:36:31,10645.85,0
2021-06-23 12:36:33,10645.75,0
2021-06-23 12:36:34,10645.6,0
2021-06-23 12:36:35,10645.8,0
2021-06-23 12:36:36,10645.1,0
2021-06-23 12:36:37,10644.95,0
2021-06-23 12:36:38,10646.3,0
2021-06-23 12:36:44,10645.7,0
2021-06-23 12:36:45,10646.5,0
2021-06-23 12:36:46,10646.25,0
2021-06-23 12:36:47,10645.75,0
2021-06-23 12:36:50,10646.8,0
2021-06-23 12:36:51,10646.1,0
2021-06-23 12:36:55,10646.8,0
2021-06-23 12:36:57,10646.4,0
2021-06-23 12:37:00,10646.7,0
2021-06-23 12:37:01,10646.85,0
2021-06-23 12:37:10,10646.45,0
2021-06-23 12:37:11,10646.5,0
2021-06-23 12:37:17,10646.85,0
2021-06-23 12:37:20,10647.7,0
2021-06-23 12:37:36,10648.4,0
2021-06-23 12:37:38,10648.45,0
2021-06-23 12:37:40,10648.4,0
2021-06-23 12:37:46,10646.8,0
2021-06-23 12:37:49,10647.95,0
2021-06-23 12:37:58,10647.35,0
2021-06-23 12:38:00,10647.9,0
2021-06-23 12:38:09,10648.4,0
2021-06-23 12:38:10,10648.45,0
2021-06-23 12:38:11,10648.35,0
2021-06-23 12:38:12,10648.5,0
2021-06-23 12:38:14,10648.4,0
2021-06-23 12:38:16,10648.45,0
2021-06-23 12:38:17,10648.45,0
2021-06-23 12:38:19,10649.3,0
2021-06-23 12:38:24,10650.05,0
2021-06-23 12:38:28,10650.0,0
2021-06-23 12:38:31,10649.3,0
2021-06-23 12:38:34,10649.95,0
2021-06-23 12:38:36,10650.0,0
2021-06-23 12:38:53,10649.6,0
2021-06-23 12:38:54,10649.65,0
2021-06-23 12:39:08,10649.4,0
2021-06-23 12:39:11,10649.2,0
2021-06-23 12:39:18,10651.0,0
2021-06-23 12:39:22,10650.85,0
2021-06-23 12:39:31,10650.2,0
2021-06-23 12:39:33,10650.25,0
2021-06-23 12:39:38,10650.4,0
2021-06-23 12:39:40,10650.0,0
2021-06-23 12:39:41,10649.55,0
2021-06-23 12:39:43,10649.7,0
2021-06-23 12:39:44,10649.45,0
2021-06-23 12:39:45,10649.75,0
2021-06-23 12:39:50,10649.9,0
2021-06-23 12:39:51,10649.15,0
2021-06-23 12:40:07,10649.45,0
2021-06-23 12:40:09,10649.45,0
2021-06-23 12:40:10,10649.25,0
2021-06-23 12:40:11,10649.45,0
2021-06-23 12:40:12,10649.4,0
2021-06-23 12:40:13,10649.8,0
2021-06-23 12:40:16,10649.25,0
2021-06-23 12:40:17,10649.25,0
2021-06-23 12:40:24,10648.45,0
2021-06-23 12:40:26,10647.4,0
2021-06-23 12:40:27,10647.6,0
2021-06-23 12:40:29,10647.35,0
2021-06-23 12:40:30,10648.1,0
2021-06-23 12:40:33,10648.05,0
2021-06-23 12:40:35,10647.3,0
2021-06-23 12:40:36,10647.55,0
2021-06-23 12:40:39,10646.9,0
2021-06-23 12:40:42,10645.65,0
2021-06-23 12:40:43,10645.4,0
2021-06-23 12:40:44,10645.25,0
2021-06-23 12:40:51,10644.2,0
2021-06-23 12:40:52,10644.25,0
2021-06-23 12:40:54,10644.5,0
2021-06-23 12:40:55,10644.3,0
2021-06-23 12:40:59,10645.45,0
2021-06-23 12:41:01,10645.9,0
2021-06-23 12:41:02,10646.0,0
2021-06-23 12:41:04,10646.3,0
2021-06-23 12:41:12,10646.1,0
2021-06-23 12:41:14,10646.15,0
2021-06-23 12:41:16,10645.95,0
2021-06-23 12:41:17,10645.95,0
2021-06-23 12:41:28,10646.0,0
2021-06-23 12:41:33,10646.2,0
2021-06-23 12:41:34,10645.7,0
2021-06-23 12:41:35,10645.15,0
2021-06-23 12:41:37,10645.35,0
2021-06-23 12:41:45,10644.95,0
2021-06-23 12:41:47,10645.35,0
2021-06-23 12:41:48,10645.25,0
2021-06-23 12:41:55,10645.85,0
2021-06-23 12:41:58,10645.05,0
2021-06-23 12:41:59,10644.85,0
2021-06-23 12:42:00,10645.45,0
2021-06-23 12:42:02,10645.35,0
2021-06-23 12:42:04,10645.9,0
2021-06-23 12:42:06,10645.3,0
2021-06-23 12:42:08,10645.95,0
2021-06-23 12:42:11,10646.5,0
2021-06-23 12:42:13,10645.85,0
2021-06-23 12:42:23,10646.25,0
2021-06-23 12:42:34,10646.5,0
2021-06-23 12:42:43,10645.3,0
2021-06-23 12:42:46,10645.3,0
2021-06-23 12:42:49,10644.15,0
2021-06-23 12:42:50,10645.25,0
2021-06-23 12:42:57,10643.9,0
2021-06-23 12:43:04,10644.55,0
