timestamp,ltp,volume
2021-06-23 09:16:41,1884.9,0
2021-06-23 09:16:45,1884.65,0
2021-06-23 09:16:48,1885.25,0
2021-06-23 09:16:53,1884.95,0
2021-06-23 09:16:58,1883.45,0
2021-06-23 09:17:03,1882.95,0
2021-06-23 09:17:06,1882.75,0
2021-06-23 09:17:16,1882.85,0
2021-06-23 09:17:18,1882.2,0
2021-06-23 09:17:19,1882.2,0
2021-06-23 09:17:21,1882.0,0
2021-06-23 09:17:28,1882.5,0
2021-06-23 09:17:35,1881.4,0
2021-06-23 09:17:38,1881.25,0
2021-06-23 09:17:40,1881.0,0
2021-06-23 09:17:49,1881.65,0
2021-06-23 09:18:01,1881.95,0
2021-06-23 09:18:02,1882.35,0
2021-06-23 09:18:12,1881.65,0
2021-06-23 09:18:14,1881.85,0
2021-06-23 09:18:17,1881.85,0
2021-06-23 09:18:20,1881.1,0
2021-06-23 09:18:24,1881.55,0
2021-06-23 09:18:36,1881.7,0
2021-06-23 09:18:39,1881.85,0
2021-06-23 09:18:40,1881.85,0
2021-06-23 09:18:41,1881.9,0
2021-06-23 09:18:45,1881.35,0
2021-06-23 09:18:54,1881.0,0
2021-06-23 09:19:04,1880.45,0
2021-06-23 09:19:06,1880.4,0
2021-06-23 09:19:11,1880.8,0
2021-06-23 09:19:22,1880.65,0
2021-06-23 09:19:24,1881.05,0
2021-06-23 09:19:29,1880.65,0
2021-06-23 09:19:30,1880.75,0
2021-06-23 09:19:33,1880.9,0
2021-06-23 09:19:40,1880.35,0
2021-06-23 09:19:52,1878.8,0
2021-06-23 09:19:59,1878.6,0
2021-06-23 09:20:01,1877.9,0
2021-06-23 09:20:05,1876.8,0
2021-06-23 09:20:22,1877.15,0
2021-06-23 09:20:23,1877.35,0
2021-06-23 09:20:29,1877.85,0
2021-06-23 09:20:30,1878.0,0
2021-06-23 09:20:31,1877.9,0
2021-06-23 09:20:38,1877.7,0
2021-06-23 09:20:40,1876.7,0
2021-06-23 09:20:42,1878.05,0
2021-06-23 09:20:57,1875.85,0
2021-06-23 09:20:59,1875.95,0
2021-06-23 09:21:10,1873.65,0
2021-06-23 09:21:13,1873.75,0
2021-06-23 09:21:14,1873.55,0
2021-06-23 09:21:15,1873.45,0
2021-06-23 09:21:16,1873.3,0
2021-06-23 09:21:18,1871.8,0
2021-06-23 09:21:19,1872.4,0
2021-06-23 09:21:23,1871.25,0
2021-06-23 09:21:24,1871.6,0
2021-06-23 09:21:25,1871.4,0
2021-06-23 09:21:27,1872.05,0
2021-06-23 09:21:30,1872.05,0
2021-06-23 09:21:36,1871.9,0
2021-06-23 09:21:39,1870.65,0
2021-06-23 09:21:40,1870.9,0
2021-06-23 09:21:41,1871.3,0
2021-06-23 09:21:48,1870.25,0
2021-06-23 09:21:50,1869.6,0
2021-06-23 09:21:52,1868.9,0
2021-06-23 09:21:53,1868.9,0
2021-06-23 09:21:54,1870.15,0
2021-06-23 09:21:56,1869.6,0
2021-06-23 09:21:58,1869.15,0
2021-06-23 09:22:02,1869.05,0
2021-06-23 09:22:04,1868.9,0
2021-06-23 09:22:07,1868.95,0
2021-06-23 09:22:08,1870.9,0
2021-06-23 09:22:15,1870.35,0
2021-06-23 09:22:22,1870.2,0
2021-06-23 09:22:27,1870.15,0
2021-06-23 09:22:28,1870.05,0
2021-06-23 09:22:37,1870.5,0
2021-06-23 09:22:40,1870.6,0
2021-06-23 09:22:50,1869.85,0
2021-06-23 09:22:58,1869.15,0
2021-06-23 09:23:04,1869.55,0
2021-06-23 09:23:14,1870.25,0
2021-06-23 09:23:15,1870.35,0
2021-06-23 09:23:26,1869.0,0
2021-06-23 09:23:30,1868.1,0
2021-06-23 09:23:40,1867.35,0
2021-06-23 09:23:45,1867.2,0
2021-06-23 09:23:48,1866.0,0
2021-06-23 09:23:54,1866.4,0
2021-06-23 09:23:57,1866.95,0
2021-06-23 09:24:03,1866.05,0
2021-06-23 09:24:09,1866.6,0
2021-06-23 09:24:15,1866.5,0
2021-06-23 09:24:18,1866.5,0
2021-06-23 09:24:23,1867.6,0
2021-06-23 09:24:24,1867.1,0
2021-06-23 09:24:51,1871.15,0
2021-06-23 09:24:54,1870.5,0
2021-06-23 09:24:56,1870.65,0
2021-06-23 09:25:03,1870.75,0
2021-06-23 09:25:11,1871.4,0
2021-06-23 09:25:13,1871.85,0
2021-06-23 09:25:16,1871.05,0
2021-06-23 09:25:39,1874.8,0
2021-06-23 09:25:40,1875.0,0
2021-06-23 09:25:43,1875.15,0
2021-06-23 09:25:45,1875.7,0
2021-06-23 09:25:47,1875.85,0
2021-06-23 09:26:00,1876.7,0
2021-06-23 09:26:04,1876.2,0
2021-06-23 09:26:05,1876.3,0
2021-06-23 09:26:06,1876.0,0
2021-06-23 09:26:09,1876.7,0
2021-06-23 09:26:12,1876.25,0
2021-06-23 09:26:24,1877.15,0
2021-06-23 09:26:27,1877.25,0
2021-06-23 09:26:31,1877.45,0
2021-06-23 09:26:32,1877.05,0
2021-06-23 09:26:41,1877.05,0
2021-06-23 09:26:55,1877.7,0
2021-06-23 09:26:57,1878.05,0
2021-06-23 09:27:01,1877.65,0
2021-06-23 09:27:02,1878.1,0
2021-06-23 09:27:18,1877.6,0
2021-06-23 09:27:19,1877.7,0
2021-06-23 09:27:24,1877.15,0
2021-06-23 09:27:25,1877.65,0
2021-06-23 09:27:32,1877.8,0
2021-06-23 09:27:35,1877.6,0
2021-06-23 09:27:47,1877.3,0
2021-06-23 09:27:48,1877.3,0
2021-06-23 09:28:04,1876.95,0
2021-06-23 09:28:07,1876.15,0
2021-06-23 09:28:10,1876.05,0
2021-06-23 09:28:11,1877.1,0
2021-06-23 09:28:12,1876.5,0
2021-06-23 09:28:16,1876.85,0
2021-06-23 09:28:17,1876.35,0
2021-06-23 09:28:20,1876.5,0
2021-06-23 09:28:24,1876.25,0
2021-06-23 09:28:28,1876.65,0
2021-06-23 09:28:30,1876.9,0
2021-06-23 09:28:37,1876.45,0
2021-06-23 09:28:39,1876.65,0
2021-06-23 09:28:40,1876.85,0
2021-06-23 09:28:42,1876.75,0
2021-06-23 09:28:46,1876.4,0
2021-06-23 09:28:51,1876.3,0
2021-06-23 09:28:52,1876.3,0
2021-06-23 09:28:54,1874.5,0
2021-06-23 09:28:59,1875.3,0
2021-06-23 09:29:03,1876.45,0
2021-06-23 09:29:10,1876.35,0
2021-06-23 09:29:13,1876.5,0
2021-06-23 09:29:16,1876.35,0
2021-06-23 09:29:26,1875.4,0
2021-06-23 09:29:27,1875.5,0
2021-06-23 09:29:39,1874.3,0
2021-06-23 09:29:50,1873.55,0
2021-06-23 09:29:52,1873.55,0
2021-06-23 09:29:55,1873.75,0
2021-06-23 09:29:57,1873.7,0
2021-06-23 09:29:59,1873.3,0
2021-06-23 09:30:02,1873.5,0
2021-06-23 09:30:04,1873.15,0
2021-06-23 09:30:08,1872.9,0
2021-06-23 09:30:09,1872.5,0
2021-06-23 09:30:14,1873.0,0
2021-06-23 09:30:18,1872.7,0
2021-06-23 09:30:20,1873.25,0
2021-06-23 09:30:21,1873.25,0
2021-06-23 09:30:28,1871.9,0
2021-06-23 09:30:39,1871.6,0
2021-06-23 09:30:40,1871.35,0
2021-06-23 09:30:47,1871.2,0
2021-06-23 09:30:48,1871.15,0
2021-06-23 09:30:50,1871.05,0
2021-06-23 09:30:52,1871.15,0
2021-06-23 09:30:58,1870.95,0
2021-06-23 09:31:02,1870.5,0
2021-06-23 09:31:03,1869.0,0
2021-06-23 09:31:14,1869.3,0
2021-06-23 09:31:16,1868.15,0
2021-06-23 09:31:17,1868.65,0
2021-06-23 09:31:21,1869.0,0
2021-06-23 09:31:24,1868.9,0
2021-06-23 09:31:31,1870.1,0
2021-06-23 09:31:33,1869.95,0
2021-06-23 09:31:43,1869.1,0
2021-06-23 09:31:46,1869.8,0
2021-06-23 09:31:51,1869.7,0
2021-06-23 09:31:53,1869.6,0
2021-06-23 09:31:59,1869.7,0
2021-06-23 09:32:01,1869.5,0
2021-06-23 09:32:05,1870.05,0
2021-06-23 09:32:07,1870.15,0
2021-06-23 09:32:08,1869.6,0
2021-06-23 09:32:10,1869.15,0
2021-06-23 09:32:16,1869.8,0
2021-06-23 09:32:27,1870.7,0
2021-06-23 09:32:28,1871.1,0
2021-06-23 09:32:31,1870.7,0
2021-06-23 09:32:34,1870.75,0
2021-06-23 09:32:37,1871.95,0
2021-06-23 09:32:39,1872.35,0
2021-06-23 09:32:42,1871.6,0
2021-06-23 09:32:43,1872.25,0
2021-06-23 09:32:50,1872.45,0
2021-06-23 09:32:55,1871.4,0
2021-06-23 09:33:01,1870.9,0
2021-06-23 09:33:07,1871.8,0
2021-06-23 09:33:12,1871.3,0
2021-06-23 09:33:28,1872.2,0
2021-06-23 09:33:30,1872.1,0
2021-06-23 09:33:31,1872.2,0
2021-06-23 09:33:33,1871.7,0
2021-06-23 09:33:43,1872.0,0
2021-06-23 09:33:46,1871.95,0
2021-06-23 09:33:47,1871.95,0
2021-06-23 09:33:48,1871.9,0
2021-06-23 09:33:50,1871.65,0
2021-06-23 09:33:54,1870.65,0
2021-06-23 09:33:56,1871.3,0
2021-06-23 09:33:59,1871.1,0
2021-06-23 09:34:10,1870.6,0
2021-06-23 09:34:12,1870.4,0
2021-06-23 09:34:15,1869.65,0
2021-06-23 09:34:20,1870.05,0
2021-06-23 09:34:23,1870.5,0
2021-06-23 09:34:24,1870.5,0
2021-06-23 09:34:34,1870.35,0
2021-06-23 09:34:36,1869.8,0
2021-06-23 09:34:38,1869.65,0
2021-06-23 09:34:41,1869.5,0
2021-06-23 09:34:55,1869.45,0
2021-06-23 09:35:00,1867.85,0
2021-06-23 09:35:01,1868.45,0
2021-06-23 09:35:04,1868.65,0
2021-06-23 09:35:09,1867.85,0
2021-06-23 09:35:11,1868.15,0
2021-06-23 09:35:12,1867.9,0
2021-06-23 09:35:13,1867.5,0
2021-06-23 09:35:16,1868.55,0
2021-06-23 09:35:26,1868.4,0
2021-06-23 09:35:27,1868.95,0
2021-06-23 09:35:37,1869.25,0
2021-06-23 09:35:39,1869.55,0
2021-06-23 09:35:47,1870.7,0
2021-06-23 09:35:50,1870.8,0
2021-06-23 09:35:54,1869.75,0
2021-06-23 09:36:18,1870.85,0
2021-06-23 09:36:20,1870.65,0
2021-06-23 09:36:23,1870.6,0
2021-06-23 09:36:26,1870.6,0
2021-06-23 09:36:31,1870.5,0
2021-06-23 09:36:32,1870.7,0
2021-06-23 09:36:36,1870.6,0
2021-06-23 09:36:39,1870.55,0
2021-06-23 09:36:40,1870.55,0
2021-06-23 09:36:44,1870.15,0
2021-06-23 09:36:50,1871.75,0
2021-06-23 09:36:51,1871.75,0
2021-06-23 09:36:52,1871.5,0
2021-06-23 09:36:55,1872.05,0
2021-06-23 09:37:01,1871.1,0
2021-06-23 09:37:05,1872.0,0
2021-06-23 09:37:08,1872.4,0
2021-06-23 09:37:14,1872.4,0
2021-06-23 09:37:17,1872.2,0
2021-06-23 09:37:24,1873.1,0
2021-06-23 09:37:26,1872.7,0
2021-06-23 09:37:27,1872.8,0
2021-06-23 09:37:32,1872.65,0
2021-06-23 09:37:37,1872.2,0
2021-06-23 09:37:38,1872.2,0
2021-06-23 09:37:41,1872.6,0
2021-06-23 09:37:47,1871.25,0
2021-06-23 09:37:49,1870.95,0
2021-06-23 09:37:57,1871.6,0
2021-06-23 09:38:00,1872.25,0
2021-06-23 09:38:01,1872.25,0
2021-06-23 09:38:03,1871.9,0
2021-06-23 09:38:05,1872.55,0
2021-06-23 09:38:06,1872.1,0
2021-06-23 09:38:09,1872.6,0
2021-06-23 09:38:16,1873.25,0
2021-06-23 09:38:19,1873.15,0
2021-06-23 09:38:26,1872.6,0
2021-06-23 09:38:35,1872.2,0
2021-06-23 09:38:49,1871.2,0
2021-06-23 09:38:50,1871.2,0
2021-06-23 09:38:55,1871.15,0
2021-06-23 09:38:56,1871.15,0
2021-06-23 09:39:04,1871.35,0
2021-06-23 09:39:07,1871.35,0
2021-06-23 09:39:14,1870.95,0
2021-06-23 09:39:15,1871.05,0
2021-06-23 09:39:22,1871.65,0
2021-06-23 09:39:26,1871.35,0
2021-06-23 09:39:33,1871.95,0
2021-06-23 09:39:35,1871.8,0
2021-06-23 09:39:39,1872.1,0
2021-06-23 09:39:41,1872.7,0
2021-06-23 09:39:45,1872.0,0
2021-06-23 09:39:52,1872.5,0
2021-06-23 09:39:59,1872.35,0
2021-06-23 09:40:02,1872.2,0
2021-06-23 09:40:15,1871.85,0
2021-06-23 09:40:26,1870.65,0
2021-06-23 09:40:27,1870.55,0
2021-06-23 09:40:29,1870.95,0
2021-06-23 09:40:30,1870.85,0
2021-06-23 09:40:31,1870.7,0
2021-06-23 09:40:33,1870.3,0
2021-06-23 09:40:35,1869.65,0
2021-06-23 09:40:42,1870.9,0
2021-06-23 09:40:47,1870.6,0
2021-06-23 09:40:49,1870.8,0
2021-06-23 09:40:50,1870.35,0
2021-06-23 09:40:53,1870.9,0
2021-06-23 09:40:57,1870.4,0
2021-06-23 09:40:58,1870.95,0
2021-06-23 09:41:02,1870.4,0
2021-06-23 09:41:03,1870.1,0
2021-06-23 09:41:07,1870.0,0
2021-06-23 09:41:15,1869.95,0
2021-06-23 09:41:18,1870.25,0
2021-06-23 09:41:20,1870.3,0
2021-06-23 09:41:32,1869.95,0
2021-06-23 09:41:34,1869.7,0
2021-06-23 09:41:37,1869.9,0
2021-06-23 09:41:38,1869.75,0
2021-06-23 09:41:39,1870.2,0
2021-06-23 09:41:45,1870.8,0
2021-06-23 09:41:47,1870.75,0
2021-06-23 09:41:53,1870.35,0
2021-06-23 09:41:57,1870.45,0
2021-06-23 09:42:01,1871.15,0
2021-06-23 09:42:02,1870.9,0
2021-06-23 09:42:08,1870.65,0
2021-06-23 09:42:10,1870.55,0
2021-06-23 09:42:16,1870.55,0
2021-06-23 09:42:21,1870.65,0
2021-06-23 09:42:25,1870.8,0
2021-06-23 09:42:29,1870.25,0
2021-06-23 09:42:32,1870.3,0
2021-06-23 09:42:49,1870.2,0
2021-06-23 09:42:53,1870.7,0
2021-06-23 09:42:55,1870.45,0
2021-06-23 09:42:59,1870.25,0
2021-06-23 09:43:01,1870.45,0
2021-06-23 09:43:06,1869.6,0
2021-06-23 09:43:13,1869.75,0
2021-06-23 09:43:17,1870.0,0
2021-06-23 09:43:22,1870.05,0
2021-06-23 09:43:23,1869.95,0
2021-06-23 09:43:24,1869.75,0
2021-06-23 09:43:29,1870.2,0
2021-06-23 09:43:30,1870.2,0
2021-06-23 09:43:45,1870.5,0
2021-06-23 09:43:46,1870.75,0
2021-06-23 09:43:47,1870.6,0
2021-06-23 09:43:56,1871.4,0
2021-06-23 09:44:00,1870.5,0
2021-06-23 09:44:04,1870.95,0
2021-06-23 09:44:13,1870.65,0
2021-06-23 09:44:15,1870.2,0
2021-06-23 09:44:17,1870.8,0
2021-06-23 09:44:20,1870.55,0
2021-06-23 09:44:25,1870.3,0
2021-06-23 09:44:28,1870.0,0
2021-06-23 09:44:30,1870.2,0
2021-06-23 09:44:33,1870.65,0
2021-06-23 09:44:35,1870.75,0
2021-06-23 09:44:37,1870.55,0
2021-06-23 09:44:43,1870.3,0
2021-06-23 09:44:44,1869.9,0
2021-06-23 09:44:45,1870.05,0
2021-06-23 09:44:50,1871.3,0
2021-06-23 09:44:55,1870.75,0
2021-06-23 09:44:57,1870.8,0
2021-06-23 09:44:59,1870.15,0
2021-06-23 09:45:01,1870.45,0
2021-06-23 09:45:02,1870.5,0
2021-06-23 09:45:07,1869.4,0
2021-06-23 09:45:12,1868.55,0
2021-06-23 09:45:17,1866.9,0
2021-06-23 09:45:29,1868.15,0
2021-06-23 09:45:31,1868.2,0
2021-06-23 09:45:32,1868.4,0
2021-06-23 09:45:35,1868.35,0
2021-06-23 09:45:36,1868.5,0
2021-06-23 09:45:44,1868.3,0
2021-06-23 09:45:46,1868.35,0
2021-06-23 09:45:48,1867.4,0
2021-06-23 09:45:52,1868.5,0
2021-06-23 09:45:54,1868.65,0
2021-06-23 09:46:04,1868.0,0
2021-06-23 09:46:07,1867.95,0
2021-06-23 09:46:16,1867.45,0
2021-06-23 09:46:25,1867.7,0
2021-06-23 09:46:33,1867.2,0
2021-06-23 09:46:43,1866.6,0
2021-06-23 09:46:48,1867.0,0
2021-06-23 09:46:49,1867.45,0
2021-06-23 09:46:52,1866.9,0
2021-06-23 09:46:53,1866.8,0
2021-06-23 09:46:54,1866.8,0
2021-06-23 09:46:56,1867.55,0
2021-06-23 09:47:00,1867.55,0
2021-06-23 09:47:04,1867.25,0
2021-06-23 09:47:09,1867.7,0
2021-06-23 09:47:12,1867.6,0
2021-06-23 09:47:13,1867.85,0
2021-06-23 09:47:14,1868.05,0
2021-06-23 09:47:27,1867.85,0
2021-06-23 09:47:29,1868.0,0
2021-06-23 09:47:33,1867.65,0
2021-06-23 09:47:37,1868.25,0
2021-06-23 09:47:39,1867.8,0
2021-06-23 09:47:41,1867.9,0
2021-06-23 09:47:44,1866.9,0
2021-06-23 09:47:49,1867.55,0
2021-06-23 09:47:50,1867.3,0
2021-06-23 09:47:53,1867.05,0
2021-06-23 09:48:02,1867.1,0
2021-06-23 09:48:09,1867.05,0
2021-06-23 09:48:16,1867.35,0
2021-06-23 09:48:17,1867.4,0
2021-06-23 09:48:19,1867.95,0
2021-06-23 09:48:48,1868.45,0
2021-06-23 09:48:52,1868.1,0
2021-06-23 09:49:03,1868.15,0
2021-06-23 09:49:09,1868.0,0
2021-06-23 09:49:13,1868.2,0
2021-06-23 09:49:14,1868.3,0
2021-06-23 09:49:15,1868.4,0
2021-06-23 09:49:18,1868.6,0
2021-06-23 09:49:19,1868.6,0
2021-06-23 09:49:30,1868.45,0
2021-06-23 09:49:31,1868.8,0
2021-06-23 09:49:32,1869.1,0
2021-06-23 09:49:36,1868.4,0
2021-06-23 09:49:44,1868.4,0
2021-06-23 09:49:47,1868.5,0
2021-06-23 09:49:55,1869.75,0
2021-06-23 09:49:57,1869.35,0
2021-06-23 09:50:00,1869.45,0
2021-06-23 09:50:05,1869.1,0
2021-06-23 09:50:12,1868.85,0
2021-06-23 09:50:15,1869.75,0
2021-06-23 09:50:16,1869.8,0
2021-06-23 09:50:21,1869.45,0
2021-06-23 09:50:22,1869.5,0
2021-06-23 09:50:27,1869.75,0
2021-06-23 09:50:30,1869.8,0
2021-06-23 09:50:33,1869.2,0
2021-06-23 09:50:37,1869.2,0
2021-06-23 09:50:41,1868.9,0
2021-06-23 09:50:46,1869.45,0
2021-06-23 09:51:02,1868.8,0
2021-06-23 09:51:04,1868.9,0
2021-06-23 09:51:05,1868.55,0
2021-06-23 09:51:06,1868.8,0
2021-06-23 09:51:11,1869.35,0
2021-06-23 09:51:18,1869.05,0
2021-06-23 09:51:23,1869.0,0
2021-06-23 09:51:28,1868.1,0
2021-06-23 09:51:30,1868.1,0
2021-06-23 09:51:31,1868.75,0
2021-06-23 09:51:32,1869.2,0
2021-06-23 09:51:34,1869.2,0
2021-06-23 09:51:35,1868.9,0
2021-06-23 09:51:36,1868.8,0
2021-06-23 09:51:39,1868.8,0
2021-06-23 09:51:42,1868.75,0
2021-06-23 09:51:46,1869.25,0
2021-06-23 09:51:48,1869.15,0
2021-06-23 09:51:51,1869.05,0
2021-06-23 09:51:56,1868.55,0
2021-06-23 09:51:57,1868.95,0
2021-06-23 09:51:59,1868.25,0
2021-06-23 09:52:07,1868.05,0
2021-06-23 09:52:20,1868.2,0
2021-06-23 09:52:26,1868.1,0
2021-06-23 09:52:29,1867.75,0
2021-06-23 09:52:33,1868.1,0
2021-06-23 09:52:34,1867.95,0
2021-06-23 09:52:41,1868.05,0
2021-06-23 09:52:43,1867.9,0
2021-06-23 09:52:57,1868.55,0
2021-06-23 09:52:59,1868.25,0
2021-06-23 09:53:04,1868.25,0
2021-06-23 09:53:06,1868.15,0
2021-06-23 09:53:09,1869.0,0
2021-06-23 09:53:14,1868.65,0
2021-06-23 09:53:21,1868.65,0
2021-06-23 09:53:36,1868.4,0
2021-06-23 09:53:37,1868.0,0
2021-06-23 09:53:38,1868.25,0
2021-06-23 09:53:41,1867.55,0
2021-06-23 09:53:50,1867.95,0
2021-06-23 09:53:51,1867.9,0
2021-06-23 09:54:00,1867.55,0
2021-06-23 09:54:01,1868.3,0
2021-06-23 09:54:06,1868.85,0
2021-06-23 09:54:11,1868.2,0
2021-06-23 09:54:13,1868.15,0
2021-06-23 09:54:27,1867.4,0
2021-06-23 09:54:28,1867.4,0
2021-06-23 09:54:31,1867.15,0
2021-06-23 09:54:32,1867.75,0
2021-06-23 09:54:33,1867.7,0
2021-06-23 09:54:39,1866.75,0
2021-06-23 09:54:43,1867.15,0
2021-06-23 09:54:46,1867.1,0
2021-06-23 09:54:53,1866.85,0
2021-06-23 09:54:55,1867.05,0
2021-06-23 09:55:01,1867.4,0
2021-06-23 09:55:02,1867.2,0
2021-06-23 09:55:03,1866.95,0
2021-06-23 09:55:04,1866.75,0
2021-06-23 09:55:05,1866.35,0
2021-06-23 09:55:07,1866.55,0
2021-06-23 09:55:23,1865.6,0
2021-06-23 09:55:39,1865.7,0
2021-06-23 09:55:40,1865.85,0
2021-06-23 09:55:52,1865.95,0
2021-06-23 09:55:59,1865.8,0
2021-06-23 09:56:05,1865.45,0
2021-06-23 09:56:07,1865.75,0
2021-06-23 09:56:08,1865.9,0
2021-06-23 09:56:11,1866.05,0
2021-06-23 09:56:13,1865.55,0
2021-06-23 09:56:17,1865.85,0
2021-06-23 09:56:19,1865.95,0
2021-06-23 09:56:20,1866.25,0
2021-06-23 09:56:21,1866.0,0
2021-06-23 09:56:23,1865.75,0
2021-06-23 09:56:26,1865.95,0
2021-06-23 09:56:31,1865.85,0
2021-06-23 09:56:33,1865.7,0
2021-06-23 09:56:35,1865.45,0
2021-06-23 09:56:36,1865.25,0
2021-06-23 09:56:39,1865.5,0
2021-06-23 09:56:44,1865.7,0
2021-06-23 09:56:45,1865.55,0
2021-06-23 09:56:47,1866.05,0
2021-06-23 09:56:57,1866.1,0
2021-06-23 09:56:58,1866.1,0
2021-06-23 09:57:08,1866.6,0
2021-06-23 09:57:13,1866.75,0
2021-06-23 09:57:16,1866.75,0
2021-06-23 09:57:24,1866.55,0
2021-06-23 09:57:26,1866.65,0
2021-06-23 09:57:28,1866.0,0
2021-06-23 09:57:31,1866.15,0
2021-06-23 09:57:34,1865.95,0
2021-06-23 09:57:41,1865.65,0
2021-06-23 09:57:42,1865.35,0
2021-06-23 09:57:44,1865.8,0
2021-06-23 09:57:45,1865.45,0
2021-06-23 09:57:50,1865.5,0
2021-06-23 09:57:52,1865.45,0
2021-06-23 09:57:55,1865.45,0
2021-06-23 09:58:03,1865.45,0
2021-06-23 09:58:06,1864.95,0
2021-06-23 09:58:07,1864.95,0
2021-06-23 09:58:11,1865.1,0
2021-06-23 09:58:14,1865.3,0
2021-06-23 09:58:17,1865.4,0
2021-06-23 09:58:19,1865.3,0
2021-06-23 09:58:20,1865.3,0
2021-06-23 09:58:23,1865.5,0
2021-06-23 09:58:32,1865.65,0
2021-06-23 09:58:38,1865.4,0
2021-06-23 09:58:51,1866.15,0
2021-06-23 09:58:54,1865.9,0
2021-06-23 09:59:02,1866.45,0
2021-06-23 09:59:03,1866.45,0
2021-06-23 09:59:04,1866.15,0
2021-06-23 09:59:12,1866.3,0
2021-06-23 09:59:13,1866.3,0
2021-06-23 09:59:16,1866.1,0
2021-06-23 09:59:18,1866.1,0
2021-06-23 09:59:19,1866.05,0
2021-06-23 09:59:21,1865.65,0
2021-06-23 09:59:25,1866.1,0
2021-06-23 09:59:27,1866.1,0
2021-06-23 09:59:34,1865.7,0
2021-06-23 09:59:36,1865.9,0
2021-06-23 09:59:37,1865.95,0
2021-06-23 09:59:39,1866.4,0
2021-06-23 09:59:45,1866.7,0
2021-06-23 09:59:56,1866.6,0
2021-06-23 09:59:57,1866.6,0
2021-06-23 10:00:01,1866.65,0
2021-06-23 10:00:04,1866.15,0
2021-06-23 10:00:14,1866.65,0
2021-06-23 10:00:18,1866.4,0
2021-06-23 10:00:20,1866.75,0
2021-06-23 10:00:25,1866.2,0
2021-06-23 10:00:30,1866.45,0
2021-06-23 10:00:31,1866.6,0
2021-06-23 10:00:34,1867.0,0
2021-06-23 10:00:36,1866.7,0
2021-06-23 10:00:46,1868.65,0
2021-06-23 10:00:50,1868.7,0
2021-06-23 10:00:52,1868.7,0
2021-06-23 10:01:03,1868.95,0
2021-06-23 10:01:08,1868.65,0
2021-06-23 10:01:10,1868.45,0
2021-06-23 10:01:12,1868.4,0
2021-06-23 10:01:17,1868.7,0
2021-06-23 10:01:18,1869.05,0
2021-06-23 10:01:25,1868.6,0
2021-06-23 10:01:28,1868.75,0
2021-06-23 10:01:30,1867.95,0
2021-06-23 10:01:33,1868.7,0
2021-06-23 10:01:39,1867.55,0
2021-06-23 10:01:44,1867.05,0
2021-06-23 10:01:48,1867.55,0
2021-06-23 10:01:50,1867.55,0
2021-06-23 10:01:57,1867.5,0
2021-06-23 10:01:58,1867.5,0
2021-06-23 10:02:01,1867.15,0
2021-06-23 10:02:05,1867.05,0
2021-06-23 10:02:08,1867.3,0
2021-06-23 10:02:09,1867.5,0
2021-06-23 10:02:10,1867.35,0
2021-06-23 10:02:13,1867.75,0
2021-06-23 10:02:18,1867.15,0
2021-06-23 10:02:27,1868.1,0
2021-06-23 10:02:43,1867.5,0
2021-06-23 10:03:06,1867.15,0
2021-06-23 10:03:10,1867.9,0
2021-06-23 10:03:11,1867.85,0
2021-06-23 10:03:13,1868.4,0
2021-06-23 10:03:14,1868.4,0
2021-06-23 10:03:17,1867.6,0
2021-06-23 10:03:20,1868.05,0
2021-06-23 10:03:27,1867.8,0
2021-06-23 10:03:29,1867.9,0
2021-06-23 10:03:31,1867.75,0
2021-06-23 10:03:32,1867.35,0
2021-06-23 10:03:33,1867.45,0
2021-06-23 10:03:35,1867.35,0
2021-06-23 10:03:42,1867.2,0
2021-06-23 10:03:44,1867.25,0
2021-06-23 10:03:45,1867.6,0
2021-06-23 10:03:48,1867.4,0
2021-06-23 10:04:03,1867.75,0
2021-06-23 10:04:08,1867.25,0
2021-06-23 10:04:12,1866.7,0
2021-06-23 10:04:20,1867.05,0
2021-06-23 10:04:22,1866.75,0
2021-06-23 10:04:36,1866.15,0
2021-06-23 10:04:38,1866.65,0
2021-06-23 10:04:41,1866.05,0
2021-06-23 10:04:48,1866.55,0
2021-06-23 10:04:49,1866.25,0
2021-06-23 10:04:51,1866.2,0
2021-06-23 10:04:59,1866.25,0
2021-06-23 10:05:00,1866.15,0
2021-06-23 10:05:01,1866.0,0
2021-06-23 10:05:02,1865.8,0
2021-06-23 10:05:03,1865.7,0
2021-06-23 10:05:07,1865.35,0
2021-06-23 10:05:11,1866.05,0
2021-06-23 10:05:16,1866.05,0
2021-06-23 10:05:17,1866.25,0
2021-06-23 10:05:20,1866.3,0
2021-06-23 10:05:31,1866.0,0
2021-06-23 10:05:45,1866.0,0
2021-06-23 10:05:50,1865.8,0
2021-06-23 10:05:55,1865.85,0
2021-06-23 10:05:56,1865.75,0
2021-06-23 10:05:58,1866.2,0
2021-06-23 10:06:04,1865.05,0
2021-06-23 10:06:11,1865.45,0
2021-06-23 10:06:19,1865.4,0
2021-06-23 10:06:21,1865.45,0
2021-06-23 10:06:22,1865.45,0
2021-06-23 10:06:25,1865.1,0
2021-06-23 10:06:26,1865.1,0
2021-06-23 10:06:28,1864.95,0
2021-06-23 10:06:37,1865.25,0
2021-06-23 10:06:39,1865.25,0
2021-06-23 10:06:42,1865.65,0
2021-06-23 10:06:46,1866.0,0
2021-06-23 10:06:49,1866.0,0
2021-06-23 10:06:51,1865.95,0
2021-06-23 10:06:57,1865.0,0
2021-06-23 10:07:10,1865.15,0
2021-06-23 10:07:12,1865.15,0
2021-06-23 10:07:14,1865.5,0
2021-06-23 10:07:16,1864.85,0
2021-06-23 10:07:27,1865.25,0
2021-06-23 10:07:34,1864.5,0
2021-06-23 10:07:41,1863.95,0
2021-06-23 10:07:48,1863.75,0
2021-06-23 10:07:51,1863.05,0
2021-06-23 10:07:53,1862.7,0
2021-06-23 10:07:55,1862.5,0
2021-06-23 10:07:57,1862.25,0
2021-06-23 10:08:00,1862.5,0
2021-06-23 10:08:03,1862.6,0
2021-06-23 10:08:04,1862.95,0
2021-06-23 10:08:11,1863.0,0
2021-06-23 10:08:16,1862.75,0
2021-06-23 10:08:21,1863.0,0
2021-06-23 10:08:22,1863.0,0
2021-06-23 10:08:23,1863.0,0
2021-06-23 10:08:24,1862.65,0
2021-06-23 10:08:27,1862.0,0
2021-06-23 10:08:29,1861.8,0
2021-06-23 10:08:32,1861.5,0
2021-06-23 10:08:34,1861.7,0
2021-06-23 10:08:39,1862.45,0
2021-06-23 10:08:42,1862.05,0
2021-06-23 10:08:45,1862.4,0
2021-06-23 10:08:48,1862.4,0
2021-06-23 10:08:51,1862.25,0
2021-06-23 10:08:53,1862.1,0
2021-06-23 10:09:02,1862.55,0
2021-06-23 10:09:13,1862.15,0
2021-06-23 10:09:14,1862.2,0
2021-06-23 10:09:16,1862.65,0
2021-06-23 10:09:19,1862.5,0
2021-06-23 10:09:22,1861.95,0
2021-06-23 10:09:25,1861.85,0
2021-06-23 10:09:27,1862.45,0
2021-06-23 10:09:28,1862.45,0
2021-06-23 10:09:29,1862.3,0
2021-06-23 10:09:30,1862.4,0
2021-06-23 10:09:37,1861.8,0
2021-06-23 10:09:42,1861.95,0
2021-06-23 10:09:52,1862.5,0
2021-06-23 10:09:54,1862.05,0
2021-06-23 10:09:55,1862.05,0
2021-06-23 10:09:58,1861.9,0
2021-06-23 10:10:02,1862.75,0
2021-06-23 10:10:03,1862.95,0
2021-06-23 10:10:05,1862.3,0
2021-06-23 10:10:06,1862.3,0
2021-06-23 10:10:10,1862.2,0
2021-06-23 10:10:11,1862.1,0
2021-06-23 10:10:21,1862.8,0
2021-06-23 10:10:22,1862.45,0
2021-06-23 10:10:24,1861.6,0
2021-06-23 10:10:25,1862.1,0
2021-06-23 10:10:32,1863.15,0
2021-06-23 10:10:33,1863.15,0
2021-06-23 10:10:42,1862.85,0
2021-06-23 10:10:52,1862.75,0
2021-06-23 10:10:54,1862.05,0
2021-06-23 10:11:00,1862.25,0
2021-06-23 10:11:02,1861.4,0
2021-06-23 10:11:08,1861.9,0
2021-06-23 10:11:14,1861.25,0
2021-06-23 10:11:36,1860.3,0
2021-06-23 10:11:37,1860.45,0
2021-06-23 10:11:40,1860.6,0
2021-06-23 10:11:58,1860.4,0
2021-06-23 10:12:00,1860.05,0
2021-06-23 10:12:04,1860.7,0
2021-06-23 10:12:07,1860.45,0
2021-06-23 10:12:08,1860.65,0
2021-06-23 10:12:11,1860.05,0
2021-06-23 10:12:15,1859.3,0
2021-06-23 10:12:20,1859.15,0
2021-06-23 10:12:24,1859.45,0
2021-06-23 10:12:32,1858.45,0
2021-06-23 10:12:42,1857.95,0
2021-06-23 10:12:53,1858.15,0
2021-06-23 10:12:54,1858.15,0
2021-06-23 10:13:05,1858.1,0
2021-06-23 10:13:06,1858.0,0
2021-06-23 10:13:08,1858.05,0
2021-06-23 10:13:11,1857.9,0
2021-06-23 10:13:12,1857.6,0
2021-06-23 10:13:26,1856.75,0
2021-06-23 10:13:29,1857.2,0
2021-06-23 10:13:43,1857.0,0
2021-06-23 10:13:44,1857.2,0
2021-06-23 10:13:48,1856.9,0
2021-06-23 10:13:49,1856.8,0
2021-06-23 10:14:01,1856.7,0
2021-06-23 10:14:08,1857.05,0
2021-06-23 10:14:15,1856.35,0
2021-06-23 10:14:23,1857.75,0
2021-06-23 10:14:28,1857.35,0
2021-06-23 10:14:31,1857.25,0
2021-06-23 10:14:32,1857.1,0
2021-06-23 10:14:33,1856.55,0
2021-06-23 10:14:38,1857.8,0
2021-06-23 10:14:39,1857.4,0
2021-06-23 10:14:40,1857.25,0
2021-06-23 10:14:42,1857.05,0
2021-06-23 10:14:43,1856.8,0
2021-06-23 10:14:48,1856.45,0
2021-06-23 10:14:49,1856.95,0
2021-06-23 10:14:52,1856.6,0
2021-06-23 10:14:55,1856.2,0
2021-06-23 10:14:59,1856.15,0
2021-06-23 10:15:02,1856.0,0
2021-06-23 10:15:09,1855.1,0
2021-06-23 10:15:10,1854.8,0
2021-06-23 10:15:11,1854.8,0
2021-06-23 10:15:12,1854.9,0
2021-06-23 10:15:13,1854.7,0
2021-06-23 10:15:21,1852.55,0
2021-06-23 10:15:32,1852.2,0
2021-06-23 10:15:38,1851.95,0
2021-06-23 10:15:42,1851.45,0
2021-06-23 10:15:43,1851.5,0
2021-06-23 10:15:51,1851.55,0
2021-06-23 10:16:03,1851.6,0
2021-06-23 10:16:06,1851.05,0
2021-06-23 10:16:07,1851.05,0
2021-06-23 10:16:09,1851.55,0
2021-06-23 10:16:18,1852.5,0
2021-06-23 10:16:20,1852.05,0
2021-06-23 10:16:30,1851.5,0
2021-06-23 10:16:36,1851.4,0
2021-06-23 10:16:55,1851.9,0
2021-06-23 10:17:01,1851.55,0
2021-06-23 10:17:02,1851.05,0
2021-06-23 10:17:11,1851.15,0
2021-06-23 10:17:18,1851.1,0
2021-06-23 10:17:23,1851.15,0
2021-06-23 10:17:28,1851.65,0
2021-06-23 10:17:32,1851.15,0
2021-06-23 10:17:35,1852.65,0
2021-06-23 10:17:39,1852.05,0
2021-06-23 10:17:45,1852.9,0
2021-06-23 10:17:52,1853.1,0
2021-06-23 10:18:01,1852.7,0
2021-06-23 10:18:03,1852.9,0
2021-06-23 10:18:04,1852.85,0
2021-06-23 10:18:06,1852.8,0
2021-06-23 10:18:07,1852.7,0
2021-06-23 10:18:09,1851.85,0
2021-06-23 10:18:11,1851.85,0
2021-06-23 10:18:12,1852.05,0
2021-06-23 10:18:19,1851.45,0
2021-06-23 10:18:29,1851.8,0
2021-06-23 10:18:33,1851.7,0
2021-06-23 10:18:37,1851.75,0
2021-06-23 10:18:42,1852.1,0
2021-06-23 10:19:01,1852.0,0
2021-06-23 10:19:02,1851.6,0
2021-06-23 10:19:03,1851.6,0
2021-06-23 10:19:04,1851.5,0
2021-06-23 10:19:06,1851.15,0
2021-06-23 10:19:07,1851.65,0
2021-06-23 10:19:11,1851.1,0
2021-06-23 10:19:13,1851.05,0
2021-06-23 10:19:15,1851.6,0
2021-06-23 10:19:17,1852.0,0
2021-06-23 10:19:20,1851.85,0
2021-06-23 10:19:32,1852.0,0
2021-06-23 10:19:47,1852.5,0
2021-06-23 10:19:50,1852.5,0
2021-06-23 10:19:58,1851.55,0
2021-06-23 10:20:00,1851.45,0
2021-06-23 10:20:09,1851.85,0
2021-06-23 10:20:10,1851.7,0
2021-06-23 10:20:12,1851.75,0
2021-06-23 10:20:18,1851.75,0
2021-06-23 10:20:22,1852.05,0
2021-06-23 10:20:30,1851.25,0
2021-06-23 10:20:43,1851.25,0
2021-06-23 10:20:49,1850.75,0
2021-06-23 10:20:52,1850.85,0
2021-06-23 10:20:56,1850.95,0
2021-06-23 10:20:58,1850.9,0
2021-06-23 10:21:00,1850.8,0
2021-06-23 10:21:04,1850.85,0
2021-06-23 10:21:10,1851.45,0
2021-06-23 10:21:12,1851.55,0
2021-06-23 10:21:19,1851.05,0
2021-06-23 10:21:24,1851.45,0
2021-06-23 10:21:25,1851.45,0
2021-06-23 10:21:27,1851.2,0
2021-06-23 10:21:29,1851.25,0
2021-06-23 10:21:32,1851.5,0
2021-06-23 10:21:33,1850.6,0
2021-06-23 10:21:34,1850.6,0
2021-06-23 10:21:43,1851.75,0
2021-06-23 10:21:48,1852.15,0
2021-06-23 10:21:49,1852.25,0
2021-06-23 10:21:57,1851.5,0
2021-06-23 10:21:59,1852.15,0
2021-06-23 10:22:06,1851.55,0
2021-06-23 10:22:07,1851.25,0
2021-06-23 10:22:17,1852.25,0
2021-06-23 10:22:18,1851.85,0
2021-06-23 10:22:20,1852.15,0
2021-06-23 10:22:21,1851.85,0
2021-06-23 10:22:23,1852.45,0
2021-06-23 10:22:25,1853.0,0
2021-06-23 10:22:39,1853.45,0
2021-06-23 10:22:41,1853.25,0
2021-06-23 10:22:48,1852.9,0
2021-06-23 10:22:52,1853.25,0
2021-06-23 10:22:54,1853.05,0
2021-06-23 10:23:09,1854.7,0
2021-06-23 10:23:10,1854.3,0
2021-06-23 10:23:13,1854.3,0
2021-06-23 10:23:16,1854.35,0
2021-06-23 10:23:18,1854.6,0
2021-06-23 10:23:21,1854.05,0
2021-06-23 10:23:35,1854.55,0
2021-06-23 10:23:36,1854.55,0
2021-06-23 10:23:37,1854.6,0
2021-06-23 10:23:46,1854.95,0
2021-06-23 10:23:49,1854.95,0
2021-06-23 10:23:50,1855.0,0
2021-06-23 10:23:52,1855.0,0
2021-06-23 10:23:54,1855.05,0
2021-06-23 10:23:57,1855.2,0
2021-06-23 10:24:02,1855.15,0
2021-06-23 10:24:03,1854.85,0
2021-06-23 10:24:06,1855.0,0
2021-06-23 10:24:14,1855.45,0
2021-06-23 10:24:16,1855.45,0
2021-06-23 10:24:17,1855.45,0
2021-06-23 10:24:24,1856.75,0
2021-06-23 10:24:27,1856.8,0
2021-06-23 10:24:36,1857.45,0
2021-06-23 10:24:38,1858.0,0
2021-06-23 10:24:39,1857.85,0
2021-06-23 10:24:43,1858.15,0
2021-06-23 10:36:34,1864.0,0
2021-06-23 10:36:55,1863.7,0
2021-06-23 10:37:00,1863.75,0
2021-06-23 10:37:01,1864.25,0
2021-06-23 10:37:04,1864.15,0
2021-06-23 10:37:12,1863.6,0
2021-06-23 10:37:13,1863.8,0
2021-06-23 10:37:15,1864.35,0
2021-06-23 10:37:19,1864.6,0
2021-06-23 10:37:20,1864.7,0
2021-06-23 10:37:22,1863.5,0
2021-06-23 10:37:25,1863.5,0
2021-06-23 10:37:28,1863.3,0
2021-06-23 10:37:32,1863.2,0
2021-06-23 10:37:33,1863.2,0
2021-06-23 10:37:38,1863.9,0
2021-06-23 10:37:41,1863.7,0
2021-06-23 10:37:42,1863.7,0
2021-06-23 10:37:43,1863.65,0
2021-06-23 10:37:44,1863.65,0
2021-06-23 10:37:46,1863.6,0
2021-06-23 10:37:54,1863.3,0
2021-06-23 10:37:57,1863.55,0
2021-06-23 10:38:01,1863.65,0
2021-06-23 10:38:02,1863.65,0
2021-06-23 10:38:12,1863.9,0
2021-06-23 10:38:21,1863.85,0
2021-06-23 10:38:28,1864.75,0
2021-06-23 10:38:30,1864.4,0
2021-06-23 10:38:33,1864.0,0
2021-06-23 10:38:38,1864.5,0
2021-06-23 10:38:40,1864.7,0
2021-06-23 10:38:41,1864.7,0
2021-06-23 10:38:42,1864.7,0
2021-06-23 10:38:48,1865.05,0
2021-06-23 10:38:52,1863.9,0
2021-06-23 10:38:57,1863.55,0
2021-06-23 10:38:59,1863.8,0
2021-06-23 10:39:00,1863.95,0
2021-06-23 10:39:01,1863.95,0
2021-06-23 10:39:03,1864.15,0
2021-06-23 10:39:04,1863.95,0
2021-06-23 10:39:05,1863.95,0
2021-06-23 10:39:08,1864.05,0
2021-06-23 10:39:09,1864.1,0
2021-06-23 10:39:15,1863.95,0
2021-06-23 10:39:17,1864.4,0
2021-06-23 10:39:18,1864.25,0
2021-06-23 10:39:20,1864.5,0
2021-06-23 10:39:27,1863.8,0
2021-06-23 10:39:30,1863.7,0
2021-06-23 10:39:33,1864.4,0
2021-06-23 10:39:34,1864.4,0
2021-06-23 10:39:38,1864.1,0
2021-06-23 10:39:40,1863.9,0
2021-06-23 10:39:46,1863.7,0
2021-06-23 10:39:48,1863.55,0
2021-06-23 10:39:49,1863.65,0
2021-06-23 10:39:52,1863.4,0
2021-06-23 10:39:54,1863.9,0
2021-06-23 10:39:59,1863.8,0
2021-06-23 10:40:01,1863.3,0
2021-06-23 10:40:05,1863.35,0
2021-06-23 10:40:06,1863.45,0
2021-06-23 10:40:07,1863.3,0
2021-06-23 10:40:10,1862.65,0
2021-06-23 10:40:15,1862.4,0
2021-06-23 10:40:17,1862.35,0
2021-06-23 10:40:20,1862.35,0
2021-06-23 10:40:22,1862.2,0
2021-06-23 10:40:29,1862.4,0
2021-06-23 10:40:30,1862.4,0
2021-06-23 10:40:35,1862.15,0
2021-06-23 10:40:38,1862.05,0
2021-06-23 10:40:39,1861.8,0
2021-06-23 10:40:48,1861.75,0
2021-06-23 10:40:51,1862.3,0
2021-06-23 10:40:52,1862.65,0
2021-06-23 10:40:56,1862.1,0
2021-06-23 10:40:59,1862.4,0
2021-06-23 10:41:00,1862.4,0
2021-06-23 10:41:04,1861.5,0
2021-06-23 10:41:10,1862.75,0
2021-06-23 10:41:13,1862.35,0
2021-06-23 10:41:15,1862.75,0
2021-06-23 10:41:18,1863.35,0
2021-06-23 10:41:19,1863.1,0
2021-06-23 10:41:23,1862.9,0
2021-06-23 10:41:24,1862.9,0
2021-06-23 10:41:26,1862.8,0
2021-06-23 10:41:27,1862.65,0
2021-06-23 10:41:30,1862.2,0
2021-06-23 10:41:31,1862.3,0
2021-06-23 10:41:32,1862.75,0
2021-06-23 10:41:39,1861.7,0
2021-06-23 10:41:42,1861.85,0
2021-06-23 10:41:44,1861.85,0
2021-06-23 10:41:46,1862.2,0
2021-06-23 10:41:51,1862.1,0
2021-06-23 10:41:56,1861.2,0
2021-06-23 10:41:58,1861.2,0
2021-06-23 10:42:06,1861.3,0
2021-06-23 10:42:08,1860.9,0
2021-06-23 10:42:10,1860.9,0
2021-06-23 10:42:16,1860.9,0
2021-06-23 10:42:19,1860.55,0
2021-06-23 10:42:21,1860.5,0
2021-06-23 10:42:23,1860.5,0
2021-06-23 10:42:27,1860.7,0
2021-06-23 10:42:54,1860.25,0
2021-06-23 10:43:03,1860.6,0
2021-06-23 10:43:05,1860.6,0
2021-06-23 10:43:07,1860.75,0
2021-06-23 10:43:10,1860.9,0
2021-06-23 10:43:11,1860.85,0
2021-06-23 10:43:16,1860.9,0
2021-06-23 10:43:17,1860.9,0
2021-06-23 10:43:18,1860.9,0
2021-06-23 10:43:21,1860.55,0
2021-06-23 10:43:26,1860.9,0
2021-06-23 10:43:27,1860.65,0
2021-06-23 10:43:28,1860.65,0
2021-06-23 10:43:30,1860.7,0
2021-06-23 10:43:33,1861.2,0
2021-06-23 10:43:34,1861.3,0
2021-06-23 10:43:35,1861.15,0
2021-06-23 10:43:36,1861.2,0
2021-06-23 10:43:38,1860.95,0
2021-06-23 10:43:40,1861.1,0
2021-06-23 10:43:42,1861.0,0
2021-06-23 10:43:48,1861.1,0
2021-06-23 10:43:50,1861.2,0
2021-06-23 10:43:51,1862.1,0
2021-06-23 10:43:52,1861.8,0
2021-06-23 10:43:53,1861.9,0
2021-06-23 10:43:57,1862.3,0
2021-06-23 10:44:11,1862.55,0
2021-06-23 10:44:12,1862.55,0
2021-06-23 10:44:13,1862.55,0
2021-06-23 10:44:15,1862.7,0
2021-06-23 10:44:18,1862.3,0
2021-06-23 10:44:21,1862.35,0
2021-06-23 10:44:23,1862.7,0
2021-06-23 10:44:25,1862.95,0
2021-06-23 10:44:26,1862.55,0
2021-06-23 10:44:28,1863.05,0
2021-06-23 10:44:32,1863.0,0
2021-06-23 10:44:36,1863.2,0
2021-06-23 10:44:38,1863.2,0
2021-06-23 10:44:40,1863.35,0
2021-06-23 10:44:42,1863.65,0
2021-06-23 10:44:43,1863.7,0
2021-06-23 10:44:45,1863.7,0
2021-06-23 10:44:46,1863.7,0
2021-06-23 10:44:48,1863.8,0
2021-06-23 10:44:49,1863.8,0
2021-06-23 10:44:53,1863.8,0
2021-06-23 10:44:55,1863.1,0
2021-06-23 10:44:55,1863.1,0
2021-06-23 10:45:02,1863.05,0
2021-06-23 10:45:03,1863.05,0
2021-06-23 10:45:10,1864.2,0
2021-06-23 10:45:11,1863.95,0
2021-06-23 10:45:13,1864.35,0
2021-06-23 10:45:19,1864.5,0
2021-06-23 10:45:23,1864.2,0
2021-06-23 10:45:25,1864.5,0
2021-06-23 10:45:26,1864.5,0
2021-06-23 10:45:27,1864.25,0
2021-06-23 10:45:28,1864.5,0
2021-06-23 10:45:30,1864.6,0
2021-06-23 10:45:31,1864.6,0
2021-06-23 10:45:33,1864.75,0
2021-06-23 10:45:34,1864.6,0
2021-06-23 10:45:40,1864.55,0
2021-06-23 10:45:42,1864.45,0
2021-06-23 10:45:46,1864.4,0
2021-06-23 10:45:47,1864.4,0
2021-06-23 10:45:51,1864.05,0
2021-06-23 10:45:54,1864.1,0
2021-06-23 10:45:58,1864.6,0
2021-06-23 10:45:58,1864.6,0
2021-06-23 10:46:03,1864.7,0
2021-06-23 10:46:05,1864.1,0
2021-06-23 10:46:07,1864.6,0
2021-06-23 10:46:08,1864.6,0
2021-06-23 10:46:10,1864.55,0
2021-06-23 10:46:18,1864.2,0
2021-06-23 10:46:20,1864.65,0
2021-06-23 10:46:21,1864.95,0
2021-06-23 10:46:23,1864.85,0
2021-06-23 10:46:24,1864.75,0
2021-06-23 10:46:27,1864.25,0
2021-06-23 10:46:31,1864.1,0
2021-06-23 10:46:33,1864.65,0
2021-06-23 10:46:34,1863.95,0
2021-06-23 10:46:36,1863.9,0
2021-06-23 10:46:37,1863.9,0
2021-06-23 10:46:46,1864.1,0
2021-06-23 10:46:47,1864.4,0
2021-06-23 10:46:48,1864.4,0
2021-06-23 10:46:49,1863.9,0
2021-06-23 10:46:53,1863.95,0
2021-06-23 10:46:58,1863.6,0
2021-06-23 10:46:58,1863.6,0
2021-06-23 10:47:01,1863.6,0
2021-06-23 10:47:05,1863.65,0
2021-06-23 10:47:09,1864.2,0
2021-06-23 10:47:12,1864.55,0
2021-06-23 10:47:13,1864.55,0
2021-06-23 10:47:21,1864.9,0
2021-06-23 10:47:22,1864.9,0
2021-06-23 10:47:28,1865.2,0
2021-06-23 10:47:30,1865.3,0
2021-06-23 10:47:34,1865.05,0
2021-06-23 10:47:39,1865.45,0
2021-06-23 10:47:41,1865.4,0
2021-06-23 10:47:43,1865.4,0
2021-06-23 10:47:49,1865.55,0
2021-06-23 10:47:49,1865.55,0
2021-06-23 10:48:06,1865.35,0
2021-06-23 10:48:08,1865.6,0
2021-06-23 10:48:09,1865.45,0
2021-06-23 10:48:12,1865.15,0
2021-06-23 10:48:27,1864.9,0
2021-06-23 10:48:28,1865.4,0
2021-06-23 10:48:31,1865.6,0
2021-06-23 10:48:33,1865.65,0
2021-06-23 10:48:34,1865.5,0
2021-06-23 10:48:39,1865.3,0
2021-06-23 10:48:40,1865.2,0
2021-06-23 10:48:47,1864.9,0
2021-06-23 10:48:50,1864.75,0
2021-06-23 10:48:55,1865.3,0
2021-06-23 10:48:55,1865.3,0
2021-06-23 10:49:04,1864.85,0
2021-06-23 10:49:09,1864.85,0
2021-06-23 10:49:10,1864.85,0
2021-06-23 10:49:11,1864.85,0
2021-06-23 10:49:22,1865.1,0
2021-06-23 10:49:28,1865.0,0
2021-06-23 10:49:29,1864.7,0
2021-06-23 10:49:33,1864.85,0
2021-06-23 10:49:34,1864.85,0
2021-06-23 10:49:35,1864.7,0
2021-06-23 10:49:36,1864.85,0
2021-06-23 10:49:37,1864.65,0
2021-06-23 10:49:39,1864.9,0
2021-06-23 10:49:42,1865.0,0
2021-06-23 10:49:45,1864.75,0
2021-06-23 10:49:45,1864.75,0
2021-06-23 10:50:04,1865.0,0
2021-06-23 10:50:07,1864.95,0
2021-06-23 10:50:13,1865.5,0
2021-06-23 10:50:17,1864.85,0
2021-06-23 10:50:19,1865.1,0
2021-06-23 10:50:20,1865.05,0
2021-06-23 10:50:26,1865.2,0
2021-06-23 10:50:29,1866.0,0
2021-06-23 10:50:31,1865.9,0
2021-06-23 10:50:35,1867.0,0
2021-06-23 10:50:36,1866.5,0
2021-06-23 10:50:41,1866.75,0
2021-06-23 10:50:48,1867.15,0
2021-06-23 10:50:56,1867.4,0
2021-06-23 10:50:56,1867.4,0
2021-06-23 10:51:05,1866.45,0
2021-06-23 10:51:12,1867.05,0
2021-06-23 10:51:13,1867.0,0
2021-06-23 10:51:18,1866.45,0
2021-06-23 10:51:19,1866.0,0
2021-06-23 10:51:24,1866.4,0
2021-06-23 10:51:26,1866.5,0
2021-06-23 10:51:28,1866.75,0
2021-06-23 10:51:35,1867.3,0
2021-06-23 10:51:40,1867.3,0
2021-06-23 10:51:44,1867.0,0
2021-06-23 10:51:51,1867.35,0
2021-06-23 10:51:56,1866.6,0
2021-06-23 10:51:58,1867.4,0
2021-06-23 10:52:00,1867.3,0
2021-06-23 10:52:03,1866.95,0
2021-06-23 10:52:03,1866.95,0
2021-06-23 10:52:06,1866.4,0
2021-06-23 10:52:08,1867.35,0
2021-06-23 10:52:15,1866.95,0
2021-06-23 10:52:23,1867.1,0
2021-06-23 10:52:26,1867.1,0
2021-06-23 10:52:27,1867.1,0
2021-06-23 10:52:30,1866.6,0
2021-06-23 10:52:31,1866.6,0
2021-06-23 10:52:32,1866.75,0
2021-06-23 10:52:35,1866.6,0
2021-06-23 10:52:42,1866.85,0
2021-06-23 10:52:44,1867.15,0
2021-06-23 10:52:47,1866.85,0
2021-06-23 10:52:48,1866.55,0
2021-06-23 10:52:49,1866.5,0
2021-06-23 10:52:51,1867.55,0
2021-06-23 10:53:00,1867.75,0
2021-06-23 10:53:01,1867.55,0
2021-06-23 10:53:02,1867.55,0
2021-06-23 10:53:02,1867.55,0
2021-06-23 10:53:07,1866.65,0
2021-06-23 10:53:08,1867.35,0
2021-06-23 10:53:18,1867.3,0
2021-06-23 10:53:27,1867.0,0
2021-06-23 10:53:35,1866.4,0
2021-06-23 10:53:37,1866.35,0
2021-06-23 10:53:49,1866.95,0
2021-06-23 10:53:50,1867.05,0
2021-06-23 10:53:55,1866.5,0
2021-06-23 10:53:57,1866.35,0
2021-06-23 10:54:00,1866.65,0
2021-06-23 10:54:03,1866.35,0
2021-06-23 10:54:04,1866.25,0
2021-06-23 10:54:04,1866.25,0
2021-06-23 10:54:11,1866.65,0
2021-06-23 10:54:13,1866.25,0
2021-06-23 10:54:14,1866.25,0
2021-06-23 10:54:15,1866.25,0
2021-06-23 10:54:33,1865.8,0
2021-06-23 10:54:34,1866.55,0
2021-06-23 10:54:39,1866.55,0
2021-06-23 10:54:42,1866.8,0
2021-06-23 10:54:44,1866.65,0
2021-06-23 10:54:48,1867.05,0
2021-06-23 10:54:57,1866.45,0
2021-06-23 10:55:02,1865.85,0
2021-06-23 10:55:02,1865.85,0
2021-06-23 10:55:09,1865.8,0
2021-06-23 10:55:10,1865.8,0
2021-06-23 10:55:13,1866.4,0
2021-06-23 10:55:25,1865.95,0
2021-06-23 10:55:26,1865.85,0
2021-06-23 10:55:27,1865.85,0
2021-06-23 10:55:30,1865.75,0
2021-06-23 10:55:38,1865.05,0
2021-06-23 10:55:40,1865.15,0
2021-06-23 10:55:48,1865.45,0
2021-06-23 10:55:53,1865.15,0
2021-06-23 10:55:54,1865.15,0
2021-06-23 10:55:55,1865.15,0
2021-06-23 10:55:56,1865.15,0
2021-06-23 10:55:59,1864.9,0
2021-06-23 10:56:02,1865.0,0
2021-06-23 10:56:07,1865.55,0
2021-06-23 10:56:13,1865.55,0
2021-06-23 10:56:21,1866.15,0
2021-06-23 10:56:24,1865.75,0
2021-06-23 10:56:26,1865.55,0
2021-06-23 10:56:34,1865.55,0
2021-06-23 10:56:37,1865.55,0
2021-06-23 10:56:42,1865.7,0
2021-06-23 10:56:49,1865.6,0
2021-06-23 10:56:50,1865.6,0
2021-06-23 10:56:51,1865.1,0
2021-06-23 10:56:57,1865.0,0
2021-06-23 10:56:59,1864.9,0
2021-06-23 10:57:01,1865.3,0
2021-06-23 10:57:10,1864.7,0
2021-06-23 10:57:12,1864.75,0
2021-06-23 10:57:15,1864.5,0
2021-06-23 10:57:17,1864.85,0
2021-06-23 10:57:31,1864.1,0
2021-06-23 10:57:35,1863.9,0
2021-06-23 10:57:36,1863.9,0
2021-06-23 10:57:37,1863.9,0
2021-06-23 10:57:38,1863.9,0
2021-06-23 10:57:41,1864.05,0
2021-06-23 10:57:43,1864.05,0
2021-06-23 10:57:49,1863.7,0
2021-06-23 10:57:53,1863.75,0
2021-06-23 10:57:56,1864.1,0
2021-06-23 10:57:59,1864.2,0
2021-06-23 10:58:00,1864.2,0
2021-06-23 10:58:05,1864.5,0
2021-06-23 10:58:11,1863.75,0
2021-06-23 10:58:13,1863.85,0
2021-06-23 10:58:16,1864.25,0
2021-06-23 10:58:18,1864.75,0
2021-06-23 10:58:20,1864.8,0
2021-06-23 10:58:21,1864.6,0
2021-06-23 10:58:24,1864.1,0
2021-06-23 10:58:25,1864.45,0
2021-06-23 10:58:30,1864.3,0
2021-06-23 10:58:35,1864.05,0
2021-06-23 10:58:37,1863.9,0
2021-06-23 10:58:45,1864.1,0
2021-06-23 10:58:46,1864.15,0
2021-06-23 10:58:48,1864.25,0
2021-06-23 10:58:49,1864.4,0
2021-06-23 10:58:53,1864.05,0
2021-06-23 10:58:59,1864.15,0
2021-06-23 10:59:04,1864.1,0
2021-06-23 10:59:05,1864.05,0
2021-06-23 10:59:06,1864.2,0
2021-06-23 10:59:07,1864.0,0
2021-06-23 10:59:11,1863.9,0
2021-06-23 10:59:14,1863.9,0
2021-06-23 10:59:14,1863.9,0
2021-06-23 10:59:15,1864.0,0
2021-06-23 10:59:19,1864.25,0
2021-06-23 10:59:25,1864.75,0
2021-06-23 10:59:27,1864.75,0
2021-06-23 10:59:28,1864.75,0
2021-06-23 10:59:32,1864.8,0
2021-06-23 10:59:33,1864.8,0
2021-06-23 10:59:37,1864.25,0
2021-06-23 10:59:38,1864.25,0
2021-06-23 10:59:39,1863.95,0
2021-06-23 10:59:43,1864.65,0
2021-06-23 10:59:44,1865.0,0
2021-06-23 10:59:47,1865.05,0
2021-06-23 10:59:49,1864.85,0
2021-06-23 10:59:51,1864.35,0
2021-06-23 10:59:59,1865.15,0
2021-06-23 11:00:01,1865.15,0
2021-06-23 11:00:04,1864.85,0
2021-06-23 11:00:09,1864.5,0
2021-06-23 11:00:11,1864.45,0
2021-06-23 11:00:11,1864.45,0
2021-06-23 11:00:17,1864.8,0
2021-06-23 11:00:23,1864.3,0
2021-06-23 11:00:28,1864.55,0
2021-06-23 11:00:30,1864.5,0
2021-06-23 11:00:32,1864.7,0
2021-06-23 11:00:40,1864.85,0
2021-06-23 11:00:45,1864.85,0
2021-06-23 11:00:48,1864.85,0
2021-06-23 11:00:50,1864.85,0
2021-06-23 11:00:52,1864.75,0
2021-06-23 11:00:55,1865.2,0
2021-06-23 11:01:09,1864.75,0
2021-06-23 11:01:11,1865.15,0
2021-06-23 11:01:12,1865.25,0
2021-06-23 11:01:12,1865.25,0
2021-06-23 11:01:17,1865.2,0
2021-06-23 11:01:18,1865.45,0
2021-06-23 11:01:21,1865.45,0
2021-06-23 11:01:22,1865.4,0
2021-06-23 11:01:23,1865.4,0
2021-06-23 11:01:25,1865.15,0
2021-06-23 11:01:28,1865.15,0
2021-06-23 11:01:37,1863.7,0
2021-06-23 11:01:38,1863.95,0
2021-06-23 11:01:42,1863.95,0
2021-06-23 11:01:53,1863.85,0
2021-06-23 11:01:54,1863.85,0
2021-06-23 11:02:06,1864.15,0
2021-06-23 11:02:11,1863.7,0
2021-06-23 11:02:15,1864.4,0
2021-06-23 11:02:17,1864.3,0
2021-06-23 11:02:22,1864.55,0
2021-06-23 11:02:23,1864.5,0
2021-06-23 11:02:24,1864.5,0
2021-06-23 11:02:25,1864.25,0
2021-06-23 11:02:27,1863.75,0
2021-06-23 11:02:28,1863.95,0
2021-06-23 11:02:37,1864.45,0
2021-06-23 11:02:39,1864.75,0
2021-06-23 11:02:40,1864.6,0
2021-06-23 11:02:42,1864.1,0
2021-06-23 11:02:43,1863.9,0
2021-06-23 11:02:46,1863.75,0
2021-06-23 11:02:47,1863.75,0
2021-06-23 11:02:48,1863.75,0
2021-06-23 11:02:51,1863.65,0
2021-06-23 11:02:56,1864.25,0
2021-06-23 11:02:57,1864.25,0
2021-06-23 11:03:06,1863.7,0
2021-06-23 11:03:07,1863.7,0
2021-06-23 11:03:12,1864.3,0
2021-06-23 11:03:14,1864.35,0
2021-06-23 11:03:15,1864.3,0
2021-06-23 11:03:15,1864.3,0
2021-06-23 11:03:18,1864.3,0
2021-06-23 11:03:19,1864.5,0
2021-06-23 11:03:22,1864.0,0
2021-06-23 11:03:24,1863.8,0
2021-06-23 11:03:28,1863.75,0
2021-06-23 11:03:30,1863.5,0
2021-06-23 11:03:38,1864.95,0
2021-06-23 11:03:40,1864.6,0
2021-06-23 11:03:47,1864.55,0
2021-06-23 11:03:50,1865.1,0
2021-06-23 11:03:55,1864.65,0
2021-06-23 11:04:02,1864.85,0
2021-06-23 11:04:03,1864.85,0
2021-06-23 11:04:08,1864.1,0
2021-06-23 11:04:09,1863.7,0
2021-06-23 11:04:14,1863.9,0
2021-06-23 11:04:15,1863.85,0
2021-06-23 11:04:17,1863.65,0
2021-06-23 11:04:18,1863.75,0
2021-06-23 11:04:21,1864.1,0
2021-06-23 11:04:22,1864.2,0
2021-06-23 11:04:26,1863.6,0
2021-06-23 11:04:27,1863.6,0
2021-06-23 11:04:37,1864.2,0
2021-06-23 11:04:38,1864.35,0
2021-06-23 11:04:57,1863.4,0
2021-06-23 11:04:59,1863.0,0
2021-06-23 11:05:00,1863.75,0
2021-06-23 11:05:03,1863.45,0
2021-06-23 11:05:04,1863.5,0
2021-06-23 11:05:05,1863.5,0
2021-06-23 11:05:06,1863.5,0
2021-06-23 11:05:10,1863.65,0
2021-06-23 11:05:17,1863.35,0
2021-06-23 11:05:20,1863.9,0
2021-06-23 11:05:23,1863.55,0
2021-06-23 11:05:24,1863.3,0
2021-06-23 11:05:26,1863.55,0
2021-06-23 11:05:27,1863.3,0
2021-06-23 11:05:28,1863.7,0
2021-06-23 11:05:29,1863.75,0
2021-06-23 11:05:30,1863.75,0
2021-06-23 11:05:31,1863.8,0
2021-06-23 11:05:37,1863.9,0
2021-06-23 11:05:39,1863.45,0
2021-06-23 11:05:42,1863.6,0
2021-06-23 11:05:47,1863.55,0
2021-06-23 11:05:52,1863.75,0
2021-06-23 11:05:55,1863.95,0
2021-06-23 11:05:57,1864.2,0
2021-06-23 11:06:02,1863.55,0
2021-06-23 11:06:04,1863.8,0
2021-06-23 11:06:05,1863.8,0
2021-06-23 11:06:10,1864.9,0
2021-06-23 11:06:13,1864.4,0
2021-06-23 11:06:17,1864.05,0
2021-06-23 11:06:23,1864.8,0
2021-06-23 11:06:27,1863.7,0
2021-06-23 11:06:29,1864.3,0
2021-06-23 11:06:35,1864.4,0
2021-06-23 11:06:38,1864.1,0
2021-06-23 11:06:43,1864.55,0
2021-06-23 11:06:49,1864.35,0
2021-06-23 11:06:53,1864.15,0
2021-06-23 11:06:55,1864.65,0
2021-06-23 11:06:58,1864.65,0
2021-06-23 11:06:59,1864.95,0
2021-06-23 11:07:05,1864.85,0
2021-06-23 11:07:06,1865.15,0
2021-06-23 11:07:11,1865.2,0
2021-06-23 11:07:14,1866.4,0
2021-06-23 11:07:17,1866.25,0
2021-06-23 11:07:18,1866.25,0
2021-06-23 11:07:22,1867.05,0
2021-06-23 11:07:23,1867.05,0
2021-06-23 11:07:23,1867.05,0
2021-06-23 11:07:29,1866.8,0
2021-06-23 11:07:33,1867.05,0
2021-06-23 11:07:35,1865.85,0
2021-06-23 11:07:38,1866.2,0
2021-06-23 11:07:46,1865.95,0
2021-06-23 11:07:49,1865.9,0
2021-06-23 11:07:50,1866.25,0
2021-06-23 11:07:51,1866.25,0
2021-06-23 11:07:52,1866.25,0
2021-06-23 11:07:54,1866.4,0
2021-06-23 11:07:56,1866.3,0
2021-06-23 11:07:58,1865.85,0
2021-06-23 11:08:02,1866.1,0
2021-06-23 11:08:03,1866.1,0
2021-06-23 11:08:05,1866.1,0
2021-06-23 11:08:07,1866.9,0
2021-06-23 11:08:08,1866.9,0
2021-06-23 11:08:10,1866.9,0
2021-06-23 11:08:14,1866.35,0
2021-06-23 11:08:19,1866.95,0
2021-06-23 11:08:19,1866.95,0
2021-06-23 11:08:27,1867.1,0
2021-06-23 11:08:28,1867.1,0
2021-06-23 11:08:31,1867.05,0
2021-06-23 11:08:32,1867.1,0
2021-06-23 11:08:34,1867.2,0
2021-06-23 11:08:40,1867.05,0
2021-06-23 11:08:42,1866.8,0
2021-06-23 11:08:47,1866.25,0
2021-06-23 11:08:50,1866.1,0
2021-06-23 11:08:54,1866.45,0
2021-06-23 11:08:55,1866.7,0
2021-06-23 11:09:01,1866.05,0
2021-06-23 11:09:09,1866.15,0
2021-06-23 11:09:11,1866.05,0
2021-06-23 11:09:13,1866.0,0
2021-06-23 11:09:16,1866.05,0
2021-06-23 11:09:17,1865.7,0
2021-06-23 11:09:22,1866.1,0
2021-06-23 11:09:25,1865.65,0
2021-06-23 11:09:25,1865.65,0
2021-06-23 11:09:27,1865.8,0
2021-06-23 11:09:31,1865.85,0
2021-06-23 11:09:33,1865.85,0
2021-06-23 11:09:35,1866.55,0
2021-06-23 11:09:36,1866.3,0
2021-06-23 11:09:39,1866.55,0
2021-06-23 11:09:48,1867.55,0
2021-06-23 11:09:50,1867.9,0
2021-06-23 11:09:54,1868.45,0
2021-06-23 11:09:57,1868.2,0
2021-06-23 11:09:58,1868.0,0
2021-06-23 11:10:02,1868.3,0
2021-06-23 11:10:03,1868.3,0
2021-06-23 11:10:04,1868.2,0
2021-06-23 11:10:05,1868.05,0
2021-06-23 11:10:08,1868.3,0
2021-06-23 11:10:10,1868.05,0
2021-06-23 11:10:12,1867.35,0
2021-06-23 11:10:14,1866.3,0
2021-06-23 11:10:18,1866.2,0
2021-06-23 11:10:21,1866.4,0
2021-06-23 11:10:27,1866.05,0
2021-06-23 11:10:27,1866.05,0
2021-06-23 11:10:30,1865.7,0
2021-06-23 11:10:31,1865.7,0
2021-06-23 11:10:32,1866.0,0
2021-06-23 11:10:45,1865.65,0
2021-06-23 11:10:47,1866.2,0
2021-06-23 11:10:49,1866.6,0
2021-06-23 11:10:52,1866.6,0
2021-06-23 11:10:54,1866.4,0
2021-06-23 11:10:55,1866.4,0
2021-06-23 11:10:56,1866.15,0
2021-06-23 11:10:58,1866.2,0
2021-06-23 11:11:13,1865.55,0
2021-06-23 11:11:20,1865.8,0
2021-06-23 11:11:21,1865.85,0
2021-06-23 11:11:24,1865.85,0
2021-06-23 11:11:27,1866.05,0
2021-06-23 11:11:27,1866.05,0
2021-06-23 11:11:31,1866.1,0
2021-06-23 11:11:42,1866.15,0
2021-06-23 11:11:43,1866.15,0
2021-06-23 11:11:44,1866.1,0
2021-06-23 11:11:45,1866.1,0
2021-06-23 11:11:46,1865.75,0
2021-06-23 11:11:51,1865.85,0
2021-06-23 11:11:53,1865.75,0
2021-06-23 11:11:54,1865.75,0
2021-06-23 11:11:58,1865.95,0
2021-06-23 11:12:00,1865.95,0
2021-06-23 11:12:06,1865.35,0
2021-06-23 11:12:07,1865.5,0
2021-06-23 11:12:09,1865.4,0
2021-06-23 11:12:12,1865.45,0
2021-06-23 11:12:23,1865.25,0
2021-06-23 11:12:24,1865.25,0
2021-06-23 11:12:25,1865.15,0
2021-06-23 11:12:27,1865.15,0
2021-06-23 11:12:30,1865.65,0
2021-06-23 11:12:37,1865.45,0
2021-06-23 11:12:42,1865.25,0
2021-06-23 11:12:44,1865.5,0
2021-06-23 11:12:49,1865.4,0
2021-06-23 11:12:50,1865.55,0
2021-06-23 11:12:54,1865.0,0
2021-06-23 11:12:55,1865.15,0
2021-06-23 11:12:59,1865.5,0
2021-06-23 11:13:02,1866.05,0
2021-06-23 11:13:06,1865.7,0
2021-06-23 11:13:07,1865.6,0
2021-06-23 11:13:08,1865.45,0
2021-06-23 11:13:10,1865.65,0
2021-06-23 11:13:11,1865.65,0
2021-06-23 11:13:14,1865.75,0
2021-06-23 11:13:15,1865.85,0
2021-06-23 11:13:23,1865.75,0
2021-06-23 11:13:27,1865.75,0
2021-06-23 11:13:28,1865.45,0
2021-06-23 11:13:34,1865.85,0
2021-06-23 11:13:34,1865.85,0
2021-06-23 11:13:35,1865.6,0
2021-06-23 11:13:36,1865.7,0
2021-06-23 11:13:46,1866.0,0
2021-06-23 11:13:48,1866.1,0
2021-06-23 11:13:51,1865.65,0
2021-06-23 11:13:55,1866.0,0
2021-06-23 11:14:00,1865.4,0
2021-06-23 11:14:04,1865.9,0
2021-06-23 11:14:07,1865.75,0
2021-06-23 11:14:08,1865.6,0
2021-06-23 11:14:10,1865.35,0
2021-06-23 11:14:11,1865.35,0
2021-06-23 11:14:16,1865.25,0
2021-06-23 11:14:19,1865.95,0
2021-06-23 11:14:27,1865.8,0
2021-06-23 11:14:33,1865.75,0
2021-06-23 11:14:34,1865.65,0
2021-06-23 11:14:34,1865.65,0
2021-06-23 11:14:37,1865.95,0
2021-06-23 11:14:39,1865.6,0
2021-06-23 11:14:41,1865.05,0
2021-06-23 11:14:42,1865.05,0
2021-06-23 11:14:43,1865.05,0
2021-06-23 11:14:46,1865.35,0
2021-06-23 11:14:47,1865.5,0
2021-06-23 11:14:48,1865.5,0
2021-06-23 11:14:49,1865.5,0
2021-06-23 11:14:53,1865.3,0
2021-06-23 11:14:54,1865.3,0
2021-06-23 11:15:06,1865.05,0
2021-06-23 11:15:07,1865.05,0
2021-06-23 11:15:13,1864.7,0
2021-06-23 11:15:14,1864.4,0
2021-06-23 11:15:36,1865.45,0
2021-06-23 11:15:37,1865.45,0
2021-06-23 11:15:46,1865.0,0
2021-06-23 11:15:49,1865.6,0
2021-06-23 11:15:51,1865.5,0
2021-06-23 11:15:54,1865.65,0
2021-06-23 11:15:56,1865.65,0
2021-06-23 11:16:01,1866.1,0
2021-06-23 11:16:05,1866.0,0
2021-06-23 11:16:06,1866.0,0
2021-06-23 11:16:07,1865.9,0
2021-06-23 11:16:10,1866.65,0
2021-06-23 11:16:11,1866.45,0
2021-06-23 11:16:14,1867.0,0
2021-06-23 11:16:16,1866.5,0
2021-06-23 11:16:17,1866.5,0
2021-06-23 11:16:18,1866.75,0
2021-06-23 11:16:19,1866.75,0
2021-06-23 11:16:20,1866.75,0
2021-06-23 11:16:21,1866.75,0
2021-06-23 11:16:23,1866.75,0
2021-06-23 11:16:31,1866.95,0
2021-06-23 11:16:38,1866.7,0
2021-06-23 11:16:38,1866.7,0
2021-06-23 11:16:45,1866.65,0
2021-06-23 11:16:46,1866.65,0
2021-06-23 11:16:52,1866.55,0
2021-06-23 11:16:54,1866.45,0
2021-06-23 11:16:55,1866.25,0
2021-06-23 11:17:10,1865.85,0
2021-06-23 11:17:15,1865.3,0
2021-06-23 11:17:22,1864.8,0
2021-06-23 11:17:25,1864.6,0
2021-06-23 11:17:28,1864.65,0
2021-06-23 11:17:29,1864.35,0
2021-06-23 11:17:31,1863.9,0
2021-06-23 11:17:34,1864.15,0
2021-06-23 11:17:36,1863.55,0
2021-06-23 11:17:38,1863.8,0
2021-06-23 11:17:38,1863.8,0
2021-06-23 11:17:42,1863.85,0
2021-06-23 11:17:43,1863.85,0
2021-06-23 11:17:44,1863.7,0
2021-06-23 11:17:45,1863.7,0
2021-06-23 11:17:46,1863.25,0
2021-06-23 11:17:47,1863.2,0
2021-06-23 11:17:48,1863.2,0
2021-06-23 11:17:55,1863.55,0
2021-06-23 11:17:58,1863.15,0
2021-06-23 11:18:00,1863.5,0
2021-06-23 11:18:02,1862.9,0
2021-06-23 11:18:05,1863.8,0
2021-06-23 11:18:07,1863.3,0
2021-06-23 11:18:09,1863.75,0
2021-06-23 11:18:10,1863.75,0
2021-06-23 11:18:21,1863.5,0
2021-06-23 11:18:25,1863.45,0
2021-06-23 11:18:26,1863.6,0
2021-06-23 11:18:27,1863.0,0
2021-06-23 11:18:28,1863.1,0
2021-06-23 11:18:38,1863.4,0
2021-06-23 11:18:39,1863.3,0
2021-06-23 11:18:42,1863.65,0
2021-06-23 11:18:43,1863.65,0
2021-06-23 11:18:44,1863.5,0
2021-06-23 11:18:45,1863.7,0
2021-06-23 11:18:49,1862.95,0
2021-06-23 11:18:58,1864.2,0
2021-06-23 11:19:00,1863.2,0
2021-06-23 11:19:05,1863.35,0
2021-06-23 11:19:06,1863.35,0
2021-06-23 11:19:10,1863.25,0
2021-06-23 11:19:11,1863.2,0
2021-06-23 11:19:12,1863.15,0
2021-06-23 11:19:13,1863.3,0
2021-06-23 11:19:14,1863.55,0
2021-06-23 11:19:26,1863.5,0
2021-06-23 11:19:30,1863.75,0
2021-06-23 11:19:40,1864.05,0
2021-06-23 11:19:40,1864.05,0
2021-06-23 11:19:46,1863.65,0
2021-06-23 11:19:48,1864.1,0
2021-06-23 11:19:49,1863.95,0
2021-06-23 11:19:50,1863.95,0
2021-06-23 11:19:53,1864.1,0
2021-06-23 11:19:54,1864.2,0
2021-06-23 11:19:55,1864.35,0
2021-06-23 11:19:56,1864.5,0
2021-06-23 11:19:57,1865.0,0
2021-06-23 11:19:59,1864.2,0
2021-06-23 11:20:02,1864.4,0
2021-06-23 11:20:04,1864.15,0
2021-06-23 11:20:05,1863.65,0
2021-06-23 11:20:08,1864.15,0
2021-06-23 11:20:09,1864.0,0
2021-06-23 11:20:11,1863.85,0
2021-06-23 11:20:13,1864.25,0
2021-06-23 11:20:14,1863.75,0
2021-06-23 11:20:15,1863.8,0
2021-06-23 11:20:18,1864.25,0
2021-06-23 11:20:23,1863.9,0
2021-06-23 11:20:29,1863.7,0
2021-06-23 11:20:30,1863.7,0
2021-06-23 11:20:32,1863.7,0
2021-06-23 11:20:39,1863.6,0
2021-06-23 11:20:46,1863.2,0
2021-06-23 11:20:46,1863.2,0
2021-06-23 11:20:49,1863.55,0
2021-06-23 11:20:50,1863.25,0
2021-06-23 11:20:58,1863.1,0
2021-06-23 11:21:01,1863.6,0
2021-06-23 11:21:03,1863.95,0
2021-06-23 11:21:04,1863.8,0
2021-06-23 11:21:07,1863.75,0
2021-06-23 11:21:09,1863.6,0
2021-06-23 11:21:10,1863.95,0
2021-06-23 11:21:13,1863.55,0
2021-06-23 11:21:14,1863.8,0
2021-06-23 11:21:17,1863.5,0
2021-06-23 11:21:22,1864.0,0
2021-06-23 11:21:25,1864.0,0
2021-06-23 11:21:27,1864.0,0
2021-06-23 11:21:28,1863.95,0
2021-06-23 11:21:31,1864.05,0
2021-06-23 11:21:35,1864.0,0
2021-06-23 11:21:42,1863.95,0
2021-06-23 11:21:44,1863.4,0
2021-06-23 11:21:45,1863.3,0
2021-06-23 11:21:45,1863.3,0
2021-06-23 11:21:48,1863.35,0
2021-06-23 11:21:52,1863.95,0
2021-06-23 11:21:59,1864.1,0
2021-06-23 11:22:02,1863.9,0
2021-06-23 11:22:05,1863.85,0
2021-06-23 11:22:07,1863.55,0
2021-06-23 11:22:09,1864.0,0
2021-06-23 11:22:11,1863.8,0
2021-06-23 11:22:14,1864.4,0
2021-06-23 11:22:15,1864.3,0
2021-06-23 11:22:17,1864.2,0
2021-06-23 11:22:19,1864.8,0
2021-06-23 11:22:20,1865.2,0
2021-06-23 11:22:23,1865.15,0
2021-06-23 11:22:25,1865.6,0
2021-06-23 11:22:26,1865.15,0
2021-06-23 11:22:27,1865.1,0
2021-06-23 11:22:32,1864.75,0
2021-06-23 11:22:38,1865.05,0
2021-06-23 11:22:41,1865.95,0
2021-06-23 11:22:42,1865.2,0
2021-06-23 11:22:47,1864.85,0
2021-06-23 11:22:47,1864.85,0
2021-06-23 11:22:49,1865.35,0
2021-06-23 11:22:51,1865.35,0
2021-06-23 11:22:58,1864.7,0
2021-06-23 11:23:03,1865.25,0
2021-06-23 11:23:04,1865.5,0
2021-06-23 11:23:06,1865.1,0
2021-06-23 11:23:07,1865.2,0
2021-06-23 11:23:09,1865.4,0
2021-06-23 11:23:11,1864.75,0
2021-06-23 11:23:13,1864.75,0
2021-06-23 11:23:18,1864.8,0
2021-06-23 11:23:19,1864.65,0
2021-06-23 11:23:20,1864.9,0
2021-06-23 11:23:21,1864.5,0
2021-06-23 11:23:23,1864.5,0
2021-06-23 11:23:24,1864.5,0
2021-06-23 11:23:27,1864.3,0
2021-06-23 11:23:28,1864.3,0
2021-06-23 11:23:34,1864.95,0
2021-06-23 11:23:42,1865.3,0
2021-06-23 11:23:42,1865.3,0
2021-06-23 11:23:53,1865.4,0
2021-06-23 11:23:54,1865.5,0
2021-06-23 11:23:59,1865.35,0
2021-06-23 11:24:00,1865.35,0
2021-06-23 11:24:04,1865.45,0
2021-06-23 11:24:05,1865.35,0
2021-06-23 11:24:09,1865.7,0
2021-06-23 11:24:13,1865.4,0
2021-06-23 11:24:18,1865.0,0
2021-06-23 11:24:22,1865.3,0
2021-06-23 11:24:24,1864.9,0
2021-06-23 11:24:28,1865.35,0
2021-06-23 11:24:29,1865.9,0
2021-06-23 11:24:30,1865.9,0
2021-06-23 11:24:33,1865.4,0
2021-06-23 11:24:35,1865.35,0
2021-06-23 11:24:36,1865.85,0
2021-06-23 11:24:40,1865.85,0
2021-06-23 11:24:43,1865.35,0
2021-06-23 11:24:46,1866.15,0
2021-06-23 11:24:47,1866.15,0
2021-06-23 11:24:49,1865.55,0
2021-06-23 11:24:49,1865.55,0
2021-06-23 11:24:52,1866.2,0
2021-06-23 11:24:54,1865.4,0
2021-06-23 11:24:57,1865.7,0
2021-06-23 11:24:58,1865.45,0
2021-06-23 11:25:01,1865.4,0
2021-06-23 11:25:03,1865.7,0
2021-06-23 11:25:09,1865.75,0
2021-06-23 11:25:10,1865.8,0
2021-06-23 11:25:12,1866.15,0
2021-06-23 11:25:15,1865.8,0
2021-06-23 11:25:20,1866.2,0
2021-06-23 11:25:27,1865.85,0
2021-06-23 11:25:31,1865.45,0
2021-06-23 11:25:32,1865.95,0
2021-06-23 11:25:38,1866.55,0
2021-06-23 11:25:42,1866.1,0
2021-06-23 11:25:45,1866.0,0
2021-06-23 11:25:46,1866.45,0
2021-06-23 11:25:46,1866.45,0
2021-06-23 11:25:54,1866.25,0
2021-06-23 11:25:56,1865.75,0
2021-06-23 11:25:57,1866.4,0
2021-06-23 11:26:01,1865.6,0
2021-06-23 11:26:02,1865.85,0
2021-06-23 11:26:04,1866.3,0
2021-06-23 11:26:05,1866.3,0
2021-06-23 11:26:06,1865.8,0
2021-06-23 11:26:09,1866.25,0
2021-06-23 11:26:12,1866.3,0
2021-06-23 11:26:13,1866.3,0
2021-06-23 11:26:15,1866.8,0
2021-06-23 11:26:21,1867.0,0
2021-06-23 11:26:22,1867.0,0
2021-06-23 11:26:25,1867.0,0
2021-06-23 11:26:26,1866.4,0
2021-06-23 11:26:27,1866.35,0
2021-06-23 11:26:28,1866.35,0
2021-06-23 11:26:30,1866.85,0
2021-06-23 11:26:32,1866.7,0
2021-06-23 11:26:35,1867.15,0
2021-06-23 11:26:39,1866.15,0
2021-06-23 11:26:42,1866.45,0
2021-06-23 11:26:44,1866.5,0
2021-06-23 11:26:48,1866.55,0
2021-06-23 11:26:52,1866.2,0
2021-06-23 11:26:54,1866.65,0
2021-06-23 11:26:57,1866.4,0
2021-06-23 11:26:58,1866.25,0
2021-06-23 11:27:04,1866.7,0
2021-06-23 11:27:05,1866.6,0
2021-06-23 11:27:07,1865.65,0
2021-06-23 11:27:09,1865.8,0
2021-06-23 11:27:11,1866.4,0
2021-06-23 11:27:15,1866.1,0
2021-06-23 11:27:16,1865.75,0
2021-06-23 11:27:17,1866.25,0
2021-06-23 11:27:19,1865.75,0
2021-06-23 11:27:24,1866.2,0
2021-06-23 11:27:26,1866.45,0
2021-06-23 11:27:28,1866.85,0
2021-06-23 11:27:29,1866.65,0
2021-06-23 11:27:30,1866.05,0
2021-06-23 11:27:36,1865.75,0
2021-06-23 11:27:41,1864.95,0
2021-06-23 11:27:51,1866.0,0
2021-06-23 11:27:55,1866.25,0
2021-06-23 11:27:55,1866.25,0
2021-06-23 11:28:02,1866.5,0
2021-06-23 11:28:03,1865.6,0
2021-06-23 11:28:07,1866.25,0
2021-06-23 11:28:11,1865.75,0
2021-06-23 11:28:16,1865.6,0
2021-06-23 11:28:18,1866.1,0
2021-06-23 11:28:20,1866.1,0
2021-06-23 11:28:23,1865.8,0
2021-06-23 11:28:27,1865.65,0
2021-06-23 11:28:34,1865.35,0
2021-06-23 11:28:37,1865.35,0
2021-06-23 11:28:41,1865.3,0
2021-06-23 11:28:45,1864.85,0
2021-06-23 11:28:46,1865.35,0
2021-06-23 11:28:48,1865.2,0
2021-06-23 11:28:52,1865.8,0
2021-06-23 11:28:53,1865.35,0
2021-06-23 11:28:57,1865.55,0
2021-06-23 11:28:57,1865.55,0
2021-06-23 11:29:02,1865.15,0
2021-06-23 11:29:07,1865.6,0
2021-06-23 11:29:13,1865.6,0
2021-06-23 11:29:14,1865.1,0
2021-06-23 11:29:17,1865.8,0
2021-06-23 11:29:19,1865.1,0
2021-06-23 11:29:20,1865.1,0
2021-06-23 11:29:26,1865.05,0
2021-06-23 11:29:27,1865.55,0
2021-06-23 11:29:28,1865.55,0
2021-06-23 11:29:33,1865.3,0
2021-06-23 11:29:40,1865.15,0
2021-06-23 11:29:41,1865.6,0
2021-06-23 11:29:42,1865.9,0
2021-06-23 11:29:49,1865.3,0
2021-06-23 11:29:52,1865.9,0
2021-06-23 11:29:53,1865.7,0
2021-06-23 11:29:55,1865.55,0
2021-06-23 11:29:57,1865.55,0
2021-06-23 11:29:58,1865.55,0
2021-06-23 11:29:59,1865.6,0
2021-06-23 11:30:01,1865.6,0
2021-06-23 11:30:02,1866.1,0
2021-06-23 11:30:04,1865.9,0
2021-06-23 11:30:11,1865.95,0
2021-06-23 11:30:14,1865.5,0
2021-06-23 11:30:16,1865.8,0
2021-06-23 11:30:17,1866.25,0
2021-06-23 11:30:18,1866.25,0
2021-06-23 11:30:20,1865.9,0
2021-06-23 11:30:26,1865.8,0
2021-06-23 11:30:27,1865.8,0
2021-06-23 11:30:32,1866.0,0
2021-06-23 11:30:35,1866.0,0
2021-06-23 11:30:40,1865.55,0
2021-06-23 11:30:41,1865.6,0
2021-06-23 11:30:47,1866.2,0
2021-06-23 11:30:50,1866.0,0
2021-06-23 11:30:51,1866.5,0
2021-06-23 11:30:52,1866.5,0
2021-06-23 11:30:55,1865.75,0
2021-06-23 11:30:55,1865.75,0
2021-06-23 11:31:01,1865.75,0
2021-06-23 11:31:02,1865.75,0
2021-06-23 11:31:07,1865.2,0
2021-06-23 11:31:10,1865.7,0
2021-06-23 11:31:11,1865.25,0
2021-06-23 11:31:14,1865.7,0
2021-06-23 11:31:23,1866.0,0
2021-06-23 11:31:27,1866.05,0
2021-06-23 11:31:35,1866.25,0
2021-06-23 11:31:38,1866.35,0
2021-06-23 11:31:39,1866.6,0
2021-06-23 11:31:40,1867.1,0
2021-06-23 11:31:43,1866.3,0
2021-06-23 11:31:45,1866.65,0
2021-06-23 11:31:52,1866.2,0
2021-06-23 11:31:58,1866.25,0
2021-06-23 11:31:59,1866.3,0
2021-06-23 11:32:02,1866.45,0
2021-06-23 11:32:06,1867.35,0
2021-06-23 11:32:21,1867.5,0
2021-06-23 11:32:27,1868.55,0
2021-06-23 11:32:28,1868.55,0
2021-06-23 11:32:33,1868.3,0
2021-06-23 11:32:39,1868.1,0
2021-06-23 11:32:40,1867.9,0
2021-06-23 11:32:41,1868.0,0
2021-06-23 11:32:42,1868.25,0
2021-06-23 11:32:47,1868.1,0
2021-06-23 11:32:48,1868.45,0
2021-06-23 11:32:49,1867.6,0
2021-06-23 11:32:50,1867.6,0
2021-06-23 11:32:55,1867.35,0
2021-06-23 11:32:56,1868.05,0
2021-06-23 11:32:56,1868.05,0
2021-06-23 11:33:01,1867.45,0
2021-06-23 11:33:10,1868.55,0
2021-06-23 11:33:12,1868.35,0
2021-06-23 11:33:23,1868.15,0
2021-06-23 11:33:24,1868.1,0
2021-06-23 11:33:29,1868.25,0
2021-06-23 11:33:37,1867.65,0
2021-06-23 11:33:38,1867.45,0
2021-06-23 11:33:44,1868.2,0
2021-06-23 11:33:45,1868.2,0
2021-06-23 11:33:46,1867.95,0
2021-06-23 11:33:47,1868.05,0
2021-06-23 11:33:49,1868.05,0
2021-06-23 11:33:52,1867.8,0
2021-06-23 11:33:53,1868.25,0
2021-06-23 11:33:57,1867.5,0
2021-06-23 11:34:00,1868.25,0
2021-06-23 11:34:06,1867.95,0
2021-06-23 11:34:12,1868.35,0
2021-06-23 11:34:14,1868.1,0
2021-06-23 11:34:24,1868.2,0
2021-06-23 11:34:27,1868.6,0
2021-06-23 11:34:28,1868.4,0
2021-06-23 11:34:30,1868.0,0
2021-06-23 11:34:37,1868.65,0
2021-06-23 11:34:38,1867.9,0
2021-06-23 11:34:50,1867.9,0
2021-06-23 11:34:54,1867.85,0
2021-06-23 11:34:56,1867.8,0
2021-06-23 11:34:56,1867.8,0
2021-06-23 11:35:04,1868.05,0
2021-06-23 11:35:08,1867.8,0
2021-06-23 11:35:09,1867.9,0
2021-06-23 11:35:13,1867.5,0
2021-06-23 11:35:20,1868.2,0
2021-06-23 11:35:25,1868.15,0
2021-06-23 11:35:28,1868.05,0
2021-06-23 11:35:29,1868.1,0
2021-06-23 11:35:40,1867.25,0
2021-06-23 11:35:41,1867.25,0
2021-06-23 11:35:43,1867.65,0
2021-06-23 11:35:46,1868.05,0
2021-06-23 11:35:48,1867.6,0
2021-06-23 11:35:50,1867.2,0
2021-06-23 11:35:55,1867.3,0
2021-06-23 11:35:56,1867.3,0
2021-06-23 11:35:56,1867.3,0
2021-06-23 11:36:08,1867.3,0
2021-06-23 11:36:12,1866.8,0
2021-06-23 11:36:18,1867.1,0
2021-06-23 11:36:23,1867.25,0
2021-06-23 11:36:24,1866.8,0
2021-06-23 11:36:34,1866.7,0
2021-06-23 11:36:36,1867.65,0
2021-06-23 11:36:37,1867.65,0
2021-06-23 11:36:40,1867.15,0
2021-06-23 11:36:44,1866.45,0
2021-06-23 11:36:56,1866.5,0
2021-06-23 11:36:57,1866.8,0
2021-06-23 11:36:59,1867.15,0
2021-06-23 11:37:02,1866.3,0
2021-06-23 11:37:04,1866.6,0
2021-06-23 11:37:13,1865.9,0
2021-06-23 11:37:15,1866.2,0
2021-06-23 11:37:21,1866.55,0
2021-06-23 11:37:23,1866.05,0
2021-06-23 11:37:26,1866.55,0
2021-06-23 11:37:35,1866.05,0
2021-06-23 11:37:38,1866.35,0
2021-06-23 11:37:45,1866.25,0
2021-06-23 11:37:46,1866.75,0
2021-06-23 11:37:47,1866.7,0
2021-06-23 11:37:49,1866.25,0
2021-06-23 11:37:55,1866.6,0
2021-06-23 11:37:58,1866.35,0
2021-06-23 11:37:59,1866.4,0
2021-06-23 11:38:01,1866.6,0
2021-06-23 11:38:01,1866.6,0
2021-06-23 11:38:11,1866.85,0
2021-06-23 11:38:14,1866.55,0
2021-06-23 11:38:23,1867.25,0
2021-06-23 11:38:30,1866.1,0
2021-06-23 11:38:32,1866.55,0
2021-06-23 11:38:35,1866.4,0
2021-06-23 11:38:36,1866.4,0
2021-06-23 11:38:40,1866.6,0
2021-06-23 11:38:42,1866.8,0
2021-06-23 11:38:49,1866.8,0
2021-06-23 11:38:54,1866.55,0
2021-06-23 11:38:59,1866.35,0
2021-06-23 11:39:00,1866.4,0
2021-06-23 11:39:02,1867.1,0
2021-06-23 11:39:04,1867.05,0
2021-06-23 11:39:07,1866.8,0
2021-06-23 11:39:07,1866.8,0
2021-06-23 11:39:15,1867.25,0
2021-06-23 11:39:17,1867.1,0
2021-06-23 11:39:18,1867.05,0
2021-06-23 11:39:23,1867.2,0
2021-06-23 11:39:24,1867.2,0
2021-06-23 11:39:29,1867.8,0
2021-06-23 11:39:30,1867.8,0
2021-06-23 11:39:31,1867.8,0
2021-06-23 11:39:33,1867.35,0
2021-06-23 11:39:35,1867.45,0
2021-06-23 11:39:36,1867.9,0
2021-06-23 11:39:38,1867.45,0
2021-06-23 11:39:43,1867.6,0
2021-06-23 11:39:45,1867.0,0
2021-06-23 11:39:53,1866.95,0
2021-06-23 11:39:55,1866.9,0
2021-06-23 11:39:57,1866.45,0
2021-06-23 11:39:58,1866.45,0
2021-06-23 11:40:00,1867.2,0
2021-06-23 11:40:08,1867.25,0
2021-06-23 11:40:09,1867.25,0
2021-06-23 11:40:10,1867.25,0
2021-06-23 11:40:14,1866.3,0
2021-06-23 11:40:23,1867.0,0
2021-06-23 11:40:25,1866.5,0
2021-06-23 11:40:30,1866.85,0
2021-06-23 11:40:31,1866.15,0
2021-06-23 11:40:34,1866.85,0
2021-06-23 11:40:38,1866.4,0
2021-06-23 11:40:41,1867.0,0
2021-06-23 11:40:47,1867.3,0
2021-06-23 11:40:48,1866.8,0
2021-06-23 11:40:49,1866.95,0
2021-06-23 11:40:53,1867.4,0
2021-06-23 11:40:54,1866.9,0
2021-06-23 11:40:59,1867.0,0
2021-06-23 11:41:04,1866.65,0
2021-06-23 11:41:07,1866.55,0
2021-06-23 11:41:12,1866.15,0
2021-06-23 11:41:13,1866.7,0
2021-06-23 11:41:14,1866.8,0
2021-06-23 11:41:17,1865.9,0
2021-06-23 11:41:18,1866.4,0
2021-06-23 11:41:18,1866.4,0
2021-06-23 11:41:29,1866.45,0
2021-06-23 11:41:31,1866.0,0
2021-06-23 11:41:33,1866.45,0
2021-06-23 11:41:37,1866.55,0
2021-06-23 11:41:38,1865.95,0
2021-06-23 11:41:39,1866.15,0
2021-06-23 11:41:41,1865.9,0
2021-06-23 11:41:43,1865.9,0
2021-06-23 11:41:44,1866.75,0
2021-06-23 11:41:46,1866.05,0
2021-06-23 11:41:54,1865.7,0
2021-06-23 11:42:10,1866.35,0
2021-06-23 11:42:13,1866.8,0
2021-06-23 11:42:17,1866.45,0
2021-06-23 11:42:21,1866.15,0
2021-06-23 11:42:24,1866.45,0
2021-06-23 11:42:25,1865.95,0
2021-06-23 11:42:33,1865.7,0
2021-06-23 11:42:34,1865.7,0
2021-06-23 11:42:35,1866.1,0
2021-06-23 11:42:38,1865.55,0
2021-06-23 11:42:41,1866.35,0
2021-06-23 11:42:44,1865.6,0
2021-06-23 11:42:55,1865.55,0
2021-06-23 11:42:59,1866.25,0
2021-06-23 11:43:05,1866.2,0
2021-06-23 11:43:10,1866.4,0
2021-06-23 11:43:11,1866.35,0
2021-06-23 11:43:15,1866.6,0
2021-06-23 11:43:23,1865.75,0
2021-06-23 11:43:23,1865.75,0
2021-06-23 11:43:24,1865.75,0
2021-06-23 11:43:29,1865.8,0
2021-06-23 11:43:30,1866.15,0
2021-06-23 11:43:37,1865.7,0
2021-06-23 11:43:38,1865.7,0
2021-06-23 11:43:39,1866.1,0
2021-06-23 11:43:40,1866.1,0
2021-06-23 11:43:47,1866.75,0
2021-06-23 11:43:48,1866.25,0
2021-06-23 11:43:52,1866.15,0
2021-06-23 11:43:57,1866.6,0
2021-06-23 11:44:00,1866.3,0
2021-06-23 11:44:02,1866.75,0
2021-06-23 11:44:03,1866.35,0
2021-06-23 11:44:06,1866.6,0
2021-06-23 11:44:15,1866.05,0
2021-06-23 11:44:18,1866.25,0
2021-06-23 11:44:18,1866.25,0
2021-06-23 11:44:27,1866.75,0
2021-06-23 11:44:32,1866.7,0
2021-06-23 11:44:34,1866.25,0
2021-06-23 11:44:37,1867.2,0
2021-06-23 11:44:47,1866.5,0
2021-06-23 11:44:49,1865.9,0
2021-06-23 11:44:51,1866.3,0
2021-06-23 11:44:53,1865.55,0
2021-06-23 11:44:57,1865.9,0
2021-06-23 11:45:02,1865.95,0
2021-06-23 11:45:03,1865.95,0
2021-06-23 11:45:09,1866.3,0
2021-06-23 11:45:13,1866.85,0
2021-06-23 11:45:18,1867.65,0
2021-06-23 11:45:20,1867.0,0
2021-06-23 11:45:20,1867.0,0
2021-06-23 11:45:27,1867.25,0
2021-06-23 11:45:28,1867.3,0
2021-06-23 11:45:34,1868.0,0
2021-06-23 11:45:37,1867.4,0
2021-06-23 11:45:39,1867.25,0
2021-06-23 11:45:40,1867.85,0
2021-06-23 11:45:41,1867.85,0
2021-06-23 11:45:44,1867.35,0
2021-06-23 11:45:50,1867.6,0
2021-06-23 11:45:52,1867.8,0
2021-06-23 11:45:54,1867.65,0
2021-06-23 11:45:55,1867.65,0
2021-06-23 11:45:58,1867.35,0
2021-06-23 11:45:59,1866.9,0
2021-06-23 11:46:01,1867.45,0
2021-06-23 11:46:02,1867.15,0
2021-06-23 11:46:08,1866.55,0
2021-06-23 11:46:09,1866.55,0
2021-06-23 11:46:13,1867.4,0
2021-06-23 11:46:15,1867.05,0
2021-06-23 11:46:17,1867.55,0
2021-06-23 11:46:23,1867.35,0
2021-06-23 11:46:26,1866.7,0
2021-06-23 11:46:31,1867.45,0
2021-06-23 11:46:34,1866.85,0
2021-06-23 11:46:35,1866.85,0
2021-06-23 11:46:36,1867.3,0
2021-06-23 11:46:40,1867.25,0
2021-06-23 11:46:43,1866.9,0
2021-06-23 11:46:46,1866.35,0
2021-06-23 11:46:48,1866.8,0
2021-06-23 11:46:50,1866.55,0
2021-06-23 11:46:52,1867.0,0
2021-06-23 11:46:54,1866.75,0
2021-06-23 11:46:59,1867.55,0
2021-06-23 11:47:01,1867.05,0
2021-06-23 11:47:07,1866.85,0
2021-06-23 11:47:11,1866.85,0
2021-06-23 11:47:13,1866.85,0
2021-06-23 11:47:18,1866.6,0
2021-06-23 11:47:19,1866.6,0
2021-06-23 11:47:24,1866.7,0
2021-06-23 11:47:27,1867.45,0
2021-06-23 11:47:29,1866.65,0
2021-06-23 11:47:32,1867.15,0
2021-06-23 11:47:41,1866.55,0
2021-06-23 11:47:40,1867.15,0
2021-06-23 11:47:45,1867.65,0
2021-06-23 11:47:47,1867.15,0
2021-06-23 11:47:48,1867.75,0
2021-06-23 11:47:55,1867.8,0
2021-06-23 11:47:56,1867.0,0
2021-06-23 11:47:59,1866.9,0
2021-06-23 11:48:00,1866.9,0
2021-06-23 11:48:01,1866.85,0
2021-06-23 11:48:03,1866.05,0
2021-06-23 11:48:06,1866.35,0
2021-06-23 11:48:09,1866.55,0
2021-06-23 11:48:15,1865.95,0
2021-06-23 11:48:17,1865.4,0
2021-06-23 11:48:18,1865.85,0
2021-06-23 11:48:21,1865.4,0
2021-06-23 11:48:24,1865.8,0
2021-06-23 11:48:26,1866.3,0
2021-06-23 11:48:28,1866.0,0
2021-06-23 11:48:28,1866.0,0
2021-06-23 11:48:36,1865.25,0
2021-06-23 11:48:39,1865.85,0
2021-06-23 11:48:40,1865.35,0
2021-06-23 11:48:44,1866.0,0
2021-06-23 11:48:46,1865.75,0
2021-06-23 11:48:51,1865.15,0
2021-06-23 11:48:53,1865.65,0
2021-06-23 11:48:57,1865.65,0
2021-06-23 11:48:59,1865.8,0
2021-06-23 11:49:03,1865.55,0
2021-06-23 11:49:04,1865.5,0
2021-06-23 11:49:06,1865.75,0
2021-06-23 11:49:08,1865.5,0
2021-06-23 11:49:10,1865.5,0
2021-06-23 11:49:19,1865.25,0
2021-06-23 11:49:20,1864.8,0
2021-06-23 11:49:21,1864.8,0
2021-06-23 11:49:24,1865.25,0
2021-06-23 11:49:24,1865.25,0
2021-06-23 11:49:31,1864.55,0
2021-06-23 11:49:35,1864.7,0
2021-06-23 11:49:43,1864.4,0
2021-06-23 11:49:45,1864.7,0
2021-06-23 11:49:48,1865.1,0
2021-06-23 11:49:54,1864.85,0
2021-06-23 11:49:55,1864.85,0
2021-06-23 11:49:56,1864.85,0
2021-06-23 11:50:11,1864.6,0
2021-06-23 11:50:13,1864.35,0
2021-06-23 11:50:16,1864.35,0
2021-06-23 11:50:18,1864.85,0
2021-06-23 11:50:27,1864.8,0
2021-06-23 11:50:28,1864.95,0
2021-06-23 11:50:28,1864.95,0
2021-06-23 11:50:31,1864.7,0
2021-06-23 11:50:34,1865.15,0
2021-06-23 11:50:35,1865.15,0
2021-06-23 11:50:36,1865.25,0
2021-06-23 11:50:38,1865.25,0
2021-06-23 11:50:42,1864.65,0
2021-06-23 11:50:45,1864.85,0
2021-06-23 11:50:47,1865.5,0
2021-06-23 11:50:51,1865.8,0
2021-06-23 11:50:58,1865.75,0
2021-06-23 11:50:59,1865.8,0
2021-06-23 11:51:00,1865.3,0
2021-06-23 11:51:02,1865.2,0
2021-06-23 11:51:03,1865.25,0
2021-06-23 11:51:15,1865.0,0
2021-06-23 11:51:21,1864.95,0
2021-06-23 11:51:25,1864.95,0
2021-06-23 11:51:29,1865.3,0
2021-06-23 11:51:29,1865.3,0
2021-06-23 11:51:33,1864.8,0
2021-06-23 11:51:40,1864.9,0
2021-06-23 11:51:47,1864.8,0
2021-06-23 11:51:51,1865.35,0
2021-06-23 11:51:56,1865.35,0
2021-06-23 11:51:57,1865.35,0
2021-06-23 11:52:02,1864.95,0
2021-06-23 11:52:05,1864.75,0
2021-06-23 11:52:08,1865.85,0
2021-06-23 11:52:10,1865.4,0
2021-06-23 11:52:25,1865.3,0
2021-06-23 11:52:26,1865.4,0
2021-06-23 11:52:29,1865.0,0
2021-06-23 11:52:29,1865.0,0
2021-06-23 11:52:36,1865.4,0
2021-06-23 11:52:37,1864.95,0
2021-06-23 11:52:38,1864.95,0
2021-06-23 11:52:40,1865.7,0
2021-06-23 11:52:42,1865.15,0
2021-06-23 11:52:43,1865.15,0
2021-06-23 11:52:45,1865.6,0
2021-06-23 11:52:50,1865.35,0
2021-06-23 11:52:52,1865.85,0
2021-06-23 11:52:53,1865.35,0
2021-06-23 11:52:55,1865.35,0
2021-06-23 11:52:56,1865.1,0
2021-06-23 11:52:59,1865.15,0
2021-06-23 11:53:04,1865.85,0
2021-06-23 11:53:12,1865.5,0
2021-06-23 11:53:30,1866.25,0
2021-06-23 11:53:32,1865.75,0
2021-06-23 11:53:34,1866.2,0
2021-06-23 11:53:37,1866.7,0
2021-06-23 11:53:48,1866.65,0
2021-06-23 11:53:53,1867.3,0
2021-06-23 11:53:55,1866.8,0
2021-06-23 11:53:57,1866.9,0
2021-06-23 11:54:19,1866.9,0
2021-06-23 11:54:23,1867.45,0
2021-06-23 11:54:24,1867.0,0
2021-06-23 11:54:29,1867.5,0
2021-06-23 11:54:28,1866.75,0
2021-06-23 11:54:32,1867.65,0
2021-06-23 11:54:37,1867.05,0
2021-06-23 11:54:39,1867.6,0
2021-06-23 11:54:42,1867.2,0
2021-06-23 11:54:43,1867.7,0
2021-06-23 11:54:48,1867.0,0
2021-06-23 11:54:49,1867.0,0
2021-06-23 11:55:01,1867.1,0
2021-06-23 11:55:04,1867.5,0
2021-06-23 11:55:05,1867.05,0
2021-06-23 11:55:08,1867.6,0
2021-06-23 11:55:09,1867.65,0
2021-06-23 11:55:10,1867.25,0
2021-06-23 11:55:11,1867.35,0
2021-06-23 11:55:14,1867.65,0
2021-06-23 11:55:15,1867.75,0
2021-06-23 11:55:17,1867.75,0
2021-06-23 11:55:19,1867.55,0
2021-06-23 11:55:24,1867.5,0
2021-06-23 11:55:25,1867.5,0
2021-06-23 11:55:33,1868.3,0
2021-06-23 11:55:34,1868.25,0
2021-06-23 11:55:36,1867.65,0
2021-06-23 11:55:37,1868.0,0
2021-06-23 11:55:38,1868.25,0
2021-06-23 11:55:43,1868.15,0
2021-06-23 11:55:50,1868.35,0
2021-06-23 11:55:51,1867.9,0
2021-06-23 11:55:54,1867.8,0
2021-06-23 11:55:55,1867.8,0
2021-06-23 11:55:56,1867.8,0
2021-06-23 11:55:58,1867.9,0
2021-06-23 11:55:59,1868.05,0
2021-06-23 11:56:00,1868.45,0
2021-06-23 11:56:02,1867.7,0
2021-06-23 11:56:04,1868.25,0
2021-06-23 11:56:05,1868.55,0
2021-06-23 11:56:06,1868.65,0
2021-06-23 11:56:08,1868.8,0
2021-06-23 11:56:16,1868.55,0
2021-06-23 11:56:17,1868.6,0
2021-06-23 11:56:18,1867.8,0
2021-06-23 11:56:21,1867.8,0
2021-06-23 11:56:28,1867.25,0
2021-06-23 11:56:29,1867.3,0
2021-06-23 11:56:30,1867.3,0
2021-06-23 11:56:35,1867.7,0
2021-06-23 11:56:36,1867.7,0
2021-06-23 11:56:36,1867.7,0
2021-06-23 11:56:44,1868.2,0
2021-06-23 11:56:51,1866.95,0
2021-06-23 11:56:52,1867.45,0
2021-06-23 11:56:58,1867.35,0
2021-06-23 11:57:04,1866.75,0
2021-06-23 11:57:06,1867.25,0
2021-06-23 11:57:07,1866.75,0
2021-06-23 11:57:13,1867.2,0
2021-06-23 11:57:14,1867.7,0
2021-06-23 11:57:16,1867.55,0
2021-06-23 11:57:20,1867.4,0
2021-06-23 11:57:33,1867.75,0
2021-06-23 11:57:34,1867.75,0
2021-06-23 11:57:38,1867.55,0
2021-06-23 11:57:39,1867.55,0
2021-06-23 11:57:42,1868.05,0
2021-06-23 11:57:44,1867.35,0
2021-06-23 11:57:50,1867.25,0
2021-06-23 11:57:55,1867.75,0
2021-06-23 11:57:56,1867.8,0
2021-06-23 11:57:58,1867.8,0
2021-06-23 11:57:59,1867.55,0
2021-06-23 11:58:04,1867.55,0
2021-06-23 11:58:05,1867.25,0
2021-06-23 11:58:07,1867.1,0
2021-06-23 11:58:10,1866.45,0
2021-06-23 11:58:12,1866.65,0
2021-06-23 11:58:13,1866.2,0
2021-06-23 11:58:15,1866.65,0
2021-06-23 11:58:20,1866.2,0
2021-06-23 11:58:28,1865.0,0
2021-06-23 11:58:34,1864.6,0
2021-06-23 11:58:35,1864.6,0
2021-06-23 11:58:36,1864.6,0
2021-06-23 11:58:37,1864.8,0
2021-06-23 11:58:43,1864.4,0
2021-06-23 11:58:49,1863.85,0
2021-06-23 11:58:49,1863.85,0
2021-06-23 11:58:55,1863.5,0
2021-06-23 11:59:01,1863.45,0
2021-06-23 11:59:02,1862.55,0
2021-06-23 11:59:11,1863.4,0
2021-06-23 11:59:14,1863.35,0
2021-06-23 11:59:25,1863.0,0
2021-06-23 11:59:26,1862.85,0
2021-06-23 11:59:30,1863.05,0
2021-06-23 11:59:36,1862.8,0
2021-06-23 11:59:38,1863.55,0
2021-06-23 11:59:38,1863.55,0
2021-06-23 12:00:02,1862.65,0
2021-06-23 12:00:03,1863.15,0
2021-06-23 12:00:05,1863.15,0
2021-06-23 12:00:07,1863.15,0
2021-06-23 12:00:08,1863.15,0
2021-06-23 12:00:19,1863.5,0
2021-06-23 12:00:22,1863.6,0
2021-06-23 12:00:25,1863.05,0
2021-06-23 12:00:26,1863.7,0
2021-06-23 12:00:37,1862.95,0
2021-06-23 12:00:41,1862.9,0
2021-06-23 12:00:45,1862.5,0
2021-06-23 12:00:47,1863.0,0
2021-06-23 12:00:49,1862.35,0
2021-06-23 12:00:52,1862.8,0
2021-06-23 12:00:52,1862.8,0
2021-06-23 12:00:58,1862.55,0
2021-06-23 12:01:05,1862.9,0
2021-06-23 12:01:10,1863.2,0
2021-06-23 12:01:15,1863.6,0
2021-06-23 12:01:20,1862.8,0
2021-06-23 12:01:22,1863.35,0
2021-06-23 12:01:23,1863.4,0
2021-06-23 12:01:28,1863.35,0
2021-06-23 12:01:33,1862.9,0
2021-06-23 12:01:42,1862.2,0
2021-06-23 12:01:43,1862.45,0
2021-06-23 12:01:44,1862.4,0
2021-06-23 12:01:45,1862.9,0
2021-06-23 12:01:46,1862.9,0
2021-06-23 12:01:50,1862.65,0
2021-06-23 12:01:53,1862.2,0
2021-06-23 12:01:55,1862.9,0
2021-06-23 12:01:55,1862.9,0
2021-06-23 12:02:05,1862.15,0
2021-06-23 12:02:08,1861.65,0
2021-06-23 12:02:09,1862.0,0
2021-06-23 12:02:12,1862.25,0
2021-06-23 12:02:13,1862.35,0
2021-06-23 12:02:16,1861.85,0
2021-06-23 12:02:18,1862.7,0
2021-06-23 12:02:24,1862.95,0
2021-06-23 12:02:29,1862.65,0
2021-06-23 12:02:30,1862.3,0
2021-06-23 12:02:32,1862.5,0
2021-06-23 12:02:35,1862.6,0
2021-06-23 12:02:38,1862.1,0
2021-06-23 12:02:44,1862.35,0
2021-06-23 12:02:48,1862.7,0
2021-06-23 12:02:57,1862.9,0
2021-06-23 12:02:58,1862.4,0
2021-06-23 12:02:58,1862.4,0
2021-06-23 12:03:07,1862.95,0
2021-06-23 12:03:09,1862.5,0
2021-06-23 12:03:10,1862.5,0
2021-06-23 12:03:12,1863.2,0
2021-06-23 12:03:13,1863.3,0
2021-06-23 12:03:18,1862.75,0
2021-06-23 12:03:20,1863.2,0
2021-06-23 12:03:21,1862.5,0
2021-06-23 12:03:35,1862.8,0
2021-06-23 12:03:36,1862.8,0
2021-06-23 12:03:37,1862.65,0
2021-06-23 12:03:38,1862.75,0
2021-06-23 12:03:40,1863.3,0
2021-06-23 12:03:43,1862.6,0
2021-06-23 12:03:50,1863.15,0
2021-06-23 12:03:51,1863.05,0
2021-06-23 12:03:54,1863.55,0
2021-06-23 12:03:55,1863.05,0
2021-06-23 12:03:57,1863.3,0
2021-06-23 12:04:01,1863.9,0
2021-06-23 12:04:02,1863.2,0
2021-06-23 12:04:04,1863.5,0
2021-06-23 12:04:11,1864.3,0
2021-06-23 12:04:15,1863.8,0
2021-06-23 12:04:16,1864.15,0
2021-06-23 12:04:21,1863.9,0
2021-06-23 12:04:23,1864.45,0
2021-06-23 12:04:24,1864.45,0
2021-06-23 12:04:25,1864.45,0
2021-06-23 12:04:26,1864.05,0
2021-06-23 12:04:28,1863.95,0
2021-06-23 12:04:30,1864.2,0
2021-06-23 12:04:31,1864.1,0
2021-06-23 12:04:39,1864.7,0
2021-06-23 12:04:40,1864.7,0
2021-06-23 12:04:41,1864.3,0
2021-06-23 12:04:43,1864.95,0
2021-06-23 12:04:49,1864.7,0
2021-06-23 12:04:52,1865.3,0
2021-06-23 12:04:54,1864.8,0
2021-06-23 12:04:59,1864.75,0
2021-06-23 12:05:03,1865.0,0
2021-06-23 12:05:07,1864.5,0
2021-06-23 12:05:08,1864.95,0
2021-06-23 12:05:08,1864.95,0
2021-06-23 12:05:20,1864.55,0
2021-06-23 12:05:23,1864.2,0
2021-06-23 12:05:24,1864.6,0
2021-06-23 12:05:32,1864.75,0
2021-06-23 12:05:33,1864.35,0
2021-06-23 12:05:34,1864.65,0
2021-06-23 12:05:37,1864.9,0
2021-06-23 12:05:38,1864.9,0
2021-06-23 12:05:39,1865.05,0
2021-06-23 12:05:41,1864.45,0
2021-06-23 12:05:42,1865.25,0
2021-06-23 12:05:43,1865.25,0
2021-06-23 12:05:45,1864.9,0
2021-06-23 12:05:47,1864.9,0
2021-06-23 12:05:49,1865.1,0
2021-06-23 12:05:52,1865.1,0
2021-06-23 12:05:53,1864.6,0
2021-06-23 12:05:54,1865.15,0
2021-06-23 12:05:57,1865.65,0
2021-06-23 12:05:58,1865.35,0
2021-06-23 12:05:59,1865.25,0
2021-06-23 12:06:00,1865.25,0
2021-06-23 12:06:01,1865.75,0
2021-06-23 12:06:03,1865.1,0
2021-06-23 12:06:04,1865.0,0
2021-06-23 12:06:05,1864.9,0
2021-06-23 12:06:09,1864.95,0
2021-06-23 12:06:13,1864.55,0
2021-06-23 12:06:14,1864.65,0
2021-06-23 12:06:19,1865.2,0
2021-06-23 12:06:23,1864.65,0
2021-06-23 12:06:24,1865.15,0
2021-06-23 12:06:25,1865.15,0
2021-06-23 12:06:29,1865.15,0
2021-06-23 12:06:30,1865.15,0
2021-06-23 12:06:36,1864.4,0
2021-06-23 12:06:43,1864.1,0
2021-06-23 12:06:44,1864.1,0
2021-06-23 12:06:45,1864.1,0
2021-06-23 12:06:46,1864.55,0
2021-06-23 12:06:54,1864.15,0
2021-06-23 12:06:56,1864.25,0
2021-06-23 12:06:57,1864.6,0
2021-06-23 12:07:00,1864.1,0
2021-06-23 12:07:02,1863.4,0
2021-06-23 12:07:05,1863.65,0
2021-06-23 12:07:09,1863.95,0
2021-06-23 12:07:10,1863.45,0
2021-06-23 12:07:19,1863.7,0
2021-06-23 12:07:32,1863.6,0
2021-06-23 12:07:38,1862.95,0
2021-06-23 12:07:42,1864.0,0
2021-06-23 12:07:43,1864.0,0
2021-06-23 12:07:44,1864.05,0
2021-06-23 12:07:53,1863.7,0
2021-06-23 12:07:58,1863.45,0
2021-06-23 12:08:09,1864.0,0
2021-06-23 12:08:11,1864.45,0
2021-06-23 12:08:15,1864.45,0
2021-06-23 12:08:19,1864.45,0
2021-06-23 12:08:21,1864.9,0
2021-06-23 12:08:23,1864.45,0
2021-06-23 12:08:24,1864.55,0
2021-06-23 12:08:26,1864.95,0
2021-06-23 12:08:27,1864.95,0
2021-06-23 12:08:28,1864.85,0
2021-06-23 12:08:29,1864.45,0
2021-06-23 12:08:43,1864.55,0
2021-06-23 12:08:46,1865.0,0
2021-06-23 12:08:47,1865.0,0
2021-06-23 12:08:48,1865.0,0
2021-06-23 12:08:50,1864.3,0
2021-06-23 12:08:57,1864.4,0
2021-06-23 12:09:04,1864.35,0
2021-06-23 12:09:07,1864.35,0
2021-06-23 12:09:08,1864.35,0
2021-06-23 12:09:16,1864.75,0
2021-06-23 12:09:18,1865.35,0
2021-06-23 12:09:21,1864.85,0
2021-06-23 12:09:23,1865.25,0
2021-06-23 12:09:26,1864.75,0
2021-06-23 12:09:30,1865.0,0
2021-06-23 12:09:31,1865.0,0
2021-06-23 12:09:38,1864.45,0
2021-06-23 12:09:40,1864.6,0
2021-06-23 12:09:42,1865.2,0
2021-06-23 12:09:49,1865.2,0
2021-06-23 12:09:52,1865.7,0
2021-06-23 12:09:56,1865.25,0
2021-06-23 12:10:02,1865.6,0
2021-06-23 12:10:05,1865.4,0
2021-06-23 12:10:08,1865.85,0
2021-06-23 12:10:15,1865.45,0
2021-06-23 12:10:16,1865.45,0
2021-06-23 12:10:18,1864.8,0
2021-06-23 12:10:20,1864.95,0
2021-06-23 12:10:22,1864.7,0
2021-06-23 12:10:23,1865.15,0
2021-06-23 12:10:24,1865.15,0
2021-06-23 12:10:27,1864.95,0
2021-06-23 12:10:33,1865.2,0
2021-06-23 12:10:34,1865.2,0
2021-06-23 12:10:37,1864.7,0
2021-06-23 12:10:40,1865.2,0
2021-06-23 12:10:41,1865.15,0
2021-06-23 12:10:43,1865.25,0
2021-06-23 12:10:44,1865.25,0
2021-06-23 12:10:45,1865.8,0
2021-06-23 12:10:47,1865.6,0
2021-06-23 12:10:51,1865.1,0
2021-06-23 12:10:54,1865.85,0
2021-06-23 12:11:00,1865.05,0
2021-06-23 12:11:03,1865.3,0
2021-06-23 12:11:09,1865.4,0
2021-06-23 12:11:10,1865.9,0
2021-06-23 12:11:11,1865.9,0
2021-06-23 12:11:13,1865.15,0
2021-06-23 12:11:15,1865.6,0
2021-06-23 12:11:16,1865.5,0
2021-06-23 12:11:20,1865.75,0
2021-06-23 12:11:23,1865.75,0
2021-06-23 12:11:26,1865.95,0
2021-06-23 12:11:30,1865.25,0
2021-06-23 12:11:33,1865.75,0
2021-06-23 12:11:34,1865.25,0
2021-06-23 12:11:44,1865.2,0
2021-06-23 12:11:45,1865.2,0
2021-06-23 12:11:47,1865.2,0
2021-06-23 12:11:52,1865.6,0
2021-06-23 12:11:55,1865.1,0
2021-06-23 12:11:56,1865.1,0
2021-06-23 12:11:56,1865.1,0
2021-06-23 12:12:02,1865.5,0
2021-06-23 12:12:03,1865.5,0
2021-06-23 12:12:04,1865.5,0
2021-06-23 12:12:05,1865.5,0
2021-06-23 12:12:07,1864.7,0
2021-06-23 12:12:10,1865.2,0
2021-06-23 12:12:14,1864.8,0
2021-06-23 12:12:25,1865.85,0
2021-06-23 12:12:26,1865.35,0
2021-06-23 12:12:34,1865.15,0
2021-06-23 12:12:37,1865.7,0
2021-06-23 12:12:38,1865.7,0
2021-06-23 12:12:40,1865.3,0
2021-06-23 12:12:44,1865.8,0
2021-06-23 12:12:46,1865.25,0
2021-06-23 12:12:50,1865.7,0
2021-06-23 12:12:57,1865.95,0
2021-06-23 12:13:04,1865.75,0
2021-06-23 12:13:08,1865.45,0
2021-06-23 12:13:14,1865.7,0
2021-06-23 12:13:15,1866.15,0
2021-06-23 12:13:17,1866.1,0
2021-06-23 12:13:23,1865.75,0
2021-06-23 12:13:28,1865.45,0
2021-06-23 12:13:30,1865.9,0
2021-06-23 12:13:35,1865.45,0
2021-06-23 12:13:37,1865.55,0
2021-06-23 12:13:41,1866.0,0
2021-06-23 12:13:42,1866.0,0
2021-06-23 12:13:43,1866.0,0
2021-06-23 12:13:44,1865.6,0
2021-06-23 12:13:49,1865.9,0
2021-06-23 12:13:50,1865.05,0
2021-06-23 12:13:52,1865.9,0
2021-06-23 12:13:54,1865.9,0
2021-06-23 12:13:55,1865.25,0
2021-06-23 12:13:57,1865.25,0
2021-06-23 12:13:58,1865.1,0
2021-06-23 12:13:59,1865.6,0
2021-06-23 12:14:03,1865.7,0
2021-06-23 12:14:06,1865.25,0
2021-06-23 12:14:10,1865.2,0
2021-06-23 12:14:11,1865.25,0
2021-06-23 12:14:12,1865.25,0
2021-06-23 12:14:13,1865.1,0
2021-06-23 12:14:19,1865.6,0
2021-06-23 12:14:20,1865.15,0
2021-06-23 12:14:23,1865.1,0
2021-06-23 12:14:26,1865.0,0
2021-06-23 12:14:27,1865.1,0
2021-06-23 12:14:28,1865.0,0
2021-06-23 12:14:33,1865.35,0
2021-06-23 12:14:35,1865.1,0
2021-06-23 12:14:36,1865.1,0
2021-06-23 12:14:40,1865.35,0
2021-06-23 12:14:43,1865.9,0
2021-06-23 12:14:46,1865.45,0
2021-06-23 12:14:52,1865.35,0
2021-06-23 12:14:55,1865.1,0
2021-06-23 12:14:57,1865.15,0
2021-06-23 12:14:58,1864.95,0
2021-06-23 12:15:00,1865.45,0
2021-06-23 12:15:01,1865.45,0
2021-06-23 12:15:05,1865.55,0
2021-06-23 12:15:06,1865.25,0
2021-06-23 12:15:07,1865.75,0
2021-06-23 12:15:08,1865.85,0
2021-06-23 12:15:11,1865.35,0
2021-06-23 12:15:13,1866.5,0
2021-06-23 12:15:17,1866.55,0
2021-06-23 12:15:19,1866.25,0
2021-06-23 12:15:21,1866.4,0
2021-06-23 12:15:22,1866.85,0
2021-06-23 12:15:23,1866.85,0
2021-06-23 12:15:30,1865.95,0
2021-06-23 12:15:31,1866.5,0
2021-06-23 12:15:36,1866.7,0
2021-06-23 12:15:38,1866.7,0
2021-06-23 12:15:45,1867.15,0
2021-06-23 12:15:47,1867.25,0
2021-06-23 12:15:48,1867.25,0
2021-06-23 12:15:51,1866.6,0
2021-06-23 12:15:54,1866.3,0
2021-06-23 12:15:56,1866.95,0
2021-06-23 12:15:59,1866.75,0
2021-06-23 12:16:01,1866.25,0
2021-06-23 12:16:09,1866.55,0
2021-06-23 12:16:12,1866.9,0
2021-06-23 12:16:13,1866.9,0
2021-06-23 12:16:14,1866.9,0
2021-06-23 12:16:17,1865.85,0
2021-06-23 12:16:24,1865.55,0
2021-06-23 12:16:25,1865.55,0
2021-06-23 12:16:31,1865.95,0
2021-06-23 12:16:39,1865.4,0
2021-06-23 12:16:41,1865.35,0
2021-06-23 12:16:43,1866.05,0
2021-06-23 12:16:47,1865.35,0
2021-06-23 12:16:59,1865.35,0
2021-06-23 12:17:03,1865.45,0
2021-06-23 12:17:05,1865.35,0
2021-06-23 12:17:08,1865.8,0
2021-06-23 12:17:11,1865.25,0
2021-06-23 12:17:21,1866.1,0
2021-06-23 12:17:29,1865.6,0
2021-06-23 12:17:30,1866.6,0
2021-06-23 12:17:33,1866.4,0
2021-06-23 12:17:34,1865.9,0
2021-06-23 12:17:41,1865.4,0
2021-06-23 12:17:48,1866.25,0
2021-06-23 12:17:52,1866.25,0
2021-06-23 12:17:58,1866.25,0
2021-06-23 12:18:07,1866.5,0
2021-06-23 12:18:11,1866.6,0
2021-06-23 12:18:14,1866.2,0
2021-06-23 12:18:24,1866.05,0
2021-06-23 12:18:27,1865.75,0
2021-06-23 12:18:28,1865.75,0
2021-06-23 12:18:32,1866.1,0
2021-06-23 12:18:34,1865.9,0
2021-06-23 12:18:36,1865.9,0
2021-06-23 12:18:37,1865.9,0
2021-06-23 12:18:39,1866.55,0
2021-06-23 12:18:41,1866.05,0
2021-06-23 12:18:43,1865.75,0
2021-06-23 12:18:47,1865.9,0
2021-06-23 12:18:48,1865.9,0
2021-06-23 12:18:57,1865.4,0
2021-06-23 12:18:58,1865.4,0
2021-06-23 12:18:59,1865.45,0
2021-06-23 12:19:00,1865.95,0
2021-06-23 12:19:03,1865.75,0
2021-06-23 12:19:06,1865.9,0
2021-06-23 12:19:10,1865.4,0
2021-06-23 12:19:13,1865.4,0
2021-06-23 12:19:14,1865.65,0
2021-06-23 12:19:16,1865.65,0
2021-06-23 12:19:21,1865.15,0
2021-06-23 12:19:37,1867.75,0
2021-06-23 12:19:42,1867.15,0
2021-06-23 12:19:45,1868.0,0
2021-06-23 12:19:48,1868.8,0
2021-06-23 12:19:49,1869.35,0
2021-06-23 12:19:50,1869.05,0
2021-06-23 12:19:51,1869.05,0
2021-06-23 12:19:55,1868.55,0
2021-06-23 12:19:58,1868.45,0
2021-06-23 12:20:00,1869.35,0
2021-06-23 12:20:01,1869.35,0
2021-06-23 12:20:05,1867.75,0
2021-06-23 12:20:07,1868.5,0
2021-06-23 12:20:09,1868.15,0
2021-06-23 12:20:14,1868.75,0
2021-06-23 12:20:15,1869.2,0
2021-06-23 12:20:17,1869.45,0
2021-06-23 12:20:18,1869.25,0
2021-06-23 12:20:21,1869.8,0
2021-06-23 12:20:22,1869.05,0
2021-06-23 12:20:27,1869.1,0
2021-06-23 12:20:31,1869.35,0
2021-06-23 12:20:33,1869.6,0
2021-06-23 12:20:33,1869.6,0
2021-06-23 12:20:45,1870.25,0
2021-06-23 12:20:48,1869.6,0
2021-06-23 12:20:55,1868.75,0
2021-06-23 12:20:56,1868.75,0
2021-06-23 12:20:57,1868.95,0
2021-06-23 12:21:00,1869.6,0
2021-06-23 12:21:01,1869.4,0
2021-06-23 12:21:03,1869.4,0
2021-06-23 12:21:05,1869.1,0
2021-06-23 12:21:08,1869.55,0
2021-06-23 12:21:10,1869.4,0
2021-06-23 12:21:18,1868.95,0
2021-06-23 12:21:21,1867.4,0
2021-06-23 12:21:22,1867.9,0
2021-06-23 12:21:26,1867.5,0
2021-06-23 12:21:29,1868.1,0
2021-06-23 12:21:31,1868.35,0
2021-06-23 12:21:34,1867.5,0
2021-06-23 12:21:37,1867.85,0
2021-06-23 12:21:41,1868.0,0
2021-06-23 12:21:42,1868.45,0
2021-06-23 12:21:48,1868.2,0
2021-06-23 12:21:55,1868.55,0
2021-06-23 12:21:59,1869.05,0
2021-06-23 12:22:00,1869.0,0
2021-06-23 12:22:01,1868.9,0
2021-06-23 12:22:03,1869.5,0
2021-06-23 12:22:04,1869.6,0
2021-06-23 12:22:05,1870.05,0
2021-06-23 12:22:11,1869.5,0
2021-06-23 12:22:12,1869.5,0
2021-06-23 12:22:16,1869.75,0
2021-06-23 12:22:21,1869.35,0
2021-06-23 12:22:23,1868.95,0
2021-06-23 12:22:24,1869.7,0
2021-06-23 12:22:28,1870.15,0
2021-06-23 12:22:30,1869.7,0
2021-06-23 12:22:34,1870.1,0
2021-06-23 12:22:38,1870.1,0
2021-06-23 12:22:41,1869.1,0
2021-06-23 12:22:46,1868.65,0
2021-06-23 12:22:48,1868.2,0
2021-06-23 12:23:02,1868.45,0
2021-06-23 12:23:05,1868.75,0
2021-06-23 12:23:07,1869.25,0
2021-06-23 12:23:11,1867.95,0
2021-06-23 12:23:14,1868.5,0
2021-06-23 12:23:16,1868.45,0
2021-06-23 12:23:17,1868.5,0
2021-06-23 12:23:19,1868.2,0
2021-06-23 12:23:20,1868.45,0
2021-06-23 12:23:21,1869.5,0
2021-06-23 12:23:22,1868.85,0
2021-06-23 12:23:24,1869.0,0
2021-06-23 12:23:25,1868.75,0
2021-06-23 12:23:37,1870.7,0
2021-06-23 12:23:40,1870.65,0
2021-06-23 12:23:52,1871.6,0
2021-06-23 12:23:57,1872.55,0
2021-06-23 12:23:59,1873.4,0
2021-06-23 12:24:00,1873.5,0
2021-06-23 12:24:02,1873.6,0
2021-06-23 12:24:08,1872.75,0
2021-06-23 12:24:09,1872.45,0
2021-06-23 12:24:12,1871.9,0
2021-06-23 12:24:17,1872.75,0
2021-06-23 12:24:18,1872.3,0
2021-06-23 12:24:19,1872.45,0
2021-06-23 12:24:22,1873.4,0
2021-06-23 12:24:23,1873.55,0
2021-06-23 12:24:24,1872.95,0
2021-06-23 12:24:25,1872.85,0
2021-06-23 12:24:27,1873.1,0
2021-06-23 12:24:28,1873.05,0
2021-06-23 12:24:45,1873.9,0
2021-06-23 12:24:48,1873.65,0
2021-06-23 12:24:51,1874.3,0
2021-06-23 12:24:57,1874.35,0
2021-06-23 12:24:59,1874.1,0
2021-06-23 12:25:00,1873.5,0
2021-06-23 12:25:05,1873.45,0
2021-06-23 12:25:18,1873.7,0
2021-06-23 12:25:19,1872.75,0
2021-06-23 12:25:21,1873.6,0
2021-06-23 12:25:23,1873.05,0
2021-06-23 12:25:28,1871.85,0
2021-06-23 12:25:29,1871.95,0
2021-06-23 12:25:31,1871.85,0
2021-06-23 12:25:34,1872.0,0
2021-06-23 12:25:37,1871.65,0
2021-06-23 12:25:39,1871.45,0
2021-06-23 12:25:43,1870.85,0
2021-06-23 12:25:46,1871.7,0
2021-06-23 12:25:47,1871.6,0
2021-06-23 12:25:48,1872.2,0
2021-06-23 12:25:50,1871.65,0
2021-06-23 12:25:51,1871.65,0
2021-06-23 12:26:04,1871.2,0
2021-06-23 12:26:15,1870.9,0
2021-06-23 12:26:16,1870.8,0
2021-06-23 12:26:22,1871.05,0
2021-06-23 12:26:26,1871.5,0
2021-06-23 12:26:27,1870.95,0
2021-06-23 12:26:31,1871.25,0
2021-06-23 12:26:32,1871.25,0
2021-06-23 12:26:33,1871.25,0
2021-06-23 12:26:34,1871.45,0
2021-06-23 12:26:35,1871.65,0
2021-06-23 12:26:36,1872.15,0
2021-06-23 12:26:47,1871.3,0
2021-06-23 12:26:49,1871.05,0
2021-06-23 12:26:52,1870.7,0
2021-06-23 12:26:56,1871.5,0
2021-06-23 12:26:57,1871.05,0
2021-06-23 12:27:01,1871.6,0
2021-06-23 12:27:02,1871.1,0
2021-06-23 12:27:04,1870.85,0
2021-06-23 12:27:07,1871.75,0
2021-06-23 12:27:10,1871.45,0
2021-06-23 12:27:11,1871.5,0
2021-06-23 12:27:15,1871.9,0
2021-06-23 12:27:18,1872.6,0
2021-06-23 12:27:21,1872.5,0
2021-06-23 12:27:29,1872.95,0
2021-06-23 12:27:32,1872.15,0
2021-06-23 12:27:33,1872.4,0
2021-06-23 12:27:34,1872.9,0
2021-06-23 12:27:35,1873.05,0
2021-06-23 12:27:36,1873.05,0
2021-06-23 12:27:39,1873.05,0
2021-06-23 12:27:50,1872.95,0
2021-06-23 12:27:52,1872.2,0
2021-06-23 12:27:59,1872.45,0
2021-06-23 12:28:01,1872.4,0
2021-06-23 12:28:02,1872.7,0
2021-06-23 12:28:06,1872.3,0
2021-06-23 12:28:09,1873.15,0
2021-06-23 12:28:10,1872.75,0
2021-06-23 12:28:11,1872.5,0
2021-06-23 12:28:15,1872.4,0
2021-06-23 12:28:16,1873.0,0
2021-06-23 12:28:17,1873.0,0
2021-06-23 12:28:18,1872.95,0
2021-06-23 12:28:28,1873.45,0
2021-06-23 12:28:29,1873.9,0
2021-06-23 12:28:30,1873.9,0
2021-06-23 12:28:42,1873.25,0
2021-06-23 12:28:42,1873.25,0
2021-06-23 12:28:45,1873.7,0
2021-06-23 12:28:47,1873.2,0
2021-06-23 12:28:52,1873.2,0
2021-06-23 12:28:53,1873.15,0
2021-06-23 12:28:56,1873.85,0
2021-06-23 12:28:57,1873.4,0
2021-06-23 12:28:58,1873.2,0
2021-06-23 12:29:01,1873.5,0
2021-06-23 12:29:02,1873.2,0
2021-06-23 12:29:03,1873.45,0
2021-06-23 12:29:10,1872.75,0
2021-06-23 12:29:12,1872.75,0
2021-06-23 12:29:14,1872.45,0
2021-06-23 12:29:15,1872.55,0
2021-06-23 12:29:16,1872.6,0
2021-06-23 12:29:17,1872.65,0
2021-06-23 12:29:18,1872.9,0
2021-06-23 12:29:21,1872.25,0
2021-06-23 12:29:30,1871.9,0
2021-06-23 12:29:40,1871.45,0
2021-06-23 12:29:41,1871.4,0
2021-06-23 12:29:47,1871.8,0
2021-06-23 12:29:57,1872.15,0
2021-06-23 12:29:59,1871.45,0
2021-06-23 12:30:03,1872.15,0
2021-06-23 12:30:08,1871.5,0
2021-06-23 12:30:10,1871.8,0
2021-06-23 12:30:11,1870.85,0
2021-06-23 12:30:16,1871.35,0
2021-06-23 12:30:17,1870.6,0
2021-06-23 12:30:18,1871.55,0
2021-06-23 12:30:22,1870.4,0
2021-06-23 12:30:23,1870.4,0
2021-06-23 12:30:28,1871.45,0
2021-06-23 12:30:29,1871.45,0
2021-06-23 12:30:31,1870.5,0
2021-06-23 12:30:40,1870.75,0
2021-06-23 12:30:43,1871.1,0
2021-06-23 12:30:45,1871.3,0
2021-06-23 12:30:47,1871.8,0
2021-06-23 12:30:55,1872.45,0
2021-06-23 12:31:01,1872.2,0
2021-06-23 12:31:06,1871.85,0
2021-06-23 12:31:08,1871.05,0
2021-06-23 12:31:10,1871.0,0
2021-06-23 12:31:11,1870.8,0
2021-06-23 12:31:12,1870.8,0
2021-06-23 12:31:13,1871.3,0
2021-06-23 12:31:14,1871.3,0
2021-06-23 12:31:17,1871.05,0
2021-06-23 12:31:18,1871.05,0
2021-06-23 12:31:24,1871.45,0
2021-06-23 12:31:25,1871.45,0
2021-06-23 12:31:26,1871.0,0
2021-06-23 12:31:29,1871.1,0
2021-06-23 12:31:30,1871.1,0
2021-06-23 12:31:31,1871.75,0
2021-06-23 12:31:32,1871.5,0
2021-06-23 12:31:37,1871.6,0
2021-06-23 12:31:40,1871.8,0
2021-06-23 12:31:45,1871.6,0
2021-06-23 12:31:46,1871.3,0
2021-06-23 12:31:55,1871.6,0
2021-06-23 12:31:57,1871.1,0
2021-06-23 12:31:58,1871.1,0
2021-06-23 12:32:06,1871.9,0
2021-06-23 12:32:09,1870.95,0
2021-06-23 12:32:14,1872.25,0
2021-06-23 12:32:16,1871.4,0
2021-06-23 12:32:19,1871.85,0
2021-06-23 12:32:37,1872.2,0
2021-06-23 12:32:39,1871.75,0
2021-06-23 12:32:41,1872.1,0
2021-06-23 12:32:42,1872.1,0
2021-06-23 12:32:43,1871.6,0
2021-06-23 12:32:45,1871.65,0
2021-06-23 12:32:46,1871.6,0
2021-06-23 12:32:49,1872.05,0
2021-06-23 12:32:50,1871.2,0
2021-06-23 12:32:52,1872.05,0
2021-06-23 12:32:58,1871.6,0
2021-06-23 12:32:59,1871.9,0
2021-06-23 12:33:04,1870.9,0
2021-06-23 12:33:05,1870.9,0
2021-06-23 12:33:08,1871.05,0
2021-06-23 12:33:15,1871.6,0
2021-06-23 12:33:20,1871.0,0
2021-06-23 12:33:21,1871.0,0
2021-06-23 12:33:25,1870.2,0
2021-06-23 12:33:26,1870.2,0
2021-06-23 12:33:27,1870.2,0
2021-06-23 12:33:31,1870.2,0
2021-06-23 12:33:33,1869.8,0
2021-06-23 12:33:34,1870.05,0
2021-06-23 12:33:35,1869.95,0
2021-06-23 12:33:38,1870.55,0
2021-06-23 12:33:42,1869.85,0
2021-06-23 12:33:45,1870.3,0
2021-06-23 12:33:50,1870.6,0
2021-06-23 12:33:51,1870.15,0
2021-06-23 12:33:53,1870.6,0
2021-06-23 12:34:00,1869.85,0
2021-06-23 12:34:03,1869.6,0
2021-06-23 12:34:06,1870.35,0
2021-06-23 12:34:07,1870.1,0
2021-06-23 12:34:10,1869.7,0
2021-06-23 12:34:12,1869.7,0
2021-06-23 12:34:14,1870.3,0
2021-06-23 12:34:23,1870.0,0
2021-06-23 12:34:25,1870.4,0
2021-06-23 12:34:27,1871.05,0
2021-06-23 12:34:28,1870.6,0
2021-06-23 12:34:30,1870.6,0
2021-06-23 12:34:34,1872.0,0
2021-06-23 12:34:36,1871.75,0
2021-06-23 12:34:37,1871.25,0
2021-06-23 12:34:38,1871.15,0
2021-06-23 12:34:49,1871.3,0
2021-06-23 12:34:51,1870.35,0
2021-06-23 12:34:52,1870.35,0
2021-06-23 12:34:55,1871.05,0
2021-06-23 12:34:57,1870.65,0
2021-06-23 12:34:58,1870.65,0
2021-06-23 12:34:59,1871.15,0
2021-06-23 12:35:00,1871.25,0
2021-06-23 12:35:03,1870.5,0
2021-06-23 12:35:06,1871.75,0
2021-06-23 12:35:08,1871.2,0
2021-06-23 12:35:10,1871.2,0
2021-06-23 12:35:10,1871.2,0
2021-06-23 12:35:23,1870.65,0
2021-06-23 12:35:29,1869.95,0
2021-06-23 12:35:33,1870.25,0
2021-06-23 12:35:36,1870.75,0
2021-06-23 12:35:37,1870.75,0
2021-06-23 12:35:38,1870.25,0
2021-06-23 12:35:40,1869.75,0
2021-06-23 12:35:41,1870.6,0
2021-06-23 12:35:43,1869.95,0
2021-06-23 12:35:49,1869.6,0
2021-06-23 12:35:53,1868.75,0
2021-06-23 12:36:00,1869.2,0
2021-06-23 12:36:01,1869.9,0
2021-06-23 12:36:03,1869.85,0
2021-06-23 12:36:08,1869.6,0
2021-06-23 12:36:13,1869.75,0
2021-06-23 12:36:15,1868.85,0
2021-06-23 12:36:17,1869.3,0
2021-06-23 12:36:21,1868.95,0
2021-06-23 12:36:25,1869.95,0
2021-06-23 12:36:26,1869.6,0
2021-06-23 12:36:28,1869.1,0
2021-06-23 12:36:29,1869.35,0
2021-06-23 12:36:31,1869.9,0
2021-06-23 12:36:33,1869.65,0
2021-06-23 12:36:34,1869.8,0
2021-06-23 12:36:35,1869.8,0
2021-06-23 12:36:36,1869.4,0
2021-06-23 12:36:37,1869.9,0
2021-06-23 12:36:38,1869.95,0
2021-06-23 12:36:44,1870.3,0
2021-06-23 12:36:45,1870.25,0
2021-06-23 12:36:46,1869.75,0
2021-06-23 12:36:47,1869.75,0
2021-06-23 12:36:50,1869.9,0
2021-06-23 12:36:51,1869.9,0
2021-06-23 12:36:55,1869.55,0
2021-06-23 12:36:57,1870.2,0
2021-06-23 12:37:00,1869.2,0
2021-06-23 12:37:01,1869.55,0
2021-06-23 12:37:10,1869.55,0
2021-06-23 12:37:11,1869.25,0
2021-06-23 12:37:17,1869.45,0
2021-06-23 12:37:20,1869.85,0
2021-06-23 12:37:36,1870.7,0
2021-06-23 12:37:38,1870.3,0
2021-06-23 12:37:40,1870.05,0
2021-06-23 12:37:46,1869.8,0
2021-06-23 12:37:49,1869.65,0
2021-06-23 12:37:58,1871.0,0
2021-06-23 12:38:00,1870.6,0
2021-06-23 12:38:09,1870.2,0
2021-06-23 12:38:10,1870.2,0
2021-06-23 12:38:11,1870.1,0
2021-06-23 12:38:12,1870.75,0
2021-06-23 12:38:14,1871.05,0
2021-06-23 12:38:16,1870.45,0
2021-06-23 12:38:17,1870.2,0
2021-06-23 12:38:19,1870.65,0
2021-06-23 12:38:24,1870.05,0
2021-06-23 12:38:28,1869.3,0
2021-06-23 12:38:31,1869.35,0
2021-06-23 12:38:34,1869.6,0
2021-06-23 12:38:36,1868.8,0
2021-06-23 12:38:53,1869.35,0
2021-06-23 12:38:54,1869.35,0
2021-06-23 12:39:08,1870.3,0
2021-06-23 12:39:11,1870.0,0
2021-06-23 12:39:18,1870.3,0
2021-06-23 12:39:22,1870.3,0
2021-06-23 12:39:31,1870.35,0
2021-06-23 12:39:33,1870.45,0
2021-06-23 12:39:38,1871.25,0
2021-06-23 12:39:40,1871.85,0
2021-06-23 12:39:41,1871.65,0
2021-06-23 12:39:43,1871.2,0
2021-06-23 12:39:44,1871.3,0
2021-06-23 12:39:45,1871.3,0
2021-06-23 12:39:50,1872.1,0
2021-06-23 12:39:51,1872.1,0
2021-06-23 12:40:07,1871.65,0
2021-06-23 12:40:09,1872.05,0
2021-06-23 12:40:10,1872.05,0
2021-06-23 12:40:11,1871.5,0
2021-06-23 12:40:12,1871.55,0
2021-06-23 12:40:13,1871.35,0
2021-06-23 12:40:16,1870.7,0
2021-06-23 12:40:17,1870.6,0
2021-06-23 12:40:24,1871.2,0
2021-06-23 12:40:26,1870.7,0
2021-06-23 12:40:27,1870.35,0
2021-06-23 12:40:29,1869.45,0
2021-06-23 12:40:30,1870.2,0
2021-06-23 12:40:33,1869.65,0
2021-06-23 12:40:35,1870.0,0
2021-06-23 12:40:36,1870.0,0
2021-06-23 12:40:39,1869.2,0
2021-06-23 12:40:42,1869.45,0
2021-06-23 12:40:43,1870.05,0
2021-06-23 12:40:44,1870.05,0
2021-06-23 12:40:51,1868.75,0
2021-06-23 12:40:52,1868.75,0
2021-06-23 12:40:54,1869.25,0
2021-06-23 12:40:55,1869.25,0
2021-06-23 12:40:59,1868.7,0
2021-06-23 12:41:01,1869.1,0
2021-06-23 12:41:02,1868.8,0
2021-06-23 12:41:04,1869.05,0
2021-06-23 12:41:12,1868.8,0
2021-06-23 12:41:14,1869.35,0
2021-06-23 12:41:16,1869.8,0
2021-06-23 12:41:17,1869.8,0
2021-06-23 12:41:28,1868.55,0
2021-06-23 12:41:33,1868.35,0
2021-06-23 12:41:34,1868.7,0
2021-06-23 12:41:35,1868.35,0
2021-06-23 12:41:37,1868.35,0
2021-06-23 12:41:45,1868.75,0
2021-06-23 12:41:47,1869.3,0
2021-06-23 12:41:48,1868.95,0
2021-06-23 12:41:55,1868.25,0
2021-06-23 12:41:58,1868.7,0
2021-06-23 12:41:59,1868.2,0
2021-06-23 12:42:00,1868.4,0
2021-06-23 12:42:02,1868.8,0
2021-06-23 12:42:04,1868.25,0
2021-06-23 12:42:06,1868.0,0
2021-06-23 12:42:08,1868.45,0
2021-06-23 12:42:11,1867.7,0
2021-06-23 12:42:13,1868.3,0
2021-06-23 12:42:23,1867.8,0
2021-06-23 12:42:34,1867.65,0
2021-06-23 12:42:43,1866.7,0
2021-06-23 12:42:46,1866.95,0
2021-06-23 12:42:49,1867.25,0
2021-06-23 12:42:50,1867.5,0
2021-06-23 12:42:57,1867.1,0
2021-06-23 12:43:04,1867.3,0
2021-06-23 12:43:10,1867.3,0
2021-06-23 12:43:13,1867.5,0
2021-06-23 12:43:14,1867.55,0
2021-06-23 12:43:16,1867.05,0
2021-06-23 12:43:20,1867.35,0
2021-06-23 12:43:22,1867.25,0
2021-06-23 12:43:24,1866.9,0
2021-06-23 12:43:28,1867.25,0
2021-06-23 12:43:29,1866.8,0
2021-06-23 12:43:38,1867.1,0
2021-06-23 12:43:39,1867.55,0
2021-06-23 12:43:42,1866.65,0
2021-06-23 12:43:43,1866.65,0
2021-06-23 12:43:44,1867.35,0
2021-06-23 12:43:47,1867.1,0
2021-06-23 12:43:49,1867.5,0
2021-06-23 12:43:50,1867.4,0
2021-06-23 12:43:52,1866.9,0
2021-06-23 12:43:56,1866.65,0
2021-06-23 12:44:00,1866.7,0
2021-06-23 12:44:09,1866.4,0
2021-06-23 12:44:10,1865.95,0
2021-06-23 12:44:12,1866.2,0
2021-06-23 12:44:13,1865.75,0
2021-06-23 12:44:18,1865.15,0
2021-06-23 12:44:25,1865.35,0
2021-06-23 12:44:33,1865.1,0
2021-06-23 12:44:42,1865.35,0
2021-06-23 12:44:50,1863.6,0
2021-06-23 12:44:52,1863.85,0
2021-06-23 12:44:53,1864.25,0
2021-06-23 12:44:56,1864.05,0
2021-06-23 12:44:57,1864.05,0
2021-06-23 12:45:05,1864.05,0
2021-06-23 12:45:09,1863.85,0
2021-06-23 12:45:13,1863.4,0
2021-06-23 12:45:16,1863.3,0
2021-06-23 12:45:23,1862.7,0
2021-06-23 12:45:28,1862.75,0
2021-06-23 12:45:31,1863.2,0
2021-06-23 12:45:33,1863.9,0
2021-06-23 12:45:35,1863.45,0
2021-06-23 12:45:37,1862.95,0
2021-06-23 12:45:43,1863.3,0
2021-06-23 12:45:55,1863.4,0
2021-06-23 12:46:02,1863.6,0
2021-06-23 12:46:05,1863.8,0
2021-06-23 12:46:07,1864.25,0
2021-06-23 12:46:09,1863.7,0
2021-06-23 12:46:14,1864.55,0
2021-06-23 12:46:23,1864.3,0
2021-06-23 12:46:24,1865.05,0
2021-06-23 12:46:33,1865.45,0
2021-06-23 12:46:36,1865.95,0
2021-06-23 12:46:38,1865.55,0
2021-06-23 12:46:42,1865.95,0
2021-06-23 12:46:47,1865.85,0
2021-06-23 12:46:48,1866.2,0
2021-06-23 12:46:50,1865.15,0
2021-06-23 12:46:54,1865.25,0
2021-06-23 12:46:56,1865.75,0
2021-06-23 12:46:57,1865.65,0
2021-06-23 12:46:58,1865.55,0
2021-06-23 12:46:59,1865.5,0
2021-06-23 12:47:12,1865.85,0
2021-06-23 12:47:18,1865.3,0
2021-06-23 12:47:19,1865.35,0
2021-06-23 12:47:21,1865.6,0
2021-06-23 12:47:24,1864.95,0
2021-06-23 12:47:27,1865.5,0
2021-06-23 12:47:28,1865.45,0
2021-06-23 12:47:35,1865.55,0
2021-06-23 12:47:37,1864.6,0
2021-06-23 12:47:39,1864.6,0
2021-06-23 12:47:45,1864.25,0
2021-06-23 12:47:52,1863.9,0
2021-06-23 12:48:02,1864.2,0
2021-06-23 12:48:07,1864.6,0
2021-06-23 12:48:08,1864.6,0
2021-06-23 12:48:10,1864.25,0
2021-06-23 12:48:11,1864.25,0
2021-06-23 12:48:16,1864.6,0
2021-06-23 12:48:26,1864.8,0
2021-06-23 12:48:27,1864.8,0
2021-06-23 12:48:28,1864.8,0
2021-06-23 12:48:29,1865.0,0
2021-06-23 12:48:31,1865.55,0
2021-06-23 12:48:32,1865.1,0
2021-06-23 12:48:38,1865.8,0
2021-06-23 12:48:44,1865.85,0
2021-06-23 12:48:49,1865.55,0
2021-06-23 12:48:50,1865.55,0
2021-06-23 12:48:51,1865.35,0
2021-06-23 12:48:52,1865.45,0
2021-06-23 12:48:53,1864.95,0
2021-06-23 12:48:55,1864.85,0
2021-06-23 12:48:58,1864.8,0
2021-06-23 12:49:04,1865.0,0
2021-06-23 12:49:09,1865.0,0
2021-06-23 12:49:13,1865.85,0
2021-06-23 12:49:16,1865.35,0
2021-06-23 12:49:19,1865.65,0
2021-06-23 12:49:24,1865.25,0
2021-06-23 12:49:25,1865.75,0
2021-06-23 12:49:27,1865.4,0
2021-06-23 12:49:29,1865.5,0
2021-06-23 12:49:30,1865.5,0
2021-06-23 12:49:33,1865.75,0
2021-06-23 12:49:36,1865.3,0
2021-06-23 12:49:37,1865.05,0
2021-06-23 12:49:38,1865.5,0
2021-06-23 12:49:41,1865.05,0
2021-06-23 12:49:43,1865.05,0
