timestamp,ltp,volume
2021-06-21 09:16:41,337.85,0
2021-06-21 09:16:42,337.85,0
2021-06-21 09:16:43,337.95,0
2021-06-21 09:16:45,338.05,0
2021-06-21 09:16:46,338.35,0
2021-06-21 09:16:47,338.55,0
2021-06-21 09:16:48,338.45,0
2021-06-21 09:16:49,338.45,0
2021-06-21 09:16:50,338.35,0
2021-06-21 09:16:51,338.3,0
2021-06-21 09:16:52,338.4,0
2021-06-21 09:16:53,338.65,0
2021-06-21 09:16:54,338.55,0
2021-06-21 09:16:55,338.75,0
2021-06-21 09:16:57,338.8,0
2021-06-21 09:16:58,338.75,0
2021-06-21 09:16:59,338.75,0
2021-06-21 09:17:00,338.8,0
2021-06-21 09:17:01,339.0,0
2021-06-21 09:17:03,339.1,0
2021-06-21 09:17:04,339.15,0
2021-06-21 09:17:06,339.25,0
2021-06-21 09:17:07,339.2,0
2021-06-21 09:17:09,339.25,0
2021-06-21 09:17:11,338.95,0
2021-06-21 09:17:12,339.0,0
2021-06-21 09:17:13,339.1,0
2021-06-21 09:17:14,339.05,0
2021-06-21 09:17:15,339.1,0
2021-06-21 09:17:16,339.2,0
2021-06-21 09:17:17,339.3,0
2021-06-21 09:17:18,339.15,0
2021-06-21 09:17:19,339.05,0
2021-06-21 09:17:21,339.25,0
2021-06-21 09:17:23,339.3,0
2021-06-21 09:17:24,339.1,0
2021-06-21 09:17:25,339.2,0
2021-06-21 09:17:26,339.2,0
2021-06-21 09:17:27,339.25,0
2021-06-21 09:17:28,339.25,0
2021-06-21 09:17:29,339.1,0
2021-06-21 09:17:30,339.25,0
2021-06-21 09:17:31,339.25,0
2021-06-21 09:17:32,339.1,0
2021-06-21 09:17:33,338.9,0
2021-06-21 09:17:34,339.2,0
2021-06-21 09:17:35,339.2,0
2021-06-21 09:17:36,339.15,0
2021-06-21 09:17:37,339.15,0
2021-06-21 09:17:38,339.1,0
2021-06-21 09:17:39,339.15,0
2021-06-21 09:17:40,338.95,0
2021-06-21 09:17:41,339.1,0
2021-06-21 09:17:43,339.35,0
2021-06-21 09:17:44,339.2,0
2021-06-21 09:17:46,339.35,0
2021-06-21 09:17:47,339.5,0
2021-06-21 09:17:48,339.45,0
2021-06-21 09:17:49,339.55,0
2021-06-21 09:17:50,339.55,0
2021-06-21 09:17:52,339.5,0
2021-06-21 09:17:53,339.5,0
2021-06-21 09:17:54,339.65,0
2021-06-21 09:17:55,339.55,0
2021-06-21 09:17:56,339.5,0
2021-06-21 09:17:57,339.55,0
2021-06-21 09:17:58,339.6,0
2021-06-21 09:17:59,339.4,0
2021-06-21 09:18:00,339.35,0
2021-06-21 09:18:01,339.35,0
2021-06-21 09:18:02,339.4,0
2021-06-21 09:18:03,339.25,0
2021-06-21 09:18:04,339.35,0
2021-06-21 09:18:05,339.35,0
2021-06-21 09:18:08,339.05,0
2021-06-21 09:18:09,339.1,0
2021-06-21 09:18:10,339.25,0
2021-06-21 09:18:11,339.25,0
2021-06-21 09:18:12,339.1,0
2021-06-21 09:18:13,339.1,0
2021-06-21 09:18:15,339.1,0
2021-06-21 09:18:16,339.0,0
2021-06-21 09:18:17,339.2,0
2021-06-21 09:18:18,339.2,0
2021-06-21 09:18:20,339.1,0
2021-06-21 09:18:21,339.0,0
2021-06-21 09:18:30,339.05,0
2021-06-21 09:18:31,339.05,0
2021-06-21 09:18:32,339.1,0
2021-06-21 09:18:33,339.05,0
2021-06-21 09:18:36,339.05,0
2021-06-21 09:18:37,339.05,0
2021-06-21 09:18:38,339.1,0
2021-06-21 09:18:39,339.2,0
2021-06-21 09:18:40,339.25,0
2021-06-21 09:18:42,339.2,0
2021-06-21 09:18:43,339.4,0
2021-06-21 09:18:44,339.5,0
2021-06-21 09:18:45,339.5,0
2021-06-21 09:18:46,339.55,0
2021-06-21 09:18:47,339.5,0
2021-06-21 09:18:48,339.45,0
2021-06-21 09:18:50,339.6,0
2021-06-21 09:18:51,339.6,0
2021-06-21 09:18:52,339.5,0
2021-06-21 09:18:53,339.45,0
2021-06-21 09:18:54,339.75,0
2021-06-21 09:18:55,339.7,0
2021-06-21 09:18:56,339.7,0
2021-06-21 09:18:57,339.7,0
2021-06-21 09:18:58,339.7,0
2021-06-21 09:19:00,339.95,0
2021-06-21 09:19:01,340.0,0
2021-06-21 09:19:02,340.0,0
2021-06-21 09:19:03,340.1,0
2021-06-21 09:19:05,339.95,0
2021-06-21 09:19:06,339.95,0
2021-06-21 09:19:07,339.85,0
2021-06-21 09:19:08,339.85,0
2021-06-21 09:19:09,339.95,0
2021-06-21 09:19:10,339.95,0
2021-06-21 09:19:11,340.0,0
2021-06-21 09:19:12,340.0,0
2021-06-21 09:19:15,339.95,0
2021-06-21 09:19:16,340.1,0
2021-06-21 09:19:17,340.2,0
2021-06-21 09:19:18,340.3,0
2021-06-21 09:19:19,340.3,0
2021-06-21 09:19:20,340.45,0
2021-06-21 09:19:21,340.35,0
2021-06-21 09:19:22,340.35,0
2021-06-21 09:19:23,340.35,0
2021-06-21 09:19:24,340.4,0
2021-06-21 09:19:25,340.35,0
2021-06-21 09:19:28,340.5,0
2021-06-21 09:19:30,340.45,0
2021-06-21 09:19:31,340.45,0
2021-06-21 09:19:32,340.45,0
2021-06-21 09:19:33,340.45,0
2021-06-21 09:19:34,340.55,0
2021-06-21 09:19:37,340.7,0
2021-06-21 09:19:38,340.7,0
2021-06-21 09:19:39,340.65,0
2021-06-21 09:19:41,340.8,0
2021-06-21 09:19:42,340.6,0
2021-06-21 09:19:44,340.85,0
2021-06-21 09:19:45,340.4,0
2021-06-21 09:19:46,340.6,0
2021-06-21 09:19:47,340.7,0
2021-06-21 09:19:48,340.7,0
2021-06-21 09:19:49,340.7,0
2021-06-21 09:19:52,340.6,0
2021-06-21 09:19:53,340.6,0
2021-06-21 09:19:54,340.65,0
2021-06-21 09:19:55,340.65,0
2021-06-21 09:19:56,340.65,0
2021-06-21 09:19:57,340.6,0
2021-06-21 09:19:58,340.6,0
2021-06-21 09:20:00,340.7,0
2021-06-21 09:20:01,340.7,0
2021-06-21 09:20:02,340.55,0
2021-06-21 09:20:03,340.45,0
2021-06-21 09:20:04,340.6,0
2021-06-21 09:20:05,340.75,0
2021-06-21 09:20:06,340.7,0
2021-06-21 09:20:07,340.75,0
2021-06-21 09:20:09,340.8,0
2021-06-21 09:20:10,340.8,0
2021-06-21 09:20:11,340.65,0
2021-06-21 09:20:12,340.8,0
2021-06-21 09:20:13,340.65,0
2021-06-21 09:20:14,340.8,0
2021-06-21 09:20:15,340.65,0
2021-06-21 09:20:16,340.6,0
2021-06-21 09:20:17,340.65,0
2021-06-21 09:20:18,340.55,0
2021-06-21 09:20:19,340.5,0
2021-06-21 09:20:20,340.6,0
2021-06-21 09:20:21,340.6,0
2021-06-21 09:20:22,340.6,0
2021-06-21 09:20:23,340.65,0
2021-06-21 09:20:24,340.65,0
2021-06-21 09:20:27,340.9,0
2021-06-21 09:20:28,340.95,0
2021-06-21 09:20:30,340.95,0
2021-06-21 09:20:33,340.95,0
2021-06-21 09:20:35,341.05,0
2021-06-21 09:20:36,341.35,0
2021-06-21 09:20:37,341.1,0
2021-06-21 09:20:38,341.1,0
2021-06-21 09:20:40,341.4,0
2021-06-21 09:20:42,341.35,0
2021-06-21 09:20:44,341.65,0
2021-06-21 09:20:45,341.8,0
2021-06-21 09:20:46,341.8,0
2021-06-21 09:20:48,342.0,0
2021-06-21 09:20:49,341.75,0
2021-06-21 09:20:50,341.7,0
2021-06-21 09:20:51,341.55,0
2021-06-21 09:20:52,341.65,0
2021-06-21 09:20:53,341.6,0
2021-06-21 09:20:54,341.5,0
2021-06-21 09:20:55,341.45,0
2021-06-21 09:20:56,341.3,0
2021-06-21 09:20:57,341.25,0
2021-06-21 09:20:58,341.35,0
2021-06-21 09:21:00,341.1,0
2021-06-21 09:21:01,341.0,0
2021-06-21 09:21:02,341.0,0
2021-06-21 09:21:04,340.85,0
2021-06-21 09:21:05,340.95,0
2021-06-21 09:21:07,340.95,0
2021-06-21 09:21:08,341.0,0
2021-06-21 09:21:09,341.05,0
2021-06-21 09:21:10,341.05,0
2021-06-21 09:21:11,341.0,0
2021-06-21 09:21:12,341.0,0
2021-06-21 09:21:14,341.05,0
2021-06-21 09:21:15,341.05,0
2021-06-21 09:21:16,340.95,0
2021-06-21 09:21:17,341.0,0
2021-06-21 09:21:18,341.05,0
2021-06-21 09:21:19,340.9,0
2021-06-21 09:21:22,340.9,0
2021-06-21 09:21:23,340.95,0
2021-06-21 09:21:24,340.95,0
2021-06-21 09:21:26,340.95,0
2021-06-21 09:21:27,340.95,0
2021-06-21 09:21:29,340.9,0
2021-06-21 09:21:30,340.9,0
2021-06-21 09:21:31,340.9,0
2021-06-21 09:21:32,340.95,0
2021-06-21 09:21:33,340.95,0
2021-06-21 09:21:34,341.0,0
2021-06-21 09:21:35,341.1,0
2021-06-21 09:21:36,341.1,0
2021-06-21 09:21:37,341.1,0
2021-06-21 09:21:38,341.1,0
2021-06-21 09:21:40,341.1,0
2021-06-21 09:21:41,341.1,0
2021-06-21 09:21:42,341.15,0
2021-06-21 09:21:43,341.15,0
2021-06-21 09:21:44,341.15,0
2021-06-21 09:21:45,341.1,0
2021-06-21 09:21:46,341.05,0
2021-06-21 09:21:47,341.15,0
2021-06-21 09:21:48,340.9,0
2021-06-21 09:21:49,340.9,0
2021-06-21 09:21:50,340.95,0
2021-06-21 09:21:51,340.85,0
2021-06-21 09:21:53,340.95,0
2021-06-21 09:21:54,340.9,0
2021-06-21 09:21:55,341.05,0
2021-06-21 09:21:56,341.1,0
2021-06-21 09:21:58,341.0,0
2021-06-21 09:21:59,341.2,0
2021-06-21 09:22:00,341.25,0
2021-06-21 09:22:01,341.25,0
2021-06-21 09:22:04,341.15,0
2021-06-21 09:22:05,341.25,0
2021-06-21 09:22:06,341.25,0
2021-06-21 09:22:07,341.3,0
2021-06-21 09:22:09,341.2,0
2021-06-21 09:22:10,341.2,0
2021-06-21 09:22:11,341.2,0
2021-06-21 09:22:12,341.2,0
2021-06-21 09:22:14,341.1,0
2021-06-21 09:22:15,341.0,0
2021-06-21 09:22:16,341.0,0
2021-06-21 09:22:17,341.05,0
2021-06-21 09:22:18,340.95,0
2021-06-21 09:22:19,341.0,0
2021-06-21 09:22:20,341.1,0
2021-06-21 09:22:21,341.15,0
2021-06-21 09:22:22,341.15,0
2021-06-21 09:22:23,341.0,0
2021-06-21 09:22:24,341.0,0
2021-06-21 09:22:25,341.0,0
2021-06-21 09:22:26,341.05,0
2021-06-21 09:22:27,341.0,0
2021-06-21 09:22:28,341.05,0
2021-06-21 09:22:31,341.05,0
2021-06-21 09:22:32,341.05,0
2021-06-21 09:22:33,341.05,0
2021-06-21 09:22:34,341.05,0
2021-06-21 09:22:35,341.05,0
2021-06-21 09:22:36,341.05,0
2021-06-21 09:22:37,341.1,0
2021-06-21 09:22:39,341.1,0
2021-06-21 09:22:40,341.2,0
2021-06-21 09:22:42,341.3,0
2021-06-21 09:22:43,341.45,0
2021-06-21 09:22:47,341.4,0
2021-06-21 09:22:49,341.3,0
2021-06-21 09:22:52,341.5,0
2021-06-21 09:22:53,341.35,0
2021-06-21 09:22:54,341.4,0
2021-06-21 09:22:56,341.4,0
2021-06-21 09:22:57,341.5,0
2021-06-21 09:22:58,341.6,0
2021-06-21 09:23:01,341.6,0
2021-06-21 09:23:02,341.65,0
2021-06-21 09:23:03,341.65,0
2021-06-21 09:23:04,341.5,0
2021-06-21 09:23:06,341.5,0
2021-06-21 09:23:07,341.45,0
2021-06-21 09:23:08,341.45,0
2021-06-21 09:23:09,341.25,0
2021-06-21 09:23:10,341.25,0
2021-06-21 09:23:11,341.25,0
2021-06-21 09:23:12,341.3,0
2021-06-21 09:23:13,341.35,0
2021-06-21 09:23:14,341.3,0
2021-06-21 09:23:15,341.4,0
2021-06-21 09:23:16,341.35,0
2021-06-21 09:23:19,341.1,0
2021-06-21 09:23:20,341.1,0
2021-06-21 09:23:21,341.2,0
2021-06-21 09:23:23,341.55,0
2021-06-21 09:23:24,341.6,0
2021-06-21 09:23:25,341.55,0
2021-06-21 09:23:26,341.65,0
2021-06-21 09:23:27,341.65,0
2021-06-21 09:23:28,341.55,0
2021-06-21 09:23:29,341.65,0
2021-06-21 09:23:30,341.35,0
2021-06-21 09:23:31,341.4,0
2021-06-21 09:23:32,341.55,0
2021-06-21 09:23:34,341.4,0
2021-06-21 09:23:37,341.55,0
2021-06-21 09:23:38,341.75,0
2021-06-21 09:23:39,341.75,0
2021-06-21 09:23:40,341.75,0
2021-06-21 09:23:41,341.85,0
2021-06-21 09:23:43,341.85,0
2021-06-21 09:23:44,341.95,0
2021-06-21 09:23:48,341.65,0
2021-06-21 09:23:49,341.55,0
2021-06-21 09:23:50,341.6,0
2021-06-21 09:23:51,341.6,0
2021-06-21 09:23:52,341.75,0
2021-06-21 09:23:54,341.7,0
2021-06-21 09:23:55,341.75,0
2021-06-21 09:23:56,341.7,0
2021-06-21 09:23:57,341.65,0
2021-06-21 09:23:58,341.7,0
2021-06-21 09:23:59,341.75,0
2021-06-21 09:24:01,341.75,0
2021-06-21 09:24:02,341.7,0
2021-06-21 09:24:03,341.85,0
2021-06-21 09:24:04,341.75,0
2021-06-21 09:24:05,341.8,0
2021-06-21 09:24:06,341.85,0
2021-06-21 09:24:07,341.8,0
2021-06-21 09:24:08,341.8,0
2021-06-21 09:24:09,341.8,0
2021-06-21 09:24:10,341.75,0
2021-06-21 09:24:11,341.7,0
2021-06-21 09:24:12,341.65,0
2021-06-21 09:24:13,341.6,0
2021-06-21 09:24:15,341.6,0
2021-06-21 09:24:16,341.5,0
2021-06-21 09:24:17,341.15,0
2021-06-21 09:24:18,341.05,0
2021-06-21 09:24:19,340.95,0
2021-06-21 09:24:21,340.95,0
2021-06-21 09:24:22,340.7,0
2021-06-21 09:24:23,340.8,0
2021-06-21 09:24:24,340.85,0
2021-06-21 09:24:25,340.85,0
2021-06-21 09:24:27,340.85,0
2021-06-21 09:24:28,340.85,0
2021-06-21 09:24:29,340.95,0
2021-06-21 09:24:30,340.9,0
2021-06-21 09:24:31,340.95,0
2021-06-21 09:24:32,340.95,0
2021-06-21 09:24:33,340.95,0
2021-06-21 09:24:35,341.15,0
2021-06-21 09:24:36,341.15,0
2021-06-21 09:24:37,341.3,0
2021-06-21 09:24:38,341.25,0
2021-06-21 09:24:39,341.25,0
2021-06-21 09:24:40,341.25,0
2021-06-21 09:24:44,341.3,0
2021-06-21 09:24:47,341.3,0
2021-06-21 09:24:49,341.35,0
2021-06-21 09:24:50,341.3,0
2021-06-21 09:24:51,341.4,0
2021-06-21 09:24:52,341.4,0
2021-06-21 09:24:53,341.3,0
2021-06-21 09:24:54,341.3,0
2021-06-21 09:24:55,341.25,0
2021-06-21 09:24:56,341.35,0
2021-06-21 09:24:57,341.45,0
2021-06-21 09:25:00,341.4,0
2021-06-21 09:25:01,341.4,0
2021-06-21 09:25:02,341.45,0
2021-06-21 09:25:03,341.4,0
2021-06-21 09:25:04,341.45,0
2021-06-21 09:25:05,341.5,0
2021-06-21 09:25:06,341.7,0
2021-06-21 09:25:08,341.6,0
2021-06-21 09:25:09,341.65,0
2021-06-21 09:25:10,341.65,0
2021-06-21 09:25:11,341.75,0
2021-06-21 09:25:12,341.7,0
2021-06-21 09:25:14,341.55,0
2021-06-21 09:25:15,341.5,0
2021-06-21 09:25:16,341.5,0
2021-06-21 09:25:17,341.4,0
2021-06-21 09:25:18,341.4,0
2021-06-21 09:25:19,341.4,0
2021-06-21 09:25:21,341.35,0
2021-06-21 09:25:22,341.3,0
2021-06-21 09:25:24,341.25,0
2021-06-21 09:25:25,341.25,0
2021-06-21 09:25:26,341.35,0
2021-06-21 09:25:27,341.2,0
2021-06-21 09:25:28,341.15,0
2021-06-21 09:25:29,341.2,0
2021-06-21 09:25:31,341.2,0
2021-06-21 09:25:32,341.4,0
2021-06-21 09:25:33,341.25,0
2021-06-21 09:25:34,341.25,0
2021-06-21 09:25:35,341.3,0
2021-06-21 09:25:36,341.35,0
2021-06-21 09:25:37,341.4,0
2021-06-21 09:25:38,341.35,0
2021-06-21 09:25:39,341.3,0
2021-06-21 09:25:41,341.25,0
2021-06-21 09:25:42,341.45,0
2021-06-21 09:25:43,341.4,0
2021-06-21 09:25:44,341.4,0
2021-06-21 09:25:45,341.5,0
2021-06-21 09:25:47,341.35,0
2021-06-21 09:25:48,341.3,0
2021-06-21 09:25:49,341.4,0
2021-06-21 09:25:50,341.35,0
2021-06-21 09:25:51,341.1,0
2021-06-21 09:25:52,341.1,0
2021-06-21 09:25:53,341.2,0
2021-06-21 09:25:54,341.2,0
2021-06-21 09:25:55,340.95,0
2021-06-21 09:25:57,341.05,0
2021-06-21 09:25:58,341.2,0
2021-06-21 09:25:59,341.2,0
2021-06-21 09:26:00,341.15,0
2021-06-21 09:26:01,341.1,0
2021-06-21 09:26:02,341.3,0
2021-06-21 09:26:03,341.4,0
2021-06-21 09:26:04,341.3,0
2021-06-21 09:26:05,341.3,0
2021-06-21 09:26:06,341.35,0
2021-06-21 09:26:07,341.2,0
2021-06-21 09:26:08,341.25,0
2021-06-21 09:26:09,341.1,0
2021-06-21 09:26:10,341.2,0
2021-06-21 09:26:11,341.2,0
2021-06-21 09:26:13,341.3,0
2021-06-21 09:26:14,341.25,0
2021-06-21 09:26:15,341.3,0
2021-06-21 09:26:17,341.2,0
2021-06-21 09:26:18,341.1,0
2021-06-21 09:26:19,341.1,0
2021-06-21 09:26:20,341.05,0
2021-06-21 09:26:21,340.95,0
2021-06-21 09:26:22,340.95,0
2021-06-21 09:26:23,340.9,0
2021-06-21 09:26:24,340.9,0
2021-06-21 09:26:26,340.95,0
2021-06-21 09:26:27,340.95,0
2021-06-21 09:26:28,341.0,0
2021-06-21 09:26:29,341.1,0
2021-06-21 09:26:30,341.1,0
2021-06-21 09:26:32,341.15,0
2021-06-21 09:26:34,341.05,0
2021-06-21 09:26:36,341.1,0
2021-06-21 09:26:37,341.1,0
2021-06-21 09:26:38,341.05,0
2021-06-21 09:26:39,341.1,0
2021-06-21 09:26:40,341.1,0
2021-06-21 09:26:41,341.05,0
2021-06-21 09:26:42,341.1,0
2021-06-21 09:26:43,341.15,0
2021-06-21 09:26:44,341.15,0
2021-06-21 09:26:46,341.05,0
2021-06-21 09:26:47,340.9,0
2021-06-21 09:26:48,340.85,0
2021-06-21 09:26:49,340.8,0
2021-06-21 09:26:50,340.75,0
2021-06-21 09:26:51,340.75,0
2021-06-21 09:26:52,340.8,0
2021-06-21 09:26:53,340.8,0
2021-06-21 09:26:54,340.8,0
2021-06-21 09:26:55,340.85,0
2021-06-21 09:26:56,340.75,0
2021-06-21 09:26:58,340.65,0
2021-06-21 09:26:59,340.6,0
2021-06-21 09:27:00,340.6,0
2021-06-21 09:27:01,340.7,0
2021-06-21 09:27:02,340.75,0
2021-06-21 09:27:03,340.7,0
2021-06-21 09:27:04,340.7,0
2021-06-21 09:27:05,340.65,0
2021-06-21 09:27:06,340.8,0
2021-06-21 09:27:07,340.7,0
2021-06-21 09:27:08,340.85,0
2021-06-21 09:27:09,340.8,0
2021-06-21 09:27:10,340.9,0
2021-06-21 09:27:11,340.9,0
2021-06-21 09:27:12,340.85,0
2021-06-21 09:27:13,340.9,0
2021-06-21 09:27:14,341.0,0
2021-06-21 09:27:15,340.95,0
2021-06-21 09:27:16,341.1,0
2021-06-21 09:27:17,341.15,0
2021-06-21 09:27:18,341.0,0
2021-06-21 09:27:19,341.0,0
2021-06-21 09:27:20,340.95,0
2021-06-21 09:27:21,341.0,0
2021-06-21 09:27:22,340.95,0
2021-06-21 09:27:23,341.0,0
2021-06-21 09:27:24,341.05,0
2021-06-21 09:27:25,341.0,0
2021-06-21 09:27:26,341.0,0
2021-06-21 09:27:27,341.05,0
2021-06-21 09:27:28,341.0,0
2021-06-21 09:27:29,340.9,0
2021-06-21 09:27:30,340.95,0
2021-06-21 09:27:31,341.05,0
2021-06-21 09:27:32,341.0,0
2021-06-21 09:27:33,341.05,0
2021-06-21 09:27:34,340.85,0
2021-06-21 09:27:35,340.85,0
2021-06-21 09:27:36,340.85,0
2021-06-21 09:27:38,341.15,0
2021-06-21 09:27:39,341.4,0
2021-06-21 09:27:40,341.4,0
2021-06-21 09:27:41,341.45,0
2021-06-21 09:27:42,341.45,0
2021-06-21 09:27:43,341.45,0
2021-06-21 09:27:44,341.4,0
2021-06-21 09:27:45,341.45,0
2021-06-21 09:27:46,341.55,0
2021-06-21 09:27:47,341.45,0
2021-06-21 09:27:48,341.5,0
2021-06-21 09:27:49,341.55,0
2021-06-21 09:27:50,341.55,0
2021-06-21 09:27:51,341.6,0
2021-06-21 09:27:52,341.55,0
2021-06-21 09:27:53,341.6,0
2021-06-21 09:27:54,341.6,0
2021-06-21 09:27:55,341.5,0
2021-06-21 09:27:56,341.55,0
2021-06-21 09:27:57,341.45,0
2021-06-21 09:27:59,341.45,0
2021-06-21 09:28:00,341.4,0
2021-06-21 09:28:01,341.55,0
2021-06-21 09:28:02,341.65,0
2021-06-21 09:28:03,341.65,0
2021-06-21 09:28:04,341.75,0
2021-06-21 09:28:05,341.75,0
2021-06-21 09:28:06,341.8,0
2021-06-21 09:28:07,341.8,0
2021-06-21 09:28:09,341.9,0
2021-06-21 09:28:10,341.9,0
2021-06-21 09:28:11,341.85,0
2021-06-21 09:28:12,341.6,0
2021-06-21 09:28:13,341.45,0
2021-06-21 09:28:14,341.4,0
2021-06-21 09:28:15,341.45,0
2021-06-21 09:28:17,341.6,0
2021-06-21 09:28:18,341.55,0
2021-06-21 09:28:19,341.75,0
2021-06-21 09:28:20,341.75,0
2021-06-21 09:28:21,341.8,0
2021-06-21 09:28:22,341.8,0
2021-06-21 09:28:23,341.8,0
2021-06-21 09:28:24,341.8,0
2021-06-21 09:28:25,341.85,0
2021-06-21 09:28:27,342.1,0
2021-06-21 09:28:29,342.0,0
2021-06-21 09:28:31,342.15,0
2021-06-21 09:28:34,342.25,0
2021-06-21 09:28:37,342.15,0
2021-06-21 09:28:39,342.25,0
2021-06-21 09:28:40,342.35,0
2021-06-21 09:28:43,342.15,0
2021-06-21 09:28:44,342.15,0
2021-06-21 09:28:46,342.05,0
2021-06-21 09:28:47,342.05,0
2021-06-21 09:28:48,342.1,0
2021-06-21 09:28:49,342.0,0
2021-06-21 09:28:50,342.0,0
2021-06-21 09:28:51,342.05,0
2021-06-21 09:28:53,342.1,0
2021-06-21 09:28:54,342.15,0
2021-06-21 09:28:55,342.1,0
2021-06-21 09:28:56,342.15,0
2021-06-21 09:28:57,342.2,0
2021-06-21 09:28:58,342.15,0
2021-06-21 09:28:59,342.15,0
2021-06-21 09:29:01,342.15,0
2021-06-21 09:29:02,342.15,0
2021-06-21 09:29:03,342.15,0
2021-06-21 09:29:04,342.2,0
2021-06-21 09:29:05,342.1,0
2021-06-21 09:29:06,341.9,0
2021-06-21 09:29:07,341.9,0
2021-06-21 09:29:08,342.05,0
2021-06-21 09:29:09,342.0,0
2021-06-21 09:29:10,342.1,0
2021-06-21 09:29:11,342.05,0
2021-06-21 09:29:13,342.05,0
2021-06-21 09:29:14,342.05,0
2021-06-21 09:29:15,342.05,0
2021-06-21 09:29:16,342.1,0
2021-06-21 09:29:17,342.05,0
2021-06-21 09:29:18,342.1,0
2021-06-21 09:29:19,342.0,0
2021-06-21 09:29:20,342.05,0
2021-06-21 09:29:21,342.15,0
2021-06-21 09:29:22,342.05,0
2021-06-21 09:29:23,342.05,0
2021-06-21 09:29:24,342.05,0
2021-06-21 09:29:25,342.1,0
2021-06-21 09:29:27,341.95,0
2021-06-21 09:29:29,341.9,0
2021-06-21 09:29:30,341.9,0
2021-06-21 09:29:31,341.95,0
2021-06-21 09:29:32,341.95,0
2021-06-21 09:29:33,342.0,0
2021-06-21 09:29:34,342.05,0
2021-06-21 09:29:36,342.15,0
2021-06-21 09:29:37,342.2,0
2021-06-21 09:29:38,342.2,0
2021-06-21 09:29:39,342.15,0
2021-06-21 09:29:40,342.15,0
2021-06-21 09:29:41,342.1,0
2021-06-21 09:29:43,342.0,0
2021-06-21 09:29:44,342.05,0
2021-06-21 09:29:45,342.0,0
2021-06-21 09:29:46,342.0,0
2021-06-21 09:29:48,341.95,0
2021-06-21 09:29:49,341.95,0
2021-06-21 09:29:50,342.0,0
2021-06-21 09:29:51,342.1,0
2021-06-21 09:29:52,342.05,0
2021-06-21 09:29:54,341.95,0
2021-06-21 09:29:56,341.95,0
2021-06-21 09:30:00,342.05,0
2021-06-21 09:30:01,342.05,0
2021-06-21 09:30:02,342.05,0
2021-06-21 09:30:03,342.05,0
2021-06-21 09:30:04,342.05,0
2021-06-21 09:30:05,342.1,0
2021-06-21 09:30:06,342.05,0
2021-06-21 09:30:07,342.05,0
2021-06-21 09:30:08,341.85,0
2021-06-21 09:30:09,341.85,0
2021-06-21 09:30:10,341.8,0
2021-06-21 09:30:11,341.75,0
2021-06-21 09:30:13,341.85,0
2021-06-21 09:30:14,341.8,0
2021-06-21 09:30:15,341.7,0
2021-06-21 09:30:16,341.75,0
2021-06-21 09:30:18,341.7,0
2021-06-21 09:30:19,341.7,0
2021-06-21 09:30:20,341.7,0
2021-06-21 09:30:21,341.45,0
2021-06-21 09:30:22,341.45,0
2021-06-21 09:30:23,341.45,0
2021-06-21 09:30:26,341.15,0
2021-06-21 09:30:27,341.15,0
2021-06-21 09:30:28,341.1,0
2021-06-21 09:30:29,341.0,0
2021-06-21 09:30:30,341.15,0
2021-06-21 09:30:31,341.1,0
2021-06-21 09:30:32,341.15,0
2021-06-21 09:30:33,341.05,0
2021-06-21 09:30:34,341.05,0
2021-06-21 09:30:35,341.0,0
2021-06-21 09:30:37,340.95,0
2021-06-21 09:30:38,340.95,0
2021-06-21 09:30:39,341.0,0
2021-06-21 09:30:40,340.95,0
2021-06-21 09:30:41,340.95,0
2021-06-21 09:30:42,340.85,0
2021-06-21 09:30:44,340.8,0
2021-06-21 09:30:45,340.95,0
2021-06-21 09:30:47,340.75,0
2021-06-21 09:30:48,340.85,0
2021-06-21 09:30:49,340.75,0
2021-06-21 09:30:51,340.65,0
2021-06-21 09:30:52,340.65,0
2021-06-21 09:30:53,340.65,0
2021-06-21 09:30:54,340.65,0
2021-06-21 09:30:55,340.65,0
2021-06-21 09:30:56,340.7,0
2021-06-21 09:30:57,340.75,0
2021-06-21 09:30:58,340.7,0
2021-06-21 09:31:00,340.55,0
2021-06-21 09:31:01,340.6,0
2021-06-21 09:31:02,340.7,0
2021-06-21 09:31:03,340.7,0
2021-06-21 09:31:04,340.55,0
2021-06-21 09:31:05,340.65,0
2021-06-21 09:31:06,340.65,0
2021-06-21 09:31:07,340.55,0
2021-06-21 09:31:08,340.55,0
2021-06-21 09:31:09,340.55,0
2021-06-21 09:31:10,340.5,0
2021-06-21 09:31:12,340.45,0
2021-06-21 09:31:13,340.4,0
2021-06-21 09:31:14,340.4,0
2021-06-21 09:31:15,340.35,0
2021-06-21 09:31:16,340.35,0
2021-06-21 09:31:17,340.3,0
2021-06-21 09:31:18,340.35,0
2021-06-21 09:31:19,340.35,0
2021-06-21 09:31:20,340.35,0
2021-06-21 09:31:22,340.35,0
2021-06-21 09:31:23,340.4,0
2021-06-21 09:31:25,340.4,0
2021-06-21 09:31:26,340.45,0
2021-06-21 09:31:27,340.4,0
2021-06-21 09:31:28,340.5,0
2021-06-21 09:31:30,340.55,0
2021-06-21 09:31:31,340.55,0
2021-06-21 09:31:33,340.5,0
2021-06-21 09:31:34,340.55,0
2021-06-21 09:31:35,340.55,0
2021-06-21 09:31:36,340.5,0
2021-06-21 09:31:37,340.45,0
2021-06-21 09:31:38,340.5,0
2021-06-21 09:31:39,340.5,0
2021-06-21 09:31:40,340.5,0
2021-06-21 09:31:41,340.5,0
2021-06-21 09:31:42,340.5,0
2021-06-21 09:31:43,340.6,0
2021-06-21 09:31:44,340.95,0
2021-06-21 09:31:45,340.95,0
2021-06-21 09:31:46,341.0,0
2021-06-21 09:31:47,340.95,0
2021-06-21 09:31:48,341.1,0
2021-06-21 09:31:50,341.0,0
2021-06-21 09:31:51,341.1,0
2021-06-21 09:31:52,341.1,0
2021-06-21 09:31:53,341.1,0
2021-06-21 09:31:55,341.2,0
2021-06-21 09:31:56,341.25,0
2021-06-21 09:31:57,341.3,0
2021-06-21 09:31:58,341.3,0
2021-06-21 09:32:00,341.25,0
2021-06-21 09:32:01,341.2,0
2021-06-21 09:32:02,341.2,0
2021-06-21 09:32:03,341.2,0
2021-06-21 09:32:04,341.25,0
2021-06-21 09:32:05,341.3,0
2021-06-21 09:32:06,341.3,0
2021-06-21 09:32:07,341.35,0
2021-06-21 09:32:08,341.5,0
2021-06-21 09:32:09,341.45,0
2021-06-21 09:32:10,341.35,0
2021-06-21 09:32:11,341.35,0
2021-06-21 09:32:14,341.35,0
2021-06-21 09:32:15,341.35,0
2021-06-21 09:32:16,341.4,0
2021-06-21 09:32:17,341.45,0
2021-06-21 09:32:18,341.5,0
2021-06-21 09:32:19,341.5,0
2021-06-21 09:32:20,341.5,0
2021-06-21 09:32:21,341.6,0
2021-06-21 09:32:22,341.5,0
2021-06-21 09:32:24,341.55,0
2021-06-21 09:32:28,341.55,0
2021-06-21 09:32:30,341.55,0
2021-06-21 09:32:32,341.55,0
2021-06-21 09:32:34,341.55,0
2021-06-21 09:32:36,341.7,0
2021-06-21 09:32:37,341.7,0
2021-06-21 09:32:39,341.85,0
2021-06-21 09:32:40,341.95,0
2021-06-21 09:32:41,341.95,0
2021-06-21 09:32:42,341.95,0
2021-06-21 09:32:43,341.85,0
2021-06-21 09:32:44,341.95,0
2021-06-21 09:32:46,341.85,0
2021-06-21 09:32:47,341.85,0
2021-06-21 09:32:48,341.8,0
2021-06-21 09:32:51,341.8,0
2021-06-21 09:32:52,341.85,0
2021-06-21 09:32:53,341.85,0
2021-06-21 09:32:54,341.8,0
2021-06-21 09:32:57,341.85,0
2021-06-21 09:32:58,341.85,0
2021-06-21 09:33:00,341.9,0
2021-06-21 09:33:01,341.9,0
2021-06-21 09:33:02,342.0,0
2021-06-21 09:33:03,341.95,0
2021-06-21 09:33:04,342.0,0
2021-06-21 09:33:05,342.0,0
2021-06-21 09:33:06,342.1,0
2021-06-21 09:33:07,342.05,0
2021-06-21 09:33:09,342.0,0
2021-06-21 09:33:10,342.05,0
2021-06-21 09:33:11,342.05,0
2021-06-21 09:33:12,342.05,0
2021-06-21 09:33:13,342.05,0
2021-06-21 09:33:14,342.1,0
2021-06-21 09:33:16,342.1,0
2021-06-21 09:33:17,342.05,0
2021-06-21 09:33:19,342.05,0
2021-06-21 09:33:20,341.95,0
2021-06-21 09:33:21,341.95,0
2021-06-21 09:33:22,342.05,0
2021-06-21 09:33:23,342.0,0
2021-06-21 09:33:24,341.95,0
2021-06-21 09:33:25,342.0,0
2021-06-21 09:33:26,342.0,0
2021-06-21 09:33:28,342.05,0
2021-06-21 09:33:29,342.05,0
2021-06-21 09:33:30,342.05,0
2021-06-21 09:33:31,342.05,0
2021-06-21 09:33:32,342.05,0
2021-06-21 09:33:33,342.05,0
2021-06-21 09:33:34,342.0,0
2021-06-21 09:33:35,342.2,0
2021-06-21 09:33:38,342.25,0
2021-06-21 09:33:39,342.25,0
2021-06-21 09:33:40,342.3,0
2021-06-21 09:33:41,342.3,0
2021-06-21 09:33:42,342.35,0
2021-06-21 09:33:44,342.2,0
2021-06-21 09:33:45,342.15,0
2021-06-21 09:33:46,342.15,0
2021-06-21 09:33:47,342.2,0
2021-06-21 09:33:48,342.15,0
2021-06-21 09:33:49,342.2,0
2021-06-21 09:33:50,342.05,0
2021-06-21 09:33:52,342.05,0
2021-06-21 09:33:53,342.05,0
2021-06-21 09:33:54,342.05,0
2021-06-21 09:33:55,342.05,0
2021-06-21 09:33:56,342.05,0
2021-06-21 09:33:57,342.05,0
2021-06-21 09:33:58,342.05,0
2021-06-21 09:33:59,342.05,0
2021-06-21 09:34:01,342.05,0
2021-06-21 09:34:02,342.05,0
2021-06-21 09:34:03,342.0,0
2021-06-21 09:34:04,342.05,0
2021-06-21 09:34:05,342.1,0
2021-06-21 09:34:08,342.15,0
2021-06-21 09:34:09,342.1,0
2021-06-21 09:34:10,342.05,0
2021-06-21 09:34:11,342.05,0
2021-06-21 09:34:12,342.05,0
2021-06-21 09:34:13,342.05,0
2021-06-21 09:34:14,342.1,0
2021-06-21 09:34:15,342.1,0
2021-06-21 09:34:17,342.05,0
2021-06-21 09:34:18,342.0,0
2021-06-21 09:34:19,341.95,0
2021-06-21 09:34:20,341.9,0
2021-06-21 09:34:21,341.75,0
2021-06-21 09:34:22,341.75,0
2021-06-21 09:34:23,341.75,0
2021-06-21 09:34:25,341.75,0
2021-06-21 09:34:26,341.75,0
2021-06-21 09:34:27,341.8,0
2021-06-21 09:34:28,341.8,0
2021-06-21 09:34:29,341.9,0
2021-06-21 09:34:30,341.9,0
2021-06-21 09:34:32,341.85,0
2021-06-21 09:34:33,341.9,0
2021-06-21 09:34:34,341.9,0
2021-06-21 09:34:35,341.9,0
2021-06-21 09:34:36,341.9,0
2021-06-21 09:34:37,341.9,0
2021-06-21 09:34:39,341.85,0
2021-06-21 09:34:40,341.9,0
2021-06-21 09:34:41,341.8,0
2021-06-21 09:34:42,341.8,0
2021-06-21 09:34:43,341.8,0
2021-06-21 09:34:44,341.75,0
2021-06-21 09:34:45,341.85,0
2021-06-21 09:34:48,341.7,0
2021-06-21 09:34:49,341.7,0
2021-06-21 09:34:50,341.7,0
2021-06-21 09:34:52,341.8,0
2021-06-21 09:34:53,341.8,0
2021-06-21 09:34:54,341.8,0
2021-06-21 09:34:55,341.8,0
2021-06-21 09:34:56,341.8,0
2021-06-21 09:34:57,341.8,0
2021-06-21 09:34:58,341.75,0
2021-06-21 09:34:59,341.7,0
2021-06-21 09:35:00,341.75,0
2021-06-21 09:35:01,341.75,0
2021-06-21 09:35:02,341.7,0
2021-06-21 09:35:03,341.75,0
2021-06-21 09:35:04,341.7,0
2021-06-21 09:35:06,341.65,0
2021-06-21 09:35:07,341.6,0
2021-06-21 09:35:08,341.7,0
2021-06-21 09:35:09,341.75,0
2021-06-21 09:35:10,341.75,0
2021-06-21 09:35:13,341.7,0
2021-06-21 09:35:14,341.7,0
2021-06-21 09:35:18,341.8,0
2021-06-21 09:35:20,341.8,0
2021-06-21 09:35:21,341.9,0
2021-06-21 09:35:22,341.9,0
2021-06-21 09:35:25,341.9,0
2021-06-21 09:35:26,341.95,0
2021-06-21 09:35:27,342.0,0
2021-06-21 09:35:28,341.95,0
2021-06-21 09:35:29,341.85,0
2021-06-21 09:35:30,341.95,0
2021-06-21 09:35:31,341.95,0
2021-06-21 09:35:32,342.0,0
2021-06-21 09:35:33,342.0,0
2021-06-21 09:35:34,342.0,0
2021-06-21 09:35:35,342.0,0
2021-06-21 09:35:36,341.95,0
2021-06-21 09:35:37,341.95,0
2021-06-21 09:35:39,341.9,0
2021-06-21 09:35:40,342.0,0
2021-06-21 09:35:41,342.0,0
2021-06-21 09:35:42,342.0,0
2021-06-21 09:35:43,342.05,0
2021-06-21 09:35:45,342.1,0
2021-06-21 09:35:46,342.15,0
2021-06-21 09:35:47,342.15,0
2021-06-21 09:35:48,342.15,0
2021-06-21 09:35:49,342.15,0
2021-06-21 09:35:51,342.1,0
2021-06-21 09:35:53,342.1,0
2021-06-21 09:35:54,342.05,0
2021-06-21 09:35:55,342.1,0
2021-06-21 09:35:56,342.0,0
2021-06-21 09:35:57,342.0,0
2021-06-21 09:35:59,341.95,0
2021-06-21 09:36:01,342.05,0
2021-06-21 09:36:02,342.05,0
2021-06-21 09:36:03,342.05,0
2021-06-21 09:36:04,342.05,0
2021-06-21 09:36:05,342.05,0
2021-06-21 09:36:06,342.05,0
2021-06-21 09:36:07,342.0,0
2021-06-21 09:36:08,342.05,0
2021-06-21 09:36:09,342.05,0
2021-06-21 09:36:12,342.05,0
2021-06-21 09:36:13,342.1,0
2021-06-21 09:36:14,342.05,0
2021-06-21 09:36:15,342.05,0
2021-06-21 09:36:17,342.0,0
2021-06-21 09:36:18,342.05,0
2021-06-21 09:36:19,342.0,0
2021-06-21 09:36:21,342.1,0
2021-06-21 09:36:22,342.05,0
2021-06-21 09:36:23,342.0,0
2021-06-21 09:36:25,342.05,0
2021-06-21 09:36:26,342.1,0
2021-06-21 09:36:27,342.1,0
2021-06-21 09:36:31,342.0,0
2021-06-21 09:36:32,341.9,0
2021-06-21 09:36:34,341.8,0
2021-06-21 09:36:35,341.85,0
2021-06-21 09:36:36,341.75,0
2021-06-21 09:36:39,341.8,0
2021-06-21 09:36:40,341.8,0
2021-06-21 09:36:41,341.75,0
2021-06-21 09:36:43,341.65,0
2021-06-21 09:36:44,341.7,0
2021-06-21 09:36:45,341.7,0
2021-06-21 09:36:46,341.7,0
2021-06-21 09:36:47,341.7,0
2021-06-21 09:36:48,341.65,0
2021-06-21 09:36:50,341.7,0
2021-06-21 09:36:52,341.7,0
2021-06-21 09:36:55,341.75,0
2021-06-21 09:36:56,341.65,0
2021-06-21 09:36:57,341.65,0
2021-06-21 09:36:58,341.65,0
2021-06-21 09:37:00,341.65,0
2021-06-21 09:37:02,341.7,0
2021-06-21 09:37:03,341.7,0
2021-06-21 09:37:04,341.7,0
2021-06-21 09:37:05,341.65,0
2021-06-21 09:37:07,341.55,0
2021-06-21 09:37:08,341.55,0
2021-06-21 09:37:09,341.6,0
2021-06-21 09:37:10,341.65,0
2021-06-21 09:37:12,341.55,0
2021-06-21 09:37:14,341.65,0
2021-06-21 09:37:15,341.65,0
2021-06-21 09:37:17,341.65,0
2021-06-21 09:37:18,341.65,0
2021-06-21 09:37:20,341.6,0
2021-06-21 09:37:21,341.6,0
2021-06-21 09:37:22,341.55,0
2021-06-21 09:37:23,341.55,0
2021-06-21 09:37:24,341.55,0
2021-06-21 09:37:25,341.6,0
2021-06-21 09:37:26,341.6,0
2021-06-21 09:37:27,341.55,0
2021-06-21 09:37:28,341.55,0
2021-06-21 09:37:29,341.55,0
2021-06-21 09:37:31,341.65,0
2021-06-21 09:37:32,341.55,0
2021-06-21 09:37:33,341.6,0
2021-06-21 09:37:35,341.55,0
2021-06-21 09:37:36,341.6,0
2021-06-21 09:37:38,341.6,0
2021-06-21 09:37:39,341.6,0
2021-06-21 09:37:40,341.6,0
2021-06-21 09:37:41,341.5,0
2021-06-21 09:37:42,341.55,0
2021-06-21 09:37:43,341.5,0
2021-06-21 09:37:45,341.5,0
2021-06-21 09:37:46,341.5,0
2021-06-21 09:37:47,341.5,0
2021-06-21 09:37:48,341.5,0
2021-06-21 09:37:49,341.5,0
2021-06-21 09:37:50,341.5,0
2021-06-21 09:37:51,341.5,0
2021-06-21 09:37:52,341.5,0
2021-06-21 09:37:53,341.55,0
2021-06-21 09:37:54,341.5,0
2021-06-21 09:37:55,341.55,0
2021-06-21 09:37:56,341.55,0
2021-06-21 09:37:57,341.65,0
2021-06-21 09:37:58,341.65,0
2021-06-21 09:37:59,341.7,0
2021-06-21 09:38:00,341.7,0
2021-06-21 09:38:01,341.75,0
2021-06-21 09:38:04,341.95,0
2021-06-21 09:38:06,342.0,0
2021-06-21 09:38:07,342.0,0
2021-06-21 09:38:08,342.0,0
2021-06-21 09:38:09,342.0,0
2021-06-21 09:38:10,341.95,0
2021-06-21 09:38:11,341.9,0
2021-06-21 09:38:12,342.05,0
2021-06-21 09:38:13,342.1,0
2021-06-21 09:38:15,342.1,0
2021-06-21 09:38:17,342.05,0
2021-06-21 09:38:19,342.15,0
2021-06-21 09:38:20,342.15,0
2021-06-21 09:38:21,342.15,0
2021-06-21 09:38:22,342.15,0
2021-06-21 09:38:23,342.1,0
2021-06-21 09:38:25,342.15,0
2021-06-21 09:38:27,342.15,0
2021-06-21 09:38:28,342.2,0
2021-06-21 09:38:30,342.25,0
2021-06-21 09:38:31,342.25,0
2021-06-21 09:38:32,342.3,0
2021-06-21 09:38:33,342.25,0
2021-06-21 09:38:34,342.25,0
2021-06-21 09:38:35,342.2,0
2021-06-21 09:38:36,342.25,0
2021-06-21 09:38:37,342.2,0
2021-06-21 09:38:39,342.25,0
2021-06-21 09:38:40,342.25,0
2021-06-21 09:38:41,342.25,0
2021-06-21 09:38:42,342.4,0
2021-06-21 09:38:44,342.4,0
2021-06-21 09:38:45,342.45,0
2021-06-21 09:38:46,342.45,0
2021-06-21 09:38:47,342.35,0
2021-06-21 09:38:48,342.35,0
2021-06-21 09:38:49,342.3,0
2021-06-21 09:38:50,342.3,0
2021-06-21 09:38:51,342.35,0
2021-06-21 09:38:52,342.4,0
2021-06-21 09:38:53,342.4,0
2021-06-21 09:38:55,342.4,0
2021-06-21 09:38:58,342.4,0
2021-06-21 09:38:59,342.45,0
2021-06-21 09:39:01,342.6,0
2021-06-21 09:39:02,342.6,0
2021-06-21 09:39:03,342.6,0
2021-06-21 09:39:04,342.6,0
2021-06-21 09:39:05,342.65,0
2021-06-21 09:39:07,342.7,0
2021-06-21 09:39:08,342.75,0
2021-06-21 09:39:09,342.75,0
2021-06-21 09:39:10,342.7,0
2021-06-21 09:39:11,342.7,0
2021-06-21 09:39:13,342.8,0
2021-06-21 09:39:14,342.8,0
2021-06-21 09:39:15,342.8,0
2021-06-21 09:39:17,342.85,0
2021-06-21 09:39:18,342.85,0
2021-06-21 09:39:19,342.8,0
2021-06-21 09:39:20,342.75,0
2021-06-21 09:39:21,342.75,0
2021-06-21 09:39:22,342.7,0
2021-06-21 09:39:23,342.75,0
2021-06-21 09:39:24,342.8,0
2021-06-21 09:39:25,342.75,0
2021-06-21 09:39:26,342.8,0
2021-06-21 09:39:28,342.85,0
2021-06-21 09:39:29,342.85,0
2021-06-21 09:39:30,342.95,0
2021-06-21 09:39:31,342.9,0
2021-06-21 09:39:33,342.9,0
2021-06-21 09:39:34,342.9,0
2021-06-21 09:39:36,343.1,0
2021-06-21 09:39:37,343.05,0
2021-06-21 09:39:38,343.05,0
2021-06-21 09:39:39,343.05,0
2021-06-21 09:39:40,343.0,0
2021-06-21 09:39:41,343.05,0
2021-06-21 09:39:42,343.0,0
2021-06-21 09:39:43,343.05,0
2021-06-21 09:39:46,343.05,0
2021-06-21 09:39:47,342.95,0
2021-06-21 09:39:48,342.95,0
2021-06-21 09:39:49,343.0,0
2021-06-21 09:39:50,343.0,0
2021-06-21 09:39:51,343.05,0
2021-06-21 09:39:52,343.05,0
2021-06-21 09:39:53,343.1,0
2021-06-21 09:39:54,342.9,0
2021-06-21 09:39:55,342.9,0
2021-06-21 09:39:56,342.9,0
2021-06-21 09:40:00,342.95,0
2021-06-21 09:40:01,342.95,0
2021-06-21 09:40:03,342.95,0
2021-06-21 09:40:04,343.05,0
2021-06-21 09:40:05,343.1,0
2021-06-21 09:40:07,343.1,0
2021-06-21 09:40:09,343.2,0
2021-06-21 09:40:10,343.2,0
2021-06-21 09:40:12,343.1,0
2021-06-21 09:40:13,343.15,0
2021-06-21 09:40:14,343.1,0
2021-06-21 09:40:15,343.05,0
2021-06-21 09:40:16,343.05,0
2021-06-21 09:40:17,343.05,0
2021-06-21 09:40:18,343.05,0
2021-06-21 09:40:19,343.1,0
2021-06-21 09:40:21,343.0,0
2021-06-21 09:40:22,343.05,0
2021-06-21 09:40:24,343.1,0
2021-06-21 09:40:26,342.95,0
2021-06-21 09:40:27,343.0,0
2021-06-21 09:40:28,343.0,0
2021-06-21 09:40:29,343.05,0
2021-06-21 09:40:30,343.0,0
2021-06-21 09:40:31,343.0,0
2021-06-21 09:40:32,343.05,0
2021-06-21 09:40:34,343.1,0
2021-06-21 09:40:35,343.05,0
2021-06-21 09:40:36,343.05,0
2021-06-21 09:40:37,343.0,0
2021-06-21 09:40:38,343.0,0
2021-06-21 09:40:39,343.0,0
2021-06-21 09:40:40,343.0,0
2021-06-21 09:40:41,342.95,0
2021-06-21 09:40:42,343.0,0
2021-06-21 09:40:43,342.95,0
2021-06-21 09:40:44,342.9,0
2021-06-21 09:40:46,342.85,0
2021-06-21 09:40:48,342.8,0
2021-06-21 09:40:50,342.8,0
2021-06-21 09:40:53,342.75,0
2021-06-21 09:40:54,342.75,0
2021-06-21 09:40:55,342.75,0
2021-06-21 09:40:56,342.75,0
2021-06-21 09:40:58,342.7,0
2021-06-21 09:40:59,342.7,0
2021-06-21 09:41:00,342.8,0
2021-06-21 09:41:01,342.65,0
2021-06-21 09:41:02,342.65,0
2021-06-21 09:41:03,342.65,0
2021-06-21 09:41:04,342.7,0
2021-06-21 09:41:05,342.7,0
2021-06-21 09:41:07,342.65,0
2021-06-21 09:41:08,342.75,0
2021-06-21 09:41:09,342.85,0
2021-06-21 09:41:10,342.85,0
2021-06-21 09:41:11,342.8,0
2021-06-21 09:41:12,342.85,0
2021-06-21 09:41:13,342.85,0
2021-06-21 09:41:14,342.9,0
2021-06-21 09:41:15,342.85,0
2021-06-21 09:41:16,342.85,0
2021-06-21 09:41:17,342.9,0
2021-06-21 09:41:19,342.95,0
2021-06-21 09:41:20,342.9,0
2021-06-21 09:41:21,342.9,0
2021-06-21 09:41:22,342.9,0
2021-06-21 09:41:23,342.9,0
2021-06-21 09:41:25,342.9,0
2021-06-21 09:41:26,342.9,0
2021-06-21 09:41:27,342.9,0
2021-06-21 09:41:28,342.9,0
2021-06-21 09:41:30,342.95,0
2021-06-21 09:41:31,342.95,0
2021-06-21 09:41:33,343.0,0
2021-06-21 09:41:34,343.1,0
2021-06-21 09:41:35,343.05,0
2021-06-21 09:41:36,343.05,0
2021-06-21 09:41:37,343.05,0
2021-06-21 09:41:38,343.0,0
2021-06-21 09:41:39,343.0,0
2021-06-21 09:41:40,343.0,0
2021-06-21 09:41:41,343.05,0
2021-06-21 09:41:42,343.1,0
2021-06-21 09:41:43,343.15,0
2021-06-21 09:41:44,343.15,0
2021-06-21 09:41:45,343.15,0
2021-06-21 09:41:46,343.15,0
2021-06-21 09:41:47,343.15,0
2021-06-21 09:41:49,343.1,0
2021-06-21 09:41:50,343.1,0
2021-06-21 09:41:51,343.05,0
2021-06-21 09:41:52,343.05,0
2021-06-21 09:41:53,343.05,0
2021-06-21 09:41:54,343.05,0
2021-06-21 09:41:55,343.0,0
2021-06-21 09:41:56,343.1,0
2021-06-21 09:41:57,343.05,0
2021-06-21 09:41:58,343.0,0
2021-06-21 09:41:59,343.05,0
2021-06-21 09:42:00,343.1,0
2021-06-21 09:42:01,343.2,0
2021-06-21 09:42:02,343.25,0
2021-06-21 09:42:03,343.2,0
2021-06-21 09:42:04,343.25,0
2021-06-21 09:42:05,343.25,0
2021-06-21 09:42:06,343.3,0
2021-06-21 09:42:07,343.2,0
2021-06-21 09:42:08,343.2,0
2021-06-21 09:42:09,343.25,0
2021-06-21 09:42:10,343.3,0
2021-06-21 09:42:12,343.45,0
2021-06-21 09:42:14,343.45,0
2021-06-21 09:42:15,343.55,0
2021-06-21 09:42:17,343.5,0
2021-06-21 09:42:18,343.5,0
2021-06-21 09:42:19,343.5,0
2021-06-21 09:42:20,343.5,0
2021-06-21 09:42:22,343.5,0
2021-06-21 09:42:23,343.5,0
2021-06-21 09:42:24,343.5,0
2021-06-21 09:42:25,343.55,0
2021-06-21 09:42:26,343.5,0
2021-06-21 09:42:27,343.5,0
2021-06-21 09:42:29,343.55,0
2021-06-21 09:42:30,343.6,0
2021-06-21 09:42:33,343.55,0
2021-06-21 09:42:34,343.55,0
2021-06-21 09:42:35,343.5,0
2021-06-21 09:42:36,343.5,0
2021-06-21 09:42:37,343.45,0
2021-06-21 09:42:38,343.45,0
2021-06-21 09:42:40,343.45,0
2021-06-21 09:42:41,343.25,0
2021-06-21 09:42:42,343.3,0
2021-06-21 09:42:44,343.3,0
2021-06-21 09:42:47,343.35,0
2021-06-21 09:42:48,343.35,0
2021-06-21 09:42:49,343.35,0
2021-06-21 09:42:50,343.35,0
2021-06-21 09:42:51,343.35,0
2021-06-21 09:42:52,343.35,0
2021-06-21 09:42:53,343.4,0
2021-06-21 09:42:54,343.4,0
2021-06-21 09:42:55,343.35,0
2021-06-21 09:42:56,343.4,0
2021-06-21 09:42:57,343.45,0
2021-06-21 09:42:58,343.6,0
2021-06-21 09:42:59,343.55,0
2021-06-21 09:43:00,343.55,0
2021-06-21 09:43:01,343.55,0
2021-06-21 09:43:03,343.75,0
2021-06-21 09:43:04,343.8,0
2021-06-21 09:43:05,343.75,0
2021-06-21 09:43:06,343.75,0
2021-06-21 09:43:07,343.8,0
2021-06-21 09:43:08,343.8,0
2021-06-21 09:43:09,343.85,0
2021-06-21 09:43:10,343.8,0
2021-06-21 09:43:11,343.8,0
2021-06-21 09:43:12,343.75,0
2021-06-21 09:43:13,343.8,0
2021-06-21 09:43:14,343.8,0
2021-06-21 09:43:15,343.8,0
2021-06-21 09:43:16,343.75,0
2021-06-21 09:43:17,343.85,0
2021-06-21 09:43:18,343.85,0
2021-06-21 09:43:19,343.85,0
2021-06-21 09:43:21,343.7,0
2021-06-21 09:43:22,343.7,0
2021-06-21 09:43:23,343.7,0
2021-06-21 09:43:26,343.75,0
2021-06-21 09:43:27,343.85,0
2021-06-21 09:43:29,343.9,0
2021-06-21 09:43:31,343.75,0
2021-06-21 09:43:32,343.85,0
2021-06-21 09:43:33,343.85,0
2021-06-21 09:43:34,343.85,0
2021-06-21 09:43:36,343.85,0
2021-06-21 09:43:38,343.85,0
2021-06-21 09:43:39,343.85,0
2021-06-21 09:43:40,343.8,0
2021-06-21 09:43:42,343.8,0
2021-06-21 09:43:43,343.8,0
2021-06-21 09:43:44,343.8,0
2021-06-21 09:43:45,343.85,0
2021-06-21 09:43:46,343.8,0
2021-06-21 09:43:47,343.85,0
2021-06-21 09:43:48,343.8,0
2021-06-21 09:43:49,343.8,0
2021-06-21 09:43:50,343.8,0
2021-06-21 09:43:51,343.9,0
2021-06-21 09:43:52,343.85,0
2021-06-21 09:43:53,343.85,0
2021-06-21 09:43:54,343.85,0
2021-06-21 09:43:56,343.9,0
2021-06-21 09:43:57,343.9,0
2021-06-21 09:43:58,343.95,0
2021-06-21 09:44:01,344.1,0
2021-06-21 09:44:02,344.1,0
2021-06-21 09:44:04,344.1,0
2021-06-21 09:44:05,344.1,0
2021-06-21 09:44:06,344.15,0
2021-06-21 09:44:07,344.15,0
2021-06-21 09:44:09,344.1,0
2021-06-21 09:44:10,344.1,0
2021-06-21 09:44:11,344.05,0
2021-06-21 09:44:12,344.1,0
2021-06-21 09:44:13,344.0,0
2021-06-21 09:44:14,344.1,0
2021-06-21 09:44:16,344.0,0
2021-06-21 09:44:17,344.05,0
2021-06-21 09:44:18,344.05,0
2021-06-21 09:44:19,344.05,0
2021-06-21 09:44:20,344.0,0
2021-06-21 09:44:21,343.95,0
2021-06-21 09:44:22,344.0,0
2021-06-21 09:44:23,344.0,0
2021-06-21 09:44:24,343.85,0
2021-06-21 09:44:26,343.9,0
2021-06-21 09:44:27,343.95,0
2021-06-21 09:44:29,343.9,0
2021-06-21 09:44:30,343.85,0
2021-06-21 09:44:31,343.85,0
2021-06-21 09:44:33,343.85,0
2021-06-21 09:44:34,343.85,0
2021-06-21 09:44:35,343.9,0
2021-06-21 09:44:37,343.7,0
2021-06-21 09:44:38,343.65,0
2021-06-21 09:44:39,343.7,0
2021-06-21 09:44:40,343.65,0
2021-06-21 09:44:41,343.65,0
2021-06-21 09:44:45,343.6,0
2021-06-21 09:44:46,343.65,0
2021-06-21 09:44:48,343.65,0
2021-06-21 09:44:49,343.65,0
2021-06-21 09:44:51,343.7,0
2021-06-21 09:44:53,343.7,0
2021-06-21 09:44:56,343.7,0
2021-06-21 09:44:57,343.8,0
2021-06-21 09:44:58,343.8,0
2021-06-21 09:44:59,343.75,0
2021-06-21 09:45:00,343.75,0
2021-06-21 09:45:01,343.75,0
2021-06-21 09:45:02,343.75,0
2021-06-21 09:45:05,343.7,0
2021-06-21 09:45:06,343.7,0
2021-06-21 09:45:07,343.7,0
2021-06-21 09:45:08,343.7,0
2021-06-21 09:45:09,343.7,0
2021-06-21 09:45:10,343.7,0
2021-06-21 09:45:11,343.7,0
2021-06-21 09:45:12,343.7,0
2021-06-21 09:45:13,343.7,0
2021-06-21 09:45:14,343.7,0
2021-06-21 09:45:15,343.7,0
2021-06-21 09:45:16,343.55,0
2021-06-21 09:45:17,343.55,0
2021-06-21 09:45:18,343.5,0
2021-06-21 09:45:19,343.45,0
2021-06-21 09:45:20,343.45,0
2021-06-21 09:45:21,343.4,0
2021-06-21 09:45:22,343.4,0
2021-06-21 09:45:23,343.45,0
2021-06-21 09:45:24,343.45,0
2021-06-21 09:45:25,343.4,0
2021-06-21 09:45:27,343.45,0
2021-06-21 09:45:28,343.5,0
2021-06-21 09:45:29,343.5,0
2021-06-21 09:45:30,343.45,0
2021-06-21 09:45:32,343.6,0
2021-06-21 09:45:33,343.6,0
2021-06-21 09:45:34,343.55,0
2021-06-21 09:45:35,343.6,0
2021-06-21 09:45:39,343.55,0
2021-06-21 09:45:40,343.55,0
2021-06-21 09:45:42,343.5,0
2021-06-21 09:45:43,343.5,0
2021-06-21 09:45:44,343.5,0
2021-06-21 09:45:45,343.45,0
2021-06-21 09:45:46,343.45,0
2021-06-21 09:45:47,343.45,0
2021-06-21 09:45:49,343.4,0
2021-06-21 09:45:50,343.4,0
2021-06-21 09:45:51,343.4,0
2021-06-21 09:45:52,343.45,0
2021-06-21 09:45:53,343.55,0
2021-06-21 09:45:54,343.55,0
2021-06-21 09:45:55,343.55,0
2021-06-21 09:45:58,343.7,0
2021-06-21 09:45:59,343.7,0
2021-06-21 09:46:00,343.65,0
2021-06-21 09:46:01,343.7,0
2021-06-21 09:46:02,343.7,0
2021-06-21 09:46:04,343.8,0
2021-06-21 09:46:05,343.75,0
2021-06-21 09:46:06,343.75,0
2021-06-21 09:46:07,343.75,0
2021-06-21 09:46:10,343.8,0
2021-06-21 09:46:11,343.8,0
2021-06-21 09:46:12,343.8,0
2021-06-21 09:46:13,343.8,0
2021-06-21 09:46:14,343.8,0
2021-06-21 09:46:15,343.8,0
2021-06-21 09:46:16,343.8,0
2021-06-21 09:46:17,343.8,0
2021-06-21 09:46:18,343.8,0
2021-06-21 09:46:19,343.8,0
2021-06-21 09:46:21,343.8,0
2021-06-21 09:46:23,343.75,0
2021-06-21 09:46:24,343.65,0
2021-06-21 09:46:25,343.7,0
2021-06-21 09:46:26,343.75,0
2021-06-21 09:46:27,343.7,0
2021-06-21 09:46:28,343.7,0
2021-06-21 09:46:30,343.7,0
2021-06-21 09:46:31,343.7,0
2021-06-21 09:46:32,343.7,0
2021-06-21 09:46:33,343.75,0
2021-06-21 09:46:34,343.75,0
2021-06-21 09:46:36,343.75,0
2021-06-21 09:46:37,343.7,0
2021-06-21 09:46:38,343.55,0
2021-06-21 09:46:39,343.5,0
2021-06-21 09:46:40,343.5,0
2021-06-21 09:46:41,343.55,0
2021-06-21 09:46:43,343.55,0
2021-06-21 09:46:44,343.55,0
2021-06-21 09:46:45,343.5,0
2021-06-21 09:46:46,343.5,0
2021-06-21 09:46:47,343.55,0
2021-06-21 09:46:48,343.55,0
2021-06-21 09:46:49,343.55,0
2021-06-21 09:46:50,343.55,0
2021-06-21 09:46:51,343.55,0
2021-06-21 09:46:52,343.6,0
2021-06-21 09:46:53,343.6,0
2021-06-21 09:46:54,343.6,0
2021-06-21 09:46:55,343.6,0
2021-06-21 09:46:56,343.55,0
2021-06-21 09:46:57,343.55,0
2021-06-21 09:46:59,343.5,0
2021-06-21 09:47:01,343.55,0
2021-06-21 09:47:03,343.55,0
2021-06-21 09:47:05,343.5,0
2021-06-21 09:47:08,343.55,0
2021-06-21 09:47:09,343.5,0
2021-06-21 09:47:10,343.45,0
2021-06-21 09:47:12,343.55,0
2021-06-21 09:47:13,343.55,0
2021-06-21 09:47:14,343.55,0
2021-06-21 09:47:15,343.55,0
2021-06-21 09:47:16,343.6,0
2021-06-21 09:47:17,343.65,0
2021-06-21 09:47:18,343.65,0
2021-06-21 09:47:19,343.65,0
2021-06-21 09:47:20,343.65,0
2021-06-21 09:47:21,343.55,0
2021-06-21 09:47:23,343.6,0
2021-06-21 09:47:24,343.6,0
2021-06-21 09:47:25,343.6,0
2021-06-21 09:47:26,343.55,0
2021-06-21 09:47:27,343.55,0
2021-06-21 09:47:28,343.55,0
2021-06-21 09:47:29,343.6,0
2021-06-21 09:47:30,343.65,0
2021-06-21 09:47:31,343.6,0
2021-06-21 09:47:32,343.65,0
2021-06-21 09:47:33,343.65,0
2021-06-21 09:47:34,343.6,0
2021-06-21 09:47:36,343.6,0
2021-06-21 09:47:37,343.6,0
2021-06-21 09:47:38,343.55,0
2021-06-21 09:47:39,343.55,0
2021-06-21 09:47:40,343.55,0
2021-06-21 09:47:41,343.6,0
2021-06-21 09:47:42,343.55,0
2021-06-21 09:47:43,343.5,0
2021-06-21 09:47:44,343.5,0
2021-06-21 09:47:45,343.55,0
2021-06-21 09:47:46,343.5,0
2021-06-21 09:47:48,343.6,0
2021-06-21 09:47:49,343.5,0
2021-06-21 09:47:50,343.55,0
2021-06-21 09:47:51,343.55,0
2021-06-21 09:47:52,343.55,0
2021-06-21 09:47:53,343.55,0
2021-06-21 09:47:54,343.55,0
2021-06-21 09:47:55,343.55,0
2021-06-21 09:47:56,343.55,0
2021-06-21 09:47:57,343.55,0
2021-06-21 09:47:59,343.6,0
2021-06-21 09:48:00,343.5,0
2021-06-21 09:48:02,343.45,0
2021-06-21 09:48:03,343.45,0
2021-06-21 09:48:04,343.4,0
2021-06-21 09:48:05,343.35,0
2021-06-21 09:48:07,343.35,0
2021-06-21 09:48:08,343.4,0
2021-06-21 09:48:09,343.4,0
2021-06-21 09:48:10,343.4,0
2021-06-21 09:48:11,343.4,0
2021-06-21 09:48:12,343.4,0
2021-06-21 09:48:14,343.4,0
2021-06-21 09:48:15,343.4,0
2021-06-21 09:48:16,343.35,0
2021-06-21 09:48:17,343.4,0
2021-06-21 09:48:18,343.4,0
2021-06-21 09:48:19,343.4,0
2021-06-21 09:48:20,343.4,0
2021-06-21 09:48:21,343.4,0
2021-06-21 09:48:22,343.4,0
2021-06-21 09:48:24,343.35,0
2021-06-21 09:48:25,343.35,0
2021-06-21 09:48:26,343.35,0
2021-06-21 09:48:27,343.3,0
2021-06-21 09:48:28,343.35,0
2021-06-21 09:48:29,343.35,0
2021-06-21 09:48:30,343.35,0
2021-06-21 09:48:31,343.4,0
2021-06-21 09:48:32,343.35,0
2021-06-21 09:48:33,343.35,0
2021-06-21 09:48:34,343.35,0
2021-06-21 09:48:35,343.4,0
2021-06-21 09:48:36,343.4,0
2021-06-21 09:48:37,343.45,0
2021-06-21 09:48:38,343.45,0
2021-06-21 09:48:39,343.4,0
2021-06-21 09:48:40,343.4,0
2021-06-21 09:48:41,343.4,0
2021-06-21 09:48:42,343.4,0
2021-06-21 09:48:43,343.4,0
2021-06-21 09:48:44,343.4,0
2021-06-21 09:48:45,343.4,0
2021-06-21 09:48:46,343.4,0
2021-06-21 09:48:47,343.4,0
2021-06-21 09:48:48,343.4,0
2021-06-21 09:48:49,343.45,0
2021-06-21 09:48:50,343.45,0
2021-06-21 09:48:51,343.45,0
2021-06-21 09:48:52,343.5,0
2021-06-21 09:48:53,343.4,0
2021-06-21 09:48:54,343.35,0
2021-06-21 09:48:57,343.45,0
2021-06-21 09:48:58,343.45,0
2021-06-21 09:48:59,343.45,0
2021-06-21 09:49:01,343.45,0
2021-06-21 09:49:02,343.35,0
2021-06-21 09:49:04,343.3,0
2021-06-21 09:49:05,343.35,0
2021-06-21 09:49:06,343.35,0
2021-06-21 09:49:08,343.3,0
2021-06-21 09:49:10,343.4,0
2021-06-21 09:49:11,343.35,0
2021-06-21 09:49:13,343.4,0
2021-06-21 09:49:14,343.4,0
2021-06-21 09:49:15,343.35,0
2021-06-21 09:49:16,343.35,0
2021-06-21 09:49:17,343.35,0
2021-06-21 09:49:18,343.3,0
2021-06-21 09:49:19,343.35,0
2021-06-21 09:49:21,343.35,0
2021-06-21 09:49:22,343.35,0
2021-06-21 09:49:24,343.3,0
2021-06-21 09:49:25,343.3,0
2021-06-21 09:49:26,343.35,0
2021-06-21 09:49:27,343.25,0
2021-06-21 09:49:30,343.35,0
2021-06-21 09:49:31,343.35,0
2021-06-21 09:49:32,343.35,0
2021-06-21 09:49:33,343.35,0
2021-06-21 09:49:34,343.35,0
2021-06-21 09:49:35,343.35,0
2021-06-21 09:49:37,343.35,0
2021-06-21 09:49:38,343.35,0
2021-06-21 09:49:39,343.35,0
2021-06-21 09:49:40,343.4,0
2021-06-21 09:49:41,343.35,0
2021-06-21 09:49:42,343.4,0
2021-06-21 09:49:43,343.4,0
2021-06-21 09:49:44,343.4,0
2021-06-21 09:49:45,343.4,0
2021-06-21 09:49:46,343.4,0
2021-06-21 09:49:47,343.4,0
2021-06-21 09:49:48,343.4,0
2021-06-21 09:49:49,343.4,0
2021-06-21 09:49:50,343.35,0
2021-06-21 09:49:51,343.45,0
2021-06-21 09:49:52,343.35,0
2021-06-21 09:49:54,343.45,0
2021-06-21 09:49:55,343.4,0
2021-06-21 09:49:56,343.4,0
2021-06-21 09:49:57,343.35,0
2021-06-21 09:49:58,343.35,0
2021-06-21 09:49:59,343.35,0
2021-06-21 09:50:01,343.35,0
2021-06-21 09:50:02,343.35,0
2021-06-21 09:50:03,343.35,0
2021-06-21 09:50:04,343.4,0
2021-06-21 09:50:05,343.35,0
2021-06-21 09:50:06,343.35,0
2021-06-21 09:50:07,343.35,0
2021-06-21 09:50:08,343.35,0
2021-06-21 09:50:09,343.3,0
2021-06-21 09:50:11,343.35,0
2021-06-21 09:50:13,343.35,0
2021-06-21 09:50:15,343.35,0
2021-06-21 09:50:16,343.35,0
2021-06-21 09:50:17,343.35,0
2021-06-21 09:50:18,343.4,0
2021-06-21 09:50:20,343.4,0
2021-06-21 09:50:21,343.4,0
2021-06-21 09:50:22,343.45,0
2021-06-21 09:50:23,343.5,0
2021-06-21 09:50:24,343.5,0
2021-06-21 09:50:26,343.45,0
2021-06-21 09:50:27,343.45,0
2021-06-21 09:50:28,343.45,0
2021-06-21 09:50:29,343.4,0
2021-06-21 09:50:30,343.4,0
2021-06-21 09:50:31,343.4,0
2021-06-21 09:50:32,343.4,0
2021-06-21 09:50:34,343.35,0
2021-06-21 09:50:35,343.35,0
2021-06-21 09:50:36,343.4,0
2021-06-21 09:50:37,343.4,0
2021-06-21 09:50:38,343.4,0
2021-06-21 09:50:39,343.4,0
2021-06-21 09:50:41,343.5,0
2021-06-21 09:50:42,343.5,0
2021-06-21 09:50:43,343.4,0
2021-06-21 09:50:44,343.45,0
2021-06-21 09:50:47,343.4,0
2021-06-21 09:50:49,343.25,0
2021-06-21 09:50:50,343.25,0
2021-06-21 09:50:52,343.25,0
2021-06-21 09:50:53,343.3,0
2021-06-21 09:50:54,343.25,0
2021-06-21 09:50:56,343.35,0
2021-06-21 09:50:58,343.35,0
2021-06-21 09:50:59,343.4,0
2021-06-21 09:51:00,343.4,0
2021-06-21 09:51:02,343.4,0
2021-06-21 09:51:03,343.4,0
2021-06-21 09:51:06,343.35,0
2021-06-21 09:51:08,343.35,0
2021-06-21 09:51:09,343.35,0
2021-06-21 09:51:10,343.35,0
2021-06-21 09:51:11,343.3,0
2021-06-21 09:51:12,343.3,0
2021-06-21 09:51:13,343.3,0
2021-06-21 09:51:14,343.35,0
2021-06-21 09:51:15,343.35,0
2021-06-21 09:51:16,343.35,0
2021-06-21 09:51:17,343.3,0
2021-06-21 09:51:18,343.35,0
2021-06-21 09:51:19,343.35,0
2021-06-21 09:51:20,343.35,0
2021-06-21 09:51:21,343.3,0
2021-06-21 09:51:23,343.35,0
2021-06-21 09:51:25,343.3,0
2021-06-21 09:51:27,343.2,0
2021-06-21 09:51:28,343.2,0
2021-06-21 09:51:31,343.2,0
2021-06-21 09:51:32,343.15,0
2021-06-21 09:51:33,343.15,0
2021-06-21 09:51:34,343.15,0
2021-06-21 09:51:35,343.2,0
2021-06-21 09:51:36,343.2,0
2021-06-21 09:51:37,343.05,0
2021-06-21 09:51:38,343.15,0
2021-06-21 09:51:39,343.15,0
2021-06-21 09:51:40,343.15,0
2021-06-21 09:51:41,343.1,0
2021-06-21 09:51:43,343.1,0
2021-06-21 09:51:44,343.1,0
2021-06-21 09:51:45,343.1,0
2021-06-21 09:51:46,343.15,0
2021-06-21 09:51:47,343.15,0
2021-06-21 09:51:48,343.15,0
2021-06-21 09:51:50,343.15,0
2021-06-21 09:51:51,343.1,0
2021-06-21 09:51:52,343.15,0
2021-06-21 09:51:53,343.15,0
2021-06-21 09:51:54,343.15,0
2021-06-21 09:51:55,343.15,0
2021-06-21 09:51:56,343.05,0
2021-06-21 09:51:58,343.05,0
2021-06-21 09:51:59,342.9,0
2021-06-21 09:52:01,342.85,0
2021-06-21 09:52:02,342.85,0
2021-06-21 09:52:04,342.7,0
2021-06-21 09:52:05,342.7,0
2021-06-21 09:52:06,342.7,0
2021-06-21 09:52:07,342.5,0
2021-06-21 09:52:08,342.5,0
2021-06-21 09:52:09,342.5,0
2021-06-21 09:52:11,342.5,0
2021-06-21 09:52:12,342.45,0
2021-06-21 09:52:13,342.55,0
2021-06-21 09:52:14,342.45,0
2021-06-21 09:52:15,342.5,0
2021-06-21 09:52:20,342.65,0
2021-06-21 09:52:21,342.6,0
2021-06-21 09:52:22,342.6,0
2021-06-21 09:52:23,342.6,0
2021-06-21 09:52:24,342.45,0
2021-06-21 09:52:25,342.5,0
2021-06-21 09:52:26,342.45,0
2021-06-21 09:52:27,342.45,0
2021-06-21 09:52:28,342.4,0
2021-06-21 09:52:29,342.35,0
2021-06-21 09:52:32,342.4,0
2021-06-21 09:52:33,342.4,0
2021-06-21 09:52:34,342.35,0
2021-06-21 09:52:36,342.45,0
2021-06-21 09:52:37,342.4,0
2021-06-21 09:52:38,342.4,0
2021-06-21 09:52:39,342.4,0
2021-06-21 09:52:40,342.45,0
2021-06-21 09:52:41,342.4,0
2021-06-21 09:52:42,342.4,0
2021-06-21 09:52:43,342.4,0
2021-06-21 09:52:45,342.5,0
2021-06-21 09:52:46,342.55,0
2021-06-21 09:52:47,342.5,0
2021-06-21 09:52:48,342.5,0
2021-06-21 09:52:49,342.5,0
2021-06-21 09:52:50,342.4,0
2021-06-21 09:52:51,342.4,0
2021-06-21 09:52:52,342.45,0
2021-06-21 09:52:53,342.45,0
2021-06-21 09:52:54,342.5,0
2021-06-21 09:52:55,342.5,0
2021-06-21 09:52:56,342.45,0
2021-06-21 09:52:57,342.45,0
2021-06-21 09:52:58,342.45,0
2021-06-21 09:52:59,342.45,0
2021-06-21 09:53:01,342.5,0
2021-06-21 09:53:02,342.5,0
2021-06-21 09:53:03,342.5,0
2021-06-21 09:53:04,342.45,0
2021-06-21 09:53:05,342.55,0
2021-06-21 09:53:06,342.6,0
2021-06-21 09:53:07,342.6,0
2021-06-21 09:53:08,342.6,0
2021-06-21 09:53:09,342.6,0
2021-06-21 09:53:10,342.6,0
2021-06-21 09:53:11,342.55,0
2021-06-21 09:53:12,342.6,0
2021-06-21 09:53:13,342.6,0
2021-06-21 09:53:15,342.7,0
2021-06-21 09:53:17,342.7,0
2021-06-21 09:53:18,342.7,0
2021-06-21 09:53:19,342.55,0
2021-06-21 09:53:21,342.6,0
2021-06-21 09:53:22,342.55,0
2021-06-21 09:53:24,342.55,0
2021-06-21 09:53:25,342.5,0
2021-06-21 09:53:26,342.6,0
2021-06-21 09:53:27,342.5,0
2021-06-21 09:53:28,342.5,0
2021-06-21 09:53:29,342.5,0
2021-06-21 09:53:30,342.5,0
2021-06-21 09:53:32,342.45,0
2021-06-21 09:53:34,342.45,0
2021-06-21 09:53:36,342.55,0
2021-06-21 09:53:39,342.5,0
2021-06-21 09:53:40,342.5,0
2021-06-21 09:53:41,342.45,0
2021-06-21 09:53:42,342.45,0
2021-06-21 09:53:43,342.5,0
2021-06-21 09:53:47,342.6,0
2021-06-21 09:53:48,342.55,0
2021-06-21 09:53:49,342.55,0
2021-06-21 09:53:50,342.55,0
2021-06-21 09:53:51,342.6,0
2021-06-21 09:53:53,342.55,0
2021-06-21 09:53:54,342.55,0
2021-06-21 09:53:55,342.5,0
2021-06-21 09:53:56,342.5,0
2021-06-21 09:53:57,342.4,0
2021-06-21 09:53:59,342.4,0
2021-06-21 09:54:00,342.4,0
2021-06-21 09:54:01,342.45,0
2021-06-21 09:54:02,342.45,0
2021-06-21 09:54:03,342.45,0
2021-06-21 09:54:04,342.45,0
2021-06-21 09:54:05,342.45,0
2021-06-21 09:54:08,342.45,0
2021-06-21 09:54:09,342.5,0
2021-06-21 09:54:10,342.5,0
2021-06-21 09:54:11,342.5,0
2021-06-21 09:54:12,342.5,0
2021-06-21 09:54:13,342.55,0
2021-06-21 09:54:14,342.5,0
2021-06-21 09:54:15,342.55,0
2021-06-21 09:54:16,342.5,0
2021-06-21 09:54:17,342.55,0
2021-06-21 09:54:18,342.4,0
2021-06-21 09:54:20,342.4,0
2021-06-21 09:54:22,342.45,0
2021-06-21 09:54:23,342.4,0
2021-06-21 09:54:24,342.4,0
2021-06-21 09:54:25,342.35,0
2021-06-21 09:54:26,342.45,0
2021-06-21 09:54:27,342.45,0
2021-06-21 09:54:29,342.4,0
2021-06-21 09:54:30,342.45,0
2021-06-21 09:54:31,342.45,0
2021-06-21 09:54:32,342.4,0
2021-06-21 09:54:33,342.45,0
2021-06-21 09:54:34,342.45,0
2021-06-21 09:54:35,342.5,0
2021-06-21 09:54:36,342.45,0
2021-06-21 09:54:40,342.5,0
2021-06-21 09:54:41,342.5,0
2021-06-21 09:54:43,342.55,0
2021-06-21 09:54:44,342.6,0
2021-06-21 09:54:45,342.65,0
2021-06-21 09:54:47,342.7,0
2021-06-21 09:54:48,342.65,0
2021-06-21 09:54:49,342.65,0
2021-06-21 09:54:50,342.7,0
2021-06-21 09:54:51,342.7,0
2021-06-21 09:54:52,342.7,0
2021-06-21 09:54:53,342.65,0
2021-06-21 09:54:55,342.65,0
2021-06-21 09:54:57,342.7,0
2021-06-21 09:54:58,342.7,0
2021-06-21 09:54:59,342.65,0
2021-06-21 09:55:00,342.65,0
2021-06-21 09:55:01,342.75,0
2021-06-21 09:55:04,342.75,0
2021-06-21 09:55:06,342.75,0
2021-06-21 09:55:07,342.75,0
2021-06-21 09:55:09,342.75,0
2021-06-21 09:55:10,342.7,0
2021-06-21 09:55:12,342.75,0
2021-06-21 09:55:13,342.7,0
2021-06-21 09:55:14,342.7,0
2021-06-21 09:55:15,342.75,0
2021-06-21 09:55:16,342.75,0
2021-06-21 09:55:17,342.75,0
2021-06-21 09:55:19,342.75,0
2021-06-21 09:55:20,342.75,0
2021-06-21 09:55:21,342.75,0
2021-06-21 09:55:22,342.75,0
2021-06-21 09:55:23,342.8,0
2021-06-21 09:55:25,342.85,0
2021-06-21 09:55:26,342.8,0
2021-06-21 09:55:27,342.9,0
2021-06-21 09:55:28,343.05,0
2021-06-21 09:55:29,343.1,0
2021-06-21 09:55:30,343.15,0
2021-06-21 09:55:31,343.15,0
2021-06-21 09:55:34,343.2,0
2021-06-21 09:55:36,343.2,0
2021-06-21 09:55:39,343.15,0
2021-06-21 09:55:40,343.2,0
2021-06-21 09:55:41,343.15,0
2021-06-21 09:55:42,343.15,0
2021-06-21 09:55:43,343.15,0
2021-06-21 09:55:44,343.15,0
2021-06-21 09:55:45,343.25,0
2021-06-21 09:55:50,343.2,0
2021-06-21 09:55:51,343.2,0
2021-06-21 09:55:52,343.2,0
2021-06-21 09:55:53,343.2,0
2021-06-21 09:55:54,343.2,0
2021-06-21 09:55:56,343.2,0
2021-06-21 09:55:58,343.25,0
2021-06-21 09:56:00,343.25,0
2021-06-21 09:56:01,343.25,0
2021-06-21 09:56:02,343.25,0
2021-06-21 09:56:03,343.3,0
2021-06-21 09:56:04,343.35,0
2021-06-21 09:56:05,343.4,0
2021-06-21 09:56:07,343.45,0
2021-06-21 09:56:08,343.45,0
2021-06-21 09:56:09,343.4,0
2021-06-21 09:56:10,343.45,0
2021-06-21 09:56:13,343.45,0
2021-06-21 09:56:14,343.45,0
2021-06-21 09:56:15,343.45,0
2021-06-21 09:56:16,343.45,0
2021-06-21 09:56:17,343.4,0
2021-06-21 09:56:18,343.4,0
2021-06-21 09:56:19,343.4,0
2021-06-21 09:56:20,343.4,0
2021-06-21 09:56:21,343.35,0
2021-06-21 09:56:22,343.35,0
2021-06-21 09:56:23,343.4,0
2021-06-21 09:56:24,343.4,0
2021-06-21 09:56:25,343.4,0
2021-06-21 09:56:26,343.4,0
2021-06-21 09:56:29,343.4,0
2021-06-21 09:56:30,343.3,0
2021-06-21 09:56:31,343.35,0
2021-06-21 09:56:32,343.4,0
2021-06-21 09:56:33,343.4,0
2021-06-21 09:56:34,343.4,0
2021-06-21 09:56:35,343.4,0
2021-06-21 09:56:36,343.35,0
2021-06-21 09:56:37,343.35,0
2021-06-21 09:56:38,343.4,0
2021-06-21 09:56:39,343.35,0
2021-06-21 09:56:40,343.35,0
2021-06-21 09:56:41,343.35,0
2021-06-21 09:56:42,343.4,0
2021-06-21 09:56:43,343.45,0
2021-06-21 09:56:44,343.4,0
2021-06-21 09:56:45,343.6,0
2021-06-21 09:56:46,343.5,0
2021-06-21 09:56:47,343.5,0
2021-06-21 09:56:48,343.5,0
2021-06-21 09:56:50,343.65,0
2021-06-21 09:56:51,343.65,0
2021-06-21 09:56:53,343.65,0
2021-06-21 09:56:54,343.6,0
2021-06-21 09:56:56,343.6,0
2021-06-21 09:56:59,343.7,0
2021-06-21 09:57:00,343.65,0
2021-06-21 09:57:01,343.6,0
2021-06-21 09:57:02,343.6,0
2021-06-21 09:57:03,343.65,0
2021-06-21 09:57:06,343.65,0
2021-06-21 09:57:07,343.7,0
2021-06-21 09:57:08,343.75,0
2021-06-21 09:57:09,343.8,0
2021-06-21 09:57:10,343.8,0
2021-06-21 09:57:12,343.85,0
2021-06-21 09:57:14,343.9,0
2021-06-21 09:57:15,343.95,0
2021-06-21 09:57:16,343.95,0
2021-06-21 09:57:19,344.0,0
2021-06-21 09:57:20,344.05,0
2021-06-21 09:57:21,344.0,0
2021-06-21 09:57:22,344.05,0
2021-06-21 09:57:23,344.05,0
2021-06-21 09:57:24,344.05,0
2021-06-21 09:57:26,344.05,0
2021-06-21 09:57:28,344.1,0
2021-06-21 09:57:29,344.1,0
2021-06-21 09:57:30,344.1,0
2021-06-21 09:57:32,344.15,0
2021-06-21 09:57:33,344.15,0
2021-06-21 09:57:34,344.15,0
2021-06-21 09:57:35,344.1,0
2021-06-21 09:57:36,344.1,0
2021-06-21 09:57:37,344.1,0
2021-06-21 09:57:38,344.15,0
2021-06-21 09:57:39,344.25,0
2021-06-21 09:57:40,344.15,0
2021-06-21 09:57:42,344.3,0
2021-06-21 09:57:43,344.35,0
2021-06-21 09:57:44,344.35,0
2021-06-21 09:57:45,344.35,0
2021-06-21 09:57:46,344.35,0
2021-06-21 09:57:47,344.35,0
2021-06-21 09:57:48,344.35,0
2021-06-21 09:57:49,344.35,0
2021-06-21 09:57:50,344.25,0
2021-06-21 09:57:51,344.4,0
2021-06-21 09:57:53,344.45,0
2021-06-21 09:57:54,344.5,0
2021-06-21 09:57:56,344.45,0
2021-06-21 09:57:57,344.45,0
2021-06-21 09:57:58,344.4,0
2021-06-21 09:57:59,344.35,0
2021-06-21 09:58:00,344.4,0
2021-06-21 09:58:06,344.3,0
2021-06-21 09:58:08,344.3,0
2021-06-21 09:58:10,344.25,0
2021-06-21 09:58:11,344.25,0
2021-06-21 09:58:12,344.35,0
2021-06-21 09:58:13,344.3,0
2021-06-21 09:58:14,344.25,0
2021-06-21 09:58:16,344.25,0
2021-06-21 09:58:17,344.35,0
2021-06-21 09:58:18,344.35,0
2021-06-21 09:58:19,344.4,0
2021-06-21 09:58:20,344.35,0
2021-06-21 09:58:21,344.4,0
2021-06-21 09:58:22,344.35,0
2021-06-21 09:58:23,344.35,0
2021-06-21 09:58:24,344.35,0
2021-06-21 09:58:25,344.35,0
2021-06-21 09:58:26,344.35,0
2021-06-21 09:58:27,344.35,0
2021-06-21 09:58:28,344.35,0
2021-06-21 09:58:29,344.35,0
2021-06-21 09:58:30,344.35,0
2021-06-21 09:58:31,344.35,0
2021-06-21 09:58:32,344.35,0
2021-06-21 09:58:34,344.3,0
2021-06-21 09:58:35,344.3,0
2021-06-21 09:58:36,344.3,0
2021-06-21 09:58:37,344.3,0
2021-06-21 09:58:38,344.3,0
2021-06-21 09:58:39,344.3,0
2021-06-21 09:58:40,344.25,0
2021-06-21 09:58:41,344.25,0
2021-06-21 09:58:44,344.2,0
2021-06-21 09:58:45,344.2,0
2021-06-21 09:58:46,344.25,0
2021-06-21 09:58:48,344.3,0
2021-06-21 09:58:49,344.2,0
2021-06-21 09:58:51,344.15,0
2021-06-21 09:58:52,344.25,0
2021-06-21 09:58:53,344.25,0
2021-06-21 09:58:54,344.3,0
2021-06-21 09:58:56,344.25,0
2021-06-21 09:58:57,344.25,0
2021-06-21 09:59:01,344.3,0
2021-06-21 09:59:02,344.25,0
2021-06-21 09:59:03,344.25,0
2021-06-21 09:59:04,344.25,0
2021-06-21 09:59:05,344.25,0
2021-06-21 09:59:07,344.3,0
2021-06-21 09:59:08,344.3,0
2021-06-21 09:59:09,344.3,0
2021-06-21 09:59:10,344.3,0
2021-06-21 09:59:11,344.25,0
2021-06-21 09:59:12,344.3,0
2021-06-21 09:59:13,344.3,0
2021-06-21 09:59:14,344.25,0
2021-06-21 09:59:15,344.25,0
2021-06-21 09:59:16,344.25,0
2021-06-21 09:59:17,344.3,0
2021-06-21 09:59:18,344.25,0
2021-06-21 09:59:19,344.25,0
2021-06-21 09:59:20,344.3,0
2021-06-21 09:59:21,344.35,0
2021-06-21 09:59:22,344.4,0
2021-06-21 09:59:23,344.45,0
2021-06-21 09:59:24,344.45,0
2021-06-21 09:59:25,344.45,0
2021-06-21 09:59:26,344.45,0
2021-06-21 09:59:27,344.35,0
2021-06-21 09:59:29,344.35,0
2021-06-21 09:59:30,344.3,0
2021-06-21 09:59:31,344.3,0
2021-06-21 09:59:32,344.3,0
2021-06-21 09:59:33,344.35,0
2021-06-21 09:59:35,344.35,0
2021-06-21 09:59:36,344.35,0
2021-06-21 09:59:37,344.35,0
2021-06-21 09:59:38,344.35,0
2021-06-21 09:59:40,344.4,0
2021-06-21 09:59:41,344.4,0
2021-06-21 09:59:42,344.4,0
2021-06-21 09:59:43,344.4,0
2021-06-21 09:59:44,344.35,0
2021-06-21 09:59:45,344.35,0
2021-06-21 09:59:46,344.35,0
2021-06-21 09:59:47,344.35,0
2021-06-21 09:59:49,344.4,0
2021-06-21 09:59:50,344.35,0
2021-06-21 09:59:51,344.35,0
2021-06-21 09:59:52,344.4,0
2021-06-21 09:59:53,344.45,0
2021-06-21 09:59:54,344.4,0
2021-06-21 09:59:55,344.35,0
2021-06-21 09:59:56,344.45,0
2021-06-21 09:59:57,344.45,0
2021-06-21 09:59:58,344.4,0
2021-06-21 09:59:59,344.4,0
2021-06-21 10:00:00,344.45,0
2021-06-21 10:00:01,344.45,0
2021-06-21 10:00:02,344.45,0
2021-06-21 10:00:03,344.4,0
2021-06-21 10:00:04,344.4,0
2021-06-21 10:00:05,344.4,0
2021-06-21 10:00:06,344.4,0
2021-06-21 10:00:07,344.4,0
2021-06-21 10:00:08,344.35,0
2021-06-21 10:00:09,344.4,0
2021-06-21 10:00:10,344.45,0
2021-06-21 10:00:14,344.45,0
2021-06-21 10:00:15,344.35,0
2021-06-21 10:00:16,344.4,0
2021-06-21 10:00:17,344.4,0
2021-06-21 10:00:20,344.45,0
2021-06-21 10:00:22,344.35,0
2021-06-21 10:00:24,344.3,0
2021-06-21 10:00:25,344.25,0
2021-06-21 10:00:26,344.35,0
2021-06-21 10:00:27,344.35,0
2021-06-21 10:00:30,344.25,0
2021-06-21 10:00:31,344.45,0
2021-06-21 10:00:32,344.5,0
2021-06-21 10:00:33,344.45,0
2021-06-21 10:00:34,344.55,0
2021-06-21 10:00:38,344.55,0
2021-06-21 10:00:39,344.5,0
2021-06-21 10:00:40,344.5,0
2021-06-21 10:00:41,344.55,0
2021-06-21 10:00:42,344.55,0
2021-06-21 10:00:43,344.6,0
2021-06-21 10:00:44,344.65,0
2021-06-21 10:00:45,344.6,0
2021-06-21 10:00:46,344.6,0
2021-06-21 10:00:47,344.65,0
2021-06-21 10:00:48,344.55,0
2021-06-21 10:00:50,344.65,0
2021-06-21 10:00:51,344.65,0
2021-06-21 10:00:52,344.7,0
2021-06-21 10:00:53,344.7,0
2021-06-21 10:00:55,344.8,0
2021-06-21 10:00:56,344.85,0
2021-06-21 10:00:57,344.85,0
2021-06-21 10:00:58,344.8,0
2021-06-21 10:00:59,344.85,0
2021-06-21 10:01:00,344.85,0
2021-06-21 10:01:01,344.85,0
2021-06-21 10:01:04,344.8,0
2021-06-21 10:01:05,344.85,0
2021-06-21 10:01:06,344.85,0
2021-06-21 10:01:07,344.85,0
2021-06-21 10:01:08,344.85,0
2021-06-21 10:01:09,344.85,0
2021-06-21 10:01:10,344.85,0
2021-06-21 10:01:11,344.8,0
2021-06-21 10:01:12,344.8,0
2021-06-21 10:01:13,344.8,0
2021-06-21 10:01:14,344.8,0
2021-06-21 10:01:16,344.8,0
2021-06-21 10:01:17,344.8,0
2021-06-21 10:01:18,344.85,0
2021-06-21 10:01:19,344.9,0
2021-06-21 10:01:20,345.0,0
2021-06-21 10:01:21,345.0,0
2021-06-21 10:01:22,344.95,0
2021-06-21 10:01:23,344.95,0
2021-06-21 10:01:26,345.0,0
2021-06-21 10:01:27,345.0,0
2021-06-21 10:01:28,344.95,0
2021-06-21 10:01:29,344.95,0
2021-06-21 10:01:30,345.0,0
2021-06-21 10:01:31,345.0,0
2021-06-21 10:01:33,345.0,0
2021-06-21 10:01:35,345.0,0
2021-06-21 10:01:36,345.0,0
2021-06-21 10:01:37,345.05,0
2021-06-21 10:01:38,345.0,0
2021-06-21 10:01:39,345.05,0
2021-06-21 10:01:40,345.1,0
2021-06-21 10:01:41,345.05,0
2021-06-21 10:01:42,345.05,0
2021-06-21 10:01:43,345.05,0
2021-06-21 10:01:45,345.05,0
2021-06-21 10:01:46,345.15,0
2021-06-21 10:01:47,345.2,0
2021-06-21 10:01:48,345.2,0
2021-06-21 10:01:49,345.2,0
2021-06-21 10:01:50,345.15,0
2021-06-21 10:01:52,345.2,0
2021-06-21 10:01:53,345.2,0
2021-06-21 10:01:54,345.2,0
2021-06-21 10:01:55,345.2,0
2021-06-21 10:01:56,345.2,0
2021-06-21 10:01:57,345.25,0
2021-06-21 10:01:58,345.15,0
2021-06-21 10:01:59,345.2,0
2021-06-21 10:02:00,345.2,0
2021-06-21 10:02:01,345.3,0
2021-06-21 10:02:02,345.2,0
2021-06-21 10:02:04,345.2,0
2021-06-21 10:02:05,345.2,0
2021-06-21 10:02:06,345.2,0
2021-06-21 10:02:07,345.15,0
2021-06-21 10:02:09,345.15,0
2021-06-21 10:02:11,345.0,0
2021-06-21 10:02:13,345.0,0
2021-06-21 10:02:14,344.95,0
2021-06-21 10:02:15,345.0,0
2021-06-21 10:02:17,344.95,0
2021-06-21 10:02:18,344.95,0
2021-06-21 10:02:19,344.95,0
2021-06-21 10:02:21,344.9,0
2021-06-21 10:02:22,344.95,0
2021-06-21 10:02:23,345.05,0
2021-06-21 10:02:24,345.1,0
2021-06-21 10:02:25,345.0,0
2021-06-21 10:02:26,345.05,0
2021-06-21 10:02:27,345.0,0
2021-06-21 10:02:30,344.9,0
2021-06-21 10:02:31,344.9,0
2021-06-21 10:02:32,344.85,0
2021-06-21 10:02:33,344.9,0
2021-06-21 10:02:34,344.9,0
2021-06-21 10:02:35,344.9,0
2021-06-21 10:02:36,344.85,0
2021-06-21 10:02:39,344.9,0
2021-06-21 10:02:40,344.95,0
2021-06-21 10:02:42,344.85,0
2021-06-21 10:02:43,344.9,0
2021-06-21 10:02:44,344.9,0
2021-06-21 10:02:45,344.9,0
2021-06-21 10:02:47,344.9,0
2021-06-21 10:02:48,344.95,0
2021-06-21 10:02:49,344.85,0
2021-06-21 10:02:50,344.9,0
2021-06-21 10:02:52,344.9,0
2021-06-21 10:02:53,344.9,0
2021-06-21 10:02:55,344.9,0
2021-06-21 10:02:56,344.9,0
2021-06-21 10:02:57,344.9,0
2021-06-21 10:02:58,344.85,0
2021-06-21 10:02:59,344.85,0
2021-06-21 10:03:00,344.9,0
2021-06-21 10:03:01,344.8,0
2021-06-21 10:03:03,344.9,0
2021-06-21 10:03:04,344.85,0
2021-06-21 10:03:06,344.85,0
2021-06-21 10:03:07,344.85,0
2021-06-21 10:03:08,344.85,0
2021-06-21 10:03:09,344.85,0
2021-06-21 10:03:10,344.9,0
2021-06-21 10:03:11,344.9,0
2021-06-21 10:03:12,344.9,0
2021-06-21 10:03:14,344.9,0
2021-06-21 10:03:15,344.9,0
2021-06-21 10:03:16,344.85,0
2021-06-21 10:03:17,344.95,0
2021-06-21 10:03:18,344.85,0
2021-06-21 10:03:19,344.9,0
2021-06-21 10:03:20,344.9,0
2021-06-21 10:03:21,344.85,0
2021-06-21 10:03:22,344.9,0
2021-06-21 10:03:24,344.9,0
2021-06-21 10:03:26,344.95,0
2021-06-21 10:03:28,344.95,0
2021-06-21 10:03:30,344.9,0
2021-06-21 10:03:31,344.85,0
2021-06-21 10:03:32,344.85,0
2021-06-21 10:03:33,344.85,0
2021-06-21 10:03:34,344.85,0
2021-06-21 10:03:35,344.8,0
2021-06-21 10:03:36,344.95,0
2021-06-21 10:03:37,344.95,0
2021-06-21 10:03:38,344.95,0
2021-06-21 10:03:39,344.9,0
2021-06-21 10:03:40,344.85,0
2021-06-21 10:03:41,344.85,0
2021-06-21 10:03:43,344.85,0
2021-06-21 10:03:44,344.8,0
2021-06-21 10:03:45,344.75,0
2021-06-21 10:03:47,344.8,0
2021-06-21 10:03:49,344.8,0
2021-06-21 10:03:50,344.75,0
2021-06-21 10:03:51,344.8,0
2021-06-21 10:03:53,344.8,0
2021-06-21 10:03:54,344.85,0
2021-06-21 10:03:55,344.75,0
2021-06-21 10:03:57,344.65,0
2021-06-21 10:03:58,344.65,0
2021-06-21 10:04:01,344.65,0
2021-06-21 10:04:02,344.65,0
2021-06-21 10:04:03,344.65,0
2021-06-21 10:04:04,344.65,0
2021-06-21 10:04:07,344.75,0
2021-06-21 10:04:08,344.75,0
2021-06-21 10:04:09,344.7,0
2021-06-21 10:04:10,344.75,0
2021-06-21 10:04:12,344.7,0
2021-06-21 10:04:14,344.7,0
2021-06-21 10:04:15,344.7,0
2021-06-21 10:04:16,344.85,0
2021-06-21 10:04:17,344.85,0
2021-06-21 10:04:19,344.9,0
2021-06-21 10:04:20,344.9,0
2021-06-21 10:04:22,344.8,0
2021-06-21 10:04:23,344.8,0
2021-06-21 10:04:24,344.8,0
2021-06-21 10:04:25,344.8,0
2021-06-21 10:04:26,344.75,0
2021-06-21 10:04:27,344.75,0
2021-06-21 10:04:28,344.75,0
2021-06-21 10:04:29,344.75,0
2021-06-21 10:04:31,344.85,0
2021-06-21 10:04:32,344.8,0
2021-06-21 10:04:33,344.75,0
2021-06-21 10:04:34,344.75,0
2021-06-21 10:04:35,344.8,0
2021-06-21 10:04:36,344.8,0
2021-06-21 10:04:37,344.8,0
2021-06-21 10:04:40,344.8,0
2021-06-21 10:04:41,344.8,0
2021-06-21 10:04:42,344.8,0
2021-06-21 10:04:43,344.75,0
2021-06-21 10:04:44,344.8,0
2021-06-21 10:04:45,344.8,0
2021-06-21 10:04:46,344.8,0
2021-06-21 10:04:47,344.75,0
2021-06-21 10:04:48,344.75,0
2021-06-21 10:04:49,344.8,0
2021-06-21 10:04:50,344.8,0
2021-06-21 10:04:51,344.8,0
2021-06-21 10:04:52,344.8,0
2021-06-21 10:04:53,344.8,0
2021-06-21 10:04:54,344.75,0
2021-06-21 10:04:55,344.8,0
2021-06-21 10:04:56,344.75,0
2021-06-21 10:04:57,344.75,0
2021-06-21 10:04:58,344.7,0
2021-06-21 10:04:59,344.7,0
2021-06-21 10:05:01,344.8,0
2021-06-21 10:05:02,344.85,0
2021-06-21 10:05:03,344.85,0
2021-06-21 10:05:05,344.8,0
2021-06-21 10:05:06,344.8,0
2021-06-21 10:05:07,344.8,0
2021-06-21 10:05:08,344.85,0
2021-06-21 10:05:09,344.8,0
2021-06-21 10:05:10,344.8,0
2021-06-21 10:05:11,344.8,0
2021-06-21 10:05:12,344.8,0
2021-06-21 10:05:13,344.75,0
2021-06-21 10:05:14,344.85,0
2021-06-21 10:05:15,344.9,0
2021-06-21 10:05:16,344.9,0
2021-06-21 10:05:17,344.9,0
2021-06-21 10:05:18,344.9,0
2021-06-21 10:05:19,344.9,0
2021-06-21 10:05:20,344.85,0
2021-06-21 10:05:21,344.85,0
2021-06-21 10:05:22,344.85,0
2021-06-21 10:05:23,344.9,0
2021-06-21 10:05:25,344.9,0
2021-06-21 10:05:26,344.9,0
2021-06-21 10:05:27,344.9,0
2021-06-21 10:05:28,344.85,0
2021-06-21 10:05:29,344.85,0
2021-06-21 10:05:30,344.95,0
2021-06-21 10:05:31,344.95,0
2021-06-21 10:05:32,344.95,0
2021-06-21 10:05:33,344.9,0
2021-06-21 10:05:34,344.95,0
2021-06-21 10:05:36,345.1,0
2021-06-21 10:05:37,345.1,0
2021-06-21 10:05:38,345.05,0
2021-06-21 10:05:39,345.05,0
2021-06-21 10:05:40,345.1,0
2021-06-21 10:05:41,345.1,0
2021-06-21 10:05:43,345.15,0
2021-06-21 10:05:44,345.1,0
2021-06-21 10:05:45,345.15,0
2021-06-21 10:05:46,345.1,0
2021-06-21 10:05:47,345.1,0
2021-06-21 10:05:49,345.1,0
2021-06-21 10:05:50,345.05,0
2021-06-21 10:05:51,345.0,0
2021-06-21 10:05:52,345.0,0
2021-06-21 10:05:53,345.05,0
2021-06-21 10:05:54,345.05,0
2021-06-21 10:05:55,345.05,0
2021-06-21 10:05:56,345.0,0
2021-06-21 10:05:58,345.0,0
2021-06-21 10:06:00,344.95,0
2021-06-21 10:06:01,344.95,0
2021-06-21 10:06:02,344.95,0
2021-06-21 10:06:03,344.95,0
2021-06-21 10:06:05,345.05,0
2021-06-21 10:06:06,345.0,0
2021-06-21 10:06:07,345.0,0
2021-06-21 10:06:08,345.0,0
2021-06-21 10:06:09,344.9,0
2021-06-21 10:06:10,344.9,0
2021-06-21 10:06:12,344.9,0
2021-06-21 10:06:15,344.75,0
2021-06-21 10:06:16,344.75,0
2021-06-21 10:06:17,344.8,0
2021-06-21 10:06:18,344.8,0
2021-06-21 10:06:19,344.85,0
2021-06-21 10:06:20,344.9,0
2021-06-21 10:06:21,344.85,0
2021-06-21 10:06:22,344.9,0
2021-06-21 10:06:23,344.95,0
2021-06-21 10:06:24,344.95,0
2021-06-21 10:06:25,344.95,0
2021-06-21 10:06:26,344.95,0
2021-06-21 10:06:27,344.95,0
2021-06-21 10:06:29,344.9,0
2021-06-21 10:06:30,344.9,0
2021-06-21 10:06:31,344.95,0
2021-06-21 10:06:32,344.95,0
2021-06-21 10:06:33,345.0,0
2021-06-21 10:06:34,345.0,0
2021-06-21 10:06:35,345.0,0
2021-06-21 10:06:36,344.95,0
2021-06-21 10:06:37,345.0,0
2021-06-21 10:06:38,345.0,0
2021-06-21 10:06:39,345.0,0
2021-06-21 10:06:40,345.0,0
2021-06-21 10:06:41,345.0,0
2021-06-21 10:06:42,345.0,0
2021-06-21 10:06:43,345.0,0
2021-06-21 10:06:44,345.0,0
2021-06-21 10:06:45,345.0,0
2021-06-21 10:06:46,344.95,0
2021-06-21 10:06:47,344.9,0
2021-06-21 10:06:48,344.95,0
2021-06-21 10:06:49,345.0,0
2021-06-21 10:06:50,344.9,0
2021-06-21 10:06:51,344.95,0
2021-06-21 10:06:52,344.95,0
2021-06-21 10:06:53,344.95,0
2021-06-21 10:06:55,345.05,0
2021-06-21 10:06:56,345.0,0
2021-06-21 10:06:57,344.95,0
2021-06-21 10:06:58,344.95,0
2021-06-21 10:06:59,344.9,0
2021-06-21 10:07:00,345.0,0
2021-06-21 10:07:02,344.95,0
2021-06-21 10:07:03,345.0,0
2021-06-21 10:07:04,345.0,0
2021-06-21 10:07:05,344.95,0
2021-06-21 10:07:06,345.0,0
2021-06-21 10:07:07,345.0,0
2021-06-21 10:07:08,345.0,0
2021-06-21 10:07:09,344.95,0
2021-06-21 10:07:10,344.95,0
2021-06-21 10:07:11,345.0,0
2021-06-21 10:07:12,345.0,0
2021-06-21 10:07:13,345.0,0
2021-06-21 10:07:14,344.95,0
2021-06-21 10:07:15,344.95,0
2021-06-21 10:07:16,345.0,0
2021-06-21 10:07:17,344.95,0
2021-06-21 10:07:18,345.0,0
2021-06-21 10:07:19,345.0,0
2021-06-21 10:07:20,345.0,0
2021-06-21 10:07:21,345.0,0
2021-06-21 10:07:22,345.0,0
2021-06-21 10:07:23,345.0,0
2021-06-21 10:07:24,344.95,0
2021-06-21 10:07:25,344.95,0
2021-06-21 10:07:26,344.95,0
2021-06-21 10:07:27,344.95,0
2021-06-21 10:07:28,344.95,0
2021-06-21 10:07:29,344.95,0
2021-06-21 10:07:31,344.95,0
2021-06-21 10:07:32,345.0,0
2021-06-21 10:07:33,345.0,0
2021-06-21 10:07:34,344.95,0
2021-06-21 10:07:35,344.95,0
2021-06-21 10:07:36,344.95,0
2021-06-21 10:07:38,344.95,0
2021-06-21 10:07:40,344.95,0
2021-06-21 10:07:41,344.95,0
2021-06-21 10:07:42,344.95,0
2021-06-21 10:07:43,344.95,0
2021-06-21 10:07:44,344.95,0
2021-06-21 10:07:46,345.0,0
2021-06-21 10:07:48,345.0,0
2021-06-21 10:07:49,344.95,0
2021-06-21 10:07:50,344.95,0
2021-06-21 10:07:51,344.95,0
2021-06-21 10:07:52,344.95,0
2021-06-21 10:07:53,344.95,0
2021-06-21 10:07:54,344.9,0
2021-06-21 10:07:55,344.95,0
2021-06-21 10:07:56,345.0,0
2021-06-21 10:07:57,345.0,0
2021-06-21 10:07:58,345.0,0
2021-06-21 10:07:59,345.0,0
2021-06-21 10:08:01,345.0,0
2021-06-21 10:08:02,345.0,0
2021-06-21 10:08:03,344.95,0
2021-06-21 10:08:04,344.95,0
2021-06-21 10:08:05,344.9,0
2021-06-21 10:08:06,344.95,0
2021-06-21 10:08:07,344.95,0
2021-06-21 10:08:08,345.0,0
2021-06-21 10:08:10,345.0,0
2021-06-21 10:08:11,345.0,0
2021-06-21 10:08:12,345.0,0
2021-06-21 10:08:13,345.0,0
2021-06-21 10:08:14,345.0,0
2021-06-21 10:08:15,345.0,0
2021-06-21 10:08:16,345.0,0
2021-06-21 10:08:17,345.0,0
2021-06-21 10:08:18,345.0,0
2021-06-21 10:08:19,345.0,0
2021-06-21 10:08:20,345.0,0
2021-06-21 10:08:21,345.0,0
2021-06-21 10:08:22,345.05,0
2021-06-21 10:08:24,345.05,0
2021-06-21 10:08:25,345.1,0
2021-06-21 10:08:26,345.15,0
2021-06-21 10:08:27,345.15,0
2021-06-21 10:08:30,345.15,0
2021-06-21 10:08:31,345.2,0
2021-06-21 10:08:32,345.2,0
2021-06-21 10:08:34,345.2,0
2021-06-21 10:08:35,345.1,0
2021-06-21 10:08:37,345.1,0
2021-06-21 10:08:38,345.05,0
2021-06-21 10:08:39,345.1,0
2021-06-21 10:08:40,345.1,0
2021-06-21 10:08:41,345.1,0
2021-06-21 10:08:42,345.1,0
2021-06-21 10:08:43,345.1,0
2021-06-21 10:08:44,345.05,0
2021-06-21 10:08:45,345.1,0
2021-06-21 10:08:47,345.15,0
2021-06-21 10:08:49,345.2,0
2021-06-21 10:08:51,345.2,0
2021-06-21 10:08:52,345.15,0
2021-06-21 10:08:53,345.15,0
2021-06-21 10:08:54,345.15,0
2021-06-21 10:08:55,345.15,0
2021-06-21 10:08:56,345.15,0
2021-06-21 10:08:57,345.15,0
2021-06-21 10:08:58,345.15,0
2021-06-21 10:08:59,345.15,0
2021-06-21 10:09:00,345.15,0
2021-06-21 10:09:01,345.2,0
2021-06-21 10:09:02,345.15,0
2021-06-21 10:09:03,345.2,0
2021-06-21 10:09:04,345.2,0
2021-06-21 10:09:05,345.25,0
2021-06-21 10:09:06,345.2,0
2021-06-21 10:09:07,345.25,0
2021-06-21 10:09:08,345.2,0
2021-06-21 10:09:09,345.2,0
2021-06-21 10:09:10,345.2,0
2021-06-21 10:09:11,345.2,0
2021-06-21 10:09:12,345.2,0
2021-06-21 10:09:13,345.25,0
2021-06-21 10:09:14,345.25,0
2021-06-21 10:09:15,345.2,0
2021-06-21 10:09:16,345.2,0
2021-06-21 10:09:18,345.2,0
2021-06-21 10:09:19,345.2,0
2021-06-21 10:09:20,345.2,0
2021-06-21 10:09:21,345.2,0
2021-06-21 10:09:22,345.25,0
2021-06-21 10:09:24,345.2,0
2021-06-21 10:09:27,345.2,0
2021-06-21 10:09:28,345.2,0
2021-06-21 10:09:29,345.15,0
2021-06-21 10:09:31,345.2,0
2021-06-21 10:09:32,345.2,0
2021-06-21 10:09:33,345.2,0
2021-06-21 10:09:34,345.15,0
2021-06-21 10:09:35,345.15,0
2021-06-21 10:09:36,345.2,0
2021-06-21 10:09:37,345.15,0
2021-06-21 10:09:38,345.2,0
2021-06-21 10:09:39,345.2,0
2021-06-21 10:09:40,345.2,0
2021-06-21 10:09:41,345.25,0
2021-06-21 10:09:42,345.2,0
2021-06-21 10:09:43,345.2,0
2021-06-21 10:09:44,345.25,0
2021-06-21 10:09:45,345.2,0
2021-06-21 10:09:46,345.2,0
2021-06-21 10:09:47,345.2,0
2021-06-21 10:09:48,345.2,0
2021-06-21 10:09:49,345.2,0
2021-06-21 10:09:50,345.2,0
2021-06-21 10:09:52,345.2,0
2021-06-21 10:09:53,345.2,0
2021-06-21 10:09:54,345.2,0
2021-06-21 10:09:55,345.25,0
2021-06-21 10:09:56,345.25,0
2021-06-21 10:09:57,345.25,0
2021-06-21 10:09:58,345.25,0
2021-06-21 10:10:00,345.3,0
2021-06-21 10:10:02,345.4,0
2021-06-21 10:10:03,345.45,0
2021-06-21 10:10:04,345.45,0
2021-06-21 10:10:05,345.45,0
2021-06-21 10:10:06,345.5,0
2021-06-21 10:10:07,345.5,0
2021-06-21 10:10:08,345.5,0
2021-06-21 10:10:09,345.45,0
2021-06-21 10:10:10,345.45,0
2021-06-21 10:10:11,345.45,0
2021-06-21 10:10:12,345.45,0
2021-06-21 10:10:13,345.45,0
2021-06-21 10:10:14,345.45,0
2021-06-21 10:10:15,345.45,0
2021-06-21 10:10:17,345.45,0
2021-06-21 10:10:18,345.45,0
2021-06-21 10:10:19,345.45,0
2021-06-21 10:10:20,345.45,0
2021-06-21 10:10:21,345.5,0
2021-06-21 10:10:22,345.5,0
2021-06-21 10:10:23,345.45,0
2021-06-21 10:10:25,345.45,0
2021-06-21 10:10:29,345.4,0
2021-06-21 10:10:30,345.35,0
2021-06-21 10:10:31,345.4,0
2021-06-21 10:10:32,345.35,0
2021-06-21 10:10:34,345.45,0
2021-06-21 10:10:35,345.45,0
2021-06-21 10:10:36,345.45,0
2021-06-21 10:10:37,345.45,0
2021-06-21 10:10:38,345.45,0
2021-06-21 10:10:39,345.5,0
2021-06-21 10:10:40,345.5,0
2021-06-21 10:10:41,345.5,0
2021-06-21 10:10:42,345.5,0
2021-06-21 10:10:43,345.5,0
2021-06-21 10:10:44,345.55,0
2021-06-21 10:10:45,345.55,0
2021-06-21 10:10:47,345.5,0
2021-06-21 10:10:48,345.6,0
2021-06-21 10:10:49,345.6,0
2021-06-21 10:10:51,345.6,0
2021-06-21 10:10:52,345.6,0
2021-06-21 10:10:53,345.6,0
2021-06-21 10:10:54,345.6,0
2021-06-21 10:10:55,345.65,0
2021-06-21 10:10:56,345.65,0
2021-06-21 10:10:57,345.7,0
2021-06-21 10:10:58,345.7,0
2021-06-21 10:10:59,345.75,0
2021-06-21 10:11:00,345.75,0
2021-06-21 10:11:01,345.7,0
2021-06-21 10:11:02,345.65,0
2021-06-21 10:11:04,345.7,0
2021-06-21 10:11:05,345.7,0
2021-06-21 10:11:06,345.7,0
2021-06-21 10:11:07,345.7,0
2021-06-21 10:11:08,345.75,0
2021-06-21 10:11:09,345.65,0
2021-06-21 10:11:10,345.65,0
2021-06-21 10:11:11,345.65,0
2021-06-21 10:11:13,345.55,0
2021-06-21 10:11:14,345.65,0
2021-06-21 10:11:15,345.65,0
2021-06-21 10:11:17,345.65,0
2021-06-21 10:11:18,345.65,0
2021-06-21 10:11:19,345.65,0
2021-06-21 10:11:20,345.65,0
2021-06-21 10:11:21,345.55,0
2021-06-21 10:11:22,345.45,0
2021-06-21 10:11:24,345.55,0
2021-06-21 10:11:25,345.55,0
2021-06-21 10:11:26,345.55,0
2021-06-21 10:11:27,345.55,0
2021-06-21 10:11:28,345.55,0
2021-06-21 10:11:29,345.55,0
2021-06-21 10:11:30,345.55,0
2021-06-21 10:11:31,345.55,0
2021-06-21 10:11:32,345.55,0
2021-06-21 10:11:33,345.5,0
2021-06-21 10:11:34,345.5,0
2021-06-21 10:11:35,345.5,0
2021-06-21 10:11:36,345.5,0
2021-06-21 10:11:37,345.55,0
2021-06-21 10:11:38,345.55,0
2021-06-21 10:11:39,345.5,0
2021-06-21 10:11:40,345.55,0
2021-06-21 10:11:41,345.55,0
2021-06-21 10:11:42,345.55,0
2021-06-21 10:11:43,345.6,0
2021-06-21 10:11:44,345.5,0
2021-06-21 10:11:45,345.5,0
2021-06-21 10:11:47,345.55,0
2021-06-21 10:11:48,345.55,0
2021-06-21 10:11:49,345.5,0
2021-06-21 10:11:50,345.5,0
2021-06-21 10:11:51,345.5,0
2021-06-21 10:11:52,345.5,0
2021-06-21 10:11:53,345.5,0
2021-06-21 10:11:54,345.45,0
2021-06-21 10:11:55,345.5,0
2021-06-21 10:11:56,345.5,0
2021-06-21 10:11:57,345.55,0
2021-06-21 10:11:58,345.55,0
2021-06-21 10:11:59,345.5,0
2021-06-21 10:12:01,345.6,0
2021-06-21 10:12:02,345.55,0
2021-06-21 10:12:03,345.55,0
2021-06-21 10:12:05,345.45,0
2021-06-21 10:12:06,345.45,0
2021-06-21 10:12:07,345.4,0
2021-06-21 10:12:08,345.4,0
2021-06-21 10:12:09,345.4,0
2021-06-21 10:12:10,345.4,0
2021-06-21 10:12:11,345.3,0
2021-06-21 10:12:12,345.45,0
2021-06-21 10:12:13,345.45,0
2021-06-21 10:12:15,345.35,0
2021-06-21 10:12:16,345.4,0
2021-06-21 10:12:17,345.4,0
2021-06-21 10:12:20,345.4,0
2021-06-21 10:12:23,345.35,0
2021-06-21 10:12:24,345.45,0
2021-06-21 10:12:25,345.4,0
2021-06-21 10:12:26,345.4,0
2021-06-21 10:12:27,345.4,0
2021-06-21 10:12:28,345.4,0
2021-06-21 10:12:29,345.35,0
2021-06-21 10:12:30,345.35,0
2021-06-21 10:12:31,345.35,0
2021-06-21 10:12:32,345.35,0
2021-06-21 10:12:33,345.3,0
2021-06-21 10:12:34,345.2,0
2021-06-21 10:12:35,345.35,0
2021-06-21 10:12:36,345.35,0
2021-06-21 10:12:37,345.25,0
2021-06-21 10:12:40,345.2,0
2021-06-21 10:12:41,345.2,0
2021-06-21 10:12:42,345.25,0
2021-06-21 10:12:43,345.2,0
2021-06-21 10:12:44,345.2,0
2021-06-21 10:12:45,345.2,0
2021-06-21 10:12:46,345.25,0
2021-06-21 10:12:47,345.25,0
2021-06-21 10:12:49,345.3,0
2021-06-21 10:12:50,345.35,0
2021-06-21 10:12:51,345.35,0
2021-06-21 10:12:52,345.35,0
2021-06-21 10:12:53,345.35,0
2021-06-21 10:12:54,345.4,0
2021-06-21 10:12:55,345.35,0
2021-06-21 10:12:57,345.35,0
2021-06-21 10:12:58,345.4,0
2021-06-21 10:12:59,345.5,0
2021-06-21 10:13:00,345.55,0
2021-06-21 10:13:01,345.45,0
2021-06-21 10:13:04,345.5,0
2021-06-21 10:13:05,345.35,0
2021-06-21 10:13:06,345.4,0
2021-06-21 10:13:07,345.4,0
2021-06-21 10:13:08,345.45,0
2021-06-21 10:13:09,345.45,0
2021-06-21 10:13:10,345.4,0
2021-06-21 10:13:11,345.4,0
2021-06-21 10:13:12,345.4,0
2021-06-21 10:13:14,345.4,0
2021-06-21 10:13:16,345.35,0
2021-06-21 10:13:17,345.35,0
2021-06-21 10:13:18,345.35,0
2021-06-21 10:13:19,345.35,0
2021-06-21 10:13:20,345.35,0
2021-06-21 10:13:21,345.35,0
2021-06-21 10:13:23,345.45,0
2021-06-21 10:13:24,345.4,0
2021-06-21 10:13:25,345.4,0
2021-06-21 10:13:26,345.4,0
2021-06-21 10:13:28,345.45,0
2021-06-21 10:13:29,345.45,0
2021-06-21 10:13:30,345.4,0
2021-06-21 10:13:31,345.4,0
2021-06-21 10:13:33,345.4,0
2021-06-21 10:13:34,345.4,0
2021-06-21 10:13:35,345.4,0
2021-06-21 10:13:37,345.4,0
2021-06-21 10:13:38,345.4,0
2021-06-21 10:13:39,345.4,0
2021-06-21 10:13:40,345.4,0
2021-06-21 10:13:41,345.35,0
2021-06-21 10:13:42,345.35,0
2021-06-21 10:13:43,345.4,0
2021-06-21 10:13:44,345.4,0
2021-06-21 10:13:45,345.35,0
2021-06-21 10:13:46,345.4,0
2021-06-21 10:13:47,345.3,0
2021-06-21 10:13:48,345.3,0
2021-06-21 10:13:49,345.3,0
2021-06-21 10:13:50,345.3,0
2021-06-21 10:13:51,345.45,0
2021-06-21 10:13:52,345.4,0
2021-06-21 10:13:53,345.4,0
2021-06-21 10:13:54,345.45,0
2021-06-21 10:13:55,345.45,0
2021-06-21 10:13:57,345.4,0
2021-06-21 10:13:59,345.45,0
2021-06-21 10:14:00,345.5,0
2021-06-21 10:14:01,345.6,0
2021-06-21 10:14:02,345.6,0
2021-06-21 10:14:03,345.6,0
2021-06-21 10:14:04,345.6,0
2021-06-21 10:14:05,345.55,0
2021-06-21 10:14:06,345.55,0
2021-06-21 10:14:07,345.55,0
2021-06-21 10:14:08,345.55,0
2021-06-21 10:14:09,345.55,0
2021-06-21 10:14:12,345.55,0
2021-06-21 10:14:13,345.55,0
2021-06-21 10:14:14,345.55,0
2021-06-21 10:14:15,345.55,0
2021-06-21 10:14:17,345.6,0
2021-06-21 10:14:18,345.6,0
2021-06-21 10:14:19,345.55,0
2021-06-21 10:14:20,345.6,0
2021-06-21 10:14:21,345.6,0
2021-06-21 10:14:22,345.6,0
2021-06-21 10:14:24,345.65,0
2021-06-21 10:14:25,345.65,0
2021-06-21 10:14:26,345.7,0
2021-06-21 10:14:29,345.65,0
2021-06-21 10:14:30,345.7,0
2021-06-21 10:14:31,345.7,0
2021-06-21 10:14:32,345.65,0
2021-06-21 10:14:33,345.6,0
2021-06-21 10:14:34,345.6,0
2021-06-21 10:14:35,345.6,0
2021-06-21 10:14:37,345.55,0
2021-06-21 10:14:38,345.55,0
2021-06-21 10:14:39,345.55,0
2021-06-21 10:14:40,345.55,0
2021-06-21 10:14:41,345.6,0
2021-06-21 10:14:42,345.55,0
2021-06-21 10:14:43,345.55,0
2021-06-21 10:14:44,345.55,0
2021-06-21 10:14:45,345.55,0
2021-06-21 10:14:46,345.5,0
2021-06-21 10:14:47,345.5,0
2021-06-21 10:14:48,345.55,0
2021-06-21 10:14:49,345.5,0
2021-06-21 10:14:50,345.5,0
2021-06-21 10:14:51,345.5,0
2021-06-21 10:14:54,345.55,0
2021-06-21 10:14:55,345.5,0
2021-06-21 10:14:56,345.5,0
2021-06-21 10:14:57,345.5,0
2021-06-21 10:14:58,345.5,0
2021-06-21 10:15:01,345.45,0
2021-06-21 10:15:02,345.45,0
2021-06-21 10:15:03,345.45,0
2021-06-21 10:15:04,345.45,0
2021-06-21 10:15:05,345.45,0
2021-06-21 10:15:06,345.45,0
2021-06-21 10:15:07,345.45,0
2021-06-21 10:15:08,345.45,0
2021-06-21 10:15:09,345.5,0
2021-06-21 10:15:10,345.45,0
2021-06-21 10:15:11,345.4,0
2021-06-21 10:15:12,345.45,0
2021-06-21 10:15:13,345.45,0
2021-06-21 10:15:14,345.4,0
2021-06-21 10:15:15,345.4,0
2021-06-21 10:15:16,345.45,0
2021-06-21 10:15:17,345.55,0
2021-06-21 10:15:18,345.5,0
2021-06-21 10:15:19,345.5,0
2021-06-21 10:15:20,345.5,0
2021-06-21 10:15:21,345.55,0
2021-06-21 10:15:23,345.55,0
2021-06-21 10:15:24,345.6,0
2021-06-21 10:15:25,345.55,0
2021-06-21 10:15:26,345.55,0
2021-06-21 10:15:27,345.55,0
2021-06-21 10:15:28,345.55,0
2021-06-21 10:15:30,345.55,0
2021-06-21 10:15:31,345.45,0
2021-06-21 10:15:32,345.55,0
2021-06-21 10:15:33,345.6,0
2021-06-21 10:15:34,345.75,0
2021-06-21 10:15:35,345.7,0
2021-06-21 10:15:36,345.75,0
2021-06-21 10:15:37,345.75,0
2021-06-21 10:15:38,345.75,0
2021-06-21 10:15:39,345.75,0
2021-06-21 10:15:40,345.75,0
2021-06-21 10:15:41,345.65,0
2021-06-21 10:15:42,345.7,0
2021-06-21 10:15:43,345.7,0
2021-06-21 10:15:44,345.7,0
2021-06-21 10:15:46,345.75,0
2021-06-21 10:15:47,345.75,0
2021-06-21 10:15:49,345.8,0
2021-06-21 10:15:51,345.8,0
2021-06-21 10:15:52,345.8,0
2021-06-21 10:15:53,345.75,0
2021-06-21 10:15:54,345.75,0
2021-06-21 10:15:55,345.8,0
2021-06-21 10:15:56,345.75,0
2021-06-21 10:15:57,345.8,0
2021-06-21 10:15:58,345.8,0
2021-06-21 10:15:59,345.8,0
2021-06-21 10:16:00,345.85,0
2021-06-21 10:16:01,345.8,0
2021-06-21 10:16:02,345.85,0
2021-06-21 10:16:03,345.9,0
2021-06-21 10:16:04,345.9,0
2021-06-21 10:16:05,345.9,0
2021-06-21 10:16:06,345.9,0
2021-06-21 10:16:07,345.95,0
2021-06-21 10:16:08,345.95,0
2021-06-21 10:16:09,345.95,0
2021-06-21 10:16:10,346.0,0
2021-06-21 10:16:11,345.95,0
2021-06-21 10:16:12,346.0,0
2021-06-21 10:16:13,346.0,0
2021-06-21 10:16:14,345.95,0
2021-06-21 10:16:15,345.95,0
2021-06-21 10:16:16,346.0,0
2021-06-21 10:16:17,346.0,0
2021-06-21 10:16:18,346.0,0
2021-06-21 10:16:20,345.95,0
2021-06-21 10:16:22,346.0,0
2021-06-21 10:16:23,346.0,0
2021-06-21 10:16:24,345.95,0
2021-06-21 10:16:25,345.95,0
2021-06-21 10:16:26,346.0,0
2021-06-21 10:16:27,346.0,0
2021-06-21 10:16:28,345.95,0
2021-06-21 10:16:29,346.0,0
2021-06-21 10:16:30,346.0,0
2021-06-21 10:16:31,345.9,0
2021-06-21 10:16:32,345.95,0
2021-06-21 10:16:33,345.85,0
2021-06-21 10:16:34,345.9,0
2021-06-21 10:16:36,345.85,0
2021-06-21 10:16:37,345.85,0
2021-06-21 10:16:38,345.8,0
2021-06-21 10:16:40,345.8,0
2021-06-21 10:16:41,345.75,0
2021-06-21 10:16:43,345.75,0
2021-06-21 10:16:44,345.75,0
2021-06-21 10:16:48,345.75,0
2021-06-21 10:16:49,345.85,0
2021-06-21 10:16:50,345.75,0
2021-06-21 10:16:51,345.8,0
2021-06-21 10:16:53,345.8,0
2021-06-21 10:16:54,345.8,0
2021-06-21 10:16:55,345.85,0
2021-06-21 10:16:56,345.85,0
2021-06-21 10:16:57,345.8,0
2021-06-21 10:16:58,345.85,0
2021-06-21 10:16:59,345.9,0
2021-06-21 10:17:00,345.9,0
2021-06-21 10:17:01,345.85,0
2021-06-21 10:17:02,345.85,0
2021-06-21 10:17:03,345.9,0
2021-06-21 10:17:04,345.95,0
2021-06-21 10:17:05,346.0,0
2021-06-21 10:17:06,346.0,0
2021-06-21 10:17:07,345.9,0
2021-06-21 10:17:09,345.95,0
2021-06-21 10:17:10,346.0,0
2021-06-21 10:17:11,345.9,0
2021-06-21 10:17:13,346.0,0
2021-06-21 10:17:14,345.9,0
2021-06-21 10:17:15,345.85,0
2021-06-21 10:17:16,345.85,0
2021-06-21 10:17:17,345.9,0
2021-06-21 10:17:18,345.9,0
2021-06-21 10:17:19,345.9,0
2021-06-21 10:17:20,345.9,0
2021-06-21 10:17:21,345.9,0
2021-06-21 10:17:22,345.95,0
2021-06-21 10:17:23,345.9,0
2021-06-21 10:17:24,345.95,0
2021-06-21 10:17:25,345.95,0
2021-06-21 10:17:26,345.95,0
2021-06-21 10:17:27,346.0,0
2021-06-21 10:17:28,346.05,0
2021-06-21 10:17:29,346.0,0
2021-06-21 10:17:30,346.0,0
2021-06-21 10:17:31,346.0,0
2021-06-21 10:17:32,346.0,0
2021-06-21 10:17:34,346.05,0
2021-06-21 10:17:35,346.1,0
2021-06-21 10:17:36,346.05,0
2021-06-21 10:17:37,346.15,0
2021-06-21 10:17:38,346.15,0
2021-06-21 10:17:39,346.15,0
2021-06-21 10:17:40,346.2,0
2021-06-21 10:17:41,346.1,0
2021-06-21 10:17:42,346.15,0
2021-06-21 10:17:43,346.15,0
2021-06-21 10:17:45,346.15,0
2021-06-21 10:17:46,346.15,0
2021-06-21 10:17:47,346.15,0
2021-06-21 10:17:48,346.1,0
2021-06-21 10:17:49,346.1,0
2021-06-21 10:17:50,346.15,0
2021-06-21 10:17:51,346.15,0
2021-06-21 10:17:52,346.15,0
2021-06-21 10:17:53,346.15,0
2021-06-21 10:17:54,346.05,0
2021-06-21 10:17:55,346.05,0
2021-06-21 10:17:56,346.05,0
2021-06-21 10:17:58,346.05,0
2021-06-21 10:17:59,346.05,0
2021-06-21 10:18:00,346.05,0
2021-06-21 10:18:01,346.05,0
2021-06-21 10:18:04,346.1,0
2021-06-21 10:18:06,346.05,0
2021-06-21 10:18:07,346.05,0
2021-06-21 10:18:10,346.0,0
2021-06-21 10:18:11,346.0,0
2021-06-21 10:18:12,346.0,0
2021-06-21 10:18:13,346.0,0
2021-06-21 10:18:14,346.0,0
2021-06-21 10:18:16,346.0,0
2021-06-21 10:18:17,346.0,0
2021-06-21 10:18:19,346.0,0
2021-06-21 10:18:20,345.95,0
2021-06-21 10:18:21,346.0,0
2021-06-21 10:18:22,346.0,0
2021-06-21 10:18:23,345.95,0
2021-06-21 10:18:24,345.95,0
2021-06-21 10:18:25,345.9,0
2021-06-21 10:18:26,346.0,0
2021-06-21 10:18:27,345.95,0
2021-06-21 10:18:28,345.95,0
2021-06-21 10:18:29,346.0,0
2021-06-21 10:18:30,345.95,0
2021-06-21 10:18:31,346.0,0
2021-06-21 10:18:34,346.0,0
2021-06-21 10:18:35,346.0,0
2021-06-21 10:18:36,346.05,0
2021-06-21 10:18:37,346.0,0
2021-06-21 10:18:38,346.05,0
2021-06-21 10:18:39,346.05,0
2021-06-21 10:18:40,346.05,0
2021-06-21 10:18:41,346.05,0
2021-06-21 10:18:42,346.05,0
2021-06-21 10:18:43,346.0,0
2021-06-21 10:18:45,345.95,0
2021-06-21 10:18:46,346.0,0
2021-06-21 10:18:48,345.95,0
2021-06-21 10:18:49,345.95,0
2021-06-21 10:18:50,345.95,0
2021-06-21 10:18:51,345.95,0
2021-06-21 10:18:52,345.95,0
2021-06-21 10:18:53,346.0,0
2021-06-21 10:18:55,346.0,0
2021-06-21 10:18:56,346.0,0
2021-06-21 10:18:57,346.0,0
2021-06-21 10:18:58,345.95,0
2021-06-21 10:19:00,345.95,0
2021-06-21 10:19:01,345.95,0
2021-06-21 10:19:02,345.95,0
2021-06-21 10:19:03,345.95,0
2021-06-21 10:19:04,345.95,0
2021-06-21 10:19:05,345.95,0
2021-06-21 10:19:06,345.95,0
2021-06-21 10:19:07,346.05,0
2021-06-21 10:19:08,346.05,0
2021-06-21 10:19:10,345.95,0
2021-06-21 10:19:11,346.0,0
2021-06-21 10:19:12,346.05,0
2021-06-21 10:19:13,346.05,0
2021-06-21 10:19:14,345.95,0
2021-06-21 10:19:15,345.9,0
2021-06-21 10:19:16,346.0,0
2021-06-21 10:19:17,346.0,0
2021-06-21 10:19:18,346.05,0
2021-06-21 10:19:19,346.1,0
2021-06-21 10:19:20,346.15,0
2021-06-21 10:19:21,346.15,0
2021-06-21 10:19:22,346.1,0
2021-06-21 10:19:23,346.15,0
2021-06-21 10:19:24,346.15,0
2021-06-21 10:19:25,346.15,0
2021-06-21 10:19:26,346.15,0
2021-06-21 10:19:27,346.15,0
2021-06-21 10:19:28,346.05,0
2021-06-21 10:19:29,346.1,0
2021-06-21 10:19:30,346.15,0
2021-06-21 10:19:31,346.05,0
2021-06-21 10:19:33,346.15,0
2021-06-21 10:19:34,346.15,0
2021-06-21 10:19:35,346.1,0
2021-06-21 10:19:36,346.15,0
2021-06-21 10:19:37,346.2,0
2021-06-21 10:19:38,346.2,0
2021-06-21 10:19:39,346.2,0
2021-06-21 10:19:40,346.25,0
2021-06-21 10:19:41,346.2,0
2021-06-21 10:19:42,346.2,0
2021-06-21 10:19:43,346.2,0
2021-06-21 10:19:44,346.1,0
2021-06-21 10:19:45,346.1,0
2021-06-21 10:19:46,346.05,0
2021-06-21 10:19:47,346.05,0
2021-06-21 10:19:48,346.05,0
2021-06-21 10:19:49,346.1,0
2021-06-21 10:19:51,346.05,0
2021-06-21 10:19:52,346.05,0
2021-06-21 10:19:54,346.05,0
2021-06-21 10:19:55,346.0,0
2021-06-21 10:19:56,346.0,0
2021-06-21 10:19:57,346.05,0
2021-06-21 10:19:58,346.1,0
2021-06-21 10:20:00,346.1,0
2021-06-21 10:20:01,346.1,0
2021-06-21 10:20:02,346.1,0
2021-06-21 10:20:03,346.05,0
2021-06-21 10:20:04,346.05,0
2021-06-21 10:20:05,346.05,0
2021-06-21 10:20:08,346.05,0
2021-06-21 10:20:09,346.0,0
2021-06-21 10:20:10,346.05,0
2021-06-21 10:20:11,346.05,0
2021-06-21 10:20:12,345.95,0
2021-06-21 10:20:13,345.95,0
2021-06-21 10:20:14,345.9,0
2021-06-21 10:20:15,345.95,0
2021-06-21 10:20:16,346.0,0
2021-06-21 10:20:17,346.0,0
2021-06-21 10:20:18,346.0,0
2021-06-21 10:20:19,346.0,0
2021-06-21 10:20:22,345.85,0
2021-06-21 10:20:23,345.8,0
2021-06-21 10:20:24,345.8,0
2021-06-21 10:20:25,345.8,0
2021-06-21 10:20:26,345.85,0
2021-06-21 10:20:27,345.85,0
2021-06-21 10:20:28,345.85,0
2021-06-21 10:20:29,345.9,0
2021-06-21 10:20:30,345.9,0
2021-06-21 10:20:31,345.95,0
2021-06-21 10:20:32,345.95,0
2021-06-21 10:20:33,345.95,0
2021-06-21 10:20:35,345.9,0
2021-06-21 10:20:36,345.9,0
2021-06-21 10:20:38,345.9,0
2021-06-21 10:20:39,345.95,0
2021-06-21 10:20:40,345.95,0
2021-06-21 10:20:41,345.95,0
2021-06-21 10:20:42,345.95,0
2021-06-21 10:20:43,345.95,0
2021-06-21 10:20:46,345.95,0
2021-06-21 10:20:47,345.9,0
2021-06-21 10:20:48,345.85,0
2021-06-21 10:20:50,345.9,0
2021-06-21 10:20:51,345.9,0
2021-06-21 10:20:52,345.85,0
2021-06-21 10:20:54,345.85,0
2021-06-21 10:20:55,345.85,0
2021-06-21 10:20:56,345.85,0
2021-06-21 10:20:57,345.85,0
2021-06-21 10:20:59,345.75,0
2021-06-21 10:21:00,345.75,0
2021-06-21 10:21:01,345.75,0
2021-06-21 10:21:02,345.75,0
2021-06-21 10:21:03,345.7,0
2021-06-21 10:21:04,345.7,0
2021-06-21 10:21:05,345.65,0
2021-06-21 10:21:07,345.65,0
2021-06-21 10:21:08,345.65,0
2021-06-21 10:21:09,345.6,0
2021-06-21 10:21:10,345.55,0
2021-06-21 10:21:11,345.6,0
2021-06-21 10:21:12,345.65,0
2021-06-21 10:21:13,345.65,0
2021-06-21 10:21:14,345.65,0
2021-06-21 10:21:15,345.6,0
2021-06-21 10:21:16,345.6,0
2021-06-21 10:21:17,345.6,0
2021-06-21 10:21:18,345.65,0
2021-06-21 10:21:19,345.6,0
2021-06-21 10:21:20,345.65,0
2021-06-21 10:21:21,345.65,0
2021-06-21 10:21:22,345.7,0
2021-06-21 10:21:23,345.65,0
2021-06-21 10:21:24,345.65,0
2021-06-21 10:21:25,345.45,0
2021-06-21 10:21:26,345.55,0
2021-06-21 10:21:27,345.6,0
2021-06-21 10:21:28,345.6,0
2021-06-21 10:21:29,345.6,0
2021-06-21 10:21:30,345.5,0
2021-06-21 10:21:31,345.45,0
2021-06-21 10:21:32,345.45,0
2021-06-21 10:21:33,345.55,0
2021-06-21 10:21:34,345.55,0
2021-06-21 10:21:35,345.55,0
2021-06-21 10:21:36,345.5,0
2021-06-21 10:21:37,345.5,0
2021-06-21 10:21:38,345.5,0
2021-06-21 10:21:39,345.5,0
2021-06-21 10:21:40,345.55,0
2021-06-21 10:21:41,345.55,0
2021-06-21 10:21:42,345.55,0
2021-06-21 10:21:45,345.55,0
2021-06-21 10:21:46,345.55,0
2021-06-21 10:21:47,345.55,0
2021-06-21 10:21:48,345.55,0
2021-06-21 10:21:49,345.7,0
2021-06-21 10:21:50,345.7,0
2021-06-21 10:21:51,345.65,0
2021-06-21 10:21:52,345.65,0
2021-06-21 10:21:53,345.7,0
2021-06-21 10:21:54,345.7,0
2021-06-21 10:21:55,345.75,0
2021-06-21 10:21:56,345.75,0
2021-06-21 10:21:58,345.7,0
2021-06-21 10:21:59,345.7,0
2021-06-21 10:22:00,345.5,0
2021-06-21 10:22:01,345.5,0
2021-06-21 10:22:04,345.5,0
2021-06-21 10:22:05,345.55,0
2021-06-21 10:22:06,345.55,0
2021-06-21 10:22:07,345.55,0
2021-06-21 10:22:08,345.55,0
2021-06-21 10:22:09,345.55,0
2021-06-21 10:22:10,345.55,0
2021-06-21 10:22:11,345.55,0
2021-06-21 10:22:13,345.4,0
2021-06-21 10:22:14,345.35,0
2021-06-21 10:22:15,345.35,0
2021-06-21 10:22:16,345.3,0
2021-06-21 10:22:17,345.3,0
2021-06-21 10:22:19,345.35,0
2021-06-21 10:22:20,345.45,0
2021-06-21 10:22:21,345.45,0
2021-06-21 10:22:23,345.45,0
2021-06-21 10:22:24,345.45,0
2021-06-21 10:22:25,345.4,0
2021-06-21 10:22:26,345.45,0
2021-06-21 10:22:27,345.45,0
2021-06-21 10:22:28,345.45,0
2021-06-21 10:22:29,345.4,0
2021-06-21 10:22:30,345.4,0
2021-06-21 10:22:31,345.35,0
2021-06-21 10:22:32,345.35,0
2021-06-21 10:22:33,345.35,0
2021-06-21 10:22:34,345.4,0
2021-06-21 10:22:35,345.4,0
2021-06-21 10:22:38,345.35,0
2021-06-21 10:22:40,345.35,0
2021-06-21 10:22:43,345.3,0
2021-06-21 10:22:45,345.35,0
2021-06-21 10:22:46,345.35,0
2021-06-21 10:22:47,345.35,0
2021-06-21 10:22:48,345.35,0
2021-06-21 10:22:49,345.4,0
2021-06-21 10:22:50,345.4,0
2021-06-21 10:22:51,345.4,0
2021-06-21 10:22:52,345.45,0
2021-06-21 10:22:53,345.45,0
2021-06-21 10:22:54,345.45,0
2021-06-21 10:22:55,345.5,0
2021-06-21 10:22:56,345.4,0
2021-06-21 10:22:57,345.4,0
2021-06-21 10:22:59,345.45,0
2021-06-21 10:23:00,345.45,0
2021-06-21 10:23:01,345.45,0
2021-06-21 10:23:02,345.5,0
2021-06-21 10:23:04,345.4,0
2021-06-21 10:23:05,345.4,0
2021-06-21 10:23:06,345.4,0
2021-06-21 10:23:08,345.35,0
2021-06-21 10:23:10,345.4,0
2021-06-21 10:23:11,345.35,0
2021-06-21 10:23:13,345.3,0
2021-06-21 10:23:14,345.3,0
2021-06-21 10:23:15,345.4,0
2021-06-21 10:23:16,345.4,0
2021-06-21 10:23:17,345.35,0
2021-06-21 10:23:18,345.35,0
2021-06-21 10:23:19,345.35,0
2021-06-21 10:23:20,345.35,0
2021-06-21 10:23:21,345.4,0
2021-06-21 10:23:22,345.4,0
2021-06-21 10:23:23,345.3,0
2021-06-21 10:23:24,345.3,0
2021-06-21 10:23:26,345.25,0
2021-06-21 10:23:28,345.25,0
2021-06-21 10:23:29,345.25,0
2021-06-21 10:23:30,345.25,0
2021-06-21 10:23:31,345.3,0
2021-06-21 10:23:32,345.3,0
2021-06-21 10:23:33,345.3,0
2021-06-21 10:23:34,345.3,0
2021-06-21 10:23:35,345.25,0
2021-06-21 10:23:37,345.3,0
2021-06-21 10:23:38,345.25,0
2021-06-21 10:23:39,345.25,0
2021-06-21 10:23:40,345.25,0
2021-06-21 10:23:41,345.15,0
2021-06-21 10:23:42,345.2,0
2021-06-21 10:23:43,345.2,0
2021-06-21 10:23:44,345.15,0
2021-06-21 10:23:45,345.25,0
2021-06-21 10:23:46,345.25,0
2021-06-21 10:23:47,345.25,0
2021-06-21 10:23:48,345.25,0
2021-06-21 10:23:49,345.25,0
2021-06-21 10:23:50,345.25,0
2021-06-21 10:23:51,345.25,0
2021-06-21 10:23:53,345.2,0
2021-06-21 10:23:54,345.15,0
2021-06-21 10:23:55,345.1,0
2021-06-21 10:23:56,345.0,0
2021-06-21 10:23:57,345.0,0
2021-06-21 10:23:59,345.0,0
2021-06-21 10:24:00,345.0,0
2021-06-21 10:24:01,345.0,0
2021-06-21 10:24:02,344.95,0
2021-06-21 10:24:03,345.0,0
2021-06-21 10:24:04,345.0,0
2021-06-21 10:24:05,345.0,0
2021-06-21 10:24:06,345.0,0
2021-06-21 10:24:08,345.05,0
2021-06-21 10:24:09,345.05,0
2021-06-21 10:24:12,344.9,0
2021-06-21 10:24:13,344.95,0
2021-06-21 10:24:14,345.0,0
2021-06-21 10:24:15,344.95,0
2021-06-21 10:24:16,345.05,0
2021-06-21 10:24:17,345.05,0
2021-06-21 10:24:18,345.05,0
2021-06-21 10:24:19,345.1,0
2021-06-21 10:24:20,345.0,0
2021-06-21 10:24:22,345.0,0
2021-06-21 10:24:23,345.0,0
2021-06-21 10:24:24,344.95,0
2021-06-21 10:24:26,345.0,0
2021-06-21 10:24:27,344.95,0
2021-06-21 10:24:28,345.0,0
2021-06-21 10:24:29,345.0,0
2021-06-21 10:24:30,345.0,0
2021-06-21 10:24:31,345.0,0
2021-06-21 10:24:32,345.1,0
2021-06-21 10:24:33,345.05,0
2021-06-21 10:24:34,345.1,0
2021-06-21 10:24:36,345.1,0
2021-06-21 10:24:37,345.05,0
2021-06-21 10:24:38,345.15,0
2021-06-21 10:24:39,345.15,0
2021-06-21 10:24:41,345.1,0
2021-06-21 10:24:42,345.15,0
2021-06-21 10:24:43,345.15,0
2021-06-21 10:24:45,345.2,0
2021-06-21 10:24:46,345.2,0
2021-06-21 10:24:48,345.15,0
2021-06-21 10:24:49,345.1,0
2021-06-21 10:24:50,345.15,0
2021-06-21 10:24:51,345.15,0
2021-06-21 10:24:52,345.1,0
2021-06-21 10:24:53,345.1,0
2021-06-21 10:24:55,345.05,0
2021-06-21 10:24:56,345.05,0
2021-06-21 10:24:57,345.1,0
2021-06-21 10:24:58,345.1,0
2021-06-21 10:24:59,345.1,0
2021-06-21 10:25:00,345.1,0
2021-06-21 10:25:01,345.1,0
2021-06-21 10:25:02,345.1,0
2021-06-21 10:25:03,345.1,0
2021-06-21 10:25:04,345.15,0
2021-06-21 10:25:05,345.15,0
2021-06-21 10:25:06,345.1,0
2021-06-21 10:25:07,345.15,0
2021-06-21 10:25:08,345.1,0
2021-06-21 10:25:09,345.1,0
2021-06-21 10:25:10,345.1,0
2021-06-21 10:25:11,345.1,0
2021-06-21 10:25:12,345.05,0
2021-06-21 10:25:13,345.05,0
2021-06-21 10:25:14,345.05,0
2021-06-21 10:25:15,345.05,0
2021-06-21 10:25:16,345.05,0
2021-06-21 10:25:17,345.05,0
2021-06-21 10:25:18,345.05,0
2021-06-21 10:25:19,345.0,0
2021-06-21 10:25:20,345.05,0
2021-06-21 10:25:21,345.0,0
2021-06-21 10:25:22,345.0,0
2021-06-21 10:25:23,345.0,0
2021-06-21 10:25:24,345.05,0
2021-06-21 10:25:25,345.05,0
2021-06-21 10:25:26,345.05,0
2021-06-21 10:25:27,345.0,0
2021-06-21 10:25:28,345.0,0
2021-06-21 10:25:29,345.0,0
2021-06-21 10:25:31,345.05,0
2021-06-21 10:25:32,345.05,0
2021-06-21 10:25:33,345.1,0
2021-06-21 10:25:34,345.15,0
2021-06-21 10:25:35,345.1,0
2021-06-21 10:25:36,345.1,0
2021-06-21 10:25:37,345.1,0
2021-06-21 10:25:38,345.15,0
2021-06-21 10:25:39,345.15,0
2021-06-21 10:25:40,345.15,0
2021-06-21 10:25:41,345.15,0
2021-06-21 10:25:42,345.15,0
2021-06-21 10:25:43,345.05,0
2021-06-21 10:25:44,345.05,0
2021-06-21 10:25:45,345.05,0
2021-06-21 10:25:46,345.15,0
2021-06-21 10:25:47,345.05,0
2021-06-21 10:25:48,345.1,0
2021-06-21 10:25:49,345.1,0
2021-06-21 10:25:51,345.1,0
2021-06-21 10:25:52,345.05,0
2021-06-21 10:25:54,345.05,0
2021-06-21 10:25:56,345.05,0
2021-06-21 10:25:57,345.05,0
2021-06-21 10:25:59,345.05,0
2021-06-21 10:26:00,345.05,0
2021-06-21 10:26:03,345.05,0
2021-06-21 10:26:04,345.05,0
2021-06-21 10:26:05,345.1,0
2021-06-21 10:26:06,345.05,0
2021-06-21 10:26:07,345.05,0
2021-06-21 10:26:08,345.05,0
2021-06-21 10:26:09,345.0,0
2021-06-21 10:26:10,345.0,0
2021-06-21 10:26:11,345.0,0
2021-06-21 10:26:12,345.0,0
2021-06-21 10:26:13,345.0,0
2021-06-21 10:26:14,345.0,0
2021-06-21 10:26:16,345.0,0
2021-06-21 10:26:17,345.0,0
2021-06-21 10:26:19,344.95,0
2021-06-21 10:26:20,344.95,0
2021-06-21 10:26:21,344.9,0
2021-06-21 10:26:22,344.9,0
2021-06-21 10:26:23,344.9,0
2021-06-21 10:26:24,344.9,0
2021-06-21 10:26:25,344.9,0
2021-06-21 10:26:26,344.9,0
2021-06-21 10:26:27,344.9,0
2021-06-21 10:26:28,344.95,0
2021-06-21 10:26:29,344.95,0
2021-06-21 10:26:31,344.9,0
2021-06-21 10:26:32,344.9,0
2021-06-21 10:26:33,344.9,0
2021-06-21 10:26:34,344.9,0
2021-06-21 10:26:36,344.9,0
2021-06-21 10:26:37,344.9,0
2021-06-21 10:26:39,344.85,0
2021-06-21 10:26:41,344.9,0
2021-06-21 10:26:42,344.9,0
2021-06-21 10:26:45,344.9,0
2021-06-21 10:26:46,344.95,0
2021-06-21 10:26:47,344.95,0
2021-06-21 10:26:48,344.95,0
2021-06-21 10:26:49,344.9,0
2021-06-21 10:26:50,344.95,0
2021-06-21 10:26:51,345.0,0
2021-06-21 10:26:53,345.0,0
2021-06-21 10:26:54,345.0,0
2021-06-21 10:26:55,345.0,0
2021-06-21 10:26:56,345.1,0
2021-06-21 10:26:57,345.1,0
2021-06-21 10:26:58,345.1,0
2021-06-21 10:26:59,345.1,0
2021-06-21 10:27:00,345.1,0
2021-06-21 10:27:03,345.15,0
2021-06-21 10:27:04,345.15,0
2021-06-21 10:27:05,345.15,0
2021-06-21 10:27:06,345.15,0
2021-06-21 10:27:08,345.2,0
2021-06-21 10:27:09,345.2,0
2021-06-21 10:27:10,345.2,0
2021-06-21 10:27:12,345.15,0
2021-06-21 10:27:13,345.15,0
2021-06-21 10:27:14,345.1,0
2021-06-21 10:27:15,345.1,0
2021-06-21 10:27:16,345.1,0
2021-06-21 10:27:17,345.1,0
2021-06-21 10:27:18,345.15,0
2021-06-21 10:27:19,345.15,0
2021-06-21 10:27:20,345.1,0
2021-06-21 10:27:22,345.1,0
2021-06-21 10:27:23,345.1,0
2021-06-21 10:27:25,345.25,0
2021-06-21 10:27:28,345.2,0
2021-06-21 10:27:29,345.4,0
2021-06-21 10:27:30,345.45,0
2021-06-21 10:27:31,345.4,0
2021-06-21 10:27:32,345.4,0
2021-06-21 10:27:33,345.4,0
2021-06-21 10:27:34,345.4,0
2021-06-21 10:27:35,345.45,0
2021-06-21 10:27:36,345.55,0
2021-06-21 10:27:37,345.55,0
