timestamp,ltp,volume
2021-06-21 09:16:31,16173.8,0
2021-06-21 09:16:49,16186.4,0
2021-06-21 09:16:55,16197.85,0
2021-06-21 09:16:57,16198.9,0
2021-06-21 09:17:00,16202.1,0
2021-06-21 09:17:01,16206.15,0
2021-06-21 09:17:03,16202.0,0
2021-06-21 09:17:05,16200.1,0
2021-06-21 09:17:06,16199.05,0
2021-06-21 09:17:07,16190.25,0
2021-06-21 09:17:14,16187.45,0
2021-06-21 09:17:15,16184.95,0
2021-06-21 09:17:20,16178.45,0
2021-06-21 09:17:21,16180.65,0
2021-06-21 09:17:22,16183.9,0
2021-06-21 09:17:23,16185.0,0
2021-06-21 09:17:30,16184.55,0
2021-06-21 09:17:32,16180.7,0
2021-06-21 09:17:33,16179.6,0
2021-06-21 09:17:34,16181.2,0
2021-06-21 09:17:40,16182.6,0
2021-06-21 09:17:42,16186.5,0
2021-06-21 09:17:43,16186.0,0
2021-06-21 09:17:44,16186.95,0
2021-06-21 09:17:54,16190.05,0
2021-06-21 09:17:56,16189.4,0
2021-06-21 09:18:01,16194.35,0
2021-06-21 09:18:03,16194.4,0
2021-06-21 09:18:10,16195.45,0
2021-06-21 09:18:11,16196.25,0
2021-06-21 09:18:13,16198.6,0
2021-06-21 09:18:16,16200.45,0
2021-06-21 09:18:43,16198.35,0
2021-06-21 09:18:45,16199.65,0
2021-06-21 09:18:46,16199.45,0
2021-06-21 09:18:49,16202.45,0
2021-06-21 09:18:53,16205.7,0
2021-06-21 09:19:01,16202.1,0
2021-06-21 09:19:04,16198.7,0
2021-06-21 09:19:14,16206.65,0
2021-06-21 09:19:18,16208.55,0
2021-06-21 09:19:19,16208.4,0
2021-06-21 09:19:26,16215.15,0
2021-06-21 09:19:27,16218.25,0
2021-06-21 09:19:28,16219.35,0
2021-06-21 09:19:29,16219.15,0
2021-06-21 09:19:31,16221.35,0
2021-06-21 09:19:32,16222.55,0
2021-06-21 09:19:34,16220.6,0
2021-06-21 09:19:35,16220.05,0
2021-06-21 09:19:42,16222.3,0
2021-06-21 09:19:48,16223.1,0
2021-06-21 09:19:51,16221.0,0
2021-06-21 09:19:53,16219.85,0
2021-06-21 09:19:55,16220.6,0
2021-06-21 09:20:00,16228.4,0
2021-06-21 09:20:01,16227.35,0
2021-06-21 09:20:04,16223.75,0
2021-06-21 09:20:05,16223.35,0
2021-06-21 09:20:06,16221.25,0
2021-06-21 09:20:09,16220.75,0
2021-06-21 09:20:12,16211.25,0
2021-06-21 09:20:16,16211.25,0
2021-06-21 09:20:20,16208.9,0
2021-06-21 09:20:23,16214.45,0
2021-06-21 09:20:25,16213.45,0
2021-06-21 09:20:27,16216.7,0
2021-06-21 09:20:28,16218.25,0
2021-06-21 09:20:35,16236.65,0
2021-06-21 09:20:38,16239.8,0
2021-06-21 09:20:48,16244.85,0
2021-06-21 09:20:53,16243.8,0
2021-06-21 09:20:58,16238.65,0
2021-06-21 09:21:03,16236.35,0
2021-06-21 09:21:06,16236.3,0
2021-06-21 09:21:13,16233.0,0
2021-06-21 09:21:18,16234.8,0
2021-06-21 09:21:19,16231.6,0
2021-06-21 09:21:20,16233.1,0
2021-06-21 09:21:21,16224.55,0
2021-06-21 09:21:25,16226.6,0
2021-06-21 09:21:27,16231.95,0
2021-06-21 09:21:28,16230.7,0
2021-06-21 09:21:29,16232.85,0
2021-06-21 09:21:35,16234.15,0
2021-06-21 09:21:43,16234.75,0
2021-06-21 09:21:46,16229.95,0
2021-06-21 09:21:48,16231.2,0
2021-06-21 09:21:50,16229.65,0
2021-06-21 09:21:57,16234.2,0
2021-06-21 09:21:58,16233.75,0
2021-06-21 09:21:59,16238.25,0
2021-06-21 09:22:01,16235.0,0
2021-06-21 09:22:02,16235.6,0
2021-06-21 09:22:04,16238.7,0
2021-06-21 09:22:07,16235.55,0
2021-06-21 09:22:08,16237.6,0
2021-06-21 09:22:15,16235.4,0
2021-06-21 09:22:24,16233.0,0
2021-06-21 09:22:26,16237.3,0
2021-06-21 09:22:28,16237.7,0
2021-06-21 09:22:30,16239.55,0
2021-06-21 09:22:33,16243.1,0
2021-06-21 09:22:42,16252.55,0
2021-06-21 09:22:54,16249.0,0
2021-06-21 09:22:55,16248.6,0
2021-06-21 09:23:03,16251.65,0
2021-06-21 09:23:06,16246.65,0
2021-06-21 09:23:10,16250.95,0
2021-06-21 09:23:13,16252.65,0
2021-06-21 09:23:14,16252.7,0
2021-06-21 09:23:17,16252.05,0
2021-06-21 09:23:22,16249.0,0
2021-06-21 09:23:25,16249.75,0
2021-06-21 09:23:26,16250.65,0
2021-06-21 09:23:33,16251.5,0
2021-06-21 09:23:35,16252.65,0
2021-06-21 09:23:37,16252.1,0
2021-06-21 09:23:44,16257.65,0
2021-06-21 09:23:46,16255.9,0
2021-06-21 09:23:49,16255.0,0
2021-06-21 09:23:50,16256.55,0
2021-06-21 09:23:52,16255.95,0
2021-06-21 09:23:53,16258.55,0
2021-06-21 09:23:56,16258.35,0
2021-06-21 09:23:58,16258.8,0
2021-06-21 09:23:59,16258.35,0
2021-06-21 09:24:03,16256.8,0
2021-06-21 09:24:05,16258.15,0
2021-06-21 09:24:08,16259.3,0
2021-06-21 09:24:17,16241.9,0
2021-06-21 09:24:22,16241.8,0
2021-06-21 09:24:23,16244.0,0
2021-06-21 09:24:26,16244.85,0
2021-06-21 09:24:29,16247.65,0
2021-06-21 09:24:33,16250.05,0
2021-06-21 09:24:34,16253.1,0
2021-06-21 09:24:39,16262.1,0
2021-06-21 09:24:44,16264.05,0
2021-06-21 09:24:46,16265.35,0
2021-06-21 09:24:47,16265.35,0
2021-06-21 09:24:53,16267.35,0
2021-06-21 09:24:55,16269.1,0
2021-06-21 09:24:58,16270.5,0
2021-06-21 09:24:59,16268.95,0
2021-06-21 09:25:01,16268.3,0
2021-06-21 09:25:03,16268.5,0
2021-06-21 09:25:06,16269.55,0
2021-06-21 09:25:07,16270.15,0
2021-06-21 09:25:10,16268.35,0
2021-06-21 09:25:11,16269.5,0
2021-06-21 09:25:13,16267.65,0
2021-06-21 09:25:18,16262.8,0
2021-06-21 09:25:19,16261.85,0
2021-06-21 09:25:22,16256.0,0
2021-06-21 09:25:28,16261.05,0
2021-06-21 09:25:29,16260.5,0
2021-06-21 09:25:30,16261.45,0
2021-06-21 09:25:34,16266.65,0
2021-06-21 09:25:35,16265.15,0
2021-06-21 09:25:36,16266.25,0
2021-06-21 09:25:41,16269.95,0
2021-06-21 09:25:43,16267.2,0
2021-06-21 09:25:45,16269.45,0
2021-06-21 09:25:51,16270.6,0
2021-06-21 09:25:58,16268.7,0
2021-06-21 09:26:00,16270.15,0
2021-06-21 09:26:01,16269.5,0
2021-06-21 09:26:08,16271.95,0
2021-06-21 09:26:15,16268.45,0
2021-06-21 09:26:16,16264.25,0
2021-06-21 09:26:18,16261.65,0
2021-06-21 09:26:29,16262.2,0
2021-06-21 09:26:31,16265.1,0
2021-06-21 09:26:36,16265.3,0
2021-06-21 09:26:37,16267.3,0
2021-06-21 09:26:41,16264.6,0
2021-06-21 09:26:44,16265.1,0
2021-06-21 09:26:45,16263.4,0
2021-06-21 09:26:49,16254.15,0
2021-06-21 09:26:52,16253.15,0
2021-06-21 09:26:55,16250.55,0
2021-06-21 09:26:56,16250.4,0
2021-06-21 09:26:57,16251.4,0
2021-06-21 09:27:02,16250.8,0
2021-06-21 09:27:11,16253.6,0
2021-06-21 09:27:17,16254.4,0
2021-06-21 09:27:18,16256.1,0
2021-06-21 09:27:19,16255.1,0
2021-06-21 09:27:21,16254.0,0
2021-06-21 09:27:22,16254.25,0
2021-06-21 09:27:26,16257.35,0
2021-06-21 09:27:28,16258.7,0
2021-06-21 09:27:29,16262.0,0
2021-06-21 09:27:31,16260.4,0
2021-06-21 09:27:35,16265.1,0
2021-06-21 09:27:36,16265.6,0
2021-06-21 09:27:37,16265.8,0
2021-06-21 09:27:41,16269.05,0
2021-06-21 09:27:46,16262.85,0
2021-06-21 09:27:48,16264.4,0
2021-06-21 09:27:51,16260.95,0
2021-06-21 09:27:52,16261.25,0
2021-06-21 09:27:57,16258.1,0
2021-06-21 09:28:08,16265.95,0
2021-06-21 09:28:09,16265.75,0
2021-06-21 09:28:15,16259.2,0
2021-06-21 09:28:16,16260.5,0
2021-06-21 09:28:17,16260.5,0
2021-06-21 09:28:19,16262.15,0
2021-06-21 09:28:34,16268.65,0
2021-06-21 09:28:47,16264.6,0
2021-06-21 09:28:54,16267.5,0
2021-06-21 09:28:55,16267.5,0
2021-06-21 09:29:00,16267.45,0
2021-06-21 09:29:01,16267.4,0
2021-06-21 09:29:02,16267.9,0
2021-06-21 09:29:03,16267.6,0
2021-06-21 09:29:06,16266.1,0
2021-06-21 09:29:07,16265.3,0
2021-06-21 09:29:11,16265.25,0
2021-06-21 09:29:14,16267.65,0
2021-06-21 09:29:16,16267.6,0
2021-06-21 09:29:17,16267.4,0
2021-06-21 09:29:18,16268.0,0
2021-06-21 09:29:24,16266.55,0
2021-06-21 09:29:28,16267.1,0
2021-06-21 09:29:31,16267.8,0
2021-06-21 09:29:33,16266.6,0
2021-06-21 09:29:36,16262.5,0
2021-06-21 09:29:39,16263.85,0
2021-06-21 09:29:42,16263.05,0
2021-06-21 09:29:45,16264.0,0
2021-06-21 09:29:50,16261.8,0
2021-06-21 09:29:51,16261.45,0
2021-06-21 09:29:52,16261.05,0
2021-06-21 09:29:54,16263.4,0
2021-06-21 09:29:56,16261.85,0
2021-06-21 09:29:57,16261.4,0
2021-06-21 09:30:03,16263.35,0
2021-06-21 09:30:07,16262.4,0
2021-06-21 09:30:12,16258.0,0
2021-06-21 09:30:19,16258.45,0
2021-06-21 09:30:20,16257.3,0
2021-06-21 09:30:22,16252.05,0
2021-06-21 09:30:24,16252.7,0
2021-06-21 09:30:31,16248.6,0
2021-06-21 09:30:33,16248.05,0
2021-06-21 09:30:37,16252.1,0
2021-06-21 09:30:38,16252.15,0
2021-06-21 09:30:39,16254.3,0
2021-06-21 09:30:44,16257.2,0
2021-06-21 09:30:50,16257.65,0
2021-06-21 09:30:55,16260.55,0
2021-06-21 09:30:56,16262.45,0
2021-06-21 09:30:57,16261.75,0
2021-06-21 09:31:01,16261.2,0
2021-06-21 09:31:05,16259.95,0
2021-06-21 09:31:07,16259.35,0
2021-06-21 09:31:09,16259.85,0
2021-06-21 09:31:10,16259.35,0
2021-06-21 09:31:12,16259.3,0
2021-06-21 09:31:15,16258.95,0
2021-06-21 09:31:20,16255.35,0
2021-06-21 09:31:22,16256.25,0
2021-06-21 09:31:24,16257.0,0
2021-06-21 09:31:28,16260.7,0
2021-06-21 09:31:37,16260.15,0
2021-06-21 09:31:41,16263.1,0
2021-06-21 09:31:44,16270.9,0
2021-06-21 09:31:50,16273.2,0
2021-06-21 09:31:52,16272.85,0
2021-06-21 09:31:54,16277.1,0
2021-06-21 09:31:55,16282.2,0
2021-06-21 09:31:58,16284.8,0
2021-06-21 09:32:07,16279.25,0
2021-06-21 09:32:13,16281.7,0
2021-06-21 09:32:15,16281.85,0
2021-06-21 09:32:17,16281.7,0
2021-06-21 09:32:20,16284.15,0
2021-06-21 09:32:32,16289.9,0
2021-06-21 09:32:36,16294.0,0
2021-06-21 09:32:39,16292.15,0
2021-06-21 09:32:47,16283.25,0
2021-06-21 09:32:48,16284.35,0
2021-06-21 09:32:53,16288.65,0
2021-06-21 09:32:54,16288.7,0
2021-06-21 09:32:56,16290.15,0
2021-06-21 09:33:08,16289.2,0
2021-06-21 09:33:09,16288.95,0
2021-06-21 09:33:14,16292.6,0
2021-06-21 09:33:16,16292.55,0
2021-06-21 09:33:17,16286.55,0
2021-06-21 09:33:19,16291.1,0
2021-06-21 09:33:20,16288.75,0
2021-06-21 09:33:22,16290.8,0
2021-06-21 09:33:23,16290.45,0
2021-06-21 09:33:26,16287.9,0
2021-06-21 09:33:28,16289.2,0
2021-06-21 09:33:30,16290.15,0
2021-06-21 09:33:35,16288.35,0
2021-06-21 09:33:42,16286.4,0
2021-06-21 09:33:45,16285.25,0
2021-06-21 09:33:47,16282.7,0
2021-06-21 09:33:56,16285.35,0
2021-06-21 09:34:03,16287.3,0
2021-06-21 09:34:05,16286.9,0
2021-06-21 09:34:06,16286.4,0
2021-06-21 09:34:11,16282.9,0
2021-06-21 09:34:13,16284.2,0
2021-06-21 09:34:14,16283.6,0
2021-06-21 09:34:15,16284.2,0
2021-06-21 09:34:22,16278.8,0
2021-06-21 09:34:23,16279.3,0
2021-06-21 09:34:25,16279.05,0
2021-06-21 09:34:26,16278.35,0
2021-06-21 09:34:27,16280.15,0
2021-06-21 09:34:28,16279.7,0
2021-06-21 09:34:29,16279.25,0
2021-06-21 09:34:30,16280.7,0
2021-06-21 09:34:32,16281.95,0
2021-06-21 09:34:33,16281.55,0
2021-06-21 09:34:38,16279.1,0
2021-06-21 09:34:39,16281.65,0
2021-06-21 09:34:40,16281.5,0
2021-06-21 09:34:42,16283.35,0
2021-06-21 09:34:46,16282.0,0
2021-06-21 09:34:52,16279.2,0
2021-06-21 09:34:55,16279.8,0
2021-06-21 09:34:59,16279.4,0
2021-06-21 09:35:01,16279.65,0
2021-06-21 09:35:09,16274.15,0
2021-06-21 09:35:10,16274.45,0
2021-06-21 09:35:11,16274.4,0
2021-06-21 09:35:15,16274.5,0
2021-06-21 09:35:17,16274.95,0
2021-06-21 09:35:20,16275.75,0
2021-06-21 09:35:25,16275.65,0
2021-06-21 09:35:26,16274.65,0
2021-06-21 09:35:28,16274.55,0
2021-06-21 09:35:33,16276.65,0
2021-06-21 09:35:37,16276.6,0
2021-06-21 09:35:43,16278.15,0
2021-06-21 09:35:45,16277.6,0
2021-06-21 09:35:51,16273.1,0
2021-06-21 09:35:59,16269.3,0
2021-06-21 09:36:01,16270.1,0
2021-06-21 09:36:05,16272.6,0
2021-06-21 09:36:10,16272.9,0
2021-06-21 09:36:14,16275.3,0
2021-06-21 09:36:17,16277.5,0
2021-06-21 09:36:22,16279.75,0
2021-06-21 09:36:25,16275.1,0
2021-06-21 09:36:30,16276.95,0
2021-06-21 09:36:31,16276.55,0
2021-06-21 09:36:32,16275.75,0
2021-06-21 09:36:36,16273.6,0
2021-06-21 09:36:39,16274.45,0
2021-06-21 09:36:44,16273.5,0
2021-06-21 09:36:45,16273.3,0
2021-06-21 09:36:46,16273.85,0
2021-06-21 09:36:53,16267.3,0
2021-06-21 09:36:54,16266.75,0
2021-06-21 09:36:55,16268.55,0
2021-06-21 09:36:56,16268.95,0
2021-06-21 09:37:02,16277.2,0
2021-06-21 09:37:12,16274.85,0
2021-06-21 09:37:13,16274.15,0
2021-06-21 09:37:24,16273.1,0
2021-06-21 09:37:26,16272.3,0
2021-06-21 09:37:29,16273.75,0
2021-06-21 09:37:38,16273.2,0
2021-06-21 09:37:43,16270.75,0
2021-06-21 09:37:44,16269.3,0
2021-06-21 09:37:46,16271.5,0
2021-06-21 09:37:47,16269.35,0
2021-06-21 09:37:49,16265.65,0
2021-06-21 09:37:52,16265.55,0
2021-06-21 09:37:56,16266.95,0
2021-06-21 09:37:58,16269.05,0
2021-06-21 09:38:03,16270.9,0
2021-06-21 09:38:19,16274.3,0
2021-06-21 09:38:22,16274.6,0
2021-06-21 09:38:23,16272.65,0
2021-06-21 09:38:24,16271.75,0
2021-06-21 09:38:26,16272.55,0
2021-06-21 09:38:32,16277.65,0
2021-06-21 09:38:33,16278.0,0
2021-06-21 09:38:34,16277.25,0
2021-06-21 09:38:35,16277.3,0
2021-06-21 09:38:41,16278.8,0
2021-06-21 09:38:42,16278.3,0
2021-06-21 09:38:43,16278.0,0
2021-06-21 09:38:48,16278.35,0
2021-06-21 09:38:50,16279.15,0
2021-06-21 09:38:54,16281.2,0
2021-06-21 09:38:56,16284.85,0
2021-06-21 09:38:57,16284.6,0
2021-06-21 09:38:58,16285.25,0
2021-06-21 09:39:01,16285.4,0
2021-06-21 09:39:06,16288.95,0
2021-06-21 09:39:17,16295.5,0
2021-06-21 09:39:18,16295.45,0
2021-06-21 09:39:23,16289.4,0
2021-06-21 09:39:24,16289.85,0
2021-06-21 09:39:31,16293.4,0
2021-06-21 09:39:34,16290.9,0
2021-06-21 09:39:41,16290.05,0
2021-06-21 09:39:42,16288.65,0
2021-06-21 09:39:45,16288.85,0
2021-06-21 09:39:48,16287.7,0
2021-06-21 09:39:52,16289.85,0
2021-06-21 09:39:53,16287.45,0
2021-06-21 09:39:54,16287.55,0
2021-06-21 09:39:59,16288.8,0
2021-06-21 09:40:02,16291.9,0
2021-06-21 09:40:05,16295.4,0
2021-06-21 09:40:06,16294.2,0
2021-06-21 09:40:08,16295.0,0
2021-06-21 09:40:10,16296.75,0
2021-06-21 09:40:11,16297.2,0
2021-06-21 09:40:20,16291.95,0
2021-06-21 09:40:25,16290.75,0
2021-06-21 09:40:26,16289.55,0
2021-06-21 09:40:30,16289.4,0
2021-06-21 09:40:38,16292.05,0
2021-06-21 09:40:40,16290.15,0
2021-06-21 09:40:41,16290.5,0
2021-06-21 09:40:42,16291.15,0
2021-06-21 09:40:50,16289.0,0
2021-06-21 09:40:52,16287.9,0
2021-06-21 09:40:53,16287.7,0
2021-06-21 09:40:55,16288.15,0
2021-06-21 09:41:03,16287.7,0
2021-06-21 09:41:06,16288.15,0
2021-06-21 09:41:08,16287.9,0
2021-06-21 09:41:11,16286.9,0
2021-06-21 09:41:16,16287.3,0
2021-06-21 09:41:22,16285.45,0
2021-06-21 09:41:32,16291.3,0
2021-06-21 09:41:33,16291.5,0
2021-06-21 09:41:34,16292.0,0
2021-06-21 09:41:38,16293.45,0
2021-06-21 09:41:40,16294.5,0
2021-06-21 09:41:47,16297.7,0
2021-06-21 09:41:52,16298.0,0
2021-06-21 09:41:59,16294.7,0
2021-06-21 09:42:00,16296.55,0
2021-06-21 09:42:04,16299.75,0
2021-06-21 09:42:08,16301.4,0
2021-06-21 09:42:10,16303.3,0
2021-06-21 09:42:12,16304.35,0
2021-06-21 09:42:14,16303.8,0
2021-06-21 09:42:16,16303.25,0
2021-06-21 09:42:30,16302.55,0
2021-06-21 09:42:46,16296.6,0
2021-06-21 09:42:50,16298.6,0
2021-06-21 09:42:54,16298.65,0
2021-06-21 09:42:55,16299.0,0
2021-06-21 09:42:56,16299.5,0
2021-06-21 09:42:59,16299.15,0
2021-06-21 09:43:00,16299.9,0
2021-06-21 09:43:04,16299.4,0
2021-06-21 09:43:05,16299.85,0
2021-06-21 09:43:14,16301.15,0
2021-06-21 09:43:19,16300.65,0
2021-06-21 09:43:20,16300.6,0
2021-06-21 09:43:24,16301.9,0
2021-06-21 09:43:25,16302.1,0
2021-06-21 09:43:26,16301.9,0
2021-06-21 09:43:31,16297.6,0
2021-06-21 09:43:37,16298.05,0
2021-06-21 09:43:38,16297.95,0
2021-06-21 09:43:54,16300.1,0
2021-06-21 09:43:55,16301.0,0
2021-06-21 09:43:57,16302.1,0
2021-06-21 09:43:59,16300.7,0
2021-06-21 09:44:00,16302.25,0
2021-06-21 09:44:04,16300.25,0
2021-06-21 09:44:11,16299.9,0
2021-06-21 09:44:20,16296.5,0
2021-06-21 09:44:24,16293.45,0
2021-06-21 09:44:25,16292.65,0
2021-06-21 09:44:28,16293.3,0
2021-06-21 09:44:31,16295.2,0
2021-06-21 09:44:37,16287.9,0
2021-06-21 09:44:42,16287.5,0
2021-06-21 09:44:43,16288.25,0
2021-06-21 09:44:47,16290.75,0
2021-06-21 09:44:53,16290.85,0
2021-06-21 09:45:01,16291.4,0
2021-06-21 09:45:02,16289.9,0
2021-06-21 09:45:04,16290.15,0
2021-06-21 09:45:06,16290.15,0
2021-06-21 09:45:21,16281.15,0
2021-06-21 09:45:24,16281.45,0
2021-06-21 09:45:26,16284.25,0
2021-06-21 09:45:29,16282.85,0
2021-06-21 09:45:31,16282.8,0
2021-06-21 09:45:33,16283.35,0
2021-06-21 09:45:35,16281.25,0
2021-06-21 09:45:41,16279.65,0
2021-06-21 09:45:44,16277.5,0
2021-06-21 09:45:48,16277.2,0
2021-06-21 09:45:52,16277.0,0
2021-06-21 09:45:54,16275.8,0
2021-06-21 09:45:56,16278.55,0
2021-06-21 09:45:57,16279.7,0
2021-06-21 09:46:05,16278.5,0
2021-06-21 09:46:06,16278.35,0
2021-06-21 09:46:10,16279.8,0
2021-06-21 09:46:13,16280.6,0
2021-06-21 09:46:14,16281.15,0
2021-06-21 09:46:19,16278.6,0
2021-06-21 09:46:20,16276.55,0
2021-06-21 09:46:22,16278.55,0
2021-06-21 09:46:23,16276.3,0
2021-06-21 09:46:27,16276.8,0
2021-06-21 09:46:28,16277.15,0
2021-06-21 09:46:32,16274.75,0
2021-06-21 09:46:35,16272.0,0
2021-06-21 09:46:36,16271.25,0
2021-06-21 09:46:46,16274.0,0
2021-06-21 09:46:53,16273.95,0
2021-06-21 09:46:58,16275.5,0
2021-06-21 09:47:00,16276.1,0
2021-06-21 09:47:03,16276.7,0
2021-06-21 09:47:09,16279.3,0
2021-06-21 09:47:10,16280.15,0
2021-06-21 09:47:13,16283.8,0
2021-06-21 09:47:15,16284.45,0
2021-06-21 09:47:22,16283.0,0
2021-06-21 09:47:24,16282.95,0
2021-06-21 09:47:34,16286.35,0
2021-06-21 09:47:39,16289.75,0
2021-06-21 09:47:42,16288.45,0
2021-06-21 09:47:54,16291.6,0
2021-06-21 09:47:55,16291.25,0
2021-06-21 09:47:56,16291.4,0
2021-06-21 09:47:59,16291.8,0
2021-06-21 09:48:05,16288.7,0
2021-06-21 09:48:08,16288.75,0
2021-06-21 09:48:11,16290.25,0
2021-06-21 09:48:24,16283.0,0
2021-06-21 09:48:25,16283.9,0
2021-06-21 09:48:29,16285.65,0
2021-06-21 09:48:30,16288.75,0
2021-06-21 09:48:40,16289.35,0
2021-06-21 09:48:41,16290.7,0
2021-06-21 09:48:45,16290.95,0
2021-06-21 09:48:47,16291.6,0
2021-06-21 09:48:51,16290.45,0
2021-06-21 09:48:52,16290.45,0
2021-06-21 09:49:02,16290.2,0
2021-06-21 09:49:03,16290.3,0
2021-06-21 09:49:04,16289.9,0
2021-06-21 09:49:08,16287.05,0
2021-06-21 09:49:22,16287.1,0
2021-06-21 09:49:23,16286.9,0
2021-06-21 09:49:24,16287.4,0
2021-06-21 09:49:26,16285.85,0
2021-06-21 09:49:27,16287.1,0
2021-06-21 09:49:28,16286.05,0
2021-06-21 09:49:36,16284.7,0
2021-06-21 09:49:39,16287.65,0
2021-06-21 09:49:51,16286.8,0
2021-06-21 09:49:53,16286.6,0
2021-06-21 09:49:54,16287.6,0
2021-06-21 09:49:55,16288.7,0
2021-06-21 09:49:56,16287.85,0
2021-06-21 09:50:01,16286.95,0
2021-06-21 09:50:05,16288.25,0
2021-06-21 09:50:06,16283.6,0
2021-06-21 09:50:07,16285.35,0
2021-06-21 09:50:08,16286.5,0
2021-06-21 09:50:13,16286.05,0
2021-06-21 09:50:14,16287.1,0
2021-06-21 09:50:15,16287.45,0
2021-06-21 09:50:19,16288.55,0
2021-06-21 09:50:20,16288.2,0
2021-06-21 09:50:24,16287.25,0
2021-06-21 09:50:25,16287.0,0
2021-06-21 09:50:28,16289.7,0
2021-06-21 09:50:34,16286.1,0
2021-06-21 09:50:36,16287.1,0
2021-06-21 09:50:44,16287.05,0
2021-06-21 09:50:45,16286.7,0
2021-06-21 09:50:46,16285.6,0
2021-06-21 09:50:48,16287.9,0
2021-06-21 09:50:49,16289.5,0
2021-06-21 09:50:53,16288.9,0
2021-06-21 09:50:54,16290.5,0
2021-06-21 09:50:55,16289.8,0
2021-06-21 09:51:00,16289.05,0
2021-06-21 09:51:03,16292.4,0
2021-06-21 09:51:04,16288.5,0
2021-06-21 09:51:11,16289.85,0
2021-06-21 09:51:13,16289.4,0
2021-06-21 09:51:14,16288.45,0
2021-06-21 09:51:15,16289.25,0
2021-06-21 09:51:16,16289.55,0
2021-06-21 09:51:17,16288.9,0
2021-06-21 09:51:18,16290.9,0
2021-06-21 09:51:22,16289.75,0
2021-06-21 09:51:30,16280.65,0
2021-06-21 09:51:31,16281.6,0
2021-06-21 09:51:44,16273.85,0
2021-06-21 09:51:45,16273.3,0
2021-06-21 09:51:51,16272.3,0
2021-06-21 09:51:53,16271.85,0
2021-06-21 09:51:56,16266.85,0
2021-06-21 09:52:00,16264.3,0
2021-06-21 09:52:07,16253.15,0
2021-06-21 09:52:08,16252.15,0
2021-06-21 09:52:10,16252.35,0
2021-06-21 09:52:18,16254.35,0
2021-06-21 09:52:23,16249.1,0
2021-06-21 09:52:27,16250.8,0
2021-06-21 09:52:33,16253.55,0
2021-06-21 09:52:38,16257.25,0
2021-06-21 09:52:43,16258.9,0
2021-06-21 09:52:44,16260.45,0
2021-06-21 09:52:46,16259.5,0
2021-06-21 09:52:49,16259.8,0
2021-06-21 09:52:52,16259.95,0
2021-06-21 09:52:53,16259.6,0
2021-06-21 09:52:56,16262.05,0
2021-06-21 09:53:01,16267.7,0
2021-06-21 09:53:02,16268.2,0
2021-06-21 09:53:05,16264.7,0
2021-06-21 09:53:06,16265.45,0
2021-06-21 09:53:12,16267.15,0
2021-06-21 09:53:16,16266.85,0
2021-06-21 09:53:20,16259.9,0
2021-06-21 09:53:22,16262.5,0
2021-06-21 09:53:30,16262.95,0
2021-06-21 09:53:32,16263.0,0
2021-06-21 09:53:37,16259.05,0
2021-06-21 09:53:40,16256.65,0
2021-06-21 09:53:43,16259.15,0
2021-06-21 09:53:44,16258.15,0
2021-06-21 09:53:45,16257.25,0
2021-06-21 09:53:47,16257.75,0
2021-06-21 09:53:48,16256.7,0
2021-06-21 09:53:49,16257.35,0
2021-06-21 09:53:52,16258.2,0
2021-06-21 09:53:57,16256.8,0
2021-06-21 09:53:58,16257.65,0
2021-06-21 09:54:00,16257.8,0
2021-06-21 09:54:09,16255.7,0
2021-06-21 09:54:12,16259.35,0
2021-06-21 09:54:14,16263.9,0
2021-06-21 09:54:18,16262.65,0
2021-06-21 09:54:21,16263.5,0
2021-06-21 09:54:22,16263.25,0
2021-06-21 09:54:26,16265.25,0
2021-06-21 09:54:28,16265.0,0
2021-06-21 09:54:30,16267.3,0
2021-06-21 09:54:43,16264.7,0
2021-06-21 09:54:44,16267.1,0
2021-06-21 09:54:45,16269.25,0
2021-06-21 09:54:46,16271.4,0
2021-06-21 09:54:52,16267.9,0
2021-06-21 09:54:58,16268.7,0
2021-06-21 09:55:02,16263.25,0
2021-06-21 09:55:03,16263.5,0
2021-06-21 09:55:06,16264.2,0
2021-06-21 09:55:08,16266.35,0
2021-06-21 09:55:10,16268.4,0
2021-06-21 09:55:13,16268.0,0
2021-06-21 09:55:16,16266.9,0
2021-06-21 09:55:17,16266.85,0
2021-06-21 09:55:18,16268.3,0
2021-06-21 09:55:20,16268.8,0
2021-06-21 09:55:21,16268.05,0
2021-06-21 09:55:22,16267.8,0
2021-06-21 09:55:23,16268.65,0
2021-06-21 09:55:25,16268.55,0
2021-06-21 09:55:28,16275.2,0
2021-06-21 09:55:30,16277.15,0
2021-06-21 09:55:36,16272.5,0
2021-06-21 09:55:38,16274.7,0
2021-06-21 09:55:39,16275.15,0
2021-06-21 09:55:45,16270.05,0
2021-06-21 09:55:47,16271.35,0
2021-06-21 09:55:50,16269.35,0
2021-06-21 09:55:53,16269.35,0
2021-06-21 09:55:57,16270.45,0
2021-06-21 09:55:59,16268.8,0
2021-06-21 09:56:04,16265.75,0
2021-06-21 09:56:06,16265.0,0
2021-06-21 09:56:10,16265.65,0
2021-06-21 09:56:16,16263.9,0
2021-06-21 09:56:19,16264.7,0
2021-06-21 09:56:21,16263.95,0
2021-06-21 09:56:23,16263.65,0
2021-06-21 09:56:27,16257.35,0
2021-06-21 09:56:28,16256.9,0
2021-06-21 09:56:35,16260.15,0
2021-06-21 09:56:38,16260.0,0
2021-06-21 09:56:39,16260.65,0
2021-06-21 09:56:46,16266.15,0
2021-06-21 09:56:52,16265.15,0
2021-06-21 09:56:55,16265.25,0
2021-06-21 09:57:01,16263.9,0
2021-06-21 09:57:08,16269.3,0
2021-06-21 09:57:09,16268.7,0
2021-06-21 09:57:11,16269.25,0
2021-06-21 09:57:13,16269.85,0
2021-06-21 09:57:14,16270.85,0
2021-06-21 09:57:15,16274.1,0
2021-06-21 09:57:16,16272.8,0
2021-06-21 09:57:18,16272.85,0
2021-06-21 09:57:20,16273.3,0
2021-06-21 09:57:23,16272.25,0
2021-06-21 09:57:29,16272.55,0
2021-06-21 09:57:32,16273.75,0
2021-06-21 09:57:33,16273.6,0
2021-06-21 09:57:40,16273.7,0
2021-06-21 09:57:44,16274.8,0
2021-06-21 09:57:47,16275.75,0
2021-06-21 09:57:52,16277.15,0
2021-06-21 09:57:54,16276.45,0
2021-06-21 09:57:55,16277.7,0
2021-06-21 09:57:56,16278.0,0
2021-06-21 09:57:57,16278.65,0
2021-06-21 09:57:58,16278.35,0
2021-06-21 09:58:00,16278.8,0
2021-06-21 09:58:06,16271.95,0
2021-06-21 09:58:08,16272.9,0
2021-06-21 09:58:16,16274.1,0
2021-06-21 09:58:22,16275.35,0
2021-06-21 09:58:35,16271.35,0
2021-06-21 09:58:37,16269.55,0
2021-06-21 09:58:41,16270.6,0
2021-06-21 09:58:45,16273.05,0
2021-06-21 09:58:49,16272.3,0
2021-06-21 09:58:53,16273.6,0
2021-06-21 09:58:54,16274.5,0
2021-06-21 09:58:55,16273.7,0
2021-06-21 09:58:59,16274.05,0
2021-06-21 09:59:02,16273.4,0
2021-06-21 09:59:04,16270.95,0
2021-06-21 09:59:06,16273.25,0
2021-06-21 09:59:07,16272.7,0
2021-06-21 09:59:08,16272.5,0
2021-06-21 09:59:12,16273.3,0
2021-06-21 09:59:14,16274.25,0
2021-06-21 09:59:15,16273.9,0
2021-06-21 09:59:16,16274.8,0
2021-06-21 09:59:17,16274.2,0
2021-06-21 09:59:19,16273.65,0
2021-06-21 09:59:20,16276.7,0
2021-06-21 09:59:21,16274.7,0
2021-06-21 09:59:27,16276.1,0
2021-06-21 09:59:28,16276.7,0
2021-06-21 09:59:40,16280.5,0
2021-06-21 09:59:44,16277.5,0
2021-06-21 09:59:51,16279.55,0
2021-06-21 09:59:53,16278.5,0
2021-06-21 09:59:55,16278.35,0
2021-06-21 09:59:57,16277.8,0
2021-06-21 09:59:58,16277.45,0
2021-06-21 10:00:11,16277.4,0
2021-06-21 10:00:12,16276.9,0
2021-06-21 10:00:13,16276.65,0
2021-06-21 10:00:14,16276.45,0
2021-06-21 10:00:16,16276.45,0
2021-06-21 10:00:25,16272.9,0
2021-06-21 10:00:41,16274.1,0
2021-06-21 10:00:45,16277.7,0
2021-06-21 10:00:51,16285.95,0
2021-06-21 10:00:54,16288.7,0
2021-06-21 10:01:01,16288.05,0
2021-06-21 10:01:03,16289.15,0
2021-06-21 10:01:04,16290.15,0
2021-06-21 10:01:05,16287.1,0
2021-06-21 10:01:08,16290.7,0
2021-06-21 10:01:10,16289.2,0
2021-06-21 10:01:13,16290.8,0
2021-06-21 10:01:18,16295.85,0
2021-06-21 10:01:19,16295.25,0
2021-06-21 10:01:24,16295.2,0
2021-06-21 10:01:26,16295.45,0
2021-06-21 10:01:27,16297.5,0
2021-06-21 10:01:30,16297.1,0
2021-06-21 10:01:34,16298.9,0
2021-06-21 10:01:40,16311.85,0
2021-06-21 10:01:44,16308.5,0
2021-06-21 10:01:49,16306.85,0
2021-06-21 10:01:50,16306.2,0
2021-06-21 10:01:51,16306.85,0
2021-06-21 10:01:57,16309.0,0
2021-06-21 10:02:07,16305.75,0
2021-06-21 10:02:18,16298.9,0
2021-06-21 10:02:20,16298.95,0
2021-06-21 10:02:25,16301.3,0
2021-06-21 10:02:27,16299.8,0
2021-06-21 10:02:30,16299.45,0
2021-06-21 10:02:32,16298.8,0
2021-06-21 10:02:35,16298.15,0
2021-06-21 10:02:36,16297.5,0
2021-06-21 10:02:41,16297.5,0
2021-06-21 10:02:42,16297.85,0
2021-06-21 10:02:43,16297.8,0
2021-06-21 10:02:44,16297.55,0
2021-06-21 10:02:45,16297.45,0
2021-06-21 10:03:00,16299.9,0
2021-06-21 10:03:06,16298.7,0
2021-06-21 10:03:08,16300.35,0
2021-06-21 10:03:13,16299.45,0
2021-06-21 10:03:14,16299.65,0
2021-06-21 10:03:20,16298.95,0
2021-06-21 10:03:21,16299.5,0
2021-06-21 10:03:23,16298.75,0
2021-06-21 10:03:24,16299.05,0
2021-06-21 10:03:26,16299.3,0
2021-06-21 10:03:27,16299.1,0
2021-06-21 10:03:37,16298.5,0
2021-06-21 10:03:38,16296.95,0
2021-06-21 10:03:42,16297.35,0
2021-06-21 10:03:49,16296.75,0
2021-06-21 10:03:50,16296.65,0
2021-06-21 10:03:53,16296.45,0
2021-06-21 10:03:54,16296.6,0
2021-06-21 10:04:03,16295.75,0
2021-06-21 10:04:04,16295.35,0
2021-06-21 10:04:08,16295.7,0
2021-06-21 10:04:09,16295.15,0
2021-06-21 10:04:12,16295.3,0
2021-06-21 10:04:14,16294.95,0
2021-06-21 10:04:18,16293.85,0
2021-06-21 10:04:19,16294.25,0
2021-06-21 10:04:20,16294.35,0
2021-06-21 10:04:23,16290.25,0
2021-06-21 10:04:28,16289.2,0
2021-06-21 10:04:29,16289.75,0
2021-06-21 10:04:30,16291.0,0
2021-06-21 10:04:34,16291.5,0
2021-06-21 10:04:36,16292.65,0
2021-06-21 10:04:44,16292.8,0
2021-06-21 10:04:49,16294.0,0
2021-06-21 10:05:09,16292.95,0
2021-06-21 10:05:11,16293.25,0
2021-06-21 10:05:14,16293.4,0
2021-06-21 10:05:16,16293.85,0
2021-06-21 10:05:19,16295.15,0
2021-06-21 10:05:20,16296.05,0
2021-06-21 10:05:28,16297.55,0
2021-06-21 10:05:29,16297.9,0
2021-06-21 10:05:31,16298.35,0
2021-06-21 10:05:38,16296.3,0
2021-06-21 10:05:44,16298.25,0
2021-06-21 10:05:46,16297.1,0
2021-06-21 10:05:48,16298.2,0
2021-06-21 10:05:51,16297.4,0
2021-06-21 10:05:52,16297.65,0
2021-06-21 10:05:55,16296.35,0
2021-06-21 10:05:57,16297.35,0
2021-06-21 10:06:13,16294.6,0
2021-06-21 10:06:14,16294.4,0
2021-06-21 10:06:17,16293.7,0
2021-06-21 10:06:19,16293.9,0
2021-06-21 10:06:24,16292.75,0
2021-06-21 10:06:26,16293.3,0
2021-06-21 10:06:28,16294.9,0
2021-06-21 10:06:29,16295.8,0
2021-06-21 10:06:31,16298.55,0
2021-06-21 10:06:33,16298.1,0
2021-06-21 10:06:40,16298.4,0
2021-06-21 10:06:47,16299.95,0
2021-06-21 10:06:51,16302.5,0
2021-06-21 10:06:55,16301.0,0
2021-06-21 10:07:06,16299.45,0
2021-06-21 10:07:08,16300.55,0
2021-06-21 10:07:18,16301.25,0
2021-06-21 10:07:21,16301.3,0
2021-06-21 10:07:22,16300.25,0
2021-06-21 10:07:31,16302.4,0
2021-06-21 10:07:33,16301.85,0
2021-06-21 10:07:34,16301.6,0
2021-06-21 10:07:41,16300.05,0
2021-06-21 10:07:43,16299.55,0
2021-06-21 10:07:46,16299.2,0
2021-06-21 10:07:49,16297.95,0
2021-06-21 10:07:51,16301.1,0
2021-06-21 10:07:52,16301.0,0
2021-06-21 10:07:53,16301.35,0
2021-06-21 10:07:54,16301.45,0
2021-06-21 10:07:55,16301.8,0
2021-06-21 10:07:56,16301.75,0
2021-06-21 10:07:57,16302.0,0
2021-06-21 10:07:59,16300.85,0
2021-06-21 10:08:01,16301.8,0
2021-06-21 10:08:03,16302.6,0
2021-06-21 10:08:06,16301.65,0
2021-06-21 10:08:13,16304.85,0
2021-06-21 10:08:18,16309.3,0
2021-06-21 10:08:21,16308.2,0
2021-06-21 10:08:23,16307.95,0
2021-06-21 10:08:24,16309.35,0
2021-06-21 10:08:28,16309.4,0
2021-06-21 10:08:33,16310.05,0
2021-06-21 10:08:40,16311.25,0
2021-06-21 10:08:43,16312.3,0
2021-06-21 10:08:48,16313.45,0
2021-06-21 10:08:49,16313.35,0
2021-06-21 10:08:52,16313.95,0
2021-06-21 10:08:59,16313.7,0
2021-06-21 10:09:00,16313.95,0
2021-06-21 10:09:02,16311.7,0
2021-06-21 10:09:09,16311.65,0
2021-06-21 10:09:11,16309.65,0
2021-06-21 10:09:13,16309.75,0
2021-06-21 10:09:17,16310.0,0
2021-06-21 10:09:19,16310.4,0
2021-06-21 10:09:29,16308.9,0
2021-06-21 10:09:32,16309.25,0
2021-06-21 10:09:41,16310.1,0
2021-06-21 10:09:42,16309.05,0
2021-06-21 10:09:50,16311.9,0
2021-06-21 10:09:52,16313.05,0
2021-06-21 10:10:02,16319.85,0
2021-06-21 10:10:03,16319.65,0
2021-06-21 10:10:05,16319.55,0
2021-06-21 10:10:07,16320.6,0
2021-06-21 10:10:22,16325.65,0
2021-06-21 10:10:24,16326.5,0
2021-06-21 10:10:25,16326.0,0
2021-06-21 10:10:27,16326.85,0
2021-06-21 10:10:28,16326.25,0
2021-06-21 10:10:30,16325.35,0
2021-06-21 10:10:32,16327.0,0
2021-06-21 10:10:36,16327.05,0
2021-06-21 10:10:38,16328.35,0
2021-06-21 10:10:39,16328.4,0
2021-06-21 10:10:40,16329.75,0
2021-06-21 10:10:44,16328.55,0
2021-06-21 10:10:47,16328.1,0
2021-06-21 10:10:48,16327.4,0
2021-06-21 10:10:49,16326.55,0
2021-06-21 10:10:51,16329.6,0
2021-06-21 10:10:54,16327.5,0
2021-06-21 10:10:55,16326.85,0
2021-06-21 10:10:57,16327.35,0
2021-06-21 10:11:01,16326.5,0
2021-06-21 10:11:02,16326.1,0
2021-06-21 10:11:03,16326.6,0
2021-06-21 10:11:15,16323.4,0
2021-06-21 10:11:16,16322.25,0
2021-06-21 10:11:18,16323.55,0
2021-06-21 10:11:19,16323.0,0
2021-06-21 10:11:20,16323.45,0
2021-06-21 10:11:22,16323.0,0
2021-06-21 10:11:24,16323.8,0
2021-06-21 10:11:25,16322.15,0
2021-06-21 10:11:30,16321.65,0
2021-06-21 10:11:35,16322.15,0
2021-06-21 10:11:38,16322.25,0
2021-06-21 10:11:44,16321.4,0
2021-06-21 10:11:49,16319.65,0
2021-06-21 10:12:00,16319.05,0
2021-06-21 10:12:02,16319.75,0
2021-06-21 10:12:03,16316.85,0
2021-06-21 10:12:04,16316.3,0
2021-06-21 10:12:05,16315.8,0
2021-06-21 10:12:06,16317.15,0
2021-06-21 10:12:10,16317.4,0
2021-06-21 10:12:14,16316.1,0
2021-06-21 10:12:21,16321.8,0
2021-06-21 10:12:30,16316.3,0
2021-06-21 10:12:31,16316.55,0
2021-06-21 10:12:35,16318.45,0
2021-06-21 10:12:36,16318.1,0
2021-06-21 10:12:38,16317.4,0
2021-06-21 10:12:40,16317.25,0
2021-06-21 10:12:41,16318.85,0
2021-06-21 10:12:42,16317.45,0
2021-06-21 10:12:43,16317.75,0
2021-06-21 10:12:45,16317.9,0
2021-06-21 10:12:47,16318.05,0
2021-06-21 10:12:51,16316.65,0
2021-06-21 10:12:54,16317.05,0
2021-06-21 10:12:55,16315.75,0
2021-06-21 10:12:57,16316.45,0
2021-06-21 10:12:59,16317.95,0
2021-06-21 10:13:01,16316.7,0
2021-06-21 10:13:02,16317.7,0
2021-06-21 10:13:03,16316.85,0
2021-06-21 10:13:05,16317.4,0
2021-06-21 10:13:09,16317.75,0
2021-06-21 10:13:10,16317.25,0
2021-06-21 10:13:14,16315.95,0
2021-06-21 10:13:26,16313.15,0
2021-06-21 10:13:27,16313.0,0
2021-06-21 10:13:29,16313.0,0
2021-06-21 10:13:30,16312.65,0
2021-06-21 10:13:32,16312.3,0
2021-06-21 10:13:35,16312.35,0
2021-06-21 10:13:47,16314.9,0
2021-06-21 10:13:51,16315.35,0
2021-06-21 10:13:52,16314.75,0
2021-06-21 10:13:55,16315.15,0
2021-06-21 10:13:57,16315.4,0
2021-06-21 10:13:58,16314.75,0
2021-06-21 10:14:03,16319.95,0
2021-06-21 10:14:05,16319.6,0
2021-06-21 10:14:13,16317.95,0
2021-06-21 10:14:14,16318.25,0
2021-06-21 10:14:15,16319.55,0
2021-06-21 10:14:17,16320.2,0
2021-06-21 10:14:27,16317.85,0
2021-06-21 10:14:29,16317.45,0
2021-06-21 10:14:31,16316.35,0
2021-06-21 10:14:32,16316.3,0
2021-06-21 10:14:33,16316.25,0
2021-06-21 10:14:34,16314.15,0
2021-06-21 10:14:35,16314.35,0
2021-06-21 10:14:41,16314.55,0
2021-06-21 10:14:44,16313.55,0
2021-06-21 10:14:46,16314.15,0
2021-06-21 10:14:54,16314.3,0
2021-06-21 10:14:56,16314.55,0
2021-06-21 10:14:58,16314.2,0
2021-06-21 10:15:00,16312.25,0
2021-06-21 10:15:03,16312.0,0
2021-06-21 10:15:07,16311.5,0
2021-06-21 10:15:08,16308.65,0
2021-06-21 10:15:10,16312.85,0
2021-06-21 10:15:14,16316.65,0
2021-06-21 10:15:19,16318.7,0
2021-06-21 10:15:21,16319.3,0
2021-06-21 10:15:26,16316.9,0
2021-06-21 10:15:27,16316.5,0
2021-06-21 10:15:28,16317.25,0
2021-06-21 10:15:29,16316.85,0
2021-06-21 10:15:31,16316.95,0
2021-06-21 10:15:34,16315.75,0
2021-06-21 10:15:37,16317.65,0
2021-06-21 10:15:39,16318.0,0
2021-06-21 10:15:44,16317.75,0
2021-06-21 10:15:53,16318.4,0
2021-06-21 10:15:59,16319.75,0
2021-06-21 10:16:00,16320.4,0
2021-06-21 10:16:07,16320.7,0
2021-06-21 10:16:09,16319.35,0
2021-06-21 10:16:11,16320.2,0
2021-06-21 10:16:13,16320.2,0
2021-06-21 10:16:18,16321.45,0
2021-06-21 10:16:22,16320.8,0
2021-06-21 10:16:23,16320.85,0
2021-06-21 10:16:29,16322.15,0
2021-06-21 10:16:30,16323.55,0
2021-06-21 10:16:33,16324.0,0
2021-06-21 10:16:34,16323.6,0
2021-06-21 10:16:35,16323.65,0
2021-06-21 10:16:37,16322.8,0
2021-06-21 10:16:43,16322.75,0
2021-06-21 10:16:44,16322.75,0
2021-06-21 10:16:46,16322.45,0
2021-06-21 10:16:49,16321.3,0
2021-06-21 10:16:50,16321.65,0
2021-06-21 10:16:56,16320.6,0
2021-06-21 10:17:11,16324.9,0
2021-06-21 10:17:12,16324.35,0
2021-06-21 10:17:13,16323.9,0
2021-06-21 10:17:17,16322.3,0
2021-06-21 10:17:18,16323.6,0
2021-06-21 10:17:21,16320.85,0
2021-06-21 10:17:22,16318.9,0
2021-06-21 10:17:27,16321.6,0
2021-06-21 10:17:29,16320.3,0
2021-06-21 10:17:34,16322.95,0
2021-06-21 10:17:37,16325.4,0
2021-06-21 10:17:38,16323.8,0
2021-06-21 10:17:40,16324.2,0
2021-06-21 10:17:43,16323.65,0
2021-06-21 10:17:44,16324.75,0
2021-06-21 10:17:46,16324.2,0
2021-06-21 10:17:56,16318.5,0
2021-06-21 10:17:58,16318.15,0
2021-06-21 10:18:04,16316.5,0
2021-06-21 10:18:05,16315.95,0
2021-06-21 10:18:07,16316.2,0
2021-06-21 10:18:08,16318.1,0
2021-06-21 10:18:09,16317.95,0
2021-06-21 10:18:13,16317.75,0
2021-06-21 10:18:14,16319.15,0
2021-06-21 10:18:16,16320.0,0
2021-06-21 10:18:18,16317.9,0
2021-06-21 10:18:19,16318.95,0
2021-06-21 10:18:21,16321.1,0
2021-06-21 10:18:28,16321.35,0
2021-06-21 10:18:30,16321.55,0
2021-06-21 10:18:32,16321.35,0
2021-06-21 10:18:33,16320.1,0
2021-06-21 10:18:35,16320.85,0
2021-06-21 10:18:38,16321.25,0
2021-06-21 10:18:44,16321.3,0
2021-06-21 10:18:46,16321.8,0
2021-06-21 10:18:50,16323.25,0
2021-06-21 10:18:57,16322.65,0
2021-06-21 10:18:58,16322.05,0
2021-06-21 10:18:59,16324.6,0
2021-06-21 10:19:02,16323.75,0
2021-06-21 10:19:03,16326.45,0
2021-06-21 10:19:05,16323.7,0
2021-06-21 10:19:08,16323.15,0
2021-06-21 10:19:16,16323.95,0
2021-06-21 10:19:23,16329.75,0
2021-06-21 10:19:32,16335.75,0
2021-06-21 10:19:33,16336.1,0
2021-06-21 10:19:43,16331.35,0
2021-06-21 10:19:45,16331.8,0
2021-06-21 10:19:53,16331.15,0
2021-06-21 10:19:56,16331.2,0
2021-06-21 10:20:01,16332.2,0
2021-06-21 10:20:02,16332.4,0
2021-06-21 10:20:04,16334.25,0
2021-06-21 10:20:06,16332.95,0
2021-06-21 10:20:08,16333.2,0
2021-06-21 10:20:09,16334.35,0
2021-06-21 10:20:13,16332.75,0
2021-06-21 10:20:14,16332.6,0
2021-06-21 10:20:19,16331.85,0
2021-06-21 10:20:22,16328.8,0
2021-06-21 10:20:24,16328.35,0
2021-06-21 10:20:30,16326.35,0
2021-06-21 10:20:31,16326.8,0
2021-06-21 10:20:35,16326.9,0
2021-06-21 10:20:41,16329.35,0
2021-06-21 10:20:43,16332.0,0
2021-06-21 10:20:45,16331.45,0
2021-06-21 10:20:46,16330.4,0
2021-06-21 10:20:48,16331.2,0
2021-06-21 10:20:49,16329.55,0
2021-06-21 10:20:55,16330.75,0
2021-06-21 10:20:56,16330.25,0
2021-06-21 10:20:58,16328.8,0
2021-06-21 10:20:59,16328.75,0
2021-06-21 10:21:02,16327.35,0
2021-06-21 10:21:05,16328.3,0
2021-06-21 10:21:06,16327.6,0
2021-06-21 10:21:13,16329.35,0
2021-06-21 10:21:14,16327.4,0
2021-06-21 10:21:19,16327.55,0
2021-06-21 10:21:20,16328.25,0
2021-06-21 10:21:21,16328.1,0
2021-06-21 10:21:24,16327.15,0
2021-06-21 10:21:25,16327.2,0
2021-06-21 10:21:26,16326.2,0
2021-06-21 10:21:27,16327.25,0
2021-06-21 10:21:28,16326.25,0
2021-06-21 10:21:33,16325.1,0
2021-06-21 10:21:37,16325.35,0
2021-06-21 10:21:38,16326.3,0
2021-06-21 10:21:41,16325.75,0
2021-06-21 10:21:43,16325.9,0
2021-06-21 10:21:48,16326.95,0
2021-06-21 10:21:54,16327.0,0
2021-06-21 10:21:57,16327.55,0
2021-06-21 10:22:00,16326.15,0
2021-06-21 10:22:02,16325.4,0
2021-06-21 10:22:03,16324.75,0
2021-06-21 10:22:06,16325.0,0
2021-06-21 10:22:07,16324.9,0
2021-06-21 10:22:10,16324.7,0
2021-06-21 10:22:13,16323.55,0
2021-06-21 10:22:17,16322.95,0
2021-06-21 10:22:18,16319.65,0
2021-06-21 10:22:20,16319.65,0
2021-06-21 10:22:22,16321.35,0
2021-06-21 10:22:26,16323.45,0
2021-06-21 10:22:29,16323.4,0
2021-06-21 10:22:32,16323.55,0
2021-06-21 10:22:38,16323.0,0
2021-06-21 10:22:39,16322.9,0
2021-06-21 10:22:40,16322.85,0
2021-06-21 10:22:41,16322.55,0
2021-06-21 10:22:46,16323.35,0
2021-06-21 10:22:49,16323.2,0
2021-06-21 10:22:51,16322.9,0
2021-06-21 10:22:53,16322.5,0
2021-06-21 10:22:57,16321.95,0
2021-06-21 10:23:02,16321.9,0
2021-06-21 10:23:03,16322.35,0
2021-06-21 10:23:04,16322.1,0
2021-06-21 10:23:06,16320.25,0
2021-06-21 10:23:07,16320.6,0
2021-06-21 10:23:08,16320.25,0
2021-06-21 10:23:09,16319.45,0
2021-06-21 10:23:13,16321.1,0
2021-06-21 10:23:15,16321.35,0
2021-06-21 10:23:16,16320.95,0
2021-06-21 10:23:26,16323.45,0
2021-06-21 10:23:28,16324.0,0
2021-06-21 10:23:37,16323.35,0
2021-06-21 10:23:39,16323.1,0
2021-06-21 10:23:43,16323.5,0
2021-06-21 10:23:44,16323.4,0
2021-06-21 10:23:45,16322.65,0
2021-06-21 10:23:54,16321.3,0
2021-06-21 10:23:55,16321.55,0
2021-06-21 10:23:59,16321.1,0
2021-06-21 10:24:02,16321.2,0
2021-06-21 10:24:11,16319.55,0
2021-06-21 10:24:13,16316.65,0
2021-06-21 10:24:15,16315.7,0
2021-06-21 10:24:16,16316.35,0
2021-06-21 10:24:21,16316.05,0
2021-06-21 10:24:23,16316.2,0
2021-06-21 10:24:28,16319.05,0
2021-06-21 10:24:32,16319.1,0
2021-06-21 10:24:34,16319.7,0
2021-06-21 10:24:35,16319.75,0
2021-06-21 10:24:39,16318.7,0
2021-06-21 10:24:47,16319.6,0
2021-06-21 10:24:49,16318.15,0
2021-06-21 10:24:50,16317.55,0
2021-06-21 10:24:51,16318.55,0
2021-06-21 10:24:54,16319.45,0
2021-06-21 10:24:55,16319.2,0
2021-06-21 10:24:56,16319.0,0
2021-06-21 10:24:57,16319.85,0
2021-06-21 10:25:02,16318.8,0
2021-06-21 10:25:04,16318.45,0
2021-06-21 10:25:07,16318.8,0
2021-06-21 10:25:11,16316.2,0
2021-06-21 10:25:24,16315.5,0
2021-06-21 10:25:27,16316.05,0
2021-06-21 10:25:28,16316.3,0
2021-06-21 10:25:30,16314.9,0
2021-06-21 10:25:31,16314.65,0
2021-06-21 10:25:38,16315.5,0
2021-06-21 10:25:40,16315.75,0
2021-06-21 10:25:41,16315.35,0
2021-06-21 10:25:47,16314.2,0
2021-06-21 10:25:49,16313.15,0
2021-06-21 10:25:50,16313.1,0
2021-06-21 10:25:51,16313.25,0
2021-06-21 10:25:54,16312.8,0
2021-06-21 10:25:55,16314.85,0
2021-06-21 10:25:59,16313.95,0
2021-06-21 10:26:01,16312.2,0
2021-06-21 10:26:02,16313.0,0
2021-06-21 10:26:04,16312.75,0
2021-06-21 10:26:05,16312.6,0
2021-06-21 10:26:08,16311.4,0
2021-06-21 10:26:10,16311.95,0
2021-06-21 10:26:15,16312.45,0
2021-06-21 10:26:16,16311.2,0
2021-06-21 10:26:21,16314.2,0
2021-06-21 10:26:25,16312.85,0
2021-06-21 10:26:30,16314.05,0
2021-06-21 10:26:39,16316.55,0
2021-06-21 10:26:43,16316.0,0
2021-06-21 10:26:45,16317.1,0
2021-06-21 10:26:46,16317.5,0
2021-06-21 10:26:47,16316.5,0
2021-06-21 10:26:48,16316.8,0
2021-06-21 10:26:49,16316.7,0
2021-06-21 10:26:52,16319.85,0
2021-06-21 10:26:57,16318.0,0
2021-06-21 10:26:58,16318.05,0
2021-06-21 10:26:59,16318.45,0
2021-06-21 10:27:00,16319.3,0
2021-06-21 10:27:01,16318.65,0
2021-06-21 10:27:06,16319.1,0
2021-06-21 10:27:07,16318.65,0
2021-06-21 10:27:09,16318.55,0
2021-06-21 10:27:12,16318.6,0
2021-06-21 10:27:20,16318.3,0
2021-06-21 10:27:21,16320.2,0
2021-06-21 10:27:23,16321.15,0
2021-06-21 10:27:25,16322.6,0
2021-06-21 10:27:31,16330.9,0
2021-06-21 10:27:34,16331.9,0
2021-06-21 10:27:35,16332.35,0
2021-06-21 10:27:38,16333.6,0
2021-06-21 10:27:39,16333.25,0
2021-06-21 10:27:41,16333.25,0
2021-06-21 10:27:47,16335.4,0
2021-06-21 10:27:50,16338.2,0
2021-06-21 10:27:58,16336.5,0
2021-06-21 10:28:05,16338.9,0
2021-06-21 10:28:08,16339.3,0
2021-06-21 10:28:10,16340.15,0
2021-06-21 10:28:11,16339.9,0
2021-06-21 10:28:12,16335.6,0
2021-06-21 10:28:13,16335.9,0
2021-06-21 10:28:16,16336.55,0
2021-06-21 10:28:18,16337.4,0
2021-06-21 10:28:20,16334.25,0
2021-06-21 10:28:25,16334.85,0
2021-06-21 10:28:29,16337.4,0
2021-06-21 10:28:46,16337.9,0
2021-06-21 10:28:47,16338.0,0
2021-06-21 10:28:51,16337.05,0
2021-06-21 10:29:00,16336.25,0
2021-06-21 10:29:03,16337.1,0
2021-06-21 10:29:05,16337.55,0
2021-06-21 10:29:06,16338.35,0
2021-06-21 10:29:08,16337.7,0
2021-06-21 10:29:09,16337.7,0
2021-06-21 10:29:12,16339.15,0
2021-06-21 10:29:16,16340.3,0
2021-06-21 10:29:17,16341.15,0
2021-06-21 10:29:22,16340.2,0
2021-06-21 10:29:25,16338.5,0
2021-06-21 10:29:26,16339.45,0
2021-06-21 10:29:36,16342.55,0
2021-06-21 10:29:38,16342.65,0
2021-06-21 10:29:39,16343.9,0
2021-06-21 10:29:41,16339.9,0
2021-06-21 10:29:42,16340.7,0
2021-06-21 10:29:44,16342.4,0
2021-06-21 10:29:46,16339.45,0
2021-06-21 10:29:47,16338.9,0
2021-06-21 10:29:53,16340.9,0
2021-06-21 10:29:55,16341.5,0
2021-06-21 10:29:56,16340.95,0
2021-06-21 10:30:01,16341.55,0
2021-06-21 10:30:03,16342.0,0
2021-06-21 10:30:05,16344.1,0
2021-06-21 10:30:06,16346.45,0
2021-06-21 10:30:07,16348.4,0
2021-06-21 10:30:11,16354.65,0
2021-06-21 10:30:16,16351.05,0
2021-06-21 10:30:19,16352.6,0
2021-06-21 10:30:22,16353.65,0
2021-06-21 10:30:24,16354.15,0
2021-06-21 10:30:25,16354.05,0
2021-06-21 10:30:26,16354.4,0
2021-06-21 10:30:27,16355.5,0
2021-06-21 10:30:41,16351.45,0
2021-06-21 10:30:42,16350.85,0
2021-06-21 10:30:45,16352.55,0
2021-06-21 10:30:46,16351.65,0
2021-06-21 10:30:50,16352.55,0
2021-06-21 10:30:52,16351.3,0
2021-06-21 10:30:53,16351.3,0
2021-06-21 10:30:54,16351.25,0
2021-06-21 10:30:55,16351.3,0
2021-06-21 10:30:58,16348.95,0
2021-06-21 10:31:00,16348.75,0
2021-06-21 10:31:02,16350.85,0
2021-06-21 10:31:05,16351.7,0
2021-06-21 10:31:07,16351.1,0
2021-06-21 10:31:12,16353.6,0
2021-06-21 10:31:14,16353.05,0
2021-06-21 10:31:20,16353.6,0
2021-06-21 10:31:22,16351.35,0
2021-06-21 10:31:29,16350.85,0
2021-06-21 10:31:30,16352.05,0
2021-06-21 10:31:35,16349.95,0
2021-06-21 10:31:36,16350.35,0
2021-06-21 10:31:37,16349.5,0
2021-06-21 10:31:38,16349.2,0
2021-06-21 10:31:42,16348.75,0
2021-06-21 10:31:53,16346.6,0
2021-06-21 10:31:54,16346.55,0
2021-06-21 10:31:55,16345.4,0
2021-06-21 10:32:00,16346.1,0
2021-06-21 10:32:03,16345.3,0
2021-06-21 10:32:07,16345.55,0
2021-06-21 10:32:15,16345.0,0
2021-06-21 10:32:26,16346.85,0
2021-06-21 10:32:27,16346.45,0
2021-06-21 10:32:29,16345.8,0
2021-06-21 10:32:30,16346.2,0
2021-06-21 10:32:35,16345.7,0
2021-06-21 10:32:36,16346.45,0
2021-06-21 10:32:37,16346.45,0
2021-06-21 10:32:38,16345.4,0
2021-06-21 10:32:39,16347.3,0
2021-06-21 10:32:43,16345.9,0
2021-06-21 10:32:45,16346.2,0
2021-06-21 10:32:48,16345.7,0
2021-06-21 10:32:50,16345.1,0
2021-06-21 10:32:55,16344.95,0
2021-06-21 10:32:57,16345.3,0
2021-06-21 10:32:58,16344.7,0
2021-06-21 10:32:59,16345.5,0
2021-06-21 10:33:01,16344.9,0
2021-06-21 10:33:03,16345.5,0
2021-06-21 10:33:08,16347.15,0
2021-06-21 10:33:09,16346.75,0
2021-06-21 10:33:10,16345.9,0
2021-06-21 10:33:13,16346.75,0
2021-06-21 10:33:15,16347.35,0
2021-06-21 10:33:18,16348.05,0
2021-06-21 10:33:24,16349.6,0
2021-06-21 10:33:26,16348.8,0
2021-06-21 10:33:28,16348.35,0
2021-06-21 10:33:32,16349.95,0
2021-06-21 10:33:45,16353.55,0
2021-06-21 10:33:47,16353.75,0
2021-06-21 10:33:53,16352.8,0
2021-06-21 10:33:54,16353.55,0
2021-06-21 10:33:55,16353.2,0
2021-06-21 10:33:56,16353.7,0
2021-06-21 10:33:57,16353.3,0
2021-06-21 10:33:58,16352.95,0
2021-06-21 10:34:00,16352.9,0
2021-06-21 10:34:03,16352.4,0
2021-06-21 10:34:04,16353.3,0
2021-06-21 10:34:06,16354.05,0
2021-06-21 10:34:07,16354.1,0
2021-06-21 10:34:08,16354.2,0
2021-06-21 10:34:14,16353.4,0
2021-06-21 10:34:21,16352.5,0
2021-06-21 10:34:25,16351.0,0
2021-06-21 10:34:32,16351.9,0
2021-06-21 10:34:33,16352.3,0
2021-06-21 10:34:34,16351.0,0
2021-06-21 10:34:37,16351.9,0
2021-06-21 10:34:38,16351.05,0
2021-06-21 10:34:39,16351.25,0
2021-06-21 10:34:42,16350.55,0
2021-06-21 10:34:43,16350.7,0
2021-06-21 10:34:55,16348.05,0
2021-06-21 10:35:00,16348.05,0
2021-06-21 10:35:03,16348.05,0
2021-06-21 10:35:05,16347.65,0
2021-06-21 10:35:07,16348.05,0
2021-06-21 10:35:09,16348.05,0
2021-06-21 10:35:18,16348.65,0
2021-06-21 10:35:19,16349.3,0
2021-06-21 10:35:21,16348.55,0
2021-06-21 10:35:22,16348.2,0
2021-06-21 10:35:25,16348.0,0
2021-06-21 10:35:26,16348.15,0
2021-06-21 10:35:28,16348.25,0
2021-06-21 10:35:29,16347.75,0
2021-06-21 10:35:33,16348.0,0
2021-06-21 10:35:34,16346.3,0
2021-06-21 10:35:38,16346.4,0
2021-06-21 10:35:42,16345.45,0
2021-06-21 10:35:48,16343.1,0
2021-06-21 10:35:52,16342.4,0
2021-06-21 10:35:54,16341.75,0
2021-06-21 10:35:55,16341.85,0
2021-06-21 10:35:56,16341.85,0
2021-06-21 10:35:57,16341.9,0
2021-06-21 10:35:59,16341.05,0
2021-06-21 10:36:00,16342.2,0
2021-06-21 10:36:01,16341.8,0
2021-06-21 10:36:02,16342.2,0
2021-06-21 10:36:03,16341.9,0
2021-06-21 10:36:05,16341.35,0
2021-06-21 10:36:06,16341.55,0
2021-06-21 10:36:09,16341.5,0
2021-06-21 10:36:10,16340.8,0
2021-06-21 10:36:11,16340.85,0
2021-06-21 10:36:14,16341.0,0
2021-06-21 10:36:16,16340.65,0
2021-06-21 10:36:17,16340.25,0
2021-06-21 10:36:22,16339.6,0
2021-06-21 10:36:31,16339.15,0
2021-06-21 10:36:32,16338.55,0
2021-06-21 10:36:40,16336.85,0
2021-06-21 10:36:41,16336.9,0
2021-06-21 10:36:44,16336.0,0
2021-06-21 10:36:48,16337.05,0
2021-06-21 10:36:54,16335.2,0
2021-06-21 10:36:56,16335.95,0
2021-06-21 10:36:57,16337.65,0
2021-06-21 10:36:59,16335.85,0
2021-06-21 10:37:00,16336.25,0
2021-06-21 10:37:02,16333.15,0
2021-06-21 10:37:05,16333.1,0
2021-06-21 10:37:06,16332.5,0
2021-06-21 10:37:10,16331.8,0
2021-06-21 10:37:17,16331.7,0
2021-06-21 10:37:19,16331.75,0
2021-06-21 10:37:25,16331.6,0
2021-06-21 10:37:29,16330.75,0
2021-06-21 10:37:31,16330.65,0
2021-06-21 10:37:39,16328.2,0
2021-06-21 10:37:40,16327.8,0
2021-06-21 10:37:43,16327.8,0
2021-06-21 10:37:47,16327.9,0
2021-06-21 10:37:50,16328.25,0
2021-06-21 10:37:51,16328.8,0
2021-06-21 10:37:58,16331.45,0
2021-06-21 10:38:01,16331.7,0
2021-06-21 10:38:07,16332.4,0
2021-06-21 10:38:09,16331.05,0
2021-06-21 10:38:11,16329.2,0
2021-06-21 10:38:12,16330.8,0
2021-06-21 10:38:20,16329.0,0
2021-06-21 10:38:22,16328.05,0
2021-06-21 10:38:28,16328.4,0
2021-06-21 10:38:29,16328.45,0
2021-06-21 10:38:37,16329.85,0
2021-06-21 10:38:38,16328.7,0
2021-06-21 10:38:39,16328.3,0
2021-06-21 10:38:40,16328.4,0
2021-06-21 10:38:45,16328.15,0
2021-06-21 10:38:46,16327.1,0
2021-06-21 10:38:47,16328.5,0
2021-06-21 10:38:50,16326.8,0
2021-06-21 10:38:51,16326.85,0
2021-06-21 10:38:56,16327.05,0
2021-06-21 10:38:58,16326.4,0
2021-06-21 10:39:00,16327.05,0
2021-06-21 10:39:04,16326.2,0
2021-06-21 10:39:05,16326.1,0
2021-06-21 10:39:11,16325.4,0
2021-06-21 10:39:13,16325.85,0
2021-06-21 10:39:18,16326.7,0
2021-06-21 10:39:28,16324.35,0
2021-06-21 10:39:29,16325.4,0
2021-06-21 10:39:32,16324.8,0
2021-06-21 10:39:35,16325.45,0
2021-06-21 10:39:40,16328.65,0
2021-06-21 10:39:41,16328.9,0
2021-06-21 10:39:42,16329.45,0
2021-06-21 10:39:44,16329.4,0
2021-06-21 10:39:47,16331.0,0
2021-06-21 10:39:55,16329.55,0
2021-06-21 10:39:58,16328.9,0
2021-06-21 10:40:07,16328.4,0
2021-06-21 10:40:13,16331.55,0
2021-06-21 10:40:14,16331.65,0
2021-06-21 10:40:15,16332.4,0
2021-06-21 10:40:16,16333.75,0
2021-06-21 10:40:19,16334.25,0
2021-06-21 10:40:25,16335.6,0
2021-06-21 10:40:26,16336.05,0
2021-06-21 10:40:27,16335.9,0
2021-06-21 10:40:29,16334.9,0
2021-06-21 10:40:31,16335.7,0
2021-06-21 10:40:32,16335.65,0
2021-06-21 10:40:34,16332.05,0
2021-06-21 10:40:35,16332.95,0
2021-06-21 10:40:37,16332.9,0
2021-06-21 10:40:39,16331.5,0
2021-06-21 10:40:41,16331.45,0
2021-06-21 10:40:44,16332.65,0
2021-06-21 10:40:46,16332.85,0
2021-06-21 10:40:51,16332.9,0
2021-06-21 10:40:53,16331.45,0
2021-06-21 10:40:56,16329.5,0
2021-06-21 10:41:00,16330.35,0
2021-06-21 10:41:03,16331.1,0
2021-06-21 10:41:05,16329.75,0
2021-06-21 10:41:07,16330.05,0
2021-06-21 10:41:11,16330.85,0
2021-06-21 10:41:12,16331.5,0
2021-06-21 10:41:13,16331.2,0
2021-06-21 10:41:15,16331.45,0
2021-06-21 10:41:18,16332.7,0
2021-06-21 10:41:19,16332.05,0
2021-06-21 10:41:24,16332.65,0
2021-06-21 10:41:27,16332.55,0
2021-06-21 10:41:30,16333.2,0
2021-06-21 10:41:32,16332.6,0
2021-06-21 10:41:33,16333.55,0
2021-06-21 10:41:34,16332.9,0
2021-06-21 10:41:36,16334.2,0
2021-06-21 10:41:40,16334.8,0
2021-06-21 10:41:49,16336.55,0
2021-06-21 10:41:51,16337.8,0
2021-06-21 10:41:52,16337.45,0
2021-06-21 10:41:54,16337.65,0
2021-06-21 10:41:57,16338.7,0
2021-06-21 10:41:59,16338.65,0
2021-06-21 10:42:03,16337.95,0
2021-06-21 10:42:06,16337.95,0
2021-06-21 10:42:13,16338.15,0
2021-06-21 10:42:15,16337.4,0
2021-06-21 10:42:23,16338.85,0
2021-06-21 10:42:25,16338.75,0
2021-06-21 10:42:27,16338.8,0
2021-06-21 10:42:31,16337.9,0
2021-06-21 10:42:32,16338.25,0
2021-06-21 10:42:39,16333.85,0
2021-06-21 10:42:41,16333.6,0
2021-06-21 10:42:42,16333.6,0
2021-06-21 10:42:44,16333.9,0
2021-06-21 10:42:45,16333.95,0
2021-06-21 10:42:46,16333.7,0
2021-06-21 10:42:47,16333.8,0
2021-06-21 10:42:48,16334.0,0
2021-06-21 10:42:49,16334.85,0
2021-06-21 10:42:52,16334.25,0
2021-06-21 10:42:53,16335.0,0
2021-06-21 10:43:02,16335.3,0
2021-06-21 10:43:03,16335.35,0
2021-06-21 10:43:04,16334.65,0
2021-06-21 10:43:06,16335.5,0
2021-06-21 10:43:13,16333.65,0
2021-06-21 10:43:15,16333.45,0
2021-06-21 10:43:17,16333.35,0
2021-06-21 10:43:22,16333.4,0
2021-06-21 10:43:25,16335.35,0
2021-06-21 10:43:27,16334.8,0
2021-06-21 10:43:32,16334.25,0
2021-06-21 10:43:33,16333.9,0
2021-06-21 10:43:34,16333.7,0
2021-06-21 10:43:38,16334.05,0
2021-06-21 10:43:40,16334.75,0
2021-06-21 10:43:41,16334.9,0
2021-06-21 10:43:42,16335.35,0
2021-06-21 10:43:45,16335.75,0
2021-06-21 10:43:48,16336.55,0
2021-06-21 10:43:49,16338.45,0
2021-06-21 10:44:02,16341.95,0
2021-06-21 10:44:04,16343.1,0
2021-06-21 10:44:06,16345.7,0
2021-06-21 10:44:09,16346.4,0
2021-06-21 10:44:10,16346.9,0
2021-06-21 10:44:11,16346.95,0
2021-06-21 10:44:12,16343.1,0
2021-06-21 10:44:15,16342.8,0
2021-06-21 10:44:16,16342.6,0
2021-06-21 10:44:18,16342.9,0
2021-06-21 10:44:20,16342.6,0
2021-06-21 10:44:21,16343.1,0
2021-06-21 10:44:26,16342.55,0
2021-06-21 10:44:29,16344.35,0
2021-06-21 10:44:35,16346.1,0
2021-06-21 10:44:37,16344.9,0
2021-06-21 10:44:39,16345.6,0
2021-06-21 10:44:42,16346.35,0
2021-06-21 10:44:43,16347.05,0
2021-06-21 10:44:51,16348.05,0
2021-06-21 10:44:55,16348.0,0
2021-06-21 10:45:00,16347.45,0
2021-06-21 10:45:01,16347.95,0
2021-06-21 10:45:05,16349.65,0
2021-06-21 10:45:06,16349.45,0
2021-06-21 10:45:08,16349.95,0
2021-06-21 10:45:15,16354.0,0
2021-06-21 10:45:17,16353.0,0
2021-06-21 10:45:18,16354.15,0
2021-06-21 10:45:20,16354.4,0
2021-06-21 10:45:23,16354.85,0
2021-06-21 10:45:26,16355.1,0
2021-06-21 10:45:27,16354.2,0
2021-06-21 10:45:36,16358.2,0
2021-06-21 10:45:37,16357.3,0
2021-06-21 10:45:39,16356.85,0
2021-06-21 10:45:41,16358.9,0
2021-06-21 10:45:42,16357.9,0
2021-06-21 10:45:47,16359.2,0
2021-06-21 10:45:52,16357.95,0
2021-06-21 10:45:53,16357.55,0
2021-06-21 10:46:00,16358.15,0
2021-06-21 10:46:01,16357.85,0
2021-06-21 10:46:05,16357.6,0
2021-06-21 10:46:07,16357.35,0
2021-06-21 10:46:08,16358.0,0
2021-06-21 10:46:09,16357.95,0
2021-06-21 10:46:15,16357.7,0
2021-06-21 10:46:21,16353.85,0
2021-06-21 10:46:23,16352.7,0
2021-06-21 10:46:24,16352.2,0
2021-06-21 10:46:26,16351.5,0
2021-06-21 10:46:27,16351.85,0
2021-06-21 10:46:31,16352.2,0
2021-06-21 10:46:36,16350.75,0
2021-06-21 10:46:42,16350.25,0
2021-06-21 10:46:44,16350.55,0
2021-06-21 10:46:45,16350.6,0
2021-06-21 10:46:47,16348.65,0
2021-06-21 10:46:48,16350.35,0
2021-06-21 10:46:49,16349.95,0
2021-06-21 10:46:50,16350.3,0
2021-06-21 10:46:51,16349.65,0
2021-06-21 10:46:53,16350.05,0
2021-06-21 10:46:56,16348.95,0
2021-06-21 10:46:57,16348.9,0
2021-06-21 10:47:13,16349.85,0
2021-06-21 10:47:14,16350.4,0
2021-06-21 10:47:16,16349.25,0
2021-06-21 10:47:19,16349.45,0
2021-06-21 10:47:21,16350.4,0
2021-06-21 10:47:23,16349.3,0
2021-06-21 10:47:24,16349.0,0
2021-06-21 10:47:25,16348.95,0
2021-06-21 10:47:27,16349.4,0
2021-06-21 10:47:28,16349.1,0
2021-06-21 10:47:40,16348.45,0
2021-06-21 10:47:42,16347.2,0
2021-06-21 10:47:52,16345.3,0
2021-06-21 10:47:54,16343.65,0
2021-06-21 10:47:56,16343.4,0
2021-06-21 10:47:58,16343.15,0
2021-06-21 10:48:00,16342.05,0
2021-06-21 10:48:03,16341.7,0
2021-06-21 10:48:04,16341.15,0
2021-06-21 10:48:06,16340.5,0
2021-06-21 10:48:14,16339.95,0
2021-06-21 10:48:15,16338.6,0
2021-06-21 10:48:18,16338.0,0
2021-06-21 10:48:20,16337.2,0
2021-06-21 10:48:29,16339.1,0
2021-06-21 10:48:32,16337.4,0
2021-06-21 10:48:33,16337.55,0
2021-06-21 10:48:37,16338.55,0
2021-06-21 10:48:38,16338.5,0
2021-06-21 10:48:41,16337.5,0
2021-06-21 10:48:45,16338.25,0
2021-06-21 10:48:48,16340.2,0
2021-06-21 10:48:51,16339.7,0
2021-06-21 10:48:53,16340.2,0
2021-06-21 10:48:55,16341.15,0
2021-06-21 10:48:59,16340.05,0
2021-06-21 10:49:03,16338.7,0
2021-06-21 10:49:04,16338.6,0
2021-06-21 10:49:05,16340.15,0
2021-06-21 10:49:08,16338.8,0
2021-06-21 10:49:10,16338.85,0
2021-06-21 10:49:12,16337.15,0
2021-06-21 10:49:13,16337.55,0
2021-06-21 10:49:16,16336.3,0
2021-06-21 10:49:18,16337.9,0
2021-06-21 10:49:19,16338.3,0
2021-06-21 10:49:20,16336.65,0
2021-06-21 10:49:25,16336.7,0
2021-06-21 10:49:32,16338.45,0
2021-06-21 10:49:34,16338.9,0
2021-06-21 10:49:42,16338.55,0
2021-06-21 10:49:43,16338.9,0
2021-06-21 10:49:47,16338.05,0
2021-06-21 10:49:48,16339.15,0
2021-06-21 10:49:51,16338.1,0
2021-06-21 10:49:52,16338.1,0
2021-06-21 10:49:53,16338.05,0
2021-06-21 10:49:55,16338.35,0
2021-06-21 10:49:56,16338.9,0
2021-06-21 10:49:57,16339.4,0
2021-06-21 10:49:59,16340.45,0
2021-06-21 10:50:00,16340.4,0
2021-06-21 10:50:03,16339.35,0
2021-06-21 10:50:06,16338.8,0
2021-06-21 10:50:08,16339.35,0
2021-06-21 10:50:10,16338.8,0
2021-06-21 10:50:13,16339.45,0
2021-06-21 10:50:24,16337.4,0
2021-06-21 10:50:28,16337.85,0
2021-06-21 10:50:29,16338.15,0
2021-06-21 10:50:34,16336.65,0
2021-06-21 10:50:36,16335.95,0
2021-06-21 10:50:37,16335.05,0
2021-06-21 10:50:43,16334.75,0
2021-06-21 10:50:44,16334.4,0
2021-06-21 10:50:47,16333.65,0
2021-06-21 10:50:49,16334.3,0
2021-06-21 10:50:54,16333.1,0
2021-06-21 10:50:58,16334.5,0
2021-06-21 10:50:59,16334.1,0
2021-06-21 10:51:03,16335.0,0
2021-06-21 10:51:04,16334.8,0
2021-06-21 10:51:07,16335.6,0
2021-06-21 10:51:08,16335.75,0
2021-06-21 10:51:09,16335.75,0
2021-06-21 10:51:11,16334.6,0
2021-06-21 10:51:23,16336.2,0
2021-06-21 10:51:25,16334.35,0
2021-06-21 10:51:26,16335.9,0
2021-06-21 10:51:31,16335.55,0
2021-06-21 10:51:33,16335.2,0
2021-06-21 10:51:43,16336.8,0
2021-06-21 10:51:47,16335.35,0
2021-06-21 10:51:48,16336.1,0
2021-06-21 10:51:49,16336.1,0
2021-06-21 10:51:50,16336.2,0
2021-06-21 10:51:51,16335.75,0
2021-06-21 10:51:55,16335.35,0
2021-06-21 10:51:56,16336.55,0
2021-06-21 10:51:57,16335.35,0
2021-06-21 10:51:59,16336.3,0
2021-06-21 10:52:03,16336.7,0
2021-06-21 10:52:06,16337.2,0
2021-06-21 10:52:08,16337.0,0
2021-06-21 10:52:09,16337.5,0
2021-06-21 10:52:12,16336.0,0
2021-06-21 10:52:15,16335.35,0
2021-06-21 10:52:24,16342.2,0
2021-06-21 10:52:25,16342.7,0
2021-06-21 10:52:26,16342.7,0
2021-06-21 10:52:28,16342.4,0
2021-06-21 10:52:30,16340.9,0
2021-06-21 10:52:36,16340.25,0
2021-06-21 10:52:41,16340.7,0
2021-06-21 10:52:42,16341.1,0
2021-06-21 10:52:43,16340.15,0
2021-06-21 10:52:46,16337.9,0
2021-06-21 10:52:47,16339.25,0
2021-06-21 10:52:50,16338.0,0
2021-06-21 10:52:51,16337.65,0
2021-06-21 10:52:53,16339.45,0
2021-06-21 10:52:55,16336.8,0
2021-06-21 10:53:01,16335.6,0
2021-06-21 10:53:04,16335.7,0
2021-06-21 10:53:05,16335.65,0
2021-06-21 10:53:06,16335.75,0
2021-06-21 10:53:07,16335.7,0
2021-06-21 10:53:08,16335.5,0
2021-06-21 10:53:11,16335.6,0
2021-06-21 10:53:12,16335.15,0
2021-06-21 10:53:13,16335.8,0
2021-06-21 10:53:14,16335.8,0
2021-06-21 10:53:15,16335.75,0
2021-06-21 10:53:17,16333.45,0
2021-06-21 10:53:20,16334.8,0
2021-06-21 10:53:21,16334.45,0
2021-06-21 10:53:25,16333.55,0
2021-06-21 10:53:27,16334.05,0
2021-06-21 10:53:33,16333.7,0
2021-06-21 10:53:38,16332.95,0
2021-06-21 10:53:43,16333.2,0
2021-06-21 10:53:47,16332.65,0
2021-06-21 10:53:48,16333.15,0
2021-06-21 10:53:49,16333.8,0
2021-06-21 10:53:53,16337.15,0
2021-06-21 10:53:54,16337.55,0
2021-06-21 10:53:57,16338.65,0
2021-06-21 10:54:00,16337.65,0
2021-06-21 10:54:01,16338.5,0
2021-06-21 10:54:04,16337.2,0
2021-06-21 10:54:08,16335.85,0
2021-06-21 10:54:13,16335.55,0
2021-06-21 10:54:14,16334.7,0
2021-06-21 10:54:22,16335.1,0
2021-06-21 10:54:27,16335.0,0
2021-06-21 10:54:36,16334.95,0
2021-06-21 10:54:37,16335.3,0
2021-06-21 10:54:39,16334.6,0
2021-06-21 10:54:40,16334.65,0
2021-06-21 10:54:41,16334.4,0
2021-06-21 10:54:42,16334.5,0
2021-06-21 10:54:43,16333.6,0
2021-06-21 10:54:46,16334.4,0
2021-06-21 10:54:52,16335.8,0
2021-06-21 10:54:53,16336.8,0
2021-06-21 10:55:01,16341.45,0
2021-06-21 10:55:02,16341.45,0
2021-06-21 10:55:03,16341.95,0
2021-06-21 10:55:04,16341.85,0
2021-06-21 10:55:13,16342.3,0
2021-06-21 10:55:16,16339.0,0
2021-06-21 10:55:17,16341.05,0
2021-06-21 10:55:18,16340.25,0
2021-06-21 10:55:19,16340.3,0
2021-06-21 10:55:24,16337.45,0
2021-06-21 10:55:26,16336.95,0
2021-06-21 10:55:36,16340.45,0
2021-06-21 10:55:37,16340.75,0
2021-06-21 10:55:39,16340.55,0
2021-06-21 10:55:40,16340.65,0
2021-06-21 10:55:41,16340.6,0
2021-06-21 10:55:46,16341.35,0
2021-06-21 10:55:48,16341.85,0
2021-06-21 10:55:52,16342.4,0
2021-06-21 10:55:54,16342.2,0
2021-06-21 10:55:57,16343.55,0
2021-06-21 10:55:58,16344.05,0
2021-06-21 10:55:59,16343.8,0
2021-06-21 10:56:01,16344.35,0
2021-06-21 10:56:09,16345.05,0
2021-06-21 10:56:10,16342.95,0
2021-06-21 10:56:12,16344.35,0
2021-06-21 10:56:13,16344.7,0
2021-06-21 10:56:15,16344.35,0
2021-06-21 10:56:17,16347.6,0
2021-06-21 10:56:20,16347.25,0
2021-06-21 10:56:22,16348.7,0
2021-06-21 10:56:29,16349.35,0
2021-06-21 10:56:36,16347.45,0
2021-06-21 10:56:39,16349.15,0
2021-06-21 10:56:40,16348.65,0
2021-06-21 10:56:41,16348.8,0
2021-06-21 10:56:42,16348.85,0
2021-06-21 10:56:48,16350.8,0
2021-06-21 10:56:49,16350.85,0
2021-06-21 10:56:52,16350.55,0
2021-06-21 10:56:53,16349.85,0
2021-06-21 10:57:03,16353.5,0
2021-06-21 10:57:06,16352.45,0
2021-06-21 10:57:08,16351.55,0
2021-06-21 10:57:13,16351.15,0
2021-06-21 10:57:16,16351.4,0
2021-06-21 10:57:17,16351.0,0
2021-06-21 10:57:19,16351.45,0
2021-06-21 10:57:20,16351.2,0
2021-06-21 10:57:24,16352.2,0
2021-06-21 10:57:25,16352.45,0
2021-06-21 10:57:32,16353.05,0
2021-06-21 10:57:33,16352.5,0
2021-06-21 10:57:34,16351.8,0
2021-06-21 10:57:38,16351.7,0
2021-06-21 10:57:39,16351.3,0
2021-06-21 10:57:41,16351.7,0
2021-06-21 10:57:46,16351.05,0
2021-06-21 10:57:51,16349.9,0
2021-06-21 10:57:52,16350.2,0
2021-06-21 10:57:54,16350.95,0
2021-06-21 10:57:55,16350.85,0
2021-06-21 10:57:58,16350.55,0
2021-06-21 10:58:06,16349.15,0
2021-06-21 10:58:09,16349.75,0
2021-06-21 10:58:10,16349.8,0
2021-06-21 10:58:12,16346.05,0
2021-06-21 10:58:13,16345.0,0
2021-06-21 10:58:15,16345.1,0
2021-06-21 10:58:16,16344.55,0
2021-06-21 10:58:18,16344.05,0
2021-06-21 10:58:19,16343.75,0
2021-06-21 10:58:21,16342.4,0
2021-06-21 10:58:23,16341.95,0
2021-06-21 10:58:26,16341.45,0
2021-06-21 10:58:33,16342.15,0
2021-06-21 10:58:41,16342.55,0
2021-06-21 10:58:44,16341.65,0
2021-06-21 10:58:45,16342.75,0
2021-06-21 10:58:50,16342.3,0
2021-06-21 10:58:55,16342.75,0
2021-06-21 10:58:56,16343.1,0
2021-06-21 10:58:57,16343.15,0
2021-06-21 10:58:58,16343.0,0
2021-06-21 10:59:00,16341.2,0
2021-06-21 10:59:03,16341.65,0
2021-06-21 10:59:06,16341.9,0
2021-06-21 10:59:07,16341.1,0
2021-06-21 10:59:13,16337.7,0
2021-06-21 10:59:15,16338.85,0
2021-06-21 10:59:19,16339.05,0
2021-06-21 10:59:29,16329.55,0
2021-06-21 10:59:31,16333.75,0
2021-06-21 10:59:33,16331.7,0
2021-06-21 10:59:34,16331.4,0
2021-06-21 10:59:35,16331.4,0
2021-06-21 10:59:36,16329.55,0
2021-06-21 10:59:39,16328.8,0
2021-06-21 10:59:47,16333.35,0
2021-06-21 10:59:51,16332.7,0
2021-06-21 10:59:54,16333.6,0
2021-06-21 10:59:57,16334.75,0
2021-06-21 11:00:01,16333.35,0
2021-06-21 11:00:10,16326.35,0
2021-06-21 11:00:16,16329.3,0
2021-06-21 11:00:17,16330.0,0
2021-06-21 11:00:19,16329.95,0
2021-06-21 11:00:20,16330.7,0
2021-06-21 11:00:24,16328.55,0
2021-06-21 11:00:27,16330.05,0
2021-06-21 11:00:28,16330.25,0
2021-06-21 11:00:29,16329.6,0
2021-06-21 11:00:30,16329.9,0
2021-06-21 11:00:32,16328.55,0
2021-06-21 11:00:35,16327.7,0
2021-06-21 11:00:36,16328.0,0
2021-06-21 11:00:39,16327.05,0
2021-06-21 11:00:42,16326.15,0
2021-06-21 11:00:46,16326.05,0
2021-06-21 11:00:48,16325.1,0
2021-06-21 11:00:50,16324.35,0
2021-06-21 11:00:51,16324.25,0
2021-06-21 11:00:56,16322.0,0
2021-06-21 11:01:02,16321.4,0
2021-06-21 11:01:03,16317.3,0
2021-06-21 11:01:06,16319.55,0
2021-06-21 11:01:09,16320.15,0
2021-06-21 11:01:14,16321.15,0
2021-06-21 11:01:22,16317.65,0
2021-06-21 11:01:27,16317.45,0
2021-06-21 11:01:41,16318.4,0
2021-06-21 11:01:56,16323.85,0
2021-06-21 11:02:00,16322.8,0
2021-06-21 11:02:01,16322.1,0
2021-06-21 11:02:09,16321.55,0
2021-06-21 11:02:19,16322.6,0
2021-06-21 11:02:20,16323.25,0
2021-06-21 11:02:21,16323.2,0
2021-06-21 11:02:25,16323.15,0
2021-06-21 11:02:40,16323.6,0
2021-06-21 11:02:41,16324.4,0
2021-06-21 11:02:46,16324.95,0
2021-06-21 11:02:48,16326.4,0
2021-06-21 11:02:51,16324.55,0
2021-06-21 11:02:52,16325.2,0
2021-06-21 11:02:53,16325.35,0
2021-06-21 11:02:57,16325.4,0
2021-06-21 11:02:59,16325.6,0
2021-06-21 11:03:00,16325.1,0
2021-06-21 11:03:06,16326.4,0
2021-06-21 11:03:14,16328.1,0
2021-06-21 11:03:17,16330.05,0
2021-06-21 11:03:21,16328.5,0
2021-06-21 11:03:22,16329.0,0
2021-06-21 11:03:24,16328.95,0
2021-06-21 11:03:29,16330.9,0
2021-06-21 11:03:38,16334.55,0
2021-06-21 11:03:40,16335.9,0
2021-06-21 11:03:44,16338.45,0
2021-06-21 11:03:55,16340.85,0
2021-06-21 11:04:03,16342.25,0
2021-06-21 11:04:09,16342.8,0
2021-06-21 11:04:10,16343.2,0
2021-06-21 11:04:14,16344.9,0
2021-06-21 11:04:16,16347.5,0
2021-06-21 11:04:19,16349.9,0
2021-06-21 11:04:25,16350.5,0
2021-06-21 11:04:26,16351.6,0
2021-06-21 11:04:30,16352.35,0
2021-06-21 11:05:01,16347.75,0
2021-06-21 11:05:02,16347.15,0
2021-06-21 11:05:03,16348.05,0
2021-06-21 11:05:10,16347.45,0
2021-06-21 11:05:24,16348.8,0
2021-06-21 11:05:27,16350.85,0
2021-06-21 11:05:33,16352.4,0
2021-06-21 11:05:35,16351.25,0
2021-06-21 11:05:44,16350.85,0
2021-06-21 11:05:46,16350.85,0
2021-06-21 11:05:48,16351.15,0
2021-06-21 11:05:50,16350.75,0
2021-06-21 11:05:57,16350.7,0
2021-06-21 11:06:02,16348.75,0
2021-06-21 11:06:03,16348.85,0
2021-06-21 11:06:07,16349.8,0
2021-06-21 11:06:12,16349.0,0
2021-06-21 11:06:13,16348.95,0
2021-06-21 11:06:19,16347.4,0
2021-06-21 11:06:20,16347.1,0
2021-06-21 11:06:21,16346.9,0
2021-06-21 11:06:23,16346.7,0
2021-06-21 11:06:24,16347.15,0
2021-06-21 11:06:26,16347.45,0
2021-06-21 11:06:28,16346.9,0
2021-06-21 11:06:29,16345.45,0
2021-06-21 11:06:30,16344.75,0
2021-06-21 11:06:36,16344.35,0
2021-06-21 11:06:40,16341.95,0
2021-06-21 11:06:42,16343.25,0
2021-06-21 11:06:45,16340.2,0
2021-06-21 11:06:47,16344.1,0
2021-06-21 11:06:49,16342.0,0
2021-06-21 11:06:50,16341.9,0
2021-06-21 11:06:56,16340.55,0
2021-06-21 11:06:57,16341.05,0
2021-06-21 11:06:58,16341.3,0
2021-06-21 11:07:00,16341.05,0
2021-06-21 11:07:03,16340.3,0
2021-06-21 11:07:04,16337.65,0
2021-06-21 11:07:07,16336.6,0
2021-06-21 11:07:10,16335.4,0
2021-06-21 11:07:14,16333.2,0
2021-06-21 11:07:15,16334.3,0
2021-06-21 11:07:16,16333.7,0
2021-06-21 11:07:19,16333.3,0
2021-06-21 11:07:22,16332.9,0
2021-06-21 11:07:24,16333.1,0
2021-06-21 11:07:25,16333.8,0
2021-06-21 11:07:34,16335.05,0
2021-06-21 11:07:37,16337.65,0
2021-06-21 11:07:38,16337.3,0
2021-06-21 11:07:40,16335.75,0
2021-06-21 11:07:41,16336.8,0
2021-06-21 11:07:47,16334.05,0
2021-06-21 11:07:48,16333.95,0
2021-06-21 11:07:51,16333.25,0
2021-06-21 11:07:54,16334.9,0
2021-06-21 11:07:55,16333.4,0
2021-06-21 11:08:01,16332.55,0
2021-06-21 11:08:03,16332.45,0
2021-06-21 11:08:07,16330.75,0
2021-06-21 11:08:09,16331.55,0
2021-06-21 11:08:10,16331.5,0
2021-06-21 11:08:14,16332.2,0
2021-06-21 11:08:15,16331.2,0
2021-06-21 11:08:18,16331.05,0
2021-06-21 11:08:19,16330.85,0
2021-06-21 11:08:21,16331.05,0
2021-06-21 11:08:23,16329.95,0
2021-06-21 11:08:24,16330.35,0
2021-06-21 11:08:25,16330.6,0
2021-06-21 11:08:28,16329.9,0
2021-06-21 11:08:29,16330.4,0
2021-06-21 11:08:32,16329.1,0
2021-06-21 11:08:37,16328.95,0
2021-06-21 11:08:40,16328.75,0
2021-06-21 11:08:48,16330.55,0
2021-06-21 11:08:49,16330.15,0
2021-06-21 11:08:50,16329.45,0
2021-06-21 11:08:54,16330.65,0
2021-06-21 11:08:56,16330.5,0
2021-06-21 11:08:57,16332.15,0
2021-06-21 11:09:01,16332.7,0
2021-06-21 11:09:04,16332.45,0
2021-06-21 11:09:11,16334.85,0
2021-06-21 11:09:15,16333.85,0
2021-06-21 11:09:17,16333.95,0
2021-06-21 11:09:19,16332.6,0
2021-06-21 11:09:23,16334.55,0
2021-06-21 11:09:26,16334.0,0
2021-06-21 11:09:27,16334.3,0
2021-06-21 11:09:28,16334.7,0
2021-06-21 11:09:30,16332.95,0
2021-06-21 11:09:33,16334.05,0
2021-06-21 11:09:34,16333.4,0
2021-06-21 11:09:39,16331.95,0
2021-06-21 11:09:41,16333.0,0
2021-06-21 11:09:42,16332.45,0
2021-06-21 11:09:43,16332.7,0
2021-06-21 11:09:44,16332.4,0
2021-06-21 11:09:45,16332.25,0
2021-06-21 11:09:46,16332.25,0
2021-06-21 11:09:51,16332.55,0
2021-06-21 11:09:52,16332.6,0
2021-06-21 11:09:54,16329.35,0
2021-06-21 11:10:01,16329.15,0
2021-06-21 11:10:07,16329.1,0
2021-06-21 11:10:09,16328.9,0
2021-06-21 11:10:11,16329.9,0
2021-06-21 11:10:12,16329.45,0
2021-06-21 11:10:13,16329.15,0
2021-06-21 11:10:18,16329.45,0
2021-06-21 11:10:19,16330.0,0
2021-06-21 11:10:22,16329.3,0
2021-06-21 11:10:23,16330.45,0
2021-06-21 11:10:24,16331.0,0
2021-06-21 11:10:26,16333.25,0
2021-06-21 11:10:27,16333.75,0
2021-06-21 11:10:28,16333.8,0
2021-06-21 11:10:32,16332.35,0
2021-06-21 11:10:39,16333.4,0
2021-06-21 11:10:42,16333.5,0
2021-06-21 11:10:43,16333.65,0
2021-06-21 11:10:45,16333.25,0
2021-06-21 11:10:46,16332.8,0
2021-06-21 11:10:47,16333.7,0
2021-06-21 11:10:48,16333.0,0
2021-06-21 11:10:53,16332.9,0
2021-06-21 11:10:55,16332.6,0
2021-06-21 11:10:56,16333.25,0
2021-06-21 11:10:58,16332.9,0
2021-06-21 11:11:02,16332.65,0
2021-06-21 11:11:05,16329.9,0
2021-06-21 11:11:12,16331.0,0
2021-06-21 11:11:16,16331.75,0
2021-06-21 11:11:17,16331.3,0
2021-06-21 11:11:19,16330.15,0
2021-06-21 11:11:22,16330.75,0
2021-06-21 11:11:24,16332.05,0
2021-06-21 11:11:26,16330.7,0
2021-06-21 11:11:27,16331.9,0
2021-06-21 11:11:30,16330.0,0
2021-06-21 11:11:35,16329.95,0
2021-06-21 11:11:36,16330.2,0
2021-06-21 11:11:37,16331.1,0
2021-06-21 11:11:39,16331.05,0
2021-06-21 11:11:47,16329.85,0
2021-06-21 11:11:49,16327.75,0
2021-06-21 11:11:50,16328.15,0
2021-06-21 11:11:51,16328.5,0
2021-06-21 11:11:55,16327.95,0
2021-06-21 11:11:57,16328.65,0
2021-06-21 11:12:05,16327.85,0
2021-06-21 11:12:06,16327.85,0
2021-06-21 11:12:08,16326.75,0
2021-06-21 11:12:17,16325.1,0
2021-06-21 11:12:19,16325.9,0
2021-06-21 11:12:22,16325.65,0
2021-06-21 11:12:23,16325.9,0
2021-06-21 11:12:26,16325.6,0
2021-06-21 11:12:28,16324.8,0
2021-06-21 11:12:34,16325.95,0
2021-06-21 11:12:35,16326.35,0
2021-06-21 11:12:36,16326.15,0
2021-06-21 11:12:37,16327.1,0
2021-06-21 11:12:41,16327.8,0
2021-06-21 11:12:43,16327.4,0
2021-06-21 11:12:45,16327.85,0
2021-06-21 11:12:49,16330.5,0
2021-06-21 11:12:53,16330.9,0
2021-06-21 11:12:55,16331.15,0
2021-06-21 11:12:58,16331.15,0
2021-06-21 11:13:06,16328.45,0
2021-06-21 11:13:07,16329.45,0
2021-06-21 11:13:09,16328.35,0
2021-06-21 11:13:11,16328.25,0
2021-06-21 11:13:12,16328.45,0
2021-06-21 11:13:13,16328.95,0
2021-06-21 11:13:15,16329.0,0
2021-06-21 11:13:18,16329.55,0
2021-06-21 11:13:22,16327.65,0
2021-06-21 11:13:25,16328.65,0
2021-06-21 11:13:32,16324.7,0
2021-06-21 11:13:33,16324.9,0
2021-06-21 11:13:34,16324.6,0
2021-06-21 11:13:37,16324.6,0
2021-06-21 11:13:38,16324.15,0
2021-06-21 11:13:39,16324.5,0
2021-06-21 11:13:40,16323.95,0
2021-06-21 11:13:42,16324.4,0
2021-06-21 11:13:43,16323.55,0
2021-06-21 11:13:53,16322.65,0
2021-06-21 11:13:54,16323.25,0
2021-06-21 11:13:57,16323.4,0
2021-06-21 11:14:02,16323.35,0
2021-06-21 11:14:05,16324.25,0
2021-06-21 11:14:06,16324.4,0
2021-06-21 11:14:07,16324.05,0
2021-06-21 11:14:08,16323.85,0
2021-06-21 11:14:11,16323.45,0
2021-06-21 11:14:12,16323.55,0
2021-06-21 11:14:13,16323.35,0
2021-06-21 11:14:18,16323.65,0
2021-06-21 11:14:23,16325.3,0
2021-06-21 11:14:24,16325.4,0
2021-06-21 11:14:30,16328.25,0
2021-06-21 11:14:39,16327.75,0
2021-06-21 11:14:48,16326.15,0
2021-06-21 11:14:49,16326.3,0
2021-06-21 11:14:50,16327.2,0
2021-06-21 11:14:51,16327.1,0
2021-06-21 11:14:53,16326.55,0
2021-06-21 11:14:55,16326.3,0
2021-06-21 11:14:57,16325.35,0
2021-06-21 11:14:58,16325.7,0
2021-06-21 11:15:01,16324.4,0
2021-06-21 11:15:10,16322.75,0
2021-06-21 11:15:17,16317.05,0
2021-06-21 11:15:29,16317.85,0
2021-06-21 11:15:34,16316.85,0
2021-06-21 11:15:40,16316.4,0
2021-06-21 11:15:42,16314.6,0
2021-06-21 11:15:44,16313.1,0
2021-06-21 11:15:48,16314.0,0
2021-06-21 11:15:49,16311.35,0
2021-06-21 11:16:00,16313.15,0
2021-06-21 11:16:02,16312.85,0
2021-06-21 11:16:07,16312.15,0
2021-06-21 11:16:09,16311.95,0
2021-06-21 11:16:10,16311.5,0
2021-06-21 11:16:25,16316.55,0
2021-06-21 11:16:28,16316.85,0
2021-06-21 11:16:34,16316.4,0
2021-06-21 11:16:36,16316.4,0
2021-06-21 11:16:43,16317.9,0
2021-06-21 11:16:44,16317.6,0
2021-06-21 11:16:51,16314.95,0
2021-06-21 11:16:52,16313.4,0
2021-06-21 11:16:56,16311.4,0
2021-06-21 11:16:57,16311.7,0
2021-06-21 11:17:03,16310.4,0
2021-06-21 11:17:08,16307.85,0
2021-06-21 11:17:13,16310.4,0
2021-06-21 11:17:14,16309.8,0
2021-06-21 11:17:18,16309.6,0
2021-06-21 11:17:20,16309.9,0
2021-06-21 11:17:21,16309.95,0
2021-06-21 11:17:34,16311.95,0
2021-06-21 11:17:38,16313.95,0
2021-06-21 11:17:44,16314.1,0
2021-06-21 11:17:49,16318.4,0
2021-06-21 11:17:55,16318.6,0
2021-06-21 11:17:56,16320.2,0
2021-06-21 11:17:57,16319.0,0
2021-06-21 11:17:58,16318.3,0
2021-06-21 11:18:03,16319.5,0
2021-06-21 11:18:04,16319.1,0
2021-06-21 11:18:08,16320.4,0
2021-06-21 11:18:11,16318.9,0
2021-06-21 11:18:12,16319.05,0
2021-06-21 11:18:13,16318.75,0
2021-06-21 11:18:15,16320.1,0
2021-06-21 11:18:20,16319.6,0
2021-06-21 11:18:22,16320.05,0
2021-06-21 11:18:28,16324.1,0
2021-06-21 11:18:30,16325.4,0
2021-06-21 11:18:32,16326.15,0
2021-06-21 11:18:44,16329.25,0
2021-06-21 11:18:46,16328.55,0
2021-06-21 11:18:53,16327.05,0
2021-06-21 11:18:55,16327.3,0
2021-06-21 11:18:56,16325.3,0
2021-06-21 11:18:57,16325.95,0
2021-06-21 11:19:00,16325.7,0
2021-06-21 11:19:02,16325.4,0
2021-06-21 11:19:08,16322.7,0
2021-06-21 11:19:14,16320.65,0
2021-06-21 11:19:16,16321.2,0
2021-06-21 11:19:17,16322.2,0
2021-06-21 11:19:21,16322.0,0
2021-06-21 11:19:23,16323.6,0
2021-06-21 11:19:25,16323.25,0
2021-06-21 11:19:26,16323.55,0
2021-06-21 11:19:28,16322.05,0
2021-06-21 11:19:29,16322.1,0
2021-06-21 11:19:30,16323.2,0
2021-06-21 11:19:31,16322.7,0
2021-06-21 11:19:33,16321.65,0
2021-06-21 11:19:36,16321.1,0
2021-06-21 11:19:37,16320.95,0
2021-06-21 11:19:41,16325.3,0
2021-06-21 11:19:47,16323.45,0
2021-06-21 11:19:49,16321.9,0
2021-06-21 11:19:52,16323.15,0
2021-06-21 11:19:53,16323.5,0
2021-06-21 11:19:58,16325.0,0
2021-06-21 11:20:04,16324.6,0
2021-06-21 11:20:05,16324.3,0
2021-06-21 11:20:06,16324.6,0
2021-06-21 11:20:08,16323.75,0
2021-06-21 11:20:12,16324.35,0
2021-06-21 11:20:17,16322.05,0
2021-06-21 11:20:23,16322.8,0
2021-06-21 11:20:25,16322.7,0
2021-06-21 11:20:26,16322.65,0
2021-06-21 11:20:27,16322.75,0
2021-06-21 11:20:28,16322.8,0
2021-06-21 11:20:36,16322.65,0
2021-06-21 11:20:38,16323.05,0
2021-06-21 11:20:39,16321.15,0
2021-06-21 11:20:44,16318.75,0
2021-06-21 11:20:46,16318.95,0
2021-06-21 11:20:48,16319.5,0
2021-06-21 11:20:52,16319.35,0
2021-06-21 11:20:53,16319.4,0
2021-06-21 11:21:01,16320.4,0
2021-06-21 11:21:02,16320.25,0
2021-06-21 11:21:04,16320.55,0
2021-06-21 11:21:06,16320.8,0
2021-06-21 11:21:10,16323.55,0
2021-06-21 11:21:14,16323.7,0
2021-06-21 11:21:15,16324.5,0
2021-06-21 11:21:16,16323.3,0
2021-06-21 11:21:17,16323.9,0
2021-06-21 11:21:21,16325.35,0
2021-06-21 11:21:22,16325.35,0
2021-06-21 11:21:23,16325.45,0
2021-06-21 11:21:24,16324.9,0
2021-06-21 11:21:25,16324.4,0
2021-06-21 11:21:27,16321.95,0
2021-06-21 11:21:29,16323.45,0
2021-06-21 11:21:34,16322.9,0
2021-06-21 11:21:39,16321.35,0
2021-06-21 11:21:40,16321.05,0
2021-06-21 11:21:45,16322.65,0
2021-06-21 11:21:47,16322.2,0
2021-06-21 11:21:48,16321.15,0
2021-06-21 11:21:50,16321.35,0
2021-06-21 11:21:56,16322.95,0
2021-06-21 11:21:57,16325.0,0
2021-06-21 11:21:58,16325.0,0
2021-06-21 11:22:01,16325.35,0
2021-06-21 11:22:06,16326.05,0
2021-06-21 11:22:08,16327.6,0
2021-06-21 11:22:13,16326.55,0
2021-06-21 11:22:14,16326.35,0
2021-06-21 11:22:15,16326.85,0
2021-06-21 11:22:16,16328.05,0
2021-06-21 11:22:17,16326.5,0
2021-06-21 11:22:18,16326.3,0
2021-06-21 11:22:20,16327.3,0
2021-06-21 11:22:21,16327.35,0
2021-06-21 11:22:39,16325.15,0
2021-06-21 11:22:44,16323.8,0
2021-06-21 11:22:53,16324.4,0
2021-06-21 11:22:56,16324.8,0
2021-06-21 11:22:59,16324.75,0
2021-06-21 11:23:01,16325.1,0
2021-06-21 11:23:06,16324.65,0
2021-06-21 11:23:11,16323.9,0
2021-06-21 11:23:14,16325.1,0
2021-06-21 11:23:18,16324.9,0
2021-06-21 11:23:19,16324.95,0
2021-06-21 11:23:23,16325.1,0
2021-06-21 11:23:24,16324.5,0
2021-06-21 11:23:26,16324.7,0
2021-06-21 11:23:30,16325.2,0
2021-06-21 11:23:32,16325.5,0
2021-06-21 11:23:35,16325.35,0
2021-06-21 11:23:38,16325.75,0
2021-06-21 11:23:42,16329.0,0
2021-06-21 11:23:45,16330.05,0
2021-06-21 11:23:49,16329.15,0
2021-06-21 11:23:50,16328.85,0
2021-06-21 11:23:52,16328.25,0
2021-06-21 11:23:54,16329.5,0
2021-06-21 11:23:56,16330.1,0
2021-06-21 11:23:58,16331.15,0
2021-06-21 11:24:04,16330.55,0
2021-06-21 11:24:07,16331.45,0
2021-06-21 11:24:08,16331.5,0
2021-06-21 11:24:13,16332.95,0
2021-06-21 11:24:18,16331.7,0
2021-06-21 11:24:19,16331.85,0
2021-06-21 11:24:26,16331.15,0
2021-06-21 11:24:31,16331.85,0
2021-06-21 11:24:32,16330.1,0
2021-06-21 11:24:35,16329.75,0
2021-06-21 11:24:36,16328.8,0
2021-06-21 11:24:38,16328.5,0
2021-06-21 11:24:40,16327.95,0
2021-06-21 11:24:45,16328.75,0
2021-06-21 11:24:46,16328.45,0
2021-06-21 11:24:58,16323.25,0
2021-06-21 11:25:06,16324.35,0
2021-06-21 11:25:07,16324.6,0
2021-06-21 11:25:08,16324.3,0
2021-06-21 11:25:09,16325.4,0
2021-06-21 11:25:12,16325.4,0
2021-06-21 11:25:17,16324.85,0
2021-06-21 11:25:18,16326.5,0
2021-06-21 11:25:26,16327.25,0
2021-06-21 11:25:28,16326.4,0
2021-06-21 11:25:32,16326.4,0
2021-06-21 11:25:33,16327.25,0
2021-06-21 11:25:37,16325.75,0
2021-06-21 11:25:38,16324.55,0
2021-06-21 11:25:39,16326.3,0
2021-06-21 11:25:40,16326.05,0
2021-06-21 11:25:41,16325.95,0
2021-06-21 11:25:42,16325.95,0
2021-06-21 11:25:45,16325.95,0
2021-06-21 11:25:48,16323.7,0
2021-06-21 11:25:51,16321.95,0
2021-06-21 11:25:53,16319.95,0
2021-06-21 11:25:56,16323.1,0
2021-06-21 11:25:57,16322.85,0
2021-06-21 11:26:00,16323.35,0
2021-06-21 11:26:01,16322.9,0
2021-06-21 11:26:02,16323.3,0
2021-06-21 11:26:03,16323.85,0
2021-06-21 11:26:04,16323.1,0
2021-06-21 11:26:11,16323.85,0
2021-06-21 11:26:12,16323.4,0
2021-06-21 11:26:14,16324.15,0
2021-06-21 11:26:15,16324.45,0
2021-06-21 11:26:18,16323.85,0
2021-06-21 11:26:19,16323.75,0
2021-06-21 11:26:21,16323.5,0
2021-06-21 11:26:23,16323.1,0
2021-06-21 11:26:24,16323.15,0
2021-06-21 11:26:28,16322.0,0
2021-06-21 11:26:30,16322.05,0
2021-06-21 11:26:31,16322.55,0
2021-06-21 11:26:32,16323.0,0
2021-06-21 11:26:33,16323.15,0
2021-06-21 11:26:35,16322.0,0
2021-06-21 11:26:36,16322.85,0
2021-06-21 11:26:38,16323.4,0
2021-06-21 11:26:42,16321.95,0
2021-06-21 11:26:43,16321.8,0
2021-06-21 11:26:45,16321.75,0
2021-06-21 11:26:51,16323.2,0
2021-06-21 11:26:54,16323.2,0
2021-06-21 11:26:58,16324.8,0
2021-06-21 11:27:05,16324.2,0
2021-06-21 11:27:07,16324.25,0
2021-06-21 11:27:08,16324.6,0
2021-06-21 11:27:10,16324.55,0
2021-06-21 11:27:12,16324.8,0
2021-06-21 11:27:14,16324.25,0
2021-06-21 11:27:21,16323.25,0
2021-06-21 11:27:23,16322.6,0
2021-06-21 11:27:25,16323.55,0
2021-06-21 11:27:30,16324.8,0
2021-06-21 11:27:34,16323.8,0
2021-06-21 11:27:35,16323.8,0
2021-06-21 11:27:41,16324.3,0
2021-06-21 11:27:43,16323.85,0
2021-06-21 11:27:49,16325.45,0
2021-06-21 11:27:50,16325.5,0
2021-06-21 11:27:56,16324.85,0
2021-06-21 11:27:57,16324.6,0
2021-06-21 11:28:03,16323.35,0
2021-06-21 11:28:04,16323.1,0
2021-06-21 11:28:06,16323.25,0
2021-06-21 11:28:07,16324.3,0
2021-06-21 11:28:08,16323.4,0
2021-06-21 11:28:09,16323.75,0
2021-06-21 11:28:10,16323.5,0
2021-06-21 11:28:13,16323.25,0
2021-06-21 11:28:14,16321.9,0
2021-06-21 11:28:17,16322.7,0
2021-06-21 11:28:19,16322.5,0
2021-06-21 11:28:20,16323.0,0
2021-06-21 11:28:27,16321.6,0
2021-06-21 11:28:30,16322.2,0
2021-06-21 11:28:33,16321.35,0
2021-06-21 11:28:37,16321.6,0
2021-06-21 11:28:40,16320.8,0
2021-06-21 11:28:42,16321.2,0
2021-06-21 11:28:45,16323.65,0
2021-06-21 11:28:46,16323.05,0
2021-06-21 11:28:48,16322.95,0
2021-06-21 11:28:50,16322.9,0
2021-06-21 11:28:52,16321.85,0
2021-06-21 11:28:53,16322.9,0
2021-06-21 11:28:56,16324.55,0
2021-06-21 11:28:57,16324.1,0
2021-06-21 11:28:58,16321.9,0
2021-06-21 11:29:00,16323.35,0
2021-06-21 11:29:01,16322.9,0
2021-06-21 11:29:05,16319.65,0
2021-06-21 11:29:06,16318.35,0
2021-06-21 11:29:07,16320.15,0
2021-06-21 11:29:08,16320.05,0
2021-06-21 11:29:09,16319.85,0
2021-06-21 11:29:12,16320.65,0
2021-06-21 11:29:18,16321.1,0
2021-06-21 11:29:23,16321.05,0
2021-06-21 11:29:24,16321.15,0
2021-06-21 11:29:30,16321.7,0
2021-06-21 11:29:32,16321.2,0
2021-06-21 11:29:33,16321.45,0
2021-06-21 11:29:34,16322.0,0
2021-06-21 11:29:38,16320.7,0
2021-06-21 11:29:40,16319.75,0
2021-06-21 11:29:41,16320.15,0
2021-06-21 11:29:43,16321.4,0
2021-06-21 11:29:44,16321.25,0
2021-06-21 11:29:45,16320.85,0
2021-06-21 11:29:46,16320.6,0
2021-06-21 11:29:53,16320.9,0
2021-06-21 11:29:54,16321.15,0
2021-06-21 11:29:56,16320.1,0
2021-06-21 11:30:00,16320.45,0
2021-06-21 11:30:03,16318.95,0
2021-06-21 11:30:06,16319.65,0
2021-06-21 11:30:07,16319.3,0
2021-06-21 11:30:08,16320.3,0
2021-06-21 11:30:13,16320.8,0
2021-06-21 11:30:16,16320.0,0
2021-06-21 11:30:17,16320.95,0
2021-06-21 11:30:19,16320.15,0
2021-06-21 11:30:22,16319.6,0
2021-06-21 11:30:23,16319.45,0
2021-06-21 11:30:26,16321.3,0
2021-06-21 11:30:27,16321.0,0
2021-06-21 11:30:30,16320.5,0
2021-06-21 11:30:32,16319.8,0
2021-06-21 11:30:37,16320.15,0
2021-06-21 11:30:41,16320.1,0
2021-06-21 11:30:42,16319.65,0
2021-06-21 11:30:44,16320.15,0
2021-06-21 11:30:46,16320.9,0
2021-06-21 11:30:49,16320.25,0
2021-06-21 11:30:52,16320.15,0
2021-06-21 11:30:54,16320.15,0
2021-06-21 11:30:55,16323.1,0
2021-06-21 11:30:57,16323.2,0
2021-06-21 11:31:00,16323.4,0
2021-06-21 11:31:02,16323.5,0
2021-06-21 11:31:03,16327.4,0
2021-06-21 11:31:06,16329.2,0
2021-06-21 11:31:10,16329.55,0
2021-06-21 11:31:12,16328.95,0
2021-06-21 11:31:13,16329.8,0
2021-06-21 11:31:14,16329.2,0
2021-06-21 11:31:16,16330.55,0
2021-06-21 11:31:17,16330.8,0
2021-06-21 11:31:23,16331.65,0
2021-06-21 11:31:24,16331.8,0
2021-06-21 11:31:26,16331.25,0
2021-06-21 11:31:29,16328.6,0
2021-06-21 11:31:34,16326.95,0
2021-06-21 11:31:36,16327.25,0
2021-06-21 11:31:39,16328.5,0
2021-06-21 11:31:40,16328.65,0
2021-06-21 11:31:43,16328.55,0
2021-06-21 11:31:44,16328.05,0
2021-06-21 11:31:45,16330.3,0
2021-06-21 11:31:47,16329.95,0
2021-06-21 11:31:48,16328.5,0
2021-06-21 11:31:57,16333.75,0
2021-06-21 11:32:04,16332.15,0
2021-06-21 11:32:10,16330.35,0
2021-06-21 11:32:12,16330.1,0
2021-06-21 11:32:14,16330.5,0
2021-06-21 11:32:15,16331.1,0
2021-06-21 11:32:20,16330.5,0
2021-06-21 11:32:24,16329.05,0
2021-06-21 11:32:26,16329.75,0
2021-06-21 11:32:27,16329.9,0
2021-06-21 11:32:36,16331.05,0
2021-06-21 11:32:38,16329.75,0
2021-06-21 11:32:43,16329.8,0
2021-06-21 11:32:48,16329.05,0
2021-06-21 11:32:51,16328.55,0
2021-06-21 11:32:54,16324.4,0
2021-06-21 11:32:55,16325.35,0
2021-06-21 11:32:57,16325.25,0
2021-06-21 11:32:59,16326.15,0
2021-06-21 11:33:00,16324.8,0
2021-06-21 11:33:03,16324.7,0
2021-06-21 11:33:14,16324.2,0
2021-06-21 11:33:16,16323.4,0
2021-06-21 11:33:17,16322.95,0
2021-06-21 11:33:18,16322.3,0
2021-06-21 11:33:37,16323.1,0
2021-06-21 11:33:42,16321.8,0
2021-06-21 11:33:46,16323.6,0
2021-06-21 11:33:49,16323.2,0
2021-06-21 11:33:52,16322.85,0
2021-06-21 11:33:53,16323.8,0
2021-06-21 11:33:54,16322.95,0
2021-06-21 11:33:58,16324.2,0
2021-06-21 11:34:02,16326.85,0
2021-06-21 11:34:06,16325.95,0
2021-06-21 11:34:09,16326.8,0
2021-06-21 11:34:10,16326.2,0
2021-06-21 11:34:12,16327.35,0
2021-06-21 11:34:23,16325.65,0
2021-06-21 11:34:24,16326.1,0
2021-06-21 11:34:25,16326.15,0
2021-06-21 11:34:26,16325.2,0
2021-06-21 11:34:27,16325.1,0
2021-06-21 11:34:28,16325.65,0
2021-06-21 11:34:30,16325.35,0
2021-06-21 11:34:34,16323.75,0
2021-06-21 11:34:36,16323.55,0
2021-06-21 11:34:41,16324.0,0
2021-06-21 11:34:44,16323.85,0
2021-06-21 11:34:50,16321.9,0
2021-06-21 11:34:51,16323.75,0
2021-06-21 11:34:53,16321.55,0
2021-06-21 11:34:55,16322.65,0
2021-06-21 11:34:56,16323.4,0
2021-06-21 11:34:57,16322.0,0
2021-06-21 11:35:02,16318.05,0
2021-06-21 11:35:06,16318.05,0
2021-06-21 11:35:09,16317.1,0
2021-06-21 11:35:12,16316.45,0
2021-06-21 11:35:16,16320.5,0
2021-06-21 11:35:21,16319.05,0
2021-06-21 11:35:24,16321.0,0
2021-06-21 11:35:26,16320.2,0
2021-06-21 11:35:29,16320.55,0
2021-06-21 11:35:30,16320.5,0
2021-06-21 11:35:31,16320.55,0
2021-06-21 11:35:32,16320.95,0
2021-06-21 11:35:33,16321.2,0
2021-06-21 11:35:34,16320.95,0
2021-06-21 11:35:35,16319.7,0
2021-06-21 11:35:36,16320.25,0
2021-06-21 11:35:39,16321.5,0
2021-06-21 11:35:47,16323.6,0
2021-06-21 11:35:52,16329.35,0
2021-06-21 11:35:53,16329.8,0
2021-06-21 11:35:54,16330.55,0
2021-06-21 11:36:00,16328.55,0
2021-06-21 11:36:04,16329.55,0
2021-06-21 11:36:05,16328.25,0
2021-06-21 11:36:06,16329.5,0
2021-06-21 11:36:12,16326.0,0
2021-06-21 11:36:13,16326.95,0
2021-06-21 11:36:14,16326.2,0
2021-06-21 11:36:17,16326.0,0
2021-06-21 11:36:19,16325.0,0
2021-06-21 11:36:20,16324.75,0
2021-06-21 11:36:21,16324.65,0
2021-06-21 11:36:30,16329.0,0
2021-06-21 11:36:31,16329.15,0
2021-06-21 11:36:35,16327.75,0
2021-06-21 11:36:40,16326.95,0
2021-06-21 11:36:43,16325.95,0
2021-06-21 11:36:51,16327.95,0
2021-06-21 11:36:55,16327.15,0
2021-06-21 11:36:57,16328.15,0
2021-06-21 11:37:00,16327.6,0
2021-06-21 11:37:02,16327.5,0
2021-06-21 11:37:03,16327.85,0
2021-06-21 11:37:04,16327.1,0
2021-06-21 11:37:05,16327.4,0
2021-06-21 11:37:11,16326.8,0
2021-06-21 11:37:21,16327.6,0
2021-06-21 11:37:27,16328.2,0
2021-06-21 11:37:28,16326.6,0
2021-06-21 11:37:30,16328.7,0
2021-06-21 11:37:31,16328.95,0
2021-06-21 11:37:32,16329.95,0
2021-06-21 11:37:34,16328.9,0
2021-06-21 11:37:37,16330.05,0
2021-06-21 11:37:47,16331.0,0
2021-06-21 11:37:52,16331.2,0
2021-06-21 11:38:04,16335.55,0
2021-06-21 11:38:08,16338.2,0
2021-06-21 11:38:09,16338.2,0
2021-06-21 11:38:10,16337.4,0
2021-06-21 11:38:12,16336.55,0
2021-06-21 11:38:13,16337.1,0
2021-06-21 11:38:14,16336.75,0
2021-06-21 11:38:20,16337.1,0
2021-06-21 11:38:26,16333.0,0
2021-06-21 11:38:28,16332.25,0
2021-06-21 11:38:30,16332.05,0
2021-06-21 11:38:31,16332.3,0
2021-06-21 11:38:33,16331.55,0
2021-06-21 11:38:37,16331.45,0
2021-06-21 11:38:38,16330.0,0
2021-06-21 11:38:39,16330.05,0
2021-06-21 11:38:50,16329.35,0
2021-06-21 11:38:51,16329.3,0
2021-06-21 11:38:52,16329.1,0
2021-06-21 11:38:53,16329.15,0
2021-06-21 11:38:57,16329.8,0
2021-06-21 11:39:01,16330.35,0
2021-06-21 11:39:03,16329.85,0
2021-06-21 11:39:05,16330.25,0
2021-06-21 11:39:09,16330.95,0
2021-06-21 11:39:11,16331.6,0
2021-06-21 11:39:12,16331.75,0
2021-06-21 11:39:18,16330.9,0
2021-06-21 11:39:19,16331.3,0
2021-06-21 11:39:22,16330.4,0
2021-06-21 11:39:28,16332.25,0
2021-06-21 11:39:30,16332.0,0
2021-06-21 11:39:35,16329.55,0
2021-06-21 11:39:38,16330.25,0
2021-06-21 11:39:40,16330.1,0
2021-06-21 11:39:42,16330.35,0
2021-06-21 11:39:45,16330.75,0
2021-06-21 11:39:46,16331.45,0
2021-06-21 11:39:49,16330.5,0
2021-06-21 11:39:53,16330.75,0
2021-06-21 11:39:55,16331.25,0
2021-06-21 11:39:59,16337.3,0
2021-06-21 11:40:04,16336.9,0
2021-06-21 11:40:07,16337.35,0
2021-06-21 11:40:09,16337.05,0
2021-06-21 11:40:10,16337.25,0
2021-06-21 11:40:11,16337.3,0
2021-06-21 11:40:13,16333.95,0
2021-06-21 11:40:14,16334.15,0
2021-06-21 11:40:16,16332.85,0
2021-06-21 11:40:20,16331.7,0
2021-06-21 11:40:24,16335.15,0
2021-06-21 11:40:25,16335.85,0
2021-06-21 11:40:29,16334.15,0
2021-06-21 11:40:32,16335.2,0
2021-06-21 11:40:38,16336.6,0
2021-06-21 11:40:41,16335.95,0
2021-06-21 11:40:43,16335.25,0
2021-06-21 11:40:44,16335.25,0
2021-06-21 11:40:49,16337.45,0
2021-06-21 11:40:50,16337.15,0
2021-06-21 11:40:54,16335.95,0
2021-06-21 11:40:59,16337.15,0
2021-06-21 11:41:00,16336.75,0
2021-06-21 11:41:04,16336.1,0
2021-06-21 11:41:05,16336.15,0
2021-06-21 11:41:06,16337.8,0
2021-06-21 11:41:10,16337.2,0
2021-06-21 11:41:12,16337.45,0
2021-06-21 11:41:15,16336.8,0
2021-06-21 11:41:20,16335.5,0
2021-06-21 11:41:21,16335.8,0
2021-06-21 11:41:22,16335.85,0
2021-06-21 11:41:28,16335.0,0
2021-06-21 11:41:30,16335.5,0
2021-06-21 11:41:32,16335.45,0
2021-06-21 11:41:36,16335.05,0
2021-06-21 11:41:38,16334.1,0
2021-06-21 11:41:39,16334.4,0
2021-06-21 11:41:43,16334.5,0
2021-06-21 11:41:48,16334.3,0
2021-06-21 11:41:49,16333.25,0
2021-06-21 11:41:52,16334.55,0
2021-06-21 11:41:57,16333.4,0
2021-06-21 11:41:58,16333.25,0
2021-06-21 11:42:00,16334.25,0
2021-06-21 11:42:01,16334.15,0
2021-06-21 11:42:06,16334.6,0
2021-06-21 11:42:07,16334.9,0
2021-06-21 11:42:10,16334.4,0
2021-06-21 11:42:12,16334.45,0
2021-06-21 11:42:14,16334.25,0
2021-06-21 11:42:16,16333.45,0
2021-06-21 11:42:18,16332.95,0
2021-06-21 11:42:19,16332.15,0
2021-06-21 11:42:21,16330.2,0
2021-06-21 11:42:24,16329.8,0
2021-06-21 11:42:25,16329.85,0
2021-06-21 11:42:26,16330.1,0
2021-06-21 11:42:29,16330.05,0
2021-06-21 11:42:30,16330.3,0
2021-06-21 11:42:34,16329.7,0
2021-06-21 11:42:35,16330.65,0
2021-06-21 11:42:40,16329.85,0
2021-06-21 11:42:44,16330.0,0
2021-06-21 11:42:46,16329.85,0
2021-06-21 11:42:47,16330.3,0
2021-06-21 11:42:49,16330.85,0
2021-06-21 11:42:50,16330.15,0
2021-06-21 11:42:51,16329.9,0
2021-06-21 11:42:53,16331.5,0
2021-06-21 11:42:59,16333.9,0
2021-06-21 11:43:00,16334.0,0
2021-06-21 11:43:02,16332.9,0
2021-06-21 11:43:04,16333.65,0
2021-06-21 11:43:08,16333.6,0
2021-06-21 11:43:09,16334.0,0
2021-06-21 11:43:11,16333.65,0
2021-06-21 11:43:14,16334.2,0
2021-06-21 11:43:16,16334.4,0
2021-06-21 11:43:17,16334.1,0
2021-06-21 11:43:20,16334.45,0
2021-06-21 11:43:22,16334.6,0
2021-06-21 11:43:25,16334.5,0
2021-06-21 11:43:27,16334.9,0
2021-06-21 11:43:29,16334.8,0
2021-06-21 11:43:30,16333.85,0
2021-06-21 11:43:31,16334.65,0
2021-06-21 11:43:34,16334.75,0
2021-06-21 11:43:37,16334.25,0
2021-06-21 11:43:38,16333.85,0
2021-06-21 11:43:41,16334.15,0
2021-06-21 11:43:42,16333.9,0
2021-06-21 11:43:43,16334.0,0
2021-06-21 11:43:45,16339.55,0
2021-06-21 11:43:50,16339.8,0
2021-06-21 11:43:57,16340.8,0
2021-06-21 11:44:01,16340.35,0
2021-06-21 11:44:06,16338.15,0
2021-06-21 11:44:10,16338.5,0
2021-06-21 11:44:13,16338.7,0
2021-06-21 11:44:17,16337.6,0
2021-06-21 11:44:20,16337.0,0
2021-06-21 11:44:21,16336.3,0
2021-06-21 11:44:22,16336.5,0
2021-06-21 11:44:23,16336.35,0
2021-06-21 11:44:27,16335.6,0
2021-06-21 11:44:31,16335.75,0
2021-06-21 11:44:34,16335.75,0
2021-06-21 11:44:39,16335.6,0
2021-06-21 11:44:43,16335.4,0
2021-06-21 11:44:44,16335.1,0
2021-06-21 11:44:45,16334.9,0
2021-06-21 11:44:48,16334.4,0
2021-06-21 11:44:49,16334.55,0
2021-06-21 11:44:55,16333.85,0
2021-06-21 11:44:56,16333.35,0
2021-06-21 11:45:03,16334.5,0
2021-06-21 11:45:05,16333.85,0
2021-06-21 11:45:06,16334.85,0
2021-06-21 11:45:07,16334.6,0
2021-06-21 11:45:08,16334.6,0
2021-06-21 11:45:14,16334.45,0
2021-06-21 11:45:18,16335.3,0
2021-06-21 11:45:19,16334.85,0
2021-06-21 11:45:22,16333.95,0
2021-06-21 11:45:24,16334.3,0
2021-06-21 11:45:31,16334.4,0
2021-06-21 11:45:34,16333.4,0
2021-06-21 11:45:38,16333.7,0
2021-06-21 11:45:40,16333.3,0
2021-06-21 11:45:43,16333.85,0
2021-06-21 11:45:44,16333.65,0
2021-06-21 11:45:46,16334.25,0
2021-06-21 11:45:47,16334.1,0
2021-06-21 11:45:48,16334.5,0
2021-06-21 11:45:51,16334.0,0
2021-06-21 11:45:55,16334.65,0
2021-06-21 11:45:56,16335.45,0
2021-06-21 11:45:59,16336.05,0
2021-06-21 11:46:00,16336.1,0
2021-06-21 11:46:04,16336.6,0
2021-06-21 11:46:10,16337.9,0
2021-06-21 11:46:13,16338.2,0
2021-06-21 11:46:14,16337.75,0
2021-06-21 11:46:15,16339.1,0
2021-06-21 11:46:19,16340.1,0
2021-06-21 11:46:23,16339.95,0
2021-06-21 11:46:24,16339.95,0
2021-06-21 11:46:25,16340.3,0
2021-06-21 11:46:30,16341.05,0
2021-06-21 11:46:33,16340.2,0
2021-06-21 11:46:35,16340.7,0
2021-06-21 11:46:36,16341.35,0
2021-06-21 11:46:38,16341.1,0
2021-06-21 11:46:39,16341.45,0
2021-06-21 11:46:52,16343.6,0
2021-06-21 11:46:53,16344.1,0
2021-06-21 11:46:55,16344.35,0
2021-06-21 11:46:57,16344.35,0
2021-06-21 11:46:58,16344.5,0
2021-06-21 11:47:02,16344.25,0
2021-06-21 11:47:05,16344.55,0
2021-06-21 11:47:07,16344.55,0
2021-06-21 11:47:10,16342.95,0
2021-06-21 11:47:11,16343.15,0
2021-06-21 11:47:13,16342.65,0
2021-06-21 11:47:14,16341.45,0
2021-06-21 11:47:18,16341.25,0
2021-06-21 11:47:24,16340.45,0
2021-06-21 11:47:27,16342.65,0
2021-06-21 11:47:32,16340.6,0
2021-06-21 11:47:36,16342.05,0
2021-06-21 11:47:37,16341.4,0
2021-06-21 11:47:39,16340.45,0
2021-06-21 11:47:43,16340.9,0
2021-06-21 11:47:49,16339.45,0
2021-06-21 11:47:51,16340.15,0
2021-06-21 11:47:54,16340.2,0
2021-06-21 11:47:55,16340.25,0
2021-06-21 11:47:57,16340.6,0
2021-06-21 11:48:06,16340.0,0
2021-06-21 11:48:07,16339.8,0
2021-06-21 11:48:08,16340.2,0
2021-06-21 11:48:09,16339.8,0
2021-06-21 11:48:10,16339.9,0
2021-06-21 11:48:11,16340.1,0
2021-06-21 11:48:17,16340.3,0
2021-06-21 11:48:19,16340.25,0
2021-06-21 11:48:21,16338.0,0
2021-06-21 11:48:22,16338.1,0
2021-06-21 11:48:27,16338.1,0
2021-06-21 11:48:28,16338.4,0
2021-06-21 11:48:32,16337.6,0
2021-06-21 11:48:34,16338.6,0
2021-06-21 11:48:37,16339.3,0
2021-06-21 11:48:43,16341.5,0
2021-06-21 11:48:44,16341.05,0
2021-06-21 11:48:45,16340.4,0
2021-06-21 11:48:47,16341.15,0
2021-06-21 11:48:48,16341.3,0
2021-06-21 11:48:49,16341.45,0
2021-06-21 11:48:52,16341.25,0
2021-06-21 11:48:55,16339.25,0
2021-06-21 11:49:02,16342.3,0
2021-06-21 11:49:03,16342.0,0
2021-06-21 11:49:05,16341.85,0
2021-06-21 11:49:07,16341.6,0
2021-06-21 11:49:08,16341.4,0
2021-06-21 11:49:10,16341.55,0
2021-06-21 11:49:11,16341.85,0
2021-06-21 11:49:14,16341.5,0
2021-06-21 11:49:17,16340.5,0
2021-06-21 11:49:19,16341.0,0
2021-06-21 11:49:20,16340.3,0
2021-06-21 11:49:21,16340.15,0
2021-06-21 11:49:22,16339.7,0
2021-06-21 11:49:28,16339.3,0
2021-06-21 11:49:30,16340.1,0
2021-06-21 11:49:34,16338.55,0
2021-06-21 11:49:35,16338.0,0
2021-06-21 11:49:38,16338.95,0
2021-06-21 11:49:40,16338.25,0
2021-06-21 11:49:45,16339.3,0
2021-06-21 11:49:49,16340.0,0
2021-06-21 11:49:50,16340.35,0
2021-06-21 11:49:51,16340.25,0
2021-06-21 11:49:52,16338.65,0
2021-06-21 11:49:58,16340.2,0
2021-06-21 11:50:00,16339.35,0
2021-06-21 11:50:01,16338.45,0
2021-06-21 11:50:02,16339.05,0
2021-06-21 11:50:05,16340.2,0
2021-06-21 11:50:07,16340.25,0
2021-06-21 11:50:08,16339.85,0
2021-06-21 11:50:14,16339.4,0
2021-06-21 11:50:15,16339.15,0
2021-06-21 11:50:16,16339.35,0
2021-06-21 11:50:18,16339.6,0
2021-06-21 11:50:25,16340.0,0
2021-06-21 11:50:26,16340.55,0
2021-06-21 11:50:27,16340.55,0
2021-06-21 11:50:30,16340.55,0
2021-06-21 11:50:33,16340.6,0
2021-06-21 11:50:36,16341.4,0
2021-06-21 11:50:37,16341.55,0
2021-06-21 11:50:40,16340.75,0
2021-06-21 11:50:42,16338.4,0
2021-06-21 11:50:43,16338.5,0
2021-06-21 11:50:57,16338.2,0
2021-06-21 11:50:58,16337.75,0
2021-06-21 11:50:59,16336.9,0
2021-06-21 11:51:00,16336.65,0
2021-06-21 11:51:06,16337.45,0
2021-06-21 11:51:07,16337.4,0
2021-06-21 11:51:08,16337.35,0
2021-06-21 11:51:09,16338.55,0
2021-06-21 11:51:10,16339.3,0
2021-06-21 11:51:11,16338.9,0
2021-06-21 11:51:14,16340.2,0
2021-06-21 11:51:15,16339.8,0
2021-06-21 11:51:22,16340.35,0
2021-06-21 11:51:23,16340.4,0
2021-06-21 11:51:28,16341.1,0
2021-06-21 11:51:31,16345.0,0
2021-06-21 11:51:32,16346.6,0
2021-06-21 11:51:37,16345.8,0
2021-06-21 11:51:38,16345.0,0
2021-06-21 11:51:45,16345.1,0
2021-06-21 11:51:52,16341.4,0
2021-06-21 11:51:53,16340.9,0
2021-06-21 11:51:54,16341.05,0
2021-06-21 11:51:59,16340.3,0
2021-06-21 11:52:00,16341.7,0
2021-06-21 11:52:01,16341.7,0
2021-06-21 11:52:05,16340.85,0
2021-06-21 11:52:08,16341.2,0
2021-06-21 11:52:10,16340.0,0
2021-06-21 11:52:14,16339.9,0
2021-06-21 11:52:16,16339.2,0
2021-06-21 11:52:17,16340.2,0
2021-06-21 11:52:18,16340.4,0
2021-06-21 11:52:22,16340.6,0
2021-06-21 11:52:24,16341.1,0
2021-06-21 11:52:27,16341.05,0
2021-06-21 11:52:28,16341.25,0
2021-06-21 11:52:29,16342.05,0
2021-06-21 11:52:33,16341.0,0
2021-06-21 11:52:37,16340.7,0
2021-06-21 11:52:42,16336.0,0
2021-06-21 11:52:44,16337.05,0
2021-06-21 11:52:48,16335.9,0
2021-06-21 11:52:57,16336.7,0
2021-06-21 11:53:02,16337.45,0
2021-06-21 11:53:08,16339.45,0
2021-06-21 11:53:10,16338.9,0
2021-06-21 11:53:12,16338.85,0
2021-06-21 11:53:14,16339.75,0
2021-06-21 11:53:15,16339.8,0
2021-06-21 11:53:16,16340.35,0
2021-06-21 11:53:21,16339.6,0
2021-06-21 11:53:25,16339.95,0
2021-06-21 11:53:28,16340.55,0
2021-06-21 11:53:36,16339.75,0
2021-06-21 11:53:39,16338.35,0
2021-06-21 11:53:40,16339.1,0
2021-06-21 11:53:41,16338.75,0
2021-06-21 11:53:45,16339.85,0
2021-06-21 11:53:46,16339.95,0
2021-06-21 11:53:47,16341.0,0
2021-06-21 11:53:55,16341.45,0
2021-06-21 11:53:57,16343.15,0
2021-06-21 11:54:04,16342.3,0
2021-06-21 11:54:07,16343.5,0
2021-06-21 11:54:09,16343.3,0
2021-06-21 11:54:11,16342.05,0
2021-06-21 11:54:17,16342.45,0
2021-06-21 11:54:20,16342.0,0
2021-06-21 11:54:21,16342.1,0
2021-06-21 11:54:27,16342.4,0
2021-06-21 11:54:32,16343.05,0
2021-06-21 11:54:36,16342.75,0
2021-06-21 11:54:38,16341.6,0
2021-06-21 11:54:41,16343.6,0
2021-06-21 11:54:42,16344.35,0
2021-06-21 11:54:44,16344.85,0
2021-06-21 11:54:45,16344.9,0
2021-06-21 11:54:46,16344.85,0
2021-06-21 11:54:50,16345.3,0
2021-06-21 11:54:55,16345.4,0
2021-06-21 11:55:01,16345.0,0
2021-06-21 11:55:08,16344.4,0
2021-06-21 11:55:12,16344.05,0
2021-06-21 11:55:13,16343.65,0
2021-06-21 11:55:16,16344.0,0
2021-06-21 11:55:18,16343.65,0
2021-06-21 11:55:20,16343.45,0
2021-06-21 11:55:24,16355.05,0
2021-06-21 11:55:31,16349.0,0
2021-06-21 11:55:33,16348.05,0
2021-06-21 11:55:36,16347.1,0
2021-06-21 11:55:38,16345.9,0
2021-06-21 11:55:49,16344.0,0
2021-06-21 11:55:50,16344.0,0
2021-06-21 11:55:51,16342.85,0
2021-06-21 11:55:52,16342.85,0
2021-06-21 11:55:55,16342.45,0
2021-06-21 11:55:57,16342.6,0
2021-06-21 11:55:58,16343.3,0
2021-06-21 11:56:02,16342.45,0
2021-06-21 11:56:03,16342.8,0
2021-06-21 11:56:06,16343.55,0
2021-06-21 11:56:11,16343.0,0
2021-06-21 11:56:16,16344.3,0
2021-06-21 11:56:21,16343.65,0
2021-06-21 11:56:25,16343.3,0
2021-06-21 11:56:28,16343.6,0
2021-06-21 11:56:38,16344.1,0
2021-06-21 11:56:43,16343.6,0
2021-06-21 11:56:47,16342.9,0
2021-06-21 11:56:49,16344.65,0
2021-06-21 11:56:50,16343.35,0
2021-06-21 11:56:51,16343.1,0
2021-06-21 11:56:57,16341.8,0
2021-06-21 11:56:58,16339.9,0
2021-06-21 11:56:59,16342.35,0
2021-06-21 11:57:00,16342.6,0
2021-06-21 11:57:01,16342.0,0
2021-06-21 11:57:02,16341.35,0
2021-06-21 11:57:03,16341.1,0
2021-06-21 11:57:06,16342.65,0
2021-06-21 11:57:07,16342.95,0
2021-06-21 11:57:10,16342.5,0
2021-06-21 11:57:11,16342.15,0
2021-06-21 11:57:12,16342.05,0
2021-06-21 11:57:13,16341.7,0
2021-06-21 11:57:15,16342.4,0
2021-06-21 11:57:17,16342.65,0
2021-06-21 11:57:20,16341.35,0
2021-06-21 11:57:22,16341.9,0
2021-06-21 11:57:24,16341.9,0
2021-06-21 11:57:26,16342.15,0
2021-06-21 11:57:30,16341.9,0
2021-06-21 11:57:32,16342.6,0
2021-06-21 11:57:38,16343.05,0
2021-06-21 11:57:40,16343.7,0
2021-06-21 11:57:42,16343.3,0
2021-06-21 11:57:46,16342.8,0
2021-06-21 11:57:48,16345.9,0
2021-06-21 11:57:49,16346.6,0
2021-06-21 11:57:52,16344.45,0
2021-06-21 11:57:53,16345.5,0
2021-06-21 11:57:55,16346.0,0
2021-06-21 11:58:11,16344.75,0
2021-06-21 11:58:12,16344.8,0
2021-06-21 11:58:16,16345.65,0
2021-06-21 11:58:18,16346.45,0
2021-06-21 11:58:19,16346.15,0
2021-06-21 11:58:24,16347.45,0
2021-06-21 11:58:25,16347.35,0
2021-06-21 11:58:28,16347.85,0
2021-06-21 11:58:30,16348.75,0
2021-06-21 11:58:33,16348.1,0
2021-06-21 11:58:35,16345.7,0
2021-06-21 11:58:36,16346.35,0
2021-06-21 11:58:37,16348.1,0
2021-06-21 11:58:39,16347.0,0
2021-06-21 11:58:40,16346.25,0
2021-06-21 11:58:44,16346.3,0
2021-06-21 11:58:46,16346.0,0
2021-06-21 11:58:47,16345.55,0
2021-06-21 11:58:54,16344.65,0
2021-06-21 11:58:55,16345.8,0
2021-06-21 11:58:59,16344.0,0
2021-06-21 11:59:00,16344.05,0
2021-06-21 11:59:05,16343.6,0
2021-06-21 11:59:08,16343.3,0
2021-06-21 11:59:11,16343.25,0
2021-06-21 11:59:15,16342.4,0
2021-06-21 11:59:19,16341.35,0
2021-06-21 11:59:21,16340.6,0
2021-06-21 11:59:26,16340.25,0
2021-06-21 11:59:27,16339.05,0
2021-06-21 11:59:28,16338.25,0
2021-06-21 11:59:29,16340.55,0
2021-06-21 11:59:36,16339.5,0
2021-06-21 11:59:40,16338.1,0
2021-06-21 11:59:41,16337.6,0
2021-06-21 11:59:42,16337.3,0
2021-06-21 11:59:48,16337.15,0
2021-06-21 11:59:49,16337.4,0
2021-06-21 11:59:58,16334.15,0
2021-06-21 12:00:03,16333.65,0
2021-06-21 12:00:04,16333.15,0
2021-06-21 12:00:06,16334.85,0
2021-06-21 12:00:08,16334.15,0
2021-06-21 12:00:09,16333.8,0
2021-06-21 12:00:11,16333.3,0
2021-06-21 12:00:16,16332.45,0
2021-06-21 12:00:19,16329.85,0
2021-06-21 12:00:25,16327.55,0
2021-06-21 12:00:26,16329.8,0
2021-06-21 12:00:27,16329.75,0
2021-06-21 12:00:33,16328.75,0
2021-06-21 12:00:34,16329.2,0
2021-06-21 12:00:35,16328.15,0
2021-06-21 12:00:36,16328.45,0
2021-06-21 12:00:45,16328.1,0
2021-06-21 12:00:58,16328.05,0
2021-06-21 12:00:59,16328.15,0
2021-06-21 12:01:00,16328.45,0
2021-06-21 12:01:03,16326.15,0
2021-06-21 12:01:08,16327.15,0
2021-06-21 12:01:10,16328.75,0
2021-06-21 12:01:13,16330.5,0
2021-06-21 12:01:17,16332.4,0
2021-06-21 12:01:18,16332.25,0
2021-06-21 12:01:19,16332.8,0
2021-06-21 12:01:22,16331.0,0
2021-06-21 12:01:27,16330.9,0
2021-06-21 12:01:28,16330.65,0
2021-06-21 12:01:32,16331.05,0
2021-06-21 12:01:36,16331.0,0
2021-06-21 12:01:45,16329.55,0
2021-06-21 12:01:47,16330.35,0
2021-06-21 12:01:50,16329.35,0
2021-06-21 12:01:54,16327.75,0
2021-06-21 12:01:58,16326.85,0
2021-06-21 12:02:07,16326.2,0
2021-06-21 12:02:08,16326.2,0
2021-06-21 12:02:11,16324.8,0
2021-06-21 12:02:12,16325.7,0
2021-06-21 12:02:13,16326.0,0
2021-06-21 12:02:14,16325.7,0
2021-06-21 12:02:18,16324.3,0
2021-06-21 12:02:27,16326.3,0
2021-06-21 12:02:28,16325.0,0
2021-06-21 12:02:33,16324.2,0
2021-06-21 12:02:34,16324.3,0
2021-06-21 12:02:38,16324.95,0
2021-06-21 12:02:40,16324.1,0
2021-06-21 12:02:41,16323.8,0
2021-06-21 12:02:44,16323.1,0
2021-06-21 12:02:48,16321.5,0
2021-06-21 12:02:49,16321.5,0
2021-06-21 12:02:50,16320.25,0
2021-06-21 12:02:51,16320.95,0
2021-06-21 12:02:57,16322.95,0
2021-06-21 12:02:58,16322.4,0
2021-06-21 12:03:00,16323.25,0
2021-06-21 12:03:03,16325.45,0
2021-06-21 12:03:05,16325.3,0
2021-06-21 12:03:06,16326.8,0
2021-06-21 12:03:07,16326.6,0
2021-06-21 12:03:08,16326.05,0
2021-06-21 12:03:09,16325.65,0
2021-06-21 12:03:13,16327.7,0
2021-06-21 12:03:17,16326.85,0
2021-06-21 12:03:18,16327.9,0
2021-06-21 12:03:20,16327.5,0
2021-06-21 12:03:27,16329.1,0
2021-06-21 12:03:29,16328.1,0
2021-06-21 12:03:30,16327.85,0
2021-06-21 12:03:32,16327.9,0
2021-06-21 12:03:40,16324.9,0
2021-06-21 12:03:43,16324.2,0
2021-06-21 12:03:44,16324.65,0
2021-06-21 12:03:45,16325.3,0
2021-06-21 12:03:46,16325.05,0
2021-06-21 12:03:47,16325.6,0
2021-06-21 12:03:48,16325.75,0
2021-06-21 12:03:51,16326.85,0
2021-06-21 12:03:52,16326.3,0
2021-06-21 12:03:55,16326.65,0
2021-06-21 12:04:00,16326.55,0
2021-06-21 12:04:01,16326.0,0
2021-06-21 12:04:05,16325.85,0
2021-06-21 12:04:07,16325.95,0
2021-06-21 12:04:13,16325.25,0
2021-06-21 12:04:14,16324.65,0
2021-06-21 12:04:19,16324.95,0
2021-06-21 12:04:25,16325.2,0
2021-06-21 12:04:26,16325.05,0
2021-06-21 12:04:27,16325.5,0
2021-06-21 12:04:28,16324.95,0
2021-06-21 12:04:29,16325.6,0
2021-06-21 12:04:30,16326.8,0
2021-06-21 12:04:32,16326.55,0
2021-06-21 12:04:36,16326.2,0
2021-06-21 12:04:37,16325.9,0
2021-06-21 12:04:38,16325.55,0
2021-06-21 12:04:43,16325.55,0
2021-06-21 12:04:46,16325.25,0
2021-06-21 12:04:47,16325.75,0
2021-06-21 12:04:49,16325.5,0
2021-06-21 12:04:51,16325.1,0
2021-06-21 12:04:55,16325.6,0
2021-06-21 12:04:57,16324.85,0
2021-06-21 12:05:01,16324.95,0
2021-06-21 12:05:03,16324.3,0
2021-06-21 12:05:04,16323.35,0
2021-06-21 12:05:09,16324.5,0
2021-06-21 12:05:13,16325.8,0
2021-06-21 12:05:19,16327.55,0
2021-06-21 12:05:20,16327.85,0
2021-06-21 12:05:23,16326.25,0
2021-06-21 12:05:26,16328.3,0
2021-06-21 12:05:32,16329.05,0
2021-06-21 12:05:34,16328.65,0
2021-06-21 12:05:39,16328.95,0
2021-06-21 12:05:42,16329.1,0
2021-06-21 12:05:46,16328.25,0
2021-06-21 12:05:48,16328.15,0
2021-06-21 12:06:01,16332.7,0
