timestamp,ltp,volume
2021-06-21 09:16:41,36093.95,0
2021-06-21 09:16:42,36088.05,0
2021-06-21 09:16:43,36086.9,0
2021-06-21 09:16:45,36097.35,0
2021-06-21 09:16:46,36102.15,0
2021-06-21 09:16:47,36108.15,0
2021-06-21 09:16:48,36103.7,0
2021-06-21 09:16:49,36105.5,0
2021-06-21 09:16:50,36102.4,0
2021-06-21 09:16:51,36108.95,0
2021-06-21 09:16:52,36113.85,0
2021-06-21 09:16:53,36100.55,0
2021-06-21 09:16:54,36106.65,0
2021-06-21 09:16:55,36095.3,0
2021-06-21 09:16:57,36112.95,0
2021-06-21 09:16:58,36113.05,0
2021-06-21 09:16:59,36117.4,0
2021-06-21 09:17:00,36122.4,0
2021-06-21 09:17:01,36123.0,0
2021-06-21 09:17:03,36115.5,0
2021-06-21 09:17:04,36112.55,0
2021-06-21 09:17:06,36119.95,0
2021-06-21 09:17:07,36131.45,0
2021-06-21 09:17:09,36124.8,0
2021-06-21 09:17:11,36120.9,0
2021-06-21 09:17:12,36119.45,0
2021-06-21 09:17:13,36120.85,0
2021-06-21 09:17:14,36125.8,0
2021-06-21 09:17:15,36114.9,0
2021-06-21 09:17:16,36116.95,0
2021-06-21 09:17:17,36121.6,0
2021-06-21 09:17:18,36116.65,0
2021-06-21 09:17:19,36109.8,0
2021-06-21 09:17:21,36114.4,0
2021-06-21 09:17:23,36119.9,0
2021-06-21 09:17:24,36125.05,0
2021-06-21 09:17:25,36121.15,0
2021-06-21 09:17:26,36119.05,0
2021-06-21 09:17:27,36117.0,0
2021-06-21 09:17:28,36110.95,0
2021-06-21 09:17:29,36122.75,0
2021-06-21 09:17:30,36116.65,0
2021-06-21 09:17:31,36111.15,0
2021-06-21 09:17:32,36111.25,0
2021-06-21 09:17:33,36116.65,0
2021-06-21 09:17:34,36116.5,0
2021-06-21 09:17:35,36128.9,0
2021-06-21 09:17:36,36125.3,0
2021-06-21 09:17:37,36130.25,0
2021-06-21 09:17:38,36121.85,0
2021-06-21 09:17:39,36125.2,0
2021-06-21 09:17:40,36124.3,0
2021-06-21 09:17:41,36132.6,0
2021-06-21 09:17:43,36132.75,0
2021-06-21 09:17:44,36137.75,0
2021-06-21 09:17:46,36136.1,0
2021-06-21 09:17:47,36135.45,0
2021-06-21 09:17:48,36144.45,0
2021-06-21 09:17:49,36137.4,0
2021-06-21 09:17:50,36144.25,0
2021-06-21 09:17:52,36149.35,0
2021-06-21 09:17:53,36145.9,0
2021-06-21 09:17:54,36143.35,0
2021-06-21 09:17:55,36146.85,0
2021-06-21 09:17:56,36145.35,0
2021-06-21 09:17:57,36145.75,0
2021-06-21 09:17:58,36146.8,0
2021-06-21 09:17:59,36144.45,0
2021-06-21 09:18:00,36142.0,0
2021-06-21 09:18:01,36142.15,0
2021-06-21 09:18:02,36142.85,0
2021-06-21 09:18:03,36145.1,0
2021-06-21 09:18:04,36145.65,0
2021-06-21 09:18:05,36145.9,0
2021-06-21 09:18:08,36140.1,0
2021-06-21 09:18:09,36146.4,0
2021-06-21 09:18:10,36135.25,0
2021-06-21 09:18:11,36143.45,0
2021-06-21 09:18:12,36141.65,0
2021-06-21 09:18:13,36138.2,0
2021-06-21 09:18:15,36149.05,0
2021-06-21 09:18:16,36150.45,0
2021-06-21 09:18:17,36154.75,0
2021-06-21 09:18:18,36152.45,0
2021-06-21 09:18:20,36147.55,0
2021-06-21 09:18:21,36144.1,0
2021-06-21 09:18:30,36152.3,0
2021-06-21 09:18:31,36154.95,0
2021-06-21 09:18:32,36156.35,0
2021-06-21 09:18:33,36160.15,0
2021-06-21 09:18:36,36160.3,0
2021-06-21 09:18:37,36159.95,0
2021-06-21 09:18:38,36160.9,0
2021-06-21 09:18:39,36163.1,0
2021-06-21 09:18:40,36167.6,0
2021-06-21 09:18:42,36169.9,0
2021-06-21 09:18:43,36168.0,0
2021-06-21 09:18:44,36166.9,0
2021-06-21 09:18:45,36175.2,0
2021-06-21 09:18:46,36181.35,0
2021-06-21 09:18:47,36173.2,0
2021-06-21 09:18:48,36178.85,0
2021-06-21 09:18:50,36189.75,0
2021-06-21 09:18:51,36186.85,0
2021-06-21 09:18:52,36190.15,0
2021-06-21 09:18:53,36188.45,0
2021-06-21 09:18:54,36194.0,0
2021-06-21 09:18:55,36186.35,0
2021-06-21 09:18:56,36192.55,0
2021-06-21 09:18:57,36191.9,0
2021-06-21 09:18:58,36194.2,0
2021-06-21 09:19:00,36195.65,0
2021-06-21 09:19:01,36194.45,0
2021-06-21 09:19:02,36208.1,0
2021-06-21 09:19:03,36225.85,0
2021-06-21 09:19:05,36214.5,0
2021-06-21 09:19:06,36222.3,0
2021-06-21 09:19:07,36224.3,0
2021-06-21 09:19:08,36222.25,0
2021-06-21 09:19:09,36223.2,0
2021-06-21 09:19:10,36222.4,0
2021-06-21 09:19:11,36228.5,0
2021-06-21 09:19:12,36228.35,0
2021-06-21 09:19:15,36228.3,0
2021-06-21 09:19:16,36234.45,0
2021-06-21 09:19:17,36242.35,0
2021-06-21 09:19:18,36241.55,0
2021-06-21 09:19:19,36239.15,0
2021-06-21 09:19:20,36233.9,0
2021-06-21 09:19:21,36241.85,0
2021-06-21 09:19:22,36238.4,0
2021-06-21 09:19:23,36240.8,0
2021-06-21 09:19:24,36236.45,0
2021-06-21 09:19:25,36239.7,0
2021-06-21 09:19:28,36243.3,0
2021-06-21 09:19:30,36255.15,0
2021-06-21 09:19:31,36260.4,0
2021-06-21 09:19:32,36263.25,0
2021-06-21 09:19:33,36258.85,0
2021-06-21 09:19:34,36262.45,0
2021-06-21 09:19:37,36265.6,0
2021-06-21 09:19:38,36266.2,0
2021-06-21 09:19:39,36261.25,0
2021-06-21 09:19:41,36254.8,0
2021-06-21 09:19:42,36258.25,0
2021-06-21 09:19:44,36257.35,0
2021-06-21 09:19:45,36260.15,0
2021-06-21 09:19:46,36260.2,0
2021-06-21 09:19:47,36252.75,0
2021-06-21 09:19:48,36247.75,0
2021-06-21 09:19:49,36249.3,0
2021-06-21 09:19:52,36254.7,0
2021-06-21 09:19:53,36257.95,0
2021-06-21 09:19:54,36254.35,0
2021-06-21 09:19:55,36251.65,0
2021-06-21 09:19:56,36250.6,0
2021-06-21 09:19:57,36244.35,0
2021-06-21 09:19:58,36247.4,0
2021-06-21 09:20:00,36253.45,0
2021-06-21 09:20:01,36253.55,0
2021-06-21 09:20:02,36245.1,0
2021-06-21 09:20:03,36253.15,0
2021-06-21 09:20:04,36253.45,0
2021-06-21 09:20:05,36245.85,0
2021-06-21 09:20:06,36241.75,0
2021-06-21 09:20:07,36242.85,0
2021-06-21 09:20:09,36218.55,0
2021-06-21 09:20:10,36213.65,0
2021-06-21 09:20:11,36205.45,0
2021-06-21 09:20:12,36205.2,0
2021-06-21 09:20:13,36205.1,0
2021-06-21 09:20:14,36199.5,0
2021-06-21 09:20:15,36195.9,0
2021-06-21 09:20:16,36195.25,0
2021-06-21 09:20:17,36196.6,0
2021-06-21 09:20:18,36199.35,0
2021-06-21 09:20:19,36206.15,0
2021-06-21 09:20:20,36202.55,0
2021-06-21 09:20:21,36204.4,0
2021-06-21 09:20:22,36209.2,0
2021-06-21 09:20:23,36206.9,0
2021-06-21 09:20:24,36202.75,0
2021-06-21 09:20:27,36207.0,0
2021-06-21 09:20:28,36210.15,0
2021-06-21 09:20:30,36214.8,0
2021-06-21 09:20:33,36228.95,0
2021-06-21 09:20:35,36222.8,0
2021-06-21 09:20:36,36224.1,0
2021-06-21 09:20:37,36230.25,0
2021-06-21 09:20:38,36234.05,0
2021-06-21 09:20:40,36233.0,0
2021-06-21 09:20:42,36240.25,0
2021-06-21 09:20:44,36237.65,0
2021-06-21 09:20:45,36244.0,0
2021-06-21 09:20:46,36240.05,0
2021-06-21 09:20:48,36237.8,0
2021-06-21 09:20:49,36236.25,0
2021-06-21 09:20:50,36239.2,0
2021-06-21 09:20:51,36239.6,0
2021-06-21 09:20:52,36237.65,0
2021-06-21 09:20:53,36237.15,0
2021-06-21 09:20:54,36236.2,0
2021-06-21 09:20:55,36239.4,0
2021-06-21 09:20:56,36240.95,0
2021-06-21 09:20:57,36236.1,0
2021-06-21 09:20:58,36236.55,0
2021-06-21 09:21:00,36226.9,0
2021-06-21 09:21:01,36235.45,0
2021-06-21 09:21:02,36231.85,0
2021-06-21 09:21:04,36235.4,0
2021-06-21 09:21:05,36233.3,0
2021-06-21 09:21:07,36229.8,0
2021-06-21 09:21:08,36231.05,0
2021-06-21 09:21:09,36230.95,0
2021-06-21 09:21:10,36231.35,0
2021-06-21 09:21:11,36226.35,0
2021-06-21 09:21:12,36230.8,0
2021-06-21 09:21:14,36227.05,0
2021-06-21 09:21:15,36232.65,0
2021-06-21 09:21:16,36227.35,0
2021-06-21 09:21:17,36228.05,0
2021-06-21 09:21:18,36234.4,0
2021-06-21 09:21:19,36225.1,0
2021-06-21 09:21:22,36225.5,0
2021-06-21 09:21:23,36226.3,0
2021-06-21 09:21:24,36222.1,0
2021-06-21 09:21:26,36213.1,0
2021-06-21 09:21:27,36212.25,0
2021-06-21 09:21:29,36210.25,0
2021-06-21 09:21:30,36201.95,0
2021-06-21 09:21:31,36211.0,0
2021-06-21 09:21:32,36209.55,0
2021-06-21 09:21:33,36207.35,0
2021-06-21 09:21:34,36208.15,0
2021-06-21 09:21:35,36209.3,0
2021-06-21 09:21:36,36203.35,0
2021-06-21 09:21:37,36206.8,0
2021-06-21 09:21:38,36205.45,0
2021-06-21 09:21:40,36201.45,0
2021-06-21 09:21:41,36204.25,0
2021-06-21 09:21:42,36206.9,0
2021-06-21 09:21:43,36202.45,0
2021-06-21 09:21:44,36203.4,0
2021-06-21 09:21:45,36202.3,0
2021-06-21 09:21:46,36198.95,0
2021-06-21 09:21:47,36196.9,0
2021-06-21 09:21:48,36188.6,0
2021-06-21 09:21:49,36191.75,0
2021-06-21 09:21:50,36190.8,0
2021-06-21 09:21:51,36195.6,0
2021-06-21 09:21:53,36198.15,0
2021-06-21 09:21:54,36191.95,0
2021-06-21 09:21:55,36193.05,0
2021-06-21 09:21:56,36197.85,0
2021-06-21 09:21:58,36200.85,0
2021-06-21 09:21:59,36195.4,0
2021-06-21 09:22:00,36195.65,0
2021-06-21 09:22:01,36196.25,0
2021-06-21 09:22:04,36197.2,0
2021-06-21 09:22:05,36193.8,0
2021-06-21 09:22:06,36199.25,0
2021-06-21 09:22:07,36192.25,0
2021-06-21 09:22:09,36198.75,0
2021-06-21 09:22:10,36199.6,0
2021-06-21 09:22:11,36207.25,0
2021-06-21 09:22:12,36206.9,0
2021-06-21 09:22:14,36203.05,0
2021-06-21 09:22:15,36216.6,0
2021-06-21 09:22:16,36208.5,0
2021-06-21 09:22:17,36205.7,0
2021-06-21 09:22:18,36211.0,0
2021-06-21 09:22:19,36218.1,0
2021-06-21 09:22:20,36222.65,0
2021-06-21 09:22:21,36207.65,0
2021-06-21 09:22:22,36223.7,0
2021-06-21 09:22:23,36214.95,0
2021-06-21 09:22:24,36217.2,0
2021-06-21 09:22:25,36221.6,0
2021-06-21 09:22:26,36224.75,0
2021-06-21 09:22:27,36222.8,0
2021-06-21 09:22:28,36218.15,0
2021-06-21 09:22:31,36220.5,0
2021-06-21 09:22:32,36223.9,0
2021-06-21 09:22:33,36224.05,0
2021-06-21 09:22:34,36223.7,0
2021-06-21 09:22:35,36216.9,0
2021-06-21 09:22:36,36225.45,0
2021-06-21 09:22:37,36220.15,0
2021-06-21 09:22:39,36231.25,0
2021-06-21 09:22:40,36219.8,0
2021-06-21 09:22:42,36222.95,0
2021-06-21 09:22:43,36229.15,0
2021-06-21 09:22:47,36226.7,0
2021-06-21 09:22:49,36231.2,0
2021-06-21 09:22:52,36227.8,0
2021-06-21 09:22:53,36228.5,0
2021-06-21 09:22:54,36236.95,0
2021-06-21 09:22:56,36237.85,0
2021-06-21 09:22:57,36237.15,0
2021-06-21 09:22:58,36237.95,0
2021-06-21 09:23:01,36248.1,0
2021-06-21 09:23:02,36247.95,0
2021-06-21 09:23:03,36243.45,0
2021-06-21 09:23:04,36244.25,0
2021-06-21 09:23:06,36247.0,0
2021-06-21 09:23:07,36247.6,0
2021-06-21 09:23:08,36250.45,0
2021-06-21 09:23:09,36248.1,0
2021-06-21 09:23:10,36252.55,0
2021-06-21 09:23:11,36248.75,0
2021-06-21 09:23:12,36249.15,0
2021-06-21 09:23:13,36255.3,0
2021-06-21 09:23:14,36251.2,0
2021-06-21 09:23:15,36253.7,0
2021-06-21 09:23:16,36251.45,0
2021-06-21 09:23:19,36259.8,0
2021-06-21 09:23:20,36271.6,0
2021-06-21 09:23:21,36265.15,0
2021-06-21 09:23:23,36273.0,0
2021-06-21 09:23:24,36270.6,0
2021-06-21 09:23:25,36277.95,0
2021-06-21 09:23:26,36273.8,0
2021-06-21 09:23:27,36278.1,0
2021-06-21 09:23:28,36276.7,0
2021-06-21 09:23:29,36278.55,0
2021-06-21 09:23:30,36274.6,0
2021-06-21 09:23:31,36276.7,0
2021-06-21 09:23:32,36278.2,0
2021-06-21 09:23:34,36274.4,0
2021-06-21 09:23:37,36286.7,0
2021-06-21 09:23:38,36280.5,0
2021-06-21 09:23:39,36285.45,0
2021-06-21 09:23:40,36286.95,0
2021-06-21 09:23:41,36277.95,0
2021-06-21 09:23:43,36287.45,0
2021-06-21 09:23:44,36282.85,0
2021-06-21 09:23:48,36279.4,0
2021-06-21 09:23:49,36275.55,0
2021-06-21 09:23:50,36277.25,0
2021-06-21 09:23:51,36279.8,0
2021-06-21 09:23:52,36281.6,0
2021-06-21 09:23:54,36284.9,0
2021-06-21 09:23:55,36281.6,0
2021-06-21 09:23:56,36284.45,0
2021-06-21 09:23:57,36287.7,0
2021-06-21 09:23:58,36284.75,0
2021-06-21 09:23:59,36285.9,0
2021-06-21 09:24:01,36293.8,0
2021-06-21 09:24:02,36291.35,0
2021-06-21 09:24:03,36290.7,0
2021-06-21 09:24:04,36287.4,0
2021-06-21 09:24:05,36287.15,0
2021-06-21 09:24:06,36291.45,0
2021-06-21 09:24:07,36288.15,0
2021-06-21 09:24:08,36283.85,0
2021-06-21 09:24:09,36287.8,0
2021-06-21 09:24:10,36283.35,0
2021-06-21 09:24:11,36283.45,0
2021-06-21 09:24:12,36278.4,0
2021-06-21 09:24:13,36281.65,0
2021-06-21 09:24:15,36272.55,0
2021-06-21 09:24:16,36275.15,0
2021-06-21 09:24:17,36273.0,0
2021-06-21 09:24:18,36272.85,0
2021-06-21 09:24:19,36263.1,0
2021-06-21 09:24:21,36260.7,0
2021-06-21 09:24:22,36260.05,0
2021-06-21 09:24:23,36264.0,0
2021-06-21 09:24:24,36267.5,0
2021-06-21 09:24:25,36265.1,0
2021-06-21 09:24:27,36262.35,0
2021-06-21 09:24:28,36265.5,0
2021-06-21 09:24:29,36270.5,0
2021-06-21 09:24:30,36277.25,0
2021-06-21 09:24:31,36279.85,0
2021-06-21 09:24:32,36285.05,0
2021-06-21 09:24:33,36286.55,0
2021-06-21 09:24:35,36281.95,0
2021-06-21 09:24:36,36287.4,0
2021-06-21 09:24:37,36288.45,0
2021-06-21 09:24:38,36287.8,0
2021-06-21 09:24:39,36299.9,0
2021-06-21 09:24:40,36298.75,0
2021-06-21 09:24:44,36299.45,0
2021-06-21 09:24:47,36313.05,0
2021-06-21 09:24:49,36309.15,0
2021-06-21 09:24:50,36309.55,0
2021-06-21 09:24:51,36314.3,0
2021-06-21 09:24:52,36317.5,0
2021-06-21 09:24:53,36313.45,0
2021-06-21 09:24:54,36310.5,0
2021-06-21 09:24:55,36307.65,0
2021-06-21 09:24:56,36317.5,0
2021-06-21 09:24:57,36316.95,0
2021-06-21 09:25:00,36320.6,0
2021-06-21 09:25:01,36324.45,0
2021-06-21 09:25:02,36320.75,0
2021-06-21 09:25:03,36320.3,0
2021-06-21 09:25:04,36321.7,0
2021-06-21 09:25:05,36324.15,0
2021-06-21 09:25:06,36321.5,0
2021-06-21 09:25:08,36329.0,0
2021-06-21 09:25:09,36331.45,0
2021-06-21 09:25:10,36331.95,0
2021-06-21 09:25:11,36332.25,0
2021-06-21 09:25:12,36328.05,0
2021-06-21 09:25:14,36330.75,0
2021-06-21 09:25:15,36329.75,0
2021-06-21 09:25:16,36328.5,0
2021-06-21 09:25:17,36317.95,0
2021-06-21 09:25:18,36327.7,0
2021-06-21 09:25:19,36321.85,0
2021-06-21 09:25:21,36321.75,0
2021-06-21 09:25:22,36322.9,0
2021-06-21 09:25:24,36315.15,0
2021-06-21 09:25:25,36321.45,0
2021-06-21 09:25:26,36322.25,0
2021-06-21 09:25:27,36323.15,0
2021-06-21 09:25:28,36321.9,0
2021-06-21 09:25:29,36320.35,0
2021-06-21 09:25:31,36322.35,0
2021-06-21 09:25:32,36326.8,0
2021-06-21 09:25:33,36332.2,0
2021-06-21 09:25:34,36334.8,0
2021-06-21 09:25:35,36329.95,0
2021-06-21 09:25:36,36335.25,0
2021-06-21 09:25:37,36335.7,0
2021-06-21 09:25:38,36334.55,0
2021-06-21 09:25:39,36337.35,0
2021-06-21 09:25:41,36341.6,0
2021-06-21 09:25:42,36352.1,0
2021-06-21 09:25:43,36348.55,0
2021-06-21 09:25:44,36348.7,0
2021-06-21 09:25:45,36352.2,0
2021-06-21 09:25:47,36354.1,0
2021-06-21 09:25:48,36354.8,0
2021-06-21 09:25:49,36355.7,0
2021-06-21 09:25:50,36353.5,0
2021-06-21 09:25:51,36356.05,0
2021-06-21 09:25:52,36366.75,0
2021-06-21 09:25:53,36363.15,0
2021-06-21 09:25:54,36365.7,0
2021-06-21 09:25:55,36366.95,0
2021-06-21 09:25:57,36363.1,0
2021-06-21 09:25:58,36357.9,0
2021-06-21 09:25:59,36358.65,0
2021-06-21 09:26:00,36358.25,0
2021-06-21 09:26:01,36365.85,0
2021-06-21 09:26:02,36358.15,0
2021-06-21 09:26:03,36355.55,0
2021-06-21 09:26:04,36358.8,0
2021-06-21 09:26:05,36363.25,0
2021-06-21 09:26:06,36360.35,0
2021-06-21 09:26:07,36362.55,0
2021-06-21 09:26:08,36358.7,0
2021-06-21 09:26:09,36357.9,0
2021-06-21 09:26:10,36356.95,0
2021-06-21 09:26:11,36357.75,0
2021-06-21 09:26:13,36353.6,0
2021-06-21 09:26:14,36351.05,0
2021-06-21 09:26:15,36351.35,0
2021-06-21 09:26:17,36349.65,0
2021-06-21 09:26:18,36348.8,0
2021-06-21 09:26:19,36347.0,0
2021-06-21 09:26:20,36351.2,0
2021-06-21 09:26:21,36348.45,0
2021-06-21 09:26:22,36347.55,0
2021-06-21 09:26:23,36347.1,0
2021-06-21 09:26:24,36346.8,0
2021-06-21 09:26:26,36348.5,0
2021-06-21 09:26:27,36348.1,0
2021-06-21 09:26:28,36346.05,0
2021-06-21 09:26:29,36346.3,0
2021-06-21 09:26:30,36348.45,0
2021-06-21 09:26:32,36347.3,0
2021-06-21 09:26:34,36341.2,0
2021-06-21 09:26:36,36341.95,0
2021-06-21 09:26:37,36346.9,0
2021-06-21 09:26:38,36336.45,0
2021-06-21 09:26:39,36338.85,0
2021-06-21 09:26:40,36342.8,0
2021-06-21 09:26:41,36340.0,0
2021-06-21 09:26:42,36345.0,0
2021-06-21 09:26:43,36339.6,0
2021-06-21 09:26:44,36342.25,0
2021-06-21 09:26:46,36335.1,0
2021-06-21 09:26:47,36334.5,0
2021-06-21 09:26:48,36333.85,0
2021-06-21 09:26:49,36328.2,0
2021-06-21 09:26:50,36324.05,0
2021-06-21 09:26:51,36322.0,0
2021-06-21 09:26:52,36327.65,0
2021-06-21 09:26:53,36329.8,0
2021-06-21 09:26:54,36322.55,0
2021-06-21 09:26:55,36326.35,0
2021-06-21 09:26:56,36324.85,0
2021-06-21 09:26:58,36321.5,0
2021-06-21 09:26:59,36323.65,0
2021-06-21 09:27:00,36318.4,0
2021-06-21 09:27:01,36326.25,0
2021-06-21 09:27:02,36325.75,0
2021-06-21 09:27:03,36325.9,0
2021-06-21 09:27:04,36329.45,0
2021-06-21 09:27:05,36332.15,0
2021-06-21 09:27:06,36334.1,0
2021-06-21 09:27:07,36324.7,0
2021-06-21 09:27:08,36326.15,0
2021-06-21 09:27:09,36331.15,0
2021-06-21 09:27:10,36321.4,0
2021-06-21 09:27:11,36322.95,0
2021-06-21 09:27:12,36327.4,0
2021-06-21 09:27:13,36322.3,0
2021-06-21 09:27:14,36321.9,0
2021-06-21 09:27:15,36323.25,0
2021-06-21 09:27:16,36318.15,0
2021-06-21 09:27:17,36316.3,0
2021-06-21 09:27:18,36318.65,0
2021-06-21 09:27:19,36325.2,0
2021-06-21 09:27:20,36331.5,0
2021-06-21 09:27:21,36331.0,0
2021-06-21 09:27:22,36325.15,0
2021-06-21 09:27:23,36333.45,0
2021-06-21 09:27:24,36327.95,0
2021-06-21 09:27:25,36331.55,0
2021-06-21 09:27:26,36331.35,0
2021-06-21 09:27:27,36329.7,0
2021-06-21 09:27:28,36334.4,0
2021-06-21 09:27:29,36338.0,0
2021-06-21 09:27:30,36333.8,0
2021-06-21 09:27:31,36328.95,0
2021-06-21 09:27:32,36331.6,0
2021-06-21 09:27:33,36338.05,0
2021-06-21 09:27:34,36336.15,0
2021-06-21 09:27:35,36341.2,0
2021-06-21 09:27:36,36337.8,0
2021-06-21 09:27:38,36337.8,0
2021-06-21 09:27:39,36342.6,0
2021-06-21 09:27:40,36339.7,0
2021-06-21 09:27:41,36348.6,0
2021-06-21 09:27:42,36345.6,0
2021-06-21 09:27:43,36339.4,0
2021-06-21 09:27:44,36346.3,0
2021-06-21 09:27:45,36342.75,0
2021-06-21 09:27:46,36344.9,0
2021-06-21 09:27:47,36346.05,0
2021-06-21 09:27:48,36340.1,0
2021-06-21 09:27:49,36337.55,0
2021-06-21 09:27:50,36340.3,0
2021-06-21 09:27:51,36342.95,0
2021-06-21 09:27:52,36339.2,0
2021-06-21 09:27:53,36339.4,0
2021-06-21 09:27:54,36340.05,0
2021-06-21 09:27:55,36339.1,0
2021-06-21 09:27:56,36339.65,0
2021-06-21 09:27:57,36337.2,0
2021-06-21 09:27:59,36336.5,0
2021-06-21 09:28:00,36340.8,0
2021-06-21 09:28:01,36338.15,0
2021-06-21 09:28:02,36339.8,0
2021-06-21 09:28:03,36339.8,0
2021-06-21 09:28:04,36340.3,0
2021-06-21 09:28:05,36338.55,0
2021-06-21 09:28:06,36345.85,0
2021-06-21 09:28:07,36337.9,0
2021-06-21 09:28:09,36344.25,0
2021-06-21 09:28:10,36340.1,0
2021-06-21 09:28:11,36330.15,0
2021-06-21 09:28:12,36316.0,0
2021-06-21 09:28:13,36319.2,0
2021-06-21 09:28:14,36320.85,0
2021-06-21 09:28:15,36322.7,0
2021-06-21 09:28:17,36312.95,0
2021-06-21 09:28:18,36322.4,0
2021-06-21 09:28:19,36319.4,0
2021-06-21 09:28:20,36314.35,0
2021-06-21 09:28:21,36311.1,0
2021-06-21 09:28:22,36316.25,0
2021-06-21 09:28:23,36319.2,0
2021-06-21 09:28:24,36314.55,0
2021-06-21 09:28:25,36318.15,0
2021-06-21 09:28:27,36308.65,0
2021-06-21 09:28:29,36306.45,0
2021-06-21 09:28:31,36309.3,0
2021-06-21 09:28:34,36307.75,0
2021-06-21 09:28:37,36300.45,0
2021-06-21 09:28:39,36292.15,0
2021-06-21 09:28:40,36295.8,0
2021-06-21 09:28:43,36289.15,0
2021-06-21 09:28:44,36285.15,0
2021-06-21 09:28:46,36287.15,0
2021-06-21 09:28:47,36282.35,0
2021-06-21 09:28:48,36282.65,0
2021-06-21 09:28:49,36282.4,0
2021-06-21 09:28:50,36280.8,0
2021-06-21 09:28:51,36286.45,0
2021-06-21 09:28:53,36288.3,0
2021-06-21 09:28:54,36288.85,0
2021-06-21 09:28:55,36293.05,0
2021-06-21 09:28:56,36294.55,0
2021-06-21 09:28:57,36295.7,0
2021-06-21 09:28:58,36292.65,0
2021-06-21 09:28:59,36292.3,0
2021-06-21 09:29:01,36297.45,0
2021-06-21 09:29:02,36295.5,0
2021-06-21 09:29:03,36297.4,0
2021-06-21 09:29:04,36297.25,0
2021-06-21 09:29:05,36299.2,0
2021-06-21 09:29:06,36302.2,0
2021-06-21 09:29:07,36299.4,0
2021-06-21 09:29:08,36302.95,0
2021-06-21 09:29:09,36299.8,0
2021-06-21 09:29:10,36302.2,0
2021-06-21 09:29:11,36306.0,0
2021-06-21 09:29:13,36310.65,0
2021-06-21 09:29:14,36317.85,0
2021-06-21 09:29:15,36308.45,0
2021-06-21 09:29:16,36307.05,0
2021-06-21 09:29:17,36306.75,0
2021-06-21 09:29:18,36313.1,0
2021-06-21 09:29:19,36313.5,0
2021-06-21 09:29:20,36310.45,0
2021-06-21 09:29:21,36315.8,0
2021-06-21 09:29:22,36313.35,0
2021-06-21 09:29:23,36311.35,0
2021-06-21 09:29:24,36307.25,0
2021-06-21 09:29:25,36310.6,0
2021-06-21 09:29:27,36315.75,0
2021-06-21 09:29:29,36312.8,0
2021-06-21 09:29:30,36313.65,0
2021-06-21 09:29:31,36317.3,0
2021-06-21 09:29:32,36315.85,0
2021-06-21 09:29:33,36320.75,0
2021-06-21 09:29:34,36318.0,0
2021-06-21 09:29:36,36316.8,0
2021-06-21 09:29:37,36313.95,0
2021-06-21 09:29:38,36319.6,0
2021-06-21 09:29:39,36319.65,0
2021-06-21 09:29:40,36316.7,0
2021-06-21 09:29:41,36316.65,0
2021-06-21 09:29:43,36313.8,0
2021-06-21 09:29:44,36320.15,0
2021-06-21 09:29:45,36315.95,0
2021-06-21 09:29:46,36318.15,0
2021-06-21 09:29:48,36312.75,0
2021-06-21 09:29:49,36318.3,0
2021-06-21 09:29:50,36318.4,0
2021-06-21 09:29:51,36316.25,0
2021-06-21 09:29:52,36318.1,0
2021-06-21 09:29:54,36315.85,0
2021-06-21 09:29:56,36312.45,0
2021-06-21 09:30:00,36313.35,0
2021-06-21 09:30:01,36315.95,0
2021-06-21 09:30:02,36314.9,0
2021-06-21 09:30:03,36313.9,0
2021-06-21 09:30:04,36308.25,0
2021-06-21 09:30:05,36317.35,0
2021-06-21 09:30:06,36318.1,0
2021-06-21 09:30:07,36315.85,0
2021-06-21 09:30:08,36321.2,0
2021-06-21 09:30:09,36315.85,0
2021-06-21 09:30:10,36322.1,0
2021-06-21 09:30:11,36318.35,0
2021-06-21 09:30:13,36320.5,0
2021-06-21 09:30:14,36321.45,0
2021-06-21 09:30:15,36326.65,0
2021-06-21 09:30:16,36322.6,0
2021-06-21 09:30:18,36327.4,0
2021-06-21 09:30:19,36325.5,0
2021-06-21 09:30:20,36327.5,0
2021-06-21 09:30:21,36312.45,0
2021-06-21 09:30:22,36319.9,0
2021-06-21 09:30:23,36319.15,0
2021-06-21 09:30:26,36322.35,0
2021-06-21 09:30:27,36326.85,0
2021-06-21 09:30:28,36323.75,0
2021-06-21 09:30:29,36323.4,0
2021-06-21 09:30:30,36319.95,0
2021-06-21 09:30:31,36318.9,0
2021-06-21 09:30:32,36318.6,0
2021-06-21 09:30:33,36321.4,0
2021-06-21 09:30:34,36321.15,0
2021-06-21 09:30:35,36316.45,0
2021-06-21 09:30:37,36321.7,0
2021-06-21 09:30:38,36315.9,0
2021-06-21 09:30:39,36320.3,0
2021-06-21 09:30:40,36318.95,0
2021-06-21 09:30:41,36324.4,0
2021-06-21 09:30:42,36319.75,0
2021-06-21 09:30:44,36319.2,0
2021-06-21 09:30:45,36324.1,0
2021-06-21 09:30:47,36317.45,0
2021-06-21 09:30:48,36319.45,0
2021-06-21 09:30:49,36312.75,0
2021-06-21 09:30:51,36313.55,0
2021-06-21 09:30:52,36305.3,0
2021-06-21 09:30:53,36309.15,0
2021-06-21 09:30:54,36313.4,0
2021-06-21 09:30:55,36310.45,0
2021-06-21 09:30:56,36315.35,0
2021-06-21 09:30:57,36307.55,0
2021-06-21 09:30:58,36311.7,0
2021-06-21 09:31:00,36309.4,0
2021-06-21 09:31:01,36309.65,0
2021-06-21 09:31:02,36309.55,0
2021-06-21 09:31:03,36312.85,0
2021-06-21 09:31:04,36309.15,0
2021-06-21 09:31:05,36314.15,0
2021-06-21 09:31:06,36310.05,0
2021-06-21 09:31:07,36306.5,0
2021-06-21 09:31:08,36304.6,0
2021-06-21 09:31:09,36312.55,0
2021-06-21 09:31:10,36311.85,0
2021-06-21 09:31:12,36304.65,0
2021-06-21 09:31:13,36310.65,0
2021-06-21 09:31:14,36314.4,0
2021-06-21 09:31:15,36316.45,0
2021-06-21 09:31:16,36314.1,0
2021-06-21 09:31:17,36311.45,0
2021-06-21 09:31:18,36313.9,0
2021-06-21 09:31:19,36315.15,0
2021-06-21 09:31:20,36313.1,0
2021-06-21 09:31:22,36317.35,0
2021-06-21 09:31:23,36320.55,0
2021-06-21 09:31:25,36319.7,0
2021-06-21 09:31:26,36323.1,0
2021-06-21 09:31:27,36323.8,0
2021-06-21 09:31:28,36328.6,0
2021-06-21 09:31:30,36325.25,0
2021-06-21 09:31:31,36313.6,0
2021-06-21 09:31:33,36312.8,0
2021-06-21 09:31:34,36311.55,0
2021-06-21 09:31:35,36314.55,0
2021-06-21 09:31:36,36308.25,0
2021-06-21 09:31:37,36313.95,0
2021-06-21 09:31:38,36315.5,0
2021-06-21 09:31:39,36315.95,0
2021-06-21 09:31:40,36320.15,0
2021-06-21 09:31:41,36314.5,0
2021-06-21 09:31:42,36312.35,0
2021-06-21 09:31:43,36320.05,0
2021-06-21 09:31:44,36320.5,0
2021-06-21 09:31:45,36318.9,0
2021-06-21 09:31:46,36319.2,0
2021-06-21 09:31:47,36320.25,0
2021-06-21 09:31:48,36314.35,0
2021-06-21 09:31:50,36312.7,0
2021-06-21 09:31:51,36308.25,0
2021-06-21 09:31:52,36309.7,0
2021-06-21 09:31:53,36311.8,0
2021-06-21 09:31:55,36307.4,0
2021-06-21 09:31:56,36306.1,0
2021-06-21 09:31:57,36311.95,0
2021-06-21 09:31:58,36311.35,0
2021-06-21 09:32:00,36308.0,0
2021-06-21 09:32:01,36307.4,0
2021-06-21 09:32:02,36310.65,0
2021-06-21 09:32:03,36308.9,0
2021-06-21 09:32:04,36305.55,0
2021-06-21 09:32:05,36308.3,0
2021-06-21 09:32:06,36308.55,0
2021-06-21 09:32:07,36312.25,0
2021-06-21 09:32:08,36309.5,0
2021-06-21 09:32:09,36313.9,0
2021-06-21 09:32:10,36312.75,0
2021-06-21 09:32:11,36312.15,0
2021-06-21 09:32:14,36312.35,0
2021-06-21 09:32:15,36320.45,0
2021-06-21 09:32:16,36311.7,0
2021-06-21 09:32:17,36317.2,0
2021-06-21 09:32:18,36317.6,0
2021-06-21 09:32:19,36318.85,0
2021-06-21 09:32:20,36320.1,0
2021-06-21 09:32:21,36321.5,0
2021-06-21 09:32:22,36317.95,0
2021-06-21 09:32:24,36319.8,0
2021-06-21 09:32:28,36324.8,0
2021-06-21 09:32:30,36328.0,0
2021-06-21 09:32:32,36327.4,0
2021-06-21 09:32:34,36322.6,0
2021-06-21 09:32:36,36332.65,0
2021-06-21 09:32:37,36335.75,0
2021-06-21 09:32:39,36333.75,0
2021-06-21 09:32:40,36332.5,0
2021-06-21 09:32:41,36329.9,0
2021-06-21 09:32:42,36337.0,0
2021-06-21 09:32:43,36337.25,0
2021-06-21 09:32:44,36318.75,0
2021-06-21 09:32:46,36321.3,0
2021-06-21 09:32:47,36320.55,0
2021-06-21 09:32:48,36322.9,0
2021-06-21 09:32:51,36322.4,0
2021-06-21 09:32:52,36324.1,0
2021-06-21 09:32:53,36322.0,0
2021-06-21 09:32:54,36327.3,0
2021-06-21 09:32:57,36324.3,0
2021-06-21 09:32:58,36322.95,0
2021-06-21 09:33:00,36328.2,0
2021-06-21 09:33:01,36323.35,0
2021-06-21 09:33:02,36330.55,0
2021-06-21 09:33:03,36321.65,0
2021-06-21 09:33:04,36326.05,0
2021-06-21 09:33:05,36327.3,0
2021-06-21 09:33:06,36328.5,0
2021-06-21 09:33:07,36326.3,0
2021-06-21 09:33:09,36323.25,0
2021-06-21 09:33:10,36320.85,0
2021-06-21 09:33:11,36324.65,0
2021-06-21 09:33:12,36320.3,0
2021-06-21 09:33:13,36324.25,0
2021-06-21 09:33:14,36324.8,0
2021-06-21 09:33:16,36324.1,0
2021-06-21 09:33:17,36317.65,0
2021-06-21 09:33:19,36319.35,0
2021-06-21 09:33:20,36317.65,0
2021-06-21 09:33:21,36320.95,0
2021-06-21 09:33:22,36316.15,0
2021-06-21 09:33:23,36316.9,0
2021-06-21 09:33:24,36310.8,0
2021-06-21 09:33:25,36304.25,0
2021-06-21 09:33:26,36311.2,0
2021-06-21 09:33:28,36313.1,0
2021-06-21 09:33:29,36316.85,0
2021-06-21 09:33:30,36320.75,0
2021-06-21 09:33:31,36321.25,0
2021-06-21 09:33:32,36315.55,0
2021-06-21 09:33:33,36313.6,0
2021-06-21 09:33:34,36317.95,0
2021-06-21 09:33:35,36317.1,0
2021-06-21 09:33:38,36319.2,0
2021-06-21 09:33:39,36324.3,0
2021-06-21 09:33:40,36317.85,0
2021-06-21 09:33:41,36315.05,0
2021-06-21 09:33:42,36316.25,0
2021-06-21 09:33:44,36315.15,0
2021-06-21 09:33:45,36318.5,0
2021-06-21 09:33:46,36312.45,0
2021-06-21 09:33:47,36312.85,0
2021-06-21 09:33:48,36313.45,0
2021-06-21 09:33:49,36312.05,0
2021-06-21 09:33:50,36310.9,0
2021-06-21 09:33:52,36315.1,0
2021-06-21 09:33:53,36316.05,0
2021-06-21 09:33:54,36317.3,0
2021-06-21 09:33:55,36322.7,0
2021-06-21 09:33:56,36323.0,0
2021-06-21 09:33:57,36316.15,0
2021-06-21 09:33:58,36311.85,0
2021-06-21 09:33:59,36318.0,0
2021-06-21 09:34:01,36313.6,0
2021-06-21 09:34:02,36317.25,0
2021-06-21 09:34:03,36321.75,0
2021-06-21 09:34:04,36319.95,0
2021-06-21 09:34:05,36319.65,0
2021-06-21 09:34:08,36322.1,0
2021-06-21 09:34:09,36321.9,0
2021-06-21 09:34:10,36321.5,0
2021-06-21 09:34:11,36318.8,0
2021-06-21 09:34:12,36320.85,0
2021-06-21 09:34:13,36319.85,0
2021-06-21 09:34:14,36316.1,0
2021-06-21 09:34:15,36318.85,0
2021-06-21 09:34:17,36317.0,0
2021-06-21 09:34:18,36317.75,0
2021-06-21 09:34:19,36317.1,0
2021-06-21 09:34:20,36313.05,0
2021-06-21 09:34:21,36309.45,0
2021-06-21 09:34:22,36309.3,0
2021-06-21 09:34:23,36311.25,0
2021-06-21 09:34:25,36311.15,0
2021-06-21 09:34:26,36317.75,0
2021-06-21 09:34:27,36319.8,0
2021-06-21 09:34:28,36319.1,0
2021-06-21 09:34:29,36318.3,0
2021-06-21 09:34:30,36319.15,0
2021-06-21 09:34:32,36317.05,0
2021-06-21 09:34:33,36315.45,0
2021-06-21 09:34:34,36314.0,0
2021-06-21 09:34:35,36315.1,0
2021-06-21 09:34:36,36313.0,0
2021-06-21 09:34:37,36313.7,0
2021-06-21 09:34:39,36312.75,0
2021-06-21 09:34:40,36308.1,0
2021-06-21 09:34:41,36305.95,0
2021-06-21 09:34:42,36310.8,0
2021-06-21 09:34:43,36306.3,0
2021-06-21 09:34:44,36308.7,0
2021-06-21 09:34:45,36308.35,0
2021-06-21 09:34:48,36305.6,0
2021-06-21 09:34:49,36302.75,0
2021-06-21 09:34:50,36303.1,0
2021-06-21 09:34:52,36297.2,0
2021-06-21 09:34:53,36296.5,0
2021-06-21 09:34:54,36300.5,0
2021-06-21 09:34:55,36299.45,0
2021-06-21 09:34:56,36294.9,0
2021-06-21 09:34:57,36301.85,0
2021-06-21 09:34:58,36300.0,0
2021-06-21 09:34:59,36296.95,0
2021-06-21 09:35:00,36293.25,0
2021-06-21 09:35:01,36290.25,0
2021-06-21 09:35:02,36289.7,0
2021-06-21 09:35:03,36291.4,0
2021-06-21 09:35:04,36287.4,0
2021-06-21 09:35:06,36289.35,0
2021-06-21 09:35:07,36285.25,0
2021-06-21 09:35:08,36284.25,0
2021-06-21 09:35:09,36284.55,0
2021-06-21 09:35:10,36289.75,0
2021-06-21 09:35:13,36283.75,0
2021-06-21 09:35:14,36283.55,0
2021-06-21 09:35:18,36288.25,0
2021-06-21 09:35:20,36285.85,0
2021-06-21 09:35:21,36287.75,0
2021-06-21 09:35:22,36292.05,0
2021-06-21 09:35:25,36286.1,0
2021-06-21 09:35:26,36280.4,0
2021-06-21 09:35:27,36287.6,0
2021-06-21 09:35:28,36280.4,0
2021-06-21 09:35:29,36288.1,0
2021-06-21 09:35:30,36287.95,0
2021-06-21 09:35:31,36292.4,0
2021-06-21 09:35:32,36288.05,0
2021-06-21 09:35:33,36286.05,0
2021-06-21 09:35:34,36288.45,0
2021-06-21 09:35:35,36290.25,0
2021-06-21 09:35:36,36290.9,0
2021-06-21 09:35:37,36286.4,0
2021-06-21 09:35:39,36284.75,0
2021-06-21 09:35:40,36287.25,0
2021-06-21 09:35:41,36287.05,0
2021-06-21 09:35:42,36288.35,0
2021-06-21 09:35:43,36284.5,0
2021-06-21 09:35:45,36281.75,0
2021-06-21 09:35:46,36290.9,0
2021-06-21 09:35:47,36279.9,0
2021-06-21 09:35:48,36286.25,0
2021-06-21 09:35:49,36284.35,0
2021-06-21 09:35:51,36288.95,0
2021-06-21 09:35:53,36286.5,0
2021-06-21 09:35:54,36283.1,0
2021-06-21 09:35:55,36283.4,0
2021-06-21 09:35:56,36277.55,0
2021-06-21 09:35:57,36282.9,0
2021-06-21 09:35:59,36284.05,0
2021-06-21 09:36:01,36280.65,0
2021-06-21 09:36:02,36278.05,0
2021-06-21 09:36:03,36288.8,0
2021-06-21 09:36:04,36284.3,0
2021-06-21 09:36:05,36285.7,0
2021-06-21 09:36:06,36282.85,0
2021-06-21 09:36:07,36286.05,0
2021-06-21 09:36:08,36282.55,0
2021-06-21 09:36:09,36289.8,0
2021-06-21 09:36:12,36287.95,0
2021-06-21 09:36:13,36294.0,0
2021-06-21 09:36:14,36286.15,0
2021-06-21 09:36:15,36294.75,0
2021-06-21 09:36:17,36292.1,0
2021-06-21 09:36:18,36286.4,0
2021-06-21 09:36:19,36283.2,0
2021-06-21 09:36:21,36293.3,0
2021-06-21 09:36:22,36292.55,0
2021-06-21 09:36:23,36296.65,0
2021-06-21 09:36:25,36293.2,0
2021-06-21 09:36:26,36291.55,0
2021-06-21 09:36:27,36296.7,0
2021-06-21 09:36:31,36301.6,0
2021-06-21 09:36:32,36305.6,0
2021-06-21 09:36:34,36304.5,0
2021-06-21 09:36:35,36301.05,0
2021-06-21 09:36:36,36303.35,0
2021-06-21 09:36:39,36308.45,0
2021-06-21 09:36:40,36304.45,0
2021-06-21 09:36:41,36309.4,0
2021-06-21 09:36:43,36310.75,0
2021-06-21 09:36:44,36304.5,0
2021-06-21 09:36:45,36310.95,0
2021-06-21 09:36:46,36309.85,0
2021-06-21 09:36:47,36302.7,0
2021-06-21 09:36:48,36296.2,0
2021-06-21 09:36:50,36294.85,0
2021-06-21 09:36:52,36290.3,0
2021-06-21 09:36:55,36296.4,0
2021-06-21 09:36:56,36297.5,0
2021-06-21 09:36:57,36290.15,0
2021-06-21 09:36:58,36295.85,0
2021-06-21 09:37:00,36289.1,0
2021-06-21 09:37:02,36292.95,0
2021-06-21 09:37:03,36290.1,0
2021-06-21 09:37:04,36294.05,0
2021-06-21 09:37:05,36289.3,0
2021-06-21 09:37:07,36289.4,0
2021-06-21 09:37:08,36294.5,0
2021-06-21 09:37:09,36295.2,0
2021-06-21 09:37:10,36291.6,0
2021-06-21 09:37:12,36293.0,0
2021-06-21 09:37:14,36297.05,0
2021-06-21 09:37:15,36299.4,0
2021-06-21 09:37:17,36298.8,0
2021-06-21 09:37:18,36295.2,0
2021-06-21 09:37:20,36299.7,0
2021-06-21 09:37:21,36290.9,0
2021-06-21 09:37:22,36293.85,0
2021-06-21 09:37:23,36294.45,0
2021-06-21 09:37:24,36299.1,0
2021-06-21 09:37:25,36297.55,0
2021-06-21 09:37:26,36289.05,0
2021-06-21 09:37:27,36294.6,0
2021-06-21 09:37:28,36296.25,0
2021-06-21 09:37:29,36288.5,0
2021-06-21 09:37:31,36291.9,0
2021-06-21 09:37:32,36293.0,0
2021-06-21 09:37:33,36293.6,0
2021-06-21 09:37:35,36291.4,0
2021-06-21 09:37:36,36290.45,0
2021-06-21 09:37:38,36287.45,0
2021-06-21 09:37:39,36289.65,0
2021-06-21 09:37:40,36290.3,0
2021-06-21 09:37:41,36290.85,0
2021-06-21 09:37:42,36288.1,0
2021-06-21 09:37:43,36292.45,0
2021-06-21 09:37:45,36289.85,0
2021-06-21 09:37:46,36290.6,0
2021-06-21 09:37:47,36287.05,0
2021-06-21 09:37:48,36290.65,0
2021-06-21 09:37:49,36291.8,0
2021-06-21 09:37:50,36291.7,0
2021-06-21 09:37:51,36288.65,0
2021-06-21 09:37:52,36292.65,0
2021-06-21 09:37:53,36297.55,0
2021-06-21 09:37:54,36292.35,0
2021-06-21 09:37:55,36302.15,0
2021-06-21 09:37:56,36296.45,0
2021-06-21 09:37:57,36302.75,0
2021-06-21 09:37:58,36303.5,0
2021-06-21 09:37:59,36306.5,0
2021-06-21 09:38:00,36306.95,0
2021-06-21 09:38:01,36308.3,0
2021-06-21 09:38:04,36309.6,0
2021-06-21 09:38:06,36307.0,0
2021-06-21 09:38:07,36304.0,0
2021-06-21 09:38:08,36305.65,0
2021-06-21 09:38:09,36303.8,0
2021-06-21 09:38:10,36302.55,0
2021-06-21 09:38:11,36297.25,0
2021-06-21 09:38:12,36302.65,0
2021-06-21 09:38:13,36306.8,0
2021-06-21 09:38:15,36306.45,0
2021-06-21 09:38:17,36302.2,0
2021-06-21 09:38:19,36310.8,0
2021-06-21 09:38:20,36305.05,0
2021-06-21 09:38:21,36308.35,0
2021-06-21 09:38:22,36308.4,0
2021-06-21 09:38:23,36307.6,0
2021-06-21 09:38:25,36307.2,0
2021-06-21 09:38:27,36313.75,0
2021-06-21 09:38:28,36316.6,0
2021-06-21 09:38:30,36316.05,0
2021-06-21 09:38:31,36321.6,0
2021-06-21 09:38:32,36320.9,0
2021-06-21 09:38:33,36319.65,0
2021-06-21 09:38:34,36322.6,0
2021-06-21 09:38:35,36323.45,0
2021-06-21 09:38:36,36325.35,0
2021-06-21 09:38:37,36327.75,0
2021-06-21 09:38:39,36330.25,0
2021-06-21 09:38:40,36331.45,0
2021-06-21 09:38:41,36335.9,0
2021-06-21 09:38:42,36336.3,0
2021-06-21 09:38:44,36336.15,0
2021-06-21 09:38:45,36341.45,0
2021-06-21 09:38:46,36345.5,0
2021-06-21 09:38:47,36346.1,0
2021-06-21 09:38:48,36346.2,0
2021-06-21 09:38:49,36346.35,0
2021-06-21 09:38:50,36345.6,0
2021-06-21 09:38:51,36345.0,0
2021-06-21 09:38:52,36347.2,0
2021-06-21 09:38:53,36351.0,0
2021-06-21 09:38:55,36351.5,0
2021-06-21 09:38:58,36353.0,0
2021-06-21 09:38:59,36355.75,0
2021-06-21 09:39:01,36362.6,0
2021-06-21 09:39:02,36359.25,0
2021-06-21 09:39:03,36363.4,0
2021-06-21 09:39:04,36361.7,0
2021-06-21 09:39:05,36360.65,0
2021-06-21 09:39:07,36360.35,0
2021-06-21 09:39:08,36358.85,0
2021-06-21 09:39:09,36361.05,0
2021-06-21 09:39:10,36362.85,0
2021-06-21 09:39:11,36361.75,0
2021-06-21 09:39:13,36365.8,0
2021-06-21 09:39:14,36367.05,0
2021-06-21 09:39:15,36367.5,0
2021-06-21 09:39:17,36374.05,0
2021-06-21 09:39:18,36378.95,0
2021-06-21 09:39:19,36373.75,0
2021-06-21 09:39:20,36372.65,0
2021-06-21 09:39:21,36377.85,0
2021-06-21 09:39:22,36375.3,0
2021-06-21 09:39:23,36374.95,0
2021-06-21 09:39:24,36375.05,0
2021-06-21 09:39:25,36376.35,0
2021-06-21 09:39:26,36377.95,0
2021-06-21 09:39:28,36375.05,0
2021-06-21 09:39:29,36373.55,0
2021-06-21 09:39:30,36374.0,0
2021-06-21 09:39:31,36378.05,0
2021-06-21 09:39:33,36373.9,0
2021-06-21 09:39:34,36377.05,0
2021-06-21 09:39:36,36378.05,0
2021-06-21 09:39:37,36379.85,0
2021-06-21 09:39:38,36379.8,0
2021-06-21 09:39:39,36378.05,0
2021-06-21 09:39:40,36378.35,0
2021-06-21 09:39:41,36381.75,0
2021-06-21 09:39:42,36381.3,0
2021-06-21 09:39:43,36380.3,0
2021-06-21 09:39:46,36376.85,0
2021-06-21 09:39:47,36380.2,0
2021-06-21 09:39:48,36378.75,0
2021-06-21 09:39:49,36384.2,0
2021-06-21 09:39:50,36379.95,0
2021-06-21 09:39:51,36387.6,0
2021-06-21 09:39:52,36384.2,0
2021-06-21 09:39:53,36379.8,0
2021-06-21 09:39:54,36381.4,0
2021-06-21 09:39:55,36377.25,0
2021-06-21 09:39:56,36374.15,0
2021-06-21 09:40:00,36380.9,0
2021-06-21 09:40:01,36381.9,0
2021-06-21 09:40:03,36380.4,0
2021-06-21 09:40:04,36382.2,0
2021-06-21 09:40:05,36383.15,0
2021-06-21 09:40:07,36381.1,0
2021-06-21 09:40:09,36380.6,0
2021-06-21 09:40:10,36379.85,0
2021-06-21 09:40:12,36384.05,0
2021-06-21 09:40:13,36382.25,0
2021-06-21 09:40:14,36381.95,0
2021-06-21 09:40:15,36377.4,0
2021-06-21 09:40:16,36378.85,0
2021-06-21 09:40:17,36378.3,0
2021-06-21 09:40:18,36378.95,0
2021-06-21 09:40:19,36380.4,0
2021-06-21 09:40:21,36378.05,0
2021-06-21 09:40:22,36378.65,0
2021-06-21 09:40:24,36378.75,0
2021-06-21 09:40:26,36372.25,0
2021-06-21 09:40:27,36373.55,0
2021-06-21 09:40:28,36372.2,0
2021-06-21 09:40:29,36375.05,0
2021-06-21 09:40:30,36376.45,0
2021-06-21 09:40:31,36374.3,0
2021-06-21 09:40:32,36373.85,0
2021-06-21 09:40:34,36373.25,0
2021-06-21 09:40:35,36372.7,0
2021-06-21 09:40:36,36371.25,0
2021-06-21 09:40:37,36371.95,0
2021-06-21 09:40:38,36376.2,0
2021-06-21 09:40:39,36377.5,0
2021-06-21 09:40:40,36374.45,0
2021-06-21 09:40:41,36372.3,0
2021-06-21 09:40:42,36371.0,0
2021-06-21 09:40:43,36370.75,0
2021-06-21 09:40:44,36369.05,0
2021-06-21 09:40:46,36369.15,0
2021-06-21 09:40:48,36366.75,0
2021-06-21 09:40:50,36362.3,0
2021-06-21 09:40:53,36357.9,0
2021-06-21 09:40:54,36360.95,0
2021-06-21 09:40:55,36360.25,0
2021-06-21 09:40:56,36354.25,0
2021-06-21 09:40:58,36346.4,0
2021-06-21 09:40:59,36354.25,0
2021-06-21 09:41:00,36347.2,0
2021-06-21 09:41:01,36352.15,0
2021-06-21 09:41:02,36349.6,0
2021-06-21 09:41:03,36349.6,0
2021-06-21 09:41:04,36350.15,0
2021-06-21 09:41:05,36347.15,0
2021-06-21 09:41:07,36348.25,0
2021-06-21 09:41:08,36347.3,0
2021-06-21 09:41:09,36344.6,0
2021-06-21 09:41:10,36345.5,0
2021-06-21 09:41:11,36340.65,0
2021-06-21 09:41:12,36345.15,0
2021-06-21 09:41:13,36345.55,0
2021-06-21 09:41:14,36347.2,0
2021-06-21 09:41:15,36351.5,0
2021-06-21 09:41:16,36346.45,0
2021-06-21 09:41:17,36350.4,0
2021-06-21 09:41:19,36347.25,0
2021-06-21 09:41:20,36347.8,0
2021-06-21 09:41:21,36345.85,0
2021-06-21 09:41:22,36340.15,0
2021-06-21 09:41:23,36348.2,0
2021-06-21 09:41:25,36342.55,0
2021-06-21 09:41:26,36344.4,0
2021-06-21 09:41:27,36345.8,0
2021-06-21 09:41:28,36343.7,0
2021-06-21 09:41:30,36350.25,0
2021-06-21 09:41:31,36350.75,0
2021-06-21 09:41:33,36350.25,0
2021-06-21 09:41:34,36351.15,0
2021-06-21 09:41:35,36347.55,0
2021-06-21 09:41:36,36347.9,0
2021-06-21 09:41:37,36348.5,0
2021-06-21 09:41:38,36350.4,0
2021-06-21 09:41:39,36350.05,0
2021-06-21 09:41:40,36353.15,0
2021-06-21 09:41:41,36349.2,0
2021-06-21 09:41:42,36346.3,0
2021-06-21 09:41:43,36349.05,0
2021-06-21 09:41:44,36352.3,0
2021-06-21 09:41:45,36352.9,0
2021-06-21 09:41:46,36351.15,0
2021-06-21 09:41:47,36354.65,0
2021-06-21 09:41:49,36355.0,0
2021-06-21 09:41:50,36354.05,0
2021-06-21 09:41:51,36351.0,0
2021-06-21 09:41:52,36349.75,0
2021-06-21 09:41:53,36351.05,0
2021-06-21 09:41:54,36349.45,0
2021-06-21 09:41:55,36352.55,0
2021-06-21 09:41:56,36349.0,0
2021-06-21 09:41:57,36349.45,0
2021-06-21 09:41:58,36345.1,0
2021-06-21 09:41:59,36353.95,0
2021-06-21 09:42:00,36356.55,0
2021-06-21 09:42:01,36362.5,0
2021-06-21 09:42:02,36354.15,0
2021-06-21 09:42:03,36357.4,0
2021-06-21 09:42:04,36362.7,0
2021-06-21 09:42:05,36363.9,0
2021-06-21 09:42:06,36358.85,0
2021-06-21 09:42:07,36367.4,0
2021-06-21 09:42:08,36366.3,0
2021-06-21 09:42:09,36363.3,0
2021-06-21 09:42:10,36365.0,0
2021-06-21 09:42:12,36365.6,0
2021-06-21 09:42:14,36367.25,0
2021-06-21 09:42:15,36376.0,0
2021-06-21 09:42:17,36367.85,0
2021-06-21 09:42:18,36379.2,0
2021-06-21 09:42:19,36372.5,0
2021-06-21 09:42:20,36372.15,0
2021-06-21 09:42:22,36372.25,0
2021-06-21 09:42:23,36374.2,0
2021-06-21 09:42:24,36374.95,0
2021-06-21 09:42:25,36374.05,0
2021-06-21 09:42:26,36375.9,0
2021-06-21 09:42:27,36373.6,0
2021-06-21 09:42:29,36375.35,0
2021-06-21 09:42:30,36376.3,0
2021-06-21 09:42:33,36375.75,0
2021-06-21 09:42:34,36375.55,0
2021-06-21 09:42:35,36379.45,0
2021-06-21 09:42:36,36380.25,0
2021-06-21 09:42:37,36376.85,0
2021-06-21 09:42:38,36382.05,0
2021-06-21 09:42:40,36379.25,0
2021-06-21 09:42:41,36376.55,0
2021-06-21 09:42:42,36378.85,0
2021-06-21 09:42:44,36375.55,0
2021-06-21 09:42:47,36374.45,0
2021-06-21 09:42:48,36378.15,0
2021-06-21 09:42:49,36376.8,0
2021-06-21 09:42:50,36375.6,0
2021-06-21 09:42:51,36377.7,0
2021-06-21 09:42:52,36374.65,0
2021-06-21 09:42:53,36375.1,0
2021-06-21 09:42:54,36372.65,0
2021-06-21 09:42:55,36373.35,0
2021-06-21 09:42:56,36373.8,0
2021-06-21 09:42:57,36376.3,0
2021-06-21 09:42:58,36369.65,0
2021-06-21 09:42:59,36372.7,0
2021-06-21 09:43:00,36374.2,0
2021-06-21 09:43:01,36371.95,0
2021-06-21 09:43:03,36372.55,0
2021-06-21 09:43:04,36372.5,0
2021-06-21 09:43:05,36374.9,0
2021-06-21 09:43:06,36373.85,0
2021-06-21 09:43:07,36372.05,0
2021-06-21 09:43:08,36369.0,0
2021-06-21 09:43:09,36371.95,0
2021-06-21 09:43:10,36375.5,0
2021-06-21 09:43:11,36369.8,0
2021-06-21 09:43:12,36370.75,0
2021-06-21 09:43:13,36369.15,0
2021-06-21 09:43:14,36369.9,0
2021-06-21 09:43:15,36364.75,0
2021-06-21 09:43:16,36364.6,0
2021-06-21 09:43:17,36366.05,0
2021-06-21 09:43:18,36367.9,0
2021-06-21 09:43:19,36367.25,0
2021-06-21 09:43:21,36360.5,0
2021-06-21 09:43:22,36363.45,0
2021-06-21 09:43:23,36359.15,0
2021-06-21 09:43:26,36365.9,0
2021-06-21 09:43:27,36368.0,0
2021-06-21 09:43:29,36363.3,0
2021-06-21 09:43:31,36365.5,0
2021-06-21 09:43:32,36361.05,0
2021-06-21 09:43:33,36367.7,0
2021-06-21 09:43:34,36364.45,0
2021-06-21 09:43:36,36372.95,0
2021-06-21 09:43:38,36379.0,0
2021-06-21 09:43:39,36375.95,0
2021-06-21 09:43:40,36373.4,0
2021-06-21 09:43:42,36370.0,0
2021-06-21 09:43:43,36368.75,0
2021-06-21 09:43:44,36369.1,0
2021-06-21 09:43:45,36369.75,0
2021-06-21 09:43:46,36371.2,0
2021-06-21 09:43:47,36374.65,0
2021-06-21 09:43:48,36374.1,0
2021-06-21 09:43:49,36376.15,0
2021-06-21 09:43:50,36379.3,0
2021-06-21 09:43:51,36378.85,0
2021-06-21 09:43:52,36379.55,0
2021-06-21 09:43:53,36375.4,0
2021-06-21 09:43:54,36372.95,0
2021-06-21 09:43:56,36376.15,0
2021-06-21 09:43:57,36372.7,0
2021-06-21 09:43:58,36369.5,0
2021-06-21 09:44:01,36372.2,0
2021-06-21 09:44:02,36369.2,0
2021-06-21 09:44:04,36372.7,0
2021-06-21 09:44:05,36370.85,0
2021-06-21 09:44:06,36375.3,0
2021-06-21 09:44:07,36369.6,0
2021-06-21 09:44:09,36370.1,0
2021-06-21 09:44:10,36375.3,0
2021-06-21 09:44:11,36372.4,0
2021-06-21 09:44:12,36370.15,0
2021-06-21 09:44:13,36372.05,0
2021-06-21 09:44:14,36367.6,0
2021-06-21 09:44:16,36362.6,0
2021-06-21 09:44:17,36365.25,0
2021-06-21 09:44:18,36358.6,0
2021-06-21 09:44:19,36357.45,0
2021-06-21 09:44:20,36354.35,0
2021-06-21 09:44:21,36347.05,0
2021-06-21 09:44:22,36347.0,0
2021-06-21 09:44:23,36341.0,0
2021-06-21 09:44:24,36344.85,0
2021-06-21 09:44:26,36338.1,0
2021-06-21 09:44:27,36340.6,0
2021-06-21 09:44:29,36335.55,0
2021-06-21 09:44:30,36338.5,0
2021-06-21 09:44:31,36341.15,0
2021-06-21 09:44:33,36339.05,0
2021-06-21 09:44:34,36343.7,0
2021-06-21 09:44:35,36329.65,0
2021-06-21 09:44:37,36335.9,0
2021-06-21 09:44:38,36336.75,0
2021-06-21 09:44:39,36337.15,0
2021-06-21 09:44:40,36329.75,0
2021-06-21 09:44:41,36329.95,0
2021-06-21 09:44:45,36339.35,0
2021-06-21 09:44:46,36335.05,0
2021-06-21 09:44:48,36337.45,0
2021-06-21 09:44:49,36338.8,0
2021-06-21 09:44:51,36339.2,0
2021-06-21 09:44:53,36338.45,0
2021-06-21 09:44:56,36340.35,0
2021-06-21 09:44:57,36340.65,0
2021-06-21 09:44:58,36342.25,0
2021-06-21 09:44:59,36344.6,0
2021-06-21 09:45:00,36344.95,0
2021-06-21 09:45:01,36343.5,0
2021-06-21 09:45:02,36345.0,0
2021-06-21 09:45:05,36347.1,0
2021-06-21 09:45:06,36349.2,0
2021-06-21 09:45:07,36348.5,0
2021-06-21 09:45:08,36347.4,0
2021-06-21 09:45:09,36351.7,0
2021-06-21 09:45:10,36350.7,0
2021-06-21 09:45:11,36348.4,0
2021-06-21 09:45:12,36349.55,0
2021-06-21 09:45:13,36354.4,0
2021-06-21 09:45:14,36354.9,0
2021-06-21 09:45:15,36354.65,0
2021-06-21 09:45:16,36354.6,0
2021-06-21 09:45:17,36353.35,0
2021-06-21 09:45:18,36353.35,0
2021-06-21 09:45:19,36351.7,0
2021-06-21 09:45:20,36350.45,0
2021-06-21 09:45:21,36343.05,0
2021-06-21 09:45:22,36351.1,0
2021-06-21 09:45:23,36345.65,0
2021-06-21 09:45:24,36353.75,0
2021-06-21 09:45:25,36343.25,0
2021-06-21 09:45:27,36355.6,0
2021-06-21 09:45:28,36358.4,0
2021-06-21 09:45:29,36359.9,0
2021-06-21 09:45:30,36357.35,0
2021-06-21 09:45:32,36355.9,0
2021-06-21 09:45:33,36351.95,0
2021-06-21 09:45:34,36349.6,0
2021-06-21 09:45:35,36354.9,0
2021-06-21 09:45:39,36354.7,0
2021-06-21 09:45:40,36353.35,0
2021-06-21 09:45:42,36351.5,0
2021-06-21 09:45:43,36354.75,0
2021-06-21 09:45:44,36354.35,0
2021-06-21 09:45:45,36351.65,0
2021-06-21 09:45:46,36356.1,0
2021-06-21 09:45:47,36351.6,0
2021-06-21 09:45:49,36358.3,0
2021-06-21 09:45:50,36355.55,0
2021-06-21 09:45:51,36358.05,0
2021-06-21 09:45:52,36355.55,0
2021-06-21 09:45:53,36355.3,0
2021-06-21 09:45:54,36351.95,0
2021-06-21 09:45:55,36355.9,0
2021-06-21 09:45:58,36353.45,0
2021-06-21 09:45:59,36358.3,0
2021-06-21 09:46:00,36357.35,0
2021-06-21 09:46:01,36352.85,0
2021-06-21 09:46:02,36353.3,0
2021-06-21 09:46:04,36355.55,0
2021-06-21 09:46:05,36355.25,0
2021-06-21 09:46:06,36361.25,0
2021-06-21 09:46:07,36360.35,0
2021-06-21 09:46:10,36360.95,0
2021-06-21 09:46:11,36364.75,0
2021-06-21 09:46:12,36359.6,0
2021-06-21 09:46:13,36361.15,0
2021-06-21 09:46:14,36359.05,0
2021-06-21 09:46:15,36358.6,0
2021-06-21 09:46:16,36362.85,0
2021-06-21 09:46:17,36356.45,0
2021-06-21 09:46:18,36358.25,0
2021-06-21 09:46:19,36353.25,0
2021-06-21 09:46:21,36349.35,0
2021-06-21 09:46:23,36350.35,0
2021-06-21 09:46:24,36350.7,0
2021-06-21 09:46:25,36352.2,0
2021-06-21 09:46:26,36352.6,0
2021-06-21 09:46:27,36353.25,0
2021-06-21 09:46:28,36354.5,0
2021-06-21 09:46:30,36354.9,0
2021-06-21 09:46:31,36359.25,0
2021-06-21 09:46:32,36351.55,0
2021-06-21 09:46:33,36354.9,0
2021-06-21 09:46:34,36356.15,0
2021-06-21 09:46:36,36355.5,0
2021-06-21 09:46:37,36354.45,0
2021-06-21 09:46:38,36357.1,0
2021-06-21 09:46:39,36359.35,0
2021-06-21 09:46:40,36363.1,0
2021-06-21 09:46:41,36359.25,0
2021-06-21 09:46:43,36359.1,0
2021-06-21 09:46:44,36361.9,0
2021-06-21 09:46:45,36354.45,0
2021-06-21 09:46:46,36360.25,0
2021-06-21 09:46:47,36356.85,0
2021-06-21 09:46:48,36356.8,0
2021-06-21 09:46:49,36356.6,0
2021-06-21 09:46:50,36362.05,0
2021-06-21 09:46:51,36362.25,0
2021-06-21 09:46:52,36356.1,0
2021-06-21 09:46:53,36354.75,0
2021-06-21 09:46:54,36356.65,0
2021-06-21 09:46:55,36355.55,0
2021-06-21 09:46:56,36357.5,0
2021-06-21 09:46:57,36363.2,0
2021-06-21 09:46:59,36361.5,0
2021-06-21 09:47:01,36360.5,0
2021-06-21 09:47:03,36356.75,0
2021-06-21 09:47:05,36360.1,0
2021-06-21 09:47:08,36359.25,0
2021-06-21 09:47:09,36360.6,0
2021-06-21 09:47:10,36359.05,0
2021-06-21 09:47:12,36359.6,0
2021-06-21 09:47:13,36361.5,0
2021-06-21 09:47:14,36365.05,0
2021-06-21 09:47:15,36358.5,0
2021-06-21 09:47:16,36364.95,0
2021-06-21 09:47:17,36359.9,0
2021-06-21 09:47:18,36364.9,0
2021-06-21 09:47:19,36359.85,0
2021-06-21 09:47:20,36363.55,0
2021-06-21 09:47:21,36362.1,0
2021-06-21 09:47:23,36363.15,0
2021-06-21 09:47:24,36362.6,0
2021-06-21 09:47:25,36357.9,0
2021-06-21 09:47:26,36360.35,0
2021-06-21 09:47:27,36363.65,0
2021-06-21 09:47:28,36359.4,0
2021-06-21 09:47:29,36363.4,0
2021-06-21 09:47:30,36363.45,0
2021-06-21 09:47:31,36353.55,0
2021-06-21 09:47:32,36357.3,0
2021-06-21 09:47:33,36357.6,0
2021-06-21 09:47:34,36354.6,0
2021-06-21 09:47:36,36360.2,0
2021-06-21 09:47:37,36357.6,0
2021-06-21 09:47:38,36359.25,0
2021-06-21 09:47:39,36354.65,0
2021-06-21 09:47:40,36355.8,0
2021-06-21 09:47:41,36357.05,0
2021-06-21 09:47:42,36355.8,0
2021-06-21 09:47:43,36356.1,0
2021-06-21 09:47:44,36353.7,0
2021-06-21 09:47:45,36359.4,0
2021-06-21 09:47:46,36358.9,0
2021-06-21 09:47:48,36356.55,0
2021-06-21 09:47:49,36357.55,0
2021-06-21 09:47:50,36361.45,0
2021-06-21 09:47:51,36362.7,0
2021-06-21 09:47:52,36361.6,0
2021-06-21 09:47:53,36360.25,0
2021-06-21 09:47:54,36361.2,0
2021-06-21 09:47:55,36368.35,0
2021-06-21 09:47:56,36360.5,0
2021-06-21 09:47:57,36364.2,0
2021-06-21 09:47:59,36371.4,0
2021-06-21 09:48:00,36370.9,0
2021-06-21 09:48:02,36371.95,0
2021-06-21 09:48:03,36363.85,0
2021-06-21 09:48:04,36368.8,0
2021-06-21 09:48:05,36362.4,0
2021-06-21 09:48:07,36363.85,0
2021-06-21 09:48:08,36371.25,0
2021-06-21 09:48:09,36364.35,0
2021-06-21 09:48:10,36365.0,0
2021-06-21 09:48:11,36369.2,0
2021-06-21 09:48:12,36369.0,0
2021-06-21 09:48:14,36371.25,0
2021-06-21 09:48:15,36370.95,0
2021-06-21 09:48:16,36371.35,0
2021-06-21 09:48:17,36371.8,0
2021-06-21 09:48:18,36372.8,0
2021-06-21 09:48:19,36371.7,0
2021-06-21 09:48:20,36366.9,0
2021-06-21 09:48:21,36369.3,0
2021-06-21 09:48:22,36370.2,0
2021-06-21 09:48:24,36371.15,0
2021-06-21 09:48:25,36364.85,0
2021-06-21 09:48:26,36368.15,0
2021-06-21 09:48:27,36365.1,0
2021-06-21 09:48:28,36363.4,0
2021-06-21 09:48:29,36360.65,0
2021-06-21 09:48:30,36362.8,0
2021-06-21 09:48:31,36364.1,0
2021-06-21 09:48:32,36365.5,0
2021-06-21 09:48:33,36362.6,0
2021-06-21 09:48:34,36365.9,0
2021-06-21 09:48:35,36367.6,0
2021-06-21 09:48:36,36367.15,0
2021-06-21 09:48:37,36361.6,0
2021-06-21 09:48:38,36371.95,0
2021-06-21 09:48:39,36374.65,0
2021-06-21 09:48:40,36365.45,0
2021-06-21 09:48:41,36372.4,0
2021-06-21 09:48:42,36369.4,0
2021-06-21 09:48:43,36372.75,0
2021-06-21 09:48:44,36373.6,0
2021-06-21 09:48:45,36372.35,0
2021-06-21 09:48:46,36372.85,0
2021-06-21 09:48:47,36371.65,0
2021-06-21 09:48:48,36372.85,0
2021-06-21 09:48:49,36374.1,0
2021-06-21 09:48:50,36371.7,0
2021-06-21 09:48:51,36376.65,0
2021-06-21 09:48:52,36371.75,0
2021-06-21 09:48:53,36374.65,0
2021-06-21 09:48:54,36376.1,0
2021-06-21 09:48:57,36378.55,0
2021-06-21 09:48:58,36378.1,0
2021-06-21 09:48:59,36380.45,0
2021-06-21 09:49:01,36383.25,0
2021-06-21 09:49:02,36383.95,0
2021-06-21 09:49:04,36382.0,0
2021-06-21 09:49:05,36379.6,0
2021-06-21 09:49:06,36383.8,0
2021-06-21 09:49:08,36385.9,0
2021-06-21 09:49:10,36385.2,0
2021-06-21 09:49:11,36388.55,0
2021-06-21 09:49:13,36392.5,0
2021-06-21 09:49:14,36395.7,0
2021-06-21 09:49:15,36394.15,0
2021-06-21 09:49:16,36393.3,0
2021-06-21 09:49:17,36398.5,0
2021-06-21 09:49:18,36394.7,0
2021-06-21 09:49:19,36390.15,0
2021-06-21 09:49:21,36390.25,0
2021-06-21 09:49:22,36392.75,0
2021-06-21 09:49:24,36390.2,0
2021-06-21 09:49:25,36388.85,0
2021-06-21 09:49:26,36392.15,0
2021-06-21 09:49:27,36390.9,0
2021-06-21 09:49:30,36391.35,0
2021-06-21 09:49:31,36394.8,0
2021-06-21 09:49:32,36388.35,0
2021-06-21 09:49:33,36392.7,0
2021-06-21 09:49:34,36394.35,0
2021-06-21 09:49:35,36391.1,0
2021-06-21 09:49:37,36391.5,0
2021-06-21 09:49:38,36388.6,0
2021-06-21 09:49:39,36396.45,0
2021-06-21 09:49:40,36393.9,0
2021-06-21 09:49:41,36390.5,0
2021-06-21 09:49:42,36397.3,0
2021-06-21 09:49:43,36395.3,0
2021-06-21 09:49:44,36399.95,0
2021-06-21 09:49:45,36400.9,0
2021-06-21 09:49:46,36399.0,0
2021-06-21 09:49:47,36396.5,0
2021-06-21 09:49:48,36399.8,0
2021-06-21 09:49:49,36400.7,0
2021-06-21 09:49:50,36399.65,0
2021-06-21 09:49:51,36396.45,0
2021-06-21 09:49:52,36397.15,0
2021-06-21 09:49:54,36402.45,0
2021-06-21 09:49:55,36405.65,0
2021-06-21 09:49:56,36402.35,0
2021-06-21 09:49:57,36403.55,0
2021-06-21 09:49:58,36407.4,0
2021-06-21 09:49:59,36407.75,0
2021-06-21 09:50:01,36403.3,0
2021-06-21 09:50:02,36404.9,0
2021-06-21 09:50:03,36407.05,0
2021-06-21 09:50:04,36410.9,0
2021-06-21 09:50:05,36410.55,0
2021-06-21 09:50:06,36404.9,0
2021-06-21 09:50:07,36408.05,0
2021-06-21 09:50:08,36402.55,0
2021-06-21 09:50:09,36403.3,0
2021-06-21 09:50:11,36403.5,0
2021-06-21 09:50:13,36400.7,0
2021-06-21 09:50:15,36404.45,0
2021-06-21 09:50:16,36402.95,0
2021-06-21 09:50:17,36401.2,0
2021-06-21 09:50:18,36400.7,0
2021-06-21 09:50:20,36400.5,0
2021-06-21 09:50:21,36395.75,0
2021-06-21 09:50:22,36395.6,0
2021-06-21 09:50:23,36395.65,0
2021-06-21 09:50:24,36393.95,0
2021-06-21 09:50:26,36398.45,0
2021-06-21 09:50:27,36399.75,0
2021-06-21 09:50:28,36394.55,0
2021-06-21 09:50:29,36397.3,0
2021-06-21 09:50:30,36395.65,0
2021-06-21 09:50:31,36398.6,0
2021-06-21 09:50:32,36392.55,0
2021-06-21 09:50:34,36389.3,0
2021-06-21 09:50:35,36394.45,0
2021-06-21 09:50:36,36387.95,0
2021-06-21 09:50:37,36391.1,0
2021-06-21 09:50:38,36388.65,0
2021-06-21 09:50:39,36389.05,0
2021-06-21 09:50:41,36389.7,0
2021-06-21 09:50:42,36387.6,0
2021-06-21 09:50:43,36381.7,0
2021-06-21 09:50:44,36383.75,0
2021-06-21 09:50:47,36381.65,0
2021-06-21 09:50:49,36383.65,0
2021-06-21 09:50:50,36386.55,0
2021-06-21 09:50:52,36382.5,0
2021-06-21 09:50:53,36386.6,0
2021-06-21 09:50:54,36388.8,0
2021-06-21 09:50:56,36388.55,0
2021-06-21 09:50:58,36388.9,0
2021-06-21 09:50:59,36387.7,0
2021-06-21 09:51:00,36387.25,0
2021-06-21 09:51:02,36385.25,0
2021-06-21 09:51:03,36381.85,0
2021-06-21 09:51:06,36380.15,0
2021-06-21 09:51:08,36376.15,0
2021-06-21 09:51:09,36375.35,0
2021-06-21 09:51:10,36378.65,0
2021-06-21 09:51:11,36375.15,0
2021-06-21 09:51:12,36380.95,0
2021-06-21 09:51:13,36377.6,0
2021-06-21 09:51:14,36374.1,0
2021-06-21 09:51:15,36380.35,0
2021-06-21 09:51:16,36378.05,0
2021-06-21 09:51:17,36377.7,0
2021-06-21 09:51:18,36375.5,0
2021-06-21 09:51:19,36382.1,0
2021-06-21 09:51:20,36377.95,0
2021-06-21 09:51:21,36380.6,0
2021-06-21 09:51:23,36378.05,0
2021-06-21 09:51:25,36379.7,0
2021-06-21 09:51:27,36374.0,0
2021-06-21 09:51:28,36376.25,0
2021-06-21 09:51:31,36382.15,0
2021-06-21 09:51:32,36375.65,0
2021-06-21 09:51:33,36371.8,0
2021-06-21 09:51:34,36372.85,0
2021-06-21 09:51:35,36371.15,0
2021-06-21 09:51:36,36373.25,0
2021-06-21 09:51:37,36370.05,0
2021-06-21 09:51:38,36377.65,0
2021-06-21 09:51:39,36374.9,0
2021-06-21 09:51:40,36371.8,0
2021-06-21 09:51:41,36376.7,0
2021-06-21 09:51:43,36367.5,0
2021-06-21 09:51:44,36369.45,0
2021-06-21 09:51:45,36374.15,0
2021-06-21 09:51:46,36372.5,0
2021-06-21 09:51:47,36368.8,0
2021-06-21 09:51:48,36369.4,0
2021-06-21 09:51:50,36365.65,0
2021-06-21 09:51:51,36367.4,0
2021-06-21 09:51:52,36365.25,0
2021-06-21 09:51:53,36366.35,0
2021-06-21 09:51:54,36360.95,0
2021-06-21 09:51:55,36357.05,0
2021-06-21 09:51:56,36358.15,0
2021-06-21 09:51:58,36356.0,0
2021-06-21 09:51:59,36358.5,0
2021-06-21 09:52:01,36356.4,0
2021-06-21 09:52:02,36349.35,0
2021-06-21 09:52:04,36341.65,0
2021-06-21 09:52:05,36344.2,0
2021-06-21 09:52:06,36343.85,0
2021-06-21 09:52:07,36348.55,0
2021-06-21 09:52:08,36347.3,0
2021-06-21 09:52:09,36342.55,0
2021-06-21 09:52:11,36345.2,0
2021-06-21 09:52:12,36347.0,0
2021-06-21 09:52:13,36338.1,0
2021-06-21 09:52:14,36337.2,0
2021-06-21 09:52:15,36337.85,0
2021-06-21 09:52:20,36340.2,0
2021-06-21 09:52:21,36341.5,0
2021-06-21 09:52:22,36337.3,0
2021-06-21 09:52:23,36340.7,0
2021-06-21 09:52:24,36336.35,0
2021-06-21 09:52:25,36338.35,0
2021-06-21 09:52:26,36335.05,0
2021-06-21 09:52:27,36332.45,0
2021-06-21 09:52:28,36332.75,0
2021-06-21 09:52:29,36336.95,0
2021-06-21 09:52:32,36332.6,0
2021-06-21 09:52:33,36337.6,0
2021-06-21 09:52:34,36335.85,0
2021-06-21 09:52:36,36336.95,0
2021-06-21 09:52:37,36332.8,0
2021-06-21 09:52:38,36336.4,0
2021-06-21 09:52:39,36338.95,0
2021-06-21 09:52:40,36336.75,0
2021-06-21 09:52:41,36337.4,0
2021-06-21 09:52:42,36336.7,0
2021-06-21 09:52:43,36341.5,0
2021-06-21 09:52:45,36345.35,0
2021-06-21 09:52:46,36344.45,0
2021-06-21 09:52:47,36340.4,0
2021-06-21 09:52:48,36341.9,0
2021-06-21 09:52:49,36342.9,0
2021-06-21 09:52:50,36342.6,0
2021-06-21 09:52:51,36342.05,0
2021-06-21 09:52:52,36343.35,0
2021-06-21 09:52:53,36340.8,0
2021-06-21 09:52:54,36340.1,0
2021-06-21 09:52:55,36340.65,0
2021-06-21 09:52:56,36341.25,0
2021-06-21 09:52:57,36344.15,0
2021-06-21 09:52:58,36345.0,0
2021-06-21 09:52:59,36345.75,0
2021-06-21 09:53:01,36347.8,0
2021-06-21 09:53:02,36356.5,0
2021-06-21 09:53:03,36362.6,0
2021-06-21 09:53:04,36360.8,0
2021-06-21 09:53:05,36359.9,0
2021-06-21 09:53:06,36363.2,0
2021-06-21 09:53:07,36356.9,0
2021-06-21 09:53:08,36355.0,0
2021-06-21 09:53:09,36365.05,0
2021-06-21 09:53:10,36361.25,0
2021-06-21 09:53:11,36363.1,0
2021-06-21 09:53:12,36369.3,0
2021-06-21 09:53:13,36363.3,0
2021-06-21 09:53:15,36370.55,0
2021-06-21 09:53:17,36373.85,0
2021-06-21 09:53:18,36375.55,0
2021-06-21 09:53:19,36378.75,0
2021-06-21 09:53:21,36381.1,0
2021-06-21 09:53:22,36378.55,0
2021-06-21 09:53:24,36373.5,0
2021-06-21 09:53:25,36377.15,0
2021-06-21 09:53:26,36379.55,0
2021-06-21 09:53:27,36379.1,0
2021-06-21 09:53:28,36379.3,0
2021-06-21 09:53:29,36381.15,0
2021-06-21 09:53:30,36379.1,0
2021-06-21 09:53:32,36375.85,0
2021-06-21 09:53:34,36377.65,0
2021-06-21 09:53:36,36374.0,0
2021-06-21 09:53:39,36368.55,0
2021-06-21 09:53:40,36372.6,0
2021-06-21 09:53:41,36367.5,0
2021-06-21 09:53:42,36367.5,0
2021-06-21 09:53:43,36363.1,0
2021-06-21 09:53:47,36361.6,0
2021-06-21 09:53:48,36362.35,0
2021-06-21 09:53:49,36365.15,0
2021-06-21 09:53:50,36366.55,0
2021-06-21 09:53:51,36361.75,0
2021-06-21 09:53:53,36362.8,0
2021-06-21 09:53:54,36364.6,0
2021-06-21 09:53:55,36362.7,0
2021-06-21 09:53:56,36361.8,0
2021-06-21 09:53:57,36361.75,0
2021-06-21 09:53:59,36365.45,0
2021-06-21 09:54:00,36362.0,0
2021-06-21 09:54:01,36364.45,0
2021-06-21 09:54:02,36362.65,0
2021-06-21 09:54:03,36366.95,0
2021-06-21 09:54:04,36365.5,0
2021-06-21 09:54:05,36371.4,0
2021-06-21 09:54:08,36364.45,0
2021-06-21 09:54:09,36370.75,0
2021-06-21 09:54:10,36371.65,0
2021-06-21 09:54:11,36370.3,0
2021-06-21 09:54:12,36367.45,0
2021-06-21 09:54:13,36368.65,0
2021-06-21 09:54:14,36371.8,0
2021-06-21 09:54:15,36373.7,0
2021-06-21 09:54:16,36374.8,0
2021-06-21 09:54:17,36374.85,0
2021-06-21 09:54:18,36374.35,0
2021-06-21 09:54:20,36376.5,0
2021-06-21 09:54:22,36372.8,0
2021-06-21 09:54:23,36369.55,0
2021-06-21 09:54:24,36377.05,0
2021-06-21 09:54:25,36378.1,0
2021-06-21 09:54:26,36371.45,0
2021-06-21 09:54:27,36372.95,0
2021-06-21 09:54:29,36374.45,0
2021-06-21 09:54:30,36373.2,0
2021-06-21 09:54:31,36375.25,0
2021-06-21 09:54:32,36371.75,0
2021-06-21 09:54:33,36371.6,0
2021-06-21 09:54:34,36371.0,0
2021-06-21 09:54:35,36378.55,0
2021-06-21 09:54:36,36369.15,0
2021-06-21 09:54:40,36372.7,0
2021-06-21 09:54:41,36374.3,0
2021-06-21 09:54:43,36371.15,0
2021-06-21 09:54:44,36375.7,0
2021-06-21 09:54:45,36376.95,0
2021-06-21 09:54:47,36377.95,0
2021-06-21 09:54:48,36376.35,0
2021-06-21 09:54:49,36375.5,0
2021-06-21 09:54:50,36373.35,0
2021-06-21 09:54:51,36375.55,0
2021-06-21 09:54:52,36376.15,0
2021-06-21 09:54:53,36372.2,0
2021-06-21 09:54:55,36371.95,0
2021-06-21 09:54:57,36374.2,0
2021-06-21 09:54:58,36375.35,0
2021-06-21 09:54:59,36376.6,0
2021-06-21 09:55:00,36378.25,0
2021-06-21 09:55:01,36372.35,0
2021-06-21 09:55:04,36375.8,0
2021-06-21 09:55:06,36372.15,0
2021-06-21 09:55:07,36372.1,0
2021-06-21 09:55:09,36375.0,0
2021-06-21 09:55:10,36379.75,0
2021-06-21 09:55:12,36379.4,0
2021-06-21 09:55:13,36373.05,0
2021-06-21 09:55:14,36372.65,0
2021-06-21 09:55:15,36370.35,0
2021-06-21 09:55:16,36374.55,0
2021-06-21 09:55:17,36371.4,0
2021-06-21 09:55:19,36380.25,0
2021-06-21 09:55:20,36379.6,0
2021-06-21 09:55:21,36378.05,0
2021-06-21 09:55:22,36381.65,0
2021-06-21 09:55:23,36378.4,0
2021-06-21 09:55:25,36381.45,0
2021-06-21 09:55:26,36386.2,0
2021-06-21 09:55:27,36385.2,0
2021-06-21 09:55:28,36382.0,0
2021-06-21 09:55:29,36381.8,0
2021-06-21 09:55:30,36379.05,0
2021-06-21 09:55:31,36389.55,0
2021-06-21 09:55:34,36385.85,0
2021-06-21 09:55:36,36380.1,0
2021-06-21 09:55:39,36385.5,0
2021-06-21 09:55:40,36389.6,0
2021-06-21 09:55:41,36383.0,0
2021-06-21 09:55:42,36384.75,0
2021-06-21 09:55:43,36380.65,0
2021-06-21 09:55:44,36388.95,0
2021-06-21 09:55:45,36384.95,0
2021-06-21 09:55:50,36392.9,0
2021-06-21 09:55:51,36388.25,0
2021-06-21 09:55:52,36390.0,0
2021-06-21 09:55:53,36388.05,0
2021-06-21 09:55:54,36388.75,0
2021-06-21 09:55:56,36383.4,0
2021-06-21 09:55:58,36388.65,0
2021-06-21 09:56:00,36392.25,0
2021-06-21 09:56:01,36386.95,0
2021-06-21 09:56:02,36387.35,0
2021-06-21 09:56:03,36390.6,0
2021-06-21 09:56:04,36389.35,0
2021-06-21 09:56:05,36391.9,0
2021-06-21 09:56:07,36392.6,0
2021-06-21 09:56:08,36389.45,0
2021-06-21 09:56:09,36395.15,0
2021-06-21 09:56:10,36392.5,0
2021-06-21 09:56:13,36394.25,0
2021-06-21 09:56:14,36392.65,0
2021-06-21 09:56:15,36392.9,0
2021-06-21 09:56:16,36391.25,0
2021-06-21 09:56:17,36391.85,0
2021-06-21 09:56:18,36391.7,0
2021-06-21 09:56:19,36388.95,0
2021-06-21 09:56:20,36391.45,0
2021-06-21 09:56:21,36393.55,0
2021-06-21 09:56:22,36390.0,0
2021-06-21 09:56:23,36390.7,0
2021-06-21 09:56:24,36388.0,0
2021-06-21 09:56:25,36389.6,0
2021-06-21 09:56:26,36389.7,0
2021-06-21 09:56:29,36388.8,0
2021-06-21 09:56:30,36391.6,0
2021-06-21 09:56:31,36395.4,0
2021-06-21 09:56:32,36393.6,0
2021-06-21 09:56:33,36396.0,0
2021-06-21 09:56:34,36400.45,0
2021-06-21 09:56:35,36398.4,0
2021-06-21 09:56:36,36398.35,0
2021-06-21 09:56:37,36400.8,0
2021-06-21 09:56:38,36396.75,0
2021-06-21 09:56:39,36401.9,0
2021-06-21 09:56:40,36400.7,0
2021-06-21 09:56:41,36403.8,0
2021-06-21 09:56:42,36399.55,0
2021-06-21 09:56:43,36398.2,0
2021-06-21 09:56:44,36398.5,0
2021-06-21 09:56:45,36401.7,0
2021-06-21 09:56:46,36399.05,0
2021-06-21 09:56:47,36401.8,0
2021-06-21 09:56:48,36401.05,0
2021-06-21 09:56:50,36405.75,0
2021-06-21 09:56:51,36405.8,0
2021-06-21 09:56:53,36405.0,0
2021-06-21 09:56:54,36408.55,0
2021-06-21 09:56:56,36412.5,0
2021-06-21 09:56:59,36411.0,0
2021-06-21 09:57:00,36415.3,0
2021-06-21 09:57:01,36414.2,0
2021-06-21 09:57:02,36412.25,0
2021-06-21 09:57:03,36414.75,0
2021-06-21 09:57:06,36418.3,0
2021-06-21 09:57:07,36414.3,0
2021-06-21 09:57:08,36415.8,0
2021-06-21 09:57:09,36418.15,0
2021-06-21 09:57:10,36422.2,0
2021-06-21 09:57:12,36418.0,0
2021-06-21 09:57:14,36418.9,0
2021-06-21 09:57:15,36419.4,0
2021-06-21 09:57:16,36423.25,0
2021-06-21 09:57:19,36422.95,0
2021-06-21 09:57:20,36422.85,0
2021-06-21 09:57:21,36422.6,0
2021-06-21 09:57:22,36426.1,0
2021-06-21 09:57:23,36423.45,0
2021-06-21 09:57:24,36425.05,0
2021-06-21 09:57:26,36420.7,0
2021-06-21 09:57:28,36418.7,0
2021-06-21 09:57:29,36425.35,0
2021-06-21 09:57:30,36421.9,0
2021-06-21 09:57:32,36422.05,0
2021-06-21 09:57:33,36426.9,0
2021-06-21 09:57:34,36427.7,0
2021-06-21 09:57:35,36423.7,0
2021-06-21 09:57:36,36427.9,0
2021-06-21 09:57:37,36429.2,0
2021-06-21 09:57:38,36426.4,0
2021-06-21 09:57:39,36428.55,0
2021-06-21 09:57:40,36429.65,0
2021-06-21 09:57:42,36425.4,0
2021-06-21 09:57:43,36430.8,0
2021-06-21 09:57:44,36424.15,0
2021-06-21 09:57:45,36426.75,0
2021-06-21 09:57:46,36429.0,0
2021-06-21 09:57:47,36425.55,0
2021-06-21 09:57:48,36424.15,0
2021-06-21 09:57:49,36421.8,0
2021-06-21 09:57:50,36424.35,0
2021-06-21 09:57:51,36429.45,0
2021-06-21 09:57:53,36429.45,0
2021-06-21 09:57:54,36429.25,0
2021-06-21 09:57:56,36427.15,0
2021-06-21 09:57:57,36428.4,0
2021-06-21 09:57:58,36431.85,0
2021-06-21 09:57:59,36434.45,0
2021-06-21 09:58:00,36432.4,0
2021-06-21 09:58:06,36428.05,0
2021-06-21 09:58:08,36429.65,0
2021-06-21 09:58:10,36427.35,0
2021-06-21 09:58:11,36426.1,0
2021-06-21 09:58:12,36426.9,0
2021-06-21 09:58:13,36428.65,0
2021-06-21 09:58:14,36427.1,0
2021-06-21 09:58:16,36427.9,0
2021-06-21 09:58:17,36440.25,0
2021-06-21 09:58:18,36438.05,0
2021-06-21 09:58:19,36434.7,0
2021-06-21 09:58:20,36431.8,0
2021-06-21 09:58:21,36437.65,0
2021-06-21 09:58:22,36428.65,0
2021-06-21 09:58:23,36428.5,0
2021-06-21 09:58:24,36430.65,0
2021-06-21 09:58:25,36438.55,0
2021-06-21 09:58:26,36437.8,0
2021-06-21 09:58:27,36435.15,0
2021-06-21 09:58:28,36439.8,0
2021-06-21 09:58:29,36437.25,0
2021-06-21 09:58:30,36439.05,0
2021-06-21 09:58:31,36430.75,0
2021-06-21 09:58:32,36430.7,0
2021-06-21 09:58:34,36437.05,0
2021-06-21 09:58:35,36434.65,0
2021-06-21 09:58:36,36434.7,0
2021-06-21 09:58:37,36435.15,0
2021-06-21 09:58:38,36435.25,0
2021-06-21 09:58:39,36436.95,0
2021-06-21 09:58:40,36436.5,0
2021-06-21 09:58:41,36432.7,0
2021-06-21 09:58:44,36439.15,0
2021-06-21 09:58:45,36437.1,0
2021-06-21 09:58:46,36443.65,0
2021-06-21 09:58:48,36442.65,0
2021-06-21 09:58:49,36432.9,0
2021-06-21 09:58:51,36442.25,0
2021-06-21 09:58:52,36437.05,0
2021-06-21 09:58:53,36436.35,0
2021-06-21 09:58:54,36438.8,0
2021-06-21 09:58:56,36434.9,0
2021-06-21 09:58:57,36440.25,0
2021-06-21 09:59:01,36433.9,0
2021-06-21 09:59:02,36437.6,0
2021-06-21 09:59:03,36435.5,0
2021-06-21 09:59:04,36436.7,0
2021-06-21 09:59:05,36434.15,0
2021-06-21 09:59:07,36434.75,0
2021-06-21 09:59:08,36437.35,0
2021-06-21 09:59:09,36434.55,0
2021-06-21 09:59:10,36433.15,0
2021-06-21 09:59:11,36436.0,0
2021-06-21 09:59:12,36435.6,0
2021-06-21 09:59:13,36434.95,0
2021-06-21 09:59:14,36438.1,0
2021-06-21 09:59:15,36437.55,0
2021-06-21 09:59:16,36436.1,0
2021-06-21 09:59:17,36440.0,0
2021-06-21 09:59:18,36437.35,0
2021-06-21 09:59:19,36438.45,0
2021-06-21 09:59:20,36440.0,0
2021-06-21 09:59:21,36435.8,0
2021-06-21 09:59:22,36435.05,0
2021-06-21 09:59:23,36434.25,0
2021-06-21 09:59:24,36433.65,0
2021-06-21 09:59:25,36431.1,0
2021-06-21 09:59:26,36433.1,0
2021-06-21 09:59:27,36429.85,0
2021-06-21 09:59:29,36430.9,0
2021-06-21 09:59:30,36430.35,0
2021-06-21 09:59:31,36435.15,0
2021-06-21 09:59:32,36428.95,0
2021-06-21 09:59:33,36428.45,0
2021-06-21 09:59:35,36429.2,0
2021-06-21 09:59:36,36424.55,0
2021-06-21 09:59:37,36429.85,0
2021-06-21 09:59:38,36429.85,0
2021-06-21 09:59:40,36425.35,0
2021-06-21 09:59:41,36427.85,0
2021-06-21 09:59:42,36421.6,0
2021-06-21 09:59:43,36423.6,0
2021-06-21 09:59:44,36424.2,0
2021-06-21 09:59:45,36424.05,0
2021-06-21 09:59:46,36418.8,0
2021-06-21 09:59:47,36416.2,0
2021-06-21 09:59:49,36417.4,0
2021-06-21 09:59:50,36416.4,0
2021-06-21 09:59:51,36420.4,0
2021-06-21 09:59:52,36417.6,0
2021-06-21 09:59:53,36416.45,0
2021-06-21 09:59:54,36418.0,0
2021-06-21 09:59:55,36416.1,0
2021-06-21 09:59:56,36417.0,0
2021-06-21 09:59:57,36413.95,0
2021-06-21 09:59:58,36410.05,0
2021-06-21 09:59:59,36410.9,0
2021-06-21 10:00:00,36414.8,0
2021-06-21 10:00:01,36419.05,0
2021-06-21 10:00:02,36414.85,0
2021-06-21 10:00:03,36410.25,0
2021-06-21 10:00:04,36414.65,0
2021-06-21 10:00:05,36416.35,0
2021-06-21 10:00:06,36415.05,0
2021-06-21 10:00:07,36413.25,0
2021-06-21 10:00:08,36416.55,0
2021-06-21 10:00:09,36414.5,0
2021-06-21 10:00:10,36417.15,0
2021-06-21 10:00:14,36407.6,0
2021-06-21 10:00:15,36406.4,0
2021-06-21 10:00:16,36408.45,0
2021-06-21 10:00:17,36403.35,0
2021-06-21 10:00:20,36404.65,0
2021-06-21 10:00:22,36406.3,0
2021-06-21 10:00:24,36407.55,0
2021-06-21 10:00:25,36405.3,0
2021-06-21 10:00:26,36403.5,0
2021-06-21 10:00:27,36401.75,0
2021-06-21 10:00:30,36399.15,0
2021-06-21 10:00:31,36397.25,0
2021-06-21 10:00:32,36398.55,0
2021-06-21 10:00:33,36395.0,0
2021-06-21 10:00:34,36396.7,0
2021-06-21 10:00:38,36403.7,0
2021-06-21 10:00:39,36398.05,0
2021-06-21 10:00:40,36401.65,0
2021-06-21 10:00:41,36403.0,0
2021-06-21 10:00:42,36393.2,0
2021-06-21 10:00:43,36396.65,0
2021-06-21 10:00:44,36395.9,0
2021-06-21 10:00:45,36397.05,0
2021-06-21 10:00:46,36396.95,0
2021-06-21 10:00:47,36393.9,0
2021-06-21 10:00:48,36398.25,0
2021-06-21 10:00:50,36405.25,0
2021-06-21 10:00:51,36401.05,0
2021-06-21 10:00:52,36404.55,0
2021-06-21 10:00:53,36403.1,0
2021-06-21 10:00:55,36407.95,0
2021-06-21 10:00:56,36414.5,0
2021-06-21 10:00:57,36412.05,0
2021-06-21 10:00:58,36412.1,0
2021-06-21 10:00:59,36412.8,0
2021-06-21 10:01:00,36414.25,0
2021-06-21 10:01:01,36412.2,0
2021-06-21 10:01:04,36418.05,0
2021-06-21 10:01:05,36414.7,0
2021-06-21 10:01:06,36419.85,0
2021-06-21 10:01:07,36418.15,0
2021-06-21 10:01:08,36417.7,0
2021-06-21 10:01:09,36417.0,0
2021-06-21 10:01:10,36416.7,0
2021-06-21 10:01:11,36412.65,0
2021-06-21 10:01:12,36414.35,0
2021-06-21 10:01:13,36413.8,0
2021-06-21 10:01:14,36413.8,0
2021-06-21 10:01:16,36414.2,0
2021-06-21 10:01:17,36408.55,0
2021-06-21 10:01:18,36414.35,0
2021-06-21 10:01:19,36413.5,0
2021-06-21 10:01:20,36413.4,0
2021-06-21 10:01:21,36411.95,0
2021-06-21 10:01:22,36417.45,0
2021-06-21 10:01:23,36414.55,0
2021-06-21 10:01:26,36413.65,0
2021-06-21 10:01:27,36415.35,0
2021-06-21 10:01:28,36414.0,0
2021-06-21 10:01:29,36413.05,0
2021-06-21 10:01:30,36410.75,0
2021-06-21 10:01:31,36413.65,0
2021-06-21 10:01:33,36416.55,0
2021-06-21 10:01:35,36414.6,0
2021-06-21 10:01:36,36413.85,0
2021-06-21 10:01:37,36414.5,0
2021-06-21 10:01:38,36408.7,0
2021-06-21 10:01:39,36416.8,0
2021-06-21 10:01:40,36412.9,0
2021-06-21 10:01:41,36415.2,0
2021-06-21 10:01:42,36414.85,0
2021-06-21 10:01:43,36410.05,0
2021-06-21 10:01:45,36414.3,0
2021-06-21 10:01:46,36411.8,0
2021-06-21 10:01:47,36414.25,0
2021-06-21 10:01:48,36412.9,0
2021-06-21 10:01:49,36414.75,0
2021-06-21 10:01:50,36414.35,0
2021-06-21 10:01:52,36413.35,0
2021-06-21 10:01:53,36407.15,0
2021-06-21 10:01:54,36407.8,0
2021-06-21 10:01:55,36404.05,0
2021-06-21 10:01:56,36406.55,0
2021-06-21 10:01:57,36406.0,0
2021-06-21 10:01:58,36406.95,0
2021-06-21 10:01:59,36411.1,0
2021-06-21 10:02:00,36413.9,0
2021-06-21 10:02:01,36407.05,0
2021-06-21 10:02:02,36406.4,0
2021-06-21 10:02:04,36412.05,0
2021-06-21 10:02:05,36402.75,0
2021-06-21 10:02:06,36406.5,0
2021-06-21 10:02:07,36407.6,0
2021-06-21 10:02:09,36403.55,0
2021-06-21 10:02:11,36404.35,0
2021-06-21 10:02:13,36403.0,0
2021-06-21 10:02:14,36400.7,0
2021-06-21 10:02:15,36404.2,0
2021-06-21 10:02:17,36397.25,0
2021-06-21 10:02:18,36403.2,0
2021-06-21 10:02:19,36406.4,0
2021-06-21 10:02:21,36400.85,0
2021-06-21 10:02:22,36399.65,0
2021-06-21 10:02:23,36396.35,0
2021-06-21 10:02:24,36398.75,0
2021-06-21 10:02:25,36403.25,0
2021-06-21 10:02:26,36401.6,0
2021-06-21 10:02:27,36401.8,0
2021-06-21 10:02:30,36402.35,0
2021-06-21 10:02:31,36399.0,0
2021-06-21 10:02:32,36405.25,0
2021-06-21 10:02:33,36404.35,0
2021-06-21 10:02:34,36404.05,0
2021-06-21 10:02:35,36402.05,0
2021-06-21 10:02:36,36402.85,0
2021-06-21 10:02:39,36410.75,0
2021-06-21 10:02:40,36411.0,0
2021-06-21 10:02:42,36411.0,0
2021-06-21 10:02:43,36414.05,0
2021-06-21 10:02:44,36406.4,0
2021-06-21 10:02:45,36406.8,0
2021-06-21 10:02:47,36413.9,0
2021-06-21 10:02:48,36406.2,0
2021-06-21 10:02:49,36407.45,0
2021-06-21 10:02:50,36407.95,0
2021-06-21 10:02:52,36411.2,0
2021-06-21 10:02:53,36405.5,0
2021-06-21 10:02:55,36407.6,0
2021-06-21 10:02:56,36407.8,0
2021-06-21 10:02:57,36410.0,0
2021-06-21 10:02:58,36410.2,0
2021-06-21 10:02:59,36410.3,0
2021-06-21 10:03:00,36414.4,0
2021-06-21 10:03:01,36412.35,0
2021-06-21 10:03:03,36415.1,0
2021-06-21 10:03:04,36415.25,0
2021-06-21 10:03:06,36415.35,0
2021-06-21 10:03:07,36417.45,0
2021-06-21 10:03:08,36414.4,0
2021-06-21 10:03:09,36414.75,0
2021-06-21 10:03:10,36417.1,0
2021-06-21 10:03:11,36413.95,0
2021-06-21 10:03:12,36410.55,0
2021-06-21 10:03:14,36414.75,0
2021-06-21 10:03:15,36412.9,0
2021-06-21 10:03:16,36414.05,0
2021-06-21 10:03:17,36412.7,0
2021-06-21 10:03:18,36413.4,0
2021-06-21 10:03:19,36415.3,0
2021-06-21 10:03:20,36415.2,0
2021-06-21 10:03:21,36413.65,0
2021-06-21 10:03:22,36413.5,0
2021-06-21 10:03:24,36413.55,0
2021-06-21 10:03:26,36417.55,0
2021-06-21 10:03:28,36419.55,0
2021-06-21 10:03:30,36415.65,0
2021-06-21 10:03:31,36418.75,0
2021-06-21 10:03:32,36416.35,0
2021-06-21 10:03:33,36418.9,0
2021-06-21 10:03:34,36418.55,0
2021-06-21 10:03:35,36414.95,0
2021-06-21 10:03:36,36414.6,0
2021-06-21 10:03:37,36418.35,0
2021-06-21 10:03:38,36414.6,0
2021-06-21 10:03:39,36417.35,0
2021-06-21 10:03:40,36421.35,0
2021-06-21 10:03:41,36419.1,0
2021-06-21 10:03:43,36420.45,0
2021-06-21 10:03:44,36420.3,0
2021-06-21 10:03:45,36420.05,0
2021-06-21 10:03:47,36420.55,0
2021-06-21 10:03:49,36420.0,0
2021-06-21 10:03:50,36418.85,0
2021-06-21 10:03:51,36418.45,0
2021-06-21 10:03:53,36414.3,0
2021-06-21 10:03:54,36410.25,0
2021-06-21 10:03:55,36413.95,0
2021-06-21 10:03:57,36414.75,0
2021-06-21 10:03:58,36412.2,0
2021-06-21 10:04:01,36417.35,0
2021-06-21 10:04:02,36421.2,0
2021-06-21 10:04:03,36418.4,0
2021-06-21 10:04:04,36418.35,0
2021-06-21 10:04:07,36419.05,0
2021-06-21 10:04:08,36415.35,0
2021-06-21 10:04:09,36419.6,0
2021-06-21 10:04:10,36419.5,0
2021-06-21 10:04:12,36415.25,0
2021-06-21 10:04:14,36415.2,0
2021-06-21 10:04:15,36408.9,0
2021-06-21 10:04:16,36417.65,0
2021-06-21 10:04:17,36412.05,0
2021-06-21 10:04:19,36413.55,0
2021-06-21 10:04:20,36407.85,0
2021-06-21 10:04:22,36410.45,0
2021-06-21 10:04:23,36410.4,0
2021-06-21 10:04:24,36409.05,0
2021-06-21 10:04:25,36405.9,0
2021-06-21 10:04:26,36406.15,0
2021-06-21 10:04:27,36408.45,0
2021-06-21 10:04:28,36406.65,0
2021-06-21 10:04:29,36408.8,0
2021-06-21 10:04:31,36410.25,0
2021-06-21 10:04:32,36410.7,0
2021-06-21 10:04:33,36410.0,0
2021-06-21 10:04:34,36405.25,0
2021-06-21 10:04:35,36409.15,0
2021-06-21 10:04:36,36412.7,0
2021-06-21 10:04:37,36407.05,0
2021-06-21 10:04:40,36408.9,0
2021-06-21 10:04:41,36409.75,0
2021-06-21 10:04:42,36411.0,0
2021-06-21 10:04:43,36409.65,0
2021-06-21 10:04:44,36408.0,0
2021-06-21 10:04:45,36407.85,0
2021-06-21 10:04:46,36410.0,0
2021-06-21 10:04:47,36409.9,0
2021-06-21 10:04:48,36409.8,0
2021-06-21 10:04:49,36413.3,0
2021-06-21 10:04:50,36411.95,0
2021-06-21 10:04:51,36408.95,0
2021-06-21 10:04:52,36411.85,0
2021-06-21 10:04:53,36411.65,0
2021-06-21 10:04:54,36407.5,0
2021-06-21 10:04:55,36408.15,0
2021-06-21 10:04:56,36410.05,0
2021-06-21 10:04:57,36409.25,0
2021-06-21 10:04:58,36411.4,0
2021-06-21 10:04:59,36411.55,0
2021-06-21 10:05:01,36410.55,0
2021-06-21 10:05:02,36408.3,0
2021-06-21 10:05:03,36408.05,0
2021-06-21 10:05:05,36410.6,0
2021-06-21 10:05:06,36412.8,0
2021-06-21 10:05:07,36411.1,0
2021-06-21 10:05:08,36409.3,0
2021-06-21 10:05:09,36411.6,0
2021-06-21 10:05:10,36411.6,0
2021-06-21 10:05:11,36409.25,0
2021-06-21 10:05:12,36408.7,0
2021-06-21 10:05:13,36411.2,0
2021-06-21 10:05:14,36410.25,0
2021-06-21 10:05:15,36410.05,0
2021-06-21 10:05:16,36412.2,0
2021-06-21 10:05:17,36409.3,0
2021-06-21 10:05:18,36409.15,0
2021-06-21 10:05:19,36411.15,0
2021-06-21 10:05:20,36409.25,0
2021-06-21 10:05:21,36408.85,0
2021-06-21 10:05:22,36408.85,0
2021-06-21 10:05:23,36411.3,0
2021-06-21 10:05:25,36411.4,0
2021-06-21 10:05:26,36407.6,0
2021-06-21 10:05:27,36410.5,0
2021-06-21 10:05:28,36409.35,0
2021-06-21 10:05:29,36412.5,0
2021-06-21 10:05:30,36412.25,0
2021-06-21 10:05:31,36412.7,0
2021-06-21 10:05:32,36412.25,0
2021-06-21 10:05:33,36413.7,0
2021-06-21 10:05:34,36414.15,0
2021-06-21 10:05:36,36404.05,0
2021-06-21 10:05:37,36399.95,0
2021-06-21 10:05:38,36396.65,0
2021-06-21 10:05:39,36403.9,0
2021-06-21 10:05:40,36397.95,0
2021-06-21 10:05:41,36399.3,0
2021-06-21 10:05:43,36399.85,0
2021-06-21 10:05:44,36397.15,0
2021-06-21 10:05:45,36393.45,0
2021-06-21 10:05:46,36394.05,0
2021-06-21 10:05:47,36395.6,0
2021-06-21 10:05:49,36398.7,0
2021-06-21 10:05:50,36394.25,0
2021-06-21 10:05:51,36391.0,0
2021-06-21 10:05:52,36391.9,0
2021-06-21 10:05:53,36395.05,0
2021-06-21 10:05:54,36391.7,0
2021-06-21 10:05:55,36391.8,0
2021-06-21 10:05:56,36390.95,0
2021-06-21 10:05:58,36392.3,0
2021-06-21 10:06:00,36394.65,0
2021-06-21 10:06:01,36396.6,0
2021-06-21 10:06:02,36393.75,0
2021-06-21 10:06:03,36394.3,0
2021-06-21 10:06:05,36392.35,0
2021-06-21 10:06:06,36394.35,0
2021-06-21 10:06:07,36396.0,0
2021-06-21 10:06:08,36405.8,0
2021-06-21 10:06:09,36400.85,0
2021-06-21 10:06:10,36400.0,0
2021-06-21 10:06:12,36400.8,0
2021-06-21 10:06:15,36399.05,0
2021-06-21 10:06:16,36401.7,0
2021-06-21 10:06:17,36401.45,0
2021-06-21 10:06:18,36401.8,0
2021-06-21 10:06:19,36404.35,0
2021-06-21 10:06:20,36403.55,0
2021-06-21 10:06:21,36401.7,0
2021-06-21 10:06:22,36405.75,0
2021-06-21 10:06:23,36403.8,0
2021-06-21 10:06:24,36405.05,0
2021-06-21 10:06:25,36407.25,0
2021-06-21 10:06:26,36407.9,0
2021-06-21 10:06:27,36408.15,0
2021-06-21 10:06:29,36404.1,0
2021-06-21 10:06:30,36406.15,0
2021-06-21 10:06:31,36407.25,0
2021-06-21 10:06:32,36413.8,0
2021-06-21 10:06:33,36411.85,0
2021-06-21 10:06:34,36409.9,0
2021-06-21 10:06:35,36406.9,0
2021-06-21 10:06:36,36409.6,0
2021-06-21 10:06:37,36409.6,0
2021-06-21 10:06:38,36406.25,0
2021-06-21 10:06:39,36408.45,0
2021-06-21 10:06:40,36405.9,0
2021-06-21 10:06:41,36403.9,0
2021-06-21 10:06:42,36405.85,0
2021-06-21 10:06:43,36407.05,0
2021-06-21 10:06:44,36405.25,0
2021-06-21 10:06:45,36405.5,0
2021-06-21 10:06:46,36404.25,0
2021-06-21 10:06:47,36400.95,0
2021-06-21 10:06:48,36400.6,0
2021-06-21 10:06:49,36399.75,0
2021-06-21 10:06:50,36400.85,0
2021-06-21 10:06:51,36399.4,0
2021-06-21 10:06:52,36396.9,0
2021-06-21 10:06:53,36395.7,0
2021-06-21 10:06:55,36398.8,0
2021-06-21 10:06:56,36394.6,0
2021-06-21 10:06:57,36398.2,0
2021-06-21 10:06:58,36396.4,0
2021-06-21 10:06:59,36397.75,0
2021-06-21 10:07:00,36393.3,0
2021-06-21 10:07:02,36394.1,0
2021-06-21 10:07:03,36392.95,0
2021-06-21 10:07:04,36395.9,0
2021-06-21 10:07:05,36393.25,0
2021-06-21 10:07:06,36402.25,0
2021-06-21 10:07:07,36402.45,0
2021-06-21 10:07:08,36393.95,0
2021-06-21 10:07:09,36399.55,0
2021-06-21 10:07:10,36399.45,0
2021-06-21 10:07:11,36397.15,0
2021-06-21 10:07:12,36395.1,0
2021-06-21 10:07:13,36398.9,0
2021-06-21 10:07:14,36401.25,0
2021-06-21 10:07:15,36393.6,0
2021-06-21 10:07:16,36397.15,0
2021-06-21 10:07:17,36399.75,0
2021-06-21 10:07:18,36394.0,0
2021-06-21 10:07:19,36396.25,0
2021-06-21 10:07:20,36390.25,0
2021-06-21 10:07:21,36393.05,0
2021-06-21 10:07:22,36398.95,0
2021-06-21 10:07:23,36394.35,0
2021-06-21 10:07:24,36395.6,0
2021-06-21 10:07:25,36398.65,0
2021-06-21 10:07:26,36400.9,0
2021-06-21 10:07:27,36400.2,0
2021-06-21 10:07:28,36397.35,0
2021-06-21 10:07:29,36397.4,0
2021-06-21 10:07:31,36395.6,0
2021-06-21 10:07:32,36396.35,0
2021-06-21 10:07:33,36397.55,0
2021-06-21 10:07:34,36398.65,0
2021-06-21 10:07:35,36395.35,0
2021-06-21 10:07:36,36396.1,0
2021-06-21 10:07:38,36393.4,0
2021-06-21 10:07:40,36396.9,0
2021-06-21 10:07:41,36398.25,0
2021-06-21 10:07:42,36392.1,0
2021-06-21 10:07:43,36394.0,0
2021-06-21 10:07:44,36389.15,0
2021-06-21 10:07:46,36390.45,0
2021-06-21 10:07:48,36394.75,0
2021-06-21 10:07:49,36391.5,0
2021-06-21 10:07:50,36391.5,0
2021-06-21 10:07:51,36393.0,0
2021-06-21 10:07:52,36391.8,0
2021-06-21 10:07:53,36392.45,0
2021-06-21 10:07:54,36392.6,0
2021-06-21 10:07:55,36390.8,0
2021-06-21 10:07:56,36393.95,0
2021-06-21 10:07:57,36396.35,0
2021-06-21 10:07:58,36395.65,0
2021-06-21 10:07:59,36396.05,0
2021-06-21 10:08:01,36394.95,0
2021-06-21 10:08:02,36398.2,0
2021-06-21 10:08:03,36395.95,0
2021-06-21 10:08:04,36395.0,0
2021-06-21 10:08:05,36399.4,0
2021-06-21 10:08:06,36399.4,0
2021-06-21 10:08:07,36401.6,0
2021-06-21 10:08:08,36403.3,0
2021-06-21 10:08:10,36405.05,0
2021-06-21 10:08:11,36404.9,0
2021-06-21 10:08:12,36405.2,0
2021-06-21 10:08:13,36407.6,0
2021-06-21 10:08:14,36409.05,0
2021-06-21 10:08:15,36408.6,0
2021-06-21 10:08:16,36409.45,0
2021-06-21 10:08:17,36410.75,0
2021-06-21 10:08:18,36407.55,0
2021-06-21 10:08:19,36409.15,0
2021-06-21 10:08:20,36405.75,0
2021-06-21 10:08:21,36410.2,0
2021-06-21 10:08:22,36408.0,0
2021-06-21 10:08:24,36412.75,0
2021-06-21 10:08:25,36413.95,0
2021-06-21 10:08:26,36414.5,0
2021-06-21 10:08:27,36415.0,0
2021-06-21 10:08:30,36411.85,0
2021-06-21 10:08:31,36413.4,0
2021-06-21 10:08:32,36413.9,0
2021-06-21 10:08:34,36413.5,0
2021-06-21 10:08:35,36412.7,0
2021-06-21 10:08:37,36411.25,0
2021-06-21 10:08:38,36413.35,0
2021-06-21 10:08:39,36415.3,0
2021-06-21 10:08:40,36411.55,0
2021-06-21 10:08:41,36413.5,0
2021-06-21 10:08:42,36410.75,0
2021-06-21 10:08:43,36411.7,0
2021-06-21 10:08:44,36411.9,0
2021-06-21 10:08:45,36417.25,0
2021-06-21 10:08:47,36411.1,0
2021-06-21 10:08:49,36413.7,0
2021-06-21 10:08:51,36411.65,0
2021-06-21 10:08:52,36416.15,0
2021-06-21 10:08:53,36416.65,0
2021-06-21 10:08:54,36416.15,0
2021-06-21 10:08:55,36414.45,0
2021-06-21 10:08:56,36414.85,0
2021-06-21 10:08:57,36416.8,0
2021-06-21 10:08:58,36414.8,0
2021-06-21 10:08:59,36415.2,0
2021-06-21 10:09:00,36416.6,0
2021-06-21 10:09:01,36416.6,0
2021-06-21 10:09:02,36416.35,0
2021-06-21 10:09:03,36415.95,0
2021-06-21 10:09:04,36412.75,0
2021-06-21 10:09:05,36416.2,0
2021-06-21 10:09:06,36414.55,0
2021-06-21 10:09:07,36412.7,0
2021-06-21 10:09:08,36415.65,0
2021-06-21 10:09:09,36413.0,0
2021-06-21 10:09:10,36415.0,0
2021-06-21 10:09:11,36414.0,0
2021-06-21 10:09:12,36415.0,0
2021-06-21 10:09:13,36414.25,0
2021-06-21 10:09:14,36412.9,0
2021-06-21 10:09:15,36412.25,0
2021-06-21 10:09:16,36414.8,0
2021-06-21 10:09:18,36416.45,0
2021-06-21 10:09:19,36415.2,0
2021-06-21 10:09:20,36422.3,0
2021-06-21 10:09:21,36415.95,0
2021-06-21 10:09:22,36415.8,0
2021-06-21 10:09:24,36414.5,0
2021-06-21 10:09:27,36412.05,0
2021-06-21 10:09:28,36413.85,0
2021-06-21 10:09:29,36412.95,0
2021-06-21 10:09:31,36409.6,0
2021-06-21 10:09:32,36411.15,0
2021-06-21 10:09:33,36411.35,0
2021-06-21 10:09:34,36413.0,0
2021-06-21 10:09:35,36409.15,0
2021-06-21 10:09:36,36407.1,0
2021-06-21 10:09:37,36409.15,0
2021-06-21 10:09:38,36409.4,0
2021-06-21 10:09:39,36410.0,0
2021-06-21 10:09:40,36414.75,0
2021-06-21 10:09:41,36405.75,0
2021-06-21 10:09:42,36406.25,0
2021-06-21 10:09:43,36407.4,0
2021-06-21 10:09:44,36409.1,0
2021-06-21 10:09:45,36403.9,0
2021-06-21 10:09:46,36407.9,0
2021-06-21 10:09:47,36408.8,0
2021-06-21 10:09:48,36406.85,0
2021-06-21 10:09:49,36406.65,0
2021-06-21 10:09:50,36408.8,0
2021-06-21 10:09:52,36410.9,0
2021-06-21 10:09:53,36409.75,0
2021-06-21 10:09:54,36409.15,0
2021-06-21 10:09:55,36406.4,0
2021-06-21 10:09:56,36408.55,0
2021-06-21 10:09:57,36412.15,0
2021-06-21 10:09:58,36406.5,0
2021-06-21 10:10:00,36407.45,0
2021-06-21 10:10:02,36413.1,0
2021-06-21 10:10:03,36413.0,0
2021-06-21 10:10:04,36415.3,0
2021-06-21 10:10:05,36411.3,0
2021-06-21 10:10:06,36411.65,0
2021-06-21 10:10:07,36409.7,0
2021-06-21 10:10:08,36413.05,0
2021-06-21 10:10:09,36410.75,0
2021-06-21 10:10:10,36410.15,0
2021-06-21 10:10:11,36405.95,0
2021-06-21 10:10:12,36413.0,0
2021-06-21 10:10:13,36407.8,0
2021-06-21 10:10:14,36408.65,0
2021-06-21 10:10:15,36412.3,0
2021-06-21 10:10:17,36412.9,0
2021-06-21 10:10:18,36410.55,0
2021-06-21 10:10:19,36415.2,0
2021-06-21 10:10:20,36416.65,0
2021-06-21 10:10:21,36418.7,0
2021-06-21 10:10:22,36419.95,0
2021-06-21 10:10:23,36417.95,0
2021-06-21 10:10:25,36417.9,0
2021-06-21 10:10:29,36426.5,0
2021-06-21 10:10:30,36426.6,0
2021-06-21 10:10:31,36429.45,0
2021-06-21 10:10:32,36426.35,0
2021-06-21 10:10:34,36420.8,0
2021-06-21 10:10:35,36419.3,0
2021-06-21 10:10:36,36419.75,0
2021-06-21 10:10:37,36424.3,0
2021-06-21 10:10:38,36422.65,0
2021-06-21 10:10:39,36427.1,0
2021-06-21 10:10:40,36425.45,0
2021-06-21 10:10:41,36425.35,0
2021-06-21 10:10:42,36431.4,0
2021-06-21 10:10:43,36428.6,0
2021-06-21 10:10:44,36426.0,0
2021-06-21 10:10:45,36429.7,0
2021-06-21 10:10:47,36432.35,0
2021-06-21 10:10:48,36430.3,0
2021-06-21 10:10:49,36432.1,0
2021-06-21 10:10:51,36427.55,0
2021-06-21 10:10:52,36429.3,0
2021-06-21 10:10:53,36432.05,0
2021-06-21 10:10:54,36432.55,0
2021-06-21 10:10:55,36430.85,0
2021-06-21 10:10:56,36431.1,0
2021-06-21 10:10:57,36432.0,0
2021-06-21 10:10:58,36432.0,0
2021-06-21 10:10:59,36431.85,0
2021-06-21 10:11:00,36431.4,0
2021-06-21 10:11:01,36433.7,0
2021-06-21 10:11:02,36426.9,0
2021-06-21 10:11:04,36426.6,0
2021-06-21 10:11:05,36419.65,0
2021-06-21 10:11:06,36419.75,0
2021-06-21 10:11:07,36420.8,0
2021-06-21 10:11:08,36427.3,0
2021-06-21 10:11:09,36427.4,0
2021-06-21 10:11:10,36422.75,0
2021-06-21 10:11:11,36423.45,0
2021-06-21 10:11:13,36426.1,0
2021-06-21 10:11:14,36423.65,0
2021-06-21 10:11:15,36429.35,0
2021-06-21 10:11:17,36429.6,0
2021-06-21 10:11:18,36424.8,0
2021-06-21 10:11:19,36424.9,0
2021-06-21 10:11:20,36426.9,0
2021-06-21 10:11:21,36427.0,0
2021-06-21 10:11:22,36431.25,0
2021-06-21 10:11:24,36428.3,0
2021-06-21 10:11:25,36431.7,0
2021-06-21 10:11:26,36430.95,0
2021-06-21 10:11:27,36430.0,0
2021-06-21 10:11:28,36431.15,0
2021-06-21 10:11:29,36430.8,0
2021-06-21 10:11:30,36428.45,0
2021-06-21 10:11:31,36428.85,0
2021-06-21 10:11:32,36431.3,0
2021-06-21 10:11:33,36431.25,0
2021-06-21 10:11:34,36427.6,0
2021-06-21 10:11:35,36428.2,0
2021-06-21 10:11:36,36427.9,0
2021-06-21 10:11:37,36429.45,0
2021-06-21 10:11:38,36430.3,0
2021-06-21 10:11:39,36427.0,0
2021-06-21 10:11:40,36425.4,0
2021-06-21 10:11:41,36427.2,0
2021-06-21 10:11:42,36425.0,0
2021-06-21 10:11:43,36423.35,0
2021-06-21 10:11:44,36426.55,0
2021-06-21 10:11:45,36429.25,0
2021-06-21 10:11:47,36426.7,0
2021-06-21 10:11:48,36426.65,0
2021-06-21 10:11:49,36429.25,0
2021-06-21 10:11:50,36426.95,0
2021-06-21 10:11:51,36426.5,0
2021-06-21 10:11:52,36426.85,0
2021-06-21 10:11:53,36428.15,0
2021-06-21 10:11:54,36427.75,0
2021-06-21 10:11:55,36424.45,0
2021-06-21 10:11:56,36426.85,0
2021-06-21 10:11:57,36428.6,0
2021-06-21 10:11:58,36429.5,0
2021-06-21 10:11:59,36428.8,0
2021-06-21 10:12:01,36427.65,0
2021-06-21 10:12:02,36428.75,0
2021-06-21 10:12:03,36426.85,0
2021-06-21 10:12:05,36428.05,0
2021-06-21 10:12:06,36423.05,0
2021-06-21 10:12:07,36422.55,0
2021-06-21 10:12:08,36420.95,0
2021-06-21 10:12:09,36420.35,0
2021-06-21 10:12:10,36418.6,0
2021-06-21 10:12:11,36420.3,0
2021-06-21 10:12:12,36424.3,0
2021-06-21 10:12:13,36422.05,0
2021-06-21 10:12:15,36419.2,0
2021-06-21 10:12:16,36419.85,0
2021-06-21 10:12:17,36419.55,0
2021-06-21 10:12:20,36423.55,0
2021-06-21 10:12:23,36424.8,0
2021-06-21 10:12:24,36420.65,0
2021-06-21 10:12:25,36421.0,0
2021-06-21 10:12:26,36421.1,0
2021-06-21 10:12:27,36423.8,0
2021-06-21 10:12:28,36422.1,0
2021-06-21 10:12:29,36418.85,0
2021-06-21 10:12:30,36422.3,0
2021-06-21 10:12:31,36413.95,0
2021-06-21 10:12:32,36414.6,0
2021-06-21 10:12:33,36410.55,0
2021-06-21 10:12:34,36409.75,0
2021-06-21 10:12:35,36407.65,0
2021-06-21 10:12:36,36415.45,0
2021-06-21 10:12:37,36414.25,0
2021-06-21 10:12:40,36411.8,0
2021-06-21 10:12:41,36414.0,0
2021-06-21 10:12:42,36411.5,0
2021-06-21 10:12:43,36407.0,0
2021-06-21 10:12:44,36414.65,0
2021-06-21 10:12:45,36416.2,0
2021-06-21 10:12:46,36416.45,0
2021-06-21 10:12:47,36412.05,0
2021-06-21 10:12:49,36411.1,0
2021-06-21 10:12:50,36411.85,0
2021-06-21 10:12:51,36412.95,0
2021-06-21 10:12:52,36411.8,0
2021-06-21 10:12:53,36409.15,0
2021-06-21 10:12:54,36411.9,0
2021-06-21 10:12:55,36406.55,0
2021-06-21 10:12:57,36409.35,0
2021-06-21 10:12:58,36410.3,0
2021-06-21 10:12:59,36410.4,0
2021-06-21 10:13:00,36409.8,0
2021-06-21 10:13:01,36413.5,0
2021-06-21 10:13:04,36410.75,0
2021-06-21 10:13:05,36414.75,0
2021-06-21 10:13:06,36412.0,0
2021-06-21 10:13:07,36411.75,0
2021-06-21 10:13:08,36412.85,0
2021-06-21 10:13:09,36414.0,0
2021-06-21 10:13:10,36412.05,0
2021-06-21 10:13:11,36412.45,0
2021-06-21 10:13:12,36411.5,0
2021-06-21 10:13:14,36412.5,0
2021-06-21 10:13:16,36410.5,0
2021-06-21 10:13:17,36410.95,0
2021-06-21 10:13:18,36413.8,0
2021-06-21 10:13:19,36412.2,0
2021-06-21 10:13:20,36409.25,0
2021-06-21 10:13:21,36411.0,0
2021-06-21 10:13:23,36407.9,0
2021-06-21 10:13:24,36406.95,0
2021-06-21 10:13:25,36406.5,0
2021-06-21 10:13:26,36404.05,0
2021-06-21 10:13:28,36406.8,0
2021-06-21 10:13:29,36410.9,0
2021-06-21 10:13:30,36404.35,0
2021-06-21 10:13:31,36408.15,0
2021-06-21 10:13:33,36405.7,0
2021-06-21 10:13:34,36412.4,0
2021-06-21 10:13:35,36411.55,0
2021-06-21 10:13:37,36407.5,0
2021-06-21 10:13:38,36407.7,0
2021-06-21 10:13:39,36410.3,0
2021-06-21 10:13:40,36411.85,0
2021-06-21 10:13:41,36407.6,0
2021-06-21 10:13:42,36410.4,0
2021-06-21 10:13:43,36415.45,0
2021-06-21 10:13:44,36409.6,0
2021-06-21 10:13:45,36409.2,0
2021-06-21 10:13:46,36413.0,0
2021-06-21 10:13:47,36408.25,0
2021-06-21 10:13:48,36412.3,0
2021-06-21 10:13:49,36408.75,0
2021-06-21 10:13:50,36411.05,0
2021-06-21 10:13:51,36412.4,0
2021-06-21 10:13:52,36409.3,0
2021-06-21 10:13:53,36408.3,0
2021-06-21 10:13:54,36410.05,0
2021-06-21 10:13:55,36415.1,0
2021-06-21 10:13:57,36406.05,0
2021-06-21 10:13:59,36414.2,0
2021-06-21 10:14:00,36409.0,0
2021-06-21 10:14:01,36414.0,0
2021-06-21 10:14:02,36410.9,0
2021-06-21 10:14:03,36414.55,0
2021-06-21 10:14:04,36411.65,0
2021-06-21 10:14:05,36415.95,0
2021-06-21 10:14:06,36414.25,0
2021-06-21 10:14:07,36416.4,0
2021-06-21 10:14:08,36417.75,0
2021-06-21 10:14:09,36419.6,0
2021-06-21 10:14:12,36420.6,0
2021-06-21 10:14:13,36419.6,0
2021-06-21 10:14:14,36421.9,0
2021-06-21 10:14:15,36418.95,0
2021-06-21 10:14:17,36416.1,0
2021-06-21 10:14:18,36416.95,0
2021-06-21 10:14:19,36416.45,0
2021-06-21 10:14:20,36415.4,0
2021-06-21 10:14:21,36417.4,0
2021-06-21 10:14:22,36416.1,0
2021-06-21 10:14:24,36417.95,0
2021-06-21 10:14:25,36418.6,0
2021-06-21 10:14:26,36414.2,0
2021-06-21 10:14:29,36418.45,0
2021-06-21 10:14:30,36418.45,0
2021-06-21 10:14:31,36419.95,0
2021-06-21 10:14:32,36416.85,0
2021-06-21 10:14:33,36417.9,0
2021-06-21 10:14:34,36417.3,0
2021-06-21 10:14:35,36420.8,0
2021-06-21 10:14:37,36410.0,0
2021-06-21 10:14:38,36413.35,0
2021-06-21 10:14:39,36409.8,0
2021-06-21 10:14:40,36412.55,0
2021-06-21 10:14:41,36406.25,0
2021-06-21 10:14:42,36411.4,0
2021-06-21 10:14:43,36405.85,0
2021-06-21 10:14:44,36406.55,0
2021-06-21 10:14:45,36405.65,0
2021-06-21 10:14:46,36408.1,0
2021-06-21 10:14:47,36410.45,0
2021-06-21 10:14:48,36409.4,0
2021-06-21 10:14:49,36407.85,0
2021-06-21 10:14:50,36405.7,0
2021-06-21 10:14:51,36406.0,0
2021-06-21 10:14:54,36409.05,0
2021-06-21 10:14:55,36399.6,0
2021-06-21 10:14:56,36406.3,0
2021-06-21 10:14:57,36399.0,0
2021-06-21 10:14:58,36397.5,0
2021-06-21 10:15:01,36393.3,0
2021-06-21 10:15:02,36394.65,0
2021-06-21 10:15:03,36396.05,0
2021-06-21 10:15:04,36395.85,0
2021-06-21 10:15:05,36399.45,0
2021-06-21 10:15:06,36397.3,0
2021-06-21 10:15:07,36397.5,0
2021-06-21 10:15:08,36401.35,0
2021-06-21 10:15:09,36399.65,0
2021-06-21 10:15:10,36401.15,0
2021-06-21 10:15:11,36400.7,0
2021-06-21 10:15:12,36401.55,0
2021-06-21 10:15:13,36402.65,0
2021-06-21 10:15:14,36401.45,0
2021-06-21 10:15:15,36400.45,0
2021-06-21 10:15:16,36406.45,0
2021-06-21 10:15:17,36401.7,0
2021-06-21 10:15:18,36401.6,0
2021-06-21 10:15:19,36404.0,0
2021-06-21 10:15:20,36405.15,0
2021-06-21 10:15:21,36405.55,0
2021-06-21 10:15:23,36406.45,0
2021-06-21 10:15:24,36400.8,0
2021-06-21 10:15:25,36402.7,0
2021-06-21 10:15:26,36403.3,0
2021-06-21 10:15:27,36400.35,0
2021-06-21 10:15:28,36400.65,0
2021-06-21 10:15:30,36399.8,0
2021-06-21 10:15:31,36391.55,0
2021-06-21 10:15:32,36393.45,0
2021-06-21 10:15:33,36397.45,0
2021-06-21 10:15:34,36391.4,0
2021-06-21 10:15:35,36390.4,0
2021-06-21 10:15:36,36391.45,0
2021-06-21 10:15:37,36398.55,0
2021-06-21 10:15:38,36393.1,0
2021-06-21 10:15:39,36391.7,0
2021-06-21 10:15:40,36394.5,0
2021-06-21 10:15:41,36393.5,0
2021-06-21 10:15:42,36390.75,0
2021-06-21 10:15:43,36390.25,0
2021-06-21 10:15:44,36391.95,0
2021-06-21 10:15:46,36388.95,0
2021-06-21 10:15:47,36391.55,0
2021-06-21 10:15:49,36392.15,0
2021-06-21 10:15:51,36390.45,0
2021-06-21 10:15:52,36393.2,0
2021-06-21 10:15:53,36393.25,0
2021-06-21 10:15:54,36389.25,0
2021-06-21 10:15:55,36390.5,0
2021-06-21 10:15:56,36388.85,0
2021-06-21 10:15:57,36389.65,0
2021-06-21 10:15:58,36392.15,0
2021-06-21 10:15:59,36387.9,0
2021-06-21 10:16:00,36389.05,0
2021-06-21 10:16:01,36393.4,0
2021-06-21 10:16:02,36388.8,0
2021-06-21 10:16:03,36390.65,0
2021-06-21 10:16:04,36388.65,0
2021-06-21 10:16:05,36396.65,0
2021-06-21 10:16:06,36392.45,0
2021-06-21 10:16:07,36388.55,0
2021-06-21 10:16:08,36388.25,0
2021-06-21 10:16:09,36388.65,0
2021-06-21 10:16:10,36395.7,0
2021-06-21 10:16:11,36390.15,0
2021-06-21 10:16:12,36389.9,0
2021-06-21 10:16:13,36394.15,0
2021-06-21 10:16:14,36391.95,0
2021-06-21 10:16:15,36396.15,0
2021-06-21 10:16:16,36393.5,0
2021-06-21 10:16:17,36392.35,0
2021-06-21 10:16:18,36398.7,0
2021-06-21 10:16:20,36390.0,0
2021-06-21 10:16:22,36392.1,0
2021-06-21 10:16:23,36394.4,0
2021-06-21 10:16:24,36394.7,0
2021-06-21 10:16:25,36397.9,0
2021-06-21 10:16:26,36393.7,0
2021-06-21 10:16:27,36391.35,0
2021-06-21 10:16:28,36390.95,0
2021-06-21 10:16:29,36394.9,0
2021-06-21 10:16:30,36391.3,0
2021-06-21 10:16:31,36394.6,0
2021-06-21 10:16:32,36391.75,0
2021-06-21 10:16:33,36393.45,0
2021-06-21 10:16:34,36393.65,0
2021-06-21 10:16:36,36388.65,0
2021-06-21 10:16:37,36390.0,0
2021-06-21 10:16:38,36388.2,0
2021-06-21 10:16:40,36390.55,0
2021-06-21 10:16:41,36393.35,0
2021-06-21 10:16:43,36389.9,0
2021-06-21 10:16:44,36388.25,0
2021-06-21 10:16:48,36389.45,0
2021-06-21 10:16:49,36390.7,0
2021-06-21 10:16:50,36392.65,0
2021-06-21 10:16:51,36390.8,0
2021-06-21 10:16:53,36391.05,0
2021-06-21 10:16:54,36389.65,0
2021-06-21 10:16:55,36389.0,0
2021-06-21 10:16:56,36390.7,0
2021-06-21 10:16:57,36395.1,0
2021-06-21 10:16:58,36391.45,0
2021-06-21 10:16:59,36394.95,0
2021-06-21 10:17:00,36394.95,0
2021-06-21 10:17:01,36396.65,0
2021-06-21 10:17:02,36392.95,0
2021-06-21 10:17:03,36390.05,0
2021-06-21 10:17:04,36397.6,0
2021-06-21 10:17:05,36395.3,0
2021-06-21 10:17:06,36397.3,0
2021-06-21 10:17:07,36399.65,0
2021-06-21 10:17:09,36402.95,0
2021-06-21 10:17:10,36400.9,0
2021-06-21 10:17:11,36400.9,0
2021-06-21 10:17:13,36401.9,0
2021-06-21 10:17:14,36402.65,0
2021-06-21 10:17:15,36398.85,0
2021-06-21 10:17:16,36400.4,0
2021-06-21 10:17:17,36397.75,0
2021-06-21 10:17:18,36401.1,0
2021-06-21 10:17:19,36403.9,0
2021-06-21 10:17:20,36401.55,0
2021-06-21 10:17:21,36398.45,0
2021-06-21 10:17:22,36396.7,0
2021-06-21 10:17:23,36393.4,0
2021-06-21 10:17:24,36398.95,0
2021-06-21 10:17:25,36400.5,0
2021-06-21 10:17:26,36403.0,0
2021-06-21 10:17:27,36399.45,0
2021-06-21 10:17:28,36404.0,0
2021-06-21 10:17:29,36405.5,0
2021-06-21 10:17:30,36404.8,0
2021-06-21 10:17:31,36405.55,0
2021-06-21 10:17:32,36405.8,0
2021-06-21 10:17:34,36404.85,0
2021-06-21 10:17:35,36403.6,0
2021-06-21 10:17:36,36400.6,0
2021-06-21 10:17:37,36401.6,0
2021-06-21 10:17:38,36400.9,0
2021-06-21 10:17:39,36399.95,0
2021-06-21 10:17:40,36400.1,0
2021-06-21 10:17:41,36398.2,0
2021-06-21 10:17:42,36403.15,0
2021-06-21 10:17:43,36399.7,0
2021-06-21 10:17:45,36400.95,0
2021-06-21 10:17:46,36399.1,0
2021-06-21 10:17:47,36401.6,0
2021-06-21 10:17:48,36396.2,0
2021-06-21 10:17:49,36400.15,0
2021-06-21 10:17:50,36398.0,0
2021-06-21 10:17:51,36394.5,0
2021-06-21 10:17:52,36396.45,0
2021-06-21 10:17:53,36397.3,0
2021-06-21 10:17:54,36396.4,0
2021-06-21 10:17:55,36397.5,0
2021-06-21 10:17:56,36397.5,0
2021-06-21 10:17:58,36394.25,0
2021-06-21 10:17:59,36393.7,0
2021-06-21 10:18:00,36389.15,0
2021-06-21 10:18:01,36394.75,0
2021-06-21 10:18:04,36393.95,0
2021-06-21 10:18:06,36399.5,0
2021-06-21 10:18:07,36398.55,0
2021-06-21 10:18:10,36399.05,0
2021-06-21 10:18:11,36395.85,0
2021-06-21 10:18:12,36397.9,0
2021-06-21 10:18:13,36394.7,0
2021-06-21 10:18:14,36392.55,0
2021-06-21 10:18:16,36393.4,0
2021-06-21 10:18:17,36393.25,0
2021-06-21 10:18:19,36396.1,0
2021-06-21 10:18:20,36393.75,0
2021-06-21 10:18:21,36393.9,0
2021-06-21 10:18:22,36395.55,0
2021-06-21 10:18:23,36394.85,0
2021-06-21 10:18:24,36395.3,0
2021-06-21 10:18:25,36395.8,0
2021-06-21 10:18:26,36397.55,0
2021-06-21 10:18:27,36394.85,0
2021-06-21 10:18:28,36396.45,0
2021-06-21 10:18:29,36396.85,0
2021-06-21 10:18:30,36393.85,0
2021-06-21 10:18:31,36393.35,0
2021-06-21 10:18:34,36396.15,0
2021-06-21 10:18:35,36395.2,0
2021-06-21 10:18:36,36394.6,0
2021-06-21 10:18:37,36392.3,0
2021-06-21 10:18:38,36386.7,0
2021-06-21 10:18:39,36387.55,0
2021-06-21 10:18:40,36385.35,0
2021-06-21 10:18:41,36387.75,0
2021-06-21 10:18:42,36385.85,0
2021-06-21 10:18:43,36386.1,0
2021-06-21 10:18:45,36387.15,0
2021-06-21 10:18:46,36386.3,0
2021-06-21 10:18:48,36384.2,0
2021-06-21 10:18:49,36384.95,0
2021-06-21 10:18:50,36388.8,0
2021-06-21 10:18:51,36385.8,0
2021-06-21 10:18:52,36391.95,0
2021-06-21 10:18:53,36392.15,0
2021-06-21 10:18:55,36391.5,0
2021-06-21 10:18:56,36390.75,0
2021-06-21 10:18:57,36388.5,0
2021-06-21 10:18:58,36386.7,0
2021-06-21 10:19:00,36392.75,0
2021-06-21 10:19:01,36388.75,0
2021-06-21 10:19:02,36388.8,0
2021-06-21 10:19:03,36389.8,0
2021-06-21 10:19:04,36385.4,0
2021-06-21 10:19:05,36389.0,0
2021-06-21 10:19:06,36389.25,0
2021-06-21 10:19:07,36387.2,0
2021-06-21 10:19:08,36385.55,0
2021-06-21 10:19:10,36382.75,0
2021-06-21 10:19:11,36383.3,0
2021-06-21 10:19:12,36383.1,0
2021-06-21 10:19:13,36389.3,0
2021-06-21 10:19:14,36392.55,0
2021-06-21 10:19:15,36388.8,0
2021-06-21 10:19:16,36389.1,0
2021-06-21 10:19:17,36391.45,0
2021-06-21 10:19:18,36388.45,0
2021-06-21 10:19:19,36385.1,0
2021-06-21 10:19:20,36386.4,0
2021-06-21 10:19:21,36387.45,0
2021-06-21 10:19:22,36384.6,0
2021-06-21 10:19:23,36387.0,0
2021-06-21 10:19:24,36388.55,0
2021-06-21 10:19:25,36390.2,0
2021-06-21 10:19:26,36390.5,0
2021-06-21 10:19:27,36390.5,0
2021-06-21 10:19:28,36389.95,0
2021-06-21 10:19:29,36391.15,0
2021-06-21 10:19:30,36391.6,0
2021-06-21 10:19:31,36392.3,0
2021-06-21 10:19:33,36397.45,0
2021-06-21 10:19:34,36394.45,0
2021-06-21 10:19:35,36394.3,0
2021-06-21 10:19:36,36393.8,0
2021-06-21 10:19:37,36391.5,0
2021-06-21 10:19:38,36392.0,0
2021-06-21 10:19:39,36393.2,0
2021-06-21 10:19:40,36395.45,0
2021-06-21 10:19:41,36395.4,0
2021-06-21 10:19:42,36390.75,0
2021-06-21 10:19:43,36394.5,0
2021-06-21 10:19:44,36394.4,0
2021-06-21 10:19:45,36395.4,0
2021-06-21 10:19:46,36398.55,0
2021-06-21 10:19:47,36395.15,0
2021-06-21 10:19:48,36391.2,0
2021-06-21 10:19:49,36393.4,0
2021-06-21 10:19:51,36394.5,0
2021-06-21 10:19:52,36394.1,0
2021-06-21 10:19:54,36389.9,0
2021-06-21 10:19:55,36391.05,0
2021-06-21 10:19:56,36391.8,0
2021-06-21 10:19:57,36393.3,0
2021-06-21 10:19:58,36390.95,0
2021-06-21 10:20:00,36393.8,0
2021-06-21 10:20:01,36392.1,0
2021-06-21 10:20:02,36395.15,0
2021-06-21 10:20:03,36391.85,0
2021-06-21 10:20:04,36396.55,0
2021-06-21 10:20:05,36392.45,0
2021-06-21 10:20:08,36398.7,0
2021-06-21 10:20:09,36394.05,0
2021-06-21 10:20:10,36397.65,0
2021-06-21 10:20:11,36389.9,0
2021-06-21 10:20:12,36393.3,0
2021-06-21 10:20:13,36391.8,0
2021-06-21 10:20:14,36393.65,0
2021-06-21 10:20:15,36393.4,0
2021-06-21 10:20:16,36393.15,0
2021-06-21 10:20:17,36393.25,0
2021-06-21 10:20:18,36392.2,0
2021-06-21 10:20:19,36393.35,0
2021-06-21 10:20:22,36391.35,0
2021-06-21 10:20:23,36388.35,0
2021-06-21 10:20:24,36389.35,0
2021-06-21 10:20:25,36394.05,0
2021-06-21 10:20:26,36392.55,0
2021-06-21 10:20:27,36391.2,0
2021-06-21 10:20:28,36393.05,0
2021-06-21 10:20:29,36392.05,0
2021-06-21 10:20:30,36386.2,0
2021-06-21 10:20:31,36389.25,0
2021-06-21 10:20:32,36390.25,0
2021-06-21 10:20:33,36394.65,0
2021-06-21 10:20:35,36392.15,0
2021-06-21 10:20:36,36390.2,0
2021-06-21 10:20:38,36393.05,0
2021-06-21 10:20:39,36387.9,0
2021-06-21 10:20:40,36389.35,0
2021-06-21 10:20:41,36389.25,0
2021-06-21 10:20:42,36388.6,0
2021-06-21 10:20:43,36389.6,0
2021-06-21 10:20:46,36390.85,0
2021-06-21 10:20:47,36385.95,0
2021-06-21 10:20:48,36385.5,0
2021-06-21 10:20:50,36387.95,0
2021-06-21 10:20:51,36392.2,0
2021-06-21 10:20:52,36387.7,0
2021-06-21 10:20:54,36388.1,0
2021-06-21 10:20:55,36385.75,0
2021-06-21 10:20:56,36389.6,0
2021-06-21 10:20:57,36388.85,0
2021-06-21 10:20:59,36388.5,0
2021-06-21 10:21:00,36386.1,0
2021-06-21 10:21:01,36386.55,0
2021-06-21 10:21:02,36383.95,0
2021-06-21 10:21:03,36382.15,0
2021-06-21 10:21:04,36384.15,0
2021-06-21 10:21:05,36383.7,0
2021-06-21 10:21:07,36383.05,0
2021-06-21 10:21:08,36381.6,0
2021-06-21 10:21:09,36386.85,0
2021-06-21 10:21:10,36384.6,0
2021-06-21 10:21:11,36382.5,0
2021-06-21 10:21:12,36381.95,0
2021-06-21 10:21:13,36384.1,0
2021-06-21 10:21:14,36388.35,0
2021-06-21 10:21:15,36388.75,0
2021-06-21 10:21:16,36384.65,0
2021-06-21 10:21:17,36382.85,0
2021-06-21 10:21:18,36388.0,0
2021-06-21 10:21:19,36382.25,0
2021-06-21 10:21:20,36386.2,0
2021-06-21 10:21:21,36386.3,0
2021-06-21 10:21:22,36385.4,0
2021-06-21 10:21:23,36381.7,0
2021-06-21 10:21:24,36377.95,0
2021-06-21 10:21:25,36388.0,0
2021-06-21 10:21:26,36379.35,0
2021-06-21 10:21:27,36380.6,0
2021-06-21 10:21:28,36377.9,0
2021-06-21 10:21:29,36384.2,0
2021-06-21 10:21:30,36379.75,0
2021-06-21 10:21:31,36381.75,0
2021-06-21 10:21:32,36385.95,0
2021-06-21 10:21:33,36382.45,0
2021-06-21 10:21:34,36385.1,0
2021-06-21 10:21:35,36381.45,0
2021-06-21 10:21:36,36381.65,0
2021-06-21 10:21:37,36386.9,0
2021-06-21 10:21:38,36379.7,0
2021-06-21 10:21:39,36385.85,0
2021-06-21 10:21:40,36385.7,0
2021-06-21 10:21:41,36383.1,0
2021-06-21 10:21:42,36381.4,0
2021-06-21 10:21:45,36379.8,0
2021-06-21 10:21:46,36380.1,0
2021-06-21 10:21:47,36383.4,0
2021-06-21 10:21:48,36383.45,0
2021-06-21 10:21:49,36382.2,0
2021-06-21 10:21:50,36381.3,0
2021-06-21 10:21:51,36380.25,0
2021-06-21 10:21:52,36385.2,0
2021-06-21 10:21:53,36380.45,0
2021-06-21 10:21:54,36377.65,0
2021-06-21 10:21:55,36376.4,0
2021-06-21 10:21:56,36378.7,0
2021-06-21 10:21:58,36374.9,0
2021-06-21 10:21:59,36380.5,0
2021-06-21 10:22:00,36378.9,0
2021-06-21 10:22:01,36381.2,0
2021-06-21 10:22:04,36377.9,0
2021-06-21 10:22:05,36380.25,0
2021-06-21 10:22:06,36380.7,0
2021-06-21 10:22:07,36380.4,0
2021-06-21 10:22:08,36380.7,0
2021-06-21 10:22:09,36377.7,0
2021-06-21 10:22:10,36378.4,0
2021-06-21 10:22:11,36378.8,0
2021-06-21 10:22:13,36378.35,0
2021-06-21 10:22:14,36378.35,0
2021-06-21 10:22:15,36375.45,0
2021-06-21 10:22:16,36376.6,0
2021-06-21 10:22:17,36377.15,0
2021-06-21 10:22:19,36377.65,0
2021-06-21 10:22:20,36379.15,0
2021-06-21 10:22:21,36374.65,0
2021-06-21 10:22:23,36377.05,0
2021-06-21 10:22:24,36374.2,0
2021-06-21 10:22:25,36373.9,0
2021-06-21 10:22:26,36375.15,0
2021-06-21 10:22:27,36373.55,0
2021-06-21 10:22:28,36373.1,0
2021-06-21 10:22:29,36371.65,0
2021-06-21 10:22:30,36374.05,0
2021-06-21 10:22:31,36373.0,0
2021-06-21 10:22:32,36371.65,0
2021-06-21 10:22:33,36371.4,0
2021-06-21 10:22:34,36368.45,0
2021-06-21 10:22:35,36371.7,0
2021-06-21 10:22:38,36371.85,0
2021-06-21 10:22:40,36369.9,0
2021-06-21 10:22:43,36371.05,0
2021-06-21 10:22:45,36369.35,0
2021-06-21 10:22:46,36371.75,0
2021-06-21 10:22:47,36367.05,0
2021-06-21 10:22:48,36369.55,0
2021-06-21 10:22:49,36367.8,0
2021-06-21 10:22:50,36369.5,0
2021-06-21 10:22:51,36369.5,0
2021-06-21 10:22:52,36368.2,0
2021-06-21 10:22:53,36370.55,0
2021-06-21 10:22:54,36370.55,0
2021-06-21 10:22:55,36369.0,0
2021-06-21 10:22:56,36372.0,0
2021-06-21 10:22:57,36372.35,0
2021-06-21 10:22:59,36371.1,0
2021-06-21 10:23:00,36369.65,0
2021-06-21 10:23:01,36367.35,0
2021-06-21 10:23:02,36368.05,0
2021-06-21 10:23:04,36367.1,0
2021-06-21 10:23:05,36366.0,0
