timestamp,ltp,volume
2021-06-21 09:16:23,17920.95,0
2021-06-21 09:16:43,17922.45,0
2021-06-21 09:16:46,17924.65,0
2021-06-21 09:16:49,17927.95,0
2021-06-21 09:16:52,17931.0,0
2021-06-21 09:16:55,17941.05,0
2021-06-21 09:16:58,17945.9,0
2021-06-21 09:16:59,17945.6,0
2021-06-21 09:17:01,17950.75,0
2021-06-21 09:17:07,17930.25,0
2021-06-21 09:17:08,17929.8,0
2021-06-21 09:17:15,17920.75,0
2021-06-21 09:17:20,17910.5,0
2021-06-21 09:17:22,17922.2,0
2021-06-21 09:17:23,17919.4,0
2021-06-21 09:17:27,17918.4,0
2021-06-21 09:17:42,17919.95,0
2021-06-21 09:17:43,17921.55,0
2021-06-21 09:17:51,17931.6,0
2021-06-21 09:17:54,17927.05,0
2021-06-21 09:17:55,17924.8,0
2021-06-21 09:17:57,17928.4,0
2021-06-21 09:18:00,17927.65,0
2021-06-21 09:18:07,17929.15,0
2021-06-21 09:18:08,17932.9,0
2021-06-21 09:18:09,17931.45,0
2021-06-21 09:18:11,17930.05,0
2021-06-21 09:18:15,17938.45,0
2021-06-21 09:18:16,17937.4,0
2021-06-21 09:18:21,17939.15,0
2021-06-21 09:18:24,17931.05,0
2021-06-21 09:18:25,17932.7,0
2021-06-21 09:18:30,17930.85,0
2021-06-21 09:18:31,17931.95,0
2021-06-21 09:18:38,17931.1,0
2021-06-21 09:18:39,17929.35,0
2021-06-21 09:18:42,17932.15,0
2021-06-21 09:18:45,17933.2,0
2021-06-21 09:18:51,17939.2,0
2021-06-21 09:18:53,17942.2,0
2021-06-21 09:18:58,17941.5,0
2021-06-21 09:19:01,17932.6,0
2021-06-21 09:19:03,17930.15,0
2021-06-21 09:19:04,17929.2,0
2021-06-21 09:19:05,17931.25,0
2021-06-21 09:19:06,17932.85,0
2021-06-21 09:19:09,17936.25,0
2021-06-21 09:19:15,17937.3,0
2021-06-21 09:19:19,17941.15,0
2021-06-21 09:19:22,17941.9,0
2021-06-21 09:19:23,17943.55,0
2021-06-21 09:19:25,17947.55,0
2021-06-21 09:19:27,17955.5,0
2021-06-21 09:19:28,17956.6,0
2021-06-21 09:19:29,17952.8,0
2021-06-21 09:19:31,17956.7,0
2021-06-21 09:19:35,17955.65,0
2021-06-21 09:19:38,17961.4,0
2021-06-21 09:19:41,17961.65,0
2021-06-21 09:19:42,17960.65,0
2021-06-21 09:19:44,17959.4,0
2021-06-21 09:19:45,17958.75,0
2021-06-21 09:19:46,17957.45,0
2021-06-21 09:19:47,17959.5,0
2021-06-21 09:19:53,17959.9,0
2021-06-21 09:19:58,17964.4,0
2021-06-21 09:20:00,17967.45,0
2021-06-21 09:20:01,17965.05,0
2021-06-21 09:20:02,17963.75,0
2021-06-21 09:20:04,17959.85,0
2021-06-21 09:20:07,17951.35,0
2021-06-21 09:20:08,17951.5,0
2021-06-21 09:20:20,17941.8,0
2021-06-21 09:20:23,17948.9,0
2021-06-21 09:20:38,17977.45,0
2021-06-21 09:20:58,17975.95,0
2021-06-21 09:20:59,17977.0,0
2021-06-21 09:21:00,17972.0,0
2021-06-21 09:21:05,17977.7,0
2021-06-21 09:21:07,17980.45,0
2021-06-21 09:21:09,17976.55,0
2021-06-21 09:21:10,17977.65,0
2021-06-21 09:21:16,17971.35,0
2021-06-21 09:21:26,17968.85,0
2021-06-21 09:21:28,17970.85,0
2021-06-21 09:21:45,17973.15,0
2021-06-21 09:21:47,17967.95,0
2021-06-21 09:21:50,17966.95,0
2021-06-21 09:21:57,17970.5,0
2021-06-21 09:21:58,17970.35,0
2021-06-21 09:22:04,17977.65,0
2021-06-21 09:22:09,17977.55,0
2021-06-21 09:22:10,17979.95,0
2021-06-21 09:22:15,17978.95,0
2021-06-21 09:22:18,17981.55,0
2021-06-21 09:22:21,17980.45,0
2021-06-21 09:22:25,17983.1,0
2021-06-21 09:22:33,17994.1,0
2021-06-21 09:22:42,18004.3,0
2021-06-21 09:22:43,18005.1,0
2021-06-21 09:22:54,17999.85,0
2021-06-21 09:22:55,17999.75,0
2021-06-21 09:22:56,18002.65,0
2021-06-21 09:23:01,18004.9,0
2021-06-21 09:23:05,17992.7,0
2021-06-21 09:23:06,17993.1,0
2021-06-21 09:23:07,17997.05,0
2021-06-21 09:23:13,17996.9,0
2021-06-21 09:23:14,17996.85,0
2021-06-21 09:23:18,18001.7,0
2021-06-21 09:23:21,18002.45,0
2021-06-21 09:23:22,17995.2,0
2021-06-21 09:23:23,17996.5,0
2021-06-21 09:23:28,17996.5,0
2021-06-21 09:23:30,17996.65,0
2021-06-21 09:23:32,17995.95,0
2021-06-21 09:23:33,17998.75,0
2021-06-21 09:23:34,17998.9,0
2021-06-21 09:23:37,17997.8,0
2021-06-21 09:23:44,18004.85,0
2021-06-21 09:23:47,18004.35,0
2021-06-21 09:23:52,18005.45,0
2021-06-21 09:23:53,18010.15,0
2021-06-21 09:23:56,18009.1,0
2021-06-21 09:24:01,18008.6,0
2021-06-21 09:24:05,18011.55,0
2021-06-21 09:24:10,18009.0,0
2021-06-21 09:24:11,18009.05,0
2021-06-21 09:24:12,18006.0,0
2021-06-21 09:24:17,17993.15,0
2021-06-21 09:24:20,17992.4,0
2021-06-21 09:24:22,17995.5,0
2021-06-21 09:24:26,17998.6,0
2021-06-21 09:24:34,18006.95,0
2021-06-21 09:24:36,18006.75,0
2021-06-21 09:24:39,18014.75,0
2021-06-21 09:24:47,18015.5,0
2021-06-21 09:24:49,18022.55,0
2021-06-21 09:24:51,18022.6,0
2021-06-21 09:24:52,18022.45,0
2021-06-21 09:25:01,18018.15,0
2021-06-21 09:25:02,18021.7,0
2021-06-21 09:25:05,18023.45,0
2021-06-21 09:25:06,18022.95,0
2021-06-21 09:25:10,18020.25,0
2021-06-21 09:25:11,18022.7,0
2021-06-21 09:25:12,18022.15,0
2021-06-21 09:25:15,18020.75,0
2021-06-21 09:25:16,18017.5,0
2021-06-21 09:25:18,18016.5,0
2021-06-21 09:25:23,18011.1,0
2021-06-21 09:25:25,18012.65,0
2021-06-21 09:25:31,18016.55,0
2021-06-21 09:25:36,18023.05,0
2021-06-21 09:25:39,18026.8,0
2021-06-21 09:25:45,18028.8,0
2021-06-21 09:25:46,18028.45,0
2021-06-21 09:25:51,18031.65,0
2021-06-21 09:25:52,18034.35,0
2021-06-21 09:25:53,18035.3,0
2021-06-21 09:25:58,18030.35,0
2021-06-21 09:26:04,18031.85,0
2021-06-21 09:26:06,18032.15,0
2021-06-21 09:26:07,18034.6,0
2021-06-21 09:26:08,18031.65,0
2021-06-21 09:26:13,18034.35,0
2021-06-21 09:26:18,18024.45,0
2021-06-21 09:26:21,18016.85,0
2021-06-21 09:26:23,18022.1,0
2021-06-21 09:26:24,18023.8,0
2021-06-21 09:26:33,18028.1,0
2021-06-21 09:26:37,18030.85,0
2021-06-21 09:26:49,18014.75,0
2021-06-21 09:26:57,18012.2,0
2021-06-21 09:26:58,18006.95,0
2021-06-21 09:27:03,18010.55,0
2021-06-21 09:27:05,18012.05,0
2021-06-21 09:27:08,18018.35,0
2021-06-21 09:27:09,18017.65,0
2021-06-21 09:27:16,18014.85,0
2021-06-21 09:27:17,18015.2,0
2021-06-21 09:27:21,18013.75,0
2021-06-21 09:27:22,18013.2,0
2021-06-21 09:27:26,18015.45,0
2021-06-21 09:27:30,18019.95,0
2021-06-21 09:27:32,18022.85,0
2021-06-21 09:27:35,18025.55,0
2021-06-21 09:27:36,18023.35,0
2021-06-21 09:27:37,18025.9,0
2021-06-21 09:27:39,18027.75,0
2021-06-21 09:27:41,18033.3,0
2021-06-21 09:27:43,18026.55,0
2021-06-21 09:27:51,18025.55,0
2021-06-21 09:27:52,18027.7,0
2021-06-21 09:27:53,18025.2,0
2021-06-21 09:27:54,18025.75,0
2021-06-21 09:27:57,18024.65,0
2021-06-21 09:28:03,18025.1,0
2021-06-21 09:28:06,18030.75,0
2021-06-21 09:28:12,18020.7,0
2021-06-21 09:28:13,18024.75,0
2021-06-21 09:28:14,18025.3,0
2021-06-21 09:28:16,18031.3,0
2021-06-21 09:28:18,18030.45,0
2021-06-21 09:28:25,18037.65,0
2021-06-21 09:28:27,18033.55,0
2021-06-21 09:28:48,18034.05,0
2021-06-21 09:28:49,18035.75,0
2021-06-21 09:28:55,18038.6,0
2021-06-21 09:29:00,18043.75,0
2021-06-21 09:29:01,18043.65,0
2021-06-21 09:29:02,18044.3,0
2021-06-21 09:29:03,18043.85,0
2021-06-21 09:29:04,18043.15,0
2021-06-21 09:29:05,18042.75,0
2021-06-21 09:29:07,18041.65,0
2021-06-21 09:29:08,18043.0,0
2021-06-21 09:29:12,18041.15,0
2021-06-21 09:29:13,18043.2,0
2021-06-21 09:29:14,18045.2,0
2021-06-21 09:29:18,18046.1,0
2021-06-21 09:29:19,18045.95,0
2021-06-21 09:29:21,18042.65,0
2021-06-21 09:29:23,18040.6,0
2021-06-21 09:29:25,18040.0,0
2021-06-21 09:29:26,18038.25,0
2021-06-21 09:29:27,18040.7,0
2021-06-21 09:29:28,18039.8,0
2021-06-21 09:29:30,18040.75,0
2021-06-21 09:29:33,18041.25,0
2021-06-21 09:29:38,18039.8,0
2021-06-21 09:29:39,18037.85,0
2021-06-21 09:29:41,18042.05,0
2021-06-21 09:29:42,18040.0,0
2021-06-21 09:29:45,18039.25,0
2021-06-21 09:29:48,18030.5,0
2021-06-21 09:29:52,18034.4,0
2021-06-21 09:29:54,18036.5,0
2021-06-21 09:29:55,18032.7,0
2021-06-21 09:30:02,18034.25,0
2021-06-21 09:30:07,18030.8,0
2021-06-21 09:30:09,18025.95,0
2021-06-21 09:30:13,18022.65,0
2021-06-21 09:30:14,18023.7,0
2021-06-21 09:30:16,18023.8,0
2021-06-21 09:30:19,18021.2,0
2021-06-21 09:30:24,18019.8,0
2021-06-21 09:30:29,18013.85,0
2021-06-21 09:30:33,18015.35,0
2021-06-21 09:30:34,18015.85,0
2021-06-21 09:30:37,18020.95,0
2021-06-21 09:30:38,18020.35,0
2021-06-21 09:30:39,18027.4,0
2021-06-21 09:30:40,18025.25,0
2021-06-21 09:30:42,18028.9,0
2021-06-21 09:30:44,18026.5,0
2021-06-21 09:30:54,18032.05,0
2021-06-21 09:30:55,18031.25,0
2021-06-21 09:31:01,18029.4,0
2021-06-21 09:31:07,18029.45,0
2021-06-21 09:31:08,18029.45,0
2021-06-21 09:31:10,18028.5,0
2021-06-21 09:31:11,18027.0,0
2021-06-21 09:31:15,18027.4,0
2021-06-21 09:31:20,18024.7,0
2021-06-21 09:31:22,18022.6,0
2021-06-21 09:31:28,18028.95,0
2021-06-21 09:31:29,18031.2,0
2021-06-21 09:31:35,18027.85,0
2021-06-21 09:31:36,18028.85,0
2021-06-21 09:31:37,18029.4,0
2021-06-21 09:31:41,18034.45,0
2021-06-21 09:31:46,18042.6,0
2021-06-21 09:31:47,18042.2,0
2021-06-21 09:31:50,18045.15,0
2021-06-21 09:31:55,18056.8,0
2021-06-21 09:31:59,18055.85,0
2021-06-21 09:32:02,18055.4,0
2021-06-21 09:32:04,18053.7,0
2021-06-21 09:32:10,18055.05,0
2021-06-21 09:32:13,18055.3,0
2021-06-21 09:32:15,18055.2,0
2021-06-21 09:32:20,18061.25,0
2021-06-21 09:32:21,18059.9,0
2021-06-21 09:32:23,18060.5,0
2021-06-21 09:32:32,18066.55,0
2021-06-21 09:32:50,18064.9,0
2021-06-21 09:32:54,18064.4,0
2021-06-21 09:32:56,18068.75,0
2021-06-21 09:32:58,18067.7,0
2021-06-21 09:33:00,18068.1,0
2021-06-21 09:33:08,18065.2,0
2021-06-21 09:33:09,18064.9,0
2021-06-21 09:33:10,18066.35,0
2021-06-21 09:33:11,18068.35,0
2021-06-21 09:33:12,18066.0,0
2021-06-21 09:33:16,18066.35,0
2021-06-21 09:33:17,18062.2,0
2021-06-21 09:33:20,18065.35,0
2021-06-21 09:33:25,18063.9,0
2021-06-21 09:33:29,18065.8,0
2021-06-21 09:33:30,18066.9,0
2021-06-21 09:33:33,18066.4,0
2021-06-21 09:33:34,18064.75,0
2021-06-21 09:33:39,18056.55,0
2021-06-21 09:33:42,18058.8,0
2021-06-21 09:33:44,18061.4,0
2021-06-21 09:33:47,18056.75,0
2021-06-21 09:33:48,18058.45,0
2021-06-21 09:33:50,18058.5,0
2021-06-21 09:33:57,18060.35,0
2021-06-21 09:34:02,18060.5,0
2021-06-21 09:34:03,18061.35,0
2021-06-21 09:34:05,18061.95,0
2021-06-21 09:34:08,18061.25,0
2021-06-21 09:34:11,18059.95,0
2021-06-21 09:34:13,18059.9,0
2021-06-21 09:34:20,18058.45,0
2021-06-21 09:34:22,18056.55,0
2021-06-21 09:34:23,18057.05,0
2021-06-21 09:34:30,18056.9,0
2021-06-21 09:34:33,18057.85,0
2021-06-21 09:34:40,18058.0,0
2021-06-21 09:34:45,18059.35,0
2021-06-21 09:34:46,18056.25,0
2021-06-21 09:34:49,18055.45,0
2021-06-21 09:34:51,18054.15,0
2021-06-21 09:34:52,18055.15,0
2021-06-21 09:34:55,18053.2,0
2021-06-21 09:34:57,18056.3,0
2021-06-21 09:35:05,18052.4,0
2021-06-21 09:35:08,18048.1,0
2021-06-21 09:35:09,18048.55,0
2021-06-21 09:35:10,18049.7,0
2021-06-21 09:35:12,18047.1,0
2021-06-21 09:35:14,18048.35,0
2021-06-21 09:35:24,18052.85,0
2021-06-21 09:35:25,18053.15,0
2021-06-21 09:35:28,18054.75,0
2021-06-21 09:35:33,18056.55,0
2021-06-21 09:35:34,18058.4,0
2021-06-21 09:35:42,18056.65,0
2021-06-21 09:35:43,18055.95,0
2021-06-21 09:35:46,18052.95,0
2021-06-21 09:35:49,18050.2,0
2021-06-21 09:35:50,18052.0,0
2021-06-21 09:35:51,18052.65,0
2021-06-21 09:35:52,18048.8,0
2021-06-21 09:35:56,18045.8,0
2021-06-21 09:36:00,18047.25,0
2021-06-21 09:36:01,18049.9,0
2021-06-21 09:36:05,18053.45,0
2021-06-21 09:36:10,18054.4,0
2021-06-21 09:36:18,18061.15,0
2021-06-21 09:36:29,18066.1,0
2021-06-21 09:36:32,18065.0,0
2021-06-21 09:36:34,18056.2,0
2021-06-21 09:36:36,18059.45,0
2021-06-21 09:36:39,18060.1,0
2021-06-21 09:36:40,18058.05,0
2021-06-21 09:36:41,18058.15,0
2021-06-21 09:36:47,18050.7,0
2021-06-21 09:36:48,18044.05,0
2021-06-21 09:36:54,18049.65,0
2021-06-21 09:36:55,18050.85,0
2021-06-21 09:36:56,18051.55,0
2021-06-21 09:37:00,18059.6,0
2021-06-21 09:37:02,18062.9,0
2021-06-21 09:37:08,18053.6,0
2021-06-21 09:37:11,18059.15,0
2021-06-21 09:37:12,18060.5,0
2021-06-21 09:37:13,18058.15,0
2021-06-21 09:37:16,18062.8,0
2021-06-21 09:37:19,18060.75,0
2021-06-21 09:37:20,18060.1,0
2021-06-21 09:37:23,18061.0,0
2021-06-21 09:37:24,18061.95,0
2021-06-21 09:37:27,18061.65,0
2021-06-21 09:37:29,18061.35,0
2021-06-21 09:37:39,18062.75,0
2021-06-21 09:37:40,18058.05,0
2021-06-21 09:37:42,18060.4,0
2021-06-21 09:37:46,18058.55,0
2021-06-21 09:37:47,18057.75,0
2021-06-21 09:37:48,18050.5,0
2021-06-21 09:37:51,18051.95,0
2021-06-21 09:37:52,18050.45,0
2021-06-21 09:37:56,18053.6,0
2021-06-21 09:37:58,18057.5,0
2021-06-21 09:38:00,18057.9,0
2021-06-21 09:38:01,18058.7,0
2021-06-21 09:38:02,18063.5,0
2021-06-21 09:38:19,18065.9,0
2021-06-21 09:38:20,18068.75,0
2021-06-21 09:38:21,18068.5,0
2021-06-21 09:38:22,18069.4,0
2021-06-21 09:38:24,18065.5,0
2021-06-21 09:38:26,18068.1,0
2021-06-21 09:38:29,18069.45,0
2021-06-21 09:38:33,18072.45,0
2021-06-21 09:38:34,18070.9,0
2021-06-21 09:38:37,18072.55,0
2021-06-21 09:38:40,18074.4,0
2021-06-21 09:38:46,18069.6,0
2021-06-21 09:38:47,18073.1,0
2021-06-21 09:38:50,18072.3,0
2021-06-21 09:38:55,18077.3,0
2021-06-21 09:38:59,18080.0,0
2021-06-21 09:39:00,18079.75,0
2021-06-21 09:39:02,18077.7,0
2021-06-21 09:39:06,18085.1,0
2021-06-21 09:39:13,18085.65,0
2021-06-21 09:39:15,18086.2,0
2021-06-21 09:39:16,18090.75,0
2021-06-21 09:39:20,18085.85,0
2021-06-21 09:39:21,18082.45,0
2021-06-21 09:39:22,18079.25,0
2021-06-21 09:39:23,18079.55,0
2021-06-21 09:39:28,18080.65,0
2021-06-21 09:39:29,18081.9,0
2021-06-21 09:39:31,18083.55,0
2021-06-21 09:39:36,18076.0,0
2021-06-21 09:39:37,18074.4,0
2021-06-21 09:39:48,18076.5,0
2021-06-21 09:39:49,18077.2,0
2021-06-21 09:39:59,18073.5,0
2021-06-21 09:40:00,18075.65,0
2021-06-21 09:40:04,18075.65,0
2021-06-21 09:40:06,18079.2,0
2021-06-21 09:40:08,18077.7,0
2021-06-21 09:40:10,18079.95,0
2021-06-21 09:40:15,18073.65,0
2021-06-21 09:40:20,18073.8,0
2021-06-21 09:40:21,18074.05,0
2021-06-21 09:40:22,18071.9,0
2021-06-21 09:40:25,18071.5,0
2021-06-21 09:40:26,18070.25,0
2021-06-21 09:40:33,18069.95,0
2021-06-21 09:40:37,18071.1,0
2021-06-21 09:40:39,18069.25,0
2021-06-21 09:40:40,18069.7,0
2021-06-21 09:40:41,18070.3,0
2021-06-21 09:40:42,18068.95,0
2021-06-21 09:40:55,18065.3,0
2021-06-21 09:40:58,18062.5,0
2021-06-21 09:41:00,18067.4,0
2021-06-21 09:41:03,18069.5,0
2021-06-21 09:41:06,18071.05,0
2021-06-21 09:41:09,18072.8,0
2021-06-21 09:41:10,18071.4,0
2021-06-21 09:41:12,18068.95,0
2021-06-21 09:41:13,18068.65,0
2021-06-21 09:41:23,18068.9,0
2021-06-21 09:41:28,18069.2,0
2021-06-21 09:41:30,18070.1,0
2021-06-21 09:41:31,18072.0,0
2021-06-21 09:41:34,18072.5,0
2021-06-21 09:41:47,18080.4,0
2021-06-21 09:41:50,18083.35,0
2021-06-21 09:41:56,18074.8,0
2021-06-21 09:41:59,18078.1,0
2021-06-21 09:42:00,18079.45,0
2021-06-21 09:42:01,18077.1,0
2021-06-21 09:42:08,18083.3,0
2021-06-21 09:42:13,18086.8,0
2021-06-21 09:42:14,18087.5,0
2021-06-21 09:42:15,18086.75,0
2021-06-21 09:42:20,18089.55,0
2021-06-21 09:42:22,18080.25,0
2021-06-21 09:42:27,18084.7,0
2021-06-21 09:42:29,18087.15,0
2021-06-21 09:42:36,18081.45,0
2021-06-21 09:42:37,18080.3,0
2021-06-21 09:42:40,18083.7,0
2021-06-21 09:42:41,18082.4,0
2021-06-21 09:42:44,18083.9,0
2021-06-21 09:42:47,18084.6,0
2021-06-21 09:42:49,18081.55,0
2021-06-21 09:42:50,18084.75,0
2021-06-21 09:42:51,18086.2,0
2021-06-21 09:42:55,18083.2,0
2021-06-21 09:42:56,18083.85,0
2021-06-21 09:42:59,18084.35,0
2021-06-21 09:43:04,18086.45,0
2021-06-21 09:43:05,18087.75,0
2021-06-21 09:43:13,18089.25,0
2021-06-21 09:43:15,18088.2,0
2021-06-21 09:43:20,18088.15,0
2021-06-21 09:43:24,18087.35,0
2021-06-21 09:43:26,18086.4,0
2021-06-21 09:43:27,18086.45,0
2021-06-21 09:43:29,18083.3,0
2021-06-21 09:43:30,18083.0,0
2021-06-21 09:43:31,18084.35,0
2021-06-21 09:43:37,18085.3,0
2021-06-21 09:43:38,18082.85,0
2021-06-21 09:43:41,18082.9,0
2021-06-21 09:43:45,18085.0,0
2021-06-21 09:43:47,18083.3,0
2021-06-21 09:43:54,18084.0,0
2021-06-21 09:43:55,18084.35,0
2021-06-21 09:43:56,18082.8,0
2021-06-21 09:44:10,18086.4,0
2021-06-21 09:44:12,18080.2,0
2021-06-21 09:44:15,18080.55,0
2021-06-21 09:44:20,18076.25,0
2021-06-21 09:44:25,18072.6,0
2021-06-21 09:44:26,18074.65,0
2021-06-21 09:44:27,18076.6,0
2021-06-21 09:44:35,18062.9,0
2021-06-21 09:44:37,18066.7,0
2021-06-21 09:44:38,18066.65,0
2021-06-21 09:44:40,18066.85,0
2021-06-21 09:44:41,18067.3,0
2021-06-21 09:44:47,18072.4,0
2021-06-21 09:44:48,18072.0,0
2021-06-21 09:44:49,18070.95,0
2021-06-21 09:44:53,18069.4,0
2021-06-21 09:45:03,18068.1,0
2021-06-21 09:45:05,18071.25,0
2021-06-21 09:45:06,18069.1,0
2021-06-21 09:45:08,18072.8,0
2021-06-21 09:45:22,18061.05,0
2021-06-21 09:45:23,18060.35,0
2021-06-21 09:45:24,18061.65,0
2021-06-21 09:45:27,18066.5,0
2021-06-21 09:45:29,18065.0,0
2021-06-21 09:45:31,18063.6,0
2021-06-21 09:45:35,18062.85,0
2021-06-21 09:45:42,18059.05,0
2021-06-21 09:45:44,18059.4,0
2021-06-21 09:45:45,18059.4,0
2021-06-21 09:45:47,18059.15,0
2021-06-21 09:45:51,18058.85,0
2021-06-21 09:45:52,18059.4,0
2021-06-21 09:45:58,18062.15,0
2021-06-21 09:45:59,18061.15,0
2021-06-21 09:46:04,18063.45,0
2021-06-21 09:46:05,18060.5,0
2021-06-21 09:46:06,18060.75,0
2021-06-21 09:46:12,18062.85,0
2021-06-21 09:46:13,18064.55,0
2021-06-21 09:46:14,18065.55,0
2021-06-21 09:46:15,18064.7,0
2021-06-21 09:46:19,18062.4,0
2021-06-21 09:46:20,18061.4,0
2021-06-21 09:46:21,18061.0,0
2021-06-21 09:46:22,18060.95,0
2021-06-21 09:46:23,18058.0,0
2021-06-21 09:46:26,18060.3,0
2021-06-21 09:46:27,18060.2,0
2021-06-21 09:46:31,18058.05,0
2021-06-21 09:46:32,18058.95,0
2021-06-21 09:46:39,18056.65,0
2021-06-21 09:46:44,18056.4,0
2021-06-21 09:46:46,18053.35,0
2021-06-21 09:46:47,18054.45,0
2021-06-21 09:46:50,18054.6,0
2021-06-21 09:46:52,18055.4,0
2021-06-21 09:46:56,18056.3,0
2021-06-21 09:47:00,18055.8,0
2021-06-21 09:47:10,18062.7,0
2021-06-21 09:47:14,18068.05,0
2021-06-21 09:47:15,18068.1,0
2021-06-21 09:47:16,18065.85,0
2021-06-21 09:47:20,18062.9,0
2021-06-21 09:47:21,18064.95,0
2021-06-21 09:47:32,18071.95,0
2021-06-21 09:47:33,18070.65,0
2021-06-21 09:47:34,18072.15,0
2021-06-21 09:47:39,18075.0,0
2021-06-21 09:47:46,18076.45,0
2021-06-21 09:47:54,18077.0,0
2021-06-21 09:48:00,18076.6,0
2021-06-21 09:48:01,18075.8,0
2021-06-21 09:48:02,18075.7,0
2021-06-21 09:48:05,18075.6,0
2021-06-21 09:48:08,18074.95,0
2021-06-21 09:48:10,18074.7,0
2021-06-21 09:48:16,18073.5,0
2021-06-21 09:48:18,18074.95,0
2021-06-21 09:48:20,18072.9,0
2021-06-21 09:48:21,18073.9,0
2021-06-21 09:48:22,18072.75,0
2021-06-21 09:48:25,18069.7,0
2021-06-21 09:48:26,18072.1,0
2021-06-21 09:48:27,18068.45,0
2021-06-21 09:48:28,18072.35,0
2021-06-21 09:48:29,18073.9,0
2021-06-21 09:48:30,18075.9,0
2021-06-21 09:48:31,18074.05,0
2021-06-21 09:48:36,18076.35,0
2021-06-21 09:48:41,18077.7,0
2021-06-21 09:48:45,18078.05,0
2021-06-21 09:48:46,18079.45,0
2021-06-21 09:48:49,18076.2,0
2021-06-21 09:48:50,18078.6,0
2021-06-21 09:48:51,18078.35,0
2021-06-21 09:48:52,18078.5,0
2021-06-21 09:48:55,18078.9,0
2021-06-21 09:48:58,18077.8,0
2021-06-21 09:49:00,18074.7,0
2021-06-21 09:49:02,18077.4,0
2021-06-21 09:49:08,18077.05,0
2021-06-21 09:49:14,18080.1,0
2021-06-21 09:49:18,18078.4,0
2021-06-21 09:49:21,18077.05,0
2021-06-21 09:49:22,18074.65,0
2021-06-21 09:49:23,18076.5,0
2021-06-21 09:49:25,18076.8,0
2021-06-21 09:49:27,18072.4,0
2021-06-21 09:49:29,18069.05,0
2021-06-21 09:49:32,18071.15,0
2021-06-21 09:49:36,18070.05,0
2021-06-21 09:49:39,18073.25,0
2021-06-21 09:49:40,18073.3,0
2021-06-21 09:49:50,18073.6,0
2021-06-21 09:49:51,18073.75,0
2021-06-21 09:49:54,18073.7,0
2021-06-21 09:49:56,18074.15,0
2021-06-21 09:49:57,18073.75,0
2021-06-21 09:49:59,18074.65,0
2021-06-21 09:50:00,18074.35,0
2021-06-21 09:50:05,18073.8,0
2021-06-21 09:50:07,18069.2,0
2021-06-21 09:50:11,18071.25,0
2021-06-21 09:50:13,18073.85,0
2021-06-21 09:50:15,18074.2,0
2021-06-21 09:50:16,18073.35,0
2021-06-21 09:50:17,18072.0,0
2021-06-21 09:50:18,18073.4,0
2021-06-21 09:50:20,18074.35,0
2021-06-21 09:50:22,18072.55,0
2021-06-21 09:50:34,18074.05,0
2021-06-21 09:50:38,18073.2,0
2021-06-21 09:50:41,18072.0,0
2021-06-21 09:50:45,18073.0,0
2021-06-21 09:50:46,18071.35,0
2021-06-21 09:50:49,18075.05,0
2021-06-21 09:50:51,18075.1,0
2021-06-21 09:50:54,18077.6,0
2021-06-21 09:51:00,18073.2,0
2021-06-21 09:51:02,18076.6,0
2021-06-21 09:51:03,18077.65,0
2021-06-21 09:51:04,18070.15,0
2021-06-21 09:51:06,18073.3,0
2021-06-21 09:51:12,18074.85,0
2021-06-21 09:51:14,18068.25,0
2021-06-21 09:51:16,18071.45,0
2021-06-21 09:51:18,18072.1,0
2021-06-21 09:51:19,18075.6,0
2021-06-21 09:51:22,18071.75,0
2021-06-21 09:51:27,18061.5,0
2021-06-21 09:51:32,18063.2,0
2021-06-21 09:51:33,18061.4,0
2021-06-21 09:51:37,18044.7,0
2021-06-21 09:51:38,18045.35,0
2021-06-21 09:51:39,18042.6,0
2021-06-21 09:51:44,18055.6,0
2021-06-21 09:51:45,18053.5,0
2021-06-21 09:51:49,18052.95,0
2021-06-21 09:51:52,18053.4,0
2021-06-21 09:51:54,18052.1,0
2021-06-21 09:52:00,18045.9,0
2021-06-21 09:52:01,18042.95,0
2021-06-21 09:52:09,18033.2,0
2021-06-21 09:52:10,18032.65,0
2021-06-21 09:52:13,18035.3,0
2021-06-21 09:52:25,18027.95,0
2021-06-21 09:52:26,18025.05,0
2021-06-21 09:52:30,18031.5,0
2021-06-21 09:52:38,18034.95,0
2021-06-21 09:52:41,18036.9,0
2021-06-21 09:52:43,18039.55,0
2021-06-21 09:52:44,18043.1,0
2021-06-21 09:52:46,18040.85,0
2021-06-21 09:52:52,18037.85,0
2021-06-21 09:52:56,18043.65,0
2021-06-21 09:52:59,18048.05,0
2021-06-21 09:53:01,18047.25,0
2021-06-21 09:53:02,18048.1,0
2021-06-21 09:53:03,18049.05,0
2021-06-21 09:53:07,18048.75,0
2021-06-21 09:53:12,18049.25,0
2021-06-21 09:53:14,18050.4,0
2021-06-21 09:53:15,18049.85,0
2021-06-21 09:53:17,18051.95,0
2021-06-21 09:53:21,18045.65,0
2021-06-21 09:53:22,18042.35,0
2021-06-21 09:53:30,18046.8,0
2021-06-21 09:53:31,18048.55,0
2021-06-21 09:53:34,18045.9,0
2021-06-21 09:53:37,18038.65,0
2021-06-21 09:53:39,18036.55,0
2021-06-21 09:53:43,18041.4,0
2021-06-21 09:53:45,18040.5,0
2021-06-21 09:53:46,18041.1,0
2021-06-21 09:53:49,18042.4,0
2021-06-21 09:53:51,18041.95,0
2021-06-21 09:53:57,18039.6,0
2021-06-21 09:53:59,18041.55,0
2021-06-21 09:54:00,18042.0,0
2021-06-21 09:54:04,18041.7,0
2021-06-21 09:54:07,18039.65,0
2021-06-21 09:54:08,18039.3,0
2021-06-21 09:54:12,18042.85,0
2021-06-21 09:54:15,18050.5,0
2021-06-21 09:54:16,18047.6,0
2021-06-21 09:54:18,18044.75,0
2021-06-21 09:54:20,18047.6,0
2021-06-21 09:54:21,18047.45,0
2021-06-21 09:54:23,18048.05,0
2021-06-21 09:54:26,18047.85,0
2021-06-21 09:54:27,18049.25,0
2021-06-21 09:54:29,18047.9,0
2021-06-21 09:54:32,18045.7,0
2021-06-21 09:54:33,18047.15,0
2021-06-21 09:54:37,18041.1,0
2021-06-21 09:54:41,18041.3,0
2021-06-21 09:54:44,18044.5,0
2021-06-21 09:54:48,18046.4,0
2021-06-21 09:54:53,18045.4,0
2021-06-21 09:54:58,18048.35,0
2021-06-21 09:55:02,18040.05,0
2021-06-21 09:55:03,18041.05,0
2021-06-21 09:55:05,18041.85,0
2021-06-21 09:55:08,18047.7,0
2021-06-21 09:55:14,18047.8,0
2021-06-21 09:55:18,18048.6,0
2021-06-21 09:55:20,18046.85,0
2021-06-21 09:55:21,18046.5,0
2021-06-21 09:55:31,18060.1,0
2021-06-21 09:55:33,18056.25,0
2021-06-21 09:55:34,18059.9,0
2021-06-21 09:55:35,18051.85,0
2021-06-21 09:55:44,18051.2,0
2021-06-21 09:55:45,18052.8,0
2021-06-21 09:55:50,18053.8,0
2021-06-21 09:55:53,18052.25,0
2021-06-21 09:55:57,18054.35,0
2021-06-21 09:55:59,18049.9,0
2021-06-21 09:56:05,18046.6,0
2021-06-21 09:56:06,18047.45,0
2021-06-21 09:56:10,18046.25,0
2021-06-21 09:56:14,18043.25,0
2021-06-21 09:56:16,18043.8,0
2021-06-21 09:56:21,18044.75,0
2021-06-21 09:56:24,18044.1,0
2021-06-21 09:56:25,18034.2,0
2021-06-21 09:56:29,18034.0,0
2021-06-21 09:56:31,18036.9,0
2021-06-21 09:56:32,18039.0,0
2021-06-21 09:56:35,18038.0,0
2021-06-21 09:56:38,18040.6,0
2021-06-21 09:56:42,18044.45,0
2021-06-21 09:56:45,18047.25,0
2021-06-21 09:56:46,18049.05,0
2021-06-21 09:56:50,18048.6,0
2021-06-21 09:56:52,18048.75,0
2021-06-21 09:56:57,18048.0,0
2021-06-21 09:57:01,18046.85,0
2021-06-21 09:57:02,18047.1,0
2021-06-21 09:57:07,18051.35,0
2021-06-21 09:57:08,18051.75,0
2021-06-21 09:57:09,18050.05,0
2021-06-21 09:57:13,18052.35,0
2021-06-21 09:57:14,18053.5,0
2021-06-21 09:57:15,18056.25,0
2021-06-21 09:57:16,18053.9,0
2021-06-21 09:57:20,18057.15,0
2021-06-21 09:57:21,18055.95,0
2021-06-21 09:57:29,18051.2,0
2021-06-21 09:57:31,18053.65,0
2021-06-21 09:57:33,18050.8,0
2021-06-21 09:57:37,18052.9,0
2021-06-21 09:57:40,18051.6,0
2021-06-21 09:57:43,18053.2,0
2021-06-21 09:57:46,18054.85,0
2021-06-21 09:57:47,18056.85,0
2021-06-21 09:57:52,18054.2,0
2021-06-21 09:57:55,18057.0,0
2021-06-21 09:57:56,18058.3,0
2021-06-21 09:57:58,18056.2,0
2021-06-21 09:58:08,18050.3,0
2021-06-21 09:58:11,18050.2,0
2021-06-21 09:58:15,18050.0,0
2021-06-21 09:58:16,18051.65,0
2021-06-21 09:58:21,18052.1,0
2021-06-21 09:58:26,18051.7,0
2021-06-21 09:58:27,18053.15,0
2021-06-21 09:58:29,18051.0,0
2021-06-21 09:58:32,18045.2,0
2021-06-21 09:58:35,18045.9,0
2021-06-21 09:58:37,18045.25,0
2021-06-21 09:58:40,18047.0,0
2021-06-21 09:58:45,18049.65,0
2021-06-21 09:58:51,18049.55,0
2021-06-21 09:58:54,18050.1,0
2021-06-21 09:58:59,18049.95,0
2021-06-21 09:59:01,18049.4,0
2021-06-21 09:59:02,18050.85,0
2021-06-21 09:59:07,18046.3,0
2021-06-21 09:59:08,18048.5,0
2021-06-21 09:59:09,18048.9,0
2021-06-21 09:59:10,18047.5,0
2021-06-21 09:59:11,18047.15,0
2021-06-21 09:59:12,18049.85,0
2021-06-21 09:59:15,18051.5,0
2021-06-21 09:59:16,18052.0,0
2021-06-21 09:59:17,18048.95,0
2021-06-21 09:59:19,18050.45,0
2021-06-21 09:59:20,18052.65,0
2021-06-21 09:59:21,18049.45,0
2021-06-21 09:59:23,18049.85,0
2021-06-21 09:59:24,18049.55,0
2021-06-21 09:59:28,18050.3,0
2021-06-21 09:59:29,18053.9,0
2021-06-21 09:59:36,18053.05,0
2021-06-21 09:59:39,18056.4,0
2021-06-21 09:59:40,18055.5,0
2021-06-21 09:59:41,18047.25,0
2021-06-21 09:59:45,18052.5,0
2021-06-21 09:59:51,18055.15,0
2021-06-21 09:59:53,18051.1,0
2021-06-21 09:59:55,18055.35,0
2021-06-21 09:59:57,18054.45,0
2021-06-21 10:00:03,18052.7,0
2021-06-21 10:00:10,18055.15,0
2021-06-21 10:00:12,18053.45,0
2021-06-21 10:00:14,18054.35,0
2021-06-21 10:00:16,18055.3,0
2021-06-21 10:00:22,18051.95,0
2021-06-21 10:00:30,18051.9,0
2021-06-21 10:00:31,18052.15,0
2021-06-21 10:00:41,18053.65,0
2021-06-21 10:00:43,18053.8,0
2021-06-21 10:00:45,18056.4,0
2021-06-21 10:00:53,18067.9,0
2021-06-21 10:00:54,18066.9,0
2021-06-21 10:00:58,18074.9,0
2021-06-21 10:01:01,18069.65,0
2021-06-21 10:01:03,18072.2,0
2021-06-21 10:01:04,18073.1,0
2021-06-21 10:01:08,18073.55,0
2021-06-21 10:01:10,18071.45,0
2021-06-21 10:01:11,18070.05,0
2021-06-21 10:01:12,18071.05,0
2021-06-21 10:01:13,18073.9,0
2021-06-21 10:01:14,18077.65,0
2021-06-21 10:01:16,18077.6,0
2021-06-21 10:01:25,18079.1,0
2021-06-21 10:01:30,18080.4,0
2021-06-21 10:01:31,18080.8,0
2021-06-21 10:01:32,18081.3,0
2021-06-21 10:01:39,18084.9,0
2021-06-21 10:01:40,18099.65,0
2021-06-21 10:01:44,18092.7,0
2021-06-21 10:01:47,18091.65,0
2021-06-21 10:01:51,18088.9,0
2021-06-21 10:01:55,18088.55,0
2021-06-21 10:01:58,18091.3,0
2021-06-21 10:02:04,18091.5,0
2021-06-21 10:02:07,18086.45,0
2021-06-21 10:02:17,18078.0,0
2021-06-21 10:02:22,18083.2,0
2021-06-21 10:02:24,18083.5,0
2021-06-21 10:02:28,18082.9,0
2021-06-21 10:02:30,18082.3,0
2021-06-21 10:02:31,18081.0,0
2021-06-21 10:02:41,18080.4,0
2021-06-21 10:02:42,18080.55,0
2021-06-21 10:02:44,18079.6,0
2021-06-21 10:02:45,18080.3,0
2021-06-21 10:02:47,18079.6,0
2021-06-21 10:02:57,18082.05,0
2021-06-21 10:03:00,18083.05,0
2021-06-21 10:03:03,18085.25,0
2021-06-21 10:03:04,18084.4,0
2021-06-21 10:03:06,18082.25,0
2021-06-21 10:03:08,18083.3,0
2021-06-21 10:03:14,18084.1,0
2021-06-21 10:03:17,18083.85,0
2021-06-21 10:03:21,18085.25,0
2021-06-21 10:03:23,18085.25,0
2021-06-21 10:03:24,18084.55,0
2021-06-21 10:03:26,18083.5,0
2021-06-21 10:03:29,18085.1,0
2021-06-21 10:03:32,18081.15,0
2021-06-21 10:03:35,18085.4,0
2021-06-21 10:03:46,18080.2,0
2021-06-21 10:03:48,18078.1,0
2021-06-21 10:03:54,18078.65,0
2021-06-21 10:03:55,18079.15,0
2021-06-21 10:03:56,18080.15,0
2021-06-21 10:04:04,18080.9,0
2021-06-21 10:04:14,18078.45,0
2021-06-21 10:04:18,18076.8,0
2021-06-21 10:04:20,18079.2,0
2021-06-21 10:04:24,18075.0,0
2021-06-21 10:04:25,18074.7,0
2021-06-21 10:04:31,18073.05,0
2021-06-21 10:04:36,18075.9,0
2021-06-21 10:04:39,18076.4,0
2021-06-21 10:04:40,18076.15,0
2021-06-21 10:04:44,18074.1,0
2021-06-21 10:04:49,18079.2,0
2021-06-21 10:04:51,18079.1,0
2021-06-21 10:04:52,18078.85,0
2021-06-21 10:04:55,18079.1,0
2021-06-21 10:04:56,18079.95,0
2021-06-21 10:04:58,18077.6,0
2021-06-21 10:04:59,18080.0,0
2021-06-21 10:05:01,18078.95,0
2021-06-21 10:05:03,18076.6,0
2021-06-21 10:05:04,18076.4,0
2021-06-21 10:05:07,18078.5,0
2021-06-21 10:05:08,18079.8,0
2021-06-21 10:05:15,18082.6,0
2021-06-21 10:05:19,18080.9,0
2021-06-21 10:05:21,18083.15,0
2021-06-21 10:05:27,18085.1,0
2021-06-21 10:05:29,18087.6,0
2021-06-21 10:05:34,18087.75,0
2021-06-21 10:05:37,18086.2,0
2021-06-21 10:05:38,18086.05,0
2021-06-21 10:05:42,18088.95,0
2021-06-21 10:05:43,18088.7,0
2021-06-21 10:05:44,18090.15,0
2021-06-21 10:05:48,18086.5,0
2021-06-21 10:05:51,18087.5,0
2021-06-21 10:05:54,18084.85,0
2021-06-21 10:05:57,18084.0,0
2021-06-21 10:06:02,18085.0,0
2021-06-21 10:06:05,18085.95,0
2021-06-21 10:06:11,18082.35,0
2021-06-21 10:06:12,18081.95,0
2021-06-21 10:06:13,18083.05,0
2021-06-21 10:06:14,18083.85,0
2021-06-21 10:06:15,18082.9,0
2021-06-21 10:06:20,18083.25,0
2021-06-21 10:06:24,18080.45,0
2021-06-21 10:06:27,18083.3,0
2021-06-21 10:06:29,18081.8,0
2021-06-21 10:06:30,18085.7,0
2021-06-21 10:06:31,18087.55,0
2021-06-21 10:06:35,18086.1,0
2021-06-21 10:06:45,18089.1,0
2021-06-21 10:06:50,18088.9,0
2021-06-21 10:06:51,18092.0,0
2021-06-21 10:06:53,18091.15,0
2021-06-21 10:06:57,18088.75,0
2021-06-21 10:07:01,18090.95,0
2021-06-21 10:07:05,18090.6,0
2021-06-21 10:07:06,18091.45,0
2021-06-21 10:07:07,18091.75,0
2021-06-21 10:07:08,18091.0,0
2021-06-21 10:07:13,18087.65,0
2021-06-21 10:07:18,18090.5,0
2021-06-21 10:07:19,18089.95,0
2021-06-21 10:07:20,18091.15,0
2021-06-21 10:07:21,18087.95,0
2021-06-21 10:07:22,18089.5,0
2021-06-21 10:07:24,18090.9,0
2021-06-21 10:07:25,18089.9,0
2021-06-21 10:07:28,18090.7,0
2021-06-21 10:07:29,18090.55,0
2021-06-21 10:07:32,18092.15,0
2021-06-21 10:07:34,18090.25,0
2021-06-21 10:07:35,18090.55,0
2021-06-21 10:07:41,18092.9,0
2021-06-21 10:07:49,18090.2,0
2021-06-21 10:07:50,18092.0,0
2021-06-21 10:07:52,18092.55,0
2021-06-21 10:07:53,18090.85,0
2021-06-21 10:07:57,18091.3,0
2021-06-21 10:07:58,18092.8,0
2021-06-21 10:07:59,18091.5,0
2021-06-21 10:08:01,18091.2,0
2021-06-21 10:08:03,18094.4,0
2021-06-21 10:08:08,18092.65,0
2021-06-21 10:08:09,18093.35,0
2021-06-21 10:08:23,18100.1,0
2021-06-21 10:08:31,18103.5,0
2021-06-21 10:08:35,18103.45,0
2021-06-21 10:08:40,18102.05,0
2021-06-21 10:08:43,18104.3,0
2021-06-21 10:08:44,18102.65,0
2021-06-21 10:08:46,18103.25,0
2021-06-21 10:08:48,18103.75,0
2021-06-21 10:08:49,18105.85,0
2021-06-21 10:08:51,18106.55,0
2021-06-21 10:08:52,18106.55,0
2021-06-21 10:08:53,18106.7,0
2021-06-21 10:08:57,18105.05,0
2021-06-21 10:08:59,18104.55,0
2021-06-21 10:09:02,18105.0,0
2021-06-21 10:09:04,18101.7,0
2021-06-21 10:09:08,18103.65,0
2021-06-21 10:09:09,18105.0,0
2021-06-21 10:09:13,18104.65,0
2021-06-21 10:09:19,18102.5,0
2021-06-21 10:09:24,18103.0,0
2021-06-21 10:09:25,18103.35,0
2021-06-21 10:09:27,18099.2,0
2021-06-21 10:09:31,18100.55,0
2021-06-21 10:09:37,18100.6,0
2021-06-21 10:09:39,18101.4,0
2021-06-21 10:09:43,18100.55,0
2021-06-21 10:09:46,18099.1,0
2021-06-21 10:09:48,18102.1,0
2021-06-21 10:09:50,18104.5,0
2021-06-21 10:09:52,18104.7,0
2021-06-21 10:09:54,18107.05,0
2021-06-21 10:09:55,18104.95,0
2021-06-21 10:10:02,18114.85,0
2021-06-21 10:10:04,18112.85,0
2021-06-21 10:10:05,18114.1,0
2021-06-21 10:10:08,18112.5,0
2021-06-21 10:10:10,18115.15,0
2021-06-21 10:10:12,18112.8,0
2021-06-21 10:10:13,18116.4,0
2021-06-21 10:10:15,18130.05,0
2021-06-21 10:10:19,18133.55,0
2021-06-21 10:10:20,18128.4,0
2021-06-21 10:10:23,18125.0,0
2021-06-21 10:10:25,18124.8,0
2021-06-21 10:10:29,18125.2,0
2021-06-21 10:10:30,18123.8,0
2021-06-21 10:10:32,18128.35,0
2021-06-21 10:10:33,18127.7,0
2021-06-21 10:10:34,18127.4,0
2021-06-21 10:10:38,18128.1,0
2021-06-21 10:10:46,18125.25,0
2021-06-21 10:10:47,18125.3,0
2021-06-21 10:10:58,18121.85,0
2021-06-21 10:10:59,18123.1,0
2021-06-21 10:11:01,18122.9,0
2021-06-21 10:11:02,18120.55,0
2021-06-21 10:11:04,18120.85,0
2021-06-21 10:11:07,18117.4,0
2021-06-21 10:11:10,18112.05,0
2021-06-21 10:11:13,18115.35,0
2021-06-21 10:11:16,18117.15,0
2021-06-21 10:11:17,18120.0,0
2021-06-21 10:11:22,18118.8,0
2021-06-21 10:11:26,18119.65,0
2021-06-21 10:11:27,18119.1,0
2021-06-21 10:11:30,18114.8,0
2021-06-21 10:11:32,18115.6,0
2021-06-21 10:11:35,18116.75,0
2021-06-21 10:11:38,18115.5,0
2021-06-21 10:11:39,18115.55,0
2021-06-21 10:11:44,18116.3,0
2021-06-21 10:11:49,18112.55,0
2021-06-21 10:11:51,18112.9,0
2021-06-21 10:11:53,18113.0,0
2021-06-21 10:11:55,18111.1,0
2021-06-21 10:12:03,18107.0,0
2021-06-21 10:12:09,18107.15,0
2021-06-21 10:12:10,18109.1,0
2021-06-21 10:12:11,18107.75,0
2021-06-21 10:12:12,18108.55,0
2021-06-21 10:12:16,18109.2,0
2021-06-21 10:12:21,18113.4,0
2021-06-21 10:12:23,18111.6,0
2021-06-21 10:12:27,18109.85,0
2021-06-21 10:12:28,18108.85,0
2021-06-21 10:12:31,18105.9,0
2021-06-21 10:12:33,18106.15,0
2021-06-21 10:12:41,18107.2,0
2021-06-21 10:12:42,18104.9,0
2021-06-21 10:12:43,18104.55,0
2021-06-21 10:12:47,18104.85,0
2021-06-21 10:12:49,18107.1,0
2021-06-21 10:12:52,18103.6,0
2021-06-21 10:12:53,18105.35,0
2021-06-21 10:12:54,18104.4,0
2021-06-21 10:12:55,18103.85,0
2021-06-21 10:13:01,18105.6,0
2021-06-21 10:13:03,18105.5,0
2021-06-21 10:13:04,18106.25,0
2021-06-21 10:13:05,18105.95,0
2021-06-21 10:13:06,18105.55,0
2021-06-21 10:13:07,18104.45,0
2021-06-21 10:13:19,18104.05,0
2021-06-21 10:13:20,18103.15,0
2021-06-21 10:13:22,18101.15,0
2021-06-21 10:13:23,18102.35,0
2021-06-21 10:13:27,18101.85,0
2021-06-21 10:13:29,18099.7,0
2021-06-21 10:13:30,18099.9,0
2021-06-21 10:13:31,18098.5,0
2021-06-21 10:13:32,18100.5,0
2021-06-21 10:13:37,18099.4,0
2021-06-21 10:13:42,18100.15,0
2021-06-21 10:13:44,18102.5,0
2021-06-21 10:13:45,18098.6,0
2021-06-21 10:13:46,18101.0,0
2021-06-21 10:13:47,18102.15,0
2021-06-21 10:13:53,18101.1,0
2021-06-21 10:14:03,18104.75,0
2021-06-21 10:14:05,18103.2,0
2021-06-21 10:14:15,18104.3,0
2021-06-21 10:14:19,18102.0,0
2021-06-21 10:14:20,18098.4,0
2021-06-21 10:14:25,18097.65,0
2021-06-21 10:14:29,18098.1,0
2021-06-21 10:14:35,18095.35,0
2021-06-21 10:14:39,18097.2,0
2021-06-21 10:14:41,18095.1,0
2021-06-21 10:14:43,18095.35,0
2021-06-21 10:14:47,18097.65,0
2021-06-21 10:14:48,18096.9,0
2021-06-21 10:14:50,18097.95,0
2021-06-21 10:14:56,18095.5,0
2021-06-21 10:15:00,18093.75,0
2021-06-21 10:15:05,18090.2,0
2021-06-21 10:15:08,18087.35,0
2021-06-21 10:15:09,18090.85,0
2021-06-21 10:15:12,18096.4,0
2021-06-21 10:15:15,18096.7,0
2021-06-21 10:15:19,18101.15,0
2021-06-21 10:15:20,18100.0,0
2021-06-21 10:15:23,18099.75,0
2021-06-21 10:15:25,18099.6,0
2021-06-21 10:15:26,18097.65,0
2021-06-21 10:15:29,18096.55,0
2021-06-21 10:15:30,18095.6,0
2021-06-21 10:15:32,18099.25,0
2021-06-21 10:15:34,18096.1,0
2021-06-21 10:15:37,18098.35,0
2021-06-21 10:15:42,18096.15,0
2021-06-21 10:15:43,18095.5,0
2021-06-21 10:15:46,18096.65,0
2021-06-21 10:15:50,18097.65,0
2021-06-21 10:15:55,18096.6,0
2021-06-21 10:15:59,18099.75,0
2021-06-21 10:16:02,18094.95,0
2021-06-21 10:16:05,18099.25,0
2021-06-21 10:16:10,18100.05,0
2021-06-21 10:16:14,18101.45,0
2021-06-21 10:16:15,18101.5,0
2021-06-21 10:16:26,18101.1,0
2021-06-21 10:16:28,18100.3,0
2021-06-21 10:16:29,18102.5,0
2021-06-21 10:16:31,18105.15,0
2021-06-21 10:16:32,18104.15,0
2021-06-21 10:16:36,18101.25,0
2021-06-21 10:16:41,18101.8,0
2021-06-21 10:16:43,18104.9,0
2021-06-21 10:16:44,18104.7,0
2021-06-21 10:16:46,18104.1,0
2021-06-21 10:16:48,18104.1,0
2021-06-21 10:16:49,18101.15,0
2021-06-21 10:16:53,18104.25,0
2021-06-21 10:16:56,18104.45,0
2021-06-21 10:16:57,18101.9,0
2021-06-21 10:16:58,18102.65,0
2021-06-21 10:16:59,18100.4,0
2021-06-21 10:17:01,18102.2,0
2021-06-21 10:17:03,18099.75,0
2021-06-21 10:17:08,18099.5,0
2021-06-21 10:17:12,18108.25,0
2021-06-21 10:17:13,18108.1,0
2021-06-21 10:17:15,18103.35,0
2021-06-21 10:17:16,18103.95,0
2021-06-21 10:17:20,18101.25,0
2021-06-21 10:17:24,18099.45,0
2021-06-21 10:17:30,18104.4,0
2021-06-21 10:17:32,18102.85,0
2021-06-21 10:17:34,18105.25,0
2021-06-21 10:17:38,18105.6,0
2021-06-21 10:17:44,18105.75,0
2021-06-21 10:17:54,18100.85,0
2021-06-21 10:17:58,18098.7,0
2021-06-21 10:18:02,18097.15,0
2021-06-21 10:18:04,18098.15,0
2021-06-21 10:18:06,18097.15,0
2021-06-21 10:18:07,18096.95,0
2021-06-21 10:18:12,18100.1,0
2021-06-21 10:18:13,18098.6,0
2021-06-21 10:18:14,18099.1,0
2021-06-21 10:18:16,18100.7,0
2021-06-21 10:18:21,18100.6,0
2021-06-21 10:18:28,18098.45,0
2021-06-21 10:18:32,18099.8,0
2021-06-21 10:18:34,18095.85,0
2021-06-21 10:18:35,18098.95,0
2021-06-21 10:18:37,18100.0,0
2021-06-21 10:18:39,18100.3,0
2021-06-21 10:18:46,18097.8,0
2021-06-21 10:18:51,18100.1,0
2021-06-21 10:18:52,18099.6,0
2021-06-21 10:18:54,18101.15,0
2021-06-21 10:18:57,18101.25,0
2021-06-21 10:18:59,18100.95,0
2021-06-21 10:19:00,18097.9,0
2021-06-21 10:19:01,18101.4,0
2021-06-21 10:19:02,18100.8,0
2021-06-21 10:19:05,18100.1,0
2021-06-21 10:19:11,18100.75,0
2021-06-21 10:19:12,18102.1,0
2021-06-21 10:19:14,18100.2,0
2021-06-21 10:19:15,18098.8,0
2021-06-21 10:19:18,18097.9,0
2021-06-21 10:19:20,18101.85,0
2021-06-21 10:19:25,18103.8,0
2021-06-21 10:19:26,18101.7,0
2021-06-21 10:19:29,18109.75,0
2021-06-21 10:19:32,18112.05,0
2021-06-21 10:19:35,18108.35,0
2021-06-21 10:19:50,18106.2,0
2021-06-21 10:19:51,18107.65,0
2021-06-21 10:19:58,18106.9,0
2021-06-21 10:20:01,18108.1,0
2021-06-21 10:20:03,18106.7,0
2021-06-21 10:20:06,18108.05,0
2021-06-21 10:20:08,18108.9,0
2021-06-21 10:20:13,18108.9,0
2021-06-21 10:20:18,18108.0,0
2021-06-21 10:20:25,18103.7,0
2021-06-21 10:20:29,18104.3,0
2021-06-21 10:20:30,18102.5,0
2021-06-21 10:20:32,18102.05,0
2021-06-21 10:20:34,18099.75,0
2021-06-21 10:20:35,18101.45,0
2021-06-21 10:20:42,18107.95,0
2021-06-21 10:20:43,18108.05,0
2021-06-21 10:20:50,18107.7,0
2021-06-21 10:20:52,18106.3,0
2021-06-21 10:20:54,18107.95,0
2021-06-21 10:20:56,18108.6,0
2021-06-21 10:20:57,18107.4,0
2021-06-21 10:20:58,18107.15,0
2021-06-21 10:20:59,18105.75,0
2021-06-21 10:21:02,18105.3,0
2021-06-21 10:21:05,18108.25,0
2021-06-21 10:21:06,18106.65,0
2021-06-21 10:21:08,18107.95,0
2021-06-21 10:21:09,18110.15,0
2021-06-21 10:21:13,18109.2,0
2021-06-21 10:21:15,18105.8,0
2021-06-21 10:21:20,18110.0,0
2021-06-21 10:21:21,18109.0,0
2021-06-21 10:21:25,18109.6,0
2021-06-21 10:21:28,18106.4,0
2021-06-21 10:21:35,18104.6,0
2021-06-21 10:21:38,18106.45,0
2021-06-21 10:21:39,18106.45,0
2021-06-21 10:21:41,18106.9,0
2021-06-21 10:21:42,18105.75,0
2021-06-21 10:21:44,18105.0,0
2021-06-21 10:21:45,18105.0,0
2021-06-21 10:21:49,18105.6,0
2021-06-21 10:21:57,18106.65,0
2021-06-21 10:22:00,18104.3,0
2021-06-21 10:22:10,18103.3,0
2021-06-21 10:22:13,18103.75,0
2021-06-21 10:22:15,18102.8,0
2021-06-21 10:22:19,18102.05,0
2021-06-21 10:22:20,18101.45,0
2021-06-21 10:22:25,18104.2,0
2021-06-21 10:22:33,18104.8,0
2021-06-21 10:22:36,18104.7,0
2021-06-21 10:22:39,18104.25,0
2021-06-21 10:22:41,18102.2,0
2021-06-21 10:22:45,18103.35,0
2021-06-21 10:22:49,18105.4,0
2021-06-21 10:22:53,18104.2,0
2021-06-21 10:22:54,18103.25,0
2021-06-21 10:22:57,18100.85,0
2021-06-21 10:22:58,18102.8,0
2021-06-21 10:22:59,18100.7,0
2021-06-21 10:23:10,18099.0,0
2021-06-21 10:23:11,18100.6,0
2021-06-21 10:23:14,18102.85,0
2021-06-21 10:23:15,18103.3,0
2021-06-21 10:23:16,18102.9,0
2021-06-21 10:23:23,18105.5,0
2021-06-21 10:23:24,18105.7,0
2021-06-21 10:23:29,18107.0,0
2021-06-21 10:23:30,18106.65,0
2021-06-21 10:23:31,18107.3,0
2021-06-21 10:23:33,18107.2,0
2021-06-21 10:23:35,18106.25,0
2021-06-21 10:23:37,18103.6,0
2021-06-21 10:23:42,18104.0,0
2021-06-21 10:23:47,18107.25,0
2021-06-21 10:23:48,18105.9,0
2021-06-21 10:23:49,18103.4,0
2021-06-21 10:23:50,18104.0,0
2021-06-21 10:23:54,18104.2,0
2021-06-21 10:23:55,18101.1,0
2021-06-21 10:23:56,18103.4,0
2021-06-21 10:23:58,18099.2,0
2021-06-21 10:24:03,18100.95,0
2021-06-21 10:24:08,18103.55,0
2021-06-21 10:24:11,18101.05,0
2021-06-21 10:24:12,18097.3,0
2021-06-21 10:24:15,18094.5,0
2021-06-21 10:24:16,18095.2,0
2021-06-21 10:24:18,18094.85,0
2021-06-21 10:24:21,18092.75,0
2021-06-21 10:24:25,18094.45,0
2021-06-21 10:24:28,18098.1,0
2021-06-21 10:24:29,18097.85,0
2021-06-21 10:24:30,18096.45,0
2021-06-21 10:24:31,18097.6,0
2021-06-21 10:24:35,18097.95,0
2021-06-21 10:24:37,18099.85,0
2021-06-21 10:24:41,18100.55,0
2021-06-21 10:24:43,18101.2,0
2021-06-21 10:24:45,18101.35,0
2021-06-21 10:24:46,18101.05,0
2021-06-21 10:24:49,18100.9,0
2021-06-21 10:24:50,18098.2,0
2021-06-21 10:24:51,18099.6,0
2021-06-21 10:24:54,18101.3,0
2021-06-21 10:24:55,18099.0,0
2021-06-21 10:24:59,18102.6,0
2021-06-21 10:25:03,18100.3,0
2021-06-21 10:25:04,18098.35,0
2021-06-21 10:25:06,18100.65,0
2021-06-21 10:25:07,18099.35,0
2021-06-21 10:25:09,18099.75,0
2021-06-21 10:25:15,18100.45,0
2021-06-21 10:25:17,18098.0,0
2021-06-21 10:25:18,18096.55,0
2021-06-21 10:25:20,18096.5,0
2021-06-21 10:25:22,18096.45,0
2021-06-21 10:25:23,18098.35,0
2021-06-21 10:25:24,18099.2,0
2021-06-21 10:25:25,18097.45,0
2021-06-21 10:25:28,18098.6,0
2021-06-21 10:25:32,18099.2,0
2021-06-21 10:25:36,18100.25,0
2021-06-21 10:25:48,18098.6,0
2021-06-21 10:25:49,18099.05,0
2021-06-21 10:25:53,18097.3,0
2021-06-21 10:25:54,18097.5,0
2021-06-21 10:26:01,18098.7,0
2021-06-21 10:26:05,18100.4,0
2021-06-21 10:26:11,18100.7,0
2021-06-21 10:26:13,18102.7,0
2021-06-21 10:26:23,18102.2,0
2021-06-21 10:26:28,18104.8,0
2021-06-21 10:26:29,18101.1,0
2021-06-21 10:26:32,18104.85,0
2021-06-21 10:26:34,18103.2,0
2021-06-21 10:26:43,18106.8,0
2021-06-21 10:26:45,18106.05,0
2021-06-21 10:26:48,18105.15,0
2021-06-21 10:26:49,18108.65,0
2021-06-21 10:26:52,18106.55,0
2021-06-21 10:26:56,18107.8,0
2021-06-21 10:26:57,18107.2,0
2021-06-21 10:26:58,18108.45,0
2021-06-21 10:27:00,18109.55,0
2021-06-21 10:27:06,18109.05,0
2021-06-21 10:27:07,18108.15,0
2021-06-21 10:27:08,18107.5,0
2021-06-21 10:27:12,18110.05,0
2021-06-21 10:27:13,18107.25,0
2021-06-21 10:27:18,18108.75,0
2021-06-21 10:27:19,18108.95,0
2021-06-21 10:27:21,18111.55,0
2021-06-21 10:27:25,18114.5,0
2021-06-21 10:27:26,18114.6,0
2021-06-21 10:27:28,18116.8,0
2021-06-21 10:27:30,18125.65,0
2021-06-21 10:27:34,18127.35,0
2021-06-21 10:27:35,18127.4,0
2021-06-21 10:27:37,18127.9,0
2021-06-21 10:27:39,18126.75,0
2021-06-21 10:27:42,18127.65,0
2021-06-21 10:27:47,18126.9,0
2021-06-21 10:27:50,18132.15,0
2021-06-21 10:27:51,18133.35,0
2021-06-21 10:27:58,18131.15,0
2021-06-21 10:27:59,18131.05,0
2021-06-21 10:28:01,18130.6,0
2021-06-21 10:28:02,18132.45,0
2021-06-21 10:28:04,18130.1,0
2021-06-21 10:28:05,18130.8,0
2021-06-21 10:28:08,18133.2,0
2021-06-21 10:28:09,18132.05,0
2021-06-21 10:28:13,18125.2,0
2021-06-21 10:28:16,18126.6,0
2021-06-21 10:28:18,18128.25,0
2021-06-21 10:28:22,18125.25,0
2021-06-21 10:28:25,18125.2,0
2021-06-21 10:28:28,18125.5,0
2021-06-21 10:28:51,18128.95,0
2021-06-21 10:28:52,18126.65,0
2021-06-21 10:28:53,18128.05,0
2021-06-21 10:28:54,18126.4,0
2021-06-21 10:28:57,18125.2,0
2021-06-21 10:28:59,18125.4,0
2021-06-21 10:29:01,18122.9,0
2021-06-21 10:29:02,18123.4,0
2021-06-21 10:29:08,18125.3,0
2021-06-21 10:29:11,18126.45,0
2021-06-21 10:29:16,18130.0,0
2021-06-21 10:29:22,18131.35,0
2021-06-21 10:29:25,18131.15,0
2021-06-21 10:29:26,18131.75,0
2021-06-21 10:29:27,18132.6,0
2021-06-21 10:29:28,18132.8,0
2021-06-21 10:29:30,18133.3,0
2021-06-21 10:29:32,18131.85,0
2021-06-21 10:29:34,18133.35,0
2021-06-21 10:29:36,18133.95,0
2021-06-21 10:29:39,18137.7,0
2021-06-21 10:29:41,18131.35,0
2021-06-21 10:29:45,18129.35,0
2021-06-21 10:29:47,18128.0,0
2021-06-21 10:29:49,18128.35,0
2021-06-21 10:29:53,18131.6,0
2021-06-21 10:29:56,18129.0,0
2021-06-21 10:29:57,18133.5,0
2021-06-21 10:29:58,18135.4,0
2021-06-21 10:29:59,18130.25,0
2021-06-21 10:30:02,18132.95,0
2021-06-21 10:30:05,18134.3,0
2021-06-21 10:30:06,18137.65,0
2021-06-21 10:30:09,18138.05,0
2021-06-21 10:30:11,18149.4,0
2021-06-21 10:30:15,18145.65,0
2021-06-21 10:30:22,18145.5,0
2021-06-21 10:30:27,18150.75,0
2021-06-21 10:30:32,18148.1,0
2021-06-21 10:30:33,18148.55,0
2021-06-21 10:30:34,18148.2,0
2021-06-21 10:30:37,18145.35,0
2021-06-21 10:30:38,18145.2,0
2021-06-21 10:30:44,18145.8,0
2021-06-21 10:30:46,18148.0,0
2021-06-21 10:30:48,18147.75,0
2021-06-21 10:30:50,18146.85,0
2021-06-21 10:30:55,18145.25,0
2021-06-21 10:31:02,18141.85,0
2021-06-21 10:31:07,18145.75,0
2021-06-21 10:31:09,18146.1,0
2021-06-21 10:31:12,18148.5,0
2021-06-21 10:31:19,18147.1,0
2021-06-21 10:31:21,18145.65,0
2021-06-21 10:31:23,18144.5,0
2021-06-21 10:31:30,18145.45,0
2021-06-21 10:31:32,18143.8,0
2021-06-21 10:31:34,18142.9,0
2021-06-21 10:31:35,18142.55,0
2021-06-21 10:31:36,18144.15,0
2021-06-21 10:31:43,18140.75,0
2021-06-21 10:31:44,18140.7,0
2021-06-21 10:31:46,18138.8,0
2021-06-21 10:31:49,18139.55,0
2021-06-21 10:31:53,18139.35,0
2021-06-21 10:31:54,18138.95,0
2021-06-21 10:32:02,18139.45,0
2021-06-21 10:32:04,18136.9,0
2021-06-21 10:32:07,18139.35,0
2021-06-21 10:32:10,18138.5,0
2021-06-21 10:32:11,18136.85,0
2021-06-21 10:32:13,18139.25,0
2021-06-21 10:32:15,18139.05,0
2021-06-21 10:32:23,18138.3,0
2021-06-21 10:32:27,18140.05,0
2021-06-21 10:32:28,18139.05,0
2021-06-21 10:32:29,18137.8,0
2021-06-21 10:32:30,18139.4,0
2021-06-21 10:32:32,18139.95,0
2021-06-21 10:32:35,18139.3,0
2021-06-21 10:32:36,18139.7,0
2021-06-21 10:32:39,18137.4,0
2021-06-21 10:32:42,18139.05,0
2021-06-21 10:32:45,18138.75,0
2021-06-21 10:32:50,18137.45,0
2021-06-21 10:32:51,18136.95,0
2021-06-21 10:32:52,18138.9,0
2021-06-21 10:32:54,18138.75,0
2021-06-21 10:32:56,18139.05,0
2021-06-21 10:32:57,18137.5,0
2021-06-21 10:32:58,18134.65,0
2021-06-21 10:33:00,18137.15,0
2021-06-21 10:33:02,18136.05,0
2021-06-21 10:33:03,18134.65,0
2021-06-21 10:33:05,18135.15,0
2021-06-21 10:33:08,18136.0,0
2021-06-21 10:33:11,18137.25,0
2021-06-21 10:33:13,18135.75,0
2021-06-21 10:33:16,18137.5,0
2021-06-21 10:33:19,18137.25,0
2021-06-21 10:33:21,18135.9,0
2021-06-21 10:33:22,18136.95,0
2021-06-21 10:33:23,18136.95,0
2021-06-21 10:33:25,18134.8,0
2021-06-21 10:33:26,18135.4,0
2021-06-21 10:33:29,18137.25,0
2021-06-21 10:33:30,18138.35,0
2021-06-21 10:33:31,18138.15,0
2021-06-21 10:33:39,18142.25,0
2021-06-21 10:33:40,18142.9,0
2021-06-21 10:33:42,18141.45,0
2021-06-21 10:33:43,18142.05,0
2021-06-21 10:33:48,18138.8,0
2021-06-21 10:33:54,18139.15,0
2021-06-21 10:33:58,18138.85,0
2021-06-21 10:33:59,18136.95,0
2021-06-21 10:34:01,18137.4,0
2021-06-21 10:34:04,18138.25,0
2021-06-21 10:34:07,18138.15,0
2021-06-21 10:34:08,18137.85,0
2021-06-21 10:34:14,18136.35,0
2021-06-21 10:34:21,18138.45,0
2021-06-21 10:34:22,18138.65,0
2021-06-21 10:34:24,18138.85,0
2021-06-21 10:34:25,18137.8,0
2021-06-21 10:34:26,18138.95,0
2021-06-21 10:34:27,18138.9,0
2021-06-21 10:34:29,18138.4,0
2021-06-21 10:34:31,18136.4,0
2021-06-21 10:34:32,18138.8,0
2021-06-21 10:34:33,18140.2,0
2021-06-21 10:34:35,18134.2,0
2021-06-21 10:34:36,18137.65,0
2021-06-21 10:34:40,18135.55,0
2021-06-21 10:34:41,18136.3,0
2021-06-21 10:34:42,18136.4,0
2021-06-21 10:34:44,18135.6,0
2021-06-21 10:34:48,18134.8,0
2021-06-21 10:34:53,18134.9,0
2021-06-21 10:34:57,18134.35,0
2021-06-21 10:34:59,18132.0,0
2021-06-21 10:35:01,18132.05,0
2021-06-21 10:35:02,18133.0,0
2021-06-21 10:35:05,18131.75,0
2021-06-21 10:35:07,18133.9,0
2021-06-21 10:35:08,18132.7,0
2021-06-21 10:35:09,18132.8,0
2021-06-21 10:35:12,18134.3,0
2021-06-21 10:35:17,18135.05,0
2021-06-21 10:35:25,18133.4,0
2021-06-21 10:35:37,18132.3,0
2021-06-21 10:35:43,18130.55,0
2021-06-21 10:35:46,18129.5,0
2021-06-21 10:35:49,18128.1,0
2021-06-21 10:35:56,18122.85,0
2021-06-21 10:35:59,18121.1,0
2021-06-21 10:36:02,18123.9,0
2021-06-21 10:36:03,18123.7,0
2021-06-21 10:36:04,18125.15,0
2021-06-21 10:36:06,18125.9,0
2021-06-21 10:36:07,18125.2,0
2021-06-21 10:36:08,18123.9,0
2021-06-21 10:36:10,18123.85,0
2021-06-21 10:36:11,18123.3,0
2021-06-21 10:36:12,18123.05,0
2021-06-21 10:36:20,18119.8,0
2021-06-21 10:36:25,18122.2,0
2021-06-21 10:36:26,18121.9,0
2021-06-21 10:36:28,18120.35,0
2021-06-21 10:36:32,18121.0,0
2021-06-21 10:36:33,18120.35,0
2021-06-21 10:36:34,18120.1,0
2021-06-21 10:36:37,18120.95,0
2021-06-21 10:36:44,18119.3,0
2021-06-21 10:36:45,18120.0,0
2021-06-21 10:36:48,18120.45,0
2021-06-21 10:36:49,18118.35,0
2021-06-21 10:36:51,18120.25,0
2021-06-21 10:36:54,18116.55,0
2021-06-21 10:36:55,18117.25,0
2021-06-21 10:36:59,18120.9,0
2021-06-21 10:37:00,18121.0,0
2021-06-21 10:37:01,18119.15,0
2021-06-21 10:37:06,18116.85,0
2021-06-21 10:37:07,18117.35,0
2021-06-21 10:37:12,18114.45,0
2021-06-21 10:37:13,18116.35,0
2021-06-21 10:37:16,18114.4,0
2021-06-21 10:37:18,18117.6,0
2021-06-21 10:37:19,18117.8,0
2021-06-21 10:37:22,18115.7,0
2021-06-21 10:37:25,18116.7,0
2021-06-21 10:37:26,18114.35,0
2021-06-21 10:37:29,18114.3,0
2021-06-21 10:37:30,18113.6,0
2021-06-21 10:37:31,18116.65,0
2021-06-21 10:37:47,18115.6,0
2021-06-21 10:37:50,18112.8,0
2021-06-21 10:37:57,18120.95,0
2021-06-21 10:37:59,18117.25,0
2021-06-21 10:38:04,18118.9,0
2021-06-21 10:38:05,18119.75,0
2021-06-21 10:38:09,18118.25,0
2021-06-21 10:38:12,18118.0,0
2021-06-21 10:38:14,18115.25,0
2021-06-21 10:38:16,18113.65,0
2021-06-21 10:38:17,18114.1,0
2021-06-21 10:38:23,18114.8,0
2021-06-21 10:38:24,18115.0,0
2021-06-21 10:38:30,18114.15,0
2021-06-21 10:38:32,18113.75,0
2021-06-21 10:38:33,18114.15,0
2021-06-21 10:38:34,18112.45,0
2021-06-21 10:38:37,18113.55,0
2021-06-21 10:38:38,18112.9,0
2021-06-21 10:38:39,18114.55,0
2021-06-21 10:38:40,18114.15,0
2021-06-21 10:38:41,18111.9,0
2021-06-21 10:38:44,18110.75,0
2021-06-21 10:38:46,18114.25,0
2021-06-21 10:38:55,18109.95,0
2021-06-21 10:38:56,18113.1,0
2021-06-21 10:38:58,18109.35,0
2021-06-21 10:39:08,18110.15,0
2021-06-21 10:39:12,18109.9,0
2021-06-21 10:39:15,18110.5,0
2021-06-21 10:39:20,18112.85,0
2021-06-21 10:39:28,18111.75,0
2021-06-21 10:39:30,18109.95,0
2021-06-21 10:39:34,18109.1,0
2021-06-21 10:39:37,18111.55,0
2021-06-21 10:39:40,18116.0,0
2021-06-21 10:39:42,18117.15,0
2021-06-21 10:39:46,18118.65,0
2021-06-21 10:39:54,18117.55,0
2021-06-21 10:39:55,18116.25,0
2021-06-21 10:39:57,18119.5,0
2021-06-21 10:39:58,18117.8,0
2021-06-21 10:40:03,18117.25,0
2021-06-21 10:40:08,18117.2,0
2021-06-21 10:40:11,18115.25,0
2021-06-21 10:40:18,18125.7,0
2021-06-21 10:40:25,18127.6,0
2021-06-21 10:40:26,18127.7,0
2021-06-21 10:40:28,18125.85,0
2021-06-21 10:40:30,18125.35,0
2021-06-21 10:40:36,18120.65,0
2021-06-21 10:40:38,18121.9,0
2021-06-21 10:40:41,18121.5,0
2021-06-21 10:40:43,18121.95,0
2021-06-21 10:40:44,18122.15,0
2021-06-21 10:40:45,18121.4,0
2021-06-21 10:40:47,18122.85,0
2021-06-21 10:40:48,18120.7,0
2021-06-21 10:40:49,18121.65,0
2021-06-21 10:40:50,18123.55,0
2021-06-21 10:40:51,18123.4,0
2021-06-21 10:40:52,18121.8,0
2021-06-21 10:40:53,18120.15,0
2021-06-21 10:40:56,18118.7,0
2021-06-21 10:40:57,18120.3,0
2021-06-21 10:40:58,18120.0,0
2021-06-21 10:41:02,18121.5,0
2021-06-21 10:41:04,18118.55,0
2021-06-21 10:41:08,18120.25,0
2021-06-21 10:41:12,18119.85,0
2021-06-21 10:41:13,18119.5,0
2021-06-21 10:41:15,18121.9,0
2021-06-21 10:41:16,18118.1,0
2021-06-21 10:41:17,18120.4,0
2021-06-21 10:41:20,18120.4,0
2021-06-21 10:41:22,18121.15,0
2021-06-21 10:41:28,18120.25,0
2021-06-21 10:41:29,18120.9,0
2021-06-21 10:41:31,18124.0,0
2021-06-21 10:41:32,18122.35,0
2021-06-21 10:41:33,18123.8,0
2021-06-21 10:41:45,18131.45,0
2021-06-21 10:41:47,18128.4,0
2021-06-21 10:41:49,18127.9,0
2021-06-21 10:41:54,18130.8,0
2021-06-21 10:41:59,18132.05,0
2021-06-21 10:42:03,18129.75,0
2021-06-21 10:42:14,18129.2,0
2021-06-21 10:42:15,18131.5,0
2021-06-21 10:42:19,18128.3,0
2021-06-21 10:42:26,18130.0,0
2021-06-21 10:42:27,18129.95,0
2021-06-21 10:42:30,18131.85,0
2021-06-21 10:42:33,18132.25,0
2021-06-21 10:42:38,18128.0,0
2021-06-21 10:42:39,18123.95,0
2021-06-21 10:42:42,18125.4,0
2021-06-21 10:42:52,18126.05,0
2021-06-21 10:42:55,18128.7,0
2021-06-21 10:42:56,18128.5,0
2021-06-21 10:42:57,18129.1,0
2021-06-21 10:42:59,18126.35,0
2021-06-21 10:43:00,18128.25,0
2021-06-21 10:43:01,18125.7,0
2021-06-21 10:43:04,18129.0,0
2021-06-21 10:43:05,18127.45,0
2021-06-21 10:43:06,18127.2,0
2021-06-21 10:43:07,18127.0,0
2021-06-21 10:43:08,18125.3,0
2021-06-21 10:43:09,18126.95,0
2021-06-21 10:43:11,18125.9,0
2021-06-21 10:43:12,18125.5,0
2021-06-21 10:43:13,18125.7,0
2021-06-21 10:43:14,18124.2,0
2021-06-21 10:43:15,18126.25,0
2021-06-21 10:43:16,18126.45,0
2021-06-21 10:43:20,18125.6,0
2021-06-21 10:43:24,18128.05,0
2021-06-21 10:43:26,18127.4,0
2021-06-21 10:43:33,18125.45,0
2021-06-21 10:43:34,18124.9,0
2021-06-21 10:43:36,18127.85,0
2021-06-21 10:43:37,18126.0,0
2021-06-21 10:43:38,18125.35,0
2021-06-21 10:43:41,18125.65,0
2021-06-21 10:43:42,18126.7,0
2021-06-21 10:43:46,18125.8,0
2021-06-21 10:43:47,18129.1,0
2021-06-21 10:43:52,18128.4,0
2021-06-21 10:43:55,18128.3,0
2021-06-21 10:43:58,18128.95,0
2021-06-21 10:44:01,18131.3,0
2021-06-21 10:44:02,18134.3,0
2021-06-21 10:44:06,18139.05,0
2021-06-21 10:44:08,18141.35,0
2021-06-21 10:44:11,18139.35,0
2021-06-21 10:44:12,18135.6,0
2021-06-21 10:44:14,18137.45,0
2021-06-21 10:44:18,18135.75,0
2021-06-21 10:44:23,18132.65,0
2021-06-21 10:44:26,18133.55,0
2021-06-21 10:44:33,18137.75,0
2021-06-21 10:44:34,18139.6,0
2021-06-21 10:44:38,18136.3,0
2021-06-21 10:44:40,18137.4,0
2021-06-21 10:44:44,18138.45,0
2021-06-21 10:44:45,18140.8,0
2021-06-21 10:44:47,18139.25,0
2021-06-21 10:44:52,18138.85,0
2021-06-21 10:44:54,18138.35,0
2021-06-21 10:45:00,18138.6,0
2021-06-21 10:45:01,18136.65,0
2021-06-21 10:45:02,18137.3,0
2021-06-21 10:45:04,18137.1,0
2021-06-21 10:45:06,18140.0,0
2021-06-21 10:45:10,18138.35,0
2021-06-21 10:45:12,18138.4,0
2021-06-21 10:45:17,18140.6,0
2021-06-21 10:45:23,18143.45,0
2021-06-21 10:45:24,18142.95,0
2021-06-21 10:45:29,18143.35,0
2021-06-21 10:45:30,18145.85,0
2021-06-21 10:45:33,18146.1,0
2021-06-21 10:45:37,18146.45,0
2021-06-21 10:45:41,18148.75,0
2021-06-21 10:45:44,18150.6,0
2021-06-21 10:45:53,18147.2,0
2021-06-21 10:46:01,18146.5,0
2021-06-21 10:46:04,18147.8,0
2021-06-21 10:46:05,18149.05,0
2021-06-21 10:46:09,18147.05,0
2021-06-21 10:46:14,18149.15,0
2021-06-21 10:46:16,18146.3,0
2021-06-21 10:46:17,18146.4,0
2021-06-21 10:46:21,18144.85,0
2021-06-21 10:46:26,18142.25,0
2021-06-21 10:46:31,18142.15,0
2021-06-21 10:46:39,18140.6,0
2021-06-21 10:46:41,18140.85,0
2021-06-21 10:46:42,18139.2,0
2021-06-21 10:46:44,18138.15,0
2021-06-21 10:46:45,18138.5,0
2021-06-21 10:46:47,18138.45,0
2021-06-21 10:46:48,18138.5,0
2021-06-21 10:46:49,18139.45,0
2021-06-21 10:47:01,18136.95,0
2021-06-21 10:47:02,18136.3,0
2021-06-21 10:47:11,18137.6,0
2021-06-21 10:47:12,18138.3,0
2021-06-21 10:47:14,18140.0,0
2021-06-21 10:47:15,18139.65,0
2021-06-21 10:47:19,18136.3,0
2021-06-21 10:47:22,18138.1,0
2021-06-21 10:47:23,18136.25,0
2021-06-21 10:47:25,18137.75,0
2021-06-21 10:47:26,18138.6,0
2021-06-21 10:47:28,18137.3,0
2021-06-21 10:47:32,18135.8,0
2021-06-21 10:47:37,18136.25,0
2021-06-21 10:47:39,18136.5,0
2021-06-21 10:47:40,18133.9,0
2021-06-21 10:47:44,18133.25,0
2021-06-21 10:47:47,18130.95,0
2021-06-21 10:47:51,18128.55,0
2021-06-21 10:47:52,18132.8,0
2021-06-21 10:48:03,18127.2,0
2021-06-21 10:48:04,18126.75,0
2021-06-21 10:48:05,18126.15,0
2021-06-21 10:48:06,18125.3,0
2021-06-21 10:48:10,18123.4,0
2021-06-21 10:48:13,18126.75,0
2021-06-21 10:48:15,18126.2,0
2021-06-21 10:48:20,18121.55,0
2021-06-21 10:48:21,18122.95,0
2021-06-21 10:48:24,18125.55,0
2021-06-21 10:48:26,18124.25,0
2021-06-21 10:48:27,18123.15,0
2021-06-21 10:48:30,18123.5,0
2021-06-21 10:48:31,18124.75,0
2021-06-21 10:48:35,18125.2,0
2021-06-21 10:48:36,18125.3,0
2021-06-21 10:48:38,18121.9,0
2021-06-21 10:48:39,18121.8,0
2021-06-21 10:48:52,18124.05,0
2021-06-21 10:48:53,18128.3,0
2021-06-21 10:48:55,18128.45,0
2021-06-21 10:48:56,18127.45,0
2021-06-21 10:49:03,18128.0,0
2021-06-21 10:49:04,18124.85,0
2021-06-21 10:49:05,18128.6,0
2021-06-21 10:49:06,18126.85,0
2021-06-21 10:49:09,18125.55,0
2021-06-21 10:49:10,18125.75,0
2021-06-21 10:49:14,18124.35,0
2021-06-21 10:49:16,18123.75,0
2021-06-21 10:49:20,18123.0,0
2021-06-21 10:49:21,18124.8,0
2021-06-21 10:49:23,18126.25,0
2021-06-21 10:49:25,18123.4,0
2021-06-21 10:49:27,18125.0,0
2021-06-21 10:49:28,18126.55,0
2021-06-21 10:49:29,18124.55,0
2021-06-21 10:49:38,18125.15,0
2021-06-21 10:49:39,18125.95,0
2021-06-21 10:49:40,18126.0,0
2021-06-21 10:49:42,18128.75,0
2021-06-21 10:49:47,18126.35,0
2021-06-21 10:49:58,18129.3,0
2021-06-21 10:50:03,18128.7,0
2021-06-21 10:50:20,18130.95,0
2021-06-21 10:50:25,18126.1,0
2021-06-21 10:50:26,18125.9,0
2021-06-21 10:50:27,18126.15,0
2021-06-21 10:50:29,18126.45,0
2021-06-21 10:50:34,18125.65,0
2021-06-21 10:50:37,18122.05,0
2021-06-21 10:50:38,18122.1,0
2021-06-21 10:50:44,18123.2,0
2021-06-21 10:50:45,18121.05,0
2021-06-21 10:50:50,18122.75,0
2021-06-21 10:50:51,18121.15,0
2021-06-21 10:50:58,18121.95,0
2021-06-21 10:51:00,18122.2,0
2021-06-21 10:51:03,18121.1,0
2021-06-21 10:51:07,18121.1,0
2021-06-21 10:51:08,18122.1,0
2021-06-21 10:51:11,18119.4,0
2021-06-21 10:51:14,18122.2,0
2021-06-21 10:51:16,18119.45,0
2021-06-21 10:51:18,18121.5,0
2021-06-21 10:51:19,18119.15,0
2021-06-21 10:51:21,18120.2,0
2021-06-21 10:51:22,18120.75,0
2021-06-21 10:51:27,18120.1,0
2021-06-21 10:51:28,18118.8,0
2021-06-21 10:51:29,18121.6,0
2021-06-21 10:51:31,18121.55,0
2021-06-21 10:51:32,18120.2,0
2021-06-21 10:51:33,18121.7,0
2021-06-21 10:51:34,18118.6,0
2021-06-21 10:51:40,18119.85,0
2021-06-21 10:51:42,18122.15,0
2021-06-21 10:51:43,18119.8,0
2021-06-21 10:51:44,18120.0,0
2021-06-21 10:51:45,18123.65,0
2021-06-21 10:51:46,18123.15,0
2021-06-21 10:51:50,18122.5,0
2021-06-21 10:51:51,18122.55,0
2021-06-21 10:51:53,18122.35,0
2021-06-21 10:51:54,18121.3,0
2021-06-21 10:51:55,18119.4,0
2021-06-21 10:51:57,18119.7,0
2021-06-21 10:52:01,18122.2,0
2021-06-21 10:52:03,18123.15,0
2021-06-21 10:52:04,18122.15,0
2021-06-21 10:52:05,18121.85,0
2021-06-21 10:52:06,18122.75,0
2021-06-21 10:52:12,18122.5,0
2021-06-21 10:52:15,18118.85,0
2021-06-21 10:52:16,18119.25,0
2021-06-21 10:52:21,18126.2,0
2021-06-21 10:52:24,18129.85,0
2021-06-21 10:52:25,18130.65,0
2021-06-21 10:52:28,18127.8,0
2021-06-21 10:52:29,18127.95,0
2021-06-21 10:52:30,18127.5,0
2021-06-21 10:52:35,18126.8,0
2021-06-21 10:52:36,18125.1,0
2021-06-21 10:52:37,18126.1,0
2021-06-21 10:52:39,18126.55,0
2021-06-21 10:52:40,18128.15,0
2021-06-21 10:52:41,18128.1,0
2021-06-21 10:52:47,18124.65,0
2021-06-21 10:52:51,18124.2,0
2021-06-21 10:52:53,18126.55,0
2021-06-21 10:52:55,18122.25,0
2021-06-21 10:52:56,18123.15,0
2021-06-21 10:52:57,18123.75,0
2021-06-21 10:53:00,18120.1,0
2021-06-21 10:53:01,18119.2,0
2021-06-21 10:53:04,18121.55,0
2021-06-21 10:53:06,18119.1,0
2021-06-21 10:53:08,18119.25,0
2021-06-21 10:53:09,18119.7,0
2021-06-21 10:53:13,18119.7,0
2021-06-21 10:53:14,18119.75,0
2021-06-21 10:53:15,18121.5,0
2021-06-21 10:53:18,18118.0,0
2021-06-21 10:53:24,18117.4,0
2021-06-21 10:53:27,18119.5,0
2021-06-21 10:53:32,18117.45,0
2021-06-21 10:53:34,18120.65,0
2021-06-21 10:53:38,18118.45,0
2021-06-21 10:53:39,18119.2,0
2021-06-21 10:53:41,18121.35,0
2021-06-21 10:53:44,18120.75,0
2021-06-21 10:53:54,18122.35,0
2021-06-21 10:53:59,18121.8,0
2021-06-21 10:54:01,18121.6,0
2021-06-21 10:54:03,18123.1,0
2021-06-21 10:54:04,18121.3,0
2021-06-21 10:54:06,18125.0,0
2021-06-21 10:54:09,18121.55,0
2021-06-21 10:54:12,18122.6,0
2021-06-21 10:54:14,18120.8,0
2021-06-21 10:54:16,18120.9,0
2021-06-21 10:54:18,18121.2,0
2021-06-21 10:54:19,18122.05,0
2021-06-21 10:54:20,18121.9,0
2021-06-21 10:54:21,18123.05,0
2021-06-21 10:54:24,18123.6,0
2021-06-21 10:54:27,18121.85,0
2021-06-21 10:54:36,18123.1,0
2021-06-21 10:54:38,18123.3,0
2021-06-21 10:54:42,18121.35,0
2021-06-21 10:54:45,18122.85,0
2021-06-21 10:54:46,18120.9,0
2021-06-21 10:54:52,18123.35,0
2021-06-21 10:54:55,18123.1,0
2021-06-21 10:54:58,18126.7,0
2021-06-21 10:55:00,18126.5,0
2021-06-21 10:55:01,18128.05,0
2021-06-21 10:55:02,18128.1,0
2021-06-21 10:55:03,18126.65,0
2021-06-21 10:55:04,18126.85,0
2021-06-21 10:55:06,18126.85,0
2021-06-21 10:55:07,18129.35,0
2021-06-21 10:55:12,18128.15,0
2021-06-21 10:55:13,18128.1,0
2021-06-21 10:55:17,18127.4,0
2021-06-21 10:55:18,18125.3,0
2021-06-21 10:55:19,18127.05,0
2021-06-21 10:55:20,18124.6,0
2021-06-21 10:55:24,18121.85,0
2021-06-21 10:55:25,18121.75,0
2021-06-21 10:55:32,18127.25,0
2021-06-21 10:55:33,18124.85,0
2021-06-21 10:55:34,18126.0,0
2021-06-21 10:55:42,18128.05,0
2021-06-21 10:55:43,18126.35,0
2021-06-21 10:55:47,18125.35,0
2021-06-21 10:55:52,18125.3,0
2021-06-21 10:55:55,18128.3,0
2021-06-21 10:55:56,18124.9,0
2021-06-21 10:55:57,18126.1,0
2021-06-21 10:55:58,18126.0,0
2021-06-21 10:55:59,18125.55,0
2021-06-21 10:56:00,18128.15,0
2021-06-21 10:56:07,18127.3,0
2021-06-21 10:56:08,18129.4,0
2021-06-21 10:56:11,18132.4,0
2021-06-21 10:56:18,18135.5,0
2021-06-21 10:56:19,18137.6,0
2021-06-21 10:56:24,18134.65,0
2021-06-21 10:56:25,18135.9,0
2021-06-21 10:56:27,18135.5,0
2021-06-21 10:56:30,18136.05,0
2021-06-21 10:56:31,18136.3,0
2021-06-21 10:56:33,18136.95,0
2021-06-21 10:56:37,18141.0,0
2021-06-21 10:56:38,18140.75,0
2021-06-21 10:56:39,18137.9,0
2021-06-21 10:56:41,18138.05,0
2021-06-21 10:56:42,18138.5,0
2021-06-21 10:56:47,18144.6,0
2021-06-21 10:56:48,18140.75,0
2021-06-21 10:56:49,18140.65,0
2021-06-21 10:57:03,18144.15,0
2021-06-21 10:57:04,18144.5,0
2021-06-21 10:57:06,18146.75,0
2021-06-21 10:57:10,18143.0,0
2021-06-21 10:57:12,18143.75,0
2021-06-21 10:57:13,18143.4,0
2021-06-21 10:57:16,18143.45,0
2021-06-21 10:57:18,18144.95,0
2021-06-21 10:57:24,18147.15,0
2021-06-21 10:57:26,18145.75,0
2021-06-21 10:57:28,18144.85,0
2021-06-21 10:57:29,18143.95,0
2021-06-21 10:57:30,18146.45,0
2021-06-21 10:57:33,18146.85,0
2021-06-21 10:57:34,18146.65,0
2021-06-21 10:57:36,18144.4,0
2021-06-21 10:57:42,18146.25,0
2021-06-21 10:57:44,18147.3,0
2021-06-21 10:57:46,18143.65,0
2021-06-21 10:57:47,18146.05,0
2021-06-21 10:57:50,18144.0,0
2021-06-21 10:57:52,18143.2,0
2021-06-21 10:57:53,18145.35,0
2021-06-21 10:57:55,18146.1,0
2021-06-21 10:57:56,18144.65,0
2021-06-21 10:58:02,18141.8,0
2021-06-21 10:58:04,18141.25,0
2021-06-21 10:58:06,18141.5,0
2021-06-21 10:58:10,18142.6,0
2021-06-21 10:58:11,18145.1,0
2021-06-21 10:58:14,18136.5,0
2021-06-21 10:58:17,18137.3,0
2021-06-21 10:58:18,18134.5,0
2021-06-21 10:58:20,18134.25,0
2021-06-21 10:58:23,18134.0,0
2021-06-21 10:58:25,18133.45,0
2021-06-21 10:58:26,18133.4,0
2021-06-21 10:58:32,18133.45,0
2021-06-21 10:58:33,18135.2,0
2021-06-21 10:58:36,18132.6,0
2021-06-21 10:58:39,18135.9,0
2021-06-21 10:58:42,18135.25,0
2021-06-21 10:58:44,18133.7,0
2021-06-21 10:58:49,18134.75,0
2021-06-21 10:58:50,18134.0,0
2021-06-21 10:58:55,18137.15,0
2021-06-21 10:58:58,18135.1,0
2021-06-21 10:58:59,18137.0,0
2021-06-21 10:59:02,18131.75,0
2021-06-21 10:59:07,18133.05,0
2021-06-21 10:59:13,18125.9,0
2021-06-21 10:59:15,18126.5,0
2021-06-21 10:59:17,18127.1,0
2021-06-21 10:59:18,18126.7,0
2021-06-21 10:59:21,18127.35,0
2021-06-21 10:59:22,18124.45,0
2021-06-21 10:59:30,18115.45,0
2021-06-21 10:59:32,18120.1,0
2021-06-21 10:59:33,18118.55,0
2021-06-21 10:59:34,18120.0,0
2021-06-21 10:59:35,18116.6,0
2021-06-21 10:59:37,18114.7,0
2021-06-21 10:59:39,18114.0,0
2021-06-21 10:59:41,18116.65,0
2021-06-21 10:59:42,18115.6,0
2021-06-21 10:59:47,18119.2,0
2021-06-21 10:59:48,18118.8,0
2021-06-21 10:59:49,18117.4,0
2021-06-21 10:59:55,18118.2,0
2021-06-21 10:59:57,18119.05,0
2021-06-21 11:00:01,18120.1,0
2021-06-21 11:00:02,18119.55,0
2021-06-21 11:00:04,18116.15,0
2021-06-21 11:00:11,18109.65,0
2021-06-21 11:00:15,18114.5,0
2021-06-21 11:00:16,18114.95,0
2021-06-21 11:00:19,18115.6,0
2021-06-21 11:00:22,18116.0,0
2021-06-21 11:00:24,18114.55,0
2021-06-21 11:00:26,18115.2,0
2021-06-21 11:00:28,18116.35,0
2021-06-21 11:00:29,18115.3,0
2021-06-21 11:00:31,18115.15,0
2021-06-21 11:00:34,18115.85,0
2021-06-21 11:00:35,18114.65,0
2021-06-21 11:00:42,18112.9,0
2021-06-21 11:00:51,18111.85,0
2021-06-21 11:00:54,18109.8,0
2021-06-21 11:00:56,18109.8,0
2021-06-21 11:00:59,18108.55,0
2021-06-21 11:01:13,18101.9,0
2021-06-21 11:01:15,18101.7,0
2021-06-21 11:01:25,18097.85,0
2021-06-21 11:01:27,18098.7,0
2021-06-21 11:01:30,18097.35,0
2021-06-21 11:01:39,18098.65,0
2021-06-21 11:01:47,18100.2,0
2021-06-21 11:01:49,18102.0,0
2021-06-21 11:02:01,18100.5,0
2021-06-21 11:02:05,18099.8,0
2021-06-21 11:02:06,18101.2,0
2021-06-21 11:02:08,18098.4,0
2021-06-21 11:02:09,18100.1,0
2021-06-21 11:02:10,18102.1,0
2021-06-21 11:02:12,18100.1,0
2021-06-21 11:02:13,18099.55,0
2021-06-21 11:02:15,18101.8,0
2021-06-21 11:02:20,18101.5,0
2021-06-21 11:02:21,18102.5,0
2021-06-21 11:02:24,18102.45,0
2021-06-21 11:02:37,18101.2,0
2021-06-21 11:02:40,18098.5,0
2021-06-21 11:02:41,18099.75,0
2021-06-21 11:02:45,18102.4,0
2021-06-21 11:02:46,18099.3,0
2021-06-21 11:02:49,18103.8,0
2021-06-21 11:02:50,18101.75,0
2021-06-21 11:02:51,18099.85,0
2021-06-21 11:02:52,18101.5,0
2021-06-21 11:03:10,18100.6,0
2021-06-21 11:03:23,18106.4,0
2021-06-21 11:03:24,18109.05,0
2021-06-21 11:03:25,18106.45,0
2021-06-21 11:03:30,18110.3,0
2021-06-21 11:03:31,18109.9,0
2021-06-21 11:03:37,18117.95,0
2021-06-21 11:03:38,18118.6,0
2021-06-21 11:03:41,18121.4,0
2021-06-21 11:03:48,18125.9,0
2021-06-21 11:03:50,18126.7,0
2021-06-21 11:03:56,18127.2,0
2021-06-21 11:03:59,18125.0,0
2021-06-21 11:04:06,18127.05,0
2021-06-21 11:04:09,18126.55,0
2021-06-21 11:04:10,18129.95,0
2021-06-21 11:04:14,18134.15,0
2021-06-21 11:04:18,18137.05,0
2021-06-21 11:04:22,18137.6,0
2021-06-21 11:04:23,18135.0,0
2021-06-21 11:04:25,18138.65,0
2021-06-21 11:04:27,18138.35,0
2021-06-21 11:04:33,18141.0,0
2021-06-21 11:04:39,18137.75,0
2021-06-21 11:04:41,18138.9,0
2021-06-21 11:04:43,18137.65,0
2021-06-21 11:04:45,18140.1,0
2021-06-21 11:04:56,18138.45,0
2021-06-21 11:04:58,18136.05,0
2021-06-21 11:05:01,18134.15,0
2021-06-21 11:05:02,18134.95,0
2021-06-21 11:05:03,18134.0,0
2021-06-21 11:05:05,18132.9,0
2021-06-21 11:05:11,18132.15,0
2021-06-21 11:05:17,18131.7,0
2021-06-21 11:05:19,18133.05,0
2021-06-21 11:05:23,18133.95,0
2021-06-21 11:05:24,18135.7,0
2021-06-21 11:05:31,18137.25,0
2021-06-21 11:05:32,18138.0,0
2021-06-21 11:05:33,18139.9,0
2021-06-21 11:05:34,18137.85,0
2021-06-21 11:05:35,18135.5,0
2021-06-21 11:05:37,18136.95,0
2021-06-21 11:05:48,18138.2,0
2021-06-21 11:05:50,18138.25,0
2021-06-21 11:05:57,18135.75,0
2021-06-21 11:06:00,18132.05,0
2021-06-21 11:06:01,18134.1,0
2021-06-21 11:06:03,18131.2,0
2021-06-21 11:06:05,18135.15,0
2021-06-21 11:06:06,18133.1,0
2021-06-21 11:06:07,18134.0,0
2021-06-21 11:06:17,18132.7,0
2021-06-21 11:06:19,18131.2,0
2021-06-21 11:06:20,18130.75,0
2021-06-21 11:06:22,18131.5,0
2021-06-21 11:06:23,18128.55,0
2021-06-21 11:06:25,18132.0,0
2021-06-21 11:06:26,18130.0,0
2021-06-21 11:06:29,18127.15,0
2021-06-21 11:06:31,18126.0,0
2021-06-21 11:06:34,18124.75,0
2021-06-21 11:06:42,18125.75,0
2021-06-21 11:06:48,18124.35,0
2021-06-21 11:06:50,18123.0,0
2021-06-21 11:06:52,18122.1,0
2021-06-21 11:06:55,18123.15,0
2021-06-21 11:07:00,18121.55,0
2021-06-21 11:07:01,18123.55,0
2021-06-21 11:07:04,18119.45,0
2021-06-21 11:07:09,18115.8,0
2021-06-21 11:07:13,18114.65,0
2021-06-21 11:07:15,18116.0,0
2021-06-21 11:07:23,18114.7,0
2021-06-21 11:07:26,18115.35,0
2021-06-21 11:07:31,18114.6,0
2021-06-21 11:07:34,18117.4,0
2021-06-21 11:07:35,18118.35,0
2021-06-21 11:07:40,18115.35,0
2021-06-21 11:07:41,18113.6,0
2021-06-21 11:07:44,18114.25,0
2021-06-21 11:07:45,18113.9,0
2021-06-21 11:07:46,18115.85,0
2021-06-21 11:07:49,18115.4,0
2021-06-21 11:07:51,18114.65,0
2021-06-21 11:07:52,18113.6,0
2021-06-21 11:07:56,18112.65,0
2021-06-21 11:08:00,18110.5,0
2021-06-21 11:08:07,18107.95,0
2021-06-21 11:08:09,18108.25,0
2021-06-21 11:08:12,18110.0,0
2021-06-21 11:08:13,18110.4,0
2021-06-21 11:08:14,18108.85,0
2021-06-21 11:08:16,18109.1,0
2021-06-21 11:08:19,18109.2,0
2021-06-21 11:08:21,18109.7,0
2021-06-21 11:08:22,18109.9,0
2021-06-21 11:08:23,18107.55,0
2021-06-21 11:08:25,18107.95,0
2021-06-21 11:08:30,18107.85,0
2021-06-21 11:08:32,18105.0,0
2021-06-21 11:08:37,18104.4,0
2021-06-21 11:08:38,18104.35,0
2021-06-21 11:08:46,18107.15,0
2021-06-21 11:08:48,18105.55,0
2021-06-21 11:08:55,18106.7,0
2021-06-21 11:08:58,18108.25,0
2021-06-21 11:08:59,18107.35,0
2021-06-21 11:09:00,18108.8,0
2021-06-21 11:09:01,18107.1,0
2021-06-21 11:09:03,18107.7,0
2021-06-21 11:09:07,18108.0,0
2021-06-21 11:09:09,18107.4,0
2021-06-21 11:09:13,18108.1,0
2021-06-21 11:09:15,18107.95,0
2021-06-21 11:09:18,18107.5,0
2021-06-21 11:09:23,18110.6,0
2021-06-21 11:09:24,18110.25,0
2021-06-21 11:09:27,18107.9,0
2021-06-21 11:09:28,18110.9,0
2021-06-21 11:09:29,18109.7,0
2021-06-21 11:09:30,18111.4,0
2021-06-21 11:09:31,18111.85,0
2021-06-21 11:09:33,18109.0,0
2021-06-21 11:09:34,18109.1,0
2021-06-21 11:09:36,18109.4,0
2021-06-21 11:09:37,18110.95,0
2021-06-21 11:09:45,18108.05,0
2021-06-21 11:09:46,18110.15,0
2021-06-21 11:09:50,18107.9,0
2021-06-21 11:09:59,18101.7,0
2021-06-21 11:10:01,18101.65,0
2021-06-21 11:10:03,18102.3,0
2021-06-21 11:10:05,18101.85,0
2021-06-21 11:10:07,18100.5,0
2021-06-21 11:10:08,18100.4,0
2021-06-21 11:10:11,18103.35,0
2021-06-21 11:10:14,18100.7,0
2021-06-21 11:10:19,18105.5,0
2021-06-21 11:10:20,18105.65,0
2021-06-21 11:10:30,18109.55,0
2021-06-21 11:10:32,18108.0,0
2021-06-21 11:10:35,18106.25,0
2021-06-21 11:10:39,18106.55,0
2021-06-21 11:10:41,18107.45,0
2021-06-21 11:10:42,18107.35,0
2021-06-21 11:10:43,18107.35,0
2021-06-21 11:10:44,18109.6,0
2021-06-21 11:10:45,18109.45,0
2021-06-21 11:10:48,18107.05,0
2021-06-21 11:10:50,18107.5,0
2021-06-21 11:10:53,18107.05,0
2021-06-21 11:10:55,18108.55,0
2021-06-21 11:11:05,18107.15,0
2021-06-21 11:11:06,18106.05,0
2021-06-21 11:11:09,18107.5,0
2021-06-21 11:11:10,18105.7,0
2021-06-21 11:11:11,18105.55,0
2021-06-21 11:11:12,18105.25,0
2021-06-21 11:11:13,18106.5,0
2021-06-21 11:11:14,18105.7,0
2021-06-21 11:11:15,18106.0,0
2021-06-21 11:11:18,18106.3,0
2021-06-21 11:11:19,18108.2,0
2021-06-21 11:11:20,18105.95,0
2021-06-21 11:11:23,18106.35,0
2021-06-21 11:11:24,18109.65,0
2021-06-21 11:11:26,18107.1,0
2021-06-21 11:11:29,18108.05,0
2021-06-21 11:11:30,18106.5,0
2021-06-21 11:11:34,18107.2,0
2021-06-21 11:11:35,18106.7,0
2021-06-21 11:11:37,18106.3,0
2021-06-21 11:11:40,18105.55,0
2021-06-21 11:11:43,18103.4,0
2021-06-21 11:11:51,18101.8,0
2021-06-21 11:11:52,18101.8,0
2021-06-21 11:11:57,18101.4,0
2021-06-21 11:11:58,18103.3,0
2021-06-21 11:11:59,18104.2,0
2021-06-21 11:12:00,18101.25,0
2021-06-21 11:12:01,18101.55,0
2021-06-21 11:12:05,18101.1,0
2021-06-21 11:12:07,18100.55,0
2021-06-21 11:12:08,18100.2,0
2021-06-21 11:12:11,18097.1,0
2021-06-21 11:12:18,18099.1,0
2021-06-21 11:12:22,18095.45,0
2021-06-21 11:12:24,18097.0,0
2021-06-21 11:12:26,18100.25,0
2021-06-21 11:12:27,18096.65,0
2021-06-21 11:12:31,18097.45,0
2021-06-21 11:12:34,18098.85,0
2021-06-21 11:12:36,18100.7,0
2021-06-21 11:12:38,18101.55,0
2021-06-21 11:12:41,18100.15,0
2021-06-21 11:12:45,18101.35,0
2021-06-21 11:12:46,18100.1,0
2021-06-21 11:12:48,18102.15,0
2021-06-21 11:12:49,18103.5,0
2021-06-21 11:12:51,18106.95,0
2021-06-21 11:12:53,18104.15,0
2021-06-21 11:12:54,18104.3,0
2021-06-21 11:12:55,18105.2,0
2021-06-21 11:12:57,18105.8,0
2021-06-21 11:12:58,18105.1,0
2021-06-21 11:13:00,18105.0,0
2021-06-21 11:13:02,18103.95,0
2021-06-21 11:13:05,18101.75,0
2021-06-21 11:13:07,18105.45,0
2021-06-21 11:13:11,18103.75,0
2021-06-21 11:13:12,18101.75,0
2021-06-21 11:13:15,18103.2,0
2021-06-21 11:13:16,18102.5,0
2021-06-21 11:13:19,18100.7,0
2021-06-21 11:13:20,18101.45,0
2021-06-21 11:13:21,18102.25,0
2021-06-21 11:13:22,18100.7,0
2021-06-21 11:13:26,18098.8,0
2021-06-21 11:13:27,18097.45,0
2021-06-21 11:13:31,18099.95,0
2021-06-21 11:13:32,18098.15,0
2021-06-21 11:13:33,18095.8,0
2021-06-21 11:13:35,18095.5,0
2021-06-21 11:13:36,18095.5,0
2021-06-21 11:13:37,18097.85,0
2021-06-21 11:13:38,18095.9,0
2021-06-21 11:13:43,18094.05,0
2021-06-21 11:13:48,18094.9,0
2021-06-21 11:13:49,18094.05,0
2021-06-21 11:13:52,18093.55,0
2021-06-21 11:13:54,18094.25,0
2021-06-21 11:13:58,18093.6,0
2021-06-21 11:13:59,18093.2,0
2021-06-21 11:14:05,18096.15,0
2021-06-21 11:14:06,18096.8,0
2021-06-21 11:14:07,18096.65,0
2021-06-21 11:14:10,18095.05,0
2021-06-21 11:14:12,18094.5,0
2021-06-21 11:14:13,18096.4,0
2021-06-21 11:14:17,18096.25,0
2021-06-21 11:14:18,18096.45,0
2021-06-21 11:14:21,18096.05,0
2021-06-21 11:14:22,18095.35,0
2021-06-21 11:14:24,18098.7,0
2021-06-21 11:14:25,18098.55,0
2021-06-21 11:14:26,18098.35,0
2021-06-21 11:14:27,18104.3,0
2021-06-21 11:14:30,18100.9,0
2021-06-21 11:14:31,18103.4,0
2021-06-21 11:14:36,18101.7,0
2021-06-21 11:14:38,18101.1,0
2021-06-21 11:14:42,18102.45,0
2021-06-21 11:14:44,18100.9,0
2021-06-21 11:14:46,18099.7,0
2021-06-21 11:14:48,18098.75,0
2021-06-21 11:14:51,18100.3,0
2021-06-21 11:14:54,18097.95,0
2021-06-21 11:14:55,18101.3,0
2021-06-21 11:14:57,18099.8,0
2021-06-21 11:14:58,18097.35,0
2021-06-21 11:15:03,18094.85,0
2021-06-21 11:15:06,18094.15,0
2021-06-21 11:15:15,18086.5,0
2021-06-21 11:15:18,18090.15,0
2021-06-21 11:15:23,18087.95,0
2021-06-21 11:15:30,18092.1,0
2021-06-21 11:15:31,18092.35,0
2021-06-21 11:15:32,18089.45,0
2021-06-21 11:15:34,18089.75,0
2021-06-21 11:15:36,18091.05,0
2021-06-21 11:15:38,18089.55,0
2021-06-21 11:15:41,18090.25,0
2021-06-21 11:15:44,18088.25,0
2021-06-21 11:15:45,18087.95,0
2021-06-21 11:15:48,18089.45,0
2021-06-21 11:15:49,18087.15,0
2021-06-21 11:15:59,18090.4,0
2021-06-21 11:16:00,18088.75,0
2021-06-21 11:16:09,18092.1,0
2021-06-21 11:16:10,18091.2,0
2021-06-21 11:16:11,18088.25,0
2021-06-21 11:16:14,18090.6,0
2021-06-21 11:16:19,18089.2,0
2021-06-21 11:16:24,18093.35,0
2021-06-21 11:16:25,18096.3,0
2021-06-21 11:16:27,18096.6,0
2021-06-21 11:16:31,18096.1,0
2021-06-21 11:16:37,18097.4,0
2021-06-21 11:16:41,18097.35,0
2021-06-21 11:16:47,18096.7,0
2021-06-21 11:16:49,18096.9,0
2021-06-21 11:16:51,18096.05,0
2021-06-21 11:16:52,18095.55,0
2021-06-21 11:16:54,18091.8,0
2021-06-21 11:16:56,18091.0,0
2021-06-21 11:17:05,18092.0,0
2021-06-21 11:17:14,18089.95,0
2021-06-21 11:17:15,18090.45,0
2021-06-21 11:17:18,18091.15,0
2021-06-21 11:17:20,18090.6,0
2021-06-21 11:17:21,18091.25,0
2021-06-21 11:17:23,18091.6,0
2021-06-21 11:17:28,18094.25,0
2021-06-21 11:17:29,18093.35,0
2021-06-21 11:17:30,18094.1,0
2021-06-21 11:17:34,18096.7,0
2021-06-21 11:17:38,18097.05,0
2021-06-21 11:17:42,18097.6,0
2021-06-21 11:17:43,18098.95,0
2021-06-21 11:17:45,18099.35,0
2021-06-21 11:17:47,18100.15,0
2021-06-21 11:17:48,18101.1,0
2021-06-21 11:17:55,18102.05,0
2021-06-21 11:17:56,18102.45,0
2021-06-21 11:17:57,18100.65,0
2021-06-21 11:17:58,18100.45,0
2021-06-21 11:18:01,18100.4,0
2021-06-21 11:18:02,18100.75,0
2021-06-21 11:18:07,18101.3,0
2021-06-21 11:18:09,18101.05,0
2021-06-21 11:18:10,18099.4,0
2021-06-21 11:18:14,18101.4,0
2021-06-21 11:18:18,18099.5,0
2021-06-21 11:18:21,18101.1,0
2021-06-21 11:18:22,18101.1,0
2021-06-21 11:18:25,18102.8,0
2021-06-21 11:18:28,18107.65,0
2021-06-21 11:18:31,18108.2,0
2021-06-21 11:18:32,18109.55,0
2021-06-21 11:18:34,18108.95,0
2021-06-21 11:18:35,18108.45,0
2021-06-21 11:18:36,18109.65,0
2021-06-21 11:18:38,18107.1,0
2021-06-21 11:18:41,18109.5,0
2021-06-21 11:18:46,18109.1,0
2021-06-21 11:18:48,18108.25,0
2021-06-21 11:18:49,18109.55,0
2021-06-21 11:18:55,18108.15,0
2021-06-21 11:18:56,18106.25,0
2021-06-21 11:18:57,18107.2,0
2021-06-21 11:18:59,18108.2,0
2021-06-21 11:19:00,18107.5,0
2021-06-21 11:19:02,18105.05,0
2021-06-21 11:19:06,18106.5,0
2021-06-21 11:19:08,18102.65,0
2021-06-21 11:19:16,18100.5,0
2021-06-21 11:19:17,18099.0,0
2021-06-21 11:19:18,18100.6,0
2021-06-21 11:19:21,18099.2,0
2021-06-21 11:19:22,18099.25,0
2021-06-21 11:19:23,18102.2,0
2021-06-21 11:19:25,18101.05,0
2021-06-21 11:19:27,18098.5,0
2021-06-21 11:19:29,18098.85,0
2021-06-21 11:19:30,18098.25,0
2021-06-21 11:19:35,18095.75,0
2021-06-21 11:19:41,18101.8,0
2021-06-21 11:19:43,18100.1,0
2021-06-21 11:19:49,18097.05,0
2021-06-21 11:19:51,18097.45,0
2021-06-21 11:20:01,18100.7,0
2021-06-21 11:20:04,18101.2,0
2021-06-21 11:20:05,18099.1,0
2021-06-21 11:20:07,18100.05,0
2021-06-21 11:20:08,18102.9,0
2021-06-21 11:20:09,18100.9,0
2021-06-21 11:20:12,18101.4,0
2021-06-21 11:20:13,18099.1,0
2021-06-21 11:20:15,18101.2,0
2021-06-21 11:20:16,18097.55,0
2021-06-21 11:20:17,18097.95,0
2021-06-21 11:20:19,18098.6,0
2021-06-21 11:20:28,18098.35,0
2021-06-21 11:20:30,18098.9,0
2021-06-21 11:20:31,18098.65,0
2021-06-21 11:20:34,18099.9,0
2021-06-21 11:20:35,18097.5,0
2021-06-21 11:20:36,18097.7,0
2021-06-21 11:20:37,18097.85,0
2021-06-21 11:20:39,18097.65,0
2021-06-21 11:20:42,18095.5,0
2021-06-21 11:20:44,18092.5,0
2021-06-21 11:20:46,18092.85,0
2021-06-21 11:20:47,18093.35,0
2021-06-21 11:20:48,18094.05,0
2021-06-21 11:20:51,18095.2,0
2021-06-21 11:20:53,18095.1,0
2021-06-21 11:20:55,18093.2,0
2021-06-21 11:20:58,18092.9,0
2021-06-21 11:20:59,18092.8,0
2021-06-21 11:21:02,18095.45,0
2021-06-21 11:21:08,18097.75,0
2021-06-21 11:21:11,18099.2,0
2021-06-21 11:21:15,18101.2,0
2021-06-21 11:21:16,18099.3,0
2021-06-21 11:21:23,18100.45,0
2021-06-21 11:21:24,18099.5,0
2021-06-21 11:21:27,18098.05,0
2021-06-21 11:21:30,18099.0,0
2021-06-21 11:21:31,18097.35,0
2021-06-21 11:21:37,18094.85,0
2021-06-21 11:21:38,18093.4,0
2021-06-21 11:21:40,18093.8,0
2021-06-21 11:21:41,18096.0,0
2021-06-21 11:21:46,18095.0,0
2021-06-21 11:21:55,18097.5,0
2021-06-21 11:21:57,18101.15,0
2021-06-21 11:21:58,18101.4,0
2021-06-21 11:21:59,18100.7,0
2021-06-21 11:22:00,18102.75,0
2021-06-21 11:22:03,18100.7,0
2021-06-21 11:22:05,18100.65,0
2021-06-21 11:22:06,18103.7,0
2021-06-21 11:22:16,18100.6,0
2021-06-21 11:22:17,18102.8,0
2021-06-21 11:22:19,18099.9,0
2021-06-21 11:22:23,18099.45,0
2021-06-21 11:22:24,18098.55,0
2021-06-21 11:22:26,18101.4,0
2021-06-21 11:22:27,18099.5,0
2021-06-21 11:22:29,18100.5,0
2021-06-21 11:22:34,18098.5,0
2021-06-21 11:22:38,18102.3,0
2021-06-21 11:22:39,18101.85,0
2021-06-21 11:22:41,18097.85,0
2021-06-21 11:22:44,18099.6,0
2021-06-21 11:22:48,18097.15,0
2021-06-21 11:22:52,18099.95,0
2021-06-21 11:22:54,18098.6,0
2021-06-21 11:22:55,18098.75,0
2021-06-21 11:22:56,18098.55,0
2021-06-21 11:22:57,18098.05,0
2021-06-21 11:23:01,18100.2,0
2021-06-21 11:23:05,18097.6,0
2021-06-21 11:23:07,18100.6,0
2021-06-21 11:23:08,18099.05,0
2021-06-21 11:23:11,18101.3,0
2021-06-21 11:23:13,18098.35,0
2021-06-21 11:23:14,18099.85,0
2021-06-21 11:23:15,18099.45,0
2021-06-21 11:23:17,18100.6,0
2021-06-21 11:23:22,18098.4,0
2021-06-21 11:23:23,18099.0,0
2021-06-21 11:23:24,18099.9,0
2021-06-21 11:23:28,18098.65,0
2021-06-21 11:23:29,18098.35,0
2021-06-21 11:23:31,18101.8,0
2021-06-21 11:23:33,18099.5,0
2021-06-21 11:23:38,18100.5,0
2021-06-21 11:23:40,18102.95,0
2021-06-21 11:23:43,18108.8,0
2021-06-21 11:23:44,18105.65,0
2021-06-21 11:23:45,18108.4,0
2021-06-21 11:23:46,18105.35,0
2021-06-21 11:23:48,18105.0,0
2021-06-21 11:23:49,18104.65,0
2021-06-21 11:23:50,18104.9,0
2021-06-21 11:23:54,18106.05,0
2021-06-21 11:23:56,18106.75,0
2021-06-21 11:23:58,18109.2,0
2021-06-21 11:24:00,18108.05,0
2021-06-21 11:24:05,18108.85,0
2021-06-21 11:24:08,18106.9,0
2021-06-21 11:24:13,18111.45,0
2021-06-21 11:24:17,18111.5,0
2021-06-21 11:24:19,18108.45,0
2021-06-21 11:24:21,18109.7,0
2021-06-21 11:24:23,18108.8,0
2021-06-21 11:24:24,18110.8,0
2021-06-21 11:24:28,18106.95,0
2021-06-21 11:24:29,18110.1,0
2021-06-21 11:24:33,18107.15,0
2021-06-21 11:24:38,18103.0,0
2021-06-21 11:24:44,18102.5,0
2021-06-21 11:24:45,18103.45,0
2021-06-21 11:24:49,18103.1,0
2021-06-21 11:24:54,18097.55,0
2021-06-21 11:25:00,18095.9,0
2021-06-21 11:25:01,18096.95,0
2021-06-21 11:25:05,18098.55,0
2021-06-21 11:25:08,18096.45,0
2021-06-21 11:25:09,18097.8,0
2021-06-21 11:25:18,18100.75,0
2021-06-21 11:25:20,18099.3,0
2021-06-21 11:25:25,18100.25,0
2021-06-21 11:25:26,18100.4,0
2021-06-21 11:25:27,18097.6,0
2021-06-21 11:25:31,18098.7,0
2021-06-21 11:25:32,18099.55,0
2021-06-21 11:25:33,18100.85,0
2021-06-21 11:25:37,18100.3,0
2021-06-21 11:25:39,18098.55,0
2021-06-21 11:25:44,18099.95,0
2021-06-21 11:25:45,18100.1,0
2021-06-21 11:25:46,18099.5,0
2021-06-21 11:25:47,18096.15,0
2021-06-21 11:25:52,18094.35,0
2021-06-21 11:25:53,18091.8,0
2021-06-21 11:25:58,18093.65,0
2021-06-21 11:26:01,18093.05,0
2021-06-21 11:26:02,18093.25,0
2021-06-21 11:26:04,18096.15,0
2021-06-21 11:26:07,18094.9,0
2021-06-21 11:26:11,18098.85,0
2021-06-21 11:26:12,18095.75,0
2021-06-21 11:26:13,18097.6,0
2021-06-21 11:26:15,18098.75,0
2021-06-21 11:26:16,18095.5,0
2021-06-21 11:26:17,18097.8,0
2021-06-21 11:26:19,18098.65,0
2021-06-21 11:26:26,18095.45,0
2021-06-21 11:26:27,18098.2,0
2021-06-21 11:26:28,18095.0,0
2021-06-21 11:26:35,18094.45,0
2021-06-21 11:26:40,18096.5,0
2021-06-21 11:26:45,18095.2,0
2021-06-21 11:26:51,18095.3,0
2021-06-21 11:26:53,18095.8,0
2021-06-21 11:26:55,18095.6,0
2021-06-21 11:27:02,18096.65,0
2021-06-21 11:27:04,18098.3,0
2021-06-21 11:27:07,18097.2,0
2021-06-21 11:27:12,18097.7,0
2021-06-21 11:27:14,18100.55,0
2021-06-21 11:27:15,18098.7,0
2021-06-21 11:27:16,18098.25,0
2021-06-21 11:27:17,18100.25,0
2021-06-21 11:27:20,18099.35,0
2021-06-21 11:27:23,18096.95,0
2021-06-21 11:27:29,18098.95,0
2021-06-21 11:27:30,18098.5,0
2021-06-21 11:27:33,18096.65,0
2021-06-21 11:27:35,18098.25,0
2021-06-21 11:27:36,18099.2,0
2021-06-21 11:27:37,18098.85,0
2021-06-21 11:27:38,18099.5,0
2021-06-21 11:27:43,18099.7,0
2021-06-21 11:27:46,18098.05,0
2021-06-21 11:27:50,18101.45,0
2021-06-21 11:27:52,18099.25,0
2021-06-21 11:27:53,18100.0,0
2021-06-21 11:27:54,18099.5,0
2021-06-21 11:27:56,18098.8,0
2021-06-21 11:27:59,18096.2,0
2021-06-21 11:28:00,18097.9,0
2021-06-21 11:28:01,18098.5,0
2021-06-21 11:28:02,18100.05,0
2021-06-21 11:28:05,18098.0,0
2021-06-21 11:28:06,18098.6,0
2021-06-21 11:28:08,18098.75,0
2021-06-21 11:28:10,18096.9,0
2021-06-21 11:28:12,18099.15,0
2021-06-21 11:28:13,18098.6,0
2021-06-21 11:28:14,18098.0,0
2021-06-21 11:28:22,18097.0,0
2021-06-21 11:28:24,18095.15,0
2021-06-21 11:28:28,18095.15,0
2021-06-21 11:28:29,18094.55,0
2021-06-21 11:28:32,18097.9,0
2021-06-21 11:28:33,18095.7,0
2021-06-21 11:28:39,18096.05,0
2021-06-21 11:28:42,18096.9,0
2021-06-21 11:28:43,18096.8,0
2021-06-21 11:28:44,18096.8,0
2021-06-21 11:28:53,18097.3,0
2021-06-21 11:28:54,18097.05,0
2021-06-21 11:28:55,18097.85,0
2021-06-21 11:28:57,18100.65,0
2021-06-21 11:28:58,18097.5,0
2021-06-21 11:28:59,18097.2,0
2021-06-21 11:29:01,18096.35,0
2021-06-21 11:29:02,18095.45,0
2021-06-21 11:29:04,18093.75,0
2021-06-21 11:29:08,18093.4,0
2021-06-21 11:29:10,18094.0,0
2021-06-21 11:29:11,18097.45,0
2021-06-21 11:29:13,18095.0,0
2021-06-21 11:29:15,18094.55,0
2021-06-21 11:29:18,18096.95,0
2021-06-21 11:29:19,18096.9,0
2021-06-21 11:29:24,18096.55,0
2021-06-21 11:29:25,18098.2,0
2021-06-21 11:29:29,18096.5,0
2021-06-21 11:29:32,18097.45,0
2021-06-21 11:29:34,18098.25,0
2021-06-21 11:29:36,18095.55,0
2021-06-21 11:29:37,18097.25,0
2021-06-21 11:29:38,18095.95,0
2021-06-21 11:29:39,18097.95,0
2021-06-21 11:29:42,18097.25,0
2021-06-21 11:29:44,18096.25,0
2021-06-21 11:29:46,18096.6,0
2021-06-21 11:29:49,18096.15,0
2021-06-21 11:29:50,18095.35,0
2021-06-21 11:29:55,18097.9,0
2021-06-21 11:29:56,18095.15,0
2021-06-21 11:30:02,18095.85,0
2021-06-21 11:30:06,18094.05,0
2021-06-21 11:30:08,18095.55,0
2021-06-21 11:30:12,18094.8,0
2021-06-21 11:30:13,18098.0,0
2021-06-21 11:30:14,18096.4,0
2021-06-21 11:30:16,18095.95,0
2021-06-21 11:30:17,18097.4,0
2021-06-21 11:30:18,18097.15,0
2021-06-21 11:30:21,18093.1,0
2021-06-21 11:30:25,18095.3,0
2021-06-21 11:30:26,18097.45,0
2021-06-21 11:30:27,18096.55,0
2021-06-21 11:30:28,18096.0,0
2021-06-21 11:30:30,18095.45,0
2021-06-21 11:30:31,18094.85,0
2021-06-21 11:30:36,18095.9,0
2021-06-21 11:30:41,18098.1,0
2021-06-21 11:30:46,18097.25,0
2021-06-21 11:30:48,18097.25,0
2021-06-21 11:30:50,18098.6,0
2021-06-21 11:30:51,18098.25,0
2021-06-21 11:30:52,18095.95,0
2021-06-21 11:30:54,18095.45,0
2021-06-21 11:30:55,18098.75,0
2021-06-21 11:30:57,18100.15,0
2021-06-21 11:31:01,18100.75,0
2021-06-21 11:31:02,18101.65,0
2021-06-21 11:31:06,18107.4,0
2021-06-21 11:31:11,18109.85,0
2021-06-21 11:31:13,18111.6,0
2021-06-21 11:31:19,18110.8,0
2021-06-21 11:31:22,18112.85,0
2021-06-21 11:31:23,18113.9,0
2021-06-21 11:31:25,18113.65,0
2021-06-21 11:31:29,18108.4,0
2021-06-21 11:31:34,18106.75,0
2021-06-21 11:31:35,18108.7,0
2021-06-21 11:31:36,18106.85,0
2021-06-21 11:31:38,18109.1,0
2021-06-21 11:31:39,18107.2,0
2021-06-21 11:31:40,18108.6,0
2021-06-21 11:31:43,18109.6,0
2021-06-21 11:31:45,18108.4,0
2021-06-21 11:31:46,18109.9,0
2021-06-21 11:31:49,18109.0,0
2021-06-21 11:31:51,18109.9,0
2021-06-21 11:31:53,18112.8,0
2021-06-21 11:31:58,18111.15,0
2021-06-21 11:31:59,18114.8,0
2021-06-21 11:32:01,18111.9,0
2021-06-21 11:32:04,18112.45,0
2021-06-21 11:32:06,18114.1,0
2021-06-21 11:32:10,18109.05,0
2021-06-21 11:32:14,18109.05,0
2021-06-21 11:32:15,18109.6,0
2021-06-21 11:32:23,18108.1,0
2021-06-21 11:32:24,18110.6,0
2021-06-21 11:32:25,18110.8,0
2021-06-21 11:32:26,18109.05,0
2021-06-21 11:32:29,18108.45,0
2021-06-21 11:32:32,18109.25,0
2021-06-21 11:32:34,18111.5,0
2021-06-21 11:32:35,18108.7,0
2021-06-21 11:32:36,18111.9,0
2021-06-21 11:32:37,18109.4,0
2021-06-21 11:32:38,18109.5,0
2021-06-21 11:32:45,18109.2,0
2021-06-21 11:32:49,18110.15,0
2021-06-21 11:32:50,18108.6,0
2021-06-21 11:32:51,18109.1,0
2021-06-21 11:32:53,18105.9,0
2021-06-21 11:32:54,18102.5,0
2021-06-21 11:32:57,18103.65,0
2021-06-21 11:32:58,18102.1,0
2021-06-21 11:33:00,18103.0,0
2021-06-21 11:33:03,18104.6,0
2021-06-21 11:33:06,18103.85,0
2021-06-21 11:33:07,18103.85,0
2021-06-21 11:33:10,18099.95,0
2021-06-21 11:33:12,18099.85,0
2021-06-21 11:33:18,18100.7,0
2021-06-21 11:33:19,18099.0,0
2021-06-21 11:33:20,18098.05,0
2021-06-21 11:33:22,18097.45,0
2021-06-21 11:33:23,18098.35,0
2021-06-21 11:33:27,18099.3,0
2021-06-21 11:33:31,18099.6,0
2021-06-21 11:33:32,18097.65,0
2021-06-21 11:33:33,18097.6,0
2021-06-21 11:33:39,18099.3,0
2021-06-21 11:33:42,18096.35,0
2021-06-21 11:33:44,18098.8,0
2021-06-21 11:33:46,18098.8,0
2021-06-21 11:33:47,18099.0,0
2021-06-21 11:33:48,18100.7,0
2021-06-21 11:33:50,18100.3,0
2021-06-21 11:33:52,18097.5,0
2021-06-21 11:33:55,18098.6,0
2021-06-21 11:33:58,18100.95,0
2021-06-21 11:33:59,18100.2,0
2021-06-21 11:34:05,18103.1,0
2021-06-21 11:34:06,18103.1,0
2021-06-21 11:34:08,18103.75,0
2021-06-21 11:34:09,18101.85,0
2021-06-21 11:34:11,18103.55,0
2021-06-21 11:34:18,18100.9,0
2021-06-21 11:34:21,18100.05,0
2021-06-21 11:34:23,18101.6,0
2021-06-21 11:34:24,18101.0,0
2021-06-21 11:34:25,18100.7,0
2021-06-21 11:34:28,18102.6,0
2021-06-21 11:34:31,18099.8,0
2021-06-21 11:34:33,18100.7,0
2021-06-21 11:34:34,18100.6,0
2021-06-21 11:34:39,18098.75,0
2021-06-21 11:34:38,18099.0,0
2021-06-21 11:34:40,18098.25,0
2021-06-21 11:34:42,18098.3,0
2021-06-21 11:34:43,18098.3,0
2021-06-21 11:34:50,18097.45,0
2021-06-21 11:34:55,18097.1,0
2021-06-21 11:34:56,18099.35,0
2021-06-21 11:34:58,18098.3,0
2021-06-21 11:35:01,18095.6,0
2021-06-21 11:35:03,18091.7,0
2021-06-21 11:35:04,18093.55,0
2021-06-21 11:35:07,18092.65,0
2021-06-21 11:35:09,18092.65,0
2021-06-21 11:35:12,18092.75,0
2021-06-21 11:35:17,18095.0,0
2021-06-21 11:35:20,18092.0,0
2021-06-21 11:35:25,18093.8,0
2021-06-21 11:35:26,18093.7,0
2021-06-21 11:35:30,18092.7,0
2021-06-21 11:35:31,18095.45,0
2021-06-21 11:35:33,18093.75,0
2021-06-21 11:35:35,18095.05,0
2021-06-21 11:35:36,18094.0,0
2021-06-21 11:35:37,18094.0,0
2021-06-21 11:35:38,18093.65,0
2021-06-21 11:35:40,18093.5,0
2021-06-21 11:35:47,18099.75,0
2021-06-21 11:35:52,18104.75,0
2021-06-21 11:35:55,18108.15,0
2021-06-21 11:35:59,18103.45,0
2021-06-21 11:36:00,18103.3,0
2021-06-21 11:36:01,18106.0,0
2021-06-21 11:36:06,18104.4,0
2021-06-21 11:36:09,18103.2,0
2021-06-21 11:36:10,18101.95,0
2021-06-21 11:36:12,18101.9,0
2021-06-21 11:36:13,18102.45,0
2021-06-21 11:36:14,18102.5,0
2021-06-21 11:36:15,18102.0,0
2021-06-21 11:36:17,18102.45,0
2021-06-21 11:36:18,18101.85,0
2021-06-21 11:36:20,18102.4,0
2021-06-21 11:36:21,18101.0,0
2021-06-21 11:36:25,18104.8,0
2021-06-21 11:36:26,18105.15,0
2021-06-21 11:36:28,18106.15,0
2021-06-21 11:36:40,18103.0,0
2021-06-21 11:36:44,18103.8,0
2021-06-21 11:36:53,18104.55,0
2021-06-21 11:36:54,18104.75,0
2021-06-21 11:36:55,18102.3,0
2021-06-21 11:36:59,18102.7,0
2021-06-21 11:37:04,18103.85,0
2021-06-21 11:37:05,18104.1,0
2021-06-21 11:37:08,18101.55,0
2021-06-21 11:37:09,18103.15,0
2021-06-21 11:37:12,18104.1,0
2021-06-21 11:37:18,18103.15,0
2021-06-21 11:37:19,18105.5,0
2021-06-21 11:37:21,18102.5,0
2021-06-21 11:37:22,18103.85,0
2021-06-21 11:37:23,18101.7,0
2021-06-21 11:37:24,18102.0,0
2021-06-21 11:37:28,18102.25,0
2021-06-21 11:37:33,18105.4,0
2021-06-21 11:37:34,18103.65,0
2021-06-21 11:37:35,18105.8,0
2021-06-21 11:37:36,18107.95,0
2021-06-21 11:37:38,18105.2,0
2021-06-21 11:37:43,18105.45,0
2021-06-21 11:37:46,18106.8,0
2021-06-21 11:37:52,18105.9,0
2021-06-21 11:37:59,18108.65,0
2021-06-21 11:38:04,18114.65,0
2021-06-21 11:38:08,18117.75,0
2021-06-21 11:38:16,18116.45,0
2021-06-21 11:38:17,18113.85,0
2021-06-21 11:38:18,18115.1,0
2021-06-21 11:38:20,18116.6,0
2021-06-21 11:38:22,18116.05,0
2021-06-21 11:38:28,18110.9,0
2021-06-21 11:38:31,18110.9,0
2021-06-21 11:38:33,18110.1,0
2021-06-21 11:38:39,18110.0,0
2021-06-21 11:38:40,18108.35,0
2021-06-21 11:38:41,18111.7,0
2021-06-21 11:38:44,18109.15,0
2021-06-21 11:38:46,18108.65,0
2021-06-21 11:38:47,18106.4,0
2021-06-21 11:38:48,18104.15,0
2021-06-21 11:38:49,18106.8,0
2021-06-21 11:38:52,18105.0,0
2021-06-21 11:38:55,18103.7,0
2021-06-21 11:38:56,18107.5,0
2021-06-21 11:39:02,18109.9,0
2021-06-21 11:39:06,18108.75,0
2021-06-21 11:39:12,18108.35,0
2021-06-21 11:39:18,18110.3,0
2021-06-21 11:39:19,18110.45,0
2021-06-21 11:39:20,18107.5,0
2021-06-21 11:39:21,18109.25,0
2021-06-21 11:39:22,18108.55,0
2021-06-21 11:39:25,18110.4,0
2021-06-21 11:39:26,18109.8,0
2021-06-21 11:39:27,18109.4,0
2021-06-21 11:39:30,18107.5,0
2021-06-21 11:39:35,18107.4,0
2021-06-21 11:39:37,18105.95,0
2021-06-21 11:39:38,18107.7,0
2021-06-21 11:39:40,18108.05,0
2021-06-21 11:39:43,18105.15,0
2021-06-21 11:39:49,18106.25,0
2021-06-21 11:39:53,18105.9,0
2021-06-21 11:39:54,18105.5,0
2021-06-21 11:40:06,18117.95,0
2021-06-21 11:40:07,18115.45,0
2021-06-21 11:40:11,18117.45,0
2021-06-21 11:40:13,18110.9,0
2021-06-21 11:40:25,18112.0,0
2021-06-21 11:40:27,18111.15,0
2021-06-21 11:40:31,18111.95,0
2021-06-21 11:40:32,18114.2,0
2021-06-21 11:40:33,18112.55,0
2021-06-21 11:40:34,18112.8,0
2021-06-21 11:40:39,18113.35,0
2021-06-21 11:40:46,18115.4,0
2021-06-21 11:40:50,18117.35,0
2021-06-21 11:40:52,18114.9,0
2021-06-21 11:40:53,18114.1,0
2021-06-21 11:40:57,18116.4,0
2021-06-21 11:40:58,18115.5,0
2021-06-21 11:41:00,18114.6,0
2021-06-21 11:41:01,18114.2,0
2021-06-21 11:41:02,18114.4,0
2021-06-21 11:41:05,18114.15,0
2021-06-21 11:41:08,18116.6,0
2021-06-21 11:41:10,18115.3,0
2021-06-21 11:41:16,18113.6,0
2021-06-21 11:41:17,18114.05,0
2021-06-21 11:41:18,18113.8,0
2021-06-21 11:41:20,18112.45,0
2021-06-21 11:41:31,18111.85,0
2021-06-21 11:41:33,18112.55,0
2021-06-21 11:41:35,18111.6,0
2021-06-21 11:41:36,18113.4,0
2021-06-21 11:41:44,18111.55,0
2021-06-21 11:41:48,18112.2,0
2021-06-21 11:41:50,18114.15,0
2021-06-21 11:41:52,18111.75,0
2021-06-21 11:41:56,18111.55,0
2021-06-21 11:41:57,18111.9,0
2021-06-21 11:41:58,18111.6,0
2021-06-21 11:41:59,18110.5,0
2021-06-21 11:42:00,18112.75,0
2021-06-21 11:42:02,18113.4,0
2021-06-21 11:42:04,18111.2,0
2021-06-21 11:42:11,18112.4,0
2021-06-21 11:42:15,18112.65,0
2021-06-21 11:42:16,18111.0,0
2021-06-21 11:42:21,18107.0,0
2021-06-21 11:42:22,18106.0,0
2021-06-21 11:42:24,18107.0,0
2021-06-21 11:42:25,18108.25,0
2021-06-21 11:42:29,18106.0,0
2021-06-21 11:42:33,18108.6,0
2021-06-21 11:42:34,18106.3,0
2021-06-21 11:42:38,18107.0,0
2021-06-21 11:42:40,18108.85,0
2021-06-21 11:42:41,18108.15,0
2021-06-21 11:42:42,18108.85,0
2021-06-21 11:42:44,18107.05,0
2021-06-21 11:42:45,18107.15,0
2021-06-21 11:42:46,18108.25,0
2021-06-21 11:42:47,18108.15,0
2021-06-21 11:42:48,18107.85,0
2021-06-21 11:42:49,18109.65,0
2021-06-21 11:42:50,18106.55,0
2021-06-21 11:42:56,18116.2,0
2021-06-21 11:42:57,18112.6,0
2021-06-21 11:43:00,18111.65,0
2021-06-21 11:43:01,18110.3,0
2021-06-21 11:43:06,18110.95,0
2021-06-21 11:43:07,18113.15,0
2021-06-21 11:43:09,18111.45,0
2021-06-21 11:43:11,18111.25,0
2021-06-21 11:43:15,18111.4,0
2021-06-21 11:43:18,18112.0,0
2021-06-21 11:43:19,18115.25,0
2021-06-21 11:43:20,18112.85,0
2021-06-21 11:43:22,18114.4,0
2021-06-21 11:43:26,18114.9,0
2021-06-21 11:43:27,18116.75,0
2021-06-21 11:43:30,18114.45,0
2021-06-21 11:43:31,18117.35,0
2021-06-21 11:43:37,18114.4,0
2021-06-21 11:43:38,18112.9,0
2021-06-21 11:43:39,18113.45,0
2021-06-21 11:43:40,18112.15,0
2021-06-21 11:43:43,18115.25,0
2021-06-21 11:43:49,18120.05,0
2021-06-21 11:43:50,18123.9,0
2021-06-21 11:43:51,18125.05,0
2021-06-21 11:43:56,18124.1,0
2021-06-21 11:43:57,18124.9,0
2021-06-21 11:43:58,18126.0,0
2021-06-21 11:43:59,18123.25,0
2021-06-21 11:44:00,18122.3,0
2021-06-21 11:44:01,18122.15,0
2021-06-21 11:44:03,18119.3,0
2021-06-21 11:44:05,18117.7,0
2021-06-21 11:44:06,18121.6,0
2021-06-21 11:44:07,18122.5,0
2021-06-21 11:44:14,18122.55,0
2021-06-21 11:44:16,18119.8,0
2021-06-21 11:44:22,18118.95,0
2021-06-21 11:44:23,18118.3,0
2021-06-21 11:44:24,18121.4,0
2021-06-21 11:44:26,18117.1,0
2021-06-21 11:44:27,18116.45,0
2021-06-21 11:44:31,18117.9,0
2021-06-21 11:44:35,18116.05,0
2021-06-21 11:44:36,18116.05,0
2021-06-21 11:44:38,18115.75,0
2021-06-21 11:44:39,18115.85,0
2021-06-21 11:44:40,18114.7,0
2021-06-21 11:44:44,18117.05,0
2021-06-21 11:44:46,18116.7,0
2021-06-21 11:44:49,18112.5,0
2021-06-21 11:44:54,18115.1,0
2021-06-21 11:44:55,18112.75,0
2021-06-21 11:44:58,18114.9,0
2021-06-21 11:45:01,18117.3,0
2021-06-21 11:45:02,18116.9,0
2021-06-21 11:45:03,18114.75,0
2021-06-21 11:45:04,18116.35,0
2021-06-21 11:45:06,18117.0,0
2021-06-21 11:45:08,18116.25,0
2021-06-21 11:45:09,18116.45,0
2021-06-21 11:45:10,18115.9,0
2021-06-21 11:45:12,18116.4,0
2021-06-21 11:45:13,18115.55,0
2021-06-21 11:45:14,18116.25,0
2021-06-21 11:45:15,18115.85,0
2021-06-21 11:45:16,18117.6,0
2021-06-21 11:45:18,18117.55,0
2021-06-21 11:45:19,18115.15,0
2021-06-21 11:45:20,18116.8,0
2021-06-21 11:45:24,18114.5,0
2021-06-21 11:45:26,18118.9,0
2021-06-21 11:45:28,18116.95,0
2021-06-21 11:45:30,18112.8,0
2021-06-21 11:45:31,18114.5,0
2021-06-21 11:45:37,18115.0,0
2021-06-21 11:45:38,18114.75,0
2021-06-21 11:45:41,18114.15,0
2021-06-21 11:45:42,18113.8,0
2021-06-21 11:45:45,18116.0,0
2021-06-21 11:45:47,18114.9,0
2021-06-21 11:45:48,18114.95,0
2021-06-21 11:45:50,18114.35,0
2021-06-21 11:45:51,18115.3,0
2021-06-21 11:45:57,18117.9,0
2021-06-21 11:46:02,18119.85,0
2021-06-21 11:46:03,18122.8,0
2021-06-21 11:46:04,18121.8,0
2021-06-21 11:46:10,18118.45,0
2021-06-21 11:46:12,18121.65,0
2021-06-21 11:46:13,18119.85,0
2021-06-21 11:46:15,18120.65,0
2021-06-21 11:46:16,18121.55,0
2021-06-21 11:46:19,18122.85,0
2021-06-21 11:46:22,18122.85,0
2021-06-21 11:46:23,18125.5,0
2021-06-21 11:46:24,18123.55,0
2021-06-21 11:46:25,18123.95,0
2021-06-21 11:46:27,18126.15,0
2021-06-21 11:46:28,18123.1,0
2021-06-21 11:46:32,18124.15,0
2021-06-21 11:46:33,18124.15,0
2021-06-21 11:46:35,18126.4,0
2021-06-21 11:46:36,18124.65,0
2021-06-21 11:46:40,18125.2,0
2021-06-21 11:46:42,18126.55,0
2021-06-21 11:46:44,18129.75,0
2021-06-21 11:46:49,18127.7,0
2021-06-21 11:46:51,18130.2,0
2021-06-21 11:46:55,18130.5,0
2021-06-21 11:46:56,18128.4,0
2021-06-21 11:46:57,18131.4,0
2021-06-21 11:46:58,18129.15,0
2021-06-21 11:47:01,18129.25,0
2021-06-21 11:47:02,18129.25,0
2021-06-21 11:47:04,18129.25,0
2021-06-21 11:47:05,18131.7,0
2021-06-21 11:47:06,18128.75,0
2021-06-21 11:47:12,18127.9,0
2021-06-21 11:47:14,18127.0,0
2021-06-21 11:47:15,18126.15,0
2021-06-21 11:47:18,18126.95,0
2021-06-21 11:47:20,18125.8,0
2021-06-21 11:47:21,18126.25,0
2021-06-21 11:47:23,18127.3,0
2021-06-21 11:47:25,18125.6,0
2021-06-21 11:47:26,18126.85,0
2021-06-21 11:47:27,18126.7,0
2021-06-21 11:47:32,18127.45,0
2021-06-21 11:47:34,18126.0,0
2021-06-21 11:47:36,18127.5,0
2021-06-21 11:47:45,18128.2,0
2021-06-21 11:47:46,18127.4,0
2021-06-21 11:47:47,18125.9,0
2021-06-21 11:47:48,18127.6,0
2021-06-21 11:47:49,18127.7,0
2021-06-21 11:47:51,18126.1,0
2021-06-21 11:47:57,18126.65,0
2021-06-21 11:47:59,18127.55,0
2021-06-21 11:48:01,18127.95,0
2021-06-21 11:48:05,18125.5,0
2021-06-21 11:48:10,18126.9,0
2021-06-21 11:48:13,18125.15,0
2021-06-21 11:48:17,18125.35,0
2021-06-21 11:48:20,18125.2,0
2021-06-21 11:48:21,18126.55,0
2021-06-21 11:48:22,18125.6,0
2021-06-21 11:48:26,18123.45,0
2021-06-21 11:48:31,18126.5,0
2021-06-21 11:48:32,18127.25,0
2021-06-21 11:48:33,18125.2,0
2021-06-21 11:48:34,18126.55,0
2021-06-21 11:48:36,18127.55,0
2021-06-21 11:48:37,18127.7,0
2021-06-21 11:48:38,18125.25,0
2021-06-21 11:48:39,18127.25,0
2021-06-21 11:48:40,18129.55,0
2021-06-21 11:48:42,18130.2,0
2021-06-21 11:48:45,18129.3,0
2021-06-21 11:48:48,18131.0,0
2021-06-21 11:48:52,18130.15,0
2021-06-21 11:48:54,18127.8,0
2021-06-21 11:48:56,18127.85,0
2021-06-21 11:49:02,18129.05,0
2021-06-21 11:49:04,18130.2,0
2021-06-21 11:49:05,18129.75,0
2021-06-21 11:49:09,18128.3,0
2021-06-21 11:49:10,18131.05,0
2021-06-21 11:49:11,18131.6,0
2021-06-21 11:49:14,18131.3,0
2021-06-21 11:49:15,18128.7,0
2021-06-21 11:49:17,18126.5,0
2021-06-21 11:49:24,18125.1,0
2021-06-21 11:49:28,18126.85,0
2021-06-21 11:49:31,18126.05,0
2021-06-21 11:49:32,18125.7,0
2021-06-21 11:49:33,18125.7,0
2021-06-21 11:49:34,18126.75,0
2021-06-21 11:49:36,18124.45,0
2021-06-21 11:49:37,18124.7,0
2021-06-21 11:49:38,18124.45,0
2021-06-21 11:49:39,18124.9,0
2021-06-21 11:49:40,18123.9,0
2021-06-21 11:49:41,18125.4,0
2021-06-21 11:49:44,18124.6,0
2021-06-21 11:49:47,18125.9,0
2021-06-21 11:49:48,18125.55,0
2021-06-21 11:49:49,18127.7,0
2021-06-21 11:49:51,18125.25,0
2021-06-21 11:49:58,18126.85,0
2021-06-21 11:50:00,18124.4,0
2021-06-21 11:50:01,18123.7,0
2021-06-21 11:50:07,18124.9,0
2021-06-21 11:50:14,18123.85,0
2021-06-21 11:50:15,18123.95,0
2021-06-21 11:50:16,18124.0,0
2021-06-21 11:50:19,18124.35,0
2021-06-21 11:50:20,18123.9,0
2021-06-21 11:50:24,18123.4,0
2021-06-21 11:50:25,18123.55,0
2021-06-21 11:50:26,18126.0,0
2021-06-21 11:50:30,18123.75,0
2021-06-21 11:50:31,18123.35,0
2021-06-21 11:50:32,18123.0,0
2021-06-21 11:50:36,18124.35,0
2021-06-21 11:50:42,18122.2,0
2021-06-21 11:50:55,18121.5,0
2021-06-21 11:50:57,18123.5,0
2021-06-21 11:50:59,18119.2,0
2021-06-21 11:51:03,18121.8,0
2021-06-21 11:51:06,18119.3,0
2021-06-21 11:51:07,18118.6,0
2021-06-21 11:51:13,18123.05,0
2021-06-21 11:51:14,18122.4,0
2021-06-21 11:51:15,18122.15,0
2021-06-21 11:51:23,18123.3,0
2021-06-21 11:51:26,18126.0,0
2021-06-21 11:51:27,18125.85,0
2021-06-21 11:51:31,18130.75,0
2021-06-21 11:51:37,18134.65,0
2021-06-21 11:51:38,18131.3,0
2021-06-21 11:51:40,18132.7,0
2021-06-21 11:51:44,18133.6,0
2021-06-21 11:51:45,18131.35,0
2021-06-21 11:51:46,18131.5,0
2021-06-21 11:51:48,18129.85,0
2021-06-21 11:51:51,18128.9,0
2021-06-21 11:51:53,18125.65,0
2021-06-21 11:51:54,18128.05,0
2021-06-21 11:51:56,18125.55,0
2021-06-21 11:51:58,18126.25,0
2021-06-21 11:51:59,18126.6,0
2021-06-21 11:52:00,18125.5,0
2021-06-21 11:52:05,18126.55,0
2021-06-21 11:52:07,18127.9,0
2021-06-21 11:52:08,18126.45,0
2021-06-21 11:52:09,18128.3,0
2021-06-21 11:52:11,18123.9,0
2021-06-21 11:52:20,18123.75,0
2021-06-21 11:52:22,18124.2,0
2021-06-21 11:52:24,18125.15,0
2021-06-21 11:52:26,18127.55,0
2021-06-21 11:52:27,18125.45,0
2021-06-21 11:52:28,18125.6,0
2021-06-21 11:52:29,18126.25,0
2021-06-21 11:52:30,18127.85,0
2021-06-21 11:52:31,18125.35,0
2021-06-21 11:52:32,18126.55,0
2021-06-21 11:52:33,18125.75,0
2021-06-21 11:52:34,18125.2,0
2021-06-21 11:52:36,18126.75,0
2021-06-21 11:52:39,18126.9,0
2021-06-21 11:52:45,18122.8,0
2021-06-21 11:52:48,18119.9,0
2021-06-21 11:52:49,18122.95,0
2021-06-21 11:52:51,18122.15,0
2021-06-21 11:52:57,18122.1,0
2021-06-21 11:52:58,18123.3,0
2021-06-21 11:53:01,18121.85,0
2021-06-21 11:53:02,18121.05,0
2021-06-21 11:53:07,18124.65,0
2021-06-21 11:53:12,18123.15,0
2021-06-21 11:53:14,18125.45,0
2021-06-21 11:53:15,18125.75,0
2021-06-21 11:53:16,18127.0,0
2021-06-21 11:53:17,18124.55,0
2021-06-21 11:53:18,18127.0,0
2021-06-21 11:53:26,18124.8,0
2021-06-21 11:53:28,18124.25,0
2021-06-21 11:53:29,18124.1,0
2021-06-21 11:53:30,18123.0,0
2021-06-21 11:53:34,18124.35,0
2021-06-21 11:53:35,18123.25,0
2021-06-21 11:53:36,18126.25,0
2021-06-21 11:53:37,18126.05,0
