timestamp,ltp,volume
2021-06-14 09:15:37,18324.7,0
2021-06-14 09:15:45,18328.75,0
2021-06-14 09:15:46,18329.15,0
2021-06-14 09:15:48,18331.05,0
2021-06-14 09:15:51,18325.8,0
2021-06-14 09:15:54,18327.95,0
2021-06-14 09:15:55,18329.2,0
2021-06-14 09:15:59,18327.6,0
2021-06-14 09:16:01,18328.9,0
2021-06-14 09:16:02,18329.25,0
2021-06-14 09:16:04,18333.7,0
2021-06-14 09:16:05,18334.2,0
2021-06-14 09:16:07,18332.75,0
2021-06-14 09:16:08,18328.15,0
2021-06-14 09:16:10,18333.8,0
2021-06-14 09:16:13,18333.95,0
2021-06-14 09:16:14,18332.3,0
2021-06-14 09:16:19,18339.2,0
2021-06-14 09:16:22,18338.25,0
2021-06-14 09:16:23,18337.45,0
2021-06-14 09:16:24,18338.65,0
2021-06-14 09:16:25,18342.05,0
2021-06-14 09:16:26,18342.55,0
2021-06-14 09:16:28,18345.55,0
2021-06-14 09:16:33,18340.85,0
2021-06-14 09:16:39,18335.05,0
2021-06-14 09:16:41,18336.7,0
2021-06-14 09:16:47,18334.75,0
2021-06-14 09:16:51,18331.55,0
2021-06-14 09:16:59,18326.0,0
2021-06-14 09:17:22,18331.0,0
2021-06-14 09:17:28,18335.0,0
2021-06-14 09:17:30,18335.2,0
2021-06-14 09:17:33,18337.4,0
2021-06-14 09:17:43,18339.3,0
2021-06-14 09:17:44,18339.65,0
2021-06-14 09:17:48,18341.9,0
2021-06-14 09:17:51,18344.5,0
2021-06-14 09:17:55,18348.1,0
2021-06-14 09:18:00,18348.7,0
2021-06-14 09:18:05,18349.75,0
2021-06-14 09:18:24,18346.2,0
2021-06-14 09:18:28,18347.45,0
2021-06-14 09:18:49,18353.8,0
2021-06-14 09:18:55,18348.75,0
2021-06-14 09:19:01,18352.1,0
2021-06-14 09:19:08,18343.0,0
2021-06-14 09:19:13,18340.25,0
2021-06-14 09:19:19,18334.95,0
2021-06-14 09:19:33,18334.1,0
2021-06-14 09:19:36,18333.5,0
2021-06-14 09:19:40,18333.65,0
2021-06-14 09:19:45,18327.45,0
2021-06-14 09:19:46,18324.8,0
2021-06-14 09:20:00,18323.75,0
2021-06-14 09:20:01,18320.15,0
2021-06-14 09:20:02,18317.1,0
2021-06-14 09:20:03,18314.4,0
2021-06-14 09:20:11,18310.5,0
2021-06-14 09:20:12,18304.05,0
2021-06-14 09:20:18,18296.15,0
2021-06-14 09:20:19,18297.4,0
2021-06-14 09:20:21,18293.6,0
2021-06-14 09:20:22,18294.95,0
2021-06-14 09:20:24,18292.5,0
2021-06-14 09:20:26,18293.8,0
2021-06-14 09:20:28,18299.8,0
2021-06-14 09:20:29,18297.4,0
2021-06-14 09:20:31,18293.15,0
2021-06-14 09:20:37,18290.85,0
2021-06-14 09:20:39,18293.2,0
2021-06-14 09:20:42,18288.9,0
2021-06-14 09:20:45,18288.3,0
2021-06-14 09:20:46,18290.5,0
2021-06-14 09:20:47,18293.0,0
2021-06-14 09:20:48,18287.2,0
2021-06-14 09:20:49,18291.9,0
2021-06-14 09:20:50,18290.45,0
2021-06-14 09:20:52,18295.3,0
2021-06-14 09:20:53,18294.8,0
2021-06-14 09:20:55,18297.65,0
2021-06-14 09:20:56,18301.35,0
2021-06-14 09:20:58,18300.95,0
2021-06-14 09:21:01,18300.5,0
2021-06-14 09:21:02,18301.35,0
2021-06-14 09:21:03,18296.7,0
2021-06-14 09:21:05,18297.5,0
2021-06-14 09:21:07,18296.05,0
2021-06-14 09:21:10,18297.9,0
2021-06-14 09:21:15,18294.7,0
2021-06-14 09:21:16,18294.3,0
2021-06-14 09:21:17,18294.8,0
2021-06-14 09:21:18,18297.55,0
2021-06-14 09:21:27,18298.05,0
2021-06-14 09:21:30,18298.6,0
2021-06-14 09:21:31,18297.6,0
2021-06-14 09:21:32,18299.3,0
2021-06-14 09:21:33,18295.6,0
2021-06-14 09:21:35,18292.5,0
2021-06-14 09:21:36,18295.1,0
2021-06-14 09:21:39,18291.65,0
2021-06-14 09:21:40,18294.5,0
2021-06-14 09:21:43,18293.95,0
2021-06-14 09:21:47,18292.35,0
2021-06-14 09:21:49,18294.05,0
2021-06-14 09:21:57,18293.25,0
2021-06-14 09:22:10,18291.35,0
2021-06-14 09:22:15,18290.55,0
2021-06-14 09:22:24,18295.2,0
2021-06-14 09:22:28,18290.25,0
2021-06-14 09:22:29,18290.1,0
2021-06-14 09:22:30,18291.55,0
2021-06-14 09:22:33,18291.85,0
2021-06-14 09:22:34,18286.9,0
2021-06-14 09:22:37,18288.25,0
2021-06-14 09:22:39,18281.3,0
2021-06-14 09:22:41,18279.35,0
2021-06-14 09:22:45,18274.85,0
2021-06-14 09:22:49,18274.3,0
2021-06-14 09:22:53,18273.25,0
2021-06-14 09:23:03,18272.9,0
2021-06-14 09:23:04,18275.55,0
2021-06-14 09:23:05,18276.8,0
2021-06-14 09:23:06,18274.75,0
2021-06-14 09:23:12,18276.25,0
2021-06-14 09:23:14,18276.6,0
2021-06-14 09:23:16,18279.6,0
2021-06-14 09:23:18,18282.75,0
2021-06-14 09:23:19,18280.95,0
2021-06-14 09:23:23,18280.2,0
2021-06-14 09:23:24,18280.65,0
2021-06-14 09:23:28,18280.6,0
2021-06-14 09:23:29,18279.75,0
2021-06-14 09:23:30,18280.3,0
2021-06-14 09:23:31,18279.5,0
2021-06-14 09:23:32,18277.05,0
2021-06-14 09:23:33,18279.1,0
2021-06-14 09:23:34,18281.15,0
2021-06-14 09:23:38,18277.35,0
2021-06-14 09:23:41,18275.4,0
2021-06-14 09:23:51,18278.8,0
2021-06-14 09:23:55,18278.4,0
2021-06-14 09:23:57,18275.5,0
2021-06-14 09:23:58,18274.55,0
2021-06-14 09:24:00,18276.35,0
2021-06-14 09:24:01,18278.05,0
2021-06-14 09:24:05,18272.55,0
2021-06-14 09:24:06,18269.9,0
2021-06-14 09:24:09,18270.3,0
2021-06-14 09:24:16,18271.8,0
2021-06-14 09:24:20,18269.75,0
2021-06-14 09:24:21,18271.15,0
2021-06-14 09:24:24,18273.35,0
2021-06-14 09:24:30,18276.05,0
2021-06-14 09:24:33,18274.3,0
2021-06-14 09:24:34,18275.85,0
2021-06-14 09:24:36,18274.35,0
2021-06-14 09:24:37,18277.45,0
2021-06-14 09:24:39,18274.45,0
2021-06-14 09:24:40,18278.45,0
2021-06-14 09:24:41,18277.95,0
2021-06-14 09:24:43,18277.35,0
2021-06-14 09:24:44,18277.4,0
2021-06-14 09:24:46,18275.55,0
2021-06-14 09:24:47,18268.0,0
2021-06-14 09:24:51,18268.95,0
2021-06-14 09:24:52,18269.05,0
2021-06-14 09:24:54,18270.15,0
2021-06-14 09:24:59,18269.7,0
2021-06-14 09:25:01,18268.1,0
2021-06-14 09:25:05,18267.25,0
2021-06-14 09:25:12,18268.95,0
2021-06-14 09:25:15,18267.4,0
2021-06-14 09:25:19,18262.3,0
2021-06-14 09:25:20,18262.55,0
2021-06-14 09:25:21,18258.5,0
2021-06-14 09:25:24,18255.65,0
2021-06-14 09:25:27,18254.55,0
2021-06-14 09:25:28,18258.55,0
2021-06-14 09:25:29,18257.0,0
2021-06-14 09:25:30,18255.25,0
2021-06-14 09:25:31,18254.65,0
2021-06-14 09:25:32,18253.0,0
2021-06-14 09:25:34,18250.15,0
2021-06-14 09:25:40,18231.65,0
2021-06-14 09:25:41,18231.45,0
2021-06-14 09:25:44,18239.1,0
2021-06-14 09:25:46,18241.5,0
2021-06-14 09:25:51,18250.2,0
2021-06-14 09:25:52,18247.25,0
2021-06-14 09:25:54,18246.3,0
2021-06-14 09:25:56,18249.25,0
2021-06-14 09:25:57,18247.5,0
2021-06-14 09:25:58,18249.5,0
2021-06-14 09:26:00,18252.95,0
2021-06-14 09:26:08,18246.95,0
2021-06-14 09:26:11,18246.95,0
2021-06-14 09:26:14,18243.55,0
2021-06-14 09:26:15,18246.0,0
2021-06-14 09:26:17,18244.85,0
2021-06-14 09:26:19,18244.35,0
2021-06-14 09:26:21,18244.8,0
2021-06-14 09:26:22,18246.05,0
2021-06-14 09:26:25,18248.0,0
2021-06-14 09:26:26,18248.7,0
2021-06-14 09:26:27,18248.65,0
2021-06-14 09:26:33,18251.55,0
2021-06-14 09:26:35,18246.6,0
2021-06-14 09:26:42,18253.9,0
2021-06-14 09:26:45,18252.3,0
2021-06-14 09:26:46,18255.05,0
2021-06-14 09:26:49,18255.25,0
2021-06-14 09:26:50,18256.15,0
2021-06-14 09:26:52,18255.3,0
2021-06-14 09:27:01,18258.1,0
2021-06-14 09:27:07,18256.5,0
2021-06-14 09:27:09,18256.05,0
2021-06-14 09:27:12,18254.2,0
2021-06-14 09:27:14,18252.25,0
2021-06-14 09:27:19,18248.85,0
2021-06-14 09:27:20,18245.05,0
2021-06-14 09:27:21,18244.9,0
2021-06-14 09:27:24,18246.15,0
2021-06-14 09:27:25,18243.55,0
2021-06-14 09:27:26,18243.8,0
2021-06-14 09:27:30,18246.9,0
2021-06-14 09:27:31,18245.05,0
2021-06-14 09:27:35,18246.3,0
2021-06-14 09:27:36,18242.45,0
2021-06-14 09:27:38,18239.05,0
2021-06-14 09:27:43,18244.5,0
2021-06-14 09:27:45,18242.6,0
2021-06-14 09:27:54,18238.25,0
2021-06-14 09:27:55,18241.2,0
2021-06-14 09:27:57,18239.9,0
2021-06-14 09:27:58,18240.5,0
2021-06-14 09:27:59,18237.3,0
2021-06-14 09:28:00,18240.3,0
2021-06-14 09:28:05,18242.6,0
2021-06-14 09:28:06,18242.1,0
2021-06-14 09:28:07,18244.3,0
2021-06-14 09:28:11,18246.15,0
2021-06-14 09:28:15,18241.8,0
2021-06-14 09:28:21,18236.0,0
2021-06-14 09:28:22,18235.7,0
2021-06-14 09:28:24,18234.8,0
2021-06-14 09:28:27,18238.6,0
2021-06-14 09:28:28,18237.55,0
2021-06-14 09:28:29,18235.2,0
2021-06-14 09:28:30,18238.3,0
2021-06-14 09:28:37,18240.4,0
2021-06-14 09:28:39,18239.75,0
2021-06-14 09:28:41,18238.9,0
2021-06-14 09:28:43,18238.15,0
2021-06-14 09:28:45,18238.75,0
2021-06-14 09:28:47,18237.55,0
2021-06-14 09:28:48,18235.5,0
2021-06-14 09:28:56,18236.6,0
2021-06-14 09:28:57,18229.15,0
2021-06-14 09:28:58,18233.45,0
2021-06-14 09:29:00,18233.6,0
2021-06-14 09:29:02,18232.75,0
2021-06-14 09:29:03,18232.35,0
2021-06-14 09:29:07,18232.1,0
2021-06-14 09:29:08,18231.5,0
2021-06-14 09:29:10,18228.4,0
2021-06-14 09:29:11,18228.35,0
2021-06-14 09:29:14,18233.9,0
2021-06-14 09:29:15,18227.95,0
2021-06-14 09:29:16,18232.85,0
2021-06-14 09:29:19,18231.85,0
2021-06-14 09:29:21,18229.3,0
2021-06-14 09:29:24,18227.7,0
2021-06-14 09:29:25,18225.45,0
2021-06-14 09:29:26,18226.85,0
2021-06-14 09:29:28,18224.65,0
2021-06-14 09:29:30,18218.45,0
2021-06-14 09:29:37,18213.2,0
2021-06-14 09:29:38,18212.05,0
2021-06-14 09:29:39,18209.0,0
2021-06-14 09:29:41,18201.5,0
2021-06-14 09:29:43,18199.75,0
2021-06-14 09:29:45,18196.8,0
2021-06-14 09:30:06,18167.95,0
2021-06-14 09:30:07,18164.25,0
2021-06-14 09:30:12,18147.15,0
2021-06-14 09:30:13,18138.85,0
2021-06-14 09:30:16,18141.3,0
2021-06-14 09:30:17,18141.15,0
2021-06-14 09:30:18,18141.4,0
2021-06-14 09:30:23,18121.95,0
2021-06-14 09:30:26,18106.65,0
2021-06-14 09:30:28,18109.0,0
2021-06-14 09:30:30,18107.45,0
2021-06-14 09:30:33,18121.1,0
2021-06-14 09:30:35,18133.25,0
2021-06-14 09:30:45,18152.9,0
2021-06-14 09:30:47,18153.05,0
2021-06-14 09:30:54,18154.05,0
2021-06-14 09:31:01,18161.35,0
2021-06-14 09:31:02,18160.35,0
2021-06-14 09:31:03,18159.6,0
2021-06-14 09:31:05,18156.8,0
2021-06-14 09:31:10,18156.4,0
2021-06-14 09:31:12,18152.45,0
2021-06-14 09:31:14,18155.1,0
2021-06-14 09:31:17,18154.85,0
2021-06-14 09:31:18,18159.05,0
2021-06-14 09:31:29,18152.3,0
2021-06-14 09:31:30,18150.55,0
2021-06-14 09:31:34,18152.3,0
2021-06-14 09:31:35,18150.5,0
2021-06-14 09:31:36,18143.0,0
2021-06-14 09:31:37,18154.15,0
2021-06-14 09:31:38,18144.1,0
2021-06-14 09:31:39,18146.2,0
2021-06-14 09:31:41,18143.4,0
2021-06-14 09:31:47,18141.45,0
2021-06-14 09:31:59,18133.85,0
2021-06-14 09:32:00,18133.4,0
2021-06-14 09:32:07,18136.55,0
2021-06-14 09:32:10,18138.7,0
2021-06-14 09:32:13,18137.85,0
2021-06-14 09:32:15,18137.1,0
2021-06-14 09:32:17,18128.4,0
2021-06-14 09:32:20,18132.25,0
2021-06-14 09:32:25,18132.6,0
2021-06-14 09:32:35,18140.7,0
2021-06-14 09:32:38,18150.05,0
2021-06-14 09:32:41,18162.05,0
2021-06-14 09:32:44,18162.75,0
2021-06-14 09:32:45,18162.9,0
2021-06-14 09:32:52,18160.25,0
2021-06-14 09:32:56,18152.1,0
2021-06-14 09:33:06,18144.2,0
2021-06-14 09:33:07,18141.35,0
2021-06-14 09:33:11,18142.3,0
2021-06-14 09:33:12,18141.15,0
2021-06-14 09:33:14,18142.65,0
2021-06-14 09:33:21,18136.2,0
2021-06-14 09:33:24,18142.1,0
2021-06-14 09:33:28,18144.45,0
2021-06-14 09:33:29,18144.35,0
2021-06-14 09:33:38,18143.2,0
2021-06-14 09:33:39,18142.85,0
2021-06-14 09:33:40,18139.05,0
2021-06-14 09:33:41,18140.8,0
2021-06-14 09:33:43,18141.65,0
2021-06-14 09:33:44,18141.6,0
2021-06-14 09:33:45,18143.85,0
2021-06-14 09:33:50,18141.0,0
2021-06-14 09:33:55,18140.1,0
2021-06-14 09:34:01,18134.85,0
2021-06-14 09:34:03,18131.7,0
2021-06-14 09:34:10,18136.9,0
2021-06-14 09:34:12,18135.9,0
2021-06-14 09:34:13,18135.75,0
2021-06-14 09:34:17,18129.4,0
2021-06-14 09:34:20,18128.65,0
2021-06-14 09:34:21,18130.95,0
2021-06-14 09:34:23,18130.85,0
2021-06-14 09:34:24,18127.5,0
2021-06-14 09:34:25,18129.7,0
2021-06-14 09:34:26,18131.9,0
2021-06-14 09:34:27,18130.1,0
2021-06-14 09:34:28,18124.95,0
2021-06-14 09:34:33,18127.2,0
2021-06-14 09:34:49,18123.7,0
2021-06-14 09:34:53,18128.6,0
2021-06-14 09:34:57,18128.4,0
2021-06-14 09:35:03,18125.8,0
2021-06-14 09:35:10,18140.15,0
2021-06-14 09:35:21,18156.0,0
2021-06-14 09:35:22,18160.35,0
2021-06-14 09:35:24,18160.85,0
2021-06-14 09:35:28,18161.5,0
2021-06-14 09:35:33,18169.35,0
2021-06-14 09:35:38,18168.35,0
2021-06-14 09:35:39,18168.9,0
2021-06-14 09:35:40,18166.8,0
2021-06-14 09:35:41,18168.4,0
2021-06-14 09:35:49,18167.85,0
2021-06-14 09:35:53,18165.5,0
2021-06-14 09:35:54,18172.25,0
2021-06-14 09:35:57,18175.55,0
2021-06-14 09:35:58,18174.8,0
2021-06-14 09:35:59,18176.05,0
2021-06-14 09:36:00,18178.15,0
2021-06-14 09:36:01,18177.25,0
2021-06-14 09:36:11,18171.55,0
2021-06-14 09:36:13,18170.75,0
2021-06-14 09:36:15,18166.95,0
2021-06-14 09:36:17,18166.85,0
2021-06-14 09:36:22,18172.95,0
2021-06-14 09:36:26,18176.55,0
2021-06-14 09:36:28,18182.3,0
2021-06-14 09:36:34,18187.45,0
2021-06-14 09:36:35,18188.15,0
2021-06-14 09:36:36,18187.75,0
2021-06-14 09:36:37,18189.0,0
2021-06-14 09:36:38,18189.75,0
2021-06-14 09:36:39,18179.05,0
2021-06-14 09:36:45,18186.9,0
2021-06-14 09:36:46,18187.55,0
2021-06-14 09:36:47,18184.4,0
2021-06-14 09:36:52,18184.05,0
2021-06-14 09:36:54,18190.55,0
2021-06-14 09:36:57,18191.05,0
2021-06-14 09:36:58,18192.65,0
2021-06-14 09:37:14,18204.1,0
2021-06-14 09:37:18,18204.7,0
2021-06-14 09:37:20,18201.3,0
2021-06-14 09:37:21,18201.25,0
2021-06-14 09:37:22,18198.25,0
2021-06-14 09:37:23,18201.25,0
2021-06-14 09:37:24,18200.95,0
2021-06-14 09:37:25,18200.1,0
2021-06-14 09:37:26,18203.4,0
2021-06-14 09:37:28,18204.05,0
2021-06-14 09:37:29,18202.65,0
2021-06-14 09:37:31,18202.7,0
2021-06-14 09:37:32,18205.35,0
2021-06-14 09:37:33,18204.95,0
2021-06-14 09:37:34,18204.05,0
2021-06-14 09:37:41,18207.4,0
2021-06-14 09:37:44,18210.95,0
2021-06-14 09:37:52,18212.9,0
2021-06-14 09:37:54,18210.65,0
2021-06-14 09:37:55,18210.1,0
2021-06-14 09:37:59,18205.5,0
2021-06-14 09:38:02,18211.2,0
2021-06-14 09:38:09,18208.15,0
2021-06-14 09:38:13,18206.25,0
2021-06-14 09:38:14,18202.4,0
2021-06-14 09:38:18,18203.0,0
2021-06-14 09:38:21,18205.05,0
2021-06-14 09:38:22,18208.55,0
2021-06-14 09:38:25,18205.4,0
2021-06-14 09:38:33,18205.6,0
2021-06-14 09:38:34,18207.25,0
2021-06-14 09:38:42,18206.8,0
2021-06-14 09:38:43,18208.05,0
2021-06-14 09:38:44,18208.25,0
2021-06-14 09:38:45,18208.4,0
2021-06-14 09:38:47,18212.1,0
2021-06-14 09:38:51,18209.95,0
2021-06-14 09:38:53,18213.05,0
2021-06-14 09:38:55,18213.8,0
2021-06-14 09:38:57,18213.85,0
2021-06-14 09:38:58,18211.95,0
2021-06-14 09:39:00,18214.5,0
2021-06-14 09:39:04,18213.95,0
2021-06-14 09:39:06,18211.9,0
2021-06-14 09:39:09,18214.7,0
2021-06-14 09:39:12,18209.6,0
2021-06-14 09:39:15,18209.1,0
2021-06-14 09:39:18,18208.6,0
2021-06-14 09:39:22,18203.5,0
2021-06-14 09:39:25,18203.1,0
2021-06-14 09:39:29,18203.1,0
2021-06-14 09:39:30,18204.05,0
2021-06-14 09:39:35,18203.85,0
2021-06-14 09:39:37,18205.05,0
2021-06-14 09:39:38,18208.65,0
2021-06-14 09:39:39,18208.0,0
2021-06-14 09:39:41,18207.6,0
2021-06-14 09:39:50,18202.85,0
2021-06-14 09:39:52,18206.55,0
2021-06-14 09:39:58,18207.05,0
2021-06-14 09:39:59,18206.2,0
2021-06-14 09:40:01,18203.4,0
2021-06-14 09:40:04,18206.35,0
2021-06-14 09:40:11,18204.9,0
2021-06-14 09:40:14,18204.0,0
2021-06-14 09:40:16,18207.45,0
2021-06-14 09:40:17,18205.2,0
2021-06-14 09:40:18,18206.3,0
2021-06-14 09:40:20,18203.8,0
2021-06-14 09:40:23,18202.0,0
2021-06-14 09:40:24,18201.25,0
2021-06-14 09:40:41,18181.5,0
2021-06-14 09:40:44,18183.75,0
2021-06-14 09:40:46,18173.6,0
2021-06-14 09:40:47,18177.25,0
2021-06-14 09:40:49,18175.45,0
2021-06-14 09:40:50,18178.85,0
2021-06-14 09:40:51,18177.15,0
2021-06-14 09:40:55,18179.15,0
2021-06-14 09:40:56,18178.1,0
2021-06-14 09:40:57,18175.0,0
2021-06-14 09:40:58,18176.35,0
2021-06-14 09:41:00,18178.3,0
2021-06-14 09:41:01,18181.75,0
2021-06-14 09:41:06,18181.7,0
2021-06-14 09:41:07,18180.8,0
2021-06-14 09:41:10,18183.3,0
2021-06-14 09:41:19,18183.05,0
2021-06-14 09:41:20,18180.5,0
2021-06-14 09:41:24,18180.25,0
2021-06-14 09:41:25,18178.8,0
2021-06-14 09:41:27,18179.3,0
2021-06-14 09:41:29,18179.55,0
2021-06-14 09:41:30,18181.0,0
2021-06-14 09:41:31,18179.75,0
2021-06-14 09:41:34,18183.15,0
2021-06-14 09:41:38,18184.85,0
2021-06-14 09:41:40,18189.95,0
2021-06-14 09:41:42,18195.25,0
2021-06-14 09:41:44,18194.95,0
2021-06-14 09:41:46,18197.05,0
2021-06-14 09:41:50,18198.5,0
2021-06-14 09:41:51,18197.25,0
2021-06-14 09:41:52,18197.75,0
2021-06-14 09:41:54,18200.15,0
2021-06-14 09:42:03,18204.2,0
2021-06-14 09:42:04,18200.8,0
2021-06-14 09:42:10,18201.65,0
2021-06-14 09:42:11,18204.4,0
2021-06-14 09:42:17,18212.9,0
2021-06-14 09:42:22,18212.65,0
2021-06-14 09:42:26,18207.7,0
2021-06-14 09:42:29,18209.2,0
2021-06-14 09:42:41,18202.65,0
2021-06-14 09:42:47,18203.2,0
2021-06-14 09:43:02,18209.65,0
2021-06-14 09:43:05,18205.85,0
2021-06-14 09:43:23,18208.6,0
2021-06-14 09:43:24,18206.85,0
2021-06-14 09:43:39,18214.65,0
2021-06-14 09:43:40,18219.2,0
2021-06-14 09:43:47,18219.7,0
2021-06-14 09:43:48,18221.6,0
2021-06-14 09:43:49,18221.75,0
2021-06-14 09:43:51,18219.05,0
2021-06-14 09:43:52,18219.65,0
2021-06-14 09:43:53,18218.3,0
2021-06-14 09:43:54,18221.1,0
2021-06-14 09:43:57,18222.0,0
2021-06-14 09:43:58,18219.8,0
2021-06-14 09:43:59,18218.65,0
2021-06-14 09:44:01,18213.3,0
2021-06-14 09:44:03,18215.35,0
2021-06-14 09:44:14,18217.45,0
2021-06-14 09:44:22,18217.15,0
2021-06-14 09:44:29,18219.65,0
2021-06-14 09:44:35,18212.85,0
2021-06-14 09:44:36,18214.35,0
2021-06-14 09:44:37,18213.0,0
2021-06-14 09:44:42,18213.7,0
2021-06-14 09:44:43,18214.05,0
2021-06-14 09:44:47,18210.45,0
2021-06-14 09:44:48,18211.45,0
2021-06-14 09:44:50,18212.4,0
2021-06-14 09:44:51,18209.6,0
2021-06-14 09:44:57,18207.15,0
2021-06-14 09:44:58,18211.2,0
2021-06-14 09:44:59,18209.7,0
2021-06-14 09:45:10,18216.5,0
2021-06-14 09:45:17,18214.05,0
2021-06-14 09:45:18,18213.55,0
2021-06-14 09:45:20,18212.15,0
2021-06-14 09:45:24,18205.4,0
2021-06-14 09:45:25,18202.45,0
2021-06-14 09:45:26,18203.95,0
2021-06-14 09:45:27,18203.0,0
2021-06-14 09:45:32,18203.25,0
2021-06-14 09:45:36,18200.35,0
2021-06-14 09:45:38,18200.65,0
2021-06-14 09:45:44,18191.8,0
2021-06-14 09:45:47,18187.35,0
2021-06-14 09:45:49,18189.5,0
2021-06-14 09:45:50,18187.1,0
2021-06-14 09:45:52,18189.55,0
2021-06-14 09:45:54,18191.45,0
2021-06-14 09:45:55,18188.1,0
2021-06-14 09:45:56,18193.95,0
2021-06-14 09:45:59,18196.2,0
2021-06-14 09:46:00,18196.7,0
2021-06-14 09:46:03,18195.75,0
2021-06-14 09:46:06,18195.2,0
2021-06-14 09:46:10,18204.35,0
2021-06-14 09:46:11,18205.7,0
2021-06-14 09:46:13,18208.25,0
2021-06-14 09:46:15,18208.35,0
2021-06-14 09:46:17,18206.6,0
2021-06-14 09:46:18,18207.65,0
2021-06-14 09:46:20,18207.55,0
2021-06-14 09:46:25,18204.8,0
2021-06-14 09:46:32,18200.0,0
2021-06-14 09:46:35,18201.5,0
2021-06-14 09:46:39,18204.8,0
2021-06-14 09:46:43,18196.75,0
2021-06-14 09:46:44,18199.5,0
2021-06-14 09:46:45,18205.45,0
2021-06-14 09:46:46,18204.0,0
2021-06-14 09:46:47,18204.8,0
2021-06-14 09:46:48,18202.25,0
2021-06-14 09:46:49,18197.1,0
2021-06-14 09:46:50,18198.5,0
2021-06-14 09:46:55,18195.45,0
2021-06-14 09:46:57,18195.25,0
2021-06-14 09:46:58,18199.85,0
2021-06-14 09:46:59,18198.65,0
2021-06-14 09:47:09,18204.05,0
2021-06-14 09:47:10,18202.2,0
2021-06-14 09:47:12,18202.95,0
2021-06-14 09:47:18,18200.25,0
2021-06-14 09:47:23,18196.25,0
2021-06-14 09:47:24,18197.85,0
2021-06-14 09:47:27,18197.75,0
2021-06-14 09:47:30,18199.35,0
2021-06-14 09:47:32,18196.8,0
2021-06-14 09:47:33,18199.5,0
2021-06-14 09:47:35,18201.9,0
2021-06-14 09:47:39,18202.8,0
2021-06-14 09:47:40,18202.25,0
2021-06-14 09:47:42,18201.0,0
2021-06-14 09:47:48,18199.45,0
2021-06-14 09:47:49,18202.3,0
2021-06-14 09:47:51,18199.2,0
2021-06-14 09:47:52,18204.0,0
2021-06-14 09:47:57,18206.2,0
2021-06-14 09:47:58,18206.05,0
2021-06-14 09:47:59,18206.55,0
2021-06-14 09:48:03,18207.05,0
2021-06-14 09:48:06,18208.65,0
2021-06-14 09:48:14,18211.6,0
2021-06-14 09:48:18,18209.1,0
2021-06-14 09:48:22,18208.7,0
2021-06-14 09:48:23,18209.8,0
2021-06-14 09:48:24,18208.4,0
2021-06-14 09:48:26,18207.35,0
2021-06-14 09:48:27,18206.95,0
2021-06-14 09:48:31,18209.75,0
2021-06-14 09:48:36,18207.0,0
2021-06-14 09:48:38,18203.9,0
2021-06-14 09:48:39,18206.2,0
2021-06-14 09:48:40,18205.45,0
2021-06-14 09:48:41,18205.15,0
2021-06-14 09:48:44,18203.65,0
2021-06-14 09:48:46,18200.8,0
2021-06-14 09:48:54,18204.15,0
2021-06-14 09:48:55,18204.05,0
2021-06-14 09:48:56,18202.45,0
2021-06-14 09:49:00,18202.8,0
2021-06-14 09:49:01,18205.2,0
2021-06-14 09:49:06,18198.75,0
2021-06-14 09:49:07,18201.0,0
2021-06-14 09:49:13,18201.05,0
2021-06-14 09:49:14,18202.2,0
2021-06-14 09:49:15,18201.8,0
2021-06-14 09:49:21,18201.3,0
2021-06-14 09:49:34,18205.0,0
2021-06-14 09:49:39,18207.1,0
2021-06-14 09:49:42,18207.1,0
2021-06-14 09:49:43,18204.5,0
2021-06-14 09:49:47,18204.7,0
2021-06-14 09:49:48,18204.2,0
2021-06-14 09:49:49,18204.75,0
2021-06-14 09:49:51,18202.25,0
2021-06-14 09:49:52,18204.85,0
2021-06-14 09:49:54,18202.6,0
2021-06-14 09:49:57,18206.2,0
2021-06-14 09:49:58,18209.45,0
2021-06-14 09:50:01,18208.25,0
2021-06-14 09:50:08,18207.45,0
2021-06-14 09:50:13,18206.7,0
2021-06-14 09:50:16,18205.6,0
2021-06-14 09:50:17,18205.05,0
2021-06-14 09:50:20,18205.65,0
2021-06-14 09:50:24,18202.8,0
2021-06-14 09:50:29,18200.25,0
2021-06-14 09:50:39,18199.3,0
2021-06-14 09:50:40,18197.25,0
2021-06-14 09:50:41,18195.85,0
2021-06-14 09:50:43,18194.55,0
2021-06-14 09:50:44,18194.25,0
2021-06-14 09:50:46,18194.5,0
2021-06-14 09:50:49,18189.3,0
2021-06-14 09:50:59,18191.95,0
2021-06-14 09:51:00,18191.9,0
2021-06-14 09:51:08,18195.85,0
2021-06-14 09:51:09,18192.15,0
2021-06-14 09:51:11,18191.95,0
2021-06-14 09:51:13,18191.45,0
2021-06-14 09:51:14,18193.9,0
2021-06-14 09:51:15,18193.35,0
2021-06-14 09:51:18,18188.4,0
2021-06-14 09:51:21,18189.7,0
2021-06-14 09:51:22,18187.1,0
2021-06-14 09:51:23,18189.35,0
2021-06-14 09:51:24,18192.05,0
2021-06-14 09:51:25,18188.7,0
2021-06-14 09:51:28,18189.9,0
2021-06-14 09:51:29,18190.1,0
2021-06-14 09:51:30,18191.7,0
2021-06-14 09:51:32,18190.85,0
2021-06-14 09:51:33,18189.2,0
2021-06-14 09:51:36,18190.1,0
2021-06-14 09:51:37,18190.2,0
2021-06-14 09:51:39,18190.4,0
2021-06-14 09:51:40,18189.95,0
2021-06-14 09:51:42,18190.8,0
2021-06-14 09:51:43,18191.1,0
2021-06-14 09:51:44,18190.75,0
2021-06-14 09:51:46,18190.0,0
2021-06-14 09:51:49,18186.4,0
2021-06-14 09:51:50,18188.85,0
2021-06-14 09:51:51,18187.3,0
2021-06-14 09:51:55,18188.75,0
2021-06-14 09:52:01,18186.5,0
2021-06-14 09:52:02,18188.4,0
2021-06-14 09:52:05,18186.3,0
2021-06-14 09:52:09,18186.6,0
2021-06-14 09:52:10,18187.5,0
2021-06-14 09:52:11,18188.55,0
2021-06-14 09:52:17,18188.15,0
2021-06-14 09:52:18,18189.3,0
2021-06-14 09:52:21,18188.45,0
2021-06-14 09:52:25,18188.75,0
2021-06-14 09:52:27,18192.0,0
2021-06-14 09:52:28,18191.75,0
2021-06-14 09:52:29,18189.65,0
2021-06-14 09:52:31,18192.2,0
2021-06-14 09:52:32,18189.25,0
2021-06-14 09:52:36,18191.35,0
2021-06-14 09:52:44,18193.15,0
2021-06-14 09:52:51,18192.1,0
2021-06-14 09:52:53,18192.45,0
2021-06-14 09:52:55,18191.85,0
2021-06-14 09:52:56,18193.75,0
2021-06-14 09:52:57,18195.3,0
2021-06-14 09:52:58,18196.5,0
2021-06-14 09:52:59,18195.75,0
2021-06-14 09:53:06,18193.65,0
2021-06-14 09:53:07,18197.25,0
2021-06-14 09:53:13,18193.4,0
2021-06-14 09:53:16,18193.95,0
2021-06-14 09:53:17,18198.85,0
2021-06-14 09:53:22,18196.7,0
2021-06-14 09:53:26,18197.1,0
2021-06-14 09:53:30,18194.05,0
2021-06-14 09:53:33,18194.55,0
2021-06-14 09:53:34,18192.7,0
2021-06-14 09:53:38,18198.75,0
2021-06-14 09:53:40,18201.1,0
2021-06-14 09:53:42,18201.2,0
2021-06-14 09:53:48,18199.6,0
2021-06-14 09:53:49,18199.3,0
2021-06-14 09:53:51,18199.85,0
2021-06-14 09:54:03,18201.25,0
2021-06-14 09:54:08,18202.05,0
2021-06-14 09:54:10,18200.5,0
2021-06-14 09:54:19,18197.85,0
2021-06-14 09:54:24,18201.35,0
2021-06-14 09:54:25,18198.9,0
2021-06-14 09:54:26,18200.65,0
2021-06-14 09:54:27,18201.65,0
2021-06-14 09:54:28,18199.35,0
2021-06-14 09:54:29,18200.3,0
2021-06-14 09:54:31,18200.5,0
2021-06-14 09:54:33,18199.7,0
2021-06-14 09:54:34,18200.0,0
2021-06-14 09:54:35,18200.85,0
2021-06-14 09:54:37,18201.3,0
2021-06-14 09:54:41,18200.5,0
2021-06-14 09:54:42,18199.35,0
2021-06-14 09:54:44,18202.05,0
2021-06-14 09:54:47,18200.9,0
2021-06-14 09:54:50,18200.4,0
2021-06-14 09:54:55,18202.1,0
2021-06-14 09:54:58,18206.3,0
2021-06-14 09:54:59,18209.7,0
2021-06-14 09:55:00,18205.5,0
2021-06-14 09:55:05,18208.4,0
2021-06-14 09:55:07,18209.5,0
2021-06-14 09:55:13,18216.55,0
2021-06-14 09:55:16,18212.4,0
2021-06-14 09:55:18,18215.35,0
2021-06-14 09:55:26,18209.6,0
2021-06-14 09:55:27,18208.05,0
2021-06-14 09:55:33,18208.85,0
2021-06-14 09:55:41,18213.7,0
2021-06-14 09:55:46,18214.7,0
2021-06-14 09:56:06,18213.4,0
2021-06-14 09:56:12,18210.55,0
2021-06-14 09:56:15,18209.85,0
2021-06-14 09:56:17,18210.75,0
2021-06-14 09:56:18,18207.7,0
2021-06-14 09:56:19,18210.8,0
2021-06-14 09:56:20,18213.65,0
2021-06-14 09:56:21,18213.05,0
2021-06-14 09:56:23,18213.4,0
2021-06-14 09:56:25,18212.6,0
2021-06-14 09:56:26,18215.9,0
2021-06-14 09:56:27,18215.9,0
2021-06-14 09:56:39,18221.0,0
2021-06-14 09:56:42,18222.85,0
2021-06-14 09:56:44,18218.85,0
2021-06-14 09:56:47,18220.25,0
2021-06-14 09:56:48,18220.35,0
2021-06-14 09:56:49,18222.0,0
2021-06-14 09:56:50,18220.65,0
2021-06-14 09:56:51,18220.65,0
2021-06-14 09:56:54,18221.7,0
2021-06-14 09:56:55,18220.0,0
2021-06-14 09:56:57,18223.05,0
2021-06-14 09:57:01,18221.6,0
2021-06-14 09:57:03,18219.8,0
2021-06-14 09:57:14,18218.95,0
2021-06-14 09:57:16,18222.2,0
2021-06-14 09:57:21,18218.25,0
2021-06-14 09:57:31,18220.4,0
2021-06-14 09:57:34,18223.75,0
2021-06-14 09:57:35,18222.8,0
2021-06-14 09:57:37,18222.3,0
2021-06-14 09:57:38,18224.1,0
2021-06-14 09:57:39,18224.5,0
2021-06-14 09:57:40,18223.75,0
2021-06-14 09:57:41,18224.05,0
2021-06-14 09:57:42,18224.85,0
2021-06-14 09:57:48,18226.7,0
2021-06-14 09:57:49,18225.0,0
2021-06-14 09:57:52,18231.65,0
2021-06-14 09:57:53,18234.65,0
2021-06-14 09:57:55,18232.6,0
2021-06-14 09:58:02,18239.3,0
2021-06-14 09:58:06,18242.75,0
2021-06-14 09:58:09,18241.7,0
2021-06-14 09:58:10,18242.85,0
2021-06-14 09:58:14,18244.75,0
2021-06-14 09:58:16,18241.5,0
2021-06-14 09:58:18,18244.0,0
2021-06-14 09:58:20,18244.6,0
2021-06-14 09:58:26,18244.0,0
2021-06-14 09:58:30,18245.8,0
2021-06-14 09:58:31,18243.6,0
2021-06-14 09:58:32,18246.4,0
2021-06-14 09:58:34,18245.0,0
2021-06-14 09:58:40,18253.75,0
2021-06-14 09:58:42,18256.6,0
2021-06-14 09:58:51,18253.5,0
2021-06-14 09:58:54,18251.45,0
2021-06-14 09:58:59,18251.9,0
2021-06-14 09:59:01,18252.55,0
2021-06-14 09:59:11,18255.95,0
2021-06-14 09:59:15,18255.9,0
2021-06-14 09:59:16,18257.0,0
2021-06-14 09:59:17,18251.65,0
2021-06-14 09:59:21,18246.6,0
2021-06-14 09:59:22,18245.7,0
2021-06-14 09:59:24,18249.2,0
2021-06-14 09:59:26,18252.95,0
2021-06-14 09:59:27,18250.15,0
2021-06-14 09:59:28,18249.1,0
2021-06-14 09:59:29,18250.55,0
2021-06-14 09:59:33,18252.05,0
2021-06-14 09:59:44,18246.7,0
2021-06-14 09:59:45,18248.35,0
2021-06-14 09:59:51,18248.65,0
2021-06-14 09:59:52,18249.05,0
2021-06-14 09:59:56,18249.25,0
2021-06-14 09:59:58,18245.45,0
2021-06-14 10:00:01,18248.1,0
2021-06-14 10:00:03,18243.85,0
2021-06-14 10:00:05,18245.75,0
2021-06-14 10:00:08,18248.8,0
2021-06-14 10:00:11,18248.3,0
2021-06-14 10:00:12,18249.9,0
2021-06-14 10:00:15,18251.45,0
2021-06-14 10:00:16,18252.25,0
2021-06-14 10:00:23,18252.8,0
2021-06-14 10:00:24,18250.35,0
2021-06-14 10:00:32,18250.55,0
2021-06-14 10:00:35,18250.95,0
2021-06-14 10:00:36,18251.85,0
2021-06-14 10:00:39,18252.4,0
2021-06-14 10:00:41,18251.0,0
2021-06-14 10:00:46,18249.55,0
2021-06-14 10:00:49,18250.65,0
2021-06-14 10:01:01,18247.35,0
2021-06-14 10:01:05,18251.1,0
2021-06-14 10:01:06,18253.95,0
2021-06-14 10:01:08,18257.0,0
2021-06-14 10:01:09,18257.2,0
2021-06-14 10:01:11,18260.75,0
2021-06-14 10:01:15,18258.75,0
2021-06-14 10:01:21,18261.3,0
2021-06-14 10:01:25,18259.45,0
2021-06-14 10:01:26,18261.6,0
2021-06-14 10:01:27,18261.6,0
2021-06-14 10:01:30,18260.6,0
2021-06-14 10:01:38,18258.75,0
2021-06-14 10:01:40,18261.05,0
2021-06-14 10:02:02,18251.55,0
2021-06-14 10:02:03,18251.0,0
2021-06-14 10:02:06,18253.05,0
2021-06-14 10:02:08,18252.05,0
2021-06-14 10:02:09,18254.4,0
2021-06-14 10:02:10,18252.45,0
2021-06-14 10:02:14,18254.35,0
2021-06-14 10:02:17,18255.1,0
2021-06-14 10:02:19,18253.75,0
2021-06-14 10:02:20,18250.75,0
2021-06-14 10:02:21,18247.9,0
2021-06-14 10:02:23,18248.9,0
2021-06-14 10:02:26,18244.65,0
2021-06-14 10:02:27,18244.95,0
2021-06-14 10:02:29,18245.75,0
2021-06-14 10:02:33,18244.95,0
2021-06-14 10:02:35,18247.6,0
2021-06-14 10:02:37,18248.5,0
2021-06-14 10:02:41,18249.8,0
2021-06-14 10:02:43,18247.9,0
2021-06-14 10:02:45,18248.4,0
2021-06-14 10:02:47,18245.9,0
2021-06-14 10:02:53,18251.5,0
2021-06-14 10:03:01,18241.05,0
2021-06-14 10:03:05,18245.1,0
2021-06-14 10:03:07,18243.1,0
2021-06-14 10:03:08,18244.85,0
2021-06-14 10:03:10,18241.1,0
2021-06-14 10:03:13,18242.75,0
2021-06-14 10:03:14,18242.85,0
2021-06-14 10:03:15,18241.5,0
2021-06-14 10:03:16,18244.05,0
2021-06-14 10:03:17,18243.8,0
2021-06-14 10:03:23,18241.3,0
2021-06-14 10:03:25,18239.8,0
2021-06-14 10:03:29,18237.85,0
2021-06-14 10:03:31,18233.2,0
2021-06-14 10:03:32,18233.4,0
2021-06-14 10:03:33,18235.85,0
2021-06-14 10:03:34,18233.35,0
2021-06-14 10:03:36,18233.4,0
2021-06-14 10:03:38,18232.65,0
2021-06-14 10:03:42,18237.6,0
2021-06-14 10:03:46,18237.2,0
2021-06-14 10:03:48,18234.1,0
2021-06-14 10:03:49,18234.3,0
2021-06-14 10:03:52,18234.4,0
2021-06-14 10:03:53,18233.7,0
2021-06-14 10:03:54,18234.8,0
2021-06-14 10:03:56,18234.15,0
2021-06-14 10:03:57,18232.95,0
2021-06-14 10:04:00,18234.3,0
2021-06-14 10:04:03,18234.65,0
2021-06-14 10:04:04,18235.85,0
2021-06-14 10:04:05,18231.35,0
2021-06-14 10:04:07,18235.0,0
2021-06-14 10:04:08,18234.75,0
2021-06-14 10:04:09,18234.95,0
2021-06-14 10:04:11,18237.6,0
2021-06-14 10:04:12,18236.7,0
2021-06-14 10:04:14,18237.95,0
2021-06-14 10:04:15,18235.2,0
2021-06-14 10:04:17,18239.05,0
2021-06-14 10:04:20,18238.7,0
2021-06-14 10:04:21,18239.8,0
2021-06-14 10:04:22,18237.25,0
2021-06-14 10:04:24,18236.85,0
2021-06-14 10:04:25,18238.95,0
2021-06-14 10:04:27,18237.4,0
2021-06-14 10:04:29,18239.6,0
2021-06-14 10:04:31,18237.7,0
2021-06-14 10:04:32,18240.25,0
2021-06-14 10:04:33,18238.05,0
2021-06-14 10:04:35,18240.65,0
2021-06-14 10:04:37,18241.85,0
2021-06-14 10:04:39,18236.4,0
2021-06-14 10:04:41,18239.7,0
2021-06-14 10:04:42,18240.6,0
2021-06-14 10:04:43,18241.8,0
2021-06-14 10:04:44,18243.55,0
2021-06-14 10:04:45,18242.3,0
2021-06-14 10:04:53,18243.0,0
2021-06-14 10:04:54,18242.95,0
2021-06-14 10:04:55,18243.7,0
2021-06-14 10:04:56,18244.0,0
2021-06-14 10:04:58,18246.1,0
2021-06-14 10:04:59,18245.75,0
2021-06-14 10:05:00,18246.2,0
2021-06-14 10:05:01,18243.15,0
2021-06-14 10:05:03,18245.7,0
2021-06-14 10:05:08,18247.5,0
2021-06-14 10:05:10,18248.3,0
2021-06-14 10:05:13,18253.2,0
2021-06-14 10:05:18,18253.1,0
2021-06-14 10:05:19,18256.15,0
2021-06-14 10:05:23,18257.05,0
2021-06-14 10:05:26,18259.7,0
2021-06-14 10:05:29,18259.5,0
2021-06-14 10:05:31,18259.3,0
2021-06-14 10:05:33,18257.5,0
2021-06-14 10:05:34,18258.1,0
2021-06-14 10:05:35,18258.35,0
2021-06-14 10:05:37,18256.4,0
2021-06-14 10:05:42,18254.45,0
2021-06-14 10:05:43,18253.85,0
2021-06-14 10:05:44,18254.3,0
2021-06-14 10:05:47,18251.9,0
2021-06-14 10:05:48,18253.35,0
2021-06-14 10:05:49,18253.3,0
2021-06-14 10:05:51,18253.45,0
2021-06-14 10:05:58,18255.55,0
2021-06-14 10:06:00,18253.5,0
2021-06-14 10:06:01,18255.35,0
2021-06-14 10:06:02,18253.5,0
2021-06-14 10:06:03,18253.5,0
2021-06-14 10:06:06,18252.85,0
2021-06-14 10:06:07,18254.35,0
2021-06-14 10:06:08,18254.75,0
2021-06-14 10:06:11,18248.05,0
2021-06-14 10:06:12,18246.05,0
2021-06-14 10:06:13,18244.7,0
2021-06-14 10:06:14,18247.1,0
2021-06-14 10:06:18,18246.25,0
2021-06-14 10:06:20,18245.25,0
2021-06-14 10:06:25,18240.85,0
2021-06-14 10:06:27,18244.15,0
2021-06-14 10:06:28,18243.1,0
2021-06-14 10:06:29,18244.3,0
2021-06-14 10:06:34,18245.5,0
2021-06-14 10:06:35,18244.8,0
2021-06-14 10:06:36,18244.65,0
2021-06-14 10:06:38,18242.7,0
2021-06-14 10:06:43,18243.1,0
2021-06-14 10:06:45,18242.6,0
2021-06-14 10:06:46,18243.0,0
2021-06-14 10:06:50,18243.1,0
2021-06-14 10:06:51,18242.0,0
2021-06-14 10:06:52,18241.45,0
2021-06-14 10:06:54,18243.05,0
2021-06-14 10:06:57,18244.0,0
2021-06-14 10:06:58,18243.5,0
2021-06-14 10:06:59,18242.25,0
2021-06-14 10:07:02,18243.55,0
2021-06-14 10:07:03,18241.75,0
2021-06-14 10:07:04,18242.75,0
2021-06-14 10:07:08,18241.2,0
2021-06-14 10:07:09,18240.35,0
2021-06-14 10:07:13,18241.5,0
2021-06-14 10:07:15,18244.25,0
2021-06-14 10:07:18,18249.2,0
2021-06-14 10:07:23,18255.7,0
2021-06-14 10:07:24,18256.6,0
2021-06-14 10:07:27,18256.25,0
2021-06-14 10:07:33,18254.15,0
2021-06-14 10:07:35,18250.0,0
2021-06-14 10:07:37,18249.5,0
2021-06-14 10:07:39,18249.95,0
2021-06-14 10:07:44,18252.2,0
2021-06-14 10:07:45,18251.7,0
2021-06-14 10:07:46,18251.95,0
2021-06-14 10:07:47,18251.55,0
2021-06-14 10:07:51,18253.0,0
2021-06-14 10:07:54,18252.9,0
2021-06-14 10:07:56,18250.65,0
2021-06-14 10:07:57,18252.45,0
2021-06-14 10:08:00,18252.8,0
2021-06-14 10:08:01,18254.85,0
2021-06-14 10:08:08,18253.1,0
2021-06-14 10:08:12,18252.5,0
2021-06-14 10:08:13,18250.9,0
2021-06-14 10:08:18,18248.45,0
2021-06-14 10:08:26,18244.9,0
2021-06-14 10:08:33,18245.55,0
2021-06-14 10:08:34,18246.15,0
2021-06-14 10:08:37,18245.05,0
2021-06-14 10:08:38,18245.9,0
2021-06-14 10:08:41,18247.3,0
2021-06-14 10:08:43,18245.45,0
2021-06-14 10:08:46,18243.3,0
2021-06-14 10:08:52,18244.7,0
2021-06-14 10:08:54,18245.25,0
2021-06-14 10:08:57,18247.25,0
2021-06-14 10:09:02,18249.4,0
2021-06-14 10:09:03,18247.65,0
2021-06-14 10:09:04,18248.3,0
2021-06-14 10:09:05,18246.6,0
2021-06-14 10:09:07,18247.05,0
2021-06-14 10:09:09,18250.35,0
2021-06-14 10:09:10,18247.25,0
2021-06-14 10:09:46,18242.55,0
2021-06-14 10:09:49,18238.35,0
2021-06-14 10:09:51,18237.45,0
2021-06-14 10:09:56,18235.8,0
2021-06-14 10:09:58,18238.35,0
2021-06-14 10:10:00,18238.95,0
2021-06-14 10:10:01,18235.85,0
2021-06-14 10:10:03,18238.25,0
2021-06-14 10:10:06,18239.85,0
2021-06-14 10:10:15,18239.95,0
2021-06-14 10:10:18,18244.05,0
2021-06-14 10:10:19,18243.55,0
2021-06-14 10:10:21,18243.35,0
2021-06-14 10:10:22,18243.9,0
2021-06-14 10:10:23,18243.1,0
2021-06-14 10:10:24,18243.6,0
2021-06-14 10:10:28,18245.5,0
2021-06-14 10:10:30,18246.3,0
2021-06-14 10:10:32,18247.75,0
2021-06-14 10:10:34,18250.05,0
2021-06-14 10:10:36,18251.1,0
2021-06-14 10:10:38,18251.0,0
2021-06-14 10:10:39,18251.65,0
2021-06-14 10:10:40,18247.85,0
2021-06-14 10:10:42,18248.45,0
2021-06-14 10:10:43,18250.15,0
2021-06-14 10:10:44,18251.35,0
2021-06-14 10:10:45,18251.55,0
2021-06-14 10:10:47,18249.4,0
2021-06-14 10:10:48,18250.9,0
2021-06-14 10:10:50,18253.8,0
2021-06-14 10:10:54,18251.45,0
2021-06-14 10:11:04,18252.75,0
2021-06-14 10:11:05,18254.55,0
2021-06-14 10:11:09,18250.05,0
2021-06-14 10:11:12,18249.0,0
2021-06-14 10:11:13,18250.7,0
2021-06-14 10:11:15,18251.45,0
2021-06-14 10:11:18,18252.75,0
2021-06-14 10:11:19,18251.25,0
2021-06-14 10:11:21,18251.5,0
2021-06-14 10:11:26,18254.05,0
2021-06-14 10:11:33,18254.55,0
2021-06-14 10:11:36,18254.5,0
2021-06-14 10:11:42,18246.55,0
2021-06-14 10:11:45,18249.35,0
2021-06-14 10:11:52,18251.0,0
2021-06-14 10:11:55,18253.7,0
2021-06-14 10:11:57,18253.3,0
2021-06-14 10:11:58,18253.3,0
2021-06-14 10:11:59,18253.95,0
2021-06-14 10:12:00,18252.5,0
2021-06-14 10:12:06,18257.65,0
2021-06-14 10:12:10,18258.2,0
2021-06-14 10:12:12,18257.3,0
2021-06-14 10:12:15,18261.15,0
2021-06-14 10:12:16,18261.4,0
2021-06-14 10:12:17,18260.45,0
2021-06-14 10:12:22,18255.95,0
2021-06-14 10:12:23,18253.95,0
2021-06-14 10:12:25,18256.45,0
2021-06-14 10:12:26,18257.8,0
2021-06-14 10:12:27,18258.3,0
2021-06-14 10:12:28,18256.8,0
2021-06-14 10:12:31,18256.5,0
2021-06-14 10:12:32,18258.1,0
2021-06-14 10:12:33,18255.5,0
2021-06-14 10:12:34,18255.85,0
2021-06-14 10:12:44,18257.4,0
2021-06-14 10:12:47,18254.7,0
2021-06-14 10:12:52,18254.5,0
2021-06-14 10:12:57,18255.65,0
2021-06-14 10:12:58,18253.05,0
2021-06-14 10:13:07,18255.6,0
2021-06-14 10:13:12,18258.3,0
2021-06-14 10:13:19,18254.55,0
2021-06-14 10:13:35,18254.25,0
2021-06-14 10:13:39,18254.45,0
2021-06-14 10:13:41,18256.2,0
2021-06-14 10:13:42,18256.4,0
2021-06-14 10:13:48,18255.95,0
2021-06-14 10:14:00,18270.75,0
2021-06-14 10:14:04,18265.65,0
2021-06-14 10:14:06,18267.1,0
2021-06-14 10:14:07,18266.75,0
2021-06-14 10:14:10,18268.55,0
2021-06-14 10:14:11,18266.6,0
2021-06-14 10:14:12,18267.6,0
2021-06-14 10:14:14,18267.8,0
2021-06-14 10:14:16,18268.1,0
2021-06-14 10:14:17,18267.85,0
2021-06-14 10:14:18,18266.1,0
2021-06-14 10:14:20,18268.85,0
2021-06-14 10:14:22,18267.4,0
2021-06-14 10:14:23,18264.05,0
2021-06-14 10:14:25,18266.25,0
2021-06-14 10:14:26,18262.05,0
2021-06-14 10:14:31,18261.9,0
2021-06-14 10:14:32,18263.0,0
2021-06-14 10:14:33,18262.75,0
2021-06-14 10:14:35,18262.7,0
2021-06-14 10:14:36,18260.35,0
2021-06-14 10:14:39,18256.4,0
2021-06-14 10:14:40,18259.5,0
2021-06-14 10:14:42,18259.95,0
2021-06-14 10:14:44,18258.1,0
2021-06-14 10:14:45,18259.3,0
2021-06-14 10:14:50,18262.45,0
2021-06-14 10:14:51,18262.65,0
2021-06-14 10:14:52,18259.95,0
2021-06-14 10:14:53,18259.05,0
2021-06-14 10:14:58,18261.45,0
2021-06-14 10:14:59,18260.65,0
2021-06-14 10:15:00,18258.95,0
2021-06-14 10:15:03,18259.25,0
2021-06-14 10:15:05,18259.45,0
2021-06-14 10:15:10,18256.95,0
2021-06-14 10:15:12,18262.8,0
2021-06-14 10:15:15,18262.5,0
2021-06-14 10:15:30,18259.05,0
2021-06-14 10:15:36,18257.3,0
2021-06-14 10:15:38,18258.85,0
2021-06-14 10:15:46,18255.9,0
2021-06-14 10:15:48,18255.65,0
2021-06-14 10:15:49,18256.2,0
2021-06-14 10:15:51,18252.4,0
2021-06-14 10:15:52,18253.1,0
2021-06-14 10:15:54,18251.8,0
2021-06-14 10:15:57,18250.6,0
2021-06-14 10:15:59,18250.3,0
2021-06-14 10:16:00,18253.4,0
2021-06-14 10:16:04,18246.85,0
2021-06-14 10:16:06,18249.0,0
2021-06-14 10:16:09,18248.5,0
2021-06-14 10:16:12,18248.1,0
2021-06-14 10:16:13,18249.4,0
2021-06-14 10:16:16,18250.75,0
2021-06-14 10:16:18,18250.0,0
2021-06-14 10:16:27,18250.45,0
2021-06-14 10:16:29,18249.2,0
2021-06-14 10:16:31,18251.05,0
2021-06-14 10:16:34,18250.55,0
2021-06-14 10:16:40,18248.9,0
2021-06-14 10:16:41,18251.25,0
2021-06-14 10:16:45,18246.85,0
2021-06-14 10:16:49,18248.2,0
2021-06-14 10:16:50,18247.05,0
2021-06-14 10:16:55,18247.75,0
2021-06-14 10:16:57,18246.4,0
2021-06-14 10:16:59,18247.5,0
2021-06-14 10:17:03,18245.1,0
2021-06-14 10:17:06,18244.15,0
2021-06-14 10:17:08,18241.5,0
2021-06-14 10:17:12,18246.4,0
2021-06-14 10:17:13,18246.35,0
2021-06-14 10:17:14,18244.2,0
2021-06-14 10:17:15,18244.95,0
2021-06-14 10:17:16,18243.8,0
2021-06-14 10:17:19,18244.55,0
2021-06-14 10:17:21,18249.0,0
2021-06-14 10:17:26,18248.75,0
2021-06-14 10:17:27,18249.0,0
2021-06-14 10:17:29,18246.25,0
2021-06-14 10:17:33,18248.15,0
2021-06-14 10:18:03,18249.6,0
2021-06-14 10:18:06,18245.7,0
2021-06-14 10:18:09,18247.8,0
2021-06-14 10:18:10,18247.4,0
2021-06-14 10:18:12,18246.3,0
2021-06-14 10:18:13,18246.1,0
2021-06-14 10:18:14,18248.75,0
2021-06-14 10:18:18,18248.15,0
2021-06-14 10:18:19,18245.9,0
2021-06-14 10:18:20,18248.85,0
2021-06-14 10:18:21,18245.15,0
2021-06-14 10:18:23,18248.0,0
2021-06-14 10:18:25,18245.05,0
2021-06-14 10:18:26,18248.0,0
2021-06-14 10:18:27,18245.0,0
2021-06-14 10:18:28,18247.6,0
2021-06-14 10:18:32,18246.4,0
2021-06-14 10:18:33,18246.6,0
2021-06-14 10:18:35,18248.9,0
2021-06-14 10:18:36,18250.75,0
2021-06-14 10:18:37,18245.9,0
2021-06-14 10:18:38,18249.9,0
2021-06-14 10:18:40,18248.15,0
2021-06-14 10:18:41,18247.15,0
2021-06-14 10:18:43,18249.8,0
2021-06-14 10:18:44,18250.55,0
2021-06-14 10:18:50,18248.9,0
2021-06-14 10:18:51,18250.25,0
2021-06-14 10:18:55,18249.55,0
2021-06-14 10:18:56,18250.7,0
2021-06-14 10:18:58,18249.1,0
2021-06-14 10:19:02,18246.75,0
2021-06-14 10:19:05,18249.05,0
2021-06-14 10:19:06,18248.75,0
2021-06-14 10:19:07,18248.95,0
2021-06-14 10:19:10,18241.2,0
2021-06-14 10:19:13,18246.3,0
2021-06-14 10:19:18,18243.0,0
2021-06-14 10:19:19,18244.45,0
2021-06-14 10:19:20,18245.65,0
2021-06-14 10:19:21,18245.45,0
2021-06-14 10:19:22,18242.7,0
2021-06-14 10:19:24,18237.9,0
2021-06-14 10:19:25,18241.1,0
2021-06-14 10:19:26,18236.6,0
2021-06-14 10:19:27,18240.8,0
2021-06-14 10:19:28,18240.95,0
2021-06-14 10:19:29,18236.1,0
2021-06-14 10:19:32,18238.4,0
2021-06-14 10:19:33,18237.25,0
2021-06-14 10:19:36,18238.4,0
2021-06-14 10:19:40,18243.65,0
2021-06-14 10:19:43,18244.95,0
2021-06-14 10:19:44,18242.95,0
2021-06-14 10:19:47,18243.45,0
2021-06-14 10:19:48,18243.6,0
2021-06-14 10:19:50,18244.75,0
2021-06-14 10:19:52,18244.8,0
2021-06-14 10:19:53,18246.15,0
2021-06-14 10:19:54,18245.75,0
2021-06-14 10:19:55,18246.1,0
2021-06-14 10:19:57,18241.25,0
2021-06-14 10:20:02,18241.55,0
2021-06-14 10:20:05,18243.35,0
2021-06-14 10:20:06,18242.3,0
2021-06-14 10:20:09,18241.4,0
2021-06-14 10:20:13,18241.7,0
2021-06-14 10:20:14,18242.4,0
2021-06-14 10:20:15,18244.15,0
2021-06-14 10:20:18,18244.2,0
2021-06-14 10:20:19,18245.85,0
2021-06-14 10:20:24,18248.2,0
2021-06-14 10:20:26,18251.0,0
2021-06-14 10:20:29,18250.65,0
2021-06-14 10:20:30,18251.55,0
2021-06-14 10:20:31,18250.75,0
2021-06-14 10:20:35,18247.7,0
2021-06-14 10:20:37,18249.25,0
2021-06-14 10:20:38,18248.4,0
2021-06-14 10:20:41,18249.3,0
2021-06-14 10:20:42,18248.4,0
2021-06-14 10:20:43,18249.4,0
2021-06-14 10:20:47,18248.35,0
2021-06-14 10:20:48,18246.8,0
2021-06-14 10:20:49,18248.75,0
2021-06-14 10:20:51,18245.05,0
2021-06-14 10:20:52,18249.3,0
2021-06-14 10:20:53,18248.25,0
2021-06-14 10:20:54,18248.25,0
2021-06-14 10:20:58,18246.45,0
2021-06-14 10:20:59,18248.6,0
2021-06-14 10:21:00,18248.85,0
2021-06-14 10:21:01,18248.2,0
2021-06-14 10:21:03,18251.2,0
2021-06-14 10:21:13,18254.45,0
2021-06-14 10:21:20,18254.8,0
2021-06-14 10:21:21,18254.6,0
2021-06-14 10:21:23,18255.1,0
2021-06-14 10:21:30,18255.95,0
2021-06-14 10:21:37,18258.55,0
2021-06-14 10:21:39,18258.45,0
2021-06-14 10:21:45,18253.35,0
2021-06-14 10:21:46,18254.5,0
2021-06-14 10:22:07,18254.55,0
2021-06-14 10:22:09,18253.45,0
2021-06-14 10:22:11,18254.1,0
2021-06-14 10:22:12,18255.75,0
2021-06-14 10:22:15,18254.95,0
2021-06-14 10:22:23,18253.8,0
2021-06-14 10:22:26,18254.75,0
2021-06-14 10:22:27,18250.25,0
2021-06-14 10:22:30,18253.0,0
2021-06-14 10:22:31,18253.35,0
2021-06-14 10:22:33,18252.15,0
2021-06-14 10:22:35,18254.3,0
2021-06-14 10:22:37,18254.95,0
2021-06-14 10:22:38,18253.55,0
2021-06-14 10:22:39,18251.6,0
2021-06-14 10:22:42,18251.95,0
2021-06-14 10:22:48,18252.4,0
2021-06-14 10:23:03,18251.0,0
2021-06-14 10:23:07,18249.9,0
2021-06-14 10:23:12,18252.75,0
2021-06-14 10:23:23,18250.25,0
2021-06-14 10:23:26,18250.5,0
2021-06-14 10:23:29,18251.25,0
2021-06-14 10:23:30,18251.75,0
2021-06-14 10:23:41,18249.65,0
2021-06-14 10:23:45,18249.7,0
2021-06-14 10:24:00,18250.75,0
2021-06-14 10:24:06,18254.4,0
2021-06-14 10:24:08,18254.1,0
2021-06-14 10:24:11,18259.35,0
2021-06-14 10:24:21,18258.5,0
2021-06-14 10:24:22,18255.3,0
2021-06-14 10:24:26,18257.55,0
2021-06-14 10:24:30,18255.95,0
2021-06-14 10:24:31,18256.05,0
2021-06-14 10:24:32,18255.0,0
2021-06-14 10:24:35,18255.35,0
2021-06-14 10:24:36,18256.65,0
2021-06-14 10:24:42,18256.7,0
2021-06-14 10:24:43,18254.45,0
2021-06-14 10:24:51,18250.65,0
2021-06-14 10:24:52,18254.8,0
2021-06-14 10:24:53,18254.55,0
2021-06-14 10:24:56,18256.05,0
2021-06-14 10:25:00,18254.15,0
2021-06-14 10:25:01,18254.2,0
2021-06-14 10:25:04,18253.6,0
2021-06-14 10:25:06,18256.5,0
2021-06-14 10:25:07,18256.3,0
2021-06-14 10:25:11,18255.65,0
2021-06-14 10:25:12,18256.0,0
2021-06-14 10:25:13,18253.05,0
2021-06-14 10:25:14,18256.75,0
2021-06-14 10:25:16,18257.75,0
2021-06-14 10:25:17,18258.25,0
2021-06-14 10:25:19,18258.25,0
2021-06-14 10:25:20,18257.9,0
2021-06-14 10:25:24,18258.4,0
2021-06-14 10:25:25,18256.6,0
2021-06-14 10:25:31,18255.6,0
2021-06-14 10:25:32,18258.6,0
2021-06-14 10:25:33,18257.35,0
2021-06-14 10:25:34,18256.4,0
2021-06-14 10:25:35,18257.4,0
2021-06-14 10:25:36,18257.6,0
2021-06-14 10:25:41,18257.2,0
2021-06-14 10:25:43,18256.6,0
2021-06-14 10:25:44,18256.2,0
2021-06-14 10:25:45,18256.45,0
2021-06-14 10:25:47,18254.95,0
2021-06-14 10:25:48,18256.95,0
2021-06-14 10:25:51,18257.65,0
2021-06-14 10:25:55,18256.4,0
2021-06-14 10:25:56,18256.1,0
2021-06-14 10:25:57,18255.85,0
2021-06-14 10:26:00,18255.15,0
2021-06-14 10:26:01,18255.9,0
2021-06-14 10:26:02,18256.7,0
2021-06-14 10:26:04,18256.5,0
2021-06-14 10:26:06,18257.2,0
2021-06-14 10:26:07,18256.55,0
2021-06-14 10:26:08,18256.45,0
2021-06-14 10:26:13,18244.6,0
2021-06-14 10:26:15,18246.1,0
2021-06-14 10:26:16,18245.85,0
2021-06-14 10:26:18,18246.75,0
2021-06-14 10:26:20,18245.55,0
2021-06-14 10:26:21,18246.4,0
2021-06-14 10:26:23,18243.9,0
2021-06-14 10:26:25,18243.2,0
2021-06-14 10:26:29,18243.35,0
2021-06-14 10:26:32,18243.45,0
2021-06-14 10:26:33,18242.9,0
2021-06-14 10:26:34,18243.65,0
2021-06-14 10:26:35,18240.65,0
2021-06-14 10:26:37,18245.8,0
2021-06-14 10:26:38,18245.8,0
2021-06-14 10:26:40,18246.3,0
2021-06-14 10:26:46,18247.75,0
2021-06-14 10:26:48,18247.4,0
2021-06-14 10:26:49,18244.3,0
2021-06-14 10:26:51,18247.5,0
2021-06-14 10:26:52,18247.9,0
2021-06-14 10:27:00,18250.15,0
2021-06-14 10:27:02,18251.1,0
2021-06-14 10:27:06,18248.8,0
2021-06-14 10:27:07,18249.55,0
2021-06-14 10:27:09,18250.05,0
2021-06-14 10:27:10,18251.3,0
2021-06-14 10:27:11,18251.55,0
2021-06-14 10:27:14,18252.3,0
2021-06-14 10:27:15,18252.65,0
2021-06-14 10:27:18,18253.85,0
2021-06-14 10:27:19,18251.65,0
2021-06-14 10:27:20,18254.75,0
2021-06-14 10:27:25,18254.05,0
2021-06-14 10:27:26,18253.2,0
2021-06-14 10:27:27,18254.75,0
2021-06-14 10:27:31,18252.8,0
2021-06-14 10:27:32,18253.4,0
2021-06-14 10:27:33,18254.4,0
2021-06-14 10:27:34,18253.9,0
2021-06-14 10:27:35,18253.65,0
2021-06-14 10:27:36,18252.8,0
2021-06-14 10:27:38,18254.3,0
2021-06-14 10:27:39,18253.85,0
2021-06-14 10:27:41,18254.25,0
2021-06-14 10:27:43,18251.5,0
2021-06-14 10:27:44,18254.65,0
2021-06-14 10:27:47,18253.5,0
2021-06-14 10:27:48,18253.8,0
2021-06-14 10:27:50,18251.7,0
2021-06-14 10:27:56,18253.05,0
2021-06-14 10:27:57,18253.2,0
2021-06-14 10:28:00,18249.5,0
2021-06-14 10:28:01,18248.35,0
2021-06-14 10:28:02,18248.45,0
2021-06-14 10:28:03,18247.35,0
2021-06-14 10:28:05,18248.6,0
2021-06-14 10:28:07,18248.2,0
2021-06-14 10:28:10,18249.2,0
2021-06-14 10:28:12,18247.6,0
2021-06-14 10:28:13,18248.45,0
2021-06-14 10:28:15,18247.4,0
2021-06-14 10:28:16,18248.65,0
2021-06-14 10:28:17,18247.1,0
2021-06-14 10:28:20,18247.95,0
2021-06-14 10:28:22,18247.4,0
2021-06-14 10:28:23,18247.5,0
2021-06-14 10:28:25,18248.05,0
2021-06-14 10:28:26,18246.55,0
2021-06-14 10:28:27,18247.85,0
2021-06-14 10:28:28,18247.2,0
2021-06-14 10:28:30,18248.4,0
2021-06-14 10:28:31,18245.95,0
2021-06-14 10:28:33,18247.25,0
2021-06-14 10:28:34,18246.95,0
2021-06-14 10:28:36,18246.65,0
2021-06-14 10:28:39,18246.25,0
2021-06-14 10:28:42,18244.85,0
2021-06-14 10:28:45,18246.8,0
2021-06-14 10:28:48,18246.75,0
2021-06-14 10:28:50,18246.2,0
2021-06-14 10:28:52,18246.4,0
2021-06-14 10:28:53,18246.4,0
2021-06-14 10:28:55,18245.85,0
2021-06-14 10:28:56,18246.2,0
2021-06-14 10:28:57,18243.45,0
2021-06-14 10:29:00,18246.0,0
2021-06-14 10:29:03,18246.5,0
2021-06-14 10:29:05,18245.4,0
2021-06-14 10:29:07,18246.1,0
2021-06-14 10:29:09,18246.1,0
2021-06-14 10:29:10,18246.05,0
2021-06-14 10:29:15,18246.85,0
2021-06-14 10:29:18,18246.45,0
2021-06-14 10:29:19,18245.4,0
2021-06-14 10:29:21,18245.8,0
2021-06-14 10:29:23,18247.75,0
2021-06-14 10:29:25,18246.95,0
2021-06-14 10:29:27,18244.95,0
2021-06-14 10:29:28,18246.25,0
2021-06-14 10:29:29,18248.35,0
2021-06-14 10:29:31,18245.7,0
2021-06-14 10:29:32,18247.4,0
2021-06-14 10:29:33,18247.15,0
2021-06-14 10:29:35,18245.55,0
2021-06-14 10:29:37,18246.35,0
2021-06-14 10:29:38,18246.95,0
2021-06-14 10:29:39,18246.3,0
2021-06-14 10:29:41,18247.2,0
2021-06-14 10:29:42,18247.45,0
2021-06-14 10:29:43,18247.05,0
2021-06-14 10:29:46,18247.1,0
2021-06-14 10:29:50,18246.15,0
2021-06-14 10:29:51,18246.45,0
2021-06-14 10:29:52,18246.45,0
2021-06-14 10:29:54,18246.55,0
2021-06-14 10:29:55,18246.25,0
2021-06-14 10:29:56,18246.4,0
2021-06-14 10:29:59,18246.55,0
2021-06-14 10:30:04,18246.9,0
2021-06-14 10:30:08,18248.35,0
2021-06-14 10:30:09,18248.2,0
2021-06-14 10:30:14,18248.55,0
2021-06-14 10:30:19,18250.7,0
2021-06-14 10:30:21,18249.05,0
2021-06-14 10:30:22,18250.9,0
2021-06-14 10:30:24,18248.25,0
2021-06-14 10:30:26,18248.3,0
2021-06-14 10:30:27,18246.25,0
2021-06-14 10:30:28,18249.35,0
2021-06-14 10:30:30,18248.6,0
2021-06-14 10:30:34,18249.05,0
2021-06-14 10:30:36,18248.7,0
2021-06-14 10:30:37,18249.45,0
2021-06-14 10:30:38,18249.05,0
2021-06-14 10:30:39,18247.4,0
2021-06-14 10:30:40,18247.25,0
2021-06-14 10:30:41,18247.0,0
2021-06-14 10:30:42,18245.3,0
2021-06-14 10:30:43,18245.8,0
2021-06-14 10:30:47,18248.2,0
2021-06-14 10:31:03,18240.65,0
2021-06-14 10:31:04,18240.75,0
2021-06-14 10:31:05,18241.65,0
2021-06-14 10:31:08,18241.2,0
2021-06-14 10:31:18,18241.6,0
2021-06-14 10:31:21,18241.75,0
2021-06-14 10:31:24,18240.95,0
2021-06-14 10:31:25,18241.3,0
2021-06-14 10:31:34,18246.15,0
2021-06-14 10:31:37,18247.55,0
2021-06-14 10:31:39,18247.65,0
2021-06-14 10:31:42,18248.55,0
2021-06-14 10:31:45,18250.3,0
2021-06-14 10:31:46,18248.15,0
2021-06-14 10:31:47,18251.3,0
2021-06-14 10:31:49,18248.8,0
2021-06-14 10:31:54,18251.5,0
2021-06-14 10:31:57,18252.1,0
2021-06-14 10:31:58,18250.6,0
2021-06-14 10:32:01,18250.05,0
2021-06-14 10:32:02,18250.25,0
2021-06-14 10:32:03,18250.35,0
2021-06-14 10:32:04,18251.2,0
2021-06-14 10:32:05,18251.95,0
2021-06-14 10:32:06,18251.8,0
2021-06-14 10:32:07,18249.95,0
2021-06-14 10:32:08,18252.05,0
2021-06-14 10:32:10,18250.7,0
2021-06-14 10:32:13,18251.3,0
2021-06-14 10:32:16,18251.9,0
2021-06-14 10:32:19,18248.3,0
2021-06-14 10:32:20,18247.9,0
2021-06-14 10:32:24,18246.1,0
2021-06-14 10:32:27,18247.3,0
2021-06-14 10:32:30,18247.35,0
2021-06-14 10:32:32,18247.6,0
2021-06-14 10:32:33,18246.75,0
2021-06-14 10:32:38,18246.9,0
2021-06-14 10:32:42,18247.45,0
2021-06-14 10:32:43,18246.9,0
2021-06-14 10:32:44,18246.3,0
2021-06-14 10:32:45,18246.6,0
2021-06-14 10:32:46,18246.95,0
2021-06-14 10:32:47,18247.25,0
2021-06-14 10:32:49,18245.9,0
2021-06-14 10:32:50,18246.8,0
2021-06-14 10:32:52,18247.35,0
2021-06-14 10:32:53,18248.3,0
2021-06-14 10:32:54,18247.25,0
2021-06-14 10:32:55,18248.85,0
2021-06-14 10:32:56,18247.35,0
2021-06-14 10:33:00,18247.25,0
2021-06-14 10:33:03,18248.7,0
2021-06-14 10:33:05,18248.2,0
2021-06-14 10:33:06,18248.55,0
2021-06-14 10:33:07,18247.7,0
2021-06-14 10:33:08,18249.25,0
2021-06-14 10:33:09,18250.05,0
2021-06-14 10:33:11,18249.55,0
2021-06-14 10:33:14,18249.5,0
2021-06-14 10:33:15,18249.75,0
2021-06-14 10:33:17,18252.5,0
2021-06-14 10:33:18,18251.5,0
2021-06-14 10:33:19,18251.1,0
2021-06-14 10:33:20,18251.0,0
2021-06-14 10:33:21,18249.55,0
2021-06-14 10:33:22,18251.5,0
2021-06-14 10:33:24,18251.8,0
2021-06-14 10:33:25,18251.65,0
2021-06-14 10:33:27,18252.35,0
2021-06-14 10:33:29,18250.9,0
2021-06-14 10:33:33,18253.6,0
2021-06-14 10:33:35,18250.55,0
2021-06-14 10:33:36,18253.0,0
2021-06-14 10:33:40,18253.4,0
2021-06-14 10:33:44,18251.0,0
2021-06-14 10:33:45,18250.8,0
2021-06-14 10:33:47,18251.9,0
2021-06-14 10:33:50,18251.2,0
2021-06-14 10:33:51,18251.45,0
2021-06-14 10:33:52,18251.0,0
2021-06-14 10:33:54,18253.3,0
2021-06-14 10:33:56,18253.05,0
2021-06-14 10:34:00,18253.4,0
2021-06-14 10:34:01,18251.15,0
2021-06-14 10:34:02,18252.85,0
2021-06-14 10:34:04,18256.3,0
2021-06-14 10:34:06,18254.9,0
2021-06-14 10:34:08,18256.75,0
2021-06-14 10:34:09,18256.5,0
2021-06-14 10:34:10,18256.15,0
2021-06-14 10:34:11,18256.8,0
2021-06-14 10:34:14,18255.6,0
2021-06-14 10:34:18,18256.2,0
2021-06-14 10:34:19,18256.05,0
2021-06-14 10:34:20,18256.3,0
2021-06-14 10:34:21,18255.15,0
2021-06-14 10:34:24,18254.7,0
2021-06-14 10:34:25,18253.75,0
2021-06-14 10:34:26,18251.5,0
2021-06-14 10:34:28,18251.85,0
2021-06-14 10:34:32,18250.45,0
2021-06-14 10:34:33,18251.85,0
2021-06-14 10:34:35,18250.3,0
2021-06-14 10:34:37,18250.3,0
2021-06-14 10:34:38,18249.95,0
2021-06-14 10:34:41,18246.75,0
2021-06-14 10:34:48,18248.35,0
2021-06-14 10:34:49,18247.15,0
2021-06-14 10:34:52,18247.25,0
2021-06-14 10:34:53,18247.6,0
2021-06-14 10:34:59,18249.2,0
2021-06-14 10:35:05,18247.0,0
2021-06-14 10:35:09,18248.1,0
2021-06-14 10:35:19,18250.2,0
2021-06-14 10:35:24,18250.25,0
2021-06-14 10:35:28,18249.75,0
2021-06-14 10:35:29,18249.9,0
2021-06-14 10:35:34,18250.6,0
2021-06-14 10:35:37,18248.4,0
2021-06-14 10:35:40,18246.2,0
2021-06-14 10:35:41,18247.5,0
2021-06-14 10:35:43,18246.15,0
2021-06-14 10:35:44,18248.05,0
2021-06-14 10:35:46,18246.9,0
2021-06-14 10:35:47,18245.0,0
2021-06-14 10:35:49,18248.1,0
2021-06-14 10:35:50,18251.1,0
2021-06-14 10:35:52,18251.35,0
2021-06-14 10:35:54,18250.45,0
2021-06-14 10:35:57,18250.85,0
2021-06-14 10:36:01,18253.05,0
2021-06-14 10:36:03,18253.05,0
2021-06-14 10:36:04,18251.95,0
2021-06-14 10:36:05,18253.0,0
2021-06-14 10:36:06,18253.15,0
2021-06-14 10:36:08,18251.9,0
2021-06-14 10:36:09,18251.8,0
2021-06-14 10:36:12,18251.15,0
2021-06-14 10:36:15,18252.65,0
2021-06-14 10:36:18,18251.6,0
2021-06-14 10:36:21,18250.2,0
2021-06-14 10:36:39,18252.05,0
2021-06-14 10:36:42,18249.9,0
2021-06-14 10:36:44,18249.9,0
2021-06-14 10:36:45,18252.1,0
2021-06-14 10:36:47,18253.2,0
2021-06-14 10:36:48,18252.45,0
2021-06-14 10:36:51,18251.7,0
2021-06-14 10:36:53,18253.2,0
2021-06-14 10:36:55,18253.4,0
2021-06-14 10:36:58,18249.4,0
2021-06-14 10:37:00,18252.45,0
2021-06-14 10:37:02,18252.9,0
2021-06-14 10:37:04,18252.95,0
2021-06-14 10:37:07,18253.25,0
2021-06-14 10:37:08,18251.1,0
2021-06-14 10:37:11,18253.15,0
2021-06-14 10:37:12,18254.05,0
2021-06-14 10:37:14,18254.5,0
2021-06-14 10:37:18,18254.05,0
2021-06-14 10:37:21,18252.1,0
2021-06-14 10:37:23,18253.7,0
2021-06-14 10:37:25,18254.4,0
2021-06-14 10:37:26,18254.45,0
2021-06-14 10:37:30,18249.9,0
2021-06-14 10:37:31,18252.0,0
2021-06-14 10:37:33,18252.25,0
2021-06-14 10:37:34,18251.2,0
2021-06-14 10:37:37,18249.6,0
2021-06-14 10:37:46,18248.6,0
2021-06-14 10:37:51,18248.75,0
2021-06-14 10:37:53,18249.6,0
2021-06-14 10:38:05,18249.25,0
2021-06-14 10:38:12,18250.55,0
2021-06-14 10:38:23,18252.15,0
2021-06-14 10:38:25,18250.25,0
2021-06-14 10:38:26,18253.4,0
2021-06-14 10:38:27,18253.45,0
2021-06-14 10:38:29,18251.45,0
2021-06-14 10:38:30,18252.1,0
2021-06-14 10:38:31,18252.8,0
2021-06-14 10:38:33,18251.65,0
2021-06-14 10:38:34,18252.9,0
2021-06-14 10:38:35,18250.95,0
2021-06-14 10:38:37,18252.9,0
2021-06-14 10:38:38,18251.4,0
2021-06-14 10:38:39,18253.5,0
2021-06-14 10:38:40,18254.75,0
2021-06-14 10:38:42,18254.2,0
2021-06-14 10:38:43,18255.0,0
2021-06-14 10:38:44,18253.7,0
2021-06-14 10:38:47,18254.2,0
2021-06-14 10:38:54,18254.25,0
2021-06-14 10:38:59,18255.75,0
2021-06-14 10:39:00,18256.05,0
2021-06-14 10:39:03,18256.25,0
2021-06-14 10:39:07,18256.05,0
2021-06-14 10:39:09,18256.5,0
2021-06-14 10:39:10,18256.5,0
2021-06-14 10:39:14,18257.4,0
2021-06-14 10:39:16,18258.1,0
2021-06-14 10:39:19,18251.0,0
2021-06-14 10:39:21,18251.65,0
2021-06-14 10:39:22,18252.05,0
2021-06-14 10:39:25,18249.7,0
2021-06-14 10:39:29,18248.4,0
2021-06-14 10:39:34,18249.1,0
2021-06-14 10:39:38,18249.5,0
2021-06-14 10:39:40,18248.45,0
2021-06-14 10:39:41,18248.1,0
2021-06-14 10:39:42,18250.45,0
2021-06-14 10:39:47,18249.35,0
2021-06-14 10:39:48,18249.7,0
2021-06-14 10:39:49,18247.95,0
2021-06-14 10:39:51,18249.5,0
2021-06-14 10:39:52,18249.65,0
2021-06-14 10:39:53,18250.05,0
2021-06-14 10:39:54,18249.55,0
2021-06-14 10:39:55,18250.15,0
2021-06-14 10:39:56,18248.9,0
2021-06-14 10:39:57,18249.45,0
2021-06-14 10:39:59,18247.4,0
2021-06-14 10:40:03,18249.15,0
2021-06-14 10:40:04,18249.15,0
2021-06-14 10:40:06,18250.05,0
2021-06-14 10:40:07,18249.4,0
2021-06-14 10:40:09,18248.95,0
2021-06-14 10:40:10,18248.25,0
2021-06-14 10:40:12,18245.75,0
2021-06-14 10:40:14,18245.85,0
2021-06-14 10:40:21,18245.85,0
2021-06-14 10:40:24,18243.55,0
2021-06-14 10:40:27,18244.4,0
2021-06-14 10:40:28,18244.5,0
2021-06-14 10:40:36,18242.85,0
2021-06-14 10:40:37,18242.55,0
2021-06-14 10:40:39,18240.9,0
2021-06-14 10:40:40,18240.85,0
2021-06-14 10:40:42,18243.1,0
2021-06-14 10:40:43,18243.6,0
2021-06-14 10:40:46,18242.8,0
2021-06-14 10:40:53,18243.5,0
2021-06-14 10:40:52,18245.05,0
2021-06-14 10:40:55,18243.85,0
2021-06-14 10:40:56,18245.0,0
2021-06-14 10:40:59,18244.3,0
2021-06-14 10:41:00,18244.3,0
2021-06-14 10:41:01,18244.2,0
2021-06-14 10:41:02,18244.85,0
2021-06-14 10:41:03,18241.85,0
2021-06-14 10:41:04,18244.1,0
2021-06-14 10:41:06,18244.45,0
2021-06-14 10:41:07,18243.75,0
2021-06-14 10:41:08,18244.45,0
2021-06-14 10:41:09,18244.15,0
2021-06-14 10:41:11,18243.1,0
2021-06-14 10:41:12,18243.6,0
2021-06-14 10:41:13,18243.8,0
2021-06-14 10:41:14,18244.05,0
2021-06-14 10:41:15,18243.95,0
2021-06-14 10:41:22,18242.55,0
2021-06-14 10:41:24,18243.7,0
2021-06-14 10:41:26,18244.65,0
2021-06-14 10:41:28,18244.95,0
2021-06-14 10:41:37,18246.55,0
2021-06-14 10:41:40,18248.2,0
2021-06-14 10:41:42,18247.85,0
2021-06-14 10:41:45,18247.05,0
2021-06-14 10:41:48,18247.0,0
2021-06-14 10:41:49,18246.85,0
2021-06-14 10:41:51,18246.6,0
2021-06-14 10:41:58,18248.5,0
2021-06-14 10:42:00,18249.55,0
2021-06-14 10:42:04,18250.5,0
2021-06-14 10:42:13,18251.35,0
2021-06-14 10:42:14,18250.45,0
2021-06-14 10:42:18,18254.75,0
2021-06-14 10:42:26,18254.65,0
2021-06-14 10:42:49,18252.3,0
2021-06-14 10:43:11,18251.55,0
2021-06-14 10:43:13,18250.5,0
2021-06-14 10:43:16,18251.55,0
2021-06-14 10:43:17,18249.25,0
2021-06-14 10:43:18,18251.2,0
2021-06-14 10:43:19,18251.6,0
2021-06-14 10:43:20,18251.55,0
2021-06-14 10:43:21,18250.55,0
2021-06-14 10:43:23,18249.5,0
2021-06-14 10:43:27,18253.25,0
2021-06-14 10:43:28,18251.5,0
2021-06-14 10:43:29,18253.2,0
2021-06-14 10:43:31,18251.15,0
2021-06-14 10:43:34,18252.15,0
2021-06-14 10:43:36,18252.3,0
2021-06-14 10:43:37,18251.85,0
2021-06-14 10:43:38,18249.25,0
2021-06-14 10:43:42,18252.4,0
2021-06-14 10:43:44,18251.95,0
2021-06-14 10:43:46,18252.05,0
2021-06-14 10:43:50,18246.9,0
2021-06-14 10:43:53,18246.25,0
2021-06-14 10:43:55,18248.9,0
2021-06-14 10:43:57,18248.25,0
2021-06-14 10:43:59,18247.6,0
2021-06-14 10:44:00,18248.05,0
2021-06-14 10:44:01,18247.45,0
2021-06-14 10:44:02,18248.15,0
2021-06-14 10:44:03,18247.75,0
2021-06-14 10:44:05,18244.95,0
2021-06-14 10:44:07,18247.95,0
2021-06-14 10:44:08,18245.6,0
2021-06-14 10:44:11,18244.6,0
2021-06-14 10:44:25,18244.25,0
2021-06-14 10:44:26,18245.0,0
2021-06-14 10:44:29,18245.85,0
2021-06-14 10:44:40,18244.65,0
2021-06-14 10:44:41,18245.0,0
2021-06-14 10:44:44,18244.75,0
2021-06-14 10:44:47,18243.5,0
2021-06-14 10:44:49,18242.1,0
2021-06-14 10:44:50,18245.55,0
2021-06-14 10:44:52,18241.05,0
2021-06-14 10:44:53,18243.5,0
2021-06-14 10:44:56,18242.3,0
2021-06-14 10:44:57,18240.4,0
2021-06-14 10:44:58,18241.5,0
2021-06-14 10:45:00,18240.55,0
2021-06-14 10:45:01,18240.9,0
2021-06-14 10:45:03,18243.1,0
2021-06-14 10:45:05,18241.15,0
2021-06-14 10:45:06,18241.55,0
2021-06-14 10:45:09,18242.2,0
2021-06-14 10:45:13,18242.1,0
2021-06-14 10:45:26,18242.65,0
2021-06-14 10:45:27,18240.2,0
2021-06-14 10:45:41,18240.95,0
2021-06-14 10:45:42,18240.65,0
2021-06-14 10:45:45,18238.3,0
2021-06-14 10:45:47,18238.85,0
2021-06-14 10:45:48,18240.25,0
2021-06-14 10:45:49,18239.9,0
2021-06-14 10:45:50,18239.9,0
2021-06-14 10:45:51,18239.8,0
2021-06-14 10:45:54,18239.9,0
2021-06-14 10:45:57,18237.8,0
2021-06-14 10:45:58,18238.05,0
2021-06-14 10:45:59,18236.05,0
2021-06-14 10:46:00,18238.05,0
2021-06-14 10:46:01,18238.05,0
2021-06-14 10:46:02,18237.3,0
2021-06-14 10:46:03,18237.4,0
2021-06-14 10:46:06,18237.9,0
2021-06-14 10:46:10,18224.95,0
2021-06-14 10:46:12,18222.25,0
2021-06-14 10:46:16,18223.9,0
2021-06-14 10:46:21,18225.85,0
2021-06-14 10:46:26,18226.55,0
2021-06-14 10:46:30,18228.4,0
2021-06-14 10:46:31,18229.0,0
2021-06-14 10:46:32,18227.7,0
2021-06-14 10:46:33,18228.1,0
2021-06-14 10:46:34,18225.0,0
2021-06-14 10:46:35,18227.65,0
2021-06-14 10:46:37,18225.05,0
2021-06-14 10:46:38,18226.65,0
2021-06-14 10:46:39,18224.4,0
2021-06-14 10:46:44,18226.0,0
2021-06-14 10:46:47,18224.75,0
2021-06-14 10:46:48,18226.65,0
2021-06-14 10:46:49,18223.3,0
2021-06-14 10:46:53,18225.6,0
2021-06-14 10:46:58,18225.95,0
2021-06-14 10:47:10,18226.65,0
2021-06-14 10:47:11,18224.8,0
2021-06-14 10:47:13,18226.15,0
2021-06-14 10:47:14,18226.8,0
2021-06-14 10:47:16,18228.35,0
2021-06-14 10:47:17,18228.3,0
2021-06-14 10:47:18,18228.65,0
2021-06-14 10:47:19,18230.75,0
2021-06-14 10:47:21,18233.95,0
2021-06-14 10:47:22,18235.15,0
2021-06-14 10:47:23,18234.8,0
2021-06-14 10:47:24,18234.4,0
2021-06-14 10:47:25,18235.95,0
2021-06-14 10:47:26,18234.7,0
2021-06-14 10:47:27,18235.9,0
2021-06-14 10:47:30,18235.65,0
2021-06-14 10:47:36,18235.7,0
2021-06-14 10:47:38,18238.6,0
2021-06-14 10:47:41,18231.3,0
2021-06-14 10:47:42,18237.05,0
2021-06-14 10:47:56,18237.25,0
2021-06-14 10:47:58,18236.7,0
2021-06-14 10:47:59,18237.5,0
2021-06-14 10:48:00,18236.45,0
2021-06-14 10:48:01,18236.6,0
2021-06-14 10:48:03,18237.05,0
2021-06-14 10:48:05,18235.75,0
2021-06-14 10:48:06,18238.55,0
2021-06-14 10:48:08,18237.55,0
2021-06-14 10:48:09,18237.2,0
2021-06-14 10:48:10,18238.8,0
2021-06-14 10:48:13,18237.9,0
2021-06-14 10:48:17,18239.35,0
2021-06-14 10:48:19,18238.7,0
2021-06-14 10:48:23,18238.5,0
2021-06-14 10:48:26,18240.8,0
2021-06-14 10:48:27,18239.25,0
2021-06-14 10:48:29,18240.25,0
2021-06-14 10:48:30,18240.9,0
2021-06-14 10:48:32,18240.8,0
2021-06-14 10:48:33,18240.8,0
2021-06-14 10:48:37,18240.45,0
2021-06-14 10:48:38,18241.05,0
2021-06-14 10:48:40,18241.5,0
2021-06-14 10:48:42,18242.8,0
2021-06-14 10:48:43,18242.4,0
2021-06-14 10:48:46,18243.45,0
2021-06-14 10:48:49,18243.75,0
2021-06-14 10:48:50,18242.6,0
2021-06-14 10:48:52,18244.55,0
2021-06-14 10:48:55,18244.35,0
2021-06-14 10:48:56,18244.2,0
2021-06-14 10:48:57,18243.85,0
2021-06-14 10:49:03,18239.95,0
2021-06-14 10:49:04,18242.45,0
2021-06-14 10:49:05,18242.55,0
2021-06-14 10:49:12,18243.85,0
2021-06-14 10:49:39,18243.95,0
2021-06-14 10:49:40,18244.0,0
2021-06-14 10:49:56,18245.25,0
2021-06-14 10:49:57,18244.1,0
2021-06-14 10:50:13,18242.55,0
2021-06-14 10:50:16,18241.65,0
2021-06-14 10:50:33,18243.6,0
2021-06-14 10:50:37,18241.95,0
2021-06-14 10:50:40,18243.25,0
2021-06-14 10:50:45,18240.45,0
2021-06-14 10:50:47,18238.2,0
2021-06-14 10:50:54,18238.2,0
2021-06-14 10:50:57,18239.85,0
2021-06-14 10:50:59,18237.75,0
2021-06-14 10:51:04,18237.25,0
2021-06-14 10:51:08,18237.05,0
2021-06-14 10:51:22,18239.25,0
2021-06-14 10:51:24,18239.1,0
2021-06-14 10:51:25,18238.45,0
2021-06-14 10:51:26,18240.4,0
2021-06-14 10:51:29,18240.45,0
2021-06-14 10:51:31,18242.55,0
2021-06-14 10:51:32,18242.05,0
2021-06-14 10:51:34,18240.7,0
2021-06-14 10:51:35,18241.1,0
2021-06-14 10:51:36,18240.1,0
2021-06-14 10:51:38,18244.4,0
2021-06-14 10:51:40,18241.2,0
2021-06-14 10:51:41,18242.7,0
2021-06-14 10:51:42,18243.3,0
2021-06-14 10:51:43,18242.35,0
2021-06-14 10:51:45,18245.2,0
2021-06-14 10:51:47,18242.9,0
2021-06-14 10:51:48,18242.15,0
2021-06-14 10:51:49,18243.35,0
2021-06-14 10:51:51,18245.25,0
2021-06-14 10:51:52,18242.8,0
2021-06-14 10:51:53,18241.9,0
2021-06-14 10:51:55,18242.7,0
2021-06-14 10:51:57,18239.15,0
2021-06-14 10:51:58,18240.7,0
2021-06-14 10:52:01,18241.55,0
2021-06-14 10:52:03,18237.25,0
2021-06-14 10:52:06,18236.65,0
2021-06-14 10:52:08,18236.65,0
2021-06-14 10:52:09,18239.55,0
2021-06-14 10:52:11,18238.9,0
2021-06-14 10:52:13,18237.2,0
2021-06-14 10:52:14,18236.25,0
2021-06-14 10:52:16,18238.85,0
2021-06-14 10:52:17,18239.1,0
2021-06-14 10:52:21,18235.2,0
2021-06-14 10:52:22,18237.1,0
2021-06-14 10:52:25,18235.65,0
2021-06-14 10:52:28,18232.55,0
2021-06-14 10:52:30,18232.85,0
2021-06-14 10:52:31,18235.95,0
2021-06-14 10:52:33,18232.4,0
2021-06-14 10:52:34,18233.35,0
2021-06-14 10:52:35,18233.15,0
2021-06-14 10:52:36,18233.75,0
2021-06-14 10:52:39,18233.95,0
2021-06-14 10:52:40,18234.5,0
2021-06-14 10:52:41,18236.1,0
2021-06-14 10:52:46,18235.75,0
2021-06-14 10:52:47,18233.75,0
2021-06-14 10:52:49,18236.0,0
2021-06-14 10:52:50,18234.5,0
2021-06-14 10:52:52,18234.9,0
2021-06-14 10:52:53,18234.4,0
2021-06-14 10:52:54,18234.25,0
2021-06-14 10:53:01,18235.6,0
2021-06-14 10:53:06,18236.45,0
2021-06-14 10:53:07,18237.1,0
2021-06-14 10:53:08,18236.65,0
2021-06-14 10:53:09,18236.2,0
2021-06-14 10:53:10,18235.4,0
2021-06-14 10:53:11,18235.2,0
2021-06-14 10:53:16,18236.05,0
2021-06-14 10:53:17,18238.15,0
2021-06-14 10:53:19,18237.55,0
2021-06-14 10:53:24,18235.15,0
2021-06-14 10:53:31,18234.65,0
2021-06-14 10:53:33,18232.4,0
2021-06-14 10:53:46,18235.8,0
2021-06-14 10:53:48,18233.35,0
2021-06-14 10:53:52,18234.55,0
2021-06-14 10:54:05,18235.1,0
2021-06-14 10:54:07,18234.8,0
2021-06-14 10:54:08,18234.1,0
2021-06-14 10:54:10,18233.3,0
2021-06-14 10:54:18,18234.25,0
2021-06-14 10:54:21,18232.45,0
2021-06-14 10:54:22,18233.45,0
2021-06-14 10:54:23,18234.9,0
2021-06-14 10:54:25,18235.2,0
2021-06-14 10:54:27,18233.75,0
2021-06-14 10:54:28,18233.5,0
2021-06-14 10:54:29,18235.45,0
2021-06-14 10:54:30,18234.85,0
2021-06-14 10:54:34,18229.75,0
2021-06-14 10:54:36,18231.6,0
2021-06-14 10:54:38,18232.8,0
2021-06-14 10:54:40,18233.55,0
2021-06-14 10:54:42,18230.95,0
2021-06-14 10:54:44,18232.65,0
2021-06-14 10:54:45,18232.1,0
2021-06-14 10:54:46,18233.5,0
2021-06-14 10:54:49,18230.25,0
2021-06-14 10:54:52,18231.9,0
2021-06-14 10:54:54,18229.9,0
2021-06-14 10:54:59,18227.25,0
2021-06-14 10:55:01,18227.1,0
2021-06-14 10:55:02,18228.35,0
2021-06-14 10:55:03,18226.85,0
2021-06-14 10:55:06,18217.15,0
2021-06-14 10:55:07,18213.65,0
2021-06-14 10:55:08,18215.25,0
2021-06-14 10:55:24,18224.8,0
2021-06-14 10:55:32,18226.15,0
2021-06-14 10:55:35,18227.9,0
2021-06-14 10:55:40,18226.85,0
2021-06-14 10:55:43,18227.0,0
2021-06-14 10:55:48,18225.1,0
2021-06-14 10:55:52,18224.9,0
2021-06-14 10:55:53,18225.7,0
2021-06-14 10:55:54,18226.35,0
2021-06-14 10:55:58,18227.0,0
2021-06-14 10:55:59,18226.8,0
2021-06-14 10:56:00,18226.7,0
2021-06-14 10:56:01,18227.3,0
2021-06-14 10:56:04,18228.2,0
2021-06-14 10:56:05,18228.4,0
2021-06-14 10:56:06,18227.3,0
2021-06-14 10:56:07,18228.2,0
2021-06-14 10:56:12,18230.1,0
2021-06-14 10:56:19,18231.25,0
2021-06-14 10:56:22,18232.15,0
2021-06-14 10:56:23,18233.1,0
2021-06-14 10:56:24,18230.05,0
2021-06-14 10:56:26,18233.35,0
2021-06-14 10:56:31,18232.95,0
2021-06-14 10:56:32,18232.15,0
2021-06-14 10:56:39,18234.4,0
2021-06-14 10:56:44,18229.3,0
2021-06-14 10:56:56,18231.85,0
2021-06-14 10:57:11,18232.2,0
2021-06-14 10:57:15,18231.2,0
2021-06-14 10:57:20,18231.0,0
2021-06-14 10:57:21,18232.0,0
2021-06-14 10:57:24,18232.0,0
2021-06-14 10:57:29,18231.9,0
2021-06-14 10:57:31,18229.95,0
2021-06-14 10:57:32,18232.85,0
2021-06-14 10:57:34,18232.4,0
2021-06-14 10:57:35,18232.25,0
2021-06-14 10:57:38,18232.35,0
2021-06-14 10:57:42,18232.95,0
2021-06-14 10:58:18,18232.55,0
2021-06-14 10:58:19,18232.05,0
2021-06-14 10:58:21,18231.0,0
2021-06-14 10:58:23,18231.7,0
2021-06-14 10:58:24,18230.3,0
2021-06-14 10:58:26,18232.0,0
2021-06-14 10:58:27,18232.1,0
2021-06-14 10:58:31,18231.8,0
2021-06-14 10:58:32,18232.55,0
2021-06-14 10:58:34,18231.3,0
2021-06-14 10:58:36,18230.9,0
2021-06-14 10:58:37,18231.2,0
2021-06-14 10:58:38,18231.3,0
2021-06-14 10:58:42,18230.4,0
2021-06-14 10:58:43,18229.5,0
2021-06-14 10:58:47,18225.6,0
2021-06-14 10:58:48,18229.25,0
2021-06-14 10:58:49,18229.1,0
2021-06-14 10:58:50,18225.45,0
2021-06-14 10:58:52,18227.65,0
2021-06-14 10:58:56,18223.9,0
2021-06-14 10:59:01,18224.0,0
2021-06-14 10:59:02,18224.85,0
2021-06-14 10:59:03,18223.9,0
2021-06-14 10:59:10,18223.35,0
2021-06-14 10:59:11,18223.2,0
2021-06-14 10:59:16,18223.55,0
2021-06-14 10:59:26,18224.8,0
2021-06-14 10:59:30,18225.65,0
2021-06-14 10:59:45,18224.35,0
2021-06-14 10:59:48,18226.55,0
2021-06-14 11:00:08,18228.05,0
2021-06-14 11:00:10,18228.9,0
2021-06-14 11:00:13,18227.55,0
2021-06-14 11:00:14,18227.5,0
2021-06-14 11:00:15,18227.1,0
2021-06-14 11:00:18,18226.95,0
2021-06-14 11:00:23,18226.8,0
2021-06-14 11:00:25,18224.85,0
2021-06-14 11:00:28,18222.6,0
2021-06-14 11:00:29,18222.3,0
2021-06-14 11:00:34,18220.2,0
2021-06-14 11:00:36,18221.95,0
2021-06-14 11:00:41,18223.15,0
2021-06-14 11:00:43,18219.6,0
2021-06-14 11:00:44,18219.55,0
2021-06-14 11:00:46,18223.15,0
2021-06-14 11:00:49,18222.8,0
2021-06-14 11:00:50,18219.9,0
2021-06-14 11:00:52,18220.3,0
2021-06-14 11:00:54,18219.55,0
2021-06-14 11:00:55,18218.55,0
2021-06-14 11:00:56,18217.85,0
2021-06-14 11:00:58,18218.05,0
2021-06-14 11:01:00,18215.4,0
2021-06-14 11:01:03,18212.85,0
2021-06-14 11:01:06,18210.9,0
2021-06-14 11:01:08,18212.15,0
2021-06-14 11:01:09,18213.15,0
2021-06-14 11:01:10,18214.85,0
2021-06-14 11:01:11,18212.75,0
2021-06-14 11:01:12,18213.65,0
2021-06-14 11:01:14,18210.2,0
2021-06-14 11:01:15,18211.05,0
2021-06-14 11:01:16,18210.6,0
2021-06-14 11:01:17,18211.9,0
2021-06-14 11:01:18,18210.25,0
2021-06-14 11:01:19,18211.35,0
2021-06-14 11:01:20,18212.05,0
2021-06-14 11:01:22,18208.0,0
2021-06-14 11:01:23,18208.1,0
2021-06-14 11:01:24,18210.45,0
2021-06-14 11:01:26,18210.85,0
2021-06-14 11:01:28,18208.9,0
2021-06-14 11:01:29,18205.95,0
2021-06-14 11:01:30,18209.1,0
2021-06-14 11:01:31,18208.05,0
2021-06-14 11:01:34,18209.05,0
2021-06-14 11:01:35,18208.45,0
2021-06-14 11:01:37,18211.0,0
2021-06-14 11:01:41,18208.85,0
2021-06-14 11:01:42,18212.45,0
2021-06-14 11:01:48,18210.1,0
2021-06-14 11:01:52,18211.15,0
2021-06-14 11:01:55,18211.8,0
2021-06-14 11:01:57,18210.6,0
2021-06-14 11:01:58,18211.7,0
2021-06-14 11:01:59,18211.85,0
2021-06-14 11:02:00,18211.3,0
2021-06-14 11:02:01,18211.0,0
2021-06-14 11:02:03,18212.0,0
2021-06-14 11:02:05,18214.15,0
2021-06-14 11:02:06,18213.6,0
2021-06-14 11:02:10,18216.2,0
2021-06-14 11:02:13,18214.6,0
2021-06-14 11:02:14,18217.05,0
2021-06-14 11:02:17,18215.05,0
2021-06-14 11:02:27,18214.75,0
2021-06-14 11:02:28,18215.0,0
2021-06-14 11:02:29,18213.4,0
2021-06-14 11:02:32,18215.05,0
2021-06-14 11:02:34,18217.45,0
2021-06-14 11:02:35,18215.25,0
2021-06-14 11:02:36,18215.3,0
2021-06-14 11:02:38,18215.1,0
2021-06-14 11:02:40,18214.15,0
2021-06-14 11:02:42,18216.2,0
2021-06-14 11:02:43,18214.65,0
2021-06-14 11:02:45,18215.15,0
2021-06-14 11:02:46,18216.5,0
2021-06-14 11:02:49,18214.2,0
2021-06-14 11:02:50,18215.7,0
2021-06-14 11:02:51,18215.55,0
2021-06-14 11:02:55,18217.55,0
2021-06-14 11:02:57,18217.4,0
2021-06-14 11:02:58,18217.95,0
2021-06-14 11:02:59,18216.8,0
2021-06-14 11:03:00,18217.4,0
2021-06-14 11:03:03,18214.75,0
2021-06-14 11:03:05,18215.35,0
2021-06-14 11:03:07,18217.1,0
2021-06-14 11:03:08,18215.65,0
2021-06-14 11:03:09,18215.4,0
2021-06-14 11:03:11,18214.75,0
2021-06-14 11:03:14,18216.65,0
2021-06-14 11:03:15,18216.9,0
2021-06-14 11:03:20,18214.75,0
2021-06-14 11:03:23,18217.55,0
2021-06-14 11:03:24,18217.05,0
2021-06-14 11:03:25,18217.1,0
2021-06-14 11:03:26,18216.35,0
2021-06-14 11:03:27,18216.8,0
2021-06-14 11:03:28,18217.8,0
2021-06-14 11:03:29,18217.05,0
2021-06-14 11:03:31,18217.1,0
2021-06-14 11:03:32,18217.55,0
2021-06-14 11:03:34,18217.1,0
2021-06-14 11:03:36,18217.45,0
2021-06-14 11:03:38,18216.65,0
2021-06-14 11:03:41,18217.1,0
2021-06-14 11:03:45,18216.3,0
2021-06-14 11:03:46,18213.05,0
2021-06-14 11:03:52,18213.7,0
2021-06-14 11:03:53,18214.25,0
2021-06-14 11:03:56,18213.35,0
2021-06-14 11:03:57,18212.7,0
2021-06-14 11:03:58,18212.7,0
2021-06-14 11:04:00,18214.45,0
2021-06-14 11:04:02,18213.45,0
2021-06-14 11:04:03,18211.3,0
2021-06-14 11:04:06,18212.75,0
2021-06-14 11:04:07,18213.15,0
2021-06-14 11:04:12,18212.05,0
2021-06-14 11:04:17,18213.2,0
2021-06-14 11:04:18,18212.8,0
2021-06-14 11:04:19,18211.2,0
2021-06-14 11:04:24,18211.1,0
2021-06-14 11:04:25,18213.55,0
2021-06-14 11:04:27,18214.25,0
2021-06-14 11:04:28,18216.5,0
2021-06-14 11:04:30,18214.25,0
2021-06-14 11:04:31,18216.25,0
2021-06-14 11:04:32,18215.25,0
2021-06-14 11:04:34,18215.45,0
2021-06-14 11:04:38,18212.65,0
2021-06-14 11:04:40,18216.15,0
2021-06-14 11:04:41,18215.8,0
2021-06-14 11:04:42,18216.75,0
2021-06-14 11:04:43,18217.1,0
2021-06-14 11:04:44,18217.05,0
2021-06-14 11:04:45,18216.15,0
2021-06-14 11:04:46,18215.85,0
2021-06-14 11:04:47,18215.75,0
2021-06-14 11:04:48,18216.0,0
2021-06-14 11:04:49,18216.4,0
2021-06-14 11:04:50,18216.35,0
2021-06-14 11:04:51,18215.9,0
2021-06-14 11:04:52,18214.4,0
2021-06-14 11:04:53,18214.6,0
2021-06-14 11:04:54,18213.6,0
2021-06-14 11:04:56,18215.6,0
2021-06-14 11:04:58,18215.1,0
2021-06-14 11:04:59,18216.75,0
2021-06-14 11:05:00,18215.75,0
2021-06-14 11:05:15,18212.4,0
2021-06-14 11:05:19,18209.2,0
2021-06-14 11:05:20,18208.15,0
2021-06-14 11:05:21,18210.7,0
2021-06-14 11:05:23,18211.0,0
2021-06-14 11:05:24,18208.3,0
2021-06-14 11:05:26,18210.35,0
2021-06-14 11:05:27,18207.7,0
2021-06-14 11:05:28,18210.25,0
2021-06-14 11:05:29,18210.3,0
2021-06-14 11:05:31,18210.6,0
2021-06-14 11:05:32,18211.0,0
2021-06-14 11:05:33,18210.85,0
2021-06-14 11:05:35,18210.9,0
2021-06-14 11:05:36,18209.15,0
2021-06-14 11:05:37,18211.8,0
2021-06-14 11:05:41,18210.0,0
2021-06-14 11:05:47,18210.45,0
2021-06-14 11:05:49,18210.1,0
2021-06-14 11:05:50,18210.25,0
2021-06-14 11:05:53,18211.15,0
2021-06-14 11:05:54,18210.1,0
2021-06-14 11:05:56,18210.15,0
2021-06-14 11:05:57,18210.9,0
2021-06-14 11:06:00,18211.15,0
2021-06-14 11:06:02,18209.65,0
2021-06-14 11:06:04,18208.55,0
2021-06-14 11:06:06,18211.45,0
2021-06-14 11:06:08,18210.95,0
2021-06-14 11:06:10,18208.85,0
2021-06-14 11:06:12,18211.45,0
2021-06-14 11:06:13,18210.7,0
2021-06-14 11:06:14,18211.75,0
2021-06-14 11:06:15,18212.05,0
2021-06-14 11:06:16,18209.15,0
2021-06-14 11:06:17,18211.95,0
2021-06-14 11:06:18,18211.3,0
2021-06-14 11:06:19,18213.1,0
2021-06-14 11:06:21,18209.65,0
2021-06-14 11:06:22,18211.25,0
2021-06-14 11:06:24,18213.3,0
2021-06-14 11:06:26,18213.1,0
2021-06-14 11:06:27,18212.15,0
2021-06-14 11:06:31,18211.2,0
2021-06-14 11:06:34,18212.4,0
2021-06-14 11:06:35,18211.35,0
2021-06-14 11:06:36,18212.75,0
2021-06-14 11:06:38,18213.0,0
2021-06-14 11:06:39,18213.0,0
2021-06-14 11:06:41,18212.9,0
2021-06-14 11:06:45,18209.25,0
2021-06-14 11:06:48,18211.15,0
2021-06-14 11:06:49,18210.65,0
2021-06-14 11:06:53,18208.75,0
2021-06-14 11:06:56,18211.0,0
2021-06-14 11:07:04,18208.1,0
2021-06-14 11:07:06,18206.5,0
2021-06-14 11:07:07,18201.9,0
2021-06-14 11:07:19,18203.45,0
2021-06-14 11:07:22,18201.5,0
2021-06-14 11:07:24,18203.25,0
2021-06-14 11:07:26,18203.45,0
2021-06-14 11:07:33,18205.85,0
2021-06-14 11:07:41,18204.35,0
2021-06-14 11:07:42,18203.5,0
2021-06-14 11:07:50,18201.9,0
2021-06-14 11:07:53,18200.3,0
2021-06-14 11:07:54,18199.15,0
2021-06-14 11:07:55,18198.75,0
2021-06-14 11:07:56,18200.65,0
2021-06-14 11:07:57,18200.65,0
2021-06-14 11:08:05,18200.65,0
2021-06-14 11:08:07,18200.75,0
2021-06-14 11:08:17,18195.45,0
2021-06-14 11:08:18,18195.65,0
2021-06-14 11:08:24,18196.0,0
2021-06-14 11:08:42,18195.5,0
2021-06-14 11:08:44,18194.85,0
2021-06-14 11:08:46,18195.55,0
2021-06-14 11:08:48,18195.4,0
2021-06-14 11:08:50,18193.45,0
2021-06-14 11:08:52,18194.45,0
2021-06-14 11:08:53,18195.1,0
2021-06-14 11:08:55,18194.95,0
2021-06-14 11:09:00,18195.45,0
2021-06-14 11:09:05,18196.4,0
2021-06-14 11:09:07,18197.15,0
2021-06-14 11:09:08,18201.2,0
2021-06-14 11:09:10,18201.35,0
2021-06-14 11:09:11,18199.35,0
2021-06-14 11:09:12,18200.75,0
2021-06-14 11:09:13,18198.2,0
2021-06-14 11:09:14,18199.45,0
2021-06-14 11:09:15,18201.1,0
2021-06-14 11:09:16,18200.5,0
2021-06-14 11:09:17,18200.8,0
2021-06-14 11:09:18,18201.5,0
2021-06-14 11:09:19,18196.95,0
2021-06-14 11:09:20,18201.4,0
2021-06-14 11:09:22,18203.95,0
2021-06-14 11:09:23,18201.65,0
2021-06-14 11:09:24,18202.05,0
2021-06-14 11:09:25,18201.0,0
2021-06-14 11:09:27,18203.95,0
2021-06-14 11:09:48,18195.9,0
2021-06-14 11:09:53,18196.55,0
2021-06-14 11:09:58,18195.7,0
2021-06-14 11:10:05,18194.9,0
2021-06-14 11:10:07,18194.2,0
2021-06-14 11:10:08,18194.45,0
2021-06-14 11:10:13,18193.35,0
2021-06-14 11:10:16,18191.5,0
2021-06-14 11:10:17,18191.7,0
2021-06-14 11:10:18,18189.7,0
2021-06-14 11:10:19,18191.95,0
2021-06-14 11:10:21,18192.95,0
2021-06-14 11:10:22,18192.35,0
2021-06-14 11:10:25,18193.1,0
2021-06-14 11:10:26,18193.1,0
2021-06-14 11:10:27,18190.8,0
2021-06-14 11:10:28,18190.7,0
2021-06-14 11:10:29,18188.85,0
2021-06-14 11:10:33,18186.85,0
2021-06-14 11:10:34,18188.35,0
2021-06-14 11:10:35,18187.55,0
2021-06-14 11:10:37,18187.65,0
2021-06-14 11:10:38,18188.6,0
2021-06-14 11:10:40,18189.35,0
2021-06-14 11:10:41,18189.5,0
2021-06-14 11:10:45,18189.95,0
2021-06-14 11:10:46,18189.35,0
2021-06-14 11:10:47,18189.6,0
2021-06-14 11:10:48,18188.8,0
2021-06-14 11:10:52,18188.25,0
2021-06-14 11:10:55,18191.25,0
2021-06-14 11:10:59,18186.5,0
2021-06-14 11:11:00,18191.8,0
2021-06-14 11:11:04,18188.9,0
2021-06-14 11:11:09,18189.65,0
2021-06-14 11:11:11,18187.45,0
2021-06-14 11:11:12,18188.0,0
2021-06-14 11:11:13,18189.15,0
2021-06-14 11:11:15,18188.3,0
2021-06-14 11:11:16,18187.35,0
2021-06-14 11:11:17,18189.45,0
2021-06-14 11:11:18,18190.25,0
2021-06-14 11:11:19,18190.1,0
2021-06-14 11:11:22,18190.15,0
2021-06-14 11:11:23,18189.55,0
2021-06-14 11:11:24,18189.35,0
2021-06-14 11:11:25,18189.85,0
2021-06-14 11:11:26,18190.9,0
2021-06-14 11:11:29,18190.15,0
2021-06-14 11:11:31,18189.0,0
2021-06-14 11:11:34,18189.35,0
2021-06-14 11:11:35,18189.25,0
2021-06-14 11:11:38,18188.95,0
2021-06-14 11:11:39,18187.75,0
2021-06-14 11:11:40,18187.55,0
2021-06-14 11:11:41,18190.0,0
2021-06-14 11:11:42,18189.8,0
2021-06-14 11:11:45,18189.35,0
2021-06-14 11:11:50,18189.55,0
2021-06-14 11:11:52,18190.0,0
2021-06-14 11:11:53,18190.35,0
2021-06-14 11:11:54,18190.15,0
2021-06-14 11:11:56,18187.9,0
2021-06-14 11:11:58,18190.75,0
2021-06-14 11:11:59,18190.5,0
2021-06-14 11:12:01,18188.35,0
2021-06-14 11:12:04,18190.8,0
2021-06-14 11:12:07,18190.2,0
2021-06-14 11:12:10,18190.9,0
2021-06-14 11:12:12,18189.0,0
2021-06-14 11:12:16,18191.7,0
2021-06-14 11:12:18,18190.7,0
2021-06-14 11:12:19,18190.7,0
2021-06-14 11:12:20,18190.9,0
2021-06-14 11:12:21,18189.15,0
2021-06-14 11:12:22,18188.2,0
2021-06-14 11:12:23,18188.85,0
2021-06-14 11:12:24,18191.3,0
2021-06-14 11:12:25,18190.25,0
2021-06-14 11:12:26,18188.8,0
2021-06-14 11:12:27,18190.3,0
2021-06-14 11:12:28,18190.65,0
2021-06-14 11:12:30,18189.85,0
2021-06-14 11:12:31,18192.9,0
2021-06-14 11:12:32,18192.0,0
2021-06-14 11:12:33,18191.95,0
2021-06-14 11:12:34,18191.7,0
2021-06-14 11:12:35,18193.05,0
2021-06-14 11:12:36,18193.65,0
2021-06-14 11:12:37,18192.0,0
2021-06-14 11:12:38,18193.8,0
2021-06-14 11:12:39,18195.3,0
2021-06-14 11:12:40,18194.95,0
2021-06-14 11:12:41,18194.4,0
2021-06-14 11:12:47,18199.45,0
2021-06-14 11:12:49,18198.8,0
2021-06-14 11:12:50,18202.45,0
2021-06-14 11:12:57,18202.85,0
2021-06-14 11:12:58,18204.65,0
2021-06-14 11:13:00,18203.55,0
2021-06-14 11:13:02,18205.9,0
2021-06-14 11:13:04,18206.15,0
2021-06-14 11:13:06,18205.25,0
2021-06-14 11:13:09,18206.75,0
2021-06-14 11:13:11,18207.1,0
2021-06-14 11:13:12,18207.7,0
2021-06-14 11:13:14,18205.5,0
2021-06-14 11:13:15,18207.3,0
2021-06-14 11:13:18,18207.4,0
2021-06-14 11:13:19,18206.45,0
2021-06-14 11:13:20,18209.35,0
2021-06-14 11:13:21,18207.9,0
2021-06-14 11:13:23,18207.75,0
2021-06-14 11:13:24,18209.15,0
2021-06-14 11:13:25,18209.8,0
2021-06-14 11:13:31,18209.45,0
2021-06-14 11:13:35,18209.95,0
2021-06-14 11:13:36,18211.3,0
2021-06-14 11:13:42,18210.35,0
2021-06-14 11:13:43,18211.75,0
2021-06-14 11:13:47,18211.1,0
2021-06-14 11:13:49,18209.35,0
2021-06-14 11:13:54,18212.45,0
2021-06-14 11:13:59,18213.2,0
2021-06-14 11:14:02,18214.35,0
2021-06-14 11:14:04,18212.6,0
2021-06-14 11:14:07,18215.0,0
2021-06-14 11:14:08,18215.0,0
2021-06-14 11:14:10,18215.7,0
2021-06-14 11:14:11,18214.1,0
2021-06-14 11:14:12,18217.0,0
2021-06-14 11:14:13,18217.65,0
2021-06-14 11:14:15,18216.9,0
2021-06-14 11:14:18,18218.8,0
2021-06-14 11:14:20,18218.55,0
2021-06-14 11:14:22,18221.05,0
2021-06-14 11:14:23,18219.75,0
2021-06-14 11:14:24,18220.35,0
2021-06-14 11:14:25,18221.35,0
2021-06-14 11:14:26,18221.5,0
2021-06-14 11:14:27,18220.15,0
2021-06-14 11:14:32,18220.85,0
2021-06-14 11:14:36,18216.4,0
2021-06-14 11:14:37,18214.75,0
2021-06-14 11:14:42,18217.5,0
2021-06-14 11:14:45,18217.6,0
2021-06-14 11:14:53,18218.2,0
2021-06-14 11:14:56,18221.2,0
2021-06-14 11:14:59,18217.1,0
2021-06-14 11:15:00,18216.2,0
2021-06-14 11:15:01,18216.2,0
2021-06-14 11:15:03,18217.9,0
2021-06-14 11:15:04,18215.95,0
2021-06-14 11:15:06,18218.8,0
2021-06-14 11:15:07,18215.4,0
2021-06-14 11:15:08,18216.4,0
2021-06-14 11:15:09,18217.3,0
2021-06-14 11:15:11,18218.25,0
2021-06-14 11:15:12,18217.85,0
2021-06-14 11:15:13,18218.5,0
2021-06-14 11:15:14,18217.55,0
2021-06-14 11:15:15,18218.9,0
2021-06-14 11:15:17,18215.55,0
2021-06-14 11:15:18,18216.65,0
2021-06-14 11:15:23,18215.3,0
2021-06-14 11:15:24,18215.1,0
2021-06-14 11:15:28,18214.25,0
2021-06-14 11:15:29,18216.35,0
2021-06-14 11:15:31,18217.05,0
2021-06-14 11:15:34,18216.3,0
2021-06-14 11:15:35,18216.3,0
2021-06-14 11:15:36,18216.0,0
2021-06-14 11:15:37,18216.35,0
2021-06-14 11:15:38,18217.55,0
2021-06-14 11:15:39,18213.2,0
2021-06-14 11:15:41,18216.4,0
2021-06-14 11:15:45,18214.3,0
2021-06-14 11:15:46,18215.7,0
2021-06-14 11:15:49,18211.35,0
2021-06-14 11:15:50,18213.0,0
2021-06-14 11:15:51,18208.6,0
2021-06-14 11:15:53,18208.6,0
2021-06-14 11:15:55,18211.6,0
2021-06-14 11:15:56,18209.6,0
2021-06-14 11:15:57,18212.4,0
2021-06-14 11:16:00,18214.7,0
2021-06-14 11:16:02,18215.25,0
2021-06-14 11:16:03,18217.0,0
2021-06-14 11:16:05,18213.45,0
2021-06-14 11:16:07,18215.15,0
2021-06-14 11:16:10,18214.7,0
2021-06-14 11:16:11,18216.3,0
2021-06-14 11:16:12,18215.7,0
2021-06-14 11:16:13,18216.1,0
2021-06-14 11:16:14,18215.3,0
2021-06-14 11:16:15,18217.8,0
2021-06-14 11:16:16,18214.05,0
2021-06-14 11:16:17,18216.95,0
2021-06-14 11:16:18,18218.2,0
2021-06-14 11:16:20,18214.65,0
2021-06-14 11:16:21,18217.05,0
2021-06-14 11:16:22,18217.0,0
2021-06-14 11:16:24,18217.5,0
2021-06-14 11:16:31,18216.7,0
2021-06-14 11:16:32,18213.65,0
2021-06-14 11:16:33,18217.2,0
2021-06-14 11:16:34,18217.05,0
2021-06-14 11:16:35,18217.2,0
2021-06-14 11:16:36,18216.35,0
2021-06-14 11:16:37,18216.1,0
2021-06-14 11:16:38,18212.6,0
2021-06-14 11:16:41,18213.95,0
2021-06-14 11:16:42,18213.55,0
2021-06-14 11:16:43,18211.35,0
2021-06-14 11:16:44,18213.3,0
2021-06-14 11:16:46,18212.65,0
2021-06-14 11:16:47,18212.45,0
2021-06-14 11:16:48,18211.7,0
2021-06-14 11:16:50,18210.55,0
2021-06-14 11:16:51,18211.35,0
2021-06-14 11:16:54,18211.15,0
2021-06-14 11:16:55,18210.65,0
2021-06-14 11:16:56,18211.2,0
2021-06-14 11:16:59,18212.5,0
2021-06-14 11:17:05,18210.25,0
2021-06-14 11:17:14,18208.2,0
2021-06-14 11:17:18,18211.55,0
2021-06-14 11:17:19,18211.6,0
2021-06-14 11:17:20,18211.1,0
2021-06-14 11:17:22,18211.15,0
2021-06-14 11:17:24,18211.35,0
2021-06-14 11:17:25,18211.4,0
2021-06-14 11:17:26,18211.45,0
2021-06-14 11:17:28,18212.15,0
2021-06-14 11:17:31,18210.65,0
2021-06-14 11:17:36,18208.75,0
2021-06-14 11:17:38,18209.85,0
2021-06-14 11:17:45,18207.9,0
2021-06-14 11:17:46,18208.85,0
2021-06-14 11:17:48,18207.85,0
2021-06-14 11:17:50,18207.3,0
2021-06-14 11:17:51,18207.3,0
2021-06-14 11:17:53,18205.35,0
2021-06-14 11:17:55,18207.4,0
2021-06-14 11:17:57,18206.45,0
2021-06-14 11:17:58,18207.55,0
2021-06-14 11:17:59,18208.7,0
2021-06-14 11:18:00,18207.6,0
2021-06-14 11:18:05,18205.85,0
2021-06-14 11:18:08,18206.6,0
2021-06-14 11:18:09,18205.55,0
2021-06-14 11:18:11,18205.0,0
2021-06-14 11:18:13,18205.4,0
2021-06-14 11:18:16,18205.25,0
2021-06-14 11:18:17,18203.65,0
2021-06-14 11:18:20,18206.3,0
2021-06-14 11:18:21,18206.6,0
2021-06-14 11:18:25,18208.35,0
2021-06-14 11:18:26,18208.3,0
2021-06-14 11:18:28,18208.45,0
2021-06-14 11:18:31,18209.55,0
2021-06-14 11:18:33,18209.55,0
2021-06-14 11:18:34,18208.35,0
2021-06-14 11:18:35,18209.6,0
2021-06-14 11:18:36,18208.85,0
2021-06-14 11:18:37,18207.25,0
2021-06-14 11:18:38,18209.75,0
2021-06-14 11:18:39,18210.1,0
2021-06-14 11:18:40,18208.7,0
2021-06-14 11:18:41,18209.35,0
2021-06-14 11:18:42,18210.0,0
2021-06-14 11:18:45,18210.4,0
2021-06-14 11:18:47,18210.8,0
2021-06-14 11:18:53,18206.55,0
2021-06-14 11:18:54,18207.6,0
2021-06-14 11:18:58,18208.55,0
2021-06-14 11:18:59,18205.55,0
2021-06-14 11:19:00,18207.6,0
2021-06-14 11:19:03,18205.35,0
2021-06-14 11:19:04,18207.45,0
2021-06-14 11:19:06,18204.95,0
2021-06-14 11:19:07,18206.65,0
2021-06-14 11:19:08,18208.4,0
2021-06-14 11:19:09,18208.05,0
2021-06-14 11:19:10,18204.85,0
2021-06-14 11:19:11,18207.2,0
2021-06-14 11:19:12,18207.05,0
2021-06-14 11:19:13,18209.75,0
2021-06-14 11:19:14,18210.8,0
2021-06-14 11:19:15,18210.8,0
2021-06-14 11:19:16,18210.4,0
2021-06-14 11:19:17,18211.05,0
2021-06-14 11:19:18,18210.75,0
2021-06-14 11:19:19,18210.6,0
2021-06-14 11:19:21,18210.4,0
2021-06-14 11:19:22,18210.4,0
2021-06-14 11:19:23,18211.4,0
2021-06-14 11:19:24,18211.75,0
2021-06-14 11:19:28,18212.25,0
2021-06-14 11:19:32,18211.95,0
2021-06-14 11:19:33,18213.4,0
2021-06-14 11:19:35,18212.65,0
2021-06-14 11:19:38,18212.4,0
2021-06-14 11:19:41,18212.55,0
2021-06-14 11:19:43,18211.9,0
2021-06-14 11:19:44,18213.45,0
2021-06-14 11:19:45,18213.05,0
2021-06-14 11:19:47,18211.75,0
2021-06-14 11:19:48,18211.9,0
2021-06-14 11:19:50,18212.2,0
2021-06-14 11:19:53,18211.4,0
2021-06-14 11:19:55,18214.5,0
2021-06-14 11:19:59,18215.4,0
2021-06-14 11:20:00,18214.8,0
2021-06-14 11:20:04,18213.0,0
2021-06-14 11:20:06,18211.55,0
2021-06-14 11:20:07,18211.25,0
2021-06-14 11:20:09,18213.8,0
2021-06-14 11:20:11,18213.0,0
2021-06-14 11:20:12,18210.1,0
2021-06-14 11:20:14,18211.3,0
2021-06-14 11:20:15,18210.7,0
2021-06-14 11:20:17,18210.4,0
2021-06-14 11:20:18,18209.75,0
2021-06-14 11:20:19,18209.55,0
2021-06-14 11:20:20,18207.7,0
2021-06-14 11:20:22,18199.4,0
2021-06-14 11:20:25,18201.65,0
2021-06-14 11:20:30,18199.15,0
2021-06-14 11:20:31,18198.7,0
2021-06-14 11:20:37,18200.85,0
2021-06-14 11:20:38,18200.5,0
2021-06-14 11:20:39,18202.4,0
2021-06-14 11:20:42,18202.4,0
2021-06-14 11:20:47,18203.85,0
2021-06-14 11:20:48,18204.85,0
2021-06-14 11:20:49,18204.35,0
2021-06-14 11:20:50,18208.3,0
2021-06-14 11:20:51,18203.95,0
2021-06-14 11:20:53,18206.55,0
2021-06-14 11:20:55,18205.35,0
2021-06-14 11:20:57,18207.1,0
2021-06-14 11:21:00,18208.2,0
2021-06-14 11:21:01,18208.05,0
2021-06-14 11:21:02,18208.2,0
2021-06-14 11:21:03,18209.0,0
2021-06-14 11:21:04,18208.4,0
2021-06-14 11:21:05,18207.85,0
2021-06-14 11:21:06,18206.3,0
2021-06-14 11:21:07,18206.15,0
2021-06-14 11:21:09,18208.6,0
2021-06-14 11:21:12,18208.9,0
2021-06-14 11:21:13,18209.25,0
2021-06-14 11:21:14,18208.55,0
2021-06-14 11:21:15,18209.4,0
2021-06-14 11:21:17,18208.5,0
2021-06-14 11:21:18,18206.95,0
2021-06-14 11:21:19,18207.6,0
2021-06-14 11:21:21,18208.2,0
2021-06-14 11:21:26,18206.25,0
2021-06-14 11:21:28,18206.85,0
2021-06-14 11:21:29,18204.85,0
2021-06-14 11:21:31,18205.45,0
2021-06-14 11:21:33,18208.9,0
2021-06-14 11:21:34,18206.2,0
2021-06-14 11:21:35,18208.05,0
2021-06-14 11:21:37,18207.65,0
2021-06-14 11:21:40,18205.45,0
2021-06-14 11:21:41,18207.4,0
2021-06-14 11:21:43,18206.85,0
2021-06-14 11:21:51,18205.05,0
2021-06-14 11:21:58,18206.25,0
2021-06-14 11:22:02,18203.7,0
2021-06-14 11:22:03,18204.55,0
2021-06-14 11:22:04,18203.7,0
2021-06-14 11:22:06,18202.55,0
2021-06-14 11:22:07,18203.1,0
2021-06-14 11:22:09,18202.9,0
2021-06-14 11:22:11,18202.15,0
2021-06-14 11:22:12,18201.8,0
2021-06-14 11:22:15,18201.8,0
2021-06-14 11:22:19,18201.4,0
2021-06-14 11:22:21,18200.2,0
2021-06-14 11:22:22,18201.0,0
2021-06-14 11:22:23,18202.3,0
2021-06-14 11:22:24,18200.9,0
2021-06-14 11:22:28,18204.2,0
2021-06-14 11:22:34,18201.7,0
2021-06-14 11:22:35,18200.65,0
2021-06-14 11:22:36,18201.15,0
2021-06-14 11:22:38,18200.8,0
2021-06-14 11:22:39,18200.85,0
2021-06-14 11:22:45,18200.3,0
2021-06-14 11:22:46,18200.15,0
2021-06-14 11:22:47,18198.6,0
2021-06-14 11:22:48,18200.05,0
2021-06-14 11:22:51,18196.65,0
2021-06-14 11:22:55,18199.1,0
2021-06-14 11:22:56,18196.75,0
2021-06-14 11:22:57,18198.75,0
2021-06-14 11:22:58,18198.35,0
2021-06-14 11:23:01,18197.85,0
2021-06-14 11:23:02,18199.85,0
2021-06-14 11:23:03,18199.35,0
2021-06-14 11:23:06,18199.2,0
2021-06-14 11:23:08,18197.55,0
2021-06-14 11:23:10,18198.3,0
2021-06-14 11:23:11,18198.8,0
2021-06-14 11:23:12,18198.45,0
2021-06-14 11:23:14,18198.9,0
2021-06-14 11:23:16,18198.0,0
2021-06-14 11:23:17,18197.8,0
2021-06-14 11:23:18,18196.6,0
2021-06-14 11:23:19,18196.65,0
2021-06-14 11:23:20,18194.4,0
2021-06-14 11:23:21,18197.85,0
2021-06-14 11:23:22,18195.1,0
2021-06-14 11:23:23,18197.6,0
2021-06-14 11:23:24,18196.75,0
2021-06-14 11:23:25,18197.65,0
2021-06-14 11:23:26,18197.9,0
2021-06-14 11:23:28,18198.45,0
2021-06-14 11:23:30,18198.55,0
2021-06-14 11:23:31,18198.2,0
2021-06-14 11:23:33,18198.9,0
2021-06-14 11:23:35,18197.75,0
2021-06-14 11:23:37,18198.5,0
2021-06-14 11:23:39,18198.1,0
2021-06-14 11:23:40,18197.1,0
2021-06-14 11:23:42,18196.85,0
2021-06-14 11:23:44,18199.65,0
2021-06-14 11:23:45,18200.55,0
2021-06-14 11:23:46,18200.45,0
2021-06-14 11:23:47,18197.8,0
2021-06-14 11:23:50,18197.5,0
2021-06-14 11:23:51,18197.1,0
2021-06-14 11:23:52,18197.95,0
2021-06-14 11:23:53,18199.95,0
2021-06-14 11:23:54,18200.35,0
2021-06-14 11:23:57,18199.2,0
2021-06-14 11:23:58,18198.4,0
2021-06-14 11:23:59,18197.45,0
2021-06-14 11:24:02,18197.15,0
2021-06-14 11:24:03,18198.05,0
2021-06-14 11:24:04,18197.7,0
2021-06-14 11:24:05,18197.5,0
2021-06-14 11:24:07,18195.7,0
2021-06-14 11:24:09,18195.4,0
2021-06-14 11:24:10,18195.6,0
2021-06-14 11:24:12,18196.45,0
2021-06-14 11:24:13,18196.95,0
2021-06-14 11:24:15,18195.95,0
2021-06-14 11:24:16,18196.3,0
2021-06-14 11:24:17,18195.85,0
2021-06-14 11:24:18,18195.7,0
2021-06-14 11:24:19,18197.15,0
2021-06-14 11:24:24,18198.8,0
2021-06-14 11:24:26,18196.2,0
2021-06-14 11:24:29,18198.6,0
2021-06-14 11:24:30,18196.2,0
2021-06-14 11:24:31,18197.05,0
2021-06-14 11:24:32,18194.75,0
2021-06-14 11:24:33,18197.7,0
2021-06-14 11:24:34,18197.6,0
2021-06-14 11:24:36,18197.55,0
2021-06-14 11:24:39,18196.8,0
2021-06-14 11:24:41,18196.4,0
2021-06-14 11:24:43,18196.6,0
2021-06-14 11:24:45,18195.7,0
2021-06-14 11:24:47,18195.6,0
2021-06-14 11:24:49,18195.7,0
2021-06-14 11:24:50,18195.5,0
2021-06-14 11:24:51,18197.8,0
2021-06-14 11:24:52,18196.9,0
2021-06-14 11:24:53,18196.9,0
2021-06-14 11:24:54,18196.75,0
2021-06-14 11:24:56,18196.35,0
2021-06-14 11:24:57,18196.4,0
2021-06-14 11:25:06,18191.75,0
2021-06-14 11:25:07,18189.45,0
2021-06-14 11:25:08,18189.4,0
2021-06-14 11:25:09,18188.4,0
2021-06-14 11:25:10,18188.95,0
2021-06-14 11:25:12,18192.75,0
2021-06-14 11:25:13,18193.3,0
2021-06-14 11:25:14,18191.7,0
2021-06-14 11:25:15,18192.1,0
2021-06-14 11:25:16,18193.2,0
2021-06-14 11:25:20,18190.8,0
2021-06-14 11:25:21,18193.55,0
2021-06-14 11:25:24,18192.3,0
2021-06-14 11:25:25,18191.8,0
2021-06-14 11:25:26,18194.3,0
2021-06-14 11:25:27,18193.6,0
2021-06-14 11:25:28,18193.8,0
2021-06-14 11:25:29,18193.0,0
2021-06-14 11:25:30,18194.5,0
2021-06-14 11:25:31,18193.0,0
2021-06-14 11:25:34,18192.3,0
2021-06-14 11:25:35,18193.15,0
2021-06-14 11:25:36,18192.15,0
2021-06-14 11:25:37,18192.75,0
2021-06-14 11:25:40,18195.85,0
2021-06-14 11:25:42,18195.3,0
2021-06-14 11:25:44,18193.45,0
2021-06-14 11:25:50,18194.35,0
2021-06-14 11:25:52,18195.2,0
2021-06-14 11:25:54,18195.95,0
2021-06-14 11:25:55,18195.3,0
2021-06-14 11:25:58,18196.95,0
2021-06-14 11:26:00,18195.2,0
2021-06-14 11:26:01,18196.1,0
2021-06-14 11:26:02,18196.75,0
2021-06-14 11:26:05,18195.4,0
2021-06-14 11:26:06,18196.5,0
2021-06-14 11:26:07,18196.6,0
2021-06-14 11:26:10,18197.35,0
2021-06-14 11:26:12,18198.5,0
2021-06-14 11:26:13,18198.5,0
2021-06-14 11:26:18,18198.3,0
2021-06-14 11:26:20,18197.1,0
2021-06-14 11:26:23,18202.35,0
2021-06-14 11:26:25,18205.2,0
2021-06-14 11:26:28,18202.8,0
2021-06-14 11:26:29,18203.1,0
2021-06-14 11:26:30,18202.5,0
2021-06-14 11:26:31,18202.9,0
2021-06-14 11:26:32,18203.25,0
2021-06-14 11:26:33,18203.45,0
2021-06-14 11:26:34,18203.85,0
2021-06-14 11:26:39,18205.3,0
2021-06-14 11:26:43,18205.8,0
2021-06-14 11:26:44,18207.2,0
2021-06-14 11:26:46,18206.45,0
2021-06-14 11:26:48,18206.6,0
2021-06-14 11:26:52,18209.35,0
2021-06-14 11:27:03,18208.55,0
2021-06-14 11:27:04,18208.75,0
2021-06-14 11:27:07,18208.15,0
2021-06-14 11:27:14,18202.3,0
2021-06-14 11:27:15,18202.0,0
2021-06-14 11:27:17,18204.55,0
2021-06-14 11:27:19,18205.45,0
2021-06-14 11:27:24,18205.5,0
2021-06-14 11:27:25,18202.85,0
2021-06-14 11:27:32,18205.25,0
2021-06-14 11:27:33,18206.1,0
2021-06-14 11:27:35,18207.4,0
2021-06-14 11:27:36,18205.9,0
2021-06-14 11:27:37,18205.35,0
2021-06-14 11:27:38,18206.3,0
2021-06-14 11:27:39,18206.4,0
2021-06-14 11:27:41,18206.95,0
2021-06-14 11:27:42,18205.35,0
2021-06-14 11:27:44,18208.05,0
2021-06-14 11:27:46,18207.55,0
2021-06-14 11:27:47,18205.6,0
2021-06-14 11:27:48,18206.65,0
2021-06-14 11:27:49,18207.75,0
2021-06-14 11:27:50,18205.55,0
2021-06-14 11:27:56,18207.5,0
2021-06-14 11:27:57,18206.6,0
2021-06-14 11:27:58,18207.8,0
2021-06-14 11:27:59,18207.2,0
2021-06-14 11:28:00,18205.4,0
2021-06-14 11:28:01,18208.0,0
2021-06-14 11:28:02,18207.25,0
2021-06-14 11:28:04,18207.1,0
2021-06-14 11:28:07,18207.65,0
2021-06-14 11:28:12,18203.65,0
2021-06-14 11:28:21,18205.55,0
2021-06-14 11:28:27,18205.45,0
2021-06-14 11:28:29,18204.65,0
2021-06-14 11:28:33,18203.2,0
2021-06-14 11:28:34,18205.2,0
2021-06-14 11:28:35,18201.95,0
2021-06-14 11:28:36,18203.3,0
2021-06-14 11:28:37,18205.35,0
2021-06-14 11:28:41,18205.0,0
2021-06-14 11:28:43,18206.3,0
2021-06-14 11:28:44,18208.15,0
2021-06-14 11:28:47,18207.55,0
2021-06-14 11:28:49,18208.05,0
2021-06-14 11:28:51,18207.5,0
2021-06-14 11:28:52,18207.5,0
2021-06-14 11:28:53,18208.45,0
2021-06-14 11:28:56,18208.9,0
2021-06-14 11:28:57,18207.85,0
2021-06-14 11:28:58,18205.55,0
2021-06-14 11:29:08,18209.25,0
2021-06-14 11:29:10,18208.2,0
2021-06-14 11:29:11,18208.95,0
2021-06-14 11:29:13,18208.05,0
2021-06-14 11:29:18,18206.45,0
2021-06-14 11:29:22,18207.1,0
2021-06-14 11:29:26,18207.65,0
2021-06-14 11:29:31,18208.75,0
2021-06-14 11:29:37,18208.4,0
2021-06-14 11:29:38,18207.8,0
2021-06-14 11:29:41,18207.9,0
2021-06-14 11:29:43,18205.6,0
2021-06-14 11:29:44,18204.6,0
2021-06-14 11:29:47,18205.25,0
2021-06-14 11:29:51,18206.0,0
2021-06-14 11:29:56,18208.45,0
2021-06-14 11:29:57,18208.6,0
2021-06-14 11:29:59,18205.4,0
2021-06-14 11:30:01,18207.25,0
2021-06-14 11:30:02,18206.15,0
2021-06-14 11:30:03,18205.9,0
2021-06-14 11:30:07,18210.05,0
2021-06-14 11:30:09,18210.65,0
2021-06-14 11:30:12,18211.25,0
2021-06-14 11:30:13,18212.15,0
2021-06-14 11:30:17,18212.2,0
2021-06-14 11:30:18,18212.2,0
2021-06-14 11:30:21,18211.65,0
2021-06-14 11:30:22,18210.9,0
2021-06-14 11:30:26,18212.25,0
2021-06-14 11:30:27,18211.85,0
2021-06-14 11:30:28,18209.8,0
2021-06-14 11:30:31,18209.6,0
2021-06-14 11:30:32,18209.9,0
2021-06-14 11:30:33,18210.0,0
2021-06-14 11:30:36,18209.8,0
2021-06-14 11:30:39,18212.1,0
2021-06-14 11:30:40,18210.4,0
2021-06-14 11:30:41,18210.15,0
2021-06-14 11:30:43,18212.95,0
2021-06-14 11:30:45,18209.85,0
2021-06-14 11:30:47,18211.4,0
2021-06-14 11:30:49,18212.35,0
2021-06-14 11:30:50,18210.1,0
2021-06-14 11:30:53,18211.8,0
2021-06-14 11:30:54,18212.2,0
2021-06-14 11:30:55,18212.25,0
2021-06-14 11:30:56,18213.4,0
2021-06-14 11:30:58,18212.7,0
2021-06-14 11:31:01,18212.35,0
2021-06-14 11:31:02,18211.6,0
2021-06-14 11:31:06,18211.5,0
2021-06-14 11:31:07,18211.2,0
2021-06-14 11:31:09,18208.8,0
2021-06-14 11:31:10,18209.9,0
2021-06-14 11:31:11,18210.2,0
2021-06-14 11:31:12,18208.6,0
2021-06-14 11:31:13,18209.5,0
2021-06-14 11:31:17,18210.6,0
2021-06-14 11:31:18,18210.5,0
2021-06-14 11:31:19,18209.3,0
2021-06-14 11:31:22,18210.2,0
2021-06-14 11:31:23,18211.8,0
2021-06-14 11:31:26,18210.85,0
2021-06-14 11:31:27,18208.4,0
2021-06-14 11:31:28,18207.4,0
2021-06-14 11:31:29,18209.75,0
2021-06-14 11:31:31,18208.05,0
2021-06-14 11:31:32,18208.8,0
2021-06-14 11:31:36,18209.2,0
2021-06-14 11:31:37,18211.35,0
2021-06-14 11:31:39,18210.5,0
2021-06-14 11:31:41,18209.45,0
2021-06-14 11:31:42,18208.5,0
2021-06-14 11:31:44,18208.5,0
2021-06-14 11:31:47,18208.2,0
2021-06-14 11:31:48,18207.85,0
2021-06-14 11:31:49,18206.6,0
2021-06-14 11:31:50,18208.3,0
2021-06-14 11:31:52,18206.8,0
2021-06-14 11:31:54,18207.55,0
2021-06-14 11:31:59,18206.65,0
2021-06-14 11:32:01,18204.75,0
2021-06-14 11:32:04,18208.15,0
2021-06-14 11:32:05,18208.8,0
2021-06-14 11:32:06,18207.5,0
2021-06-14 11:32:14,18206.5,0
2021-06-14 11:32:17,18205.85,0
2021-06-14 11:32:18,18205.85,0
2021-06-14 11:32:20,18203.65,0
2021-06-14 11:32:22,18205.4,0
2021-06-14 11:32:25,18203.5,0
2021-06-14 11:32:26,18201.95,0
2021-06-14 11:32:27,18204.5,0
2021-06-14 11:32:28,18204.95,0
2021-06-14 11:32:30,18207.0,0
2021-06-14 11:32:34,18207.5,0
2021-06-14 11:32:36,18206.4,0
2021-06-14 11:32:37,18206.9,0
2021-06-14 11:32:39,18207.1,0
2021-06-14 11:32:40,18206.1,0
2021-06-14 11:32:41,18205.95,0
2021-06-14 11:32:42,18203.85,0
2021-06-14 11:32:46,18206.4,0
2021-06-14 11:32:47,18205.55,0
2021-06-14 11:32:49,18208.2,0
2021-06-14 11:32:51,18208.05,0
2021-06-14 11:32:52,18206.85,0
2021-06-14 11:32:53,18207.1,0
2021-06-14 11:32:54,18208.25,0
2021-06-14 11:32:58,18211.15,0
2021-06-14 11:33:00,18212.75,0
2021-06-14 11:33:03,18213.25,0
2021-06-14 11:33:04,18211.4,0
2021-06-14 11:33:05,18212.15,0
2021-06-14 11:33:06,18210.5,0
2021-06-14 11:33:08,18210.05,0
2021-06-14 11:33:09,18212.25,0
2021-06-14 11:33:12,18211.0,0
2021-06-14 11:33:13,18209.65,0
2021-06-14 11:33:14,18210.35,0
2021-06-14 11:33:15,18210.45,0
2021-06-14 11:33:16,18211.45,0
2021-06-14 11:33:17,18210.65,0
2021-06-14 11:33:18,18212.75,0
2021-06-14 11:33:20,18215.15,0
2021-06-14 11:33:21,18212.25,0
2021-06-14 11:33:22,18214.15,0
2021-06-14 11:33:25,18211.35,0
2021-06-14 11:33:27,18211.3,0
2021-06-14 11:33:28,18211.3,0
2021-06-14 11:33:31,18212.0,0
2021-06-14 11:33:33,18213.25,0
2021-06-14 11:33:34,18212.05,0
2021-06-14 11:33:36,18213.5,0
2021-06-14 11:33:37,18214.35,0
2021-06-14 11:33:38,18213.65,0
2021-06-14 11:33:39,18214.0,0
2021-06-14 11:33:40,18214.25,0
2021-06-14 11:33:41,18212.4,0
2021-06-14 11:33:44,18215.0,0
2021-06-14 11:33:47,18210.6,0
2021-06-14 11:33:52,18213.6,0
2021-06-14 11:33:53,18215.35,0
2021-06-14 11:33:57,18214.0,0
2021-06-14 11:33:59,18214.6,0
2021-06-14 11:34:03,18214.2,0
2021-06-14 11:34:04,18212.7,0
2021-06-14 11:34:06,18215.5,0
2021-06-14 11:34:07,18214.15,0
2021-06-14 11:34:08,18214.95,0
2021-06-14 11:34:09,18214.7,0
2021-06-14 11:34:10,18211.3,0
2021-06-14 11:34:16,18214.4,0
2021-06-14 11:34:17,18214.5,0
2021-06-14 11:34:18,18214.25,0
2021-06-14 11:34:24,18213.5,0
2021-06-14 11:34:26,18212.45,0
2021-06-14 11:34:27,18213.5,0
2021-06-14 11:34:28,18210.65,0
2021-06-14 11:34:35,18213.05,0
2021-06-14 11:34:37,18215.4,0
2021-06-14 11:34:38,18214.8,0
2021-06-14 11:34:41,18211.2,0
2021-06-14 11:34:43,18214.4,0
2021-06-14 11:34:44,18213.8,0
2021-06-14 11:34:45,18213.55,0
2021-06-14 11:34:46,18213.5,0
2021-06-14 11:34:48,18213.65,0
2021-06-14 11:34:49,18215.05,0
2021-06-14 11:34:50,18214.25,0
2021-06-14 11:34:51,18213.2,0
2021-06-14 11:34:52,18213.25,0
2021-06-14 11:34:54,18212.5,0
2021-06-14 11:34:57,18213.0,0
2021-06-14 11:34:58,18213.6,0
2021-06-14 11:35:00,18214.45,0
2021-06-14 11:35:09,18215.95,0
2021-06-14 11:35:12,18213.0,0
2021-06-14 11:35:14,18215.25,0
2021-06-14 11:35:20,18214.1,0
2021-06-14 11:35:27,18212.25,0
2021-06-14 11:35:32,18213.25,0
2021-06-14 11:35:33,18213.2,0
2021-06-14 11:35:34,18213.05,0
2021-06-14 11:35:35,18213.7,0
2021-06-14 11:35:52,18212.3,0
2021-06-14 11:35:53,18212.05,0
2021-06-14 11:35:57,18209.15,0
2021-06-14 11:36:00,18208.25,0
2021-06-14 11:36:01,18208.55,0
2021-06-14 11:36:02,18208.35,0
2021-06-14 11:36:03,18207.95,0
2021-06-14 11:36:04,18208.4,0
2021-06-14 11:36:06,18207.6,0
2021-06-14 11:36:08,18209.3,0
2021-06-14 11:36:09,18209.3,0
2021-06-14 11:36:10,18208.5,0
2021-06-14 11:36:12,18207.15,0
2021-06-14 11:36:14,18208.25,0
2021-06-14 11:36:15,18207.4,0
2021-06-14 11:36:17,18205.8,0
2021-06-14 11:36:19,18205.55,0
2021-06-14 11:36:20,18207.3,0
2021-06-14 11:36:22,18205.25,0
2021-06-14 11:36:23,18208.55,0
2021-06-14 11:36:27,18208.7,0
2021-06-14 11:36:29,18210.05,0
2021-06-14 11:36:30,18209.4,0
2021-06-14 11:36:31,18208.2,0
2021-06-14 11:36:32,18209.3,0
2021-06-14 11:36:33,18210.05,0
2021-06-14 11:36:35,18208.75,0
2021-06-14 11:36:36,18208.0,0
2021-06-14 11:36:38,18208.1,0
2021-06-14 11:36:40,18207.75,0
2021-06-14 11:36:41,18207.1,0
2021-06-14 11:36:42,18208.45,0
2021-06-14 11:36:43,18208.85,0
2021-06-14 11:36:44,18211.55,0
2021-06-14 11:36:47,18211.85,0
2021-06-14 11:36:50,18212.0,0
2021-06-14 11:36:52,18211.85,0
2021-06-14 11:36:53,18210.65,0
2021-06-14 11:36:54,18209.35,0
2021-06-14 11:36:55,18211.15,0
2021-06-14 11:36:59,18208.4,0
2021-06-14 11:37:02,18208.75,0
2021-06-14 11:37:06,18210.95,0
2021-06-14 11:37:07,18209.0,0
2021-06-14 11:37:08,18209.45,0
2021-06-14 11:37:09,18211.4,0
2021-06-14 11:37:10,18211.4,0
2021-06-14 11:37:11,18211.8,0
2021-06-14 11:37:16,18211.9,0
2021-06-14 11:37:18,18212.4,0
2021-06-14 11:37:21,18209.55,0
2021-06-14 11:37:22,18212.05,0
2021-06-14 11:37:24,18211.7,0
2021-06-14 11:37:25,18211.7,0
