timestamp,ltp,volume
2021-06-14 09:15:41,14444.5,0
2021-06-14 09:15:43,14446.15,0
2021-06-14 09:15:44,14448.1,0
2021-06-14 09:15:45,14447.05,0
2021-06-14 09:15:47,14446.65,0
2021-06-14 09:15:48,14446.25,0
2021-06-14 09:15:49,14447.5,0
2021-06-14 09:15:50,14451.55,0
2021-06-14 09:15:51,14444.4,0
2021-06-14 09:15:52,14442.3,0
2021-06-14 09:15:53,14440.45,0
2021-06-14 09:15:54,14448.25,0
2021-06-14 09:15:57,14448.25,0
2021-06-14 09:15:59,14450.6,0
2021-06-14 09:16:04,14439.8,0
2021-06-14 09:16:05,14440.45,0
2021-06-14 09:16:06,14442.7,0
2021-06-14 09:16:07,14442.4,0
2021-06-14 09:16:08,14442.7,0
2021-06-14 09:16:09,14440.25,0
2021-06-14 09:16:10,14442.45,0
2021-06-14 09:16:11,14441.75,0
2021-06-14 09:16:14,14429.35,0
2021-06-14 09:16:17,14421.25,0
2021-06-14 09:16:18,14419.4,0
2021-06-14 09:16:20,14418.15,0
2021-06-14 09:16:21,14417.35,0
2021-06-14 09:16:22,14417.2,0
2021-06-14 09:16:23,14414.5,0
2021-06-14 09:16:24,14413.5,0
2021-06-14 09:16:25,14412.75,0
2021-06-14 09:16:26,14410.55,0
2021-06-14 09:16:27,14408.75,0
2021-06-14 09:16:28,14415.45,0
2021-06-14 09:16:30,14413.1,0
2021-06-14 09:16:31,14410.2,0
2021-06-14 09:16:32,14407.6,0
2021-06-14 09:16:33,14406.6,0
2021-06-14 09:16:34,14405.4,0
2021-06-14 09:16:37,14407.7,0
2021-06-14 09:16:38,14409.65,0
2021-06-14 09:16:39,14413.25,0
2021-06-14 09:16:41,14413.7,0
2021-06-14 09:16:42,14416.4,0
2021-06-14 09:16:43,14414.5,0
2021-06-14 09:16:44,14412.9,0
2021-06-14 09:16:45,14415.05,0
2021-06-14 09:16:48,14422.7,0
2021-06-14 09:16:47,14417.65,0
2021-06-14 09:16:49,14420.5,0
2021-06-14 09:16:50,14422.05,0
2021-06-14 09:16:52,14425.5,0
2021-06-14 09:16:53,14424.35,0
2021-06-14 09:16:54,14423.75,0
2021-06-14 09:16:55,14424.05,0
2021-06-14 09:16:59,14420.15,0
2021-06-14 09:17:01,14409.3,0
2021-06-14 09:17:02,14410.4,0
2021-06-14 09:17:03,14407.65,0
2021-06-14 09:17:04,14409.65,0
2021-06-14 09:17:05,14408.5,0
2021-06-14 09:17:06,14408.25,0
2021-06-14 09:17:07,14409.75,0
2021-06-14 09:17:08,14411.1,0
2021-06-14 09:17:16,14414.6,0
2021-06-14 09:17:18,14412.9,0
2021-06-14 09:17:19,14414.0,0
2021-06-14 09:17:20,14416.7,0
2021-06-14 09:17:21,14413.9,0
2021-06-14 09:17:23,14414.1,0
2021-06-14 09:17:24,14415.25,0
2021-06-14 09:17:25,14413.0,0
2021-06-14 09:17:26,14415.1,0
2021-06-14 09:17:27,14412.65,0
2021-06-14 09:17:28,14413.6,0
2021-06-14 09:17:29,14416.7,0
2021-06-14 09:17:30,14416.8,0
2021-06-14 09:17:31,14417.7,0
2021-06-14 09:17:33,14420.3,0
2021-06-14 09:17:34,14419.6,0
2021-06-14 09:17:35,14418.45,0
2021-06-14 09:17:37,14419.8,0
2021-06-14 09:17:38,14423.6,0
2021-06-14 09:17:39,14421.0,0
2021-06-14 09:17:41,14423.25,0
2021-06-14 09:17:42,14426.3,0
2021-06-14 09:17:43,14425.1,0
2021-06-14 09:17:44,14426.1,0
2021-06-14 09:17:45,14425.25,0
2021-06-14 09:17:46,14426.95,0
2021-06-14 09:17:47,14425.85,0
2021-06-14 09:17:48,14425.05,0
2021-06-14 09:17:50,14425.3,0
2021-06-14 09:17:51,14424.65,0
2021-06-14 09:17:52,14423.15,0
2021-06-14 09:17:53,14422.25,0
2021-06-14 09:17:54,14423.85,0
2021-06-14 09:17:55,14423.7,0
2021-06-14 09:17:56,14423.95,0
2021-06-14 09:17:57,14424.15,0
2021-06-14 09:17:58,14424.15,0
2021-06-14 09:17:59,14424.1,0
2021-06-14 09:18:01,14424.9,0
2021-06-14 09:18:02,14424.3,0
2021-06-14 09:18:03,14425.2,0
2021-06-14 09:18:04,14422.95,0
2021-06-14 09:18:05,14423.75,0
2021-06-14 09:18:06,14422.7,0
2021-06-14 09:18:07,14423.45,0
2021-06-14 09:18:08,14424.35,0
2021-06-14 09:18:09,14422.0,0
2021-06-14 09:18:10,14423.0,0
2021-06-14 09:18:11,14424.0,0
2021-06-14 09:18:13,14424.4,0
2021-06-14 09:18:14,14419.25,0
2021-06-14 09:18:15,14424.95,0
2021-06-14 09:18:16,14423.3,0
2021-06-14 09:18:17,14423.95,0
2021-06-14 09:18:18,14423.45,0
2021-06-14 09:18:19,14423.35,0
2021-06-14 09:18:20,14426.05,0
2021-06-14 09:18:21,14425.45,0
2021-06-14 09:18:22,14427.45,0
2021-06-14 09:18:23,14427.1,0
2021-06-14 09:18:24,14424.75,0
2021-06-14 09:18:25,14425.2,0
2021-06-14 09:18:26,14425.4,0
2021-06-14 09:18:27,14419.55,0
2021-06-14 09:18:28,14421.25,0
2021-06-14 09:18:29,14419.85,0
2021-06-14 09:18:30,14420.8,0
2021-06-14 09:18:31,14420.4,0
2021-06-14 09:18:32,14420.15,0
2021-06-14 09:18:33,14419.15,0
2021-06-14 09:18:34,14418.7,0
2021-06-14 09:18:37,14411.25,0
2021-06-14 09:18:39,14410.8,0
2021-06-14 09:18:40,14411.35,0
2021-06-14 09:18:41,14411.8,0
2021-06-14 09:18:42,14406.35,0
2021-06-14 09:18:43,14407.1,0
2021-06-14 09:18:44,14405.65,0
2021-06-14 09:18:46,14407.75,0
2021-06-14 09:18:47,14407.6,0
2021-06-14 09:18:48,14409.15,0
2021-06-14 09:18:50,14406.1,0
2021-06-14 09:18:51,14406.85,0
2021-06-14 09:18:52,14407.85,0
2021-06-14 09:18:53,14406.5,0
2021-06-14 09:18:54,14408.85,0
2021-06-14 09:18:56,14410.65,0
2021-06-14 09:18:57,14411.7,0
2021-06-14 09:18:58,14408.1,0
2021-06-14 09:18:59,14409.25,0
2021-06-14 09:19:00,14410.8,0
2021-06-14 09:19:01,14409.15,0
2021-06-14 09:19:02,14410.65,0
2021-06-14 09:19:03,14408.0,0
2021-06-14 09:19:04,14403.05,0
2021-06-14 09:19:05,14397.55,0
2021-06-14 09:19:06,14398.75,0
2021-06-14 09:19:07,14393.45,0
2021-06-14 09:19:08,14396.6,0
2021-06-14 09:19:10,14391.55,0
2021-06-14 09:19:12,14392.0,0
2021-06-14 09:19:13,14390.8,0
2021-06-14 09:19:15,14389.1,0
2021-06-14 09:19:16,14386.25,0
2021-06-14 09:19:18,14386.5,0
2021-06-14 09:19:19,14384.55,0
2021-06-14 09:19:20,14383.95,0
2021-06-14 09:19:21,14383.7,0
2021-06-14 09:19:22,14384.7,0
2021-06-14 09:19:23,14388.05,0
2021-06-14 09:19:24,14386.95,0
2021-06-14 09:19:25,14384.65,0
2021-06-14 09:19:28,14383.65,0
2021-06-14 09:19:29,14384.1,0
2021-06-14 09:19:30,14383.9,0
2021-06-14 09:19:31,14382.35,0
2021-06-14 09:19:32,14381.5,0
2021-06-14 09:19:33,14388.35,0
2021-06-14 09:19:34,14384.65,0
2021-06-14 09:19:35,14379.35,0
2021-06-14 09:19:37,14380.55,0
2021-06-14 09:19:38,14383.9,0
2021-06-14 09:19:39,14382.65,0
2021-06-14 09:19:40,14381.45,0
2021-06-14 09:19:41,14382.2,0
2021-06-14 09:19:42,14387.0,0
2021-06-14 09:19:43,14392.35,0
2021-06-14 09:19:44,14391.45,0
2021-06-14 09:19:45,14390.4,0
2021-06-14 09:19:46,14388.9,0
2021-06-14 09:19:47,14392.2,0
2021-06-14 09:19:48,14393.45,0
2021-06-14 09:19:50,14389.9,0
2021-06-14 09:19:52,14388.2,0
2021-06-14 09:19:53,14388.55,0
2021-06-14 09:19:55,14388.25,0
2021-06-14 09:19:56,14388.95,0
2021-06-14 09:19:57,14388.55,0
2021-06-14 09:19:59,14389.95,0
2021-06-14 09:20:03,14390.0,0
2021-06-14 09:20:04,14388.55,0
2021-06-14 09:20:05,14387.45,0
2021-06-14 09:20:07,14391.3,0
2021-06-14 09:20:08,14392.35,0
2021-06-14 09:20:09,14388.75,0
2021-06-14 09:20:10,14390.65,0
2021-06-14 09:20:11,14391.05,0
2021-06-14 09:20:12,14391.45,0
2021-06-14 09:20:13,14389.85,0
2021-06-14 09:20:14,14383.1,0
2021-06-14 09:20:19,14376.5,0
2021-06-14 09:20:20,14375.95,0
2021-06-14 09:20:21,14377.75,0
2021-06-14 09:20:22,14378.35,0
2021-06-14 09:20:23,14374.15,0
2021-06-14 09:20:24,14377.65,0
2021-06-14 09:20:26,14374.4,0
2021-06-14 09:20:29,14374.8,0
2021-06-14 09:20:30,14376.75,0
2021-06-14 09:20:31,14375.65,0
2021-06-14 09:20:32,14372.95,0
2021-06-14 09:20:33,14370.2,0
2021-06-14 09:20:34,14373.5,0
2021-06-14 09:20:37,14373.4,0
2021-06-14 09:20:38,14371.75,0
2021-06-14 09:20:39,14370.75,0
2021-06-14 09:20:40,14369.75,0
2021-06-14 09:20:41,14370.4,0
2021-06-14 09:20:42,14371.05,0
2021-06-14 09:20:43,14370.15,0
2021-06-14 09:20:44,14367.2,0
2021-06-14 09:20:45,14365.95,0
2021-06-14 09:20:46,14364.9,0
2021-06-14 09:20:47,14366.05,0
2021-06-14 09:20:48,14365.5,0
2021-06-14 09:20:49,14363.9,0
2021-06-14 09:20:50,14360.8,0
2021-06-14 09:20:51,14361.25,0
2021-06-14 09:20:52,14361.6,0
2021-06-14 09:20:53,14364.2,0
2021-06-14 09:20:54,14365.0,0
2021-06-14 09:20:55,14361.6,0
2021-06-14 09:20:56,14361.5,0
2021-06-14 09:20:57,14364.85,0
2021-06-14 09:20:58,14364.05,0
2021-06-14 09:21:00,14364.05,0
2021-06-14 09:21:01,14365.1,0
2021-06-14 09:21:02,14364.7,0
2021-06-14 09:21:03,14366.75,0
2021-06-14 09:21:04,14367.1,0
2021-06-14 09:21:05,14365.75,0
2021-06-14 09:21:06,14367.0,0
2021-06-14 09:21:07,14368.7,0
2021-06-14 09:21:09,14366.8,0
2021-06-14 09:21:10,14367.05,0
2021-06-14 09:21:12,14366.25,0
2021-06-14 09:21:13,14368.0,0
2021-06-14 09:21:15,14366.85,0
2021-06-14 09:21:17,14369.5,0
2021-06-14 09:21:18,14367.85,0
2021-06-14 09:21:19,14366.4,0
2021-06-14 09:21:20,14367.25,0
2021-06-14 09:21:23,14365.55,0
2021-06-14 09:21:24,14365.4,0
2021-06-14 09:21:25,14364.0,0
2021-06-14 09:21:26,14363.6,0
2021-06-14 09:21:27,14365.95,0
2021-06-14 09:21:28,14366.4,0
2021-06-14 09:21:30,14369.55,0
2021-06-14 09:21:31,14366.9,0
2021-06-14 09:21:32,14366.15,0
2021-06-14 09:21:33,14366.65,0
2021-06-14 09:21:34,14367.95,0
2021-06-14 09:21:35,14366.05,0
2021-06-14 09:21:36,14364.55,0
2021-06-14 09:21:37,14365.95,0
2021-06-14 09:21:39,14365.15,0
2021-06-14 09:21:40,14367.65,0
2021-06-14 09:21:41,14368.4,0
2021-06-14 09:21:42,14368.8,0
2021-06-14 09:21:43,14366.75,0
2021-06-14 09:21:44,14367.15,0
2021-06-14 09:21:45,14367.4,0
2021-06-14 09:21:47,14367.1,0
2021-06-14 09:21:49,14366.5,0
2021-06-14 09:21:50,14367.65,0
2021-06-14 09:21:51,14368.3,0
2021-06-14 09:21:52,14366.15,0
2021-06-14 09:21:53,14367.45,0
2021-06-14 09:21:54,14367.45,0
2021-06-14 09:21:55,14368.05,0
2021-06-14 09:21:57,14368.75,0
2021-06-14 09:21:59,14367.3,0
2021-06-14 09:22:01,14367.8,0
2021-06-14 09:22:02,14367.9,0
2021-06-14 09:22:05,14365.0,0
2021-06-14 09:22:06,14363.8,0
2021-06-14 09:22:07,14364.7,0
2021-06-14 09:22:08,14364.15,0
2021-06-14 09:22:09,14363.5,0
2021-06-14 09:22:10,14360.85,0
2021-06-14 09:22:11,14361.9,0
2021-06-14 09:22:12,14360.65,0
2021-06-14 09:22:13,14360.9,0
2021-06-14 09:22:14,14362.2,0
2021-06-14 09:22:16,14360.05,0
2021-06-14 09:22:17,14360.05,0
2021-06-14 09:22:18,14360.85,0
2021-06-14 09:22:19,14362.95,0
2021-06-14 09:22:20,14362.9,0
2021-06-14 09:22:21,14363.7,0
2021-06-14 09:22:22,14360.1,0
2021-06-14 09:22:24,14362.5,0
2021-06-14 09:22:25,14361.75,0
2021-06-14 09:22:26,14362.75,0
2021-06-14 09:22:28,14363.85,0
2021-06-14 09:22:29,14363.15,0
2021-06-14 09:22:31,14364.55,0
2021-06-14 09:22:32,14363.5,0
2021-06-14 09:22:33,14362.6,0
2021-06-14 09:22:35,14363.6,0
2021-06-14 09:22:36,14361.25,0
2021-06-14 09:22:37,14361.05,0
2021-06-14 09:22:38,14361.45,0
2021-06-14 09:22:39,14362.75,0
2021-06-14 09:22:40,14361.45,0
2021-06-14 09:22:42,14363.05,0
2021-06-14 09:22:44,14360.2,0
2021-06-14 09:22:46,14360.65,0
2021-06-14 09:22:47,14358.7,0
2021-06-14 09:22:48,14358.95,0
2021-06-14 09:22:49,14359.05,0
2021-06-14 09:22:51,14359.15,0
2021-06-14 09:22:52,14358.45,0
2021-06-14 09:22:53,14358.2,0
2021-06-14 09:22:54,14358.05,0
2021-06-14 09:22:55,14358.6,0
2021-06-14 09:22:56,14358.7,0
2021-06-14 09:22:57,14356.8,0
2021-06-14 09:22:58,14356.2,0
2021-06-14 09:22:59,14356.95,0
2021-06-14 09:23:00,14356.95,0
2021-06-14 09:23:01,14357.55,0
2021-06-14 09:23:02,14357.9,0
2021-06-14 09:23:03,14356.4,0
2021-06-14 09:23:04,14355.7,0
2021-06-14 09:23:05,14354.3,0
2021-06-14 09:23:06,14354.6,0
2021-06-14 09:23:07,14352.6,0
2021-06-14 09:23:09,14354.6,0
2021-06-14 09:23:10,14352.45,0
2021-06-14 09:23:11,14354.15,0
2021-06-14 09:23:12,14352.5,0
2021-06-14 09:23:13,14354.65,0
2021-06-14 09:23:14,14354.85,0
2021-06-14 09:23:16,14349.1,0
2021-06-14 09:23:17,14349.65,0
2021-06-14 09:23:18,14347.35,0
2021-06-14 09:23:19,14348.85,0
2021-06-14 09:23:20,14349.45,0
2021-06-14 09:23:21,14349.2,0
2021-06-14 09:23:22,14350.7,0
2021-06-14 09:23:23,14350.25,0
2021-06-14 09:23:26,14351.25,0
2021-06-14 09:23:27,14348.8,0
2021-06-14 09:23:29,14348.6,0
2021-06-14 09:23:30,14348.8,0
2021-06-14 09:23:33,14345.9,0
2021-06-14 09:23:34,14347.1,0
2021-06-14 09:23:35,14346.85,0
2021-06-14 09:23:37,14346.85,0
2021-06-14 09:23:38,14346.2,0
2021-06-14 09:23:39,14344.8,0
2021-06-14 09:23:40,14343.8,0
2021-06-14 09:23:41,14344.95,0
2021-06-14 09:23:42,14344.75,0
2021-06-14 09:23:43,14344.85,0
2021-06-14 09:23:44,14346.65,0
2021-06-14 09:23:45,14348.05,0
2021-06-14 09:23:46,14346.1,0
2021-06-14 09:23:47,14345.6,0
2021-06-14 09:23:48,14345.3,0
2021-06-14 09:23:49,14344.25,0
2021-06-14 09:23:50,14345.3,0
2021-06-14 09:23:51,14343.25,0
2021-06-14 09:23:52,14343.65,0
2021-06-14 09:23:53,14343.4,0
2021-06-14 09:23:54,14343.7,0
2021-06-14 09:23:55,14342.65,0
2021-06-14 09:23:56,14342.9,0
2021-06-14 09:23:57,14342.9,0
2021-06-14 09:23:58,14342.3,0
2021-06-14 09:23:59,14341.2,0
2021-06-14 09:24:00,14339.85,0
2021-06-14 09:24:02,14337.8,0
2021-06-14 09:24:03,14337.0,0
2021-06-14 09:24:05,14336.85,0
2021-06-14 09:24:06,14331.95,0
2021-06-14 09:24:07,14335.15,0
2021-06-14 09:24:08,14334.25,0
2021-06-14 09:24:10,14332.65,0
2021-06-14 09:24:11,14328.95,0
2021-06-14 09:24:13,14328.15,0
2021-06-14 09:24:14,14328.0,0
2021-06-14 09:24:15,14326.0,0
2021-06-14 09:24:19,14330.0,0
2021-06-14 09:24:20,14329.15,0
2021-06-14 09:24:21,14328.05,0
2021-06-14 09:24:23,14327.05,0
2021-06-14 09:24:24,14324.15,0
2021-06-14 09:24:25,14320.95,0
2021-06-14 09:24:26,14322.55,0
2021-06-14 09:24:27,14322.35,0
2021-06-14 09:24:28,14322.8,0
2021-06-14 09:24:29,14321.85,0
2021-06-14 09:24:30,14321.1,0
2021-06-14 09:24:31,14320.55,0
2021-06-14 09:24:32,14319.5,0
2021-06-14 09:24:33,14319.4,0
2021-06-14 09:24:34,14320.5,0
2021-06-14 09:24:35,14319.15,0
2021-06-14 09:24:36,14318.0,0
2021-06-14 09:24:37,14315.1,0
2021-06-14 09:24:38,14318.05,0
2021-06-14 09:24:39,14315.6,0
2021-06-14 09:24:40,14316.3,0
2021-06-14 09:24:41,14318.25,0
2021-06-14 09:24:44,14324.85,0
2021-06-14 09:24:45,14328.4,0
2021-06-14 09:24:46,14328.65,0
2021-06-14 09:24:48,14326.85,0
2021-06-14 09:24:49,14328.85,0
2021-06-14 09:24:50,14329.1,0
2021-06-14 09:24:53,14324.7,0
2021-06-14 09:24:54,14324.15,0
2021-06-14 09:24:55,14324.15,0
2021-06-14 09:24:56,14323.25,0
2021-06-14 09:24:57,14323.65,0
2021-06-14 09:24:58,14322.15,0
2021-06-14 09:24:59,14323.75,0
2021-06-14 09:25:00,14321.85,0
2021-06-14 09:25:01,14322.3,0
2021-06-14 09:25:02,14323.05,0
2021-06-14 09:25:03,14319.4,0
2021-06-14 09:25:04,14321.05,0
2021-06-14 09:25:05,14319.25,0
2021-06-14 09:25:06,14320.95,0
2021-06-14 09:25:07,14319.25,0
2021-06-14 09:25:08,14318.5,0
2021-06-14 09:25:09,14319.5,0
2021-06-14 09:25:10,14322.1,0
2021-06-14 09:25:11,14320.4,0
2021-06-14 09:25:12,14322.95,0
2021-06-14 09:25:13,14321.8,0
2021-06-14 09:25:14,14322.2,0
2021-06-14 09:25:15,14322.0,0
2021-06-14 09:25:16,14315.35,0
2021-06-14 09:25:17,14313.8,0
2021-06-14 09:25:18,14312.45,0
2021-06-14 09:25:21,14312.35,0
2021-06-14 09:25:22,14308.75,0
2021-06-14 09:25:23,14314.05,0
2021-06-14 09:25:24,14313.55,0
2021-06-14 09:25:25,14315.75,0
2021-06-14 09:25:26,14318.5,0
2021-06-14 09:25:27,14320.3,0
2021-06-14 09:25:28,14319.8,0
2021-06-14 09:25:29,14317.85,0
2021-06-14 09:25:30,14317.05,0
2021-06-14 09:25:31,14317.85,0
2021-06-14 09:25:32,14316.1,0
2021-06-14 09:25:33,14316.35,0
2021-06-14 09:25:34,14319.35,0
2021-06-14 09:25:35,14316.7,0
2021-06-14 09:25:38,14315.1,0
2021-06-14 09:25:39,14315.2,0
2021-06-14 09:25:40,14313.3,0
2021-06-14 09:25:42,14313.15,0
2021-06-14 09:25:46,14306.4,0
2021-06-14 09:25:47,14307.2,0
2021-06-14 09:25:48,14306.25,0
2021-06-14 09:25:49,14305.95,0
2021-06-14 09:25:50,14306.4,0
2021-06-14 09:25:51,14306.85,0
2021-06-14 09:25:52,14304.95,0
2021-06-14 09:25:54,14297.25,0
2021-06-14 09:25:55,14295.2,0
2021-06-14 09:25:56,14298.15,0
2021-06-14 09:25:57,14296.4,0
2021-06-14 09:25:58,14296.35,0
2021-06-14 09:25:59,14297.15,0
2021-06-14 09:26:00,14295.65,0
2021-06-14 09:26:01,14298.4,0
2021-06-14 09:26:02,14299.85,0
2021-06-14 09:26:03,14298.25,0
2021-06-14 09:26:04,14295.2,0
2021-06-14 09:26:05,14298.35,0
2021-06-14 09:26:06,14296.7,0
2021-06-14 09:26:08,14295.4,0
2021-06-14 09:26:10,14296.65,0
2021-06-14 09:26:11,14294.5,0
2021-06-14 09:26:12,14293.9,0
2021-06-14 09:26:13,14290.3,0
2021-06-14 09:26:14,14288.05,0
2021-06-14 09:26:15,14289.15,0
2021-06-14 09:26:16,14292.0,0
2021-06-14 09:26:17,14289.8,0
2021-06-14 09:26:19,14297.3,0
2021-06-14 09:26:20,14294.25,0
2021-06-14 09:26:21,14290.2,0
2021-06-14 09:26:25,14291.35,0
2021-06-14 09:26:26,14291.8,0
2021-06-14 09:26:27,14290.45,0
2021-06-14 09:26:28,14291.55,0
2021-06-14 09:26:29,14292.0,0
2021-06-14 09:26:31,14293.0,0
2021-06-14 09:26:32,14291.35,0
2021-06-14 09:26:33,14289.05,0
2021-06-14 09:26:37,14280.5,0
2021-06-14 09:26:38,14281.65,0
2021-06-14 09:26:40,14283.8,0
2021-06-14 09:26:41,14284.3,0
2021-06-14 09:26:42,14280.55,0
2021-06-14 09:26:43,14281.75,0
2021-06-14 09:26:44,14279.1,0
2021-06-14 09:26:45,14277.05,0
2021-06-14 09:26:47,14276.05,0
2021-06-14 09:26:49,14277.65,0
2021-06-14 09:26:51,14276.0,0
2021-06-14 09:26:52,14279.6,0
2021-06-14 09:26:53,14279.8,0
2021-06-14 09:26:55,14277.05,0
2021-06-14 09:26:56,14278.25,0
2021-06-14 09:26:58,14276.2,0
2021-06-14 09:26:59,14278.25,0
2021-06-14 09:27:00,14277.6,0
2021-06-14 09:27:01,14273.25,0
2021-06-14 09:27:03,14271.55,0
2021-06-14 09:27:04,14270.6,0
2021-06-14 09:27:05,14270.05,0
2021-06-14 09:27:06,14268.2,0
2021-06-14 09:27:07,14270.25,0
2021-06-14 09:27:08,14269.0,0
2021-06-14 09:27:10,14270.8,0
2021-06-14 09:27:11,14272.6,0
2021-06-14 09:27:12,14272.85,0
2021-06-14 09:27:13,14271.9,0
2021-06-14 09:27:14,14269.5,0
2021-06-14 09:27:15,14270.5,0
2021-06-14 09:27:16,14269.9,0
2021-06-14 09:27:17,14273.95,0
2021-06-14 09:27:19,14271.6,0
2021-06-14 09:27:22,14277.15,0
2021-06-14 09:27:23,14275.65,0
2021-06-14 09:27:24,14279.1,0
2021-06-14 09:27:25,14279.35,0
2021-06-14 09:27:26,14279.3,0
2021-06-14 09:27:27,14279.55,0
2021-06-14 09:27:28,14278.2,0
2021-06-14 09:27:29,14279.6,0
2021-06-14 09:27:30,14279.55,0
2021-06-14 09:27:31,14279.15,0
2021-06-14 09:27:33,14275.55,0
2021-06-14 09:27:34,14275.15,0
2021-06-14 09:27:36,14279.25,0
2021-06-14 09:27:37,14276.4,0
2021-06-14 09:27:38,14276.95,0
2021-06-14 09:27:40,14280.15,0
2021-06-14 09:27:41,14282.9,0
2021-06-14 09:27:42,14284.7,0
2021-06-14 09:27:43,14281.9,0
2021-06-14 09:27:44,14281.85,0
2021-06-14 09:27:45,14283.8,0
2021-06-14 09:27:46,14283.0,0
2021-06-14 09:27:47,14283.15,0
2021-06-14 09:27:48,14279.5,0
2021-06-14 09:27:49,14283.45,0
2021-06-14 09:27:52,14284.2,0
2021-06-14 09:27:53,14282.85,0
2021-06-14 09:27:54,14282.55,0
2021-06-14 09:27:56,14285.05,0
2021-06-14 09:27:57,14282.2,0
2021-06-14 09:27:58,14283.6,0
2021-06-14 09:28:00,14282.45,0
2021-06-14 09:28:01,14285.35,0
2021-06-14 09:28:02,14284.2,0
2021-06-14 09:28:03,14284.45,0
2021-06-14 09:28:04,14284.95,0
2021-06-14 09:28:05,14286.9,0
2021-06-14 09:28:06,14286.4,0
2021-06-14 09:28:07,14288.8,0
2021-06-14 09:28:08,14289.3,0
2021-06-14 09:28:09,14288.5,0
2021-06-14 09:28:10,14290.5,0
2021-06-14 09:28:11,14290.55,0
2021-06-14 09:28:13,14293.1,0
2021-06-14 09:28:14,14293.75,0
2021-06-14 09:28:15,14292.75,0
2021-06-14 09:28:16,14293.35,0
2021-06-14 09:28:17,14294.15,0
2021-06-14 09:28:18,14294.95,0
2021-06-14 09:28:19,14294.55,0
2021-06-14 09:28:20,14294.3,0
2021-06-14 09:28:21,14293.3,0
2021-06-14 09:28:23,14292.7,0
2021-06-14 09:28:24,14295.6,0
2021-06-14 09:28:25,14296.55,0
2021-06-14 09:28:26,14298.45,0
2021-06-14 09:28:27,14300.45,0
2021-06-14 09:28:28,14295.5,0
2021-06-14 09:28:29,14296.65,0
2021-06-14 09:28:30,14293.45,0
2021-06-14 09:28:31,14294.4,0
2021-06-14 09:28:32,14294.55,0
2021-06-14 09:28:33,14295.35,0
2021-06-14 09:28:34,14293.1,0
2021-06-14 09:28:35,14294.15,0
2021-06-14 09:28:36,14292.85,0
2021-06-14 09:28:37,14295.8,0
2021-06-14 09:28:39,14292.9,0
2021-06-14 09:28:40,14295.95,0
2021-06-14 09:28:42,14294.8,0
2021-06-14 09:28:43,14294.5,0
2021-06-14 09:28:44,14292.9,0
2021-06-14 09:28:45,14294.4,0
2021-06-14 09:28:46,14294.85,0
2021-06-14 09:28:47,14293.3,0
2021-06-14 09:28:48,14294.05,0
2021-06-14 09:28:49,14296.45,0
2021-06-14 09:28:51,14296.3,0
2021-06-14 09:28:52,14298.15,0
2021-06-14 09:28:53,14297.4,0
2021-06-14 09:28:54,14301.35,0
2021-06-14 09:28:55,14298.65,0
2021-06-14 09:28:57,14298.95,0
2021-06-14 09:28:58,14298.55,0
2021-06-14 09:29:01,14302.25,0
2021-06-14 09:29:03,14299.3,0
2021-06-14 09:29:04,14298.3,0
2021-06-14 09:29:06,14302.7,0
2021-06-14 09:29:07,14301.7,0
2021-06-14 09:29:08,14302.6,0
2021-06-14 09:29:11,14304.1,0
2021-06-14 09:29:12,14305.6,0
2021-06-14 09:29:13,14304.45,0
2021-06-14 09:29:14,14304.4,0
2021-06-14 09:29:15,14301.25,0
2021-06-14 09:29:16,14303.65,0
2021-06-14 09:29:18,14301.6,0
2021-06-14 09:29:19,14300.7,0
2021-06-14 09:29:20,14301.2,0
2021-06-14 09:29:21,14301.9,0
2021-06-14 09:29:22,14297.2,0
2021-06-14 09:29:23,14299.3,0
2021-06-14 09:29:24,14299.7,0
2021-06-14 09:29:25,14297.35,0
2021-06-14 09:29:26,14290.75,0
2021-06-14 09:29:27,14292.4,0
2021-06-14 09:29:28,14292.0,0
2021-06-14 09:29:29,14291.0,0
2021-06-14 09:29:30,14289.6,0
2021-06-14 09:29:32,14289.75,0
2021-06-14 09:29:33,14293.6,0
2021-06-14 09:29:34,14292.05,0
2021-06-14 09:29:35,14293.35,0
2021-06-14 09:29:36,14292.3,0
2021-06-14 09:29:37,14291.65,0
2021-06-14 09:29:38,14291.05,0
2021-06-14 09:29:40,14292.2,0
2021-06-14 09:29:41,14292.0,0
2021-06-14 09:29:43,14290.95,0
2021-06-14 09:29:44,14290.75,0
2021-06-14 09:29:45,14290.8,0
2021-06-14 09:29:46,14293.0,0
2021-06-14 09:29:47,14293.9,0
2021-06-14 09:29:48,14293.65,0
2021-06-14 09:29:49,14290.1,0
2021-06-14 09:29:50,14291.5,0
2021-06-14 09:29:53,14296.7,0
2021-06-14 09:29:54,14296.75,0
2021-06-14 09:29:55,14295.4,0
2021-06-14 09:29:57,14297.5,0
2021-06-14 09:29:59,14293.0,0
2021-06-14 09:30:00,14289.8,0
2021-06-14 09:30:01,14288.9,0
2021-06-14 09:30:04,14290.75,0
2021-06-14 09:30:05,14290.45,0
2021-06-14 09:30:06,14290.85,0
2021-06-14 09:30:07,14288.3,0
2021-06-14 09:30:08,14289.25,0
2021-06-14 09:30:09,14288.3,0
2021-06-14 09:30:10,14286.7,0
2021-06-14 09:30:12,14290.05,0
2021-06-14 09:30:13,14289.5,0
2021-06-14 09:30:14,14290.7,0
2021-06-14 09:30:16,14292.1,0
2021-06-14 09:30:17,14292.1,0
2021-06-14 09:30:18,14292.65,0
2021-06-14 09:30:19,14290.75,0
2021-06-14 09:30:22,14290.8,0
2021-06-14 09:30:23,14290.65,0
2021-06-14 09:30:24,14288.25,0
2021-06-14 09:30:26,14287.7,0
2021-06-14 09:30:27,14286.5,0
2021-06-14 09:30:28,14286.7,0
2021-06-14 09:30:30,14287.25,0
2021-06-14 09:30:31,14287.05,0
2021-06-14 09:30:32,14286.65,0
2021-06-14 09:30:33,14283.6,0
2021-06-14 09:30:34,14283.6,0
2021-06-14 09:30:35,14285.5,0
2021-06-14 09:30:36,14285.45,0
2021-06-14 09:30:37,14286.55,0
2021-06-14 09:30:38,14286.35,0
2021-06-14 09:30:39,14286.55,0
2021-06-14 09:30:40,14287.35,0
2021-06-14 09:30:41,14288.1,0
2021-06-14 09:30:42,14286.3,0
2021-06-14 09:30:43,14284.85,0
2021-06-14 09:30:44,14284.8,0
2021-06-14 09:30:45,14283.85,0
2021-06-14 09:30:46,14284.1,0
2021-06-14 09:30:47,14286.2,0
2021-06-14 09:30:49,14283.2,0
2021-06-14 09:30:50,14283.65,0
2021-06-14 09:30:51,14284.1,0
2021-06-14 09:30:52,14283.4,0
2021-06-14 09:30:54,14280.65,0
2021-06-14 09:30:55,14281.55,0
2021-06-14 09:30:56,14282.7,0
2021-06-14 09:30:58,14280.15,0
2021-06-14 09:31:00,14281.65,0
2021-06-14 09:31:01,14282.2,0
2021-06-14 09:31:02,14282.4,0
2021-06-14 09:31:03,14281.75,0
2021-06-14 09:31:04,14282.2,0
2021-06-14 09:31:05,14280.45,0
2021-06-14 09:31:06,14278.8,0
2021-06-14 09:31:07,14278.05,0
2021-06-14 09:31:09,14280.05,0
2021-06-14 09:31:10,14281.2,0
2021-06-14 09:31:11,14281.0,0
2021-06-14 09:31:12,14280.3,0
2021-06-14 09:31:13,14279.3,0
2021-06-14 09:31:14,14280.2,0
2021-06-14 09:31:15,14277.6,0
2021-06-14 09:31:16,14276.8,0
2021-06-14 09:31:17,14278.9,0
2021-06-14 09:31:18,14277.95,0
2021-06-14 09:31:19,14279.45,0
2021-06-14 09:31:20,14276.5,0
2021-06-14 09:31:21,14280.6,0
2021-06-14 09:31:22,14279.8,0
2021-06-14 09:31:23,14278.85,0
2021-06-14 09:31:24,14280.5,0
2021-06-14 09:31:25,14279.95,0
2021-06-14 09:31:26,14278.2,0
2021-06-14 09:31:27,14279.1,0
2021-06-14 09:31:28,14277.85,0
2021-06-14 09:31:29,14268.65,0
2021-06-14 09:31:31,14268.4,0
2021-06-14 09:31:32,14269.0,0
2021-06-14 09:31:33,14269.85,0
2021-06-14 09:31:34,14267.0,0
2021-06-14 09:31:36,14267.25,0
2021-06-14 09:31:37,14272.1,0
2021-06-14 09:31:38,14268.55,0
2021-06-14 09:31:39,14265.4,0
2021-06-14 09:31:40,14265.45,0
2021-06-14 09:31:41,14266.5,0
2021-06-14 09:31:42,14265.05,0
2021-06-14 09:31:44,14265.2,0
2021-06-14 09:31:45,14265.4,0
2021-06-14 09:31:46,14262.95,0
2021-06-14 09:31:47,14262.9,0
2021-06-14 09:31:48,14262.9,0
2021-06-14 09:31:49,14260.65,0
2021-06-14 09:31:51,14260.85,0
2021-06-14 09:31:53,14260.95,0
2021-06-14 09:31:54,14259.45,0
2021-06-14 09:31:56,14254.95,0
2021-06-14 09:31:57,14254.1,0
2021-06-14 09:31:59,14252.55,0
2021-06-14 09:32:00,14251.0,0
2021-06-14 09:32:02,14245.15,0
2021-06-14 09:32:04,14247.45,0
2021-06-14 09:32:05,14245.0,0
2021-06-14 09:32:06,14245.15,0
2021-06-14 09:32:07,14242.65,0
2021-06-14 09:32:11,14239.5,0
2021-06-14 09:32:13,14234.4,0
2021-06-14 09:32:15,14230.35,0
2021-06-14 09:32:16,14227.9,0
2021-06-14 09:32:17,14227.95,0
2021-06-14 09:32:19,14220.3,0
2021-06-14 09:32:20,14222.2,0
2021-06-14 09:32:21,14218.45,0
2021-06-14 09:32:24,14221.8,0
2021-06-14 09:32:25,14221.55,0
2021-06-14 09:32:26,14219.45,0
2021-06-14 09:32:27,14221.15,0
2021-06-14 09:32:29,14223.95,0
2021-06-14 09:32:31,14221.1,0
2021-06-14 09:32:32,14219.85,0
2021-06-14 09:32:33,14220.75,0
2021-06-14 09:32:34,14220.4,0
2021-06-14 09:32:35,14218.6,0
2021-06-14 09:32:36,14219.55,0
2021-06-14 09:32:40,14227.25,0
2021-06-14 09:32:41,14227.5,0
2021-06-14 09:32:43,14227.6,0
2021-06-14 09:32:44,14228.4,0
2021-06-14 09:32:45,14226.4,0
2021-06-14 09:32:46,14228.2,0
2021-06-14 09:32:47,14226.75,0
2021-06-14 09:32:48,14225.45,0
2021-06-14 09:32:49,14224.6,0
2021-06-14 09:32:52,14230.75,0
2021-06-14 09:32:53,14234.45,0
2021-06-14 09:32:54,14235.0,0
2021-06-14 09:32:55,14232.4,0
2021-06-14 09:32:56,14232.95,0
2021-06-14 09:32:57,14227.1,0
2021-06-14 09:33:01,14230.35,0
2021-06-14 09:33:02,14234.85,0
2021-06-14 09:33:03,14234.8,0
2021-06-14 09:33:04,14232.25,0
2021-06-14 09:33:05,14233.3,0
2021-06-14 09:33:06,14233.35,0
2021-06-14 09:33:07,14232.95,0
2021-06-14 09:33:08,14232.25,0
2021-06-14 09:33:09,14233.6,0
2021-06-14 09:33:10,14232.7,0
2021-06-14 09:33:12,14237.45,0
2021-06-14 09:33:13,14238.5,0
2021-06-14 09:33:15,14238.85,0
2021-06-14 09:33:17,14240.65,0
2021-06-14 09:33:21,14240.9,0
2021-06-14 09:33:24,14243.25,0
2021-06-14 09:33:25,14243.55,0
2021-06-14 09:33:26,14247.95,0
2021-06-14 09:33:27,14246.35,0
2021-06-14 09:33:28,14244.6,0
2021-06-14 09:33:29,14244.75,0
2021-06-14 09:33:30,14244.75,0
2021-06-14 09:33:31,14245.75,0
2021-06-14 09:33:32,14249.7,0
2021-06-14 09:33:34,14248.35,0
2021-06-14 09:33:37,14247.55,0
2021-06-14 09:33:38,14249.15,0
2021-06-14 09:33:39,14248.7,0
2021-06-14 09:33:40,14247.6,0
2021-06-14 09:33:41,14248.35,0
2021-06-14 09:33:43,14247.8,0
2021-06-14 09:33:44,14246.65,0
2021-06-14 09:33:45,14247.05,0
2021-06-14 09:33:46,14248.5,0
2021-06-14 09:33:47,14246.35,0
2021-06-14 09:33:48,14246.95,0
2021-06-14 09:33:49,14248.05,0
2021-06-14 09:33:50,14246.55,0
2021-06-14 09:33:51,14245.35,0
2021-06-14 09:33:52,14249.1,0
2021-06-14 09:33:54,14248.6,0
2021-06-14 09:33:56,14247.65,0
2021-06-14 09:33:57,14249.25,0
2021-06-14 09:33:58,14246.45,0
2021-06-14 09:34:01,14244.1,0
2021-06-14 09:34:02,14239.5,0
2021-06-14 09:34:04,14239.2,0
2021-06-14 09:34:07,14238.65,0
2021-06-14 09:34:09,14236.3,0
2021-06-14 09:34:11,14237.7,0
2021-06-14 09:34:12,14235.3,0
2021-06-14 09:34:13,14234.15,0
2021-06-14 09:34:14,14232.2,0
2021-06-14 09:34:15,14228.65,0
2021-06-14 09:34:16,14230.1,0
2021-06-14 09:34:17,14229.3,0
2021-06-14 09:34:18,14229.4,0
2021-06-14 09:34:20,14234.5,0
2021-06-14 09:34:23,14240.0,0
2021-06-14 09:34:24,14240.4,0
2021-06-14 09:34:25,14240.2,0
2021-06-14 09:34:26,14239.9,0
2021-06-14 09:34:27,14239.95,0
2021-06-14 09:34:28,14240.05,0
2021-06-14 09:34:30,14241.45,0
2021-06-14 09:34:31,14241.45,0
2021-06-14 09:34:32,14239.35,0
2021-06-14 09:34:34,14243.5,0
2021-06-14 09:34:35,14242.0,0
2021-06-14 09:34:36,14244.15,0
2021-06-14 09:34:37,14244.1,0
2021-06-14 09:34:38,14253.1,0
2021-06-14 09:34:39,14255.8,0
2021-06-14 09:34:40,14255.8,0
2021-06-14 09:34:41,14255.55,0
2021-06-14 09:34:42,14251.3,0
2021-06-14 09:34:43,14251.85,0
2021-06-14 09:34:44,14252.85,0
2021-06-14 09:34:45,14249.6,0
2021-06-14 09:34:47,14242.1,0
2021-06-14 09:34:48,14242.9,0
2021-06-14 09:34:50,14243.15,0
2021-06-14 09:34:51,14242.2,0
2021-06-14 09:34:52,14241.85,0
2021-06-14 09:34:53,14247.65,0
2021-06-14 09:34:54,14247.1,0
2021-06-14 09:34:55,14247.05,0
2021-06-14 09:34:56,14242.2,0
2021-06-14 09:34:58,14240.95,0
2021-06-14 09:34:57,14241.6,0
2021-06-14 09:34:59,14240.65,0
2021-06-14 09:35:00,14241.4,0
2021-06-14 09:35:01,14242.8,0
2021-06-14 09:35:03,14239.6,0
2021-06-14 09:35:05,14241.7,0
2021-06-14 09:35:06,14241.6,0
2021-06-14 09:35:07,14243.35,0
2021-06-14 09:35:09,14242.5,0
2021-06-14 09:35:11,14244.85,0
2021-06-14 09:35:12,14243.05,0
2021-06-14 09:35:13,14242.1,0
2021-06-14 09:35:14,14246.15,0
2021-06-14 09:35:15,14246.15,0
2021-06-14 09:35:16,14243.0,0
2021-06-14 09:35:17,14241.2,0
2021-06-14 09:35:18,14242.05,0
2021-06-14 09:35:19,14243.85,0
2021-06-14 09:35:20,14244.1,0
2021-06-14 09:35:21,14243.35,0
2021-06-14 09:35:22,14242.4,0
2021-06-14 09:35:23,14243.1,0
2021-06-14 09:35:24,14243.9,0
2021-06-14 09:35:25,14248.35,0
2021-06-14 09:35:26,14249.7,0
2021-06-14 09:35:28,14243.95,0
2021-06-14 09:35:29,14244.95,0
2021-06-14 09:35:30,14245.7,0
2021-06-14 09:35:32,14248.0,0
2021-06-14 09:35:33,14248.15,0
2021-06-14 09:35:35,14247.15,0
2021-06-14 09:35:36,14247.4,0
2021-06-14 09:35:37,14244.9,0
2021-06-14 09:35:38,14243.2,0
2021-06-14 09:35:39,14244.05,0
2021-06-14 09:35:40,14244.25,0
2021-06-14 09:35:43,14245.0,0
2021-06-14 09:35:44,14243.25,0
2021-06-14 09:35:45,14244.55,0
2021-06-14 09:35:46,14247.5,0
2021-06-14 09:35:47,14247.7,0
2021-06-14 09:35:49,14248.1,0
2021-06-14 09:35:50,14248.2,0
2021-06-14 09:35:51,14251.5,0
2021-06-14 09:35:52,14250.65,0
2021-06-14 09:35:53,14249.6,0
2021-06-14 09:35:54,14255.55,0
2021-06-14 09:35:55,14256.55,0
2021-06-14 09:35:56,14256.2,0
2021-06-14 09:35:58,14253.4,0
2021-06-14 09:36:00,14254.25,0
2021-06-14 09:36:01,14251.2,0
2021-06-14 09:36:03,14250.15,0
2021-06-14 09:36:06,14243.85,0
2021-06-14 09:36:09,14241.5,0
2021-06-14 09:36:11,14239.1,0
2021-06-14 09:36:12,14238.85,0
2021-06-14 09:36:13,14238.8,0
2021-06-14 09:36:14,14239.15,0
2021-06-14 09:36:15,14238.1,0
2021-06-14 09:36:17,14236.65,0
2021-06-14 09:36:19,14238.95,0
2021-06-14 09:36:21,14241.25,0
2021-06-14 09:36:22,14240.55,0
2021-06-14 09:36:24,14240.15,0
2021-06-14 09:36:25,14238.5,0
2021-06-14 09:36:26,14239.8,0
2021-06-14 09:36:27,14238.95,0
2021-06-14 09:36:29,14239.7,0
2021-06-14 09:36:30,14242.55,0
2021-06-14 09:36:31,14243.95,0
2021-06-14 09:36:32,14242.95,0
2021-06-14 09:36:33,14242.8,0
2021-06-14 09:36:34,14247.65,0
2021-06-14 09:36:35,14249.05,0
2021-06-14 09:36:36,14251.55,0
2021-06-14 09:36:37,14250.8,0
2021-06-14 09:36:38,14249.5,0
2021-06-14 09:36:39,14249.3,0
2021-06-14 09:36:42,14257.7,0
2021-06-14 09:36:43,14260.1,0
2021-06-14 09:36:44,14259.1,0
2021-06-14 09:36:45,14256.3,0
2021-06-14 09:36:46,14256.4,0
2021-06-14 09:36:47,14256.3,0
2021-06-14 09:36:48,14254.1,0
2021-06-14 09:36:49,14254.8,0
2021-06-14 09:36:51,14254.3,0
2021-06-14 09:36:52,14252.6,0
2021-06-14 09:36:53,14251.5,0
2021-06-14 09:36:54,14251.6,0
2021-06-14 09:36:55,14253.75,0
2021-06-14 09:36:56,14251.8,0
2021-06-14 09:36:57,14255.4,0
2021-06-14 09:36:58,14254.8,0
2021-06-14 09:36:59,14253.6,0
2021-06-14 09:37:00,14257.3,0
2021-06-14 09:37:01,14260.35,0
2021-06-14 09:37:02,14260.45,0
2021-06-14 09:37:03,14259.6,0
2021-06-14 09:37:05,14263.5,0
2021-06-14 09:37:06,14265.65,0
2021-06-14 09:37:08,14268.95,0
2021-06-14 09:37:09,14270.0,0
2021-06-14 09:37:10,14271.05,0
2021-06-14 09:37:11,14270.7,0
2021-06-14 09:37:12,14269.2,0
2021-06-14 09:37:13,14271.8,0
2021-06-14 09:37:14,14271.05,0
2021-06-14 09:37:15,14273.0,0
2021-06-14 09:37:16,14275.2,0
2021-06-14 09:37:17,14275.55,0
2021-06-14 09:37:18,14275.95,0
2021-06-14 09:37:19,14277.95,0
2021-06-14 09:37:20,14276.8,0
2021-06-14 09:37:21,14278.2,0
2021-06-14 09:37:22,14278.25,0
2021-06-14 09:37:23,14280.55,0
2021-06-14 09:37:24,14283.9,0
2021-06-14 09:37:25,14283.5,0
2021-06-14 09:37:26,14284.9,0
2021-06-14 09:37:27,14283.7,0
2021-06-14 09:37:28,14282.15,0
2021-06-14 09:37:29,14283.3,0
2021-06-14 09:37:30,14282.05,0
2021-06-14 09:37:31,14285.0,0
2021-06-14 09:37:32,14287.6,0
2021-06-14 09:37:33,14289.55,0
2021-06-14 09:37:34,14288.85,0
2021-06-14 09:37:36,14293.25,0
2021-06-14 09:37:37,14292.05,0
2021-06-14 09:37:38,14295.2,0
2021-06-14 09:37:40,14297.8,0
2021-06-14 09:37:41,14298.9,0
2021-06-14 09:37:42,14300.25,0
2021-06-14 09:37:43,14301.85,0
2021-06-14 09:37:44,14303.0,0
2021-06-14 09:37:46,14293.25,0
2021-06-14 09:37:47,14294.1,0
2021-06-14 09:37:48,14293.35,0
2021-06-14 09:37:49,14294.85,0
2021-06-14 09:37:50,14292.8,0
2021-06-14 09:37:51,14294.35,0
2021-06-14 09:37:52,14294.9,0
2021-06-14 09:37:53,14296.45,0
2021-06-14 09:37:54,14298.3,0
2021-06-14 09:37:55,14300.6,0
2021-06-14 09:37:56,14299.35,0
2021-06-14 09:37:58,14302.05,0
2021-06-14 09:38:00,14302.55,0
2021-06-14 09:38:01,14304.1,0
2021-06-14 09:38:03,14300.7,0
2021-06-14 09:38:04,14301.85,0
2021-06-14 09:38:05,14304.55,0
2021-06-14 09:38:06,14303.75,0
2021-06-14 09:38:09,14303.05,0
2021-06-14 09:38:10,14301.25,0
2021-06-14 09:38:11,14301.55,0
2021-06-14 09:38:13,14300.25,0
2021-06-14 09:38:14,14297.6,0
2021-06-14 09:38:15,14298.6,0
2021-06-14 09:38:16,14299.3,0
2021-06-14 09:38:17,14298.95,0
2021-06-14 09:38:18,14299.7,0
2021-06-14 09:38:20,14301.1,0
2021-06-14 09:38:21,14309.6,0
2021-06-14 09:38:22,14310.4,0
2021-06-14 09:38:25,14314.05,0
2021-06-14 09:38:28,14316.55,0
2021-06-14 09:38:29,14317.8,0
2021-06-14 09:38:31,14318.4,0
2021-06-14 09:38:32,14316.15,0
2021-06-14 09:38:33,14315.15,0
2021-06-14 09:38:34,14315.45,0
2021-06-14 09:38:35,14314.7,0
2021-06-14 09:38:36,14315.75,0
2021-06-14 09:38:38,14312.85,0
2021-06-14 09:38:39,14311.85,0
2021-06-14 09:38:40,14312.25,0
2021-06-14 09:38:41,14313.0,0
2021-06-14 09:38:42,14316.55,0
2021-06-14 09:38:43,14316.6,0
2021-06-14 09:38:44,14315.25,0
2021-06-14 09:38:45,14316.3,0
2021-06-14 09:38:46,14314.75,0
2021-06-14 09:38:47,14317.3,0
2021-06-14 09:38:48,14319.7,0
2021-06-14 09:38:49,14320.45,0
2021-06-14 09:38:51,14322.7,0
2021-06-14 09:38:52,14320.25,0
2021-06-14 09:38:53,14321.8,0
2021-06-14 09:38:54,14321.5,0
2021-06-14 09:38:55,14321.9,0
2021-06-14 09:38:57,14323.65,0
2021-06-14 09:38:58,14322.05,0
2021-06-14 09:38:59,14321.1,0
2021-06-14 09:39:00,14320.8,0
2021-06-14 09:39:02,14321.25,0
2021-06-14 09:39:03,14321.0,0
2021-06-14 09:39:04,14320.65,0
2021-06-14 09:39:05,14319.9,0
2021-06-14 09:39:06,14320.85,0
2021-06-14 09:39:07,14320.0,0
2021-06-14 09:39:08,14317.95,0
2021-06-14 09:39:09,14320.05,0
2021-06-14 09:39:10,14322.1,0
2021-06-14 09:39:11,14321.9,0
2021-06-14 09:39:12,14319.55,0
2021-06-14 09:39:13,14321.9,0
2021-06-14 09:39:14,14323.15,0
2021-06-14 09:39:16,14323.2,0
2021-06-14 09:39:18,14324.95,0
2021-06-14 09:39:20,14323.6,0
2021-06-14 09:39:21,14325.5,0
2021-06-14 09:39:22,14325.95,0
2021-06-14 09:39:24,14326.55,0
2021-06-14 09:39:25,14324.05,0
2021-06-14 09:39:26,14324.9,0
2021-06-14 09:39:27,14324.05,0
2021-06-14 09:39:29,14325.2,0
2021-06-14 09:39:30,14325.4,0
2021-06-14 09:39:31,14326.1,0
2021-06-14 09:39:32,14327.0,0
2021-06-14 09:39:33,14328.45,0
2021-06-14 09:39:35,14325.6,0
2021-06-14 09:39:37,14328.0,0
2021-06-14 09:39:38,14328.0,0
2021-06-14 09:39:39,14326.65,0
2021-06-14 09:39:40,14327.15,0
2021-06-14 09:39:41,14326.35,0
2021-06-14 09:39:42,14328.3,0
2021-06-14 09:39:43,14325.85,0
2021-06-14 09:39:44,14328.45,0
2021-06-14 09:39:45,14330.85,0
2021-06-14 09:39:46,14332.35,0
2021-06-14 09:39:47,14329.7,0
2021-06-14 09:39:49,14334.25,0
2021-06-14 09:39:50,14332.9,0
2021-06-14 09:39:51,14331.3,0
2021-06-14 09:39:52,14332.5,0
2021-06-14 09:39:54,14335.9,0
2021-06-14 09:39:55,14335.1,0
2021-06-14 09:39:56,14336.2,0
2021-06-14 09:39:59,14333.95,0
2021-06-14 09:40:02,14333.25,0
2021-06-14 09:40:03,14333.15,0
2021-06-14 09:40:04,14333.4,0
2021-06-14 09:40:05,14333.4,0
2021-06-14 09:40:06,14334.55,0
2021-06-14 09:40:07,14336.05,0
2021-06-14 09:40:08,14336.1,0
2021-06-14 09:40:10,14336.6,0
2021-06-14 09:40:11,14335.15,0
2021-06-14 09:40:12,14335.2,0
2021-06-14 09:40:14,14330.0,0
2021-06-14 09:40:16,14329.6,0
2021-06-14 09:40:18,14332.6,0
2021-06-14 09:40:19,14332.1,0
2021-06-14 09:40:20,14330.7,0
2021-06-14 09:40:23,14332.85,0
2021-06-14 09:40:24,14331.8,0
2021-06-14 09:40:25,14335.9,0
2021-06-14 09:40:26,14336.6,0
2021-06-14 09:40:29,14333.1,0
2021-06-14 09:40:31,14333.2,0
2021-06-14 09:40:32,14333.6,0
2021-06-14 09:40:34,14336.15,0
2021-06-14 09:40:36,14333.85,0
2021-06-14 09:40:37,14330.85,0
2021-06-14 09:40:38,14333.4,0
2021-06-14 09:40:39,14333.2,0
2021-06-14 09:40:40,14332.85,0
2021-06-14 09:40:41,14331.35,0
2021-06-14 09:40:43,14332.65,0
2021-06-14 09:40:44,14334.05,0
2021-06-14 09:40:45,14331.3,0
2021-06-14 09:40:46,14329.75,0
2021-06-14 09:40:47,14331.6,0
2021-06-14 09:40:48,14331.2,0
2021-06-14 09:40:49,14330.6,0
2021-06-14 09:40:50,14332.75,0
2021-06-14 09:40:51,14331.65,0
2021-06-14 09:40:52,14330.25,0
2021-06-14 09:40:53,14332.2,0
2021-06-14 09:40:54,14333.55,0
2021-06-14 09:40:56,14332.45,0
2021-06-14 09:40:57,14333.6,0
2021-06-14 09:40:58,14332.2,0
2021-06-14 09:40:59,14331.6,0
2021-06-14 09:41:01,14332.95,0
2021-06-14 09:41:02,14332.45,0
2021-06-14 09:41:03,14333.2,0
2021-06-14 09:41:04,14334.2,0
2021-06-14 09:41:05,14334.75,0
2021-06-14 09:41:06,14335.35,0
2021-06-14 09:41:07,14336.25,0
2021-06-14 09:41:09,14334.35,0
2021-06-14 09:41:10,14335.55,0
2021-06-14 09:41:11,14335.3,0
2021-06-14 09:41:13,14333.3,0
2021-06-14 09:41:14,14334.0,0
2021-06-14 09:41:15,14332.55,0
2021-06-14 09:41:16,14332.8,0
2021-06-14 09:41:17,14333.7,0
2021-06-14 09:41:19,14335.65,0
2021-06-14 09:41:20,14335.1,0
2021-06-14 09:41:21,14334.75,0
2021-06-14 09:41:23,14336.85,0
2021-06-14 09:41:26,14332.95,0
2021-06-14 09:41:27,14334.85,0
2021-06-14 09:41:28,14334.9,0
2021-06-14 09:41:29,14334.9,0
2021-06-14 09:41:30,14335.25,0
2021-06-14 09:41:31,14338.5,0
2021-06-14 09:41:32,14339.55,0
2021-06-14 09:41:33,14338.9,0
2021-06-14 09:41:35,14343.25,0
2021-06-14 09:41:37,14344.1,0
2021-06-14 09:41:38,14345.5,0
2021-06-14 09:41:39,14344.95,0
2021-06-14 09:41:40,14345.5,0
2021-06-14 09:41:41,14344.1,0
2021-06-14 09:41:42,14346.65,0
2021-06-14 09:41:44,14345.95,0
2021-06-14 09:41:45,14345.0,0
2021-06-14 09:41:46,14346.65,0
2021-06-14 09:41:49,14349.2,0
2021-06-14 09:41:50,14349.3,0
2021-06-14 09:41:54,14348.4,0
2021-06-14 09:41:55,14345.0,0
2021-06-14 09:41:56,14348.6,0
2021-06-14 09:41:57,14347.55,0
2021-06-14 09:41:58,14348.0,0
2021-06-14 09:41:59,14349.1,0
2021-06-14 09:42:02,14351.95,0
2021-06-14 09:42:04,14352.9,0
2021-06-14 09:42:05,14355.0,0
2021-06-14 09:42:06,14353.2,0
2021-06-14 09:42:07,14355.25,0
2021-06-14 09:42:08,14353.25,0
2021-06-14 09:42:09,14354.5,0
2021-06-14 09:42:10,14355.1,0
2021-06-14 09:42:12,14354.9,0
2021-06-14 09:42:14,14354.5,0
2021-06-14 09:42:16,14354.25,0
2021-06-14 09:42:17,14353.4,0
2021-06-14 09:42:18,14352.0,0
2021-06-14 09:42:20,14352.6,0
2021-06-14 09:42:21,14355.05,0
2021-06-14 09:42:23,14353.85,0
2021-06-14 09:42:25,14354.55,0
2021-06-14 09:42:26,14354.1,0
2021-06-14 09:42:27,14356.3,0
2021-06-14 09:42:30,14353.6,0
2021-06-14 09:42:31,14356.4,0
2021-06-14 09:42:32,14355.1,0
2021-06-14 09:42:35,14355.25,0
2021-06-14 09:42:36,14356.95,0
2021-06-14 09:42:37,14356.35,0
2021-06-14 09:42:38,14356.15,0
2021-06-14 09:42:39,14355.55,0
2021-06-14 09:42:40,14356.3,0
2021-06-14 09:42:43,14357.1,0
2021-06-14 09:42:44,14356.55,0
2021-06-14 09:42:45,14354.85,0
2021-06-14 09:42:46,14354.6,0
2021-06-14 09:42:48,14356.85,0
2021-06-14 09:42:49,14356.5,0
2021-06-14 09:42:51,14355.75,0
2021-06-14 09:42:54,14354.7,0
2021-06-14 09:42:56,14356.15,0
2021-06-14 09:42:58,14356.15,0
2021-06-14 09:42:59,14354.0,0
2021-06-14 09:43:00,14353.05,0
2021-06-14 09:43:01,14355.4,0
2021-06-14 09:43:02,14353.7,0
2021-06-14 09:43:03,14351.7,0
2021-06-14 09:43:04,14352.05,0
2021-06-14 09:43:06,14348.55,0
2021-06-14 09:43:07,14350.15,0
2021-06-14 09:43:08,14349.4,0
2021-06-14 09:43:09,14349.65,0
2021-06-14 09:43:10,14349.75,0
2021-06-14 09:43:11,14348.4,0
2021-06-14 09:43:12,14348.3,0
2021-06-14 09:43:13,14342.85,0
2021-06-14 09:43:14,14342.35,0
2021-06-14 09:43:15,14342.4,0
2021-06-14 09:43:17,14343.65,0
2021-06-14 09:43:18,14343.6,0
2021-06-14 09:43:20,14345.2,0
2021-06-14 09:43:24,14344.85,0
2021-06-14 09:43:25,14346.05,0
2021-06-14 09:43:26,14344.45,0
2021-06-14 09:43:27,14345.15,0
2021-06-14 09:43:28,14344.1,0
2021-06-14 09:43:29,14344.95,0
2021-06-14 09:43:30,14347.3,0
2021-06-14 09:43:31,14345.4,0
2021-06-14 09:43:32,14346.2,0
2021-06-14 09:43:33,14347.0,0
2021-06-14 09:43:35,14346.3,0
2021-06-14 09:43:36,14345.55,0
2021-06-14 09:43:38,14346.05,0
2021-06-14 09:43:39,14346.65,0
2021-06-14 09:43:41,14345.8,0
2021-06-14 09:43:42,14345.2,0
2021-06-14 09:43:43,14346.7,0
2021-06-14 09:43:44,14346.25,0
2021-06-14 09:43:45,14344.8,0
2021-06-14 09:43:46,14343.85,0
2021-06-14 09:43:47,14344.15,0
2021-06-14 09:43:50,14347.2,0
2021-06-14 09:43:51,14343.6,0
2021-06-14 09:43:52,14342.05,0
2021-06-14 09:43:54,14347.7,0
2021-06-14 09:43:56,14350.7,0
2021-06-14 09:43:58,14350.45,0
2021-06-14 09:43:59,14348.55,0
2021-06-14 09:44:00,14344.95,0
2021-06-14 09:44:01,14343.7,0
2021-06-14 09:44:02,14343.55,0
2021-06-14 09:44:04,14345.5,0
2021-06-14 09:44:05,14343.85,0
2021-06-14 09:44:06,14341.8,0
2021-06-14 09:44:07,14342.5,0
2021-06-14 09:44:08,14341.25,0
2021-06-14 09:44:09,14342.25,0
2021-06-14 09:44:10,14341.4,0
2021-06-14 09:44:12,14341.95,0
2021-06-14 09:44:14,14344.2,0
2021-06-14 09:44:15,14344.4,0
2021-06-14 09:44:16,14344.25,0
2021-06-14 09:44:17,14342.05,0
2021-06-14 09:44:18,14343.45,0
2021-06-14 09:44:19,14341.95,0
2021-06-14 09:44:20,14341.65,0
2021-06-14 09:44:21,14341.65,0
2021-06-14 09:44:22,14343.05,0
2021-06-14 09:44:23,14342.85,0
2021-06-14 09:44:24,14342.6,0
2021-06-14 09:44:27,14342.75,0
2021-06-14 09:44:29,14340.15,0
2021-06-14 09:44:30,14342.9,0
2021-06-14 09:44:31,14343.3,0
2021-06-14 09:44:33,14343.65,0
2021-06-14 09:44:34,14343.8,0
2021-06-14 09:44:35,14345.0,0
2021-06-14 09:44:36,14344.1,0
2021-06-14 09:44:37,14345.1,0
2021-06-14 09:44:38,14345.65,0
2021-06-14 09:44:39,14344.9,0
2021-06-14 09:44:40,14344.85,0
2021-06-14 09:44:42,14344.85,0
2021-06-14 09:44:43,14345.75,0
2021-06-14 09:44:45,14346.35,0
2021-06-14 09:44:47,14348.4,0
2021-06-14 09:44:48,14346.9,0
2021-06-14 09:44:49,14347.7,0
2021-06-14 09:44:50,14347.35,0
2021-06-14 09:44:51,14347.0,0
2021-06-14 09:44:53,14348.05,0
2021-06-14 09:44:55,14349.4,0
2021-06-14 09:44:56,14347.9,0
2021-06-14 09:44:57,14347.4,0
2021-06-14 09:44:58,14347.8,0
2021-06-14 09:44:59,14348.0,0
2021-06-14 09:45:01,14347.4,0
2021-06-14 09:45:02,14346.9,0
2021-06-14 09:45:03,14346.9,0
2021-06-14 09:45:04,14348.4,0
2021-06-14 09:45:05,14348.45,0
2021-06-14 09:45:06,14347.35,0
2021-06-14 09:45:07,14347.65,0
2021-06-14 09:45:09,14347.9,0
2021-06-14 09:45:10,14349.1,0
2021-06-14 09:45:12,14351.15,0
2021-06-14 09:45:13,14350.85,0
2021-06-14 09:45:14,14347.85,0
2021-06-14 09:45:15,14343.45,0
2021-06-14 09:45:16,14338.8,0
2021-06-14 09:45:17,14335.3,0
2021-06-14 09:45:18,14337.25,0
2021-06-14 09:45:19,14338.35,0
2021-06-14 09:45:20,14338.5,0
2021-06-14 09:45:21,14335.0,0
2021-06-14 09:45:22,14335.15,0
2021-06-14 09:45:23,14337.6,0
2021-06-14 09:45:24,14334.7,0
2021-06-14 09:45:26,14335.75,0
2021-06-14 09:45:27,14334.9,0
2021-06-14 09:45:28,14336.15,0
2021-06-14 09:45:29,14335.4,0
2021-06-14 09:45:31,14333.0,0
2021-06-14 09:45:32,14332.9,0
2021-06-14 09:45:33,14334.55,0
2021-06-14 09:45:34,14335.0,0
2021-06-14 09:45:36,14332.65,0
2021-06-14 09:45:38,14332.45,0
2021-06-14 09:45:40,14334.3,0
2021-06-14 09:45:41,14334.1,0
2021-06-14 09:45:42,14334.75,0
2021-06-14 09:45:43,14331.8,0
2021-06-14 09:45:44,14331.6,0
2021-06-14 09:45:46,14331.25,0
2021-06-14 09:45:47,14332.7,0
2021-06-14 09:45:48,14331.85,0
2021-06-14 09:45:49,14331.65,0
2021-06-14 09:45:50,14331.3,0
2021-06-14 09:45:52,14333.75,0
2021-06-14 09:45:53,14331.7,0
2021-06-14 09:45:54,14329.75,0
2021-06-14 09:45:55,14329.7,0
2021-06-14 09:45:56,14331.85,0
2021-06-14 09:45:58,14327.45,0
2021-06-14 09:45:59,14327.55,0
2021-06-14 09:46:00,14327.2,0
2021-06-14 09:46:01,14329.25,0
2021-06-14 09:46:02,14329.7,0
2021-06-14 09:46:04,14332.9,0
2021-06-14 09:46:07,14330.05,0
2021-06-14 09:46:08,14331.6,0
2021-06-14 09:46:09,14331.0,0
2021-06-14 09:46:10,14331.9,0
2021-06-14 09:46:11,14331.65,0
2021-06-14 09:46:12,14332.5,0
2021-06-14 09:46:13,14333.2,0
2021-06-14 09:46:14,14333.1,0
2021-06-14 09:46:15,14338.1,0
2021-06-14 09:46:16,14343.2,0
2021-06-14 09:46:18,14346.15,0
2021-06-14 09:46:19,14347.85,0
2021-06-14 09:46:20,14346.65,0
2021-06-14 09:46:21,14347.1,0
2021-06-14 09:46:22,14348.1,0
2021-06-14 09:46:23,14349.7,0
2021-06-14 09:46:24,14351.2,0
2021-06-14 09:46:25,14350.35,0
2021-06-14 09:46:26,14350.25,0
2021-06-14 09:46:32,14352.7,0
2021-06-14 09:46:33,14353.35,0
2021-06-14 09:46:35,14351.1,0
2021-06-14 09:46:36,14353.85,0
2021-06-14 09:46:37,14354.95,0
2021-06-14 09:46:38,14354.55,0
2021-06-14 09:46:43,14354.5,0
2021-06-14 09:46:45,14356.55,0
2021-06-14 09:46:46,14357.1,0
2021-06-14 09:46:47,14355.75,0
2021-06-14 09:46:48,14356.55,0
2021-06-14 09:46:50,14356.4,0
2021-06-14 09:46:51,14355.25,0
2021-06-14 09:46:55,14349.05,0
2021-06-14 09:46:57,14350.5,0
2021-06-14 09:46:58,14351.25,0
2021-06-14 09:46:59,14352.0,0
2021-06-14 09:47:02,14357.3,0
2021-06-14 09:47:04,14358.85,0
2021-06-14 09:47:06,14360.65,0
2021-06-14 09:47:07,14358.25,0
2021-06-14 09:47:08,14360.55,0
2021-06-14 09:47:09,14361.75,0
2021-06-14 09:47:14,14362.25,0
2021-06-14 09:47:15,14362.4,0
2021-06-14 09:47:16,14359.15,0
2021-06-14 09:47:17,14361.5,0
2021-06-14 09:47:18,14363.8,0
2021-06-14 09:47:19,14361.9,0
2021-06-14 09:47:20,14360.25,0
2021-06-14 09:47:21,14361.7,0
2021-06-14 09:47:22,14363.25,0
2021-06-14 09:47:23,14363.95,0
2021-06-14 09:47:24,14363.15,0
2021-06-14 09:47:25,14363.05,0
2021-06-14 09:47:27,14363.1,0
2021-06-14 09:47:28,14364.55,0
2021-06-14 09:47:30,14363.2,0
2021-06-14 09:47:32,14363.25,0
2021-06-14 09:47:33,14365.4,0
2021-06-14 09:47:34,14363.85,0
2021-06-14 09:47:36,14365.75,0
2021-06-14 09:47:37,14364.0,0
2021-06-14 09:47:38,14366.25,0
2021-06-14 09:47:39,14366.9,0
2021-06-14 09:47:40,14366.45,0
2021-06-14 09:47:41,14364.3,0
2021-06-14 09:47:42,14364.3,0
2021-06-14 09:47:43,14362.9,0
2021-06-14 09:47:45,14364.05,0
2021-06-14 09:47:46,14362.35,0
2021-06-14 09:47:47,14362.2,0
2021-06-14 09:47:48,14361.9,0
2021-06-14 09:47:49,14360.1,0
2021-06-14 09:47:50,14361.25,0
2021-06-14 09:47:53,14360.35,0
2021-06-14 09:47:54,14361.5,0
2021-06-14 09:47:55,14360.8,0
2021-06-14 09:47:57,14361.35,0
2021-06-14 09:47:58,14360.7,0
2021-06-14 09:47:59,14360.6,0
2021-06-14 09:48:01,14360.4,0
2021-06-14 09:48:02,14360.3,0
2021-06-14 09:48:03,14361.05,0
2021-06-14 09:48:04,14364.1,0
2021-06-14 09:48:05,14364.75,0
2021-06-14 09:48:06,14364.0,0
2021-06-14 09:48:07,14364.55,0
2021-06-14 09:48:08,14366.05,0
2021-06-14 09:48:09,14365.05,0
2021-06-14 09:48:10,14364.65,0
2021-06-14 09:48:11,14366.1,0
2021-06-14 09:48:12,14365.1,0
2021-06-14 09:48:13,14365.0,0
2021-06-14 09:48:14,14364.95,0
2021-06-14 09:48:15,14364.55,0
2021-06-14 09:48:16,14366.75,0
2021-06-14 09:48:17,14366.0,0
2021-06-14 09:48:19,14366.6,0
2021-06-14 09:48:20,14366.85,0
2021-06-14 09:48:22,14369.15,0
2021-06-14 09:48:23,14369.8,0
2021-06-14 09:48:24,14370.3,0
2021-06-14 09:48:25,14373.05,0
2021-06-14 09:48:28,14372.55,0
2021-06-14 09:48:29,14372.9,0
2021-06-14 09:48:31,14372.55,0
2021-06-14 09:48:33,14372.35,0
2021-06-14 09:48:32,14372.8,0
2021-06-14 09:48:34,14372.75,0
2021-06-14 09:48:35,14374.65,0
2021-06-14 09:48:37,14373.2,0
2021-06-14 09:48:38,14374.2,0
2021-06-14 09:48:40,14373.9,0
2021-06-14 09:48:41,14375.7,0
2021-06-14 09:48:42,14375.5,0
2021-06-14 09:48:43,14373.35,0
2021-06-14 09:48:44,14374.0,0
2021-06-14 09:48:45,14374.2,0
2021-06-14 09:48:46,14374.35,0
2021-06-14 09:48:47,14373.8,0
2021-06-14 09:48:48,14373.9,0
2021-06-14 09:48:50,14374.45,0
2021-06-14 09:48:51,14374.85,0
2021-06-14 09:48:53,14374.6,0
2021-06-14 09:48:54,14374.85,0
2021-06-14 09:48:55,14375.55,0
2021-06-14 09:48:56,14376.35,0
2021-06-14 09:48:57,14375.75,0
2021-06-14 09:48:58,14376.2,0
2021-06-14 09:48:59,14376.25,0
2021-06-14 09:49:00,14377.2,0
2021-06-14 09:49:01,14376.05,0
2021-06-14 09:49:03,14377.05,0
2021-06-14 09:49:04,14376.2,0
2021-06-14 09:49:05,14375.35,0
2021-06-14 09:49:06,14376.2,0
2021-06-14 09:49:07,14377.15,0
2021-06-14 09:49:08,14376.75,0
2021-06-14 09:49:09,14378.65,0
2021-06-14 09:49:10,14378.45,0
2021-06-14 09:49:11,14377.8,0
2021-06-14 09:49:12,14379.1,0
2021-06-14 09:49:14,14377.35,0
2021-06-14 09:49:15,14377.4,0
2021-06-14 09:49:16,14376.65,0
2021-06-14 09:49:17,14378.4,0
2021-06-14 09:49:19,14376.55,0
2021-06-14 09:49:21,14376.55,0
2021-06-14 09:49:22,14379.7,0
2021-06-14 09:49:25,14378.7,0
2021-06-14 09:49:26,14378.35,0
2021-06-14 09:49:27,14377.35,0
2021-06-14 09:49:28,14378.5,0
2021-06-14 09:49:29,14378.0,0
2021-06-14 09:49:30,14379.25,0
2021-06-14 09:49:31,14381.5,0
2021-06-14 09:49:32,14380.9,0
2021-06-14 09:49:33,14382.15,0
2021-06-14 09:49:35,14386.4,0
2021-06-14 09:49:36,14387.05,0
2021-06-14 09:49:37,14388.05,0
2021-06-14 09:49:38,14389.0,0
2021-06-14 09:49:39,14393.9,0
2021-06-14 09:49:40,14393.0,0
2021-06-14 09:49:41,14391.05,0
2021-06-14 09:49:42,14390.3,0
2021-06-14 09:49:43,14390.1,0
2021-06-14 09:49:44,14391.05,0
2021-06-14 09:49:46,14391.65,0
2021-06-14 09:49:48,14391.95,0
2021-06-14 09:49:49,14394.7,0
2021-06-14 09:49:51,14391.4,0
2021-06-14 09:49:52,14389.55,0
2021-06-14 09:49:53,14391.55,0
2021-06-14 09:49:54,14391.8,0
2021-06-14 09:49:56,14390.25,0
2021-06-14 09:49:58,14389.6,0
2021-06-14 09:50:00,14392.95,0
2021-06-14 09:50:02,14394.55,0
2021-06-14 09:50:03,14396.4,0
2021-06-14 09:50:04,14396.2,0
2021-06-14 09:50:05,14396.2,0
2021-06-14 09:50:06,14397.1,0
2021-06-14 09:50:09,14398.05,0
2021-06-14 09:50:10,14397.9,0
2021-06-14 09:50:11,14399.75,0
2021-06-14 09:50:12,14399.3,0
2021-06-14 09:50:13,14400.5,0
2021-06-14 09:50:14,14400.0,0
2021-06-14 09:50:15,14399.55,0
2021-06-14 09:50:17,14399.7,0
2021-06-14 09:50:19,14401.2,0
2021-06-14 09:50:20,14400.65,0
2021-06-14 09:50:21,14400.45,0
2021-06-14 09:50:22,14400.4,0
2021-06-14 09:50:23,14400.55,0
2021-06-14 09:50:24,14401.8,0
2021-06-14 09:50:25,14405.25,0
2021-06-14 09:50:26,14402.05,0
2021-06-14 09:50:27,14405.45,0
2021-06-14 09:50:28,14406.5,0
2021-06-14 09:50:29,14407.65,0
2021-06-14 09:50:30,14410.15,0
2021-06-14 09:50:31,14414.05,0
2021-06-14 09:50:32,14415.15,0
2021-06-14 09:50:33,14416.1,0
2021-06-14 09:50:34,14420.6,0
2021-06-14 09:50:35,14419.9,0
2021-06-14 09:50:36,14420.25,0
2021-06-14 09:50:38,14422.25,0
2021-06-14 09:50:39,14419.1,0
2021-06-14 09:50:40,14419.5,0
2021-06-14 09:50:41,14422.2,0
2021-06-14 09:50:42,14420.15,0
2021-06-14 09:50:44,14417.0,0
2021-06-14 09:50:45,14416.6,0
2021-06-14 09:50:46,14412.8,0
2021-06-14 09:50:47,14413.5,0
2021-06-14 09:50:48,14415.6,0
2021-06-14 09:50:49,14413.95,0
2021-06-14 09:50:51,14416.4,0
2021-06-14 09:50:52,14415.35,0
2021-06-14 09:50:54,14418.4,0
2021-06-14 09:50:55,14418.35,0
2021-06-14 09:50:56,14418.25,0
2021-06-14 09:50:57,14418.7,0
2021-06-14 09:50:58,14419.15,0
2021-06-14 09:50:59,14418.5,0
2021-06-14 09:51:00,14420.2,0
2021-06-14 09:51:01,14419.75,0
2021-06-14 09:51:02,14421.45,0
2021-06-14 09:51:04,14420.65,0
2021-06-14 09:51:05,14423.4,0
2021-06-14 09:51:06,14421.85,0
2021-06-14 09:51:07,14421.6,0
2021-06-14 09:51:09,14419.6,0
2021-06-14 09:51:10,14421.95,0
2021-06-14 09:51:11,14420.2,0
2021-06-14 09:51:13,14420.4,0
2021-06-14 09:51:14,14420.25,0
2021-06-14 09:51:15,14419.3,0
2021-06-14 09:51:16,14420.2,0
2021-06-14 09:51:17,14418.05,0
2021-06-14 09:51:18,14416.05,0
2021-06-14 09:51:20,14414.4,0
2021-06-14 09:51:21,14411.4,0
2021-06-14 09:51:22,14411.95,0
2021-06-14 09:51:23,14410.75,0
2021-06-14 09:51:24,14405.55,0
2021-06-14 09:51:25,14407.05,0
2021-06-14 09:51:26,14406.7,0
2021-06-14 09:51:27,14406.35,0
2021-06-14 09:51:28,14407.0,0
2021-06-14 09:51:29,14406.85,0
2021-06-14 09:51:30,14405.75,0
2021-06-14 09:51:31,14404.55,0
2021-06-14 09:51:32,14405.65,0
2021-06-14 09:51:33,14397.4,0
2021-06-14 09:51:35,14395.9,0
2021-06-14 09:51:36,14393.35,0
2021-06-14 09:51:37,14393.55,0
2021-06-14 09:51:38,14393.2,0
2021-06-14 09:51:39,14392.9,0
2021-06-14 09:51:40,14393.25,0
2021-06-14 09:51:42,14390.1,0
2021-06-14 09:51:43,14392.75,0
2021-06-14 09:51:44,14392.4,0
2021-06-14 09:51:45,14392.75,0
2021-06-14 09:51:46,14392.8,0
2021-06-14 09:51:49,14392.9,0
2021-06-14 09:51:50,14393.25,0
2021-06-14 09:51:51,14393.7,0
2021-06-14 09:51:52,14394.75,0
2021-06-14 09:51:55,14391.65,0
2021-06-14 09:51:57,14392.8,0
2021-06-14 09:51:58,14393.1,0
2021-06-14 09:51:59,14392.8,0
2021-06-14 09:52:00,14390.4,0
2021-06-14 09:52:01,14392.95,0
2021-06-14 09:52:03,14391.0,0
2021-06-14 09:52:05,14390.95,0
2021-06-14 09:52:06,14390.6,0
2021-06-14 09:52:07,14388.15,0
2021-06-14 09:52:08,14389.1,0
2021-06-14 09:52:10,14389.5,0
2021-06-14 09:52:11,14390.05,0
2021-06-14 09:52:12,14389.85,0
2021-06-14 09:52:13,14388.75,0
2021-06-14 09:52:14,14392.25,0
2021-06-14 09:52:15,14391.2,0
2021-06-14 09:52:16,14391.45,0
2021-06-14 09:52:17,14392.95,0
2021-06-14 09:52:18,14392.65,0
2021-06-14 09:52:19,14392.5,0
2021-06-14 09:52:21,14391.4,0
2021-06-14 09:52:24,14391.75,0
2021-06-14 09:52:26,14392.05,0
2021-06-14 09:52:27,14388.9,0
2021-06-14 09:52:29,14388.3,0
2021-06-14 09:52:30,14387.35,0
2021-06-14 09:52:31,14388.15,0
2021-06-14 09:52:32,14389.8,0
2021-06-14 09:52:33,14389.9,0
2021-06-14 09:52:34,14392.9,0
2021-06-14 09:52:35,14393.7,0
2021-06-14 09:52:36,14393.5,0
2021-06-14 09:52:37,14395.4,0
2021-06-14 09:52:38,14393.75,0
2021-06-14 09:52:39,14395.2,0
2021-06-14 09:52:40,14394.3,0
2021-06-14 09:52:43,14394.75,0
2021-06-14 09:52:44,14392.65,0
2021-06-14 09:52:45,14393.45,0
2021-06-14 09:52:46,14393.35,0
2021-06-14 09:52:47,14392.95,0
2021-06-14 09:52:48,14392.5,0
2021-06-14 09:52:50,14392.0,0
2021-06-14 09:52:51,14391.2,0
2021-06-14 09:52:52,14391.9,0
2021-06-14 09:52:53,14393.3,0
2021-06-14 09:52:54,14393.25,0
2021-06-14 09:52:55,14393.65,0
2021-06-14 09:52:56,14391.1,0
2021-06-14 09:52:57,14390.9,0
2021-06-14 09:52:58,14391.2,0
2021-06-14 09:52:59,14390.45,0
2021-06-14 09:53:01,14390.2,0
2021-06-14 09:53:03,14387.55,0
2021-06-14 09:53:04,14389.1,0
2021-06-14 09:53:06,14390.35,0
2021-06-14 09:53:07,14393.85,0
2021-06-14 09:53:11,14391.15,0
2021-06-14 09:53:12,14390.8,0
2021-06-14 09:53:13,14387.9,0
2021-06-14 09:53:14,14390.3,0
2021-06-14 09:53:16,14390.0,0
2021-06-14 09:53:17,14389.55,0
2021-06-14 09:53:21,14392.9,0
2021-06-14 09:53:24,14390.0,0
2021-06-14 09:53:26,14392.5,0
2021-06-14 09:53:27,14392.65,0
2021-06-14 09:53:28,14392.15,0
2021-06-14 09:53:29,14391.75,0
2021-06-14 09:53:30,14389.85,0
2021-06-14 09:53:32,14391.9,0
2021-06-14 09:53:33,14392.15,0
2021-06-14 09:53:34,14391.2,0
2021-06-14 09:53:35,14390.95,0
2021-06-14 09:53:36,14392.5,0
2021-06-14 09:53:37,14392.45,0
2021-06-14 09:53:38,14392.35,0
2021-06-14 09:53:39,14392.45,0
2021-06-14 09:53:40,14392.85,0
2021-06-14 09:53:42,14393.7,0
2021-06-14 09:53:43,14393.2,0
2021-06-14 09:53:44,14392.9,0
2021-06-14 09:53:45,14393.4,0
2021-06-14 09:53:46,14396.9,0
2021-06-14 09:53:47,14395.3,0
2021-06-14 09:53:48,14394.7,0
2021-06-14 09:53:49,14396.95,0
2021-06-14 09:53:50,14397.6,0
2021-06-14 09:53:51,14396.45,0
2021-06-14 09:53:52,14398.3,0
2021-06-14 09:53:54,14396.75,0
2021-06-14 09:53:55,14397.3,0
2021-06-14 09:53:56,14396.95,0
2021-06-14 09:53:57,14398.05,0
2021-06-14 09:53:58,14398.9,0
2021-06-14 09:53:59,14398.3,0
2021-06-14 09:54:00,14396.15,0
2021-06-14 09:54:01,14396.6,0
2021-06-14 09:54:02,14396.4,0
2021-06-14 09:54:03,14396.8,0
2021-06-14 09:54:04,14396.7,0
2021-06-14 09:54:06,14395.4,0
2021-06-14 09:54:07,14394.75,0
2021-06-14 09:54:08,14393.85,0
2021-06-14 09:54:09,14394.8,0
2021-06-14 09:54:10,14395.0,0
2021-06-14 09:54:11,14394.7,0
2021-06-14 09:54:12,14394.25,0
2021-06-14 09:54:13,14393.4,0
2021-06-14 09:54:14,14392.5,0
2021-06-14 09:54:15,14393.3,0
2021-06-14 09:54:16,14392.4,0
2021-06-14 09:54:17,14390.35,0
2021-06-14 09:54:19,14389.45,0
2021-06-14 09:54:20,14392.35,0
2021-06-14 09:54:21,14391.35,0
2021-06-14 09:54:22,14389.05,0
2021-06-14 09:54:23,14390.8,0
2021-06-14 09:54:24,14390.35,0
2021-06-14 09:54:25,14387.95,0
2021-06-14 09:54:26,14386.55,0
2021-06-14 09:54:27,14387.0,0
2021-06-14 09:54:29,14389.05,0
2021-06-14 09:54:30,14388.75,0
2021-06-14 09:54:33,14389.3,0
2021-06-14 09:54:34,14386.7,0
2021-06-14 09:54:36,14385.8,0
2021-06-14 09:54:37,14385.15,0
2021-06-14 09:54:38,14382.25,0
2021-06-14 09:54:39,14383.65,0
2021-06-14 09:54:40,14384.25,0
2021-06-14 09:54:41,14385.4,0
2021-06-14 09:54:43,14383.75,0
2021-06-14 09:54:44,14381.65,0
2021-06-14 09:54:46,14383.0,0
2021-06-14 09:54:47,14380.85,0
2021-06-14 09:54:48,14380.0,0
2021-06-14 09:54:49,14381.75,0
2021-06-14 09:54:50,14382.15,0
2021-06-14 09:54:51,14382.6,0
2021-06-14 09:54:52,14383.2,0
2021-06-14 09:54:53,14379.7,0
2021-06-14 09:54:54,14379.2,0
2021-06-14 09:54:55,14379.55,0
2021-06-14 09:54:57,14376.85,0
2021-06-14 09:55:00,14376.3,0
2021-06-14 09:55:01,14380.2,0
2021-06-14 09:55:02,14379.3,0
2021-06-14 09:55:03,14380.5,0
2021-06-14 09:55:05,14378.65,0
2021-06-14 09:55:07,14374.75,0
2021-06-14 09:55:09,14376.45,0
2021-06-14 09:55:10,14376.95,0
2021-06-14 09:55:11,14378.5,0
2021-06-14 09:55:12,14376.6,0
2021-06-14 09:55:13,14379.3,0
2021-06-14 09:55:14,14379.85,0
2021-06-14 09:55:15,14378.9,0
2021-06-14 09:55:16,14380.95,0
2021-06-14 09:55:18,14384.0,0
2021-06-14 09:55:21,14388.45,0
2021-06-14 09:55:22,14385.05,0
2021-06-14 09:55:23,14384.9,0
2021-06-14 09:55:26,14384.55,0
2021-06-14 09:55:27,14386.9,0
2021-06-14 09:55:28,14388.2,0
2021-06-14 09:55:29,14389.1,0
2021-06-14 09:55:30,14387.95,0
2021-06-14 09:55:31,14388.4,0
2021-06-14 09:55:32,14388.7,0
2021-06-14 09:55:33,14388.8,0
2021-06-14 09:55:34,14390.35,0
2021-06-14 09:55:36,14388.5,0
2021-06-14 09:55:37,14388.95,0
2021-06-14 09:55:39,14387.5,0
2021-06-14 09:55:41,14387.2,0
2021-06-14 09:55:42,14389.6,0
2021-06-14 09:55:43,14389.9,0
2021-06-14 09:55:44,14389.25,0
2021-06-14 09:55:45,14388.35,0
2021-06-14 09:55:46,14389.0,0
2021-06-14 09:55:47,14389.75,0
2021-06-14 09:55:48,14388.4,0
2021-06-14 09:55:49,14389.2,0
2021-06-14 09:55:50,14390.2,0
2021-06-14 09:55:52,14390.35,0
2021-06-14 09:55:53,14390.5,0
2021-06-14 09:55:54,14393.2,0
2021-06-14 09:55:55,14392.6,0
2021-06-14 09:55:56,14391.3,0
2021-06-14 09:55:57,14394.6,0
2021-06-14 09:55:59,14393.65,0
2021-06-14 09:56:00,14393.85,0
2021-06-14 09:56:02,14392.95,0
2021-06-14 09:56:03,14394.3,0
2021-06-14 09:56:05,14392.75,0
2021-06-14 09:56:04,14393.5,0
2021-06-14 09:56:07,14396.2,0
2021-06-14 09:56:08,14393.35,0
2021-06-14 09:56:09,14391.8,0
2021-06-14 09:56:12,14394.6,0
2021-06-14 09:56:14,14392.85,0
2021-06-14 09:56:15,14392.95,0
2021-06-14 09:56:17,14392.75,0
2021-06-14 09:56:18,14392.7,0
2021-06-14 09:56:20,14394.65,0
2021-06-14 09:56:21,14394.3,0
2021-06-14 09:56:22,14394.55,0
2021-06-14 09:56:23,14394.95,0
2021-06-14 09:56:24,14395.2,0
2021-06-14 09:56:25,14393.5,0
2021-06-14 09:56:26,14393.85,0
2021-06-14 09:56:27,14392.9,0
2021-06-14 09:56:28,14392.9,0
2021-06-14 09:56:32,14392.65,0
2021-06-14 09:56:33,14393.65,0
2021-06-14 09:56:34,14393.05,0
2021-06-14 09:56:37,14392.5,0
2021-06-14 09:56:38,14393.8,0
2021-06-14 09:56:39,14393.45,0
2021-06-14 09:56:40,14391.25,0
2021-06-14 09:56:42,14394.3,0
2021-06-14 09:56:44,14392.05,0
2021-06-14 09:56:45,14391.45,0
2021-06-14 09:56:47,14391.1,0
2021-06-14 09:56:48,14390.45,0
2021-06-14 09:56:50,14392.35,0
2021-06-14 09:56:51,14391.05,0
2021-06-14 09:56:53,14391.6,0
2021-06-14 09:56:54,14391.3,0
2021-06-14 09:56:57,14392.15,0
2021-06-14 09:56:59,14391.6,0
2021-06-14 09:57:01,14391.9,0
2021-06-14 09:57:02,14391.65,0
2021-06-14 09:57:03,14391.2,0
2021-06-14 09:57:04,14391.3,0
2021-06-14 09:57:05,14392.15,0
2021-06-14 09:57:06,14392.25,0
2021-06-14 09:57:09,14392.35,0
2021-06-14 09:57:11,14390.6,0
2021-06-14 09:57:12,14391.5,0
2021-06-14 09:57:13,14393.0,0
2021-06-14 09:57:15,14392.35,0
2021-06-14 09:57:16,14394.65,0
2021-06-14 09:57:17,14395.0,0
2021-06-14 09:57:18,14391.2,0
2021-06-14 09:57:19,14391.4,0
2021-06-14 09:57:21,14392.75,0
2021-06-14 09:57:22,14392.95,0
2021-06-14 09:57:23,14393.15,0
2021-06-14 09:57:24,14392.1,0
2021-06-14 09:57:27,14389.65,0
2021-06-14 09:57:28,14389.9,0
2021-06-14 09:57:29,14390.1,0
2021-06-14 09:57:31,14391.55,0
2021-06-14 09:57:32,14392.0,0
2021-06-14 09:57:33,14391.8,0
2021-06-14 09:57:34,14392.05,0
2021-06-14 09:57:35,14394.65,0
2021-06-14 09:57:36,14391.8,0
2021-06-14 09:57:37,14392.45,0
2021-06-14 09:57:38,14394.3,0
2021-06-14 09:57:39,14393.95,0
2021-06-14 09:57:40,14392.35,0
2021-06-14 09:57:41,14392.95,0
2021-06-14 09:57:43,14396.9,0
2021-06-14 09:57:44,14394.85,0
2021-06-14 09:57:45,14395.85,0
2021-06-14 09:57:46,14395.2,0
2021-06-14 09:57:47,14395.05,0
2021-06-14 09:57:48,14396.6,0
2021-06-14 09:57:49,14396.4,0
2021-06-14 09:57:50,14395.8,0
2021-06-14 09:57:51,14393.8,0
2021-06-14 09:57:52,14396.6,0
2021-06-14 09:57:53,14395.95,0
2021-06-14 09:57:54,14398.25,0
2021-06-14 09:57:55,14395.25,0
2021-06-14 09:57:56,14395.0,0
2021-06-14 09:57:57,14395.4,0
2021-06-14 09:57:58,14394.95,0
2021-06-14 09:57:59,14395.1,0
2021-06-14 09:58:00,14395.5,0
2021-06-14 09:58:01,14397.15,0
2021-06-14 09:58:02,14397.9,0
2021-06-14 09:58:03,14397.25,0
2021-06-14 09:58:04,14398.3,0
2021-06-14 09:58:05,14398.75,0
2021-06-14 09:58:07,14399.05,0
2021-06-14 09:58:08,14401.35,0
2021-06-14 09:58:09,14400.9,0
2021-06-14 09:58:10,14402.15,0
2021-06-14 09:58:11,14402.8,0
2021-06-14 09:58:12,14401.85,0
2021-06-14 09:58:14,14402.5,0
2021-06-14 09:58:15,14403.05,0
2021-06-14 09:58:16,14403.25,0
2021-06-14 09:58:17,14401.95,0
2021-06-14 09:58:18,14403.15,0
2021-06-14 09:58:19,14404.1,0
2021-06-14 09:58:20,14402.3,0
2021-06-14 09:58:22,14401.35,0
2021-06-14 09:58:23,14400.45,0
2021-06-14 09:58:24,14402.4,0
2021-06-14 09:58:25,14403.0,0
2021-06-14 09:58:26,14402.8,0
2021-06-14 09:58:28,14403.85,0
2021-06-14 09:58:29,14403.15,0
2021-06-14 09:58:30,14403.05,0
2021-06-14 09:58:31,14402.45,0
2021-06-14 09:58:32,14402.65,0
2021-06-14 09:58:33,14401.4,0
2021-06-14 09:58:34,14400.75,0
2021-06-14 09:58:36,14401.55,0
2021-06-14 09:58:37,14402.6,0
2021-06-14 09:58:38,14401.8,0
2021-06-14 09:58:39,14401.7,0
2021-06-14 09:58:40,14401.45,0
2021-06-14 09:58:42,14399.4,0
2021-06-14 09:58:43,14400.05,0
2021-06-14 09:58:45,14399.55,0
2021-06-14 09:58:46,14397.65,0
2021-06-14 09:58:47,14399.75,0
2021-06-14 09:58:48,14398.6,0
2021-06-14 09:58:49,14398.1,0
2021-06-14 09:58:51,14396.85,0
2021-06-14 09:58:52,14394.35,0
2021-06-14 09:58:53,14393.1,0
2021-06-14 09:58:54,14393.2,0
2021-06-14 09:58:55,14394.15,0
2021-06-14 09:58:56,14393.2,0
2021-06-14 09:58:58,14390.35,0
2021-06-14 09:59:00,14387.9,0
2021-06-14 09:59:01,14388.9,0
2021-06-14 09:59:02,14389.25,0
2021-06-14 09:59:03,14388.3,0
2021-06-14 09:59:04,14388.25,0
2021-06-14 09:59:05,14388.45,0
2021-06-14 09:59:06,14388.25,0
2021-06-14 09:59:07,14387.9,0
2021-06-14 09:59:08,14386.25,0
2021-06-14 09:59:10,14385.95,0
2021-06-14 09:59:11,14388.8,0
2021-06-14 09:59:12,14388.75,0
2021-06-14 09:59:13,14389.25,0
2021-06-14 09:59:14,14389.9,0
2021-06-14 09:59:15,14390.2,0
2021-06-14 09:59:16,14389.95,0
2021-06-14 09:59:17,14389.2,0
2021-06-14 09:59:18,14389.8,0
2021-06-14 09:59:20,14388.9,0
2021-06-14 09:59:21,14387.35,0
2021-06-14 09:59:22,14385.75,0
2021-06-14 09:59:23,14386.3,0
2021-06-14 09:59:24,14386.75,0
2021-06-14 09:59:25,14387.25,0
2021-06-14 09:59:26,14385.3,0
2021-06-14 09:59:27,14388.15,0
2021-06-14 09:59:29,14386.95,0
2021-06-14 09:59:31,14388.4,0
2021-06-14 09:59:33,14385.8,0
2021-06-14 09:59:34,14386.25,0
2021-06-14 09:59:35,14386.65,0
2021-06-14 09:59:36,14385.9,0
2021-06-14 09:59:39,14386.65,0
2021-06-14 09:59:40,14389.4,0
2021-06-14 09:59:42,14392.2,0
2021-06-14 09:59:43,14393.5,0
2021-06-14 09:59:44,14392.3,0
2021-06-14 09:59:45,14392.75,0
2021-06-14 09:59:46,14394.3,0
2021-06-14 09:59:47,14394.45,0
2021-06-14 09:59:48,14396.95,0
2021-06-14 09:59:49,14396.5,0
2021-06-14 09:59:50,14398.35,0
2021-06-14 09:59:51,14395.3,0
2021-06-14 09:59:52,14396.2,0
2021-06-14 09:59:53,14396.7,0
2021-06-14 09:59:55,14396.8,0
2021-06-14 09:59:56,14396.85,0
2021-06-14 09:59:57,14396.3,0
2021-06-14 09:59:58,14395.3,0
2021-06-14 09:59:59,14395.5,0
2021-06-14 10:00:01,14397.25,0
2021-06-14 10:00:02,14397.2,0
2021-06-14 10:00:05,14400.6,0
2021-06-14 10:00:06,14398.5,0
2021-06-14 10:00:08,14400.65,0
2021-06-14 10:00:09,14399.95,0
2021-06-14 10:00:10,14400.05,0
2021-06-14 10:00:11,14400.55,0
2021-06-14 10:00:12,14399.1,0
2021-06-14 10:00:13,14400.45,0
2021-06-14 10:00:14,14400.05,0
2021-06-14 10:00:16,14401.75,0
2021-06-14 10:00:17,14401.8,0
2021-06-14 10:00:19,14399.9,0
2021-06-14 10:00:20,14400.5,0
2021-06-14 10:00:22,14400.4,0
2021-06-14 10:00:23,14398.7,0
2021-06-14 10:00:24,14398.5,0
2021-06-14 10:00:25,14396.35,0
2021-06-14 10:00:26,14399.5,0
2021-06-14 10:00:29,14400.65,0
2021-06-14 10:00:31,14399.55,0
2021-06-14 10:00:32,14397.6,0
2021-06-14 10:00:33,14397.7,0
2021-06-14 10:00:34,14397.15,0
2021-06-14 10:00:35,14397.85,0
2021-06-14 10:00:36,14399.2,0
2021-06-14 10:00:37,14399.05,0
2021-06-14 10:00:38,14400.0,0
2021-06-14 10:00:39,14399.65,0
2021-06-14 10:00:40,14399.6,0
2021-06-14 10:00:42,14399.55,0
2021-06-14 10:00:43,14397.8,0
2021-06-14 10:00:44,14397.3,0
2021-06-14 10:00:45,14398.55,0
2021-06-14 10:00:46,14398.8,0
2021-06-14 10:00:47,14398.35,0
2021-06-14 10:00:48,14398.55,0
2021-06-14 10:00:49,14398.25,0
2021-06-14 10:00:50,14397.65,0
2021-06-14 10:00:51,14399.15,0
2021-06-14 10:00:52,14399.45,0
2021-06-14 10:00:53,14397.55,0
2021-06-14 10:00:54,14397.6,0
2021-06-14 10:00:55,14397.65,0
2021-06-14 10:00:56,14397.8,0
2021-06-14 10:00:57,14397.6,0
2021-06-14 10:00:58,14397.15,0
2021-06-14 10:00:59,14397.5,0
2021-06-14 10:01:01,14398.75,0
2021-06-14 10:01:02,14396.6,0
2021-06-14 10:01:04,14397.9,0
2021-06-14 10:01:05,14399.4,0
2021-06-14 10:01:06,14398.8,0
2021-06-14 10:01:07,14398.95,0
2021-06-14 10:01:09,14399.15,0
2021-06-14 10:01:10,14397.8,0
2021-06-14 10:01:11,14397.55,0
2021-06-14 10:01:12,14396.45,0
2021-06-14 10:01:14,14396.05,0
2021-06-14 10:01:15,14395.85,0
2021-06-14 10:01:16,14397.15,0
2021-06-14 10:01:17,14397.65,0
2021-06-14 10:01:18,14397.95,0
2021-06-14 10:01:19,14397.0,0
2021-06-14 10:01:21,14397.05,0
2021-06-14 10:01:22,14396.9,0
2021-06-14 10:01:23,14395.35,0
2021-06-14 10:01:24,14395.7,0
2021-06-14 10:01:26,14396.9,0
2021-06-14 10:01:27,14396.55,0
2021-06-14 10:01:28,14394.85,0
2021-06-14 10:01:29,14393.75,0
2021-06-14 10:01:30,14393.7,0
2021-06-14 10:01:32,14393.55,0
2021-06-14 10:01:33,14394.0,0
2021-06-14 10:01:34,14395.3,0
2021-06-14 10:01:35,14395.65,0
2021-06-14 10:01:36,14396.15,0
2021-06-14 10:01:38,14395.45,0
2021-06-14 10:01:39,14395.25,0
2021-06-14 10:01:41,14394.75,0
2021-06-14 10:01:42,14393.55,0
2021-06-14 10:01:43,14391.65,0
2021-06-14 10:01:44,14391.05,0
2021-06-14 10:01:45,14391.05,0
2021-06-14 10:01:46,14391.15,0
2021-06-14 10:01:47,14391.1,0
2021-06-14 10:01:48,14389.85,0
2021-06-14 10:01:49,14389.6,0
2021-06-14 10:01:51,14391.05,0
2021-06-14 10:01:52,14390.35,0
2021-06-14 10:01:54,14389.2,0
2021-06-14 10:01:55,14389.6,0
2021-06-14 10:01:57,14389.45,0
2021-06-14 10:02:04,14391.0,0
2021-06-14 10:02:08,14390.65,0
2021-06-14 10:02:09,14390.35,0
2021-06-14 10:02:10,14389.95,0
2021-06-14 10:02:11,14389.85,0
2021-06-14 10:02:12,14390.7,0
2021-06-14 10:02:13,14391.65,0
2021-06-14 10:02:14,14388.55,0
2021-06-14 10:02:18,14390.4,0
2021-06-14 10:02:19,14389.5,0
2021-06-14 10:02:20,14391.2,0
2021-06-14 10:02:22,14389.85,0
2021-06-14 10:02:23,14390.25,0
2021-06-14 10:02:24,14388.5,0
2021-06-14 10:02:25,14388.9,0
2021-06-14 10:02:27,14388.25,0
2021-06-14 10:02:29,14386.4,0
2021-06-14 10:02:30,14386.75,0
2021-06-14 10:02:32,14388.1,0
2021-06-14 10:02:33,14388.95,0
2021-06-14 10:02:34,14388.35,0
2021-06-14 10:02:35,14387.6,0
2021-06-14 10:02:36,14387.9,0
2021-06-14 10:02:37,14387.85,0
2021-06-14 10:02:39,14389.9,0
2021-06-14 10:02:40,14388.4,0
2021-06-14 10:02:42,14387.65,0
2021-06-14 10:02:45,14389.0,0
2021-06-14 10:02:47,14392.55,0
2021-06-14 10:02:50,14391.0,0
2021-06-14 10:02:51,14389.1,0
2021-06-14 10:02:52,14391.25,0
2021-06-14 10:02:55,14392.15,0
2021-06-14 10:02:57,14390.05,0
2021-06-14 10:02:58,14390.05,0
2021-06-14 10:02:59,14388.2,0
2021-06-14 10:03:00,14387.8,0
2021-06-14 10:03:01,14387.85,0
2021-06-14 10:03:02,14387.2,0
2021-06-14 10:03:04,14385.6,0
2021-06-14 10:03:05,14385.8,0
2021-06-14 10:03:06,14386.85,0
2021-06-14 10:03:07,14387.1,0
2021-06-14 10:03:10,14388.25,0
2021-06-14 10:03:11,14386.15,0
2021-06-14 10:03:13,14386.25,0
2021-06-14 10:03:14,14385.85,0
2021-06-14 10:03:16,14385.8,0
2021-06-14 10:03:17,14386.85,0
2021-06-14 10:03:18,14385.85,0
2021-06-14 10:03:19,14384.95,0
2021-06-14 10:03:20,14382.8,0
2021-06-14 10:03:21,14382.8,0
2021-06-14 10:03:22,14383.5,0
2021-06-14 10:03:23,14380.65,0
2021-06-14 10:03:24,14381.45,0
2021-06-14 10:03:25,14381.5,0
2021-06-14 10:03:28,14380.6,0
2021-06-14 10:03:29,14379.55,0
2021-06-14 10:03:30,14379.1,0
2021-06-14 10:03:31,14379.8,0
2021-06-14 10:03:32,14378.85,0
2021-06-14 10:03:33,14378.6,0
2021-06-14 10:03:34,14379.2,0
2021-06-14 10:03:37,14378.35,0
2021-06-14 10:03:36,14378.15,0
2021-06-14 10:03:38,14377.15,0
2021-06-14 10:03:39,14377.85,0
2021-06-14 10:03:40,14376.45,0
2021-06-14 10:03:41,14377.25,0
2021-06-14 10:03:43,14377.0,0
2021-06-14 10:03:44,14377.45,0
2021-06-14 10:03:46,14375.55,0
2021-06-14 10:03:47,14376.2,0
2021-06-14 10:03:48,14375.6,0
2021-06-14 10:03:50,14374.3,0
2021-06-14 10:03:51,14370.85,0
2021-06-14 10:03:53,14372.1,0
2021-06-14 10:03:56,14373.55,0
2021-06-14 10:03:57,14374.25,0
2021-06-14 10:03:58,14376.8,0
2021-06-14 10:04:00,14382.1,0
2021-06-14 10:04:01,14382.75,0
2021-06-14 10:04:02,14384.5,0
2021-06-14 10:04:03,14385.25,0
2021-06-14 10:04:05,14384.15,0
2021-06-14 10:04:06,14384.05,0
2021-06-14 10:04:07,14385.65,0
2021-06-14 10:04:08,14386.9,0
2021-06-14 10:04:10,14387.25,0
2021-06-14 10:04:11,14385.9,0
2021-06-14 10:04:12,14387.25,0
2021-06-14 10:04:13,14386.45,0
2021-06-14 10:04:14,14385.65,0
2021-06-14 10:04:15,14385.6,0
2021-06-14 10:04:18,14386.5,0
2021-06-14 10:04:19,14387.05,0
2021-06-14 10:04:20,14387.95,0
2021-06-14 10:04:21,14386.8,0
2021-06-14 10:04:22,14387.6,0
2021-06-14 10:04:23,14386.55,0
2021-06-14 10:04:24,14384.4,0
2021-06-14 10:04:25,14386.25,0
2021-06-14 10:04:26,14387.15,0
2021-06-14 10:04:27,14387.15,0
2021-06-14 10:04:28,14387.55,0
2021-06-14 10:04:29,14387.35,0
2021-06-14 10:04:30,14384.8,0
2021-06-14 10:04:31,14385.45,0
2021-06-14 10:04:32,14384.7,0
2021-06-14 10:04:33,14385.35,0
2021-06-14 10:04:34,14385.25,0
2021-06-14 10:04:35,14385.0,0
2021-06-14 10:04:36,14385.05,0
2021-06-14 10:04:37,14384.3,0
2021-06-14 10:04:38,14384.85,0
2021-06-14 10:04:39,14385.05,0
2021-06-14 10:04:40,14385.85,0
2021-06-14 10:04:41,14385.35,0
2021-06-14 10:04:42,14386.85,0
2021-06-14 10:04:43,14386.95,0
2021-06-14 10:04:44,14386.7,0
2021-06-14 10:04:46,14388.75,0
2021-06-14 10:04:47,14391.0,0
2021-06-14 10:04:48,14392.5,0
2021-06-14 10:04:50,14396.2,0
2021-06-14 10:04:51,14397.6,0
2021-06-14 10:04:53,14396.0,0
2021-06-14 10:04:54,14396.9,0
2021-06-14 10:04:55,14397.75,0
2021-06-14 10:04:56,14396.5,0
2021-06-14 10:04:58,14397.05,0
2021-06-14 10:04:59,14396.65,0
2021-06-14 10:05:01,14397.55,0
2021-06-14 10:05:03,14398.65,0
2021-06-14 10:05:06,14396.5,0
2021-06-14 10:05:07,14395.4,0
2021-06-14 10:05:08,14396.2,0
2021-06-14 10:05:09,14396.35,0
2021-06-14 10:05:10,14397.7,0
2021-06-14 10:05:11,14396.55,0
2021-06-14 10:05:12,14400.2,0
2021-06-14 10:05:13,14402.05,0
2021-06-14 10:05:15,14404.15,0
2021-06-14 10:05:16,14404.9,0
2021-06-14 10:05:18,14404.95,0
2021-06-14 10:05:19,14403.5,0
2021-06-14 10:05:20,14405.35,0
2021-06-14 10:05:23,14405.0,0
2021-06-14 10:05:24,14404.8,0
2021-06-14 10:05:25,14403.45,0
2021-06-14 10:05:26,14403.95,0
2021-06-14 10:05:27,14403.95,0
2021-06-14 10:05:28,14404.25,0
2021-06-14 10:05:29,14405.15,0
2021-06-14 10:05:30,14405.6,0
2021-06-14 10:05:31,14404.9,0
2021-06-14 10:05:32,14404.45,0
2021-06-14 10:05:34,14404.2,0
2021-06-14 10:05:35,14404.4,0
2021-06-14 10:05:36,14405.6,0
2021-06-14 10:05:37,14405.35,0
2021-06-14 10:05:38,14405.5,0
2021-06-14 10:05:40,14406.1,0
2021-06-14 10:05:41,14405.35,0
2021-06-14 10:05:42,14405.0,0
2021-06-14 10:05:43,14404.55,0
2021-06-14 10:05:44,14404.4,0
2021-06-14 10:05:46,14403.35,0
2021-06-14 10:05:47,14403.85,0
2021-06-14 10:05:48,14403.85,0
2021-06-14 10:05:49,14402.85,0
2021-06-14 10:05:51,14401.95,0
2021-06-14 10:05:52,14403.0,0
2021-06-14 10:05:53,14402.2,0
2021-06-14 10:05:54,14401.55,0
2021-06-14 10:05:56,14401.5,0
2021-06-14 10:05:58,14400.3,0
2021-06-14 10:06:00,14400.9,0
2021-06-14 10:06:02,14400.6,0
2021-06-14 10:06:03,14399.4,0
2021-06-14 10:06:04,14398.3,0
2021-06-14 10:06:07,14386.1,0
2021-06-14 10:06:08,14385.6,0
2021-06-14 10:06:09,14382.65,0
2021-06-14 10:06:10,14385.15,0
2021-06-14 10:06:11,14383.7,0
2021-06-14 10:06:12,14382.85,0
2021-06-14 10:06:13,14381.85,0
2021-06-14 10:06:15,14382.8,0
2021-06-14 10:06:16,14382.45,0
2021-06-14 10:06:17,14381.2,0
2021-06-14 10:06:18,14382.2,0
2021-06-14 10:06:19,14382.95,0
2021-06-14 10:06:20,14385.2,0
2021-06-14 10:06:21,14383.65,0
2021-06-14 10:06:23,14382.15,0
2021-06-14 10:06:24,14382.0,0
2021-06-14 10:06:25,14380.6,0
2021-06-14 10:06:26,14379.85,0
2021-06-14 10:06:27,14379.85,0
2021-06-14 10:06:28,14381.8,0
2021-06-14 10:06:29,14378.75,0
2021-06-14 10:06:30,14380.15,0
2021-06-14 10:06:31,14379.7,0
2021-06-14 10:06:32,14380.45,0
2021-06-14 10:06:33,14381.25,0
2021-06-14 10:06:34,14381.65,0
2021-06-14 10:06:35,14381.7,0
2021-06-14 10:06:37,14382.5,0
2021-06-14 10:06:38,14382.7,0
2021-06-14 10:06:41,14380.3,0
2021-06-14 10:06:42,14380.55,0
2021-06-14 10:06:44,14381.9,0
2021-06-14 10:06:45,14382.5,0
2021-06-14 10:06:46,14383.9,0
2021-06-14 10:06:47,14382.65,0
2021-06-14 10:06:48,14384.0,0
2021-06-14 10:06:49,14383.85,0
2021-06-14 10:06:50,14380.4,0
2021-06-14 10:06:52,14380.55,0
2021-06-14 10:06:53,14380.75,0
2021-06-14 10:06:54,14380.85,0
2021-06-14 10:06:55,14381.0,0
2021-06-14 10:06:57,14379.1,0
2021-06-14 10:06:58,14380.1,0
2021-06-14 10:06:59,14377.9,0
2021-06-14 10:07:00,14377.6,0
2021-06-14 10:07:01,14379.0,0
2021-06-14 10:07:02,14378.0,0
2021-06-14 10:07:03,14377.55,0
2021-06-14 10:07:04,14377.6,0
2021-06-14 10:07:05,14378.95,0
2021-06-14 10:07:06,14378.0,0
2021-06-14 10:07:08,14378.0,0
2021-06-14 10:07:09,14380.45,0
2021-06-14 10:07:10,14379.25,0
2021-06-14 10:07:11,14380.9,0
2021-06-14 10:07:13,14384.0,0
2021-06-14 10:07:15,14383.75,0
2021-06-14 10:07:16,14384.75,0
2021-06-14 10:07:17,14384.1,0
2021-06-14 10:07:19,14389.55,0
2021-06-14 10:07:21,14391.1,0
2021-06-14 10:07:22,14389.3,0
2021-06-14 10:07:23,14392.35,0
2021-06-14 10:07:24,14392.9,0
2021-06-14 10:07:25,14395.9,0
2021-06-14 10:07:26,14396.5,0
2021-06-14 10:07:27,14396.75,0
2021-06-14 10:07:28,14397.3,0
2021-06-14 10:07:30,14399.1,0
2021-06-14 10:07:32,14393.9,0
2021-06-14 10:07:33,14390.95,0
2021-06-14 10:07:34,14390.35,0
2021-06-14 10:07:35,14390.45,0
2021-06-14 10:07:36,14390.6,0
2021-06-14 10:07:37,14389.95,0
2021-06-14 10:07:38,14390.05,0
2021-06-14 10:07:39,14390.6,0
2021-06-14 10:07:40,14387.3,0
2021-06-14 10:07:42,14388.1,0
2021-06-14 10:07:43,14387.95,0
2021-06-14 10:07:44,14387.2,0
2021-06-14 10:07:45,14389.1,0
2021-06-14 10:07:46,14389.65,0
2021-06-14 10:07:48,14388.65,0
2021-06-14 10:07:49,14388.4,0
2021-06-14 10:07:50,14388.2,0
2021-06-14 10:07:51,14387.9,0
2021-06-14 10:07:52,14389.55,0
2021-06-14 10:07:53,14388.4,0
2021-06-14 10:07:54,14388.05,0
2021-06-14 10:07:55,14387.2,0
2021-06-14 10:07:56,14386.6,0
2021-06-14 10:07:59,14385.7,0
2021-06-14 10:08:00,14386.2,0
2021-06-14 10:08:01,14384.1,0
2021-06-14 10:08:02,14383.7,0
2021-06-14 10:08:04,14383.35,0
2021-06-14 10:08:05,14383.6,0
2021-06-14 10:08:06,14384.05,0
2021-06-14 10:08:07,14383.35,0
2021-06-14 10:08:08,14384.9,0
2021-06-14 10:08:09,14383.2,0
2021-06-14 10:08:10,14384.55,0
2021-06-14 10:08:11,14384.3,0
2021-06-14 10:08:12,14387.05,0
2021-06-14 10:08:13,14386.65,0
2021-06-14 10:08:14,14383.65,0
2021-06-14 10:08:15,14383.75,0
2021-06-14 10:08:16,14385.75,0
2021-06-14 10:08:17,14386.15,0
2021-06-14 10:08:19,14388.55,0
2021-06-14 10:08:20,14389.05,0
2021-06-14 10:08:21,14387.55,0
2021-06-14 10:08:22,14386.9,0
2021-06-14 10:08:23,14383.3,0
2021-06-14 10:08:24,14386.4,0
2021-06-14 10:08:27,14384.8,0
2021-06-14 10:08:28,14385.85,0
2021-06-14 10:08:31,14386.05,0
2021-06-14 10:08:32,14386.8,0
2021-06-14 10:08:34,14387.5,0
2021-06-14 10:08:35,14387.5,0
2021-06-14 10:08:36,14387.5,0
2021-06-14 10:08:37,14387.6,0
2021-06-14 10:08:38,14388.8,0
2021-06-14 10:08:40,14389.5,0
2021-06-14 10:08:41,14387.0,0
2021-06-14 10:08:42,14387.0,0
2021-06-14 10:08:43,14387.65,0
2021-06-14 10:08:45,14389.05,0
2021-06-14 10:08:47,14388.85,0
2021-06-14 10:08:48,14390.55,0
2021-06-14 10:08:49,14391.15,0
2021-06-14 10:08:50,14390.2,0
2021-06-14 10:08:51,14390.0,0
2021-06-14 10:08:52,14388.95,0
2021-06-14 10:08:53,14389.5,0
2021-06-14 10:08:54,14389.25,0
2021-06-14 10:08:55,14389.6,0
2021-06-14 10:08:57,14391.7,0
2021-06-14 10:08:58,14392.35,0
2021-06-14 10:08:59,14392.65,0
2021-06-14 10:09:02,14395.9,0
2021-06-14 10:09:03,14396.2,0
2021-06-14 10:09:04,14397.95,0
2021-06-14 10:09:05,14397.65,0
2021-06-14 10:09:07,14399.85,0
2021-06-14 10:09:09,14398.5,0
2021-06-14 10:09:10,14399.95,0
2021-06-14 10:09:11,14399.8,0
2021-06-14 10:09:12,14399.45,0
2021-06-14 10:09:13,14399.95,0
2021-06-14 10:09:14,14400.95,0
2021-06-14 10:09:15,14401.3,0
2021-06-14 10:09:16,14400.8,0
2021-06-14 10:09:17,14401.45,0
2021-06-14 10:09:19,14402.95,0
2021-06-14 10:09:20,14404.0,0
2021-06-14 10:09:21,14400.3,0
2021-06-14 10:09:23,14399.25,0
2021-06-14 10:09:25,14398.5,0
2021-06-14 10:09:28,14398.15,0
2021-06-14 10:09:29,14399.8,0
2021-06-14 10:09:31,14399.2,0
2021-06-14 10:09:32,14398.5,0
2021-06-14 10:09:34,14397.3,0
2021-06-14 10:09:37,14396.1,0
2021-06-14 10:09:38,14396.35,0
2021-06-14 10:09:39,14394.45,0
2021-06-14 10:09:40,14394.0,0
2021-06-14 10:09:41,14393.9,0
2021-06-14 10:09:43,14395.25,0
2021-06-14 10:09:44,14396.15,0
2021-06-14 10:09:47,14394.95,0
2021-06-14 10:09:49,14392.1,0
2021-06-14 10:09:50,14391.65,0
2021-06-14 10:09:51,14391.6,0
2021-06-14 10:09:52,14390.85,0
2021-06-14 10:09:53,14388.95,0
2021-06-14 10:09:54,14388.15,0
2021-06-14 10:09:55,14387.45,0
2021-06-14 10:09:56,14386.7,0
2021-06-14 10:09:57,14386.35,0
2021-06-14 10:09:58,14387.15,0
2021-06-14 10:09:59,14386.75,0
2021-06-14 10:10:00,14386.25,0
2021-06-14 10:10:02,14387.45,0
2021-06-14 10:10:01,14385.8,0
2021-06-14 10:10:03,14386.65,0
2021-06-14 10:10:06,14386.15,0
2021-06-14 10:10:07,14386.25,0
2021-06-14 10:10:09,14386.7,0
2021-06-14 10:10:10,14386.45,0
2021-06-14 10:10:11,14386.05,0
2021-06-14 10:10:12,14386.75,0
2021-06-14 10:10:13,14386.8,0
2021-06-14 10:10:14,14387.7,0
2021-06-14 10:10:15,14387.1,0
2021-06-14 10:10:16,14389.5,0
2021-06-14 10:10:17,14387.1,0
2021-06-14 10:10:18,14387.9,0
2021-06-14 10:10:19,14387.5,0
2021-06-14 10:10:20,14387.05,0
2021-06-14 10:10:21,14387.75,0
2021-06-14 10:10:22,14388.95,0
2021-06-14 10:10:23,14388.3,0
2021-06-14 10:10:24,14388.75,0
2021-06-14 10:10:25,14388.25,0
2021-06-14 10:10:26,14389.5,0
2021-06-14 10:10:27,14389.35,0
2021-06-14 10:10:28,14387.2,0
2021-06-14 10:10:29,14389.0,0
2021-06-14 10:10:33,14391.9,0
2021-06-14 10:10:34,14390.6,0
2021-06-14 10:10:35,14391.2,0
2021-06-14 10:10:37,14391.0,0
2021-06-14 10:10:38,14391.55,0
2021-06-14 10:10:39,14394.35,0
2021-06-14 10:10:40,14392.5,0
2021-06-14 10:10:41,14392.8,0
2021-06-14 10:10:42,14392.05,0
2021-06-14 10:10:43,14392.75,0
2021-06-14 10:10:45,14392.85,0
2021-06-14 10:10:47,14395.6,0
2021-06-14 10:10:48,14392.85,0
2021-06-14 10:10:49,14392.0,0
2021-06-14 10:10:50,14394.35,0
2021-06-14 10:10:51,14392.5,0
2021-06-14 10:10:52,14394.45,0
2021-06-14 10:10:53,14394.65,0
2021-06-14 10:10:54,14395.45,0
2021-06-14 10:10:55,14394.65,0
2021-06-14 10:10:56,14392.95,0
2021-06-14 10:10:57,14393.85,0
2021-06-14 10:10:58,14393.4,0
2021-06-14 10:10:59,14393.3,0
2021-06-14 10:11:00,14395.9,0
2021-06-14 10:11:01,14395.3,0
2021-06-14 10:11:02,14395.1,0
2021-06-14 10:11:04,14394.65,0
2021-06-14 10:11:05,14393.25,0
2021-06-14 10:11:06,14394.5,0
2021-06-14 10:11:08,14395.8,0
2021-06-14 10:11:09,14394.85,0
2021-06-14 10:11:10,14394.85,0
2021-06-14 10:11:11,14395.95,0
2021-06-14 10:11:12,14397.25,0
2021-06-14 10:11:13,14397.5,0
2021-06-14 10:11:14,14395.45,0
2021-06-14 10:11:15,14394.95,0
2021-06-14 10:11:16,14395.75,0
2021-06-14 10:11:18,14397.3,0
2021-06-14 10:11:19,14397.05,0
2021-06-14 10:11:20,14398.15,0
2021-06-14 10:11:21,14397.3,0
2021-06-14 10:11:26,14401.0,0
2021-06-14 10:11:28,14402.8,0
2021-06-14 10:11:29,14400.9,0
2021-06-14 10:11:30,14400.15,0
2021-06-14 10:11:31,14400.2,0
2021-06-14 10:11:33,14400.95,0
2021-06-14 10:11:35,14401.5,0
2021-06-14 10:11:36,14400.6,0
2021-06-14 10:11:37,14400.7,0
2021-06-14 10:11:40,14398.35,0
2021-06-14 10:11:41,14398.05,0
2021-06-14 10:11:42,14399.35,0
2021-06-14 10:11:43,14400.0,0
2021-06-14 10:11:45,14400.3,0
2021-06-14 10:11:46,14399.45,0
2021-06-14 10:11:48,14399.75,0
2021-06-14 10:11:50,14401.25,0
2021-06-14 10:11:51,14401.05,0
2021-06-14 10:11:53,14399.9,0
2021-06-14 10:11:54,14400.2,0
2021-06-14 10:11:55,14400.8,0
2021-06-14 10:11:56,14400.45,0
2021-06-14 10:11:57,14401.65,0
2021-06-14 10:11:58,14400.35,0
2021-06-14 10:11:59,14400.55,0
2021-06-14 10:12:02,14400.35,0
2021-06-14 10:12:03,14399.15,0
2021-06-14 10:12:04,14400.75,0
2021-06-14 10:12:05,14402.55,0
2021-06-14 10:12:06,14402.75,0
2021-06-14 10:12:07,14402.65,0
2021-06-14 10:12:08,14401.85,0
2021-06-14 10:12:09,14400.65,0
2021-06-14 10:12:10,14402.5,0
2021-06-14 10:12:11,14402.95,0
2021-06-14 10:12:12,14402.9,0
2021-06-14 10:12:13,14403.35,0
2021-06-14 10:12:15,14402.4,0
2021-06-14 10:12:16,14402.8,0
2021-06-14 10:12:17,14401.7,0
2021-06-14 10:12:18,14400.45,0
2021-06-14 10:12:19,14401.7,0
2021-06-14 10:12:20,14402.1,0
2021-06-14 10:12:21,14401.0,0
2021-06-14 10:12:25,14398.5,0
2021-06-14 10:12:26,14399.85,0
2021-06-14 10:12:27,14398.05,0
2021-06-14 10:12:29,14397.5,0
2021-06-14 10:12:31,14398.15,0
2021-06-14 10:12:34,14398.75,0
2021-06-14 10:12:35,14398.35,0
2021-06-14 10:12:36,14397.85,0
2021-06-14 10:12:37,14397.45,0
2021-06-14 10:12:38,14397.55,0
2021-06-14 10:12:39,14399.2,0
2021-06-14 10:12:40,14399.15,0
2021-06-14 10:12:41,14399.4,0
2021-06-14 10:12:42,14398.85,0
2021-06-14 10:12:43,14398.05,0
2021-06-14 10:12:44,14399.3,0
2021-06-14 10:12:45,14399.7,0
2021-06-14 10:12:46,14401.3,0
2021-06-14 10:12:47,14401.15,0
2021-06-14 10:12:48,14401.1,0
2021-06-14 10:12:49,14401.55,0
2021-06-14 10:12:50,14401.8,0
2021-06-14 10:12:51,14400.55,0
2021-06-14 10:12:52,14400.65,0
2021-06-14 10:12:53,14402.05,0
2021-06-14 10:12:54,14403.55,0
2021-06-14 10:12:55,14403.6,0
2021-06-14 10:12:56,14403.95,0
2021-06-14 10:12:58,14402.7,0
2021-06-14 10:12:59,14401.85,0
2021-06-14 10:13:00,14402.5,0
2021-06-14 10:13:01,14401.55,0
2021-06-14 10:13:03,14400.0,0
2021-06-14 10:13:04,14400.1,0
2021-06-14 10:13:06,14400.25,0
2021-06-14 10:13:08,14401.2,0
2021-06-14 10:13:09,14400.8,0
2021-06-14 10:13:11,14401.3,0
2021-06-14 10:13:13,14400.2,0
2021-06-14 10:13:15,14401.4,0
2021-06-14 10:13:16,14401.15,0
2021-06-14 10:13:17,14400.95,0
2021-06-14 10:13:18,14400.0,0
2021-06-14 10:13:19,14402.1,0
2021-06-14 10:13:21,14402.2,0
2021-06-14 10:13:22,14402.8,0
2021-06-14 10:13:23,14402.05,0
2021-06-14 10:13:24,14402.85,0
2021-06-14 10:13:25,14402.75,0
2021-06-14 10:13:27,14401.15,0
2021-06-14 10:13:28,14403.0,0
2021-06-14 10:13:29,14402.45,0
2021-06-14 10:13:30,14404.45,0
2021-06-14 10:13:31,14404.95,0
2021-06-14 10:13:32,14404.75,0
2021-06-14 10:13:33,14404.0,0
2021-06-14 10:13:37,14403.9,0
2021-06-14 10:13:38,14403.6,0
2021-06-14 10:13:39,14404.7,0
2021-06-14 10:13:41,14403.8,0
2021-06-14 10:13:42,14406.3,0
2021-06-14 10:13:44,14404.95,0
2021-06-14 10:13:45,14405.3,0
2021-06-14 10:13:47,14404.6,0
2021-06-14 10:13:48,14404.8,0
2021-06-14 10:13:49,14404.25,0
2021-06-14 10:13:51,14403.05,0
2021-06-14 10:13:50,14404.05,0
2021-06-14 10:13:52,14402.1,0
2021-06-14 10:13:53,14401.1,0
2021-06-14 10:13:54,14402.05,0
2021-06-14 10:13:55,14402.35,0
2021-06-14 10:13:56,14402.2,0
2021-06-14 10:13:57,14403.1,0
2021-06-14 10:14:00,14405.35,0
2021-06-14 10:14:05,14406.25,0
2021-06-14 10:14:06,14405.35,0
2021-06-14 10:14:07,14404.85,0
2021-06-14 10:14:08,14404.6,0
2021-06-14 10:14:11,14404.0,0
2021-06-14 10:14:12,14405.25,0
2021-06-14 10:14:14,14406.55,0
2021-06-14 10:14:16,14405.3,0
2021-06-14 10:14:17,14406.4,0
2021-06-14 10:14:18,14406.1,0
2021-06-14 10:14:19,14405.75,0
2021-06-14 10:14:20,14403.9,0
2021-06-14 10:14:21,14403.1,0
2021-06-14 10:14:22,14404.75,0
2021-06-14 10:14:24,14404.85,0
2021-06-14 10:14:25,14405.6,0
2021-06-14 10:14:26,14404.55,0
2021-06-14 10:14:27,14404.55,0
2021-06-14 10:14:28,14404.95,0
2021-06-14 10:14:29,14404.9,0
2021-06-14 10:14:30,14405.3,0
2021-06-14 10:14:31,14404.6,0
2021-06-14 10:14:33,14403.4,0
2021-06-14 10:14:34,14402.45,0
2021-06-14 10:14:36,14402.4,0
2021-06-14 10:14:37,14403.4,0
2021-06-14 10:14:38,14402.85,0
2021-06-14 10:14:39,14402.8,0
2021-06-14 10:14:41,14400.85,0
2021-06-14 10:14:42,14403.2,0
2021-06-14 10:14:43,14403.9,0
2021-06-14 10:14:44,14403.05,0
2021-06-14 10:14:45,14403.05,0
2021-06-14 10:14:46,14403.15,0
2021-06-14 10:14:47,14403.35,0
2021-06-14 10:14:49,14403.8,0
2021-06-14 10:14:50,14404.2,0
2021-06-14 10:14:51,14405.6,0
2021-06-14 10:14:53,14406.4,0
2021-06-14 10:14:54,14405.5,0
2021-06-14 10:14:55,14404.9,0
2021-06-14 10:14:56,14403.55,0
2021-06-14 10:14:57,14401.75,0
2021-06-14 10:14:58,14403.85,0
2021-06-14 10:14:59,14404.7,0
2021-06-14 10:15:00,14405.6,0
2021-06-14 10:15:01,14404.45,0
2021-06-14 10:15:02,14405.85,0
2021-06-14 10:15:03,14404.6,0
2021-06-14 10:15:04,14405.65,0
2021-06-14 10:15:05,14404.5,0
2021-06-14 10:15:06,14404.5,0
2021-06-14 10:15:07,14403.2,0
2021-06-14 10:15:08,14403.7,0
2021-06-14 10:15:09,14406.6,0
2021-06-14 10:15:10,14407.2,0
2021-06-14 10:15:12,14407.35,0
2021-06-14 10:15:13,14406.35,0
2021-06-14 10:15:14,14407.35,0
2021-06-14 10:15:15,14408.4,0
2021-06-14 10:15:17,14408.8,0
2021-06-14 10:15:18,14408.85,0
2021-06-14 10:15:19,14409.1,0
2021-06-14 10:15:20,14410.55,0
2021-06-14 10:15:21,14407.95,0
2021-06-14 10:15:22,14408.85,0
2021-06-14 10:15:24,14408.15,0
2021-06-14 10:15:25,14409.55,0
2021-06-14 10:15:27,14408.85,0
2021-06-14 10:15:28,14408.75,0
2021-06-14 10:15:29,14409.4,0
2021-06-14 10:15:30,14408.25,0
2021-06-14 10:15:32,14407.65,0
2021-06-14 10:15:33,14408.05,0
2021-06-14 10:15:34,14409.15,0
2021-06-14 10:15:35,14410.5,0
2021-06-14 10:15:36,14409.0,0
2021-06-14 10:15:37,14408.8,0
2021-06-14 10:15:38,14409.05,0
2021-06-14 10:15:39,14409.2,0
2021-06-14 10:15:41,14411.25,0
2021-06-14 10:15:42,14409.05,0
2021-06-14 10:15:43,14410.9,0
2021-06-14 10:15:44,14410.5,0
2021-06-14 10:15:47,14410.45,0
2021-06-14 10:15:48,14412.55,0
2021-06-14 10:15:50,14410.5,0
2021-06-14 10:15:49,14411.75,0
2021-06-14 10:15:51,14410.55,0
2021-06-14 10:15:53,14411.15,0
2021-06-14 10:15:54,14412.2,0
2021-06-14 10:15:55,14410.65,0
2021-06-14 10:15:56,14411.2,0
2021-06-14 10:15:57,14409.5,0
2021-06-14 10:15:58,14410.55,0
2021-06-14 10:15:59,14411.9,0
2021-06-14 10:16:01,14412.0,0
2021-06-14 10:16:02,14413.6,0
2021-06-14 10:16:04,14412.55,0
2021-06-14 10:16:05,14411.5,0
2021-06-14 10:16:06,14412.65,0
2021-06-14 10:16:07,14411.4,0
2021-06-14 10:16:08,14412.0,0
2021-06-14 10:16:09,14417.8,0
2021-06-14 10:16:11,14419.0,0
2021-06-14 10:16:12,14420.15,0
2021-06-14 10:16:13,14421.1,0
2021-06-14 10:16:14,14418.8,0
2021-06-14 10:16:15,14418.9,0
2021-06-14 10:16:16,14419.4,0
2021-06-14 10:16:17,14418.2,0
2021-06-14 10:16:18,14419.85,0
2021-06-14 10:16:19,14420.4,0
2021-06-14 10:16:21,14418.9,0
2021-06-14 10:16:22,14419.3,0
2021-06-14 10:16:23,14418.65,0
2021-06-14 10:16:24,14417.75,0
2021-06-14 10:16:26,14418.1,0
2021-06-14 10:16:27,14418.2,0
2021-06-14 10:16:29,14419.65,0
2021-06-14 10:16:30,14417.05,0
2021-06-14 10:16:31,14418.35,0
2021-06-14 10:16:32,14418.35,0
2021-06-14 10:16:33,14417.95,0
2021-06-14 10:16:34,14417.9,0
2021-06-14 10:16:35,14416.5,0
2021-06-14 10:16:39,14418.75,0
2021-06-14 10:16:40,14418.7,0
2021-06-14 10:16:41,14417.65,0
2021-06-14 10:16:42,14416.45,0
2021-06-14 10:16:43,14417.5,0
2021-06-14 10:16:44,14415.0,0
2021-06-14 10:16:45,14415.15,0
2021-06-14 10:16:46,14415.3,0
2021-06-14 10:16:47,14415.75,0
2021-06-14 10:16:49,14414.5,0
2021-06-14 10:16:51,14414.75,0
2021-06-14 10:16:54,14414.25,0
2021-06-14 10:16:55,14414.35,0
2021-06-14 10:16:56,14413.8,0
2021-06-14 10:16:57,14410.9,0
2021-06-14 10:16:58,14410.2,0
2021-06-14 10:16:59,14410.15,0
2021-06-14 10:17:00,14411.5,0
2021-06-14 10:17:02,14411.95,0
2021-06-14 10:17:03,14411.75,0
2021-06-14 10:17:04,14411.05,0
2021-06-14 10:17:05,14412.65,0
2021-06-14 10:17:06,14411.75,0
2021-06-14 10:17:07,14411.05,0
2021-06-14 10:17:08,14411.1,0
2021-06-14 10:17:09,14410.35,0
2021-06-14 10:17:10,14410.9,0
2021-06-14 10:17:11,14411.7,0
2021-06-14 10:17:12,14409.95,0
2021-06-14 10:17:15,14408.95,0
2021-06-14 10:17:16,14409.45,0
2021-06-14 10:17:18,14411.25,0
2021-06-14 10:17:19,14411.05,0
2021-06-14 10:17:20,14411.05,0
2021-06-14 10:17:21,14407.85,0
2021-06-14 10:17:25,14409.85,0
2021-06-14 10:17:26,14409.8,0
2021-06-14 10:17:28,14409.0,0
2021-06-14 10:17:29,14408.2,0
2021-06-14 10:17:31,14407.35,0
2021-06-14 10:17:33,14407.05,0
2021-06-14 10:17:36,14408.75,0
2021-06-14 10:17:37,14407.9,0
2021-06-14 10:17:38,14406.45,0
2021-06-14 10:17:39,14407.95,0
2021-06-14 10:17:40,14408.3,0
2021-06-14 10:17:41,14407.6,0
2021-06-14 10:17:42,14409.2,0
2021-06-14 10:17:43,14409.35,0
2021-06-14 10:17:44,14408.9,0
2021-06-14 10:17:45,14409.25,0
2021-06-14 10:17:46,14408.45,0
2021-06-14 10:17:47,14408.05,0
2021-06-14 10:17:49,14406.3,0
2021-06-14 10:17:50,14406.9,0
2021-06-14 10:17:51,14406.0,0
2021-06-14 10:17:52,14407.8,0
2021-06-14 10:17:53,14405.45,0
2021-06-14 10:17:54,14406.1,0
2021-06-14 10:17:55,14405.95,0
2021-06-14 10:17:56,14406.3,0
2021-06-14 10:17:57,14407.65,0
2021-06-14 10:17:58,14406.35,0
2021-06-14 10:17:59,14408.85,0
2021-06-14 10:18:00,14407.5,0
2021-06-14 10:18:01,14405.5,0
2021-06-14 10:18:02,14406.9,0
2021-06-14 10:18:03,14406.35,0
2021-06-14 10:18:04,14407.7,0
2021-06-14 10:18:05,14408.45,0
2021-06-14 10:18:06,14408.3,0
2021-06-14 10:18:07,14408.3,0
2021-06-14 10:18:08,14409.05,0
2021-06-14 10:18:09,14408.35,0
2021-06-14 10:18:10,14406.95,0
2021-06-14 10:18:12,14409.35,0
2021-06-14 10:18:13,14408.3,0
2021-06-14 10:18:14,14408.8,0
2021-06-14 10:18:15,14409.35,0
2021-06-14 10:18:16,14409.0,0
2021-06-14 10:18:17,14407.5,0
2021-06-14 10:18:19,14408.7,0
2021-06-14 10:18:20,14408.8,0
2021-06-14 10:18:21,14408.85,0
2021-06-14 10:18:22,14409.25,0
2021-06-14 10:18:23,14409.15,0
2021-06-14 10:18:24,14408.95,0
2021-06-14 10:18:25,14408.4,0
2021-06-14 10:18:26,14407.75,0
2021-06-14 10:18:27,14409.4,0
2021-06-14 10:18:28,14407.35,0
2021-06-14 10:18:29,14405.75,0
2021-06-14 10:18:31,14408.95,0
2021-06-14 10:18:32,14407.9,0
2021-06-14 10:18:34,14408.2,0
2021-06-14 10:18:35,14408.65,0
2021-06-14 10:18:36,14408.95,0
2021-06-14 10:18:38,14409.45,0
2021-06-14 10:18:39,14408.45,0
2021-06-14 10:18:40,14408.4,0
2021-06-14 10:18:41,14408.6,0
2021-06-14 10:18:43,14408.6,0
2021-06-14 10:18:44,14408.7,0
2021-06-14 10:18:47,14408.35,0
2021-06-14 10:18:49,14407.8,0
2021-06-14 10:18:51,14408.0,0
2021-06-14 10:18:52,14407.6,0
2021-06-14 10:18:53,14408.65,0
2021-06-14 10:18:54,14408.2,0
2021-06-14 10:18:55,14407.3,0
2021-06-14 10:18:56,14407.4,0
2021-06-14 10:18:57,14407.65,0
2021-06-14 10:18:58,14406.9,0
2021-06-14 10:18:59,14407.15,0
2021-06-14 10:19:01,14408.0,0
2021-06-14 10:19:02,14408.25,0
2021-06-14 10:19:03,14408.95,0
2021-06-14 10:19:04,14408.6,0
2021-06-14 10:19:05,14409.05,0
2021-06-14 10:19:06,14408.4,0
2021-06-14 10:19:07,14408.15,0
2021-06-14 10:19:08,14409.05,0
2021-06-14 10:19:09,14409.15,0
2021-06-14 10:19:10,14411.45,0
2021-06-14 10:19:11,14410.8,0
2021-06-14 10:19:12,14410.45,0
2021-06-14 10:19:13,14409.2,0
2021-06-14 10:19:14,14409.8,0
2021-06-14 10:19:15,14409.35,0
2021-06-14 10:19:16,14410.0,0
2021-06-14 10:19:18,14410.15,0
2021-06-14 10:19:19,14409.9,0
2021-06-14 10:19:20,14408.9,0
2021-06-14 10:19:21,14408.7,0
2021-06-14 10:19:22,14409.2,0
2021-06-14 10:19:23,14410.4,0
2021-06-14 10:19:24,14409.95,0
2021-06-14 10:19:25,14410.85,0
2021-06-14 10:19:26,14410.45,0
2021-06-14 10:19:27,14410.4,0
2021-06-14 10:19:28,14410.0,0
2021-06-14 10:19:30,14407.8,0
2021-06-14 10:19:31,14409.2,0
2021-06-14 10:19:32,14409.65,0
2021-06-14 10:19:33,14409.45,0
2021-06-14 10:19:34,14410.0,0
2021-06-14 10:19:35,14410.15,0
2021-06-14 10:19:37,14410.9,0
2021-06-14 10:19:38,14410.6,0
2021-06-14 10:19:39,14411.95,0
2021-06-14 10:19:40,14412.1,0
2021-06-14 10:19:41,14411.85,0
2021-06-14 10:19:42,14412.0,0
2021-06-14 10:19:43,14411.25,0
2021-06-14 10:19:44,14413.25,0
2021-06-14 10:19:45,14413.85,0
2021-06-14 10:19:47,14414.85,0
2021-06-14 10:19:48,14413.65,0
2021-06-14 10:19:49,14414.3,0
2021-06-14 10:19:50,14414.5,0
2021-06-14 10:19:52,14412.45,0
2021-06-14 10:19:53,14413.25,0
2021-06-14 10:19:54,14413.85,0
2021-06-14 10:19:55,14413.4,0
2021-06-14 10:19:56,14412.7,0
2021-06-14 10:19:57,14411.3,0
2021-06-14 10:19:59,14410.8,0
2021-06-14 10:20:00,14411.3,0
2021-06-14 10:20:01,14410.95,0
2021-06-14 10:20:02,14411.85,0
2021-06-14 10:20:04,14411.65,0
2021-06-14 10:20:06,14413.0,0
2021-06-14 10:20:07,14412.85,0
2021-06-14 10:20:09,14413.35,0
2021-06-14 10:20:10,14413.35,0
2021-06-14 10:20:11,14413.05,0
2021-06-14 10:20:12,14413.65,0
2021-06-14 10:20:13,14413.75,0
2021-06-14 10:20:14,14415.4,0
2021-06-14 10:20:15,14413.85,0
2021-06-14 10:20:16,14413.0,0
2021-06-14 10:20:17,14413.5,0
2021-06-14 10:20:19,14415.25,0
2021-06-14 10:20:20,14414.75,0
2021-06-14 10:20:22,14414.2,0
2021-06-14 10:20:23,14414.5,0
2021-06-14 10:20:25,14413.2,0
2021-06-14 10:20:26,14414.8,0
2021-06-14 10:20:28,14414.85,0
2021-06-14 10:20:29,14413.25,0
2021-06-14 10:20:30,14413.2,0
2021-06-14 10:20:31,14412.8,0
2021-06-14 10:20:33,14412.75,0
2021-06-14 10:20:34,14413.1,0
2021-06-14 10:20:35,14414.15,0
2021-06-14 10:20:36,14413.0,0
2021-06-14 10:20:37,14414.4,0
2021-06-14 10:20:38,14413.6,0
2021-06-14 10:20:41,14413.95,0
2021-06-14 10:20:42,14413.3,0
2021-06-14 10:20:43,14413.2,0
2021-06-14 10:20:44,14412.55,0
2021-06-14 10:20:45,14413.4,0
2021-06-14 10:20:46,14411.95,0
2021-06-14 10:20:47,14412.65,0
2021-06-14 10:20:48,14414.6,0
2021-06-14 10:20:49,14414.3,0
2021-06-14 10:20:50,14413.85,0
2021-06-14 10:20:52,14412.85,0
2021-06-14 10:20:53,14413.2,0
2021-06-14 10:20:54,14413.05,0
2021-06-14 10:20:55,14413.2,0
2021-06-14 10:20:56,14412.05,0
2021-06-14 10:20:57,14411.6,0
2021-06-14 10:20:58,14410.85,0
2021-06-14 10:20:59,14411.6,0
2021-06-14 10:21:00,14411.9,0
2021-06-14 10:21:01,14411.2,0
2021-06-14 10:21:02,14413.3,0
2021-06-14 10:21:03,14413.1,0
2021-06-14 10:21:04,14412.6,0
2021-06-14 10:21:05,14413.15,0
2021-06-14 10:21:06,14412.8,0
2021-06-14 10:21:07,14412.7,0
2021-06-14 10:21:08,14412.35,0
2021-06-14 10:21:10,14412.55,0
2021-06-14 10:21:11,14411.95,0
2021-06-14 10:21:12,14413.2,0
2021-06-14 10:21:13,14413.8,0
2021-06-14 10:21:14,14413.15,0
2021-06-14 10:21:15,14413.2,0
2021-06-14 10:21:16,14412.55,0
2021-06-14 10:21:17,14411.7,0
2021-06-14 10:21:18,14412.65,0
2021-06-14 10:21:19,14413.5,0
2021-06-14 10:21:20,14414.65,0
2021-06-14 10:21:21,14413.55,0
2021-06-14 10:21:22,14414.4,0
2021-06-14 10:21:23,14414.25,0
2021-06-14 10:21:24,14414.15,0
2021-06-14 10:21:25,14413.85,0
2021-06-14 10:21:26,14415.55,0
2021-06-14 10:21:29,14413.7,0
2021-06-14 10:21:33,14413.05,0
2021-06-14 10:21:34,14413.15,0
2021-06-14 10:21:35,14413.6,0
2021-06-14 10:21:37,14414.0,0
2021-06-14 10:21:38,14414.95,0
2021-06-14 10:21:39,14413.4,0
2021-06-14 10:21:40,14412.45,0
2021-06-14 10:21:41,14414.7,0
2021-06-14 10:21:42,14414.55,0
2021-06-14 10:21:44,14412.55,0
2021-06-14 10:21:45,14414.45,0
2021-06-14 10:21:46,14414.7,0
2021-06-14 10:21:47,14413.6,0
2021-06-14 10:21:48,14412.45,0
2021-06-14 10:21:49,14413.15,0
2021-06-14 10:21:51,14412.7,0
2021-06-14 10:21:52,14413.65,0
2021-06-14 10:21:53,14413.0,0
2021-06-14 10:21:54,14414.75,0
2021-06-14 10:21:55,14414.2,0
2021-06-14 10:21:56,14414.7,0
2021-06-14 10:21:57,14414.6,0
2021-06-14 10:21:58,14414.1,0
2021-06-14 10:21:59,14412.75,0
2021-06-14 10:22:00,14414.15,0
2021-06-14 10:22:01,14416.3,0
2021-06-14 10:22:02,14416.05,0
2021-06-14 10:22:03,14415.25,0
2021-06-14 10:22:04,14415.35,0
2021-06-14 10:22:05,14415.3,0
2021-06-14 10:22:06,14413.65,0
2021-06-14 10:22:07,14414.85,0
2021-06-14 10:22:08,14415.1,0
2021-06-14 10:22:09,14414.6,0
2021-06-14 10:22:10,14416.85,0
2021-06-14 10:22:11,14415.45,0
2021-06-14 10:22:12,14414.7,0
2021-06-14 10:22:13,14415.4,0
2021-06-14 10:22:15,14414.85,0
2021-06-14 10:22:16,14414.95,0
2021-06-14 10:22:17,14415.35,0
2021-06-14 10:22:18,14414.65,0
2021-06-14 10:22:21,14413.8,0
2021-06-14 10:22:23,14416.45,0
2021-06-14 10:22:24,14415.25,0
2021-06-14 10:22:26,14416.75,0
2021-06-14 10:22:27,14414.3,0
2021-06-14 10:22:28,14414.95,0
2021-06-14 10:22:29,14415.25,0
2021-06-14 10:22:30,14414.3,0
2021-06-14 10:22:33,14415.35,0
2021-06-14 10:22:35,14415.1,0
2021-06-14 10:22:36,14414.7,0
2021-06-14 10:22:37,14416.05,0
2021-06-14 10:22:39,14418.25,0
2021-06-14 10:22:40,14418.4,0
2021-06-14 10:22:42,14420.95,0
2021-06-14 10:22:43,14420.7,0
2021-06-14 10:22:44,14420.3,0
2021-06-14 10:22:45,14420.05,0
2021-06-14 10:22:46,14420.2,0
2021-06-14 10:22:47,14421.85,0
2021-06-14 10:22:48,14420.9,0
2021-06-14 10:22:50,14420.75,0
2021-06-14 10:22:52,14421.2,0
2021-06-14 10:22:53,14420.35,0
2021-06-14 10:22:57,14423.2,0
2021-06-14 10:22:58,14422.05,0
2021-06-14 10:23:01,14423.45,0
2021-06-14 10:23:03,14423.75,0
2021-06-14 10:23:04,14424.95,0
2021-06-14 10:23:05,14425.9,0
2021-06-14 10:23:06,14426.15,0
2021-06-14 10:23:07,14426.35,0
2021-06-14 10:23:08,14427.6,0
2021-06-14 10:23:10,14427.65,0
2021-06-14 10:23:11,14426.85,0
2021-06-14 10:23:12,14429.65,0
2021-06-14 10:23:13,14431.0,0
2021-06-14 10:23:14,14432.35,0
2021-06-14 10:23:15,14433.05,0
2021-06-14 10:23:17,14432.65,0
2021-06-14 10:23:18,14432.5,0
2021-06-14 10:23:19,14433.05,0
2021-06-14 10:23:20,14434.2,0
2021-06-14 10:23:21,14435.55,0
2021-06-14 10:23:22,14437.4,0
2021-06-14 10:23:23,14438.25,0
2021-06-14 10:23:24,14437.9,0
2021-06-14 10:23:25,14438.1,0
2021-06-14 10:23:26,14439.85,0
2021-06-14 10:23:27,14438.7,0
2021-06-14 10:23:28,14438.1,0
2021-06-14 10:23:29,14437.75,0
2021-06-14 10:23:31,14438.4,0
2021-06-14 10:23:32,14437.5,0
2021-06-14 10:23:33,14437.95,0
2021-06-14 10:23:34,14437.35,0
2021-06-14 10:23:35,14438.9,0
2021-06-14 10:23:37,14438.8,0
2021-06-14 10:23:38,14438.55,0
2021-06-14 10:23:39,14437.8,0
2021-06-14 10:23:43,14436.85,0
2021-06-14 10:23:44,14437.4,0
2021-06-14 10:23:45,14437.1,0
2021-06-14 10:23:46,14436.9,0
2021-06-14 10:23:47,14437.1,0
2021-06-14 10:23:48,14438.15,0
2021-06-14 10:23:49,14439.6,0
2021-06-14 10:23:51,14441.6,0
2021-06-14 10:23:52,14440.6,0
2021-06-14 10:23:53,14439.5,0
2021-06-14 10:23:55,14441.05,0
2021-06-14 10:23:56,14440.6,0
2021-06-14 10:23:57,14441.0,0
2021-06-14 10:23:59,14440.05,0
2021-06-14 10:24:00,14439.4,0
2021-06-14 10:24:01,14440.75,0
2021-06-14 10:24:02,14440.95,0
2021-06-14 10:24:03,14441.5,0
2021-06-14 10:24:06,14440.75,0
2021-06-14 10:24:07,14440.9,0
2021-06-14 10:24:08,14440.8,0
2021-06-14 10:24:10,14441.15,0
2021-06-14 10:24:11,14441.05,0
2021-06-14 10:24:12,14440.4,0
2021-06-14 10:24:13,14440.9,0
2021-06-14 10:24:15,14440.9,0
2021-06-14 10:24:17,14441.95,0
2021-06-14 10:24:18,14439.45,0
2021-06-14 10:24:19,14440.65,0
2021-06-14 10:24:21,14442.3,0
2021-06-14 10:24:22,14442.15,0
2021-06-14 10:24:23,14442.85,0
2021-06-14 10:24:27,14441.75,0
2021-06-14 10:24:28,14439.7,0
2021-06-14 10:24:29,14442.05,0
2021-06-14 10:24:30,14441.95,0
2021-06-14 10:24:31,14442.5,0
2021-06-14 10:24:32,14441.45,0
2021-06-14 10:24:34,14443.05,0
2021-06-14 10:24:36,14443.15,0
2021-06-14 10:24:38,14444.6,0
2021-06-14 10:24:39,14444.2,0
2021-06-14 10:24:40,14444.25,0
2021-06-14 10:24:42,14443.65,0
2021-06-14 10:24:44,14445.85,0
2021-06-14 10:24:45,14444.75,0
2021-06-14 10:24:47,14446.45,0
2021-06-14 10:24:49,14444.1,0
2021-06-14 10:24:50,14444.6,0
2021-06-14 10:24:51,14441.6,0
2021-06-14 10:24:52,14441.9,0
2021-06-14 10:24:53,14441.35,0
2021-06-14 10:24:54,14441.2,0
2021-06-14 10:24:55,14442.6,0
2021-06-14 10:24:56,14443.4,0
2021-06-14 10:24:57,14443.35,0
2021-06-14 10:24:59,14442.1,0
2021-06-14 10:25:01,14441.4,0
2021-06-14 10:25:02,14443.25,0
2021-06-14 10:25:03,14443.75,0
2021-06-14 10:25:04,14443.9,0
