timestamp,ltp,volume
2021-06-14 09:15:41,28331.4,0
2021-06-14 09:15:42,28328.3,0
2021-06-14 09:15:43,28321.1,0
2021-06-14 09:15:44,28317.8,0
2021-06-14 09:15:45,28328.05,0
2021-06-14 09:15:46,28319.7,0
2021-06-14 09:15:47,28318.95,0
2021-06-14 09:15:48,28323.75,0
2021-06-14 09:15:49,28322.95,0
2021-06-14 09:15:50,28323.1,0
2021-06-14 09:15:51,28334.95,0
2021-06-14 09:15:52,28336.8,0
2021-06-14 09:15:54,28339.45,0
2021-06-14 09:15:56,28340.15,0
2021-06-14 09:15:57,28343.55,0
2021-06-14 09:15:58,28343.25,0
2021-06-14 09:16:00,28353.05,0
2021-06-14 09:16:01,28348.75,0
2021-06-14 09:16:02,28344.2,0
2021-06-14 09:16:03,28347.0,0
2021-06-14 09:16:04,28346.45,0
2021-06-14 09:16:05,28345.2,0
2021-06-14 09:16:06,28346.75,0
2021-06-14 09:16:07,28348.55,0
2021-06-14 09:16:08,28344.35,0
2021-06-14 09:16:09,28346.9,0
2021-06-14 09:16:10,28344.15,0
2021-06-14 09:16:11,28352.2,0
2021-06-14 09:16:14,28348.8,0
2021-06-14 09:16:16,28355.25,0
2021-06-14 09:16:17,28357.45,0
2021-06-14 09:16:18,28350.7,0
2021-06-14 09:16:19,28353.5,0
2021-06-14 09:16:20,28355.75,0
2021-06-14 09:16:22,28368.0,0
2021-06-14 09:16:23,28367.8,0
2021-06-14 09:16:24,28365.1,0
2021-06-14 09:16:25,28364.15,0
2021-06-14 09:16:26,28359.75,0
2021-06-14 09:16:27,28358.45,0
2021-06-14 09:16:28,28362.5,0
2021-06-14 09:16:29,28359.7,0
2021-06-14 09:16:30,28369.05,0
2021-06-14 09:16:31,28371.0,0
2021-06-14 09:16:32,28375.85,0
2021-06-14 09:16:33,28376.25,0
2021-06-14 09:16:35,28394.6,0
2021-06-14 09:16:36,28396.65,0
2021-06-14 09:16:37,28408.95,0
2021-06-14 09:16:38,28403.15,0
2021-06-14 09:16:39,28406.95,0
2021-06-14 09:16:41,28411.2,0
2021-06-14 09:16:42,28412.4,0
2021-06-14 09:16:43,28407.55,0
2021-06-14 09:16:44,28404.55,0
2021-06-14 09:16:45,28411.95,0
2021-06-14 09:16:46,28412.55,0
2021-06-14 09:16:47,28410.65,0
2021-06-14 09:16:48,28415.75,0
2021-06-14 09:16:50,28414.85,0
2021-06-14 09:16:52,28416.0,0
2021-06-14 09:16:53,28405.8,0
2021-06-14 09:16:54,28412.1,0
2021-06-14 09:16:55,28414.1,0
2021-06-14 09:16:59,28415.15,0
2021-06-14 09:17:00,28412.85,0
2021-06-14 09:17:02,28413.4,0
2021-06-14 09:17:03,28412.55,0
2021-06-14 09:17:04,28408.7,0
2021-06-14 09:17:05,28413.95,0
2021-06-14 09:17:06,28419.3,0
2021-06-14 09:17:07,28418.35,0
2021-06-14 09:17:08,28418.2,0
2021-06-14 09:17:12,28443.55,0
2021-06-14 09:17:16,28435.8,0
2021-06-14 09:17:17,28441.8,0
2021-06-14 09:17:18,28449.25,0
2021-06-14 09:17:19,28447.45,0
2021-06-14 09:17:20,28445.1,0
2021-06-14 09:17:21,28444.65,0
2021-06-14 09:17:23,28453.15,0
2021-06-14 09:17:24,28450.2,0
2021-06-14 09:17:25,28454.2,0
2021-06-14 09:17:26,28452.85,0
2021-06-14 09:17:27,28442.55,0
2021-06-14 09:17:28,28445.35,0
2021-06-14 09:17:29,28442.95,0
2021-06-14 09:17:30,28430.6,0
2021-06-14 09:17:31,28441.4,0
2021-06-14 09:17:33,28438.0,0
2021-06-14 09:17:34,28430.7,0
2021-06-14 09:17:35,28435.35,0
2021-06-14 09:17:36,28437.0,0
2021-06-14 09:17:37,28423.8,0
2021-06-14 09:17:38,28433.75,0
2021-06-14 09:17:40,28440.75,0
2021-06-14 09:17:41,28434.6,0
2021-06-14 09:17:42,28434.05,0
2021-06-14 09:17:43,28439.05,0
2021-06-14 09:17:45,28435.65,0
2021-06-14 09:17:46,28432.8,0
2021-06-14 09:17:47,28434.3,0
2021-06-14 09:17:48,28433.45,0
2021-06-14 09:17:50,28433.75,0
2021-06-14 09:17:51,28434.35,0
2021-06-14 09:17:52,28435.1,0
2021-06-14 09:17:53,28430.65,0
2021-06-14 09:17:54,28431.2,0
2021-06-14 09:17:55,28434.05,0
2021-06-14 09:17:56,28426.9,0
2021-06-14 09:17:57,28421.05,0
2021-06-14 09:17:58,28427.1,0
2021-06-14 09:17:59,28424.6,0
2021-06-14 09:18:01,28417.5,0
2021-06-14 09:18:02,28422.4,0
2021-06-14 09:18:03,28416.2,0
2021-06-14 09:18:04,28411.35,0
2021-06-14 09:18:05,28410.1,0
2021-06-14 09:18:06,28407.6,0
2021-06-14 09:18:07,28417.55,0
2021-06-14 09:18:08,28406.25,0
2021-06-14 09:18:09,28411.0,0
2021-06-14 09:18:10,28411.4,0
2021-06-14 09:18:11,28409.4,0
2021-06-14 09:18:12,28404.45,0
2021-06-14 09:18:13,28407.25,0
2021-06-14 09:18:14,28403.55,0
2021-06-14 09:18:15,28405.1,0
2021-06-14 09:18:16,28392.5,0
2021-06-14 09:18:17,28387.8,0
2021-06-14 09:18:18,28392.5,0
2021-06-14 09:18:19,28390.35,0
2021-06-14 09:18:20,28388.85,0
2021-06-14 09:18:21,28387.4,0
2021-06-14 09:18:22,28390.85,0
2021-06-14 09:18:23,28386.9,0
2021-06-14 09:18:24,28392.25,0
2021-06-14 09:18:25,28391.55,0
2021-06-14 09:18:26,28389.55,0
2021-06-14 09:18:27,28384.85,0
2021-06-14 09:18:28,28383.1,0
2021-06-14 09:18:29,28382.5,0
2021-06-14 09:18:30,28385.35,0
2021-06-14 09:18:31,28380.95,0
2021-06-14 09:18:32,28382.8,0
2021-06-14 09:18:34,28383.25,0
2021-06-14 09:18:35,28381.9,0
2021-06-14 09:18:36,28383.85,0
2021-06-14 09:18:37,28379.35,0
2021-06-14 09:18:39,28383.55,0
2021-06-14 09:18:40,28376.75,0
2021-06-14 09:18:41,28382.8,0
2021-06-14 09:18:42,28374.35,0
2021-06-14 09:18:43,28378.65,0
2021-06-14 09:18:44,28382.1,0
2021-06-14 09:18:46,28384.5,0
2021-06-14 09:18:47,28383.05,0
2021-06-14 09:18:48,28381.1,0
2021-06-14 09:18:49,28391.4,0
2021-06-14 09:18:50,28385.85,0
2021-06-14 09:18:51,28389.85,0
2021-06-14 09:18:52,28388.75,0
2021-06-14 09:18:53,28388.55,0
2021-06-14 09:18:57,28389.4,0
2021-06-14 09:18:58,28383.8,0
2021-06-14 09:18:59,28391.9,0
2021-06-14 09:19:00,28388.85,0
2021-06-14 09:19:01,28388.85,0
2021-06-14 09:19:02,28389.3,0
2021-06-14 09:19:03,28384.8,0
2021-06-14 09:19:04,28381.45,0
2021-06-14 09:19:05,28373.7,0
2021-06-14 09:19:06,28383.05,0
2021-06-14 09:19:07,28380.8,0
2021-06-14 09:19:08,28381.2,0
2021-06-14 09:19:10,28380.35,0
2021-06-14 09:19:12,28380.55,0
2021-06-14 09:19:13,28380.95,0
2021-06-14 09:19:15,28383.5,0
2021-06-14 09:19:18,28384.15,0
2021-06-14 09:19:19,28380.4,0
2021-06-14 09:19:20,28381.35,0
2021-06-14 09:19:21,28380.8,0
2021-06-14 09:19:22,28384.95,0
2021-06-14 09:19:23,28384.4,0
2021-06-14 09:19:24,28384.35,0
2021-06-14 09:19:25,28381.3,0
2021-06-14 09:19:27,28382.15,0
2021-06-14 09:19:28,28383.45,0
2021-06-14 09:19:31,28385.95,0
2021-06-14 09:19:32,28387.8,0
2021-06-14 09:19:34,28390.35,0
2021-06-14 09:19:35,28386.95,0
2021-06-14 09:19:37,28389.65,0
2021-06-14 09:19:38,28388.65,0
2021-06-14 09:19:40,28392.1,0
2021-06-14 09:19:42,28396.4,0
2021-06-14 09:19:43,28398.55,0
2021-06-14 09:19:44,28389.0,0
2021-06-14 09:19:45,28389.35,0
2021-06-14 09:19:46,28388.45,0
2021-06-14 09:19:47,28388.95,0
2021-06-14 09:19:48,28392.55,0
2021-06-14 09:19:49,28387.45,0
2021-06-14 09:19:50,28388.95,0
2021-06-14 09:19:51,28389.8,0
2021-06-14 09:19:52,28394.85,0
2021-06-14 09:19:53,28395.05,0
2021-06-14 09:19:54,28394.75,0
2021-06-14 09:19:55,28394.85,0
2021-06-14 09:19:56,28387.3,0
2021-06-14 09:19:57,28388.1,0
2021-06-14 09:19:58,28384.35,0
2021-06-14 09:19:59,28390.95,0
2021-06-14 09:20:01,28378.9,0
2021-06-14 09:20:03,28375.7,0
2021-06-14 09:20:04,28376.3,0
2021-06-14 09:20:05,28377.15,0
2021-06-14 09:20:07,28376.45,0
2021-06-14 09:20:08,28372.75,0
2021-06-14 09:20:09,28373.25,0
2021-06-14 09:20:10,28371.95,0
2021-06-14 09:20:11,28371.35,0
2021-06-14 09:20:12,28375.3,0
2021-06-14 09:20:13,28371.65,0
2021-06-14 09:20:14,28366.85,0
2021-06-14 09:20:18,28359.4,0
2021-06-14 09:20:19,28353.95,0
2021-06-14 09:20:20,28358.15,0
2021-06-14 09:20:21,28354.2,0
2021-06-14 09:20:22,28351.95,0
2021-06-14 09:20:23,28357.45,0
2021-06-14 09:20:24,28355.5,0
2021-06-14 09:20:26,28347.9,0
2021-06-14 09:20:27,28346.35,0
2021-06-14 09:20:29,28343.1,0
2021-06-14 09:20:30,28349.85,0
2021-06-14 09:20:31,28343.25,0
2021-06-14 09:20:32,28343.0,0
2021-06-14 09:20:33,28341.15,0
2021-06-14 09:20:34,28334.3,0
2021-06-14 09:20:35,28336.4,0
2021-06-14 09:20:37,28326.75,0
2021-06-14 09:20:38,28331.2,0
2021-06-14 09:20:39,28329.5,0
2021-06-14 09:20:40,28324.8,0
2021-06-14 09:20:41,28324.5,0
2021-06-14 09:20:42,28322.45,0
2021-06-14 09:20:43,28319.95,0
2021-06-14 09:20:44,28318.75,0
2021-06-14 09:20:45,28315.0,0
2021-06-14 09:20:46,28303.6,0
2021-06-14 09:20:47,28302.3,0
2021-06-14 09:20:48,28300.1,0
2021-06-14 09:20:49,28292.95,0
2021-06-14 09:20:50,28292.2,0
2021-06-14 09:20:52,28293.05,0
2021-06-14 09:20:53,28299.2,0
2021-06-14 09:20:54,28296.7,0
2021-06-14 09:20:55,28294.45,0
2021-06-14 09:20:56,28292.0,0
2021-06-14 09:20:57,28294.8,0
2021-06-14 09:20:58,28302.1,0
2021-06-14 09:21:00,28285.35,0
2021-06-14 09:21:01,28282.5,0
2021-06-14 09:21:02,28286.95,0
2021-06-14 09:21:03,28285.3,0
2021-06-14 09:21:04,28290.4,0
2021-06-14 09:21:05,28279.85,0
2021-06-14 09:21:06,28272.8,0
2021-06-14 09:21:07,28274.85,0
2021-06-14 09:21:09,28281.85,0
2021-06-14 09:21:10,28282.1,0
2021-06-14 09:21:11,28287.25,0
2021-06-14 09:21:12,28284.6,0
2021-06-14 09:21:13,28282.7,0
2021-06-14 09:21:14,28281.5,0
2021-06-14 09:21:15,28282.65,0
2021-06-14 09:21:17,28285.95,0
2021-06-14 09:21:18,28280.0,0
2021-06-14 09:21:19,28283.65,0
2021-06-14 09:21:20,28278.9,0
2021-06-14 09:21:23,28285.0,0
2021-06-14 09:21:24,28280.7,0
2021-06-14 09:21:25,28283.5,0
2021-06-14 09:21:26,28282.35,0
2021-06-14 09:21:27,28279.8,0
2021-06-14 09:21:28,28280.35,0
2021-06-14 09:21:29,28280.9,0
2021-06-14 09:21:30,28283.7,0
2021-06-14 09:21:31,28286.15,0
2021-06-14 09:21:32,28283.95,0
2021-06-14 09:21:33,28281.05,0
2021-06-14 09:21:35,28283.75,0
2021-06-14 09:21:36,28282.8,0
2021-06-14 09:21:37,28282.95,0
2021-06-14 09:21:38,28283.1,0
2021-06-14 09:21:39,28286.0,0
2021-06-14 09:21:40,28284.85,0
2021-06-14 09:21:41,28282.05,0
2021-06-14 09:21:42,28282.7,0
2021-06-14 09:21:43,28279.0,0
2021-06-14 09:21:44,28279.65,0
2021-06-14 09:21:45,28282.85,0
2021-06-14 09:21:47,28279.25,0
2021-06-14 09:21:50,28279.25,0
2021-06-14 09:21:51,28275.5,0
2021-06-14 09:21:52,28276.4,0
2021-06-14 09:21:53,28279.75,0
2021-06-14 09:21:54,28273.5,0
2021-06-14 09:21:55,28275.5,0
2021-06-14 09:21:57,28276.35,0
2021-06-14 09:21:59,28277.3,0
2021-06-14 09:22:00,28279.0,0
2021-06-14 09:22:01,28278.25,0
2021-06-14 09:22:02,28274.2,0
2021-06-14 09:22:05,28272.4,0
2021-06-14 09:22:07,28283.35,0
2021-06-14 09:22:08,28283.65,0
2021-06-14 09:22:09,28283.3,0
2021-06-14 09:22:10,28281.25,0
2021-06-14 09:22:11,28282.45,0
2021-06-14 09:22:12,28281.0,0
2021-06-14 09:22:13,28280.0,0
2021-06-14 09:22:14,28282.05,0
2021-06-14 09:22:15,28285.95,0
2021-06-14 09:22:16,28282.4,0
2021-06-14 09:22:17,28284.9,0
2021-06-14 09:22:18,28281.95,0
2021-06-14 09:22:19,28286.5,0
2021-06-14 09:22:21,28285.9,0
2021-06-14 09:22:22,28288.2,0
2021-06-14 09:22:24,28287.1,0
2021-06-14 09:22:25,28288.45,0
2021-06-14 09:22:26,28287.3,0
2021-06-14 09:22:27,28288.8,0
2021-06-14 09:22:28,28292.05,0
2021-06-14 09:22:29,28287.8,0
2021-06-14 09:22:30,28290.8,0
2021-06-14 09:22:31,28294.0,0
2021-06-14 09:22:32,28297.2,0
2021-06-14 09:22:33,28295.9,0
2021-06-14 09:22:34,28296.5,0
2021-06-14 09:22:35,28296.8,0
2021-06-14 09:22:36,28293.75,0
2021-06-14 09:22:37,28298.2,0
2021-06-14 09:22:38,28298.15,0
2021-06-14 09:22:39,28290.2,0
2021-06-14 09:22:40,28286.75,0
2021-06-14 09:22:42,28282.05,0
2021-06-14 09:22:43,28270.15,0
2021-06-14 09:22:44,28273.2,0
2021-06-14 09:22:45,28272.7,0
2021-06-14 09:22:46,28276.65,0
2021-06-14 09:22:47,28280.2,0
2021-06-14 09:22:48,28280.55,0
2021-06-14 09:22:49,28279.65,0
2021-06-14 09:22:51,28280.45,0
2021-06-14 09:22:52,28278.6,0
2021-06-14 09:22:53,28280.2,0
2021-06-14 09:22:54,28279.8,0
2021-06-14 09:22:55,28279.55,0
2021-06-14 09:22:56,28283.1,0
2021-06-14 09:22:58,28275.95,0
2021-06-14 09:23:00,28279.25,0
2021-06-14 09:23:01,28280.8,0
2021-06-14 09:23:02,28278.0,0
2021-06-14 09:23:03,28281.35,0
2021-06-14 09:23:04,28278.4,0
2021-06-14 09:23:05,28277.45,0
2021-06-14 09:23:06,28276.9,0
2021-06-14 09:23:07,28281.55,0
2021-06-14 09:23:08,28280.4,0
2021-06-14 09:23:10,28277.5,0
2021-06-14 09:23:11,28273.35,0
2021-06-14 09:23:12,28277.7,0
2021-06-14 09:23:13,28281.65,0
2021-06-14 09:23:14,28278.25,0
2021-06-14 09:23:16,28279.8,0
2021-06-14 09:23:17,28277.7,0
2021-06-14 09:23:18,28282.45,0
2021-06-14 09:23:19,28280.95,0
2021-06-14 09:23:20,28281.25,0
2021-06-14 09:23:21,28280.55,0
2021-06-14 09:23:22,28275.5,0
2021-06-14 09:23:23,28275.9,0
2021-06-14 09:23:24,28274.35,0
2021-06-14 09:23:26,28270.25,0
2021-06-14 09:23:27,28268.8,0
2021-06-14 09:23:29,28272.15,0
2021-06-14 09:23:30,28274.95,0
2021-06-14 09:23:33,28266.7,0
2021-06-14 09:23:34,28265.85,0
2021-06-14 09:23:35,28264.95,0
2021-06-14 09:23:37,28265.8,0
2021-06-14 09:23:38,28264.15,0
2021-06-14 09:23:39,28260.95,0
2021-06-14 09:23:40,28263.4,0
2021-06-14 09:23:41,28263.45,0
2021-06-14 09:23:42,28260.9,0
2021-06-14 09:23:43,28259.6,0
2021-06-14 09:23:44,28259.95,0
2021-06-14 09:23:45,28262.6,0
2021-06-14 09:23:46,28266.05,0
2021-06-14 09:23:47,28265.4,0
2021-06-14 09:23:48,28265.0,0
2021-06-14 09:23:49,28260.5,0
2021-06-14 09:23:50,28260.6,0
2021-06-14 09:23:51,28261.05,0
2021-06-14 09:23:52,28263.9,0
2021-06-14 09:23:53,28261.2,0
2021-06-14 09:23:54,28261.15,0
2021-06-14 09:23:55,28258.4,0
2021-06-14 09:23:56,28257.7,0
2021-06-14 09:23:57,28257.55,0
2021-06-14 09:23:58,28255.6,0
2021-06-14 09:23:59,28256.0,0
2021-06-14 09:24:00,28255.5,0
2021-06-14 09:24:02,28247.85,0
2021-06-14 09:24:03,28252.6,0
2021-06-14 09:24:05,28251.1,0
2021-06-14 09:24:06,28251.2,0
2021-06-14 09:24:07,28250.05,0
2021-06-14 09:24:08,28251.3,0
2021-06-14 09:24:09,28246.9,0
2021-06-14 09:24:10,28253.85,0
2021-06-14 09:24:11,28250.7,0
2021-06-14 09:24:12,28248.9,0
2021-06-14 09:24:13,28250.45,0
2021-06-14 09:24:14,28254.9,0
2021-06-14 09:24:15,28244.2,0
2021-06-14 09:24:16,28247.85,0
2021-06-14 09:24:19,28252.35,0
2021-06-14 09:24:20,28247.75,0
2021-06-14 09:24:21,28244.5,0
2021-06-14 09:24:23,28254.6,0
2021-06-14 09:24:24,28251.8,0
2021-06-14 09:24:25,28253.45,0
2021-06-14 09:24:26,28260.25,0
2021-06-14 09:24:27,28255.5,0
2021-06-14 09:24:28,28258.1,0
2021-06-14 09:24:29,28258.4,0
2021-06-14 09:24:30,28249.6,0
2021-06-14 09:24:31,28252.25,0
2021-06-14 09:24:32,28253.3,0
2021-06-14 09:24:33,28252.45,0
2021-06-14 09:24:34,28249.25,0
2021-06-14 09:24:35,28248.25,0
2021-06-14 09:24:36,28249.55,0
2021-06-14 09:24:37,28246.0,0
2021-06-14 09:24:38,28244.9,0
2021-06-14 09:24:39,28251.1,0
2021-06-14 09:24:40,28248.0,0
2021-06-14 09:24:41,28241.2,0
2021-06-14 09:24:43,28249.6,0
2021-06-14 09:24:44,28246.6,0
2021-06-14 09:24:45,28243.7,0
2021-06-14 09:24:46,28242.5,0
2021-06-14 09:24:47,28244.45,0
2021-06-14 09:24:48,28242.4,0
2021-06-14 09:24:49,28251.2,0
2021-06-14 09:24:52,28250.2,0
2021-06-14 09:24:53,28244.25,0
2021-06-14 09:24:54,28250.35,0
2021-06-14 09:24:55,28246.45,0
2021-06-14 09:24:56,28246.9,0
2021-06-14 09:24:57,28245.0,0
2021-06-14 09:24:58,28244.7,0
2021-06-14 09:24:59,28246.75,0
2021-06-14 09:25:00,28239.6,0
2021-06-14 09:25:01,28238.4,0
2021-06-14 09:25:02,28231.4,0
2021-06-14 09:25:03,28225.45,0
2021-06-14 09:25:04,28228.0,0
2021-06-14 09:25:05,28225.5,0
2021-06-14 09:25:06,28228.45,0
2021-06-14 09:25:07,28224.7,0
2021-06-14 09:25:08,28225.3,0
2021-06-14 09:25:09,28228.7,0
2021-06-14 09:25:10,28226.65,0
2021-06-14 09:25:11,28229.0,0
2021-06-14 09:25:12,28223.25,0
2021-06-14 09:25:13,28223.45,0
2021-06-14 09:25:14,28225.55,0
2021-06-14 09:25:15,28222.05,0
2021-06-14 09:25:16,28221.8,0
2021-06-14 09:25:17,28221.05,0
2021-06-14 09:25:18,28217.7,0
2021-06-14 09:25:20,28217.6,0
2021-06-14 09:25:21,28216.65,0
2021-06-14 09:25:22,28211.9,0
2021-06-14 09:25:23,28213.65,0
2021-06-14 09:25:24,28208.95,0
2021-06-14 09:25:25,28205.8,0
2021-06-14 09:25:26,28212.85,0
2021-06-14 09:25:27,28206.95,0
2021-06-14 09:25:28,28208.0,0
2021-06-14 09:25:29,28208.4,0
2021-06-14 09:25:30,28212.3,0
2021-06-14 09:25:31,28207.8,0
2021-06-14 09:25:32,28198.0,0
2021-06-14 09:25:33,28202.2,0
2021-06-14 09:25:34,28198.55,0
2021-06-14 09:25:35,28192.0,0
2021-06-14 09:25:37,28167.2,0
2021-06-14 09:25:38,28166.35,0
2021-06-14 09:25:39,28154.15,0
2021-06-14 09:25:40,28163.8,0
2021-06-14 09:25:41,28152.45,0
2021-06-14 09:25:42,28153.55,0
2021-06-14 09:25:46,28151.0,0
2021-06-14 09:25:47,28148.25,0
2021-06-14 09:25:48,28148.45,0
2021-06-14 09:25:49,28155.2,0
2021-06-14 09:25:50,28153.15,0
2021-06-14 09:25:51,28151.7,0
2021-06-14 09:25:52,28152.0,0
2021-06-14 09:25:53,28146.8,0
2021-06-14 09:25:54,28141.95,0
2021-06-14 09:25:55,28139.95,0
2021-06-14 09:25:57,28137.3,0
2021-06-14 09:25:58,28139.7,0
2021-06-14 09:25:59,28143.45,0
2021-06-14 09:26:00,28142.3,0
2021-06-14 09:26:02,28152.0,0
2021-06-14 09:26:03,28147.7,0
2021-06-14 09:26:04,28148.8,0
2021-06-14 09:26:05,28146.9,0
2021-06-14 09:26:06,28158.95,0
2021-06-14 09:26:07,28151.35,0
2021-06-14 09:26:08,28150.45,0
2021-06-14 09:26:09,28156.9,0
2021-06-14 09:26:10,28154.75,0
2021-06-14 09:26:11,28147.55,0
2021-06-14 09:26:12,28151.6,0
2021-06-14 09:26:14,28139.25,0
2021-06-14 09:26:15,28141.35,0
2021-06-14 09:26:16,28146.1,0
2021-06-14 09:26:17,28146.5,0
2021-06-14 09:26:19,28144.65,0
2021-06-14 09:26:20,28149.05,0
2021-06-14 09:26:21,28145.2,0
2021-06-14 09:26:22,28139.2,0
2021-06-14 09:26:25,28141.7,0
2021-06-14 09:26:26,28142.65,0
2021-06-14 09:26:27,28143.65,0
2021-06-14 09:26:28,28141.1,0
2021-06-14 09:26:29,28141.45,0
2021-06-14 09:26:31,28161.35,0
2021-06-14 09:26:32,28164.45,0
2021-06-14 09:26:33,28173.7,0
2021-06-14 09:26:35,28175.95,0
2021-06-14 09:26:37,28174.9,0
2021-06-14 09:26:38,28179.6,0
2021-06-14 09:26:40,28174.9,0
2021-06-14 09:26:41,28177.7,0
2021-06-14 09:26:42,28174.9,0
2021-06-14 09:26:43,28174.65,0
2021-06-14 09:26:44,28174.5,0
2021-06-14 09:26:45,28179.1,0
2021-06-14 09:26:47,28179.25,0
2021-06-14 09:26:49,28179.75,0
2021-06-14 09:26:50,28180.8,0
2021-06-14 09:26:51,28183.25,0
2021-06-14 09:26:52,28182.95,0
2021-06-14 09:26:53,28186.75,0
2021-06-14 09:26:54,28182.75,0
2021-06-14 09:26:55,28181.7,0
2021-06-14 09:26:56,28188.6,0
2021-06-14 09:26:57,28190.2,0
2021-06-14 09:26:58,28188.75,0
2021-06-14 09:26:59,28191.15,0
2021-06-14 09:27:00,28192.35,0
2021-06-14 09:27:01,28209.45,0
2021-06-14 09:27:03,28210.45,0
2021-06-14 09:27:04,28204.75,0
2021-06-14 09:27:05,28203.25,0
2021-06-14 09:27:06,28205.15,0
2021-06-14 09:27:08,28199.6,0
2021-06-14 09:27:09,28206.45,0
2021-06-14 09:27:10,28208.8,0
2021-06-14 09:27:11,28211.2,0
2021-06-14 09:27:13,28213.75,0
2021-06-14 09:27:14,28211.9,0
2021-06-14 09:27:15,28211.5,0
2021-06-14 09:27:16,28215.05,0
2021-06-14 09:27:17,28218.7,0
2021-06-14 09:27:18,28216.15,0
2021-06-14 09:27:19,28217.25,0
2021-06-14 09:27:20,28218.4,0
2021-06-14 09:27:21,28220.0,0
2021-06-14 09:27:22,28222.15,0
2021-06-14 09:27:23,28221.6,0
2021-06-14 09:27:24,28220.35,0
2021-06-14 09:27:25,28221.35,0
2021-06-14 09:27:26,28218.35,0
2021-06-14 09:27:27,28220.2,0
2021-06-14 09:27:28,28218.6,0
2021-06-14 09:27:29,28220.15,0
2021-06-14 09:27:30,28219.75,0
2021-06-14 09:27:31,28216.2,0
2021-06-14 09:27:32,28215.65,0
2021-06-14 09:27:33,28219.65,0
2021-06-14 09:27:34,28221.25,0
2021-06-14 09:27:35,28220.6,0
2021-06-14 09:27:36,28225.15,0
2021-06-14 09:27:37,28216.9,0
2021-06-14 09:27:38,28217.15,0
2021-06-14 09:27:40,28226.55,0
2021-06-14 09:27:42,28227.25,0
2021-06-14 09:27:43,28230.2,0
2021-06-14 09:27:44,28232.35,0
2021-06-14 09:27:45,28230.85,0
2021-06-14 09:27:46,28226.85,0
2021-06-14 09:27:47,28232.25,0
2021-06-14 09:27:48,28231.8,0
2021-06-14 09:27:49,28231.05,0
2021-06-14 09:27:51,28231.85,0
2021-06-14 09:27:52,28236.0,0
2021-06-14 09:27:53,28236.5,0
2021-06-14 09:27:54,28235.0,0
2021-06-14 09:27:55,28240.0,0
2021-06-14 09:27:56,28236.5,0
2021-06-14 09:27:57,28237.35,0
2021-06-14 09:27:58,28233.25,0
2021-06-14 09:28:00,28234.05,0
2021-06-14 09:28:01,28237.75,0
2021-06-14 09:28:02,28228.75,0
2021-06-14 09:28:03,28232.6,0
2021-06-14 09:28:04,28228.75,0
2021-06-14 09:28:05,28234.4,0
2021-06-14 09:28:06,28230.05,0
2021-06-14 09:28:07,28233.85,0
2021-06-14 09:28:08,28232.7,0
2021-06-14 09:28:09,28234.65,0
2021-06-14 09:28:10,28230.5,0
2021-06-14 09:28:11,28234.75,0
2021-06-14 09:28:12,28236.1,0
2021-06-14 09:28:13,28237.6,0
2021-06-14 09:28:14,28233.6,0
2021-06-14 09:28:15,28234.1,0
2021-06-14 09:28:16,28238.95,0
2021-06-14 09:28:17,28238.75,0
2021-06-14 09:28:18,28236.5,0
2021-06-14 09:28:19,28237.95,0
2021-06-14 09:28:20,28238.85,0
2021-06-14 09:28:21,28237.4,0
2021-06-14 09:28:22,28239.55,0
2021-06-14 09:28:23,28237.75,0
2021-06-14 09:28:24,28238.25,0
2021-06-14 09:28:25,28234.5,0
2021-06-14 09:28:26,28237.3,0
2021-06-14 09:28:27,28235.05,0
2021-06-14 09:28:28,28238.2,0
2021-06-14 09:28:29,28237.15,0
2021-06-14 09:28:30,28237.1,0
2021-06-14 09:28:31,28238.05,0
2021-06-14 09:28:32,28238.55,0
2021-06-14 09:28:33,28234.25,0
2021-06-14 09:28:34,28231.3,0
2021-06-14 09:28:35,28236.2,0
2021-06-14 09:28:36,28239.7,0
2021-06-14 09:28:37,28236.2,0
2021-06-14 09:28:39,28234.35,0
2021-06-14 09:28:40,28235.2,0
2021-06-14 09:28:41,28236.05,0
2021-06-14 09:28:42,28230.75,0
2021-06-14 09:28:43,28231.05,0
2021-06-14 09:28:44,28231.3,0
2021-06-14 09:28:45,28230.9,0
2021-06-14 09:28:46,28228.75,0
2021-06-14 09:28:47,28231.05,0
2021-06-14 09:28:48,28225.15,0
2021-06-14 09:28:49,28229.65,0
2021-06-14 09:28:51,28229.45,0
2021-06-14 09:28:53,28232.25,0
2021-06-14 09:28:54,28233.8,0
2021-06-14 09:28:55,28233.4,0
2021-06-14 09:28:56,28232.9,0
2021-06-14 09:28:57,28234.65,0
2021-06-14 09:28:58,28231.15,0
2021-06-14 09:29:01,28234.0,0
2021-06-14 09:29:03,28232.75,0
2021-06-14 09:29:04,28233.25,0
2021-06-14 09:29:05,28235.2,0
2021-06-14 09:29:06,28234.35,0
2021-06-14 09:29:07,28237.2,0
2021-06-14 09:29:08,28235.95,0
2021-06-14 09:29:10,28235.75,0
2021-06-14 09:29:11,28234.15,0
2021-06-14 09:29:12,28236.4,0
2021-06-14 09:29:13,28232.3,0
2021-06-14 09:29:14,28237.3,0
2021-06-14 09:29:15,28235.75,0
2021-06-14 09:29:18,28232.65,0
2021-06-14 09:29:19,28233.7,0
2021-06-14 09:29:20,28235.0,0
2021-06-14 09:29:21,28233.9,0
2021-06-14 09:29:22,28235.6,0
2021-06-14 09:29:23,28230.15,0
2021-06-14 09:29:24,28231.0,0
2021-06-14 09:29:25,28228.6,0
2021-06-14 09:29:26,28228.1,0
2021-06-14 09:29:27,28230.75,0
2021-06-14 09:29:28,28232.3,0
2021-06-14 09:29:29,28231.85,0
2021-06-14 09:29:31,28233.5,0
2021-06-14 09:29:33,28236.65,0
2021-06-14 09:29:34,28232.95,0
2021-06-14 09:29:35,28228.8,0
2021-06-14 09:29:36,28233.2,0
2021-06-14 09:29:37,28232.85,0
2021-06-14 09:29:38,28231.05,0
2021-06-14 09:29:39,28233.45,0
2021-06-14 09:29:40,28233.4,0
2021-06-14 09:29:41,28230.9,0
2021-06-14 09:29:42,28236.0,0
2021-06-14 09:29:43,28234.35,0
2021-06-14 09:29:44,28234.05,0
2021-06-14 09:29:45,28239.25,0
2021-06-14 09:29:46,28236.55,0
2021-06-14 09:29:48,28233.2,0
2021-06-14 09:29:49,28235.1,0
2021-06-14 09:29:50,28238.5,0
2021-06-14 09:29:52,28235.45,0
2021-06-14 09:29:53,28241.55,0
2021-06-14 09:29:54,28237.65,0
2021-06-14 09:29:55,28234.65,0
2021-06-14 09:29:56,28238.4,0
2021-06-14 09:29:57,28236.3,0
2021-06-14 09:29:59,28233.95,0
2021-06-14 09:30:00,28237.65,0
2021-06-14 09:30:01,28235.85,0
2021-06-14 09:30:03,28237.45,0
2021-06-14 09:30:04,28235.35,0
2021-06-14 09:30:05,28230.65,0
2021-06-14 09:30:06,28226.75,0
2021-06-14 09:30:07,28231.55,0
2021-06-14 09:30:08,28227.45,0
2021-06-14 09:30:09,28222.6,0
2021-06-14 09:30:10,28222.25,0
2021-06-14 09:30:11,28228.2,0
2021-06-14 09:30:12,28226.85,0
2021-06-14 09:30:13,28228.1,0
2021-06-14 09:30:14,28230.3,0
2021-06-14 09:30:15,28229.85,0
2021-06-14 09:30:16,28225.95,0
2021-06-14 09:30:17,28228.95,0
2021-06-14 09:30:18,28233.0,0
2021-06-14 09:30:19,28233.9,0
2021-06-14 09:30:20,28231.9,0
2021-06-14 09:30:22,28231.6,0
2021-06-14 09:30:23,28231.45,0
2021-06-14 09:30:24,28235.05,0
2021-06-14 09:30:26,28238.05,0
2021-06-14 09:30:27,28243.5,0
2021-06-14 09:30:28,28245.75,0
2021-06-14 09:30:29,28251.6,0
2021-06-14 09:30:30,28251.95,0
2021-06-14 09:30:31,28253.7,0
2021-06-14 09:30:32,28251.9,0
2021-06-14 09:30:33,28248.55,0
2021-06-14 09:30:34,28249.9,0
2021-06-14 09:30:35,28250.1,0
2021-06-14 09:30:36,28255.05,0
2021-06-14 09:30:37,28257.65,0
2021-06-14 09:30:38,28254.95,0
2021-06-14 09:30:39,28256.55,0
2021-06-14 09:30:40,28261.35,0
2021-06-14 09:30:41,28261.1,0
2021-06-14 09:30:42,28263.5,0
2021-06-14 09:30:43,28263.85,0
2021-06-14 09:30:44,28271.2,0
2021-06-14 09:30:45,28269.45,0
2021-06-14 09:30:46,28274.45,0
2021-06-14 09:30:47,28273.45,0
2021-06-14 09:30:48,28277.4,0
2021-06-14 09:30:50,28282.25,0
2021-06-14 09:30:51,28285.95,0
2021-06-14 09:30:52,28285.45,0
2021-06-14 09:30:54,28289.1,0
2021-06-14 09:30:55,28286.85,0
2021-06-14 09:30:56,28287.15,0
2021-06-14 09:30:58,28284.65,0
2021-06-14 09:31:00,28287.25,0
2021-06-14 09:31:01,28288.4,0
2021-06-14 09:31:02,28283.7,0
2021-06-14 09:31:03,28279.85,0
2021-06-14 09:31:04,28279.3,0
2021-06-14 09:31:06,28276.25,0
2021-06-14 09:31:07,28273.7,0
2021-06-14 09:31:09,28269.55,0
2021-06-14 09:31:10,28271.0,0
2021-06-14 09:31:11,28268.15,0
2021-06-14 09:31:12,28268.35,0
2021-06-14 09:31:13,28270.0,0
2021-06-14 09:31:14,28263.4,0
2021-06-14 09:31:15,28259.2,0
2021-06-14 09:31:16,28266.7,0
2021-06-14 09:31:17,28265.55,0
2021-06-14 09:31:18,28260.4,0
2021-06-14 09:31:19,28260.3,0
2021-06-14 09:31:20,28259.1,0
2021-06-14 09:31:21,28257.95,0
2021-06-14 09:31:22,28259.3,0
2021-06-14 09:31:23,28257.45,0
2021-06-14 09:31:24,28259.6,0
2021-06-14 09:31:25,28258.05,0
2021-06-14 09:31:26,28260.3,0
2021-06-14 09:31:27,28260.3,0
2021-06-14 09:31:28,28254.45,0
2021-06-14 09:31:29,28255.35,0
2021-06-14 09:31:31,28247.95,0
2021-06-14 09:31:32,28252.95,0
2021-06-14 09:31:33,28249.8,0
2021-06-14 09:31:34,28255.05,0
2021-06-14 09:31:35,28251.65,0
2021-06-14 09:31:36,28248.2,0
2021-06-14 09:31:37,28256.4,0
2021-06-14 09:31:38,28250.95,0
2021-06-14 09:31:39,28251.5,0
2021-06-14 09:31:40,28245.65,0
2021-06-14 09:31:41,28243.85,0
2021-06-14 09:31:42,28250.6,0
2021-06-14 09:31:44,28249.6,0
2021-06-14 09:31:45,28247.5,0
2021-06-14 09:31:46,28247.35,0
2021-06-14 09:31:47,28242.05,0
2021-06-14 09:31:48,28242.1,0
2021-06-14 09:31:49,28242.9,0
2021-06-14 09:31:51,28232.0,0
2021-06-14 09:31:52,28236.1,0
2021-06-14 09:31:53,28230.05,0
2021-06-14 09:31:54,28229.5,0
2021-06-14 09:31:56,28225.75,0
2021-06-14 09:31:57,28225.85,0
2021-06-14 09:32:00,28225.3,0
2021-06-14 09:32:02,28221.2,0
2021-06-14 09:32:04,28222.4,0
2021-06-14 09:32:05,28218.95,0
2021-06-14 09:32:06,28214.5,0
2021-06-14 09:32:07,28220.0,0
2021-06-14 09:32:08,28213.25,0
2021-06-14 09:32:09,28216.75,0
2021-06-14 09:32:11,28215.85,0
2021-06-14 09:32:12,28215.6,0
2021-06-14 09:32:13,28212.0,0
2021-06-14 09:32:15,28214.1,0
2021-06-14 09:32:16,28211.3,0
2021-06-14 09:32:17,28213.75,0
2021-06-14 09:32:18,28209.45,0
2021-06-14 09:32:19,28210.6,0
2021-06-14 09:32:20,28210.95,0
2021-06-14 09:32:24,28191.55,0
2021-06-14 09:32:25,28192.9,0
2021-06-14 09:32:26,28189.45,0
2021-06-14 09:32:27,28189.9,0
2021-06-14 09:32:29,28184.5,0
2021-06-14 09:32:31,28186.1,0
2021-06-14 09:32:32,28181.05,0
2021-06-14 09:32:33,28184.55,0
2021-06-14 09:32:34,28187.55,0
2021-06-14 09:32:35,28187.9,0
2021-06-14 09:32:36,28185.05,0
2021-06-14 09:32:38,28182.0,0
2021-06-14 09:32:40,28182.9,0
2021-06-14 09:32:41,28184.05,0
2021-06-14 09:32:43,28184.05,0
2021-06-14 09:32:45,28182.4,0
2021-06-14 09:32:46,28189.65,0
2021-06-14 09:32:47,28193.5,0
2021-06-14 09:32:48,28192.7,0
2021-06-14 09:32:49,28194.7,0
2021-06-14 09:32:51,28212.0,0
2021-06-14 09:32:52,28212.1,0
2021-06-14 09:32:53,28217.8,0
2021-06-14 09:32:54,28223.2,0
2021-06-14 09:32:55,28221.6,0
2021-06-14 09:32:56,28222.25,0
2021-06-14 09:32:57,28221.3,0
2021-06-14 09:33:01,28228.4,0
2021-06-14 09:33:02,28228.95,0
2021-06-14 09:33:03,28227.15,0
2021-06-14 09:33:04,28224.1,0
2021-06-14 09:33:05,28223.75,0
2021-06-14 09:33:06,28220.7,0
2021-06-14 09:33:07,28216.5,0
2021-06-14 09:33:08,28217.05,0
2021-06-14 09:33:09,28218.75,0
2021-06-14 09:33:10,28212.65,0
2021-06-14 09:33:11,28220.05,0
2021-06-14 09:33:12,28210.55,0
2021-06-14 09:33:13,28213.9,0
2021-06-14 09:33:14,28215.8,0
2021-06-14 09:33:17,28225.15,0
2021-06-14 09:33:21,28223.85,0
2021-06-14 09:33:24,28227.4,0
2021-06-14 09:33:25,28230.3,0
2021-06-14 09:33:26,28226.2,0
2021-06-14 09:33:27,28224.15,0
2021-06-14 09:33:28,28217.4,0
2021-06-14 09:33:29,28223.25,0
2021-06-14 09:33:30,28219.65,0
2021-06-14 09:33:31,28219.8,0
2021-06-14 09:33:34,28211.05,0
2021-06-14 09:33:37,28212.7,0
2021-06-14 09:33:38,28211.8,0
2021-06-14 09:33:39,28211.15,0
2021-06-14 09:33:40,28210.7,0
2021-06-14 09:33:41,28209.25,0
2021-06-14 09:33:43,28209.8,0
2021-06-14 09:33:44,28208.3,0
2021-06-14 09:33:45,28210.6,0
2021-06-14 09:33:47,28208.75,0
2021-06-14 09:33:48,28205.45,0
2021-06-14 09:33:49,28209.55,0
2021-06-14 09:33:51,28202.4,0
2021-06-14 09:33:52,28195.55,0
2021-06-14 09:33:54,28200.55,0
2021-06-14 09:33:55,28201.9,0
2021-06-14 09:33:56,28201.35,0
2021-06-14 09:33:57,28204.9,0
2021-06-14 09:33:58,28197.6,0
2021-06-14 09:33:59,28197.9,0
2021-06-14 09:34:01,28202.65,0
2021-06-14 09:34:02,28205.3,0
2021-06-14 09:34:04,28204.95,0
2021-06-14 09:34:07,28201.0,0
2021-06-14 09:34:09,28205.2,0
2021-06-14 09:34:10,28207.5,0
2021-06-14 09:34:11,28206.55,0
2021-06-14 09:34:12,28217.6,0
2021-06-14 09:34:13,28220.15,0
2021-06-14 09:34:14,28216.9,0
2021-06-14 09:34:15,28217.1,0
2021-06-14 09:34:16,28217.5,0
2021-06-14 09:34:17,28215.7,0
2021-06-14 09:34:18,28216.65,0
2021-06-14 09:34:20,28224.0,0
2021-06-14 09:34:22,28220.95,0
2021-06-14 09:34:23,28225.4,0
2021-06-14 09:34:24,28225.2,0
2021-06-14 09:34:25,28221.6,0
2021-06-14 09:34:26,28222.85,0
2021-06-14 09:34:27,28224.35,0
2021-06-14 09:34:30,28221.5,0
2021-06-14 09:34:31,28223.6,0
2021-06-14 09:34:32,28221.4,0
2021-06-14 09:34:33,28218.7,0
2021-06-14 09:34:34,28221.1,0
2021-06-14 09:34:35,28218.6,0
2021-06-14 09:34:36,28217.05,0
2021-06-14 09:34:37,28220.45,0
2021-06-14 09:34:38,28216.6,0
2021-06-14 09:34:39,28219.25,0
2021-06-14 09:34:40,28220.0,0
2021-06-14 09:34:42,28216.9,0
2021-06-14 09:34:41,28216.6,0
2021-06-14 09:34:43,28212.2,0
2021-06-14 09:34:44,28215.55,0
2021-06-14 09:34:45,28218.3,0
2021-06-14 09:34:46,28210.5,0
2021-06-14 09:34:47,28216.2,0
2021-06-14 09:34:48,28209.9,0
2021-06-14 09:34:49,28213.7,0
2021-06-14 09:34:50,28212.8,0
2021-06-14 09:34:51,28214.4,0
2021-06-14 09:34:52,28215.6,0
2021-06-14 09:34:53,28218.1,0
2021-06-14 09:34:54,28217.7,0
2021-06-14 09:34:55,28218.1,0
2021-06-14 09:34:56,28218.95,0
2021-06-14 09:34:57,28216.85,0
2021-06-14 09:34:58,28214.15,0
2021-06-14 09:34:59,28214.25,0
2021-06-14 09:35:00,28217.95,0
2021-06-14 09:35:01,28216.3,0
2021-06-14 09:35:03,28223.65,0
2021-06-14 09:35:04,28219.15,0
2021-06-14 09:35:05,28220.9,0
2021-06-14 09:35:06,28221.3,0
2021-06-14 09:35:07,28223.75,0
2021-06-14 09:35:08,28219.6,0
2021-06-14 09:35:09,28221.05,0
2021-06-14 09:35:10,28223.6,0
2021-06-14 09:35:11,28220.05,0
2021-06-14 09:35:12,28222.2,0
2021-06-14 09:35:14,28220.6,0
2021-06-14 09:35:15,28222.05,0
2021-06-14 09:35:16,28223.6,0
2021-06-14 09:35:17,28223.9,0
2021-06-14 09:35:18,28220.55,0
2021-06-14 09:35:19,28221.2,0
2021-06-14 09:35:20,28221.5,0
2021-06-14 09:35:21,28220.45,0
2021-06-14 09:35:22,28221.95,0
2021-06-14 09:35:23,28220.25,0
2021-06-14 09:35:25,28225.55,0
2021-06-14 09:35:26,28232.6,0
2021-06-14 09:35:28,28237.2,0
2021-06-14 09:35:29,28236.65,0
2021-06-14 09:35:30,28239.65,0
2021-06-14 09:35:32,28239.6,0
2021-06-14 09:35:33,28239.4,0
2021-06-14 09:35:35,28243.65,0
2021-06-14 09:35:37,28245.05,0
2021-06-14 09:35:38,28235.35,0
2021-06-14 09:35:40,28239.25,0
2021-06-14 09:35:41,28246.0,0
2021-06-14 09:35:42,28241.4,0
2021-06-14 09:35:43,28241.0,0
2021-06-14 09:35:44,28242.2,0
2021-06-14 09:35:45,28238.1,0
2021-06-14 09:35:46,28240.15,0
2021-06-14 09:35:47,28243.6,0
2021-06-14 09:35:48,28242.5,0
2021-06-14 09:35:51,28247.45,0
2021-06-14 09:35:52,28241.1,0
2021-06-14 09:35:53,28248.9,0
2021-06-14 09:35:54,28250.35,0
2021-06-14 09:35:56,28248.6,0
2021-06-14 09:35:58,28247.0,0
2021-06-14 09:36:00,28247.5,0
2021-06-14 09:36:01,28247.15,0
2021-06-14 09:36:02,28244.95,0
2021-06-14 09:36:03,28244.6,0
2021-06-14 09:36:04,28243.8,0
2021-06-14 09:36:06,28241.15,0
2021-06-14 09:36:08,28241.45,0
2021-06-14 09:36:11,28244.6,0
2021-06-14 09:36:12,28246.15,0
2021-06-14 09:36:13,28246.55,0
2021-06-14 09:36:14,28241.1,0
2021-06-14 09:36:15,28244.2,0
2021-06-14 09:36:16,28242.35,0
2021-06-14 09:36:17,28243.55,0
2021-06-14 09:36:19,28243.05,0
2021-06-14 09:36:21,28246.55,0
2021-06-14 09:36:22,28246.75,0
2021-06-14 09:36:24,28245.05,0
2021-06-14 09:36:25,28243.3,0
2021-06-14 09:36:26,28242.4,0
2021-06-14 09:36:27,28240.9,0
2021-06-14 09:36:28,28245.3,0
2021-06-14 09:36:29,28240.05,0
2021-06-14 09:36:30,28247.7,0
2021-06-14 09:36:31,28244.5,0
2021-06-14 09:36:32,28241.95,0
2021-06-14 09:36:33,28243.1,0
2021-06-14 09:36:34,28245.6,0
2021-06-14 09:36:35,28249.2,0
2021-06-14 09:36:36,28248.75,0
2021-06-14 09:36:37,28248.75,0
2021-06-14 09:36:38,28247.1,0
2021-06-14 09:36:39,28247.5,0
2021-06-14 09:36:40,28245.05,0
2021-06-14 09:36:42,28237.95,0
2021-06-14 09:36:43,28242.4,0
2021-06-14 09:36:44,28242.65,0
2021-06-14 09:36:45,28240.4,0
2021-06-14 09:36:46,28233.55,0
2021-06-14 09:36:47,28235.4,0
2021-06-14 09:36:48,28237.55,0
2021-06-14 09:36:49,28233.75,0
2021-06-14 09:36:51,28239.5,0
2021-06-14 09:36:52,28238.45,0
2021-06-14 09:36:53,28237.5,0
2021-06-14 09:36:54,28233.6,0
2021-06-14 09:36:55,28238.3,0
2021-06-14 09:36:56,28238.25,0
2021-06-14 09:36:57,28236.75,0
2021-06-14 09:36:58,28233.3,0
2021-06-14 09:36:59,28236.3,0
2021-06-14 09:37:00,28235.65,0
2021-06-14 09:37:01,28232.15,0
2021-06-14 09:37:02,28227.4,0
2021-06-14 09:37:03,28230.95,0
2021-06-14 09:37:05,28229.2,0
2021-06-14 09:37:06,28235.3,0
2021-06-14 09:37:08,28230.45,0
2021-06-14 09:37:09,28232.85,0
2021-06-14 09:37:10,28234.1,0
2021-06-14 09:37:11,28235.9,0
2021-06-14 09:37:12,28229.8,0
2021-06-14 09:37:13,28230.2,0
2021-06-14 09:37:14,28230.35,0
2021-06-14 09:37:15,28229.5,0
2021-06-14 09:37:16,28228.3,0
2021-06-14 09:37:17,28232.3,0
2021-06-14 09:37:18,28222.45,0
2021-06-14 09:37:19,28219.3,0
2021-06-14 09:37:20,28222.4,0
2021-06-14 09:37:21,28220.75,0
2021-06-14 09:37:22,28227.85,0
2021-06-14 09:37:23,28229.7,0
2021-06-14 09:37:24,28224.45,0
2021-06-14 09:37:25,28226.55,0
2021-06-14 09:37:26,28229.85,0
2021-06-14 09:37:27,28226.2,0
2021-06-14 09:37:28,28225.9,0
2021-06-14 09:37:29,28230.15,0
2021-06-14 09:37:30,28225.7,0
2021-06-14 09:37:31,28221.45,0
2021-06-14 09:37:32,28223.3,0
2021-06-14 09:37:33,28226.35,0
2021-06-14 09:37:34,28226.0,0
2021-06-14 09:37:36,28222.3,0
2021-06-14 09:37:37,28223.55,0
2021-06-14 09:37:38,28221.75,0
2021-06-14 09:37:40,28220.6,0
2021-06-14 09:37:41,28224.2,0
2021-06-14 09:37:42,28221.95,0
2021-06-14 09:37:43,28225.45,0
2021-06-14 09:37:44,28224.25,0
2021-06-14 09:37:46,28227.5,0
2021-06-14 09:37:47,28231.9,0
2021-06-14 09:37:48,28228.5,0
2021-06-14 09:37:49,28230.05,0
2021-06-14 09:37:50,28231.3,0
2021-06-14 09:37:51,28236.5,0
2021-06-14 09:37:52,28236.4,0
2021-06-14 09:37:53,28247.45,0
2021-06-14 09:37:54,28248.4,0
2021-06-14 09:37:55,28247.05,0
2021-06-14 09:37:58,28241.35,0
2021-06-14 09:37:59,28241.45,0
2021-06-14 09:38:00,28244.3,0
2021-06-14 09:38:01,28246.3,0
2021-06-14 09:38:02,28246.15,0
2021-06-14 09:38:03,28243.0,0
2021-06-14 09:38:05,28245.75,0
2021-06-14 09:38:06,28245.45,0
2021-06-14 09:38:09,28244.85,0
2021-06-14 09:38:10,28242.5,0
2021-06-14 09:38:11,28241.45,0
2021-06-14 09:38:12,28238.0,0
2021-06-14 09:38:13,28238.25,0
2021-06-14 09:38:14,28238.6,0
2021-06-14 09:38:15,28236.2,0
2021-06-14 09:38:16,28237.85,0
2021-06-14 09:38:17,28233.55,0
2021-06-14 09:38:18,28236.05,0
2021-06-14 09:38:19,28239.75,0
2021-06-14 09:38:20,28237.35,0
2021-06-14 09:38:21,28233.95,0
2021-06-14 09:38:22,28230.9,0
2021-06-14 09:38:25,28234.65,0
2021-06-14 09:38:28,28228.3,0
2021-06-14 09:38:29,28230.75,0
2021-06-14 09:38:30,28231.6,0
2021-06-14 09:38:31,28231.45,0
2021-06-14 09:38:32,28229.7,0
2021-06-14 09:38:33,28233.5,0
2021-06-14 09:38:34,28236.1,0
2021-06-14 09:38:35,28238.15,0
2021-06-14 09:38:36,28237.6,0
2021-06-14 09:38:38,28237.75,0
2021-06-14 09:38:39,28242.05,0
2021-06-14 09:38:40,28241.3,0
2021-06-14 09:38:41,28239.7,0
2021-06-14 09:38:42,28244.7,0
2021-06-14 09:38:43,28242.55,0
2021-06-14 09:38:44,28244.7,0
2021-06-14 09:38:45,28245.5,0
2021-06-14 09:38:46,28249.2,0
2021-06-14 09:38:48,28246.1,0
2021-06-14 09:38:49,28250.25,0
2021-06-14 09:38:50,28250.4,0
2021-06-14 09:38:51,28250.1,0
2021-06-14 09:38:52,28255.05,0
2021-06-14 09:38:53,28255.45,0
2021-06-14 09:38:54,28254.95,0
2021-06-14 09:38:55,28255.2,0
2021-06-14 09:38:57,28262.65,0
2021-06-14 09:38:58,28260.0,0
2021-06-14 09:38:59,28263.1,0
2021-06-14 09:39:00,28261.35,0
2021-06-14 09:39:01,28262.85,0
2021-06-14 09:39:02,28262.1,0
2021-06-14 09:39:03,28259.15,0
2021-06-14 09:39:04,28261.05,0
2021-06-14 09:39:05,28258.2,0
2021-06-14 09:39:06,28261.1,0
2021-06-14 09:39:07,28263.4,0
2021-06-14 09:39:08,28262.25,0
2021-06-14 09:39:09,28261.65,0
2021-06-14 09:39:10,28264.75,0
2021-06-14 09:39:11,28266.3,0
2021-06-14 09:39:12,28262.95,0
2021-06-14 09:39:13,28264.75,0
2021-06-14 09:39:14,28268.15,0
2021-06-14 09:39:15,28267.0,0
2021-06-14 09:39:16,28271.75,0
2021-06-14 09:39:17,28269.95,0
2021-06-14 09:39:18,28269.6,0
2021-06-14 09:39:19,28267.95,0
2021-06-14 09:39:20,28267.85,0
2021-06-14 09:39:21,28272.8,0
2021-06-14 09:39:22,28274.6,0
2021-06-14 09:39:23,28273.9,0
2021-06-14 09:39:24,28274.35,0
2021-06-14 09:39:25,28273.6,0
2021-06-14 09:39:26,28275.55,0
2021-06-14 09:39:27,28277.35,0
2021-06-14 09:39:28,28274.25,0
2021-06-14 09:39:29,28271.45,0
2021-06-14 09:39:30,28273.45,0
2021-06-14 09:39:31,28272.35,0
2021-06-14 09:39:32,28279.8,0
2021-06-14 09:39:33,28279.2,0
2021-06-14 09:39:35,28275.3,0
2021-06-14 09:39:36,28275.65,0
2021-06-14 09:39:37,28278.5,0
2021-06-14 09:39:38,28278.65,0
2021-06-14 09:39:39,28280.6,0
2021-06-14 09:39:40,28281.65,0
2021-06-14 09:39:41,28284.15,0
2021-06-14 09:39:42,28281.35,0
2021-06-14 09:39:43,28278.15,0
2021-06-14 09:39:44,28283.6,0
2021-06-14 09:39:45,28285.15,0
2021-06-14 09:39:46,28284.45,0
2021-06-14 09:39:49,28284.0,0
2021-06-14 09:39:50,28284.1,0
2021-06-14 09:39:52,28284.4,0
2021-06-14 09:39:54,28306.55,0
2021-06-14 09:39:55,28301.65,0
2021-06-14 09:39:56,28307.65,0
2021-06-14 09:39:59,28306.65,0
2021-06-14 09:40:01,28312.2,0
2021-06-14 09:40:02,28316.35,0
2021-06-14 09:40:03,28315.05,0
2021-06-14 09:40:04,28315.45,0
2021-06-14 09:40:05,28317.35,0
2021-06-14 09:40:06,28321.05,0
2021-06-14 09:40:07,28312.9,0
2021-06-14 09:40:08,28314.05,0
2021-06-14 09:40:09,28318.7,0
2021-06-14 09:40:11,28315.15,0
2021-06-14 09:40:12,28320.85,0
2021-06-14 09:40:13,28317.1,0
2021-06-14 09:40:14,28294.45,0
2021-06-14 09:40:16,28303.25,0
2021-06-14 09:40:17,28293.55,0
2021-06-14 09:40:18,28304.9,0
2021-06-14 09:40:19,28300.8,0
2021-06-14 09:40:23,28305.9,0
2021-06-14 09:40:24,28305.2,0
2021-06-14 09:40:26,28301.6,0
2021-06-14 09:40:29,28296.3,0
2021-06-14 09:40:31,28298.35,0
2021-06-14 09:40:32,28298.8,0
2021-06-14 09:40:34,28302.35,0
2021-06-14 09:40:36,28296.1,0
2021-06-14 09:40:37,28299.05,0
2021-06-14 09:40:38,28297.4,0
2021-06-14 09:40:39,28292.75,0
2021-06-14 09:40:40,28297.85,0
2021-06-14 09:40:41,28296.15,0
2021-06-14 09:40:43,28298.55,0
2021-06-14 09:40:44,28303.05,0
2021-06-14 09:40:45,28300.85,0
2021-06-14 09:40:46,28300.7,0
2021-06-14 09:40:47,28297.65,0
2021-06-14 09:40:48,28298.8,0
2021-06-14 09:40:49,28299.4,0
2021-06-14 09:40:50,28302.6,0
2021-06-14 09:40:51,28303.25,0
2021-06-14 09:40:52,28303.45,0
2021-06-14 09:40:53,28306.1,0
2021-06-14 09:40:54,28302.45,0
2021-06-14 09:40:55,28300.1,0
2021-06-14 09:40:56,28300.45,0
2021-06-14 09:40:57,28298.05,0
2021-06-14 09:40:58,28296.45,0
2021-06-14 09:40:59,28303.35,0
2021-06-14 09:41:00,28303.15,0
2021-06-14 09:41:01,28303.35,0
2021-06-14 09:41:02,28299.8,0
2021-06-14 09:41:03,28300.2,0
2021-06-14 09:41:04,28299.75,0
2021-06-14 09:41:05,28300.15,0
2021-06-14 09:41:06,28301.5,0
2021-06-14 09:41:09,28298.05,0
2021-06-14 09:41:10,28297.95,0
2021-06-14 09:41:11,28301.85,0
2021-06-14 09:41:13,28302.35,0
2021-06-14 09:41:14,28301.35,0
2021-06-14 09:41:15,28300.15,0
2021-06-14 09:41:16,28302.85,0
2021-06-14 09:41:17,28300.75,0
2021-06-14 09:41:18,28305.75,0
2021-06-14 09:41:19,28303.55,0
2021-06-14 09:41:20,28306.4,0
2021-06-14 09:41:21,28308.9,0
2021-06-14 09:41:23,28305.15,0
2021-06-14 09:41:24,28304.55,0
2021-06-14 09:41:25,28305.25,0
2021-06-14 09:41:26,28307.35,0
2021-06-14 09:41:27,28306.95,0
2021-06-14 09:41:28,28307.7,0
2021-06-14 09:41:29,28308.2,0
2021-06-14 09:41:30,28307.55,0
2021-06-14 09:41:31,28305.15,0
2021-06-14 09:41:32,28304.5,0
2021-06-14 09:41:33,28305.45,0
2021-06-14 09:41:35,28307.4,0
2021-06-14 09:41:37,28305.55,0
2021-06-14 09:41:38,28307.3,0
2021-06-14 09:41:39,28304.2,0
2021-06-14 09:41:40,28304.9,0
2021-06-14 09:41:41,28301.3,0
2021-06-14 09:41:42,28302.85,0
2021-06-14 09:41:44,28305.5,0
2021-06-14 09:41:45,28302.25,0
2021-06-14 09:41:46,28302.15,0
2021-06-14 09:41:47,28301.5,0
2021-06-14 09:41:48,28300.1,0
2021-06-14 09:41:49,28301.35,0
2021-06-14 09:41:50,28299.05,0
2021-06-14 09:41:53,28297.15,0
2021-06-14 09:41:54,28295.5,0
2021-06-14 09:41:55,28298.4,0
2021-06-14 09:41:56,28296.9,0
2021-06-14 09:41:57,28295.1,0
2021-06-14 09:41:58,28295.6,0
2021-06-14 09:41:59,28296.7,0
2021-06-14 09:42:01,28294.15,0
2021-06-14 09:42:02,28293.15,0
2021-06-14 09:42:04,28289.8,0
2021-06-14 09:42:05,28287.7,0
2021-06-14 09:42:06,28290.75,0
2021-06-14 09:42:07,28292.7,0
2021-06-14 09:42:08,28292.35,0
2021-06-14 09:42:09,28290.7,0
2021-06-14 09:42:10,28289.3,0
2021-06-14 09:42:12,28298.25,0
2021-06-14 09:42:14,28294.5,0
2021-06-14 09:42:16,28293.7,0
2021-06-14 09:42:17,28294.65,0
2021-06-14 09:42:18,28290.55,0
2021-06-14 09:42:20,28295.9,0
2021-06-14 09:42:21,28295.05,0
2021-06-14 09:42:23,28298.95,0
2021-06-14 09:42:24,28295.85,0
2021-06-14 09:42:25,28300.75,0
2021-06-14 09:42:26,28298.9,0
2021-06-14 09:42:27,28293.25,0
2021-06-14 09:42:30,28294.85,0
2021-06-14 09:42:32,28298.45,0
2021-06-14 09:42:35,28296.75,0
2021-06-14 09:42:36,28299.7,0
2021-06-14 09:42:37,28296.2,0
2021-06-14 09:42:38,28298.4,0
2021-06-14 09:42:39,28296.0,0
2021-06-14 09:42:40,28296.2,0
2021-06-14 09:42:43,28296.85,0
2021-06-14 09:42:47,28294.2,0
2021-06-14 09:42:48,28296.1,0
2021-06-14 09:42:49,28296.3,0
2021-06-14 09:42:51,28299.35,0
2021-06-14 09:42:54,28299.15,0
2021-06-14 09:42:55,28295.55,0
2021-06-14 09:42:56,28298.8,0
2021-06-14 09:42:58,28294.65,0
2021-06-14 09:42:59,28297.1,0
2021-06-14 09:43:00,28293.85,0
2021-06-14 09:43:02,28292.55,0
2021-06-14 09:43:03,28291.15,0
2021-06-14 09:43:04,28291.1,0
2021-06-14 09:43:06,28291.25,0
2021-06-14 09:43:07,28292.75,0
2021-06-14 09:43:08,28291.6,0
2021-06-14 09:43:09,28291.0,0
2021-06-14 09:43:10,28289.4,0
2021-06-14 09:43:11,28290.7,0
2021-06-14 09:43:12,28288.9,0
2021-06-14 09:43:13,28284.75,0
2021-06-14 09:43:14,28288.55,0
2021-06-14 09:43:15,28285.05,0
2021-06-14 09:43:17,28280.05,0
2021-06-14 09:43:18,28285.5,0
2021-06-14 09:43:20,28286.1,0
2021-06-14 09:43:22,28291.7,0
2021-06-14 09:43:24,28288.2,0
2021-06-14 09:43:25,28292.25,0
2021-06-14 09:43:26,28289.9,0
2021-06-14 09:43:27,28290.7,0
2021-06-14 09:43:28,28290.5,0
2021-06-14 09:43:29,28288.75,0
2021-06-14 09:43:30,28292.7,0
2021-06-14 09:43:31,28292.45,0
2021-06-14 09:43:32,28292.9,0
2021-06-14 09:43:33,28292.25,0
2021-06-14 09:43:35,28292.1,0
2021-06-14 09:43:36,28291.6,0
2021-06-14 09:43:38,28288.45,0
2021-06-14 09:43:39,28290.15,0
2021-06-14 09:43:40,28291.15,0
2021-06-14 09:43:41,28292.2,0
2021-06-14 09:43:42,28291.15,0
2021-06-14 09:43:43,28289.3,0
2021-06-14 09:43:44,28289.25,0
2021-06-14 09:43:45,28287.7,0
2021-06-14 09:43:46,28286.2,0
2021-06-14 09:43:47,28289.3,0
2021-06-14 09:43:48,28285.95,0
2021-06-14 09:43:49,28285.0,0
2021-06-14 09:43:50,28286.15,0
2021-06-14 09:43:51,28285.7,0
2021-06-14 09:43:52,28286.7,0
2021-06-14 09:43:53,28287.25,0
2021-06-14 09:43:54,28285.05,0
2021-06-14 09:43:55,28288.1,0
2021-06-14 09:43:56,28285.1,0
2021-06-14 09:43:57,28284.0,0
2021-06-14 09:43:58,28282.85,0
2021-06-14 09:43:59,28276.5,0
2021-06-14 09:44:00,28274.0,0
2021-06-14 09:44:01,28276.0,0
2021-06-14 09:44:02,28278.7,0
2021-06-14 09:44:03,28276.65,0
2021-06-14 09:44:04,28276.0,0
2021-06-14 09:44:05,28276.05,0
2021-06-14 09:44:06,28274.0,0
2021-06-14 09:44:07,28277.4,0
2021-06-14 09:44:08,28275.2,0
2021-06-14 09:44:09,28274.65,0
2021-06-14 09:44:10,28276.2,0
2021-06-14 09:44:12,28276.2,0
2021-06-14 09:44:14,28274.9,0
2021-06-14 09:44:15,28273.1,0
2021-06-14 09:44:16,28276.7,0
2021-06-14 09:44:17,28277.85,0
2021-06-14 09:44:18,28276.4,0
2021-06-14 09:44:19,28277.05,0
2021-06-14 09:44:20,28279.55,0
2021-06-14 09:44:21,28279.15,0
2021-06-14 09:44:22,28276.7,0
2021-06-14 09:44:23,28278.45,0
2021-06-14 09:44:27,28280.55,0
2021-06-14 09:44:28,28284.4,0
2021-06-14 09:44:29,28284.3,0
2021-06-14 09:44:30,28282.8,0
2021-06-14 09:44:31,28279.45,0
2021-06-14 09:44:33,28280.8,0
2021-06-14 09:44:34,28281.15,0
2021-06-14 09:44:35,28281.0,0
2021-06-14 09:44:36,28289.9,0
2021-06-14 09:44:37,28292.5,0
2021-06-14 09:44:38,28288.2,0
2021-06-14 09:44:39,28284.8,0
2021-06-14 09:44:40,28285.85,0
2021-06-14 09:44:42,28284.25,0
2021-06-14 09:44:43,28286.7,0
2021-06-14 09:44:45,28287.7,0
2021-06-14 09:44:47,28285.25,0
2021-06-14 09:44:48,28287.2,0
2021-06-14 09:44:49,28289.55,0
2021-06-14 09:44:50,28287.5,0
2021-06-14 09:44:51,28290.0,0
2021-06-14 09:44:52,28284.95,0
2021-06-14 09:44:53,28287.75,0
2021-06-14 09:44:55,28288.85,0
2021-06-14 09:44:56,28289.35,0
2021-06-14 09:44:59,28286.25,0
2021-06-14 09:45:00,28285.95,0
2021-06-14 09:45:01,28283.45,0
2021-06-14 09:45:02,28283.2,0
2021-06-14 09:45:03,28287.65,0
2021-06-14 09:45:04,28283.85,0
2021-06-14 09:45:05,28282.2,0
2021-06-14 09:45:06,28277.95,0
2021-06-14 09:45:07,28282.2,0
2021-06-14 09:45:08,28284.35,0
2021-06-14 09:45:09,28283.45,0
2021-06-14 09:45:10,28280.15,0
2021-06-14 09:45:11,28283.25,0
2021-06-14 09:45:12,28280.75,0
2021-06-14 09:45:16,28279.2,0
2021-06-14 09:45:17,28280.95,0
2021-06-14 09:45:18,28283.2,0
2021-06-14 09:45:19,28283.05,0
2021-06-14 09:45:20,28281.45,0
2021-06-14 09:45:21,28281.3,0
2021-06-14 09:45:22,28279.95,0
2021-06-14 09:45:23,28279.9,0
2021-06-14 09:45:24,28290.35,0
2021-06-14 09:45:25,28290.15,0
2021-06-14 09:45:26,28289.6,0
2021-06-14 09:45:27,28295.1,0
2021-06-14 09:45:28,28292.85,0
2021-06-14 09:45:29,28299.5,0
2021-06-14 09:45:31,28301.85,0
2021-06-14 09:45:32,28301.15,0
2021-06-14 09:45:33,28304.9,0
2021-06-14 09:45:35,28306.1,0
2021-06-14 09:45:36,28301.6,0
2021-06-14 09:45:40,28303.15,0
2021-06-14 09:45:41,28306.3,0
2021-06-14 09:45:42,28303.85,0
2021-06-14 09:45:43,28303.1,0
2021-06-14 09:45:44,28306.55,0
2021-06-14 09:45:47,28311.65,0
2021-06-14 09:45:48,28306.0,0
2021-06-14 09:45:49,28303.2,0
2021-06-14 09:45:50,28307.4,0
2021-06-14 09:45:53,28308.0,0
2021-06-14 09:45:54,28310.45,0
2021-06-14 09:45:55,28308.15,0
2021-06-14 09:45:56,28308.1,0
2021-06-14 09:45:57,28304.3,0
2021-06-14 09:45:58,28300.7,0
2021-06-14 09:45:59,28305.45,0
2021-06-14 09:46:00,28305.0,0
2021-06-14 09:46:01,28300.75,0
2021-06-14 09:46:02,28300.75,0
2021-06-14 09:46:04,28300.75,0
2021-06-14 09:46:06,28300.25,0
2021-06-14 09:46:07,28302.8,0
2021-06-14 09:46:08,28299.65,0
2021-06-14 09:46:10,28303.85,0
2021-06-14 09:46:11,28303.75,0
2021-06-14 09:46:12,28304.5,0
2021-06-14 09:46:13,28302.15,0
2021-06-14 09:46:14,28307.0,0
2021-06-14 09:46:15,28304.6,0
2021-06-14 09:46:16,28303.55,0
2021-06-14 09:46:17,28306.95,0
2021-06-14 09:46:18,28308.4,0
2021-06-14 09:46:19,28306.7,0
2021-06-14 09:46:20,28304.95,0
2021-06-14 09:46:22,28307.8,0
2021-06-14 09:46:23,28304.35,0
2021-06-14 09:46:24,28305.4,0
2021-06-14 09:46:25,28307.0,0
2021-06-14 09:46:26,28307.6,0
2021-06-14 09:46:32,28305.4,0
2021-06-14 09:46:33,28307.25,0
2021-06-14 09:46:34,28303.4,0
2021-06-14 09:46:35,28305.5,0
2021-06-14 09:46:36,28308.4,0
2021-06-14 09:46:37,28309.4,0
2021-06-14 09:46:38,28308.85,0
2021-06-14 09:46:39,28310.95,0
2021-06-14 09:46:43,28306.75,0
2021-06-14 09:46:44,28305.1,0
2021-06-14 09:46:45,28306.4,0
2021-06-14 09:46:46,28307.1,0
2021-06-14 09:46:47,28304.25,0
2021-06-14 09:46:48,28307.1,0
2021-06-14 09:46:49,28305.7,0
2021-06-14 09:46:50,28307.15,0
2021-06-14 09:46:51,28308.15,0
2021-06-14 09:46:55,28309.05,0
2021-06-14 09:46:58,28308.3,0
2021-06-14 09:46:59,28309.95,0
2021-06-14 09:47:01,28312.75,0
2021-06-14 09:47:02,28307.85,0
2021-06-14 09:47:04,28309.7,0
2021-06-14 09:47:06,28311.5,0
2021-06-14 09:47:07,28310.0,0
2021-06-14 09:47:08,28309.15,0
2021-06-14 09:47:09,28308.5,0
2021-06-14 09:47:10,28310.8,0
2021-06-14 09:47:14,28309.5,0
2021-06-14 09:47:16,28309.05,0
2021-06-14 09:47:17,28309.45,0
2021-06-14 09:47:18,28308.95,0
2021-06-14 09:47:19,28306.75,0
2021-06-14 09:47:20,28309.25,0
2021-06-14 09:47:21,28310.8,0
2021-06-14 09:47:22,28309.9,0
2021-06-14 09:47:24,28306.75,0
2021-06-14 09:47:25,28302.0,0
2021-06-14 09:47:26,28310.7,0
2021-06-14 09:47:27,28305.95,0
2021-06-14 09:47:28,28308.15,0
2021-06-14 09:47:29,28310.5,0
2021-06-14 09:47:30,28310.9,0
2021-06-14 09:47:31,28314.6,0
2021-06-14 09:47:32,28308.85,0
2021-06-14 09:47:33,28313.8,0
2021-06-14 09:47:34,28310.9,0
2021-06-14 09:47:36,28315.2,0
2021-06-14 09:47:37,28313.65,0
2021-06-14 09:47:38,28312.4,0
2021-06-14 09:47:39,28313.2,0
2021-06-14 09:47:41,28311.15,0
2021-06-14 09:47:42,28312.7,0
2021-06-14 09:47:43,28310.15,0
2021-06-14 09:47:45,28313.85,0
2021-06-14 09:47:46,28313.45,0
2021-06-14 09:47:47,28315.75,0
2021-06-14 09:47:48,28314.75,0
2021-06-14 09:47:49,28314.8,0
2021-06-14 09:47:50,28316.35,0
2021-06-14 09:47:51,28316.65,0
2021-06-14 09:47:52,28315.25,0
2021-06-14 09:47:53,28313.35,0
2021-06-14 09:47:54,28315.45,0
2021-06-14 09:47:55,28315.2,0
2021-06-14 09:47:57,28315.7,0
2021-06-14 09:47:58,28313.5,0
2021-06-14 09:47:59,28313.35,0
2021-06-14 09:48:00,28313.05,0
2021-06-14 09:48:01,28314.5,0
2021-06-14 09:48:03,28319.0,0
2021-06-14 09:48:04,28319.85,0
2021-06-14 09:48:05,28320.2,0
2021-06-14 09:48:06,28319.9,0
2021-06-14 09:48:07,28319.0,0
2021-06-14 09:48:08,28319.05,0
2021-06-14 09:48:09,28318.15,0
2021-06-14 09:48:10,28317.75,0
2021-06-14 09:48:11,28317.15,0
2021-06-14 09:48:12,28318.45,0
2021-06-14 09:48:13,28319.05,0
2021-06-14 09:48:14,28317.2,0
2021-06-14 09:48:15,28318.0,0
2021-06-14 09:48:16,28318.95,0
2021-06-14 09:48:17,28316.6,0
2021-06-14 09:48:18,28323.0,0
2021-06-14 09:48:19,28324.2,0
2021-06-14 09:48:20,28323.6,0
2021-06-14 09:48:21,28329.0,0
2021-06-14 09:48:22,28328.35,0
2021-06-14 09:48:23,28329.15,0
2021-06-14 09:48:24,28328.4,0
2021-06-14 09:48:25,28326.45,0
2021-06-14 09:48:26,28328.25,0
2021-06-14 09:48:27,28333.3,0
2021-06-14 09:48:28,28332.7,0
2021-06-14 09:48:29,28333.8,0
2021-06-14 09:48:30,28336.6,0
2021-06-14 09:48:31,28335.65,0
2021-06-14 09:48:32,28338.2,0
2021-06-14 09:48:33,28336.75,0
2021-06-14 09:48:34,28337.5,0
2021-06-14 09:48:35,28337.4,0
2021-06-14 09:48:36,28338.35,0
2021-06-14 09:48:38,28341.2,0
2021-06-14 09:48:40,28337.05,0
2021-06-14 09:48:41,28342.3,0
2021-06-14 09:48:42,28348.95,0
2021-06-14 09:48:43,28345.75,0
2021-06-14 09:48:44,28348.95,0
2021-06-14 09:48:45,28350.35,0
2021-06-14 09:48:46,28347.1,0
2021-06-14 09:48:47,28352.4,0
2021-06-14 09:48:48,28351.75,0
2021-06-14 09:48:50,28351.8,0
2021-06-14 09:48:51,28356.0,0
2021-06-14 09:48:52,28361.15,0
2021-06-14 09:48:53,28360.8,0
2021-06-14 09:48:54,28360.15,0
2021-06-14 09:48:55,28355.15,0
2021-06-14 09:48:56,28359.7,0
2021-06-14 09:48:57,28363.2,0
2021-06-14 09:48:58,28365.2,0
2021-06-14 09:48:59,28365.15,0
2021-06-14 09:49:00,28359.95,0
2021-06-14 09:49:02,28358.85,0
2021-06-14 09:49:03,28364.65,0
2021-06-14 09:49:04,28370.75,0
2021-06-14 09:49:05,28371.05,0
2021-06-14 09:49:06,28370.75,0
2021-06-14 09:49:07,28368.45,0
2021-06-14 09:49:08,28370.2,0
2021-06-14 09:49:10,28369.1,0
2021-06-14 09:49:11,28370.75,0
2021-06-14 09:49:12,28370.0,0
2021-06-14 09:49:13,28371.2,0
2021-06-14 09:49:14,28365.85,0
2021-06-14 09:49:15,28373.2,0
2021-06-14 09:49:16,28374.3,0
2021-06-14 09:49:17,28372.5,0
2021-06-14 09:49:19,28372.65,0
2021-06-14 09:49:21,28372.35,0
2021-06-14 09:49:22,28374.5,0
2021-06-14 09:49:25,28373.05,0
2021-06-14 09:49:26,28373.15,0
2021-06-14 09:49:27,28376.6,0
2021-06-14 09:49:28,28374.8,0
2021-06-14 09:49:29,28374.65,0
2021-06-14 09:49:30,28378.15,0
2021-06-14 09:49:31,28386.4,0
2021-06-14 09:49:32,28383.4,0
2021-06-14 09:49:33,28387.05,0
2021-06-14 09:49:35,28385.85,0
2021-06-14 09:49:36,28383.5,0
2021-06-14 09:49:37,28383.55,0
2021-06-14 09:49:38,28386.8,0
2021-06-14 09:49:39,28384.65,0
2021-06-14 09:49:40,28384.2,0
2021-06-14 09:49:41,28381.35,0
2021-06-14 09:49:42,28382.75,0
2021-06-14 09:49:43,28374.4,0
2021-06-14 09:49:44,28372.9,0
2021-06-14 09:49:45,28374.55,0
2021-06-14 09:49:46,28373.25,0
2021-06-14 09:49:49,28381.1,0
2021-06-14 09:49:50,28380.85,0
2021-06-14 09:49:51,28379.9,0
2021-06-14 09:49:52,28382.8,0
2021-06-14 09:49:53,28381.0,0
2021-06-14 09:49:54,28373.15,0
2021-06-14 09:49:55,28370.65,0
2021-06-14 09:49:56,28377.15,0
2021-06-14 09:49:57,28383.15,0
2021-06-14 09:49:58,28384.75,0
2021-06-14 09:50:00,28384.05,0
2021-06-14 09:50:02,28387.75,0
2021-06-14 09:50:03,28388.5,0
2021-06-14 09:50:04,28388.15,0
2021-06-14 09:50:05,28387.05,0
2021-06-14 09:50:06,28387.2,0
2021-06-14 09:50:07,28389.35,0
2021-06-14 09:50:09,28391.75,0
2021-06-14 09:50:10,28390.55,0
2021-06-14 09:50:11,28394.55,0
2021-06-14 09:50:12,28393.65,0
2021-06-14 09:50:13,28392.6,0
2021-06-14 09:50:14,28395.75,0
2021-06-14 09:50:15,28398.15,0
2021-06-14 09:50:16,28400.05,0
2021-06-14 09:50:17,28401.05,0
2021-06-14 09:50:19,28398.5,0
2021-06-14 09:50:20,28401.8,0
2021-06-14 09:50:21,28401.75,0
2021-06-14 09:50:22,28402.95,0
2021-06-14 09:50:23,28402.95,0
2021-06-14 09:50:24,28405.35,0
2021-06-14 09:50:25,28406.95,0
2021-06-14 09:50:26,28410.05,0
2021-06-14 09:50:27,28410.85,0
2021-06-14 09:50:28,28412.05,0
2021-06-14 09:50:29,28410.25,0
2021-06-14 09:50:30,28412.1,0
2021-06-14 09:50:31,28413.6,0
2021-06-14 09:50:32,28411.45,0
2021-06-14 09:50:33,28412.5,0
2021-06-14 09:50:34,28409.35,0
2021-06-14 09:50:35,28410.55,0
2021-06-14 09:50:36,28406.25,0
2021-06-14 09:50:38,28408.25,0
2021-06-14 09:50:39,28403.25,0
2021-06-14 09:50:40,28405.1,0
2021-06-14 09:50:41,28404.85,0
2021-06-14 09:50:42,28399.55,0
2021-06-14 09:50:44,28404.5,0
2021-06-14 09:50:45,28402.9,0
2021-06-14 09:50:46,28407.95,0
2021-06-14 09:50:47,28397.9,0
2021-06-14 09:50:48,28401.4,0
2021-06-14 09:50:49,28396.75,0
2021-06-14 09:50:50,28400.6,0
2021-06-14 09:50:51,28402.7,0
2021-06-14 09:50:52,28400.2,0
2021-06-14 09:50:54,28393.6,0
2021-06-14 09:50:55,28391.3,0
2021-06-14 09:50:56,28388.65,0
2021-06-14 09:50:57,28394.5,0
2021-06-14 09:50:58,28390.9,0
2021-06-14 09:50:59,28396.1,0
2021-06-14 09:51:00,28390.85,0
2021-06-14 09:51:01,28395.55,0
2021-06-14 09:51:02,28390.75,0
2021-06-14 09:51:04,28395.9,0
2021-06-14 09:51:05,28396.9,0
2021-06-14 09:51:06,28397.3,0
2021-06-14 09:51:07,28399.7,0
2021-06-14 09:51:09,28391.45,0
2021-06-14 09:51:10,28391.5,0
2021-06-14 09:51:11,28401.0,0
2021-06-14 09:51:13,28394.85,0
2021-06-14 09:51:14,28398.15,0
2021-06-14 09:51:15,28404.0,0
2021-06-14 09:51:16,28397.25,0
2021-06-14 09:51:17,28398.7,0
2021-06-14 09:51:18,28397.9,0
2021-06-14 09:51:20,28398.05,0
2021-06-14 09:51:21,28397.3,0
2021-06-14 09:51:22,28399.95,0
2021-06-14 09:51:23,28397.7,0
2021-06-14 09:51:24,28403.1,0
2021-06-14 09:51:25,28399.95,0
2021-06-14 09:51:26,28402.1,0
2021-06-14 09:51:27,28400.15,0
2021-06-14 09:51:28,28399.9,0
2021-06-14 09:51:29,28399.05,0
2021-06-14 09:51:30,28399.7,0
2021-06-14 09:51:31,28399.1,0
2021-06-14 09:51:32,28401.9,0
2021-06-14 09:51:33,28398.0,0
2021-06-14 09:51:36,28402.15,0
2021-06-14 09:51:37,28402.3,0
2021-06-14 09:51:38,28402.25,0
2021-06-14 09:51:39,28403.3,0
2021-06-14 09:51:40,28400.95,0
2021-06-14 09:51:41,28408.8,0
2021-06-14 09:51:42,28413.2,0
2021-06-14 09:51:43,28410.7,0
2021-06-14 09:51:44,28421.05,0
2021-06-14 09:51:45,28422.5,0
2021-06-14 09:51:46,28422.9,0
2021-06-14 09:51:47,28425.75,0
2021-06-14 09:51:48,28427.2,0
2021-06-14 09:51:49,28429.55,0
2021-06-14 09:51:50,28426.2,0
2021-06-14 09:51:52,28426.55,0
2021-06-14 09:51:53,28430.45,0
2021-06-14 09:51:54,28426.8,0
2021-06-14 09:51:55,28426.75,0
2021-06-14 09:51:56,28431.9,0
2021-06-14 09:51:58,28433.25,0
2021-06-14 09:51:57,28433.0,0
2021-06-14 09:51:59,28430.95,0
2021-06-14 09:52:00,28433.6,0
2021-06-14 09:52:01,28434.25,0
2021-06-14 09:52:02,28435.05,0
2021-06-14 09:52:03,28436.2,0
2021-06-14 09:52:04,28435.35,0
2021-06-14 09:52:05,28433.2,0
2021-06-14 09:52:06,28434.2,0
2021-06-14 09:52:07,28434.5,0
2021-06-14 09:52:08,28434.45,0
2021-06-14 09:52:09,28436.5,0
2021-06-14 09:52:10,28436.4,0
2021-06-14 09:52:11,28436.8,0
2021-06-14 09:52:12,28440.9,0
2021-06-14 09:52:13,28441.6,0
2021-06-14 09:52:14,28439.6,0
2021-06-14 09:52:15,28439.3,0
2021-06-14 09:52:17,28433.95,0
2021-06-14 09:52:18,28437.35,0
2021-06-14 09:52:19,28438.85,0
2021-06-14 09:52:20,28435.1,0
2021-06-14 09:52:21,28432.8,0
2021-06-14 09:52:23,28434.75,0
2021-06-14 09:52:24,28437.35,0
2021-06-14 09:52:26,28437.1,0
2021-06-14 09:52:27,28439.75,0
2021-06-14 09:52:29,28435.0,0
2021-06-14 09:52:30,28437.45,0
2021-06-14 09:52:31,28434.4,0
2021-06-14 09:52:32,28435.4,0
2021-06-14 09:52:33,28435.25,0
2021-06-14 09:52:34,28436.55,0
2021-06-14 09:52:35,28434.85,0
2021-06-14 09:52:36,28437.3,0
2021-06-14 09:52:37,28437.95,0
2021-06-14 09:52:38,28438.0,0
2021-06-14 09:52:39,28431.85,0
2021-06-14 09:52:40,28429.1,0
2021-06-14 09:52:43,28426.85,0
2021-06-14 09:52:45,28420.4,0
2021-06-14 09:52:46,28420.55,0
2021-06-14 09:52:47,28424.5,0
2021-06-14 09:52:48,28424.65,0
2021-06-14 09:52:49,28424.55,0
2021-06-14 09:52:50,28424.05,0
2021-06-14 09:52:51,28424.8,0
2021-06-14 09:52:52,28428.45,0
2021-06-14 09:52:53,28426.8,0
2021-06-14 09:52:54,28430.55,0
2021-06-14 09:52:55,28430.6,0
2021-06-14 09:52:56,28428.0,0
2021-06-14 09:52:57,28429.15,0
2021-06-14 09:52:58,28425.7,0
2021-06-14 09:52:59,28422.4,0
2021-06-14 09:53:00,28425.35,0
2021-06-14 09:53:01,28424.35,0
2021-06-14 09:53:03,28418.25,0
2021-06-14 09:53:04,28418.75,0
2021-06-14 09:53:06,28419.5,0
2021-06-14 09:53:07,28421.45,0
2021-06-14 09:53:11,28416.55,0
2021-06-14 09:53:12,28417.3,0
2021-06-14 09:53:13,28415.95,0
2021-06-14 09:53:14,28421.8,0
2021-06-14 09:53:16,28417.35,0
2021-06-14 09:53:17,28420.75,0
2021-06-14 09:53:18,28417.35,0
2021-06-14 09:53:20,28416.5,0
2021-06-14 09:53:21,28407.75,0
2021-06-14 09:53:22,28404.35,0
2021-06-14 09:53:24,28405.9,0
2021-06-14 09:53:26,28404.65,0
2021-06-14 09:53:28,28404.15,0
2021-06-14 09:53:29,28405.45,0
2021-06-14 09:53:30,28407.15,0
2021-06-14 09:53:31,28404.55,0
2021-06-14 09:53:32,28405.45,0
2021-06-14 09:53:33,28403.8,0
2021-06-14 09:53:34,28402.7,0
2021-06-14 09:53:35,28405.35,0
2021-06-14 09:53:36,28402.35,0
2021-06-14 09:53:37,28405.5,0
2021-06-14 09:53:39,28408.15,0
2021-06-14 09:53:40,28408.05,0
2021-06-14 09:53:42,28412.65,0
2021-06-14 09:53:43,28411.3,0
2021-06-14 09:53:44,28412.25,0
2021-06-14 09:53:45,28413.9,0
2021-06-14 09:53:47,28414.4,0
2021-06-14 09:53:48,28411.4,0
2021-06-14 09:53:49,28412.5,0
2021-06-14 09:53:50,28413.9,0
2021-06-14 09:53:51,28413.75,0
2021-06-14 09:53:52,28411.1,0
2021-06-14 09:53:54,28410.4,0
2021-06-14 09:53:55,28403.95,0
2021-06-14 09:53:56,28407.4,0
2021-06-14 09:53:57,28409.8,0
2021-06-14 09:53:58,28409.4,0
2021-06-14 09:53:59,28409.25,0
2021-06-14 09:54:00,28410.45,0
2021-06-14 09:54:01,28408.5,0
2021-06-14 09:54:02,28412.85,0
2021-06-14 09:54:03,28411.75,0
2021-06-14 09:54:04,28411.8,0
2021-06-14 09:54:06,28413.95,0
2021-06-14 09:54:07,28411.6,0
2021-06-14 09:54:08,28415.85,0
2021-06-14 09:54:09,28415.0,0
2021-06-14 09:54:10,28415.65,0
2021-06-14 09:54:11,28416.35,0
2021-06-14 09:54:12,28415.1,0
2021-06-14 09:54:13,28417.0,0
2021-06-14 09:54:14,28413.0,0
2021-06-14 09:54:15,28414.95,0
2021-06-14 09:54:16,28412.85,0
2021-06-14 09:54:17,28410.0,0
2021-06-14 09:54:18,28408.1,0
2021-06-14 09:54:19,28407.35,0
2021-06-14 09:54:20,28406.25,0
2021-06-14 09:54:21,28406.95,0
2021-06-14 09:54:22,28406.45,0
2021-06-14 09:54:23,28409.75,0
2021-06-14 09:54:24,28411.5,0
2021-06-14 09:54:25,28411.3,0
2021-06-14 09:54:26,28406.95,0
2021-06-14 09:54:27,28408.5,0
2021-06-14 09:54:28,28411.4,0
2021-06-14 09:54:29,28407.1,0
2021-06-14 09:54:30,28404.35,0
2021-06-14 09:54:31,28408.35,0
2021-06-14 09:54:33,28406.7,0
2021-06-14 09:54:34,28407.05,0
2021-06-14 09:54:35,28405.4,0
2021-06-14 09:54:36,28405.75,0
2021-06-14 09:54:37,28405.5,0
2021-06-14 09:54:38,28407.0,0
2021-06-14 09:54:39,28402.7,0
2021-06-14 09:54:40,28408.45,0
2021-06-14 09:54:41,28408.0,0
2021-06-14 09:54:42,28410.85,0
2021-06-14 09:54:44,28410.0,0
2021-06-14 09:54:46,28411.85,0
2021-06-14 09:54:47,28406.6,0
2021-06-14 09:54:48,28406.45,0
2021-06-14 09:54:49,28407.15,0
2021-06-14 09:54:50,28408.75,0
2021-06-14 09:54:51,28410.25,0
2021-06-14 09:54:54,28410.05,0
2021-06-14 09:54:55,28409.9,0
2021-06-14 09:54:56,28412.1,0
2021-06-14 09:54:57,28414.45,0
2021-06-14 09:54:58,28409.2,0
2021-06-14 09:55:00,28410.9,0
2021-06-14 09:55:01,28413.0,0
2021-06-14 09:55:02,28408.7,0
2021-06-14 09:55:03,28409.35,0
2021-06-14 09:55:05,28412.0,0
2021-06-14 09:55:07,28412.2,0
2021-06-14 09:55:09,28412.05,0
2021-06-14 09:55:10,28407.95,0
2021-06-14 09:55:11,28406.5,0
2021-06-14 09:55:12,28404.1,0
2021-06-14 09:55:13,28404.7,0
2021-06-14 09:55:14,28406.35,0
2021-06-14 09:55:15,28408.6,0
2021-06-14 09:55:16,28407.2,0
2021-06-14 09:55:18,28406.15,0
2021-06-14 09:55:21,28402.95,0
2021-06-14 09:55:22,28400.1,0
2021-06-14 09:55:23,28402.6,0
2021-06-14 09:55:24,28401.0,0
2021-06-14 09:55:25,28400.7,0
2021-06-14 09:55:26,28400.65,0
2021-06-14 09:55:27,28403.15,0
2021-06-14 09:55:28,28407.05,0
2021-06-14 09:55:29,28408.55,0
2021-06-14 09:55:30,28408.7,0
2021-06-14 09:55:31,28409.5,0
2021-06-14 09:55:33,28407.7,0
2021-06-14 09:55:34,28408.1,0
2021-06-14 09:55:36,28410.45,0
2021-06-14 09:55:37,28418.35,0
2021-06-14 09:55:39,28419.75,0
2021-06-14 09:55:41,28421.65,0
2021-06-14 09:55:42,28421.55,0
2021-06-14 09:55:43,28422.6,0
2021-06-14 09:55:44,28423.15,0
2021-06-14 09:55:45,28423.6,0
2021-06-14 09:55:46,28424.25,0
2021-06-14 09:55:47,28419.4,0
2021-06-14 09:55:48,28419.85,0
2021-06-14 09:55:49,28416.9,0
2021-06-14 09:55:50,28422.8,0
2021-06-14 09:55:53,28430.7,0
2021-06-14 09:55:54,28432.3,0
2021-06-14 09:55:55,28431.35,0
2021-06-14 09:55:56,28433.65,0
2021-06-14 09:55:57,28436.45,0
2021-06-14 09:55:58,28437.65,0
2021-06-14 09:55:59,28441.55,0
2021-06-14 09:56:00,28439.15,0
2021-06-14 09:56:02,28438.35,0
2021-06-14 09:56:03,28436.85,0
2021-06-14 09:56:04,28435.65,0
2021-06-14 09:56:05,28436.0,0
2021-06-14 09:56:07,28442.05,0
2021-06-14 09:56:08,28442.8,0
2021-06-14 09:56:09,28440.85,0
2021-06-14 09:56:11,28443.8,0
2021-06-14 09:56:12,28436.5,0
2021-06-14 09:56:14,28444.55,0
2021-06-14 09:56:15,28445.15,0
2021-06-14 09:56:17,28445.05,0
2021-06-14 09:56:18,28447.45,0
2021-06-14 09:56:20,28445.9,0
2021-06-14 09:56:21,28449.75,0
2021-06-14 09:56:22,28445.5,0
2021-06-14 09:56:23,28448.7,0
2021-06-14 09:56:24,28448.75,0
2021-06-14 09:56:25,28449.7,0
2021-06-14 09:56:26,28448.9,0
2021-06-14 09:56:27,28453.8,0
2021-06-14 09:56:28,28456.7,0
2021-06-14 09:56:30,28453.05,0
2021-06-14 09:56:31,28455.45,0
2021-06-14 09:56:32,28455.45,0
2021-06-14 09:56:33,28449.85,0
2021-06-14 09:56:34,28448.35,0
2021-06-14 09:56:35,28454.6,0
2021-06-14 09:56:37,28453.55,0
2021-06-14 09:56:38,28456.85,0
2021-06-14 09:56:39,28454.65,0
2021-06-14 09:56:40,28456.45,0
2021-06-14 09:56:41,28458.7,0
2021-06-14 09:56:42,28459.05,0
2021-06-14 09:56:44,28463.45,0
2021-06-14 09:56:45,28459.0,0
2021-06-14 09:56:47,28462.6,0
2021-06-14 09:56:49,28459.45,0
2021-06-14 09:56:50,28457.65,0
2021-06-14 09:56:51,28459.8,0
2021-06-14 09:56:52,28458.25,0
2021-06-14 09:56:53,28456.45,0
2021-06-14 09:56:54,28459.4,0
2021-06-14 09:56:55,28453.8,0
2021-06-14 09:56:57,28460.6,0
2021-06-14 09:56:58,28455.1,0
2021-06-14 09:56:59,28457.35,0
2021-06-14 09:57:01,28455.4,0
2021-06-14 09:57:02,28458.6,0
2021-06-14 09:57:03,28456.05,0
2021-06-14 09:57:04,28455.45,0
2021-06-14 09:57:05,28456.75,0
2021-06-14 09:57:06,28456.65,0
2021-06-14 09:57:07,28458.25,0
2021-06-14 09:57:09,28457.65,0
2021-06-14 09:57:10,28456.7,0
2021-06-14 09:57:11,28457.8,0
2021-06-14 09:57:12,28455.05,0
2021-06-14 09:57:13,28446.9,0
2021-06-14 09:57:14,28447.0,0
2021-06-14 09:57:15,28448.9,0
2021-06-14 09:57:16,28445.35,0
2021-06-14 09:57:17,28451.0,0
2021-06-14 09:57:18,28446.2,0
2021-06-14 09:57:19,28438.7,0
2021-06-14 09:57:21,28447.4,0
2021-06-14 09:57:22,28446.95,0
2021-06-14 09:57:24,28438.1,0
2021-06-14 09:57:26,28442.8,0
2021-06-14 09:57:28,28449.35,0
2021-06-14 09:57:30,28446.85,0
2021-06-14 09:57:31,28442.45,0
2021-06-14 09:57:32,28444.7,0
2021-06-14 09:57:33,28443.15,0
2021-06-14 09:57:34,28444.85,0
2021-06-14 09:57:35,28444.3,0
2021-06-14 09:57:36,28442.7,0
2021-06-14 09:57:37,28444.05,0
2021-06-14 09:57:38,28444.75,0
2021-06-14 09:57:39,28444.2,0
2021-06-14 09:57:40,28442.75,0
2021-06-14 09:57:42,28443.95,0
2021-06-14 09:57:43,28442.1,0
2021-06-14 09:57:44,28449.8,0
2021-06-14 09:57:45,28440.0,0
2021-06-14 09:57:46,28442.4,0
2021-06-14 09:57:47,28442.75,0
2021-06-14 09:57:48,28443.0,0
2021-06-14 09:57:49,28438.7,0
2021-06-14 09:57:50,28438.55,0
2021-06-14 09:57:51,28443.25,0
2021-06-14 09:57:52,28445.15,0
2021-06-14 09:57:53,28442.75,0
2021-06-14 09:57:54,28442.6,0
2021-06-14 09:57:56,28444.1,0
2021-06-14 09:57:57,28439.65,0
2021-06-14 09:57:58,28443.3,0
2021-06-14 09:57:59,28440.95,0
2021-06-14 09:58:00,28445.85,0
2021-06-14 09:58:01,28448.2,0
2021-06-14 09:58:02,28447.35,0
2021-06-14 09:58:03,28443.05,0
2021-06-14 09:58:04,28446.65,0
2021-06-14 09:58:05,28447.85,0
2021-06-14 09:58:06,28446.95,0
2021-06-14 09:58:07,28446.65,0
2021-06-14 09:58:08,28448.6,0
2021-06-14 09:58:09,28448.5,0
2021-06-14 09:58:10,28450.05,0
2021-06-14 09:58:11,28450.6,0
2021-06-14 09:58:12,28448.45,0
2021-06-14 09:58:14,28450.55,0
2021-06-14 09:58:15,28452.05,0
2021-06-14 09:58:16,28447.9,0
2021-06-14 09:58:17,28452.1,0
2021-06-14 09:58:18,28446.6,0
2021-06-14 09:58:19,28448.85,0
2021-06-14 09:58:20,28447.4,0
2021-06-14 09:58:22,28452.4,0
2021-06-14 09:58:23,28446.65,0
2021-06-14 09:58:24,28449.9,0
2021-06-14 09:58:26,28449.3,0
2021-06-14 09:58:28,28450.7,0
2021-06-14 09:58:29,28448.55,0
2021-06-14 09:58:30,28448.75,0
2021-06-14 09:58:31,28448.25,0
2021-06-14 09:58:32,28451.05,0
2021-06-14 09:58:33,28451.7,0
2021-06-14 09:58:34,28454.95,0
2021-06-14 09:58:35,28453.7,0
2021-06-14 09:58:36,28451.95,0
2021-06-14 09:58:37,28453.8,0
2021-06-14 09:58:38,28454.0,0
2021-06-14 09:58:39,28452.05,0
2021-06-14 09:58:40,28450.2,0
2021-06-14 09:58:42,28453.35,0
2021-06-14 09:58:43,28452.65,0
2021-06-14 09:58:45,28451.25,0
2021-06-14 09:58:46,28453.7,0
2021-06-14 09:58:47,28451.05,0
2021-06-14 09:58:48,28449.55,0
2021-06-14 09:58:49,28450.8,0
2021-06-14 09:58:51,28449.25,0
2021-06-14 09:58:52,28447.95,0
2021-06-14 09:58:53,28442.55,0
2021-06-14 09:58:54,28441.05,0
2021-06-14 09:58:55,28440.45,0
2021-06-14 09:58:56,28441.15,0
2021-06-14 09:58:58,28442.5,0
2021-06-14 09:59:00,28442.75,0
2021-06-14 09:59:02,28443.6,0
2021-06-14 09:59:03,28444.4,0
2021-06-14 09:59:04,28444.45,0
2021-06-14 09:59:05,28443.7,0
2021-06-14 09:59:06,28448.15,0
2021-06-14 09:59:07,28442.35,0
2021-06-14 09:59:08,28444.55,0
2021-06-14 09:59:09,28438.6,0
2021-06-14 09:59:10,28439.2,0
2021-06-14 09:59:11,28440.3,0
2021-06-14 09:59:12,28443.05,0
2021-06-14 09:59:13,28443.1,0
2021-06-14 09:59:14,28438.05,0
2021-06-14 09:59:15,28438.0,0
2021-06-14 09:59:16,28437.95,0
2021-06-14 09:59:17,28436.45,0
2021-06-14 09:59:18,28432.75,0
2021-06-14 09:59:20,28432.0,0
2021-06-14 09:59:21,28419.8,0
2021-06-14 09:59:22,28415.35,0
2021-06-14 09:59:23,28417.7,0
2021-06-14 09:59:24,28419.85,0
2021-06-14 09:59:25,28418.4,0
2021-06-14 09:59:27,28411.75,0
2021-06-14 09:59:28,28414.85,0
2021-06-14 09:59:29,28414.0,0
2021-06-14 09:59:31,28410.9,0
2021-06-14 09:59:33,28410.45,0
2021-06-14 09:59:34,28409.6,0
2021-06-14 09:59:35,28408.0,0
2021-06-14 09:59:36,28412.3,0
2021-06-14 09:59:40,28410.9,0
2021-06-14 09:59:42,28408.9,0
2021-06-14 09:59:43,28405.65,0
2021-06-14 09:59:44,28405.9,0
2021-06-14 09:59:45,28404.55,0
2021-06-14 09:59:46,28409.2,0
2021-06-14 09:59:47,28407.45,0
2021-06-14 09:59:48,28406.15,0
2021-06-14 09:59:49,28408.95,0
2021-06-14 09:59:50,28404.45,0
2021-06-14 09:59:51,28398.9,0
2021-06-14 09:59:52,28399.25,0
2021-06-14 09:59:53,28394.45,0
2021-06-14 09:59:55,28399.65,0
2021-06-14 09:59:56,28396.75,0
2021-06-14 09:59:57,28401.65,0
2021-06-14 09:59:58,28400.7,0
2021-06-14 09:59:59,28395.9,0
2021-06-14 10:00:00,28399.6,0
2021-06-14 10:00:01,28398.4,0
2021-06-14 10:00:02,28393.05,0
2021-06-14 10:00:05,28399.6,0
2021-06-14 10:00:06,28398.5,0
2021-06-14 10:00:07,28397.3,0
2021-06-14 10:00:08,28395.25,0
2021-06-14 10:00:09,28395.35,0
2021-06-14 10:00:10,28397.5,0
2021-06-14 10:00:11,28401.95,0
2021-06-14 10:00:12,28399.7,0
2021-06-14 10:00:17,28403.6,0
2021-06-14 10:00:19,28405.5,0
2021-06-14 10:00:20,28404.6,0
2021-06-14 10:00:22,28402.0,0
2021-06-14 10:00:23,28400.15,0
2021-06-14 10:00:24,28403.95,0
2021-06-14 10:00:25,28404.95,0
2021-06-14 10:00:26,28408.35,0
2021-06-14 10:00:29,28406.2,0
2021-06-14 10:00:30,28404.5,0
2021-06-14 10:00:31,28404.65,0
2021-06-14 10:00:32,28402.9,0
2021-06-14 10:00:33,28400.75,0
2021-06-14 10:00:34,28401.0,0
2021-06-14 10:00:35,28400.55,0
2021-06-14 10:00:36,28399.35,0
2021-06-14 10:00:37,28397.95,0
2021-06-14 10:00:38,28396.75,0
2021-06-14 10:00:39,28396.6,0
2021-06-14 10:00:40,28396.3,0
2021-06-14 10:00:41,28395.4,0
2021-06-14 10:00:42,28394.6,0
2021-06-14 10:00:43,28395.15,0
2021-06-14 10:00:44,28394.0,0
2021-06-14 10:00:45,28396.15,0
2021-06-14 10:00:46,28395.9,0
2021-06-14 10:00:48,28397.2,0
2021-06-14 10:00:49,28393.8,0
2021-06-14 10:00:50,28397.7,0
2021-06-14 10:00:51,28400.45,0
2021-06-14 10:00:52,28400.8,0
2021-06-14 10:00:53,28401.5,0
2021-06-14 10:00:55,28400.2,0
2021-06-14 10:00:56,28399.5,0
2021-06-14 10:00:57,28402.15,0
2021-06-14 10:00:58,28403.75,0
2021-06-14 10:00:59,28397.75,0
2021-06-14 10:01:00,28397.75,0
2021-06-14 10:01:01,28400.65,0
2021-06-14 10:01:02,28399.0,0
2021-06-14 10:01:04,28401.15,0
2021-06-14 10:01:05,28401.95,0
2021-06-14 10:01:06,28400.15,0
2021-06-14 10:01:07,28402.95,0
2021-06-14 10:01:09,28402.1,0
2021-06-14 10:01:10,28400.1,0
2021-06-14 10:01:11,28396.85,0
2021-06-14 10:01:12,28402.2,0
2021-06-14 10:01:14,28398.65,0
2021-06-14 10:01:16,28400.05,0
2021-06-14 10:01:17,28400.0,0
2021-06-14 10:01:18,28398.65,0
2021-06-14 10:01:19,28403.5,0
2021-06-14 10:01:21,28402.75,0
2021-06-14 10:01:22,28402.75,0
2021-06-14 10:01:23,28405.1,0
2021-06-14 10:01:24,28403.0,0
2021-06-14 10:01:26,28406.85,0
2021-06-14 10:01:27,28407.4,0
2021-06-14 10:01:28,28405.2,0
2021-06-14 10:01:29,28406.1,0
2021-06-14 10:01:30,28404.55,0
2021-06-14 10:01:32,28407.65,0
2021-06-14 10:01:33,28404.55,0
2021-06-14 10:01:34,28402.6,0
2021-06-14 10:01:35,28403.25,0
2021-06-14 10:01:36,28402.9,0
2021-06-14 10:01:38,28400.35,0
2021-06-14 10:01:39,28404.1,0
2021-06-14 10:01:41,28392.85,0
2021-06-14 10:01:42,28392.85,0
2021-06-14 10:01:44,28389.15,0
2021-06-14 10:01:45,28389.5,0
2021-06-14 10:01:46,28385.9,0
2021-06-14 10:01:47,28379.5,0
2021-06-14 10:01:48,28380.8,0
2021-06-14 10:01:51,28367.05,0
2021-06-14 10:01:52,28372.95,0
2021-06-14 10:01:54,28366.95,0
2021-06-14 10:01:55,28367.3,0
2021-06-14 10:01:57,28372.5,0
2021-06-14 10:02:01,28363.35,0
2021-06-14 10:02:02,28368.9,0
2021-06-14 10:02:03,28367.6,0
2021-06-14 10:02:04,28366.9,0
2021-06-14 10:02:06,28365.85,0
2021-06-14 10:02:08,28367.05,0
2021-06-14 10:02:09,28366.3,0
2021-06-14 10:02:11,28365.6,0
2021-06-14 10:02:12,28368.3,0
2021-06-14 10:02:13,28366.15,0
2021-06-14 10:02:14,28360.15,0
2021-06-14 10:02:18,28363.15,0
2021-06-14 10:02:19,28365.25,0
2021-06-14 10:02:20,28363.2,0
2021-06-14 10:02:21,28362.85,0
2021-06-14 10:02:22,28360.6,0
2021-06-14 10:02:24,28356.6,0
2021-06-14 10:02:25,28358.5,0
2021-06-14 10:02:27,28351.75,0
2021-06-14 10:02:29,28363.3,0
2021-06-14 10:02:30,28358.55,0
2021-06-14 10:02:31,28360.2,0
2021-06-14 10:02:32,28354.6,0
2021-06-14 10:02:33,28356.6,0
2021-06-14 10:02:34,28355.1,0
2021-06-14 10:02:35,28353.6,0
2021-06-14 10:02:36,28355.95,0
2021-06-14 10:02:37,28358.7,0
2021-06-14 10:02:39,28358.6,0
2021-06-14 10:02:40,28354.5,0
2021-06-14 10:02:41,28352.95,0
2021-06-14 10:02:42,28354.65,0
2021-06-14 10:02:43,28357.3,0
2021-06-14 10:02:45,28355.05,0
2021-06-14 10:02:48,28357.6,0
2021-06-14 10:02:50,28362.4,0
2021-06-14 10:02:51,28362.85,0
2021-06-14 10:02:52,28363.4,0
2021-06-14 10:02:53,28368.55,0
2021-06-14 10:02:55,28363.55,0
2021-06-14 10:02:58,28374.4,0
2021-06-14 10:02:59,28375.5,0
2021-06-14 10:03:01,28377.35,0
2021-06-14 10:03:02,28375.1,0
2021-06-14 10:03:04,28377.6,0
2021-06-14 10:03:05,28372.95,0
2021-06-14 10:03:06,28373.45,0
2021-06-14 10:03:07,28372.7,0
2021-06-14 10:03:08,28368.95,0
2021-06-14 10:03:09,28368.8,0
2021-06-14 10:03:10,28371.65,0
2021-06-14 10:03:11,28369.85,0
2021-06-14 10:03:14,28373.25,0
2021-06-14 10:03:15,28372.95,0
2021-06-14 10:03:16,28372.6,0
2021-06-14 10:03:17,28375.95,0
2021-06-14 10:03:18,28374.05,0
2021-06-14 10:03:19,28370.85,0
2021-06-14 10:03:20,28373.7,0
2021-06-14 10:03:21,28377.75,0
2021-06-14 10:03:22,28380.1,0
2021-06-14 10:03:25,28374.6,0
2021-06-14 10:03:28,28379.55,0
2021-06-14 10:03:29,28373.35,0
2021-06-14 10:03:30,28376.55,0
2021-06-14 10:03:31,28373.1,0
2021-06-14 10:03:32,28372.35,0
2021-06-14 10:03:33,28375.15,0
2021-06-14 10:03:34,28378.2,0
2021-06-14 10:03:35,28380.2,0
2021-06-14 10:03:36,28380.7,0
2021-06-14 10:03:37,28380.4,0
2021-06-14 10:03:38,28384.9,0
2021-06-14 10:03:41,28383.0,0
2021-06-14 10:03:43,28382.25,0
2021-06-14 10:03:44,28381.65,0
2021-06-14 10:03:45,28381.5,0
2021-06-14 10:03:46,28382.95,0
2021-06-14 10:03:47,28380.3,0
2021-06-14 10:03:48,28378.9,0
2021-06-14 10:03:49,28380.0,0
2021-06-14 10:03:50,28380.0,0
2021-06-14 10:03:51,28377.7,0
2021-06-14 10:03:52,28374.6,0
2021-06-14 10:03:53,28375.6,0
2021-06-14 10:03:54,28377.4,0
2021-06-14 10:03:55,28374.4,0
2021-06-14 10:03:56,28375.05,0
2021-06-14 10:03:57,28375.1,0
2021-06-14 10:03:58,28374.7,0
2021-06-14 10:03:59,28372.7,0
2021-06-14 10:04:00,28373.1,0
2021-06-14 10:04:01,28371.6,0
2021-06-14 10:04:02,28369.2,0
2021-06-14 10:04:03,28372.4,0
2021-06-14 10:04:04,28372.25,0
2021-06-14 10:04:05,28369.9,0
2021-06-14 10:04:06,28368.7,0
2021-06-14 10:04:07,28369.05,0
2021-06-14 10:04:08,28371.1,0
2021-06-14 10:04:09,28374.15,0
2021-06-14 10:04:10,28375.55,0
2021-06-14 10:04:11,28376.65,0
2021-06-14 10:04:12,28375.0,0
2021-06-14 10:04:13,28372.9,0
2021-06-14 10:04:14,28373.3,0
2021-06-14 10:04:15,28374.4,0
2021-06-14 10:04:17,28372.6,0
2021-06-14 10:04:18,28371.35,0
2021-06-14 10:04:19,28372.9,0
2021-06-14 10:04:20,28371.9,0
2021-06-14 10:04:21,28372.35,0
2021-06-14 10:04:22,28369.0,0
2021-06-14 10:04:23,28369.75,0
2021-06-14 10:04:24,28370.05,0
2021-06-14 10:04:25,28370.8,0
2021-06-14 10:04:26,28377.2,0
2021-06-14 10:04:27,28377.35,0
2021-06-14 10:04:28,28376.85,0
2021-06-14 10:04:29,28375.0,0
2021-06-14 10:04:30,28370.55,0
2021-06-14 10:04:31,28373.1,0
2021-06-14 10:04:32,28372.4,0
2021-06-14 10:04:33,28374.15,0
2021-06-14 10:04:34,28379.1,0
2021-06-14 10:04:35,28378.95,0
2021-06-14 10:04:36,28378.15,0
2021-06-14 10:04:37,28377.8,0
2021-06-14 10:04:38,28379.0,0
2021-06-14 10:04:39,28377.1,0
2021-06-14 10:04:40,28377.1,0
2021-06-14 10:04:41,28380.0,0
2021-06-14 10:04:42,28379.1,0
2021-06-14 10:04:44,28382.15,0
2021-06-14 10:04:45,28384.6,0
2021-06-14 10:04:46,28385.35,0
2021-06-14 10:04:47,28388.15,0
2021-06-14 10:04:48,28385.7,0
2021-06-14 10:04:50,28387.15,0
2021-06-14 10:04:51,28387.2,0
2021-06-14 10:04:53,28385.45,0
2021-06-14 10:04:54,28385.25,0
2021-06-14 10:04:55,28385.25,0
2021-06-14 10:04:56,28386.5,0
2021-06-14 10:04:57,28385.7,0
2021-06-14 10:04:58,28386.4,0
2021-06-14 10:04:59,28384.25,0
2021-06-14 10:05:00,28384.95,0
2021-06-14 10:05:01,28383.25,0
2021-06-14 10:05:03,28380.95,0
2021-06-14 10:05:05,28381.65,0
2021-06-14 10:05:06,28380.5,0
2021-06-14 10:05:07,28380.45,0
2021-06-14 10:05:08,28383.25,0
2021-06-14 10:05:09,28384.3,0
2021-06-14 10:05:10,28383.95,0
2021-06-14 10:05:12,28381.05,0
2021-06-14 10:05:13,28382.45,0
2021-06-14 10:05:15,28389.6,0
2021-06-14 10:05:16,28381.2,0
2021-06-14 10:05:18,28387.35,0
2021-06-14 10:05:19,28385.85,0
2021-06-14 10:05:21,28382.35,0
2021-06-14 10:05:22,28385.6,0
2021-06-14 10:05:23,28384.9,0
2021-06-14 10:05:24,28384.85,0
2021-06-14 10:05:25,28383.5,0
2021-06-14 10:05:26,28383.1,0
2021-06-14 10:05:27,28383.2,0
2021-06-14 10:05:28,28384.9,0
2021-06-14 10:05:29,28382.1,0
2021-06-14 10:05:30,28381.95,0
2021-06-14 10:05:31,28383.2,0
2021-06-14 10:05:33,28385.2,0
2021-06-14 10:05:32,28382.35,0
2021-06-14 10:05:35,28380.95,0
2021-06-14 10:05:36,28380.4,0
2021-06-14 10:05:37,28380.0,0
2021-06-14 10:05:38,28378.0,0
2021-06-14 10:05:39,28379.35,0
2021-06-14 10:05:40,28378.5,0
2021-06-14 10:05:41,28376.9,0
2021-06-14 10:05:42,28376.5,0
2021-06-14 10:05:43,28376.15,0
2021-06-14 10:05:44,28374.3,0
2021-06-14 10:05:46,28379.95,0
2021-06-14 10:05:47,28381.3,0
2021-06-14 10:05:48,28374.75,0
2021-06-14 10:05:49,28373.1,0
2021-06-14 10:05:51,28374.05,0
2021-06-14 10:05:52,28374.9,0
2021-06-14 10:05:53,28375.05,0
2021-06-14 10:05:54,28371.8,0
2021-06-14 10:05:55,28373.75,0
2021-06-14 10:05:56,28374.55,0
2021-06-14 10:05:58,28376.35,0
2021-06-14 10:06:00,28373.4,0
2021-06-14 10:06:01,28375.35,0
2021-06-14 10:06:02,28374.9,0
2021-06-14 10:06:03,28374.1,0
2021-06-14 10:06:04,28372.8,0
2021-06-14 10:06:05,28373.1,0
2021-06-14 10:06:07,28375.65,0
2021-06-14 10:06:08,28376.6,0
2021-06-14 10:06:09,28371.8,0
2021-06-14 10:06:10,28373.15,0
2021-06-14 10:06:11,28370.55,0
2021-06-14 10:06:12,28371.65,0
2021-06-14 10:06:13,28370.2,0
2021-06-14 10:06:14,28367.35,0
2021-06-14 10:06:15,28367.6,0
2021-06-14 10:06:16,28366.9,0
2021-06-14 10:06:17,28368.6,0
2021-06-14 10:06:18,28371.75,0
2021-06-14 10:06:19,28371.25,0
2021-06-14 10:06:20,28367.9,0
2021-06-14 10:06:21,28368.15,0
2021-06-14 10:06:23,28367.05,0
2021-06-14 10:06:24,28367.1,0
2021-06-14 10:06:25,28367.7,0
2021-06-14 10:06:26,28366.85,0
2021-06-14 10:06:27,28364.8,0
2021-06-14 10:06:28,28366.75,0
2021-06-14 10:06:29,28364.75,0
2021-06-14 10:06:30,28363.75,0
2021-06-14 10:06:31,28362.4,0
2021-06-14 10:06:32,28362.95,0
2021-06-14 10:06:33,28360.35,0
2021-06-14 10:06:34,28359.85,0
2021-06-14 10:06:35,28358.85,0
2021-06-14 10:06:36,28359.5,0
2021-06-14 10:06:37,28360.55,0
2021-06-14 10:06:38,28360.1,0
2021-06-14 10:06:39,28360.7,0
2021-06-14 10:06:40,28359.5,0
2021-06-14 10:06:41,28361.15,0
2021-06-14 10:06:42,28359.85,0
2021-06-14 10:06:43,28361.9,0
2021-06-14 10:06:44,28362.05,0
2021-06-14 10:06:45,28363.3,0
2021-06-14 10:06:46,28360.3,0
2021-06-14 10:06:47,28357.55,0
2021-06-14 10:06:48,28354.45,0
2021-06-14 10:06:50,28355.85,0
2021-06-14 10:06:51,28355.0,0
2021-06-14 10:06:52,28357.9,0
2021-06-14 10:06:53,28354.45,0
2021-06-14 10:06:54,28353.45,0
2021-06-14 10:06:55,28354.3,0
2021-06-14 10:06:57,28355.35,0
2021-06-14 10:06:58,28356.95,0
2021-06-14 10:06:59,28354.35,0
2021-06-14 10:07:00,28356.35,0
2021-06-14 10:07:01,28352.45,0
2021-06-14 10:07:02,28354.65,0
2021-06-14 10:07:03,28355.0,0
2021-06-14 10:07:04,28352.55,0
2021-06-14 10:07:05,28353.35,0
2021-06-14 10:07:06,28353.6,0
2021-06-14 10:07:08,28353.45,0
2021-06-14 10:07:09,28354.25,0
2021-06-14 10:07:10,28356.45,0
2021-06-14 10:07:11,28358.5,0
2021-06-14 10:07:13,28359.85,0
2021-06-14 10:07:14,28356.15,0
2021-06-14 10:07:15,28359.4,0
2021-06-14 10:07:16,28360.1,0
2021-06-14 10:07:17,28361.1,0
2021-06-14 10:07:19,28361.9,0
2021-06-14 10:07:21,28359.95,0
2021-06-14 10:07:22,28360.35,0
2021-06-14 10:07:23,28358.7,0
2021-06-14 10:07:24,28361.2,0
2021-06-14 10:07:25,28363.5,0
2021-06-14 10:07:26,28363.5,0
2021-06-14 10:07:27,28357.85,0
2021-06-14 10:07:28,28360.75,0
2021-06-14 10:07:30,28360.95,0
2021-06-14 10:07:32,28361.15,0
2021-06-14 10:07:33,28361.15,0
2021-06-14 10:07:34,28361.2,0
2021-06-14 10:07:35,28362.65,0
2021-06-14 10:07:36,28361.35,0
2021-06-14 10:07:37,28359.05,0
2021-06-14 10:07:38,28358.75,0
2021-06-14 10:07:39,28357.4,0
2021-06-14 10:07:40,28357.75,0
2021-06-14 10:07:41,28358.65,0
2021-06-14 10:07:42,28359.85,0
2021-06-14 10:07:43,28356.9,0
2021-06-14 10:07:44,28359.25,0
2021-06-14 10:07:45,28358.45,0
2021-06-14 10:07:46,28358.45,0
2021-06-14 10:07:48,28355.8,0
2021-06-14 10:07:49,28357.85,0
2021-06-14 10:07:50,28360.35,0
2021-06-14 10:07:51,28360.2,0
2021-06-14 10:07:52,28362.05,0
2021-06-14 10:07:53,28359.6,0
2021-06-14 10:07:54,28361.0,0
2021-06-14 10:07:55,28360.95,0
2021-06-14 10:07:56,28363.05,0
2021-06-14 10:07:58,28364.35,0
2021-06-14 10:07:59,28359.75,0
2021-06-14 10:08:00,28358.0,0
2021-06-14 10:08:01,28358.2,0
2021-06-14 10:08:02,28355.7,0
2021-06-14 10:08:03,28357.85,0
2021-06-14 10:08:04,28359.3,0
2021-06-14 10:08:05,28360.45,0
2021-06-14 10:08:06,28357.95,0
2021-06-14 10:08:07,28356.25,0
2021-06-14 10:08:08,28355.65,0
2021-06-14 10:08:09,28357.35,0
2021-06-14 10:08:10,28356.75,0
2021-06-14 10:08:11,28359.45,0
2021-06-14 10:08:12,28354.45,0
2021-06-14 10:08:13,28354.8,0
2021-06-14 10:08:14,28358.8,0
2021-06-14 10:08:15,28357.2,0
2021-06-14 10:08:16,28362.05,0
2021-06-14 10:08:17,28364.35,0
2021-06-14 10:08:19,28363.1,0
2021-06-14 10:08:20,28368.45,0
2021-06-14 10:08:21,28368.5,0
2021-06-14 10:08:22,28367.85,0
2021-06-14 10:08:23,28364.35,0
2021-06-14 10:08:24,28365.7,0
2021-06-14 10:08:26,28365.65,0
2021-06-14 10:08:27,28364.35,0
2021-06-14 10:08:28,28363.1,0
2021-06-14 10:08:31,28368.2,0
2021-06-14 10:08:32,28369.75,0
2021-06-14 10:08:34,28369.7,0
2021-06-14 10:08:35,28374.85,0
2021-06-14 10:08:36,28375.95,0
2021-06-14 10:08:37,28374.05,0
2021-06-14 10:08:38,28375.9,0
2021-06-14 10:08:40,28374.5,0
2021-06-14 10:08:41,28376.8,0
2021-06-14 10:08:42,28376.2,0
2021-06-14 10:08:43,28375.8,0
2021-06-14 10:08:45,28370.7,0
2021-06-14 10:08:46,28374.55,0
2021-06-14 10:08:47,28374.0,0
2021-06-14 10:08:48,28374.45,0
2021-06-14 10:08:49,28370.95,0
2021-06-14 10:08:50,28370.5,0
2021-06-14 10:08:51,28372.5,0
2021-06-14 10:08:52,28371.35,0
2021-06-14 10:08:53,28370.45,0
2021-06-14 10:08:54,28371.4,0
2021-06-14 10:08:56,28374.45,0
2021-06-14 10:08:57,28373.4,0
2021-06-14 10:08:58,28375.7,0
2021-06-14 10:08:59,28374.5,0
2021-06-14 10:09:00,28376.35,0
2021-06-14 10:09:02,28375.55,0
2021-06-14 10:09:03,28376.65,0
2021-06-14 10:09:04,28375.7,0
2021-06-14 10:09:05,28377.6,0
2021-06-14 10:09:06,28376.0,0
2021-06-14 10:09:07,28375.6,0
2021-06-14 10:09:09,28376.7,0
2021-06-14 10:09:10,28377.2,0
2021-06-14 10:09:12,28376.2,0
2021-06-14 10:09:13,28375.45,0
2021-06-14 10:09:14,28373.65,0
2021-06-14 10:09:15,28376.0,0
2021-06-14 10:09:16,28375.0,0
2021-06-14 10:09:17,28373.35,0
2021-06-14 10:09:18,28373.35,0
2021-06-14 10:09:19,28374.75,0
2021-06-14 10:09:20,28376.05,0
2021-06-14 10:09:21,28371.6,0
2021-06-14 10:09:23,28374.2,0
2021-06-14 10:09:25,28374.35,0
2021-06-14 10:09:28,28373.05,0
2021-06-14 10:09:29,28377.2,0
2021-06-14 10:09:31,28379.65,0
2021-06-14 10:09:32,28377.5,0
2021-06-14 10:09:33,28378.25,0
2021-06-14 10:09:34,28377.3,0
2021-06-14 10:09:37,28376.95,0
2021-06-14 10:09:38,28377.35,0
2021-06-14 10:09:39,28377.7,0
2021-06-14 10:09:40,28374.85,0
2021-06-14 10:09:41,28376.8,0
2021-06-14 10:09:42,28376.35,0
2021-06-14 10:09:43,28372.55,0
2021-06-14 10:09:44,28374.35,0
2021-06-14 10:09:45,28374.45,0
2021-06-14 10:09:46,28376.2,0
2021-06-14 10:09:48,28373.6,0
2021-06-14 10:09:49,28373.0,0
2021-06-14 10:09:50,28373.45,0
2021-06-14 10:09:51,28373.9,0
2021-06-14 10:09:52,28373.35,0
2021-06-14 10:09:53,28374.0,0
2021-06-14 10:09:54,28375.25,0
2021-06-14 10:09:55,28372.9,0
2021-06-14 10:09:56,28371.05,0
2021-06-14 10:09:57,28371.0,0
2021-06-14 10:09:58,28371.25,0
2021-06-14 10:09:59,28372.95,0
2021-06-14 10:10:00,28370.55,0
2021-06-14 10:10:01,28368.9,0
2021-06-14 10:10:02,28372.25,0
2021-06-14 10:10:03,28368.4,0
2021-06-14 10:10:06,28362.7,0
2021-06-14 10:10:07,28364.7,0
2021-06-14 10:10:08,28367.5,0
2021-06-14 10:10:09,28363.2,0
2021-06-14 10:10:10,28361.85,0
2021-06-14 10:10:11,28363.0,0
2021-06-14 10:10:12,28363.5,0
2021-06-14 10:10:13,28363.0,0
2021-06-14 10:10:15,28366.45,0
2021-06-14 10:10:16,28364.6,0
2021-06-14 10:10:17,28364.6,0
2021-06-14 10:10:18,28367.25,0
2021-06-14 10:10:19,28368.45,0
2021-06-14 10:10:20,28367.25,0
2021-06-14 10:10:21,28367.6,0
2021-06-14 10:10:22,28370.55,0
2021-06-14 10:10:23,28372.4,0
2021-06-14 10:10:24,28374.95,0
2021-06-14 10:10:25,28373.6,0
2021-06-14 10:10:26,28375.1,0
2021-06-14 10:10:27,28377.2,0
2021-06-14 10:10:28,28375.2,0
2021-06-14 10:10:29,28377.0,0
2021-06-14 10:10:30,28377.4,0
2021-06-14 10:10:31,28375.3,0
2021-06-14 10:10:33,28380.65,0
2021-06-14 10:10:34,28380.55,0
2021-06-14 10:10:35,28379.5,0
2021-06-14 10:10:37,28376.95,0
2021-06-14 10:10:38,28376.3,0
2021-06-14 10:10:39,28377.1,0
2021-06-14 10:10:40,28375.15,0
2021-06-14 10:10:41,28376.45,0
2021-06-14 10:10:42,28376.95,0
2021-06-14 10:10:43,28376.75,0
2021-06-14 10:10:44,28377.5,0
2021-06-14 10:10:45,28379.35,0
2021-06-14 10:10:47,28380.2,0
2021-06-14 10:10:48,28380.45,0
2021-06-14 10:10:49,28380.65,0
2021-06-14 10:10:50,28381.8,0
2021-06-14 10:10:51,28383.25,0
2021-06-14 10:10:52,28382.0,0
2021-06-14 10:10:53,28382.45,0
2021-06-14 10:10:54,28380.75,0
2021-06-14 10:10:55,28378.6,0
2021-06-14 10:10:56,28378.8,0
2021-06-14 10:10:57,28378.1,0
2021-06-14 10:10:58,28378.9,0
2021-06-14 10:10:59,28380.3,0
2021-06-14 10:11:00,28383.85,0
2021-06-14 10:11:01,28377.95,0
2021-06-14 10:11:02,28379.0,0
2021-06-14 10:11:04,28377.9,0
2021-06-14 10:11:05,28377.65,0
2021-06-14 10:11:08,28378.6,0
2021-06-14 10:11:09,28380.35,0
2021-06-14 10:11:10,28380.05,0
2021-06-14 10:11:11,28379.3,0
2021-06-14 10:11:12,28377.6,0
2021-06-14 10:11:13,28380.7,0
2021-06-14 10:11:14,28378.55,0
2021-06-14 10:11:15,28378.9,0
2021-06-14 10:11:16,28381.85,0
2021-06-14 10:11:17,28379.25,0
2021-06-14 10:11:18,28379.85,0
2021-06-14 10:11:19,28383.65,0
2021-06-14 10:11:20,28379.15,0
2021-06-14 10:11:21,28380.05,0
2021-06-14 10:11:22,28376.5,0
2021-06-14 10:11:26,28381.9,0
2021-06-14 10:11:27,28382.05,0
2021-06-14 10:11:28,28379.4,0
2021-06-14 10:11:29,28380.95,0
2021-06-14 10:11:30,28380.4,0
2021-06-14 10:11:31,28378.65,0
2021-06-14 10:11:33,28376.85,0
2021-06-14 10:11:35,28377.3,0
2021-06-14 10:11:36,28375.85,0
2021-06-14 10:11:37,28378.65,0
2021-06-14 10:11:38,28375.25,0
2021-06-14 10:11:40,28374.05,0
2021-06-14 10:11:41,28375.1,0
2021-06-14 10:11:42,28379.95,0
2021-06-14 10:11:43,28379.2,0
2021-06-14 10:11:45,28377.75,0
2021-06-14 10:11:46,28376.4,0
2021-06-14 10:11:47,28376.75,0
2021-06-14 10:11:48,28375.7,0
2021-06-14 10:11:50,28374.1,0
2021-06-14 10:11:51,28377.5,0
2021-06-14 10:11:52,28376.3,0
2021-06-14 10:11:53,28377.5,0
2021-06-14 10:11:54,28378.6,0
2021-06-14 10:11:55,28379.25,0
2021-06-14 10:11:56,28379.4,0
2021-06-14 10:11:57,28378.8,0
2021-06-14 10:11:58,28378.65,0
2021-06-14 10:11:59,28377.0,0
2021-06-14 10:12:00,28378.65,0
2021-06-14 10:12:02,28381.1,0
2021-06-14 10:12:03,28382.0,0
2021-06-14 10:12:04,28381.6,0
2021-06-14 10:12:05,28382.4,0
2021-06-14 10:12:06,28384.9,0
2021-06-14 10:12:07,28391.65,0
2021-06-14 10:12:08,28392.35,0
2021-06-14 10:12:09,28388.4,0
2021-06-14 10:12:10,28391.15,0
2021-06-14 10:12:11,28392.0,0
2021-06-14 10:12:13,28389.55,0
2021-06-14 10:12:15,28390.0,0
2021-06-14 10:12:16,28394.75,0
2021-06-14 10:12:17,28388.65,0
2021-06-14 10:12:18,28387.6,0
2021-06-14 10:12:19,28388.85,0
2021-06-14 10:12:20,28388.15,0
2021-06-14 10:12:21,28386.8,0
2021-06-14 10:12:22,28388.25,0
2021-06-14 10:12:25,28387.95,0
2021-06-14 10:12:26,28390.0,0
2021-06-14 10:12:27,28391.25,0
2021-06-14 10:12:29,28389.8,0
2021-06-14 10:12:30,28388.5,0
2021-06-14 10:12:32,28387.65,0
2021-06-14 10:12:33,28388.15,0
2021-06-14 10:12:34,28385.6,0
2021-06-14 10:12:35,28387.25,0
2021-06-14 10:12:36,28384.65,0
2021-06-14 10:12:37,28386.0,0
2021-06-14 10:12:38,28385.5,0
2021-06-14 10:12:39,28384.55,0
2021-06-14 10:12:40,28379.35,0
2021-06-14 10:12:41,28377.8,0
2021-06-14 10:12:42,28376.85,0
2021-06-14 10:12:43,28378.4,0
2021-06-14 10:12:44,28378.9,0
2021-06-14 10:12:45,28382.9,0
2021-06-14 10:12:46,28378.8,0
2021-06-14 10:12:47,28377.1,0
2021-06-14 10:12:48,28380.8,0
2021-06-14 10:12:49,28385.25,0
2021-06-14 10:12:50,28387.75,0
2021-06-14 10:12:52,28385.25,0
2021-06-14 10:12:53,28387.4,0
2021-06-14 10:12:54,28387.3,0
2021-06-14 10:12:55,28387.6,0
2021-06-14 10:12:56,28385.55,0
2021-06-14 10:12:57,28387.65,0
2021-06-14 10:12:58,28388.3,0
2021-06-14 10:12:59,28391.1,0
2021-06-14 10:13:00,28390.4,0
2021-06-14 10:13:01,28390.4,0
2021-06-14 10:13:03,28388.65,0
2021-06-14 10:13:04,28386.95,0
2021-06-14 10:13:05,28387.8,0
2021-06-14 10:13:06,28390.65,0
2021-06-14 10:13:07,28388.45,0
2021-06-14 10:13:08,28392.9,0
2021-06-14 10:13:09,28390.45,0
2021-06-14 10:13:11,28392.2,0
2021-06-14 10:13:13,28390.85,0
2021-06-14 10:13:14,28390.45,0
2021-06-14 10:13:16,28390.95,0
2021-06-14 10:13:17,28390.0,0
2021-06-14 10:13:18,28391.2,0
2021-06-14 10:13:19,28390.9,0
2021-06-14 10:13:20,28395.05,0
2021-06-14 10:13:22,28392.25,0
2021-06-14 10:13:23,28392.75,0
2021-06-14 10:13:24,28396.55,0
2021-06-14 10:13:25,28394.9,0
2021-06-14 10:13:26,28392.1,0
2021-06-14 10:13:27,28393.5,0
2021-06-14 10:13:28,28392.5,0
2021-06-14 10:13:29,28393.0,0
2021-06-14 10:13:30,28392.25,0
2021-06-14 10:13:31,28391.55,0
2021-06-14 10:13:32,28395.0,0
2021-06-14 10:13:33,28392.5,0
2021-06-14 10:13:35,28392.25,0
2021-06-14 10:13:37,28393.9,0
2021-06-14 10:13:38,28392.4,0
2021-06-14 10:13:39,28391.7,0
2021-06-14 10:13:40,28390.8,0
2021-06-14 10:13:41,28391.05,0
2021-06-14 10:13:42,28396.25,0
2021-06-14 10:13:44,28398.15,0
2021-06-14 10:13:45,28397.25,0
2021-06-14 10:13:46,28396.15,0
2021-06-14 10:13:48,28398.75,0
2021-06-14 10:13:49,28397.05,0
2021-06-14 10:13:50,28396.15,0
2021-06-14 10:13:51,28396.9,0
2021-06-14 10:13:52,28397.0,0
2021-06-14 10:13:53,28397.0,0
2021-06-14 10:13:54,28397.45,0
2021-06-14 10:13:55,28396.45,0
2021-06-14 10:13:56,28398.75,0
2021-06-14 10:13:57,28401.0,0
2021-06-14 10:14:00,28399.65,0
2021-06-14 10:14:01,28401.25,0
2021-06-14 10:14:04,28400.85,0
2021-06-14 10:14:05,28400.05,0
2021-06-14 10:14:06,28399.9,0
2021-06-14 10:14:07,28400.35,0
2021-06-14 10:14:08,28398.1,0
2021-06-14 10:14:10,28397.55,0
2021-06-14 10:14:11,28398.6,0
2021-06-14 10:14:12,28398.85,0
2021-06-14 10:14:14,28396.85,0
2021-06-14 10:14:16,28398.4,0
2021-06-14 10:14:17,28397.3,0
2021-06-14 10:14:18,28399.9,0
2021-06-14 10:14:19,28399.0,0
2021-06-14 10:14:20,28397.4,0
2021-06-14 10:14:21,28394.9,0
2021-06-14 10:14:22,28394.9,0
2021-06-14 10:14:23,28395.5,0
2021-06-14 10:14:24,28390.3,0
2021-06-14 10:14:26,28392.1,0
2021-06-14 10:14:27,28394.2,0
2021-06-14 10:14:28,28393.5,0
2021-06-14 10:14:29,28394.1,0
2021-06-14 10:14:30,28392.8,0
2021-06-14 10:14:31,28391.4,0
2021-06-14 10:14:32,28393.55,0
2021-06-14 10:14:33,28392.7,0
2021-06-14 10:14:34,28392.2,0
2021-06-14 10:14:35,28393.65,0
2021-06-14 10:14:37,28391.8,0
2021-06-14 10:14:38,28396.25,0
2021-06-14 10:14:40,28394.2,0
2021-06-14 10:14:41,28392.85,0
2021-06-14 10:14:42,28394.0,0
2021-06-14 10:14:43,28394.35,0
2021-06-14 10:14:44,28395.8,0
2021-06-14 10:14:45,28393.1,0
2021-06-14 10:14:46,28393.3,0
2021-06-14 10:14:47,28393.25,0
2021-06-14 10:14:48,28397.65,0
2021-06-14 10:14:49,28397.85,0
2021-06-14 10:14:51,28397.55,0
2021-06-14 10:14:52,28398.5,0
2021-06-14 10:14:53,28392.25,0
2021-06-14 10:14:54,28395.8,0
2021-06-14 10:14:55,28394.55,0
2021-06-14 10:14:56,28394.95,0
2021-06-14 10:14:57,28394.3,0
2021-06-14 10:14:58,28394.1,0
2021-06-14 10:14:59,28394.85,0
2021-06-14 10:15:00,28394.2,0
2021-06-14 10:15:01,28390.9,0
2021-06-14 10:15:02,28389.5,0
2021-06-14 10:15:03,28394.75,0
2021-06-14 10:15:04,28398.35,0
2021-06-14 10:15:05,28397.35,0
2021-06-14 10:15:06,28398.6,0
2021-06-14 10:15:07,28399.7,0
2021-06-14 10:15:08,28401.0,0
2021-06-14 10:15:09,28399.85,0
2021-06-14 10:15:10,28400.1,0
2021-06-14 10:15:11,28399.55,0
2021-06-14 10:15:12,28399.0,0
2021-06-14 10:15:13,28399.5,0
2021-06-14 10:15:14,28399.85,0
2021-06-14 10:15:15,28398.85,0
2021-06-14 10:15:17,28398.1,0
2021-06-14 10:15:18,28398.95,0
2021-06-14 10:15:19,28399.7,0
2021-06-14 10:15:20,28399.95,0
2021-06-14 10:15:21,28399.85,0
2021-06-14 10:15:22,28403.7,0
2021-06-14 10:15:23,28401.3,0
2021-06-14 10:15:24,28402.95,0
2021-06-14 10:15:25,28402.4,0
2021-06-14 10:15:27,28401.9,0
2021-06-14 10:15:28,28403.55,0
2021-06-14 10:15:30,28403.0,0
2021-06-14 10:15:32,28402.6,0
2021-06-14 10:15:33,28404.3,0
2021-06-14 10:15:34,28403.15,0
2021-06-14 10:15:35,28397.55,0
2021-06-14 10:15:36,28396.6,0
2021-06-14 10:15:38,28394.7,0
2021-06-14 10:15:39,28395.2,0
2021-06-14 10:15:40,28395.65,0
2021-06-14 10:15:41,28394.15,0
2021-06-14 10:15:43,28394.65,0
2021-06-14 10:15:44,28392.9,0
2021-06-14 10:15:46,28394.4,0
2021-06-14 10:15:47,28391.5,0
2021-06-14 10:15:48,28394.45,0
2021-06-14 10:15:49,28393.1,0
2021-06-14 10:15:50,28391.6,0
2021-06-14 10:15:51,28392.2,0
2021-06-14 10:15:52,28392.5,0
2021-06-14 10:15:53,28393.0,0
2021-06-14 10:15:55,28392.55,0
2021-06-14 10:15:56,28395.75,0
2021-06-14 10:15:57,28394.65,0
2021-06-14 10:15:58,28393.45,0
2021-06-14 10:16:00,28393.3,0
2021-06-14 10:16:01,28392.3,0
2021-06-14 10:16:02,28396.45,0
2021-06-14 10:16:04,28392.8,0
2021-06-14 10:16:05,28389.15,0
2021-06-14 10:16:06,28389.35,0
2021-06-14 10:16:07,28389.75,0
2021-06-14 10:16:08,28390.2,0
2021-06-14 10:16:11,28389.05,0
2021-06-14 10:16:12,28389.9,0
2021-06-14 10:16:13,28391.2,0
2021-06-14 10:16:14,28390.6,0
2021-06-14 10:16:15,28382.65,0
2021-06-14 10:16:16,28382.9,0
2021-06-14 10:16:17,28383.7,0
2021-06-14 10:16:18,28381.9,0
2021-06-14 10:16:19,28381.95,0
2021-06-14 10:16:21,28380.3,0
2021-06-14 10:16:22,28381.05,0
2021-06-14 10:16:24,28378.25,0
2021-06-14 10:16:25,28378.05,0
2021-06-14 10:16:26,28378.6,0
2021-06-14 10:16:27,28379.2,0
2021-06-14 10:16:28,28378.45,0
2021-06-14 10:16:29,28376.2,0
2021-06-14 10:16:31,28378.75,0
2021-06-14 10:16:32,28380.45,0
2021-06-14 10:16:33,28379.85,0
2021-06-14 10:16:34,28375.85,0
2021-06-14 10:16:35,28378.7,0
2021-06-14 10:16:36,28378.45,0
2021-06-14 10:16:37,28378.2,0
2021-06-14 10:16:39,28373.2,0
2021-06-14 10:16:40,28376.3,0
2021-06-14 10:16:41,28374.3,0
2021-06-14 10:16:42,28375.15,0
2021-06-14 10:16:43,28372.05,0
2021-06-14 10:16:44,28374.9,0
2021-06-14 10:16:45,28375.2,0
2021-06-14 10:16:46,28373.4,0
2021-06-14 10:16:47,28370.75,0
2021-06-14 10:16:49,28369.0,0
2021-06-14 10:16:50,28370.85,0
2021-06-14 10:16:51,28370.25,0
2021-06-14 10:16:52,28369.05,0
2021-06-14 10:16:53,28370.95,0
2021-06-14 10:16:54,28372.45,0
2021-06-14 10:16:55,28370.0,0
2021-06-14 10:16:56,28372.9,0
2021-06-14 10:16:58,28369.45,0
2021-06-14 10:16:59,28371.3,0
2021-06-14 10:17:00,28369.6,0
2021-06-14 10:17:02,28364.6,0
2021-06-14 10:17:03,28364.75,0
2021-06-14 10:17:05,28364.2,0
2021-06-14 10:17:06,28365.75,0
2021-06-14 10:17:07,28365.8,0
2021-06-14 10:17:08,28369.75,0
2021-06-14 10:17:09,28366.35,0
2021-06-14 10:17:10,28367.55,0
2021-06-14 10:17:11,28367.4,0
2021-06-14 10:17:12,28368.35,0
2021-06-14 10:17:13,28369.45,0
2021-06-14 10:17:14,28369.8,0
2021-06-14 10:17:15,28369.75,0
2021-06-14 10:17:16,28370.15,0
2021-06-14 10:17:17,28371.45,0
2021-06-14 10:17:18,28367.9,0
2021-06-14 10:17:19,28366.95,0
2021-06-14 10:17:20,28364.95,0
2021-06-14 10:17:21,28364.55,0
2021-06-14 10:17:25,28365.25,0
2021-06-14 10:17:26,28364.75,0
2021-06-14 10:17:27,28366.15,0
2021-06-14 10:17:28,28367.4,0
2021-06-14 10:17:29,28366.5,0
2021-06-14 10:17:31,28368.7,0
2021-06-14 10:17:33,28368.2,0
2021-06-14 10:17:36,28367.2,0
2021-06-14 10:17:37,28366.85,0
2021-06-14 10:17:38,28367.65,0
2021-06-14 10:17:39,28367.4,0
2021-06-14 10:17:41,28365.45,0
2021-06-14 10:17:42,28364.65,0
2021-06-14 10:17:43,28365.55,0
2021-06-14 10:17:44,28366.45,0
2021-06-14 10:17:45,28365.75,0
2021-06-14 10:17:46,28365.6,0
2021-06-14 10:17:47,28365.8,0
2021-06-14 10:17:49,28365.3,0
2021-06-14 10:17:50,28360.0,0
2021-06-14 10:17:51,28363.7,0
2021-06-14 10:17:52,28361.45,0
2021-06-14 10:17:53,28360.15,0
2021-06-14 10:17:54,28361.8,0
2021-06-14 10:17:55,28359.35,0
2021-06-14 10:17:56,28358.4,0
2021-06-14 10:17:57,28360.7,0
2021-06-14 10:17:58,28359.8,0
2021-06-14 10:17:59,28360.45,0
2021-06-14 10:18:00,28358.85,0
2021-06-14 10:18:01,28359.4,0
2021-06-14 10:18:02,28356.65,0
2021-06-14 10:18:04,28357.1,0
2021-06-14 10:18:05,28357.7,0
2021-06-14 10:18:06,28358.55,0
2021-06-14 10:18:07,28359.2,0
2021-06-14 10:18:08,28357.95,0
2021-06-14 10:18:09,28362.1,0
2021-06-14 10:18:10,28356.85,0
2021-06-14 10:18:13,28353.7,0
2021-06-14 10:18:14,28357.6,0
2021-06-14 10:18:15,28355.75,0
2021-06-14 10:18:16,28354.95,0
2021-06-14 10:18:17,28351.6,0
2021-06-14 10:18:18,28355.65,0
2021-06-14 10:18:19,28356.35,0
2021-06-14 10:18:20,28362.2,0
2021-06-14 10:18:21,28361.9,0
2021-06-14 10:18:22,28358.7,0
2021-06-14 10:18:23,28358.55,0
2021-06-14 10:18:24,28360.2,0
2021-06-14 10:18:25,28358.25,0
2021-06-14 10:18:26,28359.0,0
2021-06-14 10:18:27,28355.6,0
2021-06-14 10:18:28,28356.65,0
2021-06-14 10:18:29,28354.55,0
2021-06-14 10:18:32,28354.1,0
2021-06-14 10:18:33,28355.85,0
2021-06-14 10:18:34,28353.85,0
2021-06-14 10:18:35,28352.8,0
2021-06-14 10:18:36,28353.05,0
2021-06-14 10:18:37,28354.35,0
2021-06-14 10:18:38,28354.9,0
2021-06-14 10:18:39,28353.7,0
2021-06-14 10:18:40,28351.0,0
2021-06-14 10:18:41,28351.0,0
2021-06-14 10:18:42,28348.85,0
2021-06-14 10:18:43,28350.0,0
2021-06-14 10:18:44,28350.45,0
2021-06-14 10:18:45,28348.25,0
2021-06-14 10:18:47,28347.45,0
2021-06-14 10:18:48,28347.55,0
2021-06-14 10:18:49,28346.55,0
2021-06-14 10:18:50,28348.15,0
2021-06-14 10:18:51,28344.2,0
2021-06-14 10:18:52,28343.9,0
2021-06-14 10:18:53,28344.0,0
2021-06-14 10:18:54,28343.85,0
2021-06-14 10:18:55,28348.75,0
2021-06-14 10:18:56,28347.75,0
2021-06-14 10:18:57,28349.2,0
2021-06-14 10:18:58,28347.65,0
2021-06-14 10:18:59,28348.25,0
2021-06-14 10:19:00,28351.2,0
2021-06-14 10:19:01,28351.9,0
2021-06-14 10:19:02,28347.85,0
2021-06-14 10:19:03,28350.5,0
2021-06-14 10:19:04,28350.8,0
2021-06-14 10:19:05,28352.0,0
2021-06-14 10:19:06,28350.0,0
2021-06-14 10:19:08,28343.0,0
2021-06-14 10:19:09,28342.95,0
2021-06-14 10:19:11,28346.55,0
2021-06-14 10:19:12,28342.4,0
2021-06-14 10:19:13,28345.25,0
2021-06-14 10:19:14,28341.65,0
2021-06-14 10:19:15,28340.25,0
2021-06-14 10:19:16,28339.3,0
2021-06-14 10:19:18,28340.75,0
2021-06-14 10:19:19,28340.7,0
2021-06-14 10:19:20,28338.3,0
2021-06-14 10:19:21,28341.25,0
2021-06-14 10:19:22,28338.35,0
2021-06-14 10:19:23,28340.0,0
2021-06-14 10:19:24,28339.95,0
2021-06-14 10:19:25,28338.9,0
2021-06-14 10:19:26,28337.9,0
2021-06-14 10:19:27,28341.55,0
2021-06-14 10:19:28,28340.95,0
2021-06-14 10:19:29,28340.9,0
2021-06-14 10:19:30,28342.75,0
2021-06-14 10:19:31,28342.55,0
2021-06-14 10:19:32,28342.55,0
2021-06-14 10:19:33,28340.7,0
2021-06-14 10:19:34,28342.55,0
2021-06-14 10:19:35,28343.15,0
2021-06-14 10:19:36,28340.65,0
2021-06-14 10:19:37,28341.15,0
2021-06-14 10:19:38,28339.25,0
2021-06-14 10:19:39,28337.6,0
2021-06-14 10:19:40,28341.95,0
2021-06-14 10:19:41,28340.7,0
2021-06-14 10:19:42,28338.3,0
2021-06-14 10:19:43,28340.0,0
2021-06-14 10:19:44,28339.95,0
2021-06-14 10:19:45,28339.85,0
2021-06-14 10:19:46,28339.5,0
2021-06-14 10:19:47,28337.0,0
2021-06-14 10:19:48,28335.2,0
2021-06-14 10:19:49,28335.35,0
2021-06-14 10:19:50,28336.05,0
2021-06-14 10:19:53,28338.4,0
2021-06-14 10:19:54,28337.45,0
2021-06-14 10:19:55,28334.4,0
2021-06-14 10:19:56,28337.65,0
2021-06-14 10:19:57,28336.1,0
2021-06-14 10:19:58,28335.25,0
2021-06-14 10:19:59,28327.6,0
2021-06-14 10:20:00,28328.4,0
2021-06-14 10:20:01,28329.15,0
2021-06-14 10:20:02,28330.15,0
2021-06-14 10:20:04,28328.0,0
2021-06-14 10:20:05,28325.55,0
2021-06-14 10:20:06,28330.15,0
2021-06-14 10:20:07,28330.8,0
2021-06-14 10:20:09,28331.75,0
2021-06-14 10:20:10,28328.25,0
2021-06-14 10:20:11,28329.35,0
2021-06-14 10:20:12,28329.75,0
2021-06-14 10:20:13,28333.5,0
2021-06-14 10:20:14,28329.2,0
2021-06-14 10:20:15,28333.95,0
2021-06-14 10:20:16,28332.0,0
2021-06-14 10:20:17,28334.05,0
2021-06-14 10:20:18,28332.5,0
2021-06-14 10:20:19,28331.8,0
2021-06-14 10:20:20,28333.7,0
2021-06-14 10:20:21,28334.55,0
2021-06-14 10:20:22,28332.85,0
2021-06-14 10:20:23,28336.35,0
2021-06-14 10:20:24,28334.65,0
2021-06-14 10:20:25,28338.15,0
2021-06-14 10:20:26,28336.1,0
2021-06-14 10:20:28,28336.25,0
2021-06-14 10:20:29,28339.55,0
2021-06-14 10:20:30,28337.35,0
2021-06-14 10:20:31,28335.55,0
2021-06-14 10:20:33,28338.4,0
2021-06-14 10:20:34,28338.8,0
2021-06-14 10:20:35,28330.35,0
2021-06-14 10:20:36,28330.9,0
2021-06-14 10:20:37,28329.95,0
2021-06-14 10:20:38,28329.05,0
2021-06-14 10:20:41,28332.65,0
2021-06-14 10:20:42,28329.5,0
2021-06-14 10:20:43,28330.0,0
2021-06-14 10:20:44,28333.65,0
2021-06-14 10:20:45,28337.4,0
2021-06-14 10:20:47,28338.65,0
2021-06-14 10:20:48,28339.9,0
2021-06-14 10:20:49,28343.3,0
2021-06-14 10:20:50,28342.15,0
2021-06-14 10:20:51,28341.65,0
2021-06-14 10:20:52,28340.7,0
2021-06-14 10:20:53,28340.6,0
