timestamp,ltp,volume
2021-06-14 09:15:48,34847.0,0
2021-06-14 09:15:49,34846.75,0
2021-06-14 09:15:50,34842.95,0
2021-06-14 09:15:51,34840.5,0
2021-06-14 09:15:52,34837.0,0
2021-06-14 09:15:54,34844.0,0
2021-06-14 09:15:56,34841.5,0
2021-06-14 09:15:57,34847.15,0
2021-06-14 09:15:58,34841.9,0
2021-06-14 09:16:00,34847.5,0
2021-06-14 09:16:01,34841.45,0
2021-06-14 09:16:02,34845.2,0
2021-06-14 09:16:03,34854.65,0
2021-06-14 09:16:04,34850.8,0
2021-06-14 09:16:05,34848.65,0
2021-06-14 09:16:06,34849.75,0
2021-06-14 09:16:07,34848.2,0
2021-06-14 09:16:08,34840.2,0
2021-06-14 09:16:09,34843.75,0
2021-06-14 09:16:10,34850.2,0
2021-06-14 09:16:11,34853.7,0
2021-06-14 09:16:14,34847.85,0
2021-06-14 09:16:16,34850.5,0
2021-06-14 09:16:17,34855.0,0
2021-06-14 09:16:18,34851.85,0
2021-06-14 09:16:19,34852.75,0
2021-06-14 09:16:20,34852.25,0
2021-06-14 09:16:22,34851.05,0
2021-06-14 09:16:23,34854.7,0
2021-06-14 09:16:24,34853.1,0
2021-06-14 09:16:25,34859.3,0
2021-06-14 09:16:26,34861.85,0
2021-06-14 09:16:27,34865.3,0
2021-06-14 09:16:28,34864.7,0
2021-06-14 09:16:29,34863.7,0
2021-06-14 09:16:30,34863.6,0
2021-06-14 09:16:31,34856.6,0
2021-06-14 09:16:32,34859.8,0
2021-06-14 09:16:33,34856.6,0
2021-06-14 09:16:35,34852.05,0
2021-06-14 09:16:36,34853.45,0
2021-06-14 09:16:37,34855.7,0
2021-06-14 09:16:38,34850.05,0
2021-06-14 09:16:39,34846.55,0
2021-06-14 09:16:41,34847.65,0
2021-06-14 09:16:42,34851.8,0
2021-06-14 09:16:43,34849.1,0
2021-06-14 09:16:44,34847.6,0
2021-06-14 09:16:45,34846.0,0
2021-06-14 09:16:46,34845.2,0
2021-06-14 09:16:47,34845.4,0
2021-06-14 09:16:48,34845.5,0
2021-06-14 09:16:50,34841.6,0
2021-06-14 09:16:52,34838.05,0
2021-06-14 09:16:53,34839.45,0
2021-06-14 09:16:54,34837.45,0
2021-06-14 09:16:55,34838.6,0
2021-06-14 09:16:59,34830.95,0
2021-06-14 09:17:00,34834.5,0
2021-06-14 09:17:02,34827.65,0
2021-06-14 09:17:03,34831.85,0
2021-06-14 09:17:04,34825.3,0
2021-06-14 09:17:05,34826.15,0
2021-06-14 09:17:06,34824.9,0
2021-06-14 09:17:07,34822.35,0
2021-06-14 09:17:08,34822.55,0
2021-06-14 09:17:12,34828.8,0
2021-06-14 09:17:16,34831.3,0
2021-06-14 09:17:17,34822.9,0
2021-06-14 09:17:18,34832.6,0
2021-06-14 09:17:19,34836.7,0
2021-06-14 09:17:20,34833.45,0
2021-06-14 09:17:21,34830.4,0
2021-06-14 09:17:23,34834.1,0
2021-06-14 09:17:24,34834.15,0
2021-06-14 09:17:25,34836.25,0
2021-06-14 09:17:26,34833.05,0
2021-06-14 09:17:27,34841.55,0
2021-06-14 09:17:28,34839.55,0
2021-06-14 09:17:29,34841.05,0
2021-06-14 09:17:30,34838.9,0
2021-06-14 09:17:31,34842.7,0
2021-06-14 09:17:33,34845.65,0
2021-06-14 09:17:34,34845.05,0
2021-06-14 09:17:35,34845.4,0
2021-06-14 09:17:36,34848.05,0
2021-06-14 09:17:37,34847.95,0
2021-06-14 09:17:38,34845.7,0
2021-06-14 09:17:40,34849.0,0
2021-06-14 09:17:41,34848.95,0
2021-06-14 09:17:42,34845.9,0
2021-06-14 09:17:43,34846.7,0
2021-06-14 09:17:45,34847.7,0
2021-06-14 09:17:46,34852.25,0
2021-06-14 09:17:47,34852.6,0
2021-06-14 09:17:48,34851.4,0
2021-06-14 09:17:50,34850.25,0
2021-06-14 09:17:51,34856.7,0
2021-06-14 09:17:52,34852.05,0
2021-06-14 09:17:53,34861.6,0
2021-06-14 09:17:54,34857.2,0
2021-06-14 09:17:55,34862.5,0
2021-06-14 09:17:56,34861.45,0
2021-06-14 09:17:57,34862.2,0
2021-06-14 09:17:58,34861.85,0
2021-06-14 09:17:59,34860.8,0
2021-06-14 09:18:01,34863.0,0
2021-06-14 09:18:02,34862.8,0
2021-06-14 09:18:03,34862.55,0
2021-06-14 09:18:04,34865.4,0
2021-06-14 09:18:05,34866.4,0
2021-06-14 09:18:06,34868.05,0
2021-06-14 09:18:07,34869.85,0
2021-06-14 09:18:08,34871.55,0
2021-06-14 09:18:09,34868.7,0
2021-06-14 09:18:10,34871.25,0
2021-06-14 09:18:11,34868.65,0
2021-06-14 09:18:12,34866.3,0
2021-06-14 09:18:13,34870.3,0
2021-06-14 09:18:14,34866.15,0
2021-06-14 09:18:15,34865.25,0
2021-06-14 09:18:16,34864.55,0
2021-06-14 09:18:17,34864.45,0
2021-06-14 09:18:18,34863.5,0
2021-06-14 09:18:19,34863.95,0
2021-06-14 09:18:20,34865.0,0
2021-06-14 09:18:21,34863.6,0
2021-06-14 09:18:22,34864.6,0
2021-06-14 09:18:23,34862.7,0
2021-06-14 09:18:24,34862.8,0
2021-06-14 09:18:25,34862.8,0
2021-06-14 09:18:26,34863.05,0
2021-06-14 09:18:27,34862.15,0
2021-06-14 09:18:28,34861.0,0
2021-06-14 09:18:29,34863.0,0
2021-06-14 09:18:30,34863.05,0
2021-06-14 09:18:31,34868.15,0
2021-06-14 09:18:32,34863.5,0
2021-06-14 09:18:34,34870.55,0
2021-06-14 09:18:35,34869.45,0
2021-06-14 09:18:36,34870.5,0
2021-06-14 09:18:37,34869.5,0
2021-06-14 09:18:39,34873.05,0
2021-06-14 09:18:40,34872.0,0
2021-06-14 09:18:41,34870.15,0
2021-06-14 09:18:42,34876.2,0
2021-06-14 09:18:43,34874.05,0
2021-06-14 09:18:44,34875.4,0
2021-06-14 09:18:46,34875.5,0
2021-06-14 09:18:47,34879.55,0
2021-06-14 09:18:48,34881.05,0
2021-06-14 09:18:49,34880.85,0
2021-06-14 09:18:50,34873.25,0
2021-06-14 09:18:51,34874.95,0
2021-06-14 09:18:52,34875.65,0
2021-06-14 09:18:53,34876.8,0
2021-06-14 09:18:57,34877.65,0
2021-06-14 09:18:58,34876.2,0
2021-06-14 09:18:59,34876.35,0
2021-06-14 09:19:00,34881.8,0
2021-06-14 09:19:01,34883.1,0
2021-06-14 09:19:02,34877.4,0
2021-06-14 09:19:03,34880.0,0
2021-06-14 09:19:04,34876.3,0
2021-06-14 09:19:05,34867.4,0
2021-06-14 09:19:06,34862.4,0
2021-06-14 09:19:07,34866.0,0
2021-06-14 09:19:08,34866.15,0
2021-06-14 09:19:10,34862.55,0
2021-06-14 09:19:12,34863.75,0
2021-06-14 09:19:13,34861.75,0
2021-06-14 09:19:15,34862.35,0
2021-06-14 09:19:18,34853.95,0
2021-06-14 09:19:19,34853.05,0
2021-06-14 09:19:20,34853.55,0
2021-06-14 09:19:21,34848.7,0
2021-06-14 09:19:22,34846.45,0
2021-06-14 09:19:23,34847.15,0
2021-06-14 09:19:24,34845.3,0
2021-06-14 09:19:25,34843.9,0
2021-06-14 09:19:27,34846.1,0
2021-06-14 09:19:28,34846.65,0
2021-06-14 09:19:31,34849.3,0
2021-06-14 09:19:32,34850.3,0
2021-06-14 09:19:34,34849.75,0
2021-06-14 09:19:35,34842.4,0
2021-06-14 09:19:37,34847.35,0
2021-06-14 09:19:38,34842.9,0
2021-06-14 09:19:40,34845.6,0
2021-06-14 09:19:42,34844.8,0
2021-06-14 09:19:43,34842.1,0
2021-06-14 09:19:44,34834.95,0
2021-06-14 09:19:45,34831.7,0
2021-06-14 09:19:46,34826.0,0
2021-06-14 09:19:47,34825.05,0
2021-06-14 09:19:48,34825.15,0
2021-06-14 09:19:49,34823.6,0
2021-06-14 09:19:50,34831.45,0
2021-06-14 09:19:51,34821.4,0
2021-06-14 09:19:52,34829.4,0
2021-06-14 09:19:53,34825.9,0
2021-06-14 09:19:54,34826.9,0
2021-06-14 09:19:55,34828.35,0
2021-06-14 09:19:56,34820.95,0
2021-06-14 09:19:57,34822.25,0
2021-06-14 09:19:58,34821.95,0
2021-06-14 09:19:59,34831.55,0
2021-06-14 09:20:01,34815.2,0
2021-06-14 09:20:03,34804.85,0
2021-06-14 09:20:04,34806.5,0
2021-06-14 09:20:05,34802.95,0
2021-06-14 09:20:07,34796.25,0
2021-06-14 09:20:08,34796.9,0
2021-06-14 09:20:09,34796.05,0
2021-06-14 09:20:10,34797.6,0
2021-06-14 09:20:11,34794.0,0
2021-06-14 09:20:12,34785.65,0
2021-06-14 09:20:13,34791.3,0
2021-06-14 09:20:14,34788.5,0
2021-06-14 09:20:18,34773.25,0
2021-06-14 09:20:19,34770.15,0
2021-06-14 09:20:20,34775.95,0
2021-06-14 09:20:21,34768.3,0
2021-06-14 09:20:22,34771.9,0
2021-06-14 09:20:23,34769.3,0
2021-06-14 09:20:24,34768.3,0
2021-06-14 09:20:26,34770.2,0
2021-06-14 09:20:27,34771.25,0
2021-06-14 09:20:29,34772.0,0
2021-06-14 09:20:30,34772.15,0
2021-06-14 09:20:31,34769.8,0
2021-06-14 09:20:32,34762.1,0
2021-06-14 09:20:33,34761.15,0
2021-06-14 09:20:34,34761.05,0
2021-06-14 09:20:35,34767.1,0
2021-06-14 09:20:37,34760.45,0
2021-06-14 09:20:38,34761.65,0
2021-06-14 09:20:39,34763.2,0
2021-06-14 09:20:40,34763.2,0
2021-06-14 09:20:41,34759.6,0
2021-06-14 09:20:42,34760.9,0
2021-06-14 09:20:43,34756.6,0
2021-06-14 09:20:44,34761.2,0
2021-06-14 09:20:45,34760.15,0
2021-06-14 09:20:46,34759.2,0
2021-06-14 09:20:47,34763.4,0
2021-06-14 09:20:48,34757.4,0
2021-06-14 09:20:49,34767.15,0
2021-06-14 09:20:50,34761.5,0
2021-06-14 09:20:52,34770.55,0
2021-06-14 09:20:53,34770.25,0
2021-06-14 09:20:54,34769.9,0
2021-06-14 09:20:55,34778.1,0
2021-06-14 09:20:56,34780.05,0
2021-06-14 09:20:57,34782.55,0
2021-06-14 09:20:58,34786.3,0
2021-06-14 09:21:00,34782.8,0
2021-06-14 09:21:01,34780.05,0
2021-06-14 09:21:02,34782.7,0
2021-06-14 09:21:03,34774.45,0
2021-06-14 09:21:04,34779.35,0
2021-06-14 09:21:05,34773.85,0
2021-06-14 09:21:06,34775.6,0
2021-06-14 09:21:07,34772.05,0
2021-06-14 09:21:09,34773.0,0
2021-06-14 09:21:10,34778.25,0
2021-06-14 09:21:11,34781.7,0
2021-06-14 09:21:12,34776.85,0
2021-06-14 09:21:13,34773.1,0
2021-06-14 09:21:14,34775.8,0
2021-06-14 09:21:15,34771.65,0
2021-06-14 09:21:17,34771.95,0
2021-06-14 09:21:18,34776.85,0
2021-06-14 09:21:19,34775.6,0
2021-06-14 09:21:20,34774.4,0
2021-06-14 09:21:23,34778.0,0
2021-06-14 09:21:24,34777.15,0
2021-06-14 09:21:25,34778.15,0
2021-06-14 09:21:26,34777.75,0
2021-06-14 09:21:27,34776.45,0
2021-06-14 09:21:28,34775.0,0
2021-06-14 09:21:29,34781.65,0
2021-06-14 09:21:30,34777.75,0
2021-06-14 09:21:31,34776.25,0
2021-06-14 09:21:32,34779.5,0
2021-06-14 09:21:33,34771.65,0
2021-06-14 09:21:35,34774.45,0
2021-06-14 09:21:36,34775.6,0
2021-06-14 09:21:37,34775.3,0
2021-06-14 09:21:38,34776.8,0
2021-06-14 09:21:39,34772.95,0
2021-06-14 09:21:40,34774.85,0
2021-06-14 09:21:41,34774.0,0
2021-06-14 09:21:42,34771.05,0
2021-06-14 09:21:43,34773.3,0
2021-06-14 09:21:44,34770.7,0
2021-06-14 09:21:45,34768.65,0
2021-06-14 09:21:47,34768.35,0
2021-06-14 09:21:50,34772.3,0
2021-06-14 09:21:51,34772.4,0
2021-06-14 09:21:52,34771.7,0
2021-06-14 09:21:53,34767.45,0
2021-06-14 09:21:54,34770.7,0
2021-06-14 09:21:55,34765.8,0
2021-06-14 09:21:57,34767.05,0
2021-06-14 09:21:59,34767.25,0
2021-06-14 09:22:00,34767.25,0
2021-06-14 09:22:01,34767.65,0
2021-06-14 09:22:02,34767.9,0
2021-06-14 09:22:05,34766.65,0
2021-06-14 09:22:07,34763.0,0
2021-06-14 09:22:08,34763.55,0
2021-06-14 09:22:09,34767.4,0
2021-06-14 09:22:10,34765.75,0
2021-06-14 09:22:11,34766.6,0
2021-06-14 09:22:12,34763.5,0
2021-06-14 09:22:13,34766.55,0
2021-06-14 09:22:14,34766.1,0
2021-06-14 09:22:15,34765.6,0
2021-06-14 09:22:16,34771.45,0
2021-06-14 09:22:17,34770.8,0
2021-06-14 09:22:18,34773.95,0
2021-06-14 09:22:19,34772.95,0
2021-06-14 09:22:21,34777.75,0
2021-06-14 09:22:22,34773.75,0
2021-06-14 09:22:24,34771.75,0
2021-06-14 09:22:25,34770.4,0
2021-06-14 09:22:26,34767.55,0
2021-06-14 09:22:27,34772.65,0
2021-06-14 09:22:28,34763.35,0
2021-06-14 09:22:29,34764.15,0
2021-06-14 09:22:30,34766.95,0
2021-06-14 09:22:31,34768.6,0
2021-06-14 09:22:32,34765.7,0
2021-06-14 09:22:33,34767.8,0
2021-06-14 09:22:34,34761.2,0
2021-06-14 09:22:35,34758.35,0
2021-06-14 09:22:36,34761.05,0
2021-06-14 09:22:37,34760.35,0
2021-06-14 09:22:38,34754.75,0
2021-06-14 09:22:39,34748.7,0
2021-06-14 09:22:40,34745.9,0
2021-06-14 09:22:42,34736.55,0
2021-06-14 09:22:43,34735.8,0
2021-06-14 09:22:44,34734.15,0
2021-06-14 09:22:45,34734.35,0
2021-06-14 09:22:46,34735.85,0
2021-06-14 09:22:47,34737.0,0
2021-06-14 09:22:48,34739.4,0
2021-06-14 09:22:49,34735.65,0
2021-06-14 09:22:51,34730.9,0
2021-06-14 09:22:52,34734.6,0
2021-06-14 09:22:53,34733.5,0
2021-06-14 09:22:54,34731.25,0
2021-06-14 09:22:55,34731.55,0
2021-06-14 09:22:56,34735.35,0
2021-06-14 09:22:58,34730.2,0
2021-06-14 09:23:00,34733.7,0
2021-06-14 09:23:01,34737.9,0
2021-06-14 09:23:02,34736.25,0
2021-06-14 09:23:03,34731.9,0
2021-06-14 09:23:04,34737.6,0
2021-06-14 09:23:05,34736.1,0
2021-06-14 09:23:06,34736.2,0
2021-06-14 09:23:07,34735.1,0
2021-06-14 09:23:08,34740.35,0
2021-06-14 09:23:10,34741.65,0
2021-06-14 09:23:11,34737.75,0
2021-06-14 09:23:12,34741.15,0
2021-06-14 09:23:13,34742.1,0
2021-06-14 09:23:14,34740.6,0
2021-06-14 09:23:16,34747.8,0
2021-06-14 09:23:17,34746.1,0
2021-06-14 09:23:18,34748.1,0
2021-06-14 09:23:19,34744.9,0
2021-06-14 09:23:20,34749.15,0
2021-06-14 09:23:21,34745.35,0
2021-06-14 09:23:22,34748.15,0
2021-06-14 09:23:23,34747.15,0
2021-06-14 09:23:24,34748.5,0
2021-06-14 09:23:26,34746.0,0
2021-06-14 09:23:27,34744.2,0
2021-06-14 09:23:29,34743.6,0
2021-06-14 09:23:30,34744.55,0
2021-06-14 09:23:33,34745.95,0
2021-06-14 09:23:34,34745.3,0
2021-06-14 09:23:35,34742.1,0
2021-06-14 09:23:37,34744.0,0
2021-06-14 09:23:38,34742.2,0
2021-06-14 09:23:39,34743.0,0
2021-06-14 09:23:40,34741.4,0
2021-06-14 09:23:41,34743.1,0
2021-06-14 09:23:42,34744.0,0
2021-06-14 09:23:43,34742.6,0
2021-06-14 09:23:44,34741.4,0
2021-06-14 09:23:45,34737.4,0
2021-06-14 09:23:46,34740.15,0
2021-06-14 09:23:47,34741.15,0
2021-06-14 09:23:48,34742.8,0
2021-06-14 09:23:49,34739.95,0
2021-06-14 09:23:50,34745.7,0
2021-06-14 09:23:51,34745.3,0
2021-06-14 09:23:52,34747.25,0
2021-06-14 09:23:53,34747.2,0
2021-06-14 09:23:54,34747.65,0
2021-06-14 09:23:55,34749.2,0
2021-06-14 09:23:56,34741.1,0
2021-06-14 09:23:57,34741.25,0
2021-06-14 09:23:58,34741.95,0
2021-06-14 09:23:59,34740.3,0
2021-06-14 09:24:00,34740.7,0
2021-06-14 09:24:02,34742.95,0
2021-06-14 09:24:03,34738.2,0
2021-06-14 09:24:05,34733.25,0
2021-06-14 09:24:06,34731.4,0
2021-06-14 09:24:07,34728.3,0
2021-06-14 09:24:08,34727.2,0
2021-06-14 09:24:09,34729.65,0
2021-06-14 09:24:10,34731.95,0
2021-06-14 09:24:11,34728.95,0
2021-06-14 09:24:12,34725.4,0
2021-06-14 09:24:13,34732.25,0
2021-06-14 09:24:14,34732.7,0
2021-06-14 09:24:15,34734.7,0
2021-06-14 09:24:16,34732.3,0
2021-06-14 09:24:19,34732.55,0
2021-06-14 09:24:20,34731.1,0
2021-06-14 09:24:21,34731.8,0
2021-06-14 09:24:23,34740.0,0
2021-06-14 09:24:24,34735.7,0
2021-06-14 09:24:25,34738.9,0
2021-06-14 09:24:26,34739.1,0
2021-06-14 09:24:27,34740.2,0
2021-06-14 09:24:28,34734.5,0
2021-06-14 09:24:29,34740.85,0
2021-06-14 09:24:30,34742.25,0
2021-06-14 09:24:31,34741.35,0
2021-06-14 09:24:32,34739.7,0
2021-06-14 09:24:33,34740.25,0
2021-06-14 09:24:34,34741.35,0
2021-06-14 09:24:35,34740.55,0
2021-06-14 09:24:36,34739.1,0
2021-06-14 09:24:37,34742.4,0
2021-06-14 09:24:38,34743.6,0
2021-06-14 09:24:39,34741.5,0
2021-06-14 09:24:40,34745.25,0
2021-06-14 09:24:41,34744.95,0
2021-06-14 09:24:43,34743.7,0
2021-06-14 09:24:44,34743.1,0
2021-06-14 09:24:45,34741.95,0
2021-06-14 09:24:46,34739.7,0
2021-06-14 09:24:47,34729.6,0
2021-06-14 09:24:48,34729.4,0
2021-06-14 09:24:49,34735.6,0
2021-06-14 09:24:52,34730.1,0
2021-06-14 09:24:53,34727.35,0
2021-06-14 09:24:54,34730.5,0
2021-06-14 09:24:55,34730.65,0
2021-06-14 09:24:56,34725.45,0
2021-06-14 09:24:57,34724.7,0
2021-06-14 09:24:58,34727.6,0
2021-06-14 09:24:59,34729.05,0
2021-06-14 09:25:00,34729.65,0
2021-06-14 09:25:01,34726.4,0
2021-06-14 09:25:02,34724.2,0
2021-06-14 09:25:03,34723.75,0
2021-06-14 09:25:04,34724.75,0
2021-06-14 09:25:05,34723.75,0
2021-06-14 09:25:06,34725.55,0
2021-06-14 09:25:07,34723.8,0
2021-06-14 09:25:08,34722.85,0
2021-06-14 09:25:09,34729.25,0
2021-06-14 09:25:10,34728.15,0
2021-06-14 09:25:11,34725.05,0
2021-06-14 09:25:12,34725.75,0
2021-06-14 09:25:13,34725.0,0
2021-06-14 09:25:14,34722.85,0
2021-06-14 09:25:15,34725.3,0
2021-06-14 09:25:16,34721.6,0
2021-06-14 09:25:17,34717.9,0
2021-06-14 09:25:18,34718.4,0
2021-06-14 09:25:20,34713.2,0
2021-06-14 09:25:21,34707.7,0
2021-06-14 09:25:22,34705.05,0
2021-06-14 09:25:23,34705.15,0
2021-06-14 09:25:24,34699.1,0
2021-06-14 09:25:25,34694.5,0
2021-06-14 09:25:26,34699.2,0
2021-06-14 09:25:27,34699.35,0
2021-06-14 09:25:28,34705.2,0
2021-06-14 09:25:29,34703.65,0
2021-06-14 09:25:30,34703.05,0
2021-06-14 09:25:31,34696.15,0
2021-06-14 09:25:32,34697.25,0
2021-06-14 09:25:33,34691.8,0
2021-06-14 09:25:34,34689.9,0
2021-06-14 09:25:35,34687.6,0
2021-06-14 09:25:37,34677.15,0
2021-06-14 09:25:38,34674.5,0
2021-06-14 09:25:39,34652.95,0
2021-06-14 09:25:40,34650.5,0
2021-06-14 09:25:41,34652.75,0
2021-06-14 09:25:42,34654.5,0
2021-06-14 09:25:46,34673.25,0
2021-06-14 09:25:47,34671.05,0
2021-06-14 09:25:48,34681.95,0
2021-06-14 09:25:49,34676.9,0
2021-06-14 09:25:50,34685.05,0
2021-06-14 09:25:51,34687.1,0
2021-06-14 09:25:52,34682.5,0
2021-06-14 09:25:53,34685.8,0
2021-06-14 09:25:54,34683.5,0
2021-06-14 09:25:55,34684.8,0
2021-06-14 09:25:57,34680.3,0
2021-06-14 09:25:58,34686.9,0
2021-06-14 09:25:59,34694.4,0
2021-06-14 09:26:00,34693.6,0
2021-06-14 09:26:02,34691.75,0
2021-06-14 09:26:03,34685.7,0
2021-06-14 09:26:04,34686.95,0
2021-06-14 09:26:05,34679.7,0
2021-06-14 09:26:06,34677.8,0
2021-06-14 09:26:07,34677.7,0
2021-06-14 09:26:08,34678.3,0
2021-06-14 09:26:09,34675.45,0
2021-06-14 09:26:10,34677.35,0
2021-06-14 09:26:11,34682.25,0
2021-06-14 09:26:12,34677.9,0
2021-06-14 09:26:14,34676.65,0
2021-06-14 09:26:15,34681.0,0
2021-06-14 09:26:16,34675.4,0
2021-06-14 09:26:17,34678.05,0
2021-06-14 09:26:19,34681.75,0
2021-06-14 09:26:20,34679.9,0
2021-06-14 09:26:21,34677.65,0
2021-06-14 09:26:22,34680.2,0
2021-06-14 09:26:25,34687.4,0
2021-06-14 09:26:26,34688.15,0
2021-06-14 09:26:27,34685.95,0
2021-06-14 09:26:28,34688.55,0
2021-06-14 09:26:29,34686.8,0
2021-06-14 09:26:31,34699.75,0
2021-06-14 09:26:32,34689.7,0
2021-06-14 09:26:33,34691.05,0
2021-06-14 09:26:35,34687.65,0
2021-06-14 09:26:37,34697.05,0
2021-06-14 09:26:38,34702.3,0
2021-06-14 09:26:40,34706.7,0
2021-06-14 09:26:41,34702.1,0
2021-06-14 09:26:42,34699.9,0
2021-06-14 09:26:43,34701.75,0
2021-06-14 09:26:44,34695.15,0
2021-06-14 09:26:45,34694.2,0
2021-06-14 09:26:47,34694.3,0
2021-06-14 09:26:49,34698.7,0
2021-06-14 09:26:50,34701.0,0
2021-06-14 09:26:51,34697.75,0
2021-06-14 09:26:52,34698.8,0
2021-06-14 09:26:53,34701.5,0
2021-06-14 09:26:54,34700.55,0
2021-06-14 09:26:55,34702.6,0
2021-06-14 09:26:56,34707.4,0
2021-06-14 09:26:57,34708.65,0
2021-06-14 09:26:58,34704.6,0
2021-06-14 09:26:59,34702.15,0
2021-06-14 09:27:00,34704.7,0
2021-06-14 09:27:01,34706.05,0
2021-06-14 09:27:03,34698.75,0
2021-06-14 09:27:04,34701.9,0
2021-06-14 09:27:05,34701.25,0
2021-06-14 09:27:06,34701.45,0
2021-06-14 09:27:08,34702.7,0
2021-06-14 09:27:09,34698.1,0
2021-06-14 09:27:10,34696.25,0
2021-06-14 09:27:11,34696.6,0
2021-06-14 09:27:13,34687.9,0
2021-06-14 09:27:14,34690.35,0
2021-06-14 09:27:15,34688.15,0
2021-06-14 09:27:16,34690.4,0
2021-06-14 09:27:17,34683.9,0
2021-06-14 09:27:18,34681.6,0
2021-06-14 09:27:19,34680.8,0
2021-06-14 09:27:20,34679.0,0
2021-06-14 09:27:21,34680.65,0
2021-06-14 09:27:22,34679.7,0
2021-06-14 09:27:23,34676.95,0
2021-06-14 09:27:24,34679.3,0
2021-06-14 09:27:25,34678.55,0
2021-06-14 09:27:26,34679.65,0
2021-06-14 09:27:27,34679.0,0
2021-06-14 09:27:28,34673.15,0
2021-06-14 09:27:29,34679.45,0
2021-06-14 09:27:30,34681.35,0
2021-06-14 09:27:31,34678.2,0
2021-06-14 09:27:32,34677.25,0
2021-06-14 09:27:33,34678.55,0
2021-06-14 09:27:34,34682.55,0
2021-06-14 09:27:35,34680.4,0
2021-06-14 09:27:36,34675.15,0
2021-06-14 09:27:37,34673.35,0
2021-06-14 09:27:38,34672.65,0
2021-06-14 09:27:40,34673.8,0
2021-06-14 09:27:42,34675.3,0
2021-06-14 09:27:43,34681.55,0
2021-06-14 09:27:44,34676.85,0
2021-06-14 09:27:45,34677.15,0
2021-06-14 09:27:46,34675.2,0
2021-06-14 09:27:47,34671.9,0
2021-06-14 09:27:48,34668.35,0
2021-06-14 09:27:49,34665.95,0
2021-06-14 09:27:51,34668.75,0
2021-06-14 09:27:52,34669.25,0
2021-06-14 09:27:53,34673.8,0
2021-06-14 09:27:54,34672.35,0
2021-06-14 09:27:55,34674.2,0
2021-06-14 09:27:56,34676.85,0
2021-06-14 09:27:57,34672.35,0
2021-06-14 09:27:58,34674.3,0
2021-06-14 09:28:00,34676.6,0
2021-06-14 09:28:01,34672.1,0
2021-06-14 09:28:02,34669.8,0
2021-06-14 09:28:03,34676.55,0
2021-06-14 09:28:04,34676.4,0
2021-06-14 09:28:05,34675.95,0
2021-06-14 09:28:06,34673.85,0
2021-06-14 09:28:07,34676.6,0
2021-06-14 09:28:08,34669.4,0
2021-06-14 09:28:09,34679.9,0
2021-06-14 09:28:10,34680.0,0
2021-06-14 09:28:11,34681.0,0
2021-06-14 09:28:12,34678.5,0
2021-06-14 09:28:13,34680.55,0
2021-06-14 09:28:14,34681.45,0
2021-06-14 09:28:15,34676.75,0
2021-06-14 09:28:16,34672.9,0
2021-06-14 09:28:17,34667.9,0
2021-06-14 09:28:18,34662.8,0
2021-06-14 09:28:19,34665.1,0
2021-06-14 09:28:20,34666.5,0
2021-06-14 09:28:21,34661.05,0
2021-06-14 09:28:22,34662.05,0
2021-06-14 09:28:23,34667.35,0
2021-06-14 09:28:24,34663.3,0
2021-06-14 09:28:25,34666.35,0
2021-06-14 09:28:26,34668.95,0
2021-06-14 09:28:27,34666.45,0
2021-06-14 09:28:28,34666.5,0
2021-06-14 09:28:29,34663.4,0
2021-06-14 09:28:30,34665.75,0
2021-06-14 09:28:31,34663.5,0
2021-06-14 09:28:32,34665.35,0
2021-06-14 09:28:33,34667.3,0
2021-06-14 09:28:34,34666.95,0
2021-06-14 09:28:35,34669.75,0
2021-06-14 09:28:36,34672.75,0
2021-06-14 09:28:37,34669.35,0
2021-06-14 09:28:39,34667.65,0
2021-06-14 09:28:40,34666.1,0
2021-06-14 09:28:41,34666.0,0
2021-06-14 09:28:42,34662.5,0
2021-06-14 09:28:43,34660.95,0
2021-06-14 09:28:44,34659.4,0
2021-06-14 09:28:45,34665.7,0
2021-06-14 09:28:46,34661.85,0
2021-06-14 09:28:47,34662.15,0
2021-06-14 09:28:48,34657.75,0
2021-06-14 09:28:49,34660.7,0
2021-06-14 09:28:51,34657.55,0
2021-06-14 09:28:53,34655.6,0
2021-06-14 09:28:54,34653.2,0
2021-06-14 09:28:55,34655.35,0
2021-06-14 09:28:56,34661.1,0
2021-06-14 09:28:57,34650.9,0
2021-06-14 09:28:58,34654.25,0
2021-06-14 09:29:01,34660.5,0
2021-06-14 09:29:03,34658.75,0
2021-06-14 09:29:04,34658.5,0
2021-06-14 09:29:05,34653.5,0
2021-06-14 09:29:06,34655.3,0
2021-06-14 09:29:07,34655.55,0
2021-06-14 09:29:08,34652.35,0
2021-06-14 09:29:10,34649.1,0
2021-06-14 09:29:11,34647.1,0
2021-06-14 09:29:12,34654.35,0
2021-06-14 09:29:13,34653.65,0
2021-06-14 09:29:14,34656.45,0
2021-06-14 09:29:15,34648.6,0
2021-06-14 09:29:18,34648.9,0
2021-06-14 09:29:19,34650.35,0
2021-06-14 09:29:20,34650.25,0
2021-06-14 09:29:21,34648.2,0
2021-06-14 09:29:22,34640.35,0
2021-06-14 09:29:23,34644.25,0
2021-06-14 09:29:24,34642.9,0
2021-06-14 09:29:25,34640.3,0
2021-06-14 09:29:26,34642.0,0
2021-06-14 09:29:27,34635.75,0
2021-06-14 09:29:28,34635.15,0
2021-06-14 09:29:29,34635.4,0
2021-06-14 09:29:31,34603.8,0
2021-06-14 09:29:33,34605.75,0
2021-06-14 09:29:34,34606.75,0
2021-06-14 09:29:35,34609.25,0
2021-06-14 09:29:36,34614.3,0
2021-06-14 09:29:37,34613.05,0
2021-06-14 09:29:38,34608.35,0
2021-06-14 09:29:39,34601.35,0
2021-06-14 09:29:40,34603.1,0
2021-06-14 09:29:41,34592.55,0
2021-06-14 09:29:42,34594.95,0
2021-06-14 09:29:43,34584.65,0
2021-06-14 09:29:44,34586.3,0
2021-06-14 09:29:45,34581.6,0
2021-06-14 09:29:46,34584.5,0
2021-06-14 09:29:48,34576.15,0
2021-06-14 09:29:49,34577.35,0
2021-06-14 09:29:50,34559.8,0
2021-06-14 09:29:52,34555.8,0
2021-06-14 09:29:53,34568.65,0
2021-06-14 09:29:54,34573.85,0
2021-06-14 09:29:55,34571.15,0
2021-06-14 09:29:56,34572.05,0
2021-06-14 09:29:57,34575.3,0
2021-06-14 09:29:59,34566.85,0
2021-06-14 09:30:00,34567.25,0
2021-06-14 09:30:01,34540.55,0
2021-06-14 09:30:03,34528.95,0
2021-06-14 09:30:04,34528.2,0
2021-06-14 09:30:05,34518.0,0
2021-06-14 09:30:06,34509.9,0
2021-06-14 09:30:07,34505.75,0
2021-06-14 09:30:08,34502.55,0
2021-06-14 09:30:09,34492.7,0
2021-06-14 09:30:10,34478.3,0
2021-06-14 09:30:11,34475.7,0
2021-06-14 09:30:12,34467.35,0
2021-06-14 09:30:13,34455.7,0
2021-06-14 09:30:14,34467.1,0
2021-06-14 09:30:15,34459.25,0
2021-06-14 09:30:16,34461.05,0
2021-06-14 09:30:17,34457.85,0
2021-06-14 09:30:18,34460.45,0
2021-06-14 09:30:19,34447.95,0
2021-06-14 09:30:20,34449.9,0
2021-06-14 09:30:22,34428.6,0
2021-06-14 09:30:23,34424.9,0
2021-06-14 09:30:24,34408.4,0
2021-06-14 09:30:26,34388.25,0
2021-06-14 09:30:27,34382.9,0
2021-06-14 09:30:28,34392.0,0
2021-06-14 09:30:29,34385.0,0
2021-06-14 09:30:30,34389.15,0
2021-06-14 09:30:31,34396.75,0
2021-06-14 09:30:32,34401.55,0
2021-06-14 09:30:33,34417.1,0
2021-06-14 09:30:34,34418.25,0
2021-06-14 09:30:35,34440.75,0
2021-06-14 09:30:36,34448.5,0
2021-06-14 09:30:37,34473.05,0
2021-06-14 09:30:38,34474.15,0
2021-06-14 09:30:39,34477.6,0
2021-06-14 09:30:40,34472.15,0
2021-06-14 09:30:41,34481.55,0
2021-06-14 09:30:42,34477.4,0
2021-06-14 09:30:43,34460.1,0
2021-06-14 09:30:44,34473.25,0
2021-06-14 09:30:45,34460.75,0
2021-06-14 09:30:46,34450.4,0
2021-06-14 09:30:47,34460.3,0
2021-06-14 09:30:48,34466.35,0
2021-06-14 09:30:50,34462.7,0
2021-06-14 09:30:51,34452.9,0
2021-06-14 09:30:52,34450.15,0
2021-06-14 09:30:54,34463.95,0
2021-06-14 09:30:55,34461.65,0
2021-06-14 09:30:56,34461.45,0
2021-06-14 09:30:58,34465.8,0
2021-06-14 09:31:00,34468.85,0
2021-06-14 09:31:01,34484.4,0
2021-06-14 09:31:02,34476.5,0
2021-06-14 09:31:03,34479.9,0
2021-06-14 09:31:04,34471.95,0
2021-06-14 09:31:06,34462.2,0
2021-06-14 09:31:07,34461.7,0
2021-06-14 09:31:09,34466.05,0
2021-06-14 09:31:10,34468.05,0
2021-06-14 09:31:11,34463.9,0
2021-06-14 09:31:12,34464.5,0
2021-06-14 09:31:13,34468.4,0
2021-06-14 09:31:14,34467.15,0
2021-06-14 09:31:15,34460.45,0
2021-06-14 09:31:16,34463.25,0
2021-06-14 09:31:17,34468.4,0
2021-06-14 09:31:18,34466.7,0
2021-06-14 09:31:19,34465.95,0
2021-06-14 09:31:20,34461.3,0
2021-06-14 09:31:21,34461.75,0
2021-06-14 09:31:22,34460.7,0
2021-06-14 09:31:23,34471.25,0
2021-06-14 09:31:24,34473.25,0
2021-06-14 09:31:25,34472.9,0
2021-06-14 09:31:26,34465.3,0
2021-06-14 09:31:27,34460.2,0
2021-06-14 09:31:28,34456.5,0
2021-06-14 09:31:29,34463.15,0
2021-06-14 09:31:31,34453.15,0
2021-06-14 09:31:32,34454.6,0
2021-06-14 09:31:33,34463.6,0
2021-06-14 09:31:34,34466.5,0
2021-06-14 09:31:35,34455.45,0
2021-06-14 09:31:36,34447.6,0
2021-06-14 09:31:37,34462.4,0
2021-06-14 09:31:38,34447.55,0
2021-06-14 09:31:39,34454.05,0
2021-06-14 09:31:40,34453.3,0
2021-06-14 09:31:41,34447.95,0
2021-06-14 09:31:42,34452.15,0
2021-06-14 09:31:44,34447.1,0
2021-06-14 09:31:45,34447.7,0
2021-06-14 09:31:46,34449.25,0
2021-06-14 09:31:47,34443.75,0
2021-06-14 09:31:48,34441.0,0
2021-06-14 09:31:49,34434.95,0
2021-06-14 09:31:51,34430.75,0
2021-06-14 09:31:52,34430.55,0
2021-06-14 09:31:53,34425.7,0
2021-06-14 09:31:54,34427.85,0
2021-06-14 09:31:56,34421.4,0
2021-06-14 09:31:57,34426.6,0
2021-06-14 09:32:00,34428.3,0
2021-06-14 09:32:02,34424.75,0
2021-06-14 09:32:04,34420.85,0
2021-06-14 09:32:05,34428.6,0
2021-06-14 09:32:06,34435.35,0
2021-06-14 09:32:07,34432.0,0
2021-06-14 09:32:08,34431.85,0
2021-06-14 09:32:09,34428.05,0
2021-06-14 09:32:11,34431.15,0
2021-06-14 09:32:12,34436.4,0
2021-06-14 09:32:13,34432.45,0
2021-06-14 09:32:15,34432.6,0
2021-06-14 09:32:16,34429.85,0
2021-06-14 09:32:17,34420.25,0
2021-06-14 09:32:18,34424.85,0
2021-06-14 09:32:19,34425.25,0
2021-06-14 09:32:20,34423.3,0
2021-06-14 09:32:24,34423.55,0
2021-06-14 09:32:25,34421.55,0
2021-06-14 09:32:26,34426.55,0
2021-06-14 09:32:27,34427.0,0
2021-06-14 09:32:29,34426.0,0
2021-06-14 09:32:31,34432.25,0
2021-06-14 09:32:32,34428.7,0
2021-06-14 09:32:33,34432.95,0
2021-06-14 09:32:34,34439.55,0
2021-06-14 09:32:35,34443.1,0
2021-06-14 09:32:36,34448.15,0
2021-06-14 09:32:38,34460.05,0
2021-06-14 09:32:40,34472.05,0
2021-06-14 09:32:41,34477.85,0
2021-06-14 09:32:43,34482.3,0
2021-06-14 09:32:45,34477.85,0
2021-06-14 09:32:46,34482.25,0
2021-06-14 09:32:47,34486.1,0
2021-06-14 09:32:48,34481.4,0
2021-06-14 09:32:49,34477.4,0
2021-06-14 09:32:51,34487.7,0
2021-06-14 09:32:52,34474.35,0
2021-06-14 09:32:53,34470.05,0
2021-06-14 09:32:54,34481.1,0
2021-06-14 09:32:55,34473.8,0
2021-06-14 09:32:56,34463.45,0
2021-06-14 09:32:57,34464.7,0
2021-06-14 09:33:01,34458.3,0
2021-06-14 09:33:02,34463.15,0
2021-06-14 09:33:03,34450.1,0
2021-06-14 09:33:04,34457.75,0
2021-06-14 09:33:05,34452.75,0
2021-06-14 09:33:06,34451.35,0
2021-06-14 09:33:07,34449.25,0
2021-06-14 09:33:08,34449.7,0
2021-06-14 09:33:09,34449.05,0
2021-06-14 09:33:10,34452.8,0
2021-06-14 09:33:11,34451.35,0
2021-06-14 09:33:12,34453.2,0
2021-06-14 09:33:13,34456.55,0
2021-06-14 09:33:14,34451.2,0
2021-06-14 09:33:17,34450.9,0
2021-06-14 09:33:21,34435.9,0
2021-06-14 09:33:24,34446.95,0
2021-06-14 09:33:25,34451.55,0
2021-06-14 09:33:26,34448.15,0
2021-06-14 09:33:27,34451.1,0
2021-06-14 09:33:28,34449.35,0
2021-06-14 09:33:29,34449.75,0
2021-06-14 09:33:30,34451.95,0
2021-06-14 09:33:31,34449.85,0
2021-06-14 09:33:34,34453.0,0
2021-06-14 09:33:37,34464.45,0
2021-06-14 09:33:38,34458.9,0
2021-06-14 09:33:39,34456.25,0
2021-06-14 09:33:40,34449.3,0
2021-06-14 09:33:41,34452.85,0
2021-06-14 09:33:43,34453.45,0
2021-06-14 09:33:44,34457.5,0
2021-06-14 09:33:45,34458.1,0
2021-06-14 09:33:47,34458.95,0
2021-06-14 09:33:48,34455.35,0
2021-06-14 09:33:49,34453.95,0
2021-06-14 09:33:51,34451.0,0
2021-06-14 09:33:52,34453.35,0
2021-06-14 09:33:54,34454.3,0
2021-06-14 09:33:55,34455.65,0
2021-06-14 09:33:56,34452.65,0
2021-06-14 09:33:57,34455.05,0
2021-06-14 09:33:58,34455.95,0
2021-06-14 09:33:59,34445.35,0
2021-06-14 09:34:01,34442.7,0
2021-06-14 09:34:02,34438.45,0
2021-06-14 09:34:04,34441.65,0
2021-06-14 09:34:07,34440.35,0
2021-06-14 09:34:09,34443.3,0
2021-06-14 09:34:10,34447.25,0
2021-06-14 09:34:11,34446.7,0
2021-06-14 09:34:12,34450.4,0
2021-06-14 09:34:13,34450.55,0
2021-06-14 09:34:14,34449.0,0
2021-06-14 09:34:15,34455.3,0
2021-06-14 09:34:16,34455.95,0
2021-06-14 09:34:17,34446.0,0
2021-06-14 09:34:18,34441.5,0
2021-06-14 09:34:20,34448.05,0
2021-06-14 09:34:22,34447.25,0
2021-06-14 09:34:23,34446.7,0
2021-06-14 09:34:24,34442.9,0
2021-06-14 09:34:25,34447.45,0
2021-06-14 09:34:26,34451.85,0
2021-06-14 09:34:27,34447.55,0
2021-06-14 09:34:30,34440.5,0
2021-06-14 09:34:31,34434.85,0
2021-06-14 09:34:32,34438.0,0
2021-06-14 09:34:33,34443.8,0
2021-06-14 09:34:34,34439.75,0
2021-06-14 09:34:35,34445.05,0
2021-06-14 09:34:36,34444.3,0
2021-06-14 09:34:37,34454.05,0
2021-06-14 09:34:38,34456.6,0
2021-06-14 09:34:39,34454.45,0
2021-06-14 09:34:40,34454.5,0
2021-06-14 09:34:42,34453.55,0
2021-06-14 09:34:41,34454.0,0
2021-06-14 09:34:43,34453.15,0
2021-06-14 09:34:44,34445.0,0
2021-06-14 09:34:45,34441.55,0
2021-06-14 09:34:46,34437.95,0
2021-06-14 09:34:47,34440.85,0
2021-06-14 09:34:48,34436.85,0
2021-06-14 09:34:49,34436.4,0
2021-06-14 09:34:50,34434.15,0
2021-06-14 09:34:51,34436.65,0
2021-06-14 09:34:52,34438.9,0
2021-06-14 09:34:53,34441.25,0
2021-06-14 09:34:54,34439.35,0
2021-06-14 09:34:55,34439.15,0
2021-06-14 09:34:56,34438.95,0
2021-06-14 09:34:57,34442.45,0
2021-06-14 09:34:58,34440.35,0
2021-06-14 09:34:59,34434.8,0
2021-06-14 09:35:00,34439.7,0
2021-06-14 09:35:01,34433.8,0
2021-06-14 09:35:03,34438.1,0
2021-06-14 09:35:04,34437.65,0
2021-06-14 09:35:05,34441.9,0
2021-06-14 09:35:06,34445.45,0
2021-06-14 09:35:07,34450.25,0
2021-06-14 09:35:08,34473.5,0
2021-06-14 09:35:09,34471.25,0
2021-06-14 09:35:10,34469.4,0
2021-06-14 09:35:11,34474.9,0
2021-06-14 09:35:12,34471.45,0
2021-06-14 09:35:14,34472.95,0
2021-06-14 09:35:15,34475.3,0
2021-06-14 09:35:16,34475.95,0
2021-06-14 09:35:17,34480.95,0
2021-06-14 09:35:18,34493.5,0
2021-06-14 09:35:19,34492.4,0
2021-06-14 09:35:20,34497.6,0
2021-06-14 09:35:21,34493.2,0
2021-06-14 09:35:22,34501.75,0
2021-06-14 09:35:23,34497.5,0
2021-06-14 09:35:25,34509.9,0
2021-06-14 09:35:26,34512.85,0
2021-06-14 09:35:28,34507.75,0
2021-06-14 09:35:29,34520.8,0
2021-06-14 09:35:30,34514.45,0
2021-06-14 09:35:32,34515.65,0
2021-06-14 09:35:33,34520.7,0
2021-06-14 09:35:35,34523.0,0
2021-06-14 09:35:37,34523.8,0
2021-06-14 09:35:38,34519.15,0
2021-06-14 09:35:40,34519.25,0
2021-06-14 09:35:41,34523.0,0
2021-06-14 09:35:42,34517.05,0
2021-06-14 09:35:43,34520.3,0
2021-06-14 09:35:44,34515.45,0
2021-06-14 09:35:45,34510.2,0
2021-06-14 09:35:46,34516.7,0
2021-06-14 09:35:47,34513.65,0
2021-06-14 09:35:48,34510.35,0
2021-06-14 09:35:51,34517.75,0
2021-06-14 09:35:52,34517.3,0
2021-06-14 09:35:53,34513.75,0
2021-06-14 09:35:54,34520.75,0
2021-06-14 09:35:56,34523.5,0
2021-06-14 09:35:58,34529.45,0
2021-06-14 09:36:00,34532.65,0
2021-06-14 09:36:01,34535.0,0
2021-06-14 09:36:02,34533.0,0
2021-06-14 09:36:03,34534.8,0
2021-06-14 09:36:04,34523.8,0
2021-06-14 09:36:06,34521.85,0
2021-06-14 09:36:08,34524.2,0
2021-06-14 09:36:11,34520.8,0
2021-06-14 09:36:12,34514.7,0
2021-06-14 09:36:13,34513.6,0
2021-06-14 09:36:14,34512.85,0
2021-06-14 09:36:15,34510.25,0
2021-06-14 09:36:16,34510.05,0
2021-06-14 09:36:17,34513.15,0
2021-06-14 09:36:19,34517.15,0
2021-06-14 09:36:21,34522.55,0
2021-06-14 09:36:22,34526.3,0
2021-06-14 09:36:24,34526.7,0
2021-06-14 09:36:25,34529.15,0
2021-06-14 09:36:26,34532.05,0
2021-06-14 09:36:27,34535.7,0
2021-06-14 09:36:28,34537.4,0
2021-06-14 09:36:29,34535.05,0
2021-06-14 09:36:30,34547.95,0
2021-06-14 09:36:31,34545.35,0
2021-06-14 09:36:32,34545.3,0
2021-06-14 09:36:33,34548.95,0
2021-06-14 09:36:34,34550.25,0
2021-06-14 09:36:35,34551.0,0
2021-06-14 09:36:36,34555.85,0
2021-06-14 09:36:37,34554.85,0
2021-06-14 09:36:38,34554.1,0
2021-06-14 09:36:39,34539.75,0
2021-06-14 09:36:40,34547.5,0
2021-06-14 09:36:42,34543.25,0
2021-06-14 09:36:43,34545.8,0
2021-06-14 09:36:44,34553.7,0
2021-06-14 09:36:45,34553.25,0
2021-06-14 09:36:46,34554.35,0
2021-06-14 09:36:47,34548.8,0
2021-06-14 09:36:48,34551.8,0
2021-06-14 09:36:49,34558.45,0
2021-06-14 09:36:51,34552.5,0
2021-06-14 09:36:52,34547.6,0
2021-06-14 09:36:53,34554.55,0
2021-06-14 09:36:54,34556.35,0
2021-06-14 09:36:55,34549.7,0
2021-06-14 09:36:56,34554.25,0
2021-06-14 09:36:57,34554.25,0
2021-06-14 09:36:58,34556.0,0
2021-06-14 09:36:59,34555.35,0
2021-06-14 09:37:00,34561.4,0
2021-06-14 09:37:01,34564.95,0
2021-06-14 09:37:02,34556.0,0
2021-06-14 09:37:03,34556.05,0
2021-06-14 09:37:05,34555.9,0
2021-06-14 09:37:06,34559.85,0
2021-06-14 09:37:08,34567.6,0
2021-06-14 09:37:09,34570.15,0
2021-06-14 09:37:10,34577.65,0
2021-06-14 09:37:11,34572.4,0
2021-06-14 09:37:12,34582.2,0
2021-06-14 09:37:13,34586.5,0
2021-06-14 09:37:14,34582.75,0
2021-06-14 09:37:15,34587.05,0
2021-06-14 09:37:16,34588.15,0
2021-06-14 09:37:17,34581.3,0
2021-06-14 09:37:18,34580.55,0
2021-06-14 09:37:19,34580.15,0
2021-06-14 09:37:20,34572.75,0
2021-06-14 09:37:21,34571.1,0
2021-06-14 09:37:22,34568.65,0
2021-06-14 09:37:23,34570.0,0
2021-06-14 09:37:24,34571.45,0
2021-06-14 09:37:25,34573.7,0
2021-06-14 09:37:26,34575.05,0
2021-06-14 09:37:27,34575.9,0
2021-06-14 09:37:28,34576.65,0
2021-06-14 09:37:29,34576.1,0
2021-06-14 09:37:30,34577.4,0
2021-06-14 09:37:31,34581.8,0
2021-06-14 09:37:32,34578.85,0
2021-06-14 09:37:33,34580.4,0
2021-06-14 09:37:34,34577.45,0
2021-06-14 09:37:36,34584.95,0
2021-06-14 09:37:37,34582.05,0
2021-06-14 09:37:38,34581.3,0
2021-06-14 09:37:40,34582.8,0
2021-06-14 09:37:41,34586.25,0
2021-06-14 09:37:42,34586.4,0
2021-06-14 09:37:43,34586.85,0
2021-06-14 09:37:44,34589.7,0
2021-06-14 09:37:46,34589.75,0
2021-06-14 09:37:47,34593.75,0
2021-06-14 09:37:48,34591.9,0
2021-06-14 09:37:49,34590.45,0
2021-06-14 09:37:50,34591.7,0
2021-06-14 09:37:51,34591.0,0
2021-06-14 09:37:52,34591.2,0
2021-06-14 09:37:53,34595.35,0
2021-06-14 09:37:54,34589.45,0
2021-06-14 09:37:55,34588.95,0
2021-06-14 09:37:58,34586.5,0
2021-06-14 09:37:59,34583.4,0
2021-06-14 09:38:00,34584.9,0
2021-06-14 09:38:01,34586.15,0
2021-06-14 09:38:02,34593.65,0
2021-06-14 09:38:03,34588.15,0
2021-06-14 09:38:05,34596.2,0
2021-06-14 09:38:06,34594.85,0
2021-06-14 09:38:09,34591.75,0
2021-06-14 09:38:10,34592.4,0
2021-06-14 09:38:11,34585.7,0
2021-06-14 09:38:12,34585.2,0
2021-06-14 09:38:13,34580.0,0
2021-06-14 09:38:14,34573.2,0
2021-06-14 09:38:15,34574.75,0
2021-06-14 09:38:16,34577.0,0
2021-06-14 09:38:17,34568.35,0
2021-06-14 09:38:18,34573.95,0
2021-06-14 09:38:19,34577.9,0
2021-06-14 09:38:20,34580.5,0
2021-06-14 09:38:21,34581.9,0
2021-06-14 09:38:22,34586.8,0
2021-06-14 09:38:25,34583.3,0
2021-06-14 09:38:28,34585.75,0
2021-06-14 09:38:29,34590.15,0
2021-06-14 09:38:30,34589.65,0
2021-06-14 09:38:31,34590.55,0
2021-06-14 09:38:32,34592.0,0
2021-06-14 09:38:33,34589.35,0
2021-06-14 09:38:34,34588.4,0
2021-06-14 09:38:35,34592.4,0
2021-06-14 09:38:36,34591.35,0
2021-06-14 09:38:38,34590.65,0
2021-06-14 09:38:39,34594.2,0
2021-06-14 09:38:40,34592.1,0
2021-06-14 09:38:41,34588.85,0
2021-06-14 09:38:42,34589.3,0
2021-06-14 09:38:43,34590.05,0
2021-06-14 09:38:44,34595.5,0
2021-06-14 09:38:45,34592.15,0
2021-06-14 09:38:46,34599.45,0
2021-06-14 09:38:48,34597.0,0
2021-06-14 09:38:49,34595.7,0
2021-06-14 09:38:50,34595.95,0
2021-06-14 09:38:51,34595.6,0
2021-06-14 09:38:52,34592.6,0
2021-06-14 09:38:53,34595.65,0
2021-06-14 09:38:54,34590.35,0
2021-06-14 09:38:55,34596.65,0
2021-06-14 09:38:57,34597.45,0
2021-06-14 09:38:58,34592.85,0
2021-06-14 09:38:59,34596.25,0
2021-06-14 09:39:00,34599.05,0
2021-06-14 09:39:01,34598.35,0
2021-06-14 09:39:02,34601.0,0
2021-06-14 09:39:03,34596.65,0
2021-06-14 09:39:04,34599.15,0
2021-06-14 09:39:05,34600.05,0
2021-06-14 09:39:06,34600.3,0
2021-06-14 09:39:07,34598.35,0
2021-06-14 09:39:08,34598.35,0
2021-06-14 09:39:09,34601.45,0
2021-06-14 09:39:10,34602.65,0
2021-06-14 09:39:11,34599.3,0
2021-06-14 09:39:12,34595.0,0
2021-06-14 09:39:13,34590.6,0
2021-06-14 09:39:14,34590.6,0
2021-06-14 09:39:15,34590.95,0
2021-06-14 09:39:16,34586.5,0
2021-06-14 09:39:17,34591.95,0
2021-06-14 09:39:18,34590.5,0
2021-06-14 09:39:19,34586.15,0
2021-06-14 09:39:20,34577.9,0
2021-06-14 09:39:21,34579.05,0
2021-06-14 09:39:22,34577.1,0
2021-06-14 09:39:23,34582.45,0
2021-06-14 09:39:24,34579.1,0
2021-06-14 09:39:25,34578.35,0
2021-06-14 09:39:26,34580.2,0
2021-06-14 09:39:27,34584.2,0
2021-06-14 09:39:28,34580.05,0
2021-06-14 09:39:29,34577.9,0
2021-06-14 09:39:30,34578.05,0
2021-06-14 09:39:31,34581.2,0
2021-06-14 09:39:32,34584.0,0
2021-06-14 09:39:33,34583.4,0
2021-06-14 09:39:35,34579.55,0
2021-06-14 09:39:36,34585.3,0
2021-06-14 09:39:37,34586.95,0
2021-06-14 09:39:38,34589.9,0
2021-06-14 09:39:39,34589.0,0
2021-06-14 09:39:40,34588.75,0
2021-06-14 09:39:41,34586.7,0
2021-06-14 09:39:42,34588.1,0
2021-06-14 09:39:43,34585.9,0
2021-06-14 09:39:44,34587.95,0
2021-06-14 09:39:45,34586.95,0
2021-06-14 09:39:46,34584.15,0
2021-06-14 09:39:49,34583.65,0
2021-06-14 09:39:50,34583.65,0
2021-06-14 09:39:52,34588.45,0
2021-06-14 09:39:54,34591.05,0
2021-06-14 09:39:55,34582.75,0
2021-06-14 09:39:56,34582.1,0
2021-06-14 09:39:59,34584.0,0
2021-06-14 09:40:01,34579.1,0
2021-06-14 09:40:02,34578.0,0
2021-06-14 09:40:03,34580.45,0
2021-06-14 09:40:04,34584.2,0
2021-06-14 09:40:05,34583.6,0
2021-06-14 09:40:06,34586.55,0
2021-06-14 09:40:07,34587.45,0
2021-06-14 09:40:08,34582.8,0
2021-06-14 09:40:09,34582.45,0
2021-06-14 09:40:11,34582.2,0
2021-06-14 09:40:12,34584.55,0
2021-06-14 09:40:13,34582.1,0
2021-06-14 09:40:14,34581.1,0
2021-06-14 09:40:16,34587.2,0
2021-06-14 09:40:17,34582.85,0
2021-06-14 09:40:18,34584.75,0
2021-06-14 09:40:19,34585.65,0
2021-06-14 09:40:23,34577.5,0
2021-06-14 09:40:24,34577.45,0
2021-06-14 09:40:26,34575.6,0
2021-06-14 09:40:29,34569.9,0
2021-06-14 09:40:31,34567.8,0
2021-06-14 09:40:32,34565.15,0
2021-06-14 09:40:34,34560.1,0
2021-06-14 09:40:36,34555.9,0
2021-06-14 09:40:37,34541.9,0
2021-06-14 09:40:38,34546.7,0
2021-06-14 09:40:39,34545.15,0
2021-06-14 09:40:40,34546.25,0
2021-06-14 09:40:41,34542.3,0
2021-06-14 09:40:43,34536.05,0
2021-06-14 09:40:44,34541.85,0
2021-06-14 09:40:45,34528.2,0
2021-06-14 09:40:46,34527.4,0
2021-06-14 09:40:47,34528.75,0
2021-06-14 09:40:48,34526.35,0
2021-06-14 09:40:49,34527.4,0
2021-06-14 09:40:50,34531.25,0
2021-06-14 09:40:51,34531.2,0
2021-06-14 09:40:52,34526.15,0
2021-06-14 09:40:53,34531.75,0
2021-06-14 09:40:54,34529.75,0
2021-06-14 09:40:55,34530.95,0
2021-06-14 09:40:56,34529.95,0
2021-06-14 09:40:57,34527.25,0
2021-06-14 09:40:58,34529.25,0
2021-06-14 09:40:59,34532.8,0
2021-06-14 09:41:00,34533.6,0
2021-06-14 09:41:01,34540.65,0
2021-06-14 09:41:02,34535.3,0
2021-06-14 09:41:03,34542.65,0
2021-06-14 09:41:04,34544.7,0
2021-06-14 09:41:05,34544.55,0
2021-06-14 09:41:06,34540.7,0
2021-06-14 09:41:09,34541.65,0
2021-06-14 09:41:10,34541.35,0
2021-06-14 09:41:11,34541.85,0
2021-06-14 09:41:13,34544.2,0
2021-06-14 09:41:14,34545.55,0
2021-06-14 09:41:15,34544.35,0
2021-06-14 09:41:16,34543.45,0
2021-06-14 09:41:17,34540.35,0
2021-06-14 09:41:18,34540.5,0
2021-06-14 09:41:19,34540.9,0
2021-06-14 09:41:20,34534.2,0
2021-06-14 09:41:21,34540.8,0
2021-06-14 09:41:23,34533.15,0
2021-06-14 09:41:24,34536.1,0
2021-06-14 09:41:25,34533.05,0
2021-06-14 09:41:26,34537.0,0
2021-06-14 09:41:27,34536.2,0
2021-06-14 09:41:28,34537.8,0
2021-06-14 09:41:29,34535.7,0
2021-06-14 09:41:30,34538.1,0
2021-06-14 09:41:31,34539.7,0
2021-06-14 09:41:32,34539.05,0
2021-06-14 09:41:33,34540.55,0
2021-06-14 09:41:35,34542.8,0
2021-06-14 09:41:37,34544.9,0
2021-06-14 09:41:38,34544.4,0
2021-06-14 09:41:39,34549.8,0
2021-06-14 09:41:40,34553.35,0
2021-06-14 09:41:41,34557.8,0
2021-06-14 09:41:42,34566.8,0
2021-06-14 09:41:44,34561.9,0
2021-06-14 09:41:45,34569.95,0
2021-06-14 09:41:46,34566.45,0
2021-06-14 09:41:47,34569.9,0
2021-06-14 09:41:48,34567.1,0
2021-06-14 09:41:49,34563.55,0
2021-06-14 09:41:50,34571.3,0
2021-06-14 09:41:53,34574.7,0
2021-06-14 09:41:54,34576.2,0
2021-06-14 09:41:55,34585.8,0
2021-06-14 09:41:56,34578.0,0
2021-06-14 09:41:57,34577.8,0
2021-06-14 09:41:58,34576.35,0
2021-06-14 09:41:59,34575.35,0
2021-06-14 09:42:01,34575.0,0
2021-06-14 09:42:02,34579.3,0
2021-06-14 09:42:04,34576.35,0
2021-06-14 09:42:05,34578.4,0
2021-06-14 09:42:06,34579.65,0
2021-06-14 09:42:07,34585.1,0
2021-06-14 09:42:08,34584.0,0
2021-06-14 09:42:09,34592.65,0
2021-06-14 09:42:10,34578.25,0
2021-06-14 09:42:12,34583.95,0
2021-06-14 09:42:14,34590.55,0
2021-06-14 09:42:16,34593.9,0
2021-06-14 09:42:17,34595.3,0
2021-06-14 09:42:18,34594.5,0
2021-06-14 09:42:20,34588.5,0
2021-06-14 09:42:21,34592.4,0
2021-06-14 09:42:23,34592.05,0
2021-06-14 09:42:24,34587.4,0
2021-06-14 09:42:25,34592.05,0
2021-06-14 09:42:26,34585.25,0
2021-06-14 09:42:27,34588.05,0
2021-06-14 09:42:30,34584.9,0
2021-06-14 09:42:32,34590.45,0
2021-06-14 09:42:35,34584.35,0
2021-06-14 09:42:36,34586.1,0
2021-06-14 09:42:37,34587.9,0
2021-06-14 09:42:38,34589.15,0
2021-06-14 09:42:39,34583.85,0
2021-06-14 09:42:40,34574.4,0
2021-06-14 09:42:43,34573.9,0
2021-06-14 09:42:47,34575.3,0
2021-06-14 09:42:48,34576.65,0
2021-06-14 09:42:49,34577.6,0
2021-06-14 09:42:51,34583.85,0
2021-06-14 09:42:54,34587.4,0
2021-06-14 09:42:55,34587.5,0
2021-06-14 09:42:56,34590.05,0
2021-06-14 09:42:58,34589.8,0
2021-06-14 09:42:59,34589.55,0
2021-06-14 09:43:00,34588.65,0
2021-06-14 09:43:02,34586.85,0
2021-06-14 09:43:03,34584.0,0
2021-06-14 09:43:04,34584.95,0
2021-06-14 09:43:06,34579.75,0
2021-06-14 09:43:07,34582.3,0
2021-06-14 09:43:08,34577.6,0
2021-06-14 09:43:09,34575.6,0
2021-06-14 09:43:10,34577.3,0
2021-06-14 09:43:11,34574.6,0
2021-06-14 09:43:12,34571.75,0
2021-06-14 09:43:13,34572.1,0
2021-06-14 09:43:14,34573.7,0
2021-06-14 09:43:15,34573.15,0
2021-06-14 09:43:17,34574.05,0
2021-06-14 09:43:18,34573.55,0
2021-06-14 09:43:20,34585.55,0
2021-06-14 09:43:22,34586.5,0
2021-06-14 09:43:24,34585.7,0
2021-06-14 09:43:25,34585.25,0
2021-06-14 09:43:26,34586.3,0
2021-06-14 09:43:27,34588.7,0
2021-06-14 09:43:28,34592.25,0
2021-06-14 09:43:29,34590.1,0
2021-06-14 09:43:30,34591.9,0
2021-06-14 09:43:31,34592.7,0
2021-06-14 09:43:32,34594.95,0
2021-06-14 09:43:33,34597.8,0
2021-06-14 09:43:35,34597.85,0
2021-06-14 09:43:36,34603.8,0
2021-06-14 09:43:38,34599.2,0
2021-06-14 09:43:39,34601.1,0
2021-06-14 09:43:40,34604.95,0
2021-06-14 09:43:41,34608.85,0
2021-06-14 09:43:42,34608.65,0
2021-06-14 09:43:43,34608.65,0
2021-06-14 09:43:44,34612.4,0
2021-06-14 09:43:45,34612.45,0
2021-06-14 09:43:46,34611.35,0
2021-06-14 09:43:47,34611.15,0
2021-06-14 09:43:48,34611.45,0
2021-06-14 09:43:49,34611.0,0
2021-06-14 09:43:50,34611.35,0
2021-06-14 09:43:51,34604.7,0
2021-06-14 09:43:52,34606.3,0
2021-06-14 09:43:53,34604.05,0
2021-06-14 09:43:54,34608.4,0
2021-06-14 09:43:55,34605.9,0
2021-06-14 09:43:56,34607.15,0
2021-06-14 09:43:57,34609.55,0
2021-06-14 09:43:58,34610.35,0
2021-06-14 09:43:59,34604.4,0
2021-06-14 09:44:00,34601.05,0
2021-06-14 09:44:01,34598.65,0
2021-06-14 09:44:02,34598.1,0
2021-06-14 09:44:03,34599.25,0
2021-06-14 09:44:04,34598.1,0
2021-06-14 09:44:05,34596.1,0
2021-06-14 09:44:06,34595.4,0
2021-06-14 09:44:07,34594.5,0
2021-06-14 09:44:08,34597.1,0
2021-06-14 09:44:09,34597.45,0
2021-06-14 09:44:10,34602.75,0
2021-06-14 09:44:12,34609.0,0
2021-06-14 09:44:14,34606.4,0
2021-06-14 09:44:15,34604.65,0
2021-06-14 09:44:16,34606.8,0
2021-06-14 09:44:17,34606.0,0
2021-06-14 09:44:18,34605.3,0
2021-06-14 09:44:19,34608.5,0
2021-06-14 09:44:20,34604.75,0
2021-06-14 09:44:21,34606.65,0
2021-06-14 09:44:22,34604.45,0
2021-06-14 09:44:23,34604.0,0
2021-06-14 09:44:27,34613.6,0
2021-06-14 09:44:28,34611.95,0
2021-06-14 09:44:29,34607.5,0
2021-06-14 09:44:30,34604.9,0
2021-06-14 09:44:31,34609.65,0
2021-06-14 09:44:33,34605.2,0
2021-06-14 09:44:34,34602.3,0
2021-06-14 09:44:35,34600.0,0
2021-06-14 09:44:36,34602.05,0
2021-06-14 09:44:37,34599.8,0
2021-06-14 09:44:38,34598.15,0
2021-06-14 09:44:39,34599.95,0
2021-06-14 09:44:40,34597.8,0
2021-06-14 09:44:42,34600.35,0
2021-06-14 09:44:43,34601.45,0
2021-06-14 09:44:45,34592.75,0
2021-06-14 09:44:47,34590.6,0
2021-06-14 09:44:48,34593.4,0
2021-06-14 09:44:49,34597.7,0
2021-06-14 09:44:50,34597.1,0
2021-06-14 09:44:51,34592.9,0
2021-06-14 09:44:52,34587.25,0
2021-06-14 09:44:53,34593.3,0
2021-06-14 09:44:55,34590.1,0
2021-06-14 09:44:56,34593.1,0
2021-06-14 09:44:59,34593.55,0
2021-06-14 09:45:00,34595.4,0
2021-06-14 09:45:01,34594.8,0
2021-06-14 09:45:02,34595.6,0
2021-06-14 09:45:03,34597.2,0
2021-06-14 09:45:04,34591.95,0
2021-06-14 09:45:05,34595.25,0
2021-06-14 09:45:06,34600.05,0
2021-06-14 09:45:07,34602.6,0
2021-06-14 09:45:08,34600.4,0
2021-06-14 09:45:09,34598.9,0
2021-06-14 09:45:10,34602.1,0
2021-06-14 09:45:11,34599.15,0
2021-06-14 09:45:12,34601.3,0
2021-06-14 09:45:16,34593.65,0
2021-06-14 09:45:17,34597.1,0
2021-06-14 09:45:18,34596.55,0
2021-06-14 09:45:19,34596.25,0
2021-06-14 09:45:20,34594.4,0
2021-06-14 09:45:21,34583.9,0
2021-06-14 09:45:22,34580.95,0
2021-06-14 09:45:23,34582.85,0
2021-06-14 09:45:24,34583.25,0
2021-06-14 09:45:25,34581.55,0
2021-06-14 09:45:26,34580.75,0
2021-06-14 09:45:27,34579.2,0
2021-06-14 09:45:28,34578.0,0
2021-06-14 09:45:29,34578.65,0
2021-06-14 09:45:31,34583.3,0
2021-06-14 09:45:32,34582.65,0
2021-06-14 09:45:33,34579.35,0
2021-06-14 09:45:35,34575.15,0
2021-06-14 09:45:36,34574.3,0
2021-06-14 09:45:40,34563.9,0
2021-06-14 09:45:41,34564.9,0
2021-06-14 09:45:42,34566.35,0
2021-06-14 09:45:43,34562.6,0
2021-06-14 09:45:44,34557.05,0
2021-06-14 09:45:47,34548.0,0
2021-06-14 09:45:48,34545.6,0
2021-06-14 09:45:49,34550.4,0
2021-06-14 09:45:50,34549.3,0
2021-06-14 09:45:53,34556.65,0
2021-06-14 09:45:54,34552.75,0
2021-06-14 09:45:55,34553.0,0
2021-06-14 09:45:56,34560.05,0
2021-06-14 09:45:57,34559.85,0
2021-06-14 09:45:58,34560.15,0
2021-06-14 09:45:59,34561.45,0
2021-06-14 09:46:00,34563.3,0
2021-06-14 09:46:01,34563.05,0
2021-06-14 09:46:02,34566.45,0
2021-06-14 09:46:04,34560.65,0
2021-06-14 09:46:06,34559.35,0
2021-06-14 09:46:07,34563.5,0
2021-06-14 09:46:08,34563.8,0
2021-06-14 09:46:10,34579.55,0
2021-06-14 09:46:11,34582.9,0
2021-06-14 09:46:12,34584.95,0
2021-06-14 09:46:13,34585.45,0
2021-06-14 09:46:14,34589.1,0
2021-06-14 09:46:15,34588.45,0
2021-06-14 09:46:16,34591.0,0
2021-06-14 09:46:17,34587.95,0
2021-06-14 09:46:18,34583.85,0
2021-06-14 09:46:19,34581.45,0
2021-06-14 09:46:20,34581.75,0
2021-06-14 09:46:22,34581.3,0
2021-06-14 09:46:23,34581.65,0
2021-06-14 09:46:24,34580.5,0
2021-06-14 09:46:25,34580.0,0
2021-06-14 09:46:26,34576.05,0
2021-06-14 09:46:32,34568.1,0
2021-06-14 09:46:33,34570.85,0
2021-06-14 09:46:34,34572.45,0
2021-06-14 09:46:35,34572.05,0
2021-06-14 09:46:36,34571.5,0
2021-06-14 09:46:37,34577.65,0
2021-06-14 09:46:38,34574.5,0
2021-06-14 09:46:39,34579.7,0
2021-06-14 09:46:43,34570.25,0
2021-06-14 09:46:44,34571.45,0
2021-06-14 09:46:45,34578.45,0
2021-06-14 09:46:46,34576.35,0
2021-06-14 09:46:47,34577.75,0
2021-06-14 09:46:48,34573.55,0
2021-06-14 09:46:49,34566.15,0
2021-06-14 09:46:50,34570.05,0
2021-06-14 09:46:51,34568.35,0
2021-06-14 09:46:55,34564.7,0
2021-06-14 09:46:58,34569.5,0
2021-06-14 09:46:59,34567.45,0
2021-06-14 09:47:01,34574.55,0
2021-06-14 09:47:02,34574.15,0
2021-06-14 09:47:04,34575.6,0
2021-06-14 09:47:06,34571.55,0
2021-06-14 09:47:07,34574.15,0
2021-06-14 09:47:08,34574.6,0
2021-06-14 09:47:09,34575.65,0
2021-06-14 09:47:10,34571.95,0
2021-06-14 09:47:14,34568.0,0
2021-06-14 09:47:16,34568.75,0
2021-06-14 09:47:17,34566.7,0
2021-06-14 09:47:18,34569.3,0
2021-06-14 09:47:19,34564.1,0
2021-06-14 09:47:20,34563.2,0
2021-06-14 09:47:21,34564.5,0
2021-06-14 09:47:22,34566.2,0
2021-06-14 09:47:24,34564.75,0
2021-06-14 09:47:25,34564.4,0
2021-06-14 09:47:26,34561.95,0
2021-06-14 09:47:27,34564.45,0
2021-06-14 09:47:28,34561.75,0
2021-06-14 09:47:29,34562.5,0
2021-06-14 09:47:30,34566.0,0
2021-06-14 09:47:31,34565.9,0
2021-06-14 09:47:32,34565.25,0
2021-06-14 09:47:33,34566.25,0
2021-06-14 09:47:34,34569.45,0
2021-06-14 09:47:36,34568.6,0
2021-06-14 09:47:37,34569.15,0
2021-06-14 09:47:38,34571.35,0
2021-06-14 09:47:39,34572.15,0
2021-06-14 09:47:41,34575.5,0
2021-06-14 09:47:42,34574.5,0
2021-06-14 09:47:43,34576.35,0
2021-06-14 09:47:45,34568.75,0
2021-06-14 09:47:46,34571.15,0
2021-06-14 09:47:47,34568.9,0
2021-06-14 09:47:48,34572.5,0
2021-06-14 09:47:49,34571.85,0
2021-06-14 09:47:50,34574.95,0
2021-06-14 09:47:51,34571.9,0
2021-06-14 09:47:52,34577.2,0
2021-06-14 09:47:53,34578.0,0
2021-06-14 09:47:54,34575.25,0
2021-06-14 09:47:55,34581.95,0
2021-06-14 09:47:57,34581.35,0
2021-06-14 09:47:58,34581.35,0
2021-06-14 09:47:59,34584.05,0
2021-06-14 09:48:00,34580.7,0
2021-06-14 09:48:01,34582.9,0
2021-06-14 09:48:03,34581.7,0
2021-06-14 09:48:04,34580.7,0
2021-06-14 09:48:05,34584.1,0
2021-06-14 09:48:06,34586.35,0
2021-06-14 09:48:07,34588.6,0
2021-06-14 09:48:08,34588.35,0
2021-06-14 09:48:09,34587.95,0
2021-06-14 09:48:10,34588.25,0
2021-06-14 09:48:11,34592.05,0
2021-06-14 09:48:12,34593.85,0
2021-06-14 09:48:13,34591.6,0
2021-06-14 09:48:14,34592.55,0
2021-06-14 09:48:15,34587.8,0
2021-06-14 09:48:16,34585.25,0
2021-06-14 09:48:17,34588.4,0
2021-06-14 09:48:18,34587.05,0
2021-06-14 09:48:19,34587.85,0
2021-06-14 09:48:20,34588.1,0
2021-06-14 09:48:21,34585.8,0
2021-06-14 09:48:22,34589.3,0
2021-06-14 09:48:23,34587.65,0
2021-06-14 09:48:24,34585.05,0
2021-06-14 09:48:25,34586.8,0
2021-06-14 09:48:26,34586.75,0
2021-06-14 09:48:27,34582.0,0
2021-06-14 09:48:28,34583.7,0
2021-06-14 09:48:29,34586.85,0
2021-06-14 09:48:30,34586.8,0
2021-06-14 09:48:31,34588.1,0
2021-06-14 09:48:32,34587.6,0
2021-06-14 09:48:33,34585.95,0
2021-06-14 09:48:34,34587.8,0
2021-06-14 09:48:35,34584.25,0
2021-06-14 09:48:36,34583.9,0
2021-06-14 09:48:38,34578.2,0
2021-06-14 09:48:40,34583.7,0
2021-06-14 09:48:41,34579.2,0
2021-06-14 09:48:42,34577.5,0
2021-06-14 09:48:43,34582.95,0
2021-06-14 09:48:44,34579.95,0
2021-06-14 09:48:45,34575.8,0
2021-06-14 09:48:46,34575.95,0
2021-06-14 09:48:47,34578.45,0
2021-06-14 09:48:48,34579.0,0
2021-06-14 09:48:50,34579.0,0
2021-06-14 09:48:51,34575.8,0
2021-06-14 09:48:52,34578.15,0
2021-06-14 09:48:53,34579.5,0
2021-06-14 09:48:54,34580.35,0
2021-06-14 09:48:55,34582.25,0
2021-06-14 09:48:56,34582.15,0
2021-06-14 09:48:57,34583.8,0
2021-06-14 09:48:58,34582.55,0
2021-06-14 09:48:59,34583.25,0
2021-06-14 09:49:00,34581.4,0
2021-06-14 09:49:02,34577.7,0
2021-06-14 09:49:03,34579.0,0
2021-06-14 09:49:04,34579.6,0
2021-06-14 09:49:05,34577.8,0
2021-06-14 09:49:06,34574.1,0
2021-06-14 09:49:07,34577.0,0
2021-06-14 09:49:08,34577.15,0
2021-06-14 09:49:10,34578.2,0
2021-06-14 09:49:11,34578.9,0
2021-06-14 09:49:12,34579.2,0
2021-06-14 09:49:13,34578.85,0
2021-06-14 09:49:14,34580.2,0
2021-06-14 09:49:15,34579.8,0
2021-06-14 09:49:16,34578.7,0
2021-06-14 09:49:17,34577.65,0
2021-06-14 09:49:19,34580.25,0
2021-06-14 09:49:21,34579.55,0
2021-06-14 09:49:22,34580.65,0
2021-06-14 09:49:25,34580.95,0
2021-06-14 09:49:26,34582.95,0
2021-06-14 09:49:27,34581.3,0
2021-06-14 09:49:28,34580.95,0
2021-06-14 09:49:29,34582.6,0
2021-06-14 09:49:30,34581.7,0
2021-06-14 09:49:31,34582.4,0
2021-06-14 09:49:32,34584.95,0
2021-06-14 09:49:33,34586.55,0
2021-06-14 09:49:35,34590.5,0
2021-06-14 09:49:36,34588.2,0
2021-06-14 09:49:37,34589.6,0
2021-06-14 09:49:38,34591.0,0
2021-06-14 09:49:39,34592.05,0
2021-06-14 09:49:40,34591.5,0
2021-06-14 09:49:41,34590.75,0
2021-06-14 09:49:42,34591.75,0
2021-06-14 09:49:43,34591.05,0
2021-06-14 09:49:44,34589.55,0
2021-06-14 09:49:45,34590.0,0
2021-06-14 09:49:46,34589.85,0
2021-06-14 09:49:49,34591.0,0
2021-06-14 09:49:50,34591.55,0
2021-06-14 09:49:51,34589.85,0
2021-06-14 09:49:52,34590.9,0
2021-06-14 09:49:53,34588.6,0
2021-06-14 09:49:54,34589.0,0
2021-06-14 09:49:55,34587.85,0
2021-06-14 09:49:56,34589.15,0
2021-06-14 09:49:57,34590.9,0
2021-06-14 09:49:58,34597.8,0
2021-06-14 09:50:00,34599.7,0
2021-06-14 09:50:02,34599.15,0
2021-06-14 09:50:03,34599.85,0
2021-06-14 09:50:04,34599.25,0
2021-06-14 09:50:05,34600.55,0
2021-06-14 09:50:06,34599.65,0
2021-06-14 09:50:07,34600.0,0
2021-06-14 09:50:09,34602.35,0
2021-06-14 09:50:10,34601.4,0
2021-06-14 09:50:11,34602.8,0
2021-06-14 09:50:12,34595.05,0
2021-06-14 09:50:13,34597.95,0
2021-06-14 09:50:14,34597.35,0
2021-06-14 09:50:15,34595.4,0
2021-06-14 09:50:16,34592.7,0
2021-06-14 09:50:17,34590.4,0
2021-06-14 09:50:19,34589.65,0
2021-06-14 09:50:20,34590.05,0
2021-06-14 09:50:21,34586.95,0
2021-06-14 09:50:22,34583.4,0
2021-06-14 09:50:23,34584.65,0
2021-06-14 09:50:24,34584.6,0
2021-06-14 09:50:25,34577.55,0
2021-06-14 09:50:26,34581.6,0
2021-06-14 09:50:27,34582.9,0
2021-06-14 09:50:28,34580.6,0
2021-06-14 09:50:29,34578.2,0
2021-06-14 09:50:30,34581.1,0
2021-06-14 09:50:31,34580.55,0
2021-06-14 09:50:32,34577.75,0
2021-06-14 09:50:33,34578.95,0
2021-06-14 09:50:34,34577.0,0
2021-06-14 09:50:35,34578.1,0
2021-06-14 09:50:36,34574.15,0
2021-06-14 09:50:38,34576.9,0
2021-06-14 09:50:39,34577.7,0
2021-06-14 09:50:40,34574.3,0
2021-06-14 09:50:41,34574.35,0
2021-06-14 09:50:42,34573.9,0
2021-06-14 09:50:44,34568.65,0
2021-06-14 09:50:45,34568.7,0
2021-06-14 09:50:46,34568.6,0
2021-06-14 09:50:47,34571.45,0
2021-06-14 09:50:48,34572.05,0
2021-06-14 09:50:49,34562.6,0
2021-06-14 09:50:50,34568.9,0
2021-06-14 09:50:51,34566.85,0
2021-06-14 09:50:52,34565.25,0
2021-06-14 09:50:54,34568.7,0
2021-06-14 09:50:55,34566.5,0
2021-06-14 09:50:56,34555.75,0
2021-06-14 09:50:57,34564.1,0
2021-06-14 09:50:58,34564.65,0
2021-06-14 09:50:59,34566.05,0
2021-06-14 09:51:00,34565.6,0
2021-06-14 09:51:01,34565.5,0
2021-06-14 09:51:02,34568.3,0
2021-06-14 09:51:04,34566.2,0
2021-06-14 09:51:05,34569.6,0
2021-06-14 09:51:06,34571.05,0
2021-06-14 09:51:07,34572.6,0
2021-06-14 09:51:09,34568.6,0
2021-06-14 09:51:10,34571.4,0
2021-06-14 09:51:11,34567.4,0
2021-06-14 09:51:13,34567.3,0
2021-06-14 09:51:14,34571.1,0
2021-06-14 09:51:15,34570.7,0
2021-06-14 09:51:16,34571.8,0
2021-06-14 09:51:17,34571.8,0
2021-06-14 09:51:18,34559.9,0
2021-06-14 09:51:20,34564.8,0
2021-06-14 09:51:21,34563.3,0
2021-06-14 09:51:22,34562.0,0
2021-06-14 09:51:23,34562.25,0
2021-06-14 09:51:24,34567.2,0
2021-06-14 09:51:25,34560.85,0
2021-06-14 09:51:26,34563.65,0
2021-06-14 09:51:27,34560.45,0
2021-06-14 09:51:28,34564.0,0
2021-06-14 09:51:29,34564.95,0
2021-06-14 09:51:30,34567.25,0
2021-06-14 09:51:31,34563.6,0
2021-06-14 09:51:32,34565.85,0
2021-06-14 09:51:33,34563.15,0
2021-06-14 09:51:36,34564.25,0
2021-06-14 09:51:37,34563.95,0
2021-06-14 09:51:38,34563.4,0
2021-06-14 09:51:39,34564.85,0
2021-06-14 09:51:40,34563.9,0
2021-06-14 09:51:41,34562.45,0
2021-06-14 09:51:42,34565.65,0
2021-06-14 09:51:43,34565.95,0
2021-06-14 09:51:44,34565.55,0
2021-06-14 09:51:45,34565.7,0
2021-06-14 09:51:46,34565.0,0
2021-06-14 09:51:47,34563.4,0
2021-06-14 09:51:48,34564.3,0
2021-06-14 09:51:49,34557.65,0
2021-06-14 09:51:50,34561.35,0
2021-06-14 09:51:52,34563.3,0
2021-06-14 09:51:53,34559.9,0
2021-06-14 09:51:54,34559.1,0
2021-06-14 09:51:55,34560.85,0
2021-06-14 09:51:56,34559.85,0
2021-06-14 09:51:58,34558.0,0
2021-06-14 09:51:57,34558.85,0
2021-06-14 09:51:59,34557.85,0
2021-06-14 09:52:00,34558.65,0
2021-06-14 09:52:01,34560.3,0
2021-06-14 09:52:02,34559.8,0
2021-06-14 09:52:03,34557.0,0
2021-06-14 09:52:04,34558.15,0
2021-06-14 09:52:05,34557.1,0
2021-06-14 09:52:06,34557.35,0
2021-06-14 09:52:07,34558.65,0
2021-06-14 09:52:08,34556.55,0
2021-06-14 09:52:09,34557.7,0
2021-06-14 09:52:10,34559.4,0
2021-06-14 09:52:11,34560.9,0
2021-06-14 09:52:12,34562.3,0
2021-06-14 09:52:13,34564.05,0
2021-06-14 09:52:14,34562.95,0
2021-06-14 09:52:15,34564.25,0
2021-06-14 09:52:17,34563.65,0
2021-06-14 09:52:18,34565.8,0
2021-06-14 09:52:19,34564.9,0
2021-06-14 09:52:20,34563.55,0
2021-06-14 09:52:21,34563.3,0
2021-06-14 09:52:23,34565.55,0
2021-06-14 09:52:24,34565.85,0
2021-06-14 09:52:26,34564.45,0
2021-06-14 09:52:27,34568.05,0
2021-06-14 09:52:29,34567.5,0
2021-06-14 09:52:30,34567.5,0
2021-06-14 09:52:31,34568.95,0
2021-06-14 09:52:32,34567.75,0
2021-06-14 09:52:33,34568.4,0
2021-06-14 09:52:34,34570.7,0
2021-06-14 09:52:35,34570.75,0
2021-06-14 09:52:36,34570.95,0
2021-06-14 09:52:37,34576.0,0
2021-06-14 09:52:38,34571.95,0
2021-06-14 09:52:39,34577.0,0
2021-06-14 09:52:40,34575.3,0
2021-06-14 09:52:43,34569.2,0
2021-06-14 09:52:45,34568.55,0
2021-06-14 09:52:46,34567.6,0
2021-06-14 09:52:47,34569.15,0
2021-06-14 09:52:48,34569.25,0
2021-06-14 09:52:49,34569.1,0
2021-06-14 09:52:50,34567.55,0
2021-06-14 09:52:51,34567.05,0
2021-06-14 09:52:52,34567.85,0
2021-06-14 09:52:53,34568.95,0
2021-06-14 09:52:54,34570.3,0
2021-06-14 09:52:55,34571.05,0
2021-06-14 09:52:56,34570.2,0
2021-06-14 09:52:57,34573.4,0
2021-06-14 09:52:58,34576.95,0
2021-06-14 09:52:59,34578.2,0
2021-06-14 09:53:00,34580.95,0
2021-06-14 09:53:01,34578.05,0
2021-06-14 09:53:03,34579.05,0
2021-06-14 09:53:04,34578.1,0
2021-06-14 09:53:06,34577.2,0
2021-06-14 09:53:07,34579.1,0
2021-06-14 09:53:11,34576.25,0
2021-06-14 09:53:12,34576.3,0
2021-06-14 09:53:13,34577.3,0
2021-06-14 09:53:14,34578.9,0
2021-06-14 09:53:16,34576.55,0
2021-06-14 09:53:17,34582.1,0
2021-06-14 09:53:18,34583.05,0
2021-06-14 09:53:20,34579.9,0
2021-06-14 09:53:21,34585.95,0
2021-06-14 09:53:22,34584.05,0
2021-06-14 09:53:24,34581.85,0
2021-06-14 09:53:26,34580.2,0
2021-06-14 09:53:28,34575.05,0
2021-06-14 09:53:29,34576.7,0
2021-06-14 09:53:30,34573.75,0
2021-06-14 09:53:31,34575.55,0
2021-06-14 09:53:32,34575.85,0
2021-06-14 09:53:33,34574.45,0
2021-06-14 09:53:34,34575.85,0
2021-06-14 09:53:35,34581.3,0
2021-06-14 09:53:36,34582.15,0
2021-06-14 09:53:37,34585.05,0
2021-06-14 09:53:39,34587.6,0
2021-06-14 09:53:40,34588.25,0
2021-06-14 09:53:42,34588.3,0
2021-06-14 09:53:43,34586.3,0
2021-06-14 09:53:44,34584.25,0
2021-06-14 09:53:45,34587.15,0
2021-06-14 09:53:47,34581.15,0
2021-06-14 09:53:48,34585.4,0
2021-06-14 09:53:49,34585.3,0
2021-06-14 09:53:50,34587.75,0
2021-06-14 09:53:51,34586.55,0
2021-06-14 09:53:52,34588.15,0
2021-06-14 09:53:54,34586.95,0
2021-06-14 09:53:55,34586.9,0
2021-06-14 09:53:56,34590.0,0
2021-06-14 09:53:57,34585.75,0
2021-06-14 09:53:58,34585.45,0
2021-06-14 09:53:59,34585.7,0
2021-06-14 09:54:00,34588.35,0
2021-06-14 09:54:01,34586.9,0
2021-06-14 09:54:02,34586.8,0
2021-06-14 09:54:03,34591.15,0
2021-06-14 09:54:04,34590.65,0
2021-06-14 09:54:06,34589.1,0
2021-06-14 09:54:07,34586.75,0
2021-06-14 09:54:08,34590.75,0
2021-06-14 09:54:09,34588.85,0
2021-06-14 09:54:10,34590.25,0
2021-06-14 09:54:11,34585.15,0
2021-06-14 09:54:12,34588.3,0
2021-06-14 09:54:13,34583.15,0
2021-06-14 09:54:14,34584.05,0
2021-06-14 09:54:15,34583.75,0
2021-06-14 09:54:16,34585.45,0
2021-06-14 09:54:17,34585.55,0
2021-06-14 09:54:18,34586.35,0
2021-06-14 09:54:19,34586.8,0
2021-06-14 09:54:20,34587.1,0
2021-06-14 09:54:21,34587.15,0
2021-06-14 09:54:22,34585.15,0
2021-06-14 09:54:23,34589.05,0
2021-06-14 09:54:24,34589.85,0
2021-06-14 09:54:25,34589.85,0
2021-06-14 09:54:26,34589.15,0
2021-06-14 09:54:27,34591.35,0
2021-06-14 09:54:28,34590.45,0
2021-06-14 09:54:29,34589.25,0
2021-06-14 09:54:30,34590.75,0
2021-06-14 09:54:31,34588.0,0
2021-06-14 09:54:33,34590.65,0
2021-06-14 09:54:34,34591.15,0
2021-06-14 09:54:35,34589.1,0
2021-06-14 09:54:36,34593.25,0
2021-06-14 09:54:37,34590.95,0
2021-06-14 09:54:38,34591.55,0
2021-06-14 09:54:39,34591.95,0
2021-06-14 09:54:40,34591.55,0
2021-06-14 09:54:41,34593.15,0
2021-06-14 09:54:42,34590.4,0
2021-06-14 09:54:44,34590.95,0
2021-06-14 09:54:46,34587.5,0
2021-06-14 09:54:47,34588.95,0
2021-06-14 09:54:48,34587.55,0
2021-06-14 09:54:49,34590.5,0
2021-06-14 09:54:50,34590.8,0
2021-06-14 09:54:51,34589.8,0
2021-06-14 09:54:54,34589.65,0
2021-06-14 09:54:55,34590.45,0
2021-06-14 09:54:56,34591.05,0
2021-06-14 09:54:57,34595.05,0
2021-06-14 09:54:58,34603.2,0
2021-06-14 09:55:00,34598.0,0
2021-06-14 09:55:01,34603.85,0
2021-06-14 09:55:02,34600.85,0
2021-06-14 09:55:03,34602.9,0
2021-06-14 09:55:05,34604.65,0
2021-06-14 09:55:07,34608.5,0
2021-06-14 09:55:09,34609.6,0
2021-06-14 09:55:10,34615.05,0
2021-06-14 09:55:11,34617.4,0
2021-06-14 09:55:12,34621.75,0
2021-06-14 09:55:13,34620.5,0
2021-06-14 09:55:14,34617.25,0
2021-06-14 09:55:15,34619.55,0
2021-06-14 09:55:16,34617.1,0
2021-06-14 09:55:18,34618.35,0
2021-06-14 09:55:21,34617.2,0
2021-06-14 09:55:22,34612.45,0
2021-06-14 09:55:23,34610.45,0
2021-06-14 09:55:24,34607.6,0
2021-06-14 09:55:25,34606.75,0
2021-06-14 09:55:26,34607.55,0
2021-06-14 09:55:27,34603.15,0
2021-06-14 09:55:28,34601.35,0
2021-06-14 09:55:29,34602.9,0
2021-06-14 09:55:30,34603.25,0
2021-06-14 09:55:31,34607.3,0
2021-06-14 09:55:33,34603.2,0
2021-06-14 09:55:34,34605.05,0
2021-06-14 09:55:36,34608.2,0
2021-06-14 09:55:37,34610.05,0
2021-06-14 09:55:39,34613.35,0
2021-06-14 09:55:41,34611.6,0
2021-06-14 09:55:42,34615.55,0
2021-06-14 09:55:43,34614.25,0
2021-06-14 09:55:44,34615.7,0
2021-06-14 09:55:45,34617.6,0
2021-06-14 09:55:46,34617.5,0
2021-06-14 09:55:47,34616.35,0
2021-06-14 09:55:48,34619.75,0
2021-06-14 09:55:49,34607.75,0
2021-06-14 09:55:50,34609.45,0
2021-06-14 09:55:53,34612.1,0
2021-06-14 09:55:54,34609.2,0
2021-06-14 09:55:55,34612.55,0
2021-06-14 09:55:56,34609.45,0
2021-06-14 09:55:57,34611.8,0
2021-06-14 09:55:58,34611.55,0
2021-06-14 09:55:59,34610.35,0
2021-06-14 09:56:00,34608.25,0
2021-06-14 09:56:02,34608.85,0
2021-06-14 09:56:03,34607.2,0
2021-06-14 09:56:04,34610.0,0
2021-06-14 09:56:05,34609.65,0
2021-06-14 09:56:07,34612.6,0
2021-06-14 09:56:08,34610.25,0
2021-06-14 09:56:09,34601.6,0
2021-06-14 09:56:11,34601.9,0
2021-06-14 09:56:12,34603.1,0
2021-06-14 09:56:14,34598.3,0
2021-06-14 09:56:15,34603.2,0
2021-06-14 09:56:17,34604.2,0
2021-06-14 09:56:18,34602.9,0
2021-06-14 09:56:20,34609.9,0
2021-06-14 09:56:21,34610.2,0
2021-06-14 09:56:22,34608.55,0
2021-06-14 09:56:23,34609.85,0
2021-06-14 09:56:24,34610.2,0
2021-06-14 09:56:25,34612.9,0
2021-06-14 09:56:26,34614.15,0
2021-06-14 09:56:27,34613.15,0
2021-06-14 09:56:28,34613.7,0
2021-06-14 09:56:30,34619.4,0
2021-06-14 09:56:31,34619.05,0
2021-06-14 09:56:32,34618.5,0
2021-06-14 09:56:33,34616.95,0
2021-06-14 09:56:34,34620.1,0
2021-06-14 09:56:35,34621.9,0
2021-06-14 09:56:37,34621.8,0
2021-06-14 09:56:38,34621.45,0
2021-06-14 09:56:39,34623.3,0
2021-06-14 09:56:40,34618.6,0
2021-06-14 09:56:41,34618.9,0
2021-06-14 09:56:42,34626.2,0
2021-06-14 09:56:44,34622.65,0
2021-06-14 09:56:45,34625.05,0
2021-06-14 09:56:47,34625.8,0
2021-06-14 09:56:49,34625.05,0
2021-06-14 09:56:50,34622.2,0
2021-06-14 09:56:51,34622.8,0
2021-06-14 09:56:52,34623.25,0
2021-06-14 09:56:53,34625.1,0
2021-06-14 09:56:54,34623.35,0
2021-06-14 09:56:55,34624.5,0
2021-06-14 09:56:57,34626.9,0
2021-06-14 09:56:58,34615.9,0
2021-06-14 09:56:59,34622.2,0
2021-06-14 09:57:01,34624.85,0
2021-06-14 09:57:02,34627.15,0
2021-06-14 09:57:03,34624.15,0
2021-06-14 09:57:04,34624.0,0
2021-06-14 09:57:05,34620.35,0
2021-06-14 09:57:06,34622.2,0
2021-06-14 09:57:07,34625.3,0
2021-06-14 09:57:09,34624.5,0
2021-06-14 09:57:10,34621.85,0
2021-06-14 09:57:11,34618.45,0
2021-06-14 09:57:12,34619.1,0
2021-06-14 09:57:13,34620.0,0
2021-06-14 09:57:14,34619.15,0
2021-06-14 09:57:15,34622.85,0
2021-06-14 09:57:16,34624.25,0
2021-06-14 09:57:17,34624.25,0
2021-06-14 09:57:18,34622.55,0
2021-06-14 09:57:19,34621.8,0
2021-06-14 09:57:21,34621.15,0
2021-06-14 09:57:22,34623.6,0
2021-06-14 09:57:24,34621.7,0
2021-06-14 09:57:26,34623.6,0
2021-06-14 09:57:28,34621.55,0
2021-06-14 09:57:30,34624.05,0
2021-06-14 09:57:31,34625.05,0
2021-06-14 09:57:32,34623.95,0
2021-06-14 09:57:33,34623.25,0
2021-06-14 09:57:34,34626.75,0
2021-06-14 09:57:35,34629.2,0
2021-06-14 09:57:36,34623.75,0
2021-06-14 09:57:37,34628.7,0
2021-06-14 09:57:38,34628.45,0
2021-06-14 09:57:39,34629.3,0
2021-06-14 09:57:40,34627.55,0
2021-06-14 09:57:42,34630.05,0
2021-06-14 09:57:43,34629.05,0
2021-06-14 09:57:44,34628.05,0
2021-06-14 09:57:45,34628.3,0
2021-06-14 09:57:46,34629.9,0
2021-06-14 09:57:47,34634.1,0
2021-06-14 09:57:48,34636.4,0
2021-06-14 09:57:49,34631.65,0
2021-06-14 09:57:50,34637.4,0
2021-06-14 09:57:51,34642.3,0
2021-06-14 09:57:52,34640.3,0
2021-06-14 09:57:53,34645.2,0
2021-06-14 09:57:54,34644.9,0
2021-06-14 09:57:56,34648.15,0
2021-06-14 09:57:57,34656.05,0
2021-06-14 09:57:58,34654.6,0
2021-06-14 09:57:59,34652.6,0
2021-06-14 09:58:00,34650.1,0
2021-06-14 09:58:01,34652.9,0
2021-06-14 09:58:02,34653.2,0
2021-06-14 09:58:03,34657.45,0
2021-06-14 09:58:04,34662.95,0
2021-06-14 09:58:05,34657.7,0
2021-06-14 09:58:06,34661.8,0
2021-06-14 09:58:07,34662.6,0
2021-06-14 09:58:08,34661.65,0
2021-06-14 09:58:09,34663.7,0
2021-06-14 09:58:10,34662.15,0
2021-06-14 09:58:11,34662.85,0
2021-06-14 09:58:12,34665.5,0
2021-06-14 09:58:14,34666.15,0
2021-06-14 09:58:15,34666.15,0
2021-06-14 09:58:16,34659.95,0
2021-06-14 09:58:17,34663.5,0
2021-06-14 09:58:18,34663.7,0
2021-06-14 09:58:19,34665.1,0
2021-06-14 09:58:20,34668.25,0
2021-06-14 09:58:22,34665.0,0
2021-06-14 09:58:23,34663.3,0
2021-06-14 09:58:24,34664.55,0
2021-06-14 09:58:26,34666.15,0
2021-06-14 09:58:28,34663.5,0
2021-06-14 09:58:29,34669.2,0
2021-06-14 09:58:30,34667.2,0
2021-06-14 09:58:31,34666.05,0
2021-06-14 09:58:32,34668.55,0
2021-06-14 09:58:33,34669.05,0
2021-06-14 09:58:34,34669.55,0
2021-06-14 09:58:35,34671.05,0
2021-06-14 09:58:36,34674.7,0
2021-06-14 09:58:37,34676.65,0
2021-06-14 09:58:38,34678.8,0
2021-06-14 09:58:39,34684.65,0
2021-06-14 09:58:40,34681.35,0
2021-06-14 09:58:42,34686.9,0
2021-06-14 09:58:43,34685.3,0
2021-06-14 09:58:45,34685.7,0
2021-06-14 09:58:46,34686.9,0
2021-06-14 09:58:47,34685.55,0
2021-06-14 09:58:48,34681.35,0
2021-06-14 09:58:49,34677.75,0
2021-06-14 09:58:51,34679.45,0
2021-06-14 09:58:52,34681.05,0
2021-06-14 09:58:53,34683.5,0
2021-06-14 09:58:54,34676.9,0
2021-06-14 09:58:55,34676.1,0
2021-06-14 09:58:56,34674.8,0
2021-06-14 09:58:58,34678.7,0
2021-06-14 09:59:00,34676.75,0
2021-06-14 09:59:02,34677.6,0
2021-06-14 09:59:03,34674.0,0
2021-06-14 09:59:04,34678.05,0
2021-06-14 09:59:05,34675.45,0
2021-06-14 09:59:06,34679.45,0
2021-06-14 09:59:07,34683.85,0
2021-06-14 09:59:08,34684.2,0
2021-06-14 09:59:09,34685.85,0
2021-06-14 09:59:10,34681.1,0
2021-06-14 09:59:11,34686.1,0
2021-06-14 09:59:12,34684.85,0
2021-06-14 09:59:13,34684.5,0
2021-06-14 09:59:14,34682.75,0
2021-06-14 09:59:15,34682.55,0
2021-06-14 09:59:16,34686.25,0
2021-06-14 09:59:17,34676.7,0
2021-06-14 09:59:18,34680.3,0
2021-06-14 09:59:20,34669.15,0
2021-06-14 09:59:21,34664.2,0
2021-06-14 09:59:22,34669.0,0
2021-06-14 09:59:23,34664.2,0
2021-06-14 09:59:24,34668.4,0
2021-06-14 09:59:25,34674.1,0
2021-06-14 09:59:27,34674.0,0
2021-06-14 09:59:28,34675.15,0
2021-06-14 09:59:29,34673.65,0
2021-06-14 09:59:31,34677.15,0
2021-06-14 09:59:33,34675.2,0
2021-06-14 09:59:34,34678.0,0
2021-06-14 09:59:35,34678.75,0
2021-06-14 09:59:36,34674.2,0
2021-06-14 09:59:40,34668.8,0
2021-06-14 09:59:42,34673.3,0
2021-06-14 09:59:43,34671.75,0
2021-06-14 09:59:44,34667.55,0
2021-06-14 09:59:45,34669.85,0
2021-06-14 09:59:46,34674.6,0
2021-06-14 09:59:47,34673.7,0
2021-06-14 09:59:48,34673.9,0
2021-06-14 09:59:49,34675.4,0
2021-06-14 09:59:50,34673.15,0
2021-06-14 09:59:51,34670.95,0
2021-06-14 09:59:52,34671.75,0
2021-06-14 09:59:53,34669.75,0
2021-06-14 09:59:55,34671.2,0
2021-06-14 09:59:56,34674.35,0
2021-06-14 09:59:57,34671.0,0
2021-06-14 09:59:58,34666.15,0
2021-06-14 09:59:59,34667.05,0
2021-06-14 10:00:00,34667.55,0
2021-06-14 10:00:01,34667.85,0
2021-06-14 10:00:02,34662.2,0
2021-06-14 10:00:05,34665.95,0
2021-06-14 10:00:06,34666.45,0
2021-06-14 10:00:07,34668.2,0
2021-06-14 10:00:08,34669.15,0
2021-06-14 10:00:09,34668.75,0
2021-06-14 10:00:10,34667.25,0
2021-06-14 10:00:11,34669.7,0
2021-06-14 10:00:12,34675.25,0
2021-06-14 10:00:17,34676.8,0
2021-06-14 10:00:19,34676.25,0
2021-06-14 10:00:20,34676.4,0
2021-06-14 10:00:22,34675.1,0
2021-06-14 10:00:23,34677.0,0
2021-06-14 10:00:24,34675.8,0
2021-06-14 10:00:25,34676.35,0
2021-06-14 10:00:26,34674.8,0
2021-06-14 10:00:29,34675.75,0
2021-06-14 10:00:30,34672.75,0
2021-06-14 10:00:31,34673.8,0
2021-06-14 10:00:32,34674.5,0
2021-06-14 10:00:33,34677.1,0
2021-06-14 10:00:34,34674.7,0
2021-06-14 10:00:35,34671.0,0
2021-06-14 10:00:36,34672.45,0
2021-06-14 10:00:37,34670.0,0
2021-06-14 10:00:38,34672.35,0
2021-06-14 10:00:39,34671.95,0
2021-06-14 10:00:40,34671.9,0
2021-06-14 10:00:41,34672.05,0
2021-06-14 10:00:42,34671.75,0
2021-06-14 10:00:43,34672.1,0
2021-06-14 10:00:44,34672.5,0
2021-06-14 10:00:45,34671.5,0
2021-06-14 10:00:46,34670.1,0
2021-06-14 10:00:48,34673.8,0
2021-06-14 10:00:49,34671.65,0
2021-06-14 10:00:50,34670.85,0
2021-06-14 10:00:51,34672.05,0
2021-06-14 10:00:52,34673.1,0
2021-06-14 10:00:53,34674.2,0
2021-06-14 10:00:55,34669.8,0
2021-06-14 10:00:56,34667.05,0
2021-06-14 10:00:57,34670.5,0
2021-06-14 10:00:58,34669.55,0
2021-06-14 10:00:59,34667.8,0
2021-06-14 10:01:00,34668.0,0
2021-06-14 10:01:01,34669.05,0
2021-06-14 10:01:02,34672.95,0
2021-06-14 10:01:04,34671.25,0
2021-06-14 10:01:05,34672.0,0
2021-06-14 10:01:06,34676.2,0
2021-06-14 10:01:07,34678.6,0
2021-06-14 10:01:09,34685.55,0
2021-06-14 10:01:10,34688.35,0
2021-06-14 10:01:11,34688.1,0
2021-06-14 10:01:12,34687.65,0
2021-06-14 10:01:14,34688.6,0
2021-06-14 10:01:16,34691.3,0
2021-06-14 10:01:17,34687.95,0
2021-06-14 10:01:18,34689.75,0
2021-06-14 10:01:19,34689.0,0
2021-06-14 10:01:21,34692.35,0
2021-06-14 10:01:22,34692.1,0
2021-06-14 10:01:23,34690.45,0
2021-06-14 10:01:24,34689.05,0
2021-06-14 10:01:26,34692.35,0
2021-06-14 10:01:27,34691.5,0
2021-06-14 10:01:28,34692.35,0
2021-06-14 10:01:29,34691.05,0
2021-06-14 10:01:30,34690.3,0
2021-06-14 10:01:32,34689.4,0
2021-06-14 10:01:33,34691.95,0
2021-06-14 10:01:34,34693.55,0
2021-06-14 10:01:35,34691.2,0
2021-06-14 10:01:36,34693.1,0
2021-06-14 10:01:38,34691.5,0
2021-06-14 10:01:39,34690.35,0
2021-06-14 10:01:41,34692.25,0
2021-06-14 10:01:42,34689.85,0
2021-06-14 10:01:44,34688.4,0
2021-06-14 10:01:45,34687.15,0
2021-06-14 10:01:46,34688.85,0
2021-06-14 10:01:47,34688.05,0
2021-06-14 10:01:48,34686.6,0
2021-06-14 10:01:51,34682.3,0
2021-06-14 10:01:52,34682.15,0
2021-06-14 10:01:54,34675.45,0
2021-06-14 10:01:55,34674.05,0
2021-06-14 10:01:57,34676.25,0
2021-06-14 10:02:01,34677.1,0
2021-06-14 10:02:02,34677.25,0
2021-06-14 10:02:03,34676.5,0
2021-06-14 10:02:04,34676.4,0
2021-06-14 10:02:06,34674.85,0
2021-06-14 10:02:08,34677.0,0
2021-06-14 10:02:09,34678.2,0
2021-06-14 10:02:11,34675.0,0
2021-06-14 10:02:12,34677.85,0
2021-06-14 10:02:13,34677.95,0
2021-06-14 10:02:14,34676.45,0
2021-06-14 10:02:18,34675.45,0
2021-06-14 10:02:19,34673.75,0
2021-06-14 10:02:20,34668.9,0
2021-06-14 10:02:21,34667.9,0
2021-06-14 10:02:22,34662.6,0
2021-06-14 10:02:24,34658.6,0
2021-06-14 10:02:25,34657.15,0
2021-06-14 10:02:27,34654.45,0
2021-06-14 10:02:29,34655.8,0
2021-06-14 10:02:30,34656.0,0
2021-06-14 10:02:31,34653.95,0
2021-06-14 10:02:32,34657.65,0
2021-06-14 10:02:33,34656.3,0
2021-06-14 10:02:34,34661.7,0
2021-06-14 10:02:35,34660.7,0
2021-06-14 10:02:36,34665.75,0
2021-06-14 10:02:37,34663.65,0
2021-06-14 10:02:39,34666.1,0
2021-06-14 10:02:40,34666.7,0
2021-06-14 10:02:41,34667.6,0
2021-06-14 10:02:42,34666.25,0
2021-06-14 10:02:43,34661.85,0
2021-06-14 10:02:45,34665.1,0
2021-06-14 10:02:48,34666.2,0
2021-06-14 10:02:50,34669.1,0
2021-06-14 10:02:51,34667.95,0
2021-06-14 10:02:52,34667.9,0
2021-06-14 10:02:53,34669.4,0
2021-06-14 10:02:55,34667.25,0
2021-06-14 10:02:58,34657.55,0
2021-06-14 10:02:59,34658.85,0
2021-06-14 10:03:01,34652.55,0
2021-06-14 10:03:02,34656.35,0
2021-06-14 10:03:04,34657.85,0
2021-06-14 10:03:05,34660.35,0
2021-06-14 10:03:06,34656.35,0
2021-06-14 10:03:07,34659.1,0
2021-06-14 10:03:08,34660.9,0
2021-06-14 10:03:09,34658.05,0
2021-06-14 10:03:10,34654.7,0
2021-06-14 10:03:11,34658.35,0
2021-06-14 10:03:14,34656.2,0
2021-06-14 10:03:15,34656.6,0
2021-06-14 10:03:16,34658.9,0
2021-06-14 10:03:17,34659.7,0
2021-06-14 10:03:18,34654.4,0
2021-06-14 10:03:19,34657.65,0
2021-06-14 10:03:20,34655.4,0
2021-06-14 10:03:21,34650.25,0
2021-06-14 10:03:22,34649.45,0
2021-06-14 10:03:25,34648.05,0
2021-06-14 10:03:28,34644.55,0
2021-06-14 10:03:29,34644.9,0
2021-06-14 10:03:30,34645.05,0
2021-06-14 10:03:31,34635.2,0
2021-06-14 10:03:32,34634.8,0
2021-06-14 10:03:33,34639.1,0
2021-06-14 10:03:34,34635.4,0
2021-06-14 10:03:35,34637.65,0
2021-06-14 10:03:36,34634.4,0
2021-06-14 10:03:37,34636.4,0
2021-06-14 10:03:38,34633.7,0
2021-06-14 10:03:41,34638.35,0
2021-06-14 10:03:43,34644.35,0
2021-06-14 10:03:44,34642.1,0
2021-06-14 10:03:45,34643.9,0
2021-06-14 10:03:46,34642.95,0
2021-06-14 10:03:47,34640.9,0
2021-06-14 10:03:48,34643.25,0
2021-06-14 10:03:49,34644.1,0
2021-06-14 10:03:50,34637.1,0
2021-06-14 10:03:51,34638.3,0
2021-06-14 10:03:52,34639.6,0
2021-06-14 10:03:53,34639.75,0
2021-06-14 10:03:54,34640.5,0
2021-06-14 10:03:55,34640.95,0
2021-06-14 10:03:56,34641.65,0
2021-06-14 10:03:57,34637.95,0
2021-06-14 10:03:58,34639.1,0
2021-06-14 10:03:59,34640.8,0
2021-06-14 10:04:00,34641.6,0
2021-06-14 10:04:01,34640.6,0
2021-06-14 10:04:02,34638.25,0
2021-06-14 10:04:03,34643.8,0
2021-06-14 10:04:04,34644.6,0
2021-06-14 10:04:05,34641.45,0
2021-06-14 10:04:06,34644.2,0
2021-06-14 10:04:07,34644.8,0
2021-06-14 10:04:08,34643.9,0
2021-06-14 10:04:09,34644.05,0
2021-06-14 10:04:10,34650.6,0
2021-06-14 10:04:11,34650.65,0
2021-06-14 10:04:12,34648.15,0
2021-06-14 10:04:13,34647.85,0
2021-06-14 10:04:14,34651.45,0
2021-06-14 10:04:15,34648.95,0
2021-06-14 10:04:17,34654.05,0
2021-06-14 10:04:18,34652.05,0
2021-06-14 10:04:19,34654.05,0
2021-06-14 10:04:20,34652.35,0
2021-06-14 10:04:21,34653.15,0
2021-06-14 10:04:22,34653.55,0
2021-06-14 10:04:23,34653.0,0
2021-06-14 10:04:24,34653.45,0
2021-06-14 10:04:25,34652.8,0
2021-06-14 10:04:26,34653.75,0
2021-06-14 10:04:27,34654.15,0
2021-06-14 10:04:28,34655.3,0
2021-06-14 10:04:29,34653.55,0
2021-06-14 10:04:30,34655.15,0
2021-06-14 10:04:31,34652.35,0
2021-06-14 10:04:32,34655.65,0
2021-06-14 10:04:33,34655.2,0
2021-06-14 10:04:34,34653.95,0
2021-06-14 10:04:35,34656.65,0
2021-06-14 10:04:36,34659.15,0
2021-06-14 10:04:37,34660.25,0
2021-06-14 10:04:38,34657.3,0
2021-06-14 10:04:39,34654.8,0
2021-06-14 10:04:40,34656.2,0
2021-06-14 10:04:41,34654.55,0
2021-06-14 10:04:42,34658.65,0
2021-06-14 10:04:44,34663.4,0
2021-06-14 10:04:45,34659.25,0
2021-06-14 10:04:46,34662.1,0
2021-06-14 10:04:47,34663.1,0
2021-06-14 10:04:48,34661.6,0
2021-06-14 10:04:50,34661.65,0
2021-06-14 10:04:51,34658.6,0
2021-06-14 10:04:53,34660.35,0
2021-06-14 10:04:54,34661.9,0
2021-06-14 10:04:55,34665.15,0
2021-06-14 10:04:56,34667.5,0
2021-06-14 10:04:57,34666.45,0
2021-06-14 10:04:58,34666.15,0
2021-06-14 10:04:59,34667.1,0
2021-06-14 10:05:00,34665.7,0
2021-06-14 10:05:01,34661.4,0
2021-06-14 10:05:03,34665.35,0
2021-06-14 10:05:05,34667.9,0
2021-06-14 10:05:06,34670.6,0
2021-06-14 10:05:07,34669.5,0
2021-06-14 10:05:08,34668.85,0
2021-06-14 10:05:09,34672.4,0
2021-06-14 10:05:10,34674.05,0
2021-06-14 10:05:12,34677.4,0
2021-06-14 10:05:13,34679.4,0
2021-06-14 10:05:15,34679.3,0
2021-06-14 10:05:16,34679.65,0
2021-06-14 10:05:18,34683.5,0
2021-06-14 10:05:19,34684.3,0
2021-06-14 10:05:21,34689.65,0
2021-06-14 10:05:22,34686.6,0
2021-06-14 10:05:23,34687.9,0
2021-06-14 10:05:24,34688.5,0
2021-06-14 10:05:25,34689.75,0
2021-06-14 10:05:26,34690.8,0
2021-06-14 10:05:27,34688.95,0
2021-06-14 10:05:28,34687.15,0
2021-06-14 10:05:29,34690.6,0
2021-06-14 10:05:30,34692.6,0
2021-06-14 10:05:31,34690.55,0
2021-06-14 10:05:33,34686.7,0
2021-06-14 10:05:32,34692.8,0
2021-06-14 10:05:35,34687.05,0
2021-06-14 10:05:36,34682.55,0
2021-06-14 10:05:37,34683.35,0
2021-06-14 10:05:38,34683.7,0
2021-06-14 10:05:39,34681.25,0
2021-06-14 10:05:40,34680.7,0
2021-06-14 10:05:41,34679.0,0
2021-06-14 10:05:42,34678.55,0
2021-06-14 10:05:43,34679.35,0
2021-06-14 10:05:44,34679.75,0
2021-06-14 10:05:46,34676.8,0
2021-06-14 10:05:47,34677.8,0
2021-06-14 10:05:48,34677.85,0
2021-06-14 10:05:49,34677.9,0
2021-06-14 10:05:51,34677.55,0
2021-06-14 10:05:52,34679.7,0
2021-06-14 10:05:53,34680.2,0
2021-06-14 10:05:54,34676.7,0
2021-06-14 10:05:55,34677.85,0
2021-06-14 10:05:56,34679.25,0
2021-06-14 10:05:58,34682.4,0
2021-06-14 10:06:00,34682.75,0
2021-06-14 10:06:01,34682.65,0
2021-06-14 10:06:02,34678.1,0
2021-06-14 10:06:03,34679.05,0
2021-06-14 10:06:04,34680.1,0
2021-06-14 10:06:05,34677.65,0
2021-06-14 10:06:07,34679.2,0
2021-06-14 10:06:08,34680.5,0
2021-06-14 10:06:09,34676.3,0
2021-06-14 10:06:10,34667.05,0
2021-06-14 10:06:11,34668.15,0
2021-06-14 10:06:12,34669.15,0
2021-06-14 10:06:13,34666.2,0
2021-06-14 10:06:14,34666.85,0
2021-06-14 10:06:15,34666.15,0
2021-06-14 10:06:16,34666.2,0
2021-06-14 10:06:17,34667.1,0
2021-06-14 10:06:18,34664.9,0
2021-06-14 10:06:19,34661.25,0
2021-06-14 10:06:20,34661.95,0
2021-06-14 10:06:21,34658.1,0
2021-06-14 10:06:23,34654.7,0
2021-06-14 10:06:24,34654.85,0
2021-06-14 10:06:25,34657.55,0
2021-06-14 10:06:26,34659.05,0
2021-06-14 10:06:27,34659.25,0
2021-06-14 10:06:28,34658.35,0
2021-06-14 10:06:29,34659.1,0
2021-06-14 10:06:30,34659.75,0
2021-06-14 10:06:31,34660.55,0
2021-06-14 10:06:32,34661.0,0
2021-06-14 10:06:33,34658.35,0
2021-06-14 10:06:34,34660.7,0
2021-06-14 10:06:35,34660.4,0
2021-06-14 10:06:36,34659.05,0
2021-06-14 10:06:37,34660.0,0
2021-06-14 10:06:38,34660.05,0
2021-06-14 10:06:39,34659.45,0
2021-06-14 10:06:40,34663.8,0
2021-06-14 10:06:41,34663.9,0
2021-06-14 10:06:42,34664.45,0
2021-06-14 10:06:43,34661.8,0
2021-06-14 10:06:44,34663.5,0
2021-06-14 10:06:45,34661.4,0
2021-06-14 10:06:46,34662.35,0
2021-06-14 10:06:47,34661.7,0
2021-06-14 10:06:48,34658.95,0
2021-06-14 10:06:50,34659.05,0
2021-06-14 10:06:51,34657.2,0
2021-06-14 10:06:52,34660.95,0
2021-06-14 10:06:53,34657.0,0
2021-06-14 10:06:54,34658.65,0
2021-06-14 10:06:55,34660.75,0
2021-06-14 10:06:57,34660.9,0
2021-06-14 10:06:58,34659.65,0
2021-06-14 10:06:59,34662.15,0
2021-06-14 10:07:00,34661.5,0
2021-06-14 10:07:01,34661.45,0
2021-06-14 10:07:02,34659.4,0
2021-06-14 10:07:03,34657.15,0
2021-06-14 10:07:04,34659.3,0
2021-06-14 10:07:05,34657.05,0
2021-06-14 10:07:06,34656.6,0
2021-06-14 10:07:08,34658.05,0
2021-06-14 10:07:09,34659.5,0
2021-06-14 10:07:10,34657.85,0
2021-06-14 10:07:11,34665.65,0
2021-06-14 10:07:13,34665.1,0
2021-06-14 10:07:14,34664.5,0
2021-06-14 10:07:15,34663.7,0
2021-06-14 10:07:16,34664.3,0
2021-06-14 10:07:17,34670.7,0
2021-06-14 10:07:19,34671.9,0
2021-06-14 10:07:21,34681.7,0
2021-06-14 10:07:22,34682.3,0
2021-06-14 10:07:23,34686.1,0
2021-06-14 10:07:24,34686.0,0
2021-06-14 10:07:25,34685.2,0
2021-06-14 10:07:26,34687.25,0
2021-06-14 10:07:27,34686.3,0
2021-06-14 10:07:28,34685.5,0
2021-06-14 10:07:30,34687.35,0
2021-06-14 10:07:32,34684.1,0
2021-06-14 10:07:33,34682.35,0
2021-06-14 10:07:34,34678.2,0
2021-06-14 10:07:35,34677.65,0
2021-06-14 10:07:36,34672.35,0
2021-06-14 10:07:37,34671.15,0
2021-06-14 10:07:38,34672.3,0
2021-06-14 10:07:39,34674.45,0
2021-06-14 10:07:40,34674.85,0
2021-06-14 10:07:41,34674.45,0
2021-06-14 10:07:42,34678.4,0
2021-06-14 10:07:43,34677.6,0
2021-06-14 10:07:44,34677.15,0
2021-06-14 10:07:45,34677.65,0
2021-06-14 10:07:46,34678.65,0
2021-06-14 10:07:48,34679.9,0
2021-06-14 10:07:49,34679.5,0
2021-06-14 10:07:50,34680.0,0
2021-06-14 10:07:51,34679.75,0
2021-06-14 10:07:52,34676.95,0
2021-06-14 10:07:53,34676.85,0
2021-06-14 10:07:54,34676.35,0
2021-06-14 10:07:55,34677.0,0
2021-06-14 10:07:56,34675.85,0
2021-06-14 10:07:58,34679.95,0
2021-06-14 10:07:59,34680.0,0
2021-06-14 10:08:00,34681.65,0
2021-06-14 10:08:01,34680.5,0
2021-06-14 10:08:02,34680.45,0
2021-06-14 10:08:03,34681.25,0
2021-06-14 10:08:04,34678.85,0
2021-06-14 10:08:05,34681.05,0
2021-06-14 10:08:06,34680.9,0
2021-06-14 10:08:07,34681.25,0
2021-06-14 10:08:08,34680.2,0
2021-06-14 10:08:09,34678.5,0
2021-06-14 10:08:10,34680.05,0
2021-06-14 10:08:11,34678.6,0
2021-06-14 10:08:12,34676.1,0
2021-06-14 10:08:13,34675.95,0
2021-06-14 10:08:14,34673.45,0
2021-06-14 10:08:15,34673.55,0
2021-06-14 10:08:16,34674.8,0
2021-06-14 10:08:17,34676.2,0
2021-06-14 10:08:19,34673.5,0
2021-06-14 10:08:20,34673.85,0
2021-06-14 10:08:21,34673.05,0
2021-06-14 10:08:22,34672.4,0
2021-06-14 10:08:23,34667.7,0
2021-06-14 10:08:24,34669.05,0
2021-06-14 10:08:26,34664.65,0
2021-06-14 10:08:27,34663.85,0
2021-06-14 10:08:28,34666.8,0
2021-06-14 10:08:31,34664.7,0
2021-06-14 10:08:32,34665.2,0
2021-06-14 10:08:34,34666.4,0
2021-06-14 10:08:35,34668.25,0
2021-06-14 10:08:36,34665.3,0
2021-06-14 10:08:37,34665.35,0
2021-06-14 10:08:38,34666.2,0
2021-06-14 10:08:40,34668.0,0
2021-06-14 10:08:41,34665.75,0
2021-06-14 10:08:42,34665.3,0
2021-06-14 10:08:43,34665.8,0
2021-06-14 10:08:45,34666.95,0
2021-06-14 10:08:46,34666.05,0
2021-06-14 10:08:47,34666.25,0
2021-06-14 10:08:48,34666.7,0
2021-06-14 10:08:49,34669.8,0
2021-06-14 10:08:50,34668.15,0
2021-06-14 10:08:51,34666.3,0
2021-06-14 10:08:52,34666.75,0
2021-06-14 10:08:53,34666.35,0
2021-06-14 10:08:54,34669.1,0
2021-06-14 10:08:56,34671.35,0
2021-06-14 10:08:57,34671.1,0
2021-06-14 10:08:58,34673.95,0
2021-06-14 10:08:59,34676.15,0
2021-06-14 10:09:00,34677.0,0
2021-06-14 10:09:02,34676.95,0
2021-06-14 10:09:03,34673.5,0
2021-06-14 10:09:04,34674.9,0
2021-06-14 10:09:05,34674.8,0
2021-06-14 10:09:06,34678.2,0
2021-06-14 10:09:07,34676.45,0
2021-06-14 10:09:09,34678.95,0
2021-06-14 10:09:10,34676.3,0
2021-06-14 10:09:12,34677.9,0
2021-06-14 10:09:13,34678.3,0
2021-06-14 10:09:14,34676.3,0
2021-06-14 10:09:15,34677.1,0
2021-06-14 10:09:16,34678.25,0
2021-06-14 10:09:17,34675.25,0
2021-06-14 10:09:18,34674.85,0
2021-06-14 10:09:19,34674.3,0
2021-06-14 10:09:20,34677.4,0
2021-06-14 10:09:21,34673.3,0
2021-06-14 10:09:23,34673.6,0
2021-06-14 10:09:25,34674.7,0
2021-06-14 10:09:28,34673.95,0
2021-06-14 10:09:29,34674.45,0
2021-06-14 10:09:31,34672.5,0
2021-06-14 10:09:32,34670.65,0
2021-06-14 10:09:33,34670.4,0
2021-06-14 10:09:34,34673.35,0
2021-06-14 10:09:37,34671.95,0
2021-06-14 10:09:38,34663.65,0
2021-06-14 10:09:39,34664.1,0
2021-06-14 10:09:40,34664.9,0
2021-06-14 10:09:41,34662.7,0
2021-06-14 10:09:42,34664.5,0
2021-06-14 10:09:43,34664.05,0
2021-06-14 10:09:44,34662.55,0
2021-06-14 10:09:45,34662.05,0
2021-06-14 10:09:46,34665.55,0
2021-06-14 10:09:48,34663.85,0
2021-06-14 10:09:49,34661.3,0
2021-06-14 10:09:50,34664.0,0
2021-06-14 10:09:51,34657.9,0
2021-06-14 10:09:52,34658.6,0
2021-06-14 10:09:53,34659.15,0
2021-06-14 10:09:54,34660.7,0
2021-06-14 10:09:55,34660.8,0
2021-06-14 10:09:56,34655.15,0
2021-06-14 10:09:57,34657.85,0
2021-06-14 10:09:58,34654.75,0
2021-06-14 10:09:59,34655.15,0
2021-06-14 10:10:00,34657.5,0
2021-06-14 10:10:01,34655.05,0
2021-06-14 10:10:02,34657.35,0
2021-06-14 10:10:03,34656.75,0
2021-06-14 10:10:06,34658.9,0
2021-06-14 10:10:07,34656.7,0
2021-06-14 10:10:08,34658.4,0
2021-06-14 10:10:09,34658.55,0
2021-06-14 10:10:10,34657.1,0
2021-06-14 10:10:11,34659.55,0
2021-06-14 10:10:12,34658.65,0
2021-06-14 10:10:13,34658.35,0
2021-06-14 10:10:15,34657.05,0
2021-06-14 10:10:16,34656.3,0
2021-06-14 10:10:17,34656.7,0
2021-06-14 10:10:18,34660.85,0
2021-06-14 10:10:19,34659.95,0
2021-06-14 10:10:20,34661.3,0
2021-06-14 10:10:21,34663.35,0
2021-06-14 10:10:22,34665.0,0
2021-06-14 10:10:23,34663.45,0
2021-06-14 10:10:24,34665.0,0
2021-06-14 10:10:25,34665.4,0
2021-06-14 10:10:26,34666.7,0
2021-06-14 10:10:27,34667.55,0
2021-06-14 10:10:28,34664.5,0
2021-06-14 10:10:29,34664.75,0
2021-06-14 10:10:30,34667.1,0
2021-06-14 10:10:31,34670.95,0
2021-06-14 10:10:33,34673.5,0
2021-06-14 10:10:34,34672.25,0
2021-06-14 10:10:35,34675.45,0
2021-06-14 10:10:37,34669.4,0
2021-06-14 10:10:38,34673.75,0
2021-06-14 10:10:39,34675.15,0
2021-06-14 10:10:40,34671.65,0
2021-06-14 10:10:41,34669.6,0
2021-06-14 10:10:42,34671.15,0
2021-06-14 10:10:43,34676.15,0
2021-06-14 10:10:44,34675.05,0
2021-06-14 10:10:45,34675.65,0
2021-06-14 10:10:47,34675.1,0
2021-06-14 10:10:48,34676.9,0
2021-06-14 10:10:49,34676.95,0
2021-06-14 10:10:50,34678.25,0
2021-06-14 10:10:51,34677.1,0
2021-06-14 10:10:52,34674.65,0
2021-06-14 10:10:53,34674.3,0
2021-06-14 10:10:54,34674.45,0
2021-06-14 10:10:55,34678.15,0
2021-06-14 10:10:56,34677.7,0
2021-06-14 10:10:57,34679.9,0
2021-06-14 10:10:58,34678.4,0
2021-06-14 10:10:59,34678.4,0
2021-06-14 10:11:00,34679.2,0
2021-06-14 10:11:01,34682.05,0
2021-06-14 10:11:02,34681.05,0
2021-06-14 10:11:04,34681.35,0
2021-06-14 10:11:05,34680.5,0
2021-06-14 10:11:08,34669.45,0
2021-06-14 10:11:09,34672.1,0
2021-06-14 10:11:10,34669.9,0
2021-06-14 10:11:11,34668.25,0
2021-06-14 10:11:12,34670.45,0
2021-06-14 10:11:13,34673.2,0
2021-06-14 10:11:14,34672.85,0
2021-06-14 10:11:15,34674.65,0
2021-06-14 10:11:16,34676.05,0
2021-06-14 10:11:17,34677.85,0
2021-06-14 10:11:18,34678.5,0
2021-06-14 10:11:19,34675.4,0
2021-06-14 10:11:20,34675.05,0
2021-06-14 10:11:21,34676.05,0
2021-06-14 10:11:22,34677.55,0
2021-06-14 10:11:26,34680.1,0
2021-06-14 10:11:27,34677.65,0
2021-06-14 10:11:28,34680.8,0
2021-06-14 10:11:29,34677.7,0
2021-06-14 10:11:30,34679.05,0
2021-06-14 10:11:31,34681.6,0
2021-06-14 10:11:33,34681.5,0
2021-06-14 10:11:35,34680.3,0
2021-06-14 10:11:36,34680.8,0
2021-06-14 10:11:37,34674.5,0
2021-06-14 10:11:38,34678.85,0
2021-06-14 10:11:40,34674.15,0
2021-06-14 10:11:41,34674.45,0
2021-06-14 10:11:42,34669.6,0
2021-06-14 10:11:43,34674.45,0
2021-06-14 10:11:45,34676.4,0
2021-06-14 10:11:46,34676.4,0
2021-06-14 10:11:47,34678.25,0
2021-06-14 10:11:48,34677.65,0
2021-06-14 10:11:50,34677.7,0
2021-06-14 10:11:51,34677.65,0
2021-06-14 10:11:52,34678.55,0
2021-06-14 10:11:53,34676.25,0
2021-06-14 10:11:54,34677.55,0
2021-06-14 10:11:55,34680.1,0
2021-06-14 10:11:56,34680.55,0
2021-06-14 10:11:57,34678.6,0
2021-06-14 10:11:58,34679.65,0
2021-06-14 10:11:59,34680.15,0
2021-06-14 10:12:00,34677.0,0
2021-06-14 10:12:02,34680.4,0
2021-06-14 10:12:03,34679.95,0
2021-06-14 10:12:04,34679.9,0
2021-06-14 10:12:05,34678.6,0
2021-06-14 10:12:06,34682.7,0
2021-06-14 10:12:07,34683.35,0
2021-06-14 10:12:08,34683.1,0
2021-06-14 10:12:09,34684.0,0
2021-06-14 10:12:10,34683.65,0
2021-06-14 10:12:11,34683.45,0
2021-06-14 10:12:13,34684.75,0
2021-06-14 10:12:15,34689.45,0
2021-06-14 10:12:16,34689.4,0
2021-06-14 10:12:17,34687.9,0
2021-06-14 10:12:18,34689.6,0
2021-06-14 10:12:19,34691.05,0
2021-06-14 10:12:20,34678.55,0
2021-06-14 10:12:21,34682.7,0
2021-06-14 10:12:22,34678.5,0
2021-06-14 10:12:25,34682.35,0
2021-06-14 10:12:26,34681.2,0
2021-06-14 10:12:27,34682.5,0
2021-06-14 10:12:29,34680.6,0
2021-06-14 10:12:30,34681.0,0
2021-06-14 10:12:32,34680.35,0
2021-06-14 10:12:33,34681.0,0
2021-06-14 10:12:34,34680.7,0
2021-06-14 10:12:35,34678.1,0
2021-06-14 10:12:36,34682.7,0
2021-06-14 10:12:37,34684.3,0
2021-06-14 10:12:38,34679.25,0
2021-06-14 10:12:39,34682.2,0
2021-06-14 10:12:40,34680.15,0
2021-06-14 10:12:41,34682.65,0
2021-06-14 10:12:42,34682.1,0
2021-06-14 10:12:43,34679.65,0
2021-06-14 10:12:44,34680.55,0
2021-06-14 10:12:45,34680.15,0
2021-06-14 10:12:46,34678.0,0
2021-06-14 10:12:47,34677.7,0
2021-06-14 10:12:48,34678.75,0
2021-06-14 10:12:49,34678.85,0
2021-06-14 10:12:50,34679.0,0
2021-06-14 10:12:52,34675.3,0
2021-06-14 10:12:53,34674.3,0
2021-06-14 10:12:54,34679.45,0
2021-06-14 10:12:55,34680.95,0
2021-06-14 10:12:56,34681.75,0
2021-06-14 10:12:57,34679.85,0
2021-06-14 10:12:58,34679.0,0
2021-06-14 10:12:59,34680.1,0
2021-06-14 10:13:00,34680.0,0
2021-06-14 10:13:01,34679.2,0
2021-06-14 10:13:03,34673.0,0
2021-06-14 10:13:04,34676.2,0
2021-06-14 10:13:05,34676.4,0
2021-06-14 10:13:06,34681.95,0
2021-06-14 10:13:07,34681.1,0
2021-06-14 10:13:08,34679.05,0
2021-06-14 10:13:09,34680.55,0
2021-06-14 10:13:11,34681.95,0
2021-06-14 10:13:13,34681.95,0
2021-06-14 10:13:14,34684.55,0
2021-06-14 10:13:16,34682.6,0
2021-06-14 10:13:17,34681.95,0
2021-06-14 10:13:18,34680.3,0
2021-06-14 10:13:19,34683.65,0
2021-06-14 10:13:20,34685.55,0
2021-06-14 10:13:22,34682.15,0
2021-06-14 10:13:23,34683.0,0
2021-06-14 10:13:24,34682.6,0
2021-06-14 10:13:25,34683.6,0
2021-06-14 10:13:26,34684.55,0
2021-06-14 10:13:27,34683.4,0
2021-06-14 10:13:28,34685.0,0
2021-06-14 10:13:29,34681.75,0
2021-06-14 10:13:30,34681.25,0
2021-06-14 10:13:31,34683.7,0
2021-06-14 10:13:32,34684.75,0
2021-06-14 10:13:33,34683.8,0
2021-06-14 10:13:35,34687.65,0
2021-06-14 10:13:37,34688.3,0
2021-06-14 10:13:38,34689.65,0
2021-06-14 10:13:39,34690.2,0
2021-06-14 10:13:40,34689.05,0
2021-06-14 10:13:41,34690.2,0
2021-06-14 10:13:42,34690.75,0
2021-06-14 10:13:44,34690.95,0
2021-06-14 10:13:45,34693.5,0
2021-06-14 10:13:46,34693.4,0
2021-06-14 10:13:48,34694.85,0
2021-06-14 10:13:49,34696.2,0
2021-06-14 10:13:50,34700.65,0
2021-06-14 10:13:51,34699.0,0
2021-06-14 10:13:52,34701.45,0
2021-06-14 10:13:53,34699.2,0
2021-06-14 10:13:54,34700.9,0
2021-06-14 10:13:55,34716.7,0
2021-06-14 10:13:56,34714.15,0
2021-06-14 10:13:57,34721.9,0
2021-06-14 10:14:00,34724.05,0
2021-06-14 10:14:01,34719.75,0
2021-06-14 10:14:04,34718.5,0
2021-06-14 10:14:05,34717.65,0
2021-06-14 10:14:06,34715.95,0
2021-06-14 10:14:07,34716.75,0
2021-06-14 10:14:08,34715.15,0
2021-06-14 10:14:10,34718.6,0
2021-06-14 10:14:11,34715.35,0
2021-06-14 10:14:12,34716.05,0
2021-06-14 10:14:14,34717.7,0
2021-06-14 10:14:16,34717.45,0
2021-06-14 10:14:17,34717.45,0
2021-06-14 10:14:18,34718.05,0
2021-06-14 10:14:19,34718.0,0
2021-06-14 10:14:20,34719.75,0
2021-06-14 10:14:21,34717.0,0
2021-06-14 10:14:22,34717.25,0
2021-06-14 10:14:23,34711.75,0
2021-06-14 10:14:24,34709.8,0
2021-06-14 10:14:26,34710.45,0
2021-06-14 10:14:27,34712.6,0
2021-06-14 10:14:28,34712.4,0
2021-06-14 10:14:29,34708.05,0
2021-06-14 10:14:30,34708.05,0
2021-06-14 10:14:31,34708.9,0
2021-06-14 10:14:32,34706.9,0
2021-06-14 10:14:33,34706.5,0
2021-06-14 10:14:34,34707.05,0
2021-06-14 10:14:35,34706.2,0
2021-06-14 10:14:37,34704.85,0
2021-06-14 10:14:38,34702.35,0
2021-06-14 10:14:40,34699.25,0
2021-06-14 10:14:41,34696.95,0
2021-06-14 10:14:42,34699.15,0
2021-06-14 10:14:43,34704.15,0
2021-06-14 10:14:44,34699.9,0
2021-06-14 10:14:45,34698.0,0
2021-06-14 10:14:46,34701.55,0
2021-06-14 10:14:47,34699.5,0
2021-06-14 10:14:48,34701.0,0
2021-06-14 10:14:49,34703.75,0
2021-06-14 10:14:51,34704.1,0
2021-06-14 10:14:52,34698.55,0
2021-06-14 10:14:53,34702.0,0
2021-06-14 10:14:54,34699.45,0
2021-06-14 10:14:55,34698.45,0
2021-06-14 10:14:56,34699.55,0
2021-06-14 10:14:57,34702.1,0
2021-06-14 10:14:58,34701.7,0
2021-06-14 10:14:59,34701.55,0
2021-06-14 10:15:00,34700.3,0
2021-06-14 10:15:01,34696.4,0
2021-06-14 10:15:02,34695.7,0
2021-06-14 10:15:03,34699.8,0
2021-06-14 10:15:04,34698.05,0
2021-06-14 10:15:05,34697.65,0
2021-06-14 10:15:06,34700.0,0
2021-06-14 10:15:07,34697.45,0
2021-06-14 10:15:08,34697.4,0
2021-06-14 10:15:09,34700.7,0
2021-06-14 10:15:10,34698.2,0
2021-06-14 10:15:11,34699.05,0
2021-06-14 10:15:12,34703.6,0
2021-06-14 10:15:13,34705.8,0
2021-06-14 10:15:14,34704.15,0
2021-06-14 10:15:15,34705.0,0
2021-06-14 10:15:17,34707.25,0
2021-06-14 10:15:18,34709.4,0
2021-06-14 10:15:19,34710.65,0
2021-06-14 10:15:20,34709.25,0
2021-06-14 10:15:21,34709.35,0
2021-06-14 10:15:22,34710.95,0
2021-06-14 10:15:23,34709.0,0
2021-06-14 10:15:24,34707.7,0
2021-06-14 10:15:25,34712.35,0
2021-06-14 10:15:27,34702.7,0
2021-06-14 10:15:28,34702.0,0
2021-06-14 10:15:30,34704.55,0
2021-06-14 10:15:32,34700.85,0
2021-06-14 10:15:33,34704.25,0
2021-06-14 10:15:34,34699.25,0
2021-06-14 10:15:35,34696.85,0
2021-06-14 10:15:36,34699.85,0
2021-06-14 10:15:38,34698.7,0
2021-06-14 10:15:39,34690.55,0
2021-06-14 10:15:40,34701.4,0
2021-06-14 10:15:41,34699.1,0
2021-06-14 10:15:43,34698.45,0
2021-06-14 10:15:44,34693.95,0
2021-06-14 10:15:46,34695.7,0
2021-06-14 10:15:47,34692.9,0
2021-06-14 10:15:48,34693.55,0
2021-06-14 10:15:49,34694.85,0
2021-06-14 10:15:50,34695.55,0
2021-06-14 10:15:51,34688.65,0
2021-06-14 10:15:52,34689.3,0
2021-06-14 10:15:53,34689.95,0
2021-06-14 10:15:55,34691.9,0
2021-06-14 10:15:56,34690.4,0
2021-06-14 10:15:57,34689.75,0
2021-06-14 10:15:58,34688.75,0
2021-06-14 10:16:00,34689.7,0
2021-06-14 10:16:01,34689.15,0
2021-06-14 10:16:02,34686.7,0
2021-06-14 10:16:04,34677.75,0
2021-06-14 10:16:05,34680.95,0
2021-06-14 10:16:06,34682.5,0
2021-06-14 10:16:07,34680.05,0
2021-06-14 10:16:08,34680.55,0
2021-06-14 10:16:11,34684.6,0
2021-06-14 10:16:12,34684.85,0
2021-06-14 10:16:13,34684.7,0
2021-06-14 10:16:14,34684.1,0
2021-06-14 10:16:15,34684.65,0
2021-06-14 10:16:16,34687.0,0
2021-06-14 10:16:17,34684.55,0
2021-06-14 10:16:18,34686.45,0
2021-06-14 10:16:19,34688.95,0
2021-06-14 10:16:21,34687.45,0
2021-06-14 10:16:22,34685.2,0
2021-06-14 10:16:24,34686.5,0
2021-06-14 10:16:25,34689.1,0
2021-06-14 10:16:26,34688.6,0
2021-06-14 10:16:27,34687.85,0
2021-06-14 10:16:28,34688.7,0
2021-06-14 10:16:29,34684.95,0
2021-06-14 10:16:31,34688.5,0
2021-06-14 10:16:32,34687.4,0
2021-06-14 10:16:33,34687.65,0
2021-06-14 10:16:34,34686.45,0
2021-06-14 10:16:35,34688.75,0
2021-06-14 10:16:36,34686.45,0
2021-06-14 10:16:37,34689.5,0
2021-06-14 10:16:39,34687.25,0
2021-06-14 10:16:40,34687.65,0
2021-06-14 10:16:41,34687.95,0
2021-06-14 10:16:42,34688.25,0
2021-06-14 10:16:43,34684.35,0
2021-06-14 10:16:44,34683.4,0
2021-06-14 10:16:45,34682.8,0
2021-06-14 10:16:46,34684.95,0
2021-06-14 10:16:47,34682.3,0
2021-06-14 10:16:49,34681.35,0
2021-06-14 10:16:50,34681.9,0
2021-06-14 10:16:51,34681.75,0
2021-06-14 10:16:52,34681.4,0
2021-06-14 10:16:53,34681.9,0
2021-06-14 10:16:54,34682.05,0
2021-06-14 10:16:55,34679.25,0
2021-06-14 10:16:56,34679.85,0
2021-06-14 10:16:58,34678.5,0
2021-06-14 10:16:59,34679.85,0
2021-06-14 10:17:00,34678.55,0
2021-06-14 10:17:02,34676.6,0
2021-06-14 10:17:03,34676.15,0
2021-06-14 10:17:05,34676.6,0
2021-06-14 10:17:06,34678.3,0
2021-06-14 10:17:07,34676.1,0
2021-06-14 10:17:08,34672.7,0
2021-06-14 10:17:09,34675.4,0
2021-06-14 10:17:10,34673.65,0
2021-06-14 10:17:11,34677.85,0
2021-06-14 10:17:12,34679.25,0
2021-06-14 10:17:13,34678.2,0
2021-06-14 10:17:14,34677.4,0
2021-06-14 10:17:15,34676.8,0
2021-06-14 10:17:16,34676.15,0
2021-06-14 10:17:17,34683.6,0
2021-06-14 10:17:18,34682.05,0
2021-06-14 10:17:19,34678.7,0
2021-06-14 10:17:20,34683.95,0
2021-06-14 10:17:21,34683.05,0
2021-06-14 10:17:25,34687.25,0
2021-06-14 10:17:26,34682.05,0
2021-06-14 10:17:27,34684.0,0
2021-06-14 10:17:28,34681.75,0
2021-06-14 10:17:29,34682.9,0
2021-06-14 10:17:31,34682.05,0
2021-06-14 10:17:33,34683.15,0
2021-06-14 10:17:36,34683.7,0
2021-06-14 10:17:37,34683.95,0
2021-06-14 10:17:38,34680.2,0
2021-06-14 10:17:39,34683.55,0
2021-06-14 10:17:41,34685.3,0
2021-06-14 10:17:42,34681.85,0
2021-06-14 10:17:43,34683.9,0
2021-06-14 10:17:44,34681.55,0
2021-06-14 10:17:45,34681.4,0
2021-06-14 10:17:46,34683.1,0
2021-06-14 10:17:47,34683.85,0
2021-06-14 10:17:49,34686.1,0
2021-06-14 10:17:50,34686.3,0
2021-06-14 10:17:51,34685.1,0
2021-06-14 10:17:52,34683.7,0
2021-06-14 10:17:53,34680.05,0
2021-06-14 10:17:54,34685.7,0
2021-06-14 10:17:55,34685.4,0
2021-06-14 10:17:56,34681.5,0
2021-06-14 10:17:57,34686.15,0
2021-06-14 10:17:58,34686.95,0
2021-06-14 10:17:59,34686.6,0
2021-06-14 10:18:00,34684.4,0
2021-06-14 10:18:01,34688.4,0
2021-06-14 10:18:02,34689.0,0
2021-06-14 10:18:04,34687.4,0
2021-06-14 10:18:05,34682.65,0
2021-06-14 10:18:06,34683.5,0
2021-06-14 10:18:07,34683.15,0
2021-06-14 10:18:08,34687.2,0
2021-06-14 10:18:09,34683.3,0
2021-06-14 10:18:10,34682.65,0
2021-06-14 10:18:13,34684.85,0
2021-06-14 10:18:14,34685.35,0
2021-06-14 10:18:15,34683.1,0
2021-06-14 10:18:16,34684.65,0
2021-06-14 10:18:17,34684.85,0
2021-06-14 10:18:18,34682.7,0
2021-06-14 10:18:19,34682.9,0
2021-06-14 10:18:20,34684.4,0
2021-06-14 10:18:21,34681.7,0
2021-06-14 10:18:22,34683.8,0
2021-06-14 10:18:23,34683.75,0
2021-06-14 10:18:24,34682.85,0
2021-06-14 10:18:25,34682.25,0
2021-06-14 10:18:26,34684.75,0
2021-06-14 10:18:27,34681.85,0
2021-06-14 10:18:28,34682.9,0
2021-06-14 10:18:29,34680.1,0
2021-06-14 10:18:32,34684.8,0
2021-06-14 10:18:33,34684.65,0
2021-06-14 10:18:34,34686.1,0
2021-06-14 10:18:35,34684.5,0
2021-06-14 10:18:36,34687.9,0
2021-06-14 10:18:37,34683.9,0
2021-06-14 10:18:38,34687.8,0
2021-06-14 10:18:39,34687.8,0
2021-06-14 10:18:40,34683.2,0
2021-06-14 10:18:41,34685.85,0
2021-06-14 10:18:42,34686.4,0
2021-06-14 10:18:43,34686.45,0
2021-06-14 10:18:44,34687.3,0
2021-06-14 10:18:45,34688.3,0
2021-06-14 10:18:47,34682.15,0
2021-06-14 10:18:48,34683.65,0
2021-06-14 10:18:49,34686.3,0
2021-06-14 10:18:50,34686.65,0
2021-06-14 10:18:51,34685.35,0
2021-06-14 10:18:52,34679.15,0
2021-06-14 10:18:53,34684.5,0
2021-06-14 10:18:54,34683.6,0
2021-06-14 10:18:55,34684.4,0
2021-06-14 10:18:56,34687.1,0
2021-06-14 10:18:57,34685.3,0
2021-06-14 10:18:58,34683.1,0
2021-06-14 10:18:59,34682.45,0
2021-06-14 10:19:00,34678.85,0
2021-06-14 10:19:01,34680.65,0
2021-06-14 10:19:02,34678.35,0
2021-06-14 10:19:03,34683.4,0
2021-06-14 10:19:04,34680.4,0
2021-06-14 10:19:05,34685.75,0
2021-06-14 10:19:06,34683.2,0
2021-06-14 10:19:08,34683.5,0
2021-06-14 10:19:09,34674.5,0
2021-06-14 10:19:11,34675.35,0
2021-06-14 10:19:12,34676.0,0
2021-06-14 10:19:13,34679.65,0
2021-06-14 10:19:14,34678.9,0
2021-06-14 10:19:15,34680.2,0
2021-06-14 10:19:16,34676.4,0
2021-06-14 10:19:18,34673.65,0
2021-06-14 10:19:19,34675.65,0
2021-06-14 10:19:20,34679.45,0
2021-06-14 10:19:21,34679.2,0
2021-06-14 10:19:22,34677.9,0
2021-06-14 10:19:23,34678.25,0
2021-06-14 10:19:24,34665.9,0
2021-06-14 10:19:25,34670.5,0
2021-06-14 10:19:26,34665.9,0
2021-06-14 10:19:27,34668.0,0
2021-06-14 10:19:28,34670.1,0
2021-06-14 10:19:29,34661.6,0
2021-06-14 10:19:30,34665.5,0
2021-06-14 10:19:31,34665.35,0
2021-06-14 10:19:32,34665.0,0
2021-06-14 10:19:33,34663.2,0
2021-06-14 10:19:34,34663.75,0
2021-06-14 10:19:35,34663.95,0
2021-06-14 10:19:36,34664.6,0
2021-06-14 10:19:37,34666.15,0
2021-06-14 10:19:38,34667.8,0
2021-06-14 10:19:39,34668.4,0
2021-06-14 10:19:40,34674.7,0
2021-06-14 10:19:41,34675.6,0
2021-06-14 10:19:42,34670.9,0
2021-06-14 10:19:43,34677.1,0
2021-06-14 10:19:44,34671.85,0
2021-06-14 10:19:45,34670.2,0
2021-06-14 10:19:46,34673.85,0
2021-06-14 10:19:47,34677.1,0
2021-06-14 10:19:48,34674.75,0
2021-06-14 10:19:49,34678.35,0
2021-06-14 10:19:50,34677.95,0
2021-06-14 10:19:53,34677.7,0
2021-06-14 10:19:54,34677.75,0
2021-06-14 10:19:55,34680.4,0
2021-06-14 10:19:56,34676.6,0
2021-06-14 10:19:57,34673.6,0
2021-06-14 10:19:58,34676.4,0
2021-06-14 10:19:59,34673.25,0
2021-06-14 10:20:00,34673.05,0
2021-06-14 10:20:01,34675.4,0
2021-06-14 10:20:02,34675.8,0
2021-06-14 10:20:04,34676.0,0
2021-06-14 10:20:05,34676.8,0
2021-06-14 10:20:06,34674.45,0
2021-06-14 10:20:07,34675.15,0
2021-06-14 10:20:09,34676.1,0
2021-06-14 10:20:10,34674.9,0
2021-06-14 10:20:11,34674.0,0
2021-06-14 10:20:12,34678.0,0
2021-06-14 10:20:13,34674.55,0
2021-06-14 10:20:14,34675.5,0
2021-06-14 10:20:15,34678.55,0
2021-06-14 10:20:16,34678.8,0
2021-06-14 10:20:17,34681.45,0
2021-06-14 10:20:18,34679.15,0
2021-06-14 10:20:19,34682.6,0
2021-06-14 10:20:20,34685.1,0
2021-06-14 10:20:21,34684.9,0
2021-06-14 10:20:22,34687.35,0
2021-06-14 10:20:23,34690.2,0
2021-06-14 10:20:24,34689.95,0
2021-06-14 10:20:25,34689.6,0
2021-06-14 10:20:26,34692.3,0
2021-06-14 10:20:28,34689.9,0
2021-06-14 10:20:29,34690.5,0
2021-06-14 10:20:30,34692.1,0
2021-06-14 10:20:31,34691.4,0
2021-06-14 10:20:33,34689.95,0
2021-06-14 10:20:34,34686.15,0
2021-06-14 10:20:35,34685.8,0
2021-06-14 10:20:36,34689.4,0
2021-06-14 10:20:37,34689.6,0
2021-06-14 10:20:38,34687.95,0
2021-06-14 10:20:41,34688.3,0
2021-06-14 10:20:42,34685.3,0
2021-06-14 10:20:43,34687.25,0
2021-06-14 10:20:44,34687.7,0
2021-06-14 10:20:45,34686.7,0
2021-06-14 10:20:47,34686.6,0
2021-06-14 10:20:48,34686.55,0
2021-06-14 10:20:49,34686.95,0
2021-06-14 10:20:50,34686.55,0
2021-06-14 10:20:51,34684.1,0
2021-06-14 10:20:52,34687.5,0
2021-06-14 10:20:53,34685.1,0
2021-06-14 10:20:54,34686.1,0
2021-06-14 10:20:55,34687.2,0
2021-06-14 10:20:57,34685.15,0
2021-06-14 10:20:58,34687.95,0
2021-06-14 10:20:59,34690.35,0
2021-06-14 10:21:00,34686.65,0
2021-06-14 10:21:01,34689.75,0
2021-06-14 10:21:02,34687.35,0
