timestamp,ltp,volume
2021-06-16 09:15:40,16640.95,0
2021-06-16 09:15:58,16643.8,0
2021-06-16 09:16:00,16645.9,0
2021-06-16 09:16:01,16643.5,0
2021-06-16 09:16:04,16637.65,0
2021-06-16 09:16:16,16641.0,0
2021-06-16 09:16:17,16640.0,0
2021-06-16 09:16:18,16640.3,0
2021-06-16 09:16:28,16643.7,0
2021-06-16 09:16:31,16646.0,0
2021-06-16 09:16:33,16647.55,0
2021-06-16 09:16:38,16650.1,0
2021-06-16 09:16:45,16648.7,0
2021-06-16 09:16:48,16647.5,0
2021-06-16 09:16:52,16642.45,0
2021-06-16 09:16:55,16640.75,0
2021-06-16 09:16:57,16639.2,0
2021-06-16 09:17:06,16635.4,0
2021-06-16 09:17:11,16634.65,0
2021-06-16 09:17:18,16636.1,0
2021-06-16 09:17:23,16633.9,0
2021-06-16 09:17:27,16630.8,0
2021-06-16 09:17:30,16632.55,0
2021-06-16 09:17:31,16631.75,0
2021-06-16 09:17:35,16633.7,0
2021-06-16 09:17:36,16631.4,0
2021-06-16 09:17:39,16632.55,0
2021-06-16 09:17:46,16635.8,0
2021-06-16 09:17:48,16636.55,0
2021-06-16 09:17:52,16633.25,0
2021-06-16 09:17:53,16632.0,0
2021-06-16 09:17:55,16633.2,0
2021-06-16 09:17:56,16631.25,0
2021-06-16 09:17:59,16632.2,0
2021-06-16 09:18:01,16629.65,0
2021-06-16 09:18:03,16631.9,0
2021-06-16 09:18:04,16630.6,0
2021-06-16 09:18:05,16631.6,0
2021-06-16 09:18:07,16630.85,0
2021-06-16 09:18:09,16631.95,0
2021-06-16 09:18:11,16631.35,0
2021-06-16 09:18:13,16631.5,0
2021-06-16 09:18:14,16630.75,0
2021-06-16 09:18:16,16631.0,0
2021-06-16 09:18:18,16632.8,0
2021-06-16 09:18:25,16634.9,0
2021-06-16 09:18:26,16635.45,0
2021-06-16 09:18:28,16636.25,0
2021-06-16 09:18:31,16635.1,0
2021-06-16 09:18:38,16638.75,0
2021-06-16 09:18:47,16637.55,0
2021-06-16 09:18:48,16636.95,0
2021-06-16 09:18:49,16636.5,0
2021-06-16 09:18:50,16636.55,0
2021-06-16 09:18:56,16638.35,0
2021-06-16 09:18:58,16638.4,0
2021-06-16 09:19:01,16643.3,0
2021-06-16 09:19:04,16646.7,0
2021-06-16 09:19:05,16645.0,0
2021-06-16 09:19:06,16646.0,0
2021-06-16 09:19:09,16647.55,0
2021-06-16 09:19:11,16651.1,0
2021-06-16 09:19:13,16648.55,0
2021-06-16 09:19:16,16649.95,0
2021-06-16 09:19:17,16648.0,0
2021-06-16 09:19:20,16647.75,0
2021-06-16 09:19:21,16648.4,0
2021-06-16 09:19:29,16647.25,0
2021-06-16 09:19:30,16638.8,0
2021-06-16 09:19:39,16633.35,0
2021-06-16 09:19:40,16634.05,0
2021-06-16 09:19:41,16633.6,0
2021-06-16 09:19:46,16632.95,0
2021-06-16 09:19:49,16631.6,0
2021-06-16 09:19:52,16631.7,0
2021-06-16 09:20:06,16627.15,0
2021-06-16 09:20:12,16635.25,0
2021-06-16 09:20:16,16634.9,0
2021-06-16 09:20:37,16633.85,0
2021-06-16 09:20:57,16636.15,0
2021-06-16 09:20:58,16634.8,0
2021-06-16 09:21:01,16641.0,0
2021-06-16 09:21:02,16642.65,0
2021-06-16 09:21:07,16640.45,0
2021-06-16 09:21:08,16641.25,0
2021-06-16 09:21:11,16643.7,0
2021-06-16 09:21:20,16643.65,0
2021-06-16 09:21:24,16642.45,0
2021-06-16 09:21:30,16640.65,0
2021-06-16 09:21:32,16642.5,0
2021-06-16 09:21:35,16640.45,0
2021-06-16 09:21:39,16640.05,0
2021-06-16 09:21:41,16639.45,0
2021-06-16 09:21:44,16640.3,0
2021-06-16 09:21:49,16639.1,0
2021-06-16 09:21:53,16639.75,0
2021-06-16 09:21:56,16639.2,0
2021-06-16 09:21:58,16641.8,0
2021-06-16 09:21:59,16642.3,0
2021-06-16 09:22:03,16642.2,0
2021-06-16 09:22:07,16645.5,0
2021-06-16 09:22:13,16648.6,0
2021-06-16 09:22:15,16648.0,0
2021-06-16 09:22:17,16648.85,0
2021-06-16 09:22:20,16650.85,0
2021-06-16 09:22:22,16650.75,0
2021-06-16 09:22:26,16650.35,0
2021-06-16 09:22:32,16647.75,0
2021-06-16 09:22:33,16648.95,0
2021-06-16 09:22:37,16649.2,0
2021-06-16 09:22:39,16648.95,0
2021-06-16 09:22:40,16649.8,0
2021-06-16 09:22:46,16650.7,0
2021-06-16 09:22:47,16649.55,0
2021-06-16 09:22:52,16648.35,0
2021-06-16 09:22:54,16649.6,0
2021-06-16 09:23:08,16652.45,0
2021-06-16 09:23:11,16653.95,0
2021-06-16 09:23:16,16653.3,0
2021-06-16 09:23:24,16657.0,0
2021-06-16 09:23:26,16659.45,0
2021-06-16 09:23:37,16668.55,0
2021-06-16 09:23:45,16672.0,0
2021-06-16 09:23:53,16672.05,0
2021-06-16 09:23:56,16672.3,0
2021-06-16 09:24:00,16672.45,0
2021-06-16 09:24:13,16672.35,0
2021-06-16 09:24:17,16672.3,0
2021-06-16 09:24:19,16671.0,0
2021-06-16 09:24:21,16670.35,0
2021-06-16 09:24:22,16673.0,0
2021-06-16 09:24:23,16673.1,0
2021-06-16 09:24:30,16674.6,0
2021-06-16 09:24:31,16674.1,0
2021-06-16 09:24:34,16675.75,0
2021-06-16 09:24:38,16682.1,0
2021-06-16 09:24:42,16682.45,0
2021-06-16 09:24:46,16693.55,0
2021-06-16 09:24:47,16693.75,0
2021-06-16 09:24:48,16690.2,0
2021-06-16 09:24:57,16691.5,0
2021-06-16 09:24:59,16692.6,0
2021-06-16 09:25:01,16691.9,0
2021-06-16 09:25:03,16689.05,0
2021-06-16 09:25:05,16690.15,0
2021-06-16 09:25:10,16687.15,0
2021-06-16 09:25:19,16689.05,0
2021-06-16 09:25:23,16688.2,0
2021-06-16 09:25:25,16691.55,0
2021-06-16 09:25:33,16693.5,0
2021-06-16 09:25:37,16695.6,0
2021-06-16 09:25:39,16695.1,0
2021-06-16 09:25:47,16694.5,0
2021-06-16 09:25:50,16688.7,0
2021-06-16 09:25:56,16686.45,0
2021-06-16 09:25:59,16686.9,0
2021-06-16 09:26:12,16690.8,0
2021-06-16 09:26:22,16686.8,0
2021-06-16 09:26:24,16686.35,0
2021-06-16 09:26:27,16686.1,0
2021-06-16 09:26:32,16686.2,0
2021-06-16 09:26:36,16687.45,0
2021-06-16 09:26:42,16687.5,0
2021-06-16 09:26:50,16686.0,0
2021-06-16 09:26:51,16686.05,0
2021-06-16 09:27:04,16682.75,0
2021-06-16 09:27:05,16682.15,0
2021-06-16 09:27:07,16682.85,0
2021-06-16 09:27:09,16681.6,0
2021-06-16 09:27:20,16679.5,0
2021-06-16 09:27:26,16680.95,0
2021-06-16 09:27:27,16680.65,0
2021-06-16 09:27:32,16680.85,0
2021-06-16 09:27:38,16679.85,0
2021-06-16 09:27:41,16680.45,0
2021-06-16 09:27:47,16680.35,0
2021-06-16 09:27:48,16678.2,0
2021-06-16 09:28:02,16675.05,0
2021-06-16 09:28:05,16672.55,0
2021-06-16 09:28:06,16672.15,0
2021-06-16 09:28:10,16669.1,0
2021-06-16 09:28:11,16672.05,0
2021-06-16 09:28:15,16673.3,0
2021-06-16 09:28:16,16673.05,0
2021-06-16 09:28:39,16669.9,0
2021-06-16 09:28:42,16673.45,0
2021-06-16 09:28:47,16673.5,0
2021-06-16 09:28:50,16672.5,0
2021-06-16 09:28:51,16670.55,0
2021-06-16 09:28:59,16672.85,0
2021-06-16 09:29:02,16673.5,0
2021-06-16 09:29:03,16672.8,0
2021-06-16 09:29:07,16676.3,0
2021-06-16 09:29:16,16679.15,0
2021-06-16 09:29:21,16681.1,0
2021-06-16 09:29:32,16686.2,0
2021-06-16 09:29:33,16687.0,0
2021-06-16 09:29:44,16682.35,0
2021-06-16 09:29:52,16679.7,0
2021-06-16 09:30:01,16678.8,0
2021-06-16 09:30:14,16681.45,0
2021-06-16 09:30:19,16681.35,0
2021-06-16 09:30:22,16682.1,0
2021-06-16 09:30:27,16684.7,0
2021-06-16 09:30:30,16686.75,0
2021-06-16 09:30:35,16687.2,0
2021-06-16 09:30:42,16690.35,0
2021-06-16 09:31:02,16697.05,0
2021-06-16 09:31:04,16697.35,0
2021-06-16 09:31:05,16698.55,0
2021-06-16 09:31:07,16695.65,0
2021-06-16 09:31:09,16695.7,0
2021-06-16 09:31:13,16693.8,0
2021-06-16 09:31:20,16694.9,0
2021-06-16 09:31:22,16694.15,0
2021-06-16 09:31:24,16694.2,0
2021-06-16 09:31:26,16693.95,0
2021-06-16 09:31:27,16693.95,0
2021-06-16 09:31:37,16691.45,0
2021-06-16 09:31:39,16690.15,0
2021-06-16 09:31:40,16689.95,0
2021-06-16 09:31:44,16684.3,0
2021-06-16 09:31:45,16684.65,0
2021-06-16 09:31:53,16685.9,0
2021-06-16 09:31:57,16686.35,0
2021-06-16 09:32:04,16686.7,0
2021-06-16 09:32:16,16685.35,0
2021-06-16 09:32:17,16685.15,0
2021-06-16 09:32:19,16686.3,0
2021-06-16 09:32:24,16685.5,0
2021-06-16 09:32:25,16686.15,0
2021-06-16 09:32:26,16686.15,0
2021-06-16 09:32:54,16689.95,0
2021-06-16 09:32:56,16688.75,0
2021-06-16 09:32:59,16689.95,0
2021-06-16 09:33:01,16690.9,0
2021-06-16 09:33:05,16691.9,0
2021-06-16 09:33:07,16691.15,0
2021-06-16 09:33:10,16690.85,0
2021-06-16 09:33:15,16692.0,0
2021-06-16 09:33:21,16693.95,0
2021-06-16 09:33:22,16694.35,0
2021-06-16 09:33:26,16694.5,0
2021-06-16 09:33:36,16698.15,0
2021-06-16 09:33:42,16699.75,0
2021-06-16 09:33:43,16699.7,0
2021-06-16 09:33:47,16701.45,0
2021-06-16 09:33:49,16702.0,0
2021-06-16 09:33:52,16702.75,0
2021-06-16 09:33:56,16702.5,0
2021-06-16 09:33:57,16703.1,0
2021-06-16 09:33:58,16703.7,0
2021-06-16 09:33:59,16703.35,0
2021-06-16 09:34:01,16702.25,0
2021-06-16 09:34:02,16703.5,0
2021-06-16 09:34:06,16705.25,0
2021-06-16 09:34:09,16705.4,0
2021-06-16 09:34:10,16705.15,0
2021-06-16 09:34:12,16706.55,0
2021-06-16 09:34:19,16707.9,0
2021-06-16 09:34:21,16709.35,0
2021-06-16 09:34:39,16708.85,0
2021-06-16 09:34:41,16708.95,0
2021-06-16 09:34:45,16708.9,0
2021-06-16 09:34:47,16709.4,0
2021-06-16 09:34:55,16708.25,0
2021-06-16 09:35:03,16707.75,0
2021-06-16 09:35:05,16707.0,0
2021-06-16 09:35:08,16707.55,0
2021-06-16 09:35:10,16708.85,0
2021-06-16 09:35:11,16709.55,0
2021-06-16 09:35:16,16710.0,0
2021-06-16 09:35:21,16710.7,0
2021-06-16 09:35:22,16709.35,0
2021-06-16 09:35:23,16708.15,0
2021-06-16 09:35:27,16704.75,0
2021-06-16 09:35:34,16701.5,0
2021-06-16 09:35:36,16702.1,0
2021-06-16 09:35:41,16701.0,0
2021-06-16 09:35:42,16700.5,0
2021-06-16 09:35:46,16704.0,0
2021-06-16 09:35:48,16706.4,0
2021-06-16 09:35:50,16704.45,0
2021-06-16 09:35:51,16704.2,0
2021-06-16 09:35:53,16705.4,0
2021-06-16 09:35:54,16705.2,0
2021-06-16 09:35:57,16705.3,0
2021-06-16 09:36:11,16707.9,0
2021-06-16 09:36:13,16709.5,0
2021-06-16 09:36:16,16710.1,0
2021-06-16 09:36:35,16709.4,0
2021-06-16 09:36:36,16709.85,0
2021-06-16 09:36:43,16709.05,0
2021-06-16 09:36:46,16709.15,0
2021-06-16 09:36:59,16708.6,0
2021-06-16 09:37:00,16707.6,0
2021-06-16 09:37:04,16706.5,0
2021-06-16 09:37:08,16707.05,0
2021-06-16 09:37:16,16705.0,0
2021-06-16 09:37:18,16705.05,0
2021-06-16 09:37:23,16706.55,0
2021-06-16 09:37:24,16705.7,0
2021-06-16 09:37:25,16706.6,0
2021-06-16 09:37:30,16704.4,0
2021-06-16 09:37:33,16705.05,0
2021-06-16 09:37:39,16703.2,0
2021-06-16 09:37:44,16704.6,0
2021-06-16 09:37:46,16705.85,0
2021-06-16 09:37:56,16707.4,0
2021-06-16 09:37:57,16708.0,0
2021-06-16 09:38:02,16709.05,0
2021-06-16 09:38:11,16704.7,0
2021-06-16 09:38:14,16705.75,0
2021-06-16 09:38:23,16704.4,0
2021-06-16 09:38:26,16704.25,0
2021-06-16 09:38:47,16704.7,0
2021-06-16 09:38:49,16704.6,0
2021-06-16 09:38:51,16703.5,0
2021-06-16 09:38:53,16703.4,0
2021-06-16 09:38:57,16704.15,0
2021-06-16 09:39:01,16705.2,0
2021-06-16 09:39:03,16704.8,0
2021-06-16 09:39:10,16705.6,0
2021-06-16 09:39:14,16701.55,0
2021-06-16 09:39:15,16702.65,0
2021-06-16 09:39:21,16700.25,0
2021-06-16 09:39:26,16697.55,0
2021-06-16 09:39:27,16696.8,0
2021-06-16 09:39:31,16695.4,0
2021-06-16 09:39:33,16696.2,0
2021-06-16 09:39:36,16697.05,0
2021-06-16 09:39:48,16696.6,0
2021-06-16 09:39:49,16696.0,0
2021-06-16 09:40:05,16692.15,0
2021-06-16 09:40:11,16693.95,0
2021-06-16 09:40:15,16695.05,0
2021-06-16 09:40:16,16694.65,0
2021-06-16 09:40:22,16693.8,0
2021-06-16 09:40:23,16694.35,0
2021-06-16 09:40:28,16694.35,0
2021-06-16 09:40:30,16694.2,0
2021-06-16 09:40:32,16694.05,0
2021-06-16 09:40:37,16693.2,0
2021-06-16 09:40:39,16691.5,0
2021-06-16 09:40:40,16691.3,0
2021-06-16 09:40:49,16692.2,0
2021-06-16 09:41:00,16690.4,0
2021-06-16 09:41:03,16690.3,0
2021-06-16 09:41:04,16690.8,0
2021-06-16 09:41:07,16690.6,0
2021-06-16 09:41:08,16690.55,0
2021-06-16 09:41:10,16690.8,0
2021-06-16 09:41:12,16689.95,0
2021-06-16 09:41:21,16689.6,0
2021-06-16 09:41:31,16689.75,0
2021-06-16 09:41:32,16689.75,0
2021-06-16 09:41:34,16689.15,0
2021-06-16 09:41:38,16689.35,0
2021-06-16 09:41:40,16690.05,0
2021-06-16 09:41:44,16689.45,0
2021-06-16 09:41:48,16688.8,0
2021-06-16 09:41:50,16686.7,0
2021-06-16 09:41:51,16686.55,0
2021-06-16 09:41:53,16688.7,0
2021-06-16 09:41:55,16687.45,0
2021-06-16 09:42:03,16688.8,0
2021-06-16 09:42:13,16690.05,0
2021-06-16 09:42:14,16688.35,0
2021-06-16 09:42:18,16688.9,0
2021-06-16 09:42:19,16690.25,0
2021-06-16 09:42:20,16690.0,0
2021-06-16 09:42:25,16692.3,0
2021-06-16 09:42:27,16692.9,0
2021-06-16 09:42:28,16694.0,0
2021-06-16 09:42:29,16692.7,0
2021-06-16 09:42:31,16694.2,0
2021-06-16 09:42:33,16693.1,0
2021-06-16 09:42:39,16695.05,0
2021-06-16 09:42:45,16695.25,0
2021-06-16 09:42:48,16695.7,0
2021-06-16 09:42:54,16692.95,0
2021-06-16 09:42:57,16690.6,0
2021-06-16 09:43:07,16690.9,0
2021-06-16 09:43:09,16690.25,0
2021-06-16 09:43:10,16690.2,0
2021-06-16 09:43:11,16690.35,0
2021-06-16 09:43:13,16691.25,0
2021-06-16 09:43:17,16691.6,0
2021-06-16 09:43:19,16691.0,0
2021-06-16 09:43:27,16691.1,0
2021-06-16 09:43:30,16691.95,0
2021-06-16 09:43:34,16692.6,0
2021-06-16 09:43:35,16692.85,0
2021-06-16 09:43:39,16693.0,0
2021-06-16 09:43:41,16692.15,0
2021-06-16 09:43:49,16691.6,0
2021-06-16 09:43:50,16689.2,0
2021-06-16 09:43:57,16686.7,0
2021-06-16 09:43:58,16686.55,0
2021-06-16 09:43:59,16686.95,0
2021-06-16 09:44:01,16688.05,0
2021-06-16 09:44:08,16687.15,0
2021-06-16 09:44:09,16688.0,0
2021-06-16 09:44:10,16684.8,0
2021-06-16 09:44:12,16686.55,0
2021-06-16 09:44:15,16684.25,0
2021-06-16 09:44:18,16686.5,0
2021-06-16 09:44:19,16687.35,0
2021-06-16 09:44:20,16687.6,0
2021-06-16 09:44:21,16687.6,0
2021-06-16 09:44:24,16686.45,0
2021-06-16 09:44:26,16686.5,0
2021-06-16 09:44:28,16687.55,0
2021-06-16 09:44:33,16685.55,0
2021-06-16 09:44:36,16685.55,0
2021-06-16 09:44:42,16686.35,0
2021-06-16 09:44:43,16686.55,0
2021-06-16 09:44:46,16684.55,0
2021-06-16 09:44:57,16683.8,0
2021-06-16 09:45:02,16683.7,0
2021-06-16 09:45:04,16683.05,0
2021-06-16 09:45:07,16682.1,0
2021-06-16 09:45:08,16683.1,0
2021-06-16 09:45:13,16682.5,0
2021-06-16 09:45:14,16683.55,0
2021-06-16 09:45:20,16688.15,0
2021-06-16 09:45:21,16688.5,0
2021-06-16 09:45:24,16688.3,0
2021-06-16 09:45:32,16690.75,0
2021-06-16 09:45:40,16689.7,0
2021-06-16 09:45:46,16691.5,0
2021-06-16 09:45:47,16690.4,0
2021-06-16 09:46:10,16689.2,0
2021-06-16 09:46:15,16687.8,0
2021-06-16 09:46:18,16686.1,0
2021-06-16 09:46:19,16684.2,0
2021-06-16 09:46:20,16682.65,0
2021-06-16 09:46:21,16685.1,0
2021-06-16 09:46:22,16684.15,0
2021-06-16 09:46:29,16680.85,0
2021-06-16 09:46:38,16678.75,0
2021-06-16 09:46:41,16676.75,0
2021-06-16 09:46:42,16677.0,0
2021-06-16 09:46:45,16674.85,0
2021-06-16 09:46:48,16675.95,0
2021-06-16 09:46:54,16673.65,0
2021-06-16 09:46:57,16674.05,0
2021-06-16 09:47:01,16672.3,0
2021-06-16 09:47:16,16669.15,0
2021-06-16 09:47:20,16667.4,0
2021-06-16 09:47:24,16669.3,0
2021-06-16 09:47:25,16667.3,0
2021-06-16 09:47:26,16669.15,0
2021-06-16 09:47:39,16667.65,0
2021-06-16 09:47:42,16667.15,0
2021-06-16 09:47:44,16666.3,0
2021-06-16 09:47:46,16667.15,0
2021-06-16 09:47:51,16663.95,0
2021-06-16 09:47:55,16661.45,0
2021-06-16 09:47:56,16660.55,0
2021-06-16 09:48:01,16660.1,0
2021-06-16 09:48:07,16662.6,0
2021-06-16 09:48:08,16664.0,0
2021-06-16 09:48:13,16663.2,0
2021-06-16 09:48:26,16658.85,0
2021-06-16 09:48:27,16657.05,0
2021-06-16 09:48:34,16655.55,0
2021-06-16 09:48:38,16655.95,0
2021-06-16 09:48:39,16656.2,0
2021-06-16 09:48:41,16656.35,0
2021-06-16 09:48:44,16653.9,0
2021-06-16 09:48:45,16652.35,0
2021-06-16 09:48:53,16650.6,0
2021-06-16 09:48:54,16652.3,0
2021-06-16 09:48:56,16653.6,0
2021-06-16 09:49:04,16654.0,0
2021-06-16 09:49:06,16653.25,0
2021-06-16 09:49:09,16654.1,0
2021-06-16 09:49:14,16653.75,0
2021-06-16 09:49:18,16652.7,0
2021-06-16 09:49:33,16658.75,0
2021-06-16 09:49:35,16656.05,0
2021-06-16 09:49:39,16656.35,0
2021-06-16 09:49:40,16656.5,0
2021-06-16 09:49:42,16656.25,0
2021-06-16 09:49:47,16656.0,0
2021-06-16 09:49:49,16657.15,0
2021-06-16 09:49:52,16656.5,0
2021-06-16 09:49:58,16651.8,0
2021-06-16 09:50:03,16652.5,0
2021-06-16 09:50:04,16656.55,0
2021-06-16 09:50:19,16662.65,0
2021-06-16 09:50:21,16662.55,0
2021-06-16 09:50:22,16662.35,0
2021-06-16 09:50:30,16663.4,0
2021-06-16 09:50:32,16664.05,0
2021-06-16 09:50:34,16662.55,0
2021-06-16 09:50:36,16663.5,0
2021-06-16 09:50:43,16661.0,0
2021-06-16 09:51:00,16658.85,0
2021-06-16 09:51:08,16658.55,0
2021-06-16 09:51:09,16659.05,0
2021-06-16 09:51:18,16659.5,0
2021-06-16 09:51:20,16659.1,0
2021-06-16 09:51:21,16659.0,0
2021-06-16 09:51:22,16658.65,0
2021-06-16 09:51:23,16661.95,0
2021-06-16 09:51:24,16658.65,0
2021-06-16 09:51:31,16661.75,0
2021-06-16 09:51:35,16663.7,0
2021-06-16 09:51:37,16663.45,0
2021-06-16 09:51:39,16663.6,0
2021-06-16 09:51:43,16661.55,0
2021-06-16 09:51:44,16661.55,0
2021-06-16 09:51:51,16660.95,0
2021-06-16 09:51:54,16660.35,0
2021-06-16 09:52:02,16658.95,0
2021-06-16 09:52:04,16656.75,0
2021-06-16 09:52:07,16658.05,0
2021-06-16 09:52:10,16658.25,0
2021-06-16 09:52:11,16658.0,0
2021-06-16 09:52:14,16656.5,0
2021-06-16 09:52:25,16655.85,0
2021-06-16 09:52:26,16655.85,0
2021-06-16 09:52:32,16656.5,0
2021-06-16 09:52:36,16656.15,0
2021-06-16 09:52:37,16656.35,0
2021-06-16 09:52:38,16657.0,0
2021-06-16 09:52:40,16659.0,0
2021-06-16 09:52:42,16659.95,0
2021-06-16 09:52:50,16659.6,0
2021-06-16 09:52:52,16659.65,0
2021-06-16 09:52:58,16658.9,0
2021-06-16 09:53:04,16658.75,0
2021-06-16 09:53:08,16658.85,0
2021-06-16 09:53:15,16660.3,0
2021-06-16 09:53:18,16661.0,0
2021-06-16 09:53:23,16664.5,0
2021-06-16 09:53:28,16666.15,0
2021-06-16 09:53:31,16664.8,0
2021-06-16 09:53:33,16667.1,0
2021-06-16 09:53:36,16668.2,0
2021-06-16 09:53:43,16669.7,0
2021-06-16 09:53:44,16668.05,0
2021-06-16 09:53:50,16664.95,0
2021-06-16 09:53:51,16665.25,0
2021-06-16 09:53:52,16665.45,0
2021-06-16 09:53:53,16665.95,0
2021-06-16 09:54:00,16667.35,0
2021-06-16 09:54:05,16666.8,0
2021-06-16 09:54:11,16666.85,0
2021-06-16 09:54:12,16667.4,0
2021-06-16 09:54:27,16666.7,0
2021-06-16 09:54:29,16665.7,0
2021-06-16 09:54:35,16664.75,0
2021-06-16 09:54:40,16662.55,0
2021-06-16 09:54:41,16662.85,0
2021-06-16 09:54:42,16663.95,0
2021-06-16 09:54:46,16662.2,0
2021-06-16 09:54:48,16662.15,0
2021-06-16 09:54:49,16662.45,0
2021-06-16 09:54:55,16662.1,0
2021-06-16 09:54:57,16663.35,0
2021-06-16 09:55:10,16662.7,0
2021-06-16 09:55:11,16664.55,0
2021-06-16 09:55:13,16663.6,0
2021-06-16 09:55:16,16664.9,0
2021-06-16 09:55:20,16665.7,0
2021-06-16 09:55:38,16666.7,0
2021-06-16 09:55:44,16665.25,0
2021-06-16 09:55:51,16665.35,0
2021-06-16 09:55:52,16666.75,0
2021-06-16 09:55:56,16666.1,0
2021-06-16 09:55:57,16666.8,0
2021-06-16 09:56:02,16665.05,0
2021-06-16 09:56:14,16664.7,0
2021-06-16 09:56:22,16664.6,0
2021-06-16 09:56:30,16665.4,0
2021-06-16 09:56:33,16665.4,0
2021-06-16 09:56:46,16666.55,0
2021-06-16 09:56:49,16665.85,0
2021-06-16 09:56:54,16665.3,0
2021-06-16 09:57:07,16664.3,0
2021-06-16 09:57:11,16662.2,0
2021-06-16 09:57:13,16662.65,0
2021-06-16 09:57:16,16661.7,0
2021-06-16 09:57:17,16661.2,0
2021-06-16 09:57:20,16661.3,0
2021-06-16 09:57:21,16661.15,0
2021-06-16 09:57:25,16660.85,0
2021-06-16 09:57:31,16660.55,0
2021-06-16 09:57:34,16659.6,0
2021-06-16 09:57:41,16659.9,0
2021-06-16 09:57:43,16659.7,0
2021-06-16 09:57:49,16657.1,0
2021-06-16 09:57:51,16655.35,0
2021-06-16 09:58:01,16654.85,0
2021-06-16 09:58:04,16652.9,0
2021-06-16 09:58:08,16653.05,0
2021-06-16 09:58:10,16653.7,0
2021-06-16 09:58:12,16652.95,0
2021-06-16 09:58:16,16653.85,0
2021-06-16 09:58:21,16655.8,0
2021-06-16 09:58:23,16656.0,0
2021-06-16 09:58:24,16655.65,0
2021-06-16 09:58:28,16656.25,0
2021-06-16 09:58:29,16655.55,0
2021-06-16 09:58:30,16656.85,0
2021-06-16 09:58:32,16656.65,0
2021-06-16 09:58:33,16657.85,0
2021-06-16 09:58:39,16662.0,0
2021-06-16 09:58:42,16662.0,0
2021-06-16 09:58:46,16661.7,0
2021-06-16 09:58:47,16662.05,0
2021-06-16 09:58:50,16660.35,0
2021-06-16 09:58:51,16659.85,0
2021-06-16 09:59:00,16657.8,0
2021-06-16 09:59:01,16657.2,0
2021-06-16 09:59:04,16653.75,0
2021-06-16 09:59:14,16656.7,0
2021-06-16 09:59:15,16656.65,0
2021-06-16 09:59:18,16655.95,0
2021-06-16 09:59:23,16655.25,0
2021-06-16 09:59:33,16655.4,0
2021-06-16 09:59:36,16654.45,0
2021-06-16 09:59:37,16654.25,0
2021-06-16 09:59:38,16654.55,0
2021-06-16 09:59:42,16656.75,0
2021-06-16 09:59:52,16655.5,0
2021-06-16 09:59:53,16653.35,0
2021-06-16 09:59:55,16653.65,0
2021-06-16 10:00:01,16653.1,0
2021-06-16 10:00:08,16652.35,0
2021-06-16 10:00:09,16653.05,0
2021-06-16 10:00:29,16658.3,0
2021-06-16 10:00:30,16658.15,0
2021-06-16 10:00:35,16657.7,0
2021-06-16 10:00:36,16658.0,0
2021-06-16 10:00:52,16658.6,0
2021-06-16 10:00:54,16656.25,0
2021-06-16 10:00:55,16656.7,0
2021-06-16 10:01:01,16658.65,0
2021-06-16 10:01:03,16658.55,0
2021-06-16 10:01:04,16657.6,0
2021-06-16 10:01:05,16657.05,0
2021-06-16 10:01:08,16656.7,0
2021-06-16 10:01:09,16656.85,0
2021-06-16 10:01:10,16655.6,0
2021-06-16 10:01:12,16656.5,0
2021-06-16 10:01:21,16654.5,0
2021-06-16 10:01:23,16655.8,0
2021-06-16 10:01:29,16656.05,0
2021-06-16 10:01:30,16655.95,0
2021-06-16 10:01:33,16655.6,0
2021-06-16 10:01:37,16656.35,0
2021-06-16 10:01:44,16658.65,0
2021-06-16 10:01:47,16658.35,0
2021-06-16 10:01:48,16659.45,0
2021-06-16 10:01:49,16659.1,0
2021-06-16 10:01:51,16658.95,0
2021-06-16 10:01:54,16659.25,0
2021-06-16 10:01:55,16659.5,0
2021-06-16 10:01:57,16659.65,0
2021-06-16 10:01:58,16659.7,0
2021-06-16 10:02:01,16660.65,0
2021-06-16 10:02:02,16661.6,0
2021-06-16 10:02:08,16661.45,0
2021-06-16 10:02:09,16661.45,0
2021-06-16 10:02:19,16664.35,0
2021-06-16 10:02:22,16663.5,0
2021-06-16 10:02:25,16664.5,0
2021-06-16 10:02:27,16664.8,0
2021-06-16 10:02:32,16663.55,0
2021-06-16 10:02:33,16664.6,0
2021-06-16 10:02:34,16664.25,0
2021-06-16 10:02:51,16663.8,0
2021-06-16 10:02:53,16665.0,0
2021-06-16 10:02:55,16665.25,0
2021-06-16 10:02:57,16664.55,0
2021-06-16 10:02:58,16664.25,0
2021-06-16 10:02:59,16664.65,0
2021-06-16 10:03:06,16664.8,0
2021-06-16 10:03:07,16665.7,0
2021-06-16 10:03:09,16668.5,0
2021-06-16 10:03:12,16666.6,0
2021-06-16 10:03:23,16668.2,0
2021-06-16 10:03:26,16666.2,0
2021-06-16 10:03:30,16666.1,0
2021-06-16 10:03:31,16664.95,0
2021-06-16 10:03:35,16664.25,0
2021-06-16 10:03:47,16664.15,0
2021-06-16 10:03:48,16661.4,0
2021-06-16 10:03:50,16661.8,0
2021-06-16 10:03:51,16660.95,0
2021-06-16 10:03:52,16660.35,0
2021-06-16 10:03:55,16659.25,0
2021-06-16 10:03:56,16656.8,0
2021-06-16 10:03:58,16652.85,0
2021-06-16 10:04:04,16653.3,0
2021-06-16 10:04:13,16654.45,0
2021-06-16 10:04:14,16653.6,0
2021-06-16 10:04:18,16653.2,0
2021-06-16 10:04:19,16653.15,0
2021-06-16 10:04:36,16652.4,0
2021-06-16 10:04:39,16651.55,0
2021-06-16 10:04:41,16650.35,0
2021-06-16 10:04:46,16646.25,0
2021-06-16 10:04:49,16645.95,0
2021-06-16 10:04:55,16646.0,0
2021-06-16 10:04:59,16648.45,0
2021-06-16 10:05:12,16647.4,0
2021-06-16 10:05:15,16648.65,0
2021-06-16 10:05:21,16649.9,0
2021-06-16 10:05:24,16651.9,0
2021-06-16 10:05:30,16657.0,0
2021-06-16 10:05:31,16655.75,0
2021-06-16 10:05:32,16656.5,0
2021-06-16 10:05:34,16655.35,0
2021-06-16 10:05:37,16655.75,0
2021-06-16 10:05:40,16653.55,0
2021-06-16 10:05:43,16655.0,0
2021-06-16 10:05:47,16653.0,0
2021-06-16 10:05:55,16651.0,0
2021-06-16 10:05:56,16652.25,0
2021-06-16 10:05:57,16653.9,0
2021-06-16 10:06:02,16652.2,0
2021-06-16 10:06:06,16652.45,0
2021-06-16 10:06:08,16652.2,0
2021-06-16 10:06:10,16651.85,0
2021-06-16 10:06:11,16652.0,0
2021-06-16 10:06:17,16651.7,0
2021-06-16 10:06:19,16651.65,0
2021-06-16 10:06:20,16651.0,0
2021-06-16 10:06:28,16650.5,0
2021-06-16 10:06:32,16651.6,0
2021-06-16 10:06:36,16652.0,0
2021-06-16 10:06:39,16652.3,0
2021-06-16 10:06:40,16652.55,0
2021-06-16 10:06:54,16650.05,0
2021-06-16 10:06:55,16650.05,0
2021-06-16 10:06:56,16649.85,0
2021-06-16 10:06:58,16650.15,0
2021-06-16 10:06:59,16650.45,0
2021-06-16 10:07:01,16650.4,0
2021-06-16 10:07:02,16647.75,0
2021-06-16 10:07:06,16648.55,0
2021-06-16 10:07:11,16647.95,0
2021-06-16 10:07:21,16649.35,0
2021-06-16 10:07:25,16650.2,0
2021-06-16 10:07:36,16650.25,0
2021-06-16 10:07:37,16649.95,0
2021-06-16 10:07:39,16650.5,0
2021-06-16 10:07:45,16650.9,0
2021-06-16 10:07:48,16651.55,0
2021-06-16 10:07:51,16649.35,0
2021-06-16 10:07:53,16648.9,0
2021-06-16 10:07:54,16648.7,0
2021-06-16 10:07:55,16648.6,0
2021-06-16 10:08:00,16647.8,0
2021-06-16 10:08:01,16649.45,0
2021-06-16 10:08:03,16649.1,0
2021-06-16 10:08:05,16648.75,0
2021-06-16 10:08:07,16649.0,0
2021-06-16 10:08:16,16649.95,0
2021-06-16 10:08:17,16650.95,0
2021-06-16 10:08:18,16652.0,0
2021-06-16 10:08:19,16651.9,0
2021-06-16 10:08:22,16652.55,0
2021-06-16 10:08:26,16652.85,0
2021-06-16 10:08:27,16653.25,0
2021-06-16 10:08:29,16654.15,0
2021-06-16 10:08:33,16654.5,0
2021-06-16 10:08:34,16656.65,0
2021-06-16 10:08:37,16657.1,0
2021-06-16 10:08:40,16655.5,0
2021-06-16 10:08:45,16654.9,0
2021-06-16 10:08:59,16653.8,0
2021-06-16 10:09:02,16651.9,0
2021-06-16 10:09:06,16650.2,0
2021-06-16 10:09:08,16651.1,0
2021-06-16 10:09:11,16647.9,0
2021-06-16 10:09:16,16646.5,0
2021-06-16 10:09:25,16646.0,0
2021-06-16 10:09:27,16647.45,0
2021-06-16 10:09:29,16648.35,0
2021-06-16 10:09:32,16647.35,0
2021-06-16 10:09:35,16649.0,0
2021-06-16 10:09:37,16649.15,0
2021-06-16 10:09:46,16652.0,0
2021-06-16 10:09:51,16650.25,0
2021-06-16 10:09:56,16649.1,0
2021-06-16 10:09:57,16648.7,0
2021-06-16 10:09:59,16647.75,0
2021-06-16 10:10:06,16647.75,0
2021-06-16 10:10:11,16647.75,0
2021-06-16 10:10:12,16647.9,0
2021-06-16 10:10:13,16649.4,0
2021-06-16 10:10:17,16649.45,0
2021-06-16 10:10:37,16651.15,0
2021-06-16 10:10:39,16651.4,0
2021-06-16 10:10:40,16651.7,0
2021-06-16 10:10:43,16651.4,0
2021-06-16 10:10:44,16651.35,0
2021-06-16 10:10:47,16651.2,0
2021-06-16 10:10:48,16651.2,0
2021-06-16 10:10:50,16651.9,0
2021-06-16 10:10:52,16650.6,0
2021-06-16 10:10:56,16651.05,0
2021-06-16 10:10:57,16653.35,0
2021-06-16 10:11:00,16653.3,0
2021-06-16 10:11:06,16652.75,0
2021-06-16 10:11:16,16652.85,0
2021-06-16 10:11:20,16652.3,0
2021-06-16 10:11:24,16652.35,0
2021-06-16 10:11:31,16648.7,0
2021-06-16 10:11:32,16648.1,0
2021-06-16 10:11:33,16648.35,0
2021-06-16 10:11:34,16648.35,0
2021-06-16 10:11:35,16649.9,0
2021-06-16 10:11:37,16649.4,0
2021-06-16 10:11:47,16645.65,0
2021-06-16 10:11:48,16646.15,0
2021-06-16 10:11:57,16640.9,0
2021-06-16 10:11:59,16642.15,0
2021-06-16 10:12:00,16641.95,0
2021-06-16 10:12:01,16640.85,0
2021-06-16 10:12:03,16641.9,0
2021-06-16 10:12:04,16642.1,0
2021-06-16 10:12:07,16641.9,0
2021-06-16 10:12:08,16641.55,0
2021-06-16 10:12:12,16640.35,0
2021-06-16 10:12:17,16644.85,0
2021-06-16 10:12:18,16645.55,0
2021-06-16 10:12:19,16646.2,0
2021-06-16 10:12:21,16646.75,0
2021-06-16 10:12:22,16644.7,0
2021-06-16 10:12:24,16647.6,0
2021-06-16 10:12:28,16648.7,0
2021-06-16 10:12:31,16647.85,0
2021-06-16 10:12:32,16646.6,0
2021-06-16 10:12:33,16646.55,0
2021-06-16 10:12:36,16646.5,0
2021-06-16 10:12:43,16644.8,0
2021-06-16 10:12:46,16644.9,0
2021-06-16 10:12:50,16646.35,0
2021-06-16 10:12:51,16649.25,0
2021-06-16 10:12:52,16646.35,0
2021-06-16 10:12:54,16647.85,0
2021-06-16 10:12:56,16648.55,0
2021-06-16 10:12:57,16648.3,0
2021-06-16 10:13:00,16650.3,0
2021-06-16 10:13:02,16648.15,0
2021-06-16 10:13:07,16652.15,0
2021-06-16 10:13:12,16649.3,0
2021-06-16 10:13:14,16651.2,0
2021-06-16 10:13:15,16651.3,0
2021-06-16 10:13:16,16651.1,0
2021-06-16 10:13:18,16651.0,0
2021-06-16 10:13:30,16656.3,0
2021-06-16 10:13:43,16659.1,0
2021-06-16 10:13:44,16660.65,0
2021-06-16 10:13:49,16660.85,0
2021-06-16 10:13:50,16661.95,0
2021-06-16 10:13:54,16660.85,0
2021-06-16 10:13:55,16661.8,0
2021-06-16 10:13:58,16662.0,0
2021-06-16 10:14:00,16661.1,0
2021-06-16 10:14:01,16661.2,0
2021-06-16 10:14:02,16662.85,0
2021-06-16 10:14:04,16662.15,0
2021-06-16 10:14:10,16661.9,0
2021-06-16 10:14:11,16661.9,0
2021-06-16 10:14:13,16661.9,0
2021-06-16 10:14:17,16661.1,0
2021-06-16 10:14:18,16661.45,0
2021-06-16 10:14:19,16661.55,0
2021-06-16 10:14:25,16654.05,0
2021-06-16 10:14:33,16654.6,0
2021-06-16 10:14:34,16654.8,0
2021-06-16 10:14:35,16654.45,0
2021-06-16 10:14:38,16651.6,0
2021-06-16 10:14:42,16650.35,0
2021-06-16 10:14:51,16653.9,0
2021-06-16 10:14:54,16655.2,0
2021-06-16 10:14:55,16654.45,0
2021-06-16 10:14:57,16654.45,0
2021-06-16 10:15:02,16654.05,0
2021-06-16 10:15:08,16654.0,0
2021-06-16 10:15:09,16654.05,0
2021-06-16 10:15:13,16655.35,0
2021-06-16 10:15:16,16655.2,0
2021-06-16 10:15:19,16655.45,0
2021-06-16 10:15:23,16655.05,0
2021-06-16 10:15:24,16654.55,0
2021-06-16 10:15:26,16655.0,0
2021-06-16 10:15:27,16654.6,0
2021-06-16 10:15:29,16654.7,0
2021-06-16 10:15:33,16653.75,0
2021-06-16 10:15:36,16654.85,0
2021-06-16 10:15:37,16655.4,0
2021-06-16 10:15:42,16648.85,0
2021-06-16 10:15:49,16648.85,0
2021-06-16 10:15:51,16652.5,0
2021-06-16 10:15:52,16650.45,0
2021-06-16 10:15:53,16652.3,0
2021-06-16 10:15:54,16650.7,0
2021-06-16 10:15:57,16651.7,0
2021-06-16 10:15:59,16653.7,0
2021-06-16 10:16:09,16653.05,0
2021-06-16 10:16:13,16652.8,0
2021-06-16 10:16:14,16652.5,0
2021-06-16 10:16:24,16654.05,0
2021-06-16 10:16:34,16654.9,0
2021-06-16 10:16:38,16655.5,0
2021-06-16 10:16:45,16654.4,0
2021-06-16 10:16:51,16654.3,0
2021-06-16 10:16:56,16653.35,0
2021-06-16 10:16:58,16654.45,0
2021-06-16 10:17:04,16654.55,0
2021-06-16 10:17:07,16653.4,0
2021-06-16 10:17:16,16654.15,0
2021-06-16 10:17:17,16655.4,0
2021-06-16 10:17:22,16653.45,0
2021-06-16 10:17:24,16654.15,0
2021-06-16 10:17:25,16654.5,0
2021-06-16 10:17:26,16653.85,0
2021-06-16 10:17:29,16654.8,0
2021-06-16 10:17:31,16655.7,0
2021-06-16 10:17:32,16653.0,0
2021-06-16 10:17:33,16654.6,0
2021-06-16 10:17:34,16655.8,0
2021-06-16 10:17:36,16654.5,0
2021-06-16 10:17:38,16655.15,0
2021-06-16 10:17:40,16654.7,0
2021-06-16 10:17:41,16654.6,0
2021-06-16 10:17:43,16655.55,0
2021-06-16 10:17:44,16656.25,0
2021-06-16 10:17:46,16654.75,0
2021-06-16 10:17:47,16655.2,0
2021-06-16 10:17:49,16656.3,0
2021-06-16 10:17:50,16656.1,0
2021-06-16 10:17:52,16655.45,0
2021-06-16 10:17:54,16655.15,0
2021-06-16 10:17:57,16654.75,0
2021-06-16 10:17:58,16655.65,0
2021-06-16 10:18:00,16655.35,0
2021-06-16 10:18:02,16654.3,0
2021-06-16 10:18:03,16655.35,0
2021-06-16 10:18:04,16655.65,0
2021-06-16 10:18:05,16656.1,0
2021-06-16 10:18:07,16655.8,0
2021-06-16 10:18:08,16657.4,0
2021-06-16 10:18:11,16657.3,0
2021-06-16 10:18:13,16657.9,0
2021-06-16 10:18:14,16657.55,0
2021-06-16 10:18:15,16657.95,0
2021-06-16 10:18:24,16659.0,0
2021-06-16 10:18:26,16659.3,0
2021-06-16 10:18:29,16660.0,0
2021-06-16 10:18:31,16659.95,0
2021-06-16 10:18:35,16661.05,0
2021-06-16 10:18:40,16662.4,0
2021-06-16 10:18:46,16660.45,0
2021-06-16 10:18:50,16660.7,0
2021-06-16 10:18:51,16660.05,0
2021-06-16 10:18:58,16659.8,0
2021-06-16 10:19:00,16659.5,0
2021-06-16 10:19:09,16656.65,0
2021-06-16 10:19:10,16657.45,0
2021-06-16 10:19:13,16655.25,0
2021-06-16 10:19:20,16655.15,0
2021-06-16 10:19:26,16654.4,0
2021-06-16 10:19:28,16656.2,0
2021-06-16 10:19:29,16656.3,0
2021-06-16 10:19:32,16656.45,0
2021-06-16 10:19:34,16656.95,0
2021-06-16 10:19:36,16656.7,0
2021-06-16 10:19:37,16656.45,0
2021-06-16 10:19:39,16655.15,0
2021-06-16 10:19:42,16656.75,0
2021-06-16 10:19:46,16656.3,0
2021-06-16 10:19:51,16656.1,0
2021-06-16 10:19:54,16656.55,0
2021-06-16 10:19:55,16655.8,0
2021-06-16 10:19:57,16654.45,0
2021-06-16 10:20:09,16651.15,0
2021-06-16 10:20:11,16651.25,0
2021-06-16 10:20:15,16651.2,0
2021-06-16 10:20:17,16651.55,0
2021-06-16 10:20:18,16652.55,0
2021-06-16 10:20:19,16652.1,0
2021-06-16 10:20:20,16650.9,0
2021-06-16 10:20:23,16650.5,0
2021-06-16 10:20:32,16650.7,0
2021-06-16 10:20:34,16653.25,0
2021-06-16 10:20:35,16652.85,0
2021-06-16 10:20:40,16653.9,0
2021-06-16 10:20:44,16655.1,0
2021-06-16 10:20:47,16657.1,0
2021-06-16 10:20:49,16657.3,0
2021-06-16 10:20:53,16655.85,0
2021-06-16 10:20:54,16655.1,0
2021-06-16 10:20:55,16655.4,0
2021-06-16 10:21:03,16655.35,0
2021-06-16 10:21:07,16654.35,0
2021-06-16 10:21:10,16653.65,0
2021-06-16 10:21:11,16653.45,0
2021-06-16 10:21:14,16654.25,0
2021-06-16 10:21:16,16645.85,0
2021-06-16 10:21:17,16642.55,0
2021-06-16 10:21:18,16644.15,0
2021-06-16 10:21:22,16641.65,0
2021-06-16 10:21:29,16644.45,0
2021-06-16 10:21:32,16640.95,0
2021-06-16 10:21:33,16640.85,0
2021-06-16 10:21:34,16642.1,0
2021-06-16 10:21:36,16641.25,0
2021-06-16 10:21:37,16640.9,0
2021-06-16 10:21:41,16640.85,0
2021-06-16 10:21:42,16640.15,0
2021-06-16 10:21:43,16640.8,0
2021-06-16 10:21:44,16641.7,0
2021-06-16 10:21:49,16639.7,0
2021-06-16 10:21:50,16638.8,0
2021-06-16 10:21:52,16638.15,0
2021-06-16 10:21:53,16639.2,0
2021-06-16 10:21:58,16637.0,0
2021-06-16 10:22:00,16636.25,0
2021-06-16 10:22:08,16638.85,0
2021-06-16 10:22:10,16640.25,0
2021-06-16 10:22:11,16639.75,0
2021-06-16 10:22:23,16639.05,0
2021-06-16 10:22:29,16636.4,0
2021-06-16 10:22:32,16638.8,0
2021-06-16 10:22:36,16639.25,0
2021-06-16 10:22:39,16638.8,0
2021-06-16 10:22:44,16639.15,0
2021-06-16 10:22:46,16638.65,0
2021-06-16 10:22:48,16637.2,0
2021-06-16 10:37:24,16633.5,0
2021-06-16 10:37:47,16639.5,0
2021-06-16 10:37:49,16638.95,0
2021-06-16 10:37:50,16639.2,0
2021-06-16 10:37:51,16639.5,0
2021-06-16 10:37:52,16638.35,0
2021-06-16 10:37:53,16638.8,0
2021-06-16 10:37:54,16638.95,0
2021-06-16 10:37:55,16638.65,0
2021-06-16 10:37:56,16641.55,0
2021-06-16 10:37:57,16641.55,0
2021-06-16 10:38:00,16640.85,0
2021-06-16 10:38:03,16641.05,0
2021-06-16 10:38:10,16640.8,0
2021-06-16 10:38:13,16641.4,0
2021-06-16 10:38:18,16642.1,0
2021-06-16 10:38:27,16642.0,0
2021-06-16 10:38:28,16641.45,0
2021-06-16 10:38:32,16641.1,0
2021-06-16 10:38:33,16641.3,0
2021-06-16 10:38:35,16642.2,0
2021-06-16 10:38:37,16640.4,0
2021-06-16 10:38:44,16642.6,0
2021-06-16 10:38:45,16642.6,0
2021-06-16 10:38:46,16642.1,0
2021-06-16 10:38:47,16643.15,0
2021-06-16 10:38:48,16642.7,0
2021-06-16 10:38:50,16642.5,0
2021-06-16 10:38:54,16641.15,0
2021-06-16 10:38:56,16640.8,0
2021-06-16 10:38:59,16641.55,0
2021-06-16 10:39:00,16641.35,0
2021-06-16 10:39:01,16642.0,0
2021-06-16 10:39:02,16640.2,0
2021-06-16 10:39:04,16641.6,0
2021-06-16 10:39:06,16643.5,0
2021-06-16 10:39:07,16642.85,0
2021-06-16 10:39:08,16642.1,0
2021-06-16 10:39:11,16642.35,0
2021-06-16 10:39:13,16642.1,0
2021-06-16 10:39:19,16643.55,0
2021-06-16 10:39:21,16643.45,0
2021-06-16 10:39:22,16641.2,0
2021-06-16 10:39:23,16641.85,0
2021-06-16 10:39:28,16642.65,0
2021-06-16 10:39:40,16642.2,0
2021-06-16 10:39:45,16643.45,0
2021-06-16 10:39:46,16642.7,0
2021-06-16 10:39:50,16643.65,0
2021-06-16 10:39:51,16643.15,0
2021-06-16 10:39:58,16638.2,0
2021-06-16 10:39:59,16639.3,0
2021-06-16 10:40:08,16639.95,0
2021-06-16 10:40:12,16638.9,0
2021-06-16 10:40:13,16639.95,0
2021-06-16 10:40:14,16638.45,0
2021-06-16 10:40:15,16638.15,0
2021-06-16 10:40:19,16638.4,0
2021-06-16 10:40:20,16640.35,0
2021-06-16 10:40:21,16639.3,0
2021-06-16 10:40:24,16639.25,0
2021-06-16 10:40:26,16638.65,0
2021-06-16 10:40:32,16636.85,0
2021-06-16 10:40:34,16638.15,0
2021-06-16 10:40:39,16638.6,0
2021-06-16 10:40:43,16638.2,0
2021-06-16 10:40:46,16639.25,0
2021-06-16 10:40:49,16639.9,0
2021-06-16 10:40:51,16638.05,0
2021-06-16 10:40:52,16638.45,0
2021-06-16 10:40:56,16638.7,0
2021-06-16 10:40:59,16640.5,0
2021-06-16 10:41:04,16640.1,0
2021-06-16 10:41:05,16639.8,0
2021-06-16 10:41:07,16639.4,0
2021-06-16 10:41:15,16647.75,0
2021-06-16 10:41:17,16647.15,0
2021-06-16 10:41:27,16648.4,0
2021-06-16 10:41:30,16649.0,0
2021-06-16 10:41:35,16648.35,0
2021-06-16 10:41:38,16648.25,0
2021-06-16 10:41:49,16647.85,0
2021-06-16 10:41:50,16647.0,0
2021-06-16 10:41:51,16646.7,0
2021-06-16 10:41:53,16646.55,0
2021-06-16 10:41:54,16647.45,0
2021-06-16 10:41:56,16647.45,0
2021-06-16 10:41:58,16647.15,0
2021-06-16 10:41:59,16647.25,0
2021-06-16 10:42:00,16647.95,0
2021-06-16 10:42:03,16647.0,0
2021-06-16 10:42:06,16646.75,0
2021-06-16 10:42:07,16647.25,0
2021-06-16 10:42:09,16648.8,0
2021-06-16 10:42:11,16646.9,0
2021-06-16 10:42:14,16647.8,0
2021-06-16 10:42:23,16644.65,0
2021-06-16 10:42:24,16645.6,0
2021-06-16 10:42:26,16645.6,0
2021-06-16 10:42:28,16645.9,0
2021-06-16 10:42:30,16645.95,0
2021-06-16 10:42:38,16646.45,0
2021-06-16 10:42:46,16648.1,0
2021-06-16 10:42:50,16647.8,0
2021-06-16 10:42:52,16645.5,0
2021-06-16 10:42:53,16646.65,0
2021-06-16 10:43:00,16647.45,0
2021-06-16 10:43:01,16648.65,0
2021-06-16 10:43:03,16648.6,0
2021-06-16 10:43:10,16649.35,0
2021-06-16 10:43:13,16649.1,0
2021-06-16 10:43:18,16648.8,0
2021-06-16 10:43:19,16648.95,0
2021-06-16 10:43:20,16649.4,0
2021-06-16 10:43:23,16649.75,0
2021-06-16 10:43:25,16649.55,0
2021-06-16 10:43:27,16649.75,0
2021-06-16 10:43:32,16648.55,0
2021-06-16 10:43:36,16650.55,0
2021-06-16 10:43:39,16651.35,0
2021-06-16 10:43:47,16652.65,0
2021-06-16 10:43:48,16650.7,0
2021-06-16 10:43:50,16652.1,0
2021-06-16 10:43:59,16653.45,0
2021-06-16 10:44:04,16655.9,0
2021-06-16 10:44:06,16654.35,0
2021-06-16 10:44:07,16653.85,0
2021-06-16 10:44:12,16654.45,0
2021-06-16 10:44:13,16654.7,0
2021-06-16 10:44:17,16654.75,0
2021-06-16 10:44:23,16655.25,0
2021-06-16 10:44:24,16655.35,0
2021-06-16 10:44:25,16656.35,0
2021-06-16 10:44:31,16654.2,0
2021-06-16 10:44:33,16654.95,0
2021-06-16 10:44:32,16653.05,0
2021-06-16 10:44:35,16654.4,0
2021-06-16 10:44:42,16654.45,0
2021-06-16 10:44:44,16653.7,0
2021-06-16 10:44:47,16654.1,0
2021-06-16 10:44:53,16651.8,0
2021-06-16 10:44:55,16651.4,0
2021-06-16 10:44:56,16650.35,0
2021-06-16 10:44:57,16650.85,0
2021-06-16 10:44:58,16650.55,0
2021-06-16 10:45:04,16650.85,0
2021-06-16 10:45:19,16649.05,0
2021-06-16 10:45:20,16649.0,0
2021-06-16 10:45:24,16648.95,0
2021-06-16 10:45:26,16649.15,0
2021-06-16 10:45:27,16649.15,0
2021-06-16 10:45:29,16648.8,0
2021-06-16 11:03:07,16629.95,0
2021-06-16 11:03:10,16630.65,0
2021-06-16 11:03:16,16631.55,0
2021-06-16 11:03:17,16631.5,0
2021-06-16 11:03:18,16631.15,0
2021-06-16 11:03:20,16631.2,0
2021-06-16 11:03:26,16632.45,0
2021-06-16 11:03:27,16631.65,0
2021-06-16 11:03:28,16631.45,0
2021-06-16 11:03:34,16633.55,0
2021-06-16 11:03:35,16633.35,0
2021-06-16 11:03:37,16632.8,0
2021-06-16 11:03:38,16633.2,0
2021-06-16 11:03:39,16633.45,0
2021-06-16 11:03:40,16633.4,0
2021-06-16 11:03:45,16635.0,0
2021-06-16 11:03:46,16634.15,0
2021-06-16 11:03:48,16630.6,0
2021-06-16 11:03:52,16632.1,0
2021-06-16 11:03:54,16631.65,0
2021-06-16 11:03:55,16631.15,0
2021-06-16 11:03:56,16631.1,0
2021-06-16 11:03:59,16634.1,0
2021-06-16 11:04:02,16632.55,0
2021-06-16 11:04:05,16634.1,0
2021-06-16 11:04:06,16633.6,0
2021-06-16 11:04:09,16634.45,0
2021-06-16 11:04:11,16635.2,0
2021-06-16 11:04:15,16635.45,0
2021-06-16 11:04:19,16636.35,0
2021-06-16 11:04:23,16637.8,0
2021-06-16 11:04:24,16638.25,0
2021-06-16 11:04:35,16637.7,0
2021-06-16 11:04:38,16637.15,0
2021-06-16 11:04:44,16637.5,0
2021-06-16 11:04:48,16637.7,0
2021-06-16 11:04:49,16638.15,0
2021-06-16 11:04:50,16638.45,0
2021-06-16 11:04:53,16636.45,0
2021-06-16 11:04:54,16636.95,0
2021-06-16 11:04:57,16637.45,0
2021-06-16 11:05:00,16636.9,0
2021-06-16 11:05:04,16638.2,0
2021-06-16 11:05:11,16636.8,0
2021-06-16 11:05:20,16638.55,0
2021-06-16 11:05:26,16640.25,0
2021-06-16 11:05:29,16641.35,0
2021-06-16 11:05:40,16646.85,0
2021-06-16 11:05:49,16647.15,0
2021-06-16 11:05:50,16647.55,0
2021-06-16 11:05:53,16645.15,0
2021-06-16 11:06:01,16645.3,0
2021-06-16 11:06:02,16644.5,0
2021-06-16 11:06:07,16646.6,0
2021-06-16 11:06:08,16646.75,0
2021-06-16 11:06:12,16646.55,0
2021-06-16 11:06:13,16646.4,0
2021-06-16 11:06:14,16647.35,0
2021-06-16 11:06:15,16648.0,0
2021-06-16 11:06:16,16646.65,0
2021-06-16 11:06:17,16645.85,0
2021-06-16 11:06:19,16645.85,0
2021-06-16 11:06:27,16641.7,0
2021-06-16 11:06:34,16640.3,0
2021-06-16 11:06:37,16640.55,0
2021-06-16 11:06:40,16643.8,0
2021-06-16 11:06:42,16642.6,0
2021-06-16 11:06:46,16648.1,0
2021-06-16 11:06:48,16647.3,0
2021-06-16 11:06:53,16644.45,0
2021-06-16 11:06:56,16645.6,0
2021-06-16 11:07:00,16646.65,0
2021-06-16 11:07:07,16642.05,0
2021-06-16 11:07:08,16643.1,0
2021-06-16 11:07:09,16642.25,0
2021-06-16 11:07:11,16643.15,0
2021-06-16 11:07:16,16643.35,0
2021-06-16 11:07:18,16643.35,0
2021-06-16 11:07:21,16643.7,0
2021-06-16 11:07:22,16641.35,0
2021-06-16 11:07:24,16642.45,0
2021-06-16 11:07:27,16639.4,0
2021-06-16 11:07:31,16638.8,0
2021-06-16 11:07:34,16638.1,0
2021-06-16 11:07:40,16636.1,0
2021-06-16 11:07:43,16635.4,0
2021-06-16 11:07:44,16635.7,0
2021-06-16 11:07:46,16633.9,0
2021-06-16 11:07:47,16634.0,0
2021-06-16 11:07:48,16633.65,0
2021-06-16 11:07:49,16633.25,0
2021-06-16 11:07:50,16633.85,0
2021-06-16 11:07:52,16632.3,0
2021-06-16 11:07:53,16632.6,0
2021-06-16 11:07:54,16632.85,0
2021-06-16 11:07:57,16634.5,0
2021-06-16 11:07:58,16634.85,0
2021-06-16 11:08:03,16635.4,0
2021-06-16 11:20:21,16626.15,0
2021-06-16 11:38:55,16622.75,0
2021-06-16 11:38:58,16624.1,0
2021-06-16 11:39:00,16624.1,0
2021-06-16 11:39:06,16624.05,0
2021-06-16 11:39:11,16622.55,0
2021-06-16 11:39:14,16623.7,0
2021-06-16 11:39:17,16622.7,0
2021-06-16 11:39:19,16623.15,0
2021-06-16 11:39:20,16623.65,0
2021-06-16 11:39:21,16623.85,0
2021-06-16 11:39:23,16624.55,0
2021-06-16 11:39:25,16623.0,0
2021-06-16 11:39:27,16623.25,0
2021-06-16 11:39:32,16622.15,0
2021-06-16 11:39:33,16624.0,0
2021-06-16 11:39:37,16623.2,0
2021-06-16 11:39:38,16623.1,0
2021-06-16 11:39:45,16621.7,0
2021-06-16 11:39:46,16621.6,0
2021-06-16 11:40:00,16620.05,0
2021-06-16 11:40:01,16620.05,0
2021-06-16 11:40:02,16619.4,0
2021-06-16 11:40:08,16619.3,0
2021-06-16 11:40:16,16619.6,0
2021-06-16 11:40:17,16619.3,0
2021-06-16 11:40:19,16619.5,0
2021-06-16 11:40:20,16619.85,0
2021-06-16 11:40:22,16618.4,0
2021-06-16 11:40:23,16619.4,0
2021-06-16 11:40:29,16619.35,0
2021-06-16 11:40:31,16619.35,0
2021-06-16 11:40:38,16618.85,0
2021-06-16 11:40:41,16618.85,0
2021-06-16 11:40:42,16618.1,0
2021-06-16 11:40:43,16617.85,0
2021-06-16 11:40:44,16618.7,0
2021-06-16 11:40:46,16618.7,0
2021-06-16 11:40:49,16618.55,0
2021-06-16 11:40:50,16618.35,0
2021-06-16 11:40:51,16618.55,0
2021-06-16 11:40:54,16618.15,0
2021-06-16 11:40:55,16619.2,0
2021-06-16 11:40:56,16618.5,0
2021-06-16 11:40:58,16619.75,0
2021-06-16 11:41:02,16618.8,0
2021-06-16 11:41:05,16619.6,0
2021-06-16 11:41:11,16618.55,0
2021-06-16 11:41:12,16618.1,0
2021-06-16 11:41:14,16618.3,0
2021-06-16 11:41:18,16617.2,0
2021-06-16 11:41:21,16617.1,0
2021-06-16 11:41:28,16617.45,0
2021-06-16 11:41:29,16617.25,0
2021-06-16 11:41:33,16615.85,0
2021-06-16 11:41:41,16616.7,0
2021-06-16 11:41:47,16617.4,0
2021-06-16 11:41:50,16616.3,0
2021-06-16 11:41:54,16616.85,0
2021-06-16 11:41:55,16617.7,0
2021-06-16 11:41:57,16617.95,0
2021-06-16 11:42:05,16617.7,0
2021-06-16 11:42:08,16617.4,0
2021-06-16 11:42:10,16617.7,0
2021-06-16 11:42:11,16617.4,0
2021-06-16 11:42:12,16616.4,0
2021-06-16 11:42:15,16617.65,0
2021-06-16 11:42:18,16617.75,0
2021-06-16 11:42:20,16616.7,0
2021-06-16 11:42:25,16615.75,0
2021-06-16 11:42:30,16615.4,0
2021-06-16 11:42:32,16613.05,0
2021-06-16 11:42:34,16612.25,0
2021-06-16 11:42:35,16612.65,0
2021-06-16 11:42:38,16612.3,0
2021-06-16 11:42:41,16610.65,0
2021-06-16 11:42:48,16611.0,0
2021-06-16 11:42:50,16609.8,0
2021-06-16 11:42:53,16609.4,0
2021-06-16 11:42:57,16609.55,0
2021-06-16 11:42:58,16609.55,0
2021-06-16 11:43:01,16610.0,0
2021-06-16 11:43:05,16609.75,0
2021-06-16 11:43:08,16609.05,0
2021-06-16 11:43:09,16609.05,0
2021-06-16 11:43:11,16609.85,0
2021-06-16 11:43:17,16610.2,0
2021-06-16 11:43:20,16609.7,0
2021-06-16 11:43:26,16609.25,0
2021-06-16 11:43:27,16609.2,0
2021-06-16 11:43:38,16609.85,0
2021-06-16 11:43:43,16610.85,0
2021-06-16 11:43:47,16609.8,0
2021-06-16 11:43:53,16609.3,0
2021-06-16 11:43:54,16611.1,0
2021-06-16 11:44:05,16610.15,0
2021-06-16 11:44:08,16609.5,0
2021-06-16 11:44:12,16608.7,0
2021-06-16 11:44:15,16609.25,0
2021-06-16 11:44:17,16608.9,0
2021-06-16 11:44:18,16608.6,0
2021-06-16 11:44:19,16608.65,0
2021-06-16 11:44:22,16607.75,0
2021-06-16 11:44:26,16608.25,0
2021-06-16 11:44:27,16608.15,0
2021-06-16 11:44:30,16608.85,0
2021-06-16 11:44:36,16608.8,0
2021-06-16 11:44:41,16607.8,0
2021-06-16 11:44:43,16607.7,0
2021-06-16 11:44:51,16609.75,0
2021-06-16 11:44:52,16607.1,0
2021-06-16 11:44:59,16607.55,0
2021-06-16 11:45:00,16607.65,0
2021-06-16 11:45:04,16607.6,0
2021-06-16 11:45:06,16606.9,0
2021-06-16 11:45:11,16607.6,0
2021-06-16 11:45:21,16607.85,0
2021-06-16 11:45:23,16607.75,0
2021-06-16 11:45:24,16607.45,0
2021-06-16 11:45:25,16607.05,0
2021-06-16 11:45:28,16609.9,0
2021-06-16 11:45:38,16609.55,0
2021-06-16 11:45:44,16611.45,0
2021-06-16 11:45:45,16611.85,0
2021-06-16 11:45:50,16614.45,0
2021-06-16 11:46:03,16611.15,0
2021-06-16 11:46:04,16611.45,0
2021-06-16 11:46:06,16611.7,0
2021-06-16 11:46:10,16610.35,0
2021-06-16 11:46:12,16609.1,0
2021-06-16 11:46:16,16608.85,0
2021-06-16 11:46:29,16606.8,0
2021-06-16 11:46:36,16606.05,0
2021-06-16 11:46:40,16606.1,0
2021-06-16 11:46:42,16604.6,0
2021-06-16 11:46:43,16606.35,0
2021-06-16 11:46:46,16605.75,0
2021-06-16 11:46:48,16606.45,0
2021-06-16 11:46:52,16603.9,0
2021-06-16 11:46:53,16603.6,0
2021-06-16 11:46:58,16605.95,0
2021-06-16 11:46:59,16604.55,0
2021-06-16 11:47:00,16605.3,0
2021-06-16 11:47:01,16604.8,0
2021-06-16 11:47:02,16604.15,0
2021-06-16 11:47:04,16605.3,0
2021-06-16 11:47:11,16605.1,0
2021-06-16 11:47:12,16604.3,0
2021-06-16 11:47:14,16605.7,0
2021-06-16 11:47:22,16604.9,0
2021-06-16 11:47:28,16607.5,0
2021-06-16 11:47:30,16606.1,0
2021-06-16 11:47:34,16606.85,0
2021-06-16 11:47:35,16607.05,0
2021-06-16 11:47:38,16606.6,0
2021-06-16 11:47:40,16607.6,0
2021-06-16 11:47:44,16610.95,0
2021-06-16 11:47:45,16610.6,0
2021-06-16 11:47:46,16611.2,0
2021-06-16 11:47:47,16609.95,0
2021-06-16 11:47:51,16612.3,0
2021-06-16 11:47:56,16610.7,0
2021-06-16 11:47:59,16610.5,0
2021-06-16 11:48:00,16611.35,0
2021-06-16 11:48:02,16609.95,0
2021-06-16 11:48:07,16611.7,0
2021-06-16 11:48:08,16611.8,0
2021-06-16 11:48:09,16611.35,0
2021-06-16 11:48:14,16613.0,0
2021-06-16 11:48:15,16612.4,0
2021-06-16 11:48:16,16611.75,0
2021-06-16 11:48:18,16611.55,0
2021-06-16 11:48:22,16610.55,0
2021-06-16 11:48:24,16611.75,0
2021-06-16 11:48:26,16611.5,0
2021-06-16 11:48:27,16611.3,0
2021-06-16 11:48:29,16612.05,0
2021-06-16 11:48:30,16611.75,0
2021-06-16 11:48:33,16610.8,0
2021-06-16 11:48:47,16614.75,0
2021-06-16 11:48:54,16612.25,0
2021-06-16 11:48:55,16612.25,0
2021-06-16 11:48:57,16612.7,0
2021-06-16 11:48:58,16613.55,0
2021-06-16 11:48:59,16613.5,0
2021-06-16 11:49:03,16613.5,0
2021-06-16 11:49:09,16612.15,0
2021-06-16 11:49:14,16610.75,0
2021-06-16 11:49:19,16612.15,0
2021-06-16 11:49:20,16612.25,0
2021-06-16 11:49:24,16612.55,0
2021-06-16 11:49:25,16613.3,0
2021-06-16 11:49:29,16613.5,0
2021-06-16 11:49:40,16612.6,0
2021-06-16 11:49:44,16612.95,0
2021-06-16 11:49:45,16612.95,0
2021-06-16 11:49:47,16612.9,0
2021-06-16 11:49:54,16610.6,0
2021-06-16 11:49:54,16610.6,0
2021-06-16 11:49:58,16611.35,0
2021-06-16 11:50:00,16610.8,0
2021-06-16 11:49:58,16611.35,0
2021-06-16 11:50:01,16610.5,0
2021-06-16 11:50:00,16610.8,0
2021-06-16 11:50:01,16610.5,0
2021-06-16 11:50:07,16610.2,0
2021-06-16 11:50:07,16610.2,0
2021-06-16 11:50:17,16609.15,0
2021-06-16 11:50:17,16609.15,0
2021-06-16 11:50:20,16609.85,0
2021-06-16 11:50:20,16609.85,0
2021-06-16 11:50:25,16610.2,0
2021-06-16 11:50:25,16610.2,0
2021-06-16 11:50:27,16610.1,0
2021-06-16 11:50:27,16610.1,0
2021-06-16 11:50:29,16610.25,0
2021-06-16 11:50:29,16610.25,0
2021-06-16 11:50:30,16610.05,0
2021-06-16 11:50:30,16610.05,0
2021-06-16 11:50:32,16608.3,0
2021-06-16 11:50:33,16608.8,0
2021-06-16 11:50:34,16610.5,0
2021-06-16 11:50:36,16609.8,0
2021-06-16 11:50:32,16608.3,0
2021-06-16 11:50:33,16608.8,0
2021-06-16 11:50:34,16610.5,0
2021-06-16 11:50:39,16609.45,0
2021-06-16 11:50:36,16609.8,0
2021-06-16 11:50:43,16608.85,0
2021-06-16 11:50:39,16609.45,0
2021-06-16 11:50:44,16610.65,0
2021-06-16 11:50:46,16610.8,0
2021-06-16 11:50:43,16608.85,0
2021-06-16 11:50:44,16610.65,0
2021-06-16 11:50:46,16610.8,0
2021-06-16 11:50:53,16611.05,0
2021-06-16 11:50:54,16610.65,0
2021-06-16 11:50:55,16611.05,0
2021-06-16 11:50:53,16611.05,0
2021-06-16 11:50:54,16610.65,0
2021-06-16 11:50:55,16611.05,0
2021-06-16 11:51:01,16612.85,0
2021-06-16 11:51:03,16611.4,0
2021-06-16 11:51:01,16612.85,0
2021-06-16 11:51:06,16611.75,0
2021-06-16 11:51:03,16611.4,0
2021-06-16 11:51:09,16611.7,0
2021-06-16 11:51:06,16611.75,0
2021-06-16 11:51:13,16612.65,0
2021-06-16 11:51:15,16613.0,0
2021-06-16 11:51:09,16611.7,0
2021-06-16 11:51:17,16613.05,0
2021-06-16 11:51:13,16612.65,0
2021-06-16 11:51:15,16613.0,0
2021-06-16 11:51:17,16613.05,0
2021-06-16 11:51:23,16611.3,0
2021-06-16 11:51:23,16611.3,0
2021-06-16 11:51:25,16611.4,0
2021-06-16 11:51:25,16611.4,0
2021-06-16 11:51:28,16611.0,0
2021-06-16 11:51:28,16611.0,0
2021-06-16 11:51:30,16611.15,0
2021-06-16 11:51:30,16611.15,0
2021-06-16 11:51:39,16609.7,0
2021-06-16 11:51:39,16609.7,0
2021-06-16 11:51:44,16612.4,0
2021-06-16 11:51:44,16612.4,0
2021-06-16 11:51:45,16613.55,0
2021-06-16 11:51:45,16613.55,0
2021-06-16 11:51:51,16612.5,0
2021-06-16 11:51:51,16612.5,0
2021-06-16 11:51:52,16611.95,0
2021-06-16 11:51:52,16611.95,0
2021-06-16 11:51:53,16612.95,0
2021-06-16 11:51:53,16612.95,0
2021-06-16 11:51:55,16612.7,0
2021-06-16 11:51:55,16612.7,0
2021-06-16 11:52:02,16612.4,0
2021-06-16 11:52:02,16612.4,0
2021-06-16 11:52:06,16614.3,0
2021-06-16 11:52:06,16614.3,0
2021-06-16 11:52:10,16614.3,0
2021-06-16 11:52:11,16614.5,0
2021-06-16 11:52:12,16614.95,0
2021-06-16 11:52:10,16614.3,0
2021-06-16 11:52:13,16615.9,0
2021-06-16 11:52:11,16614.5,0
2021-06-16 11:52:12,16614.95,0
2021-06-16 11:52:14,16617.6,0
2021-06-16 11:52:13,16615.9,0
2021-06-16 11:52:14,16617.6,0
2021-06-16 11:52:15,16617.9,0
2021-06-16 11:52:15,16617.9,0
2021-06-16 11:52:19,16616.35,0
2021-06-16 11:52:19,16616.35,0
2021-06-16 11:52:22,16615.5,0
2021-06-16 11:52:22,16615.5,0
2021-06-16 11:52:26,16617.15,0
2021-06-16 11:52:28,16616.5,0
2021-06-16 11:52:26,16617.15,0
2021-06-16 11:52:28,16616.5,0
2021-06-16 11:52:40,16615.3,0
2021-06-16 11:52:40,16615.3,0
2021-06-16 11:52:45,16617.55,0
2021-06-16 11:52:46,16617.35,0
2021-06-16 11:52:49,16616.85,0
2021-06-16 11:52:52,16617.45,0
2021-06-16 11:52:45,16617.55,0
2021-06-16 11:52:55,16617.95,0
2021-06-16 11:52:46,16617.35,0
2021-06-16 11:52:56,16618.45,0
2021-06-16 11:52:49,16616.85,0
2021-06-16 11:52:52,16617.45,0
2021-06-16 11:53:01,16619.05,0
2021-06-16 11:53:02,16616.95,0
2021-06-16 11:52:55,16617.95,0
2021-06-16 11:52:56,16618.45,0
2021-06-16 11:53:01,16619.05,0
2021-06-16 11:53:02,16616.95,0
2021-06-16 11:53:07,16617.85,0
2021-06-16 11:53:08,16617.45,0
2021-06-16 11:53:12,16617.7,0
2021-06-16 11:53:07,16617.85,0
2021-06-16 11:53:08,16617.45,0
2021-06-16 11:53:19,16619.8,0
2021-06-16 11:53:12,16617.7,0
2021-06-16 11:53:22,16617.8,0
2021-06-16 11:53:19,16619.8,0
2021-06-16 11:53:27,16617.9,0
2021-06-16 11:53:22,16617.8,0
2021-06-16 11:53:30,16617.4,0
2021-06-16 11:53:27,16617.9,0
2021-06-16 11:53:36,16617.6,0
2021-06-16 11:53:30,16617.4,0
2021-06-16 11:53:40,16617.0,0
2021-06-16 11:53:42,16616.45,0
2021-06-16 11:53:36,16617.6,0
2021-06-16 11:53:45,16618.05,0
2021-06-16 11:53:40,16617.0,0
2021-06-16 11:53:42,16616.45,0
2021-06-16 11:53:45,16618.05,0
2021-06-16 11:53:59,16616.3,0
2021-06-16 11:54:05,16617.35,0
2021-06-16 11:53:59,16616.3,0
2021-06-16 11:54:07,16616.3,0
2021-06-16 11:54:09,16615.65,0
2021-06-16 11:54:13,16615.5,0
2021-06-16 11:54:05,16617.35,0
2021-06-16 11:54:14,16616.55,0
2021-06-16 11:54:07,16616.3,0
2021-06-16 11:54:15,16616.0,0
2021-06-16 11:54:09,16615.65,0
2021-06-16 11:54:17,16616.0,0
2021-06-16 11:54:18,16616.25,0
2021-06-16 11:54:13,16615.5,0
2021-06-16 11:54:20,16616.45,0
2021-06-16 11:54:22,16615.8,0
2021-06-16 11:54:14,16616.55,0
2021-06-16 11:54:15,16616.0,0
2021-06-16 11:54:24,16615.8,0
2021-06-16 11:54:26,16615.6,0
2021-06-16 11:54:17,16616.0,0
2021-06-16 11:54:27,16615.55,0
2021-06-16 11:54:18,16616.25,0
2021-06-16 11:54:28,16614.5,0
2021-06-16 11:54:20,16616.45,0
2021-06-16 11:54:22,16615.8,0
2021-06-16 11:54:24,16615.8,0
2021-06-16 11:54:26,16615.6,0
2021-06-16 11:54:27,16615.55,0
2021-06-16 11:54:28,16614.5,0
2021-06-16 11:54:43,16613.95,0
2021-06-16 11:54:47,16614.3,0
2021-06-16 11:54:43,16613.95,0
2021-06-16 11:54:48,16614.6,0
2021-06-16 11:54:47,16614.3,0
2021-06-16 11:54:48,16614.6,0
2021-06-16 11:54:51,16614.7,0
2021-06-16 11:54:52,16613.5,0
2021-06-16 11:54:51,16614.7,0
2021-06-16 11:54:52,16613.5,0
2021-06-16 11:54:58,16613.7,0
2021-06-16 11:54:59,16613.1,0
2021-06-16 11:54:58,16613.7,0
2021-06-16 11:54:59,16613.1,0
2021-06-16 11:55:00,16613.35,0
2021-06-16 11:55:00,16613.35,0
2021-06-16 11:55:02,16612.95,0
2021-06-16 11:55:03,16613.7,0
2021-06-16 11:55:02,16612.95,0
2021-06-16 11:55:04,16613.8,0
2021-06-16 11:55:03,16613.7,0
2021-06-16 11:55:07,16614.15,0
2021-06-16 11:55:08,16613.45,0
2021-06-16 11:55:04,16613.8,0
2021-06-16 11:55:07,16614.15,0
2021-06-16 11:55:08,16613.45,0
2021-06-16 11:55:11,16614.35,0
2021-06-16 11:55:11,16614.35,0
2021-06-16 11:55:14,16613.3,0
2021-06-16 11:55:14,16613.3,0
2021-06-16 11:55:20,16614.45,0
2021-06-16 11:55:20,16614.45,0
2021-06-16 11:55:22,16612.25,0
2021-06-16 11:55:23,16614.8,0
2021-06-16 11:55:22,16612.25,0
2021-06-16 11:55:23,16614.8,0
2021-06-16 11:55:27,16614.4,0
2021-06-16 11:55:28,16613.0,0
2021-06-16 11:55:27,16614.4,0
2021-06-16 11:55:28,16613.0,0
2021-06-16 11:55:34,16615.55,0
2021-06-16 11:55:35,16616.15,0
2021-06-16 11:55:34,16615.55,0
2021-06-16 11:55:35,16616.15,0
2021-06-16 11:55:45,16616.25,0
2021-06-16 11:55:46,16617.1,0
2021-06-16 11:55:49,16616.85,0
2021-06-16 11:55:45,16616.25,0
2021-06-16 11:55:46,16617.1,0
2021-06-16 11:55:51,16616.05,0
2021-06-16 11:55:49,16616.85,0
2021-06-16 11:55:51,16616.05,0
2021-06-16 11:55:57,16618.1,0
2021-06-16 11:55:57,16618.1,0
2021-06-16 11:56:06,16616.45,0
2021-06-16 11:56:06,16616.45,0
2021-06-16 11:56:07,16618.35,0
2021-06-16 11:56:07,16618.35,0
2021-06-16 11:56:08,16617.65,0
2021-06-16 11:56:08,16617.65,0
2021-06-16 11:56:11,16616.15,0
2021-06-16 11:56:11,16616.15,0
2021-06-16 11:56:23,16617.9,0
2021-06-16 11:56:23,16617.9,0
2021-06-16 11:56:25,16616.4,0
2021-06-16 11:56:26,16616.9,0
2021-06-16 11:56:25,16616.4,0
2021-06-16 11:56:26,16616.9,0
2021-06-16 11:56:27,16616.25,0
2021-06-16 11:56:27,16616.25,0
2021-06-16 11:56:28,16616.6,0
2021-06-16 11:56:28,16616.6,0
2021-06-16 11:56:29,16616.4,0
2021-06-16 11:56:29,16616.4,0
2021-06-16 11:56:31,16616.25,0
2021-06-16 11:56:32,16615.2,0
2021-06-16 11:56:31,16616.25,0
2021-06-16 11:56:32,16615.2,0
2021-06-16 11:56:34,16616.75,0
2021-06-16 11:56:34,16616.75,0
2021-06-16 11:56:36,16616.0,0
2021-06-16 11:56:36,16616.0,0
2021-06-16 11:56:42,16613.45,0
2021-06-16 11:56:45,16614.7,0
2021-06-16 11:56:42,16613.45,0
2021-06-16 11:56:46,16615.0,0
2021-06-16 11:56:49,16614.9,0
2021-06-16 11:56:50,16614.75,0
2021-06-16 11:56:45,16614.7,0
2021-06-16 11:56:46,16615.0,0
2021-06-16 11:56:52,16614.05,0
2021-06-16 11:56:49,16614.9,0
2021-06-16 11:56:53,16615.45,0
2021-06-16 11:56:54,16614.25,0
2021-06-16 11:56:50,16614.75,0
2021-06-16 11:56:57,16614.65,0
2021-06-16 11:56:52,16614.05,0
2021-06-16 11:56:58,16615.4,0
2021-06-16 11:56:53,16615.45,0
2021-06-16 11:56:54,16614.25,0
2021-06-16 11:57:01,16614.2,0
2021-06-16 11:56:57,16614.65,0
2021-06-16 11:56:58,16615.4,0
2021-06-16 11:57:05,16613.7,0
2021-06-16 11:57:01,16614.2,0
2021-06-16 11:57:08,16615.6,0
2021-06-16 11:57:10,16614.9,0
2021-06-16 11:57:05,16613.7,0
2021-06-16 11:57:11,16616.0,0
2021-06-16 11:57:08,16615.6,0
2021-06-16 11:57:15,16615.6,0
2021-06-16 11:57:16,16614.9,0
2021-06-16 11:57:10,16614.9,0
2021-06-16 11:57:11,16616.0,0
2021-06-16 11:57:20,16614.5,0
2021-06-16 11:57:22,16613.95,0
2021-06-16 11:57:15,16615.6,0
2021-06-16 11:57:16,16614.9,0
2021-06-16 11:57:27,16614.35,0
2021-06-16 11:57:20,16614.5,0
2021-06-16 11:57:22,16613.95,0
2021-06-16 11:57:27,16614.35,0
2021-06-16 11:57:29,16614.8,0
2021-06-16 11:57:29,16614.8,0
2021-06-16 11:57:39,16615.25,0
2021-06-16 11:57:39,16615.25,0
2021-06-16 11:57:48,16615.05,0
2021-06-16 11:57:49,16614.8,0
2021-06-16 11:57:50,16614.45,0
2021-06-16 11:57:48,16615.05,0
2021-06-16 11:57:49,16614.8,0
2021-06-16 11:57:50,16614.45,0
2021-06-16 11:57:55,16615.55,0
2021-06-16 11:57:57,16616.15,0
2021-06-16 11:57:55,16615.55,0
2021-06-16 11:57:57,16616.15,0
2021-06-16 11:58:00,16616.95,0
2021-06-16 11:58:01,16616.95,0
2021-06-16 11:58:00,16616.95,0
2021-06-16 11:58:01,16616.95,0
2021-06-16 11:58:03,16617.4,0
2021-06-16 11:58:03,16617.4,0
2021-06-16 11:58:06,16617.8,0
2021-06-16 11:58:06,16617.8,0
2021-06-16 11:58:12,16615.05,0
2021-06-16 11:58:12,16615.05,0
2021-06-16 11:58:17,16616.45,0
2021-06-16 11:58:17,16616.45,0
2021-06-16 11:58:19,16615.7,0
2021-06-16 11:58:19,16615.7,0
2021-06-16 11:58:23,16616.1,0
2021-06-16 11:58:23,16616.1,0
2021-06-16 11:58:34,16616.35,0
2021-06-16 11:58:34,16616.35,0
2021-06-16 11:58:36,16615.2,0
2021-06-16 11:58:36,16615.2,0
2021-06-16 11:58:39,16615.6,0
2021-06-16 11:58:39,16615.6,0
2021-06-16 11:58:46,16616.1,0
2021-06-16 11:58:46,16616.1,0
2021-06-16 11:58:48,16616.15,0
2021-06-16 11:58:49,16616.4,0
2021-06-16 11:58:48,16616.15,0
2021-06-16 11:58:49,16616.4,0
2021-06-16 11:58:54,16615.95,0
2021-06-16 11:58:54,16615.95,0
2021-06-16 11:58:55,16616.5,0
2021-06-16 11:58:56,16616.55,0
2021-06-16 11:58:55,16616.5,0
2021-06-16 11:58:56,16616.55,0
2021-06-16 11:58:59,16616.8,0
2021-06-16 11:58:59,16616.8,0
2021-06-16 11:59:04,16618.2,0
2021-06-16 11:59:04,16618.2,0
2021-06-16 11:59:05,16618.15,0
2021-06-16 11:59:05,16618.15,0
2021-06-16 11:59:07,16616.4,0
2021-06-16 11:59:07,16616.4,0
2021-06-16 11:59:11,16616.85,0
2021-06-16 11:59:11,16616.85,0
2021-06-16 11:59:19,16616.6,0
2021-06-16 11:59:24,16615.5,0
2021-06-16 11:59:19,16616.6,0
2021-06-16 11:59:27,16615.05,0
2021-06-16 11:59:29,16616.3,0
2021-06-16 11:59:24,16615.5,0
2021-06-16 11:59:32,16615.75,0
2021-06-16 11:59:27,16615.05,0
2021-06-16 11:59:34,16616.45,0
2021-06-16 11:59:29,16616.3,0
2021-06-16 11:59:40,16615.1,0
2021-06-16 11:59:42,16614.6,0
2021-06-16 11:59:45,16615.9,0
2021-06-16 11:59:32,16615.75,0
2021-06-16 11:59:50,16614.0,0
2021-06-16 11:59:52,16614.4,0
2021-06-16 11:59:34,16616.45,0
2021-06-16 11:59:53,16614.2,0
2021-06-16 11:59:40,16615.1,0
2021-06-16 11:59:42,16614.6,0
2021-06-16 11:59:45,16615.9,0
2021-06-16 12:00:07,16616.8,0
2021-06-16 11:59:50,16614.0,0
2021-06-16 11:59:52,16614.4,0
2021-06-16 12:00:12,16615.85,0
2021-06-16 11:59:53,16614.2,0
2021-06-16 12:00:13,16615.6,0
2021-06-16 12:00:15,16616.5,0
2021-06-16 12:00:22,16616.9,0
2021-06-16 12:00:23,16617.25,0
2021-06-16 12:00:25,16617.3,0
2021-06-16 12:00:30,16616.2,0
2021-06-16 12:00:32,16617.75,0
2021-06-16 12:00:07,16616.8,0
2021-06-16 12:00:35,16617.1,0
2021-06-16 12:00:12,16615.85,0
2021-06-16 12:00:38,16616.1,0
2021-06-16 12:00:13,16615.6,0
2021-06-16 12:00:39,16615.8,0
2021-06-16 12:00:15,16616.5,0
2021-06-16 12:00:40,16615.75,0
2021-06-16 12:00:22,16616.9,0
2021-06-16 12:00:45,16614.55,0
2021-06-16 12:00:23,16617.25,0
2021-06-16 12:00:46,16615.4,0
2021-06-16 12:00:49,16615.05,0
2021-06-16 12:00:25,16617.3,0
2021-06-16 12:00:30,16616.2,0
2021-06-16 12:00:54,16613.55,0
2021-06-16 12:00:32,16617.75,0
2021-06-16 12:00:56,16614.45,0
2021-06-16 12:00:35,16617.1,0
2021-06-16 12:00:58,16614.7,0
2021-06-16 12:00:59,16614.45,0
2021-06-16 12:00:38,16616.1,0
2021-06-16 12:01:01,16614.65,0
2021-06-16 12:00:39,16615.8,0
2021-06-16 12:00:40,16615.75,0
2021-06-16 12:00:45,16614.55,0
2021-06-16 12:00:46,16615.4,0
2021-06-16 12:00:49,16615.05,0
2021-06-16 12:01:09,16613.15,0
2021-06-16 12:01:10,16614.35,0
2021-06-16 12:01:11,16614.95,0
2021-06-16 12:00:54,16613.55,0
2021-06-16 12:01:14,16615.6,0
2021-06-16 12:00:56,16614.45,0
2021-06-16 12:01:16,16614.6,0
2021-06-16 12:00:58,16614.7,0
2021-06-16 12:00:59,16614.45,0
2021-06-16 12:01:01,16614.65,0
2021-06-16 12:01:21,16615.2,0
2021-06-16 12:01:25,16614.05,0
2021-06-16 12:01:09,16613.15,0
2021-06-16 12:01:10,16614.35,0
2021-06-16 12:01:11,16614.95,0
2021-06-16 12:01:14,16615.6,0
2021-06-16 12:01:35,16614.75,0
2021-06-16 12:01:16,16614.6,0
2021-06-16 12:01:39,16614.2,0
2021-06-16 12:01:21,16615.2,0
2021-06-16 12:01:46,16613.95,0
2021-06-16 12:01:25,16614.05,0
2021-06-16 12:01:49,16613.55,0
2021-06-16 12:01:53,16613.9,0
2021-06-16 12:01:35,16614.75,0
2021-06-16 12:01:56,16613.35,0
2021-06-16 12:01:57,16613.15,0
2021-06-16 12:01:39,16614.2,0
2021-06-16 12:02:00,16613.15,0
2021-06-16 12:02:06,16614.2,0
2021-06-16 12:01:46,16613.95,0
2021-06-16 12:02:09,16612.95,0
2021-06-16 12:02:10,16613.0,0
2021-06-16 12:02:11,16613.0,0
2021-06-16 12:01:49,16613.55,0
2021-06-16 12:02:14,16613.5,0
2021-06-16 12:02:15,16613.65,0
2021-06-16 12:01:53,16613.9,0
2021-06-16 12:02:16,16613.7,0
2021-06-16 12:02:17,16613.6,0
2021-06-16 12:02:18,16613.7,0
2021-06-16 12:01:56,16613.35,0
2021-06-16 12:01:57,16613.15,0
2021-06-16 12:02:21,16614.25,0
2021-06-16 12:02:00,16613.15,0
2021-06-16 12:02:25,16612.9,0
2021-06-16 12:02:06,16614.2,0
2021-06-16 12:02:09,16612.95,0
2021-06-16 12:02:10,16613.0,0
2021-06-16 12:02:37,16613.15,0
2021-06-16 12:02:11,16613.0,0
2021-06-16 12:02:40,16612.1,0
2021-06-16 12:02:14,16613.5,0
2021-06-16 12:02:15,16613.65,0
2021-06-16 12:02:42,16612.15,0
2021-06-16 12:02:16,16613.7,0
2021-06-16 12:02:17,16613.6,0
2021-06-16 12:02:18,16613.7,0
2021-06-16 12:02:21,16614.25,0
2021-06-16 12:02:25,16612.9,0
2021-06-16 12:02:54,16610.45,0
2021-06-16 12:02:55,16611.55,0
2021-06-16 12:02:56,16611.35,0
2021-06-16 12:02:58,16614.3,0
2021-06-16 12:02:59,16614.6,0
2021-06-16 12:03:04,16612.5,0
2021-06-16 12:02:37,16613.15,0
2021-06-16 12:02:40,16612.1,0
2021-06-16 12:02:42,16612.15,0
2021-06-16 12:03:17,16611.75,0
2021-06-16 12:03:22,16610.5,0
2021-06-16 12:02:54,16610.45,0
2021-06-16 12:03:24,16610.1,0
2021-06-16 12:03:25,16610.1,0
2021-06-16 12:02:55,16611.55,0
2021-06-16 12:02:56,16611.35,0
2021-06-16 12:02:58,16614.3,0
2021-06-16 12:02:59,16614.6,0
2021-06-16 12:03:31,16611.25,0
2021-06-16 12:03:32,16610.95,0
2021-06-16 12:03:04,16612.5,0
2021-06-16 12:03:35,16611.0,0
2021-06-16 12:03:38,16609.6,0
2021-06-16 12:03:39,16609.4,0
2021-06-16 12:03:41,16610.3,0
2021-06-16 12:03:42,16609.8,0
2021-06-16 12:03:45,16610.05,0
2021-06-16 12:03:17,16611.75,0
2021-06-16 12:03:46,16610.6,0
2021-06-16 12:03:49,16609.6,0
2021-06-16 12:03:22,16610.5,0
2021-06-16 12:03:52,16610.8,0
2021-06-16 12:03:24,16610.1,0
2021-06-16 12:03:25,16610.1,0
2021-06-16 12:04:01,16610.5,0
2021-06-16 12:03:31,16611.25,0
2021-06-16 12:03:32,16610.95,0
2021-06-16 12:03:35,16611.0,0
2021-06-16 12:04:07,16609.4,0
2021-06-16 12:03:38,16609.6,0
2021-06-16 12:03:39,16609.4,0
2021-06-16 12:03:41,16610.3,0
2021-06-16 12:03:42,16609.8,0
2021-06-16 12:04:15,16609.55,0
2021-06-16 12:03:45,16610.05,0
2021-06-16 12:03:46,16610.6,0
2021-06-16 12:04:21,16611.45,0
2021-06-16 12:03:49,16609.6,0
2021-06-16 12:03:52,16610.8,0
2021-06-16 12:04:26,16610.95,0
2021-06-16 12:04:31,16610.0,0
2021-06-16 12:04:01,16610.5,0
2021-06-16 12:04:34,16610.0,0
2021-06-16 12:04:35,16609.4,0
2021-06-16 12:04:07,16609.4,0
2021-06-16 12:04:39,16609.8,0
2021-06-16 12:04:40,16609.7,0
2021-06-16 12:04:43,16609.95,0
2021-06-16 12:04:45,16610.25,0
2021-06-16 12:04:15,16609.55,0
2021-06-16 12:04:21,16611.45,0
2021-06-16 12:04:48,16610.05,0
2021-06-16 12:04:50,16609.65,0
2021-06-16 12:04:52,16609.5,0
2021-06-16 12:04:53,16609.95,0
2021-06-16 12:04:26,16610.95,0
2021-06-16 12:04:55,16608.65,0
2021-06-16 12:04:56,16609.15,0
2021-06-16 12:04:58,16609.45,0
2021-06-16 12:04:31,16610.0,0
2021-06-16 12:04:34,16610.0,0
2021-06-16 12:05:00,16608.5,0
2021-06-16 12:04:35,16609.4,0
2021-06-16 12:04:39,16609.8,0
2021-06-16 12:04:40,16609.7,0
2021-06-16 12:04:43,16609.95,0
2021-06-16 12:05:08,16609.5,0
2021-06-16 12:05:09,16609.1,0
2021-06-16 12:04:45,16610.25,0
2021-06-16 12:04:48,16610.05,0
2021-06-16 12:04:50,16609.65,0
2021-06-16 12:04:52,16609.5,0
2021-06-16 12:04:53,16609.95,0
2021-06-16 12:04:55,16608.65,0
2021-06-16 12:04:56,16609.15,0
2021-06-16 12:04:58,16609.45,0
2021-06-16 12:05:00,16608.5,0
2021-06-16 12:05:22,16614.1,0
2021-06-16 12:05:23,16613.6,0
2021-06-16 12:05:26,16613.95,0
2021-06-16 12:05:29,16614.35,0
2021-06-16 12:05:08,16609.5,0
2021-06-16 12:05:09,16609.1,0
2021-06-16 12:05:37,16629.8,0
2021-06-16 12:05:38,16628.3,0
2021-06-16 12:05:42,16632.4,0
2021-06-16 12:05:43,16631.65,0
2021-06-16 12:05:44,16630.45,0
2021-06-16 12:05:45,16631.95,0
2021-06-16 12:05:22,16614.1,0
2021-06-16 12:05:23,16613.6,0
2021-06-16 12:05:54,16627.25,0
2021-06-16 12:05:26,16613.95,0
2021-06-16 12:05:29,16614.35,0
2021-06-16 12:05:59,16625.6,0
2021-06-16 12:05:37,16629.8,0
2021-06-16 12:05:38,16628.3,0
2021-06-16 12:06:10,16625.75,0
2021-06-16 12:05:42,16632.4,0
2021-06-16 12:05:43,16631.65,0
2021-06-16 12:05:44,16630.45,0
2021-06-16 12:06:16,16626.3,0
2021-06-16 12:06:18,16624.9,0
2021-06-16 12:05:45,16631.95,0
2021-06-16 12:06:20,16623.85,0
2021-06-16 12:06:22,16625.05,0
2021-06-16 12:06:25,16624.55,0
2021-06-16 12:06:26,16622.5,0
2021-06-16 12:05:54,16627.25,0
2021-06-16 12:06:29,16624.05,0
2021-06-16 12:06:31,16623.3,0
2021-06-16 12:06:33,16622.3,0
2021-06-16 12:05:59,16625.6,0
2021-06-16 12:06:34,16623.45,0
2021-06-16 12:06:40,16621.75,0
2021-06-16 12:06:41,16621.1,0
2021-06-16 12:06:42,16621.4,0
2021-06-16 12:06:45,16621.05,0
2021-06-16 12:06:10,16625.75,0
2021-06-16 12:06:48,16621.3,0
2021-06-16 12:06:49,16621.2,0
2021-06-16 12:06:16,16626.3,0
2021-06-16 12:06:18,16624.9,0
2021-06-16 12:06:20,16623.85,0
2021-06-16 12:06:22,16625.05,0
2021-06-16 12:06:52,16620.25,0
2021-06-16 12:06:54,16620.0,0
2021-06-16 12:06:25,16624.55,0
2021-06-16 12:06:56,16617.85,0
2021-06-16 12:06:26,16622.5,0
2021-06-16 12:06:57,16618.15,0
2021-06-16 12:06:29,16624.05,0
2021-06-16 12:06:31,16623.3,0
2021-06-16 12:06:33,16622.3,0
2021-06-16 12:07:02,16617.4,0
2021-06-16 12:06:34,16623.45,0
2021-06-16 12:07:07,16615.25,0
2021-06-16 12:07:13,16595.25,0
2021-06-16 12:07:15,16584.3,0
2021-06-16 12:06:40,16621.75,0
2021-06-16 12:07:18,16587.2,0
2021-06-16 12:07:21,16600.15,0
2021-06-16 12:06:41,16621.1,0
2021-06-16 12:07:23,16599.5,0
2021-06-16 12:06:42,16621.4,0
2021-06-16 12:07:24,16599.55,0
2021-06-16 12:06:45,16621.05,0
2021-06-16 12:07:28,16595.45,0
2021-06-16 12:06:48,16621.3,0
2021-06-16 12:07:29,16593.6,0
2021-06-16 12:07:30,16595.1,0
2021-06-16 12:06:49,16621.2,0
2021-06-16 12:07:31,16596.6,0
2021-06-16 12:07:32,16597.25,0
2021-06-16 12:06:52,16620.25,0
2021-06-16 12:07:34,16599.85,0
2021-06-16 12:06:54,16620.0,0
2021-06-16 12:06:56,16617.85,0
2021-06-16 12:06:57,16618.15,0
2021-06-16 12:07:39,16599.1,0
2021-06-16 12:07:40,16598.35,0
2021-06-16 12:07:43,16597.7,0
2021-06-16 12:07:02,16617.4,0
2021-06-16 12:07:45,16596.2,0
2021-06-16 12:07:07,16615.25,0
2021-06-16 12:07:53,16602.55,0
2021-06-16 12:07:13,16595.25,0
2021-06-16 12:07:15,16584.3,0
2021-06-16 12:07:58,16602.5,0
2021-06-16 12:07:59,16601.2,0
2021-06-16 12:07:18,16587.2,0
2021-06-16 12:08:01,16601.4,0
2021-06-16 12:08:02,16600.0,0
2021-06-16 12:07:21,16600.15,0
2021-06-16 12:07:23,16599.5,0
2021-06-16 12:07:24,16599.55,0
2021-06-16 12:08:05,16600.8,0
2021-06-16 12:08:07,16600.0,0
2021-06-16 12:07:28,16595.45,0
2021-06-16 12:07:29,16593.6,0
2021-06-16 12:08:08,16599.55,0
2021-06-16 12:07:30,16595.1,0
2021-06-16 12:07:31,16596.6,0
2021-06-16 12:07:32,16597.25,0
2021-06-16 12:08:09,16600.15,0
2021-06-16 12:07:34,16599.85,0
2021-06-16 12:08:10,16599.7,0
2021-06-16 12:08:12,16599.35,0
2021-06-16 12:07:39,16599.1,0
2021-06-16 12:07:40,16598.35,0
2021-06-16 12:08:17,16600.85,0
2021-06-16 12:08:18,16599.85,0
2021-06-16 12:07:43,16597.7,0
2021-06-16 12:08:20,16598.45,0
2021-06-16 12:07:45,16596.2,0
2021-06-16 12:08:27,16601.25,0
2021-06-16 12:08:29,16600.45,0
2021-06-16 12:07:53,16602.55,0
2021-06-16 12:08:31,16599.5,0
2021-06-16 12:08:32,16599.95,0
2021-06-16 12:08:37,16599.55,0
2021-06-16 12:07:58,16602.5,0
2021-06-16 12:07:59,16601.2,0
2021-06-16 12:08:01,16601.4,0
2021-06-16 12:08:02,16600.0,0
2021-06-16 12:08:45,16599.8,0
2021-06-16 12:08:46,16599.95,0
2021-06-16 12:08:05,16600.8,0
2021-06-16 12:08:07,16600.0,0
2021-06-16 12:08:47,16600.15,0
2021-06-16 12:08:08,16599.55,0
2021-06-16 12:08:49,16600.35,0
2021-06-16 12:08:09,16600.15,0
2021-06-16 12:08:50,16599.45,0
2021-06-16 12:08:10,16599.7,0
2021-06-16 12:08:54,16599.65,0
2021-06-16 12:08:55,16600.65,0
2021-06-16 12:08:12,16599.35,0
2021-06-16 12:09:00,16598.7,0
2021-06-16 12:08:17,16600.85,0
2021-06-16 12:08:18,16599.85,0
2021-06-16 12:08:20,16598.45,0
2021-06-16 12:09:04,16600.05,0
2021-06-16 12:09:05,16600.3,0
2021-06-16 12:09:08,16599.25,0
2021-06-16 12:09:10,16599.9,0
2021-06-16 12:08:27,16601.25,0
2021-06-16 12:08:29,16600.45,0
2021-06-16 12:09:15,16600.75,0
2021-06-16 12:08:31,16599.5,0
2021-06-16 12:08:32,16599.95,0
2021-06-16 12:09:19,16600.7,0
2021-06-16 12:09:20,16601.1,0
2021-06-16 12:08:37,16599.55,0
2021-06-16 12:09:23,16600.8,0
2021-06-16 12:09:25,16600.7,0
2021-06-16 12:09:26,16600.95,0
2021-06-16 12:09:27,16600.95,0
2021-06-16 12:08:45,16599.8,0
2021-06-16 12:08:46,16599.95,0
2021-06-16 12:08:47,16600.15,0
2021-06-16 12:08:49,16600.35,0
2021-06-16 12:08:50,16599.45,0
2021-06-16 12:08:54,16599.65,0
2021-06-16 12:08:55,16600.65,0
2021-06-16 12:09:33,16600.55,0
2021-06-16 12:09:00,16598.7,0
2021-06-16 12:09:38,16599.85,0
2021-06-16 12:09:04,16600.05,0
2021-06-16 12:09:05,16600.3,0
2021-06-16 12:09:40,16599.95,0
2021-06-16 12:09:08,16599.25,0
2021-06-16 12:09:43,16599.6,0
2021-06-16 12:09:10,16599.9,0
2021-06-16 12:09:46,16600.7,0
2021-06-16 12:09:15,16600.75,0
2021-06-16 12:09:19,16600.7,0
2021-06-16 12:09:53,16599.8,0
2021-06-16 12:09:20,16601.1,0
2021-06-16 12:09:54,16600.45,0
2021-06-16 12:09:23,16600.8,0
2021-06-16 12:09:59,16600.8,0
2021-06-16 12:09:25,16600.7,0
2021-06-16 12:09:26,16600.95,0
2021-06-16 12:10:01,16598.8,0
2021-06-16 12:09:27,16600.95,0
2021-06-16 12:10:04,16598.75,0
2021-06-16 12:10:08,16597.65,0
2021-06-16 12:10:09,16597.35,0
2021-06-16 12:09:33,16600.55,0
2021-06-16 12:10:13,16598.7,0
2021-06-16 12:09:38,16599.85,0
2021-06-16 12:10:17,16599.0,0
2021-06-16 12:09:40,16599.95,0
2021-06-16 12:10:18,16599.2,0
2021-06-16 12:10:19,16599.75,0
2021-06-16 12:10:22,16600.95,0
2021-06-16 12:09:43,16599.6,0
2021-06-16 12:09:46,16600.7,0
2021-06-16 12:10:29,16600.95,0
2021-06-16 12:09:53,16599.8,0
2021-06-16 12:09:54,16600.45,0
2021-06-16 12:10:33,16600.55,0
2021-06-16 12:10:34,16600.55,0
2021-06-16 12:09:59,16600.8,0
2021-06-16 12:10:01,16598.8,0
2021-06-16 12:10:04,16598.75,0
2021-06-16 12:10:45,16602.0,0
2021-06-16 12:10:08,16597.65,0
2021-06-16 12:10:46,16601.85,0
2021-06-16 12:10:09,16597.35,0
2021-06-16 12:10:50,16601.4,0
2021-06-16 12:10:13,16598.7,0
2021-06-16 12:10:52,16600.55,0
2021-06-16 12:10:56,16600.5,0
2021-06-16 12:10:59,16600.3,0
2021-06-16 12:11:00,16600.3,0
2021-06-16 12:10:17,16599.0,0
2021-06-16 12:10:18,16599.2,0
2021-06-16 12:10:19,16599.75,0
2021-06-16 12:11:03,16600.25,0
2021-06-16 12:10:22,16600.95,0
2021-06-16 12:11:06,16600.25,0
2021-06-16 12:11:07,16599.9,0
2021-06-16 12:10:29,16600.95,0
2021-06-16 12:10:33,16600.55,0
2021-06-16 12:11:11,16599.6,0
2021-06-16 12:10:34,16600.55,0
2021-06-16 12:11:12,16599.6,0
2021-06-16 12:11:13,16599.55,0
2021-06-16 12:11:14,16600.1,0
2021-06-16 12:11:16,16599.6,0
2021-06-16 12:11:19,16600.0,0
2021-06-16 12:11:20,16600.25,0
2021-06-16 12:11:22,16599.85,0
2021-06-16 12:10:45,16602.0,0
2021-06-16 12:11:23,16600.1,0
2021-06-16 12:10:46,16601.85,0
2021-06-16 12:11:28,16599.9,0
2021-06-16 12:11:29,16599.8,0
2021-06-16 12:10:50,16601.4,0
2021-06-16 12:10:52,16600.55,0
2021-06-16 12:10:56,16600.5,0
2021-06-16 12:11:37,16602.0,0
2021-06-16 12:10:59,16600.3,0
2021-06-16 12:11:38,16600.9,0
2021-06-16 12:11:00,16600.3,0
2021-06-16 12:11:41,16601.0,0
2021-06-16 12:11:03,16600.25,0
2021-06-16 12:11:43,16601.7,0
2021-06-16 12:11:44,16601.2,0
2021-06-16 12:11:45,16599.85,0
2021-06-16 12:11:06,16600.25,0
2021-06-16 12:11:07,16599.9,0
2021-06-16 12:11:11,16599.6,0
2021-06-16 12:11:12,16599.6,0
2021-06-16 12:11:51,16602.2,0
2021-06-16 12:11:52,16601.8,0
2021-06-16 12:11:13,16599.55,0
2021-06-16 12:11:14,16600.1,0
2021-06-16 12:11:16,16599.6,0
2021-06-16 12:11:56,16601.25,0
2021-06-16 12:11:57,16600.9,0
2021-06-16 12:11:58,16601.3,0
2021-06-16 12:11:19,16600.0,0
2021-06-16 12:11:20,16600.25,0
2021-06-16 12:12:02,16600.55,0
2021-06-16 12:12:03,16600.75,0
2021-06-16 12:11:22,16599.85,0
2021-06-16 12:11:23,16600.1,0
2021-06-16 12:11:28,16599.9,0
2021-06-16 12:11:29,16599.8,0
2021-06-16 12:12:15,16600.85,0
2021-06-16 12:12:19,16599.9,0
2021-06-16 12:11:37,16602.0,0
2021-06-16 12:12:22,16600.4,0
2021-06-16 12:11:38,16600.9,0
2021-06-16 12:12:24,16601.15,0
2021-06-16 12:12:25,16600.1,0
2021-06-16 12:11:41,16601.0,0
2021-06-16 12:12:26,16599.85,0
2021-06-16 12:11:43,16601.7,0
2021-06-16 12:12:30,16600.25,0
2021-06-16 12:11:44,16601.2,0
2021-06-16 12:11:45,16599.85,0
2021-06-16 12:11:51,16602.2,0
2021-06-16 12:11:52,16601.8,0
2021-06-16 12:12:44,16603.0,0
2021-06-16 12:12:45,16603.35,0
2021-06-16 12:11:56,16601.25,0
2021-06-16 12:11:57,16600.9,0
2021-06-16 12:12:47,16602.95,0
2021-06-16 12:11:58,16601.3,0
2021-06-16 12:12:49,16602.85,0
2021-06-16 12:12:50,16603.2,0
2021-06-16 12:12:02,16600.55,0
2021-06-16 12:12:51,16602.75,0
2021-06-16 12:12:03,16600.75,0
2021-06-16 12:12:54,16602.4,0
2021-06-16 12:12:57,16602.65,0
2021-06-16 12:13:04,16604.2,0
2021-06-16 12:12:15,16600.85,0
2021-06-16 12:13:05,16604.2,0
2021-06-16 12:13:06,16603.4,0
2021-06-16 12:12:19,16599.9,0
2021-06-16 12:13:10,16603.5,0
2021-06-16 12:13:12,16604.2,0
2021-06-16 12:13:13,16603.95,0
2021-06-16 12:12:22,16600.4,0
2021-06-16 12:13:15,16604.4,0
2021-06-16 12:12:24,16601.15,0
2021-06-16 12:12:25,16600.1,0
2021-06-16 12:12:26,16599.85,0
2021-06-16 12:13:18,16604.0,0
2021-06-16 12:13:19,16603.9,0
2021-06-16 12:13:22,16602.85,0
2021-06-16 12:12:30,16600.25,0
2021-06-16 12:13:23,16601.55,0
2021-06-16 12:13:28,16600.75,0
2021-06-16 12:13:32,16601.65,0
2021-06-16 12:13:33,16600.95,0
2021-06-16 12:12:44,16603.0,0
2021-06-16 12:13:34,16601.15,0
2021-06-16 12:12:45,16603.35,0
2021-06-16 12:12:47,16602.95,0
2021-06-16 12:12:49,16602.85,0
2021-06-16 12:12:50,16603.2,0
2021-06-16 12:12:51,16602.75,0
2021-06-16 12:13:41,16601.85,0
2021-06-16 12:12:54,16602.4,0
2021-06-16 12:12:57,16602.65,0
2021-06-16 12:13:04,16604.2,0
2021-06-16 12:13:05,16604.2,0
2021-06-16 12:13:48,16601.5,0
2021-06-16 12:13:06,16603.4,0
2021-06-16 12:13:49,16601.4,0
2021-06-16 12:13:10,16603.5,0
2021-06-16 12:13:52,16602.9,0
2021-06-16 12:13:12,16604.2,0
2021-06-16 12:13:55,16602.15,0
2021-06-16 12:13:13,16603.95,0
2021-06-16 12:13:57,16603.5,0
2021-06-16 12:13:15,16604.4,0
2021-06-16 12:13:58,16603.15,0
2021-06-16 12:13:18,16604.0,0
2021-06-16 12:14:02,16603.15,0
2021-06-16 12:13:19,16603.9,0
2021-06-16 12:13:22,16602.85,0
2021-06-16 12:13:23,16601.55,0
2021-06-16 12:14:07,16605.0,0
2021-06-16 12:14:10,16605.0,0
2021-06-16 12:13:28,16600.75,0
2021-06-16 12:13:32,16601.65,0
2021-06-16 12:14:14,16604.95,0
2021-06-16 12:14:15,16604.4,0
2021-06-16 12:14:20,16604.2,0
2021-06-16 12:14:22,16603.65,0
2021-06-16 12:14:23,16603.5,0
2021-06-16 12:13:33,16600.95,0
2021-06-16 12:13:34,16601.15,0
2021-06-16 12:14:27,16603.65,0
2021-06-16 12:14:28,16603.85,0
2021-06-16 12:14:31,16603.85,0
2021-06-16 12:14:34,16603.85,0
2021-06-16 12:13:41,16601.85,0
2021-06-16 12:13:48,16601.5,0
2021-06-16 12:13:49,16601.4,0
2021-06-16 12:13:52,16602.9,0
2021-06-16 12:14:44,16602.8,0
2021-06-16 12:13:55,16602.15,0
2021-06-16 12:13:57,16603.5,0
2021-06-16 12:14:48,16604.15,0
2021-06-16 12:13:58,16603.15,0
2021-06-16 12:14:51,16603.7,0
2021-06-16 12:14:02,16603.15,0
2021-06-16 12:14:55,16602.8,0
2021-06-16 12:14:07,16605.0,0
2021-06-16 12:14:57,16603.9,0
2021-06-16 12:14:10,16605.0,0
2021-06-16 12:14:14,16604.95,0
2021-06-16 12:14:15,16604.4,0
2021-06-16 12:15:04,16603.3,0
2021-06-16 12:15:05,16603.4,0
2021-06-16 12:15:06,16603.0,0
2021-06-16 12:14:20,16604.2,0
2021-06-16 12:15:11,16604.2,0
2021-06-16 12:14:22,16603.65,0
2021-06-16 12:14:23,16603.5,0
2021-06-16 12:15:13,16603.3,0
2021-06-16 12:15:14,16604.3,0
2021-06-16 12:15:16,16604.6,0
2021-06-16 12:14:27,16603.65,0
2021-06-16 12:15:18,16604.8,0
2021-06-16 12:14:28,16603.85,0
2021-06-16 12:15:21,16604.0,0
2021-06-16 12:14:31,16603.85,0
2021-06-16 12:14:34,16603.85,0
2021-06-16 12:15:27,16605.5,0
2021-06-16 12:15:29,16604.85,0
2021-06-16 12:14:44,16602.8,0
2021-06-16 12:14:48,16604.15,0
2021-06-16 12:15:37,16604.2,0
2021-06-16 12:15:38,16603.85,0
2021-06-16 12:14:51,16603.7,0
2021-06-16 12:15:39,16602.95,0
2021-06-16 12:14:55,16602.8,0
2021-06-16 12:15:44,16603.3,0
2021-06-16 12:14:57,16603.9,0
2021-06-16 12:15:47,16603.05,0
2021-06-16 12:15:48,16602.45,0
2021-06-16 12:15:49,16603.05,0
2021-06-16 12:15:50,16603.2,0
2021-06-16 12:15:04,16603.3,0
2021-06-16 12:15:05,16603.4,0
2021-06-16 12:15:55,16603.35,0
2021-06-16 12:15:06,16603.0,0
2021-06-16 12:15:11,16604.2,0
2021-06-16 12:15:59,16603.2,0
2021-06-16 12:16:00,16603.1,0
2021-06-16 12:15:13,16603.3,0
2021-06-16 12:15:14,16604.3,0
2021-06-16 12:16:02,16602.8,0
2021-06-16 12:15:16,16604.6,0
2021-06-16 12:16:07,16601.85,0
2021-06-16 12:15:18,16604.8,0
2021-06-16 12:15:21,16604.0,0
2021-06-16 12:16:10,16601.95,0
2021-06-16 12:15:27,16605.5,0
2021-06-16 12:16:11,16602.8,0
2021-06-16 12:15:29,16604.85,0
2021-06-16 12:15:37,16604.2,0
2021-06-16 12:15:38,16603.85,0
2021-06-16 12:15:39,16602.95,0
2021-06-16 12:16:19,16602.35,0
2021-06-16 12:15:44,16603.3,0
2021-06-16 12:15:47,16603.05,0
2021-06-16 12:16:24,16602.9,0
2021-06-16 12:16:25,16602.4,0
2021-06-16 12:15:48,16602.45,0
2021-06-16 12:15:49,16603.05,0
2021-06-16 12:16:26,16602.45,0
2021-06-16 12:15:50,16603.2,0
2021-06-16 12:15:55,16603.35,0
2021-06-16 12:15:59,16603.2,0
2021-06-16 12:16:00,16603.1,0
2021-06-16 12:16:34,16602.0,0
2021-06-16 12:16:02,16602.8,0
2021-06-16 12:16:07,16601.85,0
2021-06-16 12:16:40,16602.1,0
2021-06-16 12:16:10,16601.95,0
2021-06-16 12:16:11,16602.8,0
2021-06-16 12:16:44,16602.5,0
2021-06-16 12:16:49,16604.4,0
2021-06-16 12:16:19,16602.35,0
2021-06-16 12:16:55,16604.9,0
2021-06-16 12:16:56,16604.6,0
2021-06-16 12:16:24,16602.9,0
2021-06-16 12:16:25,16602.4,0
2021-06-16 12:16:26,16602.45,0
2021-06-16 12:17:06,16606.15,0
2021-06-16 12:16:34,16602.0,0
2021-06-16 12:17:10,16605.65,0
2021-06-16 12:17:14,16605.65,0
2021-06-16 12:17:15,16605.75,0
2021-06-16 12:17:16,16605.9,0
2021-06-16 12:17:19,16605.8,0
2021-06-16 12:16:40,16602.1,0
2021-06-16 12:17:21,16605.85,0
2021-06-16 12:16:44,16602.5,0
2021-06-16 12:16:49,16604.4,0
2021-06-16 12:17:26,16604.9,0
2021-06-16 12:17:30,16605.2,0
2021-06-16 12:17:33,16605.65,0
2021-06-16 12:17:34,16606.15,0
2021-06-16 12:17:35,16606.1,0
2021-06-16 12:16:55,16604.9,0
2021-06-16 12:16:56,16604.6,0
2021-06-16 12:17:37,16605.9,0
2021-06-16 12:17:38,16605.7,0
2021-06-16 12:17:39,16605.05,0
2021-06-16 12:17:42,16605.55,0
2021-06-16 12:17:45,16605.55,0
2021-06-16 12:17:06,16606.15,0
2021-06-16 12:17:51,16606.15,0
2021-06-16 12:17:10,16605.65,0
2021-06-16 12:17:57,16607.75,0
2021-06-16 12:17:14,16605.65,0
2021-06-16 12:17:15,16605.75,0
2021-06-16 12:17:59,16607.55,0
2021-06-16 12:17:16,16605.9,0
2021-06-16 12:17:19,16605.8,0
2021-06-16 12:18:04,16609.4,0
2021-06-16 12:17:21,16605.85,0
2021-06-16 12:18:11,16608.35,0
2021-06-16 12:18:13,16608.55,0
2021-06-16 12:17:26,16604.9,0
2021-06-16 12:18:15,16608.8,0
2021-06-16 12:17:30,16605.2,0
2021-06-16 12:17:33,16605.65,0
2021-06-16 12:17:34,16606.15,0
2021-06-16 12:17:35,16606.1,0
2021-06-16 12:18:23,16606.9,0
2021-06-16 12:17:37,16605.9,0
2021-06-16 12:18:25,16608.6,0
2021-06-16 12:17:38,16605.7,0
2021-06-16 12:17:39,16605.05,0
2021-06-16 12:18:29,16608.45,0
2021-06-16 12:17:42,16605.55,0
2021-06-16 12:17:45,16605.55,0
2021-06-16 12:17:51,16606.15,0
2021-06-16 12:18:38,16608.85,0
2021-06-16 12:18:40,16607.55,0
2021-06-16 12:17:57,16607.75,0
2021-06-16 12:17:59,16607.55,0
2021-06-16 12:18:04,16609.4,0
2021-06-16 12:18:11,16608.35,0
2021-06-16 12:18:13,16608.55,0
2021-06-16 12:18:15,16608.8,0
2021-06-16 12:18:57,16607.95,0
2021-06-16 12:18:59,16608.75,0
2021-06-16 12:19:00,16608.35,0
2021-06-16 12:18:23,16606.9,0
2021-06-16 12:19:02,16607.25,0
2021-06-16 12:18:25,16608.6,0
2021-06-16 12:18:29,16608.45,0
2021-06-16 12:19:09,16607.7,0
2021-06-16 12:19:17,16607.5,0
2021-06-16 12:19:19,16607.75,0
2021-06-16 12:18:38,16608.85,0
2021-06-16 12:19:23,16607.0,0
2021-06-16 12:18:40,16607.55,0
2021-06-16 12:19:25,16607.8,0
2021-06-16 12:19:31,16609.75,0
2021-06-16 12:19:32,16609.55,0
2021-06-16 12:19:35,16610.25,0
2021-06-16 12:19:38,16610.0,0
2021-06-16 12:19:41,16609.6,0
2021-06-16 12:18:57,16607.95,0
2021-06-16 12:19:45,16610.35,0
2021-06-16 12:18:59,16608.75,0
2021-06-16 12:19:00,16608.35,0
2021-06-16 12:19:02,16607.25,0
2021-06-16 12:19:09,16607.7,0
2021-06-16 12:19:58,16609.45,0
2021-06-16 12:19:59,16609.9,0
2021-06-16 12:20:02,16609.35,0
2021-06-16 12:19:17,16607.5,0
2021-06-16 12:19:19,16607.75,0
2021-06-16 12:20:07,16608.5,0
2021-06-16 12:19:23,16607.0,0
2021-06-16 12:20:10,16607.5,0
2021-06-16 12:19:25,16607.8,0
2021-06-16 12:20:16,16607.7,0
2021-06-16 12:19:31,16609.75,0
2021-06-16 12:19:32,16609.55,0
2021-06-16 12:20:23,16608.4,0
2021-06-16 12:19:35,16610.25,0
2021-06-16 12:20:28,16609.0,0
2021-06-16 12:19:38,16610.0,0
2021-06-16 12:20:29,16610.3,0
2021-06-16 12:19:41,16609.6,0
2021-06-16 12:20:34,16610.2,0
2021-06-16 12:19:45,16610.35,0
2021-06-16 12:20:36,16611.8,0
2021-06-16 12:20:39,16611.25,0
2021-06-16 12:20:44,16611.6,0
2021-06-16 12:20:47,16612.55,0
2021-06-16 12:20:48,16612.45,0
2021-06-16 12:19:58,16609.45,0
2021-06-16 12:20:49,16611.7,0
2021-06-16 12:19:59,16609.9,0
2021-06-16 12:20:52,16610.65,0
2021-06-16 12:20:02,16609.35,0
2021-06-16 12:20:54,16611.4,0
2021-06-16 12:20:55,16611.5,0
2021-06-16 12:20:56,16611.4,0
2021-06-16 12:20:57,16611.7,0
2021-06-16 12:20:07,16608.5,0
2021-06-16 12:20:10,16607.5,0
2021-06-16 12:21:04,16611.9,0
2021-06-16 12:20:16,16607.7,0
2021-06-16 12:21:09,16610.7,0
2021-06-16 12:20:23,16608.4,0
2021-06-16 12:21:13,16611.0,0
2021-06-16 12:21:15,16611.35,0
2021-06-16 12:20:28,16609.0,0
2021-06-16 12:20:29,16610.3,0
2021-06-16 12:21:23,16610.35,0
2021-06-16 12:21:24,16610.05,0
2021-06-16 12:20:34,16610.2,0
2021-06-16 12:21:26,16610.4,0
2021-06-16 12:20:36,16611.8,0
2021-06-16 12:21:28,16610.1,0
2021-06-16 12:20:39,16611.25,0
2021-06-16 12:21:31,16609.45,0
2021-06-16 12:21:34,16609.65,0
2021-06-16 12:21:35,16609.9,0
2021-06-16 12:21:39,16610.25,0
2021-06-16 12:21:40,16610.9,0
2021-06-16 12:20:44,16611.6,0
2021-06-16 12:21:42,16609.95,0
2021-06-16 12:21:43,16609.35,0
2021-06-16 12:20:47,16612.55,0
2021-06-16 12:20:48,16612.45,0
2021-06-16 12:20:49,16611.7,0
2021-06-16 12:21:47,16610.0,0
2021-06-16 12:20:52,16610.65,0
2021-06-16 12:21:49,16610.05,0
2021-06-16 12:21:52,16611.15,0
2021-06-16 12:21:53,16609.25,0
2021-06-16 12:20:54,16611.4,0
2021-06-16 12:20:55,16611.5,0
2021-06-16 12:20:56,16611.4,0
2021-06-16 12:20:57,16611.7,0
2021-06-16 12:21:57,16612.35,0
2021-06-16 12:21:58,16612.2,0
2021-06-16 12:22:00,16611.85,0
2021-06-16 12:21:04,16611.9,0
2021-06-16 12:22:02,16613.05,0
2021-06-16 12:22:03,16612.05,0
2021-06-16 12:21:09,16610.7,0
2021-06-16 12:22:04,16612.3,0
2021-06-16 12:22:05,16612.55,0
2021-06-16 12:22:06,16611.2,0
2021-06-16 12:21:13,16611.0,0
2021-06-16 12:21:15,16611.35,0
2021-06-16 12:22:09,16610.6,0
2021-06-16 12:22:12,16611.3,0
2021-06-16 12:21:23,16610.35,0
2021-06-16 12:21:24,16610.05,0
2021-06-16 12:22:14,16610.55,0
2021-06-16 12:21:26,16610.4,0
2021-06-16 12:21:28,16610.1,0
2021-06-16 12:22:16,16610.25,0
2021-06-16 12:21:31,16609.45,0
2021-06-16 12:22:20,16609.2,0
2021-06-16 12:21:34,16609.65,0
2021-06-16 12:21:35,16609.9,0
2021-06-16 12:22:24,16608.45,0
2021-06-16 12:21:39,16610.25,0
2021-06-16 12:21:40,16610.9,0
2021-06-16 12:22:28,16607.75,0
2021-06-16 12:22:29,16607.25,0
2021-06-16 12:21:42,16609.95,0
2021-06-16 12:21:43,16609.35,0
2021-06-16 12:22:34,16606.75,0
2021-06-16 12:21:47,16610.0,0
2021-06-16 12:22:35,16606.4,0
2021-06-16 12:21:49,16610.05,0
2021-06-16 12:22:39,16606.8,0
2021-06-16 12:22:40,16607.3,0
2021-06-16 12:21:52,16611.15,0
2021-06-16 12:21:53,16609.25,0
2021-06-16 12:22:42,16606.7,0
2021-06-16 12:21:57,16612.35,0
2021-06-16 12:21:58,16612.2,0
2021-06-16 12:22:00,16611.85,0
2021-06-16 12:22:02,16613.05,0
2021-06-16 12:22:03,16612.05,0
2021-06-16 12:22:51,16608.85,0
2021-06-16 12:22:04,16612.3,0
2021-06-16 12:22:52,16609.7,0
2021-06-16 12:22:05,16612.55,0
2021-06-16 12:22:06,16611.2,0
2021-06-16 12:22:56,16608.9,0
2021-06-16 12:22:57,16609.1,0
2021-06-16 12:22:59,16610.5,0
2021-06-16 12:22:09,16610.6,0
2021-06-16 12:23:04,16611.1,0
2021-06-16 12:22:12,16611.3,0
2021-06-16 12:22:14,16610.55,0
2021-06-16 12:22:16,16610.25,0
2021-06-16 12:23:10,16609.05,0
2021-06-16 12:22:20,16609.2,0
2021-06-16 12:23:12,16608.85,0
2021-06-16 12:22:24,16608.45,0
2021-06-16 12:23:13,16609.0,0
2021-06-16 12:23:15,16609.8,0
2021-06-16 12:22:28,16607.75,0
2021-06-16 12:23:16,16610.75,0
2021-06-16 12:22:29,16607.25,0
2021-06-16 12:23:18,16611.55,0
2021-06-16 12:22:34,16606.75,0
2021-06-16 12:22:35,16606.4,0
2021-06-16 12:23:20,16610.8,0
2021-06-16 12:22:39,16606.8,0
2021-06-16 12:22:40,16607.3,0
2021-06-16 12:22:42,16606.7,0
2021-06-16 12:23:28,16611.2,0
2021-06-16 12:23:33,16611.1,0
2021-06-16 12:23:35,16611.2,0
2021-06-16 12:22:51,16608.85,0
2021-06-16 12:22:52,16609.7,0
2021-06-16 12:23:37,16610.55,0
2021-06-16 12:22:56,16608.9,0
2021-06-16 12:22:57,16609.1,0
2021-06-16 12:22:59,16610.5,0
2021-06-16 12:23:43,16610.0,0
2021-06-16 12:23:04,16611.1,0
2021-06-16 12:23:45,16609.85,0
2021-06-16 12:23:46,16610.75,0
2021-06-16 12:23:48,16610.75,0
2021-06-16 12:23:49,16610.85,0
2021-06-16 12:23:50,16611.0,0
2021-06-16 12:23:10,16609.05,0
2021-06-16 12:23:12,16608.85,0
2021-06-16 12:23:13,16609.0,0
2021-06-16 12:23:15,16609.8,0
2021-06-16 12:23:54,16611.15,0
2021-06-16 12:23:16,16610.75,0
2021-06-16 12:23:55,16611.05,0
2021-06-16 12:23:56,16610.85,0
2021-06-16 12:23:57,16611.05,0
2021-06-16 12:23:58,16610.25,0
2021-06-16 12:23:18,16611.55,0
2021-06-16 12:24:00,16610.2,0
2021-06-16 12:24:01,16609.8,0
2021-06-16 12:23:20,16610.8,0
2021-06-16 12:24:02,16610.3,0
2021-06-16 12:24:03,16610.35,0
2021-06-16 12:24:04,16610.4,0
2021-06-16 12:24:06,16610.15,0
2021-06-16 12:23:28,16611.2,0
2021-06-16 12:24:09,16609.65,0
2021-06-16 12:24:10,16609.65,0
2021-06-16 12:24:11,16608.65,0
2021-06-16 12:23:33,16611.1,0
2021-06-16 12:24:14,16608.85,0
2021-06-16 12:23:35,16611.2,0
2021-06-16 12:23:37,16610.55,0
2021-06-16 12:24:18,16608.1,0
2021-06-16 12:24:19,16608.3,0
2021-06-16 12:24:20,16608.35,0
2021-06-16 12:23:43,16610.0,0
2021-06-16 12:24:22,16608.3,0
2021-06-16 12:23:45,16609.85,0
2021-06-16 12:23:46,16610.75,0
2021-06-16 12:23:48,16610.75,0
2021-06-16 12:23:49,16610.85,0
2021-06-16 12:24:25,16607.2,0
2021-06-16 12:23:50,16611.0,0
2021-06-16 12:24:27,16607.45,0
2021-06-16 12:24:28,16606.9,0
2021-06-16 12:24:29,16606.0,0
2021-06-16 12:24:30,16606.95,0
2021-06-16 12:23:54,16611.15,0
2021-06-16 12:24:31,16606.7,0
2021-06-16 12:24:32,16607.7,0
2021-06-16 12:23:55,16611.05,0
2021-06-16 12:23:56,16610.85,0
2021-06-16 12:23:57,16611.05,0
2021-06-16 12:23:58,16610.25,0
2021-06-16 12:24:35,16607.85,0
2021-06-16 12:24:00,16610.2,0
2021-06-16 12:24:01,16609.8,0
2021-06-16 12:24:38,16607.25,0
2021-06-16 12:24:02,16610.3,0
2021-06-16 12:24:03,16610.35,0
2021-06-16 12:24:39,16606.55,0
2021-06-16 12:24:04,16610.4,0
2021-06-16 12:24:41,16607.15,0
2021-06-16 12:24:06,16610.15,0
2021-06-16 12:24:09,16609.65,0
2021-06-16 12:24:10,16609.65,0
2021-06-16 12:24:11,16608.65,0
2021-06-16 12:24:42,16607.15,0
2021-06-16 12:24:14,16608.85,0
2021-06-16 12:24:43,16606.5,0
2021-06-16 12:24:46,16605.8,0
2021-06-16 12:24:18,16608.1,0
2021-06-16 12:24:47,16605.9,0
2021-06-16 12:24:49,16606.35,0
2021-06-16 12:24:19,16608.3,0
2021-06-16 12:24:20,16608.35,0
2021-06-16 12:24:51,16605.85,0
2021-06-16 12:24:53,16605.9,0
2021-06-16 12:24:22,16608.3,0
2021-06-16 12:24:55,16605.9,0
2021-06-16 12:24:54,16605.95,0
2021-06-16 12:24:57,16605.3,0
2021-06-16 12:24:25,16607.2,0
2021-06-16 12:24:58,16605.8,0
2021-06-16 12:24:27,16607.45,0
2021-06-16 12:25:04,16605.35,0
2021-06-16 12:24:28,16606.9,0
2021-06-16 12:24:29,16606.0,0
2021-06-16 12:24:30,16606.95,0
2021-06-16 12:24:31,16606.7,0
2021-06-16 12:24:32,16607.7,0
2021-06-16 12:24:35,16607.85,0
2021-06-16 12:24:38,16607.25,0
2021-06-16 12:24:39,16606.55,0
2021-06-16 12:24:41,16607.15,0
2021-06-16 12:25:15,16604.85,0
2021-06-16 12:24:42,16607.15,0
2021-06-16 12:24:43,16606.5,0
2021-06-16 12:25:20,16602.9,0
2021-06-16 12:24:46,16605.8,0
2021-06-16 12:24:47,16605.9,0
2021-06-16 12:25:22,16604.0,0
2021-06-16 12:24:49,16606.35,0
2021-06-16 12:25:26,16604.75,0
2021-06-16 12:25:27,16604.05,0
2021-06-16 12:24:51,16605.85,0
2021-06-16 12:24:53,16605.9,0
2021-06-16 12:24:55,16605.9,0
2021-06-16 12:24:54,16605.95,0
2021-06-16 12:25:32,16603.5,0
2021-06-16 12:24:57,16605.3,0
2021-06-16 12:24:58,16605.8,0
2021-06-16 12:25:04,16605.35,0
2021-06-16 12:25:38,16604.05,0
2021-06-16 12:25:40,16603.3,0
2021-06-16 12:25:15,16604.85,0
2021-06-16 12:25:46,16603.75,0
2021-06-16 12:25:20,16602.9,0
2021-06-16 12:25:22,16604.0,0
2021-06-16 12:25:53,16603.7,0
2021-06-16 12:25:54,16603.4,0
2021-06-16 12:25:26,16604.75,0
2021-06-16 12:25:27,16604.05,0
2021-06-16 12:25:55,16603.7,0
2021-06-16 12:25:32,16603.5,0
2021-06-16 12:25:58,16602.25,0
2021-06-16 12:26:00,16602.75,0
2021-06-16 12:26:01,16602.45,0
2021-06-16 12:26:02,16603.0,0
2021-06-16 12:25:38,16604.05,0
2021-06-16 12:25:40,16603.3,0
2021-06-16 12:26:07,16602.3,0
2021-06-16 12:25:46,16603.75,0
2021-06-16 12:25:53,16603.7,0
2021-06-16 12:26:15,16604.05,0
2021-06-16 12:25:54,16603.4,0
2021-06-16 12:25:55,16603.7,0
2021-06-16 12:26:18,16602.45,0
2021-06-16 12:25:58,16602.25,0
2021-06-16 12:26:00,16602.75,0
2021-06-16 12:26:01,16602.45,0
2021-06-16 12:26:02,16603.0,0
2021-06-16 12:26:07,16602.3,0
2021-06-16 12:26:26,16602.55,0
2021-06-16 12:26:27,16602.1,0
2021-06-16 12:26:29,16602.55,0
2021-06-16 12:26:32,16603.0,0
2021-06-16 12:26:15,16604.05,0
2021-06-16 12:26:36,16602.4,0
2021-06-16 12:26:37,16603.15,0
2021-06-16 12:26:18,16602.45,0
2021-06-16 12:26:41,16602.05,0
2021-06-16 12:26:48,16601.5,0
2021-06-16 12:26:51,16601.7,0
2021-06-16 12:26:26,16602.55,0
2021-06-16 12:26:27,16602.1,0
2021-06-16 12:26:29,16602.55,0
2021-06-16 12:26:58,16602.8,0
2021-06-16 12:26:32,16603.0,0
2021-06-16 12:26:36,16602.4,0
2021-06-16 12:26:37,16603.15,0
2021-06-16 12:27:01,16602.7,0
2021-06-16 12:27:03,16602.45,0
2021-06-16 12:26:41,16602.05,0
2021-06-16 12:27:06,16602.65,0
2021-06-16 12:27:07,16601.95,0
2021-06-16 12:26:48,16601.5,0
2021-06-16 12:26:51,16601.7,0
2021-06-16 12:26:58,16602.8,0
2021-06-16 12:27:01,16602.7,0
2021-06-16 12:27:15,16603.6,0
2021-06-16 12:27:03,16602.45,0
2021-06-16 12:27:18,16601.85,0
2021-06-16 12:27:19,16601.6,0
2021-06-16 12:27:06,16602.65,0
2021-06-16 12:27:07,16601.95,0
2021-06-16 12:27:22,16601.2,0
2021-06-16 12:27:23,16602.5,0
2021-06-16 12:27:24,16602.25,0
2021-06-16 12:27:15,16603.6,0
2021-06-16 12:27:30,16602.1,0
2021-06-16 12:27:18,16601.85,0
2021-06-16 12:27:19,16601.6,0
2021-06-16 12:27:33,16602.15,0
2021-06-16 12:27:34,16601.85,0
2021-06-16 12:27:35,16602.45,0
2021-06-16 12:27:22,16601.2,0
2021-06-16 12:27:23,16602.5,0
2021-06-16 12:27:37,16601.75,0
2021-06-16 12:27:24,16602.25,0
2021-06-16 12:27:40,16601.0,0
2021-06-16 12:27:30,16602.1,0
2021-06-16 12:27:33,16602.15,0
2021-06-16 12:27:34,16601.85,0
2021-06-16 12:27:35,16602.45,0
2021-06-16 12:27:46,16601.85,0
2021-06-16 12:27:37,16601.75,0
2021-06-16 12:27:50,16599.7,0
2021-06-16 12:27:51,16599.05,0
2021-06-16 12:27:52,16595.65,0
2021-06-16 12:27:40,16601.0,0
2021-06-16 12:27:56,16594.55,0
2021-06-16 12:27:58,16594.3,0
2021-06-16 12:27:46,16601.85,0
2021-06-16 12:28:00,16595.75,0
2021-06-16 12:28:04,16594.85,0
2021-06-16 12:27:50,16599.7,0
2021-06-16 12:27:51,16599.05,0
2021-06-16 12:27:52,16595.65,0
2021-06-16 12:28:07,16594.5,0
2021-06-16 12:27:56,16594.55,0
2021-06-16 12:27:58,16594.3,0
2021-06-16 12:28:12,16595.55,0
2021-06-16 12:28:00,16595.75,0
2021-06-16 12:28:15,16595.4,0
2021-06-16 12:28:16,16595.3,0
2021-06-16 12:28:04,16594.85,0
2021-06-16 12:28:17,16595.8,0
2021-06-16 12:28:18,16595.2,0
2021-06-16 12:28:07,16594.5,0
2021-06-16 12:28:20,16594.8,0
2021-06-16 12:28:22,16596.25,0
2021-06-16 12:28:12,16595.55,0
2021-06-16 12:28:24,16595.5,0
2021-06-16 12:28:25,16595.9,0
2021-06-16 12:28:26,16595.65,0
2021-06-16 12:28:15,16595.4,0
2021-06-16 12:28:16,16595.3,0
2021-06-16 12:28:17,16595.8,0
2021-06-16 12:28:18,16595.2,0
2021-06-16 12:28:27,16594.95,0
2021-06-16 12:28:29,16594.7,0
2021-06-16 12:28:20,16594.8,0
2021-06-16 12:28:31,16594.4,0
2021-06-16 12:28:32,16593.95,0
2021-06-16 12:28:22,16596.25,0
2021-06-16 12:28:24,16595.5,0
2021-06-16 12:28:35,16594.8,0
2021-06-16 12:28:25,16595.9,0
2021-06-16 12:28:26,16595.65,0
2021-06-16 12:28:37,16594.8,0
2021-06-16 12:28:27,16594.95,0
2021-06-16 12:28:29,16594.7,0
2021-06-16 12:28:31,16594.4,0
2021-06-16 12:28:40,16594.25,0
2021-06-16 12:28:32,16593.95,0
2021-06-16 12:28:41,16594.9,0
2021-06-16 12:28:35,16594.8,0
2021-06-16 12:28:37,16594.8,0
2021-06-16 12:28:43,16593.6,0
2021-06-16 12:28:44,16594.65,0
2021-06-16 12:28:40,16594.25,0
2021-06-16 12:28:46,16596.0,0
2021-06-16 12:28:41,16594.9,0
2021-06-16 12:28:43,16593.6,0
2021-06-16 12:28:44,16594.65,0
2021-06-16 12:28:48,16595.05,0
2021-06-16 12:28:46,16596.0,0
2021-06-16 12:28:48,16595.05,0
2021-06-16 12:28:57,16595.15,0
2021-06-16 12:29:01,16595.75,0
2021-06-16 12:28:57,16595.15,0
2021-06-16 12:29:01,16595.75,0
2021-06-16 12:29:08,16595.15,0
2021-06-16 12:29:08,16595.15,0
2021-06-16 12:29:14,16594.95,0
2021-06-16 12:29:16,16594.95,0
2021-06-16 12:29:17,16594.75,0
2021-06-16 12:29:14,16594.95,0
2021-06-16 12:29:21,16594.85,0
2021-06-16 12:29:16,16594.95,0
2021-06-16 12:29:22,16594.55,0
2021-06-16 12:29:17,16594.75,0
2021-06-16 12:29:21,16594.85,0
2021-06-16 12:29:22,16594.55,0
2021-06-16 12:29:28,16595.65,0
2021-06-16 12:29:29,16594.55,0
2021-06-16 12:29:28,16595.65,0
2021-06-16 12:29:29,16594.55,0
2021-06-16 12:29:34,16594.95,0
2021-06-16 12:29:34,16594.95,0
2021-06-16 12:29:40,16596.3,0
2021-06-16 12:29:40,16596.3,0
2021-06-16 12:29:45,16596.15,0
2021-06-16 12:29:47,16595.9,0
2021-06-16 12:29:45,16596.15,0
2021-06-16 12:29:49,16596.6,0
2021-06-16 12:29:47,16595.9,0
2021-06-16 12:29:50,16596.9,0
2021-06-16 12:29:49,16596.6,0
2021-06-16 12:29:51,16596.75,0
2021-06-16 12:29:50,16596.9,0
2021-06-16 12:29:53,16596.9,0
2021-06-16 12:29:51,16596.75,0
2021-06-16 12:29:53,16596.9,0
2021-06-16 12:30:06,16595.85,0
2021-06-16 12:30:06,16595.85,0
2021-06-16 12:30:10,16595.75,0
2021-06-16 12:30:10,16595.75,0
2021-06-16 12:30:16,16596.85,0
2021-06-16 12:30:17,16597.15,0
2021-06-16 12:30:16,16596.85,0
2021-06-16 12:30:17,16597.15,0
2021-06-16 12:30:23,16596.75,0
2021-06-16 12:30:23,16596.75,0
2021-06-16 12:30:29,16596.9,0
2021-06-16 12:30:36,16596.1,0
2021-06-16 12:30:29,16596.9,0
2021-06-16 12:30:38,16595.55,0
2021-06-16 12:30:42,16596.0,0
2021-06-16 12:30:36,16596.1,0
2021-06-16 12:30:38,16595.55,0
2021-06-16 12:30:48,16596.1,0
2021-06-16 12:30:50,16596.45,0
2021-06-16 12:30:42,16596.0,0
2021-06-16 12:30:51,16595.55,0
2021-06-16 12:30:52,16596.05,0
2021-06-16 12:30:53,16595.35,0
2021-06-16 12:30:55,16595.1,0
2021-06-16 12:30:56,16595.65,0
2021-06-16 12:30:48,16596.1,0
2021-06-16 12:30:50,16596.45,0
2021-06-16 12:30:51,16595.55,0
2021-06-16 12:30:52,16596.05,0
2021-06-16 12:31:00,16595.3,0
2021-06-16 12:30:53,16595.35,0
2021-06-16 12:30:55,16595.1,0
2021-06-16 12:30:56,16595.65,0
2021-06-16 12:31:03,16594.65,0
2021-06-16 12:31:00,16595.3,0
2021-06-16 12:31:05,16595.65,0
2021-06-16 12:31:06,16595.35,0
2021-06-16 12:31:07,16595.4,0
2021-06-16 12:31:08,16594.55,0
2021-06-16 12:31:10,16593.85,0
2021-06-16 12:31:03,16594.65,0
2021-06-16 12:31:12,16594.45,0
2021-06-16 12:31:13,16593.8,0
2021-06-16 12:31:05,16595.65,0
2021-06-16 12:31:14,16592.95,0
2021-06-16 12:31:06,16595.35,0
2021-06-16 12:31:16,16593.6,0
2021-06-16 12:31:07,16595.4,0
2021-06-16 12:31:08,16594.55,0
2021-06-16 12:31:17,16593.7,0
2021-06-16 12:31:10,16593.85,0
2021-06-16 12:31:12,16594.45,0
2021-06-16 12:31:13,16593.8,0
2021-06-16 12:31:21,16592.25,0
2021-06-16 12:31:14,16592.95,0
2021-06-16 12:31:16,16593.6,0
2021-06-16 12:31:17,16593.7,0
2021-06-16 12:31:27,16593.7,0
2021-06-16 12:31:29,16596.0,0
2021-06-16 12:31:21,16592.25,0
2021-06-16 12:31:30,16596.75,0
2021-06-16 12:31:32,16596.15,0
2021-06-16 12:31:27,16593.7,0
2021-06-16 12:31:34,16596.45,0
2021-06-16 12:31:29,16596.0,0
2021-06-16 12:31:30,16596.75,0
2021-06-16 12:31:35,16597.15,0
2021-06-16 12:31:32,16596.15,0
2021-06-16 12:31:36,16596.15,0
2021-06-16 12:31:34,16596.45,0
2021-06-16 12:31:35,16597.15,0
2021-06-16 12:31:36,16596.15,0
2021-06-16 12:31:41,16596.5,0
2021-06-16 12:31:41,16596.5,0
2021-06-16 12:31:46,16595.8,0
2021-06-16 12:31:48,16595.3,0
2021-06-16 12:31:46,16595.8,0
2021-06-16 12:31:48,16595.3,0
2021-06-16 12:31:49,16595.1,0
2021-06-16 12:31:49,16595.1,0
2021-06-16 12:31:50,16595.8,0
2021-06-16 12:31:50,16595.8,0
2021-06-16 12:31:52,16595.25,0
2021-06-16 12:31:53,16597.35,0
2021-06-16 12:31:52,16595.25,0
2021-06-16 12:31:53,16597.35,0
2021-06-16 12:31:55,16596.45,0
2021-06-16 12:31:55,16596.45,0
2021-06-16 12:31:57,16596.9,0
2021-06-16 12:31:57,16596.9,0
2021-06-16 12:31:59,16596.55,0
2021-06-16 12:31:59,16596.55,0
2021-06-16 12:32:01,16596.6,0
2021-06-16 12:32:01,16596.6,0
2021-06-16 12:32:06,16597.15,0
2021-06-16 12:32:07,16597.65,0
2021-06-16 12:32:08,16597.75,0
2021-06-16 12:32:06,16597.15,0
2021-06-16 12:32:07,16597.65,0
2021-06-16 12:32:08,16597.75,0
2021-06-16 12:32:12,16598.9,0
2021-06-16 12:32:12,16598.9,0
2021-06-16 12:32:15,16597.5,0
2021-06-16 12:32:15,16597.5,0
2021-06-16 12:32:18,16597.45,0
2021-06-16 12:32:19,16598.25,0
2021-06-16 12:32:18,16597.45,0
2021-06-16 12:32:19,16598.25,0
2021-06-16 12:32:20,16598.1,0
2021-06-16 12:32:20,16598.1,0
2021-06-16 12:32:22,16597.1,0
2021-06-16 12:32:22,16597.1,0
2021-06-16 12:32:40,16599.65,0
2021-06-16 12:32:42,16598.7,0
2021-06-16 12:32:40,16599.65,0
2021-06-16 12:32:44,16599.7,0
2021-06-16 12:32:45,16599.65,0
2021-06-16 12:32:42,16598.7,0
2021-06-16 12:32:44,16599.7,0
2021-06-16 12:32:45,16599.65,0
2021-06-16 12:32:50,16598.95,0
2021-06-16 12:32:51,16600.0,0
2021-06-16 12:32:50,16598.95,0
2021-06-16 12:32:51,16600.0,0
2021-06-16 12:32:57,16599.25,0
2021-06-16 12:32:57,16599.25,0
2021-06-16 12:33:00,16598.55,0
2021-06-16 12:33:00,16598.55,0
2021-06-16 12:33:13,16597.1,0
2021-06-16 12:33:16,16597.5,0
2021-06-16 12:33:13,16597.1,0
2021-06-16 12:33:20,16596.35,0
2021-06-16 12:33:16,16597.5,0
2021-06-16 12:33:22,16595.8,0
2021-06-16 12:33:20,16596.35,0
2021-06-16 12:33:22,16595.8,0
2021-06-16 12:33:27,16596.2,0
2021-06-16 12:33:28,16595.9,0
2021-06-16 12:33:29,16596.25,0
2021-06-16 12:33:34,16596.8,0
2021-06-16 12:33:27,16596.2,0
2021-06-16 12:33:28,16595.9,0
2021-06-16 12:33:36,16597.7,0
2021-06-16 12:33:29,16596.25,0
2021-06-16 12:33:40,16596.65,0
2021-06-16 12:33:34,16596.8,0
2021-06-16 12:33:36,16597.7,0
2021-06-16 12:33:40,16596.65,0
2021-06-16 12:33:47,16596.9,0
2021-06-16 12:33:49,16596.15,0
2021-06-16 12:33:53,16597.55,0
2021-06-16 12:33:54,16598.7,0
2021-06-16 12:33:55,16598.8,0
2021-06-16 12:33:57,16597.7,0
2021-06-16 12:33:58,16597.9,0
2021-06-16 12:33:47,16596.9,0
2021-06-16 12:33:49,16596.15,0
2021-06-16 12:34:01,16597.55,0
2021-06-16 12:33:53,16597.55,0
2021-06-16 12:34:02,16597.9,0
2021-06-16 12:33:54,16598.7,0
2021-06-16 12:33:55,16598.8,0
2021-06-16 12:34:04,16597.9,0
2021-06-16 12:33:57,16597.7,0
2021-06-16 12:33:58,16597.9,0
2021-06-16 12:34:01,16597.55,0
2021-06-16 12:34:02,16597.9,0
2021-06-16 12:34:07,16598.4,0
2021-06-16 12:34:04,16597.9,0
2021-06-16 12:34:07,16598.4,0
2021-06-16 12:34:09,16597.4,0
2021-06-16 12:34:09,16597.4,0
2021-06-16 12:34:11,16596.65,0
2021-06-16 12:34:11,16596.65,0
2021-06-16 12:34:15,16597.0,0
2021-06-16 12:34:16,16596.95,0
2021-06-16 12:34:17,16597.95,0
2021-06-16 12:34:18,16597.25,0
2021-06-16 12:34:15,16597.0,0
2021-06-16 12:34:16,16596.95,0
2021-06-16 12:34:17,16597.95,0
2021-06-16 12:34:19,16597.0,0
2021-06-16 12:34:20,16596.8,0
2021-06-16 12:34:18,16597.25,0
2021-06-16 12:34:19,16597.0,0
2021-06-16 12:34:20,16596.8,0
2021-06-16 12:34:25,16598.6,0
2021-06-16 12:34:25,16598.6,0
2021-06-16 12:34:28,16598.6,0
2021-06-16 12:34:29,16599.35,0
2021-06-16 12:34:30,16598.9,0
2021-06-16 12:34:28,16598.6,0
2021-06-16 12:34:29,16599.35,0
2021-06-16 12:34:30,16598.9,0
2021-06-16 12:34:37,16598.3,0
2021-06-16 12:34:38,16599.25,0
2021-06-16 12:34:41,16598.05,0
2021-06-16 12:34:43,16598.45,0
2021-06-16 12:34:37,16598.3,0
2021-06-16 12:34:47,16600.0,0
2021-06-16 12:34:38,16599.25,0
2021-06-16 12:34:49,16599.3,0
2021-06-16 12:34:41,16598.05,0
2021-06-16 12:34:51,16599.4,0
2021-06-16 12:34:43,16598.45,0
2021-06-16 12:34:47,16600.0,0
2021-06-16 12:34:49,16599.3,0
2021-06-16 12:34:51,16599.4,0
2021-06-16 12:34:58,16599.4,0
2021-06-16 12:35:01,16599.5,0
2021-06-16 12:34:58,16599.4,0
2021-06-16 12:35:08,16599.45,0
2021-06-16 12:35:01,16599.5,0
2021-06-16 12:35:14,16599.4,0
2021-06-16 12:35:16,16598.85,0
2021-06-16 12:35:18,16599.8,0
2021-06-16 12:35:21,16600.35,0
2021-06-16 12:35:23,16599.4,0
2021-06-16 12:35:08,16599.45,0
2021-06-16 12:35:14,16599.4,0
2021-06-16 12:35:26,16598.75,0
2021-06-16 12:35:27,16599.75,0
2021-06-16 12:35:16,16598.85,0
2021-06-16 12:35:18,16599.8,0
2021-06-16 12:35:21,16600.35,0
2021-06-16 12:35:34,16600.5,0
2021-06-16 12:35:35,16600.2,0
2021-06-16 12:35:23,16599.4,0
2021-06-16 12:35:39,16599.5,0
2021-06-16 12:35:40,16599.55,0
2021-06-16 12:35:26,16598.75,0
2021-06-16 12:35:41,16599.8,0
2021-06-16 12:35:27,16599.75,0
2021-06-16 12:35:42,16599.7,0
