timestamp,ltp,volume
2021-06-16 09:15:40,28339.7,0
2021-06-16 09:15:41,28340.15,0
2021-06-16 09:15:42,28342.65,0
2021-06-16 09:15:43,28332.1,0
2021-06-16 09:15:44,28329.9,0
2021-06-16 09:15:45,28329.05,0
2021-06-16 09:15:46,28326.55,0
2021-06-16 09:15:47,28331.45,0
2021-06-16 09:15:48,28334.05,0
2021-06-16 09:15:49,28329.4,0
2021-06-16 09:15:50,28326.4,0
2021-06-16 09:15:51,28333.5,0
2021-06-16 09:15:52,28335.55,0
2021-06-16 09:15:53,28333.2,0
2021-06-16 09:15:54,28335.25,0
2021-06-16 09:15:55,28336.3,0
2021-06-16 09:15:56,28336.25,0
2021-06-16 09:15:57,28335.85,0
2021-06-16 09:15:58,28336.95,0
2021-06-16 09:15:59,28341.3,0
2021-06-16 09:16:00,28341.15,0
2021-06-16 09:16:01,28349.15,0
2021-06-16 09:16:02,28348.7,0
2021-06-16 09:16:03,28350.95,0
2021-06-16 09:16:04,28343.05,0
2021-06-16 09:16:05,28346.6,0
2021-06-16 09:16:06,28348.65,0
2021-06-16 09:16:07,28352.95,0
2021-06-16 09:16:08,28352.8,0
2021-06-16 09:16:09,28354.1,0
2021-06-16 09:16:10,28359.75,0
2021-06-16 09:16:11,28363.35,0
2021-06-16 09:16:13,28367.55,0
2021-06-16 09:16:14,28364.9,0
2021-06-16 09:16:15,28365.4,0
2021-06-16 09:16:16,28367.8,0
2021-06-16 09:16:17,28371.9,0
2021-06-16 09:16:18,28374.15,0
2021-06-16 09:16:19,28371.35,0
2021-06-16 09:16:20,28374.35,0
2021-06-16 09:16:21,28376.35,0
2021-06-16 09:16:22,28374.05,0
2021-06-16 09:16:23,28377.1,0
2021-06-16 09:16:24,28378.45,0
2021-06-16 09:16:25,28375.05,0
2021-06-16 09:16:26,28378.6,0
2021-06-16 09:16:27,28375.95,0
2021-06-16 09:16:28,28381.35,0
2021-06-16 09:16:29,28383.85,0
2021-06-16 09:16:30,28381.3,0
2021-06-16 09:16:31,28383.9,0
2021-06-16 09:16:32,28389.25,0
2021-06-16 09:16:33,28382.15,0
2021-06-16 09:16:36,28378.8,0
2021-06-16 09:16:37,28388.85,0
2021-06-16 09:16:40,28387.8,0
2021-06-16 09:16:42,28381.0,0
2021-06-16 09:16:45,28379.8,0
2021-06-16 09:16:47,28380.85,0
2021-06-16 09:16:48,28384.85,0
2021-06-16 09:16:49,28378.85,0
2021-06-16 09:16:50,28379.45,0
2021-06-16 09:16:52,28375.65,0
2021-06-16 09:16:53,28380.2,0
2021-06-16 09:16:54,28377.1,0
2021-06-16 09:16:55,28374.05,0
2021-06-16 09:16:56,28375.9,0
2021-06-16 09:16:57,28370.15,0
2021-06-16 09:16:59,28370.85,0
2021-06-16 09:17:00,28370.85,0
2021-06-16 09:17:01,28371.7,0
2021-06-16 09:17:02,28374.85,0
2021-06-16 09:17:04,28371.35,0
2021-06-16 09:17:05,28381.75,0
2021-06-16 09:17:06,28382.8,0
2021-06-16 09:17:07,28381.9,0
2021-06-16 09:17:08,28382.3,0
2021-06-16 09:17:09,28387.1,0
2021-06-16 09:17:10,28384.35,0
2021-06-16 09:17:11,28382.1,0
2021-06-16 09:17:12,28385.7,0
2021-06-16 09:17:13,28389.05,0
2021-06-16 09:17:15,28396.95,0
2021-06-16 09:17:16,28397.2,0
2021-06-16 09:17:17,28397.5,0
2021-06-16 09:17:18,28398.75,0
2021-06-16 09:17:19,28394.95,0
2021-06-16 09:17:20,28405.65,0
2021-06-16 09:17:21,28405.55,0
2021-06-16 09:17:22,28404.8,0
2021-06-16 09:17:23,28404.8,0
2021-06-16 09:17:24,28409.7,0
2021-06-16 09:17:25,28426.7,0
2021-06-16 09:17:26,28427.35,0
2021-06-16 09:17:27,28423.75,0
2021-06-16 09:17:28,28425.8,0
2021-06-16 09:17:29,28428.3,0
2021-06-16 09:17:30,28435.1,0
2021-06-16 09:17:31,28429.9,0
2021-06-16 09:17:32,28435.6,0
2021-06-16 09:17:33,28437.2,0
2021-06-16 09:17:34,28433.1,0
2021-06-16 09:17:35,28430.55,0
2021-06-16 09:17:36,28429.8,0
2021-06-16 09:17:37,28430.15,0
2021-06-16 09:17:38,28432.65,0
2021-06-16 09:17:39,28428.05,0
2021-06-16 09:17:40,28431.55,0
2021-06-16 09:17:41,28428.8,0
2021-06-16 09:17:42,28430.95,0
2021-06-16 09:17:43,28428.7,0
2021-06-16 09:17:44,28425.75,0
2021-06-16 09:17:45,28426.8,0
2021-06-16 09:17:47,28426.7,0
2021-06-16 09:17:48,28431.35,0
2021-06-16 09:17:49,28427.55,0
2021-06-16 09:17:50,28429.45,0
2021-06-16 09:17:52,28431.3,0
2021-06-16 09:17:53,28430.95,0
2021-06-16 09:17:54,28426.55,0
2021-06-16 09:17:56,28428.45,0
2021-06-16 09:17:57,28428.8,0
2021-06-16 09:17:58,28425.75,0
2021-06-16 09:17:59,28429.2,0
2021-06-16 09:18:00,28428.9,0
2021-06-16 09:18:01,28429.55,0
2021-06-16 09:18:02,28432.25,0
2021-06-16 09:18:03,28431.6,0
2021-06-16 09:18:04,28433.25,0
2021-06-16 09:18:05,28433.1,0
2021-06-16 09:18:06,28431.85,0
2021-06-16 09:18:07,28432.7,0
2021-06-16 09:18:08,28433.9,0
2021-06-16 09:18:09,28437.8,0
2021-06-16 09:18:10,28434.1,0
2021-06-16 09:18:11,28433.75,0
2021-06-16 09:18:13,28436.05,0
2021-06-16 09:18:14,28441.7,0
2021-06-16 09:18:17,28436.3,0
2021-06-16 09:18:16,28439.85,0
2021-06-16 09:18:18,28435.7,0
2021-06-16 09:18:19,28437.4,0
2021-06-16 09:18:20,28432.0,0
2021-06-16 09:18:21,28431.1,0
2021-06-16 09:18:23,28430.0,0
2021-06-16 09:18:25,28427.15,0
2021-06-16 09:18:26,28427.65,0
2021-06-16 09:18:27,28424.15,0
2021-06-16 09:18:31,28430.45,0
2021-06-16 09:18:33,28429.95,0
2021-06-16 09:18:34,28431.35,0
2021-06-16 09:18:36,28431.7,0
2021-06-16 09:18:37,28434.2,0
2021-06-16 09:18:38,28432.5,0
2021-06-16 09:18:39,28433.65,0
2021-06-16 09:18:41,28430.25,0
2021-06-16 09:18:43,28430.3,0
2021-06-16 09:18:44,28433.65,0
2021-06-16 09:18:45,28433.45,0
2021-06-16 09:18:46,28433.65,0
2021-06-16 09:18:47,28435.0,0
2021-06-16 09:18:48,28437.2,0
2021-06-16 09:18:49,28437.2,0
2021-06-16 09:18:50,28441.7,0
2021-06-16 09:18:51,28437.9,0
2021-06-16 09:18:52,28440.25,0
2021-06-16 09:18:53,28439.25,0
2021-06-16 09:18:54,28437.95,0
2021-06-16 09:18:55,28437.05,0
2021-06-16 09:18:56,28436.15,0
2021-06-16 09:18:57,28434.9,0
2021-06-16 09:18:58,28440.7,0
2021-06-16 09:18:59,28438.25,0
2021-06-16 09:19:01,28429.85,0
2021-06-16 09:19:04,28426.5,0
2021-06-16 09:19:05,28424.05,0
2021-06-16 09:19:06,28417.0,0
2021-06-16 09:19:09,28415.5,0
2021-06-16 09:19:11,28411.5,0
2021-06-16 09:19:12,28412.7,0
2021-06-16 09:19:13,28410.95,0
2021-06-16 09:19:14,28398.0,0
2021-06-16 09:19:15,28398.45,0
2021-06-16 09:19:16,28397.1,0
2021-06-16 09:19:17,28394.45,0
2021-06-16 09:19:18,28394.7,0
2021-06-16 09:19:19,28392.35,0
2021-06-16 09:19:20,28392.05,0
2021-06-16 09:19:22,28395.9,0
2021-06-16 09:19:24,28398.85,0
2021-06-16 09:19:25,28404.7,0
2021-06-16 09:19:26,28407.0,0
2021-06-16 09:19:27,28407.65,0
2021-06-16 09:19:28,28413.55,0
2021-06-16 09:19:29,28409.8,0
2021-06-16 09:19:30,28410.75,0
2021-06-16 09:19:31,28410.0,0
2021-06-16 09:19:32,28410.55,0
2021-06-16 09:19:35,28406.85,0
2021-06-16 09:19:36,28412.45,0
2021-06-16 09:19:37,28411.8,0
2021-06-16 09:19:38,28409.75,0
2021-06-16 09:19:39,28409.8,0
2021-06-16 09:19:40,28407.35,0
2021-06-16 09:19:41,28409.65,0
2021-06-16 09:19:42,28408.85,0
2021-06-16 09:19:43,28410.15,0
2021-06-16 09:19:44,28411.0,0
2021-06-16 09:19:45,28410.25,0
2021-06-16 09:19:46,28410.8,0
2021-06-16 09:19:47,28409.7,0
2021-06-16 09:19:48,28409.25,0
2021-06-16 09:19:49,28408.5,0
2021-06-16 09:19:50,28406.4,0
2021-06-16 09:19:51,28406.15,0
2021-06-16 09:19:52,28408.2,0
2021-06-16 09:19:53,28403.15,0
2021-06-16 09:19:54,28403.95,0
2021-06-16 09:19:55,28406.35,0
2021-06-16 09:19:56,28406.75,0
2021-06-16 09:19:59,28405.5,0
2021-06-16 09:20:01,28403.95,0
2021-06-16 09:20:02,28402.05,0
2021-06-16 09:20:05,28397.15,0
2021-06-16 09:20:07,28395.2,0
2021-06-16 09:20:08,28397.45,0
2021-06-16 09:20:09,28397.5,0
2021-06-16 09:20:10,28401.5,0
2021-06-16 09:20:11,28401.8,0
2021-06-16 09:20:12,28400.55,0
2021-06-16 09:20:13,28403.25,0
2021-06-16 09:20:14,28404.6,0
2021-06-16 09:20:15,28406.4,0
2021-06-16 09:20:16,28404.0,0
2021-06-16 09:20:17,28404.55,0
2021-06-16 09:20:18,28404.0,0
2021-06-16 09:20:19,28407.45,0
2021-06-16 09:20:20,28405.85,0
2021-06-16 09:20:21,28405.75,0
2021-06-16 09:20:22,28410.0,0
2021-06-16 09:20:23,28409.6,0
2021-06-16 09:20:25,28408.8,0
2021-06-16 09:20:26,28410.15,0
2021-06-16 09:20:27,28409.25,0
2021-06-16 09:20:28,28405.85,0
2021-06-16 09:20:29,28403.45,0
2021-06-16 09:20:30,28401.15,0
2021-06-16 09:20:31,28402.3,0
2021-06-16 09:20:32,28401.2,0
2021-06-16 09:20:33,28407.2,0
2021-06-16 09:20:34,28400.7,0
2021-06-16 09:20:35,28401.0,0
2021-06-16 09:20:36,28400.8,0
2021-06-16 09:20:37,28396.8,0
2021-06-16 09:20:39,28398.65,0
2021-06-16 09:20:40,28398.55,0
2021-06-16 09:20:41,28396.95,0
2021-06-16 09:20:42,28396.0,0
2021-06-16 09:20:43,28397.65,0
2021-06-16 09:20:44,28399.45,0
2021-06-16 09:20:46,28389.45,0
2021-06-16 09:20:47,28390.6,0
2021-06-16 09:20:48,28389.5,0
2021-06-16 09:20:49,28391.65,0
2021-06-16 09:20:52,28388.7,0
2021-06-16 09:20:55,28374.85,0
2021-06-16 09:20:57,28374.3,0
2021-06-16 09:20:58,28372.15,0
2021-06-16 09:20:59,28372.15,0
2021-06-16 09:21:00,28369.85,0
2021-06-16 09:21:01,28371.7,0
2021-06-16 09:21:02,28375.7,0
2021-06-16 09:21:03,28375.6,0
2021-06-16 09:21:04,28372.55,0
2021-06-16 09:21:05,28370.95,0
2021-06-16 09:21:06,28374.55,0
2021-06-16 09:21:07,28373.95,0
2021-06-16 09:21:08,28372.1,0
2021-06-16 09:21:09,28372.4,0
2021-06-16 09:21:10,28373.1,0
2021-06-16 09:21:11,28365.85,0
2021-06-16 09:21:12,28366.45,0
2021-06-16 09:21:14,28367.85,0
2021-06-16 09:21:15,28372.5,0
2021-06-16 09:21:16,28368.1,0
2021-06-16 09:21:17,28368.55,0
2021-06-16 09:21:18,28369.3,0
2021-06-16 09:21:19,28368.7,0
2021-06-16 09:21:20,28366.25,0
2021-06-16 09:21:21,28366.7,0
2021-06-16 09:21:22,28368.55,0
2021-06-16 09:21:23,28369.6,0
2021-06-16 09:21:24,28361.75,0
2021-06-16 09:21:25,28365.3,0
2021-06-16 09:21:27,28360.6,0
2021-06-16 09:21:28,28365.65,0
2021-06-16 09:21:30,28365.1,0
2021-06-16 09:21:31,28365.2,0
2021-06-16 09:21:32,28362.4,0
2021-06-16 09:21:33,28361.1,0
2021-06-16 09:21:34,28362.05,0
2021-06-16 09:21:35,28360.45,0
2021-06-16 09:21:36,28359.85,0
2021-06-16 09:21:37,28362.0,0
2021-06-16 09:21:38,28358.85,0
2021-06-16 09:21:39,28364.1,0
2021-06-16 09:21:41,28367.3,0
2021-06-16 09:21:42,28366.45,0
2021-06-16 09:21:43,28367.8,0
2021-06-16 09:21:45,28367.65,0
2021-06-16 09:21:46,28369.5,0
2021-06-16 09:21:47,28369.7,0
2021-06-16 09:21:48,28368.65,0
2021-06-16 09:21:49,28369.95,0
2021-06-16 09:21:51,28364.1,0
2021-06-16 09:21:52,28367.05,0
2021-06-16 09:21:53,28363.9,0
2021-06-16 09:21:54,28361.95,0
2021-06-16 09:21:56,28362.3,0
2021-06-16 09:21:57,28358.65,0
2021-06-16 09:21:58,28359.45,0
2021-06-16 09:21:59,28359.8,0
2021-06-16 09:22:00,28361.45,0
2021-06-16 09:22:01,28360.95,0
2021-06-16 09:22:02,28366.45,0
2021-06-16 09:22:03,28369.3,0
2021-06-16 09:22:04,28368.5,0
2021-06-16 09:22:05,28364.0,0
2021-06-16 09:22:06,28363.95,0
2021-06-16 09:22:07,28367.75,0
2021-06-16 09:22:08,28359.05,0
2021-06-16 09:22:09,28362.15,0
2021-06-16 09:22:10,28358.75,0
2021-06-16 09:22:11,28359.7,0
2021-06-16 09:22:12,28358.55,0
2021-06-16 09:22:13,28357.6,0
2021-06-16 09:22:14,28362.6,0
2021-06-16 09:22:15,28363.3,0
2021-06-16 09:22:16,28362.5,0
2021-06-16 09:22:17,28364.55,0
2021-06-16 09:22:18,28365.75,0
2021-06-16 09:22:19,28365.7,0
2021-06-16 09:22:20,28366.45,0
2021-06-16 09:22:21,28368.2,0
2021-06-16 09:22:22,28368.9,0
2021-06-16 09:22:23,28369.1,0
2021-06-16 09:22:24,28368.05,0
2021-06-16 09:22:25,28369.2,0
2021-06-16 09:22:27,28371.55,0
2021-06-16 09:22:28,28369.7,0
2021-06-16 09:22:31,28369.7,0
2021-06-16 09:22:32,28370.15,0
2021-06-16 09:22:33,28369.8,0
2021-06-16 09:22:34,28369.1,0
2021-06-16 09:22:35,28369.05,0
2021-06-16 09:22:36,28370.1,0
2021-06-16 09:22:37,28371.55,0
2021-06-16 09:22:38,28373.8,0
2021-06-16 09:22:39,28373.6,0
2021-06-16 09:22:40,28374.2,0
2021-06-16 09:22:41,28377.35,0
2021-06-16 09:22:43,28374.9,0
2021-06-16 09:22:44,28377.85,0
2021-06-16 09:22:45,28377.0,0
2021-06-16 09:22:46,28378.5,0
2021-06-16 09:22:47,28385.15,0
2021-06-16 09:22:48,28387.35,0
2021-06-16 09:22:49,28390.85,0
2021-06-16 09:22:50,28383.25,0
2021-06-16 09:22:51,28386.0,0
2021-06-16 09:22:53,28389.4,0
2021-06-16 09:22:54,28389.05,0
2021-06-16 09:22:55,28390.3,0
2021-06-16 09:22:56,28388.4,0
2021-06-16 09:22:57,28391.9,0
2021-06-16 09:22:58,28388.95,0
2021-06-16 09:22:59,28391.45,0
2021-06-16 09:23:00,28392.95,0
2021-06-16 09:23:01,28393.35,0
2021-06-16 09:23:02,28388.5,0
2021-06-16 09:23:03,28387.8,0
2021-06-16 09:23:04,28394.3,0
2021-06-16 09:23:05,28395.05,0
2021-06-16 09:23:06,28397.25,0
2021-06-16 09:23:07,28397.65,0
2021-06-16 09:23:08,28393.75,0
2021-06-16 09:23:09,28391.7,0
2021-06-16 09:23:11,28393.65,0
2021-06-16 09:23:12,28392.3,0
2021-06-16 09:23:13,28392.1,0
2021-06-16 09:23:14,28395.1,0
2021-06-16 09:23:15,28379.25,0
2021-06-16 09:23:16,28377.2,0
2021-06-16 09:23:17,28376.1,0
2021-06-16 09:23:18,28377.1,0
2021-06-16 09:23:19,28378.0,0
2021-06-16 09:23:20,28379.4,0
2021-06-16 09:23:21,28382.3,0
2021-06-16 09:23:25,28383.85,0
2021-06-16 09:23:26,28384.55,0
2021-06-16 09:23:27,28382.0,0
2021-06-16 09:23:28,28386.85,0
2021-06-16 09:23:30,28387.2,0
2021-06-16 09:23:31,28385.1,0
2021-06-16 09:23:32,28383.85,0
2021-06-16 09:23:33,28388.25,0
2021-06-16 09:23:34,28384.25,0
2021-06-16 09:23:35,28387.95,0
2021-06-16 09:23:36,28380.8,0
2021-06-16 09:23:37,28384.95,0
2021-06-16 09:23:38,28387.25,0
2021-06-16 09:23:39,28386.35,0
2021-06-16 09:23:40,28386.2,0
2021-06-16 09:23:41,28384.25,0
2021-06-16 09:23:43,28389.95,0
2021-06-16 09:23:44,28383.95,0
2021-06-16 09:23:45,28386.7,0
2021-06-16 09:23:46,28385.7,0
2021-06-16 09:23:47,28389.2,0
2021-06-16 09:23:48,28387.6,0
2021-06-16 09:23:50,28388.7,0
2021-06-16 09:23:51,28385.15,0
2021-06-16 09:23:52,28386.0,0
2021-06-16 09:23:53,28383.6,0
2021-06-16 09:23:54,28386.25,0
2021-06-16 09:23:55,28384.0,0
2021-06-16 09:23:56,28383.15,0
2021-06-16 09:23:57,28386.95,0
2021-06-16 09:23:58,28385.15,0
2021-06-16 09:24:00,28382.95,0
2021-06-16 09:24:01,28383.7,0
2021-06-16 09:24:02,28388.5,0
2021-06-16 09:24:03,28385.85,0
2021-06-16 09:24:04,28385.45,0
2021-06-16 09:24:05,28388.3,0
2021-06-16 09:24:06,28387.15,0
2021-06-16 09:24:08,28388.2,0
2021-06-16 09:24:10,28386.55,0
2021-06-16 09:24:11,28385.05,0
2021-06-16 09:24:12,28383.9,0
2021-06-16 09:24:13,28384.85,0
2021-06-16 09:24:14,28388.1,0
2021-06-16 09:24:15,28388.35,0
2021-06-16 09:24:16,28388.4,0
2021-06-16 09:24:17,28389.0,0
2021-06-16 09:24:18,28384.65,0
2021-06-16 09:24:19,28385.05,0
2021-06-16 09:24:20,28386.1,0
2021-06-16 09:24:21,28382.0,0
2021-06-16 09:24:22,28385.35,0
2021-06-16 09:24:23,28389.2,0
2021-06-16 09:24:24,28386.7,0
2021-06-16 09:24:25,28387.75,0
2021-06-16 09:24:26,28388.55,0
2021-06-16 09:24:28,28390.3,0
2021-06-16 09:24:29,28391.85,0
2021-06-16 09:24:30,28392.55,0
2021-06-16 09:24:31,28393.05,0
2021-06-16 09:24:32,28391.9,0
2021-06-16 09:24:33,28389.8,0
2021-06-16 09:24:35,28393.65,0
2021-06-16 09:24:36,28391.2,0
2021-06-16 09:24:37,28383.75,0
2021-06-16 09:24:38,28388.5,0
2021-06-16 09:24:39,28386.9,0
2021-06-16 09:24:40,28386.95,0
2021-06-16 09:24:41,28386.85,0
2021-06-16 09:24:42,28389.0,0
2021-06-16 09:24:43,28388.55,0
2021-06-16 09:24:44,28386.6,0
2021-06-16 09:24:46,28383.95,0
2021-06-16 09:24:47,28384.05,0
2021-06-16 09:24:48,28382.75,0
2021-06-16 09:24:49,28382.25,0
2021-06-16 09:24:50,28381.2,0
2021-06-16 09:24:51,28385.25,0
2021-06-16 09:24:52,28382.95,0
2021-06-16 09:24:53,28381.2,0
2021-06-16 09:24:54,28382.1,0
2021-06-16 09:24:55,28380.45,0
2021-06-16 09:24:56,28382.05,0
2021-06-16 09:24:57,28379.8,0
2021-06-16 09:24:58,28377.8,0
2021-06-16 09:24:59,28378.85,0
2021-06-16 09:25:00,28379.4,0
2021-06-16 09:25:01,28378.7,0
2021-06-16 09:25:02,28381.35,0
2021-06-16 09:25:03,28377.85,0
2021-06-16 09:25:04,28380.15,0
2021-06-16 09:25:05,28379.85,0
2021-06-16 09:25:06,28381.45,0
2021-06-16 09:25:08,28382.5,0
2021-06-16 09:25:10,28385.9,0
2021-06-16 09:25:11,28383.55,0
2021-06-16 09:25:12,28380.6,0
2021-06-16 09:25:13,28382.45,0
2021-06-16 09:25:15,28382.3,0
2021-06-16 09:25:17,28381.15,0
2021-06-16 09:25:19,28380.05,0
2021-06-16 09:25:21,28382.35,0
2021-06-16 09:25:23,28379.25,0
2021-06-16 09:25:25,28378.05,0
2021-06-16 09:25:26,28377.05,0
2021-06-16 09:25:27,28380.35,0
2021-06-16 09:25:29,28376.7,0
2021-06-16 09:25:30,28377.05,0
2021-06-16 09:25:31,28380.1,0
2021-06-16 09:25:32,28376.95,0
2021-06-16 09:25:33,28377.9,0
2021-06-16 09:25:34,28375.1,0
2021-06-16 09:25:35,28374.6,0
2021-06-16 09:25:37,28373.55,0
2021-06-16 09:25:38,28374.95,0
2021-06-16 09:25:39,28373.5,0
2021-06-16 09:25:40,28375.5,0
2021-06-16 09:25:41,28380.05,0
2021-06-16 09:25:42,28376.05,0
2021-06-16 09:25:45,28377.45,0
2021-06-16 09:25:46,28374.7,0
2021-06-16 09:25:47,28375.35,0
2021-06-16 09:25:48,28375.25,0
2021-06-16 09:25:49,28372.05,0
2021-06-16 09:25:50,28373.75,0
2021-06-16 09:25:51,28374.9,0
2021-06-16 09:25:52,28377.05,0
2021-06-16 09:25:53,28376.1,0
2021-06-16 09:25:55,28375.35,0
2021-06-16 09:25:56,28378.35,0
2021-06-16 09:25:57,28376.2,0
2021-06-16 09:25:58,28375.3,0
2021-06-16 09:25:59,28377.0,0
2021-06-16 09:26:00,28377.7,0
2021-06-16 09:26:01,28377.7,0
2021-06-16 09:26:02,28378.05,0
2021-06-16 09:26:03,28376.6,0
2021-06-16 09:26:04,28375.35,0
2021-06-16 09:26:05,28382.3,0
2021-06-16 09:26:06,28377.0,0
2021-06-16 09:26:07,28380.8,0
2021-06-16 09:26:09,28383.55,0
2021-06-16 09:26:10,28384.0,0
2021-06-16 09:26:13,28380.85,0
2021-06-16 09:26:14,28383.7,0
2021-06-16 09:26:16,28386.35,0
2021-06-16 09:26:17,28385.15,0
2021-06-16 09:26:19,28385.7,0
2021-06-16 09:26:20,28386.25,0
2021-06-16 09:26:21,28389.1,0
2021-06-16 09:26:22,28389.4,0
2021-06-16 09:26:24,28386.95,0
2021-06-16 09:26:25,28386.65,0
2021-06-16 09:26:26,28385.85,0
2021-06-16 09:26:27,28384.15,0
2021-06-16 09:26:28,28389.1,0
2021-06-16 09:26:29,28389.45,0
2021-06-16 09:26:30,28386.05,0
2021-06-16 09:26:31,28385.35,0
2021-06-16 09:26:32,28388.15,0
2021-06-16 09:26:33,28389.25,0
2021-06-16 09:26:34,28389.2,0
2021-06-16 09:26:36,28389.0,0
2021-06-16 09:26:37,28387.15,0
2021-06-16 09:26:38,28388.85,0
2021-06-16 09:26:39,28390.1,0
2021-06-16 09:26:40,28389.7,0
2021-06-16 09:26:42,28388.0,0
2021-06-16 09:26:43,28391.1,0
2021-06-16 09:26:44,28391.9,0
2021-06-16 09:26:45,28390.9,0
2021-06-16 09:26:46,28387.05,0
2021-06-16 09:26:47,28382.25,0
2021-06-16 09:26:48,28384.05,0
2021-06-16 09:26:49,28383.35,0
2021-06-16 09:26:50,28384.1,0
2021-06-16 09:26:51,28385.45,0
2021-06-16 09:26:52,28382.4,0
2021-06-16 09:26:53,28379.5,0
2021-06-16 09:26:54,28382.45,0
2021-06-16 09:26:55,28384.95,0
2021-06-16 09:26:56,28386.7,0
2021-06-16 09:26:57,28380.6,0
2021-06-16 09:26:58,28377.15,0
2021-06-16 09:26:59,28380.8,0
2021-06-16 09:27:01,28379.65,0
2021-06-16 09:27:02,28381.55,0
2021-06-16 09:27:03,28384.7,0
2021-06-16 09:27:04,28383.6,0
2021-06-16 09:27:05,28378.95,0
2021-06-16 09:27:06,28379.95,0
2021-06-16 09:27:07,28380.15,0
2021-06-16 09:27:08,28380.15,0
2021-06-16 09:27:09,28381.45,0
2021-06-16 09:27:10,28380.8,0
2021-06-16 09:27:11,28381.3,0
2021-06-16 09:27:12,28376.35,0
2021-06-16 09:27:13,28378.45,0
2021-06-16 09:27:14,28381.05,0
2021-06-16 09:27:15,28379.6,0
2021-06-16 09:27:17,28379.05,0
2021-06-16 09:27:18,28379.3,0
2021-06-16 09:27:19,28380.1,0
2021-06-16 09:27:20,28377.7,0
2021-06-16 09:27:21,28384.05,0
2021-06-16 09:27:22,28381.3,0
2021-06-16 09:27:23,28381.3,0
2021-06-16 09:27:24,28381.05,0
2021-06-16 09:27:25,28380.2,0
2021-06-16 09:27:26,28380.85,0
2021-06-16 09:27:27,28378.1,0
2021-06-16 09:27:28,28376.2,0
2021-06-16 09:27:29,28378.2,0
2021-06-16 09:27:32,28377.45,0
2021-06-16 09:27:33,28378.1,0
2021-06-16 09:27:34,28379.15,0
2021-06-16 09:27:35,28379.35,0
2021-06-16 09:27:36,28379.7,0
2021-06-16 09:27:37,28378.95,0
2021-06-16 09:27:38,28381.4,0
2021-06-16 09:27:39,28380.6,0
2021-06-16 09:27:40,28380.2,0
2021-06-16 09:27:41,28380.85,0
2021-06-16 09:27:42,28383.1,0
2021-06-16 09:27:43,28380.6,0
2021-06-16 09:27:44,28381.1,0
2021-06-16 09:27:45,28380.4,0
2021-06-16 09:27:46,28385.05,0
2021-06-16 09:27:47,28385.3,0
2021-06-16 09:27:48,28382.85,0
2021-06-16 09:27:49,28382.75,0
2021-06-16 09:27:50,28379.8,0
2021-06-16 09:27:51,28378.75,0
2021-06-16 09:27:52,28378.8,0
2021-06-16 09:27:53,28381.8,0
2021-06-16 09:27:54,28378.95,0
2021-06-16 09:27:55,28378.9,0
2021-06-16 09:27:56,28378.45,0
2021-06-16 09:27:57,28381.45,0
2021-06-16 09:27:58,28378.8,0
2021-06-16 09:27:59,28377.2,0
2021-06-16 09:28:00,28374.1,0
2021-06-16 09:28:01,28369.3,0
2021-06-16 09:28:02,28368.05,0
2021-06-16 09:28:03,28365.15,0
2021-06-16 09:28:04,28364.35,0
2021-06-16 09:28:05,28363.5,0
2021-06-16 09:28:06,28363.85,0
2021-06-16 09:28:07,28365.9,0
2021-06-16 09:28:08,28364.45,0
2021-06-16 09:28:09,28369.6,0
2021-06-16 09:28:10,28372.55,0
2021-06-16 09:28:11,28370.3,0
2021-06-16 09:28:12,28369.9,0
2021-06-16 09:28:13,28375.7,0
2021-06-16 09:28:14,28373.8,0
2021-06-16 09:28:15,28376.2,0
2021-06-16 09:28:16,28374.65,0
2021-06-16 09:28:17,28370.65,0
2021-06-16 09:28:18,28370.8,0
2021-06-16 09:28:19,28371.45,0
2021-06-16 09:28:20,28368.3,0
2021-06-16 09:28:21,28370.95,0
2021-06-16 09:28:22,28371.0,0
2021-06-16 09:28:23,28370.3,0
2021-06-16 09:28:24,28365.05,0
2021-06-16 09:28:25,28364.6,0
2021-06-16 09:28:26,28369.4,0
2021-06-16 09:28:28,28368.0,0
2021-06-16 09:28:30,28367.7,0
2021-06-16 09:28:32,28367.1,0
2021-06-16 09:28:34,28366.65,0
2021-06-16 09:28:35,28368.35,0
2021-06-16 09:28:36,28370.7,0
2021-06-16 09:28:37,28370.7,0
2021-06-16 09:28:38,28370.7,0
2021-06-16 09:28:39,28369.1,0
2021-06-16 09:28:40,28368.3,0
2021-06-16 09:28:41,28368.05,0
2021-06-16 09:28:42,28369.9,0
2021-06-16 09:28:43,28369.7,0
2021-06-16 09:28:44,28369.9,0
2021-06-16 09:28:45,28370.1,0
2021-06-16 09:28:46,28368.85,0
2021-06-16 09:28:47,28368.2,0
2021-06-16 09:28:48,28367.95,0
2021-06-16 09:28:50,28367.55,0
2021-06-16 09:28:51,28365.6,0
2021-06-16 09:28:52,28366.7,0
2021-06-16 09:28:54,28366.3,0
2021-06-16 09:28:55,28365.15,0
2021-06-16 09:28:56,28367.45,0
2021-06-16 09:28:57,28364.2,0
2021-06-16 09:28:58,28366.45,0
2021-06-16 09:28:59,28368.7,0
2021-06-16 09:29:00,28370.15,0
2021-06-16 09:29:01,28364.2,0
2021-06-16 09:29:03,28374.85,0
2021-06-16 09:29:05,28370.75,0
2021-06-16 09:29:06,28372.95,0
2021-06-16 09:29:07,28377.65,0
2021-06-16 09:29:08,28375.65,0
2021-06-16 09:29:09,28373.2,0
2021-06-16 09:29:10,28373.75,0
2021-06-16 09:29:11,28373.3,0
2021-06-16 09:29:12,28371.95,0
2021-06-16 09:29:13,28374.75,0
2021-06-16 09:29:14,28375.55,0
2021-06-16 09:29:16,28375.35,0
2021-06-16 09:29:19,28375.0,0
2021-06-16 09:29:20,28375.9,0
2021-06-16 09:29:21,28378.6,0
2021-06-16 09:29:22,28378.5,0
2021-06-16 09:29:23,28379.05,0
2021-06-16 09:29:24,28380.6,0
2021-06-16 09:29:25,28377.0,0
2021-06-16 09:29:26,28375.35,0
2021-06-16 09:29:27,28379.4,0
2021-06-16 09:29:28,28377.6,0
2021-06-16 09:29:29,28375.65,0
2021-06-16 09:29:30,28373.9,0
2021-06-16 09:29:31,28374.8,0
2021-06-16 09:29:32,28379.6,0
2021-06-16 09:29:33,28376.4,0
2021-06-16 09:29:34,28374.8,0
2021-06-16 09:29:35,28377.05,0
2021-06-16 09:29:36,28373.25,0
2021-06-16 09:29:37,28373.5,0
2021-06-16 09:29:39,28374.1,0
2021-06-16 09:29:40,28374.6,0
2021-06-16 09:29:41,28374.4,0
2021-06-16 09:29:43,28372.75,0
2021-06-16 09:29:44,28372.35,0
2021-06-16 09:29:45,28379.5,0
2021-06-16 09:29:47,28377.3,0
2021-06-16 09:29:48,28377.3,0
2021-06-16 09:29:49,28375.55,0
2021-06-16 09:29:50,28377.75,0
2021-06-16 09:29:51,28377.35,0
2021-06-16 09:29:52,28376.75,0
2021-06-16 09:29:53,28381.05,0
2021-06-16 09:29:54,28379.4,0
2021-06-16 09:29:56,28378.35,0
2021-06-16 09:29:58,28378.8,0
2021-06-16 09:29:59,28381.3,0
2021-06-16 09:30:00,28377.8,0
2021-06-16 09:30:01,28380.75,0
2021-06-16 09:30:02,28380.55,0
2021-06-16 09:30:03,28377.3,0
2021-06-16 09:30:04,28377.95,0
2021-06-16 09:30:05,28379.05,0
2021-06-16 09:30:06,28382.45,0
2021-06-16 09:30:07,28375.9,0
2021-06-16 09:30:08,28377.6,0
2021-06-16 09:30:09,28378.9,0
2021-06-16 09:30:11,28375.6,0
2021-06-16 09:30:12,28375.3,0
2021-06-16 09:30:13,28375.4,0
2021-06-16 09:30:14,28376.05,0
2021-06-16 09:30:15,28379.05,0
2021-06-16 09:30:17,28375.15,0
2021-06-16 09:30:18,28375.1,0
2021-06-16 09:30:19,28376.7,0
2021-06-16 09:30:20,28379.3,0
2021-06-16 09:30:21,28378.55,0
2021-06-16 09:30:23,28380.0,0
2021-06-16 09:30:24,28379.85,0
2021-06-16 09:30:26,28379.85,0
2021-06-16 09:30:27,28378.7,0
2021-06-16 09:30:28,28376.0,0
2021-06-16 09:30:30,28379.25,0
2021-06-16 09:30:31,28379.65,0
2021-06-16 09:30:32,28378.05,0
2021-06-16 09:30:33,28373.35,0
2021-06-16 09:30:34,28370.95,0
2021-06-16 09:30:35,28368.95,0
2021-06-16 09:30:36,28370.0,0
2021-06-16 09:30:37,28368.6,0
2021-06-16 09:30:38,28372.45,0
2021-06-16 09:30:39,28373.9,0
2021-06-16 09:30:40,28372.3,0
2021-06-16 09:30:42,28371.5,0
2021-06-16 09:30:44,28371.95,0
2021-06-16 09:30:45,28370.75,0
2021-06-16 09:30:46,28366.05,0
2021-06-16 09:30:47,28365.1,0
2021-06-16 09:30:48,28363.65,0
2021-06-16 09:30:49,28360.45,0
2021-06-16 09:30:50,28360.1,0
2021-06-16 09:30:51,28364.1,0
2021-06-16 09:30:52,28359.25,0
2021-06-16 09:30:53,28359.35,0
2021-06-16 09:30:54,28361.4,0
2021-06-16 09:30:55,28360.3,0
2021-06-16 09:30:56,28359.7,0
2021-06-16 09:30:57,28360.0,0
2021-06-16 09:30:58,28359.7,0
2021-06-16 09:30:59,28359.95,0
2021-06-16 09:31:00,28360.2,0
2021-06-16 09:31:01,28355.6,0
2021-06-16 09:31:02,28359.35,0
2021-06-16 09:31:03,28359.3,0
2021-06-16 09:31:04,28359.75,0
2021-06-16 09:31:05,28358.3,0
2021-06-16 09:31:06,28358.35,0
2021-06-16 09:31:07,28355.8,0
2021-06-16 09:31:08,28356.3,0
2021-06-16 09:31:09,28357.5,0
2021-06-16 09:31:10,28357.25,0
2021-06-16 09:31:12,28352.75,0
2021-06-16 09:31:13,28351.7,0
2021-06-16 09:31:14,28354.55,0
2021-06-16 09:31:15,28354.6,0
2021-06-16 09:31:16,28353.3,0
2021-06-16 09:31:17,28361.05,0
2021-06-16 09:31:18,28356.3,0
2021-06-16 09:31:19,28352.1,0
2021-06-16 09:31:20,28351.85,0
2021-06-16 09:31:21,28353.1,0
2021-06-16 09:31:22,28352.2,0
2021-06-16 09:31:23,28350.25,0
2021-06-16 09:31:24,28345.05,0
2021-06-16 09:31:25,28344.95,0
2021-06-16 09:31:26,28345.75,0
2021-06-16 09:31:27,28344.1,0
2021-06-16 09:31:28,28344.4,0
2021-06-16 09:31:29,28344.45,0
2021-06-16 09:31:31,28340.55,0
2021-06-16 09:31:32,28343.1,0
2021-06-16 09:31:33,28340.9,0
2021-06-16 09:31:35,28342.1,0
2021-06-16 09:31:36,28342.95,0
2021-06-16 09:31:37,28341.0,0
2021-06-16 09:31:38,28342.75,0
2021-06-16 09:31:39,28341.3,0
2021-06-16 09:31:40,28339.75,0
2021-06-16 09:31:41,28341.65,0
2021-06-16 09:31:42,28342.05,0
2021-06-16 09:31:43,28342.9,0
2021-06-16 09:31:44,28345.85,0
2021-06-16 09:31:45,28345.15,0
2021-06-16 09:31:47,28349.8,0
2021-06-16 09:31:49,28348.85,0
2021-06-16 09:31:51,28351.8,0
2021-06-16 09:31:53,28354.85,0
2021-06-16 09:31:54,28354.5,0
2021-06-16 09:31:55,28353.65,0
2021-06-16 09:31:56,28355.2,0
2021-06-16 09:31:57,28352.4,0
2021-06-16 09:31:59,28353.95,0
2021-06-16 09:32:02,28350.95,0
2021-06-16 09:32:03,28351.55,0
2021-06-16 09:32:04,28354.1,0
2021-06-16 09:32:05,28352.1,0
2021-06-16 09:32:06,28352.95,0
2021-06-16 09:32:07,28354.65,0
2021-06-16 09:32:08,28354.1,0
2021-06-16 09:32:09,28355.3,0
2021-06-16 09:32:10,28355.9,0
2021-06-16 09:32:11,28355.05,0
2021-06-16 09:32:13,28351.25,0
2021-06-16 09:32:14,28352.65,0
2021-06-16 09:32:15,28351.25,0
2021-06-16 09:32:16,28352.05,0
2021-06-16 09:32:17,28351.35,0
2021-06-16 09:32:18,28351.4,0
2021-06-16 09:32:19,28352.75,0
2021-06-16 09:32:20,28352.8,0
2021-06-16 09:32:21,28354.65,0
2021-06-16 09:32:22,28351.95,0
2021-06-16 09:32:23,28356.55,0
2021-06-16 09:32:24,28353.6,0
2021-06-16 09:32:26,28354.85,0
2021-06-16 09:32:27,28355.05,0
2021-06-16 09:32:28,28354.15,0
2021-06-16 09:32:29,28353.65,0
2021-06-16 09:32:30,28351.55,0
2021-06-16 09:32:31,28350.05,0
2021-06-16 09:32:32,28349.9,0
2021-06-16 09:32:34,28351.0,0
2021-06-16 09:32:35,28351.8,0
2021-06-16 09:32:36,28354.35,0
2021-06-16 09:32:37,28352.3,0
2021-06-16 09:32:38,28353.75,0
2021-06-16 09:32:39,28352.6,0
2021-06-16 09:32:40,28351.2,0
2021-06-16 09:32:41,28352.3,0
2021-06-16 09:32:43,28356.05,0
2021-06-16 09:32:44,28358.25,0
2021-06-16 09:32:45,28353.7,0
2021-06-16 09:32:46,28357.15,0
2021-06-16 09:32:47,28353.3,0
2021-06-16 09:32:48,28354.05,0
2021-06-16 09:32:50,28354.5,0
2021-06-16 09:32:51,28355.3,0
2021-06-16 09:32:52,28354.15,0
2021-06-16 09:32:53,28354.05,0
2021-06-16 09:32:54,28353.75,0
2021-06-16 09:32:55,28351.0,0
2021-06-16 09:32:56,28352.25,0
2021-06-16 09:32:57,28351.1,0
2021-06-16 09:32:58,28353.85,0
2021-06-16 09:32:59,28352.65,0
2021-06-16 09:33:00,28353.6,0
2021-06-16 09:33:01,28353.55,0
2021-06-16 09:33:03,28354.7,0
2021-06-16 09:33:04,28355.95,0
2021-06-16 09:33:05,28356.6,0
2021-06-16 09:33:06,28355.95,0
2021-06-16 09:33:07,28354.55,0
2021-06-16 09:33:08,28356.55,0
2021-06-16 09:33:09,28354.9,0
2021-06-16 09:33:10,28354.25,0
2021-06-16 09:33:11,28353.15,0
2021-06-16 09:33:12,28354.15,0
2021-06-16 09:33:13,28352.65,0
2021-06-16 09:33:14,28351.65,0
2021-06-16 09:33:15,28352.7,0
2021-06-16 09:33:16,28354.1,0
2021-06-16 09:33:17,28353.0,0
2021-06-16 09:33:18,28352.95,0
2021-06-16 09:33:19,28353.15,0
2021-06-16 09:33:20,28352.95,0
2021-06-16 09:33:21,28352.25,0
2021-06-16 09:33:22,28353.15,0
2021-06-16 09:33:23,28352.8,0
2021-06-16 09:33:24,28352.95,0
2021-06-16 09:33:25,28351.05,0
2021-06-16 09:33:26,28353.55,0
2021-06-16 09:33:27,28352.6,0
2021-06-16 09:33:28,28352.85,0
2021-06-16 09:33:29,28351.4,0
2021-06-16 09:33:30,28349.05,0
2021-06-16 09:33:31,28349.6,0
2021-06-16 09:33:32,28351.6,0
2021-06-16 09:33:33,28352.6,0
2021-06-16 09:33:34,28348.95,0
2021-06-16 09:33:35,28350.45,0
2021-06-16 09:33:37,28351.75,0
2021-06-16 09:33:38,28351.05,0
2021-06-16 09:33:40,28353.05,0
2021-06-16 09:33:41,28353.75,0
2021-06-16 09:33:42,28352.7,0
2021-06-16 09:33:43,28352.0,0
2021-06-16 09:33:44,28350.4,0
2021-06-16 09:33:45,28349.45,0
2021-06-16 09:33:46,28349.8,0
2021-06-16 09:33:47,28348.85,0
2021-06-16 09:33:48,28350.45,0
2021-06-16 09:33:49,28348.65,0
2021-06-16 09:33:51,28345.85,0
2021-06-16 09:33:52,28346.6,0
2021-06-16 09:33:53,28347.1,0
2021-06-16 09:33:54,28347.0,0
2021-06-16 09:33:55,28342.55,0
2021-06-16 09:33:56,28342.25,0
2021-06-16 09:33:57,28342.4,0
2021-06-16 09:33:58,28339.95,0
2021-06-16 09:33:59,28341.85,0
2021-06-16 09:34:00,28342.4,0
2021-06-16 09:34:01,28340.75,0
2021-06-16 09:34:02,28340.6,0
2021-06-16 09:34:03,28340.4,0
2021-06-16 09:34:04,28339.45,0
2021-06-16 09:34:05,28338.2,0
2021-06-16 09:34:06,28338.3,0
2021-06-16 09:34:07,28338.7,0
2021-06-16 09:34:08,28338.65,0
2021-06-16 09:34:09,28340.65,0
2021-06-16 09:34:10,28340.7,0
2021-06-16 09:34:11,28341.25,0
2021-06-16 09:34:14,28344.5,0
2021-06-16 09:34:15,28343.45,0
2021-06-16 09:34:16,28342.15,0
2021-06-16 09:34:17,28345.4,0
2021-06-16 09:34:18,28345.05,0
2021-06-16 09:34:19,28344.5,0
2021-06-16 09:34:20,28344.3,0
2021-06-16 09:34:21,28344.15,0
2021-06-16 09:34:22,28341.85,0
2021-06-16 09:34:23,28342.25,0
2021-06-16 09:34:24,28341.2,0
2021-06-16 09:34:25,28341.25,0
2021-06-16 09:34:26,28341.7,0
2021-06-16 09:34:27,28343.05,0
2021-06-16 09:34:28,28341.85,0
2021-06-16 09:34:29,28343.2,0
2021-06-16 09:34:30,28342.75,0
2021-06-16 09:34:31,28343.9,0
2021-06-16 09:34:32,28342.65,0
2021-06-16 09:34:33,28342.0,0
2021-06-16 09:34:35,28345.5,0
2021-06-16 09:34:36,28345.6,0
2021-06-16 09:34:38,28345.2,0
2021-06-16 09:34:39,28346.35,0
2021-06-16 09:34:41,28345.2,0
2021-06-16 09:34:42,28344.85,0
2021-06-16 09:34:43,28347.45,0
2021-06-16 09:34:44,28348.25,0
2021-06-16 09:34:45,28348.3,0
2021-06-16 09:34:46,28347.05,0
2021-06-16 09:34:47,28347.6,0
2021-06-16 09:34:48,28349.75,0
2021-06-16 09:34:49,28348.35,0
2021-06-16 09:34:50,28348.25,0
2021-06-16 09:34:51,28347.65,0
2021-06-16 09:34:52,28347.6,0
2021-06-16 09:34:53,28347.35,0
2021-06-16 09:34:54,28348.6,0
2021-06-16 09:34:55,28348.5,0
2021-06-16 09:34:56,28349.65,0
2021-06-16 09:34:58,28348.8,0
2021-06-16 09:34:59,28346.75,0
2021-06-16 09:35:00,28347.5,0
2021-06-16 09:35:03,28346.95,0
2021-06-16 09:35:04,28347.75,0
2021-06-16 09:35:05,28347.9,0
2021-06-16 09:35:06,28348.65,0
2021-06-16 09:35:07,28350.25,0
2021-06-16 09:35:08,28351.0,0
2021-06-16 09:35:09,28353.05,0
2021-06-16 09:35:10,28351.25,0
2021-06-16 09:35:11,28351.35,0
2021-06-16 09:35:14,28352.6,0
2021-06-16 09:35:16,28352.8,0
2021-06-16 09:35:17,28355.9,0
2021-06-16 09:35:18,28355.95,0
2021-06-16 09:35:19,28353.9,0
2021-06-16 09:35:20,28353.05,0
2021-06-16 09:35:21,28355.7,0
2021-06-16 09:35:22,28354.9,0
2021-06-16 09:35:23,28356.35,0
2021-06-16 09:35:25,28354.3,0
2021-06-16 09:35:26,28357.0,0
2021-06-16 09:35:27,28355.25,0
2021-06-16 09:35:28,28354.65,0
2021-06-16 09:35:30,28356.9,0
2021-06-16 09:35:32,28356.65,0
2021-06-16 09:35:33,28356.85,0
2021-06-16 09:35:34,28357.8,0
2021-06-16 09:35:35,28358.25,0
2021-06-16 09:35:36,28359.25,0
2021-06-16 09:35:37,28359.5,0
2021-06-16 09:35:38,28359.6,0
2021-06-16 09:35:39,28359.5,0
2021-06-16 09:35:40,28359.4,0
2021-06-16 09:35:43,28357.5,0
2021-06-16 09:35:45,28357.65,0
2021-06-16 09:35:46,28358.45,0
2021-06-16 09:35:47,28359.2,0
2021-06-16 09:35:48,28357.0,0
2021-06-16 09:35:49,28355.05,0
2021-06-16 09:35:50,28356.65,0
2021-06-16 09:35:51,28356.5,0
2021-06-16 09:35:53,28356.05,0
2021-06-16 09:35:54,28353.45,0
2021-06-16 09:35:55,28353.15,0
2021-06-16 09:35:56,28355.3,0
2021-06-16 09:35:57,28354.75,0
2021-06-16 09:35:58,28353.9,0
2021-06-16 09:35:59,28354.45,0
2021-06-16 09:36:00,28354.35,0
2021-06-16 09:36:01,28354.75,0
2021-06-16 09:36:02,28355.7,0
2021-06-16 09:36:03,28355.0,0
2021-06-16 09:36:05,28355.45,0
2021-06-16 09:36:06,28358.8,0
2021-06-16 09:36:08,28357.05,0
2021-06-16 09:36:09,28358.0,0
2021-06-16 09:36:10,28358.1,0
2021-06-16 09:36:11,28358.45,0
2021-06-16 09:36:12,28356.4,0
2021-06-16 09:36:13,28358.25,0
2021-06-16 09:36:14,28359.7,0
2021-06-16 09:36:15,28357.75,0
2021-06-16 09:36:16,28356.85,0
2021-06-16 09:36:17,28356.35,0
2021-06-16 09:36:18,28356.95,0
2021-06-16 09:36:19,28355.6,0
2021-06-16 09:36:20,28357.3,0
2021-06-16 09:36:23,28358.65,0
2021-06-16 09:36:24,28360.25,0
2021-06-16 09:36:25,28359.45,0
2021-06-16 09:36:26,28360.3,0
2021-06-16 09:36:27,28356.55,0
2021-06-16 09:36:28,28357.8,0
2021-06-16 09:36:29,28357.65,0
2021-06-16 09:36:30,28356.75,0
2021-06-16 09:36:33,28357.45,0
2021-06-16 09:36:34,28357.45,0
2021-06-16 09:36:35,28361.0,0
2021-06-16 09:36:36,28356.2,0
2021-06-16 09:36:37,28358.1,0
2021-06-16 09:36:38,28357.9,0
2021-06-16 09:36:39,28358.75,0
2021-06-16 09:36:40,28356.05,0
2021-06-16 09:36:41,28356.25,0
2021-06-16 09:36:42,28355.2,0
2021-06-16 09:36:43,28354.85,0
2021-06-16 09:36:44,28355.15,0
2021-06-16 09:36:45,28356.25,0
2021-06-16 09:36:46,28355.5,0
2021-06-16 09:36:47,28356.8,0
2021-06-16 09:36:48,28359.0,0
2021-06-16 09:36:49,28361.2,0
2021-06-16 09:36:52,28357.8,0
2021-06-16 09:36:54,28359.6,0
2021-06-16 09:36:55,28360.7,0
2021-06-16 09:36:56,28359.85,0
2021-06-16 09:36:57,28356.35,0
2021-06-16 09:36:58,28358.45,0
2021-06-16 09:36:59,28357.8,0
2021-06-16 09:37:00,28358.3,0
2021-06-16 09:37:02,28359.95,0
2021-06-16 09:37:03,28361.2,0
2021-06-16 09:37:04,28363.15,0
2021-06-16 09:37:05,28363.55,0
2021-06-16 09:37:06,28365.1,0
2021-06-16 09:37:07,28366.25,0
2021-06-16 09:37:08,28367.05,0
2021-06-16 09:37:10,28367.5,0
2021-06-16 09:37:11,28369.1,0
2021-06-16 09:37:13,28370.35,0
2021-06-16 09:37:14,28370.85,0
2021-06-16 09:37:15,28371.15,0
2021-06-16 09:37:16,28373.25,0
2021-06-16 09:37:18,28371.55,0
2021-06-16 09:37:19,28374.45,0
2021-06-16 09:37:20,28371.8,0
2021-06-16 09:37:21,28372.2,0
2021-06-16 09:37:22,28373.7,0
2021-06-16 09:37:23,28371.65,0
2021-06-16 09:37:24,28373.7,0
2021-06-16 09:37:25,28374.15,0
2021-06-16 09:37:26,28372.85,0
2021-06-16 09:37:27,28373.45,0
2021-06-16 09:37:28,28373.0,0
2021-06-16 09:37:29,28371.6,0
2021-06-16 09:37:30,28371.5,0
2021-06-16 09:37:31,28373.3,0
2021-06-16 09:37:32,28374.1,0
2021-06-16 09:37:33,28377.4,0
2021-06-16 09:37:34,28375.1,0
2021-06-16 09:37:35,28376.8,0
2021-06-16 09:37:36,28377.7,0
2021-06-16 09:37:37,28375.5,0
2021-06-16 09:37:38,28377.35,0
2021-06-16 09:37:39,28377.55,0
2021-06-16 09:37:40,28377.1,0
2021-06-16 09:37:41,28378.35,0
2021-06-16 09:37:42,28379.55,0
2021-06-16 09:37:43,28376.1,0
2021-06-16 09:37:44,28376.1,0
2021-06-16 09:37:45,28377.9,0
2021-06-16 09:37:46,28377.0,0
2021-06-16 09:37:47,28378.45,0
2021-06-16 09:37:48,28378.25,0
2021-06-16 09:37:49,28380.0,0
2021-06-16 09:37:50,28382.85,0
2021-06-16 09:37:51,28381.1,0
2021-06-16 09:37:52,28379.4,0
2021-06-16 09:37:53,28380.1,0
2021-06-16 09:37:54,28382.45,0
2021-06-16 09:37:55,28380.85,0
2021-06-16 09:37:56,28379.35,0
2021-06-16 09:37:57,28380.15,0
2021-06-16 09:37:58,28380.15,0
2021-06-16 09:37:59,28377.35,0
2021-06-16 09:38:00,28379.5,0
2021-06-16 09:38:01,28379.35,0
2021-06-16 09:38:02,28378.85,0
2021-06-16 09:38:03,28378.85,0
2021-06-16 09:38:04,28378.6,0
2021-06-16 09:38:05,28379.4,0
2021-06-16 09:38:06,28378.3,0
2021-06-16 09:38:07,28377.55,0
2021-06-16 09:38:08,28377.45,0
2021-06-16 09:38:09,28378.15,0
2021-06-16 09:38:10,28377.5,0
2021-06-16 09:38:11,28380.3,0
2021-06-16 09:38:12,28377.05,0
2021-06-16 09:38:13,28378.3,0
2021-06-16 09:38:14,28378.45,0
2021-06-16 09:38:15,28378.65,0
2021-06-16 09:38:16,28377.85,0
2021-06-16 09:38:17,28378.4,0
2021-06-16 09:38:18,28377.0,0
2021-06-16 09:38:19,28377.95,0
2021-06-16 09:38:20,28377.95,0
2021-06-16 09:38:21,28379.5,0
2021-06-16 09:38:22,28378.25,0
2021-06-16 09:38:23,28378.1,0
2021-06-16 09:38:24,28377.75,0
2021-06-16 09:38:25,28377.6,0
2021-06-16 09:38:27,28377.8,0
2021-06-16 09:38:28,28376.65,0
2021-06-16 09:38:30,28377.55,0
2021-06-16 09:38:32,28380.55,0
2021-06-16 09:38:33,28378.15,0
2021-06-16 09:38:34,28378.15,0
2021-06-16 09:38:35,28378.05,0
2021-06-16 09:38:38,28379.25,0
2021-06-16 09:38:39,28377.9,0
2021-06-16 09:38:40,28380.15,0
2021-06-16 09:38:41,28379.05,0
2021-06-16 09:38:42,28378.4,0
2021-06-16 09:38:43,28379.95,0
2021-06-16 09:38:44,28380.0,0
2021-06-16 09:38:46,28380.15,0
2021-06-16 09:38:47,28380.15,0
2021-06-16 09:38:48,28380.3,0
2021-06-16 09:38:49,28378.75,0
2021-06-16 09:38:50,28379.1,0
2021-06-16 09:38:51,28381.0,0
2021-06-16 09:38:53,28377.2,0
2021-06-16 09:38:55,28380.3,0
2021-06-16 09:38:56,28380.65,0
2021-06-16 09:38:57,28379.9,0
2021-06-16 09:38:58,28378.9,0
2021-06-16 09:38:59,28379.6,0
2021-06-16 09:39:00,28377.55,0
2021-06-16 09:39:01,28379.05,0
2021-06-16 09:39:02,28381.1,0
2021-06-16 09:39:03,28377.5,0
2021-06-16 09:39:05,28377.2,0
2021-06-16 09:39:06,28379.25,0
2021-06-16 09:39:07,28379.3,0
2021-06-16 09:39:08,28380.5,0
2021-06-16 09:39:09,28377.1,0
2021-06-16 09:39:10,28376.6,0
2021-06-16 09:39:11,28376.75,0
2021-06-16 09:39:12,28377.35,0
2021-06-16 09:39:13,28376.7,0
2021-06-16 09:39:14,28376.5,0
2021-06-16 09:39:15,28375.2,0
2021-06-16 09:39:16,28377.1,0
2021-06-16 09:39:17,28378.6,0
2021-06-16 09:39:18,28377.75,0
2021-06-16 09:39:19,28375.75,0
2021-06-16 09:39:20,28375.2,0
2021-06-16 09:39:21,28375.35,0
2021-06-16 09:39:22,28374.95,0
2021-06-16 09:39:23,28374.75,0
2021-06-16 09:39:24,28374.0,0
2021-06-16 09:39:25,28374.2,0
2021-06-16 09:39:26,28374.1,0
2021-06-16 09:39:27,28371.4,0
2021-06-16 09:39:28,28373.8,0
2021-06-16 09:39:29,28377.95,0
2021-06-16 09:39:30,28374.95,0
2021-06-16 09:39:31,28373.15,0
2021-06-16 09:39:32,28374.75,0
2021-06-16 09:39:33,28373.6,0
2021-06-16 09:39:34,28374.1,0
2021-06-16 09:39:36,28374.45,0
2021-06-16 09:39:35,28376.4,0
2021-06-16 09:39:38,28376.35,0
2021-06-16 09:39:39,28374.8,0
2021-06-16 09:39:40,28374.9,0
2021-06-16 09:39:41,28375.55,0
2021-06-16 09:39:42,28374.65,0
2021-06-16 09:39:43,28375.05,0
2021-06-16 09:39:44,28373.3,0
2021-06-16 09:39:45,28374.5,0
2021-06-16 09:39:46,28373.85,0
2021-06-16 09:39:47,28374.1,0
2021-06-16 09:39:48,28373.45,0
2021-06-16 09:39:49,28374.2,0
2021-06-16 09:39:50,28372.95,0
2021-06-16 09:39:51,28373.05,0
2021-06-16 09:39:52,28373.6,0
2021-06-16 09:39:53,28370.65,0
2021-06-16 09:39:54,28369.5,0
2021-06-16 09:39:55,28369.9,0
2021-06-16 09:39:57,28369.45,0
2021-06-16 09:39:58,28369.65,0
2021-06-16 09:39:59,28370.75,0
2021-06-16 09:40:02,28369.2,0
2021-06-16 09:40:03,28368.25,0
2021-06-16 09:40:04,28367.95,0
2021-06-16 09:40:05,28370.15,0
2021-06-16 09:40:06,28367.65,0
2021-06-16 09:40:07,28365.35,0
2021-06-16 09:40:08,28369.05,0
2021-06-16 09:40:09,28367.95,0
2021-06-16 09:40:10,28365.95,0
2021-06-16 09:40:11,28365.55,0
2021-06-16 09:40:13,28365.3,0
2021-06-16 09:40:14,28365.05,0
2021-06-16 09:40:15,28365.55,0
2021-06-16 09:40:16,28366.7,0
2021-06-16 09:40:17,28364.25,0
2021-06-16 09:40:18,28366.6,0
2021-06-16 09:40:19,28370.2,0
2021-06-16 09:40:20,28367.9,0
2021-06-16 09:40:22,28367.65,0
2021-06-16 09:40:24,28366.05,0
2021-06-16 09:40:25,28366.55,0
2021-06-16 09:40:26,28368.35,0
2021-06-16 09:40:27,28365.9,0
2021-06-16 09:40:29,28367.05,0
2021-06-16 09:40:30,28365.7,0
2021-06-16 09:40:31,28366.2,0
2021-06-16 09:40:32,28367.75,0
2021-06-16 09:40:33,28367.05,0
2021-06-16 09:40:34,28366.6,0
2021-06-16 09:40:35,28363.2,0
2021-06-16 09:40:36,28365.8,0
2021-06-16 09:40:37,28363.8,0
2021-06-16 09:40:38,28365.95,0
2021-06-16 09:40:39,28364.3,0
2021-06-16 09:40:40,28367.45,0
2021-06-16 09:40:41,28367.6,0
2021-06-16 09:40:42,28367.1,0
2021-06-16 09:40:43,28364.05,0
2021-06-16 09:40:46,28363.85,0
2021-06-16 09:40:47,28364.65,0
2021-06-16 09:40:48,28363.05,0
2021-06-16 09:40:49,28362.75,0
2021-06-16 09:40:50,28361.55,0
2021-06-16 09:40:51,28361.55,0
2021-06-16 09:40:52,28361.9,0
2021-06-16 09:40:57,28360.55,0
2021-06-16 09:40:59,28359.35,0
2021-06-16 09:41:00,28359.35,0
2021-06-16 09:41:01,28359.25,0
2021-06-16 09:41:02,28359.75,0
2021-06-16 09:41:03,28357.65,0
2021-06-16 09:41:04,28358.6,0
2021-06-16 09:41:05,28358.55,0
2021-06-16 09:41:07,28355.55,0
2021-06-16 09:41:08,28358.45,0
2021-06-16 09:41:10,28353.95,0
2021-06-16 09:41:11,28354.85,0
2021-06-16 09:41:13,28354.9,0
2021-06-16 09:41:14,28355.1,0
2021-06-16 09:41:15,28348.4,0
2021-06-16 09:41:16,28347.25,0
2021-06-16 09:41:17,28346.9,0
2021-06-16 09:41:18,28346.2,0
2021-06-16 09:41:19,28346.7,0
2021-06-16 09:41:20,28346.4,0
2021-06-16 09:41:21,28350.2,0
2021-06-16 09:41:22,28349.4,0
2021-06-16 09:41:23,28347.5,0
2021-06-16 09:41:25,28349.4,0
2021-06-16 09:41:26,28348.0,0
2021-06-16 09:41:27,28349.2,0
2021-06-16 09:41:28,28348.3,0
2021-06-16 09:41:29,28347.2,0
2021-06-16 09:41:30,28347.6,0
2021-06-16 09:41:31,28347.7,0
2021-06-16 09:41:32,28349.05,0
2021-06-16 09:41:33,28349.0,0
2021-06-16 09:41:34,28348.9,0
2021-06-16 09:41:36,28344.45,0
2021-06-16 09:41:37,28345.9,0
2021-06-16 09:41:38,28345.25,0
2021-06-16 09:41:39,28348.8,0
2021-06-16 09:41:41,28344.4,0
2021-06-16 09:41:42,28346.5,0
2021-06-16 09:41:44,28346.1,0
2021-06-16 09:41:45,28343.5,0
2021-06-16 09:41:46,28346.05,0
2021-06-16 09:41:47,28345.95,0
2021-06-16 09:41:48,28346.7,0
2021-06-16 09:41:49,28346.5,0
2021-06-16 09:41:51,28343.25,0
2021-06-16 09:41:52,28345.75,0
2021-06-16 09:41:53,28344.3,0
2021-06-16 09:41:54,28342.2,0
2021-06-16 09:41:55,28341.45,0
2021-06-16 09:41:56,28339.55,0
2021-06-16 09:41:57,28341.8,0
2021-06-16 09:41:58,28338.45,0
2021-06-16 09:41:59,28337.8,0
2021-06-16 09:42:00,28337.55,0
2021-06-16 09:42:01,28337.65,0
2021-06-16 09:42:03,28336.65,0
2021-06-16 09:42:04,28338.2,0
2021-06-16 09:42:05,28338.75,0
2021-06-16 09:42:06,28337.8,0
2021-06-16 09:42:07,28338.15,0
2021-06-16 09:42:08,28338.5,0
2021-06-16 09:42:09,28340.95,0
2021-06-16 09:42:10,28341.55,0
2021-06-16 09:42:11,28341.2,0
2021-06-16 09:42:12,28339.2,0
2021-06-16 09:42:13,28339.6,0
2021-06-16 09:42:14,28337.5,0
2021-06-16 09:42:15,28339.2,0
2021-06-16 09:42:16,28336.35,0
2021-06-16 09:42:17,28340.25,0
2021-06-16 09:42:18,28336.75,0
2021-06-16 09:42:20,28337.7,0
2021-06-16 09:42:21,28336.7,0
2021-06-16 09:42:22,28337.25,0
2021-06-16 09:42:23,28337.5,0
2021-06-16 09:42:24,28337.4,0
2021-06-16 09:42:25,28338.9,0
2021-06-16 09:42:26,28337.2,0
2021-06-16 09:42:27,28340.9,0
2021-06-16 09:42:28,28336.25,0
2021-06-16 09:42:29,28337.6,0
2021-06-16 09:42:30,28340.3,0
2021-06-16 09:42:31,28337.2,0
2021-06-16 09:42:32,28339.4,0
2021-06-16 09:42:33,28339.15,0
2021-06-16 09:42:34,28339.6,0
2021-06-16 09:42:35,28337.9,0
2021-06-16 09:42:36,28339.0,0
2021-06-16 09:42:37,28337.55,0
2021-06-16 09:42:38,28340.1,0
2021-06-16 09:42:39,28340.95,0
2021-06-16 09:42:40,28340.1,0
2021-06-16 09:42:41,28338.95,0
2021-06-16 09:42:42,28340.6,0
2021-06-16 09:42:43,28341.45,0
2021-06-16 09:42:44,28343.35,0
2021-06-16 09:42:46,28343.8,0
2021-06-16 09:42:47,28342.75,0
2021-06-16 09:42:48,28342.75,0
2021-06-16 09:42:49,28341.85,0
2021-06-16 09:42:50,28337.25,0
2021-06-16 09:42:51,28336.8,0
2021-06-16 09:42:52,28335.95,0
2021-06-16 09:42:53,28336.1,0
2021-06-16 09:42:54,28333.8,0
2021-06-16 09:42:56,28335.45,0
2021-06-16 09:42:57,28336.25,0
2021-06-16 09:42:58,28337.9,0
2021-06-16 09:42:59,28335.3,0
2021-06-16 09:43:00,28333.45,0
2021-06-16 09:43:01,28333.8,0
2021-06-16 09:43:02,28336.05,0
2021-06-16 09:43:03,28335.6,0
2021-06-16 09:43:04,28333.85,0
2021-06-16 09:43:05,28334.25,0
2021-06-16 09:43:06,28335.7,0
2021-06-16 09:43:07,28334.1,0
2021-06-16 09:43:08,28334.35,0
2021-06-16 09:43:09,28333.6,0
2021-06-16 09:43:10,28335.05,0
2021-06-16 09:43:11,28333.2,0
2021-06-16 09:43:12,28331.25,0
2021-06-16 09:43:13,28331.9,0
2021-06-16 09:43:14,28332.4,0
2021-06-16 09:43:15,28332.7,0
2021-06-16 09:43:16,28334.15,0
2021-06-16 09:43:17,28332.75,0
2021-06-16 09:43:18,28333.35,0
2021-06-16 09:43:19,28331.4,0
2021-06-16 09:43:20,28331.4,0
2021-06-16 09:43:21,28333.3,0
2021-06-16 09:43:22,28330.55,0
2021-06-16 09:43:23,28326.0,0
2021-06-16 09:43:24,28325.0,0
2021-06-16 09:43:25,28325.6,0
2021-06-16 09:43:26,28326.1,0
2021-06-16 09:43:28,28324.45,0
2021-06-16 09:43:29,28326.6,0
2021-06-16 09:43:30,28323.95,0
2021-06-16 09:43:31,28325.3,0
2021-06-16 09:43:32,28326.35,0
2021-06-16 09:43:33,28325.85,0
2021-06-16 09:43:34,28323.5,0
2021-06-16 09:43:35,28325.65,0
2021-06-16 09:43:37,28324.35,0
2021-06-16 09:43:38,28321.6,0
2021-06-16 09:43:41,28322.4,0
2021-06-16 09:43:42,28324.35,0
2021-06-16 09:43:44,28322.15,0
2021-06-16 09:43:46,28321.1,0
2021-06-16 09:43:47,28322.6,0
2021-06-16 09:43:49,28320.7,0
2021-06-16 09:43:50,28320.45,0
2021-06-16 09:43:51,28313.8,0
2021-06-16 09:43:53,28312.05,0
2021-06-16 09:43:54,28310.9,0
2021-06-16 09:43:55,28311.55,0
2021-06-16 09:43:56,28314.95,0
2021-06-16 09:43:57,28315.2,0
2021-06-16 09:43:58,28311.95,0
2021-06-16 09:43:59,28313.45,0
2021-06-16 09:44:00,28313.15,0
2021-06-16 09:44:01,28314.05,0
2021-06-16 09:44:04,28315.35,0
2021-06-16 09:44:05,28315.5,0
2021-06-16 09:44:06,28315.1,0
2021-06-16 09:44:07,28315.05,0
2021-06-16 09:44:08,28312.8,0
2021-06-16 09:44:09,28315.2,0
2021-06-16 09:44:10,28315.65,0
2021-06-16 09:44:11,28315.6,0
2021-06-16 09:44:12,28315.05,0
2021-06-16 09:44:13,28316.35,0
2021-06-16 09:44:14,28315.85,0
2021-06-16 09:44:15,28318.15,0
2021-06-16 09:44:16,28333.3,0
2021-06-16 09:44:17,28332.65,0
2021-06-16 09:44:18,28334.65,0
2021-06-16 09:44:19,28334.5,0
2021-06-16 09:44:20,28331.8,0
2021-06-16 09:44:21,28334.05,0
2021-06-16 09:44:22,28333.75,0
2021-06-16 09:44:23,28336.05,0
2021-06-16 09:44:24,28337.9,0
2021-06-16 09:44:25,28335.7,0
2021-06-16 09:44:27,28333.95,0
2021-06-16 09:44:28,28338.1,0
2021-06-16 09:44:29,28337.35,0
2021-06-16 09:44:30,28332.55,0
2021-06-16 09:44:31,28331.45,0
2021-06-16 09:44:32,28332.7,0
2021-06-16 09:44:34,28331.1,0
2021-06-16 09:44:35,28332.05,0
2021-06-16 09:44:36,28334.3,0
2021-06-16 09:44:37,28333.4,0
2021-06-16 09:44:38,28333.35,0
2021-06-16 09:44:39,28332.7,0
2021-06-16 09:44:40,28331.4,0
2021-06-16 09:44:41,28331.85,0
2021-06-16 09:44:42,28331.3,0
2021-06-16 09:44:43,28331.7,0
2021-06-16 09:44:45,28334.65,0
2021-06-16 09:44:46,28333.75,0
2021-06-16 09:44:47,28334.85,0
2021-06-16 09:44:49,28332.7,0
2021-06-16 09:44:50,28334.1,0
2021-06-16 09:44:51,28332.15,0
2021-06-16 09:44:52,28332.15,0
2021-06-16 09:44:54,28328.0,0
2021-06-16 09:44:55,28330.75,0
2021-06-16 09:44:56,28329.9,0
2021-06-16 09:44:57,28329.7,0
2021-06-16 09:44:58,28332.85,0
2021-06-16 09:44:59,28333.45,0
2021-06-16 09:45:00,28332.0,0
2021-06-16 09:45:01,28329.6,0
2021-06-16 09:45:02,28332.0,0
2021-06-16 09:45:03,28330.4,0
2021-06-16 09:45:04,28329.15,0
2021-06-16 09:45:05,28329.5,0
2021-06-16 09:45:06,28327.5,0
2021-06-16 09:45:07,28334.3,0
2021-06-16 09:45:08,28333.1,0
2021-06-16 09:45:09,28331.35,0
2021-06-16 09:45:10,28336.0,0
2021-06-16 09:45:12,28334.7,0
2021-06-16 09:45:13,28333.75,0
2021-06-16 09:45:14,28334.7,0
2021-06-16 09:45:15,28338.3,0
2021-06-16 09:45:16,28337.45,0
2021-06-16 09:45:17,28338.05,0
2021-06-16 09:45:18,28336.45,0
2021-06-16 09:45:20,28340.35,0
2021-06-16 09:45:22,28336.45,0
2021-06-16 09:45:23,28334.35,0
2021-06-16 09:45:24,28336.1,0
2021-06-16 09:45:25,28335.6,0
2021-06-16 09:45:26,28335.55,0
2021-06-16 09:45:27,28335.7,0
2021-06-16 09:45:28,28337.45,0
2021-06-16 09:45:29,28337.2,0
2021-06-16 09:45:30,28338.7,0
2021-06-16 09:45:31,28334.85,0
2021-06-16 09:45:32,28333.8,0
2021-06-16 09:45:33,28332.5,0
2021-06-16 09:45:34,28335.85,0
2021-06-16 09:45:37,28332.15,0
2021-06-16 09:45:38,28333.3,0
2021-06-16 09:45:39,28334.25,0
2021-06-16 09:45:40,28332.3,0
2021-06-16 09:45:41,28330.95,0
2021-06-16 09:45:42,28332.25,0
2021-06-16 09:45:43,28331.05,0
2021-06-16 09:45:44,28331.25,0
2021-06-16 09:45:45,28330.0,0
2021-06-16 09:45:46,28332.1,0
2021-06-16 09:45:48,28331.65,0
2021-06-16 09:45:49,28332.05,0
2021-06-16 09:45:50,28332.25,0
2021-06-16 09:45:51,28331.5,0
2021-06-16 09:45:52,28331.95,0
2021-06-16 09:45:53,28335.75,0
2021-06-16 09:45:54,28336.4,0
2021-06-16 09:45:55,28338.5,0
2021-06-16 09:45:56,28337.2,0
2021-06-16 09:45:57,28336.15,0
2021-06-16 09:45:59,28334.9,0
2021-06-16 09:46:01,28335.2,0
2021-06-16 09:46:05,28333.55,0
2021-06-16 09:46:08,28330.8,0
2021-06-16 09:46:10,28329.4,0
2021-06-16 09:46:11,28329.9,0
2021-06-16 09:46:12,28326.6,0
2021-06-16 09:46:14,28335.2,0
2021-06-16 09:46:15,28334.6,0
2021-06-16 09:46:16,28331.1,0
2021-06-16 09:46:17,28332.4,0
2021-06-16 09:46:18,28332.15,0
2021-06-16 09:46:19,28332.95,0
2021-06-16 09:46:20,28333.6,0
2021-06-16 09:46:21,28336.1,0
2021-06-16 09:46:22,28333.5,0
2021-06-16 09:46:23,28335.4,0
2021-06-16 09:46:24,28335.7,0
2021-06-16 09:46:25,28335.05,0
2021-06-16 09:46:26,28332.45,0
2021-06-16 09:46:27,28331.25,0
2021-06-16 09:46:28,28331.6,0
2021-06-16 09:46:29,28330.5,0
2021-06-16 09:46:30,28328.65,0
2021-06-16 09:46:31,28330.9,0
2021-06-16 09:46:32,28334.6,0
2021-06-16 09:46:33,28336.25,0
2021-06-16 09:46:34,28335.35,0
2021-06-16 09:46:35,28334.85,0
2021-06-16 09:46:36,28333.95,0
2021-06-16 09:46:37,28337.45,0
2021-06-16 09:46:38,28338.85,0
2021-06-16 09:46:39,28335.9,0
2021-06-16 09:46:40,28337.3,0
2021-06-16 09:46:41,28337.4,0
2021-06-16 09:46:42,28337.05,0
2021-06-16 09:46:43,28338.2,0
2021-06-16 09:46:44,28339.35,0
2021-06-16 09:46:45,28340.75,0
2021-06-16 09:46:46,28341.5,0
2021-06-16 09:46:47,28338.2,0
2021-06-16 09:46:48,28339.8,0
2021-06-16 09:46:50,28339.65,0
2021-06-16 09:46:51,28340.8,0
2021-06-16 09:46:52,28343.4,0
2021-06-16 09:46:53,28343.0,0
2021-06-16 09:46:54,28341.8,0
2021-06-16 09:46:55,28340.55,0
2021-06-16 09:46:56,28341.0,0
2021-06-16 09:46:57,28339.25,0
2021-06-16 09:46:58,28339.9,0
2021-06-16 09:46:59,28339.9,0
2021-06-16 09:47:00,28339.2,0
2021-06-16 09:47:01,28338.8,0
2021-06-16 09:47:02,28339.85,0
2021-06-16 09:47:03,28337.1,0
2021-06-16 09:47:04,28335.1,0
2021-06-16 09:47:05,28337.35,0
2021-06-16 09:47:06,28338.9,0
2021-06-16 09:47:07,28339.1,0
2021-06-16 09:47:09,28334.2,0
2021-06-16 09:47:10,28334.05,0
2021-06-16 09:47:11,28335.55,0
2021-06-16 09:47:14,28333.7,0
2021-06-16 09:47:15,28334.25,0
2021-06-16 09:47:16,28331.65,0
2021-06-16 09:47:17,28330.2,0
2021-06-16 09:47:18,28331.75,0
2021-06-16 09:47:19,28331.8,0
2021-06-16 09:47:20,28331.35,0
2021-06-16 09:47:21,28332.7,0
2021-06-16 09:47:22,28330.4,0
2021-06-16 09:47:23,28330.05,0
2021-06-16 09:47:24,28330.25,0
2021-06-16 09:47:26,28327.35,0
2021-06-16 09:47:27,28326.2,0
2021-06-16 09:47:28,28324.85,0
2021-06-16 09:47:29,28320.2,0
2021-06-16 09:47:30,28322.2,0
2021-06-16 09:47:31,28321.45,0
2021-06-16 09:47:32,28321.15,0
2021-06-16 09:47:33,28320.45,0
2021-06-16 09:47:35,28319.8,0
2021-06-16 09:47:36,28320.65,0
2021-06-16 09:47:38,28318.1,0
2021-06-16 09:47:39,28318.6,0
2021-06-16 09:47:40,28319.4,0
2021-06-16 09:47:41,28315.85,0
2021-06-16 09:47:42,28318.15,0
2021-06-16 09:47:43,28315.35,0
2021-06-16 09:47:44,28313.4,0
2021-06-16 09:47:45,28312.2,0
2021-06-16 09:47:46,28307.4,0
2021-06-16 09:47:47,28307.0,0
2021-06-16 09:47:48,28305.9,0
2021-06-16 09:47:49,28303.8,0
2021-06-16 09:47:50,28306.0,0
2021-06-16 09:47:51,28305.15,0
2021-06-16 09:47:52,28305.05,0
2021-06-16 09:47:53,28304.1,0
2021-06-16 09:47:54,28301.95,0
2021-06-16 09:47:55,28303.2,0
2021-06-16 09:47:56,28306.5,0
2021-06-16 09:47:57,28304.15,0
2021-06-16 09:47:58,28304.2,0
2021-06-16 09:47:59,28305.55,0
2021-06-16 09:48:01,28309.15,0
2021-06-16 09:48:02,28308.0,0
2021-06-16 09:48:03,28307.55,0
2021-06-16 09:48:04,28314.4,0
2021-06-16 09:48:05,28317.35,0
2021-06-16 09:48:06,28316.25,0
2021-06-16 09:48:09,28314.7,0
2021-06-16 09:48:10,28313.15,0
2021-06-16 09:48:11,28312.6,0
2021-06-16 09:48:12,28312.9,0
2021-06-16 09:48:13,28310.25,0
2021-06-16 09:48:14,28311.35,0
2021-06-16 09:48:15,28310.0,0
2021-06-16 09:48:16,28309.4,0
2021-06-16 09:48:17,28311.2,0
2021-06-16 09:48:20,28310.95,0
2021-06-16 09:48:21,28312.3,0
2021-06-16 09:48:22,28313.4,0
2021-06-16 09:48:23,28315.1,0
2021-06-16 09:48:24,28313.75,0
2021-06-16 09:48:26,28310.05,0
2021-06-16 09:48:27,28311.75,0
2021-06-16 09:48:28,28310.9,0
2021-06-16 09:48:29,28312.3,0
2021-06-16 09:48:30,28312.3,0
2021-06-16 09:48:31,28312.85,0
2021-06-16 09:48:32,28312.75,0
2021-06-16 09:48:33,28312.25,0
2021-06-16 09:48:34,28311.7,0
2021-06-16 09:48:35,28313.75,0
2021-06-16 09:48:36,28314.9,0
2021-06-16 09:48:37,28314.35,0
2021-06-16 09:48:38,28316.1,0
2021-06-16 09:48:39,28316.3,0
2021-06-16 09:48:40,28312.8,0
2021-06-16 09:48:41,28315.3,0
2021-06-16 09:48:42,28312.7,0
2021-06-16 09:48:44,28312.55,0
2021-06-16 09:48:45,28313.05,0
2021-06-16 09:48:46,28312.65,0
2021-06-16 09:48:47,28310.5,0
2021-06-16 09:48:48,28310.35,0
2021-06-16 09:48:49,28311.9,0
2021-06-16 09:48:50,28312.45,0
2021-06-16 09:48:51,28313.15,0
2021-06-16 09:48:52,28313.7,0
2021-06-16 09:48:53,28310.45,0
2021-06-16 09:48:54,28312.15,0
2021-06-16 09:48:55,28313.3,0
2021-06-16 09:48:56,28311.3,0
2021-06-16 09:48:58,28320.75,0
2021-06-16 09:48:59,28323.25,0
2021-06-16 09:49:00,28323.85,0
2021-06-16 09:49:01,28324.2,0
2021-06-16 09:49:02,28321.0,0
2021-06-16 09:49:03,28322.4,0
2021-06-16 09:49:04,28322.6,0
2021-06-16 09:49:05,28321.05,0
2021-06-16 09:49:06,28320.05,0
2021-06-16 09:49:07,28317.65,0
2021-06-16 09:49:08,28317.1,0
2021-06-16 09:49:09,28318.8,0
2021-06-16 09:49:10,28320.35,0
2021-06-16 09:49:11,28316.8,0
2021-06-16 09:49:12,28315.7,0
2021-06-16 09:49:13,28316.1,0
2021-06-16 09:49:14,28315.45,0
2021-06-16 09:49:15,28314.85,0
2021-06-16 09:49:16,28313.65,0
2021-06-16 09:49:18,28314.65,0
2021-06-16 09:49:19,28311.9,0
2021-06-16 09:49:20,28310.7,0
2021-06-16 09:49:21,28313.4,0
2021-06-16 09:49:22,28315.2,0
2021-06-16 09:49:24,28317.0,0
2021-06-16 09:49:25,28314.85,0
2021-06-16 09:49:26,28315.8,0
2021-06-16 09:49:27,28313.2,0
2021-06-16 09:49:28,28312.2,0
2021-06-16 09:49:29,28314.15,0
2021-06-16 09:49:31,28312.25,0
2021-06-16 09:49:32,28311.65,0
2021-06-16 09:49:33,28316.6,0
2021-06-16 09:49:34,28315.2,0
2021-06-16 09:49:35,28314.65,0
2021-06-16 09:49:36,28312.85,0
2021-06-16 09:49:37,28314.5,0
2021-06-16 09:49:38,28313.55,0
2021-06-16 09:49:39,28313.55,0
2021-06-16 09:49:40,28313.15,0
2021-06-16 09:49:41,28311.8,0
2021-06-16 09:49:42,28311.1,0
2021-06-16 09:49:44,28311.65,0
2021-06-16 09:49:47,28310.9,0
2021-06-16 09:49:49,28311.95,0
2021-06-16 09:49:50,28312.5,0
2021-06-16 09:49:51,28313.95,0
2021-06-16 09:49:52,28312.3,0
2021-06-16 09:49:53,28314.35,0
2021-06-16 09:49:54,28315.15,0
2021-06-16 09:49:57,28312.85,0
2021-06-16 09:49:58,28312.05,0
2021-06-16 09:49:59,28312.3,0
2021-06-16 09:50:00,28311.55,0
2021-06-16 09:50:02,28308.6,0
2021-06-16 09:50:03,28308.5,0
2021-06-16 09:50:04,28311.35,0
2021-06-16 09:50:05,28306.95,0
2021-06-16 09:50:06,28308.75,0
2021-06-16 09:50:07,28308.9,0
2021-06-16 09:50:09,28307.0,0
2021-06-16 09:50:11,28310.8,0
2021-06-16 09:50:12,28312.95,0
2021-06-16 09:50:13,28312.75,0
2021-06-16 09:50:14,28309.55,0
2021-06-16 09:50:15,28310.7,0
2021-06-16 09:50:17,28313.3,0
2021-06-16 09:50:18,28319.35,0
2021-06-16 09:50:19,28325.25,0
2021-06-16 09:50:20,28330.4,0
2021-06-16 09:50:21,28329.95,0
2021-06-16 09:50:23,28333.35,0
2021-06-16 09:50:24,28336.0,0
2021-06-16 09:50:26,28333.85,0
2021-06-16 09:50:27,28334.3,0
2021-06-16 09:50:28,28334.0,0
2021-06-16 09:50:30,28334.75,0
2021-06-16 09:50:31,28333.65,0
2021-06-16 09:50:32,28334.2,0
2021-06-16 09:50:34,28334.5,0
2021-06-16 09:50:35,28331.4,0
2021-06-16 09:50:36,28332.6,0
2021-06-16 09:50:37,28331.0,0
2021-06-16 09:50:38,28333.15,0
2021-06-16 09:50:39,28330.0,0
2021-06-16 09:50:40,28330.55,0
2021-06-16 09:50:41,28329.35,0
2021-06-16 09:50:42,28331.45,0
2021-06-16 09:50:43,28332.65,0
2021-06-16 09:50:44,28329.3,0
2021-06-16 09:50:45,28329.55,0
2021-06-16 09:50:46,28330.15,0
2021-06-16 09:50:47,28329.4,0
2021-06-16 09:50:48,28328.15,0
2021-06-16 09:50:49,28331.0,0
2021-06-16 09:50:50,28326.65,0
2021-06-16 09:50:51,28327.0,0
2021-06-16 09:50:52,28328.0,0
2021-06-16 09:50:53,28326.2,0
2021-06-16 09:50:54,28324.3,0
2021-06-16 09:50:55,28326.0,0
2021-06-16 09:50:56,28324.55,0
2021-06-16 09:50:58,28325.4,0
2021-06-16 09:50:59,28324.9,0
2021-06-16 09:51:00,28327.75,0
2021-06-16 09:51:01,28329.25,0
2021-06-16 09:51:02,28325.6,0
2021-06-16 09:51:03,28329.7,0
2021-06-16 09:51:04,28328.65,0
2021-06-16 09:51:06,28326.75,0
2021-06-16 09:51:07,28327.35,0
2021-06-16 09:51:08,28330.25,0
2021-06-16 09:51:09,28331.0,0
2021-06-16 09:51:10,28328.25,0
2021-06-16 09:51:11,28327.3,0
2021-06-16 09:51:13,28324.4,0
2021-06-16 09:51:14,28325.45,0
2021-06-16 09:51:16,28325.1,0
2021-06-16 09:51:17,28328.35,0
2021-06-16 09:51:18,28327.2,0
2021-06-16 09:51:19,28328.8,0
2021-06-16 09:51:20,28328.55,0
2021-06-16 09:51:21,28325.75,0
2021-06-16 09:51:22,28328.15,0
2021-06-16 09:51:23,28327.75,0
2021-06-16 09:51:24,28326.1,0
2021-06-16 09:51:26,28329.55,0
2021-06-16 09:51:27,28328.05,0
2021-06-16 09:51:29,28329.35,0
2021-06-16 09:51:30,28330.7,0
2021-06-16 09:51:31,28330.5,0
2021-06-16 09:51:32,28329.75,0
2021-06-16 09:51:33,28327.0,0
2021-06-16 09:51:34,28332.55,0
2021-06-16 09:51:35,28332.95,0
2021-06-16 09:51:36,28331.65,0
2021-06-16 09:51:37,28329.25,0
2021-06-16 09:51:38,28329.8,0
2021-06-16 09:51:39,28330.8,0
2021-06-16 09:51:40,28334.7,0
2021-06-16 09:51:41,28331.55,0
2021-06-16 09:51:42,28335.85,0
2021-06-16 09:51:43,28331.85,0
2021-06-16 09:51:44,28332.15,0
2021-06-16 09:51:45,28333.55,0
2021-06-16 09:51:46,28335.3,0
2021-06-16 09:51:47,28335.05,0
2021-06-16 09:51:49,28334.9,0
2021-06-16 09:51:50,28331.05,0
2021-06-16 09:51:51,28331.65,0
2021-06-16 09:51:52,28329.4,0
2021-06-16 09:51:53,28328.25,0
2021-06-16 09:51:54,28328.7,0
2021-06-16 09:51:55,28327.0,0
2021-06-16 09:51:57,28328.05,0
2021-06-16 09:51:58,28327.8,0
2021-06-16 09:51:59,28327.75,0
2021-06-16 09:52:01,28329.15,0
2021-06-16 09:52:02,28329.15,0
2021-06-16 09:52:03,28329.25,0
2021-06-16 09:52:04,28327.85,0
2021-06-16 09:52:05,28325.6,0
2021-06-16 09:52:06,28325.65,0
2021-06-16 09:52:07,28327.65,0
2021-06-16 09:52:09,28326.35,0
2021-06-16 09:52:10,28326.1,0
2021-06-16 09:52:11,28329.4,0
2021-06-16 09:52:12,28329.4,0
2021-06-16 09:52:13,28331.5,0
2021-06-16 09:52:14,28331.5,0
2021-06-16 09:52:16,28332.8,0
2021-06-16 09:52:17,28332.4,0
2021-06-16 09:52:18,28331.75,0
2021-06-16 09:52:21,28338.8,0
2021-06-16 09:52:22,28340.95,0
2021-06-16 09:52:23,28335.85,0
2021-06-16 09:52:24,28335.65,0
2021-06-16 09:52:25,28336.25,0
2021-06-16 09:52:27,28337.2,0
2021-06-16 09:52:29,28336.05,0
2021-06-16 09:52:30,28336.0,0
2021-06-16 09:52:31,28337.85,0
2021-06-16 09:52:32,28338.35,0
2021-06-16 09:52:34,28338.5,0
2021-06-16 09:52:35,28340.45,0
2021-06-16 09:52:37,28339.4,0
2021-06-16 09:52:38,28340.3,0
2021-06-16 09:52:39,28338.35,0
2021-06-16 09:52:40,28339.7,0
2021-06-16 09:52:41,28343.6,0
2021-06-16 09:52:42,28344.15,0
2021-06-16 09:52:44,28347.85,0
2021-06-16 09:52:45,28345.5,0
2021-06-16 09:52:46,28349.2,0
2021-06-16 09:52:49,28353.6,0
2021-06-16 09:52:50,28355.25,0
2021-06-16 09:52:54,28359.4,0
2021-06-16 09:52:55,28359.65,0
2021-06-16 09:52:56,28361.45,0
2021-06-16 09:52:57,28360.6,0
2021-06-16 09:52:58,28365.0,0
2021-06-16 09:52:59,28366.05,0
2021-06-16 09:53:00,28365.6,0
2021-06-16 09:53:01,28365.2,0
2021-06-16 09:53:02,28367.4,0
2021-06-16 09:53:04,28368.9,0
2021-06-16 09:53:05,28365.85,0
2021-06-16 09:53:07,28368.85,0
2021-06-16 09:53:08,28367.7,0
2021-06-16 09:53:09,28367.6,0
2021-06-16 09:53:11,28369.55,0
2021-06-16 09:53:12,28365.4,0
2021-06-16 09:53:13,28367.8,0
2021-06-16 09:53:14,28365.6,0
2021-06-16 09:53:15,28366.1,0
2021-06-16 09:53:16,28366.0,0
2021-06-16 09:53:18,28366.95,0
2021-06-16 09:53:20,28369.65,0
2021-06-16 09:53:21,28368.75,0
2021-06-16 09:53:22,28374.2,0
2021-06-16 09:53:23,28373.3,0
2021-06-16 09:53:24,28374.35,0
2021-06-16 09:53:25,28373.7,0
2021-06-16 09:53:26,28371.9,0
2021-06-16 09:53:27,28373.4,0
2021-06-16 09:53:29,28372.4,0
2021-06-16 09:53:28,28374.2,0
2021-06-16 09:53:30,28373.4,0
2021-06-16 09:53:31,28372.0,0
2021-06-16 09:53:32,28373.8,0
2021-06-16 09:53:33,28371.05,0
2021-06-16 09:53:34,28373.95,0
2021-06-16 09:53:35,28373.15,0
2021-06-16 09:53:36,28375.9,0
2021-06-16 09:53:37,28376.5,0
2021-06-16 09:53:38,28376.0,0
2021-06-16 09:53:39,28376.6,0
2021-06-16 09:53:40,28375.05,0
2021-06-16 09:53:41,28372.8,0
2021-06-16 09:53:42,28377.05,0
2021-06-16 09:53:44,28375.4,0
2021-06-16 09:53:45,28375.2,0
2021-06-16 09:53:47,28379.15,0
2021-06-16 09:53:48,28381.6,0
2021-06-16 09:53:49,28381.55,0
2021-06-16 09:53:50,28380.6,0
2021-06-16 09:53:52,28380.7,0
2021-06-16 09:53:53,28379.1,0
2021-06-16 09:53:54,28379.9,0
2021-06-16 09:53:55,28381.3,0
2021-06-16 09:53:56,28384.1,0
2021-06-16 09:53:57,28385.4,0
2021-06-16 09:54:00,28390.65,0
2021-06-16 09:54:01,28395.0,0
2021-06-16 09:54:02,28397.15,0
2021-06-16 09:54:03,28395.3,0
2021-06-16 09:54:04,28396.15,0
2021-06-16 09:54:05,28395.75,0
2021-06-16 09:54:06,28399.9,0
2021-06-16 09:54:07,28400.75,0
2021-06-16 09:54:08,28398.7,0
2021-06-16 09:54:09,28403.8,0
2021-06-16 09:54:10,28399.75,0
2021-06-16 09:54:11,28402.35,0
2021-06-16 09:54:12,28400.7,0
2021-06-16 09:54:13,28403.35,0
2021-06-16 09:54:14,28402.45,0
2021-06-16 09:54:15,28404.55,0
2021-06-16 09:54:16,28403.4,0
2021-06-16 09:54:17,28410.15,0
2021-06-16 09:54:18,28409.25,0
2021-06-16 09:54:19,28407.25,0
2021-06-16 09:54:20,28408.8,0
2021-06-16 09:54:21,28408.25,0
2021-06-16 09:54:23,28408.05,0
2021-06-16 09:54:24,28409.45,0
2021-06-16 09:54:26,28408.55,0
2021-06-16 09:54:29,28404.3,0
2021-06-16 09:54:30,28404.35,0
2021-06-16 09:54:31,28401.9,0
2021-06-16 09:54:32,28404.95,0
2021-06-16 09:54:33,28402.6,0
2021-06-16 09:54:34,28399.5,0
2021-06-16 09:54:35,28402.1,0
2021-06-16 09:54:36,28400.25,0
2021-06-16 09:54:37,28403.05,0
2021-06-16 09:54:38,28403.35,0
2021-06-16 09:54:39,28402.7,0
2021-06-16 09:54:40,28400.0,0
2021-06-16 09:54:42,28400.75,0
2021-06-16 09:54:44,28403.15,0
2021-06-16 09:54:45,28403.45,0
2021-06-16 09:54:46,28400.05,0
2021-06-16 09:54:47,28399.55,0
2021-06-16 09:54:48,28399.75,0
2021-06-16 09:54:49,28398.35,0
2021-06-16 09:54:50,28398.8,0
2021-06-16 09:54:51,28397.45,0
2021-06-16 09:54:52,28397.0,0
2021-06-16 09:54:53,28396.2,0
2021-06-16 09:54:55,28396.55,0
2021-06-16 09:54:56,28397.85,0
2021-06-16 09:54:57,28399.7,0
2021-06-16 09:54:58,28398.3,0
2021-06-16 09:54:59,28402.2,0
2021-06-16 09:55:00,28401.45,0
2021-06-16 09:55:01,28399.4,0
2021-06-16 09:55:02,28402.15,0
2021-06-16 09:55:03,28402.15,0
2021-06-16 09:55:04,28401.75,0
2021-06-16 09:55:06,28401.15,0
2021-06-16 09:55:07,28402.3,0
2021-06-16 09:55:08,28402.3,0
2021-06-16 09:55:09,28400.8,0
2021-06-16 09:55:10,28400.75,0
2021-06-16 09:55:11,28399.0,0
2021-06-16 09:55:13,28398.15,0
2021-06-16 09:55:14,28399.65,0
2021-06-16 09:55:17,28395.5,0
2021-06-16 09:55:18,28397.9,0
2021-06-16 09:55:19,28397.75,0
2021-06-16 09:55:20,28397.0,0
2021-06-16 09:55:21,28392.7,0
2021-06-16 09:55:22,28390.4,0
2021-06-16 09:55:23,28391.15,0
2021-06-16 09:55:24,28391.3,0
2021-06-16 09:55:25,28387.95,0
2021-06-16 09:55:26,28389.0,0
2021-06-16 09:55:27,28395.8,0
2021-06-16 09:55:28,28392.9,0
2021-06-16 09:55:29,28388.15,0
2021-06-16 09:55:30,28393.55,0
2021-06-16 09:55:31,28394.2,0
2021-06-16 09:55:32,28390.95,0
2021-06-16 09:55:33,28393.0,0
2021-06-16 09:55:34,28392.85,0
2021-06-16 09:55:35,28393.9,0
2021-06-16 09:55:37,28395.7,0
2021-06-16 09:55:38,28394.8,0
2021-06-16 09:55:39,28395.7,0
2021-06-16 09:55:41,28396.25,0
2021-06-16 09:55:42,28395.15,0
2021-06-16 09:55:43,28396.1,0
2021-06-16 09:55:44,28396.25,0
2021-06-16 09:55:45,28396.2,0
2021-06-16 09:55:46,28395.95,0
2021-06-16 09:55:48,28396.45,0
2021-06-16 09:55:49,28398.9,0
2021-06-16 09:55:50,28400.15,0
2021-06-16 09:55:51,28395.15,0
2021-06-16 09:55:52,28399.9,0
2021-06-16 09:55:53,28399.75,0
2021-06-16 09:55:54,28398.2,0
2021-06-16 09:55:55,28400.25,0
2021-06-16 09:55:57,28400.4,0
2021-06-16 09:55:58,28401.75,0
2021-06-16 09:55:59,28396.8,0
2021-06-16 09:56:00,28399.05,0
2021-06-16 09:56:01,28398.1,0
2021-06-16 09:56:02,28395.9,0
2021-06-16 09:56:03,28392.65,0
2021-06-16 09:56:04,28394.0,0
2021-06-16 09:56:05,28394.55,0
2021-06-16 09:56:06,28395.2,0
2021-06-16 09:56:07,28392.95,0
2021-06-16 09:56:08,28395.65,0
2021-06-16 09:56:09,28396.7,0
2021-06-16 09:56:10,28395.95,0
2021-06-16 09:56:11,28394.5,0
2021-06-16 09:56:12,28395.65,0
2021-06-16 09:56:13,28393.25,0
2021-06-16 09:56:14,28393.95,0
2021-06-16 09:56:15,28390.7,0
2021-06-16 09:56:16,28387.8,0
2021-06-16 09:56:17,28388.3,0
2021-06-16 09:56:18,28390.25,0
2021-06-16 09:56:19,28392.75,0
2021-06-16 09:56:20,28393.3,0
2021-06-16 09:56:21,28392.3,0
2021-06-16 09:56:22,28392.5,0
2021-06-16 09:56:23,28390.3,0
2021-06-16 09:56:24,28393.0,0
2021-06-16 09:56:25,28395.6,0
2021-06-16 09:56:26,28393.95,0
2021-06-16 09:56:27,28392.3,0
2021-06-16 09:56:29,28393.7,0
2021-06-16 09:56:30,28395.6,0
2021-06-16 09:56:31,28395.65,0
2021-06-16 09:56:32,28393.35,0
2021-06-16 09:56:33,28396.35,0
2021-06-16 09:56:34,28395.0,0
2021-06-16 09:56:35,28398.95,0
2021-06-16 09:56:37,28397.6,0
2021-06-16 09:56:38,28399.1,0
2021-06-16 09:56:39,28400.2,0
2021-06-16 09:56:40,28401.55,0
2021-06-16 09:56:41,28399.55,0
2021-06-16 09:56:42,28400.4,0
2021-06-16 09:56:43,28402.6,0
2021-06-16 09:56:44,28401.05,0
2021-06-16 09:56:45,28397.9,0
2021-06-16 09:56:46,28400.05,0
2021-06-16 09:56:47,28399.95,0
2021-06-16 09:56:48,28401.8,0
2021-06-16 09:56:49,28402.1,0
2021-06-16 09:56:50,28400.6,0
2021-06-16 09:56:51,28398.65,0
2021-06-16 09:56:52,28397.2,0
2021-06-16 09:56:53,28394.55,0
2021-06-16 09:56:54,28394.4,0
2021-06-16 09:56:55,28394.15,0
2021-06-16 09:56:56,28393.1,0
2021-06-16 09:56:57,28399.15,0
2021-06-16 09:56:59,28400.7,0
2021-06-16 09:57:00,28398.3,0
2021-06-16 09:57:01,28399.35,0
2021-06-16 09:57:03,28406.5,0
2021-06-16 09:57:04,28405.85,0
2021-06-16 09:57:05,28403.8,0
2021-06-16 09:57:06,28404.6,0
2021-06-16 09:57:07,28404.75,0
2021-06-16 09:57:08,28404.5,0
2021-06-16 09:57:09,28402.65,0
2021-06-16 09:57:10,28403.5,0
2021-06-16 09:57:11,28405.25,0
2021-06-16 09:57:12,28406.0,0
2021-06-16 09:57:13,28403.85,0
2021-06-16 09:57:14,28403.5,0
2021-06-16 09:57:15,28407.25,0
2021-06-16 09:57:16,28405.75,0
2021-06-16 09:57:17,28403.3,0
2021-06-16 09:57:18,28406.2,0
2021-06-16 09:57:19,28405.7,0
2021-06-16 09:57:20,28406.15,0
2021-06-16 09:57:21,28407.05,0
2021-06-16 09:57:22,28405.05,0
2021-06-16 09:57:23,28405.65,0
2021-06-16 09:57:24,28407.25,0
2021-06-16 09:57:25,28406.6,0
2021-06-16 09:57:26,28405.15,0
2021-06-16 09:57:27,28405.45,0
2021-06-16 09:57:28,28405.0,0
2021-06-16 09:57:29,28404.25,0
2021-06-16 09:57:30,28405.15,0
2021-06-16 09:57:31,28405.95,0
2021-06-16 09:57:32,28404.9,0
2021-06-16 09:57:33,28404.05,0
2021-06-16 09:57:34,28404.05,0
2021-06-16 09:57:35,28405.05,0
2021-06-16 09:57:36,28402.85,0
2021-06-16 09:57:37,28403.7,0
2021-06-16 09:57:38,28405.15,0
2021-06-16 09:57:39,28403.35,0
2021-06-16 09:57:40,28405.45,0
2021-06-16 09:57:41,28404.45,0
2021-06-16 09:57:42,28404.6,0
2021-06-16 09:57:43,28402.75,0
2021-06-16 09:57:45,28404.1,0
2021-06-16 09:57:46,28404.2,0
2021-06-16 09:57:47,28405.1,0
2021-06-16 09:57:48,28401.75,0
2021-06-16 09:57:49,28405.55,0
2021-06-16 09:57:50,28403.55,0
2021-06-16 09:57:51,28399.6,0
2021-06-16 09:57:52,28398.8,0
2021-06-16 09:57:53,28397.7,0
2021-06-16 09:57:54,28397.05,0
2021-06-16 09:57:55,28398.05,0
2021-06-16 09:57:56,28395.55,0
2021-06-16 09:57:57,28396.25,0
2021-06-16 09:57:58,28397.75,0
2021-06-16 09:57:59,28397.65,0
2021-06-16 09:58:00,28399.05,0
2021-06-16 09:58:01,28396.15,0
2021-06-16 09:58:03,28398.45,0
2021-06-16 09:58:04,28400.85,0
2021-06-16 09:58:08,28402.1,0
2021-06-16 09:58:09,28404.2,0
2021-06-16 09:58:10,28402.1,0
2021-06-16 09:58:11,28400.15,0
2021-06-16 09:58:12,28402.0,0
2021-06-16 09:58:13,28402.95,0
2021-06-16 09:58:14,28402.8,0
2021-06-16 09:58:15,28402.45,0
2021-06-16 09:58:16,28404.4,0
2021-06-16 09:58:17,28401.2,0
2021-06-16 09:58:18,28402.55,0
2021-06-16 09:58:19,28401.1,0
2021-06-16 09:58:20,28403.15,0
2021-06-16 09:58:21,28401.4,0
2021-06-16 09:58:22,28404.4,0
2021-06-16 09:58:23,28404.8,0
2021-06-16 09:58:24,28404.25,0
2021-06-16 09:58:25,28402.75,0
2021-06-16 09:58:26,28403.9,0
2021-06-16 09:58:27,28404.25,0
2021-06-16 09:58:28,28404.4,0
2021-06-16 09:58:30,28404.55,0
2021-06-16 09:58:31,28405.35,0
2021-06-16 09:58:32,28404.5,0
2021-06-16 09:58:33,28405.65,0
2021-06-16 09:58:34,28404.1,0
2021-06-16 09:58:35,28404.95,0
2021-06-16 09:58:36,28401.7,0
2021-06-16 09:58:37,28403.55,0
2021-06-16 09:58:38,28403.75,0
2021-06-16 09:58:39,28404.4,0
2021-06-16 09:58:40,28405.25,0
2021-06-16 09:58:41,28404.45,0
2021-06-16 09:58:42,28405.6,0
2021-06-16 09:58:44,28404.55,0
2021-06-16 09:58:45,28405.55,0
2021-06-16 09:58:46,28404.05,0
2021-06-16 09:58:48,28402.95,0
2021-06-16 09:58:49,28402.2,0
2021-06-16 09:58:51,28402.65,0
2021-06-16 09:58:52,28402.9,0
2021-06-16 09:58:53,28399.65,0
2021-06-16 09:58:54,28402.3,0
2021-06-16 09:58:55,28402.8,0
2021-06-16 09:58:56,28401.45,0
2021-06-16 09:58:57,28402.85,0
2021-06-16 09:58:58,28403.0,0
2021-06-16 09:58:59,28404.7,0
2021-06-16 09:59:00,28403.8,0
2021-06-16 09:59:01,28406.45,0
2021-06-16 09:59:02,28404.65,0
2021-06-16 09:59:03,28406.25,0
2021-06-16 09:59:04,28406.3,0
2021-06-16 09:59:05,28404.95,0
2021-06-16 09:59:07,28406.65,0
2021-06-16 09:59:08,28407.0,0
2021-06-16 09:59:09,28404.35,0
2021-06-16 09:59:10,28403.45,0
2021-06-16 09:59:11,28404.45,0
2021-06-16 09:59:12,28405.5,0
2021-06-16 09:59:14,28404.6,0
2021-06-16 09:59:15,28405.7,0
2021-06-16 09:59:17,28403.65,0
2021-06-16 09:59:18,28407.1,0
2021-06-16 09:59:19,28407.35,0
2021-06-16 09:59:20,28407.35,0
2021-06-16 09:59:22,28409.7,0
2021-06-16 09:59:23,28410.45,0
2021-06-16 09:59:24,28410.7,0
2021-06-16 09:59:25,28408.75,0
2021-06-16 09:59:26,28409.5,0
2021-06-16 09:59:27,28410.8,0
2021-06-16 09:59:28,28412.6,0
2021-06-16 09:59:29,28408.4,0
2021-06-16 09:59:30,28409.45,0
2021-06-16 09:59:31,28410.2,0
2021-06-16 09:59:32,28412.15,0
2021-06-16 09:59:33,28411.2,0
2021-06-16 09:59:35,28408.8,0
2021-06-16 09:59:36,28409.65,0
2021-06-16 09:59:37,28412.55,0
2021-06-16 09:59:38,28410.8,0
2021-06-16 09:59:40,28411.4,0
2021-06-16 09:59:41,28411.95,0
2021-06-16 09:59:42,28411.9,0
2021-06-16 09:59:43,28412.4,0
2021-06-16 09:59:44,28411.65,0
2021-06-16 09:59:45,28410.55,0
2021-06-16 09:59:46,28408.5,0
2021-06-16 09:59:49,28408.7,0
2021-06-16 09:59:50,28408.7,0
2021-06-16 09:59:51,28409.55,0
2021-06-16 09:59:52,28408.9,0
2021-06-16 09:59:53,28407.65,0
2021-06-16 09:59:54,28407.35,0
2021-06-16 09:59:55,28407.75,0
2021-06-16 09:59:56,28407.45,0
2021-06-16 09:59:57,28406.55,0
2021-06-16 09:59:58,28406.4,0
2021-06-16 09:59:59,28404.55,0
2021-06-16 10:00:01,28406.05,0
2021-06-16 10:00:02,28405.35,0
2021-06-16 10:00:03,28402.75,0
2021-06-16 10:00:04,28403.85,0
2021-06-16 10:00:05,28403.15,0
2021-06-16 10:00:06,28403.9,0
2021-06-16 10:00:07,28403.35,0
2021-06-16 10:00:08,28403.3,0
2021-06-16 10:00:09,28402.85,0
2021-06-16 10:00:10,28401.95,0
2021-06-16 10:00:12,28404.45,0
2021-06-16 10:00:13,28404.55,0
2021-06-16 10:00:14,28404.45,0
2021-06-16 10:00:15,28406.25,0
2021-06-16 10:00:16,28404.1,0
2021-06-16 10:00:18,28404.45,0
2021-06-16 10:00:21,28402.3,0
2021-06-16 10:00:23,28404.85,0
2021-06-16 10:00:24,28402.25,0
2021-06-16 10:00:25,28401.55,0
2021-06-16 10:00:26,28401.9,0
2021-06-16 10:00:27,28403.25,0
2021-06-16 10:00:28,28403.15,0
2021-06-16 10:00:29,28403.9,0
2021-06-16 10:00:30,28404.85,0
2021-06-16 10:00:31,28403.95,0
2021-06-16 10:00:32,28404.95,0
2021-06-16 10:00:33,28405.25,0
2021-06-16 10:00:34,28406.1,0
2021-06-16 10:00:35,28405.8,0
2021-06-16 10:00:37,28406.6,0
2021-06-16 10:00:38,28406.7,0
2021-06-16 10:00:40,28405.1,0
2021-06-16 10:00:41,28407.25,0
2021-06-16 10:00:42,28406.2,0
2021-06-16 10:00:43,28407.8,0
2021-06-16 10:00:44,28409.65,0
2021-06-16 10:00:45,28409.55,0
2021-06-16 10:00:46,28408.95,0
2021-06-16 10:00:47,28411.2,0
2021-06-16 10:00:48,28411.45,0
2021-06-16 10:00:49,28411.95,0
2021-06-16 10:00:50,28409.35,0
2021-06-16 10:00:51,28411.2,0
2021-06-16 10:00:52,28411.95,0
2021-06-16 10:00:54,28411.7,0
2021-06-16 10:00:56,28413.35,0
2021-06-16 10:00:57,28413.85,0
2021-06-16 10:00:58,28412.7,0
2021-06-16 10:00:59,28410.4,0
2021-06-16 10:01:00,28413.0,0
2021-06-16 10:01:01,28413.5,0
2021-06-16 10:01:02,28414.85,0
2021-06-16 10:01:04,28414.15,0
2021-06-16 10:01:05,28414.4,0
2021-06-16 10:01:06,28414.45,0
2021-06-16 10:01:07,28415.15,0
2021-06-16 10:01:09,28415.5,0
2021-06-16 10:01:10,28414.8,0
2021-06-16 10:01:11,28414.0,0
2021-06-16 10:01:12,28414.5,0
2021-06-16 10:01:13,28412.0,0
2021-06-16 10:01:14,28414.1,0
2021-06-16 10:01:15,28413.6,0
2021-06-16 10:01:16,28412.8,0
2021-06-16 10:01:17,28415.05,0
2021-06-16 10:01:18,28415.05,0
2021-06-16 10:01:19,28414.55,0
2021-06-16 10:01:20,28412.65,0
2021-06-16 10:01:21,28413.9,0
2021-06-16 10:01:22,28413.6,0
2021-06-16 10:01:23,28411.85,0
2021-06-16 10:01:24,28413.35,0
2021-06-16 10:01:25,28412.1,0
2021-06-16 10:01:26,28413.75,0
2021-06-16 10:01:27,28414.35,0
2021-06-16 10:01:28,28415.35,0
2021-06-16 10:01:29,28414.35,0
2021-06-16 10:01:30,28416.3,0
2021-06-16 10:01:31,28416.3,0
2021-06-16 10:01:32,28415.95,0
2021-06-16 10:01:33,28417.75,0
2021-06-16 10:01:34,28416.65,0
2021-06-16 10:01:35,28415.9,0
2021-06-16 10:01:36,28416.3,0
2021-06-16 10:01:37,28416.15,0
2021-06-16 10:01:38,28417.05,0
2021-06-16 10:01:39,28417.4,0
2021-06-16 10:01:41,28417.5,0
2021-06-16 10:01:42,28416.35,0
2021-06-16 10:01:43,28414.1,0
2021-06-16 10:01:45,28416.55,0
2021-06-16 10:01:46,28416.55,0
2021-06-16 10:01:47,28417.3,0
2021-06-16 10:01:48,28415.6,0
2021-06-16 10:01:49,28417.75,0
2021-06-16 10:01:50,28414.3,0
2021-06-16 10:01:51,28413.95,0
2021-06-16 10:01:52,28413.9,0
2021-06-16 10:01:53,28414.95,0
2021-06-16 10:01:55,28414.35,0
2021-06-16 10:01:56,28415.1,0
2021-06-16 10:01:57,28414.45,0
2021-06-16 10:01:58,28412.7,0
2021-06-16 10:01:59,28417.2,0
2021-06-16 10:02:00,28416.35,0
2021-06-16 10:02:01,28417.55,0
2021-06-16 10:02:02,28416.7,0
2021-06-16 10:02:03,28416.7,0
2021-06-16 10:02:04,28415.85,0
2021-06-16 10:02:05,28418.2,0
2021-06-16 10:02:07,28415.9,0
2021-06-16 10:02:08,28416.05,0
2021-06-16 10:02:09,28415.4,0
2021-06-16 10:02:10,28415.6,0
2021-06-16 10:02:11,28418.65,0
2021-06-16 10:02:12,28418.85,0
2021-06-16 10:02:13,28416.65,0
2021-06-16 10:02:14,28416.4,0
2021-06-16 10:02:15,28416.7,0
2021-06-16 10:02:16,28418.0,0
2021-06-16 10:02:17,28415.65,0
2021-06-16 10:02:18,28415.2,0
2021-06-16 10:02:19,28416.65,0
2021-06-16 10:02:20,28418.2,0
2021-06-16 10:02:21,28415.5,0
2021-06-16 10:02:22,28416.0,0
2021-06-16 10:02:23,28415.2,0
2021-06-16 10:02:24,28415.5,0
2021-06-16 10:02:25,28415.6,0
2021-06-16 10:02:26,28417.0,0
2021-06-16 10:02:27,28416.95,0
2021-06-16 10:02:28,28418.75,0
2021-06-16 10:02:29,28418.45,0
2021-06-16 10:02:30,28422.85,0
2021-06-16 10:02:31,28419.3,0
2021-06-16 10:02:32,28421.8,0
2021-06-16 10:02:33,28422.75,0
2021-06-16 10:02:34,28420.5,0
2021-06-16 10:02:35,28421.3,0
2021-06-16 10:02:36,28421.0,0
2021-06-16 10:02:37,28424.5,0
2021-06-16 10:02:39,28423.85,0
2021-06-16 10:02:41,28421.35,0
2021-06-16 10:02:42,28421.8,0
2021-06-16 10:02:43,28422.0,0
2021-06-16 10:02:44,28423.15,0
2021-06-16 10:02:47,28422.15,0
2021-06-16 10:02:48,28422.45,0
2021-06-16 10:02:49,28422.2,0
2021-06-16 10:02:50,28421.8,0
2021-06-16 10:02:51,28422.0,0
2021-06-16 10:02:52,28421.55,0
2021-06-16 10:02:53,28421.2,0
2021-06-16 10:02:54,28422.7,0
2021-06-16 10:02:55,28422.05,0
2021-06-16 10:02:56,28422.55,0
2021-06-16 10:02:57,28421.0,0
2021-06-16 10:02:58,28422.75,0
2021-06-16 10:02:59,28420.2,0
2021-06-16 10:03:00,28422.25,0
2021-06-16 10:03:02,28422.95,0
2021-06-16 10:03:03,28421.5,0
2021-06-16 10:03:04,28421.8,0
2021-06-16 10:03:06,28419.7,0
2021-06-16 10:03:07,28417.2,0
2021-06-16 10:03:08,28418.45,0
2021-06-16 10:03:09,28417.75,0
2021-06-16 10:03:10,28416.9,0
2021-06-16 10:03:11,28418.4,0
2021-06-16 10:03:12,28419.05,0
2021-06-16 10:03:13,28417.55,0
2021-06-16 10:03:14,28418.95,0
2021-06-16 10:03:15,28415.85,0
2021-06-16 10:03:16,28418.2,0
2021-06-16 10:03:17,28414.85,0
2021-06-16 10:03:18,28415.65,0
2021-06-16 10:03:19,28412.65,0
2021-06-16 10:03:20,28414.4,0
2021-06-16 10:03:21,28414.2,0
2021-06-16 10:03:22,28414.8,0
2021-06-16 10:03:23,28410.6,0
2021-06-16 10:03:24,28412.1,0
2021-06-16 10:03:25,28413.1,0
2021-06-16 10:03:26,28412.8,0
2021-06-16 10:03:27,28412.65,0
2021-06-16 10:03:28,28412.65,0
2021-06-16 10:03:29,28410.9,0
2021-06-16 10:03:30,28403.9,0
2021-06-16 10:03:32,28404.35,0
2021-06-16 10:03:33,28404.6,0
2021-06-16 10:03:34,28406.55,0
2021-06-16 10:03:35,28405.35,0
2021-06-16 10:03:36,28401.95,0
2021-06-16 10:03:37,28398.6,0
2021-06-16 10:03:38,28397.9,0
2021-06-16 10:03:39,28400.05,0
2021-06-16 10:03:40,28399.35,0
2021-06-16 10:03:41,28399.8,0
2021-06-16 10:03:42,28400.8,0
2021-06-16 10:03:43,28400.35,0
2021-06-16 10:03:44,28399.4,0
2021-06-16 10:03:45,28398.95,0
2021-06-16 10:03:46,28397.65,0
2021-06-16 10:03:47,28397.55,0
2021-06-16 10:03:48,28398.9,0
2021-06-16 10:03:49,28397.4,0
2021-06-16 10:03:50,28391.1,0
2021-06-16 10:03:51,28391.2,0
2021-06-16 10:03:52,28393.4,0
2021-06-16 10:03:53,28393.2,0
2021-06-16 10:03:54,28392.1,0
2021-06-16 10:03:55,28393.45,0
2021-06-16 10:03:56,28389.5,0
2021-06-16 10:03:57,28390.1,0
2021-06-16 10:03:58,28389.6,0
2021-06-16 10:03:59,28390.7,0
2021-06-16 10:04:00,28390.75,0
2021-06-16 10:04:01,28393.8,0
2021-06-16 10:04:02,28391.55,0
2021-06-16 10:04:03,28393.6,0
2021-06-16 10:04:04,28393.05,0
2021-06-16 10:04:05,28394.2,0
2021-06-16 10:04:07,28391.7,0
2021-06-16 10:04:08,28390.25,0
2021-06-16 10:04:09,28392.05,0
2021-06-16 10:04:10,28392.85,0
2021-06-16 10:04:11,28394.65,0
2021-06-16 10:04:13,28395.55,0
2021-06-16 10:04:14,28393.85,0
2021-06-16 10:04:15,28392.95,0
2021-06-16 10:04:16,28395.1,0
2021-06-16 10:04:17,28392.65,0
2021-06-16 10:04:18,28393.1,0
2021-06-16 10:04:19,28393.1,0
2021-06-16 10:04:20,28392.75,0
2021-06-16 10:04:21,28392.75,0
2021-06-16 10:04:22,28395.65,0
2021-06-16 10:04:23,28394.05,0
2021-06-16 10:04:24,28397.05,0
2021-06-16 10:04:25,28396.85,0
2021-06-16 10:04:26,28397.95,0
2021-06-16 10:04:27,28397.45,0
2021-06-16 10:04:29,28397.15,0
2021-06-16 10:04:30,28398.5,0
2021-06-16 10:04:32,28392.75,0
2021-06-16 10:04:33,28392.5,0
2021-06-16 10:04:34,28390.05,0
2021-06-16 10:04:35,28390.5,0
2021-06-16 10:04:36,28391.65,0
2021-06-16 10:04:37,28388.85,0
2021-06-16 10:04:38,28389.25,0
2021-06-16 10:04:39,28389.25,0
2021-06-16 10:04:40,28388.3,0
2021-06-16 10:04:42,28389.3,0
2021-06-16 10:04:43,28389.0,0
2021-06-16 10:04:44,28388.2,0
2021-06-16 10:04:45,28386.5,0
2021-06-16 10:04:46,28386.45,0
2021-06-16 10:04:47,28385.75,0
2021-06-16 10:04:48,28384.65,0
2021-06-16 10:04:49,28383.8,0
2021-06-16 10:04:50,28381.15,0
2021-06-16 10:04:51,28382.0,0
2021-06-16 10:04:53,28380.45,0
2021-06-16 10:04:54,28380.8,0
2021-06-16 10:04:55,28381.8,0
2021-06-16 10:04:57,28377.25,0
2021-06-16 10:04:58,28375.05,0
2021-06-16 10:04:59,28374.1,0
2021-06-16 10:05:00,28373.7,0
2021-06-16 10:05:01,28372.0,0
2021-06-16 10:05:02,28372.95,0
2021-06-16 10:05:03,28373.65,0
2021-06-16 10:05:04,28374.15,0
2021-06-16 10:05:06,28377.85,0
2021-06-16 10:05:07,28375.3,0
2021-06-16 10:05:08,28374.45,0
2021-06-16 10:05:09,28375.4,0
2021-06-16 10:05:11,28371.85,0
2021-06-16 10:05:12,28373.3,0
2021-06-16 10:05:13,28373.5,0
2021-06-16 10:05:14,28374.45,0
2021-06-16 10:05:15,28373.9,0
2021-06-16 10:05:16,28375.85,0
2021-06-16 10:05:17,28375.8,0
2021-06-16 10:05:18,28376.65,0
2021-06-16 10:05:19,28377.0,0
2021-06-16 10:05:20,28374.95,0
2021-06-16 10:05:21,28374.75,0
2021-06-16 10:05:23,28374.55,0
2021-06-16 10:05:24,28375.05,0
2021-06-16 10:05:25,28374.05,0
2021-06-16 10:05:26,28374.7,0
2021-06-16 10:05:27,28377.2,0
2021-06-16 10:05:29,28372.65,0
2021-06-16 10:05:30,28373.5,0
2021-06-16 10:05:31,28375.7,0
2021-06-16 10:05:32,28375.05,0
2021-06-16 10:05:33,28376.75,0
2021-06-16 10:05:34,28374.25,0
2021-06-16 10:05:35,28373.75,0
2021-06-16 10:05:36,28376.7,0
2021-06-16 10:05:37,28378.1,0
2021-06-16 10:05:38,28377.15,0
2021-06-16 10:05:39,28378.0,0
2021-06-16 10:05:41,28377.85,0
2021-06-16 10:05:42,28378.15,0
2021-06-16 10:05:43,28378.25,0
2021-06-16 10:05:44,28380.2,0
2021-06-16 10:05:45,28379.05,0
2021-06-16 10:05:46,28379.9,0
2021-06-16 10:05:47,28380.5,0
2021-06-16 10:05:48,28379.8,0
2021-06-16 10:05:49,28382.3,0
2021-06-16 10:05:50,28378.45,0
2021-06-16 10:05:51,28376.65,0
2021-06-16 10:05:52,28378.7,0
2021-06-16 10:05:53,28376.8,0
2021-06-16 10:05:54,28377.55,0
2021-06-16 10:05:56,28373.35,0
2021-06-16 10:05:58,28373.8,0
2021-06-16 10:05:59,28373.4,0
2021-06-16 10:06:00,28374.3,0
2021-06-16 10:06:01,28374.2,0
2021-06-16 10:06:02,28373.9,0
2021-06-16 10:06:03,28374.2,0
2021-06-16 10:06:04,28374.2,0
2021-06-16 10:06:05,28371.8,0
2021-06-16 10:06:06,28374.6,0
2021-06-16 10:06:07,28372.05,0
2021-06-16 10:06:08,28369.8,0
2021-06-16 10:06:09,28369.55,0
2021-06-16 10:06:10,28372.25,0
2021-06-16 10:06:11,28370.4,0
2021-06-16 10:06:12,28369.9,0
2021-06-16 10:06:13,28371.4,0
2021-06-16 10:06:14,28369.9,0
2021-06-16 10:06:15,28369.95,0
2021-06-16 10:06:16,28370.15,0
2021-06-16 10:06:17,28369.8,0
2021-06-16 10:06:18,28368.35,0
2021-06-16 10:06:19,28367.15,0
2021-06-16 10:06:20,28366.6,0
2021-06-16 10:06:21,28366.7,0
2021-06-16 10:06:22,28366.5,0
2021-06-16 10:06:24,28366.0,0
2021-06-16 10:06:26,28362.8,0
2021-06-16 10:06:27,28361.95,0
2021-06-16 10:06:28,28361.3,0
2021-06-16 10:06:29,28362.25,0
2021-06-16 10:06:30,28362.35,0
2021-06-16 10:06:32,28362.55,0
2021-06-16 10:06:33,28363.4,0
2021-06-16 10:06:34,28364.85,0
2021-06-16 10:06:36,28363.45,0
2021-06-16 10:06:37,28363.05,0
2021-06-16 10:06:38,28362.15,0
2021-06-16 10:06:39,28362.8,0
2021-06-16 10:06:40,28362.3,0
2021-06-16 10:06:41,28362.65,0
2021-06-16 10:06:42,28362.65,0
2021-06-16 10:06:44,28361.8,0
2021-06-16 10:06:45,28362.75,0
2021-06-16 10:06:46,28359.4,0
2021-06-16 10:06:47,28359.2,0
2021-06-16 10:06:48,28360.7,0
2021-06-16 10:06:49,28360.8,0
2021-06-16 10:06:50,28359.75,0
2021-06-16 10:06:54,28351.6,0
2021-06-16 10:06:55,28355.7,0
2021-06-16 10:06:56,28356.25,0
2021-06-16 10:06:57,28354.15,0
2021-06-16 10:06:58,28353.1,0
2021-06-16 10:06:59,28354.2,0
2021-06-16 10:07:00,28353.0,0
2021-06-16 10:07:01,28354.55,0
2021-06-16 10:07:02,28355.05,0
2021-06-16 10:07:03,28354.2,0
2021-06-16 10:07:05,28353.15,0
2021-06-16 10:07:06,28354.75,0
2021-06-16 10:07:07,28354.85,0
2021-06-16 10:07:08,28355.55,0
2021-06-16 10:07:09,28356.2,0
2021-06-16 10:07:11,28355.0,0
2021-06-16 10:07:12,28353.9,0
2021-06-16 10:07:13,28355.15,0
2021-06-16 10:07:14,28356.85,0
2021-06-16 10:07:15,28355.9,0
2021-06-16 10:07:16,28355.25,0
2021-06-16 10:07:17,28354.05,0
2021-06-16 10:07:18,28352.95,0
2021-06-16 10:07:21,28352.95,0
2021-06-16 10:07:22,28351.05,0
2021-06-16 10:07:23,28352.85,0
2021-06-16 10:07:25,28351.9,0
2021-06-16 10:07:27,28349.1,0
2021-06-16 10:07:28,28350.85,0
2021-06-16 10:07:29,28350.65,0
2021-06-16 10:07:30,28351.55,0
2021-06-16 10:07:31,28351.1,0
2021-06-16 10:07:32,28350.4,0
2021-06-16 10:07:33,28347.1,0
2021-06-16 10:07:34,28334.85,0
2021-06-16 10:07:35,28335.6,0
2021-06-16 10:07:37,28336.6,0
2021-06-16 10:07:38,28340.6,0
2021-06-16 10:07:39,28336.1,0
2021-06-16 10:07:40,28335.5,0
2021-06-16 10:07:41,28336.2,0
2021-06-16 10:07:42,28339.55,0
2021-06-16 10:07:43,28339.9,0
2021-06-16 10:07:44,28339.6,0
2021-06-16 10:07:45,28332.5,0
2021-06-16 10:07:46,28333.95,0
2021-06-16 10:07:47,28334.3,0
2021-06-16 10:07:48,28330.0,0
2021-06-16 10:07:49,28331.0,0
2021-06-16 10:07:50,28324.55,0
2021-06-16 10:07:51,28329.35,0
2021-06-16 10:07:52,28329.75,0
2021-06-16 10:07:53,28329.05,0
2021-06-16 10:07:54,28329.85,0
2021-06-16 10:07:55,28328.05,0
2021-06-16 10:07:56,28326.75,0
2021-06-16 10:07:57,28322.25,0
2021-06-16 10:07:58,28324.45,0
2021-06-16 10:07:59,28328.65,0
2021-06-16 10:08:00,28324.05,0
2021-06-16 10:08:01,28325.8,0
2021-06-16 10:08:03,28324.45,0
2021-06-16 10:08:04,28325.55,0
2021-06-16 10:08:05,28328.35,0
2021-06-16 10:08:06,28324.45,0
2021-06-16 10:08:07,28324.8,0
2021-06-16 10:08:08,28326.0,0
2021-06-16 10:08:10,28326.45,0
2021-06-16 10:08:11,28327.55,0
2021-06-16 10:08:12,28326.85,0
2021-06-16 10:08:13,28328.5,0
2021-06-16 10:08:14,28325.1,0
2021-06-16 10:08:16,28325.0,0
2021-06-16 10:08:17,28327.3,0
2021-06-16 10:08:18,28323.0,0
2021-06-16 10:08:19,28325.6,0
2021-06-16 10:08:20,28321.8,0
2021-06-16 10:08:21,28324.4,0
2021-06-16 10:08:22,28319.5,0
2021-06-16 10:08:23,28320.1,0
2021-06-16 10:08:24,28316.95,0
2021-06-16 10:08:25,28317.15,0
2021-06-16 10:08:26,28315.55,0
2021-06-16 10:08:27,28314.65,0
2021-06-16 10:08:29,28311.25,0
2021-06-16 10:08:30,28311.45,0
2021-06-16 10:08:32,28310.9,0
2021-06-16 10:08:33,28312.6,0
2021-06-16 10:08:35,28315.6,0
2021-06-16 10:08:36,28313.45,0
2021-06-16 10:08:37,28315.85,0
2021-06-16 10:08:38,28313.65,0
2021-06-16 10:08:39,28314.25,0
2021-06-16 10:08:40,28312.8,0
2021-06-16 10:08:41,28312.35,0
2021-06-16 10:08:43,28310.2,0
2021-06-16 10:08:44,28313.1,0
2021-06-16 10:08:45,28310.8,0
2021-06-16 10:08:46,28312.05,0
2021-06-16 10:08:47,28313.45,0
2021-06-16 10:08:48,28311.95,0
2021-06-16 10:08:51,28311.6,0
2021-06-16 10:08:52,28307.8,0
2021-06-16 10:08:53,28308.85,0
2021-06-16 10:08:54,28310.95,0
2021-06-16 10:08:56,28307.75,0
2021-06-16 10:08:57,28305.35,0
2021-06-16 10:08:58,28304.45,0
2021-06-16 10:08:59,28304.95,0
2021-06-16 10:09:00,28305.8,0
2021-06-16 10:09:01,28307.8,0
2021-06-16 10:09:02,28303.75,0
2021-06-16 10:09:03,28298.9,0
2021-06-16 10:09:04,28301.7,0
2021-06-16 10:09:05,28302.1,0
2021-06-16 10:09:06,28302.65,0
2021-06-16 10:09:07,28302.4,0
2021-06-16 10:09:08,28303.95,0
2021-06-16 10:09:09,28305.6,0
2021-06-16 10:09:10,28301.95,0
2021-06-16 10:09:11,28302.45,0
2021-06-16 10:09:12,28305.75,0
2021-06-16 10:09:13,28304.05,0
2021-06-16 10:09:14,28305.75,0
2021-06-16 10:09:15,28305.1,0
2021-06-16 10:09:16,28306.75,0
2021-06-16 10:09:17,28308.1,0
2021-06-16 10:09:18,28304.35,0
2021-06-16 10:09:19,28305.2,0
2021-06-16 10:09:20,28306.55,0
2021-06-16 10:09:21,28308.45,0
2021-06-16 10:09:22,28304.9,0
2021-06-16 10:09:23,28307.75,0
2021-06-16 10:09:24,28308.0,0
2021-06-16 10:09:25,28306.75,0
2021-06-16 10:09:26,28307.3,0
2021-06-16 10:09:27,28307.55,0
2021-06-16 10:09:28,28308.2,0
2021-06-16 10:09:29,28307.95,0
2021-06-16 10:09:30,28304.7,0
2021-06-16 10:09:31,28303.9,0
2021-06-16 10:09:32,28304.2,0
2021-06-16 10:09:33,28304.3,0
2021-06-16 10:09:34,28304.65,0
2021-06-16 10:09:38,28310.1,0
2021-06-16 10:09:39,28309.15,0
2021-06-16 10:09:40,28308.5,0
2021-06-16 10:09:42,28309.55,0
2021-06-16 10:09:43,28312.25,0
2021-06-16 10:09:45,28311.25,0
2021-06-16 10:09:46,28310.85,0
2021-06-16 10:09:47,28309.95,0
2021-06-16 10:09:48,28305.0,0
2021-06-16 10:09:49,28307.05,0
2021-06-16 10:09:50,28307.6,0
2021-06-16 10:09:51,28308.35,0
2021-06-16 10:09:52,28304.55,0
2021-06-16 10:09:55,28306.7,0
2021-06-16 10:09:57,28295.8,0
2021-06-16 10:09:58,28302.2,0
2021-06-16 10:09:59,28301.55,0
2021-06-16 10:10:00,28300.95,0
2021-06-16 10:10:02,28298.7,0
2021-06-16 10:10:03,28296.65,0
2021-06-16 10:10:04,28298.8,0
2021-06-16 10:10:05,28297.5,0
2021-06-16 10:10:06,28297.4,0
2021-06-16 10:10:07,28300.1,0
2021-06-16 10:10:08,28295.65,0
2021-06-16 10:10:09,28299.6,0
2021-06-16 10:10:10,28302.55,0
2021-06-16 10:10:11,28301.7,0
2021-06-16 10:10:12,28302.15,0
2021-06-16 10:10:13,28299.55,0
2021-06-16 10:10:14,28300.8,0
2021-06-16 10:10:15,28303.9,0
2021-06-16 10:10:16,28305.3,0
2021-06-16 10:10:17,28303.7,0
2021-06-16 10:10:18,28303.15,0
2021-06-16 10:10:19,28301.3,0
2021-06-16 10:10:20,28301.95,0
2021-06-16 10:10:21,28302.25,0
2021-06-16 10:10:23,28299.65,0
2021-06-16 10:10:24,28301.8,0
2021-06-16 10:10:25,28301.65,0
2021-06-16 10:10:26,28301.2,0
2021-06-16 10:10:28,28303.5,0
2021-06-16 10:10:29,28301.7,0
2021-06-16 10:10:30,28303.55,0
2021-06-16 10:10:31,28301.15,0
2021-06-16 10:10:32,28302.05,0
2021-06-16 10:10:33,28300.05,0
2021-06-16 10:10:34,28300.55,0
2021-06-16 10:10:36,28299.95,0
2021-06-16 10:10:37,28298.85,0
2021-06-16 10:10:38,28298.7,0
2021-06-16 10:10:39,28298.25,0
2021-06-16 10:10:40,28297.25,0
2021-06-16 10:10:41,28298.2,0
2021-06-16 10:10:42,28297.7,0
2021-06-16 10:10:43,28298.05,0
2021-06-16 10:10:44,28298.05,0
2021-06-16 10:10:45,28297.5,0
2021-06-16 10:10:47,28297.65,0
2021-06-16 10:10:48,28297.55,0
2021-06-16 10:10:49,28298.4,0
2021-06-16 10:10:50,28298.55,0
2021-06-16 10:10:51,28298.9,0
2021-06-16 10:10:52,28299.85,0
2021-06-16 10:10:54,28298.6,0
2021-06-16 10:10:55,28293.65,0
2021-06-16 10:10:56,28295.1,0
2021-06-16 10:10:57,28297.85,0
2021-06-16 10:10:58,28300.95,0
2021-06-16 10:11:01,28301.45,0
2021-06-16 10:11:02,28301.55,0
2021-06-16 10:11:03,28301.65,0
2021-06-16 10:11:05,28301.05,0
2021-06-16 10:11:06,28301.0,0
2021-06-16 10:11:07,28299.6,0
2021-06-16 10:11:08,28298.0,0
2021-06-16 10:11:09,28300.05,0
2021-06-16 10:11:11,28298.15,0
2021-06-16 10:11:12,28297.0,0
2021-06-16 10:11:13,28296.4,0
2021-06-16 10:11:14,28297.5,0
2021-06-16 10:11:16,28292.85,0
2021-06-16 10:11:17,28295.45,0
2021-06-16 10:11:18,28293.6,0
2021-06-16 10:11:19,28293.35,0
2021-06-16 10:11:20,28294.9,0
2021-06-16 10:11:22,28296.75,0
2021-06-16 10:11:23,28294.25,0
2021-06-16 10:11:24,28296.0,0
2021-06-16 10:11:25,28297.2,0
2021-06-16 10:11:26,28296.65,0
2021-06-16 10:11:27,28298.4,0
2021-06-16 10:11:28,28296.65,0
2021-06-16 10:11:29,28296.95,0
2021-06-16 10:11:30,28295.9,0
2021-06-16 10:11:31,28295.85,0
2021-06-16 10:11:32,28290.75,0
2021-06-16 10:11:33,28288.6,0
2021-06-16 10:11:34,28288.75,0
2021-06-16 10:11:35,28285.2,0
2021-06-16 10:11:36,28286.6,0
2021-06-16 10:11:37,28286.9,0
2021-06-16 10:11:39,28286.9,0
2021-06-16 10:11:40,28288.4,0
2021-06-16 10:11:41,28285.9,0
2021-06-16 10:11:42,28283.25,0
2021-06-16 10:11:43,28283.25,0
2021-06-16 10:11:44,28285.6,0
2021-06-16 10:11:45,28285.2,0
2021-06-16 10:11:46,28287.65,0
2021-06-16 10:11:47,28284.75,0
2021-06-16 10:11:48,28287.4,0
2021-06-16 10:11:49,28286.75,0
2021-06-16 10:11:50,28285.9,0
2021-06-16 10:11:51,28285.15,0
2021-06-16 10:11:52,28284.9,0
2021-06-16 10:11:53,28284.9,0
2021-06-16 10:11:54,28285.35,0
2021-06-16 10:11:55,28285.7,0
2021-06-16 10:11:56,28283.9,0
2021-06-16 10:11:57,28282.9,0
2021-06-16 10:11:59,28282.1,0
2021-06-16 10:12:00,28282.35,0
2021-06-16 10:12:01,28283.55,0
2021-06-16 10:12:02,28283.7,0
2021-06-16 10:12:03,28281.75,0
2021-06-16 10:12:04,28281.9,0
2021-06-16 10:12:06,28285.35,0
2021-06-16 10:12:07,28283.8,0
2021-06-16 10:12:08,28282.8,0
2021-06-16 10:12:09,28283.3,0
2021-06-16 10:12:10,28282.0,0
2021-06-16 10:12:11,28283.0,0
2021-06-16 10:12:12,28283.5,0
2021-06-16 10:12:13,28283.65,0
2021-06-16 10:12:14,28283.7,0
2021-06-16 10:12:15,28283.95,0
2021-06-16 10:12:16,28278.6,0
2021-06-16 10:12:17,28279.8,0
2021-06-16 10:12:18,28281.8,0
2021-06-16 10:12:19,28279.35,0
2021-06-16 10:12:20,28280.5,0
2021-06-16 10:12:21,28282.15,0
2021-06-16 10:12:22,28282.3,0
2021-06-16 10:12:23,28282.95,0
2021-06-16 10:12:24,28282.05,0
2021-06-16 10:12:25,28283.8,0
2021-06-16 10:12:27,28286.75,0
2021-06-16 10:12:28,28285.0,0
2021-06-16 10:12:30,28284.4,0
2021-06-16 10:12:31,28285.25,0
2021-06-16 10:12:32,28286.4,0
2021-06-16 10:12:33,28284.95,0
2021-06-16 10:12:34,28283.75,0
2021-06-16 10:12:35,28282.85,0
2021-06-16 10:12:36,28285.25,0
2021-06-16 10:12:38,28287.75,0
2021-06-16 10:12:39,28285.85,0
2021-06-16 10:12:40,28286.0,0
2021-06-16 10:12:42,28285.8,0
2021-06-16 10:12:43,28286.75,0
2021-06-16 10:12:44,28288.55,0
2021-06-16 10:12:45,28288.3,0
2021-06-16 10:12:46,28285.9,0
2021-06-16 10:12:47,28285.7,0
2021-06-16 10:12:48,28287.2,0
2021-06-16 10:12:49,28286.05,0
2021-06-16 10:12:50,28284.0,0
2021-06-16 10:12:51,28285.95,0
2021-06-16 10:12:52,28285.25,0
2021-06-16 10:12:53,28284.45,0
2021-06-16 10:12:54,28283.45,0
2021-06-16 10:12:55,28284.2,0
2021-06-16 10:12:56,28286.25,0
2021-06-16 10:12:57,28290.6,0
2021-06-16 10:12:58,28299.45,0
2021-06-16 10:12:59,28297.65,0
2021-06-16 10:13:00,28294.75,0
2021-06-16 10:13:01,28294.55,0
2021-06-16 10:13:02,28296.1,0
2021-06-16 10:13:03,28296.25,0
2021-06-16 10:13:04,28296.35,0
2021-06-16 10:13:05,28293.45,0
2021-06-16 10:13:06,28296.2,0
2021-06-16 10:13:07,28299.6,0
2021-06-16 10:13:09,28297.9,0
2021-06-16 10:13:10,28300.35,0
2021-06-16 10:13:11,28298.45,0
2021-06-16 10:13:12,28301.05,0
2021-06-16 10:13:13,28296.0,0
2021-06-16 10:13:14,28296.0,0
2021-06-16 10:13:15,28299.65,0
2021-06-16 10:13:16,28300.7,0
2021-06-16 10:13:17,28299.35,0
2021-06-16 10:13:18,28297.2,0
2021-06-16 10:13:19,28299.7,0
2021-06-16 10:13:20,28300.0,0
2021-06-16 10:13:21,28301.05,0
2021-06-16 10:13:22,28301.85,0
2021-06-16 10:13:24,28300.7,0
2021-06-16 10:13:25,28299.65,0
2021-06-16 10:13:27,28299.6,0
2021-06-16 10:13:28,28297.8,0
2021-06-16 10:13:29,28301.4,0
2021-06-16 10:13:30,28302.7,0
2021-06-16 10:13:32,28304.35,0
2021-06-16 10:13:33,28305.75,0
2021-06-16 10:13:34,28303.5,0
2021-06-16 10:13:37,28306.9,0
2021-06-16 10:13:38,28305.6,0
2021-06-16 10:13:39,28306.9,0
2021-06-16 10:13:41,28306.15,0
2021-06-16 10:13:43,28307.75,0
2021-06-16 10:13:44,28307.75,0
2021-06-16 10:13:45,28305.5,0
2021-06-16 10:13:46,28303.95,0
2021-06-16 10:13:47,28301.65,0
2021-06-16 10:13:48,28304.05,0
2021-06-16 10:13:49,28304.0,0
2021-06-16 10:13:50,28301.45,0
2021-06-16 10:13:52,28302.9,0
2021-06-16 10:13:55,28302.55,0
2021-06-16 10:13:56,28302.55,0
2021-06-16 10:13:57,28301.35,0
2021-06-16 10:13:58,28300.75,0
2021-06-16 10:13:59,28300.35,0
2021-06-16 10:14:00,28300.0,0
2021-06-16 10:14:01,28299.05,0
2021-06-16 10:14:02,28300.6,0
2021-06-16 10:14:05,28300.6,0
2021-06-16 10:14:06,28300.7,0
2021-06-16 10:14:09,28299.65,0
2021-06-16 10:14:10,28300.0,0
2021-06-16 10:14:11,28299.6,0
2021-06-16 10:14:13,28299.45,0
2021-06-16 10:14:14,28301.15,0
2021-06-16 10:14:15,28301.15,0
2021-06-16 10:14:17,28299.75,0
2021-06-16 10:14:18,28299.75,0
2021-06-16 10:14:19,28298.4,0
2021-06-16 10:14:20,28298.4,0
2021-06-16 10:14:21,28298.2,0
2021-06-16 10:14:22,28298.0,0
2021-06-16 10:14:24,28297.1,0
2021-06-16 10:14:25,28296.1,0
2021-06-16 10:14:26,28297.8,0
2021-06-16 10:14:27,28297.65,0
2021-06-16 10:14:28,28297.85,0
2021-06-16 10:14:29,28298.9,0
2021-06-16 10:14:30,28299.25,0
2021-06-16 10:14:31,28301.25,0
2021-06-16 10:14:32,28301.4,0
2021-06-16 10:14:34,28298.75,0
2021-06-16 10:14:35,28299.0,0
2021-06-16 10:14:36,28299.25,0
2021-06-16 10:14:37,28300.7,0
2021-06-16 10:14:38,28301.35,0
2021-06-16 10:14:39,28302.35,0
2021-06-16 10:14:40,28304.1,0
2021-06-16 10:14:41,28305.3,0
2021-06-16 10:14:42,28302.05,0
2021-06-16 10:14:43,28303.9,0
2021-06-16 10:14:45,28304.25,0
2021-06-16 10:14:46,28305.2,0
2021-06-16 10:14:47,28299.4,0
2021-06-16 10:14:48,28302.6,0
2021-06-16 10:14:49,28302.75,0
2021-06-16 10:14:51,28301.75,0
2021-06-16 10:14:52,28301.95,0
2021-06-16 10:14:53,28302.9,0
2021-06-16 10:14:54,28299.8,0
2021-06-16 10:14:55,28301.05,0
2021-06-16 10:14:56,28300.55,0
2021-06-16 10:14:57,28299.1,0
2021-06-16 10:14:58,28298.25,0
2021-06-16 10:14:59,28300.55,0
2021-06-16 10:15:00,28300.6,0
2021-06-16 10:15:01,28297.8,0
2021-06-16 10:15:02,28298.5,0
2021-06-16 10:15:03,28299.95,0
2021-06-16 10:15:04,28297.2,0
2021-06-16 10:15:05,28296.65,0
2021-06-16 10:15:06,28297.85,0
2021-06-16 10:15:07,28296.8,0
2021-06-16 10:15:08,28296.3,0
2021-06-16 10:15:09,28294.9,0
2021-06-16 10:15:10,28295.3,0
2021-06-16 10:15:11,28293.25,0
2021-06-16 10:15:12,28294.4,0
2021-06-16 10:15:13,28293.25,0
2021-06-16 10:15:14,28293.25,0
2021-06-16 10:15:15,28292.85,0
2021-06-16 10:15:16,28290.05,0
2021-06-16 10:15:17,28293.85,0
2021-06-16 10:15:18,28290.0,0
2021-06-16 10:15:19,28292.75,0
2021-06-16 10:15:20,28291.6,0
2021-06-16 10:15:21,28290.35,0
2021-06-16 10:15:22,28293.75,0
2021-06-16 10:15:23,28291.5,0
2021-06-16 10:15:24,28287.1,0
2021-06-16 10:15:25,28288.15,0
2021-06-16 10:15:26,28290.5,0
2021-06-16 10:15:27,28289.1,0
2021-06-16 10:15:28,28290.7,0
2021-06-16 10:15:30,28293.85,0
2021-06-16 10:15:31,28290.45,0
2021-06-16 10:15:32,28289.5,0
2021-06-16 10:15:33,28286.45,0
2021-06-16 10:15:34,28287.15,0
2021-06-16 10:15:35,28285.45,0
2021-06-16 10:15:36,28288.3,0
2021-06-16 10:15:37,28285.6,0
2021-06-16 10:15:38,28290.05,0
2021-06-16 10:15:39,28288.4,0
2021-06-16 10:15:41,28273.05,0
2021-06-16 10:15:42,28281.25,0
2021-06-16 10:15:43,28283.1,0
2021-06-16 10:15:44,28279.2,0
2021-06-16 10:15:45,28281.3,0
2021-06-16 10:15:47,28277.85,0
2021-06-16 10:15:48,28277.7,0
2021-06-16 10:15:49,28276.6,0
2021-06-16 10:15:51,28279.5,0
2021-06-16 10:15:52,28278.2,0
2021-06-16 10:15:53,28279.7,0
2021-06-16 10:15:54,28280.95,0
2021-06-16 10:15:55,28280.95,0
2021-06-16 10:15:56,28280.95,0
2021-06-16 10:15:57,28281.45,0
2021-06-16 10:15:58,28282.05,0
2021-06-16 10:15:59,28281.45,0
2021-06-16 10:16:00,28282.0,0
2021-06-16 10:16:02,28282.5,0
2021-06-16 10:16:05,28280.55,0
2021-06-16 10:16:06,28282.2,0
2021-06-16 10:16:07,28280.0,0
2021-06-16 10:16:08,28279.35,0
2021-06-16 10:16:09,28281.95,0
2021-06-16 10:16:11,28284.6,0
2021-06-16 10:16:12,28286.15,0
2021-06-16 10:16:13,28284.8,0
2021-06-16 10:16:14,28282.2,0
2021-06-16 10:16:15,28284.15,0
2021-06-16 10:16:16,28283.7,0
2021-06-16 10:16:17,28284.35,0
2021-06-16 10:16:18,28285.65,0
2021-06-16 10:16:19,28281.25,0
2021-06-16 10:16:21,28285.7,0
2021-06-16 10:16:23,28286.05,0
2021-06-16 10:16:24,28284.15,0
2021-06-16 10:16:25,28285.75,0
2021-06-16 10:16:26,28284.5,0
2021-06-16 10:16:27,28285.2,0
2021-06-16 10:16:28,28286.65,0
2021-06-16 10:16:29,28288.2,0
2021-06-16 10:16:30,28289.15,0
2021-06-16 10:16:31,28286.15,0
2021-06-16 10:16:32,28286.5,0
2021-06-16 10:16:34,28288.5,0
2021-06-16 10:16:35,28289.4,0
2021-06-16 10:16:36,28286.05,0
2021-06-16 10:16:37,28286.95,0
2021-06-16 10:16:38,28288.75,0
2021-06-16 10:16:39,28288.65,0
2021-06-16 10:16:40,28289.6,0
2021-06-16 10:16:41,28289.8,0
2021-06-16 10:16:42,28291.45,0
2021-06-16 10:16:43,28289.25,0
2021-06-16 10:16:45,28288.55,0
2021-06-16 10:16:47,28289.2,0
2021-06-16 10:16:48,28291.3,0
2021-06-16 10:16:49,28291.85,0
2021-06-16 10:16:50,28291.7,0
2021-06-16 10:16:51,28294.35,0
2021-06-16 10:16:52,28295.8,0
2021-06-16 10:16:53,28295.7,0
2021-06-16 10:16:54,28294.55,0
2021-06-16 10:16:56,28291.45,0
2021-06-16 10:16:57,28290.1,0
2021-06-16 10:16:58,28291.5,0
2021-06-16 10:16:59,28292.1,0
2021-06-16 10:17:00,28293.0,0
2021-06-16 10:17:01,28292.1,0
2021-06-16 10:17:02,28292.25,0
2021-06-16 10:17:04,28291.95,0
2021-06-16 10:17:05,28292.35,0
2021-06-16 10:17:06,28293.25,0
2021-06-16 10:17:07,28292.55,0
2021-06-16 10:17:09,28294.55,0
2021-06-16 10:17:10,28293.9,0
2021-06-16 10:17:11,28293.85,0
2021-06-16 10:17:12,28293.8,0
2021-06-16 10:17:13,28291.6,0
2021-06-16 10:17:14,28293.55,0
2021-06-16 10:17:15,28290.6,0
2021-06-16 10:17:16,28290.7,0
2021-06-16 10:17:17,28293.3,0
2021-06-16 10:17:18,28292.9,0
2021-06-16 10:17:19,28294.7,0
2021-06-16 10:17:20,28294.7,0
2021-06-16 10:17:21,28294.1,0
2021-06-16 10:17:22,28293.4,0
2021-06-16 10:17:23,28293.7,0
2021-06-16 10:17:24,28293.4,0
2021-06-16 10:17:25,28293.55,0
2021-06-16 10:17:26,28293.4,0
2021-06-16 10:17:27,28293.1,0
2021-06-16 10:17:28,28292.75,0
2021-06-16 10:17:29,28291.5,0
2021-06-16 10:17:30,28293.65,0
2021-06-16 10:17:31,28294.3,0
2021-06-16 10:17:32,28294.3,0
2021-06-16 10:17:33,28291.35,0
2021-06-16 10:17:34,28293.35,0
2021-06-16 10:17:35,28290.4,0
2021-06-16 10:17:36,28291.45,0
2021-06-16 10:17:38,28295.75,0
2021-06-16 10:17:39,28295.1,0
2021-06-16 10:17:40,28295.55,0
2021-06-16 10:17:41,28295.2,0
2021-06-16 10:17:42,28297.0,0
2021-06-16 10:17:43,28296.1,0
2021-06-16 10:17:44,28297.55,0
2021-06-16 10:17:45,28295.55,0
2021-06-16 10:17:46,28295.95,0
2021-06-16 10:17:47,28296.3,0
2021-06-16 10:17:48,28297.75,0
2021-06-16 10:17:49,28297.2,0
2021-06-16 10:17:50,28296.4,0
2021-06-16 10:17:52,28295.45,0
2021-06-16 10:17:51,28296.65,0
2021-06-16 10:17:53,28296.9,0
2021-06-16 10:17:54,28298.85,0
2021-06-16 10:17:55,28297.5,0
2021-06-16 10:17:56,28294.3,0
2021-06-16 10:17:57,28294.3,0
2021-06-16 10:17:58,28296.85,0
2021-06-16 10:18:00,28293.1,0
2021-06-16 10:18:01,28295.75,0
2021-06-16 10:18:02,28295.0,0
2021-06-16 10:18:03,28294.6,0
2021-06-16 10:18:04,28293.3,0
2021-06-16 10:18:05,28296.75,0
