timestamp,ltp,volume
2021-06-16 09:15:37,10750.1,0
2021-06-16 09:15:46,10754.3,0
2021-06-16 09:15:48,10752.7,0
2021-06-16 09:15:49,10753.6,0
2021-06-16 09:15:51,10755.85,0
2021-06-16 09:15:52,10753.95,0
2021-06-16 09:15:53,10757.75,0
2021-06-16 09:15:57,10758.1,0
2021-06-16 09:15:59,10757.25,0
2021-06-16 09:16:00,10756.0,0
2021-06-16 09:16:02,10757.5,0
2021-06-16 09:16:04,10753.5,0
2021-06-16 09:16:08,10756.95,0
2021-06-16 09:16:10,10757.45,0
2021-06-16 09:16:12,10757.5,0
2021-06-16 09:16:16,10757.3,0
2021-06-16 09:16:18,10756.9,0
2021-06-16 09:16:19,10757.95,0
2021-06-16 09:16:23,10759.5,0
2021-06-16 09:16:24,10759.25,0
2021-06-16 09:16:29,10760.75,0
2021-06-16 09:16:35,10757.4,0
2021-06-16 09:16:36,10759.95,0
2021-06-16 09:16:38,10761.1,0
2021-06-16 09:16:40,10762.7,0
2021-06-16 09:16:42,10761.1,0
2021-06-16 09:16:52,10763.1,0
2021-06-16 09:16:53,10763.0,0
2021-06-16 09:16:54,10762.6,0
2021-06-16 09:16:57,10759.5,0
2021-06-16 09:17:00,10759.85,0
2021-06-16 09:17:01,10759.2,0
2021-06-16 09:17:04,10757.55,0
2021-06-16 09:17:05,10759.15,0
2021-06-16 09:17:08,10760.5,0
2021-06-16 09:17:12,10760.7,0
2021-06-16 09:17:15,10759.65,0
2021-06-16 09:17:20,10761.05,0
2021-06-16 09:17:23,10762.45,0
2021-06-16 09:17:24,10761.65,0
2021-06-16 09:17:26,10762.8,0
2021-06-16 09:17:27,10763.0,0
2021-06-16 09:17:31,10764.45,0
2021-06-16 09:17:32,10766.1,0
2021-06-16 09:17:33,10763.95,0
2021-06-16 09:17:34,10763.85,0
2021-06-16 09:17:36,10763.7,0
2021-06-16 09:17:39,10766.75,0
2021-06-16 09:17:42,10765.2,0
2021-06-16 09:17:43,10768.55,0
2021-06-16 09:17:44,10767.1,0
2021-06-16 09:17:45,10766.95,0
2021-06-16 09:17:46,10765.95,0
2021-06-16 09:17:48,10765.2,0
2021-06-16 09:17:49,10765.2,0
2021-06-16 09:17:52,10763.85,0
2021-06-16 09:17:53,10762.85,0
2021-06-16 09:17:54,10765.7,0
2021-06-16 09:17:59,10765.95,0
2021-06-16 09:18:04,10765.8,0
2021-06-16 09:18:05,10767.65,0
2021-06-16 09:18:06,10767.75,0
2021-06-16 09:18:09,10768.3,0
2021-06-16 09:18:11,10766.9,0
2021-06-16 09:18:17,10768.2,0
2021-06-16 09:18:18,10769.45,0
2021-06-16 09:18:20,10769.95,0
2021-06-16 09:18:24,10769.9,0
2021-06-16 09:18:28,10770.6,0
2021-06-16 09:18:31,10770.15,0
2021-06-16 09:18:38,10767.4,0
2021-06-16 09:18:43,10766.6,0
2021-06-16 09:18:46,10766.4,0
2021-06-16 09:18:48,10763.85,0
2021-06-16 09:18:51,10762.55,0
2021-06-16 09:18:52,10763.65,0
2021-06-16 09:18:56,10761.15,0
2021-06-16 09:18:57,10760.1,0
2021-06-16 09:18:58,10761.45,0
2021-06-16 09:19:04,10760.75,0
2021-06-16 09:19:06,10760.7,0
2021-06-16 09:19:09,10763.65,0
2021-06-16 09:19:11,10762.95,0
2021-06-16 09:19:13,10760.3,0
2021-06-16 09:19:16,10760.4,0
2021-06-16 09:19:19,10761.9,0
2021-06-16 09:19:22,10759.5,0
2021-06-16 09:19:24,10758.0,0
2021-06-16 09:19:27,10756.25,0
2021-06-16 09:19:28,10756.3,0
2021-06-16 09:19:39,10748.8,0
2021-06-16 09:19:41,10747.5,0
2021-06-16 09:19:45,10748.1,0
2021-06-16 09:19:46,10748.05,0
2021-06-16 09:19:48,10747.2,0
2021-06-16 09:19:52,10747.65,0
2021-06-16 09:19:55,10746.05,0
2021-06-16 09:19:57,10745.7,0
2021-06-16 09:20:05,10737.35,0
2021-06-16 09:20:06,10737.2,0
2021-06-16 09:20:16,10737.3,0
2021-06-16 09:20:19,10738.95,0
2021-06-16 09:20:20,10738.7,0
2021-06-16 09:20:23,10736.9,0
2021-06-16 09:20:36,10731.65,0
2021-06-16 09:20:37,10731.15,0
2021-06-16 09:20:46,10736.55,0
2021-06-16 09:20:54,10735.65,0
2021-06-16 09:20:57,10737.65,0
2021-06-16 09:20:59,10737.05,0
2021-06-16 09:21:00,10736.8,0
2021-06-16 09:21:01,10737.0,0
2021-06-16 09:21:02,10738.7,0
2021-06-16 09:21:06,10739.45,0
2021-06-16 09:21:07,10740.3,0
2021-06-16 09:21:08,10740.95,0
2021-06-16 09:21:13,10743.95,0
2021-06-16 09:21:14,10744.2,0
2021-06-16 09:21:15,10742.75,0
2021-06-16 09:21:20,10747.6,0
2021-06-16 09:21:24,10750.6,0
2021-06-16 09:21:28,10752.25,0
2021-06-16 09:21:30,10752.0,0
2021-06-16 09:21:32,10751.15,0
2021-06-16 09:21:35,10750.95,0
2021-06-16 09:21:37,10751.05,0
2021-06-16 09:21:40,10753.1,0
2021-06-16 09:21:41,10752.0,0
2021-06-16 09:21:42,10753.55,0
2021-06-16 09:21:44,10755.3,0
2021-06-16 09:21:47,10754.95,0
2021-06-16 09:21:49,10755.7,0
2021-06-16 09:21:51,10756.35,0
2021-06-16 09:21:54,10756.45,0
2021-06-16 09:21:56,10754.6,0
2021-06-16 09:21:58,10755.8,0
2021-06-16 09:21:59,10755.4,0
2021-06-16 09:22:01,10756.2,0
2021-06-16 09:22:03,10757.0,0
2021-06-16 09:22:04,10757.55,0
2021-06-16 09:22:12,10758.1,0
2021-06-16 09:22:17,10754.95,0
2021-06-16 09:22:19,10756.35,0
2021-06-16 09:22:20,10756.2,0
2021-06-16 09:22:22,10755.45,0
2021-06-16 09:22:26,10756.35,0
2021-06-16 09:22:30,10755.4,0
2021-06-16 09:22:32,10756.25,0
2021-06-16 09:22:35,10755.4,0
2021-06-16 09:22:37,10754.8,0
2021-06-16 09:22:40,10754.65,0
2021-06-16 09:22:43,10756.45,0
2021-06-16 09:22:46,10756.25,0
2021-06-16 09:22:47,10757.25,0
2021-06-16 09:22:49,10756.6,0
2021-06-16 09:22:52,10758.2,0
2021-06-16 09:22:55,10758.7,0
2021-06-16 09:22:58,10758.5,0
2021-06-16 09:22:59,10758.75,0
2021-06-16 09:23:00,10758.65,0
2021-06-16 09:23:03,10758.65,0
2021-06-16 09:23:07,10760.25,0
2021-06-16 09:23:08,10760.95,0
2021-06-16 09:23:11,10761.35,0
2021-06-16 09:23:26,10764.05,0
2021-06-16 09:23:27,10765.1,0
2021-06-16 09:23:33,10765.0,0
2021-06-16 09:23:34,10764.6,0
2021-06-16 09:23:35,10761.6,0
2021-06-16 09:23:36,10760.6,0
2021-06-16 09:23:38,10762.05,0
2021-06-16 09:23:47,10761.8,0
2021-06-16 09:23:50,10760.15,0
2021-06-16 09:23:51,10760.1,0
2021-06-16 09:23:53,10759.9,0
2021-06-16 09:23:55,10760.55,0
2021-06-16 09:23:58,10759.5,0
2021-06-16 09:24:00,10761.3,0
2021-06-16 09:24:03,10761.85,0
2021-06-16 09:24:09,10761.85,0
2021-06-16 09:24:16,10761.4,0
2021-06-16 09:24:17,10761.75,0
2021-06-16 09:24:20,10759.9,0
2021-06-16 09:24:22,10758.7,0
2021-06-16 09:24:23,10758.9,0
2021-06-16 09:24:25,10758.6,0
2021-06-16 09:24:26,10757.95,0
2021-06-16 09:24:29,10758.7,0
2021-06-16 09:24:30,10759.0,0
2021-06-16 09:24:34,10758.45,0
2021-06-16 09:24:36,10758.15,0
2021-06-16 09:24:45,10760.25,0
2021-06-16 09:24:47,10760.5,0
2021-06-16 09:24:50,10761.5,0
2021-06-16 09:24:53,10761.6,0
2021-06-16 09:24:57,10761.0,0
2021-06-16 09:24:59,10761.45,0
2021-06-16 09:25:00,10761.35,0
2021-06-16 09:25:01,10760.2,0
2021-06-16 09:25:03,10756.9,0
2021-06-16 09:25:05,10754.85,0
2021-06-16 09:25:12,10755.2,0
2021-06-16 09:25:14,10755.3,0
2021-06-16 09:25:19,10753.5,0
2021-06-16 09:25:21,10754.35,0
2021-06-16 09:25:23,10752.8,0
2021-06-16 09:25:25,10752.55,0
2021-06-16 09:25:32,10753.85,0
2021-06-16 09:25:34,10754.1,0
2021-06-16 09:25:35,10753.85,0
2021-06-16 09:25:37,10754.4,0
2021-06-16 09:25:39,10755.85,0
2021-06-16 09:25:41,10756.85,0
2021-06-16 09:25:43,10758.25,0
2021-06-16 09:25:46,10759.1,0
2021-06-16 09:25:48,10758.2,0
2021-06-16 09:25:49,10758.25,0
2021-06-16 09:25:51,10758.9,0
2021-06-16 09:25:56,10758.5,0
2021-06-16 09:26:00,10758.85,0
2021-06-16 09:26:02,10759.5,0
2021-06-16 09:26:04,10758.85,0
2021-06-16 09:26:11,10760.85,0
2021-06-16 09:26:13,10761.65,0
2021-06-16 09:26:16,10762.65,0
2021-06-16 09:26:20,10763.6,0
2021-06-16 09:26:21,10761.95,0
2021-06-16 09:26:22,10762.15,0
2021-06-16 09:26:23,10761.75,0
2021-06-16 09:26:24,10762.3,0
2021-06-16 09:26:25,10761.75,0
2021-06-16 09:26:26,10760.55,0
2021-06-16 09:26:31,10758.55,0
2021-06-16 09:26:37,10759.1,0
2021-06-16 09:26:38,10760.85,0
2021-06-16 09:26:39,10760.4,0
2021-06-16 09:26:41,10760.75,0
2021-06-16 09:26:42,10758.15,0
2021-06-16 09:26:43,10759.3,0
2021-06-16 09:26:44,10760.5,0
2021-06-16 09:26:45,10759.25,0
2021-06-16 09:26:50,10759.75,0
2021-06-16 09:26:51,10760.6,0
2021-06-16 09:26:52,10761.5,0
2021-06-16 09:26:54,10760.6,0
2021-06-16 09:26:58,10759.1,0
2021-06-16 09:27:00,10759.95,0
2021-06-16 09:27:01,10758.7,0
2021-06-16 09:27:04,10758.4,0
2021-06-16 09:27:06,10757.15,0
2021-06-16 09:27:07,10758.5,0
2021-06-16 09:27:09,10757.9,0
2021-06-16 09:27:10,10759.05,0
2021-06-16 09:27:12,10757.5,0
2021-06-16 09:27:14,10757.6,0
2021-06-16 09:27:15,10758.05,0
2021-06-16 09:27:16,10756.9,0
2021-06-16 09:27:17,10756.35,0
2021-06-16 09:27:21,10756.1,0
2021-06-16 09:27:22,10755.95,0
2021-06-16 09:27:23,10755.25,0
2021-06-16 09:27:26,10756.15,0
2021-06-16 09:27:27,10755.65,0
2021-06-16 09:27:28,10752.95,0
2021-06-16 09:27:32,10754.45,0
2021-06-16 09:27:34,10755.25,0
2021-06-16 09:27:35,10754.15,0
2021-06-16 09:27:36,10754.2,0
2021-06-16 09:27:37,10754.95,0
2021-06-16 09:27:39,10753.25,0
2021-06-16 09:27:41,10753.95,0
2021-06-16 09:27:44,10753.25,0
2021-06-16 09:27:47,10752.35,0
2021-06-16 09:27:52,10751.4,0
2021-06-16 09:27:53,10750.45,0
2021-06-16 09:27:54,10751.3,0
2021-06-16 09:28:00,10750.15,0
2021-06-16 09:28:01,10748.75,0
2021-06-16 09:28:02,10748.85,0
2021-06-16 09:28:09,10747.65,0
2021-06-16 09:28:11,10749.0,0
2021-06-16 09:28:12,10748.45,0
2021-06-16 09:28:14,10749.75,0
2021-06-16 09:28:16,10749.4,0
2021-06-16 09:28:18,10749.85,0
2021-06-16 09:28:19,10749.45,0
2021-06-16 09:28:23,10749.75,0
2021-06-16 09:28:26,10752.1,0
2021-06-16 09:28:27,10752.25,0
2021-06-16 09:28:29,10751.85,0
2021-06-16 09:28:36,10751.3,0
2021-06-16 09:28:37,10751.15,0
2021-06-16 09:28:39,10751.4,0
2021-06-16 09:28:40,10750.3,0
2021-06-16 09:28:41,10749.85,0
2021-06-16 09:28:42,10750.35,0
2021-06-16 09:28:47,10751.4,0
2021-06-16 09:28:50,10751.6,0
2021-06-16 09:28:52,10751.25,0
2021-06-16 09:28:54,10750.8,0
2021-06-16 09:28:56,10750.3,0
2021-06-16 09:29:00,10752.85,0
2021-06-16 09:29:03,10754.7,0
2021-06-16 09:29:05,10754.35,0
2021-06-16 09:29:06,10754.85,0
2021-06-16 09:29:08,10755.05,0
2021-06-16 09:29:11,10755.85,0
2021-06-16 09:29:12,10755.95,0
2021-06-16 09:29:13,10756.4,0
2021-06-16 09:29:14,10756.35,0
2021-06-16 09:29:16,10756.5,0
2021-06-16 09:29:21,10757.2,0
2021-06-16 09:29:25,10757.45,0
2021-06-16 09:29:26,10759.2,0
2021-06-16 09:29:27,10759.9,0
2021-06-16 09:29:29,10758.05,0
2021-06-16 09:29:32,10758.3,0
2021-06-16 09:29:34,10759.45,0
2021-06-16 09:29:36,10758.5,0
2021-06-16 09:29:37,10758.3,0
2021-06-16 09:29:43,10757.05,0
2021-06-16 09:29:44,10757.55,0
2021-06-16 09:29:45,10757.25,0
2021-06-16 09:29:47,10756.15,0
2021-06-16 09:29:51,10756.6,0
2021-06-16 09:29:52,10756.0,0
2021-06-16 09:29:53,10756.7,0
2021-06-16 09:29:54,10756.55,0
2021-06-16 09:29:56,10756.0,0
2021-06-16 09:30:01,10755.5,0
2021-06-16 09:30:07,10755.6,0
2021-06-16 09:30:09,10754.95,0
2021-06-16 09:30:11,10755.5,0
2021-06-16 09:30:12,10754.0,0
2021-06-16 09:30:16,10755.2,0
2021-06-16 09:30:19,10754.4,0
2021-06-16 09:30:20,10753.85,0
2021-06-16 09:30:22,10754.25,0
2021-06-16 09:30:24,10754.45,0
2021-06-16 09:30:31,10755.25,0
2021-06-16 09:30:32,10754.9,0
2021-06-16 09:30:34,10753.8,0
2021-06-16 09:30:38,10754.85,0
2021-06-16 09:30:45,10756.55,0
2021-06-16 09:30:49,10757.7,0
2021-06-16 09:30:51,10758.45,0
2021-06-16 09:30:54,10759.9,0
2021-06-16 09:30:55,10759.9,0
2021-06-16 09:30:57,10760.9,0
2021-06-16 09:30:59,10760.6,0
2021-06-16 09:31:00,10760.85,0
2021-06-16 09:31:01,10761.4,0
2021-06-16 09:31:02,10762.45,0
2021-06-16 09:31:03,10762.65,0
2021-06-16 09:31:04,10762.25,0
2021-06-16 09:31:06,10762.35,0
2021-06-16 09:31:08,10760.55,0
2021-06-16 09:31:09,10760.25,0
2021-06-16 09:31:11,10760.25,0
2021-06-16 09:31:13,10758.1,0
2021-06-16 09:31:14,10760.0,0
2021-06-16 09:31:15,10759.8,0
2021-06-16 09:31:18,10759.6,0
2021-06-16 09:31:20,10759.1,0
2021-06-16 09:31:21,10759.05,0
2021-06-16 09:31:23,10758.2,0
2021-06-16 09:31:24,10756.6,0
2021-06-16 09:31:26,10756.0,0
2021-06-16 09:31:28,10757.0,0
2021-06-16 09:31:32,10756.45,0
2021-06-16 09:31:36,10756.1,0
2021-06-16 09:31:38,10755.95,0
2021-06-16 09:31:39,10756.35,0
2021-06-16 09:31:42,10755.4,0
2021-06-16 09:31:44,10755.9,0
2021-06-16 09:31:45,10756.7,0
2021-06-16 09:31:48,10755.95,0
2021-06-16 09:31:52,10755.15,0
2021-06-16 09:31:54,10757.65,0
2021-06-16 09:31:55,10757.8,0
2021-06-16 09:31:56,10757.8,0
2021-06-16 09:31:57,10756.6,0
2021-06-16 09:31:59,10757.65,0
2021-06-16 09:32:02,10758.75,0
2021-06-16 09:32:04,10757.5,0
2021-06-16 09:32:08,10757.25,0
2021-06-16 09:32:09,10757.75,0
2021-06-16 09:32:10,10757.35,0
2021-06-16 09:32:13,10756.7,0
2021-06-16 09:32:14,10756.7,0
2021-06-16 09:32:15,10756.2,0
2021-06-16 09:32:18,10755.8,0
2021-06-16 09:32:20,10755.9,0
2021-06-16 09:32:21,10756.15,0
2021-06-16 09:32:23,10756.9,0
2021-06-16 09:32:25,10756.1,0
2021-06-16 09:32:26,10755.9,0
2021-06-16 09:32:27,10755.35,0
2021-06-16 09:32:31,10755.65,0
2021-06-16 09:32:40,10756.2,0
2021-06-16 09:32:44,10754.75,0
2021-06-16 09:32:46,10754.85,0
2021-06-16 09:32:49,10754.4,0
2021-06-16 09:32:50,10753.85,0
2021-06-16 09:32:52,10754.2,0
2021-06-16 09:32:56,10752.15,0
2021-06-16 09:32:57,10752.45,0
2021-06-16 09:33:01,10751.0,0
2021-06-16 09:33:05,10751.55,0
2021-06-16 09:33:06,10752.85,0
2021-06-16 09:33:09,10753.4,0
2021-06-16 09:33:10,10753.25,0
2021-06-16 09:33:12,10753.4,0
2021-06-16 09:33:16,10751.0,0
2021-06-16 09:33:19,10750.35,0
2021-06-16 09:33:20,10750.25,0
2021-06-16 09:33:21,10751.15,0
2021-06-16 09:33:24,10750.7,0
2021-06-16 09:33:26,10751.55,0
2021-06-16 09:33:27,10751.6,0
2021-06-16 09:33:28,10751.7,0
2021-06-16 09:33:31,10750.85,0
2021-06-16 09:33:32,10750.35,0
2021-06-16 09:33:35,10752.6,0
2021-06-16 09:33:36,10751.5,0
2021-06-16 09:33:39,10752.5,0
2021-06-16 09:33:41,10752.35,0
2021-06-16 09:33:42,10752.4,0
2021-06-16 09:33:46,10754.35,0
2021-06-16 09:33:47,10753.15,0
2021-06-16 09:33:48,10754.35,0
2021-06-16 09:33:52,10754.5,0
2021-06-16 09:33:53,10755.55,0
2021-06-16 09:33:56,10754.25,0
2021-06-16 09:33:58,10754.2,0
2021-06-16 09:33:59,10754.0,0
2021-06-16 09:34:00,10754.7,0
2021-06-16 09:34:01,10755.1,0
2021-06-16 09:34:02,10756.1,0
2021-06-16 09:34:04,10757.05,0
2021-06-16 09:34:05,10757.15,0
2021-06-16 09:34:07,10755.7,0
2021-06-16 09:34:08,10756.65,0
2021-06-16 09:34:09,10756.7,0
2021-06-16 09:34:10,10756.6,0
2021-06-16 09:34:14,10756.9,0
2021-06-16 09:34:16,10758.75,0
2021-06-16 09:34:21,10759.15,0
2021-06-16 09:34:22,10758.95,0
2021-06-16 09:34:25,10759.45,0
2021-06-16 09:34:31,10760.75,0
2021-06-16 09:34:35,10759.5,0
2021-06-16 09:34:36,10760.05,0
2021-06-16 09:34:37,10760.5,0
2021-06-16 09:34:39,10760.55,0
2021-06-16 09:34:42,10761.45,0
2021-06-16 09:34:45,10760.9,0
2021-06-16 09:34:48,10760.75,0
2021-06-16 09:34:52,10761.45,0
2021-06-16 09:34:53,10761.55,0
2021-06-16 09:34:54,10761.6,0
2021-06-16 09:34:55,10761.6,0
2021-06-16 09:34:57,10761.8,0
2021-06-16 09:34:58,10761.4,0
2021-06-16 09:34:59,10761.25,0
2021-06-16 09:35:03,10762.5,0
2021-06-16 09:35:08,10760.9,0
2021-06-16 09:35:12,10760.05,0
2021-06-16 09:35:15,10760.4,0
2021-06-16 09:35:16,10759.95,0
2021-06-16 09:35:18,10760.1,0
2021-06-16 09:35:19,10759.95,0
2021-06-16 09:35:21,10759.7,0
2021-06-16 09:35:22,10759.1,0
2021-06-16 09:35:23,10758.75,0
2021-06-16 09:35:27,10754.85,0
2021-06-16 09:35:28,10755.05,0
2021-06-16 09:35:29,10755.8,0
2021-06-16 09:35:34,10753.8,0
2021-06-16 09:35:35,10753.45,0
2021-06-16 09:35:36,10753.15,0
2021-06-16 09:35:38,10753.4,0
2021-06-16 09:35:39,10752.85,0
2021-06-16 09:35:48,10753.8,0
2021-06-16 09:35:49,10753.75,0
2021-06-16 09:35:50,10753.35,0
2021-06-16 09:35:51,10753.25,0
2021-06-16 09:35:52,10752.55,0
2021-06-16 09:35:55,10753.3,0
2021-06-16 09:35:56,10754.05,0
2021-06-16 09:35:57,10754.65,0
2021-06-16 09:35:59,10753.75,0
2021-06-16 09:36:01,10753.95,0
2021-06-16 09:36:02,10753.35,0
2021-06-16 09:36:04,10754.45,0
2021-06-16 09:36:05,10754.3,0
2021-06-16 09:36:09,10755.1,0
2021-06-16 09:36:11,10756.7,0
2021-06-16 09:36:16,10757.25,0
2021-06-16 09:36:21,10757.95,0
2021-06-16 09:36:23,10757.35,0
2021-06-16 09:36:28,10757.3,0
2021-06-16 09:36:29,10757.45,0
2021-06-16 09:36:32,10756.05,0
2021-06-16 09:36:42,10753.65,0
2021-06-16 09:36:45,10752.2,0
2021-06-16 09:36:46,10751.15,0
2021-06-16 09:36:47,10751.55,0
2021-06-16 09:36:48,10751.4,0
2021-06-16 09:36:49,10752.35,0
2021-06-16 09:36:57,10752.4,0
2021-06-16 09:37:00,10752.3,0
2021-06-16 09:37:02,10751.85,0
2021-06-16 09:37:03,10752.65,0
2021-06-16 09:37:04,10751.85,0
2021-06-16 09:37:05,10752.2,0
2021-06-16 09:37:06,10752.4,0
2021-06-16 09:37:07,10752.8,0
2021-06-16 09:37:08,10751.8,0
2021-06-16 09:37:13,10752.3,0
2021-06-16 09:37:19,10753.0,0
2021-06-16 09:37:20,10753.3,0
2021-06-16 09:37:21,10753.4,0
2021-06-16 09:37:23,10754.3,0
2021-06-16 09:37:24,10753.55,0
2021-06-16 09:37:27,10752.45,0
2021-06-16 09:37:29,10754.05,0
2021-06-16 09:37:33,10754.05,0
2021-06-16 09:37:34,10754.05,0
2021-06-16 09:37:35,10753.7,0
2021-06-16 09:37:36,10752.35,0
2021-06-16 09:37:37,10751.5,0
2021-06-16 09:37:43,10753.25,0
2021-06-16 09:37:44,10753.5,0
2021-06-16 09:37:46,10752.95,0
2021-06-16 09:37:47,10753.7,0
2021-06-16 09:37:49,10753.8,0
2021-06-16 09:37:50,10754.2,0
2021-06-16 09:37:52,10754.4,0
2021-06-16 09:37:53,10754.35,0
2021-06-16 09:37:54,10753.9,0
2021-06-16 09:37:55,10754.1,0
2021-06-16 09:37:56,10753.35,0
2021-06-16 09:37:58,10753.35,0
2021-06-16 09:38:00,10753.9,0
2021-06-16 09:38:01,10754.2,0
2021-06-16 09:38:08,10752.55,0
2021-06-16 09:38:11,10752.35,0
2021-06-16 09:38:12,10751.65,0
2021-06-16 09:38:14,10752.15,0
2021-06-16 09:38:15,10752.3,0
2021-06-16 09:38:19,10752.25,0
2021-06-16 09:38:21,10751.95,0
2021-06-16 09:38:24,10752.2,0
2021-06-16 09:38:33,10751.1,0
2021-06-16 09:38:34,10750.8,0
2021-06-16 09:38:37,10751.3,0
2021-06-16 09:38:38,10751.9,0
2021-06-16 09:38:40,10751.85,0
2021-06-16 09:38:42,10751.8,0
2021-06-16 09:38:45,10752.4,0
2021-06-16 09:38:47,10752.45,0
2021-06-16 09:38:51,10749.6,0
2021-06-16 09:38:54,10749.6,0
2021-06-16 09:39:00,10748.9,0
2021-06-16 09:39:02,10747.5,0
2021-06-16 09:39:05,10748.2,0
2021-06-16 09:39:06,10748.65,0
2021-06-16 09:39:08,10749.3,0
2021-06-16 09:39:10,10748.25,0
2021-06-16 09:39:11,10748.95,0
2021-06-16 09:39:12,10749.2,0
2021-06-16 09:39:14,10750.55,0
2021-06-16 09:39:15,10750.35,0
2021-06-16 09:39:17,10751.85,0
2021-06-16 09:39:18,10752.3,0
2021-06-16 09:39:19,10752.6,0
2021-06-16 09:39:21,10753.55,0
2021-06-16 09:39:28,10752.85,0
2021-06-16 09:39:29,10752.2,0
2021-06-16 09:39:31,10752.4,0
2021-06-16 09:39:32,10752.1,0
2021-06-16 09:39:33,10751.8,0
2021-06-16 09:39:34,10752.15,0
2021-06-16 09:39:37,10753.25,0
2021-06-16 09:39:41,10754.25,0
2021-06-16 09:39:42,10754.2,0
2021-06-16 09:39:45,10754.15,0
2021-06-16 09:39:47,10754.25,0
2021-06-16 09:39:48,10754.95,0
2021-06-16 09:39:49,10754.5,0
2021-06-16 09:39:50,10754.3,0
2021-06-16 09:39:58,10755.4,0
2021-06-16 09:39:59,10755.3,0
2021-06-16 09:40:03,10755.2,0
2021-06-16 09:40:06,10754.85,0
2021-06-16 09:40:11,10754.75,0
2021-06-16 09:40:12,10755.0,0
2021-06-16 09:40:13,10755.55,0
2021-06-16 09:40:15,10754.65,0
2021-06-16 09:40:16,10756.55,0
2021-06-16 09:40:17,10756.1,0
2021-06-16 09:40:20,10755.7,0
2021-06-16 09:40:22,10755.55,0
2021-06-16 09:40:24,10755.65,0
2021-06-16 09:40:25,10755.3,0
2021-06-16 09:40:26,10755.25,0
2021-06-16 09:40:27,10755.05,0
2021-06-16 09:40:28,10754.8,0
2021-06-16 09:40:32,10756.2,0
2021-06-16 09:40:35,10754.2,0
2021-06-16 09:40:41,10755.25,0
2021-06-16 09:40:46,10754.4,0
2021-06-16 09:40:47,10754.5,0
2021-06-16 09:40:48,10753.8,0
2021-06-16 09:40:49,10754.5,0
2021-06-16 09:40:52,10754.2,0
2021-06-16 09:40:53,10754.2,0
2021-06-16 09:40:55,10753.95,0
2021-06-16 09:40:56,10754.3,0
2021-06-16 09:40:57,10753.85,0
2021-06-16 09:41:01,10751.45,0
2021-06-16 09:41:03,10752.45,0
2021-06-16 09:41:04,10752.6,0
2021-06-16 09:41:07,10753.05,0
2021-06-16 09:41:10,10753.05,0
2021-06-16 09:41:11,10753.55,0
2021-06-16 09:41:12,10754.55,0
2021-06-16 09:41:13,10752.6,0
2021-06-16 09:41:17,10753.5,0
2021-06-16 09:41:20,10752.45,0
2021-06-16 09:41:21,10753.05,0
2021-06-16 09:41:22,10751.95,0
2021-06-16 09:41:25,10751.75,0
2021-06-16 09:41:26,10752.1,0
2021-06-16 09:41:27,10751.5,0
2021-06-16 09:41:32,10752.25,0
2021-06-16 09:41:33,10751.95,0
2021-06-16 09:41:34,10753.15,0
2021-06-16 09:41:38,10752.95,0
2021-06-16 09:41:40,10752.05,0
2021-06-16 09:41:41,10752.3,0
2021-06-16 09:41:43,10752.15,0
2021-06-16 09:41:44,10752.55,0
2021-06-16 09:41:47,10753.2,0
2021-06-16 09:41:49,10752.2,0
2021-06-16 09:41:50,10752.4,0
2021-06-16 09:41:51,10752.85,0
2021-06-16 09:41:52,10752.85,0
2021-06-16 09:41:53,10752.4,0
2021-06-16 09:41:54,10752.25,0
2021-06-16 09:41:55,10752.3,0
2021-06-16 09:41:56,10751.3,0
2021-06-16 09:41:58,10751.1,0
2021-06-16 09:41:59,10750.9,0
2021-06-16 09:42:01,10750.8,0
2021-06-16 09:42:02,10751.05,0
2021-06-16 09:42:03,10751.45,0
2021-06-16 09:42:10,10748.65,0
2021-06-16 09:42:11,10748.85,0
2021-06-16 09:42:13,10749.0,0
2021-06-16 09:42:15,10747.15,0
2021-06-16 09:42:19,10748.9,0
2021-06-16 09:42:21,10748.85,0
2021-06-16 09:42:24,10748.3,0
2021-06-16 09:42:26,10748.9,0
2021-06-16 09:42:28,10749.5,0
2021-06-16 09:42:29,10748.8,0
2021-06-16 09:42:30,10749.65,0
2021-06-16 09:42:31,10748.8,0
2021-06-16 09:42:32,10749.15,0
2021-06-16 09:42:33,10748.7,0
2021-06-16 09:42:34,10749.05,0
2021-06-16 09:42:37,10750.5,0
2021-06-16 09:42:38,10750.8,0
2021-06-16 09:42:39,10751.15,0
2021-06-16 09:42:44,10751.45,0
2021-06-16 09:42:45,10751.35,0
2021-06-16 09:42:52,10748.9,0
2021-06-16 09:42:53,10750.1,0
2021-06-16 09:42:54,10750.15,0
2021-06-16 09:42:56,10749.2,0
2021-06-16 09:42:57,10749.65,0
2021-06-16 09:43:01,10748.55,0
2021-06-16 09:43:02,10748.2,0
2021-06-16 09:43:03,10748.15,0
2021-06-16 09:43:04,10746.3,0
2021-06-16 09:43:05,10744.7,0
2021-06-16 09:43:06,10745.0,0
2021-06-16 09:43:09,10744.85,0
2021-06-16 09:43:11,10744.45,0
2021-06-16 09:43:16,10743.45,0
2021-06-16 09:43:27,10739.5,0
2021-06-16 09:43:30,10738.55,0
2021-06-16 09:43:31,10738.75,0
2021-06-16 09:43:32,10738.5,0
2021-06-16 09:43:33,10739.25,0
2021-06-16 09:43:34,10739.1,0
2021-06-16 09:43:35,10739.2,0
2021-06-16 09:43:37,10739.35,0
2021-06-16 09:43:38,10738.95,0
2021-06-16 09:43:39,10738.9,0
2021-06-16 09:43:41,10740.45,0
2021-06-16 09:43:44,10740.05,0
2021-06-16 09:43:47,10739.6,0
2021-06-16 09:43:49,10737.4,0
2021-06-16 09:43:50,10737.35,0
2021-06-16 09:43:53,10733.95,0
2021-06-16 09:43:57,10734.95,0
2021-06-16 09:43:58,10734.5,0
2021-06-16 09:43:59,10735.85,0
2021-06-16 09:44:02,10734.3,0
2021-06-16 09:44:03,10733.9,0
2021-06-16 09:44:04,10734.2,0
2021-06-16 09:44:05,10733.9,0
2021-06-16 09:44:07,10734.1,0
2021-06-16 09:44:08,10734.3,0
2021-06-16 09:44:09,10733.95,0
2021-06-16 09:44:10,10734.75,0
2021-06-16 09:44:13,10733.9,0
2021-06-16 09:44:15,10733.1,0
2021-06-16 09:44:16,10733.25,0
2021-06-16 09:44:18,10731.95,0
2021-06-16 09:44:20,10732.55,0
2021-06-16 09:44:21,10731.4,0
2021-06-16 09:44:22,10731.6,0
2021-06-16 09:44:23,10731.85,0
2021-06-16 09:44:24,10731.35,0
2021-06-16 09:44:25,10730.35,0
2021-06-16 09:44:28,10729.8,0
2021-06-16 09:44:30,10730.15,0
2021-06-16 09:44:32,10730.05,0
2021-06-16 09:44:33,10729.95,0
2021-06-16 09:44:37,10728.1,0
2021-06-16 09:44:40,10727.7,0
2021-06-16 09:44:43,10729.1,0
2021-06-16 09:44:50,10727.45,0
2021-06-16 09:44:51,10726.25,0
2021-06-16 09:44:52,10726.45,0
2021-06-16 09:44:55,10725.45,0
2021-06-16 09:44:57,10725.8,0
2021-06-16 09:45:00,10724.35,0
2021-06-16 09:45:02,10725.3,0
2021-06-16 09:45:03,10725.3,0
2021-06-16 09:45:04,10724.65,0
2021-06-16 09:45:06,10724.65,0
2021-06-16 09:45:07,10723.7,0
2021-06-16 09:45:08,10723.6,0
2021-06-16 09:45:09,10723.2,0
2021-06-16 09:45:12,10723.05,0
2021-06-16 09:45:15,10723.5,0
2021-06-16 09:45:20,10726.0,0
2021-06-16 09:45:21,10725.75,0
2021-06-16 09:45:22,10725.95,0
2021-06-16 09:45:23,10725.75,0
2021-06-16 09:45:24,10726.25,0
2021-06-16 09:45:25,10725.55,0
2021-06-16 09:45:26,10726.1,0
2021-06-16 09:45:27,10725.75,0
2021-06-16 09:45:28,10726.2,0
2021-06-16 09:45:30,10725.15,0
2021-06-16 09:45:31,10725.9,0
2021-06-16 09:45:32,10726.45,0
2021-06-16 09:45:34,10726.75,0
2021-06-16 09:45:35,10726.55,0
2021-06-16 09:45:36,10726.4,0
2021-06-16 09:45:39,10725.3,0
2021-06-16 09:45:42,10726.15,0
2021-06-16 09:45:44,10725.0,0
2021-06-16 09:45:51,10725.95,0
2021-06-16 09:45:54,10726.5,0
2021-06-16 09:45:55,10727.0,0
2021-06-16 09:45:56,10726.7,0
2021-06-16 09:45:57,10726.2,0
2021-06-16 09:45:58,10725.9,0
2021-06-16 09:46:01,10725.1,0
2021-06-16 09:46:05,10723.2,0
2021-06-16 09:46:11,10720.35,0
2021-06-16 09:46:12,10721.2,0
2021-06-16 09:46:13,10721.3,0
2021-06-16 09:46:18,10720.85,0
2021-06-16 09:46:19,10719.25,0
2021-06-16 09:46:20,10720.05,0
2021-06-16 09:46:22,10720.0,0
2021-06-16 09:46:23,10720.2,0
2021-06-16 09:46:25,10718.75,0
2021-06-16 09:46:26,10719.15,0
2021-06-16 09:46:29,10720.0,0
2021-06-16 09:46:30,10719.3,0
2021-06-16 09:46:32,10718.9,0
2021-06-16 09:46:33,10719.0,0
2021-06-16 09:46:35,10720.2,0
2021-06-16 09:46:36,10719.4,0
2021-06-16 09:46:39,10720.2,0
2021-06-16 09:46:42,10721.25,0
2021-06-16 09:46:45,10720.1,0
2021-06-16 09:46:46,10719.4,0
2021-06-16 09:46:47,10720.9,0
2021-06-16 09:46:48,10721.15,0
2021-06-16 09:46:50,10722.35,0
2021-06-16 09:46:52,10723.05,0
2021-06-16 09:46:54,10718.1,0
2021-06-16 09:46:58,10717.0,0
2021-06-16 09:47:01,10717.55,0
2021-06-16 09:47:03,10715.35,0
2021-06-16 09:47:05,10714.35,0
2021-06-16 09:47:06,10714.7,0
2021-06-16 09:47:09,10713.9,0
2021-06-16 09:47:11,10712.1,0
2021-06-16 09:47:19,10710.7,0
2021-06-16 09:47:20,10709.75,0
2021-06-16 09:47:21,10709.15,0
2021-06-16 09:47:23,10710.8,0
2021-06-16 09:47:24,10711.2,0
2021-06-16 09:47:27,10709.6,0
2021-06-16 09:47:30,10710.0,0
2021-06-16 09:47:33,10707.95,0
2021-06-16 09:47:35,10709.45,0
2021-06-16 09:47:38,10709.6,0
2021-06-16 09:47:39,10710.5,0
2021-06-16 09:47:43,10708.65,0
2021-06-16 09:47:44,10708.85,0
2021-06-16 09:47:46,10709.55,0
2021-06-16 09:47:48,10709.6,0
2021-06-16 09:47:50,10708.25,0
2021-06-16 09:47:51,10706.35,0
2021-06-16 09:47:53,10706.25,0
2021-06-16 09:47:54,10705.55,0
2021-06-16 09:47:55,10704.7,0
2021-06-16 09:47:56,10704.6,0
2021-06-16 09:47:57,10704.35,0
2021-06-16 09:48:01,10705.85,0
2021-06-16 09:48:11,10707.5,0
2021-06-16 09:48:12,10707.15,0
2021-06-16 09:48:13,10707.3,0
2021-06-16 09:48:16,10707.4,0
2021-06-16 09:48:20,10706.8,0
2021-06-16 09:48:21,10706.8,0
2021-06-16 09:48:27,10706.2,0
2021-06-16 09:48:29,10707.7,0
2021-06-16 09:48:31,10707.5,0
2021-06-16 09:48:32,10708.25,0
2021-06-16 09:48:37,10707.6,0
2021-06-16 09:48:44,10708.7,0
2021-06-16 09:48:47,10708.85,0
2021-06-16 09:48:49,10708.85,0
2021-06-16 09:48:50,10708.85,0
2021-06-16 09:49:00,10711.35,0
2021-06-16 09:49:03,10711.8,0
2021-06-16 09:49:04,10711.9,0
2021-06-16 09:49:05,10711.65,0
2021-06-16 09:49:12,10710.75,0
2021-06-16 09:49:14,10710.8,0
2021-06-16 09:49:16,10710.0,0
2021-06-16 09:49:21,10710.1,0
2021-06-16 09:49:22,10710.2,0
2021-06-16 09:49:24,10710.7,0
2021-06-16 09:49:25,10710.75,0
2021-06-16 09:49:27,10710.15,0
2021-06-16 09:49:33,10710.85,0
2021-06-16 09:49:39,10710.25,0
2021-06-16 09:49:41,10708.25,0
2021-06-16 09:49:42,10707.45,0
2021-06-16 09:49:44,10707.2,0
2021-06-16 09:49:45,10707.5,0
2021-06-16 09:49:48,10706.0,0
2021-06-16 09:49:50,10703.55,0
2021-06-16 09:49:52,10702.85,0
2021-06-16 09:50:01,10700.95,0
2021-06-16 09:50:02,10698.3,0
2021-06-16 09:50:04,10699.7,0
2021-06-16 09:50:05,10700.75,0
2021-06-16 09:50:06,10700.95,0
2021-06-16 09:50:07,10701.55,0
2021-06-16 09:50:11,10700.05,0
2021-06-16 09:50:21,10702.75,0
2021-06-16 09:50:24,10701.95,0
2021-06-16 09:50:27,10700.45,0
2021-06-16 09:50:28,10700.35,0
2021-06-16 09:50:29,10702.4,0
2021-06-16 09:50:32,10701.6,0
2021-06-16 09:50:38,10702.55,0
2021-06-16 09:50:40,10703.4,0
2021-06-16 09:50:41,10701.5,0
2021-06-16 09:50:43,10702.7,0
2021-06-16 09:50:44,10701.35,0
2021-06-16 09:50:45,10701.35,0
2021-06-16 09:50:46,10702.1,0
2021-06-16 09:50:49,10704.35,0
2021-06-16 09:50:50,10703.1,0
2021-06-16 09:50:51,10704.05,0
2021-06-16 09:50:52,10703.05,0
2021-06-16 09:50:54,10703.2,0
2021-06-16 09:50:55,10703.8,0
2021-06-16 09:50:56,10703.9,0
2021-06-16 09:51:02,10702.55,0
2021-06-16 09:51:09,10702.75,0
2021-06-16 09:51:17,10702.2,0
2021-06-16 09:51:18,10701.85,0
2021-06-16 09:51:21,10701.9,0
2021-06-16 09:51:24,10703.05,0
2021-06-16 09:51:26,10703.05,0
2021-06-16 09:51:28,10703.75,0
2021-06-16 09:51:31,10705.3,0
2021-06-16 09:51:34,10706.2,0
2021-06-16 09:51:35,10705.2,0
2021-06-16 09:51:39,10704.05,0
2021-06-16 09:51:44,10703.95,0
2021-06-16 09:51:46,10703.25,0
2021-06-16 09:51:47,10702.9,0
2021-06-16 09:51:51,10701.5,0
2021-06-16 09:51:52,10701.75,0
2021-06-16 09:51:54,10701.05,0
2021-06-16 09:51:57,10701.15,0
2021-06-16 09:51:58,10700.45,0
2021-06-16 09:51:59,10700.55,0
2021-06-16 09:52:00,10701.0,0
2021-06-16 09:52:01,10700.75,0
2021-06-16 09:52:03,10701.4,0
2021-06-16 09:52:06,10701.1,0
2021-06-16 09:52:08,10701.3,0
2021-06-16 09:52:09,10700.75,0
2021-06-16 09:52:10,10700.35,0
2021-06-16 09:52:11,10699.95,0
2021-06-16 09:52:14,10701.85,0
2021-06-16 09:52:15,10700.75,0
2021-06-16 09:52:16,10700.1,0
2021-06-16 09:52:17,10699.95,0
2021-06-16 09:52:22,10700.65,0
2021-06-16 09:52:23,10701.35,0
2021-06-16 09:52:26,10700.6,0
2021-06-16 09:52:27,10701.65,0
2021-06-16 09:52:29,10701.65,0
2021-06-16 09:52:30,10701.6,0
2021-06-16 09:52:31,10702.3,0
2021-06-16 09:52:32,10700.1,0
2021-06-16 09:52:33,10699.95,0
2021-06-16 09:52:36,10700.3,0
2021-06-16 09:52:37,10700.65,0
2021-06-16 09:52:38,10700.3,0
2021-06-16 09:52:42,10700.5,0
2021-06-16 09:52:43,10700.8,0
2021-06-16 09:52:44,10700.1,0
2021-06-16 09:52:46,10701.15,0
2021-06-16 09:52:47,10701.05,0
2021-06-16 09:52:52,10701.65,0
2021-06-16 09:52:55,10701.95,0
2021-06-16 09:52:56,10702.5,0
2021-06-16 09:52:58,10702.5,0
2021-06-16 09:53:04,10702.0,0
2021-06-16 09:53:06,10703.15,0
2021-06-16 09:53:08,10703.05,0
2021-06-16 09:53:09,10703.75,0
2021-06-16 09:53:13,10703.0,0
2021-06-16 09:53:18,10703.75,0
2021-06-16 09:53:21,10703.7,0
2021-06-16 09:53:22,10704.65,0
2021-06-16 09:53:27,10703.6,0
2021-06-16 09:53:28,10704.05,0
2021-06-16 09:53:30,10703.65,0
2021-06-16 09:53:32,10704.25,0
2021-06-16 09:53:33,10705.05,0
2021-06-16 09:53:35,10706.0,0
2021-06-16 09:53:36,10706.35,0
2021-06-16 09:53:39,10705.7,0
2021-06-16 09:53:42,10705.05,0
2021-06-16 09:53:45,10705.05,0
2021-06-16 09:53:46,10705.9,0
2021-06-16 09:53:47,10705.55,0
2021-06-16 09:53:48,10706.65,0
2021-06-16 09:53:49,10706.7,0
2021-06-16 09:53:52,10705.9,0
2021-06-16 09:53:53,10706.2,0
2021-06-16 09:53:56,10706.15,0
2021-06-16 09:53:57,10706.4,0
2021-06-16 09:54:01,10708.4,0
2021-06-16 09:54:02,10707.3,0
2021-06-16 09:54:04,10707.35,0
2021-06-16 09:54:05,10707.65,0
2021-06-16 09:54:08,10707.1,0
2021-06-16 09:54:10,10705.6,0
2021-06-16 09:54:12,10705.4,0
2021-06-16 09:54:16,10704.7,0
2021-06-16 09:54:17,10705.2,0
2021-06-16 09:54:18,10705.1,0
2021-06-16 09:54:19,10704.55,0
2021-06-16 09:54:21,10704.45,0
2021-06-16 09:54:23,10704.3,0
2021-06-16 09:54:24,10704.2,0
2021-06-16 09:54:29,10702.9,0
2021-06-16 09:54:30,10703.15,0
2021-06-16 09:54:31,10702.75,0
2021-06-16 09:54:34,10703.35,0
2021-06-16 09:54:36,10703.6,0
2021-06-16 09:54:39,10703.25,0
2021-06-16 09:54:42,10704.2,0
2021-06-16 09:54:41,10703.2,0
2021-06-16 09:54:43,10704.5,0
2021-06-16 09:54:44,10703.75,0
2021-06-16 09:54:45,10703.7,0
2021-06-16 09:54:46,10704.85,0
2021-06-16 09:54:48,10704.4,0
2021-06-16 09:54:51,10704.75,0
2021-06-16 09:54:53,10704.3,0
2021-06-16 09:54:54,10705.05,0
2021-06-16 09:54:56,10705.3,0
2021-06-16 09:54:57,10705.65,0
2021-06-16 09:55:01,10707.05,0
2021-06-16 09:55:04,10704.95,0
2021-06-16 09:55:05,10706.1,0
2021-06-16 09:55:06,10704.65,0
2021-06-16 09:55:08,10705.75,0
2021-06-16 09:55:09,10706.65,0
2021-06-16 09:55:10,10706.1,0
2021-06-16 09:55:14,10705.35,0
2021-06-16 09:55:20,10704.1,0
2021-06-16 09:55:22,10703.3,0
2021-06-16 09:55:23,10703.7,0
2021-06-16 09:55:26,10705.0,0
2021-06-16 09:55:28,10705.25,0
2021-06-16 09:55:30,10704.05,0
2021-06-16 09:55:32,10704.35,0
2021-06-16 09:55:34,10704.55,0
2021-06-16 09:55:37,10703.9,0
2021-06-16 09:55:38,10703.85,0
2021-06-16 09:55:44,10705.25,0
2021-06-16 09:55:45,10705.5,0
2021-06-16 09:55:47,10705.85,0
2021-06-16 09:55:49,10705.4,0
2021-06-16 09:55:50,10704.3,0
2021-06-16 09:55:56,10704.5,0
2021-06-16 09:55:57,10705.05,0
2021-06-16 09:56:01,10704.75,0
2021-06-16 09:56:02,10705.45,0
2021-06-16 09:56:03,10705.95,0
2021-06-16 09:56:04,10704.65,0
2021-06-16 09:56:05,10705.0,0
2021-06-16 09:56:06,10705.1,0
2021-06-16 09:56:11,10706.15,0
2021-06-16 09:56:12,10705.8,0
2021-06-16 09:56:13,10705.85,0
2021-06-16 09:56:16,10706.5,0
2021-06-16 09:56:22,10703.75,0
2021-06-16 09:56:26,10705.05,0
2021-06-16 09:56:29,10705.2,0
2021-06-16 09:56:30,10704.6,0
2021-06-16 09:56:31,10704.6,0
2021-06-16 09:56:32,10705.2,0
2021-06-16 09:56:33,10705.5,0
2021-06-16 09:56:34,10704.9,0
2021-06-16 09:56:36,10705.9,0
2021-06-16 09:56:37,10705.8,0
2021-06-16 09:56:39,10705.4,0
2021-06-16 09:56:41,10704.65,0
2021-06-16 09:56:43,10705.35,0
2021-06-16 09:56:44,10704.75,0
2021-06-16 09:56:47,10704.8,0
2021-06-16 09:56:49,10706.65,0
2021-06-16 09:56:53,10705.55,0
2021-06-16 09:56:57,10705.15,0
2021-06-16 09:57:03,10703.45,0
2021-06-16 09:57:06,10702.7,0
2021-06-16 09:57:07,10702.25,0
2021-06-16 09:57:08,10702.45,0
2021-06-16 09:57:10,10703.3,0
2021-06-16 09:57:11,10703.15,0
2021-06-16 09:57:15,10703.0,0
2021-06-16 09:57:16,10703.45,0
2021-06-16 09:57:17,10703.4,0
2021-06-16 09:57:18,10703.1,0
2021-06-16 09:57:23,10704.15,0
2021-06-16 09:57:24,10703.6,0
2021-06-16 09:57:26,10703.15,0
2021-06-16 09:57:28,10703.3,0
2021-06-16 09:57:31,10705.45,0
2021-06-16 09:57:32,10704.95,0
2021-06-16 09:57:33,10705.35,0
2021-06-16 09:57:36,10706.95,0
2021-06-16 09:57:39,10707.0,0
2021-06-16 09:57:41,10707.3,0
2021-06-16 09:57:42,10707.7,0
2021-06-16 09:57:43,10707.45,0
2021-06-16 09:57:44,10706.65,0
2021-06-16 09:57:46,10707.8,0
2021-06-16 09:57:49,10707.45,0
2021-06-16 09:57:50,10707.35,0
2021-06-16 09:57:51,10707.7,0
2021-06-16 09:57:53,10708.45,0
2021-06-16 09:57:55,10708.45,0
2021-06-16 09:57:56,10709.35,0
2021-06-16 09:57:58,10708.6,0
2021-06-16 09:58:01,10709.2,0
2021-06-16 09:58:04,10709.5,0
2021-06-16 09:58:10,10708.6,0
2021-06-16 09:58:14,10708.1,0
2021-06-16 09:58:16,10708.95,0
2021-06-16 09:58:19,10708.35,0
2021-06-16 09:58:23,10708.6,0
2021-06-16 09:58:25,10709.3,0
2021-06-16 09:58:28,10708.45,0
2021-06-16 09:58:29,10707.95,0
2021-06-16 09:58:32,10708.4,0
2021-06-16 09:58:35,10711.15,0
2021-06-16 09:58:37,10711.7,0
2021-06-16 09:58:41,10714.35,0
2021-06-16 09:58:42,10713.6,0
2021-06-16 09:58:44,10716.55,0
2021-06-16 09:58:47,10714.9,0
2021-06-16 09:58:50,10714.55,0
2021-06-16 09:58:53,10714.2,0
2021-06-16 09:58:54,10714.15,0
2021-06-16 09:58:55,10713.65,0
2021-06-16 09:58:56,10713.85,0
2021-06-16 09:59:01,10712.45,0
2021-06-16 09:59:02,10713.25,0
2021-06-16 09:59:04,10713.65,0
2021-06-16 09:59:06,10713.85,0
2021-06-16 09:59:08,10714.3,0
2021-06-16 09:59:09,10714.3,0
2021-06-16 09:59:11,10714.15,0
2021-06-16 09:59:15,10713.55,0
2021-06-16 09:59:20,10713.9,0
2021-06-16 09:59:22,10714.3,0
2021-06-16 09:59:23,10714.05,0
2021-06-16 09:59:25,10714.3,0
2021-06-16 09:59:26,10715.75,0
2021-06-16 09:59:27,10715.75,0
2021-06-16 09:59:28,10715.5,0
2021-06-16 09:59:29,10715.85,0
2021-06-16 09:59:30,10715.9,0
2021-06-16 09:59:31,10716.1,0
2021-06-16 09:59:32,10716.1,0
2021-06-16 09:59:33,10715.75,0
2021-06-16 09:59:34,10715.4,0
2021-06-16 09:59:36,10715.35,0
2021-06-16 09:59:37,10715.55,0
2021-06-16 09:59:38,10715.4,0
2021-06-16 09:59:40,10715.15,0
2021-06-16 09:59:41,10715.5,0
2021-06-16 09:59:43,10715.5,0
2021-06-16 09:59:44,10715.55,0
2021-06-16 09:59:45,10715.2,0
2021-06-16 09:59:46,10715.4,0
2021-06-16 09:59:48,10715.5,0
2021-06-16 09:59:51,10714.6,0
2021-06-16 09:59:53,10714.35,0
2021-06-16 09:59:54,10713.75,0
2021-06-16 09:59:55,10713.4,0
2021-06-16 09:59:56,10714.0,0
2021-06-16 09:59:59,10714.25,0
2021-06-16 10:00:01,10713.7,0
2021-06-16 10:00:02,10713.6,0
2021-06-16 10:00:05,10714.1,0
2021-06-16 10:00:09,10711.0,0
2021-06-16 10:00:10,10710.2,0
2021-06-16 10:00:12,10709.65,0
2021-06-16 10:00:15,10712.0,0
2021-06-16 10:00:16,10711.4,0
2021-06-16 10:00:18,10710.95,0
2021-06-16 10:00:23,10712.8,0
2021-06-16 10:00:28,10712.25,0
2021-06-16 10:00:30,10712.4,0
2021-06-16 10:00:31,10712.65,0
2021-06-16 10:00:32,10713.0,0
2021-06-16 10:00:33,10712.95,0
2021-06-16 10:00:34,10712.05,0
2021-06-16 10:00:35,10713.0,0
2021-06-16 10:00:37,10713.75,0
2021-06-16 10:00:40,10713.75,0
2021-06-16 10:00:43,10713.6,0
2021-06-16 10:00:45,10714.55,0
2021-06-16 10:00:46,10714.0,0
2021-06-16 10:00:47,10714.3,0
2021-06-16 10:00:48,10714.6,0
2021-06-16 10:00:50,10715.05,0
2021-06-16 10:00:51,10714.8,0
2021-06-16 10:00:52,10714.85,0
2021-06-16 10:00:57,10714.95,0
2021-06-16 10:00:58,10714.3,0
2021-06-16 10:01:01,10714.85,0
2021-06-16 10:01:02,10714.9,0
2021-06-16 10:01:06,10715.4,0
2021-06-16 10:01:07,10715.25,0
2021-06-16 10:01:08,10714.4,0
2021-06-16 10:01:10,10715.4,0
2021-06-16 10:01:12,10714.35,0
2021-06-16 10:01:19,10715.4,0
2021-06-16 10:01:20,10715.75,0
2021-06-16 10:01:22,10715.3,0
2021-06-16 10:01:24,10714.7,0
2021-06-16 10:01:26,10715.75,0
2021-06-16 10:01:33,10715.5,0
2021-06-16 10:01:34,10715.8,0
2021-06-16 10:01:35,10715.9,0
2021-06-16 10:01:36,10717.15,0
2021-06-16 10:01:39,10717.75,0
2021-06-16 10:01:42,10716.8,0
2021-06-16 10:01:44,10717.15,0
2021-06-16 10:01:45,10717.2,0
2021-06-16 10:01:48,10718.1,0
2021-06-16 10:01:51,10717.75,0
2021-06-16 10:01:52,10717.35,0
2021-06-16 10:01:56,10717.95,0
2021-06-16 10:01:57,10718.2,0
2021-06-16 10:01:58,10718.0,0
2021-06-16 10:01:59,10718.15,0
2021-06-16 10:02:00,10718.2,0
2021-06-16 10:02:03,10719.25,0
2021-06-16 10:02:05,10719.2,0
2021-06-16 10:02:07,10718.65,0
2021-06-16 10:02:09,10718.35,0
2021-06-16 10:02:10,10719.55,0
2021-06-16 10:02:11,10719.65,0
2021-06-16 10:02:15,10721.15,0
2021-06-16 10:02:19,10720.7,0
2021-06-16 10:02:24,10721.0,0
2021-06-16 10:02:25,10721.25,0
2021-06-16 10:02:27,10721.05,0
2021-06-16 10:02:29,10720.2,0
2021-06-16 10:02:32,10722.0,0
2021-06-16 10:02:33,10721.4,0
2021-06-16 10:02:36,10720.5,0
2021-06-16 10:02:37,10720.7,0
2021-06-16 10:02:41,10721.2,0
2021-06-16 10:02:42,10721.9,0
2021-06-16 10:02:44,10720.4,0
2021-06-16 10:02:47,10721.05,0
2021-06-16 10:02:54,10721.65,0
2021-06-16 10:02:55,10721.15,0
2021-06-16 10:02:56,10720.85,0
2021-06-16 10:02:57,10721.45,0
2021-06-16 10:02:58,10722.1,0
2021-06-16 10:03:03,10721.85,0
2021-06-16 10:03:06,10722.65,0
2021-06-16 10:03:08,10722.45,0
2021-06-16 10:03:12,10722.15,0
2021-06-16 10:03:13,10721.85,0
2021-06-16 10:03:14,10721.25,0
2021-06-16 10:03:15,10721.55,0
2021-06-16 10:03:17,10722.0,0
2021-06-16 10:03:19,10722.1,0
2021-06-16 10:03:21,10721.05,0
2021-06-16 10:03:22,10720.75,0
2021-06-16 10:03:23,10721.2,0
2021-06-16 10:03:25,10721.95,0
2021-06-16 10:03:27,10720.8,0
2021-06-16 10:03:28,10720.95,0
2021-06-16 10:03:29,10721.4,0
2021-06-16 10:03:30,10721.75,0
2021-06-16 10:03:33,10721.2,0
2021-06-16 10:03:34,10721.55,0
2021-06-16 10:03:35,10721.65,0
2021-06-16 10:03:37,10721.75,0
2021-06-16 10:03:38,10721.6,0
2021-06-16 10:03:42,10721.65,0
2021-06-16 10:03:45,10721.2,0
2021-06-16 10:03:50,10722.1,0
2021-06-16 10:03:51,10721.9,0
2021-06-16 10:03:52,10721.95,0
2021-06-16 10:03:55,10721.1,0
2021-06-16 10:03:56,10720.65,0
2021-06-16 10:03:59,10719.15,0
2021-06-16 10:04:00,10719.65,0
2021-06-16 10:04:01,10720.85,0
2021-06-16 10:04:02,10719.85,0
2021-06-16 10:04:03,10719.9,0
2021-06-16 10:04:05,10720.3,0
2021-06-16 10:04:06,10719.95,0
2021-06-16 10:04:07,10719.85,0
2021-06-16 10:04:08,10720.0,0
2021-06-16 10:04:11,10719.15,0
2021-06-16 10:04:12,10719.7,0
2021-06-16 10:04:14,10720.5,0
2021-06-16 10:04:19,10720.8,0
2021-06-16 10:04:22,10720.5,0
2021-06-16 10:04:23,10720.55,0
2021-06-16 10:04:26,10720.5,0
2021-06-16 10:04:29,10719.1,0
2021-06-16 10:04:31,10719.55,0
2021-06-16 10:04:34,10719.85,0
2021-06-16 10:04:35,10719.75,0
2021-06-16 10:04:36,10720.0,0
2021-06-16 10:04:37,10719.9,0
2021-06-16 10:04:41,10718.45,0
2021-06-16 10:04:46,10717.3,0
2021-06-16 10:04:48,10717.4,0
2021-06-16 10:04:49,10718.15,0
2021-06-16 10:04:50,10718.15,0
2021-06-16 10:04:53,10718.15,0
2021-06-16 10:04:56,10718.6,0
2021-06-16 10:04:57,10718.65,0
2021-06-16 10:04:58,10718.75,0
2021-06-16 10:04:59,10718.15,0
2021-06-16 10:05:00,10717.6,0
2021-06-16 10:05:01,10717.25,0
2021-06-16 10:05:02,10719.1,0
2021-06-16 10:05:09,10718.6,0
2021-06-16 10:05:12,10718.9,0
2021-06-16 10:05:13,10718.25,0
2021-06-16 10:05:15,10717.45,0
2021-06-16 10:05:17,10716.9,0
2021-06-16 10:05:19,10717.5,0
2021-06-16 10:05:20,10717.4,0
2021-06-16 10:05:21,10716.6,0
2021-06-16 10:05:22,10716.65,0
2021-06-16 10:05:24,10717.4,0
2021-06-16 10:05:25,10717.7,0
2021-06-16 10:05:26,10718.45,0
2021-06-16 10:05:28,10717.95,0
2021-06-16 10:05:29,10718.55,0
2021-06-16 10:05:31,10718.25,0
2021-06-16 10:05:32,10719.3,0
2021-06-16 10:05:33,10718.6,0
2021-06-16 10:05:34,10719.1,0
2021-06-16 10:05:37,10718.3,0
2021-06-16 10:05:38,10719.05,0
2021-06-16 10:05:39,10719.35,0
2021-06-16 10:05:40,10719.2,0
2021-06-16 10:05:41,10719.15,0
2021-06-16 10:05:42,10719.0,0
2021-06-16 10:05:43,10719.9,0
2021-06-16 10:05:47,10718.8,0
2021-06-16 10:05:48,10718.4,0
2021-06-16 10:05:49,10718.05,0
2021-06-16 10:05:50,10717.25,0
2021-06-16 10:05:51,10717.95,0
2021-06-16 10:05:53,10718.15,0
2021-06-16 10:05:58,10717.45,0
2021-06-16 10:05:59,10718.25,0
2021-06-16 10:06:00,10718.2,0
2021-06-16 10:06:03,10717.1,0
2021-06-16 10:06:04,10715.9,0
2021-06-16 10:06:05,10716.55,0
2021-06-16 10:06:08,10717.55,0
2021-06-16 10:06:09,10717.0,0
2021-06-16 10:06:10,10718.25,0
2021-06-16 10:06:11,10718.7,0
2021-06-16 10:06:12,10718.4,0
2021-06-16 10:06:13,10717.85,0
2021-06-16 10:06:17,10718.45,0
2021-06-16 10:06:18,10717.8,0
2021-06-16 10:06:19,10717.6,0
2021-06-16 10:06:20,10718.55,0
2021-06-16 10:06:21,10718.2,0
2021-06-16 10:06:22,10718.45,0
2021-06-16 10:06:24,10718.6,0
2021-06-16 10:06:27,10718.05,0
2021-06-16 10:06:28,10718.0,0
2021-06-16 10:06:30,10717.85,0
2021-06-16 10:06:36,10718.0,0
2021-06-16 10:06:37,10717.6,0
2021-06-16 10:06:44,10718.0,0
2021-06-16 10:06:45,10718.55,0
2021-06-16 10:06:47,10718.85,0
2021-06-16 10:06:50,10718.85,0
2021-06-16 10:06:52,10718.9,0
2021-06-16 10:06:53,10718.4,0
2021-06-16 10:06:54,10717.45,0
2021-06-16 10:06:55,10717.4,0
2021-06-16 10:06:56,10718.0,0
2021-06-16 10:06:58,10717.5,0
2021-06-16 10:07:02,10717.0,0
2021-06-16 10:07:05,10717.3,0
2021-06-16 10:07:06,10716.95,0
2021-06-16 10:07:11,10717.55,0
2021-06-16 10:07:13,10717.8,0
2021-06-16 10:07:17,10717.85,0
2021-06-16 10:07:18,10717.85,0
2021-06-16 10:07:20,10718.0,0
2021-06-16 10:07:21,10718.5,0
2021-06-16 10:07:23,10717.85,0
2021-06-16 10:07:27,10716.65,0
2021-06-16 10:07:30,10716.9,0
2021-06-16 10:07:31,10716.8,0
2021-06-16 10:07:33,10717.4,0
2021-06-16 10:07:35,10716.85,0
2021-06-16 10:07:37,10717.1,0
2021-06-16 10:07:41,10716.35,0
2021-06-16 10:07:42,10717.05,0
2021-06-16 10:07:43,10717.25,0
2021-06-16 10:07:44,10717.0,0
2021-06-16 10:07:49,10716.55,0
2021-06-16 10:07:51,10715.05,0
2021-06-16 10:07:52,10715.05,0
2021-06-16 10:07:53,10714.9,0
2021-06-16 10:07:55,10714.85,0
2021-06-16 10:07:58,10715.25,0
2021-06-16 10:08:00,10715.7,0
2021-06-16 10:08:03,10714.75,0
2021-06-16 10:08:04,10714.8,0
2021-06-16 10:08:05,10714.7,0
2021-06-16 10:08:06,10714.55,0
2021-06-16 10:08:07,10714.25,0
2021-06-16 10:08:08,10714.2,0
2021-06-16 10:08:12,10713.1,0
2021-06-16 10:08:16,10712.8,0
2021-06-16 10:08:18,10713.1,0
2021-06-16 10:08:22,10712.95,0
2021-06-16 10:08:23,10713.05,0
2021-06-16 10:08:25,10713.9,0
2021-06-16 10:08:27,10712.8,0
2021-06-16 10:08:29,10713.85,0
2021-06-16 10:08:30,10713.4,0
2021-06-16 10:08:31,10713.1,0
2021-06-16 10:08:32,10712.5,0
2021-06-16 10:08:33,10713.35,0
2021-06-16 10:08:34,10713.4,0
2021-06-16 10:08:35,10713.45,0
2021-06-16 10:08:37,10713.2,0
2021-06-16 10:08:39,10713.8,0
2021-06-16 10:08:41,10713.9,0
2021-06-16 10:08:42,10712.75,0
2021-06-16 10:08:44,10713.6,0
2021-06-16 10:08:46,10713.6,0
2021-06-16 10:08:48,10713.7,0
2021-06-16 10:08:51,10713.05,0
2021-06-16 10:08:52,10714.0,0
2021-06-16 10:08:53,10712.95,0
2021-06-16 10:08:57,10712.5,0
2021-06-16 10:08:59,10712.55,0
2021-06-16 10:09:02,10713.15,0
2021-06-16 10:09:04,10713.55,0
2021-06-16 10:09:05,10714.0,0
2021-06-16 10:09:06,10713.7,0
2021-06-16 10:09:09,10714.4,0
2021-06-16 10:09:11,10713.75,0
2021-06-16 10:09:12,10714.8,0
2021-06-16 10:09:14,10714.25,0
2021-06-16 10:09:16,10713.55,0
2021-06-16 10:09:17,10713.35,0
2021-06-16 10:09:18,10714.0,0
2021-06-16 10:09:20,10712.4,0
2021-06-16 10:09:21,10712.45,0
2021-06-16 10:09:22,10712.85,0
2021-06-16 10:09:24,10712.9,0
2021-06-16 10:09:25,10712.85,0
2021-06-16 10:09:27,10712.1,0
2021-06-16 10:09:30,10715.15,0
2021-06-16 10:09:34,10714.5,0
2021-06-16 10:09:35,10714.8,0
2021-06-16 10:09:37,10713.5,0
2021-06-16 10:09:40,10713.35,0
2021-06-16 10:09:43,10713.1,0
2021-06-16 10:09:46,10713.8,0
2021-06-16 10:09:49,10713.2,0
2021-06-16 10:09:51,10714.85,0
2021-06-16 10:09:52,10713.6,0
2021-06-16 10:09:54,10713.25,0
2021-06-16 10:09:55,10713.25,0
2021-06-16 10:09:56,10713.5,0
2021-06-16 10:09:58,10713.15,0
2021-06-16 10:10:05,10712.85,0
2021-06-16 10:10:06,10713.45,0
2021-06-16 10:10:07,10713.15,0
2021-06-16 10:10:08,10713.45,0
2021-06-16 10:10:12,10713.4,0
2021-06-16 10:10:18,10713.55,0
2021-06-16 10:10:19,10713.7,0
2021-06-16 10:10:20,10714.15,0
2021-06-16 10:10:22,10713.55,0
2021-06-16 10:10:23,10713.6,0
2021-06-16 10:10:24,10713.55,0
2021-06-16 10:10:28,10714.05,0
2021-06-16 10:10:29,10713.65,0
2021-06-16 10:10:31,10713.2,0
2021-06-16 10:10:33,10712.0,0
2021-06-16 10:10:37,10711.75,0
2021-06-16 10:10:38,10712.4,0
2021-06-16 10:10:39,10712.3,0
2021-06-16 10:10:40,10712.0,0
2021-06-16 10:10:42,10711.6,0
2021-06-16 10:10:43,10711.35,0
2021-06-16 10:10:44,10711.35,0
2021-06-16 10:10:49,10710.8,0
2021-06-16 10:10:51,10709.7,0
2021-06-16 10:10:52,10710.05,0
2021-06-16 10:10:54,10711.35,0
2021-06-16 10:10:56,10711.65,0
2021-06-16 10:11:00,10711.55,0
2021-06-16 10:11:01,10712.15,0
2021-06-16 10:11:06,10713.05,0
2021-06-16 10:11:07,10713.45,0
2021-06-16 10:11:09,10713.05,0
2021-06-16 10:11:11,10712.95,0
2021-06-16 10:11:17,10713.35,0
2021-06-16 10:11:18,10713.45,0
2021-06-16 10:11:21,10713.15,0
2021-06-16 10:11:22,10713.1,0
2021-06-16 10:11:26,10712.55,0
2021-06-16 10:11:27,10712.35,0
2021-06-16 10:11:29,10711.2,0
2021-06-16 10:11:30,10712.3,0
2021-06-16 10:11:31,10712.05,0
2021-06-16 10:11:32,10711.35,0
2021-06-16 10:11:34,10711.0,0
2021-06-16 10:11:36,10710.55,0
2021-06-16 10:11:37,10710.9,0
2021-06-16 10:11:38,10710.9,0
2021-06-16 10:11:39,10710.75,0
2021-06-16 10:11:40,10711.45,0
2021-06-16 10:11:41,10709.3,0
2021-06-16 10:11:44,10708.55,0
2021-06-16 10:11:46,10709.3,0
2021-06-16 10:11:48,10709.2,0
2021-06-16 10:11:49,10709.5,0
2021-06-16 10:11:54,10708.85,0
2021-06-16 10:11:55,10708.7,0
2021-06-16 10:11:56,10709.3,0
2021-06-16 10:11:59,10709.25,0
2021-06-16 10:12:00,10709.0,0
2021-06-16 10:12:01,10708.55,0
2021-06-16 10:12:03,10708.75,0
2021-06-16 10:12:04,10708.7,0
2021-06-16 10:12:05,10709.15,0
2021-06-16 10:12:06,10708.65,0
2021-06-16 10:12:07,10708.1,0
2021-06-16 10:12:11,10707.4,0
2021-06-16 10:12:12,10707.25,0
2021-06-16 10:12:13,10707.1,0
2021-06-16 10:12:18,10707.3,0
2021-06-16 10:12:21,10707.4,0
2021-06-16 10:12:23,10707.65,0
2021-06-16 10:12:24,10707.9,0
2021-06-16 10:12:26,10707.15,0
2021-06-16 10:12:27,10707.5,0
2021-06-16 10:12:28,10707.55,0
2021-06-16 10:12:32,10707.3,0
2021-06-16 10:12:33,10707.2,0
2021-06-16 10:12:35,10707.15,0
2021-06-16 10:12:38,10706.75,0
2021-06-16 10:12:39,10707.15,0
2021-06-16 10:12:44,10708.25,0
2021-06-16 10:12:46,10708.7,0
2021-06-16 10:12:48,10708.65,0
2021-06-16 10:12:50,10708.05,0
2021-06-16 10:12:51,10708.45,0
2021-06-16 10:12:53,10708.45,0
2021-06-16 10:12:56,10707.85,0
2021-06-16 10:12:57,10707.45,0
2021-06-16 10:12:58,10706.95,0
2021-06-16 10:13:02,10707.85,0
2021-06-16 10:13:03,10707.75,0
2021-06-16 10:13:05,10707.1,0
2021-06-16 10:13:06,10708.0,0
2021-06-16 10:13:07,10708.5,0
2021-06-16 10:13:10,10707.95,0
2021-06-16 10:13:11,10706.95,0
2021-06-16 10:13:12,10706.65,0
2021-06-16 10:13:14,10706.75,0
2021-06-16 10:13:15,10707.15,0
2021-06-16 10:13:16,10707.35,0
2021-06-16 10:13:17,10707.9,0
2021-06-16 10:13:18,10708.0,0
2021-06-16 10:13:20,10708.2,0
2021-06-16 10:13:22,10708.7,0
2021-06-16 10:13:24,10709.5,0
2021-06-16 10:13:28,10707.85,0
2021-06-16 10:13:30,10709.1,0
2021-06-16 10:13:31,10709.25,0
2021-06-16 10:13:33,10709.25,0
2021-06-16 10:13:35,10709.05,0
2021-06-16 10:13:38,10708.05,0
2021-06-16 10:13:40,10709.35,0
2021-06-16 10:13:41,10710.2,0
2021-06-16 10:13:43,10710.65,0
2021-06-16 10:13:44,10709.85,0
2021-06-16 10:13:45,10711.4,0
2021-06-16 10:13:46,10711.55,0
2021-06-16 10:13:47,10711.15,0
2021-06-16 10:13:50,10711.3,0
2021-06-16 10:13:52,10712.05,0
2021-06-16 10:13:54,10712.3,0
2021-06-16 10:13:55,10712.2,0
2021-06-16 10:13:57,10710.9,0
2021-06-16 10:13:59,10712.95,0
2021-06-16 10:14:02,10713.25,0
2021-06-16 10:14:04,10713.8,0
2021-06-16 10:14:06,10713.0,0
2021-06-16 10:14:10,10712.95,0
2021-06-16 10:14:11,10712.2,0
2021-06-16 10:14:13,10712.45,0
2021-06-16 10:14:14,10712.55,0
2021-06-16 10:14:18,10712.3,0
2021-06-16 10:14:19,10712.05,0
2021-06-16 10:14:21,10713.9,0
2021-06-16 10:14:22,10712.8,0
2021-06-16 10:14:23,10712.9,0
2021-06-16 10:14:24,10713.3,0
2021-06-16 10:14:27,10711.3,0
2021-06-16 10:14:29,10710.55,0
2021-06-16 10:14:31,10712.0,0
2021-06-16 10:14:32,10711.7,0
2021-06-16 10:14:33,10712.45,0
2021-06-16 10:14:36,10713.0,0
2021-06-16 10:14:37,10712.75,0
2021-06-16 10:14:38,10712.15,0
2021-06-16 10:14:40,10711.9,0
2021-06-16 10:14:41,10710.0,0
2021-06-16 10:14:43,10710.55,0
2021-06-16 10:14:45,10710.25,0
2021-06-16 10:14:44,10710.1,0
2021-06-16 10:14:48,10710.05,0
2021-06-16 10:14:49,10710.4,0
2021-06-16 10:14:50,10710.65,0
2021-06-16 10:14:51,10709.85,0
2021-06-16 10:14:55,10710.65,0
2021-06-16 10:14:56,10710.0,0
2021-06-16 10:14:58,10711.25,0
2021-06-16 10:15:01,10713.05,0
2021-06-16 10:15:03,10713.05,0
2021-06-16 10:15:11,10712.5,0
2021-06-16 10:15:12,10713.55,0
2021-06-16 10:15:14,10713.1,0
2021-06-16 10:15:15,10713.15,0
2021-06-16 10:15:16,10713.5,0
2021-06-16 10:15:18,10713.6,0
2021-06-16 10:15:19,10713.6,0
2021-06-16 10:15:20,10713.3,0
2021-06-16 10:15:22,10712.75,0
2021-06-16 10:15:23,10713.0,0
2021-06-16 10:15:24,10713.5,0
2021-06-16 10:15:25,10712.95,0
2021-06-16 10:15:26,10712.5,0
2021-06-16 10:15:31,10712.6,0
2021-06-16 10:15:34,10712.75,0
2021-06-16 10:15:35,10713.05,0
2021-06-16 10:15:37,10713.45,0
2021-06-16 10:15:38,10712.75,0
2021-06-16 10:15:41,10709.5,0
2021-06-16 10:15:43,10709.6,0
2021-06-16 10:15:45,10710.4,0
2021-06-16 10:15:48,10711.25,0
2021-06-16 10:15:49,10711.5,0
2021-06-16 10:15:51,10710.4,0
2021-06-16 10:15:52,10710.15,0
2021-06-16 10:15:54,10711.15,0
2021-06-16 10:15:55,10710.45,0
2021-06-16 10:15:58,10710.55,0
2021-06-16 10:16:00,10710.75,0
2021-06-16 10:16:02,10710.15,0
2021-06-16 10:16:09,10710.45,0
2021-06-16 10:16:10,10710.3,0
2021-06-16 10:16:11,10709.9,0
2021-06-16 10:16:12,10710.15,0
2021-06-16 10:16:13,10710.3,0
2021-06-16 10:16:15,10710.5,0
2021-06-16 10:16:16,10710.6,0
2021-06-16 10:16:17,10709.95,0
2021-06-16 10:16:18,10710.0,0
2021-06-16 10:16:22,10710.3,0
2021-06-16 10:16:23,10710.65,0
2021-06-16 10:16:26,10710.1,0
2021-06-16 10:16:29,10709.95,0
2021-06-16 10:16:34,10709.9,0
2021-06-16 10:16:35,10710.1,0
2021-06-16 10:16:40,10710.55,0
2021-06-16 10:16:45,10708.35,0
2021-06-16 10:16:46,10708.45,0
2021-06-16 10:16:47,10708.8,0
2021-06-16 10:16:48,10709.1,0
2021-06-16 10:16:49,10708.35,0
2021-06-16 10:16:52,10708.0,0
2021-06-16 10:16:54,10707.8,0
2021-06-16 10:16:55,10707.85,0
2021-06-16 10:16:56,10707.1,0
2021-06-16 10:16:57,10707.6,0
2021-06-16 10:16:58,10707.55,0
2021-06-16 10:17:03,10706.75,0
2021-06-16 10:17:05,10706.7,0
2021-06-16 10:17:06,10706.8,0
2021-06-16 10:17:07,10707.05,0
2021-06-16 10:17:09,10707.0,0
2021-06-16 10:17:10,10707.5,0
2021-06-16 10:17:13,10705.95,0
2021-06-16 10:17:14,10706.05,0
2021-06-16 10:17:16,10705.4,0
2021-06-16 10:17:17,10705.65,0
2021-06-16 10:17:19,10706.15,0
2021-06-16 10:17:20,10705.75,0
2021-06-16 10:17:22,10705.55,0
2021-06-16 10:17:23,10705.5,0
2021-06-16 10:17:25,10706.3,0
2021-06-16 10:17:26,10705.85,0
2021-06-16 10:17:27,10706.35,0
2021-06-16 10:17:28,10706.7,0
2021-06-16 10:17:29,10706.65,0
2021-06-16 10:17:30,10706.8,0
2021-06-16 10:17:31,10706.7,0
2021-06-16 10:17:33,10707.2,0
2021-06-16 10:17:34,10707.3,0
2021-06-16 10:17:35,10707.15,0
2021-06-16 10:17:36,10707.1,0
2021-06-16 10:17:37,10707.65,0
2021-06-16 10:17:39,10707.55,0
2021-06-16 10:17:40,10707.9,0
2021-06-16 10:17:42,10707.65,0
2021-06-16 10:17:46,10708.6,0
2021-06-16 10:17:47,10708.5,0
2021-06-16 10:17:48,10708.25,0
2021-06-16 10:17:49,10708.15,0
2021-06-16 10:17:50,10708.2,0
2021-06-16 10:17:56,10709.5,0
2021-06-16 10:17:57,10709.1,0
2021-06-16 10:17:58,10708.95,0
2021-06-16 10:17:59,10708.0,0
2021-06-16 10:18:00,10708.1,0
2021-06-16 10:18:02,10707.9,0
2021-06-16 10:18:03,10707.75,0
2021-06-16 10:18:04,10708.1,0
2021-06-16 10:18:06,10708.1,0
2021-06-16 10:18:09,10707.35,0
2021-06-16 10:18:11,10708.25,0
2021-06-16 10:18:14,10708.45,0
2021-06-16 10:18:18,10708.95,0
2021-06-16 10:18:21,10707.85,0
2021-06-16 10:18:22,10708.05,0
2021-06-16 10:18:24,10708.45,0
2021-06-16 10:18:26,10708.5,0
2021-06-16 10:18:27,10707.9,0
2021-06-16 10:18:30,10708.05,0
2021-06-16 10:18:31,10709.2,0
2021-06-16 10:18:32,10708.6,0
2021-06-16 10:18:34,10709.15,0
2021-06-16 10:18:36,10709.95,0
2021-06-16 10:18:38,10709.75,0
2021-06-16 10:18:41,10708.65,0
2021-06-16 10:18:45,10708.95,0
2021-06-16 10:18:47,10709.65,0
2021-06-16 10:18:48,10708.55,0
2021-06-16 10:18:50,10709.15,0
2021-06-16 10:18:52,10708.2,0
2021-06-16 10:19:00,10708.25,0
2021-06-16 10:19:04,10708.35,0
2021-06-16 10:19:09,10708.2,0
2021-06-16 10:19:10,10708.55,0
2021-06-16 10:19:11,10707.95,0
2021-06-16 10:19:12,10707.7,0
2021-06-16 10:19:13,10707.7,0
2021-06-16 10:19:17,10707.4,0
2021-06-16 10:19:18,10707.6,0
2021-06-16 10:19:20,10706.95,0
2021-06-16 10:19:23,10707.95,0
2021-06-16 10:19:26,10708.0,0
2021-06-16 10:19:27,10707.55,0
2021-06-16 10:19:28,10707.2,0
2021-06-16 10:19:29,10707.25,0
2021-06-16 10:19:31,10708.05,0
2021-06-16 10:19:32,10707.75,0
2021-06-16 10:19:35,10707.55,0
2021-06-16 10:19:36,10707.8,0
2021-06-16 10:19:38,10707.7,0
2021-06-16 10:19:39,10707.85,0
2021-06-16 10:19:40,10707.65,0
2021-06-16 10:19:43,10706.9,0
2021-06-16 10:19:44,10707.15,0
2021-06-16 10:19:47,10707.3,0
2021-06-16 10:19:49,10707.05,0
2021-06-16 10:19:50,10707.15,0
2021-06-16 10:19:51,10707.05,0
2021-06-16 10:19:55,10705.8,0
2021-06-16 10:19:56,10705.75,0
2021-06-16 10:19:57,10706.5,0
2021-06-16 10:19:59,10706.7,0
2021-06-16 10:20:00,10707.05,0
2021-06-16 10:20:02,10705.4,0
2021-06-16 10:20:03,10705.0,0
2021-06-16 10:20:04,10704.85,0
2021-06-16 10:20:05,10704.85,0
2021-06-16 10:20:09,10705.45,0
2021-06-16 10:20:10,10706.1,0
2021-06-16 10:20:11,10705.95,0
2021-06-16 10:20:12,10705.6,0
2021-06-16 10:20:14,10705.1,0
2021-06-16 10:20:15,10705.4,0
2021-06-16 10:20:16,10705.45,0
2021-06-16 10:20:17,10705.7,0
2021-06-16 10:20:19,10705.2,0
2021-06-16 10:20:20,10704.8,0
2021-06-16 10:20:21,10705.0,0
2021-06-16 10:20:23,10704.85,0
2021-06-16 10:20:27,10704.5,0
2021-06-16 10:20:28,10704.85,0
2021-06-16 10:20:31,10705.2,0
2021-06-16 10:20:34,10706.55,0
2021-06-16 10:20:35,10706.65,0
2021-06-16 10:20:38,10705.5,0
2021-06-16 10:20:39,10705.7,0
2021-06-16 10:20:40,10706.2,0
2021-06-16 10:20:41,10706.95,0
2021-06-16 10:20:42,10707.75,0
2021-06-16 10:20:43,10706.35,0
2021-06-16 10:20:45,10707.65,0
2021-06-16 10:20:48,10707.25,0
2021-06-16 10:20:50,10707.0,0
2021-06-16 10:20:51,10706.85,0
2021-06-16 10:20:53,10706.9,0
2021-06-16 10:20:54,10707.2,0
2021-06-16 10:20:55,10707.5,0
2021-06-16 10:20:56,10706.45,0
2021-06-16 10:20:57,10706.65,0
2021-06-16 10:21:02,10706.0,0
2021-06-16 10:21:04,10705.95,0
2021-06-16 10:21:07,10705.7,0
2021-06-16 10:21:08,10705.45,0
2021-06-16 10:21:09,10705.15,0
2021-06-16 10:21:10,10705.2,0
2021-06-16 10:21:12,10704.85,0
2021-06-16 10:21:15,10705.4,0
2021-06-16 10:21:16,10703.8,0
2021-06-16 10:21:17,10703.5,0
2021-06-16 10:21:20,10703.45,0
2021-06-16 10:21:25,10704.1,0
2021-06-16 10:21:26,10702.75,0
2021-06-16 10:21:29,10702.85,0
2021-06-16 10:21:31,10702.7,0
2021-06-16 10:21:36,10702.05,0
2021-06-16 10:21:37,10702.0,0
2021-06-16 10:21:39,10701.95,0
2021-06-16 10:21:40,10701.95,0
2021-06-16 10:21:41,10700.9,0
2021-06-16 10:21:43,10700.85,0
2021-06-16 10:21:44,10700.3,0
2021-06-16 10:21:46,10701.35,0
2021-06-16 10:21:48,10700.65,0
2021-06-16 10:21:49,10700.1,0
2021-06-16 10:21:51,10699.65,0
2021-06-16 10:21:52,10699.75,0
2021-06-16 10:21:53,10700.35,0
2021-06-16 10:21:54,10699.75,0
2021-06-16 10:21:55,10699.85,0
2021-06-16 10:22:00,10698.45,0
2021-06-16 10:22:01,10699.05,0
2021-06-16 10:22:06,10699.1,0
2021-06-16 10:22:07,10699.3,0
2021-06-16 10:22:09,10699.75,0
2021-06-16 10:22:10,10700.15,0
2021-06-16 10:22:12,10699.7,0
2021-06-16 10:22:13,10699.5,0
2021-06-16 10:22:16,10699.05,0
2021-06-16 10:22:17,10699.45,0
2021-06-16 10:22:18,10700.4,0
2021-06-16 10:22:21,10699.85,0
2021-06-16 10:22:22,10699.75,0
2021-06-16 10:22:26,10697.4,0
2021-06-16 10:22:27,10697.2,0
2021-06-16 10:22:29,10698.8,0
2021-06-16 10:22:31,10699.6,0
2021-06-16 10:22:37,10699.35,0
2021-06-16 10:22:39,10698.95,0
2021-06-16 10:22:42,10698.5,0
2021-06-16 10:22:43,10698.1,0
2021-06-16 10:22:49,10698.7,0
2021-06-16 10:22:50,10698.95,0
2021-06-16 10:37:35,10697.15,0
2021-06-16 10:37:39,10698.55,0
2021-06-16 10:37:42,10697.5,0
2021-06-16 10:37:44,10696.55,0
2021-06-16 10:37:47,10695.7,0
2021-06-16 10:37:48,10696.7,0
2021-06-16 10:37:50,10696.85,0
2021-06-16 10:37:51,10695.75,0
2021-06-16 10:37:56,10696.8,0
2021-06-16 10:37:57,10696.85,0
2021-06-16 10:37:58,10697.05,0
2021-06-16 10:37:59,10696.9,0
2021-06-16 10:38:02,10697.3,0
2021-06-16 10:38:04,10697.2,0
2021-06-16 10:38:07,10699.4,0
2021-06-16 10:38:08,10699.25,0
2021-06-16 10:38:10,10700.05,0
2021-06-16 10:38:11,10699.8,0
2021-06-16 10:38:12,10698.75,0
2021-06-16 10:38:13,10698.9,0
2021-06-16 10:38:14,10699.1,0
2021-06-16 10:38:17,10698.8,0
2021-06-16 10:38:18,10698.8,0
2021-06-16 10:38:19,10699.25,0
2021-06-16 10:38:22,10699.8,0
2021-06-16 10:38:24,10699.65,0
2021-06-16 10:38:26,10700.0,0
2021-06-16 10:38:28,10699.55,0
2021-06-16 10:38:30,10700.2,0
2021-06-16 10:38:31,10700.55,0
2021-06-16 10:38:32,10700.35,0
2021-06-16 10:38:33,10700.9,0
2021-06-16 10:38:34,10701.35,0
2021-06-16 10:38:35,10700.85,0
2021-06-16 10:38:36,10700.75,0
2021-06-16 10:38:37,10701.05,0
2021-06-16 10:38:38,10701.0,0
2021-06-16 10:38:41,10700.7,0
2021-06-16 10:38:45,10700.3,0
2021-06-16 10:38:46,10700.3,0
2021-06-16 10:38:47,10699.6,0
2021-06-16 10:38:48,10700.3,0
2021-06-16 10:38:49,10700.7,0
2021-06-16 10:38:50,10700.2,0
2021-06-16 10:38:51,10700.25,0
2021-06-16 10:38:52,10700.65,0
2021-06-16 10:38:53,10699.7,0
2021-06-16 10:38:57,10699.6,0
2021-06-16 10:38:58,10699.7,0
2021-06-16 10:38:59,10699.55,0
2021-06-16 10:39:04,10699.7,0
2021-06-16 10:39:06,10700.0,0
2021-06-16 10:39:07,10699.9,0
2021-06-16 10:39:08,10699.9,0
2021-06-16 10:39:10,10700.75,0
2021-06-16 10:39:11,10699.55,0
2021-06-16 10:39:14,10701.15,0
2021-06-16 10:39:16,10700.0,0
2021-06-16 10:39:17,10700.95,0
2021-06-16 10:39:18,10701.1,0
2021-06-16 10:39:19,10701.0,0
2021-06-16 10:39:21,10700.6,0
2021-06-16 10:39:22,10699.95,0
2021-06-16 10:39:24,10699.85,0
2021-06-16 10:39:25,10699.9,0
2021-06-16 10:39:26,10698.6,0
2021-06-16 10:39:28,10698.8,0
2021-06-16 10:39:29,10699.15,0
2021-06-16 10:39:31,10700.7,0
2021-06-16 10:39:32,10700.05,0
2021-06-16 10:39:34,10700.1,0
2021-06-16 10:39:35,10700.3,0
2021-06-16 10:39:38,10701.45,0
2021-06-16 10:39:40,10701.95,0
2021-06-16 10:39:45,10700.65,0
2021-06-16 10:39:46,10700.7,0
2021-06-16 10:39:47,10699.85,0
2021-06-16 10:39:48,10700.2,0
2021-06-16 10:39:49,10700.2,0
2021-06-16 10:39:53,10699.7,0
2021-06-16 10:39:57,10699.45,0
2021-06-16 10:39:58,10699.8,0
2021-06-16 10:40:02,10698.55,0
2021-06-16 10:40:04,10697.75,0
2021-06-16 10:40:06,10697.75,0
2021-06-16 10:40:07,10697.85,0
2021-06-16 10:40:12,10695.0,0
2021-06-16 10:40:16,10695.95,0
2021-06-16 10:40:17,10696.2,0
2021-06-16 10:40:18,10695.2,0
2021-06-16 10:40:19,10695.05,0
2021-06-16 10:40:20,10695.7,0
2021-06-16 10:40:28,10694.95,0
2021-06-16 10:40:33,10695.85,0
2021-06-16 10:40:34,10695.65,0
2021-06-16 10:40:35,10696.05,0
2021-06-16 10:40:37,10695.25,0
2021-06-16 10:40:40,10695.35,0
2021-06-16 10:40:41,10696.35,0
2021-06-16 10:40:44,10696.15,0
2021-06-16 10:40:47,10695.75,0
2021-06-16 10:40:48,10695.75,0
2021-06-16 10:40:50,10696.8,0
2021-06-16 10:40:51,10696.75,0
2021-06-16 10:40:54,10696.4,0
2021-06-16 10:40:58,10697.25,0
2021-06-16 10:41:00,10696.75,0
2021-06-16 10:41:04,10696.0,0
2021-06-16 10:41:08,10696.85,0
2021-06-16 10:41:10,10696.3,0
2021-06-16 10:41:12,10696.25,0
2021-06-16 10:41:14,10697.0,0
2021-06-16 10:41:15,10698.85,0
2021-06-16 10:41:16,10698.55,0
2021-06-16 10:41:17,10698.85,0
2021-06-16 10:41:21,10698.3,0
2021-06-16 10:41:25,10699.3,0
2021-06-16 10:41:26,10699.15,0
2021-06-16 10:41:27,10699.45,0
2021-06-16 10:41:32,10699.15,0
2021-06-16 10:41:36,10698.95,0
2021-06-16 10:41:38,10699.55,0
2021-06-16 10:41:39,10699.8,0
2021-06-16 10:41:40,10699.4,0
2021-06-16 10:41:42,10697.9,0
2021-06-16 10:41:43,10698.65,0
2021-06-16 10:41:47,10698.55,0
2021-06-16 10:41:48,10699.1,0
2021-06-16 10:41:49,10699.1,0
2021-06-16 10:41:50,10698.9,0
2021-06-16 10:41:51,10698.0,0
2021-06-16 10:41:53,10698.3,0
2021-06-16 10:41:55,10696.95,0
2021-06-16 10:41:56,10696.2,0
2021-06-16 10:41:57,10697.2,0
2021-06-16 10:42:00,10696.95,0
2021-06-16 10:42:04,10696.7,0
2021-06-16 10:42:05,10696.5,0
2021-06-16 10:42:06,10696.8,0
2021-06-16 10:42:09,10696.85,0
2021-06-16 10:42:10,10697.9,0
2021-06-16 10:42:11,10695.8,0
2021-06-16 10:42:13,10696.5,0
2021-06-16 10:42:15,10696.4,0
2021-06-16 10:42:17,10696.45,0
2021-06-16 10:42:19,10696.2,0
2021-06-16 10:42:20,10696.65,0
2021-06-16 10:42:23,10696.1,0
2021-06-16 10:42:25,10695.9,0
2021-06-16 10:42:28,10696.4,0
2021-06-16 10:42:30,10694.85,0
2021-06-16 10:42:34,10694.25,0
2021-06-16 10:42:36,10695.25,0
2021-06-16 10:42:37,10696.15,0
2021-06-16 10:42:38,10696.15,0
2021-06-16 10:42:42,10695.45,0
2021-06-16 10:42:43,10696.8,0
2021-06-16 10:42:44,10695.7,0
2021-06-16 10:42:45,10696.4,0
2021-06-16 10:42:46,10696.15,0
2021-06-16 10:42:47,10696.3,0
2021-06-16 10:42:48,10695.9,0
2021-06-16 10:42:50,10696.55,0
2021-06-16 10:42:51,10696.4,0
2021-06-16 10:42:52,10696.3,0
2021-06-16 10:42:53,10696.35,0
2021-06-16 10:42:54,10696.4,0
2021-06-16 10:42:55,10696.75,0
2021-06-16 10:42:57,10698.2,0
2021-06-16 10:42:58,10698.6,0
2021-06-16 10:43:01,10698.35,0
2021-06-16 10:43:02,10697.85,0
2021-06-16 10:43:03,10699.0,0
2021-06-16 10:43:04,10698.65,0
2021-06-16 10:43:08,10699.5,0
2021-06-16 10:43:10,10699.0,0
2021-06-16 10:43:12,10698.2,0
2021-06-16 10:43:13,10698.0,0
2021-06-16 10:43:17,10699.05,0
2021-06-16 10:43:18,10698.9,0
2021-06-16 10:43:19,10699.4,0
2021-06-16 10:43:20,10700.85,0
2021-06-16 10:43:21,10700.2,0
2021-06-16 10:43:22,10700.3,0
2021-06-16 10:43:23,10701.05,0
2021-06-16 10:43:24,10700.5,0
2021-06-16 10:43:25,10701.45,0
2021-06-16 10:43:26,10700.2,0
2021-06-16 10:43:27,10701.5,0
2021-06-16 10:43:28,10701.4,0
2021-06-16 10:43:30,10702.05,0
2021-06-16 10:43:31,10701.4,0
2021-06-16 10:43:33,10701.35,0
2021-06-16 10:43:35,10700.8,0
2021-06-16 10:43:36,10701.0,0
2021-06-16 10:43:38,10701.4,0
2021-06-16 10:43:40,10701.75,0
2021-06-16 10:43:41,10701.4,0
2021-06-16 10:43:42,10701.1,0
2021-06-16 10:43:43,10700.95,0
2021-06-16 10:43:44,10701.1,0
2021-06-16 10:43:45,10700.85,0
2021-06-16 10:43:46,10701.2,0
2021-06-16 10:43:47,10701.4,0
2021-06-16 10:43:50,10702.15,0
2021-06-16 10:43:51,10702.65,0
2021-06-16 10:43:55,10702.5,0
2021-06-16 10:43:58,10702.9,0
2021-06-16 10:44:01,10702.3,0
2021-06-16 10:44:02,10702.5,0
2021-06-16 10:44:04,10702.75,0
2021-06-16 10:44:07,10702.7,0
2021-06-16 10:44:08,10703.3,0
2021-06-16 10:44:11,10703.75,0
2021-06-16 10:44:12,10703.65,0
2021-06-16 10:44:15,10703.8,0
2021-06-16 10:44:16,10704.65,0
2021-06-16 10:44:17,10704.6,0
2021-06-16 10:44:18,10703.55,0
2021-06-16 10:44:19,10704.2,0
2021-06-16 10:44:20,10704.0,0
2021-06-16 10:44:23,10703.8,0
2021-06-16 10:44:24,10704.35,0
2021-06-16 10:44:25,10704.4,0
2021-06-16 10:44:26,10703.2,0
2021-06-16 10:44:31,10702.8,0
2021-06-16 10:44:32,10703.2,0
2021-06-16 10:44:33,10703.15,0
2021-06-16 10:44:34,10703.15,0
2021-06-16 10:44:35,10703.65,0
2021-06-16 10:44:36,10703.65,0
2021-06-16 10:44:37,10703.5,0
2021-06-16 10:44:39,10703.5,0
2021-06-16 10:44:40,10703.45,0
2021-06-16 10:44:43,10703.85,0
2021-06-16 10:44:44,10703.85,0
2021-06-16 10:44:45,10704.0,0
2021-06-16 10:44:46,10704.3,0
2021-06-16 10:44:47,10703.6,0
2021-06-16 10:44:48,10704.15,0
2021-06-16 10:44:49,10704.05,0
2021-06-16 10:44:53,10704.05,0
2021-06-16 10:44:54,10703.55,0
2021-06-16 10:44:56,10703.5,0
2021-06-16 10:44:58,10703.25,0
2021-06-16 10:45:03,10702.55,0
2021-06-16 10:45:07,10703.75,0
2021-06-16 10:45:08,10703.15,0
2021-06-16 10:45:09,10703.0,0
2021-06-16 10:45:10,10703.65,0
2021-06-16 10:45:11,10703.3,0
2021-06-16 10:45:13,10702.8,0
2021-06-16 10:45:15,10703.35,0
2021-06-16 10:45:17,10704.1,0
2021-06-16 10:45:18,10704.2,0
2021-06-16 10:45:19,10703.7,0
2021-06-16 10:45:20,10703.45,0
2021-06-16 10:45:21,10703.05,0
2021-06-16 10:45:22,10702.35,0
2021-06-16 10:45:23,10702.75,0
2021-06-16 10:45:25,10702.65,0
2021-06-16 10:45:27,10702.3,0
2021-06-16 11:03:09,10668.6,0
2021-06-16 11:03:11,10669.45,0
2021-06-16 11:03:13,10668.05,0
2021-06-16 11:03:15,10668.4,0
2021-06-16 11:03:16,10668.2,0
2021-06-16 11:03:17,10668.45,0
2021-06-16 11:03:18,10668.85,0
2021-06-16 11:03:20,10668.7,0
2021-06-16 11:03:21,10669.0,0
2021-06-16 11:03:22,10668.65,0
2021-06-16 11:03:24,10669.9,0
2021-06-16 11:03:25,10671.1,0
2021-06-16 11:03:26,10671.5,0
2021-06-16 11:03:27,10671.35,0
2021-06-16 11:03:31,10672.6,0
2021-06-16 11:03:33,10671.65,0
2021-06-16 11:03:36,10671.5,0
2021-06-16 11:03:37,10673.1,0
2021-06-16 11:03:47,10673.8,0
2021-06-16 11:03:50,10673.25,0
2021-06-16 11:03:51,10672.45,0
2021-06-16 11:03:52,10672.9,0
2021-06-16 11:03:53,10673.15,0
2021-06-16 11:03:56,10672.3,0
2021-06-16 11:03:57,10673.0,0
2021-06-16 11:03:58,10671.85,0
2021-06-16 11:04:01,10673.0,0
2021-06-16 11:04:03,10671.15,0
2021-06-16 11:04:05,10673.1,0
2021-06-16 11:04:07,10671.35,0
2021-06-16 11:04:08,10670.15,0
2021-06-16 11:04:10,10671.25,0
2021-06-16 11:04:11,10670.35,0
2021-06-16 11:04:13,10670.45,0
2021-06-16 11:04:15,10671.45,0
2021-06-16 11:04:18,10672.35,0
2021-06-16 11:04:20,10672.1,0
2021-06-16 11:04:25,10672.25,0
2021-06-16 11:04:28,10672.4,0
2021-06-16 11:04:29,10672.4,0
2021-06-16 11:04:31,10671.9,0
2021-06-16 11:04:33,10672.5,0
2021-06-16 11:04:39,10673.45,0
2021-06-16 11:04:40,10673.8,0
2021-06-16 11:04:42,10674.15,0
2021-06-16 11:04:43,10673.25,0
2021-06-16 11:04:44,10674.35,0
2021-06-16 11:04:45,10675.75,0
2021-06-16 11:04:47,10674.5,0
2021-06-16 11:04:48,10674.4,0
2021-06-16 11:04:50,10674.55,0
2021-06-16 11:04:52,10674.5,0
2021-06-16 11:04:55,10674.3,0
2021-06-16 11:04:59,10674.15,0
2021-06-16 11:05:00,10674.2,0
2021-06-16 11:05:02,10674.75,0
2021-06-16 11:05:04,10675.8,0
2021-06-16 11:05:05,10676.35,0
2021-06-16 11:05:07,10675.9,0
2021-06-16 11:05:10,10677.25,0
2021-06-16 11:05:11,10676.8,0
2021-06-16 11:05:12,10675.35,0
2021-06-16 11:05:13,10676.1,0
2021-06-16 11:05:14,10677.15,0
2021-06-16 11:05:15,10676.55,0
2021-06-16 11:05:19,10675.45,0
2021-06-16 11:05:20,10675.5,0
2021-06-16 11:05:21,10676.7,0
2021-06-16 11:05:22,10677.8,0
2021-06-16 11:05:23,10677.45,0
2021-06-16 11:05:24,10677.2,0
2021-06-16 11:05:25,10678.0,0
2021-06-16 11:05:26,10676.95,0
2021-06-16 11:05:32,10679.6,0
2021-06-16 11:05:33,10679.6,0
2021-06-16 11:05:38,10683.75,0
2021-06-16 11:05:39,10684.8,0
2021-06-16 11:05:47,10688.2,0
2021-06-16 11:05:49,10688.2,0
2021-06-16 11:05:54,10688.3,0
2021-06-16 11:05:58,10689.05,0
2021-06-16 11:05:59,10687.85,0
2021-06-16 11:06:01,10688.65,0
2021-06-16 11:06:02,10689.0,0
2021-06-16 11:06:03,10688.85,0
2021-06-16 11:06:04,10688.7,0
2021-06-16 11:06:05,10688.85,0
2021-06-16 11:06:06,10688.3,0
2021-06-16 11:06:08,10689.25,0
2021-06-16 11:06:11,10688.95,0
2021-06-16 11:06:12,10688.0,0
2021-06-16 11:06:13,10688.9,0
2021-06-16 11:06:14,10689.1,0
2021-06-16 11:06:15,10689.65,0
2021-06-16 11:06:16,10691.15,0
2021-06-16 11:06:17,10690.4,0
2021-06-16 11:06:18,10691.1,0
2021-06-16 11:06:22,10689.85,0
2021-06-16 11:06:23,10691.1,0
2021-06-16 11:06:24,10690.8,0
2021-06-16 11:06:25,10690.2,0
2021-06-16 11:06:27,10689.05,0
2021-06-16 11:06:28,10689.2,0
2021-06-16 11:06:29,10689.65,0
2021-06-16 11:06:31,10688.95,0
2021-06-16 11:06:32,10689.5,0
2021-06-16 11:06:33,10689.75,0
2021-06-16 11:06:34,10690.0,0
2021-06-16 11:06:37,10691.3,0
2021-06-16 11:06:38,10690.95,0
2021-06-16 11:06:41,10693.55,0
2021-06-16 11:06:43,10692.65,0
2021-06-16 11:06:44,10692.6,0
2021-06-16 11:06:47,10693.8,0
2021-06-16 11:06:48,10694.45,0
2021-06-16 11:06:52,10693.75,0
2021-06-16 11:06:53,10694.0,0
2021-06-16 11:06:54,10694.65,0
2021-06-16 11:06:55,10695.55,0
2021-06-16 11:06:56,10696.35,0
2021-06-16 11:06:58,10696.6,0
2021-06-16 11:07:00,10697.0,0
2021-06-16 11:07:02,10698.15,0
2021-06-16 11:07:04,10699.95,0
2021-06-16 11:07:05,10700.6,0
2021-06-16 11:07:07,10701.25,0
2021-06-16 11:07:08,10701.25,0
2021-06-16 11:07:09,10700.5,0
2021-06-16 11:07:10,10701.1,0
2021-06-16 11:07:11,10701.3,0
2021-06-16 11:07:17,10696.45,0
2021-06-16 11:07:18,10697.85,0
2021-06-16 11:07:20,10697.5,0
2021-06-16 11:07:24,10697.8,0
2021-06-16 11:07:25,10697.1,0
2021-06-16 11:07:27,10697.1,0
2021-06-16 11:07:28,10697.3,0
2021-06-16 11:07:29,10696.8,0
2021-06-16 11:07:30,10696.3,0
2021-06-16 11:07:31,10696.3,0
2021-06-16 11:07:34,10695.45,0
2021-06-16 11:07:36,10694.65,0
2021-06-16 11:07:37,10694.7,0
2021-06-16 11:07:39,10694.65,0
2021-06-16 11:07:40,10695.85,0
2021-06-16 11:07:42,10695.35,0
2021-06-16 11:07:43,10694.85,0
2021-06-16 11:07:48,10694.3,0
2021-06-16 11:07:50,10694.05,0
2021-06-16 11:07:53,10692.85,0
2021-06-16 11:07:55,10693.3,0
2021-06-16 11:07:56,10692.15,0
2021-06-16 11:07:57,10691.7,0
2021-06-16 11:07:58,10693.1,0
2021-06-16 11:08:02,10693.2,0
2021-06-16 11:08:03,10694.15,0
2021-06-16 11:08:05,10693.6,0
2021-06-16 11:08:06,10692.8,0
2021-06-16 11:08:07,10693.35,0
2021-06-16 11:08:09,10693.5,0
2021-06-16 11:20:21,10712.6,0
2021-06-16 11:20:22,10712.1,0
2021-06-16 11:20:23,10712.55,0
2021-06-16 11:20:24,10712.85,0
2021-06-16 11:38:54,10721.2,0
2021-06-16 11:38:56,10720.3,0
2021-06-16 11:38:57,10720.3,0
2021-06-16 11:38:58,10720.2,0
2021-06-16 11:38:59,10720.15,0
2021-06-16 11:39:02,10720.2,0
2021-06-16 11:39:03,10719.85,0
2021-06-16 11:39:05,10720.2,0
2021-06-16 11:39:06,10719.95,0
2021-06-16 11:39:07,10720.9,0
2021-06-16 11:39:10,10720.0,0
2021-06-16 11:39:13,10719.0,0
2021-06-16 11:39:14,10718.5,0
2021-06-16 11:39:17,10720.4,0
2021-06-16 11:39:19,10720.3,0
2021-06-16 11:39:20,10719.15,0
2021-06-16 11:39:21,10719.1,0
2021-06-16 11:39:23,10719.0,0
2021-06-16 11:39:24,10718.8,0
2021-06-16 11:39:25,10719.55,0
2021-06-16 11:39:26,10719.35,0
2021-06-16 11:39:28,10718.9,0
2021-06-16 11:39:31,10719.55,0
2021-06-16 11:39:32,10719.45,0
2021-06-16 11:39:33,10719.4,0
2021-06-16 11:39:35,10718.45,0
2021-06-16 11:39:40,10719.2,0
2021-06-16 11:39:41,10718.9,0
2021-06-16 11:39:42,10718.5,0
2021-06-16 11:39:43,10718.0,0
2021-06-16 11:39:44,10718.2,0
2021-06-16 11:39:45,10718.95,0
2021-06-16 11:39:48,10718.25,0
2021-06-16 11:39:49,10717.95,0
2021-06-16 11:39:50,10717.85,0
2021-06-16 11:39:51,10718.15,0
2021-06-16 11:39:52,10716.95,0
2021-06-16 11:39:56,10718.75,0
2021-06-16 11:39:57,10718.15,0
2021-06-16 11:40:01,10719.4,0
2021-06-16 11:40:03,10718.75,0
2021-06-16 11:40:04,10719.95,0
2021-06-16 11:40:05,10719.1,0
2021-06-16 11:40:06,10718.65,0
2021-06-16 11:40:07,10718.3,0
2021-06-16 11:40:09,10718.75,0
2021-06-16 11:40:11,10719.3,0
2021-06-16 11:40:13,10718.85,0
2021-06-16 11:40:16,10718.5,0
2021-06-16 11:40:18,10718.95,0
2021-06-16 11:40:19,10718.55,0
2021-06-16 11:40:21,10718.4,0
2021-06-16 11:40:22,10718.35,0
2021-06-16 11:40:24,10718.85,0
2021-06-16 11:40:26,10719.4,0
2021-06-16 11:40:28,10719.15,0
2021-06-16 11:40:30,10718.55,0
2021-06-16 11:40:31,10718.55,0
2021-06-16 11:40:33,10719.05,0
2021-06-16 11:40:34,10719.0,0
2021-06-16 11:40:35,10718.7,0
2021-06-16 11:40:36,10719.2,0
2021-06-16 11:40:37,10719.55,0
2021-06-16 11:40:39,10718.7,0
2021-06-16 11:40:40,10718.4,0
2021-06-16 11:40:41,10719.2,0
2021-06-16 11:40:42,10719.05,0
2021-06-16 11:40:43,10719.55,0
2021-06-16 11:40:44,10719.55,0
2021-06-16 11:40:45,10719.2,0
2021-06-16 11:40:48,10719.5,0
2021-06-16 11:40:49,10719.8,0
2021-06-16 11:40:52,10719.2,0
2021-06-16 11:40:53,10718.9,0
2021-06-16 11:40:54,10718.6,0
2021-06-16 11:40:55,10717.95,0
2021-06-16 11:40:56,10718.3,0
2021-06-16 11:40:58,10718.65,0
2021-06-16 11:40:59,10718.05,0
2021-06-16 11:41:01,10718.7,0
2021-06-16 11:41:03,10718.55,0
2021-06-16 11:41:04,10718.75,0
2021-06-16 11:41:05,10718.4,0
2021-06-16 11:41:06,10718.55,0
2021-06-16 11:41:07,10717.25,0
2021-06-16 11:41:13,10717.9,0
2021-06-16 11:41:14,10718.9,0
2021-06-16 11:41:15,10718.75,0
2021-06-16 11:41:16,10718.9,0
2021-06-16 11:41:17,10717.9,0
2021-06-16 11:41:19,10717.0,0
2021-06-16 11:41:21,10718.8,0
2021-06-16 11:41:22,10717.35,0
2021-06-16 11:41:23,10717.2,0
2021-06-16 11:41:25,10718.0,0
2021-06-16 11:41:26,10717.85,0
2021-06-16 11:41:27,10717.25,0
2021-06-16 11:41:28,10717.15,0
2021-06-16 11:41:29,10717.35,0
2021-06-16 11:41:32,10716.6,0
2021-06-16 11:41:36,10716.45,0
2021-06-16 11:41:37,10715.75,0
2021-06-16 11:41:38,10716.4,0
2021-06-16 11:41:39,10715.9,0
2021-06-16 11:41:40,10717.0,0
2021-06-16 11:41:41,10717.1,0
2021-06-16 11:41:42,10716.4,0
2021-06-16 11:41:44,10717.5,0
2021-06-16 11:41:45,10717.55,0
2021-06-16 11:41:46,10717.5,0
2021-06-16 11:41:49,10717.7,0
2021-06-16 11:41:51,10718.1,0
2021-06-16 11:41:52,10717.15,0
2021-06-16 11:41:53,10717.55,0
2021-06-16 11:41:54,10717.0,0
2021-06-16 11:41:55,10717.1,0
2021-06-16 11:41:56,10716.65,0
2021-06-16 11:41:57,10716.75,0
2021-06-16 11:42:00,10716.45,0
2021-06-16 11:42:01,10715.95,0
2021-06-16 11:42:02,10716.75,0
2021-06-16 11:42:04,10716.75,0
2021-06-16 11:42:05,10716.0,0
2021-06-16 11:42:06,10715.8,0
2021-06-16 11:42:07,10715.75,0
2021-06-16 11:42:09,10716.15,0
2021-06-16 11:42:11,10715.9,0
2021-06-16 11:42:13,10716.15,0
2021-06-16 11:42:14,10715.5,0
2021-06-16 11:42:15,10715.4,0
2021-06-16 11:42:16,10715.9,0
2021-06-16 11:42:18,10715.25,0
2021-06-16 11:42:21,10717.15,0
2021-06-16 11:42:23,10716.45,0
2021-06-16 11:42:25,10715.8,0
2021-06-16 11:42:30,10714.95,0
2021-06-16 11:42:34,10715.4,0
2021-06-16 11:42:36,10714.95,0
2021-06-16 11:42:37,10714.2,0
2021-06-16 11:42:38,10714.35,0
2021-06-16 11:42:39,10713.75,0
2021-06-16 11:42:40,10713.75,0
2021-06-16 11:42:41,10713.45,0
2021-06-16 11:42:43,10713.75,0
2021-06-16 11:42:45,10715.2,0
2021-06-16 11:42:47,10715.4,0
2021-06-16 11:42:49,10715.85,0
2021-06-16 11:42:52,10715.25,0
2021-06-16 11:42:53,10715.55,0
2021-06-16 11:42:54,10715.45,0
2021-06-16 11:42:55,10716.8,0
2021-06-16 11:43:00,10718.45,0
2021-06-16 11:43:01,10720.5,0
2021-06-16 11:43:03,10720.35,0
2021-06-16 11:43:06,10721.85,0
2021-06-16 11:43:10,10721.45,0
2021-06-16 11:43:11,10721.4,0
2021-06-16 11:43:13,10720.6,0
2021-06-16 11:43:14,10721.2,0
2021-06-16 11:43:17,10720.3,0
2021-06-16 11:43:19,10720.35,0
2021-06-16 11:43:20,10720.05,0
2021-06-16 11:43:21,10720.6,0
2021-06-16 11:43:22,10719.85,0
2021-06-16 11:43:23,10720.2,0
2021-06-16 11:43:25,10720.6,0
2021-06-16 11:43:27,10720.5,0
2021-06-16 11:43:28,10720.15,0
2021-06-16 11:43:29,10720.6,0
2021-06-16 11:43:31,10721.4,0
2021-06-16 11:43:32,10720.55,0
2021-06-16 11:43:33,10721.7,0
2021-06-16 11:43:34,10721.55,0
2021-06-16 11:43:35,10723.55,0
2021-06-16 11:43:36,10723.6,0
2021-06-16 11:43:37,10723.25,0
2021-06-16 11:43:38,10723.1,0
2021-06-16 11:43:39,10723.55,0
2021-06-16 11:43:40,10724.1,0
2021-06-16 11:43:41,10723.95,0
2021-06-16 11:43:44,10721.8,0
2021-06-16 11:43:47,10723.35,0
2021-06-16 11:43:48,10723.25,0
2021-06-16 11:43:49,10722.75,0
2021-06-16 11:43:51,10722.35,0
2021-06-16 11:43:53,10722.9,0
2021-06-16 11:43:55,10722.2,0
2021-06-16 11:43:57,10722.55,0
2021-06-16 11:43:58,10722.1,0
2021-06-16 11:43:59,10721.6,0
2021-06-16 11:44:01,10722.25,0
2021-06-16 11:44:02,10722.35,0
2021-06-16 11:44:03,10722.15,0
2021-06-16 11:44:04,10722.55,0
2021-06-16 11:44:05,10722.5,0
2021-06-16 11:44:07,10722.25,0
2021-06-16 11:44:09,10722.0,0
2021-06-16 11:44:11,10722.4,0
2021-06-16 11:44:15,10722.55,0
2021-06-16 11:44:16,10721.8,0
2021-06-16 11:44:17,10722.95,0
2021-06-16 11:44:18,10722.1,0
2021-06-16 11:44:19,10721.4,0
2021-06-16 11:44:20,10721.8,0
2021-06-16 11:44:22,10720.75,0
2021-06-16 11:44:30,10721.55,0
2021-06-16 11:44:31,10721.1,0
2021-06-16 11:44:32,10721.3,0
2021-06-16 11:44:33,10720.9,0
2021-06-16 11:44:34,10720.9,0
2021-06-16 11:44:35,10721.8,0
2021-06-16 11:44:37,10722.05,0
2021-06-16 11:44:39,10722.1,0
2021-06-16 11:44:41,10722.6,0
2021-06-16 11:44:43,10721.95,0
2021-06-16 11:44:44,10721.9,0
2021-06-16 11:44:47,10722.55,0
2021-06-16 11:44:48,10723.2,0
2021-06-16 11:44:50,10723.1,0
2021-06-16 11:44:51,10722.8,0
2021-06-16 11:44:52,10722.15,0
2021-06-16 11:44:53,10722.55,0
2021-06-16 11:44:57,10722.25,0
2021-06-16 11:44:58,10723.0,0
2021-06-16 11:44:59,10722.6,0
2021-06-16 11:45:00,10723.8,0
2021-06-16 11:45:02,10721.15,0
2021-06-16 11:45:04,10722.5,0
2021-06-16 11:45:06,10722.5,0
2021-06-16 11:45:07,10720.95,0
2021-06-16 11:45:11,10721.6,0
2021-06-16 11:45:12,10720.75,0
2021-06-16 11:45:13,10720.5,0
2021-06-16 11:45:15,10720.75,0
2021-06-16 11:45:17,10721.2,0
2021-06-16 11:45:20,10722.1,0
2021-06-16 11:45:21,10721.55,0
2021-06-16 11:45:22,10721.35,0
2021-06-16 11:45:24,10719.75,0
2021-06-16 11:45:26,10721.4,0
2021-06-16 11:45:27,10721.25,0
2021-06-16 11:45:28,10720.9,0
2021-06-16 11:45:30,10720.2,0
2021-06-16 11:45:31,10720.4,0
2021-06-16 11:45:32,10719.3,0
2021-06-16 11:45:33,10719.85,0
2021-06-16 11:45:35,10720.1,0
2021-06-16 11:45:36,10719.05,0
2021-06-16 11:45:37,10719.15,0
2021-06-16 11:45:39,10719.6,0
2021-06-16 11:45:40,10720.35,0
2021-06-16 11:45:41,10720.55,0
2021-06-16 11:45:42,10719.85,0
2021-06-16 11:45:45,10720.65,0
2021-06-16 11:45:46,10720.3,0
2021-06-16 11:45:49,10719.85,0
2021-06-16 11:45:50,10720.25,0
2021-06-16 11:45:51,10721.05,0
2021-06-16 11:45:53,10721.75,0
2021-06-16 11:45:54,10722.0,0
2021-06-16 11:45:56,10722.5,0
2021-06-16 11:45:57,10721.95,0
2021-06-16 11:45:58,10723.0,0
2021-06-16 11:46:00,10722.65,0
2021-06-16 11:46:01,10723.2,0
2021-06-16 11:46:02,10721.8,0
2021-06-16 11:46:04,10722.3,0
2021-06-16 11:46:07,10721.5,0
2021-06-16 11:46:10,10722.0,0
2021-06-16 11:46:13,10722.45,0
2021-06-16 11:46:18,10722.85,0
2021-06-16 11:46:22,10722.35,0
2021-06-16 11:46:23,10723.05,0
2021-06-16 11:46:24,10722.35,0
2021-06-16 11:46:25,10722.75,0
2021-06-16 11:46:27,10723.1,0
2021-06-16 11:46:28,10723.55,0
2021-06-16 11:46:30,10723.15,0
2021-06-16 11:46:31,10723.2,0
2021-06-16 11:46:33,10722.5,0
2021-06-16 11:46:34,10722.9,0
2021-06-16 11:46:35,10722.8,0
2021-06-16 11:46:36,10722.8,0
2021-06-16 11:46:37,10722.5,0
2021-06-16 11:46:39,10723.1,0
2021-06-16 11:46:43,10723.05,0
2021-06-16 11:46:46,10722.6,0
2021-06-16 11:46:48,10722.45,0
2021-06-16 11:46:51,10721.15,0
2021-06-16 11:46:52,10721.15,0
2021-06-16 11:46:53,10721.4,0
2021-06-16 11:46:54,10721.55,0
2021-06-16 11:46:56,10722.2,0
2021-06-16 11:46:58,10721.55,0
2021-06-16 11:47:00,10721.45,0
2021-06-16 11:47:01,10722.15,0
2021-06-16 11:47:02,10721.25,0
2021-06-16 11:47:03,10721.95,0
2021-06-16 11:47:05,10722.1,0
2021-06-16 11:47:07,10722.4,0
2021-06-16 11:47:08,10722.45,0
2021-06-16 11:47:09,10722.2,0
2021-06-16 11:47:10,10721.95,0
2021-06-16 11:47:11,10722.6,0
2021-06-16 11:47:12,10722.1,0
2021-06-16 11:47:14,10722.1,0
2021-06-16 11:47:15,10722.85,0
2021-06-16 11:47:16,10721.65,0
2021-06-16 11:47:17,10721.7,0
2021-06-16 11:47:19,10721.5,0
2021-06-16 11:47:22,10721.55,0
2021-06-16 11:47:24,10720.85,0
2021-06-16 11:47:26,10722.8,0
2021-06-16 11:47:28,10722.05,0
2021-06-16 11:47:29,10721.65,0
2021-06-16 11:47:30,10721.5,0
2021-06-16 11:47:34,10723.3,0
2021-06-16 11:47:35,10723.3,0
2021-06-16 11:47:38,10722.7,0
2021-06-16 11:47:40,10725.05,0
2021-06-16 11:47:41,10724.8,0
2021-06-16 11:47:45,10724.15,0
2021-06-16 11:47:46,10724.5,0
2021-06-16 11:47:47,10724.1,0
2021-06-16 11:47:50,10724.25,0
2021-06-16 11:47:51,10725.05,0
2021-06-16 11:47:52,10723.7,0
2021-06-16 11:47:55,10726.6,0
2021-06-16 11:47:56,10725.7,0
2021-06-16 11:47:57,10725.15,0
2021-06-16 11:47:58,10725.0,0
2021-06-16 11:47:59,10724.85,0
2021-06-16 11:48:00,10726.25,0
2021-06-16 11:48:01,10726.6,0
2021-06-16 11:48:02,10727.2,0
2021-06-16 11:48:06,10727.55,0
2021-06-16 11:48:10,10727.4,0
2021-06-16 11:48:12,10726.55,0
2021-06-16 11:48:14,10727.4,0
2021-06-16 11:48:16,10727.35,0
2021-06-16 11:48:18,10727.15,0
2021-06-16 11:48:19,10727.65,0
2021-06-16 11:48:20,10728.0,0
2021-06-16 11:48:21,10728.25,0
2021-06-16 11:48:25,10727.45,0
2021-06-16 11:48:27,10727.45,0
2021-06-16 11:48:28,10727.7,0
2021-06-16 11:48:31,10727.0,0
2021-06-16 11:48:33,10726.65,0
2021-06-16 11:48:34,10726.6,0
2021-06-16 11:48:35,10727.1,0
2021-06-16 11:48:37,10727.1,0
2021-06-16 11:48:38,10726.55,0
2021-06-16 11:48:40,10727.8,0
2021-06-16 11:48:42,10726.25,0
2021-06-16 11:48:43,10726.5,0
2021-06-16 11:48:44,10726.1,0
2021-06-16 11:48:45,10726.7,0
2021-06-16 11:48:47,10726.05,0
2021-06-16 11:48:48,10726.6,0
2021-06-16 11:48:49,10727.75,0
2021-06-16 11:48:50,10728.05,0
2021-06-16 11:48:51,10727.65,0
2021-06-16 11:48:52,10725.75,0
2021-06-16 11:48:53,10727.3,0
2021-06-16 11:48:54,10727.1,0
2021-06-16 11:48:56,10727.05,0
2021-06-16 11:48:57,10726.3,0
2021-06-16 11:48:58,10726.3,0
2021-06-16 11:49:01,10725.6,0
2021-06-16 11:49:02,10725.65,0
2021-06-16 11:49:04,10725.5,0
2021-06-16 11:49:05,10725.95,0
2021-06-16 11:49:07,10726.1,0
2021-06-16 11:49:08,10725.9,0
2021-06-16 11:49:10,10726.95,0
2021-06-16 11:49:11,10726.6,0
2021-06-16 11:49:12,10726.0,0
2021-06-16 11:49:15,10726.55,0
2021-06-16 11:49:16,10727.15,0
2021-06-16 11:49:17,10726.75,0
2021-06-16 11:49:19,10726.05,0
2021-06-16 11:49:20,10726.1,0
2021-06-16 11:49:21,10726.3,0
2021-06-16 11:49:23,10726.45,0
2021-06-16 11:49:24,10726.4,0
2021-06-16 11:49:27,10726.1,0
2021-06-16 11:49:28,10726.35,0
2021-06-16 11:49:29,10726.85,0
2021-06-16 11:49:30,10726.4,0
2021-06-16 11:49:31,10726.8,0
2021-06-16 11:49:32,10726.35,0
2021-06-16 11:49:34,10726.95,0
2021-06-16 11:49:36,10727.05,0
2021-06-16 11:49:37,10726.95,0
2021-06-16 11:49:38,10727.35,0
2021-06-16 11:49:39,10726.6,0
2021-06-16 11:49:40,10727.3,0
2021-06-16 11:49:41,10726.85,0
2021-06-16 11:49:42,10726.6,0
2021-06-16 11:49:46,10726.5,0
2021-06-16 11:49:49,10725.25,0
2021-06-16 11:49:50,10725.9,0
2021-06-16 11:49:52,10725.95,0
2021-06-16 11:49:54,10725.3,0
2021-06-16 11:49:54,10725.3,0
2021-06-16 11:49:56,10726.35,0
2021-06-16 11:49:57,10726.1,0
2021-06-16 11:49:56,10726.35,0
2021-06-16 11:50:00,10726.45,0
2021-06-16 11:49:57,10726.1,0
2021-06-16 11:50:01,10726.55,0
2021-06-16 11:50:00,10726.45,0
2021-06-16 11:50:01,10726.55,0
2021-06-16 11:50:02,10726.75,0
2021-06-16 11:50:02,10726.75,0
2021-06-16 11:50:03,10726.7,0
2021-06-16 11:50:03,10726.7,0
2021-06-16 11:50:04,10726.8,0
2021-06-16 11:50:04,10726.8,0
2021-06-16 11:50:05,10726.85,0
2021-06-16 11:50:05,10726.85,0
2021-06-16 11:50:07,10725.9,0
2021-06-16 11:50:07,10725.9,0
2021-06-16 11:50:09,10725.55,0
2021-06-16 11:50:09,10725.55,0
2021-06-16 11:50:11,10725.75,0
2021-06-16 11:50:11,10725.75,0
2021-06-16 11:50:12,10725.75,0
2021-06-16 11:50:12,10725.75,0
2021-06-16 11:50:14,10726.25,0
2021-06-16 11:50:14,10726.25,0
2021-06-16 11:50:15,10726.8,0
2021-06-16 11:50:15,10726.8,0
2021-06-16 11:50:16,10726.35,0
2021-06-16 11:50:17,10726.1,0
2021-06-16 11:50:16,10726.35,0
2021-06-16 11:50:17,10726.1,0
2021-06-16 11:50:18,10727.15,0
2021-06-16 11:50:19,10727.3,0
2021-06-16 11:50:18,10727.15,0
2021-06-16 11:50:19,10727.3,0
2021-06-16 11:50:22,10727.35,0
2021-06-16 11:50:23,10727.55,0
2021-06-16 11:50:22,10727.35,0
2021-06-16 11:50:24,10728.5,0
2021-06-16 11:50:23,10727.55,0
2021-06-16 11:50:25,10729.8,0
2021-06-16 11:50:24,10728.5,0
2021-06-16 11:50:25,10729.8,0
2021-06-16 11:50:31,10730.4,0
2021-06-16 11:50:31,10730.4,0
2021-06-16 11:50:32,10729.2,0
2021-06-16 11:50:33,10729.25,0
2021-06-16 11:50:32,10729.2,0
2021-06-16 11:50:35,10729.4,0
2021-06-16 11:50:33,10729.25,0
2021-06-16 11:50:38,10731.05,0
2021-06-16 11:50:39,10730.25,0
2021-06-16 11:50:35,10729.4,0
2021-06-16 11:50:42,10731.0,0
2021-06-16 11:50:38,10731.05,0
2021-06-16 11:50:39,10730.25,0
2021-06-16 11:50:45,10730.15,0
2021-06-16 11:50:42,10731.0,0
2021-06-16 11:50:46,10731.15,0
2021-06-16 11:50:47,10731.3,0
2021-06-16 11:50:45,10730.15,0
2021-06-16 11:50:46,10731.15,0
2021-06-16 11:50:48,10730.6,0
2021-06-16 11:50:47,10731.3,0
2021-06-16 11:50:50,10731.25,0
2021-06-16 11:50:48,10730.6,0
2021-06-16 11:50:51,10731.0,0
2021-06-16 11:50:50,10731.25,0
2021-06-16 11:50:53,10730.9,0
2021-06-16 11:50:55,10730.95,0
2021-06-16 11:50:56,10732.65,0
2021-06-16 11:50:51,10731.0,0
2021-06-16 11:50:57,10732.05,0
2021-06-16 11:50:53,10730.9,0
2021-06-16 11:51:00,10731.6,0
2021-06-16 11:50:55,10730.95,0
2021-06-16 11:51:01,10731.5,0
2021-06-16 11:50:56,10732.65,0
2021-06-16 11:51:02,10731.3,0
2021-06-16 11:50:57,10732.05,0
2021-06-16 11:51:00,10731.6,0
2021-06-16 11:51:03,10732.35,0
2021-06-16 11:51:01,10731.5,0
2021-06-16 11:51:04,10732.7,0
2021-06-16 11:51:06,10732.4,0
2021-06-16 11:51:02,10731.3,0
2021-06-16 11:51:03,10732.35,0
2021-06-16 11:51:04,10732.7,0
2021-06-16 11:51:06,10732.4,0
2021-06-16 11:51:11,10732.75,0
2021-06-16 11:51:14,10732.6,0
2021-06-16 11:51:15,10732.8,0
2021-06-16 11:51:11,10732.75,0
2021-06-16 11:51:18,10732.75,0
2021-06-16 11:51:14,10732.6,0
2021-06-16 11:51:15,10732.8,0
2021-06-16 11:51:20,10732.55,0
2021-06-16 11:51:18,10732.75,0
2021-06-16 11:51:21,10731.85,0
2021-06-16 11:51:20,10732.55,0
2021-06-16 11:51:22,10731.25,0
2021-06-16 11:51:21,10731.85,0
2021-06-16 11:51:22,10731.25,0
2021-06-16 11:51:26,10733.25,0
2021-06-16 11:51:26,10733.25,0
2021-06-16 11:51:27,10732.7,0
2021-06-16 11:51:27,10732.7,0
2021-06-16 11:51:28,10733.0,0
2021-06-16 11:51:28,10733.0,0
2021-06-16 11:51:30,10732.8,0
2021-06-16 11:51:30,10732.8,0
2021-06-16 11:51:31,10732.2,0
2021-06-16 11:51:31,10732.2,0
2021-06-16 11:51:32,10732.7,0
2021-06-16 11:51:33,10732.95,0
2021-06-16 11:51:32,10732.7,0
2021-06-16 11:51:33,10732.95,0
2021-06-16 11:51:36,10734.05,0
2021-06-16 11:51:36,10734.05,0
2021-06-16 11:51:38,10734.2,0
2021-06-16 11:51:38,10734.2,0
2021-06-16 11:51:39,10733.7,0
2021-06-16 11:51:39,10733.7,0
2021-06-16 11:51:41,10735.4,0
2021-06-16 11:51:41,10735.4,0
2021-06-16 11:51:42,10733.75,0
2021-06-16 11:51:42,10733.75,0
2021-06-16 11:51:44,10734.7,0
2021-06-16 11:51:44,10734.7,0
2021-06-16 11:51:45,10734.95,0
2021-06-16 11:51:46,10735.1,0
2021-06-16 11:51:45,10734.95,0
2021-06-16 11:51:46,10735.1,0
2021-06-16 11:51:47,10735.15,0
2021-06-16 11:51:47,10735.15,0
2021-06-16 11:51:48,10734.8,0
2021-06-16 11:51:49,10735.15,0
2021-06-16 11:51:48,10734.8,0
2021-06-16 11:51:49,10735.15,0
2021-06-16 11:51:51,10735.8,0
2021-06-16 11:51:51,10735.8,0
2021-06-16 11:51:54,10735.2,0
2021-06-16 11:51:54,10735.2,0
2021-06-16 11:51:58,10735.2,0
2021-06-16 11:52:00,10735.65,0
2021-06-16 11:51:58,10735.2,0
2021-06-16 11:52:00,10735.65,0
2021-06-16 11:52:05,10736.65,0
2021-06-16 11:52:05,10736.65,0
2021-06-16 11:52:06,10737.85,0
2021-06-16 11:52:06,10737.85,0
2021-06-16 11:52:08,10736.65,0
2021-06-16 11:52:08,10736.65,0
2021-06-16 11:52:11,10737.15,0
2021-06-16 11:52:12,10736.9,0
2021-06-16 11:52:13,10736.3,0
2021-06-16 11:52:11,10737.15,0
2021-06-16 11:52:14,10736.45,0
2021-06-16 11:52:12,10736.9,0
2021-06-16 11:52:13,10736.3,0
2021-06-16 11:52:14,10736.45,0
2021-06-16 11:52:16,10737.05,0
2021-06-16 11:52:17,10737.8,0
2021-06-16 11:52:16,10737.05,0
2021-06-16 11:52:17,10737.8,0
2021-06-16 11:52:18,10737.15,0
2021-06-16 11:52:18,10737.15,0
2021-06-16 11:52:19,10737.85,0
2021-06-16 11:52:19,10737.85,0
2021-06-16 11:52:21,10737.3,0
2021-06-16 11:52:21,10737.3,0
2021-06-16 11:52:22,10737.35,0
2021-06-16 11:52:23,10738.5,0
2021-06-16 11:52:22,10737.35,0
2021-06-16 11:52:24,10737.45,0
2021-06-16 11:52:23,10738.5,0
2021-06-16 11:52:28,10737.8,0
2021-06-16 11:52:29,10737.55,0
2021-06-16 11:52:24,10737.45,0
2021-06-16 11:52:31,10736.7,0
2021-06-16 11:52:28,10737.8,0
2021-06-16 11:52:35,10737.4,0
2021-06-16 11:52:29,10737.55,0
2021-06-16 11:52:37,10737.85,0
2021-06-16 11:52:31,10736.7,0
2021-06-16 11:52:35,10737.4,0
2021-06-16 11:52:40,10738.55,0
2021-06-16 11:52:41,10738.75,0
2021-06-16 11:52:42,10738.65,0
2021-06-16 11:52:37,10737.85,0
2021-06-16 11:52:44,10740.45,0
2021-06-16 11:52:40,10738.55,0
2021-06-16 11:52:41,10738.75,0
2021-06-16 11:52:42,10738.65,0
2021-06-16 11:52:46,10741.55,0
2021-06-16 11:52:47,10741.35,0
2021-06-16 11:52:48,10741.0,0
2021-06-16 11:52:44,10740.45,0
2021-06-16 11:52:50,10741.45,0
2021-06-16 11:52:52,10740.8,0
2021-06-16 11:52:54,10739.85,0
2021-06-16 11:52:55,10740.5,0
2021-06-16 11:52:46,10741.55,0
2021-06-16 11:52:56,10740.35,0
2021-06-16 11:52:47,10741.35,0
2021-06-16 11:52:48,10741.0,0
2021-06-16 11:52:57,10740.6,0
2021-06-16 11:52:50,10741.45,0
2021-06-16 11:52:52,10740.8,0
2021-06-16 11:52:59,10740.25,0
2021-06-16 11:53:00,10739.75,0
2021-06-16 11:52:54,10739.85,0
2021-06-16 11:52:55,10740.5,0
2021-06-16 11:53:03,10739.45,0
2021-06-16 11:52:56,10740.35,0
2021-06-16 11:52:57,10740.6,0
2021-06-16 11:53:05,10740.3,0
2021-06-16 11:52:59,10740.25,0
2021-06-16 11:53:00,10739.75,0
2021-06-16 11:53:06,10739.3,0
2021-06-16 11:53:08,10738.8,0
2021-06-16 11:53:03,10739.45,0
2021-06-16 11:53:09,10739.55,0
2021-06-16 11:53:05,10740.3,0
2021-06-16 11:53:11,10738.4,0
2021-06-16 11:53:12,10738.5,0
2021-06-16 11:53:06,10739.3,0
2021-06-16 11:53:08,10738.8,0
2021-06-16 11:53:16,10739.3,0
2021-06-16 11:53:17,10739.3,0
2021-06-16 11:53:09,10739.55,0
2021-06-16 11:53:18,10739.0,0
2021-06-16 11:53:19,10738.85,0
2021-06-16 11:53:11,10738.4,0
2021-06-16 11:53:12,10738.5,0
2021-06-16 11:53:21,10738.65,0
2021-06-16 11:53:22,10737.95,0
2021-06-16 11:53:23,10738.0,0
2021-06-16 11:53:16,10739.3,0
2021-06-16 11:53:24,10738.35,0
2021-06-16 11:53:25,10738.25,0
2021-06-16 11:53:17,10739.3,0
2021-06-16 11:53:18,10739.0,0
2021-06-16 11:53:19,10738.85,0
2021-06-16 11:53:27,10739.05,0
2021-06-16 11:53:28,10738.45,0
2021-06-16 11:53:21,10738.65,0
2021-06-16 11:53:29,10738.95,0
2021-06-16 11:53:22,10737.95,0
2021-06-16 11:53:31,10739.2,0
2021-06-16 11:53:23,10738.0,0
2021-06-16 11:53:24,10738.35,0
2021-06-16 11:53:33,10739.3,0
2021-06-16 11:53:25,10738.25,0
2021-06-16 11:53:27,10739.05,0
2021-06-16 11:53:35,10738.85,0
2021-06-16 11:53:28,10738.45,0
2021-06-16 11:53:29,10738.95,0
2021-06-16 11:53:39,10736.6,0
2021-06-16 11:53:31,10739.2,0
2021-06-16 11:53:33,10739.3,0
2021-06-16 11:53:35,10738.85,0
2021-06-16 11:53:44,10737.65,0
2021-06-16 11:53:45,10737.9,0
2021-06-16 11:53:39,10736.6,0
2021-06-16 11:53:47,10737.55,0
2021-06-16 11:53:48,10737.6,0
2021-06-16 11:53:50,10736.8,0
2021-06-16 11:53:51,10736.65,0
2021-06-16 11:53:44,10737.65,0
2021-06-16 11:53:45,10737.9,0
2021-06-16 11:53:47,10737.55,0
2021-06-16 11:53:48,10737.6,0
2021-06-16 11:53:56,10736.95,0
2021-06-16 11:53:57,10736.8,0
2021-06-16 11:53:58,10736.2,0
2021-06-16 11:53:50,10736.8,0
2021-06-16 11:53:51,10736.65,0
2021-06-16 11:54:01,10738.9,0
2021-06-16 11:54:03,10739.05,0
2021-06-16 11:53:56,10736.95,0
2021-06-16 11:53:57,10736.8,0
2021-06-16 11:54:04,10739.3,0
2021-06-16 11:53:58,10736.2,0
2021-06-16 11:54:06,10738.8,0
2021-06-16 11:54:01,10738.9,0
2021-06-16 11:54:07,10738.9,0
2021-06-16 11:54:08,10738.8,0
2021-06-16 11:54:10,10738.55,0
2021-06-16 11:54:11,10738.8,0
2021-06-16 11:54:03,10739.05,0
2021-06-16 11:54:04,10739.3,0
2021-06-16 11:54:06,10738.8,0
2021-06-16 11:54:14,10738.95,0
2021-06-16 11:54:15,10738.9,0
2021-06-16 11:54:07,10738.9,0
2021-06-16 11:54:08,10738.8,0
2021-06-16 11:54:16,10739.6,0
2021-06-16 11:54:17,10738.65,0
2021-06-16 11:54:10,10738.55,0
2021-06-16 11:54:18,10739.2,0
2021-06-16 11:54:11,10738.8,0
2021-06-16 11:54:19,10738.55,0
2021-06-16 11:54:20,10739.5,0
2021-06-16 11:54:14,10738.95,0
2021-06-16 11:54:15,10738.9,0
2021-06-16 11:54:23,10738.15,0
2021-06-16 11:54:25,10738.5,0
2021-06-16 11:54:16,10739.6,0
2021-06-16 11:54:17,10738.65,0
2021-06-16 11:54:26,10738.3,0
2021-06-16 11:54:27,10738.8,0
2021-06-16 11:54:18,10739.2,0
2021-06-16 11:54:19,10738.55,0
2021-06-16 11:54:30,10738.05,0
2021-06-16 11:54:31,10737.2,0
2021-06-16 11:54:20,10739.5,0
2021-06-16 11:54:23,10738.15,0
2021-06-16 11:54:32,10737.0,0
2021-06-16 11:54:25,10738.5,0
2021-06-16 11:54:26,10738.3,0
2021-06-16 11:54:27,10738.8,0
2021-06-16 11:54:34,10737.1,0
2021-06-16 11:54:35,10736.9,0
2021-06-16 11:54:36,10737.05,0
2021-06-16 11:54:30,10738.05,0
2021-06-16 11:54:31,10737.2,0
2021-06-16 11:54:38,10737.25,0
2021-06-16 11:54:39,10736.65,0
2021-06-16 11:54:32,10737.0,0
2021-06-16 11:54:34,10737.1,0
2021-06-16 11:54:35,10736.9,0
2021-06-16 11:54:41,10737.45,0
2021-06-16 11:54:42,10735.55,0
2021-06-16 11:54:36,10737.05,0
2021-06-16 11:54:44,10736.95,0
2021-06-16 11:54:38,10737.25,0
2021-06-16 11:54:39,10736.65,0
2021-06-16 11:54:47,10735.05,0
2021-06-16 11:54:41,10737.45,0
2021-06-16 11:54:42,10735.55,0
2021-06-16 11:54:44,10736.95,0
2021-06-16 11:54:47,10735.05,0
2021-06-16 11:54:50,10736.8,0
2021-06-16 11:54:52,10735.3,0
2021-06-16 11:54:50,10736.8,0
2021-06-16 11:54:55,10734.85,0
2021-06-16 11:54:52,10735.3,0
2021-06-16 11:54:56,10734.65,0
2021-06-16 11:54:55,10734.85,0
2021-06-16 11:54:56,10734.65,0
2021-06-16 11:54:59,10734.65,0
2021-06-16 11:54:59,10734.65,0
2021-06-16 11:55:00,10734.8,0
2021-06-16 11:55:00,10734.8,0
2021-06-16 11:55:07,10735.15,0
2021-06-16 11:55:07,10735.15,0
2021-06-16 11:55:10,10736.1,0
2021-06-16 11:55:12,10735.6,0
2021-06-16 11:55:10,10736.1,0
2021-06-16 11:55:14,10736.65,0
2021-06-16 11:55:15,10735.5,0
2021-06-16 11:55:12,10735.6,0
2021-06-16 11:55:14,10736.65,0
2021-06-16 11:55:15,10735.5,0
2021-06-16 11:55:17,10735.6,0
2021-06-16 11:55:17,10735.6,0
2021-06-16 11:55:19,10734.95,0
2021-06-16 11:55:20,10734.95,0
2021-06-16 11:55:19,10734.95,0
2021-06-16 11:55:21,10735.5,0
2021-06-16 11:55:20,10734.95,0
2021-06-16 11:55:21,10735.5,0
2021-06-16 11:55:22,10734.95,0
2021-06-16 11:55:22,10734.95,0
2021-06-16 11:55:23,10734.75,0
2021-06-16 11:55:23,10734.75,0
2021-06-16 11:55:24,10734.65,0
2021-06-16 11:55:25,10734.9,0
2021-06-16 11:55:26,10735.3,0
2021-06-16 11:55:24,10734.65,0
2021-06-16 11:55:28,10734.95,0
2021-06-16 11:55:25,10734.9,0
2021-06-16 11:55:30,10736.4,0
2021-06-16 11:55:26,10735.3,0
2021-06-16 11:55:32,10734.9,0
2021-06-16 11:55:28,10734.95,0
2021-06-16 11:55:33,10735.25,0
2021-06-16 11:55:30,10736.4,0
2021-06-16 11:55:34,10735.95,0
2021-06-16 11:55:32,10734.9,0
2021-06-16 11:55:38,10735.35,0
2021-06-16 11:55:39,10736.1,0
2021-06-16 11:55:33,10735.25,0
2021-06-16 11:55:34,10735.95,0
2021-06-16 11:55:41,10735.65,0
2021-06-16 11:55:38,10735.35,0
2021-06-16 11:55:39,10736.1,0
2021-06-16 11:55:41,10735.65,0
2021-06-16 11:55:47,10737.1,0
2021-06-16 11:55:49,10738.55,0
2021-06-16 11:55:47,10737.1,0
2021-06-16 11:55:51,10738.55,0
2021-06-16 11:55:49,10738.55,0
2021-06-16 11:55:54,10739.1,0
2021-06-16 11:55:51,10738.55,0
2021-06-16 11:55:54,10739.1,0
2021-06-16 11:55:56,10739.8,0
2021-06-16 11:55:57,10741.15,0
2021-06-16 11:55:56,10739.8,0
2021-06-16 11:55:57,10741.15,0
2021-06-16 11:56:00,10744.4,0
2021-06-16 11:56:01,10744.25,0
2021-06-16 11:56:00,10744.4,0
2021-06-16 11:56:01,10744.25,0
2021-06-16 11:56:02,10743.45,0
2021-06-16 11:56:02,10743.45,0
2021-06-16 11:56:04,10744.45,0
2021-06-16 11:56:04,10744.45,0
2021-06-16 11:56:09,10743.0,0
2021-06-16 11:56:10,10743.9,0
2021-06-16 11:56:11,10743.15,0
2021-06-16 11:56:09,10743.0,0
2021-06-16 11:56:10,10743.9,0
2021-06-16 11:56:11,10743.15,0
2021-06-16 11:56:15,10743.45,0
2021-06-16 11:56:15,10743.45,0
2021-06-16 11:56:16,10744.1,0
2021-06-16 11:56:16,10744.1,0
2021-06-16 11:56:17,10743.5,0
2021-06-16 11:56:17,10743.5,0
2021-06-16 11:56:20,10743.65,0
2021-06-16 11:56:20,10743.65,0
2021-06-16 11:56:23,10743.6,0
2021-06-16 11:56:24,10743.3,0
2021-06-16 11:56:23,10743.6,0
2021-06-16 11:56:24,10743.3,0
2021-06-16 11:56:25,10742.45,0
2021-06-16 11:56:25,10742.45,0
2021-06-16 11:56:27,10743.7,0
2021-06-16 11:56:27,10743.7,0
2021-06-16 11:56:30,10743.5,0
2021-06-16 11:56:30,10743.5,0
2021-06-16 11:56:31,10743.65,0
2021-06-16 11:56:31,10743.65,0
2021-06-16 11:56:35,10743.6,0
2021-06-16 11:56:35,10743.6,0
2021-06-16 11:56:37,10743.2,0
2021-06-16 11:56:37,10743.2,0
2021-06-16 11:56:39,10742.45,0
2021-06-16 11:56:40,10743.3,0
2021-06-16 11:56:39,10742.45,0
2021-06-16 11:56:41,10741.95,0
2021-06-16 11:56:40,10743.3,0
2021-06-16 11:56:42,10742.4,0
2021-06-16 11:56:43,10742.7,0
2021-06-16 11:56:45,10743.85,0
2021-06-16 11:56:46,10743.25,0
2021-06-16 11:56:41,10741.95,0
2021-06-16 11:56:42,10742.4,0
2021-06-16 11:56:43,10742.7,0
2021-06-16 11:56:47,10743.65,0
2021-06-16 11:56:48,10743.85,0
2021-06-16 11:56:49,10743.85,0
2021-06-16 11:56:45,10743.85,0
2021-06-16 11:56:50,10744.6,0
2021-06-16 11:56:46,10743.25,0
2021-06-16 11:56:47,10743.65,0
2021-06-16 11:56:51,10743.35,0
2021-06-16 11:56:48,10743.85,0
2021-06-16 11:56:52,10743.85,0
2021-06-16 11:56:53,10744.35,0
2021-06-16 11:56:49,10743.85,0
2021-06-16 11:56:50,10744.6,0
2021-06-16 11:56:54,10744.7,0
2021-06-16 11:56:55,10745.4,0
2021-06-16 11:56:56,10745.2,0
2021-06-16 11:56:51,10743.35,0
2021-06-16 11:56:52,10743.85,0
2021-06-16 11:56:53,10744.35,0
2021-06-16 11:56:54,10744.7,0
2021-06-16 11:56:55,10745.4,0
2021-06-16 11:56:59,10744.85,0
2021-06-16 11:57:00,10745.05,0
2021-06-16 11:56:56,10745.2,0
2021-06-16 11:57:01,10744.85,0
2021-06-16 11:56:59,10744.85,0
2021-06-16 11:57:04,10744.5,0
2021-06-16 11:57:00,10745.05,0
2021-06-16 11:57:06,10744.25,0
2021-06-16 11:57:01,10744.85,0
2021-06-16 11:57:08,10744.95,0
2021-06-16 11:57:09,10745.0,0
2021-06-16 11:57:04,10744.5,0
2021-06-16 11:57:10,10745.25,0
2021-06-16 11:57:11,10745.8,0
2021-06-16 11:57:06,10744.25,0
2021-06-16 11:57:08,10744.95,0
2021-06-16 11:57:09,10745.0,0
2021-06-16 11:57:18,10745.4,0
2021-06-16 11:57:10,10745.25,0
2021-06-16 11:57:11,10745.8,0
2021-06-16 11:57:22,10747.55,0
2021-06-16 11:57:24,10748.15,0
2021-06-16 11:57:18,10745.4,0
2021-06-16 11:57:25,10748.7,0
2021-06-16 11:57:26,10747.0,0
2021-06-16 11:57:22,10747.55,0
2021-06-16 11:57:27,10747.65,0
2021-06-16 11:57:28,10748.4,0
2021-06-16 11:57:24,10748.15,0
2021-06-16 11:57:25,10748.7,0
2021-06-16 11:57:26,10747.0,0
2021-06-16 11:57:29,10748.8,0
2021-06-16 11:57:27,10747.65,0
2021-06-16 11:57:28,10748.4,0
2021-06-16 11:57:30,10748.45,0
2021-06-16 11:57:31,10749.65,0
2021-06-16 11:57:32,10747.15,0
2021-06-16 11:57:33,10747.7,0
2021-06-16 11:57:29,10748.8,0
2021-06-16 11:57:36,10750.1,0
2021-06-16 11:57:30,10748.45,0
2021-06-16 11:57:37,10749.8,0
2021-06-16 11:57:31,10749.65,0
2021-06-16 11:57:32,10747.15,0
2021-06-16 11:57:33,10747.7,0
2021-06-16 11:57:38,10750.5,0
2021-06-16 11:57:40,10750.0,0
2021-06-16 11:57:36,10750.1,0
2021-06-16 11:57:41,10750.0,0
2021-06-16 11:57:37,10749.8,0
2021-06-16 11:57:42,10749.4,0
2021-06-16 11:57:38,10750.5,0
2021-06-16 11:57:43,10749.75,0
2021-06-16 11:57:40,10750.0,0
2021-06-16 11:57:44,10750.2,0
2021-06-16 11:57:41,10750.0,0
2021-06-16 11:57:46,10749.55,0
2021-06-16 11:57:42,10749.4,0
2021-06-16 11:57:43,10749.75,0
2021-06-16 11:57:48,10749.8,0
2021-06-16 11:57:44,10750.2,0
2021-06-16 11:57:50,10749.7,0
2021-06-16 11:57:46,10749.55,0
2021-06-16 11:57:51,10750.05,0
2021-06-16 11:57:52,10749.05,0
2021-06-16 11:57:48,10749.8,0
2021-06-16 11:57:50,10749.7,0
2021-06-16 11:57:51,10750.05,0
2021-06-16 11:57:54,10748.2,0
2021-06-16 11:57:52,10749.05,0
2021-06-16 11:57:55,10749.45,0
2021-06-16 11:57:56,10748.7,0
2021-06-16 11:57:54,10748.2,0
2021-06-16 11:57:58,10750.85,0
2021-06-16 11:57:55,10749.45,0
2021-06-16 11:57:56,10748.7,0
2021-06-16 11:57:58,10750.85,0
2021-06-16 11:58:01,10750.4,0
2021-06-16 11:58:02,10750.0,0
2021-06-16 11:58:01,10750.4,0
2021-06-16 11:58:02,10750.0,0
2021-06-16 11:58:04,10751.0,0
2021-06-16 11:58:04,10751.0,0
2021-06-16 11:58:07,10751.1,0
2021-06-16 11:58:07,10751.1,0
2021-06-16 11:58:08,10751.25,0
2021-06-16 11:58:08,10751.25,0
2021-06-16 11:58:09,10751.2,0
2021-06-16 11:58:11,10752.1,0
2021-06-16 11:58:09,10751.2,0
2021-06-16 11:58:11,10752.1,0
2021-06-16 11:58:17,10752.45,0
2021-06-16 11:58:18,10752.55,0
2021-06-16 11:58:17,10752.45,0
2021-06-16 11:58:19,10753.3,0
2021-06-16 11:58:18,10752.55,0
2021-06-16 11:58:19,10753.3,0
2021-06-16 11:58:21,10752.8,0
2021-06-16 11:58:21,10752.8,0
2021-06-16 11:58:23,10753.45,0
2021-06-16 11:58:23,10753.45,0
2021-06-16 11:58:24,10753.2,0
2021-06-16 11:58:24,10753.2,0
2021-06-16 11:58:25,10753.3,0
2021-06-16 11:58:25,10753.3,0
2021-06-16 11:58:26,10752.75,0
2021-06-16 11:58:26,10752.75,0
2021-06-16 11:58:29,10753.9,0
2021-06-16 11:58:30,10754.15,0
2021-06-16 11:58:29,10753.9,0
