timestamp,ltp,volume
2021-06-16 09:15:50,35127.05,0
2021-06-16 09:15:51,35127.95,0
2021-06-16 09:15:52,35128.25,0
2021-06-16 09:15:53,35125.05,0
2021-06-16 09:15:54,35119.6,0
2021-06-16 09:15:55,35121.3,0
2021-06-16 09:15:56,35116.9,0
2021-06-16 09:15:57,35118.2,0
2021-06-16 09:15:58,35117.55,0
2021-06-16 09:15:59,35121.75,0
2021-06-16 09:16:00,35123.8,0
2021-06-16 09:16:01,35122.7,0
2021-06-16 09:16:02,35110.7,0
2021-06-16 09:16:03,35101.1,0
2021-06-16 09:16:04,35102.5,0
2021-06-16 09:16:05,35100.3,0
2021-06-16 09:16:06,35095.4,0
2021-06-16 09:16:07,35100.3,0
2021-06-16 09:16:08,35091.9,0
2021-06-16 09:16:09,35099.0,0
2021-06-16 09:16:10,35098.4,0
2021-06-16 09:16:11,35096.15,0
2021-06-16 09:16:13,35101.25,0
2021-06-16 09:16:14,35104.55,0
2021-06-16 09:16:15,35107.95,0
2021-06-16 09:16:16,35105.15,0
2021-06-16 09:16:17,35102.7,0
2021-06-16 09:16:18,35103.4,0
2021-06-16 09:16:19,35107.15,0
2021-06-16 09:16:20,35111.15,0
2021-06-16 09:16:21,35110.25,0
2021-06-16 09:16:22,35111.75,0
2021-06-16 09:16:23,35109.65,0
2021-06-16 09:16:24,35106.6,0
2021-06-16 09:16:25,35111.2,0
2021-06-16 09:16:26,35109.55,0
2021-06-16 09:16:27,35109.2,0
2021-06-16 09:16:28,35122.7,0
2021-06-16 09:16:29,35115.95,0
2021-06-16 09:16:30,35121.55,0
2021-06-16 09:16:31,35122.2,0
2021-06-16 09:16:32,35129.65,0
2021-06-16 09:16:33,35128.3,0
2021-06-16 09:16:36,35130.25,0
2021-06-16 09:16:37,35129.0,0
2021-06-16 09:16:40,35130.0,0
2021-06-16 09:16:42,35126.5,0
2021-06-16 09:16:45,35128.15,0
2021-06-16 09:16:47,35124.0,0
2021-06-16 09:16:48,35130.6,0
2021-06-16 09:16:49,35126.4,0
2021-06-16 09:16:50,35123.3,0
2021-06-16 09:16:52,35117.2,0
2021-06-16 09:16:53,35114.25,0
2021-06-16 09:16:54,35109.3,0
2021-06-16 09:16:55,35114.9,0
2021-06-16 09:16:56,35113.0,0
2021-06-16 09:16:57,35111.25,0
2021-06-16 09:16:59,35110.3,0
2021-06-16 09:17:00,35109.8,0
2021-06-16 09:17:01,35108.0,0
2021-06-16 09:17:02,35109.45,0
2021-06-16 09:17:04,35103.15,0
2021-06-16 09:17:05,35101.8,0
2021-06-16 09:17:06,35105.95,0
2021-06-16 09:17:07,35103.45,0
2021-06-16 09:17:08,35104.55,0
2021-06-16 09:17:09,35099.35,0
2021-06-16 09:17:10,35100.85,0
2021-06-16 09:17:11,35103.35,0
2021-06-16 09:17:12,35100.2,0
2021-06-16 09:17:13,35100.65,0
2021-06-16 09:17:15,35106.45,0
2021-06-16 09:17:16,35103.1,0
2021-06-16 09:17:17,35100.95,0
2021-06-16 09:17:18,35102.6,0
2021-06-16 09:17:19,35100.4,0
2021-06-16 09:17:20,35097.35,0
2021-06-16 09:17:21,35097.2,0
2021-06-16 09:17:22,35097.25,0
2021-06-16 09:17:23,35099.3,0
2021-06-16 09:17:24,35095.25,0
2021-06-16 09:17:25,35096.75,0
2021-06-16 09:17:26,35093.5,0
2021-06-16 09:17:27,35093.95,0
2021-06-16 09:17:28,35094.35,0
2021-06-16 09:17:29,35096.05,0
2021-06-16 09:17:30,35097.6,0
2021-06-16 09:17:31,35094.45,0
2021-06-16 09:17:32,35095.95,0
2021-06-16 09:17:33,35093.95,0
2021-06-16 09:17:34,35095.15,0
2021-06-16 09:17:35,35097.45,0
2021-06-16 09:17:36,35090.7,0
2021-06-16 09:17:37,35090.35,0
2021-06-16 09:17:38,35095.95,0
2021-06-16 09:17:39,35099.25,0
2021-06-16 09:17:40,35101.05,0
2021-06-16 09:17:41,35103.7,0
2021-06-16 09:17:42,35102.4,0
2021-06-16 09:17:43,35105.1,0
2021-06-16 09:17:44,35105.35,0
2021-06-16 09:17:45,35106.55,0
2021-06-16 09:17:47,35111.25,0
2021-06-16 09:17:48,35111.5,0
2021-06-16 09:17:49,35110.2,0
2021-06-16 09:17:50,35107.1,0
2021-06-16 09:17:52,35112.5,0
2021-06-16 09:17:53,35110.4,0
2021-06-16 09:17:54,35112.3,0
2021-06-16 09:17:56,35109.7,0
2021-06-16 09:17:57,35110.25,0
2021-06-16 09:17:58,35112.55,0
2021-06-16 09:17:59,35111.95,0
2021-06-16 09:18:00,35110.55,0
2021-06-16 09:18:01,35107.3,0
2021-06-16 09:18:02,35111.95,0
2021-06-16 09:18:03,35109.45,0
2021-06-16 09:18:04,35104.65,0
2021-06-16 09:18:05,35107.45,0
2021-06-16 09:18:06,35103.15,0
2021-06-16 09:18:07,35108.3,0
2021-06-16 09:18:08,35109.55,0
2021-06-16 09:18:09,35106.45,0
2021-06-16 09:18:10,35107.45,0
2021-06-16 09:18:11,35104.65,0
2021-06-16 09:18:13,35110.35,0
2021-06-16 09:18:14,35110.6,0
2021-06-16 09:18:17,35110.7,0
2021-06-16 09:18:16,35111.2,0
2021-06-16 09:18:18,35115.65,0
2021-06-16 09:18:19,35115.45,0
2021-06-16 09:18:20,35117.0,0
2021-06-16 09:18:21,35129.35,0
2021-06-16 09:18:23,35124.85,0
2021-06-16 09:18:25,35126.4,0
2021-06-16 09:18:26,35126.8,0
2021-06-16 09:18:27,35128.95,0
2021-06-16 09:18:31,35119.55,0
2021-06-16 09:18:33,35126.65,0
2021-06-16 09:18:34,35125.65,0
2021-06-16 09:18:36,35121.95,0
2021-06-16 09:18:37,35115.0,0
2021-06-16 09:18:38,35124.9,0
2021-06-16 09:18:39,35125.95,0
2021-06-16 09:18:41,35126.4,0
2021-06-16 09:18:43,35122.15,0
2021-06-16 09:18:44,35120.3,0
2021-06-16 09:18:45,35122.3,0
2021-06-16 09:18:46,35121.15,0
2021-06-16 09:18:47,35119.35,0
2021-06-16 09:18:48,35122.05,0
2021-06-16 09:18:49,35119.85,0
2021-06-16 09:18:50,35119.9,0
2021-06-16 09:18:51,35121.8,0
2021-06-16 09:18:52,35121.15,0
2021-06-16 09:18:53,35120.05,0
2021-06-16 09:18:54,35117.75,0
2021-06-16 09:18:55,35120.6,0
2021-06-16 09:18:56,35126.0,0
2021-06-16 09:18:57,35126.75,0
2021-06-16 09:18:58,35125.75,0
2021-06-16 09:18:59,35130.9,0
2021-06-16 09:19:01,35135.8,0
2021-06-16 09:19:04,35137.9,0
2021-06-16 09:19:05,35134.45,0
2021-06-16 09:19:06,35135.0,0
2021-06-16 09:19:09,35146.25,0
2021-06-16 09:19:11,35157.0,0
2021-06-16 09:19:12,35151.7,0
2021-06-16 09:19:13,35153.2,0
2021-06-16 09:19:14,35157.5,0
2021-06-16 09:19:15,35151.4,0
2021-06-16 09:19:16,35157.55,0
2021-06-16 09:19:17,35152.15,0
2021-06-16 09:19:18,35150.6,0
2021-06-16 09:19:19,35144.55,0
2021-06-16 09:19:20,35146.8,0
2021-06-16 09:19:22,35149.5,0
2021-06-16 09:19:24,35145.6,0
2021-06-16 09:19:25,35146.35,0
2021-06-16 09:19:26,35150.55,0
2021-06-16 09:19:27,35147.05,0
2021-06-16 09:19:28,35145.8,0
2021-06-16 09:19:29,35145.5,0
2021-06-16 09:19:30,35133.15,0
2021-06-16 09:19:31,35143.6,0
2021-06-16 09:19:32,35143.25,0
2021-06-16 09:19:35,35139.05,0
2021-06-16 09:19:36,35136.75,0
2021-06-16 09:19:37,35134.05,0
2021-06-16 09:19:38,35131.6,0
2021-06-16 09:19:39,35134.85,0
2021-06-16 09:19:40,35135.5,0
2021-06-16 09:19:41,35137.65,0
2021-06-16 09:19:42,35136.75,0
2021-06-16 09:19:43,35133.25,0
2021-06-16 09:19:44,35135.65,0
2021-06-16 09:19:45,35134.1,0
2021-06-16 09:19:46,35133.85,0
2021-06-16 09:19:47,35130.3,0
2021-06-16 09:19:48,35130.45,0
2021-06-16 09:19:49,35131.3,0
2021-06-16 09:19:50,35121.85,0
2021-06-16 09:19:51,35126.9,0
2021-06-16 09:19:52,35126.6,0
2021-06-16 09:19:53,35123.05,0
2021-06-16 09:19:54,35125.95,0
2021-06-16 09:19:55,35126.35,0
2021-06-16 09:19:56,35132.25,0
2021-06-16 09:19:59,35131.75,0
2021-06-16 09:20:01,35113.05,0
2021-06-16 09:20:02,35111.05,0
2021-06-16 09:20:05,35105.45,0
2021-06-16 09:20:07,35115.15,0
2021-06-16 09:20:08,35115.55,0
2021-06-16 09:20:09,35116.7,0
2021-06-16 09:20:10,35117.55,0
2021-06-16 09:20:11,35124.0,0
2021-06-16 09:20:12,35133.25,0
2021-06-16 09:20:13,35131.55,0
2021-06-16 09:20:14,35135.35,0
2021-06-16 09:20:15,35132.6,0
2021-06-16 09:20:16,35130.15,0
2021-06-16 09:20:17,35145.1,0
2021-06-16 09:20:18,35143.15,0
2021-06-16 09:20:19,35148.25,0
2021-06-16 09:20:20,35150.2,0
2021-06-16 09:20:21,35148.45,0
2021-06-16 09:20:22,35153.85,0
2021-06-16 09:20:23,35149.45,0
2021-06-16 09:20:25,35153.3,0
2021-06-16 09:20:26,35154.55,0
2021-06-16 09:20:27,35151.45,0
2021-06-16 09:20:28,35148.85,0
2021-06-16 09:20:29,35150.9,0
2021-06-16 09:20:30,35153.6,0
2021-06-16 09:20:31,35148.35,0
2021-06-16 09:20:32,35151.4,0
2021-06-16 09:20:33,35150.65,0
2021-06-16 09:20:34,35139.45,0
2021-06-16 09:20:35,35125.3,0
2021-06-16 09:20:36,35127.6,0
2021-06-16 09:20:37,35130.3,0
2021-06-16 09:20:39,35136.7,0
2021-06-16 09:20:40,35140.85,0
2021-06-16 09:20:41,35140.7,0
2021-06-16 09:20:42,35147.15,0
2021-06-16 09:20:43,35142.1,0
2021-06-16 09:20:44,35136.3,0
2021-06-16 09:20:46,35145.95,0
2021-06-16 09:20:47,35146.2,0
2021-06-16 09:20:48,35145.55,0
2021-06-16 09:20:49,35145.4,0
2021-06-16 09:20:52,35149.55,0
2021-06-16 09:20:55,35147.1,0
2021-06-16 09:20:57,35149.1,0
2021-06-16 09:20:58,35142.0,0
2021-06-16 09:20:59,35150.45,0
2021-06-16 09:21:00,35150.05,0
2021-06-16 09:21:01,35161.05,0
2021-06-16 09:21:02,35164.55,0
2021-06-16 09:21:03,35163.3,0
2021-06-16 09:21:04,35166.1,0
2021-06-16 09:21:05,35156.8,0
2021-06-16 09:21:06,35156.15,0
2021-06-16 09:21:07,35157.65,0
2021-06-16 09:21:08,35156.25,0
2021-06-16 09:21:09,35157.55,0
2021-06-16 09:21:10,35160.3,0
2021-06-16 09:21:11,35157.3,0
2021-06-16 09:21:12,35158.85,0
2021-06-16 09:21:14,35159.45,0
2021-06-16 09:21:15,35162.0,0
2021-06-16 09:21:16,35162.25,0
2021-06-16 09:21:17,35160.15,0
2021-06-16 09:21:18,35163.3,0
2021-06-16 09:21:19,35166.15,0
2021-06-16 09:21:20,35161.3,0
2021-06-16 09:21:21,35166.25,0
2021-06-16 09:21:22,35160.1,0
2021-06-16 09:21:23,35164.45,0
2021-06-16 09:21:24,35161.45,0
2021-06-16 09:21:25,35164.8,0
2021-06-16 09:21:27,35169.8,0
2021-06-16 09:21:28,35166.25,0
2021-06-16 09:21:30,35155.75,0
2021-06-16 09:21:31,35161.1,0
2021-06-16 09:21:32,35163.6,0
2021-06-16 09:21:33,35156.2,0
2021-06-16 09:21:34,35158.05,0
2021-06-16 09:21:35,35154.75,0
2021-06-16 09:21:36,35149.8,0
2021-06-16 09:21:37,35148.3,0
2021-06-16 09:21:38,35149.55,0
2021-06-16 09:21:39,35152.35,0
2021-06-16 09:21:41,35153.45,0
2021-06-16 09:21:42,35154.7,0
2021-06-16 09:21:43,35155.5,0
2021-06-16 09:21:45,35144.7,0
2021-06-16 09:21:46,35144.65,0
2021-06-16 09:21:47,35156.2,0
2021-06-16 09:21:48,35149.6,0
2021-06-16 09:21:49,35154.0,0
2021-06-16 09:21:51,35152.5,0
2021-06-16 09:21:52,35156.2,0
2021-06-16 09:21:53,35152.5,0
2021-06-16 09:21:54,35154.4,0
2021-06-16 09:21:56,35151.9,0
2021-06-16 09:21:57,35155.6,0
2021-06-16 09:21:58,35153.65,0
2021-06-16 09:21:59,35153.5,0
2021-06-16 09:22:00,35153.95,0
2021-06-16 09:22:01,35155.85,0
2021-06-16 09:22:02,35154.3,0
2021-06-16 09:22:03,35154.35,0
2021-06-16 09:22:04,35158.3,0
2021-06-16 09:22:05,35159.25,0
2021-06-16 09:22:06,35163.45,0
2021-06-16 09:22:07,35163.25,0
2021-06-16 09:22:08,35162.7,0
2021-06-16 09:22:09,35166.15,0
2021-06-16 09:22:10,35169.9,0
2021-06-16 09:22:11,35170.5,0
2021-06-16 09:22:12,35164.9,0
2021-06-16 09:22:13,35172.15,0
2021-06-16 09:22:14,35169.1,0
2021-06-16 09:22:15,35171.75,0
2021-06-16 09:22:16,35171.4,0
2021-06-16 09:22:17,35172.75,0
2021-06-16 09:22:18,35176.05,0
2021-06-16 09:22:19,35181.3,0
2021-06-16 09:22:20,35178.5,0
2021-06-16 09:22:21,35180.15,0
2021-06-16 09:22:22,35179.05,0
2021-06-16 09:22:23,35184.8,0
2021-06-16 09:22:24,35184.05,0
2021-06-16 09:22:25,35183.35,0
2021-06-16 09:22:27,35180.8,0
2021-06-16 09:22:28,35179.35,0
2021-06-16 09:22:31,35171.65,0
2021-06-16 09:22:32,35174.25,0
2021-06-16 09:22:33,35178.3,0
2021-06-16 09:22:34,35171.7,0
2021-06-16 09:22:35,35174.25,0
2021-06-16 09:22:36,35173.05,0
2021-06-16 09:22:37,35176.8,0
2021-06-16 09:22:38,35176.35,0
2021-06-16 09:22:39,35177.2,0
2021-06-16 09:22:40,35177.75,0
2021-06-16 09:22:41,35176.25,0
2021-06-16 09:22:43,35178.15,0
2021-06-16 09:22:44,35178.75,0
2021-06-16 09:22:45,35175.45,0
2021-06-16 09:22:46,35179.3,0
2021-06-16 09:22:47,35177.75,0
2021-06-16 09:22:48,35180.1,0
2021-06-16 09:22:49,35180.6,0
2021-06-16 09:22:50,35175.95,0
2021-06-16 09:22:51,35177.0,0
2021-06-16 09:22:53,35177.5,0
2021-06-16 09:22:54,35177.65,0
2021-06-16 09:22:55,35177.1,0
2021-06-16 09:22:56,35176.8,0
2021-06-16 09:22:57,35174.85,0
2021-06-16 09:22:58,35177.55,0
2021-06-16 09:22:59,35172.0,0
2021-06-16 09:23:00,35174.7,0
2021-06-16 09:23:01,35182.6,0
2021-06-16 09:23:02,35176.0,0
2021-06-16 09:23:03,35177.45,0
2021-06-16 09:23:04,35179.45,0
2021-06-16 09:23:05,35177.65,0
2021-06-16 09:23:06,35177.6,0
2021-06-16 09:23:07,35185.75,0
2021-06-16 09:23:08,35184.15,0
2021-06-16 09:23:09,35183.9,0
2021-06-16 09:23:11,35189.2,0
2021-06-16 09:23:12,35185.0,0
2021-06-16 09:23:13,35188.35,0
2021-06-16 09:23:14,35190.0,0
2021-06-16 09:23:15,35192.65,0
2021-06-16 09:23:16,35187.85,0
2021-06-16 09:23:17,35189.5,0
2021-06-16 09:23:18,35190.3,0
2021-06-16 09:23:19,35191.25,0
2021-06-16 09:23:20,35193.05,0
2021-06-16 09:23:21,35195.4,0
2021-06-16 09:23:25,35198.3,0
2021-06-16 09:23:26,35205.3,0
2021-06-16 09:23:27,35203.4,0
2021-06-16 09:23:28,35217.55,0
2021-06-16 09:23:30,35223.95,0
2021-06-16 09:23:31,35237.2,0
2021-06-16 09:23:32,35238.0,0
2021-06-16 09:23:33,35241.5,0
2021-06-16 09:23:34,35238.35,0
2021-06-16 09:23:35,35228.25,0
2021-06-16 09:23:36,35230.65,0
2021-06-16 09:23:37,35228.45,0
2021-06-16 09:23:38,35231.7,0
2021-06-16 09:23:39,35231.85,0
2021-06-16 09:23:40,35233.3,0
2021-06-16 09:23:41,35235.3,0
2021-06-16 09:23:43,35234.75,0
2021-06-16 09:23:44,35233.7,0
2021-06-16 09:23:45,35236.0,0
2021-06-16 09:23:46,35235.85,0
2021-06-16 09:23:47,35231.9,0
2021-06-16 09:23:48,35235.45,0
2021-06-16 09:23:50,35231.5,0
2021-06-16 09:23:51,35237.5,0
2021-06-16 09:23:52,35236.6,0
2021-06-16 09:23:53,35237.95,0
2021-06-16 09:23:54,35238.3,0
2021-06-16 09:23:55,35236.15,0
2021-06-16 09:23:56,35231.9,0
2021-06-16 09:23:57,35232.2,0
2021-06-16 09:23:58,35232.8,0
2021-06-16 09:24:00,35235.85,0
2021-06-16 09:24:01,35233.35,0
2021-06-16 09:24:02,35238.2,0
2021-06-16 09:24:03,35236.85,0
2021-06-16 09:24:04,35237.3,0
2021-06-16 09:24:05,35236.75,0
2021-06-16 09:24:06,35235.7,0
2021-06-16 09:24:08,35235.3,0
2021-06-16 09:24:10,35237.25,0
2021-06-16 09:24:11,35238.2,0
2021-06-16 09:24:12,35233.6,0
2021-06-16 09:24:13,35238.1,0
2021-06-16 09:24:14,35237.85,0
2021-06-16 09:24:15,35235.1,0
2021-06-16 09:24:16,35234.2,0
2021-06-16 09:24:17,35235.75,0
2021-06-16 09:24:18,35235.95,0
2021-06-16 09:24:19,35234.8,0
2021-06-16 09:24:20,35238.05,0
2021-06-16 09:24:21,35233.8,0
2021-06-16 09:24:22,35238.05,0
2021-06-16 09:24:23,35237.95,0
2021-06-16 09:24:24,35239.0,0
2021-06-16 09:24:25,35238.55,0
2021-06-16 09:24:26,35238.7,0
2021-06-16 09:24:28,35240.7,0
2021-06-16 09:24:29,35239.3,0
2021-06-16 09:24:30,35244.9,0
2021-06-16 09:24:31,35246.45,0
2021-06-16 09:24:32,35243.65,0
2021-06-16 09:24:33,35248.2,0
2021-06-16 09:24:35,35252.1,0
2021-06-16 09:24:36,35259.95,0
2021-06-16 09:24:37,35261.4,0
2021-06-16 09:24:38,35262.25,0
2021-06-16 09:24:39,35262.7,0
2021-06-16 09:24:40,35264.95,0
2021-06-16 09:24:41,35264.4,0
2021-06-16 09:24:42,35270.85,0
2021-06-16 09:24:43,35290.5,0
2021-06-16 09:24:44,35296.15,0
2021-06-16 09:24:46,35302.6,0
2021-06-16 09:24:47,35301.65,0
2021-06-16 09:24:48,35294.95,0
2021-06-16 09:24:49,35296.85,0
2021-06-16 09:24:50,35293.95,0
2021-06-16 09:24:51,35297.7,0
2021-06-16 09:24:52,35300.55,0
2021-06-16 09:24:53,35302.55,0
2021-06-16 09:24:54,35303.4,0
2021-06-16 09:24:55,35301.9,0
2021-06-16 09:24:56,35302.55,0
2021-06-16 09:24:57,35297.65,0
2021-06-16 09:24:58,35301.25,0
2021-06-16 09:24:59,35303.4,0
2021-06-16 09:25:00,35301.9,0
2021-06-16 09:25:01,35300.1,0
2021-06-16 09:25:02,35300.55,0
2021-06-16 09:25:03,35297.9,0
2021-06-16 09:25:04,35301.45,0
2021-06-16 09:25:05,35298.95,0
2021-06-16 09:25:06,35292.35,0
2021-06-16 09:25:08,35287.9,0
2021-06-16 09:25:10,35290.15,0
2021-06-16 09:25:11,35287.6,0
2021-06-16 09:25:12,35284.55,0
2021-06-16 09:25:13,35292.1,0
2021-06-16 09:25:15,35288.0,0
2021-06-16 09:25:17,35290.5,0
2021-06-16 09:25:19,35292.05,0
2021-06-16 09:25:21,35291.4,0
2021-06-16 09:25:23,35292.9,0
2021-06-16 09:25:25,35302.15,0
2021-06-16 09:25:26,35295.95,0
2021-06-16 09:25:27,35305.35,0
2021-06-16 09:25:29,35302.65,0
2021-06-16 09:25:30,35307.35,0
2021-06-16 09:25:31,35308.25,0
2021-06-16 09:25:32,35307.15,0
2021-06-16 09:25:33,35306.6,0
2021-06-16 09:25:34,35308.95,0
2021-06-16 09:25:35,35309.5,0
2021-06-16 09:25:37,35310.85,0
2021-06-16 09:25:38,35314.45,0
2021-06-16 09:25:39,35310.15,0
2021-06-16 09:25:40,35311.5,0
2021-06-16 09:25:41,35309.8,0
2021-06-16 09:25:42,35307.4,0
2021-06-16 09:25:45,35311.8,0
2021-06-16 09:25:46,35307.75,0
2021-06-16 09:25:47,35309.65,0
2021-06-16 09:25:48,35307.85,0
2021-06-16 09:25:49,35304.7,0
2021-06-16 09:25:50,35295.35,0
2021-06-16 09:25:51,35299.8,0
2021-06-16 09:25:52,35301.95,0
2021-06-16 09:25:53,35289.75,0
2021-06-16 09:25:55,35288.2,0
2021-06-16 09:25:56,35291.15,0
2021-06-16 09:25:57,35293.6,0
2021-06-16 09:25:58,35292.55,0
2021-06-16 09:25:59,35293.55,0
2021-06-16 09:26:00,35291.45,0
2021-06-16 09:26:01,35293.45,0
2021-06-16 09:26:02,35292.2,0
2021-06-16 09:26:03,35297.6,0
2021-06-16 09:26:04,35302.6,0
2021-06-16 09:26:05,35301.55,0
2021-06-16 09:26:06,35303.45,0
2021-06-16 09:26:07,35304.6,0
2021-06-16 09:26:09,35305.35,0
2021-06-16 09:26:10,35306.8,0
2021-06-16 09:26:13,35308.6,0
2021-06-16 09:26:14,35306.55,0
2021-06-16 09:26:16,35304.75,0
2021-06-16 09:26:17,35305.7,0
2021-06-16 09:26:19,35300.05,0
2021-06-16 09:26:20,35301.35,0
2021-06-16 09:26:21,35298.6,0
2021-06-16 09:26:22,35296.65,0
2021-06-16 09:26:24,35296.15,0
2021-06-16 09:26:25,35297.75,0
2021-06-16 09:26:26,35298.25,0
2021-06-16 09:26:27,35294.55,0
2021-06-16 09:26:28,35297.2,0
2021-06-16 09:26:29,35296.65,0
2021-06-16 09:26:30,35293.7,0
2021-06-16 09:26:31,35295.1,0
2021-06-16 09:26:32,35292.65,0
2021-06-16 09:26:33,35302.15,0
2021-06-16 09:26:34,35296.5,0
2021-06-16 09:26:36,35301.0,0
2021-06-16 09:26:37,35295.3,0
2021-06-16 09:26:38,35295.1,0
2021-06-16 09:26:39,35293.75,0
2021-06-16 09:26:40,35296.8,0
2021-06-16 09:26:42,35300.4,0
2021-06-16 09:26:43,35299.1,0
2021-06-16 09:26:44,35299.85,0
2021-06-16 09:26:45,35298.05,0
2021-06-16 09:26:46,35294.6,0
2021-06-16 09:26:47,35296.9,0
2021-06-16 09:26:48,35296.2,0
2021-06-16 09:26:49,35295.45,0
2021-06-16 09:26:50,35295.7,0
2021-06-16 09:26:51,35294.2,0
2021-06-16 09:26:52,35292.45,0
2021-06-16 09:26:53,35291.5,0
2021-06-16 09:26:54,35291.9,0
2021-06-16 09:26:55,35291.8,0
2021-06-16 09:26:56,35289.75,0
2021-06-16 09:26:57,35291.65,0
2021-06-16 09:26:58,35292.45,0
2021-06-16 09:26:59,35290.65,0
2021-06-16 09:27:01,35290.05,0
2021-06-16 09:27:02,35290.55,0
2021-06-16 09:27:03,35289.5,0
2021-06-16 09:27:04,35291.4,0
2021-06-16 09:27:05,35290.0,0
2021-06-16 09:27:06,35289.3,0
2021-06-16 09:27:07,35292.35,0
2021-06-16 09:27:08,35289.65,0
2021-06-16 09:27:09,35288.45,0
2021-06-16 09:27:10,35290.1,0
2021-06-16 09:27:11,35286.15,0
2021-06-16 09:27:12,35285.05,0
2021-06-16 09:27:13,35284.15,0
2021-06-16 09:27:14,35278.7,0
2021-06-16 09:27:15,35277.0,0
2021-06-16 09:27:17,35279.1,0
2021-06-16 09:27:18,35279.9,0
2021-06-16 09:27:19,35280.35,0
2021-06-16 09:27:20,35281.6,0
2021-06-16 09:27:21,35278.35,0
2021-06-16 09:27:22,35284.6,0
2021-06-16 09:27:23,35284.6,0
2021-06-16 09:27:24,35278.35,0
2021-06-16 09:27:25,35281.8,0
2021-06-16 09:27:26,35282.0,0
2021-06-16 09:27:27,35284.95,0
2021-06-16 09:27:28,35280.4,0
2021-06-16 09:27:29,35280.05,0
2021-06-16 09:27:32,35283.9,0
2021-06-16 09:27:33,35284.0,0
2021-06-16 09:27:34,35283.35,0
2021-06-16 09:27:35,35283.3,0
2021-06-16 09:27:36,35285.1,0
2021-06-16 09:27:37,35280.9,0
2021-06-16 09:27:38,35281.4,0
2021-06-16 09:27:39,35282.3,0
2021-06-16 09:27:40,35283.4,0
2021-06-16 09:27:41,35281.75,0
2021-06-16 09:27:42,35281.45,0
2021-06-16 09:27:43,35282.3,0
2021-06-16 09:27:44,35280.9,0
2021-06-16 09:27:45,35282.15,0
2021-06-16 09:27:46,35279.3,0
2021-06-16 09:27:47,35280.9,0
2021-06-16 09:27:48,35276.95,0
2021-06-16 09:27:49,35278.1,0
2021-06-16 09:27:50,35271.65,0
2021-06-16 09:27:51,35273.1,0
2021-06-16 09:27:52,35269.7,0
2021-06-16 09:27:53,35268.55,0
2021-06-16 09:27:54,35267.75,0
2021-06-16 09:27:55,35274.75,0
2021-06-16 09:27:56,35270.45,0
2021-06-16 09:27:57,35270.15,0
2021-06-16 09:27:58,35275.45,0
2021-06-16 09:27:59,35274.25,0
2021-06-16 09:28:00,35273.9,0
2021-06-16 09:28:01,35268.1,0
2021-06-16 09:28:02,35270.9,0
2021-06-16 09:28:03,35266.6,0
2021-06-16 09:28:04,35265.35,0
2021-06-16 09:28:05,35265.6,0
2021-06-16 09:28:06,35261.75,0
2021-06-16 09:28:07,35261.45,0
2021-06-16 09:28:08,35261.4,0
2021-06-16 09:28:09,35262.3,0
2021-06-16 09:28:10,35260.25,0
2021-06-16 09:28:11,35267.65,0
2021-06-16 09:28:12,35269.25,0
2021-06-16 09:28:13,35270.5,0
2021-06-16 09:28:14,35268.95,0
2021-06-16 09:28:15,35270.95,0
2021-06-16 09:28:16,35269.65,0
2021-06-16 09:28:17,35269.6,0
2021-06-16 09:28:18,35272.5,0
2021-06-16 09:28:19,35270.15,0
2021-06-16 09:28:20,35273.15,0
2021-06-16 09:28:21,35275.4,0
2021-06-16 09:28:22,35271.25,0
2021-06-16 09:28:23,35271.5,0
2021-06-16 09:28:24,35272.95,0
2021-06-16 09:28:25,35272.95,0
2021-06-16 09:28:26,35268.2,0
2021-06-16 09:28:28,35269.65,0
2021-06-16 09:28:30,35269.0,0
2021-06-16 09:28:32,35266.5,0
2021-06-16 09:28:34,35273.6,0
2021-06-16 09:28:35,35274.7,0
2021-06-16 09:28:36,35274.4,0
2021-06-16 09:28:37,35270.75,0
2021-06-16 09:28:38,35266.4,0
2021-06-16 09:28:39,35268.9,0
2021-06-16 09:28:40,35274.4,0
2021-06-16 09:28:41,35273.9,0
2021-06-16 09:28:42,35276.3,0
2021-06-16 09:28:43,35273.9,0
2021-06-16 09:28:44,35273.15,0
2021-06-16 09:28:45,35275.8,0
2021-06-16 09:28:46,35275.5,0
2021-06-16 09:28:47,35275.6,0
2021-06-16 09:28:48,35275.25,0
2021-06-16 09:28:50,35275.05,0
2021-06-16 09:28:51,35270.55,0
2021-06-16 09:28:52,35271.2,0
2021-06-16 09:28:54,35275.0,0
2021-06-16 09:28:55,35273.1,0
2021-06-16 09:28:56,35278.65,0
2021-06-16 09:28:57,35274.55,0
2021-06-16 09:28:58,35276.35,0
2021-06-16 09:28:59,35277.95,0
2021-06-16 09:29:00,35277.9,0
2021-06-16 09:29:01,35278.95,0
2021-06-16 09:29:03,35280.1,0
2021-06-16 09:29:05,35286.4,0
2021-06-16 09:29:06,35289.85,0
2021-06-16 09:29:07,35289.9,0
2021-06-16 09:29:08,35288.6,0
2021-06-16 09:29:09,35288.1,0
2021-06-16 09:29:10,35290.1,0
2021-06-16 09:29:11,35287.65,0
2021-06-16 09:29:12,35288.35,0
2021-06-16 09:29:13,35290.25,0
2021-06-16 09:29:14,35293.15,0
2021-06-16 09:29:16,35299.2,0
2021-06-16 09:29:19,35307.5,0
2021-06-16 09:29:20,35304.55,0
2021-06-16 09:29:21,35306.45,0
2021-06-16 09:29:22,35313.05,0
2021-06-16 09:29:23,35311.35,0
2021-06-16 09:29:24,35313.35,0
2021-06-16 09:29:25,35312.2,0
2021-06-16 09:29:26,35323.4,0
2021-06-16 09:29:27,35323.95,0
2021-06-16 09:29:28,35326.45,0
2021-06-16 09:29:29,35328.75,0
2021-06-16 09:29:30,35320.05,0
2021-06-16 09:29:31,35324.65,0
2021-06-16 09:29:32,35322.85,0
2021-06-16 09:29:33,35325.3,0
2021-06-16 09:29:34,35328.2,0
2021-06-16 09:29:35,35316.6,0
2021-06-16 09:29:36,35311.1,0
2021-06-16 09:29:37,35310.8,0
2021-06-16 09:29:39,35310.45,0
2021-06-16 09:29:40,35301.55,0
2021-06-16 09:29:41,35303.8,0
2021-06-16 09:29:43,35306.05,0
2021-06-16 09:29:44,35309.8,0
2021-06-16 09:29:45,35307.25,0
2021-06-16 09:29:47,35303.4,0
2021-06-16 09:29:48,35300.75,0
2021-06-16 09:29:49,35303.95,0
2021-06-16 09:29:50,35300.45,0
2021-06-16 09:29:51,35304.25,0
2021-06-16 09:29:52,35301.95,0
2021-06-16 09:29:53,35301.6,0
2021-06-16 09:29:54,35302.2,0
2021-06-16 09:29:56,35302.5,0
2021-06-16 09:29:58,35299.35,0
2021-06-16 09:29:59,35299.65,0
2021-06-16 09:30:00,35300.4,0
2021-06-16 09:30:01,35300.25,0
2021-06-16 09:30:02,35303.5,0
2021-06-16 09:30:03,35305.3,0
2021-06-16 09:30:04,35308.65,0
2021-06-16 09:30:05,35311.35,0
2021-06-16 09:30:06,35313.1,0
2021-06-16 09:30:07,35311.5,0
2021-06-16 09:30:08,35311.4,0
2021-06-16 09:30:09,35310.45,0
2021-06-16 09:30:11,35311.25,0
2021-06-16 09:30:12,35308.2,0
2021-06-16 09:30:13,35310.25,0
2021-06-16 09:30:14,35309.0,0
2021-06-16 09:30:15,35309.3,0
2021-06-16 09:30:17,35308.55,0
2021-06-16 09:30:18,35309.85,0
2021-06-16 09:30:19,35308.15,0
2021-06-16 09:30:20,35311.9,0
2021-06-16 09:30:21,35312.75,0
2021-06-16 09:30:23,35312.55,0
2021-06-16 09:30:24,35313.65,0
2021-06-16 09:30:26,35312.55,0
2021-06-16 09:30:27,35314.5,0
2021-06-16 09:30:28,35312.75,0
2021-06-16 09:30:30,35319.1,0
2021-06-16 09:30:31,35320.3,0
2021-06-16 09:30:32,35323.05,0
2021-06-16 09:30:33,35319.55,0
2021-06-16 09:30:34,35322.85,0
2021-06-16 09:30:35,35322.1,0
2021-06-16 09:30:36,35321.05,0
2021-06-16 09:30:37,35324.3,0
2021-06-16 09:30:38,35326.1,0
2021-06-16 09:30:39,35325.7,0
2021-06-16 09:30:40,35327.2,0
2021-06-16 09:30:42,35330.55,0
2021-06-16 09:30:44,35340.3,0
2021-06-16 09:30:45,35342.8,0
2021-06-16 09:30:46,35341.85,0
2021-06-16 09:30:47,35343.7,0
2021-06-16 09:30:48,35345.65,0
2021-06-16 09:30:49,35347.7,0
2021-06-16 09:30:50,35344.35,0
2021-06-16 09:30:51,35345.55,0
2021-06-16 09:30:52,35341.75,0
2021-06-16 09:30:53,35346.8,0
2021-06-16 09:30:54,35346.45,0
2021-06-16 09:30:55,35342.85,0
2021-06-16 09:30:56,35346.9,0
2021-06-16 09:30:57,35345.15,0
2021-06-16 09:30:58,35346.75,0
2021-06-16 09:30:59,35344.8,0
2021-06-16 09:31:00,35348.25,0
2021-06-16 09:31:01,35349.55,0
2021-06-16 09:31:02,35351.95,0
2021-06-16 09:31:03,35354.45,0
2021-06-16 09:31:04,35353.3,0
2021-06-16 09:31:05,35355.5,0
2021-06-16 09:31:06,35346.7,0
2021-06-16 09:31:07,35347.15,0
2021-06-16 09:31:08,35346.95,0
2021-06-16 09:31:09,35345.65,0
2021-06-16 09:31:10,35341.85,0
2021-06-16 09:31:12,35337.45,0
2021-06-16 09:31:13,35342.35,0
2021-06-16 09:31:14,35341.55,0
2021-06-16 09:31:15,35342.25,0
2021-06-16 09:31:16,35342.55,0
2021-06-16 09:31:17,35339.5,0
2021-06-16 09:31:18,35342.25,0
2021-06-16 09:31:19,35343.1,0
2021-06-16 09:31:20,35345.75,0
2021-06-16 09:31:21,35343.65,0
2021-06-16 09:31:22,35343.95,0
2021-06-16 09:31:23,35343.05,0
2021-06-16 09:31:24,35345.25,0
2021-06-16 09:31:25,35345.0,0
2021-06-16 09:31:26,35342.25,0
2021-06-16 09:31:27,35343.8,0
2021-06-16 09:31:28,35343.0,0
2021-06-16 09:31:29,35343.35,0
2021-06-16 09:31:31,35339.0,0
2021-06-16 09:31:32,35341.6,0
2021-06-16 09:31:33,35342.15,0
2021-06-16 09:31:35,35345.05,0
2021-06-16 09:31:36,35345.2,0
2021-06-16 09:31:37,35341.3,0
2021-06-16 09:31:38,35339.7,0
2021-06-16 09:31:39,35339.75,0
2021-06-16 09:31:40,35337.25,0
2021-06-16 09:31:41,35325.8,0
2021-06-16 09:31:42,35331.25,0
2021-06-16 09:31:43,35331.95,0
2021-06-16 09:31:44,35326.5,0
2021-06-16 09:31:45,35329.05,0
2021-06-16 09:31:47,35328.8,0
2021-06-16 09:31:49,35331.1,0
2021-06-16 09:31:51,35330.55,0
2021-06-16 09:31:53,35331.15,0
2021-06-16 09:31:54,35335.2,0
2021-06-16 09:31:55,35333.6,0
2021-06-16 09:31:56,35331.5,0
2021-06-16 09:31:57,35330.45,0
2021-06-16 09:31:59,35329.05,0
2021-06-16 09:32:02,35328.25,0
2021-06-16 09:32:03,35331.65,0
2021-06-16 09:32:04,35329.0,0
2021-06-16 09:32:05,35329.55,0
2021-06-16 09:32:06,35330.3,0
2021-06-16 09:32:07,35330.35,0
2021-06-16 09:32:08,35328.85,0
2021-06-16 09:32:09,35332.15,0
2021-06-16 09:32:10,35327.9,0
2021-06-16 09:32:11,35326.9,0
2021-06-16 09:32:13,35328.25,0
2021-06-16 09:32:14,35330.5,0
2021-06-16 09:32:15,35327.65,0
2021-06-16 09:32:16,35328.35,0
2021-06-16 09:32:17,35327.1,0
2021-06-16 09:32:18,35329.1,0
2021-06-16 09:32:19,35330.95,0
2021-06-16 09:32:20,35329.55,0
2021-06-16 09:32:21,35330.2,0
2021-06-16 09:32:22,35330.5,0
2021-06-16 09:32:23,35329.0,0
2021-06-16 09:32:24,35326.45,0
2021-06-16 09:32:26,35327.05,0
2021-06-16 09:32:27,35328.1,0
2021-06-16 09:32:28,35328.25,0
2021-06-16 09:32:29,35329.4,0
2021-06-16 09:32:30,35327.55,0
2021-06-16 09:32:31,35327.8,0
2021-06-16 09:32:32,35327.5,0
2021-06-16 09:32:34,35329.1,0
2021-06-16 09:32:35,35330.85,0
2021-06-16 09:32:36,35333.5,0
2021-06-16 09:32:37,35333.95,0
2021-06-16 09:32:38,35335.45,0
2021-06-16 09:32:39,35337.0,0
2021-06-16 09:32:40,35336.1,0
2021-06-16 09:32:41,35336.1,0
2021-06-16 09:32:43,35338.35,0
2021-06-16 09:32:44,35336.55,0
2021-06-16 09:32:45,35338.85,0
2021-06-16 09:32:46,35335.55,0
2021-06-16 09:32:47,35338.3,0
2021-06-16 09:32:48,35336.55,0
2021-06-16 09:32:50,35335.1,0
2021-06-16 09:32:51,35335.1,0
2021-06-16 09:32:52,35337.3,0
2021-06-16 09:32:53,35335.45,0
2021-06-16 09:32:54,35337.5,0
2021-06-16 09:32:55,35336.75,0
2021-06-16 09:32:56,35332.85,0
2021-06-16 09:32:57,35334.6,0
2021-06-16 09:32:58,35335.15,0
2021-06-16 09:32:59,35335.25,0
2021-06-16 09:33:00,35336.0,0
2021-06-16 09:33:01,35338.7,0
2021-06-16 09:33:03,35342.65,0
2021-06-16 09:33:04,35341.15,0
2021-06-16 09:33:05,35341.6,0
2021-06-16 09:33:06,35339.65,0
2021-06-16 09:33:07,35339.4,0
2021-06-16 09:33:08,35339.9,0
2021-06-16 09:33:09,35338.1,0
2021-06-16 09:33:10,35335.95,0
2021-06-16 09:33:11,35339.0,0
2021-06-16 09:33:12,35338.5,0
2021-06-16 09:33:13,35338.85,0
2021-06-16 09:33:14,35339.2,0
2021-06-16 09:33:15,35338.1,0
2021-06-16 09:33:16,35338.8,0
2021-06-16 09:33:17,35339.05,0
2021-06-16 09:33:18,35340.5,0
2021-06-16 09:33:19,35340.55,0
2021-06-16 09:33:20,35340.65,0
2021-06-16 09:33:21,35341.15,0
2021-06-16 09:33:22,35341.4,0
2021-06-16 09:33:23,35340.3,0
2021-06-16 09:33:24,35342.25,0
2021-06-16 09:33:25,35343.6,0
2021-06-16 09:33:26,35343.85,0
2021-06-16 09:33:27,35346.2,0
2021-06-16 09:33:28,35345.8,0
2021-06-16 09:33:29,35346.65,0
2021-06-16 09:33:30,35346.6,0
2021-06-16 09:33:31,35346.4,0
2021-06-16 09:33:32,35347.2,0
2021-06-16 09:33:33,35347.1,0
2021-06-16 09:33:34,35345.8,0
2021-06-16 09:33:35,35347.05,0
2021-06-16 09:33:37,35349.15,0
2021-06-16 09:33:38,35348.65,0
2021-06-16 09:33:40,35348.05,0
2021-06-16 09:33:41,35348.5,0
2021-06-16 09:33:42,35353.3,0
2021-06-16 09:33:43,35351.95,0
2021-06-16 09:33:44,35347.25,0
2021-06-16 09:33:45,35350.55,0
2021-06-16 09:33:46,35350.2,0
2021-06-16 09:33:47,35355.05,0
2021-06-16 09:33:48,35354.45,0
2021-06-16 09:33:49,35356.1,0
2021-06-16 09:33:51,35356.25,0
2021-06-16 09:33:52,35359.95,0
2021-06-16 09:33:53,35360.25,0
2021-06-16 09:33:54,35358.55,0
2021-06-16 09:33:55,35357.95,0
2021-06-16 09:33:56,35359.6,0
2021-06-16 09:33:57,35360.5,0
2021-06-16 09:33:58,35358.85,0
2021-06-16 09:33:59,35358.05,0
2021-06-16 09:34:00,35357.5,0
2021-06-16 09:34:01,35354.6,0
2021-06-16 09:34:02,35359.35,0
2021-06-16 09:34:03,35360.2,0
2021-06-16 09:34:04,35360.2,0
2021-06-16 09:34:05,35359.25,0
2021-06-16 09:34:06,35362.4,0
2021-06-16 09:34:07,35360.4,0
2021-06-16 09:34:08,35363.55,0
2021-06-16 09:34:09,35363.25,0
2021-06-16 09:34:10,35361.9,0
2021-06-16 09:34:11,35365.7,0
2021-06-16 09:34:14,35366.5,0
2021-06-16 09:34:15,35365.6,0
2021-06-16 09:34:16,35365.2,0
2021-06-16 09:34:17,35367.45,0
2021-06-16 09:34:18,35367.55,0
2021-06-16 09:34:19,35368.3,0
2021-06-16 09:34:20,35368.45,0
2021-06-16 09:34:21,35371.25,0
2021-06-16 09:34:22,35363.75,0
2021-06-16 09:34:23,35366.8,0
2021-06-16 09:34:24,35367.25,0
2021-06-16 09:34:25,35363.45,0
2021-06-16 09:34:26,35366.55,0
2021-06-16 09:34:27,35363.4,0
2021-06-16 09:34:28,35362.35,0
2021-06-16 09:34:29,35363.6,0
2021-06-16 09:34:30,35365.15,0
2021-06-16 09:34:31,35363.0,0
2021-06-16 09:34:32,35364.5,0
2021-06-16 09:34:33,35364.35,0
2021-06-16 09:34:35,35363.7,0
2021-06-16 09:34:36,35365.55,0
2021-06-16 09:34:38,35364.1,0
2021-06-16 09:34:39,35363.9,0
2021-06-16 09:34:41,35363.05,0
2021-06-16 09:34:42,35365.5,0
2021-06-16 09:34:43,35368.8,0
2021-06-16 09:34:44,35362.8,0
2021-06-16 09:34:45,35365.2,0
2021-06-16 09:34:46,35367.8,0
2021-06-16 09:34:47,35366.1,0
2021-06-16 09:34:48,35366.0,0
2021-06-16 09:34:49,35364.2,0
2021-06-16 09:34:50,35366.55,0
2021-06-16 09:34:51,35363.45,0
2021-06-16 09:34:52,35363.6,0
2021-06-16 09:34:53,35363.25,0
2021-06-16 09:34:54,35362.95,0
2021-06-16 09:34:55,35364.2,0
2021-06-16 09:34:56,35363.5,0
2021-06-16 09:34:58,35366.95,0
2021-06-16 09:34:59,35363.45,0
2021-06-16 09:35:00,35364.1,0
2021-06-16 09:35:03,35366.6,0
2021-06-16 09:35:04,35366.6,0
2021-06-16 09:35:05,35368.1,0
2021-06-16 09:35:06,35368.1,0
2021-06-16 09:35:07,35368.9,0
2021-06-16 09:35:08,35367.6,0
2021-06-16 09:35:09,35367.35,0
2021-06-16 09:35:10,35368.8,0
2021-06-16 09:35:11,35372.8,0
2021-06-16 09:35:14,35368.3,0
2021-06-16 09:35:16,35371.8,0
2021-06-16 09:35:17,35376.2,0
2021-06-16 09:35:18,35375.2,0
2021-06-16 09:35:19,35371.8,0
2021-06-16 09:35:20,35371.55,0
2021-06-16 09:35:21,35372.65,0
2021-06-16 09:35:22,35367.7,0
2021-06-16 09:35:23,35365.8,0
2021-06-16 09:35:25,35364.1,0
2021-06-16 09:35:26,35360.8,0
2021-06-16 09:35:27,35356.65,0
2021-06-16 09:35:28,35358.25,0
2021-06-16 09:35:30,35356.65,0
2021-06-16 09:35:32,35351.8,0
2021-06-16 09:35:33,35349.65,0
2021-06-16 09:35:34,35349.15,0
2021-06-16 09:35:35,35350.95,0
2021-06-16 09:35:36,35350.0,0
2021-06-16 09:35:37,35351.1,0
2021-06-16 09:35:38,35348.2,0
2021-06-16 09:35:39,35348.3,0
2021-06-16 09:35:40,35350.1,0
2021-06-16 09:35:43,35351.6,0
2021-06-16 09:35:45,35358.5,0
2021-06-16 09:35:46,35357.25,0
2021-06-16 09:35:47,35361.0,0
2021-06-16 09:35:48,35364.2,0
2021-06-16 09:35:49,35361.75,0
2021-06-16 09:35:50,35357.95,0
2021-06-16 09:35:51,35357.7,0
2021-06-16 09:35:53,35360.45,0
2021-06-16 09:35:54,35360.05,0
2021-06-16 09:35:55,35361.75,0
2021-06-16 09:35:56,35363.9,0
2021-06-16 09:35:57,35360.4,0
2021-06-16 09:35:58,35359.35,0
2021-06-16 09:35:59,35360.5,0
2021-06-16 09:36:00,35362.85,0
2021-06-16 09:36:01,35358.5,0
2021-06-16 09:36:02,35359.95,0
2021-06-16 09:36:03,35363.85,0
2021-06-16 09:36:05,35364.9,0
2021-06-16 09:36:06,35363.05,0
2021-06-16 09:36:08,35366.3,0
2021-06-16 09:36:09,35369.25,0
2021-06-16 09:36:10,35370.8,0
2021-06-16 09:36:11,35371.45,0
2021-06-16 09:36:12,35372.3,0
2021-06-16 09:36:13,35375.25,0
2021-06-16 09:36:14,35375.05,0
2021-06-16 09:36:15,35372.45,0
2021-06-16 09:36:16,35376.15,0
2021-06-16 09:36:17,35377.5,0
2021-06-16 09:36:18,35376.5,0
2021-06-16 09:36:19,35364.4,0
2021-06-16 09:36:20,35367.6,0
2021-06-16 09:36:23,35371.4,0
2021-06-16 09:36:24,35370.55,0
2021-06-16 09:36:25,35374.85,0
2021-06-16 09:36:26,35371.8,0
2021-06-16 09:36:27,35370.05,0
2021-06-16 09:36:28,35370.65,0
2021-06-16 09:36:29,35370.25,0
2021-06-16 09:36:30,35372.4,0
2021-06-16 09:36:33,35372.1,0
2021-06-16 09:36:34,35371.25,0
2021-06-16 09:36:35,35371.2,0
2021-06-16 09:36:36,35370.9,0
2021-06-16 09:36:37,35373.35,0
2021-06-16 09:36:38,35367.85,0
2021-06-16 09:36:39,35367.1,0
2021-06-16 09:36:40,35372.3,0
2021-06-16 09:36:41,35370.1,0
2021-06-16 09:36:42,35367.45,0
2021-06-16 09:36:43,35365.9,0
2021-06-16 09:36:44,35363.35,0
2021-06-16 09:36:45,35368.4,0
2021-06-16 09:36:46,35368.3,0
2021-06-16 09:36:47,35367.7,0
2021-06-16 09:36:48,35372.2,0
2021-06-16 09:36:49,35370.5,0
2021-06-16 09:36:52,35370.85,0
2021-06-16 09:36:54,35376.0,0
2021-06-16 09:36:55,35377.7,0
2021-06-16 09:36:56,35373.2,0
2021-06-16 09:36:57,35359.7,0
2021-06-16 09:36:58,35362.2,0
2021-06-16 09:36:59,35364.2,0
2021-06-16 09:37:00,35362.5,0
2021-06-16 09:37:02,35364.2,0
2021-06-16 09:37:03,35361.6,0
2021-06-16 09:37:04,35362.65,0
2021-06-16 09:37:05,35365.6,0
2021-06-16 09:37:06,35360.25,0
2021-06-16 09:37:07,35361.5,0
2021-06-16 09:37:08,35362.85,0
2021-06-16 09:37:10,35359.3,0
2021-06-16 09:37:11,35357.25,0
2021-06-16 09:37:13,35359.25,0
2021-06-16 09:37:14,35357.35,0
2021-06-16 09:37:15,35352.85,0
2021-06-16 09:37:16,35355.5,0
2021-06-16 09:37:18,35358.0,0
2021-06-16 09:37:19,35356.0,0
2021-06-16 09:37:20,35355.6,0
2021-06-16 09:37:21,35358.5,0
2021-06-16 09:37:22,35361.85,0
2021-06-16 09:37:23,35360.75,0
2021-06-16 09:37:24,35360.0,0
2021-06-16 09:37:25,35361.0,0
2021-06-16 09:37:26,35360.75,0
2021-06-16 09:37:27,35361.1,0
2021-06-16 09:37:28,35359.5,0
2021-06-16 09:37:29,35354.0,0
2021-06-16 09:37:30,35353.7,0
2021-06-16 09:37:31,35356.0,0
2021-06-16 09:37:32,35353.6,0
2021-06-16 09:37:33,35356.5,0
2021-06-16 09:37:34,35356.4,0
2021-06-16 09:37:35,35355.55,0
2021-06-16 09:37:36,35357.3,0
2021-06-16 09:37:37,35354.95,0
2021-06-16 09:37:38,35351.1,0
2021-06-16 09:37:39,35350.8,0
2021-06-16 09:37:40,35355.35,0
2021-06-16 09:37:41,35352.05,0
2021-06-16 09:37:42,35353.4,0
2021-06-16 09:37:43,35353.5,0
2021-06-16 09:37:44,35353.55,0
2021-06-16 09:37:45,35355.8,0
2021-06-16 09:37:46,35356.1,0
2021-06-16 09:37:47,35354.4,0
2021-06-16 09:37:48,35354.1,0
2021-06-16 09:37:49,35352.25,0
2021-06-16 09:37:50,35360.3,0
2021-06-16 09:37:51,35363.2,0
2021-06-16 09:37:52,35360.85,0
2021-06-16 09:37:53,35363.6,0
2021-06-16 09:37:54,35363.3,0
2021-06-16 09:37:55,35368.35,0
2021-06-16 09:37:56,35363.9,0
2021-06-16 09:37:57,35365.4,0
2021-06-16 09:37:58,35363.4,0
2021-06-16 09:37:59,35363.95,0
2021-06-16 09:38:00,35365.25,0
2021-06-16 09:38:01,35366.75,0
2021-06-16 09:38:02,35367.2,0
2021-06-16 09:38:03,35362.45,0
2021-06-16 09:38:04,35366.25,0
2021-06-16 09:38:05,35366.1,0
2021-06-16 09:38:06,35366.6,0
2021-06-16 09:38:07,35354.6,0
2021-06-16 09:38:08,35358.3,0
2021-06-16 09:38:09,35359.1,0
2021-06-16 09:38:10,35360.5,0
2021-06-16 09:38:11,35356.1,0
2021-06-16 09:38:12,35357.45,0
2021-06-16 09:38:13,35357.75,0
2021-06-16 09:38:14,35359.4,0
2021-06-16 09:38:15,35359.55,0
2021-06-16 09:38:16,35354.5,0
2021-06-16 09:38:17,35356.55,0
2021-06-16 09:38:18,35357.9,0
2021-06-16 09:38:19,35357.5,0
2021-06-16 09:38:20,35358.75,0
2021-06-16 09:38:21,35359.55,0
2021-06-16 09:38:22,35357.85,0
2021-06-16 09:38:23,35356.85,0
2021-06-16 09:38:24,35358.85,0
2021-06-16 09:38:25,35358.55,0
2021-06-16 09:38:27,35357.05,0
2021-06-16 09:38:28,35356.5,0
2021-06-16 09:38:30,35357.6,0
2021-06-16 09:38:32,35356.3,0
2021-06-16 09:38:33,35357.75,0
2021-06-16 09:38:34,35355.75,0
2021-06-16 09:38:35,35355.7,0
2021-06-16 09:38:38,35361.1,0
2021-06-16 09:38:39,35362.25,0
2021-06-16 09:38:40,35361.85,0
2021-06-16 09:38:41,35363.15,0
2021-06-16 09:38:42,35360.55,0
2021-06-16 09:38:43,35360.95,0
2021-06-16 09:38:44,35359.25,0
2021-06-16 09:38:46,35359.45,0
2021-06-16 09:38:47,35358.35,0
2021-06-16 09:38:48,35356.5,0
2021-06-16 09:38:49,35356.4,0
2021-06-16 09:38:50,35356.35,0
2021-06-16 09:38:51,35353.8,0
2021-06-16 09:38:53,35352.8,0
2021-06-16 09:38:55,35350.0,0
2021-06-16 09:38:56,35356.0,0
2021-06-16 09:38:57,35355.55,0
2021-06-16 09:38:58,35355.2,0
2021-06-16 09:38:59,35355.6,0
2021-06-16 09:39:00,35356.1,0
2021-06-16 09:39:01,35355.9,0
2021-06-16 09:39:02,35356.5,0
2021-06-16 09:39:03,35357.3,0
2021-06-16 09:39:05,35356.4,0
2021-06-16 09:39:06,35358.05,0
2021-06-16 09:39:07,35358.1,0
2021-06-16 09:39:08,35357.55,0
2021-06-16 09:39:09,35355.65,0
2021-06-16 09:39:10,35359.9,0
2021-06-16 09:39:11,35355.7,0
2021-06-16 09:39:12,35353.75,0
2021-06-16 09:39:13,35352.55,0
2021-06-16 09:39:14,35350.15,0
2021-06-16 09:39:15,35350.85,0
2021-06-16 09:39:16,35351.5,0
2021-06-16 09:39:17,35349.75,0
2021-06-16 09:39:18,35348.2,0
2021-06-16 09:39:19,35349.75,0
2021-06-16 09:39:20,35348.85,0
2021-06-16 09:39:21,35343.85,0
2021-06-16 09:39:22,35337.5,0
2021-06-16 09:39:23,35338.8,0
2021-06-16 09:39:24,35338.1,0
2021-06-16 09:39:25,35337.65,0
2021-06-16 09:39:26,35339.2,0
2021-06-16 09:39:27,35337.7,0
2021-06-16 09:39:28,35334.6,0
2021-06-16 09:39:29,35333.35,0
2021-06-16 09:39:30,35337.0,0
2021-06-16 09:39:31,35332.95,0
2021-06-16 09:39:32,35336.45,0
2021-06-16 09:39:33,35336.7,0
2021-06-16 09:39:34,35336.35,0
2021-06-16 09:39:36,35338.3,0
2021-06-16 09:39:35,35336.6,0
2021-06-16 09:39:38,35340.75,0
2021-06-16 09:39:39,35341.9,0
2021-06-16 09:39:40,35340.4,0
2021-06-16 09:39:41,35341.8,0
2021-06-16 09:39:42,35341.5,0
2021-06-16 09:39:43,35339.3,0
2021-06-16 09:39:44,35341.3,0
2021-06-16 09:39:45,35339.1,0
2021-06-16 09:39:46,35339.6,0
2021-06-16 09:39:47,35339.95,0
2021-06-16 09:39:48,35341.25,0
2021-06-16 09:39:49,35339.3,0
2021-06-16 09:39:50,35337.2,0
2021-06-16 09:39:51,35336.3,0
2021-06-16 09:39:52,35337.2,0
2021-06-16 09:39:53,35335.9,0
2021-06-16 09:39:54,35337.2,0
2021-06-16 09:39:55,35336.05,0
2021-06-16 09:39:57,35335.45,0
2021-06-16 09:39:58,35332.8,0
2021-06-16 09:39:59,35337.45,0
2021-06-16 09:40:02,35335.5,0
2021-06-16 09:40:03,35335.55,0
2021-06-16 09:40:04,35335.4,0
2021-06-16 09:40:05,35333.45,0
2021-06-16 09:40:06,35332.15,0
2021-06-16 09:40:07,35332.6,0
2021-06-16 09:40:08,35336.95,0
2021-06-16 09:40:09,35336.8,0
2021-06-16 09:40:10,35338.4,0
2021-06-16 09:40:11,35338.3,0
2021-06-16 09:40:13,35341.3,0
2021-06-16 09:40:14,35334.8,0
2021-06-16 09:40:15,35339.4,0
2021-06-16 09:40:16,35339.5,0
2021-06-16 09:40:17,35339.5,0
2021-06-16 09:40:18,35339.15,0
2021-06-16 09:40:19,35334.45,0
2021-06-16 09:40:20,35336.8,0
2021-06-16 09:40:22,35336.1,0
2021-06-16 09:40:24,35338.6,0
2021-06-16 09:40:25,35338.15,0
2021-06-16 09:40:26,35335.85,0
2021-06-16 09:40:27,35335.9,0
2021-06-16 09:40:29,35337.7,0
2021-06-16 09:40:30,35335.3,0
2021-06-16 09:40:31,35332.8,0
2021-06-16 09:40:32,35333.2,0
2021-06-16 09:40:33,35330.95,0
2021-06-16 09:40:34,35334.35,0
2021-06-16 09:40:35,35331.3,0
2021-06-16 09:40:36,35328.7,0
2021-06-16 09:40:37,35329.8,0
2021-06-16 09:40:38,35328.35,0
2021-06-16 09:40:39,35324.4,0
2021-06-16 09:40:40,35323.95,0
2021-06-16 09:40:41,35325.45,0
2021-06-16 09:40:42,35326.9,0
2021-06-16 09:40:43,35327.05,0
2021-06-16 09:40:46,35325.15,0
2021-06-16 09:40:47,35327.6,0
2021-06-16 09:40:48,35330.2,0
2021-06-16 09:40:49,35327.8,0
2021-06-16 09:40:50,35325.85,0
2021-06-16 09:40:51,35324.05,0
2021-06-16 09:40:52,35323.95,0
2021-06-16 09:40:57,35327.3,0
2021-06-16 09:40:59,35324.45,0
2021-06-16 09:41:00,35323.5,0
2021-06-16 09:41:01,35323.8,0
2021-06-16 09:41:02,35324.35,0
2021-06-16 09:41:03,35323.05,0
2021-06-16 09:41:04,35323.9,0
2021-06-16 09:41:05,35324.6,0
2021-06-16 09:41:07,35323.7,0
2021-06-16 09:41:08,35324.65,0
2021-06-16 09:41:10,35324.95,0
2021-06-16 09:41:11,35323.8,0
2021-06-16 09:41:13,35325.0,0
2021-06-16 09:41:14,35325.15,0
2021-06-16 09:41:15,35322.95,0
2021-06-16 09:41:16,35317.1,0
2021-06-16 09:41:17,35320.95,0
2021-06-16 09:41:18,35319.5,0
2021-06-16 09:41:19,35317.0,0
2021-06-16 09:41:20,35317.45,0
2021-06-16 09:41:21,35323.1,0
2021-06-16 09:41:22,35325.2,0
2021-06-16 09:41:23,35321.2,0
2021-06-16 09:41:25,35326.85,0
2021-06-16 09:41:26,35326.9,0
2021-06-16 09:41:27,35324.8,0
2021-06-16 09:41:28,35325.4,0
2021-06-16 09:41:29,35322.5,0
2021-06-16 09:41:30,35321.0,0
2021-06-16 09:41:31,35323.2,0
2021-06-16 09:41:32,35323.2,0
2021-06-16 09:41:33,35323.5,0
2021-06-16 09:41:34,35322.95,0
2021-06-16 09:41:36,35321.05,0
2021-06-16 09:41:37,35323.3,0
2021-06-16 09:41:38,35321.5,0
2021-06-16 09:41:39,35323.5,0
2021-06-16 09:41:41,35321.9,0
2021-06-16 09:41:42,35318.45,0
2021-06-16 09:41:44,35322.35,0
2021-06-16 09:41:45,35320.65,0
2021-06-16 09:41:46,35319.8,0
2021-06-16 09:41:47,35320.35,0
2021-06-16 09:41:48,35318.65,0
2021-06-16 09:41:49,35317.2,0
2021-06-16 09:41:51,35313.85,0
2021-06-16 09:41:52,35317.2,0
2021-06-16 09:41:53,35318.55,0
2021-06-16 09:41:54,35316.8,0
2021-06-16 09:41:55,35314.1,0
2021-06-16 09:41:56,35315.7,0
2021-06-16 09:41:57,35317.35,0
2021-06-16 09:41:58,35315.4,0
2021-06-16 09:41:59,35318.95,0
2021-06-16 09:42:00,35316.7,0
2021-06-16 09:42:01,35317.6,0
2021-06-16 09:42:03,35317.6,0
2021-06-16 09:42:04,35317.75,0
2021-06-16 09:42:05,35319.65,0
2021-06-16 09:42:06,35316.95,0
2021-06-16 09:42:07,35316.1,0
2021-06-16 09:42:08,35315.35,0
2021-06-16 09:42:09,35320.9,0
2021-06-16 09:42:10,35319.75,0
2021-06-16 09:42:11,35317.2,0
2021-06-16 09:42:12,35316.35,0
2021-06-16 09:42:13,35320.8,0
2021-06-16 09:42:14,35315.85,0
2021-06-16 09:42:15,35314.75,0
2021-06-16 09:42:16,35317.6,0
2021-06-16 09:42:17,35320.9,0
2021-06-16 09:42:18,35317.7,0
2021-06-16 09:42:20,35318.15,0
2021-06-16 09:42:21,35321.05,0
2021-06-16 09:42:22,35319.45,0
2021-06-16 09:42:23,35319.55,0
2021-06-16 09:42:24,35319.95,0
2021-06-16 09:42:25,35324.35,0
2021-06-16 09:42:26,35323.55,0
2021-06-16 09:42:27,35326.9,0
2021-06-16 09:42:28,35329.1,0
2021-06-16 09:42:29,35325.4,0
2021-06-16 09:42:30,35326.6,0
2021-06-16 09:42:31,35328.8,0
2021-06-16 09:42:32,35327.05,0
2021-06-16 09:42:33,35327.3,0
2021-06-16 09:42:34,35330.15,0
2021-06-16 09:42:35,35328.45,0
2021-06-16 09:42:36,35330.45,0
2021-06-16 09:42:37,35329.9,0
2021-06-16 09:42:38,35332.35,0
2021-06-16 09:42:39,35330.3,0
2021-06-16 09:42:40,35332.85,0
2021-06-16 09:42:41,35333.85,0
2021-06-16 09:42:42,35334.15,0
2021-06-16 09:42:43,35334.15,0
2021-06-16 09:42:44,35332.55,0
2021-06-16 09:42:46,35333.5,0
2021-06-16 09:42:47,35329.0,0
2021-06-16 09:42:48,35331.75,0
2021-06-16 09:42:49,35330.55,0
2021-06-16 09:42:50,35329.35,0
2021-06-16 09:42:51,35327.05,0
2021-06-16 09:42:52,35328.05,0
2021-06-16 09:42:53,35328.2,0
2021-06-16 09:42:54,35328.45,0
2021-06-16 09:42:56,35325.4,0
2021-06-16 09:42:57,35323.35,0
2021-06-16 09:42:58,35322.6,0
2021-06-16 09:42:59,35320.45,0
2021-06-16 09:43:00,35320.2,0
2021-06-16 09:43:01,35319.05,0
2021-06-16 09:43:02,35321.5,0
2021-06-16 09:43:03,35321.1,0
2021-06-16 09:43:04,35323.75,0
2021-06-16 09:43:05,35322.85,0
2021-06-16 09:43:06,35326.35,0
2021-06-16 09:43:07,35325.1,0
2021-06-16 09:43:08,35324.0,0
2021-06-16 09:43:09,35322.8,0
2021-06-16 09:43:10,35322.05,0
2021-06-16 09:43:11,35321.5,0
2021-06-16 09:43:12,35321.45,0
2021-06-16 09:43:13,35324.05,0
2021-06-16 09:43:14,35325.1,0
2021-06-16 09:43:15,35325.75,0
2021-06-16 09:43:16,35322.6,0
2021-06-16 09:43:17,35322.35,0
2021-06-16 09:43:18,35324.25,0
2021-06-16 09:43:19,35321.55,0
2021-06-16 09:43:20,35323.7,0
2021-06-16 09:43:21,35324.5,0
2021-06-16 09:43:22,35321.9,0
2021-06-16 09:43:23,35321.05,0
2021-06-16 09:43:24,35323.05,0
2021-06-16 09:43:25,35320.0,0
2021-06-16 09:43:26,35323.15,0
2021-06-16 09:43:28,35323.1,0
2021-06-16 09:43:29,35327.95,0
2021-06-16 09:43:30,35323.4,0
2021-06-16 09:43:31,35323.75,0
2021-06-16 09:43:32,35325.6,0
2021-06-16 09:43:33,35323.95,0
2021-06-16 09:43:34,35324.7,0
2021-06-16 09:43:35,35325.7,0
2021-06-16 09:43:37,35327.3,0
2021-06-16 09:43:38,35324.25,0
2021-06-16 09:43:41,35323.5,0
2021-06-16 09:43:42,35321.95,0
2021-06-16 09:43:44,35323.0,0
2021-06-16 09:43:46,35321.7,0
2021-06-16 09:43:47,35320.3,0
2021-06-16 09:43:49,35322.9,0
2021-06-16 09:43:50,35315.55,0
2021-06-16 09:43:51,35315.8,0
2021-06-16 09:43:53,35313.55,0
2021-06-16 09:43:54,35313.8,0
2021-06-16 09:43:55,35317.2,0
2021-06-16 09:43:56,35317.7,0
2021-06-16 09:43:57,35314.05,0
2021-06-16 09:43:58,35315.0,0
2021-06-16 09:43:59,35315.8,0
2021-06-16 09:44:00,35318.4,0
2021-06-16 09:44:01,35318.25,0
2021-06-16 09:44:04,35312.65,0
2021-06-16 09:44:05,35313.05,0
2021-06-16 09:44:06,35314.3,0
2021-06-16 09:44:07,35313.9,0
2021-06-16 09:44:08,35314.3,0
2021-06-16 09:44:09,35316.9,0
2021-06-16 09:44:10,35310.05,0
2021-06-16 09:44:11,35309.85,0
2021-06-16 09:44:12,35313.15,0
2021-06-16 09:44:13,35313.9,0
2021-06-16 09:44:14,35309.25,0
2021-06-16 09:44:15,35308.4,0
2021-06-16 09:44:16,35315.35,0
2021-06-16 09:44:17,35314.0,0
2021-06-16 09:44:18,35312.5,0
2021-06-16 09:44:19,35315.7,0
2021-06-16 09:44:20,35315.75,0
2021-06-16 09:44:21,35315.6,0
2021-06-16 09:44:22,35313.8,0
2021-06-16 09:44:23,35314.65,0
2021-06-16 09:44:24,35313.2,0
2021-06-16 09:44:25,35313.1,0
2021-06-16 09:44:27,35314.85,0
2021-06-16 09:44:28,35313.6,0
2021-06-16 09:44:29,35310.3,0
2021-06-16 09:44:30,35313.3,0
2021-06-16 09:44:31,35311.7,0
2021-06-16 09:44:32,35311.9,0
2021-06-16 09:44:34,35308.05,0
2021-06-16 09:44:35,35314.85,0
2021-06-16 09:44:36,35310.35,0
2021-06-16 09:44:37,35310.0,0
2021-06-16 09:44:38,35307.55,0
2021-06-16 09:44:39,35307.1,0
2021-06-16 09:44:40,35308.95,0
2021-06-16 09:44:41,35310.7,0
2021-06-16 09:44:42,35314.95,0
2021-06-16 09:44:43,35315.1,0
2021-06-16 09:44:45,35311.95,0
2021-06-16 09:44:46,35307.95,0
2021-06-16 09:44:47,35308.45,0
2021-06-16 09:44:49,35306.95,0
2021-06-16 09:44:50,35308.95,0
2021-06-16 09:44:51,35301.45,0
2021-06-16 09:44:52,35302.4,0
2021-06-16 09:44:54,35302.45,0
2021-06-16 09:44:55,35301.6,0
2021-06-16 09:44:56,35303.45,0
2021-06-16 09:44:57,35302.8,0
2021-06-16 09:44:58,35306.05,0
2021-06-16 09:44:59,35302.75,0
2021-06-16 09:45:00,35303.35,0
2021-06-16 09:45:01,35301.0,0
2021-06-16 09:45:02,35303.05,0
2021-06-16 09:45:03,35300.55,0
2021-06-16 09:45:04,35303.25,0
2021-06-16 09:45:05,35305.6,0
2021-06-16 09:45:06,35300.05,0
2021-06-16 09:45:07,35297.9,0
2021-06-16 09:45:08,35300.5,0
2021-06-16 09:45:09,35300.7,0
2021-06-16 09:45:10,35301.15,0
2021-06-16 09:45:12,35304.8,0
2021-06-16 09:45:13,35303.75,0
2021-06-16 09:45:14,35303.2,0
2021-06-16 09:45:15,35307.15,0
2021-06-16 09:45:16,35309.75,0
2021-06-16 09:45:17,35309.95,0
2021-06-16 09:45:18,35312.7,0
2021-06-16 09:45:20,35315.4,0
2021-06-16 09:45:22,35317.1,0
2021-06-16 09:45:23,35315.1,0
2021-06-16 09:45:24,35317.75,0
2021-06-16 09:45:25,35321.95,0
2021-06-16 09:45:26,35320.6,0
2021-06-16 09:45:27,35327.85,0
2021-06-16 09:45:28,35326.95,0
2021-06-16 09:45:29,35328.25,0
2021-06-16 09:45:30,35325.9,0
2021-06-16 09:45:31,35327.45,0
2021-06-16 09:45:32,35325.15,0
2021-06-16 09:45:33,35325.65,0
2021-06-16 09:45:34,35324.8,0
2021-06-16 09:45:37,35318.85,0
2021-06-16 09:45:38,35316.8,0
2021-06-16 09:45:39,35317.95,0
2021-06-16 09:45:40,35317.9,0
2021-06-16 09:45:41,35324.0,0
2021-06-16 09:45:42,35320.1,0
2021-06-16 09:45:43,35322.7,0
2021-06-16 09:45:44,35321.95,0
2021-06-16 09:45:45,35320.3,0
2021-06-16 09:45:46,35321.1,0
2021-06-16 09:45:48,35317.5,0
2021-06-16 09:45:49,35325.8,0
2021-06-16 09:45:50,35323.0,0
2021-06-16 09:45:51,35325.45,0
2021-06-16 09:45:52,35319.85,0
2021-06-16 09:45:53,35320.3,0
2021-06-16 09:45:54,35321.55,0
2021-06-16 09:45:55,35321.5,0
2021-06-16 09:45:56,35320.45,0
2021-06-16 09:45:57,35320.05,0
2021-06-16 09:45:59,35321.4,0
2021-06-16 09:46:01,35317.65,0
2021-06-16 09:46:05,35314.1,0
2021-06-16 09:46:08,35311.4,0
2021-06-16 09:46:10,35311.65,0
2021-06-16 09:46:11,35309.9,0
2021-06-16 09:46:12,35307.25,0
2021-06-16 09:46:14,35306.55,0
2021-06-16 09:46:15,35307.55,0
2021-06-16 09:46:16,35306.3,0
2021-06-16 09:46:17,35301.55,0
2021-06-16 09:46:18,35301.6,0
2021-06-16 09:46:19,35297.45,0
2021-06-16 09:46:20,35292.95,0
2021-06-16 09:46:21,35299.75,0
2021-06-16 09:46:22,35297.05,0
2021-06-16 09:46:23,35291.6,0
2021-06-16 09:46:24,35288.8,0
2021-06-16 09:46:25,35287.15,0
2021-06-16 09:46:26,35288.2,0
2021-06-16 09:46:27,35287.1,0
2021-06-16 09:46:28,35285.65,0
2021-06-16 09:46:29,35286.6,0
2021-06-16 09:46:30,35286.85,0
2021-06-16 09:46:31,35284.55,0
2021-06-16 09:46:32,35285.35,0
2021-06-16 09:46:33,35285.05,0
2021-06-16 09:46:34,35284.85,0
2021-06-16 09:46:35,35283.4,0
2021-06-16 09:46:36,35282.2,0
2021-06-16 09:46:37,35286.3,0
2021-06-16 09:46:38,35283.8,0
2021-06-16 09:46:39,35282.65,0
2021-06-16 09:46:40,35283.75,0
2021-06-16 09:46:41,35278.7,0
2021-06-16 09:46:42,35280.95,0
2021-06-16 09:46:43,35273.75,0
2021-06-16 09:46:44,35270.85,0
2021-06-16 09:46:45,35272.6,0
2021-06-16 09:46:46,35270.75,0
2021-06-16 09:46:47,35272.95,0
2021-06-16 09:46:48,35275.35,0
2021-06-16 09:46:50,35279.5,0
2021-06-16 09:46:51,35276.95,0
2021-06-16 09:46:52,35276.75,0
2021-06-16 09:46:53,35274.3,0
2021-06-16 09:46:54,35270.55,0
2021-06-16 09:46:55,35272.7,0
2021-06-16 09:46:56,35272.5,0
2021-06-16 09:46:57,35272.0,0
2021-06-16 09:46:58,35267.5,0
2021-06-16 09:46:59,35268.5,0
2021-06-16 09:47:00,35267.2,0
2021-06-16 09:47:01,35268.6,0
2021-06-16 09:47:02,35268.2,0
2021-06-16 09:47:03,35265.5,0
2021-06-16 09:47:04,35266.55,0
2021-06-16 09:47:05,35264.95,0
2021-06-16 09:47:06,35264.4,0
2021-06-16 09:47:07,35262.6,0
2021-06-16 09:47:09,35261.3,0
2021-06-16 09:47:10,35260.9,0
2021-06-16 09:47:11,35262.15,0
2021-06-16 09:47:14,35265.35,0
2021-06-16 09:47:15,35265.05,0
2021-06-16 09:47:16,35263.85,0
2021-06-16 09:47:17,35257.4,0
2021-06-16 09:47:18,35260.35,0
2021-06-16 09:47:19,35260.1,0
2021-06-16 09:47:20,35257.25,0
2021-06-16 09:47:21,35256.1,0
2021-06-16 09:47:22,35256.35,0
2021-06-16 09:47:23,35261.6,0
2021-06-16 09:47:24,35260.75,0
2021-06-16 09:47:26,35259.25,0
2021-06-16 09:47:27,35262.5,0
2021-06-16 09:47:28,35258.7,0
2021-06-16 09:47:29,35259.2,0
2021-06-16 09:47:30,35256.45,0
2021-06-16 09:47:31,35256.05,0
2021-06-16 09:47:32,35256.8,0
2021-06-16 09:47:33,35258.75,0
2021-06-16 09:47:35,35260.45,0
2021-06-16 09:47:36,35258.0,0
2021-06-16 09:47:38,35258.8,0
2021-06-16 09:47:39,35257.2,0
2021-06-16 09:47:40,35256.5,0
2021-06-16 09:47:41,35256.75,0
2021-06-16 09:47:42,35256.05,0
2021-06-16 09:47:43,35255.65,0
2021-06-16 09:47:44,35257.9,0
2021-06-16 09:47:45,35257.3,0
2021-06-16 09:47:46,35260.35,0
2021-06-16 09:47:47,35256.65,0
2021-06-16 09:47:48,35257.1,0
2021-06-16 09:47:49,35254.95,0
2021-06-16 09:47:50,35253.4,0
2021-06-16 09:47:51,35252.4,0
2021-06-16 09:47:52,35248.2,0
2021-06-16 09:47:53,35245.95,0
2021-06-16 09:47:54,35247.25,0
2021-06-16 09:47:55,35245.95,0
2021-06-16 09:47:56,35243.55,0
2021-06-16 09:47:57,35241.5,0
2021-06-16 09:47:58,35241.1,0
2021-06-16 09:47:59,35242.75,0
2021-06-16 09:48:01,35242.9,0
2021-06-16 09:48:02,35246.5,0
2021-06-16 09:48:03,35246.95,0
2021-06-16 09:48:04,35245.2,0
2021-06-16 09:48:05,35246.6,0
2021-06-16 09:48:06,35247.4,0
2021-06-16 09:48:09,35252.05,0
2021-06-16 09:48:10,35250.85,0
2021-06-16 09:48:11,35251.35,0
2021-06-16 09:48:12,35251.5,0
2021-06-16 09:48:13,35251.5,0
2021-06-16 09:48:14,35250.95,0
2021-06-16 09:48:15,35249.35,0
2021-06-16 09:48:16,35252.05,0
2021-06-16 09:48:17,35250.0,0
2021-06-16 09:48:20,35245.35,0
2021-06-16 09:48:21,35243.5,0
2021-06-16 09:48:22,35243.8,0
2021-06-16 09:48:23,35246.75,0
2021-06-16 09:48:24,35242.45,0
2021-06-16 09:48:26,35242.95,0
2021-06-16 09:48:27,35239.3,0
2021-06-16 09:48:28,35239.15,0
2021-06-16 09:48:29,35234.35,0
2021-06-16 09:48:30,35237.9,0
2021-06-16 09:48:31,35238.15,0
2021-06-16 09:48:32,35234.25,0
2021-06-16 09:48:33,35235.1,0
2021-06-16 09:48:34,35234.05,0
2021-06-16 09:48:35,35238.1,0
2021-06-16 09:48:36,35237.05,0
2021-06-16 09:48:37,35238.75,0
2021-06-16 09:48:38,35234.65,0
2021-06-16 09:48:39,35234.7,0
2021-06-16 09:48:40,35235.3,0
2021-06-16 09:48:41,35236.7,0
2021-06-16 09:48:42,35233.95,0
2021-06-16 09:48:44,35230.3,0
2021-06-16 09:48:45,35229.5,0
2021-06-16 09:48:46,35229.0,0
2021-06-16 09:48:47,35227.1,0
2021-06-16 09:48:48,35224.15,0
2021-06-16 09:48:49,35221.65,0
2021-06-16 09:48:50,35222.35,0
2021-06-16 09:48:51,35220.8,0
2021-06-16 09:48:52,35226.4,0
2021-06-16 09:48:53,35224.6,0
2021-06-16 09:48:54,35227.25,0
2021-06-16 09:48:55,35225.35,0
2021-06-16 09:48:56,35231.1,0
2021-06-16 09:48:58,35228.45,0
2021-06-16 09:48:59,35231.25,0
2021-06-16 09:49:00,35230.7,0
2021-06-16 09:49:01,35233.15,0
2021-06-16 09:49:02,35229.15,0
2021-06-16 09:49:03,35231.95,0
2021-06-16 09:49:04,35232.7,0
2021-06-16 09:49:05,35232.85,0
2021-06-16 09:49:06,35229.7,0
2021-06-16 09:49:07,35228.2,0
2021-06-16 09:49:08,35225.9,0
2021-06-16 09:49:09,35230.05,0
2021-06-16 09:49:10,35225.6,0
2021-06-16 09:49:11,35234.4,0
2021-06-16 09:49:12,35231.2,0
2021-06-16 09:49:13,35228.05,0
2021-06-16 09:49:14,35229.8,0
2021-06-16 09:49:15,35233.55,0
2021-06-16 09:49:16,35232.35,0
2021-06-16 09:49:18,35228.9,0
2021-06-16 09:49:19,35237.45,0
2021-06-16 09:49:20,35235.95,0
2021-06-16 09:49:21,35230.9,0
2021-06-16 09:49:22,35231.35,0
2021-06-16 09:49:24,35233.7,0
2021-06-16 09:49:25,35235.4,0
2021-06-16 09:49:26,35230.7,0
2021-06-16 09:49:27,35234.25,0
2021-06-16 09:49:28,35237.2,0
2021-06-16 09:49:29,35240.5,0
2021-06-16 09:49:31,35234.2,0
2021-06-16 09:49:32,35233.75,0
2021-06-16 09:49:33,35241.35,0
2021-06-16 09:49:34,35238.55,0
2021-06-16 09:49:35,35236.35,0
2021-06-16 09:49:36,35238.95,0
2021-06-16 09:49:37,35238.6,0
2021-06-16 09:49:38,35235.65,0
2021-06-16 09:49:39,35236.0,0
2021-06-16 09:49:40,35234.6,0
2021-06-16 09:49:41,35234.85,0
2021-06-16 09:49:42,35232.4,0
2021-06-16 09:49:44,35232.9,0
2021-06-16 09:49:47,35233.05,0
2021-06-16 09:49:49,35236.8,0
2021-06-16 09:49:50,35234.8,0
2021-06-16 09:49:51,35229.85,0
2021-06-16 09:49:52,35234.0,0
2021-06-16 09:49:53,35229.25,0
2021-06-16 09:49:54,35226.1,0
2021-06-16 09:49:57,35224.15,0
2021-06-16 09:49:58,35223.3,0
2021-06-16 09:49:59,35224.25,0
2021-06-16 09:50:00,35225.05,0
2021-06-16 09:50:02,35231.85,0
2021-06-16 09:50:03,35225.9,0
2021-06-16 09:50:04,35237.3,0
2021-06-16 09:50:05,35235.0,0
2021-06-16 09:50:06,35233.6,0
2021-06-16 09:50:07,35234.65,0
2021-06-16 09:50:09,35237.95,0
2021-06-16 09:50:11,35233.15,0
2021-06-16 09:50:12,35232.55,0
2021-06-16 09:50:13,35245.05,0
2021-06-16 09:50:14,35240.3,0
2021-06-16 09:50:15,35238.35,0
2021-06-16 09:50:17,35240.1,0
2021-06-16 09:50:18,35243.9,0
2021-06-16 09:50:19,35249.7,0
2021-06-16 09:50:20,35248.35,0
2021-06-16 09:50:21,35248.6,0
2021-06-16 09:50:23,35254.15,0
2021-06-16 09:50:24,35250.6,0
2021-06-16 09:50:26,35252.15,0
2021-06-16 09:50:27,35253.6,0
2021-06-16 09:50:28,35251.85,0
2021-06-16 09:50:30,35253.3,0
2021-06-16 09:50:31,35252.0,0
2021-06-16 09:50:32,35254.15,0
2021-06-16 09:50:34,35249.15,0
2021-06-16 09:50:35,35250.9,0
2021-06-16 09:50:36,35251.35,0
2021-06-16 09:50:37,35248.85,0
2021-06-16 09:50:38,35248.4,0
2021-06-16 09:50:39,35245.2,0
2021-06-16 09:50:40,35247.25,0
2021-06-16 09:50:41,35246.8,0
2021-06-16 09:50:42,35244.45,0
2021-06-16 09:50:43,35243.4,0
2021-06-16 09:50:44,35245.9,0
2021-06-16 09:50:45,35245.4,0
2021-06-16 09:50:46,35243.65,0
2021-06-16 09:50:47,35244.4,0
2021-06-16 09:50:48,35245.4,0
2021-06-16 09:50:49,35246.75,0
2021-06-16 09:50:50,35242.7,0
2021-06-16 09:50:51,35245.35,0
2021-06-16 09:50:52,35243.75,0
2021-06-16 09:50:53,35245.55,0
2021-06-16 09:50:54,35247.15,0
2021-06-16 09:50:55,35243.05,0
2021-06-16 09:50:56,35241.0,0
2021-06-16 09:50:58,35238.25,0
2021-06-16 09:50:59,35243.0,0
2021-06-16 09:51:00,35239.95,0
2021-06-16 09:51:01,35241.8,0
2021-06-16 09:51:02,35237.1,0
2021-06-16 09:51:03,35239.8,0
2021-06-16 09:51:04,35236.05,0
2021-06-16 09:51:06,35234.85,0
2021-06-16 09:51:07,35241.05,0
2021-06-16 09:51:08,35237.35,0
2021-06-16 09:51:09,35239.1,0
2021-06-16 09:51:10,35236.95,0
2021-06-16 09:51:11,35238.0,0
2021-06-16 09:51:13,35237.45,0
2021-06-16 09:51:14,35238.7,0
2021-06-16 09:51:16,35242.05,0
2021-06-16 09:51:17,35239.5,0
2021-06-16 09:51:18,35241.5,0
2021-06-16 09:51:19,35238.7,0
2021-06-16 09:51:20,35241.45,0
2021-06-16 09:51:21,35241.3,0
2021-06-16 09:51:22,35239.4,0
2021-06-16 09:51:23,35246.8,0
2021-06-16 09:51:24,35238.9,0
2021-06-16 09:51:26,35239.25,0
2021-06-16 09:51:27,35252.35,0
2021-06-16 09:51:29,35248.65,0
2021-06-16 09:51:30,35247.1,0
2021-06-16 09:51:31,35247.6,0
2021-06-16 09:51:32,35247.85,0
2021-06-16 09:51:33,35247.7,0
2021-06-16 09:51:34,35249.55,0
2021-06-16 09:51:35,35251.45,0
2021-06-16 09:51:36,35251.75,0
2021-06-16 09:51:37,35250.7,0
2021-06-16 09:51:38,35252.5,0
2021-06-16 09:51:39,35252.3,0
2021-06-16 09:51:40,35249.85,0
2021-06-16 09:51:41,35246.9,0
2021-06-16 09:51:42,35248.8,0
2021-06-16 09:51:43,35245.3,0
2021-06-16 09:51:44,35245.8,0
2021-06-16 09:51:45,35248.95,0
2021-06-16 09:51:46,35245.75,0
2021-06-16 09:51:47,35249.0,0
2021-06-16 09:51:49,35248.05,0
2021-06-16 09:51:50,35247.0,0
2021-06-16 09:51:51,35244.7,0
2021-06-16 09:51:52,35246.6,0
2021-06-16 09:51:53,35242.7,0
2021-06-16 09:51:54,35243.2,0
2021-06-16 09:51:55,35244.9,0
2021-06-16 09:51:57,35240.3,0
2021-06-16 09:51:58,35240.45,0
2021-06-16 09:51:59,35238.5,0
2021-06-16 09:52:01,35239.2,0
2021-06-16 09:52:02,35238.55,0
2021-06-16 09:52:03,35239.55,0
2021-06-16 09:52:04,35232.3,0
2021-06-16 09:52:05,35235.8,0
2021-06-16 09:52:06,35235.45,0
2021-06-16 09:52:07,35232.15,0
2021-06-16 09:52:09,35233.05,0
2021-06-16 09:52:10,35234.35,0
2021-06-16 09:52:11,35233.6,0
2021-06-16 09:52:12,35234.8,0
2021-06-16 09:52:13,35237.65,0
2021-06-16 09:52:14,35231.7,0
2021-06-16 09:52:16,35232.8,0
2021-06-16 09:52:17,35231.0,0
2021-06-16 09:52:18,35230.05,0
2021-06-16 09:52:21,35223.75,0
2021-06-16 09:52:22,35229.4,0
2021-06-16 09:52:23,35227.75,0
2021-06-16 09:52:24,35223.1,0
2021-06-16 09:52:25,35230.1,0
2021-06-16 09:52:27,35230.9,0
2021-06-16 09:52:29,35229.7,0
2021-06-16 09:52:30,35231.7,0
2021-06-16 09:52:31,35227.9,0
2021-06-16 09:52:32,35228.45,0
2021-06-16 09:52:34,35230.55,0
2021-06-16 09:52:35,35228.3,0
2021-06-16 09:52:37,35228.05,0
2021-06-16 09:52:38,35229.2,0
2021-06-16 09:52:39,35230.35,0
2021-06-16 09:52:40,35233.3,0
2021-06-16 09:52:41,35239.2,0
2021-06-16 09:52:42,35237.95,0
2021-06-16 09:52:44,35238.5,0
2021-06-16 09:52:45,35238.9,0
2021-06-16 09:52:46,35238.95,0
2021-06-16 09:52:49,35238.65,0
2021-06-16 09:52:50,35237.6,0
2021-06-16 09:52:54,35231.8,0
2021-06-16 09:52:55,35234.85,0
2021-06-16 09:52:56,35229.6,0
2021-06-16 09:52:57,35231.15,0
2021-06-16 09:52:58,35230.35,0
2021-06-16 09:52:59,35230.4,0
2021-06-16 09:53:00,35232.0,0
2021-06-16 09:53:01,35232.9,0
2021-06-16 09:53:02,35231.35,0
2021-06-16 09:53:04,35230.5,0
2021-06-16 09:53:05,35231.2,0
2021-06-16 09:53:07,35233.2,0
2021-06-16 09:53:08,35233.8,0
2021-06-16 09:53:09,35230.2,0
2021-06-16 09:53:11,35232.8,0
2021-06-16 09:53:12,35233.05,0
2021-06-16 09:53:13,35236.7,0
2021-06-16 09:53:14,35239.75,0
2021-06-16 09:53:15,35235.65,0
2021-06-16 09:53:16,35234.8,0
2021-06-16 09:53:18,35232.05,0
2021-06-16 09:53:20,35234.95,0
2021-06-16 09:53:21,35237.55,0
2021-06-16 09:53:22,35233.65,0
2021-06-16 09:53:23,35242.0,0
2021-06-16 09:53:24,35239.95,0
2021-06-16 09:53:25,35239.4,0
2021-06-16 09:53:26,35244.65,0
2021-06-16 09:53:27,35241.7,0
2021-06-16 09:53:29,35241.75,0
2021-06-16 09:53:28,35244.5,0
2021-06-16 09:53:30,35242.55,0
2021-06-16 09:53:31,35241.8,0
2021-06-16 09:53:32,35241.4,0
2021-06-16 09:53:33,35249.0,0
2021-06-16 09:53:34,35252.9,0
2021-06-16 09:53:35,35248.5,0
2021-06-16 09:53:36,35248.45,0
2021-06-16 09:53:37,35245.45,0
2021-06-16 09:53:38,35250.85,0
2021-06-16 09:53:39,35246.3,0
2021-06-16 09:53:40,35249.75,0
2021-06-16 09:53:41,35250.25,0
2021-06-16 09:53:42,35249.95,0
2021-06-16 09:53:44,35245.85,0
2021-06-16 09:53:45,35248.6,0
2021-06-16 09:53:47,35249.4,0
2021-06-16 09:53:48,35244.9,0
2021-06-16 09:53:49,35245.05,0
2021-06-16 09:53:50,35240.7,0
2021-06-16 09:53:52,35241.65,0
2021-06-16 09:53:53,35241.55,0
2021-06-16 09:53:54,35239.75,0
2021-06-16 09:53:55,35245.55,0
2021-06-16 09:53:56,35244.45,0
2021-06-16 09:53:57,35246.05,0
2021-06-16 09:54:00,35245.95,0
2021-06-16 09:54:01,35247.65,0
2021-06-16 09:54:02,35245.25,0
2021-06-16 09:54:03,35248.5,0
2021-06-16 09:54:04,35243.8,0
2021-06-16 09:54:05,35245.3,0
2021-06-16 09:54:06,35247.05,0
2021-06-16 09:54:07,35248.55,0
2021-06-16 09:54:08,35246.05,0
2021-06-16 09:54:09,35248.1,0
2021-06-16 09:54:10,35244.95,0
2021-06-16 09:54:11,35245.05,0
2021-06-16 09:54:12,35246.85,0
2021-06-16 09:54:13,35250.0,0
2021-06-16 09:54:14,35249.2,0
2021-06-16 09:54:15,35250.35,0
2021-06-16 09:54:16,35249.8,0
2021-06-16 09:54:17,35250.8,0
2021-06-16 09:54:18,35254.7,0
2021-06-16 09:54:19,35254.4,0
2021-06-16 09:54:20,35249.45,0
2021-06-16 09:54:21,35251.9,0
2021-06-16 09:54:23,35253.15,0
2021-06-16 09:54:24,35249.95,0
2021-06-16 09:54:26,35247.95,0
2021-06-16 09:54:29,35246.85,0
2021-06-16 09:54:30,35248.35,0
2021-06-16 09:54:31,35250.05,0
2021-06-16 09:54:32,35248.55,0
2021-06-16 09:54:33,35246.45,0
2021-06-16 09:54:34,35250.05,0
2021-06-16 09:54:35,35249.55,0
2021-06-16 09:54:36,35245.85,0
2021-06-16 09:54:37,35247.8,0
2021-06-16 09:54:38,35247.35,0
2021-06-16 09:54:39,35246.3,0
2021-06-16 09:54:40,35243.85,0
2021-06-16 09:54:42,35249.2,0
2021-06-16 09:54:44,35244.35,0
2021-06-16 09:54:45,35244.5,0
2021-06-16 09:54:46,35245.45,0
2021-06-16 09:54:47,35242.6,0
2021-06-16 09:54:48,35243.65,0
2021-06-16 09:54:49,35243.0,0
2021-06-16 09:54:50,35241.2,0
2021-06-16 09:54:51,35239.95,0
2021-06-16 09:54:52,35241.15,0
2021-06-16 09:54:53,35239.65,0
2021-06-16 09:54:55,35245.45,0
2021-06-16 09:54:56,35248.45,0
2021-06-16 09:54:57,35248.35,0
2021-06-16 09:54:58,35250.9,0
2021-06-16 09:54:59,35250.2,0
2021-06-16 09:55:00,35248.15,0
2021-06-16 09:55:01,35248.2,0
2021-06-16 09:55:02,35251.7,0
2021-06-16 09:55:03,35249.5,0
2021-06-16 09:55:04,35248.75,0
2021-06-16 09:55:06,35247.55,0
2021-06-16 09:55:07,35253.15,0
2021-06-16 09:55:08,35249.75,0
2021-06-16 09:55:09,35248.05,0
2021-06-16 09:55:10,35244.7,0
2021-06-16 09:55:11,35248.75,0
2021-06-16 09:55:13,35246.1,0
2021-06-16 09:55:14,35249.2,0
2021-06-16 09:55:17,35252.6,0
2021-06-16 09:55:18,35252.25,0
2021-06-16 09:55:19,35252.0,0
2021-06-16 09:55:20,35250.35,0
2021-06-16 09:55:21,35250.5,0
2021-06-16 09:55:22,35251.85,0
2021-06-16 09:55:23,35254.85,0
2021-06-16 09:55:24,35254.25,0
2021-06-16 09:55:25,35259.25,0
2021-06-16 09:55:26,35254.6,0
2021-06-16 09:55:27,35258.65,0
2021-06-16 09:55:28,35258.45,0
2021-06-16 09:55:29,35257.75,0
2021-06-16 09:55:30,35258.15,0
2021-06-16 09:55:31,35262.3,0
2021-06-16 09:55:32,35258.1,0
2021-06-16 09:55:33,35259.05,0
2021-06-16 09:55:34,35258.85,0
2021-06-16 09:55:35,35260.05,0
2021-06-16 09:55:37,35257.85,0
2021-06-16 09:55:38,35254.15,0
2021-06-16 09:55:39,35254.3,0
2021-06-16 09:55:41,35256.15,0
2021-06-16 09:55:42,35256.1,0
2021-06-16 09:55:43,35255.75,0
2021-06-16 09:55:44,35251.45,0
2021-06-16 09:55:45,35253.65,0
2021-06-16 09:55:46,35252.05,0
2021-06-16 09:55:48,35254.3,0
2021-06-16 09:55:49,35254.6,0
2021-06-16 09:55:50,35250.7,0
2021-06-16 09:55:51,35250.6,0
2021-06-16 09:55:52,35252.25,0
2021-06-16 09:55:53,35251.55,0
2021-06-16 09:55:54,35252.1,0
2021-06-16 09:55:55,35252.95,0
2021-06-16 09:55:57,35252.65,0
2021-06-16 09:55:58,35253.4,0
2021-06-16 09:55:59,35252.3,0
2021-06-16 09:56:00,35256.05,0
2021-06-16 09:56:01,35252.25,0
2021-06-16 09:56:02,35250.05,0
2021-06-16 09:56:03,35251.15,0
2021-06-16 09:56:04,35251.9,0
2021-06-16 09:56:05,35251.4,0
2021-06-16 09:56:06,35250.2,0
2021-06-16 09:56:07,35252.75,0
2021-06-16 09:56:08,35247.85,0
2021-06-16 09:56:09,35251.55,0
2021-06-16 09:56:10,35251.05,0
2021-06-16 09:56:11,35250.1,0
2021-06-16 09:56:12,35250.6,0
2021-06-16 09:56:13,35249.7,0
2021-06-16 09:56:14,35248.7,0
2021-06-16 09:56:15,35249.25,0
2021-06-16 09:56:16,35251.45,0
2021-06-16 09:56:17,35248.8,0
2021-06-16 09:56:18,35247.0,0
2021-06-16 09:56:19,35247.9,0
2021-06-16 09:56:20,35247.9,0
2021-06-16 09:56:21,35246.4,0
2021-06-16 09:56:22,35248.05,0
2021-06-16 09:56:23,35248.45,0
2021-06-16 09:56:24,35247.85,0
2021-06-16 09:56:25,35249.05,0
2021-06-16 09:56:26,35251.7,0
2021-06-16 09:56:27,35249.5,0
2021-06-16 09:56:29,35249.5,0
2021-06-16 09:56:30,35248.65,0
2021-06-16 09:56:31,35249.6,0
2021-06-16 09:56:32,35248.85,0
2021-06-16 09:56:33,35248.8,0
2021-06-16 09:56:34,35251.65,0
2021-06-16 09:56:35,35249.95,0
2021-06-16 09:56:37,35248.3,0
2021-06-16 09:56:38,35251.5,0
2021-06-16 09:56:39,35252.2,0
2021-06-16 09:56:40,35251.0,0
2021-06-16 09:56:41,35252.05,0
2021-06-16 09:56:42,35256.25,0
2021-06-16 09:56:43,35255.85,0
2021-06-16 09:56:44,35254.45,0
2021-06-16 09:56:45,35254.35,0
2021-06-16 09:56:46,35254.2,0
2021-06-16 09:56:47,35254.15,0
2021-06-16 09:56:48,35251.95,0
2021-06-16 09:56:49,35252.9,0
2021-06-16 09:56:50,35253.75,0
2021-06-16 09:56:51,35253.3,0
2021-06-16 09:56:52,35253.45,0
2021-06-16 09:56:53,35254.7,0
2021-06-16 09:56:54,35253.65,0
2021-06-16 09:56:55,35252.9,0
2021-06-16 09:56:56,35254.25,0
2021-06-16 09:56:57,35251.3,0
2021-06-16 09:56:59,35247.8,0
2021-06-16 09:57:00,35249.45,0
2021-06-16 09:57:01,35246.75,0
2021-06-16 09:57:03,35246.7,0
2021-06-16 09:57:04,35250.05,0
2021-06-16 09:57:05,35247.7,0
2021-06-16 09:57:06,35246.85,0
2021-06-16 09:57:07,35249.95,0
2021-06-16 09:57:08,35248.95,0
2021-06-16 09:57:09,35250.7,0
2021-06-16 09:57:10,35246.95,0
2021-06-16 09:57:11,35244.75,0
2021-06-16 09:57:12,35243.1,0
2021-06-16 09:57:13,35246.85,0
2021-06-16 09:57:14,35243.0,0
2021-06-16 09:57:15,35242.55,0
2021-06-16 09:57:16,35244.95,0
2021-06-16 09:57:17,35245.2,0
2021-06-16 09:57:18,35245.1,0
2021-06-16 09:57:19,35243.35,0
2021-06-16 09:57:20,35242.75,0
2021-06-16 09:57:21,35242.15,0
2021-06-16 09:57:22,35244.35,0
2021-06-16 09:57:23,35244.35,0
2021-06-16 09:57:24,35245.85,0
2021-06-16 09:57:25,35242.05,0
2021-06-16 09:57:26,35243.2,0
2021-06-16 09:57:27,35243.9,0
2021-06-16 09:57:28,35241.5,0
2021-06-16 09:57:29,35242.4,0
2021-06-16 09:57:30,35239.95,0
2021-06-16 09:57:31,35239.4,0
2021-06-16 09:57:32,35242.2,0
2021-06-16 09:57:33,35239.15,0
2021-06-16 09:57:34,35238.2,0
2021-06-16 09:57:35,35240.4,0
2021-06-16 09:57:36,35239.35,0
2021-06-16 09:57:37,35242.2,0
2021-06-16 09:57:38,35239.6,0
2021-06-16 09:57:39,35243.1,0
2021-06-16 09:57:40,35242.9,0
2021-06-16 09:57:41,35237.05,0
2021-06-16 09:57:42,35236.25,0
2021-06-16 09:57:43,35238.15,0
2021-06-16 09:57:45,35232.95,0
2021-06-16 09:57:46,35233.8,0
2021-06-16 09:57:47,35232.65,0
2021-06-16 09:57:48,35233.75,0
2021-06-16 09:57:49,35231.15,0
2021-06-16 09:57:50,35227.35,0
2021-06-16 09:57:51,35226.65,0
2021-06-16 09:57:52,35227.95,0
2021-06-16 09:57:53,35228.2,0
2021-06-16 09:57:54,35228.5,0
2021-06-16 09:57:55,35226.0,0
2021-06-16 09:57:56,35230.45,0
2021-06-16 09:57:57,35226.4,0
2021-06-16 09:57:58,35228.0,0
2021-06-16 09:57:59,35228.9,0
2021-06-16 09:58:00,35225.2,0
2021-06-16 09:58:01,35225.65,0
2021-06-16 09:58:03,35219.2,0
2021-06-16 09:58:04,35220.6,0
2021-06-16 09:58:08,35221.05,0
2021-06-16 09:58:09,35221.2,0
2021-06-16 09:58:10,35221.3,0
2021-06-16 09:58:11,35222.2,0
2021-06-16 09:58:12,35220.75,0
2021-06-16 09:58:13,35221.05,0
2021-06-16 09:58:14,35228.8,0
2021-06-16 09:58:15,35222.5,0
2021-06-16 09:58:16,35222.4,0
2021-06-16 09:58:17,35228.5,0
2021-06-16 09:58:18,35226.15,0
2021-06-16 09:58:19,35224.55,0
2021-06-16 09:58:20,35225.1,0
2021-06-16 09:58:21,35229.05,0
2021-06-16 09:58:22,35231.9,0
2021-06-16 09:58:23,35228.1,0
2021-06-16 09:58:24,35227.7,0
2021-06-16 09:58:25,35234.05,0
2021-06-16 09:58:26,35232.85,0
2021-06-16 09:58:27,35231.55,0
2021-06-16 09:58:28,35229.35,0
2021-06-16 09:58:30,35231.0,0
2021-06-16 09:58:31,35228.2,0
2021-06-16 09:58:32,35230.7,0
2021-06-16 09:58:33,35232.55,0
2021-06-16 09:58:34,35235.3,0
2021-06-16 09:58:35,35237.9,0
2021-06-16 09:58:36,35243.3,0
2021-06-16 09:58:37,35243.75,0
2021-06-16 09:58:38,35242.45,0
2021-06-16 09:58:39,35244.0,0
2021-06-16 09:58:40,35242.55,0
2021-06-16 09:58:41,35242.95,0
2021-06-16 09:58:42,35242.85,0
2021-06-16 09:58:44,35243.4,0
2021-06-16 09:58:45,35241.95,0
2021-06-16 09:58:46,35243.05,0
2021-06-16 09:58:48,35243.5,0
2021-06-16 09:58:49,35239.8,0
2021-06-16 09:58:51,35238.0,0
2021-06-16 09:58:52,35237.35,0
2021-06-16 09:58:53,35235.15,0
2021-06-16 09:58:54,35234.55,0
2021-06-16 09:58:55,35236.0,0
2021-06-16 09:58:56,35235.55,0
2021-06-16 09:58:57,35234.6,0
2021-06-16 09:58:58,35235.4,0
2021-06-16 09:58:59,35235.6,0
2021-06-16 09:59:00,35233.2,0
2021-06-16 09:59:01,35233.0,0
2021-06-16 09:59:02,35227.6,0
2021-06-16 09:59:03,35224.5,0
2021-06-16 09:59:04,35221.3,0
2021-06-16 09:59:05,35223.95,0
2021-06-16 09:59:07,35222.1,0
2021-06-16 09:59:08,35222.2,0
2021-06-16 09:59:09,35220.4,0
2021-06-16 09:59:10,35224.9,0
2021-06-16 09:59:11,35232.15,0
2021-06-16 09:59:12,35234.0,0
2021-06-16 09:59:14,35230.15,0
2021-06-16 09:59:15,35229.6,0
2021-06-16 09:59:17,35230.2,0
2021-06-16 09:59:18,35226.6,0
2021-06-16 09:59:19,35226.8,0
2021-06-16 09:59:20,35227.3,0
2021-06-16 09:59:22,35220.5,0
2021-06-16 09:59:23,35223.45,0
2021-06-16 09:59:24,35220.25,0
2021-06-16 09:59:25,35219.25,0
2021-06-16 09:59:26,35225.9,0
2021-06-16 09:59:27,35223.05,0
2021-06-16 09:59:28,35222.15,0
2021-06-16 09:59:29,35225.4,0
2021-06-16 09:59:30,35222.7,0
2021-06-16 09:59:31,35222.85,0
2021-06-16 09:59:32,35223.6,0
2021-06-16 09:59:33,35224.55,0
2021-06-16 09:59:35,35224.75,0
2021-06-16 09:59:36,35226.0,0
2021-06-16 09:59:37,35225.25,0
2021-06-16 09:59:38,35226.1,0
2021-06-16 09:59:40,35228.65,0
2021-06-16 09:59:41,35226.95,0
2021-06-16 09:59:42,35229.95,0
2021-06-16 09:59:43,35225.75,0
2021-06-16 09:59:44,35225.5,0
2021-06-16 09:59:45,35223.95,0
2021-06-16 09:59:46,35227.7,0
2021-06-16 09:59:49,35229.7,0
2021-06-16 09:59:50,35224.95,0
2021-06-16 09:59:51,35227.4,0
2021-06-16 09:59:52,35226.15,0
2021-06-16 09:59:53,35222.35,0
2021-06-16 09:59:54,35220.65,0
2021-06-16 09:59:55,35223.35,0
2021-06-16 09:59:56,35227.5,0
2021-06-16 09:59:57,35227.35,0
2021-06-16 09:59:58,35225.55,0
2021-06-16 09:59:59,35223.7,0
2021-06-16 10:00:01,35220.95,0
2021-06-16 10:00:02,35221.55,0
2021-06-16 10:00:03,35224.3,0
2021-06-16 10:00:04,35214.0,0
2021-06-16 10:00:05,35216.05,0
2021-06-16 10:00:06,35218.45,0
2021-06-16 10:00:07,35219.85,0
2021-06-16 10:00:08,35218.2,0
2021-06-16 10:00:09,35220.25,0
2021-06-16 10:00:10,35220.35,0
2021-06-16 10:00:12,35217.65,0
2021-06-16 10:00:13,35218.95,0
2021-06-16 10:00:14,35224.5,0
2021-06-16 10:00:15,35222.55,0
2021-06-16 10:00:16,35221.95,0
2021-06-16 10:00:18,35223.45,0
2021-06-16 10:00:21,35221.9,0
2021-06-16 10:00:23,35220.25,0
2021-06-16 10:00:24,35219.5,0
2021-06-16 10:00:25,35222.55,0
2021-06-16 10:00:26,35229.15,0
2021-06-16 10:00:27,35226.2,0
2021-06-16 10:00:28,35233.05,0
2021-06-16 10:00:29,35232.5,0
2021-06-16 10:00:30,35231.25,0
2021-06-16 10:00:31,35233.15,0
2021-06-16 10:00:32,35232.65,0
2021-06-16 10:00:33,35236.2,0
2021-06-16 10:00:34,35234.2,0
2021-06-16 10:00:35,35231.6,0
2021-06-16 10:00:37,35233.3,0
2021-06-16 10:00:38,35232.5,0
2021-06-16 10:00:40,35236.3,0
2021-06-16 10:00:41,35235.1,0
2021-06-16 10:00:42,35236.75,0
2021-06-16 10:00:43,35234.2,0
2021-06-16 10:00:44,35233.25,0
2021-06-16 10:00:45,35231.85,0
2021-06-16 10:00:46,35234.25,0
2021-06-16 10:00:47,35232.9,0
2021-06-16 10:00:48,35232.55,0
2021-06-16 10:00:49,35231.3,0
2021-06-16 10:00:50,35228.25,0
2021-06-16 10:00:51,35228.65,0
2021-06-16 10:00:52,35228.1,0
2021-06-16 10:00:54,35225.4,0
2021-06-16 10:00:56,35230.45,0
2021-06-16 10:00:57,35225.5,0
2021-06-16 10:00:58,35228.55,0
2021-06-16 10:00:59,35227.7,0
2021-06-16 10:01:00,35226.75,0
2021-06-16 10:01:01,35228.1,0
2021-06-16 10:01:02,35226.8,0
2021-06-16 10:01:04,35226.2,0
2021-06-16 10:01:05,35225.4,0
2021-06-16 10:01:06,35223.8,0
2021-06-16 10:01:07,35223.1,0
2021-06-16 10:01:09,35224.4,0
2021-06-16 10:01:10,35221.95,0
2021-06-16 10:01:11,35222.9,0
2021-06-16 10:01:12,35223.15,0
2021-06-16 10:01:13,35220.2,0
2021-06-16 10:01:14,35221.05,0
2021-06-16 10:01:15,35221.25,0
2021-06-16 10:01:16,35221.15,0
2021-06-16 10:01:17,35223.15,0
2021-06-16 10:01:18,35224.4,0
2021-06-16 10:01:19,35223.35,0
2021-06-16 10:01:20,35220.85,0
2021-06-16 10:01:21,35218.5,0
2021-06-16 10:01:22,35218.75,0
2021-06-16 10:01:23,35221.45,0
2021-06-16 10:01:24,35219.65,0
2021-06-16 10:01:25,35218.3,0
2021-06-16 10:01:26,35220.0,0
2021-06-16 10:01:27,35223.3,0
2021-06-16 10:01:28,35220.85,0
2021-06-16 10:01:29,35220.95,0
2021-06-16 10:01:30,35220.9,0
2021-06-16 10:01:31,35218.9,0
2021-06-16 10:01:32,35221.3,0
2021-06-16 10:01:33,35218.4,0
2021-06-16 10:01:34,35218.2,0
2021-06-16 10:01:35,35218.55,0
2021-06-16 10:01:36,35218.75,0
2021-06-16 10:01:37,35219.05,0
2021-06-16 10:01:38,35219.2,0
2021-06-16 10:01:39,35220.7,0
2021-06-16 10:01:41,35220.75,0
2021-06-16 10:01:42,35220.0,0
2021-06-16 10:01:43,35223.2,0
2021-06-16 10:01:45,35217.7,0
2021-06-16 10:01:46,35218.6,0
2021-06-16 10:01:47,35219.05,0
2021-06-16 10:01:48,35221.9,0
2021-06-16 10:01:49,35221.15,0
2021-06-16 10:01:50,35220.95,0
2021-06-16 10:01:51,35220.4,0
2021-06-16 10:01:52,35218.55,0
2021-06-16 10:01:53,35218.9,0
2021-06-16 10:01:55,35220.0,0
2021-06-16 10:01:56,35220.65,0
2021-06-16 10:01:57,35220.6,0
2021-06-16 10:01:58,35219.75,0
2021-06-16 10:01:59,35224.8,0
2021-06-16 10:02:00,35221.2,0
2021-06-16 10:02:01,35221.95,0
2021-06-16 10:02:02,35224.55,0
2021-06-16 10:02:03,35219.5,0
2021-06-16 10:02:04,35223.6,0
2021-06-16 10:02:05,35223.05,0
2021-06-16 10:02:07,35225.3,0
2021-06-16 10:02:08,35225.15,0
2021-06-16 10:02:09,35224.8,0
2021-06-16 10:02:10,35224.45,0
2021-06-16 10:02:11,35223.5,0
2021-06-16 10:02:12,35225.0,0
2021-06-16 10:02:13,35225.35,0
2021-06-16 10:02:14,35226.45,0
2021-06-16 10:02:15,35227.25,0
2021-06-16 10:02:16,35224.85,0
2021-06-16 10:02:17,35227.6,0
2021-06-16 10:02:18,35227.6,0
2021-06-16 10:02:19,35227.75,0
2021-06-16 10:02:20,35228.0,0
2021-06-16 10:02:21,35226.5,0
2021-06-16 10:02:22,35225.8,0
2021-06-16 10:02:23,35225.75,0
2021-06-16 10:02:24,35225.2,0
2021-06-16 10:02:25,35229.0,0
2021-06-16 10:02:26,35226.4,0
2021-06-16 10:02:27,35229.65,0
2021-06-16 10:02:28,35227.95,0
2021-06-16 10:02:29,35229.95,0
2021-06-16 10:02:30,35228.2,0
2021-06-16 10:02:31,35228.45,0
2021-06-16 10:02:32,35228.65,0
2021-06-16 10:02:33,35231.35,0
2021-06-16 10:02:34,35230.9,0
2021-06-16 10:02:35,35231.15,0
2021-06-16 10:02:36,35231.8,0
2021-06-16 10:02:37,35232.6,0
2021-06-16 10:02:39,35230.7,0
2021-06-16 10:02:41,35232.2,0
2021-06-16 10:02:42,35230.85,0
2021-06-16 10:02:43,35231.6,0
2021-06-16 10:02:44,35227.3,0
2021-06-16 10:02:47,35231.45,0
2021-06-16 10:02:48,35231.35,0
2021-06-16 10:02:49,35229.75,0
2021-06-16 10:02:50,35228.95,0
2021-06-16 10:02:51,35228.85,0
2021-06-16 10:02:52,35229.9,0
2021-06-16 10:02:53,35231.4,0
2021-06-16 10:02:54,35230.9,0
2021-06-16 10:02:55,35231.25,0
2021-06-16 10:02:56,35231.65,0
2021-06-16 10:02:57,35230.2,0
2021-06-16 10:02:58,35228.85,0
2021-06-16 10:02:59,35231.3,0
2021-06-16 10:03:00,35229.4,0
2021-06-16 10:03:02,35225.35,0
2021-06-16 10:03:03,35228.5,0
2021-06-16 10:03:04,35226.55,0
2021-06-16 10:03:06,35230.05,0
2021-06-16 10:03:07,35232.2,0
2021-06-16 10:03:08,35230.9,0
2021-06-16 10:03:09,35236.7,0
2021-06-16 10:03:10,35233.95,0
2021-06-16 10:03:11,35235.6,0
2021-06-16 10:03:12,35233.15,0
2021-06-16 10:03:13,35231.15,0
2021-06-16 10:03:14,35239.5,0
2021-06-16 10:03:15,35240.6,0
2021-06-16 10:03:16,35241.9,0
2021-06-16 10:03:17,35241.1,0
2021-06-16 10:03:18,35239.2,0
2021-06-16 10:03:19,35242.8,0
2021-06-16 10:03:20,35240.25,0
2021-06-16 10:03:21,35241.55,0
2021-06-16 10:03:22,35241.35,0
2021-06-16 10:03:23,35241.05,0
2021-06-16 10:03:24,35237.8,0
2021-06-16 10:03:25,35236.8,0
2021-06-16 10:03:26,35237.4,0
2021-06-16 10:03:27,35236.4,0
2021-06-16 10:03:28,35234.6,0
2021-06-16 10:03:29,35236.95,0
2021-06-16 10:03:30,35237.45,0
2021-06-16 10:03:32,35235.1,0
2021-06-16 10:03:33,35232.3,0
2021-06-16 10:03:34,35233.6,0
2021-06-16 10:03:35,35231.2,0
2021-06-16 10:03:36,35229.75,0
2021-06-16 10:03:37,35226.75,0
2021-06-16 10:03:38,35229.2,0
2021-06-16 10:03:39,35228.2,0
2021-06-16 10:03:40,35229.4,0
2021-06-16 10:03:41,35228.85,0
2021-06-16 10:03:42,35226.5,0
2021-06-16 10:03:43,35227.95,0
2021-06-16 10:03:44,35221.1,0
2021-06-16 10:03:45,35222.15,0
2021-06-16 10:03:46,35222.9,0
2021-06-16 10:03:47,35225.35,0
2021-06-16 10:03:48,35219.4,0
2021-06-16 10:03:49,35220.75,0
2021-06-16 10:03:50,35221.9,0
2021-06-16 10:03:51,35220.65,0
2021-06-16 10:03:52,35219.1,0
2021-06-16 10:03:53,35218.15,0
2021-06-16 10:03:54,35216.9,0
2021-06-16 10:03:55,35213.35,0
2021-06-16 10:03:56,35202.55,0
2021-06-16 10:03:57,35199.85,0
2021-06-16 10:03:58,35193.45,0
2021-06-16 10:03:59,35198.25,0
2021-06-16 10:04:00,35197.7,0
2021-06-16 10:04:01,35197.85,0
2021-06-16 10:04:02,35196.2,0
2021-06-16 10:04:03,35196.95,0
2021-06-16 10:04:04,35198.7,0
2021-06-16 10:04:05,35199.35,0
2021-06-16 10:04:07,35198.35,0
2021-06-16 10:04:08,35201.55,0
2021-06-16 10:04:09,35201.45,0
2021-06-16 10:04:10,35203.2,0
2021-06-16 10:04:11,35199.35,0
2021-06-16 10:04:13,35200.45,0
2021-06-16 10:04:14,35199.8,0
2021-06-16 10:04:15,35202.15,0
2021-06-16 10:04:16,35198.9,0
2021-06-16 10:04:17,35198.85,0
2021-06-16 10:04:18,35196.2,0
2021-06-16 10:04:19,35196.2,0
2021-06-16 10:04:20,35198.15,0
2021-06-16 10:04:21,35197.05,0
2021-06-16 10:04:22,35195.55,0
2021-06-16 10:04:23,35195.35,0
2021-06-16 10:04:24,35192.95,0
2021-06-16 10:04:25,35193.3,0
2021-06-16 10:04:26,35194.75,0
2021-06-16 10:04:27,35194.95,0
2021-06-16 10:04:29,35193.9,0
2021-06-16 10:04:30,35194.15,0
2021-06-16 10:04:32,35196.35,0
2021-06-16 10:04:33,35192.95,0
2021-06-16 10:04:34,35193.45,0
2021-06-16 10:04:35,35196.85,0
2021-06-16 10:04:36,35192.9,0
2021-06-16 10:04:37,35195.05,0
2021-06-16 10:04:38,35194.1,0
2021-06-16 10:04:39,35191.2,0
2021-06-16 10:04:40,35188.7,0
2021-06-16 10:04:42,35187.0,0
2021-06-16 10:04:43,35185.95,0
2021-06-16 10:04:44,35182.6,0
2021-06-16 10:04:45,35181.9,0
2021-06-16 10:04:46,35180.55,0
2021-06-16 10:04:47,35180.05,0
2021-06-16 10:04:48,35178.45,0
2021-06-16 10:04:49,35179.65,0
2021-06-16 10:04:50,35179.65,0
2021-06-16 10:04:51,35178.15,0
2021-06-16 10:04:53,35179.25,0
2021-06-16 10:04:54,35177.9,0
2021-06-16 10:04:55,35179.75,0
2021-06-16 10:04:57,35186.55,0
2021-06-16 10:04:58,35186.95,0
2021-06-16 10:04:59,35186.6,0
2021-06-16 10:05:00,35186.05,0
2021-06-16 10:05:01,35188.65,0
2021-06-16 10:05:02,35188.75,0
2021-06-16 10:05:03,35190.8,0
2021-06-16 10:05:04,35186.6,0
2021-06-16 10:05:06,35185.7,0
2021-06-16 10:05:07,35184.8,0
2021-06-16 10:05:08,35185.1,0
2021-06-16 10:05:09,35186.85,0
2021-06-16 10:05:11,35187.25,0
2021-06-16 10:05:12,35183.95,0
2021-06-16 10:05:13,35187.55,0
2021-06-16 10:05:14,35187.65,0
2021-06-16 10:05:15,35187.85,0
2021-06-16 10:05:16,35186.5,0
2021-06-16 10:05:17,35187.8,0
2021-06-16 10:05:18,35188.85,0
2021-06-16 10:05:19,35191.85,0
2021-06-16 10:05:20,35193.1,0
2021-06-16 10:05:21,35190.9,0
2021-06-16 10:05:23,35195.1,0
2021-06-16 10:05:24,35196.05,0
2021-06-16 10:05:25,35192.4,0
2021-06-16 10:05:26,35195.3,0
2021-06-16 10:05:27,35197.65,0
2021-06-16 10:05:29,35204.45,0
2021-06-16 10:05:30,35207.7,0
2021-06-16 10:05:31,35205.6,0
2021-06-16 10:05:32,35207.0,0
2021-06-16 10:05:33,35208.65,0
2021-06-16 10:05:34,35206.25,0
2021-06-16 10:05:35,35208.7,0
2021-06-16 10:05:36,35207.15,0
2021-06-16 10:05:37,35208.85,0
2021-06-16 10:05:38,35208.0,0
2021-06-16 10:05:39,35206.7,0
2021-06-16 10:05:41,35202.55,0
2021-06-16 10:05:42,35202.2,0
2021-06-16 10:05:43,35206.5,0
2021-06-16 10:05:44,35202.9,0
2021-06-16 10:05:45,35200.5,0
2021-06-16 10:05:46,35199.55,0
2021-06-16 10:05:47,35199.35,0
2021-06-16 10:05:48,35200.95,0
2021-06-16 10:05:49,35202.85,0
2021-06-16 10:05:50,35198.4,0
2021-06-16 10:05:51,35200.2,0
2021-06-16 10:05:52,35198.25,0
2021-06-16 10:05:53,35196.3,0
2021-06-16 10:05:54,35197.4,0
2021-06-16 10:05:56,35196.9,0
2021-06-16 10:05:58,35200.0,0
2021-06-16 10:05:59,35200.65,0
2021-06-16 10:06:00,35197.95,0
2021-06-16 10:06:01,35197.75,0
2021-06-16 10:06:02,35198.5,0
2021-06-16 10:06:03,35199.75,0
2021-06-16 10:06:04,35199.05,0
2021-06-16 10:06:05,35198.7,0
2021-06-16 10:06:06,35197.35,0
2021-06-16 10:06:07,35198.35,0
2021-06-16 10:06:08,35197.35,0
2021-06-16 10:06:09,35197.2,0
2021-06-16 10:06:10,35196.4,0
2021-06-16 10:06:11,35196.35,0
2021-06-16 10:06:12,35196.2,0
2021-06-16 10:06:13,35196.3,0
2021-06-16 10:06:14,35196.8,0
2021-06-16 10:06:15,35196.85,0
2021-06-16 10:06:16,35196.65,0
2021-06-16 10:06:17,35196.75,0
2021-06-16 10:06:18,35197.5,0
2021-06-16 10:06:19,35197.15,0
2021-06-16 10:06:20,35194.45,0
2021-06-16 10:06:21,35195.6,0
2021-06-16 10:06:22,35195.45,0
2021-06-16 10:06:24,35197.05,0
2021-06-16 10:06:26,35194.95,0
2021-06-16 10:06:27,35197.1,0
2021-06-16 10:06:28,35194.3,0
2021-06-16 10:06:29,35194.7,0
2021-06-16 10:06:30,35197.7,0
2021-06-16 10:06:32,35196.8,0
2021-06-16 10:06:33,35199.15,0
2021-06-16 10:06:34,35197.9,0
2021-06-16 10:06:36,35197.55,0
2021-06-16 10:06:37,35197.5,0
2021-06-16 10:06:38,35197.65,0
2021-06-16 10:06:39,35197.65,0
2021-06-16 10:06:40,35199.2,0
2021-06-16 10:06:41,35199.3,0
2021-06-16 10:06:42,35197.0,0
2021-06-16 10:06:44,35193.25,0
2021-06-16 10:06:45,35194.85,0
2021-06-16 10:06:46,35200.15,0
2021-06-16 10:06:47,35196.8,0
2021-06-16 10:06:48,35197.75,0
2021-06-16 10:06:49,35195.3,0
2021-06-16 10:06:50,35194.35,0
2021-06-16 10:06:54,35197.4,0
2021-06-16 10:06:55,35195.95,0
2021-06-16 10:06:56,35194.75,0
2021-06-16 10:06:57,35193.95,0
2021-06-16 10:06:58,35196.25,0
2021-06-16 10:06:59,35197.1,0
2021-06-16 10:07:00,35194.25,0
2021-06-16 10:07:01,35195.9,0
2021-06-16 10:07:02,35190.15,0
2021-06-16 10:07:03,35189.05,0
2021-06-16 10:07:05,35189.05,0
2021-06-16 10:07:06,35189.7,0
2021-06-16 10:07:07,35192.1,0
2021-06-16 10:07:08,35188.6,0
2021-06-16 10:07:09,35189.2,0
2021-06-16 10:07:11,35187.75,0
2021-06-16 10:07:12,35184.0,0
2021-06-16 10:07:13,35187.05,0
2021-06-16 10:07:14,35180.3,0
2021-06-16 10:07:15,35181.5,0
2021-06-16 10:07:16,35183.85,0
2021-06-16 10:07:17,35184.25,0
2021-06-16 10:07:18,35186.05,0
2021-06-16 10:07:21,35190.15,0
2021-06-16 10:07:22,35188.95,0
2021-06-16 10:07:23,35190.65,0
2021-06-16 10:07:25,35192.5,0
2021-06-16 10:07:27,35193.4,0
2021-06-16 10:07:28,35190.05,0
2021-06-16 10:07:29,35192.15,0
2021-06-16 10:07:30,35193.35,0
2021-06-16 10:07:31,35192.1,0
2021-06-16 10:07:32,35189.05,0
2021-06-16 10:07:33,35189.75,0
2021-06-16 10:07:34,35193.85,0
2021-06-16 10:07:35,35192.35,0
2021-06-16 10:07:37,35190.45,0
2021-06-16 10:07:38,35190.7,0
2021-06-16 10:07:39,35191.3,0
2021-06-16 10:07:40,35192.5,0
2021-06-16 10:07:41,35190.55,0
2021-06-16 10:07:42,35190.6,0
2021-06-16 10:07:43,35191.7,0
2021-06-16 10:07:44,35191.4,0
2021-06-16 10:07:45,35193.05,0
2021-06-16 10:07:46,35192.45,0
2021-06-16 10:07:47,35194.95,0
2021-06-16 10:07:48,35194.5,0
2021-06-16 10:07:49,35191.8,0
2021-06-16 10:07:50,35190.35,0
2021-06-16 10:07:51,35188.55,0
2021-06-16 10:07:52,35188.15,0
2021-06-16 10:07:53,35187.75,0
2021-06-16 10:07:54,35186.0,0
2021-06-16 10:07:55,35184.85,0
2021-06-16 10:07:56,35185.6,0
2021-06-16 10:07:57,35182.05,0
2021-06-16 10:07:58,35184.55,0
2021-06-16 10:07:59,35186.35,0
2021-06-16 10:08:00,35182.25,0
2021-06-16 10:08:01,35187.65,0
2021-06-16 10:08:03,35184.3,0
2021-06-16 10:08:04,35182.85,0
2021-06-16 10:08:05,35184.8,0
2021-06-16 10:08:06,35181.1,0
2021-06-16 10:08:07,35183.35,0
2021-06-16 10:08:08,35183.8,0
2021-06-16 10:08:10,35184.65,0
2021-06-16 10:08:11,35185.15,0
2021-06-16 10:08:12,35188.15,0
2021-06-16 10:08:13,35186.15,0
2021-06-16 10:08:14,35187.4,0
2021-06-16 10:08:16,35186.15,0
2021-06-16 10:08:17,35190.25,0
2021-06-16 10:08:18,35191.3,0
2021-06-16 10:08:19,35192.2,0
2021-06-16 10:08:20,35193.55,0
2021-06-16 10:08:21,35191.75,0
2021-06-16 10:08:22,35193.55,0
2021-06-16 10:08:23,35190.6,0
2021-06-16 10:08:24,35189.05,0
2021-06-16 10:08:25,35196.5,0
2021-06-16 10:08:26,35194.4,0
2021-06-16 10:08:27,35195.25,0
2021-06-16 10:08:29,35198.35,0
2021-06-16 10:08:30,35197.75,0
2021-06-16 10:08:32,35198.05,0
2021-06-16 10:08:33,35197.3,0
2021-06-16 10:08:35,35201.35,0
2021-06-16 10:08:36,35201.35,0
2021-06-16 10:08:37,35203.0,0
2021-06-16 10:08:38,35201.4,0
2021-06-16 10:08:39,35199.7,0
2021-06-16 10:08:40,35196.0,0
2021-06-16 10:08:41,35193.5,0
2021-06-16 10:08:43,35197.45,0
2021-06-16 10:08:44,35198.7,0
2021-06-16 10:08:45,35192.85,0
2021-06-16 10:08:46,35192.65,0
2021-06-16 10:08:47,35196.85,0
2021-06-16 10:08:48,35193.9,0
2021-06-16 10:08:51,35191.1,0
2021-06-16 10:08:52,35187.75,0
2021-06-16 10:08:53,35188.95,0
2021-06-16 10:08:54,35191.9,0
2021-06-16 10:08:56,35191.45,0
2021-06-16 10:08:57,35189.85,0
2021-06-16 10:08:58,35191.0,0
2021-06-16 10:08:59,35190.4,0
2021-06-16 10:09:00,35187.3,0
2021-06-16 10:09:01,35189.3,0
2021-06-16 10:09:02,35187.4,0
2021-06-16 10:09:03,35185.45,0
2021-06-16 10:09:04,35186.35,0
2021-06-16 10:09:05,35185.15,0
2021-06-16 10:09:06,35183.5,0
2021-06-16 10:09:07,35184.4,0
2021-06-16 10:09:08,35183.7,0
2021-06-16 10:09:09,35181.9,0
2021-06-16 10:09:10,35181.8,0
2021-06-16 10:09:11,35173.55,0
2021-06-16 10:09:12,35172.3,0
2021-06-16 10:09:13,35169.15,0
2021-06-16 10:09:14,35171.5,0
2021-06-16 10:09:15,35171.0,0
2021-06-16 10:09:16,35172.75,0
2021-06-16 10:09:17,35177.0,0
2021-06-16 10:09:18,35173.65,0
2021-06-16 10:09:19,35172.25,0
2021-06-16 10:09:20,35175.95,0
2021-06-16 10:09:21,35177.0,0
2021-06-16 10:09:22,35173.05,0
2021-06-16 10:09:23,35171.15,0
2021-06-16 10:09:24,35174.65,0
2021-06-16 10:09:25,35173.5,0
2021-06-16 10:09:26,35173.55,0
2021-06-16 10:09:27,35176.95,0
2021-06-16 10:09:28,35177.05,0
2021-06-16 10:09:29,35178.25,0
2021-06-16 10:09:30,35176.8,0
2021-06-16 10:09:31,35179.25,0
2021-06-16 10:09:32,35177.0,0
2021-06-16 10:09:33,35184.05,0
2021-06-16 10:09:34,35182.9,0
2021-06-16 10:09:38,35182.85,0
2021-06-16 10:09:39,35183.95,0
2021-06-16 10:09:40,35183.25,0
2021-06-16 10:09:42,35182.3,0
2021-06-16 10:09:43,35182.25,0
2021-06-16 10:09:45,35183.6,0
2021-06-16 10:09:46,35188.2,0
2021-06-16 10:09:47,35185.9,0
2021-06-16 10:09:48,35191.55,0
2021-06-16 10:09:49,35187.3,0
2021-06-16 10:09:50,35186.3,0
2021-06-16 10:09:51,35183.65,0
2021-06-16 10:09:52,35182.9,0
2021-06-16 10:09:55,35184.15,0
2021-06-16 10:09:57,35179.95,0
2021-06-16 10:09:58,35178.45,0
2021-06-16 10:09:59,35177.5,0
2021-06-16 10:10:00,35180.35,0
2021-06-16 10:10:02,35175.45,0
2021-06-16 10:10:03,35173.6,0
2021-06-16 10:10:04,35175.6,0
2021-06-16 10:10:05,35174.8,0
2021-06-16 10:10:06,35176.95,0
2021-06-16 10:10:07,35172.95,0
2021-06-16 10:10:08,35173.3,0
2021-06-16 10:10:09,35173.25,0
2021-06-16 10:10:10,35175.15,0
2021-06-16 10:10:11,35176.25,0
2021-06-16 10:10:12,35176.4,0
2021-06-16 10:10:13,35180.85,0
2021-06-16 10:10:14,35177.95,0
2021-06-16 10:10:15,35179.15,0
2021-06-16 10:10:16,35177.35,0
2021-06-16 10:10:17,35180.15,0
2021-06-16 10:10:18,35176.85,0
2021-06-16 10:10:19,35178.6,0
2021-06-16 10:10:20,35181.5,0
2021-06-16 10:10:21,35182.1,0
2021-06-16 10:10:23,35180.4,0
2021-06-16 10:10:24,35180.85,0
2021-06-16 10:10:25,35182.55,0
2021-06-16 10:10:26,35180.9,0
2021-06-16 10:10:28,35183.8,0
2021-06-16 10:10:29,35182.55,0
2021-06-16 10:10:30,35186.65,0
2021-06-16 10:10:31,35181.9,0
2021-06-16 10:10:32,35183.65,0
2021-06-16 10:10:33,35185.15,0
2021-06-16 10:10:34,35185.75,0
2021-06-16 10:10:36,35183.5,0
2021-06-16 10:10:37,35186.1,0
2021-06-16 10:10:38,35184.25,0
2021-06-16 10:10:39,35188.05,0
2021-06-16 10:10:40,35184.95,0
2021-06-16 10:10:41,35182.95,0
2021-06-16 10:10:42,35184.15,0
2021-06-16 10:10:43,35184.5,0
2021-06-16 10:10:44,35185.25,0
2021-06-16 10:10:45,35187.25,0
2021-06-16 10:10:47,35185.9,0
2021-06-16 10:10:48,35185.55,0
2021-06-16 10:10:49,35185.85,0
2021-06-16 10:10:50,35185.5,0
2021-06-16 10:10:51,35186.0,0
2021-06-16 10:10:52,35184.5,0
2021-06-16 10:10:54,35184.4,0
2021-06-16 10:10:55,35185.35,0
2021-06-16 10:10:56,35184.85,0
2021-06-16 10:10:57,35190.25,0
2021-06-16 10:10:58,35189.15,0
2021-06-16 10:11:01,35190.85,0
2021-06-16 10:11:02,35191.1,0
2021-06-16 10:11:03,35194.35,0
2021-06-16 10:11:05,35199.05,0
2021-06-16 10:11:06,35193.05,0
2021-06-16 10:11:07,35193.05,0
2021-06-16 10:11:08,35190.65,0
2021-06-16 10:11:09,35192.9,0
2021-06-16 10:11:11,35193.95,0
2021-06-16 10:11:12,35190.7,0
2021-06-16 10:11:13,35192.15,0
2021-06-16 10:11:14,35191.55,0
2021-06-16 10:11:16,35193.55,0
2021-06-16 10:11:17,35192.8,0
2021-06-16 10:11:18,35192.0,0
2021-06-16 10:11:19,35191.2,0
2021-06-16 10:11:20,35192.7,0
2021-06-16 10:11:22,35190.55,0
2021-06-16 10:11:23,35193.7,0
2021-06-16 10:11:24,35195.5,0
2021-06-16 10:11:25,35194.75,0
2021-06-16 10:11:26,35192.7,0
2021-06-16 10:11:27,35188.1,0
2021-06-16 10:11:28,35190.7,0
2021-06-16 10:11:29,35187.1,0
2021-06-16 10:11:30,35187.45,0
2021-06-16 10:11:31,35185.05,0
2021-06-16 10:11:32,35182.05,0
2021-06-16 10:11:33,35182.85,0
2021-06-16 10:11:34,35183.3,0
2021-06-16 10:11:35,35186.15,0
2021-06-16 10:11:36,35183.2,0
2021-06-16 10:11:37,35184.45,0
2021-06-16 10:11:39,35185.1,0
2021-06-16 10:11:40,35184.4,0
2021-06-16 10:11:41,35178.5,0
2021-06-16 10:11:42,35176.0,0
2021-06-16 10:11:43,35176.1,0
2021-06-16 10:11:44,35177.3,0
2021-06-16 10:11:45,35178.1,0
2021-06-16 10:11:46,35179.0,0
2021-06-16 10:11:47,35179.3,0
2021-06-16 10:11:48,35180.8,0
2021-06-16 10:11:49,35171.8,0
2021-06-16 10:11:50,35174.0,0
2021-06-16 10:11:51,35168.5,0
2021-06-16 10:11:52,35167.95,0
2021-06-16 10:11:53,35169.45,0
2021-06-16 10:11:54,35168.3,0
2021-06-16 10:11:55,35170.35,0
2021-06-16 10:11:56,35165.05,0
2021-06-16 10:11:57,35165.85,0
2021-06-16 10:11:59,35172.5,0
2021-06-16 10:12:00,35170.65,0
2021-06-16 10:12:01,35168.4,0
2021-06-16 10:12:02,35170.1,0
2021-06-16 10:12:03,35169.85,0
2021-06-16 10:12:04,35168.15,0
2021-06-16 10:12:06,35165.6,0
2021-06-16 10:12:07,35170.45,0
2021-06-16 10:12:08,35168.0,0
2021-06-16 10:12:09,35170.25,0
2021-06-16 10:12:10,35168.85,0
2021-06-16 10:12:11,35167.2,0
2021-06-16 10:12:12,35168.0,0
2021-06-16 10:12:13,35169.05,0
2021-06-16 10:12:14,35177.35,0
2021-06-16 10:12:15,35178.1,0
2021-06-16 10:12:16,35179.65,0
2021-06-16 10:12:17,35179.5,0
2021-06-16 10:12:18,35178.9,0
2021-06-16 10:12:19,35179.9,0
2021-06-16 10:12:20,35180.1,0
2021-06-16 10:12:21,35184.1,0
2021-06-16 10:12:22,35179.15,0
2021-06-16 10:12:23,35183.45,0
2021-06-16 10:12:24,35185.3,0
2021-06-16 10:12:25,35185.45,0
2021-06-16 10:12:27,35185.35,0
2021-06-16 10:12:28,35188.65,0
2021-06-16 10:12:30,35187.5,0
2021-06-16 10:12:31,35184.9,0
2021-06-16 10:12:32,35182.85,0
2021-06-16 10:12:33,35182.3,0
2021-06-16 10:12:34,35183.15,0
2021-06-16 10:12:35,35182.55,0
2021-06-16 10:12:36,35183.35,0
2021-06-16 10:12:38,35183.75,0
2021-06-16 10:12:39,35184.8,0
2021-06-16 10:12:40,35183.45,0
2021-06-16 10:12:42,35180.45,0
2021-06-16 10:12:43,35179.25,0
2021-06-16 10:12:44,35180.45,0
2021-06-16 10:12:45,35182.6,0
2021-06-16 10:12:46,35182.9,0
2021-06-16 10:12:47,35180.8,0
2021-06-16 10:12:48,35181.45,0
2021-06-16 10:12:49,35180.25,0
2021-06-16 10:12:50,35184.9,0
2021-06-16 10:12:51,35191.45,0
2021-06-16 10:12:52,35185.25,0
2021-06-16 10:12:53,35187.2,0
2021-06-16 10:12:54,35188.65,0
2021-06-16 10:12:55,35189.85,0
2021-06-16 10:12:56,35188.35,0
2021-06-16 10:12:57,35189.0,0
2021-06-16 10:12:58,35193.05,0
2021-06-16 10:12:59,35191.05,0
2021-06-16 10:13:00,35191.6,0
2021-06-16 10:13:01,35191.2,0
2021-06-16 10:13:02,35188.2,0
2021-06-16 10:13:03,35190.5,0
2021-06-16 10:13:04,35195.1,0
2021-06-16 10:13:05,35194.25,0
2021-06-16 10:13:06,35196.7,0
2021-06-16 10:13:07,35197.3,0
2021-06-16 10:13:09,35191.85,0
2021-06-16 10:13:10,35192.2,0
2021-06-16 10:13:11,35193.2,0
2021-06-16 10:13:12,35189.6,0
2021-06-16 10:13:13,35195.65,0
2021-06-16 10:13:14,35196.35,0
2021-06-16 10:13:15,35196.65,0
2021-06-16 10:13:16,35196.0,0
2021-06-16 10:13:17,35193.8,0
2021-06-16 10:13:18,35195.3,0
2021-06-16 10:13:19,35199.05,0
2021-06-16 10:13:20,35203.5,0
2021-06-16 10:13:21,35205.0,0
2021-06-16 10:13:22,35202.35,0
2021-06-16 10:13:24,35202.4,0
2021-06-16 10:13:25,35205.85,0
2021-06-16 10:13:27,35206.9,0
2021-06-16 10:13:28,35207.95,0
2021-06-16 10:13:29,35208.0,0
2021-06-16 10:13:30,35207.95,0
2021-06-16 10:13:32,35214.6,0
2021-06-16 10:13:33,35213.15,0
2021-06-16 10:13:34,35213.7,0
2021-06-16 10:13:37,35217.95,0
2021-06-16 10:13:38,35216.4,0
2021-06-16 10:13:39,35217.4,0
2021-06-16 10:13:41,35221.5,0
2021-06-16 10:13:43,35216.8,0
2021-06-16 10:13:44,35220.75,0
2021-06-16 10:13:45,35219.0,0
2021-06-16 10:13:46,35221.75,0
2021-06-16 10:13:47,35224.05,0
2021-06-16 10:13:48,35223.8,0
2021-06-16 10:13:49,35221.55,0
2021-06-16 10:13:50,35224.85,0
2021-06-16 10:13:52,35223.55,0
2021-06-16 10:13:55,35224.3,0
2021-06-16 10:13:56,35225.0,0
2021-06-16 10:13:57,35223.1,0
2021-06-16 10:13:58,35226.7,0
2021-06-16 10:13:59,35224.65,0
2021-06-16 10:14:00,35221.95,0
2021-06-16 10:14:01,35223.5,0
2021-06-16 10:14:02,35228.9,0
2021-06-16 10:14:05,35222.8,0
2021-06-16 10:14:06,35226.15,0
2021-06-16 10:14:09,35228.85,0
2021-06-16 10:14:10,35229.45,0
2021-06-16 10:14:11,35229.05,0
2021-06-16 10:14:13,35224.5,0
2021-06-16 10:14:14,35223.5,0
2021-06-16 10:14:15,35224.5,0
2021-06-16 10:14:17,35221.9,0
2021-06-16 10:14:18,35222.9,0
2021-06-16 10:14:19,35223.3,0
2021-06-16 10:14:20,35215.65,0
2021-06-16 10:14:21,35208.9,0
2021-06-16 10:14:22,35210.35,0
2021-06-16 10:14:24,35209.7,0
2021-06-16 10:14:25,35208.4,0
2021-06-16 10:14:26,35212.95,0
2021-06-16 10:14:27,35214.15,0
2021-06-16 10:14:28,35210.1,0
2021-06-16 10:14:29,35209.1,0
2021-06-16 10:14:30,35212.85,0
2021-06-16 10:14:31,35211.7,0
2021-06-16 10:14:32,35207.55,0
2021-06-16 10:14:34,35208.65,0
2021-06-16 10:14:35,35208.1,0
2021-06-16 10:14:36,35204.65,0
2021-06-16 10:14:37,35198.75,0
2021-06-16 10:14:38,35199.45,0
2021-06-16 10:14:39,35200.35,0
2021-06-16 10:14:40,35201.15,0
2021-06-16 10:14:41,35199.75,0
2021-06-16 10:14:42,35198.65,0
2021-06-16 10:14:43,35200.1,0
2021-06-16 10:14:45,35199.6,0
2021-06-16 10:14:46,35200.1,0
2021-06-16 10:14:47,35202.5,0
2021-06-16 10:14:48,35204.45,0
2021-06-16 10:14:49,35205.35,0
2021-06-16 10:14:51,35207.35,0
2021-06-16 10:14:52,35206.4,0
2021-06-16 10:14:53,35208.1,0
2021-06-16 10:14:54,35210.65,0
2021-06-16 10:14:55,35207.55,0
2021-06-16 10:14:56,35206.9,0
2021-06-16 10:14:57,35207.8,0
2021-06-16 10:14:58,35208.0,0
2021-06-16 10:14:59,35204.2,0
2021-06-16 10:15:00,35205.75,0
2021-06-16 10:15:01,35204.05,0
2021-06-16 10:15:02,35205.85,0
2021-06-16 10:15:03,35206.0,0
2021-06-16 10:15:04,35208.05,0
2021-06-16 10:15:05,35209.65,0
2021-06-16 10:15:06,35206.7,0
2021-06-16 10:15:07,35205.4,0
2021-06-16 10:15:08,35205.9,0
2021-06-16 10:15:09,35206.35,0
2021-06-16 10:15:10,35207.7,0
2021-06-16 10:15:11,35210.45,0
2021-06-16 10:15:12,35211.2,0
2021-06-16 10:15:13,35211.35,0
2021-06-16 10:15:14,35207.6,0
2021-06-16 10:15:15,35210.9,0
2021-06-16 10:15:16,35210.05,0
2021-06-16 10:15:17,35211.4,0
2021-06-16 10:15:18,35211.85,0
2021-06-16 10:15:19,35211.75,0
2021-06-16 10:15:20,35212.2,0
2021-06-16 10:15:21,35210.35,0
2021-06-16 10:15:22,35208.2,0
2021-06-16 10:15:23,35208.75,0
2021-06-16 10:15:24,35206.65,0
2021-06-16 10:15:25,35205.95,0
2021-06-16 10:15:26,35208.15,0
2021-06-16 10:15:27,35206.4,0
2021-06-16 10:15:28,35204.75,0
2021-06-16 10:15:30,35206.15,0
2021-06-16 10:15:31,35206.25,0
2021-06-16 10:15:32,35204.05,0
2021-06-16 10:15:33,35203.1,0
2021-06-16 10:15:34,35205.4,0
2021-06-16 10:15:35,35204.4,0
2021-06-16 10:15:36,35204.95,0
2021-06-16 10:15:37,35205.95,0
2021-06-16 10:15:38,35206.0,0
2021-06-16 10:15:39,35206.8,0
2021-06-16 10:15:41,35193.85,0
2021-06-16 10:15:42,35194.55,0
2021-06-16 10:15:43,35195.95,0
2021-06-16 10:15:44,35196.8,0
2021-06-16 10:15:45,35195.85,0
2021-06-16 10:15:47,35195.6,0
2021-06-16 10:15:48,35197.25,0
2021-06-16 10:15:49,35196.1,0
2021-06-16 10:15:51,35202.7,0
2021-06-16 10:15:52,35200.7,0
2021-06-16 10:15:53,35203.15,0
2021-06-16 10:15:54,35198.95,0
2021-06-16 10:15:55,35201.05,0
2021-06-16 10:15:56,35205.75,0
2021-06-16 10:15:57,35204.65,0
2021-06-16 10:15:58,35207.05,0
2021-06-16 10:15:59,35207.75,0
2021-06-16 10:16:00,35206.65,0
2021-06-16 10:16:02,35204.8,0
2021-06-16 10:16:05,35207.65,0
2021-06-16 10:16:06,35204.2,0
2021-06-16 10:16:07,35205.65,0
2021-06-16 10:16:08,35205.0,0
2021-06-16 10:16:09,35206.05,0
2021-06-16 10:16:11,35204.55,0
2021-06-16 10:16:12,35203.7,0
2021-06-16 10:16:13,35206.45,0
2021-06-16 10:16:14,35205.15,0
2021-06-16 10:16:15,35208.35,0
2021-06-16 10:16:16,35205.7,0
2021-06-16 10:16:17,35208.5,0
2021-06-16 10:16:18,35207.55,0
2021-06-16 10:16:19,35204.55,0
2021-06-16 10:16:21,35209.85,0
2021-06-16 10:16:23,35207.85,0
2021-06-16 10:16:24,35206.55,0
2021-06-16 10:16:25,35210.5,0
2021-06-16 10:16:26,35210.95,0
2021-06-16 10:16:27,35211.2,0
2021-06-16 10:16:28,35214.2,0
2021-06-16 10:16:29,35211.2,0
2021-06-16 10:16:30,35210.45,0
2021-06-16 10:16:31,35212.25,0
2021-06-16 10:16:32,35212.5,0
2021-06-16 10:16:34,35213.7,0
2021-06-16 10:16:35,35213.3,0
2021-06-16 10:16:36,35211.8,0
2021-06-16 10:16:37,35209.6,0
2021-06-16 10:16:38,35212.05,0
2021-06-16 10:16:39,35213.9,0
2021-06-16 10:16:40,35207.5,0
2021-06-16 10:16:41,35208.9,0
2021-06-16 10:16:42,35206.25,0
2021-06-16 10:16:43,35207.85,0
2021-06-16 10:16:45,35208.05,0
2021-06-16 10:16:47,35210.0,0
2021-06-16 10:16:48,35209.8,0
2021-06-16 10:16:49,35208.75,0
2021-06-16 10:16:50,35208.95,0
2021-06-16 10:16:51,35208.85,0
2021-06-16 10:16:52,35207.85,0
2021-06-16 10:16:53,35210.35,0
2021-06-16 10:16:54,35205.0,0
2021-06-16 10:16:56,35205.8,0
2021-06-16 10:16:57,35207.85,0
2021-06-16 10:16:58,35208.15,0
2021-06-16 10:16:59,35205.3,0
2021-06-16 10:17:00,35206.6,0
2021-06-16 10:17:01,35204.55,0
2021-06-16 10:17:02,35206.2,0
2021-06-16 10:17:04,35209.95,0
2021-06-16 10:17:05,35209.3,0
2021-06-16 10:17:06,35210.75,0
2021-06-16 10:17:07,35204.7,0
2021-06-16 10:17:09,35206.45,0
2021-06-16 10:17:10,35209.1,0
2021-06-16 10:17:11,35208.3,0
2021-06-16 10:17:12,35202.15,0
2021-06-16 10:17:13,35205.25,0
2021-06-16 10:17:14,35205.1,0
2021-06-16 10:17:15,35208.15,0
2021-06-16 10:17:16,35207.5,0
2021-06-16 10:17:17,35209.75,0
2021-06-16 10:17:18,35205.2,0
2021-06-16 10:17:19,35211.2,0
2021-06-16 10:17:20,35208.5,0
2021-06-16 10:17:21,35208.45,0
2021-06-16 10:17:22,35203.9,0
2021-06-16 10:17:23,35205.05,0
2021-06-16 10:17:24,35205.15,0
2021-06-16 10:17:25,35206.1,0
2021-06-16 10:17:26,35204.55,0
2021-06-16 10:17:27,35203.7,0
2021-06-16 10:17:28,35210.05,0
2021-06-16 10:17:29,35207.75,0
2021-06-16 10:17:30,35206.55,0
2021-06-16 10:17:31,35209.6,0
2021-06-16 10:17:32,35204.2,0
2021-06-16 10:17:33,35207.65,0
2021-06-16 10:17:34,35210.25,0
2021-06-16 10:17:35,35209.25,0
2021-06-16 10:17:36,35208.05,0
2021-06-16 10:17:38,35209.05,0
2021-06-16 10:17:39,35210.4,0
2021-06-16 10:17:40,35208.15,0
2021-06-16 10:17:41,35207.5,0
2021-06-16 10:17:42,35208.7,0
2021-06-16 10:17:43,35209.5,0
2021-06-16 10:17:44,35210.1,0
2021-06-16 10:17:45,35212.75,0
2021-06-16 10:17:46,35207.95,0
2021-06-16 10:17:47,35207.9,0
2021-06-16 10:17:48,35210.85,0
2021-06-16 10:17:49,35211.15,0
2021-06-16 10:17:50,35210.7,0
2021-06-16 10:17:52,35209.95,0
2021-06-16 10:17:51,35209.9,0
2021-06-16 10:17:53,35211.0,0
2021-06-16 10:17:54,35209.2,0
2021-06-16 10:17:55,35210.15,0
2021-06-16 10:17:56,35210.5,0
2021-06-16 10:17:57,35209.0,0
2021-06-16 10:17:58,35210.3,0
2021-06-16 10:18:00,35208.1,0
2021-06-16 10:18:01,35208.55,0
2021-06-16 10:18:02,35208.05,0
2021-06-16 10:18:03,35209.05,0
2021-06-16 10:18:04,35209.65,0
2021-06-16 10:18:05,35209.9,0
2021-06-16 10:18:06,35210.05,0
2021-06-16 10:18:07,35210.05,0
2021-06-16 10:18:08,35214.5,0
2021-06-16 10:18:09,35215.8,0
2021-06-16 10:18:10,35215.25,0
2021-06-16 10:18:11,35214.8,0
2021-06-16 10:18:12,35213.2,0
2021-06-16 10:18:13,35215.95,0
2021-06-16 10:18:15,35216.75,0
2021-06-16 10:18:16,35216.0,0
