timestamp,ltp,volume
2021-06-16 09:15:40,356.25,0
2021-06-16 09:15:42,356.25,0
2021-06-16 09:15:43,356.2,0
2021-06-16 09:15:46,356.35,0
2021-06-16 09:15:47,356.35,0
2021-06-16 09:15:48,356.25,0
2021-06-16 09:15:49,356.1,0
2021-06-16 09:15:50,356.15,0
2021-06-16 09:15:51,356.15,0
2021-06-16 09:15:52,356.15,0
2021-06-16 09:15:53,356.25,0
2021-06-16 09:15:54,356.25,0
2021-06-16 09:15:55,356.25,0
2021-06-16 09:15:56,356.3,0
2021-06-16 09:15:57,356.35,0
2021-06-16 09:15:58,356.45,0
2021-06-16 09:15:59,356.45,0
2021-06-16 09:16:00,356.35,0
2021-06-16 09:16:01,356.45,0
2021-06-16 09:16:02,356.4,0
2021-06-16 09:16:04,356.45,0
2021-06-16 09:16:05,356.45,0
2021-06-16 09:16:06,356.35,0
2021-06-16 09:16:07,356.35,0
2021-06-16 09:16:08,356.4,0
2021-06-16 09:16:09,356.4,0
2021-06-16 09:16:10,356.5,0
2021-06-16 09:16:11,356.4,0
2021-06-16 09:16:12,356.45,0
2021-06-16 09:16:13,356.55,0
2021-06-16 09:16:14,356.6,0
2021-06-16 09:16:15,356.6,0
2021-06-16 09:16:16,356.65,0
2021-06-16 09:16:17,356.65,0
2021-06-16 09:16:19,356.8,0
2021-06-16 09:16:20,356.75,0
2021-06-16 09:16:21,356.8,0
2021-06-16 09:16:22,356.75,0
2021-06-16 09:16:23,356.85,0
2021-06-16 09:16:24,356.75,0
2021-06-16 09:16:25,356.75,0
2021-06-16 09:16:26,356.8,0
2021-06-16 09:16:27,356.9,0
2021-06-16 09:16:29,356.8,0
2021-06-16 09:16:31,356.75,0
2021-06-16 09:16:32,356.7,0
2021-06-16 09:16:33,356.8,0
2021-06-16 09:16:35,356.95,0
2021-06-16 09:16:36,357.1,0
2021-06-16 09:16:37,357.0,0
2021-06-16 09:16:40,357.0,0
2021-06-16 09:16:42,357.1,0
2021-06-16 09:16:45,357.0,0
2021-06-16 09:16:48,357.15,0
2021-06-16 09:16:49,357.2,0
2021-06-16 09:16:50,357.0,0
2021-06-16 09:16:52,357.2,0
2021-06-16 09:16:53,357.15,0
2021-06-16 09:16:54,357.1,0
2021-06-16 09:16:55,357.1,0
2021-06-16 09:16:56,357.2,0
2021-06-16 09:16:57,357.25,0
2021-06-16 09:16:59,357.15,0
2021-06-16 09:17:00,357.2,0
2021-06-16 09:17:01,357.2,0
2021-06-16 09:17:02,357.25,0
2021-06-16 09:17:04,357.3,0
2021-06-16 09:17:05,357.25,0
2021-06-16 09:17:06,357.2,0
2021-06-16 09:17:08,357.25,0
2021-06-16 09:17:10,357.2,0
2021-06-16 09:17:11,357.3,0
2021-06-16 09:17:12,357.3,0
2021-06-16 09:17:13,357.3,0
2021-06-16 09:17:15,357.45,0
2021-06-16 09:17:16,357.45,0
2021-06-16 09:17:18,357.35,0
2021-06-16 09:17:19,357.25,0
2021-06-16 09:17:20,357.4,0
2021-06-16 09:17:21,357.5,0
2021-06-16 09:17:22,357.55,0
2021-06-16 09:17:24,357.45,0
2021-06-16 09:17:26,357.35,0
2021-06-16 09:17:27,357.5,0
2021-06-16 09:17:28,357.65,0
2021-06-16 09:17:29,357.65,0
2021-06-16 09:17:30,357.6,0
2021-06-16 09:17:31,357.6,0
2021-06-16 09:17:32,357.55,0
2021-06-16 09:17:33,357.6,0
2021-06-16 09:17:34,357.6,0
2021-06-16 09:17:35,357.65,0
2021-06-16 09:17:37,357.6,0
2021-06-16 09:17:38,357.65,0
2021-06-16 09:17:39,357.6,0
2021-06-16 09:17:40,357.55,0
2021-06-16 09:17:41,357.7,0
2021-06-16 09:17:42,357.6,0
2021-06-16 09:17:43,357.65,0
2021-06-16 09:17:44,357.65,0
2021-06-16 09:17:45,357.55,0
2021-06-16 09:17:47,357.7,0
2021-06-16 09:17:48,357.7,0
2021-06-16 09:17:49,357.8,0
2021-06-16 09:17:51,357.95,0
2021-06-16 09:17:52,357.9,0
2021-06-16 09:17:53,357.4,0
2021-06-16 09:17:54,357.25,0
2021-06-16 09:17:56,357.15,0
2021-06-16 09:17:57,357.1,0
2021-06-16 09:17:58,357.15,0
2021-06-16 09:18:00,357.2,0
2021-06-16 09:18:01,357.25,0
2021-06-16 09:18:02,357.25,0
2021-06-16 09:18:03,357.15,0
2021-06-16 09:18:04,357.2,0
2021-06-16 09:18:05,357.05,0
2021-06-16 09:18:06,356.95,0
2021-06-16 09:18:07,356.9,0
2021-06-16 09:18:08,357.0,0
2021-06-16 09:18:11,357.0,0
2021-06-16 09:18:14,357.2,0
2021-06-16 09:18:16,357.2,0
2021-06-16 09:18:17,357.15,0
2021-06-16 09:18:18,357.15,0
2021-06-16 09:18:19,357.2,0
2021-06-16 09:18:20,357.2,0
2021-06-16 09:18:21,357.2,0
2021-06-16 09:18:24,357.3,0
2021-06-16 09:18:26,357.3,0
2021-06-16 09:18:27,357.2,0
2021-06-16 09:18:28,357.25,0
2021-06-16 09:18:31,357.2,0
2021-06-16 09:18:33,357.25,0
2021-06-16 09:18:36,357.4,0
2021-06-16 09:18:37,357.4,0
2021-06-16 09:18:38,357.35,0
2021-06-16 09:18:39,357.3,0
2021-06-16 09:18:43,357.5,0
2021-06-16 09:18:44,357.5,0
2021-06-16 09:18:45,357.45,0
2021-06-16 09:18:46,357.5,0
2021-06-16 09:18:48,357.55,0
2021-06-16 09:18:49,357.45,0
2021-06-16 09:18:50,357.65,0
2021-06-16 09:18:51,357.5,0
2021-06-16 09:18:52,357.6,0
2021-06-16 09:18:53,357.7,0
2021-06-16 09:18:54,357.55,0
2021-06-16 09:18:55,357.55,0
2021-06-16 09:18:56,357.65,0
2021-06-16 09:18:57,357.75,0
2021-06-16 09:18:58,357.7,0
2021-06-16 09:18:59,357.75,0
2021-06-16 09:19:01,357.8,0
2021-06-16 09:19:04,357.85,0
2021-06-16 09:19:05,357.8,0
2021-06-16 09:19:06,357.7,0
2021-06-16 09:19:09,358.0,0
2021-06-16 09:19:11,358.0,0
2021-06-16 09:19:12,358.15,0
2021-06-16 09:19:13,358.15,0
2021-06-16 09:19:14,358.25,0
2021-06-16 09:19:15,358.0,0
2021-06-16 09:19:16,358.0,0
2021-06-16 09:19:17,358.1,0
2021-06-16 09:19:19,358.1,0
2021-06-16 09:19:20,358.2,0
2021-06-16 09:19:22,358.15,0
2021-06-16 09:19:24,358.25,0
2021-06-16 09:19:25,358.2,0
2021-06-16 09:19:26,358.4,0
2021-06-16 09:19:27,358.3,0
2021-06-16 09:19:28,358.3,0
2021-06-16 09:19:29,358.25,0
2021-06-16 09:19:30,358.15,0
2021-06-16 09:19:32,358.2,0
2021-06-16 09:19:36,358.3,0
2021-06-16 09:19:37,358.25,0
2021-06-16 09:19:40,358.1,0
2021-06-16 09:19:41,358.1,0
2021-06-16 09:19:42,358.1,0
2021-06-16 09:19:43,358.05,0
2021-06-16 09:19:44,358.2,0
2021-06-16 09:19:45,358.05,0
2021-06-16 09:19:46,358.0,0
2021-06-16 09:19:47,358.05,0
2021-06-16 09:19:48,358.0,0
2021-06-16 09:19:49,357.95,0
2021-06-16 09:19:50,357.95,0
2021-06-16 09:19:51,358.0,0
2021-06-16 09:19:52,358.0,0
2021-06-16 09:19:53,357.85,0
2021-06-16 09:19:54,357.8,0
2021-06-16 09:19:55,357.75,0
2021-06-16 09:19:56,357.75,0
2021-06-16 09:20:05,357.6,0
2021-06-16 09:20:07,357.6,0
2021-06-16 09:20:08,357.45,0
2021-06-16 09:20:11,357.45,0
2021-06-16 09:20:12,357.55,0
2021-06-16 09:20:13,357.65,0
2021-06-16 09:20:14,357.7,0
2021-06-16 09:20:15,357.65,0
2021-06-16 09:20:16,357.55,0
2021-06-16 09:20:17,357.55,0
2021-06-16 09:20:19,357.6,0
2021-06-16 09:20:20,357.55,0
2021-06-16 09:20:23,357.65,0
2021-06-16 09:20:26,357.65,0
2021-06-16 09:20:27,357.65,0
2021-06-16 09:20:28,357.65,0
2021-06-16 09:20:29,357.7,0
2021-06-16 09:20:31,357.75,0
2021-06-16 09:20:33,357.75,0
2021-06-16 09:20:34,357.65,0
2021-06-16 09:20:35,357.6,0
2021-06-16 09:20:36,357.55,0
2021-06-16 09:20:37,357.6,0
2021-06-16 09:20:39,357.65,0
2021-06-16 09:20:40,357.65,0
2021-06-16 09:20:41,357.65,0
2021-06-16 09:20:43,357.65,0
2021-06-16 09:20:44,357.55,0
2021-06-16 09:20:46,357.55,0
2021-06-16 09:20:47,357.65,0
2021-06-16 09:20:48,357.7,0
2021-06-16 09:20:49,357.65,0
2021-06-16 09:20:52,357.55,0
2021-06-16 09:20:54,357.55,0
2021-06-16 09:20:55,357.55,0
2021-06-16 09:20:57,357.6,0
2021-06-16 09:20:58,357.65,0
2021-06-16 09:21:00,357.65,0
2021-06-16 09:21:01,357.65,0
2021-06-16 09:21:02,357.7,0
2021-06-16 09:21:03,357.7,0
2021-06-16 09:21:04,357.7,0
2021-06-16 09:21:06,357.7,0
2021-06-16 09:21:07,357.7,0
2021-06-16 09:21:08,357.7,0
2021-06-16 09:21:09,357.7,0
2021-06-16 09:21:11,357.7,0
2021-06-16 09:21:12,357.75,0
2021-06-16 09:21:13,357.7,0
2021-06-16 09:21:14,357.75,0
2021-06-16 09:21:15,357.75,0
2021-06-16 09:21:16,357.65,0
2021-06-16 09:21:17,357.65,0
2021-06-16 09:21:18,357.75,0
2021-06-16 09:21:20,357.7,0
2021-06-16 09:21:21,357.75,0
2021-06-16 09:21:22,357.75,0
2021-06-16 09:21:23,357.8,0
2021-06-16 09:21:24,357.75,0
2021-06-16 09:21:25,357.75,0
2021-06-16 09:21:27,357.8,0
2021-06-16 09:21:28,357.8,0
2021-06-16 09:21:31,357.85,0
2021-06-16 09:21:32,357.85,0
2021-06-16 09:21:33,357.85,0
2021-06-16 09:21:34,357.9,0
2021-06-16 09:21:35,357.9,0
2021-06-16 09:21:36,357.85,0
2021-06-16 09:21:37,357.85,0
2021-06-16 09:21:38,357.85,0
2021-06-16 09:21:39,357.85,0
2021-06-16 09:21:40,357.85,0
2021-06-16 09:21:41,357.95,0
2021-06-16 09:21:43,357.95,0
2021-06-16 09:21:44,358.0,0
2021-06-16 09:21:45,357.95,0
2021-06-16 09:21:46,357.95,0
2021-06-16 09:21:47,357.9,0
2021-06-16 09:21:49,358.0,0
2021-06-16 09:21:50,358.05,0
2021-06-16 09:21:51,358.0,0
2021-06-16 09:21:53,358.05,0
2021-06-16 09:21:54,358.05,0
2021-06-16 09:21:55,358.05,0
2021-06-16 09:21:56,358.05,0
2021-06-16 09:21:58,358.0,0
2021-06-16 09:22:00,358.0,0
2021-06-16 09:22:01,357.95,0
2021-06-16 09:22:02,358.05,0
2021-06-16 09:22:03,358.0,0
2021-06-16 09:22:04,358.0,0
2021-06-16 09:22:05,357.95,0
2021-06-16 09:22:06,358.05,0
2021-06-16 09:22:07,358.05,0
2021-06-16 09:22:09,358.1,0
2021-06-16 09:22:10,358.1,0
2021-06-16 09:22:11,358.1,0
2021-06-16 09:22:12,358.15,0
2021-06-16 09:22:13,358.2,0
2021-06-16 09:22:14,358.15,0
2021-06-16 09:22:16,358.15,0
2021-06-16 09:22:17,358.2,0
2021-06-16 09:22:18,358.2,0
2021-06-16 09:22:19,358.15,0
2021-06-16 09:22:20,358.25,0
2021-06-16 09:22:21,358.2,0
2021-06-16 09:22:22,358.3,0
2021-06-16 09:22:23,358.25,0
2021-06-16 09:22:25,358.2,0
2021-06-16 09:22:27,358.3,0
2021-06-16 09:22:28,358.3,0
2021-06-16 09:22:30,358.15,0
2021-06-16 09:22:31,358.15,0
2021-06-16 09:22:32,358.05,0
2021-06-16 09:22:33,358.15,0
2021-06-16 09:22:34,358.25,0
2021-06-16 09:22:35,358.3,0
2021-06-16 09:22:36,358.2,0
2021-06-16 09:22:37,358.3,0
2021-06-16 09:22:38,358.35,0
2021-06-16 09:22:39,358.3,0
2021-06-16 09:22:40,358.35,0
2021-06-16 09:22:43,358.35,0
2021-06-16 09:22:44,358.4,0
2021-06-16 09:22:45,358.4,0
2021-06-16 09:22:46,358.4,0
2021-06-16 09:22:47,358.4,0
2021-06-16 09:22:48,358.35,0
2021-06-16 09:22:49,358.35,0
2021-06-16 09:22:50,358.35,0
2021-06-16 09:22:51,358.25,0
2021-06-16 09:22:53,358.35,0
2021-06-16 09:22:55,358.25,0
2021-06-16 09:22:56,358.25,0
2021-06-16 09:22:57,358.3,0
2021-06-16 09:22:58,358.3,0
2021-06-16 09:22:59,358.3,0
2021-06-16 09:23:00,358.3,0
2021-06-16 09:23:01,358.25,0
2021-06-16 09:23:02,358.25,0
2021-06-16 09:23:03,358.2,0
2021-06-16 09:23:04,358.25,0
2021-06-16 09:23:05,358.15,0
2021-06-16 09:23:06,358.15,0
2021-06-16 09:23:07,358.25,0
2021-06-16 09:23:08,358.25,0
2021-06-16 09:23:09,358.25,0
2021-06-16 09:23:11,358.3,0
2021-06-16 09:23:12,358.2,0
2021-06-16 09:23:13,358.25,0
2021-06-16 09:23:14,358.35,0
2021-06-16 09:23:15,358.4,0
2021-06-16 09:23:16,358.5,0
2021-06-16 09:23:17,358.5,0
2021-06-16 09:23:18,358.5,0
2021-06-16 09:23:20,358.55,0
2021-06-16 09:23:21,358.5,0
2021-06-16 09:23:25,358.6,0
2021-06-16 09:23:26,358.65,0
2021-06-16 09:23:27,358.6,0
2021-06-16 09:23:28,358.6,0
2021-06-16 09:23:30,358.75,0
2021-06-16 09:23:31,358.75,0
2021-06-16 09:23:32,358.85,0
2021-06-16 09:23:33,358.85,0
2021-06-16 09:23:34,358.8,0
2021-06-16 09:23:35,358.85,0
2021-06-16 09:23:36,358.75,0
2021-06-16 09:23:37,358.9,0
2021-06-16 09:23:38,358.85,0
2021-06-16 09:23:39,358.8,0
2021-06-16 09:23:40,358.85,0
2021-06-16 09:23:41,358.75,0
2021-06-16 09:23:43,358.75,0
2021-06-16 09:23:44,358.7,0
2021-06-16 09:23:45,358.8,0
2021-06-16 09:23:46,358.9,0
2021-06-16 09:23:47,358.95,0
2021-06-16 09:23:48,358.9,0
2021-06-16 09:23:50,358.8,0
2021-06-16 09:23:51,358.75,0
2021-06-16 09:23:53,358.75,0
2021-06-16 09:23:54,358.75,0
2021-06-16 09:23:55,358.65,0
2021-06-16 09:23:58,358.75,0
2021-06-16 09:24:00,358.65,0
2021-06-16 09:24:01,358.55,0
2021-06-16 09:24:03,358.7,0
2021-06-16 09:24:05,358.6,0
2021-06-16 09:24:06,358.6,0
2021-06-16 09:24:08,358.7,0
2021-06-16 09:24:09,358.75,0
2021-06-16 09:24:10,358.65,0
2021-06-16 09:24:11,358.65,0
2021-06-16 09:24:12,358.5,0
2021-06-16 09:24:13,358.55,0
2021-06-16 09:24:14,358.55,0
2021-06-16 09:24:15,358.6,0
2021-06-16 09:24:16,358.6,0
2021-06-16 09:24:17,358.6,0
2021-06-16 09:24:18,358.55,0
2021-06-16 09:24:19,358.55,0
2021-06-16 09:24:20,358.6,0
2021-06-16 09:24:21,358.6,0
2021-06-16 09:24:22,358.65,0
2021-06-16 09:24:23,358.6,0
2021-06-16 09:24:24,358.6,0
2021-06-16 09:24:25,358.65,0
2021-06-16 09:24:26,358.55,0
2021-06-16 09:24:28,358.45,0
2021-06-16 09:24:29,358.45,0
2021-06-16 09:24:31,358.45,0
2021-06-16 09:24:32,358.4,0
2021-06-16 09:24:33,358.4,0
2021-06-16 09:24:35,358.35,0
2021-06-16 09:24:36,358.45,0
2021-06-16 09:24:37,358.45,0
2021-06-16 09:24:38,358.5,0
2021-06-16 09:24:39,358.5,0
2021-06-16 09:24:41,358.45,0
2021-06-16 09:24:42,358.45,0
2021-06-16 09:24:43,358.4,0
2021-06-16 09:24:44,358.5,0
2021-06-16 09:24:46,358.55,0
2021-06-16 09:24:48,358.55,0
2021-06-16 09:24:49,358.6,0
2021-06-16 09:24:50,358.55,0
2021-06-16 09:24:51,358.65,0
2021-06-16 09:24:52,358.6,0
2021-06-16 09:24:53,358.55,0
2021-06-16 09:24:54,358.55,0
2021-06-16 09:24:55,358.55,0
2021-06-16 09:24:56,358.55,0
2021-06-16 09:24:58,358.6,0
2021-06-16 09:24:59,358.3,0
2021-06-16 09:25:00,358.25,0
2021-06-16 09:25:01,358.35,0
2021-06-16 09:25:02,358.4,0
2021-06-16 09:25:03,358.25,0
2021-06-16 09:25:04,358.35,0
2021-06-16 09:25:05,358.25,0
2021-06-16 09:25:06,358.3,0
2021-06-16 09:25:08,358.35,0
2021-06-16 09:25:10,358.3,0
2021-06-16 09:25:11,358.35,0
2021-06-16 09:25:12,358.35,0
2021-06-16 09:25:13,358.4,0
2021-06-16 09:25:14,358.4,0
2021-06-16 09:25:15,358.4,0
2021-06-16 09:25:17,358.4,0
2021-06-16 09:25:19,358.4,0
2021-06-16 09:25:21,358.5,0
2021-06-16 09:25:23,358.5,0
2021-06-16 09:25:25,358.4,0
2021-06-16 09:25:26,358.3,0
2021-06-16 09:25:27,358.4,0
2021-06-16 09:25:29,358.4,0
2021-06-16 09:25:30,358.35,0
2021-06-16 09:25:31,358.35,0
2021-06-16 09:25:32,358.3,0
2021-06-16 09:25:33,358.3,0
2021-06-16 09:25:34,358.4,0
2021-06-16 09:25:35,358.35,0
2021-06-16 09:25:37,358.35,0
2021-06-16 09:25:38,358.35,0
2021-06-16 09:25:39,358.3,0
2021-06-16 09:25:40,358.35,0
2021-06-16 09:25:41,358.4,0
2021-06-16 09:25:42,358.35,0
2021-06-16 09:25:43,358.4,0
2021-06-16 09:25:45,358.45,0
2021-06-16 09:25:46,358.45,0
2021-06-16 09:25:47,358.45,0
2021-06-16 09:25:48,358.5,0
2021-06-16 09:25:49,358.55,0
2021-06-16 09:25:50,358.55,0
2021-06-16 09:25:51,358.45,0
2021-06-16 09:25:52,358.4,0
2021-06-16 09:25:53,358.4,0
2021-06-16 09:25:55,358.35,0
2021-06-16 09:25:56,358.35,0
2021-06-16 09:25:58,358.25,0
2021-06-16 09:25:59,358.2,0
2021-06-16 09:26:00,358.25,0
2021-06-16 09:26:01,358.25,0
2021-06-16 09:26:02,358.25,0
2021-06-16 09:26:03,358.15,0
2021-06-16 09:26:04,358.2,0
2021-06-16 09:26:05,358.25,0
2021-06-16 09:26:06,358.25,0
2021-06-16 09:26:07,358.3,0
2021-06-16 09:26:08,358.3,0
2021-06-16 09:26:09,358.35,0
2021-06-16 09:26:10,358.4,0
2021-06-16 09:26:13,358.25,0
2021-06-16 09:26:14,358.35,0
2021-06-16 09:26:16,358.4,0
2021-06-16 09:26:17,358.4,0
2021-06-16 09:26:19,358.4,0
2021-06-16 09:26:20,358.4,0
2021-06-16 09:26:21,358.4,0
2021-06-16 09:26:22,358.4,0
2021-06-16 09:26:23,358.3,0
2021-06-16 09:26:25,358.2,0
2021-06-16 09:26:26,358.2,0
2021-06-16 09:26:27,358.2,0
2021-06-16 09:26:29,358.25,0
2021-06-16 09:26:30,358.25,0
2021-06-16 09:26:31,358.3,0
2021-06-16 09:26:32,358.25,0
2021-06-16 09:26:33,358.25,0
2021-06-16 09:26:34,358.25,0
2021-06-16 09:26:36,358.2,0
2021-06-16 09:26:37,358.2,0
2021-06-16 09:26:38,358.15,0
2021-06-16 09:26:39,358.15,0
2021-06-16 09:26:40,358.15,0
2021-06-16 09:26:41,358.15,0
2021-06-16 09:26:42,358.2,0
2021-06-16 09:26:43,358.15,0
2021-06-16 09:26:44,358.15,0
2021-06-16 09:26:45,358.1,0
2021-06-16 09:26:46,358.2,0
2021-06-16 09:26:47,358.1,0
2021-06-16 09:26:48,358.05,0
2021-06-16 09:26:49,358.1,0
2021-06-16 09:26:50,358.05,0
2021-06-16 09:26:51,358.05,0
2021-06-16 09:26:52,358.1,0
2021-06-16 09:26:53,358.15,0
2021-06-16 09:26:54,358.1,0
2021-06-16 09:26:55,358.2,0
2021-06-16 09:26:57,358.1,0
2021-06-16 09:26:58,358.15,0
2021-06-16 09:26:59,358.05,0
2021-06-16 09:27:00,358.05,0
2021-06-16 09:27:01,358.05,0
2021-06-16 09:27:02,358.05,0
2021-06-16 09:27:03,358.1,0
2021-06-16 09:27:06,358.05,0
2021-06-16 09:27:07,358.15,0
2021-06-16 09:27:08,358.15,0
2021-06-16 09:27:09,358.15,0
2021-06-16 09:27:10,358.2,0
2021-06-16 09:27:11,358.15,0
2021-06-16 09:27:12,358.15,0
2021-06-16 09:27:13,358.1,0
2021-06-16 09:27:14,358.1,0
2021-06-16 09:27:15,358.05,0
2021-06-16 09:27:16,358.1,0
2021-06-16 09:27:17,358.05,0
2021-06-16 09:27:18,358.1,0
2021-06-16 09:27:19,358.1,0
2021-06-16 09:27:20,358.15,0
2021-06-16 09:27:21,358.1,0
2021-06-16 09:27:22,358.1,0
2021-06-16 09:27:23,358.15,0
2021-06-16 09:27:24,358.15,0
2021-06-16 09:27:25,358.05,0
2021-06-16 09:27:26,358.1,0
2021-06-16 09:27:27,358.1,0
2021-06-16 09:27:28,358.1,0
2021-06-16 09:27:29,358.15,0
2021-06-16 09:27:32,358.05,0
2021-06-16 09:27:33,358.05,0
2021-06-16 09:27:34,358.05,0
2021-06-16 09:27:35,358.05,0
2021-06-16 09:27:36,358.1,0
2021-06-16 09:27:37,358.1,0
2021-06-16 09:27:38,358.1,0
2021-06-16 09:27:39,358.1,0
2021-06-16 09:27:40,358.15,0
2021-06-16 09:27:42,358.0,0
2021-06-16 09:27:43,358.0,0
2021-06-16 09:27:44,357.95,0
2021-06-16 09:27:45,358.0,0
2021-06-16 09:27:46,358.0,0
2021-06-16 09:27:47,357.95,0
2021-06-16 09:27:48,358.0,0
2021-06-16 09:27:49,357.95,0
2021-06-16 09:27:51,357.85,0
2021-06-16 09:27:52,357.9,0
2021-06-16 09:27:53,357.8,0
2021-06-16 09:27:54,357.8,0
2021-06-16 09:27:55,357.75,0
2021-06-16 09:27:56,357.8,0
2021-06-16 09:27:57,357.6,0
2021-06-16 09:27:58,357.7,0
2021-06-16 09:27:59,357.75,0
2021-06-16 09:28:00,357.7,0
2021-06-16 09:28:01,357.7,0
2021-06-16 09:28:02,357.65,0
2021-06-16 09:28:03,357.7,0
2021-06-16 09:28:05,357.55,0
2021-06-16 09:28:06,357.6,0
2021-06-16 09:28:07,357.6,0
2021-06-16 09:28:08,357.6,0
2021-06-16 09:28:09,357.65,0
2021-06-16 09:28:10,357.6,0
2021-06-16 09:28:11,357.6,0
2021-06-16 09:28:12,357.6,0
2021-06-16 09:28:14,357.65,0
2021-06-16 09:28:16,357.55,0
2021-06-16 09:28:17,357.55,0
2021-06-16 09:28:18,357.6,0
2021-06-16 09:28:19,357.65,0
2021-06-16 09:28:20,357.65,0
2021-06-16 09:28:22,357.7,0
2021-06-16 09:28:23,357.65,0
2021-06-16 09:28:24,357.7,0
2021-06-16 09:28:25,357.75,0
2021-06-16 09:28:26,357.7,0
2021-06-16 09:28:27,357.8,0
2021-06-16 09:28:29,357.65,0
2021-06-16 09:28:30,357.6,0
2021-06-16 09:28:32,357.6,0
2021-06-16 09:28:35,357.45,0
2021-06-16 09:28:36,357.55,0
2021-06-16 09:28:37,357.5,0
2021-06-16 09:28:38,357.6,0
2021-06-16 09:28:39,357.6,0
2021-06-16 09:28:40,357.6,0
2021-06-16 09:28:41,357.55,0
2021-06-16 09:28:43,357.55,0
2021-06-16 09:28:44,357.55,0
2021-06-16 09:28:45,357.5,0
2021-06-16 09:28:46,357.5,0
2021-06-16 09:28:47,357.6,0
2021-06-16 09:28:48,357.55,0
2021-06-16 09:28:50,357.6,0
2021-06-16 09:28:51,357.5,0
2021-06-16 09:28:52,357.45,0
2021-06-16 09:28:53,357.4,0
2021-06-16 09:28:54,357.4,0
2021-06-16 09:28:55,357.55,0
2021-06-16 09:28:56,357.5,0
2021-06-16 09:28:57,357.45,0
2021-06-16 09:28:58,357.5,0
2021-06-16 09:28:59,357.5,0
2021-06-16 09:29:00,357.5,0
2021-06-16 09:29:01,357.45,0
2021-06-16 09:29:03,357.4,0
2021-06-16 09:29:05,357.5,0
2021-06-16 09:29:06,357.45,0
2021-06-16 09:29:07,357.45,0
2021-06-16 09:29:08,357.45,0
2021-06-16 09:29:09,357.4,0
2021-06-16 09:29:11,357.5,0
2021-06-16 09:29:12,357.5,0
2021-06-16 09:29:13,357.5,0
2021-06-16 09:29:14,357.5,0
2021-06-16 09:29:16,357.5,0
2021-06-16 09:29:19,357.5,0
2021-06-16 09:29:20,357.55,0
2021-06-16 09:29:21,357.6,0
2021-06-16 09:29:22,357.6,0
2021-06-16 09:29:24,357.6,0
2021-06-16 09:29:25,357.55,0
2021-06-16 09:29:27,357.65,0
2021-06-16 09:29:28,357.7,0
2021-06-16 09:29:30,357.75,0
2021-06-16 09:29:31,357.7,0
2021-06-16 09:29:32,357.75,0
2021-06-16 09:29:33,357.7,0
2021-06-16 09:29:34,357.7,0
2021-06-16 09:29:35,357.65,0
2021-06-16 09:29:36,357.6,0
2021-06-16 09:29:37,357.6,0
2021-06-16 09:29:39,357.65,0
2021-06-16 09:29:40,357.6,0
2021-06-16 09:29:41,357.5,0
2021-06-16 09:29:43,357.5,0
2021-06-16 09:29:44,357.5,0
2021-06-16 09:29:45,357.55,0
2021-06-16 09:29:47,357.65,0
2021-06-16 09:29:48,357.55,0
2021-06-16 09:29:49,357.55,0
2021-06-16 09:29:50,357.5,0
2021-06-16 09:29:51,357.5,0
2021-06-16 09:29:52,357.55,0
2021-06-16 09:29:53,357.6,0
2021-06-16 09:29:54,357.5,0
2021-06-16 09:29:56,357.55,0
2021-06-16 09:29:58,357.5,0
2021-06-16 09:29:59,357.55,0
2021-06-16 09:30:00,357.5,0
2021-06-16 09:30:02,357.55,0
2021-06-16 09:30:03,357.6,0
2021-06-16 09:30:05,357.55,0
2021-06-16 09:30:06,357.55,0
2021-06-16 09:30:07,357.55,0
2021-06-16 09:30:09,357.55,0
2021-06-16 09:30:11,357.55,0
2021-06-16 09:30:12,357.5,0
2021-06-16 09:30:13,357.5,0
2021-06-16 09:30:14,357.55,0
2021-06-16 09:30:15,357.55,0
2021-06-16 09:30:16,357.5,0
2021-06-16 09:30:17,357.55,0
2021-06-16 09:30:18,357.65,0
2021-06-16 09:30:19,357.55,0
2021-06-16 09:30:20,357.55,0
2021-06-16 09:30:21,357.5,0
2021-06-16 09:30:23,357.55,0
2021-06-16 09:30:24,357.55,0
2021-06-16 09:30:26,357.45,0
2021-06-16 09:30:27,357.45,0
2021-06-16 09:30:28,357.4,0
2021-06-16 09:30:30,357.5,0
2021-06-16 09:30:31,357.5,0
2021-06-16 09:30:32,357.45,0
2021-06-16 09:30:33,357.4,0
2021-06-16 09:30:34,357.45,0
2021-06-16 09:30:35,357.5,0
2021-06-16 09:30:36,357.55,0
2021-06-16 09:30:37,357.5,0
2021-06-16 09:30:38,357.5,0
2021-06-16 09:30:39,357.45,0
2021-06-16 09:30:40,357.45,0
2021-06-16 09:30:42,357.45,0
2021-06-16 09:30:44,357.5,0
2021-06-16 09:30:45,357.6,0
2021-06-16 09:30:46,357.6,0
2021-06-16 09:30:48,357.5,0
2021-06-16 09:30:49,357.55,0
2021-06-16 09:30:50,357.6,0
2021-06-16 09:30:51,357.65,0
2021-06-16 09:30:52,357.65,0
2021-06-16 09:30:53,357.65,0
2021-06-16 09:30:54,357.5,0
2021-06-16 09:30:55,357.55,0
2021-06-16 09:30:56,357.6,0
2021-06-16 09:30:57,357.65,0
2021-06-16 09:30:58,357.6,0
2021-06-16 09:30:59,357.6,0
2021-06-16 09:31:00,357.6,0
2021-06-16 09:31:01,357.6,0
2021-06-16 09:31:02,357.6,0
2021-06-16 09:31:03,357.55,0
2021-06-16 09:31:04,357.65,0
2021-06-16 09:31:05,357.55,0
2021-06-16 09:31:06,357.55,0
2021-06-16 09:31:07,357.5,0
2021-06-16 09:31:08,357.4,0
2021-06-16 09:31:10,357.4,0
2021-06-16 09:31:11,357.25,0
2021-06-16 09:31:12,357.3,0
2021-06-16 09:31:13,357.3,0
2021-06-16 09:31:14,357.25,0
2021-06-16 09:31:15,357.25,0
2021-06-16 09:31:17,357.3,0
2021-06-16 09:31:18,357.4,0
2021-06-16 09:31:20,357.4,0
2021-06-16 09:31:21,357.4,0
2021-06-16 09:31:24,357.45,0
2021-06-16 09:31:25,357.3,0
2021-06-16 09:31:26,357.35,0
2021-06-16 09:31:27,357.3,0
2021-06-16 09:31:28,357.3,0
2021-06-16 09:31:29,357.35,0
2021-06-16 09:31:31,357.4,0
2021-06-16 09:31:32,357.4,0
2021-06-16 09:31:33,357.4,0
2021-06-16 09:31:35,357.4,0
2021-06-16 09:31:36,357.4,0
2021-06-16 09:31:37,357.4,0
2021-06-16 09:31:38,357.45,0
2021-06-16 09:31:39,357.45,0
2021-06-16 09:31:40,357.3,0
2021-06-16 09:31:41,357.25,0
2021-06-16 09:31:42,357.25,0
2021-06-16 09:31:44,357.2,0
2021-06-16 09:31:45,357.3,0
2021-06-16 09:31:47,357.3,0
2021-06-16 09:31:48,357.3,0
2021-06-16 09:31:49,357.3,0
2021-06-16 09:31:51,357.3,0
2021-06-16 09:31:52,357.3,0
2021-06-16 09:31:53,357.3,0
2021-06-16 09:31:54,357.3,0
2021-06-16 09:31:55,357.4,0
2021-06-16 09:31:56,357.4,0
2021-06-16 09:31:57,357.45,0
2021-06-16 09:31:59,357.4,0
2021-06-16 09:32:02,357.25,0
2021-06-16 09:32:03,357.25,0
2021-06-16 09:32:04,357.25,0
2021-06-16 09:32:05,357.25,0
2021-06-16 09:32:06,357.25,0
2021-06-16 09:32:07,357.2,0
2021-06-16 09:32:08,357.2,0
2021-06-16 09:32:09,357.25,0
2021-06-16 09:32:10,357.2,0
2021-06-16 09:32:13,357.3,0
2021-06-16 09:32:14,357.3,0
2021-06-16 09:32:15,357.3,0
2021-06-16 09:32:17,357.4,0
2021-06-16 09:32:18,357.4,0
2021-06-16 09:32:19,357.35,0
2021-06-16 09:32:20,357.35,0
2021-06-16 09:32:21,357.35,0
2021-06-16 09:32:22,357.25,0
2021-06-16 09:32:23,357.4,0
2021-06-16 09:32:24,357.45,0
2021-06-16 09:32:26,357.35,0
2021-06-16 09:32:27,357.3,0
2021-06-16 09:32:28,357.5,0
2021-06-16 09:32:29,357.6,0
2021-06-16 09:32:30,357.6,0
2021-06-16 09:32:31,357.6,0
2021-06-16 09:32:32,357.6,0
2021-06-16 09:32:34,357.6,0
2021-06-16 09:32:35,357.6,0
2021-06-16 09:32:36,357.6,0
2021-06-16 09:32:37,357.6,0
2021-06-16 09:32:38,357.65,0
2021-06-16 09:32:40,357.65,0
2021-06-16 09:32:41,357.6,0
2021-06-16 09:32:43,357.6,0
2021-06-16 09:32:44,357.65,0
2021-06-16 09:32:45,357.65,0
2021-06-16 09:32:46,357.65,0
2021-06-16 09:32:48,357.75,0
2021-06-16 09:32:49,357.75,0
2021-06-16 09:32:50,357.75,0
2021-06-16 09:32:51,357.75,0
2021-06-16 09:32:52,357.7,0
2021-06-16 09:32:53,357.65,0
2021-06-16 09:32:54,357.95,0
2021-06-16 09:32:55,357.95,0
2021-06-16 09:32:56,357.95,0
2021-06-16 09:32:57,357.9,0
2021-06-16 09:33:00,357.95,0
2021-06-16 09:33:01,357.95,0
2021-06-16 09:33:03,358.0,0
2021-06-16 09:33:04,358.0,0
2021-06-16 09:33:05,358.0,0
2021-06-16 09:33:06,358.0,0
2021-06-16 09:33:07,357.9,0
2021-06-16 09:33:08,357.95,0
2021-06-16 09:33:09,358.0,0
2021-06-16 09:33:10,358.05,0
2021-06-16 09:33:11,358.1,0
2021-06-16 09:33:12,358.0,0
2021-06-16 09:33:13,358.0,0
2021-06-16 09:33:15,357.85,0
2021-06-16 09:33:16,357.9,0
2021-06-16 09:33:17,357.95,0
2021-06-16 09:33:19,357.9,0
2021-06-16 09:33:20,357.9,0
2021-06-16 09:33:21,357.85,0
2021-06-16 09:33:22,357.85,0
2021-06-16 09:33:23,357.8,0
2021-06-16 09:33:24,357.9,0
2021-06-16 09:33:25,357.9,0
2021-06-16 09:33:26,357.9,0
2021-06-16 09:33:27,357.8,0
2021-06-16 09:33:28,357.85,0
2021-06-16 09:33:30,357.85,0
2021-06-16 09:33:31,357.9,0
2021-06-16 09:33:32,357.85,0
2021-06-16 09:33:33,357.75,0
2021-06-16 09:33:34,357.8,0
2021-06-16 09:33:35,357.8,0
2021-06-16 09:33:36,357.85,0
2021-06-16 09:33:38,357.85,0
2021-06-16 09:33:39,357.85,0
2021-06-16 09:33:40,357.85,0
2021-06-16 09:33:42,357.8,0
2021-06-16 09:33:43,357.85,0
2021-06-16 09:33:44,357.85,0
2021-06-16 09:33:45,357.85,0
2021-06-16 09:33:46,357.85,0
2021-06-16 09:33:47,357.85,0
2021-06-16 09:33:48,357.9,0
2021-06-16 09:33:49,357.9,0
2021-06-16 09:33:51,357.9,0
2021-06-16 09:33:52,357.9,0
2021-06-16 09:33:53,357.9,0
2021-06-16 09:33:55,358.0,0
2021-06-16 09:33:56,358.05,0
2021-06-16 09:33:59,358.05,0
2021-06-16 09:34:00,358.05,0
2021-06-16 09:34:01,358.05,0
2021-06-16 09:34:02,357.9,0
2021-06-16 09:34:03,357.95,0
2021-06-16 09:34:04,357.95,0
2021-06-16 09:34:05,358.0,0
2021-06-16 09:34:06,358.0,0
2021-06-16 09:34:07,358.0,0
2021-06-16 09:34:08,358.05,0
2021-06-16 09:34:09,358.15,0
2021-06-16 09:34:10,358.15,0
2021-06-16 09:34:11,358.15,0
2021-06-16 09:34:15,358.25,0
2021-06-16 09:34:16,358.3,0
2021-06-16 09:34:17,358.35,0
2021-06-16 09:34:18,358.4,0
2021-06-16 09:34:19,358.35,0
2021-06-16 09:34:20,358.3,0
2021-06-16 09:34:22,358.4,0
2021-06-16 09:34:23,358.45,0
2021-06-16 09:34:25,358.4,0
2021-06-16 09:34:26,358.5,0
2021-06-16 09:34:27,358.5,0
2021-06-16 09:34:28,358.55,0
2021-06-16 09:34:29,358.6,0
2021-06-16 09:34:30,358.6,0
2021-06-16 09:34:31,358.55,0
2021-06-16 09:34:32,358.5,0
2021-06-16 09:34:36,358.6,0
2021-06-16 09:34:37,358.6,0
2021-06-16 09:34:38,358.7,0
2021-06-16 09:34:39,358.7,0
2021-06-16 09:34:41,358.75,0
2021-06-16 09:34:42,358.85,0
2021-06-16 09:34:43,358.8,0
2021-06-16 09:34:45,358.85,0
2021-06-16 09:34:46,358.85,0
2021-06-16 09:34:47,358.85,0
2021-06-16 09:34:48,358.8,0
2021-06-16 09:34:49,358.8,0
2021-06-16 09:34:50,358.8,0
2021-06-16 09:34:52,358.85,0
2021-06-16 09:34:51,358.8,0
2021-06-16 09:34:53,358.9,0
2021-06-16 09:34:54,358.75,0
2021-06-16 09:34:55,358.8,0
2021-06-16 09:34:57,358.85,0
2021-06-16 09:34:58,358.85,0
2021-06-16 09:34:59,358.75,0
2021-06-16 09:35:00,358.8,0
2021-06-16 09:35:03,358.85,0
2021-06-16 09:35:04,358.8,0
2021-06-16 09:35:05,358.8,0
2021-06-16 09:35:06,358.8,0
2021-06-16 09:35:07,358.85,0
2021-06-16 09:35:08,358.75,0
2021-06-16 09:35:09,358.8,0
2021-06-16 09:35:10,358.75,0
2021-06-16 09:35:11,358.75,0
2021-06-16 09:35:14,358.8,0
2021-06-16 09:35:15,358.8,0
2021-06-16 09:35:16,358.75,0
2021-06-16 09:35:17,358.7,0
2021-06-16 09:35:18,358.7,0
2021-06-16 09:35:19,358.8,0
2021-06-16 09:35:20,358.7,0
2021-06-16 09:35:21,358.6,0
2021-06-16 09:35:22,358.65,0
2021-06-16 09:35:23,358.65,0
2021-06-16 09:35:26,358.55,0
2021-06-16 09:35:27,358.5,0
2021-06-16 09:35:28,358.5,0
2021-06-16 09:35:29,358.45,0
2021-06-16 09:35:30,358.4,0
2021-06-16 09:35:32,358.4,0
2021-06-16 09:35:33,358.35,0
2021-06-16 09:35:34,358.35,0
2021-06-16 09:35:35,358.45,0
2021-06-16 09:35:36,358.45,0
2021-06-16 09:35:37,358.4,0
2021-06-16 09:35:38,358.45,0
2021-06-16 09:35:39,358.5,0
2021-06-16 09:35:40,358.45,0
2021-06-16 09:35:41,358.35,0
2021-06-16 09:35:42,358.45,0
2021-06-16 09:35:43,358.45,0
2021-06-16 09:35:45,358.45,0
2021-06-16 09:35:46,358.5,0
2021-06-16 09:35:47,358.45,0
2021-06-16 09:35:49,358.4,0
2021-06-16 09:35:50,358.5,0
2021-06-16 09:35:51,358.5,0
2021-06-16 09:35:52,358.5,0
2021-06-16 09:35:53,358.5,0
2021-06-16 09:35:54,358.5,0
2021-06-16 09:35:55,358.5,0
2021-06-16 09:35:56,358.5,0
2021-06-16 09:35:57,358.5,0
2021-06-16 09:35:58,358.55,0
2021-06-16 09:35:59,358.55,0
2021-06-16 09:36:00,358.5,0
2021-06-16 09:36:01,358.45,0
2021-06-16 09:36:02,358.55,0
2021-06-16 09:36:03,358.6,0
2021-06-16 09:36:04,358.6,0
2021-06-16 09:36:05,358.55,0
2021-06-16 09:36:06,358.6,0
2021-06-16 09:36:09,358.5,0
2021-06-16 09:36:10,358.5,0
2021-06-16 09:36:11,358.55,0
2021-06-16 09:36:12,358.5,0
2021-06-16 09:36:13,358.5,0
2021-06-16 09:36:14,358.5,0
2021-06-16 09:36:16,358.55,0
2021-06-16 09:36:17,358.65,0
2021-06-16 09:36:18,358.6,0
2021-06-16 09:36:19,358.65,0
2021-06-16 09:36:20,358.65,0
2021-06-16 09:36:21,358.55,0
2021-06-16 09:36:23,358.55,0
2021-06-16 09:36:24,358.6,0
2021-06-16 09:36:25,358.6,0
2021-06-16 09:36:26,358.65,0
2021-06-16 09:36:27,358.7,0
2021-06-16 09:36:28,358.7,0
2021-06-16 09:36:29,358.7,0
2021-06-16 09:36:30,358.7,0
2021-06-16 09:36:32,358.7,0
2021-06-16 09:36:33,358.85,0
2021-06-16 09:36:34,358.85,0
2021-06-16 09:36:35,358.8,0
2021-06-16 09:36:39,358.8,0
2021-06-16 09:36:40,358.85,0
2021-06-16 09:36:41,358.9,0
2021-06-16 09:36:42,358.95,0
2021-06-16 09:36:45,358.9,0
2021-06-16 09:36:46,358.8,0
2021-06-16 09:36:47,358.8,0
2021-06-16 09:36:48,358.75,0
2021-06-16 09:36:49,358.75,0
2021-06-16 09:36:55,358.85,0
2021-06-16 09:36:56,358.8,0
2021-06-16 09:36:57,358.85,0
2021-06-16 09:36:58,358.85,0
2021-06-16 09:36:59,358.85,0
2021-06-16 09:37:00,358.75,0
2021-06-16 09:37:02,358.75,0
2021-06-16 09:37:03,358.75,0
2021-06-16 09:37:05,358.75,0
2021-06-16 09:37:06,358.75,0
2021-06-16 09:37:07,358.75,0
2021-06-16 09:37:08,358.7,0
2021-06-16 09:37:09,358.75,0
2021-06-16 09:37:10,358.75,0
2021-06-16 09:37:13,358.4,0
2021-06-16 09:37:14,358.5,0
2021-06-16 09:37:15,358.45,0
2021-06-16 09:37:16,358.45,0
2021-06-16 09:37:18,358.5,0
2021-06-16 09:37:19,358.55,0
2021-06-16 09:37:20,358.5,0
2021-06-16 09:37:21,358.55,0
2021-06-16 09:37:22,358.5,0
2021-06-16 09:37:23,358.45,0
2021-06-16 09:37:24,358.45,0
2021-06-16 09:37:25,358.45,0
2021-06-16 09:37:26,358.45,0
2021-06-16 09:37:27,358.4,0
2021-06-16 09:37:28,358.45,0
2021-06-16 09:37:29,358.45,0
2021-06-16 09:37:30,358.45,0
2021-06-16 09:37:32,358.45,0
2021-06-16 09:37:33,358.45,0
2021-06-16 09:37:34,358.45,0
2021-06-16 09:37:35,358.45,0
2021-06-16 09:37:36,358.45,0
2021-06-16 09:37:38,358.4,0
2021-06-16 09:37:39,358.4,0
2021-06-16 09:37:40,358.35,0
2021-06-16 09:37:41,358.4,0
2021-06-16 09:37:42,358.4,0
2021-06-16 09:37:43,358.4,0
2021-06-16 09:37:44,358.45,0
2021-06-16 09:37:45,358.45,0
2021-06-16 09:37:46,358.45,0
2021-06-16 09:37:47,358.4,0
2021-06-16 09:37:48,358.4,0
2021-06-16 09:37:49,358.35,0
2021-06-16 09:37:50,358.4,0
2021-06-16 09:37:51,358.4,0
2021-06-16 09:37:52,358.4,0
2021-06-16 09:37:53,358.4,0
2021-06-16 09:37:54,358.35,0
2021-06-16 09:37:55,358.3,0
2021-06-16 09:37:56,358.35,0
2021-06-16 09:37:58,358.2,0
2021-06-16 09:37:59,358.3,0
2021-06-16 09:38:00,358.3,0
2021-06-16 09:38:01,358.35,0
2021-06-16 09:38:02,358.3,0
2021-06-16 09:38:03,358.3,0
2021-06-16 09:38:04,358.3,0
2021-06-16 09:38:05,358.25,0
2021-06-16 09:38:06,358.3,0
2021-06-16 09:38:07,358.25,0
2021-06-16 09:38:08,358.25,0
2021-06-16 09:38:09,358.25,0
2021-06-16 09:38:10,358.2,0
2021-06-16 09:38:11,358.1,0
2021-06-16 09:38:12,358.1,0
2021-06-16 09:38:13,358.15,0
2021-06-16 09:38:14,358.1,0
2021-06-16 09:38:15,358.1,0
2021-06-16 09:38:18,358.1,0
2021-06-16 09:38:19,358.25,0
2021-06-16 09:38:20,358.2,0
2021-06-16 09:38:21,358.2,0
2021-06-16 09:38:22,358.2,0
2021-06-16 09:38:23,358.2,0
2021-06-16 09:38:24,358.25,0
2021-06-16 09:38:25,358.25,0
2021-06-16 09:38:26,358.2,0
2021-06-16 09:38:27,358.15,0
2021-06-16 09:38:28,358.2,0
2021-06-16 09:38:30,358.1,0
2021-06-16 09:38:32,358.15,0
2021-06-16 09:38:33,358.15,0
2021-06-16 09:38:34,358.1,0
2021-06-16 09:38:35,358.05,0
2021-06-16 09:38:37,358.1,0
2021-06-16 09:38:38,358.15,0
2021-06-16 09:38:39,358.15,0
2021-06-16 09:38:40,358.2,0
2021-06-16 09:38:41,358.25,0
2021-06-16 09:38:42,358.15,0
2021-06-16 09:38:43,358.2,0
2021-06-16 09:38:44,358.2,0
2021-06-16 09:38:45,358.25,0
2021-06-16 09:38:46,358.15,0
2021-06-16 09:38:47,358.3,0
2021-06-16 09:38:48,358.25,0
2021-06-16 09:38:49,358.25,0
2021-06-16 09:38:50,358.2,0
2021-06-16 09:38:51,358.1,0
2021-06-16 09:38:53,358.2,0
2021-06-16 09:38:54,358.15,0
2021-06-16 09:38:55,358.15,0
2021-06-16 09:38:56,358.15,0
2021-06-16 09:38:57,358.25,0
2021-06-16 09:38:58,358.25,0
2021-06-16 09:38:59,358.2,0
2021-06-16 09:39:00,358.25,0
2021-06-16 09:39:01,358.2,0
2021-06-16 09:39:02,358.25,0
2021-06-16 09:39:03,358.25,0
2021-06-16 09:39:05,358.25,0
2021-06-16 09:39:06,358.25,0
2021-06-16 09:39:07,358.2,0
2021-06-16 09:39:08,358.1,0
2021-06-16 09:39:09,358.1,0
2021-06-16 09:39:10,358.05,0
2021-06-16 09:39:11,358.1,0
2021-06-16 09:39:12,358.1,0
2021-06-16 09:39:13,358.1,0
2021-06-16 09:39:15,358.1,0
2021-06-16 09:39:16,358.1,0
2021-06-16 09:39:17,358.0,0
2021-06-16 09:39:18,358.05,0
2021-06-16 09:39:19,358.1,0
2021-06-16 09:39:20,358.05,0
2021-06-16 09:39:21,358.1,0
2021-06-16 09:39:22,358.05,0
2021-06-16 09:39:24,358.1,0
2021-06-16 09:39:25,357.8,0
2021-06-16 09:39:26,357.85,0
2021-06-16 09:39:28,357.85,0
2021-06-16 09:39:29,357.75,0
2021-06-16 09:39:30,357.8,0
2021-06-16 09:39:31,357.75,0
2021-06-16 09:39:32,357.75,0
2021-06-16 09:39:33,357.85,0
2021-06-16 09:39:34,357.85,0
2021-06-16 09:39:35,357.9,0
2021-06-16 09:39:36,357.9,0
2021-06-16 09:39:37,357.8,0
2021-06-16 09:39:38,357.7,0
2021-06-16 09:39:40,357.8,0
2021-06-16 09:39:41,357.8,0
2021-06-16 09:39:42,357.8,0
2021-06-16 09:39:44,357.8,0
2021-06-16 09:39:45,357.85,0
2021-06-16 09:39:46,357.9,0
2021-06-16 09:39:47,357.9,0
2021-06-16 09:39:48,357.9,0
2021-06-16 09:39:49,357.9,0
2021-06-16 09:39:51,357.9,0
2021-06-16 09:39:52,357.85,0
2021-06-16 09:39:54,357.85,0
2021-06-16 09:39:55,357.8,0
2021-06-16 09:39:57,357.8,0
2021-06-16 09:39:58,357.85,0
2021-06-16 09:39:59,357.85,0
2021-06-16 09:40:02,357.9,0
2021-06-16 09:40:03,357.9,0
2021-06-16 09:40:05,357.95,0
2021-06-16 09:40:06,357.95,0
2021-06-16 09:40:07,357.8,0
2021-06-16 09:40:08,357.75,0
2021-06-16 09:40:09,357.85,0
2021-06-16 09:40:10,357.8,0
2021-06-16 09:40:11,357.9,0
2021-06-16 09:40:12,357.9,0
2021-06-16 09:40:13,357.9,0
2021-06-16 09:40:14,357.9,0
2021-06-16 09:40:15,357.95,0
2021-06-16 09:40:16,357.9,0
2021-06-16 09:40:17,358.0,0
2021-06-16 09:40:18,358.05,0
2021-06-16 09:40:19,358.05,0
2021-06-16 09:40:20,358.05,0
2021-06-16 09:40:24,358.0,0
2021-06-16 09:40:25,358.0,0
2021-06-16 09:40:26,358.0,0
2021-06-16 09:40:27,358.0,0
2021-06-16 09:40:29,357.9,0
2021-06-16 09:40:30,357.9,0
2021-06-16 09:40:31,358.0,0
2021-06-16 09:40:32,358.0,0
2021-06-16 09:40:33,358.0,0
2021-06-16 09:40:34,358.0,0
2021-06-16 09:40:35,357.95,0
2021-06-16 09:40:36,357.9,0
2021-06-16 09:40:37,357.9,0
2021-06-16 09:40:38,357.95,0
2021-06-16 09:40:39,357.9,0
2021-06-16 09:40:40,357.95,0
2021-06-16 09:40:41,357.9,0
2021-06-16 09:40:42,357.9,0
2021-06-16 09:40:43,357.9,0
2021-06-16 09:40:46,357.85,0
2021-06-16 09:40:47,357.9,0
2021-06-16 09:40:48,357.9,0
2021-06-16 09:40:49,357.9,0
2021-06-16 09:40:50,357.9,0
2021-06-16 09:40:52,358.0,0
2021-06-16 09:40:53,357.95,0
2021-06-16 09:40:54,357.95,0
2021-06-16 09:40:55,357.95,0
2021-06-16 09:40:56,357.85,0
2021-06-16 09:40:57,357.9,0
2021-06-16 09:40:59,358.0,0
2021-06-16 09:41:00,358.0,0
2021-06-16 09:41:01,358.0,0
2021-06-16 09:41:03,357.95,0
2021-06-16 09:41:04,357.9,0
2021-06-16 09:41:05,357.9,0
2021-06-16 09:41:07,357.9,0
2021-06-16 09:41:11,357.85,0
2021-06-16 09:41:13,357.9,0
2021-06-16 09:41:14,357.9,0
2021-06-16 09:41:15,357.9,0
2021-06-16 09:41:16,357.9,0
2021-06-16 09:41:17,357.95,0
2021-06-16 09:41:18,357.9,0
2021-06-16 09:41:19,357.85,0
2021-06-16 09:41:20,357.9,0
2021-06-16 09:41:21,357.9,0
2021-06-16 09:41:22,357.95,0
2021-06-16 09:41:23,357.95,0
2021-06-16 09:41:25,358.0,0
2021-06-16 09:41:26,358.0,0
2021-06-16 09:41:27,357.9,0
2021-06-16 09:41:28,357.95,0
2021-06-16 09:41:29,357.95,0
2021-06-16 09:41:30,357.9,0
2021-06-16 09:41:31,357.85,0
2021-06-16 09:41:32,357.8,0
2021-06-16 09:41:33,357.85,0
2021-06-16 09:41:34,357.9,0
2021-06-16 09:41:38,357.9,0
2021-06-16 09:41:39,357.9,0
2021-06-16 09:41:40,357.95,0
2021-06-16 09:41:41,357.9,0
2021-06-16 09:41:42,358.0,0
2021-06-16 09:41:44,357.95,0
2021-06-16 09:41:45,357.95,0
2021-06-16 09:41:46,358.05,0
2021-06-16 09:41:47,358.0,0
2021-06-16 09:41:48,358.0,0
2021-06-16 09:41:49,358.0,0
2021-06-16 09:41:51,357.9,0
2021-06-16 09:41:52,357.95,0
2021-06-16 09:41:53,358.1,0
2021-06-16 09:41:54,358.15,0
2021-06-16 09:41:55,358.1,0
2021-06-16 09:41:56,358.05,0
2021-06-16 09:41:57,358.05,0
2021-06-16 09:41:59,358.05,0
2021-06-16 09:42:00,358.05,0
2021-06-16 09:42:01,358.05,0
2021-06-16 09:42:02,357.95,0
2021-06-16 09:42:03,357.95,0
2021-06-16 09:42:04,358.0,0
2021-06-16 09:42:05,357.95,0
2021-06-16 09:42:06,358.0,0
2021-06-16 09:42:07,358.05,0
2021-06-16 09:42:08,357.95,0
2021-06-16 09:42:09,357.9,0
2021-06-16 09:42:10,357.9,0
2021-06-16 09:42:11,357.95,0
2021-06-16 09:42:12,357.9,0
2021-06-16 09:42:13,357.95,0
2021-06-16 09:42:14,357.95,0
2021-06-16 09:42:15,358.0,0
2021-06-16 09:42:16,358.05,0
2021-06-16 09:42:17,358.0,0
2021-06-16 09:42:18,357.95,0
2021-06-16 09:42:20,358.05,0
2021-06-16 09:42:21,358.05,0
2021-06-16 09:42:22,358.0,0
2021-06-16 09:42:23,358.15,0
2021-06-16 09:42:24,358.15,0
2021-06-16 09:42:25,358.15,0
2021-06-16 09:42:27,358.15,0
2021-06-16 09:42:28,358.15,0
2021-06-16 09:42:29,358.15,0
2021-06-16 09:42:30,358.15,0
2021-06-16 09:42:31,358.15,0
2021-06-16 09:42:32,358.1,0
2021-06-16 09:42:33,358.15,0
2021-06-16 09:42:34,358.15,0
2021-06-16 09:42:35,358.15,0
2021-06-16 09:42:36,358.1,0
2021-06-16 09:42:37,358.15,0
2021-06-16 09:42:38,358.15,0
2021-06-16 09:42:39,358.15,0
2021-06-16 09:42:40,358.15,0
2021-06-16 09:42:41,358.15,0
2021-06-16 09:42:42,358.1,0
2021-06-16 09:42:43,358.15,0
2021-06-16 09:42:44,358.15,0
2021-06-16 09:42:47,358.1,0
2021-06-16 09:42:48,358.1,0
2021-06-16 09:42:50,358.1,0
2021-06-16 09:42:51,358.1,0
2021-06-16 09:42:52,358.1,0
2021-06-16 09:42:53,358.1,0
2021-06-16 09:42:56,358.1,0
2021-06-16 09:42:57,358.05,0
2021-06-16 09:42:58,358.05,0
2021-06-16 09:42:59,358.05,0
2021-06-16 09:43:00,358.1,0
2021-06-16 09:43:01,358.05,0
2021-06-16 09:43:02,358.0,0
2021-06-16 09:43:03,358.0,0
2021-06-16 09:43:04,358.0,0
2021-06-16 09:43:05,358.0,0
2021-06-16 09:43:06,358.0,0
2021-06-16 09:43:07,358.0,0
2021-06-16 09:43:08,358.05,0
2021-06-16 09:43:09,358.0,0
2021-06-16 09:43:10,358.0,0
2021-06-16 09:43:11,357.95,0
2021-06-16 09:43:12,357.95,0
2021-06-16 09:43:13,357.95,0
2021-06-16 09:43:14,357.95,0
2021-06-16 09:43:16,358.0,0
2021-06-16 09:43:17,358.0,0
2021-06-16 09:43:18,357.95,0
2021-06-16 09:43:19,357.95,0
2021-06-16 09:43:20,357.95,0
2021-06-16 09:43:22,357.9,0
2021-06-16 09:43:23,357.9,0
2021-06-16 09:43:24,357.9,0
2021-06-16 09:43:25,357.9,0
2021-06-16 09:43:26,357.9,0
2021-06-16 09:43:27,357.95,0
2021-06-16 09:43:28,357.95,0
2021-06-16 09:43:30,358.0,0
2021-06-16 09:43:31,357.9,0
2021-06-16 09:43:32,357.9,0
2021-06-16 09:43:33,357.85,0
2021-06-16 09:43:34,357.85,0
2021-06-16 09:43:35,357.85,0
2021-06-16 09:43:37,357.8,0
2021-06-16 09:43:38,357.8,0
2021-06-16 09:43:41,357.9,0
2021-06-16 09:43:44,357.8,0
2021-06-16 09:43:46,357.85,0
2021-06-16 09:43:47,357.8,0
2021-06-16 09:43:49,357.75,0
2021-06-16 09:43:50,357.65,0
2021-06-16 09:43:51,357.6,0
2021-06-16 09:43:54,357.7,0
2021-06-16 09:43:55,357.6,0
2021-06-16 09:43:56,357.6,0
2021-06-16 09:43:57,357.5,0
2021-06-16 09:43:58,357.45,0
2021-06-16 09:43:59,357.45,0
2021-06-16 09:44:01,357.35,0
2021-06-16 09:44:02,357.35,0
2021-06-16 09:44:03,357.3,0
2021-06-16 09:44:04,357.35,0
2021-06-16 09:44:06,357.3,0
2021-06-16 09:44:07,357.3,0
2021-06-16 09:44:08,357.3,0
2021-06-16 09:44:09,357.3,0
2021-06-16 09:44:10,357.3,0
2021-06-16 09:44:11,357.35,0
2021-06-16 09:44:12,357.3,0
2021-06-16 09:44:13,357.35,0
2021-06-16 09:44:15,357.45,0
2021-06-16 09:44:16,357.5,0
2021-06-16 09:44:19,357.65,0
2021-06-16 09:44:20,357.6,0
2021-06-16 09:44:21,357.6,0
2021-06-16 09:44:22,357.6,0
2021-06-16 09:44:23,357.65,0
2021-06-16 09:44:24,357.65,0
2021-06-16 09:44:25,357.6,0
2021-06-16 09:44:27,357.65,0
2021-06-16 09:44:28,357.65,0
2021-06-16 09:44:29,357.65,0
2021-06-16 09:44:31,357.6,0
2021-06-16 09:44:30,357.65,0
2021-06-16 09:44:32,357.55,0
2021-06-16 09:44:34,357.55,0
2021-06-16 09:44:35,357.55,0
2021-06-16 09:44:36,357.6,0
2021-06-16 09:44:37,357.6,0
2021-06-16 09:44:38,357.65,0
2021-06-16 09:44:40,357.55,0
2021-06-16 09:44:41,357.55,0
2021-06-16 09:44:42,357.55,0
2021-06-16 09:44:43,357.55,0
2021-06-16 09:44:45,357.55,0
2021-06-16 09:44:46,357.55,0
2021-06-16 09:44:47,357.45,0
2021-06-16 09:44:49,357.55,0
2021-06-16 09:44:50,357.5,0
2021-06-16 09:44:51,357.45,0
2021-06-16 09:44:52,357.45,0
2021-06-16 09:44:55,357.4,0
2021-06-16 09:44:56,357.45,0
2021-06-16 09:44:57,357.35,0
2021-06-16 09:44:58,357.35,0
2021-06-16 09:44:59,357.35,0
2021-06-16 09:45:00,357.45,0
2021-06-16 09:45:01,357.45,0
2021-06-16 09:45:02,357.35,0
2021-06-16 09:45:03,357.35,0
2021-06-16 09:45:04,357.35,0
2021-06-16 09:45:05,357.35,0
2021-06-16 09:45:06,357.35,0
2021-06-16 09:45:07,357.35,0
2021-06-16 09:45:08,357.35,0
2021-06-16 09:45:09,357.35,0
2021-06-16 09:45:12,357.4,0
2021-06-16 09:45:13,357.5,0
2021-06-16 09:45:14,357.45,0
2021-06-16 09:45:15,357.45,0
2021-06-16 09:45:16,357.5,0
2021-06-16 09:45:17,357.4,0
2021-06-16 09:45:18,357.4,0
2021-06-16 09:45:20,357.4,0
2021-06-16 09:45:21,357.4,0
2021-06-16 09:45:22,357.45,0
2021-06-16 09:45:23,357.4,0
2021-06-16 09:45:24,357.4,0
2021-06-16 09:45:25,357.45,0
2021-06-16 09:45:26,357.45,0
2021-06-16 09:45:27,357.45,0
2021-06-16 09:45:28,357.4,0
2021-06-16 09:45:29,357.45,0
2021-06-16 09:45:30,357.45,0
2021-06-16 09:45:32,357.5,0
2021-06-16 09:45:33,357.45,0
2021-06-16 09:45:34,357.45,0
2021-06-16 09:45:35,357.45,0
2021-06-16 09:45:36,357.45,0
2021-06-16 09:45:37,357.45,0
2021-06-16 09:45:38,357.4,0
2021-06-16 09:45:39,357.4,0
2021-06-16 09:45:40,357.4,0
2021-06-16 09:45:41,357.45,0
2021-06-16 09:45:42,357.4,0
2021-06-16 09:45:43,357.45,0
2021-06-16 09:45:44,357.35,0
2021-06-16 09:45:45,357.35,0
2021-06-16 09:45:46,357.45,0
2021-06-16 09:45:48,357.4,0
2021-06-16 09:45:49,357.4,0
2021-06-16 09:45:50,357.4,0
2021-06-16 09:45:51,357.4,0
2021-06-16 09:45:52,357.4,0
2021-06-16 09:45:53,357.4,0
2021-06-16 09:45:54,357.45,0
2021-06-16 09:45:55,357.5,0
2021-06-16 09:45:56,357.5,0
2021-06-16 09:45:57,357.5,0
2021-06-16 09:45:58,357.45,0
2021-06-16 09:46:01,357.5,0
2021-06-16 09:46:05,357.45,0
2021-06-16 09:46:10,357.4,0
2021-06-16 09:46:12,357.4,0
2021-06-16 09:46:13,357.4,0
2021-06-16 09:46:14,357.4,0
2021-06-16 09:46:15,357.4,0
2021-06-16 09:46:16,357.4,0
2021-06-16 09:46:17,357.4,0
2021-06-16 09:46:18,357.35,0
2021-06-16 09:46:19,357.35,0
2021-06-16 09:46:20,357.35,0
2021-06-16 09:46:21,357.3,0
2021-06-16 09:46:22,357.3,0
2021-06-16 09:46:23,357.35,0
2021-06-16 09:46:24,357.4,0
2021-06-16 09:46:25,357.45,0
2021-06-16 09:46:26,357.4,0
2021-06-16 09:46:27,357.45,0
2021-06-16 09:46:28,357.4,0
2021-06-16 09:46:29,357.35,0
2021-06-16 09:46:30,357.3,0
2021-06-16 09:46:31,357.3,0
2021-06-16 09:46:32,357.35,0
2021-06-16 09:46:33,357.35,0
2021-06-16 09:46:34,357.25,0
2021-06-16 09:46:35,357.25,0
2021-06-16 09:46:36,357.2,0
2021-06-16 09:46:37,357.25,0
2021-06-16 09:46:38,357.25,0
2021-06-16 09:46:39,357.25,0
2021-06-16 09:46:40,357.3,0
2021-06-16 09:46:41,357.2,0
2021-06-16 09:46:45,357.15,0
2021-06-16 09:46:46,357.05,0
2021-06-16 09:46:47,357.1,0
2021-06-16 09:46:48,357.1,0
2021-06-16 09:46:49,357.1,0
2021-06-16 09:46:50,357.05,0
2021-06-16 09:46:51,357.0,0
2021-06-16 09:46:52,357.0,0
2021-06-16 09:46:53,357.0,0
2021-06-16 09:46:54,357.0,0
2021-06-16 09:46:56,357.05,0
2021-06-16 09:46:57,357.0,0
2021-06-16 09:46:59,357.0,0
2021-06-16 09:47:00,357.0,0
2021-06-16 09:47:01,357.0,0
2021-06-16 09:47:02,356.95,0
2021-06-16 09:47:04,356.95,0
2021-06-16 09:47:05,356.95,0
2021-06-16 09:47:06,357.0,0
2021-06-16 09:47:07,357.05,0
2021-06-16 09:47:09,356.95,0
2021-06-16 09:47:10,356.95,0
2021-06-16 09:47:11,356.95,0
2021-06-16 09:47:14,357.0,0
2021-06-16 09:47:15,356.95,0
2021-06-16 09:47:16,356.9,0
2021-06-16 09:47:17,356.9,0
2021-06-16 09:47:18,356.95,0
2021-06-16 09:47:19,356.95,0
2021-06-16 09:47:20,356.95,0
2021-06-16 09:47:21,356.8,0
2021-06-16 09:47:22,356.9,0
2021-06-16 09:47:23,356.9,0
2021-06-16 09:47:24,356.9,0
2021-06-16 09:47:26,356.85,0
2021-06-16 09:47:27,356.85,0
2021-06-16 09:47:28,356.75,0
2021-06-16 09:47:29,356.75,0
2021-06-16 09:47:30,356.8,0
2021-06-16 09:47:32,356.75,0
2021-06-16 09:47:33,356.75,0
2021-06-16 09:47:35,356.75,0
2021-06-16 09:47:36,356.75,0
2021-06-16 09:47:38,356.75,0
2021-06-16 09:47:39,356.8,0
2021-06-16 09:47:40,356.75,0
2021-06-16 09:47:41,356.75,0
2021-06-16 09:47:43,356.7,0
2021-06-16 09:47:44,356.65,0
2021-06-16 09:47:45,356.7,0
2021-06-16 09:47:46,356.75,0
2021-06-16 09:47:47,356.75,0
2021-06-16 09:47:48,356.7,0
2021-06-16 09:47:49,356.7,0
2021-06-16 09:47:50,356.7,0
2021-06-16 09:47:51,356.65,0
2021-06-16 09:47:52,356.65,0
2021-06-16 09:47:53,356.6,0
2021-06-16 09:47:54,356.6,0
2021-06-16 09:47:55,356.5,0
2021-06-16 09:47:56,356.5,0
2021-06-16 09:47:57,356.5,0
2021-06-16 09:47:58,356.55,0
2021-06-16 09:47:59,356.6,0
2021-06-16 09:48:03,356.65,0
2021-06-16 09:48:04,356.7,0
2021-06-16 09:48:05,356.75,0
2021-06-16 09:48:06,356.7,0
2021-06-16 09:48:09,356.75,0
2021-06-16 09:48:10,356.75,0
2021-06-16 09:48:11,356.7,0
2021-06-16 09:48:12,356.75,0
2021-06-16 09:48:13,356.7,0
2021-06-16 09:48:14,356.7,0
2021-06-16 09:48:15,356.75,0
2021-06-16 09:48:16,356.75,0
2021-06-16 09:48:17,356.75,0
2021-06-16 09:48:20,356.7,0
2021-06-16 09:48:21,356.65,0
2021-06-16 09:48:22,356.65,0
2021-06-16 09:48:23,356.65,0
2021-06-16 09:48:24,356.6,0
2021-06-16 09:48:26,356.6,0
2021-06-16 09:48:27,356.55,0
2021-06-16 09:48:28,356.5,0
2021-06-16 09:48:29,356.5,0
2021-06-16 09:48:30,356.5,0
2021-06-16 09:48:31,356.5,0
2021-06-16 09:48:32,356.5,0
2021-06-16 09:48:33,356.5,0
2021-06-16 09:48:35,356.45,0
2021-06-16 09:48:36,356.4,0
2021-06-16 09:48:37,356.4,0
2021-06-16 09:48:38,356.4,0
2021-06-16 09:48:39,356.3,0
2021-06-16 09:48:40,356.3,0
2021-06-16 09:48:42,356.25,0
2021-06-16 09:48:43,356.25,0
2021-06-16 09:48:44,356.25,0
2021-06-16 09:48:46,356.4,0
2021-06-16 09:48:47,356.35,0
2021-06-16 09:48:48,356.4,0
2021-06-16 09:48:49,356.35,0
2021-06-16 09:48:50,356.25,0
2021-06-16 09:48:51,356.3,0
2021-06-16 09:48:52,356.35,0
2021-06-16 09:48:54,356.3,0
2021-06-16 09:48:55,356.4,0
2021-06-16 09:48:56,356.35,0
2021-06-16 09:48:58,356.4,0
2021-06-16 09:48:59,356.4,0
2021-06-16 09:49:00,356.45,0
2021-06-16 09:49:01,356.45,0
2021-06-16 09:49:02,356.45,0
2021-06-16 09:49:03,356.45,0
2021-06-16 09:49:04,356.45,0
2021-06-16 09:49:05,356.45,0
2021-06-16 09:49:06,356.55,0
2021-06-16 09:49:07,356.55,0
2021-06-16 09:49:08,356.45,0
2021-06-16 09:49:09,356.4,0
2021-06-16 09:49:10,356.4,0
2021-06-16 09:49:11,356.4,0
2021-06-16 09:49:12,356.3,0
2021-06-16 09:49:13,356.35,0
2021-06-16 09:49:14,356.5,0
2021-06-16 09:49:15,356.4,0
2021-06-16 09:49:16,356.4,0
2021-06-16 09:49:18,356.3,0
2021-06-16 09:49:19,356.3,0
2021-06-16 09:49:20,356.3,0
2021-06-16 09:49:21,356.3,0
2021-06-16 09:49:22,356.25,0
2021-06-16 09:49:24,356.35,0
2021-06-16 09:49:25,356.35,0
2021-06-16 09:49:26,356.3,0
2021-06-16 09:49:27,356.3,0
2021-06-16 09:49:28,356.3,0
2021-06-16 09:49:29,356.35,0
2021-06-16 09:49:31,356.35,0
2021-06-16 09:49:32,356.3,0
2021-06-16 09:49:33,356.3,0
2021-06-16 09:49:34,356.35,0
2021-06-16 09:49:35,356.3,0
2021-06-16 09:49:36,356.3,0
2021-06-16 09:49:37,356.3,0
2021-06-16 09:49:38,356.35,0
2021-06-16 09:49:41,356.35,0
2021-06-16 09:49:42,356.4,0
2021-06-16 09:49:44,356.4,0
2021-06-16 09:49:48,356.4,0
2021-06-16 09:49:47,356.3,0
2021-06-16 09:49:49,356.4,0
2021-06-16 09:49:50,356.35,0
2021-06-16 09:49:51,356.3,0
2021-06-16 09:49:52,356.3,0
2021-06-16 09:49:53,356.25,0
2021-06-16 09:49:54,356.3,0
2021-06-16 09:49:57,356.3,0
2021-06-16 09:49:58,356.25,0
2021-06-16 09:49:59,356.2,0
2021-06-16 09:50:00,356.15,0
2021-06-16 09:50:01,356.2,0
2021-06-16 09:50:02,356.2,0
2021-06-16 09:50:03,356.15,0
2021-06-16 09:50:04,356.2,0
2021-06-16 09:50:05,356.15,0
2021-06-16 09:50:06,356.2,0
2021-06-16 09:50:07,356.05,0
2021-06-16 09:50:09,356.05,0
2021-06-16 09:50:11,356.1,0
2021-06-16 09:50:12,356.1,0
2021-06-16 09:50:13,356.2,0
2021-06-16 09:50:15,356.2,0
2021-06-16 09:50:17,356.3,0
2021-06-16 09:50:18,356.3,0
2021-06-16 09:50:19,356.3,0
2021-06-16 09:50:20,356.2,0
2021-06-16 09:50:21,356.2,0
2021-06-16 09:50:23,356.25,0
2021-06-16 09:50:24,356.25,0
2021-06-16 09:50:26,356.2,0
2021-06-16 09:50:27,356.2,0
2021-06-16 09:50:28,356.15,0
2021-06-16 09:50:29,356.15,0
2021-06-16 09:50:31,356.1,0
2021-06-16 09:50:32,356.1,0
2021-06-16 09:50:34,356.15,0
2021-06-16 09:50:35,356.15,0
2021-06-16 09:50:36,356.2,0
2021-06-16 09:50:37,356.15,0
2021-06-16 09:50:38,356.25,0
2021-06-16 09:50:39,356.2,0
2021-06-16 09:50:40,356.25,0
2021-06-16 09:50:41,356.2,0
2021-06-16 09:50:42,356.25,0
2021-06-16 09:50:43,356.2,0
2021-06-16 09:50:44,356.2,0
2021-06-16 09:50:45,356.25,0
2021-06-16 09:50:46,356.25,0
2021-06-16 09:50:47,356.25,0
2021-06-16 09:50:48,356.25,0
2021-06-16 09:50:49,356.3,0
2021-06-16 09:50:50,356.25,0
2021-06-16 09:50:51,356.25,0
2021-06-16 09:50:52,356.3,0
2021-06-16 09:50:53,356.25,0
2021-06-16 09:50:54,356.25,0
2021-06-16 09:50:55,356.3,0
2021-06-16 09:50:56,356.3,0
2021-06-16 09:50:58,356.25,0
2021-06-16 09:50:59,356.35,0
2021-06-16 09:51:00,356.35,0
2021-06-16 09:51:01,356.3,0
2021-06-16 09:51:02,356.3,0
2021-06-16 09:51:04,356.4,0
2021-06-16 09:51:05,356.35,0
2021-06-16 09:51:06,356.35,0
2021-06-16 09:51:07,356.35,0
2021-06-16 09:51:08,356.35,0
2021-06-16 09:51:09,356.35,0
2021-06-16 09:51:10,356.35,0
2021-06-16 09:51:11,356.35,0
2021-06-16 09:51:13,356.4,0
2021-06-16 09:51:14,356.35,0
2021-06-16 09:51:17,356.45,0
2021-06-16 09:51:18,356.45,0
2021-06-16 09:51:19,356.45,0
2021-06-16 09:51:20,356.4,0
2021-06-16 09:51:22,356.45,0
2021-06-16 09:51:23,356.45,0
2021-06-16 09:51:24,356.5,0
2021-06-16 09:51:26,356.5,0
2021-06-16 09:51:28,356.5,0
2021-06-16 09:51:29,356.55,0
2021-06-16 09:51:30,356.55,0
2021-06-16 09:51:31,356.55,0
2021-06-16 09:51:32,356.5,0
2021-06-16 09:51:34,356.55,0
2021-06-16 09:51:35,356.6,0
2021-06-16 09:51:36,356.55,0
2021-06-16 09:51:37,356.55,0
2021-06-16 09:51:38,356.55,0
2021-06-16 09:51:39,356.5,0
2021-06-16 09:51:40,356.55,0
2021-06-16 09:51:42,356.5,0
2021-06-16 09:51:43,356.4,0
2021-06-16 09:51:45,356.5,0
2021-06-16 09:51:46,356.45,0
2021-06-16 09:51:47,356.35,0
2021-06-16 09:51:49,356.45,0
2021-06-16 09:51:50,356.45,0
2021-06-16 09:51:51,356.4,0
2021-06-16 09:51:52,356.45,0
2021-06-16 09:51:53,356.45,0
2021-06-16 09:51:55,356.45,0
2021-06-16 09:51:57,356.4,0
2021-06-16 09:51:58,356.4,0
2021-06-16 09:51:59,356.35,0
2021-06-16 09:52:00,356.35,0
2021-06-16 09:52:01,356.35,0
2021-06-16 09:52:02,356.35,0
2021-06-16 09:52:03,356.35,0
2021-06-16 09:52:04,356.4,0
2021-06-16 09:52:05,356.4,0
2021-06-16 09:52:06,356.35,0
2021-06-16 09:52:07,356.3,0
2021-06-16 09:52:08,356.3,0
2021-06-16 09:52:09,356.3,0
2021-06-16 09:52:10,356.3,0
2021-06-16 09:52:11,356.25,0
2021-06-16 09:52:12,356.3,0
2021-06-16 09:52:13,356.3,0
2021-06-16 09:52:14,356.25,0
2021-06-16 09:52:15,356.3,0
2021-06-16 09:52:16,356.25,0
2021-06-16 09:52:17,356.3,0
2021-06-16 09:52:18,356.25,0
2021-06-16 09:52:19,356.25,0
2021-06-16 09:52:21,356.15,0
2021-06-16 09:52:22,356.15,0
2021-06-16 09:52:23,356.15,0
2021-06-16 09:52:24,356.15,0
2021-06-16 09:52:25,356.15,0
2021-06-16 09:52:27,356.25,0
2021-06-16 09:52:29,356.2,0
2021-06-16 09:52:30,356.35,0
2021-06-16 09:52:31,356.3,0
2021-06-16 09:52:32,356.3,0
2021-06-16 09:52:33,356.35,0
2021-06-16 09:52:34,356.3,0
2021-06-16 09:52:35,356.3,0
2021-06-16 09:52:38,356.25,0
2021-06-16 09:52:39,356.3,0
2021-06-16 09:52:40,356.35,0
2021-06-16 09:52:41,356.35,0
2021-06-16 09:52:42,356.4,0
2021-06-16 09:52:43,356.4,0
2021-06-16 09:52:44,356.45,0
2021-06-16 09:52:45,356.45,0
2021-06-16 09:52:46,356.5,0
2021-06-16 09:52:47,356.45,0
2021-06-16 09:52:49,356.45,0
2021-06-16 09:52:50,356.35,0
2021-06-16 09:52:54,356.25,0
2021-06-16 09:52:55,356.3,0
2021-06-16 09:52:56,356.3,0
2021-06-16 09:52:57,356.25,0
2021-06-16 09:52:58,356.4,0
2021-06-16 09:53:02,356.35,0
2021-06-16 09:53:04,356.3,0
2021-06-16 09:53:05,356.25,0
2021-06-16 09:53:06,356.35,0
2021-06-16 09:53:07,356.35,0
2021-06-16 09:53:08,356.25,0
2021-06-16 09:53:09,356.25,0
2021-06-16 09:53:11,356.25,0
2021-06-16 09:53:13,356.35,0
2021-06-16 09:53:14,356.3,0
2021-06-16 09:53:15,356.2,0
2021-06-16 09:53:16,356.25,0
2021-06-16 09:53:18,356.3,0
2021-06-16 09:53:20,356.3,0
2021-06-16 09:53:21,356.3,0
2021-06-16 09:53:22,356.4,0
2021-06-16 09:53:23,356.5,0
2021-06-16 09:53:24,356.4,0
2021-06-16 09:53:25,356.4,0
2021-06-16 09:53:26,356.5,0
2021-06-16 09:53:27,356.45,0
2021-06-16 09:53:28,356.45,0
2021-06-16 09:53:29,356.45,0
2021-06-16 09:53:31,356.5,0
2021-06-16 09:53:32,356.45,0
2021-06-16 09:53:33,356.4,0
2021-06-16 09:53:34,356.4,0
2021-06-16 09:53:35,356.45,0
2021-06-16 09:53:36,356.6,0
2021-06-16 09:53:37,356.6,0
2021-06-16 09:53:39,356.55,0
2021-06-16 09:53:40,356.55,0
2021-06-16 09:53:41,356.45,0
2021-06-16 09:53:42,356.55,0
2021-06-16 09:53:44,356.5,0
2021-06-16 09:53:45,356.55,0
2021-06-16 09:53:46,356.4,0
2021-06-16 09:53:47,356.4,0
2021-06-16 09:53:48,356.4,0
2021-06-16 09:53:49,356.55,0
2021-06-16 09:53:50,356.55,0
2021-06-16 09:53:51,356.55,0
2021-06-16 09:53:52,356.55,0
2021-06-16 09:53:53,356.6,0
2021-06-16 09:53:54,356.6,0
2021-06-16 09:53:55,356.65,0
2021-06-16 09:53:56,356.65,0
2021-06-16 09:53:57,356.6,0
2021-06-16 09:54:00,356.6,0
2021-06-16 09:54:01,356.65,0
2021-06-16 09:54:02,356.65,0
2021-06-16 09:54:03,356.65,0
2021-06-16 09:54:04,356.6,0
2021-06-16 09:54:05,356.65,0
2021-06-16 09:54:06,356.6,0
2021-06-16 09:54:07,356.55,0
2021-06-16 09:54:08,356.55,0
2021-06-16 09:54:09,356.6,0
2021-06-16 09:54:10,356.6,0
2021-06-16 09:54:11,356.55,0
2021-06-16 09:54:12,356.55,0
2021-06-16 09:54:14,356.55,0
2021-06-16 09:54:15,356.6,0
2021-06-16 09:54:16,356.6,0
2021-06-16 09:54:17,356.6,0
2021-06-16 09:54:18,356.6,0
2021-06-16 09:54:19,356.6,0
2021-06-16 09:54:20,356.6,0
2021-06-16 09:54:21,356.6,0
2021-06-16 09:54:22,356.55,0
2021-06-16 09:54:23,356.55,0
2021-06-16 09:54:24,356.6,0
2021-06-16 09:54:26,356.5,0
2021-06-16 09:54:27,356.55,0
2021-06-16 09:54:29,356.45,0
2021-06-16 09:54:30,356.45,0
2021-06-16 09:54:31,356.45,0
2021-06-16 09:54:32,356.45,0
2021-06-16 09:54:33,356.5,0
2021-06-16 09:54:34,356.5,0
2021-06-16 09:54:35,356.5,0
2021-06-16 09:54:36,356.45,0
2021-06-16 09:54:37,356.45,0
2021-06-16 09:54:38,356.45,0
2021-06-16 09:54:39,356.55,0
2021-06-16 09:54:40,356.55,0
2021-06-16 09:54:41,356.55,0
2021-06-16 09:54:42,356.55,0
2021-06-16 09:54:43,356.45,0
2021-06-16 09:54:44,356.45,0
2021-06-16 09:54:45,356.45,0
2021-06-16 09:54:47,356.45,0
2021-06-16 09:54:48,356.45,0
2021-06-16 09:54:50,356.5,0
2021-06-16 09:54:51,356.5,0
2021-06-16 09:54:52,356.55,0
2021-06-16 09:54:53,356.5,0
2021-06-16 09:54:54,356.45,0
2021-06-16 09:54:55,356.55,0
2021-06-16 09:54:56,356.55,0
2021-06-16 09:54:57,356.5,0
2021-06-16 09:54:58,356.5,0
2021-06-16 09:54:59,356.6,0
2021-06-16 09:55:00,356.5,0
2021-06-16 09:55:01,356.5,0
2021-06-16 09:55:02,356.55,0
2021-06-16 09:55:03,356.55,0
2021-06-16 09:55:05,356.45,0
2021-06-16 09:55:06,356.5,0
2021-06-16 09:55:07,356.55,0
2021-06-16 09:55:08,356.55,0
2021-06-16 09:55:09,356.55,0
2021-06-16 09:55:10,356.4,0
2021-06-16 09:55:11,356.35,0
2021-06-16 09:55:13,356.4,0
2021-06-16 09:55:14,356.4,0
2021-06-16 09:55:16,356.4,0
2021-06-16 09:55:17,356.35,0
2021-06-16 09:55:18,356.35,0
2021-06-16 09:55:19,356.35,0
2021-06-16 09:55:20,356.35,0
2021-06-16 09:55:21,356.4,0
2021-06-16 09:55:22,356.45,0
2021-06-16 09:55:23,356.35,0
2021-06-16 09:55:24,356.4,0
2021-06-16 09:55:25,356.35,0
2021-06-16 09:55:26,356.35,0
2021-06-16 09:55:28,356.35,0
2021-06-16 09:55:29,356.35,0
2021-06-16 09:55:30,356.35,0
2021-06-16 09:55:31,356.4,0
2021-06-16 09:55:32,356.4,0
2021-06-16 09:55:33,356.45,0
2021-06-16 09:55:34,356.4,0
2021-06-16 09:55:35,356.4,0
2021-06-16 09:55:37,356.3,0
2021-06-16 09:55:38,356.3,0
2021-06-16 09:55:39,356.3,0
2021-06-16 09:55:41,356.3,0
2021-06-16 09:55:42,356.35,0
2021-06-16 09:55:43,356.35,0
2021-06-16 09:55:44,356.3,0
2021-06-16 09:55:45,356.3,0
2021-06-16 09:55:46,356.25,0
2021-06-16 09:55:47,356.2,0
2021-06-16 09:55:48,356.2,0
2021-06-16 09:55:49,356.25,0
2021-06-16 09:55:50,356.25,0
2021-06-16 09:55:52,356.3,0
2021-06-16 09:55:53,356.25,0
2021-06-16 09:55:54,356.3,0
2021-06-16 09:55:57,356.35,0
2021-06-16 09:55:58,356.35,0
2021-06-16 09:55:59,356.35,0
2021-06-16 09:56:00,356.4,0
2021-06-16 09:56:01,356.4,0
2021-06-16 09:56:02,356.35,0
2021-06-16 09:56:03,356.35,0
2021-06-16 09:56:04,356.35,0
2021-06-16 09:56:05,356.35,0
2021-06-16 09:56:06,356.4,0
2021-06-16 09:56:07,356.4,0
2021-06-16 09:56:08,356.4,0
2021-06-16 09:56:09,356.35,0
2021-06-16 09:56:10,356.35,0
2021-06-16 09:56:11,356.35,0
2021-06-16 09:56:12,356.35,0
2021-06-16 09:56:13,356.35,0
2021-06-16 09:56:14,356.35,0
2021-06-16 09:56:16,356.35,0
2021-06-16 09:56:17,356.3,0
2021-06-16 09:56:18,356.3,0
2021-06-16 09:56:19,356.35,0
2021-06-16 09:56:20,356.35,0
2021-06-16 09:56:21,356.4,0
2021-06-16 09:56:22,356.4,0
2021-06-16 09:56:23,356.45,0
2021-06-16 09:56:25,356.45,0
2021-06-16 09:56:26,356.45,0
2021-06-16 09:56:27,356.45,0
2021-06-16 09:56:29,356.45,0
2021-06-16 09:56:30,356.45,0
2021-06-16 09:56:31,356.45,0
2021-06-16 09:56:32,356.4,0
2021-06-16 09:56:33,356.4,0
2021-06-16 09:56:34,356.4,0
2021-06-16 09:56:35,356.35,0
2021-06-16 09:56:36,356.4,0
2021-06-16 09:56:37,356.35,0
2021-06-16 09:56:38,356.35,0
2021-06-16 09:56:39,356.35,0
2021-06-16 09:56:40,356.4,0
2021-06-16 09:56:41,356.4,0
2021-06-16 09:56:42,356.4,0
2021-06-16 09:56:43,356.4,0
2021-06-16 09:56:44,356.35,0
2021-06-16 09:56:45,356.35,0
2021-06-16 09:56:46,356.35,0
2021-06-16 09:56:47,356.35,0
2021-06-16 09:56:48,356.3,0
2021-06-16 09:56:49,356.3,0
2021-06-16 09:56:53,356.45,0
2021-06-16 09:56:54,356.45,0
2021-06-16 09:56:55,356.45,0
2021-06-16 09:56:56,356.55,0
2021-06-16 09:56:57,356.35,0
2021-06-16 09:56:59,356.35,0
2021-06-16 09:57:01,356.25,0
2021-06-16 09:57:03,356.2,0
2021-06-16 09:57:04,356.2,0
2021-06-16 09:57:05,356.25,0
2021-06-16 09:57:06,356.25,0
2021-06-16 09:57:07,356.3,0
2021-06-16 09:57:08,356.25,0
2021-06-16 09:57:09,356.25,0
2021-06-16 09:57:10,356.25,0
2021-06-16 09:57:11,356.25,0
2021-06-16 09:57:12,356.25,0
2021-06-16 09:57:14,356.3,0
2021-06-16 09:57:15,356.3,0
2021-06-16 09:57:16,356.25,0
2021-06-16 09:57:17,356.35,0
2021-06-16 09:57:18,356.3,0
2021-06-16 09:57:20,356.25,0
2021-06-16 09:57:21,356.25,0
2021-06-16 09:57:22,356.25,0
2021-06-16 09:57:24,356.3,0
2021-06-16 09:57:25,356.25,0
2021-06-16 09:57:26,356.35,0
2021-06-16 09:57:27,356.35,0
2021-06-16 09:57:28,356.35,0
2021-06-16 09:57:30,356.3,0
2021-06-16 09:57:31,356.35,0
2021-06-16 09:57:32,356.35,0
2021-06-16 09:57:33,356.35,0
2021-06-16 09:57:34,356.35,0
2021-06-16 09:57:35,356.35,0
2021-06-16 09:57:36,356.25,0
2021-06-16 09:57:37,356.35,0
2021-06-16 09:57:38,356.35,0
2021-06-16 09:57:39,356.35,0
2021-06-16 09:57:40,356.35,0
2021-06-16 09:57:41,356.35,0
2021-06-16 09:57:42,356.35,0
2021-06-16 09:57:44,356.35,0
2021-06-16 09:57:45,356.35,0
2021-06-16 09:57:47,356.35,0
2021-06-16 09:57:48,356.4,0
2021-06-16 09:57:49,356.35,0
2021-06-16 09:57:50,356.35,0
2021-06-16 09:57:51,356.35,0
2021-06-16 09:57:52,356.3,0
2021-06-16 09:57:53,356.3,0
2021-06-16 09:57:54,356.25,0
2021-06-16 09:57:55,356.25,0
2021-06-16 09:57:56,356.3,0
2021-06-16 09:57:58,356.25,0
2021-06-16 09:57:59,356.25,0
2021-06-16 09:58:00,356.3,0
2021-06-16 09:58:01,356.25,0
2021-06-16 09:58:03,356.25,0
2021-06-16 09:58:04,356.3,0
2021-06-16 09:58:08,356.2,0
2021-06-16 09:58:09,356.2,0
2021-06-16 09:58:11,356.15,0
2021-06-16 09:58:13,356.15,0
2021-06-16 09:58:14,356.15,0
2021-06-16 09:58:15,356.2,0
2021-06-16 09:58:16,356.15,0
2021-06-16 09:58:17,356.2,0
2021-06-16 09:58:18,356.25,0
2021-06-16 09:58:19,356.15,0
2021-06-16 09:58:20,356.2,0
2021-06-16 09:58:21,356.2,0
2021-06-16 09:58:22,356.3,0
2021-06-16 09:58:23,356.3,0
2021-06-16 09:58:24,356.3,0
2021-06-16 09:58:25,356.3,0
2021-06-16 09:58:26,356.3,0
2021-06-16 09:58:28,356.35,0
2021-06-16 09:58:29,356.35,0
2021-06-16 09:58:30,356.4,0
2021-06-16 09:58:31,356.4,0
2021-06-16 09:58:32,356.4,0
2021-06-16 09:58:34,356.35,0
2021-06-16 09:58:35,356.35,0
2021-06-16 09:58:36,356.35,0
2021-06-16 09:58:37,356.4,0
2021-06-16 09:58:38,356.4,0
2021-06-16 09:58:39,356.4,0
2021-06-16 09:58:40,356.4,0
2021-06-16 09:58:41,356.45,0
2021-06-16 09:58:42,356.45,0
2021-06-16 09:58:44,356.4,0
2021-06-16 09:58:45,356.4,0
2021-06-16 09:58:48,356.4,0
2021-06-16 09:58:50,356.4,0
2021-06-16 09:58:51,356.4,0
2021-06-16 09:58:53,356.4,0
2021-06-16 09:58:54,356.35,0
2021-06-16 09:58:55,356.4,0
2021-06-16 09:58:56,356.35,0
2021-06-16 09:58:58,356.3,0
2021-06-16 09:58:59,356.3,0
2021-06-16 09:59:00,356.35,0
2021-06-16 09:59:01,356.35,0
2021-06-16 09:59:02,356.35,0
2021-06-16 09:59:03,356.35,0
2021-06-16 09:59:04,356.4,0
2021-06-16 09:59:05,356.4,0
2021-06-16 09:59:06,356.4,0
2021-06-16 09:59:07,356.4,0
2021-06-16 09:59:08,356.3,0
2021-06-16 09:59:09,356.3,0
2021-06-16 09:59:11,356.3,0
2021-06-16 09:59:12,356.3,0
2021-06-16 09:59:14,356.3,0
2021-06-16 09:59:15,356.3,0
2021-06-16 09:59:17,356.3,0
2021-06-16 09:59:18,356.3,0
2021-06-16 09:59:19,356.3,0
2021-06-16 09:59:20,356.35,0
2021-06-16 09:59:22,356.4,0
2021-06-16 09:59:23,356.4,0
2021-06-16 09:59:24,356.4,0
2021-06-16 09:59:25,356.35,0
2021-06-16 09:59:26,356.3,0
2021-06-16 09:59:27,356.3,0
2021-06-16 09:59:28,356.3,0
2021-06-16 09:59:29,356.3,0
2021-06-16 09:59:30,356.3,0
2021-06-16 09:59:31,356.3,0
2021-06-16 09:59:32,356.35,0
2021-06-16 09:59:33,356.3,0
2021-06-16 09:59:34,356.3,0
2021-06-16 09:59:35,356.3,0
2021-06-16 09:59:36,356.3,0
2021-06-16 09:59:37,356.25,0
2021-06-16 09:59:40,356.3,0
2021-06-16 09:59:41,356.3,0
2021-06-16 09:59:43,356.25,0
2021-06-16 09:59:44,356.2,0
2021-06-16 09:59:45,356.2,0
2021-06-16 09:59:46,356.25,0
2021-06-16 09:59:48,356.25,0
2021-06-16 09:59:49,356.25,0
2021-06-16 09:59:50,356.25,0
2021-06-16 09:59:51,356.2,0
2021-06-16 09:59:52,356.15,0
2021-06-16 09:59:53,356.15,0
2021-06-16 09:59:54,356.15,0
2021-06-16 09:59:55,356.2,0
2021-06-16 09:59:56,356.2,0
2021-06-16 09:59:57,356.2,0
2021-06-16 09:59:58,356.2,0
2021-06-16 09:59:59,356.25,0
2021-06-16 10:00:02,356.15,0
2021-06-16 10:00:03,356.15,0
2021-06-16 10:00:04,356.15,0
2021-06-16 10:00:05,356.15,0
2021-06-16 10:00:06,356.15,0
2021-06-16 10:00:07,356.1,0
2021-06-16 10:00:08,356.2,0
2021-06-16 10:00:09,356.15,0
2021-06-16 10:00:10,356.15,0
2021-06-16 10:00:12,356.1,0
2021-06-16 10:00:14,356.2,0
2021-06-16 10:00:15,356.2,0
2021-06-16 10:00:16,356.3,0
2021-06-16 10:00:18,356.2,0
2021-06-16 10:00:21,356.3,0
2021-06-16 10:00:23,356.2,0
2021-06-16 10:00:24,356.25,0
2021-06-16 10:00:25,356.25,0
2021-06-16 10:00:26,356.2,0
2021-06-16 10:00:27,356.2,0
2021-06-16 10:00:30,356.25,0
2021-06-16 10:00:31,356.25,0
2021-06-16 10:00:32,356.25,0
2021-06-16 10:00:33,356.25,0
2021-06-16 10:00:34,356.35,0
2021-06-16 10:00:35,356.35,0
2021-06-16 10:00:36,356.35,0
2021-06-16 10:00:37,356.35,0
2021-06-16 10:00:38,356.35,0
2021-06-16 10:00:40,356.35,0
2021-06-16 10:00:41,356.3,0
2021-06-16 10:00:42,356.3,0
2021-06-16 10:00:43,356.3,0
2021-06-16 10:00:45,356.4,0
2021-06-16 10:00:46,356.4,0
2021-06-16 10:00:47,356.4,0
2021-06-16 10:00:48,356.35,0
2021-06-16 10:00:50,356.35,0
2021-06-16 10:00:51,356.25,0
2021-06-16 10:00:52,356.25,0
2021-06-16 10:00:54,356.25,0
2021-06-16 10:00:55,356.25,0
2021-06-16 10:00:56,356.3,0
2021-06-16 10:00:57,356.3,0
2021-06-16 10:00:58,356.3,0
2021-06-16 10:00:59,356.3,0
2021-06-16 10:01:00,356.4,0
2021-06-16 10:01:01,356.4,0
2021-06-16 10:01:04,356.4,0
2021-06-16 10:01:05,356.4,0
2021-06-16 10:01:06,356.3,0
2021-06-16 10:01:07,356.25,0
2021-06-16 10:01:09,356.3,0
2021-06-16 10:01:10,356.35,0
2021-06-16 10:01:11,356.35,0
2021-06-16 10:01:13,356.3,0
2021-06-16 10:01:14,356.25,0
2021-06-16 10:01:15,356.2,0
2021-06-16 10:01:16,356.2,0
2021-06-16 10:01:17,356.25,0
2021-06-16 10:01:18,356.25,0
2021-06-16 10:01:19,356.2,0
2021-06-16 10:01:20,356.2,0
2021-06-16 10:01:22,356.35,0
2021-06-16 10:01:24,356.35,0
2021-06-16 10:01:25,356.35,0
2021-06-16 10:01:26,356.35,0
2021-06-16 10:01:27,356.4,0
2021-06-16 10:01:28,356.35,0
2021-06-16 10:01:29,356.4,0
2021-06-16 10:01:30,356.35,0
2021-06-16 10:01:31,356.35,0
2021-06-16 10:01:32,356.35,0
2021-06-16 10:01:33,356.35,0
2021-06-16 10:01:34,356.35,0
2021-06-16 10:01:35,356.35,0
2021-06-16 10:01:36,356.35,0
2021-06-16 10:01:37,356.35,0
2021-06-16 10:01:38,356.35,0
2021-06-16 10:01:39,356.3,0
2021-06-16 10:01:41,356.3,0
2021-06-16 10:01:42,356.3,0
2021-06-16 10:01:43,356.3,0
2021-06-16 10:01:45,356.3,0
2021-06-16 10:01:46,356.3,0
2021-06-16 10:01:48,356.25,0
2021-06-16 10:01:49,356.25,0
2021-06-16 10:01:50,356.25,0
2021-06-16 10:01:52,356.35,0
2021-06-16 10:01:53,356.35,0
2021-06-16 10:01:54,356.35,0
2021-06-16 10:01:55,356.35,0
2021-06-16 10:01:56,356.4,0
2021-06-16 10:01:57,356.35,0
2021-06-16 10:01:58,356.35,0
2021-06-16 10:01:59,356.35,0
2021-06-16 10:02:00,356.35,0
2021-06-16 10:02:01,356.4,0
2021-06-16 10:02:02,356.4,0
2021-06-16 10:02:03,356.35,0
2021-06-16 10:02:04,356.35,0
2021-06-16 10:02:05,356.35,0
2021-06-16 10:02:07,356.45,0
2021-06-16 10:02:09,356.45,0
2021-06-16 10:02:11,356.45,0
2021-06-16 10:02:12,356.45,0
2021-06-16 10:02:13,356.45,0
2021-06-16 10:02:14,356.45,0
2021-06-16 10:02:15,356.45,0
2021-06-16 10:02:16,356.45,0
2021-06-16 10:02:17,356.45,0
2021-06-16 10:02:18,356.45,0
2021-06-16 10:02:19,356.45,0
2021-06-16 10:02:20,356.5,0
2021-06-16 10:02:21,356.45,0
2021-06-16 10:02:22,356.45,0
2021-06-16 10:02:23,356.5,0
2021-06-16 10:02:24,356.45,0
2021-06-16 10:02:25,356.45,0
2021-06-16 10:02:26,356.45,0
2021-06-16 10:02:27,356.45,0
2021-06-16 10:02:28,356.45,0
2021-06-16 10:02:29,356.45,0
2021-06-16 10:02:30,356.4,0
2021-06-16 10:02:31,356.4,0
2021-06-16 10:02:32,356.45,0
2021-06-16 10:02:33,356.45,0
2021-06-16 10:02:34,356.4,0
2021-06-16 10:02:35,356.45,0
2021-06-16 10:02:36,356.5,0
2021-06-16 10:02:37,356.5,0
2021-06-16 10:02:39,356.5,0
2021-06-16 10:02:41,356.45,0
2021-06-16 10:02:42,356.5,0
2021-06-16 10:02:43,356.45,0
2021-06-16 10:02:44,356.5,0
2021-06-16 10:02:47,356.5,0
2021-06-16 10:02:48,356.5,0
2021-06-16 10:02:49,356.5,0
2021-06-16 10:02:50,356.45,0
2021-06-16 10:02:51,356.55,0
2021-06-16 10:02:52,356.55,0
2021-06-16 10:02:53,356.55,0
2021-06-16 10:02:54,356.55,0
2021-06-16 10:02:55,356.5,0
2021-06-16 10:02:56,356.55,0
2021-06-16 10:02:57,356.5,0
2021-06-16 10:02:58,356.55,0
2021-06-16 10:02:59,356.55,0
2021-06-16 10:03:00,356.55,0
2021-06-16 10:03:02,356.6,0
2021-06-16 10:03:03,356.6,0
2021-06-16 10:03:04,356.6,0
2021-06-16 10:03:06,356.6,0
2021-06-16 10:03:07,356.6,0
2021-06-16 10:03:08,356.6,0
2021-06-16 10:03:10,356.6,0
2021-06-16 10:03:12,356.6,0
2021-06-16 10:03:13,356.6,0
2021-06-16 10:03:14,356.65,0
2021-06-16 10:03:15,356.65,0
2021-06-16 10:03:16,356.65,0
2021-06-16 10:03:17,356.7,0
2021-06-16 10:03:19,356.7,0
2021-06-16 10:03:20,356.7,0
2021-06-16 10:03:21,356.75,0
2021-06-16 10:03:23,356.8,0
2021-06-16 10:03:24,356.8,0
2021-06-16 10:03:25,356.8,0
2021-06-16 10:03:26,356.85,0
2021-06-16 10:03:27,356.85,0
2021-06-16 10:03:28,356.85,0
2021-06-16 10:03:29,356.85,0
2021-06-16 10:03:30,356.85,0
2021-06-16 10:03:31,356.8,0
2021-06-16 10:03:32,356.9,0
2021-06-16 10:03:33,356.9,0
2021-06-16 10:03:34,356.85,0
2021-06-16 10:03:35,356.85,0
2021-06-16 10:03:36,356.85,0
2021-06-16 10:03:37,356.8,0
2021-06-16 10:03:38,356.9,0
2021-06-16 10:03:39,356.9,0
2021-06-16 10:03:40,356.95,0
2021-06-16 10:03:42,356.75,0
2021-06-16 10:03:43,356.8,0
2021-06-16 10:03:45,356.8,0
2021-06-16 10:03:46,356.75,0
2021-06-16 10:03:47,356.75,0
2021-06-16 10:03:48,356.8,0
2021-06-16 10:03:49,356.8,0
2021-06-16 10:03:50,356.8,0
2021-06-16 10:03:51,356.75,0
2021-06-16 10:03:52,356.75,0
2021-06-16 10:03:54,356.75,0
2021-06-16 10:03:55,356.75,0
2021-06-16 10:03:56,356.7,0
2021-06-16 10:03:58,356.65,0
2021-06-16 10:03:59,356.65,0
2021-06-16 10:04:00,356.65,0
2021-06-16 10:04:01,356.65,0
2021-06-16 10:04:02,356.7,0
2021-06-16 10:04:03,356.65,0
2021-06-16 10:04:04,356.55,0
2021-06-16 10:04:05,356.55,0
2021-06-16 10:04:06,356.55,0
2021-06-16 10:04:07,356.6,0
2021-06-16 10:04:08,356.6,0
2021-06-16 10:04:10,356.55,0
2021-06-16 10:04:11,356.55,0
2021-06-16 10:04:12,356.55,0
2021-06-16 10:04:13,356.6,0
2021-06-16 10:04:14,356.65,0
2021-06-16 10:04:15,356.65,0
2021-06-16 10:04:16,356.65,0
2021-06-16 10:04:17,356.65,0
2021-06-16 10:04:18,356.6,0
2021-06-16 10:04:19,356.65,0
2021-06-16 10:04:20,356.65,0
2021-06-16 10:04:21,356.6,0
2021-06-16 10:04:22,356.6,0
2021-06-16 10:04:23,356.65,0
2021-06-16 10:04:24,356.6,0
2021-06-16 10:04:25,356.6,0
2021-06-16 10:04:26,356.55,0
2021-06-16 10:04:27,356.55,0
2021-06-16 10:04:29,356.6,0
2021-06-16 10:04:30,356.6,0
2021-06-16 10:04:31,356.6,0
2021-06-16 10:04:32,356.65,0
2021-06-16 10:04:33,356.65,0
2021-06-16 10:04:34,356.6,0
2021-06-16 10:04:35,356.65,0
2021-06-16 10:04:36,356.55,0
2021-06-16 10:04:37,356.55,0
2021-06-16 10:04:38,356.6,0
2021-06-16 10:04:40,356.65,0
2021-06-16 10:04:43,356.6,0
2021-06-16 10:04:44,356.55,0
2021-06-16 10:04:45,356.6,0
2021-06-16 10:04:46,356.6,0
2021-06-16 10:04:47,356.55,0
2021-06-16 10:04:48,356.5,0
2021-06-16 10:04:49,356.5,0
2021-06-16 10:04:50,356.5,0
2021-06-16 10:04:51,356.5,0
2021-06-16 10:04:53,356.55,0
2021-06-16 10:04:54,356.55,0
2021-06-16 10:04:55,356.55,0
2021-06-16 10:04:56,356.55,0
2021-06-16 10:04:57,356.55,0
2021-06-16 10:04:58,356.5,0
2021-06-16 10:04:59,356.55,0
2021-06-16 10:05:00,356.5,0
2021-06-16 10:05:01,356.5,0
2021-06-16 10:05:02,356.5,0
2021-06-16 10:05:03,356.55,0
2021-06-16 10:05:04,356.55,0
2021-06-16 10:05:06,356.45,0
2021-06-16 10:05:07,356.45,0
2021-06-16 10:05:08,356.5,0
2021-06-16 10:05:09,356.45,0
2021-06-16 10:05:11,356.45,0
2021-06-16 10:05:12,356.45,0
2021-06-16 10:05:13,356.45,0
2021-06-16 10:05:14,356.5,0
2021-06-16 10:05:15,356.5,0
2021-06-16 10:05:16,356.45,0
2021-06-16 10:05:17,356.5,0
2021-06-16 10:05:18,356.5,0
2021-06-16 10:05:19,356.5,0
2021-06-16 10:05:20,356.45,0
2021-06-16 10:05:21,356.45,0
2021-06-16 10:05:22,356.45,0
2021-06-16 10:05:23,356.45,0
2021-06-16 10:05:24,356.45,0
2021-06-16 10:05:25,356.7,0
2021-06-16 10:05:26,356.7,0
2021-06-16 10:05:27,356.65,0
2021-06-16 10:05:28,356.65,0
2021-06-16 10:05:29,356.65,0
2021-06-16 10:05:30,356.7,0
2021-06-16 10:05:31,356.7,0
2021-06-16 10:05:32,356.7,0
2021-06-16 10:05:33,356.7,0
2021-06-16 10:05:35,356.75,0
2021-06-16 10:05:36,356.7,0
2021-06-16 10:05:37,356.7,0
2021-06-16 10:05:38,356.7,0
2021-06-16 10:05:39,356.65,0
2021-06-16 10:05:41,356.65,0
2021-06-16 10:05:42,356.6,0
2021-06-16 10:05:43,356.6,0
2021-06-16 10:05:44,356.6,0
2021-06-16 10:05:45,356.65,0
2021-06-16 10:05:46,356.65,0
2021-06-16 10:05:47,356.65,0
2021-06-16 10:05:48,356.65,0
2021-06-16 10:05:49,356.65,0
2021-06-16 10:05:50,356.65,0
2021-06-16 10:05:51,356.65,0
2021-06-16 10:05:52,356.65,0
2021-06-16 10:05:53,356.65,0
2021-06-16 10:05:54,356.7,0
2021-06-16 10:05:55,356.7,0
2021-06-16 10:05:56,356.75,0
2021-06-16 10:05:57,356.75,0
2021-06-16 10:05:58,356.75,0
2021-06-16 10:05:59,356.8,0
2021-06-16 10:06:00,356.75,0
2021-06-16 10:06:01,356.75,0
2021-06-16 10:06:02,356.75,0
2021-06-16 10:06:03,356.75,0
2021-06-16 10:06:04,356.75,0
2021-06-16 10:06:05,356.75,0
2021-06-16 10:06:06,356.75,0
2021-06-16 10:06:07,356.75,0
2021-06-16 10:06:08,356.75,0
2021-06-16 10:06:09,356.75,0
2021-06-16 10:06:10,356.75,0
2021-06-16 10:06:11,356.75,0
2021-06-16 10:06:12,356.75,0
2021-06-16 10:06:13,356.75,0
2021-06-16 10:06:14,356.7,0
2021-06-16 10:06:15,356.7,0
2021-06-16 10:06:17,356.7,0
2021-06-16 10:06:18,356.7,0
2021-06-16 10:06:19,356.7,0
2021-06-16 10:06:20,356.7,0
2021-06-16 10:06:21,356.7,0
2021-06-16 10:06:22,356.7,0
2021-06-16 10:06:24,356.65,0
2021-06-16 10:06:27,356.65,0
2021-06-16 10:06:28,356.65,0
2021-06-16 10:06:29,356.65,0
2021-06-16 10:06:30,356.6,0
2021-06-16 10:06:33,356.65,0
2021-06-16 10:06:34,356.7,0
2021-06-16 10:06:36,356.65,0
2021-06-16 10:06:37,356.65,0
2021-06-16 10:06:38,356.65,0
2021-06-16 10:06:39,356.65,0
2021-06-16 10:06:40,356.65,0
2021-06-16 10:06:41,356.65,0
2021-06-16 10:06:42,356.65,0
2021-06-16 10:06:44,356.65,0
2021-06-16 10:06:45,356.65,0
2021-06-16 10:06:47,356.7,0
2021-06-16 10:06:48,356.7,0
2021-06-16 10:06:49,356.65,0
2021-06-16 10:06:50,356.65,0
2021-06-16 10:06:52,356.65,0
2021-06-16 10:06:53,356.65,0
2021-06-16 10:06:54,356.65,0
2021-06-16 10:06:55,356.65,0
2021-06-16 10:06:56,356.65,0
2021-06-16 10:06:57,356.7,0
2021-06-16 10:06:58,356.65,0
2021-06-16 10:06:59,356.65,0
2021-06-16 10:07:00,356.65,0
2021-06-16 10:07:01,356.65,0
2021-06-16 10:07:02,356.65,0
2021-06-16 10:07:03,356.6,0
2021-06-16 10:07:05,356.6,0
2021-06-16 10:07:07,356.55,0
2021-06-16 10:07:11,356.6,0
2021-06-16 10:07:12,356.55,0
2021-06-16 10:07:13,356.55,0
2021-06-16 10:07:14,356.55,0
2021-06-16 10:07:15,356.55,0
2021-06-16 10:07:16,356.55,0
2021-06-16 10:07:17,356.6,0
2021-06-16 10:07:18,356.6,0
2021-06-16 10:07:20,356.6,0
2021-06-16 10:07:21,356.55,0
2021-06-16 10:07:22,356.45,0
2021-06-16 10:07:23,356.45,0
2021-06-16 10:07:25,356.55,0
2021-06-16 10:07:27,356.5,0
2021-06-16 10:07:28,356.5,0
2021-06-16 10:07:29,356.55,0
2021-06-16 10:07:30,356.55,0
2021-06-16 10:07:31,356.55,0
2021-06-16 10:07:33,356.45,0
2021-06-16 10:07:34,356.45,0
2021-06-16 10:07:35,356.45,0
2021-06-16 10:07:37,356.4,0
2021-06-16 10:07:38,356.4,0
2021-06-16 10:07:40,356.4,0
2021-06-16 10:07:41,356.4,0
2021-06-16 10:07:42,356.35,0
2021-06-16 10:07:43,356.4,0
2021-06-16 10:07:44,356.4,0
2021-06-16 10:07:45,356.45,0
2021-06-16 10:07:46,356.45,0
2021-06-16 10:07:47,356.45,0
2021-06-16 10:07:48,356.45,0
2021-06-16 10:07:49,356.45,0
2021-06-16 10:07:50,356.45,0
2021-06-16 10:07:51,356.4,0
2021-06-16 10:07:53,356.4,0
2021-06-16 10:07:54,356.35,0
2021-06-16 10:07:55,356.45,0
2021-06-16 10:07:56,356.45,0
2021-06-16 10:07:58,356.45,0
2021-06-16 10:07:59,356.4,0
2021-06-16 10:08:00,356.35,0
2021-06-16 10:08:01,356.35,0
2021-06-16 10:08:03,356.35,0
2021-06-16 10:08:04,356.3,0
2021-06-16 10:08:05,356.3,0
2021-06-16 10:08:06,356.3,0
2021-06-16 10:08:08,356.3,0
2021-06-16 10:08:10,356.35,0
2021-06-16 10:08:11,356.35,0
2021-06-16 10:08:12,356.3,0
2021-06-16 10:08:13,356.3,0
2021-06-16 10:08:14,356.3,0
2021-06-16 10:08:16,356.3,0
2021-06-16 10:08:17,356.3,0
2021-06-16 10:08:18,356.3,0
2021-06-16 10:08:19,356.35,0
2021-06-16 10:08:20,356.35,0
2021-06-16 10:08:21,356.3,0
2021-06-16 10:08:22,356.3,0
2021-06-16 10:08:23,356.3,0
2021-06-16 10:08:24,356.3,0
2021-06-16 10:08:25,356.3,0
2021-06-16 10:08:26,356.3,0
2021-06-16 10:08:27,356.3,0
2021-06-16 10:08:29,356.2,0
2021-06-16 10:08:30,356.25,0
2021-06-16 10:08:31,356.25,0
2021-06-16 10:08:32,356.25,0
2021-06-16 10:08:33,356.25,0
2021-06-16 10:08:35,356.25,0
2021-06-16 10:08:36,356.25,0
2021-06-16 10:08:37,356.25,0
2021-06-16 10:08:38,356.25,0
2021-06-16 10:08:39,356.25,0
2021-06-16 10:08:40,356.25,0
2021-06-16 10:08:41,356.25,0
2021-06-16 10:08:42,356.25,0
2021-06-16 10:08:43,356.25,0
2021-06-16 10:08:44,356.25,0
2021-06-16 10:08:45,356.25,0
2021-06-16 10:08:46,356.35,0
2021-06-16 10:08:47,356.35,0
2021-06-16 10:08:48,356.35,0
2021-06-16 10:08:51,356.35,0
2021-06-16 10:08:52,356.35,0
2021-06-16 10:08:53,356.25,0
2021-06-16 10:08:54,356.25,0
2021-06-16 10:08:56,356.2,0
2021-06-16 10:08:57,356.25,0
2021-06-16 10:08:58,356.25,0
2021-06-16 10:08:59,356.25,0
2021-06-16 10:09:01,356.3,0
2021-06-16 10:09:02,356.3,0
2021-06-16 10:09:03,356.3,0
2021-06-16 10:09:04,356.3,0
2021-06-16 10:09:05,356.25,0
2021-06-16 10:09:06,356.25,0
2021-06-16 10:09:07,356.25,0
2021-06-16 10:09:08,356.2,0
2021-06-16 10:09:09,356.2,0
2021-06-16 10:09:10,356.2,0
2021-06-16 10:09:11,356.2,0
2021-06-16 10:09:12,356.2,0
2021-06-16 10:09:14,356.15,0
2021-06-16 10:09:15,356.25,0
2021-06-16 10:09:16,356.15,0
2021-06-16 10:09:17,356.15,0
2021-06-16 10:09:18,356.15,0
2021-06-16 10:09:19,356.15,0
2021-06-16 10:09:20,356.15,0
2021-06-16 10:09:21,356.15,0
2021-06-16 10:09:22,356.2,0
2021-06-16 10:09:23,356.15,0
2021-06-16 10:09:24,356.15,0
2021-06-16 10:09:25,356.15,0
2021-06-16 10:09:27,356.1,0
2021-06-16 10:09:28,356.15,0
2021-06-16 10:09:29,356.15,0
2021-06-16 10:09:30,356.2,0
2021-06-16 10:09:31,356.15,0
2021-06-16 10:09:32,356.15,0
2021-06-16 10:09:33,356.15,0
2021-06-16 10:09:34,356.1,0
2021-06-16 10:09:38,356.1,0
2021-06-16 10:09:39,356.1,0
2021-06-16 10:09:40,356.1,0
2021-06-16 10:09:42,356.1,0
2021-06-16 10:09:43,356.1,0
2021-06-16 10:09:45,356.05,0
2021-06-16 10:09:46,356.1,0
2021-06-16 10:09:47,356.1,0
2021-06-16 10:09:48,356.15,0
2021-06-16 10:09:49,356.1,0
2021-06-16 10:09:50,356.1,0
2021-06-16 10:09:51,356.15,0
2021-06-16 10:09:52,356.1,0
2021-06-16 10:09:53,356.1,0
2021-06-16 10:09:54,356.15,0
2021-06-16 10:09:55,356.2,0
2021-06-16 10:09:57,356.15,0
2021-06-16 10:09:58,356.15,0
2021-06-16 10:10:00,356.15,0
2021-06-16 10:10:01,356.05,0
2021-06-16 10:10:02,356.05,0
2021-06-16 10:10:03,356.05,0
2021-06-16 10:10:05,356.1,0
2021-06-16 10:10:06,356.15,0
2021-06-16 10:10:07,356.2,0
2021-06-16 10:10:08,356.15,0
2021-06-16 10:10:09,356.15,0
2021-06-16 10:10:10,356.2,0
2021-06-16 10:10:11,356.2,0
2021-06-16 10:10:12,356.25,0
2021-06-16 10:10:13,356.2,0
2021-06-16 10:10:14,356.15,0
2021-06-16 10:10:15,356.15,0
2021-06-16 10:10:16,356.2,0
2021-06-16 10:10:17,356.2,0
2021-06-16 10:10:18,356.1,0
2021-06-16 10:10:19,356.1,0
2021-06-16 10:10:20,356.15,0
2021-06-16 10:10:21,356.1,0
2021-06-16 10:10:22,356.05,0
2021-06-16 10:10:23,356.1,0
2021-06-16 10:10:24,356.1,0
2021-06-16 10:10:25,356.1,0
2021-06-16 10:10:28,356.1,0
2021-06-16 10:10:29,356.1,0
2021-06-16 10:10:30,356.1,0
2021-06-16 10:10:31,356.05,0
2021-06-16 10:10:32,356.05,0
2021-06-16 10:10:33,356.05,0
2021-06-16 10:10:36,356.0,0
2021-06-16 10:10:37,356.0,0
2021-06-16 10:10:38,356.0,0
2021-06-16 10:10:39,356.0,0
2021-06-16 10:10:40,356.0,0
2021-06-16 10:10:41,356.0,0
2021-06-16 10:10:42,356.0,0
2021-06-16 10:10:43,356.0,0
2021-06-16 10:10:44,356.0,0
2021-06-16 10:10:45,356.05,0
2021-06-16 10:10:47,356.05,0
2021-06-16 10:10:48,356.05,0
2021-06-16 10:10:49,356.1,0
2021-06-16 10:10:50,356.05,0
2021-06-16 10:10:51,356.05,0
2021-06-16 10:10:52,356.05,0
2021-06-16 10:10:53,356.1,0
2021-06-16 10:10:54,356.0,0
2021-06-16 10:10:55,356.05,0
2021-06-16 10:10:56,356.05,0
2021-06-16 10:10:57,356.05,0
2021-06-16 10:10:58,356.05,0
2021-06-16 10:11:00,356.05,0
2021-06-16 10:11:01,356.05,0
2021-06-16 10:11:02,356.05,0
2021-06-16 10:11:03,356.05,0
2021-06-16 10:11:04,356.15,0
2021-06-16 10:11:05,356.1,0
2021-06-16 10:11:06,356.1,0
2021-06-16 10:11:07,356.1,0
2021-06-16 10:11:08,356.1,0
2021-06-16 10:11:09,356.05,0
2021-06-16 10:11:11,356.15,0
2021-06-16 10:11:12,356.1,0
2021-06-16 10:11:13,356.15,0
2021-06-16 10:11:14,356.2,0
2021-06-16 10:11:16,356.15,0
2021-06-16 10:11:18,356.15,0
2021-06-16 10:11:19,356.15,0
2021-06-16 10:11:20,356.2,0
2021-06-16 10:11:21,356.25,0
2021-06-16 10:11:22,356.25,0
2021-06-16 10:11:23,356.25,0
2021-06-16 10:11:24,356.2,0
2021-06-16 10:11:25,356.2,0
2021-06-16 10:11:27,356.2,0
2021-06-16 10:11:28,356.2,0
2021-06-16 10:11:29,356.2,0
2021-06-16 10:11:30,356.2,0
2021-06-16 10:11:31,356.2,0
2021-06-16 10:11:32,356.2,0
2021-06-16 10:11:33,356.25,0
2021-06-16 10:11:34,356.2,0
2021-06-16 10:11:35,356.15,0
2021-06-16 10:11:36,356.15,0
2021-06-16 10:11:37,356.15,0
2021-06-16 10:11:38,356.2,0
2021-06-16 10:11:39,356.15,0
2021-06-16 10:11:40,356.15,0
2021-06-16 10:11:41,356.1,0
2021-06-16 10:11:43,356.1,0
2021-06-16 10:11:44,356.15,0
2021-06-16 10:11:45,356.15,0
2021-06-16 10:11:46,356.15,0
2021-06-16 10:11:47,356.15,0
2021-06-16 10:11:49,356.1,0
2021-06-16 10:11:50,356.1,0
2021-06-16 10:11:51,356.15,0
2021-06-16 10:11:52,356.1,0
2021-06-16 10:11:53,356.05,0
2021-06-16 10:11:54,356.1,0
2021-06-16 10:11:55,356.1,0
2021-06-16 10:11:56,356.05,0
2021-06-16 10:11:59,356.0,0
2021-06-16 10:12:00,356.0,0
2021-06-16 10:12:01,355.95,0
2021-06-16 10:12:03,355.9,0
2021-06-16 10:12:04,355.75,0
2021-06-16 10:12:05,355.75,0
2021-06-16 10:12:06,355.85,0
2021-06-16 10:12:07,355.85,0
2021-06-16 10:12:08,355.9,0
2021-06-16 10:12:09,355.85,0
2021-06-16 10:12:10,355.85,0
2021-06-16 10:12:11,355.85,0
2021-06-16 10:12:12,355.85,0
2021-06-16 10:12:13,355.85,0
2021-06-16 10:12:14,355.95,0
2021-06-16 10:12:15,355.9,0
2021-06-16 10:12:16,355.9,0
2021-06-16 10:12:17,355.85,0
2021-06-16 10:12:18,355.85,0
2021-06-16 10:12:19,355.8,0
2021-06-16 10:12:20,355.9,0
2021-06-16 10:12:21,355.9,0
2021-06-16 10:12:22,355.95,0
2021-06-16 10:12:23,355.95,0
2021-06-16 10:12:24,355.95,0
2021-06-16 10:12:25,355.95,0
2021-06-16 10:12:26,355.9,0
2021-06-16 10:12:27,355.9,0
2021-06-16 10:12:28,356.0,0
2021-06-16 10:12:29,355.95,0
2021-06-16 10:12:30,355.9,0
2021-06-16 10:12:31,355.9,0
2021-06-16 10:12:32,355.95,0
2021-06-16 10:12:33,355.9,0
2021-06-16 10:12:34,355.8,0
2021-06-16 10:12:35,355.8,0
2021-06-16 10:12:36,355.8,0
2021-06-16 10:12:38,355.85,0
2021-06-16 10:12:39,355.8,0
2021-06-16 10:12:40,355.85,0
2021-06-16 10:12:42,355.8,0
2021-06-16 10:12:43,355.9,0
2021-06-16 10:12:44,355.9,0
2021-06-16 10:12:45,355.9,0
2021-06-16 10:12:46,355.9,0
2021-06-16 10:12:48,355.95,0
2021-06-16 10:12:47,355.9,0
2021-06-16 10:12:50,355.95,0
2021-06-16 10:12:51,355.95,0
2021-06-16 10:12:52,355.95,0
2021-06-16 10:12:53,355.95,0
2021-06-16 10:12:54,355.9,0
2021-06-16 10:12:55,355.9,0
2021-06-16 10:12:56,355.9,0
2021-06-16 10:12:57,355.95,0
2021-06-16 10:12:58,355.95,0
2021-06-16 10:12:59,355.95,0
2021-06-16 10:13:00,355.9,0
2021-06-16 10:13:01,355.9,0
2021-06-16 10:13:02,355.9,0
2021-06-16 10:13:03,355.9,0
2021-06-16 10:13:04,356.0,0
2021-06-16 10:13:05,356.0,0
2021-06-16 10:13:06,355.9,0
2021-06-16 10:13:07,355.95,0
2021-06-16 10:13:09,355.95,0
2021-06-16 10:13:10,355.95,0
2021-06-16 10:13:11,355.95,0
2021-06-16 10:13:12,355.95,0
2021-06-16 10:13:13,355.95,0
2021-06-16 10:13:14,355.95,0
2021-06-16 10:13:15,356.1,0
2021-06-16 10:13:16,356.1,0
2021-06-16 10:13:17,356.1,0
2021-06-16 10:13:18,356.1,0
2021-06-16 10:13:19,356.05,0
2021-06-16 10:13:20,356.05,0
2021-06-16 10:13:21,356.05,0
2021-06-16 10:13:22,356.1,0
2021-06-16 10:13:24,356.05,0
2021-06-16 10:13:25,356.0,0
2021-06-16 10:13:27,356.05,0
2021-06-16 10:13:28,356.05,0
2021-06-16 10:13:29,356.0,0
2021-06-16 10:13:30,356.0,0
2021-06-16 10:13:31,356.0,0
2021-06-16 10:13:32,356.0,0
2021-06-16 10:13:33,356.05,0
2021-06-16 10:13:34,356.05,0
2021-06-16 10:13:35,356.05,0
2021-06-16 10:13:37,355.95,0
2021-06-16 10:13:38,356.0,0
2021-06-16 10:13:39,356.1,0
2021-06-16 10:13:40,356.1,0
2021-06-16 10:13:41,356.1,0
2021-06-16 10:13:44,356.1,0
2021-06-16 10:13:45,356.25,0
2021-06-16 10:13:46,356.25,0
2021-06-16 10:13:48,356.25,0
2021-06-16 10:13:49,356.25,0
2021-06-16 10:13:50,356.2,0
2021-06-16 10:13:52,356.1,0
2021-06-16 10:13:55,356.25,0
2021-06-16 10:13:56,356.25,0
2021-06-16 10:13:57,356.2,0
2021-06-16 10:13:58,356.15,0
2021-06-16 10:13:59,356.15,0
2021-06-16 10:14:00,356.15,0
2021-06-16 10:14:01,356.1,0
2021-06-16 10:14:04,356.1,0
2021-06-16 10:14:05,356.1,0
2021-06-16 10:14:06,356.15,0
2021-06-16 10:14:09,356.1,0
2021-06-16 10:14:10,356.15,0
2021-06-16 10:14:11,356.15,0
2021-06-16 10:14:13,356.1,0
2021-06-16 10:14:14,356.1,0
2021-06-16 10:14:15,356.1,0
2021-06-16 10:14:17,356.1,0
2021-06-16 10:14:18,356.15,0
2021-06-16 10:14:19,356.15,0
2021-06-16 10:14:20,356.15,0
2021-06-16 10:14:21,356.15,0
2021-06-16 10:14:22,356.1,0
2021-06-16 10:14:23,356.15,0
2021-06-16 10:14:24,356.15,0
2021-06-16 10:14:25,356.15,0
2021-06-16 10:14:26,356.1,0
2021-06-16 10:14:27,356.1,0
2021-06-16 10:14:28,356.15,0
2021-06-16 10:14:29,356.15,0
2021-06-16 10:14:31,356.1,0
2021-06-16 10:14:32,356.1,0
2021-06-16 10:14:34,356.05,0
2021-06-16 10:14:35,356.0,0
2021-06-16 10:14:36,356.0,0
2021-06-16 10:14:37,356.0,0
2021-06-16 10:14:38,356.0,0
2021-06-16 10:14:39,356.0,0
2021-06-16 10:14:40,356.0,0
2021-06-16 10:14:41,356.0,0
2021-06-16 10:14:42,356.0,0
2021-06-16 10:14:43,356.0,0
2021-06-16 10:14:44,356.0,0
2021-06-16 10:14:45,356.0,0
2021-06-16 10:14:46,356.0,0
2021-06-16 10:14:47,356.0,0
2021-06-16 10:14:48,356.05,0
2021-06-16 10:14:50,356.1,0
2021-06-16 10:14:51,356.1,0
2021-06-16 10:14:52,355.95,0
2021-06-16 10:14:53,356.0,0
2021-06-16 10:14:54,356.05,0
2021-06-16 10:14:55,356.05,0
2021-06-16 10:14:56,356.05,0
2021-06-16 10:14:57,356.1,0
2021-06-16 10:14:58,356.1,0
2021-06-16 10:15:00,356.1,0
2021-06-16 10:15:01,356.1,0
2021-06-16 10:15:02,356.1,0
2021-06-16 10:15:03,356.1,0
2021-06-16 10:15:04,356.1,0
2021-06-16 10:15:05,356.1,0
2021-06-16 10:15:06,356.1,0
2021-06-16 10:15:08,356.15,0
2021-06-16 10:15:09,356.15,0
2021-06-16 10:15:10,356.15,0
2021-06-16 10:15:11,356.2,0
2021-06-16 10:15:12,356.25,0
2021-06-16 10:15:14,356.3,0
2021-06-16 10:15:15,356.3,0
2021-06-16 10:15:18,356.25,0
2021-06-16 10:15:19,356.25,0
2021-06-16 10:15:20,356.25,0
2021-06-16 10:15:21,356.2,0
2021-06-16 10:15:22,356.25,0
2021-06-16 10:15:24,356.1,0
2021-06-16 10:15:25,356.15,0
2021-06-16 10:15:26,356.15,0
2021-06-16 10:15:28,356.15,0
2021-06-16 10:15:30,356.15,0
2021-06-16 10:15:31,356.25,0
2021-06-16 10:15:32,356.25,0
2021-06-16 10:15:33,356.25,0
2021-06-16 10:15:34,356.25,0
2021-06-16 10:15:35,356.25,0
2021-06-16 10:15:36,356.3,0
2021-06-16 10:15:37,356.3,0
2021-06-16 10:15:38,356.35,0
2021-06-16 10:15:39,356.35,0
2021-06-16 10:15:41,356.25,0
2021-06-16 10:15:42,356.25,0
2021-06-16 10:15:43,356.2,0
2021-06-16 10:15:44,356.2,0
2021-06-16 10:15:45,356.2,0
2021-06-16 10:15:48,356.2,0
2021-06-16 10:15:49,356.15,0
2021-06-16 10:15:51,356.15,0
2021-06-16 10:15:53,356.2,0
2021-06-16 10:15:54,356.15,0
2021-06-16 10:15:55,356.15,0
2021-06-16 10:15:56,356.1,0
2021-06-16 10:15:57,356.1,0
2021-06-16 10:15:58,356.15,0
2021-06-16 10:15:59,356.15,0
2021-06-16 10:16:00,356.15,0
2021-06-16 10:16:02,356.1,0
2021-06-16 10:16:05,356.25,0
2021-06-16 10:16:06,356.2,0
2021-06-16 10:16:07,356.2,0
2021-06-16 10:16:08,356.15,0
2021-06-16 10:16:09,356.15,0
2021-06-16 10:16:10,356.15,0
2021-06-16 10:16:11,356.15,0
2021-06-16 10:16:12,356.15,0
2021-06-16 10:16:14,356.15,0
2021-06-16 10:16:15,356.15,0
2021-06-16 10:16:16,356.25,0
2021-06-16 10:16:17,356.25,0
2021-06-16 10:16:18,356.25,0
2021-06-16 10:16:19,356.25,0
2021-06-16 10:16:21,356.3,0
2021-06-16 10:16:22,356.3,0
2021-06-16 10:16:23,356.15,0
2021-06-16 10:16:24,356.15,0
2021-06-16 10:16:25,356.15,0
2021-06-16 10:16:26,356.15,0
2021-06-16 10:16:27,356.2,0
2021-06-16 10:16:28,356.25,0
2021-06-16 10:16:29,356.2,0
2021-06-16 10:16:30,356.15,0
2021-06-16 10:16:32,356.15,0
2021-06-16 10:16:34,356.15,0
2021-06-16 10:16:35,356.15,0
2021-06-16 10:16:36,356.15,0
2021-06-16 10:16:37,356.2,0
2021-06-16 10:16:38,356.2,0
2021-06-16 10:16:39,356.2,0
2021-06-16 10:16:40,356.2,0
2021-06-16 10:16:41,356.2,0
2021-06-16 10:16:42,356.2,0
2021-06-16 10:16:45,356.2,0
2021-06-16 10:16:46,356.2,0
2021-06-16 10:16:47,356.15,0
2021-06-16 10:16:48,356.15,0
2021-06-16 10:16:49,356.15,0
2021-06-16 10:16:50,356.2,0
2021-06-16 10:16:51,356.2,0
2021-06-16 10:16:52,356.2,0
2021-06-16 10:16:53,356.2,0
2021-06-16 10:16:54,356.15,0
2021-06-16 10:16:55,356.15,0
2021-06-16 10:16:56,356.1,0
2021-06-16 10:16:57,356.1,0
2021-06-16 10:16:58,356.1,0
2021-06-16 10:17:00,356.15,0
2021-06-16 10:17:02,356.1,0
2021-06-16 10:17:03,356.1,0
2021-06-16 10:17:04,356.1,0
2021-06-16 10:17:05,356.1,0
2021-06-16 10:17:06,356.1,0
2021-06-16 10:17:09,356.1,0
2021-06-16 10:17:10,356.1,0
2021-06-16 10:17:13,356.1,0
2021-06-16 10:17:14,356.15,0
2021-06-16 10:17:15,356.15,0
2021-06-16 10:17:16,356.2,0
2021-06-16 10:17:17,356.2,0
2021-06-16 10:17:18,356.2,0
2021-06-16 10:17:19,356.2,0
2021-06-16 10:17:20,356.2,0
2021-06-16 10:17:21,356.2,0
2021-06-16 10:17:22,356.2,0
2021-06-16 10:17:23,356.2,0
2021-06-16 10:17:24,356.2,0
2021-06-16 10:17:25,356.1,0
2021-06-16 10:17:27,356.05,0
2021-06-16 10:17:29,356.05,0
2021-06-16 10:17:30,356.05,0
2021-06-16 10:17:31,356.05,0
2021-06-16 10:17:32,356.05,0
2021-06-16 10:17:33,356.0,0
2021-06-16 10:17:34,356.1,0
2021-06-16 10:17:35,356.1,0
2021-06-16 10:17:36,356.1,0
2021-06-16 10:17:37,356.1,0
2021-06-16 10:17:38,356.1,0
2021-06-16 10:17:39,356.1,0
2021-06-16 10:17:40,356.1,0
2021-06-16 10:17:41,356.1,0
2021-06-16 10:17:42,356.15,0
2021-06-16 10:17:43,356.15,0
2021-06-16 10:17:44,356.15,0
2021-06-16 10:17:45,356.1,0
2021-06-16 10:17:46,356.1,0
2021-06-16 10:17:48,356.1,0
2021-06-16 10:17:49,356.15,0
2021-06-16 10:17:50,356.15,0
2021-06-16 10:17:51,356.05,0
2021-06-16 10:17:52,356.15,0
2021-06-16 10:17:53,356.15,0
2021-06-16 10:17:54,356.2,0
2021-06-16 10:17:55,356.15,0
2021-06-16 10:17:56,356.15,0
2021-06-16 10:17:57,356.15,0
2021-06-16 10:17:58,356.1,0
2021-06-16 10:17:59,356.1,0
2021-06-16 10:18:00,356.05,0
2021-06-16 10:18:01,356.0,0
2021-06-16 10:18:02,356.0,0
2021-06-16 10:18:03,355.95,0
2021-06-16 10:18:05,356.0,0
2021-06-16 10:18:06,356.0,0
2021-06-16 10:18:08,356.0,0
2021-06-16 10:18:09,356.0,0
2021-06-16 10:18:12,355.95,0
2021-06-16 10:18:11,356.0,0
2021-06-16 10:18:13,356.05,0
2021-06-16 10:18:14,355.95,0
2021-06-16 10:18:15,356.0,0
2021-06-16 10:18:16,356.0,0
2021-06-16 10:18:18,356.0,0
2021-06-16 10:18:20,356.0,0
2021-06-16 10:18:21,355.95,0
2021-06-16 10:18:22,355.95,0
2021-06-16 10:18:23,356.0,0
2021-06-16 10:18:24,356.1,0
2021-06-16 10:18:27,356.15,0
2021-06-16 10:18:28,356.15,0
2021-06-16 10:18:29,356.15,0
2021-06-16 10:18:30,356.1,0
2021-06-16 10:18:31,356.2,0
2021-06-16 10:18:32,356.25,0
2021-06-16 10:18:34,356.25,0
2021-06-16 10:18:35,356.25,0
2021-06-16 10:18:36,356.2,0
2021-06-16 10:18:37,356.2,0
2021-06-16 10:18:38,356.2,0
2021-06-16 10:18:39,356.2,0
2021-06-16 10:18:40,356.25,0
2021-06-16 10:18:41,356.2,0
2021-06-16 10:18:43,356.2,0
2021-06-16 10:18:44,356.2,0
2021-06-16 10:18:45,356.1,0
2021-06-16 10:18:47,356.15,0
2021-06-16 10:18:48,356.15,0
2021-06-16 10:18:50,356.15,0
2021-06-16 10:18:52,356.05,0
2021-06-16 10:18:53,356.05,0
2021-06-16 10:18:58,356.2,0
2021-06-16 10:18:59,356.15,0
2021-06-16 10:19:00,356.2,0
2021-06-16 10:19:01,356.15,0
2021-06-16 10:19:02,356.15,0
2021-06-16 10:19:04,356.15,0
2021-06-16 10:19:05,356.15,0
2021-06-16 10:19:06,356.15,0
2021-06-16 10:19:08,356.15,0
2021-06-16 10:19:09,356.15,0
2021-06-16 10:19:10,356.15,0
2021-06-16 10:19:11,356.05,0
2021-06-16 10:19:12,356.05,0
2021-06-16 10:19:13,356.05,0
2021-06-16 10:19:14,356.05,0
2021-06-16 10:19:15,356.05,0
2021-06-16 10:19:16,356.05,0
2021-06-16 10:19:17,356.05,0
2021-06-16 10:19:18,356.05,0
2021-06-16 10:19:19,356.1,0
2021-06-16 10:19:21,356.1,0
2021-06-16 10:19:22,356.1,0
2021-06-16 10:19:23,356.1,0
2021-06-16 10:19:24,356.1,0
2021-06-16 10:19:26,356.1,0
2021-06-16 10:19:28,356.1,0
2021-06-16 10:19:27,356.1,0
2021-06-16 10:19:29,356.05,0
2021-06-16 10:19:30,356.05,0
2021-06-16 10:19:31,356.05,0
2021-06-16 10:19:32,356.05,0
2021-06-16 10:19:34,356.05,0
2021-06-16 10:19:35,356.05,0
2021-06-16 10:19:36,356.1,0
2021-06-16 10:19:37,356.1,0
2021-06-16 10:19:38,356.1,0
2021-06-16 10:19:39,356.05,0
2021-06-16 10:19:40,356.05,0
2021-06-16 10:19:41,356.05,0
2021-06-16 10:19:42,356.05,0
2021-06-16 10:19:43,356.05,0
2021-06-16 10:19:44,356.05,0
2021-06-16 10:19:45,356.1,0
2021-06-16 10:19:46,356.1,0
2021-06-16 10:19:47,356.1,0
2021-06-16 10:19:48,356.0,0
2021-06-16 10:19:49,356.0,0
2021-06-16 10:19:50,356.0,0
2021-06-16 10:19:51,356.0,0
2021-06-16 10:19:52,356.0,0
2021-06-16 10:19:53,356.0,0
2021-06-16 10:19:54,356.0,0
2021-06-16 10:19:55,356.0,0
2021-06-16 10:19:56,356.0,0
2021-06-16 10:19:57,356.0,0
2021-06-16 10:19:58,356.0,0
2021-06-16 10:19:59,356.0,0
2021-06-16 10:20:00,356.0,0
2021-06-16 10:20:01,356.0,0
2021-06-16 10:20:02,356.0,0
2021-06-16 10:20:03,356.0,0
2021-06-16 10:20:04,356.0,0
2021-06-16 10:20:05,356.0,0
2021-06-16 10:20:07,355.95,0
2021-06-16 10:20:08,355.9,0
2021-06-16 10:20:09,355.9,0
2021-06-16 10:20:10,355.95,0
2021-06-16 10:20:11,355.95,0
2021-06-16 10:20:12,355.9,0
2021-06-16 10:20:13,356.0,0
2021-06-16 10:20:14,355.95,0
2021-06-16 10:20:15,355.95,0
2021-06-16 10:20:16,355.95,0
2021-06-16 10:20:17,355.95,0
2021-06-16 10:20:19,355.95,0
2021-06-16 10:20:20,355.95,0
2021-06-16 10:20:21,355.9,0
2021-06-16 10:20:23,355.9,0
2021-06-16 10:20:27,356.05,0
2021-06-16 10:20:28,356.05,0
2021-06-16 10:20:30,355.95,0
2021-06-16 10:20:31,355.95,0
2021-06-16 10:20:33,355.95,0
2021-06-16 10:20:34,355.95,0
2021-06-16 10:20:36,355.95,0
2021-06-16 10:20:37,355.95,0
2021-06-16 10:20:38,355.95,0
2021-06-16 10:20:39,355.95,0
2021-06-16 10:20:40,355.95,0
2021-06-16 10:20:41,355.9,0
2021-06-16 10:20:42,355.9,0
2021-06-16 10:20:43,355.9,0
2021-06-16 10:20:44,355.85,0
2021-06-16 10:20:45,355.85,0
2021-06-16 10:20:46,355.85,0
2021-06-16 10:20:47,355.85,0
2021-06-16 10:20:48,355.85,0
2021-06-16 10:20:49,355.85,0
2021-06-16 10:20:50,355.9,0
2021-06-16 10:20:51,355.85,0
2021-06-16 10:20:52,355.85,0
2021-06-16 10:20:53,355.9,0
2021-06-16 10:20:54,355.9,0
2021-06-16 10:20:55,355.9,0
2021-06-16 10:20:56,355.9,0
2021-06-16 10:20:57,355.85,0
2021-06-16 10:20:59,355.8,0
2021-06-16 10:21:00,355.8,0
2021-06-16 10:21:01,355.8,0
2021-06-16 10:21:02,355.7,0
2021-06-16 10:21:03,355.75,0
2021-06-16 10:21:04,355.75,0
2021-06-16 10:21:05,355.7,0
2021-06-16 10:21:06,355.7,0
2021-06-16 10:21:07,355.65,0
2021-06-16 10:21:08,355.65,0
2021-06-16 10:21:09,355.75,0
2021-06-16 10:21:10,355.75,0
2021-06-16 10:21:12,355.7,0
2021-06-16 10:21:14,355.7,0
2021-06-16 10:21:15,355.75,0
2021-06-16 10:21:16,355.6,0
2021-06-16 10:21:17,355.6,0
2021-06-16 10:21:19,355.6,0
2021-06-16 10:21:20,355.55,0
2021-06-16 10:21:21,355.55,0
2021-06-16 10:21:22,355.55,0
2021-06-16 10:21:24,355.55,0
2021-06-16 10:21:25,355.6,0
2021-06-16 10:21:26,355.6,0
2021-06-16 10:21:27,355.6,0
2021-06-16 10:21:28,355.6,0
2021-06-16 10:21:30,355.55,0
2021-06-16 10:21:31,355.55,0
2021-06-16 10:21:33,355.45,0
2021-06-16 10:21:34,355.45,0
2021-06-16 10:21:35,355.5,0
2021-06-16 10:21:36,355.5,0
2021-06-16 10:21:37,355.45,0
2021-06-16 10:21:38,355.5,0
2021-06-16 10:21:39,355.45,0
2021-06-16 10:21:40,355.45,0
2021-06-16 10:21:41,355.45,0
2021-06-16 10:21:42,355.45,0
2021-06-16 10:21:43,355.45,0
2021-06-16 10:21:45,355.45,0
2021-06-16 10:21:46,355.45,0
2021-06-16 10:21:47,355.45,0
2021-06-16 10:21:48,355.45,0
2021-06-16 10:21:50,355.4,0
2021-06-16 10:21:51,355.45,0
2021-06-16 10:21:52,355.35,0
2021-06-16 10:21:53,355.45,0
2021-06-16 10:21:54,355.4,0
2021-06-16 10:21:55,355.45,0
2021-06-16 10:21:56,355.45,0
2021-06-16 10:21:57,355.4,0
2021-06-16 10:21:58,355.35,0
2021-06-16 10:21:59,355.35,0
2021-06-16 10:22:01,355.35,0
2021-06-16 10:22:02,355.35,0
2021-06-16 10:22:03,355.35,0
2021-06-16 10:22:04,355.3,0
2021-06-16 10:22:05,355.3,0
2021-06-16 10:22:06,355.3,0
2021-06-16 10:22:07,355.3,0
2021-06-16 10:22:08,355.3,0
2021-06-16 10:22:09,355.25,0
2021-06-16 10:22:10,355.25,0
2021-06-16 10:22:11,355.3,0
2021-06-16 10:22:12,355.3,0
2021-06-16 10:22:13,355.25,0
2021-06-16 10:22:14,355.25,0
2021-06-16 10:22:15,355.25,0
2021-06-16 10:22:16,355.25,0
2021-06-16 10:22:17,355.3,0
2021-06-16 10:22:18,355.3,0
2021-06-16 10:22:19,355.25,0
2021-06-16 10:22:20,355.25,0
2021-06-16 10:22:21,355.3,0
2021-06-16 10:22:22,355.25,0
2021-06-16 10:22:23,355.25,0
2021-06-16 10:22:24,355.25,0
2021-06-16 10:22:25,355.25,0
2021-06-16 10:22:26,355.25,0
2021-06-16 10:22:27,355.25,0
2021-06-16 10:22:28,355.25,0
2021-06-16 10:22:29,355.25,0
2021-06-16 10:22:31,355.25,0
2021-06-16 10:22:32,355.25,0
2021-06-16 10:22:33,355.25,0
2021-06-16 10:22:34,355.25,0
2021-06-16 10:22:35,355.2,0
2021-06-16 10:22:36,355.25,0
2021-06-16 10:22:37,355.25,0
2021-06-16 10:22:38,355.2,0
2021-06-16 10:22:39,355.25,0
2021-06-16 10:22:40,355.2,0
2021-06-16 10:22:41,355.2,0
2021-06-16 10:22:43,355.2,0
2021-06-16 10:22:44,355.2,0
2021-06-16 10:22:47,355.2,0
2021-06-16 10:22:49,355.15,0
2021-06-16 10:37:35,354.85,0
2021-06-16 10:37:37,354.8,0
2021-06-16 10:37:39,354.9,0
2021-06-16 10:37:40,354.9,0
2021-06-16 10:37:41,354.9,0
2021-06-16 10:37:42,354.8,0
2021-06-16 10:37:43,354.8,0
2021-06-16 10:37:44,354.8,0
2021-06-16 10:37:45,354.85,0
2021-06-16 10:37:46,354.8,0
2021-06-16 10:37:47,354.8,0
2021-06-16 10:37:48,354.8,0
2021-06-16 10:37:49,354.85,0
2021-06-16 10:37:50,354.75,0
2021-06-16 10:37:51,354.75,0
2021-06-16 10:37:52,354.75,0
2021-06-16 10:37:57,354.75,0
2021-06-16 10:37:58,354.75,0
2021-06-16 10:37:59,354.8,0
2021-06-16 10:38:00,354.75,0
2021-06-16 10:38:01,354.75,0
2021-06-16 10:38:02,354.75,0
2021-06-16 10:38:03,354.75,0
2021-06-16 10:38:04,354.8,0
2021-06-16 10:38:05,354.8,0
2021-06-16 10:38:06,354.8,0
2021-06-16 10:38:07,354.8,0
2021-06-16 10:38:08,354.8,0
2021-06-16 10:38:09,354.85,0
2021-06-16 10:38:11,354.85,0
2021-06-16 10:38:12,354.85,0
2021-06-16 10:38:13,354.8,0
2021-06-16 10:38:14,354.8,0
2021-06-16 10:38:15,354.8,0
2021-06-16 10:38:16,354.7,0
2021-06-16 10:38:17,354.7,0
2021-06-16 10:38:18,354.75,0
2021-06-16 10:38:19,354.75,0
2021-06-16 10:38:21,354.7,0
2021-06-16 10:38:22,354.7,0
2021-06-16 10:38:23,354.75,0
2021-06-16 10:38:24,354.75,0
2021-06-16 10:38:25,354.75,0
2021-06-16 10:38:26,354.8,0
2021-06-16 10:38:27,354.8,0
2021-06-16 10:38:28,354.85,0
2021-06-16 10:38:29,354.85,0
2021-06-16 10:38:30,354.85,0
2021-06-16 10:38:31,354.85,0
2021-06-16 10:38:32,354.8,0
2021-06-16 10:38:33,354.85,0
2021-06-16 10:38:34,354.85,0
2021-06-16 10:38:36,354.8,0
2021-06-16 10:38:37,354.8,0
2021-06-16 10:38:38,354.85,0
2021-06-16 10:38:39,354.85,0
2021-06-16 10:38:40,354.85,0
2021-06-16 10:38:41,354.9,0
2021-06-16 10:38:42,354.85,0
2021-06-16 10:38:43,354.9,0
2021-06-16 10:38:44,354.9,0
2021-06-16 10:38:45,354.85,0
2021-06-16 10:38:47,354.85,0
2021-06-16 10:38:48,354.85,0
2021-06-16 10:38:49,354.8,0
2021-06-16 10:38:51,354.75,0
2021-06-16 10:38:52,354.75,0
2021-06-16 10:38:53,354.8,0
2021-06-16 10:38:54,354.8,0
2021-06-16 10:38:56,354.8,0
2021-06-16 10:38:57,354.8,0
2021-06-16 10:38:58,354.7,0
2021-06-16 10:38:59,354.75,0
2021-06-16 10:39:01,354.75,0
2021-06-16 10:39:02,354.7,0
2021-06-16 10:39:03,354.75,0
2021-06-16 10:39:04,354.7,0
2021-06-16 10:39:05,354.7,0
2021-06-16 10:39:06,354.6,0
2021-06-16 10:39:07,354.65,0
2021-06-16 10:39:08,354.65,0
2021-06-16 10:39:10,354.7,0
2021-06-16 10:39:11,354.7,0
2021-06-16 10:39:13,354.7,0
2021-06-16 10:39:14,354.7,0
2021-06-16 10:39:15,354.8,0
2021-06-16 10:39:16,354.8,0
2021-06-16 10:39:17,354.8,0
2021-06-16 10:39:18,354.8,0
2021-06-16 10:39:19,354.8,0
2021-06-16 10:39:20,354.85,0
2021-06-16 10:39:21,354.85,0
2021-06-16 10:39:22,354.85,0
2021-06-16 10:39:23,354.85,0
2021-06-16 10:39:24,354.9,0
2021-06-16 10:39:25,354.9,0
2021-06-16 10:39:26,354.9,0
2021-06-16 10:39:27,354.9,0
2021-06-16 10:39:28,354.95,0
2021-06-16 10:39:29,354.95,0
2021-06-16 10:39:31,354.95,0
2021-06-16 10:39:32,354.95,0
2021-06-16 10:39:34,354.85,0
2021-06-16 10:39:35,354.85,0
2021-06-16 10:39:36,354.85,0
2021-06-16 10:39:37,354.9,0
2021-06-16 10:39:38,354.9,0
2021-06-16 10:39:39,354.9,0
2021-06-16 10:39:40,354.95,0
2021-06-16 10:39:45,354.95,0
2021-06-16 10:39:46,354.95,0
2021-06-16 10:39:47,354.9,0
2021-06-16 10:39:48,354.9,0
2021-06-16 10:39:49,354.9,0
2021-06-16 10:39:50,354.85,0
2021-06-16 10:39:51,354.85,0
2021-06-16 10:39:52,354.8,0
2021-06-16 10:39:53,354.8,0
2021-06-16 10:39:56,354.7,0
2021-06-16 10:39:57,354.75,0
2021-06-16 10:39:58,354.75,0
2021-06-16 10:39:59,354.75,0
2021-06-16 10:40:02,354.7,0
2021-06-16 10:40:03,354.7,0
2021-06-16 10:40:04,354.75,0
2021-06-16 10:40:05,354.7,0
2021-06-16 10:40:06,354.7,0
2021-06-16 10:40:07,354.7,0
2021-06-16 10:40:09,354.7,0
2021-06-16 10:40:10,354.75,0
2021-06-16 10:40:11,354.75,0
2021-06-16 10:40:12,354.7,0
2021-06-16 10:40:13,354.7,0
2021-06-16 10:40:14,354.75,0
2021-06-16 10:40:15,354.7,0
2021-06-16 10:40:16,354.7,0
2021-06-16 10:40:17,354.75,0
2021-06-16 10:40:18,354.65,0
2021-06-16 10:40:19,354.65,0
2021-06-16 10:40:20,354.65,0
2021-06-16 10:40:21,354.7,0
2021-06-16 10:40:22,354.7,0
2021-06-16 10:40:23,354.7,0
2021-06-16 10:40:24,354.7,0
2021-06-16 10:40:25,354.65,0
2021-06-16 10:40:26,354.7,0
2021-06-16 10:40:27,354.7,0
2021-06-16 10:40:28,354.7,0
2021-06-16 10:40:30,354.7,0
2021-06-16 10:40:31,354.7,0
2021-06-16 10:40:32,354.7,0
2021-06-16 10:40:33,354.7,0
2021-06-16 10:40:35,354.65,0
2021-06-16 10:40:37,354.7,0
2021-06-16 10:40:39,354.65,0
2021-06-16 10:40:40,354.65,0
2021-06-16 10:40:41,354.65,0
2021-06-16 10:40:43,354.65,0
2021-06-16 10:40:44,354.65,0
2021-06-16 10:40:45,354.65,0
2021-06-16 10:40:46,354.65,0
2021-06-16 10:40:48,354.65,0
2021-06-16 10:40:49,354.7,0
2021-06-16 10:40:50,354.65,0
2021-06-16 10:40:52,354.6,0
