timestamp,ltp,volume
2021-06-16 09:15:40,18492.2,0
2021-06-16 09:15:50,18497.95,0
2021-06-16 09:15:55,18495.25,0
2021-06-16 09:15:56,18489.7,0
2021-06-16 09:16:00,18496.95,0
2021-06-16 09:16:01,18494.5,0
2021-06-16 09:16:04,18483.7,0
2021-06-16 09:16:17,18482.1,0
2021-06-16 09:16:21,18486.6,0
2021-06-16 09:16:23,18485.3,0
2021-06-16 09:16:24,18484.45,0
2021-06-16 09:16:28,18492.7,0
2021-06-16 09:16:31,18492.1,0
2021-06-16 09:16:32,18496.1,0
2021-06-16 09:16:33,18495.85,0
2021-06-16 09:16:45,18495.1,0
2021-06-16 09:16:47,18492.95,0
2021-06-16 09:16:48,18495.4,0
2021-06-16 09:16:55,18487.35,0
2021-06-16 09:16:57,18483.6,0
2021-06-16 09:16:59,18483.15,0
2021-06-16 09:17:02,18482.5,0
2021-06-16 09:17:06,18483.25,0
2021-06-16 09:17:11,18479.25,0
2021-06-16 09:17:19,18478.0,0
2021-06-16 09:17:21,18476.45,0
2021-06-16 09:17:30,18475.55,0
2021-06-16 09:17:35,18475.3,0
2021-06-16 09:17:41,18476.55,0
2021-06-16 09:17:44,18480.1,0
2021-06-16 09:17:47,18483.75,0
2021-06-16 09:17:50,18480.65,0
2021-06-16 09:17:54,18484.1,0
2021-06-16 09:17:55,18482.5,0
2021-06-16 09:17:56,18482.0,0
2021-06-16 09:18:00,18480.4,0
2021-06-16 09:18:01,18479.7,0
2021-06-16 09:18:02,18483.4,0
2021-06-16 09:18:03,18482.45,0
2021-06-16 09:18:04,18478.2,0
2021-06-16 09:18:07,18482.2,0
2021-06-16 09:18:09,18481.45,0
2021-06-16 09:18:14,18482.9,0
2021-06-16 09:18:20,18484.9,0
2021-06-16 09:18:26,18488.7,0
2021-06-16 09:18:28,18489.9,0
2021-06-16 09:18:29,18488.7,0
2021-06-16 09:18:33,18490.55,0
2021-06-16 09:18:37,18483.9,0
2021-06-16 09:18:43,18487.1,0
2021-06-16 09:18:44,18485.9,0
2021-06-16 09:18:47,18486.7,0
2021-06-16 09:18:49,18485.3,0
2021-06-16 09:18:50,18484.65,0
2021-06-16 09:18:51,18487.9,0
2021-06-16 09:18:55,18487.7,0
2021-06-16 09:18:56,18488.65,0
2021-06-16 09:19:01,18492.95,0
2021-06-16 09:19:02,18492.8,0
2021-06-16 09:19:04,18494.4,0
2021-06-16 09:19:05,18492.5,0
2021-06-16 09:19:09,18498.1,0
2021-06-16 09:19:12,18501.25,0
2021-06-16 09:19:15,18500.1,0
2021-06-16 09:19:17,18501.4,0
2021-06-16 09:19:21,18502.6,0
2021-06-16 09:19:22,18501.25,0
2021-06-16 09:19:25,18498.9,0
2021-06-16 09:19:27,18499.05,0
2021-06-16 09:19:29,18498.2,0
2021-06-16 09:19:30,18493.6,0
2021-06-16 09:19:38,18492.4,0
2021-06-16 09:19:40,18495.2,0
2021-06-16 09:19:41,18496.15,0
2021-06-16 09:19:42,18496.5,0
2021-06-16 09:19:46,18497.7,0
2021-06-16 09:19:49,18493.2,0
2021-06-16 09:19:51,18494.3,0
2021-06-16 09:19:58,18494.65,0
2021-06-16 09:20:09,18485.5,0
2021-06-16 09:20:13,18494.15,0
2021-06-16 09:20:23,18500.3,0
2021-06-16 09:20:25,18500.5,0
2021-06-16 09:20:30,18503.0,0
2021-06-16 09:20:40,18496.1,0
2021-06-16 09:20:49,18498.65,0
2021-06-16 09:20:58,18495.8,0
2021-06-16 09:21:03,18506.45,0
2021-06-16 09:21:11,18501.45,0
2021-06-16 09:21:18,18505.0,0
2021-06-16 09:21:20,18502.35,0
2021-06-16 09:21:28,18506.5,0
2021-06-16 09:21:34,18504.25,0
2021-06-16 09:21:39,18499.1,0
2021-06-16 09:21:42,18501.8,0
2021-06-16 09:21:49,18503.35,0
2021-06-16 09:21:51,18502.1,0
2021-06-16 09:21:53,18504.4,0
2021-06-16 09:21:56,18502.9,0
2021-06-16 09:21:57,18504.3,0
2021-06-16 09:21:58,18503.4,0
2021-06-16 09:22:05,18507.25,0
2021-06-16 09:22:07,18510.65,0
2021-06-16 09:22:08,18510.1,0
2021-06-16 09:22:10,18515.85,0
2021-06-16 09:22:13,18516.3,0
2021-06-16 09:22:14,18513.0,0
2021-06-16 09:22:15,18516.0,0
2021-06-16 09:22:17,18515.2,0
2021-06-16 09:22:22,18517.9,0
2021-06-16 09:22:23,18520.4,0
2021-06-16 09:22:27,18518.5,0
2021-06-16 09:22:28,18516.9,0
2021-06-16 09:22:31,18514.45,0
2021-06-16 09:22:36,18514.8,0
2021-06-16 09:22:39,18515.35,0
2021-06-16 09:22:40,18514.45,0
2021-06-16 09:22:41,18516.45,0
2021-06-16 09:22:45,18515.85,0
2021-06-16 09:22:48,18518.35,0
2021-06-16 09:22:56,18516.45,0
2021-06-16 09:22:57,18516.1,0
2021-06-16 09:23:00,18514.95,0
2021-06-16 09:23:06,18516.2,0
2021-06-16 09:23:12,18521.0,0
2021-06-16 09:23:20,18526.15,0
2021-06-16 09:23:24,18527.25,0
2021-06-16 09:23:28,18540.5,0
2021-06-16 09:23:50,18547.4,0
2021-06-16 09:23:52,18550.35,0
2021-06-16 09:23:56,18547.2,0
2021-06-16 09:24:01,18549.75,0
2021-06-16 09:24:11,18551.4,0
2021-06-16 09:24:12,18547.3,0
2021-06-16 09:24:15,18548.5,0
2021-06-16 09:24:19,18550.4,0
2021-06-16 09:24:21,18549.75,0
2021-06-16 09:24:22,18549.75,0
2021-06-16 09:24:32,18552.95,0
2021-06-16 09:24:37,18559.75,0
2021-06-16 09:24:38,18563.25,0
2021-06-16 09:24:46,18583.9,0
2021-06-16 09:24:52,18582.5,0
2021-06-16 09:24:55,18582.45,0
2021-06-16 09:25:06,18576.7,0
2021-06-16 09:25:10,18576.5,0
2021-06-16 09:25:13,18577.6,0
2021-06-16 09:25:25,18580.05,0
2021-06-16 09:25:30,18583.85,0
2021-06-16 09:25:33,18584.25,0
2021-06-16 09:25:40,18584.95,0
2021-06-16 09:25:46,18582.75,0
2021-06-16 09:25:47,18584.35,0
2021-06-16 09:25:50,18577.1,0
2021-06-16 09:25:55,18572.15,0
2021-06-16 09:25:56,18574.8,0
2021-06-16 09:25:57,18575.45,0
2021-06-16 09:25:58,18576.5,0
2021-06-16 09:26:00,18574.3,0
2021-06-16 09:26:06,18580.85,0
2021-06-16 09:26:08,18582.95,0
2021-06-16 09:26:09,18584.3,0
2021-06-16 09:26:12,18583.35,0
2021-06-16 09:26:17,18584.15,0
2021-06-16 09:26:19,18581.1,0
2021-06-16 09:26:27,18579.1,0
2021-06-16 09:26:28,18580.95,0
2021-06-16 09:26:32,18578.9,0
2021-06-16 09:26:36,18579.95,0
2021-06-16 09:26:37,18579.85,0
2021-06-16 09:26:43,18581.55,0
2021-06-16 09:26:48,18579.2,0
2021-06-16 09:26:52,18579.0,0
2021-06-16 09:27:01,18577.15,0
2021-06-16 09:27:05,18575.6,0
2021-06-16 09:27:11,18573.75,0
2021-06-16 09:27:20,18569.6,0
2021-06-16 09:27:36,18572.85,0
2021-06-16 09:27:38,18570.2,0
2021-06-16 09:27:48,18566.65,0
2021-06-16 09:27:56,18562.85,0
2021-06-16 09:27:57,18561.9,0
2021-06-16 09:27:59,18565.2,0
2021-06-16 09:28:02,18563.4,0
2021-06-16 09:28:03,18562.9,0
2021-06-16 09:28:05,18558.3,0
2021-06-16 09:28:06,18559.4,0
2021-06-16 09:28:07,18559.4,0
2021-06-16 09:28:10,18558.9,0
2021-06-16 09:28:13,18561.95,0
2021-06-16 09:28:16,18563.7,0
2021-06-16 09:28:17,18564.1,0
2021-06-16 09:28:21,18565.2,0
2021-06-16 09:28:24,18565.25,0
2021-06-16 09:28:28,18564.45,0
2021-06-16 09:28:35,18566.0,0
2021-06-16 09:28:38,18562.15,0
2021-06-16 09:28:46,18563.1,0
2021-06-16 09:28:49,18564.95,0
2021-06-16 09:28:51,18563.3,0
2021-06-16 09:28:53,18562.85,0
2021-06-16 09:28:54,18563.85,0
2021-06-16 09:28:58,18562.5,0
2021-06-16 09:28:59,18565.95,0
2021-06-16 09:29:00,18563.7,0
2021-06-16 09:29:02,18567.8,0
2021-06-16 09:29:07,18572.75,0
2021-06-16 09:29:09,18569.75,0
2021-06-16 09:29:17,18580.8,0
2021-06-16 09:29:21,18580.45,0
2021-06-16 09:29:25,18582.5,0
2021-06-16 09:29:33,18588.35,0
2021-06-16 09:29:35,18584.7,0
2021-06-16 09:29:41,18577.25,0
2021-06-16 09:29:43,18578.5,0
2021-06-16 09:30:00,18574.65,0
2021-06-16 09:30:03,18578.5,0
2021-06-16 09:30:05,18580.0,0
2021-06-16 09:30:08,18580.95,0
2021-06-16 09:30:14,18576.95,0
2021-06-16 09:30:17,18579.05,0
2021-06-16 09:30:18,18580.3,0
2021-06-16 09:30:22,18579.2,0
2021-06-16 09:30:26,18579.15,0
2021-06-16 09:30:27,18579.05,0
2021-06-16 09:30:28,18580.7,0
2021-06-16 09:30:30,18583.7,0
2021-06-16 09:30:32,18586.75,0
2021-06-16 09:30:33,18586.05,0
2021-06-16 09:30:35,18586.3,0
2021-06-16 09:30:38,18589.15,0
2021-06-16 09:30:42,18592.2,0
2021-06-16 09:30:48,18600.65,0
2021-06-16 09:30:54,18601.15,0
2021-06-16 09:30:56,18599.05,0
2021-06-16 09:31:05,18604.9,0
2021-06-16 09:31:06,18600.25,0
2021-06-16 09:31:07,18600.95,0
2021-06-16 09:31:16,18595.6,0
2021-06-16 09:31:27,18597.95,0
2021-06-16 09:31:37,18597.45,0
2021-06-16 09:31:38,18597.45,0
2021-06-16 09:31:40,18596.3,0
2021-06-16 09:31:47,18591.15,0
2021-06-16 09:31:51,18592.55,0
2021-06-16 09:31:54,18596.15,0
2021-06-16 09:31:55,18592.3,0
2021-06-16 09:32:03,18593.4,0
2021-06-16 09:32:09,18593.5,0
2021-06-16 09:32:17,18590.3,0
2021-06-16 09:32:19,18592.55,0
2021-06-16 09:32:24,18590.8,0
2021-06-16 09:32:29,18590.15,0
2021-06-16 09:32:30,18592.05,0
2021-06-16 09:32:32,18590.3,0
2021-06-16 09:32:41,18597.05,0
2021-06-16 09:32:43,18596.4,0
2021-06-16 09:32:50,18594.9,0
2021-06-16 09:32:51,18594.45,0
2021-06-16 09:32:54,18597.75,0
2021-06-16 09:32:59,18596.3,0
2021-06-16 09:33:00,18596.35,0
2021-06-16 09:33:05,18598.2,0
2021-06-16 09:33:07,18594.75,0
2021-06-16 09:33:08,18595.35,0
2021-06-16 09:33:09,18596.05,0
2021-06-16 09:33:14,18593.2,0
2021-06-16 09:33:15,18595.3,0
2021-06-16 09:33:23,18596.55,0
2021-06-16 09:33:29,18601.05,0
2021-06-16 09:33:30,18600.65,0
2021-06-16 09:33:41,18601.5,0
2021-06-16 09:33:43,18603.75,0
2021-06-16 09:33:46,18601.0,0
2021-06-16 09:33:49,18603.9,0
2021-06-16 09:33:51,18607.4,0
2021-06-16 09:33:57,18607.35,0
2021-06-16 09:34:06,18610.75,0
2021-06-16 09:34:08,18610.5,0
2021-06-16 09:34:11,18611.9,0
2021-06-16 09:34:12,18611.85,0
2021-06-16 09:34:14,18611.3,0
2021-06-16 09:34:29,18608.45,0
2021-06-16 09:34:41,18611.2,0
2021-06-16 09:34:42,18611.95,0
2021-06-16 09:34:46,18611.5,0
2021-06-16 09:34:47,18610.05,0
2021-06-16 09:34:56,18608.45,0
2021-06-16 09:35:04,18610.1,0
2021-06-16 09:35:05,18610.75,0
2021-06-16 09:35:07,18611.75,0
2021-06-16 09:35:10,18611.4,0
2021-06-16 09:35:11,18611.95,0
2021-06-16 09:35:12,18614.45,0
2021-06-16 09:35:18,18613.05,0
2021-06-16 09:35:20,18612.55,0
2021-06-16 09:35:23,18610.25,0
2021-06-16 09:35:25,18609.4,0
2021-06-16 09:35:32,18602.95,0
2021-06-16 09:35:40,18599.3,0
2021-06-16 09:35:41,18597.45,0
2021-06-16 09:35:42,18598.65,0
2021-06-16 09:35:46,18605.75,0
2021-06-16 09:35:48,18608.75,0
2021-06-16 09:35:50,18605.95,0
2021-06-16 09:35:51,18606.15,0
2021-06-16 09:35:54,18606.85,0
2021-06-16 09:36:04,18606.7,0
2021-06-16 09:36:17,18613.35,0
2021-06-16 09:36:18,18611.7,0
2021-06-16 09:36:24,18609.85,0
2021-06-16 09:36:34,18609.6,0
2021-06-16 09:36:35,18607.85,0
2021-06-16 09:36:36,18607.8,0
2021-06-16 09:36:39,18608.7,0
2021-06-16 09:36:40,18612.4,0
2021-06-16 09:36:43,18605.7,0
2021-06-16 09:36:46,18607.55,0
2021-06-16 09:36:54,18613.35,0
2021-06-16 09:36:59,18605.1,0
2021-06-16 09:37:00,18604.1,0
2021-06-16 09:37:02,18605.85,0
2021-06-16 09:37:03,18604.25,0
2021-06-16 09:37:05,18606.7,0
2021-06-16 09:37:11,18603.1,0
2021-06-16 09:37:14,18601.85,0
2021-06-16 09:37:15,18600.5,0
2021-06-16 09:37:16,18598.9,0
2021-06-16 09:37:17,18601.35,0
2021-06-16 09:37:24,18603.15,0
2021-06-16 09:37:25,18604.9,0
2021-06-16 09:37:26,18605.5,0
2021-06-16 09:37:29,18601.65,0
2021-06-16 09:37:30,18600.3,0
2021-06-16 09:37:32,18601.2,0
2021-06-16 09:37:33,18602.2,0
2021-06-16 09:37:37,18600.75,0
2021-06-16 09:37:39,18599.15,0
2021-06-16 09:37:43,18597.9,0
2021-06-16 09:37:44,18598.35,0
2021-06-16 09:37:48,18601.3,0
2021-06-16 09:37:49,18598.15,0
2021-06-16 09:37:53,18605.95,0
2021-06-16 09:38:01,18607.05,0
2021-06-16 09:38:02,18607.3,0
2021-06-16 09:38:04,18606.3,0
2021-06-16 09:38:07,18601.1,0
2021-06-16 09:38:18,18601.95,0
2021-06-16 09:38:23,18602.25,0
2021-06-16 09:38:26,18600.2,0
2021-06-16 09:38:35,18600.45,0
2021-06-16 09:38:37,18603.3,0
2021-06-16 09:38:38,18604.05,0
2021-06-16 09:38:40,18604.8,0
2021-06-16 09:38:44,18603.1,0
2021-06-16 09:38:48,18602.95,0
2021-06-16 09:38:49,18603.4,0
2021-06-16 09:38:50,18602.7,0
2021-06-16 09:38:55,18600.9,0
2021-06-16 09:38:56,18603.6,0
2021-06-16 09:39:01,18603.35,0
2021-06-16 09:39:03,18602.25,0
2021-06-16 09:39:06,18604.4,0
2021-06-16 09:39:07,18604.35,0
2021-06-16 09:39:08,18604.45,0
2021-06-16 09:39:09,18603.35,0
2021-06-16 09:39:13,18602.35,0
2021-06-16 09:39:25,18591.9,0
2021-06-16 09:39:26,18594.4,0
2021-06-16 09:39:27,18593.4,0
2021-06-16 09:39:33,18592.35,0
2021-06-16 09:39:37,18592.05,0
2021-06-16 09:39:39,18594.75,0
2021-06-16 09:39:40,18594.55,0
2021-06-16 09:39:46,18591.55,0
2021-06-16 09:39:50,18589.5,0
2021-06-16 09:40:02,18590.25,0
2021-06-16 09:40:04,18590.7,0
2021-06-16 09:40:06,18589.15,0
2021-06-16 09:40:13,18593.85,0
2021-06-16 09:40:15,18590.85,0
2021-06-16 09:40:26,18591.8,0
2021-06-16 09:40:31,18589.4,0
2021-06-16 09:40:32,18589.75,0
2021-06-16 09:40:36,18587.5,0
2021-06-16 09:40:37,18587.9,0
2021-06-16 09:40:40,18582.85,0
2021-06-16 09:40:42,18586.1,0
2021-06-16 09:40:52,18582.55,0
2021-06-16 09:40:59,18584.55,0
2021-06-16 09:41:00,18584.15,0
2021-06-16 09:41:04,18585.2,0
2021-06-16 09:41:05,18584.8,0
2021-06-16 09:41:08,18582.85,0
2021-06-16 09:41:10,18583.4,0
2021-06-16 09:41:11,18585.55,0
2021-06-16 09:41:13,18583.75,0
2021-06-16 09:41:14,18583.45,0
2021-06-16 09:41:19,18579.5,0
2021-06-16 09:41:23,18583.2,0
2021-06-16 09:41:31,18584.45,0
2021-06-16 09:41:36,18582.9,0
2021-06-16 09:41:38,18581.8,0
2021-06-16 09:41:41,18581.3,0
2021-06-16 09:41:48,18581.75,0
2021-06-16 09:41:51,18580.1,0
2021-06-16 09:42:06,18580.65,0
2021-06-16 09:42:07,18577.75,0
2021-06-16 09:42:08,18577.15,0
2021-06-16 09:42:09,18582.55,0
2021-06-16 09:42:14,18580.2,0
2021-06-16 09:42:24,18583.45,0
2021-06-16 09:42:25,18584.45,0
2021-06-16 09:42:28,18586.95,0
2021-06-16 09:42:30,18583.8,0
2021-06-16 09:42:41,18588.1,0
2021-06-16 09:42:43,18587.35,0
2021-06-16 09:42:48,18588.8,0
2021-06-16 09:42:49,18586.4,0
2021-06-16 09:42:53,18587.05,0
2021-06-16 09:43:07,18585.35,0
2021-06-16 09:43:08,18582.7,0
2021-06-16 09:43:10,18582.35,0
2021-06-16 09:43:12,18580.9,0
2021-06-16 09:43:15,18585.45,0
2021-06-16 09:43:17,18584.15,0
2021-06-16 09:43:19,18584.15,0
2021-06-16 09:43:20,18582.25,0
2021-06-16 09:43:23,18584.7,0
2021-06-16 09:43:25,18583.2,0
2021-06-16 09:43:26,18583.0,0
2021-06-16 09:43:47,18583.3,0
2021-06-16 09:43:49,18584.85,0
2021-06-16 09:43:54,18579.65,0
2021-06-16 09:43:59,18579.3,0
2021-06-16 09:44:01,18579.8,0
2021-06-16 09:44:03,18580.1,0
2021-06-16 09:44:12,18580.15,0
2021-06-16 09:44:14,18578.0,0
2021-06-16 09:44:16,18579.2,0
2021-06-16 09:44:17,18578.4,0
2021-06-16 09:44:22,18579.75,0
2021-06-16 09:44:25,18580.15,0
2021-06-16 09:44:26,18580.15,0
2021-06-16 09:44:30,18579.55,0
2021-06-16 09:44:36,18575.55,0
2021-06-16 09:44:42,18579.7,0
2021-06-16 09:44:46,18576.45,0
2021-06-16 09:44:47,18576.15,0
2021-06-16 09:44:54,18572.55,0
2021-06-16 09:44:58,18573.1,0
2021-06-16 09:45:00,18571.45,0
2021-06-16 09:45:05,18574.85,0
2021-06-16 09:45:09,18572.3,0
2021-06-16 09:45:13,18573.2,0
2021-06-16 09:45:14,18573.25,0
2021-06-16 09:45:31,18585.3,0
2021-06-16 09:45:33,18583.6,0
2021-06-16 09:45:40,18578.05,0
2021-06-16 09:45:41,18582.15,0
2021-06-16 09:45:47,18580.0,0
2021-06-16 09:45:52,18579.3,0
2021-06-16 09:45:54,18582.4,0
2021-06-16 09:45:57,18580.05,0
2021-06-16 09:45:58,18582.1,0
2021-06-16 09:46:01,18580.35,0
2021-06-16 09:46:05,18578.65,0
2021-06-16 09:46:10,18579.2,0
2021-06-16 09:46:11,18577.6,0
2021-06-16 09:46:14,18576.35,0
2021-06-16 09:46:15,18577.1,0
2021-06-16 09:46:21,18573.15,0
2021-06-16 09:46:33,18564.65,0
2021-06-16 09:46:34,18563.95,0
2021-06-16 09:46:37,18566.95,0
2021-06-16 09:46:38,18563.4,0
2021-06-16 09:46:41,18563.05,0
2021-06-16 09:46:43,18560.4,0
2021-06-16 09:46:46,18556.9,0
2021-06-16 09:46:45,18557.4,0
2021-06-16 09:46:47,18558.65,0
2021-06-16 09:46:51,18562.35,0
2021-06-16 09:46:56,18557.25,0
2021-06-16 09:46:57,18557.45,0
2021-06-16 09:46:58,18556.85,0
2021-06-16 09:47:04,18556.8,0
2021-06-16 09:47:07,18551.95,0
2021-06-16 09:47:10,18550.6,0
2021-06-16 09:47:15,18555.65,0
2021-06-16 09:47:16,18552.9,0
2021-06-16 09:47:18,18553.75,0
2021-06-16 09:47:26,18549.55,0
2021-06-16 09:47:30,18548.4,0
2021-06-16 09:47:31,18549.65,0
2021-06-16 09:47:35,18549.1,0
2021-06-16 09:47:38,18550.4,0
2021-06-16 09:47:39,18550.0,0
2021-06-16 09:47:45,18550.45,0
2021-06-16 09:47:58,18541.75,0
2021-06-16 09:48:04,18541.25,0
2021-06-16 09:48:06,18544.25,0
2021-06-16 09:48:07,18545.25,0
2021-06-16 09:48:08,18544.55,0
2021-06-16 09:48:09,18542.65,0
2021-06-16 09:48:27,18536.9,0
2021-06-16 09:48:29,18536.6,0
2021-06-16 09:48:32,18535.9,0
2021-06-16 09:48:34,18534.25,0
2021-06-16 09:48:38,18536.3,0
2021-06-16 09:48:39,18536.75,0
2021-06-16 09:48:41,18535.6,0
2021-06-16 09:48:43,18537.35,0
2021-06-16 09:48:44,18536.25,0
2021-06-16 09:48:45,18534.75,0
2021-06-16 09:48:48,18530.95,0
2021-06-16 09:48:53,18531.95,0
2021-06-16 09:48:54,18532.65,0
2021-06-16 09:48:56,18535.45,0
2021-06-16 09:48:58,18532.6,0
2021-06-16 09:49:02,18534.9,0
2021-06-16 09:49:03,18536.9,0
2021-06-16 09:49:09,18532.75,0
2021-06-16 09:49:13,18534.45,0
2021-06-16 09:49:18,18533.05,0
2021-06-16 09:49:29,18539.75,0
2021-06-16 09:49:38,18535.65,0
2021-06-16 09:49:40,18537.35,0
2021-06-16 09:49:45,18536.7,0
2021-06-16 09:49:47,18534.15,0
2021-06-16 09:49:50,18537.85,0
2021-06-16 09:49:51,18534.8,0
2021-06-16 09:49:52,18535.45,0
2021-06-16 09:49:58,18531.05,0
2021-06-16 09:50:03,18531.6,0
2021-06-16 09:50:13,18538.65,0
2021-06-16 09:50:14,18536.0,0
2021-06-16 09:50:19,18541.65,0
2021-06-16 09:50:21,18542.95,0
2021-06-16 09:50:23,18545.2,0
2021-06-16 09:50:26,18544.55,0
2021-06-16 09:50:30,18544.65,0
2021-06-16 09:50:36,18543.65,0
2021-06-16 09:50:37,18543.05,0
2021-06-16 09:50:41,18538.75,0
2021-06-16 09:50:45,18541.0,0
2021-06-16 09:50:52,18537.95,0
2021-06-16 09:50:55,18537.75,0
2021-06-16 09:51:00,18535.0,0
2021-06-16 09:51:01,18537.2,0
2021-06-16 09:51:08,18534.2,0
2021-06-16 09:51:11,18535.2,0
2021-06-16 09:51:19,18533.25,0
2021-06-16 09:51:20,18535.3,0
2021-06-16 09:51:21,18536.5,0
2021-06-16 09:51:22,18535.5,0
2021-06-16 09:51:23,18537.25,0
2021-06-16 09:51:27,18539.6,0
2021-06-16 09:51:28,18539.25,0
2021-06-16 09:51:29,18536.75,0
2021-06-16 09:51:35,18537.95,0
2021-06-16 09:51:36,18538.7,0
2021-06-16 09:51:41,18535.1,0
2021-06-16 09:51:43,18537.65,0
2021-06-16 09:51:49,18539.0,0
2021-06-16 09:51:50,18537.45,0
2021-06-16 09:51:56,18538.1,0
2021-06-16 09:52:00,18536.55,0
2021-06-16 09:52:02,18534.9,0
2021-06-16 09:52:04,18531.25,0
2021-06-16 09:52:07,18530.55,0
2021-06-16 09:52:08,18531.45,0
2021-06-16 09:52:09,18530.9,0
2021-06-16 09:52:10,18529.95,0
2021-06-16 09:52:12,18532.45,0
2021-06-16 09:52:18,18529.45,0
2021-06-16 09:52:24,18523.95,0
2021-06-16 09:52:25,18529.95,0
2021-06-16 09:52:27,18528.85,0
2021-06-16 09:52:32,18528.65,0
2021-06-16 09:52:34,18527.2,0
2021-06-16 09:52:36,18528.45,0
2021-06-16 09:52:38,18528.8,0
2021-06-16 09:52:41,18533.35,0
2021-06-16 09:52:43,18535.05,0
2021-06-16 09:52:48,18534.35,0
2021-06-16 09:52:54,18529.1,0
2021-06-16 09:52:57,18528.55,0
2021-06-16 09:53:00,18528.15,0
2021-06-16 09:53:04,18526.75,0
2021-06-16 09:53:05,18529.8,0
2021-06-16 09:53:11,18528.35,0
2021-06-16 09:53:12,18530.1,0
2021-06-16 09:53:15,18530.35,0
2021-06-16 09:53:16,18530.55,0
2021-06-16 09:53:23,18534.35,0
2021-06-16 09:53:30,18533.85,0
2021-06-16 09:53:31,18535.75,0
2021-06-16 09:53:35,18537.75,0
2021-06-16 09:53:38,18537.75,0
2021-06-16 09:53:43,18539.8,0
2021-06-16 09:53:44,18537.0,0
2021-06-16 09:53:50,18533.0,0
2021-06-16 09:53:51,18534.35,0
2021-06-16 09:53:56,18534.9,0
2021-06-16 09:54:00,18535.2,0
2021-06-16 09:54:06,18536.4,0
2021-06-16 09:54:07,18539.4,0
2021-06-16 09:54:11,18537.45,0
2021-06-16 09:54:14,18537.2,0
2021-06-16 09:54:26,18539.85,0
2021-06-16 09:54:27,18540.6,0
2021-06-16 09:54:35,18539.15,0
2021-06-16 09:54:40,18535.65,0
2021-06-16 09:54:45,18536.3,0
2021-06-16 09:54:49,18537.25,0
2021-06-16 09:54:52,18537.75,0
2021-06-16 09:54:54,18534.25,0
2021-06-16 09:54:55,18537.65,0
2021-06-16 09:54:58,18541.8,0
2021-06-16 09:55:13,18539.35,0
2021-06-16 09:55:16,18539.45,0
2021-06-16 09:55:25,18544.05,0
2021-06-16 09:55:29,18544.8,0
2021-06-16 09:55:38,18540.6,0
2021-06-16 09:55:48,18540.5,0
2021-06-16 09:55:52,18539.85,0
2021-06-16 09:55:57,18539.4,0
2021-06-16 09:56:00,18542.55,0
2021-06-16 09:56:03,18538.9,0
2021-06-16 09:56:08,18537.6,0
2021-06-16 09:56:10,18541.4,0
2021-06-16 09:56:14,18538.25,0
2021-06-16 09:56:19,18538.3,0
2021-06-16 09:56:27,18539.3,0
2021-06-16 09:56:30,18541.15,0
2021-06-16 09:56:34,18542.55,0
2021-06-16 09:56:38,18542.8,0
2021-06-16 09:56:42,18542.85,0
2021-06-16 09:56:46,18544.25,0
2021-06-16 09:56:47,18544.45,0
2021-06-16 09:56:48,18541.7,0
2021-06-16 09:56:52,18543.6,0
2021-06-16 09:56:54,18541.35,0
2021-06-16 09:56:56,18543.2,0
2021-06-16 09:56:59,18537.9,0
2021-06-16 09:57:00,18538.85,0
2021-06-16 09:57:04,18541.2,0
2021-06-16 09:57:12,18537.7,0
2021-06-16 09:57:19,18535.6,0
2021-06-16 09:57:20,18535.75,0
2021-06-16 09:57:21,18538.15,0
2021-06-16 09:57:25,18535.35,0
2021-06-16 09:57:35,18534.8,0
2021-06-16 09:57:37,18536.95,0
2021-06-16 09:57:38,18534.2,0
2021-06-16 09:57:39,18538.2,0
2021-06-16 09:57:45,18530.95,0
2021-06-16 09:57:49,18532.2,0
2021-06-16 09:57:53,18530.45,0
2021-06-16 09:58:09,18526.0,0
2021-06-16 09:58:17,18530.6,0
2021-06-16 09:58:18,18527.8,0
2021-06-16 09:58:19,18529.15,0
2021-06-16 09:58:24,18528.85,0
2021-06-16 09:58:27,18531.1,0
2021-06-16 09:58:30,18530.5,0
2021-06-16 09:58:33,18533.7,0
2021-06-16 09:58:36,18539.15,0
2021-06-16 09:58:39,18539.35,0
2021-06-16 09:58:51,18537.85,0
2021-06-16 09:58:57,18535.6,0
2021-06-16 09:58:58,18533.85,0
2021-06-16 09:59:00,18534.35,0
2021-06-16 09:59:04,18526.0,0
2021-06-16 09:59:10,18530.55,0
2021-06-16 09:59:11,18533.2,0
2021-06-16 09:59:15,18530.65,0
2021-06-16 09:59:18,18528.7,0
2021-06-16 09:59:24,18525.55,0
2021-06-16 09:59:32,18527.65,0
2021-06-16 09:59:35,18528.55,0
2021-06-16 09:59:40,18532.25,0
2021-06-16 09:59:41,18529.4,0
2021-06-16 09:59:51,18531.45,0
2021-06-16 09:59:52,18530.45,0
2021-06-16 09:59:53,18529.05,0
2021-06-16 09:59:54,18527.85,0
2021-06-16 09:59:55,18527.9,0
2021-06-16 10:00:04,18522.85,0
2021-06-16 10:00:06,18524.2,0
2021-06-16 10:00:15,18529.35,0
2021-06-16 10:00:16,18526.8,0
2021-06-16 10:00:21,18528.8,0
2021-06-16 10:00:25,18529.55,0
2021-06-16 10:00:29,18534.85,0
2021-06-16 10:00:31,18533.2,0
2021-06-16 10:00:36,18534.85,0
2021-06-16 10:00:42,18537.25,0
2021-06-16 10:00:44,18535.45,0
2021-06-16 10:00:45,18534.7,0
2021-06-16 10:00:51,18533.35,0
2021-06-16 10:00:52,18532.55,0
2021-06-16 10:00:55,18532.85,0
2021-06-16 10:00:59,18532.65,0
2021-06-16 10:01:00,18531.7,0
2021-06-16 10:01:03,18533.0,0
2021-06-16 10:01:07,18530.45,0
2021-06-16 10:01:09,18531.1,0
2021-06-16 10:01:11,18528.4,0
2021-06-16 10:01:12,18530.7,0
2021-06-16 10:01:17,18530.3,0
2021-06-16 10:01:21,18526.3,0
2021-06-16 10:01:22,18528.35,0
2021-06-16 10:01:23,18530.05,0
2021-06-16 10:01:25,18528.25,0
2021-06-16 10:01:30,18529.05,0
2021-06-16 10:01:37,18526.85,0
2021-06-16 10:01:41,18528.25,0
2021-06-16 10:01:46,18526.15,0
2021-06-16 10:01:49,18530.35,0
2021-06-16 10:01:55,18530.1,0
2021-06-16 10:02:01,18532.4,0
2021-06-16 10:02:02,18533.3,0
2021-06-16 10:02:05,18530.05,0
2021-06-16 10:02:08,18532.3,0
2021-06-16 10:02:11,18529.8,0
2021-06-16 10:02:16,18531.05,0
2021-06-16 10:02:26,18531.1,0
2021-06-16 10:02:28,18533.6,0
2021-06-16 10:02:30,18534.3,0
2021-06-16 10:02:34,18536.05,0
2021-06-16 10:02:43,18536.1,0
2021-06-16 10:02:45,18537.15,0
2021-06-16 10:02:49,18535.35,0
2021-06-16 10:02:50,18535.05,0
2021-06-16 10:02:51,18532.2,0
2021-06-16 10:02:52,18534.8,0
2021-06-16 10:02:54,18532.35,0
2021-06-16 10:02:57,18532.8,0
2021-06-16 10:02:59,18533.4,0
2021-06-16 10:03:00,18532.3,0
2021-06-16 10:03:03,18531.85,0
2021-06-16 10:03:04,18532.95,0
2021-06-16 10:03:09,18538.4,0
2021-06-16 10:03:15,18538.05,0
2021-06-16 10:03:20,18539.8,0
2021-06-16 10:03:23,18540.65,0
2021-06-16 10:03:26,18537.05,0
2021-06-16 10:03:46,18532.55,0
2021-06-16 10:03:47,18534.05,0
2021-06-16 10:03:48,18530.7,0
2021-06-16 10:03:49,18528.6,0
2021-06-16 10:03:51,18530.85,0
2021-06-16 10:03:58,18517.75,0
2021-06-16 10:04:04,18520.05,0
2021-06-16 10:04:08,18520.05,0
2021-06-16 10:04:14,18519.8,0
2021-06-16 10:04:18,18519.1,0
2021-06-16 10:04:24,18516.35,0
2021-06-16 10:04:25,18518.0,0
2021-06-16 10:04:27,18518.55,0
2021-06-16 10:04:35,18519.4,0
2021-06-16 10:04:36,18518.9,0
2021-06-16 10:04:39,18515.15,0
2021-06-16 10:04:40,18516.6,0
2021-06-16 10:04:41,18514.45,0
2021-06-16 10:04:42,18514.7,0
2021-06-16 10:04:54,18511.15,0
2021-06-16 10:04:55,18509.3,0
2021-06-16 10:05:04,18515.5,0
2021-06-16 10:05:07,18513.85,0
2021-06-16 10:05:19,18515.2,0
2021-06-16 10:05:20,18517.7,0
2021-06-16 10:05:27,18519.6,0
2021-06-16 10:05:30,18525.45,0
2021-06-16 10:05:36,18524.05,0
2021-06-16 10:05:49,18522.8,0
2021-06-16 10:05:53,18519.0,0
2021-06-16 10:05:55,18516.3,0
2021-06-16 10:05:56,18517.1,0
2021-06-16 10:05:57,18522.75,0
2021-06-16 10:05:59,18521.4,0
2021-06-16 10:06:02,18518.25,0
2021-06-16 10:06:04,18518.65,0
2021-06-16 10:06:06,18517.45,0
2021-06-16 10:06:07,18518.15,0
2021-06-16 10:06:09,18519.6,0
2021-06-16 10:06:15,18518.0,0
2021-06-16 10:06:19,18517.2,0
2021-06-16 10:06:24,18519.15,0
2021-06-16 10:06:32,18518.9,0
2021-06-16 10:06:33,18518.4,0
2021-06-16 10:06:36,18517.75,0
2021-06-16 10:06:39,18517.35,0
2021-06-16 10:06:40,18518.0,0
2021-06-16 10:06:41,18517.85,0
2021-06-16 10:06:42,18516.35,0
2021-06-16 10:06:49,18515.95,0
2021-06-16 10:06:52,18515.95,0
2021-06-16 10:07:01,18518.7,0
2021-06-16 10:07:05,18513.25,0
2021-06-16 10:07:10,18512.6,0
2021-06-16 10:07:12,18511.9,0
2021-06-16 10:07:14,18509.95,0
2021-06-16 10:07:17,18509.5,0
2021-06-16 10:07:21,18515.6,0
2021-06-16 10:07:22,18514.05,0
2021-06-16 10:07:24,18515.8,0
2021-06-16 10:07:25,18515.95,0
2021-06-16 10:07:40,18514.4,0
2021-06-16 10:07:44,18513.65,0
2021-06-16 10:07:45,18516.45,0
2021-06-16 10:07:47,18517.9,0
2021-06-16 10:07:48,18514.95,0
2021-06-16 10:07:50,18513.3,0
2021-06-16 10:07:51,18515.0,0
2021-06-16 10:07:54,18510.9,0
2021-06-16 10:07:59,18513.45,0
2021-06-16 10:08:00,18511.05,0
2021-06-16 10:08:02,18510.8,0
2021-06-16 10:08:17,18513.4,0
2021-06-16 10:08:18,18513.65,0
2021-06-16 10:08:19,18514.6,0
2021-06-16 10:08:24,18514.95,0
2021-06-16 10:08:25,18517.35,0
2021-06-16 10:08:26,18516.15,0
2021-06-16 10:08:31,18518.55,0
2021-06-16 10:08:32,18519.4,0
2021-06-16 10:08:33,18519.6,0
2021-06-16 10:08:36,18519.05,0
2021-06-16 10:08:38,18521.15,0
2021-06-16 10:08:40,18517.1,0
2021-06-16 10:08:43,18520.1,0
2021-06-16 10:08:44,18521.4,0
2021-06-16 10:08:45,18518.85,0
2021-06-16 10:08:46,18516.9,0
2021-06-16 10:09:03,18513.6,0
2021-06-16 10:09:07,18516.0,0
2021-06-16 10:09:09,18514.9,0
2021-06-16 10:09:13,18507.95,0
2021-06-16 10:09:23,18509.7,0
2021-06-16 10:09:26,18510.8,0
2021-06-16 10:09:29,18512.7,0
2021-06-16 10:09:32,18509.6,0
2021-06-16 10:09:39,18516.0,0
2021-06-16 10:09:40,18515.55,0
2021-06-16 10:09:47,18515.55,0
2021-06-16 10:09:49,18515.25,0
2021-06-16 10:09:53,18512.5,0
2021-06-16 10:09:57,18513.65,0
2021-06-16 10:09:59,18510.5,0
2021-06-16 10:10:00,18513.9,0
2021-06-16 10:10:01,18511.55,0
2021-06-16 10:10:07,18507.65,0
2021-06-16 10:10:11,18509.05,0
2021-06-16 10:10:13,18511.65,0
2021-06-16 10:10:14,18511.95,0
2021-06-16 10:10:15,18512.8,0
2021-06-16 10:10:17,18512.3,0
2021-06-16 10:10:19,18509.5,0
2021-06-16 10:10:28,18512.65,0
2021-06-16 10:10:39,18518.3,0
2021-06-16 10:10:43,18515.6,0
2021-06-16 10:10:45,18515.05,0
2021-06-16 10:10:47,18516.15,0
2021-06-16 10:10:48,18516.9,0
2021-06-16 10:10:50,18516.05,0
2021-06-16 10:11:12,18518.9,0
2021-06-16 10:11:16,18518.4,0
2021-06-16 10:11:17,18517.4,0
2021-06-16 10:11:18,18517.1,0
2021-06-16 10:11:19,18518.9,0
2021-06-16 10:11:20,18519.55,0
2021-06-16 10:11:23,18518.85,0
2021-06-16 10:11:24,18519.2,0
2021-06-16 10:11:29,18515.2,0
2021-06-16 10:11:32,18511.85,0
2021-06-16 10:11:33,18513.15,0
2021-06-16 10:11:35,18516.3,0
2021-06-16 10:11:39,18515.0,0
2021-06-16 10:11:47,18510.4,0
2021-06-16 10:11:52,18506.1,0
2021-06-16 10:11:53,18506.7,0
2021-06-16 10:11:54,18506.05,0
2021-06-16 10:11:57,18504.5,0
2021-06-16 10:12:03,18507.35,0
2021-06-16 10:12:05,18505.9,0
2021-06-16 10:12:06,18503.0,0
2021-06-16 10:12:07,18507.05,0
2021-06-16 10:12:08,18506.45,0
2021-06-16 10:12:10,18506.65,0
2021-06-16 10:12:13,18506.95,0
2021-06-16 10:12:17,18510.0,0
2021-06-16 10:12:18,18511.75,0
2021-06-16 10:12:19,18509.55,0
2021-06-16 10:12:22,18509.85,0
2021-06-16 10:12:25,18511.7,0
2021-06-16 10:12:31,18513.05,0
2021-06-16 10:12:36,18512.25,0
2021-06-16 10:12:37,18514.3,0
2021-06-16 10:12:50,18512.15,0
2021-06-16 10:12:52,18513.25,0
2021-06-16 10:12:57,18515.4,0
2021-06-16 10:13:00,18518.65,0
2021-06-16 10:13:02,18517.05,0
2021-06-16 10:13:04,18517.65,0
2021-06-16 10:13:09,18519.15,0
2021-06-16 10:13:12,18516.5,0
2021-06-16 10:13:16,18519.05,0
2021-06-16 10:13:17,18520.5,0
2021-06-16 10:13:19,18522.2,0
2021-06-16 10:13:21,18526.45,0
2021-06-16 10:13:30,18524.8,0
2021-06-16 10:13:34,18528.5,0
2021-06-16 10:13:37,18530.55,0
2021-06-16 10:13:41,18533.95,0
2021-06-16 10:13:49,18533.7,0
2021-06-16 10:13:58,18534.75,0
2021-06-16 10:13:59,18536.05,0
2021-06-16 10:14:02,18534.85,0
2021-06-16 10:14:04,18535.2,0
2021-06-16 10:14:13,18534.8,0
2021-06-16 10:14:17,18531.5,0
2021-06-16 10:14:18,18531.55,0
2021-06-16 10:14:25,18526.2,0
2021-06-16 10:14:26,18526.35,0
2021-06-16 10:14:30,18526.4,0
2021-06-16 10:14:31,18526.35,0
2021-06-16 10:14:34,18526.85,0
2021-06-16 10:14:38,18520.45,0
2021-06-16 10:14:42,18519.45,0
2021-06-16 10:14:44,18523.35,0
2021-06-16 10:14:46,18521.15,0
2021-06-16 10:14:48,18524.65,0
2021-06-16 10:14:49,18524.85,0
2021-06-16 10:14:50,18525.0,0
2021-06-16 10:14:53,18524.8,0
2021-06-16 10:14:54,18525.65,0
2021-06-16 10:14:56,18523.45,0
2021-06-16 10:14:57,18526.0,0
2021-06-16 10:14:58,18523.8,0
2021-06-16 10:15:00,18523.55,0
2021-06-16 10:15:02,18523.5,0
2021-06-16 10:15:08,18527.35,0
2021-06-16 10:15:13,18530.3,0
2021-06-16 10:15:15,18529.1,0
2021-06-16 10:15:21,18529.55,0
2021-06-16 10:15:25,18525.25,0
2021-06-16 10:15:26,18526.5,0
2021-06-16 10:15:27,18525.85,0
2021-06-16 10:15:33,18523.85,0
2021-06-16 10:15:35,18525.65,0
2021-06-16 10:15:39,18526.85,0
2021-06-16 10:15:42,18520.9,0
2021-06-16 10:15:49,18521.25,0
2021-06-16 10:15:53,18527.1,0
2021-06-16 10:15:57,18526.65,0
2021-06-16 10:15:59,18529.8,0
2021-06-16 10:16:01,18529.7,0
2021-06-16 10:16:05,18527.2,0
2021-06-16 10:16:08,18527.9,0
2021-06-16 10:16:12,18524.65,0
2021-06-16 10:16:14,18525.65,0
2021-06-16 10:16:15,18528.55,0
2021-06-16 10:16:16,18527.25,0
2021-06-16 10:16:24,18526.6,0
2021-06-16 10:16:25,18527.65,0
2021-06-16 10:16:26,18528.1,0
2021-06-16 10:16:29,18528.3,0
2021-06-16 10:16:34,18530.25,0
2021-06-16 10:16:35,18530.25,0
2021-06-16 10:16:38,18529.2,0
2021-06-16 10:16:48,18529.2,0
2021-06-16 10:16:50,18528.05,0
2021-06-16 10:16:51,18528.45,0
2021-06-16 10:17:03,18528.15,0
2021-06-16 10:17:04,18528.65,0
2021-06-16 10:17:08,18526.55,0
2021-06-16 10:17:09,18527.4,0
2021-06-16 10:17:11,18530.1,0
2021-06-16 10:17:17,18528.7,0
2021-06-16 10:17:29,18527.7,0
2021-06-16 10:17:30,18527.25,0
2021-06-16 10:17:32,18526.25,0
2021-06-16 10:17:34,18529.15,0
2021-06-16 10:17:38,18529.1,0
2021-06-16 10:17:40,18528.05,0
2021-06-16 10:17:41,18527.75,0
2021-06-16 10:17:44,18529.75,0
2021-06-16 10:17:47,18529.75,0
2021-06-16 10:17:50,18529.65,0
2021-06-16 10:17:55,18529.45,0
2021-06-16 10:18:02,18528.0,0
2021-06-16 10:18:05,18528.55,0
2021-06-16 10:18:06,18531.0,0
2021-06-16 10:18:07,18529.05,0
2021-06-16 10:18:08,18532.7,0
2021-06-16 10:18:10,18531.0,0
2021-06-16 10:18:13,18533.75,0
2021-06-16 10:18:14,18533.45,0
2021-06-16 10:18:15,18533.7,0
2021-06-16 10:18:20,18530.5,0
2021-06-16 10:18:21,18530.25,0
2021-06-16 10:18:29,18536.75,0
2021-06-16 10:18:31,18534.05,0
2021-06-16 10:18:32,18534.6,0
2021-06-16 10:18:36,18539.85,0
2021-06-16 10:18:38,18538.5,0
2021-06-16 10:18:39,18537.95,0
2021-06-16 10:18:40,18539.65,0
2021-06-16 10:18:45,18534.35,0
2021-06-16 10:18:50,18535.0,0
2021-06-16 10:18:51,18535.1,0
2021-06-16 10:18:52,18534.8,0
2021-06-16 10:19:04,18532.0,0
2021-06-16 10:19:07,18530.6,0
2021-06-16 10:19:10,18530.55,0
2021-06-16 10:19:19,18530.7,0
2021-06-16 10:19:21,18531.05,0
2021-06-16 10:19:28,18532.5,0
2021-06-16 10:19:30,18534.25,0
2021-06-16 10:19:33,18532.25,0
2021-06-16 10:19:34,18534.2,0
2021-06-16 10:19:35,18531.15,0
2021-06-16 10:19:36,18531.95,0
2021-06-16 10:19:37,18530.1,0
2021-06-16 10:19:38,18532.3,0
2021-06-16 10:19:40,18529.0,0
2021-06-16 10:19:41,18530.9,0
2021-06-16 10:19:42,18531.55,0
2021-06-16 10:19:44,18530.0,0
2021-06-16 10:19:46,18531.6,0
2021-06-16 10:19:54,18533.85,0
2021-06-16 10:19:59,18529.55,0
2021-06-16 10:20:01,18529.95,0
2021-06-16 10:20:09,18525.65,0
2021-06-16 10:20:11,18525.2,0
2021-06-16 10:20:17,18526.7,0
2021-06-16 10:20:28,18524.3,0
2021-06-16 10:20:32,18522.6,0
2021-06-16 10:20:44,18528.45,0
2021-06-16 10:20:47,18528.65,0
2021-06-16 10:20:49,18529.5,0
2021-06-16 10:20:54,18527.45,0
2021-06-16 10:21:11,18525.6,0
2021-06-16 10:21:14,18529.25,0
2021-06-16 10:21:17,18514.7,0
2021-06-16 10:21:18,18517.75,0
2021-06-16 10:21:20,18519.5,0
2021-06-16 10:21:32,18512.45,0
2021-06-16 10:21:33,18513.1,0
2021-06-16 10:21:34,18517.45,0
2021-06-16 10:21:37,18512.25,0
2021-06-16 10:21:38,18511.55,0
2021-06-16 10:21:39,18515.2,0
2021-06-16 10:21:41,18511.55,0
2021-06-16 10:21:43,18514.9,0
2021-06-16 10:21:45,18515.2,0
2021-06-16 10:21:49,18514.55,0
2021-06-16 10:21:58,18510.2,0
2021-06-16 10:22:00,18512.7,0
2021-06-16 10:22:11,18511.6,0
2021-06-16 10:22:16,18510.2,0
2021-06-16 10:22:23,18510.9,0
2021-06-16 10:22:26,18511.1,0
2021-06-16 10:22:27,18512.2,0
2021-06-16 10:22:28,18510.15,0
2021-06-16 10:22:32,18511.45,0
2021-06-16 10:22:34,18512.25,0
2021-06-16 10:22:35,18510.35,0
2021-06-16 10:22:36,18509.95,0
2021-06-16 10:22:38,18509.25,0
2021-06-16 10:22:42,18513.1,0
2021-06-16 10:22:46,18512.6,0
2021-06-16 10:22:49,18509.15,0
2021-06-16 10:37:33,18500.05,0
2021-06-16 10:37:37,18508.0,0
2021-06-16 10:37:41,18506.55,0
2021-06-16 10:37:42,18508.05,0
2021-06-16 10:37:45,18509.05,0
2021-06-16 10:37:47,18505.45,0
2021-06-16 10:37:49,18506.05,0
2021-06-16 10:37:50,18505.75,0
2021-06-16 10:37:52,18505.3,0
2021-06-16 10:37:53,18504.1,0
2021-06-16 10:38:00,18506.7,0
2021-06-16 10:38:02,18505.45,0
2021-06-16 10:38:03,18507.3,0
2021-06-16 10:38:05,18507.8,0
2021-06-16 10:38:06,18510.35,0
2021-06-16 10:38:08,18506.25,0
2021-06-16 10:38:09,18505.5,0
2021-06-16 10:38:10,18508.15,0
2021-06-16 10:38:15,18509.75,0
2021-06-16 10:38:20,18506.65,0
2021-06-16 10:38:21,18507.3,0
2021-06-16 10:38:25,18509.05,0
2021-06-16 10:38:27,18507.4,0
2021-06-16 10:38:31,18509.25,0
2021-06-16 10:38:32,18507.9,0
2021-06-16 10:38:33,18507.25,0
2021-06-16 10:38:34,18506.7,0
2021-06-16 10:38:38,18507.25,0
2021-06-16 10:38:46,18506.7,0
2021-06-16 10:38:49,18506.2,0
2021-06-16 10:38:52,18507.5,0
2021-06-16 10:38:54,18507.65,0
2021-06-16 10:38:56,18504.9,0
2021-06-16 10:38:57,18508.6,0
2021-06-16 10:38:58,18506.85,0
2021-06-16 10:38:59,18505.5,0
2021-06-16 10:39:00,18507.8,0
2021-06-16 10:39:01,18506.15,0
2021-06-16 10:39:02,18503.9,0
2021-06-16 10:39:04,18507.95,0
2021-06-16 10:39:07,18506.8,0
2021-06-16 10:39:13,18506.35,0
2021-06-16 10:39:17,18506.2,0
2021-06-16 10:39:18,18508.65,0
2021-06-16 10:39:22,18505.4,0
2021-06-16 10:39:23,18504.75,0
2021-06-16 10:39:26,18508.0,0
2021-06-16 10:39:28,18507.65,0
2021-06-16 10:39:34,18508.1,0
2021-06-16 10:39:36,18508.4,0
2021-06-16 10:39:45,18508.45,0
2021-06-16 10:39:47,18507.75,0
2021-06-16 10:39:48,18507.25,0
2021-06-16 10:39:50,18508.6,0
2021-06-16 10:39:51,18508.6,0
2021-06-16 10:39:58,18501.85,0
2021-06-16 10:39:59,18501.45,0
2021-06-16 10:40:07,18505.15,0
2021-06-16 10:40:08,18504.75,0
2021-06-16 10:40:11,18504.35,0
2021-06-16 10:40:13,18502.8,0
2021-06-16 10:40:14,18498.95,0
2021-06-16 10:40:15,18499.95,0
2021-06-16 10:40:16,18498.2,0
2021-06-16 10:40:22,18498.9,0
2021-06-16 10:40:24,18500.15,0
2021-06-16 10:40:26,18497.7,0
2021-06-16 10:40:29,18496.75,0
2021-06-16 10:40:32,18495.65,0
2021-06-16 10:40:39,18495.95,0
2021-06-16 10:40:40,18494.8,0
2021-06-16 10:40:41,18497.4,0
2021-06-16 10:40:43,18495.9,0
2021-06-16 10:40:46,18496.65,0
2021-06-16 10:40:48,18498.75,0
2021-06-16 10:40:49,18498.6,0
2021-06-16 10:40:52,18498.55,0
2021-06-16 10:40:56,18496.8,0
2021-06-16 10:40:57,18497.1,0
2021-06-16 10:40:59,18500.0,0
2021-06-16 10:41:00,18500.3,0
2021-06-16 10:41:05,18499.65,0
2021-06-16 10:41:07,18499.6,0
2021-06-16 10:41:08,18502.1,0
2021-06-16 10:41:10,18499.05,0
2021-06-16 10:41:20,18511.4,0
2021-06-16 10:41:29,18510.15,0
2021-06-16 10:41:30,18513.15,0
2021-06-16 10:41:35,18512.2,0
2021-06-16 10:41:38,18512.15,0
2021-06-16 10:41:44,18509.05,0
2021-06-16 10:41:45,18509.5,0
2021-06-16 10:41:46,18508.95,0
2021-06-16 10:41:50,18510.0,0
2021-06-16 10:41:53,18507.55,0
2021-06-16 10:41:58,18508.55,0
2021-06-16 10:41:59,18509.05,0
2021-06-16 10:42:01,18510.65,0
2021-06-16 10:42:02,18505.8,0
2021-06-16 10:42:03,18508.45,0
2021-06-16 10:42:05,18509.9,0
2021-06-16 10:42:07,18509.2,0
2021-06-16 10:42:11,18509.7,0
2021-06-16 10:42:14,18510.3,0
2021-06-16 10:42:17,18511.45,0
2021-06-16 10:42:24,18508.0,0
2021-06-16 10:42:25,18507.25,0
2021-06-16 10:42:26,18507.55,0
2021-06-16 10:42:28,18506.9,0
2021-06-16 10:42:34,18509.5,0
2021-06-16 10:42:42,18509.45,0
2021-06-16 10:42:44,18510.45,0
2021-06-16 10:42:51,18511.2,0
2021-06-16 10:42:57,18508.15,0
2021-06-16 10:42:58,18508.6,0
2021-06-16 10:42:59,18509.2,0
2021-06-16 10:43:00,18510.35,0
2021-06-16 10:43:03,18510.95,0
2021-06-16 10:43:05,18510.7,0
2021-06-16 10:43:07,18509.2,0
2021-06-16 10:43:16,18507.95,0
2021-06-16 10:43:19,18511.8,0
2021-06-16 10:43:20,18508.9,0
2021-06-16 10:43:23,18511.15,0
2021-06-16 10:43:24,18508.95,0
2021-06-16 10:43:28,18508.45,0
2021-06-16 10:43:31,18508.15,0
2021-06-16 10:43:35,18509.75,0
2021-06-16 10:43:36,18511.6,0
2021-06-16 10:43:37,18509.85,0
2021-06-16 10:43:38,18510.75,0
2021-06-16 10:43:39,18509.95,0
2021-06-16 10:43:40,18509.55,0
2021-06-16 10:43:41,18512.7,0
2021-06-16 10:43:48,18512.75,0
2021-06-16 10:43:50,18513.55,0
2021-06-16 10:43:53,18512.0,0
2021-06-16 10:43:55,18514.5,0
2021-06-16 10:43:56,18512.75,0
2021-06-16 10:43:58,18514.05,0
2021-06-16 10:43:59,18514.7,0
2021-06-16 10:44:01,18516.65,0
2021-06-16 10:44:02,18516.0,0
2021-06-16 10:44:03,18516.5,0
2021-06-16 10:44:06,18516.8,0
2021-06-16 10:44:11,18515.35,0
2021-06-16 10:44:12,18515.65,0
2021-06-16 10:44:13,18516.2,0
2021-06-16 10:44:16,18518.2,0
2021-06-16 10:44:21,18516.1,0
2021-06-16 10:44:22,18516.15,0
2021-06-16 10:44:41,18515.2,0
2021-06-16 10:44:42,18514.7,0
2021-06-16 10:44:47,18514.25,0
2021-06-16 10:44:48,18513.75,0
2021-06-16 10:44:51,18512.15,0
2021-06-16 10:44:54,18512.75,0
2021-06-16 10:44:55,18511.6,0
2021-06-16 10:44:57,18511.15,0
2021-06-16 10:45:00,18513.55,0
2021-06-16 10:45:01,18511.6,0
2021-06-16 10:45:03,18512.65,0
2021-06-16 10:45:04,18514.9,0
2021-06-16 10:45:06,18511.05,0
2021-06-16 10:45:12,18507.95,0
2021-06-16 10:45:15,18510.15,0
2021-06-16 10:45:17,18509.2,0
2021-06-16 10:45:20,18512.7,0
2021-06-16 10:45:22,18509.55,0
2021-06-16 10:45:23,18511.5,0
2021-06-16 10:45:24,18512.2,0
2021-06-16 10:45:29,18508.55,0
2021-06-16 11:03:09,18474.5,0
2021-06-16 11:03:11,18477.95,0
2021-06-16 11:03:17,18479.05,0
2021-06-16 11:03:21,18477.6,0
2021-06-16 11:03:28,18478.05,0
2021-06-16 11:03:33,18480.15,0
2021-06-16 11:03:34,18481.05,0
2021-06-16 11:03:35,18478.65,0
2021-06-16 11:03:38,18478.7,0
2021-06-16 11:03:39,18481.8,0
2021-06-16 11:03:40,18481.65,0
2021-06-16 11:03:42,18480.95,0
2021-06-16 11:03:43,18481.35,0
2021-06-16 11:03:45,18483.5,0
2021-06-16 11:03:47,18481.65,0
2021-06-16 11:03:52,18477.15,0
2021-06-16 11:03:54,18478.1,0
2021-06-16 11:03:55,18477.2,0
2021-06-16 11:03:57,18477.45,0
2021-06-16 11:03:58,18482.1,0
2021-06-16 11:04:02,18479.35,0
2021-06-16 11:04:06,18478.6,0
2021-06-16 11:04:09,18478.5,0
2021-06-16 11:04:10,18477.85,0
2021-06-16 11:04:11,18479.4,0
2021-06-16 11:04:12,18480.95,0
2021-06-16 11:04:13,18480.45,0
2021-06-16 11:04:19,18483.25,0
2021-06-16 11:04:23,18484.1,0
2021-06-16 11:04:24,18486.7,0
2021-06-16 11:04:29,18486.35,0
2021-06-16 11:04:34,18485.8,0
2021-06-16 11:04:35,18485.4,0
2021-06-16 11:04:39,18485.3,0
2021-06-16 11:04:43,18485.8,0
2021-06-16 11:04:46,18485.9,0
2021-06-16 11:04:47,18486.55,0
2021-06-16 11:04:49,18487.4,0
2021-06-16 11:04:51,18487.15,0
2021-06-16 11:04:53,18485.4,0
2021-06-16 11:04:54,18485.55,0
2021-06-16 11:04:55,18485.85,0
2021-06-16 11:04:57,18486.3,0
2021-06-16 11:05:00,18484.7,0
2021-06-16 11:05:04,18487.95,0
2021-06-16 11:05:05,18486.2,0
2021-06-16 11:05:08,18486.6,0
2021-06-16 11:05:10,18486.1,0
2021-06-16 11:05:15,18489.3,0
2021-06-16 11:05:16,18488.8,0
2021-06-16 11:05:20,18486.0,0
2021-06-16 11:05:24,18488.6,0
2021-06-16 11:05:25,18491.6,0
2021-06-16 11:05:29,18492.8,0
2021-06-16 11:05:33,18491.9,0
2021-06-16 11:05:37,18498.35,0
2021-06-16 11:05:39,18496.35,0
2021-06-16 11:05:40,18495.8,0
2021-06-16 11:05:41,18498.6,0
2021-06-16 11:05:44,18500.05,0
2021-06-16 11:05:47,18497.75,0
2021-06-16 11:05:50,18498.5,0
2021-06-16 11:05:53,18494.7,0
2021-06-16 11:05:55,18497.75,0
2021-06-16 11:05:57,18497.65,0
2021-06-16 11:06:01,18496.55,0
2021-06-16 11:06:03,18496.65,0
2021-06-16 11:06:06,18495.05,0
2021-06-16 11:06:09,18496.6,0
2021-06-16 11:06:15,18498.25,0
2021-06-16 11:06:18,18495.7,0
2021-06-16 11:06:19,18496.45,0
2021-06-16 11:06:26,18493.25,0
2021-06-16 11:06:27,18490.75,0
2021-06-16 11:06:28,18491.65,0
2021-06-16 11:06:36,18490.3,0
2021-06-16 11:06:38,18491.05,0
2021-06-16 11:06:40,18489.75,0
2021-06-16 11:06:42,18491.3,0
2021-06-16 11:06:44,18494.2,0
2021-06-16 11:06:45,18495.45,0
2021-06-16 11:06:46,18496.95,0
2021-06-16 11:06:51,18496.35,0
2021-06-16 11:07:05,18491.15,0
2021-06-16 11:07:12,18489.4,0
2021-06-16 11:07:16,18493.9,0
2021-06-16 11:07:21,18493.05,0
2021-06-16 11:07:25,18490.25,0
2021-06-16 11:07:28,18490.05,0
2021-06-16 11:07:29,18487.25,0
2021-06-16 11:07:37,18488.75,0
2021-06-16 11:07:39,18486.85,0
2021-06-16 11:07:41,18487.15,0
2021-06-16 11:07:44,18485.05,0
2021-06-16 11:07:46,18483.75,0
2021-06-16 11:07:47,18481.35,0
2021-06-16 11:07:49,18480.85,0
2021-06-16 11:07:52,18478.85,0
2021-06-16 11:07:54,18480.8,0
2021-06-16 11:07:57,18483.25,0
2021-06-16 11:07:59,18486.25,0
2021-06-16 11:08:11,18483.0,0
2021-06-16 11:20:20,18467.2,0
2021-06-16 11:20:24,18468.05,0
2021-06-16 11:38:55,18470.25,0
2021-06-16 11:38:55,18470.25,0
2021-06-16 11:39:01,18471.4,0
2021-06-16 11:39:02,18470.1,0
2021-06-16 11:39:10,18470.1,0
2021-06-16 11:39:14,18470.15,0
2021-06-16 11:39:18,18471.4,0
2021-06-16 11:39:20,18472.95,0
2021-06-16 11:39:21,18473.45,0
2021-06-16 11:39:22,18470.6,0
2021-06-16 11:39:24,18470.4,0
2021-06-16 11:39:26,18470.45,0
2021-06-16 11:39:27,18469.5,0
2021-06-16 11:39:28,18469.15,0
2021-06-16 11:39:30,18469.85,0
2021-06-16 11:39:34,18471.65,0
2021-06-16 11:39:37,18471.6,0
2021-06-16 11:39:38,18470.8,0
2021-06-16 11:39:43,18468.6,0
2021-06-16 11:39:44,18468.7,0
2021-06-16 11:39:46,18469.1,0
2021-06-16 11:39:48,18468.45,0
2021-06-16 11:39:52,18467.8,0
2021-06-16 11:39:55,18466.05,0
2021-06-16 11:39:59,18467.1,0
2021-06-16 11:40:00,18467.85,0
2021-06-16 11:40:02,18464.8,0
2021-06-16 11:40:04,18465.75,0
2021-06-16 11:40:05,18467.45,0
2021-06-16 11:40:08,18465.25,0
2021-06-16 11:40:11,18466.35,0
2021-06-16 11:40:13,18465.3,0
2021-06-16 11:40:18,18466.55,0
2021-06-16 11:40:20,18463.75,0
2021-06-16 11:40:21,18463.95,0
2021-06-16 11:40:23,18465.6,0
2021-06-16 11:40:28,18463.45,0
2021-06-16 11:40:29,18463.95,0
2021-06-16 11:40:31,18466.2,0
2021-06-16 11:40:32,18464.55,0
2021-06-16 11:40:38,18464.0,0
2021-06-16 11:40:40,18465.75,0
2021-06-16 11:40:41,18463.7,0
2021-06-16 11:40:44,18466.45,0
2021-06-16 11:40:46,18463.4,0
2021-06-16 11:40:47,18465.1,0
2021-06-16 11:40:50,18463.9,0
2021-06-16 11:40:52,18464.35,0
2021-06-16 11:40:53,18464.9,0
2021-06-16 11:40:54,18465.3,0
2021-06-16 11:40:56,18463.65,0
2021-06-16 11:40:57,18466.9,0
2021-06-16 11:40:59,18465.7,0
2021-06-16 11:41:02,18464.2,0
2021-06-16 11:41:08,18463.25,0
2021-06-16 11:41:10,18464.15,0
2021-06-16 11:41:11,18464.65,0
2021-06-16 11:41:13,18464.55,0
2021-06-16 11:41:15,18465.5,0
2021-06-16 11:41:16,18464.15,0
2021-06-16 11:41:18,18463.6,0
2021-06-16 11:41:21,18463.5,0
2021-06-16 11:41:25,18462.7,0
2021-06-16 11:41:27,18462.4,0
2021-06-16 11:41:30,18463.5,0
2021-06-16 11:41:33,18461.85,0
2021-06-16 11:41:34,18461.3,0
2021-06-16 11:41:38,18461.25,0
2021-06-16 11:41:39,18462.45,0
2021-06-16 11:41:40,18460.9,0
2021-06-16 11:41:42,18458.05,0
2021-06-16 11:41:47,18458.7,0
2021-06-16 11:41:50,18459.65,0
2021-06-16 11:41:52,18458.85,0
2021-06-16 11:41:55,18460.3,0
2021-06-16 11:41:56,18461.1,0
2021-06-16 11:41:57,18461.85,0
2021-06-16 11:41:58,18460.8,0
2021-06-16 11:42:00,18462.05,0
2021-06-16 11:42:03,18460.2,0
2021-06-16 11:42:04,18460.95,0
2021-06-16 11:42:05,18460.2,0
2021-06-16 11:42:06,18463.2,0
2021-06-16 11:42:09,18460.7,0
2021-06-16 11:42:10,18461.7,0
2021-06-16 11:42:11,18461.7,0
2021-06-16 11:42:12,18460.8,0
2021-06-16 11:42:13,18460.5,0
2021-06-16 11:42:14,18461.8,0
2021-06-16 11:42:15,18462.15,0
2021-06-16 11:42:20,18459.8,0
2021-06-16 11:42:22,18459.15,0
2021-06-16 11:42:24,18460.35,0
2021-06-16 11:42:40,18452.95,0
2021-06-16 11:42:42,18454.6,0
2021-06-16 11:42:48,18453.65,0
2021-06-16 11:42:49,18453.25,0
2021-06-16 11:42:50,18451.95,0
2021-06-16 11:42:52,18452.95,0
2021-06-16 11:42:57,18450.95,0
2021-06-16 11:42:58,18451.2,0
2021-06-16 11:42:59,18451.25,0
2021-06-16 11:43:00,18452.25,0
2021-06-16 11:43:03,18450.95,0
2021-06-16 11:43:05,18450.8,0
2021-06-16 11:43:06,18450.1,0
2021-06-16 11:43:08,18450.3,0
2021-06-16 11:43:09,18450.15,0
2021-06-16 11:43:14,18452.9,0
2021-06-16 11:43:15,18452.25,0
2021-06-16 11:43:17,18451.6,0
2021-06-16 11:43:18,18452.7,0
2021-06-16 11:43:21,18451.35,0
2021-06-16 11:43:22,18450.85,0
2021-06-16 11:43:23,18449.85,0
2021-06-16 11:43:26,18450.7,0
2021-06-16 11:43:28,18449.4,0
2021-06-16 11:43:36,18450.65,0
2021-06-16 11:43:38,18451.25,0
2021-06-16 11:43:39,18452.5,0
2021-06-16 11:43:41,18453.75,0
2021-06-16 11:43:48,18451.65,0
2021-06-16 11:43:50,18453.5,0
2021-06-16 11:43:52,18450.4,0
2021-06-16 11:43:53,18452.9,0
2021-06-16 11:43:54,18453.1,0
2021-06-16 11:43:56,18452.3,0
2021-06-16 11:44:04,18453.85,0
2021-06-16 11:44:16,18452.7,0
2021-06-16 11:44:17,18452.55,0
2021-06-16 11:44:26,18451.15,0
2021-06-16 11:44:30,18451.55,0
2021-06-16 11:44:31,18452.9,0
2021-06-16 11:44:32,18453.9,0
2021-06-16 11:44:36,18452.8,0
2021-06-16 11:44:44,18452.55,0
2021-06-16 11:44:45,18452.25,0
2021-06-16 11:44:47,18453.25,0
2021-06-16 11:44:48,18454.45,0
2021-06-16 11:44:49,18454.3,0
2021-06-16 11:44:51,18453.3,0
2021-06-16 11:44:53,18452.75,0
2021-06-16 11:44:55,18453.25,0
2021-06-16 11:44:57,18452.65,0
2021-06-16 11:45:02,18451.7,0
2021-06-16 11:45:05,18455.4,0
2021-06-16 11:45:11,18449.9,0
2021-06-16 11:45:14,18452.3,0
2021-06-16 11:45:22,18449.85,0
2021-06-16 11:45:23,18451.6,0
2021-06-16 11:45:26,18450.7,0
2021-06-16 11:45:29,18454.5,0
2021-06-16 11:45:36,18456.35,0
2021-06-16 11:45:37,18454.0,0
2021-06-16 11:45:38,18453.8,0
2021-06-16 11:45:40,18455.3,0
2021-06-16 11:45:41,18457.3,0
2021-06-16 11:45:47,18456.75,0
2021-06-16 11:45:48,18457.0,0
2021-06-16 11:45:49,18459.15,0
2021-06-16 11:45:50,18459.6,0
2021-06-16 11:45:53,18459.45,0
2021-06-16 11:45:54,18460.2,0
2021-06-16 11:45:56,18456.25,0
2021-06-16 11:45:59,18456.95,0
2021-06-16 11:46:01,18456.95,0
2021-06-16 11:46:06,18459.3,0
2021-06-16 11:46:07,18456.25,0
2021-06-16 11:46:10,18457.95,0
2021-06-16 11:46:12,18455.25,0
2021-06-16 11:46:14,18457.65,0
2021-06-16 11:46:15,18460.1,0
2021-06-16 11:46:16,18456.35,0
2021-06-16 11:46:22,18455.05,0
2021-06-16 11:46:24,18453.95,0
2021-06-16 11:46:25,18452.85,0
2021-06-16 11:46:27,18452.1,0
2021-06-16 11:46:29,18453.25,0
2021-06-16 11:46:34,18456.95,0
2021-06-16 11:46:36,18453.3,0
2021-06-16 11:46:38,18455.05,0
2021-06-16 11:46:42,18451.75,0
2021-06-16 11:46:43,18452.3,0
2021-06-16 11:46:56,18451.4,0
2021-06-16 11:46:58,18449.3,0
2021-06-16 11:47:03,18449.0,0
2021-06-16 11:47:15,18452.7,0
2021-06-16 11:47:16,18453.25,0
2021-06-16 11:47:17,18452.9,0
2021-06-16 11:47:22,18451.6,0
2021-06-16 11:47:26,18451.15,0
2021-06-16 11:47:30,18454.9,0
2021-06-16 11:47:31,18453.0,0
2021-06-16 11:47:39,18453.25,0
2021-06-16 11:47:41,18454.4,0
2021-06-16 11:47:42,18456.0,0
2021-06-16 11:47:44,18461.25,0
2021-06-16 11:47:47,18458.05,0
2021-06-16 11:47:48,18460.1,0
2021-06-16 11:47:49,18461.05,0
2021-06-16 11:47:53,18456.8,0
2021-06-16 11:47:54,18457.0,0
2021-06-16 11:47:58,18459.85,0
2021-06-16 11:48:00,18461.45,0
2021-06-16 11:48:03,18457.75,0
2021-06-16 11:48:05,18458.9,0
2021-06-16 11:48:06,18457.5,0
2021-06-16 11:48:09,18458.65,0
2021-06-16 11:48:10,18459.65,0
2021-06-16 11:48:12,18460.75,0
2021-06-16 11:48:13,18457.5,0
2021-06-16 11:48:15,18460.45,0
2021-06-16 11:48:16,18459.6,0
2021-06-16 11:48:17,18459.6,0
2021-06-16 11:48:18,18459.55,0
2021-06-16 11:48:20,18460.0,0
2021-06-16 11:48:23,18458.95,0
2021-06-16 11:48:24,18459.35,0
2021-06-16 11:48:25,18457.45,0
2021-06-16 11:48:29,18459.55,0
2021-06-16 11:48:35,18461.25,0
2021-06-16 11:48:36,18463.25,0
2021-06-16 11:48:38,18460.45,0
2021-06-16 11:48:41,18460.3,0
2021-06-16 11:48:47,18463.45,0
2021-06-16 11:48:49,18461.1,0
2021-06-16 11:48:50,18461.0,0
2021-06-16 11:48:52,18461.7,0
2021-06-16 11:48:53,18460.75,0
2021-06-16 11:48:55,18458.7,0
2021-06-16 11:48:59,18463.05,0
2021-06-16 11:49:01,18460.2,0
2021-06-16 11:49:03,18460.45,0
2021-06-16 11:49:08,18460.65,0
2021-06-16 11:49:09,18463.1,0
2021-06-16 11:49:12,18457.7,0
2021-06-16 11:49:14,18460.85,0
2021-06-16 11:49:20,18461.0,0
2021-06-16 11:49:22,18461.7,0
2021-06-16 11:49:24,18462.4,0
2021-06-16 11:49:25,18461.7,0
2021-06-16 11:49:28,18460.3,0
2021-06-16 11:49:34,18460.5,0
2021-06-16 11:49:42,18459.9,0
2021-06-16 11:49:44,18460.75,0
2021-06-16 11:49:45,18460.65,0
2021-06-16 11:49:47,18461.7,0
2021-06-16 11:49:49,18461.15,0
2021-06-16 11:49:53,18462.7,0
2021-06-16 11:49:53,18462.7,0
2021-06-16 11:49:57,18462.15,0
2021-06-16 11:49:58,18459.75,0
2021-06-16 11:50:00,18458.8,0
2021-06-16 11:49:57,18462.15,0
2021-06-16 11:49:58,18459.75,0
2021-06-16 11:50:02,18457.7,0
2021-06-16 11:50:00,18458.8,0
2021-06-16 11:50:02,18457.7,0
2021-06-16 11:50:05,18458.7,0
2021-06-16 11:50:05,18458.7,0
2021-06-16 11:50:08,18459.2,0
2021-06-16 11:50:08,18459.2,0
2021-06-16 11:50:16,18458.4,0
2021-06-16 11:50:16,18458.4,0
2021-06-16 11:50:19,18458.25,0
2021-06-16 11:50:19,18458.25,0
2021-06-16 11:50:20,18460.85,0
2021-06-16 11:50:20,18460.85,0
2021-06-16 11:50:21,18459.6,0
2021-06-16 11:50:21,18459.6,0
2021-06-16 11:50:22,18457.1,0
2021-06-16 11:50:23,18457.45,0
2021-06-16 11:50:22,18457.1,0
2021-06-16 11:50:23,18457.45,0
2021-06-16 11:50:26,18463.75,0
2021-06-16 11:50:27,18461.05,0
2021-06-16 11:50:26,18463.75,0
2021-06-16 11:50:28,18459.55,0
2021-06-16 11:50:27,18461.05,0
2021-06-16 11:50:28,18459.55,0
2021-06-16 11:50:29,18459.9,0
2021-06-16 11:50:29,18459.9,0
2021-06-16 11:50:30,18461.75,0
2021-06-16 11:50:30,18461.75,0
2021-06-16 11:50:31,18461.25,0
2021-06-16 11:50:31,18461.25,0
2021-06-16 11:50:34,18461.7,0
2021-06-16 11:50:36,18460.35,0
2021-06-16 11:50:38,18459.15,0
2021-06-16 11:50:34,18461.7,0
2021-06-16 11:50:36,18460.35,0
2021-06-16 11:50:38,18459.15,0
2021-06-16 11:50:43,18460.05,0
2021-06-16 11:50:44,18460.5,0
2021-06-16 11:50:43,18460.05,0
2021-06-16 11:50:47,18461.25,0
2021-06-16 11:50:44,18460.5,0
2021-06-16 11:50:47,18461.25,0
2021-06-16 11:50:54,18460.5,0
2021-06-16 11:50:55,18461.25,0
2021-06-16 11:50:56,18460.85,0
2021-06-16 11:50:58,18460.55,0
2021-06-16 11:50:59,18461.0,0
2021-06-16 11:50:54,18460.5,0
2021-06-16 11:50:55,18461.25,0
2021-06-16 11:50:56,18460.85,0
2021-06-16 11:50:58,18460.55,0
2021-06-16 11:50:59,18461.0,0
2021-06-16 11:51:06,18462.7,0
2021-06-16 11:51:09,18463.25,0
2021-06-16 11:51:06,18462.7,0
2021-06-16 11:51:11,18464.8,0
2021-06-16 11:51:15,18464.25,0
2021-06-16 11:51:16,18465.6,0
2021-06-16 11:51:09,18463.25,0
2021-06-16 11:51:17,18463.45,0
2021-06-16 11:51:11,18464.8,0
2021-06-16 11:51:15,18464.25,0
2021-06-16 11:51:20,18464.65,0
2021-06-16 11:51:16,18465.6,0
2021-06-16 11:51:17,18463.45,0
2021-06-16 11:51:20,18464.65,0
2021-06-16 11:51:22,18462.2,0
2021-06-16 11:51:22,18462.2,0
2021-06-16 11:51:24,18463.35,0
2021-06-16 11:51:24,18463.35,0
2021-06-16 11:51:25,18464.55,0
2021-06-16 11:51:25,18464.55,0
2021-06-16 11:51:26,18463.0,0
2021-06-16 11:51:26,18463.0,0
2021-06-16 11:51:36,18461.4,0
2021-06-16 11:51:36,18461.4,0
2021-06-16 11:51:38,18460.5,0
2021-06-16 11:51:38,18460.5,0
2021-06-16 11:51:49,18463.65,0
2021-06-16 11:51:49,18463.65,0
2021-06-16 11:51:52,18463.1,0
2021-06-16 11:51:53,18462.9,0
2021-06-16 11:51:52,18463.1,0
2021-06-16 11:51:53,18462.9,0
2021-06-16 11:51:55,18462.55,0
2021-06-16 11:51:57,18462.75,0
2021-06-16 11:51:55,18462.55,0
2021-06-16 11:51:59,18464.75,0
2021-06-16 11:51:57,18462.75,0
2021-06-16 11:51:59,18464.75,0
2021-06-16 11:52:01,18466.8,0
2021-06-16 11:52:02,18465.7,0
2021-06-16 11:52:01,18466.8,0
2021-06-16 11:52:02,18465.7,0
2021-06-16 11:52:05,18467.5,0
2021-06-16 11:52:05,18467.5,0
2021-06-16 11:52:08,18466.8,0
2021-06-16 11:52:08,18466.8,0
2021-06-16 11:52:13,18465.6,0
2021-06-16 11:52:13,18465.6,0
2021-06-16 11:52:15,18468.5,0
2021-06-16 11:52:15,18468.5,0
2021-06-16 11:52:17,18470.0,0
2021-06-16 11:52:17,18470.0,0
2021-06-16 11:52:20,18466.65,0
2021-06-16 11:52:20,18466.65,0
2021-06-16 11:52:24,18467.8,0
2021-06-16 11:52:26,18466.55,0
2021-06-16 11:52:24,18467.8,0
2021-06-16 11:52:30,18466.25,0
2021-06-16 11:52:31,18466.3,0
2021-06-16 11:52:26,18466.55,0
2021-06-16 11:52:35,18468.3,0
2021-06-16 11:52:30,18466.25,0
2021-06-16 11:52:31,18466.3,0
2021-06-16 11:52:39,18469.5,0
2021-06-16 11:52:35,18468.3,0
2021-06-16 11:52:39,18469.5,0
2021-06-16 11:52:45,18468.1,0
2021-06-16 11:52:48,18467.8,0
2021-06-16 11:52:50,18469.3,0
2021-06-16 11:52:52,18470.05,0
2021-06-16 11:52:54,18472.2,0
2021-06-16 11:52:45,18468.1,0
2021-06-16 11:52:48,18467.8,0
2021-06-16 11:52:50,18469.3,0
2021-06-16 11:52:58,18473.75,0
2021-06-16 11:52:52,18470.05,0
2021-06-16 11:53:00,18470.75,0
2021-06-16 11:53:01,18471.05,0
2021-06-16 11:52:54,18472.2,0
2021-06-16 11:53:02,18468.5,0
2021-06-16 11:52:58,18473.75,0
2021-06-16 11:53:00,18470.75,0
2021-06-16 11:53:07,18469.9,0
2021-06-16 11:53:01,18471.05,0
2021-06-16 11:53:02,18468.5,0
2021-06-16 11:53:07,18469.9,0
2021-06-16 11:53:23,18471.7,0
2021-06-16 11:53:23,18471.7,0
2021-06-16 11:53:33,18468.65,0
2021-06-16 11:53:34,18470.05,0
2021-06-16 11:53:36,18471.05,0
2021-06-16 11:53:39,18467.8,0
2021-06-16 11:53:40,18468.45,0
2021-06-16 11:53:42,18469.85,0
2021-06-16 11:53:33,18468.65,0
2021-06-16 11:53:34,18470.05,0
2021-06-16 11:53:43,18467.65,0
2021-06-16 11:53:36,18471.05,0
2021-06-16 11:53:44,18471.95,0
2021-06-16 11:53:39,18467.8,0
2021-06-16 11:53:40,18468.45,0
2021-06-16 11:53:48,18471.3,0
2021-06-16 11:53:42,18469.85,0
2021-06-16 11:53:43,18467.65,0
2021-06-16 11:53:50,18471.25,0
2021-06-16 11:53:44,18471.95,0
2021-06-16 11:53:48,18471.3,0
2021-06-16 11:53:57,18470.7,0
2021-06-16 11:53:50,18471.25,0
2021-06-16 11:53:59,18469.7,0
2021-06-16 11:54:03,18468.0,0
2021-06-16 11:53:57,18470.7,0
2021-06-16 11:54:05,18469.15,0
2021-06-16 11:53:59,18469.7,0
2021-06-16 11:54:08,18470.95,0
2021-06-16 11:54:09,18467.6,0
2021-06-16 11:54:11,18467.65,0
2021-06-16 11:54:03,18468.0,0
2021-06-16 11:54:13,18468.95,0
2021-06-16 11:54:05,18469.15,0
2021-06-16 11:54:15,18469.25,0
2021-06-16 11:54:08,18470.95,0
2021-06-16 11:54:16,18467.25,0
2021-06-16 11:54:09,18467.6,0
2021-06-16 11:54:18,18468.45,0
2021-06-16 11:54:11,18467.65,0
2021-06-16 11:54:20,18468.35,0
2021-06-16 11:54:13,18468.95,0
2021-06-16 11:54:22,18468.35,0
2021-06-16 11:54:15,18469.25,0
2021-06-16 11:54:24,18468.0,0
2021-06-16 11:54:16,18467.25,0
2021-06-16 11:54:25,18469.85,0
2021-06-16 11:54:28,18469.35,0
2021-06-16 11:54:18,18468.45,0
2021-06-16 11:54:29,18466.35,0
2021-06-16 11:54:30,18468.35,0
2021-06-16 11:54:20,18468.35,0
2021-06-16 11:54:22,18468.35,0
2021-06-16 11:54:32,18467.15,0
2021-06-16 11:54:24,18468.0,0
2021-06-16 11:54:25,18469.85,0
2021-06-16 11:54:28,18469.35,0
2021-06-16 11:54:35,18467.75,0
2021-06-16 11:54:29,18466.35,0
2021-06-16 11:54:30,18468.35,0
2021-06-16 11:54:37,18470.55,0
2021-06-16 11:54:38,18470.85,0
2021-06-16 11:54:32,18467.15,0
2021-06-16 11:54:35,18467.75,0
2021-06-16 11:54:43,18469.05,0
2021-06-16 11:54:37,18470.55,0
2021-06-16 11:54:38,18470.85,0
2021-06-16 11:54:43,18469.05,0
2021-06-16 11:54:48,18469.4,0
2021-06-16 11:54:51,18468.6,0
2021-06-16 11:54:48,18469.4,0
2021-06-16 11:54:52,18469.7,0
2021-06-16 11:54:54,18470.7,0
2021-06-16 11:54:51,18468.6,0
2021-06-16 11:54:52,18469.7,0
2021-06-16 11:54:54,18470.7,0
2021-06-16 11:54:58,18468.45,0
2021-06-16 11:54:58,18468.45,0
2021-06-16 11:55:00,18469.4,0
2021-06-16 11:55:00,18469.4,0
2021-06-16 11:55:02,18466.7,0
2021-06-16 11:55:02,18466.7,0
2021-06-16 11:55:03,18466.65,0
2021-06-16 11:55:04,18467.15,0
2021-06-16 11:55:06,18467.4,0
2021-06-16 11:55:03,18466.65,0
2021-06-16 11:55:04,18467.15,0
2021-06-16 11:55:07,18469.15,0
2021-06-16 11:55:08,18466.45,0
2021-06-16 11:55:06,18467.4,0
2021-06-16 11:55:07,18469.15,0
2021-06-16 11:55:09,18466.0,0
2021-06-16 11:55:08,18466.45,0
2021-06-16 11:55:09,18466.0,0
2021-06-16 11:55:11,18468.5,0
2021-06-16 11:55:13,18466.9,0
2021-06-16 11:55:11,18468.5,0
2021-06-16 11:55:13,18466.9,0
2021-06-16 11:55:15,18469.6,0
2021-06-16 11:55:15,18469.6,0
2021-06-16 11:55:20,18469.75,0
2021-06-16 11:55:20,18469.75,0
2021-06-16 11:55:22,18467.9,0
2021-06-16 11:55:23,18470.7,0
2021-06-16 11:55:22,18467.9,0
2021-06-16 11:55:23,18470.7,0
2021-06-16 11:55:24,18468.55,0
2021-06-16 11:55:24,18468.55,0
2021-06-16 11:55:27,18468.5,0
2021-06-16 11:55:29,18468.1,0
2021-06-16 11:55:27,18468.5,0
2021-06-16 11:55:32,18467.75,0
2021-06-16 11:55:29,18468.1,0
2021-06-16 11:55:35,18470.05,0
2021-06-16 11:55:36,18471.65,0
2021-06-16 11:55:37,18468.35,0
2021-06-16 11:55:32,18467.75,0
2021-06-16 11:55:43,18469.0,0
2021-06-16 11:55:35,18470.05,0
2021-06-16 11:55:36,18471.65,0
2021-06-16 11:55:37,18468.35,0
2021-06-16 11:55:46,18471.7,0
2021-06-16 11:55:43,18469.0,0
2021-06-16 11:55:46,18471.7,0
2021-06-16 11:55:52,18469.95,0
2021-06-16 11:55:53,18468.55,0
2021-06-16 11:55:54,18468.05,0
2021-06-16 11:55:52,18469.95,0
2021-06-16 11:55:53,18468.55,0
2021-06-16 11:55:54,18468.05,0
2021-06-16 11:56:00,18470.35,0
2021-06-16 11:56:00,18470.35,0
2021-06-16 11:56:06,18469.8,0
2021-06-16 11:56:06,18469.8,0
2021-06-16 11:56:07,18473.1,0
2021-06-16 11:56:07,18473.1,0
2021-06-16 11:56:08,18471.7,0
2021-06-16 11:56:08,18471.7,0
2021-06-16 11:56:10,18472.45,0
2021-06-16 11:56:10,18472.45,0
2021-06-16 11:56:12,18471.15,0
2021-06-16 11:56:12,18471.15,0
2021-06-16 11:56:18,18472.55,0
2021-06-16 11:56:18,18472.55,0
2021-06-16 11:56:20,18472.6,0
2021-06-16 11:56:20,18472.6,0
2021-06-16 11:56:22,18469.15,0
2021-06-16 11:56:22,18469.15,0
2021-06-16 11:56:23,18470.15,0
2021-06-16 11:56:24,18469.65,0
2021-06-16 11:56:23,18470.15,0
2021-06-16 11:56:24,18469.65,0
2021-06-16 11:56:26,18469.5,0
2021-06-16 11:56:26,18469.5,0
2021-06-16 11:56:28,18468.75,0
2021-06-16 11:56:28,18468.75,0
2021-06-16 11:56:29,18469.85,0
2021-06-16 11:56:29,18469.85,0
2021-06-16 11:56:30,18469.5,0
2021-06-16 11:56:30,18469.5,0
2021-06-16 11:56:32,18466.75,0
2021-06-16 11:56:32,18466.75,0
2021-06-16 11:56:34,18471.4,0
2021-06-16 11:56:34,18471.4,0
2021-06-16 11:56:36,18469.1,0
2021-06-16 11:56:36,18469.1,0
2021-06-16 11:56:37,18468.45,0
2021-06-16 11:56:39,18467.35,0
2021-06-16 11:56:37,18468.45,0
2021-06-16 11:56:39,18467.35,0
2021-06-16 11:56:41,18470.05,0
2021-06-16 11:56:43,18469.6,0
2021-06-16 11:56:44,18468.2,0
2021-06-16 11:56:41,18470.05,0
2021-06-16 11:56:43,18469.6,0
2021-06-16 11:56:47,18468.15,0
2021-06-16 11:56:44,18468.2,0
2021-06-16 11:56:51,18470.15,0
2021-06-16 11:56:47,18468.15,0
2021-06-16 11:56:52,18467.4,0
2021-06-16 11:56:51,18470.15,0
2021-06-16 11:56:52,18467.4,0
2021-06-16 11:56:57,18469.55,0
2021-06-16 11:56:58,18467.3,0
2021-06-16 11:56:57,18469.55,0
2021-06-16 11:56:58,18467.3,0
2021-06-16 11:57:02,18465.7,0
2021-06-16 11:57:05,18467.7,0
2021-06-16 11:57:07,18467.75,0
2021-06-16 11:57:02,18465.7,0
2021-06-16 11:57:09,18469.4,0
2021-06-16 11:57:05,18467.7,0
2021-06-16 11:57:07,18467.75,0
2021-06-16 11:57:15,18471.4,0
2021-06-16 11:57:16,18470.0,0
2021-06-16 11:57:09,18469.4,0
2021-06-16 11:57:19,18470.3,0
2021-06-16 11:57:15,18471.4,0
2021-06-16 11:57:20,18470.6,0
2021-06-16 11:57:16,18470.0,0
2021-06-16 11:57:19,18470.3,0
2021-06-16 11:57:27,18469.0,0
2021-06-16 11:57:20,18470.6,0
2021-06-16 11:57:29,18471.05,0
2021-06-16 11:57:27,18469.0,0
2021-06-16 11:57:30,18471.2,0
2021-06-16 11:57:31,18468.3,0
2021-06-16 11:57:33,18467.7,0
2021-06-16 11:57:29,18471.05,0
2021-06-16 11:57:35,18467.15,0
2021-06-16 11:57:30,18471.2,0
2021-06-16 11:57:36,18468.55,0
2021-06-16 11:57:31,18468.3,0
2021-06-16 11:57:38,18469.55,0
2021-06-16 11:57:33,18467.7,0
2021-06-16 11:57:39,18467.65,0
2021-06-16 11:57:35,18467.15,0
2021-06-16 11:57:36,18468.55,0
2021-06-16 11:57:42,18467.6,0
2021-06-16 11:57:38,18469.55,0
2021-06-16 11:57:39,18467.65,0
2021-06-16 11:57:44,18467.35,0
2021-06-16 11:57:42,18467.6,0
2021-06-16 11:57:44,18467.35,0
2021-06-16 11:57:49,18469.7,0
2021-06-16 11:57:52,18468.85,0
2021-06-16 11:57:49,18469.7,0
2021-06-16 11:57:55,18471.8,0
2021-06-16 11:57:52,18468.85,0
2021-06-16 11:57:57,18473.3,0
2021-06-16 11:57:55,18471.8,0
2021-06-16 11:57:57,18473.3,0
2021-06-16 11:58:00,18473.1,0
2021-06-16 11:58:00,18473.1,0
2021-06-16 11:58:01,18471.75,0
2021-06-16 11:58:02,18469.55,0
2021-06-16 11:58:01,18471.75,0
2021-06-16 11:58:03,18469.8,0
2021-06-16 11:58:02,18469.55,0
2021-06-16 11:58:03,18469.8,0
2021-06-16 11:58:07,18471.4,0
2021-06-16 11:58:07,18471.4,0
2021-06-16 11:58:19,18470.1,0
2021-06-16 11:58:19,18470.1,0
2021-06-16 11:58:21,18470.1,0
2021-06-16 11:58:21,18470.1,0
2021-06-16 11:58:24,18469.1,0
2021-06-16 11:58:24,18469.1,0
2021-06-16 11:58:28,18469.35,0
2021-06-16 11:58:28,18469.35,0
2021-06-16 11:58:29,18470.95,0
2021-06-16 11:58:29,18470.95,0
2021-06-16 11:58:32,18471.45,0
2021-06-16 11:58:33,18471.2,0
2021-06-16 11:58:32,18471.45,0
2021-06-16 11:58:33,18471.2,0
2021-06-16 11:58:35,18468.55,0
2021-06-16 11:58:35,18468.55,0
2021-06-16 11:58:36,18467.85,0
2021-06-16 11:58:36,18467.85,0
2021-06-16 11:58:46,18470.35,0
2021-06-16 11:58:47,18470.85,0
2021-06-16 11:58:48,18468.55,0
2021-06-16 11:58:46,18470.35,0
2021-06-16 11:58:47,18470.85,0
2021-06-16 11:58:48,18468.55,0
2021-06-16 11:58:53,18469.4,0
2021-06-16 11:58:53,18469.4,0
2021-06-16 11:58:54,18469.4,0
2021-06-16 11:58:54,18469.4,0
2021-06-16 11:58:55,18469.15,0
2021-06-16 11:58:56,18469.15,0
2021-06-16 11:58:55,18469.15,0
2021-06-16 11:58:58,18470.05,0
2021-06-16 11:58:56,18469.15,0
2021-06-16 11:58:59,18470.4,0
2021-06-16 11:59:00,18470.45,0
2021-06-16 11:58:58,18470.05,0
2021-06-16 11:58:59,18470.4,0
2021-06-16 11:59:00,18470.45,0
2021-06-16 11:59:01,18470.45,0
2021-06-16 11:59:01,18470.45,0
2021-06-16 11:59:03,18472.05,0
2021-06-16 11:59:03,18472.05,0
2021-06-16 11:59:04,18471.65,0
2021-06-16 11:59:04,18471.65,0
2021-06-16 11:59:07,18468.65,0
2021-06-16 11:59:07,18468.65,0
2021-06-16 11:59:09,18468.85,0
2021-06-16 11:59:09,18468.85,0
2021-06-16 11:59:11,18472.3,0
2021-06-16 11:59:13,18469.2,0
2021-06-16 11:59:11,18472.3,0
2021-06-16 11:59:15,18468.45,0
2021-06-16 11:59:17,18468.4,0
2021-06-16 11:59:13,18469.2,0
2021-06-16 11:59:20,18467.5,0
2021-06-16 11:59:15,18468.45,0
2021-06-16 11:59:17,18468.4,0
2021-06-16 11:59:24,18467.9,0
2021-06-16 11:59:20,18467.5,0
2021-06-16 11:59:26,18466.85,0
2021-06-16 11:59:27,18468.35,0
2021-06-16 11:59:24,18467.9,0
2021-06-16 11:59:31,18468.0,0
2021-06-16 11:59:26,18466.85,0
2021-06-16 11:59:27,18468.35,0
2021-06-16 11:59:33,18467.1,0
2021-06-16 11:59:34,18470.7,0
2021-06-16 11:59:35,18469.95,0
2021-06-16 11:59:40,18467.7,0
2021-06-16 11:59:31,18468.0,0
2021-06-16 11:59:47,18467.55,0
2021-06-16 11:59:33,18467.1,0
2021-06-16 11:59:34,18470.7,0
2021-06-16 11:59:50,18468.65,0
2021-06-16 11:59:52,18467.2,0
2021-06-16 11:59:53,18468.6,0
2021-06-16 11:59:35,18469.95,0
2021-06-16 11:59:54,18467.4,0
2021-06-16 11:59:40,18467.7,0
2021-06-16 11:59:57,18470.25,0
2021-06-16 11:59:58,18469.55,0
2021-06-16 12:00:01,18472.2,0
2021-06-16 12:00:02,18471.9,0
2021-06-16 11:59:47,18467.55,0
2021-06-16 12:00:09,18471.45,0
2021-06-16 11:59:50,18468.65,0
2021-06-16 12:00:10,18470.5,0
2021-06-16 11:59:52,18467.2,0
2021-06-16 12:00:12,18471.2,0
2021-06-16 11:59:53,18468.6,0
2021-06-16 12:00:13,18470.6,0
2021-06-16 11:59:54,18467.4,0
2021-06-16 11:59:57,18470.25,0
2021-06-16 11:59:58,18469.55,0
2021-06-16 12:00:21,18471.0,0
2021-06-16 12:00:01,18472.2,0
2021-06-16 12:00:23,18471.4,0
2021-06-16 12:00:24,18473.4,0
2021-06-16 12:00:02,18471.9,0
2021-06-16 12:00:27,18470.95,0
2021-06-16 12:00:09,18471.45,0
2021-06-16 12:00:36,18470.3,0
2021-06-16 12:00:10,18470.5,0
2021-06-16 12:00:12,18471.2,0
2021-06-16 12:00:39,18469.15,0
2021-06-16 12:00:13,18470.6,0
2021-06-16 12:00:21,18471.0,0
2021-06-16 12:00:46,18467.95,0
2021-06-16 12:00:23,18471.4,0
2021-06-16 12:00:24,18473.4,0
2021-06-16 12:00:50,18466.15,0
2021-06-16 12:00:51,18467.25,0
2021-06-16 12:00:52,18466.85,0
2021-06-16 12:00:27,18470.95,0
2021-06-16 12:00:55,18467.95,0
2021-06-16 12:00:57,18467.9,0
2021-06-16 12:00:58,18467.45,0
2021-06-16 12:00:36,18470.3,0
2021-06-16 12:01:00,18467.3,0
2021-06-16 12:01:01,18470.15,0
2021-06-16 12:00:39,18469.15,0
2021-06-16 12:01:02,18466.45,0
2021-06-16 12:00:46,18467.95,0
2021-06-16 12:01:05,18466.5,0
2021-06-16 12:01:06,18467.2,0
2021-06-16 12:00:50,18466.15,0
2021-06-16 12:00:51,18467.25,0
2021-06-16 12:01:09,18465.65,0
2021-06-16 12:00:52,18466.85,0
2021-06-16 12:01:11,18467.75,0
2021-06-16 12:01:13,18466.5,0
2021-06-16 12:00:55,18467.95,0
2021-06-16 12:01:14,18468.2,0
2021-06-16 12:00:57,18467.9,0
2021-06-16 12:00:58,18467.45,0
2021-06-16 12:01:00,18467.3,0
2021-06-16 12:01:01,18470.15,0
2021-06-16 12:01:20,18467.35,0
2021-06-16 12:01:02,18466.45,0
2021-06-16 12:01:22,18467.9,0
2021-06-16 12:01:05,18466.5,0
2021-06-16 12:01:25,18468.9,0
2021-06-16 12:01:06,18467.2,0
2021-06-16 12:01:09,18465.65,0
2021-06-16 12:01:11,18467.75,0
2021-06-16 12:01:29,18467.1,0
2021-06-16 12:01:33,18465.25,0
2021-06-16 12:01:13,18466.5,0
2021-06-16 12:01:34,18465.8,0
2021-06-16 12:01:14,18468.2,0
2021-06-16 12:01:36,18466.0,0
2021-06-16 12:01:39,18465.25,0
2021-06-16 12:01:20,18467.35,0
2021-06-16 12:01:22,18467.9,0
2021-06-16 12:01:46,18464.2,0
2021-06-16 12:01:47,18464.25,0
2021-06-16 12:01:25,18468.9,0
2021-06-16 12:01:48,18464.6,0
2021-06-16 12:01:50,18464.5,0
2021-06-16 12:01:29,18467.1,0
2021-06-16 12:01:53,18464.5,0
2021-06-16 12:01:33,18465.25,0
2021-06-16 12:01:34,18465.8,0
2021-06-16 12:01:36,18466.0,0
2021-06-16 12:01:39,18465.25,0
2021-06-16 12:01:58,18463.85,0
2021-06-16 12:02:00,18463.2,0
2021-06-16 12:02:01,18462.9,0
2021-06-16 12:02:03,18463.65,0
2021-06-16 12:02:06,18464.1,0
2021-06-16 12:02:07,18462.55,0
2021-06-16 12:01:46,18464.2,0
2021-06-16 12:02:09,18462.35,0
2021-06-16 12:01:47,18464.25,0
2021-06-16 12:01:48,18464.6,0
2021-06-16 12:02:11,18463.2,0
2021-06-16 12:02:12,18464.5,0
2021-06-16 12:01:50,18464.5,0
2021-06-16 12:02:14,18465.0,0
2021-06-16 12:01:53,18464.5,0
2021-06-16 12:02:17,18463.3,0
2021-06-16 12:02:18,18465.5,0
2021-06-16 12:01:58,18463.85,0
2021-06-16 12:02:23,18463.6,0
2021-06-16 12:02:00,18463.2,0
2021-06-16 12:02:01,18462.9,0
2021-06-16 12:02:25,18461.5,0
2021-06-16 12:02:26,18464.65,0
2021-06-16 12:02:29,18463.05,0
2021-06-16 12:02:03,18463.65,0
2021-06-16 12:02:30,18461.35,0
2021-06-16 12:02:06,18464.1,0
2021-06-16 12:02:07,18462.55,0
2021-06-16 12:02:09,18462.35,0
2021-06-16 12:02:11,18463.2,0
2021-06-16 12:02:12,18464.5,0
2021-06-16 12:02:41,18461.9,0
2021-06-16 12:02:14,18465.0,0
2021-06-16 12:02:42,18461.65,0
2021-06-16 12:02:43,18463.65,0
2021-06-16 12:02:17,18463.3,0
2021-06-16 12:02:18,18465.5,0
2021-06-16 12:02:23,18463.6,0
2021-06-16 12:02:51,18461.2,0
2021-06-16 12:02:25,18461.5,0
2021-06-16 12:02:26,18464.65,0
2021-06-16 12:02:55,18460.95,0
2021-06-16 12:02:29,18463.05,0
2021-06-16 12:02:56,18460.45,0
2021-06-16 12:02:30,18461.35,0
2021-06-16 12:02:59,18462.85,0
2021-06-16 12:03:06,18463.25,0
2021-06-16 12:03:07,18465.15,0
2021-06-16 12:03:08,18462.85,0
2021-06-16 12:03:10,18461.3,0
2021-06-16 12:02:41,18461.9,0
2021-06-16 12:02:42,18461.65,0
2021-06-16 12:02:43,18463.65,0
2021-06-16 12:03:14,18463.25,0
2021-06-16 12:03:19,18460.65,0
2021-06-16 12:02:51,18461.2,0
2021-06-16 12:03:24,18457.85,0
2021-06-16 12:03:25,18457.15,0
2021-06-16 12:02:55,18460.95,0
2021-06-16 12:03:27,18457.55,0
2021-06-16 12:02:56,18460.45,0
2021-06-16 12:02:59,18462.85,0
2021-06-16 12:03:32,18458.95,0
2021-06-16 12:03:33,18459.25,0
2021-06-16 12:03:34,18461.0,0
2021-06-16 12:03:06,18463.25,0
2021-06-16 12:03:07,18465.15,0
2021-06-16 12:03:08,18462.85,0
2021-06-16 12:03:38,18459.7,0
2021-06-16 12:03:39,18457.6,0
2021-06-16 12:03:10,18461.3,0
2021-06-16 12:03:14,18463.25,0
2021-06-16 12:03:43,18458.3,0
2021-06-16 12:03:48,18459.3,0
2021-06-16 12:03:19,18460.65,0
2021-06-16 12:03:49,18457.8,0
2021-06-16 12:03:54,18461.1,0
2021-06-16 12:03:24,18457.85,0
2021-06-16 12:03:25,18457.15,0
2021-06-16 12:03:57,18459.35,0
2021-06-16 12:03:27,18457.55,0
2021-06-16 12:04:02,18459.35,0
2021-06-16 12:03:32,18458.95,0
2021-06-16 12:03:33,18459.25,0
2021-06-16 12:03:34,18461.0,0
2021-06-16 12:04:04,18460.6,0
2021-06-16 12:03:38,18459.7,0
2021-06-16 12:03:39,18457.6,0
2021-06-16 12:04:08,18459.3,0
2021-06-16 12:04:09,18459.8,0
2021-06-16 12:04:10,18460.0,0
2021-06-16 12:04:11,18462.3,0
2021-06-16 12:04:16,18461.45,0
2021-06-16 12:03:43,18458.3,0
2021-06-16 12:04:17,18463.65,0
2021-06-16 12:04:19,18462.8,0
2021-06-16 12:03:48,18459.3,0
2021-06-16 12:03:49,18457.8,0
2021-06-16 12:04:24,18462.35,0
2021-06-16 12:03:54,18461.1,0
2021-06-16 12:03:57,18459.35,0
2021-06-16 12:04:30,18461.45,0
2021-06-16 12:04:32,18461.7,0
2021-06-16 12:04:02,18459.35,0
2021-06-16 12:04:04,18460.6,0
2021-06-16 12:04:35,18460.75,0
2021-06-16 12:04:36,18461.65,0
2021-06-16 12:04:08,18459.3,0
2021-06-16 12:04:09,18459.8,0
2021-06-16 12:04:10,18460.0,0
2021-06-16 12:04:11,18462.3,0
2021-06-16 12:04:40,18463.1,0
2021-06-16 12:04:42,18460.8,0
2021-06-16 12:04:43,18460.9,0
2021-06-16 12:04:16,18461.45,0
2021-06-16 12:04:17,18463.65,0
2021-06-16 12:04:46,18462.95,0
2021-06-16 12:04:19,18462.8,0
2021-06-16 12:04:47,18462.4,0
2021-06-16 12:04:51,18460.75,0
2021-06-16 12:04:24,18462.35,0
2021-06-16 12:04:53,18462.0,0
2021-06-16 12:04:55,18460.5,0
2021-06-16 12:04:56,18462.85,0
2021-06-16 12:04:30,18461.45,0
2021-06-16 12:04:32,18461.7,0
2021-06-16 12:05:00,18460.5,0
2021-06-16 12:04:35,18460.75,0
2021-06-16 12:04:36,18461.65,0
2021-06-16 12:05:02,18462.35,0
2021-06-16 12:04:40,18463.1,0
2021-06-16 12:04:42,18460.8,0
2021-06-16 12:05:07,18461.35,0
2021-06-16 12:04:43,18460.9,0
2021-06-16 12:05:09,18460.8,0
2021-06-16 12:05:10,18463.0,0
2021-06-16 12:04:46,18462.95,0
2021-06-16 12:04:47,18462.4,0
2021-06-16 12:05:14,18466.15,0
2021-06-16 12:04:51,18460.75,0
2021-06-16 12:04:53,18462.0,0
2021-06-16 12:04:55,18460.5,0
2021-06-16 12:04:56,18462.85,0
2021-06-16 12:05:19,18464.55,0
2021-06-16 12:05:00,18460.5,0
2021-06-16 12:05:23,18463.95,0
2021-06-16 12:05:02,18462.35,0
2021-06-16 12:05:27,18465.1,0
2021-06-16 12:05:07,18461.35,0
2021-06-16 12:05:31,18478.65,0
2021-06-16 12:05:09,18460.8,0
2021-06-16 12:05:10,18463.0,0
2021-06-16 12:05:14,18466.15,0
2021-06-16 12:05:42,18493.15,0
2021-06-16 12:05:19,18464.55,0
2021-06-16 12:05:43,18492.45,0
2021-06-16 12:05:44,18490.55,0
2021-06-16 12:05:23,18463.95,0
2021-06-16 12:05:27,18465.1,0
2021-06-16 12:05:31,18478.65,0
2021-06-16 12:06:02,18485.2,0
2021-06-16 12:06:08,18483.95,0
2021-06-16 12:06:10,18485.85,0
2021-06-16 12:06:12,18484.75,0
2021-06-16 12:05:42,18493.15,0
2021-06-16 12:05:43,18492.45,0
2021-06-16 12:05:44,18490.55,0
2021-06-16 12:06:19,18481.4,0
2021-06-16 12:06:20,18481.4,0
2021-06-16 12:06:23,18482.25,0
2021-06-16 12:06:26,18480.15,0
2021-06-16 12:06:27,18481.15,0
2021-06-16 12:06:32,18478.85,0
2021-06-16 12:06:34,18477.65,0
2021-06-16 12:06:35,18476.9,0
2021-06-16 12:06:02,18485.2,0
2021-06-16 12:06:39,18473.7,0
2021-06-16 12:06:40,18476.45,0
2021-06-16 12:06:08,18483.95,0
2021-06-16 12:06:44,18478.3,0
2021-06-16 12:06:47,18475.45,0
2021-06-16 12:06:10,18485.85,0
2021-06-16 12:06:49,18474.6,0
2021-06-16 12:06:12,18484.75,0
2021-06-16 12:06:19,18481.4,0
2021-06-16 12:06:20,18481.4,0
2021-06-16 12:06:23,18482.25,0
2021-06-16 12:06:56,18469.75,0
2021-06-16 12:06:26,18480.15,0
2021-06-16 12:06:58,18468.3,0
2021-06-16 12:06:27,18481.15,0
2021-06-16 12:06:32,18478.85,0
2021-06-16 12:07:03,18468.75,0
2021-06-16 12:06:34,18477.65,0
2021-06-16 12:07:05,18471.0,0
2021-06-16 12:06:35,18476.9,0
2021-06-16 12:07:07,18465.7,0
2021-06-16 12:06:39,18473.7,0
2021-06-16 12:07:13,18439.55,0
2021-06-16 12:07:15,18427.15,0
2021-06-16 12:06:40,18476.45,0
2021-06-16 12:07:18,18430.8,0
2021-06-16 12:07:21,18445.8,0
2021-06-16 12:07:24,18443.9,0
2021-06-16 12:07:26,18440.9,0
2021-06-16 12:06:44,18478.3,0
2021-06-16 12:06:47,18475.45,0
2021-06-16 12:07:29,18436.8,0
2021-06-16 12:06:49,18474.6,0
2021-06-16 12:07:31,18439.8,0
2021-06-16 12:07:32,18439.95,0
2021-06-16 12:07:33,18441.8,0
2021-06-16 12:06:56,18469.75,0
2021-06-16 12:06:58,18468.3,0
2021-06-16 12:07:39,18445.0,0
2021-06-16 12:07:43,18443.3,0
2021-06-16 12:07:03,18468.75,0
2021-06-16 12:07:05,18471.0,0
2021-06-16 12:07:07,18465.7,0
2021-06-16 12:07:49,18444.95,0
2021-06-16 12:07:53,18446.8,0
2021-06-16 12:07:54,18445.3,0
2021-06-16 12:07:13,18439.55,0
2021-06-16 12:07:56,18449.75,0
2021-06-16 12:07:15,18427.15,0
2021-06-16 12:07:59,18445.55,0
2021-06-16 12:08:00,18446.3,0
2021-06-16 12:08:01,18446.65,0
2021-06-16 12:07:18,18430.8,0
2021-06-16 12:08:02,18447.0,0
2021-06-16 12:07:21,18445.8,0
2021-06-16 12:07:24,18443.9,0
2021-06-16 12:08:07,18444.2,0
2021-06-16 12:07:26,18440.9,0
2021-06-16 12:07:29,18436.8,0
2021-06-16 12:08:08,18445.15,0
2021-06-16 12:08:09,18445.5,0
2021-06-16 12:07:31,18439.8,0
2021-06-16 12:07:32,18439.95,0
2021-06-16 12:07:33,18441.8,0
2021-06-16 12:08:10,18446.55,0
2021-06-16 12:08:11,18444.4,0
2021-06-16 12:07:39,18445.0,0
2021-06-16 12:08:14,18445.7,0
2021-06-16 12:08:17,18446.75,0
2021-06-16 12:08:18,18444.8,0
2021-06-16 12:08:20,18443.55,0
2021-06-16 12:07:43,18443.3,0
2021-06-16 12:08:21,18444.9,0
2021-06-16 12:08:22,18446.45,0
2021-06-16 12:08:26,18448.05,0
2021-06-16 12:07:49,18444.95,0
2021-06-16 12:07:53,18446.8,0
2021-06-16 12:08:30,18446.75,0
2021-06-16 12:07:54,18445.3,0
2021-06-16 12:07:56,18449.75,0
2021-06-16 12:08:37,18445.9,0
2021-06-16 12:07:59,18445.55,0
2021-06-16 12:08:00,18446.3,0
2021-06-16 12:08:40,18444.1,0
2021-06-16 12:08:01,18446.65,0
2021-06-16 12:08:02,18447.0,0
2021-06-16 12:08:43,18444.25,0
2021-06-16 12:08:44,18444.95,0
2021-06-16 12:08:45,18446.2,0
2021-06-16 12:08:46,18445.7,0
2021-06-16 12:08:07,18444.2,0
2021-06-16 12:08:47,18445.2,0
2021-06-16 12:08:08,18445.15,0
2021-06-16 12:08:49,18449.15,0
2021-06-16 12:08:09,18445.5,0
2021-06-16 12:08:51,18448.05,0
2021-06-16 12:08:10,18446.55,0
2021-06-16 12:08:53,18447.95,0
2021-06-16 12:08:11,18444.4,0
2021-06-16 12:08:56,18445.8,0
2021-06-16 12:08:57,18446.1,0
2021-06-16 12:08:14,18445.7,0
2021-06-16 12:08:17,18446.75,0
2021-06-16 12:09:00,18442.9,0
2021-06-16 12:08:18,18444.8,0
2021-06-16 12:09:01,18443.4,0
2021-06-16 12:08:20,18443.55,0
2021-06-16 12:09:04,18445.75,0
2021-06-16 12:08:21,18444.9,0
2021-06-16 12:09:05,18447.5,0
2021-06-16 12:09:08,18446.25,0
2021-06-16 12:08:22,18446.45,0
2021-06-16 12:09:10,18446.6,0
2021-06-16 12:08:26,18448.05,0
2021-06-16 12:08:30,18446.75,0
2021-06-16 12:09:16,18446.3,0
2021-06-16 12:09:19,18447.95,0
2021-06-16 12:08:37,18445.9,0
2021-06-16 12:08:40,18444.1,0
2021-06-16 12:09:26,18445.9,0
2021-06-16 12:09:28,18448.6,0
2021-06-16 12:08:43,18444.25,0
2021-06-16 12:08:44,18444.95,0
2021-06-16 12:08:45,18446.2,0
2021-06-16 12:08:46,18445.7,0
2021-06-16 12:08:47,18445.2,0
2021-06-16 12:08:49,18449.15,0
2021-06-16 12:08:51,18448.05,0
2021-06-16 12:08:53,18447.95,0
2021-06-16 12:09:32,18445.45,0
2021-06-16 12:09:33,18446.1,0
2021-06-16 12:08:56,18445.8,0
2021-06-16 12:08:57,18446.1,0
2021-06-16 12:09:00,18442.9,0
2021-06-16 12:09:01,18443.4,0
2021-06-16 12:09:38,18446.8,0
2021-06-16 12:09:04,18445.75,0
2021-06-16 12:09:40,18447.4,0
2021-06-16 12:09:05,18447.5,0
2021-06-16 12:09:42,18445.55,0
2021-06-16 12:09:08,18446.25,0
2021-06-16 12:09:43,18444.05,0
2021-06-16 12:09:10,18446.6,0
2021-06-16 12:09:45,18448.15,0
2021-06-16 12:09:48,18445.05,0
2021-06-16 12:09:50,18445.6,0
2021-06-16 12:09:51,18447.9,0
2021-06-16 12:09:16,18446.3,0
2021-06-16 12:09:19,18447.95,0
2021-06-16 12:09:53,18444.95,0
2021-06-16 12:09:54,18446.05,0
2021-06-16 12:09:55,18445.6,0
2021-06-16 12:09:58,18444.35,0
2021-06-16 12:09:59,18445.15,0
2021-06-16 12:09:26,18445.9,0
2021-06-16 12:10:01,18443.0,0
2021-06-16 12:10:02,18445.15,0
2021-06-16 12:09:28,18448.6,0
2021-06-16 12:10:04,18442.95,0
2021-06-16 12:10:05,18442.0,0
2021-06-16 12:10:06,18442.4,0
2021-06-16 12:10:08,18440.4,0
2021-06-16 12:10:09,18441.95,0
2021-06-16 12:09:32,18445.45,0
2021-06-16 12:09:33,18446.1,0
2021-06-16 12:10:11,18442.05,0
2021-06-16 12:10:13,18444.75,0
2021-06-16 12:09:38,18446.8,0
2021-06-16 12:09:40,18447.4,0
2021-06-16 12:09:42,18445.55,0
2021-06-16 12:10:22,18445.95,0
2021-06-16 12:09:43,18444.05,0
2021-06-16 12:10:23,18445.85,0
2021-06-16 12:10:25,18447.2,0
2021-06-16 12:09:45,18448.15,0
2021-06-16 12:10:26,18449.35,0
2021-06-16 12:09:48,18445.05,0
2021-06-16 12:10:29,18445.85,0
2021-06-16 12:09:50,18445.6,0
2021-06-16 12:09:51,18447.9,0
2021-06-16 12:10:31,18443.5,0
2021-06-16 12:09:53,18444.95,0
2021-06-16 12:09:54,18446.05,0
2021-06-16 12:09:55,18445.6,0
2021-06-16 12:10:32,18444.15,0
2021-06-16 12:10:33,18446.65,0
2021-06-16 12:10:34,18444.1,0
2021-06-16 12:09:58,18444.35,0
2021-06-16 12:09:59,18445.15,0
2021-06-16 12:10:01,18443.0,0
2021-06-16 12:10:02,18445.15,0
2021-06-16 12:10:42,18445.45,0
2021-06-16 12:10:04,18442.95,0
2021-06-16 12:10:05,18442.0,0
2021-06-16 12:10:06,18442.4,0
2021-06-16 12:10:08,18440.4,0
2021-06-16 12:10:46,18447.2,0
2021-06-16 12:10:09,18441.95,0
2021-06-16 12:10:48,18445.45,0
2021-06-16 12:10:11,18442.05,0
2021-06-16 12:10:50,18448.2,0
2021-06-16 12:10:13,18444.75,0
2021-06-16 12:10:52,18445.6,0
2021-06-16 12:10:55,18446.25,0
2021-06-16 12:11:01,18445.3,0
2021-06-16 12:11:02,18446.9,0
2021-06-16 12:10:22,18445.95,0
2021-06-16 12:10:23,18445.85,0
2021-06-16 12:10:25,18447.2,0
2021-06-16 12:10:26,18449.35,0
2021-06-16 12:11:08,18443.7,0
2021-06-16 12:10:29,18445.85,0
2021-06-16 12:10:31,18443.5,0
2021-06-16 12:11:09,18443.5,0
2021-06-16 12:10:32,18444.15,0
2021-06-16 12:10:33,18446.65,0
2021-06-16 12:10:34,18444.1,0
2021-06-16 12:11:13,18444.0,0
2021-06-16 12:11:17,18445.1,0
2021-06-16 12:10:42,18445.45,0
2021-06-16 12:11:20,18444.2,0
2021-06-16 12:11:21,18444.7,0
2021-06-16 12:11:22,18445.8,0
2021-06-16 12:11:24,18444.9,0
2021-06-16 12:10:46,18447.2,0
2021-06-16 12:11:27,18444.25,0
2021-06-16 12:11:28,18445.7,0
2021-06-16 12:10:48,18445.45,0
2021-06-16 12:11:29,18445.6,0
2021-06-16 12:11:30,18444.2,0
2021-06-16 12:10:50,18448.2,0
2021-06-16 12:10:52,18445.6,0
2021-06-16 12:10:55,18446.25,0
2021-06-16 12:11:36,18447.55,0
2021-06-16 12:11:38,18446.1,0
2021-06-16 12:11:39,18445.95,0
2021-06-16 12:11:01,18445.3,0
2021-06-16 12:11:02,18446.9,0
2021-06-16 12:11:43,18446.75,0
2021-06-16 12:11:44,18446.65,0
2021-06-16 12:11:45,18444.1,0
2021-06-16 12:11:46,18444.4,0
2021-06-16 12:11:47,18445.65,0
2021-06-16 12:11:08,18443.7,0
2021-06-16 12:11:09,18443.5,0
2021-06-16 12:11:50,18446.1,0
2021-06-16 12:11:13,18444.0,0
2021-06-16 12:11:56,18446.25,0
2021-06-16 12:11:17,18445.1,0
2021-06-16 12:11:58,18446.6,0
2021-06-16 12:11:59,18445.65,0
2021-06-16 12:12:00,18446.85,0
2021-06-16 12:11:20,18444.2,0
2021-06-16 12:12:02,18444.0,0
2021-06-16 12:11:21,18444.7,0
2021-06-16 12:12:05,18445.05,0
2021-06-16 12:11:22,18445.8,0
2021-06-16 12:12:09,18445.2,0
2021-06-16 12:11:24,18444.9,0
2021-06-16 12:12:10,18445.55,0
2021-06-16 12:11:27,18444.25,0
2021-06-16 12:12:13,18446.95,0
2021-06-16 12:11:28,18445.7,0
2021-06-16 12:11:29,18445.6,0
2021-06-16 12:12:14,18447.2,0
2021-06-16 12:11:30,18444.2,0
2021-06-16 12:12:15,18444.85,0
2021-06-16 12:12:18,18443.3,0
2021-06-16 12:11:36,18447.55,0
2021-06-16 12:12:21,18445.15,0
2021-06-16 12:12:22,18445.0,0
2021-06-16 12:11:38,18446.1,0
2021-06-16 12:11:39,18445.95,0
2021-06-16 12:12:24,18446.75,0
2021-06-16 12:11:43,18446.75,0
2021-06-16 12:12:30,18447.0,0
2021-06-16 12:11:44,18446.65,0
2021-06-16 12:11:45,18444.1,0
2021-06-16 12:11:46,18444.4,0
2021-06-16 12:11:47,18445.65,0
2021-06-16 12:12:37,18445.3,0
2021-06-16 12:11:50,18446.1,0
2021-06-16 12:12:39,18446.35,0
2021-06-16 12:12:41,18447.75,0
2021-06-16 12:12:42,18448.1,0
2021-06-16 12:12:44,18449.85,0
2021-06-16 12:12:45,18449.85,0
2021-06-16 12:11:56,18446.25,0
2021-06-16 12:11:58,18446.6,0
2021-06-16 12:11:59,18445.65,0
2021-06-16 12:12:50,18447.95,0
2021-06-16 12:12:00,18446.85,0
2021-06-16 12:12:02,18444.0,0
2021-06-16 12:12:05,18445.05,0
2021-06-16 12:12:09,18445.2,0
2021-06-16 12:12:10,18445.55,0
2021-06-16 12:13:03,18451.0,0
2021-06-16 12:12:13,18446.95,0
2021-06-16 12:12:14,18447.2,0
2021-06-16 12:12:15,18444.85,0
2021-06-16 12:13:05,18450.25,0
2021-06-16 12:13:07,18450.6,0
2021-06-16 12:13:08,18450.8,0
2021-06-16 12:12:18,18443.3,0
2021-06-16 12:13:10,18451.5,0
2021-06-16 12:13:12,18450.95,0
2021-06-16 12:12:21,18445.15,0
2021-06-16 12:12:22,18445.0,0
2021-06-16 12:13:13,18450.4,0
2021-06-16 12:12:24,18446.75,0
2021-06-16 12:13:17,18451.1,0
2021-06-16 12:13:22,18449.15,0
2021-06-16 12:12:30,18447.0,0
2021-06-16 12:13:24,18450.95,0
2021-06-16 12:12:37,18445.3,0
2021-06-16 12:12:39,18446.35,0
2021-06-16 12:12:41,18447.75,0
2021-06-16 12:12:42,18448.1,0
2021-06-16 12:13:32,18447.15,0
2021-06-16 12:13:33,18447.9,0
2021-06-16 12:12:44,18449.85,0
2021-06-16 12:12:45,18449.85,0
2021-06-16 12:13:37,18446.7,0
2021-06-16 12:13:38,18446.45,0
2021-06-16 12:13:39,18446.9,0
2021-06-16 12:12:50,18447.95,0
2021-06-16 12:13:41,18446.3,0
2021-06-16 12:13:45,18445.5,0
2021-06-16 12:13:48,18445.15,0
2021-06-16 12:13:03,18451.0,0
2021-06-16 12:13:05,18450.25,0
2021-06-16 12:13:07,18450.6,0
2021-06-16 12:13:49,18447.2,0
2021-06-16 12:13:08,18450.8,0
2021-06-16 12:13:10,18451.5,0
2021-06-16 12:13:52,18447.65,0
2021-06-16 12:13:12,18450.95,0
2021-06-16 12:13:54,18446.7,0
2021-06-16 12:13:55,18447.35,0
2021-06-16 12:13:13,18450.4,0
2021-06-16 12:13:56,18449.35,0
2021-06-16 12:13:57,18450.05,0
2021-06-16 12:13:17,18451.1,0
2021-06-16 12:14:02,18447.65,0
2021-06-16 12:13:22,18449.15,0
2021-06-16 12:13:24,18450.95,0
2021-06-16 12:14:07,18450.45,0
2021-06-16 12:14:09,18448.45,0
2021-06-16 12:14:10,18449.4,0
2021-06-16 12:14:11,18448.2,0
2021-06-16 12:13:32,18447.15,0
2021-06-16 12:14:12,18451.65,0
2021-06-16 12:14:14,18450.0,0
2021-06-16 12:14:15,18448.9,0
2021-06-16 12:14:21,18450.4,0
2021-06-16 12:14:22,18447.9,0
2021-06-16 12:13:33,18447.9,0
2021-06-16 12:14:27,18449.45,0
2021-06-16 12:13:37,18446.7,0
2021-06-16 12:13:38,18446.45,0
2021-06-16 12:13:39,18446.9,0
2021-06-16 12:14:31,18447.7,0
2021-06-16 12:13:41,18446.3,0
2021-06-16 12:14:34,18448.55,0
2021-06-16 12:14:37,18447.9,0
2021-06-16 12:13:45,18445.5,0
2021-06-16 12:13:48,18445.15,0
2021-06-16 12:13:49,18447.2,0
2021-06-16 12:14:40,18447.15,0
2021-06-16 12:14:42,18448.8,0
2021-06-16 12:13:52,18447.65,0
2021-06-16 12:13:54,18446.7,0
2021-06-16 12:14:44,18446.9,0
2021-06-16 12:14:45,18447.4,0
2021-06-16 12:14:46,18447.05,0
2021-06-16 12:13:55,18447.35,0
2021-06-16 12:13:56,18449.35,0
2021-06-16 12:14:48,18448.0,0
2021-06-16 12:13:57,18450.05,0
2021-06-16 12:14:50,18447.5,0
2021-06-16 12:14:02,18447.65,0
2021-06-16 12:14:54,18446.6,0
2021-06-16 12:14:07,18450.45,0
2021-06-16 12:14:09,18448.45,0
2021-06-16 12:14:57,18448.4,0
2021-06-16 12:14:58,18448.4,0
2021-06-16 12:14:10,18449.4,0
2021-06-16 12:14:11,18448.2,0
2021-06-16 12:14:12,18451.65,0
2021-06-16 12:14:14,18450.0,0
2021-06-16 12:14:15,18448.9,0
2021-06-16 12:14:21,18450.4,0
2021-06-16 12:15:10,18445.65,0
2021-06-16 12:15:11,18449.8,0
2021-06-16 12:14:22,18447.9,0
2021-06-16 12:15:13,18447.25,0
2021-06-16 12:15:14,18448.7,0
2021-06-16 12:15:16,18448.1,0
2021-06-16 12:15:17,18447.2,0
2021-06-16 12:14:27,18449.45,0
2021-06-16 12:15:20,18451.5,0
2021-06-16 12:15:21,18448.15,0
2021-06-16 12:14:31,18447.7,0
2021-06-16 12:14:34,18448.55,0
2021-06-16 12:14:37,18447.9,0
2021-06-16 12:15:27,18450.4,0
2021-06-16 12:15:29,18448.35,0
2021-06-16 12:14:40,18447.15,0
2021-06-16 12:14:42,18448.8,0
2021-06-16 12:14:44,18446.9,0
2021-06-16 12:14:45,18447.4,0
2021-06-16 12:14:46,18447.05,0
2021-06-16 12:14:48,18448.0,0
2021-06-16 12:14:50,18447.5,0
2021-06-16 12:15:38,18448.7,0
2021-06-16 12:14:54,18446.6,0
2021-06-16 12:15:44,18445.55,0
2021-06-16 12:14:57,18448.4,0
2021-06-16 12:14:58,18448.4,0
2021-06-16 12:15:50,18447.9,0
2021-06-16 12:15:51,18445.95,0
2021-06-16 12:15:52,18445.95,0
2021-06-16 12:15:55,18446.8,0
2021-06-16 12:15:10,18445.65,0
2021-06-16 12:15:11,18449.8,0
2021-06-16 12:15:59,18445.45,0
2021-06-16 12:16:02,18446.35,0
2021-06-16 12:15:13,18447.25,0
2021-06-16 12:15:14,18448.7,0
2021-06-16 12:16:03,18445.95,0
2021-06-16 12:15:16,18448.1,0
2021-06-16 12:15:17,18447.2,0
2021-06-16 12:16:07,18446.2,0
2021-06-16 12:15:20,18451.5,0
2021-06-16 12:16:08,18443.95,0
2021-06-16 12:15:21,18448.15,0
2021-06-16 12:16:10,18444.85,0
2021-06-16 12:15:27,18450.4,0
2021-06-16 12:15:29,18448.35,0
2021-06-16 12:16:13,18447.3,0
2021-06-16 12:16:14,18446.95,0
2021-06-16 12:16:15,18446.7,0
2021-06-16 12:15:38,18448.7,0
2021-06-16 12:15:44,18445.55,0
2021-06-16 12:16:24,18447.75,0
2021-06-16 12:15:50,18447.9,0
2021-06-16 12:15:51,18445.95,0
2021-06-16 12:16:29,18444.2,0
2021-06-16 12:15:52,18445.95,0
2021-06-16 12:15:55,18446.8,0
2021-06-16 12:15:59,18445.45,0
2021-06-16 12:16:02,18446.35,0
2021-06-16 12:16:35,18446.7,0
2021-06-16 12:16:03,18445.95,0
2021-06-16 12:16:07,18446.2,0
2021-06-16 12:16:38,18445.3,0
2021-06-16 12:16:08,18443.95,0
2021-06-16 12:16:40,18445.85,0
2021-06-16 12:16:10,18444.85,0
2021-06-16 12:16:43,18443.55,0
2021-06-16 12:16:13,18447.3,0
2021-06-16 12:16:45,18445.7,0
2021-06-16 12:16:14,18446.95,0
2021-06-16 12:16:15,18446.7,0
2021-06-16 12:16:47,18449.15,0
2021-06-16 12:16:49,18447.95,0
2021-06-16 12:16:53,18448.4,0
2021-06-16 12:16:54,18450.2,0
2021-06-16 12:16:56,18449.8,0
2021-06-16 12:16:57,18449.75,0
2021-06-16 12:16:24,18447.75,0
2021-06-16 12:16:59,18450.7,0
2021-06-16 12:16:29,18444.2,0
2021-06-16 12:17:06,18450.25,0
2021-06-16 12:17:08,18450.4,0
2021-06-16 12:17:09,18450.05,0
2021-06-16 12:16:35,18446.7,0
2021-06-16 12:17:10,18451.4,0
2021-06-16 12:17:11,18451.4,0
2021-06-16 12:17:12,18451.4,0
2021-06-16 12:16:38,18445.3,0
2021-06-16 12:17:14,18448.6,0
2021-06-16 12:17:16,18448.95,0
2021-06-16 12:16:40,18445.85,0
2021-06-16 12:17:20,18450.05,0
2021-06-16 12:16:43,18443.55,0
2021-06-16 12:17:21,18451.35,0
2021-06-16 12:16:45,18445.7,0
2021-06-16 12:17:22,18450.8,0
2021-06-16 12:17:23,18449.85,0
2021-06-16 12:17:24,18449.2,0
2021-06-16 12:16:47,18449.15,0
2021-06-16 12:16:49,18447.95,0
2021-06-16 12:17:27,18446.4,0
2021-06-16 12:17:28,18447.75,0
2021-06-16 12:17:30,18449.7,0
2021-06-16 12:17:32,18449.85,0
2021-06-16 12:17:33,18449.3,0
2021-06-16 12:16:53,18448.4,0
2021-06-16 12:16:54,18450.2,0
2021-06-16 12:16:56,18449.8,0
2021-06-16 12:17:37,18449.15,0
2021-06-16 12:16:57,18449.75,0
2021-06-16 12:17:38,18448.75,0
2021-06-16 12:16:59,18450.7,0
2021-06-16 12:17:39,18446.6,0
2021-06-16 12:17:41,18448.55,0
2021-06-16 12:17:42,18447.1,0
2021-06-16 12:17:43,18447.25,0
2021-06-16 12:17:06,18450.25,0
2021-06-16 12:17:08,18450.4,0
2021-06-16 12:17:48,18447.8,0
2021-06-16 12:17:49,18448.6,0
2021-06-16 12:17:51,18448.8,0
2021-06-16 12:17:09,18450.05,0
2021-06-16 12:17:10,18451.4,0
2021-06-16 12:17:53,18450.5,0
2021-06-16 12:17:11,18451.4,0
2021-06-16 12:17:12,18451.4,0
2021-06-16 12:17:54,18447.25,0
2021-06-16 12:17:56,18451.1,0
2021-06-16 12:17:57,18452.5,0
2021-06-16 12:17:14,18448.6,0
2021-06-16 12:17:16,18448.95,0
2021-06-16 12:18:03,18451.65,0
2021-06-16 12:18:05,18454.7,0
2021-06-16 12:18:07,18455.6,0
2021-06-16 12:17:20,18450.05,0
2021-06-16 12:17:21,18451.35,0
2021-06-16 12:18:09,18452.75,0
2021-06-16 12:18:11,18452.55,0
2021-06-16 12:17:22,18450.8,0
2021-06-16 12:18:12,18454.55,0
2021-06-16 12:17:23,18449.85,0
2021-06-16 12:17:24,18449.2,0
2021-06-16 12:17:27,18446.4,0
2021-06-16 12:17:28,18447.75,0
2021-06-16 12:18:16,18452.8,0
2021-06-16 12:18:18,18455.0,0
2021-06-16 12:17:30,18449.7,0
2021-06-16 12:17:32,18449.85,0
2021-06-16 12:17:33,18449.3,0
2021-06-16 12:18:24,18455.35,0
2021-06-16 12:17:37,18449.15,0
2021-06-16 12:18:25,18455.3,0
2021-06-16 12:17:38,18448.75,0
2021-06-16 12:18:27,18453.75,0
2021-06-16 12:17:39,18446.6,0
2021-06-16 12:18:28,18454.5,0
2021-06-16 12:17:41,18448.55,0
2021-06-16 12:18:29,18456.75,0
2021-06-16 12:17:42,18447.1,0
2021-06-16 12:18:30,18454.55,0
2021-06-16 12:17:43,18447.25,0
2021-06-16 12:18:33,18453.8,0
2021-06-16 12:18:34,18453.8,0
2021-06-16 12:17:48,18447.8,0
2021-06-16 12:17:49,18448.6,0
2021-06-16 12:18:36,18456.1,0
2021-06-16 12:17:51,18448.8,0
2021-06-16 12:17:53,18450.5,0
2021-06-16 12:18:38,18455.75,0
2021-06-16 12:17:54,18447.25,0
2021-06-16 12:18:39,18454.15,0
2021-06-16 12:17:56,18451.1,0
2021-06-16 12:18:41,18454.5,0
2021-06-16 12:17:57,18452.5,0
2021-06-16 12:18:46,18451.65,0
2021-06-16 12:18:03,18451.65,0
2021-06-16 12:18:47,18453.95,0
2021-06-16 12:18:49,18453.9,0
2021-06-16 12:18:50,18455.15,0
2021-06-16 12:18:05,18454.7,0
2021-06-16 12:18:07,18455.6,0
2021-06-16 12:18:09,18452.75,0
2021-06-16 12:18:54,18455.3,0
2021-06-16 12:18:55,18455.55,0
2021-06-16 12:18:11,18452.55,0
2021-06-16 12:18:12,18454.55,0
2021-06-16 12:18:16,18452.8,0
2021-06-16 12:18:18,18455.0,0
2021-06-16 12:19:00,18455.3,0
2021-06-16 12:18:24,18455.35,0
2021-06-16 12:18:25,18455.3,0
2021-06-16 12:19:05,18455.4,0
2021-06-16 12:19:07,18455.5,0
2021-06-16 12:19:08,18452.7,0
2021-06-16 12:18:27,18453.75,0
2021-06-16 12:18:28,18454.5,0
2021-06-16 12:18:29,18456.75,0
2021-06-16 12:19:11,18456.25,0
2021-06-16 12:18:30,18454.55,0
2021-06-16 12:19:14,18454.3,0
2021-06-16 12:18:33,18453.8,0
2021-06-16 12:18:34,18453.8,0
2021-06-16 12:18:36,18456.1,0
2021-06-16 12:19:20,18455.4,0
2021-06-16 12:18:38,18455.75,0
2021-06-16 12:18:39,18454.15,0
2021-06-16 12:19:22,18454.1,0
2021-06-16 12:18:41,18454.5,0
2021-06-16 12:19:25,18453.15,0
2021-06-16 12:19:28,18453.7,0
2021-06-16 12:18:46,18451.65,0
2021-06-16 12:19:30,18454.3,0
2021-06-16 12:18:47,18453.95,0
2021-06-16 12:19:31,18452.3,0
2021-06-16 12:19:32,18454.0,0
2021-06-16 12:19:33,18454.35,0
2021-06-16 12:18:49,18453.9,0
2021-06-16 12:18:50,18455.15,0
2021-06-16 12:19:38,18456.25,0
2021-06-16 12:18:54,18455.3,0
2021-06-16 12:18:55,18455.55,0
2021-06-16 12:19:47,18455.95,0
2021-06-16 12:19:00,18455.3,0
2021-06-16 12:19:50,18453.7,0
2021-06-16 12:19:05,18455.4,0
2021-06-16 12:19:07,18455.5,0
2021-06-16 12:19:08,18452.7,0
2021-06-16 12:19:57,18454.5,0
2021-06-16 12:19:58,18456.45,0
2021-06-16 12:19:11,18456.25,0
2021-06-16 12:19:14,18454.3,0
2021-06-16 12:20:03,18457.1,0
2021-06-16 12:20:04,18455.8,0
2021-06-16 12:19:20,18455.4,0
2021-06-16 12:20:07,18458.8,0
2021-06-16 12:19:22,18454.1,0
2021-06-16 12:19:25,18453.15,0
2021-06-16 12:20:12,18457.35,0
2021-06-16 12:19:28,18453.7,0
2021-06-16 12:20:16,18454.45,0
2021-06-16 12:20:17,18457.6,0
2021-06-16 12:19:30,18454.3,0
2021-06-16 12:19:31,18452.3,0
2021-06-16 12:20:19,18457.6,0
2021-06-16 12:19:32,18454.0,0
2021-06-16 12:20:20,18457.05,0
2021-06-16 12:19:33,18454.35,0
2021-06-16 12:20:23,18457.5,0
2021-06-16 12:20:25,18455.85,0
2021-06-16 12:20:28,18457.45,0
2021-06-16 12:19:38,18456.25,0
2021-06-16 12:20:32,18457.95,0
2021-06-16 12:20:33,18456.15,0
2021-06-16 12:20:34,18457.15,0
2021-06-16 12:19:47,18455.95,0
2021-06-16 12:20:35,18457.55,0
2021-06-16 12:20:36,18458.85,0
2021-06-16 12:20:37,18455.4,0
2021-06-16 12:19:50,18453.7,0
2021-06-16 12:20:41,18455.95,0
2021-06-16 12:20:42,18457.95,0
2021-06-16 12:20:43,18458.0,0
2021-06-16 12:20:44,18458.55,0
2021-06-16 12:20:45,18455.8,0
2021-06-16 12:20:46,18456.5,0
2021-06-16 12:20:47,18459.55,0
2021-06-16 12:19:57,18454.5,0
2021-06-16 12:20:48,18456.55,0
2021-06-16 12:19:58,18456.45,0
2021-06-16 12:20:52,18456.7,0
2021-06-16 12:20:54,18458.8,0
2021-06-16 12:20:03,18457.1,0
2021-06-16 12:20:56,18458.2,0
2021-06-16 12:20:04,18455.8,0
2021-06-16 12:20:07,18458.8,0
2021-06-16 12:21:02,18455.15,0
2021-06-16 12:20:12,18457.35,0
2021-06-16 12:21:06,18456.7,0
2021-06-16 12:20:16,18454.45,0
2021-06-16 12:21:08,18455.85,0
2021-06-16 12:20:17,18457.6,0
2021-06-16 12:21:10,18457.05,0
2021-06-16 12:20:19,18457.6,0
2021-06-16 12:20:20,18457.05,0
2021-06-16 12:20:23,18457.5,0
2021-06-16 12:21:13,18456.4,0
2021-06-16 12:20:25,18455.85,0
2021-06-16 12:21:15,18455.8,0
2021-06-16 12:21:16,18455.65,0
2021-06-16 12:20:28,18457.45,0
2021-06-16 12:21:17,18454.8,0
2021-06-16 12:20:32,18457.95,0
2021-06-16 12:20:33,18456.15,0
2021-06-16 12:20:34,18457.15,0
2021-06-16 12:21:26,18454.25,0
2021-06-16 12:20:35,18457.55,0
2021-06-16 12:20:36,18458.85,0
2021-06-16 12:21:28,18454.0,0
2021-06-16 12:20:37,18455.4,0
2021-06-16 12:21:29,18453.8,0
2021-06-16 12:21:31,18456.45,0
2021-06-16 12:20:41,18455.95,0
2021-06-16 12:20:42,18457.95,0
2021-06-16 12:21:35,18455.55,0
2021-06-16 12:20:43,18458.0,0
2021-06-16 12:21:42,18456.05,0
2021-06-16 12:20:44,18458.55,0
2021-06-16 12:20:45,18455.8,0
2021-06-16 12:21:43,18455.95,0
2021-06-16 12:20:46,18456.5,0
2021-06-16 12:20:47,18459.55,0
2021-06-16 12:20:48,18456.55,0
2021-06-16 12:21:47,18455.15,0
2021-06-16 12:20:52,18456.7,0
2021-06-16 12:21:48,18457.05,0
2021-06-16 12:21:49,18457.05,0
2021-06-16 12:20:54,18458.8,0
2021-06-16 12:21:51,18458.15,0
2021-06-16 12:21:53,18456.7,0
2021-06-16 12:20:56,18458.2,0
2021-06-16 12:21:56,18458.2,0
2021-06-16 12:21:57,18461.3,0
2021-06-16 12:21:58,18461.65,0
2021-06-16 12:21:59,18462.3,0
2021-06-16 12:21:02,18455.15,0
2021-06-16 12:21:06,18456.7,0
2021-06-16 12:21:08,18455.85,0
2021-06-16 12:22:03,18461.05,0
2021-06-16 12:21:10,18457.05,0
2021-06-16 12:22:05,18461.05,0
2021-06-16 12:21:13,18456.4,0
2021-06-16 12:22:06,18457.45,0
2021-06-16 12:22:07,18457.95,0
2021-06-16 12:21:15,18455.8,0
2021-06-16 12:21:16,18455.65,0
2021-06-16 12:21:17,18454.8,0
2021-06-16 12:21:26,18454.25,0
2021-06-16 12:21:28,18454.0,0
2021-06-16 12:21:29,18453.8,0
2021-06-16 12:22:16,18458.75,0
2021-06-16 12:22:18,18455.5,0
2021-06-16 12:21:31,18456.45,0
2021-06-16 12:22:19,18457.85,0
2021-06-16 12:22:20,18455.2,0
2021-06-16 12:22:22,18457.6,0
2021-06-16 12:21:35,18455.55,0
2021-06-16 12:22:23,18456.4,0
2021-06-16 12:22:26,18455.75,0
2021-06-16 12:22:28,18454.25,0
2021-06-16 12:22:29,18455.5,0
2021-06-16 12:21:42,18456.05,0
2021-06-16 12:21:43,18455.95,0
2021-06-16 12:22:32,18453.85,0
2021-06-16 12:22:34,18453.05,0
2021-06-16 12:21:47,18455.15,0
2021-06-16 12:22:35,18453.05,0
2021-06-16 12:21:48,18457.05,0
2021-06-16 12:21:49,18457.05,0
2021-06-16 12:22:37,18454.8,0
2021-06-16 12:22:38,18455.1,0
2021-06-16 12:21:51,18458.15,0
2021-06-16 12:22:39,18455.3,0
2021-06-16 12:22:40,18454.4,0
2021-06-16 12:21:53,18456.7,0
2021-06-16 12:22:42,18456.15,0
2021-06-16 12:22:43,18455.1,0
2021-06-16 12:21:56,18458.2,0
2021-06-16 12:22:46,18456.75,0
2021-06-16 12:21:57,18461.3,0
2021-06-16 12:21:58,18461.65,0
2021-06-16 12:22:47,18457.65,0
2021-06-16 12:21:59,18462.3,0
2021-06-16 12:22:48,18458.05,0
2021-06-16 12:22:50,18455.6,0
2021-06-16 12:22:03,18461.05,0
2021-06-16 12:22:52,18457.4,0
2021-06-16 12:22:05,18461.05,0
2021-06-16 12:22:06,18457.45,0
2021-06-16 12:22:07,18457.95,0
2021-06-16 12:22:55,18457.45,0
2021-06-16 12:22:57,18455.1,0
2021-06-16 12:22:59,18455.35,0
2021-06-16 12:23:00,18454.3,0
2021-06-16 12:23:02,18456.0,0
2021-06-16 12:23:06,18454.5,0
2021-06-16 12:23:08,18452.05,0
2021-06-16 12:22:16,18458.75,0
2021-06-16 12:22:18,18455.5,0
2021-06-16 12:22:19,18457.85,0
2021-06-16 12:22:20,18455.2,0
2021-06-16 12:22:22,18457.6,0
2021-06-16 12:22:23,18456.4,0
2021-06-16 12:22:26,18455.75,0
2021-06-16 12:23:15,18455.4,0
2021-06-16 12:23:16,18454.65,0
2021-06-16 12:22:28,18454.25,0
2021-06-16 12:22:29,18455.5,0
2021-06-16 12:23:18,18456.4,0
2021-06-16 12:22:32,18453.85,0
2021-06-16 12:23:19,18456.1,0
2021-06-16 12:22:34,18453.05,0
2021-06-16 12:22:35,18453.05,0
2021-06-16 12:23:20,18455.75,0
2021-06-16 12:22:37,18454.8,0
2021-06-16 12:22:38,18455.1,0
2021-06-16 12:22:39,18455.3,0
2021-06-16 12:22:40,18454.4,0
2021-06-16 12:22:42,18456.15,0
2021-06-16 12:22:43,18455.1,0
2021-06-16 12:23:27,18455.7,0
2021-06-16 12:22:46,18456.75,0
2021-06-16 12:23:29,18455.15,0
2021-06-16 12:22:47,18457.65,0
2021-06-16 12:23:30,18457.3,0
2021-06-16 12:22:48,18458.05,0
2021-06-16 12:22:50,18455.6,0
2021-06-16 12:23:35,18455.15,0
2021-06-16 12:22:52,18457.4,0
2021-06-16 12:22:55,18457.45,0
2021-06-16 12:22:57,18455.1,0
2021-06-16 12:22:59,18455.35,0
2021-06-16 12:23:00,18454.3,0
2021-06-16 12:23:02,18456.0,0
2021-06-16 12:23:42,18456.1,0
2021-06-16 12:23:06,18454.5,0
2021-06-16 12:23:08,18452.05,0
2021-06-16 12:23:50,18454.75,0
2021-06-16 12:23:51,18455.25,0
2021-06-16 12:23:15,18455.4,0
2021-06-16 12:23:16,18454.65,0
2021-06-16 12:23:55,18455.25,0
2021-06-16 12:23:57,18455.3,0
2021-06-16 12:23:58,18456.15,0
2021-06-16 12:23:18,18456.4,0
2021-06-16 12:23:19,18456.1,0
2021-06-16 12:23:20,18455.75,0
2021-06-16 12:24:02,18454.8,0
2021-06-16 12:24:04,18457.55,0
2021-06-16 12:23:27,18455.7,0
2021-06-16 12:23:29,18455.15,0
2021-06-16 12:24:08,18456.75,0
2021-06-16 12:23:30,18457.3,0
2021-06-16 12:24:09,18454.65,0
2021-06-16 12:24:10,18454.1,0
2021-06-16 12:24:12,18453.75,0
2021-06-16 12:24:14,18452.45,0
2021-06-16 12:24:15,18451.8,0
2021-06-16 12:23:35,18455.15,0
2021-06-16 12:24:18,18452.45,0
2021-06-16 12:24:19,18454.55,0
2021-06-16 12:24:20,18454.4,0
2021-06-16 12:23:42,18456.1,0
2021-06-16 12:24:26,18452.55,0
2021-06-16 12:23:50,18454.75,0
2021-06-16 12:23:51,18455.25,0
2021-06-16 12:24:27,18452.2,0
2021-06-16 12:24:28,18453.45,0
2021-06-16 12:24:31,18450.75,0
2021-06-16 12:24:32,18454.15,0
2021-06-16 12:23:55,18455.25,0
2021-06-16 12:23:57,18455.3,0
2021-06-16 12:23:58,18456.15,0
2021-06-16 12:24:02,18454.8,0
2021-06-16 12:24:38,18452.8,0
2021-06-16 12:24:39,18451.9,0
2021-06-16 12:24:04,18457.55,0
2021-06-16 12:24:40,18449.75,0
2021-06-16 12:24:41,18452.65,0
2021-06-16 12:24:08,18456.75,0
2021-06-16 12:24:09,18454.65,0
2021-06-16 12:24:10,18454.1,0
2021-06-16 12:24:12,18453.75,0
2021-06-16 12:24:14,18452.45,0
2021-06-16 12:24:15,18451.8,0
2021-06-16 12:24:18,18452.45,0
2021-06-16 12:24:19,18454.55,0
2021-06-16 12:24:47,18449.85,0
2021-06-16 12:24:20,18454.4,0
2021-06-16 12:24:51,18451.5,0
2021-06-16 12:24:53,18449.65,0
2021-06-16 12:24:54,18452.5,0
2021-06-16 12:24:57,18450.9,0
2021-06-16 12:24:26,18452.55,0
2021-06-16 12:24:27,18452.2,0
2021-06-16 12:24:28,18453.45,0
2021-06-16 12:25:03,18450.1,0
2021-06-16 12:25:04,18452.55,0
2021-06-16 12:25:05,18452.6,0
2021-06-16 12:24:31,18450.75,0
2021-06-16 12:24:32,18454.15,0
2021-06-16 12:25:11,18449.1,0
2021-06-16 12:25:12,18449.85,0
2021-06-16 12:24:38,18452.8,0
2021-06-16 12:25:13,18450.0,0
2021-06-16 12:24:39,18451.9,0
2021-06-16 12:24:40,18449.75,0
2021-06-16 12:24:41,18452.65,0
2021-06-16 12:25:17,18449.8,0
2021-06-16 12:25:22,18449.7,0
2021-06-16 12:24:47,18449.85,0
2021-06-16 12:25:26,18450.0,0
2021-06-16 12:25:27,18451.15,0
2021-06-16 12:24:51,18451.5,0
2021-06-16 12:25:30,18449.85,0
2021-06-16 12:24:53,18449.65,0
2021-06-16 12:24:54,18452.5,0
2021-06-16 12:24:57,18450.9,0
2021-06-16 12:25:34,18452.1,0
2021-06-16 12:25:03,18450.1,0
2021-06-16 12:25:36,18452.3,0
2021-06-16 12:25:04,18452.55,0
2021-06-16 12:25:05,18452.6,0
2021-06-16 12:25:43,18450.65,0
2021-06-16 12:25:11,18449.1,0
2021-06-16 12:25:12,18449.85,0
2021-06-16 12:25:13,18450.0,0
2021-06-16 12:25:17,18449.8,0
2021-06-16 12:25:46,18449.5,0
2021-06-16 12:25:22,18449.7,0
2021-06-16 12:25:52,18449.55,0
2021-06-16 12:25:54,18451.8,0
2021-06-16 12:25:26,18450.0,0
2021-06-16 12:25:55,18451.9,0
2021-06-16 12:25:27,18451.15,0
2021-06-16 12:25:30,18449.85,0
2021-06-16 12:25:57,18450.5,0
2021-06-16 12:25:34,18452.1,0
2021-06-16 12:26:00,18448.9,0
2021-06-16 12:25:36,18452.3,0
2021-06-16 12:26:02,18447.95,0
2021-06-16 12:26:05,18449.6,0
2021-06-16 12:26:07,18448.95,0
2021-06-16 12:26:10,18450.2,0
2021-06-16 12:25:43,18450.65,0
2021-06-16 12:25:46,18449.5,0
2021-06-16 12:26:14,18451.6,0
2021-06-16 12:26:15,18451.65,0
2021-06-16 12:25:52,18449.55,0
2021-06-16 12:25:54,18451.8,0
2021-06-16 12:25:55,18451.9,0
2021-06-16 12:26:17,18450.75,0
2021-06-16 12:25:57,18450.5,0
2021-06-16 12:26:21,18450.6,0
2021-06-16 12:26:22,18450.15,0
2021-06-16 12:26:00,18448.9,0
2021-06-16 12:26:23,18448.45,0
2021-06-16 12:26:02,18447.95,0
2021-06-16 12:26:05,18449.6,0
2021-06-16 12:26:07,18448.95,0
2021-06-16 12:26:10,18450.2,0
2021-06-16 12:26:14,18451.6,0
2021-06-16 12:26:15,18451.65,0
2021-06-16 12:26:36,18447.85,0
2021-06-16 12:26:37,18450.55,0
2021-06-16 12:26:17,18450.75,0
2021-06-16 12:26:21,18450.6,0
