timestamp,ltp,volume
2021-06-23 09:16:29,12160.05,3518
2021-06-23 09:16:30,12170.0,3629
2021-06-23 09:16:31,12172.4,3674
2021-06-23 09:16:32,12172.15,3678
2021-06-23 09:16:33,12172.15,3678
2021-06-23 09:16:34,12171.35,3693
2021-06-23 09:16:35,12175.95,3704
2021-06-23 09:16:36,12174.55,3729
2021-06-23 09:16:37,12166.3,3740
2021-06-23 09:16:38,12166.35,3741
2021-06-23 09:16:39,12174.6,3751
2021-06-23 09:16:40,12166.75,3762
2021-06-23 09:16:41,12166.55,3777
2021-06-23 09:16:42,12176.0,3806
2021-06-23 09:16:43,12174.4,3867
2021-06-23 09:16:44,12174.4,3867
2021-06-23 09:16:45,12174.4,3867
2021-06-23 09:16:46,12176.0,3880
2021-06-23 09:16:47,12176.0,3880
2021-06-23 09:16:48,12175.5,3958
2021-06-23 09:16:49,12175.5,3958
2021-06-23 09:16:51,12181.35,4058
2021-06-23 09:16:53,12170.35,4076
2021-06-23 09:16:54,12175.25,4077
2021-06-23 09:16:56,12175.25,4077
2021-06-23 09:16:57,12181.65,4128
2021-06-23 09:16:58,12172.8,4133
2021-06-23 09:16:59,12180.2,4139
2021-06-23 09:17:00,12180.25,4144
2021-06-23 09:17:01,12180.25,4144
2021-06-23 09:17:02,12172.6,4147
2021-06-23 09:17:03,12172.6,4147
2021-06-23 09:17:04,12179.8,4150
2021-06-23 09:17:06,12180.3,4161
2021-06-23 09:17:07,12186.0,4266
2021-06-23 09:17:10,12187.15,4267
2021-06-23 09:17:13,12181.2,4319
2021-06-23 09:17:14,12181.2,4319
2021-06-23 09:17:15,12181.2,4319
2021-06-23 09:17:16,12192.35,4355
2021-06-23 09:17:17,12192.35,4355
2021-06-23 09:17:18,12182.5,4382
2021-06-23 09:17:19,12186.8,4437
2021-06-23 09:17:20,12186.8,4437
2021-06-23 09:17:21,12186.8,4437
2021-06-23 09:17:22,12186.8,4437
2021-06-23 09:17:23,12186.7,4448
2021-06-23 09:17:24,12186.7,4448
2021-06-23 09:17:25,12186.7,4473
2021-06-23 09:17:26,12189.9,4493
2021-06-23 09:17:27,12189.9,4493
2021-06-23 09:17:28,12189.9,4493
2021-06-23 09:17:29,12189.9,4493
2021-06-23 09:17:30,12185.95,4555
2021-06-23 09:17:31,12185.95,4555
2021-06-23 09:17:32,12182.5,4563
2021-06-23 09:17:33,12182.5,4563
2021-06-23 09:17:34,12186.8,4566
2021-06-23 09:17:35,12186.8,4566
2021-06-23 09:17:36,12180.0,4590
2021-06-23 09:17:37,12180.05,4605
2021-06-23 09:17:38,12187.55,4634
2021-06-23 09:17:39,12189.2,4734
2021-06-23 09:17:40,12191.45,4784
2021-06-23 09:17:41,12191.4,4818
2021-06-23 09:17:42,12187.35,4821
2021-06-23 09:17:43,12184.05,4853
2021-06-23 09:17:44,12191.2,4855
2021-06-23 09:17:45,12191.2,4855
2021-06-23 09:17:46,12188.25,4860
2021-06-23 09:17:47,12188.25,4860
2021-06-23 09:17:48,12191.1,4863
2021-06-23 09:17:49,12191.1,4863
2021-06-23 09:17:50,12191.1,4863
2021-06-23 09:17:51,12191.1,4863
2021-06-23 09:17:53,12191.1,4863
2021-06-23 09:17:54,12189.75,4876
2021-06-23 09:17:55,12189.75,4876
2021-06-23 09:17:56,12182.5,4913
2021-06-23 09:17:57,12182.5,4913
2021-06-23 09:17:58,12182.75,4914
2021-06-23 09:17:59,12182.75,4914
2021-06-23 09:18:00,12190.0,4990
2021-06-23 09:18:01,12183.9,5070
2021-06-23 09:18:02,12190.0,5080
2021-06-23 09:18:03,12190.0,5080
2021-06-23 09:18:04,12190.0,5080
2021-06-23 09:18:05,12190.0,5080
2021-06-23 09:18:06,12189.9,5082
2021-06-23 09:18:07,12182.5,5162
2021-06-23 09:18:08,12183.0,5163
2021-06-23 09:18:09,12183.0,5163
2021-06-23 09:18:10,12187.9,5174
2021-06-23 09:18:11,12187.9,5174
2021-06-23 09:18:12,12187.9,5174
2021-06-23 09:18:13,12187.9,5174
2021-06-23 09:18:14,12183.35,5179
2021-06-23 09:18:15,12183.35,5179
2021-06-23 09:18:16,12183.35,5179
2021-06-23 09:18:17,12188.0,5181
2021-06-23 09:18:18,12188.0,5181
2021-06-23 09:18:19,12183.4,5184
2021-06-23 09:18:20,12183.9,5212
2021-06-23 09:18:21,12188.0,5223
2021-06-23 09:18:22,12188.0,5232
2021-06-23 09:18:23,12184.0,5252
2021-06-23 09:18:24,12184.0,5252
2021-06-23 09:18:25,12184.0,5252
2021-06-23 09:18:26,12187.0,5268
2021-06-23 09:18:27,12184.5,5270
2021-06-23 09:18:28,12184.5,5270
2021-06-23 09:18:29,12184.5,5270
2021-06-23 09:18:31,12183.9,5278
2021-06-23 09:18:32,12189.8,5295
2021-06-23 09:18:33,12184.1,5312
2021-06-23 09:18:34,12184.1,5312
2021-06-23 09:18:35,12182.5,5354
2021-06-23 09:18:36,12180.0,5421
2021-06-23 09:18:37,12183.8,5425
2021-06-23 09:18:38,12183.8,5425
2021-06-23 09:18:39,12177.1,5474
2021-06-23 09:18:40,12177.55,5487
2021-06-23 09:18:41,12177.55,5487
2021-06-23 09:18:42,12177.25,5527
2021-06-23 09:18:43,12178.15,5529
2021-06-23 09:18:44,12186.75,5570
2021-06-23 09:18:45,12177.4,5670
2021-06-23 09:18:46,12177.4,5670
2021-06-23 09:18:47,12177.0,5680
2021-06-23 09:18:48,12177.0,5680
2021-06-23 09:18:49,12177.0,5680
2021-06-23 09:18:50,12182.3,5688
2021-06-23 09:18:51,12182.3,5688
2021-06-23 09:18:52,12182.3,5688
2021-06-23 09:18:53,12182.3,5688
2021-06-23 09:18:54,12175.95,5746
2021-06-23 09:18:55,12175.95,5753
2021-06-23 09:18:56,12170.25,5754
2021-06-23 09:18:57,12170.0,5802
2021-06-23 09:18:58,12170.0,5802
2021-06-23 09:18:59,12166.0,5832
2021-06-23 09:19:00,12162.05,5971
2021-06-23 09:19:01,12153.75,6491
2021-06-23 09:19:02,12152.9,6502
2021-06-23 09:19:03,12152.9,6781
2021-06-23 09:19:04,12157.7,6862
2021-06-23 09:19:05,12149.7,6867
2021-06-23 09:19:08,12149.7,6917
2021-06-23 09:19:09,12157.95,6924
2021-06-23 09:19:10,12157.95,6924
2021-06-23 09:19:11,12162.85,6935
2021-06-23 09:19:13,12153.1,6988
2021-06-23 09:19:14,12162.2,6992
2021-06-23 09:19:15,12156.35,6993
2021-06-23 09:19:17,12161.3,7032
2021-06-23 09:19:17,12154.05,7100
2021-06-23 09:19:18,12154.05,7100
2021-06-23 09:19:19,12154.05,7100
2021-06-23 09:19:20,12154.0,7110
2021-06-23 09:19:21,12154.0,7110
2021-06-23 09:19:22,12155.0,7123
2021-06-23 09:19:23,12165.9,7144
2021-06-23 09:19:24,12166.0,7155
2021-06-23 09:19:25,12164.85,7167
2021-06-23 09:19:26,12160.0,7182
2021-06-23 09:19:27,12160.0,7182
2021-06-23 09:19:28,12156.0,7248
2021-06-23 09:19:29,12156.5,7258
2021-06-23 09:19:30,12155.25,7268
2021-06-23 09:19:32,12155.25,7268
2021-06-23 09:19:32,12155.25,7268
2021-06-23 09:19:33,12155.25,7268
2021-06-23 09:19:34,12155.25,7268
2021-06-23 09:19:36,12155.1,7275
2021-06-23 09:19:38,12161.8,7288
2021-06-23 09:19:39,12161.8,7304
2021-06-23 09:19:40,12161.1,7338
2021-06-23 09:19:41,12170.0,7397
2021-06-23 09:19:42,12167.4,7401
2021-06-23 09:19:44,12175.2,7418
2021-06-23 09:19:45,12175.2,7418
2021-06-23 09:19:46,12175.2,7418
2021-06-23 09:19:47,12175.2,7418
2021-06-23 09:19:48,12175.2,7418
2021-06-23 09:19:49,12164.15,7419
2021-06-23 09:19:50,12173.55,7424
2021-06-23 09:19:51,12167.65,7437
2021-06-23 09:19:52,12169.3,7438
2021-06-23 09:19:53,12162.95,7439
2021-06-23 09:19:54,12169.15,7457
2021-06-23 09:19:55,12169.45,7459
2021-06-23 09:19:56,12169.45,7459
2021-06-23 09:19:57,12169.45,7459
2021-06-23 09:19:58,12169.5,7460
2021-06-23 09:20:00,12169.5,7465
2021-06-23 09:20:01,12174.0,7517
2021-06-23 09:20:01,12171.55,7539
2021-06-23 09:20:02,12169.0,7601
2021-06-23 09:20:03,12165.7,7612
2021-06-23 09:20:04,12165.7,7612
2021-06-23 09:20:05,12166.0,7618
2021-06-23 09:20:06,12166.3,7619
2021-06-23 09:20:07,12170.0,7706
2021-06-23 09:20:08,12161.1,7763
2021-06-23 09:20:09,12165.15,7777
2021-06-23 09:20:10,12171.25,7902
2021-06-23 09:20:11,12169.7,7921
2021-06-23 09:20:12,12169.7,7922
2021-06-23 09:20:13,12169.7,7922
2021-06-23 09:20:15,12169.7,7922
2021-06-23 09:20:16,12162.5,7932
2021-06-23 09:20:18,12170.0,8000
2021-06-23 09:20:19,12170.0,8013
2021-06-23 09:20:20,12170.0,8023
2021-06-23 09:20:21,12170.0,8023
2021-06-23 09:20:22,12163.6,8123
2021-06-23 09:20:23,12163.6,8123
2021-06-23 09:20:25,12162.15,8180
2021-06-23 09:20:25,12165.15,8190
2021-06-23 09:20:26,12165.15,8191
2021-06-23 09:20:27,12165.15,8191
2021-06-23 09:20:28,12170.0,8214
2021-06-23 09:20:30,12166.0,8215
2021-06-23 09:20:31,12166.0,8215
2021-06-23 09:20:32,12166.0,8215
2021-06-23 09:20:33,12166.0,8215
2021-06-23 09:20:34,12166.0,8215
2021-06-23 09:20:34,12166.0,8215
2021-06-23 09:20:35,12162.6,8240
2021-06-23 09:20:36,12162.5,8241
2021-06-23 09:20:37,12162.5,8241
2021-06-23 09:20:38,12162.5,8241
2021-06-23 09:20:39,12166.0,8247
2021-06-23 09:20:40,12166.0,8247
2021-06-23 09:20:41,12166.05,8364
2021-06-23 09:20:42,12166.05,8364
2021-06-23 09:20:45,12161.0,8468
2021-06-23 09:20:46,12160.0,8508
2021-06-23 09:20:47,12165.0,8511
2021-06-23 09:20:48,12164.9,8513
2021-06-23 09:20:49,12164.9,8513
2021-06-23 09:20:51,12160.0,8523
2021-06-23 09:20:52,12164.0,8682
2021-06-23 09:20:53,12164.0,8682
2021-06-23 09:20:54,12164.45,8699
2021-06-23 09:20:55,12159.05,8700
2021-06-23 09:20:55,12156.8,8714
2021-06-23 09:20:56,12156.8,8714
2021-06-23 09:20:57,12162.0,8751
2021-06-23 09:20:58,12154.0,8816
2021-06-23 09:20:59,12154.0,8816
2021-06-23 09:21:06,12155.75,8865
2021-06-23 09:21:08,12150.0,8881
2021-06-23 09:21:09,12152.95,8886
2021-06-23 09:21:10,12149.0,9089
2021-06-23 09:21:11,12148.25,9103
2021-06-23 09:21:14,12148.0,9145
2021-06-23 09:21:15,12148.0,9145
2021-06-23 09:21:16,12148.0,9145
2021-06-23 09:21:17,12148.9,9149
2021-06-23 09:21:18,12149.0,9177
2021-06-23 09:21:19,12154.4,9185
2021-06-23 09:21:20,12153.95,9188
2021-06-23 09:21:22,12148.0,9192
2021-06-23 09:21:23,12148.0,9192
2021-06-23 09:21:24,12155.1,9212
2021-06-23 09:21:24,12155.1,9212
2021-06-23 09:21:25,12148.0,9219
2021-06-23 09:21:26,12148.0,9219
2021-06-23 09:21:27,12148.0,9250
2021-06-23 09:21:29,12153.95,9251
2021-06-23 09:21:30,12148.0,9252
2021-06-23 09:21:31,12148.0,9252
2021-06-23 09:21:32,12157.15,9385
2021-06-23 09:21:34,12149.3,9400
2021-06-23 09:21:35,12149.3,9400
2021-06-23 09:21:36,12149.45,9410
2021-06-23 09:21:37,12148.05,9411
2021-06-23 09:21:38,12153.95,9441
2021-06-23 09:21:39,12161.65,9487
2021-06-23 09:21:40,12161.65,9487
2021-06-23 09:21:41,12149.2,9503
2021-06-23 09:21:41,12149.2,9503
2021-06-23 09:21:42,12154.6,9509
2021-06-23 09:21:43,12154.6,9510
2021-06-23 09:21:44,12160.0,9556
2021-06-23 09:21:45,12164.5,9566
2021-06-23 09:21:46,12164.5,9566
2021-06-23 09:21:47,12157.0,9576
2021-06-23 09:21:48,12159.9,9596
2021-06-23 09:21:49,12160.0,9656
2021-06-23 09:21:51,12158.0,9678
2021-06-23 09:21:52,12150.0,9712
2021-06-23 09:21:54,12157.0,9739
2021-06-23 09:21:55,12150.3,9742
2021-06-23 09:21:56,12140.0,10107
2021-06-23 09:21:57,12143.1,10155
2021-06-23 09:21:58,12141.9,10156
2021-06-23 09:22:00,12138.0,10176
2021-06-23 09:22:01,12138.0,10176
2021-06-23 09:22:02,12138.0,10176
2021-06-23 09:22:03,12142.9,10256
2021-06-23 09:22:04,12142.9,10256
2021-06-23 09:22:05,12135.6,10281
2021-06-23 09:22:06,12135.05,10290
2021-06-23 09:22:07,12142.8,10332
2021-06-23 09:22:08,12147.6,10432
2021-06-23 09:22:09,12140.0,10445
2021-06-23 09:22:10,12140.0,10445
2021-06-23 09:22:11,12140.0,10445
2021-06-23 09:22:12,12140.0,10465
2021-06-23 09:22:13,12140.0,10466
2021-06-23 09:22:14,12140.0,10466
2021-06-23 09:22:15,12143.4,10487
2021-06-23 09:22:16,12140.0,10507
2021-06-23 09:22:17,12140.0,10508
2021-06-23 09:22:18,12140.0,10508
2021-06-23 09:22:19,12140.35,10581
2021-06-23 09:22:20,12139.15,10604
2021-06-23 09:22:21,12135.0,10623
2021-06-23 09:22:22,12136.15,10655
2021-06-23 09:22:23,12142.85,10658
2021-06-23 09:22:24,12143.0,10660
2021-06-23 09:22:25,12139.2,10664
2021-06-23 09:22:26,12143.0,10665
2021-06-23 09:22:27,12135.2,10666
2021-06-23 09:22:28,12139.2,10667
2021-06-23 09:22:29,12139.2,10668
2021-06-23 09:22:30,12139.2,10668
2021-06-23 09:22:31,12139.2,10668
2021-06-23 09:22:32,12139.2,10668
2021-06-23 09:22:33,12139.2,10683
2021-06-23 09:22:34,12139.2,10686
2021-06-23 09:22:35,12139.2,10686
2021-06-23 09:22:36,12139.2,10702
2021-06-23 09:22:38,12143.4,10707
2021-06-23 09:22:39,12143.4,10707
2021-06-23 09:22:40,12143.4,10707
2021-06-23 09:22:41,12143.4,10707
2021-06-23 09:22:42,12138.2,10709
2021-06-23 09:22:44,12154.45,10796
2021-06-23 09:22:45,12143.75,10821
2021-06-23 09:22:46,12144.0,10836
2021-06-23 09:22:47,12144.0,10836
2021-06-23 09:22:48,12144.0,10836
2021-06-23 09:22:49,12143.65,10852
2021-06-23 09:22:50,12143.65,10853
2021-06-23 09:22:51,12143.65,10853
2021-06-23 09:22:52,12146.6,10903
2021-06-23 09:22:53,12143.4,10904
2021-06-23 09:22:54,12140.25,10906
2021-06-23 09:22:55,12140.25,10907
2021-06-23 09:22:57,12140.25,10907
2021-06-23 09:22:58,12140.6,10916
2021-06-23 09:22:59,12134.0,10983
2021-06-23 09:22:59,12135.0,10933
2021-06-23 09:23:00,12131.0,11032
2021-06-23 09:23:02,12134.15,11039
2021-06-23 09:23:06,12132.0,11044
2021-06-23 09:23:07,12132.0,11044
2021-06-23 09:23:08,12132.0,11060
2021-06-23 09:23:09,12138.75,11083
2021-06-23 09:23:11,12132.0,11090
2021-06-23 09:23:12,12132.0,11129
2021-06-23 09:23:13,12132.0,11151
2021-06-23 09:23:14,12135.0,11161
2021-06-23 09:23:15,12135.0,11161
2021-06-23 09:23:16,12135.0,11161
2021-06-23 09:23:17,12134.15,11163
2021-06-23 09:23:18,12135.0,11164
2021-06-23 09:23:20,12138.0,11188
2021-06-23 09:23:21,12131.35,11198
2021-06-23 09:23:23,12137.0,11211
2021-06-23 09:23:24,12136.95,11222
2021-06-23 09:23:25,12139.2,11247
2021-06-23 09:23:26,12139.2,11247
2021-06-23 09:23:27,12132.0,11258
2021-06-23 09:23:27,12132.0,11258
2021-06-23 09:23:28,12132.0,11262
2021-06-23 09:23:29,12134.75,11264
2021-06-23 09:23:30,12134.75,11264
2021-06-23 09:23:31,12135.0,11313
2021-06-23 09:23:32,12132.0,11323
2021-06-23 09:23:33,12132.0,11323
2021-06-23 09:23:34,12135.6,11488
2021-06-23 09:23:35,12142.9,11545
2021-06-23 09:23:36,12142.95,11549
2021-06-23 09:23:37,12136.15,11553
2021-06-23 09:23:38,12142.95,11565
2021-06-23 09:23:39,12142.9,11567
2021-06-23 09:23:40,12142.9,11567
2021-06-23 09:23:41,12142.9,11567
2021-06-23 09:23:42,12135.25,11587
2021-06-23 09:23:43,12140.0,11609
2021-06-23 09:23:44,12140.0,11609
2021-06-23 09:23:45,12135.05,11611
2021-06-23 09:23:46,12135.05,11611
2021-06-23 09:23:47,12135.0,11627
2021-06-23 09:23:48,12140.55,11685
2021-06-23 09:23:49,12140.55,11685
2021-06-23 09:23:50,12140.55,11685
2021-06-23 09:23:51,12140.55,11685
2021-06-23 09:23:53,12137.7,11686
2021-06-23 09:23:54,12137.7,11687
2021-06-23 09:23:55,12135.15,11707
2021-06-23 09:23:56,12135.15,11707
2021-06-23 09:23:57,12135.15,11707
2021-06-23 09:23:58,12137.7,11712
2021-06-23 09:23:59,12134.4,11940
2021-06-23 09:24:00,12141.0,11987
2021-06-23 09:24:01,12141.0,11987
2021-06-23 09:24:02,12141.0,11987
2021-06-23 09:24:03,12135.0,12005
2021-06-23 09:24:04,12135.0,12005
2021-06-23 09:24:05,12134.4,12045
2021-06-23 09:24:06,12134.4,12047
2021-06-23 09:24:07,12134.4,12047
2021-06-23 09:24:08,12139.2,12049
2021-06-23 09:24:09,12139.2,12058
2021-06-23 09:24:10,12144.85,12100
2021-06-23 09:24:11,12144.85,12100
2021-06-23 09:24:12,12137.2,12160
2021-06-23 09:24:13,12145.0,12195
2021-06-23 09:24:14,12140.05,12196
2021-06-23 09:24:15,12145.0,12198
2021-06-23 09:24:16,12145.0,12205
2021-06-23 09:24:17,12145.0,12278
2021-06-23 09:24:19,12155.0,12527
2021-06-23 09:24:20,12158.35,12546
2021-06-23 09:24:21,12158.35,12546
2021-06-23 09:24:22,12150.0,12556
2021-06-23 09:24:23,12150.0,12557
2021-06-23 09:24:24,12149.0,12606
2021-06-23 09:24:25,12150.0,12650
2021-06-23 09:24:27,12150.4,12664
2021-06-23 09:24:26,12150.4,12664
2021-06-23 09:24:28,12145.25,12668
2021-06-23 09:24:29,12145.25,12668
2021-06-23 09:24:30,12150.05,12671
2021-06-23 09:24:31,12148.2,12723
2021-06-23 09:24:32,12149.35,12725
2021-06-23 09:24:33,12145.3,12726
2021-06-23 09:24:35,12142.0,12782
2021-06-23 09:24:36,12142.0,12791
2021-06-23 09:24:37,12140.15,12801
2021-06-23 09:24:37,12140.15,12801
2021-06-23 09:24:38,12140.25,12802
2021-06-23 09:24:40,12146.7,12828
2021-06-23 09:24:41,12146.65,12829
2021-06-23 09:24:43,12146.0,12830
2021-06-23 09:24:44,12146.8,12840
2021-06-23 09:24:45,12146.8,12840
2021-06-23 09:24:46,12146.8,12841
2021-06-23 09:24:47,12146.8,12841
2021-06-23 09:24:48,12155.65,12842
2021-06-23 09:24:49,12155.65,12842
2021-06-23 09:24:51,12157.65,12847
2021-06-23 09:24:52,12151.0,12851
2021-06-23 09:24:53,12150.35,12867
2021-06-23 09:24:55,12159.35,13030
2021-06-23 09:24:56,12157.65,13031
2021-06-23 09:24:57,12157.65,13031
2021-06-23 09:24:58,12157.65,13031
2021-06-23 09:24:59,12146.15,13036
2021-06-23 09:25:00,12146.15,13036
2021-06-23 09:25:01,12146.15,13036
2021-06-23 09:25:02,12146.25,13041
2021-06-23 09:25:03,12150.0,13061
2021-06-23 09:25:04,12150.0,13061
2021-06-23 09:25:05,12144.4,13111
2021-06-23 09:25:06,12152.15,13161
2021-06-23 09:25:07,12154.95,13193
2021-06-23 09:25:08,12154.95,13193
2021-06-23 09:25:08,12154.9,13205
2021-06-23 09:25:09,12151.2,13215
2021-06-23 09:25:10,12154.0,13222
2021-06-23 09:25:12,12159.35,13282
2021-06-23 09:25:13,12155.0,13297
2021-06-23 09:25:15,12160.0,13317
2021-06-23 09:25:16,12160.0,13333
2021-06-23 09:25:17,12162.85,13441
2021-06-23 09:25:18,12162.0,13462
2021-06-23 09:25:19,12169.75,13532
2021-06-23 09:25:20,12169.75,13532
2021-06-23 09:25:21,12169.5,13537
2021-06-23 09:25:22,12169.5,13537
2021-06-23 09:25:23,12169.0,13547
2021-06-23 09:25:24,12169.5,13548
2021-06-23 09:25:25,12169.5,13548
2021-06-23 09:25:26,12165.0,13582
2021-06-23 09:25:27,12168.0,13583
2021-06-23 09:25:28,12168.15,13713
2021-06-23 09:25:29,12174.0,13735
2021-06-23 09:25:30,12174.0,13735
2021-06-23 09:25:31,12168.0,13742
2021-06-23 09:25:32,12168.0,13756
2021-06-23 09:25:34,12174.0,13776
2021-06-23 09:25:35,12171.75,13779
2021-06-23 09:25:36,12171.75,13790
2021-06-23 09:25:37,12174.0,13794
2021-06-23 09:25:38,12174.0,13794
2021-06-23 09:25:39,12174.0,13796
2021-06-23 09:25:40,12174.0,13806
2021-06-23 09:25:41,12169.5,13822
2021-06-23 09:25:42,12173.0,13826
2021-06-23 09:25:43,12167.35,13953
2021-06-23 09:25:43,12167.35,13953
2021-06-23 09:25:44,12167.35,13953
2021-06-23 09:25:45,12165.0,13963
2021-06-23 09:25:46,12165.0,13963
2021-06-23 09:25:47,12165.0,13966
2021-06-23 09:25:48,12165.3,13974
2021-06-23 09:25:49,12165.3,13974
2021-06-23 09:25:50,12165.3,13974
2021-06-23 09:25:52,12165.3,13974
2021-06-23 09:25:53,12172.15,13994
2021-06-23 09:25:54,12166.65,13995
2021-06-23 09:25:55,12166.3,14060
2021-06-23 09:25:56,12166.3,14060
2021-06-23 09:25:57,12166.3,14060
2021-06-23 09:25:58,12166.3,14060
2021-06-23 09:25:59,12166.3,14060
2021-06-23 09:26:00,12166.3,14060
2021-06-23 09:26:01,12167.35,14071
2021-06-23 09:26:02,12165.3,14076
2021-06-23 09:26:03,12167.35,14086
2021-06-23 09:26:04,12167.35,14086
2021-06-23 09:26:05,12165.0,14097
2021-06-23 09:26:06,12165.0,14097
2021-06-23 09:26:07,12165.0,14097
2021-06-23 09:26:08,12165.0,14126
2021-06-23 09:26:09,12165.0,14126
2021-06-23 09:26:10,12167.0,14175
2021-06-23 09:26:11,12165.0,14193
2021-06-23 09:26:12,12165.0,14193
2021-06-23 09:26:13,12165.05,14208
2021-06-23 09:26:14,12165.0,14219
2021-06-23 09:26:15,12165.0,14219
2021-06-23 09:26:16,12165.0,14219
2021-06-23 09:26:17,12165.0,14219
2021-06-23 09:26:18,12166.0,14233
2021-06-23 09:26:19,12172.4,14333
2021-06-23 09:26:19,12172.4,14333
2021-06-23 09:26:21,12172.4,14333
2021-06-23 09:26:22,12173.0,14349
2021-06-23 09:26:23,12167.75,14369
2021-06-23 09:26:24,12166.7,14394
2021-06-23 09:26:25,12166.7,14394
2021-06-23 09:26:26,12166.7,14394
2021-06-23 09:26:28,12167.15,14399
2021-06-23 09:26:29,12167.15,14399
2021-06-23 09:26:30,12172.0,14402
2021-06-23 09:26:31,12167.0,14403
2021-06-23 09:26:32,12167.0,14404
2021-06-23 09:26:33,12167.0,14404
2021-06-23 09:26:34,12167.0,14405
2021-06-23 09:26:35,12165.0,14454
2021-06-23 09:26:36,12165.0,14464
2021-06-23 09:26:36,12165.0,14464
2021-06-23 09:26:37,12170.4,14489
2021-06-23 09:26:39,12170.4,14489
2021-06-23 09:26:40,12170.4,14489
2021-06-23 09:26:41,12174.0,14590
2021-06-23 09:26:42,12167.45,14605
2021-06-23 09:26:43,12175.25,14754
2021-06-23 09:26:44,12179.65,14781
2021-06-23 09:26:46,12173.75,14825
2021-06-23 09:26:47,12173.75,14825
2021-06-23 09:26:48,12173.75,14825
2021-06-23 09:26:49,12173.75,14825
2021-06-23 09:26:50,12173.75,14825
2021-06-23 09:26:51,12167.65,14855
2021-06-23 09:26:52,12173.35,14861
2021-06-23 09:26:53,12174.0,14886
2021-06-23 09:26:54,12174.0,14901
2021-06-23 09:26:55,12170.0,14916
2021-06-23 09:26:56,12170.0,14916
2021-06-23 09:26:57,12170.0,14916
2021-06-23 09:26:58,12170.0,14916
2021-06-23 09:26:59,12170.0,14916
2021-06-23 09:26:59,12170.0,14916
2021-06-23 09:27:01,12170.0,14916
2021-06-23 09:27:02,12172.2,14926
2021-06-23 09:27:03,12172.2,14926
2021-06-23 09:27:04,12172.2,14926
2021-06-23 09:27:05,12170.0,14928
2021-06-23 09:27:06,12170.0,14928
2021-06-23 09:27:07,12170.0,14928
2021-06-23 09:27:08,12167.0,15097
2021-06-23 09:27:09,12171.4,15116
2021-06-23 09:27:10,12171.4,15116
2021-06-23 09:27:11,12170.9,15131
2021-06-23 09:27:12,12171.05,15146
2021-06-23 09:27:13,12171.05,15146
2021-06-23 09:27:14,12160.0,15263
2021-06-23 09:27:15,12165.95,15265
2021-06-23 09:27:16,12165.95,15265
2021-06-23 09:27:17,12165.95,15265
2021-06-23 09:27:18,12165.95,15265
2021-06-23 09:27:19,12165.95,15265
2021-06-23 09:27:21,12165.95,15286
2021-06-23 09:27:22,12165.95,15286
2021-06-23 09:27:23,12165.95,15338
2021-06-23 09:27:24,12166.05,15348
2021-06-23 09:27:25,12166.05,15348
2021-06-23 09:27:26,12166.05,15348
2021-06-23 09:27:27,12166.05,15348
2021-06-23 09:27:28,12171.3,15355
2021-06-23 09:27:29,12171.3,15355
2021-06-23 09:27:30,12171.3,15355
2021-06-23 09:27:31,12171.3,15355
2021-06-23 09:27:32,12171.3,15355
2021-06-23 09:27:33,12171.3,15355
2021-06-23 09:27:34,12171.3,15355
2021-06-23 09:27:35,12170.0,15360
2021-06-23 09:27:36,12170.0,15360
2021-06-23 09:27:37,12165.95,15361
2021-06-23 09:27:38,12165.95,15361
2021-06-23 09:27:39,12165.95,15361
2021-06-23 09:27:40,12169.85,15378
2021-06-23 09:27:41,12165.95,15383
2021-06-23 09:27:42,12169.65,15416
2021-06-23 09:27:43,12161.75,15422
2021-06-23 09:27:44,12169.0,15423
2021-06-23 09:27:45,12169.0,15423
2021-06-23 09:27:46,12169.0,15423
2021-06-23 09:27:48,12169.5,15523
2021-06-23 09:27:47,12169.5,15523
2021-06-23 09:27:49,12162.55,15528
2021-06-23 09:27:50,12162.55,15528
2021-06-23 09:27:51,12162.55,15528
2021-06-23 09:27:52,12162.55,15528
2021-06-23 09:27:53,12162.55,15528
2021-06-23 09:27:54,12162.7,15538
2021-06-23 09:27:55,12163.0,15548
2021-06-23 09:27:56,12163.0,15548
2021-06-23 09:27:57,12163.2,15549
2021-06-23 09:27:58,12168.7,15555
2021-06-23 09:27:59,12163.6,15564
2021-06-23 09:28:00,12168.7,15565
2021-06-23 09:28:01,12168.7,15565
2021-06-23 09:28:02,12168.7,15565
2021-06-23 09:28:03,12168.7,15565
2021-06-23 09:28:04,12168.0,15568
2021-06-23 09:28:05,12163.65,15570
2021-06-23 09:28:06,12168.0,15605
2021-06-23 09:28:07,12168.0,15605
2021-06-23 09:28:08,12161.45,15614
2021-06-23 09:28:09,12162.55,15619
2021-06-23 09:28:10,12163.65,15627
2021-06-23 09:28:11,12168.0,15629
2021-06-23 09:28:12,12168.0,15629
2021-06-23 09:28:13,12168.0,15629
2021-06-23 09:28:14,12163.2,15632
2021-06-23 09:28:15,12163.2,15633
2021-06-23 09:28:16,12163.05,15635
2021-06-23 09:28:17,12163.05,15635
2021-06-23 09:28:18,12167.7,15636
2021-06-23 09:28:19,12167.7,15636
2021-06-23 09:28:20,12167.7,15636
2021-06-23 09:28:21,12167.7,15636
2021-06-23 09:28:22,12167.7,15636
2021-06-23 09:28:23,12164.0,15638
2021-06-23 09:28:24,12167.6,15640
2021-06-23 09:28:25,12163.15,15645
2021-06-23 09:28:27,12163.15,15645
2021-06-23 09:28:28,12167.0,15655
2021-06-23 09:28:29,12167.0,15655
2021-06-23 09:28:30,12167.0,15655
2021-06-23 09:28:31,12167.0,15655
2021-06-23 09:28:32,12164.0,15675
2021-06-23 09:28:35,12166.95,15679
2021-06-23 09:28:36,12166.95,15679
2021-06-23 09:28:37,12166.95,15680
2021-06-23 09:28:38,12166.95,15680
2021-06-23 09:28:39,12163.0,15689
2021-06-23 09:28:40,12160.0,15784
2021-06-23 09:28:41,12166.85,15829
2021-06-23 09:28:42,12166.85,15829
2021-06-23 09:28:43,12160.1,15839
2021-06-23 09:28:44,12160.1,15839
2021-06-23 09:28:45,12160.1,15839
2021-06-23 09:28:47,12157.15,16344
2021-06-23 09:28:48,12155.2,16373
2021-06-23 09:28:49,12155.2,16373
2021-06-23 09:28:50,12147.6,16383
2021-06-23 09:28:51,12153.35,16411
2021-06-23 09:28:52,12153.35,16411
2021-06-23 09:28:53,12153.35,16411
2021-06-23 09:28:54,12153.35,16411
2021-06-23 09:28:55,12151.7,16412
2021-06-23 09:28:56,12147.7,16414
2021-06-23 09:28:57,12147.7,16414
2021-06-23 09:28:58,12147.7,16414
2021-06-23 09:28:59,12147.7,16414
2021-06-23 09:29:00,12148.0,16417
2021-06-23 09:29:01,12153.25,16467
2021-06-23 09:29:02,12153.55,16470
2021-06-23 09:29:03,12153.55,16470
2021-06-23 09:29:04,12153.55,16470
2021-06-23 09:29:07,12148.0,16496
2021-06-23 09:29:08,12153.45,16546
2021-06-23 09:29:09,12152.15,16556
2021-06-23 09:29:10,12152.15,16556
2021-06-23 09:29:11,12152.15,16556
2021-06-23 09:29:12,12152.15,16556
2021-06-23 09:29:13,12152.1,16559
2021-06-23 09:29:14,12152.1,16559
2021-06-23 09:29:15,12155.0,16589
2021-06-23 09:29:16,12158.1,16611
2021-06-23 09:29:17,12156.85,16616
2021-06-23 09:29:19,12156.85,16616
2021-06-23 09:29:19,12156.85,16616
2021-06-23 09:29:20,12149.0,16653
2021-06-23 09:29:21,12153.55,16690
2021-06-23 09:29:23,12155.1,16701
2021-06-23 09:29:24,12155.1,16701
2021-06-23 09:29:25,12155.1,16701
2021-06-23 09:29:26,12155.1,16701
2021-06-23 09:29:27,12155.1,16701
2021-06-23 09:29:28,12155.1,16701
2021-06-23 09:29:29,12155.1,16701
2021-06-23 09:29:30,12155.1,16701
2021-06-23 09:29:31,12155.1,16701
2021-06-23 09:29:32,12155.1,16701
2021-06-23 09:29:33,12150.0,16704
2021-06-23 09:29:34,12150.0,16704
2021-06-23 09:29:35,12150.0,16704
2021-06-23 09:29:36,12150.0,16704
2021-06-23 09:29:37,12150.0,16704
2021-06-23 09:29:38,12154.8,16768
2021-06-23 09:29:39,12154.8,16768
2021-06-23 09:29:40,12154.8,16768
2021-06-23 09:29:41,12154.8,16768
2021-06-23 09:29:42,12154.8,16768
2021-06-23 09:29:43,12154.8,16768
2021-06-23 09:29:44,12154.0,16769
2021-06-23 09:29:46,12154.0,16769
2021-06-23 09:29:47,12154.0,16769
2021-06-23 09:29:48,12154.0,16769
2021-06-23 09:29:49,12154.0,16769
2021-06-23 09:29:50,12150.0,16794
2021-06-23 09:29:51,12142.55,16816
2021-06-23 09:29:52,12142.55,16816
2021-06-23 09:29:53,12142.55,16816
2021-06-23 09:29:55,12142.55,16816
2021-06-23 09:29:56,12142.55,16816
2021-06-23 09:29:57,12149.75,16835
2021-06-23 09:29:58,12143.6,16986
2021-06-23 09:29:59,12143.6,16986
2021-06-23 09:30:00,12143.95,16987
2021-06-23 09:30:00,12143.95,16987
2021-06-23 09:30:01,12143.6,16992
2021-06-23 09:30:02,12143.6,16992
2021-06-23 09:30:03,12143.6,16992
2021-06-23 09:30:04,12143.6,16992
2021-06-23 09:30:05,12143.6,16992
2021-06-23 09:30:06,12142.9,16995
2021-06-23 09:30:07,12142.9,16995
2021-06-23 09:30:08,12142.9,16995
2021-06-23 09:30:10,12142.9,16995
2021-06-23 09:30:11,12141.9,17006
2021-06-23 09:30:12,12141.9,17006
2021-06-23 09:30:13,12141.9,17006
2021-06-23 09:30:14,12141.9,17006
2021-06-23 09:30:15,12143.0,17020
2021-06-23 09:30:16,12143.0,17028
2021-06-23 09:30:17,12143.0,17031
2021-06-23 09:30:18,12143.0,17031
2021-06-23 09:30:19,12143.0,17031
2021-06-23 09:30:20,12142.1,17058
2021-06-23 09:30:21,12142.1,17058
2021-06-23 09:30:23,12143.0,17124
2021-06-23 09:30:24,12143.0,17124
2021-06-23 09:30:25,12143.0,17124
2021-06-23 09:30:26,12143.0,17125
2021-06-23 09:30:27,12143.0,17126
2021-06-23 09:30:29,12143.0,17126
2021-06-23 09:30:30,12143.0,17126
2021-06-23 09:30:31,12143.0,17136
2021-06-23 09:30:31,12143.0,17151
2021-06-23 09:30:34,12143.0,17151
2021-06-23 09:30:36,12147.1,17152
2021-06-23 09:30:37,12143.25,17154
2021-06-23 09:30:38,12143.25,17154
2021-06-23 09:30:38,12146.3,17161
2021-06-23 09:30:40,12147.05,17162
2021-06-23 09:30:40,12143.0,17183
2021-06-23 09:30:41,12143.0,17183
2021-06-23 09:30:42,12143.0,17183
2021-06-23 09:30:44,12143.0,17183
2021-06-23 09:30:45,12143.05,17187
2021-06-23 09:30:45,12143.05,17187
2021-06-23 09:30:46,12145.5,17335
2021-06-23 09:30:48,12140.0,17472
2021-06-23 09:30:49,12140.0,17477
2021-06-23 09:30:49,12138.0,17486
2021-06-23 09:30:51,12138.0,17486
2021-06-23 09:30:51,12138.0,17486
2021-06-23 09:30:52,12138.0,17486
2021-06-23 09:30:54,12135.1,17491
2021-06-23 09:30:54,12135.1,17491
2021-06-23 09:30:56,12135.05,17492
2021-06-23 09:30:56,12135.05,17492
2021-06-23 09:30:58,12135.1,17640
2021-06-23 09:30:59,12130.0,17709
2021-06-23 09:31:00,12131.0,17710
2021-06-23 09:31:02,12130.95,17734
2021-06-23 09:31:04,12130.95,17734
2021-06-23 09:31:04,12130.95,17734
2021-06-23 09:31:05,12130.0,17744
2021-06-23 09:31:06,12130.5,17766
2021-06-23 09:31:07,12130.0,17903
2021-06-23 09:31:08,12130.0,17973
2021-06-23 09:31:09,12125.1,17978
2021-06-23 09:31:10,12128.0,17979
2021-06-23 09:31:11,12126.2,17993
2021-06-23 09:31:13,12125.5,18203
2021-06-23 09:31:14,12125.15,18207
2021-06-23 09:31:15,12125.0,18210
2021-06-23 09:31:15,12125.0,18225
2021-06-23 09:31:17,12125.0,18276
2021-06-23 09:31:18,12125.0,18277
2021-06-23 09:31:19,12125.05,18294
2021-06-23 09:31:19,12125.05,18294
2021-06-23 09:31:21,12125.1,18318
2021-06-23 09:31:22,12125.0,18324
2021-06-23 09:31:23,12125.0,18324
2021-06-23 09:31:24,12126.0,18340
2021-06-23 09:31:26,12126.0,18340
2021-06-23 09:31:26,12126.0,18350
2021-06-23 09:31:28,12126.15,18351
2021-06-23 09:31:29,12126.0,18357
2021-06-23 09:31:31,12132.4,18479
2021-06-23 09:31:32,12135.65,18482
2021-06-23 09:31:34,12135.7,18483
2021-06-23 09:31:35,12136.4,18484
2021-06-23 09:31:36,12136.4,18484
2021-06-23 09:31:37,12132.7,18504
2021-06-23 09:31:38,12132.7,18504
2021-06-23 09:31:40,12132.7,18504
2021-06-23 09:31:41,12131.65,18518
2021-06-23 09:31:41,12125.0,18618
2021-06-23 09:31:43,12124.0,18867
2021-06-23 09:31:43,12123.4,18870
2021-06-23 09:31:44,12117.05,18887
2021-06-23 09:31:45,12117.05,18887
2021-06-23 09:31:46,12120.0,18897
2021-06-23 09:31:48,12122.3,18938
2021-06-23 09:31:48,12122.3,18938
2021-06-23 09:31:49,12122.3,18940
2021-06-23 09:31:50,12122.3,18940
2021-06-23 09:31:51,12117.0,18946
2021-06-23 09:31:53,12117.15,19093
2021-06-23 09:31:54,12117.05,19118
2021-06-23 09:31:55,12117.05,19174
2021-06-23 09:31:56,12118.6,19291
2021-06-23 09:31:57,12115.05,19293
2021-06-23 09:31:59,12115.0,19337
2021-06-23 09:31:59,12115.0,19337
2021-06-23 09:32:01,12112.65,19341
2021-06-23 09:32:01,12112.65,19341
2021-06-23 09:32:02,12112.65,19341
2021-06-23 09:32:03,12110.0,19391
2021-06-23 09:32:05,12112.25,19414
2021-06-23 09:32:06,12112.25,19414
2021-06-23 09:32:06,12112.25,19456
2021-06-23 09:32:08,12112.25,19611
2021-06-23 09:32:10,12114.65,19631
2021-06-23 09:32:13,12110.45,19660
2021-06-23 09:32:14,12110.45,19660
2021-06-23 09:32:15,12110.5,19661
2021-06-23 09:32:16,12110.25,19679
2021-06-23 09:32:18,12115.0,19728
2021-06-23 09:32:19,12115.0,19728
2021-06-23 09:32:20,12115.0,19733
2021-06-23 09:32:21,12115.0,19733
2021-06-23 09:32:22,12113.0,19735
2021-06-23 09:32:23,12113.0,19735
2021-06-23 09:32:24,12116.0,19774
2021-06-23 09:32:26,12119.45,19831
2021-06-23 09:32:26,12119.45,19831
2021-06-23 09:32:28,12114.05,19834
2021-06-23 09:32:29,12114.05,19834
2021-06-23 09:32:30,12114.05,19834
2021-06-23 09:32:31,12113.7,19841
2021-06-23 09:32:32,12115.15,19859
2021-06-23 09:32:32,12115.15,19859
2021-06-23 09:32:33,12119.8,19873
2021-06-23 09:32:35,12117.3,19909
2021-06-23 09:32:36,12120.0,19919
2021-06-23 09:32:37,12120.0,19919
2021-06-23 09:32:38,12115.35,19921
2021-06-23 09:32:38,12115.35,19921
2021-06-23 09:32:40,12122.0,19981
2021-06-23 09:32:41,12117.75,19992
2021-06-23 09:32:41,12117.75,19992
2021-06-23 09:32:43,12124.0,20012
2021-06-23 09:32:44,12123.9,20015
2021-06-23 09:32:45,12124.35,20045
2021-06-23 09:32:46,12124.35,20045
2021-06-23 09:32:47,12124.35,20045
2021-06-23 09:32:49,12125.0,20095
2021-06-23 09:32:50,12120.1,20105
2021-06-23 09:32:51,12120.1,20105
2021-06-23 09:32:52,12120.05,20106
2021-06-23 09:32:53,12124.55,20107
2021-06-23 09:32:54,12122.25,20108
2021-06-23 09:32:55,12119.5,20132
2021-06-23 09:32:56,12119.5,20137
2021-06-23 09:32:57,12119.0,20144
2021-06-23 09:32:58,12119.0,20144
2021-06-23 09:32:58,12122.5,20244
2021-06-23 09:32:59,12122.5,20244
2021-06-23 09:33:00,12115.0,20299
2021-06-23 09:33:01,12115.0,20334
2021-06-23 09:33:02,12113.7,20337
2021-06-23 09:33:03,12113.7,20337
2021-06-23 09:33:04,12113.0,20378
2021-06-23 09:33:05,12113.0,20390
2021-06-23 09:33:07,12113.0,20390
2021-06-23 09:33:08,12113.0,20422
2021-06-23 09:33:08,12113.0,20422
2021-06-23 09:33:09,12112.0,20478
2021-06-23 09:33:10,12116.6,20480
2021-06-23 09:33:11,12116.8,20495
2021-06-23 09:33:13,12116.8,20495
2021-06-23 09:33:15,12111.35,20498
2021-06-23 09:33:14,12111.35,20498
2021-06-23 09:33:16,12111.35,20498
2021-06-23 09:33:18,12111.35,20498
2021-06-23 09:33:18,12111.0,20503
2021-06-23 09:33:19,12111.1,20515
2021-06-23 09:33:21,12111.15,20536
2021-06-23 09:33:22,12111.05,20541
2021-06-23 09:33:23,12111.0,20566
2021-06-23 09:33:24,12111.05,20568
2021-06-23 09:33:25,12111.0,20571
2021-06-23 09:33:25,12111.0,20571
2021-06-23 09:33:26,12111.0,20583
2021-06-23 09:33:27,12105.5,20741
2021-06-23 09:33:28,12111.05,20755
2021-06-23 09:33:29,12105.05,20816
2021-06-23 09:33:30,12105.05,20827
2021-06-23 09:33:31,12105.05,20827
2021-06-23 09:33:32,12105.05,20827
2021-06-23 09:33:33,12105.05,20827
2021-06-23 09:33:34,12105.05,20827
2021-06-23 09:33:35,12107.5,20829
2021-06-23 09:33:37,12105.0,20860
2021-06-23 09:33:38,12105.0,20860
2021-06-23 09:33:39,12105.0,20904
2021-06-23 09:33:40,12105.4,20911
2021-06-23 09:33:41,12103.0,20982
2021-06-23 09:33:41,12103.05,20994
2021-06-23 09:33:42,12103.05,20994
2021-06-23 09:33:43,12108.65,20995
2021-06-23 09:33:46,12103.15,21034
2021-06-23 09:33:46,12103.15,21034
2021-06-23 09:33:47,12103.15,21034
2021-06-23 09:33:48,12108.3,21086
2021-06-23 09:33:49,12105.1,21098
2021-06-23 09:33:51,12105.1,21127
2021-06-23 09:33:51,12105.1,21127
2021-06-23 09:33:52,12108.7,21129
2021-06-23 09:33:53,12105.0,21167
2021-06-23 09:33:55,12105.1,21168
2021-06-23 09:33:55,12107.35,21221
2021-06-23 09:33:56,12111.4,21473
2021-06-23 09:33:57,12112.0,21489
2021-06-23 09:33:59,12112.0,21489
2021-06-23 09:33:59,12112.0,21489
2021-06-23 09:34:01,12106.15,21569
2021-06-23 09:34:02,12106.15,21569
2021-06-23 09:34:03,12110.4,21572
2021-06-23 09:34:04,12110.4,21572
2021-06-23 09:34:04,12110.4,21572
2021-06-23 09:34:05,12110.4,21572
2021-06-23 09:34:06,12110.4,21572
2021-06-23 09:34:07,12105.05,21574
2021-06-23 09:34:08,12105.05,21743
2021-06-23 09:34:10,12105.0,21765
2021-06-23 09:34:11,12105.0,21765
2021-06-23 09:34:13,12103.0,21768
2021-06-23 09:34:13,12103.05,21773
2021-06-23 09:34:15,12103.0,21819
2021-06-23 09:34:16,12103.0,21827
2021-06-23 09:34:17,12103.85,21828
2021-06-23 09:34:18,12103.0,21847
2021-06-23 09:34:19,12103.05,21872
2021-06-23 09:34:20,12103.0,21886
2021-06-23 09:34:20,12103.0,21886
2021-06-23 09:34:21,12105.0,21891
2021-06-23 09:34:23,12104.5,21902
2021-06-23 09:34:24,12104.5,21902
2021-06-23 09:34:25,12103.1,21906
2021-06-23 09:34:26,12103.0,21916
2021-06-23 09:34:26,12103.0,21916
2021-06-23 09:34:27,12109.35,21917
2021-06-23 09:34:28,12109.45,21974
2021-06-23 09:34:29,12109.35,21979
2021-06-23 09:34:31,12105.0,21984
2021-06-23 09:34:32,12104.4,21994
2021-06-23 09:34:33,12105.1,22006
2021-06-23 09:34:34,12103.05,22011
2021-06-23 09:34:34,12103.05,22011
2021-06-23 09:34:36,12103.05,22011
2021-06-23 09:34:37,12103.05,22011
2021-06-23 09:34:38,12103.05,22011
2021-06-23 09:34:39,12104.0,22021
2021-06-23 09:34:40,12103.05,22023
2021-06-23 09:34:40,12103.05,22023
2021-06-23 09:34:42,12111.45,22247
2021-06-23 09:34:43,12117.0,22257
2021-06-23 09:34:44,12117.0,22257
2021-06-23 09:34:45,12111.55,22261
2021-06-23 09:34:47,12111.55,22261
2021-06-23 09:34:48,12111.55,22261
2021-06-23 09:34:48,12104.0,22285
2021-06-23 09:34:49,12105.9,22295
2021-06-23 09:34:50,12104.0,22313
2021-06-23 09:34:51,12104.0,22318
2021-06-23 09:34:52,12103.3,22324
2021-06-23 09:34:53,12103.3,22334
2021-06-23 09:34:55,12104.0,22336
2021-06-23 09:34:56,12103.3,22347
2021-06-23 09:34:57,12103.05,22349
2021-06-23 09:34:59,12103.3,22360
2021-06-23 09:35:00,12104.6,22521
2021-06-23 09:35:00,12105.05,22532
2021-06-23 09:35:01,12106.0,22534
2021-06-23 09:35:02,12110.5,22665
2021-06-23 09:35:03,12110.5,22665
2021-06-23 09:35:04,12107.6,22685
2021-06-23 09:35:05,12103.3,22715
2021-06-23 09:35:06,12103.4,22721
2021-06-23 09:35:07,12103.4,22721
2021-06-23 09:35:09,12103.05,22790
2021-06-23 09:35:10,12103.1,22801
2021-06-23 09:35:12,12103.05,22873
2021-06-23 09:35:13,12103.05,22873
2021-06-23 09:35:14,12103.05,22949
2021-06-23 09:35:16,12103.05,22960
2021-06-23 09:35:17,12103.05,22963
2021-06-23 09:35:17,12103.05,22963
2021-06-23 09:35:18,12103.05,22963
2021-06-23 09:35:19,12103.05,23023
2021-06-23 09:35:20,12103.0,23037
2021-06-23 09:35:21,12103.0,23039
2021-06-23 09:35:23,12103.0,23049
2021-06-23 09:35:24,12103.05,23059
2021-06-23 09:35:25,12102.4,23185
2021-06-23 09:35:26,12102.0,23216
2021-06-23 09:35:27,12102.0,23223
2021-06-23 09:35:28,12102.0,23223
2021-06-23 09:35:29,12102.5,23236
2021-06-23 09:35:30,12102.5,23236
2021-06-23 09:35:31,12102.45,23241
2021-06-23 09:35:32,12103.0,23242
2021-06-23 09:35:33,12103.0,23258
2021-06-23 09:35:34,12102.0,23271
2021-06-23 09:35:35,12103.0,23272
2021-06-23 09:35:36,12101.5,23277
2021-06-23 09:35:37,12101.5,23277
2021-06-23 09:35:38,12101.0,23279
2021-06-23 09:35:39,12103.0,23325
2021-06-23 09:35:40,12102.0,23344
2021-06-23 09:35:40,12102.0,23344
2021-06-23 09:35:41,12102.0,23344
2021-06-23 09:35:42,12102.0,23344
2021-06-23 09:35:43,12102.0,23344
2021-06-23 09:35:44,12102.0,23344
2021-06-23 09:35:46,12102.0,23394
2021-06-23 09:35:47,12101.0,23400
2021-06-23 09:35:49,12108.0,23700
2021-06-23 09:35:50,12106.05,23718
2021-06-23 09:35:51,12101.8,23768
2021-06-23 09:35:52,12109.9,23803
2021-06-23 09:35:53,12109.9,23803
2021-06-23 09:35:54,12107.45,23806
2021-06-23 09:35:55,12107.0,23861
2021-06-23 09:35:56,12107.0,23861
2021-06-23 09:35:57,12102.3,23892
2021-06-23 09:35:58,12104.95,23893
2021-06-23 09:35:59,12101.0,23945
2021-06-23 09:36:00,12103.6,23959
2021-06-23 09:36:01,12101.25,23969
2021-06-23 09:36:02,12103.6,23980
2021-06-23 09:36:03,12102.1,23999
2021-06-23 09:36:04,12105.0,24085
2021-06-23 09:36:05,12105.0,24085
2021-06-23 09:36:06,12105.0,24085
2021-06-23 09:36:07,12105.0,24085
2021-06-23 09:36:08,12105.0,24085
2021-06-23 09:36:09,12105.0,24085
2021-06-23 09:36:10,12105.0,24128
2021-06-23 09:36:12,12101.0,24181
2021-06-23 09:36:13,12101.0,24181
2021-06-23 09:36:14,12098.85,24832
2021-06-23 09:36:15,12095.0,24878
2021-06-23 09:36:16,12095.0,24941
2021-06-23 09:36:17,12095.0,24951
2021-06-23 09:36:18,12092.45,24953
2021-06-23 09:36:19,12094.8,25004
2021-06-23 09:36:20,12094.8,25004
2021-06-23 09:36:22,12094.8,25004
2021-06-23 09:36:23,12090.0,25052
2021-06-23 09:36:24,12090.0,25052
2021-06-23 09:36:25,12096.4,25078
2021-06-23 09:36:26,12092.0,25099
2021-06-23 09:36:27,12092.25,25110
2021-06-23 09:36:28,12090.0,25209
2021-06-23 09:36:29,12081.0,25426
2021-06-23 09:36:30,12081.0,25478
2021-06-23 09:36:31,12081.05,25493
2021-06-23 09:36:32,12081.05,25509
2021-06-23 09:36:33,12081.0,25535
2021-06-23 09:36:34,12080.0,25617
2021-06-23 09:36:34,12080.0,25617
2021-06-23 09:36:35,12080.0,25624
2021-06-23 09:36:36,12086.0,25691
2021-06-23 09:36:38,12080.0,25744
2021-06-23 09:36:38,12080.2,25755
2021-06-23 09:36:40,12080.2,25755
2021-06-23 09:36:41,12080.0,25806
2021-06-23 09:36:42,12083.35,25810
2021-06-23 09:36:43,12083.35,25810
2021-06-23 09:36:44,12081.0,25833
2021-06-23 09:36:45,12081.0,25898
2021-06-23 09:36:46,12080.0,25900
2021-06-23 09:36:47,12083.3,25946
2021-06-23 09:36:47,12083.3,25946
2021-06-23 09:36:49,12087.05,25947
2021-06-23 09:36:50,12085.05,25948
2021-06-23 09:36:51,12089.0,26035
2021-06-23 09:36:52,12096.0,26066
2021-06-23 09:36:53,12091.05,26068
2021-06-23 09:36:55,12085.45,26076
2021-06-23 09:36:56,12091.0,26080
2021-06-23 09:36:57,12091.15,26081
2021-06-23 09:36:58,12091.65,26110
2021-06-23 09:36:59,12091.65,26113
2021-06-23 09:37:00,12091.65,26113
2021-06-23 09:37:01,12091.65,26113
2021-06-23 09:37:02,12091.65,26113
2021-06-23 09:37:03,12091.55,26115
2021-06-23 09:37:04,12091.55,26115
2021-06-23 09:37:05,12091.6,26135
2021-06-23 09:37:06,12091.6,26136
2021-06-23 09:37:07,12091.6,26136
2021-06-23 09:37:08,12091.6,26136
2021-06-23 09:37:09,12091.6,26136
2021-06-23 09:37:10,12098.45,26237
2021-06-23 09:37:11,12098.45,26237
2021-06-23 09:37:12,12092.55,26242
2021-06-23 09:37:13,12104.45,26431
2021-06-23 09:37:14,12097.8,26446
2021-06-23 09:37:15,12100.75,26461
2021-06-23 09:37:15,12100.95,26466
2021-06-23 09:37:16,12100.95,26466
2021-06-23 09:37:18,12104.4,26471
2021-06-23 09:37:19,12097.2,26476
2021-06-23 09:37:20,12101.55,26488
2021-06-23 09:37:21,12101.55,26488
2021-06-23 09:37:22,12105.0,26538
2021-06-23 09:37:23,12105.0,26541
2021-06-23 09:37:24,12101.55,26591
2021-06-23 09:37:25,12105.0,26630
2021-06-23 09:37:26,12104.4,26640
2021-06-23 09:37:27,12104.4,26640
2021-06-23 09:37:28,12104.4,26640
2021-06-23 09:37:29,12100.65,26642
2021-06-23 09:37:30,12103.0,26643
2021-06-23 09:37:31,12106.0,26674
2021-06-23 09:37:32,12103.0,26682
2021-06-23 09:37:33,12106.0,26683
2021-06-23 09:37:34,12105.0,26694
2021-06-23 09:37:35,12098.9,26778
2021-06-23 09:37:36,12096.95,26783
2021-06-23 09:37:37,12097.1,26856
2021-06-23 09:37:38,12097.1,26856
2021-06-23 09:37:39,12100.95,26857
2021-06-23 09:37:41,12100.95,26857
2021-06-23 09:37:42,12100.95,26857
2021-06-23 09:37:43,12097.7,26866
2021-06-23 09:37:44,12097.7,26866
2021-06-23 09:37:45,12097.7,26866
2021-06-23 09:37:46,12091.6,26867
2021-06-23 09:37:47,12094.25,26868
2021-06-23 09:37:48,12090.05,26875
2021-06-23 09:37:50,12089.35,26883
2021-06-23 09:37:51,12095.1,26903
2021-06-23 09:37:52,12089.75,26908
2021-06-23 09:37:53,12089.75,26908
2021-06-23 09:37:54,12088.45,26925
2021-06-23 09:37:55,12088.45,26925
2021-06-23 09:37:56,12088.45,26925
2021-06-23 09:37:57,12088.45,26925
2021-06-23 09:37:58,12100.0,26948
2021-06-23 09:37:59,12100.0,26948
2021-06-23 09:38:00,12100.0,26948
2021-06-23 09:38:02,12100.0,26948
2021-06-23 09:38:03,12100.0,26948
2021-06-23 09:38:04,12099.9,26951
2021-06-23 09:38:05,12100.0,26971
2021-06-23 09:38:06,12096.95,26979
2021-06-23 09:38:07,12096.95,26979
2021-06-23 09:38:08,12096.95,26979
2021-06-23 09:38:09,12096.95,26979
2021-06-23 09:38:10,12099.85,26990
2021-06-23 09:38:11,12099.85,26990
2021-06-23 09:38:12,12099.85,26990
2021-06-23 09:38:13,12097.6,27005
2021-06-23 09:38:15,12096.0,27007
2021-06-23 09:38:16,12100.0,27049
2021-06-23 09:38:17,12105.7,27064
2021-06-23 09:38:18,12105.7,27064
2021-06-23 09:38:19,12107.2,27089
2021-06-23 09:38:20,12100.45,27090
2021-06-23 09:38:21,12102.0,27105
2021-06-23 09:38:22,12102.0,27105
2021-06-23 09:38:23,12102.0,27105
2021-06-23 09:38:24,12102.0,27105
2021-06-23 09:38:25,12098.8,27120
2021-06-23 09:38:29,12100.05,27168
2021-06-23 09:38:31,12104.0,27174
2021-06-23 09:38:32,12104.0,27174
2021-06-23 09:38:33,12104.0,27174
2021-06-23 09:38:34,12104.0,27174
2021-06-23 09:38:35,12104.0,27174
2021-06-23 09:38:36,12104.0,27174
2021-06-23 09:38:37,12104.0,27174
2021-06-23 09:38:38,12104.0,27174
2021-06-23 09:38:39,12104.0,27174
2021-06-23 09:38:40,12103.0,27177
2021-06-23 09:38:41,12103.0,27177
2021-06-23 09:38:42,12103.95,27186
2021-06-23 09:38:43,12103.95,27186
2021-06-23 09:38:44,12104.35,27187
2021-06-23 09:38:45,12100.0,27197
2021-06-23 09:38:46,12100.0,27197
2021-06-23 09:38:47,12100.0,27202
2021-06-23 09:38:48,12100.0,27228
2021-06-23 09:38:49,12100.0,27228
2021-06-23 09:38:50,12100.0,27228
2021-06-23 09:38:51,12100.0,27243
2021-06-23 09:38:52,12100.0,27243
2021-06-23 09:38:53,12100.0,27243
2021-06-23 09:38:54,12100.0,27247
2021-06-23 09:38:55,12100.0,27247
2021-06-23 09:38:56,12100.0,27247
2021-06-23 09:38:57,12102.0,27281
2021-06-23 09:38:58,12102.0,27281
2021-06-23 09:38:59,12102.0,27281
2021-06-23 09:39:00,12102.45,27321
2021-06-23 09:39:01,12108.95,27331
2021-06-23 09:39:02,12104.05,27339
2021-06-23 09:39:03,12106.75,27359
2021-06-23 09:39:04,12102.15,27361
2021-06-23 09:39:05,12102.0,27411
2021-06-23 09:39:06,12102.0,27411
2021-06-23 09:39:07,12102.15,27412
2021-06-23 09:39:08,12106.0,27413
2021-06-23 09:39:09,12106.0,27413
2021-06-23 09:39:10,12106.0,27413
2021-06-23 09:39:11,12106.0,27413
2021-06-23 09:39:12,12101.2,27433
2021-06-23 09:39:13,12105.95,27438
2021-06-23 09:39:14,12105.95,27439
2021-06-23 09:39:15,12105.95,27439
2021-06-23 09:39:16,12104.1,27448
2021-06-23 09:39:17,12111.0,27450
2021-06-23 09:39:18,12111.0,27450
2021-06-23 09:39:19,12113.5,27459
2021-06-23 09:39:20,12113.45,27461
2021-06-23 09:39:21,12114.4,27479
2021-06-23 09:39:22,12106.1,27497
2021-06-23 09:39:23,12109.65,27514
2021-06-23 09:39:24,12103.8,27565
2021-06-23 09:39:25,12103.8,27565
2021-06-23 09:39:26,12105.0,27573
2021-06-23 09:39:27,12105.0,27573
2021-06-23 09:39:28,12114.05,27574
2021-06-23 09:39:29,12114.05,27581
2021-06-23 09:39:30,12114.05,27581
2021-06-23 09:39:31,12118.35,27591
2021-06-23 09:39:32,12118.35,27591
2021-06-23 09:39:33,12112.65,27644
2021-06-23 09:39:34,12112.65,27644
2021-06-23 09:39:35,12112.65,27644
2021-06-23 09:39:36,12112.65,27644
2021-06-23 09:39:37,12112.65,27644
2021-06-23 09:39:38,12112.65,27644
2021-06-23 09:39:39,12112.65,27644
2021-06-23 09:39:40,12111.8,27650
2021-06-23 09:39:41,12111.8,27650
2021-06-23 09:39:42,12106.05,27651
2021-06-23 09:39:43,12106.05,27651
2021-06-23 09:39:44,12111.65,27653
2021-06-23 09:39:46,12105.35,27656
2021-06-23 09:39:45,12105.35,27656
2021-06-23 09:39:47,12111.6,27657
2021-06-23 09:39:48,12111.6,27657
2021-06-23 09:39:49,12111.65,27659
2021-06-23 09:39:50,12111.65,27660
2021-06-23 09:39:51,12111.65,27661
2021-06-23 09:39:52,12111.95,27698
2021-06-23 09:39:53,12115.35,27699
2021-06-23 09:39:54,12111.05,27704
2021-06-23 09:39:55,12115.0,27705
2021-06-23 09:39:56,12115.0,27705
2021-06-23 09:39:57,12115.0,27706
2021-06-23 09:39:58,12115.0,27758
2021-06-23 09:39:59,12115.0,27763
2021-06-23 09:40:00,12115.0,27767
2021-06-23 09:40:01,12115.0,27768
2021-06-23 09:40:02,12115.0,27768
2021-06-23 09:40:03,12115.0,27768
2021-06-23 09:40:04,12112.85,27775
2021-06-23 09:40:05,12112.85,27775
2021-06-23 09:40:06,12112.85,27775
2021-06-23 09:40:07,12112.85,27775
2021-06-23 09:40:08,12112.85,27775
2021-06-23 09:40:09,12112.8,27776
2021-06-23 09:40:10,12112.8,27776
2021-06-23 09:40:11,12115.0,27785
2021-06-23 09:40:12,12115.0,27785
2021-06-23 09:40:13,12115.0,27785
2021-06-23 09:40:14,12112.85,27786
2021-06-23 09:40:15,12112.85,27786
2021-06-23 09:40:16,12114.85,27799
2021-06-23 09:40:17,12111.05,27831
2021-06-23 09:40:18,12111.05,27831
2021-06-23 09:40:19,12111.05,27831
2021-06-23 09:40:20,12111.05,27831
2021-06-23 09:40:21,12113.05,27848
2021-06-23 09:40:22,12113.05,27848
2021-06-23 09:40:24,12115.0,27920
2021-06-23 09:40:25,12113.3,27967
2021-06-23 09:40:25,12113.3,27967
2021-06-23 09:40:26,12113.3,27967
2021-06-23 09:40:27,12113.3,27967
2021-06-23 09:40:29,12113.3,27967
2021-06-23 09:40:30,12113.3,27967
2021-06-23 09:40:31,12113.3,27967
2021-06-23 09:40:32,12113.35,27988
2021-06-23 09:40:33,12115.0,27998
2021-06-23 09:40:34,12115.0,28009
2021-06-23 09:40:35,12115.0,28029
2021-06-23 09:40:36,12118.8,28039
2021-06-23 09:40:37,12120.0,28066
2021-06-23 09:40:38,12120.0,28066
2021-06-23 09:40:39,12120.0,28066
2021-06-23 09:40:40,12119.1,28069
2021-06-23 09:40:41,12119.5,28071
2021-06-23 09:40:43,12120.0,28114
2021-06-23 09:40:44,12120.0,28125
2021-06-23 09:40:45,12120.0,28138
2021-06-23 09:40:46,12120.0,28138
2021-06-23 09:40:47,12120.0,28138
2021-06-23 09:40:48,12120.0,28163
2021-06-23 09:40:50,12118.2,28194
2021-06-23 09:40:51,12118.2,28194
2021-06-23 09:40:51,12118.2,28194
2021-06-23 09:40:52,12118.2,28194
2021-06-23 09:40:53,12118.2,28194
2021-06-23 09:40:54,12118.2,28194
2021-06-23 09:40:56,12118.2,28194
2021-06-23 09:40:57,12122.3,28195
2021-06-23 09:40:58,12122.35,28220
2021-06-23 09:40:59,12122.35,28220
2021-06-23 09:41:00,12116.15,28222
2021-06-23 09:41:01,12116.15,28222
2021-06-23 09:41:02,12116.15,28222
2021-06-23 09:41:02,12116.15,28222
2021-06-23 09:41:03,12116.15,28222
2021-06-23 09:41:04,12121.0,28223
2021-06-23 09:41:05,12122.35,28233
2021-06-23 09:41:06,12122.35,28233
2021-06-23 09:41:07,12122.35,28233
2021-06-23 09:41:08,12121.0,28236
2021-06-23 09:41:09,12116.55,28237
2021-06-23 09:41:10,12116.55,28237
2021-06-23 09:41:11,12116.0,28247
2021-06-23 09:41:12,12116.0,28247
2021-06-23 09:41:13,12116.0,28247
2021-06-23 09:41:14,12116.0,28247
2021-06-23 09:41:15,12116.0,28247
2021-06-23 09:41:16,12116.0,28247
2021-06-23 09:41:17,12120.0,28257
2021-06-23 09:41:18,12120.0,28268
2021-06-23 09:41:19,12120.0,28268
2021-06-23 09:41:20,12116.0,28315
2021-06-23 09:41:21,12116.0,28325
2021-06-23 09:41:22,12121.0,28358
2021-06-23 09:41:23,12116.0,28400
2021-06-23 09:41:24,12116.0,28400
2021-06-23 09:41:25,12116.0,28400
2021-06-23 09:41:26,12116.0,28400
2021-06-23 09:41:27,12117.9,28406
2021-06-23 09:41:28,12123.35,28511
2021-06-23 09:41:29,12116.3,28514
2021-06-23 09:41:30,12122.5,28516
2021-06-23 09:41:31,12122.5,28516
2021-06-23 09:41:32,12122.5,28516
2021-06-23 09:41:33,12122.5,28516
2021-06-23 09:41:34,12122.5,28516
2021-06-23 09:41:35,12122.5,28516
2021-06-23 09:41:38,12116.95,28545
2021-06-23 09:41:39,12116.0,28546
2021-06-23 09:41:39,12116.0,28546
2021-06-23 09:41:40,12116.0,28546
2021-06-23 09:41:41,12120.0,28601
2021-06-23 09:41:42,12120.0,28601
2021-06-23 09:41:43,12116.0,28608
2021-06-23 09:41:44,12120.0,28609
2021-06-23 09:41:45,12120.0,28609
2021-06-23 09:41:46,12120.0,28609
2021-06-23 09:41:47,12120.0,28609
2021-06-23 09:41:48,12120.0,28609
2021-06-23 09:41:49,12120.0,28609
2021-06-23 09:41:50,12120.0,28609
2021-06-23 09:41:51,12120.0,28609
2021-06-23 09:41:53,12120.0,28609
2021-06-23 09:41:55,12116.0,28610
2021-06-23 09:41:58,12120.0,28638
2021-06-23 09:41:59,12121.0,28644
2021-06-23 09:41:59,12121.0,28644
2021-06-23 09:42:00,12121.0,28644
2021-06-23 09:42:01,12121.0,28644
2021-06-23 09:42:02,12121.0,28644
2021-06-23 09:42:03,12121.0,28644
2021-06-23 09:42:04,12121.0,28644
2021-06-23 09:42:05,12121.0,28644
2021-06-23 09:42:06,12121.0,28644
2021-06-23 09:42:07,12121.0,28664
2021-06-23 09:42:08,12121.0,28664
2021-06-23 09:42:09,12115.15,29269
2021-06-23 09:42:10,12115.0,29297
2021-06-23 09:42:12,12115.0,29297
2021-06-23 09:42:13,12115.0,29297
2021-06-23 09:42:14,12115.2,29307
2021-06-23 09:42:15,12115.2,29307
2021-06-23 09:42:16,12121.45,29324
2021-06-23 09:42:17,12120.9,29325
2021-06-23 09:42:17,12115.55,29328
2021-06-23 09:42:19,12115.5,29335
2021-06-23 09:42:20,12115.5,29335
2021-06-23 09:42:21,12115.5,29335
2021-06-23 09:42:22,12115.5,29335
2021-06-23 09:42:22,12115.5,29335
2021-06-23 09:42:23,12121.05,29336
2021-06-23 09:42:24,12121.05,29336
2021-06-23 09:42:25,12121.05,29336
2021-06-23 09:42:26,12121.05,29336
2021-06-23 09:42:27,12121.05,29336
2021-06-23 09:42:29,12115.2,29412
2021-06-23 09:42:30,12115.2,29412
2021-06-23 09:42:30,12115.2,29412
2021-06-23 09:42:31,12119.0,29413
2021-06-23 09:42:32,12120.0,29468
2021-06-23 09:42:33,12120.0,29468
2021-06-23 09:42:34,12120.0,29468
2021-06-23 09:42:35,12120.0,29468
2021-06-23 09:42:36,12120.0,29468
2021-06-23 09:42:37,12120.0,29468
2021-06-23 09:42:39,12120.0,29468
2021-06-23 09:42:40,12116.85,29473
2021-06-23 09:42:41,12117.05,29478
2021-06-23 09:42:41,12117.05,29478
2021-06-23 09:42:42,12117.05,29478
2021-06-23 09:42:43,12117.05,29478
2021-06-23 09:42:44,12120.0,29480
2021-06-23 09:42:45,12120.0,29480
2021-06-23 09:42:46,12120.0,29490
2021-06-23 09:42:47,12120.0,29490
2021-06-23 09:42:48,12120.0,29490
2021-06-23 09:42:49,12116.25,29499
2021-06-23 09:42:50,12116.25,29499
2021-06-23 09:42:51,12116.25,29499
2021-06-23 09:42:52,12116.25,29499
2021-06-23 09:42:53,12116.25,29499
2021-06-23 09:42:54,12120.65,29684
2021-06-23 09:42:56,12120.0,29708
2021-06-23 09:42:57,12120.0,29708
2021-06-23 09:42:58,12116.3,29783
2021-06-23 09:42:59,12116.3,29783
2021-06-23 09:43:00,12116.3,29783
2021-06-23 09:43:00,12116.25,29784
2021-06-23 09:43:01,12116.25,29784
2021-06-23 09:43:02,12120.0,29861
2021-06-23 09:43:03,12120.0,29881
2021-06-23 09:43:04,12120.0,29881
2021-06-23 09:43:05,12120.0,29883
2021-06-23 09:43:06,12120.0,29883
2021-06-23 09:43:07,12120.0,29883
2021-06-23 09:43:08,12120.0,29883
2021-06-23 09:43:09,12120.0,29883
2021-06-23 09:43:11,12120.0,29883
2021-06-23 09:43:12,12122.0,29915
2021-06-23 09:43:13,12124.4,29990
2021-06-23 09:43:14,12120.0,29992
2021-06-23 09:43:14,12120.0,29992
2021-06-23 09:43:15,12120.0,29992
2021-06-23 09:43:16,12120.0,29992
2021-06-23 09:43:17,12117.25,29993
2021-06-23 09:43:18,12116.1,29996
2021-06-23 09:43:19,12120.0,30016
2021-06-23 09:43:20,12120.45,30017
2021-06-23 09:43:21,12120.45,30017
2021-06-23 09:43:22,12116.0,30049
2021-06-23 09:43:23,12116.0,30061
2021-06-23 09:43:24,12116.0,30063
2021-06-23 09:43:25,12116.0,30063
2021-06-23 09:43:26,12116.0,30080
2021-06-23 09:43:27,12116.1,30081
2021-06-23 09:43:28,12116.1,30081
2021-06-23 09:43:29,12116.1,30081
2021-06-23 09:43:31,12116.1,30081
2021-06-23 09:43:33,12116.1,30088
2021-06-23 09:43:34,12116.1,30088
2021-06-23 09:43:34,12116.1,30088
2021-06-23 09:43:35,12116.0,30092
2021-06-23 09:43:36,12116.0,30094
2021-06-23 09:43:37,12116.1,30097
2021-06-23 09:43:38,12116.25,30105
2021-06-23 09:43:39,12116.25,30105
2021-06-23 09:43:40,12116.25,30105
2021-06-23 09:43:42,12116.3,30107
2021-06-23 09:43:43,12116.3,30107
2021-06-23 09:43:44,12116.3,30107
2021-06-23 09:43:45,12116.3,30109
2021-06-23 09:43:46,12116.3,30109
2021-06-23 09:43:47,12116.3,30109
2021-06-23 09:43:48,12116.3,30109
2021-06-23 09:43:48,12116.3,30109
2021-06-23 09:43:49,12116.3,30109
2021-06-23 09:43:50,12116.0,30110
2021-06-23 09:43:51,12110.0,30492
2021-06-23 09:43:52,12105.0,30690
2021-06-23 09:43:54,12105.0,30714
2021-06-23 09:43:55,12101.0,30723
2021-06-23 09:43:56,12101.0,30723
2021-06-23 09:43:57,12101.0,30723
2021-06-23 09:43:58,12102.8,30724
2021-06-23 09:43:58,12102.8,30724
2021-06-23 09:43:59,12102.8,30724
2021-06-23 09:44:00,12102.8,30730
2021-06-23 09:44:01,12101.0,30745
2021-06-23 09:44:03,12101.0,30747
2021-06-23 09:44:04,12101.0,30759
2021-06-23 09:44:05,12101.0,30759
2021-06-23 09:44:06,12101.0,30759
2021-06-23 09:44:07,12102.8,30761
2021-06-23 09:44:08,12101.25,30791
2021-06-23 09:44:08,12101.25,30791
2021-06-23 09:44:10,12101.35,30809
2021-06-23 09:44:11,12101.35,30809
2021-06-23 09:44:12,12101.0,30909
2021-06-23 09:44:13,12101.0,30909
2021-06-23 09:44:13,12101.0,30909
2021-06-23 09:44:14,12101.0,30909
2021-06-23 09:44:16,12101.0,30909
2021-06-23 09:44:17,12101.0,30916
2021-06-23 09:44:20,12101.0,30916
2021-06-23 09:44:22,12101.0,30916
2021-06-23 09:44:23,12100.9,30917
2021-06-23 09:44:23,12100.9,30917
2021-06-23 09:44:24,12100.9,30917
2021-06-23 09:44:26,12101.0,30918
2021-06-23 09:44:27,12101.0,30918
2021-06-23 09:44:28,12101.0,31019
2021-06-23 09:44:29,12101.0,31019
2021-06-23 09:44:30,12102.0,31032
2021-06-23 09:44:31,12102.0,31032
2021-06-23 09:44:32,12103.95,31048
2021-06-23 09:44:33,12105.95,31077
2021-06-23 09:44:34,12105.95,31077
2021-06-23 09:44:35,12105.95,31077
2021-06-23 09:44:35,12105.95,31077
2021-06-23 09:44:36,12112.5,31082
2021-06-23 09:44:39,12112.5,31082
2021-06-23 09:44:40,12112.5,31082
2021-06-23 09:44:40,12112.5,31082
2021-06-23 09:44:41,12112.5,31082
2021-06-23 09:44:42,12112.5,31082
2021-06-23 09:44:43,12112.5,31082
2021-06-23 09:44:44,12112.5,31082
2021-06-23 09:44:45,12118.8,31182
2021-06-23 09:44:46,12118.8,31182
2021-06-23 09:44:47,12118.8,31182
2021-06-23 09:44:49,12119.2,31190
2021-06-23 09:44:50,12115.9,31197
2021-06-23 09:44:51,12115.9,31197
2021-06-23 09:44:52,12119.2,31199
2021-06-23 09:44:53,12119.2,31199
2021-06-23 09:44:54,12119.2,31199
2021-06-23 09:44:55,12119.2,31199
2021-06-23 09:44:55,12119.2,31199
2021-06-23 09:44:57,12119.2,31199
2021-06-23 09:44:58,12119.2,31199
2021-06-23 09:44:59,12119.0,31202
2021-06-23 09:45:00,12119.0,31202
2021-06-23 09:45:01,12119.0,31202
2021-06-23 09:45:02,12119.0,31215
2021-06-23 09:45:04,12116.0,31224
2021-06-23 09:45:05,12110.85,31262
2021-06-23 09:45:06,12108.45,31526
2021-06-23 09:45:07,12106.85,31562
2021-06-23 09:45:08,12105.9,31587
2021-06-23 09:45:08,12105.9,31587
2021-06-23 09:45:09,12105.9,31587
2021-06-23 09:45:10,12103.65,31598
2021-06-23 09:45:11,12107.0,31600
2021-06-23 09:45:12,12102.0,31608
2021-06-23 09:45:13,12101.0,31618
2021-06-23 09:45:14,12101.0,31618
2021-06-23 09:45:15,12101.0,31618
2021-06-23 09:45:17,12101.0,31661
2021-06-23 09:45:19,12100.0,31713
2021-06-23 09:45:20,12100.0,31713
2021-06-23 09:45:21,12100.0,31732
2021-06-23 09:45:22,12101.9,31737
2021-06-23 09:45:23,12100.0,31743
2021-06-23 09:45:25,12100.0,31743
2021-06-23 09:45:26,12100.0,31744
2021-06-23 09:45:27,12101.95,31752
2021-06-23 09:45:28,12101.95,31753
2021-06-23 09:45:29,12101.0,31763
2021-06-23 09:45:30,12101.0,31763
2021-06-23 09:45:31,12101.9,31785
2021-06-23 09:45:32,12101.9,31785
2021-06-23 09:45:33,12101.9,31785
2021-06-23 09:45:34,12101.0,31786
2021-06-23 09:45:35,12101.9,31797
2021-06-23 09:45:36,12101.0,31805
2021-06-23 09:45:36,12101.0,31805
2021-06-23 09:45:37,12100.0,31820
2021-06-23 09:45:39,12100.0,31835
2021-06-23 09:45:40,12100.0,31835
2021-06-23 09:45:41,12101.0,31840
2021-06-23 09:45:42,12101.0,31840
2021-06-23 09:45:43,12101.0,31840
2021-06-23 09:45:44,12101.0,31847
2021-06-23 09:45:45,12101.0,31847
2021-06-23 09:45:46,12101.0,31847
2021-06-23 09:45:47,12101.0,31850
2021-06-23 09:45:48,12101.0,31850
2021-06-23 09:45:49,12100.0,31870
2021-06-23 09:45:50,12100.0,31879
2021-06-23 09:45:51,12101.0,31890
2021-06-23 09:45:52,12101.0,31892
2021-06-23 09:45:53,12101.0,31892
2021-06-23 09:45:54,12101.0,31892
2021-06-23 09:45:55,12100.0,31912
2021-06-23 09:45:56,12101.0,31929
2021-06-23 09:45:57,12101.0,31929
2021-06-23 09:45:58,12101.0,31929
2021-06-23 09:45:59,12101.0,31930
2021-06-23 09:46:00,12101.0,31930
2021-06-23 09:46:01,12101.0,31930
2021-06-23 09:46:02,12101.0,31930
2021-06-23 09:46:03,12101.0,31930
2021-06-23 09:46:03,12101.0,31930
2021-06-23 09:46:04,12101.0,31930
2021-06-23 09:46:05,12100.0,32108
2021-06-23 09:46:06,12100.0,32124
2021-06-23 09:46:07,12100.0,32131
2021-06-23 09:46:10,12100.0,32131
2021-06-23 09:46:11,12100.0,32208
2021-06-23 09:46:12,12100.0,32208
2021-06-23 09:46:13,12100.0,32208
2021-06-23 09:46:14,12100.0,32208
2021-06-23 09:46:15,12100.0,32208
2021-06-23 09:46:16,12100.0,32208
2021-06-23 09:46:17,12100.0,32208
2021-06-23 09:46:18,12101.35,32222
2021-06-23 09:46:19,12101.35,32222
2021-06-23 09:46:20,12101.35,32222
2021-06-23 09:46:21,12101.35,32222
2021-06-23 09:46:21,12101.35,32222
2021-06-23 09:46:22,12101.35,32222
2021-06-23 09:46:24,12101.9,32223
2021-06-23 09:46:25,12100.0,32245
2021-06-23 09:46:26,12100.0,32245
2021-06-23 09:46:27,12100.0,32245
2021-06-23 09:46:28,12100.0,32245
2021-06-23 09:46:29,12100.0,32245
2021-06-23 09:46:30,12100.0,32245
2021-06-23 09:46:32,12101.35,32255
2021-06-23 09:46:33,12100.0,32256
2021-06-23 09:46:34,12100.0,32256
2021-06-23 09:46:35,12100.0,32256
2021-06-23 09:46:36,12100.0,32256
2021-06-23 09:46:37,12104.05,32338
2021-06-23 09:46:38,12104.05,32338
2021-06-23 09:46:38,12104.05,32338
2021-06-23 09:46:39,12106.0,32346
2021-06-23 09:46:40,12104.25,32352
2021-06-23 09:46:42,12104.25,32352
2021-06-23 09:46:45,12107.95,32362
2021-06-23 09:46:46,12107.95,32362
2021-06-23 09:46:47,12107.95,32362
2021-06-23 09:46:48,12107.9,32365
2021-06-23 09:46:49,12107.95,32366
2021-06-23 09:46:50,12107.95,32367
2021-06-23 09:46:51,12107.95,32378
2021-06-23 09:46:52,12107.95,32412
2021-06-23 09:46:53,12107.9,32413
2021-06-23 09:46:54,12107.9,32413
2021-06-23 09:46:55,12107.9,32417
2021-06-23 09:46:56,12109.9,32420
2021-06-23 09:46:57,12109.9,32420
2021-06-23 09:46:58,12107.9,32430
2021-06-23 09:46:59,12107.9,32430
2021-06-23 09:47:00,12109.85,32431
2021-06-23 09:47:01,12108.0,32441
2021-06-23 09:47:02,12107.9,32451
2021-06-23 09:47:03,12107.9,32451
2021-06-23 09:47:04,12107.9,32451
2021-06-23 09:47:05,12109.85,32452
2021-06-23 09:47:06,12109.85,32452
2021-06-23 09:47:07,12109.85,32453
2021-06-23 09:47:08,12107.9,32457
2021-06-23 09:47:11,12109.8,32463
2021-06-23 09:47:12,12109.8,32463
2021-06-23 09:47:14,12109.85,32468
2021-06-23 09:47:15,12109.85,32468
2021-06-23 09:47:15,12109.85,32468
2021-06-23 09:47:16,12109.85,32473
2021-06-23 09:47:18,12107.9,32508
2021-06-23 09:47:19,12107.9,32508
2021-06-23 09:47:20,12109.85,32513
2021-06-23 09:47:21,12109.9,32514
2021-06-23 09:47:22,12109.9,32514
2021-06-23 09:47:23,12109.9,32514
2021-06-23 09:47:25,12107.9,32517
2021-06-23 09:47:26,12107.9,32517
2021-06-23 09:47:27,12107.9,32517
2021-06-23 09:47:28,12107.9,32517
2021-06-23 09:47:29,12107.9,32517
2021-06-23 09:47:30,12109.0,32519
2021-06-23 09:47:31,12109.0,32519
2021-06-23 09:47:31,12109.0,32519
2021-06-23 09:47:33,12109.0,32519
2021-06-23 09:47:34,12109.8,32529
2021-06-23 09:47:35,12109.8,32529
2021-06-23 09:47:36,12109.9,32531
2021-06-23 09:47:37,12109.8,32557
2021-06-23 09:47:38,12109.9,32637
2021-06-23 09:47:39,12109.9,32637
2021-06-23 09:47:39,12109.9,32637
2021-06-23 09:47:40,12109.9,32637
2021-06-23 09:47:41,12107.9,32651
2021-06-23 09:47:42,12107.9,32651
2021-06-23 09:47:43,12107.9,32651
2021-06-23 09:47:44,12107.9,32651
2021-06-23 09:47:46,12107.9,32651
2021-06-23 09:47:47,12108.9,32654
2021-06-23 09:47:48,12108.9,32654
2021-06-23 09:47:50,12108.9,32654
2021-06-23 09:47:51,12108.9,32654
2021-06-23 09:47:52,12108.9,32654
2021-06-23 09:47:53,12108.85,32655
2021-06-23 09:47:54,12108.85,32655
2021-06-23 09:47:55,12108.85,32655
2021-06-23 09:47:56,12105.75,32667
2021-06-23 09:47:57,12105.75,32667
2021-06-23 09:47:58,12105.75,32667
2021-06-23 09:47:59,12105.75,32667
2021-06-23 09:48:00,12105.75,32667
2021-06-23 09:48:01,12105.75,32667
2021-06-23 09:48:02,12105.75,32667
2021-06-23 09:48:03,12105.75,32667
2021-06-23 09:48:05,12105.75,32667
2021-06-23 09:48:06,12107.9,32672
2021-06-23 09:48:06,12107.9,32672
2021-06-23 09:48:07,12107.9,32672
2021-06-23 09:48:09,12108.85,32680
2021-06-23 09:48:10,12108.85,32680
2021-06-23 09:48:11,12108.85,32680
2021-06-23 09:48:12,12108.85,32681
2021-06-23 09:48:13,12108.9,32683
2021-06-23 09:48:14,12108.9,32685
2021-06-23 09:48:15,12108.9,32685
2021-06-23 09:48:16,12108.9,32685
2021-06-23 09:48:17,12108.9,32685
2021-06-23 09:48:17,12108.9,32685
2021-06-23 09:48:18,12108.9,32685
2021-06-23 09:48:20,12108.85,32686
2021-06-23 09:48:21,12108.9,32687
2021-06-23 09:48:22,12106.0,32688
2021-06-23 09:48:23,12106.05,32689
2021-06-23 09:48:24,12106.05,32689
2021-06-23 09:48:25,12106.05,32689
2021-06-23 09:48:26,12106.05,32689
2021-06-23 09:48:27,12106.05,32689
2021-06-23 09:48:28,12106.05,32689
2021-06-23 09:48:29,12106.05,32689
2021-06-23 09:48:30,12106.0,32727
2021-06-23 09:48:31,12106.0,32737
2021-06-23 09:48:32,12106.0,32738
2021-06-23 09:48:33,12108.9,32739
2021-06-23 09:48:34,12108.9,32739
2021-06-23 09:48:35,12108.9,32750
2021-06-23 09:48:36,12105.8,32751
2021-06-23 09:48:37,12105.85,32752
2021-06-23 09:48:38,12105.85,32752
2021-06-23 09:48:40,12106.0,32757
2021-06-23 09:48:41,12107.9,32792
2021-06-23 09:48:42,12110.0,32801
2021-06-23 09:48:43,12110.0,32801
2021-06-23 09:48:44,12115.0,32802
2021-06-23 09:48:45,12108.75,32803
2021-06-23 09:48:46,12108.75,32803
2021-06-23 09:48:48,12110.25,32804
2021-06-23 09:48:49,12110.25,32804
2021-06-23 09:48:50,12110.25,32804
2021-06-23 09:48:51,12110.25,32804
2021-06-23 09:48:52,12110.25,32804
2021-06-23 09:48:53,12108.0,32809
2021-06-23 09:48:54,12108.0,32809
2021-06-23 09:48:55,12108.0,32809
2021-06-23 09:48:56,12108.0,32809
2021-06-23 09:48:57,12108.0,32809
2021-06-23 09:48:58,12108.0,32809
2021-06-23 09:48:59,12108.0,32809
2021-06-23 09:49:00,12108.0,32809
2021-06-23 09:49:01,12108.0,32809
2021-06-23 09:49:02,12108.0,32809
2021-06-23 09:49:03,12108.0,32809
2021-06-23 09:49:04,12108.0,32809
2021-06-23 09:49:05,12113.0,32810
2021-06-23 09:49:06,12113.0,32810
2021-06-23 09:49:07,12113.0,32810
2021-06-23 09:49:08,12113.0,32810
2021-06-23 09:49:09,12113.0,32810
2021-06-23 09:49:10,12113.0,32810
2021-06-23 09:49:11,12113.0,32810
2021-06-23 09:49:12,12113.0,32822
2021-06-23 09:49:13,12113.0,32822
2021-06-23 09:49:14,12113.0,32822
2021-06-23 09:49:15,12113.0,32822
2021-06-23 09:49:16,12108.65,32823
2021-06-23 09:49:17,12108.85,32824
2021-06-23 09:49:19,12112.9,32857
2021-06-23 09:49:18,12115.0,32847
2021-06-23 09:49:20,12119.0,32875
2021-06-23 09:49:21,12122.8,33000
2021-06-23 09:49:22,12118.2,33006
2021-06-23 09:49:23,12118.2,33006
2021-06-23 09:49:24,12118.2,33006
2021-06-23 09:49:25,12118.2,33006
2021-06-23 09:49:26,12118.2,33006
2021-06-23 09:49:27,12118.2,33006
2021-06-23 09:49:28,12118.2,33006
2021-06-23 09:49:29,12118.2,33006
2021-06-23 09:49:30,12118.2,33006
2021-06-23 09:49:31,12118.2,33006
2021-06-23 09:49:32,12118.2,33006
2021-06-23 09:49:33,12118.2,33006
2021-06-23 09:49:34,12118.2,33006
2021-06-23 09:49:35,12118.2,33006
2021-06-23 09:49:36,12118.2,33006
2021-06-23 09:49:37,12118.2,33006
2021-06-23 09:49:39,12117.9,33051
2021-06-23 09:49:40,12117.9,33051
2021-06-23 09:49:41,12117.9,33051
2021-06-23 09:49:42,12117.9,33051
2021-06-23 09:49:43,12117.9,33051
2021-06-23 09:49:44,12117.9,33051
2021-06-23 09:49:45,12117.9,33051
2021-06-23 09:49:48,12126.0,33071
2021-06-23 09:49:49,12126.0,33071
2021-06-23 09:49:50,12128.75,33076
2021-06-23 09:49:51,12128.75,33076
2021-06-23 09:49:52,12128.75,33076
2021-06-23 09:49:53,12128.75,33076
2021-06-23 09:49:54,12128.75,33076
2021-06-23 09:49:55,12128.75,33088
2021-06-23 09:49:56,12128.75,33088
2021-06-23 09:49:57,12128.75,33088
2021-06-23 09:49:58,12128.75,33088
2021-06-23 09:49:59,12128.7,33093
2021-06-23 09:50:00,12120.4,33163
2021-06-23 09:50:01,12120.4,33176
2021-06-23 09:50:02,12124.5,33177
2021-06-23 09:50:03,12124.55,33179
2021-06-23 09:50:04,12118.0,33180
2021-06-23 09:50:05,12118.0,33180
2021-06-23 09:50:06,12118.0,33180
2021-06-23 09:50:07,12118.0,33180
2021-06-23 09:50:09,12118.0,33180
2021-06-23 09:50:08,12118.0,33180
2021-06-23 09:50:10,12120.25,33196
2021-06-23 09:50:11,12115.1,33197
2021-06-23 09:50:12,12115.1,33197
2021-06-23 09:50:13,12116.0,33202
2021-06-23 09:50:14,12116.0,33202
2021-06-23 09:50:15,12120.25,33211
2021-06-23 09:50:16,12120.25,33211
2021-06-23 09:50:17,12120.25,33211
2021-06-23 09:50:18,12120.25,33211
2021-06-23 09:50:19,12120.25,33211
2021-06-23 09:50:20,12120.25,33211
2021-06-23 09:50:21,12120.25,33211
2021-06-23 09:50:22,12120.25,33211
2021-06-23 09:50:23,12121.0,33212
2021-06-23 09:50:24,12121.0,33212
2021-06-23 09:50:25,12118.7,33213
2021-06-23 09:50:26,12118.7,33213
2021-06-23 09:50:27,12118.7,33213
2021-06-23 09:50:28,12118.7,33213
2021-06-23 09:50:29,12118.7,33213
2021-06-23 09:50:30,12123.15,33214
2021-06-23 09:50:31,12123.05,33215
2021-06-23 09:50:32,12123.05,33215
2021-06-23 09:50:34,12123.05,33215
2021-06-23 09:50:34,12123.05,33215
2021-06-23 09:50:35,12123.05,33215
2021-06-23 09:50:36,12122.85,33219
2021-06-23 09:50:37,12122.85,33219
2021-06-23 09:50:38,12122.85,33219
2021-06-23 09:50:39,12118.6,33221
2021-06-23 09:50:40,12118.6,33221
2021-06-23 09:50:42,12118.6,33221
2021-06-23 09:50:42,12118.6,33221
2021-06-23 09:50:43,12123.05,33232
2021-06-23 09:50:44,12123.05,33232
2021-06-23 09:50:45,12123.05,33232
2021-06-23 09:50:46,12123.05,33232
2021-06-23 09:50:47,12123.05,33232
2021-06-23 09:50:48,12123.0,33242
2021-06-23 09:50:49,12119.35,33243
2021-06-23 09:50:50,12119.35,33243
2021-06-23 09:50:51,12119.35,33243
2021-06-23 09:50:52,12119.35,33243
2021-06-23 09:50:53,12119.35,33243
2021-06-23 09:50:54,12123.05,33244
2021-06-23 09:50:56,12121.0,33246
2021-06-23 09:50:56,12121.0,33246
2021-06-23 09:50:57,12121.0,33246
2021-06-23 09:50:58,12123.0,33276
2021-06-23 09:50:59,12119.05,33277
2021-06-23 09:51:00,12119.05,33277
2021-06-23 09:51:02,12119.05,33277
2021-06-23 09:51:03,12119.05,33277
2021-06-23 09:51:03,12119.05,33277
2021-06-23 09:51:04,12122.95,33285
2021-06-23 09:51:05,12122.95,33285
2021-06-23 09:51:06,12126.0,33404
2021-06-23 09:51:07,12123.0,33417
2021-06-23 09:51:08,12123.0,33417
2021-06-23 09:51:09,12123.0,33417
2021-06-23 09:51:10,12123.0,33417
2021-06-23 09:51:12,12123.0,33417
2021-06-23 09:51:13,12123.0,33417
2021-06-23 09:51:14,12123.0,33417
2021-06-23 09:51:15,12123.0,33417
2021-06-23 09:51:15,12123.0,33417
2021-06-23 09:51:16,12123.0,33417
2021-06-23 09:51:17,12123.0,33433
2021-06-23 09:51:19,12120.0,33467
2021-06-23 09:51:20,12120.1,33502
2021-06-23 09:51:21,12120.1,33502
2021-06-23 09:51:23,12126.0,33541
2021-06-23 09:51:23,12124.0,33543
2021-06-23 09:51:24,12124.0,33543
2021-06-23 09:51:25,12124.0,33543
2021-06-23 09:51:26,12124.0,33543
2021-06-23 09:51:27,12125.9,33547
2021-06-23 09:51:28,12125.9,33547
2021-06-23 09:51:30,12125.9,33547
2021-06-23 09:51:30,12125.9,33547
2021-06-23 09:51:31,12125.0,33571
2021-06-23 09:51:32,12125.0,33571
2021-06-23 09:51:33,12125.0,33571
2021-06-23 09:51:34,12125.0,33571
2021-06-23 09:51:35,12129.85,33579
2021-06-23 09:51:36,12125.0,33636
2021-06-23 09:51:37,12128.2,33651
2021-06-23 09:51:38,12128.2,33651
2021-06-23 09:51:39,12128.2,33651
2021-06-23 09:51:40,12116.8,33655
2021-06-23 09:51:41,12122.95,33656
2021-06-23 09:51:43,12122.95,33656
2021-06-23 09:51:43,12124.9,33666
2021-06-23 09:51:44,12124.9,33666
2021-06-23 09:51:45,12124.9,33666
2021-06-23 09:51:46,12122.0,33667
2021-06-23 09:51:48,12125.5,33673
2021-06-23 09:51:49,12121.35,33689
2021-06-23 09:51:50,12121.35,33689
2021-06-23 09:51:51,12125.4,33750
2021-06-23 09:51:52,12125.4,33750
2021-06-23 09:51:54,12125.4,33750
2021-06-23 09:51:55,12125.4,33750
2021-06-23 09:51:56,12125.4,33750
2021-06-23 09:51:57,12129.1,33787
2021-06-23 09:51:58,12129.1,33787
2021-06-23 09:51:59,12129.1,33787
2021-06-23 09:52:00,12129.1,33787
2021-06-23 09:52:01,12125.5,33825
2021-06-23 09:52:02,12128.6,33865
2021-06-23 09:52:03,12120.75,33877
2021-06-23 09:52:04,12120.75,33877
2021-06-23 09:52:05,12120.75,33877
2021-06-23 09:52:06,12123.25,33882
2021-06-23 09:52:07,12123.25,33882
2021-06-23 09:52:08,12123.25,33882
2021-06-23 09:52:09,12123.25,33882
2021-06-23 09:52:10,12123.25,33882
2021-06-23 09:52:11,12126.0,33883
2021-06-23 09:52:12,12126.0,33883
2021-06-23 09:52:13,12126.0,33883
2021-06-23 09:52:14,12128.0,33889
2021-06-23 09:52:15,12126.8,33899
2021-06-23 09:52:16,12126.8,33899
2021-06-23 09:52:18,12126.8,33899
2021-06-23 09:52:18,12126.8,33899
2021-06-23 09:52:19,12126.8,33899
2021-06-23 09:52:21,12128.0,33903
2021-06-23 09:52:22,12126.8,33923
2021-06-23 09:52:23,12129.0,34034
2021-06-23 09:52:24,12129.0,34034
2021-06-23 09:52:25,12125.0,34039
2021-06-23 09:52:27,12125.0,34039
2021-06-23 09:52:27,12125.0,34039
2021-06-23 09:52:28,12125.0,34053
2021-06-23 09:52:29,12128.0,34054
2021-06-23 09:52:30,12128.0,34054
2021-06-23 09:52:31,12128.0,34054
2021-06-23 09:52:33,12128.0,34069
2021-06-23 09:52:33,12128.0,34069
2021-06-23 09:52:34,12122.65,34088
2021-06-23 09:52:35,12122.65,34088
2021-06-23 09:52:36,12122.65,34088
2021-06-23 09:52:37,12125.0,34103
2021-06-23 09:52:38,12129.9,34228
2021-06-23 09:52:39,12126.95,34231
2021-06-23 09:52:40,12123.4,34262
2021-06-23 09:52:41,12126.95,34263
2021-06-23 09:52:43,12126.95,34264
2021-06-23 09:52:44,12129.9,34265
2021-06-23 09:52:45,12129.9,34265
2021-06-23 09:52:46,12129.9,34265
2021-06-23 09:52:46,12129.9,34265
2021-06-23 09:52:47,12129.9,34265
2021-06-23 09:52:48,12129.9,34265
2021-06-23 09:52:49,12129.9,34265
2021-06-23 09:52:50,12129.9,34275
2021-06-23 09:52:52,12129.9,34275
2021-06-23 09:52:53,12128.2,34319
2021-06-23 09:52:54,12128.2,34319
2021-06-23 09:52:55,12128.2,34319
2021-06-23 09:52:57,12128.2,34319
2021-06-23 09:52:58,12128.2,34319
2021-06-23 09:52:59,12128.2,34319
2021-06-23 09:53:00,12128.2,34319
2021-06-23 09:53:01,12128.2,34319
2021-06-23 09:53:01,12128.2,34319
2021-06-23 09:53:02,12128.2,34319
2021-06-23 09:53:03,12128.2,34319
2021-06-23 09:53:04,12129.85,34324
2021-06-23 09:53:05,12129.85,34324
2021-06-23 09:53:06,12129.0,34325
2021-06-23 09:53:07,12129.0,34325
2021-06-23 09:53:09,12129.0,34325
2021-06-23 09:53:10,12129.0,34325
2021-06-23 09:53:10,12129.0,34325
2021-06-23 09:53:12,12129.0,34325
2021-06-23 09:53:13,12126.95,34353
2021-06-23 09:53:13,12126.95,34353
2021-06-23 09:53:14,12125.0,34354
2021-06-23 09:53:15,12125.0,34354
2021-06-23 09:53:16,12125.0,34354
2021-06-23 09:53:17,12125.0,34354
2021-06-23 09:53:18,12125.0,34354
2021-06-23 09:53:19,12120.0,34410
2021-06-23 09:53:20,12123.7,34440
2021-06-23 09:53:21,12123.7,34440
2021-06-23 09:53:22,12122.0,34442
2021-06-23 09:53:23,12122.0,34442
2021-06-23 09:53:24,12122.0,34442
2021-06-23 09:53:26,12122.0,34442
2021-06-23 09:53:27,12122.0,34442
2021-06-23 09:53:28,12122.0,34442
2021-06-23 09:53:29,12122.0,34442
2021-06-23 09:53:30,12122.0,34442
2021-06-23 09:53:30,12122.0,34442
2021-06-23 09:53:31,12123.45,34468
2021-06-23 09:53:32,12123.45,34468
2021-06-23 09:53:33,12123.45,34468
2021-06-23 09:53:34,12123.45,34468
2021-06-23 09:53:35,12123.45,34468
2021-06-23 09:53:36,12123.45,34468
2021-06-23 09:53:37,12123.45,34468
2021-06-23 09:53:38,12123.45,34468
2021-06-23 09:53:39,12123.45,34468
2021-06-23 09:53:40,12120.0,34470
2021-06-23 09:53:41,12120.0,34470
2021-06-23 09:53:42,12122.45,34471
2021-06-23 09:53:43,12120.0,34473
2021-06-23 09:53:44,12120.0,34473
2021-06-23 09:53:45,12122.0,34476
2021-06-23 09:53:46,12120.0,34477
2021-06-23 09:53:47,12120.0,34478
2021-06-23 09:53:48,12120.0,34478
2021-06-23 09:53:50,12120.0,34478
2021-06-23 09:53:51,12120.0,34478
2021-06-23 09:53:52,12120.0,34478
2021-06-23 09:53:52,12120.0,34478
2021-06-23 09:53:53,12120.0,34478
2021-06-23 09:53:54,12120.0,34478
2021-06-23 09:53:55,12120.0,34478
2021-06-23 09:53:57,12123.0,34488
2021-06-23 09:53:58,12123.0,34488
2021-06-23 09:53:59,12123.0,34488
2021-06-23 09:54:00,12123.0,34488
2021-06-23 09:54:01,12120.0,34507
2021-06-23 09:54:02,12120.0,34507
2021-06-23 09:54:03,12120.0,34508
2021-06-23 09:54:04,12120.0,34508
2021-06-23 09:54:05,12120.0,34508
2021-06-23 09:54:06,12120.0,34508
2021-06-23 09:54:08,12119.95,34509
2021-06-23 09:54:09,12122.85,34510
2021-06-23 09:54:10,12122.85,34510
2021-06-23 09:54:11,12122.85,34510
2021-06-23 09:54:12,12122.85,34510
2021-06-23 09:54:13,12124.0,34540
2021-06-23 09:54:14,12124.0,34540
2021-06-23 09:54:15,12124.0,34540
2021-06-23 09:54:16,12129.0,34541
2021-06-23 09:54:16,12129.0,34541
2021-06-23 09:54:17,12129.0,34541
2021-06-23 09:54:18,12129.0,34541
2021-06-23 09:54:19,12129.0,34542
2021-06-23 09:54:20,12129.0,34542
2021-06-23 09:54:22,12129.0,34542
2021-06-23 09:54:23,12129.0,34542
2021-06-23 09:54:23,12129.0,34542
2021-06-23 09:54:24,12129.0,34542
2021-06-23 09:54:25,12129.0,34542
2021-06-23 09:54:26,12129.0,34542
2021-06-23 09:54:27,12122.85,34560
2021-06-23 09:54:29,12126.0,34607
2021-06-23 09:54:31,12126.0,34607
2021-06-23 09:54:32,12126.0,34607
2021-06-23 09:54:33,12126.0,34607
2021-06-23 09:54:34,12126.0,34607
2021-06-23 09:54:34,12126.0,34607
2021-06-23 09:54:35,12125.85,34610
2021-06-23 09:54:36,12125.85,34610
2021-06-23 09:54:37,12125.85,34610
2021-06-23 09:54:38,12125.65,34611
2021-06-23 09:54:39,12125.65,34611
2021-06-23 09:54:40,12125.65,34611
2021-06-23 09:54:41,12122.0,34612
2021-06-23 09:54:42,12122.0,34612
2021-06-23 09:54:44,12122.0,34612
2021-06-23 09:54:45,12122.0,34612
2021-06-23 09:54:46,12125.4,34613
2021-06-23 09:54:47,12116.95,34683
2021-06-23 09:54:48,12116.95,34683
2021-06-23 09:54:48,12116.95,34683
2021-06-23 09:54:49,12116.95,34683
2021-06-23 09:54:50,12116.95,34683
2021-06-23 09:54:51,12116.95,34683
2021-06-23 09:54:52,12116.0,34684
2021-06-23 09:54:53,12116.0,34684
2021-06-23 09:54:54,12116.0,34684
2021-06-23 09:54:56,12116.0,34684
2021-06-23 09:54:55,12116.0,34684
2021-06-23 09:54:57,12115.0,34740
2021-06-23 09:54:58,12115.0,34740
2021-06-23 09:55:00,12115.0,34740
2021-06-23 09:54:59,12115.0,34740
2021-06-23 09:55:03,12117.0,34741
2021-06-23 09:55:04,12117.0,34741
2021-06-23 09:55:05,12117.0,34741
2021-06-23 09:55:06,12115.0,34750
2021-06-23 09:55:08,12116.35,34751
2021-06-23 09:55:13,12116.35,34758
2021-06-23 09:55:14,12116.35,34758
2021-06-23 09:55:15,12116.35,34758
2021-06-23 09:55:16,12115.0,34761
2021-06-23 09:55:17,12116.35,34764
2021-06-23 09:55:18,12116.35,34764
2021-06-23 09:55:19,12116.35,34764
2021-06-23 09:55:20,12116.35,34764
2021-06-23 09:55:21,12116.35,34764
2021-06-23 09:55:22,12116.35,34764
2021-06-23 09:55:23,12116.35,34764
2021-06-23 09:55:24,12116.35,34764
2021-06-23 09:55:25,12116.35,34764
2021-06-23 09:55:26,12116.35,34764
2021-06-23 09:55:27,12116.35,34764
2021-06-23 09:55:28,12116.35,34764
2021-06-23 09:55:29,12116.35,34764
2021-06-23 09:55:30,12115.0,34765
2021-06-23 09:55:31,12115.0,34765
2021-06-23 09:55:33,12115.0,34765
2021-06-23 09:55:34,12115.0,34765
2021-06-23 09:55:35,12115.0,34766
2021-06-23 09:55:36,12115.0,34767
2021-06-23 09:55:37,12115.0,34785
2021-06-23 09:55:38,12112.65,34815
2021-06-23 09:55:39,12111.05,34829
2021-06-23 09:55:40,12111.05,34829
2021-06-23 09:55:41,12111.05,34829
2021-06-23 09:55:42,12111.4,34839
2021-06-23 09:55:43,12111.4,34839
2021-06-23 09:55:44,12111.4,34839
2021-06-23 09:55:44,12111.4,34839
2021-06-23 09:55:45,12111.4,34839
2021-06-23 09:55:46,12116.35,34985
2021-06-23 09:55:50,12123.3,35017
2021-06-23 09:55:51,12123.3,35017
2021-06-23 09:55:52,12123.3,35017
2021-06-23 09:55:54,12123.3,35027
2021-06-23 09:55:55,12112.5,35032
2021-06-23 09:55:56,12112.55,35033
2021-06-23 09:55:57,12112.55,35033
2021-06-23 09:55:58,12112.55,35033
2021-06-23 09:55:59,12116.0,35034
2021-06-23 09:56:00,12116.0,35035
2021-06-23 09:56:01,12116.0,35035
2021-06-23 09:56:02,12116.0,35035
2021-06-23 09:56:03,12119.9,35038
2021-06-23 09:56:04,12119.8,35039
2021-06-23 09:56:05,12119.8,35039
2021-06-23 09:56:06,12113.75,35139
2021-06-23 09:56:07,12112.55,35170
2021-06-23 09:56:08,12112.55,35170
2021-06-23 09:56:09,12112.0,35181
2021-06-23 09:56:10,12111.4,35242
2021-06-23 09:56:10,12111.4,35242
2021-06-23 09:56:11,12111.4,35242
2021-06-23 09:56:12,12111.4,35242
2021-06-23 09:56:13,12111.4,35242
2021-06-23 09:56:15,12110.5,35246
2021-06-23 09:56:17,12119.45,35279
2021-06-23 09:56:18,12110.35,35304
2021-06-23 09:56:19,12110.35,35304
2021-06-23 09:56:20,12110.35,35304
2021-06-23 09:56:21,12110.0,35334
2021-06-23 09:56:21,12110.35,35304
2021-06-23 09:56:22,12110.0,35334
2021-06-23 09:56:24,12110.0,35334
2021-06-23 09:56:25,12110.0,35334
2021-06-23 09:56:27,12110.0,35334
2021-06-23 09:56:28,12110.0,35334
2021-06-23 09:56:28,12110.0,35334
2021-06-23 09:56:30,12114.95,35354
2021-06-23 09:56:31,12114.95,35354
2021-06-23 09:56:32,12114.95,35354
2021-06-23 09:56:32,12114.95,35354
2021-06-23 09:56:33,12114.95,35354
2021-06-23 09:56:34,12113.0,35358
2021-06-23 09:56:35,12113.0,35397
2021-06-23 09:56:36,12114.95,35403
2021-06-23 09:56:37,12112.9,35409
2021-06-23 09:56:38,12114.95,35410
2021-06-23 09:56:39,12114.95,35410
2021-06-23 09:56:40,12114.95,35410
2021-06-23 09:56:41,12114.95,35410
2021-06-23 09:56:42,12111.05,35411
2021-06-23 09:56:43,12114.95,35412
2021-06-23 09:56:45,12114.95,35412
2021-06-23 09:56:46,12114.95,35412
2021-06-23 09:56:47,12114.0,35437
2021-06-23 09:56:48,12113.0,35441
2021-06-23 09:56:49,12114.95,35449
2021-06-23 09:56:50,12113.55,35452
2021-06-23 09:56:51,12113.55,35455
2021-06-23 09:56:52,12114.95,35469
2021-06-23 09:56:52,12114.95,35469
2021-06-23 09:56:54,12114.95,35469
2021-06-23 09:56:54,12114.95,35470
2021-06-23 09:56:55,12114.95,35470
2021-06-23 09:56:57,12114.0,35481
2021-06-23 09:56:58,12114.0,35481
2021-06-23 09:56:59,12114.95,35483
2021-06-23 09:57:00,12114.95,35484
2021-06-23 09:57:01,12114.0,35510
2021-06-23 09:57:02,12114.0,35510
2021-06-23 09:57:03,12115.0,35550
2021-06-23 09:57:03,12119.6,35543
2021-06-23 09:57:05,12115.0,35550
2021-06-23 09:57:06,12115.0,35550
2021-06-23 09:57:07,12115.0,35550
2021-06-23 09:57:08,12120.0,35552
2021-06-23 09:57:09,12128.0,35609
2021-06-23 09:57:10,12128.0,35609
2021-06-23 09:57:11,12128.0,35609
2021-06-23 09:57:12,12128.0,35609
2021-06-23 09:57:13,12127.35,35618
2021-06-23 09:57:13,12127.35,35618
2021-06-23 09:57:14,12127.35,35618
2021-06-23 09:57:15,12127.35,35618
2021-06-23 09:57:17,12127.35,35618
2021-06-23 09:57:17,12127.6,35626
2021-06-23 09:57:18,12127.6,35626
2021-06-23 09:57:19,12127.6,35634
2021-06-23 09:57:21,12127.0,35643
2021-06-23 09:57:22,12127.0,35643
2021-06-23 09:57:23,12129.0,35653
2021-06-23 09:57:24,12129.0,35653
2021-06-23 09:57:25,12129.0,35653
2021-06-23 09:57:26,12127.35,35661
2021-06-23 09:57:27,12127.35,35661
2021-06-23 09:57:28,12127.35,35661
2021-06-23 09:57:29,12127.35,35661
2021-06-23 09:57:30,12127.35,35661
2021-06-23 09:57:31,12127.35,35661
2021-06-23 09:57:32,12127.0,35665
2021-06-23 09:57:33,12127.0,35665
2021-06-23 09:57:34,12127.3,35672
2021-06-23 09:57:35,12130.0,35713
2021-06-23 09:57:36,12130.0,35713
2021-06-23 09:57:37,12130.0,35713
2021-06-23 09:57:38,12130.0,35713
2021-06-23 09:57:39,12128.5,35716
2021-06-23 09:57:39,12128.5,35716
2021-06-23 09:57:40,12128.5,35716
2021-06-23 09:57:42,12128.5,35716
2021-06-23 09:57:43,12128.5,35716
2021-06-23 09:57:43,12128.5,35716
2021-06-23 09:57:45,12120.4,35718
2021-06-23 09:57:46,12120.4,35718
2021-06-23 09:57:47,12120.4,35718
2021-06-23 09:57:48,12126.9,35723
2021-06-23 09:57:49,12126.9,35723
2021-06-23 09:57:50,12126.9,35726
2021-06-23 09:57:50,12126.9,35726
2021-06-23 09:57:51,12126.9,35726
2021-06-23 09:57:54,12122.0,35728
2021-06-23 09:57:55,12122.0,35728
2021-06-23 09:57:56,12122.0,35728
2021-06-23 09:57:57,12120.35,35733
2021-06-23 09:57:58,12121.0,35734
2021-06-23 09:57:58,12121.0,35734
2021-06-23 09:57:59,12120.95,35735
2021-06-23 09:58:00,12120.95,35735
2021-06-23 09:58:02,12125.0,35740
2021-06-23 09:58:03,12125.0,35740
2021-06-23 09:58:04,12125.0,35740
2021-06-23 09:58:05,12125.0,35740
2021-06-23 09:58:06,12125.0,35740
2021-06-23 09:58:07,12125.0,35740
2021-06-23 09:58:08,12124.95,35888
2021-06-23 09:58:09,12126.9,35890
2021-06-23 09:58:09,12126.9,35890
2021-06-23 09:58:10,12125.25,35902
2021-06-23 09:58:13,12125.0,35905
2021-06-23 09:58:14,12128.5,35908
2021-06-23 09:58:15,12128.5,35925
2021-06-23 09:58:16,12127.0,35927
2021-06-23 09:58:18,12126.05,35937
2021-06-23 09:58:19,12125.2,35938
2021-06-23 09:58:20,12125.2,35938
2021-06-23 09:58:21,12125.2,35938
2021-06-23 09:58:22,12130.0,35939
2021-06-23 09:58:23,12130.0,35996
2021-06-23 09:58:24,12129.1,36006
2021-06-23 09:58:26,12134.55,36022
2021-06-23 09:58:27,12134.9,36027
2021-06-23 09:58:28,12134.9,36027
2021-06-23 09:58:29,12134.9,36027
2021-06-23 09:58:30,12134.9,36027
2021-06-23 09:58:30,12134.9,36027
2021-06-23 09:58:31,12134.9,36027
2021-06-23 09:58:33,12134.9,36027
2021-06-23 09:58:34,12128.5,36053
2021-06-23 09:58:35,12129.05,36058
2021-06-23 09:58:36,12129.05,36058
2021-06-23 09:58:37,12134.9,36078
2021-06-23 09:58:38,12134.9,36078
2021-06-23 09:58:39,12134.9,36078
2021-06-23 09:58:40,12135.0,36119
2021-06-23 09:58:41,12134.0,36121
2021-06-23 09:58:43,12130.25,36122
2021-06-23 09:58:45,12130.25,36122
2021-06-23 09:58:46,12130.25,36122
2021-06-23 09:58:46,12130.25,36122
2021-06-23 09:58:48,12130.45,36127
2021-06-23 09:58:49,12130.45,36127
2021-06-23 09:58:50,12130.45,36127
2021-06-23 09:58:51,12130.45,36127
2021-06-23 09:58:52,12130.45,36127
2021-06-23 09:58:53,12134.0,36144
2021-06-23 09:58:54,12134.0,36144
2021-06-23 09:58:54,12134.0,36144
2021-06-23 09:58:55,12134.0,36149
2021-06-23 09:58:57,12134.0,36187
2021-06-23 09:58:58,12135.0,36267
2021-06-23 09:59:00,12133.25,36483
2021-06-23 09:59:01,12130.5,36536
2021-06-23 09:59:02,12130.5,36536
2021-06-23 09:59:03,12130.5,36536
2021-06-23 09:59:04,12130.5,36536
2021-06-23 09:59:05,12130.5,36536
2021-06-23 09:59:06,12139.45,36539
2021-06-23 09:59:07,12139.45,36539
2021-06-23 09:59:08,12139.45,36539
2021-06-23 09:59:09,12139.45,36539
2021-06-23 09:59:10,12134.95,36542
2021-06-23 09:59:11,12130.65,36546
2021-06-23 09:59:12,12130.65,36546
2021-06-23 09:59:13,12137.0,36549
2021-06-23 09:59:14,12137.0,36549
2021-06-23 09:59:15,12137.0,36549
2021-06-23 09:59:16,12134.0,36553
2021-06-23 09:59:17,12134.0,36553
2021-06-23 09:59:18,12130.55,36558
2021-06-23 09:59:19,12137.05,36559
2021-06-23 09:59:20,12137.05,36559
2021-06-23 09:59:21,12137.05,36559
2021-06-23 09:59:22,12130.65,36564
2021-06-23 09:59:23,12130.65,36564
2021-06-23 09:59:24,12130.65,36564
2021-06-23 09:59:25,12136.9,36565
2021-06-23 09:59:26,12136.9,36565
2021-06-23 09:59:27,12136.9,36565
2021-06-23 09:59:28,12136.9,36565
2021-06-23 09:59:29,12136.9,36565
2021-06-23 09:59:30,12136.9,36565
2021-06-23 09:59:31,12130.8,36566
2021-06-23 09:59:32,12130.8,36566
2021-06-23 09:59:34,12136.95,36598
2021-06-23 09:59:35,12136.95,36598
2021-06-23 09:59:36,12136.95,36598
2021-06-23 09:59:37,12136.95,36598
2021-06-23 09:59:38,12136.9,36599
2021-06-23 09:59:40,12134.0,36618
2021-06-23 09:59:41,12140.9,36737
2021-06-23 09:59:42,12141.5,36749
2021-06-23 09:59:43,12145.0,36798
2021-06-23 09:59:44,12145.0,36798
2021-06-23 09:59:45,12137.1,36803
2021-06-23 09:59:46,12145.0,36866
2021-06-23 09:59:47,12145.0,36866
2021-06-23 09:59:48,12145.0,36866
2021-06-23 09:59:49,12145.0,36866
2021-06-23 09:59:50,12145.0,36988
2021-06-23 09:59:51,12142.2,37048
2021-06-23 09:59:52,12149.95,37125
2021-06-23 09:59:53,12149.95,37125
2021-06-23 09:59:55,12149.95,37125
2021-06-23 09:59:54,12149.95,37125
2021-06-23 09:59:56,12146.35,37146
2021-06-23 09:59:57,12142.7,37175
2021-06-23 09:59:58,12148.7,37180
2021-06-23 09:59:59,12149.6,37230
2021-06-23 10:00:00,12149.9,37245
2021-06-23 10:00:01,12149.9,37245
2021-06-23 10:00:02,12149.4,37259
2021-06-23 10:00:03,12149.0,37297
2021-06-23 10:00:04,12153.8,37410
2021-06-23 10:00:05,12153.8,37410
2021-06-23 10:00:06,12159.0,37460
2021-06-23 10:00:07,12158.95,37473
2021-06-23 10:00:08,12158.95,37473
2021-06-23 10:00:09,12158.95,37473
2021-06-23 10:00:10,12156.0,37482
2021-06-23 10:00:11,12157.5,37492
2021-06-23 10:00:12,12166.0,37823
2021-06-23 10:00:13,12164.5,37858
2021-06-23 10:00:14,12165.0,37872
2021-06-23 10:00:15,12165.0,37873
2021-06-23 10:00:16,12165.0,37898
2021-06-23 10:00:17,12169.0,37972
2021-06-23 10:00:18,12169.1,37974
2021-06-23 10:00:20,12169.1,37978
2021-06-23 10:00:21,12166.35,37988
2021-06-23 10:00:22,12166.8,38008
2021-06-23 10:00:23,12175.0,38250
2021-06-23 10:00:24,12175.0,38348
2021-06-23 10:00:25,12180.0,38379
2021-06-23 10:00:26,12180.0,38814
2021-06-23 10:00:27,12178.0,38820
2021-06-23 10:00:28,12180.7,38851
2021-06-23 10:00:29,12180.0,38854
2021-06-23 10:00:30,12178.0,38858
2021-06-23 10:00:31,12180.0,38918
2021-06-23 10:00:32,12184.9,39053
2021-06-23 10:00:33,12184.9,39053
2021-06-23 10:00:34,12184.9,39053
2021-06-23 10:00:36,12183.0,39125
2021-06-23 10:00:37,12183.0,39128
2021-06-23 10:00:38,12179.3,39160
2021-06-23 10:00:39,12179.3,39160
2021-06-23 10:00:40,12181.0,39180
2021-06-23 10:00:41,12180.9,39239
2021-06-23 10:00:42,12180.7,39284
2021-06-23 10:00:43,12180.7,39284
2021-06-23 10:00:44,12180.7,39284
2021-06-23 10:00:45,12181.0,39348
2021-06-23 10:00:46,12178.05,39374
2021-06-23 10:00:47,12182.5,39412
2021-06-23 10:00:48,12186.0,39449
2021-06-23 10:00:49,12186.0,39449
2021-06-23 10:00:50,12186.0,39449
2021-06-23 10:00:51,12186.0,39449
2021-06-23 10:00:52,12181.0,39475
2021-06-23 10:00:53,12181.0,39526
2021-06-23 10:00:54,12181.0,39546
2021-06-23 10:00:55,12181.0,39552
2021-06-23 10:00:56,12181.0,39562
2021-06-23 10:00:57,12181.0,39564
2021-06-23 10:00:58,12181.9,39570
2021-06-23 10:00:59,12181.9,39577
2021-06-23 10:01:00,12181.9,39577
2021-06-23 10:01:01,12181.9,39669
2021-06-23 10:01:02,12181.9,39669
2021-06-23 10:01:03,12181.9,39669
2021-06-23 10:01:04,12183.0,39679
2021-06-23 10:01:05,12178.0,39683
2021-06-23 10:01:06,12178.0,39684
2021-06-23 10:01:07,12183.0,39712
2021-06-23 10:01:10,12178.0,39724
2021-06-23 10:01:11,12181.0,39725
2021-06-23 10:01:12,12178.0,39738
2021-06-23 10:01:12,12178.0,39736
2021-06-23 10:01:13,12178.0,39738
2021-06-23 10:01:14,12180.0,39752
2021-06-23 10:01:15,12180.0,39763
2021-06-23 10:01:16,12180.0,39800
2021-06-23 10:01:18,12179.0,39803
2021-06-23 10:01:18,12179.0,39803
2021-06-23 10:01:20,12178.55,39853
2021-06-23 10:01:21,12179.0,39858
2021-06-23 10:01:22,12179.0,39863
2021-06-23 10:01:23,12179.0,39895
2021-06-23 10:01:25,12179.0,39895
2021-06-23 10:01:25,12179.0,39897
2021-06-23 10:01:26,12178.95,39913
2021-06-23 10:01:27,12178.95,39913
2021-06-23 10:01:28,12179.0,39925
2021-06-23 10:01:29,12179.0,39941
2021-06-23 10:01:31,12177.3,40294
2021-06-23 10:01:30,12179.0,39944
2021-06-23 10:01:32,12177.3,40294
2021-06-23 10:01:34,12175.65,40369
2021-06-23 10:01:34,12175.6,40419
2021-06-23 10:01:36,12180.0,40464
2021-06-23 10:01:37,12180.0,40467
2021-06-23 10:01:38,12180.0,40467
2021-06-23 10:01:39,12180.0,40467
2021-06-23 10:01:40,12180.0,40467
2021-06-23 10:01:41,12179.6,40469
2021-06-23 10:01:42,12179.6,40469
2021-06-23 10:01:44,12180.0,40479
2021-06-23 10:01:44,12180.0,40479
2021-06-23 10:01:45,12180.0,40480
2021-06-23 10:01:46,12176.05,40548
2021-06-23 10:01:47,12175.0,40550
2021-06-23 10:01:48,12180.0,40563
2021-06-23 10:01:49,12182.0,40569
2021-06-23 10:01:50,12180.0,40572
2021-06-23 10:01:51,12180.0,40608
2021-06-23 10:01:52,12180.0,40608
2021-06-23 10:01:54,12180.0,40738
2021-06-23 10:01:55,12180.0,40739
2021-06-23 10:01:56,12182.0,40762
2021-06-23 10:01:56,12176.45,40787
2021-06-23 10:01:57,12176.45,40787
2021-06-23 10:01:58,12180.95,40794
2021-06-23 10:01:59,12180.0,40891
2021-06-23 10:02:00,12180.0,40891
2021-06-23 10:02:01,12175.1,40915
2021-06-23 10:02:02,12175.1,40915
2021-06-23 10:02:03,12175.1,40915
2021-06-23 10:02:04,12175.1,40915
2021-06-23 10:02:06,12179.75,40920
2021-06-23 10:02:06,12179.75,40920
2021-06-23 10:02:07,12179.75,40920
2021-06-23 10:02:08,12175.05,40968
2021-06-23 10:02:09,12175.05,40968
2021-06-23 10:02:10,12175.05,40968
2021-06-23 10:02:11,12175.05,40968
2021-06-23 10:02:12,12175.05,40969
2021-06-23 10:02:14,12180.0,41102
2021-06-23 10:02:14,12177.65,41114
2021-06-23 10:02:15,12177.65,41122
2021-06-23 10:02:16,12177.65,41122
2021-06-23 10:02:17,12177.65,41141
2021-06-23 10:02:18,12179.9,41151
2021-06-23 10:02:19,12179.9,41161
2021-06-23 10:02:20,12179.85,41163
2021-06-23 10:02:21,12181.95,41775
2021-06-23 10:02:22,12182.0,41804
2021-06-23 10:02:23,12182.0,41856
2021-06-23 10:02:24,12182.0,41977
2021-06-23 10:02:26,12182.0,41998
2021-06-23 10:02:26,12182.0,41998
2021-06-23 10:02:27,12182.0,42008
2021-06-23 10:02:28,12180.4,42025
2021-06-23 10:02:29,12189.0,42228
2021-06-23 10:02:30,12189.0,42324
2021-06-23 10:02:32,12189.9,42326
2021-06-23 10:02:32,12189.9,42329
2021-06-23 10:02:33,12191.0,42467
2021-06-23 10:02:34,12198.45,42606
2021-06-23 10:02:35,12190.95,42622
2021-06-23 10:02:36,12197.5,42657
2021-06-23 10:02:37,12198.45,42688
2021-06-23 10:02:38,12198.0,42704
2021-06-23 10:02:40,12193.2,42827
2021-06-23 10:02:40,12198.0,42858
2021-06-23 10:02:41,12198.35,42868
2021-06-23 10:02:42,12198.7,42877
2021-06-23 10:02:43,12198.8,42892
2021-06-23 10:02:45,12199.0,42918
2021-06-23 10:02:45,12199.0,42898
2021-06-23 10:02:46,12198.7,42920
2021-06-23 10:02:47,12198.0,42936
2021-06-23 10:02:48,12199.9,42961
2021-06-23 10:02:49,12199.9,42973
2021-06-23 10:02:50,12198.95,42979
2021-06-23 10:02:52,12198.95,42979
2021-06-23 10:02:52,12198.95,42979
2021-06-23 10:02:53,12193.55,42998
2021-06-23 10:02:54,12199.0,43104
2021-06-23 10:02:55,12193.0,43128
2021-06-23 10:02:56,12193.0,43130
2021-06-23 10:02:57,12193.0,43157
2021-06-23 10:02:58,12199.0,43218
2021-06-23 10:02:59,12199.55,43249
2021-06-23 10:03:01,12193.5,43259
2021-06-23 10:03:01,12193.5,43259
2021-06-23 10:03:03,12198.0,43276
2021-06-23 10:03:04,12198.0,43277
2021-06-23 10:03:05,12198.0,43279
2021-06-23 10:03:06,12199.0,43345
2021-06-23 10:03:07,12199.0,43345
2021-06-23 10:03:08,12196.55,43369
2021-06-23 10:03:09,12196.55,43369
2021-06-23 10:03:10,12193.0,43375
2021-06-23 10:03:11,12191.6,43427
2021-06-23 10:03:13,12197.2,43448
2021-06-23 10:03:13,12197.2,43448
2021-06-23 10:03:14,12197.2,43448
2021-06-23 10:03:15,12190.0,43485
2021-06-23 10:03:16,12193.0,43495
2021-06-23 10:03:17,12186.4,43546
2021-06-23 10:03:18,12186.35,43547
2021-06-23 10:03:20,12186.35,43547
2021-06-23 10:03:20,12186.35,43547
2021-06-23 10:03:22,12193.0,43584
2021-06-23 10:03:25,12188.0,43590
2021-06-23 10:03:26,12188.0,43595
2021-06-23 10:03:27,12184.5,43655
2021-06-23 10:03:27,12184.5,43655
2021-06-23 10:03:28,12184.5,43655
2021-06-23 10:03:29,12191.1,43675
2021-06-23 10:03:30,12184.5,43681
2021-06-23 10:03:32,12190.9,43685
2021-06-23 10:03:33,12183.2,43710
2021-06-23 10:03:33,12183.2,43710
2021-06-23 10:03:34,12191.0,43712
2021-06-23 10:03:36,12186.05,43715
2021-06-23 10:03:37,12191.0,43738
2021-06-23 10:03:39,12191.0,43740
2021-06-23 10:03:40,12191.0,43740
2021-06-23 10:03:41,12187.0,43751
2021-06-23 10:03:41,12187.0,43751
2021-06-23 10:03:42,12187.0,43751
2021-06-23 10:03:43,12187.0,43751
2021-06-23 10:03:44,12190.9,43752
2021-06-23 10:03:46,12190.9,43752
2021-06-23 10:03:47,12186.0,43757
2021-06-23 10:03:48,12186.0,43758
2021-06-23 10:03:48,12186.0,43758
2021-06-23 10:03:49,12184.75,43778
2021-06-23 10:03:50,12190.7,43788
2021-06-23 10:03:52,12184.1,43799
2021-06-23 10:03:53,12187.4,43800
2021-06-23 10:03:53,12187.4,43800
2021-06-23 10:03:54,12190.0,43810
2021-06-23 10:03:55,12190.0,43810
2021-06-23 10:03:56,12189.15,43813
2021-06-23 10:03:58,12189.15,43813
2021-06-23 10:03:59,12184.7,43818
2021-06-23 10:04:00,12189.85,43832
2021-06-23 10:04:01,12184.85,43837
2021-06-23 10:04:02,12184.85,43837
2021-06-23 10:04:03,12183.2,43922
2021-06-23 10:04:04,12183.2,43922
2021-06-23 10:04:05,12184.2,43923
2021-06-23 10:04:08,12184.2,43928
2021-06-23 10:04:09,12180.0,44108
2021-06-23 10:04:09,12180.0,44108
2021-06-23 10:04:10,12173.0,44219
2021-06-23 10:04:11,12173.5,44287
2021-06-23 10:04:13,12174.9,44324
2021-06-23 10:04:14,12174.0,44474
2021-06-23 10:04:14,12174.0,44474
2021-06-23 10:04:15,12168.95,44519
2021-06-23 10:04:16,12172.9,44529
2021-06-23 10:04:19,12164.1,44629
2021-06-23 10:04:20,12162.75,44630
2021-06-23 10:04:21,12162.75,44630
2021-06-23 10:04:21,12162.75,44630
2021-06-23 10:04:22,12169.9,44631
2021-06-23 10:04:23,12169.9,44631
2021-06-23 10:04:24,12169.9,44645
2021-06-23 10:04:26,12169.9,44645
2021-06-23 10:04:27,12169.9,44645
2021-06-23 10:04:28,12169.9,44645
2021-06-23 10:04:29,12169.9,44645
2021-06-23 10:04:30,12176.0,44726
2021-06-23 10:04:30,12179.9,44727
2021-06-23 10:04:31,12171.7,44757
2021-06-23 10:04:32,12171.9,44771
2021-06-23 10:04:33,12171.9,44771
2021-06-23 10:04:35,12177.4,44778
2021-06-23 10:04:36,12177.5,44788
2021-06-23 10:04:37,12180.0,44798
2021-06-23 10:04:38,12182.9,44829
2021-06-23 10:04:38,12182.9,44829
2021-06-23 10:04:39,12182.9,44829
2021-06-23 10:04:40,12182.9,44829
2021-06-23 10:04:42,12174.6,44831
2021-06-23 10:04:43,12171.85,44901
2021-06-23 10:04:44,12173.0,44902
2021-06-23 10:04:44,12173.0,44902
2021-06-23 10:04:45,12170.0,44904
2021-06-23 10:04:46,12172.95,44905
2021-06-23 10:04:47,12172.95,44905
2021-06-23 10:04:49,12172.05,44907
2021-06-23 10:04:50,12172.05,44907
2021-06-23 10:04:50,12172.05,44907
2021-06-23 10:04:51,12176.75,44908
2021-06-23 10:04:52,12176.75,44908
2021-06-23 10:04:53,12176.75,44908
2021-06-23 10:04:55,12174.35,44914
2021-06-23 10:04:55,12174.35,44914
2021-06-23 10:04:57,12174.35,44914
2021-06-23 10:04:58,12174.35,44914
2021-06-23 10:04:58,12174.35,44914
2021-06-23 10:04:59,12174.35,44914
2021-06-23 10:05:00,12173.2,44931
2021-06-23 10:05:01,12173.2,44931
2021-06-23 10:05:03,12173.2,44931
2021-06-23 10:05:04,12173.2,44931
2021-06-23 10:05:04,12173.2,44931
2021-06-23 10:05:05,12170.0,45032
2021-06-23 10:05:06,12169.35,45063
2021-06-23 10:05:07,12166.05,45066
2021-06-23 10:05:08,12170.0,45088
2021-06-23 10:05:10,12173.2,45248
2021-06-23 10:05:11,12173.2,45248
2021-06-23 10:05:11,12173.2,45248
2021-06-23 10:05:12,12169.95,45249
2021-06-23 10:05:13,12169.95,45249
2021-06-23 10:05:15,12172.15,45261
2021-06-23 10:05:16,12168.0,45262
2021-06-23 10:05:17,12168.0,45262
2021-06-23 10:05:18,12168.0,45262
2021-06-23 10:05:19,12167.2,45263
2021-06-23 10:05:20,12167.6,45268
2021-06-23 10:05:22,12166.05,45271
2021-06-23 10:05:23,12166.05,45271
2021-06-23 10:05:23,12166.05,45271
2021-06-23 10:05:24,12172.0,45371
2021-06-23 10:05:25,12169.0,45375
2021-06-23 10:05:26,12169.0,45375
2021-06-23 10:05:28,12166.0,45439
2021-06-23 10:05:29,12165.75,45508
2021-06-23 10:05:30,12165.75,45508
2021-06-23 10:05:31,12171.0,45509
2021-06-23 10:05:31,12171.0,45509
2021-06-23 10:05:32,12169.0,45549
2021-06-23 10:05:33,12170.0,45550
2021-06-23 10:05:34,12167.7,45552
2021-06-23 10:05:35,12167.7,45552
2021-06-23 10:05:36,12167.7,45552
2021-06-23 10:05:37,12165.45,45553
2021-06-23 10:05:38,12170.0,45603
2021-06-23 10:05:39,12167.6,45638
2021-06-23 10:05:41,12171.6,45655
2021-06-23 10:05:42,12171.6,45655
2021-06-23 10:05:43,12171.6,45655
2021-06-23 10:05:44,12171.55,45656
2021-06-23 10:05:45,12171.55,45656
2021-06-23 10:05:46,12171.55,45656
2021-06-23 10:05:46,12171.55,45656
2021-06-23 10:05:48,12174.9,45698
2021-06-23 10:05:48,12174.9,45698
2021-06-23 10:05:49,12174.9,45698
2021-06-23 10:05:50,12170.0,45700
2021-06-23 10:05:52,12170.0,45711
2021-06-23 10:05:53,12167.0,45717
2021-06-23 10:05:54,12167.0,45717
2021-06-23 10:05:55,12169.8,45718
2021-06-23 10:05:56,12169.8,45718
2021-06-23 10:05:57,12169.8,45718
2021-06-23 10:05:57,12169.8,45718
2021-06-23 10:05:58,12169.8,45718
2021-06-23 10:06:00,12169.8,45718
2021-06-23 10:06:01,12169.8,45718
2021-06-23 10:06:02,12169.8,45718
2021-06-23 10:06:03,12169.8,45718
2021-06-23 10:06:04,12165.0,45793
2021-06-23 10:06:05,12165.0,45793
2021-06-23 10:06:06,12163.0,45798
2021-06-23 10:06:07,12167.5,45813
2021-06-23 10:06:08,12167.5,45813
2021-06-23 10:06:09,12167.5,45813
2021-06-23 10:06:10,12167.5,45813
2021-06-23 10:06:11,12167.6,45823
2021-06-23 10:06:12,12165.25,45825
2021-06-23 10:06:13,12161.9,45845
2021-06-23 10:06:14,12161.9,45845
2021-06-23 10:06:15,12161.9,45845
2021-06-23 10:06:16,12161.9,45845
2021-06-23 10:06:17,12161.9,45845
2021-06-23 10:06:18,12162.7,45846
2021-06-23 10:06:19,12162.7,45846
2021-06-23 10:06:20,12168.9,45849
2021-06-23 10:06:21,12168.9,45849
2021-06-23 10:06:22,12168.9,45849
2021-06-23 10:06:23,12168.9,45849
2021-06-23 10:06:25,12168.9,45849
2021-06-23 10:06:26,12168.9,45849
2021-06-23 10:06:26,12168.9,45849
2021-06-23 10:06:27,12168.0,45858
2021-06-23 10:06:28,12171.0,46241
2021-06-23 10:06:29,12167.95,46258
2021-06-23 10:06:30,12169.9,46259
2021-06-23 10:06:31,12162.8,46289
2021-06-23 10:06:33,12162.8,46289
2021-06-23 10:06:34,12169.95,46314
2021-06-23 10:06:36,12167.0,46345
2021-06-23 10:06:37,12168.05,46347
2021-06-23 10:06:37,12168.05,46347
2021-06-23 10:06:38,12168.05,46347
2021-06-23 10:06:39,12168.05,46347
2021-06-23 10:06:41,12168.0,46352
2021-06-23 10:06:42,12168.0,46353
2021-06-23 10:06:43,12168.0,46372
2021-06-23 10:06:44,12168.0,46372
2021-06-23 10:06:45,12168.0,46372
2021-06-23 10:06:46,12171.95,46382
2021-06-23 10:06:47,12171.95,46382
2021-06-23 10:06:47,12171.95,46382
2021-06-23 10:06:48,12171.95,46382
2021-06-23 10:06:49,12171.95,46382
2021-06-23 10:06:51,12171.95,46382
2021-06-23 10:06:52,12171.95,46382
2021-06-23 10:06:53,12164.1,46385
2021-06-23 10:06:54,12163.25,46390
2021-06-23 10:06:55,12163.25,46390
2021-06-23 10:06:56,12163.25,46390
2021-06-23 10:06:57,12163.25,46390
2021-06-23 10:06:58,12163.25,46390
2021-06-23 10:06:59,12167.0,46393
2021-06-23 10:07:00,12167.0,46393
2021-06-23 10:07:01,12168.0,46404
2021-06-23 10:07:01,12168.0,46404
2021-06-23 10:07:02,12163.75,46408
2021-06-23 10:07:03,12163.75,46408
2021-06-23 10:07:04,12163.75,46408
2021-06-23 10:07:06,12163.15,46424
2021-06-23 10:07:08,12163.15,46424
2021-06-23 10:07:09,12163.7,46434
2021-06-23 10:07:10,12163.0,46537
2021-06-23 10:07:11,12163.0,46538
2021-06-23 10:07:12,12163.0,46538
2021-06-23 10:07:13,12161.0,46712
2021-06-23 10:07:14,12164.0,46730
2021-06-23 10:07:15,12164.0,46730
2021-06-23 10:07:16,12164.0,46730
2021-06-23 10:07:17,12161.0,46745
2021-06-23 10:07:17,12161.0,46745
2021-06-23 10:07:18,12161.0,46745
2021-06-23 10:07:20,12161.0,46750
2021-06-23 10:07:21,12161.0,46760
2021-06-23 10:07:22,12161.0,46776
2021-06-23 10:07:24,12161.0,46920
2021-06-23 10:07:25,12161.0,46948
2021-06-23 10:07:26,12161.0,46948
2021-06-23 10:07:26,12161.0,46948
2021-06-23 10:07:28,12161.0,46948
2021-06-23 10:07:29,12161.0,46948
2021-06-23 10:07:31,12162.0,46949
2021-06-23 10:07:32,12162.0,46949
2021-06-23 10:07:33,12162.0,46949
2021-06-23 10:07:34,12164.0,46950
2021-06-23 10:07:35,12164.0,46950
2021-06-23 10:07:36,12164.0,46971
2021-06-23 10:07:37,12161.2,47021
2021-06-23 10:07:38,12161.2,47021
2021-06-23 10:07:39,12164.0,47046
2021-06-23 10:07:41,12161.0,47071
2021-06-23 10:07:43,12161.0,47073
2021-06-23 10:07:44,12161.0,47074
2021-06-23 10:07:45,12161.05,47084
2021-06-23 10:07:45,12161.05,47084
2021-06-23 10:07:47,12165.65,47094
2021-06-23 10:07:48,12165.65,47094
2021-06-23 10:07:49,12165.65,47094
2021-06-23 10:07:50,12165.65,47094
2021-06-23 10:07:51,12161.0,47103
2021-06-23 10:07:52,12161.0,47103
2021-06-23 10:07:52,12161.0,47103
2021-06-23 10:07:53,12161.0,47103
2021-06-23 10:07:54,12161.0,47103
2021-06-23 10:07:56,12161.0,47103
2021-06-23 10:07:57,12161.0,47103
2021-06-23 10:07:58,12161.0,47103
2021-06-23 10:07:59,12165.0,47106
2021-06-23 10:08:00,12165.0,47106
2021-06-23 10:08:01,12165.0,47106
2021-06-23 10:08:02,12165.0,47106
2021-06-23 10:08:03,12165.0,47106
2021-06-23 10:08:04,12165.0,47106
2021-06-23 10:08:05,12165.0,47106
2021-06-23 10:08:06,12165.0,47106
2021-06-23 10:08:07,12165.0,47106
