timestamp,ltp,volume
2021-06-23 09:16:41,537.65,103321
2021-06-23 09:16:42,537.65,104057
2021-06-23 09:16:43,537.95,104089
2021-06-23 09:16:44,537.95,104589
2021-06-23 09:16:45,537.7,104672
2021-06-23 09:16:46,538.0,104732
2021-06-23 09:16:47,537.75,104842
2021-06-23 09:16:48,538.0,105071
2021-06-23 09:16:49,537.75,109046
2021-06-23 09:16:50,538.0,109664
2021-06-23 09:16:52,538.0,110740
2021-06-23 09:16:53,538.0,112495
2021-06-23 09:16:54,538.0,112664
2021-06-23 09:16:55,538.05,113094
2021-06-23 09:16:56,537.9,117146
2021-06-23 09:16:57,538.0,117156
2021-06-23 09:16:58,537.7,118309
2021-06-23 09:16:59,538.05,118623
2021-06-23 09:17:00,538.05,118628
2021-06-23 09:17:01,538.05,119168
2021-06-23 09:17:03,538.05,120676
2021-06-23 09:17:04,538.1,120699
2021-06-23 09:17:05,538.05,120714
2021-06-23 09:17:06,538.15,120924
2021-06-23 09:17:07,538.25,121354
2021-06-23 09:17:08,538.15,121406
2021-06-23 09:17:09,538.4,121683
2021-06-23 09:17:10,538.15,121809
2021-06-23 09:17:11,538.4,122109
2021-06-23 09:17:12,538.15,123106
2021-06-23 09:17:13,538.05,123693
2021-06-23 09:17:14,538.15,125168
2021-06-23 09:17:15,538.1,125220
2021-06-23 09:17:16,538.1,129852
2021-06-23 09:17:17,538.15,129965
2021-06-23 09:17:18,538.05,130294
2021-06-23 09:17:20,538.25,131732
2021-06-23 09:17:21,538.3,131953
2021-06-23 09:17:22,538.45,137143
2021-06-23 09:17:23,538.7,137658
2021-06-23 09:17:24,538.35,138186
2021-06-23 09:17:27,538.35,140507
2021-06-23 09:17:28,538.65,140535
2021-06-23 09:17:29,538.65,140535
2021-06-23 09:17:30,538.35,140597
2021-06-23 09:17:31,538.65,141961
2021-06-23 09:17:34,538.65,142135
2021-06-23 09:17:35,538.65,142248
2021-06-23 09:17:36,538.15,143801
2021-06-23 09:17:37,538.3,148855
2021-06-23 09:17:38,538.2,149359
2021-06-23 09:17:39,538.2,149559
2021-06-23 09:17:40,538.2,149659
2021-06-23 09:17:41,538.2,149816
2021-06-23 09:17:42,538.2,149951
2021-06-23 09:17:43,538.2,150016
2021-06-23 09:17:44,538.2,150066
2021-06-23 09:17:45,538.2,150189
2021-06-23 09:17:46,538.3,150597
2021-06-23 09:17:47,538.3,150907
2021-06-23 09:17:48,538.2,151405
2021-06-23 09:17:49,538.3,152499
2021-06-23 09:17:50,538.05,152519
2021-06-23 09:17:51,538.35,153102
2021-06-23 09:17:52,538.35,153110
2021-06-23 09:17:53,538.15,153117
2021-06-23 09:17:54,538.1,153129
2021-06-23 09:17:55,538.35,154536
2021-06-23 09:17:56,538.35,154692
2021-06-23 09:17:57,538.4,154852
2021-06-23 09:17:59,538.15,161897
2021-06-23 09:18:00,538.0,164467
2021-06-23 09:18:01,537.9,165409
2021-06-23 09:18:02,538.0,165878
2021-06-23 09:18:03,537.9,165993
2021-06-23 09:18:04,538.0,166518
2021-06-23 09:18:05,537.5,168306
2021-06-23 09:18:06,537.8,170214
2021-06-23 09:18:07,537.55,170321
2021-06-23 09:18:08,537.8,171339
2021-06-23 09:18:10,537.85,171366
2021-06-23 09:18:09,537.85,171355
2021-06-23 09:18:11,537.9,172332
2021-06-23 09:18:12,537.95,172336
2021-06-23 09:18:13,537.65,172513
2021-06-23 09:18:14,537.9,172812
2021-06-23 09:18:15,537.85,172833
2021-06-23 09:18:17,537.8,173148
2021-06-23 09:18:16,537.8,173144
2021-06-23 09:18:18,537.8,173158
2021-06-23 09:18:19,537.8,173932
2021-06-23 09:18:21,537.7,174501
2021-06-23 09:18:22,537.85,175391
2021-06-23 09:18:23,537.85,175391
2021-06-23 09:18:24,537.95,177353
2021-06-23 09:18:25,537.95,177478
2021-06-23 09:18:26,538.1,179192
2021-06-23 09:18:27,538.1,179192
2021-06-23 09:18:28,537.95,179227
2021-06-23 09:18:29,537.95,179227
2021-06-23 09:18:30,537.95,179445
2021-06-23 09:18:31,537.95,179566
2021-06-23 09:18:32,537.95,179860
2021-06-23 09:18:33,537.95,180035
2021-06-23 09:18:34,537.95,180860
2021-06-23 09:18:35,537.9,180872
2021-06-23 09:18:36,537.95,180966
2021-06-23 09:18:37,537.95,180976
2021-06-23 09:18:38,537.95,181176
2021-06-23 09:18:39,537.95,181176
2021-06-23 09:18:40,537.9,181322
2021-06-23 09:18:41,537.95,181736
2021-06-23 09:18:42,538.1,183786
2021-06-23 09:18:43,537.9,183847
2021-06-23 09:18:44,537.7,184547
2021-06-23 09:18:45,537.95,185334
2021-06-23 09:18:46,538.1,185384
2021-06-23 09:18:48,538.1,185384
2021-06-23 09:18:48,538.1,185394
2021-06-23 09:18:49,538.1,185394
2021-06-23 09:18:50,538.1,185424
2021-06-23 09:18:51,538.0,185690
2021-06-23 09:18:52,537.9,186457
2021-06-23 09:18:53,537.85,186854
2021-06-23 09:18:55,537.75,187424
2021-06-23 09:18:56,537.8,187474
2021-06-23 09:18:57,537.4,188452
2021-06-23 09:18:58,537.7,188462
2021-06-23 09:18:59,537.7,188602
2021-06-23 09:19:00,537.7,188697
2021-06-23 09:19:01,537.7,188697
2021-06-23 09:19:03,537.65,189461
2021-06-23 09:19:04,537.8,190491
2021-06-23 09:19:05,537.8,190996
2021-06-23 09:19:10,537.65,191978
2021-06-23 09:19:13,537.8,192130
2021-06-23 09:19:14,537.8,192434
2021-06-23 09:19:15,537.8,192536
2021-06-23 09:19:16,537.6,192556
2021-06-23 09:19:17,537.8,192597
2021-06-23 09:19:18,537.7,192763
2021-06-23 09:19:19,537.8,192850
2021-06-23 09:19:20,537.8,192879
2021-06-23 09:19:21,537.7,192963
2021-06-23 09:19:22,537.8,193279
2021-06-23 09:19:23,537.8,193379
2021-06-23 09:19:24,537.8,193389
2021-06-23 09:19:25,537.8,193389
2021-06-23 09:19:26,537.7,193726
2021-06-23 09:19:27,537.7,193826
2021-06-23 09:19:28,537.8,194195
2021-06-23 09:19:29,537.8,194739
2021-06-23 09:19:30,537.8,194762
2021-06-23 09:19:32,537.8,195112
2021-06-23 09:19:33,537.8,195188
2021-06-23 09:19:34,537.7,195295
2021-06-23 09:19:35,537.8,196073
2021-06-23 09:19:36,538.0,200186
2021-06-23 09:19:37,538.0,200186
2021-06-23 09:19:38,538.0,200187
2021-06-23 09:19:39,537.9,202903
2021-06-23 09:19:40,537.9,202903
2021-06-23 09:19:41,538.2,203154
2021-06-23 09:19:42,538.2,203287
2021-06-23 09:19:45,538.25,204008
2021-06-23 09:19:46,538.0,204092
2021-06-23 09:19:47,538.0,204287
2021-06-23 09:19:48,538.3,204477
2021-06-23 09:19:49,538.3,205077
2021-06-23 09:19:50,538.35,206079
2021-06-23 09:19:51,538.35,206080
2021-06-23 09:19:52,538.35,206130
2021-06-23 09:19:53,538.35,206270
2021-06-23 09:19:54,538.35,206270
2021-06-23 09:19:55,538.45,206295
2021-06-23 09:19:56,538.45,206295
2021-06-23 09:19:57,538.45,206295
2021-06-23 09:19:58,538.45,206330
2021-06-23 09:19:59,538.45,206330
2021-06-23 09:20:00,538.5,206682
2021-06-23 09:20:01,538.55,207016
2021-06-23 09:20:02,538.55,207093
2021-06-23 09:20:04,538.5,207614
2021-06-23 09:20:05,538.5,207734
2021-06-23 09:20:06,538.35,207846
2021-06-23 09:20:07,538.5,208342
2021-06-23 09:20:08,538.5,208762
2021-06-23 09:20:09,538.45,208812
2021-06-23 09:20:10,538.45,208881
2021-06-23 09:20:11,538.45,208881
2021-06-23 09:20:12,538.3,209232
2021-06-23 09:20:14,538.5,209282
2021-06-23 09:20:14,538.5,209292
2021-06-23 09:20:15,538.6,213556
2021-06-23 09:20:16,538.55,213575
2021-06-23 09:20:18,538.85,214775
2021-06-23 09:20:18,538.6,214980
2021-06-23 09:20:19,538.6,215272
2021-06-23 09:20:20,538.6,215272
2021-06-23 09:20:21,538.6,215344
2021-06-23 09:20:22,538.55,216057
2021-06-23 09:20:23,538.8,216832
2021-06-23 09:20:24,538.8,216853
2021-06-23 09:20:25,538.6,217450
2021-06-23 09:20:26,538.8,217452
2021-06-23 09:20:27,538.6,218999
2021-06-23 09:20:28,538.6,219527
2021-06-23 09:20:29,538.4,220220
2021-06-23 09:20:30,538.4,220227
2021-06-23 09:20:31,538.5,221834
2021-06-23 09:20:32,538.5,221894
2021-06-23 09:20:33,538.5,221894
2021-06-23 09:20:34,538.45,223926
2021-06-23 09:20:35,538.45,223948
2021-06-23 09:20:36,538.35,224113
2021-06-23 09:20:37,538.45,226418
2021-06-23 09:20:38,538.45,226418
2021-06-23 09:20:39,538.4,226672
2021-06-23 09:20:40,538.4,227249
2021-06-23 09:20:41,538.4,227362
2021-06-23 09:20:42,538.4,227410
2021-06-23 09:20:44,538.4,227498
2021-06-23 09:20:45,538.4,227523
2021-06-23 09:20:46,538.4,227553
2021-06-23 09:20:47,538.4,227707
2021-06-23 09:20:48,538.4,227886
2021-06-23 09:20:49,538.2,228096
2021-06-23 09:20:51,538.4,228352
2021-06-23 09:20:51,538.4,228776
2021-06-23 09:20:52,538.2,228786
2021-06-23 09:20:53,538.35,229661
2021-06-23 09:20:54,538.35,229663
2021-06-23 09:20:55,538.2,229668
2021-06-23 09:20:56,538.35,229808
2021-06-23 09:20:57,538.25,230169
2021-06-23 09:20:58,538.0,230260
2021-06-23 09:21:00,537.8,232575
2021-06-23 09:21:01,537.85,232817
2021-06-23 09:21:02,537.85,232817
2021-06-23 09:21:03,537.8,232822
2021-06-23 09:21:04,537.8,232822
2021-06-23 09:21:05,538.1,233017
2021-06-23 09:21:07,538.05,233106
2021-06-23 09:21:08,537.8,233135
2021-06-23 09:21:09,537.8,233135
2021-06-23 09:21:10,537.6,233920
2021-06-23 09:21:11,537.8,234220
2021-06-23 09:21:12,537.8,234626
2021-06-23 09:21:13,537.8,234638
2021-06-23 09:21:14,537.6,234892
2021-06-23 09:21:15,537.6,235012
2021-06-23 09:21:16,537.6,235012
2021-06-23 09:21:17,537.8,235167
2021-06-23 09:21:18,537.6,235307
2021-06-23 09:21:19,537.8,235514
2021-06-23 09:21:20,537.8,236071
2021-06-23 09:21:21,537.55,236571
2021-06-23 09:21:22,537.5,236701
2021-06-23 09:21:23,537.7,236801
2021-06-23 09:21:24,537.5,236952
2021-06-23 09:21:25,537.65,238047
2021-06-23 09:21:26,537.4,238052
2021-06-23 09:21:27,537.6,238369
2021-06-23 09:21:28,537.65,239334
2021-06-23 09:21:29,537.4,239466
2021-06-23 09:21:30,537.4,239584
2021-06-23 09:21:31,537.35,239645
2021-06-23 09:21:32,537.35,239911
2021-06-23 09:21:33,537.3,239937
2021-06-23 09:21:34,537.3,239937
2021-06-23 09:21:35,537.5,240172
2021-06-23 09:21:39,537.4,240359
2021-06-23 09:21:40,537.5,240411
2021-06-23 09:21:41,537.5,240415
2021-06-23 09:21:41,537.5,240415
2021-06-23 09:21:42,537.5,240463
2021-06-23 09:21:43,537.3,243550
2021-06-23 09:21:44,537.3,243718
2021-06-23 09:21:45,537.3,243801
2021-06-23 09:21:46,537.3,243825
2021-06-23 09:21:47,537.3,244303
2021-06-23 09:21:48,537.3,244323
2021-06-23 09:21:49,537.3,244362
2021-06-23 09:21:50,537.3,244362
2021-06-23 09:21:51,537.4,244681
2021-06-23 09:21:53,537.4,244966
2021-06-23 09:21:54,537.5,248023
2021-06-23 09:21:55,537.5,248024
2021-06-23 09:21:56,537.5,248088
2021-06-23 09:21:57,537.45,248736
2021-06-23 09:21:58,537.25,248868
2021-06-23 09:22:00,537.3,249178
2021-06-23 09:22:01,537.35,249400
2021-06-23 09:22:02,537.45,249827
2021-06-23 09:22:03,537.3,249830
2021-06-23 09:22:04,537.35,250052
2021-06-23 09:22:05,537.35,250162
2021-06-23 09:22:06,537.4,250662
2021-06-23 09:22:07,537.35,250762
2021-06-23 09:22:08,537.3,250967
2021-06-23 09:22:09,537.4,250968
2021-06-23 09:22:10,537.4,250983
2021-06-23 09:22:11,537.3,250995
2021-06-23 09:22:12,537.35,251420
2021-06-23 09:22:13,537.3,251897
2021-06-23 09:22:14,537.45,251962
2021-06-23 09:22:15,537.45,252154
2021-06-23 09:22:16,537.3,252988
2021-06-23 09:22:17,537.3,253044
2021-06-23 09:22:18,537.3,253044
2021-06-23 09:22:19,537.3,253044
2021-06-23 09:22:20,537.3,253277
2021-06-23 09:22:21,537.45,253359
2021-06-23 09:22:23,537.4,255251
2021-06-23 09:22:24,537.5,256399
2021-06-23 09:22:25,537.85,256704
2021-06-23 09:22:26,537.75,258011
2021-06-23 09:22:27,537.75,258011
2021-06-23 09:22:28,537.85,258477
2021-06-23 09:22:30,537.8,258612
2021-06-23 09:22:30,537.8,258712
2021-06-23 09:22:31,538.0,258827
2021-06-23 09:22:33,537.8,258841
2021-06-23 09:22:34,538.1,259135
2021-06-23 09:22:35,538.05,259176
2021-06-23 09:22:36,538.05,259297
2021-06-23 09:22:37,538.05,259380
2021-06-23 09:22:38,538.05,259380
2021-06-23 09:22:39,538.1,260382
2021-06-23 09:22:40,537.8,260412
2021-06-23 09:22:41,537.7,261221
2021-06-23 09:22:42,538.0,261271
2021-06-23 09:22:43,537.65,261922
2021-06-23 09:22:44,537.9,262202
2021-06-23 09:22:45,537.9,262209
2021-06-23 09:22:46,537.95,262494
2021-06-23 09:22:47,537.95,262608
2021-06-23 09:22:48,537.95,262608
2021-06-23 09:22:49,537.95,262859
2021-06-23 09:22:50,537.95,262859
2021-06-23 09:22:51,537.95,262859
2021-06-23 09:22:52,537.95,263359
2021-06-23 09:22:53,537.85,263535
2021-06-23 09:22:54,537.8,263675
2021-06-23 09:22:55,537.8,263675
2021-06-23 09:22:56,537.5,264409
2021-06-23 09:22:58,537.7,264419
2021-06-23 09:22:58,537.45,264424
2021-06-23 09:22:59,537.4,265199
2021-06-23 09:23:02,537.4,265732
2021-06-23 09:23:03,537.4,265751
2021-06-23 09:23:04,537.5,266377
2021-06-23 09:23:05,537.45,266378
2021-06-23 09:23:06,537.45,266378
2021-06-23 09:23:07,537.45,266378
2021-06-23 09:23:08,537.5,267012
2021-06-23 09:23:09,537.2,269551
2021-06-23 09:23:10,537.1,270107
2021-06-23 09:23:11,537.25,270207
2021-06-23 09:23:12,537.25,270227
2021-06-23 09:23:13,537.15,270290
2021-06-23 09:23:14,537.15,270390
2021-06-23 09:23:15,537.05,270842
2021-06-23 09:23:16,537.3,270942
2021-06-23 09:23:17,537.3,271013
2021-06-23 09:23:18,537.1,271063
2021-06-23 09:23:20,537.25,271376
2021-06-23 09:23:21,537.3,271386
2021-06-23 09:23:21,537.3,271386
2021-06-23 09:23:22,537.3,271428
2021-06-23 09:23:23,537.05,272998
2021-06-23 09:23:24,537.3,273113
2021-06-23 09:23:25,537.3,273148
2021-06-23 09:23:26,537.35,273151
2021-06-23 09:23:28,537.35,273651
2021-06-23 09:23:29,537.1,273761
2021-06-23 09:23:30,537.1,273761
2021-06-23 09:23:31,537.1,273771
2021-06-23 09:23:32,537.1,273774
2021-06-23 09:23:34,537.05,274347
2021-06-23 09:23:35,537.1,276950
2021-06-23 09:23:36,537.1,276991
2021-06-23 09:23:38,537.25,280741
2021-06-23 09:23:42,537.45,281190
2021-06-23 09:23:43,537.25,281485
2021-06-23 09:23:44,537.4,281539
2021-06-23 09:23:46,537.2,281820
2021-06-23 09:23:47,537.05,284197
2021-06-23 09:23:48,537.3,284254
2021-06-23 09:23:49,537.3,284525
2021-06-23 09:23:50,537.05,284540
2021-06-23 09:23:51,537.05,284540
2021-06-23 09:23:52,537.25,284584
2021-06-23 09:23:53,537.1,284803
2021-06-23 09:23:53,537.25,284867
2021-06-23 09:23:55,537.05,285069
2021-06-23 09:23:56,537.05,285069
2021-06-23 09:23:57,537.05,286921
2021-06-23 09:23:57,537.05,286921
2021-06-23 09:23:58,537.05,286921
2021-06-23 09:23:59,537.0,287841
2021-06-23 09:24:00,537.1,288451
2021-06-23 09:24:01,537.0,288536
2021-06-23 09:24:02,537.0,288536
2021-06-23 09:24:03,537.0,297063
2021-06-23 09:24:04,537.0,297563
2021-06-23 09:24:05,537.05,297818
2021-06-23 09:24:06,537.05,297828
2021-06-23 09:24:08,537.05,297828
2021-06-23 09:24:08,537.0,297963
2021-06-23 09:24:09,537.0,297970
2021-06-23 09:24:10,536.8,298069
2021-06-23 09:24:11,537.05,298430
2021-06-23 09:24:12,537.05,298573
2021-06-23 09:24:13,537.05,298573
2021-06-23 09:24:14,536.85,302915
2021-06-23 09:24:15,536.85,303157
2021-06-23 09:24:16,536.9,303241
2021-06-23 09:24:17,536.9,303241
2021-06-23 09:24:18,536.8,303246
2021-06-23 09:24:19,536.9,303391
2021-06-23 09:24:20,536.7,303449
2021-06-23 09:24:21,536.7,303450
2021-06-23 09:24:23,536.9,303528
2021-06-23 09:24:24,537.0,304941
2021-06-23 09:24:25,537.0,304941
2021-06-23 09:24:26,537.0,305014
2021-06-23 09:24:26,537.0,307265
2021-06-23 09:24:28,537.0,307955
2021-06-23 09:24:29,537.0,307975
2021-06-23 09:24:30,537.0,307985
2021-06-23 09:24:31,537.0,308078
2021-06-23 09:24:32,537.0,308153
2021-06-23 09:24:33,537.0,308220
2021-06-23 09:24:34,537.0,308263
2021-06-23 09:24:35,536.95,308320
2021-06-23 09:24:36,536.95,308320
2021-06-23 09:24:38,536.95,308521
2021-06-23 09:24:39,536.95,308521
2021-06-23 09:24:40,536.95,308551
2021-06-23 09:24:41,536.9,308561
2021-06-23 09:24:42,536.9,308803
2021-06-23 09:24:43,536.9,308819
2021-06-23 09:24:44,536.95,309088
2021-06-23 09:24:45,536.75,311098
2021-06-23 09:24:46,536.95,311298
2021-06-23 09:24:47,536.95,311298
2021-06-23 09:24:48,536.65,313236
2021-06-23 09:24:50,536.65,313257
2021-06-23 09:24:51,536.65,313268
2021-06-23 09:24:52,536.65,313319
2021-06-23 09:24:53,536.8,313379
2021-06-23 09:24:55,536.75,315937
2021-06-23 09:24:56,536.75,315937
2021-06-23 09:24:57,536.75,317039
2021-06-23 09:24:58,536.95,317044
2021-06-23 09:24:59,536.8,317605
2021-06-23 09:25:00,536.8,317629
2021-06-23 09:25:01,536.65,321978
2021-06-23 09:25:03,536.85,322679
2021-06-23 09:25:04,536.7,322783
2021-06-23 09:25:05,536.95,323354
2021-06-23 09:25:06,536.95,323491
2021-06-23 09:25:07,536.8,323497
2021-06-23 09:25:08,536.95,324457
2021-06-23 09:25:09,536.95,324457
2021-06-23 09:25:11,536.85,326611
2021-06-23 09:25:12,537.05,333748
2021-06-23 09:25:13,537.1,333755
2021-06-23 09:25:14,537.1,333755
2021-06-23 09:25:16,537.0,333855
2021-06-23 09:25:17,537.0,334328
2021-06-23 09:25:18,537.1,334530
2021-06-23 09:25:19,537.1,334832
2021-06-23 09:25:20,537.0,335018
2021-06-23 09:25:21,537.1,335082
2021-06-23 09:25:22,537.1,335157
2021-06-23 09:25:23,537.1,336398
2021-06-23 09:25:23,537.1,336398
2021-06-23 09:25:24,537.1,336433
2021-06-23 09:25:25,537.1,336634
2021-06-23 09:25:26,537.1,338122
2021-06-23 09:25:27,537.2,338547
2021-06-23 09:25:28,537.25,338552
2021-06-23 09:25:29,537.25,338552
2021-06-23 09:25:31,537.3,338781
2021-06-23 09:25:32,537.1,338904
2021-06-23 09:25:33,537.4,339463
2021-06-23 09:25:34,537.4,339463
2021-06-23 09:25:35,537.4,339669
2021-06-23 09:25:36,537.45,340214
2021-06-23 09:25:37,537.55,341170
2021-06-23 09:25:38,537.55,341170
2021-06-23 09:25:40,537.5,341354
2021-06-23 09:25:43,537.6,341564
2021-06-23 09:25:46,537.55,341565
2021-06-23 09:25:47,537.65,342337
2021-06-23 09:25:49,537.65,342387
2021-06-23 09:25:50,537.65,342487
2021-06-23 09:25:51,537.65,342869
2021-06-23 09:25:52,537.7,342889
2021-06-23 09:25:53,537.7,342890
2021-06-23 09:25:54,537.7,342890
2021-06-23 09:25:55,537.7,343090
2021-06-23 09:25:56,537.7,343191
2021-06-23 09:25:57,537.5,343441
2021-06-23 09:25:58,537.7,344041
2021-06-23 09:25:59,537.7,344141
2021-06-23 09:26:00,537.15,355611
2021-06-23 09:26:01,537.15,355661
2021-06-23 09:26:02,536.9,356041
2021-06-23 09:26:03,536.85,356741
2021-06-23 09:26:04,537.0,356783
2021-06-23 09:26:05,537.15,356788
2021-06-23 09:26:06,537.15,356909
2021-06-23 09:26:07,537.15,356965
2021-06-23 09:26:08,537.15,356985
2021-06-23 09:26:09,537.15,356985
2021-06-23 09:26:10,537.15,357010
2021-06-23 09:26:11,537.15,357255
2021-06-23 09:26:12,537.15,357777
2021-06-23 09:26:13,537.25,357830
2021-06-23 09:26:14,537.2,357836
2021-06-23 09:26:15,537.25,357937
2021-06-23 09:26:15,537.2,357946
2021-06-23 09:26:17,537.25,357996
2021-06-23 09:26:18,537.3,358480
2021-06-23 09:26:19,537.3,358480
2021-06-23 09:26:20,537.35,358695
2021-06-23 09:26:21,537.35,360581
2021-06-23 09:26:22,537.35,360824
2021-06-23 09:26:23,537.35,360824
2021-06-23 09:26:24,537.35,360824
2021-06-23 09:26:25,537.3,360894
2021-06-23 09:26:26,537.3,360894
2021-06-23 09:26:26,537.3,360894
2021-06-23 09:26:28,537.3,360952
2021-06-23 09:26:29,537.15,360953
2021-06-23 09:26:30,537.15,360968
2021-06-23 09:26:31,537.15,360968
2021-06-23 09:26:32,537.15,360968
2021-06-23 09:26:33,537.15,360968
2021-06-23 09:26:34,537.3,361000
2021-06-23 09:26:35,537.3,361805
2021-06-23 09:26:36,537.3,361850
2021-06-23 09:26:36,537.3,361850
2021-06-23 09:26:38,537.35,363385
2021-06-23 09:26:38,537.35,363385
2021-06-23 09:26:40,537.3,363615
2021-06-23 09:26:40,537.35,363736
2021-06-23 09:26:41,537.35,363736
2021-06-23 09:26:42,537.4,364286
2021-06-23 09:26:43,537.4,364286
2021-06-23 09:26:44,537.3,364295
2021-06-23 09:26:45,537.3,364295
2021-06-23 09:26:47,537.2,364985
2021-06-23 09:26:48,537.3,365202
2021-06-23 09:26:49,537.3,365432
2021-06-23 09:26:50,537.2,365482
2021-06-23 09:26:50,537.3,365483
2021-06-23 09:26:52,537.3,365584
2021-06-23 09:26:53,537.3,365604
2021-06-23 09:26:54,537.3,365654
2021-06-23 09:26:55,537.3,365656
2021-06-23 09:26:56,537.2,365780
2021-06-23 09:26:57,537.3,365781
2021-06-23 09:26:59,537.2,365801
2021-06-23 09:27:00,537.2,365885
2021-06-23 09:27:01,537.2,365885
2021-06-23 09:27:02,537.3,365895
2021-06-23 09:27:03,537.3,365895
2021-06-23 09:27:03,537.3,365895
2021-06-23 09:27:04,537.3,365995
2021-06-23 09:27:07,537.4,366162
2021-06-23 09:27:08,537.4,366162
2021-06-23 09:27:09,537.2,366181
2021-06-23 09:27:10,537.2,366181
2021-06-23 09:27:11,537.3,366221
2021-06-23 09:27:12,537.35,366222
2021-06-23 09:27:13,537.3,366273
2021-06-23 09:27:14,536.9,370067
2021-06-23 09:27:15,536.9,370067
2021-06-23 09:27:17,537.05,370122
2021-06-23 09:27:18,537.05,370139
2021-06-23 09:27:19,537.1,370739
2021-06-23 09:27:20,537.1,370739
2021-06-23 09:27:21,537.25,370865
2021-06-23 09:27:22,537.25,370865
2021-06-23 09:27:23,537.25,371085
2021-06-23 09:27:24,537.25,371235
2021-06-23 09:27:25,537.1,371435
2021-06-23 09:27:27,537.25,372762
2021-06-23 09:27:28,537.25,372762
2021-06-23 09:27:29,537.25,372962
2021-06-23 09:27:30,537.25,373012
2021-06-23 09:27:31,537.0,373017
2021-06-23 09:27:32,537.0,373073
2021-06-23 09:27:34,537.25,373368
2021-06-23 09:27:35,537.25,373628
2021-06-23 09:27:36,537.25,373628
2021-06-23 09:27:39,537.1,373870
2021-06-23 09:27:40,537.1,373870
2021-06-23 09:27:41,537.1,373870
2021-06-23 09:27:42,537.25,373920
2021-06-23 09:27:43,537.15,373939
2021-06-23 09:27:44,537.2,374053
2021-06-23 09:27:45,537.2,374053
2021-06-23 09:27:46,537.15,374104
2021-06-23 09:27:47,537.15,374341
2021-06-23 09:27:48,537.15,374341
2021-06-23 09:27:49,537.25,374361
2021-06-23 09:27:50,537.25,374461
2021-06-23 09:27:51,537.25,374699
2021-06-23 09:27:52,537.25,375012
2021-06-23 09:27:53,537.25,375012
2021-06-23 09:27:54,537.25,375263
2021-06-23 09:27:55,537.2,375663
2021-06-23 09:27:56,537.25,375673
2021-06-23 09:27:57,537.25,375693
2021-06-23 09:27:58,537.2,375694
2021-06-23 09:27:59,537.25,375714
2021-06-23 09:28:00,537.25,375877
2021-06-23 09:28:01,537.25,375877
2021-06-23 09:28:02,537.25,375877
2021-06-23 09:28:03,537.25,375877
2021-06-23 09:28:04,537.25,375928
2021-06-23 09:28:05,537.3,375938
2021-06-23 09:28:06,537.3,375988
2021-06-23 09:28:07,537.3,377096
2021-06-23 09:28:08,537.3,377096
2021-06-23 09:28:09,537.3,377096
2021-06-23 09:28:11,537.4,377228
2021-06-23 09:28:12,537.35,377229
2021-06-23 09:28:13,537.35,377229
2021-06-23 09:28:14,537.35,377231
2021-06-23 09:28:15,537.35,377231
2021-06-23 09:28:16,537.4,377232
2021-06-23 09:28:17,537.4,377856
2021-06-23 09:28:18,537.4,377856
2021-06-23 09:28:19,537.4,377857
2021-06-23 09:28:20,537.4,377867
2021-06-23 09:28:21,537.4,377974
2021-06-23 09:28:22,537.4,378486
2021-06-23 09:28:23,537.4,378602
2021-06-23 09:28:24,537.4,378602
2021-06-23 09:28:25,537.35,378771
2021-06-23 09:28:27,537.45,379012
2021-06-23 09:28:28,537.45,379012
2021-06-23 09:28:29,537.4,379072
2021-06-23 09:28:30,537.4,379072
2021-06-23 09:28:31,537.4,379672
2021-06-23 09:28:32,537.35,379872
2021-06-23 09:28:33,537.35,379872
2021-06-23 09:28:34,537.35,379872
2021-06-23 09:28:35,537.55,379991
2021-06-23 09:28:36,537.75,380144
2021-06-23 09:28:37,537.7,380146
2021-06-23 09:28:38,537.7,380146
2021-06-23 09:28:39,537.75,380164
2021-06-23 09:28:40,537.75,380299
2021-06-23 09:28:41,537.75,380299
2021-06-23 09:28:42,537.75,380299
2021-06-23 09:28:43,537.55,381063
2021-06-23 09:28:44,537.85,381888
2021-06-23 09:28:45,537.5,381903
2021-06-23 09:28:46,537.5,381908
2021-06-23 09:28:47,537.5,381908
2021-06-23 09:28:48,537.75,381928
2021-06-23 09:28:49,537.75,381928
2021-06-23 09:28:50,537.45,382285
2021-06-23 09:28:51,537.45,383088
2021-06-23 09:28:52,537.55,383266
2021-06-23 09:28:53,537.7,383717
2021-06-23 09:28:54,537.7,384272
2021-06-23 09:28:55,537.75,384282
2021-06-23 09:28:56,537.55,384310
2021-06-23 09:28:57,537.75,384341
2021-06-23 09:28:58,537.75,384583
2021-06-23 09:28:59,537.5,384773
2021-06-23 09:29:00,537.5,385123
2021-06-23 09:29:02,537.55,385213
2021-06-23 09:29:03,537.55,385213
2021-06-23 09:29:04,537.55,385213
2021-06-23 09:29:05,537.7,385514
2021-06-23 09:29:06,537.7,385575
2021-06-23 09:29:07,537.7,385584
2021-06-23 09:29:08,537.55,385779
2021-06-23 09:29:09,537.55,385904
2021-06-23 09:29:10,537.55,385934
2021-06-23 09:29:11,537.55,385959
2021-06-23 09:29:12,537.5,386271
2021-06-23 09:29:13,537.55,386331
2021-06-23 09:29:15,537.55,386331
2021-06-23 09:29:15,537.55,386334
2021-06-23 09:29:17,537.55,386335
2021-06-23 09:29:18,537.5,386348
2021-06-23 09:29:18,537.55,386429
2021-06-23 09:29:19,537.55,386431
2021-06-23 09:29:21,537.5,387006
2021-06-23 09:29:22,537.55,387036
2021-06-23 09:29:23,537.5,387049
2021-06-23 09:29:25,537.5,387049
2021-06-23 09:29:26,537.55,387055
2021-06-23 09:29:27,537.55,387070
2021-06-23 09:29:28,537.55,387080
2021-06-23 09:29:29,537.55,387080
2021-06-23 09:29:29,537.5,387180
2021-06-23 09:29:31,537.55,387346
2021-06-23 09:29:32,537.5,387422
2021-06-23 09:29:33,537.5,387432
2021-06-23 09:29:33,537.5,387432
2021-06-23 09:29:37,537.55,387722
2021-06-23 09:29:38,537.55,388222
2021-06-23 09:29:40,537.45,388525
2021-06-23 09:29:41,537.45,388525
2021-06-23 09:29:42,537.55,388588
2021-06-23 09:29:44,537.45,388591
2021-06-23 09:29:45,537.45,388591
2021-06-23 09:29:46,537.55,388764
2021-06-23 09:29:47,537.55,388764
2021-06-23 09:29:48,537.55,388764
2021-06-23 09:29:49,537.5,388780
2021-06-23 09:29:50,537.35,390944
2021-06-23 09:29:51,537.3,391597
2021-06-23 09:29:52,537.4,391748
2021-06-23 09:29:53,537.4,391918
2021-06-23 09:29:54,537.4,391971
2021-06-23 09:29:55,537.45,391986
2021-06-23 09:29:56,537.5,392296
2021-06-23 09:29:57,537.5,392296
2021-06-23 09:29:58,537.5,392296
2021-06-23 09:30:00,537.25,392301
2021-06-23 09:30:06,537.4,392473
2021-06-23 09:30:07,537.4,392567
2021-06-23 09:30:08,537.4,392569
2021-06-23 09:30:09,537.35,392579
2021-06-23 09:30:10,537.35,392579
2021-06-23 09:30:11,537.35,392800
2021-06-23 09:30:12,537.35,392800
2021-06-23 09:30:13,537.35,392800
2021-06-23 09:30:14,537.25,392820
2021-06-23 09:30:15,537.25,393428
2021-06-23 09:30:17,537.2,394339
2021-06-23 09:30:18,537.35,394364
2021-06-23 09:30:20,537.35,394474
2021-06-23 09:30:20,537.25,394484
2021-06-23 09:30:21,537.25,394497
2021-06-23 09:30:22,537.2,394516
2021-06-23 09:30:23,537.1,394557
2021-06-23 09:30:24,537.2,394620
2021-06-23 09:30:29,537.15,399626
2021-06-23 09:30:33,537.2,401470
2021-06-23 09:30:38,537.1,402197
2021-06-23 09:30:42,536.95,402241
2021-06-23 09:30:46,536.95,402704
2021-06-23 09:30:51,536.85,402939
2021-06-23 09:30:55,536.9,402970
2021-06-23 09:30:59,536.85,403224
2021-06-23 09:31:08,536.7,406886
2021-06-23 09:31:12,536.4,407724
2021-06-23 09:31:22,536.4,409948
2021-06-23 09:31:26,536.45,410663
2021-06-23 09:31:35,536.7,414038
2021-06-23 09:31:44,536.7,417238
2021-06-23 09:31:49,536.4,420366
2021-06-23 09:31:53,536.4,423431
2021-06-23 09:31:57,536.3,425056
2021-06-23 09:32:02,536.25,425597
2021-06-23 09:32:06,536.2,427346
2021-06-23 09:32:10,536.15,429828
2021-06-23 09:32:15,536.05,430316
2021-06-23 09:32:19,536.05,432846
2021-06-23 09:32:24,536.05,434055
2021-06-23 09:32:28,536.0,435095
2021-06-23 09:32:37,536.35,443777
2021-06-23 09:32:41,536.4,444898
2021-06-23 09:32:45,536.55,445168
2021-06-23 09:32:49,536.45,446290
2021-06-23 09:32:54,536.25,446385
2021-06-23 09:32:58,536.25,447142
2021-06-23 09:33:02,536.35,447709
2021-06-23 09:33:07,536.35,448704
2021-06-23 09:33:11,536.35,449490
2021-06-23 09:33:15,536.35,450293
2021-06-23 09:33:19,536.35,450720
2021-06-23 09:33:23,536.2,450892
2021-06-23 09:33:27,536.3,453641
2021-06-23 09:33:32,536.15,454802
2021-06-23 09:33:36,536.25,456055
2021-06-23 09:33:40,536.3,456085
2021-06-23 09:33:45,536.3,458631
2021-06-23 09:33:49,536.3,459199
2021-06-23 09:33:53,536.3,460000
2021-06-23 09:33:57,536.25,460750
2021-06-23 09:34:01,536.15,463262
2021-06-23 09:34:06,536.15,463313
2021-06-23 09:34:10,535.85,472606
2021-06-23 09:34:14,535.95,472679
2021-06-23 09:34:19,535.85,473166
2021-06-23 09:34:23,535.9,475137
2021-06-23 09:34:27,536.0,476143
2021-06-23 09:34:36,535.85,479873
2021-06-23 09:34:40,535.85,480112
2021-06-23 09:34:45,535.8,480417
2021-06-23 09:34:49,535.65,481894
2021-06-23 09:34:54,535.8,482260
2021-06-23 09:34:58,535.9,483388
2021-06-23 09:35:02,535.85,484212
2021-06-23 09:35:06,535.85,484879
2021-06-23 09:35:11,535.8,485997
2021-06-23 09:35:15,535.8,486115
2021-06-23 09:35:19,535.7,486445
2021-06-23 09:35:23,535.8,487463
2021-06-23 09:35:24,535.6,487499
2021-06-23 09:35:25,535.7,487579
2021-06-23 09:35:26,535.7,487700
2021-06-23 09:35:27,535.7,488355
2021-06-23 09:35:29,535.9,488515
2021-06-23 09:35:30,535.9,492049
2021-06-23 09:35:31,535.9,492049
2021-06-23 09:35:32,535.95,492059
2021-06-23 09:35:33,535.95,493922
2021-06-23 09:35:33,535.95,493922
2021-06-23 09:35:34,536.05,494423
2021-06-23 09:35:35,536.05,494533
2021-06-23 09:35:36,536.05,494534
2021-06-23 09:35:37,536.05,494534
2021-06-23 09:35:38,535.9,494618
2021-06-23 09:35:39,536.0,495138
2021-06-23 09:35:40,536.0,495138
2021-06-23 09:35:41,536.0,495238
2021-06-23 09:35:42,536.0,495241
2021-06-23 09:35:44,535.95,496208
2021-06-23 09:35:45,535.95,496218
2021-06-23 09:35:45,536.0,496228
2021-06-23 09:35:46,536.05,496645
2021-06-23 09:35:47,536.05,496645
2021-06-23 09:35:48,535.95,497343
2021-06-23 09:35:50,535.9,497418
2021-06-23 09:35:51,536.1,497428
2021-06-23 09:35:52,536.0,497795
2021-06-23 09:35:53,536.0,497795
2021-06-23 09:35:54,536.1,497860
2021-06-23 09:35:55,536.05,498372
2021-06-23 09:35:55,536.05,498372
2021-06-23 09:35:56,536.05,498529
2021-06-23 09:35:58,536.0,499530
2021-06-23 09:35:59,536.05,499650
2021-06-23 09:36:00,536.05,499875
2021-06-23 09:36:01,536.05,500778
2021-06-23 09:36:03,536.05,501449
2021-06-23 09:36:04,536.05,501454
2021-06-23 09:36:05,536.05,501459
2021-06-23 09:36:06,536.05,501459
2021-06-23 09:36:07,536.1,502609
2021-06-23 09:36:08,536.05,502709
2021-06-23 09:36:09,536.1,502712
2021-06-23 09:36:10,536.1,502712
2021-06-23 09:36:11,536.1,502712
2021-06-23 09:36:12,536.1,502712
2021-06-23 09:36:13,536.1,502812
2021-06-23 09:36:17,536.0,503289
2021-06-23 09:36:18,536.05,503349
2021-06-23 09:36:20,536.1,503682
2021-06-23 09:36:21,536.1,503742
2021-06-23 09:36:22,536.1,503792
2021-06-23 09:36:23,535.9,506791
2021-06-23 09:36:24,535.95,506806
2021-06-23 09:36:25,535.95,506909
2021-06-23 09:36:26,535.95,506956
2021-06-23 09:36:27,535.9,507006
2021-06-23 09:36:28,535.9,507121
2021-06-23 09:36:29,535.85,507131
2021-06-23 09:36:30,535.85,507186
2021-06-23 09:36:31,535.85,507791
2021-06-23 09:36:32,535.85,507791
2021-06-23 09:36:33,535.8,508223
2021-06-23 09:36:34,535.8,508223
2021-06-23 09:36:35,535.7,508305
2021-06-23 09:36:36,535.85,508405
2021-06-23 09:36:37,535.8,509216
2021-06-23 09:36:38,535.85,509241
2021-06-23 09:36:39,535.8,509450
2021-06-23 09:36:39,535.8,509652
2021-06-23 09:36:40,535.8,509768
2021-06-23 09:36:41,535.8,509769
2021-06-23 09:36:42,535.8,510100
2021-06-23 09:36:44,535.8,510307
2021-06-23 09:36:45,535.9,510730
2021-06-23 09:36:46,535.9,510730
2021-06-23 09:36:47,535.8,510746
2021-06-23 09:36:48,535.9,514039
2021-06-23 09:36:49,536.1,514190
2021-06-23 09:36:50,536.05,514621
2021-06-23 09:36:50,536.05,514611
2021-06-23 09:36:52,536.2,514622
2021-06-23 09:36:52,536.4,516622
2021-06-23 09:36:53,536.0,516675
2021-06-23 09:36:54,536.0,516885
2021-06-23 09:36:55,536.1,516886
2021-06-23 09:36:56,536.1,516886
2021-06-23 09:36:57,536.1,516886
2021-06-23 09:36:59,535.85,517058
2021-06-23 09:36:59,535.85,517058
2021-06-23 09:37:00,535.85,517142
2021-06-23 09:37:01,535.85,517272
2021-06-23 09:37:02,535.85,517352
2021-06-23 09:37:04,535.85,517363
2021-06-23 09:37:05,535.9,517770
2021-06-23 09:37:06,535.9,517770
2021-06-23 09:37:07,535.9,517820
2021-06-23 09:37:09,535.95,518318
2021-06-23 09:37:10,536.1,518343
2021-06-23 09:37:11,536.1,518464
2021-06-23 09:37:12,536.2,518515
2021-06-23 09:37:13,536.2,518525
2021-06-23 09:37:14,535.95,518529
2021-06-23 09:37:15,535.95,518529
2021-06-23 09:37:16,535.95,518529
2021-06-23 09:37:17,536.0,518538
2021-06-23 09:37:17,536.0,518691
2021-06-23 09:37:18,536.2,518801
2021-06-23 09:37:20,536.2,518829
2021-06-23 09:37:23,536.2,519447
2021-06-23 09:37:24,536.2,519447
2021-06-23 09:37:27,536.2,519723
2021-06-23 09:37:28,536.3,519934
2021-06-23 09:37:29,536.35,519949
2021-06-23 09:37:31,536.3,520146
2021-06-23 09:37:32,536.3,520146
2021-06-23 09:37:33,536.45,520422
2021-06-23 09:37:34,536.45,520422
2021-06-23 09:37:35,536.35,520427
2021-06-23 09:37:36,536.35,520509
2021-06-23 09:37:37,536.2,520709
2021-06-23 09:37:38,536.4,520858
2021-06-23 09:37:38,536.45,520813
2021-06-23 09:37:39,536.35,520860
2021-06-23 09:37:40,536.45,520867
2021-06-23 09:37:41,536.45,520867
2021-06-23 09:37:42,536.45,520907
2021-06-23 09:37:44,536.45,520908
2021-06-23 09:37:45,536.45,521168
2021-06-23 09:37:46,536.35,521444
2021-06-23 09:37:47,536.35,521444
2021-06-23 09:37:48,536.35,521505
2021-06-23 09:37:49,536.45,521705
2021-06-23 09:37:50,536.45,521705
2021-06-23 09:37:52,536.45,522092
2021-06-23 09:37:54,536.3,522317
2021-06-23 09:37:55,536.45,522917
2021-06-23 09:37:56,536.45,522925
2021-06-23 09:37:57,536.45,522925
2021-06-23 09:37:58,536.45,522995
2021-06-23 09:38:00,536.45,523095
2021-06-23 09:38:01,536.2,523182
2021-06-23 09:38:03,536.4,523553
2021-06-23 09:38:04,536.25,523753
2021-06-23 09:38:05,536.25,523753
2021-06-23 09:38:06,536.25,523753
2021-06-23 09:38:07,536.25,523753
2021-06-23 09:38:08,536.4,523761
2021-06-23 09:38:09,536.4,523761
2021-06-23 09:38:10,536.4,524066
2021-06-23 09:38:11,536.4,525676
2021-06-23 09:38:12,536.3,525701
2021-06-23 09:38:13,536.4,525751
2021-06-23 09:38:15,536.3,525970
2021-06-23 09:38:16,536.3,525970
2021-06-23 09:38:17,536.4,526120
2021-06-23 09:38:18,536.2,526575
2021-06-23 09:38:19,536.35,526576
2021-06-23 09:38:20,536.35,526650
2021-06-23 09:38:21,536.4,526771
2021-06-23 09:38:22,536.4,526821
2021-06-23 09:38:23,536.4,526821
2021-06-23 09:38:24,536.2,527021
2021-06-23 09:38:25,536.2,527021
2021-06-23 09:38:26,536.2,527021
2021-06-23 09:38:27,536.4,527321
2021-06-23 09:38:28,536.4,527321
2021-06-23 09:38:29,536.4,527321
2021-06-23 09:38:31,536.4,527324
2021-06-23 09:38:32,536.4,527329
2021-06-23 09:38:33,536.4,527329
2021-06-23 09:38:34,536.4,527334
2021-06-23 09:38:35,536.4,527334
2021-06-23 09:38:36,536.35,527689
2021-06-23 09:38:37,536.3,528808
2021-06-23 09:38:38,536.3,528808
2021-06-23 09:38:39,536.3,528808
2021-06-23 09:38:40,536.15,528879
2021-06-23 09:38:41,536.35,528880
2021-06-23 09:38:42,536.35,528930
2021-06-23 09:38:43,536.35,528940
2021-06-23 09:38:44,536.35,528940
2021-06-23 09:38:45,536.3,529116
2021-06-23 09:38:47,536.3,529426
2021-06-23 09:38:48,536.15,529436
2021-06-23 09:38:49,536.15,529607
2021-06-23 09:38:50,536.3,529657
2021-06-23 09:38:51,536.3,529707
2021-06-23 09:38:52,536.2,529708
2021-06-23 09:38:53,536.3,529808
2021-06-23 09:38:54,536.15,529828
2021-06-23 09:38:55,536.3,529829
2021-06-23 09:38:56,536.35,529957
2021-06-23 09:38:57,536.35,529957
2021-06-23 09:38:58,536.3,529958
2021-06-23 09:38:59,536.3,529962
2021-06-23 09:39:00,536.2,530246
2021-06-23 09:39:01,536.35,530496
2021-06-23 09:39:02,536.35,530823
2021-06-23 09:39:03,536.35,530828
2021-06-23 09:39:04,536.35,530828
2021-06-23 09:39:05,536.4,530870
2021-06-23 09:39:06,536.4,530870
2021-06-23 09:39:07,536.4,530870
2021-06-23 09:39:08,536.4,531323
2021-06-23 09:39:09,536.4,532486
2021-06-23 09:39:10,536.4,532488
2021-06-23 09:39:11,536.4,532488
2021-06-23 09:39:12,536.4,532668
2021-06-23 09:39:13,536.35,532669
2021-06-23 09:39:14,536.5,543149
2021-06-23 09:39:15,536.5,543149
2021-06-23 09:39:16,536.5,543149
2021-06-23 09:39:17,536.9,544936
2021-06-23 09:39:18,536.9,545139
2021-06-23 09:39:19,536.9,545139
2021-06-23 09:39:20,536.9,545144
2021-06-23 09:39:21,536.75,545204
2021-06-23 09:39:22,536.65,545324
2021-06-23 09:39:23,536.75,545326
2021-06-23 09:39:24,536.75,545333
2021-06-23 09:39:25,536.75,545449
2021-06-23 09:39:26,536.75,545574
2021-06-23 09:39:27,536.6,545674
2021-06-23 09:39:28,536.75,545721
2021-06-23 09:39:29,536.75,545721
2021-06-23 09:39:31,536.9,545953
2021-06-23 09:39:32,536.9,545953
2021-06-23 09:39:33,536.8,546095
2021-06-23 09:39:34,536.85,546215
2021-06-23 09:39:35,536.85,546215
2021-06-23 09:39:36,536.8,546225
2021-06-23 09:39:37,536.8,546225
2021-06-23 09:39:38,536.8,546248
2021-06-23 09:39:39,536.85,546763
2021-06-23 09:39:40,536.8,546963
2021-06-23 09:39:41,536.8,546963
2021-06-23 09:39:42,536.8,546963
2021-06-23 09:39:43,536.8,546963
2021-06-23 09:39:44,536.85,547114
2021-06-23 09:39:45,536.85,547198
2021-06-23 09:39:46,536.9,548201
2021-06-23 09:39:47,536.9,548243
2021-06-23 09:39:48,536.95,548368
2021-06-23 09:39:49,536.95,548502
2021-06-23 09:39:50,536.95,548505
2021-06-23 09:39:51,537.0,548609
2021-06-23 09:39:52,536.85,548671
2021-06-23 09:39:53,536.85,548761
2021-06-23 09:39:54,536.85,548811
2021-06-23 09:39:56,536.85,548937
2021-06-23 09:39:57,536.85,548962
2021-06-23 09:39:59,536.85,549776
2021-06-23 09:40:00,536.85,549861
2021-06-23 09:40:01,537.0,549912
2021-06-23 09:40:02,537.0,549912
2021-06-23 09:40:03,536.8,549923
2021-06-23 09:40:04,536.8,549923
2021-06-23 09:40:05,537.0,549939
2021-06-23 09:40:06,536.8,549969
2021-06-23 09:40:07,536.85,549982
2021-06-23 09:40:08,536.85,549986
2021-06-23 09:40:10,536.85,550242
2021-06-23 09:40:11,536.85,550424
2021-06-23 09:40:12,536.95,550448
2021-06-23 09:40:13,536.95,550448
2021-06-23 09:40:13,536.95,550464
2021-06-23 09:40:14,536.8,551983
2021-06-23 09:40:15,536.8,552112
2021-06-23 09:40:17,536.85,552872
2021-06-23 09:40:19,536.8,553076
2021-06-23 09:40:20,536.8,553076
2021-06-23 09:40:21,536.85,554302
2021-06-23 09:40:22,536.8,554329
2021-06-23 09:40:23,536.8,554332
2021-06-23 09:40:24,536.85,554545
2021-06-23 09:40:25,536.85,554545
2021-06-23 09:40:26,536.8,554575
2021-06-23 09:40:27,536.8,554643
2021-06-23 09:40:28,536.8,554643
2021-06-23 09:40:29,536.8,554658
2021-06-23 09:40:30,536.8,555658
2021-06-23 09:40:31,536.85,555758
2021-06-23 09:40:32,536.6,555958
2021-06-23 09:40:33,536.6,556013
2021-06-23 09:40:34,536.6,556013
2021-06-23 09:40:35,536.6,556013
2021-06-23 09:40:36,536.6,556018
2021-06-23 09:40:37,536.6,556018
2021-06-23 09:40:39,536.8,556020
2021-06-23 09:40:40,536.8,556020
2021-06-23 09:40:41,536.8,556142
2021-06-23 09:40:42,536.8,556192
2021-06-23 09:40:43,536.8,556192
2021-06-23 09:40:44,536.8,556193
2021-06-23 09:40:45,536.8,556233
2021-06-23 09:40:46,536.8,556233
2021-06-23 09:40:47,536.8,556278
2021-06-23 09:40:48,536.8,556388
2021-06-23 09:40:49,536.8,556440
2021-06-23 09:40:50,536.8,556491
2021-06-23 09:40:51,536.65,556511
2021-06-23 09:40:52,536.65,556511
2021-06-23 09:40:53,536.65,556511
2021-06-23 09:40:54,536.8,556641
2021-06-23 09:40:55,536.8,556673
2021-06-23 09:40:56,536.8,556701
2021-06-23 09:40:57,536.8,556710
2021-06-23 09:40:58,536.8,556716
2021-06-23 09:40:59,536.8,557017
2021-06-23 09:41:00,536.7,557031
2021-06-23 09:41:01,536.65,557117
2021-06-23 09:41:02,536.8,557127
2021-06-23 09:41:03,536.8,557127
2021-06-23 09:41:04,536.8,557127
2021-06-23 09:41:05,536.8,557127
2021-06-23 09:41:06,536.8,557127
2021-06-23 09:41:07,537.0,559697
2021-06-23 09:41:08,537.0,559698
2021-06-23 09:41:09,537.0,560295
2021-06-23 09:41:10,537.0,560295
2021-06-23 09:41:11,537.0,560355
2021-06-23 09:41:12,537.0,560355
2021-06-23 09:41:14,537.0,560356
2021-06-23 09:41:15,537.0,560356
2021-06-23 09:41:16,537.0,560497
2021-06-23 09:41:16,537.0,560504
2021-06-23 09:41:17,537.0,560857
2021-06-23 09:41:18,537.0,560862
2021-06-23 09:41:19,536.9,560933
2021-06-23 09:41:20,536.9,560933
2021-06-23 09:41:21,537.0,560944
2021-06-23 09:41:22,537.0,560944
2021-06-23 09:41:23,537.0,560944
2021-06-23 09:41:24,536.85,561466
2021-06-23 09:41:25,536.85,561466
2021-06-23 09:41:26,537.0,561467
2021-06-23 09:41:27,537.0,561467
2021-06-23 09:41:28,537.0,561467
2021-06-23 09:41:29,536.95,561494
2021-06-23 09:41:30,536.85,561520
2021-06-23 09:41:31,536.8,561645
2021-06-23 09:41:32,536.95,562337
2021-06-23 09:41:35,536.9,563343
2021-06-23 09:41:35,536.9,563343
2021-06-23 09:41:36,537.1,563829
2021-06-23 09:41:37,537.1,563840
2021-06-23 09:41:38,537.1,563845
2021-06-23 09:41:39,537.0,565486
2021-06-23 09:41:40,537.0,565496
2021-06-23 09:41:41,537.0,565536
2021-06-23 09:41:42,537.0,565546
2021-06-23 09:41:43,537.0,565848
2021-06-23 09:41:44,536.95,565958
2021-06-23 09:41:45,537.0,568144
2021-06-23 09:41:46,537.0,568144
2021-06-23 09:41:47,537.0,568144
2021-06-23 09:41:48,537.0,568144
2021-06-23 09:41:49,537.1,568244
2021-06-23 09:41:50,537.1,568530
2021-06-23 09:41:51,537.0,568572
2021-06-23 09:41:53,537.1,568702
2021-06-23 09:41:55,537.1,568805
2021-06-23 09:41:58,537.0,569413
2021-06-23 09:41:59,537.0,569413
2021-06-23 09:42:00,537.1,570399
2021-06-23 09:42:00,537.1,570399
2021-06-23 09:42:02,537.15,570683
2021-06-23 09:42:03,537.25,570736
2021-06-23 09:42:04,537.25,570757
2021-06-23 09:42:05,537.25,570939
2021-06-23 09:42:08,537.4,571493
2021-06-23 09:42:09,537.3,571575
2021-06-23 09:42:10,537.3,571575
2021-06-23 09:42:11,537.3,572910
2021-06-23 09:42:11,537.3,572910
2021-06-23 09:42:12,537.5,573022
2021-06-23 09:42:13,537.4,573182
2021-06-23 09:42:15,537.5,574037
2021-06-23 09:42:16,537.5,574041
2021-06-23 09:42:17,537.5,574291
2021-06-23 09:42:18,537.7,577689
2021-06-23 09:42:19,537.6,578115
2021-06-23 09:42:20,537.6,578315
2021-06-23 09:42:21,537.85,578597
2021-06-23 09:42:21,537.85,578598
2021-06-23 09:42:22,537.8,578657
2021-06-23 09:42:25,537.7,579053
2021-06-23 09:42:26,537.75,579196
2021-06-23 09:42:27,537.75,579201
2021-06-23 09:42:28,537.8,579331
2021-06-23 09:42:29,537.8,579336
2021-06-23 09:42:29,537.8,579336
2021-06-23 09:42:30,537.8,579456
2021-06-23 09:42:31,537.9,579967
2021-06-23 09:42:33,537.75,579993
2021-06-23 09:42:34,537.8,580078
2021-06-23 09:42:35,537.9,580121
2021-06-23 09:42:36,537.75,582003
2021-06-23 09:42:36,537.75,582003
2021-06-23 09:42:38,537.75,582132
2021-06-23 09:42:40,537.75,582434
2021-06-23 09:42:41,537.75,582484
2021-06-23 09:42:42,537.75,582544
2021-06-23 09:42:43,537.75,582544
2021-06-23 09:42:44,537.75,583044
2021-06-23 09:42:45,537.7,583045
2021-06-23 09:42:46,537.8,583975
2021-06-23 09:42:47,537.9,583976
2021-06-23 09:42:48,537.9,583976
2021-06-23 09:42:49,537.9,584016
2021-06-23 09:42:52,537.8,584088
2021-06-23 09:42:52,537.8,584088
2021-06-23 09:42:53,537.8,584596
2021-06-23 09:42:54,537.9,584815
2021-06-23 09:42:55,537.75,584820
2021-06-23 09:42:57,537.85,584830
2021-06-23 09:42:58,537.75,584880
2021-06-23 09:42:58,537.9,584906
2021-06-23 09:42:59,537.9,584911
2021-06-23 09:43:00,537.75,585785
2021-06-23 09:43:01,537.9,586060
2021-06-23 09:43:02,537.9,586060
2021-06-23 09:43:03,537.75,586391
2021-06-23 09:43:05,537.75,586391
2021-06-23 09:43:05,537.85,586392
2021-06-23 09:43:07,537.9,586854
2021-06-23 09:43:08,537.85,586855
2021-06-23 09:43:08,537.9,586956
2021-06-23 09:43:09,537.9,586956
2021-06-23 09:43:10,537.9,586956
2021-06-23 09:43:11,537.85,587103
2021-06-23 09:43:12,537.9,587203
2021-06-23 09:43:14,537.85,587213
2021-06-23 09:43:15,537.85,587213
2021-06-23 09:43:16,537.85,587213
2021-06-23 09:43:16,537.85,587213
2021-06-23 09:43:17,537.9,587305
2021-06-23 09:43:18,537.9,587305
2021-06-23 09:43:19,537.9,587520
2021-06-23 09:43:20,537.85,591304
2021-06-23 09:43:22,538.0,598764
2021-06-23 09:43:23,538.0,598764
2021-06-23 09:43:24,537.9,598982
2021-06-23 09:43:25,537.9,598982
2021-06-23 09:43:26,537.9,599062
2021-06-23 09:43:26,537.9,599062
2021-06-23 09:43:27,537.95,599310
2021-06-23 09:43:28,537.95,599587
2021-06-23 09:43:30,537.95,599602
2021-06-23 09:43:31,537.95,599602
2021-06-23 09:43:32,537.95,599602
2021-06-23 09:43:33,537.95,599602
2021-06-23 09:43:34,537.95,599636
2021-06-23 09:43:35,537.95,600800
2021-06-23 09:43:36,537.95,601011
2021-06-23 09:43:36,537.9,601021
2021-06-23 09:43:38,537.9,601027
2021-06-23 09:43:39,537.85,601332
2021-06-23 09:43:40,537.95,601519
2021-06-23 09:43:40,537.9,601654
2021-06-23 09:43:41,537.9,601654
2021-06-23 09:43:42,537.9,601774
2021-06-23 09:43:44,537.85,602533
2021-06-23 09:43:45,537.85,602553
2021-06-23 09:43:46,537.85,602553
2021-06-23 09:43:47,537.85,602553
2021-06-23 09:43:49,537.85,602593
2021-06-23 09:43:50,537.85,602593
2021-06-23 09:43:51,537.85,602593
2021-06-23 09:43:52,537.85,602597
2021-06-23 09:43:53,537.85,602597
2021-06-23 09:43:54,537.85,602597
2021-06-23 09:43:55,537.85,602597
2021-06-23 09:43:55,537.6,602618
2021-06-23 09:43:56,537.6,602648
2021-06-23 09:43:57,537.8,602668
2021-06-23 09:43:58,537.8,602668
2021-06-23 09:44:00,537.65,603369
2021-06-23 09:44:00,537.5,603603
2021-06-23 09:44:01,537.5,603625
2021-06-23 09:44:02,537.7,603627
2021-06-23 09:44:04,537.7,604128
2021-06-23 09:44:05,537.7,604128
2021-06-23 09:44:05,537.7,604178
2021-06-23 09:44:06,537.7,604178
2021-06-23 09:44:08,537.6,604199
2021-06-23 09:44:08,537.6,604578
2021-06-23 09:44:09,537.6,604578
2021-06-23 09:44:10,537.6,604641
2021-06-23 09:44:11,537.65,604674
2021-06-23 09:44:13,537.7,604681
2021-06-23 09:44:14,537.65,604684
2021-06-23 09:44:15,537.7,604799
2021-06-23 09:44:16,537.7,604882
2021-06-23 09:44:17,537.65,604907
2021-06-23 09:44:18,537.65,604907
2021-06-23 09:44:19,537.65,604941
2021-06-23 09:44:19,537.65,604941
2021-06-23 09:44:20,537.65,604941
2021-06-23 09:44:21,537.5,604992
2021-06-23 09:44:22,537.7,605642
2021-06-23 09:44:23,537.7,605642
2021-06-23 09:44:24,537.7,605652
2021-06-23 09:44:26,537.7,605652
2021-06-23 09:44:27,537.7,605652
2021-06-23 09:44:28,537.7,605652
2021-06-23 09:44:28,537.7,605652
2021-06-23 09:44:30,537.6,605692
2021-06-23 09:44:31,537.6,605742
2021-06-23 09:44:31,537.6,605742
2021-06-23 09:44:32,537.6,605742
2021-06-23 09:44:33,537.6,605742
2021-06-23 09:44:35,537.7,605848
2021-06-23 09:44:36,537.7,605856
2021-06-23 09:44:37,537.7,605916
2021-06-23 09:44:37,537.7,605941
2021-06-23 09:44:38,537.5,605945
2021-06-23 09:44:40,537.7,605995
2021-06-23 09:44:41,537.7,606049
2021-06-23 09:44:42,537.5,606149
2021-06-23 09:44:43,537.65,606153
2021-06-23 09:44:43,537.65,606153
2021-06-23 09:44:45,537.65,606153
2021-06-23 09:44:46,537.65,606153
2021-06-23 09:44:47,537.65,606153
2021-06-23 09:44:47,537.65,606153
2021-06-23 09:44:48,537.65,606278
2021-06-23 09:44:49,537.6,606679
2021-06-23 09:44:50,537.6,606679
2021-06-23 09:44:51,537.6,606679
2021-06-23 09:44:52,537.6,606681
2021-06-23 09:44:53,537.65,606786
2021-06-23 09:44:55,537.7,608010
2021-06-23 09:44:56,537.7,608420
2021-06-23 09:44:57,537.65,608790
2021-06-23 09:44:58,537.7,608793
2021-06-23 09:44:58,537.7,608794
2021-06-23 09:45:00,537.7,608814
2021-06-23 09:45:01,537.7,608969
2021-06-23 09:45:01,537.7,608969
2021-06-23 09:45:02,537.7,608969
2021-06-23 09:45:04,537.7,609066
2021-06-23 09:45:05,537.7,609252
2021-06-23 09:45:06,537.7,609253
2021-06-23 09:45:08,537.75,609703
2021-06-23 09:45:09,537.65,609869
2021-06-23 09:45:11,537.7,610604
2021-06-23 09:45:12,537.7,610604
2021-06-23 09:45:14,537.4,613640
2021-06-23 09:45:14,537.4,613640
2021-06-23 09:45:17,537.3,613947
2021-06-23 09:45:18,537.4,614902
2021-06-23 09:45:19,537.4,615390
2021-06-23 09:45:20,537.4,615390
2021-06-23 09:45:21,537.4,615390
2021-06-23 09:45:22,537.2,616034
2021-06-23 09:45:22,537.2,616034
2021-06-23 09:45:25,537.35,616471
2021-06-23 09:45:26,537.2,617295
2021-06-23 09:45:27,537.35,617330
2021-06-23 09:45:28,537.3,617360
2021-06-23 09:45:28,537.3,617361
2021-06-23 09:45:30,537.3,617361
2021-06-23 09:45:31,537.15,617605
2021-06-23 09:45:32,537.15,617605
2021-06-23 09:45:33,537.2,617700
2021-06-23 09:45:34,537.2,617700
2021-06-23 09:45:35,537.2,617720
2021-06-23 09:45:36,537.1,617825
2021-06-23 09:45:37,537.2,617833
2021-06-23 09:45:38,537.1,617863
2021-06-23 09:45:39,537.1,617863
2021-06-23 09:45:39,537.1,617863
2021-06-23 09:45:40,537.15,617873
2021-06-23 09:45:41,537.15,617873
2021-06-23 09:45:42,537.15,617873
2021-06-23 09:45:43,537.15,617898
2021-06-23 09:45:44,537.0,618407
2021-06-23 09:45:45,537.0,618461
2021-06-23 09:45:46,537.15,618633
2021-06-23 09:45:47,537.15,618633
2021-06-23 09:45:48,537.15,618633
2021-06-23 09:45:49,537.1,618733
2021-06-23 09:45:50,537.0,618803
2021-06-23 09:45:51,537.0,620784
2021-06-23 09:45:52,537.05,620834
2021-06-23 09:45:54,537.0,621393
2021-06-23 09:45:55,537.0,621425
2021-06-23 09:45:56,537.05,621610
2021-06-23 09:45:57,537.05,621615
2021-06-23 09:45:58,537.05,621615
2021-06-23 09:45:59,536.9,628220
2021-06-23 09:46:00,536.55,630662
2021-06-23 09:46:01,536.6,630773
2021-06-23 09:46:02,536.55,630849
2021-06-23 09:46:03,536.75,631525
2021-06-23 09:46:04,536.75,631535
2021-06-23 09:46:04,536.75,631535
2021-06-23 09:46:05,536.6,631670
2021-06-23 09:46:06,536.7,632040
2021-06-23 09:46:08,536.75,632513
2021-06-23 09:46:08,536.7,632535
2021-06-23 09:46:09,536.55,632549
2021-06-23 09:46:11,536.55,633049
2021-06-23 09:46:12,536.55,633217
2021-06-23 09:46:13,536.55,633217
2021-06-23 09:46:14,536.65,633218
2021-06-23 09:46:15,536.65,633218
2021-06-23 09:46:16,536.6,633435
2021-06-23 09:46:19,536.55,633650
2021-06-23 09:46:20,536.55,633675
2021-06-23 09:46:21,536.55,633675
2021-06-23 09:46:22,536.55,633775
2021-06-23 09:46:23,536.55,633909
2021-06-23 09:46:24,536.55,633909
2021-06-23 09:46:25,536.65,633915
2021-06-23 09:46:26,536.55,633919
2021-06-23 09:46:27,536.6,633920
2021-06-23 09:46:28,536.6,633920
2021-06-23 09:46:29,536.6,633920
2021-06-23 09:46:30,536.6,634006
2021-06-23 09:46:31,536.65,634039
2021-06-23 09:46:31,536.65,634039
2021-06-23 09:46:33,536.6,634187
2021-06-23 09:46:34,536.65,634189
2021-06-23 09:46:35,536.65,634189
2021-06-23 09:46:35,536.65,634189
2021-06-23 09:46:37,536.6,634200
2021-06-23 09:46:38,536.6,635202
2021-06-23 09:46:39,536.55,635311
2021-06-23 09:46:40,536.55,635385
2021-06-23 09:46:41,536.55,636226
2021-06-23 09:46:42,536.55,636326
2021-06-23 09:46:43,536.5,637114
2021-06-23 09:46:44,536.5,637245
2021-06-23 09:46:45,536.55,637251
2021-06-23 09:46:46,536.5,637351
2021-06-23 09:46:47,536.5,637351
2021-06-23 09:46:48,536.55,637380
2021-06-23 09:46:50,536.55,637561
2021-06-23 09:46:50,536.55,637564
2021-06-23 09:46:52,536.55,637615
2021-06-23 09:46:52,536.55,637615
2021-06-23 09:46:53,536.55,637615
2021-06-23 09:46:54,536.5,637894
2021-06-23 09:46:55,536.5,637896
2021-06-23 09:46:56,536.55,638395
2021-06-23 09:46:57,536.55,638395
2021-06-23 09:46:58,536.5,638430
2021-06-23 09:46:59,536.5,638564
2021-06-23 09:47:00,536.5,638768
2021-06-23 09:47:01,536.5,638852
2021-06-23 09:47:03,536.55,638952
2021-06-23 09:47:05,536.55,638990
2021-06-23 09:47:06,536.55,638990
2021-06-23 09:47:07,536.55,639000
2021-06-23 09:47:08,536.55,639010
2021-06-23 09:47:10,536.55,639186
2021-06-23 09:47:11,536.5,639296
2021-06-23 09:47:12,536.5,639346
2021-06-23 09:47:14,536.55,640186
2021-06-23 09:47:15,536.55,640196
2021-06-23 09:47:17,536.55,640197
2021-06-23 09:47:18,536.55,640308
2021-06-23 09:47:19,536.55,640308
2021-06-23 09:47:20,536.55,640308
2021-06-23 09:47:21,536.55,640470
2021-06-23 09:47:21,536.65,642564
2021-06-23 09:47:23,536.65,642564
2021-06-23 09:47:24,536.65,642564
2021-06-23 09:47:26,536.55,642935
2021-06-23 09:47:26,536.55,642935
2021-06-23 09:47:27,536.6,642957
2021-06-23 09:47:29,536.55,642962
2021-06-23 09:47:29,536.55,642962
2021-06-23 09:47:30,536.55,642962
2021-06-23 09:47:31,536.55,642989
2021-06-23 09:47:33,536.6,643024
2021-06-23 09:47:34,536.6,643024
2021-06-23 09:47:35,536.6,643024
2021-06-23 09:47:37,536.6,643072
2021-06-23 09:47:38,536.6,643072
2021-06-23 09:47:39,536.6,643080
2021-06-23 09:47:41,536.6,643182
2021-06-23 09:47:43,536.55,643349
2021-06-23 09:47:44,536.55,643349
2021-06-23 09:47:45,536.55,643349
2021-06-23 09:47:46,536.55,643349
2021-06-23 09:47:47,536.55,643349
2021-06-23 09:47:48,536.5,643654
2021-06-23 09:47:50,536.6,643704
2021-06-23 09:47:51,536.6,643704
2021-06-23 09:47:52,536.6,643744
2021-06-23 09:47:53,536.6,643744
2021-06-23 09:47:54,536.6,643744
2021-06-23 09:47:56,536.6,643744
2021-06-23 09:47:57,536.6,644049
2021-06-23 09:47:58,536.6,644053
2021-06-23 09:47:59,536.6,644053
2021-06-23 09:48:01,536.5,644172
2021-06-23 09:48:02,536.55,644226
2021-06-23 09:48:02,536.55,644276
2021-06-23 09:48:04,536.5,644309
2021-06-23 09:48:04,536.55,644319
2021-06-23 09:48:05,536.5,644338
2021-06-23 09:48:06,536.65,645338
2021-06-23 09:48:07,536.65,645338
2021-06-23 09:48:08,536.65,645339
2021-06-23 09:48:09,536.65,645339
2021-06-23 09:48:10,536.5,646399
2021-06-23 09:48:11,536.65,646479
2021-06-23 09:48:12,536.65,646479
2021-06-23 09:48:13,536.6,646540
2021-06-23 09:48:14,536.6,646540
2021-06-23 09:48:16,536.6,646540
2021-06-23 09:48:17,536.6,646540
2021-06-23 09:48:18,536.6,646540
2021-06-23 09:48:19,536.6,646637
2021-06-23 09:48:20,536.55,646639
2021-06-23 09:48:21,536.55,646811
2021-06-23 09:48:22,536.55,646811
2021-06-23 09:48:23,536.6,646812
2021-06-23 09:48:24,536.6,646856
2021-06-23 09:48:25,536.6,646856
2021-06-23 09:48:26,536.55,646956
2021-06-23 09:48:27,536.65,647005
2021-06-23 09:48:28,536.65,647122
2021-06-23 09:48:29,536.65,647333
2021-06-23 09:48:30,536.65,647333
2021-06-23 09:48:31,536.65,647333
2021-06-23 09:48:32,536.4,648311
2021-06-23 09:48:33,536.45,648361
2021-06-23 09:48:34,536.45,648361
2021-06-23 09:48:35,536.45,648362
2021-06-23 09:48:36,536.45,648412
2021-06-23 09:48:37,536.45,648412
2021-06-23 09:48:38,536.45,648412
2021-06-23 09:48:39,536.45,648412
2021-06-23 09:48:40,536.45,648617
2021-06-23 09:48:41,536.45,648617
2021-06-23 09:48:42,536.45,648617
2021-06-23 09:48:43,536.45,648887
2021-06-23 09:48:44,536.55,648935
2021-06-23 09:48:45,536.55,648935
2021-06-23 09:48:46,536.45,649106
2021-06-23 09:48:47,536.55,649181
2021-06-23 09:48:49,536.5,649283
2021-06-23 09:48:50,536.5,649789
2021-06-23 09:48:51,536.5,649789
2021-06-23 09:48:52,536.5,649789
2021-06-23 09:48:53,536.5,649789
2021-06-23 09:48:54,536.65,649803
2021-06-23 09:48:55,536.45,649808
2021-06-23 09:48:56,536.65,649813
2021-06-23 09:48:57,536.65,649813
2021-06-23 09:48:58,536.65,649813
2021-06-23 09:48:59,536.55,649823
2021-06-23 09:49:00,536.45,649907
2021-06-23 09:49:01,536.45,649907
2021-06-23 09:49:02,536.65,650107
2021-06-23 09:49:03,536.65,650107
2021-06-23 09:49:04,536.65,650107
2021-06-23 09:49:05,536.65,650117
2021-06-23 09:49:07,536.65,650117
2021-06-23 09:49:08,536.6,650127
2021-06-23 09:49:10,536.6,650130
2021-06-23 09:49:11,536.6,650130
2021-06-23 09:49:12,536.6,650131
2021-06-23 09:49:13,536.6,650131
2021-06-23 09:49:14,536.6,650131
2021-06-23 09:49:15,536.55,650162
2021-06-23 09:49:16,536.55,650162
2021-06-23 09:49:17,536.6,650187
2021-06-23 09:49:18,536.6,650464
2021-06-23 09:49:19,536.6,650464
2021-06-23 09:49:20,536.6,650524
2021-06-23 09:49:21,536.55,650614
2021-06-23 09:49:22,536.55,650614
2021-06-23 09:49:23,536.6,650626
2021-06-23 09:49:24,536.6,650651
2021-06-23 09:49:25,536.55,650693
2021-06-23 09:49:26,536.55,650693
2021-06-23 09:49:27,536.55,650693
2021-06-23 09:49:28,536.55,650848
2021-06-23 09:49:29,536.55,650848
2021-06-23 09:49:30,536.5,651098
2021-06-23 09:49:31,536.5,651098
2021-06-23 09:49:32,536.5,651098
2021-06-23 09:49:34,536.6,651260
2021-06-23 09:49:33,536.5,651098
2021-06-23 09:49:35,536.6,651262
2021-06-23 09:49:36,536.5,651287
2021-06-23 09:49:37,536.5,651646
2021-06-23 09:49:38,536.5,651656
2021-06-23 09:49:39,536.45,651666
2021-06-23 09:49:40,536.5,651942
2021-06-23 09:49:41,536.45,652365
2021-06-23 09:49:42,536.6,652368
2021-06-23 09:49:43,536.65,653376
2021-06-23 09:49:44,536.5,654274
2021-06-23 09:49:45,536.5,654694
2021-06-23 09:49:46,536.45,654868
2021-06-23 09:49:47,536.6,655031
2021-06-23 09:49:48,536.7,658326
2021-06-23 09:49:49,536.7,659706
2021-06-23 09:49:50,536.7,662623
2021-06-23 09:49:51,536.75,665122
2021-06-23 09:49:52,536.75,665626
2021-06-23 09:49:53,536.75,667045
2021-06-23 09:49:54,536.75,667690
2021-06-23 09:49:55,536.5,667835
2021-06-23 09:49:56,536.65,667942
2021-06-23 09:49:57,536.65,667942
2021-06-23 09:49:58,536.65,668042
2021-06-23 09:49:59,536.55,668052
2021-06-23 09:50:00,536.55,668062
2021-06-23 09:50:01,536.4,668146
2021-06-23 09:50:02,536.4,668146
2021-06-23 09:50:03,536.65,668176
2021-06-23 09:50:04,536.55,668197
2021-06-23 09:50:05,536.5,668203
2021-06-23 09:50:06,536.45,668306
2021-06-23 09:50:07,536.45,668373
2021-06-23 09:50:08,536.45,668473
2021-06-23 09:50:09,536.45,668473
2021-06-23 09:50:10,536.5,668483
2021-06-23 09:50:11,536.5,668483
2021-06-23 09:50:12,536.5,668483
2021-06-23 09:50:13,536.5,668842
2021-06-23 09:50:14,536.5,669226
2021-06-23 09:50:15,536.5,669226
2021-06-23 09:50:17,536.5,669273
2021-06-23 09:50:20,536.5,669280
2021-06-23 09:50:21,536.55,669646
2021-06-23 09:50:22,536.5,670261
2021-06-23 09:50:23,536.45,670301
2021-06-23 09:50:25,536.65,670471
2021-06-23 09:50:29,536.45,670630
2021-06-23 09:50:32,536.5,670807
2021-06-23 09:50:36,536.45,671157
2021-06-23 09:50:39,536.5,671161
2021-06-23 09:50:42,536.65,676901
2021-06-23 09:50:46,536.7,678134
2021-06-23 09:50:49,536.75,678767
2021-06-23 09:50:53,536.25,689921
2021-06-23 09:50:57,536.45,689971
2021-06-23 09:51:00,536.3,690055
2021-06-23 09:51:03,536.5,690513
2021-06-23 09:51:11,536.6,691495
2021-06-23 09:51:14,536.6,691583
2021-06-23 09:51:21,536.4,692058
2021-06-23 09:51:24,536.5,692074
2021-06-23 09:51:27,536.45,692093
2021-06-23 09:51:30,536.45,692193
2021-06-23 09:51:34,536.5,692411
2021-06-23 09:51:37,536.5,702460
2021-06-23 09:51:41,536.35,702519
2021-06-23 09:51:44,536.5,702726
2021-06-23 09:51:51,536.5,703150
2021-06-23 09:51:54,536.5,703191
2021-06-23 09:51:58,536.5,703235
2021-06-23 09:52:01,536.45,703345
2021-06-23 09:52:05,536.5,703645
2021-06-23 09:52:09,536.6,704121
2021-06-23 09:52:13,536.55,704145
2021-06-23 09:52:16,536.5,704303
2021-06-23 09:52:24,536.4,704744
2021-06-23 09:52:27,536.55,705075
2021-06-23 09:52:31,536.4,705139
2021-06-23 09:52:34,536.4,705176
2021-06-23 09:52:37,536.45,705386
2021-06-23 09:52:41,536.45,705777
2021-06-23 09:52:45,536.4,705829
2021-06-23 09:52:49,536.45,706126
2021-06-23 09:52:53,536.5,706301
2021-06-23 09:52:57,536.45,706311
2021-06-23 09:53:01,536.45,706400
2021-06-23 09:53:05,536.5,706441
2021-06-23 09:53:09,536.5,706441
2021-06-23 09:53:13,536.5,706751
2021-06-23 09:53:16,536.5,706858
2021-06-23 09:53:20,536.5,707014
2021-06-23 09:53:23,536.45,707021
2021-06-23 09:53:27,536.5,707391
2021-06-23 09:53:31,536.5,707421
2021-06-23 09:53:34,536.5,707462
2021-06-23 09:53:38,536.45,707464
2021-06-23 09:53:41,536.45,708955
2021-06-23 09:53:45,536.4,709321
2021-06-23 09:53:49,536.35,709780
2021-06-23 09:53:53,536.35,709805
2021-06-23 09:53:56,536.4,710300
2021-06-23 09:54:00,536.35,710424
2021-06-23 09:54:04,536.3,710713
2021-06-23 09:54:08,536.35,710898
2021-06-23 09:54:12,536.35,711045
2021-06-23 09:54:15,536.35,711429
2021-06-23 09:54:19,536.2,711547
2021-06-23 09:54:23,536.2,711656
2021-06-23 09:54:27,536.15,711706
2021-06-23 09:54:31,536.2,711916
2021-06-23 09:54:35,536.15,713216
2021-06-23 09:54:38,536.2,714625
2021-06-23 09:54:42,536.2,716056
2021-06-23 09:54:46,536.2,716165
2021-06-23 09:54:50,536.3,720951
2021-06-23 09:54:54,536.2,721496
2021-06-23 09:54:58,536.3,721516
2021-06-23 09:55:05,536.15,725459
2021-06-23 09:55:09,536.3,726334
2021-06-23 09:55:13,536.3,726748
2021-06-23 09:55:16,536.3,726884
2021-06-23 09:55:20,536.3,726884
2021-06-23 09:55:24,536.15,727071
2021-06-23 09:55:28,536.3,727072
2021-06-23 09:55:31,536.3,727075
2021-06-23 09:55:35,536.25,727474
2021-06-23 09:55:40,536.25,727474
2021-06-23 09:55:43,536.25,727501
2021-06-23 09:55:47,536.35,730164
2021-06-23 09:55:51,536.35,730249
2021-06-23 09:55:54,536.35,730265
2021-06-23 09:55:59,536.3,730473
2021-06-23 09:56:03,536.35,730748
2021-06-23 09:56:07,536.35,730790
2021-06-23 09:56:14,536.3,730928
2021-06-23 09:56:18,536.25,730982
2021-06-23 09:56:22,536.2,731081
2021-06-23 09:56:30,536.0,736777
2021-06-23 09:56:34,536.15,737161
2021-06-23 09:56:38,536.15,737967
2021-06-23 09:56:42,536.15,738162
2021-06-23 09:56:46,536.2,738462
2021-06-23 09:56:50,536.15,738726
2021-06-23 09:56:54,536.0,743819
2021-06-23 09:56:58,536.0,744194
2021-06-23 09:57:01,536.0,744408
2021-06-23 09:57:05,536.4,748665
2021-06-23 09:57:09,536.4,749103
2021-06-23 09:57:13,536.4,749226
2021-06-23 09:57:17,536.25,749486
2021-06-23 09:57:25,536.5,752703
2021-06-23 09:57:29,536.55,754229
2021-06-23 09:57:33,536.45,754622
2021-06-23 09:57:37,536.5,755074
2021-06-23 09:57:41,536.5,756569
2021-06-23 09:57:45,536.6,756789
2021-06-23 09:57:48,536.45,757988
2021-06-23 09:57:52,536.5,759222
2021-06-23 09:57:55,536.55,759655
2021-06-23 09:57:59,536.45,762353
2021-06-23 09:58:03,536.45,764013
2021-06-23 09:58:06,536.4,764746
2021-06-23 09:58:17,536.65,767987
2021-06-23 09:58:25,536.6,771574
2021-06-23 09:58:29,536.7,772256
2021-06-23 09:58:33,536.65,772830
2021-06-23 09:58:36,536.6,774873
2021-06-23 09:58:40,536.55,775064
2021-06-23 09:58:43,536.55,775941
2021-06-23 09:58:47,536.6,776475
2021-06-23 09:58:50,536.55,776746
2021-06-23 09:58:54,536.5,777089
2021-06-23 09:58:57,536.55,777391
2021-06-23 09:59:00,536.55,777521
2021-06-23 09:59:03,536.55,777826
2021-06-23 09:59:07,536.6,777879
2021-06-23 09:59:11,536.7,778168
2021-06-23 09:59:15,536.7,778306
2021-06-23 09:59:19,536.7,778563
2021-06-23 09:59:22,536.7,779076
2021-06-23 09:59:26,536.8,779291
2021-06-23 09:59:29,536.75,779467
2021-06-23 09:59:33,536.8,779966
2021-06-23 09:59:36,536.8,779994
2021-06-23 09:59:40,536.85,780531
2021-06-23 09:59:43,536.8,781099
2021-06-23 09:59:47,536.85,781225
2021-06-23 09:59:50,536.85,781454
2021-06-23 09:59:54,536.85,781914
2021-06-23 09:59:57,536.9,782373
2021-06-23 10:00:00,537.0,784506
2021-06-23 10:00:03,536.9,784611
2021-06-23 10:00:07,537.0,785086
2021-06-23 10:00:11,537.2,785488
2021-06-23 10:00:14,537.15,785489
2021-06-23 10:00:18,537.2,787092
2021-06-23 10:00:22,537.2,787253
2021-06-23 10:00:23,537.2,787835
2021-06-23 10:00:24,537.2,788132
2021-06-23 10:00:25,537.2,788137
2021-06-23 10:00:26,537.2,788167
2021-06-23 10:00:27,537.1,788367
2021-06-23 10:00:28,537.1,788367
2021-06-23 10:00:29,537.2,788478
2021-06-23 10:00:30,537.2,788478
2021-06-23 10:00:31,537.2,788688
2021-06-23 10:00:32,537.2,788816
2021-06-23 10:00:33,537.3,789263
2021-06-23 10:00:36,537.3,789667
2021-06-23 10:00:37,537.3,789669
2021-06-23 10:00:38,537.3,789669
2021-06-23 10:00:41,537.3,789680
2021-06-23 10:00:42,537.3,789690
2021-06-23 10:00:43,537.3,789705
2021-06-23 10:00:44,537.3,790220
2021-06-23 10:00:45,537.3,790270
2021-06-23 10:00:47,537.3,791883
2021-06-23 10:00:48,537.2,791884
2021-06-23 10:00:50,537.25,792046
2021-06-23 10:00:49,537.25,791984
2021-06-23 10:00:51,537.2,792186
2021-06-23 10:00:52,537.2,792186
2021-06-23 10:00:53,537.2,792341
2021-06-23 10:00:54,537.25,792384
2021-06-23 10:00:55,537.25,792545
2021-06-23 10:00:56,537.25,792545
2021-06-23 10:00:57,537.3,792795
2021-06-23 10:00:58,537.3,792895
2021-06-23 10:00:59,537.3,792895
2021-06-23 10:01:00,537.3,792895
2021-06-23 10:01:01,537.3,792981
2021-06-23 10:01:02,537.3,792981
2021-06-23 10:01:03,537.25,792991
2021-06-23 10:01:04,537.35,797996
2021-06-23 10:01:05,537.35,797996
2021-06-23 10:01:06,537.35,798116
2021-06-23 10:01:07,537.3,798176
2021-06-23 10:01:08,537.25,798238
2021-06-23 10:01:09,537.3,798548
2021-06-23 10:01:10,537.3,798548
2021-06-23 10:01:11,537.2,798972
2021-06-23 10:01:12,537.25,798982
2021-06-23 10:01:13,537.35,799082
2021-06-23 10:01:14,537.35,799082
2021-06-23 10:01:15,537.35,799123
2021-06-23 10:01:16,537.35,799174
2021-06-23 10:01:18,537.35,799383
2021-06-23 10:01:21,537.3,799397
2021-06-23 10:01:21,537.3,799397
2021-06-23 10:01:22,537.3,799397
2021-06-23 10:01:23,537.35,799398
2021-06-23 10:01:24,537.35,799510
2021-06-23 10:01:25,537.35,799510
2021-06-23 10:01:26,537.35,799520
2021-06-23 10:01:27,537.35,799520
2021-06-23 10:01:28,537.35,799520
2021-06-23 10:01:29,537.35,799620
2021-06-23 10:01:31,537.3,799643
2021-06-23 10:01:31,537.3,799643
2021-06-23 10:01:33,537.3,799673
2021-06-23 10:01:33,537.3,799673
2021-06-23 10:01:34,537.2,800011
2021-06-23 10:01:35,537.45,801696
2021-06-23 10:01:36,537.45,801796
2021-06-23 10:01:37,537.45,802106
2021-06-23 10:01:38,537.45,802106
2021-06-23 10:01:39,537.45,802106
2021-06-23 10:01:40,537.45,802206
2021-06-23 10:01:41,537.45,802206
2021-06-23 10:01:42,537.35,802238
2021-06-23 10:01:43,537.25,802307
2021-06-23 10:01:44,537.45,802337
2021-06-23 10:01:45,537.25,802502
2021-06-23 10:01:46,537.25,802512
2021-06-23 10:01:47,537.45,802582
2021-06-23 10:01:49,537.45,802582
2021-06-23 10:01:50,537.45,802583
2021-06-23 10:01:51,537.2,802683
2021-06-23 10:01:51,537.2,802683
2021-06-23 10:01:52,537.2,802683
2021-06-23 10:01:53,537.2,802683
2021-06-23 10:01:54,537.25,802733
2021-06-23 10:01:55,537.45,802853
2021-06-23 10:01:56,537.4,802878
2021-06-23 10:01:57,537.4,802878
2021-06-23 10:01:58,537.4,802878
2021-06-23 10:01:59,537.25,803128
2021-06-23 10:02:00,537.25,803212
2021-06-23 10:02:01,537.25,803262
2021-06-23 10:02:02,537.25,803262
2021-06-23 10:02:03,537.4,803342
2021-06-23 10:02:04,537.4,803342
2021-06-23 10:02:05,537.4,803342
2021-06-23 10:02:06,537.4,803342
2021-06-23 10:02:07,537.4,804952
2021-06-23 10:02:08,537.45,805038
2021-06-23 10:02:09,537.45,805048
2021-06-23 10:02:10,537.25,805049
2021-06-23 10:02:11,537.25,805049
2021-06-23 10:02:12,537.25,805049
2021-06-23 10:02:13,537.4,805149
2021-06-23 10:02:14,537.4,805149
2021-06-23 10:02:15,537.4,805149
2021-06-23 10:02:16,537.4,805149
2021-06-23 10:02:17,537.45,805329
2021-06-23 10:02:18,537.45,805329
2021-06-23 10:02:19,537.45,805329
2021-06-23 10:02:20,537.45,805329
2021-06-23 10:02:22,537.45,805329
2021-06-23 10:02:23,537.45,805341
2021-06-23 10:02:24,537.45,805441
2021-06-23 10:02:24,537.45,805566
2021-06-23 10:02:25,537.45,805566
2021-06-23 10:02:26,537.45,805587
2021-06-23 10:02:27,537.45,805702
2021-06-23 10:02:28,537.45,805802
2021-06-23 10:02:29,537.45,805802
2021-06-23 10:02:30,537.55,807675
2021-06-23 10:02:31,537.45,807683
2021-06-23 10:02:32,537.45,807683
2021-06-23 10:02:34,537.45,807733
2021-06-23 10:02:34,537.45,807733
2021-06-23 10:02:35,537.45,807733
2021-06-23 10:02:36,537.45,807733
2021-06-23 10:02:37,537.5,807734
2021-06-23 10:02:38,537.6,807848
2021-06-23 10:02:39,537.6,807848
2021-06-23 10:02:40,537.7,808148
2021-06-23 10:02:41,537.6,808392
2021-06-23 10:02:42,537.6,808392
2021-06-23 10:02:43,537.7,808393
2021-06-23 10:02:44,537.7,808503
2021-06-23 10:02:45,537.7,808503
2021-06-23 10:02:46,537.7,808503
2021-06-23 10:02:47,537.7,808569
2021-06-23 10:02:49,537.75,808860
2021-06-23 10:02:49,537.75,808809
2021-06-23 10:02:50,537.5,809360
2021-06-23 10:02:51,537.75,809361
2021-06-23 10:02:52,537.7,809386
2021-06-23 10:02:53,537.7,809436
2021-06-23 10:02:54,537.75,809482
2021-06-23 10:02:55,537.75,809482
2021-06-23 10:02:56,537.6,809483
2021-06-23 10:02:57,537.6,809483
2021-06-23 10:02:58,537.75,810023
2021-06-23 10:02:59,537.7,810024
2021-06-23 10:03:00,537.7,810118
2021-06-23 10:03:01,537.65,810128
2021-06-23 10:03:02,537.65,810128
2021-06-23 10:03:03,537.65,810128
2021-06-23 10:03:04,537.65,810199
2021-06-23 10:03:05,537.65,810199
2021-06-23 10:03:07,537.5,810206
2021-06-23 10:03:08,537.5,810206
2021-06-23 10:03:09,537.5,810306
2021-06-23 10:03:10,537.65,810406
2021-06-23 10:03:10,537.65,810406
2021-06-23 10:03:11,537.65,810406
2021-06-23 10:03:12,537.5,810432
2021-06-23 10:03:14,537.65,810488
2021-06-23 10:03:15,537.65,810538
2021-06-23 10:03:16,537.55,810544
2021-06-23 10:03:17,537.55,810544
2021-06-23 10:03:18,537.55,810544
2021-06-23 10:03:19,537.65,810751
2021-06-23 10:03:21,537.65,810751
2021-06-23 10:03:22,537.5,810865
2021-06-23 10:03:23,537.5,810865
2021-06-23 10:03:23,537.5,810865
2021-06-23 10:03:24,537.5,810975
2021-06-23 10:03:26,537.5,811105
2021-06-23 10:03:27,537.5,813782
2021-06-23 10:03:28,537.5,813782
2021-06-23 10:03:28,537.5,813816
2021-06-23 10:03:29,537.5,813947
2021-06-23 10:03:31,537.45,814197
2021-06-23 10:03:32,537.45,814232
2021-06-23 10:03:32,537.45,814232
2021-06-23 10:03:33,537.5,814248
2021-06-23 10:03:34,537.5,814248
2021-06-23 10:03:36,537.45,815445
2021-06-23 10:03:37,537.4,815679
2021-06-23 10:03:37,537.45,815681
2021-06-23 10:03:38,537.45,815731
2021-06-23 10:03:40,537.45,815740
2021-06-23 10:03:41,537.45,815740
2021-06-23 10:03:42,537.45,815745
2021-06-23 10:03:42,537.45,816037
2021-06-23 10:03:44,537.4,816042
2021-06-23 10:03:45,537.4,816042
2021-06-23 10:03:46,537.4,816046
2021-06-23 10:03:47,537.4,816396
2021-06-23 10:03:47,537.45,816414
2021-06-23 10:03:48,537.45,816664
2021-06-23 10:03:49,537.45,816664
2021-06-23 10:03:50,537.45,816664
2021-06-23 10:03:51,537.4,816890
2021-06-23 10:03:52,537.45,816892
2021-06-23 10:03:53,537.45,816892
2021-06-23 10:03:54,537.25,818495
2021-06-23 10:03:55,537.25,818495
2021-06-23 10:03:56,537.45,818505
2021-06-23 10:03:57,537.45,818505
2021-06-23 10:03:58,537.25,818705
2021-06-23 10:03:59,537.25,818705
2021-06-23 10:04:00,537.25,818841
2021-06-23 10:04:01,537.4,818891
2021-06-23 10:04:03,537.4,818911
2021-06-23 10:04:04,537.4,818912
2021-06-23 10:04:06,537.3,818915
2021-06-23 10:04:07,537.3,818915
2021-06-23 10:04:08,537.3,819035
2021-06-23 10:04:09,537.2,819085
2021-06-23 10:04:09,537.3,819110
2021-06-23 10:04:10,537.3,819120
2021-06-23 10:04:11,537.2,819254
2021-06-23 10:04:12,537.3,819319
2021-06-23 10:04:13,537.25,819444
2021-06-23 10:04:14,537.3,819459
2021-06-23 10:04:15,537.25,819460
2021-06-23 10:04:17,537.25,819460
2021-06-23 10:04:18,537.25,819460
2021-06-23 10:04:19,537.25,819471
2021-06-23 10:04:20,537.25,819471
2021-06-23 10:04:21,537.3,819571
2021-06-23 10:04:22,537.3,819571
2021-06-23 10:04:22,537.3,819571
2021-06-23 10:04:23,537.3,819571
2021-06-23 10:04:24,537.3,819571
2021-06-23 10:04:25,537.2,821177
2021-06-23 10:04:26,537.1,821188
2021-06-23 10:04:27,537.25,821498
2021-06-23 10:04:28,537.25,821498
2021-06-23 10:04:29,537.25,821498
2021-06-23 10:04:30,537.25,821618
2021-06-23 10:04:31,537.25,821658
2021-06-23 10:04:32,537.25,821658
2021-06-23 10:04:33,537.25,821659
2021-06-23 10:04:34,537.25,821659
2021-06-23 10:04:35,537.25,821684
2021-06-23 10:04:36,537.25,821687
2021-06-23 10:04:37,537.25,821687
2021-06-23 10:04:38,537.25,821787
2021-06-23 10:04:39,537.25,821787
2021-06-23 10:04:40,537.25,821787
2021-06-23 10:04:42,537.25,821787
2021-06-23 10:04:43,537.25,821893
2021-06-23 10:04:44,537.25,821943
2021-06-23 10:04:45,537.2,821994
2021-06-23 10:04:45,537.2,822078
2021-06-23 10:04:46,537.2,822078
2021-06-23 10:04:47,537.25,822093
2021-06-23 10:04:48,537.1,822094
2021-06-23 10:04:49,537.25,822202
2021-06-23 10:04:50,537.25,822203
2021-06-23 10:04:51,537.25,822203
2021-06-23 10:04:53,537.1,822205
2021-06-23 10:04:54,537.1,822205
2021-06-23 10:04:55,537.1,822205
2021-06-23 10:04:56,537.1,822287
2021-06-23 10:04:57,537.0,824657
2021-06-23 10:04:58,537.0,825415
2021-06-23 10:04:59,537.05,825420
2021-06-23 10:05:00,536.9,825444
2021-06-23 10:05:01,536.7,829848
2021-06-23 10:05:02,536.9,829900
2021-06-23 10:05:03,536.75,830013
2021-06-23 10:05:05,536.9,830314
2021-06-23 10:05:06,536.85,830748
2021-06-23 10:05:06,536.85,830748
2021-06-23 10:05:08,536.9,835029
2021-06-23 10:05:09,536.9,835079
2021-06-23 10:05:10,537.0,835579
2021-06-23 10:05:11,537.0,835579
2021-06-23 10:05:12,536.8,835609
2021-06-23 10:05:13,536.8,835634
2021-06-23 10:05:14,536.8,835647
2021-06-23 10:05:15,536.8,835647
2021-06-23 10:05:16,536.8,835647
2021-06-23 10:05:17,536.95,835697
2021-06-23 10:05:18,536.95,835697
2021-06-23 10:05:19,537.1,840697
2021-06-23 10:05:20,536.8,842572
2021-06-23 10:05:21,536.8,842572
2021-06-23 10:05:22,536.95,842577
2021-06-23 10:05:25,537.0,843725
2021-06-23 10:05:31,536.95,845621
2021-06-23 10:05:35,536.9,845859
2021-06-23 10:05:38,536.9,847713
2021-06-23 10:05:43,536.9,848557
2021-06-23 10:05:47,536.8,849930
2021-06-23 10:05:50,536.95,850862
2021-06-23 10:05:54,536.8,851244
2021-06-23 10:05:57,536.8,851562
2021-06-23 10:06:00,536.95,852324
2021-06-23 10:06:03,536.95,853452
2021-06-23 10:06:07,536.85,853764
2021-06-23 10:06:10,536.95,854182
2021-06-23 10:06:13,536.95,854667
2021-06-23 10:06:16,537.0,856287
2021-06-23 10:06:20,537.0,856422
2021-06-23 10:06:23,537.0,856422
2021-06-23 10:06:26,537.0,856533
2021-06-23 10:06:29,537.0,856587
2021-06-23 10:06:32,537.0,856594
2021-06-23 10:06:35,537.0,856606
2021-06-23 10:06:39,537.0,857724
2021-06-23 10:06:43,537.05,858176
2021-06-23 10:06:50,537.1,858367
2021-06-23 10:06:53,537.1,858569
2021-06-23 10:06:57,537.05,858684
2021-06-23 10:07:00,537.0,859044
2021-06-23 10:07:04,537.1,859045
2021-06-23 10:07:07,537.0,859097
2021-06-23 10:07:10,537.1,859197
2021-06-23 10:07:13,537.0,859259
2021-06-23 10:07:16,537.0,860513
2021-06-23 10:07:19,536.8,860532
2021-06-23 10:07:22,536.8,860593
2021-06-23 10:07:25,536.8,860799
2021-06-23 10:07:28,536.8,862965
2021-06-23 10:07:31,536.8,863028
2021-06-23 10:07:34,536.75,863052
2021-06-23 10:07:37,536.55,863430
2021-06-23 10:07:41,536.8,864289
2021-06-23 10:07:44,536.8,864308
2021-06-23 10:07:48,536.7,864410
2021-06-23 10:07:51,536.7,864410
2021-06-23 10:07:54,536.55,864497
2021-06-23 10:07:57,536.8,864552
2021-06-23 10:08:00,536.75,866285
2021-06-23 10:08:04,536.65,866395
2021-06-23 10:08:07,536.7,867040
2021-06-23 10:08:10,536.5,867555
2021-06-23 10:08:13,536.5,868527
2021-06-23 10:08:17,536.5,868795
2021-06-23 10:08:20,536.4,869461
2021-06-23 10:08:23,536.4,871857
2021-06-23 10:08:26,536.25,872514
2021-06-23 10:08:30,536.5,872939
2021-06-23 10:08:34,536.5,873171
2021-06-23 10:08:37,536.4,873276
2021-06-23 10:08:41,536.25,873523
2021-06-23 10:08:43,536.35,873548
2021-06-23 10:08:46,536.35,873560
2021-06-23 10:08:49,536.35,873799
2021-06-23 10:08:53,536.2,874127
2021-06-23 10:08:56,536.45,874703
2021-06-23 10:08:59,536.4,875022
2021-06-23 10:09:02,536.25,876931
2021-06-23 10:09:05,536.3,877372
2021-06-23 10:09:09,536.15,877888
2021-06-23 10:09:12,536.4,878217
2021-06-23 10:09:15,536.1,878249
2021-06-23 10:09:18,536.35,879501
2021-06-23 10:09:21,536.2,879642
2021-06-23 10:09:24,536.2,879655
2021-06-23 10:09:27,536.2,879660
2021-06-23 10:09:30,536.2,879798
2021-06-23 10:09:33,536.2,879842
2021-06-23 10:09:36,536.15,879949
2021-06-23 10:09:39,536.2,880048
2021-06-23 10:09:42,536.2,880188
2021-06-23 10:09:45,536.3,880810
2021-06-23 10:09:48,536.3,882282
2021-06-23 10:09:51,536.3,882282
2021-06-23 10:09:54,536.3,882299
2021-06-23 10:09:56,536.3,882304
2021-06-23 10:09:59,536.3,882309
2021-06-23 10:10:02,536.1,882417
2021-06-23 10:10:08,536.3,882757
2021-06-23 10:10:11,536.1,882944
2021-06-23 10:10:14,536.35,885519
2021-06-23 10:10:17,536.25,885524
2021-06-23 10:10:23,536.25,885753
2021-06-23 10:10:27,536.3,885982
2021-06-23 10:10:31,536.25,886002
2021-06-23 10:10:34,536.1,886318
2021-06-23 10:10:38,536.25,886865
2021-06-23 10:10:41,536.2,888303
2021-06-23 10:10:48,536.1,890484
2021-06-23 10:10:51,536.1,890548
2021-06-23 10:10:58,536.1,891089
2021-06-23 10:11:01,535.85,893678
2021-06-23 10:11:05,535.75,894437
2021-06-23 10:11:09,535.75,894976
2021-06-23 10:11:12,535.85,896749
2021-06-23 10:11:16,535.7,897537
2021-06-23 10:11:22,535.55,899155
2021-06-23 10:11:25,535.6,899368
2021-06-23 10:11:29,535.55,899755
2021-06-23 10:11:32,535.55,900736
2021-06-23 10:11:36,535.55,902046
2021-06-23 10:11:43,535.65,903049
2021-06-23 10:11:46,535.65,903236
2021-06-23 10:11:50,535.65,903645
2021-06-23 10:11:54,535.65,903647
2021-06-23 10:11:58,535.65,903747
2021-06-23 10:12:01,535.55,904441
2021-06-23 10:12:05,535.65,905455
2021-06-23 10:12:09,535.5,906927
2021-06-23 10:12:13,535.55,907033
2021-06-23 10:12:16,535.55,907906
2021-06-23 10:12:19,535.55,907926
2021-06-23 10:12:22,535.55,907961
2021-06-23 10:12:26,535.5,910620
2021-06-23 10:12:29,535.5,912272
2021-06-23 10:12:32,535.55,912665
2021-06-23 10:12:36,535.65,913388
2021-06-23 10:12:40,535.5,913522
2021-06-23 10:12:43,535.6,915624
2021-06-23 10:12:47,535.35,916019
2021-06-23 10:12:55,535.55,916597
2021-06-23 10:12:58,535.55,917108
2021-06-23 10:13:02,535.55,917234
2021-06-23 10:13:05,535.55,917276
2021-06-23 10:13:08,535.55,917290
2021-06-23 10:13:11,535.55,917464
2021-06-23 10:13:15,535.55,917472
2021-06-23 10:13:19,535.55,917861
2021-06-23 10:13:22,535.55,918054
2021-06-23 10:13:24,535.6,930823
2021-06-23 10:13:27,535.7,931528
2021-06-23 10:13:31,535.65,932037
2021-06-23 10:13:34,535.6,933539
2021-06-23 10:13:38,535.65,934505
2021-06-23 10:13:41,535.65,934818
2021-06-23 10:13:45,535.45,938748
2021-06-23 10:13:48,535.7,939114
2021-06-23 10:13:52,535.75,941418
2021-06-23 10:13:55,535.85,943668
2021-06-23 10:13:58,535.55,944168
2021-06-23 10:14:02,535.55,944261
2021-06-23 10:14:05,535.7,945882
2021-06-23 10:14:08,535.55,945924
2021-06-23 10:14:11,535.55,946334
2021-06-23 10:14:14,535.5,946355
2021-06-23 10:14:17,535.55,946356
2021-06-23 10:14:20,535.4,952073
2021-06-23 10:14:23,535.5,952607
2021-06-23 10:14:26,535.5,953071
2021-06-23 10:14:30,535.2,955511
2021-06-23 10:14:32,535.45,955711
2021-06-23 10:14:35,535.4,956117
2021-06-23 10:14:39,535.25,956152
2021-06-23 10:14:41,535.25,956809
2021-06-23 10:14:44,535.25,958920
2021-06-23 10:14:48,534.95,978386
2021-06-23 10:14:56,534.95,981523
2021-06-23 10:15:00,534.7,982323
2021-06-23 10:15:04,534.55,983046
2021-06-23 10:15:08,534.6,984874
2021-06-23 10:15:11,534.5,985607
2021-06-23 10:15:19,534.4,989953
2021-06-23 10:15:23,534.2,990041
2021-06-23 10:15:24,534.2,990041
2021-06-23 10:15:26,534.35,990302
2021-06-23 10:15:27,534.4,990462
2021-06-23 10:15:27,534.4,990462
2021-06-23 10:15:28,534.35,990779
2021-06-23 10:15:29,534.35,990809
2021-06-23 10:15:30,534.35,990987
2021-06-23 10:15:31,534.4,991107
2021-06-23 10:15:32,534.4,991143
2021-06-23 10:15:33,534.4,991648
2021-06-23 10:15:34,534.4,992754
2021-06-23 10:15:35,534.35,992775
2021-06-23 10:15:37,534.25,992818
2021-06-23 10:15:38,534.4,993239
2021-06-23 10:15:38,534.4,993239
2021-06-23 10:15:39,534.2,994419
2021-06-23 10:15:40,534.2,995479
2021-06-23 10:15:41,534.2,995485
2021-06-23 10:15:42,534.2,995485
2021-06-23 10:15:43,534.4,996288
2021-06-23 10:15:44,534.2,996338
2021-06-23 10:15:45,534.25,996343
2021-06-23 10:15:46,534.25,996443
2021-06-23 10:15:49,534.2,997071
2021-06-23 10:15:50,534.4,997222
2021-06-23 10:15:52,534.3,997368
2021-06-23 10:15:53,534.4,997476
2021-06-23 10:15:53,534.4,997481
2021-06-23 10:15:54,534.2,998618
2021-06-23 10:15:56,534.3,999941
2021-06-23 10:15:59,534.4,1000248
2021-06-23 10:16:00,534.45,1000648
2021-06-23 10:16:01,534.4,1000740
2021-06-23 10:16:02,534.5,1002660
2021-06-23 10:16:03,534.4,1002718
2021-06-23 10:16:04,534.5,1003720
2021-06-23 10:16:05,534.45,1003874
2021-06-23 10:16:07,534.45,1005965
2021-06-23 10:16:08,534.65,1005968
2021-06-23 10:16:09,534.65,1005968
2021-06-23 10:16:10,534.6,1006247
2021-06-23 10:16:11,534.6,1006247
2021-06-23 10:16:12,534.6,1006265
2021-06-23 10:16:13,534.6,1006265
2021-06-23 10:16:14,534.65,1006545
2021-06-23 10:16:15,534.65,1006545
2021-06-23 10:16:16,534.65,1006545
2021-06-23 10:16:17,534.7,1007846
2021-06-23 10:16:18,534.4,1008787
2021-06-23 10:16:19,534.85,1009792
2021-06-23 10:16:20,534.85,1009818
2021-06-23 10:16:21,534.7,1009923
2021-06-23 10:16:22,534.3,1010123
2021-06-23 10:16:23,534.6,1010183
2021-06-23 10:16:24,534.6,1010183
2021-06-23 10:16:24,534.6,1010183
2021-06-23 10:16:25,534.55,1010213
2021-06-23 10:16:26,534.55,1010213
2021-06-23 10:16:27,534.55,1010223
2021-06-23 10:16:28,534.55,1010223
2021-06-23 10:16:29,534.3,1010233
2021-06-23 10:16:31,534.45,1010239
2021-06-23 10:16:32,534.45,1010242
2021-06-23 10:16:33,534.45,1010911
2021-06-23 10:16:34,534.55,1013281
2021-06-23 10:16:35,534.55,1013281
2021-06-23 10:16:37,534.4,1013282
2021-06-23 10:16:37,534.45,1013383
2021-06-23 10:16:39,534.5,1014736
2021-06-23 10:16:40,534.4,1015101
2021-06-23 10:16:42,534.4,1015101
2021-06-23 10:16:43,534.5,1015110
2021-06-23 10:16:44,534.5,1015110
2021-06-23 10:16:45,534.6,1015625
2021-06-23 10:16:46,534.4,1015660
2021-06-23 10:16:47,534.4,1015710
2021-06-23 10:16:48,534.4,1015873
2021-06-23 10:16:48,534.4,1015873
2021-06-23 10:16:49,534.4,1015873
2021-06-23 10:16:50,534.5,1015888
2021-06-23 10:16:51,534.5,1016029
2021-06-23 10:16:52,534.5,1016055
2021-06-23 10:16:53,534.5,1016153
2021-06-23 10:16:54,534.4,1017687
2021-06-23 10:16:55,534.4,1017696
2021-06-23 10:16:56,534.4,1017696
2021-06-23 10:16:57,534.4,1017701
2021-06-23 10:16:58,534.4,1017953
2021-06-23 10:16:59,534.4,1017953
2021-06-23 10:17:01,534.25,1018109
2021-06-23 10:17:03,534.35,1019656
2021-06-23 10:17:04,534.35,1019656
2021-06-23 10:17:06,534.35,1019708
2021-06-23 10:17:07,534.35,1019708
2021-06-23 10:17:08,534.2,1020635
2021-06-23 10:17:09,534.3,1020785
2021-06-23 10:17:10,534.2,1020845
2021-06-23 10:17:11,534.2,1020886
2021-06-23 10:17:12,534.2,1021339
2021-06-23 10:17:13,534.25,1021941
2021-06-23 10:17:14,534.25,1021941
2021-06-23 10:17:15,534.35,1021994
2021-06-23 10:17:16,534.35,1021994
2021-06-23 10:17:18,534.35,1022096
2021-06-23 10:17:19,534.3,1022107
2021-06-23 10:17:20,534.3,1022137
2021-06-23 10:17:21,534.35,1022647
2021-06-23 10:17:22,534.35,1022654
2021-06-23 10:17:23,534.35,1022654
2021-06-23 10:17:24,534.25,1023665
2021-06-23 10:17:25,534.25,1023665
2021-06-23 10:17:26,534.35,1025008
2021-06-23 10:17:27,534.35,1025008
2021-06-23 10:17:28,534.35,1025008
2021-06-23 10:17:28,534.35,1025008
2021-06-23 10:17:30,534.45,1027564
2021-06-23 10:17:31,534.65,1027723
2021-06-23 10:17:32,534.45,1027729
2021-06-23 10:17:33,534.45,1027729
2021-06-23 10:17:34,534.55,1027733
2021-06-23 10:17:34,534.55,1027733
2021-06-23 10:17:35,534.45,1027735
2021-06-23 10:17:36,534.45,1027737
2021-06-23 10:17:38,534.45,1027737
2021-06-23 10:17:39,534.45,1027737
2021-06-23 10:17:43,534.35,1028593
2021-06-23 10:17:44,534.5,1028693
2021-06-23 10:17:45,534.45,1028703
2021-06-23 10:17:46,534.4,1028760
2021-06-23 10:17:47,534.4,1028760
2021-06-23 10:17:48,534.65,1029091
2021-06-23 10:17:49,534.65,1029105
2021-06-23 10:17:50,534.65,1029112
2021-06-23 10:17:51,534.65,1029112
2021-06-23 10:17:52,534.65,1029112
2021-06-23 10:17:53,534.65,1029112
2021-06-23 10:17:54,534.65,1029122
2021-06-23 10:17:55,534.65,1029128
2021-06-23 10:17:56,534.85,1032484
2021-06-23 10:17:57,534.85,1032484
2021-06-23 10:17:58,534.65,1032835
2021-06-23 10:17:59,534.85,1032837
2021-06-23 10:18:00,534.65,1032852
2021-06-23 10:18:00,534.65,1032936
2021-06-23 10:18:01,534.6,1038234
2021-06-23 10:18:02,534.6,1038234
2021-06-23 10:18:03,534.4,1038293
2021-06-23 10:18:04,534.4,1038293
2021-06-23 10:18:05,534.6,1039815
2021-06-23 10:18:06,534.6,1039816
2021-06-23 10:18:07,534.6,1039816
2021-06-23 10:18:09,534.4,1040518
2021-06-23 10:18:10,534.35,1047702
2021-06-23 10:18:11,534.35,1048005
2021-06-23 10:18:12,534.35,1048146
2021-06-23 10:18:12,534.35,1048146
2021-06-23 10:18:13,534.35,1048176
2021-06-23 10:18:14,534.35,1048195
2021-06-23 10:18:17,534.35,1048195
2021-06-23 10:18:18,534.35,1048205
2021-06-23 10:18:19,534.35,1048385
2021-06-23 10:18:20,534.4,1048868
2021-06-23 10:18:20,534.25,1048873
2021-06-23 10:18:22,534.35,1048973
2021-06-23 10:18:23,534.45,1049022
2021-06-23 10:18:24,534.45,1049022
2021-06-23 10:18:26,534.35,1049216
2021-06-23 10:18:27,534.45,1049341
2021-06-23 10:18:28,534.45,1049341
2021-06-23 10:18:29,534.25,1049841
2021-06-23 10:18:30,534.4,1049842
2021-06-23 10:18:31,534.4,1049958
2021-06-23 10:18:32,534.4,1050049
2021-06-23 10:18:33,534.25,1050407
2021-06-23 10:18:34,534.3,1050408
2021-06-23 10:18:35,534.25,1050595
2021-06-23 10:18:36,534.2,1053463
2021-06-23 10:18:38,534.2,1053505
2021-06-23 10:18:39,534.15,1053605
2021-06-23 10:18:40,534.2,1054195
2021-06-23 10:18:41,534.2,1054195
2021-06-23 10:18:43,534.2,1054293
2021-06-23 10:18:44,534.2,1054293
2021-06-23 10:18:45,534.2,1054318
2021-06-23 10:18:46,534.15,1054479
2021-06-23 10:18:47,534.15,1054479
2021-06-23 10:18:48,534.15,1054508
2021-06-23 10:18:49,534.2,1054525
2021-06-23 10:18:50,534.2,1054547
2021-06-23 10:18:51,534.2,1054547
2021-06-23 10:18:52,534.2,1054612
2021-06-23 10:18:55,534.25,1055234
2021-06-23 10:18:56,534.25,1055236
2021-06-23 10:18:56,534.25,1055236
2021-06-23 10:18:57,534.25,1055965
2021-06-23 10:18:58,534.4,1055978
2021-06-23 10:18:59,534.4,1056009
2021-06-23 10:19:01,534.3,1056192
2021-06-23 10:19:02,534.3,1056192
2021-06-23 10:19:03,534.3,1056192
2021-06-23 10:19:05,534.3,1056202
2021-06-23 10:19:06,534.4,1056512
2021-06-23 10:19:07,534.4,1056592
2021-06-23 10:19:08,534.4,1056592
2021-06-23 10:19:09,534.7,1056617
2021-06-23 10:19:11,534.55,1062046
2021-06-23 10:19:12,534.55,1062046
2021-06-23 10:19:13,534.55,1062046
2021-06-23 10:19:14,534.55,1062046
2021-06-23 10:19:15,534.85,1062061
2021-06-23 10:19:15,534.95,1062062
2021-06-23 10:19:17,534.95,1062062
2021-06-23 10:19:18,534.95,1062271
2021-06-23 10:19:19,534.95,1062271
2021-06-23 10:19:20,534.95,1062286
2021-06-23 10:19:20,534.75,1062391
2021-06-23 10:19:21,534.8,1062392
2021-06-23 10:19:22,534.8,1062392
2021-06-23 10:19:23,534.95,1062892
2021-06-23 10:19:24,534.95,1063016
2021-06-23 10:19:26,535.0,1063666
2021-06-23 10:19:27,534.85,1064225
2021-06-23 10:19:27,534.85,1064226
2021-06-23 10:19:28,534.85,1064226
2021-06-23 10:19:29,535.05,1066464
2021-06-23 10:19:31,535.05,1066573
2021-06-23 10:19:32,535.15,1066798
2021-06-23 10:19:33,534.95,1067061
2021-06-23 10:19:34,534.9,1067626
2021-06-23 10:19:35,534.9,1067626
2021-06-23 10:19:36,534.9,1067626
2021-06-23 10:19:37,534.95,1067631
2021-06-23 10:19:39,535.15,1067731
2021-06-23 10:19:40,535.15,1067731
2021-06-23 10:19:41,534.95,1067732
2021-06-23 10:19:42,535.0,1067733
2021-06-23 10:19:45,534.9,1069758
2021-06-23 10:19:46,535.1,1069763
2021-06-23 10:19:47,534.95,1069816
2021-06-23 10:19:48,535.1,1069941
2021-06-23 10:19:49,535.1,1069941
2021-06-23 10:19:50,535.1,1069941
2021-06-23 10:19:51,535.1,1069941
2021-06-23 10:19:52,535.1,1069948
2021-06-23 10:19:53,535.1,1069968
2021-06-23 10:19:54,535.1,1070363
2021-06-23 10:19:55,535.1,1070364
2021-06-23 10:19:56,535.1,1070364
2021-06-23 10:19:57,535.15,1070443
2021-06-23 10:19:58,535.15,1070457
2021-06-23 10:19:59,535.15,1070457
2021-06-23 10:20:00,535.0,1070609
2021-06-23 10:20:01,535.0,1071646
2021-06-23 10:20:02,535.0,1071831
2021-06-23 10:20:03,535.0,1071991
2021-06-23 10:20:04,535.0,1071991
2021-06-23 10:20:05,535.0,1072061
2021-06-23 10:20:06,535.0,1072261
2021-06-23 10:20:07,535.0,1072287
2021-06-23 10:20:08,535.0,1072387
2021-06-23 10:20:09,535.0,1072411
2021-06-23 10:20:10,535.0,1072521
2021-06-23 10:20:11,535.0,1072521
2021-06-23 10:20:11,535.0,1072521
2021-06-23 10:20:12,535.0,1072521
2021-06-23 10:20:13,535.0,1072541
2021-06-23 10:20:15,535.0,1072541
2021-06-23 10:20:17,535.1,1073689
2021-06-23 10:20:18,535.1,1073869
2021-06-23 10:20:19,534.95,1073969
2021-06-23 10:20:20,535.0,1073999
2021-06-23 10:20:21,535.0,1073999
2021-06-23 10:20:22,534.9,1075024
2021-06-23 10:20:23,534.9,1075024
2021-06-23 10:20:24,534.9,1075024
2021-06-23 10:20:25,535.0,1075177
2021-06-23 10:20:26,535.0,1075177
2021-06-23 10:20:27,535.1,1075187
2021-06-23 10:20:28,535.1,1075213
2021-06-23 10:20:29,535.1,1075218
2021-06-23 10:20:30,535.0,1075296
2021-06-23 10:20:31,535.0,1075296
2021-06-23 10:20:32,535.1,1075520
2021-06-23 10:20:33,535.1,1075520
2021-06-23 10:20:34,535.1,1075520
2021-06-23 10:20:35,535.1,1075662
2021-06-23 10:20:37,535.1,1075662
2021-06-23 10:20:38,534.9,1075734
2021-06-23 10:20:39,534.9,1075734
2021-06-23 10:20:40,534.9,1075734
2021-06-23 10:20:41,534.9,1075734
2021-06-23 10:20:42,535.1,1075793
2021-06-23 10:20:43,535.1,1075793
2021-06-23 10:20:44,535.1,1075793
2021-06-23 10:20:45,535.1,1075793
2021-06-23 10:20:46,535.1,1075823
2021-06-23 10:20:47,535.1,1075823
2021-06-23 10:20:48,535.1,1075873
2021-06-23 10:20:49,535.1,1076037
2021-06-23 10:20:50,535.15,1076046
2021-06-23 10:20:51,535.05,1076147
2021-06-23 10:20:52,535.15,1076247
2021-06-23 10:20:53,535.15,1076252
2021-06-23 10:20:54,535.0,1076354
2021-06-23 10:20:55,535.0,1076354
2021-06-23 10:20:56,535.0,1076354
2021-06-23 10:20:57,535.15,1076479
2021-06-23 10:20:59,535.1,1076779
2021-06-23 10:21:01,535.1,1076965
2021-06-23 10:21:02,535.1,1076985
2021-06-23 10:21:03,535.0,1077234
2021-06-23 10:21:04,535.1,1077244
2021-06-23 10:21:05,535.1,1077244
2021-06-23 10:21:06,535.0,1077522
2021-06-23 10:21:07,535.0,1077522
2021-06-23 10:21:08,535.1,1078180
2021-06-23 10:21:09,535.1,1078180
2021-06-23 10:21:10,535.1,1078181
2021-06-23 10:21:11,535.2,1079781
2021-06-23 10:21:12,535.2,1079781
2021-06-23 10:21:13,535.1,1079782
2021-06-23 10:21:15,535.1,1080257
2021-06-23 10:21:16,535.1,1080439
2021-06-23 10:21:17,535.1,1080781
2021-06-23 10:21:18,535.2,1080794
2021-06-23 10:21:19,535.2,1084323
2021-06-23 10:21:20,535.2,1085022
2021-06-23 10:21:21,535.45,1085172
2021-06-23 10:21:22,535.45,1085197
2021-06-23 10:21:23,535.45,1085197
2021-06-23 10:21:24,535.45,1085197
2021-06-23 10:21:25,535.25,1085248
2021-06-23 10:21:26,535.45,1085307
2021-06-23 10:21:27,535.45,1085307
2021-06-23 10:21:28,535.2,1085332
2021-06-23 10:21:29,535.2,1085342
2021-06-23 10:21:30,535.4,1085371
2021-06-23 10:21:31,535.4,1085372
2021-06-23 10:21:32,535.4,1085372
2021-06-23 10:21:33,535.4,1085372
2021-06-23 10:21:34,535.4,1085434
2021-06-23 10:21:35,535.4,1085434
2021-06-23 10:21:36,535.35,1085542
2021-06-23 10:21:37,535.35,1085542
2021-06-23 10:21:38,535.4,1085677
2021-06-23 10:21:39,535.4,1085686
2021-06-23 10:21:40,535.4,1085686
2021-06-23 10:21:41,535.45,1085699
2021-06-23 10:21:42,535.45,1085699
2021-06-23 10:21:43,535.45,1085699
2021-06-23 10:21:44,535.45,1085699
2021-06-23 10:21:45,535.45,1085699
2021-06-23 10:21:46,535.45,1085699
2021-06-23 10:21:47,535.45,1085874
2021-06-23 10:21:49,535.45,1086108
2021-06-23 10:21:51,535.45,1086108
2021-06-23 10:21:50,535.45,1086108
2021-06-23 10:21:52,535.5,1086408
2021-06-23 10:21:53,535.5,1086408
2021-06-23 10:21:54,535.5,1086410
2021-06-23 10:21:55,535.5,1086560
2021-06-23 10:21:56,535.5,1086560
2021-06-23 10:21:57,535.5,1086686
2021-06-23 10:21:58,535.5,1086691
2021-06-23 10:21:59,535.45,1086941
2021-06-23 10:22:00,535.45,1087015
2021-06-23 10:22:01,535.4,1087099
2021-06-23 10:22:02,535.45,1087871
2021-06-23 10:22:03,535.45,1088005
2021-06-23 10:22:04,535.45,1088015
2021-06-23 10:22:05,535.45,1088562
2021-06-23 10:22:06,535.45,1088638
2021-06-23 10:22:08,535.45,1088688
2021-06-23 10:22:07,535.45,1088688
2021-06-23 10:22:09,535.6,1088747
2021-06-23 10:22:10,535.65,1088751
2021-06-23 10:22:11,535.65,1088752
2021-06-23 10:22:12,535.65,1088752
2021-06-23 10:22:13,535.65,1088752
2021-06-23 10:22:14,535.7,1089253
2021-06-23 10:22:15,535.5,1089254
2021-06-23 10:22:16,535.7,1089265
2021-06-23 10:22:18,535.7,1089265
2021-06-23 10:22:19,535.7,1089265
2021-06-23 10:22:20,535.85,1091368
2021-06-23 10:22:21,535.8,1091493
2021-06-23 10:22:22,535.8,1091493
2021-06-23 10:22:24,535.8,1091493
2021-06-23 10:22:25,535.8,1091493
2021-06-23 10:22:26,535.65,1091577
2021-06-23 10:22:27,535.8,1091580
2021-06-23 10:22:28,535.8,1091592
2021-06-23 10:22:29,535.8,1091614
2021-06-23 10:22:30,535.8,1091614
2021-06-23 10:22:31,535.75,1092494
2021-06-23 10:22:32,535.55,1092595
2021-06-23 10:22:33,535.55,1092595
2021-06-23 10:22:34,535.8,1092953
2021-06-23 10:22:36,535.65,1092997
2021-06-23 10:22:36,535.65,1092997
2021-06-23 10:22:37,535.8,1093007
2021-06-23 10:22:38,535.55,1093237
2021-06-23 10:22:39,535.55,1093237
2021-06-23 10:22:40,535.55,1093237
2021-06-23 10:22:41,535.75,1093287
2021-06-23 10:22:42,535.75,1093287
2021-06-23 10:22:43,535.75,1093287
2021-06-23 10:22:44,535.75,1093287
2021-06-23 10:22:45,535.75,1093287
2021-06-23 10:22:46,535.75,1093287
2021-06-23 10:22:47,535.55,1093467
2021-06-23 10:22:48,535.55,1093467
2021-06-23 10:22:50,535.6,1093486
2021-06-23 10:22:52,535.7,1093521
2021-06-23 10:22:52,535.7,1093521
2021-06-23 10:22:54,535.6,1093653
2021-06-23 10:22:54,535.6,1093653
2021-06-23 10:22:55,535.6,1093654
2021-06-23 10:22:56,535.7,1093754
2021-06-23 10:22:57,535.7,1093755
2021-06-23 10:22:58,535.7,1093755
2021-06-23 10:22:59,535.7,1093775
2021-06-23 10:23:00,535.7,1093782
2021-06-23 10:23:02,535.7,1093988
2021-06-23 10:23:03,535.6,1093990
2021-06-23 10:23:04,535.7,1094538
2021-06-23 10:23:05,535.8,1094597
2021-06-23 10:23:06,535.6,1094602
2021-06-23 10:23:07,535.6,1094602
2021-06-23 10:23:08,535.6,1094602
2021-06-23 10:23:10,535.6,1094705
2021-06-23 10:23:11,535.6,1094705
2021-06-23 10:23:12,535.8,1095113
2021-06-23 10:23:13,535.7,1095116
2021-06-23 10:23:14,535.7,1095116
2021-06-23 10:23:15,535.65,1095241
2021-06-23 10:23:16,535.65,1095241
2021-06-23 10:23:17,535.65,1095241
2021-06-23 10:23:18,535.65,1095241
2021-06-23 10:23:19,535.7,1095656
2021-06-23 10:23:20,535.7,1095656
2021-06-23 10:23:21,535.7,1095656
2021-06-23 10:23:22,535.7,1095656
2021-06-23 10:23:23,535.8,1095657
2021-06-23 10:23:24,535.8,1095766
2021-06-23 10:23:25,535.8,1095766
2021-06-23 10:23:26,535.8,1095766
2021-06-23 10:23:27,535.8,1095828
2021-06-23 10:23:28,535.8,1095837
2021-06-23 10:23:29,535.65,1095866
2021-06-23 10:23:31,535.8,1095879
2021-06-23 10:23:32,535.8,1095879
2021-06-23 10:23:33,535.55,1096580
2021-06-23 10:23:34,535.55,1096585
2021-06-23 10:23:34,535.55,1096585
2021-06-23 10:23:35,535.6,1096586
2021-06-23 10:23:37,535.55,1097105
2021-06-23 10:23:38,535.75,1097141
2021-06-23 10:23:39,535.75,1097141
2021-06-23 10:23:40,535.75,1097152
2021-06-23 10:23:41,535.75,1097152
2021-06-23 10:23:42,535.75,1097152
2021-06-23 10:23:43,535.75,1097286
2021-06-23 10:23:44,535.8,1097386
2021-06-23 10:23:45,535.75,1097765
2021-06-23 10:23:46,535.75,1097765
2021-06-23 10:23:47,535.65,1097882
2021-06-23 10:23:48,535.75,1097934
2021-06-23 10:23:49,535.75,1098004
2021-06-23 10:23:50,535.75,1098025
2021-06-23 10:23:51,535.7,1098035
2021-06-23 10:23:52,535.7,1098035
2021-06-23 10:23:53,535.7,1098035
2021-06-23 10:23:54,535.75,1098063
2021-06-23 10:23:55,535.75,1098268
2021-06-23 10:23:57,535.75,1098284
2021-06-23 10:23:56,535.75,1098268
2021-06-23 10:23:58,535.75,1098319
2021-06-23 10:24:00,535.75,1098334
2021-06-23 10:24:01,535.75,1098566
2021-06-23 10:24:02,535.75,1098683
2021-06-23 10:24:03,535.75,1098733
2021-06-23 10:24:03,535.7,1098956
2021-06-23 10:24:04,535.7,1098956
2021-06-23 10:24:05,535.8,1098966
2021-06-23 10:24:06,535.8,1098966
2021-06-23 10:24:07,535.8,1098966
2021-06-23 10:24:08,535.8,1098966
2021-06-23 10:24:09,535.75,1098975
2021-06-23 10:24:10,535.75,1098975
2021-06-23 10:24:13,535.75,1098975
2021-06-23 10:24:14,535.8,1099741
2021-06-23 10:24:15,535.8,1099850
2021-06-23 10:24:17,535.8,1099850
2021-06-23 10:24:18,535.8,1099950
2021-06-23 10:24:18,535.8,1099950
2021-06-23 10:24:19,535.8,1100027
2021-06-23 10:24:21,535.85,1100249
2021-06-23 10:24:22,535.85,1100249
2021-06-23 10:24:22,535.85,1100249
2021-06-23 10:24:24,535.75,1100757
2021-06-23 10:24:24,535.85,1100747
2021-06-23 10:24:25,535.75,1100807
2021-06-23 10:24:26,535.75,1100817
2021-06-23 10:24:27,536.15,1107449
2021-06-23 10:24:28,536.3,1108060
2021-06-23 10:24:29,536.25,1108132
2021-06-23 10:24:30,536.05,1108537
2021-06-23 10:24:31,536.05,1108537
2021-06-23 10:24:32,536.15,1108982
2021-06-23 10:24:33,536.25,1108987
2021-06-23 10:24:34,536.15,1108991
2021-06-23 10:24:35,536.15,1108991
2021-06-23 10:24:36,536.25,1109141
2021-06-23 10:24:37,536.25,1109141
2021-06-23 10:24:38,536.35,1109412
2021-06-23 10:24:39,536.35,1109412
2021-06-23 10:24:40,536.15,1109462
2021-06-23 10:24:41,536.15,1109462
2021-06-23 10:24:43,536.25,1109482
2021-06-23 10:24:43,536.25,1109492
2021-06-23 10:24:45,536.25,1109512
2021-06-23 10:24:45,536.25,1109512
2021-06-23 10:24:47,536.05,1109541
2021-06-23 10:24:47,536.05,1109601
2021-06-23 10:24:49,536.25,1109803
2021-06-23 10:24:49,536.25,1110018
2021-06-23 10:36:48,536.35,1172713
2021-06-23 10:36:50,536.4,1172795
2021-06-23 10:36:53,536.4,1172795
2021-06-23 10:36:56,536.4,1172866
2021-06-23 10:36:59,536.4,1172991
2021-06-23 10:37:02,536.2,1173717
2021-06-23 10:37:06,536.25,1173752
2021-06-23 10:37:08,536.25,1173761
2021-06-23 10:37:11,536.2,1174073
2021-06-23 10:37:14,536.15,1174080
2021-06-23 10:37:16,536.2,1174180
2021-06-23 10:37:19,536.2,1174183
2021-06-23 10:37:21,536.2,1174236
2021-06-23 10:37:24,536.2,1174288
2021-06-23 10:37:26,536.2,1174303
2021-06-23 10:37:28,536.0,1174382
2021-06-23 10:37:34,536.05,1174540
2021-06-23 10:37:36,535.95,1177697
2021-06-23 10:37:39,535.95,1177697
2021-06-23 10:37:41,536.0,1177841
2021-06-23 10:37:44,536.05,1178130
2021-06-23 10:37:46,536.0,1178386
2021-06-23 10:37:49,536.05,1178958
2021-06-23 10:37:51,536.15,1179188
2021-06-23 10:37:54,536.15,1179202
2021-06-23 10:37:59,536.3,1180540
2021-06-23 10:38:01,536.4,1182025
2021-06-23 10:38:04,536.4,1182069
2021-06-23 10:38:07,536.45,1185608
2021-06-23 10:38:09,536.7,1185735
2021-06-23 10:38:12,536.6,1186003
2021-06-23 10:38:14,536.7,1186291
2021-06-23 10:38:17,536.8,1187543
2021-06-23 10:38:19,536.75,1187847
2021-06-23 10:38:21,536.75,1189328
2021-06-23 10:38:24,536.85,1190097
2021-06-23 10:38:26,536.75,1190427
2021-06-23 10:38:29,536.75,1192915
2021-06-23 10:38:32,536.75,1193207
2021-06-23 10:38:35,536.75,1193530
2021-06-23 10:38:40,536.85,1194030
2021-06-23 10:38:42,536.9,1194733
2021-06-23 10:38:44,536.85,1198254
2021-06-23 10:38:46,537.1,1201513
2021-06-23 10:38:48,536.85,1201575
2021-06-23 10:38:51,537.05,1201709
2021-06-23 10:38:53,536.85,1201892
2021-06-23 10:38:56,536.85,1202074
2021-06-23 10:38:58,536.85,1202235
2021-06-23 10:39:01,536.9,1202808
2021-06-23 10:39:03,536.9,1203218
2021-06-23 10:39:05,536.9,1204482
2021-06-23 10:39:08,536.95,1205094
2021-06-23 10:39:10,536.95,1205900
2021-06-23 10:39:12,537.0,1206003
2021-06-23 10:39:14,536.9,1206131
2021-06-23 10:39:17,537.1,1207742
2021-06-23 10:39:19,536.9,1209284
2021-06-23 10:39:21,536.9,1209641
2021-06-23 10:39:24,536.95,1209915
2021-06-23 10:39:27,536.9,1210212
2021-06-23 10:39:31,537.0,1210676
2021-06-23 10:39:33,537.0,1210787
2021-06-23 10:39:36,536.7,1211705
2021-06-23 10:39:40,536.55,1212053
2021-06-23 10:39:43,536.7,1212528
2021-06-23 10:39:47,536.75,1212961
2021-06-23 10:39:50,536.8,1216832
2021-06-23 10:39:54,536.95,1217840
2021-06-23 10:39:57,536.95,1218573
2021-06-23 10:40:00,536.85,1218598
2021-06-23 10:40:03,536.9,1219050
2021-06-23 10:40:05,536.9,1219730
2021-06-23 10:40:08,536.95,1220230
2021-06-23 10:40:11,536.8,1220286
2021-06-23 10:40:14,536.85,1220980
2021-06-23 10:40:18,536.95,1221464
2021-06-23 10:40:20,536.95,1222110
2021-06-23 10:40:23,537.15,1223016
2021-06-23 10:40:25,537.1,1223205
2021-06-23 10:40:26,537.1,1223205
2021-06-23 10:40:27,537.0,1223499
2021-06-23 10:40:28,537.0,1223559
2021-06-23 10:40:29,537.0,1224001
2021-06-23 10:40:30,537.0,1224101
2021-06-23 10:40:31,537.0,1224210
2021-06-23 10:40:33,537.0,1224785
2021-06-23 10:40:34,537.0,1224885
2021-06-23 10:40:36,537.0,1225173
2021-06-23 10:40:36,537.0,1225173
2021-06-23 10:40:38,537.05,1225234
2021-06-23 10:40:39,537.0,1225297
2021-06-23 10:40:40,537.1,1225302
2021-06-23 10:40:41,537.0,1225542
2021-06-23 10:40:42,537.0,1225542
2021-06-23 10:40:43,537.1,1225545
2021-06-23 10:40:44,537.1,1225545
2021-06-23 10:40:45,537.0,1225645
2021-06-23 10:40:46,537.0,1225729
2021-06-23 10:40:46,537.0,1225729
2021-06-23 10:40:47,537.0,1225739
2021-06-23 10:40:49,537.0,1225751
2021-06-23 10:40:49,537.1,1225760
2021-06-23 10:40:51,537.0,1225790
2021-06-23 10:40:52,537.0,1225790
2021-06-23 10:40:53,536.85,1226698
2021-06-23 10:40:54,536.8,1227060
2021-06-23 10:40:55,536.9,1227353
2021-06-23 10:40:56,536.85,1227361
2021-06-23 10:40:57,536.75,1227428
2021-06-23 10:40:58,536.95,1227791
2021-06-23 10:40:59,536.65,1229366
2021-06-23 10:40:59,536.65,1229366
2021-06-23 10:41:00,536.65,1229725
2021-06-23 10:41:02,536.9,1230186
2021-06-23 10:41:03,536.75,1230217
2021-06-23 10:41:04,536.9,1230312
2021-06-23 10:41:07,536.9,1230567
2021-06-23 10:41:08,536.9,1230571
2021-06-23 10:41:09,536.85,1230634
2021-06-23 10:41:10,536.85,1230635
2021-06-23 10:41:11,537.0,1230694
2021-06-23 10:41:12,537.05,1230695
2021-06-23 10:41:13,536.95,1230795
2021-06-23 10:41:14,537.05,1230823
2021-06-23 10:41:15,536.95,1231352
2021-06-23 10:41:16,536.9,1231496
2021-06-23 10:41:18,536.95,1231516
2021-06-23 10:41:19,536.9,1231868
2021-06-23 10:41:20,537.05,1231869
2021-06-23 10:41:21,537.05,1232178
2021-06-23 10:41:22,537.05,1232178
2021-06-23 10:41:23,537.05,1232178
2021-06-23 10:41:24,536.95,1232183
2021-06-23 10:41:25,536.95,1232585
2021-06-23 10:41:25,537.0,1232635
2021-06-23 10:41:26,537.0,1232644
2021-06-23 10:41:27,537.0,1232737
2021-06-23 10:41:28,537.0,1232737
2021-06-23 10:41:29,537.05,1232746
2021-06-23 10:41:31,537.0,1233343
2021-06-23 10:41:32,537.0,1233433
2021-06-23 10:41:33,537.0,1233472
2021-06-23 10:41:34,537.0,1233580
2021-06-23 10:41:35,537.0,1233633
2021-06-23 10:41:36,537.0,1233717
2021-06-23 10:41:37,537.05,1233767
2021-06-23 10:41:38,537.05,1233767
2021-06-23 10:41:39,537.05,1233787
2021-06-23 10:41:40,537.1,1234457
2021-06-23 10:41:41,537.1,1234457
2021-06-23 10:41:42,537.1,1234457
2021-06-23 10:41:43,537.1,1234458
2021-06-23 10:41:44,537.1,1234458
2021-06-23 10:41:45,537.0,1234802
2021-06-23 10:41:46,537.0,1234802
2021-06-23 10:41:48,537.0,1234877
2021-06-23 10:41:49,537.0,1234877
2021-06-23 10:41:50,537.0,1234960
2021-06-23 10:41:51,537.0,1234960
2021-06-23 10:41:52,537.1,1234980
2021-06-23 10:41:53,537.1,1234980
2021-06-23 10:41:54,537.0,1235771
2021-06-23 10:41:55,537.0,1235771
2021-06-23 10:41:56,537.0,1236102
2021-06-23 10:41:57,536.9,1236154
2021-06-23 10:41:58,536.9,1236398
2021-06-23 10:42:00,536.9,1236602
2021-06-23 10:42:01,536.9,1236602
2021-06-23 10:42:02,536.9,1236691
2021-06-23 10:42:03,536.9,1236691
2021-06-23 10:42:04,536.85,1237026
2021-06-23 10:42:05,536.8,1237092
2021-06-23 10:42:06,536.8,1237147
2021-06-23 10:42:07,536.85,1237161
2021-06-23 10:42:08,536.85,1237484
2021-06-23 10:42:09,536.9,1237641
2021-06-23 10:42:10,536.9,1238133
2021-06-23 10:42:11,536.9,1238133
