timestamp,ltp,volume
2021-06-23 09:16:34,149.65,264644
2021-06-23 09:16:44,149.75,288501
2021-06-23 09:16:49,149.6,303502
2021-06-23 09:16:54,149.8,352092
2021-06-23 09:16:59,150.0,373675
2021-06-23 09:17:04,149.95,436444
2021-06-23 09:17:09,149.85,458144
2021-06-23 09:17:15,150.05,469231
2021-06-23 09:17:20,150.0,478588
2021-06-23 09:17:25,150.0,488743
2021-06-23 09:17:35,150.0,519695
2021-06-23 09:17:45,150.0,531399
2021-06-23 09:17:50,150.05,572443
2021-06-23 09:17:55,150.0,575646
2021-06-23 09:18:00,150.1,578853
2021-06-23 09:18:05,150.1,581293
2021-06-23 09:18:10,150.05,585671
2021-06-23 09:18:14,150.0,594403
2021-06-23 09:18:19,150.1,598290
2021-06-23 09:18:25,150.1,611633
2021-06-23 09:18:29,150.15,627804
2021-06-23 09:18:35,150.2,646321
2021-06-23 09:18:40,150.3,653104
2021-06-23 09:18:45,150.3,656206
2021-06-23 09:18:49,150.3,674035
2021-06-23 09:18:54,150.45,678735
2021-06-23 09:18:59,150.3,683948
2021-06-23 09:19:04,150.3,692553
2021-06-23 09:19:09,150.3,709156
2021-06-23 09:19:14,150.2,716234
2021-06-23 09:19:19,150.3,720283
2021-06-23 09:19:24,150.25,722916
2021-06-23 09:19:28,150.25,725116
2021-06-23 09:19:38,150.25,737798
2021-06-23 09:19:43,150.3,744809
2021-06-23 09:19:48,150.15,746215
2021-06-23 09:19:52,150.15,752548
2021-06-23 09:19:57,150.2,754700
2021-06-23 09:20:02,150.25,757501
2021-06-23 09:20:07,150.35,771205
2021-06-23 09:20:12,150.45,793711
2021-06-23 09:20:16,150.4,803207
2021-06-23 09:20:21,150.45,806066
2021-06-23 09:20:24,150.5,808097
2021-06-23 09:20:24,150.4,810542
2021-06-23 09:20:26,150.5,810693
2021-06-23 09:20:26,150.4,810803
2021-06-23 09:20:27,150.4,812414
2021-06-23 09:20:28,150.5,812420
2021-06-23 09:20:29,150.4,812653
2021-06-23 09:20:30,150.5,813460
2021-06-23 09:20:31,150.5,814490
2021-06-23 09:20:32,150.4,815550
2021-06-23 09:20:33,150.5,841908
2021-06-23 09:20:35,150.5,845648
2021-06-23 09:20:35,150.5,845748
2021-06-23 09:20:37,150.4,859565
2021-06-23 09:20:38,150.5,859969
2021-06-23 09:20:39,150.5,864330
2021-06-23 09:20:40,150.45,864587
2021-06-23 09:20:41,150.45,865107
2021-06-23 09:20:42,150.5,874083
2021-06-23 09:20:43,150.5,874991
2021-06-23 09:20:44,150.5,892038
2021-06-23 09:20:45,150.55,897064
2021-06-23 09:20:46,150.55,898745
2021-06-23 09:20:47,150.5,898911
2021-06-23 09:20:48,150.55,899173
2021-06-23 09:20:49,150.6,900643
2021-06-23 09:20:50,150.55,901715
2021-06-23 09:20:51,150.55,902668
2021-06-23 09:20:52,150.55,921255
2021-06-23 09:20:53,150.6,922345
2021-06-23 09:20:55,150.6,922695
2021-06-23 09:20:55,150.6,922695
2021-06-23 09:20:57,150.6,932359
2021-06-23 09:20:58,150.5,933781
2021-06-23 09:20:59,150.5,935975
2021-06-23 09:21:00,150.55,936841
2021-06-23 09:21:01,150.55,937836
2021-06-23 09:21:06,150.4,963306
2021-06-23 09:21:08,150.5,964676
2021-06-23 09:21:09,150.45,968290
2021-06-23 09:21:10,150.4,970039
2021-06-23 09:21:11,150.35,974933
2021-06-23 09:21:11,150.35,975750
2021-06-23 09:21:13,150.35,976588
2021-06-23 09:21:14,150.25,978758
2021-06-23 09:21:16,150.35,979980
2021-06-23 09:21:17,150.35,980391
2021-06-23 09:21:18,150.3,980451
2021-06-23 09:21:19,150.35,981992
2021-06-23 09:21:20,150.3,982117
2021-06-23 09:21:22,150.3,985943
2021-06-23 09:21:23,150.4,987018
2021-06-23 09:21:24,150.3,990448
2021-06-23 09:21:25,150.3,990878
2021-06-23 09:21:25,150.3,990898
2021-06-23 09:21:28,150.25,991995
2021-06-23 09:21:28,150.3,991998
2021-06-23 09:21:30,150.3,992766
2021-06-23 09:21:31,150.3,993108
2021-06-23 09:21:32,150.25,993208
2021-06-23 09:21:33,150.25,994857
2021-06-23 09:21:34,150.25,996969
2021-06-23 09:21:36,150.25,998699
2021-06-23 09:21:36,150.3,998679
2021-06-23 09:21:37,150.25,998929
2021-06-23 09:21:38,150.25,1000028
2021-06-23 09:21:39,150.25,1000579
2021-06-23 09:21:40,150.2,1000633
2021-06-23 09:21:41,150.25,1000634
2021-06-23 09:21:43,150.25,1002182
2021-06-23 09:21:44,150.3,1002345
2021-06-23 09:21:45,150.3,1003148
2021-06-23 09:21:45,150.25,1003898
2021-06-23 09:21:47,150.2,1007425
2021-06-23 09:21:48,150.3,1008584
2021-06-23 09:21:49,150.2,1029538
2021-06-23 09:21:50,150.1,1030001
2021-06-23 09:21:52,150.1,1031151
2021-06-23 09:21:52,150.15,1031845
2021-06-23 09:21:53,150.2,1032238
2021-06-23 09:21:54,150.2,1032384
2021-06-23 09:21:55,150.1,1032486
2021-06-23 09:21:56,150.2,1032536
2021-06-23 09:21:57,150.05,1035566
2021-06-23 09:21:59,150.2,1037632
2021-06-23 09:22:00,150.05,1037787
2021-06-23 09:22:01,150.15,1038820
2021-06-23 09:22:02,150.1,1038995
2021-06-23 09:22:03,150.1,1039212
2021-06-23 09:22:04,150.1,1045319
2021-06-23 09:22:06,150.05,1047474
2021-06-23 09:22:07,150.1,1047855
2021-06-23 09:22:08,150.1,1052738
2021-06-23 09:22:08,150.1,1054293
2021-06-23 09:22:09,150.1,1054322
2021-06-23 09:22:10,150.1,1054323
2021-06-23 09:22:11,150.05,1054363
2021-06-23 09:22:12,150.05,1054363
2021-06-23 09:22:13,150.1,1056490
2021-06-23 09:22:14,150.1,1056842
2021-06-23 09:22:15,150.1,1057244
2021-06-23 09:22:16,150.1,1059844
2021-06-23 09:22:17,150.0,1088427
2021-06-23 09:22:18,150.0,1089195
2021-06-23 09:22:19,150.0,1091347
2021-06-23 09:22:20,149.85,1093343
2021-06-23 09:22:21,149.9,1093969
2021-06-23 09:22:22,150.0,1094843
2021-06-23 09:22:23,149.9,1095945
2021-06-23 09:22:24,150.0,1096058
2021-06-23 09:22:25,150.0,1096146
2021-06-23 09:22:26,150.0,1097131
2021-06-23 09:22:27,150.0,1097697
2021-06-23 09:22:28,150.0,1097758
2021-06-23 09:22:29,150.0,1098599
2021-06-23 09:22:31,150.0,1098691
2021-06-23 09:22:32,149.9,1099399
2021-06-23 09:22:33,150.0,1099409
2021-06-23 09:22:34,149.9,1099864
2021-06-23 09:22:35,149.85,1100510
2021-06-23 09:22:36,149.85,1101625
2021-06-23 09:22:37,149.85,1101685
2021-06-23 09:22:38,149.9,1101781
2021-06-23 09:22:39,149.85,1101932
2021-06-23 09:22:40,149.9,1102625
2021-06-23 09:22:41,149.85,1102934
2021-06-23 09:22:42,149.85,1103750
2021-06-23 09:22:43,149.85,1104359
2021-06-23 09:22:43,149.85,1104359
2021-06-23 09:22:45,149.85,1104641
2021-06-23 09:22:45,149.85,1104641
2021-06-23 09:22:47,149.85,1105529
2021-06-23 09:22:48,149.9,1105773
2021-06-23 09:22:49,149.85,1105917
2021-06-23 09:22:49,149.9,1105923
2021-06-23 09:22:51,149.9,1106578
2021-06-23 09:22:52,149.9,1107057
2021-06-23 09:22:53,149.8,1108457
2021-06-23 09:22:54,149.9,1111508
2021-06-23 09:22:55,149.9,1112392
2021-06-23 09:22:56,149.9,1112645
2021-06-23 09:22:56,149.9,1112645
2021-06-23 09:22:57,149.9,1114453
2021-06-23 09:22:59,149.85,1114917
2021-06-23 09:22:59,149.85,1114917
2021-06-23 09:23:00,149.8,1116457
2021-06-23 09:23:01,149.85,1116704
2021-06-23 09:23:02,149.85,1116764
2021-06-23 09:23:03,149.9,1117913
2021-06-23 09:23:04,149.85,1118592
2021-06-23 09:23:05,149.9,1118792
2021-06-23 09:23:06,149.9,1120192
2021-06-23 09:23:07,149.9,1121301
2021-06-23 09:23:08,149.9,1121317
2021-06-23 09:23:09,149.85,1121677
2021-06-23 09:23:10,149.85,1122377
2021-06-23 09:23:11,149.85,1122427
2021-06-23 09:23:12,149.85,1122427
2021-06-23 09:23:13,149.9,1124583
2021-06-23 09:23:15,150.0,1128238
2021-06-23 09:23:16,150.0,1128238
2021-06-23 09:23:17,150.0,1128245
2021-06-23 09:23:18,150.0,1129445
2021-06-23 09:23:20,149.9,1130105
2021-06-23 09:23:21,149.9,1130159
2021-06-23 09:23:22,149.9,1132306
2021-06-23 09:23:23,150.0,1132634
2021-06-23 09:23:24,150.0,1132670
2021-06-23 09:23:24,150.0,1132670
2021-06-23 09:23:26,150.0,1133981
2021-06-23 09:23:27,149.9,1136015
2021-06-23 09:23:27,149.9,1136625
2021-06-23 09:23:28,149.9,1137237
2021-06-23 09:23:29,150.0,1137449
2021-06-23 09:23:30,149.9,1141284
2021-06-23 09:23:31,150.0,1143335
2021-06-23 09:23:32,149.8,1163383
2021-06-23 09:23:33,149.8,1163720
2021-06-23 09:23:34,149.9,1163727
2021-06-23 09:23:35,149.9,1163865
2021-06-23 09:23:36,149.95,1164940
2021-06-23 09:23:37,149.95,1165140
2021-06-23 09:23:38,149.95,1165255
2021-06-23 09:23:39,149.85,1166655
2021-06-23 09:23:40,149.85,1166755
2021-06-23 09:23:41,149.9,1166865
2021-06-23 09:23:42,149.8,1169366
2021-06-23 09:23:43,149.9,1169752
2021-06-23 09:23:44,149.9,1169943
2021-06-23 09:23:45,149.9,1169979
2021-06-23 09:23:46,149.8,1169999
2021-06-23 09:23:47,149.8,1170010
2021-06-23 09:23:48,149.9,1170210
2021-06-23 09:23:49,149.8,1170315
2021-06-23 09:23:50,149.9,1170585
2021-06-23 09:23:51,149.9,1170685
2021-06-23 09:23:53,149.9,1171387
2021-06-23 09:23:54,149.9,1172139
2021-06-23 09:23:55,149.9,1173155
2021-06-23 09:23:56,149.9,1176815
2021-06-23 09:23:57,149.9,1176815
2021-06-23 09:23:58,149.85,1176967
2021-06-23 09:23:59,149.8,1179247
2021-06-23 09:24:00,149.8,1179247
2021-06-23 09:24:01,149.9,1179803
2021-06-23 09:24:02,149.9,1179803
2021-06-23 09:24:03,149.8,1179902
2021-06-23 09:24:04,149.8,1180229
2021-06-23 09:24:04,149.8,1180229
2021-06-23 09:24:07,149.85,1180759
2021-06-23 09:24:07,149.85,1180768
2021-06-23 09:24:09,149.85,1180968
2021-06-23 09:24:12,149.85,1186712
2021-06-23 09:24:13,149.9,1190530
2021-06-23 09:24:15,149.9,1191473
2021-06-23 09:24:16,149.9,1191620
2021-06-23 09:24:17,149.9,1191659
2021-06-23 09:24:17,149.9,1191655
2021-06-23 09:24:20,149.85,1191956
2021-06-23 09:24:21,149.85,1194280
2021-06-23 09:24:22,150.0,1236090
2021-06-23 09:24:22,150.0,1236164
2021-06-23 09:24:23,150.0,1241315
2021-06-23 09:24:24,149.95,1245415
2021-06-23 09:24:25,149.95,1245415
2021-06-23 09:24:27,150.1,1245452
2021-06-23 09:24:28,150.0,1246310
2021-06-23 09:24:29,150.1,1246330
2021-06-23 09:24:30,150.0,1251360
2021-06-23 09:24:31,150.0,1251401
2021-06-23 09:24:32,150.0,1251537
2021-06-23 09:24:33,150.0,1251573
2021-06-23 09:24:34,150.1,1251695
2021-06-23 09:24:35,150.0,1251744
2021-06-23 09:24:36,150.0,1255180
2021-06-23 09:24:36,150.1,1255130
2021-06-23 09:24:37,150.15,1270298
2021-06-23 09:24:38,150.15,1271815
2021-06-23 09:24:40,150.1,1274206
2021-06-23 09:24:41,150.1,1274372
2021-06-23 09:24:43,150.1,1275539
2021-06-23 09:24:44,150.1,1275541
2021-06-23 09:24:45,150.05,1275947
2021-06-23 09:24:46,150.1,1277077
2021-06-23 09:24:47,150.15,1280117
2021-06-23 09:24:48,150.15,1280556
2021-06-23 09:24:49,150.2,1281806
2021-06-23 09:24:50,150.2,1285006
2021-06-23 09:24:51,150.1,1286460
2021-06-23 09:24:52,150.1,1286630
2021-06-23 09:24:53,150.1,1287531
2021-06-23 09:24:54,150.2,1287639
2021-06-23 09:24:55,150.2,1287689
2021-06-23 09:24:56,150.2,1287803
2021-06-23 09:24:57,150.2,1289028
2021-06-23 09:24:59,150.2,1311024
2021-06-23 09:25:01,150.2,1311134
2021-06-23 09:25:02,150.2,1311909
2021-06-23 09:25:03,150.2,1312114
2021-06-23 09:25:03,150.2,1312215
2021-06-23 09:25:06,150.2,1314206
2021-06-23 09:25:07,150.3,1314619
2021-06-23 09:25:08,150.25,1316969
2021-06-23 09:25:08,150.3,1317469
2021-06-23 09:25:10,150.3,1318040
2021-06-23 09:25:11,150.25,1318160
2021-06-23 09:25:11,150.25,1318311
2021-06-23 09:25:12,150.25,1318402
2021-06-23 09:25:13,150.3,1319008
2021-06-23 09:25:14,150.25,1319514
2021-06-23 09:25:15,150.25,1319933
2021-06-23 09:25:16,150.3,1320285
2021-06-23 09:25:17,150.3,1325025
2021-06-23 09:25:18,150.3,1325041
2021-06-23 09:25:19,150.3,1325068
2021-06-23 09:25:20,150.3,1326742
2021-06-23 09:25:21,150.35,1329964
2021-06-23 09:25:22,150.35,1330276
2021-06-23 09:25:28,150.35,1337707
2021-06-23 09:25:32,150.35,1338639
2021-06-23 09:25:36,150.4,1341543
2021-06-23 09:25:45,150.45,1354396
2021-06-23 09:25:50,150.4,1356489
2021-06-23 09:25:54,150.45,1358934
2021-06-23 09:25:59,150.45,1362110
2021-06-23 09:26:03,150.35,1378459
2021-06-23 09:26:13,150.4,1384827
2021-06-23 09:26:17,150.4,1386227
2021-06-23 09:26:21,150.45,1386333
2021-06-23 09:26:26,150.4,1389381
2021-06-23 09:26:30,150.45,1414088
2021-06-23 09:26:35,150.4,1415423
2021-06-23 09:26:39,150.4,1421228
2021-06-23 09:26:43,150.4,1422159
2021-06-23 09:26:48,150.35,1427181
2021-06-23 09:26:52,150.4,1431776
2021-06-23 09:26:56,150.4,1432681
2021-06-23 09:27:01,150.4,1440569
2021-06-23 09:27:05,150.3,1442343
2021-06-23 09:27:10,150.35,1442594
2021-06-23 09:27:14,150.3,1461572
2021-06-23 09:27:19,150.2,1467822
2021-06-23 09:27:23,150.25,1468611
2021-06-23 09:27:28,150.2,1469418
2021-06-23 09:27:32,150.2,1471969
2021-06-23 09:27:37,150.2,1472550
2021-06-23 09:27:41,150.2,1473640
2021-06-23 09:27:45,150.2,1477924
2021-06-23 09:27:49,150.25,1478801
2021-06-23 09:27:54,150.25,1488364
2021-06-23 09:27:58,150.25,1488614
2021-06-23 09:28:02,150.35,1490047
2021-06-23 09:28:07,150.35,1490180
2021-06-23 09:28:11,150.35,1491566
2021-06-23 09:28:15,150.3,1499305
2021-06-23 09:28:20,150.3,1499746
2021-06-23 09:28:24,150.35,1511209
2021-06-23 09:28:28,150.35,1512035
2021-06-23 09:28:33,150.35,1514432
2021-06-23 09:28:37,150.35,1515922
2021-06-23 09:28:41,150.35,1516779
2021-06-23 09:28:45,150.3,1517617
2021-06-23 09:28:49,150.35,1519151
2021-06-23 09:28:54,150.3,1523980
2021-06-23 09:28:59,150.3,1525925
2021-06-23 09:29:03,150.35,1526671
2021-06-23 09:29:08,150.35,1528389
2021-06-23 09:29:12,150.35,1529128
2021-06-23 09:29:17,150.3,1530912
2021-06-23 09:29:21,150.15,1549335
2021-06-23 09:29:26,150.05,1551797
2021-06-23 09:29:30,150.15,1552558
2021-06-23 09:29:34,150.05,1553139
2021-06-23 09:29:39,150.1,1554660
2021-06-23 09:29:43,149.9,1571112
2021-06-23 09:29:51,149.9,1572359
2021-06-23 09:29:55,150.0,1574105
2021-06-23 09:30:00,149.95,1575308
2021-06-23 09:30:04,150.0,1575502
2021-06-23 09:30:08,150.1,1580220
2021-06-23 09:30:13,150.1,1580892
2021-06-23 09:30:17,150.05,1582329
2021-06-23 09:30:22,149.95,1582612
2021-06-23 09:30:26,149.95,1589170
2021-06-23 09:30:31,149.95,1605645
2021-06-23 09:30:35,149.95,1607092
2021-06-23 09:30:40,150.0,1612712
2021-06-23 09:30:44,149.95,1613655
2021-06-23 09:30:48,149.95,1615330
2021-06-23 09:30:53,150.0,1616274
2021-06-23 09:30:57,149.9,1616891
2021-06-23 09:31:01,149.9,1620427
2021-06-23 09:31:10,149.9,1623301
2021-06-23 09:31:14,149.85,1648986
2021-06-23 09:31:19,149.85,1653255
2021-06-23 09:31:24,149.8,1655148
2021-06-23 09:31:28,149.85,1656567
2021-06-23 09:31:37,149.85,1660022
2021-06-23 09:31:42,149.8,1668898
2021-06-23 09:31:46,149.8,1670515
2021-06-23 09:31:51,149.8,1673299
2021-06-23 09:31:55,149.8,1674070
2021-06-23 09:31:59,149.8,1702790
2021-06-23 09:32:04,149.9,1706060
2021-06-23 09:32:08,149.9,1708156
2021-06-23 09:32:12,150.0,1709486
2021-06-23 09:32:17,149.9,1711536
2021-06-23 09:32:21,149.95,1711990
2021-06-23 09:32:26,149.9,1737580
2021-06-23 09:32:30,149.95,1739238
2021-06-23 09:32:34,150.0,1767877
2021-06-23 09:32:38,150.0,1772258
2021-06-23 09:32:43,150.05,1775599
2021-06-23 09:32:47,150.0,1776861
2021-06-23 09:32:51,150.1,1778367
2021-06-23 09:32:56,150.1,1780113
2021-06-23 09:33:00,150.0,1800878
2021-06-23 09:33:04,150.05,1801258
2021-06-23 09:33:08,150.05,1802915
2021-06-23 09:33:12,150.0,1815898
2021-06-23 09:33:16,149.85,1816989
2021-06-23 09:33:21,149.95,1817184
2021-06-23 09:33:25,149.9,1817264
2021-06-23 09:33:29,149.85,1819380
2021-06-23 09:33:38,149.85,1821862
2021-06-23 09:33:42,149.85,1822340
2021-06-23 09:33:46,149.9,1823731
2021-06-23 09:33:50,149.8,1824002
2021-06-23 09:33:55,149.95,1826105
2021-06-23 09:33:59,149.95,1827508
2021-06-23 09:34:03,149.95,1827919
2021-06-23 09:34:07,149.9,1828460
2021-06-23 09:34:12,149.9,1829554
2021-06-23 09:34:16,149.9,1830613
2021-06-23 09:34:21,149.9,1830859
2021-06-23 09:34:25,149.85,1831198
2021-06-23 09:34:29,149.9,1831885
2021-06-23 09:34:34,149.85,1832264
2021-06-23 09:34:38,149.9,1834914
2021-06-23 09:34:42,149.9,1834959
2021-06-23 09:34:47,149.85,1836139
2021-06-23 09:34:51,149.85,1838428
2021-06-23 09:34:55,149.9,1839256
2021-06-23 09:34:59,149.85,1844559
2021-06-23 09:35:04,149.85,1846064
2021-06-23 09:35:08,149.9,1851412
2021-06-23 09:35:12,149.85,1864301
2021-06-23 09:35:17,149.85,1873827
2021-06-23 09:35:21,149.85,1874320
2021-06-23 09:35:23,149.85,1874327
2021-06-23 09:35:24,149.85,1874327
2021-06-23 09:35:25,149.85,1874339
2021-06-23 09:35:26,149.85,1874754
2021-06-23 09:35:27,149.9,1875806
2021-06-23 09:35:28,149.9,1875806
2021-06-23 09:35:29,149.8,1876489
2021-06-23 09:35:30,149.8,1876849
2021-06-23 09:35:31,149.9,1876899
2021-06-23 09:35:32,149.9,1876899
2021-06-23 09:35:33,149.85,1877049
2021-06-23 09:35:34,149.85,1877415
2021-06-23 09:35:35,149.85,1878010
2021-06-23 09:35:36,149.9,1878110
2021-06-23 09:35:37,149.85,1878210
2021-06-23 09:35:38,149.85,1878360
2021-06-23 09:35:39,149.85,1878410
2021-06-23 09:35:41,149.9,1878431
2021-06-23 09:35:42,149.9,1878466
2021-06-23 09:35:43,149.9,1878479
2021-06-23 09:35:43,149.9,1878979
2021-06-23 09:35:44,149.85,1879132
2021-06-23 09:35:45,149.85,1879457
2021-06-23 09:35:46,149.95,1882968
2021-06-23 09:35:47,150.0,1883273
2021-06-23 09:35:48,149.9,1883823
2021-06-23 09:35:50,150.0,1883859
2021-06-23 09:35:51,150.0,1883959
2021-06-23 09:35:51,149.9,1884259
2021-06-23 09:35:53,149.9,1884265
2021-06-23 09:35:53,149.9,1884268
2021-06-23 09:35:55,150.0,1884677
2021-06-23 09:35:56,150.0,1884777
2021-06-23 09:35:57,150.0,1884880
2021-06-23 09:35:58,150.0,1884885
2021-06-23 09:35:59,150.0,1886604
2021-06-23 09:36:00,150.0,1886716
2021-06-23 09:36:01,150.0,1886716
2021-06-23 09:36:02,150.0,1886716
2021-06-23 09:36:03,150.0,1886916
2021-06-23 09:36:04,150.0,1886919
2021-06-23 09:36:05,149.95,1889744
2021-06-23 09:36:06,150.0,1889745
2021-06-23 09:36:08,150.0,1889745
2021-06-23 09:36:09,149.95,1890311
2021-06-23 09:36:10,150.0,1891531
2021-06-23 09:36:11,149.95,1891583
2021-06-23 09:36:12,150.0,1891627
2021-06-23 09:36:13,150.0,1892658
2021-06-23 09:36:14,150.0,1893158
2021-06-23 09:36:15,150.0,1893174
2021-06-23 09:36:16,150.0,1893274
2021-06-23 09:36:17,149.95,1897474
2021-06-23 09:36:18,150.0,1911873
2021-06-23 09:36:20,149.9,1912485
2021-06-23 09:36:21,149.95,1913486
2021-06-23 09:36:22,149.95,1913486
2021-06-23 09:36:23,149.9,1913587
2021-06-23 09:36:24,149.9,1913587
2021-06-23 09:36:26,149.95,1913824
2021-06-23 09:36:27,149.95,1913949
2021-06-23 09:36:28,149.95,1913953
2021-06-23 09:36:29,149.95,1914439
2021-06-23 09:36:30,149.95,1914464
2021-06-23 09:36:31,149.95,1914474
2021-06-23 09:36:32,149.95,1914474
2021-06-23 09:36:33,149.9,1914604
2021-06-23 09:36:34,149.9,1914604
2021-06-23 09:36:35,149.9,1915028
2021-06-23 09:36:36,149.9,1915099
2021-06-23 09:36:37,149.9,1915099
2021-06-23 09:36:38,149.9,1915205
2021-06-23 09:36:39,149.9,1915406
2021-06-23 09:36:40,149.85,1915573
2021-06-23 09:36:41,149.9,1915574
2021-06-23 09:36:42,149.9,1915574
2021-06-23 09:36:43,149.9,1915574
2021-06-23 09:36:44,149.9,1915574
2021-06-23 09:36:45,149.9,1916091
2021-06-23 09:36:46,149.9,1916091
2021-06-23 09:36:47,149.9,1916101
2021-06-23 09:36:48,149.9,1916102
2021-06-23 09:36:49,149.9,1916102
2021-06-23 09:36:51,150.0,1921903
2021-06-23 09:36:52,149.9,1921904
2021-06-23 09:36:53,149.9,1922004
2021-06-23 09:36:54,149.9,1922004
2021-06-23 09:36:55,149.95,1922031
2021-06-23 09:36:56,149.95,1922031
2021-06-23 09:36:57,150.0,1922041
2021-06-23 09:36:58,150.0,1922041
2021-06-23 09:36:59,150.0,1922056
2021-06-23 09:37:00,150.0,1922056
2021-06-23 09:37:01,149.95,1922081
2021-06-23 09:37:02,150.0,1922256
2021-06-23 09:37:03,150.0,1922356
2021-06-23 09:37:04,149.95,1922585
2021-06-23 09:37:06,150.0,1922742
2021-06-23 09:37:07,150.0,1922743
2021-06-23 09:37:08,150.0,1922743
2021-06-23 09:37:09,150.0,1961812
2021-06-23 09:37:10,150.0,1961812
2021-06-23 09:37:11,150.05,1961814
2021-06-23 09:37:12,150.05,1962250
2021-06-23 09:37:13,150.05,1962400
2021-06-23 09:37:14,150.0,1994896
2021-06-23 09:37:15,150.1,1999217
2021-06-23 09:37:15,150.1,1999217
2021-06-23 09:37:16,150.1,1999217
2021-06-23 09:37:17,150.1,1999267
2021-06-23 09:37:18,150.1,1999287
2021-06-23 09:37:19,150.1,1999289
2021-06-23 09:37:20,150.05,1999415
2021-06-23 09:37:21,150.05,2000435
2021-06-23 09:37:22,150.05,2000822
2021-06-23 09:37:23,150.1,2001118
2021-06-23 09:37:24,150.05,2001218
2021-06-23 09:37:25,150.05,2001218
2021-06-23 09:37:26,150.1,2001444
2021-06-23 09:37:27,150.05,2001594
2021-06-23 09:37:28,150.05,2001680
2021-06-23 09:37:29,150.05,2002080
2021-06-23 09:37:30,150.05,2002181
2021-06-23 09:37:31,150.1,2002199
2021-06-23 09:37:32,150.1,2002549
2021-06-23 09:37:33,150.1,2002550
2021-06-23 09:37:34,150.1,2004250
2021-06-23 09:37:35,150.05,2005270
2021-06-23 09:37:36,150.05,2005270
2021-06-23 09:37:37,150.05,2005270
2021-06-23 09:37:39,150.1,2007077
2021-06-23 09:37:40,150.1,2007077
2021-06-23 09:37:41,150.1,2007277
2021-06-23 09:37:42,150.05,2008283
2021-06-23 09:37:43,150.05,2011989
2021-06-23 09:37:44,150.05,2012109
2021-06-23 09:37:44,150.05,2012109
2021-06-23 09:37:45,150.05,2012109
2021-06-23 09:37:47,150.05,2012159
2021-06-23 09:37:49,150.05,2012163
2021-06-23 09:37:50,150.05,2012363
2021-06-23 09:37:52,150.05,2013152
2021-06-23 09:37:53,150.05,2013152
2021-06-23 09:37:54,150.1,2015203
2021-06-23 09:37:57,150.05,2015349
2021-06-23 09:37:58,150.05,2015350
2021-06-23 09:37:59,150.1,2015410
2021-06-23 09:38:00,150.05,2015521
2021-06-23 09:38:01,150.1,2015525
2021-06-23 09:38:03,150.05,2016474
2021-06-23 09:38:04,150.1,2016535
2021-06-23 09:38:05,150.05,2016837
2021-06-23 09:38:06,150.05,2020019
2021-06-23 09:38:07,150.05,2020222
2021-06-23 09:38:08,150.1,2020954
2021-06-23 09:38:09,150.05,2021054
2021-06-23 09:38:10,150.05,2025254
2021-06-23 09:38:11,150.05,2025254
2021-06-23 09:38:12,150.05,2025260
2021-06-23 09:38:13,150.05,2025260
2021-06-23 09:38:15,150.05,2025996
2021-06-23 09:38:16,150.05,2026007
2021-06-23 09:38:17,150.1,2027007
2021-06-23 09:38:18,150.1,2027009
2021-06-23 09:38:19,150.1,2027009
2021-06-23 09:38:20,150.1,2027009
2021-06-23 09:38:21,150.1,2027216
2021-06-23 09:38:22,150.05,2027518
2021-06-23 09:38:23,150.1,2028168
2021-06-23 09:38:24,150.1,2028219
2021-06-23 09:38:25,150.05,2032494
2021-06-23 09:38:26,150.05,2032576
2021-06-23 09:38:27,150.05,2032626
2021-06-23 09:38:29,150.15,2047268
2021-06-23 09:38:30,150.1,2047568
2021-06-23 09:38:31,150.1,2047588
2021-06-23 09:38:32,150.1,2047603
2021-06-23 09:38:33,150.05,2047733
2021-06-23 09:38:34,150.1,2047835
2021-06-23 09:38:35,150.1,2047958
2021-06-23 09:38:36,150.1,2047958
2021-06-23 09:38:37,150.1,2047958
2021-06-23 09:38:38,150.15,2047959
2021-06-23 09:38:39,150.1,2047961
2021-06-23 09:38:40,150.2,2049164
2021-06-23 09:38:41,150.2,2049164
2021-06-23 09:38:42,150.2,2050620
2021-06-23 09:38:43,150.1,2050868
2021-06-23 09:38:44,150.2,2051085
2021-06-23 09:38:45,150.2,2055285
2021-06-23 09:38:46,150.1,2055685
2021-06-23 09:38:48,150.2,2055995
2021-06-23 09:38:49,150.1,2056349
2021-06-23 09:38:50,150.15,2056540
2021-06-23 09:38:51,150.15,2056601
2021-06-23 09:38:52,150.15,2056611
2021-06-23 09:38:53,150.15,2056631
2021-06-23 09:38:54,150.15,2056732
2021-06-23 09:38:55,150.15,2057873
2021-06-23 09:38:57,150.15,2058200
2021-06-23 09:38:58,150.15,2058290
2021-06-23 09:38:59,150.15,2058290
2021-06-23 09:39:00,150.15,2058361
2021-06-23 09:39:01,150.15,2061482
2021-06-23 09:39:02,150.1,2061499
2021-06-23 09:39:04,150.1,2065999
2021-06-23 09:39:03,150.1,2065999
2021-06-23 09:39:05,150.1,2067349
2021-06-23 09:39:06,150.15,2068322
2021-06-23 09:39:07,150.15,2068330
2021-06-23 09:39:08,150.15,2068341
2021-06-23 09:39:09,150.15,2068657
2021-06-23 09:39:10,150.1,2068777
2021-06-23 09:39:11,150.1,2068842
2021-06-23 09:39:12,150.15,2070137
2021-06-23 09:39:13,150.2,2070147
2021-06-23 09:39:14,150.15,2070207
2021-06-23 09:39:15,150.15,2070207
2021-06-23 09:39:16,150.15,2070207
2021-06-23 09:39:17,150.2,2070217
2021-06-23 09:39:18,150.15,2070517
2021-06-23 09:39:19,150.2,2070537
2021-06-23 09:39:20,150.2,2070537
2021-06-23 09:39:21,150.2,2072170
2021-06-23 09:39:22,150.15,2072420
2021-06-23 09:39:23,150.2,2072920
2021-06-23 09:39:24,150.2,2072920
2021-06-23 09:39:26,150.2,2073030
2021-06-23 09:39:27,150.2,2073030
2021-06-23 09:39:28,150.2,2073409
2021-06-23 09:39:29,150.15,2073419
2021-06-23 09:39:30,150.2,2077737
2021-06-23 09:39:31,150.25,2079062
2021-06-23 09:39:32,150.3,2079105
2021-06-23 09:39:33,150.2,2080105
2021-06-23 09:39:34,150.15,2084305
2021-06-23 09:39:35,150.2,2084325
2021-06-23 09:39:36,150.2,2084336
2021-06-23 09:39:37,150.25,2084660
2021-06-23 09:39:38,150.2,2084860
2021-06-23 09:39:39,150.2,2084860
2021-06-23 09:39:40,150.25,2084885
2021-06-23 09:39:41,150.25,2085533
2021-06-23 09:39:42,150.3,2086434
2021-06-23 09:39:43,150.3,2086534
2021-06-23 09:39:44,150.3,2087274
2021-06-23 09:39:45,150.3,2087311
2021-06-23 09:39:46,150.25,2087349
2021-06-23 09:39:47,150.3,2087435
2021-06-23 09:39:48,150.3,2087460
2021-06-23 09:39:49,150.3,2087572
2021-06-23 09:39:50,150.3,2087623
2021-06-23 09:39:51,150.3,2088795
2021-06-23 09:39:52,150.3,2101434
2021-06-23 09:39:55,150.25,2108381
2021-06-23 09:39:55,150.25,2108381
2021-06-23 09:39:56,150.35,2108411
2021-06-23 09:39:57,150.35,2108411
2021-06-23 09:39:58,150.35,2108411
2021-06-23 09:39:59,150.35,2109247
2021-06-23 09:40:00,150.3,2109299
2021-06-23 09:40:01,150.35,2109372
2021-06-23 09:40:02,150.3,2109939
2021-06-23 09:40:03,150.3,2110317
2021-06-23 09:40:04,150.35,2110417
2021-06-23 09:40:05,150.35,2110747
2021-06-23 09:40:06,150.25,2115418
2021-06-23 09:40:07,150.3,2115579
2021-06-23 09:40:08,150.3,2119429
2021-06-23 09:40:09,150.3,2119491
2021-06-23 09:40:10,150.25,2119556
2021-06-23 09:40:11,150.25,2121966
2021-06-23 09:40:12,150.3,2122810
2021-06-23 09:40:13,150.3,2123348
2021-06-23 09:40:14,150.3,2123428
2021-06-23 09:40:15,150.3,2123756
2021-06-23 09:40:16,150.1,2138892
2021-06-23 09:40:17,150.1,2138903
2021-06-23 09:40:18,150.1,2138938
2021-06-23 09:40:19,150.1,2140451
2021-06-23 09:40:20,150.1,2140451
2021-06-23 09:40:21,150.05,2143159
2021-06-23 09:40:22,150.05,2143159
2021-06-23 09:40:23,150.1,2143695
2021-06-23 09:40:25,150.2,2156812
2021-06-23 09:40:29,150.25,2157196
2021-06-23 09:40:33,150.25,2157929
2021-06-23 09:40:37,150.15,2167475
2021-06-23 09:40:41,150.15,2172616
2021-06-23 09:40:45,150.15,2172693
2021-06-23 09:40:48,150.15,2173518
2021-06-23 09:40:52,150.2,2174541
2021-06-23 09:40:56,150.15,2176041
2021-06-23 09:40:59,150.15,2176262
2021-06-23 09:41:03,150.1,2185840
2021-06-23 09:41:07,150.0,2193439
2021-06-23 09:41:11,150.1,2194969
2021-06-23 09:41:14,150.1,2195313
2021-06-23 09:41:18,150.1,2195760
2021-06-23 09:41:22,150.1,2196296
2021-06-23 09:41:26,150.15,2199909
2021-06-23 09:41:30,150.2,2200933
2021-06-23 09:41:34,150.2,2201113
2021-06-23 09:41:38,150.2,2203388
2021-06-23 09:41:42,150.15,2203614
2021-06-23 09:41:45,150.2,2204062
2021-06-23 09:41:49,150.15,2206032
2021-06-23 09:41:56,150.2,2209770
2021-06-23 09:42:00,150.15,2211198
2021-06-23 09:42:04,150.15,2212788
2021-06-23 09:42:08,150.15,2213048
2021-06-23 09:42:12,150.15,2213411
2021-06-23 09:42:16,150.2,2214891
2021-06-23 09:42:20,150.2,2216206
2021-06-23 09:42:27,150.15,2218182
2021-06-23 09:42:31,150.2,2218417
2021-06-23 09:42:35,150.15,2218905
2021-06-23 09:42:38,150.15,2219217
2021-06-23 09:42:43,150.2,2219485
2021-06-23 09:42:47,150.05,2228233
2021-06-23 09:42:54,150.05,2228429
2021-06-23 09:42:58,150.15,2229596
2021-06-23 09:43:01,150.1,2230161
2021-06-23 09:43:05,150.05,2232192
2021-06-23 09:43:09,150.1,2233854
2021-06-23 09:43:13,150.1,2235354
2021-06-23 09:43:16,150.1,2235412
2021-06-23 09:43:20,150.1,2235766
2021-06-23 09:43:24,150.1,2236253
2021-06-23 09:43:27,150.05,2256915
2021-06-23 09:43:31,150.0,2258688
2021-06-23 09:43:35,150.1,2263023
2021-06-23 09:43:47,150.1,2265365
2021-06-23 09:43:51,150.1,2265406
2021-06-23 09:43:55,150.1,2265535
2021-06-23 09:43:58,150.1,2265535
2021-06-23 09:44:02,150.1,2266488
2021-06-23 09:44:06,150.1,2268474
2021-06-23 09:44:10,150.1,2268583
2021-06-23 09:44:14,150.0,2268631
2021-06-23 09:44:17,150.1,2268896
2021-06-23 09:44:24,150.05,2269811
2021-06-23 09:44:28,150.05,2270061
2021-06-23 09:44:32,150.1,2271072
2021-06-23 09:44:35,150.1,2271155
2021-06-23 09:44:39,150.1,2272967
2021-06-23 09:44:43,150.1,2273155
2021-06-23 09:44:47,150.0,2281611
2021-06-23 09:44:51,150.1,2282730
2021-06-23 09:44:55,150.05,2284362
2021-06-23 09:44:59,150.0,2286647
2021-06-23 09:45:03,150.0,2290864
2021-06-23 09:45:07,150.0,2291796
2021-06-23 09:45:11,150.0,2293014
2021-06-23 09:45:15,150.0,2302375
2021-06-23 09:45:20,149.9,2304453
2021-06-23 09:45:24,149.9,2305151
2021-06-23 09:45:28,149.95,2305703
2021-06-23 09:45:33,150.0,2306700
2021-06-23 09:45:37,150.0,2306795
2021-06-23 09:45:41,150.0,2307085
2021-06-23 09:45:45,149.95,2308542
2021-06-23 09:45:49,149.9,2312923
2021-06-23 09:45:53,149.9,2313685
2021-06-23 09:45:57,149.9,2313890
2021-06-23 09:46:00,149.95,2314005
2021-06-23 09:46:04,149.95,2316734
2021-06-23 09:46:08,149.95,2317237
2021-06-23 09:46:12,149.9,2329144
2021-06-23 09:46:15,149.9,2331509
2021-06-23 09:46:19,149.9,2331534
2021-06-23 09:46:23,149.95,2332779
2021-06-23 09:46:27,149.95,2339335
2021-06-23 09:46:31,149.9,2391352
2021-06-23 09:46:35,149.9,2391636
2021-06-23 09:46:38,149.9,2393967
2021-06-23 09:46:42,149.9,2394735
2021-06-23 09:46:46,149.9,2394851
2021-06-23 09:46:50,149.85,2395405
2021-06-23 09:46:53,149.9,2396005
2021-06-23 09:46:57,149.9,2397438
2021-06-23 09:47:01,149.9,2399368
2021-06-23 09:47:05,149.95,2407615
2021-06-23 09:47:09,149.95,2407793
2021-06-23 09:47:13,149.9,2408098
2021-06-23 09:47:17,149.85,2408132
2021-06-23 09:47:20,149.9,2408155
2021-06-23 09:47:24,149.95,2412875
2021-06-23 09:47:27,149.95,2412882
2021-06-23 09:47:31,149.9,2413132
2021-06-23 09:47:35,149.9,2414253
2021-06-23 09:47:39,149.85,2414778
2021-06-23 09:47:43,149.9,2415347
2021-06-23 09:47:47,149.95,2416415
2021-06-23 09:47:51,149.95,2417682
2021-06-23 09:47:54,149.95,2417686
2021-06-23 09:47:58,149.9,2417799
2021-06-23 09:48:02,149.9,2417959
2021-06-23 09:48:06,149.9,2418264
2021-06-23 09:48:10,149.95,2418474
2021-06-23 09:48:13,149.9,2421432
2021-06-23 09:48:17,149.9,2426335
2021-06-23 09:48:21,149.9,2427005
2021-06-23 09:48:24,150.0,2427423
2021-06-23 09:48:29,150.0,2427510
2021-06-23 09:48:32,149.95,2428145
2021-06-23 09:48:36,149.95,2428401
2021-06-23 09:48:40,149.9,2428833
2021-06-23 09:48:43,150.0,2429514
2021-06-23 09:48:47,150.0,2429653
2021-06-23 09:48:51,149.9,2429654
2021-06-23 09:48:55,149.95,2429875
2021-06-23 09:48:59,149.95,2429930
2021-06-23 09:49:03,150.0,2429934
2021-06-23 09:49:06,149.95,2431585
2021-06-23 09:49:09,150.0,2433222
2021-06-23 09:49:13,150.0,2433913
2021-06-23 09:49:16,150.0,2434033
2021-06-23 09:49:19,150.0,2434257
2021-06-23 09:49:23,150.0,2438800
2021-06-23 09:49:27,149.95,2444389
2021-06-23 09:49:31,150.0,2445546
2021-06-23 09:49:35,149.95,2451570
2021-06-23 09:49:39,149.95,2452070
2021-06-23 09:49:42,149.95,2456676
2021-06-23 09:49:45,149.9,2456807
2021-06-23 09:49:49,150.0,2457313
2021-06-23 09:49:53,150.0,2457685
2021-06-23 09:49:57,150.0,2457961
2021-06-23 09:50:00,149.85,2464195
2021-06-23 09:50:04,149.95,2465046
2021-06-23 09:50:08,149.9,2487678
2021-06-23 09:50:11,149.9,2488052
2021-06-23 09:50:15,149.8,2488403
2021-06-23 09:50:18,149.9,2488954
2021-06-23 09:50:22,149.95,2493962
2021-06-23 09:50:26,149.95,2494015
2021-06-23 09:50:30,149.9,2494281
2021-06-23 09:50:34,149.95,2494610
2021-06-23 09:50:37,149.9,2495046
2021-06-23 09:50:40,149.9,2495046
2021-06-23 09:50:44,149.95,2495161
2021-06-23 09:50:47,149.9,2495463
2021-06-23 09:50:51,149.95,2495839
2021-06-23 09:50:58,149.9,2497648
2021-06-23 09:51:01,149.9,2497723
2021-06-23 09:51:05,149.85,2498273
2021-06-23 09:51:08,149.9,2505791
2021-06-23 09:51:12,149.95,2513590
2021-06-23 09:51:19,149.9,2513813
2021-06-23 09:51:22,149.9,2514132
2021-06-23 09:51:25,149.9,2514172
2021-06-23 09:51:28,149.9,2514343
2021-06-23 09:51:32,149.95,2514415
2021-06-23 09:51:35,149.95,2514869
2021-06-23 09:51:39,149.9,2515069
2021-06-23 09:51:42,149.9,2515458
2021-06-23 09:51:46,149.85,2515844
2021-06-23 09:51:49,149.9,2516370
2021-06-23 09:51:53,149.95,2516391
2021-06-23 09:51:56,149.95,2517234
2021-06-23 09:51:59,149.95,2518022
2021-06-23 09:52:03,149.85,2522316
2021-06-23 09:52:07,149.9,2524113
2021-06-23 09:52:10,149.8,2524129
2021-06-23 09:52:14,149.9,2524204
2021-06-23 09:52:18,149.85,2524246
2021-06-23 09:52:22,149.85,2524400
2021-06-23 09:52:25,149.9,2524401
2021-06-23 09:52:29,149.85,2524616
2021-06-23 09:52:32,149.9,2525383
2021-06-23 09:52:35,149.85,2525581
2021-06-23 09:52:39,149.85,2526491
2021-06-23 09:52:43,149.8,2578253
2021-06-23 09:52:47,149.8,2579908
2021-06-23 09:52:50,149.8,2580281
2021-06-23 09:52:54,149.9,2586656
2021-06-23 09:52:58,149.8,2591458
2021-06-23 09:53:02,149.9,2592990
2021-06-23 09:53:06,149.9,2593078
2021-06-23 09:53:10,149.85,2596103
2021-06-23 09:53:14,149.85,2596123
2021-06-23 09:53:18,149.85,2598324
2021-06-23 09:53:21,149.75,2598433
2021-06-23 09:53:25,149.8,2599251
2021-06-23 09:53:32,149.75,2603038
2021-06-23 09:53:35,149.75,2603089
2021-06-23 09:53:39,149.75,2603273
2021-06-23 09:53:43,149.75,2603496
2021-06-23 09:53:47,149.65,2605490
2021-06-23 09:53:50,149.7,2608813
2021-06-23 09:53:54,149.7,2611766
2021-06-23 09:53:58,149.65,2611966
2021-06-23 09:54:02,149.6,2620726
2021-06-23 09:54:06,149.6,2622322
2021-06-23 09:54:10,149.55,2629049
2021-06-23 09:54:13,149.6,2634156
2021-06-23 09:54:17,149.6,2635869
2021-06-23 09:54:21,149.6,2636352
2021-06-23 09:54:24,149.55,2637754
2021-06-23 09:54:28,149.55,2637831
2021-06-23 09:54:32,149.55,2639598
2021-06-23 09:54:36,149.45,2675016
2021-06-23 09:54:40,149.45,2675383
2021-06-23 09:54:44,149.45,2677371
2021-06-23 09:54:48,149.5,2679860
2021-06-23 09:54:52,149.5,2681064
2021-06-23 09:54:59,149.5,2696162
2021-06-23 09:55:03,149.45,2696662
2021-06-23 09:55:07,149.4,2697893
2021-06-23 09:55:11,149.5,2699136
2021-06-23 09:55:14,149.45,2701090
2021-06-23 09:55:18,149.4,2703483
2021-06-23 09:55:22,149.4,2706574
2021-06-23 09:55:26,149.5,2714755
2021-06-23 09:55:29,149.45,2715016
2021-06-23 09:55:33,149.45,2715988
2021-06-23 09:55:37,149.55,2739316
2021-06-23 09:55:41,149.6,2739816
2021-06-23 09:55:45,149.55,2740023
2021-06-23 09:55:48,149.5,2741231
2021-06-23 09:55:52,149.6,2742563
2021-06-23 09:55:56,149.5,2743363
2021-06-23 09:56:01,149.5,2745150
2021-06-23 09:56:05,149.55,2746909
2021-06-23 09:56:09,149.55,2747015
2021-06-23 09:56:12,149.45,2747037
2021-06-23 09:56:20,149.5,2747992
2021-06-23 09:56:24,149.5,2756693
2021-06-23 09:56:27,149.4,2759713
2021-06-23 09:56:31,149.4,2791758
2021-06-23 09:56:35,149.45,2795238
2021-06-23 09:56:40,149.45,2797291
2021-06-23 09:56:48,149.4,2798213
2021-06-23 09:56:52,149.4,2798448
2021-06-23 09:56:55,149.4,2801499
2021-06-23 09:56:59,149.35,2804699
2021-06-23 09:57:03,149.4,2805255
2021-06-23 09:57:07,149.4,2805437
2021-06-23 09:57:15,149.45,2809020
2021-06-23 09:57:19,149.4,2809331
2021-06-23 09:57:27,149.45,2811255
2021-06-23 09:57:31,149.3,2814114
2021-06-23 09:57:35,149.3,2814566
2021-06-23 09:57:39,149.45,2822626
2021-06-23 09:57:43,149.45,2837373
2021-06-23 09:57:46,149.5,2837491
2021-06-23 09:57:50,149.5,2837534
2021-06-23 09:57:53,149.45,2837791
2021-06-23 09:57:57,149.45,2838252
2021-06-23 09:58:00,149.5,2838592
2021-06-23 09:58:04,149.3,2848527
2021-06-23 09:58:08,149.4,2848570
2021-06-23 09:58:11,149.3,2848726
2021-06-23 09:58:15,149.4,2849081
2021-06-23 09:58:18,149.4,2850863
2021-06-23 09:58:22,149.4,2855358
2021-06-23 09:58:30,149.4,2856668
2021-06-23 09:58:34,149.35,2857596
2021-06-23 09:58:38,149.4,2861327
2021-06-23 09:58:41,149.4,2861593
2021-06-23 09:58:45,149.4,2863907
2021-06-23 09:58:48,149.35,2864254
2021-06-23 09:58:52,149.3,2864754
2021-06-23 09:58:55,149.3,2864982
2021-06-23 09:58:58,149.3,2866181
2021-06-23 09:59:01,149.35,2867007
2021-06-23 09:59:05,149.35,2867028
2021-06-23 09:59:09,149.35,2868510
2021-06-23 09:59:13,149.4,2869221
2021-06-23 09:59:16,149.35,2869769
2021-06-23 09:59:20,149.3,2879408
2021-06-23 09:59:24,149.35,2879660
2021-06-23 09:59:27,149.35,2879967
2021-06-23 09:59:31,149.3,2880127
2021-06-23 09:59:34,149.35,2883332
2021-06-23 09:59:38,149.35,2883466
2021-06-23 09:59:41,149.3,2886579
2021-06-23 09:59:45,149.35,2889808
2021-06-23 09:59:48,149.35,2890067
2021-06-23 09:59:52,149.35,2890391
2021-06-23 09:59:55,149.35,2890495
2021-06-23 09:59:58,149.35,2890865
2021-06-23 10:00:02,149.35,2890914
2021-06-23 10:00:05,149.35,2891703
2021-06-23 10:00:09,149.35,2892056
2021-06-23 10:00:12,149.35,2892158
2021-06-23 10:00:16,149.35,2895362
2021-06-23 10:00:20,149.3,2896144
2021-06-23 10:00:24,149.3,2896735
2021-06-23 10:00:32,149.35,2900584
2021-06-23 10:00:38,149.3,2904987
2021-06-23 10:00:42,149.4,2905023
2021-06-23 10:00:46,149.35,2905281
2021-06-23 10:00:49,149.4,2910041
2021-06-23 10:00:52,149.35,2910111
2021-06-23 10:00:56,149.4,2914865
2021-06-23 10:00:59,149.35,2915181
2021-06-23 10:01:03,149.4,2915284
2021-06-23 10:01:06,149.45,2921791
2021-06-23 10:01:10,149.4,2922791
2021-06-23 10:01:14,149.45,2922885
2021-06-23 10:01:18,149.4,2923647
2021-06-23 10:01:21,149.5,2924205
2021-06-23 10:01:24,149.45,2924882
2021-06-23 10:01:27,149.4,2925097
2021-06-23 10:01:30,149.45,2925357
2021-06-23 10:01:33,149.4,2926974
2021-06-23 10:01:36,149.5,2927072
2021-06-23 10:01:39,149.45,2931422
2021-06-23 10:01:42,149.45,2932965
2021-06-23 10:01:46,149.45,2933090
2021-06-23 10:01:49,149.45,2933790
2021-06-23 10:01:52,149.45,2936036
2021-06-23 10:01:55,149.45,2938773
2021-06-23 10:01:59,149.55,2938998
2021-06-23 10:02:02,149.5,2939176
2021-06-23 10:02:05,149.45,2940200
2021-06-23 10:02:09,149.55,2941505
2021-06-23 10:02:12,149.55,2942335
2021-06-23 10:02:16,149.55,2942629
2021-06-23 10:02:19,149.5,2951625
2021-06-23 10:02:22,149.45,2961830
2021-06-23 10:02:26,149.5,2966452
2021-06-23 10:02:29,149.55,2966708
2021-06-23 10:02:33,149.45,2967208
2021-06-23 10:02:36,149.55,2968068
2021-06-23 10:02:39,149.5,2976821
2021-06-23 10:02:43,149.45,2976981
2021-06-23 10:02:46,149.5,2977167
2021-06-23 10:02:49,149.45,2977377
2021-06-23 10:02:52,149.45,2978472
2021-06-23 10:02:55,149.45,2978472
2021-06-23 10:02:59,149.45,2978772
2021-06-23 10:03:02,149.45,2985889
2021-06-23 10:03:05,149.45,2989449
2021-06-23 10:03:09,149.45,2989453
2021-06-23 10:03:12,149.45,2989542
2021-06-23 10:03:15,149.4,2989549
2021-06-23 10:03:19,149.45,2989790
2021-06-23 10:03:22,149.45,2989936
2021-06-23 10:03:26,149.45,2989936
2021-06-23 10:03:30,149.5,2990367
2021-06-23 10:03:33,149.45,2990438
2021-06-23 10:03:37,149.45,2990710
2021-06-23 10:03:40,149.5,2990713
2021-06-23 10:03:44,149.45,2995813
2021-06-23 10:03:47,149.5,2997014
2021-06-23 10:03:51,149.5,3005252
2021-06-23 10:03:54,149.5,3005355
2021-06-23 10:03:57,149.55,3005616
2021-06-23 10:04:04,149.55,3006117
2021-06-23 10:04:07,149.55,3008810
2021-06-23 10:04:10,149.55,3008812
2021-06-23 10:04:13,149.45,3009327
2021-06-23 10:04:16,149.45,3009327
2021-06-23 10:04:20,149.5,3009349
2021-06-23 10:04:23,149.55,3009402
2021-06-23 10:04:26,149.55,3009553
2021-06-23 10:04:30,149.45,3009716
2021-06-23 10:04:33,149.5,3010140
2021-06-23 10:04:37,149.55,3010418
2021-06-23 10:04:40,149.55,3010547
2021-06-23 10:04:44,149.55,3010753
2021-06-23 10:04:48,149.55,3013856
2021-06-23 10:04:51,149.5,3013878
2021-06-23 10:04:55,149.5,3017974
2021-06-23 10:04:58,149.45,3018028
2021-06-23 10:05:00,149.45,3018028
2021-06-23 10:05:04,149.5,3018247
2021-06-23 10:05:07,149.5,3018383
2021-06-23 10:05:12,149.45,3021122
2021-06-23 10:05:16,149.45,3021242
2021-06-23 10:05:19,149.4,3021456
2021-06-23 10:05:23,149.45,3022755
2021-06-23 10:05:29,149.45,3022766
2021-06-23 10:05:33,149.45,3022767
2021-06-23 10:05:36,149.4,3022904
2021-06-23 10:05:40,149.4,3023125
2021-06-23 10:05:45,149.45,3025292
2021-06-23 10:05:49,149.45,3025392
2021-06-23 10:05:52,149.45,3028097
2021-06-23 10:05:55,149.45,3028548
2021-06-23 10:05:58,149.45,3028590
2021-06-23 10:06:01,149.45,3029053
2021-06-23 10:06:05,149.45,3029609
2021-06-23 10:06:08,149.5,3029614
2021-06-23 10:06:11,149.5,3030076
2021-06-23 10:06:18,149.5,3030311
2021-06-23 10:06:21,149.5,3033095
2021-06-23 10:06:24,149.4,3033318
2021-06-23 10:06:27,149.5,3034885
2021-06-23 10:06:30,149.4,3035385
2021-06-23 10:06:33,149.5,3035488
2021-06-23 10:06:37,149.4,3035497
2021-06-23 10:06:41,149.5,3036493
2021-06-23 10:06:44,149.4,3036650
2021-06-23 10:06:48,149.5,3036685
2021-06-23 10:06:51,149.4,3039146
2021-06-23 10:06:58,149.4,3039323
2021-06-23 10:07:02,149.45,3039723
2021-06-23 10:07:08,149.5,3040883
2021-06-23 10:07:11,149.4,3041584
2021-06-23 10:07:14,149.45,3041585
2021-06-23 10:07:17,149.45,3042480
2021-06-23 10:07:20,149.4,3043361
2021-06-23 10:07:23,149.45,3043527
2021-06-23 10:07:26,149.45,3056685
2021-06-23 10:07:29,149.4,3057405
2021-06-23 10:07:32,149.45,3059154
2021-06-23 10:07:35,149.45,3059676
2021-06-23 10:07:39,149.35,3059746
2021-06-23 10:07:43,149.45,3060845
2021-06-23 10:07:46,149.4,3060946
2021-06-23 10:07:49,149.45,3060948
2021-06-23 10:07:52,149.45,3061048
2021-06-23 10:07:55,149.4,3063067
2021-06-23 10:07:59,149.4,3063541
2021-06-23 10:08:02,149.35,3063550
2021-06-23 10:08:05,149.35,3063676
2021-06-23 10:08:08,149.3,3063834
2021-06-23 10:08:11,149.3,3064767
2021-06-23 10:08:15,149.4,3065017
2021-06-23 10:08:18,149.4,3065124
2021-06-23 10:08:21,149.35,3065245
2021-06-23 10:08:24,149.4,3067245
2021-06-23 10:08:28,149.4,3074656
2021-06-23 10:08:32,149.3,3121292
2021-06-23 10:08:35,149.3,3121805
2021-06-23 10:08:39,149.25,3123775
2021-06-23 10:08:42,149.25,3123895
2021-06-23 10:08:45,149.15,3133690
2021-06-23 10:08:48,149.2,3135993
2021-06-23 10:08:51,149.2,3136593
2021-06-23 10:08:54,149.2,3136598
2021-06-23 10:08:58,149.2,3136609
2021-06-23 10:09:01,149.2,3138709
2021-06-23 10:09:04,149.25,3139709
2021-06-23 10:09:07,149.25,3139962
2021-06-23 10:09:10,149.2,3144610
2021-06-23 10:09:13,149.2,3147957
2021-06-23 10:09:16,149.25,3148157
2021-06-23 10:09:20,149.2,3148172
2021-06-23 10:09:23,149.25,3148373
2021-06-23 10:09:26,149.25,3148482
2021-06-23 10:09:28,149.15,3158750
2021-06-23 10:09:32,149.2,3159160
2021-06-23 10:09:35,149.25,3159192
2021-06-23 10:09:38,149.15,3162349
2021-06-23 10:09:41,149.2,3162700
2021-06-23 10:09:43,149.15,3163701
2021-06-23 10:09:46,149.15,3164383
2021-06-23 10:09:49,149.25,3166153
2021-06-23 10:09:52,149.25,3166218
2021-06-23 10:09:55,149.15,3166518
2021-06-23 10:09:57,149.25,3168119
2021-06-23 10:10:00,149.15,3168247
2021-06-23 10:10:03,149.15,3168523
2021-06-23 10:10:06,149.2,3168633
2021-06-23 10:10:09,149.15,3174231
2021-06-23 10:10:12,149.2,3175305
2021-06-23 10:10:15,149.1,3175306
2021-06-23 10:10:18,149.15,3178947
2021-06-23 10:10:23,149.1,3180286
2021-06-23 10:10:24,149.1,3185086
2021-06-23 10:10:25,149.15,3185219
2021-06-23 10:10:26,149.05,3187102
2021-06-23 10:10:27,149.15,3188102
2021-06-23 10:10:28,149.15,3188116
2021-06-23 10:10:29,149.1,3188141
2021-06-23 10:10:30,149.0,3207665
2021-06-23 10:10:31,149.0,3207824
2021-06-23 10:10:32,149.0,3209759
2021-06-23 10:10:33,149.05,3209779
2021-06-23 10:10:34,149.05,3209779
2021-06-23 10:10:35,149.05,3209780
2021-06-23 10:10:36,149.05,3209780
2021-06-23 10:10:37,149.05,3210370
2021-06-23 10:10:38,149.0,3210897
2021-06-23 10:10:39,149.05,3210947
2021-06-23 10:10:40,149.05,3211170
2021-06-23 10:10:41,149.0,3211501
2021-06-23 10:10:42,149.0,3214340
2021-06-23 10:10:43,149.05,3215365
2021-06-23 10:10:44,149.05,3215418
2021-06-23 10:10:46,149.05,3216499
2021-06-23 10:10:47,149.0,3216579
2021-06-23 10:10:48,149.0,3216830
2021-06-23 10:10:49,149.0,3221830
2021-06-23 10:10:50,149.05,3221840
2021-06-23 10:10:51,149.0,3222020
2021-06-23 10:10:52,149.0,3225300
2021-06-23 10:10:53,149.0,3225323
2021-06-23 10:10:55,149.05,3225432
2021-06-23 10:10:56,149.0,3225442
2021-06-23 10:10:57,149.0,3225457
2021-06-23 10:10:58,149.05,3225618
2021-06-23 10:10:59,149.05,3225638
2021-06-23 10:11:00,149.0,3225758
2021-06-23 10:11:01,149.0,3225870
2021-06-23 10:11:02,149.0,3226140
2021-06-23 10:11:03,149.0,3226938
2021-06-23 10:11:04,149.0,3226961
2021-06-23 10:11:05,149.0,3227536
2021-06-23 10:11:06,149.0,3228236
2021-06-23 10:11:07,149.0,3228836
2021-06-23 10:11:08,149.0,3228836
2021-06-23 10:11:09,149.05,3228867
2021-06-23 10:11:10,149.05,3228907
2021-06-23 10:11:11,149.05,3230410
2021-06-23 10:11:12,149.0,3230417
2021-06-23 10:11:13,149.0,3239090
2021-06-23 10:11:14,149.0,3239290
2021-06-23 10:11:15,149.0,3239562
2021-06-23 10:11:16,149.05,3240563
2021-06-23 10:11:17,149.05,3240597
2021-06-23 10:11:19,149.0,3240774
2021-06-23 10:11:20,149.0,3253636
2021-06-23 10:11:21,149.0,3253649
2021-06-23 10:11:22,149.0,3259010
2021-06-23 10:11:23,149.0,3259110
2021-06-23 10:11:24,148.95,3259520
2021-06-23 10:11:25,148.95,3259540
2021-06-23 10:11:26,148.95,3259541
2021-06-23 10:11:27,148.95,3259760
2021-06-23 10:11:28,148.95,3259890
2021-06-23 10:11:29,148.95,3259896
2021-06-23 10:11:30,148.9,3261041
2021-06-23 10:11:31,148.95,3262118
2021-06-23 10:11:32,148.95,3262410
2021-06-23 10:11:33,148.95,3262410
2021-06-23 10:11:35,148.9,3264185
2021-06-23 10:11:34,148.85,3264184
2021-06-23 10:11:36,149.0,3265059
2021-06-23 10:11:37,149.0,3265096
2021-06-23 10:11:38,148.95,3266117
2021-06-23 10:11:39,149.0,3266304
2021-06-23 10:11:40,148.95,3266305
2021-06-23 10:11:41,148.95,3267265
2021-06-23 10:11:42,149.0,3268199
2021-06-23 10:11:43,148.95,3269946
2021-06-23 10:11:44,149.0,3270258
2021-06-23 10:11:45,149.0,3270959
2021-06-23 10:11:46,148.9,3271065
2021-06-23 10:11:47,148.9,3271285
2021-06-23 10:11:48,148.9,3274187
2021-06-23 10:11:49,149.0,3274460
2021-06-23 10:11:50,149.0,3275655
2021-06-23 10:11:51,149.0,3275655
2021-06-23 10:11:52,148.95,3275668
2021-06-23 10:11:53,148.95,3275668
2021-06-23 10:11:54,148.95,3275668
2021-06-23 10:11:56,149.0,3277173
2021-06-23 10:11:57,148.9,3277175
2021-06-23 10:11:58,148.9,3277280
2021-06-23 10:12:00,148.9,3277305
2021-06-23 10:12:01,148.9,3277506
2021-06-23 10:12:02,148.9,3277567
2021-06-23 10:12:03,148.95,3278068
2021-06-23 10:12:04,148.9,3278124
2021-06-23 10:12:05,148.95,3278133
2021-06-23 10:12:06,148.95,3278133
2021-06-23 10:12:07,148.95,3278208
2021-06-23 10:12:08,148.95,3278308
2021-06-23 10:12:09,148.95,3278308
2021-06-23 10:12:10,148.9,3280508
2021-06-23 10:12:11,148.95,3280518
2021-06-23 10:12:12,148.95,3281549
2021-06-23 10:12:13,148.9,3282549
2021-06-23 10:12:14,148.9,3282808
2021-06-23 10:12:16,148.95,3282814
2021-06-23 10:12:16,148.95,3282814
2021-06-23 10:12:17,148.9,3282834
2021-06-23 10:12:18,148.9,3283534
2021-06-23 10:12:19,148.9,3283742
2021-06-23 10:12:20,148.9,3283742
2021-06-23 10:12:21,148.9,3283818
2021-06-23 10:12:23,148.95,3284590
2021-06-23 10:12:25,148.9,3288925
2021-06-23 10:12:26,148.9,3288926
2021-06-23 10:12:28,148.9,3288926
2021-06-23 10:12:28,148.95,3290326
2021-06-23 10:12:29,148.9,3293005
2021-06-23 10:12:30,148.9,3293079
2021-06-23 10:12:32,148.9,3293171
2021-06-23 10:12:33,148.9,3293249
2021-06-23 10:12:34,148.9,3293674
2021-06-23 10:12:35,148.85,3293870
2021-06-23 10:12:36,148.8,3301121
2021-06-23 10:12:37,148.9,3302207
2021-06-23 10:12:39,148.85,3302251
2021-06-23 10:12:38,148.8,3302235
2021-06-23 10:12:40,148.85,3302312
2021-06-23 10:12:41,148.85,3302401
2021-06-23 10:12:42,148.85,3302901
2021-06-23 10:12:43,148.85,3302901
2021-06-23 10:12:45,148.8,3302911
2021-06-23 10:12:47,148.8,3303011
2021-06-23 10:12:48,148.85,3303083
2021-06-23 10:12:49,148.9,3304948
2021-06-23 10:12:51,148.85,3305186
2021-06-23 10:12:50,148.85,3305086
2021-06-23 10:12:52,148.9,3305216
2021-06-23 10:12:53,148.85,3305256
2021-06-23 10:12:54,148.9,3305260
2021-06-23 10:12:55,148.9,3305298
2021-06-23 10:12:56,148.9,3305298
2021-06-23 10:12:57,148.9,3305534
2021-06-23 10:12:58,148.9,3310603
2021-06-23 10:13:00,148.9,3310639
2021-06-23 10:13:00,148.85,3312039
2021-06-23 10:13:02,148.85,3315228
2021-06-23 10:13:03,148.85,3315363
2021-06-23 10:13:04,148.9,3315563
2021-06-23 10:13:05,148.9,3315793
2021-06-23 10:13:06,148.9,3315793
2021-06-23 10:13:08,148.9,3315794
2021-06-23 10:13:08,148.85,3315844
2021-06-23 10:13:09,148.85,3316046
2021-06-23 10:13:10,148.85,3316056
2021-06-23 10:13:11,148.9,3316115
2021-06-23 10:13:12,148.9,3316115
2021-06-23 10:13:13,148.9,3316116
2021-06-23 10:13:14,148.9,3316116
2021-06-23 10:13:15,148.9,3316325
2021-06-23 10:13:16,148.9,3316550
2021-06-23 10:13:17,148.9,3316600
2021-06-23 10:13:18,148.95,3318098
2021-06-23 10:13:19,148.95,3319184
2021-06-23 10:13:20,148.95,3319220
2021-06-23 10:13:21,148.95,3319329
2021-06-23 10:13:22,148.9,3319530
2021-06-23 10:13:24,148.95,3319902
2021-06-23 10:13:26,148.95,3320189
2021-06-23 10:13:26,148.95,3320189
2021-06-23 10:13:27,148.95,3320189
2021-06-23 10:13:28,148.95,3320225
2021-06-23 10:13:29,148.95,3320375
2021-06-23 10:13:30,148.9,3320435
2021-06-23 10:13:31,148.95,3320498
2021-06-23 10:13:32,148.95,3320499
2021-06-23 10:13:33,148.85,3321250
2021-06-23 10:13:34,148.85,3321451
2021-06-23 10:13:35,148.9,3321551
2021-06-23 10:13:36,148.9,3321588
2021-06-23 10:13:37,148.95,3321888
2021-06-23 10:13:38,148.95,3321912
2021-06-23 10:13:39,148.95,3321922
2021-06-23 10:13:40,148.95,3321959
2021-06-23 10:13:41,148.95,3322131
2021-06-23 10:13:42,148.95,3322401
2021-06-23 10:13:43,148.9,3322423
2021-06-23 10:13:44,148.95,3323524
2021-06-23 10:13:45,148.95,3323614
2021-06-23 10:13:46,149.0,3324344
2021-06-23 10:13:47,148.9,3324345
2021-06-23 10:13:48,148.95,3324347
2021-06-23 10:13:49,148.95,3324347
2021-06-23 10:13:50,148.95,3324347
2021-06-23 10:13:51,148.95,3324347
2021-06-23 10:13:52,148.9,3324408
2021-06-23 10:13:53,149.0,3324459
2021-06-23 10:13:54,149.0,3324460
2021-06-23 10:13:55,149.0,3324539
2021-06-23 10:13:56,149.0,3324689
2021-06-23 10:13:57,149.0,3324689
2021-06-23 10:13:59,149.0,3324699
2021-06-23 10:13:59,148.9,3324749
2021-06-23 10:14:00,148.9,3324789
2021-06-23 10:14:01,148.9,3324789
2021-06-23 10:14:02,149.0,3325079
2021-06-23 10:14:03,149.0,3325079
2021-06-23 10:14:05,149.0,3325129
2021-06-23 10:14:06,149.0,3333304
2021-06-23 10:14:07,149.0,3333319
2021-06-23 10:14:08,149.0,3333969
2021-06-23 10:14:08,149.0,3334019
2021-06-23 10:14:09,149.0,3334019
2021-06-23 10:14:10,148.95,3335669
2021-06-23 10:14:11,148.95,3335669
2021-06-23 10:14:13,149.0,3335839
2021-06-23 10:14:14,149.0,3335839
2021-06-23 10:14:15,149.0,3335848
2021-06-23 10:14:15,149.0,3335848
2021-06-23 10:14:16,149.0,3335848
2021-06-23 10:14:17,149.05,3336129
2021-06-23 10:14:18,149.0,3336159
2021-06-23 10:14:19,149.0,3336659
2021-06-23 10:14:20,149.05,3336859
2021-06-23 10:14:22,149.0,3336937
2021-06-23 10:14:22,149.0,3336973
2021-06-23 10:14:24,149.05,3337503
2021-06-23 10:14:25,149.05,3337503
2021-06-23 10:14:26,149.0,3337514
2021-06-23 10:14:27,149.05,3337515
2021-06-23 10:14:28,149.05,3337520
2021-06-23 10:14:29,149.05,3337520
2021-06-23 10:14:30,149.0,3337641
2021-06-23 10:14:31,149.05,3337646
2021-06-23 10:14:32,149.05,3337646
2021-06-23 10:14:33,149.05,3337646
2021-06-23 10:14:34,149.0,3337857
2021-06-23 10:14:35,149.05,3338949
2021-06-23 10:14:36,149.05,3338949
2021-06-23 10:14:37,149.05,3339040
2021-06-23 10:14:39,149.05,3339040
2021-06-23 10:14:40,149.05,3339040
2021-06-23 10:14:41,149.0,3339141
2021-06-23 10:14:42,149.05,3339483
2021-06-23 10:14:43,149.05,3342140
2021-06-23 10:14:43,149.05,3342150
2021-06-23 10:14:44,149.1,3342221
2021-06-23 10:14:45,149.1,3342321
2021-06-23 10:14:46,149.1,3342321
2021-06-23 10:14:48,149.05,3342326
2021-06-23 10:14:49,149.05,3345451
2021-06-23 10:14:52,149.0,3345702
2021-06-23 10:14:53,149.05,3345902
2021-06-23 10:14:53,149.05,3345902
2021-06-23 10:14:54,149.05,3345922
2021-06-23 10:14:55,149.05,3347289
2021-06-23 10:14:56,149.05,3347491
2021-06-23 10:14:58,149.0,3347591
2021-06-23 10:15:00,149.05,3347835
2021-06-23 10:15:02,149.05,3347846
2021-06-23 10:15:03,149.05,3347847
2021-06-23 10:15:03,149.0,3348347
2021-06-23 10:15:05,148.9,3379171
2021-06-23 10:15:06,148.9,3379171
2021-06-23 10:15:07,148.95,3379172
2021-06-23 10:15:07,149.0,3379182
2021-06-23 10:15:08,149.0,3379691
2021-06-23 10:15:09,148.9,3380071
2021-06-23 10:15:10,148.9,3380551
2021-06-23 10:15:11,148.9,3380551
2021-06-23 10:15:12,148.9,3380551
2021-06-23 10:15:13,148.95,3380801
2021-06-23 10:15:14,148.85,3387693
2021-06-23 10:15:15,148.85,3388272
2021-06-23 10:15:16,148.9,3388288
2021-06-23 10:15:18,148.85,3389383
2021-06-23 10:15:20,148.85,3389562
2021-06-23 10:15:21,148.9,3389567
2021-06-23 10:15:22,148.9,3389702
2021-06-23 10:15:23,148.9,3389752
2021-06-23 10:15:24,148.9,3389752
2021-06-23 10:15:27,148.85,3392499
2021-06-23 10:15:35,148.9,3397974
2021-06-23 10:15:39,148.9,3398291
2021-06-23 10:15:43,148.9,3398493
2021-06-23 10:15:47,148.85,3398873
2021-06-23 10:15:50,148.9,3399259
2021-06-23 10:15:54,148.85,3399757
2021-06-23 10:15:59,148.9,3400525
2021-06-23 10:16:03,148.85,3402159
2021-06-23 10:16:07,148.95,3402682
2021-06-23 10:16:11,148.9,3404192
2021-06-23 10:16:15,148.9,3404608
2021-06-23 10:16:18,149.0,3409860
2021-06-23 10:16:22,148.95,3412310
2021-06-23 10:16:26,148.9,3412561
2021-06-23 10:16:33,148.9,3413402
2021-06-23 10:16:37,148.9,3413517
2021-06-23 10:16:40,148.85,3415471
2021-06-23 10:16:44,148.85,3415741
2021-06-23 10:16:48,148.9,3415963
2021-06-23 10:16:52,148.95,3416958
2021-06-23 10:16:55,148.85,3417851
2021-06-23 10:16:59,148.95,3418586
2021-06-23 10:17:02,148.95,3418779
2021-06-23 10:17:10,148.9,3420304
2021-06-23 10:17:14,148.95,3422677
2021-06-23 10:17:18,148.9,3423759
2021-06-23 10:17:21,148.95,3426836
2021-06-23 10:17:24,148.85,3426866
2021-06-23 10:17:28,148.9,3427148
2021-06-23 10:17:32,149.1,3443582
2021-06-23 10:17:36,149.1,3443852
2021-06-23 10:17:39,149.0,3444292
2021-06-23 10:17:43,149.1,3444612
2021-06-23 10:17:47,149.1,3447272
2021-06-23 10:17:51,149.05,3447418
2021-06-23 10:17:54,149.05,3447474
2021-06-23 10:17:58,149.1,3447502
2021-06-23 10:18:02,149.05,3448675
2021-06-23 10:18:05,149.1,3448947
2021-06-23 10:18:09,149.0,3449082
2021-06-23 10:18:13,149.05,3449156
2021-06-23 10:18:17,149.05,3449355
2021-06-23 10:18:21,149.05,3451534
2021-06-23 10:18:25,149.1,3452027
2021-06-23 10:18:28,149.1,3452576
2021-06-23 10:18:32,149.1,3455791
2021-06-23 10:18:38,149.1,3462732
2021-06-23 10:18:41,149.1,3465884
2021-06-23 10:18:44,149.0,3468596
2021-06-23 10:18:48,149.1,3469645
2021-06-23 10:18:51,149.0,3470727
2021-06-23 10:18:54,149.05,3470728
2021-06-23 10:19:01,149.05,3471312
2021-06-23 10:19:04,149.1,3475789
2021-06-23 10:19:08,149.1,3475789
2021-06-23 10:19:11,149.05,3477207
2021-06-23 10:19:14,149.1,3477920
2021-06-23 10:19:18,149.0,3478632
2021-06-23 10:19:21,149.1,3478851
2021-06-23 10:19:24,149.1,3480945
2021-06-23 10:19:27,149.1,3480946
2021-06-23 10:19:30,149.1,3481276
2021-06-23 10:19:33,149.0,3481524
2021-06-23 10:19:37,149.0,3481826
2021-06-23 10:19:40,149.05,3481959
2021-06-23 10:19:47,149.15,3493145
2021-06-23 10:19:50,149.05,3493295
2021-06-23 10:19:54,149.1,3494030
2021-06-23 10:19:58,149.1,3494030
2021-06-23 10:20:02,149.05,3494294
2021-06-23 10:20:06,149.1,3496661
2021-06-23 10:20:10,149.15,3498266
2021-06-23 10:20:13,149.15,3498396
2021-06-23 10:20:16,149.15,3498696
2021-06-23 10:20:20,149.1,3498898
2021-06-23 10:20:23,149.1,3499634
2021-06-23 10:20:30,149.2,3502250
2021-06-23 10:20:34,149.2,3502312
2021-06-23 10:20:37,149.1,3502367
2021-06-23 10:20:41,149.1,3502474
2021-06-23 10:20:44,149.2,3503674
2021-06-23 10:20:48,149.1,3504554
2021-06-23 10:20:51,149.2,3504699
2021-06-23 10:20:53,149.2,3505006
2021-06-23 10:20:56,149.2,3510017
2021-06-23 10:20:59,149.1,3510019
2021-06-23 10:21:02,149.1,3510117
2021-06-23 10:21:06,149.1,3511139
2021-06-23 10:21:09,149.2,3511197
2021-06-23 10:21:12,149.2,3511310
2021-06-23 10:21:15,149.1,3511320
2021-06-23 10:21:18,149.1,3511333
2021-06-23 10:21:21,149.15,3511336
2021-06-23 10:21:25,149.1,3511539
2021-06-23 10:21:28,149.15,3511542
2021-06-23 10:21:31,149.15,3511612
2021-06-23 10:21:35,149.15,3511683
2021-06-23 10:21:38,149.2,3512816
2021-06-23 10:21:41,149.15,3512921
2021-06-23 10:21:45,149.15,3513096
2021-06-23 10:21:48,149.15,3513156
2021-06-23 10:21:51,149.2,3513856
2021-06-23 10:21:54,149.2,3514356
2021-06-23 10:21:58,149.2,3515404
2021-06-23 10:22:00,149.2,3515556
2021-06-23 10:22:03,149.15,3516006
2021-06-23 10:22:06,149.2,3516017
2021-06-23 10:22:09,149.2,3517223
2021-06-23 10:22:12,149.2,3517223
2021-06-23 10:22:15,149.3,3519602
2021-06-23 10:22:18,149.25,3520101
2021-06-23 10:22:21,149.2,3520130
2021-06-23 10:22:24,149.2,3520142
2021-06-23 10:22:27,149.2,3520173
2021-06-23 10:22:30,149.25,3520784
2021-06-23 10:22:33,149.25,3520818
2021-06-23 10:22:36,149.3,3521018
2021-06-23 10:22:40,149.3,3522019
2021-06-23 10:22:43,149.3,3522027
2021-06-23 10:22:47,149.3,3525427
2021-06-23 10:22:54,149.3,3528752
2021-06-23 10:22:57,149.25,3529473
2021-06-23 10:23:04,149.25,3529571
2021-06-23 10:23:07,149.25,3529971
2021-06-23 10:23:11,149.3,3529992
2021-06-23 10:23:14,149.35,3534566
2021-06-23 10:23:18,149.35,3536329
2021-06-23 10:23:20,149.4,3536332
2021-06-23 10:23:23,149.35,3537475
2021-06-23 10:23:26,149.35,3539755
2021-06-23 10:23:29,149.35,3539765
2021-06-23 10:23:32,149.35,3544124
2021-06-23 10:23:36,149.25,3546034
2021-06-23 10:23:40,149.35,3546377
2021-06-23 10:23:47,149.35,3547961
2021-06-23 10:23:50,149.35,3547991
2021-06-23 10:23:54,149.4,3549249
2021-06-23 10:23:58,149.4,3549626
2021-06-23 10:24:02,149.35,3549940
2021-06-23 10:24:05,149.35,3550308
2021-06-23 10:24:09,149.35,3550361
2021-06-23 10:24:15,149.35,3551012
2021-06-23 10:24:21,149.5,3559677
2021-06-23 10:24:24,149.4,3559795
2021-06-23 10:24:27,149.5,3559946
2021-06-23 10:24:30,149.4,3560343
2021-06-23 10:24:33,149.45,3566891
2021-06-23 10:24:36,149.45,3566891
2021-06-23 10:24:40,149.45,3567041
2021-06-23 10:24:43,149.5,3567161
2021-06-23 10:24:46,149.45,3567176
2021-06-23 10:36:46,149.75,3744781
2021-06-23 10:36:49,149.75,3744781
2021-06-23 10:36:52,149.7,3744801
2021-06-23 10:36:55,149.7,3744802
2021-06-23 10:36:57,149.75,3746772
2021-06-23 10:37:00,149.7,3747028
2021-06-23 10:37:04,149.75,3747053
2021-06-23 10:37:07,149.75,3747454
2021-06-23 10:37:09,149.7,3747579
2021-06-23 10:37:12,149.75,3747694
2021-06-23 10:37:15,149.75,3747787
2021-06-23 10:37:17,149.75,3747789
2021-06-23 10:37:20,149.75,3748179
2021-06-23 10:37:22,149.75,3748567
2021-06-23 10:37:27,149.75,3749787
2021-06-23 10:37:29,149.75,3749787
2021-06-23 10:37:35,149.7,3749890
2021-06-23 10:37:37,149.7,3749892
2021-06-23 10:37:40,149.65,3750783
2021-06-23 10:37:42,149.7,3750797
2021-06-23 10:37:45,149.7,3750797
2021-06-23 10:37:47,149.65,3750817
2021-06-23 10:37:50,149.7,3751039
2021-06-23 10:37:52,149.7,3752832
2021-06-23 10:37:55,149.65,3752947
2021-06-23 10:37:57,149.65,3752949
2021-06-23 10:38:00,149.65,3752959
2021-06-23 10:38:02,149.65,3752980
2021-06-23 10:38:05,149.6,3753171
2021-06-23 10:38:08,149.6,3754671
2021-06-23 10:38:10,149.65,3754700
2021-06-23 10:38:13,149.6,3755647
2021-06-23 10:38:15,149.65,3755747
2021-06-23 10:38:18,149.65,3757046
2021-06-23 10:38:20,149.6,3757111
2021-06-23 10:38:22,149.6,3757111
2021-06-23 10:38:25,149.6,3757112
2021-06-23 10:38:27,149.55,3757312
2021-06-23 10:38:30,149.6,3761593
2021-06-23 10:38:33,149.6,3762651
2021-06-23 10:38:36,149.6,3762752
2021-06-23 10:38:38,149.55,3762754
2021-06-23 10:38:41,149.5,3762858
2021-06-23 10:38:43,149.6,3762958
2021-06-23 10:38:45,149.6,3762959
2021-06-23 10:38:47,149.6,3762980
2021-06-23 10:38:49,149.6,3763034
2021-06-23 10:38:52,149.6,3767043
2021-06-23 10:38:54,149.6,3767043
2021-06-23 10:38:56,149.6,3767043
2021-06-23 10:38:59,149.5,3767549
2021-06-23 10:39:04,149.5,3768610
2021-06-23 10:39:06,149.5,3768610
2021-06-23 10:39:08,149.5,3769119
2021-06-23 10:39:11,149.6,3770069
2021-06-23 10:39:13,149.5,3770079
2021-06-23 10:39:15,149.5,3770099
2021-06-23 10:39:18,149.6,3770104
2021-06-23 10:39:20,149.6,3770104
2021-06-23 10:39:22,149.6,3770124
2021-06-23 10:39:25,149.55,3770224
2021-06-23 10:39:28,149.5,3774371
2021-06-23 10:39:32,149.4,3775203
2021-06-23 10:39:35,149.55,3775205
2021-06-23 10:39:38,149.4,3777579
2021-06-23 10:39:41,149.4,3777982
2021-06-23 10:39:48,149.45,3778783
2021-06-23 10:39:52,149.4,3778898
2021-06-23 10:39:55,149.45,3779465
2021-06-23 10:39:58,149.45,3779465
2021-06-23 10:40:01,149.45,3779466
2021-06-23 10:40:04,149.4,3780076
2021-06-23 10:40:06,149.4,3780077
2021-06-23 10:40:09,149.45,3780298
2021-06-23 10:40:12,149.4,3780606
2021-06-23 10:40:16,149.4,3781131
2021-06-23 10:40:19,149.45,3781390
2021-06-23 10:40:21,149.4,3781431
2021-06-23 10:40:26,149.45,3782005
2021-06-23 10:40:29,149.4,3782111
2021-06-23 10:40:31,149.4,3782113
2021-06-23 10:40:34,149.45,3782365
2021-06-23 10:40:36,149.45,3782365
2021-06-23 10:40:39,149.45,3782701
2021-06-23 10:40:42,149.4,3782806
2021-06-23 10:40:45,149.45,3782866
2021-06-23 10:40:48,149.4,3782886
2021-06-23 10:40:50,149.4,3782886
2021-06-23 10:40:52,149.4,3782956
2021-06-23 10:40:55,149.45,3783476
2021-06-23 10:40:57,149.45,3783476
2021-06-23 10:41:00,149.4,3783477
2021-06-23 10:41:05,149.45,3783837
2021-06-23 10:41:08,149.45,3783937
2021-06-23 10:41:11,149.45,3784337
2021-06-23 10:41:13,149.4,3784347
2021-06-23 10:41:16,149.4,3784347
2021-06-23 10:41:18,149.4,3784347
2021-06-23 10:41:21,149.45,3784362
2021-06-23 10:41:23,149.4,3784462
2021-06-23 10:41:25,149.4,3784462
2021-06-23 10:41:27,149.45,3784473
2021-06-23 10:41:30,149.4,3784667
2021-06-23 10:41:32,149.4,3784777
2021-06-23 10:41:34,149.5,3792798
2021-06-23 10:41:37,149.45,3792821
2021-06-23 10:41:39,149.5,3793822
2021-06-23 10:41:41,149.5,3793877
2021-06-23 10:41:44,149.4,3794198
2021-06-23 10:41:49,149.4,3794198
2021-06-23 10:41:51,149.5,3795873
2021-06-23 10:41:54,149.5,3795873
2021-06-23 10:41:56,149.5,3796043
2021-06-23 10:41:58,149.45,3796629
2021-06-23 10:42:00,149.4,3797029
2021-06-23 10:42:02,149.4,3797029
2021-06-23 10:42:05,149.4,3797479
2021-06-23 10:42:08,149.5,3797489
2021-06-23 10:42:12,149.5,3798734
2021-06-23 10:42:15,149.5,3798734
2021-06-23 10:42:17,149.4,3809132
2021-06-23 10:42:20,149.4,3809132
2021-06-23 10:42:23,149.45,3810133
2021-06-23 10:42:26,149.45,3810353
2021-06-23 10:42:29,149.45,3810353
2021-06-23 10:42:32,149.45,3810530
2021-06-23 10:42:55,149.3,3828269
2021-06-23 10:42:58,149.3,3828379
2021-06-23 10:43:00,149.3,3828379
2021-06-23 10:43:03,149.4,3828436
2021-06-23 10:43:08,149.35,3830159
2021-06-23 10:43:10,149.35,3830233
2021-06-23 10:43:13,149.35,3831233
2021-06-23 10:43:16,149.4,3831248
2021-06-23 10:43:18,149.4,3831611
2021-06-23 10:43:21,149.4,3832111
2021-06-23 10:43:23,149.35,3832211
2021-06-23 10:43:25,149.35,3832211
2021-06-23 10:43:28,149.4,3832213
2021-06-23 10:43:30,149.4,3832219
2021-06-23 10:43:32,149.35,3832727
2021-06-23 10:43:35,149.3,3833526
2021-06-23 10:43:38,149.3,3834736
2021-06-23 10:43:40,149.35,3835313
2021-06-23 10:43:42,149.35,3835317
2021-06-23 10:43:45,149.4,3835321
2021-06-23 10:43:47,149.4,3835321
2021-06-23 10:43:49,149.35,3835331
2021-06-23 10:43:52,149.35,3835331
2021-06-23 10:43:54,149.35,3835366
2021-06-23 10:43:57,149.4,3835467
2021-06-23 10:44:00,149.3,3837467
2021-06-23 10:44:06,149.4,3840261
2021-06-23 10:44:09,149.4,3840261
2021-06-23 10:44:12,149.4,3840265
2021-06-23 10:44:15,149.4,3840475
2021-06-23 10:44:18,149.4,3840505
2021-06-23 10:44:20,149.4,3840575
2021-06-23 10:44:23,149.4,3840614
2021-06-23 10:44:25,149.45,3840717
2021-06-23 10:44:28,149.45,3840717
2021-06-23 10:44:30,149.4,3840817
2021-06-23 10:44:33,149.45,3841317
2021-06-23 10:44:35,149.45,3842254
2021-06-23 10:44:38,149.45,3842254
2021-06-23 10:44:41,149.45,3842305
2021-06-23 10:44:43,149.45,3843015
2021-06-23 10:44:46,149.45,3843018
2021-06-23 10:44:48,149.45,3843068
2021-06-23 10:44:51,149.5,3843072
2021-06-23 10:44:52,149.5,3843072
2021-06-23 10:44:55,149.5,3843072
2021-06-23 10:44:57,149.5,3843073
2021-06-23 10:44:59,149.5,3843324
2021-06-23 10:44:59,149.5,3843324
2021-06-23 10:45:01,149.55,3848349
2021-06-23 10:45:03,149.55,3848359
2021-06-23 10:45:05,149.55,3848359
2021-06-23 10:45:07,149.5,3848360
2021-06-23 10:45:10,149.55,3848471
2021-06-23 10:45:15,149.45,3848971
2021-06-23 10:45:17,149.45,3848971
2021-06-23 10:45:20,149.5,3852061
2021-06-23 10:45:23,149.5,3852462
2021-06-23 10:45:24,149.55,3852498
2021-06-23 10:45:25,149.55,3852498
2021-06-23 10:45:26,149.55,3852498
2021-06-23 10:45:27,149.55,3852613
2021-06-23 10:45:28,149.55,3852760
2021-06-23 10:45:29,149.55,3852760
2021-06-23 10:45:30,149.55,3852760
2021-06-23 10:45:31,149.5,3852785
2021-06-23 10:45:33,149.5,3852785
2021-06-23 10:45:33,149.5,3852785
2021-06-23 10:45:34,149.5,3852785
2021-06-23 10:45:35,149.5,3852790
2021-06-23 10:45:36,149.5,3852790
2021-06-23 10:45:37,149.55,3852792
2021-06-23 10:45:38,149.55,3852793
2021-06-23 10:45:39,149.55,3852822
2021-06-23 10:45:40,149.55,3853022
2021-06-23 10:45:41,149.55,3853022
2021-06-23 10:45:42,149.55,3853022
2021-06-23 10:45:43,149.55,3853022
2021-06-23 10:45:44,149.55,3853022
2021-06-23 10:45:45,149.55,3853112
2021-06-23 10:45:46,149.55,3853112
2021-06-23 10:45:47,149.5,3853626
2021-06-23 10:45:48,149.55,3853636
2021-06-23 10:45:49,149.55,3853636
2021-06-23 10:45:50,149.5,3854037
2021-06-23 10:45:51,149.55,3854060
2021-06-23 10:45:52,149.5,3854080
2021-06-23 10:45:53,149.5,3854130
2021-06-23 10:45:54,149.5,3854531
2021-06-23 10:45:55,149.5,3854531
2021-06-23 10:45:56,149.5,3854531
2021-06-23 10:45:57,149.55,3854535
2021-06-23 10:45:58,149.5,3855535
2021-06-23 10:45:59,149.5,3855535
2021-06-23 10:46:00,149.55,3855540
2021-06-23 10:46:01,149.55,3855540
2021-06-23 10:46:02,149.55,3855540
2021-06-23 10:46:03,149.55,3855540
2021-06-23 10:46:04,149.55,3855540
2021-06-23 10:46:05,149.55,3855540
2021-06-23 10:46:07,149.5,3855840
2021-06-23 10:46:08,149.55,3855875
2021-06-23 10:46:09,149.55,3855955
2021-06-23 10:46:10,149.55,3855955
2021-06-23 10:46:11,149.55,3855955
2021-06-23 10:46:12,149.55,3855990
2021-06-23 10:46:13,149.5,3856064
2021-06-23 10:46:14,149.5,3856064
2021-06-23 10:46:15,149.5,3856064
2021-06-23 10:46:16,149.55,3856074
2021-06-23 10:46:17,149.55,3856216
2021-06-23 10:46:19,149.55,3856416
2021-06-23 10:46:19,149.55,3856416
2021-06-23 10:46:20,149.55,3856416
2021-06-23 10:46:21,149.55,3857816
2021-06-23 10:46:22,149.5,3857966
2021-06-23 10:46:23,149.55,3857968
2021-06-23 10:46:24,149.55,3857968
2021-06-23 10:46:25,149.55,3858068
2021-06-23 10:46:26,149.55,3858138
2021-06-23 10:46:27,149.55,3858185
2021-06-23 10:46:28,149.55,3858185
2021-06-23 10:46:30,149.55,3858198
2021-06-23 10:46:31,149.55,3858198
2021-06-23 10:46:32,149.55,3858198
2021-06-23 10:46:33,149.5,3858205
2021-06-23 10:46:34,149.5,3858205
2021-06-23 10:46:35,149.6,3858255
2021-06-23 10:46:36,149.6,3858255
2021-06-23 10:46:37,149.55,3858261
2021-06-23 10:46:38,149.6,3858361
2021-06-23 10:46:39,149.6,3858668
2021-06-23 10:46:41,149.6,3858689
2021-06-23 10:46:42,149.6,3859689
2021-06-23 10:46:43,149.55,3859759
2021-06-23 10:46:44,149.55,3859759
2021-06-23 10:46:44,149.55,3859759
2021-06-23 10:46:45,149.6,3859804
2021-06-23 10:46:47,149.6,3859804
2021-06-23 10:46:48,149.6,3859804
2021-06-23 10:46:48,149.55,3859854
2021-06-23 10:46:49,149.55,3860145
2021-06-23 10:46:50,149.5,3860191
2021-06-23 10:46:52,149.5,3860291
2021-06-23 10:46:53,149.6,3862487
2021-06-23 10:46:54,149.6,3862488
2021-06-23 10:46:54,149.6,3862493
2021-06-23 10:46:55,149.6,3862493
2021-06-23 10:46:56,149.55,3862495
2021-06-23 10:46:58,149.5,3863774
2021-06-23 10:46:59,149.6,3863806
2021-06-23 10:47:00,149.6,3863806
2021-06-23 10:47:01,149.55,3863816
2021-06-23 10:47:02,149.55,3863816
2021-06-23 10:47:03,149.55,3863816
2021-06-23 10:47:04,149.5,3863817
2021-06-23 10:47:05,149.6,3864817
2021-06-23 10:47:06,149.6,3864817
2021-06-23 10:47:07,149.55,3865122
2021-06-23 10:47:08,149.55,3865122
2021-06-23 10:47:09,149.55,3865122
2021-06-23 10:47:10,149.55,3865122
2021-06-23 10:47:11,149.55,3865122
2021-06-23 10:47:12,149.55,3865191
2021-06-23 10:47:14,149.55,3865191
2021-06-23 10:47:14,149.55,3865191
2021-06-23 10:47:16,149.55,3865191
2021-06-23 10:47:17,149.55,3865191
2021-06-23 10:47:17,149.55,3865191
2021-06-23 10:47:19,149.55,3865766
2021-06-23 10:47:20,149.55,3865766
2021-06-23 10:47:21,149.55,3865766
2021-06-23 10:47:22,149.55,3865806
2021-06-23 10:47:22,149.55,3865806
2021-06-23 10:47:23,149.55,3866305
2021-06-23 10:47:24,149.55,3866305
2021-06-23 10:47:25,149.6,3867305
2021-06-23 10:47:26,149.55,3867329
2021-06-23 10:47:27,149.55,3867329
2021-06-23 10:47:29,149.6,3867332
2021-06-23 10:47:30,149.55,3867337
2021-06-23 10:47:31,149.55,3867337
2021-06-23 10:47:31,149.55,3867337
2021-06-23 10:47:33,149.6,3867340
2021-06-23 10:47:34,149.6,3867366
2021-06-23 10:47:35,149.6,3867627
2021-06-23 10:47:36,149.6,3867631
2021-06-23 10:47:37,149.6,3867631
2021-06-23 10:47:38,149.6,3867631
2021-06-23 10:47:39,149.6,3867631
2021-06-23 10:47:40,149.6,3867892
2021-06-23 10:47:41,149.55,3867942
2021-06-23 10:47:41,149.55,3868118
2021-06-23 10:47:42,149.6,3869118
2021-06-23 10:47:44,149.6,3869118
2021-06-23 10:47:45,149.6,3869118
2021-06-23 10:47:46,149.6,3869494
2021-06-23 10:47:47,149.6,3869494
2021-06-23 10:47:47,149.6,3869494
2021-06-23 10:47:48,149.6,3869494
2021-06-23 10:47:49,149.6,3869495
2021-06-23 10:47:50,149.6,3874118
2021-06-23 10:47:51,149.6,3874118
2021-06-23 10:47:52,149.65,3875123
2021-06-23 10:47:53,149.65,3875123
2021-06-23 10:47:54,149.65,3875183
2021-06-23 10:47:55,149.55,3875276
2021-06-23 10:47:57,149.55,3875276
2021-06-23 10:47:58,149.55,3875276
2021-06-23 10:47:59,149.55,3875276
2021-06-23 10:48:00,149.55,3875276
2021-06-23 10:48:01,149.55,3875276
2021-06-23 10:48:02,149.65,3875476
2021-06-23 10:48:02,149.65,3875476
2021-06-23 10:48:03,149.65,3875501
2021-06-23 10:48:04,149.65,3875501
2021-06-23 10:48:05,149.65,3875521
2021-06-23 10:48:07,149.55,3875550
2021-06-23 10:48:08,149.55,3875660
2021-06-23 10:48:09,149.55,3875660
2021-06-23 10:48:10,149.55,3876360
2021-06-23 10:48:10,149.55,3876360
2021-06-23 10:48:11,149.6,3876365
2021-06-23 10:48:13,149.6,3876365
2021-06-23 10:48:14,149.6,3876365
2021-06-23 10:48:15,149.6,3876365
2021-06-23 10:48:16,149.6,3876365
2021-06-23 10:48:18,149.6,3876365
2021-06-23 10:48:19,149.55,3876592
2021-06-23 10:48:20,149.55,3876592
2021-06-23 10:48:21,149.55,3876592
2021-06-23 10:48:21,149.6,3876742
2021-06-23 10:48:23,149.55,3876943
2021-06-23 10:48:24,149.55,3876943
2021-06-23 10:48:26,149.55,3876943
2021-06-23 10:48:27,149.6,3877043
2021-06-23 10:48:28,149.6,3877043
2021-06-23 10:48:29,149.6,3877343
2021-06-23 10:48:30,149.6,3877343
2021-06-23 10:48:30,149.6,3877343
2021-06-23 10:48:31,149.6,3877343
2021-06-23 10:48:32,149.6,3877343
2021-06-23 10:48:33,149.65,3877353
2021-06-23 10:48:35,149.65,3877353
2021-06-23 10:48:35,149.65,3877353
2021-06-23 10:48:36,149.65,3877353
2021-06-23 10:48:38,149.65,3877353
2021-06-23 10:48:38,149.65,3877353
2021-06-23 10:48:39,149.65,3877353
2021-06-23 10:48:40,149.65,3877353
2021-06-23 10:48:41,149.6,3877386
2021-06-23 10:48:42,149.65,3877463
2021-06-23 10:48:44,149.6,3877466
2021-06-23 10:48:45,149.6,3877466
2021-06-23 10:48:46,149.65,3877469
2021-06-23 10:48:47,149.65,3877479
2021-06-23 10:48:48,149.65,3877479
2021-06-23 10:48:49,149.65,3877479
2021-06-23 10:48:50,149.65,3877479
2021-06-23 10:48:51,149.65,3877479
2021-06-23 10:48:52,149.65,3877479
2021-06-23 10:48:53,149.6,3877929
2021-06-23 10:48:54,149.6,3877969
2021-06-23 10:48:55,149.6,3877969
2021-06-23 10:48:56,149.65,3878004
2021-06-23 10:48:56,149.65,3878004
2021-06-23 10:48:57,149.65,3878004
2021-06-23 10:48:58,149.65,3878010
2021-06-23 10:49:00,149.65,3878510
2021-06-23 10:49:01,149.6,3879158
2021-06-23 10:49:02,149.6,3879158
2021-06-23 10:49:03,149.6,3879158
2021-06-23 10:49:04,149.6,3879158
2021-06-23 10:49:05,149.6,3880059
2021-06-23 10:49:07,149.65,3880784
2021-06-23 10:49:08,149.65,3880784
2021-06-23 10:49:09,149.65,3880784
2021-06-23 10:49:11,149.65,3880784
2021-06-23 10:49:10,149.65,3880784
2021-06-23 10:49:12,149.65,3880784
2021-06-23 10:49:13,149.65,3880785
2021-06-23 10:49:14,149.65,3880785
2021-06-23 10:49:15,149.65,3880785
2021-06-23 10:49:16,149.6,3880800
2021-06-23 10:49:17,149.6,3880800
2021-06-23 10:49:18,149.65,3885047
2021-06-23 10:49:20,149.65,3885047
2021-06-23 10:49:19,149.65,3885047
2021-06-23 10:49:22,149.65,3885048
2021-06-23 10:49:23,149.65,3885048
2021-06-23 10:49:23,149.65,3885048
2021-06-23 10:49:25,149.65,3885048
2021-06-23 10:49:27,149.65,3885048
2021-06-23 10:49:28,149.65,3885048
2021-06-23 10:49:29,149.65,3885048
2021-06-23 10:49:30,149.65,3885048
2021-06-23 10:49:31,149.65,3885048
2021-06-23 10:49:32,149.65,3891301
2021-06-23 10:49:33,149.65,3891301
2021-06-23 10:49:33,149.65,3891301
2021-06-23 10:49:34,149.65,3891301
2021-06-23 10:49:35,149.65,3891301
2021-06-23 10:49:36,149.65,3891301
2021-06-23 10:49:37,149.65,3891301
2021-06-23 10:49:38,149.65,3891301
2021-06-23 10:49:39,149.65,3891301
2021-06-23 10:49:40,149.65,3891382
2021-06-23 10:49:41,149.65,3891382
2021-06-23 10:49:43,149.65,3891387
2021-06-23 10:49:44,149.65,3891387
2021-06-23 10:49:45,149.65,3891392
2021-06-23 10:49:46,149.7,3893402
2021-06-23 10:49:47,149.6,3893502
2021-06-23 10:49:48,149.6,3893502
2021-06-23 10:49:49,149.6,3893502
2021-06-23 10:49:50,149.6,3893510
2021-06-23 10:49:51,149.6,3893560
2021-06-23 10:49:52,149.6,3893560
2021-06-23 10:49:53,149.6,3893560
2021-06-23 10:49:53,149.6,3893775
2021-06-23 10:49:54,149.6,3893775
2021-06-23 10:49:55,149.6,3893785
2021-06-23 10:49:57,149.65,3893885
2021-06-23 10:49:57,149.65,3893885
2021-06-23 10:49:59,149.65,3893885
2021-06-23 10:50:00,149.65,3893885
2021-06-23 10:50:02,149.65,3893985
2021-06-23 10:50:03,149.7,3894872
2021-06-23 10:50:04,149.7,3896641
2021-06-23 10:50:05,149.7,3896653
2021-06-23 10:50:06,149.7,3896653
2021-06-23 10:50:06,149.6,3896743
2021-06-23 10:50:07,149.6,3897163
2021-06-23 10:50:08,149.7,3897165
2021-06-23 10:50:10,149.7,3897165
2021-06-23 10:50:10,149.7,3897165
2021-06-23 10:50:12,149.7,3897165
2021-06-23 10:50:13,149.7,3897165
2021-06-23 10:50:14,149.7,3897165
2021-06-23 10:50:15,149.6,3897265
2021-06-23 10:50:16,149.6,3897285
2021-06-23 10:50:17,149.7,3897291
2021-06-23 10:50:18,149.7,3897702
2021-06-23 10:50:19,149.7,3897702
2021-06-23 10:50:20,149.7,3897847
2021-06-23 10:50:20,149.7,3897862
2021-06-23 10:50:22,149.7,3897862
2021-06-23 10:50:23,149.65,3897863
2021-06-23 10:50:23,149.65,3897863
2021-06-23 10:50:26,149.7,3897964
2021-06-23 10:50:29,149.7,3897964
2021-06-23 10:50:31,149.65,3898089
2021-06-23 10:50:34,149.7,3899179
2021-06-23 10:50:36,149.65,3899199
2021-06-23 10:50:39,149.7,3899372
2021-06-23 10:50:43,149.7,3899380
2021-06-23 10:50:46,149.7,3899390
2021-06-23 10:50:49,149.7,3903624
2021-06-23 10:50:52,149.65,3903670
2021-06-23 10:50:55,149.65,3903670
2021-06-23 10:50:57,149.65,3904007
2021-06-23 10:50:59,149.65,3904007
2021-06-23 10:51:02,149.65,3904007
2021-06-23 10:51:02,149.65,3904007
2021-06-23 10:51:04,149.7,3904367
2021-06-23 10:51:06,149.65,3904997
2021-06-23 10:51:09,149.65,3904998
2021-06-23 10:51:12,149.7,3905600
2021-06-23 10:51:15,149.7,3905600
2021-06-23 10:51:17,149.65,3906245
2021-06-23 10:51:19,149.7,3907307
2021-06-23 10:51:22,149.65,3907318
2021-06-23 10:51:24,149.7,3907660
2021-06-23 10:51:27,149.7,3912065
2021-06-23 10:51:29,149.7,3913408
2021-06-23 10:51:32,149.7,3917105
2021-06-23 10:51:35,149.7,3917111
2021-06-23 10:51:37,149.7,3917616
2021-06-23 10:51:40,149.65,3917716
2021-06-23 10:51:42,149.7,3917720
2021-06-23 10:51:45,149.7,3917842
2021-06-23 10:51:47,149.65,3917922
2021-06-23 10:51:50,149.7,3917923
2021-06-23 10:51:52,149.75,3918250
2021-06-23 10:51:54,149.7,3918266
2021-06-23 10:51:56,149.7,3918266
2021-06-23 10:51:59,149.7,3919390
2021-06-23 10:52:01,149.7,3919390
2021-06-23 10:52:03,149.7,3919469
2021-06-23 10:52:05,149.7,3920072
2021-06-23 10:52:08,149.7,3920072
2021-06-23 10:52:10,149.7,3920902
2021-06-23 10:52:13,149.7,3920925
2021-06-23 10:52:16,149.65,3921294
2021-06-23 10:52:19,149.65,3921294
2021-06-23 10:52:22,149.65,3921663
2021-06-23 10:52:25,149.65,3921738
2021-06-23 10:52:27,149.7,3921768
2021-06-23 10:52:30,149.7,3921769
2021-06-23 10:52:32,149.65,3921879
2021-06-23 10:52:35,149.65,3926506
2021-06-23 10:52:37,149.7,3926556
2021-06-23 10:52:40,149.7,3926556
2021-06-23 10:52:42,149.7,3926670
2021-06-23 10:52:45,149.7,3926670
2021-06-23 10:52:47,149.7,3926670
2021-06-23 10:52:50,149.7,3926686
2021-06-23 10:52:53,149.7,3926686
2021-06-23 10:52:55,149.7,3926773
2021-06-23 10:52:57,149.7,3927005
2021-06-23 10:53:00,149.7,3927005
2021-06-23 10:53:03,149.7,3927017
2021-06-23 10:53:03,149.7,3927017
2021-06-23 10:53:06,149.7,3927017
2021-06-23 10:53:08,149.7,3927017
2021-06-23 10:53:10,149.7,3927067
2021-06-23 10:53:13,149.7,3927067
2021-06-23 10:53:15,149.7,3927197
2021-06-23 10:53:18,149.7,3927197
2021-06-23 10:53:20,149.7,3927227
2021-06-23 10:53:22,149.65,3928331
2021-06-23 10:53:25,149.7,3928356
2021-06-23 10:53:27,149.65,3928362
2021-06-23 10:53:29,149.7,3928443
2021-06-23 10:53:31,149.7,3928463
2021-06-23 10:53:33,149.7,3929383
2021-06-23 10:53:36,149.7,3929383
2021-06-23 10:53:39,149.7,3929633
2021-06-23 10:53:41,149.7,3930565
2021-06-23 10:53:43,149.7,3930565
2021-06-23 10:53:46,149.7,3930566
2021-06-23 10:53:48,149.7,3930626
2021-06-23 10:53:50,149.7,3930651
2021-06-23 10:53:53,149.7,3930651
2021-06-23 10:53:55,149.7,3930651
2021-06-23 10:53:57,149.65,3930770
2021-06-23 10:53:59,149.7,3930771
2021-06-23 10:54:02,149.7,3931121
2021-06-23 10:54:02,149.7,3931121
2021-06-23 10:54:05,149.65,3931521
2021-06-23 10:54:09,149.65,3931817
2021-06-23 10:54:11,149.7,3931837
2021-06-23 10:54:14,149.65,3931877
2021-06-23 10:54:16,149.65,3931927
2021-06-23 10:54:21,149.7,3933151
2021-06-23 10:54:25,149.65,3933161
2021-06-23 10:54:28,149.65,3934776
2021-06-23 10:54:31,149.65,3934776
2021-06-23 10:54:34,149.65,3934776
2021-06-23 10:54:37,149.65,3934876
2021-06-23 10:54:40,149.65,3935626
2021-06-23 10:54:42,149.65,3936006
2021-06-23 10:54:45,149.7,3936007
2021-06-23 10:54:47,149.7,3936072
2021-06-23 10:54:49,149.65,3936082
2021-06-23 10:54:52,149.65,3936082
2021-06-23 10:54:57,149.7,3936944
2021-06-23 10:54:59,149.7,3937501
2021-06-23 10:55:05,149.65,3937967
2021-06-23 10:55:05,149.65,3937967
2021-06-23 10:55:08,149.65,3938402
2021-06-23 10:55:10,149.65,3938438
2021-06-23 10:55:13,149.65,3938438
2021-06-23 10:55:17,149.7,3938913
2021-06-23 10:55:19,149.7,3938913
2021-06-23 10:55:22,149.7,3938913
2021-06-23 10:55:24,149.65,3938939
2021-06-23 10:55:27,149.7,3939251
2021-06-23 10:55:29,149.65,3939256
2021-06-23 10:55:31,149.65,3939256
2021-06-23 10:55:33,149.6,3939767
2021-06-23 10:55:38,149.65,3939781
2021-06-23 10:55:42,149.65,3940693
2021-06-23 10:55:44,149.65,3940693
2021-06-23 10:55:46,149.65,3940693
2021-06-23 10:55:48,149.65,3940693
2021-06-23 10:55:50,149.6,3940865
2021-06-23 10:55:52,149.7,3948850
2021-06-23 10:55:54,149.65,3948853
2021-06-23 10:55:57,149.65,3948983
2021-06-23 10:55:59,149.65,3949054
2021-06-23 10:56:01,149.65,3949054
2021-06-23 10:56:04,149.7,3949055
2021-06-23 10:56:07,149.7,3949055
2021-06-23 10:56:09,149.65,3949060
2021-06-23 10:56:12,149.65,3949062
2021-06-23 10:56:14,149.65,3949062
2021-06-23 10:56:17,149.7,3949164
2021-06-23 10:56:21,149.7,3949368
2021-06-23 10:56:24,149.65,3951632
2021-06-23 10:56:27,149.65,3952635
2021-06-23 10:56:29,149.65,3952641
2021-06-23 10:56:31,149.65,3952755
2021-06-23 10:56:33,149.65,3953042
2021-06-23 10:56:36,149.65,3953356
2021-06-23 10:56:38,149.65,3953361
2021-06-23 10:56:40,149.65,3953361
2021-06-23 10:56:42,149.65,3953361
2021-06-23 10:56:44,149.65,3953394
2021-06-23 10:56:47,149.6,3953399
2021-06-23 10:56:50,149.6,3953399
2021-06-23 10:56:52,149.65,3953899
2021-06-23 10:56:55,149.65,3953900
2021-06-23 10:56:57,149.6,3954045
2021-06-23 10:56:59,149.65,3954046
2021-06-23 10:57:02,149.65,3954096
2021-06-23 10:57:10,149.65,3954223
2021-06-23 10:57:12,149.6,3954723
2021-06-23 10:57:14,149.65,3954725
2021-06-23 10:57:17,149.65,3954725
2021-06-23 10:57:19,149.65,3954731
2021-06-23 10:57:22,149.65,3954733
2021-06-23 10:57:24,149.65,3954733
2021-06-23 10:57:27,149.65,3954771
2021-06-23 10:57:29,149.6,3955356
2021-06-23 10:57:31,149.6,3955386
2021-06-23 10:57:34,149.6,3955389
2021-06-23 10:57:36,149.65,3955409
2021-06-23 10:57:38,149.65,3955409
2021-06-23 10:57:40,149.6,3955959
2021-06-23 10:57:42,149.6,3956301
2021-06-23 10:57:44,149.65,3956453
2021-06-23 10:57:46,149.65,3956453
2021-06-23 10:57:48,149.65,3956453
2021-06-23 10:57:50,149.6,3956467
2021-06-23 10:57:53,149.6,3956467
2021-06-23 10:57:55,149.6,3956567
2021-06-23 10:57:57,149.6,3956707
2021-06-23 10:57:59,149.65,3956709
2021-06-23 10:58:02,149.6,3957515
2021-06-23 10:58:04,149.65,3957537
2021-06-23 10:58:07,149.65,3959529
2021-06-23 10:58:09,149.65,3959929
2021-06-23 10:58:12,149.6,3959936
2021-06-23 10:58:14,149.55,3960675
2021-06-23 10:58:16,149.6,3960678
2021-06-23 10:58:19,149.55,3960841
2021-06-23 10:58:21,149.55,3960841
2021-06-23 10:58:23,149.6,3961252
2021-06-23 10:58:25,149.6,3961252
2021-06-23 10:58:28,149.6,3961697
2021-06-23 10:58:31,149.65,3961737
2021-06-23 10:58:34,149.65,3961747
2021-06-23 10:58:37,149.55,3964344
2021-06-23 10:58:40,149.65,3964346
2021-06-23 10:58:42,149.65,3964346
2021-06-23 10:58:45,149.55,3964396
2021-06-23 10:58:47,149.65,3964596
2021-06-23 10:58:49,149.65,3964613
2021-06-23 10:58:52,149.65,3964688
2021-06-23 10:58:57,149.65,3967572
2021-06-23 10:58:59,149.65,3967572
2021-06-23 10:59:01,149.65,3967572
2021-06-23 10:59:04,149.55,3968147
2021-06-23 10:59:07,149.55,3968770
2021-06-23 10:59:09,149.55,3968800
2021-06-23 10:59:14,149.6,3968954
2021-06-23 10:59:14,149.6,3968954
2021-06-23 10:59:16,149.55,3971238
2021-06-23 10:59:19,149.5,3971254
2021-06-23 10:59:22,149.5,3971254
2021-06-23 10:59:24,149.55,3971287
2021-06-23 10:59:27,149.6,3971297
2021-06-23 10:59:29,149.55,3971398
2021-06-23 10:59:32,149.55,3971641
2021-06-23 10:59:35,149.65,3971651
2021-06-23 10:59:38,149.65,3971652
2021-06-23 10:59:40,149.65,3971752
2021-06-23 10:59:42,149.6,3973022
2021-06-23 10:59:44,149.5,3973034
2021-06-23 10:59:46,149.5,3973069
2021-06-23 10:59:49,149.6,3973472
2021-06-23 10:59:51,149.5,3975289
2021-06-23 10:59:54,149.65,3975789
2021-06-23 10:59:56,149.55,3976739
2021-06-23 10:59:58,149.6,3976789
2021-06-23 11:00:01,149.6,3982110
2021-06-23 11:00:07,149.6,3982121
2021-06-23 11:00:10,149.6,3982816
2021-06-23 11:00:13,149.55,3982826
2021-06-23 11:00:13,149.55,3982826
2021-06-23 11:00:15,149.6,3982827
2021-06-23 11:00:17,149.6,3982843
2021-06-23 11:00:20,149.6,3983470
2021-06-23 11:00:23,149.55,3983620
2021-06-23 11:00:27,149.6,3983924
2021-06-23 11:00:30,149.55,3984024
2021-06-23 11:00:33,149.6,3984049
2021-06-23 11:00:35,149.65,3995337
2021-06-23 11:00:38,149.65,3995337
2021-06-23 11:00:40,149.65,3995542
2021-06-23 11:00:42,149.65,3996767
2021-06-23 11:00:44,149.65,3996768
2021-06-23 11:00:47,149.7,3997601
2021-06-23 11:00:49,149.65,3997651
2021-06-23 11:00:51,149.7,3997657
2021-06-23 11:00:54,149.7,3997657
2021-06-23 11:00:57,149.65,3997658
2021-06-23 11:01:00,149.7,3997660
2021-06-23 11:01:03,149.7,3997660
2021-06-23 11:01:05,149.65,3997761
2021-06-23 11:01:07,149.7,3997792
2021-06-23 11:01:10,149.7,3997792
2021-06-23 11:01:12,149.7,3997792
2021-06-23 11:01:14,149.7,3997792
2021-06-23 11:01:16,149.7,3997902
2021-06-23 11:01:18,149.65,3998102
2021-06-23 11:01:20,149.7,3998103
2021-06-23 11:01:22,149.7,3998113
2021-06-23 11:01:25,149.7,3998234
2021-06-23 11:01:27,149.7,3998334
2021-06-23 11:01:29,149.7,3998334
2021-06-23 11:01:31,149.7,3998385
2021-06-23 11:01:33,149.7,3998385
2021-06-23 11:01:36,149.65,3999386
2021-06-23 11:01:39,149.7,3999389
2021-06-23 11:01:43,149.7,4001909
2021-06-23 11:01:46,149.6,4001911
2021-06-23 11:01:48,149.7,4001936
2021-06-23 11:01:51,149.6,4001942
2021-06-23 11:01:54,149.6,4001942
2021-06-23 11:01:57,149.65,4002163
2021-06-23 11:01:59,149.7,4002362
2021-06-23 11:02:02,149.7,4002379
2021-06-23 11:02:04,149.7,4002379
2021-06-23 11:02:06,149.7,4002380
2021-06-23 11:02:09,149.6,4003634
2021-06-23 11:02:11,149.7,4004225
2021-06-23 11:02:14,149.7,4004227
2021-06-23 11:02:17,149.7,4004232
2021-06-23 11:02:20,149.7,4004352
2021-06-23 11:02:22,149.6,4004852
2021-06-23 11:02:25,149.6,4004990
2021-06-23 11:02:27,149.65,4005000
2021-06-23 11:02:29,149.65,4005001
2021-06-23 11:02:31,149.65,4005001
2021-06-23 11:02:33,149.6,4005503
2021-06-23 11:02:36,149.6,4005503
2021-06-23 11:02:38,149.65,4005505
2021-06-23 11:02:41,149.65,4006467
2021-06-23 11:02:43,149.65,4006467
2021-06-23 11:02:46,149.6,4006538
2021-06-23 11:02:48,149.65,4006550
2021-06-23 11:02:50,149.6,4006551
2021-06-23 11:02:52,149.65,4006552
2021-06-23 11:02:54,149.65,4006554
2021-06-23 11:02:57,149.65,4007515
2021-06-23 11:03:00,149.65,4007516
2021-06-23 11:03:02,149.65,4007616
2021-06-23 11:03:04,149.65,4011041
2021-06-23 11:03:06,149.65,4011044
2021-06-23 11:03:08,149.65,4011096
2021-06-23 11:03:10,149.6,4011497
2021-06-23 11:03:13,149.6,4011497
2021-06-23 11:03:15,149.65,4011602
2021-06-23 11:03:17,149.65,4011669
2021-06-23 11:03:20,149.65,4012145
2021-06-23 11:03:22,149.65,4012150
2021-06-23 11:03:24,149.65,4012150
2021-06-23 11:03:26,149.65,4012151
2021-06-23 11:03:29,149.65,4012151
2021-06-23 11:03:31,149.65,4012462
2021-06-23 11:03:35,149.65,4012672
2021-06-23 11:03:38,149.6,4013385
2021-06-23 11:03:41,149.6,4013421
2021-06-23 11:03:43,149.65,4023972
2021-06-23 11:03:46,149.6,4024002
2021-06-23 11:03:48,149.65,4024010
2021-06-23 11:03:51,149.65,4024011
2021-06-23 11:03:55,149.6,4024211
2021-06-23 11:04:00,149.65,4024259
2021-06-23 11:04:03,149.65,4024259
2021-06-23 11:04:05,149.65,4024539
2021-06-23 11:04:08,149.55,4025259
2021-06-23 11:04:10,149.6,4025359
2021-06-23 11:04:12,149.55,4026207
2021-06-23 11:04:14,149.55,4026207
2021-06-23 11:04:17,149.6,4026212
2021-06-23 11:04:17,149.6,4026212
2021-06-23 11:04:19,149.65,4026389
2021-06-23 11:04:21,149.55,4026539
2021-06-23 11:04:24,149.55,4026539
2021-06-23 11:04:26,149.55,4026539
2021-06-23 11:04:29,149.6,4026581
2021-06-23 11:04:33,149.6,4026581
2021-06-23 11:04:36,149.55,4026780
2021-06-23 11:04:38,149.6,4027306
2021-06-23 11:04:41,149.55,4027607
2021-06-23 11:04:44,149.6,4027735
2021-06-23 11:04:47,149.6,4028286
2021-06-23 11:04:50,149.6,4028314
2021-06-23 11:04:52,149.55,4028326
2021-06-23 11:04:55,149.55,4028326
2021-06-23 11:04:57,149.65,4028476
2021-06-23 11:04:59,149.55,4028726
2021-06-23 11:05:02,149.55,4029026
2021-06-23 11:05:04,149.55,4029026
2021-06-23 11:05:07,149.55,4029026
2021-06-23 11:05:09,149.55,4029026
2021-06-23 11:05:11,149.55,4029026
2021-06-23 11:05:14,149.55,4029118
2021-06-23 11:05:16,149.6,4029154
2021-06-23 11:05:21,149.55,4029161
2021-06-23 11:05:23,149.6,4029162
2021-06-23 11:05:24,149.6,4029162
2021-06-23 11:05:24,149.6,4029162
2021-06-23 11:05:25,149.6,4029162
2021-06-23 11:05:26,149.55,4029398
2021-06-23 11:05:27,149.5,4031590
2021-06-23 11:05:28,149.5,4031590
2021-06-23 11:05:29,149.6,4031663
2021-06-23 11:05:30,149.5,4031707
2021-06-23 11:05:31,149.6,4031709
2021-06-23 11:05:32,149.6,4031709
2021-06-23 11:05:33,149.6,4031709
2021-06-23 11:05:34,149.6,4031709
2021-06-23 11:05:35,149.6,4031709
2021-06-23 11:05:36,149.6,4031709
2021-06-23 11:05:37,149.6,4031709
2021-06-23 11:05:39,149.6,4031788
2021-06-23 11:05:39,149.6,4031788
2021-06-23 11:05:40,149.6,4031788
2021-06-23 11:05:41,149.6,4031788
2021-06-23 11:05:42,149.6,4031788
2021-06-23 11:05:43,149.6,4031788
2021-06-23 11:05:45,149.6,4031788
2021-06-23 11:05:45,149.6,4031788
2021-06-23 11:05:46,149.6,4031788
2021-06-23 11:05:47,149.6,4031788
2021-06-23 11:05:48,149.6,4031788
2021-06-23 11:05:49,149.6,4031788
2021-06-23 11:05:50,149.6,4031788
2021-06-23 11:05:52,149.6,4032198
2021-06-23 11:05:53,149.6,4032198
2021-06-23 11:05:54,149.6,4032198
2021-06-23 11:05:55,149.6,4032198
2021-06-23 11:05:56,149.6,4032198
2021-06-23 11:05:57,149.6,4032198
2021-06-23 11:05:58,149.6,4032200
2021-06-23 11:05:59,149.6,4032200
2021-06-23 11:06:00,149.6,4032200
2021-06-23 11:06:01,149.5,4032224
2021-06-23 11:06:02,149.5,4032924
2021-06-23 11:06:03,149.6,4033424
2021-06-23 11:06:04,149.6,4033424
2021-06-23 11:06:05,149.6,4033424
2021-06-23 11:06:06,149.6,4033424
2021-06-23 11:06:07,149.6,4033424
2021-06-23 11:06:08,149.6,4033433
2021-06-23 11:06:10,149.6,4033438
2021-06-23 11:06:10,149.6,4033438
2021-06-23 11:06:11,149.6,4033459
2021-06-23 11:06:12,149.55,4033484
2021-06-23 11:06:13,149.6,4033486
2021-06-23 11:06:14,149.6,4033493
2021-06-23 11:06:15,149.6,4033493
2021-06-23 11:06:16,149.6,4033660
2021-06-23 11:06:18,149.6,4033670
2021-06-23 11:06:18,149.6,4033670
2021-06-23 11:06:19,149.6,4033670
2021-06-23 11:06:20,149.6,4033670
2021-06-23 11:06:24,149.55,4033798
2021-06-23 11:06:25,149.55,4033801
2021-06-23 11:06:26,149.55,4033846
2021-06-23 11:06:27,149.55,4033846
2021-06-23 11:06:28,149.6,4033847
2021-06-23 11:06:29,149.6,4033847
2021-06-23 11:06:30,149.55,4039885
2021-06-23 11:06:31,149.55,4039890
2021-06-23 11:06:33,149.55,4039890
2021-06-23 11:06:33,149.65,4040855
2021-06-23 11:06:34,149.65,4040855
2021-06-23 11:06:35,149.65,4040855
2021-06-23 11:06:36,149.65,4040855
2021-06-23 11:06:37,149.65,4040855
2021-06-23 11:06:38,149.65,4041054
2021-06-23 11:06:40,149.65,4041054
2021-06-23 11:06:41,149.65,4041054
2021-06-23 11:06:42,149.6,4041065
2021-06-23 11:06:43,149.6,4041065
2021-06-23 11:06:44,149.65,4041354
2021-06-23 11:06:45,149.65,4041390
2021-06-23 11:06:46,149.55,4041414
2021-06-23 11:06:47,149.55,4041415
2021-06-23 11:06:48,149.65,4041419
2021-06-23 11:06:49,149.55,4041469
2021-06-23 11:06:50,149.55,4041469
2021-06-23 11:06:51,149.55,4041519
2021-06-23 11:06:53,149.6,4041639
2021-06-23 11:06:54,149.6,4041639
2021-06-23 11:06:55,149.55,4041654
2021-06-23 11:06:56,149.6,4041656
2021-06-23 11:06:57,149.6,4041656
2021-06-23 11:06:58,149.6,4041656
2021-06-23 11:06:59,149.6,4041656
2021-06-23 11:07:01,149.6,4041656
2021-06-23 11:07:01,149.6,4041656
2021-06-23 11:07:02,149.6,4041666
2021-06-23 11:07:03,149.6,4041666
2021-06-23 11:07:04,149.6,4041667
2021-06-23 11:07:05,149.55,4041668
2021-06-23 11:07:06,149.6,4041771
2021-06-23 11:07:07,149.6,4041771
2021-06-23 11:07:08,149.6,4041777
2021-06-23 11:07:09,149.6,4041777
2021-06-23 11:07:10,149.55,4041783
2021-06-23 11:07:11,149.55,4041783
2021-06-23 11:07:12,149.55,4041784
2021-06-23 11:07:13,149.55,4041784
2021-06-23 11:07:14,149.6,4041788
2021-06-23 11:07:15,149.6,4041811
2021-06-23 11:07:16,149.55,4041846
2021-06-23 11:07:17,149.6,4041948
2021-06-23 11:07:18,149.6,4041948
2021-06-23 11:07:19,149.6,4041948
2021-06-23 11:07:22,149.6,4041948
2021-06-23 11:07:22,149.6,4041948
2021-06-23 11:07:23,149.65,4041998
2021-06-23 11:07:24,149.65,4041998
2021-06-23 11:07:26,149.6,4042010
2021-06-23 11:07:26,149.6,4042011
2021-06-23 11:07:28,149.6,4042011
2021-06-23 11:07:29,149.6,4042062
2021-06-23 11:07:30,149.55,4042074
2021-06-23 11:07:31,149.55,4042074
2021-06-23 11:07:31,149.55,4042074
2021-06-23 11:07:32,149.55,4042174
2021-06-23 11:07:34,149.55,4042174
2021-06-23 11:07:34,149.6,4042244
2021-06-23 11:07:35,149.55,4042255
2021-06-23 11:07:36,149.6,4042285
2021-06-23 11:07:37,149.55,4042385
2021-06-23 11:07:38,149.6,4042885
2021-06-23 11:07:39,149.6,4042885
2021-06-23 11:07:40,149.6,4042899
2021-06-23 11:07:41,149.6,4042899
2021-06-23 11:07:42,149.6,4042909
2021-06-23 11:07:45,149.55,4043009
2021-06-23 11:07:46,149.55,4043009
2021-06-23 11:07:47,149.55,4043009
2021-06-23 11:07:48,149.6,4043010
2021-06-23 11:07:49,149.65,4045011
2021-06-23 11:07:50,149.65,4045011
2021-06-23 11:07:51,149.55,4045111
2021-06-23 11:07:52,149.55,4045111
2021-06-23 11:07:53,149.65,4045141
2021-06-23 11:07:54,149.65,4045141
2021-06-23 11:07:54,149.55,4045232
2021-06-23 11:07:55,149.55,4045232
2021-06-23 11:07:56,149.55,4045232
2021-06-23 11:07:57,149.55,4045652
2021-06-23 11:07:58,149.55,4045652
2021-06-23 11:08:00,149.6,4045653
2021-06-23 11:08:00,149.6,4045653
2021-06-23 11:08:01,149.6,4045653
2021-06-23 11:08:02,149.6,4045653
2021-06-23 11:08:03,149.6,4045654
2021-06-23 11:08:04,149.6,4045834
2021-06-23 11:08:05,149.65,4046452
2021-06-23 11:08:07,149.65,4046452
2021-06-23 11:08:07,149.55,4046501
2021-06-23 11:08:08,149.65,4046552
2021-06-23 11:08:09,149.65,4046692
2021-06-23 11:08:10,149.65,4046694
2021-06-23 11:08:11,149.65,4046694
2021-06-23 11:08:12,149.65,4046694
2021-06-23 11:08:14,149.65,4046694
2021-06-23 11:08:15,149.65,4046744
2021-06-23 11:08:16,149.65,4046744
2021-06-23 11:08:17,149.65,4046744
2021-06-23 11:08:18,149.65,4046744
2021-06-23 11:08:18,149.65,4046744
2021-06-23 11:08:19,149.65,4048744
2021-06-23 11:08:20,149.65,4048744
2021-06-23 11:08:21,149.65,4048745
2021-06-23 11:08:22,149.65,4048811
2021-06-23 11:08:23,149.65,4048811
2021-06-23 11:08:24,149.65,4052052
2021-06-23 11:08:25,149.7,4052062
2021-06-23 11:08:25,149.7,4052062
2021-06-23 11:08:27,149.7,4052062
2021-06-23 11:08:28,149.65,4052063
2021-06-23 11:08:29,149.65,4052063
2021-06-23 11:08:30,149.65,4052063
2021-06-23 11:08:31,149.65,4052063
2021-06-23 11:08:32,149.7,4052064
2021-06-23 11:08:33,149.7,4052064
2021-06-23 11:08:34,149.7,4052064
2021-06-23 11:08:35,149.7,4052064
2021-06-23 11:08:36,149.7,4052072
2021-06-23 11:08:37,149.7,4052139
2021-06-23 11:08:38,149.7,4052139
2021-06-23 11:08:39,149.7,4052390
2021-06-23 11:08:40,149.7,4052890
2021-06-23 11:08:41,149.7,4052890
2021-06-23 11:08:42,149.65,4052965
2021-06-23 11:08:43,149.7,4053021
2021-06-23 11:08:44,149.65,4053041
2021-06-23 11:08:45,149.65,4053041
2021-06-23 11:08:46,149.65,4053041
2021-06-23 11:08:47,149.65,4053042
2021-06-23 11:08:48,149.7,4053056
2021-06-23 11:08:50,149.7,4053056
2021-06-23 11:08:51,149.65,4053168
2021-06-23 11:08:51,149.65,4053168
2021-06-23 11:08:52,149.65,4053368
2021-06-23 11:08:53,149.65,4053368
2021-06-23 11:08:54,149.7,4053373
2021-06-23 11:08:55,149.7,4053375
2021-06-23 11:08:56,149.65,4053425
2021-06-23 11:08:58,149.65,4053425
2021-06-23 11:08:58,149.65,4053425
2021-06-23 11:09:00,149.7,4053428
2021-06-23 11:09:01,149.7,4053428
2021-06-23 11:09:02,149.7,4053438
2021-06-23 11:09:03,149.7,4053438
2021-06-23 11:09:03,149.7,4053438
2021-06-23 11:09:04,149.7,4053438
2021-06-23 11:09:05,149.7,4053438
2021-06-23 11:09:06,149.7,4053438
2021-06-23 11:09:07,149.7,4053448
2021-06-23 11:09:08,149.7,4053498
2021-06-23 11:09:09,149.65,4053510
2021-06-23 11:09:10,149.7,4053511
2021-06-23 11:09:11,149.7,4053511
2021-06-23 11:09:12,149.7,4053511
2021-06-23 11:09:13,149.7,4053511
2021-06-23 11:09:14,149.7,4053523
2021-06-23 11:09:15,149.7,4053523
2021-06-23 11:09:16,149.7,4053524
2021-06-23 11:09:17,149.7,4053524
2021-06-23 11:09:18,149.7,4053524
2021-06-23 11:09:19,149.7,4053524
2021-06-23 11:09:20,149.7,4053524
2021-06-23 11:09:21,149.65,4053675
2021-06-23 11:09:22,149.65,4053675
2021-06-23 11:09:23,149.65,4053675
2021-06-23 11:09:24,149.65,4053675
2021-06-23 11:09:25,149.65,4053675
2021-06-23 11:09:25,149.65,4053675
2021-06-23 11:09:26,149.65,4053675
2021-06-23 11:09:27,149.7,4053676
2021-06-23 11:09:29,149.65,4053677
2021-06-23 11:09:30,149.65,4053677
2021-06-23 11:09:31,149.65,4054177
2021-06-23 11:09:32,149.65,4054278
2021-06-23 11:09:33,149.65,4054278
2021-06-23 11:09:34,149.65,4054278
2021-06-23 11:09:37,149.65,4054278
2021-06-23 11:09:38,149.65,4054278
2021-06-23 11:09:39,149.65,4054278
2021-06-23 11:09:39,149.65,4054278
2021-06-23 11:09:40,149.65,4054278
2021-06-23 11:09:41,149.65,4054278
2021-06-23 11:09:42,149.65,4054382
2021-06-23 11:09:43,149.65,4054382
2021-06-23 11:09:44,149.65,4054382
2021-06-23 11:09:45,149.6,4055382
2021-06-23 11:09:46,149.65,4055384
2021-06-23 11:09:47,149.65,4055385
2021-06-23 11:09:49,149.65,4055385
2021-06-23 11:09:50,149.65,4055385
2021-06-23 11:09:51,149.65,4055385
2021-06-23 11:09:52,149.65,4055385
2021-06-23 11:09:53,149.7,4055520
2021-06-23 11:09:54,149.7,4055520
2021-06-23 11:09:55,149.7,4055520
2021-06-23 11:09:56,149.7,4055520
2021-06-23 11:09:57,149.7,4055521
2021-06-23 11:09:58,149.7,4055521
2021-06-23 11:09:59,149.7,4055591
2021-06-23 11:10:00,149.7,4055591
2021-06-23 11:10:01,149.7,4055597
2021-06-23 11:10:01,149.7,4055597
2021-06-23 11:10:02,149.7,4055597
2021-06-23 11:10:03,149.7,4055597
2021-06-23 11:10:04,149.7,4055597
2021-06-23 11:10:05,149.7,4055597
2021-06-23 11:10:06,149.7,4055597
2021-06-23 11:10:07,149.7,4055597
2021-06-23 11:10:08,149.7,4055603
2021-06-23 11:10:10,149.7,4055604
2021-06-23 11:10:11,149.7,4055605
2021-06-23 11:10:12,149.7,4055905
2021-06-23 11:10:13,149.7,4055905
2021-06-23 11:10:14,149.7,4055905
2021-06-23 11:10:15,149.7,4055905
2021-06-23 11:10:16,149.7,4055905
2021-06-23 11:10:17,149.7,4055905
2021-06-23 11:10:18,149.65,4055955
2021-06-23 11:10:19,149.7,4055960
2021-06-23 11:10:20,149.7,4055960
2021-06-23 11:10:21,149.7,4055960
2021-06-23 11:10:22,149.7,4055960
2021-06-23 11:10:23,149.7,4055960
2021-06-23 11:10:25,149.6,4056595
2021-06-23 11:10:27,149.7,4056623
2021-06-23 11:10:29,149.7,4057391
2021-06-23 11:10:32,149.6,4057619
2021-06-23 11:10:34,149.7,4057620
2021-06-23 11:10:36,149.7,4057620
2021-06-23 11:10:39,149.7,4057730
2021-06-23 11:10:41,149.7,4057840
2021-06-23 11:10:43,149.7,4057844
2021-06-23 11:10:45,149.7,4058144
2021-06-23 11:10:47,149.6,4060322
2021-06-23 11:10:49,149.7,4060323
2021-06-23 11:10:52,149.7,4060358
2021-06-23 11:10:54,149.7,4060358
2021-06-23 11:10:56,149.7,4060488
2021-06-23 11:10:58,149.7,4060788
2021-06-23 11:11:00,149.7,4060788
2021-06-23 11:11:02,149.65,4060789
2021-06-23 11:11:04,149.65,4060789
2021-06-23 11:11:07,149.7,4060890
2021-06-23 11:11:10,149.7,4060895
2021-06-23 11:11:12,149.7,4060900
2021-06-23 11:11:14,149.7,4061401
2021-06-23 11:11:16,149.7,4061656
2021-06-23 11:11:21,149.7,4061959
2021-06-23 11:11:24,149.7,4061975
2021-06-23 11:11:26,149.7,4062175
2021-06-23 11:11:29,149.7,4062175
2021-06-23 11:11:31,149.7,4062625
2021-06-23 11:11:34,149.65,4062631
2021-06-23 11:11:36,149.7,4062841
2021-06-23 11:11:38,149.7,4063865
2021-06-23 11:11:41,149.65,4064512
2021-06-23 11:11:43,149.7,4065512
2021-06-23 11:11:45,149.7,4066584
2021-06-23 11:11:48,149.7,4067683
2021-06-23 11:11:50,149.7,4067784
2021-06-23 11:11:52,149.65,4069816
2021-06-23 11:11:54,149.65,4069816
2021-06-23 11:11:57,149.65,4069866
2021-06-23 11:11:59,149.7,4071366
2021-06-23 11:12:02,149.65,4071646
2021-06-23 11:12:05,149.65,4071646
2021-06-23 11:12:08,149.65,4071646
2021-06-23 11:12:10,149.7,4071696
2021-06-23 11:12:13,149.7,4071804
2021-06-23 11:12:15,149.65,4071807
2021-06-23 11:12:18,149.7,4082764
2021-06-23 11:12:20,149.75,4082777
2021-06-23 11:12:22,149.75,4082777
2021-06-23 11:12:24,149.7,4082886
2021-06-23 11:12:27,149.7,4082886
2021-06-23 11:12:32,149.7,4083011
2021-06-23 11:12:34,149.7,4083027
2021-06-23 11:12:37,149.7,4083432
2021-06-23 11:12:39,149.7,4083432
2021-06-23 11:12:41,149.7,4083432
2021-06-23 11:12:44,149.7,4084163
2021-06-23 11:12:46,149.7,4084228
2021-06-23 11:12:49,149.75,4084428
2021-06-23 11:12:52,149.7,4084528
2021-06-23 11:12:54,149.7,4084528
2021-06-23 11:12:56,149.75,4084530
2021-06-23 11:13:01,149.75,4085285
2021-06-23 11:13:04,149.7,4085290
2021-06-23 11:13:06,149.65,4086735
2021-06-23 11:13:08,149.65,4086735
2021-06-23 11:13:10,149.65,4086826
2021-06-23 11:13:13,149.65,4087126
2021-06-23 11:13:15,149.7,4087247
2021-06-23 11:13:18,149.7,4087247
2021-06-23 11:13:20,149.7,4087865
2021-06-23 11:13:22,149.7,4087885
2021-06-23 11:13:24,149.65,4087946
2021-06-23 11:13:27,149.75,4088516
2021-06-23 11:13:29,149.75,4088526
2021-06-23 11:13:31,149.75,4088526
2021-06-23 11:13:31,149.75,4088526
2021-06-23 11:13:34,149.75,4088577
2021-06-23 11:13:36,149.75,4088577
2021-06-23 11:13:38,149.7,4088603
2021-06-23 11:13:40,149.75,4088616
2021-06-23 11:13:42,149.75,4088618
2021-06-23 11:13:44,149.7,4088723
2021-06-23 11:13:46,149.7,4088723
2021-06-23 11:13:49,149.7,4088723
2021-06-23 11:13:51,149.7,4089919
2021-06-23 11:13:53,149.7,4090021
2021-06-23 11:13:55,149.7,4090082
2021-06-23 11:13:57,149.7,4090141
2021-06-23 11:13:59,149.7,4090141
2021-06-23 11:14:02,149.65,4090197
2021-06-23 11:14:04,149.65,4094103
2021-06-23 11:14:06,149.65,4094321
2021-06-23 11:14:08,149.65,4094323
2021-06-23 11:14:10,149.7,4094386
2021-06-23 11:14:12,149.7,4094862
2021-06-23 11:14:15,149.7,4094863
2021-06-23 11:14:17,149.7,4094963
2021-06-23 11:14:20,149.7,4095063
2021-06-23 11:14:22,149.7,4095133
2021-06-23 11:14:25,149.7,4095205
2021-06-23 11:14:28,149.7,4095256
2021-06-23 11:14:30,149.65,4095506
2021-06-23 11:14:33,149.7,4095692
2021-06-23 11:14:33,149.7,4095692
2021-06-23 11:14:36,149.7,4095697
2021-06-23 11:14:39,149.7,4096218
2021-06-23 11:14:41,149.7,4096227
2021-06-23 11:14:43,149.7,4096227
2021-06-23 11:14:46,149.7,4096227
2021-06-23 11:14:48,149.7,4098366
2021-06-23 11:14:50,149.7,4098366
2021-06-23 11:14:52,149.7,4098366
2021-06-23 11:14:55,149.65,4101660
2021-06-23 11:14:58,149.6,4102168
2021-06-23 11:15:01,149.6,4102243
2021-06-23 11:15:04,149.7,4103243
2021-06-23 11:15:06,149.7,4103263
2021-06-23 11:15:09,149.7,4103263
2021-06-23 11:15:11,149.7,4103263
2021-06-23 11:15:14,149.7,4103268
2021-06-23 11:15:18,149.7,4103368
2021-06-23 11:15:20,149.7,4103372
2021-06-23 11:15:23,149.65,4103501
2021-06-23 11:15:26,149.7,4103502
2021-06-23 11:15:28,149.65,4103503
2021-06-23 11:15:31,149.65,4103503
2021-06-23 11:15:34,149.7,4104137
2021-06-23 11:15:34,149.7,4104137
2021-06-23 11:15:37,149.7,4104137
2021-06-23 11:15:39,149.6,4104138
2021-06-23 11:15:42,149.7,4104824
2021-06-23 11:15:44,149.7,4104825
