timestamp,ltp,volume
2021-06-23 09:16:37,4286.9,12855
2021-06-23 09:16:42,4284.05,12968
2021-06-23 09:16:52,4286.4,13287
2021-06-23 09:16:57,4286.0,13439
2021-06-23 09:17:07,4285.9,13999
2021-06-23 09:17:13,4285.0,14116
2021-06-23 09:17:18,4284.0,14133
2021-06-23 09:17:23,4284.0,14279
2021-06-23 09:17:28,4285.3,14752
2021-06-23 09:17:43,4288.7,16719
2021-06-23 09:17:48,4289.2,16910
2021-06-23 09:17:53,4288.95,17042
2021-06-23 09:17:58,4290.55,17238
2021-06-23 09:18:03,4289.35,17415
2021-06-23 09:18:08,4289.35,17905
2021-06-23 09:18:12,4290.25,18235
2021-06-23 09:18:17,4291.15,18518
2021-06-23 09:18:22,4291.2,18579
2021-06-23 09:18:32,4290.15,19102
2021-06-23 09:18:38,4289.15,19334
2021-06-23 09:18:47,4291.05,19440
2021-06-23 09:18:52,4293.85,19604
2021-06-23 09:18:57,4293.95,19655
2021-06-23 09:19:02,4287.7,20125
2021-06-23 09:19:12,4291.15,20955
2021-06-23 09:19:17,4294.95,21063
2021-06-23 09:19:22,4293.2,21134
2021-06-23 09:19:26,4293.0,21299
2021-06-23 09:19:36,4290.0,22862
2021-06-23 09:19:41,4289.35,23506
2021-06-23 09:19:46,4288.0,23701
2021-06-23 09:19:50,4289.15,23999
2021-06-23 09:19:55,4289.15,24053
2021-06-23 09:20:00,4287.05,24090
2021-06-23 09:20:05,4288.85,24139
2021-06-23 09:20:10,4288.0,24260
2021-06-23 09:20:14,4287.95,24312
2021-06-23 09:20:19,4287.0,24340
2021-06-23 09:20:23,4286.8,24380
2021-06-23 09:20:24,4286.6,24415
2021-06-23 09:20:25,4284.05,24800
2021-06-23 09:20:26,4286.75,24901
2021-06-23 09:20:27,4286.75,24901
2021-06-23 09:20:29,4285.0,24962
2021-06-23 09:20:29,4285.0,24962
2021-06-23 09:20:30,4286.65,24986
2021-06-23 09:20:31,4286.7,25040
2021-06-23 09:20:32,4285.3,25074
2021-06-23 09:20:33,4285.3,25087
2021-06-23 09:20:34,4285.3,25099
2021-06-23 09:20:35,4285.0,25124
2021-06-23 09:20:36,4285.0,25135
2021-06-23 09:20:37,4285.0,25136
2021-06-23 09:20:38,4285.0,25137
2021-06-23 09:20:39,4285.0,25137
2021-06-23 09:20:41,4284.5,25148
2021-06-23 09:20:42,4285.0,25149
2021-06-23 09:20:43,4283.45,25486
2021-06-23 09:20:44,4282.3,26096
2021-06-23 09:20:45,4282.0,26220
2021-06-23 09:20:46,4282.0,26259
2021-06-23 09:20:47,4282.0,26266
2021-06-23 09:20:48,4282.0,26270
2021-06-23 09:20:49,4282.0,26272
2021-06-23 09:20:50,4282.0,26272
2021-06-23 09:20:50,4282.0,26272
2021-06-23 09:20:51,4282.0,26273
2021-06-23 09:20:52,4282.4,26331
2021-06-23 09:20:53,4282.4,26337
2021-06-23 09:20:54,4280.7,26338
2021-06-23 09:20:55,4283.05,26346
2021-06-23 09:20:56,4283.0,26348
2021-06-23 09:20:57,4283.0,26349
2021-06-23 09:20:58,4283.0,26449
2021-06-23 09:21:00,4282.7,26481
2021-06-23 09:21:01,4282.55,26495
2021-06-23 09:21:02,4282.55,26497
2021-06-23 09:21:03,4280.0,26799
2021-06-23 09:21:04,4281.85,26848
2021-06-23 09:21:05,4281.85,26848
2021-06-23 09:21:06,4281.1,26853
2021-06-23 09:21:07,4281.85,26874
2021-06-23 09:21:08,4281.85,26877
2021-06-23 09:21:09,4281.85,26877
2021-06-23 09:21:10,4281.85,26877
2021-06-23 09:21:11,4282.0,26882
2021-06-23 09:21:12,4281.65,26892
2021-06-23 09:21:13,4280.25,27166
2021-06-23 09:21:14,4281.0,27209
2021-06-23 09:21:15,4281.05,27305
2021-06-23 09:21:16,4280.0,27310
2021-06-23 09:21:17,4281.55,27351
2021-06-23 09:21:18,4280.05,27438
2021-06-23 09:21:19,4280.05,27451
2021-06-23 09:21:20,4278.75,27459
2021-06-23 09:21:21,4279.9,27751
2021-06-23 09:21:22,4277.35,27799
2021-06-23 09:21:23,4276.0,27821
2021-06-23 09:21:24,4276.0,27840
2021-06-23 09:21:25,4275.5,27948
2021-06-23 09:21:26,4275.5,27948
2021-06-23 09:21:27,4273.25,28025
2021-06-23 09:21:30,4276.3,28077
2021-06-23 09:21:31,4273.35,28084
2021-06-23 09:21:32,4273.15,28095
2021-06-23 09:21:33,4275.4,28096
2021-06-23 09:21:34,4272.55,28139
2021-06-23 09:21:36,4272.7,28150
2021-06-23 09:21:39,4274.95,28217
2021-06-23 09:21:40,4274.9,28316
2021-06-23 09:21:40,4274.9,28316
2021-06-23 09:21:41,4274.9,28325
2021-06-23 09:21:42,4274.95,28337
2021-06-23 09:21:43,4272.2,28543
2021-06-23 09:21:44,4274.8,28585
2021-06-23 09:21:46,4272.75,28592
2021-06-23 09:21:47,4274.7,28619
2021-06-23 09:21:48,4274.75,28623
2021-06-23 09:21:49,4271.35,28725
2021-06-23 09:21:50,4273.85,28756
2021-06-23 09:21:51,4274.35,28797
2021-06-23 09:21:52,4271.8,28804
2021-06-23 09:21:53,4274.0,28818
2021-06-23 09:21:54,4273.7,28825
2021-06-23 09:21:54,4273.7,28825
2021-06-23 09:21:55,4274.05,28843
2021-06-23 09:21:56,4274.0,28868
2021-06-23 09:21:57,4274.0,28874
2021-06-23 09:21:58,4273.0,29042
2021-06-23 09:21:59,4274.3,29080
2021-06-23 09:22:00,4274.3,29102
2021-06-23 09:22:01,4276.4,29197
2021-06-23 09:22:02,4276.35,29204
2021-06-23 09:22:03,4276.5,29279
2021-06-23 09:22:04,4275.9,29682
2021-06-23 09:22:05,4277.0,29796
2021-06-23 09:22:06,4277.0,29868
2021-06-23 09:22:07,4277.0,29878
2021-06-23 09:22:08,4277.0,29882
2021-06-23 09:22:09,4277.0,29899
2021-06-23 09:22:10,4277.0,29902
2021-06-23 09:22:11,4277.0,29902
2021-06-23 09:22:12,4277.0,29902
2021-06-23 09:22:13,4277.0,29902
2021-06-23 09:22:14,4277.0,29902
2021-06-23 09:22:15,4276.8,29978
2021-06-23 09:22:16,4275.15,30050
2021-06-23 09:22:17,4276.85,30189
2021-06-23 09:22:18,4276.85,30189
2021-06-23 09:22:19,4276.85,30189
2021-06-23 09:22:20,4276.9,30191
2021-06-23 09:22:21,4277.0,30271
2021-06-23 09:22:23,4277.0,30283
2021-06-23 09:22:24,4277.0,30318
2021-06-23 09:22:25,4276.9,30518
2021-06-23 09:22:26,4277.0,30848
2021-06-23 09:22:27,4277.0,30934
2021-06-23 09:22:28,4277.0,30936
2021-06-23 09:22:30,4277.0,31034
2021-06-23 09:22:31,4277.35,31042
2021-06-23 09:22:32,4276.45,31313
2021-06-23 09:22:33,4276.65,32084
2021-06-23 09:22:34,4276.65,32084
2021-06-23 09:22:35,4276.65,32086
2021-06-23 09:22:36,4277.25,32186
2021-06-23 09:22:37,4277.35,32312
2021-06-23 09:22:38,4278.05,32314
2021-06-23 09:22:39,4277.5,32417
2021-06-23 09:22:40,4277.8,32432
2021-06-23 09:22:41,4275.65,32434
2021-06-23 09:22:42,4275.65,32434
2021-06-23 09:22:43,4275.65,32434
2021-06-23 09:22:44,4275.65,32434
2021-06-23 09:22:45,4275.25,32458
2021-06-23 09:22:45,4275.5,32459
2021-06-23 09:22:46,4276.65,32677
2021-06-23 09:22:47,4277.1,32718
2021-06-23 09:22:48,4277.1,32718
2021-06-23 09:22:49,4278.35,32726
2021-06-23 09:22:50,4278.35,32728
2021-06-23 09:22:51,4278.3,32755
2021-06-23 09:22:52,4275.55,32780
2021-06-23 09:22:53,4277.1,32814
2021-06-23 09:22:54,4276.15,32822
2021-06-23 09:22:56,4277.8,32823
2021-06-23 09:22:57,4277.8,32823
2021-06-23 09:22:57,4277.8,32823
2021-06-23 09:22:58,4278.05,32842
2021-06-23 09:22:59,4277.8,32875
2021-06-23 09:23:02,4278.0,32929
2021-06-23 09:23:03,4275.35,33091
2021-06-23 09:23:04,4275.4,33133
2021-06-23 09:23:05,4275.4,33135
2021-06-23 09:23:06,4274.75,33348
2021-06-23 09:23:07,4277.65,33473
2021-06-23 09:23:08,4278.05,33479
2021-06-23 09:23:09,4278.05,33479
2021-06-23 09:23:10,4278.25,33483
2021-06-23 09:23:11,4278.25,33520
2021-06-23 09:23:12,4278.25,33520
2021-06-23 09:23:13,4278.25,33520
2021-06-23 09:23:14,4276.25,33521
2021-06-23 09:23:15,4278.65,33594
2021-06-23 09:23:16,4278.65,33603
2021-06-23 09:23:17,4278.65,33603
2021-06-23 09:23:18,4277.0,33703
2021-06-23 09:23:20,4278.65,33720
2021-06-23 09:23:21,4276.45,33723
2021-06-23 09:23:22,4278.5,33726
2021-06-23 09:23:23,4278.65,33764
2021-06-23 09:23:24,4278.65,33766
2021-06-23 09:23:24,4278.65,33766
2021-06-23 09:23:25,4278.65,33766
2021-06-23 09:23:26,4278.65,33766
2021-06-23 09:23:27,4278.65,33766
2021-06-23 09:23:28,4278.65,33768
2021-06-23 09:23:29,4275.4,33864
2021-06-23 09:23:30,4277.85,33880
2021-06-23 09:23:31,4275.2,33905
2021-06-23 09:23:32,4276.5,33910
2021-06-23 09:23:33,4276.5,33910
2021-06-23 09:23:34,4276.5,33910
2021-06-23 09:23:35,4277.7,33912
2021-06-23 09:23:36,4277.9,33918
2021-06-23 09:23:37,4275.0,34092
2021-06-23 09:23:38,4275.35,34127
2021-06-23 09:23:39,4275.35,34128
2021-06-23 09:23:40,4275.35,34132
2021-06-23 09:23:41,4275.35,34142
2021-06-23 09:23:42,4272.65,34229
2021-06-23 09:23:44,4275.7,34246
2021-06-23 09:23:45,4275.7,34250
2021-06-23 09:23:46,4275.7,34271
2021-06-23 09:23:47,4275.7,34271
2021-06-23 09:23:48,4275.7,34271
2021-06-23 09:23:49,4275.7,34271
2021-06-23 09:23:51,4275.7,34271
2021-06-23 09:23:52,4275.7,34272
2021-06-23 09:23:53,4276.7,34275
2021-06-23 09:23:54,4276.7,34275
2021-06-23 09:23:55,4276.7,34275
2021-06-23 09:23:57,4275.7,34281
2021-06-23 09:23:58,4275.7,34281
2021-06-23 09:23:59,4275.7,34380
2021-06-23 09:24:00,4275.35,34398
2021-06-23 09:24:01,4275.35,34398
2021-06-23 09:24:02,4275.35,34398
2021-06-23 09:24:03,4275.35,34398
2021-06-23 09:24:04,4275.35,34448
2021-06-23 09:24:05,4275.35,34452
2021-06-23 09:24:07,4274.95,34474
2021-06-23 09:24:08,4274.95,34474
2021-06-23 09:24:12,4275.35,34552
2021-06-23 09:24:13,4273.55,34652
2021-06-23 09:24:15,4275.35,34694
2021-06-23 09:24:16,4275.35,34733
2021-06-23 09:24:17,4275.35,34749
2021-06-23 09:24:17,4275.35,34749
2021-06-23 09:24:18,4277.9,34752
2021-06-23 09:24:19,4277.9,34752
2021-06-23 09:24:20,4277.9,34752
2021-06-23 09:24:21,4275.35,34754
2021-06-23 09:24:22,4275.35,34754
2021-06-23 09:24:23,4277.55,34771
2021-06-23 09:24:24,4277.55,34771
2021-06-23 09:24:25,4277.55,34771
2021-06-23 09:24:27,4277.55,34773
2021-06-23 09:24:28,4277.55,34773
2021-06-23 09:24:29,4277.55,34773
2021-06-23 09:24:30,4277.55,34773
2021-06-23 09:24:31,4277.55,34773
2021-06-23 09:24:32,4277.8,34776
2021-06-23 09:24:33,4276.1,34961
2021-06-23 09:24:34,4276.1,34961
2021-06-23 09:24:35,4276.1,34963
2021-06-23 09:24:36,4276.1,34963
2021-06-23 09:24:36,4276.1,34963
2021-06-23 09:24:37,4276.1,34963
2021-06-23 09:24:39,4277.55,34965
2021-06-23 09:24:40,4277.9,34990
2021-06-23 09:24:41,4277.9,35001
2021-06-23 09:24:42,4277.9,35001
2021-06-23 09:24:43,4277.9,35001
2021-06-23 09:24:44,4277.9,35001
2021-06-23 09:24:45,4277.55,35010
2021-06-23 09:24:47,4277.55,35010
2021-06-23 09:24:48,4277.55,35010
2021-06-23 09:24:49,4278.0,35080
2021-06-23 09:24:50,4279.0,35109
2021-06-23 09:24:51,4278.85,35116
2021-06-23 09:24:52,4278.85,35116
2021-06-23 09:24:53,4278.85,35116
2021-06-23 09:24:54,4278.85,35116
2021-06-23 09:24:55,4278.85,35116
2021-06-23 09:24:56,4277.85,35400
2021-06-23 09:24:57,4277.85,35400
2021-06-23 09:24:58,4278.85,35413
2021-06-23 09:24:59,4278.85,35436
2021-06-23 09:25:00,4278.85,35436
2021-06-23 09:25:01,4278.85,35436
2021-06-23 09:25:02,4278.85,35436
2021-06-23 09:25:03,4278.85,35436
2021-06-23 09:25:03,4278.85,35436
2021-06-23 09:25:04,4278.85,35436
2021-06-23 09:25:05,4278.8,35447
2021-06-23 09:25:06,4278.8,35447
2021-06-23 09:25:07,4278.8,35447
2021-06-23 09:25:09,4278.8,35447
2021-06-23 09:25:11,4275.95,35488
2021-06-23 09:25:12,4275.95,35488
2021-06-23 09:25:13,4276.1,35490
2021-06-23 09:25:14,4276.1,35490
2021-06-23 09:25:16,4278.6,35493
2021-06-23 09:25:17,4278.6,35493
2021-06-23 09:25:18,4278.6,35493
2021-06-23 09:25:19,4278.8,35495
2021-06-23 09:25:20,4278.8,35495
2021-06-23 09:25:21,4278.8,35495
2021-06-23 09:25:22,4278.8,35496
2021-06-23 09:25:23,4278.8,35506
2021-06-23 09:25:24,4278.8,35508
2021-06-23 09:25:25,4278.8,35539
2021-06-23 09:25:26,4278.8,35539
2021-06-23 09:25:27,4278.8,35539
2021-06-23 09:25:28,4280.0,35541
2021-06-23 09:25:29,4280.0,35541
2021-06-23 09:25:30,4280.0,35541
2021-06-23 09:25:31,4280.0,35541
2021-06-23 09:25:32,4280.0,35541
2021-06-23 09:25:33,4280.0,35543
2021-06-23 09:25:34,4278.35,35594
2021-06-23 09:25:35,4278.8,35605
2021-06-23 09:25:35,4278.8,35605
2021-06-23 09:25:36,4278.8,35605
2021-06-23 09:25:37,4278.8,35605
2021-06-23 09:25:38,4278.8,35605
2021-06-23 09:25:39,4277.55,35635
2021-06-23 09:25:40,4277.55,35635
2021-06-23 09:25:41,4277.55,35635
2021-06-23 09:25:42,4277.55,35635
2021-06-23 09:25:43,4277.55,35635
2021-06-23 09:25:44,4277.55,35635
2021-06-23 09:25:45,4277.55,35635
2021-06-23 09:25:46,4277.55,35635
2021-06-23 09:25:47,4277.55,35635
2021-06-23 09:25:48,4277.55,35635
2021-06-23 09:25:50,4281.1,35814
2021-06-23 09:25:51,4281.9,35815
2021-06-23 09:25:51,4281.9,35815
2021-06-23 09:25:52,4283.3,35865
2021-06-23 09:25:53,4283.3,35865
2021-06-23 09:25:54,4283.3,35865
2021-06-23 09:25:56,4282.55,35872
2021-06-23 09:25:56,4282.55,35872
2021-06-23 09:25:58,4280.65,35881
2021-06-23 09:25:59,4279.55,35982
2021-06-23 09:26:00,4279.55,35982
2021-06-23 09:26:00,4276.4,36132
2021-06-23 09:26:01,4276.4,36132
2021-06-23 09:26:02,4276.4,36132
2021-06-23 09:26:03,4276.4,36132
2021-06-23 09:26:05,4276.4,36132
2021-06-23 09:26:06,4276.4,36132
2021-06-23 09:26:07,4278.95,36134
2021-06-23 09:26:08,4278.95,36134
2021-06-23 09:26:09,4278.95,36134
2021-06-23 09:26:10,4279.0,36144
2021-06-23 09:26:11,4279.0,36144
2021-06-23 09:26:12,4279.0,36144
2021-06-23 09:26:13,4279.0,36144
2021-06-23 09:26:14,4279.0,36144
2021-06-23 09:26:15,4279.0,36207
2021-06-23 09:26:16,4279.0,36207
2021-06-23 09:26:17,4276.8,36306
2021-06-23 09:26:18,4276.8,36306
2021-06-23 09:26:19,4276.8,36306
2021-06-23 09:26:19,4276.8,36306
2021-06-23 09:26:21,4276.8,36306
2021-06-23 09:26:22,4278.65,36308
2021-06-23 09:26:23,4278.65,36309
2021-06-23 09:26:24,4278.65,36310
2021-06-23 09:26:25,4278.65,36310
2021-06-23 09:26:26,4277.1,36311
2021-06-23 09:26:28,4277.1,36311
2021-06-23 09:26:29,4278.6,36331
2021-06-23 09:26:30,4277.25,36365
2021-06-23 09:26:31,4277.25,36365
2021-06-23 09:26:32,4277.25,36365
2021-06-23 09:26:33,4277.25,36365
2021-06-23 09:26:33,4277.25,36365
2021-06-23 09:26:35,4277.25,36365
2021-06-23 09:26:36,4277.0,36479
2021-06-23 09:26:37,4277.0,36479
2021-06-23 09:26:38,4277.0,36479
2021-06-23 09:26:40,4277.0,36480
2021-06-23 09:26:41,4277.0,36480
2021-06-23 09:26:42,4276.4,36481
2021-06-23 09:26:43,4276.4,36481
2021-06-23 09:26:44,4277.0,36486
2021-06-23 09:26:45,4277.0,36507
2021-06-23 09:26:46,4277.0,36593
2021-06-23 09:26:48,4277.0,36593
2021-06-23 09:26:49,4277.0,36593
2021-06-23 09:26:50,4277.0,36603
2021-06-23 09:26:51,4277.0,36603
2021-06-23 09:26:52,4277.0,36603
2021-06-23 09:26:53,4277.0,36603
2021-06-23 09:26:55,4277.0,36705
2021-06-23 09:26:55,4277.0,36705
2021-06-23 09:26:56,4277.0,36705
2021-06-23 09:26:57,4277.0,36705
2021-06-23 09:26:59,4277.0,36725
2021-06-23 09:27:00,4279.0,36728
2021-06-23 09:27:01,4279.0,36728
2021-06-23 09:27:02,4279.0,36740
2021-06-23 09:27:03,4279.0,36740
2021-06-23 09:27:04,4279.0,36740
2021-06-23 09:27:05,4279.0,36740
2021-06-23 09:27:06,4279.0,36748
2021-06-23 09:27:07,4279.0,36753
2021-06-23 09:27:08,4279.0,36753
2021-06-23 09:27:09,4279.0,36753
2021-06-23 09:27:10,4279.0,36753
2021-06-23 09:27:11,4277.05,36783
2021-06-23 09:27:12,4279.0,36785
2021-06-23 09:27:13,4279.0,36785
2021-06-23 09:27:14,4279.0,36812
2021-06-23 09:27:15,4279.0,36812
2021-06-23 09:27:16,4279.0,36813
2021-06-23 09:27:17,4279.0,36813
2021-06-23 09:27:19,4279.0,36813
2021-06-23 09:27:20,4279.0,36821
2021-06-23 09:27:21,4279.0,36824
2021-06-23 09:27:22,4279.0,36824
2021-06-23 09:27:23,4279.0,36824
2021-06-23 09:27:24,4277.1,36831
2021-06-23 09:27:25,4279.0,36845
2021-06-23 09:27:26,4279.0,36845
2021-06-23 09:27:27,4277.1,36895
2021-06-23 09:27:28,4277.1,36895
2021-06-23 09:27:29,4277.1,36895
2021-06-23 09:27:30,4279.0,37025
2021-06-23 09:27:31,4278.05,37040
2021-06-23 09:27:32,4278.05,37040
2021-06-23 09:27:33,4278.05,37040
2021-06-23 09:27:34,4278.05,37040
2021-06-23 09:27:35,4278.05,37040
2021-06-23 09:27:36,4278.05,37040
2021-06-23 09:27:37,4278.05,37040
2021-06-23 09:27:39,4278.05,37040
2021-06-23 09:27:40,4278.05,37040
2021-06-23 09:27:41,4278.05,37040
2021-06-23 09:27:42,4278.05,37040
2021-06-23 09:27:43,4278.05,37040
2021-06-23 09:27:44,4279.0,37041
2021-06-23 09:27:45,4279.0,37041
2021-06-23 09:27:46,4279.0,37044
2021-06-23 09:27:47,4279.0,37044
2021-06-23 09:27:48,4279.0,37130
2021-06-23 09:27:49,4279.0,37130
2021-06-23 09:27:50,4279.0,37130
2021-06-23 09:27:51,4279.0,37130
2021-06-23 09:27:52,4279.0,37130
2021-06-23 09:27:53,4280.3,37132
2021-06-23 09:27:54,4280.3,37132
2021-06-23 09:27:55,4280.3,37132
2021-06-23 09:27:56,4279.0,37133
2021-06-23 09:27:57,4279.0,37133
2021-06-23 09:27:58,4279.0,37143
2021-06-23 09:27:59,4279.0,37148
2021-06-23 09:28:00,4279.0,37148
2021-06-23 09:28:01,4279.0,37148
2021-06-23 09:28:02,4278.05,37279
2021-06-23 09:28:04,4278.05,37279
2021-06-23 09:28:05,4280.0,37280
2021-06-23 09:28:07,4280.0,37280
2021-06-23 09:28:08,4280.05,37300
2021-06-23 09:28:09,4280.05,37300
2021-06-23 09:28:10,4280.05,37360
2021-06-23 09:28:11,4280.05,37360
2021-06-23 09:28:13,4281.55,37371
2021-06-23 09:28:14,4281.55,37371
2021-06-23 09:28:15,4281.55,37371
2021-06-23 09:28:16,4281.45,37448
2021-06-23 09:28:17,4281.45,37448
2021-06-23 09:28:20,4280.65,37453
2021-06-23 09:28:21,4279.0,37481
2021-06-23 09:28:22,4279.8,37483
2021-06-23 09:28:23,4279.8,37483
2021-06-23 09:28:24,4280.4,37584
2021-06-23 09:28:25,4280.4,37584
2021-06-23 09:28:26,4280.4,37584
2021-06-23 09:28:27,4280.4,37584
2021-06-23 09:28:28,4280.4,37584
2021-06-23 09:28:29,4280.4,37584
2021-06-23 09:28:31,4280.55,37594
2021-06-23 09:28:32,4280.55,37594
2021-06-23 09:28:33,4280.55,37594
2021-06-23 09:28:34,4280.55,37594
2021-06-23 09:28:36,4280.8,37645
2021-06-23 09:28:37,4280.8,37645
2021-06-23 09:28:38,4280.8,37645
2021-06-23 09:28:39,4280.8,37645
2021-06-23 09:28:40,4279.0,37670
2021-06-23 09:28:41,4279.0,37670
2021-06-23 09:28:42,4280.65,37693
2021-06-23 09:28:43,4280.65,37693
2021-06-23 09:28:44,4280.65,37693
2021-06-23 09:28:45,4280.65,37693
2021-06-23 09:28:46,4280.65,37693
2021-06-23 09:28:47,4280.65,37693
2021-06-23 09:28:48,4280.65,37693
2021-06-23 09:28:49,4280.65,37697
2021-06-23 09:28:50,4280.65,37697
2021-06-23 09:28:51,4280.6,37698
2021-06-23 09:28:52,4280.6,37698
2021-06-23 09:28:53,4280.6,37698
2021-06-23 09:28:54,4280.6,37698
2021-06-23 09:28:55,4280.6,37698
2021-06-23 09:28:57,4280.6,37698
2021-06-23 09:28:58,4280.6,37698
2021-06-23 09:28:59,4280.6,37698
2021-06-23 09:29:00,4280.6,37698
2021-06-23 09:29:01,4280.6,37698
2021-06-23 09:29:02,4280.6,37698
2021-06-23 09:29:03,4280.6,37698
2021-06-23 09:29:04,4280.6,37698
2021-06-23 09:29:05,4280.75,37700
2021-06-23 09:29:06,4279.05,37737
2021-06-23 09:29:07,4279.05,37737
2021-06-23 09:29:08,4281.7,37937
2021-06-23 09:29:09,4281.7,37937
2021-06-23 09:29:10,4281.3,37988
2021-06-23 09:29:11,4281.3,37988
2021-06-23 09:29:12,4281.3,37988
2021-06-23 09:29:13,4280.6,37992
2021-06-23 09:29:14,4280.6,37992
2021-06-23 09:29:15,4279.4,37993
2021-06-23 09:29:16,4281.55,38013
2021-06-23 09:29:17,4281.55,38013
2021-06-23 09:29:18,4281.55,38013
2021-06-23 09:29:20,4281.55,38013
2021-06-23 09:29:20,4281.55,38013
2021-06-23 09:29:21,4281.3,38019
2021-06-23 09:29:23,4281.3,38019
2021-06-23 09:29:24,4281.3,38019
2021-06-23 09:29:26,4281.3,38030
2021-06-23 09:29:27,4282.0,38031
2021-06-23 09:29:28,4282.0,38032
2021-06-23 09:29:29,4282.0,38032
2021-06-23 09:29:30,4282.0,38059
2021-06-23 09:29:31,4282.0,38059
2021-06-23 09:29:32,4282.0,38061
2021-06-23 09:29:33,4281.3,38067
2021-06-23 09:29:34,4282.0,38072
2021-06-23 09:29:35,4282.0,38074
2021-06-23 09:29:36,4282.0,38074
2021-06-23 09:29:37,4282.0,38075
2021-06-23 09:29:38,4281.3,38085
2021-06-23 09:29:39,4281.3,38085
2021-06-23 09:29:40,4281.3,38085
2021-06-23 09:29:41,4281.3,38085
2021-06-23 09:29:42,4281.3,38085
2021-06-23 09:29:43,4281.3,38101
2021-06-23 09:29:44,4281.3,38101
2021-06-23 09:29:45,4281.3,38101
2021-06-23 09:29:46,4281.3,38101
2021-06-23 09:29:48,4281.3,38101
2021-06-23 09:29:49,4281.3,38101
2021-06-23 09:29:50,4281.3,38101
2021-06-23 09:29:51,4281.3,38148
2021-06-23 09:29:52,4281.3,38148
2021-06-23 09:29:53,4280.9,38149
2021-06-23 09:29:55,4281.95,38150
2021-06-23 09:29:56,4281.95,38150
2021-06-23 09:29:57,4281.95,38150
2021-06-23 09:29:58,4280.95,38162
2021-06-23 09:29:59,4282.0,38192
2021-06-23 09:30:01,4282.6,38226
2021-06-23 09:30:02,4282.6,38226
2021-06-23 09:30:03,4282.6,38226
2021-06-23 09:30:04,4282.6,38226
2021-06-23 09:30:05,4282.6,38226
2021-06-23 09:30:06,4282.6,38226
2021-06-23 09:30:07,4282.6,38226
2021-06-23 09:30:08,4282.6,38226
2021-06-23 09:30:09,4283.6,38278
2021-06-23 09:30:10,4283.7,38283
2021-06-23 09:30:11,4282.9,38303
2021-06-23 09:30:12,4282.9,38303
2021-06-23 09:30:13,4282.9,38303
2021-06-23 09:30:14,4283.45,38306
2021-06-23 09:30:14,4283.45,38306
2021-06-23 09:30:15,4283.45,38306
2021-06-23 09:30:16,4283.45,38306
2021-06-23 09:30:17,4283.45,38306
2021-06-23 09:30:18,4283.7,38342
2021-06-23 09:30:19,4283.7,38346
2021-06-23 09:30:21,4283.7,38346
2021-06-23 09:30:22,4282.0,38347
2021-06-23 09:30:23,4280.05,38615
2021-06-23 09:30:24,4281.55,38720
2021-06-23 09:30:29,4279.0,38776
2021-06-23 09:30:38,4280.0,38873
2021-06-23 09:30:42,4279.0,38960
2021-06-23 09:30:46,4277.7,39172
2021-06-23 09:30:51,4277.7,39172
2021-06-23 09:30:55,4277.5,39202
2021-06-23 09:30:59,4277.5,39205
2021-06-23 09:31:04,4279.75,39210
2021-06-23 09:31:08,4277.7,39211
2021-06-23 09:31:12,4277.3,39228
2021-06-23 09:31:22,4277.3,39228
2021-06-23 09:31:26,4277.3,39228
2021-06-23 09:31:31,4278.15,39232
2021-06-23 09:31:35,4280.0,39235
2021-06-23 09:31:40,4278.15,39268
2021-06-23 09:31:44,4278.15,39268
2021-06-23 09:31:49,4278.9,39278
2021-06-23 09:31:53,4279.0,39279
2021-06-23 09:31:57,4279.0,39284
2021-06-23 09:32:02,4278.9,39305
2021-06-23 09:32:06,4279.0,39366
2021-06-23 09:32:10,4279.1,39419
2021-06-23 09:32:15,4280.0,39471
2021-06-23 09:32:19,4280.0,39475
2021-06-23 09:32:24,4280.0,39478
2021-06-23 09:32:37,4281.5,40071
2021-06-23 09:32:41,4281.45,40073
2021-06-23 09:32:45,4281.45,40086
2021-06-23 09:32:49,4280.05,40091
2021-06-23 09:32:54,4281.25,40094
2021-06-23 09:32:58,4281.25,40094
2021-06-23 09:33:02,4279.0,40543
2021-06-23 09:33:07,4279.0,40543
2021-06-23 09:33:11,4279.4,40653
2021-06-23 09:33:15,4277.1,40676
2021-06-23 09:33:19,4277.1,40676
2021-06-23 09:33:23,4279.35,40698
2021-06-23 09:33:27,4279.35,40698
2021-06-23 09:33:32,4279.0,40724
2021-06-23 09:33:36,4280.2,40793
2021-06-23 09:33:40,4280.2,40793
2021-06-23 09:33:45,4280.7,40796
2021-06-23 09:33:49,4278.75,40809
2021-06-23 09:33:53,4276.8,40909
2021-06-23 09:33:57,4276.45,41074
2021-06-23 09:34:01,4276.7,41092
2021-06-23 09:34:06,4276.0,41228
2021-06-23 09:34:10,4275.05,41317
2021-06-23 09:34:14,4272.65,41753
2021-06-23 09:34:19,4274.9,41822
2021-06-23 09:34:23,4274.9,41822
2021-06-23 09:34:28,4274.7,41839
2021-06-23 09:34:36,4273.0,41843
2021-06-23 09:34:41,4273.05,41851
2021-06-23 09:34:45,4274.45,41856
2021-06-23 09:34:49,4274.45,41863
2021-06-23 09:34:54,4273.0,41920
2021-06-23 09:34:58,4274.0,41922
2021-06-23 09:35:02,4274.5,41991
2021-06-23 09:35:06,4274.75,42006
2021-06-23 09:35:11,4274.75,42006
2021-06-23 09:35:15,4274.65,42008
2021-06-23 09:35:19,4272.55,42024
2021-06-23 09:35:24,4272.55,42075
2021-06-23 09:35:28,4272.0,42170
2021-06-23 09:35:32,4271.45,42231
2021-06-23 09:35:36,4271.45,42257
2021-06-23 09:35:41,4269.1,42704
2021-06-23 09:35:45,4269.1,42715
2021-06-23 09:35:50,4267.15,42832
2021-06-23 09:35:54,4270.0,43187
2021-06-23 09:35:59,4268.85,43189
2021-06-23 09:36:03,4270.0,43207
2021-06-23 09:36:07,4268.25,43614
2021-06-23 09:36:16,4269.0,43633
2021-06-23 09:36:20,4267.55,43709
2021-06-23 09:36:24,4269.0,43734
2021-06-23 09:36:28,4268.0,43751
2021-06-23 09:36:32,4268.0,43751
2021-06-23 09:36:36,4267.0,43901
2021-06-23 09:36:40,4266.65,44034
2021-06-23 09:36:44,4268.65,44054
2021-06-23 09:36:52,4268.95,44296
2021-06-23 09:36:57,4269.15,44298
2021-06-23 09:37:01,4270.0,44636
2021-06-23 09:37:04,4269.95,44656
2021-06-23 09:37:08,4273.25,44924
2021-06-23 09:37:13,4273.2,44947
2021-06-23 09:37:17,4273.2,44947
2021-06-23 09:37:21,4272.7,44998
2021-06-23 09:37:25,4270.55,45123
2021-06-23 09:37:29,4271.0,45124
2021-06-23 09:37:33,4271.05,45133
2021-06-23 09:37:37,4272.15,45135
2021-06-23 09:37:41,4274.95,45235
2021-06-23 09:37:45,4272.8,45335
2021-06-23 09:37:50,4272.8,45366
2021-06-23 09:37:54,4274.5,45416
2021-06-23 09:37:58,4274.7,45427
2021-06-23 09:38:02,4274.0,45431
2021-06-23 09:38:07,4274.0,45431
2021-06-23 09:38:11,4272.0,45487
2021-06-23 09:38:15,4272.0,45588
2021-06-23 09:38:19,4270.05,45643
2021-06-23 09:38:23,4269.0,45666
2021-06-23 09:38:27,4269.25,45706
2021-06-23 09:38:31,4270.75,45769
2021-06-23 09:38:35,4269.9,45772
2021-06-23 09:38:39,4269.9,45772
2021-06-23 09:38:44,4272.0,45780
2021-06-23 09:38:48,4272.85,45823
2021-06-23 09:38:52,4272.85,45823
2021-06-23 09:38:55,4272.85,45823
2021-06-23 09:38:59,4272.0,45866
2021-06-23 09:39:04,4271.45,45886
2021-06-23 09:39:08,4273.8,45924
2021-06-23 09:39:12,4274.0,45926
2021-06-23 09:39:16,4274.0,45953
2021-06-23 09:39:19,4274.0,45986
2021-06-23 09:39:23,4274.25,45988
2021-06-23 09:39:27,4274.0,46015
2021-06-23 09:39:31,4274.0,46017
2021-06-23 09:39:35,4274.0,46088
2021-06-23 09:39:39,4274.5,46090
2021-06-23 09:39:43,4276.0,46242
2021-06-23 09:39:47,4276.4,46271
2021-06-23 09:39:54,4277.15,46286
2021-06-23 09:39:58,4277.0,46338
2021-06-23 09:40:02,4278.65,46446
2021-06-23 09:40:07,4279.1,46676
2021-06-23 09:40:11,4279.35,46679
2021-06-23 09:40:15,4279.35,46679
2021-06-23 09:40:19,4279.8,46842
2021-06-23 09:40:23,4279.8,46846
2021-06-23 09:40:27,4279.95,46851
2021-06-23 09:40:32,4279.95,46860
2021-06-23 09:40:36,4278.15,46863
2021-06-23 09:40:39,4280.0,46888
2021-06-23 09:40:43,4280.0,46945
2021-06-23 09:40:47,4280.0,47022
2021-06-23 09:40:51,4278.0,47304
2021-06-23 09:40:54,4277.0,47352
2021-06-23 09:40:58,4277.0,47362
2021-06-23 09:41:02,4277.6,47363
2021-06-23 09:41:06,4277.6,47363
2021-06-23 09:41:09,4277.6,47363
2021-06-23 09:41:13,4277.0,47425
2021-06-23 09:41:16,4277.6,47450
2021-06-23 09:41:20,4277.6,47471
2021-06-23 09:41:25,4277.0,47480
2021-06-23 09:41:33,4277.6,47506
2021-06-23 09:41:37,4277.6,47513
2021-06-23 09:41:40,4279.85,47515
2021-06-23 09:41:44,4280.2,47616
2021-06-23 09:41:48,4280.2,47633
2021-06-23 09:41:51,4281.7,47677
2021-06-23 09:41:55,4279.7,47734
2021-06-23 09:41:58,4282.0,47740
2021-06-23 09:42:02,4282.0,47760
2021-06-23 09:42:06,4281.4,47799
2021-06-23 09:42:14,4281.4,47832
2021-06-23 09:42:19,4279.6,47884
2021-06-23 09:42:22,4279.6,47884
2021-06-23 09:42:26,4279.6,47884
2021-06-23 09:42:30,4281.8,47885
2021-06-23 09:42:33,4282.0,47965
2021-06-23 09:42:37,4282.0,47965
2021-06-23 09:42:41,4281.8,47969
2021-06-23 09:42:45,4280.1,47994
2021-06-23 09:42:49,4279.9,48002
2021-06-23 09:42:52,4281.55,48014
2021-06-23 09:42:56,4282.45,48296
2021-06-23 09:43:00,4282.45,48296
2021-06-23 09:43:08,4281.05,48321
2021-06-23 09:43:11,4282.45,48330
2021-06-23 09:43:15,4282.45,48334
2021-06-23 09:43:19,4282.45,48334
2021-06-23 09:43:22,4281.35,48344
2021-06-23 09:43:26,4282.45,48409
2021-06-23 09:43:29,4282.45,48412
2021-06-23 09:43:33,4282.45,48412
2021-06-23 09:43:38,4282.45,48447
2021-06-23 09:43:42,4283.0,48498
2021-06-23 09:43:46,4283.0,48498
2021-06-23 09:43:49,4282.45,48573
2021-06-23 09:43:53,4282.45,48583
2021-06-23 09:43:57,4280.55,48598
2021-06-23 09:44:00,4282.85,48600
2021-06-23 09:44:04,4280.6,48615
2021-06-23 09:44:08,4280.8,48616
2021-06-23 09:44:12,4282.45,48620
2021-06-23 09:44:16,4280.85,48622
2021-06-23 09:44:19,4283.25,48712
2021-06-23 09:44:23,4283.25,48712
2021-06-23 09:44:30,4283.25,48715
2021-06-23 09:44:34,4281.3,48723
2021-06-23 09:44:38,4281.3,48723
2021-06-23 09:44:42,4281.3,48723
2021-06-23 09:44:46,4281.85,48726
2021-06-23 09:44:50,4281.85,48781
2021-06-23 09:44:53,4281.85,48781
2021-06-23 09:44:58,4281.85,48806
2021-06-23 09:45:02,4281.55,48835
2021-06-23 09:45:05,4281.55,48835
2021-06-23 09:45:09,4283.4,48875
2021-06-23 09:45:14,4281.35,48877
2021-06-23 09:45:18,4280.9,48895
2021-06-23 09:45:22,4280.25,48950
2021-06-23 09:45:27,4280.55,49276
2021-06-23 09:45:31,4282.3,49339
2021-06-23 09:45:35,4281.85,49359
2021-06-23 09:45:39,4281.85,49359
2021-06-23 09:45:43,4281.6,49364
2021-06-23 09:45:47,4281.6,49385
2021-06-23 09:45:51,4281.6,49385
2021-06-23 09:45:55,4283.8,49485
2021-06-23 09:45:59,4281.6,49506
2021-06-23 09:46:03,4281.2,49522
2021-06-23 09:46:06,4280.9,49560
2021-06-23 09:46:10,4281.2,49652
2021-06-23 09:46:14,4281.2,49652
2021-06-23 09:46:22,4281.3,49850
2021-06-23 09:46:25,4281.0,49916
2021-06-23 09:46:29,4280.9,49933
2021-06-23 09:46:33,4283.0,50311
2021-06-23 09:46:37,4284.5,50568
2021-06-23 09:46:41,4285.0,50743
2021-06-23 09:46:45,4284.2,50747
2021-06-23 09:46:48,4286.05,51109
2021-06-23 09:46:52,4287.0,51209
2021-06-23 09:46:56,4289.0,51261
2021-06-23 09:46:59,4288.05,51272
2021-06-23 09:47:03,4289.15,51324
2021-06-23 09:47:07,4290.0,51626
2021-06-23 09:47:11,4290.0,52172
2021-06-23 09:47:15,4290.0,52183
2021-06-23 09:47:19,4289.9,52812
2021-06-23 09:47:22,4289.9,52812
2021-06-23 09:47:26,4289.9,52812
2021-06-23 09:47:29,4287.55,52868
2021-06-23 09:47:33,4287.55,52868
2021-06-23 09:47:37,4288.45,52881
2021-06-23 09:47:41,4287.55,52882
2021-06-23 09:47:45,4287.0,52912
2021-06-23 09:47:53,4286.85,53418
2021-06-23 09:47:57,4289.75,53458
2021-06-23 09:48:01,4290.15,53549
2021-06-23 09:48:05,4290.15,53549
2021-06-23 09:48:08,4290.7,53666
2021-06-23 09:48:12,4291.65,53821
2021-06-23 09:48:15,4291.9,53822
2021-06-23 09:48:19,4293.0,54204
2021-06-23 09:48:23,4292.0,54355
2021-06-23 09:48:27,4292.2,54526
2021-06-23 09:48:31,4292.2,54526
2021-06-23 09:48:35,4294.45,54555
2021-06-23 09:48:38,4294.45,54561
2021-06-23 09:48:42,4294.15,55135
2021-06-23 09:48:46,4293.9,55141
2021-06-23 09:48:49,4294.05,55163
2021-06-23 09:48:53,4294.05,55163
2021-06-23 09:48:57,4294.2,55213
2021-06-23 09:49:01,4294.2,55213
2021-06-23 09:49:05,4292.4,55221
2021-06-23 09:49:08,4294.45,55442
2021-06-23 09:49:11,4294.5,55478
2021-06-23 09:49:15,4294.0,55740
2021-06-23 09:49:18,4296.3,55750
2021-06-23 09:49:22,4296.2,55752
2021-06-23 09:49:25,4296.2,55754
2021-06-23 09:49:29,4294.05,55872
2021-06-23 09:49:34,4294.05,55872
2021-06-23 09:49:37,4296.2,55874
2021-06-23 09:49:41,4295.0,55886
2021-06-23 09:49:44,4296.2,55888
2021-06-23 09:49:47,4295.0,55893
2021-06-23 09:49:51,4296.35,55951
2021-06-23 09:49:55,4295.05,55961
2021-06-23 09:49:59,4295.05,55961
2021-06-23 09:50:03,4295.05,56124
2021-06-23 09:50:07,4294.6,56134
2021-06-23 09:50:10,4295.0,56135
2021-06-23 09:50:13,4295.0,56135
2021-06-23 09:50:17,4295.0,56153
2021-06-23 09:50:21,4295.0,56165
2021-06-23 09:50:25,4295.05,56255
2021-06-23 09:50:29,4296.0,56278
2021-06-23 09:50:32,4295.05,56279
2021-06-23 09:50:36,4296.0,56382
2021-06-23 09:50:39,4296.05,56384
2021-06-23 09:50:43,4296.05,56384
2021-06-23 09:50:46,4295.5,56387
2021-06-23 09:50:49,4296.35,56408
2021-06-23 09:50:53,4296.05,56479
2021-06-23 09:50:57,4294.6,56580
2021-06-23 09:51:00,4296.35,56585
2021-06-23 09:51:03,4294.6,56607
2021-06-23 09:51:11,4295.05,56636
2021-06-23 09:51:14,4296.6,56701
2021-06-23 09:51:18,4296.35,56703
2021-06-23 09:51:24,4294.6,57113
2021-06-23 09:51:27,4297.0,57141
2021-06-23 09:51:30,4294.65,57147
2021-06-23 09:51:34,4296.9,57149
2021-06-23 09:51:37,4296.25,57200
2021-06-23 09:51:44,4296.1,57207
2021-06-23 09:51:51,4296.35,57294
2021-06-23 09:51:55,4295.95,57318
2021-06-23 09:51:58,4296.0,57320
2021-06-23 09:52:02,4296.0,57320
2021-06-23 09:52:05,4294.6,57372
2021-06-23 09:52:09,4294.6,57374
2021-06-23 09:52:13,4296.0,57477
2021-06-23 09:52:16,4296.0,57499
2021-06-23 09:52:20,4296.0,57504
2021-06-23 09:52:24,4296.0,57520
2021-06-23 09:52:27,4296.0,57520
2021-06-23 09:52:31,4294.7,57521
2021-06-23 09:52:34,4296.0,57522
2021-06-23 09:52:37,4296.0,57522
2021-06-23 09:52:41,4296.0,57522
2021-06-23 09:52:45,4295.0,57524
2021-06-23 09:52:49,4295.95,57525
2021-06-23 09:52:53,4295.95,57555
2021-06-23 09:52:57,4295.95,57565
2021-06-23 09:53:01,4295.95,57567
2021-06-23 09:53:05,4295.95,57567
2021-06-23 09:53:09,4294.85,57577
2021-06-23 09:53:13,4294.85,57577
2021-06-23 09:53:16,4295.9,57588
2021-06-23 09:53:20,4295.85,58238
2021-06-23 09:53:24,4295.85,58238
2021-06-23 09:53:27,4295.85,58238
2021-06-23 09:53:31,4296.0,58239
2021-06-23 09:53:34,4296.1,58264
2021-06-23 09:53:38,4296.1,58264
2021-06-23 09:53:41,4296.4,58436
2021-06-23 09:53:45,4294.85,58446
2021-06-23 09:53:49,4294.7,58466
2021-06-23 09:53:53,4294.8,58476
2021-06-23 09:53:56,4294.8,58476
2021-06-23 09:54:00,4294.8,58476
2021-06-23 09:54:04,4294.0,58532
2021-06-23 09:54:08,4294.85,58550
2021-06-23 09:54:12,4293.6,58570
2021-06-23 09:54:15,4293.0,58600
2021-06-23 09:54:19,4293.0,58600
2021-06-23 09:54:23,4293.0,59098
2021-06-23 09:54:27,4291.05,59122
2021-06-23 09:54:31,4291.05,59130
2021-06-23 09:54:35,4291.05,59130
2021-06-23 09:54:38,4291.05,59182
2021-06-23 09:54:42,4291.0,59191
2021-06-23 09:54:46,4291.0,59213
2021-06-23 09:54:50,4291.0,59213
2021-06-23 09:54:54,4291.0,59215
2021-06-23 09:54:58,4289.8,59359
2021-06-23 09:55:02,4287.6,59876
2021-06-23 09:55:05,4285.0,60017
2021-06-23 09:55:09,4286.15,60029
2021-06-23 09:55:13,4286.15,60062
2021-06-23 09:55:16,4285.25,60360
2021-06-23 09:55:20,4285.25,60360
2021-06-23 09:55:24,4288.0,60371
2021-06-23 09:55:28,4288.3,60374
2021-06-23 09:55:31,4285.1,60432
2021-06-23 09:55:35,4287.2,60461
2021-06-23 09:55:40,4287.2,60461
2021-06-23 09:55:43,4286.0,60676
2021-06-23 09:55:47,4288.55,60680
2021-06-23 09:55:51,4288.45,60784
2021-06-23 09:55:55,4288.45,60784
2021-06-23 09:55:59,4287.7,60823
2021-06-23 09:56:03,4287.8,60842
2021-06-23 09:56:07,4288.55,60935
2021-06-23 09:56:11,4287.55,60953
2021-06-23 09:56:14,4287.55,60955
2021-06-23 09:56:18,4287.55,60955
2021-06-23 09:56:22,4287.15,61001
2021-06-23 09:56:30,4286.0,61012
2021-06-23 09:56:34,4287.55,61096
2021-06-23 09:56:38,4287.65,61131
2021-06-23 09:56:42,4287.65,61131
2021-06-23 09:56:46,4287.65,61131
2021-06-23 09:56:50,4287.65,61133
2021-06-23 09:56:54,4286.1,61144
2021-06-23 09:56:58,4285.0,61245
2021-06-23 09:57:01,4286.15,61251
2021-06-23 09:57:05,4284.9,61260
2021-06-23 09:57:09,4285.9,61266
2021-06-23 09:57:13,4284.9,61274
2021-06-23 09:57:17,4284.0,61310
2021-06-23 09:57:21,4282.8,61320
2021-06-23 09:57:25,4282.45,61349
2021-06-23 09:57:29,4281.2,61439
2021-06-23 09:57:33,4283.1,61440
2021-06-23 09:57:37,4280.95,61441
2021-06-23 09:57:41,4281.15,61503
2021-06-23 09:57:45,4282.45,61504
2021-06-23 09:57:48,4282.45,61504
2021-06-23 09:57:52,4280.55,61515
2021-06-23 09:57:55,4282.55,61974
2021-06-23 09:57:59,4279.9,62060
2021-06-23 09:58:03,4280.7,62100
2021-06-23 09:58:06,4280.7,62100
2021-06-23 09:58:13,4281.15,62112
2021-06-23 09:58:17,4281.15,62112
2021-06-23 09:58:25,4283.0,62191
2021-06-23 09:58:29,4283.0,62191
2021-06-23 09:58:33,4281.25,62207
2021-06-23 09:58:36,4281.25,62208
2021-06-23 09:58:40,4281.25,62208
2021-06-23 09:58:43,4283.0,62285
2021-06-23 09:58:47,4283.0,62285
2021-06-23 09:58:50,4284.5,62287
2021-06-23 09:58:54,4284.5,62287
2021-06-23 09:58:57,4284.9,62289
2021-06-23 09:59:00,4283.2,62404
2021-06-23 09:59:03,4283.2,62409
2021-06-23 09:59:07,4283.2,62409
2021-06-23 09:59:11,4282.6,62475
2021-06-23 09:59:15,4282.6,62475
2021-06-23 09:59:19,4283.2,62523
2021-06-23 09:59:23,4283.2,62523
2021-06-23 09:59:26,4283.2,62523
2021-06-23 09:59:29,4283.55,62533
2021-06-23 09:59:33,4283.55,62533
2021-06-23 09:59:36,4283.55,62533
2021-06-23 09:59:40,4283.2,62553
2021-06-23 09:59:43,4284.85,62554
2021-06-23 09:59:47,4284.85,62554
2021-06-23 09:59:50,4282.35,62655
2021-06-23 09:59:54,4282.35,62655
2021-06-23 09:59:57,4282.35,62655
2021-06-23 10:00:00,4282.35,62655
2021-06-23 10:00:04,4282.35,62655
2021-06-23 10:00:07,4284.2,62663
2021-06-23 10:00:11,4284.2,62663
2021-06-23 10:00:14,4282.8,62702
2021-06-23 10:00:18,4283.2,62703
2021-06-23 10:00:22,4283.2,62742
2021-06-23 10:00:24,4283.2,62742
2021-06-23 10:00:25,4283.2,62742
2021-06-23 10:00:26,4283.2,62742
2021-06-23 10:00:27,4285.0,62744
2021-06-23 10:00:28,4285.0,62744
2021-06-23 10:00:29,4285.0,62744
2021-06-23 10:00:30,4283.3,62745
2021-06-23 10:00:31,4283.3,62746
2021-06-23 10:00:32,4283.3,62746
2021-06-23 10:00:33,4283.3,62746
2021-06-23 10:00:36,4283.3,62746
2021-06-23 10:00:37,4283.3,62746
2021-06-23 10:00:38,4283.3,62746
2021-06-23 10:00:39,4283.3,62746
2021-06-23 10:00:40,4283.3,62746
2021-06-23 10:00:41,4283.3,62746
2021-06-23 10:00:42,4283.3,62746
2021-06-23 10:00:43,4283.3,62746
2021-06-23 10:00:44,4283.3,62746
2021-06-23 10:00:45,4283.3,62746
2021-06-23 10:00:46,4283.25,62751
2021-06-23 10:00:47,4283.25,62751
2021-06-23 10:00:48,4283.25,62751
2021-06-23 10:00:49,4283.25,62751
2021-06-23 10:00:50,4283.25,62751
2021-06-23 10:00:51,4283.25,62751
2021-06-23 10:00:52,4283.25,62751
2021-06-23 10:00:53,4283.25,62751
2021-06-23 10:00:54,4283.25,62751
2021-06-23 10:00:55,4283.25,62751
2021-06-23 10:00:57,4283.25,62751
2021-06-23 10:00:56,4283.25,62751
2021-06-23 10:00:58,4283.25,62751
2021-06-23 10:00:59,4283.25,62751
2021-06-23 10:01:00,4283.25,62751
2021-06-23 10:01:01,4283.25,62751
2021-06-23 10:01:02,4283.25,62751
2021-06-23 10:01:03,4283.25,62751
2021-06-23 10:01:04,4283.25,62751
2021-06-23 10:01:05,4283.25,62751
2021-06-23 10:01:06,4283.4,62761
2021-06-23 10:01:07,4283.4,62761
2021-06-23 10:01:08,4283.4,62761
2021-06-23 10:01:09,4283.4,62777
2021-06-23 10:01:10,4283.4,62777
2021-06-23 10:01:11,4283.4,62777
2021-06-23 10:01:12,4283.4,62777
2021-06-23 10:01:14,4283.4,62777
2021-06-23 10:01:15,4283.4,62777
2021-06-23 10:01:16,4283.4,62777
2021-06-23 10:01:16,4283.4,62777
2021-06-23 10:01:17,4284.65,62782
2021-06-23 10:01:18,4284.65,62782
2021-06-23 10:01:19,4284.65,62782
2021-06-23 10:01:20,4284.65,62782
2021-06-23 10:01:21,4284.65,62782
2021-06-23 10:01:22,4284.65,62782
2021-06-23 10:01:23,4284.65,62782
2021-06-23 10:01:25,4284.65,62782
2021-06-23 10:01:26,4284.65,62782
2021-06-23 10:01:27,4284.65,62782
2021-06-23 10:01:27,4284.65,62782
2021-06-23 10:01:28,4284.65,62782
2021-06-23 10:01:29,4284.65,62782
2021-06-23 10:01:30,4284.65,62782
2021-06-23 10:01:32,4284.65,62782
2021-06-23 10:01:33,4284.65,62782
2021-06-23 10:01:34,4283.5,62783
2021-06-23 10:01:36,4283.5,62783
2021-06-23 10:01:36,4283.5,62783
2021-06-23 10:01:37,4284.65,62788
2021-06-23 10:01:39,4284.65,62823
2021-06-23 10:01:39,4284.65,62823
2021-06-23 10:01:40,4284.65,62823
2021-06-23 10:01:41,4284.65,62839
2021-06-23 10:01:42,4285.0,62919
2021-06-23 10:01:43,4285.0,62921
2021-06-23 10:01:45,4285.0,62921
2021-06-23 10:01:45,4285.0,62921
2021-06-23 10:01:46,4285.0,62921
2021-06-23 10:01:47,4285.0,62921
2021-06-23 10:01:48,4285.0,62921
2021-06-23 10:01:49,4285.0,62933
2021-06-23 10:01:50,4285.0,62933
2021-06-23 10:01:51,4285.0,62933
2021-06-23 10:01:52,4285.0,62935
2021-06-23 10:01:54,4285.0,62935
2021-06-23 10:01:55,4285.0,62935
2021-06-23 10:01:55,4285.0,62935
2021-06-23 10:01:56,4285.0,62935
2021-06-23 10:01:58,4285.0,62935
2021-06-23 10:01:58,4285.0,62935
2021-06-23 10:02:00,4285.0,62935
2021-06-23 10:02:01,4285.0,62937
2021-06-23 10:02:02,4285.0,62937
2021-06-23 10:02:02,4285.0,62937
2021-06-23 10:02:03,4285.0,62937
2021-06-23 10:02:04,4285.0,62938
2021-06-23 10:02:06,4285.0,62938
2021-06-23 10:02:07,4285.0,62958
2021-06-23 10:02:08,4285.0,62958
2021-06-23 10:02:09,4285.0,62958
2021-06-23 10:02:09,4285.0,62958
2021-06-23 10:02:12,4284.0,63045
2021-06-23 10:02:14,4284.0,63045
2021-06-23 10:02:15,4284.0,63045
2021-06-23 10:02:15,4284.0,63045
2021-06-23 10:02:16,4284.0,63045
2021-06-23 10:02:17,4285.85,63046
2021-06-23 10:02:18,4284.0,63047
2021-06-23 10:02:19,4284.0,63047
2021-06-23 10:02:20,4284.0,63047
2021-06-23 10:02:21,4284.0,63047
2021-06-23 10:02:22,4284.0,63047
2021-06-23 10:02:23,4284.0,63047
2021-06-23 10:02:24,4284.0,63047
2021-06-23 10:02:25,4284.0,63047
2021-06-23 10:02:27,4284.0,63047
2021-06-23 10:02:28,4284.0,63047
2021-06-23 10:02:29,4284.0,63047
2021-06-23 10:02:30,4284.0,63049
2021-06-23 10:02:31,4284.0,63049
2021-06-23 10:02:32,4284.0,63049
2021-06-23 10:02:33,4285.75,63079
2021-06-23 10:02:34,4285.85,63086
2021-06-23 10:02:35,4285.85,63086
2021-06-23 10:02:36,4285.85,63086
2021-06-23 10:02:37,4285.85,63086
2021-06-23 10:02:38,4285.85,63086
2021-06-23 10:02:39,4285.85,63086
2021-06-23 10:02:41,4285.85,63086
2021-06-23 10:02:41,4285.85,63086
2021-06-23 10:02:42,4285.85,63086
2021-06-23 10:02:43,4285.85,63086
2021-06-23 10:02:45,4285.85,63086
2021-06-23 10:02:46,4285.85,63086
2021-06-23 10:02:49,4285.85,63086
2021-06-23 10:02:49,4285.85,63086
2021-06-23 10:02:50,4285.85,63086
2021-06-23 10:02:52,4285.85,63086
2021-06-23 10:02:53,4285.85,63086
2021-06-23 10:02:53,4285.85,63086
2021-06-23 10:02:54,4285.85,63086
2021-06-23 10:02:55,4284.05,63097
2021-06-23 10:02:57,4284.05,63097
2021-06-23 10:02:58,4284.05,63097
2021-06-23 10:03:00,4284.05,63097
2021-06-23 10:03:01,4284.05,63097
2021-06-23 10:03:03,4285.75,63117
2021-06-23 10:03:04,4285.75,63117
2021-06-23 10:03:05,4285.75,63117
2021-06-23 10:03:06,4285.75,63117
2021-06-23 10:03:07,4285.75,63117
2021-06-23 10:03:08,4285.75,63117
2021-06-23 10:03:09,4285.75,63117
2021-06-23 10:03:11,4285.75,63117
2021-06-23 10:03:11,4285.75,63117
2021-06-23 10:03:12,4285.75,63117
2021-06-23 10:03:14,4285.75,63119
2021-06-23 10:03:14,4285.75,63119
2021-06-23 10:03:15,4285.75,63119
2021-06-23 10:03:16,4285.75,63119
2021-06-23 10:03:17,4285.75,63119
2021-06-23 10:03:18,4285.75,63139
2021-06-23 10:03:19,4285.75,63139
2021-06-23 10:03:20,4285.75,63139
2021-06-23 10:03:21,4285.75,63139
2021-06-23 10:03:22,4285.75,63141
2021-06-23 10:03:25,4284.15,63142
2021-06-23 10:03:25,4284.15,63142
2021-06-23 10:03:26,4284.15,63142
2021-06-23 10:03:27,4284.15,63142
2021-06-23 10:03:28,4284.15,63142
2021-06-23 10:03:29,4284.15,63142
2021-06-23 10:03:30,4284.15,63152
2021-06-23 10:03:33,4285.45,63154
2021-06-23 10:03:34,4285.45,63154
2021-06-23 10:03:35,4285.75,63155
2021-06-23 10:03:36,4285.75,63155
2021-06-23 10:03:37,4285.75,63155
2021-06-23 10:03:38,4285.75,63155
2021-06-23 10:03:39,4284.15,63159
2021-06-23 10:03:40,4285.75,63160
2021-06-23 10:03:41,4285.75,63160
2021-06-23 10:03:42,4285.75,63160
2021-06-23 10:03:43,4285.75,63160
2021-06-23 10:03:44,4285.75,63160
2021-06-23 10:03:45,4285.75,63187
2021-06-23 10:03:46,4285.75,63187
2021-06-23 10:03:48,4285.75,63187
2021-06-23 10:03:49,4285.75,63187
2021-06-23 10:03:50,4285.0,63217
2021-06-23 10:03:51,4285.0,63217
2021-06-23 10:03:52,4285.0,63217
2021-06-23 10:03:53,4285.0,63217
2021-06-23 10:03:54,4285.0,63218
2021-06-23 10:03:55,4285.0,63218
2021-06-23 10:03:56,4285.0,63218
2021-06-23 10:03:58,4286.0,63219
2021-06-23 10:03:59,4286.25,63220
2021-06-23 10:04:00,4286.25,63220
2021-06-23 10:04:02,4286.25,63220
2021-06-23 10:04:03,4286.25,63220
2021-06-23 10:04:04,4286.25,63220
2021-06-23 10:04:05,4286.25,63220
2021-06-23 10:04:05,4286.25,63220
2021-06-23 10:04:07,4286.25,63222
2021-06-23 10:04:08,4286.25,63232
2021-06-23 10:04:10,4286.25,63232
2021-06-23 10:04:11,4286.15,63233
2021-06-23 10:04:12,4286.15,63233
2021-06-23 10:04:12,4286.15,63233
2021-06-23 10:04:13,4286.15,63233
2021-06-23 10:04:14,4286.15,63233
2021-06-23 10:04:15,4286.05,63235
2021-06-23 10:04:16,4286.05,63235
2021-06-23 10:04:18,4286.05,63235
2021-06-23 10:04:19,4286.05,63235
2021-06-23 10:04:22,4286.05,63235
2021-06-23 10:04:23,4286.05,63235
2021-06-23 10:04:25,4286.85,63259
2021-06-23 10:04:26,4286.85,63259
2021-06-23 10:04:27,4286.85,63259
2021-06-23 10:04:28,4286.85,63259
2021-06-23 10:04:29,4286.85,63260
2021-06-23 10:04:30,4286.85,63260
2021-06-23 10:04:31,4286.85,63263
2021-06-23 10:04:32,4286.85,63263
2021-06-23 10:04:33,4286.85,63263
2021-06-23 10:04:35,4286.85,63263
2021-06-23 10:04:35,4286.85,63263
2021-06-23 10:04:36,4286.85,63263
2021-06-23 10:04:37,4286.85,63265
2021-06-23 10:04:39,4286.85,63265
2021-06-23 10:04:40,4286.85,63265
2021-06-23 10:04:40,4286.85,63265
2021-06-23 10:04:41,4286.85,63265
2021-06-23 10:04:42,4286.85,63265
2021-06-23 10:04:44,4286.75,63271
2021-06-23 10:04:45,4286.75,63271
2021-06-23 10:04:47,4286.75,63273
2021-06-23 10:04:48,4286.75,63273
2021-06-23 10:04:49,4286.75,63273
2021-06-23 10:04:49,4286.75,63273
2021-06-23 10:04:50,4286.75,63273
2021-06-23 10:04:51,4286.75,63273
2021-06-23 10:04:53,4286.75,63273
2021-06-23 10:04:54,4285.1,63278
2021-06-23 10:04:55,4285.1,63278
2021-06-23 10:04:57,4285.1,63279
2021-06-23 10:04:58,4286.85,63280
2021-06-23 10:04:59,4286.85,63281
2021-06-23 10:05:00,4286.85,63281
2021-06-23 10:05:01,4286.85,63281
2021-06-23 10:05:03,4286.85,63281
2021-06-23 10:05:03,4286.85,63281
2021-06-23 10:05:04,4286.85,63300
2021-06-23 10:05:05,4286.85,63300
2021-06-23 10:05:07,4286.85,63302
2021-06-23 10:05:07,4286.85,63303
2021-06-23 10:05:08,4286.85,63303
2021-06-23 10:05:09,4286.85,63303
2021-06-23 10:05:11,4286.0,63305
2021-06-23 10:05:12,4286.0,63305
2021-06-23 10:05:13,4286.0,63305
2021-06-23 10:05:14,4286.0,63305
2021-06-23 10:05:15,4286.0,63310
2021-06-23 10:05:15,4286.85,63312
2021-06-23 10:05:16,4286.85,63312
2021-06-23 10:05:17,4286.85,63312
2021-06-23 10:05:19,4286.85,63312
2021-06-23 10:05:20,4286.85,63312
2021-06-23 10:05:21,4286.85,63312
2021-06-23 10:05:25,4286.0,63330
2021-06-23 10:05:31,4286.85,63363
2021-06-23 10:05:35,4286.85,63363
2021-06-23 10:05:38,4286.85,63363
2021-06-23 10:05:44,4286.85,63363
2021-06-23 10:05:47,4286.85,63363
2021-06-23 10:05:50,4286.9,63471
2021-06-23 10:05:54,4286.9,63471
2021-06-23 10:05:57,4286.9,63471
2021-06-23 10:06:00,4286.9,63471
2021-06-23 10:06:03,4288.85,63493
2021-06-23 10:06:07,4286.95,63527
2021-06-23 10:06:10,4286.95,63527
2021-06-23 10:06:13,4286.95,63551
2021-06-23 10:06:16,4286.95,63551
2021-06-23 10:06:20,4286.95,63551
2021-06-23 10:06:23,4286.95,63551
2021-06-23 10:06:26,4286.85,63900
2021-06-23 10:06:29,4286.85,63900
2021-06-23 10:06:32,4286.85,63900
2021-06-23 10:06:35,4286.85,63900
2021-06-23 10:06:39,4286.85,63900
2021-06-23 10:06:43,4286.85,63903
2021-06-23 10:06:50,4289.1,63966
2021-06-23 10:06:53,4287.0,64101
2021-06-23 10:06:57,4289.5,64102
2021-06-23 10:07:00,4289.5,64102
2021-06-23 10:07:04,4289.45,64112
2021-06-23 10:07:07,4289.45,64112
2021-06-23 10:07:10,4289.6,64125
2021-06-23 10:07:13,4289.6,64128
2021-06-23 10:07:16,4289.0,64150
2021-06-23 10:07:19,4289.0,64150
2021-06-23 10:07:22,4287.6,64183
2021-06-23 10:07:25,4287.6,64183
2021-06-23 10:07:28,4289.55,64418
2021-06-23 10:07:31,4289.55,64418
2021-06-23 10:07:34,4289.55,64418
2021-06-23 10:07:37,4287.6,64440
2021-06-23 10:07:41,4287.5,64460
2021-06-23 10:07:44,4287.5,64480
2021-06-23 10:07:48,4287.5,64480
2021-06-23 10:07:51,4287.25,64500
2021-06-23 10:07:54,4287.25,64500
2021-06-23 10:07:57,4287.25,64500
2021-06-23 10:08:00,4287.5,64501
2021-06-23 10:08:04,4287.5,64507
2021-06-23 10:08:07,4287.5,64507
2021-06-23 10:08:10,4287.5,64507
2021-06-23 10:08:13,4286.5,64618
2021-06-23 10:08:17,4287.5,64688
2021-06-23 10:08:20,4287.5,64688
2021-06-23 10:08:23,4286.0,64700
2021-06-23 10:08:26,4286.0,64700
2021-06-23 10:08:30,4286.0,64700
2021-06-23 10:08:34,4286.0,64730
2021-06-23 10:08:37,4285.0,64765
2021-06-23 10:08:41,4285.0,64765
2021-06-23 10:08:43,4286.0,64768
2021-06-23 10:08:46,4286.0,64768
2021-06-23 10:08:49,4286.0,64768
2021-06-23 10:08:53,4285.25,64778
2021-06-23 10:08:56,4285.25,64778
2021-06-23 10:08:59,4285.0,64812
2021-06-23 10:09:02,4285.0,64812
2021-06-23 10:09:05,4285.0,64814
2021-06-23 10:09:09,4284.85,64824
2021-06-23 10:09:12,4284.85,64824
2021-06-23 10:09:15,4285.0,64825
2021-06-23 10:09:18,4285.0,64829
2021-06-23 10:09:21,4284.2,64859
2021-06-23 10:09:24,4284.2,64869
2021-06-23 10:09:27,4285.0,64949
2021-06-23 10:09:30,4285.0,64949
2021-06-23 10:09:33,4285.0,64951
2021-06-23 10:09:36,4285.0,64952
2021-06-23 10:09:40,4285.0,64952
2021-06-23 10:09:42,4284.2,64962
2021-06-23 10:09:45,4284.05,65042
2021-06-23 10:09:48,4284.95,65052
2021-06-23 10:09:54,4284.05,65059
2021-06-23 10:09:56,4284.0,65069
2021-06-23 10:09:59,4284.0,65069
2021-06-23 10:10:02,4285.0,65134
2021-06-23 10:10:05,4285.0,65134
2021-06-23 10:10:08,4285.0,65134
2021-06-23 10:10:11,4285.0,65134
2021-06-23 10:10:14,4285.0,65134
2021-06-23 10:10:17,4285.0,65134
2021-06-23 10:10:27,4285.0,65245
2021-06-23 10:10:31,4285.0,65425
2021-06-23 10:10:34,4285.0,65425
2021-06-23 10:10:38,4285.0,65450
2021-06-23 10:10:41,4285.0,65450
2021-06-23 10:10:48,4285.0,65451
2021-06-23 10:10:51,4285.0,65951
2021-06-23 10:10:58,4284.1,65983
2021-06-23 10:11:01,4283.65,66154
2021-06-23 10:11:05,4283.65,66154
2021-06-23 10:11:09,4283.65,66154
2021-06-23 10:11:12,4283.65,66154
2021-06-23 10:11:16,4284.75,66158
2021-06-23 10:11:22,4284.7,66191
2021-06-23 10:11:25,4283.25,66197
2021-06-23 10:11:29,4283.25,66197
2021-06-23 10:11:32,4283.25,66221
2021-06-23 10:11:36,4285.0,66263
2021-06-23 10:11:40,4285.0,66266
2021-06-23 10:11:43,4287.0,66934
2021-06-23 10:11:46,4283.0,67472
2021-06-23 10:11:50,4283.8,67690
2021-06-23 10:11:54,4283.8,67690
2021-06-23 10:11:58,4283.8,67690
2021-06-23 10:12:01,4281.25,67695
2021-06-23 10:12:05,4280.15,67777
2021-06-23 10:12:09,4280.0,67934
2021-06-23 10:12:13,4279.5,67936
2021-06-23 10:12:16,4279.5,67936
2021-06-23 10:12:19,4280.0,67938
2021-06-23 10:12:22,4280.0,67938
2021-06-23 10:12:26,4279.55,68031
2021-06-23 10:12:29,4280.8,68095
2021-06-23 10:12:32,4280.7,68107
2021-06-23 10:12:36,4281.0,68111
2021-06-23 10:12:40,4281.1,68129
2021-06-23 10:12:43,4281.1,68129
2021-06-23 10:12:47,4283.35,68266
2021-06-23 10:12:55,4279.55,68335
2021-06-23 10:12:58,4282.15,68341
2021-06-23 10:13:05,4282.35,68343
2021-06-23 10:13:08,4282.35,68344
2021-06-23 10:13:11,4281.95,68346
2021-06-23 10:13:15,4281.95,68346
2021-06-23 10:13:19,4281.95,68348
2021-06-23 10:13:22,4282.0,68359
2021-06-23 10:13:24,4282.0,68389
2021-06-23 10:13:28,4282.0,68411
2021-06-23 10:13:31,4282.0,68415
2021-06-23 10:13:35,4282.0,68417
2021-06-23 10:13:38,4282.0,68417
2021-06-23 10:13:41,4282.0,68421
2021-06-23 10:13:45,4281.0,68443
2021-06-23 10:13:48,4281.0,68443
2021-06-23 10:13:52,4280.6,68463
2021-06-23 10:13:55,4280.6,68463
2021-06-23 10:13:58,4280.6,68463
2021-06-23 10:14:02,4280.6,68463
2021-06-23 10:14:08,4282.0,68588
2021-06-23 10:14:11,4282.0,68588
2021-06-23 10:14:14,4282.0,68588
2021-06-23 10:14:17,4282.0,68588
2021-06-23 10:14:21,4280.6,68589
2021-06-23 10:14:23,4280.6,68589
2021-06-23 10:14:27,4282.0,68591
2021-06-23 10:14:30,4282.0,68591
2021-06-23 10:14:32,4280.6,68636
2021-06-23 10:14:36,4280.6,68636
2021-06-23 10:14:39,4280.0,68666
2021-06-23 10:14:41,4280.0,68666
2021-06-23 10:14:45,4280.0,68666
2021-06-23 10:14:48,4280.0,68666
2021-06-23 10:14:52,4280.0,68666
2021-06-23 10:14:56,4281.9,68741
2021-06-23 10:15:04,4278.1,68908
2021-06-23 10:15:08,4279.8,68941
2021-06-23 10:15:11,4279.8,68941
2021-06-23 10:15:19,4273.8,69256
2021-06-23 10:15:23,4272.0,69449
2021-06-23 10:15:26,4273.65,69474
2021-06-23 10:15:29,4273.75,69813
2021-06-23 10:15:33,4272.25,69833
2021-06-23 10:15:37,4274.8,69872
2021-06-23 10:15:41,4272.35,69924
2021-06-23 10:15:45,4272.35,69924
2021-06-23 10:15:53,4274.85,69952
2021-06-23 10:15:57,4275.8,70102
2021-06-23 10:16:01,4274.4,70107
2021-06-23 10:16:05,4272.95,70163
2021-06-23 10:16:09,4272.95,70163
2021-06-23 10:16:13,4274.1,70286
2021-06-23 10:16:21,4273.8,70303
2021-06-23 10:16:25,4274.1,70305
2021-06-23 10:16:28,4274.1,70305
2021-06-23 10:16:32,4274.1,70305
2021-06-23 10:16:35,4274.0,70306
2021-06-23 10:16:39,4272.05,70326
2021-06-23 10:16:43,4273.9,70336
2021-06-23 10:16:47,4271.6,70356
2021-06-23 10:16:50,4274.0,70384
2021-06-23 10:16:54,4274.0,70384
2021-06-23 10:16:58,4272.6,70395
2021-06-23 10:17:01,4272.6,70395
2021-06-23 10:17:05,4274.0,70424
2021-06-23 10:17:08,4274.0,70482
2021-06-23 10:17:12,4274.05,70545
2021-06-23 10:17:16,4274.35,70651
2021-06-23 10:17:20,4274.35,70651
2021-06-23 10:17:23,4274.4,70663
2021-06-23 10:17:26,4274.3,70705
2021-06-23 10:17:30,4274.25,70707
2021-06-23 10:17:34,4274.25,70707
2021-06-23 10:17:38,4274.35,70714
2021-06-23 10:17:42,4274.35,70714
2021-06-23 10:17:46,4272.0,70778
2021-06-23 10:17:49,4272.1,70779
2021-06-23 10:17:53,4272.1,70779
2021-06-23 10:17:57,4273.8,70844
2021-06-23 10:18:00,4273.8,70844
2021-06-23 10:18:04,4272.85,70972
2021-06-23 10:18:07,4272.85,70972
2021-06-23 10:18:11,4270.9,70977
2021-06-23 10:18:19,4270.55,71134
2021-06-23 10:18:23,4270.5,71135
2021-06-23 10:18:27,4269.05,71984
2021-06-23 10:18:30,4270.4,72065
2021-06-23 10:18:34,4270.4,72065
2021-06-23 10:18:37,4270.0,72071
2021-06-23 10:18:40,4270.0,72071
2021-06-23 10:18:43,4270.0,72071
2021-06-23 10:18:47,4269.6,72084
2021-06-23 10:18:50,4270.05,72139
2021-06-23 10:18:56,4270.0,72182
2021-06-23 10:19:03,4270.0,72182
2021-06-23 10:19:06,4272.4,72199
2021-06-23 10:19:13,4270.65,72214
2021-06-23 10:19:16,4272.6,72234
2021-06-23 10:19:20,4273.05,72235
2021-06-23 10:19:23,4273.05,72235
2021-06-23 10:19:26,4273.05,72235
2021-06-23 10:19:28,4273.05,72235
2021-06-23 10:19:32,4271.5,72591
2021-06-23 10:19:35,4271.5,72591
2021-06-23 10:19:39,4272.05,72677
2021-06-23 10:19:42,4272.1,72678
2021-06-23 10:19:46,4272.35,72679
2021-06-23 10:19:49,4270.4,72700
2021-06-23 10:19:52,4272.8,72812
2021-06-23 10:20:00,4272.4,72825
2021-06-23 10:20:04,4272.4,72834
2021-06-23 10:20:08,4274.2,72838
2021-06-23 10:20:12,4274.2,72838
2021-06-23 10:20:15,4274.2,72838
2021-06-23 10:20:19,4272.4,72928
2021-06-23 10:20:22,4272.4,72928
2021-06-23 10:20:25,4270.75,73002
2021-06-23 10:20:29,4270.75,73004
2021-06-23 10:20:32,4270.75,73011
2021-06-23 10:20:36,4270.75,73165
2021-06-23 10:20:39,4269.0,73168
2021-06-23 10:20:43,4269.0,73168
2021-06-23 10:20:46,4269.0,73168
2021-06-23 10:20:49,4270.4,73183
2021-06-23 10:20:52,4270.0,73297
2021-06-23 10:20:55,4270.0,73298
2021-06-23 10:21:01,4271.05,73424
2021-06-23 10:21:04,4271.05,73424
2021-06-23 10:21:08,4271.05,73424
2021-06-23 10:21:11,4271.05,73424
2021-06-23 10:21:14,4272.2,73426
2021-06-23 10:21:17,4271.25,73658
2021-06-23 10:21:19,4270.0,73820
2021-06-23 10:21:23,4271.0,73867
2021-06-23 10:21:30,4272.25,73932
2021-06-23 10:21:33,4272.25,73932
2021-06-23 10:21:37,4272.25,73932
2021-06-23 10:21:40,4272.25,73932
2021-06-23 10:21:43,4272.35,74132
2021-06-23 10:21:47,4271.2,74147
2021-06-23 10:21:50,4271.2,74147
2021-06-23 10:21:53,4271.2,74147
2021-06-23 10:21:56,4271.2,74147
2021-06-23 10:21:59,4271.2,74147
2021-06-23 10:22:02,4271.2,74147
2021-06-23 10:22:05,4271.2,74147
2021-06-23 10:22:08,4272.25,74148
2021-06-23 10:22:11,4272.25,74148
2021-06-23 10:22:14,4272.25,74149
2021-06-23 10:22:17,4272.5,74157
2021-06-23 10:22:19,4272.5,74157
2021-06-23 10:22:22,4272.65,74192
2021-06-23 10:22:26,4274.0,74194
2021-06-23 10:22:29,4274.0,74194
2021-06-23 10:22:32,4274.0,74196
2021-06-23 10:22:35,4274.0,74196
2021-06-23 10:22:38,4272.15,74250
2021-06-23 10:22:42,4272.15,74250
2021-06-23 10:22:45,4273.75,74260
2021-06-23 10:22:49,4273.75,74260
2021-06-23 10:22:52,4273.75,74266
2021-06-23 10:22:56,4273.75,74266
2021-06-23 10:22:59,4273.75,74266
2021-06-23 10:23:03,4272.5,74366
2021-06-23 10:23:06,4272.5,74366
2021-06-23 10:23:09,4272.85,74367
2021-06-23 10:23:13,4273.7,74373
2021-06-23 10:23:16,4273.7,74373
2021-06-23 10:23:19,4273.7,74375
2021-06-23 10:23:22,4273.7,74375
2021-06-23 10:23:25,4273.7,74375
2021-06-23 10:23:28,4273.7,74425
2021-06-23 10:23:31,4273.7,74426
2021-06-23 10:23:35,4273.5,74463
2021-06-23 10:23:38,4273.7,74478
2021-06-23 10:23:42,4274.0,74481
2021-06-23 10:23:45,4275.0,74492
2021-06-23 10:23:49,4275.8,74597
2021-06-23 10:23:52,4275.8,74597
2021-06-23 10:23:56,4276.0,74748
2021-06-23 10:24:00,4275.1,74749
2021-06-23 10:24:04,4275.1,74749
2021-06-23 10:24:07,4276.2,74759
2021-06-23 10:24:11,4276.2,74761
2021-06-23 10:24:14,4276.2,74761
2021-06-23 10:24:17,4276.2,74787
2021-06-23 10:24:20,4276.2,74787
2021-06-23 10:24:23,4276.2,74792
2021-06-23 10:24:26,4276.2,74892
2021-06-23 10:24:29,4275.0,74950
2021-06-23 10:24:32,4276.0,74951
2021-06-23 10:24:35,4277.9,75382
2021-06-23 10:24:38,4276.15,75388
2021-06-23 10:24:42,4276.0,75502
2021-06-23 10:24:45,4277.5,75504
2021-06-23 10:24:48,4277.5,75504
2021-06-23 10:36:48,4288.0,81283
2021-06-23 10:36:48,4288.0,81283
2021-06-23 10:36:51,4288.0,81283
2021-06-23 10:36:52,4288.0,81283
2021-06-23 10:36:53,4288.0,81283
2021-06-23 10:36:54,4287.0,81287
2021-06-23 10:36:54,4287.0,81287
2021-06-23 10:36:55,4288.0,81289
2021-06-23 10:36:57,4288.0,81289
2021-06-23 10:36:58,4288.0,81289
2021-06-23 10:36:59,4288.0,81289
2021-06-23 10:37:00,4287.0,81294
2021-06-23 10:37:00,4287.0,81294
2021-06-23 10:37:01,4287.0,81294
2021-06-23 10:37:02,4287.0,81295
2021-06-23 10:37:03,4287.0,81295
2021-06-23 10:37:06,4287.0,81298
2021-06-23 10:37:08,4287.0,81298
2021-06-23 10:37:09,4287.0,81298
2021-06-23 10:37:10,4286.6,81331
2021-06-23 10:37:10,4286.6,81331
2021-06-23 10:37:11,4286.6,81331
2021-06-23 10:37:12,4286.6,81331
2021-06-23 10:37:13,4286.6,81331
2021-06-23 10:37:14,4286.6,81331
2021-06-23 10:37:16,4286.6,81331
2021-06-23 10:37:16,4286.6,81331
2021-06-23 10:37:18,4286.6,81331
2021-06-23 10:37:18,4286.6,81331
2021-06-23 10:37:19,4286.6,81331
2021-06-23 10:37:21,4286.6,81331
2021-06-23 10:37:22,4286.6,81331
2021-06-23 10:37:23,4286.6,81331
2021-06-23 10:37:24,4285.55,81453
2021-06-23 10:37:26,4285.55,81453
2021-06-23 10:37:27,4285.55,81453
2021-06-23 10:37:28,4285.55,81453
2021-06-23 10:37:29,4285.55,81453
2021-06-23 10:37:30,4285.55,81453
2021-06-23 10:37:31,4285.55,81453
2021-06-23 10:37:31,4285.55,81453
2021-06-23 10:37:32,4285.55,81453
2021-06-23 10:37:33,4285.55,81553
2021-06-23 10:37:35,4285.55,81553
2021-06-23 10:37:36,4285.55,81553
2021-06-23 10:37:37,4285.55,81553
2021-06-23 10:37:38,4285.55,81553
2021-06-23 10:37:39,4285.55,81553
2021-06-23 10:37:39,4288.6,81558
2021-06-23 10:37:40,4288.6,81558
2021-06-23 10:37:41,4288.6,81558
2021-06-23 10:37:42,4288.6,81558
2021-06-23 10:37:43,4288.6,81558
2021-06-23 10:37:45,4288.6,81558
2021-06-23 10:37:45,4288.6,81558
2021-06-23 10:37:46,4288.6,81558
2021-06-23 10:37:47,4288.6,81558
2021-06-23 10:37:48,4288.6,81558
2021-06-23 10:37:50,4288.7,81566
2021-06-23 10:37:51,4288.75,81572
2021-06-23 10:37:51,4288.75,81572
2021-06-23 10:37:52,4288.75,81572
2021-06-23 10:37:54,4288.7,81579
2021-06-23 10:37:55,4288.7,81579
2021-06-23 10:37:57,4288.7,81579
2021-06-23 10:37:58,4288.7,81579
2021-06-23 10:37:59,4288.7,81579
2021-06-23 10:38:00,4288.7,81579
2021-06-23 10:38:01,4288.7,81579
2021-06-23 10:38:02,4288.7,81579
2021-06-23 10:38:03,4288.7,81579
2021-06-23 10:38:05,4288.4,81580
2021-06-23 10:38:06,4288.4,81580
2021-06-23 10:38:07,4288.4,81580
2021-06-23 10:38:08,4288.4,81580
2021-06-23 10:38:09,4288.4,81580
2021-06-23 10:38:09,4288.4,81580
2021-06-23 10:38:10,4288.4,81580
2021-06-23 10:38:12,4288.4,81580
2021-06-23 10:38:12,4288.4,81580
2021-06-23 10:38:14,4289.3,81605
2021-06-23 10:38:14,4289.3,81605
2021-06-23 10:38:15,4289.3,81605
2021-06-23 10:38:16,4288.4,81645
2021-06-23 10:38:17,4288.4,81645
2021-06-23 10:38:18,4288.4,81645
2021-06-23 10:38:19,4288.4,81645
2021-06-23 10:38:20,4288.4,81645
2021-06-23 10:38:21,4288.4,81645
2021-06-23 10:38:23,4288.4,81645
2021-06-23 10:38:24,4288.4,81645
2021-06-23 10:38:25,4290.0,82031
2021-06-23 10:38:26,4290.0,82031
2021-06-23 10:38:27,4290.0,82031
2021-06-23 10:38:28,4288.1,82032
2021-06-23 10:38:30,4288.1,82032
2021-06-23 10:38:31,4288.1,82032
2021-06-23 10:38:32,4288.1,82032
2021-06-23 10:38:33,4288.1,82032
2021-06-23 10:38:34,4288.1,82032
2021-06-23 10:38:35,4288.1,82032
2021-06-23 10:38:36,4288.1,82032
2021-06-23 10:38:39,4288.1,82032
2021-06-23 10:38:40,4288.1,82032
2021-06-23 10:38:41,4288.1,82032
2021-06-23 10:38:42,4288.1,82032
2021-06-23 10:38:43,4288.1,82032
2021-06-23 10:38:43,4288.1,82032
2021-06-23 10:38:44,4288.1,82032
2021-06-23 10:38:46,4288.1,82032
2021-06-23 10:38:47,4288.1,82032
2021-06-23 10:38:47,4288.1,82032
2021-06-23 10:38:48,4288.1,82032
2021-06-23 10:38:49,4288.5,82042
2021-06-23 10:38:50,4288.5,82042
2021-06-23 10:38:51,4288.5,82042
2021-06-23 10:38:52,4288.5,82042
2021-06-23 10:38:54,4288.5,82042
2021-06-23 10:38:55,4288.5,82042
2021-06-23 10:38:56,4288.5,82042
2021-06-23 10:38:57,4288.5,82042
2021-06-23 10:38:58,4289.95,82044
2021-06-23 10:38:59,4289.95,82044
2021-06-23 10:39:00,4289.8,82045
2021-06-23 10:39:01,4289.8,82045
2021-06-23 10:39:02,4289.8,82045
2021-06-23 10:39:04,4289.8,82051
2021-06-23 10:39:05,4289.8,82051
2021-06-23 10:39:05,4289.8,82051
2021-06-23 10:39:06,4289.8,82051
2021-06-23 10:39:07,4289.8,82051
2021-06-23 10:39:08,4289.8,82051
2021-06-23 10:39:09,4289.8,82051
2021-06-23 10:39:10,4289.8,82051
2021-06-23 10:39:11,4288.5,82108
2021-06-23 10:39:12,4288.5,82108
2021-06-23 10:39:13,4288.5,82108
2021-06-23 10:39:14,4288.5,82108
2021-06-23 10:39:15,4288.5,82108
2021-06-23 10:39:16,4288.5,82108
2021-06-23 10:39:17,4288.5,82110
2021-06-23 10:39:18,4288.5,82110
2021-06-23 10:39:19,4288.5,82110
2021-06-23 10:39:20,4288.5,82110
2021-06-23 10:39:22,4288.5,82110
2021-06-23 10:39:23,4288.5,82110
2021-06-23 10:39:24,4289.8,82228
2021-06-23 10:39:25,4289.8,82228
2021-06-23 10:39:26,4289.8,82228
2021-06-23 10:39:27,4289.8,82228
2021-06-23 10:39:28,4289.8,82228
2021-06-23 10:39:29,4289.75,82248
2021-06-23 10:39:30,4289.75,82248
2021-06-23 10:39:31,4289.75,82248
2021-06-23 10:39:32,4289.75,82248
2021-06-23 10:39:34,4289.75,82248
2021-06-23 10:39:35,4290.0,82956
2021-06-23 10:39:36,4290.0,82956
2021-06-23 10:39:37,4290.0,82956
2021-06-23 10:39:37,4290.0,82956
2021-06-23 10:39:38,4290.0,82956
2021-06-23 10:39:40,4288.25,82961
2021-06-23 10:39:41,4288.25,82961
2021-06-23 10:39:42,4288.25,82961
2021-06-23 10:39:43,4288.25,82961
2021-06-23 10:39:44,4288.25,82961
2021-06-23 10:39:44,4288.25,82961
2021-06-23 10:39:46,4288.25,82961
2021-06-23 10:39:47,4288.25,82961
2021-06-23 10:39:48,4288.25,82961
2021-06-23 10:39:48,4288.25,82961
2021-06-23 10:39:49,4288.25,82961
2021-06-23 10:39:50,4288.25,82961
2021-06-23 10:39:51,4288.25,82961
2021-06-23 10:39:52,4288.25,82961
2021-06-23 10:39:53,4288.25,82961
2021-06-23 10:39:54,4288.25,82961
2021-06-23 10:39:55,4288.25,82961
2021-06-23 10:39:56,4289.0,82962
2021-06-23 10:39:57,4289.9,82963
2021-06-23 10:39:58,4289.9,82963
2021-06-23 10:39:59,4289.9,82963
2021-06-23 10:40:00,4289.9,82963
2021-06-23 10:40:01,4288.25,82969
2021-06-23 10:40:03,4288.25,82970
2021-06-23 10:40:04,4288.25,82970
2021-06-23 10:40:05,4288.25,82970
2021-06-23 10:40:06,4288.25,82970
2021-06-23 10:40:07,4289.9,83001
2021-06-23 10:40:08,4289.9,83010
2021-06-23 10:40:09,4289.9,83010
2021-06-23 10:40:10,4289.9,83010
2021-06-23 10:40:11,4289.9,83010
2021-06-23 10:40:12,4289.9,83010
2021-06-23 10:40:13,4288.25,83090
2021-06-23 10:40:14,4288.25,83090
2021-06-23 10:40:14,4288.25,83090
2021-06-23 10:40:16,4288.25,83090
2021-06-23 10:40:17,4288.25,83090
2021-06-23 10:40:17,4288.25,83090
2021-06-23 10:40:18,4288.25,83090
2021-06-23 10:40:20,4289.8,83102
2021-06-23 10:40:21,4290.15,84757
2021-06-23 10:40:21,4290.15,84757
2021-06-23 10:40:22,4290.15,84757
2021-06-23 10:40:25,4291.0,84766
2021-06-23 10:40:25,4291.0,84766
2021-06-23 10:40:27,4291.0,84766
2021-06-23 10:40:28,4291.0,84766
2021-06-23 10:40:29,4291.0,84766
2021-06-23 10:40:30,4291.0,84766
2021-06-23 10:40:31,4291.0,84766
2021-06-23 10:40:33,4291.0,84766
2021-06-23 10:40:34,4291.0,84766
2021-06-23 10:40:35,4291.0,84766
2021-06-23 10:40:37,4291.0,84766
2021-06-23 10:40:38,4291.0,84766
2021-06-23 10:40:39,4291.0,84766
2021-06-23 10:40:40,4291.0,84806
2021-06-23 10:40:41,4291.0,84808
2021-06-23 10:40:42,4289.75,84811
2021-06-23 10:40:43,4289.75,84811
2021-06-23 10:40:44,4289.75,84811
2021-06-23 10:40:46,4289.75,84811
2021-06-23 10:40:47,4289.75,84811
2021-06-23 10:40:49,4289.75,84811
2021-06-23 10:40:49,4289.75,84811
2021-06-23 10:40:50,4289.75,84811
2021-06-23 10:40:52,4289.75,84811
2021-06-23 10:40:53,4289.75,84811
2021-06-23 10:40:55,4291.0,84812
2021-06-23 10:40:56,4291.0,84812
2021-06-23 10:40:57,4291.0,84812
2021-06-23 10:40:58,4289.85,84827
2021-06-23 10:40:59,4289.85,84827
2021-06-23 10:40:59,4289.85,84827
2021-06-23 10:41:00,4291.2,84846
2021-06-23 10:41:02,4291.2,84847
2021-06-23 10:41:03,4291.4,84853
2021-06-23 10:41:04,4291.4,84857
2021-06-23 10:41:05,4291.4,84861
2021-06-23 10:41:07,4291.4,84881
2021-06-23 10:41:08,4291.4,84889
2021-06-23 10:41:09,4291.4,84889
2021-06-23 10:41:10,4291.4,84897
2021-06-23 10:41:11,4291.4,84897
2021-06-23 10:41:12,4291.4,84905
2021-06-23 10:41:13,4291.4,84909
2021-06-23 10:41:14,4292.0,84913
2021-06-23 10:41:15,4292.0,84915
2021-06-23 10:41:16,4292.0,84923
2021-06-23 10:41:17,4292.0,84925
2021-06-23 10:41:18,4292.2,84956
2021-06-23 10:41:19,4292.9,84962
2021-06-23 10:41:20,4292.9,84964
2021-06-23 10:41:21,4293.85,84972
2021-06-23 10:41:22,4293.7,85002
2021-06-23 10:41:23,4293.8,85008
2021-06-23 10:41:24,4293.8,85016
2021-06-23 10:41:24,4293.8,85016
2021-06-23 10:41:25,4293.8,85024
2021-06-23 10:41:26,4293.8,85029
2021-06-23 10:41:27,4292.4,85055
2021-06-23 10:41:28,4292.4,85055
2021-06-23 10:41:29,4292.4,85055
2021-06-23 10:41:31,4292.4,85055
2021-06-23 10:41:32,4292.4,85055
2021-06-23 10:41:33,4292.4,85055
2021-06-23 10:41:34,4292.65,85057
2021-06-23 10:41:35,4292.65,85057
2021-06-23 10:41:36,4292.0,85215
2021-06-23 10:41:37,4292.0,85215
2021-06-23 10:41:38,4292.0,85240
2021-06-23 10:41:39,4291.7,85251
2021-06-23 10:41:40,4291.7,85252
2021-06-23 10:41:41,4291.0,85921
2021-06-23 10:41:42,4290.45,85925
2021-06-23 10:41:43,4290.35,85926
2021-06-23 10:41:44,4290.35,85926
2021-06-23 10:41:46,4290.35,85928
2021-06-23 10:41:47,4290.35,85928
2021-06-23 10:41:48,4290.35,85928
2021-06-23 10:41:49,4292.4,85938
2021-06-23 10:41:50,4292.4,85938
2021-06-23 10:41:51,4292.4,85938
2021-06-23 10:41:52,4292.4,85938
2021-06-23 10:41:53,4292.4,85938
2021-06-23 10:41:54,4292.4,85938
2021-06-23 10:41:55,4292.4,85938
2021-06-23 10:41:56,4292.4,85938
2021-06-23 10:41:57,4292.4,85938
2021-06-23 10:41:58,4292.4,85938
2021-06-23 10:42:00,4290.35,85948
2021-06-23 10:42:01,4292.65,85998
2021-06-23 10:42:02,4292.65,85998
2021-06-23 10:42:03,4292.7,85999
2021-06-23 10:42:04,4292.7,85999
2021-06-23 10:42:05,4292.4,86001
2021-06-23 10:42:06,4292.4,86001
2021-06-23 10:42:09,4290.0,86098
2021-06-23 10:42:10,4291.6,86108
2021-06-23 10:42:11,4291.6,86108
2021-06-23 10:42:12,4291.6,86108
2021-06-23 10:42:14,4291.6,86108
2021-06-23 10:42:15,4290.0,86136
2021-06-23 10:42:16,4290.0,86136
2021-06-23 10:42:18,4290.0,86136
2021-06-23 10:42:19,4290.0,86140
2021-06-23 10:42:20,4290.0,86140
2021-06-23 10:42:21,4290.0,86140
2021-06-23 10:42:22,4290.0,86140
2021-06-23 10:42:23,4290.0,86140
2021-06-23 10:42:25,4290.0,86140
2021-06-23 10:42:26,4292.0,86185
2021-06-23 10:42:27,4292.0,86185
2021-06-23 10:42:28,4288.8,86346
2021-06-23 10:42:29,4288.8,86346
2021-06-23 10:42:30,4288.8,86346
2021-06-23 10:42:31,4288.8,86346
2021-06-23 10:42:32,4288.8,86346
2021-06-23 10:42:55,4289.7,86352
2021-06-23 10:42:56,4289.7,86352
2021-06-23 10:42:57,4289.7,86352
2021-06-23 10:42:58,4289.7,86352
2021-06-23 10:42:59,4289.7,86352
2021-06-23 10:43:00,4289.7,86352
2021-06-23 10:43:01,4289.7,86352
2021-06-23 10:43:02,4288.15,86353
2021-06-23 10:43:04,4288.15,86353
2021-06-23 10:43:05,4288.15,86353
2021-06-23 10:43:07,4288.15,86353
2021-06-23 10:43:08,4288.15,86353
2021-06-23 10:43:09,4288.15,86353
2021-06-23 10:43:10,4288.15,86353
2021-06-23 10:43:11,4288.15,86353
2021-06-23 10:43:12,4288.15,86353
2021-06-23 10:43:13,4288.15,86353
2021-06-23 10:43:14,4288.15,86353
2021-06-23 10:43:15,4288.15,86353
2021-06-23 10:43:16,4288.15,86353
2021-06-23 10:43:17,4288.15,86353
2021-06-23 10:43:18,4290.0,86355
2021-06-23 10:43:19,4288.3,86380
2021-06-23 10:43:20,4290.0,86381
2021-06-23 10:43:21,4290.0,86381
2021-06-23 10:43:22,4290.0,86381
2021-06-23 10:43:24,4290.0,86381
2021-06-23 10:43:25,4290.0,86382
2021-06-23 10:43:26,4290.0,86382
2021-06-23 10:43:27,4290.0,86382
2021-06-23 10:43:29,4290.0,86634
2021-06-23 10:43:30,4290.0,86634
2021-06-23 10:43:31,4287.0,86673
2021-06-23 10:43:32,4287.0,86673
2021-06-23 10:43:33,4287.0,86673
2021-06-23 10:43:34,4287.0,86673
2021-06-23 10:43:35,4287.0,86673
2021-06-23 10:43:36,4289.75,86678
2021-06-23 10:43:37,4289.75,86678
2021-06-23 10:43:38,4289.75,86678
2021-06-23 10:43:39,4289.75,86678
2021-06-23 10:43:40,4289.75,86678
2021-06-23 10:43:41,4289.75,86678
2021-06-23 10:43:42,4289.75,86678
2021-06-23 10:43:43,4289.75,86678
2021-06-23 10:43:44,4289.75,86678
2021-06-23 10:43:45,4289.75,86678
2021-06-23 10:43:46,4289.75,86678
2021-06-23 10:43:48,4289.75,86678
2021-06-23 10:43:49,4289.75,86678
2021-06-23 10:43:51,4289.75,86678
2021-06-23 10:43:51,4289.75,86678
2021-06-23 10:43:52,4289.75,86678
2021-06-23 10:43:54,4289.75,86678
2021-06-23 10:43:55,4289.7,86710
2021-06-23 10:43:56,4287.15,86729
2021-06-23 10:43:57,4287.15,86729
2021-06-23 10:43:58,4287.15,86729
2021-06-23 10:43:59,4287.15,86729
2021-06-23 10:44:00,4287.15,86729
2021-06-23 10:44:01,4287.15,86729
2021-06-23 10:44:02,4287.15,86729
2021-06-23 10:44:03,4288.55,86730
2021-06-23 10:44:04,4286.9,86732
2021-06-23 10:44:05,4286.9,86732
2021-06-23 10:44:07,4286.9,86732
2021-06-23 10:44:10,4286.9,86732
2021-06-23 10:44:11,4287.3,86734
2021-06-23 10:44:11,4287.3,86734
2021-06-23 10:44:12,4286.15,86739
2021-06-23 10:44:13,4286.15,86740
2021-06-23 10:44:14,4286.15,86740
2021-06-23 10:44:15,4288.1,86742
2021-06-23 10:44:16,4288.1,86742
2021-06-23 10:44:17,4288.1,86742
2021-06-23 10:44:18,4288.1,86742
2021-06-23 10:44:20,4288.1,86742
2021-06-23 10:44:21,4286.5,86743
2021-06-23 10:44:21,4286.5,86743
2021-06-23 10:44:23,4286.4,86785
2021-06-23 10:44:23,4286.4,86785
2021-06-23 10:44:24,4286.4,86785
2021-06-23 10:44:25,4286.4,86785
2021-06-23 10:44:26,4286.4,86785
2021-06-23 10:44:27,4286.4,86785
2021-06-23 10:44:28,4288.05,86786
2021-06-23 10:44:29,4288.05,86786
2021-06-23 10:44:30,4286.2,86802
2021-06-23 10:44:31,4286.2,86802
2021-06-23 10:44:32,4286.2,86802
2021-06-23 10:44:34,4288.1,86804
2021-06-23 10:44:35,4288.1,86804
2021-06-23 10:44:37,4288.1,86804
2021-06-23 10:44:38,4288.1,86804
2021-06-23 10:44:39,4288.1,86804
2021-06-23 10:44:40,4288.1,86804
2021-06-23 10:44:41,4286.8,86807
2021-06-23 10:44:43,4286.8,86807
2021-06-23 10:44:44,4286.8,86807
2021-06-23 10:44:45,4286.8,86807
2021-06-23 10:44:46,4286.8,86807
2021-06-23 10:44:48,4288.1,86817
2021-06-23 10:44:50,4288.1,86817
2021-06-23 10:44:50,4288.1,86817
2021-06-23 10:44:52,4288.1,86817
2021-06-23 10:44:52,4288.1,86817
2021-06-23 10:44:53,4288.1,86817
2021-06-23 10:44:54,4288.1,86817
2021-06-23 10:44:55,4288.1,86817
2021-06-23 10:44:56,4288.1,86817
2021-06-23 10:44:57,4288.1,86817
2021-06-23 10:44:58,4288.1,86817
2021-06-23 10:44:58,4288.1,86817
2021-06-23 10:44:59,4286.8,86819
2021-06-23 10:45:00,4286.8,86819
2021-06-23 10:45:01,4286.8,86819
2021-06-23 10:45:02,4286.8,86825
2021-06-23 10:45:04,4286.8,86825
2021-06-23 10:45:06,4286.8,86825
2021-06-23 10:45:06,4286.8,86825
2021-06-23 10:45:08,4286.35,86884
2021-06-23 10:45:08,4286.35,86885
2021-06-23 10:45:09,4286.35,86887
2021-06-23 10:45:11,4286.35,86887
2021-06-23 10:45:12,4286.35,86890
2021-06-23 10:45:13,4286.35,86890
2021-06-23 10:45:14,4286.35,86890
2021-06-23 10:45:15,4286.35,86890
2021-06-23 10:45:16,4286.35,86890
2021-06-23 10:45:17,4286.8,86915
2021-06-23 10:45:18,4286.8,86915
2021-06-23 10:45:19,4286.8,86915
2021-06-23 10:45:20,4286.8,86915
2021-06-23 10:45:21,4286.8,86915
2021-06-23 10:45:22,4286.8,86915
2021-06-23 10:45:23,4286.8,86915
2021-06-23 10:45:24,4286.8,86915
2021-06-23 10:45:25,4288.0,86917
2021-06-23 10:45:26,4288.0,86917
2021-06-23 10:45:27,4288.0,86923
2021-06-23 10:45:28,4288.0,86925
2021-06-23 10:45:29,4288.0,86928
2021-06-23 10:45:30,4288.0,86928
2021-06-23 10:45:31,4288.0,86928
2021-06-23 10:45:32,4288.0,86928
2021-06-23 10:45:33,4288.0,86929
2021-06-23 10:45:34,4288.0,86929
2021-06-23 10:45:35,4288.0,86929
2021-06-23 10:45:38,4288.0,86929
2021-06-23 10:45:38,4288.0,86929
2021-06-23 10:45:39,4288.0,86929
2021-06-23 10:45:42,4288.0,86929
2021-06-23 10:45:43,4288.0,86929
2021-06-23 10:45:44,4288.0,86929
2021-06-23 10:45:45,4288.0,86929
2021-06-23 10:45:46,4288.0,86929
2021-06-23 10:45:47,4287.05,86939
2021-06-23 10:45:48,4287.05,86939
2021-06-23 10:45:49,4287.05,86939
2021-06-23 10:45:50,4287.05,86939
2021-06-23 10:45:51,4287.05,86939
2021-06-23 10:45:53,4287.05,86939
2021-06-23 10:45:54,4287.05,86939
2021-06-23 10:45:54,4287.05,86939
2021-06-23 10:45:55,4287.05,86939
2021-06-23 10:45:56,4287.05,86939
2021-06-23 10:45:57,4287.05,86939
2021-06-23 10:45:58,4287.05,86939
2021-06-23 10:46:00,4287.05,86941
2021-06-23 10:46:00,4287.05,86941
2021-06-23 10:46:02,4287.05,86941
2021-06-23 10:46:03,4287.05,86942
2021-06-23 10:46:03,4287.05,86942
2021-06-23 10:46:04,4287.05,86942
2021-06-23 10:46:05,4287.05,86943
2021-06-23 10:46:06,4287.05,86943
2021-06-23 10:46:07,4287.05,86943
2021-06-23 10:46:08,4287.05,86943
2021-06-23 10:46:09,4287.05,86943
2021-06-23 10:46:11,4287.05,86943
2021-06-23 10:46:11,4287.05,86943
2021-06-23 10:46:12,4287.05,86943
2021-06-23 10:46:13,4287.05,86943
2021-06-23 10:46:14,4287.05,86943
2021-06-23 10:46:15,4287.05,86943
2021-06-23 10:46:16,4287.05,86944
2021-06-23 10:46:17,4287.05,86944
2021-06-23 10:46:18,4287.05,86949
2021-06-23 10:46:19,4287.05,86949
2021-06-23 10:46:21,4287.05,86949
2021-06-23 10:46:22,4287.05,86950
2021-06-23 10:46:23,4287.05,86950
2021-06-23 10:46:24,4287.05,86972
2021-06-23 10:46:25,4287.05,86972
2021-06-23 10:46:26,4287.05,86972
2021-06-23 10:46:27,4287.05,86972
2021-06-23 10:46:28,4287.05,86972
2021-06-23 10:46:29,4286.3,87018
2021-06-23 10:46:29,4286.3,87018
2021-06-23 10:46:30,4286.3,87018
2021-06-23 10:46:31,4286.3,87018
2021-06-23 10:46:33,4286.3,87018
2021-06-23 10:46:34,4286.3,87018
2021-06-23 10:46:36,4286.3,87018
2021-06-23 10:46:36,4286.3,87018
2021-06-23 10:46:37,4286.3,87018
2021-06-23 10:46:38,4286.1,87019
2021-06-23 10:46:39,4286.1,87019
2021-06-23 10:46:40,4286.1,87019
2021-06-23 10:46:42,4286.1,87019
2021-06-23 10:46:44,4286.1,87019
2021-06-23 10:46:43,4286.1,87019
2021-06-23 10:46:45,4286.1,87019
2021-06-23 10:46:46,4286.1,87019
2021-06-23 10:46:48,4286.1,87019
2021-06-23 10:46:49,4286.1,87019
2021-06-23 10:46:50,4286.1,87019
2021-06-23 10:46:51,4286.1,87019
2021-06-23 10:46:52,4286.1,87028
2021-06-23 10:46:53,4286.1,87028
2021-06-23 10:46:54,4286.1,87028
2021-06-23 10:46:55,4286.1,87028
2021-06-23 10:46:56,4285.7,87029
2021-06-23 10:46:57,4285.7,87029
2021-06-23 10:46:58,4285.7,87029
2021-06-23 10:47:00,4285.7,87029
2021-06-23 10:47:00,4285.7,87029
2021-06-23 10:47:01,4285.7,87029
2021-06-23 10:47:02,4285.7,87029
2021-06-23 10:47:04,4285.7,87029
2021-06-23 10:47:05,4285.7,87029
2021-06-23 10:47:06,4285.7,87029
2021-06-23 10:47:07,4285.7,87029
2021-06-23 10:47:08,4285.7,87029
2021-06-23 10:47:09,4285.7,87029
2021-06-23 10:47:10,4285.7,87029
2021-06-23 10:47:11,4285.7,87029
2021-06-23 10:47:13,4285.7,87029
2021-06-23 10:47:15,4285.7,87029
2021-06-23 10:47:16,4285.7,87029
2021-06-23 10:47:18,4285.7,87029
2021-06-23 10:47:19,4285.7,87029
2021-06-23 10:47:20,4285.7,87029
2021-06-23 10:47:21,4285.7,87029
2021-06-23 10:47:22,4285.7,87029
2021-06-23 10:47:24,4285.7,87029
2021-06-23 10:47:25,4285.7,87029
2021-06-23 10:47:26,4285.7,87029
2021-06-23 10:47:27,4285.7,87029
2021-06-23 10:47:28,4285.55,87210
2021-06-23 10:47:28,4285.55,87210
2021-06-23 10:47:30,4285.55,87210
2021-06-23 10:47:30,4285.55,87210
2021-06-23 10:47:32,4285.55,87210
2021-06-23 10:47:33,4285.3,87220
2021-06-23 10:47:34,4286.1,87237
2021-06-23 10:47:35,4286.1,87237
2021-06-23 10:47:36,4286.1,87237
2021-06-23 10:47:37,4286.1,87237
2021-06-23 10:47:38,4286.1,87237
2021-06-23 10:47:39,4286.1,87252
2021-06-23 10:47:40,4285.2,87257
2021-06-23 10:47:41,4285.2,87257
2021-06-23 10:47:42,4285.2,87257
2021-06-23 10:47:43,4286.1,87273
2021-06-23 10:47:44,4286.1,87273
2021-06-23 10:47:45,4286.1,87273
2021-06-23 10:47:46,4286.1,87273
2021-06-23 10:47:48,4286.1,87523
2021-06-23 10:47:49,4286.1,87523
2021-06-23 10:47:51,4286.1,87523
2021-06-23 10:47:51,4286.1,87523
2021-06-23 10:47:54,4284.8,87558
2021-06-23 10:47:55,4284.75,87583
2021-06-23 10:47:56,4284.75,87583
2021-06-23 10:47:57,4284.75,87584
2021-06-23 10:47:58,4284.75,87584
2021-06-23 10:47:59,4284.75,87584
2021-06-23 10:48:00,4284.75,87584
2021-06-23 10:48:01,4284.75,87584
2021-06-23 10:48:03,4284.75,87584
2021-06-23 10:48:04,4284.75,87584
2021-06-23 10:48:05,4284.75,87584
2021-06-23 10:48:06,4284.75,87584
2021-06-23 10:48:07,4284.75,87584
2021-06-23 10:48:10,4284.75,87584
2021-06-23 10:48:11,4284.75,87584
2021-06-23 10:48:11,4284.75,87584
2021-06-23 10:48:12,4284.75,87584
2021-06-23 10:48:14,4284.75,87584
2021-06-23 10:48:14,4284.75,87584
2021-06-23 10:48:15,4284.75,87584
2021-06-23 10:48:16,4284.75,87584
2021-06-23 10:48:17,4284.75,87584
2021-06-23 10:48:18,4284.75,87584
2021-06-23 10:48:19,4284.75,87584
2021-06-23 10:48:21,4285.0,87622
2021-06-23 10:48:22,4285.0,87622
2021-06-23 10:48:23,4285.0,87622
2021-06-23 10:48:24,4285.0,87622
2021-06-23 10:48:25,4286.0,87623
2021-06-23 10:48:26,4285.0,87624
2021-06-23 10:48:27,4285.0,87624
2021-06-23 10:48:28,4285.0,87624
2021-06-23 10:48:29,4285.0,87624
2021-06-23 10:48:31,4285.0,87624
2021-06-23 10:48:32,4285.0,87624
2021-06-23 10:48:34,4286.0,87648
2021-06-23 10:48:35,4286.0,87648
2021-06-23 10:48:36,4286.0,87648
2021-06-23 10:48:38,4286.0,87648
2021-06-23 10:48:40,4286.0,87648
2021-06-23 10:48:41,4286.0,87649
2021-06-23 10:48:42,4286.0,87649
2021-06-23 10:48:43,4285.0,87819
2021-06-23 10:48:44,4285.0,87819
2021-06-23 10:48:44,4285.0,87819
2021-06-23 10:48:45,4285.0,87819
2021-06-23 10:48:46,4285.0,87819
2021-06-23 10:48:47,4285.0,87819
2021-06-23 10:48:48,4285.0,87819
2021-06-23 10:48:49,4285.0,87819
2021-06-23 10:48:52,4285.0,87819
2021-06-23 10:48:52,4285.0,87819
2021-06-23 10:48:54,4285.0,87820
2021-06-23 10:48:54,4285.0,87820
2021-06-23 10:48:55,4285.0,87820
2021-06-23 10:48:59,4285.0,87820
2021-06-23 10:49:01,4285.0,87820
2021-06-23 10:49:03,4285.0,87821
2021-06-23 10:49:04,4285.0,87821
2021-06-23 10:49:05,4285.0,87821
2021-06-23 10:49:05,4285.0,87821
2021-06-23 10:49:06,4285.5,87823
2021-06-23 10:49:09,4285.5,87823
2021-06-23 10:49:11,4285.5,87823
2021-06-23 10:49:12,4285.5,87823
2021-06-23 10:49:13,4285.5,87893
2021-06-23 10:49:14,4285.5,87893
2021-06-23 10:49:15,4285.5,87893
2021-06-23 10:49:16,4284.6,87943
2021-06-23 10:49:17,4284.6,87943
2021-06-23 10:49:19,4284.6,87943
2021-06-23 10:49:20,4284.6,87943
2021-06-23 10:49:21,4284.6,87943
2021-06-23 10:49:22,4284.6,87943
2021-06-23 10:49:23,4284.6,87943
2021-06-23 10:49:24,4284.6,87943
2021-06-23 10:49:26,4284.6,87943
2021-06-23 10:49:26,4285.5,87951
2021-06-23 10:49:28,4285.5,87951
2021-06-23 10:49:28,4285.5,87951
2021-06-23 10:49:30,4285.5,87951
2021-06-23 10:49:31,4285.5,87952
2021-06-23 10:49:31,4285.5,87952
2021-06-23 10:49:32,4285.5,87952
2021-06-23 10:49:36,4285.5,87952
2021-06-23 10:49:37,4285.5,87952
2021-06-23 10:49:38,4285.5,87952
2021-06-23 10:49:39,4285.5,87953
2021-06-23 10:49:39,4285.5,87953
2021-06-23 10:49:40,4285.5,87953
2021-06-23 10:49:41,4285.5,87953
2021-06-23 10:49:42,4285.5,87953
2021-06-23 10:49:44,4285.5,87953
2021-06-23 10:49:44,4284.0,88163
2021-06-23 10:49:45,4284.0,88163
2021-06-23 10:49:46,4284.0,88163
2021-06-23 10:49:47,4284.0,88163
2021-06-23 10:49:48,4284.0,88163
2021-06-23 10:49:49,4284.0,88163
2021-06-23 10:49:50,4286.0,88164
2021-06-23 10:49:51,4286.0,88164
2021-06-23 10:49:53,4286.0,88164
2021-06-23 10:49:53,4286.0,88164
2021-06-23 10:49:54,4286.0,88165
2021-06-23 10:49:55,4286.0,88165
2021-06-23 10:49:56,4286.0,88165
2021-06-23 10:49:57,4286.0,88165
2021-06-23 10:49:59,4286.0,88165
2021-06-23 10:50:00,4286.0,88165
2021-06-23 10:50:01,4286.0,88165
2021-06-23 10:50:01,4286.0,88165
2021-06-23 10:50:02,4284.65,88171
2021-06-23 10:50:03,4284.65,88171
2021-06-23 10:50:04,4284.65,88171
2021-06-23 10:50:06,4284.65,88171
2021-06-23 10:50:07,4284.65,88171
2021-06-23 10:50:08,4286.0,88230
2021-06-23 10:50:09,4286.0,88231
2021-06-23 10:50:09,4286.0,88231
2021-06-23 10:50:10,4286.0,88231
2021-06-23 10:50:11,4286.0,88231
2021-06-23 10:50:12,4286.0,88231
2021-06-23 10:50:13,4286.0,88231
2021-06-23 10:50:14,4286.0,88231
2021-06-23 10:50:15,4286.0,88231
2021-06-23 10:50:16,4286.0,88231
2021-06-23 10:50:17,4286.0,88231
2021-06-23 10:50:19,4286.0,88231
2021-06-23 10:50:20,4286.0,88231
2021-06-23 10:50:21,4286.0,88231
2021-06-23 10:50:22,4286.0,88231
2021-06-23 10:50:22,4286.0,88231
2021-06-23 10:50:25,4286.0,88231
2021-06-23 10:50:28,4286.0,88231
2021-06-23 10:50:30,4286.0,88241
2021-06-23 10:50:33,4285.95,88278
2021-06-23 10:50:35,4285.95,88280
2021-06-23 10:50:38,4285.8,88281
2021-06-23 10:50:45,4285.8,88281
2021-06-23 10:50:48,4285.95,88283
2021-06-23 10:50:50,4285.95,88283
2021-06-23 10:50:53,4285.95,88283
2021-06-23 10:50:56,4285.95,88283
2021-06-23 10:50:58,4285.95,88285
2021-06-23 10:51:01,4285.95,88285
2021-06-23 10:51:03,4285.95,88285
2021-06-23 10:51:05,4285.95,88285
2021-06-23 10:51:08,4285.95,88285
2021-06-23 10:51:11,4285.95,88287
2021-06-23 10:51:14,4285.95,88317
2021-06-23 10:51:16,4286.0,88372
2021-06-23 10:51:19,4286.0,88372
2021-06-23 10:51:21,4286.4,88388
2021-06-23 10:51:23,4286.4,88388
2021-06-23 10:51:28,4286.55,88422
2021-06-23 10:51:31,4286.55,88422
2021-06-23 10:51:34,4286.55,88422
2021-06-23 10:51:36,4287.85,88428
2021-06-23 10:51:39,4287.85,88428
2021-06-23 10:51:41,4287.85,88428
2021-06-23 10:51:44,4287.85,88428
2021-06-23 10:51:46,4287.85,88428
2021-06-23 10:51:49,4287.85,88428
2021-06-23 10:51:51,4287.85,88428
2021-06-23 10:51:53,4287.85,88428
2021-06-23 10:51:56,4288.0,88468
2021-06-23 10:51:58,4288.0,88468
2021-06-23 10:52:02,4287.45,88469
2021-06-23 10:52:02,4287.45,88469
2021-06-23 10:52:05,4287.45,88469
2021-06-23 10:52:07,4287.45,88469
2021-06-23 10:52:09,4289.0,88489
2021-06-23 10:52:12,4289.0,88489
2021-06-23 10:52:15,4289.0,88489
2021-06-23 10:52:18,4289.0,88489
2021-06-23 10:52:21,4289.0,88491
2021-06-23 10:52:24,4289.0,88491
2021-06-23 10:52:26,4289.0,88520
2021-06-23 10:52:29,4289.0,88520
2021-06-23 10:52:31,4287.45,88608
2021-06-23 10:52:34,4287.05,88650
2021-06-23 10:52:36,4287.05,88650
2021-06-23 10:52:39,4287.05,88650
2021-06-23 10:52:41,4287.05,88650
2021-06-23 10:52:44,4287.5,88655
2021-06-23 10:52:46,4287.05,88656
2021-06-23 10:52:49,4287.05,88656
2021-06-23 10:52:52,4287.05,88661
2021-06-23 10:52:55,4287.05,88661
2021-06-23 10:52:57,4287.05,88661
2021-06-23 10:52:59,4287.05,88661
2021-06-23 10:53:02,4287.05,88661
2021-06-23 10:53:02,4287.05,88661
2021-06-23 10:53:05,4287.05,88661
2021-06-23 10:53:07,4287.05,88661
2021-06-23 10:53:09,4287.05,88661
2021-06-23 10:53:12,4287.45,88699
2021-06-23 10:53:14,4287.45,88699
2021-06-23 10:53:17,4287.45,88699
2021-06-23 10:53:19,4287.45,88699
2021-06-23 10:53:22,4286.5,88719
2021-06-23 10:53:24,4286.85,88779
2021-06-23 10:53:26,4286.85,88779
2021-06-23 10:53:28,4286.85,88779
2021-06-23 10:53:30,4286.85,88779
2021-06-23 10:53:32,4286.85,88779
2021-06-23 10:53:35,4286.85,88779
2021-06-23 10:53:38,4286.85,88779
2021-06-23 10:53:40,4286.85,88779
2021-06-23 10:53:42,4286.85,88779
2021-06-23 10:53:45,4286.85,88784
2021-06-23 10:53:47,4286.85,88784
2021-06-23 10:53:49,4286.85,88784
2021-06-23 10:53:52,4286.85,88784
2021-06-23 10:53:54,4286.85,88784
2021-06-23 10:53:56,4287.45,88938
2021-06-23 10:53:58,4287.45,88938
2021-06-23 10:54:01,4287.45,88938
2021-06-23 10:54:04,4287.45,88938
2021-06-23 10:54:04,4287.45,88938
2021-06-23 10:54:07,4287.5,88965
2021-06-23 10:54:10,4287.5,88965
2021-06-23 10:54:13,4287.5,88965
2021-06-23 10:54:16,4287.5,88965
2021-06-23 10:54:18,4287.5,88965
2021-06-23 10:54:20,4287.5,88965
2021-06-23 10:54:23,4287.5,88967
2021-06-23 10:54:27,4287.5,88967
2021-06-23 10:54:30,4287.5,88967
2021-06-23 10:54:33,4286.25,88977
2021-06-23 10:54:36,4287.5,88982
2021-06-23 10:54:39,4287.5,88982
2021-06-23 10:54:41,4287.5,89002
2021-06-23 10:54:44,4286.25,89012
2021-06-23 10:54:46,4286.25,89012
2021-06-23 10:54:48,4286.25,89012
2021-06-23 10:54:51,4287.5,89035
2021-06-23 10:54:56,4287.5,89035
2021-06-23 10:54:58,4286.9,89036
2021-06-23 10:55:00,4286.9,89036
2021-06-23 10:55:04,4286.9,89053
2021-06-23 10:55:04,4286.9,89053
2021-06-23 10:55:07,4287.9,89165
2021-06-23 10:55:09,4287.9,89165
2021-06-23 10:55:12,4286.1,89215
2021-06-23 10:55:15,4286.1,89215
2021-06-23 10:55:18,4286.1,89215
2021-06-23 10:55:21,4286.1,89215
2021-06-23 10:55:23,4286.1,89215
2021-06-23 10:55:26,4286.1,89215
2021-06-23 10:55:28,4286.1,89215
2021-06-23 10:55:30,4286.1,89215
2021-06-23 10:55:32,4286.1,89215
2021-06-23 10:55:35,4287.2,89216
2021-06-23 10:55:37,4287.2,89216
2021-06-23 10:55:39,4287.2,89216
2021-06-23 10:55:41,4285.85,89273
2021-06-23 10:55:43,4285.85,89273
2021-06-23 10:55:45,4285.85,89273
2021-06-23 10:55:48,4285.85,89273
2021-06-23 10:55:49,4285.85,89273
2021-06-23 10:55:51,4285.85,89273
2021-06-23 10:55:54,4285.85,89273
2021-06-23 10:55:56,4285.85,89273
2021-06-23 10:55:58,4285.85,89275
2021-06-23 10:56:00,4285.85,89275
2021-06-23 10:56:03,4284.4,89375
2021-06-23 10:56:06,4284.4,89375
2021-06-23 10:56:08,4284.55,89416
2021-06-23 10:56:11,4285.3,89433
2021-06-23 10:56:13,4285.3,89433
2021-06-23 10:56:16,4285.3,89433
2021-06-23 10:56:18,4285.3,89433
2021-06-23 10:56:20,4285.3,89433
2021-06-23 10:56:23,4286.25,89450
2021-06-23 10:56:26,4286.25,89450
2021-06-23 10:56:28,4286.25,89450
2021-06-23 10:56:30,4286.25,89450
2021-06-23 10:56:33,4285.15,89495
2021-06-23 10:56:35,4287.05,89503
2021-06-23 10:56:37,4287.05,89503
2021-06-23 10:56:39,4287.05,89503
2021-06-23 10:56:41,4287.05,89503
2021-06-23 10:56:44,4287.05,89503
2021-06-23 10:56:46,4287.05,89503
2021-06-23 10:56:49,4287.05,89503
2021-06-23 10:56:51,4287.05,89505
2021-06-23 10:56:54,4285.45,89508
2021-06-23 10:56:56,4285.45,89508
2021-06-23 10:56:58,4285.45,89508
2021-06-23 10:57:01,4285.45,89508
2021-06-23 10:57:04,4285.45,89508
2021-06-23 10:57:09,4285.45,89508
2021-06-23 10:57:11,4287.1,89513
2021-06-23 10:57:16,4287.5,89533
2021-06-23 10:57:18,4287.5,89533
2021-06-23 10:57:21,4287.5,89533
2021-06-23 10:57:23,4285.45,89536
2021-06-23 10:57:26,4285.45,89536
2021-06-23 10:57:28,4285.45,89536
2021-06-23 10:57:30,4285.45,89536
2021-06-23 10:57:33,4285.45,89536
2021-06-23 10:57:35,4285.45,89536
2021-06-23 10:57:37,4285.45,89536
2021-06-23 10:57:39,4286.8,89588
2021-06-23 10:57:41,4286.8,89588
2021-06-23 10:57:43,4286.8,89588
2021-06-23 10:57:45,4286.8,89588
2021-06-23 10:57:48,4286.8,89588
2021-06-23 10:57:50,4286.8,89588
2021-06-23 10:57:54,4286.8,89588
2021-06-23 10:57:56,4287.55,89591
2021-06-23 10:57:59,4287.95,89594
2021-06-23 10:58:01,4287.95,89594
2021-06-23 10:58:03,4287.05,89644
2021-06-23 10:58:06,4287.9,89654
2021-06-23 10:58:08,4287.9,89654
2021-06-23 10:58:11,4287.9,89654
2021-06-23 10:58:13,4287.05,89660
2021-06-23 10:58:16,4287.05,89660
2021-06-23 10:58:18,4287.05,89660
2021-06-23 10:58:20,4287.05,89660
2021-06-23 10:58:24,4287.05,89670
2021-06-23 10:58:27,4287.05,89670
2021-06-23 10:58:29,4287.05,89671
2021-06-23 10:58:33,4287.05,89671
2021-06-23 10:58:36,4287.05,89674
2021-06-23 10:58:39,4287.05,89674
2021-06-23 10:58:41,4287.05,89674
2021-06-23 10:58:44,4287.05,89674
2021-06-23 10:58:46,4287.05,89674
2021-06-23 10:58:49,4287.05,89674
2021-06-23 10:58:51,4287.05,89674
2021-06-23 10:58:53,4287.05,89674
2021-06-23 10:58:56,4286.8,89702
2021-06-23 10:58:58,4286.8,89702
2021-06-23 10:59:01,4286.8,89702
2021-06-23 10:59:03,4286.8,89702
2021-06-23 10:59:05,4287.35,89703
2021-06-23 10:59:08,4287.35,89703
2021-06-23 10:59:11,4287.35,89703
2021-06-23 10:59:13,4287.35,89703
2021-06-23 10:59:15,4287.35,89703
2021-06-23 10:59:18,4287.35,89703
2021-06-23 10:59:20,4287.35,89703
2021-06-23 10:59:23,4287.35,89703
2021-06-23 10:59:26,4287.35,89703
2021-06-23 10:59:29,4287.35,89703
2021-06-23 10:59:31,4287.5,89741
2021-06-23 10:59:34,4287.5,89741
2021-06-23 10:59:37,4287.5,89741
2021-06-23 10:59:39,4287.5,89741
2021-06-23 10:59:41,4287.5,89741
2021-06-23 10:59:43,4285.75,89742
2021-06-23 10:59:46,4285.75,89773
2021-06-23 10:59:48,4285.75,89773
2021-06-23 10:59:50,4284.0,89918
2021-06-23 10:59:53,4284.0,89918
2021-06-23 10:59:55,4284.0,89918
2021-06-23 10:59:58,4284.0,89918
2021-06-23 11:00:00,4284.0,89918
2021-06-23 11:00:03,4280.4,89973
2021-06-23 11:00:06,4280.4,89973
2021-06-23 11:00:09,4280.4,89973
2021-06-23 11:00:12,4280.4,89973
2021-06-23 11:00:12,4280.4,89973
2021-06-23 11:00:14,4280.4,89979
2021-06-23 11:00:17,4280.3,89980
2021-06-23 11:00:19,4280.25,90000
2021-06-23 11:00:22,4280.25,90000
2021-06-23 11:00:29,4280.25,90000
2021-06-23 11:00:32,4281.25,90005
2021-06-23 11:00:35,4281.25,90005
2021-06-23 11:00:37,4281.25,90005
2021-06-23 11:00:39,4281.3,90010
2021-06-23 11:00:41,4281.3,90010
2021-06-23 11:00:44,4281.3,90010
2021-06-23 11:00:46,4281.3,90010
2021-06-23 11:00:48,4281.3,90015
2021-06-23 11:00:50,4281.3,90015
2021-06-23 11:00:53,4281.3,90015
2021-06-23 11:00:55,4281.3,90015
2021-06-23 11:00:59,4281.3,90115
2021-06-23 11:01:02,4281.0,90116
2021-06-23 11:01:04,4281.0,90116
2021-06-23 11:01:06,4281.0,90116
2021-06-23 11:01:08,4281.0,90142
2021-06-23 11:01:11,4281.0,90142
2021-06-23 11:01:13,4280.6,90147
2021-06-23 11:01:13,4280.6,90147
2021-06-23 11:01:15,4280.6,90179
2021-06-23 11:01:17,4280.0,90219
2021-06-23 11:01:20,4280.0,90219
2021-06-23 11:01:21,4280.0,90229
2021-06-23 11:01:24,4279.8,90250
2021-06-23 11:01:26,4279.2,90256
2021-06-23 11:01:28,4279.2,90256
2021-06-23 11:01:30,4279.2,90256
2021-06-23 11:01:32,4279.2,90256
2021-06-23 11:01:35,4279.2,90256
2021-06-23 11:01:37,4279.2,90256
2021-06-23 11:01:40,4279.2,90256
2021-06-23 11:01:42,4279.9,90258
2021-06-23 11:01:45,4279.9,90258
2021-06-23 11:01:47,4279.9,90258
2021-06-23 11:01:50,4280.8,90312
2021-06-23 11:01:53,4281.35,90330
2021-06-23 11:01:56,4281.35,90330
2021-06-23 11:01:59,4281.35,90330
2021-06-23 11:02:01,4281.35,90330
2021-06-23 11:02:03,4281.35,90330
2021-06-23 11:02:06,4281.35,90330
2021-06-23 11:02:08,4281.35,90330
2021-06-23 11:02:10,4281.35,90330
2021-06-23 11:02:13,4280.95,90380
2021-06-23 11:02:13,4280.95,90380
2021-06-23 11:02:16,4280.95,90380
2021-06-23 11:02:19,4280.95,90380
2021-06-23 11:02:22,4282.0,90385
2021-06-23 11:02:24,4282.65,90386
2021-06-23 11:02:26,4282.65,90386
2021-06-23 11:02:28,4282.65,90386
2021-06-23 11:02:30,4282.65,90386
2021-06-23 11:02:32,4282.65,90386
2021-06-23 11:02:35,4282.65,90386
2021-06-23 11:02:37,4282.65,90386
2021-06-23 11:02:40,4282.65,90386
2021-06-23 11:02:42,4282.65,90386
2021-06-23 11:02:45,4282.65,90386
2021-06-23 11:02:47,4283.3,90406
2021-06-23 11:02:49,4281.2,90416
2021-06-23 11:02:51,4281.2,90416
2021-06-23 11:02:53,4281.2,90416
2021-06-23 11:02:56,4281.2,90416
2021-06-23 11:02:58,4281.2,90416
2021-06-23 11:03:01,4281.2,90416
2021-06-23 11:03:03,4282.95,90417
2021-06-23 11:03:05,4282.95,90417
2021-06-23 11:03:07,4282.95,90417
2021-06-23 11:03:09,4282.95,90417
2021-06-23 11:03:12,4282.95,90417
2021-06-23 11:03:14,4282.95,90419
2021-06-23 11:03:16,4282.95,90419
2021-06-23 11:03:19,4282.95,90419
2021-06-23 11:03:21,4281.35,90447
2021-06-23 11:03:23,4282.6,90449
2021-06-23 11:03:25,4281.0,90459
2021-06-23 11:03:28,4280.95,90460
2021-06-23 11:03:30,4282.55,90490
2021-06-23 11:03:33,4282.55,90490
2021-06-23 11:03:37,4282.65,90500
2021-06-23 11:03:40,4282.65,90500
2021-06-23 11:03:42,4281.0,90502
2021-06-23 11:03:45,4281.0,90502
2021-06-23 11:03:47,4281.0,90502
2021-06-23 11:03:50,4281.0,90502
2021-06-23 11:03:54,4284.6,90706
2021-06-23 11:03:57,4284.6,90706
2021-06-23 11:03:59,4284.6,90706
2021-06-23 11:04:02,4284.6,90706
2021-06-23 11:04:04,4282.05,90707
2021-06-23 11:04:07,4282.05,90707
2021-06-23 11:04:09,4282.05,90707
2021-06-23 11:04:11,4282.05,90707
2021-06-23 11:04:13,4282.05,90707
2021-06-23 11:04:16,4282.05,90707
2021-06-23 11:04:16,4282.05,90707
2021-06-23 11:04:18,4282.05,90707
2021-06-23 11:04:20,4282.05,90707
2021-06-23 11:04:22,4282.05,90707
2021-06-23 11:04:25,4284.75,90711
2021-06-23 11:04:28,4284.8,90721
2021-06-23 11:04:31,4284.8,90721
2021-06-23 11:04:35,4284.8,90721
2021-06-23 11:04:37,4284.7,90722
2021-06-23 11:04:42,4284.7,90727
2021-06-23 11:04:45,4284.7,90727
2021-06-23 11:04:48,4282.6,90740
2021-06-23 11:04:51,4283.95,90741
2021-06-23 11:04:54,4283.95,90741
2021-06-23 11:04:56,4283.95,90741
2021-06-23 11:04:58,4283.95,90741
2021-06-23 11:05:01,4283.95,90741
2021-06-23 11:05:04,4282.6,90747
2021-06-23 11:05:06,4282.6,90747
2021-06-23 11:05:08,4283.35,90749
2021-06-23 11:05:10,4282.6,90874
2021-06-23 11:05:13,4283.65,90888
2021-06-23 11:05:15,4283.65,90888
2021-06-23 11:05:20,4283.65,90888
2021-06-23 11:05:26,4283.7,90899
2021-06-23 11:05:28,4283.7,90899
2021-06-23 11:05:31,4283.75,90903
2021-06-23 11:05:33,4283.75,90903
2021-06-23 11:05:36,4283.75,90903
2021-06-23 11:05:38,4283.75,90903
2021-06-23 11:05:41,4283.75,90903
2021-06-23 11:05:44,4283.75,90903
2021-06-23 11:05:46,4283.75,90903
2021-06-23 11:05:49,4281.7,90913
2021-06-23 11:05:53,4283.5,90954
2021-06-23 11:05:55,4283.5,90954
2021-06-23 11:05:57,4281.85,90961
2021-06-23 11:05:59,4281.85,90961
2021-06-23 11:06:02,4281.85,90961
2021-06-23 11:06:03,4281.85,90961
2021-06-23 11:06:07,4281.85,90961
2021-06-23 11:06:10,4281.85,90961
2021-06-23 11:06:12,4281.85,90961
2021-06-23 11:06:14,4283.5,90962
2021-06-23 11:06:17,4283.5,90962
2021-06-23 11:06:20,4283.5,90962
2021-06-23 11:06:22,4283.5,90962
2021-06-23 11:06:25,4282.0,90972
2021-06-23 11:06:27,4282.0,90972
2021-06-23 11:06:29,4282.0,90972
2021-06-23 11:06:32,4282.0,90972
2021-06-23 11:06:35,4282.0,90972
2021-06-23 11:06:38,4282.0,90972
2021-06-23 11:06:40,4282.0,90974
2021-06-23 11:06:43,4282.0,90974
2021-06-23 11:06:45,4282.0,90979
2021-06-23 11:06:47,4282.0,91001
2021-06-23 11:06:49,4282.0,91025
2021-06-23 11:06:52,4281.85,91074
2021-06-23 11:06:54,4281.85,91074
2021-06-23 11:06:56,4281.85,91074
2021-06-23 11:06:59,4281.85,91074
2021-06-23 11:07:01,4281.85,91074
2021-06-23 11:07:04,4281.85,91123
2021-06-23 11:07:06,4281.85,91125
2021-06-23 11:07:09,4280.0,91619
2021-06-23 11:07:12,4280.0,91619
2021-06-23 11:07:14,4280.0,91619
2021-06-23 11:07:16,4280.0,91619
2021-06-23 11:07:19,4280.0,91646
2021-06-23 11:07:21,4280.0,91646
2021-06-23 11:07:23,4279.1,91654
2021-06-23 11:07:23,4279.1,91654
2021-06-23 11:07:26,4279.1,91654
2021-06-23 11:07:27,4279.1,91654
2021-06-23 11:07:30,4279.1,91654
2021-06-23 11:07:32,4279.1,91654
2021-06-23 11:07:34,4279.1,91654
2021-06-23 11:07:36,4280.0,91661
2021-06-23 11:07:39,4280.0,91662
2021-06-23 11:07:41,4280.0,91662
2021-06-23 11:07:43,4279.1,91668
2021-06-23 11:07:45,4279.1,91668
2021-06-23 11:07:47,4279.1,91668
2021-06-23 11:07:49,4280.0,91768
2021-06-23 11:07:51,4280.0,91768
2021-06-23 11:07:53,4280.0,91768
2021-06-23 11:07:55,4280.0,91768
2021-06-23 11:07:58,4280.0,91768
2021-06-23 11:08:00,4280.0,91769
2021-06-23 11:08:02,4280.0,91769
2021-06-23 11:08:05,4279.2,91777
2021-06-23 11:08:07,4279.1,91923
2021-06-23 11:08:10,4279.6,91924
2021-06-23 11:08:13,4279.1,92137
2021-06-23 11:08:16,4279.1,92137
2021-06-23 11:08:18,4278.7,92138
2021-06-23 11:08:20,4278.0,92168
2021-06-23 11:08:23,4277.95,92188
2021-06-23 11:08:25,4277.95,92188
2021-06-23 11:08:25,4277.95,92188
2021-06-23 11:08:29,4277.95,92188
2021-06-23 11:08:31,4277.95,92188
2021-06-23 11:08:33,4277.45,92199
2021-06-23 11:08:36,4277.45,92201
2021-06-23 11:08:38,4277.45,92201
2021-06-23 11:08:40,4277.45,92201
2021-06-23 11:08:42,4277.45,92214
2021-06-23 11:08:44,4277.45,92214
2021-06-23 11:08:47,4277.0,92276
2021-06-23 11:08:49,4277.0,92478
2021-06-23 11:08:51,4277.0,92478
2021-06-23 11:08:53,4276.95,92479
2021-06-23 11:08:57,4276.95,92479
2021-06-23 11:08:59,4276.95,92479
2021-06-23 11:09:02,4276.95,92479
2021-06-23 11:09:04,4276.95,92479
2021-06-23 11:09:06,4276.95,92479
2021-06-23 11:09:09,4276.95,92479
2021-06-23 11:09:11,4276.95,92479
2021-06-23 11:09:13,4276.95,92479
2021-06-23 11:09:15,4276.95,92479
2021-06-23 11:09:17,4276.95,92480
2021-06-23 11:09:20,4276.95,92480
2021-06-23 11:09:22,4278.0,92485
2021-06-23 11:09:24,4277.95,92486
2021-06-23 11:09:24,4277.95,92486
2021-06-23 11:09:27,4277.95,92486
2021-06-23 11:09:29,4277.95,92486
2021-06-23 11:09:31,4277.95,92486
2021-06-23 11:09:37,4277.95,92486
2021-06-23 11:09:40,4277.95,92486
2021-06-23 11:09:42,4277.95,92488
2021-06-23 11:09:45,4277.95,92488
2021-06-23 11:09:47,4277.95,92488
2021-06-23 11:09:50,4277.95,92488
2021-06-23 11:09:52,4277.95,92488
2021-06-23 11:09:54,4277.95,92490
2021-06-23 11:09:56,4277.95,92490
2021-06-23 11:09:58,4277.95,92490
2021-06-23 11:10:00,4277.95,92490
2021-06-23 11:10:02,4276.95,92496
2021-06-23 11:10:04,4276.95,92497
2021-06-23 11:10:07,4276.95,92497
2021-06-23 11:10:09,4277.45,92498
2021-06-23 11:10:11,4277.85,92518
2021-06-23 11:10:14,4277.85,92518
2021-06-23 11:10:20,4277.85,92518
2021-06-23 11:10:24,4277.85,92518
2021-06-23 11:10:26,4277.85,92518
2021-06-23 11:10:26,4277.85,92518
2021-06-23 11:10:29,4277.85,92518
2021-06-23 11:10:31,4277.85,92518
2021-06-23 11:10:33,4277.85,92518
2021-06-23 11:10:35,4276.95,92523
2021-06-23 11:10:38,4276.95,92523
2021-06-23 11:10:40,4276.95,92523
2021-06-23 11:10:42,4276.95,92537
2021-06-23 11:10:44,4276.95,92537
2021-06-23 11:10:49,4278.95,92659
2021-06-23 11:10:51,4278.95,92659
2021-06-23 11:10:53,4278.95,92659
2021-06-23 11:10:55,4278.95,92659
2021-06-23 11:10:58,4278.95,92659
2021-06-23 11:10:59,4278.95,92659
2021-06-23 11:11:01,4278.95,92659
2021-06-23 11:11:03,4278.95,92659
2021-06-23 11:11:06,4278.95,92659
2021-06-23 11:11:09,4280.0,92681
2021-06-23 11:11:11,4278.15,92696
2021-06-23 11:11:14,4278.15,92696
2021-06-23 11:11:16,4278.15,92696
2021-06-23 11:11:18,4279.95,92722
2021-06-23 11:11:20,4279.95,92759
2021-06-23 11:11:23,4279.95,92759
2021-06-23 11:11:26,4279.95,92759
2021-06-23 11:11:28,4279.95,92759
2021-06-23 11:11:28,4279.95,92759
2021-06-23 11:11:30,4280.0,92797
2021-06-23 11:11:33,4278.95,92809
2021-06-23 11:11:35,4278.95,92809
2021-06-23 11:11:37,4278.95,92809
2021-06-23 11:11:39,4278.95,92809
2021-06-23 11:11:42,4278.95,92812
2021-06-23 11:11:44,4278.95,92812
2021-06-23 11:11:47,4281.7,92835
2021-06-23 11:11:49,4281.45,92857
2021-06-23 11:11:54,4279.4,92871
2021-06-23 11:11:56,4279.4,92871
2021-06-23 11:11:58,4279.4,92871
2021-06-23 11:12:01,4279.4,92884
2021-06-23 11:12:04,4279.4,92884
2021-06-23 11:12:07,4279.4,92884
2021-06-23 11:12:09,4279.4,92884
2021-06-23 11:12:12,4279.4,92884
2021-06-23 11:12:14,4279.4,92884
2021-06-23 11:12:17,4279.4,92884
2021-06-23 11:12:19,4279.4,92889
2021-06-23 11:12:21,4280.4,92894
2021-06-23 11:12:23,4280.4,92894
2021-06-23 11:12:26,4280.4,92894
2021-06-23 11:12:28,4279.4,92895
2021-06-23 11:12:33,4279.4,92895
2021-06-23 11:12:36,4281.2,92965
2021-06-23 11:12:38,4281.9,92977
2021-06-23 11:12:40,4281.9,92977
2021-06-23 11:12:43,4281.9,92977
2021-06-23 11:12:45,4281.9,92977
2021-06-23 11:12:48,4281.9,92977
2021-06-23 11:12:50,4279.8,92983
2021-06-23 11:12:53,4281.9,93009
2021-06-23 11:12:55,4281.9,93009
2021-06-23 11:12:57,4281.9,93009
2021-06-23 11:13:00,4281.9,93009
2021-06-23 11:13:03,4280.0,93010
2021-06-23 11:13:05,4280.0,93010
2021-06-23 11:13:07,4281.95,93011
2021-06-23 11:13:10,4281.95,93011
2021-06-23 11:13:12,4281.95,93013
2021-06-23 11:13:14,4281.95,93013
2021-06-23 11:13:17,4280.05,93019
2021-06-23 11:13:19,4280.05,93019
2021-06-23 11:13:21,4279.45,93224
2021-06-23 11:13:23,4279.4,93315
2021-06-23 11:13:26,4279.4,93315
2021-06-23 11:13:28,4279.4,93315
2021-06-23 11:13:30,4279.4,93315
2021-06-23 11:13:33,4279.4,93561
2021-06-23 11:13:33,4279.4,93561
2021-06-23 11:13:35,4279.4,93561
2021-06-23 11:13:37,4279.4,93561
2021-06-23 11:13:39,4279.9,93567
2021-06-23 11:13:41,4279.9,93567
2021-06-23 11:13:43,4279.9,93567
2021-06-23 11:13:46,4279.9,93567
2021-06-23 11:13:48,4279.9,93567
2021-06-23 11:13:50,4279.9,93567
2021-06-23 11:13:52,4279.9,93567
2021-06-23 11:13:54,4280.0,93568
2021-06-23 11:13:56,4280.0,93568
2021-06-23 11:13:58,4280.0,93568
2021-06-23 11:14:01,4280.0,93568
2021-06-23 11:14:03,4278.6,93570
2021-06-23 11:14:06,4278.6,93570
2021-06-23 11:14:07,4278.6,93570
2021-06-23 11:14:10,4278.6,93570
2021-06-23 11:14:11,4278.6,93570
2021-06-23 11:14:14,4278.6,93570
2021-06-23 11:14:16,4278.6,93570
2021-06-23 11:14:19,4278.6,93570
2021-06-23 11:14:21,4278.6,93570
2021-06-23 11:14:24,4278.6,93570
2021-06-23 11:14:27,4280.0,93571
2021-06-23 11:14:29,4280.0,93571
2021-06-23 11:14:32,4280.0,93572
2021-06-23 11:14:35,4278.7,93592
2021-06-23 11:14:38,4279.75,93593
2021-06-23 11:14:40,4279.75,93593
2021-06-23 11:14:43,4279.8,93598
2021-06-23 11:14:47,4279.8,93598
2021-06-23 11:14:49,4279.8,93598
2021-06-23 11:14:51,4279.8,93598
2021-06-23 11:14:53,4279.8,93598
2021-06-23 11:14:56,4279.8,93598
2021-06-23 11:15:00,4279.8,93598
2021-06-23 11:15:03,4277.55,93654
2021-06-23 11:15:05,4277.55,93654
2021-06-23 11:15:08,4277.55,93654
2021-06-23 11:15:10,4277.65,93677
2021-06-23 11:15:13,4277.65,93677
2021-06-23 11:15:16,4278.7,93678
2021-06-23 11:15:19,4277.4,93692
2021-06-23 11:15:22,4277.4,93692
2021-06-23 11:15:25,4279.4,93693
2021-06-23 11:15:28,4277.6,93702
2021-06-23 11:15:30,4277.6,93702
2021-06-23 11:15:33,4277.6,93702
2021-06-23 11:15:36,4277.6,93702
2021-06-23 11:15:38,4277.6,93702
2021-06-23 11:15:43,4277.6,93702
2021-06-23 11:15:46,4277.6,93702
2021-06-23 11:15:49,4277.6,93702
2021-06-23 11:15:52,4277.6,93702
2021-06-23 11:15:54,4277.6,93730
2021-06-23 11:15:56,4277.6,93730
2021-06-23 11:15:58,4277.6,93730
2021-06-23 11:16:01,4278.95,93732
2021-06-23 11:16:03,4277.6,93737
2021-06-23 11:16:05,4278.3,93738
2021-06-23 11:16:07,4278.65,93748
2021-06-23 11:16:10,4278.65,93748
2021-06-23 11:16:12,4278.7,93749
2021-06-23 11:16:14,4278.7,93749
2021-06-23 11:16:16,4278.7,93749
