timestamp,ltp,volume
2021-06-23 09:16:28,2729.85,5625
2021-06-23 09:16:29,2728.7,5639
2021-06-23 09:16:30,2728.25,5643
2021-06-23 09:16:32,2728.25,5643
2021-06-23 09:16:32,2728.0,5655
2021-06-23 09:16:33,2729.0,5755
2021-06-23 09:16:34,2727.0,5855
2021-06-23 09:16:35,2729.0,5971
2021-06-23 09:16:37,2728.95,6079
2021-06-23 09:16:38,2727.0,6092
2021-06-23 09:16:40,2728.3,6239
2021-06-23 09:16:41,2728.3,6239
2021-06-23 09:16:42,2728.3,6239
2021-06-23 09:16:44,2728.3,6239
2021-06-23 09:16:44,2728.3,6239
2021-06-23 09:16:45,2728.0,6240
2021-06-23 09:16:47,2726.5,6263
2021-06-23 09:16:48,2728.0,6273
2021-06-23 09:16:50,2728.0,6273
2021-06-23 09:16:51,2728.0,6473
2021-06-23 09:16:52,2728.0,6473
2021-06-23 09:16:53,2727.0,6483
2021-06-23 09:16:55,2727.0,6483
2021-06-23 09:16:56,2727.0,6483
2021-06-23 09:16:57,2728.0,6583
2021-06-23 09:16:57,2728.0,6583
2021-06-23 09:16:58,2727.0,6683
2021-06-23 09:16:59,2728.0,6693
2021-06-23 09:17:00,2728.0,6763
2021-06-23 09:17:02,2726.15,7265
2021-06-23 09:17:03,2726.15,7265
2021-06-23 09:17:04,2727.65,7288
2021-06-23 09:17:08,2726.15,7469
2021-06-23 09:17:08,2726.15,7640
2021-06-23 09:17:09,2726.8,7675
2021-06-23 09:17:10,2726.8,7681
2021-06-23 09:17:11,2726.8,7681
2021-06-23 09:17:13,2726.8,7681
2021-06-23 09:17:13,2726.5,7682
2021-06-23 09:17:14,2726.5,7693
2021-06-23 09:17:15,2726.15,7944
2021-06-23 09:17:16,2726.5,7984
2021-06-23 09:17:18,2726.5,7984
2021-06-23 09:17:19,2726.5,7987
2021-06-23 09:17:20,2726.15,8007
2021-06-23 09:17:21,2726.15,8011
2021-06-23 09:17:22,2726.15,8011
2021-06-23 09:17:23,2726.15,8011
2021-06-23 09:17:24,2726.15,8011
2021-06-23 09:17:25,2726.15,8011
2021-06-23 09:17:26,2726.35,8023
2021-06-23 09:17:27,2726.35,8032
2021-06-23 09:17:28,2726.35,8032
2021-06-23 09:17:30,2726.35,8032
2021-06-23 09:17:30,2726.35,8032
2021-06-23 09:17:31,2726.15,8112
2021-06-23 09:17:32,2726.15,8184
2021-06-23 09:17:33,2726.15,8184
2021-06-23 09:17:35,2726.15,8195
2021-06-23 09:17:35,2726.15,8195
2021-06-23 09:17:36,2726.8,8549
2021-06-23 09:17:37,2727.75,8560
2021-06-23 09:17:38,2727.7,8575
2021-06-23 09:17:40,2727.7,8575
2021-06-23 09:17:40,2727.7,8575
2021-06-23 09:17:42,2727.7,8577
2021-06-23 09:17:43,2727.7,8577
2021-06-23 09:17:44,2727.7,8577
2021-06-23 09:17:46,2727.7,8589
2021-06-23 09:17:46,2727.7,8589
2021-06-23 09:17:47,2727.65,8604
2021-06-23 09:17:48,2727.65,8604
2021-06-23 09:17:49,2727.5,8642
2021-06-23 09:17:50,2727.5,8652
2021-06-23 09:17:52,2727.0,8697
2021-06-23 09:17:52,2727.0,8752
2021-06-23 09:17:53,2726.35,9284
2021-06-23 09:17:54,2726.35,9284
2021-06-23 09:17:55,2726.35,9284
2021-06-23 09:17:57,2727.25,9294
2021-06-23 09:17:58,2727.25,9294
2021-06-23 09:17:58,2727.25,9294
2021-06-23 09:17:59,2727.25,9294
2021-06-23 09:18:01,2726.4,9306
2021-06-23 09:18:03,2726.4,9306
2021-06-23 09:18:03,2727.2,9323
2021-06-23 09:18:04,2727.05,9324
2021-06-23 09:18:05,2726.15,9374
2021-06-23 09:18:06,2725.8,10924
2021-06-23 09:18:07,2726.0,10972
2021-06-23 09:18:09,2725.85,10973
2021-06-23 09:18:10,2725.3,10976
2021-06-23 09:18:10,2725.3,10976
2021-06-23 09:18:11,2724.8,10979
2021-06-23 09:18:12,2724.8,10979
2021-06-23 09:18:14,2724.8,10979
2021-06-23 09:18:14,2724.8,10979
2021-06-23 09:18:15,2724.8,10979
2021-06-23 09:18:16,2724.65,10981
2021-06-23 09:18:17,2723.4,11041
2021-06-23 09:18:19,2724.65,11091
2021-06-23 09:18:19,2724.65,11091
2021-06-23 09:18:20,2724.65,11091
2021-06-23 09:18:21,2724.5,11184
2021-06-23 09:18:22,2726.0,11284
2021-06-23 09:18:23,2726.15,11294
2021-06-23 09:18:25,2726.15,11294
2021-06-23 09:18:25,2726.15,11294
2021-06-23 09:18:26,2724.65,11315
2021-06-23 09:18:27,2726.65,11316
2021-06-23 09:18:28,2724.8,11416
2021-06-23 09:18:30,2726.65,11418
2021-06-23 09:18:31,2726.6,11435
2021-06-23 09:18:32,2726.6,11435
2021-06-23 09:18:34,2726.55,11436
2021-06-23 09:18:35,2726.55,11436
2021-06-23 09:18:35,2726.55,11436
2021-06-23 09:18:36,2726.75,11528
2021-06-23 09:18:37,2726.75,11528
2021-06-23 09:18:39,2726.75,11528
2021-06-23 09:18:40,2726.75,11528
2021-06-23 09:18:41,2727.45,11545
2021-06-23 09:18:41,2727.45,11545
2021-06-23 09:18:42,2727.45,11545
2021-06-23 09:18:43,2728.8,11993
2021-06-23 09:18:44,2728.8,11993
2021-06-23 09:18:47,2728.8,11993
2021-06-23 09:18:47,2728.8,11993
2021-06-23 09:18:48,2728.8,11993
2021-06-23 09:18:49,2728.7,12013
2021-06-23 09:18:51,2728.7,12013
2021-06-23 09:18:52,2728.7,12013
2021-06-23 09:18:53,2728.6,12023
2021-06-23 09:18:54,2728.5,12223
2021-06-23 09:18:55,2728.5,12225
2021-06-23 09:18:56,2728.5,12225
2021-06-23 09:18:57,2726.55,12272
2021-06-23 09:18:57,2726.55,12272
2021-06-23 09:18:58,2726.55,12272
2021-06-23 09:18:59,2726.55,12272
2021-06-23 09:19:01,2726.55,12556
2021-06-23 09:19:02,2726.55,12557
2021-06-23 09:19:03,2727.85,12559
2021-06-23 09:19:04,2727.85,12559
2021-06-23 09:19:05,2727.8,12572
2021-06-23 09:19:08,2726.15,12634
2021-06-23 09:19:09,2726.15,12634
2021-06-23 09:19:10,2726.15,12634
2021-06-23 09:19:12,2726.6,12635
2021-06-23 09:19:13,2726.6,12635
2021-06-23 09:19:14,2727.05,12640
2021-06-23 09:19:15,2727.05,12640
2021-06-23 09:19:15,2727.05,12640
2021-06-23 09:19:16,2727.05,12640
2021-06-23 09:19:18,2727.05,12640
2021-06-23 09:19:19,2727.05,12640
2021-06-23 09:19:20,2726.95,12652
2021-06-23 09:19:20,2726.95,12652
2021-06-23 09:19:21,2727.1,13157
2021-06-23 09:19:22,2727.1,13157
2021-06-23 09:19:23,2727.1,13182
2021-06-23 09:19:25,2727.1,13182
2021-06-23 09:19:26,2727.05,13209
2021-06-23 09:19:27,2727.05,13209
2021-06-23 09:19:28,2727.05,13209
2021-06-23 09:19:28,2727.05,13209
2021-06-23 09:19:29,2727.05,13209
2021-06-23 09:19:30,2727.05,13209
2021-06-23 09:19:31,2727.05,13209
2021-06-23 09:19:32,2727.05,13209
2021-06-23 09:19:34,2726.55,13501
2021-06-23 09:19:35,2726.55,13501
2021-06-23 09:19:36,2726.55,13501
2021-06-23 09:19:37,2726.55,13501
2021-06-23 09:19:38,2726.3,13541
2021-06-23 09:19:40,2726.3,13541
2021-06-23 09:19:41,2726.55,13581
2021-06-23 09:19:46,2727.8,13623
2021-06-23 09:19:47,2727.8,13623
2021-06-23 09:19:47,2727.8,13623
2021-06-23 09:19:48,2727.8,13623
2021-06-23 09:19:49,2727.8,13623
2021-06-23 09:19:51,2727.8,13623
2021-06-23 09:19:52,2727.8,13623
2021-06-23 09:19:52,2727.8,13623
2021-06-23 09:19:53,2727.8,13623
2021-06-23 09:19:54,2727.8,13623
2021-06-23 09:19:55,2727.8,13623
2021-06-23 09:19:57,2727.8,13623
2021-06-23 09:19:58,2727.4,13633
2021-06-23 09:19:58,2727.4,13633
2021-06-23 09:19:59,2727.4,13633
2021-06-23 09:20:00,2727.1,13635
2021-06-23 09:20:02,2727.1,13635
2021-06-23 09:20:03,2726.5,13643
2021-06-23 09:20:03,2726.5,13643
2021-06-23 09:20:04,2726.85,13655
2021-06-23 09:20:05,2726.15,13694
2021-06-23 09:20:07,2725.9,13696
2021-06-23 09:20:08,2725.9,13696
2021-06-23 09:20:08,2725.9,13696
2021-06-23 09:20:09,2725.3,13840
2021-06-23 09:20:10,2725.75,13841
2021-06-23 09:20:12,2724.0,14152
2021-06-23 09:20:13,2723.75,14202
2021-06-23 09:20:14,2723.75,14202
2021-06-23 09:20:15,2725.5,14228
2021-06-23 09:20:15,2725.5,14228
2021-06-23 09:20:16,2725.35,14240
2021-06-23 09:20:17,2725.35,14240
2021-06-23 09:20:19,2725.35,14240
2021-06-23 09:20:20,2725.35,14240
2021-06-23 09:20:20,2725.35,14240
2021-06-23 09:20:21,2725.35,14240
2021-06-23 09:20:22,2725.35,14240
2021-06-23 09:20:24,2722.5,15135
2021-06-23 09:20:25,2722.8,15176
2021-06-23 09:20:26,2722.0,15201
2021-06-23 09:20:27,2722.0,15201
2021-06-23 09:20:27,2722.0,15201
2021-06-23 09:20:28,2721.0,15374
2021-06-23 09:20:29,2721.0,15374
2021-06-23 09:20:30,2721.0,15622
2021-06-23 09:20:31,2721.0,15622
2021-06-23 09:20:32,2721.0,15622
2021-06-23 09:20:33,2722.5,15726
2021-06-23 09:20:34,2722.55,15736
2021-06-23 09:20:35,2722.5,15738
2021-06-23 09:20:36,2722.45,15748
2021-06-23 09:20:38,2721.1,15760
2021-06-23 09:20:39,2721.1,15760
2021-06-23 09:20:40,2721.0,16329
2021-06-23 09:20:41,2721.0,16379
2021-06-23 09:20:42,2720.0,16444
2021-06-23 09:20:43,2720.0,16570
2021-06-23 09:20:45,2720.0,16681
2021-06-23 09:20:46,2720.0,16681
2021-06-23 09:20:47,2720.0,16681
2021-06-23 09:20:48,2721.0,16685
2021-06-23 09:20:49,2721.0,16695
2021-06-23 09:20:50,2720.0,16825
2021-06-23 09:20:51,2720.0,16825
2021-06-23 09:20:52,2720.0,16825
2021-06-23 09:20:53,2720.0,16825
2021-06-23 09:20:54,2720.0,16825
2021-06-23 09:20:55,2720.0,16825
2021-06-23 09:20:56,2720.9,16847
2021-06-23 09:20:57,2720.9,16847
2021-06-23 09:20:58,2720.9,16847
2021-06-23 09:20:59,2720.9,16848
2021-06-23 09:21:01,2720.0,17332
2021-06-23 09:21:02,2720.0,17338
2021-06-23 09:21:03,2720.0,17338
2021-06-23 09:21:04,2720.0,17338
2021-06-23 09:21:06,2720.1,17555
2021-06-23 09:21:08,2718.2,17580
2021-06-23 09:21:09,2718.2,17603
2021-06-23 09:21:10,2718.2,17603
2021-06-23 09:21:11,2719.45,17623
2021-06-23 09:21:14,2718.2,17663
2021-06-23 09:21:15,2718.2,17683
2021-06-23 09:21:16,2718.95,17696
2021-06-23 09:21:17,2718.95,17698
2021-06-23 09:21:18,2717.75,17848
2021-06-23 09:21:19,2718.95,17873
2021-06-23 09:21:20,2718.2,17878
2021-06-23 09:21:23,2719.0,17894
2021-06-23 09:21:24,2719.0,17894
2021-06-23 09:21:25,2719.0,17894
2021-06-23 09:21:28,2717.25,17921
2021-06-23 09:21:30,2718.9,18039
2021-06-23 09:21:31,2718.9,18039
2021-06-23 09:21:32,2718.9,18039
2021-06-23 09:21:33,2718.1,18113
2021-06-23 09:21:34,2718.1,18113
2021-06-23 09:21:36,2717.75,18613
2021-06-23 09:21:39,2718.25,18734
2021-06-23 09:21:40,2717.8,18735
2021-06-23 09:21:41,2717.8,18735
2021-06-23 09:21:42,2716.0,18738
2021-06-23 09:21:43,2716.0,18738
2021-06-23 09:21:44,2717.6,18756
2021-06-23 09:21:45,2717.7,18761
2021-06-23 09:21:46,2717.7,18761
2021-06-23 09:21:47,2716.25,18762
2021-06-23 09:21:48,2717.35,18792
2021-06-23 09:21:49,2717.35,18792
2021-06-23 09:21:50,2717.35,18792
2021-06-23 09:21:52,2717.4,19103
2021-06-23 09:21:53,2716.65,19120
2021-06-23 09:21:54,2717.1,19122
2021-06-23 09:21:55,2717.1,19122
2021-06-23 09:21:56,2716.95,19135
2021-06-23 09:21:57,2716.95,19135
2021-06-23 09:21:58,2716.95,19146
2021-06-23 09:21:59,2716.0,19460
2021-06-23 09:22:00,2716.15,19471
2021-06-23 09:22:01,2716.15,19483
2021-06-23 09:22:02,2715.05,19560
2021-06-23 09:22:03,2715.05,19560
2021-06-23 09:22:04,2715.05,19742
2021-06-23 09:22:05,2715.0,19752
2021-06-23 09:22:06,2715.95,19777
2021-06-23 09:22:07,2715.1,19780
2021-06-23 09:22:08,2716.25,19934
2021-06-23 09:22:09,2716.25,19934
2021-06-23 09:22:10,2716.25,19934
2021-06-23 09:22:11,2716.25,19934
2021-06-23 09:22:12,2717.55,20001
2021-06-23 09:22:13,2717.55,20001
2021-06-23 09:22:14,2717.55,20001
2021-06-23 09:22:15,2716.85,20030
2021-06-23 09:22:16,2717.0,20032
2021-06-23 09:22:17,2716.0,20036
2021-06-23 09:22:18,2716.0,20051
2021-06-23 09:22:20,2717.4,20054
2021-06-23 09:22:21,2717.4,20054
2021-06-23 09:22:22,2717.35,20059
2021-06-23 09:22:23,2717.35,20063
2021-06-23 09:22:24,2717.35,20071
2021-06-23 09:22:25,2717.55,20123
2021-06-23 09:22:26,2717.55,20125
2021-06-23 09:22:27,2717.4,20129
2021-06-23 09:22:28,2717.4,20132
2021-06-23 09:22:29,2717.4,20132
2021-06-23 09:22:30,2717.35,20134
2021-06-23 09:22:31,2715.55,20179
2021-06-23 09:22:32,2715.55,20179
2021-06-23 09:22:33,2716.9,20199
2021-06-23 09:22:34,2716.0,20200
2021-06-23 09:22:35,2716.9,20202
2021-06-23 09:22:36,2717.3,20264
2021-06-23 09:22:37,2717.3,20264
2021-06-23 09:22:38,2717.5,20266
2021-06-23 09:22:39,2716.15,20275
2021-06-23 09:22:40,2716.15,20280
2021-06-23 09:22:41,2715.0,20430
2021-06-23 09:22:42,2715.0,20430
2021-06-23 09:22:43,2715.0,20430
2021-06-23 09:22:45,2715.0,20430
2021-06-23 09:22:46,2715.0,20430
2021-06-23 09:22:47,2717.1,20435
2021-06-23 09:22:48,2717.1,20435
2021-06-23 09:22:50,2715.8,20446
2021-06-23 09:22:51,2716.2,20453
2021-06-23 09:22:52,2716.2,20453
2021-06-23 09:22:53,2715.05,20454
2021-06-23 09:22:54,2714.0,21515
2021-06-23 09:22:55,2714.5,21547
2021-06-23 09:22:56,2712.0,21664
2021-06-23 09:22:57,2712.0,21664
2021-06-23 09:22:58,2711.1,21764
2021-06-23 09:22:59,2711.1,21764
2021-06-23 09:23:00,2711.1,21764
2021-06-23 09:23:02,2711.55,21797
2021-06-23 09:23:03,2711.6,21833
2021-06-23 09:23:04,2711.75,21850
2021-06-23 09:23:05,2711.8,21860
2021-06-23 09:23:06,2711.8,21860
2021-06-23 09:23:07,2711.8,21860
2021-06-23 09:23:08,2712.55,21918
2021-06-23 09:23:09,2712.55,21918
2021-06-23 09:23:10,2712.45,21944
2021-06-23 09:23:11,2712.45,21956
2021-06-23 09:23:12,2711.75,21957
2021-06-23 09:23:13,2711.0,22002
2021-06-23 09:23:14,2713.0,22176
2021-06-23 09:23:16,2711.9,22434
2021-06-23 09:23:17,2711.9,22434
2021-06-23 09:23:18,2711.9,22434
2021-06-23 09:23:20,2713.0,22486
2021-06-23 09:23:21,2713.0,22496
2021-06-23 09:23:22,2713.0,22498
2021-06-23 09:23:23,2713.0,22498
2021-06-23 09:23:24,2711.2,22545
2021-06-23 09:23:24,2712.7,22553
2021-06-23 09:23:25,2711.0,22608
2021-06-23 09:23:26,2711.05,22620
2021-06-23 09:23:27,2711.05,22620
2021-06-23 09:23:28,2711.05,22620
2021-06-23 09:23:29,2712.8,22623
2021-06-23 09:23:30,2712.8,22623
2021-06-23 09:23:32,2711.15,22779
2021-06-23 09:23:34,2711.55,22784
2021-06-23 09:23:35,2710.2,22914
2021-06-23 09:23:36,2710.15,22984
2021-06-23 09:23:37,2711.4,22986
2021-06-23 09:23:38,2711.4,22986
2021-06-23 09:23:40,2711.0,23006
2021-06-23 09:23:42,2711.0,23021
2021-06-23 09:23:44,2711.15,23023
2021-06-23 09:23:47,2710.75,24147
2021-06-23 09:23:48,2710.65,24167
2021-06-23 09:23:49,2710.65,24167
2021-06-23 09:23:51,2710.65,24167
2021-06-23 09:23:52,2710.75,24240
2021-06-23 09:23:53,2711.15,24429
2021-06-23 09:23:54,2711.15,24429
2021-06-23 09:23:55,2709.85,24431
2021-06-23 09:23:56,2709.85,24431
2021-06-23 09:23:57,2713.0,24899
2021-06-23 09:23:58,2713.0,24899
2021-06-23 09:23:59,2714.45,25050
2021-06-23 09:24:00,2714.45,25050
2021-06-23 09:24:01,2714.45,25050
2021-06-23 09:24:02,2714.45,25050
2021-06-23 09:24:03,2713.35,25062
2021-06-23 09:24:04,2714.9,25072
2021-06-23 09:24:05,2714.9,25072
2021-06-23 09:24:07,2713.3,25073
2021-06-23 09:24:08,2714.95,25078
2021-06-23 09:24:10,2714.95,25093
2021-06-23 09:24:11,2715.85,25223
2021-06-23 09:24:12,2715.85,25223
2021-06-23 09:24:13,2715.85,25225
2021-06-23 09:24:14,2715.85,25226
2021-06-23 09:24:15,2717.0,25273
2021-06-23 09:24:16,2717.0,25283
2021-06-23 09:24:17,2717.05,25306
2021-06-23 09:24:18,2717.05,25306
2021-06-23 09:24:20,2716.95,25316
2021-06-23 09:24:21,2716.95,25316
2021-06-23 09:24:22,2718.4,25401
2021-06-23 09:24:23,2719.45,25475
2021-06-23 09:24:24,2718.2,25495
2021-06-23 09:24:25,2718.2,25495
2021-06-23 09:24:26,2719.5,25505
2021-06-23 09:24:27,2719.85,25625
2021-06-23 09:24:28,2719.85,25625
2021-06-23 09:24:29,2719.85,25625
2021-06-23 09:24:30,2719.8,25636
2021-06-23 09:24:31,2719.0,25638
2021-06-23 09:24:31,2719.95,25648
2021-06-23 09:24:33,2719.0,25656
2021-06-23 09:24:34,2717.0,25693
2021-06-23 09:24:35,2715.85,25696
2021-06-23 09:24:36,2715.85,25696
2021-06-23 09:24:38,2718.75,25706
2021-06-23 09:24:37,2715.85,25696
2021-06-23 09:24:38,2719.05,25716
2021-06-23 09:24:40,2716.75,25724
2021-06-23 09:24:41,2716.9,25725
2021-06-23 09:24:43,2717.15,25726
2021-06-23 09:24:44,2718.55,25727
2021-06-23 09:24:45,2718.55,25727
2021-06-23 09:24:46,2718.55,25727
2021-06-23 09:24:47,2718.55,25727
2021-06-23 09:24:48,2718.55,25727
2021-06-23 09:24:49,2718.55,25727
2021-06-23 09:24:50,2718.55,25727
2021-06-23 09:24:51,2717.2,25757
2021-06-23 09:24:52,2717.2,25757
2021-06-23 09:24:53,2717.2,25757
2021-06-23 09:24:55,2717.2,25757
2021-06-23 09:24:56,2718.35,25767
2021-06-23 09:24:57,2718.35,25777
2021-06-23 09:24:58,2718.35,25777
2021-06-23 09:24:59,2718.35,25777
2021-06-23 09:25:00,2718.35,25777
2021-06-23 09:25:01,2718.3,25830
2021-06-23 09:25:02,2718.3,25830
2021-06-23 09:25:03,2718.3,25830
2021-06-23 09:25:04,2718.3,25846
2021-06-23 09:25:05,2718.3,25846
2021-06-23 09:25:06,2718.3,25846
2021-06-23 09:25:07,2718.3,25846
2021-06-23 09:25:08,2718.3,25846
2021-06-23 09:25:09,2718.3,25945
2021-06-23 09:25:11,2718.3,26059
2021-06-23 09:25:12,2718.3,26059
2021-06-23 09:25:13,2718.3,26139
2021-06-23 09:25:14,2718.3,26139
2021-06-23 09:25:15,2717.45,26140
2021-06-23 09:25:16,2717.45,26140
2021-06-23 09:25:17,2717.45,26140
2021-06-23 09:25:18,2717.5,26141
2021-06-23 09:25:19,2718.35,26191
2021-06-23 09:25:20,2717.45,26391
2021-06-23 09:25:21,2717.45,26391
2021-06-23 09:25:22,2717.45,26391
2021-06-23 09:25:23,2717.45,26391
2021-06-23 09:25:24,2718.35,26394
2021-06-23 09:25:25,2718.35,26394
2021-06-23 09:25:26,2718.0,26399
2021-06-23 09:25:27,2718.0,26399
2021-06-23 09:25:28,2718.35,26423
2021-06-23 09:25:29,2718.35,26423
2021-06-23 09:25:30,2718.35,26423
2021-06-23 09:25:31,2718.35,26423
2021-06-23 09:25:32,2718.3,26598
2021-06-23 09:25:33,2718.3,26598
2021-06-23 09:25:34,2718.3,26598
2021-06-23 09:25:35,2718.3,26598
2021-06-23 09:25:36,2718.3,26598
2021-06-23 09:25:37,2718.3,26598
2021-06-23 09:25:38,2718.3,26702
2021-06-23 09:25:39,2718.3,26702
2021-06-23 09:25:40,2718.3,26702
2021-06-23 09:25:41,2719.95,26742
2021-06-23 09:25:42,2719.95,26752
2021-06-23 09:25:43,2719.95,26752
2021-06-23 09:25:44,2719.65,26772
2021-06-23 09:25:45,2719.65,26772
2021-06-23 09:25:47,2719.65,26772
2021-06-23 09:25:48,2719.65,26772
2021-06-23 09:25:49,2719.65,26772
2021-06-23 09:25:50,2719.0,26805
2021-06-23 09:25:51,2719.0,26805
2021-06-23 09:25:52,2719.0,26805
2021-06-23 09:25:53,2719.0,26805
2021-06-23 09:25:54,2719.0,26805
2021-06-23 09:25:55,2719.0,26805
2021-06-23 09:25:56,2719.0,26805
2021-06-23 09:25:57,2719.0,26805
2021-06-23 09:25:58,2719.0,26805
2021-06-23 09:25:59,2719.0,26820
2021-06-23 09:26:00,2719.0,26824
2021-06-23 09:26:01,2719.0,26824
2021-06-23 09:26:02,2719.0,26824
2021-06-23 09:26:03,2719.85,26848
2021-06-23 09:26:04,2719.85,26848
2021-06-23 09:26:05,2719.85,26848
2021-06-23 09:26:06,2719.0,26864
2021-06-23 09:26:07,2719.0,26962
2021-06-23 09:26:08,2719.85,26973
2021-06-23 09:26:09,2719.85,26973
2021-06-23 09:26:10,2719.85,26973
2021-06-23 09:26:11,2719.85,26973
2021-06-23 09:26:12,2720.0,26986
2021-06-23 09:26:13,2720.0,26986
2021-06-23 09:26:14,2720.0,26987
2021-06-23 09:26:15,2720.0,26987
2021-06-23 09:26:16,2720.0,26987
2021-06-23 09:26:17,2720.0,27005
2021-06-23 09:26:18,2720.0,27006
2021-06-23 09:26:19,2720.0,27006
2021-06-23 09:26:20,2720.15,27343
2021-06-23 09:26:21,2720.15,27343
2021-06-23 09:26:22,2721.8,27345
2021-06-23 09:26:23,2721.8,27345
2021-06-23 09:26:24,2721.8,27345
2021-06-23 09:26:25,2721.8,27355
2021-06-23 09:26:26,2721.0,27357
2021-06-23 09:26:28,2721.0,27363
2021-06-23 09:26:29,2721.0,27363
2021-06-23 09:26:30,2721.0,27382
2021-06-23 09:26:31,2721.0,27382
2021-06-23 09:26:32,2721.0,27382
2021-06-23 09:26:33,2721.0,27389
2021-06-23 09:26:34,2721.0,27389
2021-06-23 09:26:35,2721.0,27389
2021-06-23 09:26:36,2721.0,27389
2021-06-23 09:26:37,2721.0,27389
2021-06-23 09:26:38,2721.0,27389
2021-06-23 09:26:40,2721.0,27390
2021-06-23 09:26:41,2721.0,27402
2021-06-23 09:26:42,2721.0,27402
2021-06-23 09:26:43,2721.0,27452
2021-06-23 09:26:44,2721.0,27652
2021-06-23 09:26:45,2721.0,27652
2021-06-23 09:26:46,2721.0,27652
2021-06-23 09:26:47,2721.0,27652
2021-06-23 09:26:48,2721.0,27652
2021-06-23 09:26:49,2721.0,27659
2021-06-23 09:26:50,2721.0,27659
2021-06-23 09:26:51,2721.0,27697
2021-06-23 09:26:52,2721.0,27714
2021-06-23 09:26:53,2721.0,27714
2021-06-23 09:26:54,2719.85,27840
2021-06-23 09:26:55,2719.85,27840
2021-06-23 09:26:56,2719.85,27840
2021-06-23 09:26:57,2721.0,27843
2021-06-23 09:26:58,2719.7,27897
2021-06-23 09:26:59,2719.7,27897
2021-06-23 09:27:00,2719.7,27897
2021-06-23 09:27:01,2719.7,27897
2021-06-23 09:27:02,2719.7,27897
2021-06-23 09:27:03,2719.45,27916
2021-06-23 09:27:04,2719.45,27916
2021-06-23 09:27:05,2719.45,27916
2021-06-23 09:27:06,2721.05,28021
2021-06-23 09:27:07,2721.05,28021
2021-06-23 09:27:08,2721.05,28021
2021-06-23 09:27:09,2721.05,28021
2021-06-23 09:27:10,2720.7,28023
2021-06-23 09:27:11,2720.7,28023
2021-06-23 09:27:12,2720.7,28023
2021-06-23 09:27:13,2721.0,28048
2021-06-23 09:27:14,2721.05,28098
2021-06-23 09:27:15,2721.05,28098
2021-06-23 09:27:16,2721.1,28110
2021-06-23 09:27:17,2721.2,28119
2021-06-23 09:27:18,2721.05,28125
2021-06-23 09:27:19,2721.2,28135
2021-06-23 09:27:20,2721.2,28135
2021-06-23 09:27:21,2721.2,28135
2021-06-23 09:27:22,2721.2,28135
2021-06-23 09:27:23,2721.2,28135
2021-06-23 09:27:24,2721.2,28137
2021-06-23 09:27:25,2721.2,28222
2021-06-23 09:27:27,2720.0,28231
2021-06-23 09:27:28,2720.0,28231
2021-06-23 09:27:29,2720.0,28231
2021-06-23 09:27:30,2721.2,28232
2021-06-23 09:27:31,2721.2,28232
2021-06-23 09:27:32,2721.2,28232
2021-06-23 09:27:33,2721.2,28232
2021-06-23 09:27:34,2721.2,28232
2021-06-23 09:27:35,2721.2,28232
2021-06-23 09:27:37,2720.05,28237
2021-06-23 09:27:38,2720.05,28237
2021-06-23 09:27:38,2720.05,28237
2021-06-23 09:27:39,2720.05,28237
2021-06-23 09:27:40,2721.45,28252
2021-06-23 09:27:41,2721.45,28252
2021-06-23 09:27:42,2721.45,28252
2021-06-23 09:27:43,2721.45,28299
2021-06-23 09:27:44,2721.45,28299
2021-06-23 09:27:45,2721.45,28299
2021-06-23 09:27:46,2721.45,28299
2021-06-23 09:27:47,2721.45,28299
2021-06-23 09:27:48,2721.45,28299
2021-06-23 09:27:49,2721.45,28299
2021-06-23 09:27:50,2721.45,28299
2021-06-23 09:27:51,2721.45,28299
2021-06-23 09:27:52,2721.45,28299
2021-06-23 09:27:53,2721.45,28299
2021-06-23 09:27:54,2721.45,28299
2021-06-23 09:27:55,2721.5,28300
2021-06-23 09:27:56,2722.4,28321
2021-06-23 09:27:57,2722.45,28344
2021-06-23 09:27:58,2722.45,28344
2021-06-23 09:27:59,2722.45,28344
2021-06-23 09:28:00,2722.45,28344
2021-06-23 09:28:01,2722.45,28344
2021-06-23 09:28:02,2722.4,28361
2021-06-23 09:28:03,2722.4,28361
2021-06-23 09:28:04,2722.4,28361
2021-06-23 09:28:05,2722.4,28361
2021-06-23 09:28:07,2724.1,28616
2021-06-23 09:28:07,2724.1,28616
2021-06-23 09:28:09,2724.1,28616
2021-06-23 09:28:09,2724.1,28616
2021-06-23 09:28:10,2723.1,28758
2021-06-23 09:28:11,2723.1,28758
2021-06-23 09:28:12,2724.65,28828
2021-06-23 09:28:13,2724.1,28842
2021-06-23 09:28:14,2725.0,28901
2021-06-23 09:28:15,2724.9,29045
2021-06-23 09:28:16,2724.9,29056
2021-06-23 09:28:17,2724.1,29487
2021-06-23 09:28:18,2724.1,29487
2021-06-23 09:28:19,2724.1,29487
2021-06-23 09:28:20,2724.1,29487
2021-06-23 09:28:21,2724.1,29487
2021-06-23 09:28:22,2723.45,29498
2021-06-23 09:28:23,2724.3,29509
2021-06-23 09:28:25,2724.3,29509
2021-06-23 09:28:27,2724.1,29532
2021-06-23 09:28:28,2724.1,29532
2021-06-23 09:28:30,2724.1,29532
2021-06-23 09:28:30,2722.9,29533
2021-06-23 09:28:31,2724.2,29607
2021-06-23 09:28:33,2724.2,29607
2021-06-23 09:28:33,2724.2,29607
2021-06-23 09:28:34,2724.2,29607
2021-06-23 09:28:35,2724.2,29607
2021-06-23 09:28:36,2724.2,29607
2021-06-23 09:28:37,2724.2,29607
2021-06-23 09:28:38,2724.2,29607
2021-06-23 09:28:39,2724.2,29607
2021-06-23 09:28:40,2724.2,29607
2021-06-23 09:28:41,2724.9,29608
2021-06-23 09:28:42,2724.9,29608
2021-06-23 09:28:43,2724.0,29702
2021-06-23 09:28:44,2724.0,29702
2021-06-23 09:28:45,2725.0,29704
2021-06-23 09:28:46,2725.0,29704
2021-06-23 09:28:47,2725.0,29704
2021-06-23 09:28:48,2725.0,29704
2021-06-23 09:28:49,2725.0,29704
2021-06-23 09:28:50,2724.45,29709
2021-06-23 09:28:51,2724.45,29709
2021-06-23 09:28:52,2724.0,30268
2021-06-23 09:28:53,2724.0,30268
2021-06-23 09:28:54,2723.6,30318
2021-06-23 09:28:55,2723.6,30318
2021-06-23 09:28:56,2723.6,30318
2021-06-23 09:28:57,2723.55,30329
2021-06-23 09:28:58,2723.55,30329
2021-06-23 09:28:59,2722.5,30331
2021-06-23 09:29:00,2722.5,30334
2021-06-23 09:29:01,2722.55,30336
2021-06-23 09:29:02,2722.55,30336
2021-06-23 09:29:03,2722.55,30344
2021-06-23 09:29:04,2722.55,30344
2021-06-23 09:29:05,2722.55,30344
2021-06-23 09:29:06,2723.25,30346
2021-06-23 09:29:07,2723.25,30346
2021-06-23 09:29:08,2723.25,30346
2021-06-23 09:29:09,2723.0,30376
2021-06-23 09:29:10,2723.0,30376
2021-06-23 09:29:11,2723.0,30376
2021-06-23 09:29:13,2723.0,30376
2021-06-23 09:29:14,2723.0,30376
2021-06-23 09:29:15,2723.0,30376
2021-06-23 09:29:16,2723.0,30382
2021-06-23 09:29:17,2722.5,30387
2021-06-23 09:29:18,2722.5,30387
2021-06-23 09:29:19,2722.5,30387
2021-06-23 09:29:20,2722.95,30397
2021-06-23 09:29:21,2722.95,30397
2021-06-23 09:29:21,2722.95,30397
2021-06-23 09:29:22,2722.95,30397
2021-06-23 09:29:24,2722.95,30397
2021-06-23 09:29:24,2722.95,30397
2021-06-23 09:29:25,2722.95,30397
2021-06-23 09:29:26,2722.95,30397
2021-06-23 09:29:27,2722.95,30397
2021-06-23 09:29:28,2722.95,30397
2021-06-23 09:29:29,2722.95,30397
2021-06-23 09:29:30,2722.95,30397
2021-06-23 09:29:31,2722.95,30397
2021-06-23 09:29:32,2722.95,30397
2021-06-23 09:29:33,2722.95,30397
2021-06-23 09:29:34,2722.95,30397
2021-06-23 09:29:35,2722.85,30409
2021-06-23 09:29:36,2722.85,30409
2021-06-23 09:29:37,2722.85,30409
2021-06-23 09:29:38,2723.85,31915
2021-06-23 09:29:39,2723.7,32015
2021-06-23 09:29:40,2723.7,32015
2021-06-23 09:29:42,2723.7,32015
2021-06-23 09:29:43,2722.8,32035
2021-06-23 09:29:44,2722.8,32035
2021-06-23 09:29:45,2722.8,32035
2021-06-23 09:29:47,2722.8,32035
2021-06-23 09:29:48,2722.8,32035
2021-06-23 09:29:49,2722.55,32131
2021-06-23 09:29:50,2722.55,32131
2021-06-23 09:29:51,2722.55,32131
2021-06-23 09:29:52,2723.45,32132
2021-06-23 09:29:53,2723.45,32132
2021-06-23 09:29:54,2722.65,32535
2021-06-23 09:29:55,2722.65,32535
2021-06-23 09:29:56,2722.65,32535
2021-06-23 09:29:57,2722.65,32535
2021-06-23 09:29:58,2722.5,32575
2021-06-23 09:29:59,2722.5,32575
2021-06-23 09:30:00,2722.5,32575
2021-06-23 09:30:01,2722.5,32575
2021-06-23 09:30:03,2722.5,32575
2021-06-23 09:30:04,2722.5,32575
2021-06-23 09:30:05,2722.5,32575
2021-06-23 09:30:07,2723.8,32595
2021-06-23 09:30:07,2723.8,32595
2021-06-23 09:30:08,2723.85,32598
2021-06-23 09:30:09,2722.4,32613
2021-06-23 09:30:10,2722.4,32613
2021-06-23 09:30:11,2722.4,32613
2021-06-23 09:30:12,2722.4,32613
2021-06-23 09:30:13,2722.4,32613
2021-06-23 09:30:14,2722.45,32615
2021-06-23 09:30:15,2722.45,32615
2021-06-23 09:30:16,2723.5,32625
2021-06-23 09:30:17,2723.5,32625
2021-06-23 09:30:18,2723.5,32625
2021-06-23 09:30:19,2723.0,32627
2021-06-23 09:30:20,2723.0,32627
2021-06-23 09:30:22,2723.0,32627
2021-06-23 09:30:23,2722.5,32629
2021-06-23 09:30:24,2723.0,32631
2021-06-23 09:30:25,2722.4,32635
2021-06-23 09:30:26,2722.4,32635
2021-06-23 09:30:27,2722.0,32637
2021-06-23 09:30:28,2723.75,32780
2021-06-23 09:30:29,2723.75,32780
2021-06-23 09:30:31,2723.75,32780
2021-06-23 09:30:31,2723.75,32780
2021-06-23 09:30:33,2723.75,32780
2021-06-23 09:30:34,2723.75,32780
2021-06-23 09:30:35,2723.75,32780
2021-06-23 09:30:36,2723.75,32780
2021-06-23 09:30:37,2723.75,32780
2021-06-23 09:30:38,2723.75,32780
2021-06-23 09:30:39,2724.1,32905
2021-06-23 09:30:40,2724.1,32905
2021-06-23 09:30:41,2724.1,32905
2021-06-23 09:30:42,2724.1,32905
2021-06-23 09:30:43,2724.1,32905
2021-06-23 09:30:44,2722.55,32910
2021-06-23 09:30:45,2722.55,32910
2021-06-23 09:30:46,2722.55,32938
2021-06-23 09:30:47,2723.0,32959
2021-06-23 09:30:48,2723.0,32959
2021-06-23 09:30:49,2722.2,32960
2021-06-23 09:30:50,2721.0,33715
2021-06-23 09:30:51,2721.0,33715
2021-06-23 09:30:52,2721.0,33715
2021-06-23 09:30:53,2721.0,33715
2021-06-23 09:30:54,2721.0,33715
2021-06-23 09:30:55,2721.0,33715
2021-06-23 09:30:57,2721.0,33715
2021-06-23 09:30:58,2721.05,33716
2021-06-23 09:30:59,2721.05,33716
2021-06-23 09:31:00,2721.05,33716
2021-06-23 09:31:00,2721.05,33716
2021-06-23 09:31:01,2719.7,33844
2021-06-23 09:31:02,2720.05,33982
2021-06-23 09:31:03,2720.05,33982
2021-06-23 09:31:05,2719.95,34111
2021-06-23 09:31:06,2720.5,34167
2021-06-23 09:31:08,2719.95,34171
2021-06-23 09:31:09,2719.95,34171
2021-06-23 09:31:10,2719.95,34171
2021-06-23 09:31:11,2719.8,34182
2021-06-23 09:31:12,2719.8,34182
2021-06-23 09:31:13,2719.8,34182
2021-06-23 09:31:14,2719.0,34259
2021-06-23 09:31:15,2719.0,34259
2021-06-23 09:31:16,2719.0,34259
2021-06-23 09:31:17,2719.35,34279
2021-06-23 09:31:18,2719.35,34279
2021-06-23 09:31:20,2719.35,34376
2021-06-23 09:31:21,2719.0,34395
2021-06-23 09:31:22,2719.0,34395
2021-06-23 09:31:23,2719.0,34395
2021-06-23 09:31:25,2719.0,34395
2021-06-23 09:31:26,2719.0,34395
2021-06-23 09:31:26,2719.0,34395
2021-06-23 09:31:27,2719.35,34425
2021-06-23 09:31:28,2718.75,34444
2021-06-23 09:31:29,2719.0,34546
2021-06-23 09:31:30,2719.35,34550
2021-06-23 09:31:32,2719.7,34738
2021-06-23 09:31:33,2719.7,34738
2021-06-23 09:31:34,2719.7,34738
2021-06-23 09:31:35,2719.7,34738
2021-06-23 09:31:36,2719.7,34738
2021-06-23 09:31:37,2719.7,34738
2021-06-23 09:31:38,2719.7,34738
2021-06-23 09:31:40,2719.95,34739
2021-06-23 09:31:41,2719.95,34739
2021-06-23 09:31:42,2719.0,34779
2021-06-23 09:31:43,2719.0,34779
2021-06-23 09:31:44,2718.0,34829
2021-06-23 09:31:46,2718.0,34888
2021-06-23 09:31:47,2718.85,34903
2021-06-23 09:31:48,2718.1,34904
2021-06-23 09:31:49,2718.1,34904
2021-06-23 09:31:50,2718.1,34904
2021-06-23 09:31:51,2718.1,34904
2021-06-23 09:31:52,2718.1,34904
2021-06-23 09:31:53,2718.0,34954
2021-06-23 09:31:53,2717.85,34984
2021-06-23 09:31:54,2717.75,35004
2021-06-23 09:31:55,2717.8,35016
2021-06-23 09:31:56,2717.8,35016
2021-06-23 09:31:57,2717.8,35016
2021-06-23 09:31:58,2717.8,35016
2021-06-23 09:31:59,2717.6,35017
2021-06-23 09:32:00,2717.25,35024
2021-06-23 09:32:01,2717.25,35024
2021-06-23 09:32:02,2717.05,35030
2021-06-23 09:32:03,2717.05,35030
2021-06-23 09:32:04,2717.05,35030
2021-06-23 09:32:05,2717.25,35031
2021-06-23 09:32:07,2717.8,35100
2021-06-23 09:32:07,2717.25,35145
2021-06-23 09:32:08,2717.15,35295
2021-06-23 09:32:10,2717.15,35295
2021-06-23 09:32:11,2718.45,35311
2021-06-23 09:32:12,2718.0,35331
2021-06-23 09:32:12,2718.0,35331
2021-06-23 09:32:13,2718.0,35331
2021-06-23 09:32:14,2718.0,35331
2021-06-23 09:32:15,2717.6,35332
2021-06-23 09:32:16,2717.6,35332
2021-06-23 09:32:17,2717.6,35332
2021-06-23 09:32:18,2717.55,35342
2021-06-23 09:32:19,2717.55,35348
2021-06-23 09:32:20,2717.5,35360
2021-06-23 09:32:21,2717.5,35362
2021-06-23 09:32:22,2717.5,35423
2021-06-23 09:32:23,2717.5,35423
2021-06-23 09:32:25,2718.45,35435
2021-06-23 09:32:26,2718.45,35435
2021-06-23 09:32:27,2718.45,35435
2021-06-23 09:32:28,2718.45,35435
2021-06-23 09:32:30,2718.45,35435
2021-06-23 09:32:31,2718.2,35448
2021-06-23 09:32:32,2718.2,35448
2021-06-23 09:32:32,2718.2,35448
2021-06-23 09:32:33,2718.2,35448
2021-06-23 09:32:34,2719.0,35579
2021-06-23 09:32:36,2719.8,35591
2021-06-23 09:32:37,2719.8,35591
2021-06-23 09:32:39,2719.8,35616
2021-06-23 09:32:40,2719.75,35640
2021-06-23 09:32:40,2719.75,35640
2021-06-23 09:32:41,2721.7,36044
2021-06-23 09:32:43,2721.7,36044
2021-06-23 09:32:44,2721.7,36044
2021-06-23 09:32:45,2721.7,36044
2021-06-23 09:32:46,2721.7,36044
2021-06-23 09:32:47,2721.7,36044
2021-06-23 09:32:48,2721.7,36044
2021-06-23 09:32:49,2721.7,36044
2021-06-23 09:32:50,2720.3,36052
2021-06-23 09:32:51,2720.7,36358
2021-06-23 09:32:52,2719.9,36363
2021-06-23 09:32:53,2719.9,36363
2021-06-23 09:32:54,2720.65,36373
2021-06-23 09:32:55,2720.65,36373
2021-06-23 09:32:56,2720.65,36373
2021-06-23 09:32:57,2720.65,36373
2021-06-23 09:32:58,2720.65,36373
2021-06-23 09:32:59,2720.65,36373
2021-06-23 09:33:00,2720.65,36373
2021-06-23 09:33:01,2718.0,36394
2021-06-23 09:33:02,2718.0,36394
2021-06-23 09:33:03,2718.0,36440
2021-06-23 09:33:04,2718.0,36440
2021-06-23 09:33:05,2719.1,36450
2021-06-23 09:33:05,2719.05,36463
2021-06-23 09:33:06,2719.0,36525
2021-06-23 09:33:07,2719.0,36525
2021-06-23 09:33:09,2720.25,36535
2021-06-23 09:33:10,2719.1,36555
2021-06-23 09:33:11,2719.1,36555
2021-06-23 09:33:13,2718.95,36557
2021-06-23 09:33:14,2718.25,36558
2021-06-23 09:33:16,2718.25,36558
2021-06-23 09:33:17,2718.25,36558
2021-06-23 09:33:21,2718.25,36558
2021-06-23 09:33:22,2718.25,36558
2021-06-23 09:33:23,2718.25,36558
2021-06-23 09:33:24,2718.25,36558
2021-06-23 09:33:25,2719.05,36560
2021-06-23 09:33:26,2719.05,36605
2021-06-23 09:33:27,2719.65,36606
2021-06-23 09:33:29,2719.65,36606
2021-06-23 09:33:30,2719.65,36607
2021-06-23 09:33:31,2718.3,36862
2021-06-23 09:33:32,2718.25,36890
2021-06-23 09:33:33,2718.3,36891
2021-06-23 09:33:34,2718.6,36921
2021-06-23 09:33:35,2718.6,36921
2021-06-23 09:33:36,2718.6,36921
2021-06-23 09:33:37,2718.6,36921
2021-06-23 09:33:38,2718.6,36921
2021-06-23 09:33:39,2718.0,36991
2021-06-23 09:33:41,2717.8,37003
2021-06-23 09:33:42,2717.8,37003
2021-06-23 09:33:43,2717.55,37004
2021-06-23 09:33:44,2717.55,37007
2021-06-23 09:33:46,2717.5,37008
2021-06-23 09:33:47,2717.05,37041
2021-06-23 09:33:48,2717.05,37046
2021-06-23 09:33:48,2717.05,37046
2021-06-23 09:33:50,2717.05,37046
2021-06-23 09:33:51,2717.05,37046
2021-06-23 09:33:55,2718.0,37301
2021-06-23 09:33:56,2718.0,37301
2021-06-23 09:33:57,2718.0,37301
2021-06-23 09:33:58,2718.2,37358
2021-06-23 09:33:59,2718.2,37358
2021-06-23 09:34:00,2718.2,37358
2021-06-23 09:34:01,2718.6,37359
2021-06-23 09:34:02,2717.35,37419
2021-06-23 09:34:03,2717.35,37419
2021-06-23 09:34:04,2717.35,37419
2021-06-23 09:34:05,2717.35,37419
2021-06-23 09:34:06,2717.05,37469
2021-06-23 09:34:07,2717.1,37470
2021-06-23 09:34:08,2717.1,37470
2021-06-23 09:34:09,2717.05,37478
2021-06-23 09:34:10,2717.05,37478
2021-06-23 09:34:11,2717.05,37478
2021-06-23 09:34:12,2717.05,37478
2021-06-23 09:34:13,2717.05,37478
2021-06-23 09:34:14,2717.05,37483
2021-06-23 09:34:15,2718.3,37569
2021-06-23 09:34:16,2718.3,37573
2021-06-23 09:34:17,2718.3,37573
2021-06-23 09:34:18,2718.6,37620
2021-06-23 09:34:19,2718.6,37620
2021-06-23 09:34:20,2718.75,37625
2021-06-23 09:34:21,2719.55,37640
2021-06-23 09:34:22,2718.7,37650
2021-06-23 09:34:23,2719.65,37728
2021-06-23 09:34:24,2720.6,37735
2021-06-23 09:34:25,2720.6,37735
2021-06-23 09:34:26,2720.6,37735
2021-06-23 09:34:27,2721.05,37743
2021-06-23 09:34:28,2721.05,37743
2021-06-23 09:34:29,2722.4,37898
2021-06-23 09:34:30,2722.4,37898
2021-06-23 09:34:31,2722.4,37898
2021-06-23 09:34:32,2722.4,37898
2021-06-23 09:34:33,2720.9,37908
2021-06-23 09:34:34,2720.85,37919
2021-06-23 09:34:35,2721.5,37922
2021-06-23 09:34:36,2721.5,37927
2021-06-23 09:34:37,2721.0,37933
2021-06-23 09:34:38,2720.95,37937
2021-06-23 09:34:39,2721.5,37975
2021-06-23 09:34:40,2721.0,37980
2021-06-23 09:34:41,2721.0,37980
2021-06-23 09:34:42,2722.15,38005
2021-06-23 09:34:43,2721.8,38081
2021-06-23 09:34:44,2722.1,38082
2021-06-23 09:34:45,2722.1,38082
2021-06-23 09:34:46,2722.1,38082
2021-06-23 09:34:47,2722.1,38082
2021-06-23 09:34:48,2720.65,38089
2021-06-23 09:34:49,2720.65,38089
2021-06-23 09:34:50,2720.65,38089
2021-06-23 09:34:51,2720.6,38117
2021-06-23 09:34:52,2720.6,38117
2021-06-23 09:34:53,2720.6,38117
2021-06-23 09:34:54,2720.6,38117
2021-06-23 09:34:56,2719.55,38127
2021-06-23 09:34:57,2719.55,38138
2021-06-23 09:34:57,2720.05,38129
2021-06-23 09:34:58,2719.6,38153
2021-06-23 09:35:00,2720.5,38155
2021-06-23 09:35:01,2720.5,38165
2021-06-23 09:35:02,2720.0,38171
2021-06-23 09:35:02,2720.5,38173
2021-06-23 09:35:04,2721.4,38333
2021-06-23 09:35:05,2720.9,38383
2021-06-23 09:35:06,2720.9,38383
2021-06-23 09:35:07,2720.9,38383
2021-06-23 09:35:08,2720.9,38383
2021-06-23 09:35:09,2720.9,38383
2021-06-23 09:35:10,2720.9,38383
2021-06-23 09:35:11,2720.9,38383
2021-06-23 09:35:12,2720.9,38383
2021-06-23 09:35:13,2720.1,38420
2021-06-23 09:35:14,2720.1,38420
2021-06-23 09:35:15,2720.1,38420
2021-06-23 09:35:16,2720.1,38420
2021-06-23 09:35:17,2720.1,38420
2021-06-23 09:35:18,2720.25,38422
2021-06-23 09:35:19,2720.25,38422
2021-06-23 09:35:20,2721.35,38423
2021-06-23 09:35:21,2720.8,38424
2021-06-23 09:35:22,2720.8,38426
2021-06-23 09:35:23,2720.3,38428
2021-06-23 09:35:24,2720.3,38428
2021-06-23 09:35:25,2720.05,38430
2021-06-23 09:35:26,2720.05,38430
2021-06-23 09:35:27,2720.3,38435
2021-06-23 09:35:28,2720.3,38436
2021-06-23 09:35:29,2720.3,38436
2021-06-23 09:35:30,2720.1,38437
2021-06-23 09:35:31,2720.3,38453
2021-06-23 09:35:32,2720.3,38453
2021-06-23 09:35:33,2720.25,38454
2021-06-23 09:35:34,2720.6,38517
2021-06-23 09:35:35,2720.8,38519
2021-06-23 09:35:36,2720.8,38580
2021-06-23 09:35:37,2721.85,38590
2021-06-23 09:35:38,2721.3,38593
2021-06-23 09:35:39,2721.3,38613
2021-06-23 09:35:40,2722.0,38646
2021-06-23 09:35:41,2722.0,38646
2021-06-23 09:35:42,2721.35,38654
2021-06-23 09:35:43,2720.85,38655
2021-06-23 09:35:44,2720.85,38655
2021-06-23 09:35:45,2720.85,38655
2021-06-23 09:35:46,2720.85,38655
2021-06-23 09:35:48,2720.85,38657
2021-06-23 09:35:49,2720.8,38666
2021-06-23 09:35:50,2720.85,38688
2021-06-23 09:35:51,2720.55,38698
2021-06-23 09:35:52,2720.55,38698
2021-06-23 09:35:53,2720.55,38698
2021-06-23 09:35:54,2720.85,38700
2021-06-23 09:35:55,2720.3,38790
2021-06-23 09:35:56,2720.85,38819
2021-06-23 09:35:57,2720.85,38819
2021-06-23 09:35:58,2720.3,38824
2021-06-23 09:35:59,2721.1,38825
2021-06-23 09:36:00,2722.35,38836
2021-06-23 09:36:01,2721.8,39091
2021-06-23 09:36:03,2721.8,39091
2021-06-23 09:36:04,2721.8,39091
2021-06-23 09:36:05,2721.8,39091
2021-06-23 09:36:06,2721.8,39091
2021-06-23 09:36:07,2721.1,39092
2021-06-23 09:36:08,2721.1,39116
2021-06-23 09:36:09,2721.1,39116
2021-06-23 09:36:10,2723.0,39298
2021-06-23 09:36:11,2723.95,39308
2021-06-23 09:36:12,2723.95,39308
2021-06-23 09:36:13,2722.2,39378
2021-06-23 09:36:14,2722.2,39378
2021-06-23 09:36:15,2721.75,39436
2021-06-23 09:36:16,2720.3,39451
2021-06-23 09:36:17,2720.35,39527
2021-06-23 09:36:18,2720.35,39527
2021-06-23 09:36:19,2720.35,39527
2021-06-23 09:36:20,2720.35,39527
2021-06-23 09:36:21,2721.55,39531
2021-06-23 09:36:22,2720.5,39532
2021-06-23 09:36:23,2720.55,39563
2021-06-23 09:36:24,2720.55,39563
2021-06-23 09:36:25,2720.55,39563
2021-06-23 09:36:26,2721.75,39592
2021-06-23 09:36:27,2721.75,39592
2021-06-23 09:36:28,2721.75,39592
2021-06-23 09:36:29,2721.75,39592
2021-06-23 09:36:30,2721.75,39596
2021-06-23 09:36:31,2721.75,39596
2021-06-23 09:36:32,2721.75,39596
2021-06-23 09:36:33,2722.55,39597
2021-06-23 09:36:34,2722.05,39603
2021-06-23 09:36:35,2722.1,39616
2021-06-23 09:36:36,2722.1,39616
2021-06-23 09:36:37,2722.1,39616
2021-06-23 09:36:38,2722.1,39616
2021-06-23 09:36:39,2722.1,39616
2021-06-23 09:36:40,2722.6,39617
2021-06-23 09:36:41,2723.1,39630
2021-06-23 09:36:42,2723.1,39630
2021-06-23 09:36:43,2723.1,39646
2021-06-23 09:36:44,2723.1,39646
2021-06-23 09:36:45,2722.95,39649
2021-06-23 09:36:46,2723.3,39661
2021-06-23 09:36:47,2723.3,39661
2021-06-23 09:36:48,2723.3,39661
2021-06-23 09:36:49,2723.3,39661
2021-06-23 09:36:51,2724.05,39945
2021-06-23 09:36:52,2724.05,39945
2021-06-23 09:36:53,2724.05,39945
2021-06-23 09:36:55,2724.05,39945
2021-06-23 09:36:56,2725.0,40095
2021-06-23 09:36:57,2725.0,40095
2021-06-23 09:36:58,2725.0,40095
2021-06-23 09:36:59,2725.0,40095
2021-06-23 09:37:00,2725.0,40095
2021-06-23 09:37:01,2725.0,40095
2021-06-23 09:37:02,2724.45,40096
2021-06-23 09:37:03,2724.45,40096
2021-06-23 09:37:04,2724.45,40101
2021-06-23 09:37:05,2724.45,40133
2021-06-23 09:37:06,2724.45,40133
2021-06-23 09:37:07,2724.85,40134
2021-06-23 09:37:08,2724.85,40134
2021-06-23 09:37:09,2724.85,40134
2021-06-23 09:37:10,2724.05,40181
2021-06-23 09:37:12,2725.6,40364
2021-06-23 09:37:11,2724.65,40189
2021-06-23 09:37:13,2725.85,40421
2021-06-23 09:37:14,2725.85,40421
2021-06-23 09:37:15,2725.85,40521
2021-06-23 09:37:16,2725.9,40530
2021-06-23 09:37:17,2725.9,40530
2021-06-23 09:37:18,2725.9,40530
2021-06-23 09:37:19,2727.8,40778
2021-06-23 09:37:20,2728.5,41304
2021-06-23 09:37:21,2728.5,41310
2021-06-23 09:37:22,2728.5,41336
2021-06-23 09:37:23,2728.5,41336
2021-06-23 09:37:24,2728.5,41336
2021-06-23 09:37:27,2728.5,41336
2021-06-23 09:37:28,2727.95,41338
2021-06-23 09:37:29,2727.2,41339
2021-06-23 09:37:30,2726.9,41474
2021-06-23 09:37:31,2726.9,41474
2021-06-23 09:37:32,2727.05,41475
2021-06-23 09:37:33,2727.05,41475
2021-06-23 09:37:34,2727.05,41475
2021-06-23 09:37:35,2727.05,41475
2021-06-23 09:37:36,2727.05,41475
2021-06-23 09:37:37,2728.4,41485
2021-06-23 09:37:38,2728.4,41486
2021-06-23 09:37:39,2728.4,41486
2021-06-23 09:37:40,2728.45,41536
2021-06-23 09:37:41,2728.45,41536
2021-06-23 09:37:42,2728.45,41536
2021-06-23 09:37:43,2728.45,41536
2021-06-23 09:37:44,2728.45,41536
2021-06-23 09:37:45,2728.5,41930
2021-06-23 09:37:46,2728.5,41949
2021-06-23 09:37:47,2728.5,41949
2021-06-23 09:37:48,2728.5,41969
2021-06-23 09:37:50,2727.7,41994
2021-06-23 09:37:52,2727.55,42004
2021-06-23 09:37:53,2727.35,42048
2021-06-23 09:37:57,2727.95,42076
2021-06-23 09:37:58,2727.95,42076
2021-06-23 09:38:00,2727.95,42140
2021-06-23 09:38:01,2727.5,42210
2021-06-23 09:38:02,2728.4,42240
2021-06-23 09:38:01,2727.4,42230
2021-06-23 09:38:03,2727.9,42248
2021-06-23 09:38:04,2727.9,42248
2021-06-23 09:38:05,2727.35,42251
2021-06-23 09:38:06,2727.35,42267
2021-06-23 09:38:07,2727.35,42267
2021-06-23 09:38:08,2727.35,42267
2021-06-23 09:38:09,2727.35,42267
2021-06-23 09:38:10,2727.35,42267
2021-06-23 09:38:11,2727.35,42267
2021-06-23 09:38:12,2727.95,42323
2021-06-23 09:38:13,2727.7,42327
2021-06-23 09:38:15,2730.0,42851
2021-06-23 09:38:16,2728.45,42861
2021-06-23 09:38:17,2728.45,42861
2021-06-23 09:38:18,2728.45,42861
2021-06-23 09:38:20,2728.45,42861
2021-06-23 09:38:21,2728.45,42861
2021-06-23 09:38:22,2728.45,42861
2021-06-23 09:38:23,2728.55,42873
2021-06-23 09:38:24,2728.55,42969
2021-06-23 09:38:25,2728.55,42969
2021-06-23 09:38:26,2728.8,42985
2021-06-23 09:38:27,2728.8,42994
2021-06-23 09:38:28,2729.9,43030
2021-06-23 09:38:29,2729.95,43050
2021-06-23 09:38:30,2728.85,43055
2021-06-23 09:38:32,2728.85,43055
2021-06-23 09:38:32,2728.85,43055
2021-06-23 09:38:34,2728.85,43055
2021-06-23 09:38:35,2728.85,43055
2021-06-23 09:38:36,2728.85,43057
2021-06-23 09:38:37,2728.8,43068
2021-06-23 09:38:38,2729.1,43101
2021-06-23 09:38:39,2729.1,43101
2021-06-23 09:38:40,2729.1,43101
2021-06-23 09:38:41,2729.1,43101
2021-06-23 09:38:42,2729.1,43103
2021-06-23 09:38:43,2730.0,43207
2021-06-23 09:38:44,2729.1,43208
2021-06-23 09:38:46,2729.1,43208
2021-06-23 09:38:47,2730.15,43733
2021-06-23 09:38:47,2730.15,43733
2021-06-23 09:38:48,2729.55,43753
2021-06-23 09:38:49,2729.55,43753
2021-06-23 09:38:50,2729.4,43963
2021-06-23 09:38:51,2729.4,43963
2021-06-23 09:38:52,2729.15,43974
2021-06-23 09:38:53,2729.15,44064
2021-06-23 09:38:54,2729.15,44064
2021-06-23 09:38:56,2729.4,44080
2021-06-23 09:38:56,2729.4,44080
2021-06-23 09:38:57,2729.65,44090
2021-06-23 09:38:58,2729.5,44100
2021-06-23 09:39:00,2729.5,44110
2021-06-23 09:39:00,2731.0,44228
2021-06-23 09:39:01,2731.0,44228
2021-06-23 09:39:02,2731.0,44228
2021-06-23 09:39:03,2731.0,44228
2021-06-23 09:39:04,2730.0,44323
2021-06-23 09:39:05,2730.95,44336
2021-06-23 09:39:06,2729.95,44337
2021-06-23 09:39:07,2729.95,44337
2021-06-23 09:39:08,2731.0,44338
2021-06-23 09:39:09,2730.45,44343
2021-06-23 09:39:10,2730.45,44344
2021-06-23 09:39:11,2730.15,44379
2021-06-23 09:39:12,2730.1,44404
2021-06-23 09:39:13,2731.85,44461
2021-06-23 09:39:14,2730.35,44594
2021-06-23 09:39:15,2730.35,44594
2021-06-23 09:39:16,2730.35,44594
2021-06-23 09:39:17,2730.35,44594
2021-06-23 09:39:18,2730.35,44594
2021-06-23 09:39:19,2730.7,44602
2021-06-23 09:39:20,2730.7,44602
2021-06-23 09:39:21,2730.85,44648
2021-06-23 09:39:22,2731.2,44664
2021-06-23 09:39:23,2730.6,44711
2021-06-23 09:39:24,2730.6,44711
2021-06-23 09:39:25,2730.6,44711
2021-06-23 09:39:26,2730.6,44711
2021-06-23 09:39:27,2730.6,44711
2021-06-23 09:39:28,2731.25,44714
2021-06-23 09:39:29,2731.25,44714
2021-06-23 09:39:30,2731.25,44714
2021-06-23 09:39:31,2731.25,44743
2021-06-23 09:39:32,2731.25,44768
2021-06-23 09:39:33,2731.0,44769
2021-06-23 09:39:34,2731.25,44771
2021-06-23 09:39:35,2731.25,44771
2021-06-23 09:39:36,2732.0,44871
2021-06-23 09:39:38,2729.35,45170
2021-06-23 09:39:39,2730.0,45171
2021-06-23 09:39:39,2730.0,45171
2021-06-23 09:39:40,2730.0,45171
2021-06-23 09:39:41,2730.0,45171
2021-06-23 09:39:42,2730.35,45186
2021-06-23 09:39:43,2729.1,45208
2021-06-23 09:39:44,2730.3,45215
2021-06-23 09:39:46,2730.3,45215
2021-06-23 09:39:47,2729.15,45274
2021-06-23 09:39:48,2730.35,45276
2021-06-23 09:39:49,2730.35,45276
2021-06-23 09:39:50,2729.1,45376
2021-06-23 09:39:51,2729.75,45383
2021-06-23 09:39:52,2729.75,45383
2021-06-23 09:39:54,2729.2,45414
2021-06-23 09:39:55,2729.1,45416
2021-06-23 09:39:56,2730.85,45431
2021-06-23 09:39:57,2730.85,45431
2021-06-23 09:39:58,2730.6,45444
2021-06-23 09:39:59,2730.0,45469
2021-06-23 09:40:00,2730.0,45469
2021-06-23 09:40:01,2729.45,45480
2021-06-23 09:40:02,2730.35,45481
2021-06-23 09:40:03,2730.35,45481
2021-06-23 09:40:04,2729.45,45486
2021-06-23 09:40:05,2729.45,45534
2021-06-23 09:40:07,2731.0,45559
2021-06-23 09:40:08,2731.0,45559
2021-06-23 09:40:09,2731.0,45559
2021-06-23 09:40:10,2731.0,45559
2021-06-23 09:40:10,2731.0,45559
2021-06-23 09:40:11,2730.75,45561
2021-06-23 09:40:12,2730.65,45564
2021-06-23 09:40:13,2730.7,45569
2021-06-23 09:40:14,2730.75,45573
2021-06-23 09:40:15,2730.75,45573
2021-06-23 09:40:16,2730.75,45573
2021-06-23 09:40:17,2730.75,45573
2021-06-23 09:40:18,2730.75,45573
2021-06-23 09:40:19,2730.75,45584
2021-06-23 09:40:21,2730.75,45586
2021-06-23 09:40:22,2730.5,45626
2021-06-23 09:40:22,2730.5,45626
2021-06-23 09:40:23,2730.5,45629
2021-06-23 09:40:24,2729.5,45633
2021-06-23 09:40:25,2729.5,45633
2021-06-23 09:40:26,2730.45,45636
2021-06-23 09:40:28,2729.95,45637
2021-06-23 09:40:30,2730.45,45640
2021-06-23 09:40:31,2730.45,45640
2021-06-23 09:40:31,2730.45,45640
2021-06-23 09:40:32,2730.45,45640
2021-06-23 09:40:33,2730.45,45640
2021-06-23 09:40:35,2729.55,45651
2021-06-23 09:40:36,2729.55,45651
2021-06-23 09:40:37,2730.45,45660
2021-06-23 09:40:38,2730.45,45661
2021-06-23 09:40:39,2730.45,45661
2021-06-23 09:40:40,2729.6,45671
2021-06-23 09:40:41,2729.6,45671
2021-06-23 09:40:43,2730.45,45683
2021-06-23 09:40:44,2730.45,45683
2021-06-23 09:40:45,2730.45,45683
2021-06-23 09:40:46,2730.5,45695
2021-06-23 09:40:47,2730.5,45695
2021-06-23 09:40:49,2730.5,45696
2021-06-23 09:40:50,2730.5,45714
2021-06-23 09:40:51,2730.5,45714
2021-06-23 09:40:52,2730.5,45714
2021-06-23 09:40:53,2730.5,45714
2021-06-23 09:40:55,2730.45,45724
2021-06-23 09:40:55,2730.45,45724
2021-06-23 09:40:57,2730.5,45734
2021-06-23 09:40:58,2730.5,45734
2021-06-23 09:40:59,2730.5,45734
2021-06-23 09:41:00,2730.5,45734
2021-06-23 09:41:00,2730.5,45734
2021-06-23 09:41:01,2730.5,45734
2021-06-23 09:41:02,2730.5,45734
2021-06-23 09:41:03,2730.5,45775
2021-06-23 09:41:04,2730.5,45775
2021-06-23 09:41:05,2730.5,45775
2021-06-23 09:41:06,2730.5,45775
2021-06-23 09:41:07,2730.5,45775
2021-06-23 09:41:08,2729.9,45803
2021-06-23 09:41:09,2730.5,45813
2021-06-23 09:41:10,2730.5,45813
2021-06-23 09:41:12,2730.5,45815
2021-06-23 09:41:13,2730.5,45842
2021-06-23 09:41:14,2730.5,45842
2021-06-23 09:41:16,2730.5,45856
2021-06-23 09:41:17,2730.9,46126
2021-06-23 09:41:17,2731.0,46151
2021-06-23 09:41:18,2731.0,46151
2021-06-23 09:41:19,2731.0,46184
2021-06-23 09:41:20,2731.0,46184
2021-06-23 09:41:21,2730.0,46334
2021-06-23 09:41:22,2730.0,46334
2021-06-23 09:41:23,2730.0,46334
2021-06-23 09:41:24,2730.0,46344
2021-06-23 09:41:25,2731.0,46345
2021-06-23 09:41:26,2731.0,46345
2021-06-23 09:41:27,2731.0,46345
2021-06-23 09:41:28,2730.5,46355
2021-06-23 09:41:30,2730.95,46357
2021-06-23 09:41:31,2730.95,46357
2021-06-23 09:41:32,2730.95,46357
2021-06-23 09:41:33,2730.95,46467
2021-06-23 09:41:34,2730.95,46467
2021-06-23 09:41:35,2730.95,46467
2021-06-23 09:41:36,2730.95,46467
2021-06-23 09:41:37,2730.95,46467
2021-06-23 09:41:39,2730.95,46467
2021-06-23 09:41:39,2730.95,46467
2021-06-23 09:41:40,2730.95,46467
2021-06-23 09:41:41,2730.95,46486
2021-06-23 09:41:42,2730.95,46487
2021-06-23 09:41:43,2731.25,47539
2021-06-23 09:41:44,2731.25,47539
2021-06-23 09:41:45,2731.85,47540
2021-06-23 09:41:46,2731.85,47543
2021-06-23 09:41:47,2731.85,47543
2021-06-23 09:41:48,2731.85,47543
2021-06-23 09:41:49,2731.85,47543
2021-06-23 09:41:50,2731.85,47543
2021-06-23 09:41:52,2733.5,47748
2021-06-23 09:41:53,2733.5,47748
2021-06-23 09:41:54,2733.85,47958
2021-06-23 09:41:55,2732.0,48039
2021-06-23 09:41:56,2732.0,48039
2021-06-23 09:41:57,2732.0,48039
2021-06-23 09:41:58,2732.0,48039
2021-06-23 09:41:59,2732.0,48039
2021-06-23 09:42:00,2732.0,48039
2021-06-23 09:42:01,2732.0,48046
2021-06-23 09:42:02,2732.0,48048
2021-06-23 09:42:03,2732.0,48048
2021-06-23 09:42:04,2733.25,48052
2021-06-23 09:42:05,2733.25,48052
2021-06-23 09:42:06,2733.25,48052
2021-06-23 09:42:07,2733.5,48163
2021-06-23 09:42:08,2732.0,48173
2021-06-23 09:42:09,2733.25,48184
2021-06-23 09:42:10,2733.45,48219
2021-06-23 09:42:11,2733.45,48219
2021-06-23 09:42:12,2733.45,48219
2021-06-23 09:42:13,2733.75,48269
2021-06-23 09:42:14,2733.75,48269
2021-06-23 09:42:15,2733.75,48269
2021-06-23 09:42:16,2733.75,48269
2021-06-23 09:42:17,2733.75,48269
2021-06-23 09:42:19,2732.05,48286
2021-06-23 09:42:19,2732.05,48286
2021-06-23 09:42:20,2733.5,48294
2021-06-23 09:42:21,2732.2,48304
2021-06-23 09:42:23,2732.0,48314
2021-06-23 09:42:25,2732.0,48314
2021-06-23 09:42:26,2734.0,49051
2021-06-23 09:42:27,2731.75,49394
2021-06-23 09:42:28,2731.75,49394
2021-06-23 09:42:29,2731.75,49394
2021-06-23 09:42:30,2733.35,49404
2021-06-23 09:42:31,2733.35,49404
2021-06-23 09:42:33,2732.65,49467
2021-06-23 09:42:34,2732.1,49500
2021-06-23 09:42:36,2732.1,49500
2021-06-23 09:42:38,2732.1,49500
2021-06-23 09:42:39,2732.1,49500
2021-06-23 09:42:40,2733.35,49580
2021-06-23 09:42:43,2733.7,49630
2021-06-23 09:42:44,2733.7,49630
2021-06-23 09:42:45,2733.7,49630
2021-06-23 09:42:46,2733.7,49630
2021-06-23 09:42:47,2733.7,49630
2021-06-23 09:42:48,2733.7,49630
2021-06-23 09:42:49,2734.0,49722
2021-06-23 09:42:50,2732.5,49724
2021-06-23 09:42:51,2734.0,49734
2021-06-23 09:42:52,2734.55,49834
2021-06-23 09:42:53,2734.55,49834
2021-06-23 09:42:54,2734.55,49834
2021-06-23 09:42:55,2734.55,49834
2021-06-23 09:42:56,2734.55,49834
2021-06-23 09:42:57,2734.55,49834
2021-06-23 09:42:58,2732.65,49838
2021-06-23 09:42:59,2733.95,49854
2021-06-23 09:43:00,2733.95,49854
2021-06-23 09:43:01,2734.0,49891
2021-06-23 09:43:02,2734.0,49891
2021-06-23 09:43:03,2732.95,49910
2021-06-23 09:43:04,2732.85,49927
2021-06-23 09:43:05,2732.85,49927
2021-06-23 09:43:06,2732.85,49927
2021-06-23 09:43:07,2732.85,49927
2021-06-23 09:43:08,2733.0,49957
2021-06-23 09:43:09,2733.95,49958
2021-06-23 09:43:10,2733.95,49958
2021-06-23 09:43:11,2733.7,49959
2021-06-23 09:43:12,2733.7,49959
2021-06-23 09:43:14,2734.35,50059
2021-06-23 09:43:14,2734.35,50059
2021-06-23 09:43:16,2734.35,50059
2021-06-23 09:43:16,2733.7,50252
2021-06-23 09:43:17,2733.7,50252
2021-06-23 09:43:18,2733.9,50288
2021-06-23 09:43:20,2732.85,50291
2021-06-23 09:43:20,2732.85,50291
2021-06-23 09:43:21,2732.0,50872
2021-06-23 09:43:22,2732.75,50907
2021-06-23 09:43:23,2732.75,50923
2021-06-23 09:43:24,2732.75,50924
2021-06-23 09:43:26,2732.75,50924
2021-06-23 09:43:27,2732.75,50924
2021-06-23 09:43:27,2732.75,50924
2021-06-23 09:43:28,2731.8,50933
2021-06-23 09:43:29,2731.8,50933
2021-06-23 09:43:31,2731.8,50937
2021-06-23 09:43:33,2731.8,50937
2021-06-23 09:43:34,2731.8,50937
2021-06-23 09:43:35,2731.8,50948
2021-06-23 09:43:36,2731.8,50960
2021-06-23 09:43:36,2731.8,50960
2021-06-23 09:43:37,2731.8,50960
2021-06-23 09:43:38,2731.8,50960
2021-06-23 09:43:39,2731.1,50961
2021-06-23 09:43:40,2731.1,50961
2021-06-23 09:43:41,2731.8,50962
2021-06-23 09:43:42,2731.8,50962
2021-06-23 09:43:43,2731.1,51011
2021-06-23 09:43:44,2731.1,51011
2021-06-23 09:43:45,2731.35,51100
2021-06-23 09:43:46,2731.35,51100
2021-06-23 09:43:48,2729.9,51325
2021-06-23 09:43:49,2729.9,51325
2021-06-23 09:43:50,2729.9,51325
2021-06-23 09:43:51,2729.9,51325
2021-06-23 09:43:52,2729.9,51325
2021-06-23 09:43:53,2729.9,51325
2021-06-23 09:43:54,2729.25,51387
2021-06-23 09:43:55,2730.0,51542
2021-06-23 09:43:56,2730.0,51542
2021-06-23 09:43:57,2730.5,51642
2021-06-23 09:43:58,2730.5,51642
2021-06-23 09:43:59,2730.5,51642
2021-06-23 09:43:59,2729.65,51644
2021-06-23 09:44:01,2730.7,51995
2021-06-23 09:44:02,2730.7,51995
2021-06-23 09:44:03,2730.2,52019
2021-06-23 09:44:04,2730.2,52019
2021-06-23 09:44:05,2730.2,52019
2021-06-23 09:44:05,2730.2,52019
2021-06-23 09:44:06,2731.25,56024
2021-06-23 09:44:08,2731.75,56043
2021-06-23 09:44:09,2731.75,56043
2021-06-23 09:44:10,2731.75,56043
2021-06-23 09:44:11,2731.75,56310
2021-06-23 09:44:12,2731.75,56310
2021-06-23 09:44:13,2731.75,56311
2021-06-23 09:44:14,2731.75,56313
2021-06-23 09:44:15,2731.75,56318
2021-06-23 09:44:16,2731.85,56320
2021-06-23 09:44:18,2731.85,56320
2021-06-23 09:44:19,2731.75,56330
2021-06-23 09:44:22,2732.65,56345
2021-06-23 09:44:23,2732.65,56345
2021-06-23 09:44:24,2732.65,56345
2021-06-23 09:44:25,2731.1,56694
2021-06-23 09:44:26,2730.55,56700
2021-06-23 09:44:27,2730.55,56703
2021-06-23 09:44:28,2731.75,56753
2021-06-23 09:44:28,2731.75,56753
2021-06-23 09:44:29,2731.75,56753
2021-06-23 09:44:31,2732.2,56803
2021-06-23 09:44:31,2732.05,56805
2021-06-23 09:44:32,2732.05,56805
2021-06-23 09:44:34,2732.05,56805
2021-06-23 09:44:34,2732.05,56805
2021-06-23 09:44:35,2732.05,56805
2021-06-23 09:44:37,2732.05,56805
2021-06-23 09:44:38,2732.05,56805
2021-06-23 09:44:39,2730.55,56806
2021-06-23 09:44:40,2730.55,56806
2021-06-23 09:44:41,2730.75,56807
2021-06-23 09:44:42,2731.85,56822
2021-06-23 09:44:43,2731.85,56822
2021-06-23 09:44:44,2731.85,56824
2021-06-23 09:44:45,2731.85,56849
2021-06-23 09:44:48,2731.85,56934
2021-06-23 09:44:49,2731.85,56934
2021-06-23 09:44:50,2731.2,56951
2021-06-23 09:44:50,2731.2,56951
2021-06-23 09:44:51,2731.2,56951
2021-06-23 09:44:52,2731.2,56951
2021-06-23 09:44:54,2731.2,56951
2021-06-23 09:44:54,2731.2,56951
2021-06-23 09:44:56,2731.5,56961
2021-06-23 09:44:56,2731.5,56961
2021-06-23 09:44:58,2731.5,56961
2021-06-23 09:44:58,2731.5,56961
2021-06-23 09:45:00,2731.3,56981
2021-06-23 09:45:01,2731.3,56981
2021-06-23 09:45:02,2731.3,56981
2021-06-23 09:45:03,2731.3,56981
2021-06-23 09:45:04,2731.3,56981
2021-06-23 09:45:05,2731.3,56981
2021-06-23 09:45:05,2731.3,56981
2021-06-23 09:45:07,2730.25,56983
2021-06-23 09:45:08,2729.7,57180
2021-06-23 09:45:09,2729.7,57180
2021-06-23 09:45:10,2729.7,57180
2021-06-23 09:45:11,2728.0,57999
2021-06-23 09:45:11,2728.0,57999
2021-06-23 09:45:12,2728.0,57999
2021-06-23 09:45:14,2727.15,58020
2021-06-23 09:45:15,2728.0,58021
2021-06-23 09:45:15,2727.15,58020
2021-06-23 09:45:17,2728.0,58024
2021-06-23 09:45:18,2728.9,58325
2021-06-23 09:45:19,2727.2,58335
2021-06-23 09:45:20,2728.9,58535
2021-06-23 09:45:21,2728.9,58535
2021-06-23 09:45:22,2727.7,58536
2021-06-23 09:45:23,2727.7,58536
2021-06-23 09:45:24,2727.7,58536
2021-06-23 09:45:25,2728.0,58543
2021-06-23 09:45:26,2727.65,58544
2021-06-23 09:45:28,2729.05,58576
2021-06-23 09:45:29,2729.05,58576
2021-06-23 09:45:30,2729.05,58576
2021-06-23 09:45:31,2729.05,58576
2021-06-23 09:45:32,2729.05,58576
2021-06-23 09:45:33,2729.05,58576
2021-06-23 09:45:34,2729.05,58576
2021-06-23 09:45:35,2729.05,58576
2021-06-23 09:45:36,2729.05,58576
2021-06-23 09:45:37,2729.05,58576
2021-06-23 09:45:38,2729.5,58578
2021-06-23 09:45:39,2728.7,58678
2021-06-23 09:45:41,2730.35,58700
2021-06-23 09:45:40,2730.4,58691
2021-06-23 09:45:42,2730.35,58700
2021-06-23 09:45:43,2730.35,58700
2021-06-23 09:45:44,2729.0,58717
2021-06-23 09:45:45,2729.0,58717
2021-06-23 09:45:46,2729.0,58717
2021-06-23 09:45:47,2729.0,58717
2021-06-23 09:45:48,2730.15,58718
2021-06-23 09:45:49,2730.15,58718
2021-06-23 09:45:50,2728.85,58738
2021-06-23 09:45:51,2728.85,58738
2021-06-23 09:45:52,2729.0,58741
2021-06-23 09:45:53,2729.0,58741
2021-06-23 09:45:54,2729.0,58741
2021-06-23 09:45:55,2729.0,58741
2021-06-23 09:45:56,2729.0,58744
2021-06-23 09:45:57,2728.25,58754
2021-06-23 09:45:58,2728.25,58754
2021-06-23 09:45:59,2728.25,58754
2021-06-23 09:46:00,2728.25,58754
2021-06-23 09:46:01,2729.35,58764
2021-06-23 09:46:02,2727.6,58852
2021-06-23 09:46:03,2727.6,58852
2021-06-23 09:46:03,2728.7,58853
2021-06-23 09:46:05,2728.7,58853
2021-06-23 09:46:06,2728.7,58853
2021-06-23 09:46:06,2728.7,58853
2021-06-23 09:46:08,2727.0,59181
2021-06-23 09:46:09,2726.4,59281
2021-06-23 09:46:09,2726.4,59281
2021-06-23 09:46:10,2726.4,59281
2021-06-23 09:46:12,2726.4,59281
2021-06-23 09:46:13,2726.4,59281
2021-06-23 09:46:14,2726.4,59281
2021-06-23 09:46:15,2727.55,59283
2021-06-23 09:46:19,2726.25,59505
2021-06-23 09:46:20,2726.25,59505
2021-06-23 09:46:21,2727.1,59556
2021-06-23 09:46:22,2727.1,59556
2021-06-23 09:46:23,2726.2,59595
2021-06-23 09:46:24,2726.2,59595
2021-06-23 09:46:25,2726.2,59595
2021-06-23 09:46:26,2726.2,59595
2021-06-23 09:46:27,2726.2,59595
2021-06-23 09:46:28,2726.2,59595
2021-06-23 09:46:29,2726.2,59595
2021-06-23 09:46:30,2726.2,59595
2021-06-23 09:46:32,2726.9,59653
2021-06-23 09:46:33,2726.9,59653
2021-06-23 09:46:34,2726.9,59653
2021-06-23 09:46:35,2727.35,59911
2021-06-23 09:46:36,2727.35,59911
2021-06-23 09:46:37,2727.35,59911
2021-06-23 09:46:38,2726.45,60011
2021-06-23 09:46:39,2726.45,60011
2021-06-23 09:46:40,2726.75,60096
2021-06-23 09:46:41,2726.75,60096
2021-06-23 09:46:42,2726.75,60096
2021-06-23 09:46:43,2726.75,60096
2021-06-23 09:46:44,2726.75,60096
2021-06-23 09:46:45,2726.75,60096
2021-06-23 09:46:46,2726.75,60096
2021-06-23 09:46:47,2726.75,60096
2021-06-23 09:46:48,2726.75,60096
2021-06-23 09:46:49,2726.75,60096
2021-06-23 09:46:50,2726.75,60096
2021-06-23 09:46:51,2727.0,60097
2021-06-23 09:46:52,2727.9,60197
2021-06-23 09:46:53,2727.9,60197
2021-06-23 09:46:54,2727.9,60197
2021-06-23 09:46:55,2727.9,60197
2021-06-23 09:46:56,2727.9,60197
2021-06-23 09:46:57,2727.9,60197
2021-06-23 09:46:58,2727.9,60197
2021-06-23 09:46:59,2727.0,60200
2021-06-23 09:47:00,2727.0,60200
2021-06-23 09:47:01,2727.75,60254
2021-06-23 09:47:02,2727.95,60294
2021-06-23 09:47:03,2729.25,60594
2021-06-23 09:47:04,2729.25,60594
2021-06-23 09:47:05,2729.7,60675
2021-06-23 09:47:06,2729.7,60675
2021-06-23 09:47:07,2727.85,60685
2021-06-23 09:47:08,2729.15,60735
2021-06-23 09:47:09,2729.15,60735
2021-06-23 09:47:10,2727.5,60740
2021-06-23 09:47:11,2727.5,60740
2021-06-23 09:47:12,2727.5,60740
2021-06-23 09:47:14,2730.0,60750
2021-06-23 09:47:16,2730.0,60750
2021-06-23 09:47:18,2730.0,60751
2021-06-23 09:47:19,2730.0,60751
2021-06-23 09:47:20,2730.0,60751
2021-06-23 09:47:21,2730.0,60822
2021-06-23 09:47:22,2730.0,60832
2021-06-23 09:47:23,2730.0,60832
2021-06-23 09:47:24,2730.0,60832
2021-06-23 09:47:25,2730.0,60832
2021-06-23 09:47:26,2730.9,60834
2021-06-23 09:47:27,2730.9,60834
2021-06-23 09:47:28,2730.9,60834
2021-06-23 09:47:29,2730.9,60847
2021-06-23 09:47:30,2730.9,60847
2021-06-23 09:47:31,2730.9,60847
2021-06-23 09:47:32,2730.9,60847
2021-06-23 09:47:33,2730.9,60847
2021-06-23 09:47:34,2730.9,60847
2021-06-23 09:47:35,2730.9,60847
2021-06-23 09:47:36,2730.9,60897
2021-06-23 09:47:37,2730.9,60897
2021-06-23 09:47:38,2730.9,60897
2021-06-23 09:47:39,2730.9,60897
2021-06-23 09:47:40,2730.9,60897
2021-06-23 09:47:41,2730.9,60897
2021-06-23 09:47:43,2730.7,60907
2021-06-23 09:47:44,2730.7,60907
2021-06-23 09:47:45,2730.7,60907
2021-06-23 09:47:46,2730.7,60907
2021-06-23 09:47:47,2730.7,60907
2021-06-23 09:47:48,2730.7,60907
2021-06-23 09:47:49,2730.7,60907
2021-06-23 09:47:50,2730.7,60907
2021-06-23 09:47:51,2730.7,60907
2021-06-23 09:47:52,2730.35,60910
2021-06-23 09:47:53,2728.6,61005
2021-06-23 09:47:54,2728.6,61005
2021-06-23 09:47:56,2728.6,61005
2021-06-23 09:47:57,2728.6,61005
2021-06-23 09:47:58,2728.6,61005
2021-06-23 09:47:59,2728.6,61005
2021-06-23 09:48:00,2729.2,61020
2021-06-23 09:48:01,2728.15,61029
2021-06-23 09:48:03,2728.15,61029
2021-06-23 09:48:02,2728.15,61029
2021-06-23 09:48:04,2728.15,61029
2021-06-23 09:48:05,2728.15,61029
2021-06-23 09:48:06,2728.15,61029
2021-06-23 09:48:07,2728.15,61029
2021-06-23 09:48:08,2728.15,61029
2021-06-23 09:48:09,2728.15,61029
2021-06-23 09:48:10,2728.15,61029
2021-06-23 09:48:11,2728.15,61029
2021-06-23 09:48:12,2728.15,61029
2021-06-23 09:48:13,2728.15,61029
2021-06-23 09:48:14,2728.15,61029
2021-06-23 09:48:15,2728.15,61029
2021-06-23 09:48:16,2728.15,61029
2021-06-23 09:48:17,2728.15,61029
2021-06-23 09:48:18,2729.2,61030
2021-06-23 09:48:19,2729.2,61032
2021-06-23 09:48:20,2729.2,61032
2021-06-23 09:48:21,2729.2,61032
2021-06-23 09:48:22,2729.2,61032
2021-06-23 09:48:23,2730.0,61178
2021-06-23 09:48:24,2730.0,61178
2021-06-23 09:48:25,2730.0,61181
2021-06-23 09:48:26,2730.9,61186
2021-06-23 09:48:27,2730.9,61186
2021-06-23 09:48:28,2730.9,61186
2021-06-23 09:48:29,2730.9,61186
2021-06-23 09:48:30,2730.9,61186
2021-06-23 09:48:31,2730.9,61186
2021-06-23 09:48:32,2730.9,61186
2021-06-23 09:48:33,2730.9,61186
2021-06-23 09:48:34,2730.9,61186
2021-06-23 09:48:35,2730.65,61286
2021-06-23 09:48:36,2729.15,61376
2021-06-23 09:48:37,2730.6,61380
2021-06-23 09:48:38,2730.6,61380
2021-06-23 09:48:39,2730.6,61380
2021-06-23 09:48:41,2731.9,61581
2021-06-23 09:48:42,2729.75,61582
2021-06-23 09:48:43,2729.75,61582
2021-06-23 09:48:44,2729.75,61582
2021-06-23 09:48:45,2730.8,61585
2021-06-23 09:48:46,2730.8,61585
2021-06-23 09:48:47,2730.8,61585
2021-06-23 09:48:48,2730.8,61585
2021-06-23 09:48:49,2730.8,61585
2021-06-23 09:48:50,2730.8,61585
2021-06-23 09:48:51,2730.8,61585
2021-06-23 09:48:52,2730.8,61585
2021-06-23 09:48:53,2730.2,61595
2021-06-23 09:48:54,2730.2,61595
2021-06-23 09:48:55,2728.7,61695
2021-06-23 09:48:56,2728.7,61695
2021-06-23 09:48:57,2728.7,61695
2021-06-23 09:48:58,2728.7,61695
2021-06-23 09:48:59,2728.7,61695
2021-06-23 09:49:00,2728.7,61695
2021-06-23 09:49:01,2728.7,61695
2021-06-23 09:49:02,2728.7,61695
2021-06-23 09:49:03,2729.9,61696
2021-06-23 09:49:04,2730.1,61796
2021-06-23 09:49:05,2730.1,61796
2021-06-23 09:49:06,2730.1,61796
2021-06-23 09:49:07,2730.4,61806
2021-06-23 09:49:09,2730.4,61806
2021-06-23 09:49:10,2730.4,61806
2021-06-23 09:49:11,2730.4,61806
2021-06-23 09:49:12,2728.8,61807
2021-06-23 09:49:13,2728.8,61807
2021-06-23 09:49:14,2728.8,61807
2021-06-23 09:49:15,2728.8,61807
2021-06-23 09:49:16,2728.8,61807
2021-06-23 09:49:17,2730.3,61808
2021-06-23 09:49:18,2730.3,61834
2021-06-23 09:49:19,2730.3,61834
2021-06-23 09:49:20,2730.3,61834
2021-06-23 09:49:21,2730.3,61834
2021-06-23 09:49:22,2730.3,61834
2021-06-23 09:49:23,2730.3,61834
2021-06-23 09:49:24,2730.2,61909
2021-06-23 09:49:26,2730.2,61909
2021-06-23 09:49:25,2730.2,61909
2021-06-23 09:49:27,2729.9,61911
2021-06-23 09:49:28,2728.35,61961
2021-06-23 09:49:29,2728.35,61961
2021-06-23 09:49:30,2728.35,62009
2021-06-23 09:49:31,2728.35,62009
2021-06-23 09:49:32,2728.35,62009
2021-06-23 09:49:33,2728.35,62009
2021-06-23 09:49:34,2729.0,62058
2021-06-23 09:49:35,2729.0,62058
2021-06-23 09:49:36,2729.0,62058
2021-06-23 09:49:37,2729.0,62058
2021-06-23 09:49:38,2729.0,62058
2021-06-23 09:49:39,2729.0,62058
2021-06-23 09:49:40,2729.0,62058
2021-06-23 09:49:41,2729.0,62058
2021-06-23 09:49:42,2730.3,62082
2021-06-23 09:49:43,2729.55,62086
2021-06-23 09:49:44,2729.25,62136
2021-06-23 09:49:45,2730.5,62137
2021-06-23 09:49:46,2730.5,62137
2021-06-23 09:49:47,2730.5,62137
2021-06-23 09:49:48,2729.5,62140
2021-06-23 09:49:49,2729.5,62140
2021-06-23 09:49:50,2731.0,62171
2021-06-23 09:49:51,2731.0,62171
2021-06-23 09:49:52,2731.0,62171
2021-06-23 09:49:53,2731.0,62171
2021-06-23 09:49:54,2731.0,62171
2021-06-23 09:49:55,2731.0,62171
2021-06-23 09:49:56,2731.0,62171
2021-06-23 09:49:57,2731.0,62171
2021-06-23 09:49:58,2731.0,62171
2021-06-23 09:49:59,2731.0,62171
2021-06-23 09:50:01,2731.0,62171
2021-06-23 09:50:03,2731.0,62309
2021-06-23 09:50:04,2731.0,62309
2021-06-23 09:50:05,2731.0,62309
2021-06-23 09:50:06,2731.0,62309
2021-06-23 09:50:07,2731.0,62309
2021-06-23 09:50:08,2731.0,62309
2021-06-23 09:50:10,2731.0,62309
2021-06-23 09:50:11,2731.0,62309
2021-06-23 09:50:12,2731.0,62309
2021-06-23 09:50:12,2731.0,62309
2021-06-23 09:50:13,2731.0,62309
2021-06-23 09:50:14,2731.0,62309
2021-06-23 09:50:15,2731.0,62309
2021-06-23 09:50:16,2731.0,62309
2021-06-23 09:50:18,2731.0,62309
2021-06-23 09:50:19,2731.0,62309
2021-06-23 09:50:20,2731.0,62309
2021-06-23 09:50:21,2732.0,62671
2021-06-23 09:50:22,2732.0,62671
2021-06-23 09:50:23,2732.0,62671
2021-06-23 09:50:25,2732.0,62671
2021-06-23 09:50:26,2732.4,62806
2021-06-23 09:50:27,2732.4,62806
2021-06-23 09:50:28,2732.4,62806
2021-06-23 09:50:29,2732.35,62807
2021-06-23 09:50:30,2732.0,62907
2021-06-23 09:50:31,2732.0,62907
2021-06-23 09:50:32,2731.0,62908
2021-06-23 09:50:33,2731.0,62913
2021-06-23 09:50:34,2732.35,62923
2021-06-23 09:50:34,2732.35,62923
2021-06-23 09:50:35,2732.35,62923
2021-06-23 09:50:36,2732.35,62923
2021-06-23 09:50:37,2732.35,62924
2021-06-23 09:50:38,2732.35,62924
2021-06-23 09:50:39,2732.35,62924
2021-06-23 09:50:40,2732.35,62924
2021-06-23 09:50:41,2732.35,62924
2021-06-23 09:50:43,2732.35,62934
2021-06-23 09:50:43,2732.35,62934
2021-06-23 09:50:44,2731.05,62940
2021-06-23 09:50:45,2731.05,62940
2021-06-23 09:50:46,2731.05,62940
2021-06-23 09:50:47,2732.35,62944
2021-06-23 09:50:48,2732.35,62944
2021-06-23 09:50:50,2732.35,62944
2021-06-23 09:50:51,2732.35,62944
2021-06-23 09:50:51,2732.35,62944
2021-06-23 09:50:52,2732.35,62964
2021-06-23 09:50:53,2732.35,62965
2021-06-23 09:50:54,2732.35,62965
2021-06-23 09:50:55,2732.35,62965
2021-06-23 09:50:57,2731.05,62966
2021-06-23 09:50:59,2731.05,62966
2021-06-23 09:51:00,2731.05,62966
2021-06-23 09:51:01,2731.05,62966
2021-06-23 09:51:02,2731.05,62966
2021-06-23 09:51:03,2731.05,62966
2021-06-23 09:51:03,2731.05,62966
2021-06-23 09:51:04,2731.05,62966
2021-06-23 09:51:05,2731.05,62966
2021-06-23 09:51:06,2731.05,62966
2021-06-23 09:51:09,2731.05,62966
2021-06-23 09:51:09,2731.05,62966
2021-06-23 09:51:10,2731.05,62966
2021-06-23 09:51:11,2731.05,62966
2021-06-23 09:51:12,2732.45,62997
2021-06-23 09:51:13,2733.0,62998
2021-06-23 09:51:15,2733.0,62998
2021-06-23 09:51:16,2733.0,62999
2021-06-23 09:51:16,2733.0,62999
2021-06-23 09:51:17,2733.0,62999
2021-06-23 09:51:18,2733.0,62999
2021-06-23 09:51:19,2732.9,63001
2021-06-23 09:51:20,2732.9,63001
2021-06-23 09:51:21,2732.9,63001
2021-06-23 09:51:23,2732.9,63001
2021-06-23 09:51:24,2732.9,63001
2021-06-23 09:51:24,2732.9,63001
2021-06-23 09:51:25,2733.0,63051
2021-06-23 09:51:26,2732.1,63052
2021-06-23 09:51:28,2732.1,63052
2021-06-23 09:51:29,2732.1,63052
2021-06-23 09:51:30,2733.0,63057
2021-06-23 09:51:31,2733.0,63057
2021-06-23 09:51:31,2733.0,63057
2021-06-23 09:51:32,2733.0,63057
2021-06-23 09:51:33,2731.8,63157
2021-06-23 09:51:35,2732.0,63182
2021-06-23 09:51:36,2731.95,63193
2021-06-23 09:51:36,2731.95,63193
2021-06-23 09:51:37,2731.0,63982
2021-06-23 09:51:38,2731.0,63982
2021-06-23 09:51:39,2731.0,63982
2021-06-23 09:51:40,2731.8,64048
2021-06-23 09:51:42,2731.8,64048
2021-06-23 09:51:44,2732.15,64148
2021-06-23 09:51:45,2732.15,64148
2021-06-23 09:51:46,2732.15,64148
2021-06-23 09:51:47,2731.0,64171
2021-06-23 09:51:49,2732.3,64201
2021-06-23 09:51:49,2732.3,64201
2021-06-23 09:51:51,2732.0,64206
2021-06-23 09:51:52,2732.0,64206
2021-06-23 09:51:54,2731.0,64214
2021-06-23 09:51:55,2731.0,64242
2021-06-23 09:51:56,2731.0,64242
2021-06-23 09:51:57,2730.0,64302
2021-06-23 09:51:59,2730.4,64312
2021-06-23 09:52:00,2730.4,64312
2021-06-23 09:52:00,2730.4,64312
2021-06-23 09:52:02,2729.05,64342
2021-06-23 09:52:03,2730.25,64347
2021-06-23 09:52:03,2729.05,64342
2021-06-23 09:52:05,2730.25,64348
2021-06-23 09:52:06,2730.25,64348
2021-06-23 09:52:07,2730.25,64348
2021-06-23 09:52:09,2730.25,64348
2021-06-23 09:52:10,2730.25,64348
2021-06-23 09:52:12,2730.25,64348
2021-06-23 09:52:13,2730.25,64348
2021-06-23 09:52:14,2730.25,64348
2021-06-23 09:52:15,2730.2,64350
2021-06-23 09:52:16,2730.2,64350
2021-06-23 09:52:18,2730.2,64350
2021-06-23 09:52:19,2729.5,64599
2021-06-23 09:52:19,2729.5,64599
2021-06-23 09:52:20,2729.5,64599
2021-06-23 09:52:22,2728.0,64705
2021-06-23 09:52:23,2728.0,64705
2021-06-23 09:52:23,2728.0,64705
2021-06-23 09:52:24,2729.55,64715
2021-06-23 09:52:25,2729.55,64715
2021-06-23 09:52:26,2728.5,64716
2021-06-23 09:52:27,2728.5,64716
2021-06-23 09:52:29,2728.5,64716
2021-06-23 09:52:30,2727.7,64750
2021-06-23 09:52:31,2728.5,64851
2021-06-23 09:52:31,2728.5,64851
2021-06-23 09:52:32,2728.5,64851
2021-06-23 09:52:33,2728.5,64851
2021-06-23 09:52:34,2728.5,64851
2021-06-23 09:52:35,2728.5,64851
2021-06-23 09:52:36,2728.5,64851
2021-06-23 09:52:37,2728.5,64851
2021-06-23 09:52:38,2728.5,64851
2021-06-23 09:52:39,2728.5,64851
2021-06-23 09:52:41,2726.85,64904
2021-06-23 09:52:42,2726.85,64904
2021-06-23 09:52:43,2726.55,65124
2021-06-23 09:52:44,2726.55,65124
2021-06-23 09:52:44,2726.55,65124
2021-06-23 09:52:45,2726.55,65124
2021-06-23 09:52:46,2726.55,65124
2021-06-23 09:52:48,2726.55,65124
2021-06-23 09:52:49,2726.55,65124
2021-06-23 09:52:50,2726.55,65124
2021-06-23 09:52:50,2726.25,65149
2021-06-23 09:52:52,2726.25,65149
2021-06-23 09:52:53,2726.25,65149
2021-06-23 09:52:54,2726.25,65149
2021-06-23 09:52:55,2726.7,65199
2021-06-23 09:52:56,2726.7,65199
2021-06-23 09:52:58,2726.55,65219
2021-06-23 09:52:59,2726.55,65219
2021-06-23 09:53:00,2726.55,65219
2021-06-23 09:53:01,2726.55,65219
2021-06-23 09:53:02,2726.55,65219
2021-06-23 09:53:03,2726.55,65219
2021-06-23 09:53:04,2728.1,65220
2021-06-23 09:53:05,2728.1,65220
2021-06-23 09:53:06,2728.1,65226
2021-06-23 09:53:06,2728.1,65226
2021-06-23 09:53:07,2726.75,65231
2021-06-23 09:53:08,2728.1,65232
2021-06-23 09:53:09,2726.75,65235
2021-06-23 09:53:11,2726.75,65235
2021-06-23 09:53:12,2726.75,65235
2021-06-23 09:53:13,2726.75,65235
2021-06-23 09:53:14,2726.75,65235
2021-06-23 09:53:15,2726.75,65235
2021-06-23 09:53:16,2726.75,65235
2021-06-23 09:53:17,2728.05,65248
2021-06-23 09:53:18,2726.8,65257
2021-06-23 09:53:18,2726.8,65257
2021-06-23 09:53:19,2726.8,65257
2021-06-23 09:53:20,2726.8,65257
2021-06-23 09:53:22,2726.8,65257
2021-06-23 09:53:24,2726.8,65257
2021-06-23 09:53:25,2726.8,65257
2021-06-23 09:53:25,2726.8,65262
2021-06-23 09:53:26,2726.8,65262
2021-06-23 09:53:28,2726.8,65262
2021-06-23 09:53:29,2726.8,65262
2021-06-23 09:53:30,2726.8,65262
2021-06-23 09:53:31,2726.8,65262
2021-06-23 09:53:32,2726.8,65262
2021-06-23 09:53:33,2726.8,65262
2021-06-23 09:53:35,2727.8,65269
2021-06-23 09:53:36,2727.8,65269
2021-06-23 09:53:37,2727.8,65269
2021-06-23 09:53:38,2726.55,65569
2021-06-23 09:53:39,2726.55,65569
2021-06-23 09:53:40,2726.55,65689
2021-06-23 09:53:41,2726.55,65689
2021-06-23 09:53:42,2726.55,65689
2021-06-23 09:53:43,2726.55,65689
2021-06-23 09:53:43,2726.55,65689
2021-06-23 09:53:44,2726.55,65689
2021-06-23 09:53:46,2726.55,65689
2021-06-23 09:53:47,2726.55,65689
2021-06-23 09:53:48,2726.55,65689
2021-06-23 09:53:48,2726.55,65689
2021-06-23 09:53:49,2726.55,65699
2021-06-23 09:53:50,2726.55,65699
2021-06-23 09:53:52,2726.55,65699
2021-06-23 09:53:53,2726.55,65699
2021-06-23 09:53:56,2726.55,65699
2021-06-23 09:53:56,2726.55,65699
2021-06-23 09:53:57,2726.05,65714
2021-06-23 09:53:59,2726.05,65714
2021-06-23 09:54:00,2726.05,65723
2021-06-23 09:54:02,2725.45,65764
2021-06-23 09:54:03,2725.9,65841
2021-06-23 09:54:04,2725.9,65841
2021-06-23 09:54:05,2725.9,65841
2021-06-23 09:54:06,2725.9,65841
2021-06-23 09:54:06,2725.9,65841
2021-06-23 09:54:08,2726.0,65975
2021-06-23 09:54:08,2726.0,65975
2021-06-23 09:54:09,2726.0,65975
2021-06-23 09:54:11,2726.0,65975
2021-06-23 09:54:12,2725.0,66100
2021-06-23 09:54:12,2725.0,66100
2021-06-23 09:54:14,2725.0,66105
2021-06-23 09:54:14,2725.0,66105
2021-06-23 09:54:15,2725.0,66105
2021-06-23 09:54:16,2725.0,66105
2021-06-23 09:54:17,2725.0,66105
2021-06-23 09:54:18,2725.0,66105
2021-06-23 09:54:20,2725.0,66105
2021-06-23 09:54:21,2725.0,66137
2021-06-23 09:54:22,2725.0,66337
2021-06-23 09:54:23,2725.0,66337
2021-06-23 09:54:24,2725.0,66337
2021-06-23 09:54:26,2725.0,66337
2021-06-23 09:54:27,2725.0,66347
2021-06-23 09:54:27,2725.8,66355
2021-06-23 09:54:29,2725.8,66355
2021-06-23 09:54:31,2725.8,66355
2021-06-23 09:54:32,2725.8,66355
2021-06-23 09:54:34,2726.0,67354
2021-06-23 09:54:35,2726.0,67354
2021-06-23 09:54:36,2726.0,67355
2021-06-23 09:54:37,2726.0,67355
2021-06-23 09:54:38,2726.0,67355
2021-06-23 09:54:38,2726.0,67357
2021-06-23 09:54:40,2726.0,67357
2021-06-23 09:54:41,2726.0,67357
2021-06-23 09:54:42,2726.0,67357
2021-06-23 09:54:43,2726.0,67357
2021-06-23 09:54:44,2726.0,67357
2021-06-23 09:54:44,2725.35,67362
2021-06-23 09:54:46,2725.35,67362
2021-06-23 09:54:47,2725.35,67362
2021-06-23 09:54:48,2726.0,67367
2021-06-23 09:54:49,2726.0,67397
2021-06-23 09:54:50,2726.0,67397
2021-06-23 09:54:51,2726.0,67397
2021-06-23 09:54:52,2726.0,67397
2021-06-23 09:54:53,2726.0,67397
2021-06-23 09:54:54,2725.4,67402
2021-06-23 09:54:57,2725.4,67402
2021-06-23 09:54:58,2725.4,67402
2021-06-23 09:54:59,2725.4,67402
2021-06-23 09:55:00,2725.4,67402
2021-06-23 09:55:01,2725.4,67402
2021-06-23 09:55:02,2723.15,67828
2021-06-23 09:55:03,2723.15,67828
2021-06-23 09:55:04,2724.2,67829
2021-06-23 09:55:04,2724.2,67829
2021-06-23 09:55:06,2723.15,67830
2021-06-23 09:55:08,2723.15,67830
2021-06-23 09:55:09,2724.2,67835
2021-06-23 09:55:10,2724.2,67841
2021-06-23 09:55:11,2724.2,67844
2021-06-23 09:55:11,2724.2,67846
2021-06-23 09:55:12,2723.15,67955
2021-06-23 09:55:14,2723.05,68020
2021-06-23 09:55:15,2723.05,68020
2021-06-23 09:55:16,2724.0,68028
2021-06-23 09:55:17,2724.0,68028
2021-06-23 09:55:18,2724.0,68028
2021-06-23 09:55:19,2723.05,68078
2021-06-23 09:55:20,2723.05,68078
2021-06-23 09:55:21,2723.05,68078
2021-06-23 09:55:22,2723.05,68078
2021-06-23 09:55:23,2724.15,68080
2021-06-23 09:55:24,2724.15,68092
2021-06-23 09:55:25,2724.15,68092
2021-06-23 09:55:26,2724.1,68097
2021-06-23 09:55:27,2723.05,68098
2021-06-23 09:55:28,2723.05,68098
2021-06-23 09:55:30,2723.05,68098
2021-06-23 09:55:31,2723.05,68144
2021-06-23 09:55:32,2723.05,68144
2021-06-23 09:55:32,2723.05,68144
2021-06-23 09:55:34,2723.05,68144
2021-06-23 09:55:35,2723.0,68157
2021-06-23 09:55:36,2723.0,68157
2021-06-23 09:55:37,2723.0,68167
2021-06-23 09:55:38,2723.0,68167
2021-06-23 09:55:39,2723.05,68172
2021-06-23 09:55:40,2723.9,68209
2021-06-23 09:55:41,2723.9,68209
2021-06-23 09:55:42,2723.9,68209
2021-06-23 09:55:43,2723.9,68209
2021-06-23 09:55:44,2723.9,68209
2021-06-23 09:55:45,2723.9,68209
2021-06-23 09:55:46,2723.7,68212
2021-06-23 09:55:47,2723.7,68212
2021-06-23 09:55:48,2724.9,68365
2021-06-23 09:55:49,2724.9,68365
2021-06-23 09:55:50,2724.95,68368
2021-06-23 09:55:51,2724.95,68368
2021-06-23 09:55:52,2724.95,68368
2021-06-23 09:55:53,2724.95,68368
2021-06-23 09:55:54,2724.95,68368
2021-06-23 09:55:55,2724.95,68368
2021-06-23 09:55:56,2724.95,68368
2021-06-23 09:55:57,2724.95,68368
2021-06-23 09:55:58,2725.0,68398
2021-06-23 09:55:59,2724.95,68402
2021-06-23 09:56:00,2724.95,68402
2021-06-23 09:56:01,2724.8,68422
2021-06-23 09:56:02,2724.8,68422
2021-06-23 09:56:03,2724.8,68424
2021-06-23 09:56:04,2723.55,68432
2021-06-23 09:56:05,2723.55,68432
2021-06-23 09:56:06,2724.75,68452
2021-06-23 09:56:07,2724.75,68452
2021-06-23 09:56:09,2724.75,68452
2021-06-23 09:56:10,2724.75,68452
2021-06-23 09:56:11,2724.9,68456
2021-06-23 09:56:12,2725.0,68606
2021-06-23 09:56:13,2725.0,68606
2021-06-23 09:56:14,2725.0,68606
2021-06-23 09:56:16,2725.0,68606
2021-06-23 09:56:17,2725.0,68606
2021-06-23 09:56:17,2725.0,68606
2021-06-23 09:56:18,2723.5,68664
2021-06-23 09:56:20,2724.3,68670
2021-06-23 09:56:21,2724.3,68670
2021-06-23 09:56:22,2724.3,68670
2021-06-23 09:56:23,2724.3,68670
2021-06-23 09:56:24,2724.3,68670
2021-06-23 09:56:25,2724.3,68670
2021-06-23 09:56:27,2724.3,68670
2021-06-23 09:56:28,2724.3,68670
2021-06-23 09:56:29,2724.3,68670
2021-06-23 09:56:30,2724.3,68670
2021-06-23 09:56:31,2724.3,68670
2021-06-23 09:56:32,2724.3,68670
2021-06-23 09:56:33,2723.5,68715
2021-06-23 09:56:34,2723.5,68719
2021-06-23 09:56:35,2723.5,68727
2021-06-23 09:56:36,2723.5,68739
2021-06-23 09:56:37,2723.5,68749
2021-06-23 09:56:38,2723.5,68753
2021-06-23 09:56:39,2723.5,68753
2021-06-23 09:56:40,2723.0,68804
2021-06-23 09:56:41,2723.0,68804
2021-06-23 09:56:42,2723.0,68804
2021-06-23 09:56:43,2723.0,68804
2021-06-23 09:56:45,2723.0,68804
2021-06-23 09:56:47,2723.0,68804
2021-06-23 09:56:47,2723.25,68805
2021-06-23 09:56:49,2723.25,68808
2021-06-23 09:56:49,2723.25,68808
2021-06-23 09:56:51,2723.5,68816
2021-06-23 09:56:52,2723.5,68818
2021-06-23 09:56:53,2723.0,68825
2021-06-23 09:56:54,2723.0,68834
2021-06-23 09:56:55,2723.0,68834
2021-06-23 09:56:56,2724.35,68884
2021-06-23 09:56:57,2724.35,68884
2021-06-23 09:56:58,2724.35,68884
2021-06-23 09:56:59,2723.0,69198
2021-06-23 09:57:00,2724.05,69203
2021-06-23 09:57:01,2724.05,69203
2021-06-23 09:57:02,2723.05,69204
2021-06-23 09:57:03,2724.6,69209
2021-06-23 09:57:04,2724.6,69211
2021-06-23 09:57:05,2723.05,69215
2021-06-23 09:57:06,2723.05,69230
2021-06-23 09:57:07,2724.25,69231
2021-06-23 09:57:08,2724.3,69257
2021-06-23 09:57:09,2724.35,69261
2021-06-23 09:57:10,2722.7,69311
2021-06-23 09:57:11,2722.7,69311
2021-06-23 09:57:12,2722.7,69311
2021-06-23 09:57:13,2722.7,69311
2021-06-23 09:57:13,2722.7,69311
2021-06-23 09:57:14,2722.7,69311
2021-06-23 09:57:15,2722.7,69311
2021-06-23 09:57:16,2723.0,69341
2021-06-23 09:57:17,2723.0,69341
2021-06-23 09:57:18,2723.0,69341
2021-06-23 09:57:20,2723.0,69341
2021-06-23 09:57:20,2723.0,69341
2021-06-23 09:57:22,2723.0,69341
2021-06-23 09:57:23,2723.0,69341
2021-06-23 09:57:24,2723.0,69341
2021-06-23 09:57:25,2723.0,69341
2021-06-23 09:57:26,2723.0,69341
2021-06-23 09:57:27,2723.0,69361
2021-06-23 09:57:28,2723.0,69361
2021-06-23 09:57:29,2723.0,69361
2021-06-23 09:57:30,2723.0,69361
2021-06-23 09:57:31,2724.05,69362
2021-06-23 09:57:32,2724.05,69362
2021-06-23 09:57:33,2724.05,69362
2021-06-23 09:57:34,2724.05,69362
2021-06-23 09:57:35,2724.05,69362
2021-06-23 09:57:36,2724.05,69362
2021-06-23 09:57:37,2724.05,69362
2021-06-23 09:57:38,2724.0,69372
2021-06-23 09:57:39,2724.0,69372
2021-06-23 09:57:40,2723.0,69377
2021-06-23 09:57:41,2723.0,69392
2021-06-23 09:57:42,2723.0,69392
2021-06-23 09:57:43,2723.0,69392
2021-06-23 09:57:44,2723.9,69393
2021-06-23 09:57:45,2723.9,69393
2021-06-23 09:57:46,2723.9,69393
2021-06-23 09:57:47,2723.9,69393
2021-06-23 09:57:48,2723.9,69393
2021-06-23 09:57:49,2723.9,69393
2021-06-23 09:57:50,2723.9,69393
2021-06-23 09:57:51,2723.9,69393
2021-06-23 09:57:52,2722.65,69394
2021-06-23 09:57:53,2722.65,69403
2021-06-23 09:57:54,2722.65,69403
2021-06-23 09:57:55,2722.65,69428
2021-06-23 09:57:56,2722.65,69428
2021-06-23 09:57:57,2722.65,69428
2021-06-23 09:57:58,2722.65,69428
2021-06-23 09:57:59,2722.65,69428
2021-06-23 09:58:00,2722.65,69428
2021-06-23 09:58:01,2722.6,69429
2021-06-23 09:58:02,2722.6,69429
2021-06-23 09:58:03,2722.6,69429
2021-06-23 09:58:04,2721.05,69539
2021-06-23 09:58:05,2721.2,69868
2021-06-23 09:58:06,2721.4,69983
2021-06-23 09:58:07,2721.4,69983
2021-06-23 09:58:08,2721.4,69983
2021-06-23 09:58:09,2721.4,69983
2021-06-23 09:58:10,2720.2,69993
2021-06-23 09:58:11,2720.2,69993
2021-06-23 09:58:12,2720.2,69993
2021-06-23 09:58:13,2720.0,70018
2021-06-23 09:58:14,2720.05,70027
2021-06-23 09:58:15,2721.3,70032
2021-06-23 09:58:16,2720.05,70033
2021-06-23 09:58:17,2720.05,70033
2021-06-23 09:58:18,2721.75,70133
2021-06-23 09:58:19,2721.75,70133
2021-06-23 09:58:20,2721.75,70133
2021-06-23 09:58:21,2721.75,70133
2021-06-23 09:58:22,2721.75,70133
2021-06-23 09:58:23,2722.1,70156
2021-06-23 09:58:24,2722.1,70156
2021-06-23 09:58:25,2722.1,70156
2021-06-23 09:58:27,2721.35,70203
2021-06-23 09:58:28,2721.35,70203
2021-06-23 09:58:29,2721.75,70208
2021-06-23 09:58:30,2721.35,70228
2021-06-23 09:58:31,2721.35,70228
2021-06-23 09:58:32,2721.35,70228
2021-06-23 09:58:33,2721.35,70228
2021-06-23 09:58:34,2721.35,70228
2021-06-23 09:58:35,2721.35,70228
2021-06-23 09:58:36,2721.35,70294
2021-06-23 09:58:37,2721.35,70294
2021-06-23 09:58:38,2721.35,70294
2021-06-23 09:58:39,2721.0,70309
2021-06-23 09:58:40,2721.0,70309
2021-06-23 09:58:41,2721.0,70315
2021-06-23 09:58:43,2721.0,70315
2021-06-23 09:58:45,2721.0,70315
2021-06-23 09:58:46,2721.0,70315
2021-06-23 09:58:47,2721.0,70315
2021-06-23 09:58:48,2720.0,70355
2021-06-23 09:58:49,2720.0,70355
2021-06-23 09:58:50,2720.0,70355
2021-06-23 09:58:51,2720.0,70355
2021-06-23 09:58:52,2719.5,70502
2021-06-23 09:58:53,2718.65,70513
2021-06-23 09:58:54,2718.65,70513
2021-06-23 09:58:56,2718.7,70518
2021-06-23 09:58:55,2718.7,70518
2021-06-23 09:58:57,2718.0,70544
2021-06-23 09:58:58,2718.0,70544
2021-06-23 09:58:59,2718.0,70544
2021-06-23 09:59:00,2718.45,70597
2021-06-23 09:59:01,2718.0,70657
2021-06-23 09:59:02,2718.0,70657
2021-06-23 09:59:03,2718.0,70657
2021-06-23 09:59:04,2718.15,70667
2021-06-23 09:59:05,2718.4,70732
2021-06-23 09:59:06,2718.4,70732
2021-06-23 09:59:07,2718.4,70732
2021-06-23 09:59:08,2718.4,70732
2021-06-23 09:59:09,2718.4,70732
2021-06-23 09:59:10,2718.4,70732
2021-06-23 09:59:11,2718.4,70732
2021-06-23 09:59:12,2718.05,70735
2021-06-23 09:59:13,2719.35,70797
2021-06-23 09:59:14,2717.7,70805
2021-06-23 09:59:15,2717.7,70805
2021-06-23 09:59:16,2717.7,70805
2021-06-23 09:59:17,2717.7,70805
2021-06-23 09:59:18,2717.7,70805
2021-06-23 09:59:19,2718.25,71006
2021-06-23 09:59:20,2718.25,71006
2021-06-23 09:59:21,2718.25,71006
2021-06-23 09:59:22,2718.25,71006
2021-06-23 09:59:23,2718.25,71006
2021-06-23 09:59:24,2719.7,71072
2021-06-23 09:59:25,2719.7,71072
2021-06-23 09:59:26,2719.7,71078
2021-06-23 09:59:27,2719.7,71078
2021-06-23 09:59:28,2718.65,71113
2021-06-23 09:59:29,2718.65,71113
2021-06-23 09:59:31,2718.65,71113
2021-06-23 09:59:32,2718.65,71113
2021-06-23 09:59:32,2718.65,71113
2021-06-23 09:59:33,2718.55,71150
2021-06-23 09:59:34,2719.7,71170
2021-06-23 09:59:35,2720.0,71271
2021-06-23 09:59:36,2720.0,71287
2021-06-23 09:59:37,2720.0,71290
2021-06-23 09:59:38,2720.0,71290
2021-06-23 09:59:40,2720.0,71290
2021-06-23 09:59:40,2720.0,71290
2021-06-23 09:59:41,2720.0,71290
2021-06-23 09:59:42,2720.0,71290
2021-06-23 09:59:43,2720.0,71290
2021-06-23 09:59:45,2720.0,71292
2021-06-23 09:59:45,2720.0,71292
2021-06-23 09:59:46,2720.0,71292
2021-06-23 09:59:47,2720.0,71292
2021-06-23 09:59:48,2719.7,71367
2021-06-23 09:59:49,2719.7,71367
2021-06-23 09:59:51,2719.7,71367
2021-06-23 09:59:53,2719.7,71367
2021-06-23 09:59:54,2719.7,71367
2021-06-23 09:59:54,2719.7,71367
2021-06-23 09:59:56,2719.7,71398
2021-06-23 09:59:57,2719.7,71398
2021-06-23 09:59:57,2719.7,71398
2021-06-23 09:59:59,2719.7,71398
2021-06-23 10:00:00,2719.75,71402
2021-06-23 10:00:01,2719.75,71402
2021-06-23 10:00:02,2719.75,71402
2021-06-23 10:00:04,2719.75,71402
2021-06-23 10:00:03,2719.75,71402
2021-06-23 10:00:05,2719.8,71422
2021-06-23 10:00:06,2719.8,71422
2021-06-23 10:00:07,2719.8,71422
2021-06-23 10:00:08,2719.8,71422
2021-06-23 10:00:09,2719.8,71422
2021-06-23 10:00:10,2719.8,71432
2021-06-23 10:00:11,2719.8,71432
2021-06-23 10:00:12,2719.8,71432
2021-06-23 10:00:13,2719.8,71432
2021-06-23 10:00:14,2719.8,71432
2021-06-23 10:00:15,2719.8,71562
2021-06-23 10:00:16,2721.0,71615
2021-06-23 10:00:17,2721.0,71615
2021-06-23 10:00:18,2721.0,71615
2021-06-23 10:00:19,2721.0,71615
2021-06-23 10:00:20,2720.35,71750
2021-06-23 10:00:21,2720.35,71750
2021-06-23 10:00:22,2721.0,71810
2021-06-23 10:00:23,2721.0,71815
2021-06-23 10:00:24,2721.0,71815
2021-06-23 10:00:25,2721.0,71815
2021-06-23 10:00:26,2721.0,71815
2021-06-23 10:00:27,2721.0,71815
2021-06-23 10:00:28,2721.0,71815
2021-06-23 10:00:29,2722.65,71985
2021-06-23 10:00:30,2722.65,71985
2021-06-23 10:00:31,2722.65,71985
2021-06-23 10:00:32,2722.5,71986
2021-06-23 10:00:33,2722.5,71986
2021-06-23 10:00:35,2722.5,71986
2021-06-23 10:00:36,2720.95,72036
2021-06-23 10:00:37,2720.95,72036
2021-06-23 10:00:38,2723.35,72136
2021-06-23 10:00:39,2723.05,72146
2021-06-23 10:00:40,2723.05,72146
2021-06-23 10:00:41,2723.05,72146
2021-06-23 10:00:43,2723.05,72146
2021-06-23 10:00:43,2723.05,72146
2021-06-23 10:00:44,2723.05,72146
2021-06-23 10:00:45,2723.05,72146
2021-06-23 10:00:46,2723.05,72146
2021-06-23 10:00:47,2722.65,72147
2021-06-23 10:00:49,2721.3,72148
2021-06-23 10:00:49,2721.3,72148
2021-06-23 10:00:51,2722.55,72173
2021-06-23 10:00:51,2722.65,72223
2021-06-23 10:00:52,2722.65,72223
2021-06-23 10:00:53,2722.65,72223
2021-06-23 10:00:54,2721.5,72229
2021-06-23 10:00:55,2721.5,72229
2021-06-23 10:00:56,2721.5,72229
2021-06-23 10:00:57,2721.5,72229
2021-06-23 10:00:59,2721.8,72260
2021-06-23 10:01:00,2721.8,72260
2021-06-23 10:01:01,2721.8,72260
2021-06-23 10:01:02,2721.5,72331
2021-06-23 10:01:03,2720.45,72367
2021-06-23 10:01:04,2720.45,72367
2021-06-23 10:01:05,2720.45,72367
2021-06-23 10:01:06,2720.45,72367
2021-06-23 10:01:07,2721.55,72390
2021-06-23 10:01:08,2721.55,72390
2021-06-23 10:01:09,2721.55,72390
2021-06-23 10:01:10,2722.75,72415
2021-06-23 10:01:11,2723.2,72425
2021-06-23 10:01:12,2721.6,72426
2021-06-23 10:01:13,2721.6,72426
2021-06-23 10:01:14,2722.65,72431
2021-06-23 10:01:16,2721.15,72441
2021-06-23 10:01:16,2721.2,72541
2021-06-23 10:01:17,2721.2,72541
2021-06-23 10:01:20,2722.5,72542
2021-06-23 10:01:21,2721.15,72543
2021-06-23 10:01:22,2721.15,72543
2021-06-23 10:01:24,2722.5,72559
2021-06-23 10:01:24,2722.5,72559
2021-06-23 10:01:25,2722.5,72559
2021-06-23 10:01:26,2722.5,72559
2021-06-23 10:01:27,2721.7,72569
2021-06-23 10:01:29,2721.7,72569
2021-06-23 10:01:30,2721.7,72620
2021-06-23 10:01:31,2721.7,72629
2021-06-23 10:01:31,2721.7,72629
2021-06-23 10:01:32,2721.7,72629
2021-06-23 10:01:33,2721.7,72629
2021-06-23 10:01:35,2721.7,72629
2021-06-23 10:01:34,2721.7,72629
2021-06-23 10:01:36,2721.7,72629
2021-06-23 10:01:37,2721.7,72629
2021-06-23 10:01:38,2721.7,72629
2021-06-23 10:01:39,2721.7,72629
2021-06-23 10:01:40,2721.7,72629
2021-06-23 10:01:42,2721.7,72629
2021-06-23 10:01:43,2721.7,72629
2021-06-23 10:01:44,2721.7,72629
2021-06-23 10:01:46,2721.7,72629
2021-06-23 10:01:47,2721.7,72629
2021-06-23 10:01:48,2721.7,72629
2021-06-23 10:01:49,2721.7,72629
2021-06-23 10:01:50,2721.7,72664
2021-06-23 10:01:50,2721.35,72689
2021-06-23 10:01:51,2721.35,72689
2021-06-23 10:01:52,2721.35,72689
2021-06-23 10:01:54,2721.35,72689
2021-06-23 10:01:56,2721.35,72689
2021-06-23 10:01:57,2721.35,72689
2021-06-23 10:01:57,2721.35,72689
2021-06-23 10:01:58,2721.35,72689
2021-06-23 10:01:59,2720.35,72830
2021-06-23 10:02:00,2721.7,72871
2021-06-23 10:02:01,2721.7,72871
2021-06-23 10:02:02,2720.8,72922
2021-06-23 10:02:03,2720.8,72922
2021-06-23 10:02:05,2720.8,72922
2021-06-23 10:02:06,2720.8,72922
2021-06-23 10:02:07,2720.8,72922
2021-06-23 10:02:09,2720.8,72922
2021-06-23 10:02:10,2720.8,72922
2021-06-23 10:02:11,2720.8,72922
2021-06-23 10:02:13,2720.8,72922
2021-06-23 10:02:13,2721.65,72949
2021-06-23 10:02:15,2721.65,72949
2021-06-23 10:02:16,2721.65,72949
2021-06-23 10:02:17,2721.65,72949
2021-06-23 10:02:18,2722.0,72969
2021-06-23 10:02:19,2722.0,72969
2021-06-23 10:02:20,2722.0,72969
2021-06-23 10:02:21,2722.0,72969
2021-06-23 10:02:22,2721.65,72970
2021-06-23 10:02:23,2721.65,72970
2021-06-23 10:02:24,2722.0,73001
2021-06-23 10:02:24,2722.0,73001
2021-06-23 10:02:25,2722.0,73001
2021-06-23 10:02:26,2722.0,73001
2021-06-23 10:02:27,2722.0,73001
2021-06-23 10:02:28,2722.0,73001
2021-06-23 10:02:29,2722.0,73001
2021-06-23 10:02:30,2722.1,73003
2021-06-23 10:02:31,2722.1,73003
2021-06-23 10:02:32,2722.1,73003
2021-06-23 10:02:33,2722.7,73004
2021-06-23 10:02:34,2722.7,73004
2021-06-23 10:02:36,2722.7,73004
2021-06-23 10:02:38,2722.7,73004
2021-06-23 10:02:39,2722.1,73014
2021-06-23 10:02:40,2722.1,73014
2021-06-23 10:02:41,2722.0,73019
2021-06-23 10:02:42,2722.0,73019
2021-06-23 10:02:43,2722.3,73119
2021-06-23 10:02:44,2722.3,73119
2021-06-23 10:02:45,2722.3,73119
2021-06-23 10:02:46,2722.3,73119
2021-06-23 10:02:49,2722.3,73119
2021-06-23 10:02:49,2720.8,73144
2021-06-23 10:02:50,2720.8,73144
2021-06-23 10:02:51,2720.8,73144
2021-06-23 10:02:53,2720.8,73144
2021-06-23 10:02:54,2720.8,73144
2021-06-23 10:02:57,2720.8,73144
2021-06-23 10:02:57,2720.8,73144
2021-06-23 10:02:59,2720.8,73144
2021-06-23 10:02:59,2720.8,73144
2021-06-23 10:03:00,2720.8,73144
2021-06-23 10:03:01,2720.8,73144
2021-06-23 10:03:02,2722.3,73289
2021-06-23 10:03:03,2722.3,73289
2021-06-23 10:03:04,2722.3,73289
2021-06-23 10:03:06,2722.3,73289
2021-06-23 10:03:06,2722.3,73289
2021-06-23 10:03:07,2722.3,73289
2021-06-23 10:03:08,2722.3,73289
2021-06-23 10:03:09,2722.3,73289
2021-06-23 10:03:11,2722.3,73289
2021-06-23 10:03:12,2722.3,73289
2021-06-23 10:03:13,2722.3,73289
2021-06-23 10:03:14,2722.3,73289
2021-06-23 10:03:15,2722.3,73289
2021-06-23 10:03:16,2722.3,73289
2021-06-23 10:03:17,2722.3,73289
2021-06-23 10:03:18,2721.95,73339
2021-06-23 10:03:19,2721.95,73339
2021-06-23 10:03:20,2721.95,73339
2021-06-23 10:03:21,2721.95,73339
2021-06-23 10:03:22,2721.95,73339
2021-06-23 10:03:23,2721.95,73339
2021-06-23 10:03:24,2720.8,73359
2021-06-23 10:03:25,2720.8,73359
2021-06-23 10:03:27,2720.8,73359
2021-06-23 10:03:27,2720.8,73359
2021-06-23 10:03:28,2720.8,73359
2021-06-23 10:03:29,2721.7,73361
2021-06-23 10:03:30,2721.7,73361
2021-06-23 10:03:31,2721.7,73361
2021-06-23 10:03:32,2721.7,73361
2021-06-23 10:03:33,2721.7,73361
2021-06-23 10:03:35,2721.7,73361
2021-06-23 10:03:36,2721.7,73361
2021-06-23 10:03:37,2721.7,73361
2021-06-23 10:03:38,2721.7,73361
2021-06-23 10:03:39,2721.7,73361
2021-06-23 10:03:40,2721.7,73361
2021-06-23 10:03:41,2721.7,73361
2021-06-23 10:03:42,2720.6,73391
2021-06-23 10:03:43,2720.6,73391
2021-06-23 10:03:44,2720.6,73391
2021-06-23 10:03:45,2720.6,73391
2021-06-23 10:03:47,2720.6,73391
2021-06-23 10:03:48,2720.6,73391
2021-06-23 10:03:49,2720.5,73426
2021-06-23 10:03:50,2720.5,73426
2021-06-23 10:03:51,2720.5,73426
2021-06-23 10:03:51,2720.1,73428
2021-06-23 10:03:53,2720.1,73428
2021-06-23 10:03:55,2720.1,73428
2021-06-23 10:03:56,2720.1,73428
2021-06-23 10:03:57,2720.1,73450
2021-06-23 10:03:58,2720.1,73450
2021-06-23 10:03:59,2720.1,73450
2021-06-23 10:04:00,2720.1,73454
2021-06-23 10:04:01,2720.1,73454
2021-06-23 10:04:02,2720.1,73454
2021-06-23 10:04:03,2720.1,73454
2021-06-23 10:04:05,2720.1,73459
2021-06-23 10:04:06,2720.1,73459
2021-06-23 10:04:09,2720.1,73459
2021-06-23 10:04:10,2720.1,73459
2021-06-23 10:04:11,2720.1,73459
2021-06-23 10:04:12,2720.1,73465
2021-06-23 10:04:13,2720.1,73472
2021-06-23 10:04:13,2720.1,73472
2021-06-23 10:04:14,2720.1,73472
2021-06-23 10:04:16,2720.1,73476
2021-06-23 10:04:17,2721.95,73876
2021-06-23 10:04:18,2720.1,73891
2021-06-23 10:04:19,2720.1,73891
2021-06-23 10:04:19,2720.1,73891
2021-06-23 10:04:20,2720.1,73891
2021-06-23 10:04:21,2720.1,73891
2021-06-23 10:04:22,2720.1,73891
2021-06-23 10:04:23,2720.1,73891
2021-06-23 10:04:24,2720.1,73891
2021-06-23 10:04:25,2720.1,73891
2021-06-23 10:04:26,2720.1,73891
2021-06-23 10:04:28,2721.45,73896
2021-06-23 10:04:29,2721.7,73934
2021-06-23 10:04:30,2721.7,73934
2021-06-23 10:04:30,2721.7,73934
2021-06-23 10:04:31,2721.7,73934
2021-06-23 10:04:32,2721.7,73934
2021-06-23 10:04:33,2721.7,73934
2021-06-23 10:04:34,2721.7,73934
2021-06-23 10:04:36,2721.15,73964
2021-06-23 10:04:36,2721.1,73966
2021-06-23 10:04:38,2722.0,74304
2021-06-23 10:04:39,2722.0,74304
2021-06-23 10:04:40,2723.9,74679
2021-06-23 10:04:41,2723.9,74679
2021-06-23 10:04:42,2722.65,74724
2021-06-23 10:04:43,2722.65,74724
2021-06-23 10:04:44,2722.65,74724
2021-06-23 10:04:45,2722.65,74724
2021-06-23 10:04:46,2722.65,74724
2021-06-23 10:04:47,2722.65,74724
2021-06-23 10:04:48,2722.65,74724
2021-06-23 10:04:49,2722.65,74724
2021-06-23 10:04:50,2722.65,74724
2021-06-23 10:04:51,2722.65,74724
2021-06-23 10:04:52,2722.65,74724
2021-06-23 10:04:52,2722.65,74724
2021-06-23 10:04:53,2722.65,74724
2021-06-23 10:04:54,2723.55,74826
2021-06-23 10:04:55,2723.55,74826
2021-06-23 10:04:56,2723.55,74826
2021-06-23 10:04:57,2723.55,74826
2021-06-23 10:04:58,2723.55,74826
2021-06-23 10:04:59,2722.65,74830
2021-06-23 10:05:01,2722.65,74830
2021-06-23 10:05:02,2722.65,74830
2021-06-23 10:05:03,2722.65,74830
2021-06-23 10:05:04,2722.65,74830
2021-06-23 10:05:05,2722.65,74830
2021-06-23 10:05:06,2722.65,74830
2021-06-23 10:05:07,2722.65,74838
2021-06-23 10:05:07,2722.65,74838
2021-06-23 10:05:10,2722.65,74838
2021-06-23 10:05:11,2722.15,74845
2021-06-23 10:05:12,2722.15,74845
2021-06-23 10:05:13,2722.15,74845
2021-06-23 10:05:15,2722.15,74845
2021-06-23 10:05:16,2722.15,74845
2021-06-23 10:05:17,2722.15,74845
2021-06-23 10:05:17,2722.15,74845
2021-06-23 10:05:18,2722.15,74845
2021-06-23 10:05:19,2722.15,74845
2021-06-23 10:05:20,2722.15,74845
2021-06-23 10:05:22,2722.25,74860
2021-06-23 10:05:23,2722.25,74860
2021-06-23 10:05:24,2722.25,74860
2021-06-23 10:05:25,2722.25,74860
2021-06-23 10:05:26,2722.25,74860
2021-06-23 10:05:27,2722.25,74860
2021-06-23 10:05:28,2722.25,74860
2021-06-23 10:05:29,2723.4,74920
2021-06-23 10:05:30,2723.4,74920
2021-06-23 10:05:31,2723.4,74920
2021-06-23 10:05:32,2723.4,74920
2021-06-23 10:05:33,2723.4,74920
2021-06-23 10:05:34,2722.25,74946
2021-06-23 10:05:35,2723.3,74996
2021-06-23 10:05:36,2723.3,74996
2021-06-23 10:05:36,2723.3,74996
2021-06-23 10:05:37,2723.3,74996
2021-06-23 10:05:39,2723.3,74996
2021-06-23 10:05:40,2723.3,74996
2021-06-23 10:05:41,2723.3,74996
2021-06-23 10:05:43,2723.3,74996
2021-06-23 10:05:44,2723.3,74996
2021-06-23 10:05:46,2723.4,75016
2021-06-23 10:05:46,2723.4,75016
2021-06-23 10:05:48,2723.4,75016
2021-06-23 10:05:49,2723.4,75016
2021-06-23 10:05:50,2723.4,75057
2021-06-23 10:05:50,2723.4,75016
2021-06-23 10:05:51,2723.4,75057
2021-06-23 10:05:52,2724.0,75108
2021-06-23 10:05:54,2724.1,75171
2021-06-23 10:05:55,2724.1,75171
2021-06-23 10:05:55,2724.1,75171
2021-06-23 10:05:56,2724.1,75171
2021-06-23 10:05:57,2725.0,75201
2021-06-23 10:05:58,2725.0,75201
2021-06-23 10:05:59,2725.0,75201
2021-06-23 10:06:00,2725.0,75201
2021-06-23 10:06:01,2725.0,75201
2021-06-23 10:06:02,2725.0,75201
2021-06-23 10:06:03,2725.0,75201
2021-06-23 10:06:04,2725.0,75201
2021-06-23 10:06:05,2725.0,75201
2021-06-23 10:06:06,2725.0,75201
2021-06-23 10:06:08,2725.0,75201
2021-06-23 10:06:09,2725.0,75201
2021-06-23 10:06:10,2725.0,75201
2021-06-23 10:06:11,2725.0,75201
2021-06-23 10:06:12,2725.0,75201
2021-06-23 10:06:13,2725.0,75203
2021-06-23 10:06:14,2725.0,75203
2021-06-23 10:06:15,2725.0,75203
2021-06-23 10:06:15,2725.0,75203
2021-06-23 10:06:16,2725.0,75203
2021-06-23 10:06:18,2725.0,75203
2021-06-23 10:06:19,2723.7,75207
2021-06-23 10:06:21,2723.7,75207
2021-06-23 10:06:22,2723.7,75207
2021-06-23 10:06:23,2723.7,75207
2021-06-23 10:06:24,2723.7,75207
2021-06-23 10:06:26,2723.7,75207
2021-06-23 10:06:27,2723.7,75207
2021-06-23 10:06:28,2724.8,75208
2021-06-23 10:06:29,2724.8,75208
2021-06-23 10:06:30,2724.8,75208
2021-06-23 10:06:31,2724.8,75258
2021-06-23 10:06:32,2724.8,75258
2021-06-23 10:06:33,2724.8,75258
2021-06-23 10:06:34,2723.7,75259
2021-06-23 10:06:35,2723.7,75259
2021-06-23 10:06:36,2723.7,75259
2021-06-23 10:06:38,2723.7,75259
2021-06-23 10:06:39,2723.7,75259
2021-06-23 10:06:40,2724.85,75309
2021-06-23 10:06:41,2725.6,75431
2021-06-23 10:06:42,2725.6,75431
2021-06-23 10:06:42,2725.6,75431
2021-06-23 10:06:44,2725.6,75431
2021-06-23 10:06:44,2725.6,75431
2021-06-23 10:06:45,2725.6,75431
2021-06-23 10:06:46,2725.6,75431
2021-06-23 10:06:47,2725.6,75431
2021-06-23 10:06:49,2725.6,75431
2021-06-23 10:06:50,2725.6,75431
2021-06-23 10:06:50,2725.6,75431
2021-06-23 10:06:51,2725.6,75431
2021-06-23 10:06:53,2725.6,75431
2021-06-23 10:06:54,2725.6,75431
2021-06-23 10:06:56,2724.1,75441
2021-06-23 10:06:57,2724.1,75441
2021-06-23 10:06:58,2724.1,75441
2021-06-23 10:06:59,2724.1,75441
2021-06-23 10:07:00,2724.1,75441
2021-06-23 10:07:00,2724.1,75441
2021-06-23 10:07:01,2725.5,75476
2021-06-23 10:07:03,2725.5,75476
2021-06-23 10:07:05,2725.5,75476
2021-06-23 10:07:07,2725.5,75476
2021-06-23 10:07:08,2725.3,75488
2021-06-23 10:07:10,2725.3,75488
2021-06-23 10:07:11,2725.3,75488
2021-06-23 10:07:11,2725.3,75488
2021-06-23 10:07:12,2725.3,75488
2021-06-23 10:07:13,2725.3,75488
2021-06-23 10:07:14,2725.3,75488
2021-06-23 10:07:15,2725.3,75488
2021-06-23 10:07:16,2725.3,75488
2021-06-23 10:07:18,2725.5,75497
2021-06-23 10:07:19,2725.5,75498
2021-06-23 10:07:20,2725.5,75498
2021-06-23 10:07:21,2725.5,75498
2021-06-23 10:07:22,2725.5,75498
2021-06-23 10:07:23,2725.5,75498
2021-06-23 10:07:24,2725.5,75498
2021-06-23 10:07:24,2725.5,75498
2021-06-23 10:07:25,2725.6,75500
2021-06-23 10:07:26,2725.6,75500
2021-06-23 10:07:28,2725.6,75500
2021-06-23 10:07:29,2725.6,75500
2021-06-23 10:07:30,2725.6,75500
2021-06-23 10:07:31,2725.6,75500
2021-06-23 10:07:33,2725.6,75500
2021-06-23 10:07:34,2725.6,75500
2021-06-23 10:07:35,2725.6,75500
2021-06-23 10:07:36,2725.6,75500
2021-06-23 10:07:37,2725.6,75500
2021-06-23 10:07:38,2725.6,75500
2021-06-23 10:07:38,2725.6,75500
2021-06-23 10:07:41,2725.5,75505
2021-06-23 10:07:42,2725.5,75505
2021-06-23 10:07:43,2725.5,75505
2021-06-23 10:07:44,2725.5,75505
2021-06-23 10:07:45,2725.0,75506
2021-06-23 10:07:46,2725.0,75506
2021-06-23 10:07:47,2725.0,75506
2021-06-23 10:07:48,2725.0,75527
2021-06-23 10:07:49,2725.0,75527
2021-06-23 10:07:50,2723.7,75635
2021-06-23 10:07:50,2723.7,75635
2021-06-23 10:07:51,2723.7,75635
2021-06-23 10:07:53,2725.3,75655
2021-06-23 10:07:54,2725.3,75655
2021-06-23 10:07:55,2725.3,75655
2021-06-23 10:07:56,2725.0,75712
2021-06-23 10:07:57,2725.0,75712
2021-06-23 10:07:58,2725.0,75712
2021-06-23 10:07:59,2725.0,75712
2021-06-23 10:07:59,2725.0,75712
2021-06-23 10:08:00,2725.0,75713
2021-06-23 10:08:01,2725.0,75713
2021-06-23 10:08:03,2725.0,75741
2021-06-23 10:08:04,2725.0,75741
2021-06-23 10:08:05,2724.2,76001
2021-06-23 10:08:06,2724.2,76001
2021-06-23 10:08:07,2724.2,76001
2021-06-23 10:08:08,2724.1,76011
2021-06-23 10:08:09,2724.1,76011
2021-06-23 10:08:10,2724.1,76011
2021-06-23 10:08:11,2724.1,76011
2021-06-23 10:08:12,2724.1,76011
2021-06-23 10:08:13,2724.1,76011
2021-06-23 10:08:14,2724.1,76011
2021-06-23 10:08:15,2725.0,76061
2021-06-23 10:08:16,2725.0,76061
2021-06-23 10:08:17,2725.0,76061
2021-06-23 10:08:18,2725.0,76061
2021-06-23 10:08:19,2725.0,76061
2021-06-23 10:08:20,2725.0,76061
2021-06-23 10:08:21,2725.0,76061
2021-06-23 10:08:22,2725.0,76061
2021-06-23 10:08:23,2725.0,76061
2021-06-23 10:08:25,2725.0,76061
2021-06-23 10:08:26,2725.0,76061
2021-06-23 10:08:27,2725.0,76061
2021-06-23 10:08:28,2725.0,76061
2021-06-23 10:08:29,2725.0,76061
2021-06-23 10:08:30,2725.0,76061
2021-06-23 10:08:31,2725.0,76061
2021-06-23 10:08:32,2725.0,76061
2021-06-23 10:08:33,2724.6,76423
2021-06-23 10:08:34,2724.6,76423
2021-06-23 10:08:35,2725.0,76433
2021-06-23 10:08:36,2725.0,76433
2021-06-23 10:08:37,2724.75,76468
2021-06-23 10:08:38,2724.75,76468
2021-06-23 10:08:39,2724.75,76468
2021-06-23 10:08:40,2724.75,76468
2021-06-23 10:08:42,2724.75,76468
2021-06-23 10:08:43,2725.7,76506
2021-06-23 10:08:44,2725.7,76506
2021-06-23 10:08:45,2725.7,76506
2021-06-23 10:08:46,2725.7,76506
2021-06-23 10:08:47,2725.1,77006
2021-06-23 10:08:48,2725.1,77006
2021-06-23 10:08:49,2723.65,77021
2021-06-23 10:08:50,2723.65,77021
2021-06-23 10:08:51,2723.65,77021
2021-06-23 10:08:52,2723.65,77021
2021-06-23 10:08:53,2723.65,77021
2021-06-23 10:08:54,2723.65,77023
2021-06-23 10:08:55,2723.65,77023
2021-06-23 10:08:56,2723.65,77023
2021-06-23 10:08:57,2723.65,77023
2021-06-23 10:08:58,2723.65,77023
2021-06-23 10:08:59,2723.65,77023
2021-06-23 10:09:00,2724.05,77033
2021-06-23 10:09:01,2724.05,77033
2021-06-23 10:09:02,2724.1,77034
2021-06-23 10:09:03,2724.1,77034
2021-06-23 10:09:04,2724.1,77034
2021-06-23 10:09:05,2724.45,77098
2021-06-23 10:09:06,2724.45,77098
2021-06-23 10:09:07,2724.45,77098
2021-06-23 10:09:08,2724.45,77098
2021-06-23 10:09:09,2724.45,77098
2021-06-23 10:09:10,2725.0,77160
2021-06-23 10:09:11,2725.0,77160
2021-06-23 10:09:12,2725.0,77160
2021-06-23 10:09:13,2725.0,77160
2021-06-23 10:09:14,2725.0,77160
2021-06-23 10:09:15,2723.45,77260
2021-06-23 10:09:16,2723.45,77260
2021-06-23 10:09:17,2723.45,77260
2021-06-23 10:09:18,2723.45,77260
2021-06-23 10:09:19,2723.45,77260
2021-06-23 10:09:20,2723.45,77260
2021-06-23 10:09:21,2723.45,77260
2021-06-23 10:09:22,2723.45,77260
2021-06-23 10:09:23,2723.45,77260
2021-06-23 10:09:24,2724.6,77350
2021-06-23 10:09:25,2724.6,77355
2021-06-23 10:09:26,2724.6,77355
2021-06-23 10:09:27,2724.6,77355
2021-06-23 10:09:28,2724.6,77355
2021-06-23 10:09:29,2724.6,77355
2021-06-23 10:09:31,2724.0,77358
2021-06-23 10:09:32,2724.0,77358
2021-06-23 10:09:33,2724.0,77358
2021-06-23 10:09:35,2724.0,77358
2021-06-23 10:09:36,2724.0,77358
2021-06-23 10:09:37,2724.0,77358
2021-06-23 10:09:38,2724.0,77358
2021-06-23 10:09:39,2724.0,77358
2021-06-23 10:09:41,2724.0,77358
2021-06-23 10:09:42,2724.0,77358
2021-06-23 10:09:43,2724.0,77358
2021-06-23 10:09:44,2724.0,77422
2021-06-23 10:09:45,2724.0,77422
2021-06-23 10:09:46,2724.0,77422
2021-06-23 10:09:47,2724.0,77422
2021-06-23 10:09:48,2724.0,77422
2021-06-23 10:09:49,2724.0,77422
2021-06-23 10:09:50,2723.1,77450
2021-06-23 10:09:51,2723.1,77450
2021-06-23 10:09:52,2723.1,77450
2021-06-23 10:09:53,2725.55,77565
