timestamp,ltp,volume
2021-06-23 09:16:40,1497.0,13411
2021-06-23 09:16:41,1497.0,13411
2021-06-23 09:16:42,1498.1,13451
2021-06-23 09:16:43,1498.1,13451
2021-06-23 09:16:44,1497.05,13461
2021-06-23 09:16:46,1498.4,13471
2021-06-23 09:16:46,1498.4,13471
2021-06-23 09:16:47,1498.4,13471
2021-06-23 09:16:48,1498.4,13471
2021-06-23 09:16:49,1498.15,13488
2021-06-23 09:16:50,1498.15,13488
2021-06-23 09:16:51,1498.9,13548
2021-06-23 09:16:54,1498.9,13548
2021-06-23 09:16:54,1498.4,13643
2021-06-23 09:16:56,1499.4,13830
2021-06-23 09:16:57,1499.4,13830
2021-06-23 09:16:58,1499.4,13830
2021-06-23 09:16:59,1499.4,13830
2021-06-23 09:17:00,1499.25,14196
2021-06-23 09:17:01,1499.25,14207
2021-06-23 09:17:03,1500.0,14293
2021-06-23 09:17:04,1500.0,14293
2021-06-23 09:17:06,1501.1,15026
2021-06-23 09:17:07,1501.1,15026
2021-06-23 09:17:08,1501.1,15026
2021-06-23 09:17:09,1501.1,15026
2021-06-23 09:17:11,1502.65,15076
2021-06-23 09:17:13,1502.0,15977
2021-06-23 09:17:14,1502.0,15989
2021-06-23 09:17:15,1502.0,15989
2021-06-23 09:17:16,1502.35,16054
2021-06-23 09:17:17,1502.05,16064
2021-06-23 09:17:18,1502.05,16064
2021-06-23 09:17:19,1501.15,16139
2021-06-23 09:17:20,1500.3,16633
2021-06-23 09:17:21,1500.3,16633
2021-06-23 09:17:22,1500.85,16635
2021-06-23 09:17:25,1500.7,16780
2021-06-23 09:17:26,1501.0,16930
2021-06-23 09:17:27,1500.95,16932
2021-06-23 09:17:28,1500.95,16932
2021-06-23 09:17:29,1500.95,16932
2021-06-23 09:17:31,1500.95,16932
2021-06-23 09:17:31,1500.95,16932
2021-06-23 09:17:32,1500.95,16932
2021-06-23 09:17:34,1500.95,16941
2021-06-23 09:17:35,1499.85,17229
2021-06-23 09:17:36,1499.85,17229
2021-06-23 09:17:40,1499.1,17329
2021-06-23 09:17:41,1499.1,17329
2021-06-23 09:17:42,1499.1,17329
2021-06-23 09:17:43,1499.1,17329
2021-06-23 09:17:44,1500.0,17334
2021-06-23 09:17:45,1500.0,17354
2021-06-23 09:17:46,1499.2,17454
2021-06-23 09:17:48,1499.2,17454
2021-06-23 09:17:48,1499.2,17454
2021-06-23 09:17:49,1500.0,17726
2021-06-23 09:17:50,1499.05,17943
2021-06-23 09:17:51,1499.0,18033
2021-06-23 09:17:52,1499.0,18033
2021-06-23 09:17:53,1500.0,18043
2021-06-23 09:17:55,1500.0,18043
2021-06-23 09:17:56,1500.0,18043
2021-06-23 09:17:57,1500.0,18043
2021-06-23 09:17:58,1500.65,18073
2021-06-23 09:18:01,1500.65,18073
2021-06-23 09:18:01,1500.65,18093
2021-06-23 09:18:02,1498.6,18387
2021-06-23 09:18:03,1499.1,18417
2021-06-23 09:18:04,1499.1,18417
2021-06-23 09:18:05,1499.1,18417
2021-06-23 09:18:06,1497.35,19030
2021-06-23 09:18:07,1497.35,19030
2021-06-23 09:18:08,1497.35,19030
2021-06-23 09:18:09,1497.35,19030
2021-06-23 09:18:10,1498.6,19040
2021-06-23 09:18:12,1498.6,19090
2021-06-23 09:18:12,1498.6,19090
2021-06-23 09:18:13,1497.3,19220
2021-06-23 09:18:14,1497.3,19220
2021-06-23 09:18:15,1498.5,19330
2021-06-23 09:18:16,1498.5,19335
2021-06-23 09:18:17,1498.65,19356
2021-06-23 09:18:18,1498.65,19362
2021-06-23 09:18:19,1498.65,19392
2021-06-23 09:18:20,1500.7,19984
2021-06-23 09:18:21,1500.7,19984
2021-06-23 09:18:22,1500.7,19984
2021-06-23 09:18:23,1500.7,19989
2021-06-23 09:18:25,1500.7,20004
2021-06-23 09:18:26,1500.7,20004
2021-06-23 09:18:28,1500.7,20004
2021-06-23 09:18:28,1500.7,20004
2021-06-23 09:18:29,1500.7,20004
2021-06-23 09:18:30,1500.7,20004
2021-06-23 09:18:31,1500.7,20004
2021-06-23 09:18:32,1500.7,20004
2021-06-23 09:18:33,1500.7,20004
2021-06-23 09:18:34,1500.7,20004
2021-06-23 09:18:35,1500.7,20004
2021-06-23 09:18:37,1500.7,20004
2021-06-23 09:18:38,1500.7,20004
2021-06-23 09:18:39,1500.7,20004
2021-06-23 09:18:39,1500.7,20004
2021-06-23 09:18:40,1500.7,20004
2021-06-23 09:18:41,1499.3,20113
2021-06-23 09:18:42,1500.1,20134
2021-06-23 09:18:43,1500.1,20140
2021-06-23 09:18:45,1500.1,20140
2021-06-23 09:18:47,1500.35,20141
2021-06-23 09:18:48,1500.35,20146
2021-06-23 09:18:48,1500.35,20146
2021-06-23 09:18:49,1500.35,20146
2021-06-23 09:18:50,1500.35,20146
2021-06-23 09:18:51,1499.2,20714
2021-06-23 09:18:53,1500.55,20721
2021-06-23 09:18:52,1500.55,20721
2021-06-23 09:18:54,1500.55,20721
2021-06-23 09:18:55,1498.55,20953
2021-06-23 09:18:56,1498.55,20953
2021-06-23 09:18:57,1498.55,20953
2021-06-23 09:18:58,1498.0,20958
2021-06-23 09:18:59,1498.0,20958
2021-06-23 09:19:01,1498.6,20960
2021-06-23 09:19:02,1497.0,21640
2021-06-23 09:19:03,1497.7,21647
2021-06-23 09:19:04,1496.65,21765
2021-06-23 09:19:04,1496.65,21765
2021-06-23 09:19:05,1496.65,21765
2021-06-23 09:19:09,1496.45,22000
2021-06-23 09:19:10,1496.45,22000
2021-06-23 09:19:11,1496.45,22000
2021-06-23 09:19:12,1496.45,22000
2021-06-23 09:19:13,1497.65,22010
2021-06-23 09:19:14,1496.4,22060
2021-06-23 09:19:15,1497.65,22070
2021-06-23 09:19:16,1497.65,22070
2021-06-23 09:19:18,1497.65,22070
2021-06-23 09:19:18,1497.65,22084
2021-06-23 09:19:19,1497.65,22084
2021-06-23 09:19:21,1497.65,22084
2021-06-23 09:19:22,1497.65,22084
2021-06-23 09:19:22,1497.65,22084
2021-06-23 09:19:23,1497.65,22084
2021-06-23 09:19:24,1496.75,22574
2021-06-23 09:19:26,1497.65,22619
2021-06-23 09:19:26,1497.65,22619
2021-06-23 09:19:27,1497.65,22619
2021-06-23 09:19:28,1497.65,22629
2021-06-23 09:19:30,1497.65,22933
2021-06-23 09:19:30,1496.55,22934
2021-06-23 09:19:32,1497.8,23111
2021-06-23 09:19:33,1498.0,23112
2021-06-23 09:19:33,1498.0,23112
2021-06-23 09:19:34,1498.0,23112
2021-06-23 09:19:35,1496.7,23712
2021-06-23 09:19:37,1497.95,23717
2021-06-23 09:19:38,1497.95,23717
2021-06-23 09:19:39,1497.95,23717
2021-06-23 09:19:39,1497.95,23717
2021-06-23 09:19:40,1497.15,23737
2021-06-23 09:19:42,1498.0,23881
2021-06-23 09:19:45,1499.0,23962
2021-06-23 09:19:46,1499.7,23963
2021-06-23 09:19:48,1499.7,23963
2021-06-23 09:19:49,1499.7,23963
2021-06-23 09:19:50,1499.7,23963
2021-06-23 09:19:50,1499.7,23963
2021-06-23 09:19:51,1499.7,24163
2021-06-23 09:19:52,1499.7,24163
2021-06-23 09:19:53,1499.7,24163
2021-06-23 09:19:54,1499.7,24163
2021-06-23 09:19:55,1498.9,24173
2021-06-23 09:19:56,1498.75,24273
2021-06-23 09:19:57,1498.6,24274
2021-06-23 09:19:58,1500.0,24349
2021-06-23 09:19:59,1500.0,24349
2021-06-23 09:20:01,1500.0,24349
2021-06-23 09:20:02,1500.0,24349
2021-06-23 09:20:03,1500.0,24349
2021-06-23 09:20:03,1500.0,24349
2021-06-23 09:20:04,1499.8,24351
2021-06-23 09:20:05,1499.8,24351
2021-06-23 09:20:07,1500.65,24366
2021-06-23 09:20:08,1499.8,24516
2021-06-23 09:20:09,1500.0,24566
2021-06-23 09:20:10,1498.8,24579
2021-06-23 09:20:12,1500.15,24612
2021-06-23 09:20:12,1500.15,24612
2021-06-23 09:20:13,1499.1,24613
2021-06-23 09:20:14,1498.6,24620
2021-06-23 09:20:15,1498.6,24620
2021-06-23 09:20:16,1499.8,24723
2021-06-23 09:20:17,1499.8,24723
2021-06-23 09:20:18,1499.8,24723
2021-06-23 09:20:19,1498.75,24726
2021-06-23 09:20:20,1498.75,24726
2021-06-23 09:20:22,1499.8,24827
2021-06-23 09:20:23,1499.8,24827
2021-06-23 09:20:23,1499.8,24877
2021-06-23 09:20:24,1498.8,24880
2021-06-23 09:20:25,1498.8,24880
2021-06-23 09:20:26,1499.8,24901
2021-06-23 09:20:27,1499.8,24911
2021-06-23 09:20:28,1499.8,24911
2021-06-23 09:20:29,1500.0,25025
2021-06-23 09:20:30,1500.0,25025
2021-06-23 09:20:31,1499.85,25033
2021-06-23 09:20:33,1499.6,25065
2021-06-23 09:20:34,1499.6,25067
2021-06-23 09:20:35,1499.6,25067
2021-06-23 09:20:36,1499.6,25067
2021-06-23 09:20:37,1499.6,25077
2021-06-23 09:20:38,1499.6,25077
2021-06-23 09:20:39,1499.6,25077
2021-06-23 09:20:40,1499.6,25077
2021-06-23 09:20:41,1499.6,25078
2021-06-23 09:20:42,1499.6,25078
2021-06-23 09:20:43,1499.6,25078
2021-06-23 09:20:44,1499.6,25078
2021-06-23 09:20:45,1499.6,25078
2021-06-23 09:20:46,1499.6,25078
2021-06-23 09:20:47,1500.95,25151
2021-06-23 09:20:48,1500.95,25204
2021-06-23 09:20:49,1500.15,25205
2021-06-23 09:20:50,1500.15,25209
2021-06-23 09:20:51,1499.65,25601
2021-06-23 09:20:53,1499.75,25884
2021-06-23 09:20:55,1498.65,25938
2021-06-23 09:20:57,1498.65,25938
2021-06-23 09:20:58,1498.6,25994
2021-06-23 09:20:59,1498.0,26406
2021-06-23 09:21:00,1498.0,26406
2021-06-23 09:21:02,1498.35,26449
2021-06-23 09:21:04,1498.35,26449
2021-06-23 09:21:04,1497.0,26450
2021-06-23 09:21:05,1498.05,26456
2021-06-23 09:21:06,1497.0,26457
2021-06-23 09:21:08,1497.0,26562
2021-06-23 09:21:09,1497.0,26570
2021-06-23 09:21:10,1497.0,26570
2021-06-23 09:21:11,1497.0,26621
2021-06-23 09:21:13,1497.0,26746
2021-06-23 09:21:14,1497.0,26746
2021-06-23 09:21:16,1497.45,26768
2021-06-23 09:21:17,1497.45,26775
2021-06-23 09:21:19,1498.35,26903
2021-06-23 09:21:20,1498.35,26903
2021-06-23 09:21:21,1497.45,26918
2021-06-23 09:21:22,1497.45,26918
2021-06-23 09:21:23,1497.45,26918
2021-06-23 09:21:24,1497.45,26918
2021-06-23 09:21:25,1497.45,26918
2021-06-23 09:21:26,1498.35,26919
2021-06-23 09:21:27,1498.35,26919
2021-06-23 09:21:28,1498.35,26919
2021-06-23 09:21:30,1498.35,26919
2021-06-23 09:21:31,1498.35,26919
2021-06-23 09:21:32,1498.35,26919
2021-06-23 09:21:33,1498.35,26919
2021-06-23 09:21:34,1498.35,26919
2021-06-23 09:21:35,1497.6,26929
2021-06-23 09:21:36,1497.6,26930
2021-06-23 09:21:37,1497.6,26930
2021-06-23 09:21:38,1497.6,26930
2021-06-23 09:21:39,1498.0,26936
2021-06-23 09:21:40,1498.35,27052
2021-06-23 09:21:41,1499.1,27057
2021-06-23 09:21:42,1499.1,27057
2021-06-23 09:21:43,1499.1,27057
2021-06-23 09:21:44,1499.1,27158
2021-06-23 09:21:45,1499.1,27206
2021-06-23 09:21:46,1499.1,27216
2021-06-23 09:21:47,1497.8,27273
2021-06-23 09:21:48,1497.8,27280
2021-06-23 09:21:49,1497.8,27280
2021-06-23 09:21:50,1498.8,27305
2021-06-23 09:21:51,1498.65,27312
2021-06-23 09:21:52,1498.2,27369
2021-06-23 09:21:53,1498.2,27369
2021-06-23 09:21:54,1497.9,27385
2021-06-23 09:21:55,1497.9,27385
2021-06-23 09:21:56,1497.9,27385
2021-06-23 09:21:57,1497.0,27944
2021-06-23 09:21:58,1496.55,27945
2021-06-23 09:21:59,1496.55,27945
2021-06-23 09:22:00,1496.55,27984
2021-06-23 09:22:01,1496.55,27984
2021-06-23 09:22:02,1496.55,27995
2021-06-23 09:22:03,1496.6,28125
2021-06-23 09:22:04,1496.6,28125
2021-06-23 09:22:06,1496.6,28125
2021-06-23 09:22:07,1496.55,28185
2021-06-23 09:22:08,1496.55,28185
2021-06-23 09:22:09,1496.55,28185
2021-06-23 09:22:10,1496.55,28185
2021-06-23 09:22:11,1496.55,28185
2021-06-23 09:22:12,1496.6,28191
2021-06-23 09:22:13,1496.6,28196
2021-06-23 09:22:14,1496.6,28212
2021-06-23 09:22:15,1497.45,28262
2021-06-23 09:22:16,1497.5,28269
2021-06-23 09:22:17,1497.5,28269
2021-06-23 09:22:18,1497.5,28269
2021-06-23 09:22:19,1497.5,28269
2021-06-23 09:22:20,1497.55,28275
2021-06-23 09:22:21,1497.55,28275
2021-06-23 09:22:22,1497.55,28282
2021-06-23 09:22:23,1497.55,28338
2021-06-23 09:22:24,1497.55,28358
2021-06-23 09:22:25,1497.55,28370
2021-06-23 09:22:26,1497.55,28434
2021-06-23 09:22:27,1497.55,28434
2021-06-23 09:22:28,1497.55,28440
2021-06-23 09:22:30,1497.55,28447
2021-06-23 09:22:31,1497.55,28447
2021-06-23 09:22:32,1497.55,28447
2021-06-23 09:22:33,1497.55,28447
2021-06-23 09:22:34,1497.55,28447
2021-06-23 09:22:35,1497.6,28453
2021-06-23 09:22:36,1497.6,28453
2021-06-23 09:22:37,1497.6,28453
2021-06-23 09:22:38,1497.65,28517
2021-06-23 09:22:39,1497.65,28517
2021-06-23 09:22:39,1497.65,28517
2021-06-23 09:22:40,1497.65,28517
2021-06-23 09:22:41,1497.65,28517
2021-06-23 09:22:42,1497.65,28517
2021-06-23 09:22:43,1497.65,28517
2021-06-23 09:22:45,1497.5,28609
2021-06-23 09:22:46,1497.5,28609
2021-06-23 09:22:48,1497.5,28609
2021-06-23 09:22:49,1498.35,28628
2021-06-23 09:22:50,1498.55,28648
2021-06-23 09:22:51,1498.55,28648
2021-06-23 09:22:52,1496.8,28833
2021-06-23 09:22:53,1496.8,28833
2021-06-23 09:22:54,1497.05,28850
2021-06-23 09:22:55,1497.05,28850
2021-06-23 09:22:58,1496.6,28944
2021-06-23 09:23:00,1497.75,28979
2021-06-23 09:23:02,1497.45,29005
2021-06-23 09:23:06,1497.35,29057
2021-06-23 09:23:07,1497.35,29057
2021-06-23 09:23:08,1497.9,29164
2021-06-23 09:23:09,1497.9,29164
2021-06-23 09:23:11,1497.6,29183
2021-06-23 09:23:12,1497.6,29183
2021-06-23 09:23:13,1496.45,29284
2021-06-23 09:23:14,1496.35,29484
2021-06-23 09:23:15,1496.35,29484
2021-06-23 09:23:16,1496.35,29484
2021-06-23 09:23:17,1496.35,29484
2021-06-23 09:23:18,1496.35,29484
2021-06-23 09:23:20,1496.35,29484
2021-06-23 09:23:21,1497.45,29486
2021-06-23 09:23:22,1496.8,29553
2021-06-23 09:23:23,1497.45,29559
2021-06-23 09:23:24,1497.45,29559
2021-06-23 09:23:25,1496.8,29594
2021-06-23 09:23:26,1497.45,29604
2021-06-23 09:23:27,1496.8,29605
2021-06-23 09:23:28,1496.8,29605
2021-06-23 09:23:29,1496.8,29605
2021-06-23 09:23:30,1496.8,29605
2021-06-23 09:23:31,1496.8,29605
2021-06-23 09:23:32,1496.8,29605
2021-06-23 09:23:33,1496.8,29605
2021-06-23 09:23:34,1496.5,29635
2021-06-23 09:23:35,1496.5,29635
2021-06-23 09:23:36,1497.35,29641
2021-06-23 09:23:37,1497.35,29641
2021-06-23 09:23:38,1497.35,29641
2021-06-23 09:23:39,1497.35,29654
2021-06-23 09:23:40,1497.95,29804
2021-06-23 09:23:41,1497.05,29822
2021-06-23 09:23:42,1497.05,29822
2021-06-23 09:23:43,1497.8,29828
2021-06-23 09:23:44,1497.8,29828
2021-06-23 09:23:45,1497.8,29835
2021-06-23 09:23:46,1497.8,29835
2021-06-23 09:23:47,1496.8,30145
2021-06-23 09:23:48,1496.8,30145
2021-06-23 09:23:49,1496.35,30773
2021-06-23 09:23:50,1496.35,30773
2021-06-23 09:23:51,1496.35,30773
2021-06-23 09:23:52,1496.2,30840
2021-06-23 09:23:53,1496.2,30841
2021-06-23 09:23:54,1496.2,30841
2021-06-23 09:23:55,1496.2,30841
2021-06-23 09:23:56,1496.2,30841
2021-06-23 09:23:57,1496.25,30956
2021-06-23 09:23:58,1496.25,30956
2021-06-23 09:23:59,1496.25,30956
2021-06-23 09:24:00,1496.25,30961
2021-06-23 09:24:01,1496.25,30981
2021-06-23 09:24:02,1496.25,30981
2021-06-23 09:24:03,1496.25,30993
2021-06-23 09:24:04,1496.25,31041
2021-06-23 09:24:05,1496.2,31075
2021-06-23 09:24:06,1496.2,31075
2021-06-23 09:24:07,1496.2,31075
2021-06-23 09:24:08,1496.2,31075
2021-06-23 09:24:09,1496.0,31583
2021-06-23 09:24:10,1496.0,31583
2021-06-23 09:24:11,1496.0,31583
2021-06-23 09:24:12,1496.0,31583
2021-06-23 09:24:13,1496.0,31638
2021-06-23 09:24:14,1496.2,31648
2021-06-23 09:24:15,1496.2,31660
2021-06-23 09:24:16,1496.2,31667
2021-06-23 09:24:17,1495.85,31769
2021-06-23 09:24:19,1496.0,32237
2021-06-23 09:24:20,1496.25,32238
2021-06-23 09:24:21,1496.0,32276
2021-06-23 09:24:22,1496.0,32276
2021-06-23 09:24:23,1495.55,32596
2021-06-23 09:24:24,1495.55,32648
2021-06-23 09:24:25,1495.55,32648
2021-06-23 09:24:26,1496.25,32804
2021-06-23 09:24:27,1496.25,32804
2021-06-23 09:24:28,1495.55,32836
2021-06-23 09:24:29,1495.55,32836
2021-06-23 09:24:30,1496.85,32970
2021-06-23 09:24:31,1496.85,32970
2021-06-23 09:24:32,1495.5,32976
2021-06-23 09:24:33,1495.5,32976
2021-06-23 09:24:35,1495.5,33068
2021-06-23 09:24:37,1495.55,33124
2021-06-23 09:24:38,1495.55,33124
2021-06-23 09:24:39,1495.5,33127
2021-06-23 09:24:40,1495.65,33241
2021-06-23 09:24:42,1495.65,33241
2021-06-23 09:24:43,1495.65,33241
2021-06-23 09:24:44,1496.65,33251
2021-06-23 09:24:45,1496.65,33251
2021-06-23 09:24:46,1496.65,33251
2021-06-23 09:24:47,1496.65,33351
2021-06-23 09:24:48,1495.95,33401
2021-06-23 09:24:49,1495.95,33401
2021-06-23 09:24:50,1496.85,33531
2021-06-23 09:24:51,1496.85,33531
2021-06-23 09:24:52,1496.85,33531
2021-06-23 09:24:53,1496.85,33598
2021-06-23 09:24:54,1496.85,33615
2021-06-23 09:24:55,1496.85,33615
2021-06-23 09:24:56,1496.85,33615
2021-06-23 09:24:57,1497.0,33616
2021-06-23 09:24:58,1497.0,33616
2021-06-23 09:24:59,1497.0,33626
2021-06-23 09:25:00,1497.0,33626
2021-06-23 09:25:01,1497.0,33626
2021-06-23 09:25:02,1497.0,33626
2021-06-23 09:25:03,1497.0,33626
2021-06-23 09:25:04,1497.8,33639
2021-06-23 09:25:05,1497.8,33639
2021-06-23 09:25:06,1497.8,33639
2021-06-23 09:25:07,1497.8,33639
2021-06-23 09:25:08,1497.8,33639
2021-06-23 09:25:09,1497.8,33639
2021-06-23 09:25:11,1497.8,33639
2021-06-23 09:25:12,1497.8,33639
2021-06-23 09:25:13,1497.8,33639
2021-06-23 09:25:14,1497.8,33639
2021-06-23 09:25:16,1497.8,33649
2021-06-23 09:25:17,1497.8,33649
2021-06-23 09:25:18,1497.8,33649
2021-06-23 09:25:19,1497.8,33659
2021-06-23 09:25:20,1497.8,33659
2021-06-23 09:25:21,1497.8,33659
2021-06-23 09:25:22,1497.05,33665
2021-06-23 09:25:23,1497.05,33665
2021-06-23 09:25:24,1497.05,33665
2021-06-23 09:25:25,1497.75,33666
2021-06-23 09:25:26,1497.75,33666
2021-06-23 09:25:27,1496.4,33911
2021-06-23 09:25:28,1496.4,33911
2021-06-23 09:25:29,1496.05,34481
2021-06-23 09:25:30,1496.05,34496
2021-06-23 09:25:31,1496.05,34496
2021-06-23 09:25:32,1496.05,34496
2021-06-23 09:25:34,1496.25,34563
2021-06-23 09:25:35,1496.25,34563
2021-06-23 09:25:36,1497.35,34578
2021-06-23 09:25:37,1496.4,34628
2021-06-23 09:25:38,1496.4,34628
2021-06-23 09:25:40,1496.4,34628
2021-06-23 09:25:42,1497.35,34868
2021-06-23 09:25:43,1497.35,34868
2021-06-23 09:25:44,1497.35,34868
2021-06-23 09:25:45,1497.35,34868
2021-06-23 09:25:46,1496.4,34907
2021-06-23 09:25:47,1497.0,34908
2021-06-23 09:25:48,1497.0,34908
2021-06-23 09:25:49,1496.4,34918
2021-06-23 09:25:50,1496.4,34918
2021-06-23 09:25:51,1496.4,34918
2021-06-23 09:25:52,1496.4,34928
2021-06-23 09:25:53,1496.4,34928
2021-06-23 09:25:54,1496.4,34928
2021-06-23 09:25:55,1496.85,34961
2021-06-23 09:25:57,1496.85,34961
2021-06-23 09:25:56,1496.85,34961
2021-06-23 09:25:58,1496.8,34966
2021-06-23 09:25:59,1496.7,35269
2021-06-23 09:26:00,1496.7,35419
2021-06-23 09:26:01,1496.7,35419
2021-06-23 09:26:02,1496.7,35419
2021-06-23 09:26:03,1496.7,35419
2021-06-23 09:26:04,1496.7,35419
2021-06-23 09:26:05,1496.7,35419
2021-06-23 09:26:06,1496.4,35543
2021-06-23 09:26:07,1496.4,35543
2021-06-23 09:26:08,1496.4,35543
2021-06-23 09:26:09,1496.0,35549
2021-06-23 09:26:10,1496.0,35549
2021-06-23 09:26:12,1496.5,35582
2021-06-23 09:26:14,1496.5,35632
2021-06-23 09:26:15,1496.5,35632
2021-06-23 09:26:16,1496.5,35642
2021-06-23 09:26:17,1496.5,35642
2021-06-23 09:26:18,1496.5,35642
2021-06-23 09:26:19,1496.85,35652
2021-06-23 09:26:20,1496.85,35652
2021-06-23 09:26:21,1496.5,35670
2021-06-23 09:26:22,1497.0,35962
2021-06-23 09:26:23,1497.0,35962
2021-06-23 09:26:24,1497.0,35962
2021-06-23 09:26:25,1497.0,35962
2021-06-23 09:26:26,1497.7,35987
2021-06-23 09:26:27,1497.7,35987
2021-06-23 09:26:28,1497.7,35987
2021-06-23 09:26:29,1496.8,36022
2021-06-23 09:26:30,1496.8,36022
2021-06-23 09:26:31,1496.8,36022
2021-06-23 09:26:32,1496.8,36022
2021-06-23 09:26:33,1496.8,36022
2021-06-23 09:26:34,1496.8,36022
2021-06-23 09:26:35,1497.45,36037
2021-06-23 09:26:36,1496.5,36052
2021-06-23 09:26:37,1496.5,36052
2021-06-23 09:26:38,1496.5,36052
2021-06-23 09:26:40,1496.5,36052
2021-06-23 09:26:41,1496.8,36053
2021-06-23 09:26:42,1496.85,36068
2021-06-23 09:26:43,1496.85,36068
2021-06-23 09:26:44,1496.85,36068
2021-06-23 09:26:45,1496.85,36068
2021-06-23 09:26:46,1496.85,36068
2021-06-23 09:26:47,1496.85,36068
2021-06-23 09:26:48,1496.85,36068
2021-06-23 09:26:49,1496.85,36068
2021-06-23 09:26:50,1496.85,36068
2021-06-23 09:26:51,1496.85,36068
2021-06-23 09:26:52,1497.7,36159
2021-06-23 09:26:53,1497.7,36159
2021-06-23 09:26:54,1497.7,36159
2021-06-23 09:26:55,1497.7,36159
2021-06-23 09:26:56,1497.7,36159
2021-06-23 09:26:57,1497.7,36159
2021-06-23 09:26:58,1497.7,36159
2021-06-23 09:26:59,1497.7,36159
2021-06-23 09:27:00,1498.0,36160
2021-06-23 09:27:01,1497.8,36174
2021-06-23 09:27:03,1497.8,36174
2021-06-23 09:27:04,1497.8,36174
2021-06-23 09:27:05,1497.8,36174
2021-06-23 09:27:05,1498.0,36274
2021-06-23 09:27:07,1498.0,36274
2021-06-23 09:27:07,1498.0,36274
2021-06-23 09:27:08,1498.55,37360
2021-06-23 09:27:09,1498.55,37360
2021-06-23 09:27:10,1498.0,37364
2021-06-23 09:27:12,1498.0,37364
2021-06-23 09:27:14,1498.0,37364
2021-06-23 09:27:15,1498.0,37364
2021-06-23 09:27:15,1498.0,37379
2021-06-23 09:27:17,1498.0,37379
2021-06-23 09:27:18,1498.0,37379
2021-06-23 09:27:18,1498.0,37379
2021-06-23 09:27:19,1498.0,37379
2021-06-23 09:27:20,1498.0,37379
2021-06-23 09:27:21,1498.0,37379
2021-06-23 09:27:22,1498.65,37387
2021-06-23 09:27:23,1498.9,37393
2021-06-23 09:27:24,1498.25,37510
2021-06-23 09:27:25,1498.25,37510
2021-06-23 09:27:26,1498.25,37510
2021-06-23 09:27:27,1498.25,37510
2021-06-23 09:27:28,1498.45,37574
2021-06-23 09:27:29,1498.45,37574
2021-06-23 09:27:30,1498.45,37574
2021-06-23 09:27:31,1498.45,37574
2021-06-23 09:27:33,1498.65,37584
2021-06-23 09:27:35,1498.65,37584
2021-06-23 09:27:35,1498.65,37584
2021-06-23 09:27:36,1498.65,37584
2021-06-23 09:27:37,1498.65,37584
2021-06-23 09:27:39,1498.65,37584
2021-06-23 09:27:40,1498.65,37584
2021-06-23 09:27:40,1498.65,37584
2021-06-23 09:27:42,1499.0,37813
2021-06-23 09:27:42,1499.0,37813
2021-06-23 09:27:43,1499.0,37813
2021-06-23 09:27:44,1499.0,37813
2021-06-23 09:27:45,1499.95,37814
2021-06-23 09:27:46,1499.95,37815
2021-06-23 09:27:48,1499.05,37915
2021-06-23 09:27:48,1499.05,37915
2021-06-23 09:27:49,1499.15,37919
2021-06-23 09:27:50,1499.15,37921
2021-06-23 09:27:51,1499.15,37921
2021-06-23 09:27:52,1499.15,37921
2021-06-23 09:27:53,1499.95,37922
2021-06-23 09:27:55,1499.15,37931
2021-06-23 09:27:56,1499.15,37931
2021-06-23 09:27:56,1499.15,37931
2021-06-23 09:27:57,1499.15,37931
2021-06-23 09:27:59,1499.2,37981
2021-06-23 09:28:00,1499.95,37996
2021-06-23 09:28:01,1499.95,37996
2021-06-23 09:28:02,1499.95,38019
2021-06-23 09:28:03,1499.95,38019
2021-06-23 09:28:03,1499.95,38019
2021-06-23 09:28:04,1500.0,38120
2021-06-23 09:28:05,1501.1,38250
2021-06-23 09:28:07,1500.1,38260
2021-06-23 09:28:08,1500.1,38270
2021-06-23 09:28:09,1501.2,38395
2021-06-23 09:28:10,1501.2,38395
2021-06-23 09:28:11,1501.2,38395
2021-06-23 09:28:12,1501.2,38395
2021-06-23 09:28:13,1501.2,38395
2021-06-23 09:28:14,1502.0,39336
2021-06-23 09:28:15,1500.75,39378
2021-06-23 09:28:16,1500.75,39378
2021-06-23 09:28:17,1501.85,39388
2021-06-23 09:28:19,1501.85,39388
2021-06-23 09:28:20,1501.2,39408
2021-06-23 09:28:21,1501.2,39408
2021-06-23 09:28:22,1501.2,39408
2021-06-23 09:28:24,1502.05,39508
2021-06-23 09:28:24,1502.05,39508
2021-06-23 09:28:26,1502.05,39508
2021-06-23 09:28:27,1502.65,39511
2021-06-23 09:28:28,1502.0,39986
2021-06-23 09:28:29,1502.0,39986
2021-06-23 09:28:29,1502.0,39986
2021-06-23 09:28:31,1502.0,39996
2021-06-23 09:28:32,1503.0,40496
2021-06-23 09:28:33,1502.65,40506
2021-06-23 09:28:34,1502.65,40506
2021-06-23 09:28:35,1502.0,40598
2021-06-23 09:28:36,1502.9,40603
2021-06-23 09:28:37,1502.9,40603
2021-06-23 09:28:38,1502.9,40603
2021-06-23 09:28:39,1502.9,40603
2021-06-23 09:28:40,1502.9,40605
2021-06-23 09:28:41,1502.9,40605
2021-06-23 09:28:42,1502.9,40605
2021-06-23 09:28:43,1502.9,40605
2021-06-23 09:28:44,1502.9,40605
2021-06-23 09:28:46,1503.0,40655
2021-06-23 09:28:46,1503.0,40655
2021-06-23 09:28:47,1503.0,40655
2021-06-23 09:28:48,1503.0,42455
2021-06-23 09:28:49,1502.7,42540
2021-06-23 09:28:50,1502.65,42561
2021-06-23 09:28:51,1502.05,42576
2021-06-23 09:28:52,1502.0,42720
2021-06-23 09:28:53,1502.0,42744
2021-06-23 09:28:54,1502.55,42845
2021-06-23 09:28:55,1502.55,42845
2021-06-23 09:28:56,1502.55,42875
2021-06-23 09:28:57,1502.95,43175
2021-06-23 09:28:58,1502.95,43175
2021-06-23 09:29:00,1502.5,43275
2021-06-23 09:29:01,1502.7,43325
2021-06-23 09:29:01,1502.7,43325
2021-06-23 09:29:03,1502.9,43377
2021-06-23 09:29:04,1502.9,43377
2021-06-23 09:29:05,1502.95,43443
2021-06-23 09:29:06,1502.95,43443
2021-06-23 09:29:07,1502.95,43443
2021-06-23 09:29:07,1502.95,43443
2021-06-23 09:29:08,1502.0,43445
2021-06-23 09:29:09,1501.65,43501
2021-06-23 09:29:11,1502.3,43601
2021-06-23 09:29:12,1502.0,43690
2021-06-23 09:29:12,1502.0,43690
2021-06-23 09:29:13,1502.7,43730
2021-06-23 09:29:14,1502.7,43730
2021-06-23 09:29:15,1502.7,43730
2021-06-23 09:29:16,1502.7,43730
2021-06-23 09:29:17,1502.75,43780
2021-06-23 09:29:18,1502.3,43830
2021-06-23 09:29:19,1502.3,43830
2021-06-23 09:29:23,1502.3,43830
2021-06-23 09:29:24,1502.3,43830
2021-06-23 09:29:25,1502.3,43830
2021-06-23 09:29:26,1502.3,43830
2021-06-23 09:29:27,1502.55,43855
2021-06-23 09:29:27,1502.55,43855
2021-06-23 09:29:29,1502.65,43880
2021-06-23 09:29:30,1501.3,43980
2021-06-23 09:29:31,1501.3,44047
2021-06-23 09:29:33,1502.45,44144
2021-06-23 09:29:37,1502.55,44159
2021-06-23 09:29:38,1502.55,44159
2021-06-23 09:29:40,1502.5,44259
2021-06-23 09:29:41,1502.55,44479
2021-06-23 09:29:41,1502.55,44479
2021-06-23 09:29:42,1502.55,44529
2021-06-23 09:29:43,1502.55,44529
2021-06-23 09:29:44,1502.55,44529
2021-06-23 09:29:46,1502.5,44530
2021-06-23 09:29:46,1502.5,44530
2021-06-23 09:29:47,1502.5,44530
2021-06-23 09:29:48,1502.5,44530
2021-06-23 09:29:49,1502.5,44530
2021-06-23 09:29:50,1502.0,44672
2021-06-23 09:29:51,1501.3,44707
2021-06-23 09:29:52,1501.3,44707
2021-06-23 09:29:53,1502.35,44709
2021-06-23 09:29:54,1502.35,44709
2021-06-23 09:29:55,1502.35,44714
2021-06-23 09:29:56,1502.35,44714
2021-06-23 09:29:57,1502.0,44739
2021-06-23 09:29:58,1502.0,44739
2021-06-23 09:29:59,1502.0,44739
2021-06-23 09:30:00,1502.0,44739
2021-06-23 09:30:02,1502.0,44739
2021-06-23 09:30:03,1502.35,44749
2021-06-23 09:30:04,1503.0,45116
2021-06-23 09:30:05,1503.0,45154
2021-06-23 09:30:06,1502.95,45204
2021-06-23 09:30:08,1502.95,45204
2021-06-23 09:30:09,1502.9,45222
2021-06-23 09:30:11,1502.65,45225
2021-06-23 09:30:13,1502.65,45225
2021-06-23 09:30:14,1502.65,45225
2021-06-23 09:30:14,1502.85,45275
2021-06-23 09:30:16,1502.85,45275
2021-06-23 09:30:17,1502.85,45275
2021-06-23 09:30:18,1502.85,45275
2021-06-23 09:30:19,1502.85,45275
2021-06-23 09:30:20,1502.75,45305
2021-06-23 09:30:21,1502.75,45305
2021-06-23 09:30:21,1502.75,45305
2021-06-23 09:30:22,1502.75,45355
2021-06-23 09:30:23,1502.55,45362
2021-06-23 09:30:24,1502.7,45367
2021-06-23 09:30:25,1502.7,45367
2021-06-23 09:30:26,1502.7,45367
2021-06-23 09:30:27,1501.9,45384
2021-06-23 09:30:28,1502.8,45504
2021-06-23 09:30:29,1501.9,45520
2021-06-23 09:30:31,1501.9,45521
2021-06-23 09:30:31,1501.9,45521
2021-06-23 09:30:33,1501.9,45521
2021-06-23 09:30:34,1502.55,45522
2021-06-23 09:30:35,1501.9,45525
2021-06-23 09:30:36,1501.9,45525
2021-06-23 09:30:38,1501.9,45525
2021-06-23 09:30:39,1501.9,45525
2021-06-23 09:30:40,1502.0,45535
2021-06-23 09:30:41,1502.0,45535
2021-06-23 09:30:42,1502.7,45545
2021-06-23 09:30:43,1502.7,45545
2021-06-23 09:30:44,1502.0,45565
2021-06-23 09:30:45,1502.0,45565
2021-06-23 09:30:46,1502.0,45565
2021-06-23 09:30:47,1502.0,45590
2021-06-23 09:30:48,1502.8,45700
2021-06-23 09:30:49,1502.8,45700
2021-06-23 09:30:50,1502.8,45700
2021-06-23 09:30:51,1502.45,45704
2021-06-23 09:30:52,1502.55,45771
2021-06-23 09:30:53,1502.55,45771
2021-06-23 09:30:54,1502.55,45771
2021-06-23 09:30:55,1502.55,45771
2021-06-23 09:30:57,1501.8,46239
2021-06-23 09:30:58,1501.0,46272
2021-06-23 09:30:59,1501.0,46272
2021-06-23 09:31:00,1501.95,46347
2021-06-23 09:31:01,1501.95,46347
2021-06-23 09:31:02,1501.85,46357
2021-06-23 09:31:03,1501.0,46358
2021-06-23 09:31:04,1501.0,46358
2021-06-23 09:31:04,1501.0,46358
2021-06-23 09:31:05,1501.0,46461
2021-06-23 09:31:06,1501.0,46461
2021-06-23 09:31:07,1501.0,46466
2021-06-23 09:31:08,1501.9,46517
2021-06-23 09:31:09,1501.85,46521
2021-06-23 09:31:10,1501.85,46521
2021-06-23 09:31:11,1501.0,46600
2021-06-23 09:31:12,1500.3,46655
2021-06-23 09:31:13,1501.5,46705
2021-06-23 09:31:14,1501.5,46705
2021-06-23 09:31:15,1501.0,46708
2021-06-23 09:31:16,1500.0,47508
2021-06-23 09:31:17,1500.0,47508
2021-06-23 09:31:18,1500.15,47609
2021-06-23 09:31:19,1500.15,47609
2021-06-23 09:31:20,1500.15,47609
2021-06-23 09:31:21,1500.15,47609
2021-06-23 09:31:22,1500.15,47609
2021-06-23 09:31:23,1500.15,47609
2021-06-23 09:31:24,1500.15,47609
2021-06-23 09:31:25,1500.15,47609
2021-06-23 09:31:26,1500.15,47609
2021-06-23 09:31:27,1501.0,47620
2021-06-23 09:31:28,1501.2,47627
2021-06-23 09:31:29,1501.2,47672
2021-06-23 09:31:30,1501.2,47672
2021-06-23 09:31:31,1501.2,47672
2021-06-23 09:31:32,1501.2,47672
2021-06-23 09:31:33,1501.15,47722
2021-06-23 09:31:34,1501.95,47732
2021-06-23 09:31:35,1501.95,47732
2021-06-23 09:31:36,1501.95,47732
2021-06-23 09:31:40,1501.05,47923
2021-06-23 09:31:41,1501.05,47923
2021-06-23 09:31:41,1501.7,47967
2021-06-23 09:31:43,1501.7,47967
2021-06-23 09:31:44,1501.0,48014
2021-06-23 09:31:45,1501.0,48014
2021-06-23 09:31:46,1501.4,48019
2021-06-23 09:31:47,1501.4,48020
2021-06-23 09:31:48,1501.4,48020
2021-06-23 09:31:49,1501.1,48027
2021-06-23 09:31:50,1501.1,48048
2021-06-23 09:31:51,1501.1,48048
2021-06-23 09:31:51,1501.4,48055
2021-06-23 09:31:53,1501.4,48055
2021-06-23 09:31:53,1501.4,48055
2021-06-23 09:31:54,1501.4,48055
2021-06-23 09:31:55,1501.4,48055
2021-06-23 09:31:56,1501.1,48063
2021-06-23 09:31:57,1501.4,48068
2021-06-23 09:31:58,1501.4,48068
2021-06-23 09:31:59,1501.1,48069
2021-06-23 09:32:00,1501.1,48069
2021-06-23 09:32:01,1501.1,48069
2021-06-23 09:32:02,1501.1,48069
2021-06-23 09:32:03,1501.4,48075
2021-06-23 09:32:04,1501.4,48075
2021-06-23 09:32:05,1501.75,48221
2021-06-23 09:32:06,1502.4,48281
2021-06-23 09:32:07,1502.4,48281
2021-06-23 09:32:08,1502.55,48322
2021-06-23 09:32:10,1502.6,48395
2021-06-23 09:32:11,1502.6,48395
2021-06-23 09:32:12,1502.6,48395
2021-06-23 09:32:12,1502.6,48395
2021-06-23 09:32:13,1502.85,48415
2021-06-23 09:32:14,1503.0,48521
2021-06-23 09:32:15,1503.0,48521
2021-06-23 09:32:16,1503.0,48705
2021-06-23 09:32:17,1502.6,48765
2021-06-23 09:32:18,1502.6,48765
2021-06-23 09:32:19,1502.6,48765
2021-06-23 09:32:20,1502.55,48775
2021-06-23 09:32:21,1503.0,48782
2021-06-23 09:32:22,1503.0,48788
2021-06-23 09:32:23,1503.0,48788
2021-06-23 09:32:25,1503.0,48788
2021-06-23 09:32:26,1503.0,48788
2021-06-23 09:32:27,1503.0,48788
2021-06-23 09:32:28,1503.0,48788
2021-06-23 09:32:30,1503.0,48788
2021-06-23 09:32:31,1502.6,48867
2021-06-23 09:32:32,1502.6,48867
2021-06-23 09:32:32,1502.6,48867
2021-06-23 09:32:33,1502.6,48867
2021-06-23 09:32:34,1503.45,49243
2021-06-23 09:32:36,1503.45,49264
2021-06-23 09:32:37,1503.45,49691
2021-06-23 09:32:38,1504.2,50126
2021-06-23 09:32:39,1504.45,50146
2021-06-23 09:32:40,1503.5,50154
2021-06-23 09:32:41,1503.5,50154
2021-06-23 09:32:43,1503.45,50177
2021-06-23 09:32:44,1503.45,50177
2021-06-23 09:32:45,1504.35,50203
2021-06-23 09:32:46,1504.35,50203
2021-06-23 09:32:46,1504.35,50203
2021-06-23 09:32:47,1504.4,50263
2021-06-23 09:32:48,1504.4,50263
2021-06-23 09:32:49,1504.4,50263
2021-06-23 09:32:50,1504.4,50263
2021-06-23 09:32:51,1504.4,50263
2021-06-23 09:32:52,1504.4,50272
2021-06-23 09:32:53,1504.4,50287
2021-06-23 09:32:54,1504.4,50307
2021-06-23 09:32:55,1504.4,50307
2021-06-23 09:32:56,1504.45,50337
2021-06-23 09:32:58,1503.45,50462
2021-06-23 09:32:59,1504.3,50764
2021-06-23 09:33:00,1504.25,50814
2021-06-23 09:33:01,1502.75,50966
2021-06-23 09:33:02,1503.45,50981
2021-06-23 09:33:03,1503.45,50981
2021-06-23 09:33:04,1503.45,50981
2021-06-23 09:33:04,1503.0,50990
2021-06-23 09:33:05,1503.0,50991
2021-06-23 09:33:06,1503.0,50991
2021-06-23 09:33:07,1503.8,50993
2021-06-23 09:33:09,1503.8,51093
2021-06-23 09:33:10,1503.0,51097
2021-06-23 09:33:11,1503.0,51097
2021-06-23 09:33:13,1503.75,51118
2021-06-23 09:33:14,1503.75,51118
2021-06-23 09:33:16,1503.6,51199
2021-06-23 09:33:17,1503.45,51249
2021-06-23 09:33:20,1503.45,51274
2021-06-23 09:33:23,1503.75,51299
2021-06-23 09:33:23,1503.75,51299
2021-06-23 09:33:24,1503.3,51399
2021-06-23 09:33:25,1503.3,51399
2021-06-23 09:33:27,1504.0,51444
2021-06-23 09:33:28,1504.0,51462
2021-06-23 09:33:30,1503.2,51467
2021-06-23 09:33:31,1503.2,51467
2021-06-23 09:33:31,1503.2,51467
2021-06-23 09:33:33,1503.2,51467
2021-06-23 09:33:34,1503.2,51467
2021-06-23 09:33:35,1503.2,51467
2021-06-23 09:33:36,1503.2,51467
2021-06-23 09:33:37,1503.3,51492
2021-06-23 09:33:38,1503.3,51492
2021-06-23 09:33:39,1503.3,51492
2021-06-23 09:33:41,1503.25,51497
2021-06-23 09:33:42,1503.25,51497
2021-06-23 09:33:43,1503.25,51497
2021-06-23 09:33:44,1503.25,51497
2021-06-23 09:33:46,1503.3,51503
2021-06-23 09:33:47,1503.3,51503
2021-06-23 09:33:48,1503.25,51661
2021-06-23 09:33:49,1503.3,52196
2021-06-23 09:33:50,1503.3,52196
2021-06-23 09:33:51,1503.0,52215
2021-06-23 09:33:54,1503.0,52215
2021-06-23 09:33:55,1502.25,52300
2021-06-23 09:33:56,1502.25,52300
2021-06-23 09:33:57,1502.25,52300
2021-06-23 09:33:58,1502.25,52300
2021-06-23 09:33:59,1502.25,52300
2021-06-23 09:34:00,1502.45,52326
2021-06-23 09:34:01,1502.25,52667
2021-06-23 09:34:02,1502.0,52818
2021-06-23 09:34:03,1502.0,52818
2021-06-23 09:34:04,1502.0,52818
2021-06-23 09:34:05,1502.1,52861
2021-06-23 09:34:06,1502.1,52861
2021-06-23 09:34:07,1502.1,52861
2021-06-23 09:34:08,1502.0,52895
2021-06-23 09:34:09,1502.0,52895
2021-06-23 09:34:10,1502.0,52895
2021-06-23 09:34:11,1502.0,52895
2021-06-23 09:34:12,1502.0,52895
2021-06-23 09:34:13,1502.0,52895
2021-06-23 09:34:14,1502.0,52895
2021-06-23 09:34:15,1502.0,52895
2021-06-23 09:34:16,1501.55,52995
2021-06-23 09:34:17,1501.55,52995
2021-06-23 09:34:18,1501.55,52995
2021-06-23 09:34:19,1501.55,52995
2021-06-23 09:34:20,1501.55,52995
2021-06-23 09:34:21,1501.55,52995
2021-06-23 09:34:22,1501.85,53010
2021-06-23 09:34:23,1501.85,53010
2021-06-23 09:34:24,1501.85,53010
2021-06-23 09:34:25,1501.85,53010
2021-06-23 09:34:26,1501.85,53010
2021-06-23 09:34:27,1501.85,53010
2021-06-23 09:34:28,1501.85,53010
2021-06-23 09:34:29,1502.25,53013
2021-06-23 09:34:30,1502.25,53013
2021-06-23 09:34:31,1502.35,53178
2021-06-23 09:34:32,1502.35,53188
2021-06-23 09:34:33,1502.35,53188
2021-06-23 09:34:34,1502.35,53267
2021-06-23 09:34:35,1502.35,53267
2021-06-23 09:34:36,1502.35,53513
2021-06-23 09:34:37,1501.5,53533
2021-06-23 09:34:38,1502.3,53535
2021-06-23 09:34:39,1501.5,53540
2021-06-23 09:34:40,1501.5,53540
2021-06-23 09:34:42,1502.25,53690
2021-06-23 09:34:43,1502.25,53690
2021-06-23 09:34:44,1502.75,53790
2021-06-23 09:34:45,1501.8,53839
2021-06-23 09:34:46,1501.8,53839
2021-06-23 09:34:47,1501.8,53839
2021-06-23 09:34:48,1501.8,53839
2021-06-23 09:34:49,1502.2,53939
2021-06-23 09:34:50,1502.25,53941
2021-06-23 09:34:51,1502.25,53941
2021-06-23 09:34:52,1502.25,53941
2021-06-23 09:34:53,1502.25,53941
2021-06-23 09:34:54,1502.25,53941
2021-06-23 09:34:56,1502.25,53941
2021-06-23 09:34:58,1502.25,53941
2021-06-23 09:34:59,1502.25,53941
2021-06-23 09:35:00,1502.25,53941
2021-06-23 09:35:01,1502.25,53941
2021-06-23 09:35:02,1502.25,53941
2021-06-23 09:35:03,1502.25,53941
2021-06-23 09:35:04,1502.25,53941
2021-06-23 09:35:05,1502.25,53941
2021-06-23 09:35:06,1502.25,53941
2021-06-23 09:35:07,1502.25,53941
2021-06-23 09:35:08,1501.7,53991
2021-06-23 09:35:09,1501.7,53991
2021-06-23 09:35:10,1501.7,53991
2021-06-23 09:35:11,1501.7,53991
2021-06-23 09:35:12,1501.95,53993
2021-06-23 09:35:13,1501.55,53998
2021-06-23 09:35:14,1500.85,54354
2021-06-23 09:35:15,1500.85,54354
2021-06-23 09:35:17,1500.85,54354
2021-06-23 09:35:18,1500.85,54354
2021-06-23 09:35:19,1500.85,54354
2021-06-23 09:35:20,1500.85,54354
2021-06-23 09:35:21,1500.95,54364
2021-06-23 09:35:22,1500.1,54485
2021-06-23 09:35:23,1500.1,54485
2021-06-23 09:35:24,1500.1,54485
2021-06-23 09:35:25,1500.1,54485
2021-06-23 09:35:26,1500.2,54507
2021-06-23 09:35:27,1500.2,54507
2021-06-23 09:35:28,1500.2,54507
2021-06-23 09:35:29,1500.2,54507
2021-06-23 09:35:30,1500.2,54507
2021-06-23 09:35:31,1500.2,54507
2021-06-23 09:35:32,1500.2,54507
2021-06-23 09:35:33,1500.2,54507
2021-06-23 09:35:34,1500.95,54754
2021-06-23 09:35:35,1500.95,54754
2021-06-23 09:35:36,1500.95,54754
2021-06-23 09:35:37,1500.95,54754
2021-06-23 09:35:39,1500.95,54754
2021-06-23 09:35:40,1500.95,54754
2021-06-23 09:35:41,1500.95,54754
2021-06-23 09:35:42,1500.95,54787
2021-06-23 09:35:43,1501.35,54788
2021-06-23 09:35:44,1501.35,54788
2021-06-23 09:35:45,1501.35,54788
2021-06-23 09:35:46,1501.35,54788
2021-06-23 09:35:48,1501.35,54788
2021-06-23 09:35:49,1501.35,54828
2021-06-23 09:35:50,1502.0,54996
2021-06-23 09:35:51,1502.0,54996
2021-06-23 09:35:52,1501.2,55881
2021-06-23 09:35:53,1501.2,55881
2021-06-23 09:35:54,1503.05,55928
2021-06-23 09:35:55,1503.05,55928
2021-06-23 09:35:56,1503.05,55928
2021-06-23 09:35:57,1503.05,55928
2021-06-23 09:35:58,1503.05,55928
2021-06-23 09:35:59,1503.05,55928
2021-06-23 09:36:00,1503.05,55928
2021-06-23 09:36:01,1503.05,55928
2021-06-23 09:36:02,1503.05,55928
2021-06-23 09:36:03,1502.1,55938
2021-06-23 09:36:04,1502.1,55938
2021-06-23 09:36:05,1502.1,55963
2021-06-23 09:36:07,1502.85,55965
2021-06-23 09:36:08,1502.85,55965
2021-06-23 09:36:09,1502.8,55967
2021-06-23 09:36:10,1502.8,55967
2021-06-23 09:36:11,1502.8,55967
2021-06-23 09:36:12,1502.8,55967
2021-06-23 09:36:13,1502.8,55967
2021-06-23 09:36:14,1502.8,55967
2021-06-23 09:36:15,1502.1,55989
2021-06-23 09:36:16,1502.1,55989
2021-06-23 09:36:17,1502.0,55993
2021-06-23 09:36:18,1502.0,55993
2021-06-23 09:36:19,1502.0,55993
2021-06-23 09:36:20,1502.0,55993
2021-06-23 09:36:21,1502.0,55993
2021-06-23 09:36:22,1502.0,56022
2021-06-23 09:36:23,1502.0,56022
2021-06-23 09:36:24,1502.65,56093
2021-06-23 09:36:25,1502.7,56133
2021-06-23 09:36:26,1502.7,56140
2021-06-23 09:36:27,1502.7,56215
2021-06-23 09:36:28,1502.7,56215
2021-06-23 09:36:29,1502.7,56215
2021-06-23 09:36:30,1502.75,56216
2021-06-23 09:36:31,1502.8,56219
2021-06-23 09:36:32,1502.8,56229
2021-06-23 09:36:33,1502.8,56229
2021-06-23 09:36:34,1502.8,56229
2021-06-23 09:36:35,1502.8,56229
2021-06-23 09:36:36,1502.8,56231
2021-06-23 09:36:37,1502.8,56231
2021-06-23 09:36:38,1502.7,56251
2021-06-23 09:36:39,1502.7,56251
2021-06-23 09:36:40,1502.2,56271
2021-06-23 09:36:41,1502.2,56271
2021-06-23 09:36:42,1502.95,56295
2021-06-23 09:36:43,1502.95,56295
2021-06-23 09:36:44,1502.95,56295
2021-06-23 09:36:45,1502.95,56295
2021-06-23 09:36:46,1502.95,56295
2021-06-23 09:36:47,1502.95,56295
2021-06-23 09:36:49,1502.25,56298
2021-06-23 09:36:51,1502.85,56502
2021-06-23 09:36:52,1502.85,56502
2021-06-23 09:36:53,1502.85,56502
2021-06-23 09:36:54,1502.85,56502
2021-06-23 09:36:55,1503.5,56542
2021-06-23 09:36:56,1503.5,56542
2021-06-23 09:36:57,1503.5,56542
2021-06-23 09:36:58,1503.5,56542
2021-06-23 09:36:59,1503.5,56542
2021-06-23 09:37:00,1503.0,56592
2021-06-23 09:37:01,1503.0,56592
2021-06-23 09:37:02,1503.0,56592
2021-06-23 09:37:03,1503.4,56613
2021-06-23 09:37:04,1503.4,56613
2021-06-23 09:37:05,1503.75,56623
2021-06-23 09:37:06,1503.75,56629
2021-06-23 09:37:07,1504.45,56844
2021-06-23 09:37:08,1504.8,57114
2021-06-23 09:37:09,1504.8,57114
2021-06-23 09:37:10,1504.8,57124
2021-06-23 09:37:11,1505.45,57835
2021-06-23 09:37:12,1505.45,57835
2021-06-23 09:37:13,1506.0,58217
2021-06-23 09:37:14,1505.25,58232
2021-06-23 09:37:15,1506.0,58287
2021-06-23 09:37:16,1506.0,58292
2021-06-23 09:37:17,1506.0,58292
2021-06-23 09:37:18,1505.25,58362
2021-06-23 09:37:19,1505.7,58901
2021-06-23 09:37:20,1505.65,59004
2021-06-23 09:37:21,1505.65,59092
2021-06-23 09:37:23,1505.1,59145
2021-06-23 09:37:24,1506.35,59750
2021-06-23 09:37:25,1506.4,59819
2021-06-23 09:37:26,1506.2,61269
2021-06-23 09:37:27,1506.2,61269
2021-06-23 09:37:28,1506.3,61540
2021-06-23 09:37:29,1506.25,61648
2021-06-23 09:37:30,1506.15,61698
2021-06-23 09:37:31,1506.15,61698
2021-06-23 09:37:32,1507.35,61998
2021-06-23 09:37:33,1507.45,62234
2021-06-23 09:37:34,1507.05,62445
2021-06-23 09:37:35,1507.05,62445
2021-06-23 09:37:36,1507.1,62446
2021-06-23 09:37:37,1507.1,62447
2021-06-23 09:37:38,1507.15,62497
2021-06-23 09:37:39,1507.15,62497
2021-06-23 09:37:40,1507.15,62497
2021-06-23 09:37:41,1507.1,62795
2021-06-23 09:37:42,1507.8,62810
2021-06-23 09:37:44,1507.85,62850
2021-06-23 09:37:45,1507.9,63075
2021-06-23 09:37:47,1507.8,63095
2021-06-23 09:37:46,1507.8,63095
2021-06-23 09:37:48,1507.7,63115
2021-06-23 09:37:49,1508.45,63367
2021-06-23 09:37:50,1508.45,63371
2021-06-23 09:37:53,1507.05,63653
2021-06-23 09:37:54,1507.05,63653
2021-06-23 09:37:55,1507.85,63733
2021-06-23 09:37:56,1507.85,63733
2021-06-23 09:37:57,1508.45,63743
2021-06-23 09:37:58,1508.45,63743
2021-06-23 09:37:59,1507.8,63823
2021-06-23 09:38:00,1507.8,64328
2021-06-23 09:38:03,1507.6,64384
2021-06-23 09:38:03,1507.6,64384
2021-06-23 09:38:04,1507.6,64384
2021-06-23 09:38:05,1508.0,64404
2021-06-23 09:38:06,1508.0,64404
2021-06-23 09:38:07,1508.0,64404
2021-06-23 09:38:08,1507.6,64419
2021-06-23 09:38:09,1508.0,64519
2021-06-23 09:38:10,1507.8,64529
2021-06-23 09:38:11,1507.6,64540
2021-06-23 09:38:12,1507.85,64590
2021-06-23 09:38:13,1507.6,64640
2021-06-23 09:38:15,1507.8,64771
2021-06-23 09:38:16,1507.6,64829
2021-06-23 09:38:17,1507.0,64965
2021-06-23 09:38:18,1507.0,64965
2021-06-23 09:38:19,1507.0,64965
2021-06-23 09:38:20,1507.0,64965
2021-06-23 09:38:21,1507.0,64965
2021-06-23 09:38:22,1507.0,64965
2021-06-23 09:38:23,1507.0,64965
2021-06-23 09:38:24,1507.0,64965
2021-06-23 09:38:25,1507.0,64965
2021-06-23 09:38:26,1506.7,65065
2021-06-23 09:38:28,1507.75,65178
2021-06-23 09:38:29,1507.65,65198
2021-06-23 09:38:29,1506.0,65248
2021-06-23 09:38:30,1506.0,65338
2021-06-23 09:38:32,1506.45,65339
2021-06-23 09:38:32,1506.7,65539
2021-06-23 09:38:33,1507.25,65742
2021-06-23 09:38:34,1507.25,65742
2021-06-23 09:38:35,1507.25,65792
2021-06-23 09:38:36,1507.25,65792
2021-06-23 09:38:37,1507.25,65792
2021-06-23 09:38:38,1507.0,65854
2021-06-23 09:38:39,1507.0,65854
2021-06-23 09:38:40,1507.0,66054
2021-06-23 09:38:41,1507.0,66256
2021-06-23 09:38:42,1507.65,66261
2021-06-23 09:38:43,1507.65,66261
2021-06-23 09:38:44,1507.0,66503
2021-06-23 09:38:45,1507.0,66503
2021-06-23 09:38:46,1507.0,66503
2021-06-23 09:38:48,1506.9,66532
2021-06-23 09:38:49,1506.9,66532
2021-06-23 09:38:50,1506.9,66532
2021-06-23 09:38:51,1506.9,66577
2021-06-23 09:38:53,1507.0,66767
2021-06-23 09:38:54,1506.8,66793
2021-06-23 09:38:56,1506.8,66814
2021-06-23 09:38:56,1506.8,66814
2021-06-23 09:38:57,1506.9,66879
2021-06-23 09:38:59,1506.9,66879
2021-06-23 09:38:59,1506.9,66879
2021-06-23 09:39:00,1507.55,66944
2021-06-23 09:39:01,1507.05,67045
2021-06-23 09:39:02,1507.25,67214
2021-06-23 09:39:03,1506.75,67231
2021-06-23 09:39:04,1507.25,67233
2021-06-23 09:39:05,1507.25,67233
2021-06-23 09:39:06,1507.25,67233
2021-06-23 09:39:07,1507.85,67433
2021-06-23 09:39:08,1507.05,67455
2021-06-23 09:39:09,1507.05,67455
2021-06-23 09:39:10,1507.05,67455
2021-06-23 09:39:11,1507.05,67455
2021-06-23 09:39:12,1507.55,67505
2021-06-23 09:39:13,1507.75,67525
2021-06-23 09:39:14,1507.0,67530
2021-06-23 09:39:15,1507.25,67740
2021-06-23 09:39:17,1507.25,67740
2021-06-23 09:39:18,1507.25,67740
2021-06-23 09:39:19,1507.25,67740
2021-06-23 09:39:20,1507.25,67740
2021-06-23 09:39:21,1507.25,67740
2021-06-23 09:39:22,1507.25,67740
2021-06-23 09:39:23,1507.25,67740
2021-06-23 09:39:24,1507.55,67840
2021-06-23 09:39:25,1507.55,67840
2021-06-23 09:39:26,1507.6,67850
2021-06-23 09:39:27,1507.6,67872
2021-06-23 09:39:28,1507.6,67878
2021-06-23 09:39:29,1507.6,67966
2021-06-23 09:39:30,1507.6,67966
2021-06-23 09:39:31,1507.6,67966
2021-06-23 09:39:32,1507.6,67967
2021-06-23 09:39:33,1507.6,67967
2021-06-23 09:39:34,1507.6,67967
2021-06-23 09:39:36,1507.6,67967
2021-06-23 09:39:38,1507.6,68017
2021-06-23 09:39:39,1507.25,68018
2021-06-23 09:39:39,1507.25,68018
2021-06-23 09:39:40,1507.25,68018
2021-06-23 09:39:41,1507.25,68018
2021-06-23 09:39:42,1507.25,68018
2021-06-23 09:39:43,1507.25,68042
2021-06-23 09:39:44,1507.25,68048
2021-06-23 09:39:45,1507.25,68051
2021-06-23 09:39:46,1507.55,68064
2021-06-23 09:39:47,1507.55,68069
2021-06-23 09:39:48,1507.55,68077
2021-06-23 09:39:49,1507.55,68084
2021-06-23 09:39:50,1507.55,68090
2021-06-23 09:39:51,1507.55,68090
2021-06-23 09:39:52,1507.55,68099
2021-06-23 09:39:54,1507.55,68512
2021-06-23 09:39:55,1507.55,68512
2021-06-23 09:39:56,1507.55,68537
2021-06-23 09:39:57,1507.55,68537
2021-06-23 09:39:58,1507.55,68543
2021-06-23 09:39:59,1507.55,68543
2021-06-23 09:40:00,1507.75,68677
2021-06-23 09:40:01,1508.0,68877
2021-06-23 09:40:02,1508.0,68877
2021-06-23 09:40:03,1508.0,68877
2021-06-23 09:40:06,1508.1,68935
2021-06-23 09:40:07,1508.1,68935
2021-06-23 09:40:08,1507.3,68949
2021-06-23 09:40:09,1507.3,68949
2021-06-23 09:40:09,1507.3,68949
2021-06-23 09:40:10,1507.3,68949
2021-06-23 09:40:11,1507.3,68949
2021-06-23 09:40:12,1506.1,69950
2021-06-23 09:40:13,1506.1,69950
2021-06-23 09:40:14,1506.1,69950
2021-06-23 09:40:16,1507.8,70000
2021-06-23 09:40:17,1507.8,70000
2021-06-23 09:40:18,1507.5,70050
2021-06-23 09:40:19,1507.5,70050
2021-06-23 09:40:20,1507.5,70050
2021-06-23 09:40:21,1507.4,70107
2021-06-23 09:40:22,1507.0,70112
2021-06-23 09:40:22,1507.0,70112
2021-06-23 09:40:25,1508.0,70126
2021-06-23 09:40:25,1508.0,70126
2021-06-23 09:40:27,1507.8,70340
2021-06-23 09:40:28,1507.9,70345
2021-06-23 09:40:30,1506.85,70495
2021-06-23 09:40:31,1506.85,70495
2021-06-23 09:40:31,1506.85,70495
2021-06-23 09:40:32,1506.85,70495
2021-06-23 09:40:33,1506.85,70495
2021-06-23 09:40:34,1507.0,70510
2021-06-23 09:40:36,1507.0,70510
2021-06-23 09:40:37,1507.6,70520
2021-06-23 09:40:38,1507.6,70527
2021-06-23 09:40:38,1507.6,70527
2021-06-23 09:40:39,1507.6,70532
2021-06-23 09:40:41,1507.85,70535
2021-06-23 09:40:42,1507.85,70535
2021-06-23 09:40:42,1507.85,70535
2021-06-23 09:40:43,1507.6,70539
2021-06-23 09:40:45,1507.6,70539
2021-06-23 09:40:45,1507.85,70549
2021-06-23 09:40:47,1507.8,70620
2021-06-23 09:40:48,1507.8,70635
2021-06-23 09:40:49,1507.8,70635
2021-06-23 09:40:50,1507.8,70635
2021-06-23 09:40:51,1507.85,70685
2021-06-23 09:40:51,1507.85,70685
2021-06-23 09:40:52,1507.95,70726
2021-06-23 09:40:53,1507.95,70726
2021-06-23 09:40:55,1507.95,70726
2021-06-23 09:40:56,1507.95,70726
2021-06-23 09:40:57,1507.85,70751
2021-06-23 09:40:58,1507.0,70804
2021-06-23 09:40:59,1507.9,70810
2021-06-23 09:41:00,1507.35,70857
2021-06-23 09:41:01,1507.35,70857
2021-06-23 09:41:02,1507.35,70857
2021-06-23 09:41:03,1507.35,70857
2021-06-23 09:41:04,1507.5,70858
2021-06-23 09:41:05,1507.5,70858
2021-06-23 09:41:06,1507.5,70858
2021-06-23 09:41:08,1507.75,70873
2021-06-23 09:41:09,1507.75,70873
2021-06-23 09:41:10,1507.75,70873
2021-06-23 09:41:11,1507.0,70931
2021-06-23 09:41:12,1507.65,70984
2021-06-23 09:41:12,1507.65,70984
2021-06-23 09:41:13,1507.65,70984
2021-06-23 09:41:14,1507.65,70984
2021-06-23 09:41:15,1507.65,70984
2021-06-23 09:41:16,1506.85,71064
2021-06-23 09:41:17,1507.55,71120
2021-06-23 09:41:18,1507.15,71126
2021-06-23 09:41:19,1507.15,71136
2021-06-23 09:41:20,1507.15,71136
2021-06-23 09:41:21,1507.15,71166
2021-06-23 09:41:22,1507.15,71166
2021-06-23 09:41:23,1507.15,71167
2021-06-23 09:41:24,1507.15,71167
2021-06-23 09:41:25,1507.15,71167
2021-06-23 09:41:26,1507.15,71167
2021-06-23 09:41:27,1507.0,71169
2021-06-23 09:41:28,1507.0,71169
2021-06-23 09:41:29,1507.15,71170
2021-06-23 09:41:31,1507.15,71170
2021-06-23 09:41:32,1507.15,71171
2021-06-23 09:41:34,1507.15,71171
2021-06-23 09:41:36,1507.8,71231
2021-06-23 09:41:37,1507.95,71236
2021-06-23 09:41:38,1507.45,71238
2021-06-23 09:41:40,1507.45,71248
2021-06-23 09:41:41,1507.45,71248
2021-06-23 09:41:43,1507.45,71297
2021-06-23 09:41:44,1507.45,71297
2021-06-23 09:41:45,1508.0,71782
2021-06-23 09:41:46,1508.0,71782
2021-06-23 09:41:48,1507.8,71822
2021-06-23 09:41:49,1507.8,71822
2021-06-23 09:41:50,1508.3,71823
2021-06-23 09:41:51,1508.4,71848
2021-06-23 09:41:52,1508.4,71848
2021-06-23 09:41:53,1507.8,71858
2021-06-23 09:41:54,1508.4,72218
2021-06-23 09:41:55,1507.5,72269
2021-06-23 09:41:56,1507.5,72359
2021-06-23 09:41:57,1507.8,72364
2021-06-23 09:41:58,1507.8,72364
2021-06-23 09:41:59,1507.3,72379
2021-06-23 09:42:00,1507.3,72379
2021-06-23 09:42:01,1507.3,72379
2021-06-23 09:42:02,1507.8,72392
2021-06-23 09:42:03,1507.3,72393
2021-06-23 09:42:04,1507.8,72403
2021-06-23 09:42:05,1507.8,72403
2021-06-23 09:42:07,1508.15,72413
2021-06-23 09:42:08,1507.25,73074
2021-06-23 09:42:09,1506.85,73406
2021-06-23 09:42:10,1506.9,73440
2021-06-23 09:42:12,1506.9,73440
2021-06-23 09:42:12,1506.9,73440
2021-06-23 09:42:13,1506.1,73441
2021-06-23 09:42:15,1506.9,73511
2021-06-23 09:42:17,1506.9,73511
2021-06-23 09:42:18,1506.8,73554
2021-06-23 09:42:19,1506.0,73603
2021-06-23 09:42:20,1506.0,73603
2021-06-23 09:42:21,1506.0,73603
2021-06-23 09:42:22,1506.0,73603
2021-06-23 09:42:23,1506.0,73680
2021-06-23 09:42:25,1506.0,73680
2021-06-23 09:42:26,1506.0,73689
2021-06-23 09:42:27,1506.0,73730
2021-06-23 09:42:28,1506.4,73745
2021-06-23 09:42:29,1506.4,73745
2021-06-23 09:42:29,1506.4,73745
2021-06-23 09:42:30,1506.45,73770
2021-06-23 09:42:31,1506.4,73937
2021-06-23 09:42:33,1507.25,73947
2021-06-23 09:42:33,1507.25,73947
2021-06-23 09:42:34,1507.25,73947
2021-06-23 09:42:37,1507.0,74022
2021-06-23 09:42:37,1507.0,74022
2021-06-23 09:42:39,1507.0,74022
2021-06-23 09:42:40,1507.0,74048
2021-06-23 09:42:41,1507.75,74148
2021-06-23 09:42:42,1507.0,74149
2021-06-23 09:42:43,1507.0,74149
2021-06-23 09:42:44,1507.0,74149
2021-06-23 09:42:45,1507.0,74149
2021-06-23 09:42:46,1507.0,74149
2021-06-23 09:42:47,1507.0,74149
2021-06-23 09:42:48,1507.0,74149
2021-06-23 09:42:49,1507.0,74159
2021-06-23 09:42:50,1507.0,74169
2021-06-23 09:42:51,1507.0,74169
2021-06-23 09:42:52,1507.0,74189
2021-06-23 09:42:53,1507.0,74189
2021-06-23 09:42:54,1507.0,74189
2021-06-23 09:42:55,1506.9,75620
2021-06-23 09:42:56,1506.9,75620
2021-06-23 09:42:56,1506.9,75620
2021-06-23 09:42:57,1506.9,75620
2021-06-23 09:42:58,1506.9,75693
2021-06-23 09:42:59,1507.0,75723
2021-06-23 09:43:00,1507.0,75730
2021-06-23 09:43:01,1507.0,75730
2021-06-23 09:43:02,1507.0,75730
2021-06-23 09:43:03,1505.8,75871
2021-06-23 09:43:04,1505.8,75871
2021-06-23 09:43:05,1505.8,75871
2021-06-23 09:43:06,1505.8,75871
2021-06-23 09:43:07,1505.8,75871
2021-06-23 09:43:08,1505.8,75896
2021-06-23 09:43:10,1505.8,75896
2021-06-23 09:43:11,1505.85,75926
2021-06-23 09:43:12,1505.85,75926
2021-06-23 09:43:13,1505.85,75926
2021-06-23 09:43:14,1505.85,75926
2021-06-23 09:43:15,1505.85,75926
2021-06-23 09:43:16,1505.85,75926
2021-06-23 09:43:17,1505.85,75926
2021-06-23 09:43:18,1505.85,75926
2021-06-23 09:43:19,1505.85,75926
2021-06-23 09:43:20,1505.85,75926
2021-06-23 09:43:21,1505.85,75926
2021-06-23 09:43:22,1506.4,75991
2021-06-23 09:43:23,1506.0,75997
2021-06-23 09:43:24,1506.0,75997
2021-06-23 09:43:25,1506.0,76097
2021-06-23 09:43:26,1506.0,76099
2021-06-23 09:43:27,1506.0,76099
2021-06-23 09:43:28,1506.0,76099
2021-06-23 09:43:29,1506.0,76100
2021-06-23 09:43:30,1506.0,76100
2021-06-23 09:43:31,1506.0,76100
2021-06-23 09:43:32,1506.0,76100
2021-06-23 09:43:33,1506.0,76100
2021-06-23 09:43:34,1506.0,76100
2021-06-23 09:43:35,1506.0,76100
2021-06-23 09:43:36,1506.3,76123
2021-06-23 09:43:37,1506.3,76123
2021-06-23 09:43:38,1506.3,76123
2021-06-23 09:43:39,1506.3,76123
2021-06-23 09:43:40,1506.3,76123
2021-06-23 09:43:41,1506.3,76123
2021-06-23 09:43:42,1506.3,76123
2021-06-23 09:43:43,1506.6,76203
2021-06-23 09:43:44,1506.6,76203
2021-06-23 09:43:45,1506.0,76223
2021-06-23 09:43:46,1506.0,76223
2021-06-23 09:43:47,1506.6,76273
2021-06-23 09:43:48,1506.0,76288
2021-06-23 09:43:49,1506.0,76288
2021-06-23 09:43:50,1506.0,76288
2021-06-23 09:43:51,1506.55,76358
2021-06-23 09:43:52,1506.55,76358
2021-06-23 09:43:53,1505.25,76833
2021-06-23 09:43:54,1505.25,76833
2021-06-23 09:43:55,1505.25,76833
2021-06-23 09:43:56,1505.25,76833
2021-06-23 09:43:57,1505.6,76842
2021-06-23 09:43:57,1505.6,76842
2021-06-23 09:43:58,1505.6,76843
2021-06-23 09:43:59,1505.6,76843
2021-06-23 09:44:00,1505.6,76848
2021-06-23 09:44:01,1505.6,76848
2021-06-23 09:44:02,1505.55,76852
2021-06-23 09:44:03,1505.45,76969
2021-06-23 09:44:04,1505.45,76969
2021-06-23 09:44:05,1505.45,76969
2021-06-23 09:44:06,1505.45,76969
2021-06-23 09:44:08,1505.25,77229
2021-06-23 09:44:09,1505.25,77229
2021-06-23 09:44:11,1503.05,77754
2021-06-23 09:44:12,1502.45,78414
2021-06-23 09:44:13,1502.45,78414
2021-06-23 09:44:14,1502.3,78420
2021-06-23 09:44:15,1502.0,78590
2021-06-23 09:44:17,1502.0,78590
2021-06-23 09:44:18,1502.0,78590
2021-06-23 09:44:19,1502.85,78640
2021-06-23 09:44:20,1502.85,78640
2021-06-23 09:44:21,1502.85,78640
2021-06-23 09:44:22,1502.85,78640
2021-06-23 09:44:23,1502.85,78640
2021-06-23 09:44:24,1502.85,78640
2021-06-23 09:44:25,1502.8,78740
2021-06-23 09:44:26,1502.7,78765
2021-06-23 09:44:27,1502.7,78765
2021-06-23 09:44:28,1502.7,78765
2021-06-23 09:44:29,1502.7,78765
2021-06-23 09:44:30,1502.7,78765
2021-06-23 09:44:31,1502.0,78815
2021-06-23 09:44:32,1502.7,79016
2021-06-23 09:44:33,1502.7,79066
2021-06-23 09:44:34,1502.7,79066
2021-06-23 09:44:35,1502.7,79066
2021-06-23 09:44:36,1502.7,79066
2021-06-23 09:44:37,1503.75,79533
2021-06-23 09:44:38,1503.75,79533
2021-06-23 09:44:39,1505.8,79661
2021-06-23 09:44:40,1505.8,79661
2021-06-23 09:44:41,1505.85,79703
2021-06-23 09:44:42,1505.85,79806
2021-06-23 09:44:43,1504.8,79817
2021-06-23 09:44:44,1504.8,79817
2021-06-23 09:44:45,1504.8,79817
2021-06-23 09:44:46,1505.85,79835
2021-06-23 09:44:47,1505.85,79835
2021-06-23 09:44:49,1505.85,79835
2021-06-23 09:44:50,1505.9,79934
2021-06-23 09:44:51,1505.9,79934
2021-06-23 09:44:53,1505.9,79934
2021-06-23 09:44:54,1505.9,79934
2021-06-23 09:44:55,1504.95,79984
2021-06-23 09:44:56,1504.95,79984
2021-06-23 09:44:59,1504.95,79984
2021-06-23 09:45:00,1504.95,79984
2021-06-23 09:45:01,1504.95,79984
2021-06-23 09:45:03,1504.95,79984
2021-06-23 09:45:04,1504.8,80063
2021-06-23 09:45:05,1504.8,80063
2021-06-23 09:45:06,1505.4,80150
2021-06-23 09:45:07,1505.4,80150
2021-06-23 09:45:08,1505.5,80250
2021-06-23 09:45:09,1505.5,80250
2021-06-23 09:45:10,1505.5,80250
2021-06-23 09:45:11,1504.75,80555
2021-06-23 09:45:12,1504.75,80555
2021-06-23 09:45:13,1504.75,80555
2021-06-23 09:45:14,1504.75,80555
2021-06-23 09:45:15,1504.8,80650
2021-06-23 09:45:17,1503.25,80651
2021-06-23 09:45:18,1504.1,80751
2021-06-23 09:45:20,1504.1,80751
2021-06-23 09:45:21,1504.1,80751
2021-06-23 09:45:22,1504.1,80751
2021-06-23 09:45:25,1504.1,80751
2021-06-23 09:45:26,1504.1,80751
2021-06-23 09:45:27,1504.55,80901
2021-06-23 09:45:28,1503.65,81376
2021-06-23 09:45:29,1503.65,81376
2021-06-23 09:45:30,1503.65,81376
2021-06-23 09:45:31,1503.65,81376
2021-06-23 09:45:32,1503.65,81376
2021-06-23 09:45:33,1503.65,81376
2021-06-23 09:45:34,1503.65,81376
2021-06-23 09:45:35,1503.65,81376
2021-06-23 09:45:36,1503.65,81376
2021-06-23 09:45:38,1503.65,81376
2021-06-23 09:45:39,1504.0,81426
2021-06-23 09:45:40,1504.0,81486
2021-06-23 09:45:41,1504.0,81486
2021-06-23 09:45:42,1504.5,81511
2021-06-23 09:45:43,1504.5,81511
2021-06-23 09:45:44,1503.8,81560
2021-06-23 09:45:45,1503.8,81560
2021-06-23 09:45:46,1503.8,81560
2021-06-23 09:45:47,1504.0,81617
2021-06-23 09:45:48,1504.0,81647
2021-06-23 09:45:49,1504.0,81647
2021-06-23 09:45:50,1504.0,81647
2021-06-23 09:45:51,1503.7,81797
2021-06-23 09:45:52,1503.7,81797
2021-06-23 09:45:53,1503.7,81797
2021-06-23 09:45:54,1503.7,81797
2021-06-23 09:45:55,1503.7,81797
2021-06-23 09:45:56,1503.7,81797
2021-06-23 09:45:57,1503.7,81797
2021-06-23 09:45:59,1504.4,81817
2021-06-23 09:45:58,1503.7,81797
2021-06-23 09:46:00,1503.7,81839
2021-06-23 09:46:01,1503.2,81899
2021-06-23 09:46:02,1503.2,81899
2021-06-23 09:46:03,1503.05,82239
2021-06-23 09:46:04,1503.05,82239
2021-06-23 09:46:05,1503.2,82339
2021-06-23 09:46:06,1503.2,82390
2021-06-23 09:46:07,1503.0,82516
2021-06-23 09:46:08,1503.0,82516
2021-06-23 09:46:09,1503.0,82516
2021-06-23 09:46:10,1503.0,82516
2021-06-23 09:46:11,1503.0,82516
2021-06-23 09:46:12,1503.0,82860
2021-06-23 09:46:13,1503.0,82860
2021-06-23 09:46:14,1503.0,82860
2021-06-23 09:46:15,1502.95,82902
2021-06-23 09:46:16,1502.9,83103
2021-06-23 09:46:17,1502.95,83104
2021-06-23 09:46:18,1502.95,83104
2021-06-23 09:46:19,1502.95,83104
2021-06-23 09:46:20,1502.95,83104
2021-06-23 09:46:21,1502.75,83119
2021-06-23 09:46:22,1502.75,83119
2021-06-23 09:46:23,1502.75,83119
2021-06-23 09:46:24,1502.75,83304
2021-06-23 09:46:25,1502.75,83304
2021-06-23 09:46:26,1501.9,83454
2021-06-23 09:46:27,1501.45,83455
2021-06-23 09:46:28,1501.45,83455
2021-06-23 09:46:29,1501.45,83455
2021-06-23 09:46:30,1501.45,83455
2021-06-23 09:46:31,1502.0,83505
2021-06-23 09:46:32,1502.0,83505
2021-06-23 09:46:33,1502.0,83505
2021-06-23 09:46:34,1502.65,83510
2021-06-23 09:46:36,1502.65,83510
2021-06-23 09:46:35,1502.65,83510
2021-06-23 09:46:37,1502.65,83510
2021-06-23 09:46:38,1502.2,83560
2021-06-23 09:46:39,1502.25,83570
2021-06-23 09:46:40,1502.25,83570
2021-06-23 09:46:41,1502.05,83670
2021-06-23 09:46:42,1502.65,83680
2021-06-23 09:46:43,1502.65,83680
2021-06-23 09:46:45,1502.25,83703
2021-06-23 09:46:46,1502.65,83713
2021-06-23 09:46:48,1502.65,83713
2021-06-23 09:46:49,1502.65,83713
2021-06-23 09:46:50,1502.65,83713
2021-06-23 09:46:51,1502.65,83713
2021-06-23 09:46:52,1503.0,83814
2021-06-23 09:46:53,1502.45,83817
2021-06-23 09:46:54,1502.45,83817
2021-06-23 09:46:55,1502.45,83817
2021-06-23 09:46:56,1502.45,83817
2021-06-23 09:46:57,1502.45,83817
2021-06-23 09:46:58,1502.45,83817
2021-06-23 09:46:59,1502.45,83817
2021-06-23 09:47:00,1502.45,83817
2021-06-23 09:47:01,1502.45,83817
2021-06-23 09:47:02,1502.45,83817
2021-06-23 09:47:03,1502.45,83817
2021-06-23 09:47:04,1502.45,83817
2021-06-23 09:47:05,1502.5,83836
2021-06-23 09:47:06,1502.5,83836
2021-06-23 09:47:07,1502.5,83836
2021-06-23 09:47:08,1502.5,83836
2021-06-23 09:47:09,1502.5,83836
2021-06-23 09:47:10,1502.5,83836
2021-06-23 09:47:11,1502.5,83856
2021-06-23 09:47:12,1502.5,83856
2021-06-23 09:47:13,1502.5,83910
2021-06-23 09:47:14,1502.5,83910
2021-06-23 09:47:17,1502.5,83936
2021-06-23 09:47:18,1502.5,83936
2021-06-23 09:47:19,1502.5,83936
2021-06-23 09:47:20,1502.5,83936
2021-06-23 09:47:21,1502.5,83937
2021-06-23 09:47:22,1502.0,83940
2021-06-23 09:47:23,1502.0,83940
2021-06-23 09:47:24,1502.0,83940
2021-06-23 09:47:25,1502.5,83942
2021-06-23 09:47:26,1502.0,84042
2021-06-23 09:47:27,1502.0,84042
2021-06-23 09:47:28,1502.0,84042
2021-06-23 09:47:29,1502.5,84048
2021-06-23 09:47:31,1502.5,84048
2021-06-23 09:47:32,1502.0,84092
2021-06-23 09:47:33,1502.0,84092
2021-06-23 09:47:34,1502.0,84092
2021-06-23 09:47:35,1502.0,84092
2021-06-23 09:47:36,1502.5,84102
2021-06-23 09:47:37,1502.5,84102
2021-06-23 09:47:38,1502.5,84694
2021-06-23 09:47:39,1502.1,84724
2021-06-23 09:47:40,1502.1,84724
2021-06-23 09:47:41,1502.1,84724
2021-06-23 09:47:43,1502.1,84724
2021-06-23 09:47:44,1502.1,84754
2021-06-23 09:47:45,1502.1,84754
2021-06-23 09:47:46,1502.1,84754
2021-06-23 09:47:47,1502.1,84757
2021-06-23 09:47:48,1502.1,84757
2021-06-23 09:47:49,1502.1,84757
2021-06-23 09:47:50,1502.1,84757
2021-06-23 09:47:51,1502.1,84757
2021-06-23 09:47:52,1501.5,84990
2021-06-23 09:47:53,1501.5,85009
2021-06-23 09:47:54,1501.5,85009
2021-06-23 09:47:55,1501.95,85017
2021-06-23 09:47:56,1501.5,85027
2021-06-23 09:47:57,1501.5,85027
2021-06-23 09:47:58,1502.05,85177
2021-06-23 09:47:59,1502.05,85177
2021-06-23 09:48:00,1501.9,85209
2021-06-23 09:48:01,1501.9,85209
2021-06-23 09:48:02,1501.9,85209
2021-06-23 09:48:03,1501.9,85209
2021-06-23 09:48:04,1501.9,85209
2021-06-23 09:48:05,1501.9,85209
2021-06-23 09:48:06,1501.9,85209
2021-06-23 09:48:07,1501.55,85213
2021-06-23 09:48:08,1501.55,85213
2021-06-23 09:48:09,1502.25,85214
2021-06-23 09:48:10,1501.55,85234
2021-06-23 09:48:11,1501.55,85240
2021-06-23 09:48:12,1501.55,85240
2021-06-23 09:48:13,1501.55,85309
2021-06-23 09:48:14,1501.55,85309
2021-06-23 09:48:15,1502.0,85311
2021-06-23 09:48:16,1502.0,85311
2021-06-23 09:48:17,1502.0,85311
2021-06-23 09:48:19,1501.55,85314
2021-06-23 09:48:20,1501.55,85314
2021-06-23 09:48:21,1501.55,85314
2021-06-23 09:48:22,1501.55,85314
2021-06-23 09:48:23,1501.55,85314
2021-06-23 09:48:24,1503.0,86315
2021-06-23 09:48:25,1503.0,86315
2021-06-23 09:48:26,1502.2,86347
2021-06-23 09:48:27,1502.95,86357
2021-06-23 09:48:28,1503.0,86513
2021-06-23 09:48:29,1503.0,86557
2021-06-23 09:48:30,1502.95,86601
2021-06-23 09:48:31,1502.95,86601
2021-06-23 09:48:32,1502.95,86601
2021-06-23 09:48:33,1502.95,86601
2021-06-23 09:48:34,1502.95,86601
2021-06-23 09:48:35,1502.95,86601
2021-06-23 09:48:36,1502.45,86609
2021-06-23 09:48:37,1502.45,86609
2021-06-23 09:48:38,1502.45,86609
2021-06-23 09:48:39,1502.45,86609
2021-06-23 09:48:40,1502.4,86709
2021-06-23 09:48:41,1502.4,86709
2021-06-23 09:48:42,1502.45,86749
2021-06-23 09:48:43,1502.45,86749
2021-06-23 09:48:44,1502.45,86749
2021-06-23 09:48:45,1502.0,86759
2021-06-23 09:48:46,1502.5,86789
2021-06-23 09:48:47,1502.5,86789
2021-06-23 09:48:48,1502.5,86833
2021-06-23 09:48:50,1502.1,86883
2021-06-23 09:48:50,1502.1,86883
2021-06-23 09:48:51,1502.1,86883
2021-06-23 09:48:52,1502.35,87414
2021-06-23 09:48:53,1502.35,87414
2021-06-23 09:48:54,1502.1,87424
2021-06-23 09:48:55,1502.1,87424
2021-06-23 09:48:56,1502.1,87424
2021-06-23 09:48:57,1502.85,87444
2021-06-23 09:48:58,1502.85,87461
2021-06-23 09:48:59,1502.1,87471
2021-06-23 09:49:00,1502.85,87472
2021-06-23 09:49:01,1502.85,87472
2021-06-23 09:49:02,1502.9,87475
2021-06-23 09:49:03,1502.9,87475
2021-06-23 09:49:04,1502.6,87505
2021-06-23 09:49:06,1503.45,87576
2021-06-23 09:49:06,1503.45,87576
2021-06-23 09:49:07,1502.6,87621
2021-06-23 09:49:08,1502.9,87622
2021-06-23 09:49:09,1502.9,87622
2021-06-23 09:49:10,1502.9,87622
2021-06-23 09:49:11,1503.4,87677
2021-06-23 09:49:12,1503.4,87677
2021-06-23 09:49:13,1503.4,87677
2021-06-23 09:49:14,1503.4,87677
2021-06-23 09:49:15,1503.05,87685
2021-06-23 09:49:16,1503.05,87685
2021-06-23 09:49:17,1503.05,87685
2021-06-23 09:49:19,1503.4,87711
2021-06-23 09:49:20,1503.4,87711
2021-06-23 09:49:20,1503.4,87711
2021-06-23 09:49:21,1503.4,87711
2021-06-23 09:49:22,1503.4,87711
2021-06-23 09:49:23,1503.4,87711
2021-06-23 09:49:25,1503.4,87711
2021-06-23 09:49:26,1503.4,87711
2021-06-23 09:49:26,1502.85,88011
2021-06-23 09:49:27,1503.0,88044
2021-06-23 09:49:29,1503.3,88053
2021-06-23 09:49:29,1503.3,88053
2021-06-23 09:49:30,1503.3,88053
2021-06-23 09:49:31,1503.05,88054
2021-06-23 09:49:32,1503.05,88054
2021-06-23 09:49:33,1503.05,88054
2021-06-23 09:49:34,1503.05,88054
2021-06-23 09:49:35,1503.05,88054
2021-06-23 09:49:36,1503.05,88054
2021-06-23 09:49:37,1503.05,88054
2021-06-23 09:49:38,1503.05,88054
2021-06-23 09:49:39,1503.05,88054
2021-06-23 09:49:41,1503.05,88054
2021-06-23 09:49:42,1503.05,88054
2021-06-23 09:49:43,1503.05,88054
2021-06-23 09:49:44,1502.9,88060
2021-06-23 09:49:45,1502.6,88066
2021-06-23 09:49:46,1502.0,88104
2021-06-23 09:49:47,1502.45,88111
2021-06-23 09:49:49,1502.45,88111
2021-06-23 09:49:50,1502.9,88134
2021-06-23 09:49:51,1502.2,88204
2021-06-23 09:49:52,1502.2,88204
2021-06-23 09:49:54,1502.2,88204
2021-06-23 09:49:54,1502.2,88204
2021-06-23 09:49:55,1502.2,88204
2021-06-23 09:49:56,1502.2,88204
2021-06-23 09:49:57,1502.2,88204
2021-06-23 09:49:58,1502.2,88204
2021-06-23 09:49:59,1502.2,88204
2021-06-23 09:50:00,1502.2,88204
2021-06-23 09:50:01,1502.2,88204
2021-06-23 09:50:02,1502.9,88214
2021-06-23 09:50:03,1502.9,88214
2021-06-23 09:50:05,1502.25,88257
2021-06-23 09:50:06,1502.25,88307
2021-06-23 09:50:06,1502.25,88257
2021-06-23 09:50:08,1502.25,88307
2021-06-23 09:50:09,1502.25,88307
2021-06-23 09:50:10,1502.25,88307
2021-06-23 09:50:11,1502.25,88307
2021-06-23 09:50:12,1502.25,88307
2021-06-23 09:50:13,1502.85,88308
2021-06-23 09:50:14,1502.85,88308
2021-06-23 09:50:15,1502.9,88323
2021-06-23 09:50:16,1502.9,88323
2021-06-23 09:50:17,1502.9,88323
2021-06-23 09:50:18,1502.9,88323
2021-06-23 09:50:19,1502.9,88383
2021-06-23 09:50:20,1502.9,88383
2021-06-23 09:50:21,1502.9,88393
2021-06-23 09:50:22,1502.9,88393
2021-06-23 09:50:23,1502.55,88438
2021-06-23 09:50:24,1502.55,88438
2021-06-23 09:50:25,1502.9,88444
2021-06-23 09:50:26,1502.9,88444
2021-06-23 09:50:27,1502.9,88444
2021-06-23 09:50:28,1502.9,88444
2021-06-23 09:50:30,1502.9,88701
2021-06-23 09:50:30,1503.05,88781
2021-06-23 09:50:31,1503.05,88781
2021-06-23 09:50:32,1503.05,88781
2021-06-23 09:50:33,1503.4,88791
2021-06-23 09:50:34,1503.4,88791
2021-06-23 09:50:35,1503.4,88796
2021-06-23 09:50:37,1503.4,88919
2021-06-23 09:50:38,1503.4,88919
2021-06-23 09:50:39,1503.4,88942
2021-06-23 09:50:40,1503.35,89192
2021-06-23 09:50:41,1503.35,89221
2021-06-23 09:50:42,1502.4,89265
2021-06-23 09:50:43,1502.4,89265
2021-06-23 09:50:45,1502.4,89265
2021-06-23 09:50:46,1502.4,89265
2021-06-23 09:50:47,1502.4,89265
2021-06-23 09:50:48,1502.4,89265
2021-06-23 09:50:49,1502.4,89265
2021-06-23 09:50:50,1503.35,89385
2021-06-23 09:50:51,1503.35,89385
2021-06-23 09:50:52,1503.35,89385
2021-06-23 09:50:53,1503.0,89388
2021-06-23 09:50:54,1502.05,89771
2021-06-23 09:50:56,1503.0,89774
2021-06-23 09:50:57,1502.05,90107
2021-06-23 09:50:57,1502.05,90107
2021-06-23 09:50:58,1502.1,90108
2021-06-23 09:51:00,1502.0,90479
2021-06-23 09:51:01,1502.05,90525
2021-06-23 09:51:00,1502.0,90479
2021-06-23 09:51:02,1501.85,90858
2021-06-23 09:51:03,1501.85,90858
2021-06-23 09:51:04,1502.35,91142
2021-06-23 09:51:05,1502.4,91143
2021-06-23 09:51:08,1502.4,91266
2021-06-23 09:51:09,1502.4,91266
2021-06-23 09:51:10,1502.4,91289
2021-06-23 09:51:10,1502.4,91289
2021-06-23 09:51:11,1502.4,91289
2021-06-23 09:51:13,1502.95,91290
2021-06-23 09:51:13,1502.95,91290
2021-06-23 09:51:14,1502.95,91290
2021-06-23 09:51:15,1502.95,91290
2021-06-23 09:51:16,1502.95,91290
2021-06-23 09:51:17,1502.95,91303
2021-06-23 09:51:19,1502.95,91309
2021-06-23 09:51:19,1502.95,91309
2021-06-23 09:51:20,1502.4,91354
2021-06-23 09:51:21,1502.4,91354
2021-06-23 09:51:22,1502.95,91357
2021-06-23 09:51:23,1502.95,91357
2021-06-23 09:51:24,1502.95,91372
2021-06-23 09:51:25,1502.95,91372
2021-06-23 09:51:26,1502.95,91372
2021-06-23 09:51:27,1502.95,91372
2021-06-23 09:51:28,1502.95,91372
2021-06-23 09:51:29,1502.95,91375
2021-06-23 09:51:30,1502.95,91375
2021-06-23 09:51:32,1502.95,91375
2021-06-23 09:51:33,1502.95,91375
2021-06-23 09:51:33,1502.95,91375
2021-06-23 09:51:34,1502.95,91375
2021-06-23 09:51:35,1502.95,91391
2021-06-23 09:51:36,1502.95,91392
2021-06-23 09:51:37,1502.95,91392
2021-06-23 09:51:38,1502.95,91392
2021-06-23 09:51:40,1502.5,91436
2021-06-23 09:51:41,1502.5,91436
2021-06-23 09:51:42,1502.5,91436
2021-06-23 09:51:43,1502.5,91436
2021-06-23 09:51:44,1502.95,91446
2021-06-23 09:51:45,1502.95,91446
2021-06-23 09:51:46,1502.95,91446
2021-06-23 09:51:47,1502.95,91446
2021-06-23 09:51:48,1502.95,91446
2021-06-23 09:51:49,1502.5,91492
2021-06-23 09:51:50,1502.5,91492
2021-06-23 09:51:51,1502.5,91492
2021-06-23 09:51:54,1502.5,91492
2021-06-23 09:51:55,1502.5,91492
2021-06-23 09:51:56,1502.5,91526
2021-06-23 09:51:57,1502.5,91526
2021-06-23 09:51:58,1502.4,91681
2021-06-23 09:51:59,1502.0,91725
2021-06-23 09:52:00,1502.55,91735
2021-06-23 09:52:01,1502.55,91735
2021-06-23 09:52:01,1502.0,91932
2021-06-23 09:52:02,1502.4,91942
2021-06-23 09:52:03,1502.35,91965
2021-06-23 09:52:04,1501.95,91970
2021-06-23 09:52:05,1501.95,91970
2021-06-23 09:52:06,1501.95,91970
2021-06-23 09:52:07,1501.5,91982
2021-06-23 09:52:08,1501.5,91982
2021-06-23 09:52:09,1501.5,91982
2021-06-23 09:52:11,1501.5,91982
2021-06-23 09:52:12,1501.5,91982
2021-06-23 09:52:12,1501.5,91982
2021-06-23 09:52:14,1501.2,92097
2021-06-23 09:52:15,1501.9,92103
2021-06-23 09:52:16,1501.9,92103
2021-06-23 09:52:17,1501.1,92148
2021-06-23 09:52:18,1502.0,92152
2021-06-23 09:52:20,1501.95,92157
2021-06-23 09:52:21,1501.95,92157
2021-06-23 09:52:22,1501.95,92182
2021-06-23 09:52:22,1501.95,92182
2021-06-23 09:52:23,1501.0,92645
2021-06-23 09:52:24,1501.0,92645
2021-06-23 09:52:26,1501.0,92665
2021-06-23 09:52:26,1501.0,92665
2021-06-23 09:52:27,1501.0,92665
2021-06-23 09:52:29,1501.0,92665
2021-06-23 09:52:30,1501.0,92759
2021-06-23 09:52:30,1501.0,92759
2021-06-23 09:52:31,1501.05,93070
2021-06-23 09:52:32,1501.05,93070
2021-06-23 09:52:33,1501.05,93070
2021-06-23 09:52:34,1501.05,93070
2021-06-23 09:52:35,1501.05,93070
2021-06-23 09:52:36,1501.25,93114
2021-06-23 09:52:37,1501.25,93114
2021-06-23 09:52:38,1501.25,93114
2021-06-23 09:52:39,1502.0,93117
2021-06-23 09:52:40,1502.0,93118
2021-06-23 09:52:41,1502.0,93119
2021-06-23 09:52:43,1502.0,93135
2021-06-23 09:52:44,1502.0,93135
2021-06-23 09:52:46,1502.0,93135
2021-06-23 09:52:47,1501.95,93139
2021-06-23 09:52:48,1501.5,93144
2021-06-23 09:52:49,1501.5,93144
2021-06-23 09:52:49,1501.5,93144
2021-06-23 09:52:50,1501.5,93177
2021-06-23 09:52:52,1501.5,93177
2021-06-23 09:52:53,1501.5,93177
2021-06-23 09:52:53,1501.5,93177
2021-06-23 09:52:55,1502.0,93181
2021-06-23 09:52:55,1501.5,93190
2021-06-23 09:52:56,1502.0,93400
2021-06-23 09:52:57,1502.0,93400
2021-06-23 09:52:58,1501.85,93575
2021-06-23 09:52:59,1501.85,93575
2021-06-23 09:53:00,1501.85,93581
2021-06-23 09:53:01,1501.85,93581
2021-06-23 09:53:02,1501.95,93602
2021-06-23 09:53:03,1501.95,93602
2021-06-23 09:53:04,1501.95,93602
2021-06-23 09:53:05,1502.0,93604
2021-06-23 09:53:06,1501.05,94072
2021-06-23 09:53:08,1501.05,94072
2021-06-23 09:53:09,1501.05,94072
2021-06-23 09:53:09,1501.05,94072
2021-06-23 09:53:11,1502.0,94232
2021-06-23 09:53:11,1502.0,94232
2021-06-23 09:53:12,1501.15,94323
2021-06-23 09:53:14,1501.05,94458
2021-06-23 09:53:15,1500.0,95674
2021-06-23 09:53:16,1500.15,95679
2021-06-23 09:53:17,1500.15,95679
2021-06-23 09:53:18,1500.15,95767
2021-06-23 09:53:19,1500.15,95767
2021-06-23 09:53:20,1500.15,95856
2021-06-23 09:53:21,1500.15,95856
2021-06-23 09:53:22,1500.05,95990
2021-06-23 09:53:23,1500.05,95990
2021-06-23 09:53:24,1500.0,96035
2021-06-23 09:53:25,1500.0,96035
2021-06-23 09:53:26,1500.0,96035
2021-06-23 09:53:26,1500.0,96035
2021-06-23 09:53:27,1500.05,96097
2021-06-23 09:53:28,1500.05,96141
2021-06-23 09:53:29,1500.05,96141
2021-06-23 09:53:31,1500.0,96185
2021-06-23 09:53:32,1500.9,96330
2021-06-23 09:53:33,1500.35,96569
2021-06-23 09:53:33,1500.05,96969
2021-06-23 09:53:34,1501.0,97113
2021-06-23 09:53:35,1500.15,97123
2021-06-23 09:53:37,1500.2,97167
2021-06-23 09:53:38,1500.0,97328
2021-06-23 09:53:38,1500.0,97328
2021-06-23 09:53:40,1500.0,97372
2021-06-23 09:53:40,1500.65,98477
2021-06-23 09:53:41,1500.65,98521
2021-06-23 09:53:42,1500.65,98521
2021-06-23 09:53:44,1500.7,98565
2021-06-23 09:53:45,1500.7,98609
2021-06-23 09:53:46,1500.7,98609
2021-06-23 09:53:47,1500.45,98653
2021-06-23 09:53:48,1500.3,98697
2021-06-23 09:53:48,1500.3,98697
2021-06-23 09:53:49,1500.3,98697
2021-06-23 09:53:50,1500.25,98741
2021-06-23 09:53:51,1500.15,98841
2021-06-23 09:53:52,1500.15,98911
2021-06-23 09:53:53,1500.2,98955
2021-06-23 09:53:55,1501.05,98975
2021-06-23 09:53:56,1501.05,98975
2021-06-23 09:53:57,1501.05,98975
2021-06-23 09:53:58,1501.05,98975
2021-06-23 09:53:59,1501.05,98975
2021-06-23 09:54:00,1501.05,98975
2021-06-23 09:54:01,1501.05,98975
2021-06-23 09:54:02,1501.05,98975
2021-06-23 09:54:03,1501.0,98976
2021-06-23 09:54:04,1501.0,98976
2021-06-23 09:54:05,1501.05,99086
2021-06-23 09:54:06,1500.6,99087
2021-06-23 09:54:07,1500.6,99087
2021-06-23 09:54:08,1501.05,99099
2021-06-23 09:54:09,1501.05,99099
2021-06-23 09:54:10,1501.05,99099
2021-06-23 09:54:11,1501.05,99099
2021-06-23 09:54:12,1500.6,99145
2021-06-23 09:54:13,1500.6,99145
2021-06-23 09:54:14,1500.6,99145
2021-06-23 09:54:15,1501.0,99160
2021-06-23 09:54:16,1500.15,99295
2021-06-23 09:54:16,1500.15,99295
2021-06-23 09:54:17,1500.15,99295
2021-06-23 09:54:18,1500.15,99295
2021-06-23 09:54:19,1500.15,99295
2021-06-23 09:54:20,1500.15,99295
2021-06-23 09:54:22,1500.15,99295
2021-06-23 09:54:23,1500.15,99295
2021-06-23 09:54:25,1500.15,99315
2021-06-23 09:54:24,1500.15,99315
2021-06-23 09:54:26,1500.15,99315
2021-06-23 09:54:27,1500.15,99315
2021-06-23 09:54:28,1500.15,99315
2021-06-23 09:54:29,1500.15,99315
2021-06-23 09:54:30,1500.15,99325
2021-06-23 09:54:31,1500.15,99375
2021-06-23 09:54:31,1500.15,99375
2021-06-23 09:54:32,1500.15,99375
2021-06-23 09:54:33,1500.15,99375
2021-06-23 09:54:35,1500.15,99375
2021-06-23 09:54:35,1500.15,99375
2021-06-23 09:54:38,1500.15,99900
2021-06-23 09:54:38,1500.75,99906
2021-06-23 09:54:39,1500.15,99916
2021-06-23 09:54:40,1500.15,99916
2021-06-23 09:54:41,1500.15,99916
2021-06-23 09:54:43,1500.0,100005
2021-06-23 09:54:45,1500.0,100060
2021-06-23 09:54:46,1500.0,100060
2021-06-23 09:54:47,1500.15,100063
2021-06-23 09:54:48,1498.65,102207
2021-06-23 09:54:49,1498.65,102207
2021-06-23 09:54:49,1498.05,102342
2021-06-23 09:54:50,1498.0,103121
2021-06-23 09:54:51,1498.0,103189
2021-06-23 09:54:53,1498.0,103189
2021-06-23 09:54:54,1498.0,103189
2021-06-23 09:54:55,1499.45,104189
2021-06-23 09:54:56,1499.45,104189
2021-06-23 09:54:57,1498.25,104190
2021-06-23 09:54:58,1498.25,104190
2021-06-23 09:54:59,1498.25,104190
2021-06-23 09:55:00,1498.35,104365
2021-06-23 09:55:00,1498.35,104365
2021-06-23 09:55:02,1498.0,104465
2021-06-23 09:55:03,1498.0,104465
2021-06-23 09:55:04,1498.65,104485
2021-06-23 09:55:05,1498.65,104485
2021-06-23 09:55:06,1498.0,104585
2021-06-23 09:55:06,1498.0,104585
2021-06-23 09:55:08,1498.2,104593
2021-06-23 09:55:09,1498.2,104613
2021-06-23 09:55:11,1498.55,104672
2021-06-23 09:55:13,1498.55,104687
2021-06-23 09:55:14,1498.0,104692
2021-06-23 09:55:14,1498.0,104692
2021-06-23 09:55:16,1498.0,104692
2021-06-23 09:55:17,1498.0,104692
2021-06-23 09:55:18,1498.0,104711
2021-06-23 09:55:19,1498.0,105251
2021-06-23 09:55:20,1498.0,105251
2021-06-23 09:55:21,1498.0,105251
2021-06-23 09:55:22,1498.0,105285
2021-06-23 09:55:23,1498.0,105285
2021-06-23 09:55:24,1498.0,105285
2021-06-23 09:55:24,1498.0,105290
2021-06-23 09:55:26,1497.8,105390
2021-06-23 09:55:27,1497.8,105423
2021-06-23 09:55:28,1497.8,105438
2021-06-23 09:55:29,1497.55,105445
2021-06-23 09:55:30,1497.55,105445
2021-06-23 09:55:31,1497.55,105445
2021-06-23 09:55:32,1497.6,105472
2021-06-23 09:55:32,1497.6,105472
2021-06-23 09:55:34,1497.8,105530
2021-06-23 09:55:35,1498.0,105535
2021-06-23 09:55:36,1498.2,105685
2021-06-23 09:55:37,1498.85,105695
2021-06-23 09:55:37,1498.85,105695
2021-06-23 09:55:39,1498.85,105695
2021-06-23 09:55:40,1498.85,105695
2021-06-23 09:55:41,1498.0,105735
2021-06-23 09:55:42,1498.0,105735
2021-06-23 09:55:43,1498.0,105735
2021-06-23 09:55:44,1498.0,105735
2021-06-23 09:55:45,1498.9,105745
2021-06-23 09:55:46,1498.9,105745
2021-06-23 09:55:47,1498.15,105789
2021-06-23 09:55:48,1498.95,105795
2021-06-23 09:55:49,1498.95,105795
2021-06-23 09:55:50,1498.95,105801
2021-06-23 09:55:51,1498.9,105802
2021-06-23 09:55:52,1498.5,105803
2021-06-23 09:55:53,1498.5,105803
2021-06-23 09:55:54,1498.5,105803
2021-06-23 09:55:55,1498.5,105803
2021-06-23 09:55:56,1498.5,105803
2021-06-23 09:55:57,1497.85,106053
2021-06-23 09:55:58,1498.5,106063
2021-06-23 09:55:59,1498.5,106076
2021-06-23 09:56:00,1498.5,106076
2021-06-23 09:56:01,1497.1,106923
2021-06-23 09:56:02,1497.1,106923
2021-06-23 09:56:03,1498.3,106971
2021-06-23 09:56:04,1498.45,106984
2021-06-23 09:56:05,1497.0,107656
2021-06-23 09:56:06,1497.15,107701
2021-06-23 09:56:07,1497.15,107701
2021-06-23 09:56:08,1497.15,107701
2021-06-23 09:56:09,1497.15,107734
2021-06-23 09:56:10,1496.65,108429
2021-06-23 09:56:10,1496.05,109101
2021-06-23 09:56:13,1497.15,109102
2021-06-23 09:56:13,1496.0,110011
2021-06-23 09:56:15,1496.7,110111
2021-06-23 09:56:15,1496.7,110111
2021-06-23 09:56:17,1496.0,110290
2021-06-23 09:56:17,1495.75,110627
2021-06-23 09:56:19,1495.75,110712
2021-06-23 09:56:20,1495.0,111830
2021-06-23 09:56:21,1495.0,111830
2021-06-23 09:56:21,1495.0,111830
2021-06-23 09:56:23,1495.0,111926
2021-06-23 09:56:24,1493.35,113493
2021-06-23 09:56:25,1494.15,113768
2021-06-23 09:56:27,1493.4,114180
2021-06-23 09:56:28,1493.7,114201
2021-06-23 09:56:29,1493.45,114211
2021-06-23 09:56:30,1493.45,114211
2021-06-23 09:56:31,1494.15,114216
2021-06-23 09:56:32,1494.3,114277
2021-06-23 09:56:33,1493.1,114397
2021-06-23 09:56:34,1493.95,114633
2021-06-23 09:56:35,1493.8,114946
2021-06-23 09:56:36,1494.95,114979
2021-06-23 09:56:37,1495.0,114999
2021-06-23 09:56:38,1495.0,115013
2021-06-23 09:56:39,1495.0,115029
2021-06-23 09:56:40,1494.3,115341
2021-06-23 09:56:41,1493.55,115441
2021-06-23 09:56:42,1493.45,115552
2021-06-23 09:56:43,1494.6,115555
2021-06-23 09:56:45,1494.55,116176
2021-06-23 09:56:46,1494.2,116229
2021-06-23 09:56:47,1494.9,116230
2021-06-23 09:56:48,1494.95,116240
2021-06-23 09:56:50,1494.9,116250
2021-06-23 09:56:51,1494.95,116269
2021-06-23 09:56:52,1494.05,116425
2021-06-23 09:56:53,1494.05,116425
2021-06-23 09:56:54,1494.55,116430
2021-06-23 09:56:55,1493.45,116905
2021-06-23 09:56:56,1493.45,116905
2021-06-23 09:56:57,1494.5,117040
2021-06-23 09:56:58,1494.25,117065
2021-06-23 09:56:59,1494.55,117145
2021-06-23 09:57:00,1494.9,117200
2021-06-23 09:57:01,1494.9,117200
2021-06-23 09:57:02,1493.95,117240
2021-06-23 09:57:03,1495.0,120688
2021-06-23 09:57:04,1495.05,121367
2021-06-23 09:57:05,1495.95,121374
2021-06-23 09:57:05,1495.0,121486
2021-06-23 09:57:06,1495.95,121506
2021-06-23 09:57:07,1495.9,121562
2021-06-23 09:57:08,1495.8,121687
2021-06-23 09:57:09,1495.05,121737
2021-06-23 09:57:10,1495.05,121737
2021-06-23 09:57:12,1495.05,121737
2021-06-23 09:57:13,1495.25,121838
2021-06-23 09:57:15,1495.25,121839
2021-06-23 09:57:16,1496.0,121859
2021-06-23 09:57:17,1496.0,121874
2021-06-23 09:57:18,1495.25,121884
2021-06-23 09:57:19,1496.0,121901
2021-06-23 09:57:20,1496.0,121901
2021-06-23 09:57:21,1495.25,121935
2021-06-23 09:57:22,1495.0,122044
2021-06-23 09:57:23,1495.0,122044
2021-06-23 09:57:24,1496.0,122105
2021-06-23 09:57:25,1496.0,122105
2021-06-23 09:57:26,1496.0,122105
2021-06-23 09:57:27,1495.25,122115
2021-06-23 09:57:28,1495.25,122115
2021-06-23 09:57:29,1495.25,122115
2021-06-23 09:57:30,1495.25,122115
2021-06-23 09:57:31,1495.25,122115
2021-06-23 09:57:32,1495.25,122115
2021-06-23 09:57:33,1495.1,122140
2021-06-23 09:57:34,1495.1,122140
2021-06-23 09:57:35,1495.15,122151
2021-06-23 09:57:36,1495.7,122208
2021-06-23 09:57:37,1495.7,122208
2021-06-23 09:57:38,1495.4,122213
2021-06-23 09:57:39,1495.4,122213
2021-06-23 09:57:40,1495.35,122259
2021-06-23 09:57:41,1495.35,122259
2021-06-23 09:57:42,1495.35,122259
2021-06-23 09:57:43,1495.35,122259
2021-06-23 09:57:44,1495.35,122259
2021-06-23 09:57:45,1495.35,122259
2021-06-23 09:57:46,1495.35,122259
2021-06-23 09:57:47,1495.55,122764
2021-06-23 09:57:48,1495.55,122764
2021-06-23 09:57:49,1495.6,122779
2021-06-23 09:57:50,1495.6,122779
2021-06-23 09:57:51,1495.6,122779
2021-06-23 09:57:52,1495.6,122779
2021-06-23 09:57:53,1496.4,122781
2021-06-23 09:57:54,1496.4,122781
2021-06-23 09:57:55,1495.65,122791
2021-06-23 09:57:56,1495.65,122791
2021-06-23 09:57:57,1495.65,122791
2021-06-23 09:57:58,1495.75,122792
2021-06-23 09:57:59,1495.75,122857
2021-06-23 09:58:00,1495.6,123007
2021-06-23 09:58:01,1495.6,123007
2021-06-23 09:58:02,1496.45,123009
2021-06-23 09:58:03,1496.45,123009
2021-06-23 09:58:04,1496.45,123059
2021-06-23 09:58:05,1496.45,123059
2021-06-23 09:58:06,1496.45,123064
2021-06-23 09:58:07,1496.45,123064
2021-06-23 09:58:08,1496.45,123064
2021-06-23 09:58:09,1497.3,123174
2021-06-23 09:58:10,1497.3,123174
2021-06-23 09:58:11,1497.3,123174
2021-06-23 09:58:12,1497.4,123249
2021-06-23 09:58:13,1497.4,123249
2021-06-23 09:58:14,1497.4,123250
2021-06-23 09:58:16,1497.4,123361
2021-06-23 09:58:17,1497.4,123361
2021-06-23 09:58:18,1496.5,123398
2021-06-23 09:58:19,1496.45,123405
2021-06-23 09:58:20,1496.45,123421
2021-06-23 09:58:21,1496.45,123421
2021-06-23 09:58:22,1496.45,123421
2021-06-23 09:58:24,1496.45,123512
2021-06-23 09:58:25,1497.3,123513
2021-06-23 09:58:26,1497.3,123513
2021-06-23 09:58:27,1497.3,123513
2021-06-23 09:58:28,1497.3,123513
2021-06-23 09:58:29,1497.1,123526
2021-06-23 09:58:30,1497.0,123527
2021-06-23 09:58:31,1497.1,123538
2021-06-23 09:58:32,1497.1,123542
2021-06-23 09:58:33,1497.1,123542
2021-06-23 09:58:34,1497.1,123542
2021-06-23 09:58:35,1497.1,123553
2021-06-23 09:58:36,1497.1,123553
2021-06-23 09:58:37,1496.45,123652
2021-06-23 09:58:38,1496.45,123652
2021-06-23 09:58:39,1496.45,123652
2021-06-23 09:58:40,1497.0,123672
2021-06-23 09:58:41,1497.0,123673
2021-06-23 09:58:42,1496.45,123678
2021-06-23 09:58:46,1496.9,123715
2021-06-23 09:58:48,1496.0,124010
2021-06-23 09:58:49,1496.0,124010
2021-06-23 09:58:50,1496.0,124010
2021-06-23 09:58:51,1496.0,124010
2021-06-23 09:58:52,1496.0,124010
2021-06-23 09:58:53,1496.0,124010
2021-06-23 09:58:54,1496.0,124010
2021-06-23 09:58:55,1495.95,124030
2021-06-23 09:58:56,1495.6,124035
2021-06-23 09:58:57,1495.6,124035
2021-06-23 09:58:58,1495.55,124045
2021-06-23 09:58:59,1495.45,124065
2021-06-23 09:59:00,1495.45,124065
2021-06-23 09:59:01,1495.9,124100
2021-06-23 09:59:02,1495.2,124300
2021-06-23 09:59:03,1495.2,124300
2021-06-23 09:59:05,1495.2,124300
2021-06-23 09:59:06,1495.2,124300
2021-06-23 09:59:07,1495.2,124300
2021-06-23 09:59:08,1495.2,124300
2021-06-23 09:59:09,1495.2,124300
2021-06-23 09:59:11,1495.2,124300
2021-06-23 09:59:12,1495.2,124830
2021-06-23 09:59:13,1495.2,124830
2021-06-23 09:59:14,1496.3,124834
2021-06-23 09:59:15,1495.95,124855
2021-06-23 09:59:16,1495.0,124983
2021-06-23 09:59:17,1495.0,124983
2021-06-23 09:59:18,1495.0,124983
2021-06-23 09:59:19,1495.0,124983
2021-06-23 09:59:20,1496.2,125037
2021-06-23 09:59:21,1496.2,125037
2021-06-23 09:59:22,1496.2,125037
2021-06-23 09:59:23,1496.45,125091
2021-06-23 09:59:24,1496.45,125091
2021-06-23 09:59:25,1496.45,125091
2021-06-23 09:59:26,1495.85,125111
2021-06-23 09:59:27,1495.85,125161
2021-06-23 09:59:28,1495.85,125161
2021-06-23 09:59:29,1495.85,125161
2021-06-23 09:59:30,1495.85,125163
2021-06-23 09:59:32,1495.85,125163
2021-06-23 09:59:33,1495.85,125163
2021-06-23 09:59:34,1495.85,125163
2021-06-23 09:59:34,1495.85,125163
2021-06-23 09:59:35,1495.85,125170
2021-06-23 09:59:36,1495.85,125180
2021-06-23 09:59:37,1495.5,125348
2021-06-23 09:59:38,1495.5,125348
2021-06-23 09:59:40,1495.5,125364
2021-06-23 09:59:41,1495.5,125364
2021-06-23 09:59:43,1495.5,125364
2021-06-23 09:59:44,1495.5,125364
2021-06-23 09:59:44,1495.5,125364
2021-06-23 09:59:45,1495.5,125469
2021-06-23 09:59:46,1495.5,125469
2021-06-23 09:59:47,1495.5,125469
2021-06-23 09:59:48,1495.85,125472
2021-06-23 09:59:51,1495.85,125472
2021-06-23 09:59:51,1495.85,125552
2021-06-23 09:59:52,1496.0,125886
2021-06-23 09:59:53,1496.0,125998
2021-06-23 09:59:55,1495.85,126228
2021-06-23 09:59:55,1495.7,126246
2021-06-23 09:59:56,1495.7,126256
2021-06-23 09:59:57,1495.7,126256
2021-06-23 09:59:58,1496.45,126257
2021-06-23 09:59:59,1496.45,126257
2021-06-23 10:00:01,1496.45,126257
2021-06-23 10:00:03,1495.7,126282
2021-06-23 10:00:02,1495.7,126282
2021-06-23 10:00:04,1495.7,126282
2021-06-23 10:00:05,1495.7,126283
2021-06-23 10:00:06,1495.7,126284
2021-06-23 10:00:07,1495.7,126284
2021-06-23 10:00:08,1496.25,126334
2021-06-23 10:00:09,1496.25,126334
2021-06-23 10:00:10,1496.25,126334
2021-06-23 10:00:11,1496.25,126334
2021-06-23 10:00:12,1495.7,126335
2021-06-23 10:00:13,1495.7,126379
2021-06-23 10:00:15,1495.7,126379
2021-06-23 10:00:15,1495.7,126379
2021-06-23 10:00:16,1495.7,126379
2021-06-23 10:00:17,1495.7,126379
2021-06-23 10:00:18,1495.7,126379
2021-06-23 10:00:20,1495.55,126492
2021-06-23 10:00:21,1495.55,126492
2021-06-23 10:00:22,1495.55,126492
2021-06-23 10:00:23,1495.55,126492
2021-06-23 10:00:24,1495.55,126492
2021-06-23 10:00:25,1496.0,126497
2021-06-23 10:00:26,1496.25,126572
2021-06-23 10:00:27,1496.25,126572
2021-06-23 10:00:29,1495.7,126672
2021-06-23 10:00:30,1496.25,126675
2021-06-23 10:00:31,1495.8,126719
2021-06-23 10:00:32,1495.8,126719
2021-06-23 10:00:33,1495.7,126731
2021-06-23 10:00:36,1495.7,126731
2021-06-23 10:00:37,1495.7,126731
2021-06-23 10:00:38,1495.7,126731
2021-06-23 10:00:39,1495.55,126831
2021-06-23 10:00:40,1495.55,126831
2021-06-23 10:00:42,1495.55,126831
2021-06-23 10:00:42,1495.55,126831
2021-06-23 10:00:43,1495.55,126831
2021-06-23 10:00:44,1495.65,126846
2021-06-23 10:00:45,1495.65,126846
2021-06-23 10:00:46,1495.65,126846
2021-06-23 10:00:47,1495.65,126846
2021-06-23 10:00:48,1495.65,126846
2021-06-23 10:00:49,1495.65,126846
2021-06-23 10:00:50,1496.25,126892
2021-06-23 10:00:51,1496.25,126892
2021-06-23 10:00:52,1496.25,126922
2021-06-23 10:00:53,1496.25,126922
2021-06-23 10:00:54,1495.5,126931
2021-06-23 10:00:55,1495.5,126931
2021-06-23 10:00:56,1495.5,126931
2021-06-23 10:00:57,1495.5,126931
2021-06-23 10:00:58,1495.5,126931
2021-06-23 10:00:59,1495.5,126931
2021-06-23 10:01:00,1495.5,126931
2021-06-23 10:01:01,1495.5,126931
2021-06-23 10:01:02,1495.5,126931
2021-06-23 10:01:03,1495.7,127031
2021-06-23 10:01:04,1496.4,127061
2021-06-23 10:01:05,1495.7,127074
2021-06-23 10:01:06,1495.7,127074
2021-06-23 10:01:07,1495.7,127074
2021-06-23 10:01:09,1495.8,127123
2021-06-23 10:01:10,1496.45,127223
2021-06-23 10:01:11,1496.45,127223
2021-06-23 10:01:12,1495.8,127238
2021-06-23 10:01:13,1495.8,127238
2021-06-23 10:01:14,1497.65,128087
2021-06-23 10:01:15,1497.65,128087
2021-06-23 10:01:16,1497.65,128087
2021-06-23 10:01:17,1497.0,128090
2021-06-23 10:01:18,1497.0,128090
2021-06-23 10:01:19,1497.0,128090
2021-06-23 10:01:20,1497.0,128090
2021-06-23 10:01:21,1497.0,128140
2021-06-23 10:01:23,1496.55,128143
2021-06-23 10:01:23,1497.0,128193
2021-06-23 10:01:24,1497.55,128303
2021-06-23 10:01:25,1497.55,128303
2021-06-23 10:01:26,1496.65,128393
2021-06-23 10:01:27,1496.75,128403
2021-06-23 10:01:28,1496.75,128442
2021-06-23 10:01:29,1496.75,128442
2021-06-23 10:01:30,1496.75,128442
2021-06-23 10:01:31,1497.5,128450
2021-06-23 10:01:32,1497.5,128450
2021-06-23 10:01:33,1497.5,128450
2021-06-23 10:01:35,1497.5,128450
2021-06-23 10:01:36,1497.5,128450
2021-06-23 10:01:37,1497.5,128450
2021-06-23 10:01:38,1497.5,128450
2021-06-23 10:01:39,1496.85,128455
2021-06-23 10:01:40,1496.85,128455
2021-06-23 10:01:41,1496.85,128455
2021-06-23 10:01:43,1497.5,128465
2021-06-23 10:01:44,1497.5,128465
2021-06-23 10:01:45,1497.5,128465
2021-06-23 10:01:46,1497.5,128465
2021-06-23 10:01:47,1497.5,128465
2021-06-23 10:01:48,1496.85,128510
2021-06-23 10:01:49,1497.5,128525
2021-06-23 10:01:50,1497.5,128527
2021-06-23 10:01:51,1496.85,128562
2021-06-23 10:01:52,1496.85,128562
2021-06-23 10:01:53,1496.85,128562
2021-06-23 10:01:54,1497.5,128602
2021-06-23 10:01:55,1497.5,128602
2021-06-23 10:01:56,1497.5,128602
2021-06-23 10:01:57,1497.5,128602
2021-06-23 10:01:58,1497.5,128665
2021-06-23 10:01:59,1497.05,128720
2021-06-23 10:02:00,1497.25,128838
2021-06-23 10:02:01,1497.25,128838
2021-06-23 10:02:02,1497.25,128838
2021-06-23 10:02:03,1497.25,128838
2021-06-23 10:02:04,1497.25,128838
2021-06-23 10:02:05,1497.1,128839
2021-06-23 10:02:06,1497.1,128883
2021-06-23 10:02:07,1498.05,128983
2021-06-23 10:02:08,1498.05,128983
2021-06-23 10:02:09,1498.05,128983
2021-06-23 10:02:10,1498.05,128988
2021-06-23 10:02:11,1498.05,128988
2021-06-23 10:02:12,1498.05,128993
2021-06-23 10:02:13,1498.05,128993
2021-06-23 10:02:14,1498.05,128993
2021-06-23 10:02:15,1498.05,128993
2021-06-23 10:02:17,1498.1,129077
2021-06-23 10:02:17,1498.95,129127
2021-06-23 10:02:18,1498.8,129167
2021-06-23 10:02:20,1498.8,129167
2021-06-23 10:02:22,1498.9,129267
2021-06-23 10:02:23,1499.0,129288
2021-06-23 10:02:24,1499.1,129338
2021-06-23 10:02:25,1499.1,129338
2021-06-23 10:02:26,1499.15,129382
2021-06-23 10:02:27,1499.15,129382
2021-06-23 10:02:28,1499.15,129382
2021-06-23 10:02:28,1500.0,129632
2021-06-23 10:02:29,1500.0,129657
2021-06-23 10:02:30,1500.0,129662
2021-06-23 10:02:31,1500.05,129702
2021-06-23 10:02:32,1500.05,129702
2021-06-23 10:02:33,1500.05,129712
2021-06-23 10:02:34,1499.4,129812
2021-06-23 10:02:35,1499.25,129962
2021-06-23 10:02:36,1499.25,129962
2021-06-23 10:02:37,1499.25,129962
2021-06-23 10:02:38,1499.25,129962
2021-06-23 10:02:39,1499.25,129962
2021-06-23 10:02:40,1499.25,129962
2021-06-23 10:02:42,1499.7,129964
2021-06-23 10:02:43,1500.0,129965
2021-06-23 10:02:44,1500.0,129965
2021-06-23 10:02:44,1499.25,130010
2021-06-23 10:02:45,1499.25,130010
2021-06-23 10:02:46,1499.7,130511
2021-06-23 10:02:47,1499.7,130511
2021-06-23 10:02:48,1499.7,130511
2021-06-23 10:02:50,1499.7,130511
2021-06-23 10:02:51,1499.7,130511
2021-06-23 10:02:51,1499.7,130511
2021-06-23 10:02:52,1499.7,130511
2021-06-23 10:02:53,1499.7,130511
2021-06-23 10:02:54,1499.7,130511
2021-06-23 10:02:55,1499.5,130535
2021-06-23 10:02:56,1499.5,130535
2021-06-23 10:02:58,1499.5,130535
2021-06-23 10:02:59,1499.5,130535
2021-06-23 10:03:00,1499.5,130535
2021-06-23 10:03:01,1499.5,130535
2021-06-23 10:03:02,1499.35,130555
2021-06-23 10:03:03,1499.35,130555
2021-06-23 10:03:03,1498.6,130599
2021-06-23 10:03:04,1498.6,130599
2021-06-23 10:03:06,1498.6,130599
2021-06-23 10:03:06,1498.6,130599
2021-06-23 10:03:07,1498.6,130599
2021-06-23 10:03:08,1498.6,130599
2021-06-23 10:03:09,1498.6,130599
2021-06-23 10:03:10,1498.6,130599
2021-06-23 10:03:11,1498.6,130599
2021-06-23 10:03:12,1498.6,130599
2021-06-23 10:03:13,1498.6,130609
2021-06-23 10:03:14,1498.6,130609
2021-06-23 10:03:15,1499.35,130614
2021-06-23 10:03:17,1499.35,130614
2021-06-23 10:03:16,1499.35,130614
2021-06-23 10:03:18,1499.35,130614
2021-06-23 10:03:19,1499.35,130614
2021-06-23 10:03:20,1499.35,130614
2021-06-23 10:03:25,1498.55,130658
2021-06-23 10:03:26,1498.55,130658
2021-06-23 10:03:27,1498.55,130658
2021-06-23 10:03:28,1499.0,130688
2021-06-23 10:03:29,1499.0,130688
2021-06-23 10:03:32,1499.0,130688
2021-06-23 10:03:33,1499.0,130688
2021-06-23 10:03:34,1499.0,130688
2021-06-23 10:03:35,1499.0,130688
2021-06-23 10:03:35,1499.0,130688
2021-06-23 10:03:36,1498.55,130825
2021-06-23 10:03:37,1498.55,130825
2021-06-23 10:03:39,1498.55,130825
2021-06-23 10:03:39,1498.55,130825
2021-06-23 10:03:40,1498.55,130825
2021-06-23 10:03:41,1498.45,130870
2021-06-23 10:03:42,1498.45,130870
2021-06-23 10:03:43,1498.45,130870
2021-06-23 10:03:44,1498.45,130870
2021-06-23 10:03:45,1498.45,130870
2021-06-23 10:03:50,1498.45,130880
2021-06-23 10:03:51,1498.45,130881
2021-06-23 10:03:51,1498.4,130981
2021-06-23 10:03:52,1498.4,131009
2021-06-23 10:03:56,1498.65,131017
2021-06-23 10:03:57,1498.65,131022
2021-06-23 10:03:58,1498.65,131022
2021-06-23 10:03:59,1498.4,131023
2021-06-23 10:04:00,1498.05,131183
2021-06-23 10:04:02,1496.5,131933
2021-06-23 10:04:02,1496.5,131933
2021-06-23 10:04:03,1496.5,131933
2021-06-23 10:04:05,1496.5,131933
2021-06-23 10:04:06,1496.5,131933
2021-06-23 10:04:07,1496.5,131933
2021-06-23 10:04:08,1496.5,131933
2021-06-23 10:04:09,1496.5,131933
2021-06-23 10:04:10,1496.5,131933
2021-06-23 10:04:11,1496.9,132314
2021-06-23 10:04:12,1496.85,132345
2021-06-23 10:04:13,1496.85,132345
2021-06-23 10:04:14,1496.85,132345
2021-06-23 10:04:15,1496.5,132350
2021-06-23 10:04:16,1496.5,132350
2021-06-23 10:04:17,1496.5,132350
2021-06-23 10:04:18,1496.5,132350
2021-06-23 10:04:19,1496.5,132365
2021-06-23 10:04:20,1496.95,132442
2021-06-23 10:04:21,1496.95,132442
2021-06-23 10:04:22,1496.95,132442
2021-06-23 10:04:23,1496.95,132442
2021-06-23 10:04:24,1496.95,132442
2021-06-23 10:04:26,1496.95,132442
2021-06-23 10:04:27,1496.95,132442
2021-06-23 10:04:28,1496.95,132442
2021-06-23 10:04:29,1497.3,132498
2021-06-23 10:04:30,1497.3,132498
2021-06-23 10:04:31,1497.3,132498
2021-06-23 10:04:32,1498.2,132553
2021-06-23 10:04:33,1498.2,132553
2021-06-23 10:04:33,1498.2,132553
2021-06-23 10:04:34,1498.05,132563
2021-06-23 10:04:36,1498.05,132563
2021-06-23 10:04:36,1498.05,132563
2021-06-23 10:04:41,1498.2,132610
2021-06-23 10:04:42,1498.2,132610
2021-06-23 10:04:43,1498.2,132610
2021-06-23 10:04:44,1498.2,132610
2021-06-23 10:04:45,1498.2,132610
2021-06-23 10:04:46,1497.85,132620
2021-06-23 10:04:47,1498.85,132640
2021-06-23 10:04:48,1498.85,132640
2021-06-23 10:04:49,1498.85,132640
2021-06-23 10:04:50,1498.85,132640
2021-06-23 10:04:53,1498.85,132640
2021-06-23 10:04:54,1498.85,132640
2021-06-23 10:04:55,1498.85,132640
2021-06-23 10:04:56,1498.85,132640
2021-06-23 10:04:58,1497.9,132684
2021-06-23 10:04:59,1498.9,132691
2021-06-23 10:04:59,1498.9,132691
2021-06-23 10:05:01,1498.9,132691
2021-06-23 10:05:02,1498.1,132706
2021-06-23 10:05:03,1498.1,132706
2021-06-23 10:05:04,1498.1,132706
2021-06-23 10:05:05,1498.1,132706
2021-06-23 10:05:06,1498.1,132706
2021-06-23 10:05:07,1498.1,132706
2021-06-23 10:05:07,1498.1,132706
2021-06-23 10:05:09,1498.1,132706
2021-06-23 10:05:09,1498.1,132706
2021-06-23 10:05:10,1499.0,132802
2021-06-23 10:05:11,1499.0,132802
2021-06-23 10:05:14,1498.35,132809
2021-06-23 10:05:15,1498.35,132809
2021-06-23 10:05:16,1498.35,132809
2021-06-23 10:05:16,1498.25,132856
2021-06-23 10:05:18,1498.25,132856
2021-06-23 10:05:19,1498.25,132856
2021-06-23 10:05:20,1499.0,132923
2021-06-23 10:05:21,1499.0,132923
2021-06-23 10:05:22,1499.0,132923
2021-06-23 10:05:24,1499.0,132923
2021-06-23 10:05:25,1498.25,133224
2021-06-23 10:05:26,1498.25,133224
2021-06-23 10:05:27,1498.25,133224
2021-06-23 10:05:27,1498.25,133224
2021-06-23 10:05:29,1498.2,133294
2021-06-23 10:05:30,1498.2,133294
2021-06-23 10:05:31,1498.3,133313
2021-06-23 10:05:32,1498.3,133313
2021-06-23 10:05:33,1498.3,133413
2021-06-23 10:05:34,1499.0,133483
2021-06-23 10:05:35,1498.3,133498
2021-06-23 10:05:36,1498.15,133503
2021-06-23 10:05:37,1498.15,133532
2021-06-23 10:05:38,1498.15,133532
2021-06-23 10:05:39,1498.15,133532
2021-06-23 10:05:40,1498.15,133532
2021-06-23 10:05:41,1498.15,133532
2021-06-23 10:05:42,1499.0,133535
2021-06-23 10:05:43,1499.0,133535
2021-06-23 10:05:44,1499.0,133535
2021-06-23 10:05:45,1499.0,133544
2021-06-23 10:05:46,1499.0,133564
2021-06-23 10:05:48,1499.0,133574
2021-06-23 10:05:49,1499.0,133574
2021-06-23 10:05:50,1499.0,133574
2021-06-23 10:05:51,1499.0,133574
2021-06-23 10:05:53,1499.0,133574
2021-06-23 10:05:53,1499.0,133574
2021-06-23 10:05:54,1498.3,133619
2021-06-23 10:05:56,1498.3,133621
2021-06-23 10:05:57,1498.2,133622
2021-06-23 10:05:58,1498.2,133622
2021-06-23 10:06:00,1498.2,133622
2021-06-23 10:06:01,1498.2,133622
2021-06-23 10:06:02,1498.2,133622
2021-06-23 10:06:03,1498.2,133622
2021-06-23 10:06:04,1498.2,133622
2021-06-23 10:06:05,1498.2,133622
2021-06-23 10:06:06,1498.2,133623
2021-06-23 10:06:07,1498.2,133623
2021-06-23 10:06:07,1498.2,133623
2021-06-23 10:06:08,1498.2,133623
2021-06-23 10:06:09,1498.2,133623
2021-06-23 10:06:10,1498.2,133644
2021-06-23 10:06:11,1498.2,133644
2021-06-23 10:06:12,1498.2,133644
2021-06-23 10:06:14,1498.15,133688
2021-06-23 10:06:16,1498.15,133688
2021-06-23 10:06:17,1498.15,133688
2021-06-23 10:06:17,1498.15,133688
2021-06-23 10:06:18,1498.15,133688
2021-06-23 10:06:19,1498.2,133717
2021-06-23 10:06:20,1498.2,133717
2021-06-23 10:06:22,1498.2,133717
2021-06-23 10:06:23,1498.2,133717
2021-06-23 10:06:25,1498.2,133717
2021-06-23 10:06:26,1498.2,133717
2021-06-23 10:06:27,1498.2,133717
2021-06-23 10:06:28,1498.2,133717
2021-06-23 10:06:29,1498.2,133717
2021-06-23 10:06:31,1498.2,133717
2021-06-23 10:06:32,1498.2,133761
2021-06-23 10:06:33,1498.2,133761
2021-06-23 10:06:34,1498.2,133761
2021-06-23 10:06:35,1498.2,133761
2021-06-23 10:06:36,1498.2,133761
2021-06-23 10:06:37,1498.2,133761
2021-06-23 10:06:38,1498.2,133761
2021-06-23 10:06:39,1498.2,133761
2021-06-23 10:06:40,1498.2,133761
2021-06-23 10:06:41,1498.2,133761
2021-06-23 10:06:42,1498.2,133761
2021-06-23 10:06:44,1498.2,133761
2021-06-23 10:06:45,1498.9,133764
2021-06-23 10:06:46,1498.65,133769
2021-06-23 10:06:48,1498.65,133769
2021-06-23 10:06:48,1498.65,133769
2021-06-23 10:06:49,1498.95,133919
2021-06-23 10:06:51,1498.85,134077
2021-06-23 10:06:52,1498.85,134136
2021-06-23 10:06:53,1498.2,134155
2021-06-23 10:06:55,1498.2,134155
2021-06-23 10:06:56,1498.2,134155
2021-06-23 10:06:57,1498.95,134157
2021-06-23 10:06:57,1498.95,134157
2021-06-23 10:06:58,1498.95,134157
2021-06-23 10:06:59,1498.95,134157
2021-06-23 10:07:01,1498.95,134157
2021-06-23 10:07:02,1498.0,134715
2021-06-23 10:07:03,1498.0,134715
2021-06-23 10:07:04,1498.0,134715
2021-06-23 10:07:06,1498.0,134715
2021-06-23 10:07:07,1498.0,134715
2021-06-23 10:07:08,1498.0,134715
2021-06-23 10:07:08,1497.25,134735
2021-06-23 10:07:09,1497.25,134735
2021-06-23 10:07:11,1497.05,134779
2021-06-23 10:07:12,1497.05,134779
2021-06-23 10:07:13,1497.05,134779
2021-06-23 10:07:14,1497.05,134779
2021-06-23 10:07:15,1497.05,134779
2021-06-23 10:07:16,1497.05,134779
2021-06-23 10:07:17,1497.05,134779
2021-06-23 10:07:20,1497.05,134779
2021-06-23 10:07:21,1497.05,134779
2021-06-23 10:07:21,1497.05,134779
2021-06-23 10:07:22,1497.05,134779
2021-06-23 10:07:23,1497.05,134779
2021-06-23 10:07:24,1497.05,134779
2021-06-23 10:07:26,1497.05,134779
2021-06-23 10:07:27,1497.05,134779
2021-06-23 10:07:28,1497.0,134791
2021-06-23 10:07:29,1497.0,134791
2021-06-23 10:07:30,1497.0,134835
2021-06-23 10:07:31,1497.0,134835
2021-06-23 10:07:32,1497.0,134835
2021-06-23 10:07:33,1497.0,134835
2021-06-23 10:07:34,1497.0,134835
2021-06-23 10:07:35,1497.0,134835
2021-06-23 10:07:36,1497.0,134835
2021-06-23 10:07:36,1497.0,134835
2021-06-23 10:07:38,1497.0,134835
2021-06-23 10:07:39,1497.05,134856
2021-06-23 10:07:41,1497.05,134856
2021-06-23 10:07:42,1497.05,134856
2021-06-23 10:07:43,1497.0,135054
2021-06-23 10:07:44,1497.0,135054
2021-06-23 10:07:45,1497.0,135054
2021-06-23 10:07:46,1497.0,135054
2021-06-23 10:07:47,1497.0,135054
2021-06-23 10:07:48,1497.0,135099
2021-06-23 10:07:48,1497.0,135099
2021-06-23 10:07:49,1497.0,135099
2021-06-23 10:07:51,1497.0,135099
2021-06-23 10:07:52,1497.0,135099
2021-06-23 10:07:53,1497.05,135108
2021-06-23 10:07:54,1497.0,135227
2021-06-23 10:07:55,1497.0,135227
2021-06-23 10:07:56,1497.05,135228
2021-06-23 10:07:57,1497.05,135228
2021-06-23 10:07:57,1497.05,135228
2021-06-23 10:07:58,1497.05,135228
2021-06-23 10:07:59,1497.05,135228
2021-06-23 10:08:01,1497.05,135235
2021-06-23 10:08:02,1497.05,135235
2021-06-23 10:08:03,1497.05,135235
2021-06-23 10:08:04,1496.95,135236
2021-06-23 10:08:05,1496.95,135236
2021-06-23 10:08:06,1496.95,135236
2021-06-23 10:08:07,1496.7,135241
2021-06-23 10:08:09,1496.55,135251
2021-06-23 10:08:08,1496.55,135251
2021-06-23 10:08:10,1496.55,135251
2021-06-23 10:08:11,1496.2,135339
2021-06-23 10:08:12,1496.2,135339
2021-06-23 10:08:13,1496.2,135339
2021-06-23 10:08:14,1496.2,135348
2021-06-23 10:08:15,1496.2,135348
2021-06-23 10:08:17,1496.2,135348
2021-06-23 10:08:18,1496.2,135348
2021-06-23 10:08:19,1496.2,135348
2021-06-23 10:08:20,1496.2,135348
2021-06-23 10:08:21,1496.2,135348
2021-06-23 10:08:22,1496.55,135350
2021-06-23 10:08:23,1496.55,135350
2021-06-23 10:08:24,1496.55,135350
2021-06-23 10:08:25,1496.55,135350
2021-06-23 10:08:26,1496.2,135373
2021-06-23 10:08:27,1496.2,135373
2021-06-23 10:08:28,1496.0,135394
2021-06-23 10:08:29,1496.0,135394
2021-06-23 10:08:30,1496.0,135394
2021-06-23 10:08:31,1496.0,135394
2021-06-23 10:08:32,1495.55,135650
2021-06-23 10:08:33,1495.55,135650
2021-06-23 10:08:34,1495.9,135707
2021-06-23 10:08:35,1495.75,135815
2021-06-23 10:08:36,1496.55,136115
2021-06-23 10:08:37,1496.55,136115
2021-06-23 10:08:38,1496.55,136115
2021-06-23 10:08:39,1496.55,136115
2021-06-23 10:08:40,1496.55,136115
2021-06-23 10:08:41,1495.6,136125
2021-06-23 10:08:42,1495.6,136125
2021-06-23 10:08:43,1495.6,136130
2021-06-23 10:08:44,1495.6,136130
2021-06-23 10:08:45,1495.6,136130
2021-06-23 10:08:46,1495.55,136175
2021-06-23 10:08:47,1495.55,136175
2021-06-23 10:08:48,1496.1,136176
2021-06-23 10:08:49,1495.55,136180
2021-06-23 10:08:50,1495.55,136180
2021-06-23 10:08:51,1495.55,136180
2021-06-23 10:08:52,1495.55,136180
2021-06-23 10:08:53,1495.55,136180
2021-06-23 10:08:54,1495.55,136180
2021-06-23 10:08:55,1495.55,136190
2021-06-23 10:08:56,1495.7,136218
2021-06-23 10:08:57,1495.7,136218
2021-06-23 10:08:58,1495.7,136218
2021-06-23 10:09:00,1495.7,136218
2021-06-23 10:09:01,1495.55,136225
2021-06-23 10:09:03,1495.55,136276
2021-06-23 10:09:04,1495.55,136276
2021-06-23 10:09:05,1495.55,136320
2021-06-23 10:09:06,1495.55,136320
2021-06-23 10:09:07,1495.55,136320
2021-06-23 10:09:08,1495.55,136320
2021-06-23 10:09:09,1495.55,136320
2021-06-23 10:09:10,1495.55,136320
2021-06-23 10:09:12,1495.55,136320
2021-06-23 10:09:14,1495.55,136320
2021-06-23 10:09:15,1495.6,136335
2021-06-23 10:09:16,1495.6,136335
2021-06-23 10:09:17,1495.6,136341
2021-06-23 10:09:18,1495.6,136356
2021-06-23 10:09:19,1495.6,136356
2021-06-23 10:09:20,1495.6,136387
2021-06-23 10:09:22,1495.6,136387
2021-06-23 10:09:21,1495.6,136387
2021-06-23 10:09:23,1495.6,136387
2021-06-23 10:09:25,1496.0,136534
2021-06-23 10:09:24,1495.7,136484
2021-06-23 10:09:26,1496.0,136534
2021-06-23 10:09:29,1496.0,136627
2021-06-23 10:09:30,1496.0,136652
2021-06-23 10:09:31,1496.55,136658
2021-06-23 10:09:32,1495.8,136678
2021-06-23 10:09:33,1495.8,136678
2021-06-23 10:09:34,1495.8,136678
2021-06-23 10:09:35,1495.8,136678
2021-06-23 10:09:36,1495.8,136678
2021-06-23 10:09:37,1495.8,136678
2021-06-23 10:09:38,1495.8,136678
2021-06-23 10:09:39,1495.8,136678
2021-06-23 10:09:40,1495.8,136678
2021-06-23 10:09:41,1495.8,136678
2021-06-23 10:09:42,1495.8,136678
2021-06-23 10:09:43,1495.6,136705
2021-06-23 10:09:44,1495.55,136723
2021-06-23 10:09:45,1495.55,136723
2021-06-23 10:09:46,1495.55,136723
2021-06-23 10:09:47,1495.55,136723
2021-06-23 10:09:48,1495.55,136723
