timestamp,ltp,volume
2021-06-23 09:16:26,2527.05,52343
2021-06-23 09:16:29,2527.15,52943
2021-06-23 09:16:30,2527.25,53041
2021-06-23 09:16:32,2527.2,53065
2021-06-23 09:16:32,2527.2,53065
2021-06-23 09:16:33,2527.25,53214
2021-06-23 09:16:34,2527.25,53286
2021-06-23 09:16:35,2527.35,55686
2021-06-23 09:16:37,2527.25,56296
2021-06-23 09:16:38,2527.3,56493
2021-06-23 09:16:40,2527.45,58468
2021-06-23 09:16:41,2527.35,58884
2021-06-23 09:16:43,2527.45,59637
2021-06-23 09:16:43,2527.45,59424
2021-06-23 09:16:44,2527.45,60275
2021-06-23 09:16:45,2527.45,60506
2021-06-23 09:16:46,2528.8,62404
2021-06-23 09:16:47,2529.8,63067
2021-06-23 09:16:49,2529.4,63408
2021-06-23 09:16:49,2529.4,63247
2021-06-23 09:16:50,2529.8,63526
2021-06-23 09:16:51,2529.8,63531
2021-06-23 09:16:54,2529.75,63721
2021-06-23 09:16:54,2529.75,63721
2021-06-23 09:16:57,2529.9,63882
2021-06-23 09:16:58,2529.85,63895
2021-06-23 09:16:59,2530.5,64187
2021-06-23 09:17:01,2530.55,64205
2021-06-23 09:17:01,2530.55,64205
2021-06-23 09:17:02,2530.9,64306
2021-06-23 09:17:03,2530.9,64375
2021-06-23 09:17:04,2530.85,64430
2021-06-23 09:17:05,2530.9,64433
2021-06-23 09:17:07,2530.85,64549
2021-06-23 09:17:07,2530.9,64515
2021-06-23 09:17:08,2530.9,64616
2021-06-23 09:17:09,2530.4,66027
2021-06-23 09:17:10,2530.9,66981
2021-06-23 09:17:11,2530.9,67010
2021-06-23 09:17:13,2530.9,67257
2021-06-23 09:17:14,2530.65,67441
2021-06-23 09:17:14,2530.9,67456
2021-06-23 09:17:15,2530.4,68116
2021-06-23 09:17:16,2530.3,69118
2021-06-23 09:17:17,2529.1,69314
2021-06-23 09:17:19,2529.4,69373
2021-06-23 09:17:20,2528.6,69536
2021-06-23 09:17:20,2529.35,69540
2021-06-23 09:17:21,2528.65,69618
2021-06-23 09:17:22,2529.05,69686
2021-06-23 09:17:23,2527.8,69881
2021-06-23 09:17:24,2529.0,69895
2021-06-23 09:17:25,2528.1,69950
2021-06-23 09:17:27,2528.7,70422
2021-06-23 09:17:28,2528.65,70476
2021-06-23 09:17:30,2528.65,70488
2021-06-23 09:17:30,2528.65,70488
2021-06-23 09:17:31,2528.65,70537
2021-06-23 09:17:32,2528.65,70601
2021-06-23 09:17:33,2528.0,70606
2021-06-23 09:17:35,2528.0,70629
2021-06-23 09:17:35,2528.0,70628
2021-06-23 09:17:36,2527.45,71699
2021-06-23 09:17:37,2527.25,72352
2021-06-23 09:17:38,2526.2,73480
2021-06-23 09:17:40,2527.7,73552
2021-06-23 09:17:40,2527.6,73607
2021-06-23 09:17:42,2526.3,73823
2021-06-23 09:17:43,2527.35,74168
2021-06-23 09:17:44,2527.5,74178
2021-06-23 09:17:46,2526.35,74293
2021-06-23 09:17:46,2526.35,74325
2021-06-23 09:17:47,2527.5,74396
2021-06-23 09:17:48,2527.5,74455
2021-06-23 09:17:49,2526.55,74668
2021-06-23 09:17:50,2526.35,75037
2021-06-23 09:17:52,2526.4,75194
2021-06-23 09:17:52,2526.4,75194
2021-06-23 09:17:53,2526.1,75546
2021-06-23 09:17:54,2526.1,75743
2021-06-23 09:17:55,2526.1,75811
2021-06-23 09:17:57,2525.8,76347
2021-06-23 09:17:57,2525.8,76347
2021-06-23 09:17:58,2526.3,76401
2021-06-23 09:17:59,2526.25,76442
2021-06-23 09:18:00,2526.25,76536
2021-06-23 09:18:02,2526.0,76941
2021-06-23 09:18:02,2525.8,76993
2021-06-23 09:18:03,2526.0,77025
2021-06-23 09:18:04,2526.0,77263
2021-06-23 09:18:05,2526.25,77598
2021-06-23 09:18:06,2526.25,77661
2021-06-23 09:18:08,2526.25,77799
2021-06-23 09:18:08,2526.25,77822
2021-06-23 09:18:09,2526.25,77857
2021-06-23 09:18:10,2526.25,79117
2021-06-23 09:18:11,2525.7,79614
2021-06-23 09:18:12,2526.25,79948
2021-06-23 09:18:14,2526.25,79958
2021-06-23 09:18:14,2526.25,79958
2021-06-23 09:18:15,2526.2,80245
2021-06-23 09:18:16,2526.25,80936
2021-06-23 09:18:17,2526.25,81814
2021-06-23 09:18:19,2526.4,83710
2021-06-23 09:18:19,2526.4,83723
2021-06-23 09:18:20,2526.4,83785
2021-06-23 09:18:21,2526.95,84459
2021-06-23 09:18:22,2528.5,84548
2021-06-23 09:18:23,2528.25,84986
2021-06-23 09:18:25,2528.35,85013
2021-06-23 09:18:25,2528.35,85013
2021-06-23 09:18:26,2528.25,85251
2021-06-23 09:18:27,2528.55,85886
2021-06-23 09:18:28,2527.85,85939
2021-06-23 09:18:30,2528.55,88071
2021-06-23 09:18:31,2528.6,88553
2021-06-23 09:18:32,2528.6,88898
2021-06-23 09:18:34,2528.5,89139
2021-06-23 09:18:35,2528.6,89204
2021-06-23 09:18:35,2528.6,89296
2021-06-23 09:18:36,2528.6,89304
2021-06-23 09:18:37,2528.6,89394
2021-06-23 09:18:39,2528.25,89429
2021-06-23 09:18:40,2528.55,89437
2021-06-23 09:18:40,2528.55,89437
2021-06-23 09:18:41,2528.55,89499
2021-06-23 09:18:42,2528.6,89505
2021-06-23 09:18:43,2528.6,89691
2021-06-23 09:18:45,2528.3,89721
2021-06-23 09:18:46,2528.6,90250
2021-06-23 09:18:46,2528.6,90280
2021-06-23 09:18:47,2528.6,90893
2021-06-23 09:18:48,2528.6,91029
2021-06-23 09:18:50,2528.6,91085
2021-06-23 09:18:51,2527.7,91916
2021-06-23 09:18:52,2527.7,92128
2021-06-23 09:18:53,2528.0,92163
2021-06-23 09:18:54,2527.95,92232
2021-06-23 09:18:55,2527.05,92245
2021-06-23 09:18:55,2527.95,92242
2021-06-23 09:18:56,2527.95,92351
2021-06-23 09:18:57,2527.95,92508
2021-06-23 09:18:58,2527.05,92747
2021-06-23 09:19:00,2527.0,93467
2021-06-23 09:19:01,2525.25,94339
2021-06-23 09:19:01,2525.25,94339
2021-06-23 09:19:02,2525.9,94438
2021-06-23 09:19:03,2525.95,94617
2021-06-23 09:19:04,2526.2,94944
2021-06-23 09:19:06,2525.25,95221
2021-06-23 09:19:07,2525.9,95281
2021-06-23 09:19:08,2525.9,95508
2021-06-23 09:19:09,2525.9,95990
2021-06-23 09:19:11,2525.6,96020
2021-06-23 09:19:13,2526.35,96402
2021-06-23 09:19:13,2526.35,96402
2021-06-23 09:19:14,2525.9,96452
2021-06-23 09:19:15,2525.25,97224
2021-06-23 09:19:16,2526.2,97269
2021-06-23 09:19:18,2526.15,97295
2021-06-23 09:19:19,2526.2,97315
2021-06-23 09:19:20,2526.2,97437
2021-06-23 09:19:20,2526.2,97437
2021-06-23 09:19:21,2525.45,97495
2021-06-23 09:19:22,2526.35,97774
2021-06-23 09:19:23,2526.25,97779
2021-06-23 09:19:25,2525.45,97879
2021-06-23 09:19:26,2526.0,97889
2021-06-23 09:19:27,2526.0,97999
2021-06-23 09:19:28,2526.0,98003
2021-06-23 09:19:28,2526.0,98003
2021-06-23 09:19:29,2526.0,98003
2021-06-23 09:19:30,2525.65,98014
2021-06-23 09:19:31,2526.0,98155
2021-06-23 09:19:32,2525.6,98263
2021-06-23 09:19:34,2526.0,98295
2021-06-23 09:19:35,2526.0,98410
2021-06-23 09:19:36,2525.8,98615
2021-06-23 09:19:37,2525.75,98737
2021-06-23 09:19:39,2526.0,98747
2021-06-23 09:19:40,2526.0,99104
2021-06-23 09:19:41,2525.95,99802
2021-06-23 09:19:42,2525.45,99988
2021-06-23 09:19:45,2525.45,99988
2021-06-23 09:19:46,2525.6,100042
2021-06-23 09:19:46,2525.6,100042
2021-06-23 09:19:48,2525.5,100064
2021-06-23 09:19:49,2525.55,100099
2021-06-23 09:19:51,2525.4,101534
2021-06-23 09:19:52,2524.25,101559
2021-06-23 09:19:52,2524.25,101544
2021-06-23 09:19:53,2524.3,101575
2021-06-23 09:19:54,2524.3,101601
2021-06-23 09:19:55,2524.3,101601
2021-06-23 09:19:57,2525.3,101616
2021-06-23 09:19:58,2524.7,101657
2021-06-23 09:19:58,2525.35,101757
2021-06-23 09:19:59,2524.75,101758
2021-06-23 09:20:00,2525.3,101882
2021-06-23 09:20:02,2525.3,101932
2021-06-23 09:20:03,2525.3,102016
2021-06-23 09:20:03,2525.3,102036
2021-06-23 09:20:04,2525.3,102096
2021-06-23 09:20:05,2525.3,102106
2021-06-23 09:20:07,2525.0,102164
2021-06-23 09:20:08,2525.0,102214
2021-06-23 09:20:08,2525.3,102234
2021-06-23 09:20:09,2525.35,103489
2021-06-23 09:20:10,2525.35,103993
2021-06-23 09:20:12,2525.3,104229
2021-06-23 09:20:13,2525.55,105624
2021-06-23 09:20:14,2525.85,106021
2021-06-23 09:20:14,2526.0,106022
2021-06-23 09:20:16,2525.9,107273
2021-06-23 09:20:18,2525.9,107311
2021-06-23 09:20:19,2525.9,107437
2021-06-23 09:20:19,2525.9,107437
2021-06-23 09:20:20,2526.1,107457
2021-06-23 09:20:21,2525.9,108029
2021-06-23 09:20:23,2525.9,108091
2021-06-23 09:20:24,2526.1,108148
2021-06-23 09:20:25,2526.1,108148
2021-06-23 09:20:26,2526.1,108227
2021-06-23 09:20:26,2526.1,108227
2021-06-23 09:20:27,2525.9,108235
2021-06-23 09:20:28,2525.9,108240
2021-06-23 09:20:29,2526.1,108241
2021-06-23 09:20:30,2526.1,108274
2021-06-23 09:20:31,2525.9,108275
2021-06-23 09:20:33,2525.9,108558
2021-06-23 09:20:34,2525.95,108587
2021-06-23 09:20:35,2525.95,109648
2021-06-23 09:20:36,2525.95,109648
2021-06-23 09:20:37,2525.95,109648
2021-06-23 09:20:38,2525.45,109683
2021-06-23 09:20:39,2525.6,109684
2021-06-23 09:20:40,2525.55,110025
2021-06-23 09:20:41,2525.05,110041
2021-06-23 09:20:42,2525.55,110211
2021-06-23 09:20:43,2525.55,110211
2021-06-23 09:20:44,2525.6,110231
2021-06-23 09:20:45,2525.05,110241
2021-06-23 09:20:46,2525.05,110241
2021-06-23 09:20:47,2525.5,110333
2021-06-23 09:20:48,2525.5,110333
2021-06-23 09:20:50,2525.15,110343
2021-06-23 09:20:51,2525.35,110916
2021-06-23 09:20:53,2525.35,110916
2021-06-23 09:20:55,2525.15,110963
2021-06-23 09:20:57,2525.45,110974
2021-06-23 09:20:58,2525.45,111029
2021-06-23 09:20:59,2525.45,111058
2021-06-23 09:21:00,2524.75,111733
2021-06-23 09:21:04,2524.6,111863
2021-06-23 09:21:04,2524.1,111881
2021-06-23 09:21:05,2524.35,111989
2021-06-23 09:21:06,2523.25,112028
2021-06-23 09:21:08,2523.3,112036
2021-06-23 09:21:09,2523.3,112036
2021-06-23 09:21:10,2523.25,112190
2021-06-23 09:21:11,2523.0,112894
2021-06-23 09:21:13,2522.35,113362
2021-06-23 09:21:14,2522.25,113377
2021-06-23 09:21:16,2521.2,113892
2021-06-23 09:21:17,2521.25,113937
2021-06-23 09:21:19,2521.55,114093
2021-06-23 09:21:20,2521.55,114101
2021-06-23 09:21:21,2522.0,114150
2021-06-23 09:21:22,2522.0,114183
2021-06-23 09:21:23,2521.55,114288
2021-06-23 09:21:24,2522.0,114398
2021-06-23 09:21:25,2521.6,114407
2021-06-23 09:21:26,2521.0,115684
2021-06-23 09:21:27,2520.85,115741
2021-06-23 09:21:28,2520.85,115756
2021-06-23 09:21:30,2520.85,115888
2021-06-23 09:21:31,2520.85,115893
2021-06-23 09:21:32,2520.85,115901
2021-06-23 09:21:33,2521.0,116006
2021-06-23 09:21:34,2521.0,118407
2021-06-23 09:21:35,2521.0,118407
2021-06-23 09:21:36,2520.9,118503
2021-06-23 09:21:37,2520.9,118503
2021-06-23 09:21:38,2521.0,118603
2021-06-23 09:21:39,2521.0,118640
2021-06-23 09:21:40,2521.0,118713
2021-06-23 09:21:41,2521.0,119745
2021-06-23 09:21:42,2520.9,119916
2021-06-23 09:21:43,2521.0,120772
2021-06-23 09:21:44,2521.1,121072
2021-06-23 09:21:45,2521.1,121180
2021-06-23 09:21:46,2521.05,121222
2021-06-23 09:21:47,2521.05,121434
2021-06-23 09:21:48,2520.95,123096
2021-06-23 09:21:49,2520.0,123172
2021-06-23 09:21:50,2520.7,123187
2021-06-23 09:21:51,2520.65,123322
2021-06-23 09:21:52,2520.0,123570
2021-06-23 09:21:53,2520.65,123585
2021-06-23 09:21:54,2520.7,124995
2021-06-23 09:21:55,2520.1,125021
2021-06-23 09:21:56,2520.65,125035
2021-06-23 09:21:57,2520.65,125035
2021-06-23 09:21:58,2520.7,125068
2021-06-23 09:21:59,2520.05,125180
2021-06-23 09:22:00,2520.7,125185
2021-06-23 09:22:01,2520.05,125195
2021-06-23 09:22:02,2520.0,125234
2021-06-23 09:22:03,2520.0,125264
2021-06-23 09:22:04,2520.0,128487
2021-06-23 09:22:06,2519.05,129101
2021-06-23 09:22:07,2519.05,129425
2021-06-23 09:22:08,2519.05,129441
2021-06-23 09:22:09,2520.0,129662
2021-06-23 09:22:10,2520.0,129662
2021-06-23 09:22:11,2520.0,129676
2021-06-23 09:22:12,2520.0,129885
2021-06-23 09:22:13,2520.15,129986
2021-06-23 09:22:14,2520.15,129987
2021-06-23 09:22:15,2519.95,130029
2021-06-23 09:22:16,2519.85,130079
2021-06-23 09:22:17,2518.4,130204
2021-06-23 09:22:18,2519.85,130256
2021-06-23 09:22:19,2519.85,130257
2021-06-23 09:22:20,2519.05,130410
2021-06-23 09:22:21,2519.85,130415
2021-06-23 09:22:22,2519.85,130516
2021-06-23 09:22:23,2519.85,130694
2021-06-23 09:22:24,2520.0,130986
2021-06-23 09:22:25,2519.2,130987
2021-06-23 09:22:26,2520.0,131258
2021-06-23 09:22:27,2519.3,131273
2021-06-23 09:22:28,2519.3,131273
2021-06-23 09:22:29,2520.0,131308
2021-06-23 09:22:30,2519.3,131449
2021-06-23 09:22:31,2519.1,131570
2021-06-23 09:22:32,2518.8,131664
2021-06-23 09:22:33,2519.9,131674
2021-06-23 09:22:34,2518.9,131704
2021-06-23 09:22:35,2520.05,132093
2021-06-23 09:22:36,2519.3,132094
2021-06-23 09:22:37,2520.05,132312
2021-06-23 09:22:38,2520.1,132543
2021-06-23 09:22:39,2519.85,132568
2021-06-23 09:22:39,2519.85,132576
2021-06-23 09:22:40,2519.85,132581
2021-06-23 09:22:41,2520.0,132614
2021-06-23 09:22:42,2519.85,132615
2021-06-23 09:22:43,2520.0,132750
2021-06-23 09:22:45,2519.85,132787
2021-06-23 09:22:46,2520.05,133292
2021-06-23 09:22:48,2519.85,133335
2021-06-23 09:22:49,2520.1,133538
2021-06-23 09:22:50,2519.9,133558
2021-06-23 09:22:51,2520.0,133712
2021-06-23 09:22:52,2520.1,133791
2021-06-23 09:22:53,2519.9,133988
2021-06-23 09:22:54,2520.1,134034
2021-06-23 09:22:55,2520.1,134034
2021-06-23 09:22:58,2520.0,134744
2021-06-23 09:23:00,2519.0,135657
2021-06-23 09:23:02,2519.8,136004
2021-06-23 09:23:06,2519.8,136736
2021-06-23 09:23:07,2519.15,136781
2021-06-23 09:23:08,2519.8,136937
2021-06-23 09:23:09,2519.15,136990
2021-06-23 09:23:11,2519.15,136990
2021-06-23 09:23:12,2519.8,136995
2021-06-23 09:23:13,2519.8,136995
2021-06-23 09:23:14,2518.45,137630
2021-06-23 09:23:15,2519.65,137641
2021-06-23 09:23:16,2519.75,137679
2021-06-23 09:23:17,2519.0,137991
2021-06-23 09:23:18,2519.05,138097
2021-06-23 09:23:20,2519.1,138178
2021-06-23 09:23:21,2519.1,138179
2021-06-23 09:23:22,2518.95,138254
2021-06-23 09:23:23,2519.1,138375
2021-06-23 09:23:24,2518.95,138425
2021-06-23 09:23:25,2518.55,138597
2021-06-23 09:23:26,2518.95,138750
2021-06-23 09:23:27,2518.95,138850
2021-06-23 09:23:28,2518.95,139989
2021-06-23 09:23:29,2518.95,140054
2021-06-23 09:23:30,2517.95,140269
2021-06-23 09:23:31,2517.05,140376
2021-06-23 09:23:32,2517.05,140376
2021-06-23 09:23:33,2517.75,140394
2021-06-23 09:23:34,2517.75,140525
2021-06-23 09:23:35,2517.6,140607
2021-06-23 09:23:36,2517.6,140810
2021-06-23 09:23:37,2517.6,141019
2021-06-23 09:23:38,2517.6,141284
2021-06-23 09:23:39,2518.0,141486
2021-06-23 09:23:40,2518.0,141486
2021-06-23 09:23:41,2518.0,141486
2021-06-23 09:23:42,2517.75,141517
2021-06-23 09:23:43,2518.9,141579
2021-06-23 09:23:44,2518.0,141899
2021-06-23 09:23:45,2519.0,142493
2021-06-23 09:23:46,2517.85,142593
2021-06-23 09:23:47,2517.95,142600
2021-06-23 09:23:48,2517.95,142600
2021-06-23 09:23:49,2518.0,142604
2021-06-23 09:23:50,2518.0,142731
2021-06-23 09:23:51,2518.0,142961
2021-06-23 09:23:52,2518.5,142969
2021-06-23 09:23:53,2518.5,142987
2021-06-23 09:23:54,2518.75,142988
2021-06-23 09:23:55,2518.8,143020
2021-06-23 09:23:56,2518.5,143045
2021-06-23 09:23:57,2518.5,143100
2021-06-23 09:23:58,2518.5,143120
2021-06-23 09:23:59,2518.5,143157
2021-06-23 09:24:00,2519.0,143207
2021-06-23 09:24:01,2518.5,143230
2021-06-23 09:24:02,2518.5,143240
2021-06-23 09:24:03,2519.0,143840
2021-06-23 09:24:04,2519.0,143840
2021-06-23 09:24:05,2518.95,143942
2021-06-23 09:24:06,2518.95,143942
2021-06-23 09:24:07,2518.5,144001
2021-06-23 09:24:08,2518.5,144006
2021-06-23 09:24:09,2518.5,144006
2021-06-23 09:24:10,2518.5,144006
2021-06-23 09:24:11,2518.55,144364
2021-06-23 09:24:12,2519.0,145151
2021-06-23 09:24:13,2519.0,145182
2021-06-23 09:24:14,2518.95,145257
2021-06-23 09:24:15,2519.4,150332
2021-06-23 09:24:16,2519.1,150365
2021-06-23 09:24:17,2519.2,150970
2021-06-23 09:24:19,2519.4,150976
2021-06-23 09:24:20,2519.4,151332
2021-06-23 09:24:21,2519.75,151382
2021-06-23 09:24:22,2519.75,151447
2021-06-23 09:24:23,2519.75,151447
2021-06-23 09:24:24,2519.75,151472
2021-06-23 09:24:25,2519.75,151478
2021-06-23 09:24:25,2519.75,151479
2021-06-23 09:24:26,2519.75,151529
2021-06-23 09:24:27,2519.75,151529
2021-06-23 09:24:29,2519.75,151529
2021-06-23 09:24:30,2519.75,151858
2021-06-23 09:24:31,2519.75,151932
2021-06-23 09:24:32,2519.7,152132
2021-06-23 09:24:33,2519.7,152132
2021-06-23 09:24:35,2519.75,152518
2021-06-23 09:24:37,2519.75,152714
2021-06-23 09:24:38,2519.75,152764
2021-06-23 09:24:39,2519.7,152771
2021-06-23 09:24:40,2519.7,152771
2021-06-23 09:24:41,2519.75,152821
2021-06-23 09:24:42,2519.7,152893
2021-06-23 09:24:43,2519.7,152893
2021-06-23 09:24:44,2519.75,152913
2021-06-23 09:24:46,2519.7,152932
2021-06-23 09:24:47,2519.7,152945
2021-06-23 09:24:48,2519.75,153266
2021-06-23 09:24:49,2519.75,153340
2021-06-23 09:24:50,2519.7,153376
2021-06-23 09:24:51,2519.75,153386
2021-06-23 09:24:52,2519.75,153386
2021-06-23 09:24:53,2519.75,153388
2021-06-23 09:24:54,2519.7,153394
2021-06-23 09:24:55,2519.7,153404
2021-06-23 09:24:56,2519.75,153409
2021-06-23 09:24:57,2519.75,153409
2021-06-23 09:24:58,2519.75,153412
2021-06-23 09:24:59,2519.75,153442
2021-06-23 09:25:00,2519.7,153577
2021-06-23 09:25:01,2519.75,153828
2021-06-23 09:25:02,2519.7,154092
2021-06-23 09:25:03,2519.8,154235
2021-06-23 09:25:04,2521.4,154666
2021-06-23 09:25:05,2521.4,154666
2021-06-23 09:25:06,2521.4,154666
2021-06-23 09:25:07,2521.35,154754
2021-06-23 09:25:08,2521.3,154764
2021-06-23 09:25:09,2521.35,154829
2021-06-23 09:25:11,2521.85,155146
2021-06-23 09:25:12,2521.85,155146
2021-06-23 09:25:13,2522.1,155649
2021-06-23 09:25:14,2522.1,155669
2021-06-23 09:25:16,2523.3,155869
2021-06-23 09:25:17,2523.3,155879
2021-06-23 09:25:18,2523.3,155879
2021-06-23 09:25:19,2523.3,155879
2021-06-23 09:25:20,2523.95,155929
2021-06-23 09:25:21,2523.9,156025
2021-06-23 09:25:22,2523.9,156037
2021-06-23 09:25:23,2524.1,156116
2021-06-23 09:25:24,2523.1,156145
2021-06-23 09:25:25,2524.3,156245
2021-06-23 09:25:26,2524.4,156345
2021-06-23 09:25:27,2524.4,156345
2021-06-23 09:25:28,2524.05,156518
2021-06-23 09:25:29,2524.05,156518
2021-06-23 09:25:30,2524.55,156530
2021-06-23 09:25:31,2524.55,156530
2021-06-23 09:25:32,2524.4,156796
2021-06-23 09:25:33,2524.4,156857
2021-06-23 09:25:35,2524.4,156882
2021-06-23 09:25:36,2524.4,157217
2021-06-23 09:25:37,2524.4,157217
2021-06-23 09:25:38,2524.4,157217
2021-06-23 09:25:39,2524.4,157729
2021-06-23 09:25:40,2524.4,157739
2021-06-23 09:25:42,2524.55,157814
2021-06-23 09:25:43,2524.5,157839
2021-06-23 09:25:44,2524.55,157942
2021-06-23 09:25:45,2524.55,157942
2021-06-23 09:25:46,2524.5,158360
2021-06-23 09:25:47,2524.5,158361
2021-06-23 09:25:48,2524.55,158854
2021-06-23 09:25:49,2524.55,158854
2021-06-23 09:25:50,2524.35,159694
2021-06-23 09:25:51,2524.5,160053
2021-06-23 09:25:52,2524.5,160110
2021-06-23 09:25:53,2524.5,160160
2021-06-23 09:25:54,2524.5,160309
2021-06-23 09:25:55,2524.35,160372
2021-06-23 09:25:56,2524.35,160372
2021-06-23 09:25:57,2524.5,160382
2021-06-23 09:25:58,2524.5,160382
2021-06-23 09:25:59,2524.5,160382
2021-06-23 09:26:00,2524.35,160409
2021-06-23 09:26:01,2524.35,160409
2021-06-23 09:26:02,2524.35,160409
2021-06-23 09:26:03,2524.35,160409
2021-06-23 09:26:04,2524.35,160409
2021-06-23 09:26:05,2524.55,160509
2021-06-23 09:26:06,2524.1,161303
2021-06-23 09:26:07,2523.9,161305
2021-06-23 09:26:08,2523.9,161305
2021-06-23 09:26:09,2523.9,161368
2021-06-23 09:26:10,2523.9,161368
2021-06-23 09:26:12,2523.9,161368
2021-06-23 09:26:13,2523.9,161377
2021-06-23 09:26:14,2523.4,161382
2021-06-23 09:26:15,2523.4,161382
2021-06-23 09:26:16,2523.4,161387
2021-06-23 09:26:17,2524.0,161701
2021-06-23 09:26:18,2523.4,162041
2021-06-23 09:26:19,2523.4,162041
2021-06-23 09:26:20,2523.45,162121
2021-06-23 09:26:21,2523.45,162121
2021-06-23 09:26:22,2524.05,162152
2021-06-23 09:26:23,2523.55,162153
2021-06-23 09:26:24,2524.05,162154
2021-06-23 09:26:25,2524.2,162570
2021-06-23 09:26:26,2524.2,162570
2021-06-23 09:26:28,2524.05,162572
2021-06-23 09:26:29,2523.6,162577
2021-06-23 09:26:30,2523.6,162587
2021-06-23 09:26:31,2523.6,162587
2021-06-23 09:26:32,2523.6,162587
2021-06-23 09:26:33,2524.0,162887
2021-06-23 09:26:34,2523.35,163170
2021-06-23 09:26:35,2523.0,163505
2021-06-23 09:26:36,2524.0,163856
2021-06-23 09:26:37,2524.0,163856
2021-06-23 09:26:38,2524.0,163856
2021-06-23 09:26:39,2523.1,163860
2021-06-23 09:26:40,2523.1,163860
2021-06-23 09:26:41,2524.0,163870
2021-06-23 09:26:42,2524.0,163870
2021-06-23 09:26:43,2524.05,164000
2021-06-23 09:26:44,2524.05,164000
2021-06-23 09:26:45,2524.1,164050
2021-06-23 09:26:46,2524.2,164271
2021-06-23 09:26:47,2524.2,164271
2021-06-23 09:26:48,2524.2,164271
2021-06-23 09:26:49,2524.2,164272
2021-06-23 09:26:50,2524.2,164272
2021-06-23 09:26:51,2524.2,164470
2021-06-23 09:26:52,2524.0,164475
2021-06-23 09:26:53,2524.0,164475
2021-06-23 09:26:54,2523.95,164677
2021-06-23 09:26:55,2524.0,164678
2021-06-23 09:26:56,2524.0,165417
2021-06-23 09:26:57,2524.2,165517
2021-06-23 09:26:58,2524.2,165517
2021-06-23 09:26:59,2524.0,165519
2021-06-23 09:27:00,2524.2,165545
2021-06-23 09:27:01,2524.2,165545
2021-06-23 09:27:02,2524.2,165595
2021-06-23 09:27:03,2524.2,165595
2021-06-23 09:27:04,2524.2,165595
2021-06-23 09:27:06,2524.2,165751
2021-06-23 09:27:07,2524.2,165751
2021-06-23 09:27:08,2524.2,165751
2021-06-23 09:27:09,2524.2,165751
2021-06-23 09:27:10,2524.2,165991
2021-06-23 09:27:11,2524.4,166409
2021-06-23 09:27:12,2524.4,166409
2021-06-23 09:27:13,2524.4,166444
2021-06-23 09:27:14,2524.4,166444
2021-06-23 09:27:15,2524.4,166516
2021-06-23 09:27:16,2524.2,166918
2021-06-23 09:27:17,2524.0,167102
2021-06-23 09:27:18,2524.2,167115
2021-06-23 09:27:19,2524.2,167115
2021-06-23 09:27:20,2524.5,167140
2021-06-23 09:27:21,2524.4,167487
2021-06-23 09:27:22,2524.75,167663
2021-06-23 09:27:23,2525.1,168955
2021-06-23 09:27:24,2524.85,169671
2021-06-23 09:27:25,2524.85,169692
2021-06-23 09:27:26,2524.85,169692
2021-06-23 09:27:27,2524.85,169695
2021-06-23 09:27:28,2524.85,169695
2021-06-23 09:27:29,2524.85,169705
2021-06-23 09:27:30,2524.85,169705
2021-06-23 09:27:31,2524.85,169705
2021-06-23 09:27:32,2524.6,169706
2021-06-23 09:27:34,2524.6,169706
2021-06-23 09:27:36,2524.85,169809
2021-06-23 09:27:36,2524.85,169809
2021-06-23 09:27:38,2524.85,169845
2021-06-23 09:27:39,2524.7,170371
2021-06-23 09:27:40,2524.85,170670
2021-06-23 09:27:41,2524.85,170671
2021-06-23 09:27:43,2525.0,170678
2021-06-23 09:27:44,2524.7,170689
2021-06-23 09:27:45,2524.7,170689
2021-06-23 09:27:46,2524.7,170689
2021-06-23 09:27:46,2524.7,170689
2021-06-23 09:27:47,2524.7,170690
2021-06-23 09:27:48,2524.7,171139
2021-06-23 09:27:50,2524.7,171208
2021-06-23 09:27:51,2524.65,171503
2021-06-23 09:27:52,2526.0,175769
2021-06-23 09:27:53,2526.0,176450
2021-06-23 09:27:54,2526.35,176904
2021-06-23 09:27:54,2526.4,176907
2021-06-23 09:27:55,2526.2,176937
2021-06-23 09:27:56,2526.4,176948
2021-06-23 09:27:57,2526.4,176966
2021-06-23 09:27:58,2527.0,177058
2021-06-23 09:27:59,2527.0,177107
2021-06-23 09:28:00,2526.35,177173
2021-06-23 09:28:01,2527.1,177183
2021-06-23 09:28:02,2527.1,177193
2021-06-23 09:28:03,2527.1,177193
2021-06-23 09:28:04,2527.1,177193
2021-06-23 09:28:05,2527.5,177198
2021-06-23 09:28:06,2527.0,177209
2021-06-23 09:28:08,2527.5,177211
2021-06-23 09:28:08,2527.5,177211
2021-06-23 09:28:11,2527.1,177217
2021-06-23 09:28:12,2527.1,177454
2021-06-23 09:28:13,2527.5,177466
2021-06-23 09:28:13,2527.5,177466
2021-06-23 09:28:14,2527.25,177472
2021-06-23 09:28:15,2527.25,177472
2021-06-23 09:28:16,2527.5,177522
2021-06-23 09:28:17,2528.0,177607
2021-06-23 09:28:18,2527.5,177776
2021-06-23 09:28:20,2528.0,178559
2021-06-23 09:28:20,2528.0,178559
2021-06-23 09:28:21,2528.0,178559
2021-06-23 09:28:22,2528.0,178565
2021-06-23 09:28:23,2528.0,178574
2021-06-23 09:28:25,2528.0,178684
2021-06-23 09:28:25,2528.9,178751
2021-06-23 09:28:27,2528.9,178751
2021-06-23 09:28:28,2529.45,179100
2021-06-23 09:28:29,2529.45,179100
2021-06-23 09:28:30,2528.9,179150
2021-06-23 09:28:31,2528.9,179326
2021-06-23 09:28:32,2528.9,179326
2021-06-23 09:28:35,2529.5,179428
2021-06-23 09:28:36,2529.45,179430
2021-06-23 09:28:37,2529.5,179580
2021-06-23 09:28:38,2529.5,179580
2021-06-23 09:28:39,2528.65,179606
2021-06-23 09:28:40,2528.95,180309
2021-06-23 09:28:41,2529.25,180329
2021-06-23 09:28:42,2529.25,180329
2021-06-23 09:28:43,2529.25,180329
2021-06-23 09:28:44,2528.65,181136
2021-06-23 09:28:45,2528.65,181136
2021-06-23 09:28:46,2528.7,181365
2021-06-23 09:28:47,2528.35,181600
2021-06-23 09:28:48,2527.8,181792
2021-06-23 09:28:49,2527.8,181792
2021-06-23 09:28:50,2527.8,181838
2021-06-23 09:28:51,2527.0,181840
2021-06-23 09:28:52,2527.65,181845
2021-06-23 09:28:53,2527.65,182335
2021-06-23 09:28:54,2527.0,182345
2021-06-23 09:28:55,2527.0,182345
2021-06-23 09:28:56,2527.65,182395
2021-06-23 09:28:57,2527.65,182405
2021-06-23 09:28:58,2527.65,182443
2021-06-23 09:28:59,2527.65,182443
2021-06-23 09:29:00,2527.65,182443
2021-06-23 09:29:02,2527.65,182486
2021-06-23 09:29:03,2527.65,182616
2021-06-23 09:29:04,2527.65,182618
2021-06-23 09:29:05,2527.65,182618
2021-06-23 09:29:06,2527.25,182623
2021-06-23 09:29:07,2527.25,182623
2021-06-23 09:29:08,2527.65,182684
2021-06-23 09:29:09,2527.65,182684
2021-06-23 09:29:10,2527.15,182930
2021-06-23 09:29:11,2527.65,182990
2021-06-23 09:29:12,2527.65,182990
2021-06-23 09:29:13,2527.65,182990
2021-06-23 09:29:14,2527.65,183000
2021-06-23 09:29:15,2527.65,183222
2021-06-23 09:29:16,2527.65,183222
2021-06-23 09:29:17,2527.7,183327
2021-06-23 09:29:18,2527.65,183373
2021-06-23 09:29:20,2527.6,183454
2021-06-23 09:29:21,2527.6,183454
2021-06-23 09:29:21,2527.6,183454
2021-06-23 09:29:23,2527.25,183455
2021-06-23 09:29:24,2527.15,183460
2021-06-23 09:29:25,2527.15,183480
2021-06-23 09:29:26,2527.15,183480
2021-06-23 09:29:27,2527.15,183480
2021-06-23 09:29:28,2527.25,183541
2021-06-23 09:29:28,2527.75,184370
2021-06-23 09:29:30,2527.35,184431
2021-06-23 09:29:31,2527.35,184431
2021-06-23 09:29:32,2527.1,184516
2021-06-23 09:29:33,2527.15,184519
2021-06-23 09:29:34,2527.15,184519
2021-06-23 09:29:35,2527.15,184579
2021-06-23 09:29:36,2527.1,184580
2021-06-23 09:29:37,2527.1,184580
2021-06-23 09:29:38,2527.15,184582
2021-06-23 09:29:39,2527.15,184797
2021-06-23 09:29:41,2527.15,184802
2021-06-23 09:29:42,2527.1,184818
2021-06-23 09:29:44,2527.15,184867
2021-06-23 09:29:45,2527.15,184900
2021-06-23 09:29:46,2527.15,184910
2021-06-23 09:29:47,2527.1,184912
2021-06-23 09:29:48,2527.15,184928
2021-06-23 09:29:49,2526.65,185626
2021-06-23 09:29:50,2525.7,186073
2021-06-23 09:29:51,2525.7,186214
2021-06-23 09:29:52,2525.7,186214
2021-06-23 09:29:53,2525.7,186214
2021-06-23 09:29:54,2525.7,186270
2021-06-23 09:29:55,2525.7,186296
2021-06-23 09:29:56,2524.7,186377
2021-06-23 09:29:57,2524.7,186377
2021-06-23 09:29:57,2524.7,186377
2021-06-23 09:29:58,2525.7,186437
2021-06-23 09:30:00,2525.2,186494
2021-06-23 09:30:01,2525.7,186717
2021-06-23 09:30:02,2525.7,186717
2021-06-23 09:30:04,2525.5,186742
2021-06-23 09:30:05,2525.5,186742
2021-06-23 09:30:06,2525.5,186782
2021-06-23 09:30:07,2525.65,186822
2021-06-23 09:30:08,2525.65,186822
2021-06-23 09:30:09,2525.65,186822
2021-06-23 09:30:10,2525.6,186922
2021-06-23 09:30:11,2525.65,187299
2021-06-23 09:30:12,2525.65,187403
2021-06-23 09:30:13,2525.7,187510
2021-06-23 09:30:14,2525.6,187610
2021-06-23 09:30:15,2525.6,187639
2021-06-23 09:30:17,2525.5,187721
2021-06-23 09:30:18,2525.5,187721
2021-06-23 09:30:19,2525.0,187781
2021-06-23 09:30:20,2524.6,188017
2021-06-23 09:30:22,2524.0,188207
2021-06-23 09:30:23,2524.0,188476
2021-06-23 09:30:24,2524.0,188476
2021-06-23 09:30:25,2523.9,188477
2021-06-23 09:30:25,2523.9,188477
2021-06-23 09:30:26,2523.1,188487
2021-06-23 09:30:28,2523.1,188633
2021-06-23 09:30:29,2523.0,188643
2021-06-23 09:30:30,2523.35,188693
2021-06-23 09:30:31,2523.35,188693
2021-06-23 09:30:32,2523.35,188896
2021-06-23 09:30:33,2523.1,188898
2021-06-23 09:30:34,2523.0,188950
2021-06-23 09:30:34,2523.0,188950
2021-06-23 09:30:35,2522.2,188970
2021-06-23 09:30:36,2522.6,189212
2021-06-23 09:30:37,2522.3,189216
2021-06-23 09:30:38,2522.3,189216
2021-06-23 09:30:41,2522.9,189363
2021-06-23 09:30:42,2522.9,189363
2021-06-23 09:30:43,2522.9,189378
2021-06-23 09:30:44,2522.9,189422
2021-06-23 09:30:45,2522.95,189432
2021-06-23 09:30:46,2522.95,189432
2021-06-23 09:30:47,2522.4,189447
2021-06-23 09:30:48,2522.9,189450
2021-06-23 09:30:49,2522.25,189550
2021-06-23 09:30:50,2522.85,189600
2021-06-23 09:30:51,2522.85,189600
2021-06-23 09:30:53,2522.25,189803
2021-06-23 09:30:53,2522.25,189803
2021-06-23 09:30:54,2522.25,189803
2021-06-23 09:30:55,2522.25,189819
2021-06-23 09:30:57,2522.25,189949
2021-06-23 09:30:58,2524.3,193790
2021-06-23 09:30:59,2524.7,194144
2021-06-23 09:31:01,2524.7,194144
2021-06-23 09:31:02,2524.7,194144
2021-06-23 09:31:03,2524.7,194194
2021-06-23 09:31:04,2524.65,194219
2021-06-23 09:31:04,2524.65,194219
2021-06-23 09:31:06,2524.65,194219
2021-06-23 09:31:06,2524.65,194219
2021-06-23 09:31:07,2524.55,194223
2021-06-23 09:31:08,2524.55,194223
2021-06-23 09:31:09,2522.35,194755
2021-06-23 09:31:10,2522.35,194757
2021-06-23 09:31:11,2523.4,195404
2021-06-23 09:31:12,2523.4,195404
2021-06-23 09:31:13,2522.6,195414
2021-06-23 09:31:14,2522.6,195414
2021-06-23 09:31:15,2522.65,195424
2021-06-23 09:31:16,2522.65,195424
2021-06-23 09:31:17,2522.65,195424
2021-06-23 09:31:18,2522.65,195424
2021-06-23 09:31:19,2523.4,196234
2021-06-23 09:31:21,2523.8,196354
2021-06-23 09:31:23,2524.55,196355
2021-06-23 09:31:24,2524.55,196355
2021-06-23 09:31:25,2524.55,196355
2021-06-23 09:31:26,2524.55,196355
2021-06-23 09:31:28,2525.7,197185
2021-06-23 09:31:29,2525.45,197240
2021-06-23 09:31:30,2525.45,197415
2021-06-23 09:31:31,2525.5,197503
2021-06-23 09:31:31,2525.5,197503
2021-06-23 09:31:32,2526.0,197526
2021-06-23 09:31:33,2526.0,197526
2021-06-23 09:31:34,2526.65,197582
2021-06-23 09:31:35,2526.65,197582
2021-06-23 09:31:36,2526.45,197815
2021-06-23 09:31:38,2526.95,197865
2021-06-23 09:31:39,2526.95,197865
2021-06-23 09:31:40,2526.95,197865
2021-06-23 09:31:41,2526.95,197865
2021-06-23 09:31:41,2526.45,197866
2021-06-23 09:31:42,2525.7,198348
2021-06-23 09:31:43,2525.7,198348
2021-06-23 09:31:44,2525.7,198348
2021-06-23 09:31:45,2525.7,198348
2021-06-23 09:31:46,2524.55,198371
2021-06-23 09:31:47,2524.55,198446
2021-06-23 09:31:48,2524.55,198446
2021-06-23 09:31:50,2524.55,198446
2021-06-23 09:31:51,2524.55,198456
2021-06-23 09:31:51,2524.55,198456
2021-06-23 09:31:52,2524.55,198456
2021-06-23 09:31:55,2524.0,198695
2021-06-23 09:31:56,2523.2,198734
2021-06-23 09:31:57,2523.2,198734
2021-06-23 09:31:58,2523.2,198734
2021-06-23 09:31:59,2523.2,198734
2021-06-23 09:32:00,2524.45,198859
2021-06-23 09:32:03,2525.15,199569
2021-06-23 09:32:05,2525.3,199594
2021-06-23 09:32:06,2525.95,199644
2021-06-23 09:32:08,2526.45,199682
2021-06-23 09:32:08,2526.45,199682
2021-06-23 09:32:09,2526.45,199682
2021-06-23 09:32:10,2526.45,199682
2021-06-23 09:32:11,2526.45,199682
2021-06-23 09:32:12,2526.4,199911
2021-06-23 09:32:13,2526.4,199922
2021-06-23 09:32:14,2526.4,199922
2021-06-23 09:32:15,2526.35,199923
2021-06-23 09:32:16,2526.35,199923
2021-06-23 09:32:17,2526.45,199968
2021-06-23 09:32:18,2526.45,199970
2021-06-23 09:32:19,2526.45,200050
2021-06-23 09:32:20,2525.75,200051
2021-06-23 09:32:21,2525.75,200051
2021-06-23 09:32:22,2525.75,200051
2021-06-23 09:32:23,2525.75,200051
2021-06-23 09:32:25,2526.35,200106
2021-06-23 09:32:26,2526.35,200106
2021-06-23 09:32:29,2526.0,200110
2021-06-23 09:32:30,2526.05,200161
2021-06-23 09:32:31,2526.05,200161
2021-06-23 09:32:33,2526.0,200176
2021-06-23 09:32:35,2526.0,200382
2021-06-23 09:32:37,2526.0,200402
2021-06-23 09:32:38,2526.0,200685
2021-06-23 09:32:38,2526.0,200685
2021-06-23 09:32:39,2526.0,200686
2021-06-23 09:32:43,2526.0,200786
2021-06-23 09:32:44,2525.85,200818
2021-06-23 09:32:45,2526.0,200868
2021-06-23 09:32:47,2526.0,201191
2021-06-23 09:32:48,2526.0,201191
2021-06-23 09:32:49,2526.1,201291
2021-06-23 09:32:50,2526.1,201291
2021-06-23 09:32:51,2525.95,201292
2021-06-23 09:32:52,2525.95,201292
2021-06-23 09:32:53,2525.0,202054
2021-06-23 09:32:54,2525.0,202093
2021-06-23 09:32:55,2525.25,202094
2021-06-23 09:32:56,2525.25,202194
2021-06-23 09:32:57,2524.4,202204
2021-06-23 09:32:58,2524.4,202204
2021-06-23 09:32:59,2525.25,202444
2021-06-23 09:33:01,2525.25,202444
2021-06-23 09:33:02,2524.65,202526
2021-06-23 09:33:04,2525.25,202575
2021-06-23 09:33:03,2525.25,202575
2021-06-23 09:33:06,2524.7,202600
2021-06-23 09:33:07,2524.7,202600
2021-06-23 09:33:08,2524.35,202729
2021-06-23 09:33:09,2525.25,202739
2021-06-23 09:33:10,2525.25,202890
2021-06-23 09:33:11,2525.25,202890
2021-06-23 09:33:12,2524.6,202891
2021-06-23 09:33:12,2524.6,202891
2021-06-23 09:33:13,2525.25,202991
2021-06-23 09:33:15,2525.25,202993
2021-06-23 09:33:16,2525.25,203094
2021-06-23 09:33:17,2524.6,203142
2021-06-23 09:33:18,2524.6,203142
2021-06-23 09:33:19,2524.6,203142
2021-06-23 09:33:20,2524.6,203142
2021-06-23 09:33:20,2524.6,203142
2021-06-23 09:33:21,2524.6,203142
2021-06-23 09:33:22,2525.35,203242
2021-06-23 09:33:23,2525.2,203439
2021-06-23 09:33:24,2525.35,203472
2021-06-23 09:33:25,2525.35,203474
2021-06-23 09:33:26,2525.35,203474
2021-06-23 09:33:27,2525.35,203474
2021-06-23 09:33:28,2525.35,203474
2021-06-23 09:33:29,2525.35,203474
2021-06-23 09:33:30,2525.25,203476
2021-06-23 09:33:31,2525.25,203495
2021-06-23 09:33:32,2525.3,203834
2021-06-23 09:33:34,2525.3,203834
2021-06-23 09:33:34,2525.35,204667
2021-06-23 09:33:35,2525.25,204770
2021-06-23 09:33:36,2525.25,204770
2021-06-23 09:33:37,2525.25,204770
2021-06-23 09:33:38,2525.25,204774
2021-06-23 09:33:39,2525.25,204774
2021-06-23 09:33:41,2525.35,204879
2021-06-23 09:33:42,2525.35,204931
2021-06-23 09:33:43,2525.35,204933
2021-06-23 09:33:44,2525.35,205094
2021-06-23 09:33:45,2525.35,205097
2021-06-23 09:33:46,2525.35,205097
2021-06-23 09:33:47,2525.35,205097
2021-06-23 09:33:48,2525.35,205097
2021-06-23 09:33:50,2525.35,205097
2021-06-23 09:33:49,2525.35,205097
2021-06-23 09:33:50,2525.25,205098
2021-06-23 09:33:51,2525.25,205124
2021-06-23 09:33:52,2525.25,205124
2021-06-23 09:33:53,2525.25,205124
2021-06-23 09:33:54,2525.25,205160
2021-06-23 09:33:56,2525.2,205386
2021-06-23 09:33:57,2525.35,205426
2021-06-23 09:33:58,2525.5,205790
2021-06-23 09:33:59,2525.2,205837
2021-06-23 09:33:59,2525.5,205790
2021-06-23 09:34:01,2525.05,206703
2021-06-23 09:34:01,2525.05,206703
2021-06-23 09:34:03,2524.7,206706
2021-06-23 09:34:04,2524.7,206706
2021-06-23 09:34:05,2524.7,206706
2021-06-23 09:34:05,2524.7,206706
2021-06-23 09:34:06,2524.7,206706
2021-06-23 09:34:07,2524.7,206706
2021-06-23 09:34:08,2524.7,206742
2021-06-23 09:34:09,2524.65,206803
2021-06-23 09:34:10,2524.65,206803
2021-06-23 09:34:13,2523.55,206917
2021-06-23 09:34:14,2523.55,206919
2021-06-23 09:34:15,2524.75,207217
2021-06-23 09:34:16,2524.75,207217
2021-06-23 09:34:17,2524.75,207217
2021-06-23 09:34:18,2524.7,207247
2021-06-23 09:34:19,2524.7,207247
2021-06-23 09:34:20,2524.25,207331
2021-06-23 09:34:21,2524.15,207352
2021-06-23 09:34:22,2524.15,207352
2021-06-23 09:34:23,2524.15,207352
2021-06-23 09:34:23,2524.15,207352
2021-06-23 09:34:24,2524.15,207352
2021-06-23 09:34:25,2524.15,207352
2021-06-23 09:34:26,2524.1,207452
2021-06-23 09:34:27,2524.1,207452
2021-06-23 09:34:29,2524.1,207452
2021-06-23 09:34:30,2524.4,207518
2021-06-23 09:34:31,2524.75,207611
2021-06-23 09:34:32,2524.5,207618
2021-06-23 09:34:33,2524.75,208218
2021-06-23 09:34:34,2524.75,208218
2021-06-23 09:34:34,2524.6,208223
2021-06-23 09:34:36,2524.6,208223
2021-06-23 09:34:37,2524.5,208669
2021-06-23 09:34:38,2524.6,208722
2021-06-23 09:34:39,2524.6,208726
2021-06-23 09:34:40,2524.65,208771
2021-06-23 09:34:41,2524.05,208977
2021-06-23 09:34:42,2524.1,208978
2021-06-23 09:34:43,2524.05,209051
2021-06-23 09:34:44,2524.05,209051
2021-06-23 09:34:45,2524.0,209067
2021-06-23 09:34:46,2523.95,209077
2021-06-23 09:34:47,2524.05,209078
2021-06-23 09:34:48,2524.05,209078
2021-06-23 09:34:49,2524.05,209224
2021-06-23 09:34:50,2524.05,209255
2021-06-23 09:34:50,2524.05,209255
2021-06-23 09:34:51,2524.05,209255
2021-06-23 09:34:52,2524.05,209255
2021-06-23 09:34:53,2524.0,209265
2021-06-23 09:34:54,2523.85,209581
2021-06-23 09:34:55,2524.05,209582
2021-06-23 09:34:56,2524.05,209932
2021-06-23 09:34:58,2524.05,209982
2021-06-23 09:34:59,2524.05,209983
2021-06-23 09:35:00,2523.9,209994
2021-06-23 09:35:01,2523.9,209994
2021-06-23 09:35:02,2523.9,209994
2021-06-23 09:35:03,2523.9,210009
2021-06-23 09:35:04,2523.9,210009
2021-06-23 09:35:05,2524.15,210209
2021-06-23 09:35:06,2524.15,210219
2021-06-23 09:35:07,2524.15,210219
2021-06-23 09:35:08,2524.15,210230
2021-06-23 09:35:09,2524.05,210253
2021-06-23 09:35:10,2523.85,210323
2021-06-23 09:35:11,2524.0,210378
2021-06-23 09:35:12,2523.95,210383
2021-06-23 09:35:13,2523.95,210383
2021-06-23 09:35:14,2523.95,210387
2021-06-23 09:35:15,2523.95,210387
2021-06-23 09:35:16,2524.05,211748
2021-06-23 09:35:17,2524.05,211748
2021-06-23 09:35:18,2523.15,211756
2021-06-23 09:35:20,2523.3,211761
2021-06-23 09:35:21,2523.3,211762
2021-06-23 09:35:21,2523.3,211781
2021-06-23 09:35:22,2523.3,211781
2021-06-23 09:35:24,2523.95,211805
2021-06-23 09:35:25,2523.95,211805
2021-06-23 09:35:26,2523.95,211805
2021-06-23 09:35:27,2523.95,211805
2021-06-23 09:35:28,2523.95,211805
2021-06-23 09:35:29,2523.9,211845
2021-06-23 09:35:30,2523.9,211845
2021-06-23 09:35:31,2523.9,211845
2021-06-23 09:35:32,2523.4,211855
2021-06-23 09:35:33,2523.95,212429
2021-06-23 09:35:34,2523.9,212436
2021-06-23 09:35:35,2523.95,212636
2021-06-23 09:35:36,2523.95,212638
2021-06-23 09:35:37,2523.95,212689
2021-06-23 09:35:38,2523.95,212689
2021-06-23 09:35:39,2524.0,213043
2021-06-23 09:35:40,2524.0,213043
2021-06-23 09:35:41,2523.9,213050
2021-06-23 09:35:42,2523.9,213052
2021-06-23 09:35:43,2524.2,213898
2021-06-23 09:35:44,2524.5,213936
2021-06-23 09:35:45,2524.45,213942
2021-06-23 09:35:46,2524.45,213943
2021-06-23 09:35:48,2524.45,213943
2021-06-23 09:35:49,2524.45,213943
2021-06-23 09:35:50,2524.45,213953
2021-06-23 09:35:51,2524.45,213953
2021-06-23 09:35:52,2524.05,214846
2021-06-23 09:35:53,2524.05,214846
2021-06-23 09:35:54,2524.3,214927
2021-06-23 09:35:55,2524.3,214927
2021-06-23 09:35:56,2523.4,215028
2021-06-23 09:35:57,2523.4,215029
2021-06-23 09:35:58,2523.9,215234
2021-06-23 09:35:59,2523.9,215235
2021-06-23 09:36:00,2523.9,215254
2021-06-23 09:36:01,2523.9,215254
2021-06-23 09:36:03,2523.9,215263
2021-06-23 09:36:04,2523.9,215263
2021-06-23 09:36:05,2523.9,215263
2021-06-23 09:36:06,2524.0,215274
2021-06-23 09:36:07,2524.0,215274
2021-06-23 09:36:08,2524.0,215276
2021-06-23 09:36:09,2524.0,215276
2021-06-23 09:36:10,2524.0,215588
2021-06-23 09:36:11,2524.0,215588
2021-06-23 09:36:12,2523.55,215735
2021-06-23 09:36:15,2523.2,215993
2021-06-23 09:36:16,2522.7,216047
2021-06-23 09:36:17,2522.65,216055
2021-06-23 09:36:18,2522.65,216055
2021-06-23 09:36:19,2522.65,216057
2021-06-23 09:36:20,2523.2,216058
2021-06-23 09:36:21,2522.75,216158
2021-06-23 09:36:22,2522.75,216452
2021-06-23 09:36:23,2522.75,216452
2021-06-23 09:36:24,2523.2,216454
2021-06-23 09:36:25,2522.25,218097
2021-06-23 09:36:26,2523.1,218128
2021-06-23 09:36:27,2523.1,218128
2021-06-23 09:36:28,2523.0,218173
2021-06-23 09:36:29,2522.8,218526
2021-06-23 09:36:30,2523.0,218536
2021-06-23 09:36:31,2523.0,218537
2021-06-23 09:36:32,2523.0,218586
2021-06-23 09:36:33,2523.0,218646
2021-06-23 09:36:34,2523.0,218646
2021-06-23 09:36:35,2523.0,218646
2021-06-23 09:36:36,2523.0,218789
2021-06-23 09:36:37,2523.0,218799
2021-06-23 09:36:38,2523.0,218977
2021-06-23 09:36:39,2523.05,219024
2021-06-23 09:36:40,2523.05,219024
2021-06-23 09:36:41,2523.0,219031
2021-06-23 09:36:42,2523.0,219031
2021-06-23 09:36:43,2523.15,219121
2021-06-23 09:36:44,2523.15,219121
2021-06-23 09:36:45,2523.25,220665
2021-06-23 09:36:46,2523.5,220667
2021-06-23 09:36:47,2523.5,220667
2021-06-23 09:36:48,2523.5,220667
2021-06-23 09:36:49,2523.5,220667
2021-06-23 09:36:50,2523.45,220888
2021-06-23 09:36:51,2523.45,220888
2021-06-23 09:36:52,2523.0,221195
2021-06-23 09:36:53,2523.0,221195
2021-06-23 09:36:55,2523.15,221245
2021-06-23 09:36:56,2523.15,221245
2021-06-23 09:36:57,2523.0,221401
2021-06-23 09:36:58,2523.45,221958
2021-06-23 09:36:59,2523.45,221958
2021-06-23 09:37:00,2523.45,221958
2021-06-23 09:37:01,2523.45,221958
2021-06-23 09:37:02,2523.15,221967
2021-06-23 09:37:03,2523.5,221980
2021-06-23 09:37:04,2523.5,221980
2021-06-23 09:37:05,2523.5,221980
2021-06-23 09:37:06,2523.5,221980
2021-06-23 09:37:07,2523.4,222042
2021-06-23 09:37:08,2523.3,222121
2021-06-23 09:37:09,2523.3,222121
2021-06-23 09:37:10,2523.35,222122
2021-06-23 09:37:11,2523.5,222212
2021-06-23 09:37:12,2523.5,222222
2021-06-23 09:37:13,2523.35,222230
2021-06-23 09:37:14,2523.35,222231
2021-06-23 09:37:15,2523.35,222231
2021-06-23 09:37:16,2523.35,222231
2021-06-23 09:37:17,2523.35,222231
2021-06-23 09:37:18,2523.5,222236
2021-06-23 09:37:19,2523.5,222236
2021-06-23 09:37:20,2523.25,222393
2021-06-23 09:37:21,2523.35,222775
2021-06-23 09:37:22,2523.35,222775
2021-06-23 09:37:23,2523.55,222782
2021-06-23 09:37:24,2523.55,222782
2021-06-23 09:37:27,2523.55,222843
2021-06-23 09:37:28,2523.55,222847
2021-06-23 09:37:29,2523.6,222897
2021-06-23 09:37:30,2523.55,222907
2021-06-23 09:37:31,2523.55,222918
2021-06-23 09:37:32,2523.55,222918
2021-06-23 09:37:33,2523.55,222930
2021-06-23 09:37:34,2523.55,222930
2021-06-23 09:37:35,2523.55,222930
2021-06-23 09:37:36,2523.85,223903
2021-06-23 09:37:37,2523.85,223903
2021-06-23 09:37:38,2523.55,223909
2021-06-23 09:37:39,2523.2,224031
2021-06-23 09:37:40,2523.2,224031
2021-06-23 09:37:41,2523.2,224031
2021-06-23 09:37:42,2523.2,224031
2021-06-23 09:37:43,2523.2,224031
2021-06-23 09:37:44,2523.2,224031
2021-06-23 09:37:45,2523.6,224076
2021-06-23 09:37:46,2523.6,224076
2021-06-23 09:37:48,2523.0,224273
2021-06-23 09:37:50,2523.6,224292
2021-06-23 09:37:52,2523.95,224322
2021-06-23 09:37:53,2523.95,224322
2021-06-23 09:37:57,2524.0,224797
2021-06-23 09:37:58,2524.0,224797
2021-06-23 09:38:00,2524.0,224797
2021-06-23 09:38:01,2524.0,224797
2021-06-23 09:38:01,2524.0,224797
2021-06-23 09:38:02,2524.0,224797
2021-06-23 09:38:03,2523.75,224808
2021-06-23 09:38:04,2523.75,224872
2021-06-23 09:38:05,2523.75,224882
2021-06-23 09:38:06,2524.05,225182
2021-06-23 09:38:07,2523.9,225232
2021-06-23 09:38:08,2523.7,225268
2021-06-23 09:38:09,2523.9,225278
2021-06-23 09:38:10,2523.75,225605
2021-06-23 09:38:11,2523.8,225606
2021-06-23 09:38:12,2523.8,225606
2021-06-23 09:38:13,2523.8,225606
2021-06-23 09:38:15,2523.8,225606
2021-06-23 09:38:16,2523.8,225606
2021-06-23 09:38:16,2523.8,225606
2021-06-23 09:38:17,2523.8,225606
2021-06-23 09:38:18,2523.8,225606
2021-06-23 09:38:20,2523.8,225606
2021-06-23 09:38:21,2523.9,226796
2021-06-23 09:38:22,2523.65,226885
2021-06-23 09:38:23,2524.15,227256
2021-06-23 09:38:24,2523.95,227357
2021-06-23 09:38:25,2524.2,227359
2021-06-23 09:38:26,2524.2,227368
2021-06-23 09:38:27,2524.3,227370
2021-06-23 09:38:28,2523.65,227820
2021-06-23 09:38:29,2523.65,227820
2021-06-23 09:38:30,2523.65,227820
2021-06-23 09:38:31,2523.65,227820
2021-06-23 09:38:32,2523.65,227820
2021-06-23 09:38:33,2523.65,227820
2021-06-23 09:38:34,2524.3,228054
2021-06-23 09:38:35,2524.3,228054
2021-06-23 09:38:36,2523.6,228154
2021-06-23 09:38:37,2524.3,228156
2021-06-23 09:38:38,2524.3,228156
2021-06-23 09:38:39,2524.3,228156
2021-06-23 09:38:40,2524.3,228156
2021-06-23 09:38:41,2524.3,228156
2021-06-23 09:38:42,2523.5,228664
2021-06-23 09:38:43,2523.95,228717
2021-06-23 09:38:44,2523.95,228717
2021-06-23 09:38:45,2523.45,228732
2021-06-23 09:38:47,2523.45,228783
2021-06-23 09:38:47,2523.45,228783
2021-06-23 09:38:48,2523.45,228798
2021-06-23 09:38:49,2523.45,228798
2021-06-23 09:38:50,2523.45,228798
2021-06-23 09:38:51,2523.95,228860
2021-06-23 09:38:52,2523.95,228860
2021-06-23 09:38:53,2523.95,228860
2021-06-23 09:38:54,2523.9,229087
2021-06-23 09:38:55,2523.9,229087
2021-06-23 09:38:56,2523.9,229087
2021-06-23 09:38:57,2523.9,229087
2021-06-23 09:38:58,2523.0,229162
2021-06-23 09:39:00,2523.0,229162
2021-06-23 09:39:00,2523.15,229302
2021-06-23 09:39:01,2523.15,229459
2021-06-23 09:39:02,2523.45,229977
2021-06-23 09:39:03,2524.5,230055
2021-06-23 09:39:04,2524.45,230081
2021-06-23 09:39:05,2524.45,230161
2021-06-23 09:39:06,2524.8,230190
2021-06-23 09:39:07,2524.8,230190
2021-06-23 09:39:08,2524.75,230191
2021-06-23 09:39:09,2524.75,230191
2021-06-23 09:39:10,2524.75,230191
2021-06-23 09:39:11,2524.45,230201
2021-06-23 09:39:12,2523.95,230332
2021-06-23 09:39:13,2523.95,230338
2021-06-23 09:39:14,2523.4,230429
2021-06-23 09:39:15,2523.4,230429
2021-06-23 09:39:16,2523.4,230429
2021-06-23 09:39:17,2523.4,230429
2021-06-23 09:39:18,2523.9,230432
2021-06-23 09:39:19,2523.9,230509
2021-06-23 09:39:20,2524.0,230584
2021-06-23 09:39:21,2524.0,230584
2021-06-23 09:39:22,2523.95,230594
2021-06-23 09:39:23,2524.3,230654
2021-06-23 09:39:24,2523.95,230656
2021-06-23 09:39:25,2524.3,230683
2021-06-23 09:39:26,2524.3,230683
2021-06-23 09:39:27,2524.3,230683
2021-06-23 09:39:28,2524.45,230948
2021-06-23 09:39:29,2524.8,231590
2021-06-23 09:39:30,2525.7,232041
2021-06-23 09:39:31,2526.6,232156
2021-06-23 09:39:32,2526.75,232165
2021-06-23 09:39:33,2526.75,232165
2021-06-23 09:39:34,2526.75,232165
2021-06-23 09:39:35,2526.3,232168
2021-06-23 09:39:36,2526.3,232168
2021-06-23 09:39:38,2526.3,232168
2021-06-23 09:39:38,2526.3,232168
2021-06-23 09:39:40,2526.3,232168
2021-06-23 09:39:41,2526.7,232170
2021-06-23 09:39:41,2526.7,232170
2021-06-23 09:39:42,2526.75,232219
2021-06-23 09:39:43,2526.75,232219
2021-06-23 09:39:44,2526.75,232250
2021-06-23 09:39:46,2526.75,232730
2021-06-23 09:39:47,2527.15,232802
2021-06-23 09:39:48,2527.5,232890
2021-06-23 09:39:49,2527.5,232922
2021-06-23 09:39:50,2527.7,232980
2021-06-23 09:39:51,2527.25,233056
2021-06-23 09:39:52,2527.25,233056
2021-06-23 09:39:54,2527.1,233519
2021-06-23 09:39:55,2527.1,233769
2021-06-23 09:39:56,2526.85,233961
2021-06-23 09:39:57,2527.1,234311
2021-06-23 09:39:58,2527.1,234533
2021-06-23 09:39:59,2527.1,234535
2021-06-23 09:40:00,2527.1,234535
2021-06-23 09:40:01,2527.1,234616
2021-06-23 09:40:02,2527.1,234616
2021-06-23 09:40:03,2526.85,234651
2021-06-23 09:40:04,2526.85,234651
2021-06-23 09:40:05,2526.85,234652
2021-06-23 09:40:07,2527.0,234653
2021-06-23 09:40:08,2527.0,234683
2021-06-23 09:40:09,2526.9,234771
2021-06-23 09:40:10,2526.9,234771
2021-06-23 09:40:11,2526.9,234771
2021-06-23 09:40:11,2526.9,234771
2021-06-23 09:40:12,2527.0,234776
2021-06-23 09:40:13,2527.0,234781
2021-06-23 09:40:14,2527.0,234797
2021-06-23 09:40:15,2526.45,235226
2021-06-23 09:40:16,2526.0,235527
2021-06-23 09:40:17,2526.3,235557
2021-06-23 09:40:18,2526.3,235557
2021-06-23 09:40:19,2526.3,235557
2021-06-23 09:40:21,2526.1,235905
2021-06-23 09:40:22,2526.1,235939
2021-06-23 09:40:23,2526.1,235940
2021-06-23 09:40:23,2525.15,235996
2021-06-23 09:40:25,2526.1,236060
2021-06-23 09:40:25,2526.1,236060
2021-06-23 09:40:27,2526.1,236060
2021-06-23 09:40:28,2526.1,236067
2021-06-23 09:40:30,2526.1,236067
2021-06-23 09:40:31,2526.1,236067
2021-06-23 09:40:31,2526.1,236067
2021-06-23 09:40:32,2526.1,236067
2021-06-23 09:40:33,2526.05,236068
2021-06-23 09:40:35,2526.05,236068
2021-06-23 09:40:36,2525.25,236294
2021-06-23 09:40:37,2525.25,236294
2021-06-23 09:40:38,2525.25,236294
2021-06-23 09:40:39,2526.05,236344
2021-06-23 09:40:40,2526.05,236344
2021-06-23 09:40:41,2525.2,236370
2021-06-23 09:40:43,2525.2,236370
2021-06-23 09:40:44,2525.2,236370
2021-06-23 09:40:45,2525.35,236375
2021-06-23 09:40:46,2525.35,236375
2021-06-23 09:40:47,2526.05,236475
2021-06-23 09:40:49,2525.6,236675
2021-06-23 09:40:49,2525.6,237229
2021-06-23 09:40:51,2525.6,237229
2021-06-23 09:40:51,2525.6,237229
2021-06-23 09:40:52,2526.05,237249
2021-06-23 09:40:53,2525.6,237299
2021-06-23 09:40:55,2525.6,237299
2021-06-23 09:40:56,2525.6,237300
2021-06-23 09:40:57,2525.6,237370
2021-06-23 09:40:58,2526.05,237445
2021-06-23 09:40:58,2526.05,237395
2021-06-23 09:40:59,2526.05,237445
2021-06-23 09:41:00,2525.0,237625
2021-06-23 09:41:01,2524.5,237698
2021-06-23 09:41:03,2524.5,237700
2021-06-23 09:41:04,2524.5,237700
2021-06-23 09:41:05,2524.5,237700
2021-06-23 09:41:06,2524.5,237710
2021-06-23 09:41:08,2524.5,237710
2021-06-23 09:41:09,2524.75,237810
2021-06-23 09:41:11,2524.75,237810
2021-06-23 09:41:12,2524.5,237812
2021-06-23 09:41:13,2524.5,237817
2021-06-23 09:41:14,2524.3,237826
2021-06-23 09:41:14,2524.3,237826
2021-06-23 09:41:15,2524.35,237827
2021-06-23 09:41:16,2524.35,237837
2021-06-23 09:41:17,2524.5,238167
2021-06-23 09:41:18,2524.6,238272
2021-06-23 09:41:19,2524.6,238272
2021-06-23 09:41:20,2524.4,238282
2021-06-23 09:41:21,2524.4,238282
2021-06-23 09:41:22,2524.35,238287
2021-06-23 09:41:23,2524.35,238287
2021-06-23 09:41:24,2524.35,238287
2021-06-23 09:41:25,2524.35,238287
2021-06-23 09:41:26,2524.35,238287
2021-06-23 09:41:27,2524.35,238287
2021-06-23 09:41:28,2524.35,238287
2021-06-23 09:41:30,2524.35,238332
2021-06-23 09:41:31,2524.35,238332
2021-06-23 09:41:32,2524.35,238337
2021-06-23 09:41:33,2525.45,240366
2021-06-23 09:41:34,2526.0,240420
2021-06-23 09:41:35,2526.4,240640
2021-06-23 09:41:36,2526.35,240911
2021-06-23 09:41:37,2526.35,240911
2021-06-23 09:41:38,2526.35,240911
2021-06-23 09:41:39,2526.35,240911
2021-06-23 09:41:40,2526.35,240911
2021-06-23 09:41:41,2526.35,240911
2021-06-23 09:41:42,2526.35,240911
2021-06-23 09:41:43,2525.75,241134
2021-06-23 09:41:44,2526.0,241139
2021-06-23 09:41:45,2526.0,241139
2021-06-23 09:41:46,2526.0,241139
2021-06-23 09:41:47,2526.0,241139
2021-06-23 09:41:48,2526.0,241139
2021-06-23 09:41:49,2526.0,241139
2021-06-23 09:41:50,2525.75,241144
2021-06-23 09:41:51,2525.75,241144
2021-06-23 09:41:52,2525.75,241144
2021-06-23 09:41:54,2525.95,241220
2021-06-23 09:41:53,2525.75,241210
2021-06-23 09:41:55,2525.75,241290
2021-06-23 09:41:56,2525.75,241290
2021-06-23 09:41:57,2525.75,241290
2021-06-23 09:41:58,2524.95,241506
2021-06-23 09:41:59,2524.95,241506
2021-06-23 09:42:00,2524.95,241506
2021-06-23 09:42:01,2525.0,241515
2021-06-23 09:42:02,2524.95,241532
2021-06-23 09:42:03,2524.95,241532
2021-06-23 09:42:04,2525.1,241535
2021-06-23 09:42:05,2525.75,241581
2021-06-23 09:42:06,2525.75,241912
2021-06-23 09:42:07,2526.0,241946
2021-06-23 09:42:08,2525.8,242396
2021-06-23 09:42:09,2525.8,242396
2021-06-23 09:42:10,2526.1,242497
2021-06-23 09:42:12,2526.1,242517
2021-06-23 09:42:12,2526.1,242527
2021-06-23 09:42:13,2526.1,242537
2021-06-23 09:42:14,2526.4,242587
2021-06-23 09:42:15,2526.4,242587
2021-06-23 09:42:16,2526.4,242625
2021-06-23 09:42:17,2526.4,242627
2021-06-23 09:42:19,2526.0,242849
2021-06-23 09:42:19,2526.1,242893
2021-06-23 09:42:20,2526.4,242903
2021-06-23 09:42:21,2526.1,243023
2021-06-23 09:42:23,2526.0,243259
2021-06-23 09:42:25,2526.15,243629
2021-06-23 09:42:26,2526.15,243629
2021-06-23 09:42:27,2526.15,243645
2021-06-23 09:42:28,2526.15,243645
2021-06-23 09:42:29,2526.15,243645
2021-06-23 09:42:30,2526.15,243645
2021-06-23 09:42:31,2526.15,243645
2021-06-23 09:42:32,2526.15,243645
2021-06-23 09:42:33,2526.4,243646
2021-06-23 09:42:35,2526.15,243719
2021-06-23 09:42:36,2526.15,243719
2021-06-23 09:42:38,2526.0,244015
2021-06-23 09:42:39,2526.4,244025
2021-06-23 09:42:40,2526.4,244026
2021-06-23 09:42:43,2526.4,244063
2021-06-23 09:42:45,2526.4,244063
2021-06-23 09:42:47,2526.05,244064
2021-06-23 09:42:48,2526.05,244064
2021-06-23 09:42:49,2526.4,244357
2021-06-23 09:42:50,2526.5,244362
2021-06-23 09:42:51,2526.45,244372
2021-06-23 09:42:52,2526.5,244382
2021-06-23 09:42:53,2526.5,244431
2021-06-23 09:42:54,2526.4,244467
2021-06-23 09:42:55,2526.4,244473
2021-06-23 09:42:56,2526.4,244473
2021-06-23 09:42:57,2526.5,244973
2021-06-23 09:42:58,2526.5,244973
2021-06-23 09:42:59,2526.5,244973
2021-06-23 09:43:00,2526.5,244973
2021-06-23 09:43:01,2526.25,245021
2021-06-23 09:43:02,2526.1,245092
2021-06-23 09:43:03,2526.1,245092
2021-06-23 09:43:03,2526.25,245319
2021-06-23 09:43:04,2526.25,245319
2021-06-23 09:43:05,2526.25,245320
2021-06-23 09:43:06,2526.25,245323
2021-06-23 09:43:07,2526.25,245323
2021-06-23 09:43:08,2526.25,245323
2021-06-23 09:43:09,2526.25,245323
2021-06-23 09:43:10,2526.25,245330
2021-06-23 09:43:11,2526.25,245381
2021-06-23 09:43:12,2526.25,245590
2021-06-23 09:43:14,2526.25,245590
2021-06-23 09:43:14,2526.25,245590
2021-06-23 09:43:16,2526.25,245590
2021-06-23 09:43:16,2526.25,245638
2021-06-23 09:43:17,2526.15,245838
2021-06-23 09:43:18,2526.35,245843
2021-06-23 09:43:20,2526.35,245843
2021-06-23 09:43:20,2526.35,245843
2021-06-23 09:43:21,2526.15,245853
2021-06-23 09:43:23,2526.35,245906
2021-06-23 09:43:24,2526.35,245906
2021-06-23 09:43:25,2526.35,245906
2021-06-23 09:43:26,2526.35,245906
2021-06-23 09:43:27,2526.35,245906
2021-06-23 09:43:27,2526.35,245906
2021-06-23 09:43:29,2526.35,245928
2021-06-23 09:43:30,2527.7,247701
2021-06-23 09:43:32,2527.4,248078
2021-06-23 09:43:33,2527.4,248078
2021-06-23 09:43:34,2527.4,248078
2021-06-23 09:43:35,2527.4,248093
2021-06-23 09:43:36,2527.4,248093
2021-06-23 09:43:36,2527.4,248093
2021-06-23 09:43:37,2527.4,248093
2021-06-23 09:43:38,2527.4,248093
2021-06-23 09:43:40,2527.4,248188
2021-06-23 09:43:41,2525.05,249136
2021-06-23 09:43:42,2525.05,249136
2021-06-23 09:43:44,2525.85,249138
2021-06-23 09:43:44,2525.85,249138
2021-06-23 09:43:45,2525.85,249138
2021-06-23 09:43:47,2525.85,249188
2021-06-23 09:43:48,2525.0,249208
2021-06-23 09:43:49,2525.0,249208
2021-06-23 09:43:50,2525.85,249228
2021-06-23 09:43:51,2524.9,250028
2021-06-23 09:43:52,2524.9,250028
2021-06-23 09:43:53,2525.85,250223
2021-06-23 09:43:54,2525.25,250228
2021-06-23 09:43:55,2525.25,250304
2021-06-23 09:43:56,2525.25,250304
2021-06-23 09:43:57,2525.25,250304
2021-06-23 09:43:58,2525.0,250673
2021-06-23 09:43:59,2525.0,250673
2021-06-23 09:44:00,2525.85,250873
2021-06-23 09:44:01,2525.85,250918
2021-06-23 09:44:02,2525.85,250918
2021-06-23 09:44:04,2525.1,251625
2021-06-23 09:44:04,2525.1,251625
2021-06-23 09:44:05,2526.3,251725
2021-06-23 09:44:06,2526.3,251725
2021-06-23 09:44:08,2525.85,252038
2021-06-23 09:44:09,2525.85,252038
2021-06-23 09:44:10,2525.05,252338
2021-06-23 09:44:11,2525.85,252339
2021-06-23 09:44:12,2525.65,252466
2021-06-23 09:44:13,2525.65,252466
2021-06-23 09:44:14,2525.65,252466
2021-06-23 09:44:15,2525.65,252466
2021-06-23 09:44:16,2525.35,252470
2021-06-23 09:44:18,2525.6,252480
2021-06-23 09:44:19,2525.6,252480
2021-06-23 09:44:22,2525.25,252815
2021-06-23 09:44:23,2525.25,252815
2021-06-23 09:44:24,2525.0,252825
2021-06-23 09:44:25,2525.0,252825
2021-06-23 09:44:26,2525.55,252826
2021-06-23 09:44:27,2525.3,252896
2021-06-23 09:44:28,2525.3,252896
2021-06-23 09:44:29,2525.3,252896
2021-06-23 09:44:30,2525.3,252896
2021-06-23 09:44:31,2525.2,252901
2021-06-23 09:44:32,2525.3,252960
2021-06-23 09:44:33,2525.0,253173
2021-06-23 09:44:34,2525.0,253173
2021-06-23 09:44:35,2525.0,253173
2021-06-23 09:44:36,2525.0,253173
2021-06-23 09:44:37,2525.0,253173
2021-06-23 09:44:38,2525.3,253175
2021-06-23 09:44:39,2525.3,253403
2021-06-23 09:44:40,2525.65,253723
2021-06-23 09:44:41,2526.25,253812
2021-06-23 09:44:42,2526.25,253812
2021-06-23 09:44:43,2525.8,253857
2021-06-23 09:44:44,2526.6,253877
2021-06-23 09:44:45,2526.6,253880
2021-06-23 09:44:47,2526.6,253930
2021-06-23 09:44:48,2526.6,253930
2021-06-23 09:44:49,2526.6,253930
2021-06-23 09:44:50,2525.7,254152
2021-06-23 09:44:51,2525.7,254152
2021-06-23 09:44:52,2525.7,254152
2021-06-23 09:44:53,2526.1,254378
2021-06-23 09:44:54,2526.1,254378
2021-06-23 09:44:55,2526.1,254388
2021-06-23 09:44:56,2526.1,254790
2021-06-23 09:44:57,2525.95,254803
2021-06-23 09:44:58,2525.95,254803
2021-06-23 09:44:59,2525.95,254803
2021-06-23 09:45:00,2525.95,254822
2021-06-23 09:45:01,2525.95,254822
2021-06-23 09:45:02,2525.95,254823
2021-06-23 09:45:03,2525.95,254823
2021-06-23 09:45:04,2525.95,254823
2021-06-23 09:45:05,2525.95,254873
2021-06-23 09:45:07,2526.0,255057
2021-06-23 09:45:08,2526.0,255057
2021-06-23 09:45:09,2525.7,255207
2021-06-23 09:45:10,2525.7,255278
2021-06-23 09:45:11,2525.35,255288
2021-06-23 09:45:12,2525.35,255288
2021-06-23 09:45:13,2525.05,255530
2021-06-23 09:45:14,2524.5,255744
2021-06-23 09:45:16,2524.4,255840
2021-06-23 09:45:17,2524.1,255972
2021-06-23 09:45:18,2524.1,255972
2021-06-23 09:45:19,2524.05,256014
2021-06-23 09:45:20,2524.2,256198
2021-06-23 09:45:21,2524.05,256213
2021-06-23 09:45:22,2523.5,256333
2021-06-23 09:45:23,2523.5,256333
2021-06-23 09:45:24,2524.45,256365
2021-06-23 09:45:25,2524.75,256467
2021-06-23 09:45:26,2524.5,256887
2021-06-23 09:45:27,2524.75,257144
2021-06-23 09:45:29,2524.75,257144
2021-06-23 09:45:29,2524.75,257144
2021-06-23 09:45:30,2524.75,257144
2021-06-23 09:45:32,2524.75,257144
2021-06-23 09:45:33,2524.6,257394
2021-06-23 09:45:34,2524.75,257634
2021-06-23 09:45:35,2524.75,257634
2021-06-23 09:45:35,2524.85,257725
2021-06-23 09:45:37,2524.85,257725
2021-06-23 09:45:37,2524.6,257783
2021-06-23 09:45:38,2524.6,257783
2021-06-23 09:45:39,2524.5,257842
2021-06-23 09:45:40,2524.5,257842
2021-06-23 09:45:42,2524.5,257842
2021-06-23 09:45:43,2524.5,257842
2021-06-23 09:45:44,2524.45,258114
2021-06-23 09:45:45,2524.5,258117
2021-06-23 09:45:46,2524.4,258173
2021-06-23 09:45:47,2524.65,258773
2021-06-23 09:45:48,2524.4,258774
2021-06-23 09:45:49,2524.4,258891
2021-06-23 09:45:50,2524.4,258891
2021-06-23 09:45:51,2524.0,258925
2021-06-23 09:45:52,2524.35,258953
2021-06-23 09:45:53,2524.15,258973
2021-06-23 09:45:54,2524.15,258973
2021-06-23 09:45:54,2524.15,259194
2021-06-23 09:45:56,2524.15,259194
2021-06-23 09:45:57,2524.15,259194
2021-06-23 09:45:58,2524.15,259194
2021-06-23 09:45:58,2524.15,259194
2021-06-23 09:46:00,2524.15,259194
2021-06-23 09:46:00,2523.35,259203
2021-06-23 09:46:01,2524.15,259213
2021-06-23 09:46:03,2524.05,259267
2021-06-23 09:46:04,2524.05,259275
2021-06-23 09:46:05,2524.05,259275
2021-06-23 09:46:07,2524.0,259296
2021-06-23 09:46:07,2524.0,259296
2021-06-23 09:46:10,2524.0,259316
2021-06-23 09:46:11,2524.0,259671
2021-06-23 09:46:12,2524.0,259671
2021-06-23 09:46:13,2524.0,259671
2021-06-23 09:46:14,2524.1,259927
2021-06-23 09:46:14,2524.0,259936
2021-06-23 09:46:15,2524.0,259954
2021-06-23 09:46:16,2523.0,260054
2021-06-23 09:46:17,2523.0,260054
2021-06-23 09:46:19,2524.05,260084
2021-06-23 09:46:20,2524.05,260084
2021-06-23 09:46:21,2524.05,260084
2021-06-23 09:46:22,2524.05,260133
2021-06-23 09:46:23,2524.05,260134
2021-06-23 09:46:23,2524.05,260134
2021-06-23 09:46:24,2524.05,260134
2021-06-23 09:46:25,2523.2,260935
2021-06-23 09:46:26,2523.2,260935
2021-06-23 09:46:27,2523.25,260940
2021-06-23 09:46:28,2523.25,260940
2021-06-23 09:46:30,2523.25,260950
2021-06-23 09:46:30,2523.25,261288
2021-06-23 09:46:32,2523.2,261413
2021-06-23 09:46:34,2523.45,261649
2021-06-23 09:46:35,2524.2,261659
2021-06-23 09:46:36,2524.2,261659
2021-06-23 09:46:37,2524.2,261659
2021-06-23 09:46:38,2523.5,261674
2021-06-23 09:46:39,2523.5,261674
2021-06-23 09:46:40,2524.15,261718
2021-06-23 09:46:41,2524.2,261768
2021-06-23 09:46:43,2524.2,261772
2021-06-23 09:46:44,2524.2,261774
2021-06-23 09:46:45,2524.2,261774
2021-06-23 09:46:46,2524.2,261774
2021-06-23 09:46:47,2524.2,261774
2021-06-23 09:46:48,2524.2,261781
2021-06-23 09:46:49,2524.0,261804
2021-06-23 09:46:50,2523.95,262088
2021-06-23 09:46:51,2523.0,262090
2021-06-23 09:46:52,2523.0,262090
2021-06-23 09:46:53,2523.0,262090
2021-06-23 09:46:54,2523.0,262090
2021-06-23 09:46:55,2523.0,262090
2021-06-23 09:46:56,2523.35,262240
2021-06-23 09:46:57,2522.5,263687
2021-06-23 09:46:58,2522.5,263745
2021-06-23 09:46:59,2522.5,263745
2021-06-23 09:47:00,2522.95,263924
2021-06-23 09:47:01,2522.95,263924
2021-06-23 09:47:02,2522.4,264457
2021-06-23 09:47:03,2522.2,264507
2021-06-23 09:47:06,2522.2,264954
2021-06-23 09:47:07,2522.15,265508
2021-06-23 09:47:08,2520.0,270769
2021-06-23 09:47:09,2520.0,270769
2021-06-23 09:47:10,2520.85,271639
2021-06-23 09:47:11,2521.6,271889
2021-06-23 09:47:12,2521.6,271889
2021-06-23 09:47:13,2521.6,271889
2021-06-23 09:47:14,2521.6,271889
2021-06-23 09:47:15,2521.6,271889
2021-06-23 09:47:16,2521.6,271889
2021-06-23 09:47:18,2521.6,271889
2021-06-23 09:47:20,2522.0,271938
2021-06-23 09:47:21,2522.8,271988
2021-06-23 09:47:22,2522.25,272086
2021-06-23 09:47:23,2522.25,272086
2021-06-23 09:47:24,2522.25,272086
2021-06-23 09:47:25,2522.5,272091
2021-06-23 09:47:26,2522.85,272095
2021-06-23 09:47:27,2522.65,272096
2021-06-23 09:47:28,2522.65,272096
2021-06-23 09:47:29,2522.65,272096
2021-06-23 09:47:30,2522.7,272402
2021-06-23 09:47:31,2522.7,272402
2021-06-23 09:47:32,2522.8,272403
2021-06-23 09:47:33,2522.8,272403
2021-06-23 09:47:34,2522.7,272418
2021-06-23 09:47:35,2522.7,272418
2021-06-23 09:47:36,2522.7,272418
2021-06-23 09:47:37,2522.7,272418
2021-06-23 09:47:38,2522.8,272468
2021-06-23 09:47:39,2522.8,273241
2021-06-23 09:47:41,2522.0,274796
2021-06-23 09:47:42,2521.55,274846
2021-06-23 09:47:43,2521.35,274850
2021-06-23 09:47:44,2521.55,274852
2021-06-23 09:47:45,2521.45,274973
2021-06-23 09:47:46,2521.45,275104
2021-06-23 09:47:48,2521.45,275152
2021-06-23 09:47:49,2521.55,275279
2021-06-23 09:47:50,2521.55,275284
2021-06-23 09:47:51,2521.55,275285
2021-06-23 09:47:52,2521.55,275368
2021-06-23 09:47:53,2521.55,275388
2021-06-23 09:47:54,2521.55,275388
2021-06-23 09:47:55,2521.55,275808
2021-06-23 09:47:56,2521.55,275847
2021-06-23 09:47:57,2521.5,275899
2021-06-23 09:47:59,2521.65,277298
2021-06-23 09:47:58,2521.55,277296
2021-06-23 09:48:00,2521.55,277401
2021-06-23 09:48:01,2521.55,277401
2021-06-23 09:48:02,2521.55,277401
2021-06-23 09:48:03,2521.55,277402
2021-06-23 09:48:04,2521.55,277402
2021-06-23 09:48:05,2521.0,277750
2021-06-23 09:48:06,2521.25,277881
2021-06-23 09:48:07,2521.25,277885
2021-06-23 09:48:08,2520.25,277985
2021-06-23 09:48:09,2520.0,278171
2021-06-23 09:48:10,2520.0,278171
2021-06-23 09:48:11,2520.8,278201
2021-06-23 09:48:12,2520.8,278201
2021-06-23 09:48:13,2520.0,278202
2021-06-23 09:48:14,2520.7,278262
2021-06-23 09:48:15,2520.7,278262
2021-06-23 09:48:16,2520.5,278299
2021-06-23 09:48:17,2520.15,278327
2021-06-23 09:48:18,2519.7,278622
2021-06-23 09:48:19,2520.1,279437
2021-06-23 09:48:20,2520.1,279437
2021-06-23 09:48:21,2520.1,279437
2021-06-23 09:48:22,2520.0,279612
2021-06-23 09:48:23,2519.85,279635
2021-06-23 09:48:24,2520.4,280683
2021-06-23 09:48:25,2520.1,281309
2021-06-23 09:48:26,2520.1,281309
2021-06-23 09:48:27,2521.0,281353
2021-06-23 09:48:28,2520.75,281575
2021-06-23 09:48:29,2520.75,281575
2021-06-23 09:48:30,2520.75,281575
2021-06-23 09:48:31,2521.25,281576
2021-06-23 09:48:32,2521.5,281577
2021-06-23 09:48:33,2521.5,281577
2021-06-23 09:48:34,2521.5,281577
2021-06-23 09:48:35,2521.0,281617
2021-06-23 09:48:36,2521.5,281619
2021-06-23 09:48:37,2521.0,282028
2021-06-23 09:48:38,2521.0,282079
2021-06-23 09:48:39,2521.7,282082
2021-06-23 09:48:40,2521.7,282082
2021-06-23 09:48:41,2521.6,282083
2021-06-23 09:48:42,2521.6,282083
2021-06-23 09:48:43,2521.6,282083
2021-06-23 09:48:44,2521.1,282184
2021-06-23 09:48:45,2521.1,282184
2021-06-23 09:48:46,2521.0,282363
2021-06-23 09:48:48,2521.0,282363
2021-06-23 09:48:49,2521.0,282363
2021-06-23 09:48:50,2520.5,282435
2021-06-23 09:48:51,2520.5,282435
2021-06-23 09:48:52,2520.75,282440
2021-06-23 09:48:53,2520.75,282492
2021-06-23 09:48:54,2520.75,282492
2021-06-23 09:48:55,2520.75,282492
2021-06-23 09:48:56,2520.75,282493
2021-06-23 09:48:57,2520.75,282493
2021-06-23 09:48:58,2520.0,282685
2021-06-23 09:48:59,2520.0,282685
2021-06-23 09:49:00,2520.1,282704
2021-06-23 09:49:01,2520.1,282804
2021-06-23 09:49:02,2520.1,282804
2021-06-23 09:49:03,2520.1,282807
2021-06-23 09:49:04,2520.1,282809
2021-06-23 09:49:05,2519.9,282898
2021-06-23 09:49:06,2520.0,282904
2021-06-23 09:49:07,2520.0,282904
2021-06-23 09:49:08,2520.0,282904
2021-06-23 09:49:09,2520.0,282904
2021-06-23 09:49:10,2520.0,282904
2021-06-23 09:49:11,2520.7,283124
2021-06-23 09:49:12,2520.1,283139
2021-06-23 09:49:13,2520.7,283301
2021-06-23 09:49:14,2520.7,283341
2021-06-23 09:49:15,2520.7,283416
2021-06-23 09:49:16,2520.7,283416
2021-06-23 09:49:17,2520.7,283416
2021-06-23 09:49:18,2520.7,283417
2021-06-23 09:49:19,2520.2,283418
2021-06-23 09:49:21,2520.1,283553
2021-06-23 09:49:22,2520.7,283654
2021-06-23 09:49:23,2520.7,283658
2021-06-23 09:49:24,2520.9,284380
2021-06-23 09:49:25,2520.9,284380
2021-06-23 09:49:26,2520.9,284380
2021-06-23 09:49:27,2520.2,284420
2021-06-23 09:49:28,2520.1,285798
2021-06-23 09:49:29,2520.1,285799
2021-06-23 09:49:30,2519.05,285917
2021-06-23 09:49:31,2519.05,285917
2021-06-23 09:49:32,2520.45,286281
2021-06-23 09:49:33,2520.0,286282
2021-06-23 09:49:35,2520.0,286282
2021-06-23 09:49:36,2520.5,286299
2021-06-23 09:49:37,2520.5,286299
2021-06-23 09:49:39,2520.2,286300
2021-06-23 09:49:40,2520.2,286300
2021-06-23 09:49:41,2520.2,286300
2021-06-23 09:49:42,2520.2,286300
2021-06-23 09:49:43,2520.85,286382
2021-06-23 09:49:44,2520.85,286382
2021-06-23 09:49:45,2520.85,286387
2021-06-23 09:49:46,2520.85,286387
2021-06-23 09:49:48,2520.85,286388
2021-06-23 09:49:48,2520.85,286388
2021-06-23 09:49:49,2520.85,286389
2021-06-23 09:49:50,2520.85,286389
2021-06-23 09:49:51,2520.85,286452
2021-06-23 09:49:52,2520.85,286452
2021-06-23 09:49:53,2520.85,286452
2021-06-23 09:49:55,2520.85,286452
2021-06-23 09:49:55,2520.85,286452
2021-06-23 09:49:56,2520.2,286482
2021-06-23 09:49:57,2520.2,286482
2021-06-23 09:49:58,2520.2,286482
2021-06-23 09:50:00,2520.2,286482
2021-06-23 09:50:00,2520.2,286482
2021-06-23 09:50:01,2520.2,286482
2021-06-23 09:50:02,2520.1,286702
2021-06-23 09:50:03,2520.1,286702
2021-06-23 09:50:04,2520.2,286712
2021-06-23 09:50:05,2520.2,286712
2021-06-23 09:50:07,2520.2,286815
2021-06-23 09:50:07,2520.1,286851
2021-06-23 09:50:08,2520.75,287056
2021-06-23 09:50:09,2520.85,287216
2021-06-23 09:50:10,2520.85,287216
2021-06-23 09:50:11,2520.85,287216
2021-06-23 09:50:12,2520.85,287216
2021-06-23 09:50:13,2520.85,287216
2021-06-23 09:50:14,2520.85,287216
2021-06-23 09:50:16,2520.1,287426
2021-06-23 09:50:17,2520.55,287438
2021-06-23 09:50:18,2520.55,287438
2021-06-23 09:50:20,2520.5,287439
2021-06-23 09:50:21,2520.1,287455
2021-06-23 09:50:22,2520.5,287811
2021-06-23 09:50:22,2520.5,287811
2021-06-23 09:50:23,2520.5,287814
2021-06-23 09:50:24,2520.15,288292
2021-06-23 09:50:25,2520.0,288393
2021-06-23 09:50:26,2520.2,288831
2021-06-23 09:50:27,2520.2,288831
2021-06-23 09:50:28,2520.3,288881
2021-06-23 09:50:29,2519.5,288891
2021-06-23 09:50:30,2520.35,289902
2021-06-23 09:50:31,2520.25,289924
2021-06-23 09:50:32,2519.6,290034
2021-06-23 09:50:33,2519.1,290159
2021-06-23 09:50:34,2520.25,290168
2021-06-23 09:50:35,2520.25,290193
2021-06-23 09:50:36,2520.0,290278
2021-06-23 09:50:38,2520.0,290278
2021-06-23 09:50:39,2520.0,290278
2021-06-23 09:50:40,2519.35,290279
2021-06-23 09:50:40,2519.35,290279
2021-06-23 09:50:41,2519.35,290279
2021-06-23 09:50:42,2519.35,290279
2021-06-23 09:50:43,2519.35,290279
2021-06-23 09:50:44,2519.35,290297
2021-06-23 09:50:46,2519.35,290297
2021-06-23 09:50:46,2519.95,290298
2021-06-23 09:50:48,2519.95,290348
2021-06-23 09:50:49,2519.95,290348
2021-06-23 09:50:49,2519.95,290348
2021-06-23 09:50:51,2519.95,290559
2021-06-23 09:50:52,2519.95,290560
2021-06-23 09:50:53,2519.05,290570
2021-06-23 09:50:55,2519.95,290571
2021-06-23 09:50:56,2519.95,290572
2021-06-23 09:50:56,2519.95,290572
2021-06-23 09:50:58,2519.95,290616
2021-06-23 09:50:59,2519.95,290616
2021-06-23 09:51:00,2519.25,290655
2021-06-23 09:51:01,2519.25,290655
2021-06-23 09:51:02,2519.25,290655
2021-06-23 09:51:03,2519.85,290660
2021-06-23 09:51:05,2519.85,290722
2021-06-23 09:51:06,2519.3,290734
2021-06-23 09:51:08,2519.85,290922
2021-06-23 09:51:09,2519.85,290922
2021-06-23 09:51:10,2519.2,291066
2021-06-23 09:51:12,2519.2,291066
2021-06-23 09:51:13,2519.2,291090
2021-06-23 09:51:14,2519.2,291090
2021-06-23 09:51:14,2519.2,291090
2021-06-23 09:51:15,2519.2,291090
2021-06-23 09:51:16,2519.5,291213
2021-06-23 09:51:17,2519.5,291213
2021-06-23 09:51:19,2519.5,291213
2021-06-23 09:51:20,2519.85,291214
2021-06-23 09:51:21,2521.0,293116
2021-06-23 09:51:22,2520.7,293175
2021-06-23 09:51:22,2520.7,293175
2021-06-23 09:51:23,2521.2,293338
2021-06-23 09:51:24,2521.7,293339
2021-06-23 09:51:26,2521.7,293377
2021-06-23 09:51:27,2522.2,294279
2021-06-23 09:51:27,2522.2,294279
2021-06-23 09:51:28,2522.05,294280
2021-06-23 09:51:29,2522.05,294280
2021-06-23 09:51:30,2522.05,294280
2021-06-23 09:51:32,2522.05,294280
2021-06-23 09:51:33,2521.1,294300
2021-06-23 09:51:33,2521.1,294300
2021-06-23 09:51:34,2521.1,294300
2021-06-23 09:51:35,2521.0,294500
2021-06-23 09:51:36,2521.95,294510
2021-06-23 09:51:37,2521.95,294510
2021-06-23 09:51:38,2521.75,294512
2021-06-23 09:51:40,2521.75,294512
2021-06-23 09:51:41,2521.75,294512
2021-06-23 09:51:42,2521.75,294512
2021-06-23 09:51:43,2521.75,294522
2021-06-23 09:51:44,2521.75,294582
2021-06-23 09:51:46,2521.75,294583
2021-06-23 09:51:47,2521.75,294583
2021-06-23 09:51:48,2521.75,294583
2021-06-23 09:51:48,2521.75,294583
2021-06-23 09:51:49,2521.75,294583
2021-06-23 09:51:50,2521.25,294649
2021-06-23 09:51:51,2521.75,294651
2021-06-23 09:51:52,2521.75,294651
2021-06-23 09:51:53,2521.75,294651
2021-06-23 09:51:55,2521.25,294854
2021-06-23 09:51:56,2521.75,294860
2021-06-23 09:51:57,2521.75,294860
2021-06-23 09:51:58,2520.7,295963
2021-06-23 09:51:58,2520.7,295963
2021-06-23 09:51:59,2520.7,295963
2021-06-23 09:52:00,2520.5,296134
2021-06-23 09:52:01,2520.5,296134
2021-06-23 09:52:02,2520.5,296134
2021-06-23 09:52:03,2520.45,296184
2021-06-23 09:52:04,2520.45,296187
2021-06-23 09:52:05,2520.45,296187
2021-06-23 09:52:06,2520.45,296206
2021-06-23 09:52:07,2520.0,296270
2021-06-23 09:52:08,2520.0,296270
2021-06-23 09:52:10,2520.45,296273
2021-06-23 09:52:11,2520.0,296275
2021-06-23 09:52:12,2520.0,296280
2021-06-23 09:52:13,2520.0,296280
2021-06-23 09:52:15,2520.0,296319
2021-06-23 09:52:16,2519.95,296347
2021-06-23 09:52:17,2519.35,296362
2021-06-23 09:52:17,2519.35,296362
2021-06-23 09:52:18,2519.15,296517
2021-06-23 09:52:19,2519.15,296517
2021-06-23 09:52:20,2519.15,296517
2021-06-23 09:52:21,2519.15,296517
2021-06-23 09:52:22,2519.5,296568
2021-06-23 09:52:23,2519.45,296573
2021-06-23 09:52:24,2519.45,296598
2021-06-23 09:52:26,2519.45,296598
2021-06-23 09:52:27,2519.5,297583
2021-06-23 09:52:28,2519.25,297585
2021-06-23 09:52:28,2519.25,297585
2021-06-23 09:52:29,2519.5,297586
2021-06-23 09:52:31,2519.25,297636
2021-06-23 09:52:32,2519.5,297642
2021-06-23 09:52:33,2519.5,297642
2021-06-23 09:52:35,2519.5,297642
2021-06-23 09:52:35,2519.85,297672
2021-06-23 09:52:36,2519.85,297672
2021-06-23 09:52:38,2519.5,297682
2021-06-23 09:52:39,2519.5,297682
2021-06-23 09:52:40,2519.5,297682
2021-06-23 09:52:41,2519.5,297682
2021-06-23 09:52:41,2519.85,297731
2021-06-23 09:52:43,2520.2,297833
2021-06-23 09:52:45,2519.5,298016
2021-06-23 09:52:46,2519.5,298016
2021-06-23 09:52:47,2519.5,298499
2021-06-23 09:52:47,2519.5,298499
2021-06-23 09:52:48,2519.5,298520
2021-06-23 09:52:49,2519.5,298520
2021-06-23 09:52:50,2519.5,298520
2021-06-23 09:52:52,2518.65,299060
2021-06-23 09:52:53,2518.65,299060
2021-06-23 09:52:54,2518.65,299060
2021-06-23 09:52:55,2518.65,299060
2021-06-23 09:52:56,2518.65,299060
2021-06-23 09:52:57,2518.65,299060
2021-06-23 09:52:57,2518.65,299060
2021-06-23 09:52:58,2518.4,299160
2021-06-23 09:52:59,2518.95,299165
2021-06-23 09:53:00,2519.5,299574
2021-06-23 09:53:01,2519.5,299574
2021-06-23 09:53:02,2519.5,299574
2021-06-23 09:53:03,2519.5,299574
2021-06-23 09:53:04,2519.5,299574
2021-06-23 09:53:05,2519.5,299574
2021-06-23 09:53:06,2519.5,299574
2021-06-23 09:53:08,2519.5,299833
2021-06-23 09:53:09,2519.45,299837
2021-06-23 09:53:10,2519.45,299837
2021-06-23 09:53:11,2519.45,299837
2021-06-23 09:53:12,2519.45,299837
2021-06-23 09:53:13,2519.45,299837
2021-06-23 09:53:13,2519.45,299838
2021-06-23 09:53:14,2519.45,299838
2021-06-23 09:53:15,2519.45,299838
2021-06-23 09:53:16,2519.45,299838
2021-06-23 09:53:17,2519.45,299838
2021-06-23 09:53:19,2519.45,300166
2021-06-23 09:53:20,2519.05,300384
2021-06-23 09:53:21,2519.0,300387
2021-06-23 09:53:22,2519.0,300387
2021-06-23 09:53:23,2519.45,300388
2021-06-23 09:53:23,2519.0,300390
2021-06-23 09:53:24,2519.05,300393
2021-06-23 09:53:26,2519.05,300393
2021-06-23 09:53:27,2519.3,300523
2021-06-23 09:53:28,2519.3,300523
2021-06-23 09:53:28,2519.5,301020
2021-06-23 09:53:29,2519.5,301020
2021-06-23 09:53:30,2519.5,301040
2021-06-23 09:53:32,2519.0,301150
2021-06-23 09:53:33,2519.05,301237
2021-06-23 09:53:34,2519.0,301337
2021-06-23 09:53:35,2519.0,301442
2021-06-23 09:53:35,2519.0,301442
2021-06-23 09:53:36,2519.0,301444
2021-06-23 09:53:37,2519.0,301835
2021-06-23 09:53:38,2519.2,301885
2021-06-23 09:53:39,2519.2,301885
2021-06-23 09:53:40,2518.3,302026
2021-06-23 09:53:41,2518.95,302106
2021-06-23 09:53:42,2518.75,302111
2021-06-23 09:53:44,2518.75,302111
2021-06-23 09:53:45,2518.75,302111
2021-06-23 09:53:46,2518.65,302113
2021-06-23 09:53:47,2518.65,302113
2021-06-23 09:53:49,2518.65,302113
2021-06-23 09:53:50,2518.65,302123
2021-06-23 09:53:51,2518.1,302148
2021-06-23 09:53:52,2518.1,302148
2021-06-23 09:53:52,2518.1,302148
2021-06-23 09:53:53,2518.1,302148
2021-06-23 09:53:54,2518.1,302151
2021-06-23 09:53:55,2518.65,302162
2021-06-23 09:53:57,2518.1,302245
2021-06-23 09:53:58,2518.0,302780
2021-06-23 09:53:59,2518.0,302794
2021-06-23 09:54:00,2518.1,302805
2021-06-23 09:54:00,2518.1,302805
2021-06-23 09:54:01,2518.0,302809
2021-06-23 09:54:02,2518.0,302809
2021-06-23 09:54:03,2518.0,302809
2021-06-23 09:54:04,2518.0,302809
2021-06-23 09:54:05,2518.0,302809
2021-06-23 09:54:06,2518.05,302859
2021-06-23 09:54:07,2518.0,302964
2021-06-23 09:54:09,2518.0,303054
2021-06-23 09:54:09,2518.05,303058
2021-06-23 09:54:10,2518.05,303058
2021-06-23 09:54:11,2518.0,303070
2021-06-23 09:54:12,2518.0,303070
2021-06-23 09:54:13,2518.05,303072
2021-06-23 09:54:14,2518.05,303075
2021-06-23 09:54:15,2518.0,303080
2021-06-23 09:54:16,2518.05,303333
2021-06-23 09:54:19,2517.55,305303
2021-06-23 09:54:20,2517.0,305312
2021-06-23 09:54:20,2517.0,305312
2021-06-23 09:54:21,2517.55,305487
2021-06-23 09:54:22,2517.05,305497
2021-06-23 09:54:23,2517.55,305500
2021-06-23 09:54:25,2517.05,305550
2021-06-23 09:54:26,2517.55,305580
2021-06-23 09:54:27,2517.05,305585
2021-06-23 09:54:28,2517.5,306003
2021-06-23 09:54:29,2517.55,306231
2021-06-23 09:54:30,2517.55,306231
2021-06-23 09:54:31,2517.8,306234
2021-06-23 09:54:32,2517.55,306236
2021-06-23 09:54:33,2517.8,306286
2021-06-23 09:54:34,2517.8,306289
2021-06-23 09:54:35,2517.8,306289
2021-06-23 09:54:35,2517.8,306289
2021-06-23 09:54:36,2517.9,306292
2021-06-23 09:54:37,2517.9,306292
2021-06-23 09:54:38,2517.9,306324
2021-06-23 09:54:40,2518.2,307994
2021-06-23 09:54:40,2519.4,308194
2021-06-23 09:54:42,2518.7,308357
2021-06-23 09:54:42,2518.7,308357
2021-06-23 09:54:44,2518.65,308521
2021-06-23 09:54:45,2518.0,308691
2021-06-23 09:54:46,2518.0,308692
2021-06-23 09:54:46,2518.0,308692
2021-06-23 09:54:47,2518.0,308692
2021-06-23 09:54:48,2518.75,308767
2021-06-23 09:54:49,2518.75,308767
2021-06-23 09:54:50,2518.75,308768
2021-06-23 09:54:51,2518.75,308768
2021-06-23 09:54:52,2518.75,308768
2021-06-23 09:54:53,2518.15,308776
2021-06-23 09:54:55,2518.75,308826
2021-06-23 09:54:56,2518.75,308828
2021-06-23 09:54:57,2518.15,308834
2021-06-23 09:54:58,2518.15,308834
2021-06-23 09:54:58,2518.15,308834
2021-06-23 09:54:59,2518.15,308864
2021-06-23 09:55:00,2518.05,309101
2021-06-23 09:55:03,2517.55,309349
2021-06-23 09:55:04,2518.0,309404
2021-06-23 09:55:06,2517.55,309529
2021-06-23 09:55:07,2517.55,309529
2021-06-23 09:55:08,2518.0,309625
2021-06-23 09:55:08,2518.0,309666
2021-06-23 09:55:09,2517.6,309811
2021-06-23 09:55:11,2517.5,309826
2021-06-23 09:55:12,2518.0,309888
2021-06-23 09:55:13,2518.0,309919
2021-06-23 09:55:14,2518.0,310070
2021-06-23 09:55:15,2518.0,310429
2021-06-23 09:55:16,2518.0,310429
2021-06-23 09:55:17,2518.0,310541
2021-06-23 09:55:18,2517.7,310606
2021-06-23 09:55:18,2517.7,310606
2021-06-23 09:55:19,2517.7,310606
2021-06-23 09:55:20,2518.0,310636
2021-06-23 09:55:21,2518.0,310636
2021-06-23 09:55:22,2518.0,310636
2021-06-23 09:55:24,2518.0,310636
2021-06-23 09:55:25,2518.0,310636
2021-06-23 09:55:26,2518.1,310938
2021-06-23 09:55:27,2518.1,310938
2021-06-23 09:55:28,2518.1,310938
2021-06-23 09:55:29,2518.4,310983
2021-06-23 09:55:30,2518.4,310983
2021-06-23 09:55:31,2518.0,310993
2021-06-23 09:55:32,2518.0,310993
2021-06-23 09:55:33,2518.0,311043
2021-06-23 09:55:34,2518.0,311048
2021-06-23 09:55:35,2518.0,311048
2021-06-23 09:55:36,2518.0,311068
2021-06-23 09:55:37,2518.0,311187
2021-06-23 09:55:38,2518.0,311505
2021-06-23 09:55:39,2518.0,311505
2021-06-23 09:55:40,2518.0,311515
2021-06-23 09:55:41,2518.0,311515
2021-06-23 09:55:41,2518.5,311785
2021-06-23 09:55:42,2518.5,311785
2021-06-23 09:55:43,2518.4,311831
2021-06-23 09:55:44,2518.4,311831
2021-06-23 09:55:45,2518.4,311831
2021-06-23 09:55:46,2518.4,311831
2021-06-23 09:55:48,2519.5,312340
2021-06-23 09:55:49,2518.95,312440
2021-06-23 09:55:50,2518.95,312440
2021-06-23 09:55:51,2519.0,312640
2021-06-23 09:55:52,2519.5,312690
2021-06-23 09:55:53,2519.45,312781
2021-06-23 09:55:54,2519.45,312781
2021-06-23 09:55:55,2519.5,312782
2021-06-23 09:55:56,2519.45,313034
2021-06-23 09:55:57,2519.45,313034
2021-06-23 09:55:58,2519.45,313034
2021-06-23 09:55:59,2520.0,313096
2021-06-23 09:56:00,2520.0,313096
2021-06-23 09:56:01,2519.45,313101
2021-06-23 09:56:02,2520.0,313111
2021-06-23 09:56:03,2520.0,313236
2021-06-23 09:56:04,2519.45,313240
2021-06-23 09:56:05,2519.45,313244
2021-06-23 09:56:06,2519.45,313244
2021-06-23 09:56:07,2519.45,313244
2021-06-23 09:56:08,2519.45,313244
2021-06-23 09:56:09,2520.0,313266
2021-06-23 09:56:10,2520.0,313315
2021-06-23 09:56:11,2519.5,313318
2021-06-23 09:56:12,2520.0,313323
2021-06-23 09:56:13,2520.0,313345
2021-06-23 09:56:13,2520.0,313345
2021-06-23 09:56:14,2520.0,313357
2021-06-23 09:56:15,2519.6,313453
2021-06-23 09:56:17,2519.6,313453
2021-06-23 09:56:18,2519.6,313453
2021-06-23 09:56:19,2519.6,313453
2021-06-23 09:56:20,2521.0,315373
2021-06-23 09:56:21,2521.0,315462
2021-06-23 09:56:22,2521.1,315765
2021-06-23 09:56:23,2521.1,315802
2021-06-23 09:56:26,2520.2,319734
2021-06-23 09:56:27,2519.65,319932
2021-06-23 09:56:28,2519.65,319932
2021-06-23 09:56:30,2520.1,319994
2021-06-23 09:56:31,2520.1,320110
2021-06-23 09:56:32,2520.0,320250
2021-06-23 09:56:33,2520.0,320250
2021-06-23 09:56:34,2520.1,321030
2021-06-23 09:56:35,2521.35,321514
2021-06-23 09:56:36,2522.0,321856
2021-06-23 09:56:37,2522.2,321899
2021-06-23 09:56:38,2522.2,321899
2021-06-23 09:56:39,2522.6,321902
2021-06-23 09:56:40,2522.8,322602
2021-06-23 09:56:41,2522.8,322602
2021-06-23 09:56:42,2522.1,322617
2021-06-23 09:56:43,2522.1,322617
2021-06-23 09:56:44,2522.8,322619
2021-06-23 09:56:44,2522.8,322619
2021-06-23 09:56:46,2522.6,322636
2021-06-23 09:56:46,2522.6,322636
2021-06-23 09:56:48,2523.0,322980
2021-06-23 09:56:49,2523.0,323061
2021-06-23 09:56:50,2523.0,323092
2021-06-23 09:56:51,2523.0,323285
2021-06-23 09:56:52,2523.0,323335
2021-06-23 09:56:53,2523.0,323335
2021-06-23 09:56:54,2523.0,323335
2021-06-23 09:56:55,2523.0,323335
2021-06-23 09:56:56,2523.0,323336
2021-06-23 09:56:57,2523.0,323336
2021-06-23 09:56:58,2522.95,323347
2021-06-23 09:56:58,2523.0,323388
2021-06-23 09:56:59,2522.95,323438
2021-06-23 09:57:02,2523.0,324055
2021-06-23 09:57:03,2523.15,324231
2021-06-23 09:57:04,2523.15,324400
2021-06-23 09:57:05,2523.15,324400
2021-06-23 09:57:06,2523.5,324403
2021-06-23 09:57:07,2523.25,324404
2021-06-23 09:57:08,2523.8,324547
2021-06-23 09:57:09,2523.8,324637
2021-06-23 09:57:10,2523.8,324637
2021-06-23 09:57:11,2523.8,324637
2021-06-23 09:57:12,2523.65,324639
2021-06-23 09:57:13,2523.7,324640
2021-06-23 09:57:14,2523.7,324644
2021-06-23 09:57:15,2523.7,324644
2021-06-23 09:57:16,2524.0,324744
2021-06-23 09:57:17,2524.0,324744
2021-06-23 09:57:18,2524.0,324744
2021-06-23 09:57:19,2523.9,324747
2021-06-23 09:57:20,2524.2,325155
2021-06-23 09:57:22,2524.3,325156
2021-06-23 09:57:23,2524.3,325156
2021-06-23 09:57:24,2524.3,325156
2021-06-23 09:57:25,2524.4,325684
2021-06-23 09:57:26,2524.5,325724
2021-06-23 09:57:27,2524.9,325734
2021-06-23 09:57:28,2524.9,325831
2021-06-23 09:57:29,2524.5,325931
2021-06-23 09:57:30,2523.9,327735
2021-06-23 09:57:31,2523.9,327736
2021-06-23 09:57:32,2523.9,327806
2021-06-23 09:57:33,2523.9,327806
2021-06-23 09:57:34,2523.9,327806
2021-06-23 09:57:35,2523.9,327806
2021-06-23 09:57:36,2523.4,327836
2021-06-23 09:57:37,2523.4,327936
2021-06-23 09:57:38,2523.4,327936
2021-06-23 09:57:39,2523.4,328177
2021-06-23 09:57:40,2523.4,328177
2021-06-23 09:57:41,2523.75,328187
2021-06-23 09:57:42,2523.75,328187
2021-06-23 09:57:43,2523.1,328288
2021-06-23 09:57:44,2523.1,328288
2021-06-23 09:57:45,2523.3,328337
2021-06-23 09:57:46,2522.8,328338
2021-06-23 09:57:47,2523.3,328354
2021-06-23 09:57:48,2523.3,328354
2021-06-23 09:57:49,2522.65,328379
2021-06-23 09:57:50,2522.65,328379
2021-06-23 09:57:51,2522.65,328379
2021-06-23 09:57:52,2522.65,328379
2021-06-23 09:57:53,2522.65,328379
2021-06-23 09:57:54,2522.8,328380
2021-06-23 09:57:55,2522.8,328380
2021-06-23 09:57:56,2522.8,328380
2021-06-23 09:57:57,2522.65,328389
2021-06-23 09:57:58,2522.4,328399
2021-06-23 09:57:59,2522.4,328399
2021-06-23 09:58:00,2522.35,328400
2021-06-23 09:58:01,2522.35,328400
2021-06-23 09:58:02,2522.35,328410
2021-06-23 09:58:03,2522.35,328410
2021-06-23 09:58:04,2523.0,328669
2021-06-23 09:58:05,2523.0,328669
2021-06-23 09:58:06,2523.25,328698
2021-06-23 09:58:07,2523.25,328854
2021-06-23 09:58:08,2522.95,328856
2021-06-23 09:58:10,2522.95,328856
2021-06-23 09:58:12,2523.25,328865
2021-06-23 09:58:13,2523.25,328865
2021-06-23 09:58:14,2523.25,328865
2021-06-23 09:58:15,2523.25,328865
2021-06-23 09:58:16,2523.25,328865
2021-06-23 09:58:17,2523.25,328865
2021-06-23 09:58:18,2523.25,328865
2021-06-23 09:58:19,2523.25,328865
2021-06-23 09:58:20,2523.25,329024
2021-06-23 09:58:21,2523.25,329025
2021-06-23 09:58:22,2523.25,329056
2021-06-23 09:58:23,2524.6,329479
2021-06-23 09:58:24,2523.75,329529
2021-06-23 09:58:26,2523.75,329529
2021-06-23 09:58:27,2523.75,329529
2021-06-23 09:58:28,2523.75,329529
2021-06-23 09:58:29,2523.5,329544
2021-06-23 09:58:30,2523.5,329753
2021-06-23 09:58:31,2523.5,329753
2021-06-23 09:58:32,2523.5,329753
2021-06-23 09:58:33,2523.5,329753
2021-06-23 09:58:34,2523.5,329753
2021-06-23 09:58:36,2523.75,329773
2021-06-23 09:58:37,2523.75,329773
2021-06-23 09:58:38,2523.75,329864
2021-06-23 09:58:39,2523.7,329873
2021-06-23 09:58:40,2523.7,329873
2021-06-23 09:58:41,2523.7,329873
2021-06-23 09:58:42,2523.7,329873
2021-06-23 09:58:43,2523.75,329923
2021-06-23 09:58:44,2523.7,329943
2021-06-23 09:58:46,2523.6,330365
2021-06-23 09:58:48,2523.75,330839
2021-06-23 09:58:49,2523.75,330839
2021-06-23 09:58:50,2523.75,330839
2021-06-23 09:58:51,2523.75,331117
2021-06-23 09:58:52,2523.75,331117
2021-06-23 09:58:53,2523.75,331117
2021-06-23 09:58:54,2523.75,331117
2021-06-23 09:58:55,2523.25,331177
2021-06-23 09:58:57,2522.75,331851
2021-06-23 09:58:58,2522.75,331851
2021-06-23 09:59:00,2524.0,331983
2021-06-23 09:59:01,2524.0,332026
2021-06-23 09:59:02,2523.25,332425
2021-06-23 09:59:03,2522.65,332426
2021-06-23 09:59:04,2522.65,332426
2021-06-23 09:59:05,2522.65,332426
2021-06-23 09:59:06,2522.75,332440
2021-06-23 09:59:07,2522.75,332440
2021-06-23 09:59:08,2522.75,332440
2021-06-23 09:59:09,2522.75,332440
2021-06-23 09:59:10,2522.75,332440
2021-06-23 09:59:11,2523.25,332500
2021-06-23 09:59:12,2523.25,332500
2021-06-23 09:59:13,2523.25,332500
2021-06-23 09:59:14,2523.25,332500
2021-06-23 09:59:15,2523.25,332500
2021-06-23 09:59:16,2523.25,332500
2021-06-23 09:59:17,2523.25,332500
2021-06-23 09:59:18,2523.25,332500
2021-06-23 09:59:19,2523.25,332500
2021-06-23 09:59:20,2523.25,332949
2021-06-23 09:59:21,2523.25,332950
2021-06-23 09:59:22,2522.2,333107
2021-06-23 09:59:23,2523.25,333128
2021-06-23 09:59:24,2523.35,333153
2021-06-23 09:59:25,2523.35,333285
2021-06-23 09:59:26,2523.35,333285
2021-06-23 09:59:27,2523.35,333671
2021-06-23 09:59:28,2523.35,333671
2021-06-23 09:59:29,2523.35,333671
2021-06-23 09:59:31,2523.35,333671
2021-06-23 09:59:31,2523.35,333671
2021-06-23 09:59:32,2523.25,333771
2021-06-23 09:59:33,2523.35,333782
2021-06-23 09:59:34,2523.25,334009
2021-06-23 09:59:35,2523.35,334011
2021-06-23 09:59:36,2523.25,334162
2021-06-23 09:59:37,2523.25,334162
2021-06-23 09:59:38,2523.35,334392
2021-06-23 09:59:40,2523.35,334442
2021-06-23 09:59:40,2523.35,334442
2021-06-23 09:59:41,2523.25,334452
2021-06-23 09:59:42,2523.35,334502
2021-06-23 09:59:43,2523.35,334502
2021-06-23 09:59:44,2523.35,334502
2021-06-23 09:59:45,2523.35,334502
2021-06-23 09:59:46,2523.35,334507
2021-06-23 09:59:47,2523.25,334508
2021-06-23 09:59:48,2523.0,334803
2021-06-23 09:59:49,2523.0,334803
2021-06-23 09:59:50,2523.0,334820
2021-06-23 09:59:52,2523.0,334820
2021-06-23 09:59:52,2523.0,334820
2021-06-23 09:59:53,2523.0,334820
2021-06-23 09:59:54,2523.0,334820
2021-06-23 09:59:56,2523.0,334820
2021-06-23 09:59:57,2522.65,334825
2021-06-23 09:59:58,2522.95,335279
2021-06-23 09:59:58,2522.95,335279
2021-06-23 09:59:59,2522.95,335644
2021-06-23 10:00:00,2522.7,335654
2021-06-23 10:00:01,2522.7,335654
2021-06-23 10:00:02,2522.7,335654
2021-06-23 10:00:03,2522.7,335654
2021-06-23 10:00:04,2522.7,335654
2021-06-23 10:00:05,2522.7,335654
2021-06-23 10:00:06,2522.75,335655
2021-06-23 10:00:07,2522.75,335655
2021-06-23 10:00:08,2522.75,335655
2021-06-23 10:00:10,2522.7,335849
2021-06-23 10:00:10,2522.75,335851
2021-06-23 10:00:11,2522.7,335857
2021-06-23 10:00:13,2522.7,335857
2021-06-23 10:00:13,2522.7,335857
2021-06-23 10:00:14,2522.7,335857
2021-06-23 10:00:15,2522.7,335857
2021-06-23 10:00:16,2522.7,335857
2021-06-23 10:00:17,2522.7,335857
2021-06-23 10:00:18,2522.75,335907
2021-06-23 10:00:19,2522.75,335907
2021-06-23 10:00:21,2522.75,336281
2021-06-23 10:00:22,2522.75,336281
2021-06-23 10:00:23,2522.65,336339
2021-06-23 10:00:24,2522.65,336355
2021-06-23 10:00:25,2522.1,336400
2021-06-23 10:00:26,2522.1,336400
2021-06-23 10:00:27,2522.75,336411
2021-06-23 10:00:28,2522.75,336411
2021-06-23 10:00:29,2522.75,336411
2021-06-23 10:00:30,2522.75,336411
2021-06-23 10:00:31,2522.75,336411
2021-06-23 10:00:32,2522.75,336411
2021-06-23 10:00:33,2522.75,336411
2021-06-23 10:00:33,2522.75,336411
2021-06-23 10:00:34,2522.75,336411
2021-06-23 10:00:36,2522.75,336455
2021-06-23 10:00:38,2522.35,336566
2021-06-23 10:00:41,2522.75,336783
2021-06-23 10:00:42,2522.75,336783
2021-06-23 10:00:43,2522.75,336783
2021-06-23 10:00:44,2522.85,336933
2021-06-23 10:00:45,2522.85,336958
2021-06-23 10:00:46,2522.85,336958
2021-06-23 10:00:47,2522.85,336958
2021-06-23 10:00:48,2522.85,336958
2021-06-23 10:00:49,2522.85,337058
2021-06-23 10:00:50,2522.85,337058
2021-06-23 10:00:51,2522.85,337058
2021-06-23 10:00:52,2522.85,337147
2021-06-23 10:00:53,2522.4,337230
2021-06-23 10:00:54,2522.4,337230
2021-06-23 10:00:55,2522.35,337294
2021-06-23 10:00:56,2522.35,337294
2021-06-23 10:00:57,2522.8,337317
2021-06-23 10:00:58,2522.8,337317
2021-06-23 10:00:59,2523.15,337998
2021-06-23 10:01:01,2523.6,338256
2021-06-23 10:01:01,2523.6,338256
2021-06-23 10:01:02,2522.95,338263
2021-06-23 10:01:03,2522.8,338383
2021-06-23 10:01:04,2522.85,338385
2021-06-23 10:01:05,2522.85,338385
2021-06-23 10:01:06,2522.85,338385
2021-06-23 10:01:07,2522.85,338385
2021-06-23 10:01:08,2523.65,338389
2021-06-23 10:01:10,2523.65,338389
2021-06-23 10:01:11,2523.65,338394
2021-06-23 10:01:12,2523.65,338394
2021-06-23 10:01:13,2523.65,338394
2021-06-23 10:01:14,2523.25,338569
2021-06-23 10:01:15,2523.65,338619
2021-06-23 10:01:16,2523.65,338619
2021-06-23 10:01:17,2523.65,338620
2021-06-23 10:01:19,2523.65,338620
2021-06-23 10:01:18,2523.65,338620
2021-06-23 10:01:20,2523.65,338770
2021-06-23 10:01:22,2523.65,338776
2021-06-23 10:01:21,2523.25,338771
2021-06-23 10:01:23,2523.65,338776
2021-06-23 10:01:24,2523.65,338799
2021-06-23 10:01:25,2523.65,338799
2021-06-23 10:01:26,2523.2,338977
2021-06-23 10:01:27,2523.2,338977
2021-06-23 10:01:29,2523.2,338977
2021-06-23 10:01:30,2523.2,338977
2021-06-23 10:01:31,2523.2,338977
2021-06-23 10:01:32,2523.65,338991
2021-06-23 10:01:33,2523.65,338992
2021-06-23 10:01:34,2523.65,339042
2021-06-23 10:01:34,2523.65,339042
2021-06-23 10:01:36,2523.65,339042
2021-06-23 10:01:37,2523.65,339042
2021-06-23 10:01:38,2523.65,339200
2021-06-23 10:01:39,2523.9,339697
2021-06-23 10:01:40,2524.1,339921
2021-06-23 10:01:41,2524.1,339952
2021-06-23 10:01:42,2524.1,340036
2021-06-23 10:01:43,2524.1,340036
2021-06-23 10:01:44,2524.1,340036
2021-06-23 10:01:47,2524.2,340037
2021-06-23 10:01:48,2524.2,340037
2021-06-23 10:01:50,2524.2,340037
2021-06-23 10:01:51,2524.2,340037
2021-06-23 10:01:52,2524.3,340054
2021-06-23 10:01:53,2524.3,340054
2021-06-23 10:01:54,2524.9,340058
2021-06-23 10:01:55,2524.9,340058
2021-06-23 10:01:56,2524.9,340058
2021-06-23 10:01:57,2524.95,340087
2021-06-23 10:01:59,2524.9,340089
2021-06-23 10:02:00,2524.95,340108
2021-06-23 10:02:01,2524.95,340108
2021-06-23 10:02:02,2524.95,340108
2021-06-23 10:02:03,2524.95,340108
2021-06-23 10:02:04,2524.95,340111
2021-06-23 10:02:05,2524.95,340212
2021-06-23 10:02:06,2524.95,340212
2021-06-23 10:02:07,2524.95,340292
2021-06-23 10:02:08,2524.9,340394
2021-06-23 10:02:09,2524.95,340395
2021-06-23 10:02:10,2524.95,340395
2021-06-23 10:02:11,2524.95,340395
2021-06-23 10:02:11,2524.95,340445
2021-06-23 10:02:12,2524.95,340445
2021-06-23 10:02:13,2524.95,340445
2021-06-23 10:02:14,2524.9,340473
2021-06-23 10:02:15,2525.0,341994
2021-06-23 10:02:16,2525.05,342035
2021-06-23 10:02:17,2525.05,342037
2021-06-23 10:02:20,2525.05,342037
2021-06-23 10:02:21,2525.05,342037
2021-06-23 10:02:22,2525.05,342465
2021-06-23 10:02:23,2525.05,342465
2021-06-23 10:02:24,2525.0,342574
2021-06-23 10:02:24,2525.0,342574
2021-06-23 10:02:26,2525.0,342575
2021-06-23 10:02:27,2525.0,342575
2021-06-23 10:02:27,2525.0,342575
2021-06-23 10:02:28,2525.0,342575
2021-06-23 10:02:29,2525.05,343030
2021-06-23 10:02:30,2525.65,343549
2021-06-23 10:02:31,2525.05,343605
2021-06-23 10:02:32,2525.05,343605
2021-06-23 10:02:33,2525.4,343615
2021-06-23 10:02:34,2525.4,343615
2021-06-23 10:02:35,2525.4,343615
2021-06-23 10:02:36,2525.4,343615
2021-06-23 10:02:37,2525.7,343874
2021-06-23 10:02:38,2525.7,343874
2021-06-23 10:02:39,2525.7,343874
2021-06-23 10:02:41,2525.7,343874
2021-06-23 10:02:42,2525.7,343877
2021-06-23 10:02:43,2525.8,343882
2021-06-23 10:02:44,2525.8,343882
2021-06-23 10:02:45,2525.8,343882
2021-06-23 10:02:46,2525.8,343887
2021-06-23 10:02:50,2524.55,345860
2021-06-23 10:02:50,2523.55,345862
2021-06-23 10:02:51,2523.55,346033
2021-06-23 10:02:52,2523.55,346033
2021-06-23 10:02:53,2524.55,346039
2021-06-23 10:02:54,2523.7,346053
2021-06-23 10:02:55,2523.7,346053
2021-06-23 10:02:56,2523.7,346053
2021-06-23 10:02:57,2523.7,346053
2021-06-23 10:02:58,2523.7,346053
2021-06-23 10:02:59,2523.7,346053
2021-06-23 10:03:00,2523.7,346053
2021-06-23 10:03:01,2524.5,346058
2021-06-23 10:03:02,2524.5,346058
2021-06-23 10:03:03,2524.5,346068
2021-06-23 10:03:04,2524.5,346068
2021-06-23 10:03:05,2524.5,346068
2021-06-23 10:03:06,2524.5,346119
2021-06-23 10:03:07,2524.5,346122
2021-06-23 10:03:08,2524.5,346172
2021-06-23 10:03:09,2524.5,346172
2021-06-23 10:03:10,2524.5,346172
2021-06-23 10:03:11,2524.5,346172
2021-06-23 10:03:12,2524.5,346172
2021-06-23 10:03:13,2524.5,346173
2021-06-23 10:03:14,2523.75,346179
2021-06-23 10:03:16,2523.75,346184
2021-06-23 10:03:17,2523.5,346388
2021-06-23 10:03:18,2523.5,346388
2021-06-23 10:03:20,2523.5,346388
2021-06-23 10:03:24,2524.4,346709
2021-06-23 10:03:25,2524.4,346709
2021-06-23 10:03:26,2524.3,346710
2021-06-23 10:03:27,2524.3,346762
2021-06-23 10:03:28,2523.55,346769
2021-06-23 10:03:29,2523.55,346774
2021-06-23 10:03:31,2522.95,346961
2021-06-23 10:03:32,2522.1,347001
2021-06-23 10:03:33,2523.15,347467
2021-06-23 10:03:34,2522.1,347567
2021-06-23 10:03:34,2522.1,347567
2021-06-23 10:03:35,2522.95,347581
2021-06-23 10:03:36,2522.95,347581
2021-06-23 10:03:37,2521.95,348007
2021-06-23 10:03:38,2521.4,348114
2021-06-23 10:03:39,2521.4,348114
2021-06-23 10:03:40,2522.25,348157
2021-06-23 10:03:41,2521.55,348172
2021-06-23 10:03:42,2522.25,348298
2021-06-23 10:03:43,2522.25,348298
2021-06-23 10:03:44,2522.25,348298
2021-06-23 10:03:45,2522.25,348298
2021-06-23 10:03:46,2522.25,348348
2021-06-23 10:03:47,2522.25,348348
2021-06-23 10:03:50,2522.75,349680
2021-06-23 10:03:51,2522.75,349680
2021-06-23 10:03:52,2522.75,349680
2021-06-23 10:03:53,2522.75,349680
2021-06-23 10:03:54,2522.75,349680
2021-06-23 10:03:54,2522.75,349680
2021-06-23 10:03:55,2523.85,349682
2021-06-23 10:03:56,2523.85,349683
2021-06-23 10:03:57,2522.8,349733
2021-06-23 10:03:59,2523.95,349833
2021-06-23 10:04:00,2523.9,350134
2021-06-23 10:04:00,2523.85,350140
2021-06-23 10:04:01,2522.85,350252
2021-06-23 10:04:03,2523.8,350375
2021-06-23 10:04:04,2523.8,350375
2021-06-23 10:04:05,2523.8,350425
2021-06-23 10:04:07,2523.8,350426
2021-06-23 10:04:08,2523.15,350639
2021-06-23 10:04:09,2523.15,350639
2021-06-23 10:04:10,2523.05,350744
2021-06-23 10:04:11,2523.75,350759
2021-06-23 10:04:12,2523.05,350761
2021-06-23 10:04:13,2523.05,350761
2021-06-23 10:04:14,2523.05,350761
2021-06-23 10:04:15,2523.05,350761
2021-06-23 10:04:17,2523.05,350761
2021-06-23 10:04:17,2523.05,350761
2021-06-23 10:04:18,2523.05,350761
2021-06-23 10:04:19,2523.55,350791
2021-06-23 10:04:21,2523.55,350792
2021-06-23 10:04:22,2523.05,350802
2021-06-23 10:04:23,2523.05,350802
2021-06-23 10:04:25,2523.5,350854
2021-06-23 10:04:26,2523.55,351207
2021-06-23 10:04:27,2523.55,351207
2021-06-23 10:04:28,2523.55,351207
2021-06-23 10:04:29,2523.05,351239
2021-06-23 10:04:30,2523.55,351240
2021-06-23 10:04:30,2523.55,351240
2021-06-23 10:04:31,2523.55,351240
2021-06-23 10:04:32,2523.55,351240
2021-06-23 10:04:33,2523.55,351555
2021-06-23 10:04:35,2523.85,351556
2021-06-23 10:04:36,2523.85,351556
2021-06-23 10:04:37,2523.85,351556
2021-06-23 10:04:38,2523.85,351556
2021-06-23 10:04:39,2523.85,351557
2021-06-23 10:04:40,2523.85,351557
2021-06-23 10:04:41,2523.35,351561
2021-06-23 10:04:42,2523.55,351565
2021-06-23 10:04:43,2523.85,351615
2021-06-23 10:04:44,2523.85,351615
2021-06-23 10:04:45,2523.85,351615
2021-06-23 10:04:46,2523.85,351665
2021-06-23 10:04:47,2523.85,351665
2021-06-23 10:04:49,2523.85,351665
2021-06-23 10:04:50,2523.85,351665
2021-06-23 10:04:51,2523.85,351665
2021-06-23 10:04:54,2523.55,351870
2021-06-23 10:04:54,2523.55,351870
2021-06-23 10:04:55,2523.55,351870
2021-06-23 10:04:56,2523.55,351870
2021-06-23 10:04:57,2523.55,351870
2021-06-23 10:04:59,2523.85,351884
2021-06-23 10:05:01,2523.1,352937
2021-06-23 10:05:02,2523.0,352967
2021-06-23 10:05:03,2522.85,353076
2021-06-23 10:05:04,2522.85,353076
2021-06-23 10:05:05,2522.85,353076
2021-06-23 10:05:06,2522.7,353085
2021-06-23 10:05:07,2522.95,353086
2021-06-23 10:05:08,2522.65,353147
2021-06-23 10:05:09,2522.65,353147
2021-06-23 10:05:10,2522.65,353147
2021-06-23 10:05:11,2522.65,353195
2021-06-23 10:05:11,2522.65,353148
2021-06-23 10:05:12,2522.65,353198
2021-06-23 10:05:13,2522.65,353198
2021-06-23 10:05:14,2521.75,353424
2021-06-23 10:05:16,2521.75,353424
2021-06-23 10:05:17,2521.75,353424
2021-06-23 10:05:17,2522.0,353427
2021-06-23 10:05:18,2522.0,353427
2021-06-23 10:05:19,2522.0,353427
2021-06-23 10:05:21,2522.0,353427
2021-06-23 10:05:22,2522.0,353478
2021-06-23 10:05:23,2521.8,353482
2021-06-23 10:05:24,2521.8,353482
2021-06-23 10:05:25,2521.8,353484
2021-06-23 10:05:26,2522.0,353505
2021-06-23 10:05:27,2522.0,353505
2021-06-23 10:05:29,2521.8,353702
2021-06-23 10:05:30,2522.0,353798
2021-06-23 10:05:31,2522.0,353798
2021-06-23 10:05:32,2522.0,353798
2021-06-23 10:05:33,2522.3,353802
2021-06-23 10:05:34,2522.3,353802
2021-06-23 10:05:35,2522.3,353802
2021-06-23 10:05:36,2521.3,353995
2021-06-23 10:05:37,2521.3,354135
2021-06-23 10:05:38,2521.35,354176
2021-06-23 10:05:39,2521.35,354176
2021-06-23 10:05:40,2522.3,354186
2021-06-23 10:05:41,2522.0,354188
2021-06-23 10:05:42,2522.0,354188
2021-06-23 10:05:43,2522.3,354246
2021-06-23 10:05:43,2522.3,354246
2021-06-23 10:05:44,2522.3,354246
2021-06-23 10:05:45,2522.3,354246
2021-06-23 10:05:46,2522.3,354246
2021-06-23 10:05:48,2522.0,354276
2021-06-23 10:05:50,2522.0,354277
2021-06-23 10:05:51,2522.0,354277
2021-06-23 10:05:52,2522.0,354277
2021-06-23 10:05:52,2522.0,354315
2021-06-23 10:05:53,2522.0,354318
2021-06-23 10:05:54,2522.0,354318
2021-06-23 10:05:55,2522.0,354318
2021-06-23 10:05:56,2522.0,354318
2021-06-23 10:05:58,2522.0,354318
2021-06-23 10:05:58,2522.0,354319
2021-06-23 10:05:59,2522.3,354381
2021-06-23 10:06:00,2522.3,354381
2021-06-23 10:06:01,2522.3,354381
2021-06-23 10:06:02,2522.3,354381
2021-06-23 10:06:03,2522.3,354381
2021-06-23 10:06:04,2522.3,354381
2021-06-23 10:06:05,2522.3,354381
2021-06-23 10:06:07,2522.3,354381
2021-06-23 10:06:07,2522.3,354381
2021-06-23 10:06:09,2522.0,354383
2021-06-23 10:06:10,2522.0,354383
2021-06-23 10:06:11,2522.0,354383
2021-06-23 10:06:13,2521.4,355003
2021-06-23 10:06:14,2521.35,355004
2021-06-23 10:06:15,2521.3,355208
2021-06-23 10:06:16,2521.3,355208
2021-06-23 10:06:17,2521.3,355208
2021-06-23 10:06:17,2521.3,355208
2021-06-23 10:06:18,2522.1,355242
2021-06-23 10:06:20,2522.15,355252
2021-06-23 10:06:21,2522.15,355252
2021-06-23 10:06:22,2522.15,355259
2021-06-23 10:06:23,2522.15,355259
2021-06-23 10:06:25,2522.2,355260
2021-06-23 10:06:25,2522.2,355260
2021-06-23 10:06:26,2522.2,355295
2021-06-23 10:06:27,2522.2,355295
2021-06-23 10:06:28,2522.2,355295
2021-06-23 10:06:31,2522.2,355295
2021-06-23 10:06:32,2522.2,355295
2021-06-23 10:06:33,2522.2,355295
2021-06-23 10:06:33,2522.4,357099
2021-06-23 10:06:34,2522.75,357214
2021-06-23 10:06:35,2522.5,357324
2021-06-23 10:06:36,2522.5,357324
2021-06-23 10:06:38,2522.95,357358
2021-06-23 10:06:38,2522.95,357358
2021-06-23 10:06:39,2523.0,357463
2021-06-23 10:06:40,2523.0,357463
2021-06-23 10:06:41,2523.3,357464
2021-06-23 10:06:44,2523.5,357469
2021-06-23 10:06:45,2523.5,357469
2021-06-23 10:06:46,2523.5,357470
2021-06-23 10:06:47,2523.5,357480
2021-06-23 10:06:48,2523.5,357480
2021-06-23 10:06:49,2523.5,357485
2021-06-23 10:06:50,2523.3,357712
2021-06-23 10:06:51,2523.5,357713
2021-06-23 10:06:52,2523.3,357805
2021-06-23 10:06:52,2523.3,357805
2021-06-23 10:06:53,2523.5,357811
2021-06-23 10:06:54,2523.5,357811
2021-06-23 10:06:56,2523.5,357811
2021-06-23 10:06:57,2523.3,357882
2021-06-23 10:06:58,2523.3,358017
2021-06-23 10:06:59,2523.3,358017
2021-06-23 10:07:00,2523.3,358017
2021-06-23 10:07:00,2523.3,358017
2021-06-23 10:07:02,2523.3,358017
2021-06-23 10:07:03,2523.3,358168
2021-06-23 10:07:07,2523.45,358198
2021-06-23 10:07:07,2523.45,358198
2021-06-23 10:07:09,2523.45,358198
2021-06-23 10:07:10,2523.45,358198
2021-06-23 10:07:11,2523.45,358198
2021-06-23 10:07:12,2523.45,358198
2021-06-23 10:07:13,2523.45,358202
2021-06-23 10:07:14,2522.8,358330
2021-06-23 10:07:15,2522.8,358380
2021-06-23 10:07:16,2522.25,358438
2021-06-23 10:07:16,2522.25,358438
2021-06-23 10:07:17,2522.25,358438
2021-06-23 10:07:19,2522.25,358438
2021-06-23 10:07:20,2522.25,358438
2021-06-23 10:07:21,2522.25,358438
2021-06-23 10:07:22,2522.25,358438
2021-06-23 10:07:23,2522.25,358438
2021-06-23 10:07:24,2522.25,358438
2021-06-23 10:07:25,2522.25,358442
2021-06-23 10:07:26,2522.25,358447
2021-06-23 10:07:27,2522.25,358447
2021-06-23 10:07:28,2522.25,358447
2021-06-23 10:07:29,2522.25,358447
2021-06-23 10:07:30,2522.8,358472
2021-06-23 10:07:31,2522.8,358472
2021-06-23 10:07:32,2522.8,358472
2021-06-23 10:07:33,2522.8,358472
2021-06-23 10:07:34,2522.8,358472
2021-06-23 10:07:35,2523.0,359240
2021-06-23 10:07:36,2523.0,359240
2021-06-23 10:07:37,2522.6,359347
2021-06-23 10:07:37,2522.6,359347
2021-06-23 10:07:39,2522.6,359347
2021-06-23 10:07:41,2522.6,359348
2021-06-23 10:07:42,2522.6,359348
2021-06-23 10:07:43,2522.6,359348
2021-06-23 10:07:44,2522.9,359352
2021-06-23 10:07:45,2522.9,359352
2021-06-23 10:07:45,2522.9,359352
2021-06-23 10:07:46,2522.9,359352
2021-06-23 10:07:47,2522.9,359352
2021-06-23 10:07:48,2522.9,359352
2021-06-23 10:07:49,2522.9,359352
2021-06-23 10:07:51,2522.9,359352
2021-06-23 10:07:52,2522.9,359352
2021-06-23 10:07:53,2522.85,359407
2021-06-23 10:07:54,2522.85,359407
2021-06-23 10:07:55,2522.85,359445
2021-06-23 10:07:56,2522.85,359453
2021-06-23 10:07:56,2522.85,359461
2021-06-23 10:07:57,2522.85,359461
2021-06-23 10:07:59,2522.9,359794
2021-06-23 10:08:00,2522.9,359794
2021-06-23 10:08:01,2522.9,359794
2021-06-23 10:08:02,2522.9,359794
2021-06-23 10:08:04,2522.9,359794
2021-06-23 10:08:05,2522.9,359796
2021-06-23 10:08:06,2522.9,359796
2021-06-23 10:08:07,2522.9,359797
2021-06-23 10:08:08,2522.9,359797
2021-06-23 10:08:09,2522.7,359833
2021-06-23 10:08:11,2522.9,359834
2021-06-23 10:08:10,2522.7,359833
2021-06-23 10:08:12,2522.9,359834
2021-06-23 10:08:13,2522.9,359884
2021-06-23 10:08:14,2522.9,359884
2021-06-23 10:08:15,2522.7,359934
2021-06-23 10:08:16,2522.7,359940
