timestamp,ltp,volume
2021-06-23 09:16:29,1487.1,90849
2021-06-23 09:16:30,1487.1,90904
2021-06-23 09:16:31,1487.1,91749
2021-06-23 09:16:31,1487.1,91749
2021-06-23 09:16:32,1487.0,93652
2021-06-23 09:16:33,1486.9,93773
2021-06-23 09:16:34,1487.0,94076
2021-06-23 09:16:36,1486.65,94194
2021-06-23 09:16:37,1487.0,94778
2021-06-23 09:16:38,1487.2,96862
2021-06-23 09:16:39,1487.2,97742
2021-06-23 09:16:40,1487.2,97893
2021-06-23 09:16:42,1487.2,99795
2021-06-23 09:16:42,1487.1,97993
2021-06-23 09:16:43,1487.1,100095
2021-06-23 09:16:44,1487.15,100950
2021-06-23 09:16:45,1487.1,101181
2021-06-23 09:16:46,1487.6,105463
2021-06-23 09:16:47,1487.85,107307
2021-06-23 09:16:49,1487.6,108527
2021-06-23 09:16:49,1487.6,108627
2021-06-23 09:16:50,1487.6,108807
2021-06-23 09:16:51,1487.85,110150
2021-06-23 09:16:54,1487.75,113279
2021-06-23 09:16:54,1487.7,113055
2021-06-23 09:16:57,1487.6,115772
2021-06-23 09:16:58,1487.4,117359
2021-06-23 09:16:59,1487.4,117359
2021-06-23 09:17:01,1487.75,117469
2021-06-23 09:17:01,1487.75,117469
2021-06-23 09:17:02,1487.75,117470
2021-06-23 09:17:03,1487.75,118060
2021-06-23 09:17:04,1487.75,118085
2021-06-23 09:17:05,1487.75,119223
2021-06-23 09:17:07,1487.75,119590
2021-06-23 09:17:07,1487.45,119999
2021-06-23 09:17:08,1487.75,120207
2021-06-23 09:17:09,1487.3,121113
2021-06-23 09:17:10,1487.3,121367
2021-06-23 09:17:12,1487.65,121525
2021-06-23 09:17:13,1487.4,121638
2021-06-23 09:17:14,1487.25,121751
2021-06-23 09:17:15,1487.25,121812
2021-06-23 09:17:16,1487.25,122903
2021-06-23 09:17:18,1486.95,124775
2021-06-23 09:17:18,1486.75,124931
2021-06-23 09:17:20,1486.0,127064
2021-06-23 09:17:22,1486.2,127416
2021-06-23 09:17:23,1486.0,127478
2021-06-23 09:17:24,1486.1,127761
2021-06-23 09:17:26,1485.65,128283
2021-06-23 09:17:27,1485.55,128319
2021-06-23 09:17:29,1485.0,133163
2021-06-23 09:17:29,1485.1,133168
2021-06-23 09:17:31,1485.25,133854
2021-06-23 09:17:32,1485.25,134504
2021-06-23 09:17:34,1485.05,135415
2021-06-23 09:17:34,1485.0,134741
2021-06-23 09:17:35,1485.0,135968
2021-06-23 09:17:36,1484.35,136635
2021-06-23 09:17:37,1484.2,137255
2021-06-23 09:17:39,1484.0,138689
2021-06-23 09:17:41,1484.05,139111
2021-06-23 09:17:42,1484.05,139777
2021-06-23 09:17:43,1484.05,140498
2021-06-23 09:17:45,1484.0,141942
2021-06-23 09:17:45,1484.0,141942
2021-06-23 09:17:46,1484.2,142586
2021-06-23 09:17:47,1484.95,143427
2021-06-23 09:17:48,1484.8,143658
2021-06-23 09:17:49,1484.15,143830
2021-06-23 09:17:51,1484.15,143926
2021-06-23 09:17:51,1484.2,143927
2021-06-23 09:17:53,1484.1,144242
2021-06-23 09:17:56,1484.0,145049
2021-06-23 09:17:57,1483.8,145222
2021-06-23 09:17:58,1483.85,145388
2021-06-23 09:17:59,1483.85,145512
2021-06-23 09:18:00,1483.8,145862
2021-06-23 09:18:02,1483.95,146342
2021-06-23 09:18:02,1483.95,146353
2021-06-23 09:18:03,1483.8,146668
2021-06-23 09:18:04,1483.55,147100
2021-06-23 09:18:05,1483.3,147333
2021-06-23 09:18:07,1483.3,147394
2021-06-23 09:18:07,1483.3,147394
2021-06-23 09:18:08,1483.35,147612
2021-06-23 09:18:09,1483.15,147987
2021-06-23 09:18:10,1483.35,148745
2021-06-23 09:18:11,1483.35,148847
2021-06-23 09:18:13,1483.4,148971
2021-06-23 09:18:13,1483.4,148971
2021-06-23 09:18:14,1483.4,149017
2021-06-23 09:18:15,1483.4,149060
2021-06-23 09:18:16,1483.3,149161
2021-06-23 09:18:18,1483.3,149298
2021-06-23 09:18:18,1483.25,149431
2021-06-23 09:18:19,1483.4,150077
2021-06-23 09:18:20,1483.9,150343
2021-06-23 09:18:21,1483.9,150871
2021-06-23 09:18:22,1483.55,150974
2021-06-23 09:18:24,1483.55,151046
2021-06-23 09:18:24,1483.9,151078
2021-06-23 09:18:25,1484.15,152551
2021-06-23 09:18:26,1484.05,153826
2021-06-23 09:18:29,1483.9,155115
2021-06-23 09:18:29,1483.9,155115
2021-06-23 09:18:30,1483.85,155118
2021-06-23 09:18:31,1483.55,155827
2021-06-23 09:18:33,1483.65,156181
2021-06-23 09:18:34,1483.6,156376
2021-06-23 09:18:34,1483.6,156377
2021-06-23 09:18:35,1483.4,156774
2021-06-23 09:18:36,1483.4,156987
2021-06-23 09:18:38,1483.4,157276
2021-06-23 09:18:39,1483.35,157453
2021-06-23 09:18:39,1483.2,157416
2021-06-23 09:18:40,1483.15,158526
2021-06-23 09:18:41,1483.25,159011
2021-06-23 09:18:42,1483.25,159263
2021-06-23 09:18:43,1483.15,159461
2021-06-23 09:18:45,1483.2,161532
2021-06-23 09:18:46,1483.15,161862
2021-06-23 09:18:46,1483.15,161862
2021-06-23 09:18:47,1483.15,162388
2021-06-23 09:18:48,1483.05,162641
2021-06-23 09:18:50,1483.05,163795
2021-06-23 09:18:51,1483.05,163954
2021-06-23 09:18:52,1483.0,167860
2021-06-23 09:18:53,1482.9,167971
2021-06-23 09:18:54,1482.75,168406
2021-06-23 09:18:55,1482.65,168426
2021-06-23 09:18:55,1482.65,168426
2021-06-23 09:18:56,1482.5,168480
2021-06-23 09:18:57,1482.25,169181
2021-06-23 09:18:58,1482.25,169491
2021-06-23 09:19:00,1481.5,172273
2021-06-23 09:19:01,1481.5,172668
2021-06-23 09:19:01,1481.2,173924
2021-06-23 09:19:02,1481.0,174409
2021-06-23 09:19:03,1481.0,175484
2021-06-23 09:19:04,1481.1,175921
2021-06-23 09:19:06,1481.1,177810
2021-06-23 09:19:07,1481.1,179910
2021-06-23 09:19:08,1481.2,180587
2021-06-23 09:19:09,1481.2,180720
2021-06-23 09:19:11,1481.85,181666
2021-06-23 09:19:13,1481.1,182427
2021-06-23 09:19:13,1481.5,182433
2021-06-23 09:19:14,1481.3,182648
2021-06-23 09:19:15,1481.65,182763
2021-06-23 09:19:17,1481.5,183228
2021-06-23 09:19:18,1481.85,183881
2021-06-23 09:19:19,1481.8,184037
2021-06-23 09:19:19,1481.8,184037
2021-06-23 09:19:20,1482.0,184077
2021-06-23 09:19:21,1482.2,185453
2021-06-23 09:19:22,1482.25,185517
2021-06-23 09:19:24,1482.25,186004
2021-06-23 09:19:25,1483.0,187310
2021-06-23 09:19:26,1482.75,187564
2021-06-23 09:19:27,1482.75,187655
2021-06-23 09:19:28,1482.5,188043
2021-06-23 09:19:29,1482.5,189571
2021-06-23 09:19:30,1482.35,190357
2021-06-23 09:19:32,1482.4,190549
2021-06-23 09:19:33,1482.8,191319
2021-06-23 09:19:34,1482.3,191651
2021-06-23 09:19:34,1482.3,191701
2021-06-23 09:19:35,1482.3,191736
2021-06-23 09:19:36,1482.3,192325
2021-06-23 09:19:37,1482.3,192654
2021-06-23 09:19:39,1482.2,193367
2021-06-23 09:19:40,1482.8,194640
2021-06-23 09:19:40,1482.35,194626
2021-06-23 09:19:41,1483.2,195084
2021-06-23 09:19:42,1483.15,195089
2021-06-23 09:19:45,1483.15,195996
2021-06-23 09:19:46,1482.45,196435
2021-06-23 09:19:46,1482.45,196435
2021-06-23 09:19:48,1482.65,196574
2021-06-23 09:19:50,1482.35,196736
2021-06-23 09:19:51,1482.65,197492
2021-06-23 09:19:51,1482.65,197492
2021-06-23 09:19:52,1482.35,197744
2021-06-23 09:19:53,1482.35,197968
2021-06-23 09:19:54,1482.6,198061
2021-06-23 09:19:56,1482.5,198113
2021-06-23 09:19:57,1482.6,199243
2021-06-23 09:19:57,1482.6,199243
2021-06-23 09:19:58,1482.5,199603
2021-06-23 09:19:59,1482.65,200003
2021-06-23 09:20:01,1482.6,201788
2021-06-23 09:20:02,1482.65,201817
2021-06-23 09:20:03,1482.65,201883
2021-06-23 09:20:04,1482.8,202185
2021-06-23 09:20:06,1482.8,202468
2021-06-23 09:20:07,1482.65,202809
2021-06-23 09:20:07,1482.6,203000
2021-06-23 09:20:09,1483.15,205125
2021-06-23 09:20:11,1482.55,205323
2021-06-23 09:20:12,1482.6,206544
2021-06-23 09:20:13,1482.65,206749
2021-06-23 09:20:13,1482.65,207039
2021-06-23 09:20:14,1482.6,207393
2021-06-23 09:20:16,1482.9,207534
2021-06-23 09:20:18,1482.5,207908
2021-06-23 09:20:19,1482.65,208212
2021-06-23 09:20:19,1482.65,208212
2021-06-23 09:20:20,1482.9,208845
2021-06-23 09:20:21,1482.85,209050
2021-06-23 09:20:23,1482.75,209101
2021-06-23 09:20:23,1482.8,209131
2021-06-23 09:20:24,1482.85,209255
2021-06-23 09:20:25,1482.85,209255
2021-06-23 09:20:26,1482.85,209557
2021-06-23 09:20:27,1482.85,209914
2021-06-23 09:20:28,1483.0,210011
2021-06-23 09:20:29,1483.0,210085
2021-06-23 09:20:30,1483.0,210482
2021-06-23 09:20:31,1483.0,210815
2021-06-23 09:20:32,1483.0,210946
2021-06-23 09:20:34,1483.05,211198
2021-06-23 09:20:35,1483.0,211339
2021-06-23 09:20:36,1483.0,211598
2021-06-23 09:20:37,1483.05,211599
2021-06-23 09:20:38,1483.05,211743
2021-06-23 09:20:39,1483.2,212708
2021-06-23 09:20:40,1483.2,213174
2021-06-23 09:20:41,1484.2,215494
2021-06-23 09:20:42,1483.4,215934
2021-06-23 09:20:43,1483.45,216001
2021-06-23 09:20:44,1483.35,216169
2021-06-23 09:20:45,1483.4,216355
2021-06-23 09:20:46,1483.45,216744
2021-06-23 09:20:47,1483.45,216995
2021-06-23 09:20:48,1483.45,217045
2021-06-23 09:20:51,1483.25,217455
2021-06-23 09:20:52,1483.25,217460
2021-06-23 09:20:53,1483.05,218294
2021-06-23 09:20:54,1483.2,218344
2021-06-23 09:20:55,1483.25,218902
2021-06-23 09:20:56,1483.2,219902
2021-06-23 09:20:57,1483.2,220187
2021-06-23 09:20:58,1483.2,220361
2021-06-23 09:20:59,1483.05,221542
2021-06-23 09:21:00,1483.05,221647
2021-06-23 09:21:01,1482.7,221785
2021-06-23 09:21:02,1482.5,221970
2021-06-23 09:21:03,1482.5,222031
2021-06-23 09:21:03,1482.7,222041
2021-06-23 09:21:04,1482.7,222405
2021-06-23 09:21:05,1482.7,222518
2021-06-23 09:21:06,1482.7,222528
2021-06-23 09:21:07,1482.7,222741
2021-06-23 09:21:08,1482.35,222972
2021-06-23 09:21:09,1482.5,223537
2021-06-23 09:21:10,1482.2,223619
2021-06-23 09:21:11,1482.1,223822
2021-06-23 09:21:12,1482.2,224026
2021-06-23 09:21:13,1482.1,224291
2021-06-23 09:21:14,1482.5,225445
2021-06-23 09:21:15,1482.4,225610
2021-06-23 09:21:17,1482.65,225973
2021-06-23 09:21:18,1483.25,228211
2021-06-23 09:21:19,1482.65,228995
2021-06-23 09:21:20,1482.65,229455
2021-06-23 09:21:23,1482.65,230972
2021-06-23 09:21:24,1482.35,231186
2021-06-23 09:21:25,1482.35,231733
2021-06-23 09:21:26,1482.5,232121
2021-06-23 09:21:28,1482.0,232715
2021-06-23 09:21:30,1482.1,233055
2021-06-23 09:21:31,1482.05,233056
2021-06-23 09:21:32,1482.05,233693
2021-06-23 09:21:33,1482.05,234006
2021-06-23 09:21:34,1482.0,234232
2021-06-23 09:21:36,1482.05,235352
2021-06-23 09:21:39,1482.05,235935
2021-06-23 09:21:40,1482.0,236191
2021-06-23 09:21:41,1482.05,236581
2021-06-23 09:21:42,1482.05,236951
2021-06-23 09:21:43,1482.05,237350
2021-06-23 09:21:44,1482.05,237926
2021-06-23 09:21:45,1482.05,238016
2021-06-23 09:21:46,1482.0,238896
2021-06-23 09:21:47,1481.9,239184
2021-06-23 09:21:48,1481.35,239782
2021-06-23 09:21:49,1481.6,240085
2021-06-23 09:21:50,1481.35,240181
2021-06-23 09:21:52,1481.25,240689
2021-06-23 09:21:53,1481.6,240996
2021-06-23 09:21:54,1481.6,241295
2021-06-23 09:21:55,1481.6,241619
2021-06-23 09:21:56,1481.55,241842
2021-06-23 09:21:57,1481.55,241972
2021-06-23 09:22:00,1481.5,242654
2021-06-23 09:22:02,1481.05,244109
2021-06-23 09:22:03,1481.05,247017
2021-06-23 09:22:04,1481.0,247521
2021-06-23 09:22:05,1480.85,247788
2021-06-23 09:22:06,1480.8,247822
2021-06-23 09:22:07,1480.65,248072
2021-06-23 09:22:08,1480.5,248563
2021-06-23 09:22:09,1480.5,250270
2021-06-23 09:22:10,1480.7,251381
2021-06-23 09:22:11,1480.55,251878
2021-06-23 09:22:12,1480.55,251956
2021-06-23 09:22:13,1480.5,252432
2021-06-23 09:22:14,1480.5,252527
2021-06-23 09:22:15,1480.5,252804
2021-06-23 09:22:16,1480.5,253107
2021-06-23 09:22:17,1480.2,253770
2021-06-23 09:22:18,1480.05,254630
2021-06-23 09:22:19,1480.15,254770
2021-06-23 09:22:20,1480.15,255791
2021-06-23 09:22:21,1480.15,256102
2021-06-23 09:22:22,1480.0,256514
2021-06-23 09:22:23,1480.15,257473
2021-06-23 09:22:24,1480.15,257805
2021-06-23 09:22:25,1480.0,258281
2021-06-23 09:22:26,1480.15,258437
2021-06-23 09:22:27,1480.0,258620
2021-06-23 09:22:28,1480.15,258648
2021-06-23 09:22:29,1480.15,258752
2021-06-23 09:22:30,1480.0,258854
2021-06-23 09:22:31,1480.05,259045
2021-06-23 09:22:32,1480.05,259473
2021-06-23 09:22:33,1480.0,260200
2021-06-23 09:22:34,1480.05,260420
2021-06-23 09:22:35,1480.4,266476
2021-06-23 09:22:36,1480.5,267126
2021-06-23 09:22:37,1480.6,267242
2021-06-23 09:22:38,1481.05,267415
2021-06-23 09:22:39,1481.0,267892
2021-06-23 09:22:40,1480.75,268255
2021-06-23 09:22:41,1480.75,268416
2021-06-23 09:22:42,1480.6,268466
2021-06-23 09:22:43,1480.5,268667
2021-06-23 09:22:44,1480.5,268803
2021-06-23 09:22:45,1480.6,270388
2021-06-23 09:22:46,1480.8,271831
2021-06-23 09:22:46,1480.8,271831
2021-06-23 09:22:47,1480.8,272178
2021-06-23 09:22:48,1480.8,272178
2021-06-23 09:22:49,1480.45,273660
2021-06-23 09:22:50,1480.65,275166
2021-06-23 09:22:51,1480.55,275769
2021-06-23 09:22:52,1480.0,276527
2021-06-23 09:22:53,1480.0,276762
2021-06-23 09:22:54,1480.0,280847
2021-06-23 09:22:55,1480.25,280907
2021-06-23 09:22:56,1480.2,281542
2021-06-23 09:22:57,1480.0,281959
2021-06-23 09:22:58,1480.2,282309
2021-06-23 09:22:59,1480.0,286752
2021-06-23 09:23:00,1479.65,294201
2021-06-23 09:23:01,1479.5,295475
2021-06-23 09:23:02,1480.15,295828
2021-06-23 09:23:03,1479.7,296003
2021-06-23 09:23:04,1479.95,296409
2021-06-23 09:23:05,1480.15,296595
2021-06-23 09:23:06,1479.95,296772
2021-06-23 09:23:07,1479.95,297096
2021-06-23 09:23:08,1480.0,297253
2021-06-23 09:23:09,1480.0,297325
2021-06-23 09:23:10,1479.95,297655
2021-06-23 09:23:11,1479.95,297800
2021-06-23 09:23:12,1479.95,298020
2021-06-23 09:23:14,1479.95,298396
2021-06-23 09:23:15,1480.15,300501
2021-06-23 09:23:16,1480.15,300848
2021-06-23 09:23:17,1480.15,300850
2021-06-23 09:23:18,1480.15,300850
2021-06-23 09:23:20,1480.1,300967
2021-06-23 09:23:21,1480.15,301097
2021-06-23 09:23:22,1480.1,301322
2021-06-23 09:23:22,1480.1,301322
2021-06-23 09:23:24,1480.0,301756
2021-06-23 09:23:25,1480.15,301931
2021-06-23 09:23:26,1479.55,305031
2021-06-23 09:23:27,1480.0,305683
2021-06-23 09:23:28,1479.5,306039
2021-06-23 09:23:29,1479.0,306695
2021-06-23 09:23:30,1479.25,307379
2021-06-23 09:23:31,1479.3,307966
2021-06-23 09:23:32,1479.15,308249
2021-06-23 09:23:33,1480.0,309231
2021-06-23 09:23:34,1480.0,309231
2021-06-23 09:23:35,1479.7,309384
2021-06-23 09:23:36,1479.7,309569
2021-06-23 09:23:37,1479.45,309684
2021-06-23 09:23:38,1479.7,309912
2021-06-23 09:23:39,1479.7,310115
2021-06-23 09:23:40,1479.7,310185
2021-06-23 09:23:41,1479.55,310325
2021-06-23 09:23:42,1479.55,310325
2021-06-23 09:23:43,1479.65,310837
2021-06-23 09:23:44,1479.65,311168
2021-06-23 09:23:45,1479.7,311282
2021-06-23 09:23:46,1479.5,311405
2021-06-23 09:23:47,1479.7,311514
2021-06-23 09:23:48,1479.7,311762
2021-06-23 09:23:49,1479.75,311763
2021-06-23 09:23:50,1479.65,313312
2021-06-23 09:23:51,1479.75,313522
2021-06-23 09:23:52,1479.75,313833
2021-06-23 09:23:53,1479.75,313833
2021-06-23 09:23:53,1479.75,313833
2021-06-23 09:23:54,1479.95,314469
2021-06-23 09:23:55,1479.75,314507
2021-06-23 09:23:57,1479.75,314805
2021-06-23 09:23:58,1480.0,314886
2021-06-23 09:23:59,1479.75,314911
2021-06-23 09:24:00,1480.3,318563
2021-06-23 09:24:01,1480.35,318588
2021-06-23 09:24:02,1480.35,318640
2021-06-23 09:24:03,1480.35,318700
2021-06-23 09:24:04,1480.35,318953
2021-06-23 09:24:05,1480.75,319009
2021-06-23 09:24:06,1480.75,319105
2021-06-23 09:24:07,1480.75,319122
2021-06-23 09:24:08,1480.35,319255
2021-06-23 09:24:09,1480.65,319522
2021-06-23 09:24:10,1480.45,319546
2021-06-23 09:24:12,1480.65,319828
2021-06-23 09:24:13,1480.65,319958
2021-06-23 09:24:15,1480.65,320281
2021-06-23 09:24:17,1480.65,321530
2021-06-23 09:24:19,1480.65,321584
2021-06-23 09:24:20,1480.5,321809
2021-06-23 09:24:21,1480.65,321813
2021-06-23 09:24:22,1480.7,323177
2021-06-23 09:24:23,1480.65,323622
2021-06-23 09:24:24,1480.9,323633
2021-06-23 09:24:25,1480.9,323633
2021-06-23 09:24:26,1480.75,323881
2021-06-23 09:24:27,1480.8,324905
2021-06-23 09:24:28,1480.8,325220
2021-06-23 09:24:29,1480.8,325271
2021-06-23 09:24:30,1480.8,325282
2021-06-23 09:24:31,1480.6,325633
2021-06-23 09:24:32,1480.6,325633
2021-06-23 09:24:33,1480.6,325719
2021-06-23 09:24:34,1480.45,325849
2021-06-23 09:24:36,1480.8,325969
2021-06-23 09:24:37,1480.8,326282
2021-06-23 09:24:38,1480.8,326384
2021-06-23 09:24:39,1480.8,326485
2021-06-23 09:24:40,1480.8,326613
2021-06-23 09:24:42,1480.8,326980
2021-06-23 09:24:43,1480.8,327039
2021-06-23 09:24:44,1480.7,327589
2021-06-23 09:24:45,1480.75,327590
2021-06-23 09:24:46,1480.65,327740
2021-06-23 09:24:47,1480.75,327752
2021-06-23 09:24:48,1480.75,328605
2021-06-23 09:24:49,1481.0,328873
2021-06-23 09:24:50,1481.0,329008
2021-06-23 09:24:51,1481.55,335845
2021-06-23 09:24:52,1481.55,335845
2021-06-23 09:24:53,1481.45,335946
2021-06-23 09:24:54,1482.15,336304
2021-06-23 09:24:55,1481.8,337116
2021-06-23 09:24:56,1482.15,337176
2021-06-23 09:24:57,1481.75,337376
2021-06-23 09:24:58,1482.15,337434
2021-06-23 09:24:59,1482.5,337684
2021-06-23 09:25:00,1482.15,337836
2021-06-23 09:25:01,1482.45,337926
2021-06-23 09:25:02,1482.45,337943
2021-06-23 09:25:03,1481.55,338891
2021-06-23 09:25:04,1481.6,338946
2021-06-23 09:25:05,1482.2,338947
2021-06-23 09:25:06,1482.2,338957
2021-06-23 09:25:07,1481.85,339171
2021-06-23 09:25:08,1482.2,339191
2021-06-23 09:25:09,1482.2,339421
2021-06-23 09:25:10,1482.2,339423
2021-06-23 09:25:11,1482.5,340458
2021-06-23 09:25:12,1482.5,340458
2021-06-23 09:25:13,1483.35,341180
2021-06-23 09:25:14,1483.0,341310
2021-06-23 09:25:15,1483.05,342075
2021-06-23 09:25:16,1483.0,342290
2021-06-23 09:25:17,1483.0,342422
2021-06-23 09:25:18,1483.0,342424
2021-06-23 09:25:19,1483.0,342424
2021-06-23 09:25:20,1483.05,342426
2021-06-23 09:25:21,1483.05,342597
2021-06-23 09:25:22,1483.05,342909
2021-06-23 09:25:23,1483.05,343030
2021-06-23 09:25:24,1483.05,343030
2021-06-23 09:25:25,1483.05,343059
2021-06-23 09:25:26,1483.05,343063
2021-06-23 09:25:27,1483.05,343063
2021-06-23 09:25:28,1483.05,343198
2021-06-23 09:25:29,1483.05,343303
2021-06-23 09:25:30,1483.0,343439
2021-06-23 09:25:31,1483.0,343439
2021-06-23 09:25:32,1483.0,343464
2021-06-23 09:25:33,1483.05,343472
2021-06-23 09:25:34,1483.05,344005
2021-06-23 09:25:35,1482.85,344218
2021-06-23 09:25:36,1483.05,344223
2021-06-23 09:25:37,1483.05,344249
2021-06-23 09:25:38,1483.05,344366
2021-06-23 09:25:39,1483.1,344918
2021-06-23 09:25:40,1483.1,345158
2021-06-23 09:25:41,1483.2,345968
2021-06-23 09:25:42,1483.15,345993
2021-06-23 09:25:43,1483.4,346008
2021-06-23 09:25:44,1483.4,346019
2021-06-23 09:25:45,1483.4,346347
2021-06-23 09:25:46,1483.0,347301
2021-06-23 09:25:47,1483.05,347990
2021-06-23 09:25:48,1483.05,348257
2021-06-23 09:25:49,1483.05,348884
2021-06-23 09:25:50,1483.05,349084
2021-06-23 09:25:51,1483.15,349095
2021-06-23 09:25:52,1483.15,349295
2021-06-23 09:25:53,1483.5,349845
2021-06-23 09:25:54,1482.95,351565
2021-06-23 09:25:55,1482.35,352567
2021-06-23 09:25:56,1482.75,352747
2021-06-23 09:25:57,1482.75,352900
2021-06-23 09:25:58,1482.75,352930
2021-06-23 09:25:59,1483.45,354776
2021-06-23 09:26:00,1483.45,354776
2021-06-23 09:26:01,1483.45,355331
2021-06-23 09:26:02,1484.0,359042
2021-06-23 09:26:03,1484.0,359042
2021-06-23 09:26:04,1483.85,359923
2021-06-23 09:26:05,1484.4,359933
2021-06-23 09:26:06,1483.45,360546
2021-06-23 09:26:07,1483.85,360613
2021-06-23 09:26:08,1483.85,360628
2021-06-23 09:26:09,1483.85,360628
2021-06-23 09:26:10,1483.85,360633
2021-06-23 09:26:11,1483.85,360663
2021-06-23 09:26:12,1483.85,360664
2021-06-23 09:26:13,1483.85,360859
2021-06-23 09:26:14,1483.85,360861
2021-06-23 09:26:15,1483.85,360862
2021-06-23 09:26:16,1483.85,360862
2021-06-23 09:26:17,1483.85,361015
2021-06-23 09:26:18,1483.85,361015
2021-06-23 09:26:19,1483.8,361040
2021-06-23 09:26:20,1483.85,361106
2021-06-23 09:26:21,1483.65,361436
2021-06-23 09:26:22,1483.85,361513
2021-06-23 09:26:23,1483.85,361658
2021-06-23 09:26:24,1483.65,361733
2021-06-23 09:26:25,1483.65,361799
2021-06-23 09:26:26,1483.85,361814
2021-06-23 09:26:28,1483.65,361892
2021-06-23 09:26:29,1483.8,362447
2021-06-23 09:26:30,1483.8,362532
2021-06-23 09:26:31,1483.8,362861
2021-06-23 09:26:32,1483.85,363411
2021-06-23 09:26:33,1483.85,363411
2021-06-23 09:26:34,1483.8,363416
2021-06-23 09:26:35,1483.8,363450
2021-06-23 09:26:36,1483.8,363450
2021-06-23 09:26:37,1483.7,363452
2021-06-23 09:26:38,1483.8,365096
2021-06-23 09:26:39,1483.65,365111
2021-06-23 09:26:40,1483.8,365266
2021-06-23 09:26:41,1483.8,365367
2021-06-23 09:26:42,1483.8,365453
2021-06-23 09:26:43,1483.8,365504
2021-06-23 09:26:44,1483.8,365614
2021-06-23 09:26:45,1483.8,365628
2021-06-23 09:26:46,1483.8,365680
2021-06-23 09:26:47,1483.8,365755
2021-06-23 09:26:48,1483.7,365892
2021-06-23 09:26:49,1483.95,366393
2021-06-23 09:26:50,1483.65,366415
2021-06-23 09:26:51,1483.65,366547
2021-06-23 09:26:52,1483.8,366751
2021-06-23 09:26:53,1483.8,366780
2021-06-23 09:26:54,1483.9,367590
2021-06-23 09:26:55,1483.9,367590
2021-06-23 09:26:56,1483.8,367646
2021-06-23 09:26:57,1483.8,367876
2021-06-23 09:26:58,1483.8,367909
2021-06-23 09:26:59,1483.8,367939
2021-06-23 09:27:00,1483.8,367939
2021-06-23 09:27:01,1483.8,367952
2021-06-23 09:27:03,1483.8,368163
2021-06-23 09:27:04,1483.8,368397
2021-06-23 09:27:05,1483.8,368397
2021-06-23 09:27:05,1483.8,368397
2021-06-23 09:27:06,1483.8,368401
2021-06-23 09:27:07,1483.8,368402
2021-06-23 09:27:08,1483.8,368402
2021-06-23 09:27:09,1483.9,369018
2021-06-23 09:27:10,1483.8,369384
2021-06-23 09:27:11,1483.65,369469
2021-06-23 09:27:12,1483.75,369626
2021-06-23 09:27:13,1483.6,369845
2021-06-23 09:27:14,1483.65,369857
2021-06-23 09:27:15,1483.65,369860
2021-06-23 09:27:16,1483.75,369961
2021-06-23 09:27:17,1483.6,370582
2021-06-23 09:27:19,1483.75,372218
2021-06-23 09:27:20,1483.75,372238
2021-06-23 09:27:21,1483.75,372249
2021-06-23 09:27:22,1483.75,372260
2021-06-23 09:27:23,1483.8,372434
2021-06-23 09:27:24,1483.75,373164
2021-06-23 09:27:25,1483.75,373214
2021-06-23 09:27:26,1483.95,374147
2021-06-23 09:27:27,1483.75,374964
2021-06-23 09:27:28,1483.7,374974
2021-06-23 09:27:29,1483.7,374974
2021-06-23 09:27:30,1483.7,374974
2021-06-23 09:27:31,1483.95,374984
2021-06-23 09:27:32,1483.8,375521
2021-06-23 09:27:33,1483.95,375673
2021-06-23 09:27:34,1483.95,375673
2021-06-23 09:27:35,1483.95,376174
2021-06-23 09:27:36,1483.95,376174
2021-06-23 09:27:37,1484.1,377570
2021-06-23 09:27:38,1484.0,377645
2021-06-23 09:27:40,1484.2,378177
2021-06-23 09:27:41,1484.5,378178
2021-06-23 09:27:42,1484.5,378680
2021-06-23 09:27:43,1484.25,378787
2021-06-23 09:27:44,1484.8,378947
2021-06-23 09:27:45,1484.9,379500
2021-06-23 09:27:46,1484.9,380000
2021-06-23 09:27:47,1484.35,380207
2021-06-23 09:27:49,1484.5,380406
2021-06-23 09:27:49,1484.5,380406
2021-06-23 09:27:50,1484.25,380534
2021-06-23 09:27:51,1484.25,380534
2021-06-23 09:27:52,1484.25,380676
2021-06-23 09:27:53,1484.3,380684
2021-06-23 09:27:54,1484.5,380794
2021-06-23 09:27:55,1484.5,380816
2021-06-23 09:27:56,1484.5,381279
2021-06-23 09:27:57,1484.5,381479
2021-06-23 09:27:58,1484.5,381479
2021-06-23 09:27:59,1484.5,382278
2021-06-23 09:28:00,1484.5,382814
2021-06-23 09:28:01,1484.5,382940
2021-06-23 09:28:02,1484.5,382940
2021-06-23 09:28:04,1484.5,383090
2021-06-23 09:28:05,1484.5,385678
2021-06-23 09:28:06,1484.65,386803
2021-06-23 09:28:07,1484.65,386853
2021-06-23 09:28:08,1484.65,387245
2021-06-23 09:28:09,1485.0,387312
2021-06-23 09:28:10,1485.15,387413
2021-06-23 09:28:11,1485.0,387513
2021-06-23 09:28:12,1485.0,387513
2021-06-23 09:28:14,1485.1,387553
2021-06-23 09:28:15,1485.1,387560
2021-06-23 09:28:16,1485.1,387562
2021-06-23 09:28:17,1484.9,387985
2021-06-23 09:28:18,1484.6,388090
2021-06-23 09:28:19,1484.9,388150
2021-06-23 09:28:20,1484.9,388160
2021-06-23 09:28:21,1484.9,388195
2021-06-23 09:28:22,1484.9,388195
2021-06-23 09:28:23,1484.9,388221
2021-06-23 09:28:24,1484.9,388365
2021-06-23 09:28:24,1484.9,388365
2021-06-23 09:28:25,1484.9,388365
2021-06-23 09:28:26,1484.9,388365
2021-06-23 09:28:27,1484.9,388395
2021-06-23 09:28:28,1484.9,389188
2021-06-23 09:28:29,1485.0,389574
2021-06-23 09:28:30,1484.95,389606
2021-06-23 09:28:31,1485.25,390610
2021-06-23 09:28:32,1485.1,390631
2021-06-23 09:28:35,1485.0,390767
2021-06-23 09:28:36,1485.25,390788
2021-06-23 09:28:37,1485.25,390828
2021-06-23 09:28:38,1485.25,390920
2021-06-23 09:28:39,1485.25,390921
2021-06-23 09:28:41,1485.25,390996
2021-06-23 09:28:42,1485.0,390997
2021-06-23 09:28:43,1485.0,391272
2021-06-23 09:28:44,1485.0,391712
2021-06-23 09:28:45,1485.25,391713
2021-06-23 09:28:46,1485.25,392038
2021-06-23 09:28:47,1485.0,392516
2021-06-23 09:28:47,1485.0,392516
2021-06-23 09:28:48,1485.25,392766
2021-06-23 09:28:49,1484.85,394556
2021-06-23 09:28:50,1484.8,394769
2021-06-23 09:28:51,1484.6,394873
2021-06-23 09:28:52,1484.85,394878
2021-06-23 09:28:53,1484.85,394988
2021-06-23 09:28:54,1484.85,395038
2021-06-23 09:28:55,1484.85,395049
2021-06-23 09:28:56,1484.55,395151
2021-06-23 09:28:57,1484.55,395393
2021-06-23 09:28:58,1484.55,395476
2021-06-23 09:28:59,1484.55,395506
2021-06-23 09:29:00,1484.35,395731
2021-06-23 09:29:02,1484.35,395797
2021-06-23 09:29:03,1484.35,395797
2021-06-23 09:29:04,1484.4,395862
2021-06-23 09:29:05,1484.4,395863
2021-06-23 09:29:06,1484.35,395908
2021-06-23 09:29:07,1484.25,395926
2021-06-23 09:29:07,1484.25,395926
2021-06-23 09:29:08,1484.4,398433
2021-06-23 09:29:09,1484.45,398498
2021-06-23 09:29:10,1484.55,398812
2021-06-23 09:29:11,1484.55,398912
2021-06-23 09:29:12,1484.55,398942
2021-06-23 09:29:13,1484.4,399034
2021-06-23 09:29:15,1484.4,399539
2021-06-23 09:29:16,1484.6,399544
2021-06-23 09:29:17,1484.4,399644
2021-06-23 09:29:18,1484.4,399645
2021-06-23 09:29:19,1484.4,399969
2021-06-23 09:29:20,1484.35,400263
2021-06-23 09:29:21,1484.35,400263
2021-06-23 09:29:22,1484.35,400263
2021-06-23 09:29:23,1484.35,400268
2021-06-23 09:29:24,1484.35,400276
2021-06-23 09:29:26,1484.35,400931
2021-06-23 09:29:27,1484.35,400935
2021-06-23 09:29:28,1484.25,401059
2021-06-23 09:29:30,1484.35,401655
2021-06-23 09:29:31,1484.35,401777
2021-06-23 09:29:32,1484.35,401849
2021-06-23 09:29:33,1484.35,401849
2021-06-23 09:29:34,1484.35,401889
2021-06-23 09:29:35,1484.35,401889
2021-06-23 09:29:36,1484.35,401897
2021-06-23 09:29:37,1484.35,402624
2021-06-23 09:29:39,1484.15,402855
2021-06-23 09:29:40,1484.25,402859
2021-06-23 09:29:41,1484.15,403261
2021-06-23 09:29:41,1484.15,403261
2021-06-23 09:29:42,1484.05,403464
2021-06-23 09:29:43,1483.55,406127
2021-06-23 09:29:44,1484.1,407139
2021-06-23 09:29:45,1483.6,407315
2021-06-23 09:29:46,1483.6,407332
2021-06-23 09:29:47,1483.6,407332
2021-06-23 09:29:48,1483.45,407424
2021-06-23 09:29:49,1483.45,407424
2021-06-23 09:29:50,1481.95,410110
2021-06-23 09:29:51,1482.65,410260
2021-06-23 09:29:52,1482.45,411291
2021-06-23 09:29:53,1482.45,411291
2021-06-23 09:29:54,1482.45,411476
2021-06-23 09:29:55,1482.45,411610
2021-06-23 09:29:56,1482.45,411774
2021-06-23 09:29:57,1482.7,412504
2021-06-23 09:29:58,1482.85,412554
2021-06-23 09:30:00,1482.75,412735
2021-06-23 09:30:03,1483.0,412954
2021-06-23 09:30:04,1483.2,412969
2021-06-23 09:30:06,1483.0,413077
2021-06-23 09:30:07,1483.0,413077
2021-06-23 09:30:08,1483.0,413536
2021-06-23 09:30:08,1483.0,413617
2021-06-23 09:30:09,1483.0,413617
2021-06-23 09:30:11,1482.75,414963
2021-06-23 09:30:12,1482.75,414963
2021-06-23 09:30:13,1482.7,415876
2021-06-23 09:30:14,1482.95,415895
2021-06-23 09:30:15,1482.05,418113
2021-06-23 09:30:17,1482.3,419080
2021-06-23 09:30:19,1482.4,419258
2021-06-23 09:30:20,1482.15,419284
2021-06-23 09:30:21,1482.35,419555
2021-06-23 09:30:22,1482.2,419811
2021-06-23 09:30:23,1481.0,420810
2021-06-23 09:30:24,1481.0,420810
2021-06-23 09:30:25,1481.0,420879
2021-06-23 09:30:25,1481.0,421045
2021-06-23 09:30:26,1481.0,421601
2021-06-23 09:30:27,1481.1,421755
2021-06-23 09:30:28,1481.25,422412
2021-06-23 09:30:29,1481.1,422413
2021-06-23 09:30:30,1481.15,422513
2021-06-23 09:30:31,1481.15,422613
2021-06-23 09:30:33,1481.2,423591
2021-06-23 09:30:34,1481.35,424772
2021-06-23 09:30:35,1481.75,424819
2021-06-23 09:30:36,1481.75,424821
2021-06-23 09:30:37,1481.75,424836
2021-06-23 09:30:38,1481.85,424965
2021-06-23 09:30:39,1481.75,425293
2021-06-23 09:30:40,1481.75,425293
2021-06-23 09:30:41,1481.8,425364
2021-06-23 09:30:42,1481.8,425364
2021-06-23 09:30:43,1481.8,425364
2021-06-23 09:30:44,1481.75,425474
2021-06-23 09:30:45,1481.8,425722
2021-06-23 09:30:46,1481.25,425947
2021-06-23 09:30:47,1481.65,425957
2021-06-23 09:30:49,1481.6,425958
2021-06-23 09:30:50,1481.6,425958
2021-06-23 09:30:51,1481.25,425964
2021-06-23 09:30:52,1481.25,426004
2021-06-23 09:30:53,1481.4,426155
2021-06-23 09:30:54,1481.3,426175
2021-06-23 09:30:55,1481.4,426177
2021-06-23 09:30:56,1481.35,427126
2021-06-23 09:30:57,1481.0,427326
2021-06-23 09:30:58,1481.35,427496
2021-06-23 09:30:59,1481.3,427744
2021-06-23 09:31:00,1481.3,427868
2021-06-23 09:31:00,1481.3,427868
2021-06-23 09:31:01,1481.3,427973
2021-06-23 09:31:02,1481.3,427998
2021-06-23 09:31:03,1481.3,427998
2021-06-23 09:31:04,1480.5,428336
2021-06-23 09:31:05,1481.15,428896
2021-06-23 09:31:06,1481.15,428896
2021-06-23 09:31:07,1481.15,428896
2021-06-23 09:31:08,1481.1,429155
2021-06-23 09:31:09,1480.65,429157
2021-06-23 09:31:10,1480.5,429530
2021-06-23 09:31:11,1480.5,429540
2021-06-23 09:31:12,1480.5,429787
2021-06-23 09:31:13,1480.5,429907
2021-06-23 09:31:14,1480.5,430211
2021-06-23 09:31:15,1480.5,430211
2021-06-23 09:31:16,1480.6,430212
2021-06-23 09:31:17,1480.6,430212
2021-06-23 09:31:18,1480.6,430312
2021-06-23 09:31:19,1480.7,432083
2021-06-23 09:31:20,1480.95,432159
2021-06-23 09:31:21,1481.0,432228
2021-06-23 09:31:22,1481.0,432236
2021-06-23 09:31:23,1480.95,432487
2021-06-23 09:31:24,1480.95,432487
2021-06-23 09:31:25,1481.15,433037
2021-06-23 09:31:26,1480.9,433254
2021-06-23 09:31:27,1481.8,433950
2021-06-23 09:31:28,1481.45,433960
2021-06-23 09:31:29,1481.45,433965
2021-06-23 09:31:30,1481.8,433970
2021-06-23 09:31:32,1481.55,433985
2021-06-23 09:31:33,1481.55,433985
2021-06-23 09:31:34,1481.45,434276
2021-06-23 09:31:35,1481.4,434376
2021-06-23 09:31:36,1481.4,434376
2021-06-23 09:31:37,1481.6,434426
2021-06-23 09:31:38,1481.45,434576
2021-06-23 09:31:39,1481.4,434804
2021-06-23 09:31:41,1481.45,435019
2021-06-23 09:31:42,1481.45,435102
2021-06-23 09:31:44,1481.45,435253
2021-06-23 09:31:45,1481.45,435253
2021-06-23 09:31:46,1481.35,435258
2021-06-23 09:31:47,1480.9,435492
2021-06-23 09:31:48,1481.2,435512
2021-06-23 09:31:48,1481.2,435512
2021-06-23 09:31:49,1480.95,435622
2021-06-23 09:31:50,1480.95,435756
2021-06-23 09:31:51,1480.95,435767
2021-06-23 09:31:53,1480.8,435898
2021-06-23 09:31:54,1480.8,435898
2021-06-23 09:31:55,1480.8,435898
2021-06-23 09:31:56,1480.75,435920
2021-06-23 09:31:57,1480.75,435920
2021-06-23 09:31:58,1480.75,435970
2021-06-23 09:31:59,1480.75,436021
2021-06-23 09:32:00,1480.8,436047
2021-06-23 09:32:01,1480.85,436063
2021-06-23 09:32:02,1480.8,436303
2021-06-23 09:32:03,1480.8,436372
2021-06-23 09:32:05,1480.85,436829
2021-06-23 09:32:06,1480.8,436831
2021-06-23 09:32:07,1480.85,436874
2021-06-23 09:32:08,1480.75,436890
2021-06-23 09:32:10,1480.8,436900
2021-06-23 09:32:11,1480.75,436947
2021-06-23 09:32:12,1480.75,437687
2021-06-23 09:32:13,1480.75,438408
2021-06-23 09:32:14,1480.75,438418
2021-06-23 09:32:15,1481.0,438519
2021-06-23 09:32:16,1480.55,438705
2021-06-23 09:32:17,1481.0,438816
2021-06-23 09:32:18,1480.75,438820
2021-06-23 09:32:19,1480.75,438910
2021-06-23 09:32:20,1481.0,439461
2021-06-23 09:32:21,1481.0,439506
2021-06-23 09:32:22,1481.0,440114
2021-06-23 09:32:23,1481.0,440214
2021-06-23 09:32:24,1481.0,440214
2021-06-23 09:32:25,1481.05,441600
2021-06-23 09:32:26,1481.5,441824
2021-06-23 09:32:27,1481.45,442018
2021-06-23 09:32:28,1481.5,442386
2021-06-23 09:32:29,1481.5,442421
2021-06-23 09:32:31,1481.0,442920
2021-06-23 09:32:32,1481.45,442992
2021-06-23 09:32:33,1481.45,442996
2021-06-23 09:32:34,1480.95,443497
2021-06-23 09:32:35,1481.4,444047
2021-06-23 09:32:37,1481.15,444227
2021-06-23 09:32:38,1481.4,444393
2021-06-23 09:32:38,1481.4,444422
2021-06-23 09:32:39,1482.0,445925
2021-06-23 09:32:43,1482.45,446613
2021-06-23 09:32:44,1482.45,446613
2021-06-23 09:32:45,1482.25,446623
2021-06-23 09:32:47,1482.05,447175
2021-06-23 09:32:48,1482.05,447175
2021-06-23 09:32:49,1481.75,447198
2021-06-23 09:32:51,1481.7,448197
2021-06-23 09:32:52,1481.5,448495
2021-06-23 09:32:53,1481.5,448641
2021-06-23 09:32:54,1481.5,448641
2021-06-23 09:32:55,1481.65,448651
2021-06-23 09:32:56,1481.65,448664
2021-06-23 09:32:57,1481.6,448671
2021-06-23 09:32:58,1481.55,448707
2021-06-23 09:32:59,1481.5,448729
2021-06-23 09:33:01,1481.9,449366
2021-06-23 09:33:02,1481.55,449646
2021-06-23 09:33:03,1481.55,449690
2021-06-23 09:33:04,1481.55,449895
2021-06-23 09:33:05,1481.55,450573
2021-06-23 09:33:06,1481.55,450573
2021-06-23 09:33:08,1481.85,450756
2021-06-23 09:33:09,1481.85,450756
2021-06-23 09:33:10,1481.8,450906
2021-06-23 09:33:11,1481.8,450967
2021-06-23 09:33:13,1481.75,450977
2021-06-23 09:33:14,1481.55,450979
2021-06-23 09:33:15,1481.5,451275
2021-06-23 09:33:16,1481.8,451427
2021-06-23 09:33:17,1481.6,451432
2021-06-23 09:33:18,1481.6,451432
2021-06-23 09:33:19,1481.6,451432
2021-06-23 09:33:20,1481.6,451432
2021-06-23 09:33:21,1481.9,451434
2021-06-23 09:33:22,1481.9,451434
2021-06-23 09:33:23,1481.85,451440
2021-06-23 09:33:24,1481.7,451441
2021-06-23 09:33:25,1481.7,451441
2021-06-23 09:33:26,1481.7,451644
2021-06-23 09:33:27,1481.6,451661
2021-06-23 09:33:28,1481.65,451676
2021-06-23 09:33:29,1481.65,451678
2021-06-23 09:33:29,1481.65,451680
2021-06-23 09:33:30,1481.65,451680
2021-06-23 09:33:31,1481.65,451680
2021-06-23 09:33:33,1481.65,451900
2021-06-23 09:33:34,1481.65,452036
2021-06-23 09:33:35,1481.7,452038
2021-06-23 09:33:36,1481.65,452043
2021-06-23 09:33:37,1481.6,452055
2021-06-23 09:33:38,1481.65,452075
2021-06-23 09:33:39,1481.65,452135
2021-06-23 09:33:40,1481.65,452206
2021-06-23 09:33:40,1481.65,452205
2021-06-23 09:33:41,1481.7,452312
2021-06-23 09:33:42,1481.55,452436
2021-06-23 09:33:43,1481.6,452512
2021-06-23 09:33:44,1481.6,452544
2021-06-23 09:33:45,1481.7,452864
2021-06-23 09:33:46,1481.7,452864
2021-06-23 09:33:48,1481.8,452865
2021-06-23 09:33:49,1481.75,452866
2021-06-23 09:33:50,1481.75,452866
2021-06-23 09:33:51,1481.75,452927
2021-06-23 09:33:53,1481.15,453720
2021-06-23 09:33:54,1481.15,453723
2021-06-23 09:33:55,1481.0,453827
2021-06-23 09:33:56,1481.1,453879
2021-06-23 09:33:57,1481.1,453930
2021-06-23 09:33:58,1481.1,453932
2021-06-23 09:33:59,1481.1,453933
2021-06-23 09:34:00,1481.0,455690
2021-06-23 09:34:01,1481.1,455701
2021-06-23 09:34:02,1481.1,455701
2021-06-23 09:34:03,1481.05,455837
2021-06-23 09:34:04,1481.05,455856
2021-06-23 09:34:05,1481.05,456212
2021-06-23 09:34:05,1481.05,456213
2021-06-23 09:34:06,1481.0,456216
2021-06-23 09:34:07,1481.05,456218
2021-06-23 09:34:08,1481.0,457181
2021-06-23 09:34:09,1481.05,457187
2021-06-23 09:34:10,1481.05,457239
2021-06-23 09:34:13,1481.05,457420
2021-06-23 09:34:14,1481.05,457721
2021-06-23 09:34:15,1481.0,458096
2021-06-23 09:34:16,1480.9,458101
2021-06-23 09:34:17,1481.0,458102
2021-06-23 09:34:18,1481.0,458105
2021-06-23 09:34:19,1481.0,459549
2021-06-23 09:34:20,1481.35,460861
2021-06-23 09:34:21,1481.35,461235
2021-06-23 09:34:22,1482.0,461236
2021-06-23 09:34:23,1482.0,461237
2021-06-23 09:34:24,1482.0,461238
2021-06-23 09:34:25,1482.0,461289
2021-06-23 09:34:26,1482.0,461325
2021-06-23 09:34:27,1482.05,463081
2021-06-23 09:34:28,1482.35,463320
2021-06-23 09:34:29,1482.2,463672
2021-06-23 09:34:30,1482.35,463683
2021-06-23 09:34:31,1482.2,463737
2021-06-23 09:34:32,1482.35,463738
2021-06-23 09:34:33,1482.2,463743
2021-06-23 09:34:34,1482.25,464289
2021-06-23 09:34:35,1482.15,464301
2021-06-23 09:34:36,1482.0,464791
2021-06-23 09:34:37,1481.7,464795
2021-06-23 09:34:38,1481.7,464797
2021-06-23 09:34:39,1481.65,464812
2021-06-23 09:34:40,1481.7,464813
2021-06-23 09:34:41,1481.5,465053
2021-06-23 09:34:42,1481.5,465171
2021-06-23 09:34:43,1481.4,465364
2021-06-23 09:34:44,1481.4,465366
2021-06-23 09:34:45,1481.4,465398
2021-06-23 09:34:46,1481.45,465423
2021-06-23 09:34:47,1481.35,465471
2021-06-23 09:34:48,1481.35,465493
2021-06-23 09:34:49,1481.35,465579
2021-06-23 09:34:50,1481.35,466129
2021-06-23 09:34:51,1481.5,466673
2021-06-23 09:34:52,1481.45,466774
2021-06-23 09:34:53,1481.25,466775
2021-06-23 09:34:53,1481.35,466776
2021-06-23 09:34:54,1481.25,466795
2021-06-23 09:34:55,1481.35,466809
2021-06-23 09:34:57,1481.15,466988
2021-06-23 09:34:58,1481.15,466996
2021-06-23 09:34:59,1481.2,467100
2021-06-23 09:35:00,1481.2,467100
2021-06-23 09:35:01,1481.1,467207
2021-06-23 09:35:02,1481.1,467210
2021-06-23 09:35:03,1481.1,467211
2021-06-23 09:35:04,1481.1,467217
2021-06-23 09:35:05,1481.05,467360
2021-06-23 09:35:06,1481.0,468034
2021-06-23 09:35:07,1481.1,468039
2021-06-23 09:35:08,1481.05,468114
2021-06-23 09:35:09,1481.05,468116
2021-06-23 09:35:10,1481.05,468116
2021-06-23 09:35:11,1481.0,468170
2021-06-23 09:35:12,1481.05,468172
2021-06-23 09:35:13,1481.05,468197
2021-06-23 09:35:14,1481.05,468263
2021-06-23 09:35:15,1481.0,468347
2021-06-23 09:35:16,1481.1,468358
2021-06-23 09:35:17,1481.0,468368
2021-06-23 09:35:18,1481.1,468391
2021-06-23 09:35:19,1481.1,468391
2021-06-23 09:35:20,1481.05,469527
2021-06-23 09:35:21,1481.1,469528
2021-06-23 09:35:22,1481.0,469553
2021-06-23 09:35:23,1481.0,469792
2021-06-23 09:35:24,1481.0,469797
2021-06-23 09:35:25,1480.85,469827
2021-06-23 09:35:26,1481.0,469828
2021-06-23 09:35:27,1480.9,469838
2021-06-23 09:35:28,1480.9,469854
2021-06-23 09:35:31,1481.0,470221
2021-06-23 09:35:32,1481.05,470222
2021-06-23 09:35:33,1481.05,470302
2021-06-23 09:35:34,1481.4,471553
2021-06-23 09:35:35,1481.95,471648
2021-06-23 09:35:36,1481.45,471678
2021-06-23 09:35:37,1481.85,471694
2021-06-23 09:35:38,1481.85,471694
2021-06-23 09:35:38,1481.85,471694
2021-06-23 09:35:41,1481.5,471850
2021-06-23 09:35:42,1481.6,471851
2021-06-23 09:35:43,1481.55,471950
2021-06-23 09:35:44,1483.1,474019
2021-06-23 09:35:45,1483.05,474020
2021-06-23 09:35:46,1483.05,474020
2021-06-23 09:35:47,1482.95,474021
2021-06-23 09:35:49,1482.45,474163
2021-06-23 09:35:48,1482.95,474022
2021-06-23 09:35:50,1482.85,474202
2021-06-23 09:35:51,1482.9,474479
2021-06-23 09:35:52,1482.85,474534
2021-06-23 09:35:53,1482.9,474544
2021-06-23 09:35:54,1483.1,474833
2021-06-23 09:35:55,1483.1,475129
2021-06-23 09:35:56,1483.35,476603
2021-06-23 09:35:57,1482.8,476705
2021-06-23 09:35:58,1483.35,476706
2021-06-23 09:35:59,1483.35,476712
2021-06-23 09:36:00,1483.35,477318
2021-06-23 09:36:01,1483.5,477344
2021-06-23 09:36:02,1483.5,477365
2021-06-23 09:36:03,1483.5,477374
2021-06-23 09:36:04,1483.5,477374
2021-06-23 09:36:05,1483.45,477399
2021-06-23 09:36:06,1483.5,477400
2021-06-23 09:36:07,1483.45,477526
2021-06-23 09:36:08,1483.5,477536
2021-06-23 09:36:09,1483.5,477537
2021-06-23 09:36:10,1483.5,477555
2021-06-23 09:36:12,1483.45,478152
2021-06-23 09:36:13,1483.35,478326
2021-06-23 09:36:14,1483.2,478377
2021-06-23 09:36:15,1483.2,478377
2021-06-23 09:36:16,1483.0,478475
2021-06-23 09:36:17,1483.0,478526
2021-06-23 09:36:18,1483.25,478543
2021-06-23 09:36:20,1483.25,478544
2021-06-23 09:36:21,1483.0,478579
2021-06-23 09:36:22,1483.0,478623
2021-06-23 09:36:23,1483.25,478624
2021-06-23 09:36:24,1483.0,478710
2021-06-23 09:36:26,1483.25,479837
2021-06-23 09:36:27,1483.25,479837
2021-06-23 09:36:29,1483.25,479864
2021-06-23 09:36:30,1483.25,479995
2021-06-23 09:36:31,1483.25,480005
2021-06-23 09:36:32,1483.25,480044
2021-06-23 09:36:33,1483.25,480044
2021-06-23 09:36:34,1483.0,480144
2021-06-23 09:36:35,1483.05,480145
2021-06-23 09:36:36,1483.05,480307
2021-06-23 09:36:37,1483.25,480507
2021-06-23 09:36:38,1483.2,480519
2021-06-23 09:36:39,1483.25,480569
2021-06-23 09:36:40,1483.2,480694
2021-06-23 09:36:41,1483.5,481197
2021-06-23 09:36:42,1483.5,481197
2021-06-23 09:36:43,1483.2,481198
2021-06-23 09:36:44,1483.2,481199
2021-06-23 09:36:45,1483.2,481199
2021-06-23 09:36:46,1483.2,481224
2021-06-23 09:36:47,1483.2,481226
2021-06-23 09:36:48,1483.1,481312
2021-06-23 09:36:49,1483.1,481312
2021-06-23 09:36:50,1483.6,481719
2021-06-23 09:36:51,1483.15,482127
2021-06-23 09:36:52,1483.55,482144
2021-06-23 09:36:53,1483.55,482146
2021-06-23 09:36:55,1483.55,482219
2021-06-23 09:36:56,1483.55,482221
2021-06-23 09:36:57,1483.55,482226
2021-06-23 09:36:58,1483.55,482227
2021-06-23 09:36:59,1483.25,482229
2021-06-23 09:37:00,1483.25,482273
2021-06-23 09:37:02,1483.55,482296
2021-06-23 09:37:01,1483.55,482296
2021-06-23 09:37:03,1483.25,482319
2021-06-23 09:37:04,1483.55,482323
2021-06-23 09:37:06,1483.55,482350
2021-06-23 09:37:07,1483.55,482351
2021-06-23 09:37:08,1483.55,482358
2021-06-23 09:37:09,1483.25,482360
2021-06-23 09:37:10,1483.55,482361
2021-06-23 09:37:11,1483.25,482366
2021-06-23 09:37:12,1483.25,482391
2021-06-23 09:37:13,1483.25,482402
2021-06-23 09:37:14,1483.3,482409
2021-06-23 09:37:15,1483.3,482409
2021-06-23 09:37:16,1483.55,482442
2021-06-23 09:37:18,1483.3,482551
2021-06-23 09:37:17,1483.3,482451
2021-06-23 09:37:19,1483.55,482567
2021-06-23 09:37:21,1483.55,482599
2021-06-23 09:37:22,1483.3,482644
2021-06-23 09:37:23,1483.3,482644
2021-06-23 09:37:24,1483.55,482645
2021-06-23 09:37:25,1483.55,482846
2021-06-23 09:37:26,1483.55,482847
2021-06-23 09:37:27,1483.55,482864
2021-06-23 09:37:28,1483.3,482931
2021-06-23 09:37:29,1483.55,482940
2021-06-23 09:37:30,1483.55,482941
2021-06-23 09:37:31,1483.5,483044
2021-06-23 09:37:32,1483.55,483174
2021-06-23 09:37:33,1483.5,483302
2021-06-23 09:37:34,1483.55,483403
2021-06-23 09:37:35,1483.5,483443
2021-06-23 09:37:36,1483.55,483479
2021-06-23 09:37:37,1483.55,483479
2021-06-23 09:37:38,1483.55,483524
2021-06-23 09:37:39,1483.55,483532
2021-06-23 09:37:40,1483.55,483532
2021-06-23 09:37:41,1483.55,483534
2021-06-23 09:37:42,1483.5,483645
2021-06-23 09:37:43,1483.55,483646
2021-06-23 09:37:44,1483.55,483646
2021-06-23 09:37:45,1483.55,483715
2021-06-23 09:37:46,1483.55,483765
2021-06-23 09:37:47,1483.55,483765
2021-06-23 09:37:48,1483.55,483766
2021-06-23 09:37:50,1483.55,483827
2021-06-23 09:37:51,1483.55,483828
2021-06-23 09:37:52,1483.5,484051
2021-06-23 09:37:53,1483.55,484072
2021-06-23 09:37:54,1483.55,484143
2021-06-23 09:37:56,1483.55,484293
2021-06-23 09:37:57,1483.5,484406
2021-06-23 09:37:58,1483.55,484435
2021-06-23 09:37:59,1483.55,484534
2021-06-23 09:38:00,1483.55,484613
2021-06-23 09:38:01,1483.55,484774
2021-06-23 09:38:02,1483.55,485028
2021-06-23 09:38:03,1483.55,485044
2021-06-23 09:38:04,1483.55,485096
2021-06-23 09:38:05,1483.5,485149
2021-06-23 09:38:07,1483.55,486015
2021-06-23 09:38:07,1483.65,485700
2021-06-23 09:38:08,1483.55,486054
2021-06-23 09:38:09,1483.55,486059
2021-06-23 09:38:10,1483.55,486164
2021-06-23 09:38:11,1483.55,486242
2021-06-23 09:38:12,1483.55,486357
2021-06-23 09:38:13,1483.55,486672
2021-06-23 09:38:14,1483.55,487139
2021-06-23 09:38:15,1483.55,487139
2021-06-23 09:38:17,1483.75,487490
2021-06-23 09:38:17,1483.65,487568
2021-06-23 09:38:18,1483.75,487690
2021-06-23 09:38:19,1483.75,487770
2021-06-23 09:38:20,1483.75,487789
2021-06-23 09:38:21,1483.65,487953
2021-06-23 09:38:22,1483.6,488134
2021-06-23 09:38:23,1483.7,488144
2021-06-23 09:38:24,1483.7,488300
2021-06-23 09:38:26,1483.7,488457
2021-06-23 09:38:27,1483.7,488458
2021-06-23 09:38:28,1483.55,488656
2021-06-23 09:38:29,1483.55,488687
2021-06-23 09:38:30,1483.55,488689
2021-06-23 09:38:31,1483.55,488803
2021-06-23 09:38:32,1483.55,488829
2021-06-23 09:38:33,1483.55,488856
2021-06-23 09:38:34,1483.55,488866
2021-06-23 09:38:35,1483.55,489067
2021-06-23 09:38:36,1483.55,489219
2021-06-23 09:38:38,1483.35,489411
2021-06-23 09:38:38,1483.35,489411
2021-06-23 09:38:39,1483.3,489898
2021-06-23 09:38:40,1483.55,489899
2021-06-23 09:38:41,1483.3,489936
2021-06-23 09:38:42,1483.25,490143
2021-06-23 09:38:43,1483.0,490429
2021-06-23 09:38:44,1483.1,490431
2021-06-23 09:38:45,1483.1,490431
2021-06-23 09:38:46,1483.1,490432
2021-06-23 09:38:47,1483.0,490505
2021-06-23 09:38:48,1483.1,490558
2021-06-23 09:38:49,1483.1,490732
2021-06-23 09:38:50,1483.1,490732
2021-06-23 09:38:51,1483.0,490743
2021-06-23 09:38:52,1483.1,490874
2021-06-23 09:38:54,1483.1,490917
2021-06-23 09:38:54,1483.1,490917
2021-06-23 09:38:55,1483.3,491471
2021-06-23 09:38:57,1483.1,491793
2021-06-23 09:38:58,1483.3,491794
2021-06-23 09:38:59,1483.3,491794
2021-06-23 09:39:00,1483.6,492576
2021-06-23 09:39:01,1483.9,492853
2021-06-23 09:39:03,1483.9,492854
2021-06-23 09:39:03,1483.9,492854
2021-06-23 09:39:04,1483.9,492854
2021-06-23 09:39:05,1483.75,492855
2021-06-23 09:39:06,1483.75,492856
2021-06-23 09:39:07,1483.6,493007
2021-06-23 09:39:08,1483.75,493008
2021-06-23 09:39:09,1483.75,493208
2021-06-23 09:39:10,1483.6,493765
2021-06-23 09:39:11,1484.1,495068
2021-06-23 09:39:12,1484.1,495362
2021-06-23 09:39:13,1484.1,495373
2021-06-23 09:39:15,1484.0,495399
2021-06-23 09:39:15,1484.0,495399
2021-06-23 09:39:16,1484.0,495400
2021-06-23 09:39:17,1484.0,495401
2021-06-23 09:39:18,1484.1,495652
2021-06-23 09:39:19,1484.1,495672
2021-06-23 09:39:20,1484.1,495701
2021-06-23 09:39:21,1484.35,495927
2021-06-23 09:39:22,1484.35,495980
2021-06-23 09:39:23,1484.45,496010
2021-06-23 09:39:25,1484.45,496111
2021-06-23 09:39:25,1484.45,496111
2021-06-23 09:39:26,1484.5,496266
2021-06-23 09:39:27,1484.45,496267
2021-06-23 09:39:28,1484.5,496542
2021-06-23 09:39:29,1484.45,496543
2021-06-23 09:39:30,1484.5,496564
2021-06-23 09:39:31,1484.5,496616
2021-06-23 09:39:32,1484.5,496618
2021-06-23 09:39:33,1484.5,496618
2021-06-23 09:39:34,1484.5,496620
2021-06-23 09:39:35,1484.5,496621
2021-06-23 09:39:37,1484.45,496652
2021-06-23 09:39:37,1484.45,496652
2021-06-23 09:39:38,1484.3,496752
2021-06-23 09:39:39,1484.3,496759
2021-06-23 09:39:40,1484.45,496879
2021-06-23 09:39:41,1484.4,497152
2021-06-23 09:39:42,1484.4,497182
2021-06-23 09:39:43,1484.4,497217
2021-06-23 09:39:44,1484.45,498600
2021-06-23 09:39:45,1484.7,498602
2021-06-23 09:39:47,1484.65,498760
2021-06-23 09:39:48,1484.7,498833
2021-06-23 09:39:48,1484.65,498915
2021-06-23 09:39:49,1484.65,499091
2021-06-23 09:39:50,1484.95,499161
2021-06-23 09:39:51,1485.0,499423
2021-06-23 09:39:52,1485.0,499424
2021-06-23 09:39:53,1484.65,499457
2021-06-23 09:39:54,1484.75,499821
2021-06-23 09:39:55,1484.8,499876
2021-06-23 09:39:56,1484.7,499878
2021-06-23 09:39:57,1484.7,500085
2021-06-23 09:39:58,1484.75,500087
2021-06-23 09:39:59,1484.7,500279
2021-06-23 09:40:00,1484.7,500279
2021-06-23 09:40:01,1484.75,500356
2021-06-23 09:40:02,1484.7,500722
2021-06-23 09:40:04,1484.7,500723
2021-06-23 09:40:05,1484.7,501823
2021-06-23 09:40:05,1484.7,502158
2021-06-23 09:40:06,1484.65,502714
2021-06-23 09:40:07,1484.65,502714
2021-06-23 09:40:08,1484.8,502825
2021-06-23 09:40:09,1484.8,502826
2021-06-23 09:40:11,1484.75,502836
2021-06-23 09:40:12,1484.8,503054
2021-06-23 09:40:13,1484.8,503598
2021-06-23 09:40:13,1484.75,503452
2021-06-23 09:40:14,1484.8,503620
2021-06-23 09:40:15,1484.8,503699
2021-06-23 09:40:16,1484.75,503758
2021-06-23 09:40:17,1484.6,504373
2021-06-23 09:40:18,1484.3,504426
2021-06-23 09:40:19,1484.6,504448
2021-06-23 09:40:20,1484.4,504468
2021-06-23 09:40:21,1484.6,504620
2021-06-23 09:40:22,1484.6,504662
2021-06-23 09:40:24,1484.6,504672
2021-06-23 09:40:25,1484.6,504904
2021-06-23 09:40:27,1484.6,505258
2021-06-23 09:40:28,1484.8,505279
2021-06-23 09:40:29,1484.8,505279
2021-06-23 09:40:30,1484.8,505281
2021-06-23 09:40:31,1484.6,505287
2021-06-23 09:40:32,1484.6,505473
2021-06-23 09:40:33,1484.6,505974
2021-06-23 09:40:34,1484.8,505996
2021-06-23 09:40:36,1484.8,506026
2021-06-23 09:40:37,1484.8,506027
2021-06-23 09:40:38,1484.8,506180
2021-06-23 09:40:39,1484.8,506230
2021-06-23 09:40:40,1484.8,506233
2021-06-23 09:40:41,1484.8,506234
2021-06-23 09:40:42,1484.6,506259
2021-06-23 09:40:43,1484.6,506259
2021-06-23 09:40:43,1484.6,506259
2021-06-23 09:40:44,1484.45,506610
2021-06-23 09:40:45,1484.4,506738
2021-06-23 09:40:46,1484.75,506788
2021-06-23 09:40:47,1484.45,506911
2021-06-23 09:40:48,1484.75,507512
2021-06-23 09:40:49,1484.8,507516
2021-06-23 09:40:50,1484.9,507527
2021-06-23 09:40:51,1484.9,507597
2021-06-23 09:40:52,1484.8,507799
2021-06-23 09:40:53,1484.9,507801
2021-06-23 09:40:54,1484.9,507822
2021-06-23 09:40:55,1484.95,508284
2021-06-23 09:40:56,1484.9,508380
2021-06-23 09:40:58,1484.9,508390
2021-06-23 09:40:59,1484.9,508584
2021-06-23 09:41:00,1485.0,508907
2021-06-23 09:41:00,1485.0,508907
2021-06-23 09:41:01,1485.0,508908
2021-06-23 09:41:02,1485.0,508909
2021-06-23 09:41:03,1485.0,508909
2021-06-23 09:41:04,1485.0,509003
2021-06-23 09:41:05,1484.95,509007
2021-06-23 09:41:06,1484.95,509185
2021-06-23 09:41:07,1484.95,509186
2021-06-23 09:41:08,1484.95,509306
2021-06-23 09:41:10,1485.0,509666
2021-06-23 09:41:11,1484.95,509668
2021-06-23 09:41:12,1484.95,509689
2021-06-23 09:41:12,1484.95,509789
2021-06-23 09:41:13,1484.95,509790
2021-06-23 09:41:14,1484.95,509995
2021-06-23 09:41:16,1484.95,510108
2021-06-23 09:41:17,1485.0,510770
2021-06-23 09:41:18,1484.95,510771
2021-06-23 09:41:18,1484.95,510771
2021-06-23 09:41:19,1485.0,510797
2021-06-23 09:41:20,1485.95,514917
2021-06-23 09:41:21,1486.0,515173
2021-06-23 09:41:22,1485.0,515278
2021-06-23 09:41:23,1485.75,516140
2021-06-23 09:41:26,1485.75,516144
2021-06-23 09:41:27,1485.35,516177
2021-06-23 09:41:28,1485.75,516191
2021-06-23 09:41:28,1485.75,516191
2021-06-23 09:41:30,1485.75,516897
2021-06-23 09:41:31,1485.75,516897
2021-06-23 09:41:32,1485.75,517089
2021-06-23 09:41:34,1485.95,519905
2021-06-23 09:41:35,1486.0,520236
2021-06-23 09:41:37,1485.95,520405
2021-06-23 09:41:38,1486.0,520660
2021-06-23 09:41:40,1486.0,520671
2021-06-23 09:41:41,1485.95,520771
2021-06-23 09:41:42,1485.95,520798
2021-06-23 09:41:43,1485.95,521399
2021-06-23 09:41:43,1485.95,521399
2021-06-23 09:41:44,1486.0,521409
2021-06-23 09:41:45,1486.0,521553
2021-06-23 09:41:46,1486.0,521584
2021-06-23 09:41:47,1486.0,521775
2021-06-23 09:41:48,1486.0,522276
2021-06-23 09:41:49,1486.0,522312
2021-06-23 09:41:51,1486.0,522931
2021-06-23 09:41:52,1486.25,523765
2021-06-23 09:41:54,1486.25,523903
2021-06-23 09:41:55,1485.95,524114
2021-06-23 09:41:56,1485.95,524117
2021-06-23 09:41:57,1485.95,524218
2021-06-23 09:41:57,1485.95,524218
2021-06-23 09:41:58,1485.95,524220
2021-06-23 09:41:59,1485.95,524223
2021-06-23 09:42:00,1485.95,524254
2021-06-23 09:42:01,1486.25,524354
2021-06-23 09:42:02,1485.95,524389
2021-06-23 09:42:03,1485.95,524414
2021-06-23 09:42:04,1486.25,524591
2021-06-23 09:42:05,1486.25,524663
2021-06-23 09:42:07,1485.95,525426
2021-06-23 09:42:09,1486.0,525498
2021-06-23 09:42:10,1486.0,525498
2021-06-23 09:42:11,1486.0,525600
2021-06-23 09:42:12,1486.0,525645
2021-06-23 09:42:13,1486.0,525767
2021-06-23 09:42:14,1486.0,525768
2021-06-23 09:42:15,1486.0,525776
2021-06-23 09:42:16,1486.0,525894
2021-06-23 09:42:17,1486.0,525996
2021-06-23 09:42:17,1486.0,526196
2021-06-23 09:42:18,1485.9,526833
2021-06-23 09:42:19,1485.9,526952
2021-06-23 09:42:20,1486.0,526956
2021-06-23 09:42:21,1486.0,527208
2021-06-23 09:42:23,1486.2,527624
2021-06-23 09:42:25,1486.2,527631
2021-06-23 09:42:26,1485.9,527872
2021-06-23 09:42:27,1485.9,527872
2021-06-23 09:42:28,1486.0,527873
2021-06-23 09:42:29,1486.0,527926
2021-06-23 09:42:29,1486.0,527928
2021-06-23 09:42:30,1486.0,528043
2021-06-23 09:42:31,1485.9,528094
2021-06-23 09:42:32,1485.9,528368
2021-06-23 09:42:33,1485.8,528873
2021-06-23 09:42:34,1486.0,528874
2021-06-23 09:42:35,1486.0,528882
2021-06-23 09:42:37,1486.0,528907
2021-06-23 09:42:38,1486.0,528912
2021-06-23 09:42:39,1485.9,528921
2021-06-23 09:42:40,1485.9,528924
2021-06-23 09:42:43,1486.0,529034
2021-06-23 09:42:45,1486.0,529037
2021-06-23 09:42:47,1486.0,529043
2021-06-23 09:42:48,1485.9,529046
2021-06-23 09:42:49,1485.9,529126
2021-06-23 09:42:49,1485.9,529126
2021-06-23 09:42:51,1486.0,529138
2021-06-23 09:42:52,1485.95,529168
2021-06-23 09:42:53,1485.95,529174
2021-06-23 09:42:54,1486.0,529380
2021-06-23 09:42:55,1486.0,530316
2021-06-23 09:42:57,1486.0,530317
2021-06-23 09:42:58,1486.0,530318
2021-06-23 09:42:59,1486.0,530318
2021-06-23 09:43:00,1486.0,530442
2021-06-23 09:43:01,1486.0,530755
2021-06-23 09:43:03,1486.0,530879
2021-06-23 09:43:05,1486.0,531534
2021-06-23 09:43:06,1485.95,531552
2021-06-23 09:43:07,1485.95,531553
2021-06-23 09:43:08,1485.95,531554
2021-06-23 09:43:09,1485.85,532093
2021-06-23 09:43:09,1485.9,531754
2021-06-23 09:43:10,1485.95,532094
2021-06-23 09:43:11,1485.9,532105
2021-06-23 09:43:12,1485.9,532279
2021-06-23 09:43:13,1485.9,534281
2021-06-23 09:43:14,1485.9,534294
2021-06-23 09:43:15,1485.85,534517
2021-06-23 09:43:16,1485.9,534518
2021-06-23 09:43:18,1485.9,534519
2021-06-23 09:43:19,1485.9,534520
2021-06-23 09:43:20,1485.9,534581
2021-06-23 09:43:21,1485.9,534581
2021-06-23 09:43:22,1485.9,535030
2021-06-23 09:43:22,1485.9,535030
2021-06-23 09:43:23,1485.9,535068
2021-06-23 09:43:25,1485.9,535118
2021-06-23 09:43:26,1485.9,535166
2021-06-23 09:43:27,1485.9,535170
2021-06-23 09:43:28,1485.9,535256
2021-06-23 09:43:28,1485.9,535170
2021-06-23 09:43:29,1485.85,535864
2021-06-23 09:43:31,1485.9,535997
2021-06-23 09:43:33,1485.85,536016
2021-06-23 09:43:34,1485.9,536018
2021-06-23 09:43:35,1485.85,536020
2021-06-23 09:43:36,1485.9,536173
2021-06-23 09:43:37,1485.9,536326
2021-06-23 09:43:37,1485.9,536326
2021-06-23 09:43:38,1485.85,536328
2021-06-23 09:43:39,1485.9,536457
2021-06-23 09:43:40,1485.9,536457
2021-06-23 09:43:41,1485.9,536458
2021-06-23 09:43:42,1485.85,536482
2021-06-23 09:43:43,1485.9,536485
2021-06-23 09:43:44,1485.9,536486
2021-06-23 09:43:45,1485.9,536487
2021-06-23 09:43:47,1485.9,536487
2021-06-23 09:43:48,1485.9,536512
2021-06-23 09:43:49,1485.85,536779
2021-06-23 09:43:50,1485.9,536852
2021-06-23 09:43:51,1485.9,536859
2021-06-23 09:43:52,1485.85,536884
2021-06-23 09:43:53,1485.9,536885
2021-06-23 09:43:53,1485.9,536885
2021-06-23 09:43:54,1485.9,536886
2021-06-23 09:43:55,1485.9,536912
2021-06-23 09:43:57,1485.9,536940
2021-06-23 09:43:58,1485.9,536971
2021-06-23 09:43:59,1485.9,536972
2021-06-23 09:43:59,1485.9,536972
2021-06-23 09:44:00,1485.9,536986
2021-06-23 09:44:01,1485.9,537139
2021-06-23 09:44:02,1485.9,539259
2021-06-23 09:44:03,1485.7,539800
2021-06-23 09:44:04,1485.9,539801
2021-06-23 09:44:06,1485.9,539915
2021-06-23 09:44:07,1485.7,539970
2021-06-23 09:44:08,1485.9,539976
2021-06-23 09:44:09,1485.7,540116
2021-06-23 09:44:10,1485.9,540139
2021-06-23 09:44:11,1485.9,540139
2021-06-23 09:44:12,1485.7,540175
2021-06-23 09:44:13,1485.9,540184
2021-06-23 09:44:14,1485.7,540234
2021-06-23 09:44:15,1485.85,540242
2021-06-23 09:44:16,1485.85,540242
2021-06-23 09:44:16,1485.85,540308
2021-06-23 09:44:17,1485.7,540311
2021-06-23 09:44:18,1485.75,540322
2021-06-23 09:44:19,1485.85,540327
2021-06-23 09:44:22,1485.8,540451
2021-06-23 09:44:23,1485.8,540476
2021-06-23 09:44:24,1485.8,540476
2021-06-23 09:44:25,1485.55,540916
2021-06-23 09:44:26,1485.55,540916
2021-06-23 09:44:27,1485.7,540917
2021-06-23 09:44:28,1485.5,540980
2021-06-23 09:44:29,1485.7,540981
2021-06-23 09:44:30,1485.5,541037
2021-06-23 09:44:31,1485.7,541190
2021-06-23 09:44:32,1485.5,541215
2021-06-23 09:44:33,1485.7,541216
2021-06-23 09:44:34,1485.5,541353
2021-06-23 09:44:35,1485.65,541354
2021-06-23 09:44:36,1485.65,541354
2021-06-23 09:44:36,1485.65,541354
2021-06-23 09:44:38,1485.0,543358
2021-06-23 09:44:39,1485.3,549607
2021-06-23 09:44:40,1485.45,550596
2021-06-23 09:44:41,1485.45,550597
2021-06-23 09:44:42,1485.65,550613
2021-06-23 09:44:43,1485.5,551319
2021-06-23 09:44:44,1485.5,551320
2021-06-23 09:44:45,1485.5,551561
2021-06-23 09:44:46,1485.5,551714
2021-06-23 09:44:46,1485.5,551714
2021-06-23 09:44:47,1485.5,551715
2021-06-23 09:44:49,1485.5,551716
2021-06-23 09:44:50,1485.5,553063
2021-06-23 09:44:51,1485.5,553291
2021-06-23 09:44:52,1485.5,553292
2021-06-23 09:44:53,1485.4,553311
2021-06-23 09:44:54,1485.4,553440
2021-06-23 09:44:55,1485.4,553515
2021-06-23 09:44:56,1485.4,553541
2021-06-23 09:44:57,1485.4,553577
2021-06-23 09:44:58,1485.4,553603
2021-06-23 09:44:59,1485.4,553604
2021-06-23 09:45:00,1485.4,553662
2021-06-23 09:45:01,1485.4,553682
2021-06-23 09:45:01,1485.15,553712
2021-06-23 09:45:03,1485.15,553735
2021-06-23 09:45:04,1485.15,553846
2021-06-23 09:45:06,1485.15,553897
2021-06-23 09:45:07,1485.4,553909
2021-06-23 09:45:09,1485.15,554124
2021-06-23 09:45:10,1485.15,554156
2021-06-23 09:45:11,1485.15,554283
2021-06-23 09:45:12,1485.05,554757
2021-06-23 09:45:13,1485.05,554782
2021-06-23 09:45:14,1484.75,555357
2021-06-23 09:45:15,1484.95,555508
2021-06-23 09:45:16,1484.55,555512
2021-06-23 09:45:16,1484.15,555553
2021-06-23 09:45:17,1484.1,555564
2021-06-23 09:45:19,1484.1,555566
2021-06-23 09:45:20,1484.1,555739
2021-06-23 09:45:21,1484.1,555789
2021-06-23 09:45:22,1484.1,555820
2021-06-23 09:45:24,1484.5,555914
2021-06-23 09:45:25,1484.1,555939
2021-06-23 09:45:26,1484.55,556886
2021-06-23 09:45:28,1484.95,556911
2021-06-23 09:45:29,1484.65,556961
2021-06-23 09:45:30,1484.65,556967
2021-06-23 09:45:31,1484.9,556971
2021-06-23 09:45:32,1484.9,556971
2021-06-23 09:45:33,1484.65,557241
2021-06-23 09:45:34,1484.65,557241
2021-06-23 09:45:35,1484.65,557243
2021-06-23 09:45:36,1484.65,557293
2021-06-23 09:45:37,1484.65,557293
2021-06-23 09:45:38,1484.65,557293
2021-06-23 09:45:39,1484.65,557293
2021-06-23 09:45:40,1484.4,557674
2021-06-23 09:45:41,1484.4,557674
2021-06-23 09:45:42,1484.25,557721
2021-06-23 09:45:43,1484.25,557721
2021-06-23 09:45:44,1484.25,560818
2021-06-23 09:45:45,1484.25,560818
2021-06-23 09:45:46,1484.25,561273
2021-06-23 09:45:47,1484.45,561298
2021-06-23 09:45:48,1484.4,561435
2021-06-23 09:45:49,1484.0,561935
2021-06-23 09:45:50,1483.75,561985
2021-06-23 09:45:51,1484.25,562213
2021-06-23 09:45:52,1484.2,562467
2021-06-23 09:45:53,1484.25,562468
2021-06-23 09:45:54,1484.25,562519
2021-06-23 09:45:55,1484.25,562519
2021-06-23 09:45:56,1484.2,562678
2021-06-23 09:45:57,1484.2,562678
2021-06-23 09:45:58,1484.2,563321
2021-06-23 09:45:59,1484.2,563321
2021-06-23 09:46:00,1484.2,563323
2021-06-23 09:46:01,1484.2,563474
2021-06-23 09:46:02,1484.05,563495
2021-06-23 09:46:03,1484.0,564001
2021-06-23 09:46:03,1484.0,564667
2021-06-23 09:46:04,1484.0,564786
2021-06-23 09:46:06,1483.65,564811
2021-06-23 09:46:06,1484.0,564886
2021-06-23 09:46:07,1484.0,564887
2021-06-23 09:46:09,1483.65,564916
2021-06-23 09:46:09,1483.65,564916
2021-06-23 09:46:10,1483.65,564916
2021-06-23 09:46:11,1483.65,564916
2021-06-23 09:46:12,1483.9,564921
2021-06-23 09:46:13,1483.9,564921
2021-06-23 09:46:14,1483.75,564953
2021-06-23 09:46:19,1483.9,565380
2021-06-23 09:46:20,1483.9,565405
2021-06-23 09:46:21,1483.9,565405
2021-06-23 09:46:22,1483.9,565556
2021-06-23 09:46:23,1483.45,566987
2021-06-23 09:46:24,1483.9,567353
2021-06-23 09:46:25,1483.9,567513
2021-06-23 09:46:26,1483.9,567528
2021-06-23 09:46:27,1483.9,567528
2021-06-23 09:46:28,1483.75,567763
2021-06-23 09:46:29,1483.45,567789
2021-06-23 09:46:30,1483.95,568889
2021-06-23 09:46:31,1483.95,568892
2021-06-23 09:46:32,1483.9,569147
2021-06-23 09:46:33,1483.9,569147
2021-06-23 09:46:34,1484.0,569167
2021-06-23 09:46:35,1484.0,569760
2021-06-23 09:46:36,1484.0,569853
2021-06-23 09:46:37,1484.0,569853
2021-06-23 09:46:38,1484.0,569870
2021-06-23 09:46:39,1483.8,569911
2021-06-23 09:46:40,1484.0,570496
2021-06-23 09:46:41,1484.0,570541
2021-06-23 09:46:42,1483.75,570826
2021-06-23 09:46:43,1484.0,570877
2021-06-23 09:46:44,1483.75,570893
2021-06-23 09:46:46,1484.0,570894
2021-06-23 09:46:47,1484.0,570894
2021-06-23 09:46:48,1483.75,571264
2021-06-23 09:46:49,1483.7,571295
2021-06-23 09:46:50,1483.7,571295
2021-06-23 09:46:51,1483.7,571306
2021-06-23 09:46:52,1483.7,571306
2021-06-23 09:46:53,1483.7,571306
2021-06-23 09:46:54,1483.45,571310
2021-06-23 09:46:55,1483.7,571311
2021-06-23 09:46:56,1483.7,571411
2021-06-23 09:46:57,1483.7,571419
2021-06-23 09:46:58,1483.7,571453
2021-06-23 09:46:59,1483.45,571670
2021-06-23 09:47:00,1483.45,571831
2021-06-23 09:47:01,1483.4,572699
2021-06-23 09:47:02,1483.0,573264
2021-06-23 09:47:03,1482.1,576305
2021-06-23 09:47:04,1483.3,576805
2021-06-23 09:47:05,1482.85,576880
2021-06-23 09:47:06,1482.85,576880
2021-06-23 09:47:07,1482.85,576880
2021-06-23 09:47:08,1483.05,576887
2021-06-23 09:47:09,1483.3,577178
2021-06-23 09:47:10,1483.1,577359
2021-06-23 09:47:11,1483.35,577439
2021-06-23 09:47:12,1483.35,577439
2021-06-23 09:47:13,1483.0,577939
2021-06-23 09:47:14,1483.35,577944
2021-06-23 09:47:16,1483.4,578301
2021-06-23 09:47:18,1483.0,578801
2021-06-23 09:47:20,1483.0,578982
2021-06-23 09:47:21,1483.0,578982
2021-06-23 09:47:22,1483.0,578982
2021-06-23 09:47:23,1483.4,579033
2021-06-23 09:47:24,1483.4,579058
2021-06-23 09:47:25,1483.4,579070
2021-06-23 09:47:27,1483.05,579116
2021-06-23 09:47:26,1483.05,579116
2021-06-23 09:47:28,1483.0,579298
2021-06-23 09:47:29,1483.0,579325
2021-06-23 09:47:30,1483.4,579452
2021-06-23 09:47:31,1483.0,579589
2021-06-23 09:47:32,1483.3,580089
2021-06-23 09:47:33,1482.9,580090
2021-06-23 09:47:35,1483.0,580155
2021-06-23 09:47:34,1483.0,580135
2021-06-23 09:47:36,1482.9,580301
2021-06-23 09:47:38,1483.05,580389
2021-06-23 09:47:37,1482.9,580301
2021-06-23 09:47:39,1482.9,580455
2021-06-23 09:47:40,1483.0,580661
2021-06-23 09:47:41,1483.0,580661
2021-06-23 09:47:43,1482.9,580724
2021-06-23 09:47:44,1482.9,580724
2021-06-23 09:47:45,1482.85,580832
2021-06-23 09:47:46,1482.85,580882
2021-06-23 09:47:48,1482.85,580906
2021-06-23 09:47:49,1482.7,580929
2021-06-23 09:47:50,1482.7,581073
2021-06-23 09:47:51,1482.7,581073
2021-06-23 09:47:52,1482.7,581149
2021-06-23 09:47:53,1482.7,581149
2021-06-23 09:47:54,1482.85,581354
2021-06-23 09:47:57,1482.7,581441
2021-06-23 09:47:58,1482.7,581441
2021-06-23 09:47:59,1482.85,581610
2021-06-23 09:48:00,1482.6,582138
2021-06-23 09:48:01,1482.6,582183
2021-06-23 09:48:02,1482.5,582224
2021-06-23 09:48:03,1482.5,582569
2021-06-23 09:48:04,1482.5,582706
2021-06-23 09:48:05,1482.5,582706
2021-06-23 09:48:06,1482.5,583183
2021-06-23 09:48:07,1482.35,583196
2021-06-23 09:48:09,1482.5,583197
2021-06-23 09:48:08,1482.5,583197
2021-06-23 09:48:10,1482.5,583207
2021-06-23 09:48:11,1482.5,583207
2021-06-23 09:48:12,1482.5,583207
2021-06-23 09:48:13,1482.5,585444
2021-06-23 09:48:14,1482.5,585444
2021-06-23 09:48:15,1482.5,585447
2021-06-23 09:48:16,1482.45,585456
2021-06-23 09:48:17,1482.45,585456
2021-06-23 09:48:18,1482.5,585523
2021-06-23 09:48:19,1482.45,586031
2021-06-23 09:48:20,1482.5,586115
2021-06-23 09:48:21,1482.5,586126
2021-06-23 09:48:22,1482.5,586126
2021-06-23 09:48:23,1482.5,586315
2021-06-23 09:48:24,1483.45,589446
2021-06-23 09:48:25,1483.2,590316
2021-06-23 09:48:26,1483.95,590838
2021-06-23 09:48:27,1483.8,590862
2021-06-23 09:48:28,1483.95,590997
2021-06-23 09:48:29,1483.95,590997
2021-06-23 09:48:30,1483.75,591440
2021-06-23 09:48:31,1483.75,591440
2021-06-23 09:48:32,1483.75,591440
2021-06-23 09:48:33,1483.55,591478
2021-06-23 09:48:34,1483.75,591480
2021-06-23 09:48:35,1483.75,591481
2021-06-23 09:48:36,1483.55,591501
2021-06-23 09:48:37,1483.55,591501
2021-06-23 09:48:38,1483.55,591516
2021-06-23 09:48:39,1483.9,591521
2021-06-23 09:48:40,1483.9,591547
2021-06-23 09:48:41,1483.85,591554
2021-06-23 09:48:42,1483.85,591554
2021-06-23 09:48:43,1483.85,591554
2021-06-23 09:48:44,1483.85,591555
2021-06-23 09:48:45,1483.85,591555
2021-06-23 09:48:46,1483.55,591574
2021-06-23 09:48:47,1483.25,592088
2021-06-23 09:48:48,1483.25,592088
2021-06-23 09:48:49,1483.25,592088
2021-06-23 09:48:50,1483.25,592210
2021-06-23 09:48:51,1483.35,592272
2021-06-23 09:48:52,1483.3,592302
2021-06-23 09:48:53,1483.3,592302
2021-06-23 09:48:54,1483.3,592352
2021-06-23 09:48:55,1482.65,592847
2021-06-23 09:48:56,1482.7,592866
2021-06-23 09:48:57,1483.3,593166
2021-06-23 09:48:58,1483.55,593282
2021-06-23 09:48:59,1483.55,593282
2021-06-23 09:49:00,1483.3,593312
2021-06-23 09:49:01,1483.3,593312
2021-06-23 09:49:02,1483.0,593812
2021-06-23 09:49:03,1483.6,593813
2021-06-23 09:49:04,1483.6,593893
2021-06-23 09:49:05,1483.6,593893
2021-06-23 09:49:06,1483.05,593910
2021-06-23 09:49:07,1483.05,593910
2021-06-23 09:49:08,1483.05,593910
2021-06-23 09:49:09,1483.6,594010
2021-06-23 09:49:10,1483.6,594011
2021-06-23 09:49:11,1483.2,594267
2021-06-23 09:49:12,1483.2,594284
2021-06-23 09:49:13,1482.5,600284
2021-06-23 09:49:14,1483.4,600534
2021-06-23 09:49:15,1483.2,600699
2021-06-23 09:49:16,1483.85,600867
2021-06-23 09:49:17,1483.6,601127
2021-06-23 09:49:18,1483.8,601129
2021-06-23 09:49:19,1483.6,601304
2021-06-23 09:49:20,1483.8,601306
2021-06-23 09:49:21,1483.6,601372
2021-06-23 09:49:22,1483.6,601372
2021-06-23 09:49:23,1483.6,601795
2021-06-23 09:49:24,1483.6,601795
2021-06-23 09:49:26,1483.0,601825
2021-06-23 09:49:25,1483.55,601806
2021-06-23 09:49:27,1483.0,601825
2021-06-23 09:49:28,1483.0,601832
2021-06-23 09:49:29,1483.25,602103
2021-06-23 09:49:30,1483.25,602103
2021-06-23 09:49:31,1483.25,602103
2021-06-23 09:49:32,1483.25,602103
2021-06-23 09:49:33,1483.2,602333
2021-06-23 09:49:34,1483.2,602345
2021-06-23 09:49:35,1483.15,602346
2021-06-23 09:49:36,1483.6,602462
2021-06-23 09:49:37,1483.65,602508
2021-06-23 09:49:38,1483.6,602590
2021-06-23 09:49:39,1483.2,602600
2021-06-23 09:49:40,1483.65,602601
2021-06-23 09:49:41,1483.65,602601
2021-06-23 09:49:42,1483.65,602603
2021-06-23 09:49:43,1483.65,602603
2021-06-23 09:49:44,1483.65,602603
2021-06-23 09:49:45,1483.25,602621
2021-06-23 09:49:46,1483.6,603944
2021-06-23 09:49:47,1483.75,604216
2021-06-23 09:49:48,1484.0,604575
2021-06-23 09:49:49,1484.0,604575
2021-06-23 09:49:50,1484.0,604640
2021-06-23 09:49:51,1483.55,604703
2021-06-23 09:49:52,1483.55,604703
2021-06-23 09:49:53,1483.55,604703
2021-06-23 09:49:54,1483.55,604703
2021-06-23 09:49:55,1484.0,604704
2021-06-23 09:49:56,1483.65,604808
2021-06-23 09:49:57,1484.0,604852
2021-06-23 09:49:58,1484.0,604856
2021-06-23 09:49:59,1484.0,604857
2021-06-23 09:50:00,1483.95,604890
2021-06-23 09:50:01,1483.55,604891
2021-06-23 09:50:02,1483.55,604906
2021-06-23 09:50:03,1483.55,604946
2021-06-23 09:50:04,1483.55,604946
2021-06-23 09:50:05,1483.85,604948
2021-06-23 09:50:06,1483.55,605510
2021-06-23 09:50:07,1483.55,605510
2021-06-23 09:50:08,1483.55,605510
2021-06-23 09:50:10,1483.55,605510
2021-06-23 09:50:10,1483.55,605511
2021-06-23 09:50:11,1483.4,605530
2021-06-23 09:50:12,1483.55,605535
2021-06-23 09:50:13,1483.45,605737
2021-06-23 09:50:14,1483.45,605737
2021-06-23 09:50:15,1483.4,605958
2021-06-23 09:50:16,1483.35,606206
2021-06-23 09:50:19,1483.35,606206
2021-06-23 09:50:19,1483.35,606206
2021-06-23 09:50:20,1483.35,606206
2021-06-23 09:50:21,1483.15,607208
2021-06-23 09:50:22,1483.15,607208
2021-06-23 09:50:23,1483.1,607211
2021-06-23 09:50:24,1483.3,607263
2021-06-23 09:50:25,1483.3,607328
2021-06-23 09:50:26,1483.05,607357
2021-06-23 09:50:27,1483.05,607357
2021-06-23 09:50:28,1483.05,607357
2021-06-23 09:50:29,1483.5,608267
2021-06-23 09:50:30,1483.5,608267
2021-06-23 09:50:31,1483.3,608272
2021-06-23 09:50:32,1483.3,608483
2021-06-23 09:50:33,1483.1,608615
2021-06-23 09:50:34,1483.1,608794
2021-06-23 09:50:35,1483.05,608912
2021-06-23 09:50:36,1483.1,609039
2021-06-23 09:50:37,1483.1,609039
2021-06-23 09:50:38,1483.1,609046
2021-06-23 09:50:39,1483.1,609046
2021-06-23 09:50:40,1483.1,609122
2021-06-23 09:50:41,1483.1,609122
2021-06-23 09:50:42,1483.1,609323
2021-06-23 09:50:43,1483.1,609323
2021-06-23 09:50:44,1483.0,609331
2021-06-23 09:50:45,1483.1,609338
2021-06-23 09:50:46,1483.1,609396
2021-06-23 09:50:48,1483.05,609463
2021-06-23 09:50:48,1483.05,609463
2021-06-23 09:50:49,1483.05,609622
2021-06-23 09:50:51,1483.0,609682
2021-06-23 09:50:52,1483.05,609882
2021-06-23 09:50:53,1483.05,609882
2021-06-23 09:50:54,1483.05,609882
2021-06-23 09:50:55,1483.05,609882
2021-06-23 09:50:56,1483.05,609902
2021-06-23 09:50:58,1482.9,609919
2021-06-23 09:50:59,1483.05,609920
2021-06-23 09:51:00,1483.05,609921
2021-06-23 09:51:01,1483.0,609971
2021-06-23 09:51:03,1483.05,610078
2021-06-23 09:51:04,1483.05,610083
2021-06-23 09:51:05,1483.3,610761
2021-06-23 09:51:06,1483.05,610863
2021-06-23 09:51:06,1483.05,610863
2021-06-23 09:51:07,1483.05,610976
2021-06-23 09:51:08,1483.05,610976
2021-06-23 09:51:09,1483.05,610976
2021-06-23 09:51:11,1483.05,610976
2021-06-23 09:51:12,1483.05,610976
2021-06-23 09:51:12,1483.05,610976
2021-06-23 09:51:13,1483.05,610976
2021-06-23 09:51:15,1483.05,610976
2021-06-23 09:51:16,1483.1,611084
2021-06-23 09:51:18,1483.3,611111
2021-06-23 09:51:19,1483.3,611121
2021-06-23 09:51:19,1483.3,611121
2021-06-23 09:51:20,1483.3,611121
2021-06-23 09:51:21,1483.6,611838
2021-06-23 09:51:22,1483.15,611898
2021-06-23 09:51:23,1483.3,611899
2021-06-23 09:51:24,1483.0,615174
2021-06-23 09:51:25,1483.0,615615
2021-06-23 09:51:26,1483.0,615643
2021-06-23 09:51:27,1483.0,615675
2021-06-23 09:51:28,1483.0,615676
2021-06-23 09:51:29,1483.0,615682
2021-06-23 09:51:30,1482.95,615737
2021-06-23 09:51:31,1482.95,615787
2021-06-23 09:51:32,1482.95,616032
2021-06-23 09:51:34,1483.0,616053
2021-06-23 09:51:35,1482.95,616055
2021-06-23 09:51:36,1482.95,616075
2021-06-23 09:51:36,1482.95,616075
2021-06-23 09:51:37,1482.95,616075
2021-06-23 09:51:38,1483.0,616230
2021-06-23 09:51:39,1483.0,616265
2021-06-23 09:51:40,1482.95,616376
2021-06-23 09:51:41,1482.95,616412
2021-06-23 09:51:42,1482.9,616478
2021-06-23 09:51:44,1483.0,616480
2021-06-23 09:51:45,1482.95,616483
2021-06-23 09:51:46,1483.0,616486
2021-06-23 09:51:46,1483.0,616655
2021-06-23 09:51:47,1483.0,616655
2021-06-23 09:51:48,1483.0,616715
2021-06-23 09:51:49,1482.95,616716
2021-06-23 09:51:50,1483.0,616736
2021-06-23 09:51:51,1483.0,616751
2021-06-23 09:51:52,1483.0,616751
2021-06-23 09:51:53,1483.0,616752
2021-06-23 09:51:54,1483.0,616762
2021-06-23 09:51:55,1483.0,616922
2021-06-23 09:51:56,1482.95,616946
2021-06-23 09:51:57,1483.0,616996
2021-06-23 09:51:58,1483.0,617000
2021-06-23 09:51:59,1483.0,617000
2021-06-23 09:52:00,1483.0,617170
2021-06-23 09:52:01,1483.0,617215
2021-06-23 09:52:02,1483.0,617215
2021-06-23 09:52:03,1483.0,617236
2021-06-23 09:52:04,1482.95,617700
2021-06-23 09:52:05,1482.95,617700
2021-06-23 09:52:06,1482.9,617719
2021-06-23 09:52:07,1483.0,617720
2021-06-23 09:52:09,1483.0,617760
2021-06-23 09:52:10,1482.9,617761
2021-06-23 09:52:11,1482.9,617761
2021-06-23 09:52:13,1483.0,617771
2021-06-23 09:52:14,1483.0,617777
2021-06-23 09:52:15,1483.0,618620
2021-06-23 09:52:16,1482.9,618637
2021-06-23 09:52:17,1482.9,618637
2021-06-23 09:52:17,1482.9,618637
2021-06-23 09:52:18,1483.0,618669
2021-06-23 09:52:19,1482.95,618670
2021-06-23 09:52:20,1482.95,618692
2021-06-23 09:52:21,1482.95,618692
2021-06-23 09:52:22,1482.95,618692
2021-06-23 09:52:23,1482.95,618792
2021-06-23 09:52:24,1482.95,618792
2021-06-23 09:52:25,1482.9,618895
2021-06-23 09:52:26,1482.95,619728
2021-06-23 09:52:27,1482.95,619743
2021-06-23 09:52:28,1482.95,619743
2021-06-23 09:52:29,1482.95,619828
2021-06-23 09:52:30,1482.95,619829
2021-06-23 09:52:32,1482.9,619839
2021-06-23 09:52:33,1482.9,619977
2021-06-23 09:52:34,1482.9,619977
2021-06-23 09:52:35,1482.95,619998
2021-06-23 09:52:35,1482.95,619998
2021-06-23 09:52:37,1482.95,620028
2021-06-23 09:52:38,1482.9,620642
2021-06-23 09:52:40,1482.9,620692
2021-06-23 09:52:41,1482.95,621994
2021-06-23 09:52:41,1482.95,621994
2021-06-23 09:52:42,1482.95,621994
2021-06-23 09:52:43,1482.7,623063
2021-06-23 09:52:44,1482.2,624503
2021-06-23 09:52:45,1482.1,624504
2021-06-23 09:52:46,1482.1,624558
2021-06-23 09:52:47,1482.1,624558
2021-06-23 09:52:48,1482.1,624608
2021-06-23 09:52:49,1482.1,624608
2021-06-23 09:52:50,1482.05,624683
2021-06-23 09:52:52,1482.05,624812
2021-06-23 09:52:53,1482.45,627330
2021-06-23 09:52:54,1482.8,627350
2021-06-23 09:52:55,1482.25,627356
2021-06-23 09:52:56,1482.25,627406
2021-06-23 09:52:57,1482.25,627406
2021-06-23 09:52:58,1482.25,627407
2021-06-23 09:52:59,1482.65,627465
2021-06-23 09:53:00,1482.65,627466
2021-06-23 09:53:01,1482.65,627466
2021-06-23 09:53:02,1482.65,627466
2021-06-23 09:53:03,1482.65,627466
2021-06-23 09:53:05,1482.25,627491
2021-06-23 09:53:05,1482.25,627491
2021-06-23 09:53:06,1482.25,627510
2021-06-23 09:53:07,1482.25,627510
2021-06-23 09:53:08,1482.5,627512
2021-06-23 09:53:09,1482.5,627512
2021-06-23 09:53:10,1482.25,627612
2021-06-23 09:53:11,1482.25,627612
2021-06-23 09:53:12,1482.45,627663
2021-06-23 09:53:13,1482.45,627687
2021-06-23 09:53:16,1482.45,627832
2021-06-23 09:53:17,1482.3,627906
2021-06-23 09:53:18,1482.25,627916
2021-06-23 09:53:19,1482.25,627966
2021-06-23 09:53:20,1482.25,628030
2021-06-23 09:53:21,1482.25,628030
2021-06-23 09:53:22,1482.35,628032
2021-06-23 09:53:24,1482.25,628038
2021-06-23 09:53:25,1482.25,628228
2021-06-23 09:53:26,1482.05,628628
2021-06-23 09:53:27,1482.05,628676
2021-06-23 09:53:28,1482.15,629029
2021-06-23 09:53:29,1482.0,629054
2021-06-23 09:53:29,1482.0,629054
2021-06-23 09:53:31,1482.05,631419
2021-06-23 09:53:32,1482.05,631419
2021-06-23 09:53:33,1482.1,631447
2021-06-23 09:53:34,1482.05,631452
2021-06-23 09:53:35,1482.1,631526
2021-06-23 09:53:35,1482.05,631522
2021-06-23 09:53:37,1482.0,631686
2021-06-23 09:53:38,1482.0,631712
2021-06-23 09:53:39,1481.9,631928
2021-06-23 09:53:39,1481.3,632481
2021-06-23 09:53:40,1481.35,632603
2021-06-23 09:53:41,1481.35,632642
2021-06-23 09:53:42,1481.2,632843
2021-06-23 09:53:43,1481.6,632893
2021-06-23 09:53:44,1481.2,632943
2021-06-23 09:53:45,1481.2,632943
2021-06-23 09:53:46,1481.2,633222
2021-06-23 09:53:48,1481.3,633244
2021-06-23 09:53:49,1481.3,633244
2021-06-23 09:53:50,1481.3,633244
2021-06-23 09:53:51,1481.25,633294
2021-06-23 09:53:52,1481.25,633304
2021-06-23 09:53:52,1481.25,633304
2021-06-23 09:53:53,1481.25,633424
2021-06-23 09:53:54,1481.25,633424
2021-06-23 09:53:55,1481.3,633440
2021-06-23 09:53:56,1481.25,633460
2021-06-23 09:53:57,1481.3,633696
2021-06-23 09:53:58,1481.45,636817
2021-06-23 09:53:59,1481.45,636817
2021-06-23 09:54:00,1481.4,636942
2021-06-23 09:54:01,1481.4,636942
2021-06-23 09:54:02,1481.4,636942
2021-06-23 09:54:03,1481.95,636943
2021-06-23 09:54:04,1482.0,637043
2021-06-23 09:54:05,1481.55,637113
2021-06-23 09:54:06,1481.55,637132
2021-06-23 09:54:07,1481.55,637132
2021-06-23 09:54:08,1482.0,637282
2021-06-23 09:54:09,1482.0,637314
2021-06-23 09:54:10,1482.0,637359
2021-06-23 09:54:11,1482.0,637359
2021-06-23 09:54:13,1482.0,637367
2021-06-23 09:54:13,1482.0,637368
2021-06-23 09:54:15,1482.0,637383
2021-06-23 09:54:16,1481.55,637493
2021-06-23 09:54:17,1481.6,637513
2021-06-23 09:54:18,1482.0,637516
2021-06-23 09:54:19,1481.95,637536
2021-06-23 09:54:20,1481.95,637639
2021-06-23 09:54:20,1481.95,637639
2021-06-23 09:54:21,1481.95,637664
2021-06-23 09:54:22,1481.6,637985
2021-06-23 09:54:23,1481.95,637987
2021-06-23 09:54:24,1481.95,637987
2021-06-23 09:54:25,1481.9,638367
2021-06-23 09:54:27,1481.95,639411
2021-06-23 09:54:28,1481.6,639418
2021-06-23 09:54:29,1482.0,642613
2021-06-23 09:54:30,1482.0,642613
2021-06-23 09:54:31,1482.0,642661
2021-06-23 09:54:32,1482.1,642747
2021-06-23 09:54:32,1482.1,642747
2021-06-23 09:54:33,1482.1,642747
2021-06-23 09:54:35,1482.15,642748
2021-06-23 09:54:36,1482.15,642748
2021-06-23 09:54:37,1482.1,642764
2021-06-23 09:54:38,1482.15,642866
2021-06-23 09:54:39,1482.3,643014
2021-06-23 09:54:40,1482.15,643587
2021-06-23 09:54:41,1482.15,643587
2021-06-23 09:54:42,1482.3,643594
2021-06-23 09:54:42,1482.3,643594
2021-06-23 09:54:44,1482.25,645114
2021-06-23 09:54:45,1482.45,645134
2021-06-23 09:54:46,1482.35,645204
2021-06-23 09:54:47,1482.3,645205
2021-06-23 09:54:48,1482.35,645314
2021-06-23 09:54:47,1482.3,645259
2021-06-23 09:54:49,1482.35,645314
2021-06-23 09:54:50,1482.35,645314
2021-06-23 09:54:51,1482.35,645324
2021-06-23 09:54:52,1482.35,645324
2021-06-23 09:54:53,1482.25,645406
2021-06-23 09:54:54,1482.25,645406
2021-06-23 09:54:57,1482.25,645432
2021-06-23 09:54:57,1482.25,645432
2021-06-23 09:54:58,1482.25,645432
2021-06-23 09:55:00,1482.25,645487
2021-06-23 09:55:01,1482.25,645557
2021-06-23 09:55:02,1482.25,645731
2021-06-23 09:55:04,1482.3,645786
2021-06-23 09:55:05,1482.25,646205
2021-06-23 09:55:06,1482.25,647183
2021-06-23 09:55:07,1482.15,647472
2021-06-23 09:55:08,1482.15,647472
2021-06-23 09:55:09,1482.35,648207
2021-06-23 09:55:10,1482.35,648612
2021-06-23 09:55:12,1482.95,649931
2021-06-23 09:55:13,1482.4,650013
2021-06-23 09:55:14,1482.4,650015
2021-06-23 09:55:15,1482.4,650015
2021-06-23 09:55:16,1482.85,650017
2021-06-23 09:55:17,1482.4,650021
2021-06-23 09:55:18,1482.4,650021
2021-06-23 09:55:19,1482.4,650022
2021-06-23 09:55:20,1482.75,650047
2021-06-23 09:55:22,1482.75,650047
2021-06-23 09:55:23,1482.7,650057
2021-06-23 09:55:24,1482.7,650058
2021-06-23 09:55:25,1482.7,650058
2021-06-23 09:55:26,1482.7,650088
2021-06-23 09:55:27,1482.7,650088
2021-06-23 09:55:28,1482.7,650088
2021-06-23 09:55:29,1482.7,650102
2021-06-23 09:55:30,1482.4,650205
2021-06-23 09:55:31,1482.7,650242
2021-06-23 09:55:32,1482.4,650246
2021-06-23 09:55:33,1482.7,650247
2021-06-23 09:55:34,1482.7,650248
2021-06-23 09:55:35,1482.35,650374
2021-06-23 09:55:36,1482.35,650393
2021-06-23 09:55:37,1482.7,650955
2021-06-23 09:55:38,1482.7,651010
2021-06-23 09:55:38,1482.7,650960
2021-06-23 09:55:40,1482.35,651011
2021-06-23 09:55:41,1482.65,651203
2021-06-23 09:55:42,1482.45,651242
2021-06-23 09:55:43,1482.65,651282
2021-06-23 09:55:44,1482.65,651282
2021-06-23 09:55:45,1482.65,651282
2021-06-23 09:55:46,1482.85,653047
2021-06-23 09:55:47,1483.1,657272
2021-06-23 09:55:48,1483.75,657546
2021-06-23 09:55:49,1483.3,657572
2021-06-23 09:55:50,1483.8,657702
2021-06-23 09:55:51,1483.8,657702
2021-06-23 09:55:52,1483.85,657703
2021-06-23 09:55:52,1483.85,657703
2021-06-23 09:55:54,1483.85,657703
2021-06-23 09:55:54,1483.85,657703
2021-06-23 09:55:55,1483.3,658309
2021-06-23 09:55:56,1483.3,658329
2021-06-23 09:55:57,1483.45,658596
2021-06-23 09:55:58,1483.2,658813
2021-06-23 09:55:59,1483.35,658968
2021-06-23 09:56:00,1483.25,658993
2021-06-23 09:56:01,1483.25,659014
2021-06-23 09:56:02,1483.25,659089
2021-06-23 09:56:03,1483.3,659315
2021-06-23 09:56:04,1483.25,659339
2021-06-23 09:56:05,1483.25,659339
2021-06-23 09:56:06,1483.25,659340
2021-06-23 09:56:07,1482.9,659626
2021-06-23 09:56:09,1483.15,659641
2021-06-23 09:56:10,1482.9,659665
2021-06-23 09:56:11,1482.65,659994
2021-06-23 09:56:12,1482.85,660014
2021-06-23 09:56:13,1482.85,660014
2021-06-23 09:56:17,1482.6,660222
2021-06-23 09:56:18,1482.85,660223
2021-06-23 09:56:19,1482.6,660682
2021-06-23 09:56:20,1482.6,660684
2021-06-23 09:56:21,1482.55,661016
2021-06-23 09:56:22,1482.3,661308
2021-06-23 09:56:23,1482.15,661508
2021-06-23 09:56:23,1482.15,661508
2021-06-23 09:56:25,1482.15,661563
2021-06-23 09:56:26,1482.15,661563
2021-06-23 09:56:27,1482.45,661699
2021-06-23 09:56:28,1482.45,661709
2021-06-23 09:56:29,1482.15,661791
2021-06-23 09:56:30,1482.15,661791
2021-06-23 09:56:31,1482.15,662036
2021-06-23 09:56:32,1482.2,662066
2021-06-23 09:56:33,1482.1,662106
2021-06-23 09:56:34,1482.2,662260
2021-06-23 09:56:35,1482.85,662563
2021-06-23 09:56:36,1482.9,662792
2021-06-23 09:56:37,1482.9,663175
2021-06-23 09:56:38,1482.7,663191
2021-06-23 09:56:39,1482.7,663191
2021-06-23 09:56:40,1482.9,663192
2021-06-23 09:56:41,1482.7,663210
2021-06-23 09:56:42,1483.35,664363
2021-06-23 09:56:43,1483.0,665363
2021-06-23 09:56:44,1483.5,665365
2021-06-23 09:56:45,1483.55,665366
2021-06-23 09:56:46,1483.6,665393
2021-06-23 09:56:47,1483.9,665893
2021-06-23 09:56:48,1483.95,665988
2021-06-23 09:56:50,1483.95,667123
2021-06-23 09:56:51,1483.95,667349
2021-06-23 09:56:52,1483.95,667349
2021-06-23 09:56:52,1483.95,667349
2021-06-23 09:56:53,1483.95,667469
2021-06-23 09:56:54,1483.95,667469
2021-06-23 09:56:56,1483.95,667469
2021-06-23 09:56:57,1483.95,667471
2021-06-23 09:56:58,1483.85,667472
2021-06-23 09:56:59,1483.95,667623
2021-06-23 09:57:00,1484.0,667823
2021-06-23 09:57:01,1483.95,667863
2021-06-23 09:57:02,1484.0,668102
2021-06-23 09:57:03,1484.1,668625
2021-06-23 09:57:04,1484.1,668704
2021-06-23 09:57:05,1484.65,668716
2021-06-23 09:57:06,1484.65,668716
2021-06-23 09:57:07,1484.65,669047
2021-06-23 09:57:09,1484.55,669269
2021-06-23 09:57:11,1484.3,669396
2021-06-23 09:57:12,1484.3,669396
2021-06-23 09:57:13,1484.7,671234
2021-06-23 09:57:15,1484.3,671253
2021-06-23 09:57:16,1484.3,671318
2021-06-23 09:57:17,1484.4,671321
2021-06-23 09:57:18,1484.4,671326
2021-06-23 09:57:19,1484.45,671519
2021-06-23 09:57:20,1484.6,671688
2021-06-23 09:57:21,1484.6,671688
2021-06-23 09:57:22,1484.6,671688
2021-06-23 09:57:23,1484.65,671902
2021-06-23 09:57:24,1484.6,671920
2021-06-23 09:57:25,1484.6,672062
2021-06-23 09:57:26,1484.55,672117
2021-06-23 09:57:27,1484.5,672216
2021-06-23 09:57:28,1484.6,672416
2021-06-23 09:57:29,1484.6,672416
2021-06-23 09:57:30,1484.6,672416
2021-06-23 09:57:31,1484.65,672516
2021-06-23 09:57:32,1484.65,672585
2021-06-23 09:57:34,1484.65,672747
2021-06-23 09:57:33,1484.5,672646
2021-06-23 09:57:35,1484.5,672909
2021-06-23 09:57:36,1484.5,672911
2021-06-23 09:57:37,1484.5,672926
2021-06-23 09:57:38,1484.65,672999
2021-06-23 09:57:39,1484.4,673064
2021-06-23 09:57:40,1484.4,673106
2021-06-23 09:57:41,1484.65,673156
2021-06-23 09:57:42,1484.4,673195
2021-06-23 09:57:43,1484.4,673195
2021-06-23 09:57:44,1484.4,673195
2021-06-23 09:57:45,1484.5,673198
2021-06-23 09:57:46,1484.4,673317
2021-06-23 09:57:47,1484.4,673404
2021-06-23 09:57:48,1484.5,673414
2021-06-23 09:57:49,1484.3,673585
2021-06-23 09:57:50,1484.5,673586
2021-06-23 09:57:52,1484.5,673586
2021-06-23 09:57:51,1484.5,673586
2021-06-23 09:57:53,1484.4,673589
2021-06-23 09:57:54,1484.4,673589
2021-06-23 09:57:55,1484.15,673947
2021-06-23 09:57:56,1484.15,673967
2021-06-23 09:57:57,1484.15,673967
2021-06-23 09:57:58,1484.15,673967
2021-06-23 09:57:59,1484.25,673968
2021-06-23 09:58:00,1484.25,673978
2021-06-23 09:58:01,1484.15,674468
2021-06-23 09:58:02,1484.25,674479
2021-06-23 09:58:03,1484.15,674487
2021-06-23 09:58:04,1484.15,674487
2021-06-23 09:58:05,1484.15,674487
2021-06-23 09:58:06,1484.25,674539
2021-06-23 09:58:07,1484.15,674549
2021-06-23 09:58:08,1484.15,674549
2021-06-23 09:58:09,1484.15,674586
2021-06-23 09:58:10,1484.15,674636
2021-06-23 09:58:11,1484.15,674636
2021-06-23 09:58:12,1484.25,674666
2021-06-23 09:58:13,1484.1,674796
2021-06-23 09:58:14,1484.25,674917
2021-06-23 09:58:15,1484.25,674917
2021-06-23 09:58:16,1484.25,674937
2021-06-23 09:58:17,1484.25,674937
2021-06-23 09:58:18,1484.15,674964
2021-06-23 09:58:19,1484.15,674964
2021-06-23 09:58:20,1484.0,675244
2021-06-23 09:58:21,1484.15,675350
2021-06-23 09:58:22,1484.4,675741
2021-06-23 09:58:23,1484.4,676072
2021-06-23 09:58:24,1484.5,676093
2021-06-23 09:58:25,1484.5,676094
2021-06-23 09:58:27,1484.2,676257
2021-06-23 09:58:28,1484.2,676257
2021-06-23 09:58:29,1484.4,676258
2021-06-23 09:58:30,1484.4,676258
2021-06-23 09:58:31,1484.2,676290
2021-06-23 09:58:32,1484.2,676292
2021-06-23 09:58:33,1484.4,676293
2021-06-23 09:58:34,1484.4,676293
2021-06-23 09:58:36,1484.4,676294
2021-06-23 09:58:35,1484.4,676293
2021-06-23 09:58:37,1484.2,676464
2021-06-23 09:58:39,1484.2,676464
2021-06-23 09:58:38,1484.2,676464
2021-06-23 09:58:40,1484.25,676476
2021-06-23 09:58:41,1484.25,676576
2021-06-23 09:58:42,1484.25,676576
2021-06-23 09:58:45,1484.25,676585
2021-06-23 09:58:46,1484.2,676605
2021-06-23 09:58:47,1484.25,676707
2021-06-23 09:58:48,1484.25,676707
2021-06-23 09:58:50,1484.25,676707
2021-06-23 09:58:49,1484.25,676707
2021-06-23 09:58:51,1484.25,676714
2021-06-23 09:58:52,1484.25,676714
2021-06-23 09:58:53,1484.2,676715
2021-06-23 09:58:54,1484.25,676731
2021-06-23 09:58:55,1484.25,676732
2021-06-23 09:58:56,1484.25,677006
2021-06-23 09:58:57,1484.25,677026
2021-06-23 09:58:58,1484.25,677026
2021-06-23 09:58:59,1484.25,677054
2021-06-23 09:59:00,1484.25,677054
2021-06-23 09:59:01,1484.25,677079
2021-06-23 09:59:03,1484.25,677544
2021-06-23 09:59:04,1484.25,677544
2021-06-23 09:59:05,1484.25,677544
2021-06-23 09:59:06,1484.55,680262
2021-06-23 09:59:07,1485.0,680263
2021-06-23 09:59:08,1484.6,680407
2021-06-23 09:59:09,1484.6,680407
2021-06-23 09:59:11,1484.55,680448
2021-06-23 09:59:12,1484.55,680468
2021-06-23 09:59:13,1484.55,680518
2021-06-23 09:59:14,1484.65,680835
2021-06-23 09:59:15,1484.65,680835
2021-06-23 09:59:16,1484.65,680855
2021-06-23 09:59:17,1484.7,680951
2021-06-23 09:59:18,1484.7,681078
2021-06-23 09:59:19,1484.7,681078
2021-06-23 09:59:20,1484.7,681078
2021-06-23 09:59:21,1484.7,681078
2021-06-23 09:59:22,1484.7,681081
2021-06-23 09:59:23,1484.7,681181
2021-06-23 09:59:24,1485.0,681387
2021-06-23 09:59:25,1484.75,681423
2021-06-23 09:59:26,1484.75,681441
2021-06-23 09:59:27,1484.75,681441
2021-06-23 09:59:28,1485.0,681566
2021-06-23 09:59:29,1485.0,681566
2021-06-23 09:59:30,1485.0,681566
2021-06-23 09:59:31,1485.0,681571
2021-06-23 09:59:32,1485.0,681577
2021-06-23 09:59:33,1484.75,681580
2021-06-23 09:59:34,1485.0,681581
2021-06-23 09:59:36,1485.0,681581
2021-06-23 09:59:37,1485.0,681610
2021-06-23 09:59:38,1485.0,681610
2021-06-23 09:59:38,1485.0,681610
2021-06-23 09:59:39,1485.0,681610
2021-06-23 09:59:40,1484.75,681640
2021-06-23 09:59:41,1484.75,681698
2021-06-23 09:59:42,1484.75,681851
2021-06-23 09:59:43,1485.0,681890
2021-06-23 09:59:44,1484.75,681910
2021-06-23 09:59:45,1484.75,681920
2021-06-23 09:59:46,1485.0,681999
2021-06-23 09:59:47,1485.0,681999
2021-06-23 09:59:49,1484.75,682005
2021-06-23 09:59:49,1484.75,682005
2021-06-23 09:59:50,1484.75,682005
2021-06-23 09:59:51,1484.75,682218
2021-06-23 09:59:52,1485.0,682229
2021-06-23 09:59:53,1485.0,682260
2021-06-23 09:59:54,1485.0,682271
2021-06-23 09:59:55,1485.0,682272
2021-06-23 09:59:56,1484.7,682292
2021-06-23 09:59:57,1484.7,682292
2021-06-23 09:59:58,1484.7,682353
2021-06-23 09:59:59,1484.7,682353
2021-06-23 10:00:00,1485.0,682386
2021-06-23 10:00:01,1484.9,683160
2021-06-23 10:00:03,1484.55,683631
2021-06-23 10:00:04,1484.45,684427
2021-06-23 10:00:05,1484.45,684504
2021-06-23 10:00:05,1484.55,684499
2021-06-23 10:00:06,1484.25,684602
2021-06-23 10:00:08,1484.35,684793
2021-06-23 10:00:08,1484.35,684803
2021-06-23 10:00:09,1484.35,684803
2021-06-23 10:00:10,1484.25,684805
2021-06-23 10:00:11,1484.25,684842
2021-06-23 10:00:12,1484.25,684842
2021-06-23 10:00:13,1484.25,684945
2021-06-23 10:00:14,1484.3,685319
2021-06-23 10:00:15,1484.3,685519
2021-06-23 10:00:16,1484.65,686636
2021-06-23 10:00:17,1484.65,686746
2021-06-23 10:00:18,1484.65,686746
2021-06-23 10:00:19,1484.65,686746
2021-06-23 10:00:20,1484.55,686751
2021-06-23 10:00:21,1484.55,686751
2021-06-23 10:00:22,1484.55,686751
2021-06-23 10:00:23,1484.95,686761
2021-06-23 10:00:25,1484.55,686961
2021-06-23 10:00:26,1484.55,686961
2021-06-23 10:00:27,1484.95,686984
2021-06-23 10:00:28,1485.0,686999
2021-06-23 10:00:29,1485.0,687007
2021-06-23 10:00:30,1484.95,687033
2021-06-23 10:00:31,1485.0,687035
2021-06-23 10:00:32,1485.0,687103
2021-06-23 10:00:32,1485.0,687108
2021-06-23 10:00:34,1484.95,687138
2021-06-23 10:00:36,1485.0,687711
2021-06-23 10:00:37,1485.6,698290
2021-06-23 10:00:38,1485.6,698290
2021-06-23 10:00:39,1485.9,698297
2021-06-23 10:00:40,1485.9,698297
2021-06-23 10:00:41,1485.9,698337
2021-06-23 10:00:41,1485.95,698388
2021-06-23 10:00:42,1486.0,698825
2021-06-23 10:00:43,1485.6,699824
2021-06-23 10:00:44,1485.8,700024
2021-06-23 10:00:45,1485.65,700621
2021-06-23 10:00:46,1485.8,702124
2021-06-23 10:00:47,1485.7,702325
2021-06-23 10:00:48,1485.95,702765
2021-06-23 10:00:49,1485.7,702770
2021-06-23 10:00:50,1485.7,702771
2021-06-23 10:00:51,1485.7,702974
2021-06-23 10:00:52,1485.35,703029
2021-06-23 10:00:53,1485.35,703029
2021-06-23 10:00:54,1485.7,703069
2021-06-23 10:00:55,1485.7,703069
2021-06-23 10:00:56,1485.3,703088
2021-06-23 10:00:57,1485.6,703103
2021-06-23 10:00:59,1485.6,703188
2021-06-23 10:01:00,1485.6,703193
2021-06-23 10:01:01,1485.35,703213
2021-06-23 10:01:02,1485.6,703460
2021-06-23 10:01:03,1485.7,703519
2021-06-23 10:01:04,1486.0,703660
2021-06-23 10:01:05,1486.0,703660
2021-06-23 10:01:06,1486.0,703717
2021-06-23 10:01:07,1485.7,703722
2021-06-23 10:01:08,1486.0,703892
2021-06-23 10:01:10,1486.0,703992
2021-06-23 10:01:11,1486.0,703992
2021-06-23 10:01:12,1486.0,703992
2021-06-23 10:01:13,1486.0,703994
2021-06-23 10:01:14,1486.0,703995
2021-06-23 10:01:15,1486.0,704776
2021-06-23 10:01:16,1486.0,704922
2021-06-23 10:01:17,1485.8,705152
2021-06-23 10:01:19,1486.0,705157
2021-06-23 10:01:18,1486.0,705157
2021-06-23 10:01:20,1486.0,705277
2021-06-23 10:01:21,1486.0,705289
2021-06-23 10:01:22,1486.0,705341
2021-06-23 10:01:23,1485.8,705356
2021-06-23 10:01:24,1486.0,705371
2021-06-23 10:01:25,1485.8,705378
2021-06-23 10:01:26,1485.6,706030
2021-06-23 10:01:27,1485.45,706176
2021-06-23 10:01:29,1485.5,706326
2021-06-23 10:01:30,1485.5,706522
2021-06-23 10:01:31,1485.5,706522
2021-06-23 10:01:31,1485.4,706548
2021-06-23 10:01:33,1485.4,706548
2021-06-23 10:01:34,1485.4,706548
2021-06-23 10:01:34,1485.4,706753
2021-06-23 10:01:36,1485.3,706782
2021-06-23 10:01:37,1485.3,706782
2021-06-23 10:01:38,1485.35,706983
2021-06-23 10:01:39,1485.35,706984
2021-06-23 10:01:40,1485.35,706984
2021-06-23 10:01:41,1485.3,707010
2021-06-23 10:01:42,1485.35,707046
2021-06-23 10:01:43,1485.35,707050
2021-06-23 10:01:44,1485.35,707050
2021-06-23 10:01:45,1485.25,707449
2021-06-23 10:01:46,1485.35,707471
2021-06-23 10:01:47,1485.35,707471
2021-06-23 10:01:48,1485.35,707471
2021-06-23 10:01:49,1485.35,707474
2021-06-23 10:01:50,1485.35,707678
2021-06-23 10:01:51,1485.35,707704
2021-06-23 10:01:52,1485.35,707704
2021-06-23 10:01:53,1485.3,708151
2021-06-23 10:01:54,1485.3,708156
2021-06-23 10:01:55,1485.3,708156
2021-06-23 10:01:56,1485.3,708186
2021-06-23 10:01:57,1485.3,708187
2021-06-23 10:01:59,1485.3,708637
2021-06-23 10:02:00,1485.3,708941
2021-06-23 10:02:01,1485.3,709061
2021-06-23 10:02:02,1485.35,709707
2021-06-23 10:02:03,1485.35,709707
2021-06-23 10:02:04,1485.4,709728
2021-06-23 10:02:05,1485.55,709729
2021-06-23 10:02:06,1485.55,709833
2021-06-23 10:02:07,1485.55,709833
2021-06-23 10:02:08,1485.55,709833
2021-06-23 10:02:09,1485.5,709845
2021-06-23 10:02:10,1485.45,709945
2021-06-23 10:02:11,1485.45,709945
2021-06-23 10:02:12,1485.7,709946
2021-06-23 10:02:13,1485.7,709946
2021-06-23 10:02:14,1485.7,709946
2021-06-23 10:02:14,1485.45,709954
2021-06-23 10:02:15,1485.45,709984
2021-06-23 10:02:16,1485.45,710019
2021-06-23 10:02:17,1485.45,710113
2021-06-23 10:02:18,1485.7,710130
2021-06-23 10:02:20,1485.7,710130
2021-06-23 10:02:22,1485.7,710130
2021-06-23 10:02:23,1485.7,710130
2021-06-23 10:02:24,1485.7,710130
2021-06-23 10:02:25,1485.7,710230
2021-06-23 10:02:26,1485.7,710230
2021-06-23 10:02:27,1485.55,710247
2021-06-23 10:02:28,1485.55,710247
2021-06-23 10:02:28,1485.55,710248
2021-06-23 10:02:29,1485.55,710248
2021-06-23 10:02:30,1485.6,710263
2021-06-23 10:02:31,1485.6,710264
2021-06-23 10:02:32,1485.6,710264
2021-06-23 10:02:33,1485.6,710264
2021-06-23 10:02:34,1485.6,710267
2021-06-23 10:02:35,1485.6,710267
2021-06-23 10:02:36,1485.55,710297
2021-06-23 10:02:37,1485.6,710344
2021-06-23 10:02:38,1485.55,710544
2021-06-23 10:02:39,1485.6,710674
2021-06-23 10:02:41,1485.6,710789
2021-06-23 10:02:42,1485.6,710789
2021-06-23 10:02:43,1485.6,710911
2021-06-23 10:02:44,1485.7,711015
2021-06-23 10:02:45,1485.55,711052
2021-06-23 10:02:46,1485.55,711240
2021-06-23 10:02:47,1485.55,711240
2021-06-23 10:02:48,1485.55,711316
2021-06-23 10:02:49,1485.65,711354
2021-06-23 10:02:50,1485.8,711413
2021-06-23 10:02:50,1485.8,711413
2021-06-23 10:02:51,1485.65,711451
2021-06-23 10:02:53,1485.55,711602
2021-06-23 10:02:54,1485.65,711605
2021-06-23 10:02:55,1485.65,711605
2021-06-23 10:02:56,1485.5,711619
2021-06-23 10:02:57,1485.5,711619
2021-06-23 10:02:58,1485.5,711648
2021-06-23 10:02:59,1485.5,711649
2021-06-23 10:03:00,1485.5,711799
2021-06-23 10:03:01,1485.55,712072
2021-06-23 10:03:02,1485.5,712192
2021-06-23 10:03:03,1485.65,712222
2021-06-23 10:03:04,1485.65,712222
2021-06-23 10:03:05,1485.65,712334
2021-06-23 10:03:06,1485.65,712334
2021-06-23 10:03:07,1485.85,712355
2021-06-23 10:03:08,1485.6,712423
2021-06-23 10:03:09,1485.6,712426
2021-06-23 10:03:10,1485.6,712427
2021-06-23 10:03:11,1486.0,712622
2021-06-23 10:03:12,1486.0,712622
2021-06-23 10:03:13,1486.0,712737
2021-06-23 10:03:14,1486.0,712770
2021-06-23 10:03:16,1486.0,713175
2021-06-23 10:03:17,1485.85,713305
2021-06-23 10:03:18,1486.0,713415
2021-06-23 10:03:20,1485.85,713738
2021-06-23 10:03:25,1485.9,714122
2021-06-23 10:03:26,1485.8,714141
2021-06-23 10:03:27,1485.8,714141
2021-06-23 10:03:28,1485.9,714143
2021-06-23 10:03:29,1485.8,714183
2021-06-23 10:03:31,1485.9,714658
2021-06-23 10:03:32,1485.9,714658
2021-06-23 10:03:33,1485.8,715437
2021-06-23 10:03:34,1485.8,715462
2021-06-23 10:03:35,1485.8,715463
2021-06-23 10:03:36,1485.75,715542
2021-06-23 10:03:37,1485.75,715542
2021-06-23 10:03:37,1485.75,715542
2021-06-23 10:03:38,1485.8,715554
2021-06-23 10:03:39,1485.8,715679
2021-06-23 10:03:40,1485.8,715695
2021-06-23 10:03:41,1485.75,715697
2021-06-23 10:03:42,1485.8,715699
2021-06-23 10:03:43,1485.75,715988
2021-06-23 10:03:44,1485.75,715988
2021-06-23 10:03:45,1485.75,715988
2021-06-23 10:03:46,1485.6,716008
2021-06-23 10:03:47,1485.6,716218
2021-06-23 10:03:49,1485.5,716477
2021-06-23 10:03:51,1485.55,716479
2021-06-23 10:03:52,1485.6,716488
2021-06-23 10:03:53,1485.65,716583
2021-06-23 10:03:54,1485.55,716659
2021-06-23 10:03:54,1485.55,716659
2021-06-23 10:03:55,1485.6,716664
2021-06-23 10:03:56,1485.6,716731
2021-06-23 10:03:57,1485.55,716739
2021-06-23 10:03:58,1485.55,717009
2021-06-23 10:04:00,1485.55,717075
2021-06-23 10:04:00,1485.55,717451
2021-06-23 10:04:01,1485.55,717462
2021-06-23 10:04:02,1485.55,717462
2021-06-23 10:04:03,1485.55,717497
2021-06-23 10:04:04,1485.55,717497
2021-06-23 10:04:05,1485.55,717523
2021-06-23 10:04:06,1485.45,717542
2021-06-23 10:04:07,1485.55,717592
2021-06-23 10:04:08,1485.55,717592
2021-06-23 10:04:09,1485.55,718060
2021-06-23 10:04:10,1485.45,718162
2021-06-23 10:04:11,1485.45,718162
2021-06-23 10:04:12,1485.55,718219
2021-06-23 10:04:13,1485.45,718319
2021-06-23 10:04:14,1485.45,718339
2021-06-23 10:04:15,1485.45,718339
2021-06-23 10:04:16,1485.45,718356
2021-06-23 10:04:17,1485.45,718356
2021-06-23 10:04:18,1485.45,718356
2021-06-23 10:04:19,1485.45,718356
2021-06-23 10:04:21,1485.45,718356
2021-06-23 10:04:22,1485.45,718356
2021-06-23 10:04:25,1485.45,718437
2021-06-23 10:04:26,1485.45,718486
2021-06-23 10:04:27,1485.45,718494
2021-06-23 10:04:28,1485.45,718504
2021-06-23 10:04:29,1485.45,718504
2021-06-23 10:04:30,1485.45,718648
2021-06-23 10:04:30,1485.45,718648
2021-06-23 10:04:31,1485.45,718648
2021-06-23 10:04:32,1485.5,718658
2021-06-23 10:04:33,1485.5,718658
2021-06-23 10:04:34,1485.45,718659
2021-06-23 10:04:35,1485.45,718709
2021-06-23 10:04:36,1485.45,718729
2021-06-23 10:04:37,1485.5,718804
2021-06-23 10:04:38,1485.45,718809
2021-06-23 10:04:39,1485.5,718814
2021-06-23 10:04:40,1485.5,718827
2021-06-23 10:04:41,1485.5,718837
2021-06-23 10:04:42,1485.5,718837
2021-06-23 10:04:43,1485.5,718842
2021-06-23 10:04:44,1485.5,718842
2021-06-23 10:04:45,1485.5,718843
2021-06-23 10:04:46,1485.45,718888
2021-06-23 10:04:47,1485.5,718969
2021-06-23 10:04:48,1485.5,718969
2021-06-23 10:04:50,1485.5,718983
2021-06-23 10:04:51,1485.45,719007
2021-06-23 10:04:52,1485.5,719008
2021-06-23 10:04:53,1485.45,719045
2021-06-23 10:04:54,1485.3,719559
2021-06-23 10:04:54,1485.3,719559
2021-06-23 10:04:55,1485.4,719584
2021-06-23 10:04:56,1485.3,719591
2021-06-23 10:04:57,1485.3,719920
2021-06-23 10:04:58,1485.1,720041
2021-06-23 10:05:00,1485.1,720141
2021-06-23 10:05:01,1485.25,720252
2021-06-23 10:05:02,1485.0,720789
2021-06-23 10:05:03,1485.0,720789
2021-06-23 10:05:04,1485.0,720789
2021-06-23 10:05:05,1484.75,720911
2021-06-23 10:05:06,1484.75,720911
2021-06-23 10:05:07,1484.75,720930
2021-06-23 10:05:08,1484.75,720950
2021-06-23 10:05:09,1484.75,720950
2021-06-23 10:05:10,1485.0,720983
2021-06-23 10:05:11,1484.75,721159
2021-06-23 10:05:11,1484.95,721157
2021-06-23 10:05:12,1485.0,721166
2021-06-23 10:05:13,1485.0,721196
2021-06-23 10:05:14,1484.9,721201
2021-06-23 10:05:16,1484.9,721201
2021-06-23 10:05:16,1484.75,721221
2021-06-23 10:05:17,1484.9,721229
2021-06-23 10:05:18,1484.9,721229
2021-06-23 10:05:19,1484.9,721300
2021-06-23 10:05:21,1484.9,721300
2021-06-23 10:05:22,1484.9,721310
2021-06-23 10:05:23,1484.9,721325
2021-06-23 10:05:23,1484.9,721325
2021-06-23 10:05:24,1484.9,721326
2021-06-23 10:05:25,1484.9,721326
2021-06-23 10:05:28,1484.9,721862
2021-06-23 10:05:28,1484.9,722312
2021-06-23 10:05:29,1484.75,722447
2021-06-23 10:05:31,1484.75,722447
2021-06-23 10:05:32,1484.75,722481
2021-06-23 10:05:34,1484.75,722481
2021-06-23 10:05:33,1484.75,722481
2021-06-23 10:05:35,1484.75,722506
2021-06-23 10:05:36,1484.75,722575
2021-06-23 10:05:37,1484.9,722582
2021-06-23 10:05:38,1484.75,722594
2021-06-23 10:05:39,1484.9,722604
2021-06-23 10:05:40,1484.9,722604
2021-06-23 10:05:41,1484.75,722714
2021-06-23 10:05:42,1484.75,722734
2021-06-23 10:05:44,1484.85,722735
2021-06-23 10:05:43,1484.85,722735
2021-06-23 10:05:44,1484.85,722737
2021-06-23 10:05:46,1484.75,722756
2021-06-23 10:05:48,1484.85,722761
2021-06-23 10:05:49,1484.85,722761
2021-06-23 10:05:50,1484.75,722763
2021-06-23 10:05:51,1484.75,722770
2021-06-23 10:05:52,1484.75,722770
2021-06-23 10:05:53,1484.75,722851
2021-06-23 10:05:54,1484.75,722851
2021-06-23 10:05:55,1484.75,722961
2021-06-23 10:05:56,1484.75,722981
2021-06-23 10:05:57,1484.75,722981
2021-06-23 10:05:58,1484.75,722981
2021-06-23 10:05:59,1484.75,723084
2021-06-23 10:06:00,1484.85,723417
2021-06-23 10:06:01,1484.85,725860
2021-06-23 10:06:02,1485.5,726306
2021-06-23 10:06:03,1485.5,726306
2021-06-23 10:06:04,1484.9,726550
2021-06-23 10:06:05,1484.9,726550
2021-06-23 10:06:06,1485.0,726561
2021-06-23 10:06:07,1485.0,727052
2021-06-23 10:06:08,1485.0,727074
2021-06-23 10:06:09,1485.5,727079
2021-06-23 10:06:10,1485.5,727079
2021-06-23 10:06:11,1485.5,727179
2021-06-23 10:06:12,1485.0,727349
2021-06-23 10:06:13,1485.0,727349
2021-06-23 10:06:14,1485.0,727359
2021-06-23 10:06:15,1484.95,727373
2021-06-23 10:06:16,1484.95,727392
2021-06-23 10:06:17,1485.0,727400
2021-06-23 10:06:18,1485.0,727400
2021-06-23 10:06:19,1485.0,727400
2021-06-23 10:06:20,1484.95,727410
2021-06-23 10:06:21,1485.0,727411
2021-06-23 10:06:22,1484.95,727412
2021-06-23 10:06:23,1484.95,727412
2021-06-23 10:06:25,1484.95,727423
2021-06-23 10:06:26,1485.0,727523
2021-06-23 10:06:27,1484.95,727542
2021-06-23 10:06:28,1485.0,727554
2021-06-23 10:06:29,1485.0,727554
2021-06-23 10:06:29,1485.0,727554
2021-06-23 10:06:31,1485.0,727554
2021-06-23 10:06:31,1485.0,727554
2021-06-23 10:06:32,1484.95,727636
2021-06-23 10:06:34,1485.0,727657
2021-06-23 10:06:35,1484.95,727662
2021-06-23 10:06:36,1484.95,727683
2021-06-23 10:06:37,1485.0,727983
2021-06-23 10:06:38,1484.9,727984
2021-06-23 10:06:40,1485.0,727985
2021-06-23 10:06:41,1485.0,728015
2021-06-23 10:06:42,1485.0,728215
2021-06-23 10:06:43,1484.9,728315
2021-06-23 10:06:44,1484.9,728327
2021-06-23 10:06:45,1484.9,728332
2021-06-23 10:06:46,1485.0,728401
2021-06-23 10:06:47,1485.0,728951
2021-06-23 10:06:48,1485.0,728951
2021-06-23 10:06:49,1485.0,729090
2021-06-23 10:06:50,1485.0,729098
2021-06-23 10:06:51,1485.0,729330
2021-06-23 10:06:52,1484.9,729489
2021-06-23 10:06:53,1484.9,729540
2021-06-23 10:06:54,1484.9,729540
2021-06-23 10:06:55,1484.9,729540
2021-06-23 10:06:55,1484.9,729540
2021-06-23 10:06:58,1485.0,729557
2021-06-23 10:06:59,1484.9,729561
2021-06-23 10:07:01,1484.95,729639
2021-06-23 10:07:02,1484.95,729702
2021-06-23 10:07:03,1484.95,729702
2021-06-23 10:07:03,1484.95,730103
2021-06-23 10:07:04,1484.95,730147
2021-06-23 10:07:07,1484.95,730166
2021-06-23 10:07:08,1485.0,730634
2021-06-23 10:07:09,1485.3,730827
2021-06-23 10:07:10,1485.0,730828
2021-06-23 10:07:11,1485.0,730828
2021-06-23 10:07:12,1485.3,730853
2021-06-23 10:07:13,1485.3,730916
2021-06-23 10:07:14,1485.5,731066
2021-06-23 10:07:15,1485.5,731066
2021-06-23 10:07:17,1485.05,731067
2021-06-23 10:07:18,1485.05,731067
2021-06-23 10:07:19,1485.05,731067
2021-06-23 10:07:19,1485.05,731067
2021-06-23 10:07:20,1485.3,731117
2021-06-23 10:07:22,1485.3,731196
2021-06-23 10:07:23,1485.3,731201
2021-06-23 10:07:25,1485.3,731220
2021-06-23 10:07:26,1485.05,731284
2021-06-23 10:07:27,1485.3,731370
2021-06-23 10:07:29,1485.35,731379
2021-06-23 10:07:30,1485.5,731395
2021-06-23 10:07:31,1485.5,731409
2021-06-23 10:07:32,1485.5,731499
2021-06-23 10:07:33,1485.5,731499
2021-06-23 10:07:34,1485.5,731571
2021-06-23 10:07:34,1485.5,731571
2021-06-23 10:07:36,1485.5,731769
2021-06-23 10:07:37,1485.5,731836
2021-06-23 10:07:38,1485.5,732270
2021-06-23 10:07:39,1485.65,732834
2021-06-23 10:07:40,1485.65,732834
2021-06-23 10:07:41,1485.65,732835
2021-06-23 10:07:42,1485.65,732835
