timestamp,ltp,volume
2021-06-23 09:16:29,720.75,40425
2021-06-23 09:16:30,720.45,40426
2021-06-23 09:16:30,720.45,40426
2021-06-23 09:16:31,720.75,40461
2021-06-23 09:16:32,720.6,40477
2021-06-23 09:16:33,720.6,40557
2021-06-23 09:16:34,720.7,40567
2021-06-23 09:16:35,720.65,40597
2021-06-23 09:16:37,720.65,40629
2021-06-23 09:16:36,720.65,40629
2021-06-23 09:16:38,720.65,40830
2021-06-23 09:16:39,720.65,40830
2021-06-23 09:16:40,720.65,40830
2021-06-23 09:16:42,720.7,40914
2021-06-23 09:16:43,720.6,41761
2021-06-23 09:16:44,720.6,42079
2021-06-23 09:16:45,720.6,42142
2021-06-23 09:16:46,720.65,42155
2021-06-23 09:16:48,720.7,42303
2021-06-23 09:16:49,720.65,42359
2021-06-23 09:16:51,720.6,42379
2021-06-23 09:16:52,720.65,42385
2021-06-23 09:16:53,720.6,42598
2021-06-23 09:16:54,720.6,42648
2021-06-23 09:16:55,720.6,42811
2021-06-23 09:16:57,720.5,43326
2021-06-23 09:16:58,720.7,43480
2021-06-23 09:16:59,720.7,43499
2021-06-23 09:17:01,720.75,43518
2021-06-23 09:17:02,720.8,43941
2021-06-23 09:17:02,720.95,43965
2021-06-23 09:17:04,720.95,43965
2021-06-23 09:17:06,720.85,44873
2021-06-23 09:17:07,720.7,45263
2021-06-23 09:17:08,720.7,45263
2021-06-23 09:17:09,720.7,45263
2021-06-23 09:17:10,720.7,45293
2021-06-23 09:17:11,720.7,45293
2021-06-23 09:17:12,720.7,45394
2021-06-23 09:17:13,720.7,45482
2021-06-23 09:17:14,720.95,45533
2021-06-23 09:17:15,721.0,45763
2021-06-23 09:17:16,721.0,45863
2021-06-23 09:17:18,721.0,45939
2021-06-23 09:17:18,721.0,45919
2021-06-23 09:17:20,720.6,47096
2021-06-23 09:17:22,720.7,47227
2021-06-23 09:17:24,721.0,47702
2021-06-23 09:17:25,720.95,47806
2021-06-23 09:17:25,720.95,47806
2021-06-23 09:17:26,720.9,47819
2021-06-23 09:17:28,720.55,47821
2021-06-23 09:17:29,720.55,47821
2021-06-23 09:17:30,720.9,48077
2021-06-23 09:17:31,720.85,48321
2021-06-23 09:17:32,720.95,48664
2021-06-23 09:17:33,720.55,48792
2021-06-23 09:17:34,720.55,48792
2021-06-23 09:17:35,720.55,48796
2021-06-23 09:17:36,720.55,48830
2021-06-23 09:17:37,720.9,49230
2021-06-23 09:17:38,720.5,50433
2021-06-23 09:17:40,720.5,50433
2021-06-23 09:17:40,720.5,50433
2021-06-23 09:17:41,720.5,50433
2021-06-23 09:17:42,720.6,50448
2021-06-23 09:17:43,720.55,50807
2021-06-23 09:17:44,720.55,50807
2021-06-23 09:17:45,720.5,51117
2021-06-23 09:17:46,720.55,51127
2021-06-23 09:17:47,720.55,51131
2021-06-23 09:17:48,720.55,51206
2021-06-23 09:17:49,720.55,51206
2021-06-23 09:17:50,720.6,51272
2021-06-23 09:17:51,720.55,51583
2021-06-23 09:17:53,720.55,52547
2021-06-23 09:17:54,720.6,52728
2021-06-23 09:17:55,720.6,52735
2021-06-23 09:17:56,720.6,52735
2021-06-23 09:17:57,720.1,53283
2021-06-23 09:17:58,720.6,53348
2021-06-23 09:17:59,720.55,53400
2021-06-23 09:18:01,720.6,53574
2021-06-23 09:18:02,720.6,53574
2021-06-23 09:18:03,720.6,53694
2021-06-23 09:18:05,720.6,53695
2021-06-23 09:18:05,720.25,53697
2021-06-23 09:18:06,720.5,53725
2021-06-23 09:18:07,720.6,53738
2021-06-23 09:18:08,720.6,53792
2021-06-23 09:18:09,720.3,54017
2021-06-23 09:18:10,720.5,54176
2021-06-23 09:18:11,720.25,54390
2021-06-23 09:18:12,720.3,55792
2021-06-23 09:18:14,720.4,55794
2021-06-23 09:18:15,720.4,55794
2021-06-23 09:18:15,720.4,55794
2021-06-23 09:18:16,720.0,56056
2021-06-23 09:18:17,720.35,56079
2021-06-23 09:18:18,720.35,56084
2021-06-23 09:18:19,720.35,56084
2021-06-23 09:18:21,720.35,56110
2021-06-23 09:18:21,720.35,56110
2021-06-23 09:18:22,720.35,56110
2021-06-23 09:18:23,720.35,56110
2021-06-23 09:18:24,720.35,56110
2021-06-23 09:18:25,720.35,56110
2021-06-23 09:18:26,720.1,56230
2021-06-23 09:18:27,720.05,56255
2021-06-23 09:18:28,720.0,56556
2021-06-23 09:18:29,720.1,56691
2021-06-23 09:18:33,720.35,56939
2021-06-23 09:18:33,720.35,57039
2021-06-23 09:18:34,720.05,57049
2021-06-23 09:18:35,720.4,57582
2021-06-23 09:18:36,720.1,57808
2021-06-23 09:18:37,720.3,57831
2021-06-23 09:18:38,720.3,57831
2021-06-23 09:18:40,720.1,57882
2021-06-23 09:18:41,720.1,57952
2021-06-23 09:18:42,720.15,60260
2021-06-23 09:18:42,720.1,57952
2021-06-23 09:18:43,720.15,60567
2021-06-23 09:18:45,720.25,63440
2021-06-23 09:18:44,720.45,62360
2021-06-23 09:18:46,720.25,63504
2021-06-23 09:18:47,720.25,63504
2021-06-23 09:18:49,720.1,63505
2021-06-23 09:18:50,720.1,63517
2021-06-23 09:18:51,720.1,63554
2021-06-23 09:18:51,720.1,63557
2021-06-23 09:18:52,720.25,63558
2021-06-23 09:18:54,720.25,63592
2021-06-23 09:18:54,720.2,63692
2021-06-23 09:18:55,720.25,63717
2021-06-23 09:18:57,720.2,63986
2021-06-23 09:18:58,720.1,64014
2021-06-23 09:18:58,720.1,64014
2021-06-23 09:18:59,720.1,64014
2021-06-23 09:19:00,720.1,64014
2021-06-23 09:19:01,720.1,65046
2021-06-23 09:19:02,720.1,65378
2021-06-23 09:19:03,720.1,65510
2021-06-23 09:19:05,720.1,65550
2021-06-23 09:19:08,720.1,65603
2021-06-23 09:19:10,720.25,65815
2021-06-23 09:19:11,720.1,65900
2021-06-23 09:19:13,720.05,66505
2021-06-23 09:19:13,720.05,66505
2021-06-23 09:19:14,720.0,66605
2021-06-23 09:19:15,720.0,66997
2021-06-23 09:19:16,719.8,67037
2021-06-23 09:19:17,719.7,67056
2021-06-23 09:19:18,720.05,67168
2021-06-23 09:19:19,720.05,67168
2021-06-23 09:19:20,720.05,67222
2021-06-23 09:19:21,720.05,67222
2021-06-23 09:19:23,720.0,67373
2021-06-23 09:19:24,720.15,67724
2021-06-23 09:19:24,720.15,67724
2021-06-23 09:19:25,720.15,67729
2021-06-23 09:19:26,720.0,67879
2021-06-23 09:19:27,719.55,68947
2021-06-23 09:19:28,720.1,69057
2021-06-23 09:19:29,720.1,69057
2021-06-23 09:19:30,720.0,69129
2021-06-23 09:19:31,720.0,69129
2021-06-23 09:19:32,719.95,69229
2021-06-23 09:19:34,719.95,69229
2021-06-23 09:19:35,719.95,69831
2021-06-23 09:19:36,719.65,69848
2021-06-23 09:19:37,719.95,69875
2021-06-23 09:19:38,719.7,70077
2021-06-23 09:19:39,719.7,70077
2021-06-23 09:19:41,719.65,70102
2021-06-23 09:19:42,719.65,70102
2021-06-23 09:19:43,719.65,70109
2021-06-23 09:19:44,719.65,70422
2021-06-23 09:19:45,719.65,70440
2021-06-23 09:19:46,719.65,70462
2021-06-23 09:19:48,719.7,71114
2021-06-23 09:19:49,719.65,72111
2021-06-23 09:19:50,719.4,72289
2021-06-23 09:19:52,719.65,72291
2021-06-23 09:19:53,719.7,72330
2021-06-23 09:19:54,719.7,72330
2021-06-23 09:19:55,719.7,72378
2021-06-23 09:19:55,719.7,72378
2021-06-23 09:19:56,719.7,72378
2021-06-23 09:19:57,719.45,72496
2021-06-23 09:19:58,719.65,72502
2021-06-23 09:19:59,719.2,73577
2021-06-23 09:20:00,719.6,73587
2021-06-23 09:20:01,719.25,73618
2021-06-23 09:20:02,719.25,73618
2021-06-23 09:20:05,719.4,73944
2021-06-23 09:20:06,719.4,73946
2021-06-23 09:20:07,719.25,73967
2021-06-23 09:20:08,719.4,73972
2021-06-23 09:20:08,719.25,74052
2021-06-23 09:20:09,719.25,74052
2021-06-23 09:20:10,719.25,74054
2021-06-23 09:20:11,719.4,74084
2021-06-23 09:20:13,719.25,74335
2021-06-23 09:20:13,719.25,74335
2021-06-23 09:20:14,719.25,74338
2021-06-23 09:20:15,719.55,75946
2021-06-23 09:20:16,719.9,76023
2021-06-23 09:20:17,719.65,76523
2021-06-23 09:20:18,719.55,76534
2021-06-23 09:20:19,719.65,76593
2021-06-23 09:20:20,720.05,78471
2021-06-23 09:20:21,719.75,78621
2021-06-23 09:20:22,720.05,78785
2021-06-23 09:20:26,720.1,78827
2021-06-23 09:20:30,720.05,79006
2021-06-23 09:20:34,720.35,80566
2021-06-23 09:20:38,720.05,80888
2021-06-23 09:20:42,720.1,81005
2021-06-23 09:20:46,720.1,81154
2021-06-23 09:20:51,720.5,81638
2021-06-23 09:20:55,720.5,81823
2021-06-23 09:20:59,720.35,81868
2021-06-23 09:21:03,720.55,84065
2021-06-23 09:21:07,720.5,84509
2021-06-23 09:21:11,720.35,84998
2021-06-23 09:21:15,720.45,85637
2021-06-23 09:21:19,720.5,85783
2021-06-23 09:21:23,720.5,85915
2021-06-23 09:21:27,720.7,86204
2021-06-23 09:21:31,720.5,86205
2021-06-23 09:21:35,720.7,86577
2021-06-23 09:21:39,720.5,86886
2021-06-23 09:21:43,720.75,87880
2021-06-23 09:21:47,720.3,89811
2021-06-23 09:21:55,720.25,91783
2021-06-23 09:21:59,720.3,91965
2021-06-23 09:22:03,720.55,92174
2021-06-23 09:22:11,720.35,93120
2021-06-23 09:22:15,720.6,93383
2021-06-23 09:22:19,720.55,93842
2021-06-23 09:22:23,720.6,96570
2021-06-23 09:22:27,721.05,97303
2021-06-23 09:22:31,720.7,97359
2021-06-23 09:22:35,721.0,98130
2021-06-23 09:22:39,721.0,98299
2021-06-23 09:22:43,721.0,99101
2021-06-23 09:22:47,721.15,99590
2021-06-23 09:22:51,721.15,99791
2021-06-23 09:22:55,721.0,100492
2021-06-23 09:22:59,720.75,104982
2021-06-23 09:23:03,720.5,106030
2021-06-23 09:23:07,720.5,108934
2021-06-23 09:23:11,720.3,109727
2021-06-23 09:23:15,720.45,110742
2021-06-23 09:23:19,720.35,111941
2021-06-23 09:23:23,720.55,112154
2021-06-23 09:23:27,720.35,112293
2021-06-23 09:23:31,720.15,112702
2021-06-23 09:23:35,720.45,113569
2021-06-23 09:23:39,720.5,114572
2021-06-23 09:23:43,720.5,114980
2021-06-23 09:23:47,720.4,115256
2021-06-23 09:23:51,720.4,116804
2021-06-23 09:23:55,720.5,117077
2021-06-23 09:23:59,720.45,117215
2021-06-23 09:24:03,720.45,118025
2021-06-23 09:24:07,720.45,118694
2021-06-23 09:24:11,720.5,118734
2021-06-23 09:24:19,720.95,120711
2021-06-23 09:24:23,720.6,120888
2021-06-23 09:24:27,720.6,121358
2021-06-23 09:24:31,720.6,121446
2021-06-23 09:24:35,720.6,121611
2021-06-23 09:24:39,720.6,121870
2021-06-23 09:24:43,720.6,122390
2021-06-23 09:24:47,720.6,122443
2021-06-23 09:24:51,720.65,122668
2021-06-23 09:24:54,721.0,124637
2021-06-23 09:24:59,720.8,124767
2021-06-23 09:25:03,720.85,125323
2021-06-23 09:25:07,721.0,126192
2021-06-23 09:25:11,720.9,126234
2021-06-23 09:25:19,721.25,126946
2021-06-23 09:25:23,721.25,128055
2021-06-23 09:25:27,721.25,128493
2021-06-23 09:25:31,721.45,128740
2021-06-23 09:25:34,721.5,129302
2021-06-23 09:25:38,721.5,129833
2021-06-23 09:25:42,721.85,130044
2021-06-23 09:25:50,721.95,130456
2021-06-23 09:25:53,721.95,130726
2021-06-23 09:26:01,721.8,131951
2021-06-23 09:26:05,721.8,132202
2021-06-23 09:26:13,721.8,133597
2021-06-23 09:26:17,721.75,133771
2021-06-23 09:26:21,722.4,141269
2021-06-23 09:26:24,722.1,141815
2021-06-23 09:26:28,722.2,143046
2021-06-23 09:26:32,722.3,143611
2021-06-23 09:26:35,722.8,144271
2021-06-23 09:26:39,722.4,148948
2021-06-23 09:26:43,722.4,150071
2021-06-23 09:26:46,722.5,150284
2021-06-23 09:26:50,722.3,150787
2021-06-23 09:26:54,722.5,151217
2021-06-23 09:26:57,722.4,151518
2021-06-23 09:27:01,722.4,153389
2021-06-23 09:27:05,722.4,153457
2021-06-23 09:27:09,722.4,153777
2021-06-23 09:27:12,722.3,154224
2021-06-23 09:27:16,722.3,154911
2021-06-23 09:27:20,722.3,155394
2021-06-23 09:27:24,722.15,156200
2021-06-23 09:27:28,722.4,157439
2021-06-23 09:27:32,722.4,157815
2021-06-23 09:27:35,722.4,157936
2021-06-23 09:27:42,722.25,158551
2021-06-23 09:27:46,722.4,160429
2021-06-23 09:27:50,722.4,160965
2021-06-23 09:27:53,722.5,161159
2021-06-23 09:27:56,722.25,161397
2021-06-23 09:28:00,722.4,161552
2021-06-23 09:28:03,722.5,162876
2021-06-23 09:28:07,722.75,164246
2021-06-23 09:28:11,722.4,164582
2021-06-23 09:28:14,722.75,165197
2021-06-23 09:28:18,722.8,165373
2021-06-23 09:28:21,722.6,166138
2021-06-23 09:28:25,722.75,166353
2021-06-23 09:28:29,722.6,167364
2021-06-23 09:28:32,722.65,167537
2021-06-23 09:28:36,722.75,167699
2021-06-23 09:28:39,722.8,167951
2021-06-23 09:28:43,722.75,168230
2021-06-23 09:28:46,722.75,168362
2021-06-23 09:28:54,722.75,168632
2021-06-23 09:28:58,722.6,168659
2021-06-23 09:29:02,722.65,170431
2021-06-23 09:29:06,722.65,171125
2021-06-23 09:29:10,722.65,171810
2021-06-23 09:29:13,722.65,171867
2021-06-23 09:29:17,722.8,172511
2021-06-23 09:29:25,722.65,172965
2021-06-23 09:29:28,722.35,180685
2021-06-23 09:29:32,722.4,180953
2021-06-23 09:29:36,722.05,181858
2021-06-23 09:29:39,722.2,182139
2021-06-23 09:29:42,722.1,182326
2021-06-23 09:29:46,722.1,182627
2021-06-23 09:29:49,722.05,184362
2021-06-23 09:29:53,722.15,184566
2021-06-23 09:29:57,722.05,184622
2021-06-23 09:30:01,722.05,185289
2021-06-23 09:30:04,722.05,185851
2021-06-23 09:30:08,722.1,187253
2021-06-23 09:30:12,722.1,188895
2021-06-23 09:30:15,721.6,189302
2021-06-23 09:30:19,722.05,189848
2021-06-23 09:30:23,721.5,190675
2021-06-23 09:30:24,721.75,190749
2021-06-23 09:30:25,721.5,190849
2021-06-23 09:30:26,721.5,191699
2021-06-23 09:30:27,721.6,191756
2021-06-23 09:30:28,721.6,191773
2021-06-23 09:30:29,721.5,191783
2021-06-23 09:30:31,721.6,191823
2021-06-23 09:30:31,721.5,191824
2021-06-23 09:30:32,721.6,191827
2021-06-23 09:30:33,721.6,191871
2021-06-23 09:30:34,721.5,191986
2021-06-23 09:30:35,721.5,191986
2021-06-23 09:30:36,721.6,191998
2021-06-23 09:30:37,721.5,192070
2021-06-23 09:30:38,721.6,192071
2021-06-23 09:30:39,721.5,192176
2021-06-23 09:30:40,721.6,192948
2021-06-23 09:30:41,722.1,196177
2021-06-23 09:30:42,722.2,196415
2021-06-23 09:30:43,722.15,196564
2021-06-23 09:30:44,722.15,196574
2021-06-23 09:30:45,722.15,196574
2021-06-23 09:30:46,722.15,196574
2021-06-23 09:30:47,722.4,196575
2021-06-23 09:30:48,722.4,196576
2021-06-23 09:30:49,722.15,196591
2021-06-23 09:30:50,722.15,196616
2021-06-23 09:30:51,722.4,196868
2021-06-23 09:30:52,722.15,197264
2021-06-23 09:30:53,722.2,197410
2021-06-23 09:30:54,722.2,197410
2021-06-23 09:30:55,722.2,197410
2021-06-23 09:30:57,722.2,198295
2021-06-23 09:30:58,722.25,198399
2021-06-23 09:30:59,722.25,198399
2021-06-23 09:31:00,722.2,198410
2021-06-23 09:31:01,722.25,198901
2021-06-23 09:31:02,722.25,199353
2021-06-23 09:31:03,722.2,199429
2021-06-23 09:31:05,722.2,199569
2021-06-23 09:31:04,722.2,199569
2021-06-23 09:31:06,722.25,199836
2021-06-23 09:31:07,722.25,200697
2021-06-23 09:31:08,722.2,201260
2021-06-23 09:31:09,722.25,201310
2021-06-23 09:31:10,721.85,201315
2021-06-23 09:31:11,721.75,201483
2021-06-23 09:31:12,722.0,201525
2021-06-23 09:31:13,722.0,201652
2021-06-23 09:31:14,721.9,201852
2021-06-23 09:31:15,721.6,202117
2021-06-23 09:31:16,721.85,202592
2021-06-23 09:31:17,721.85,202734
2021-06-23 09:31:18,721.7,203009
2021-06-23 09:31:19,721.6,203249
2021-06-23 09:31:20,721.45,203335
2021-06-23 09:31:21,721.5,203742
2021-06-23 09:31:22,721.0,207052
2021-06-23 09:31:23,721.05,207279
2021-06-23 09:31:24,721.05,208020
2021-06-23 09:31:25,721.05,208288
2021-06-23 09:31:26,720.95,208932
2021-06-23 09:31:27,721.0,210012
2021-06-23 09:31:28,721.05,210099
2021-06-23 09:31:29,720.95,210684
2021-06-23 09:31:30,721.2,210694
2021-06-23 09:31:31,721.2,210694
2021-06-23 09:31:32,721.0,210970
2021-06-23 09:31:33,721.0,211071
2021-06-23 09:31:34,721.0,211188
2021-06-23 09:31:35,720.55,211421
2021-06-23 09:31:36,720.6,211638
2021-06-23 09:31:41,720.95,212337
2021-06-23 09:31:41,720.6,213037
2021-06-23 09:31:43,720.9,213118
2021-06-23 09:31:44,720.95,213138
2021-06-23 09:31:45,720.95,213145
2021-06-23 09:31:46,720.5,214167
2021-06-23 09:31:47,720.5,214509
2021-06-23 09:31:48,720.65,214674
2021-06-23 09:31:49,720.65,214824
2021-06-23 09:31:50,720.9,215629
2021-06-23 09:31:51,720.9,217050
2021-06-23 09:31:51,720.8,217051
2021-06-23 09:31:52,720.6,217082
2021-06-23 09:31:53,720.5,218039
2021-06-23 09:31:54,720.5,218275
2021-06-23 09:31:55,720.5,219510
2021-06-23 09:31:56,720.45,220215
2021-06-23 09:31:57,720.15,221020
2021-06-23 09:31:58,720.4,221223
2021-06-23 09:31:59,720.4,221243
2021-06-23 09:32:00,719.9,223495
2021-06-23 09:32:01,720.4,224569
2021-06-23 09:32:02,720.4,224589
2021-06-23 09:32:03,720.4,224861
2021-06-23 09:32:04,720.1,225919
2021-06-23 09:32:05,720.0,226685
2021-06-23 09:32:06,720.0,227625
2021-06-23 09:32:07,720.35,228404
2021-06-23 09:32:08,720.4,228552
2021-06-23 09:32:09,720.0,229322
2021-06-23 09:32:10,720.4,229415
2021-06-23 09:32:11,720.0,229645
2021-06-23 09:32:12,720.05,230815
2021-06-23 09:32:13,720.0,231425
2021-06-23 09:32:14,720.0,231425
2021-06-23 09:32:15,720.0,231439
2021-06-23 09:32:16,720.0,232430
2021-06-23 09:32:17,720.4,232665
2021-06-23 09:32:18,720.0,232750
2021-06-23 09:32:19,720.0,233778
2021-06-23 09:32:20,720.4,233929
2021-06-23 09:32:21,720.4,233931
2021-06-23 09:32:22,720.5,235462
2021-06-23 09:32:23,720.5,235528
2021-06-23 09:32:25,720.35,235777
2021-06-23 09:32:26,720.35,235778
2021-06-23 09:32:27,720.35,236343
2021-06-23 09:32:28,720.35,236344
2021-06-23 09:32:29,720.5,236529
2021-06-23 09:32:30,720.5,236529
2021-06-23 09:32:31,720.35,237716
2021-06-23 09:32:32,720.6,239567
2021-06-23 09:32:33,720.5,240572
2021-06-23 09:32:34,720.8,240826
2021-06-23 09:32:36,721.15,240927
2021-06-23 09:32:37,721.15,240935
2021-06-23 09:32:38,721.15,240935
2021-06-23 09:32:39,721.0,240936
2021-06-23 09:32:40,721.15,241052
2021-06-23 09:32:41,721.15,241152
2021-06-23 09:32:43,721.45,242080
2021-06-23 09:32:44,721.0,242081
2021-06-23 09:32:45,721.0,242344
2021-06-23 09:32:46,721.35,242601
2021-06-23 09:32:46,721.35,242602
2021-06-23 09:32:47,721.05,242929
2021-06-23 09:32:48,721.05,242954
2021-06-23 09:32:49,721.05,243136
2021-06-23 09:32:50,721.05,243296
2021-06-23 09:32:51,721.15,243830
2021-06-23 09:32:52,721.15,243830
2021-06-23 09:32:53,721.15,243896
2021-06-23 09:32:54,721.4,243946
2021-06-23 09:32:55,721.15,244043
2021-06-23 09:32:56,721.5,244271
2021-06-23 09:32:58,721.45,244704
2021-06-23 09:32:59,721.15,244705
2021-06-23 09:33:00,721.15,244912
2021-06-23 09:33:01,721.15,244912
2021-06-23 09:33:02,721.15,244912
2021-06-23 09:33:03,721.2,245161
2021-06-23 09:33:03,721.2,245161
2021-06-23 09:33:04,721.15,245362
2021-06-23 09:33:05,721.15,245362
2021-06-23 09:33:06,721.2,245393
2021-06-23 09:33:07,721.15,246267
2021-06-23 09:33:08,721.25,246345
2021-06-23 09:33:09,721.2,246512
2021-06-23 09:33:10,721.2,246713
2021-06-23 09:33:11,721.25,246865
2021-06-23 09:33:12,721.25,246940
2021-06-23 09:33:14,721.2,247181
2021-06-23 09:33:15,721.2,247192
2021-06-23 09:33:16,721.65,247640
2021-06-23 09:33:17,721.25,247823
2021-06-23 09:33:18,721.55,247824
2021-06-23 09:33:19,721.25,247915
2021-06-23 09:33:20,721.55,247920
2021-06-23 09:33:23,721.3,248320
2021-06-23 09:33:23,721.55,248512
2021-06-23 09:33:24,721.55,248603
2021-06-23 09:33:25,721.55,248623
2021-06-23 09:33:26,721.55,248734
2021-06-23 09:33:27,721.55,248734
2021-06-23 09:33:28,721.55,248734
2021-06-23 09:33:30,721.3,248864
2021-06-23 09:33:30,721.6,248865
2021-06-23 09:33:31,721.3,249008
2021-06-23 09:33:33,721.3,249016
2021-06-23 09:33:35,721.35,249045
2021-06-23 09:33:34,721.3,249016
2021-06-23 09:33:36,721.35,249098
2021-06-23 09:33:37,721.35,249117
2021-06-23 09:33:38,721.55,249268
2021-06-23 09:33:39,721.55,249268
2021-06-23 09:33:40,721.35,250234
2021-06-23 09:33:41,721.45,250235
2021-06-23 09:33:42,721.55,250365
2021-06-23 09:33:43,721.55,250365
2021-06-23 09:33:44,721.85,250468
2021-06-23 09:33:46,721.55,250608
2021-06-23 09:33:47,721.55,250608
2021-06-23 09:33:48,721.6,250665
2021-06-23 09:33:49,721.55,250959
2021-06-23 09:33:50,721.55,251060
2021-06-23 09:33:51,721.55,251143
2021-06-23 09:33:52,721.6,251197
2021-06-23 09:33:53,721.95,251412
2021-06-23 09:33:54,721.55,251473
2021-06-23 09:33:55,721.55,251574
2021-06-23 09:33:55,721.55,251574
2021-06-23 09:33:56,721.75,251636
2021-06-23 09:33:57,721.5,251651
2021-06-23 09:33:58,721.5,251677
2021-06-23 09:34:00,721.45,251918
2021-06-23 09:34:00,721.45,251918
2021-06-23 09:34:02,721.45,251918
2021-06-23 09:34:03,721.5,252253
2021-06-23 09:34:04,721.5,252272
2021-06-23 09:34:06,721.5,252347
2021-06-23 09:34:07,721.55,255102
2021-06-23 09:34:08,721.65,255386
2021-06-23 09:34:09,721.5,255586
2021-06-23 09:34:10,721.45,255608
2021-06-23 09:34:11,721.45,255608
2021-06-23 09:34:12,721.65,255610
2021-06-23 09:34:13,721.65,255684
2021-06-23 09:34:14,721.65,255684
2021-06-23 09:34:15,721.6,255980
2021-06-23 09:34:16,721.6,255989
2021-06-23 09:34:17,721.6,256009
2021-06-23 09:34:18,721.5,256018
2021-06-23 09:34:19,721.65,256031
2021-06-23 09:34:20,721.65,256031
2021-06-23 09:34:21,721.65,256161
2021-06-23 09:34:22,721.65,256230
2021-06-23 09:34:23,721.65,256394
2021-06-23 09:34:24,721.65,256394
2021-06-23 09:34:25,721.65,256394
2021-06-23 09:34:26,721.65,256531
2021-06-23 09:34:27,721.65,256625
2021-06-23 09:34:28,721.65,256627
2021-06-23 09:34:29,721.5,256842
2021-06-23 09:34:29,721.5,256842
2021-06-23 09:34:30,721.5,256862
2021-06-23 09:34:32,721.65,256867
2021-06-23 09:34:31,721.65,256867
2021-06-23 09:34:33,721.65,256867
2021-06-23 09:34:35,721.65,256875
2021-06-23 09:34:35,721.65,256875
2021-06-23 09:34:36,721.5,257202
2021-06-23 09:34:37,721.5,257202
2021-06-23 09:34:39,721.5,257218
2021-06-23 09:34:40,721.55,257221
2021-06-23 09:34:41,721.55,257272
2021-06-23 09:34:42,721.5,257293
2021-06-23 09:34:43,721.5,257308
2021-06-23 09:34:44,721.5,257308
2021-06-23 09:34:45,721.55,257322
2021-06-23 09:34:46,721.5,258587
2021-06-23 09:34:47,721.3,258605
2021-06-23 09:34:48,721.3,258605
2021-06-23 09:34:49,721.5,259105
2021-06-23 09:34:50,721.5,259105
2021-06-23 09:34:51,721.3,259175
2021-06-23 09:34:52,721.3,259553
2021-06-23 09:34:53,721.05,259558
2021-06-23 09:34:54,721.05,259566
2021-06-23 09:34:56,721.4,259604
2021-06-23 09:34:57,721.4,259638
2021-06-23 09:34:58,721.4,259638
2021-06-23 09:34:59,721.5,259838
2021-06-23 09:35:00,721.0,260839
2021-06-23 09:35:01,721.15,260849
2021-06-23 09:35:02,721.15,260849
2021-06-23 09:35:03,721.15,260849
2021-06-23 09:35:04,721.1,261000
2021-06-23 09:35:04,721.1,261000
2021-06-23 09:35:06,721.4,261067
2021-06-23 09:35:07,721.25,261076
2021-06-23 09:35:08,721.15,261176
2021-06-23 09:35:09,721.35,261186
2021-06-23 09:35:10,721.35,261236
2021-06-23 09:35:11,721.35,261236
2021-06-23 09:35:12,721.35,261246
2021-06-23 09:35:13,721.25,261347
2021-06-23 09:35:14,721.25,261514
2021-06-23 09:35:15,721.35,261545
2021-06-23 09:35:17,721.1,262966
2021-06-23 09:35:18,721.25,263020
2021-06-23 09:35:19,721.25,263602
2021-06-23 09:35:20,721.1,265033
2021-06-23 09:35:21,721.1,265234
2021-06-23 09:35:22,721.1,265234
2021-06-23 09:35:23,721.1,265234
2021-06-23 09:35:23,721.0,265665
2021-06-23 09:35:25,721.0,265738
2021-06-23 09:35:26,721.0,265778
2021-06-23 09:35:27,720.85,265797
2021-06-23 09:35:27,720.85,265797
2021-06-23 09:35:30,721.0,265892
2021-06-23 09:35:31,720.85,265902
2021-06-23 09:35:32,720.75,267301
2021-06-23 09:35:33,720.85,267309
2021-06-23 09:35:34,720.65,268698
2021-06-23 09:35:35,720.95,269161
2021-06-23 09:35:36,720.85,269190
2021-06-23 09:35:38,720.95,271479
2021-06-23 09:35:40,720.85,275137
2021-06-23 09:35:41,721.15,275138
2021-06-23 09:35:42,720.95,275154
2021-06-23 09:35:43,721.0,275875
2021-06-23 09:35:44,721.15,276524
2021-06-23 09:35:46,721.05,277683
2021-06-23 09:35:47,721.15,277759
2021-06-23 09:35:48,721.15,278579
2021-06-23 09:35:49,721.15,278579
2021-06-23 09:35:50,721.05,279294
2021-06-23 09:35:51,721.05,279294
2021-06-23 09:35:52,721.05,279294
2021-06-23 09:35:53,721.1,279805
2021-06-23 09:35:54,720.95,280228
2021-06-23 09:35:55,720.95,280334
2021-06-23 09:35:56,721.1,280504
2021-06-23 09:35:57,720.85,280970
2021-06-23 09:35:58,720.85,280970
2021-06-23 09:35:59,720.85,280970
2021-06-23 09:36:00,720.7,281128
2021-06-23 09:36:01,720.7,281128
2021-06-23 09:36:02,720.85,281355
2021-06-23 09:36:03,720.85,281355
2021-06-23 09:36:04,720.85,281355
2021-06-23 09:36:05,720.85,281355
2021-06-23 09:36:06,720.8,281538
2021-06-23 09:36:07,720.7,281556
2021-06-23 09:36:08,720.8,281561
2021-06-23 09:36:09,720.7,281818
2021-06-23 09:36:10,720.7,281828
2021-06-23 09:36:12,720.7,281989
2021-06-23 09:36:13,720.7,282081
2021-06-23 09:36:14,720.5,282111
2021-06-23 09:36:15,720.5,282111
2021-06-23 09:36:16,720.55,282343
2021-06-23 09:36:17,720.5,282362
2021-06-23 09:36:18,720.5,282362
2021-06-23 09:36:19,720.5,282595
2021-06-23 09:36:20,720.5,283223
2021-06-23 09:36:21,720.55,283283
2021-06-23 09:36:22,720.55,283283
2021-06-23 09:36:23,720.5,283515
2021-06-23 09:36:24,720.55,283600
2021-06-23 09:36:25,720.55,283600
2021-06-23 09:36:26,720.5,284113
2021-06-23 09:36:27,720.65,284463
2021-06-23 09:36:28,720.5,284873
2021-06-23 09:36:29,720.65,284875
2021-06-23 09:36:30,720.55,285131
2021-06-23 09:36:31,720.5,285363
2021-06-23 09:36:32,720.5,285376
2021-06-23 09:36:33,720.5,285376
2021-06-23 09:36:34,720.5,285376
2021-06-23 09:36:35,720.55,285393
2021-06-23 09:36:36,720.55,285393
2021-06-23 09:36:37,720.65,285422
2021-06-23 09:36:38,720.55,285663
2021-06-23 09:36:39,720.55,285713
2021-06-23 09:36:40,720.65,285963
2021-06-23 09:36:41,720.65,285963
2021-06-23 09:36:42,720.6,286022
2021-06-23 09:36:43,720.6,286022
2021-06-23 09:36:44,720.6,286022
2021-06-23 09:36:45,720.6,286044
2021-06-23 09:36:46,720.65,287011
2021-06-23 09:36:47,720.7,287463
2021-06-23 09:36:49,720.85,287470
2021-06-23 09:36:50,720.55,287810
2021-06-23 09:36:51,720.55,287810
2021-06-23 09:36:52,720.55,287810
2021-06-23 09:36:53,720.55,287810
2021-06-23 09:36:54,720.6,287812
2021-06-23 09:36:56,720.85,288130
2021-06-23 09:36:55,720.6,287830
2021-06-23 09:36:57,720.85,288203
2021-06-23 09:36:58,720.85,288203
2021-06-23 09:36:59,720.85,288203
2021-06-23 09:37:00,720.8,288263
2021-06-23 09:37:01,720.55,290240
2021-06-23 09:37:02,720.5,290386
2021-06-23 09:37:03,720.55,290551
2021-06-23 09:37:04,720.85,290772
2021-06-23 09:37:05,720.85,290772
2021-06-23 09:37:06,720.6,290924
2021-06-23 09:37:07,720.6,290924
2021-06-23 09:37:08,720.65,290925
2021-06-23 09:37:09,720.8,291024
2021-06-23 09:37:10,720.6,291044
2021-06-23 09:37:11,720.8,291125
2021-06-23 09:37:12,720.8,291125
2021-06-23 09:37:13,720.8,291166
2021-06-23 09:37:14,720.85,291307
2021-06-23 09:37:15,720.85,291957
2021-06-23 09:37:16,720.85,291957
2021-06-23 09:37:17,720.8,291968
2021-06-23 09:37:18,720.8,291988
2021-06-23 09:37:19,720.8,292128
2021-06-23 09:37:20,720.8,292203
2021-06-23 09:37:22,720.8,292239
2021-06-23 09:37:23,720.8,292239
2021-06-23 09:37:24,720.8,292239
2021-06-23 09:37:25,720.8,292239
2021-06-23 09:37:26,720.8,292259
2021-06-23 09:37:27,720.95,292402
2021-06-23 09:37:28,720.8,292408
2021-06-23 09:37:29,720.8,292522
2021-06-23 09:37:31,720.9,293297
2021-06-23 09:37:32,720.9,293297
2021-06-23 09:37:33,720.8,293300
2021-06-23 09:37:34,720.7,293306
2021-06-23 09:37:35,720.8,293346
2021-06-23 09:37:36,720.65,293348
2021-06-23 09:37:37,720.9,293562
2021-06-23 09:37:38,720.65,293572
2021-06-23 09:37:39,720.65,293632
2021-06-23 09:37:40,720.65,293632
2021-06-23 09:37:41,720.9,293635
2021-06-23 09:37:42,720.9,293738
2021-06-23 09:37:43,720.9,293738
2021-06-23 09:37:44,720.9,293795
2021-06-23 09:37:45,720.8,293796
2021-06-23 09:37:46,720.65,293827
2021-06-23 09:37:47,720.8,293845
2021-06-23 09:37:48,720.8,293880
2021-06-23 09:37:49,720.8,293890
2021-06-23 09:37:51,720.8,293890
2021-06-23 09:37:52,720.8,293890
2021-06-23 09:37:53,720.8,293890
2021-06-23 09:37:54,720.8,293890
2021-06-23 09:37:55,720.9,293893
2021-06-23 09:37:56,720.8,293898
2021-06-23 09:37:57,720.8,293916
2021-06-23 09:37:58,720.8,293916
2021-06-23 09:37:59,720.8,293923
2021-06-23 09:38:00,720.8,293930
2021-06-23 09:38:01,720.8,293930
2021-06-23 09:38:03,720.8,294040
2021-06-23 09:38:05,720.9,294060
2021-06-23 09:38:06,720.9,294060
2021-06-23 09:38:07,720.8,294078
2021-06-23 09:38:08,720.8,294078
2021-06-23 09:38:09,720.8,294078
2021-06-23 09:38:10,720.8,294078
2021-06-23 09:38:11,720.9,294534
2021-06-23 09:38:12,720.9,294534
2021-06-23 09:38:13,720.95,294604
2021-06-23 09:38:15,720.95,294617
2021-06-23 09:38:15,720.95,294617
2021-06-23 09:38:16,721.0,300287
2021-06-23 09:38:17,721.05,300430
2021-06-23 09:38:18,721.0,300645
2021-06-23 09:38:19,721.0,300645
2021-06-23 09:38:20,721.05,300698
2021-06-23 09:38:22,721.0,300714
2021-06-23 09:38:22,721.0,300713
2021-06-23 09:38:24,721.05,300734
2021-06-23 09:38:24,721.05,300719
2021-06-23 09:38:29,721.05,301071
2021-06-23 09:38:30,721.05,301071
2021-06-23 09:38:32,721.0,302009
2021-06-23 09:38:33,721.0,302019
2021-06-23 09:38:34,721.0,302024
2021-06-23 09:38:35,721.0,302172
2021-06-23 09:38:37,721.0,302194
2021-06-23 09:38:37,721.0,302194
2021-06-23 09:38:39,721.0,302204
2021-06-23 09:38:40,721.0,303934
2021-06-23 09:38:40,721.05,304006
2021-06-23 09:38:42,721.05,304006
2021-06-23 09:38:42,721.05,304011
2021-06-23 09:38:43,721.05,304011
2021-06-23 09:38:44,721.05,304036
2021-06-23 09:38:45,720.95,304047
2021-06-23 09:38:47,721.05,304231
2021-06-23 09:38:48,720.95,304241
2021-06-23 09:38:49,720.95,304243
2021-06-23 09:38:51,721.0,304246
2021-06-23 09:38:52,720.95,304256
2021-06-23 09:38:53,720.95,304257
2021-06-23 09:38:54,720.95,304257
2021-06-23 09:38:54,720.95,304257
2021-06-23 09:38:55,720.95,304355
2021-06-23 09:38:57,721.05,304600
2021-06-23 09:38:58,721.05,304756
2021-06-23 09:38:58,721.05,304756
2021-06-23 09:38:59,720.95,304759
2021-06-23 09:39:00,721.0,304778
2021-06-23 09:39:01,721.0,304780
2021-06-23 09:39:02,721.0,304790
2021-06-23 09:39:03,721.0,304790
2021-06-23 09:39:05,721.0,304800
2021-06-23 09:39:05,721.0,304800
2021-06-23 09:39:06,720.95,304828
2021-06-23 09:39:08,721.0,304899
2021-06-23 09:39:09,720.95,305550
2021-06-23 09:39:10,721.0,306381
2021-06-23 09:39:10,721.0,306381
2021-06-23 09:39:11,721.0,306406
2021-06-23 09:39:12,721.0,306556
2021-06-23 09:39:13,721.0,306556
2021-06-23 09:39:14,721.0,306556
2021-06-23 09:39:16,721.0,306566
2021-06-23 09:39:16,721.0,306584
2021-06-23 09:39:18,721.0,306612
2021-06-23 09:39:18,721.0,306612
2021-06-23 09:39:19,721.0,306612
2021-06-23 09:39:20,721.0,306622
2021-06-23 09:39:21,721.0,306682
2021-06-23 09:39:22,721.0,306732
2021-06-23 09:39:24,721.0,306864
2021-06-23 09:39:24,721.0,306864
2021-06-23 09:39:25,721.0,307068
2021-06-23 09:39:26,720.95,307069
2021-06-23 09:39:28,720.95,307069
2021-06-23 09:39:28,721.0,307083
2021-06-23 09:39:30,721.0,307113
2021-06-23 09:39:31,721.0,307113
2021-06-23 09:39:32,720.95,307143
2021-06-23 09:39:32,720.95,307143
2021-06-23 09:39:33,720.95,307143
2021-06-23 09:39:34,720.95,307143
2021-06-23 09:39:35,721.0,307144
2021-06-23 09:39:36,720.95,307145
2021-06-23 09:39:37,720.95,307164
2021-06-23 09:39:38,720.95,307164
2021-06-23 09:39:39,721.0,307217
2021-06-23 09:39:40,720.95,307237
2021-06-23 09:39:41,720.95,307249
2021-06-23 09:39:43,720.95,307359
2021-06-23 09:39:44,721.2,308558
2021-06-23 09:39:45,721.0,308574
2021-06-23 09:39:48,721.5,308729
2021-06-23 09:39:48,721.5,310502
2021-06-23 09:39:50,721.6,310598
2021-06-23 09:39:52,721.6,310613
2021-06-23 09:39:53,721.25,311127
2021-06-23 09:39:53,721.25,311127
2021-06-23 09:39:55,721.6,311161
2021-06-23 09:39:56,721.6,311192
2021-06-23 09:39:57,721.25,311210
2021-06-23 09:39:58,721.25,311210
2021-06-23 09:39:59,721.55,311254
2021-06-23 09:40:00,721.55,311254
2021-06-23 09:40:01,721.3,311358
2021-06-23 09:40:02,721.55,311368
2021-06-23 09:40:03,721.55,311368
2021-06-23 09:40:04,721.55,311368
2021-06-23 09:40:05,721.55,311368
2021-06-23 09:40:06,721.55,311373
2021-06-23 09:40:06,721.55,311373
2021-06-23 09:40:07,721.3,311435
2021-06-23 09:40:08,721.55,311439
2021-06-23 09:40:09,721.5,314644
2021-06-23 09:40:10,721.55,314731
2021-06-23 09:40:11,721.55,314733
2021-06-23 09:40:12,721.55,314734
2021-06-23 09:40:13,721.5,314837
2021-06-23 09:40:15,721.0,315914
2021-06-23 09:40:17,721.05,315993
2021-06-23 09:40:19,721.35,316093
2021-06-23 09:40:20,721.35,316093
2021-06-23 09:40:20,721.35,316093
2021-06-23 09:40:21,721.1,316187
2021-06-23 09:40:22,721.1,316187
2021-06-23 09:40:25,721.35,316219
2021-06-23 09:40:28,721.4,316370
2021-06-23 09:40:32,721.5,316646
2021-06-23 09:40:35,721.4,317661
2021-06-23 09:40:39,721.35,317946
2021-06-23 09:40:45,721.35,320214
2021-06-23 09:40:49,721.4,320274
2021-06-23 09:40:52,721.35,320518
2021-06-23 09:40:55,721.5,320540
2021-06-23 09:40:58,721.35,320560
2021-06-23 09:41:01,721.5,320571
2021-06-23 09:41:05,721.4,320576
2021-06-23 09:41:08,721.55,321031
2021-06-23 09:41:11,721.55,321206
2021-06-23 09:41:15,721.5,322072
2021-06-23 09:41:18,721.55,322325
2021-06-23 09:41:21,721.7,322592
2021-06-23 09:41:25,721.6,322763
2021-06-23 09:41:28,721.6,322848
2021-06-23 09:41:31,721.7,322889
2021-06-23 09:41:34,721.8,323304
2021-06-23 09:41:37,721.7,323329
2021-06-23 09:41:41,721.7,323574
2021-06-23 09:41:44,721.4,326241
2021-06-23 09:41:47,721.6,326509
2021-06-23 09:41:50,721.6,326536
2021-06-23 09:41:53,721.4,326556
2021-06-23 09:41:59,721.5,326702
2021-06-23 09:42:02,721.35,327188
2021-06-23 09:42:06,721.35,327511
2021-06-23 09:42:09,721.2,327536
2021-06-23 09:42:12,721.15,328096
2021-06-23 09:42:16,721.15,328096
2021-06-23 09:42:19,721.15,328219
2021-06-23 09:42:22,721.2,328286
2021-06-23 09:42:25,721.2,328309
2021-06-23 09:42:28,721.45,328646
2021-06-23 09:42:32,721.45,328740
2021-06-23 09:42:35,721.45,328843
2021-06-23 09:42:38,721.45,328980
2021-06-23 09:42:41,721.4,330964
2021-06-23 09:42:45,721.45,330970
2021-06-23 09:42:48,721.4,331007
2021-06-23 09:42:51,721.4,331222
2021-06-23 09:42:54,721.45,331276
2021-06-23 09:42:57,721.45,331444
2021-06-23 09:43:00,721.4,331538
2021-06-23 09:43:07,721.4,331780
2021-06-23 09:43:10,721.45,332195
2021-06-23 09:43:13,721.2,332205
2021-06-23 09:43:16,721.25,332406
2021-06-23 09:43:19,721.2,332488
2021-06-23 09:43:22,721.2,332488
2021-06-23 09:43:25,721.5,332498
2021-06-23 09:43:28,721.2,332946
2021-06-23 09:43:32,721.2,332996
2021-06-23 09:43:35,721.55,333005
2021-06-23 09:43:39,721.25,333039
2021-06-23 09:43:42,721.25,333047
2021-06-23 09:43:46,721.25,333107
2021-06-23 09:43:49,721.25,333159
2021-06-23 09:43:52,721.25,333707
2021-06-23 09:43:55,721.35,333717
2021-06-23 09:43:57,721.15,333768
2021-06-23 09:44:00,721.4,333997
2021-06-23 09:44:04,721.1,334374
2021-06-23 09:44:07,721.1,334397
2021-06-23 09:44:11,721.1,334506
2021-06-23 09:44:14,721.1,334539
2021-06-23 09:44:17,721.1,334614
2021-06-23 09:44:20,721.1,334726
2021-06-23 09:44:23,721.3,335177
2021-06-23 09:44:26,721.1,335217
2021-06-23 09:44:29,721.0,335310
2021-06-23 09:44:32,721.1,335355
2021-06-23 09:44:36,721.0,335457
2021-06-23 09:44:39,721.0,335475
2021-06-23 09:44:43,721.1,335528
2021-06-23 09:44:46,721.15,335712
2021-06-23 09:44:49,721.15,336038
2021-06-23 09:44:53,721.3,336163
2021-06-23 09:44:56,721.15,336183
2021-06-23 09:45:00,721.15,336526
2021-06-23 09:45:03,721.15,336729
2021-06-23 09:45:06,721.15,336729
2021-06-23 09:45:09,721.05,340612
2021-06-23 09:45:13,720.85,342669
2021-06-23 09:45:17,720.65,342938
2021-06-23 09:45:20,720.65,343535
2021-06-23 09:45:24,720.65,343574
2021-06-23 09:45:27,720.8,343598
2021-06-23 09:45:31,720.65,343678
2021-06-23 09:45:35,720.65,343908
2021-06-23 09:45:38,720.65,344048
2021-06-23 09:45:41,720.65,344259
2021-06-23 09:45:45,720.65,344393
2021-06-23 09:45:48,720.65,344638
2021-06-23 09:45:51,720.75,344725
2021-06-23 09:45:54,720.55,344956
2021-06-23 09:45:57,720.55,345136
2021-06-23 09:46:01,720.8,345146
2021-06-23 09:46:04,720.55,345167
2021-06-23 09:46:07,720.55,345189
2021-06-23 09:46:10,720.55,345699
2021-06-23 09:46:13,720.65,345802
2021-06-23 09:46:19,720.55,345854
2021-06-23 09:46:22,720.65,345905
2021-06-23 09:46:25,720.55,345911
2021-06-23 09:46:28,720.65,346032
2021-06-23 09:46:34,720.65,346132
2021-06-23 09:46:38,720.55,346170
2021-06-23 09:46:41,720.65,346569
2021-06-23 09:46:44,720.65,346674
2021-06-23 09:46:47,720.65,346693
2021-06-23 09:46:50,720.75,346703
2021-06-23 09:46:54,720.75,346703
2021-06-23 09:46:57,720.75,346774
2021-06-23 09:47:00,720.55,346962
2021-06-23 09:47:03,720.6,347072
2021-06-23 09:47:06,720.65,347110
2021-06-23 09:47:17,720.55,347517
2021-06-23 09:47:20,720.65,347524
2021-06-23 09:47:23,720.55,347667
2021-06-23 09:47:25,720.55,347773
2021-06-23 09:47:28,720.65,348256
2021-06-23 09:47:31,720.4,348392
2021-06-23 09:47:34,720.55,348452
2021-06-23 09:47:38,720.55,348759
2021-06-23 09:47:41,720.4,348951
2021-06-23 09:47:44,720.35,349158
2021-06-23 09:47:47,720.4,349176
2021-06-23 09:47:51,720.5,349558
2021-06-23 09:47:54,720.4,349712
2021-06-23 09:47:57,720.4,349734
2021-06-23 09:48:01,720.4,349911
2021-06-23 09:48:04,720.5,349936
2021-06-23 09:48:07,720.4,350004
2021-06-23 09:48:09,720.35,350056
2021-06-23 09:48:12,720.35,350252
2021-06-23 09:48:15,720.35,350682
2021-06-23 09:48:19,720.3,351288
2021-06-23 09:48:22,720.5,351553
2021-06-23 09:48:25,720.5,351572
2021-06-23 09:48:28,720.4,354608
2021-06-23 09:48:31,720.7,354775
2021-06-23 09:48:34,720.5,354883
2021-06-23 09:48:37,720.5,354901
2021-06-23 09:48:43,720.5,355680
2021-06-23 09:48:47,720.35,355929
2021-06-23 09:48:50,720.5,356120
2021-06-23 09:48:53,720.5,356401
2021-06-23 09:48:56,720.45,358527
2021-06-23 09:48:59,720.5,358695
2021-06-23 09:49:02,720.5,358749
2021-06-23 09:49:05,720.5,358750
2021-06-23 09:49:08,720.35,358783
2021-06-23 09:49:11,720.35,359106
2021-06-23 09:49:13,720.5,359306
2021-06-23 09:49:16,720.3,359317
2021-06-23 09:49:19,720.5,359382
2021-06-23 09:49:22,720.5,359699
2021-06-23 09:49:25,720.5,359700
2021-06-23 09:49:28,720.45,360218
2021-06-23 09:49:31,720.5,360226
2021-06-23 09:49:35,720.45,360238
2021-06-23 09:49:38,720.45,360334
2021-06-23 09:49:41,720.5,360362
2021-06-23 09:49:43,720.5,360398
2021-06-23 09:49:46,720.45,360505
2021-06-23 09:49:50,720.45,360525
2021-06-23 09:49:53,720.5,360589
2021-06-23 09:49:56,720.45,360639
2021-06-23 09:49:59,720.45,361061
2021-06-23 09:50:02,720.45,361111
2021-06-23 09:50:05,720.35,361164
2021-06-23 09:50:08,720.45,361295
2021-06-23 09:50:10,720.5,361325
2021-06-23 09:50:13,720.35,361825
2021-06-23 09:50:16,720.35,362055
2021-06-23 09:50:19,720.45,362077
2021-06-23 09:50:23,720.5,362228
2021-06-23 09:50:26,720.35,362252
2021-06-23 09:50:29,720.35,362271
2021-06-23 09:50:32,720.35,362271
2021-06-23 09:50:35,720.35,362449
2021-06-23 09:50:38,720.35,362449
2021-06-23 09:50:41,720.4,362868
2021-06-23 09:50:44,720.5,362951
2021-06-23 09:50:46,720.4,363091
2021-06-23 09:50:49,720.2,363412
2021-06-23 09:50:53,720.5,363413
2021-06-23 09:50:56,720.5,363414
2021-06-23 09:50:58,720.4,363434
2021-06-23 09:51:01,720.4,363434
2021-06-23 09:51:04,720.4,363489
2021-06-23 09:51:07,720.5,363598
2021-06-23 09:51:10,720.4,363853
2021-06-23 09:51:13,720.4,363998
2021-06-23 09:51:16,720.5,364002
2021-06-23 09:51:19,720.5,364190
2021-06-23 09:51:21,720.5,364290
2021-06-23 09:51:24,720.5,364310
2021-06-23 09:51:27,720.5,364528
2021-06-23 09:51:30,720.55,364537
2021-06-23 09:51:32,720.5,364858
2021-06-23 09:51:35,720.4,364946
2021-06-23 09:51:37,720.4,364965
2021-06-23 09:51:46,720.4,365422
2021-06-23 09:51:49,720.5,365571
2021-06-23 09:51:51,720.4,365604
2021-06-23 09:51:54,720.4,365649
2021-06-23 09:51:57,720.4,365717
2021-06-23 09:52:00,720.4,365844
2021-06-23 09:52:04,720.4,366065
2021-06-23 09:52:06,720.35,366130
2021-06-23 09:52:09,720.45,366134
2021-06-23 09:52:12,720.45,366264
2021-06-23 09:52:16,720.4,366396
2021-06-23 09:52:18,720.4,366461
2021-06-23 09:52:21,720.35,366561
2021-06-23 09:52:24,720.4,366661
2021-06-23 09:52:27,720.4,366713
2021-06-23 09:52:29,720.25,366718
2021-06-23 09:52:32,720.25,366721
2021-06-23 09:52:35,720.2,367265
2021-06-23 09:52:38,720.2,367307
2021-06-23 09:52:43,720.25,367310
2021-06-23 09:52:46,720.25,367310
2021-06-23 09:52:49,720.2,367442
2021-06-23 09:52:52,720.2,367450
2021-06-23 09:52:55,720.2,367507
2021-06-23 09:52:59,720.2,367531
2021-06-23 09:53:02,720.2,367699
2021-06-23 09:53:05,720.0,370878
2021-06-23 09:53:09,720.15,371452
2021-06-23 09:53:12,720.2,372327
2021-06-23 09:53:15,720.0,372625
2021-06-23 09:53:18,720.15,372836
2021-06-23 09:53:20,720.0,373396
2021-06-23 09:53:23,720.05,373449
2021-06-23 09:53:26,720.05,373628
2021-06-23 09:53:29,720.05,373699
2021-06-23 09:53:32,720.0,373978
2021-06-23 09:53:34,720.05,374126
2021-06-23 09:53:37,720.0,374667
2021-06-23 09:53:40,720.0,374679
2021-06-23 09:53:43,719.55,376023
2021-06-23 09:53:49,719.55,377547
2021-06-23 09:53:52,719.9,378307
2021-06-23 09:53:57,719.85,379098
2021-06-23 09:54:01,719.5,379258
2021-06-23 09:54:04,719.8,379485
2021-06-23 09:54:07,719.5,379643
2021-06-23 09:54:11,719.8,379771
2021-06-23 09:54:14,719.5,379971
2021-06-23 09:54:17,719.85,380240
2021-06-23 09:54:20,719.6,380690
2021-06-23 09:54:23,719.85,382135
2021-06-23 09:54:26,719.55,382466
2021-06-23 09:54:29,719.8,382645
2021-06-23 09:54:32,719.85,382867
2021-06-23 09:54:35,719.8,383088
2021-06-23 09:54:38,719.55,383248
2021-06-23 09:54:41,719.6,383292
2021-06-23 09:54:44,719.6,383308
2021-06-23 09:54:47,719.55,383606
2021-06-23 09:54:50,719.55,383636
2021-06-23 09:54:53,719.6,383702
2021-06-23 09:54:56,719.55,383721
2021-06-23 09:55:00,719.6,383813
2021-06-23 09:55:03,719.55,384367
2021-06-23 09:55:06,719.6,384368
2021-06-23 09:55:09,719.55,384550
2021-06-23 09:55:12,719.55,384682
2021-06-23 09:55:16,719.55,384825
2021-06-23 09:55:19,719.55,386013
2021-06-23 09:55:22,719.5,386156
2021-06-23 09:55:25,719.5,386426
2021-06-23 09:55:28,719.5,386743
2021-06-23 09:55:32,719.5,386843
2021-06-23 09:55:35,719.5,387362
2021-06-23 09:55:39,719.5,387558
2021-06-23 09:55:42,719.5,387613
2021-06-23 09:55:45,719.55,387696
2021-06-23 09:55:48,719.55,387740
2021-06-23 09:55:51,719.55,389339
2021-06-23 09:55:54,719.6,390147
2021-06-23 09:55:57,719.7,392277
2021-06-23 09:56:01,719.7,392771
2021-06-23 09:56:05,719.7,393835
2021-06-23 09:56:08,719.6,393921
2021-06-23 09:56:11,719.6,393951
2021-06-23 09:56:14,719.7,393956
2021-06-23 09:56:17,719.7,394169
2021-06-23 09:56:20,719.7,394208
2021-06-23 09:56:23,719.7,394464
2021-06-23 09:56:26,719.7,394534
2021-06-23 09:56:32,719.7,394587
2021-06-23 09:56:35,719.7,394742
2021-06-23 09:56:39,719.75,396950
2021-06-23 09:56:43,719.75,397175
2021-06-23 09:56:46,719.75,397175
2021-06-23 09:56:49,719.9,397192
2021-06-23 09:56:52,719.6,397930
2021-06-23 09:56:55,719.7,397986
2021-06-23 09:56:58,719.75,398005
2021-06-23 09:57:01,720.0,398391
2021-06-23 09:57:04,720.0,398639
2021-06-23 09:57:07,719.75,398671
2021-06-23 09:57:10,719.9,398715
2021-06-23 09:57:13,720.0,399270
2021-06-23 09:57:17,719.75,399340
2021-06-23 09:57:20,719.8,399740
2021-06-23 09:57:23,719.95,399795
2021-06-23 09:57:26,719.95,399795
2021-06-23 09:57:29,719.85,399813
2021-06-23 09:57:33,719.85,399813
2021-06-23 09:57:36,719.95,399816
2021-06-23 09:57:39,719.85,399885
2021-06-23 09:57:42,719.85,400010
2021-06-23 09:57:45,719.95,400088
2021-06-23 09:57:48,719.85,400722
2021-06-23 09:57:51,719.85,400763
2021-06-23 09:57:53,719.85,400788
2021-06-23 09:57:56,719.85,400975
2021-06-23 09:57:59,719.85,401047
2021-06-23 09:58:02,719.85,401246
2021-06-23 09:58:05,719.9,401482
2021-06-23 09:58:08,720.0,401828
2021-06-23 09:58:11,719.9,401834
2021-06-23 09:58:14,719.9,402182
2021-06-23 09:58:17,719.9,402210
2021-06-23 09:58:20,720.3,407382
2021-06-23 09:58:23,720.4,407601
2021-06-23 09:58:26,720.35,407775
2021-06-23 09:58:30,720.4,407796
2021-06-23 09:58:33,720.4,407812
2021-06-23 09:58:36,720.35,407859
2021-06-23 09:58:39,720.35,407877
2021-06-23 09:58:42,720.35,407887
2021-06-23 09:58:44,720.55,408016
2021-06-23 09:58:47,720.55,408017
2021-06-23 09:58:50,720.55,408154
2021-06-23 09:58:53,720.35,408357
2021-06-23 09:58:55,720.35,408437
2021-06-23 09:58:58,720.5,408556
2021-06-23 09:59:00,720.35,408757
2021-06-23 09:59:03,720.55,408957
2021-06-23 09:59:06,720.35,409060
2021-06-23 09:59:09,720.35,409134
2021-06-23 09:59:12,720.5,409176
2021-06-23 09:59:18,720.35,409464
2021-06-23 09:59:21,720.5,409565
2021-06-23 09:59:24,720.5,409576
2021-06-23 09:59:26,720.35,409602
2021-06-23 09:59:29,720.5,409606
2021-06-23 09:59:32,720.5,409606
2021-06-23 09:59:34,720.5,409687
2021-06-23 09:59:37,720.35,409706
2021-06-23 09:59:39,720.35,409706
2021-06-23 09:59:42,720.45,409786
2021-06-23 09:59:45,720.35,409814
2021-06-23 09:59:48,720.35,409839
2021-06-23 09:59:50,720.5,410096
2021-06-23 09:59:53,720.5,410150
2021-06-23 09:59:55,720.5,410600
2021-06-23 09:59:58,720.5,410653
2021-06-23 10:00:00,720.5,410653
2021-06-23 10:00:03,720.5,410677
2021-06-23 10:00:05,720.5,410747
2021-06-23 10:00:08,720.45,410775
2021-06-23 10:00:11,720.5,411218
2021-06-23 10:00:17,720.5,411570
2021-06-23 10:00:21,720.5,411604
2021-06-23 10:00:30,720.5,412235
2021-06-23 10:00:32,720.45,412236
2021-06-23 10:00:38,720.5,413378
2021-06-23 10:00:41,720.55,413381
2021-06-23 10:00:44,720.55,413610
2021-06-23 10:00:47,720.5,413665
2021-06-23 10:00:50,720.55,413683
2021-06-23 10:00:53,720.5,413684
2021-06-23 10:00:55,720.55,413693
2021-06-23 10:00:59,720.5,413742
2021-06-23 10:01:01,720.5,413978
2021-06-23 10:01:04,720.5,413978
2021-06-23 10:01:07,720.5,413996
2021-06-23 10:01:10,720.75,415998
2021-06-23 10:01:13,720.5,416195
2021-06-23 10:01:16,720.75,416205
2021-06-23 10:01:18,720.7,416474
2021-06-23 10:01:20,720.75,416742
2021-06-23 10:01:23,720.85,416842
2021-06-23 10:01:25,720.85,416962
2021-06-23 10:01:27,720.85,416991
2021-06-23 10:01:30,720.55,417056
2021-06-23 10:01:32,720.9,417206
2021-06-23 10:01:37,720.95,417485
2021-06-23 10:01:40,720.95,417506
2021-06-23 10:01:43,720.95,418054
2021-06-23 10:01:46,720.9,418056
2021-06-23 10:01:48,720.85,418097
2021-06-23 10:01:51,720.9,418124
2021-06-23 10:01:54,720.85,418205
2021-06-23 10:01:56,720.8,420825
2021-06-23 10:01:59,720.65,421652
2021-06-23 10:02:01,720.65,421702
2021-06-23 10:02:04,720.65,421732
2021-06-23 10:02:07,720.65,421750
2021-06-23 10:02:09,720.8,421751
2021-06-23 10:02:12,720.8,421784
2021-06-23 10:02:15,720.8,421784
2021-06-23 10:02:17,720.65,421878
2021-06-23 10:02:20,720.65,421878
2021-06-23 10:02:23,720.65,421904
2021-06-23 10:02:26,720.65,421906
2021-06-23 10:02:28,720.65,421968
2021-06-23 10:02:31,720.65,422168
2021-06-23 10:02:33,720.65,422210
2021-06-23 10:02:35,720.65,422240
2021-06-23 10:02:38,720.65,422262
2021-06-23 10:02:40,720.9,422831
2021-06-23 10:02:43,720.65,422833
2021-06-23 10:02:45,720.65,422873
2021-06-23 10:02:48,720.65,422891
2021-06-23 10:02:51,720.9,422892
2021-06-23 10:02:53,720.7,422959
2021-06-23 10:02:59,720.7,423078
2021-06-23 10:03:02,720.7,423178
2021-06-23 10:03:04,720.7,423278
2021-06-23 10:03:07,720.7,423296
2021-06-23 10:03:10,720.9,423467
2021-06-23 10:03:12,720.9,423529
2021-06-23 10:03:15,720.7,423549
2021-06-23 10:03:17,720.7,423567
2021-06-23 10:03:20,720.7,423567
2021-06-23 10:03:26,720.9,423640
2021-06-23 10:03:29,720.9,423646
2021-06-23 10:03:32,721.0,424797
2021-06-23 10:03:35,721.0,424797
2021-06-23 10:03:38,720.7,424865
2021-06-23 10:03:53,720.7,426029
2021-06-23 10:03:56,720.7,426040
2021-06-23 10:03:58,720.7,426280
2021-06-23 10:04:04,720.7,426290
2021-06-23 10:04:06,720.7,426290
2021-06-23 10:04:09,720.9,427071
2021-06-23 10:04:12,720.7,427662
2021-06-23 10:04:15,720.7,427712
2021-06-23 10:04:18,720.7,428222
2021-06-23 10:04:20,720.65,428242
2021-06-23 10:04:23,720.65,428242
2021-06-23 10:04:26,720.65,428249
2021-06-23 10:04:28,720.7,428988
2021-06-23 10:04:31,720.7,429038
2021-06-23 10:04:34,720.6,429594
2021-06-23 10:04:37,720.7,429628
2021-06-23 10:04:40,720.6,429671
2021-06-23 10:04:43,720.55,429879
2021-06-23 10:04:46,720.6,430478
2021-06-23 10:04:49,720.55,430695
2021-06-23 10:04:51,720.65,430853
2021-06-23 10:04:54,720.65,430853
2021-06-23 10:04:57,720.55,430898
2021-06-23 10:04:59,720.55,430902
2021-06-23 10:05:02,720.55,430907
2021-06-23 10:05:04,720.5,431125
2021-06-23 10:05:07,720.5,431338
2021-06-23 10:05:10,720.5,431351
2021-06-23 10:05:16,720.35,432019
2021-06-23 10:05:19,720.5,432042
2021-06-23 10:05:22,720.35,432412
2021-06-23 10:05:24,720.35,432718
2021-06-23 10:05:27,720.1,432863
2021-06-23 10:05:30,720.1,432888
2021-06-23 10:05:33,720.3,432890
2021-06-23 10:05:40,720.3,432982
2021-06-23 10:05:43,720.3,433075
2021-06-23 10:05:46,720.3,433084
2021-06-23 10:05:48,720.3,433175
2021-06-23 10:05:50,720.3,433205
2021-06-23 10:05:53,720.3,433239
2021-06-23 10:05:56,720.25,433244
2021-06-23 10:05:59,720.1,433304
2021-06-23 10:06:01,720.1,433316
2021-06-23 10:06:04,720.3,433551
2021-06-23 10:06:06,720.3,433701
2021-06-23 10:06:09,720.3,433857
2021-06-23 10:06:11,720.3,433999
2021-06-23 10:06:14,720.3,434018
2021-06-23 10:06:17,720.15,434158
2021-06-23 10:06:19,720.15,434258
2021-06-23 10:06:22,720.15,434259
2021-06-23 10:06:24,720.15,434259
2021-06-23 10:06:27,720.15,434410
2021-06-23 10:06:29,720.3,434523
2021-06-23 10:06:32,720.3,434561
2021-06-23 10:06:34,720.15,434615
2021-06-23 10:06:37,720.25,434653
2021-06-23 10:06:41,720.15,434661
2021-06-23 10:06:43,720.15,434703
2021-06-23 10:06:46,720.15,434858
2021-06-23 10:06:49,720.3,434882
2021-06-23 10:06:52,720.3,434882
2021-06-23 10:06:55,720.15,434892
2021-06-23 10:06:57,720.35,435033
2021-06-23 10:07:00,720.15,435128
2021-06-23 10:07:03,720.3,435202
2021-06-23 10:07:08,720.2,435304
2021-06-23 10:07:10,720.2,435304
2021-06-23 10:07:13,720.05,435804
2021-06-23 10:07:15,720.3,435846
2021-06-23 10:07:17,720.05,436065
2021-06-23 10:07:19,720.2,436156
2021-06-23 10:07:21,720.0,436832
2021-06-23 10:07:24,720.0,436943
2021-06-23 10:07:27,720.0,436965
2021-06-23 10:07:29,720.0,437525
2021-06-23 10:07:32,720.1,437641
2021-06-23 10:07:35,720.1,437733
2021-06-23 10:07:38,720.1,438066
2021-06-23 10:07:41,720.0,438593
2021-06-23 10:07:44,720.0,438961
2021-06-23 10:07:47,720.0,439190
2021-06-23 10:07:49,720.0,439190
2021-06-23 10:07:52,719.8,439291
2021-06-23 10:07:55,719.85,439294
2021-06-23 10:07:57,719.8,439310
2021-06-23 10:08:00,719.8,439340
2021-06-23 10:08:02,719.85,439413
2021-06-23 10:08:05,719.8,439492
2021-06-23 10:08:08,719.95,439520
2021-06-23 10:08:11,719.8,439645
2021-06-23 10:08:13,719.8,439732
2021-06-23 10:08:16,719.95,439782
2021-06-23 10:08:19,719.8,439944
2021-06-23 10:08:22,719.95,439961
2021-06-23 10:08:24,719.8,440412
2021-06-23 10:08:27,719.9,440560
2021-06-23 10:08:30,719.9,440578
2021-06-23 10:08:33,719.75,440878
2021-06-23 10:08:36,719.95,440984
2021-06-23 10:08:39,719.95,440998
2021-06-23 10:08:42,719.95,441150
2021-06-23 10:08:44,719.95,441168
2021-06-23 10:08:47,719.85,441187
2021-06-23 10:08:49,719.95,441189
2021-06-23 10:08:52,719.95,441190
2021-06-23 10:08:54,719.95,441303
2021-06-23 10:08:57,719.95,441344
2021-06-23 10:08:59,719.95,441415
2021-06-23 10:09:02,719.95,442376
2021-06-23 10:09:04,719.85,442383
2021-06-23 10:09:07,719.8,442439
2021-06-23 10:09:10,719.8,442639
2021-06-23 10:09:12,719.95,443046
2021-06-23 10:09:14,719.95,443131
2021-06-23 10:09:17,719.95,443149
2021-06-23 10:09:19,719.9,446437
2021-06-23 10:09:21,720.05,446512
2021-06-23 10:09:26,720.05,446908
2021-06-23 10:09:29,720.0,447197
2021-06-23 10:09:31,720.05,447244
2021-06-23 10:09:33,720.05,447292
2021-06-23 10:09:36,720.05,447308
2021-06-23 10:09:38,720.0,447380
2021-06-23 10:09:40,720.05,447543
2021-06-23 10:09:43,720.05,447543
2021-06-23 10:09:44,720.0,447593
2021-06-23 10:09:46,720.0,447768
2021-06-23 10:09:48,720.05,447796
2021-06-23 10:09:51,720.05,447823
2021-06-23 10:09:53,720.0,447976
2021-06-23 10:09:55,720.0,448005
2021-06-23 10:09:57,720.0,448224
2021-06-23 10:09:59,720.05,448277
2021-06-23 10:10:02,720.05,448289
2021-06-23 10:10:04,720.0,448347
2021-06-23 10:10:07,720.0,448372
2021-06-23 10:10:09,720.0,448429
2021-06-23 10:10:11,720.0,448429
2021-06-23 10:10:14,720.05,448435
2021-06-23 10:10:16,720.05,448515
2021-06-23 10:10:18,720.05,448645
2021-06-23 10:10:20,720.05,448817
2021-06-23 10:10:23,720.05,448904
2021-06-23 10:10:25,720.05,449182
2021-06-23 10:10:28,720.0,449315
2021-06-23 10:10:31,720.05,449360
2021-06-23 10:10:34,720.0,449490
2021-06-23 10:10:37,719.95,449838
2021-06-23 10:10:40,720.0,449899
2021-06-23 10:10:43,720.0,450651
2021-06-23 10:10:46,720.0,450977
2021-06-23 10:10:48,720.05,451097
2021-06-23 10:10:51,720.05,452208
2021-06-23 10:10:54,720.1,453006
2021-06-23 10:10:57,720.05,453092
2021-06-23 10:10:59,720.1,453125
2021-06-23 10:11:01,720.05,453425
2021-06-23 10:11:04,720.1,453490
2021-06-23 10:11:07,720.25,453905
2021-06-23 10:11:10,720.25,454104
2021-06-23 10:11:13,720.05,455602
2021-06-23 10:11:16,720.05,455775
2021-06-23 10:11:19,720.0,455959
2021-06-23 10:11:21,720.05,456124
2021-06-23 10:11:23,720.05,456140
2021-06-23 10:11:26,720.0,457258
2021-06-23 10:11:29,720.05,457946
2021-06-23 10:11:32,720.25,458648
2021-06-23 10:11:35,720.3,458977
2021-06-23 10:11:38,720.3,459361
2021-06-23 10:11:41,720.05,459371
2021-06-23 10:11:43,720.3,459556
2021-06-23 10:11:46,720.25,460217
2021-06-23 10:11:49,720.05,460725
2021-06-23 10:11:52,720.25,460921
2021-06-23 10:11:55,720.05,461172
2021-06-23 10:11:58,720.05,461448
2021-06-23 10:12:01,720.05,461562
2021-06-23 10:12:05,720.0,461594
2021-06-23 10:12:08,720.0,461714
2021-06-23 10:12:11,720.05,461880
2021-06-23 10:12:14,720.0,462479
2021-06-23 10:12:17,720.0,462639
2021-06-23 10:12:19,720.0,462709
2021-06-23 10:12:22,720.0,462916
2021-06-23 10:12:25,719.9,463483
2021-06-23 10:12:28,719.9,464063
2021-06-23 10:12:31,719.95,464184
2021-06-23 10:12:34,719.95,464200
2021-06-23 10:12:37,719.7,464758
2021-06-23 10:12:43,719.5,466072
2021-06-23 10:12:47,719.5,466495
2021-06-23 10:12:50,719.45,468361
2021-06-23 10:12:53,719.3,469611
2021-06-23 10:12:56,719.3,475211
2021-06-23 10:12:59,719.45,475645
2021-06-23 10:13:02,719.3,476501
2021-06-23 10:13:05,719.3,476644
2021-06-23 10:13:08,719.3,476644
2021-06-23 10:13:11,719.3,478050
2021-06-23 10:13:14,719.3,478743
2021-06-23 10:13:17,719.25,478886
2021-06-23 10:13:20,719.3,479152
2021-06-23 10:13:22,719.3,479249
2021-06-23 10:13:25,719.25,479425
2021-06-23 10:13:28,719.3,479500
2021-06-23 10:13:31,719.3,479677
2021-06-23 10:13:34,719.3,479995
2021-06-23 10:13:37,719.25,480111
2021-06-23 10:13:39,719.25,480556
2021-06-23 10:13:42,719.3,481121
2021-06-23 10:13:45,719.3,481336
2021-06-23 10:13:48,719.4,481353
2021-06-23 10:13:53,719.4,481491
2021-06-23 10:13:56,719.25,481773
2021-06-23 10:13:59,719.4,481804
2021-06-23 10:14:02,719.25,481855
2021-06-23 10:14:07,719.25,482175
2021-06-23 10:14:10,719.4,482275
2021-06-23 10:14:12,719.25,482321
2021-06-23 10:14:15,719.4,482437
2021-06-23 10:14:17,719.4,482600
2021-06-23 10:14:23,719.4,482972
2021-06-23 10:14:26,719.25,483084
2021-06-23 10:14:29,719.3,483216
2021-06-23 10:14:31,719.25,483362
2021-06-23 10:14:34,719.35,483939
2021-06-23 10:14:37,719.4,484085
2021-06-23 10:14:39,719.4,484095
2021-06-23 10:14:41,719.25,484296
2021-06-23 10:14:44,719.4,484897
2021-06-23 10:14:46,719.5,484941
2021-06-23 10:14:49,719.3,484971
2021-06-23 10:14:52,719.4,484976
2021-06-23 10:14:56,719.35,485179
2021-06-23 10:14:58,719.15,485251
2021-06-23 10:15:02,719.15,485847
2021-06-23 10:15:05,719.25,485921
2021-06-23 10:15:08,719.15,485974
2021-06-23 10:15:11,719.4,486267
2021-06-23 10:15:14,718.9,487244
2021-06-23 10:15:17,718.45,489612
2021-06-23 10:15:20,718.25,492266
2021-06-23 10:15:23,718.75,492992
2021-06-23 10:15:25,718.25,493283
2021-06-23 10:15:26,718.25,493332
2021-06-23 10:15:27,718.25,493337
2021-06-23 10:15:27,718.35,493379
2021-06-23 10:15:28,718.35,493383
2021-06-23 10:15:29,718.25,493416
2021-06-23 10:15:31,718.25,493641
2021-06-23 10:15:32,718.45,493643
2021-06-23 10:15:33,718.45,493643
2021-06-23 10:15:34,718.3,493653
2021-06-23 10:15:35,718.3,493663
2021-06-23 10:15:35,718.3,493663
2021-06-23 10:15:36,718.45,493672
2021-06-23 10:15:37,718.45,493693
2021-06-23 10:15:38,718.45,493695
2021-06-23 10:15:39,718.45,493695
2021-06-23 10:15:40,718.4,494250
2021-06-23 10:15:41,718.4,495755
2021-06-23 10:15:42,718.4,496025
2021-06-23 10:15:43,718.4,496027
2021-06-23 10:15:44,718.4,496028
2021-06-23 10:15:49,718.45,496513
2021-06-23 10:15:47,718.4,496056
2021-06-23 10:15:50,718.55,496514
2021-06-23 10:15:53,719.0,498055
2021-06-23 10:15:55,719.0,498069
2021-06-23 10:15:56,719.1,498174
2021-06-23 10:15:57,719.15,498305
2021-06-23 10:15:58,719.15,498376
2021-06-23 10:15:59,719.4,500491
2021-06-23 10:15:59,718.95,500511
2021-06-23 10:16:01,719.0,500512
2021-06-23 10:16:02,719.0,500612
2021-06-23 10:16:03,719.2,500681
2021-06-23 10:16:04,719.2,500721
2021-06-23 10:16:05,719.0,500736
2021-06-23 10:16:06,719.0,500736
2021-06-23 10:16:07,719.0,500950
2021-06-23 10:16:08,719.2,501003
2021-06-23 10:16:08,719.2,501003
2021-06-23 10:16:10,719.0,501153
2021-06-23 10:16:10,719.0,501103
2021-06-23 10:16:11,719.4,501664
2021-06-23 10:16:12,719.45,501864
2021-06-23 10:16:13,719.45,501864
2021-06-23 10:16:14,719.05,501884
2021-06-23 10:16:15,719.0,501985
2021-06-23 10:16:16,719.2,501989
2021-06-23 10:16:17,719.2,501989
2021-06-23 10:16:18,719.2,501989
2021-06-23 10:16:19,719.05,501999
2021-06-23 10:16:20,719.05,501999
2021-06-23 10:16:21,719.05,502000
2021-06-23 10:16:22,719.2,502024
2021-06-23 10:16:23,719.2,502133
2021-06-23 10:16:24,719.05,502134
2021-06-23 10:16:25,719.2,502187
2021-06-23 10:16:26,719.05,502252
2021-06-23 10:16:27,719.2,502256
2021-06-23 10:16:28,719.45,502302
2021-06-23 10:16:29,719.45,502302
2021-06-23 10:16:30,719.65,503691
2021-06-23 10:16:31,719.45,503745
2021-06-23 10:16:32,719.15,503746
2021-06-23 10:16:34,719.45,504006
2021-06-23 10:16:35,719.45,504007
2021-06-23 10:16:36,719.5,504217
2021-06-23 10:16:36,719.5,504217
2021-06-23 10:16:37,719.5,504217
2021-06-23 10:16:39,719.6,504567
2021-06-23 10:16:40,719.6,504617
2021-06-23 10:16:41,719.6,504617
2021-06-23 10:16:42,719.3,504626
2021-06-23 10:16:43,719.65,505657
2021-06-23 10:16:44,719.65,505670
2021-06-23 10:16:45,719.75,505801
2021-06-23 10:16:46,719.75,505801
2021-06-23 10:16:47,719.75,505801
2021-06-23 10:16:48,719.4,505803
2021-06-23 10:16:49,719.4,505804
2021-06-23 10:16:50,719.4,505804
2021-06-23 10:16:51,719.4,505804
2021-06-23 10:16:52,719.4,505804
2021-06-23 10:16:52,719.4,505804
2021-06-23 10:16:53,719.4,505826
2021-06-23 10:16:55,719.4,505851
2021-06-23 10:16:56,719.4,505966
2021-06-23 10:16:56,719.4,505966
2021-06-23 10:16:57,719.4,506039
2021-06-23 10:16:58,719.8,506232
2021-06-23 10:16:59,719.8,506283
2021-06-23 10:17:01,719.45,506350
2021-06-23 10:17:02,719.5,506351
2021-06-23 10:17:03,719.9,506380
2021-06-23 10:17:06,719.5,506676
2021-06-23 10:17:06,719.5,506686
2021-06-23 10:17:07,719.5,506702
2021-06-23 10:17:10,719.5,506702
2021-06-23 10:17:12,719.5,506702
2021-06-23 10:17:13,719.6,506912
2021-06-23 10:17:14,719.9,507094
2021-06-23 10:17:15,719.85,507095
2021-06-23 10:17:16,719.85,507095
2021-06-23 10:17:17,719.85,507119
2021-06-23 10:17:17,719.85,507119
2021-06-23 10:17:18,719.85,507224
2021-06-23 10:17:19,720.0,507654
2021-06-23 10:17:20,720.0,507689
2021-06-23 10:17:23,720.0,507816
2021-06-23 10:17:23,720.0,507852
2021-06-23 10:17:25,720.0,507853
2021-06-23 10:17:26,720.0,507976
2021-06-23 10:17:27,720.05,508036
2021-06-23 10:17:28,719.9,508047
2021-06-23 10:17:29,719.9,508047
2021-06-23 10:17:30,719.9,508063
2021-06-23 10:17:33,719.9,508158
2021-06-23 10:17:35,719.9,508542
2021-06-23 10:17:37,719.9,508571
2021-06-23 10:17:37,720.05,508599
2021-06-23 10:17:40,719.9,509871
2021-06-23 10:17:42,720.05,509925
2021-06-23 10:17:43,719.9,509939
2021-06-23 10:17:44,719.9,509939
2021-06-23 10:17:46,720.0,510150
2021-06-23 10:17:46,720.0,510205
2021-06-23 10:17:47,720.0,510205
2021-06-23 10:17:49,720.05,510208
2021-06-23 10:17:50,720.05,510209
2021-06-23 10:17:51,720.05,510209
2021-06-23 10:17:52,720.05,510215
2021-06-23 10:17:53,720.05,510255
2021-06-23 10:17:54,720.05,510255
2021-06-23 10:17:55,720.05,510255
2021-06-23 10:17:56,720.0,511616
2021-06-23 10:17:57,720.05,511674
2021-06-23 10:17:59,720.0,512817
2021-06-23 10:17:59,719.9,513390
2021-06-23 10:18:00,719.9,513390
2021-06-23 10:18:01,719.9,513390
2021-06-23 10:18:02,719.9,513690
2021-06-23 10:18:05,720.0,513745
2021-06-23 10:18:06,720.0,513745
2021-06-23 10:18:07,719.9,513764
2021-06-23 10:18:08,719.9,513764
2021-06-23 10:18:09,720.0,514733
2021-06-23 10:18:09,720.0,514733
2021-06-23 10:18:11,720.0,514972
2021-06-23 10:18:12,720.0,514977
2021-06-23 10:18:13,720.0,514977
2021-06-23 10:18:14,720.0,515194
2021-06-23 10:18:15,720.0,515194
2021-06-23 10:18:17,719.9,515248
2021-06-23 10:18:16,719.9,515229
2021-06-23 10:18:18,720.0,515293
2021-06-23 10:18:19,719.9,515345
2021-06-23 10:18:21,719.9,515941
2021-06-23 10:18:21,719.85,516041
2021-06-23 10:18:22,719.9,516164
2021-06-23 10:18:23,719.9,516164
2021-06-23 10:18:24,719.9,516346
2021-06-23 10:18:25,719.9,516429
2021-06-23 10:18:26,719.85,516447
2021-06-23 10:18:28,719.85,516612
2021-06-23 10:18:29,719.9,516627
2021-06-23 10:18:30,719.5,516686
2021-06-23 10:18:31,719.5,516686
2021-06-23 10:18:32,719.5,516686
2021-06-23 10:18:33,719.5,516686
2021-06-23 10:18:33,719.6,516695
2021-06-23 10:18:34,719.6,516698
2021-06-23 10:18:36,719.6,516698
2021-06-23 10:18:38,719.75,517225
2021-06-23 10:18:39,719.75,517225
2021-06-23 10:18:39,719.75,517275
2021-06-23 10:18:40,719.5,517300
2021-06-23 10:18:41,719.5,517320
2021-06-23 10:18:43,719.65,517484
2021-06-23 10:18:44,719.5,517528
2021-06-23 10:18:45,719.65,517531
2021-06-23 10:18:46,719.65,517533
2021-06-23 10:18:47,719.5,518187
2021-06-23 10:18:48,719.4,518192
2021-06-23 10:18:52,719.45,518415
2021-06-23 10:18:54,719.6,520102
2021-06-23 10:18:55,719.6,520102
2021-06-23 10:18:56,719.6,520252
2021-06-23 10:18:57,719.45,520430
2021-06-23 10:18:58,719.45,520907
2021-06-23 10:19:01,719.45,520907
2021-06-23 10:19:02,719.45,520957
2021-06-23 10:19:03,719.55,520999
2021-06-23 10:19:04,719.55,521003
2021-06-23 10:19:06,719.45,521033
2021-06-23 10:19:07,719.45,521066
2021-06-23 10:19:09,719.45,521078
2021-06-23 10:19:10,719.55,521086
2021-06-23 10:19:11,719.55,521121
2021-06-23 10:19:12,719.45,521126
2021-06-23 10:19:14,719.45,521126
2021-06-23 10:19:15,719.55,521128
2021-06-23 10:19:16,719.55,521128
2021-06-23 10:19:17,719.45,521151
2021-06-23 10:19:19,719.45,521166
2021-06-23 10:19:18,719.45,521161
2021-06-23 10:19:20,719.55,521167
2021-06-23 10:19:21,719.45,521187
2021-06-23 10:19:22,719.45,521187
2021-06-23 10:19:23,719.45,521334
2021-06-23 10:19:24,719.45,521334
2021-06-23 10:19:25,719.55,521335
2021-06-23 10:19:26,719.45,521395
2021-06-23 10:19:27,719.45,521453
2021-06-23 10:19:28,719.45,521453
2021-06-23 10:19:29,719.45,521453
2021-06-23 10:19:30,719.5,521890
2021-06-23 10:19:31,719.5,521890
2021-06-23 10:19:32,719.5,521959
2021-06-23 10:19:34,719.5,522002
2021-06-23 10:19:36,719.45,522052
2021-06-23 10:19:35,719.5,522002
2021-06-23 10:19:37,719.5,522080
2021-06-23 10:19:38,719.5,522080
2021-06-23 10:19:39,719.5,522080
2021-06-23 10:19:40,719.5,522093
2021-06-23 10:19:41,719.5,522093
2021-06-23 10:19:42,719.5,522093
2021-06-23 10:19:43,719.45,522099
2021-06-23 10:19:44,719.45,522099
2021-06-23 10:19:45,719.5,522118
2021-06-23 10:19:46,719.5,522120
2021-06-23 10:19:47,719.45,522138
2021-06-23 10:19:48,719.5,522146
2021-06-23 10:19:49,719.5,522146
2021-06-23 10:19:50,719.5,522146
2021-06-23 10:19:51,719.5,522148
2021-06-23 10:19:52,719.45,522158
2021-06-23 10:19:53,719.45,522158
2021-06-23 10:19:54,719.5,522161
2021-06-23 10:19:55,719.4,522461
2021-06-23 10:19:56,719.4,522461
2021-06-23 10:19:57,719.5,522533
2021-06-23 10:19:58,719.5,522538
2021-06-23 10:19:59,719.5,522542
2021-06-23 10:20:00,719.15,523101
2021-06-23 10:20:01,719.0,523156
2021-06-23 10:20:02,719.2,523157
2021-06-23 10:20:03,719.2,523189
2021-06-23 10:20:04,719.2,523189
2021-06-23 10:20:05,719.0,523214
2021-06-23 10:20:07,719.0,523332
2021-06-23 10:20:08,719.0,523332
2021-06-23 10:20:09,719.2,523338
2021-06-23 10:20:10,719.2,523493
2021-06-23 10:20:11,719.2,523493
2021-06-23 10:20:12,719.0,523704
2021-06-23 10:20:13,718.95,523744
2021-06-23 10:20:14,718.95,523744
2021-06-23 10:20:15,719.1,523832
2021-06-23 10:20:16,719.1,523912
2021-06-23 10:20:17,719.1,523912
2021-06-23 10:20:18,719.1,523912
2021-06-23 10:20:19,718.95,523917
2021-06-23 10:20:20,718.95,523917
2021-06-23 10:20:21,719.1,523949
2021-06-23 10:20:22,719.1,523949
2021-06-23 10:20:26,719.1,523951
2021-06-23 10:20:29,719.0,523983
2021-06-23 10:20:32,719.0,524142
2021-06-23 10:20:35,719.0,524152
2021-06-23 10:20:38,718.85,524835
2021-06-23 10:20:41,718.95,525440
2021-06-23 10:20:44,718.9,525560
2021-06-23 10:20:47,718.75,525562
2021-06-23 10:20:49,718.75,525576
2021-06-23 10:20:51,719.0,526551
2021-06-23 10:20:54,719.2,527036
2021-06-23 10:20:56,719.5,527212
2021-06-23 10:20:59,719.2,527242
2021-06-23 10:21:01,719.25,527243
2021-06-23 10:21:04,719.45,527245
2021-06-23 10:21:07,719.25,527288
2021-06-23 10:21:09,719.25,527368
2021-06-23 10:21:12,719.25,527368
2021-06-23 10:21:16,719.2,528598
2021-06-23 10:21:19,719.2,528614
2021-06-23 10:21:22,719.2,528630
2021-06-23 10:21:25,719.2,528707
2021-06-23 10:21:27,719.2,528755
2021-06-23 10:21:30,719.2,528755
2021-06-23 10:21:33,719.15,529082
2021-06-23 10:21:36,719.45,529523
2021-06-23 10:21:39,719.2,530057
2021-06-23 10:21:41,719.1,530757
2021-06-23 10:21:44,719.1,530757
2021-06-23 10:21:46,719.1,530757
2021-06-23 10:21:52,719.15,530848
2021-06-23 10:21:54,719.45,531109
2021-06-23 10:21:57,719.4,531339
2021-06-23 10:22:00,719.4,531397
2021-06-23 10:22:03,718.95,532173
2021-06-23 10:22:05,719.2,532228
2021-06-23 10:22:07,719.2,532293
2021-06-23 10:22:09,719.35,532453
2021-06-23 10:22:12,719.35,532455
2021-06-23 10:22:14,719.35,532455
2021-06-23 10:22:16,719.2,532461
2021-06-23 10:22:18,719.35,532563
2021-06-23 10:22:20,719.45,532664
2021-06-23 10:22:22,719.2,532665
2021-06-23 10:22:25,719.2,532715
2021-06-23 10:22:28,719.35,532742
2021-06-23 10:22:30,719.45,532955
2021-06-23 10:22:32,719.2,533515
2021-06-23 10:22:35,719.45,533569
2021-06-23 10:22:38,719.25,533957
2021-06-23 10:22:40,719.25,533957
2021-06-23 10:22:43,719.25,534068
2021-06-23 10:22:45,719.25,534068
2021-06-23 10:22:48,719.45,534116
2021-06-23 10:22:50,719.25,534216
2021-06-23 10:22:53,719.2,534272
2021-06-23 10:22:56,719.2,534599
2021-06-23 10:23:00,719.7,535727
2021-06-23 10:23:03,719.25,535744
2021-06-23 10:23:08,719.65,535881
2021-06-23 10:23:11,719.65,535881
2021-06-23 10:23:13,719.65,535888
2021-06-23 10:23:18,719.6,536430
2021-06-23 10:23:21,719.6,536684
2021-06-23 10:23:23,719.6,536708
2021-06-23 10:23:26,719.6,536713
2021-06-23 10:23:29,719.45,536735
2021-06-23 10:23:32,719.6,536800
2021-06-23 10:23:35,719.45,537079
2021-06-23 10:23:38,719.6,537224
2021-06-23 10:23:42,719.45,537347
2021-06-23 10:23:44,719.5,537366
2021-06-23 10:23:47,719.45,537385
2021-06-23 10:23:50,719.5,538174
2021-06-23 10:23:53,719.7,538549
2021-06-23 10:23:57,719.45,538560
2021-06-23 10:24:00,719.7,538830
2021-06-23 10:24:03,719.45,538845
2021-06-23 10:24:05,719.7,538935
2021-06-23 10:24:08,719.45,539009
2021-06-23 10:24:11,719.45,539049
2021-06-23 10:24:14,719.45,539061
2021-06-23 10:24:16,719.7,539301
2021-06-23 10:24:18,719.8,539383
2021-06-23 10:24:21,719.8,539387
2021-06-23 10:24:23,719.45,539395
2021-06-23 10:24:26,719.5,539462
2021-06-23 10:24:28,719.5,539481
2021-06-23 10:24:31,719.45,539655
2021-06-23 10:24:33,719.45,539695
2021-06-23 10:24:35,719.7,539840
2021-06-23 10:24:38,719.7,539900
2021-06-23 10:24:41,719.45,540100
2021-06-23 10:24:43,719.35,540315
2021-06-23 10:24:45,719.8,540539
2021-06-23 10:24:48,719.8,540539
2021-06-23 10:24:50,719.75,540610
2021-06-23 10:24:53,719.5,541297
2021-06-23 10:24:56,719.5,541298
2021-06-23 10:24:58,719.8,541387
2021-06-23 10:25:00,719.8,541387
2021-06-23 10:25:03,719.8,541389
2021-06-23 10:25:06,719.55,541407
2021-06-23 10:25:09,719.55,541701
2021-06-23 10:25:12,719.8,541762
2021-06-23 10:25:14,719.55,541827
2021-06-23 10:25:17,719.55,541878
2021-06-23 10:25:19,719.55,541879
2021-06-23 10:25:21,719.55,541879
2021-06-23 10:25:23,719.55,541889
2021-06-23 10:25:26,719.55,541889
2021-06-23 10:25:28,719.55,541907
2021-06-23 10:25:31,719.5,542507
2021-06-23 10:25:34,719.75,542508
2021-06-23 10:25:36,720.0,547124
2021-06-23 10:25:38,719.75,547253
2021-06-23 10:25:41,719.75,547548
2021-06-23 10:25:43,719.75,547655
2021-06-23 10:25:45,719.75,547762
2021-06-23 10:25:51,720.0,547963
2021-06-23 10:25:53,719.75,548816
2021-06-23 10:38:10,721.75,599614
2021-06-23 10:38:12,721.75,599691
2021-06-23 10:38:14,721.7,599779
2021-06-23 10:38:16,721.7,599779
2021-06-23 10:38:18,721.6,599856
2021-06-23 10:38:20,721.65,599867
2021-06-23 10:38:22,721.65,599867
2021-06-23 10:38:24,721.7,599868
2021-06-23 10:38:26,721.65,599869
2021-06-23 10:38:31,721.6,600363
2021-06-23 10:38:33,721.7,600401
2021-06-23 10:38:35,721.55,600501
2021-06-23 10:38:38,721.6,600647
2021-06-23 10:38:39,721.6,600647
2021-06-23 10:38:41,721.3,602356
2021-06-23 10:38:42,721.3,602356
2021-06-23 10:38:44,721.3,602471
2021-06-23 10:38:46,721.45,602475
2021-06-23 10:38:48,721.35,602561
2021-06-23 10:38:50,721.7,603563
2021-06-23 10:38:52,721.65,603722
2021-06-23 10:38:54,721.4,603732
2021-06-23 10:38:56,721.5,603835
2021-06-23 10:38:58,721.45,603918
2021-06-23 10:39:00,721.65,604091
2021-06-23 10:39:02,721.65,604141
2021-06-23 10:39:04,721.65,604141
2021-06-23 10:39:06,721.65,604141
2021-06-23 10:39:08,721.65,604213
2021-06-23 10:39:10,721.5,604243
2021-06-23 10:39:18,721.65,604649
2021-06-23 10:39:19,721.65,604649
2021-06-23 10:39:21,721.5,604660
2021-06-23 10:39:23,721.5,604670
2021-06-23 10:39:29,721.3,607024
2021-06-23 10:39:31,721.15,607324
2021-06-23 10:39:33,721.45,607325
2021-06-23 10:39:35,721.45,607332
2021-06-23 10:39:38,721.15,607370
2021-06-23 10:39:41,721.45,607485
2021-06-23 10:39:44,721.1,607515
2021-06-23 10:39:46,721.3,607665
2021-06-23 10:39:49,721.05,607755
2021-06-23 10:39:52,721.0,607843
2021-06-23 10:39:55,721.0,608791
2021-06-23 10:39:57,721.35,609274
2021-06-23 10:39:59,721.05,609279
2021-06-23 10:40:02,721.05,609283
2021-06-23 10:40:04,721.25,609351
2021-06-23 10:40:06,721.4,609622
2021-06-23 10:40:08,721.4,609732
2021-06-23 10:40:11,721.25,609869
2021-06-23 10:40:13,721.25,609869
2021-06-23 10:40:16,721.25,610068
2021-06-23 10:40:16,721.25,610068
2021-06-23 10:40:20,721.25,610099
2021-06-23 10:40:22,721.2,610108
2021-06-23 10:40:24,721.2,610110
2021-06-23 10:40:26,721.15,610113
2021-06-23 10:40:29,721.05,610131
2021-06-23 10:40:31,721.05,610131
2021-06-23 10:40:33,721.2,610142
2021-06-23 10:40:35,721.2,610162
2021-06-23 10:40:37,721.05,610184
2021-06-23 10:40:40,721.05,610286
2021-06-23 10:40:42,721.05,610386
2021-06-23 10:40:45,721.05,610861
2021-06-23 10:40:47,721.1,610889
2021-06-23 10:40:49,721.1,610889
2021-06-23 10:40:51,721.1,610889
2021-06-23 10:40:53,721.15,610987
2021-06-23 10:40:55,720.85,612603
2021-06-23 10:40:57,720.6,612709
2021-06-23 10:40:59,720.65,612724
2021-06-23 10:41:01,720.65,612734
2021-06-23 10:41:03,720.95,612739
2021-06-23 10:41:06,720.95,612760
2021-06-23 10:41:08,720.7,613721
2021-06-23 10:41:10,720.7,613736
2021-06-23 10:41:13,720.55,613749
2021-06-23 10:41:15,720.8,615092
2021-06-23 10:41:17,720.8,615112
2021-06-23 10:41:38,721.05,616093
2021-06-23 10:41:41,721.0,616950
2021-06-23 10:41:43,720.95,616964
2021-06-23 10:41:45,720.95,616964
2021-06-23 10:41:47,721.0,616992
2021-06-23 10:41:49,720.9,617100
2021-06-23 10:41:51,720.9,617100
2021-06-23 10:41:53,720.9,617100
2021-06-23 10:41:54,721.0,617230
2021-06-23 10:41:56,721.0,617230
2021-06-23 10:41:58,720.85,618135
2021-06-23 10:42:00,720.95,618195
2021-06-23 10:42:02,720.95,618250
2021-06-23 10:42:04,720.9,618282
2021-06-23 10:42:06,720.9,618314
2021-06-23 10:42:09,720.75,618990
2021-06-23 10:42:11,720.9,619281
2021-06-23 10:42:13,720.55,619295
2021-06-23 10:42:15,720.55,619295
2021-06-23 10:42:17,720.6,619314
2021-06-23 10:42:19,720.9,619315
2021-06-23 10:42:21,720.65,619335
2021-06-23 10:42:23,720.55,619471
2021-06-23 10:42:25,720.55,619471
2021-06-23 10:42:28,720.7,619473
2021-06-23 10:42:30,720.65,619475
2021-06-23 10:42:32,720.5,619491
2021-06-23 10:42:35,720.5,619578
2021-06-23 10:42:37,720.65,619580
2021-06-23 10:42:39,720.9,619634
2021-06-23 10:42:48,720.85,619955
2021-06-23 10:42:50,720.85,619980
2021-06-23 10:42:53,720.85,620331
2021-06-23 10:42:55,720.9,620335
2021-06-23 10:42:57,720.55,620359
2021-06-23 10:42:59,720.55,620359
2021-06-23 10:43:03,720.85,620391
2021-06-23 10:43:06,720.5,620974
2021-06-23 10:43:08,720.9,621173
2021-06-23 10:43:11,720.9,621201
2021-06-23 10:43:13,720.6,621212
2021-06-23 10:43:15,720.9,621214
2021-06-23 10:43:17,720.65,621216
2021-06-23 10:43:19,720.65,621219
2021-06-23 10:43:21,720.65,621219
2021-06-23 10:43:23,720.65,621232
2021-06-23 10:43:25,720.65,621232
2021-06-23 10:43:27,720.6,621248
2021-06-23 10:43:29,720.6,621248
2021-06-23 10:43:31,720.6,621248
2021-06-23 10:43:33,720.6,621248
2021-06-23 10:43:35,720.65,621301
2021-06-23 10:43:37,720.65,621321
2021-06-23 10:43:38,720.65,621521
2021-06-23 10:43:40,720.65,621529
2021-06-23 10:43:42,720.55,621583
2021-06-23 10:43:44,720.5,621586
2021-06-23 10:43:46,720.75,621638
2021-06-23 10:43:48,720.55,621669
2021-06-23 10:43:58,720.5,622358
2021-06-23 10:44:01,720.5,622482
2021-06-23 10:44:04,720.6,623982
2021-06-23 10:44:06,720.85,624042
2021-06-23 10:44:09,720.85,624045
2021-06-23 10:44:11,720.7,624060
2021-06-23 10:44:13,720.7,624060
2021-06-23 10:44:16,720.7,624060
2021-06-23 10:44:18,720.8,624086
2021-06-23 10:44:20,720.85,624143
2021-06-23 10:44:22,720.85,624143
2021-06-23 10:44:25,720.85,624145
2021-06-23 10:44:27,720.8,624163
2021-06-23 10:44:29,720.85,624165
2021-06-23 10:44:31,720.85,624165
2021-06-23 10:44:33,720.8,624171
2021-06-23 10:44:35,720.8,624388
2021-06-23 10:44:37,720.9,624682
2021-06-23 10:44:39,720.9,624682
2021-06-23 10:44:42,720.85,624716
2021-06-23 10:44:44,721.0,624763
2021-06-23 10:44:46,721.0,624895
2021-06-23 10:44:48,721.0,624916
2021-06-23 10:44:49,721.0,624948
2021-06-23 10:44:51,721.0,625825
2021-06-23 10:44:53,721.05,625827
2021-06-23 10:44:55,721.2,626054
2021-06-23 10:44:57,721.0,626064
2021-06-23 10:44:59,721.25,626065
2021-06-23 10:45:05,721.05,626130
2021-06-23 10:45:08,721.25,626218
2021-06-23 10:45:10,721.25,626218
2021-06-23 10:45:12,721.1,626223
2021-06-23 10:45:14,721.1,626275
2021-06-23 10:45:16,721.4,626800
2021-06-23 10:45:19,721.4,627130
2021-06-23 10:45:21,721.35,627572
2021-06-23 10:45:24,721.35,627620
2021-06-23 10:45:26,721.4,627660
2021-06-23 10:45:28,721.45,627737
2021-06-23 10:45:31,721.5,627785
2021-06-23 10:45:33,721.5,627785
2021-06-23 10:45:36,721.5,627808
2021-06-23 10:45:38,721.45,627982
2021-06-23 10:45:40,721.5,628034
2021-06-23 10:45:42,721.5,628035
2021-06-23 10:45:44,721.5,628035
2021-06-23 10:45:46,721.4,629273
2021-06-23 10:45:48,721.4,629343
2021-06-23 10:45:50,721.4,629343
2021-06-23 10:45:53,721.4,629343
2021-06-23 10:45:55,721.4,629627
2021-06-23 10:45:57,721.4,629786
2021-06-23 10:45:59,721.45,629794
2021-06-23 10:46:01,721.45,629799
2021-06-23 10:46:03,721.45,629806
2021-06-23 10:46:06,721.45,630266
2021-06-23 10:46:10,721.2,631951
2021-06-23 10:46:10,721.2,631951
2021-06-23 10:46:11,721.2,632006
2021-06-23 10:46:13,721.2,632006
2021-06-23 10:46:15,721.2,632732
2021-06-23 10:46:17,721.25,632746
2021-06-23 10:46:19,721.5,632906
2021-06-23 10:46:21,721.5,632907
2021-06-23 10:46:23,721.5,632914
2021-06-23 10:46:25,721.5,632914
2021-06-23 10:46:27,721.35,632940
2021-06-23 10:46:29,721.5,633031
2021-06-23 10:46:31,721.5,633112
2021-06-23 10:46:33,721.5,633112
2021-06-23 10:46:35,721.4,633258
2021-06-23 10:46:37,721.35,633461
2021-06-23 10:46:39,721.35,633482
2021-06-23 10:46:40,721.5,633522
2021-06-23 10:46:42,721.5,633632
2021-06-23 10:46:44,721.5,633637
2021-06-23 10:46:46,721.4,633702
2021-06-23 10:46:49,721.4,633728
2021-06-23 10:46:51,721.5,633785
2021-06-23 10:46:54,721.45,633899
2021-06-23 10:46:56,721.8,634539
2021-06-23 10:46:58,721.75,634590
2021-06-23 10:47:00,721.75,634590
2021-06-23 10:47:02,721.75,634740
2021-06-23 10:47:04,721.7,634742
2021-06-23 10:47:06,721.7,634758
2021-06-23 10:47:08,721.8,634761
2021-06-23 10:47:10,721.7,635084
2021-06-23 10:47:14,721.7,635085
2021-06-23 10:47:16,721.7,635115
2021-06-23 10:47:18,721.7,635134
2021-06-23 10:47:20,721.7,635144
2021-06-23 10:47:22,721.6,635169
2021-06-23 10:47:26,721.7,635191
2021-06-23 10:47:27,721.6,635209
2021-06-23 10:47:30,721.7,635359
2021-06-23 10:47:32,721.6,635396
2021-06-23 10:47:34,721.6,635398
2021-06-23 10:47:36,721.6,635508
2021-06-23 10:47:38,721.55,635538
2021-06-23 10:47:40,721.7,636073
2021-06-23 10:47:42,721.7,636074
2021-06-23 10:47:45,721.7,636089
2021-06-23 10:47:47,721.6,636111
2021-06-23 10:47:49,721.6,636113
2021-06-23 10:47:51,721.6,636113
2021-06-23 10:47:52,721.55,636127
2021-06-23 10:47:54,721.6,636129
2021-06-23 10:47:56,721.55,636224
2021-06-23 10:47:58,721.55,636257
2021-06-23 10:48:02,721.6,636515
2021-06-23 10:48:04,721.6,636525
2021-06-23 10:48:06,721.65,636558
2021-06-23 10:48:08,721.5,636592
2021-06-23 10:48:10,721.55,636626
2021-06-23 10:48:12,721.7,636826
2021-06-23 10:48:14,721.7,636946
2021-06-23 10:48:17,721.5,636949
2021-06-23 10:48:19,721.75,637024
2021-06-23 10:48:21,721.75,637075
2021-06-23 10:48:23,721.5,637186
2021-06-23 10:48:25,721.75,637196
2021-06-23 10:48:27,721.75,637218
2021-06-23 10:48:29,721.75,637218
2021-06-23 10:48:31,721.7,637220
2021-06-23 10:48:33,721.75,637233
2021-06-23 10:48:36,721.75,637234
2021-06-23 10:48:38,721.8,637275
2021-06-23 10:48:41,721.75,637321
2021-06-23 10:48:43,721.8,637397
2021-06-23 10:48:45,721.75,637597
2021-06-23 10:48:47,721.85,637611
2021-06-23 10:48:49,721.85,637623
2021-06-23 10:48:51,721.8,637723
2021-06-23 10:48:53,721.85,637725
2021-06-23 10:48:55,721.85,637725
2021-06-23 10:48:57,721.8,637745
2021-06-23 10:48:59,721.85,637752
2021-06-23 10:49:01,721.85,637982
2021-06-23 10:49:02,721.8,638008
2021-06-23 10:49:04,721.85,638011
2021-06-23 10:49:06,721.8,638021
2021-06-23 10:49:09,722.0,639378
2021-06-23 10:49:11,722.0,639378
2021-06-23 10:49:13,721.85,639384
2021-06-23 10:49:16,722.0,639413
2021-06-23 10:49:18,721.9,639461
2021-06-23 10:49:18,721.9,639461
2021-06-23 10:49:20,721.9,639579
2021-06-23 10:49:22,722.0,639630
2021-06-23 10:49:24,722.0,639630
2021-06-23 10:49:26,722.0,639652
2021-06-23 10:49:28,722.0,639860
2021-06-23 10:49:30,722.0,639910
2021-06-23 10:49:32,722.35,651708
2021-06-23 10:49:33,722.2,651980
2021-06-23 10:49:35,722.4,652180
2021-06-23 10:49:38,722.5,652743
2021-06-23 10:49:40,722.5,652745
2021-06-23 10:49:42,722.3,652748
2021-06-23 10:49:44,722.5,652859
2021-06-23 10:49:45,722.3,652959
2021-06-23 10:49:47,722.3,653477
2021-06-23 10:49:49,722.3,653482
2021-06-23 10:49:51,722.3,653482
2021-06-23 10:49:53,722.5,653582
2021-06-23 10:49:55,722.5,653582
2021-06-23 10:49:59,722.4,653608
2021-06-23 10:50:00,722.5,654296
2021-06-23 10:50:02,722.5,654296
2021-06-23 10:50:04,722.5,654317
2021-06-23 10:50:06,722.5,654417
2021-06-23 10:50:08,722.4,654488
2021-06-23 10:50:10,722.5,654497
2021-06-23 10:50:13,722.5,654497
2021-06-23 10:50:15,722.5,654511
2021-06-23 10:50:17,722.5,654814
2021-06-23 10:50:19,722.45,654841
2021-06-23 10:50:22,722.5,655091
2021-06-23 10:50:24,722.55,655118
2021-06-23 10:50:26,722.55,655118
2021-06-23 10:50:28,722.55,655150
2021-06-23 10:50:30,722.7,656663
2021-06-23 10:50:32,722.5,656833
2021-06-23 10:50:34,722.5,656833
2021-06-23 10:50:39,722.55,656906
2021-06-23 10:50:41,723.0,666546
2021-06-23 10:50:44,723.4,667675
2021-06-23 10:50:46,723.2,667688
2021-06-23 10:50:48,723.4,667765
2021-06-23 10:50:50,723.25,667913
2021-06-23 10:50:53,723.4,668775
2021-06-23 10:50:55,723.25,669079
2021-06-23 10:50:56,723.3,670079
2021-06-23 10:50:58,723.25,670379
2021-06-23 10:51:00,723.25,671227
2021-06-23 10:51:02,723.2,677564
2021-06-23 10:51:04,723.1,678020
2021-06-23 10:51:05,723.1,678677
2021-06-23 10:51:07,723.05,680779
2021-06-23 10:51:09,723.25,680844
2021-06-23 10:51:11,723.05,681349
2021-06-23 10:51:13,723.25,681861
2021-06-23 10:51:15,723.35,681926
2021-06-23 10:51:17,723.15,681932
2021-06-23 10:51:19,723.35,682372
2021-06-23 10:51:21,723.35,682681
2021-06-23 10:51:30,723.35,683608
2021-06-23 10:51:32,723.35,683889
2021-06-23 10:51:34,723.3,683941
2021-06-23 10:51:36,723.3,684103
2021-06-23 10:51:38,723.3,684150
2021-06-23 10:51:40,723.3,685573
2021-06-23 10:51:42,723.35,686078
2021-06-23 10:51:43,723.3,686080
2021-06-23 10:51:45,723.3,686335
2021-06-23 10:51:47,723.25,686585
2021-06-23 10:51:48,723.35,686684
2021-06-23 10:51:50,723.3,686789
2021-06-23 10:51:54,723.4,687037
2021-06-23 10:51:56,723.3,687052
2021-06-23 10:51:57,723.4,687132
2021-06-23 10:52:00,723.4,687232
2021-06-23 10:52:02,723.4,687232
2021-06-23 10:52:04,723.4,687346
2021-06-23 10:52:06,723.3,687347
2021-06-23 10:52:08,723.3,687365
2021-06-23 10:52:10,723.4,687400
2021-06-23 10:52:12,723.3,687440
2021-06-23 10:52:14,723.4,687550
2021-06-23 10:52:17,723.3,688488
2021-06-23 10:52:19,723.4,688917
2021-06-23 10:52:22,723.35,689305
2021-06-23 10:52:23,723.4,689400
2021-06-23 10:52:26,723.35,690298
2021-06-23 10:52:27,723.4,690299
2021-06-23 10:52:29,723.5,691430
2021-06-23 10:52:33,723.5,693852
2021-06-23 10:52:35,723.5,693859
2021-06-23 10:52:37,723.45,693877
2021-06-23 10:52:39,723.5,693885
2021-06-23 10:52:41,723.45,693994
2021-06-23 10:52:44,723.45,695122
2021-06-23 10:52:45,723.45,695122
2021-06-23 10:52:47,723.35,695192
2021-06-23 10:52:49,723.3,695842
2021-06-23 10:52:52,723.45,696242
2021-06-23 10:52:54,723.3,696675
2021-06-23 10:52:56,723.0,696905
2021-06-23 10:52:58,723.0,696905
2021-06-23 10:53:00,723.15,696917
2021-06-23 10:53:03,723.3,697073
2021-06-23 10:53:05,723.4,697132
2021-06-23 10:53:07,723.3,697184
2021-06-23 10:53:08,723.15,697331
2021-06-23 10:53:10,723.15,697534
2021-06-23 10:53:12,723.15,697534
2021-06-23 10:53:14,723.25,697919
2021-06-23 10:53:16,723.25,698124
2021-06-23 10:53:18,723.2,698340
2021-06-23 10:53:19,723.2,698373
2021-06-23 10:53:21,723.2,698373
2021-06-23 10:53:23,723.2,698425
2021-06-23 10:53:25,723.0,698571
2021-06-23 10:53:27,723.0,698641
2021-06-23 10:53:28,723.0,698641
2021-06-23 10:53:30,723.25,698651
2021-06-23 10:53:32,723.3,698957
2021-06-23 10:53:41,723.25,699142
2021-06-23 10:53:42,723.25,699142
2021-06-23 10:53:46,723.05,699335
2021-06-23 10:53:49,723.05,699355
2021-06-23 10:53:51,723.0,699375
2021-06-23 10:53:53,723.0,699375
2021-06-23 10:53:54,723.0,700061
2021-06-23 10:53:56,723.05,700063
2021-06-23 10:53:58,723.05,700087
2021-06-23 10:54:00,723.05,700373
2021-06-23 10:54:02,723.0,700472
2021-06-23 10:54:05,723.05,700524
2021-06-23 10:54:08,723.0,700797
2021-06-23 10:54:10,723.0,700850
2021-06-23 10:54:12,723.05,701101
2021-06-23 10:54:14,723.0,701243
2021-06-23 10:54:16,723.05,701245
2021-06-23 10:54:18,723.05,701535
2021-06-23 10:54:20,723.05,701537
2021-06-23 10:54:21,723.0,701972
2021-06-23 10:54:24,723.0,702046
2021-06-23 10:54:27,723.0,702639
2021-06-23 10:54:29,723.0,702689
2021-06-23 10:54:32,723.05,702700
2021-06-23 10:54:34,723.0,703202
2021-06-23 10:54:36,723.05,703311
2021-06-23 10:54:38,723.05,703335
2021-06-23 10:54:40,723.1,703336
2021-06-23 10:54:42,723.1,703336
2021-06-23 10:54:52,723.3,709611
2021-06-23 10:54:54,723.0,711696
2021-06-23 10:54:57,723.0,711696
2021-06-23 10:54:58,723.1,711762
2021-06-23 10:55:01,723.1,711775
2021-06-23 10:55:03,723.25,711779
2021-06-23 10:55:06,722.45,714054
2021-06-23 10:55:08,722.4,714460
2021-06-23 10:55:11,722.4,714460
2021-06-23 10:55:13,722.5,714582
2021-06-23 10:55:16,722.55,714813
2021-06-23 10:55:19,722.55,715042
2021-06-23 10:55:21,722.55,715042
2021-06-23 10:55:23,722.55,715063
2021-06-23 10:55:24,722.55,715063
2021-06-23 10:55:25,722.55,715163
2021-06-23 10:55:26,722.75,715168
2021-06-23 10:55:27,722.55,715186
2021-06-23 10:55:28,722.55,715186
2021-06-23 10:55:29,722.55,715186
2021-06-23 10:55:31,722.55,715201
2021-06-23 10:55:33,722.55,715383
2021-06-23 10:55:34,722.6,715392
2021-06-23 10:55:35,722.55,715413
2021-06-23 10:55:36,722.55,715413
2021-06-23 10:55:37,722.55,716564
2021-06-23 10:55:38,722.55,716564
2021-06-23 10:55:39,722.55,716564
2021-06-23 10:55:40,722.55,716567
2021-06-23 10:55:41,722.55,716579
2021-06-23 10:55:42,722.55,716629
2021-06-23 10:55:43,722.55,716629
2021-06-23 10:55:44,722.55,716629
2021-06-23 10:55:45,722.7,716634
2021-06-23 10:55:46,722.7,716636
2021-06-23 10:55:47,722.55,716663
2021-06-23 10:55:49,722.55,716693
2021-06-23 10:55:50,722.55,717007
2021-06-23 10:55:51,722.7,717108
2021-06-23 10:55:52,722.55,717263
2021-06-23 10:55:53,722.55,717683
2021-06-23 10:56:04,722.55,718667
2021-06-23 10:56:05,722.55,718667
2021-06-23 10:56:06,722.7,718738
2021-06-23 10:56:07,722.7,718738
2021-06-23 10:56:08,722.7,718753
2021-06-23 10:56:09,722.7,718753
2021-06-23 10:56:10,722.85,718941
2021-06-23 10:56:11,722.85,718941
2021-06-23 10:56:13,722.75,719177
2021-06-23 10:56:14,722.75,719177
2021-06-23 10:56:14,722.75,719177
2021-06-23 10:56:15,722.75,719196
2021-06-23 10:56:17,722.75,719213
2021-06-23 10:56:17,722.75,719213
2021-06-23 10:56:18,722.75,719213
2021-06-23 10:56:19,722.75,719213
2021-06-23 10:56:20,722.75,719213
2021-06-23 10:56:22,722.85,719336
2021-06-23 10:56:23,722.85,719336
2021-06-23 10:56:24,722.85,719336
2021-06-23 10:56:25,722.85,719336
2021-06-23 10:56:27,722.75,719384
2021-06-23 10:56:28,722.75,719384
2021-06-23 10:56:29,722.75,719384
2021-06-23 10:56:29,722.75,719394
2021-06-23 10:56:30,722.75,719414
2021-06-23 10:56:31,722.85,719494
2021-06-23 10:56:32,722.85,719591
2021-06-23 10:56:33,722.4,720971
2021-06-23 10:56:35,722.6,721047
2021-06-23 10:56:36,722.75,721198
2021-06-23 10:56:37,722.5,721325
2021-06-23 10:56:38,722.4,721475
2021-06-23 10:56:38,722.4,721505
2021-06-23 10:56:39,722.4,721505
2021-06-23 10:56:40,722.4,721564
2021-06-23 10:56:41,722.4,721720
2021-06-23 10:56:42,722.4,721720
2021-06-23 10:56:43,722.7,721730
2021-06-23 10:56:45,722.7,721730
2021-06-23 10:56:46,722.7,721730
2021-06-23 10:56:47,722.4,721749
2021-06-23 10:56:48,722.4,721749
2021-06-23 10:56:48,722.4,721749
2021-06-23 10:56:49,722.6,721753
2021-06-23 10:56:50,722.4,721773
2021-06-23 10:56:51,722.7,721873
2021-06-23 10:56:52,722.7,721873
2021-06-23 10:56:54,722.4,721879
2021-06-23 10:56:54,722.4,721879
2021-06-23 10:56:55,722.4,721879
2021-06-23 10:56:56,722.7,722049
2021-06-23 10:56:57,722.4,722091
2021-06-23 10:56:58,722.4,722101
2021-06-23 10:56:59,722.4,722101
2021-06-23 10:57:00,722.4,722105
2021-06-23 10:57:02,722.4,722105
2021-06-23 10:57:03,722.4,722265
2021-06-23 10:57:04,722.4,722265
2021-06-23 10:57:19,722.4,722625
2021-06-23 10:57:21,722.55,722862
2021-06-23 10:57:22,722.55,722862
2021-06-23 10:57:23,722.4,722911
2021-06-23 10:57:24,722.4,722911
2021-06-23 10:57:25,722.4,722911
2021-06-23 10:57:25,722.4,722911
2021-06-23 10:57:26,722.6,722920
2021-06-23 10:57:27,722.45,722935
2021-06-23 10:57:28,722.45,722935
2021-06-23 10:57:29,722.4,723189
2021-06-23 10:57:31,722.65,723204
2021-06-23 10:57:32,722.65,723204
2021-06-23 10:57:32,722.65,723204
2021-06-23 10:57:34,722.65,723204
2021-06-23 10:57:36,722.45,723219
2021-06-23 10:57:37,722.55,723238
2021-06-23 10:57:38,722.55,723238
2021-06-23 10:57:39,722.55,723238
2021-06-23 10:57:40,722.55,723238
2021-06-23 10:57:41,722.55,723258
2021-06-23 10:57:42,722.6,723269
2021-06-23 10:57:44,722.55,723294
2021-06-23 10:57:44,722.55,723319
2021-06-23 10:57:45,722.55,723319
2021-06-23 10:57:46,722.6,723320
2021-06-23 10:57:47,722.55,723338
2021-06-23 10:57:48,722.55,723338
2021-06-23 10:57:49,722.55,723338
2021-06-23 10:57:50,722.7,723588
2021-06-23 10:57:51,722.7,723640
2021-06-23 10:57:52,722.7,723690
2021-06-23 10:57:53,722.55,723740
2021-06-23 10:57:54,722.55,724068
2021-06-23 10:57:55,722.55,724068
2021-06-23 10:57:56,722.55,724068
2021-06-23 10:57:57,722.5,724086
2021-06-23 10:57:58,722.5,724086
2021-06-23 10:58:00,722.5,724086
2021-06-23 10:58:01,722.5,724093
2021-06-23 10:58:02,722.35,724232
2021-06-23 10:58:03,722.5,724250
2021-06-23 10:58:04,722.5,724250
2021-06-23 10:58:05,722.55,724260
2021-06-23 10:58:06,722.55,724260
2021-06-23 10:58:07,722.55,724312
2021-06-23 10:58:08,722.55,724312
2021-06-23 10:58:09,722.55,724312
2021-06-23 10:58:10,722.35,724372
2021-06-23 10:58:11,722.35,724392
2021-06-23 10:58:11,722.35,724395
2021-06-23 10:58:12,722.55,724397
2021-06-23 10:58:13,722.35,724400
2021-06-23 10:58:14,722.35,724404
2021-06-23 10:58:15,722.35,724404
2021-06-23 10:58:16,722.35,724404
2021-06-23 10:58:17,722.5,724424
2021-06-23 10:58:18,722.1,724708
2021-06-23 10:58:19,722.1,724708
2021-06-23 10:58:52,722.1,725575
2021-06-23 10:58:52,722.1,725575
2021-06-23 10:58:54,722.4,725802
2021-06-23 10:58:55,722.4,725802
2021-06-23 10:58:56,722.4,725802
2021-06-23 10:58:56,722.4,725802
2021-06-23 10:58:58,722.15,725827
2021-06-23 10:58:59,722.15,725827
2021-06-23 10:59:00,722.1,725842
2021-06-23 10:59:01,722.1,725842
2021-06-23 10:59:03,722.35,725866
2021-06-23 10:59:04,722.4,725936
2021-06-23 10:59:04,722.4,725941
2021-06-23 10:59:05,722.5,725971
2021-06-23 10:59:06,722.5,725971
2021-06-23 10:59:07,722.35,726081
2021-06-23 10:59:08,722.5,726134
2021-06-23 10:59:09,722.5,726134
2021-06-23 10:59:10,722.5,726134
2021-06-23 10:59:11,722.5,726134
2021-06-23 10:59:13,722.5,726753
2021-06-23 10:59:14,722.5,726779
2021-06-23 10:59:15,722.55,726793
2021-06-23 10:59:16,722.35,726823
2021-06-23 10:59:17,722.35,726823
2021-06-23 10:59:18,722.35,726823
2021-06-23 10:59:19,722.35,727153
2021-06-23 10:59:20,722.35,727169
2021-06-23 10:59:23,722.2,727199
2021-06-23 10:59:24,722.2,727199
2021-06-23 10:59:25,722.2,727216
2021-06-23 10:59:26,722.2,727216
2021-06-23 10:59:27,722.2,727218
2021-06-23 10:59:28,722.05,727236
2021-06-23 10:59:29,722.05,727236
2021-06-23 10:59:30,722.0,727288
2021-06-23 10:59:31,722.0,727288
2021-06-23 10:59:32,722.0,727288
2021-06-23 10:59:33,722.2,727301
2021-06-23 10:59:34,722.2,727301
2021-06-23 10:59:35,722.2,727301
2021-06-23 10:59:35,722.0,727326
2021-06-23 10:59:36,722.2,727377
2021-06-23 10:59:37,722.0,727396
2021-06-23 10:59:38,722.0,727396
2021-06-23 10:59:39,722.0,728532
2021-06-23 10:59:40,722.0,728532
2021-06-23 10:59:41,722.0,728632
2021-06-23 10:59:43,722.0,728765
2021-06-23 10:59:44,722.15,728766
2021-06-23 10:59:45,722.0,728816
2021-06-23 10:59:46,722.0,728819
2021-06-23 10:59:47,722.0,728837
2021-06-23 10:59:48,722.15,728843
2021-06-23 10:59:49,721.95,729292
2021-06-23 10:59:50,722.0,729301
2021-06-23 10:59:51,722.0,729301
2021-06-23 10:59:52,722.0,729301
2021-06-23 10:59:52,722.0,729301
2021-06-23 10:59:57,722.0,729329
2021-06-23 10:59:58,722.2,729496
2021-06-23 10:59:59,722.2,729496
2021-06-23 11:00:00,722.0,729586
2021-06-23 11:00:01,722.2,729591
2021-06-23 11:00:02,722.2,729592
2021-06-23 11:00:03,722.2,729592
2021-06-23 11:00:03,722.2,729592
2021-06-23 11:00:05,722.2,729597
2021-06-23 11:00:07,722.2,729597
2021-06-23 11:00:08,722.0,730129
2021-06-23 11:00:09,722.0,730537
2021-06-23 11:00:10,721.85,730547
2021-06-23 11:00:10,721.85,730547
2021-06-23 11:00:11,721.8,730715
2021-06-23 11:00:12,722.0,730717
2021-06-23 11:00:15,722.0,730887
2021-06-23 11:00:16,722.0,730913
2021-06-23 11:00:16,721.8,730963
2021-06-23 11:00:18,722.0,730985
2021-06-23 11:00:19,721.8,730989
2021-06-23 11:00:20,721.8,731145
2021-06-23 11:00:20,721.8,731219
2021-06-23 11:00:22,721.8,731236
2021-06-23 11:00:23,721.8,731273
2021-06-23 11:00:24,722.0,731483
2021-06-23 11:00:28,721.75,731509
2021-06-23 11:00:30,722.0,731899
2021-06-23 11:00:33,721.75,731937
2021-06-23 11:00:35,722.0,732002
2021-06-23 11:00:37,721.75,732020
2021-06-23 11:00:39,721.75,732020
2021-06-23 11:00:41,722.0,732071
2021-06-23 11:00:43,722.0,732071
2021-06-23 11:00:45,721.75,732147
2021-06-23 11:00:47,721.75,732165
2021-06-23 11:00:49,721.75,732168
2021-06-23 11:00:51,721.75,732168
2021-06-23 11:00:52,721.75,732218
2021-06-23 11:00:55,721.95,732272
2021-06-23 11:01:02,721.75,732484
2021-06-23 11:01:04,721.95,732485
2021-06-23 11:01:06,721.4,733684
2021-06-23 11:01:08,721.4,734406
2021-06-23 11:01:09,721.8,734459
2021-06-23 11:01:11,721.8,734459
2021-06-23 11:01:13,721.75,735739
2021-06-23 11:01:15,721.75,735739
2021-06-23 11:01:17,721.75,735739
2021-06-23 11:01:19,722.0,736922
2021-06-23 11:01:21,721.85,736973
2021-06-23 11:01:23,721.85,736973
2021-06-23 11:01:24,721.85,736973
2021-06-23 11:01:27,721.85,736992
2021-06-23 11:01:29,721.85,737010
2021-06-23 11:01:31,721.85,737010
2021-06-23 11:01:33,722.0,737034
2021-06-23 11:01:35,722.0,737036
2021-06-23 11:01:38,721.85,737055
2021-06-23 11:01:40,722.0,737070
2021-06-23 11:01:42,722.0,737070
2021-06-23 11:01:44,722.0,737070
2021-06-23 11:01:46,721.85,737078
2021-06-23 11:01:48,721.85,737096
2021-06-23 11:01:50,721.85,737096
2021-06-23 11:01:52,721.85,737432
2021-06-23 11:01:54,721.85,737438
2021-06-23 11:01:57,721.85,737458
2021-06-23 11:01:59,721.85,737553
2021-06-23 11:02:01,721.85,737558
2021-06-23 11:02:03,721.85,737558
2021-06-23 11:02:06,721.85,737558
2021-06-23 11:02:08,721.85,738230
2021-06-23 11:02:10,721.85,738330
2021-06-23 11:02:13,721.9,738387
2021-06-23 11:02:15,721.9,738670
2021-06-23 11:02:18,721.9,738673
2021-06-23 11:02:20,721.9,739084
2021-06-23 11:02:22,722.0,739315
2021-06-23 11:02:24,722.1,739318
2021-06-23 11:02:25,722.1,739328
2021-06-23 11:02:27,722.1,739328
2021-06-23 11:02:29,722.1,739328
2021-06-23 11:02:30,722.0,739348
2021-06-23 11:02:32,722.1,739448
2021-06-23 11:02:34,722.25,740503
2021-06-23 11:02:36,722.3,740533
2021-06-23 11:02:38,722.0,740633
2021-06-23 11:02:40,722.25,741365
2021-06-23 11:02:42,722.25,741365
2021-06-23 11:02:44,722.25,741365
2021-06-23 11:02:46,722.25,741365
2021-06-23 11:02:48,722.1,741383
2021-06-23 11:02:50,722.1,741383
2021-06-23 11:02:52,722.1,741383
2021-06-23 11:02:53,722.1,741383
2021-06-23 11:02:56,722.1,741438
2021-06-23 11:02:58,722.05,741970
2021-06-23 11:03:00,722.2,742060
2021-06-23 11:03:02,722.2,742072
2021-06-23 11:03:04,722.2,742073
2021-06-23 11:03:06,722.2,742073
2021-06-23 11:03:19,722.05,743430
2021-06-23 11:03:21,722.2,743683
2021-06-23 11:03:23,722.2,743702
2021-06-23 11:03:25,722.2,743702
2021-06-23 11:03:27,722.35,743973
2021-06-23 11:03:29,722.05,744099
2021-06-23 11:03:32,722.3,744145
2021-06-23 11:03:35,722.3,744195
2021-06-23 11:03:37,722.3,744195
2021-06-23 11:03:40,722.0,744248
2021-06-23 11:03:42,722.0,744746
2021-06-23 11:03:44,722.25,744813
2021-06-23 11:03:46,722.25,744813
2021-06-23 11:03:48,722.0,744949
2021-06-23 11:03:50,722.15,744955
2021-06-23 11:03:52,722.15,745056
2021-06-23 11:03:54,722.15,745056
2021-06-23 11:03:56,722.0,745061
2021-06-23 11:03:58,721.9,745179
2021-06-23 11:04:00,721.9,745179
2021-06-23 11:04:02,721.9,745180
2021-06-23 11:04:04,721.9,745260
2021-06-23 11:04:06,721.8,745480
2021-06-23 11:04:08,721.7,745507
2021-06-23 11:04:10,721.8,745512
2021-06-23 11:04:12,721.8,745512
2021-06-23 11:04:14,721.8,745512
2021-06-23 11:04:16,721.8,745512
2021-06-23 11:04:18,721.5,745598
2021-06-23 11:04:20,721.5,745598
2021-06-23 11:04:26,721.5,745601
2021-06-23 11:04:28,721.35,745667
2021-06-23 11:04:31,721.35,746694
2021-06-23 11:04:34,721.75,746882
2021-06-23 11:04:36,721.75,746882
2021-06-23 11:04:38,721.5,746884
2021-06-23 11:04:40,721.5,746884
2021-06-23 11:04:43,721.45,746885
2021-06-23 11:04:45,721.45,747035
2021-06-23 11:04:47,721.45,747687
2021-06-23 11:04:49,721.45,747923
2021-06-23 11:04:52,721.35,748032
2021-06-23 11:04:54,721.35,748032
2021-06-23 11:04:56,721.35,748187
2021-06-23 11:05:00,721.45,748552
2021-06-23 11:05:02,721.15,748562
2021-06-23 11:05:04,721.15,748562
2021-06-23 11:05:05,721.15,748663
2021-06-23 11:05:07,721.15,748681
2021-06-23 11:05:09,721.15,748681
2021-06-23 11:05:11,721.45,748682
2021-06-23 11:05:16,721.15,748712
2021-06-23 11:05:18,721.1,748778
2021-06-23 11:05:20,721.1,748878
2021-06-23 11:05:21,721.1,748878
2021-06-23 11:05:23,721.15,748984
2021-06-23 11:05:25,721.15,748988
2021-06-23 11:05:27,721.15,749008
2021-06-23 11:05:45,721.1,750537
2021-06-23 11:05:47,721.05,750566
2021-06-23 11:05:49,721.1,750586
2021-06-23 11:05:51,721.1,750595
2021-06-23 11:05:52,721.1,750595
2021-06-23 11:05:54,721.1,750595
2021-06-23 11:05:56,721.1,750595
2021-06-23 11:05:58,721.05,750613
2021-06-23 11:05:59,721.05,750617
2021-06-23 11:06:04,721.05,750642
2021-06-23 11:06:05,721.1,751334
2021-06-23 11:06:07,721.05,751562
2021-06-23 11:06:09,720.95,751573
2021-06-23 11:06:11,720.95,751618
2021-06-23 11:06:13,720.95,751656
2021-06-23 11:06:15,721.0,751661
2021-06-23 11:06:17,720.95,751680
2021-06-23 11:06:19,720.95,751692
2021-06-23 11:06:21,720.95,751707
2021-06-23 11:06:23,720.95,751707
2021-06-23 11:06:25,720.95,751707
2021-06-23 11:06:27,721.0,751802
2021-06-23 11:06:29,720.95,751849
2021-06-23 11:06:31,720.95,751873
2021-06-23 11:06:34,721.0,751874
2021-06-23 11:06:36,721.35,754735
2021-06-23 11:06:38,721.5,754931
2021-06-23 11:06:40,721.35,754936
2021-06-23 11:06:42,721.35,754938
2021-06-23 11:06:43,721.5,754941
2021-06-23 11:06:45,721.5,754980
2021-06-23 11:07:01,721.4,755690
2021-06-23 11:07:03,721.4,755690
2021-06-23 11:07:05,721.4,755710
2021-06-23 11:07:07,721.4,755763
2021-06-23 11:07:09,721.5,755812
2021-06-23 11:07:11,721.8,755816
2021-06-23 11:07:13,721.8,755818
2021-06-23 11:07:15,721.8,755819
2021-06-23 11:07:17,721.85,755836
2021-06-23 11:07:20,721.35,757836
2021-06-23 11:07:22,721.8,757897
2021-06-23 11:07:24,721.8,757897
2021-06-23 11:07:26,721.75,757901
2021-06-23 11:07:28,721.75,757942
2021-06-23 11:07:30,721.5,758008
2021-06-23 11:07:32,721.8,758068
2021-06-23 11:07:34,721.8,758328
2021-06-23 11:07:36,721.75,758408
2021-06-23 11:07:38,721.75,758408
2021-06-23 11:07:40,721.75,758408
2021-06-23 11:07:42,721.75,758408
2021-06-23 11:07:44,721.75,758408
2021-06-23 11:07:46,721.9,758546
2021-06-23 11:07:48,721.75,758551
2021-06-23 11:07:50,721.9,758552
2021-06-23 11:07:52,721.9,758556
2021-06-23 11:07:55,721.6,758935
2021-06-23 11:07:57,721.95,758995
2021-06-23 11:07:59,721.95,758995
2021-06-23 11:08:01,721.95,759020
2021-06-23 11:08:02,721.6,759025
2021-06-23 11:08:20,722.0,759515
2021-06-23 11:08:22,722.0,759515
2021-06-23 11:08:24,721.9,760166
2021-06-23 11:08:25,721.9,760166
2021-06-23 11:08:27,721.9,760166
2021-06-23 11:08:29,722.2,760167
2021-06-23 11:08:31,722.2,760167
2021-06-23 11:08:34,722.25,760674
2021-06-23 11:08:36,722.0,761232
2021-06-23 11:08:38,722.0,761280
2021-06-23 11:08:40,722.0,761280
2021-06-23 11:08:42,722.0,761780
2021-06-23 11:08:44,722.0,761855
2021-06-23 11:08:46,722.15,761892
2021-06-23 11:08:47,722.0,761935
2021-06-23 11:08:49,722.15,761936
2021-06-23 11:08:51,722.15,761936
2021-06-23 11:08:53,722.15,761940
2021-06-23 11:08:54,721.7,762496
2021-06-23 11:08:56,721.7,762496
2021-06-23 11:08:58,722.0,762521
2021-06-23 11:09:00,721.95,762571
2021-06-23 11:09:02,722.1,762573
2021-06-23 11:09:04,722.1,762770
2021-06-23 11:09:05,722.1,762783
2021-06-23 11:09:07,722.1,762874
2021-06-23 11:09:09,721.65,762915
2021-06-23 11:09:11,721.85,762939
2021-06-23 11:09:13,721.85,762939
2021-06-23 11:09:15,721.85,762939
2021-06-23 11:09:18,721.65,762957
2021-06-23 11:09:20,721.65,762957
2021-06-23 11:09:31,721.95,763280
2021-06-23 11:09:33,721.65,763300
2021-06-23 11:09:38,721.7,763445
2021-06-23 11:09:41,721.75,763503
2021-06-23 11:09:43,721.75,763503
2021-06-23 11:09:45,721.75,763503
2021-06-23 11:09:48,721.65,763725
2021-06-23 11:09:49,721.65,763725
2021-06-23 11:09:51,721.65,763797
2021-06-23 11:09:53,721.75,763798
2021-06-23 11:09:56,721.75,763798
2021-06-23 11:09:58,721.75,763825
2021-06-23 11:10:00,721.75,763827
2021-06-23 11:10:02,721.65,763927
2021-06-23 11:10:05,721.65,764127
2021-06-23 11:10:07,721.7,765039
2021-06-23 11:10:09,721.7,765039
2021-06-23 11:10:12,721.5,765064
2021-06-23 11:10:14,721.5,765082
2021-06-23 11:10:16,721.65,765087
2021-06-23 11:10:19,721.65,765108
2021-06-23 11:10:21,721.65,765108
2021-06-23 11:10:23,721.55,765197
2021-06-23 11:10:25,721.55,765197
2021-06-23 11:10:26,721.55,765197
2021-06-23 11:10:27,721.55,765197
2021-06-23 11:10:28,721.55,765197
2021-06-23 11:10:29,721.55,765197
2021-06-23 11:10:30,721.6,765202
2021-06-23 11:10:31,721.6,765208
2021-06-23 11:10:31,721.75,765259
2021-06-23 11:10:33,721.75,765259
2021-06-23 11:10:33,721.75,765259
2021-06-23 11:10:51,721.6,765359
2021-06-23 11:10:53,721.75,765409
2021-06-23 11:10:55,721.6,765411
2021-06-23 11:10:54,721.6,765410
2021-06-23 11:10:56,721.75,765415
2021-06-23 11:10:57,721.6,765434
2021-06-23 11:10:58,721.6,765444
2021-06-23 11:10:59,721.6,765454
2021-06-23 11:11:01,721.6,765454
2021-06-23 11:11:02,721.75,765468
2021-06-23 11:11:03,721.75,765468
2021-06-23 11:11:04,721.75,765488
2021-06-23 11:11:05,721.6,765489
2021-06-23 11:11:06,721.6,765489
2021-06-23 11:11:07,721.6,765507
2021-06-23 11:11:09,721.7,765508
2021-06-23 11:11:08,721.6,765507
2021-06-23 11:11:10,721.7,765508
2021-06-23 11:11:11,721.65,765512
2021-06-23 11:11:12,721.65,765512
2021-06-23 11:11:13,721.65,765512
2021-06-23 11:11:15,721.65,765512
2021-06-23 11:11:16,721.7,765514
2021-06-23 11:11:17,721.65,765532
2021-06-23 11:11:18,721.75,765612
2021-06-23 11:11:19,721.65,765632
2021-06-23 11:11:20,721.65,765632
2021-06-23 11:11:20,721.65,765632
2021-06-23 11:11:22,721.75,765682
2021-06-23 11:11:23,721.65,765683
2021-06-23 11:11:24,721.65,765683
2021-06-23 11:11:25,721.65,765683
2021-06-23 11:11:27,721.65,765701
2021-06-23 11:11:28,721.65,765701
2021-06-23 11:11:29,721.65,765701
2021-06-23 11:11:31,721.65,765756
2021-06-23 11:11:32,721.65,765758
2021-06-23 11:11:33,721.6,765858
2021-06-23 11:11:34,721.6,765858
2021-06-23 11:11:35,721.6,765858
2021-06-23 11:11:36,721.6,765908
2021-06-23 11:11:36,721.6,765858
2021-06-23 11:11:37,721.6,765927
2021-06-23 11:11:39,721.75,765947
2021-06-23 11:11:40,721.75,766147
2021-06-23 11:11:41,721.6,766149
2021-06-23 11:11:42,721.6,766257
2021-06-23 11:11:43,721.75,766274
2021-06-23 11:11:44,721.75,766274
2021-06-23 11:11:45,721.75,766274
2021-06-23 11:11:46,721.75,766274
2021-06-23 11:11:47,721.65,766292
2021-06-23 11:11:48,721.65,766337
