timestamp,ltp,volume
2021-06-23 09:16:29,2955.05,95084
2021-06-23 09:16:30,2954.45,95324
2021-06-23 09:16:32,2951.0,95793
2021-06-23 09:16:33,2948.5,99058
2021-06-23 09:16:35,2950.6,99596
2021-06-23 09:16:35,2948.5,99746
2021-06-23 09:16:36,2949.8,100155
2021-06-23 09:16:38,2948.0,101054
2021-06-23 09:16:39,2949.35,101097
2021-06-23 09:16:41,2949.75,102030
2021-06-23 09:16:41,2949.75,102030
2021-06-23 09:16:42,2951.9,102232
2021-06-23 09:16:43,2950.65,102850
2021-06-23 09:16:44,2950.25,103221
2021-06-23 09:16:45,2952.3,103415
2021-06-23 09:16:46,2953.0,103657
2021-06-23 09:16:48,2953.45,104193
2021-06-23 09:16:48,2951.5,104178
2021-06-23 09:16:49,2952.65,104413
2021-06-23 09:16:50,2952.0,104491
2021-06-23 09:16:51,2951.65,105064
2021-06-23 09:16:53,2951.75,105574
2021-06-23 09:16:53,2951.75,105574
2021-06-23 09:16:54,2950.55,106040
2021-06-23 09:16:55,2951.55,106208
2021-06-23 09:16:56,2952.8,106724
2021-06-23 09:16:57,2950.3,106927
2021-06-23 09:16:58,2951.1,107609
2021-06-23 09:17:00,2952.8,107971
2021-06-23 09:17:00,2951.3,107982
2021-06-23 09:17:01,2952.6,108124
2021-06-23 09:17:03,2952.15,108690
2021-06-23 09:17:04,2950.0,110320
2021-06-23 09:17:06,2952.45,110482
2021-06-23 09:17:06,2950.1,110513
2021-06-23 09:17:07,2952.85,112892
2021-06-23 09:17:08,2952.55,115158
2021-06-23 09:17:09,2951.75,116024
2021-06-23 09:17:11,2952.05,116227
2021-06-23 09:17:12,2951.3,117248
2021-06-23 09:17:13,2951.0,117310
2021-06-23 09:17:14,2949.5,117526
2021-06-23 09:17:15,2948.4,117716
2021-06-23 09:17:17,2950.0,117909
2021-06-23 09:17:17,2950.0,117949
2021-06-23 09:17:18,2950.0,118224
2021-06-23 09:17:19,2949.5,118241
2021-06-23 09:17:20,2949.5,118493
2021-06-23 09:17:21,2950.0,118980
2021-06-23 09:17:22,2950.95,118990
2021-06-23 09:17:25,2950.0,119809
2021-06-23 09:17:26,2950.0,120140
2021-06-23 09:17:28,2948.5,120385
2021-06-23 09:17:28,2948.75,120355
2021-06-23 09:17:29,2950.0,120687
2021-06-23 09:17:30,2948.0,120842
2021-06-23 09:17:31,2950.0,121058
2021-06-23 09:17:33,2950.4,121322
2021-06-23 09:17:33,2950.4,121322
2021-06-23 09:17:35,2950.0,123062
2021-06-23 09:17:36,2948.5,123404
2021-06-23 09:17:38,2951.05,123503
2021-06-23 09:17:38,2951.05,123503
2021-06-23 09:17:40,2950.9,123735
2021-06-23 09:17:41,2950.0,123780
2021-06-23 09:17:43,2950.1,123816
2021-06-23 09:17:44,2949.5,123933
2021-06-23 09:17:44,2950.35,123979
2021-06-23 09:17:45,2950.95,124264
2021-06-23 09:17:46,2950.95,124293
2021-06-23 09:17:47,2951.05,124454
2021-06-23 09:17:49,2950.3,124568
2021-06-23 09:17:50,2951.7,124643
2021-06-23 09:17:50,2951.7,124643
2021-06-23 09:17:51,2951.7,124759
2021-06-23 09:17:52,2950.5,125245
2021-06-23 09:17:53,2951.0,125491
2021-06-23 09:17:55,2951.95,125855
2021-06-23 09:17:55,2950.15,125943
2021-06-23 09:17:56,2950.5,125979
2021-06-23 09:17:57,2950.1,126059
2021-06-23 09:18:01,2952.55,127241
2021-06-23 09:18:01,2952.55,127241
2021-06-23 09:18:02,2951.95,127279
2021-06-23 09:18:03,2951.5,127532
2021-06-23 09:18:04,2950.0,130169
2021-06-23 09:18:06,2951.05,130178
2021-06-23 09:18:06,2951.05,130178
2021-06-23 09:18:07,2952.2,130248
2021-06-23 09:18:08,2953.35,130388
2021-06-23 09:18:09,2953.75,130588
2021-06-23 09:18:10,2952.2,130679
2021-06-23 09:18:12,2952.0,131047
2021-06-23 09:18:12,2952.0,131057
2021-06-23 09:18:13,2952.0,131106
2021-06-23 09:18:14,2951.8,131143
2021-06-23 09:18:15,2951.0,131318
2021-06-23 09:18:17,2951.8,131356
2021-06-23 09:18:17,2951.8,131356
2021-06-23 09:18:18,2951.7,131386
2021-06-23 09:18:19,2951.7,131422
2021-06-23 09:18:21,2950.6,131750
2021-06-23 09:18:23,2951.7,131855
2021-06-23 09:18:23,2951.7,131855
2021-06-23 09:18:24,2951.9,132200
2021-06-23 09:18:25,2951.0,132310
2021-06-23 09:18:26,2951.9,132626
2021-06-23 09:18:28,2951.9,132635
2021-06-23 09:18:28,2951.7,132855
2021-06-23 09:18:29,2952.0,133164
2021-06-23 09:18:30,2951.9,133294
2021-06-23 09:18:33,2951.7,133680
2021-06-23 09:18:33,2950.5,133751
2021-06-23 09:18:34,2951.8,133814
2021-06-23 09:18:35,2952.0,134018
2021-06-23 09:18:37,2951.0,134026
2021-06-23 09:18:38,2951.4,134544
2021-06-23 09:18:39,2951.75,134697
2021-06-23 09:18:40,2950.8,134709
2021-06-23 09:18:41,2950.3,134794
2021-06-23 09:18:42,2951.95,134801
2021-06-23 09:18:44,2951.4,134855
2021-06-23 09:18:45,2951.8,134952
2021-06-23 09:18:45,2950.8,134932
2021-06-23 09:18:46,2951.4,135096
2021-06-23 09:18:47,2951.85,135352
2021-06-23 09:18:49,2951.9,135687
2021-06-23 09:18:50,2950.5,135804
2021-06-23 09:18:50,2950.5,135804
2021-06-23 09:18:51,2951.4,136825
2021-06-23 09:18:52,2950.3,137020
2021-06-23 09:18:53,2950.85,137459
2021-06-23 09:18:54,2952.0,137542
2021-06-23 09:18:55,2954.1,137850
2021-06-23 09:18:56,2954.1,137850
2021-06-23 09:18:57,2953.7,138057
2021-06-23 09:18:59,2953.7,138227
2021-06-23 09:19:00,2952.25,138678
2021-06-23 09:19:00,2952.15,138679
2021-06-23 09:19:01,2953.7,139123
2021-06-23 09:19:02,2953.5,139211
2021-06-23 09:19:04,2952.8,139379
2021-06-23 09:19:05,2954.2,139602
2021-06-23 09:19:08,2953.5,140371
2021-06-23 09:19:10,2953.65,140390
2021-06-23 09:19:11,2952.1,140448
2021-06-23 09:19:12,2951.7,140562
2021-06-23 09:19:13,2951.7,140601
2021-06-23 09:19:14,2951.7,140776
2021-06-23 09:19:16,2952.0,140786
2021-06-23 09:19:17,2952.05,141009
2021-06-23 09:19:17,2952.05,141009
2021-06-23 09:19:18,2951.25,141150
2021-06-23 09:19:19,2950.6,141819
2021-06-23 09:19:20,2952.0,141960
2021-06-23 09:19:22,2952.0,142465
2021-06-23 09:19:23,2950.3,142573
2021-06-23 09:19:24,2951.5,142780
2021-06-23 09:19:24,2951.5,142841
2021-06-23 09:19:25,2950.5,143064
2021-06-23 09:19:26,2950.65,143111
2021-06-23 09:19:27,2951.35,143182
2021-06-23 09:19:28,2950.05,143277
2021-06-23 09:19:30,2950.1,143414
2021-06-23 09:19:31,2950.05,143481
2021-06-23 09:19:32,2950.05,143585
2021-06-23 09:19:33,2951.4,143703
2021-06-23 09:19:34,2950.05,143835
2021-06-23 09:19:35,2950.8,143976
2021-06-23 09:19:36,2950.0,144208
2021-06-23 09:19:38,2950.5,144619
2021-06-23 09:19:39,2951.45,144682
2021-06-23 09:19:39,2951.45,144701
2021-06-23 09:19:40,2950.1,144967
2021-06-23 09:19:41,2950.25,145079
2021-06-23 09:19:42,2951.5,145114
2021-06-23 09:19:44,2951.5,145441
2021-06-23 09:19:45,2951.5,145635
2021-06-23 09:19:45,2951.5,145540
2021-06-23 09:19:46,2951.5,145685
2021-06-23 09:19:47,2951.4,145846
2021-06-23 09:19:49,2950.8,146036
2021-06-23 09:19:50,2950.55,146104
2021-06-23 09:19:50,2951.4,146063
2021-06-23 09:19:51,2951.85,146732
2021-06-23 09:19:52,2950.5,147010
2021-06-23 09:19:54,2950.8,147032
2021-06-23 09:19:55,2951.75,148967
2021-06-23 09:19:56,2951.3,149371
2021-06-23 09:19:56,2951.3,149371
2021-06-23 09:19:57,2952.0,149537
2021-06-23 09:19:58,2953.45,149752
2021-06-23 09:20:00,2952.15,149865
2021-06-23 09:20:01,2952.3,149990
2021-06-23 09:20:01,2953.75,150296
2021-06-23 09:20:02,2952.05,150432
2021-06-23 09:20:05,2953.7,151161
2021-06-23 09:20:06,2953.0,152572
2021-06-23 09:20:06,2952.95,152575
2021-06-23 09:20:07,2952.95,152582
2021-06-23 09:20:08,2953.0,152938
2021-06-23 09:20:10,2953.4,152996
2021-06-23 09:20:11,2952.8,153355
2021-06-23 09:20:11,2952.4,153382
2021-06-23 09:20:12,2954.4,153608
2021-06-23 09:20:13,2952.9,153683
2021-06-23 09:20:15,2954.3,153827
2021-06-23 09:20:17,2955.0,154612
2021-06-23 09:20:18,2954.0,154773
2021-06-23 09:20:18,2954.0,154773
2021-06-23 09:20:19,2952.75,154794
2021-06-23 09:20:20,2954.1,154939
2021-06-23 09:20:22,2952.75,155098
2021-06-23 09:20:23,2953.0,155398
2021-06-23 09:20:23,2952.6,155402
2021-06-23 09:20:25,2952.05,155863
2021-06-23 09:20:26,2953.0,156402
2021-06-23 09:20:27,2951.7,156687
2021-06-23 09:20:28,2951.5,156770
2021-06-23 09:20:29,2951.05,156902
2021-06-23 09:20:30,2951.15,157236
2021-06-23 09:20:31,2950.2,157828
2021-06-23 09:20:32,2952.0,157884
2021-06-23 09:20:33,2950.65,158073
2021-06-23 09:20:34,2950.2,158284
2021-06-23 09:20:35,2950.0,158440
2021-06-23 09:20:36,2950.0,159009
2021-06-23 09:20:37,2950.05,159296
2021-06-23 09:20:39,2950.9,159642
2021-06-23 09:20:40,2950.0,159794
2021-06-23 09:20:41,2950.7,159814
2021-06-23 09:20:42,2950.75,159904
2021-06-23 09:20:43,2950.65,160116
2021-06-23 09:20:44,2951.0,160355
2021-06-23 09:20:45,2951.0,160385
2021-06-23 09:20:46,2951.15,160481
2021-06-23 09:20:47,2951.0,160538
2021-06-23 09:20:48,2950.0,160564
2021-06-23 09:20:49,2950.0,160607
2021-06-23 09:20:49,2950.0,160608
2021-06-23 09:20:50,2951.2,160665
2021-06-23 09:20:51,2950.05,160692
2021-06-23 09:20:52,2948.0,162211
2021-06-23 09:20:53,2949.4,162276
2021-06-23 09:20:54,2948.05,162318
2021-06-23 09:20:55,2949.0,162401
2021-06-23 09:20:56,2949.1,162502
2021-06-23 09:20:57,2949.3,162662
2021-06-23 09:20:59,2949.6,162698
2021-06-23 09:21:00,2949.3,162724
2021-06-23 09:21:04,2947.5,163264
2021-06-23 09:21:05,2948.7,163532
2021-06-23 09:21:06,2948.8,163542
2021-06-23 09:21:07,2947.5,163559
2021-06-23 09:21:08,2948.0,164222
2021-06-23 09:21:09,2948.55,164783
2021-06-23 09:21:10,2947.1,164831
2021-06-23 09:21:11,2947.05,164932
2021-06-23 09:21:12,2947.0,164974
2021-06-23 09:21:13,2948.0,165015
2021-06-23 09:21:14,2947.25,165090
2021-06-23 09:21:15,2947.0,165503
2021-06-23 09:21:16,2948.35,165607
2021-06-23 09:21:16,2948.35,165674
2021-06-23 09:21:17,2948.0,165864
2021-06-23 09:21:18,2948.0,166149
2021-06-23 09:21:19,2948.0,166218
2021-06-23 09:21:20,2948.0,166224
2021-06-23 09:21:21,2948.1,166274
2021-06-23 09:21:22,2947.0,166318
2021-06-23 09:21:23,2948.0,166345
2021-06-23 09:21:24,2947.0,166504
2021-06-23 09:21:25,2947.0,166665
2021-06-23 09:21:26,2948.0,166880
2021-06-23 09:21:27,2947.0,166915
2021-06-23 09:21:29,2948.0,167287
2021-06-23 09:21:30,2947.05,167306
2021-06-23 09:21:31,2948.0,167417
2021-06-23 09:21:32,2948.0,167517
2021-06-23 09:21:33,2947.1,167718
2021-06-23 09:21:34,2947.05,167722
2021-06-23 09:21:35,2947.05,167732
2021-06-23 09:21:36,2948.0,167754
2021-06-23 09:21:37,2947.0,167954
2021-06-23 09:21:38,2947.0,168006
2021-06-23 09:21:39,2947.6,168028
2021-06-23 09:21:40,2947.9,168197
2021-06-23 09:21:41,2947.9,168297
2021-06-23 09:21:42,2947.9,168377
2021-06-23 09:21:43,2947.85,168502
2021-06-23 09:21:44,2947.6,169685
2021-06-23 09:21:45,2947.6,169730
2021-06-23 09:21:46,2948.0,169759
2021-06-23 09:21:47,2947.05,169885
2021-06-23 09:21:48,2947.9,170068
2021-06-23 09:21:49,2947.95,170071
2021-06-23 09:21:50,2947.95,170212
2021-06-23 09:21:51,2947.95,170288
2021-06-23 09:21:52,2948.6,170417
2021-06-23 09:21:53,2948.6,170452
2021-06-23 09:21:55,2948.6,170476
2021-06-23 09:21:56,2948.7,170609
2021-06-23 09:21:57,2948.0,170659
2021-06-23 09:21:58,2948.0,170755
2021-06-23 09:21:59,2948.0,170771
2021-06-23 09:22:00,2949.0,170894
2021-06-23 09:22:01,2948.9,170942
2021-06-23 09:22:02,2948.85,170983
2021-06-23 09:22:03,2948.0,171002
2021-06-23 09:22:03,2948.0,171038
2021-06-23 09:22:04,2948.0,171068
2021-06-23 09:22:05,2947.05,171148
2021-06-23 09:22:06,2947.9,171306
2021-06-23 09:22:07,2948.0,171386
2021-06-23 09:22:08,2948.0,171395
2021-06-23 09:22:09,2947.0,171457
2021-06-23 09:22:10,2947.9,171481
2021-06-23 09:22:11,2947.95,171586
2021-06-23 09:22:12,2948.4,172079
2021-06-23 09:22:13,2948.8,172083
2021-06-23 09:22:14,2947.95,172089
2021-06-23 09:22:15,2947.5,172239
2021-06-23 09:22:16,2947.1,172310
2021-06-23 09:22:17,2948.35,172363
2021-06-23 09:22:18,2948.35,172449
2021-06-23 09:22:19,2948.35,172547
2021-06-23 09:22:20,2947.5,172604
2021-06-23 09:22:21,2947.8,172614
2021-06-23 09:22:22,2947.8,172791
2021-06-23 09:22:23,2947.75,172859
2021-06-23 09:22:24,2947.25,172911
2021-06-23 09:22:25,2947.6,172915
2021-06-23 09:22:26,2947.7,172924
2021-06-23 09:22:27,2947.6,172961
2021-06-23 09:22:28,2947.6,172999
2021-06-23 09:22:29,2947.8,173052
2021-06-23 09:22:30,2947.6,173300
2021-06-23 09:22:31,2947.6,173366
2021-06-23 09:22:32,2947.45,174418
2021-06-23 09:22:33,2946.0,174844
2021-06-23 09:22:34,2946.9,174966
2021-06-23 09:22:35,2946.9,174984
2021-06-23 09:22:36,2946.9,174984
2021-06-23 09:22:39,2945.8,175528
2021-06-23 09:22:40,2945.75,175769
2021-06-23 09:22:41,2945.75,175796
2021-06-23 09:22:42,2945.65,176195
2021-06-23 09:22:43,2945.15,176596
2021-06-23 09:22:44,2946.3,177153
2021-06-23 09:22:45,2945.0,177260
2021-06-23 09:22:46,2945.95,177272
2021-06-23 09:22:47,2945.0,177333
2021-06-23 09:22:48,2943.0,178033
2021-06-23 09:22:50,2943.25,178275
2021-06-23 09:22:51,2943.0,178336
2021-06-23 09:22:52,2943.0,178370
2021-06-23 09:22:53,2942.8,178420
2021-06-23 09:22:54,2942.5,178534
2021-06-23 09:22:55,2942.2,178590
2021-06-23 09:22:56,2942.95,178991
2021-06-23 09:22:57,2942.9,179110
2021-06-23 09:22:58,2941.35,179364
2021-06-23 09:22:59,2942.85,179458
2021-06-23 09:23:00,2942.8,179652
2021-06-23 09:23:01,2942.3,179941
2021-06-23 09:23:02,2942.3,179998
2021-06-23 09:23:03,2942.5,180238
2021-06-23 09:23:04,2942.9,180539
2021-06-23 09:23:05,2942.7,180689
2021-06-23 09:23:06,2941.3,181086
2021-06-23 09:23:07,2942.75,181151
2021-06-23 09:23:08,2941.3,181207
2021-06-23 09:23:09,2941.3,181353
2021-06-23 09:23:10,2941.35,181595
2021-06-23 09:23:11,2941.4,182085
2021-06-23 09:23:12,2941.35,182210
2021-06-23 09:23:13,2941.35,182346
2021-06-23 09:23:14,2941.45,182380
2021-06-23 09:23:15,2941.7,183099
2021-06-23 09:23:16,2941.8,183294
2021-06-23 09:23:17,2943.25,183327
2021-06-23 09:23:18,2943.25,183568
2021-06-23 09:23:20,2943.55,183696
2021-06-23 09:23:21,2943.5,183870
2021-06-23 09:23:22,2943.15,184074
2021-06-23 09:23:23,2943.15,184216
2021-06-23 09:23:24,2941.35,184530
2021-06-23 09:23:25,2942.7,184541
2021-06-23 09:23:26,2943.55,184896
2021-06-23 09:23:27,2941.5,184897
2021-06-23 09:23:28,2943.45,184942
2021-06-23 09:23:29,2941.95,185127
2021-06-23 09:23:30,2942.7,185273
2021-06-23 09:23:31,2941.35,185379
2021-06-23 09:23:32,2942.8,185563
2021-06-23 09:23:33,2942.8,185584
2021-06-23 09:23:34,2941.95,185601
2021-06-23 09:23:35,2943.0,185676
2021-06-23 09:23:36,2943.15,185756
2021-06-23 09:23:37,2943.1,185779
2021-06-23 09:23:38,2941.5,185846
2021-06-23 09:23:39,2941.5,185882
2021-06-23 09:23:40,2942.9,185927
2021-06-23 09:23:41,2942.0,186086
2021-06-23 09:23:42,2941.65,186096
2021-06-23 09:23:43,2942.65,186111
2021-06-23 09:23:44,2941.6,186146
2021-06-23 09:23:47,2942.55,186307
2021-06-23 09:23:48,2942.85,186457
2021-06-23 09:23:49,2942.85,186462
2021-06-23 09:23:51,2942.0,186476
2021-06-23 09:23:52,2942.0,186483
2021-06-23 09:23:53,2941.6,186505
2021-06-23 09:23:54,2942.65,186558
2021-06-23 09:23:55,2942.85,186590
2021-06-23 09:23:56,2942.85,186594
2021-06-23 09:23:57,2942.0,186600
2021-06-23 09:23:58,2942.0,186605
2021-06-23 09:23:59,2942.6,186606
2021-06-23 09:24:00,2941.95,186648
2021-06-23 09:24:01,2942.4,186675
2021-06-23 09:24:02,2942.0,186809
2021-06-23 09:24:03,2942.4,186815
2021-06-23 09:24:04,2942.4,186816
2021-06-23 09:24:05,2942.4,186970
2021-06-23 09:24:07,2942.4,187006
2021-06-23 09:24:08,2942.0,187269
2021-06-23 09:24:08,2942.0,187269
2021-06-23 09:24:09,2942.6,187272
2021-06-23 09:24:11,2942.75,187289
2021-06-23 09:24:12,2942.4,187650
2021-06-23 09:24:13,2942.75,187766
2021-06-23 09:24:14,2942.75,187957
2021-06-23 09:24:15,2944.85,189564
2021-06-23 09:24:16,2944.9,190018
2021-06-23 09:24:17,2943.0,190145
2021-06-23 09:24:19,2942.2,191400
2021-06-23 09:24:20,2944.1,191415
2021-06-23 09:24:21,2945.0,191516
2021-06-23 09:24:22,2944.1,191547
2021-06-23 09:24:23,2944.1,191649
2021-06-23 09:24:24,2944.85,191685
2021-06-23 09:24:25,2944.1,191764
2021-06-23 09:24:26,2945.0,191774
2021-06-23 09:24:27,2944.75,193031
2021-06-23 09:24:28,2945.15,193942
2021-06-23 09:24:29,2945.0,193947
2021-06-23 09:24:30,2944.85,194194
2021-06-23 09:24:31,2944.55,194204
2021-06-23 09:24:32,2946.2,194241
2021-06-23 09:24:33,2946.6,194318
2021-06-23 09:24:34,2946.6,194349
2021-06-23 09:24:35,2945.0,194457
2021-06-23 09:24:36,2946.55,194805
2021-06-23 09:24:37,2946.55,194805
2021-06-23 09:24:38,2946.0,194869
2021-06-23 09:24:39,2946.8,194889
2021-06-23 09:24:40,2946.8,194899
2021-06-23 09:24:41,2947.35,194938
2021-06-23 09:24:42,2946.0,195108
2021-06-23 09:24:43,2946.0,195108
2021-06-23 09:24:44,2945.8,195164
2021-06-23 09:24:45,2947.2,195225
2021-06-23 09:24:47,2948.0,195453
2021-06-23 09:24:48,2948.5,195588
2021-06-23 09:24:49,2947.65,195658
2021-06-23 09:24:50,2948.5,195797
2021-06-23 09:24:51,2948.0,195899
2021-06-23 09:24:52,2948.0,195944
2021-06-23 09:24:53,2948.0,195970
2021-06-23 09:24:55,2949.85,196371
2021-06-23 09:24:56,2948.5,196492
2021-06-23 09:24:57,2949.5,196613
2021-06-23 09:24:58,2949.55,196614
2021-06-23 09:24:59,2948.4,197037
2021-06-23 09:25:00,2948.4,197220
2021-06-23 09:25:01,2950.0,197341
2021-06-23 09:25:02,2949.9,197404
2021-06-23 09:25:03,2948.4,197524
2021-06-23 09:25:04,2950.55,198224
2021-06-23 09:25:05,2949.95,198271
2021-06-23 09:25:06,2949.7,198403
2021-06-23 09:25:07,2949.9,198418
2021-06-23 09:25:08,2949.95,198619
2021-06-23 09:25:09,2950.55,198734
2021-06-23 09:25:11,2950.85,198760
2021-06-23 09:25:12,2951.25,198887
2021-06-23 09:25:13,2951.2,198917
2021-06-23 09:25:14,2951.0,199042
2021-06-23 09:25:15,2951.2,199052
2021-06-23 09:25:16,2950.85,199290
2021-06-23 09:25:17,2950.8,201033
2021-06-23 09:25:18,2949.05,201347
2021-06-23 09:25:19,2950.25,201414
2021-06-23 09:25:20,2950.25,201596
2021-06-23 09:25:21,2950.2,201599
2021-06-23 09:25:22,2950.25,201789
2021-06-23 09:25:23,2951.4,202057
2021-06-23 09:25:24,2950.0,202376
2021-06-23 09:25:25,2950.05,202463
2021-06-23 09:25:26,2950.0,202521
2021-06-23 09:25:27,2951.4,202653
2021-06-23 09:25:28,2951.5,202678
2021-06-23 09:25:29,2950.2,202682
2021-06-23 09:25:30,2950.15,202778
2021-06-23 09:25:31,2950.0,202871
2021-06-23 09:25:32,2951.0,202878
2021-06-23 09:25:33,2951.0,203033
2021-06-23 09:25:35,2951.0,204241
2021-06-23 09:25:37,2950.55,204363
2021-06-23 09:25:38,2951.2,204364
2021-06-23 09:25:39,2951.2,204478
2021-06-23 09:25:40,2951.2,204598
2021-06-23 09:25:41,2951.2,204629
2021-06-23 09:25:42,2951.2,204756
2021-06-23 09:25:43,2951.2,204776
2021-06-23 09:25:44,2951.2,204777
2021-06-23 09:25:45,2951.0,204980
2021-06-23 09:25:47,2951.2,205073
2021-06-23 09:25:48,2951.2,205378
2021-06-23 09:25:49,2951.2,205389
2021-06-23 09:25:50,2951.2,205619
2021-06-23 09:25:51,2950.55,205621
2021-06-23 09:25:52,2951.15,205763
2021-06-23 09:25:53,2951.15,205805
2021-06-23 09:25:54,2951.15,205910
2021-06-23 09:25:55,2951.15,205980
2021-06-23 09:25:56,2952.25,207417
2021-06-23 09:25:57,2952.3,207437
2021-06-23 09:25:58,2952.0,207667
2021-06-23 09:25:59,2951.15,207686
2021-06-23 09:26:00,2950.6,207698
2021-06-23 09:26:01,2951.9,207757
2021-06-23 09:26:02,2951.95,207768
2021-06-23 09:26:03,2952.2,207872
2021-06-23 09:26:04,2953.0,208442
2021-06-23 09:26:05,2952.3,208514
2021-06-23 09:26:06,2952.55,208542
2021-06-23 09:26:07,2951.2,208552
2021-06-23 09:26:08,2952.55,208558
2021-06-23 09:26:09,2952.9,208697
2021-06-23 09:26:10,2952.85,208972
2021-06-23 09:26:11,2952.2,208978
2021-06-23 09:26:12,2952.2,208978
2021-06-23 09:26:13,2952.0,209226
2021-06-23 09:26:14,2953.0,209233
2021-06-23 09:26:15,2953.0,209294
2021-06-23 09:26:16,2953.7,209338
2021-06-23 09:26:17,2953.7,209343
2021-06-23 09:26:18,2952.3,209397
2021-06-23 09:26:19,2954.0,209558
2021-06-23 09:26:20,2954.0,209568
2021-06-23 09:26:21,2953.95,209744
2021-06-23 09:26:22,2954.0,209875
2021-06-23 09:26:23,2954.4,210432
2021-06-23 09:26:24,2953.95,210736
2021-06-23 09:26:25,2953.95,210746
2021-06-23 09:26:26,2953.95,210782
2021-06-23 09:26:28,2954.0,210876
2021-06-23 09:26:29,2955.0,211158
2021-06-23 09:26:30,2958.0,213211
2021-06-23 09:26:31,2957.6,214054
2021-06-23 09:26:32,2957.05,214112
2021-06-23 09:26:33,2957.3,214304
2021-06-23 09:26:34,2957.4,214307
2021-06-23 09:26:35,2957.4,214409
2021-06-23 09:26:36,2957.4,214411
2021-06-23 09:26:37,2958.0,214634
2021-06-23 09:26:38,2956.55,214655
2021-06-23 09:26:40,2956.6,215068
2021-06-23 09:26:41,2957.4,215200
2021-06-23 09:26:42,2957.9,215232
2021-06-23 09:26:43,2957.0,215383
2021-06-23 09:26:44,2957.0,215383
2021-06-23 09:26:45,2956.6,215517
2021-06-23 09:26:46,2957.7,215548
2021-06-23 09:26:47,2957.9,216161
2021-06-23 09:26:48,2957.2,216271
2021-06-23 09:26:49,2958.0,216638
2021-06-23 09:26:50,2958.0,216666
2021-06-23 09:26:51,2958.1,216888
2021-06-23 09:26:52,2958.1,216945
2021-06-23 09:26:53,2958.5,217056
2021-06-23 09:26:54,2958.8,217169
2021-06-23 09:26:55,2960.0,219303
2021-06-23 09:26:56,2960.6,219410
2021-06-23 09:26:57,2959.1,219596
2021-06-23 09:26:59,2961.0,219885
2021-06-23 09:27:00,2961.0,220167
2021-06-23 09:27:01,2960.9,220370
2021-06-23 09:27:02,2961.0,220487
2021-06-23 09:27:03,2960.8,220683
2021-06-23 09:27:04,2961.45,220959
2021-06-23 09:27:05,2961.6,221813
2021-06-23 09:27:06,2963.1,222654
2021-06-23 09:27:07,2961.45,222719
2021-06-23 09:27:08,2962.0,222947
2021-06-23 09:27:09,2963.25,223804
2021-06-23 09:27:10,2962.8,224293
2021-06-23 09:27:13,2964.95,224862
2021-06-23 09:27:14,2962.8,225622
2021-06-23 09:27:15,2964.55,226857
2021-06-23 09:27:15,2964.6,226942
2021-06-23 09:27:17,2964.8,227849
2021-06-23 09:27:18,2964.0,228047
2021-06-23 09:27:19,2964.0,228728
2021-06-23 09:27:20,2963.5,229156
2021-06-23 09:27:21,2965.0,229330
2021-06-23 09:27:22,2968.4,234003
2021-06-23 09:27:23,2967.05,234238
2021-06-23 09:27:24,2969.45,235531
2021-06-23 09:27:25,2967.5,237065
2021-06-23 09:27:27,2970.0,238174
2021-06-23 09:27:28,2970.0,238605
2021-06-23 09:27:29,2969.35,244198
2021-06-23 09:27:30,2969.05,244625
2021-06-23 09:27:31,2970.05,244872
2021-06-23 09:27:32,2970.65,245540
2021-06-23 09:27:33,2970.95,245830
2021-06-23 09:27:34,2970.8,246747
2021-06-23 09:27:35,2972.5,247845
2021-06-23 09:27:36,2970.75,249129
2021-06-23 09:27:37,2970.95,250538
2021-06-23 09:27:38,2970.9,251091
2021-06-23 09:27:39,2972.0,251199
2021-06-23 09:27:40,2971.85,251680
2021-06-23 09:27:41,2971.95,252602
2021-06-23 09:27:42,2972.0,253227
2021-06-23 09:27:43,2972.0,253549
2021-06-23 09:27:44,2971.7,253756
2021-06-23 09:27:45,2970.0,254158
2021-06-23 09:27:47,2970.4,254400
2021-06-23 09:27:48,2970.0,255249
2021-06-23 09:27:48,2970.0,255249
2021-06-23 09:27:49,2972.0,256956
2021-06-23 09:27:50,2970.0,257092
2021-06-23 09:27:51,2971.85,257424
2021-06-23 09:27:52,2971.95,257693
2021-06-23 09:27:53,2972.0,258398
2021-06-23 09:27:54,2972.0,258917
2021-06-23 09:27:55,2972.0,259333
2021-06-23 09:27:56,2970.5,259561
2021-06-23 09:27:57,2970.55,259772
2021-06-23 09:27:58,2972.0,260914
2021-06-23 09:27:59,2972.0,261027
2021-06-23 09:28:03,2972.0,261916
2021-06-23 09:28:04,2971.65,262051
2021-06-23 09:28:05,2970.8,263494
2021-06-23 09:28:06,2971.5,263643
2021-06-23 09:28:07,2970.5,263895
2021-06-23 09:28:09,2970.3,264317
2021-06-23 09:28:11,2970.55,264994
2021-06-23 09:28:12,2970.5,265304
2021-06-23 09:28:13,2971.65,265389
2021-06-23 09:28:13,2971.7,265399
2021-06-23 09:28:14,2970.1,266533
2021-06-23 09:28:15,2970.7,267177
2021-06-23 09:28:16,2970.15,267866
2021-06-23 09:28:17,2971.0,267872
2021-06-23 09:28:18,2970.55,268008
2021-06-23 09:28:19,2971.75,268265
2021-06-23 09:28:20,2970.0,268613
2021-06-23 09:28:21,2970.95,271379
2021-06-23 09:28:22,2970.15,271549
2021-06-23 09:28:23,2969.1,271961
2021-06-23 09:28:24,2969.0,272043
2021-06-23 09:28:25,2969.15,272248
2021-06-23 09:28:26,2970.95,272368
2021-06-23 09:28:27,2970.15,272535
2021-06-23 09:28:28,2970.0,272950
2021-06-23 09:28:29,2969.0,273135
2021-06-23 09:28:32,2969.1,274311
2021-06-23 09:28:33,2969.5,274570
2021-06-23 09:28:34,2968.35,274686
2021-06-23 09:28:35,2969.0,274786
2021-06-23 09:28:36,2969.6,274888
2021-06-23 09:28:37,2968.2,274971
2021-06-23 09:28:39,2969.0,276020
2021-06-23 09:28:40,2969.0,276192
2021-06-23 09:28:40,2969.05,276202
2021-06-23 09:28:41,2969.0,276291
2021-06-23 09:28:42,2969.1,276474
2021-06-23 09:28:43,2969.0,276588
2021-06-23 09:28:44,2967.85,277063
2021-06-23 09:28:45,2967.9,277211
2021-06-23 09:28:46,2967.55,277403
2021-06-23 09:28:47,2967.85,277633
2021-06-23 09:28:48,2968.8,278210
2021-06-23 09:28:49,2967.45,278551
2021-06-23 09:28:50,2967.35,278674
2021-06-23 09:28:51,2967.35,278674
2021-06-23 09:28:52,2967.3,279030
2021-06-23 09:28:53,2968.0,279567
2021-06-23 09:28:54,2967.95,279601
2021-06-23 09:28:55,2967.0,279611
2021-06-23 09:28:56,2966.05,279966
2021-06-23 09:28:57,2967.0,280047
2021-06-23 09:28:59,2966.2,280227
2021-06-23 09:28:59,2967.0,280225
2021-06-23 09:29:00,2967.4,280413
2021-06-23 09:29:01,2964.05,281461
2021-06-23 09:29:02,2966.2,281930
2021-06-23 09:29:03,2966.0,281959
2021-06-23 09:29:04,2966.0,282000
2021-06-23 09:29:05,2966.2,282080
2021-06-23 09:29:06,2967.05,283183
2021-06-23 09:29:07,2966.35,283518
2021-06-23 09:29:08,2967.3,284236
2021-06-23 09:29:10,2968.95,285057
2021-06-23 09:29:11,2967.35,285263
2021-06-23 09:29:12,2968.6,285408
2021-06-23 09:29:13,2967.35,285428
2021-06-23 09:29:14,2967.55,285513
2021-06-23 09:29:14,2967.55,285513
2021-06-23 09:29:15,2967.0,285592
2021-06-23 09:29:16,2967.35,285827
2021-06-23 09:29:17,2967.15,286051
2021-06-23 09:29:18,2968.85,286343
2021-06-23 09:29:19,2969.0,286378
2021-06-23 09:29:20,2968.0,286693
2021-06-23 09:29:21,2969.05,286802
2021-06-23 09:29:22,2967.6,287188
2021-06-23 09:29:24,2969.65,288186
2021-06-23 09:29:25,2969.65,288465
2021-06-23 09:29:26,2970.05,290577
2021-06-23 09:29:27,2970.05,291448
2021-06-23 09:29:28,2969.65,291517
2021-06-23 09:29:29,2971.1,291808
2021-06-23 09:29:29,2971.9,291828
2021-06-23 09:29:30,2970.95,293357
2021-06-23 09:29:31,2975.0,297446
2021-06-23 09:29:32,2977.85,300068
2021-06-23 09:29:33,2976.45,300350
2021-06-23 09:29:34,2976.55,300611
2021-06-23 09:29:35,2978.0,301095
2021-06-23 09:29:36,2977.9,301166
2021-06-23 09:29:37,2977.9,301790
2021-06-23 09:29:38,2976.0,302260
2021-06-23 09:29:39,2976.3,302711
2021-06-23 09:29:40,2976.0,303982
2021-06-23 09:29:41,2977.9,304179
2021-06-23 09:29:42,2975.55,305155
2021-06-23 09:29:43,2975.95,305452
2021-06-23 09:29:45,2976.0,306377
2021-06-23 09:29:46,2976.4,306782
2021-06-23 09:29:47,2976.05,307497
2021-06-23 09:29:48,2976.85,307822
2021-06-23 09:29:48,2975.5,307880
2021-06-23 09:29:49,2974.8,308784
2021-06-23 09:29:50,2976.8,311081
2021-06-23 09:29:54,2975.5,311563
2021-06-23 09:29:55,2975.85,311635
2021-06-23 09:29:57,2976.95,312051
2021-06-23 09:29:58,2977.35,312366
2021-06-23 09:29:59,2975.0,314346
2021-06-23 09:30:00,2978.0,315562
2021-06-23 09:30:01,2977.4,315762
2021-06-23 09:30:02,2976.65,316054
2021-06-23 09:30:04,2978.0,316121
2021-06-23 09:30:05,2978.0,316726
2021-06-23 09:30:06,2978.75,317226
2021-06-23 09:30:07,2976.95,317347
2021-06-23 09:30:08,2977.15,317477
2021-06-23 09:30:09,2978.9,318393
2021-06-23 09:30:11,2978.85,322207
2021-06-23 09:30:12,2979.15,326900
2021-06-23 09:30:13,2979.75,327191
2021-06-23 09:30:14,2978.5,327413
2021-06-23 09:30:16,2980.0,328006
2021-06-23 09:30:17,2978.45,328317
2021-06-23 09:30:18,2979.0,329865
2021-06-23 09:30:19,2979.85,330203
2021-06-23 09:30:19,2980.0,330496
2021-06-23 09:30:20,2979.7,331152
2021-06-23 09:30:21,2980.0,331667
2021-06-23 09:30:22,2979.0,332368
2021-06-23 09:30:23,2979.0,332908
2021-06-23 09:30:24,2979.0,334810
2021-06-23 09:30:25,2977.45,335251
2021-06-23 09:30:26,2977.0,336267
2021-06-23 09:30:27,2977.0,336680
2021-06-23 09:30:28,2978.85,336983
2021-06-23 09:30:29,2979.0,337563
2021-06-23 09:30:30,2977.05,338030
2021-06-23 09:30:31,2978.45,338380
2021-06-23 09:30:35,2977.0,339877
2021-06-23 09:30:36,2977.9,340140
2021-06-23 09:30:37,2977.0,340414
2021-06-23 09:30:38,2976.6,340827
2021-06-23 09:30:40,2975.85,343448
2021-06-23 09:30:41,2976.7,343518
2021-06-23 09:30:42,2973.2,344745
2021-06-23 09:30:43,2974.0,344822
2021-06-23 09:30:44,2972.2,345104
2021-06-23 09:30:45,2973.85,345829
2021-06-23 09:30:46,2972.55,345958
2021-06-23 09:30:47,2973.5,347033
2021-06-23 09:30:48,2973.55,347332
2021-06-23 09:30:49,2975.0,348225
2021-06-23 09:30:50,2972.5,348505
2021-06-23 09:30:51,2973.0,348831
2021-06-23 09:30:52,2973.7,349876
2021-06-23 09:30:53,2974.9,350245
2021-06-23 09:30:53,2974.75,350296
2021-06-23 09:30:54,2973.7,351027
2021-06-23 09:30:55,2974.6,351448
2021-06-23 09:30:56,2975.95,351616
2021-06-23 09:30:58,2975.0,352019
2021-06-23 09:30:59,2975.0,352221
2021-06-23 09:31:00,2976.3,352546
2021-06-23 09:31:02,2973.4,355134
2021-06-23 09:31:07,2974.85,355672
2021-06-23 09:31:08,2973.2,356020
2021-06-23 09:31:09,2973.2,356078
2021-06-23 09:31:10,2973.1,356367
2021-06-23 09:31:11,2974.4,356737
2021-06-23 09:31:12,2976.0,359036
2021-06-23 09:31:13,2975.0,359248
2021-06-23 09:31:14,2976.8,359372
2021-06-23 09:31:15,2976.6,359404
2021-06-23 09:31:17,2976.5,359955
2021-06-23 09:31:18,2975.0,360057
2021-06-23 09:31:19,2974.0,360717
2021-06-23 09:31:20,2976.35,361238
2021-06-23 09:31:21,2976.35,361480
2021-06-23 09:31:22,2976.0,361581
2021-06-23 09:31:23,2976.45,361601
2021-06-23 09:31:25,2975.0,362335
2021-06-23 09:31:26,2975.0,362500
2021-06-23 09:31:28,2974.8,363905
2021-06-23 09:31:29,2974.9,364292
2021-06-23 09:31:32,2975.0,365979
2021-06-23 09:31:33,2976.0,366595
2021-06-23 09:31:34,2975.7,367317
2021-06-23 09:31:35,2975.7,367468
2021-06-23 09:31:36,2975.0,367809
2021-06-23 09:31:37,2976.0,368320
2021-06-23 09:31:38,2976.0,368376
2021-06-23 09:31:39,2976.0,368384
2021-06-23 09:31:39,2976.0,368395
2021-06-23 09:31:40,2975.7,369003
2021-06-23 09:31:41,2975.0,369180
2021-06-23 09:31:42,2976.0,369195
2021-06-23 09:31:43,2975.0,369336
2021-06-23 09:31:44,2975.0,369951
2021-06-23 09:31:45,2976.0,369988
2021-06-23 09:31:46,2975.0,370084
2021-06-23 09:31:47,2975.0,370189
2021-06-23 09:31:49,2976.0,370318
2021-06-23 09:31:50,2976.0,370467
2021-06-23 09:31:51,2975.0,370511
2021-06-23 09:31:52,2975.0,370765
2021-06-23 09:31:53,2975.05,370905
2021-06-23 09:31:55,2975.95,371380
2021-06-23 09:31:56,2975.0,372438
2021-06-23 09:31:57,2975.2,372595
2021-06-23 09:31:58,2975.9,372801
2021-06-23 09:31:59,2975.9,372861
2021-06-23 09:32:00,2975.0,373554
2021-06-23 09:32:00,2975.0,373584
2021-06-23 09:32:01,2975.0,373645
2021-06-23 09:32:02,2975.2,374033
2021-06-23 09:32:03,2975.0,374252
2021-06-23 09:32:05,2974.65,374693
2021-06-23 09:32:07,2975.0,374851
2021-06-23 09:32:08,2973.0,375780
2021-06-23 09:32:09,2974.35,376245
2021-06-23 09:32:10,2974.3,376368
2021-06-23 09:32:12,2973.5,376657
2021-06-23 09:32:13,2973.15,376705
2021-06-23 09:32:14,2974.3,376812
2021-06-23 09:32:15,2973.0,376882
2021-06-23 09:32:16,2973.1,377166
2021-06-23 09:32:17,2973.3,377375
2021-06-23 09:32:18,2975.0,377690
2021-06-23 09:32:19,2973.15,378023
2021-06-23 09:32:20,2974.0,378518
2021-06-23 09:32:21,2974.85,378869
2021-06-23 09:32:22,2973.35,379178
2021-06-23 09:32:23,2973.0,379202
2021-06-23 09:32:24,2974.85,379280
2021-06-23 09:32:25,2974.0,379420
2021-06-23 09:32:26,2973.15,379605
2021-06-23 09:32:27,2974.45,379651
2021-06-23 09:32:28,2974.45,379676
2021-06-23 09:32:29,2974.6,379776
2021-06-23 09:32:29,2973.35,379777
2021-06-23 09:32:30,2974.85,380098
2021-06-23 09:32:31,2974.0,380113
2021-06-23 09:32:32,2974.0,380146
2021-06-23 09:32:33,2974.85,380645
2021-06-23 09:32:34,2974.85,380766
2021-06-23 09:32:36,2974.75,384049
2021-06-23 09:32:37,2975.6,384206
2021-06-23 09:32:40,2974.7,384980
2021-06-23 09:32:41,2974.35,385219
2021-06-23 09:32:42,2975.8,385239
2021-06-23 09:32:43,2975.9,385245
2021-06-23 09:32:44,2974.4,385298
2021-06-23 09:32:45,2975.2,385586
2021-06-23 09:32:47,2973.25,386533
2021-06-23 09:32:48,2973.15,386582
2021-06-23 09:32:49,2972.8,387295
2021-06-23 09:32:50,2973.85,387396
2021-06-23 09:32:51,2973.85,387555
2021-06-23 09:32:52,2973.9,387741
2021-06-23 09:32:53,2974.35,387990
2021-06-23 09:32:54,2972.55,388154
2021-06-23 09:32:55,2973.05,388370
2021-06-23 09:32:56,2973.45,388615
2021-06-23 09:32:57,2973.95,389382
2021-06-23 09:32:58,2972.45,389549
2021-06-23 09:32:59,2973.95,389555
2021-06-23 09:33:00,2972.15,389847
2021-06-23 09:33:01,2973.9,389994
2021-06-23 09:33:02,2973.75,390094
2021-06-23 09:33:03,2973.55,390115
2021-06-23 09:33:04,2971.6,390181
2021-06-23 09:33:05,2971.45,390425
2021-06-23 09:33:07,2970.8,390937
2021-06-23 09:33:08,2970.4,391085
2021-06-23 09:33:09,2970.15,391132
2021-06-23 09:33:10,2971.95,391352
2021-06-23 09:33:11,2971.5,391469
2021-06-23 09:33:12,2969.0,394448
2021-06-23 09:33:13,2969.85,394598
2021-06-23 09:33:14,2969.95,394631
2021-06-23 09:33:15,2968.15,394770
2021-06-23 09:33:16,2968.75,395055
2021-06-23 09:33:17,2968.75,395419
2021-06-23 09:33:18,2968.5,395520
2021-06-23 09:33:19,2968.05,395667
2021-06-23 09:33:20,2968.25,395908
2021-06-23 09:33:21,2969.65,396087
2021-06-23 09:33:22,2968.05,396232
2021-06-23 09:33:22,2968.05,396242
2021-06-23 09:33:23,2968.8,396372
2021-06-23 09:33:24,2968.1,396482
2021-06-23 09:33:25,2969.65,396537
2021-06-23 09:33:26,2970.0,396652
2021-06-23 09:33:27,2970.2,397041
2021-06-23 09:33:28,2969.65,397058
2021-06-23 09:33:30,2969.5,397629
2021-06-23 09:33:31,2969.5,397693
2021-06-23 09:33:32,2969.85,397735
2021-06-23 09:33:34,2968.8,398116
2021-06-23 09:33:35,2969.65,398223
2021-06-23 09:33:35,2969.0,398216
2021-06-23 09:33:36,2970.0,398684
2021-06-23 09:33:37,2968.75,398691
2021-06-23 09:33:38,2969.0,398721
2021-06-23 09:33:39,2970.0,398821
2021-06-23 09:33:41,2969.9,399268
2021-06-23 09:33:42,2970.4,399301
2021-06-23 09:33:43,2969.5,399372
2021-06-23 09:33:44,2970.0,399482
2021-06-23 09:33:45,2970.0,399787
2021-06-23 09:33:46,2969.5,400088
2021-06-23 09:33:47,2970.4,400104
2021-06-23 09:33:48,2969.6,400660
2021-06-23 09:33:49,2969.2,400729
2021-06-23 09:33:50,2970.0,400826
2021-06-23 09:33:51,2971.2,401051
2021-06-23 09:33:52,2969.6,401076
2021-06-23 09:33:53,2970.4,401303
2021-06-23 09:33:54,2970.4,401324
2021-06-23 09:33:55,2971.85,401381
2021-06-23 09:33:56,2972.0,401891
2021-06-23 09:33:57,2971.1,401987
2021-06-23 09:33:58,2971.8,402004
2021-06-23 09:33:59,2970.65,402152
2021-06-23 09:33:59,2972.0,402219
2021-06-23 09:34:00,2970.65,402230
2021-06-23 09:34:02,2972.0,402641
2021-06-23 09:34:03,2972.0,402646
2021-06-23 09:34:04,2971.9,402695
2021-06-23 09:34:05,2970.7,402828
2021-06-23 09:34:06,2971.8,402871
2021-06-23 09:34:07,2971.75,402883
2021-06-23 09:34:08,2970.0,403997
2021-06-23 09:34:09,2971.0,404394
2021-06-23 09:34:10,2969.35,404594
2021-06-23 09:34:11,2970.0,404628
2021-06-23 09:34:12,2971.6,404810
2021-06-23 09:34:13,2971.6,404810
2021-06-23 09:34:14,2971.5,404969
2021-06-23 09:34:15,2971.8,405014
2021-06-23 09:34:16,2973.75,406349
2021-06-23 09:34:17,2974.0,406424
2021-06-23 09:34:18,2973.0,406519
2021-06-23 09:34:19,2974.0,406833
2021-06-23 09:34:20,2973.15,407131
2021-06-23 09:34:21,2974.8,407312
2021-06-23 09:34:22,2976.0,409272
2021-06-23 09:34:23,2976.85,409451
2021-06-23 09:34:24,2976.4,409746
2021-06-23 09:34:25,2976.8,410046
2021-06-23 09:34:29,2975.7,410452
2021-06-23 09:34:30,2976.75,410585
2021-06-23 09:34:31,2976.5,410709
2021-06-23 09:34:32,2976.0,411093
2021-06-23 09:34:33,2976.4,411128
2021-06-23 09:34:34,2976.85,411219
2021-06-23 09:34:34,2977.0,411452
2021-06-23 09:34:35,2977.0,411642
2021-06-23 09:34:36,2977.15,412162
2021-06-23 09:34:37,2978.1,412341
2021-06-23 09:34:38,2977.0,412574
2021-06-23 09:34:39,2978.1,412892
2021-06-23 09:34:40,2977.95,413050
2021-06-23 09:34:41,2978.05,413093
2021-06-23 09:34:42,2978.45,413107
2021-06-23 09:34:44,2977.0,413842
2021-06-23 09:34:45,2977.9,414017
2021-06-23 09:34:46,2977.8,414465
2021-06-23 09:34:47,2978.0,414678
2021-06-23 09:34:48,2977.75,414864
2021-06-23 09:34:49,2977.7,415125
2021-06-23 09:34:50,2976.25,415302
2021-06-23 09:34:51,2978.1,416128
2021-06-23 09:34:52,2977.5,416403
2021-06-23 09:34:54,2977.95,416581
2021-06-23 09:34:56,2978.75,417233
2021-06-23 09:34:57,2978.0,417667
2021-06-23 09:34:58,2979.0,418008
2021-06-23 09:34:59,2977.95,418085
2021-06-23 09:35:00,2978.45,418421
2021-06-23 09:35:01,2983.5,426428
2021-06-23 09:35:02,2983.5,427116
2021-06-23 09:35:03,2985.0,429850
2021-06-23 09:35:04,2983.15,430473
2021-06-23 09:35:05,2983.25,430838
2021-06-23 09:35:06,2983.8,431236
2021-06-23 09:35:07,2984.6,431531
2021-06-23 09:35:08,2983.85,432011
2021-06-23 09:35:09,2982.25,432165
2021-06-23 09:35:10,2983.3,432241
2021-06-23 09:35:11,2985.0,432895
2021-06-23 09:35:12,2984.9,433162
2021-06-23 09:35:13,2983.4,433458
2021-06-23 09:35:14,2983.1,433661
2021-06-23 09:35:15,2984.45,433917
2021-06-23 09:35:16,2985.0,434793
2021-06-23 09:35:17,2985.0,435338
2021-06-23 09:35:18,2982.95,436566
2021-06-23 09:35:19,2985.0,436889
2021-06-23 09:35:20,2983.3,437384
2021-06-23 09:35:21,2984.0,438694
2021-06-23 09:35:22,2984.0,439237
2021-06-23 09:35:23,2984.0,439447
2021-06-23 09:35:24,2984.0,439838
2021-06-23 09:35:24,2984.0,439561
2021-06-23 09:35:25,2982.05,440721
2021-06-23 09:35:27,2982.25,441346
2021-06-23 09:35:28,2982.6,441742
2021-06-23 09:35:29,2982.6,441904
2021-06-23 09:35:30,2983.95,442703
2021-06-23 09:35:31,2983.95,442929
2021-06-23 09:35:32,2984.0,443343
2021-06-23 09:35:33,2985.35,445845
2021-06-23 09:35:34,2984.15,446022
2021-06-23 09:35:34,2986.0,446250
2021-06-23 09:35:37,2987.05,449687
2021-06-23 09:35:38,2988.7,450482
2021-06-23 09:35:39,2987.4,451173
2021-06-23 09:35:41,2989.45,453133
2021-06-23 09:35:42,2988.4,453949
2021-06-23 09:35:43,2991.0,457000
2021-06-23 09:35:44,2991.0,457012
2021-06-23 09:35:45,2992.0,457865
2021-06-23 09:35:46,2990.0,459224
2021-06-23 09:35:47,2988.45,460133
2021-06-23 09:35:48,2990.0,460734
2021-06-23 09:35:49,2990.8,461041
2021-06-23 09:35:50,2988.5,461228
2021-06-23 09:35:51,2988.0,461784
2021-06-23 09:35:52,2988.85,462200
2021-06-23 09:35:53,2988.6,463079
2021-06-23 09:35:54,2990.0,463675
2021-06-23 09:35:55,2988.25,463773
2021-06-23 09:35:56,2988.75,464732
2021-06-23 09:35:57,2988.7,465005
2021-06-23 09:35:58,2990.0,465252
2021-06-23 09:35:59,2988.55,465999
2021-06-23 09:36:00,2989.95,466075
2021-06-23 09:36:01,2988.45,466268
2021-06-23 09:36:03,2989.35,468825
2021-06-23 09:36:04,2988.0,469282
2021-06-23 09:36:05,2987.0,469584
2021-06-23 09:36:06,2986.1,469688
2021-06-23 09:36:07,2987.9,470310
2021-06-23 09:36:08,2987.8,470322
2021-06-23 09:36:09,2986.45,470427
2021-06-23 09:36:10,2988.0,470594
2021-06-23 09:36:11,2986.4,470907
2021-06-23 09:36:12,2987.6,471079
2021-06-23 09:36:13,2986.4,471166
2021-06-23 09:36:14,2986.5,471879
2021-06-23 09:36:15,2986.45,471997
2021-06-23 09:36:16,2985.45,472455
2021-06-23 09:36:17,2987.2,473570
2021-06-23 09:36:18,2986.3,473722
2021-06-23 09:36:19,2987.0,473934
2021-06-23 09:36:20,2986.0,474270
2021-06-23 09:36:21,2987.8,474392
2021-06-23 09:36:22,2986.4,474843
2021-06-23 09:36:23,2986.25,474901
2021-06-23 09:36:24,2988.0,475079
2021-06-23 09:36:25,2987.85,475242
2021-06-23 09:36:26,2987.95,475561
2021-06-23 09:36:27,2987.75,475915
2021-06-23 09:36:28,2987.9,477457
2021-06-23 09:36:29,2987.15,477695
2021-06-23 09:36:30,2987.9,478369
2021-06-23 09:36:31,2988.9,478652
2021-06-23 09:36:32,2988.0,478848
2021-06-23 09:36:33,2986.3,479229
2021-06-23 09:36:34,2987.2,479631
2021-06-23 09:36:35,2987.0,479967
2021-06-23 09:36:36,2987.6,480166
2021-06-23 09:36:37,2987.8,480510
2021-06-23 09:36:38,2986.55,480672
2021-06-23 09:36:39,2987.65,480762
2021-06-23 09:36:40,2986.65,481113
2021-06-23 09:36:41,2985.25,484766
2021-06-23 09:36:42,2986.15,484771
2021-06-23 09:36:43,2987.9,485081
2021-06-23 09:36:44,2986.6,485389
2021-06-23 09:36:45,2987.85,486797
2021-06-23 09:36:46,2987.95,487051
2021-06-23 09:36:47,2990.0,487216
2021-06-23 09:36:48,2988.9,487651
2021-06-23 09:36:49,2990.0,487821
2021-06-23 09:36:51,2986.0,492327
2021-06-23 09:36:52,2985.7,493142
2021-06-23 09:36:53,2986.0,493421
2021-06-23 09:36:54,2986.0,494643
2021-06-23 09:36:55,2985.35,494844
2021-06-23 09:36:56,2986.0,495648
2021-06-23 09:36:57,2985.95,495707
2021-06-23 09:36:58,2985.35,495822
2021-06-23 09:36:59,2986.0,495990
2021-06-23 09:37:00,2986.0,497643
2021-06-23 09:37:01,2986.0,497951
2021-06-23 09:37:02,2986.0,497954
2021-06-23 09:37:03,2986.0,498463
2021-06-23 09:37:04,2986.0,499193
2021-06-23 09:37:05,2984.0,500353
2021-06-23 09:37:06,2984.35,500685
2021-06-23 09:37:07,2987.55,501103
2021-06-23 09:37:08,2986.0,501805
2021-06-23 09:37:09,2985.1,501885
2021-06-23 09:37:10,2985.0,502206
2021-06-23 09:37:11,2986.0,502457
2021-06-23 09:37:12,2985.0,503329
2021-06-23 09:37:13,2985.65,503479
2021-06-23 09:37:14,2985.65,503479
2021-06-23 09:37:15,2985.3,503540
2021-06-23 09:37:16,2986.6,504310
2021-06-23 09:37:17,2987.65,504983
2021-06-23 09:37:18,2988.0,505399
2021-06-23 09:37:19,2988.0,505592
2021-06-23 09:37:20,2987.0,505711
2021-06-23 09:37:23,2987.95,507960
2021-06-23 09:37:24,2989.75,508250
2021-06-23 09:37:26,2989.5,508457
2021-06-23 09:37:27,2989.9,508673
2021-06-23 09:37:28,2989.9,512562
2021-06-23 09:37:29,2989.45,513141
2021-06-23 09:37:30,2990.0,513305
2021-06-23 09:37:31,2990.0,513587
2021-06-23 09:37:32,2991.6,514850
2021-06-23 09:37:33,2992.0,515579
2021-06-23 09:37:34,2992.0,515719
2021-06-23 09:37:35,2990.7,515869
2021-06-23 09:37:36,2992.0,516070
2021-06-23 09:37:37,2991.95,516211
2021-06-23 09:37:39,2992.5,516629
2021-06-23 09:37:38,2990.15,516412
2021-06-23 09:37:40,2992.25,518791
2021-06-23 09:37:41,2993.85,518979
2021-06-23 09:37:43,2992.1,519378
2021-06-23 09:37:42,2993.8,519278
2021-06-23 09:37:44,2992.3,519943
2021-06-23 09:37:45,2992.0,520813
2021-06-23 09:37:46,2992.2,521045
2021-06-23 09:37:47,2991.8,521530
2021-06-23 09:37:48,2993.0,521892
2021-06-23 09:37:49,2991.35,522310
2021-06-23 09:37:50,2992.7,522391
2021-06-23 09:37:51,2993.0,522902
2021-06-23 09:37:52,2991.55,522911
2021-06-23 09:37:53,2991.0,523037
2021-06-23 09:37:54,2990.5,523745
2021-06-23 09:37:55,2992.8,524097
2021-06-23 09:37:56,2991.4,525479
2021-06-23 09:37:57,2992.8,525628
2021-06-23 09:37:58,2991.55,526018
2021-06-23 09:37:59,2992.75,526337
2021-06-23 09:38:00,2992.65,526629
2021-06-23 09:38:01,2993.0,526911
2021-06-23 09:38:03,2992.0,527346
2021-06-23 09:38:03,2992.0,527346
2021-06-23 09:38:04,2992.8,527518
2021-06-23 09:38:05,2992.8,528181
2021-06-23 09:38:06,2992.8,528228
2021-06-23 09:38:07,2993.0,528643
2021-06-23 09:38:08,2992.1,528882
2021-06-23 09:38:09,2992.0,529099
2021-06-23 09:38:10,2992.0,529313
2021-06-23 09:38:11,2992.0,529463
2021-06-23 09:38:13,2993.0,530201
2021-06-23 09:38:13,2993.0,530236
2021-06-23 09:38:15,2993.85,530681
2021-06-23 09:38:16,2994.0,531018
2021-06-23 09:38:17,2992.9,531080
2021-06-23 09:38:18,2993.0,531513
2021-06-23 09:38:19,2993.0,531789
2021-06-23 09:38:20,2992.85,535008
2021-06-23 09:38:22,2992.9,535313
2021-06-23 09:38:22,2993.35,535255
2021-06-23 09:38:23,2992.85,535599
2021-06-23 09:38:24,2991.5,536457
2021-06-23 09:38:25,2992.95,536652
2021-06-23 09:38:26,2993.0,536710
2021-06-23 09:38:27,2992.75,537135
2021-06-23 09:38:28,2993.0,537372
2021-06-23 09:38:29,2991.0,538611
2021-06-23 09:38:30,2993.4,538720
2021-06-23 09:38:32,2991.7,539647
2021-06-23 09:38:32,2993.2,539721
2021-06-23 09:38:33,2991.55,539915
2021-06-23 09:38:34,2991.45,540061
2021-06-23 09:38:36,2991.4,540419
2021-06-23 09:38:36,2992.0,540519
2021-06-23 09:38:37,2991.95,540765
2021-06-23 09:38:38,2991.45,541249
2021-06-23 09:38:39,2991.4,541310
2021-06-23 09:38:40,2991.15,541590
2021-06-23 09:38:41,2993.0,542282
2021-06-23 09:38:43,2992.2,542569
2021-06-23 09:38:43,2992.3,542642
2021-06-23 09:38:44,2992.6,542825
2021-06-23 09:38:46,2991.0,543107
2021-06-23 09:38:47,2991.05,543510
2021-06-23 09:38:48,2992.7,543738
2021-06-23 09:38:49,2991.15,543785
2021-06-23 09:38:51,2990.05,546243
2021-06-23 09:38:51,2990.05,546243
2021-06-23 09:38:52,2992.0,546437
2021-06-23 09:38:53,2991.9,546764
2021-06-23 09:38:54,2991.3,546912
2021-06-23 09:38:56,2992.0,547626
2021-06-23 09:38:57,2990.25,547830
2021-06-23 09:38:59,2990.7,549659
2021-06-23 09:38:59,2992.25,549469
2021-06-23 09:39:00,2992.0,549788
2021-06-23 09:39:01,2991.95,550357
2021-06-23 09:39:02,2990.8,550480
2021-06-23 09:39:03,2990.8,550506
2021-06-23 09:39:04,2991.15,550742
2021-06-23 09:39:05,2990.8,550903
2021-06-23 09:39:06,2990.3,550966
2021-06-23 09:39:08,2990.05,551179
2021-06-23 09:39:08,2991.0,551079
2021-06-23 09:39:09,2988.9,552720
2021-06-23 09:39:10,2990.2,552840
2021-06-23 09:39:11,2989.2,552906
2021-06-23 09:39:12,2989.15,552986
2021-06-23 09:39:13,2989.15,553515
2021-06-23 09:39:14,2988.0,554433
2021-06-23 09:39:15,2988.35,554695
2021-06-23 09:39:17,2987.55,555566
2021-06-23 09:39:18,2988.3,555712
2021-06-23 09:39:20,2986.05,556439
2021-06-23 09:39:20,2986.55,556317
2021-06-23 09:39:21,2986.85,557579
2021-06-23 09:39:22,2986.2,557951
2021-06-23 09:39:23,2986.2,558000
2021-06-23 09:39:24,2986.5,558261
2021-06-23 09:39:25,2987.7,558454
2021-06-23 09:39:26,2987.4,558896
2021-06-23 09:39:27,2987.5,558967
2021-06-23 09:39:28,2987.4,559779
2021-06-23 09:39:29,2988.3,560468
2021-06-23 09:39:32,2988.5,560663
2021-06-23 09:39:32,2988.7,560669
2021-06-23 09:39:33,2987.05,560704
2021-06-23 09:39:34,2987.0,560754
2021-06-23 09:39:35,2987.0,560923
2021-06-23 09:39:36,2987.0,560923
2021-06-23 09:39:37,2987.0,560931
2021-06-23 09:39:38,2987.1,561360
2021-06-23 09:39:39,2987.3,561493
2021-06-23 09:39:40,2987.25,561621
2021-06-23 09:39:42,2985.8,561689
2021-06-23 09:39:42,2985.8,561729
2021-06-23 09:39:43,2986.75,562068
2021-06-23 09:39:44,2985.05,562348
2021-06-23 09:39:46,2984.0,565042
2021-06-23 09:39:47,2986.0,566209
2021-06-23 09:39:48,2987.35,566563
2021-06-23 09:39:49,2986.05,566674
2021-06-23 09:39:50,2987.55,567147
2021-06-23 09:39:51,2986.0,567220
2021-06-23 09:39:53,2987.85,567449
2021-06-23 09:39:53,2987.85,567449
2021-06-23 09:39:54,2987.7,567595
2021-06-23 09:39:55,2985.85,567689
2021-06-23 09:39:56,2986.85,567907
2021-06-23 09:39:57,2987.0,567966
2021-06-23 09:39:58,2985.9,568686
2021-06-23 09:40:00,2986.05,568837
2021-06-23 09:40:00,2986.05,568826
2021-06-23 09:40:01,2987.0,568898
2021-06-23 09:40:02,2986.0,569060
2021-06-23 09:40:03,2987.0,569147
2021-06-23 09:40:04,2987.9,569774
2021-06-23 09:40:05,2986.45,569817
2021-06-23 09:40:06,2986.3,569852
2021-06-23 09:40:08,2988.0,570247
2021-06-23 09:40:09,2986.35,570310
2021-06-23 09:40:09,2986.35,570310
2021-06-23 09:40:10,2986.35,570317
2021-06-23 09:40:11,2986.85,570388
2021-06-23 09:40:12,2987.85,570462
2021-06-23 09:40:13,2987.85,570521
2021-06-23 09:40:14,2987.5,570714
2021-06-23 09:40:16,2987.1,570906
2021-06-23 09:40:17,2987.0,571247
2021-06-23 09:40:17,2987.0,571257
2021-06-23 09:40:18,2986.85,571547
2021-06-23 09:40:19,2986.5,571729
2021-06-23 09:40:21,2987.85,571775
2021-06-23 09:40:22,2986.85,571813
2021-06-23 09:40:23,2986.55,571998
2021-06-23 09:40:23,2987.85,572308
2021-06-23 09:40:24,2987.0,572463
2021-06-23 09:40:25,2988.0,572543
2021-06-23 09:40:26,2988.0,572742
2021-06-23 09:40:27,2988.0,572824
2021-06-23 09:40:29,2987.05,573002
2021-06-23 09:40:30,2988.0,573012
2021-06-23 09:40:31,2987.1,573026
2021-06-23 09:40:32,2987.0,573031
2021-06-23 09:40:33,2987.75,573421
2021-06-23 09:40:34,2987.9,573647
2021-06-23 09:40:35,2987.85,573769
2021-06-23 09:40:35,2987.85,573769
2021-06-23 09:40:36,2987.95,574083
2021-06-23 09:40:37,2986.5,574635
2021-06-23 09:40:38,2988.0,574916
2021-06-23 09:40:39,2988.0,574951
2021-06-23 09:40:40,2988.0,576119
2021-06-23 09:40:41,2988.95,576264
2021-06-23 09:40:43,2987.65,576544
2021-06-23 09:40:44,2989.95,576965
2021-06-23 09:40:45,2988.35,577101
2021-06-23 09:40:46,2988.45,577303
2021-06-23 09:40:47,2990.55,579032
2021-06-23 09:40:48,2990.05,579321
2021-06-23 09:40:49,2990.0,579376
2021-06-23 09:40:50,2990.0,579540
2021-06-23 09:40:51,2989.75,579646
2021-06-23 09:40:52,2990.0,579973
2021-06-23 09:40:53,2991.0,580003
2021-06-23 09:40:54,2990.0,580234
2021-06-23 09:40:55,2990.55,580532
2021-06-23 09:40:57,2991.9,580944
2021-06-23 09:40:58,2991.95,581054
2021-06-23 09:40:58,2991.95,581054
2021-06-23 09:40:59,2991.85,581077
2021-06-23 09:41:00,2992.0,581282
2021-06-23 09:41:01,2990.35,581402
2021-06-23 09:41:03,2991.0,581925
2021-06-23 09:41:04,2991.0,582051
2021-06-23 09:41:05,2992.0,582667
2021-06-23 09:41:06,2991.0,582891
2021-06-23 09:41:09,2990.1,584066
2021-06-23 09:41:10,2991.0,584124
2021-06-23 09:41:11,2990.0,584231
2021-06-23 09:41:11,2991.0,584531
2021-06-23 09:41:12,2991.0,584553
2021-06-23 09:41:14,2991.0,584565
2021-06-23 09:41:15,2991.0,584851
2021-06-23 09:41:15,2990.0,584876
2021-06-23 09:41:16,2990.15,585199
2021-06-23 09:41:17,2990.85,585446
2021-06-23 09:41:18,2990.0,585548
2021-06-23 09:41:19,2991.0,585815
2021-06-23 09:41:21,2991.0,586203
2021-06-23 09:41:22,2989.25,588418
2021-06-23 09:41:23,2990.2,588587
2021-06-23 09:41:24,2990.95,588606
2021-06-23 09:41:25,2990.95,588663
2021-06-23 09:41:25,2990.95,588663
2021-06-23 09:41:26,2990.2,588893
2021-06-23 09:41:27,2990.2,588935
2021-06-23 09:41:28,2990.0,589519
2021-06-23 09:41:30,2990.8,589561
2021-06-23 09:41:32,2991.0,589928
2021-06-23 09:41:33,2990.2,589975
2021-06-23 09:41:34,2991.0,590447
2021-06-23 09:41:35,2991.4,591970
2021-06-23 09:41:36,2991.4,591977
2021-06-23 09:41:37,2990.4,592269
2021-06-23 09:41:38,2990.2,592439
2021-06-23 09:41:39,2991.0,592464
2021-06-23 09:41:39,2991.0,592464
2021-06-23 09:41:40,2991.4,592593
2021-06-23 09:41:41,2991.0,593105
2021-06-23 09:41:42,2990.15,593160
2021-06-23 09:41:43,2992.0,593694
2021-06-23 09:41:44,2992.0,593810
2021-06-23 09:41:45,2990.75,594002
2021-06-23 09:41:46,2990.65,594230
2021-06-23 09:41:48,2992.15,595498
2021-06-23 09:41:49,2991.0,595617
2021-06-23 09:41:50,2991.05,595720
2021-06-23 09:41:50,2992.0,595702
2021-06-23 09:41:51,2992.0,595890
2021-06-23 09:41:52,2992.65,596385
2021-06-23 09:41:53,2992.0,596492
2021-06-23 09:41:54,2992.5,601430
2021-06-23 09:41:55,2993.95,602040
2021-06-23 09:41:56,2994.0,602146
2021-06-23 09:41:59,2995.0,604855
2021-06-23 09:42:00,2994.0,605175
2021-06-23 09:42:01,2994.7,605226
2021-06-23 09:42:02,2993.55,605319
2021-06-23 09:42:03,2994.65,605888
2021-06-23 09:42:04,2993.0,605948
2021-06-23 09:42:05,2993.95,605978
2021-06-23 09:42:06,2993.05,606150
2021-06-23 09:42:07,2994.75,606236
2021-06-23 09:42:08,2994.0,606271
2021-06-23 09:42:08,2994.7,606377
2021-06-23 09:42:09,2993.3,606695
2021-06-23 09:42:10,2994.0,606910
2021-06-23 09:42:11,2994.5,606993
2021-06-23 09:42:12,2994.6,607036
2021-06-23 09:42:13,2994.35,607322
2021-06-23 09:42:14,2994.85,607381
2021-06-23 09:42:15,2994.7,607410
2021-06-23 09:42:16,2993.95,607569
2021-06-23 09:42:18,2995.0,607833
2021-06-23 09:42:19,2994.0,608033
2021-06-23 09:42:20,2995.0,608173
2021-06-23 09:42:21,2994.7,608200
2021-06-23 09:42:22,2994.0,608703
2021-06-23 09:42:23,2993.65,609169
2021-06-23 09:42:25,2993.45,609693
2021-06-23 09:42:25,2993.45,609693
2021-06-23 09:42:26,2994.7,610139
2021-06-23 09:42:27,2994.0,610258
2021-06-23 09:42:28,2994.95,610378
2021-06-23 09:42:30,2993.75,610620
2021-06-23 09:42:31,2993.3,610753
2021-06-23 09:42:32,2993.4,610778
2021-06-23 09:42:33,2993.45,611038
2021-06-23 09:42:35,2994.75,611590
2021-06-23 09:42:37,2993.3,611937
2021-06-23 09:42:37,2994.0,611927
2021-06-23 09:42:38,2994.0,612126
2021-06-23 09:42:39,2994.4,612820
2021-06-23 09:42:41,2993.45,613032
2021-06-23 09:42:42,2994.0,613434
2021-06-23 09:42:43,2994.0,613573
2021-06-23 09:42:44,2992.95,613620
2021-06-23 09:42:45,2992.2,613649
2021-06-23 09:42:46,2993.75,613791
2021-06-23 09:42:47,2993.0,613962
2021-06-23 09:42:48,2993.0,614122
2021-06-23 09:42:50,2993.0,614284
2021-06-23 09:42:51,2993.35,614565
2021-06-23 09:42:52,2993.95,614635
2021-06-23 09:42:53,2992.05,614686
2021-06-23 09:42:54,2993.55,615287
2021-06-23 09:42:55,2993.55,615590
2021-06-23 09:42:56,2993.75,615758
2021-06-23 09:42:57,2993.0,615998
2021-06-23 09:42:58,2991.6,617094
2021-06-23 09:42:59,2992.5,618166
2021-06-23 09:43:00,2992.75,618391
2021-06-23 09:43:01,2992.0,618536
2021-06-23 09:43:02,2991.0,618674
2021-06-23 09:43:03,2992.2,618728
2021-06-23 09:43:03,2992.6,618710
2021-06-23 09:43:04,2991.05,618815
2021-06-23 09:43:05,2992.0,619099
2021-06-23 09:43:06,2992.0,619519
2021-06-23 09:43:07,2992.0,619673
2021-06-23 09:43:08,2991.0,620925
2021-06-23 09:43:10,2992.0,621191
2021-06-23 09:43:11,2990.55,621392
2021-06-23 09:43:12,2990.95,621519
2021-06-23 09:43:13,2991.0,621560
2021-06-23 09:43:14,2990.8,622140
2021-06-23 09:43:15,2991.0,622183
2021-06-23 09:43:16,2991.0,622223
2021-06-23 09:43:17,2991.0,622510
2021-06-23 09:43:18,2990.15,622532
2021-06-23 09:43:19,2990.15,622761
2021-06-23 09:43:19,2990.15,622761
2021-06-23 09:43:20,2990.15,623064
2021-06-23 09:43:21,2991.7,623223
2021-06-23 09:43:23,2990.45,623469
2021-06-23 09:43:24,2990.15,623521
2021-06-23 09:43:25,2988.55,625956
2021-06-23 09:43:25,2990.45,625439
2021-06-23 09:43:26,2988.95,626135
2021-06-23 09:43:27,2990.65,626265
2021-06-23 09:43:29,2990.55,626328
2021-06-23 09:43:30,2989.15,626453
2021-06-23 09:43:31,2990.55,626488
2021-06-23 09:43:32,2989.3,626630
2021-06-23 09:43:33,2988.6,626768
2021-06-23 09:43:33,2989.05,626698
2021-06-23 09:43:34,2988.5,626826
2021-06-23 09:43:35,2989.8,626896
2021-06-23 09:43:36,2988.0,627348
2021-06-23 09:43:38,2987.85,628216
2021-06-23 09:43:39,2986.05,628547
2021-06-23 09:43:40,2987.75,628614
2021-06-23 09:43:41,2985.75,628765
2021-06-23 09:43:42,2985.2,628999
2021-06-23 09:43:43,2986.0,629215
2021-06-23 09:43:44,2985.0,629775
2021-06-23 09:43:45,2986.95,630026
2021-06-23 09:43:46,2985.0,630453
2021-06-23 09:43:47,2985.0,630779
2021-06-23 09:43:48,2984.0,632199
2021-06-23 09:43:49,2985.0,632411
2021-06-23 09:43:50,2984.95,632440
2021-06-23 09:43:51,2984.95,632537
2021-06-23 09:43:52,2984.9,632607
2021-06-23 09:43:55,2982.6,633688
2021-06-23 09:43:56,2984.55,633914
2021-06-23 09:43:57,2984.6,633991
2021-06-23 09:43:58,2984.0,634217
2021-06-23 09:43:58,2984.0,634217
2021-06-23 09:43:59,2982.85,635523
2021-06-23 09:44:00,2981.0,636644
2021-06-23 09:44:01,2981.0,637068
2021-06-23 09:44:02,2980.95,637253
2021-06-23 09:44:03,2982.1,637308
2021-06-23 09:44:05,2982.1,638066
2021-06-23 09:44:06,2980.1,638322
2021-06-23 09:44:07,2981.9,638705
2021-06-23 09:44:08,2981.0,638783
2021-06-23 09:44:09,2980.95,638977
2021-06-23 09:44:10,2981.55,639017
2021-06-23 09:44:11,2981.9,639206
2021-06-23 09:44:12,2980.0,641304
2021-06-23 09:44:13,2981.0,641595
2021-06-23 09:44:14,2981.0,642237
2021-06-23 09:44:14,2980.2,642647
2021-06-23 09:44:15,2980.0,643134
2021-06-23 09:44:16,2981.0,643539
2021-06-23 09:44:19,2980.4,643887
2021-06-23 09:44:21,2982.3,645088
2021-06-23 09:44:22,2981.0,645312
2021-06-23 09:44:23,2980.4,645464
2021-06-23 09:44:24,2982.0,645604
2021-06-23 09:44:25,2981.65,645858
2021-06-23 09:44:26,2981.0,646122
2021-06-23 09:44:26,2981.0,646122
2021-06-23 09:44:28,2984.2,647645
2021-06-23 09:44:29,2983.85,647773
2021-06-23 09:44:30,2985.9,648060
2021-06-23 09:44:31,2984.45,648095
2021-06-23 09:44:32,2985.65,648182
2021-06-23 09:44:33,2985.65,648184
2021-06-23 09:44:34,2984.15,648229
2021-06-23 09:44:35,2985.0,648263
2021-06-23 09:44:36,2986.0,648370
2021-06-23 09:44:37,2986.4,648564
2021-06-23 09:44:38,2987.15,648805
2021-06-23 09:44:39,2986.7,649703
2021-06-23 09:44:40,2988.35,649889
2021-06-23 09:44:41,2988.8,650137
2021-06-23 09:44:42,2986.05,650833
2021-06-23 09:44:43,2986.05,650884
2021-06-23 09:44:43,2986.1,650923
2021-06-23 09:44:44,2988.25,651009
2021-06-23 09:44:46,2988.2,651152
2021-06-23 09:44:48,2988.8,651463
2021-06-23 09:44:49,2988.2,651493
2021-06-23 09:44:50,2988.2,651639
2021-06-23 09:44:51,2988.2,651687
2021-06-23 09:44:52,2988.2,651716
2021-06-23 09:44:53,2988.0,652351
2021-06-23 09:44:54,2988.0,652397
2021-06-23 09:44:55,2986.55,652457
2021-06-23 09:44:55,2987.85,652468
2021-06-23 09:44:56,2986.25,652518
2021-06-23 09:44:58,2985.9,653215
2021-06-23 09:44:59,2986.95,653290
2021-06-23 09:45:00,2986.9,653592
2021-06-23 09:45:01,2987.0,653709
2021-06-23 09:45:02,2987.0,653734
2021-06-23 09:45:03,2987.3,653854
2021-06-23 09:45:04,2986.0,654055
2021-06-23 09:45:05,2986.05,654862
2021-06-23 09:45:06,2987.4,654895
2021-06-23 09:45:06,2987.4,654895
2021-06-23 09:45:07,2987.95,655095
2021-06-23 09:45:08,2987.1,655151
2021-06-23 09:45:09,2986.0,655359
2021-06-23 09:45:10,2986.0,655365
2021-06-23 09:45:11,2986.0,655368
2021-06-23 09:45:12,2986.0,655401
2021-06-23 09:45:13,2985.75,656153
2021-06-23 09:45:15,2985.85,656200
2021-06-23 09:45:16,2985.85,656219
2021-06-23 09:45:17,2985.0,656278
2021-06-23 09:45:18,2985.0,656298
2021-06-23 09:45:20,2984.55,656668
2021-06-23 09:45:21,2985.7,656859
2021-06-23 09:45:22,2984.05,656905
2021-06-23 09:45:24,2983.85,657643
2021-06-23 09:45:25,2985.55,657663
2021-06-23 09:45:26,2985.7,657698
2021-06-23 09:45:27,2985.0,657731
2021-06-23 09:45:28,2984.7,657957
2021-06-23 09:45:28,2984.7,657957
2021-06-23 09:45:29,2984.7,657957
2021-06-23 09:45:30,2986.0,658081
2021-06-23 09:45:32,2984.55,658411
2021-06-23 09:45:33,2984.15,658429
2021-06-23 09:45:34,2985.95,658790
2021-06-23 09:45:35,2986.0,658815
2021-06-23 09:45:36,2984.15,658903
2021-06-23 09:45:36,2985.0,658882
2021-06-23 09:45:38,2984.15,658996
2021-06-23 09:45:39,2984.15,659129
2021-06-23 09:45:40,2984.15,659694
2021-06-23 09:45:41,2984.15,659697
2021-06-23 09:45:41,2984.15,659697
2021-06-23 09:45:42,2985.35,659807
2021-06-23 09:45:44,2984.55,659945
2021-06-23 09:45:45,2985.0,660093
2021-06-23 09:45:46,2985.0,660094
2021-06-23 09:45:47,2985.75,660148
2021-06-23 09:45:48,2984.25,660186
2021-06-23 09:45:49,2985.7,660296
2021-06-23 09:45:50,2985.6,660351
2021-06-23 09:45:51,2985.7,660397
2021-06-23 09:45:52,2985.0,660727
2021-06-23 09:45:53,2984.2,660755
2021-06-23 09:45:54,2986.25,662898
2021-06-23 09:45:55,2987.05,663309
2021-06-23 09:45:55,2986.8,663299
2021-06-23 09:45:57,2987.0,663310
2021-06-23 09:45:58,2985.15,663344
2021-06-23 09:45:59,2986.45,663385
2021-06-23 09:46:00,2985.1,663429
2021-06-23 09:46:01,2987.35,663538
2021-06-23 09:46:02,2985.9,663570
2021-06-23 09:46:03,2985.8,663599
2021-06-23 09:46:04,2985.3,663625
2021-06-23 09:46:05,2985.35,663685
2021-06-23 09:46:06,2985.25,663705
2021-06-23 09:46:08,2985.25,663786
2021-06-23 09:46:09,2985.6,663926
2021-06-23 09:46:10,2985.35,663948
2021-06-23 09:46:11,2985.25,663963
2021-06-23 09:46:12,2985.6,663969
2021-06-23 09:46:13,2985.1,664009
2021-06-23 09:46:14,2986.6,664452
2021-06-23 09:46:15,2985.5,664507
2021-06-23 09:46:16,2986.65,664509
2021-06-23 09:46:17,2986.5,664567
2021-06-23 09:46:17,2986.5,664567
2021-06-23 09:46:19,2985.0,664622
2021-06-23 09:46:20,2986.0,664735
2021-06-23 09:46:21,2986.0,664756
2021-06-23 09:46:22,2986.0,664756
2021-06-23 09:46:23,2986.0,664799
2021-06-23 09:46:24,2985.15,664965
2021-06-23 09:46:25,2985.15,664965
2021-06-23 09:46:26,2988.0,665711
2021-06-23 09:46:27,2987.95,665713
2021-06-23 09:46:28,2986.9,666146
2021-06-23 09:46:29,2987.95,667260
2021-06-23 09:46:30,2989.8,667389
2021-06-23 09:46:32,2988.1,667411
2021-06-23 09:46:33,2990.3,668869
2021-06-23 09:46:34,2990.9,670067
2021-06-23 09:46:34,2992.75,670068
2021-06-23 09:46:37,2993.95,671083
2021-06-23 09:46:38,2994.0,671476
2021-06-23 09:46:39,2994.0,671710
2021-06-23 09:46:40,2992.35,671814
2021-06-23 09:46:41,2992.35,671873
2021-06-23 09:46:42,2992.2,671993
2021-06-23 09:46:43,2992.0,672130
2021-06-23 09:46:44,2991.5,672136
2021-06-23 09:46:45,2991.55,672191
2021-06-23 09:46:46,2991.85,672354
2021-06-23 09:46:47,2991.4,672364
2021-06-23 09:46:48,2992.45,672467
2021-06-23 09:46:49,2993.05,672992
2021-06-23 09:46:50,2993.25,673073
2021-06-23 09:46:51,2991.75,673079
2021-06-23 09:46:52,2991.25,673337
2021-06-23 09:46:53,2990.45,673866
2021-06-23 09:46:54,2992.45,674319
2021-06-23 09:46:55,2990.4,674900
2021-06-23 09:46:56,2990.7,675086
2021-06-23 09:46:57,2992.4,675342
2021-06-23 09:46:58,2991.25,675368
2021-06-23 09:46:59,2990.65,675448
2021-06-23 09:47:00,2991.9,675638
2021-06-23 09:47:01,2989.35,678536
2021-06-23 09:47:02,2989.15,678746
2021-06-23 09:47:03,2988.05,678950
2021-06-23 09:47:06,2988.9,679128
2021-06-23 09:47:07,2988.65,679398
2021-06-23 09:47:08,2988.4,679405
2021-06-23 09:47:09,2989.95,679515
2021-06-23 09:47:10,2989.95,679515
2021-06-23 09:47:11,2988.0,679742
2021-06-23 09:47:12,2988.1,679774
2021-06-23 09:47:14,2989.35,680230
2021-06-23 09:47:15,2990.65,680468
2021-06-23 09:47:16,2990.0,680470
2021-06-23 09:47:17,2989.1,680495
2021-06-23 09:47:18,2989.1,680495
2021-06-23 09:47:20,2991.25,681468
2021-06-23 09:47:21,2991.9,682255
2021-06-23 09:47:22,2990.5,682346
2021-06-23 09:47:23,2991.65,682443
2021-06-23 09:47:24,2990.1,682469
2021-06-23 09:47:25,2990.05,682611
2021-06-23 09:47:26,2989.05,682618
2021-06-23 09:47:28,2990.45,682883
2021-06-23 09:47:27,2990.45,682733
2021-06-23 09:47:29,2990.45,682908
2021-06-23 09:47:31,2990.45,684140
2021-06-23 09:47:32,2990.45,684218
2021-06-23 09:47:33,2990.45,684233
2021-06-23 09:47:34,2990.45,684233
2021-06-23 09:47:35,2990.45,684298
2021-06-23 09:47:36,2990.45,684302
2021-06-23 09:47:37,2990.0,684749
2021-06-23 09:47:38,2990.25,684777
2021-06-23 09:47:39,2990.1,684794
2021-06-23 09:47:40,2990.0,684857
2021-06-23 09:47:41,2990.0,684868
2021-06-23 09:47:42,2989.45,685003
2021-06-23 09:47:43,2990.05,685549
2021-06-23 09:47:44,2990.0,686152
2021-06-23 09:47:45,2990.0,686282
2021-06-23 09:47:46,2990.05,686421
2021-06-23 09:47:47,2990.0,686525
2021-06-23 09:47:48,2990.0,686525
2021-06-23 09:47:49,2990.0,686580
2021-06-23 09:47:50,2990.45,686606
2021-06-23 09:47:51,2990.0,686674
2021-06-23 09:47:52,2988.4,687243
2021-06-23 09:47:53,2988.4,687243
2021-06-23 09:47:54,2988.45,687383
2021-06-23 09:47:55,2988.45,687383
2021-06-23 09:47:56,2990.05,687445
2021-06-23 09:47:57,2990.05,687445
2021-06-23 09:47:58,2990.85,687568
2021-06-23 09:47:59,2991.0,687610
2021-06-23 09:48:00,2989.65,687756
2021-06-23 09:48:01,2989.6,687842
2021-06-23 09:48:02,2990.45,687843
2021-06-23 09:48:03,2990.85,687861
2021-06-23 09:48:04,2990.0,687978
2021-06-23 09:48:05,2990.0,688077
2021-06-23 09:48:06,2990.0,688082
2021-06-23 09:48:07,2990.0,688097
2021-06-23 09:48:08,2989.8,688152
2021-06-23 09:48:09,2990.0,688311
2021-06-23 09:48:11,2989.0,688323
2021-06-23 09:48:10,2990.0,688311
2021-06-23 09:48:12,2989.8,688408
2021-06-23 09:48:13,2989.8,688437
2021-06-23 09:48:14,2990.0,688622
2021-06-23 09:48:15,2989.0,688633
2021-06-23 09:48:16,2990.0,688895
2021-06-23 09:48:17,2990.0,689306
2021-06-23 09:48:19,2990.4,689391
2021-06-23 09:48:20,2990.35,689465
2021-06-23 09:48:21,2990.0,689783
2021-06-23 09:48:22,2990.0,689783
2021-06-23 09:48:23,2990.75,690487
2021-06-23 09:48:24,2990.0,690489
2021-06-23 09:48:25,2989.4,690497
2021-06-23 09:48:26,2990.8,690523
2021-06-23 09:48:27,2991.0,690549
2021-06-23 09:48:28,2991.0,690591
2021-06-23 09:48:29,2991.0,692177
2021-06-23 09:48:30,2990.8,692367
2021-06-23 09:48:31,2990.8,692367
2021-06-23 09:48:32,2991.0,692486
2021-06-23 09:48:33,2991.0,692645
2021-06-23 09:48:34,2991.8,692677
2021-06-23 09:48:35,2990.3,692967
2021-06-23 09:48:36,2991.9,693023
2021-06-23 09:48:37,2990.35,693140
2021-06-23 09:48:38,2990.35,693150
2021-06-23 09:48:39,2992.0,693190
2021-06-23 09:48:40,2990.7,693202
2021-06-23 09:48:41,2991.2,693859
2021-06-23 09:48:42,2990.95,693877
2021-06-23 09:48:43,2990.85,693992
2021-06-23 09:48:44,2991.95,694031
2021-06-23 09:48:45,2990.8,694235
2021-06-23 09:48:46,2990.7,696026
2021-06-23 09:48:47,2990.0,696095
2021-06-23 09:48:48,2990.7,696111
2021-06-23 09:48:50,2990.7,696126
2021-06-23 09:48:51,2990.1,696188
2021-06-23 09:48:52,2990.1,696200
2021-06-23 09:48:54,2990.1,696306
2021-06-23 09:48:54,2990.1,696306
2021-06-23 09:48:55,2990.7,696459
2021-06-23 09:48:56,2989.9,697329
2021-06-23 09:48:57,2990.7,697727
2021-06-23 09:48:58,2989.15,697788
2021-06-23 09:48:59,2990.4,697848
2021-06-23 09:49:00,2990.0,697879
2021-06-23 09:49:01,2990.0,698683
2021-06-23 09:49:02,2990.0,698683
2021-06-23 09:49:03,2990.7,698707
2021-06-23 09:49:05,2990.1,698847
2021-06-23 09:49:05,2990.0,698813
2021-06-23 09:49:06,2990.2,698922
2021-06-23 09:49:07,2990.0,698972
2021-06-23 09:49:09,2990.0,699378
2021-06-23 09:49:10,2989.75,699552
2021-06-23 09:49:11,2990.0,699592
2021-06-23 09:49:12,2990.0,699611
2021-06-23 09:49:13,2990.0,699656
2021-06-23 09:49:14,2990.3,699728
2021-06-23 09:49:15,2990.0,699768
2021-06-23 09:49:16,2990.0,699809
2021-06-23 09:49:17,2990.7,699902
2021-06-23 09:49:19,2990.2,699952
2021-06-23 09:49:19,2990.2,699952
2021-06-23 09:49:21,2990.1,700261
2021-06-23 09:49:22,2990.1,700304
2021-06-23 09:49:23,2990.1,700314
2021-06-23 09:49:24,2989.2,700343
2021-06-23 09:49:25,2989.2,700343
2021-06-23 09:49:26,2989.65,700452
2021-06-23 09:49:27,2989.2,700525
2021-06-23 09:49:28,2989.9,700611
2021-06-23 09:49:29,2989.2,700641
2021-06-23 09:49:31,2989.75,700813
2021-06-23 09:49:31,2989.75,700813
2021-06-23 09:49:33,2990.0,701628
2021-06-23 09:49:33,2989.2,701626
2021-06-23 09:49:35,2989.95,701659
2021-06-23 09:49:36,2990.0,701781
2021-06-23 09:49:37,2989.65,701865
2021-06-23 09:49:38,2990.0,702142
2021-06-23 09:49:39,2989.2,702217
2021-06-23 09:49:40,2990.0,702347
2021-06-23 09:49:41,2990.0,702377
2021-06-23 09:49:43,2989.95,702410
2021-06-23 09:49:44,2988.65,702425
2021-06-23 09:49:45,2989.9,702450
2021-06-23 09:49:45,2989.9,702450
2021-06-23 09:49:46,2989.9,702450
2021-06-23 09:49:47,2989.65,702452
2021-06-23 09:49:48,2990.7,702880
2021-06-23 09:49:49,2989.35,702907
2021-06-23 09:49:50,2990.65,702972
2021-06-23 09:49:51,2990.0,702986
2021-06-23 09:49:52,2990.0,703227
2021-06-23 09:49:54,2990.7,704144
2021-06-23 09:49:55,2990.0,704160
2021-06-23 09:49:56,2989.55,704333
2021-06-23 09:49:56,2989.55,704333
2021-06-23 09:49:57,2990.7,704358
2021-06-23 09:49:58,2990.7,704778
2021-06-23 09:49:59,2990.7,704937
2021-06-23 09:50:00,2989.95,705135
2021-06-23 09:50:01,2989.8,705182
2021-06-23 09:50:02,2990.95,705259
2021-06-23 09:50:03,2991.1,705334
2021-06-23 09:50:05,2991.25,705355
2021-06-23 09:50:06,2991.0,705472
2021-06-23 09:50:07,2991.0,705753
2021-06-23 09:50:07,2989.0,705953
2021-06-23 09:50:08,2990.8,706008
2021-06-23 09:50:10,2989.55,706040
2021-06-23 09:50:12,2991.0,706344
2021-06-23 09:50:13,2991.0,706384
2021-06-23 09:50:14,2991.0,706385
2021-06-23 09:50:15,2990.7,706462
2021-06-23 09:50:17,2989.7,706731
2021-06-23 09:50:18,2991.0,707156
2021-06-23 09:50:19,2989.1,707189
2021-06-23 09:50:20,2989.0,708171
2021-06-23 09:50:21,2989.75,708176
2021-06-23 09:50:22,2989.75,708181
2021-06-23 09:50:23,2989.7,708517
2021-06-23 09:50:24,2990.1,708616
2021-06-23 09:50:25,2990.0,708849
2021-06-23 09:50:26,2990.45,708999
2021-06-23 09:50:27,2990.45,708999
2021-06-23 09:50:28,2990.0,709016
2021-06-23 09:50:29,2990.25,709101
2021-06-23 09:50:30,2989.2,709110
2021-06-23 09:50:31,2989.0,709256
2021-06-23 09:50:32,2988.55,709411
2021-06-23 09:50:33,2990.35,709443
2021-06-23 09:50:34,2988.6,709475
2021-06-23 09:50:35,2989.75,709877
2021-06-23 09:50:37,2988.6,709924
2021-06-23 09:50:38,2989.8,709934
2021-06-23 09:50:39,2989.8,709934
2021-06-23 09:50:41,2987.35,710647
2021-06-23 09:50:42,2987.15,712012
2021-06-23 09:50:42,2988.0,712017
2021-06-23 09:50:43,2987.2,712424
2021-06-23 09:50:44,2988.4,712594
2021-06-23 09:50:45,2986.25,713004
2021-06-23 09:50:46,2986.55,713116
2021-06-23 09:50:47,2986.05,713657
2021-06-23 09:50:49,2985.9,713883
2021-06-23 09:50:49,2985.9,713883
2021-06-23 09:50:50,2986.0,713938
2021-06-23 09:50:51,2986.2,714819
2021-06-23 09:50:52,2986.7,714868
2021-06-23 09:50:53,2985.0,715381
2021-06-23 09:50:55,2986.15,715544
2021-06-23 09:50:56,2986.5,715942
2021-06-23 09:50:57,2987.05,716509
2021-06-23 09:50:57,2987.05,716554
2021-06-23 09:50:58,2986.75,716594
2021-06-23 09:50:59,2987.05,716621
2021-06-23 09:51:00,2985.25,716872
2021-06-23 09:51:01,2985.25,716872
2021-06-23 09:51:02,2986.1,716983
2021-06-23 09:51:03,2986.05,717091
2021-06-23 09:51:04,2985.0,717241
2021-06-23 09:51:06,2986.35,718464
2021-06-23 09:51:08,2985.0,719614
2021-06-23 09:51:08,2985.3,719481
2021-06-23 09:51:09,2985.8,719885
2021-06-23 09:51:10,2986.15,720006
2021-06-23 09:51:11,2985.85,720156
2021-06-23 09:51:12,2985.0,720184
2021-06-23 09:51:14,2984.0,720340
2021-06-23 09:51:15,2982.8,721619
2021-06-23 09:51:15,2984.0,720390
2021-06-23 09:51:16,2982.6,721786
2021-06-23 09:51:17,2982.6,721847
2021-06-23 09:51:18,2982.5,721927
2021-06-23 09:51:19,2982.6,722031
2021-06-23 09:51:21,2983.1,722267
2021-06-23 09:51:22,2982.4,722323
2021-06-23 09:51:23,2984.25,722406
2021-06-23 09:51:23,2984.25,722406
2021-06-23 09:51:24,2982.9,722514
2021-06-23 09:51:25,2982.5,722652
2021-06-23 09:51:27,2982.6,722757
2021-06-23 09:51:28,2982.6,722823
2021-06-23 09:51:29,2982.6,722862
2021-06-23 09:51:29,2982.6,722853
2021-06-23 09:51:30,2982.6,722969
2021-06-23 09:51:31,2983.55,723119
2021-06-23 09:51:33,2983.55,723194
2021-06-23 09:51:34,2983.55,723194
2021-06-23 09:51:35,2983.55,723289
2021-06-23 09:51:35,2983.55,723299
2021-06-23 09:51:36,2982.6,723300
2021-06-23 09:51:37,2982.6,723765
2021-06-23 09:51:38,2983.0,723990
2021-06-23 09:51:39,2982.15,723996
2021-06-23 09:51:41,2983.0,724774
2021-06-23 09:51:42,2982.0,724790
2021-06-23 09:51:42,2982.0,724790
2021-06-23 09:51:43,2983.0,724871
2021-06-23 09:51:44,2983.45,725240
2021-06-23 09:51:45,2983.4,725497
2021-06-23 09:51:46,2983.4,725497
2021-06-23 09:51:48,2983.4,725548
2021-06-23 09:51:49,2983.4,726300
2021-06-23 09:51:50,2982.95,726547
2021-06-23 09:51:51,2982.9,726553
2021-06-23 09:51:52,2982.6,726579
2021-06-23 09:51:53,2983.7,726886
2021-06-23 09:51:54,2983.7,726910
2021-06-23 09:51:56,2983.0,727231
2021-06-23 09:51:57,2982.6,727556
2021-06-23 09:51:58,2982.0,727558
2021-06-23 09:51:59,2982.65,727719
2021-06-23 09:51:59,2982.65,727719
2021-06-23 09:52:00,2981.1,727729
2021-06-23 09:52:01,2980.6,728419
2021-06-23 09:52:02,2981.95,728695
2021-06-23 09:52:03,2980.55,728816
2021-06-23 09:52:04,2980.4,729065
2021-06-23 09:52:05,2981.6,729124
2021-06-23 09:52:06,2980.0,729960
2021-06-23 09:52:07,2981.6,729985
2021-06-23 09:52:08,2980.0,730050
2021-06-23 09:52:09,2981.4,730145
2021-06-23 09:52:11,2976.65,738342
2021-06-23 09:52:12,2976.7,738493
2021-06-23 09:52:12,2976.6,738613
2021-06-23 09:52:13,2976.6,738766
2021-06-23 09:52:14,2976.0,739313
2021-06-23 09:52:16,2975.75,739744
2021-06-23 09:52:17,2976.3,740368
2021-06-23 09:52:18,2976.3,741415
2021-06-23 09:52:18,2976.65,741463
2021-06-23 09:52:19,2976.65,741531
2021-06-23 09:52:20,2976.65,741733
2021-06-23 09:52:21,2976.65,741790
2021-06-23 09:52:22,2975.4,742218
2021-06-23 09:52:23,2976.0,742354
2021-06-23 09:52:24,2975.55,742752
2021-06-23 09:52:25,2975.55,743795
2021-06-23 09:52:26,2978.5,744974
2021-06-23 09:52:28,2977.55,745541
2021-06-23 09:52:29,2977.2,745754
2021-06-23 09:52:29,2977.2,745754
2021-06-23 09:52:30,2978.35,745832
2021-06-23 09:52:31,2978.25,746055
2021-06-23 09:52:32,2977.95,746267
2021-06-23 09:52:33,2976.7,746549
2021-06-23 09:52:34,2977.55,746729
2021-06-23 09:52:35,2976.65,746844
2021-06-23 09:52:36,2977.55,746856
2021-06-23 09:52:39,2976.05,747131
2021-06-23 09:52:40,2976.7,747146
2021-06-23 09:52:41,2976.1,747297
2021-06-23 09:52:41,2976.1,747297
2021-06-23 09:52:42,2976.0,747310
2021-06-23 09:52:43,2977.45,747526
2021-06-23 09:52:44,2975.65,747940
2021-06-23 09:52:45,2975.7,748074
2021-06-23 09:52:47,2975.05,748378
2021-06-23 09:52:48,2974.25,750953
2021-06-23 09:52:48,2976.0,750955
2021-06-23 09:52:49,2975.0,751175
2021-06-23 09:52:50,2975.0,751287
2021-06-23 09:52:51,2975.4,751700
2021-06-23 09:52:53,2976.0,751710
2021-06-23 09:52:54,2976.0,751750
2021-06-23 09:52:55,2976.0,751998
2021-06-23 09:52:56,2977.15,752124
2021-06-23 09:52:57,2978.0,752486
2021-06-23 09:52:58,2977.5,752650
2021-06-23 09:52:58,2976.0,752600
2021-06-23 09:52:59,2976.65,752801
2021-06-23 09:53:01,2978.95,753755
2021-06-23 09:53:02,2976.15,754029
2021-06-23 09:53:03,2977.95,754057
2021-06-23 09:53:04,2978.15,754058
2021-06-23 09:53:05,2978.1,754156
2021-06-23 09:53:06,2977.05,754243
2021-06-23 09:53:07,2980.0,754963
2021-06-23 09:53:09,2978.4,755910
2021-06-23 09:53:10,2977.95,755962
2021-06-23 09:53:11,2976.9,756111
2021-06-23 09:53:12,2976.1,756146
2021-06-23 09:53:13,2977.85,756209
2021-06-23 09:53:14,2977.65,756564
2021-06-23 09:53:14,2977.65,756564
2021-06-23 09:53:15,2977.6,756590
2021-06-23 09:53:16,2977.45,756595
2021-06-23 09:53:17,2976.6,756645
2021-06-23 09:53:18,2977.1,756786
2021-06-23 09:53:19,2976.15,756900
2021-06-23 09:53:21,2977.15,756903
2021-06-23 09:53:22,2977.0,757933
2021-06-23 09:53:23,2977.25,757935
2021-06-23 09:53:24,2977.0,758125
2021-06-23 09:53:24,2976.1,758135
2021-06-23 09:53:25,2977.2,758194
2021-06-23 09:53:27,2976.4,758271
2021-06-23 09:53:28,2976.45,758281
2021-06-23 09:53:29,2977.0,758364
2021-06-23 09:53:29,2977.0,758365
2021-06-23 09:53:30,2976.0,758571
2021-06-23 09:53:31,2977.45,758651
2021-06-23 09:53:32,2977.9,758710
2021-06-23 09:53:34,2976.25,758941
2021-06-23 09:53:35,2977.1,759063
2021-06-23 09:53:36,2977.1,759063
2021-06-23 09:53:37,2977.1,759076
2021-06-23 09:53:38,2980.0,759447
2021-06-23 09:53:38,2979.0,759383
2021-06-23 09:53:39,2980.0,759686
2021-06-23 09:53:40,2978.7,759804
2021-06-23 09:53:41,2978.15,759946
2021-06-23 09:53:42,2979.05,760112
2021-06-23 09:53:43,2980.0,760211
2021-06-23 09:53:45,2980.0,760441
2021-06-23 09:53:46,2980.0,760451
2021-06-23 09:53:47,2979.95,760676
2021-06-23 09:53:47,2979.95,760676
2021-06-23 09:53:48,2980.4,760909
2021-06-23 09:53:50,2980.4,760909
2021-06-23 09:53:51,2980.0,760944
2021-06-23 09:53:52,2980.0,761571
2021-06-23 09:53:53,2980.1,761621
2021-06-23 09:53:54,2980.0,761666
2021-06-23 09:53:54,2980.0,761666
2021-06-23 09:53:56,2980.0,761817
2021-06-23 09:53:58,2980.0,761912
2021-06-23 09:53:59,2978.65,761972
2021-06-23 09:54:00,2978.85,762008
2021-06-23 09:54:01,2980.4,762132
2021-06-23 09:54:02,2980.4,762133
2021-06-23 09:54:02,2980.8,762187
2021-06-23 09:54:03,2980.0,762191
2021-06-23 09:54:04,2979.3,762219
2021-06-23 09:54:05,2979.65,762312
2021-06-23 09:54:06,2980.8,762422
2021-06-23 09:54:07,2980.8,762466
2021-06-23 09:54:08,2980.8,762499
2021-06-23 09:54:09,2980.8,762546
2021-06-23 09:54:10,2981.2,762672
2021-06-23 09:54:11,2980.8,762732
2021-06-23 09:54:12,2980.8,762739
2021-06-23 09:54:13,2980.8,762751
2021-06-23 09:54:14,2980.8,762751
2021-06-23 09:54:15,2981.0,763161
2021-06-23 09:54:16,2981.0,764252
2021-06-23 09:54:17,2981.0,764392
2021-06-23 09:54:19,2981.0,764422
2021-06-23 09:54:20,2982.25,764582
2021-06-23 09:54:21,2981.1,764723
2021-06-23 09:54:22,2982.25,764776
2021-06-23 09:54:22,2982.25,764776
2021-06-23 09:54:23,2981.0,764778
2021-06-23 09:54:24,2982.25,764821
2021-06-23 09:54:25,2982.3,764856
2021-06-23 09:54:26,2982.4,764931
2021-06-23 09:54:27,2981.55,765003
2021-06-23 09:54:28,2982.4,765061
2021-06-23 09:54:29,2982.4,765322
2021-06-23 09:54:30,2981.65,766037
2021-06-23 09:54:31,2981.9,766061
2021-06-23 09:54:33,2981.0,766678
2021-06-23 09:54:34,2982.25,766699
2021-06-23 09:54:35,2982.6,767039
2021-06-23 09:54:36,2982.9,767251
2021-06-23 09:54:37,2983.0,767307
2021-06-23 09:54:38,2983.0,767526
2021-06-23 09:54:39,2983.0,767535
2021-06-23 09:54:40,2982.9,767760
2021-06-23 09:54:41,2983.0,767958
2021-06-23 09:54:42,2983.35,768518
2021-06-23 09:54:45,2983.0,768745
2021-06-23 09:54:46,2983.3,768801
2021-06-23 09:54:47,2983.7,768813
2021-06-23 09:54:48,2983.0,769076
2021-06-23 09:54:49,2983.0,769163
2021-06-23 09:54:50,2983.0,769505
2021-06-23 09:54:51,2983.0,769505
2021-06-23 09:54:52,2983.3,769550
2021-06-23 09:54:52,2983.95,769570
2021-06-23 09:54:54,2983.3,770230
2021-06-23 09:54:56,2983.3,770656
2021-06-23 09:54:57,2983.0,770747
2021-06-23 09:54:58,2982.4,770757
2021-06-23 09:54:59,2982.4,770757
2021-06-23 09:55:00,2983.0,770811
2021-06-23 09:55:01,2982.0,770813
2021-06-23 09:55:02,2983.0,770868
2021-06-23 09:55:03,2983.0,770930
2021-06-23 09:55:03,2982.0,770914
2021-06-23 09:55:04,2981.7,771036
2021-06-23 09:55:05,2981.75,771118
2021-06-23 09:55:07,2981.75,771118
2021-06-23 09:55:08,2981.2,771237
2021-06-23 09:55:09,2982.0,771275
2021-06-23 09:55:09,2982.0,771277
2021-06-23 09:55:12,2983.95,771783
2021-06-23 09:55:13,2983.4,771840
2021-06-23 09:55:14,2982.3,771845
2021-06-23 09:55:15,2981.8,771850
2021-06-23 09:55:16,2981.55,771851
2021-06-23 09:55:17,2981.55,771851
2021-06-23 09:55:18,2982.8,771877
2021-06-23 09:55:19,2982.75,771906
2021-06-23 09:55:20,2981.2,772006
2021-06-23 09:55:21,2982.7,772208
2021-06-23 09:55:22,2982.7,772208
2021-06-23 09:55:23,2982.7,772208
2021-06-23 09:55:23,2982.7,772208
2021-06-23 09:55:24,2982.95,772308
2021-06-23 09:55:25,2983.0,772358
2021-06-23 09:55:27,2982.85,772389
2021-06-23 09:55:27,2981.5,772400
2021-06-23 09:55:28,2981.5,772400
2021-06-23 09:55:29,2981.05,772406
2021-06-23 09:55:30,2981.3,772632
2021-06-23 09:55:31,2981.9,772642
2021-06-23 09:55:32,2982.6,772907
2021-06-23 09:55:33,2982.6,772907
2021-06-23 09:55:34,2981.4,772931
2021-06-23 09:55:35,2982.0,772936
2021-06-23 09:55:36,2982.0,773037
2021-06-23 09:55:37,2982.0,773112
2021-06-23 09:55:39,2983.0,773140
2021-06-23 09:55:40,2983.0,773196
2021-06-23 09:55:41,2982.75,773200
2021-06-23 09:55:42,2982.1,773207
2021-06-23 09:55:43,2982.95,773257
2021-06-23 09:55:44,2982.0,773357
2021-06-23 09:55:45,2982.0,773357
2021-06-23 09:55:46,2982.95,773383
2021-06-23 09:55:48,2982.95,773600
2021-06-23 09:55:49,2983.0,773861
2021-06-23 09:55:50,2982.3,773873
2021-06-23 09:55:50,2982.3,773873
2021-06-23 09:55:51,2983.0,774124
2021-06-23 09:55:52,2983.0,774128
2021-06-23 09:55:53,2983.0,774182
2021-06-23 09:55:55,2982.0,774196
2021-06-23 09:55:56,2982.9,774256
2021-06-23 09:55:57,2983.0,774381
2021-06-23 09:55:59,2983.0,774406
2021-06-23 09:56:00,2982.05,774466
2021-06-23 09:56:01,2983.0,774687
2021-06-23 09:56:02,2982.0,774937
2021-06-23 09:56:03,2983.0,774982
2021-06-23 09:56:04,2983.0,775040
2021-06-23 09:56:05,2982.9,775222
2021-06-23 09:56:06,2982.9,775236
2021-06-23 09:56:07,2982.05,775238
2021-06-23 09:56:08,2982.9,775266
2021-06-23 09:56:09,2982.75,775352
2021-06-23 09:56:10,2982.0,775353
2021-06-23 09:56:11,2982.0,775378
2021-06-23 09:56:13,2982.85,775397
2021-06-23 09:56:15,2982.85,775850
2021-06-23 09:56:16,2982.0,775880
2021-06-23 09:56:17,2982.0,775888
2021-06-23 09:56:18,2982.6,775919
2021-06-23 09:56:19,2982.0,775922
2021-06-23 09:56:20,2981.5,775992
2021-06-23 09:56:21,2982.3,775993
2021-06-23 09:56:22,2981.5,776015
2021-06-23 09:56:22,2981.5,776015
2021-06-23 09:56:24,2981.3,776148
2021-06-23 09:56:25,2981.3,776203
2021-06-23 09:56:27,2981.5,776230
2021-06-23 09:56:28,2981.5,776250
2021-06-23 09:56:29,2981.75,776299
2021-06-23 09:56:30,2981.2,776509
2021-06-23 09:56:31,2981.2,776536
2021-06-23 09:56:32,2981.2,776552
2021-06-23 09:56:33,2981.3,776553
2021-06-23 09:56:34,2981.5,776577
2021-06-23 09:56:35,2981.05,776641
2021-06-23 09:56:36,2981.3,776650
2021-06-23 09:56:37,2981.2,776721
2021-06-23 09:56:38,2981.2,776741
2021-06-23 09:56:39,2981.0,776893
2021-06-23 09:56:40,2981.0,776919
2021-06-23 09:56:41,2981.0,776999
2021-06-23 09:56:42,2981.0,777097
2021-06-23 09:56:43,2981.0,777419
2021-06-23 09:56:44,2980.2,779841
2021-06-23 09:56:45,2980.0,780156
2021-06-23 09:56:46,2980.0,780254
2021-06-23 09:56:47,2980.0,780284
2021-06-23 09:56:48,2980.2,780331
2021-06-23 09:56:49,2978.7,780571
2021-06-23 09:56:49,2978.7,780571
2021-06-23 09:56:50,2979.4,780950
2021-06-23 09:56:51,2978.15,781021
2021-06-23 09:56:53,2979.45,781132
2021-06-23 09:56:54,2977.85,781161
2021-06-23 09:56:55,2978.0,781254
2021-06-23 09:56:56,2978.15,781268
2021-06-23 09:56:57,2977.8,781382
2021-06-23 09:56:58,2977.8,781384
2021-06-23 09:56:59,2977.4,781434
2021-06-23 09:57:00,2977.35,781572
2021-06-23 09:57:01,2979.25,781890
2021-06-23 09:57:02,2978.0,781905
2021-06-23 09:57:03,2977.6,781929
2021-06-23 09:57:04,2977.0,782142
2021-06-23 09:57:05,2978.15,782158
2021-06-23 09:57:06,2977.1,782294
2021-06-23 09:57:06,2977.1,782294
2021-06-23 09:57:07,2977.4,782452
2021-06-23 09:57:08,2978.55,782556
2021-06-23 09:57:09,2978.55,782556
2021-06-23 09:57:10,2978.0,782557
2021-06-23 09:57:11,2977.0,782731
2021-06-23 09:57:12,2978.15,782886
2021-06-23 09:57:13,2977.0,782976
2021-06-23 09:57:14,2978.0,782977
2021-06-23 09:57:15,2978.1,782994
2021-06-23 09:57:16,2978.05,783045
2021-06-23 09:57:17,2977.0,783237
2021-06-23 09:57:18,2978.15,783728
2021-06-23 09:57:21,2978.15,783891
2021-06-23 09:57:22,2978.15,783929
2021-06-23 09:57:23,2978.15,783934
2021-06-23 09:57:24,2978.1,784023
2021-06-23 09:57:25,2978.1,784143
2021-06-23 09:57:26,2978.55,784243
2021-06-23 09:57:27,2978.1,784248
2021-06-23 09:57:28,2978.1,784289
2021-06-23 09:57:29,2978.1,784289
2021-06-23 09:57:30,2977.0,784439
2021-06-23 09:57:31,2977.8,784450
2021-06-23 09:57:32,2977.7,784551
2021-06-23 09:57:33,2977.7,784551
2021-06-23 09:57:34,2978.1,784644
2021-06-23 09:57:36,2977.05,784686
2021-06-23 09:57:37,2977.8,784716
2021-06-23 09:57:38,2977.0,784786
2021-06-23 09:57:39,2977.0,784799
2021-06-23 09:57:40,2978.1,785005
2021-06-23 09:57:41,2977.75,785062
2021-06-23 09:57:42,2977.75,785062
2021-06-23 09:57:43,2977.6,785063
2021-06-23 09:57:44,2977.0,785114
2021-06-23 09:57:45,2978.0,785314
2021-06-23 09:57:48,2976.4,785443
2021-06-23 09:57:49,2977.15,785489
2021-06-23 09:57:50,2977.15,785489
2021-06-23 09:57:51,2977.15,785503
2021-06-23 09:57:52,2977.6,785671
2021-06-23 09:57:54,2977.85,785757
2021-06-23 09:57:55,2976.25,785822
2021-06-23 09:57:56,2976.1,785943
2021-06-23 09:57:57,2977.15,785973
2021-06-23 09:57:58,2977.7,786038
2021-06-23 09:57:59,2976.1,786163
2021-06-23 09:58:00,2976.1,786193
2021-06-23 09:58:01,2977.1,786226
2021-06-23 09:58:02,2977.5,786264
2021-06-23 09:58:03,2976.2,786370
2021-06-23 09:58:04,2976.2,786396
2021-06-23 09:58:05,2977.75,786550
2021-06-23 09:58:06,2976.25,786651
2021-06-23 09:58:07,2977.5,786652
2021-06-23 09:58:08,2977.8,786658
2021-06-23 09:58:09,2976.45,787211
2021-06-23 09:58:10,2976.45,787212
2021-06-23 09:58:11,2976.35,787229
2021-06-23 09:58:12,2976.45,787432
2021-06-23 09:58:13,2976.45,787432
2021-06-23 09:58:14,2977.5,787433
2021-06-23 09:58:15,2976.25,787484
2021-06-23 09:58:16,2978.1,787994
2021-06-23 09:58:17,2976.4,788010
2021-06-23 09:58:18,2976.25,788012
2021-06-23 09:58:19,2976.6,788020
2021-06-23 09:58:20,2976.85,788082
2021-06-23 09:58:21,2976.65,788089
2021-06-23 09:58:22,2976.6,788096
2021-06-23 09:58:23,2976.85,788179
2021-06-23 09:58:24,2977.25,788208
2021-06-23 09:58:25,2976.6,788209
2021-06-23 09:58:26,2977.25,788225
2021-06-23 09:58:27,2977.25,788230
2021-06-23 09:58:28,2978.55,788735
2021-06-23 09:58:29,2977.05,788745
2021-06-23 09:58:30,2977.0,788793
2021-06-23 09:58:31,2976.95,788805
2021-06-23 09:58:32,2978.35,788856
2021-06-23 09:58:33,2978.3,788866
2021-06-23 09:58:34,2978.3,788866
2021-06-23 09:58:35,2978.7,789572
2021-06-23 09:58:36,2978.7,789582
2021-06-23 09:58:37,2978.6,789623
2021-06-23 09:58:38,2977.35,789866
2021-06-23 09:58:39,2977.05,789911
2021-06-23 09:58:40,2977.1,790332
2021-06-23 09:58:41,2978.75,790482
2021-06-23 09:58:43,2977.75,790536
2021-06-23 09:58:45,2978.9,791204
2021-06-23 09:58:46,2978.4,791414
2021-06-23 09:58:47,2977.25,791514
2021-06-23 09:58:48,2977.25,791622
2021-06-23 09:58:49,2978.4,791625
2021-06-23 09:58:50,2978.3,791667
2021-06-23 09:58:51,2977.3,791959
2021-06-23 09:58:52,2978.0,791975
2021-06-23 09:58:53,2977.3,792027
2021-06-23 09:58:54,2977.3,792027
2021-06-23 09:58:55,2978.0,792162
2021-06-23 09:58:56,2978.0,792171
2021-06-23 09:58:57,2978.0,792186
2021-06-23 09:58:58,2978.0,792269
2021-06-23 09:58:59,2978.8,792340
2021-06-23 09:59:00,2978.0,792622
2021-06-23 09:59:01,2977.45,792771
2021-06-23 09:59:02,2977.35,792829
2021-06-23 09:59:03,2977.4,792893
2021-06-23 09:59:04,2977.55,792934
2021-06-23 09:59:05,2979.1,793092
2021-06-23 09:59:06,2979.9,793136
2021-06-23 09:59:07,2980.0,793266
2021-06-23 09:59:08,2980.0,793435
2021-06-23 09:59:09,2979.8,793438
2021-06-23 09:59:10,2980.0,793580
2021-06-23 09:59:11,2980.0,793580
2021-06-23 09:59:12,2980.0,793580
2021-06-23 09:59:13,2979.6,793645
2021-06-23 09:59:14,2980.0,793784
2021-06-23 09:59:15,2980.0,793784
2021-06-23 09:59:16,2980.0,793809
2021-06-23 09:59:17,2979.85,793867
2021-06-23 09:59:18,2980.0,793937
2021-06-23 09:59:19,2978.5,793965
2021-06-23 09:59:20,2980.0,793966
2021-06-23 09:59:21,2978.45,794121
2021-06-23 09:59:22,2980.0,794257
2021-06-23 09:59:23,2979.95,794291
2021-06-23 09:59:24,2979.95,794294
2021-06-23 09:59:25,2979.95,794295
2021-06-23 09:59:26,2979.95,794295
2021-06-23 09:59:27,2979.95,794300
2021-06-23 09:59:28,2979.95,794381
2021-06-23 09:59:29,2980.0,794489
2021-06-23 09:59:30,2980.2,794539
2021-06-23 09:59:31,2979.5,794580
2021-06-23 09:59:32,2980.35,794724
2021-06-23 09:59:33,2979.2,794799
2021-06-23 09:59:34,2979.5,794809
2021-06-23 09:59:35,2979.5,794809
2021-06-23 09:59:36,2981.3,795259
2021-06-23 09:59:37,2979.95,795327
2021-06-23 09:59:38,2980.0,795434
2021-06-23 09:59:39,2981.5,795465
2021-06-23 09:59:40,2981.7,795515
2021-06-23 09:59:41,2982.0,795755
2021-06-23 09:59:42,2980.75,795814
2021-06-23 09:59:44,2982.0,795865
2021-06-23 09:59:45,2982.0,795865
2021-06-23 09:59:46,2982.0,795952
2021-06-23 09:59:47,2982.0,795952
2021-06-23 09:59:48,2982.6,795985
2021-06-23 09:59:48,2982.6,795985
2021-06-23 09:59:49,2981.5,796454
2021-06-23 09:59:50,2981.5,796454
2021-06-23 09:59:51,2982.0,796467
2021-06-23 09:59:52,2981.8,796542
2021-06-23 09:59:53,2981.8,796643
2021-06-23 09:59:54,2982.9,796647
2021-06-23 09:59:55,2982.9,796662
2021-06-23 09:59:56,2983.0,796722
2021-06-23 09:59:57,2982.05,796862
2021-06-23 09:59:59,2982.55,796977
2021-06-23 09:59:58,2982.05,796906
2021-06-23 10:00:00,2983.0,797032
2021-06-23 10:00:02,2982.05,797048
2021-06-23 10:00:02,2982.05,797054
2021-06-23 10:00:03,2982.15,797063
2021-06-23 10:00:04,2983.0,797155
2021-06-23 10:00:05,2982.05,797157
2021-06-23 10:00:06,2982.0,797318
2021-06-23 10:00:07,2983.0,797341
2021-06-23 10:00:08,2982.0,797346
2021-06-23 10:00:09,2982.1,797349
2021-06-23 10:00:10,2983.35,797510
2021-06-23 10:00:11,2983.75,797686
2021-06-23 10:00:12,2983.7,797689
2021-06-23 10:00:13,2983.7,797775
2021-06-23 10:00:14,2983.7,797825
2021-06-23 10:00:15,2984.0,797984
2021-06-23 10:00:16,2984.0,798143
2021-06-23 10:00:17,2983.2,798149
2021-06-23 10:00:18,2983.7,798154
2021-06-23 10:00:19,2983.7,798167
2021-06-23 10:00:20,2984.0,798189
2021-06-23 10:00:21,2984.0,798232
2021-06-23 10:00:22,2983.0,798243
2021-06-23 10:00:23,2984.0,798253
2021-06-23 10:00:24,2983.7,798265
2021-06-23 10:00:25,2984.05,798290
2021-06-23 10:00:26,2984.05,798326
2021-06-23 10:00:27,2984.45,798433
2021-06-23 10:00:29,2985.0,799039
2021-06-23 10:00:30,2985.0,799293
2021-06-23 10:00:31,2985.0,799358
2021-06-23 10:00:32,2985.0,799413
2021-06-23 10:00:36,2986.05,802187
2021-06-23 10:00:37,2987.85,802265
2021-06-23 10:00:38,2985.9,802266
2021-06-23 10:00:39,2985.25,802397
2021-06-23 10:00:40,2985.4,802539
2021-06-23 10:00:41,2987.0,802643
2021-06-23 10:00:42,2986.0,802689
2021-06-23 10:00:43,2988.2,803987
2021-06-23 10:00:44,2987.4,804015
2021-06-23 10:00:45,2988.55,804036
2021-06-23 10:00:46,2988.6,804038
2021-06-23 10:00:47,2987.25,804062
2021-06-23 10:00:48,2988.95,804164
2021-06-23 10:00:50,2988.0,804479
2021-06-23 10:00:51,2986.7,804741
2021-06-23 10:00:52,2987.1,804782
2021-06-23 10:00:53,2988.9,805218
2021-06-23 10:00:54,2987.45,805842
2021-06-23 10:00:55,2988.8,806248
2021-06-23 10:00:55,2988.8,806248
2021-06-23 10:00:56,2987.45,806257
2021-06-23 10:00:57,2988.75,806266
2021-06-23 10:00:58,2988.0,806296
2021-06-23 10:00:59,2988.8,806442
2021-06-23 10:01:00,2987.55,806630
2021-06-23 10:01:01,2988.85,806632
2021-06-23 10:01:02,2987.5,806685
2021-06-23 10:01:03,2987.5,806722
2021-06-23 10:01:04,2987.5,806755
2021-06-23 10:01:05,2987.85,806778
2021-06-23 10:01:06,2988.0,806902
2021-06-23 10:01:07,2988.0,806917
2021-06-23 10:01:08,2988.0,807040
2021-06-23 10:01:09,2987.55,807415
2021-06-23 10:01:10,2987.45,807420
2021-06-23 10:01:11,2988.95,807621
2021-06-23 10:01:12,2988.0,807830
2021-06-23 10:01:13,2988.0,808178
2021-06-23 10:01:14,2988.0,808264
2021-06-23 10:01:15,2988.5,808367
2021-06-23 10:01:16,2987.5,809129
2021-06-23 10:01:17,2987.15,809322
2021-06-23 10:01:19,2987.0,809467
2021-06-23 10:01:20,2985.6,810089
2021-06-23 10:01:21,2983.45,810335
2021-06-23 10:01:22,2985.1,810416
2021-06-23 10:01:23,2985.1,810418
2021-06-23 10:01:24,2983.5,810639
2021-06-23 10:01:26,2984.9,810796
2021-06-23 10:01:26,2984.9,810796
2021-06-23 10:01:27,2983.5,810803
2021-06-23 10:01:28,2983.25,810982
2021-06-23 10:01:29,2983.25,810982
2021-06-23 10:01:30,2984.25,811012
2021-06-23 10:01:31,2984.25,811012
2021-06-23 10:01:32,2983.0,811062
2021-06-23 10:01:33,2983.0,811431
2021-06-23 10:01:35,2984.45,812054
2021-06-23 10:01:36,2984.45,812054
2021-06-23 10:01:37,2984.85,812122
2021-06-23 10:01:38,2984.85,812123
2021-06-23 10:01:39,2984.45,812166
2021-06-23 10:01:40,2984.55,812339
2021-06-23 10:01:41,2983.3,812358
2021-06-23 10:01:43,2984.65,812884
2021-06-23 10:01:44,2984.65,812884
2021-06-23 10:01:46,2984.45,812939
2021-06-23 10:01:47,2984.45,812939
2021-06-23 10:01:48,2983.5,812957
2021-06-23 10:01:49,2984.25,813047
2021-06-23 10:01:50,2983.4,813085
2021-06-23 10:01:51,2982.6,813483
2021-06-23 10:01:52,2982.0,813643
2021-06-23 10:01:52,2982.5,813675
2021-06-23 10:01:53,2984.2,813725
2021-06-23 10:01:55,2983.5,814143
2021-06-23 10:01:56,2984.0,814249
2021-06-23 10:01:57,2984.0,814249
2021-06-23 10:01:58,2984.05,814301
2021-06-23 10:01:58,2984.05,814301
2021-06-23 10:01:59,2984.2,814401
2021-06-23 10:02:00,2982.95,814467
2021-06-23 10:02:01,2983.2,814529
2021-06-23 10:02:02,2984.4,814531
2021-06-23 10:02:03,2984.0,814536
2021-06-23 10:02:04,2985.0,814726
2021-06-23 10:02:05,2985.0,814726
2021-06-23 10:02:06,2984.05,814732
2021-06-23 10:02:07,2983.5,814753
2021-06-23 10:02:09,2984.5,814783
2021-06-23 10:02:10,2984.45,815089
2021-06-23 10:02:11,2984.45,815091
2021-06-23 10:02:12,2984.5,815093
2021-06-23 10:02:13,2984.5,815093
2021-06-23 10:02:14,2984.5,815093
2021-06-23 10:02:15,2984.1,815485
2021-06-23 10:02:17,2984.5,815497
2021-06-23 10:02:18,2983.1,815698
2021-06-23 10:02:19,2984.1,815713
2021-06-23 10:02:19,2984.1,815713
2021-06-23 10:02:20,2984.5,815715
2021-06-23 10:02:21,2983.05,815815
2021-06-23 10:02:22,2984.0,815816
2021-06-23 10:02:23,2983.1,815934
2021-06-23 10:02:24,2983.5,815936
2021-06-23 10:02:25,2983.0,815939
2021-06-23 10:02:26,2984.0,815962
2021-06-23 10:02:27,2983.5,816001
2021-06-23 10:02:28,2983.5,816001
2021-06-23 10:02:29,2983.5,816004
2021-06-23 10:02:30,2983.5,816016
2021-06-23 10:02:31,2983.0,816116
2021-06-23 10:02:32,2983.85,816176
2021-06-23 10:02:33,2983.9,816343
2021-06-23 10:02:35,2983.5,816380
2021-06-23 10:02:36,2983.85,816384
2021-06-23 10:02:37,2982.05,816605
2021-06-23 10:02:38,2983.45,816606
2021-06-23 10:02:39,2983.45,816606
2021-06-23 10:02:40,2982.0,816743
2021-06-23 10:02:40,2981.7,816868
2021-06-23 10:02:41,2981.7,816868
2021-06-23 10:02:42,2981.7,816868
2021-06-23 10:02:43,2982.7,816893
2021-06-23 10:02:44,2981.3,817088
2021-06-23 10:02:45,2981.3,817088
2021-06-23 10:02:46,2981.35,817089
2021-06-23 10:02:47,2980.4,817246
2021-06-23 10:02:48,2980.4,817246
2021-06-23 10:02:49,2979.05,818873
2021-06-23 10:02:50,2979.0,818973
2021-06-23 10:02:51,2979.9,819085
2021-06-23 10:02:52,2979.9,819092
2021-06-23 10:02:54,2980.05,819261
2021-06-23 10:02:55,2980.25,819333
2021-06-23 10:02:55,2978.1,819713
2021-06-23 10:02:56,2979.0,819791
2021-06-23 10:02:58,2979.0,819799
2021-06-23 10:02:59,2978.1,819827
2021-06-23 10:03:00,2979.0,819845
2021-06-23 10:03:01,2979.0,819986
2021-06-23 10:03:02,2978.0,820283
2021-06-23 10:03:02,2978.1,820285
2021-06-23 10:03:03,2978.0,820504
2021-06-23 10:03:04,2978.5,820727
2021-06-23 10:03:06,2979.0,821551
2021-06-23 10:03:07,2980.0,821783
2021-06-23 10:03:07,2980.0,821783
2021-06-23 10:03:08,2978.8,821833
2021-06-23 10:03:09,2979.8,822101
2021-06-23 10:03:11,2979.8,822101
2021-06-23 10:03:12,2979.3,822255
2021-06-23 10:03:13,2979.6,822355
2021-06-23 10:03:14,2979.6,822355
2021-06-23 10:03:15,2979.65,822411
2021-06-23 10:03:15,2978.15,822416
2021-06-23 10:03:16,2978.15,822416
2021-06-23 10:03:17,2978.1,822417
2021-06-23 10:03:18,2978.1,822417
2021-06-23 10:03:19,2978.5,822435
2021-06-23 10:03:20,2978.0,822475
2021-06-23 10:03:21,2978.0,822475
2021-06-23 10:03:23,2978.0,822495
2021-06-23 10:03:24,2978.0,822574
2021-06-23 10:03:25,2978.0,822705
2021-06-23 10:03:26,2978.1,822715
2021-06-23 10:03:27,2978.0,822740
2021-06-23 10:03:27,2978.1,822741
2021-06-23 10:03:29,2978.0,822786
2021-06-23 10:03:30,2978.0,823127
2021-06-23 10:03:32,2978.05,823622
2021-06-23 10:03:33,2978.05,823623
2021-06-23 10:03:34,2979.0,823807
2021-06-23 10:03:35,2978.0,823811
2021-06-23 10:03:36,2978.0,823811
2021-06-23 10:03:37,2978.1,823812
2021-06-23 10:03:39,2978.0,823842
2021-06-23 10:03:40,2979.25,823981
2021-06-23 10:03:40,2980.0,824081
2021-06-23 10:03:41,2979.25,824177
2021-06-23 10:03:43,2979.3,824184
2021-06-23 10:03:44,2979.3,824213
2021-06-23 10:03:44,2979.3,824220
2021-06-23 10:03:45,2980.0,824222
2021-06-23 10:03:47,2980.0,824231
2021-06-23 10:03:48,2980.0,824541
2021-06-23 10:03:49,2981.4,824584
2021-06-23 10:03:50,2980.8,824588
2021-06-23 10:03:51,2980.8,824590
2021-06-23 10:03:51,2980.8,824590
2021-06-23 10:03:52,2981.0,824691
2021-06-23 10:03:55,2981.0,824691
2021-06-23 10:03:56,2981.0,824691
2021-06-23 10:03:57,2980.4,824808
2021-06-23 10:03:58,2982.9,825041
2021-06-23 10:03:59,2981.55,825089
2021-06-23 10:04:00,2980.8,825140
2021-06-23 10:04:02,2980.5,825161
2021-06-23 10:04:03,2981.35,825168
2021-06-23 10:04:04,2981.35,825168
2021-06-23 10:04:05,2981.35,825168
2021-06-23 10:04:06,2981.35,825168
2021-06-23 10:04:07,2980.8,825178
2021-06-23 10:04:08,2982.0,825278
2021-06-23 10:04:09,2980.8,825460
2021-06-23 10:04:10,2980.95,825526
2021-06-23 10:04:11,2980.95,825526
2021-06-23 10:04:12,2980.95,825526
2021-06-23 10:04:13,2981.6,825531
2021-06-23 10:04:14,2981.6,825531
2021-06-23 10:04:15,2981.6,825579
2021-06-23 10:04:16,2980.55,825588
2021-06-23 10:04:17,2980.5,825618
2021-06-23 10:04:18,2981.0,825619
2021-06-23 10:04:19,2981.6,825629
2021-06-23 10:04:20,2981.6,825629
2021-06-23 10:04:21,2980.6,825630
2021-06-23 10:04:22,2980.5,825649
2021-06-23 10:04:23,2980.5,825649
2021-06-23 10:04:24,2981.7,825650
2021-06-23 10:04:25,2981.7,825650
2021-06-23 10:04:25,2981.7,825650
2021-06-23 10:04:26,2982.0,826065
2021-06-23 10:04:27,2982.0,826268
2021-06-23 10:04:28,2980.25,826517
2021-06-23 10:04:29,2980.5,826521
2021-06-23 10:04:32,2980.95,827026
2021-06-23 10:04:33,2980.95,827026
2021-06-23 10:04:34,2980.95,827031
2021-06-23 10:04:35,2980.95,827031
2021-06-23 10:04:36,2981.0,827081
2021-06-23 10:04:37,2981.0,827096
2021-06-23 10:04:42,2981.0,827272
2021-06-23 10:04:43,2980.15,827289
2021-06-23 10:04:44,2981.0,827291
2021-06-23 10:04:45,2980.0,827345
2021-06-23 10:04:46,2980.0,827389
2021-06-23 10:04:47,2981.0,827491
2021-06-23 10:04:48,2981.0,827494
2021-06-23 10:04:49,2981.0,827539
2021-06-23 10:04:50,2981.35,827589
2021-06-23 10:04:51,2981.35,827589
2021-06-23 10:04:51,2981.35,827589
2021-06-23 10:04:52,2981.0,827614
2021-06-23 10:04:53,2981.35,827824
2021-06-23 10:04:55,2981.7,827829
2021-06-23 10:04:56,2980.8,827873
2021-06-23 10:04:57,2980.55,827979
2021-06-23 10:04:58,2980.55,827979
2021-06-23 10:04:59,2980.25,828008
2021-06-23 10:05:00,2980.2,828019
2021-06-23 10:05:01,2980.15,828059
2021-06-23 10:05:02,2980.0,828633
2021-06-23 10:05:03,2980.0,828633
2021-06-23 10:05:04,2980.5,828688
2021-06-23 10:05:05,2978.8,828744
2021-06-23 10:05:06,2980.0,828769
2021-06-23 10:05:07,2978.55,828789
2021-06-23 10:05:08,2979.85,828804
2021-06-23 10:05:10,2979.95,828811
2021-06-23 10:05:10,2979.95,828811
2021-06-23 10:05:12,2979.95,828811
2021-06-23 10:05:13,2978.25,828901
2021-06-23 10:05:14,2978.25,828901
2021-06-23 10:05:15,2979.9,828911
2021-06-23 10:05:16,2978.4,828935
2021-06-23 10:05:17,2978.4,828935
2021-06-23 10:05:18,2979.0,828960
2021-06-23 10:05:19,2979.0,828960
2021-06-23 10:05:20,2978.75,828961
2021-06-23 10:05:21,2978.25,829161
2021-06-23 10:05:22,2978.75,829165
2021-06-23 10:05:23,2978.4,829166
2021-06-23 10:05:24,2978.4,829183
2021-06-23 10:05:25,2978.35,829201
2021-06-23 10:05:26,2978.1,829206
2021-06-23 10:05:27,2978.1,829206
2021-06-23 10:05:28,2978.35,829223
2021-06-23 10:05:29,2978.0,829506
2021-06-23 10:05:30,2978.0,829568
2021-06-23 10:05:31,2978.4,829613
2021-06-23 10:05:32,2978.0,829646
2021-06-23 10:05:33,2978.05,829677
2021-06-23 10:05:34,2978.05,829677
2021-06-23 10:05:35,2978.05,829677
2021-06-23 10:05:36,2978.4,829680
2021-06-23 10:05:37,2978.25,829777
2021-06-23 10:05:38,2978.7,829975
2021-06-23 10:05:39,2978.2,829986
2021-06-23 10:05:40,2978.7,830379
2021-06-23 10:05:41,2978.55,830389
2021-06-23 10:05:42,2979.15,830407
2021-06-23 10:05:43,2978.75,830408
2021-06-23 10:05:44,2978.75,830408
2021-06-23 10:05:44,2978.75,830418
2021-06-23 10:05:45,2979.8,830423
2021-06-23 10:05:46,2979.8,830423
2021-06-23 10:05:47,2979.8,830423
2021-06-23 10:05:48,2979.3,830443
2021-06-23 10:05:50,2978.8,830623
2021-06-23 10:05:51,2979.0,830744
2021-06-23 10:05:51,2979.0,830744
2021-06-23 10:05:52,2979.0,830744
2021-06-23 10:05:54,2978.75,830754
2021-06-23 10:05:55,2978.75,830765
2021-06-23 10:05:57,2978.75,830785
2021-06-23 10:05:58,2978.65,831355
2021-06-23 10:06:00,2978.75,831380
2021-06-23 10:06:01,2978.75,831391
2021-06-23 10:06:02,2979.75,831425
2021-06-23 10:06:03,2979.7,831435
2021-06-23 10:06:04,2979.7,831435
2021-06-23 10:06:05,2979.7,831435
2021-06-23 10:06:06,2979.7,831435
2021-06-23 10:06:07,2979.7,831445
2021-06-23 10:06:08,2979.7,831470
2021-06-23 10:06:09,2978.65,831583
2021-06-23 10:06:10,2979.6,831584
2021-06-23 10:06:11,2978.55,831609
2021-06-23 10:06:12,2979.0,831612
2021-06-23 10:06:13,2979.0,831612
2021-06-23 10:06:14,2979.6,831705
2021-06-23 10:06:15,2979.6,831705
2021-06-23 10:06:16,2979.6,831833
2021-06-23 10:06:16,2979.6,831833
2021-06-23 10:06:18,2980.1,833930
2021-06-23 10:06:19,2979.6,834030
2021-06-23 10:06:20,2980.55,834093
2021-06-23 10:06:21,2981.0,834120
2021-06-23 10:06:22,2979.2,834621
2021-06-23 10:06:23,2979.2,834621
2021-06-23 10:06:24,2979.2,834718
2021-06-23 10:06:25,2980.8,834722
2021-06-23 10:06:26,2980.8,834773
2021-06-23 10:06:27,2980.8,834773
2021-06-23 10:06:28,2979.5,834854
2021-06-23 10:06:29,2980.0,835202
2021-06-23 10:06:30,2979.25,835276
2021-06-23 10:06:30,2979.25,835276
2021-06-23 10:06:31,2979.25,835276
2021-06-23 10:06:32,2980.0,835442
2021-06-23 10:06:34,2980.0,835442
2021-06-23 10:06:35,2979.1,835452
2021-06-23 10:06:36,2979.25,835493
2021-06-23 10:06:37,2979.25,835493
2021-06-23 10:06:38,2978.95,835521
2021-06-23 10:06:39,2979.65,835578
2021-06-23 10:06:40,2979.9,835594
2021-06-23 10:06:41,2979.2,835665
2021-06-23 10:06:42,2979.2,835779
2021-06-23 10:06:43,2981.0,836079
2021-06-23 10:06:44,2979.35,836204
2021-06-23 10:06:45,2980.4,836269
2021-06-23 10:06:46,2981.0,836343
2021-06-23 10:06:47,2979.6,836353
2021-06-23 10:06:48,2979.55,836378
2021-06-23 10:06:49,2979.55,836378
2021-06-23 10:06:50,2980.9,836429
2021-06-23 10:06:51,2981.0,836522
2021-06-23 10:06:51,2981.0,836522
2021-06-23 10:06:53,2981.1,836624
2021-06-23 10:06:54,2981.1,836624
2021-06-23 10:06:56,2981.0,836764
2021-06-23 10:06:57,2981.0,836866
2021-06-23 10:06:58,2981.45,837186
2021-06-23 10:06:58,2981.45,837186
2021-06-23 10:06:59,2981.45,837189
2021-06-23 10:07:01,2980.2,837200
2021-06-23 10:07:02,2981.45,837203
2021-06-23 10:07:03,2982.0,837257
2021-06-23 10:07:04,2982.0,837307
2021-06-23 10:07:06,2982.7,837702
2021-06-23 10:07:06,2982.7,837702
2021-06-23 10:07:08,2981.4,837888
2021-06-23 10:07:09,2982.95,837901
2021-06-23 10:07:10,2982.95,837902
2021-06-23 10:07:11,2982.0,837923
2021-06-23 10:07:12,2982.0,837965
2021-06-23 10:07:12,2982.0,837965
2021-06-23 10:07:14,2982.0,838104
2021-06-23 10:07:14,2982.0,838104
2021-06-23 10:07:15,2982.4,838109
2021-06-23 10:07:17,2981.45,838124
2021-06-23 10:07:18,2982.9,838175
2021-06-23 10:07:19,2982.2,838290
2021-06-23 10:07:20,2982.2,838290
2021-06-23 10:07:21,2983.0,838421
2021-06-23 10:07:22,2982.2,838427
2021-06-23 10:07:22,2982.2,838427
2021-06-23 10:07:23,2983.0,838480
2021-06-23 10:07:25,2983.0,838557
2021-06-23 10:07:26,2983.0,838829
2021-06-23 10:07:26,2982.2,838817
2021-06-23 10:07:27,2981.45,839147
2021-06-23 10:07:29,2982.2,839257
2021-06-23 10:07:30,2982.75,839278
2021-06-23 10:07:32,2983.0,839329
2021-06-23 10:07:33,2982.95,839334
2021-06-23 10:07:34,2982.95,839334
2021-06-23 10:07:35,2982.0,839358
2021-06-23 10:07:35,2982.6,839398
2021-06-23 10:07:36,2981.65,839413
2021-06-23 10:07:38,2982.7,839438
2021-06-23 10:07:39,2981.05,839492
2021-06-23 10:07:40,2982.3,839508
2021-06-23 10:07:41,2982.7,839607
2021-06-23 10:07:42,2982.7,839607
2021-06-23 10:07:42,2982.7,839607
2021-06-23 10:07:43,2981.4,839649
2021-06-23 10:07:44,2982.8,839753
2021-06-23 10:07:46,2982.7,839769
2021-06-23 10:07:47,2981.4,839794
2021-06-23 10:07:48,2982.6,839797
2021-06-23 10:07:49,2982.7,839830
2021-06-23 10:07:50,2982.7,839830
2021-06-23 10:07:51,2982.0,839877
2021-06-23 10:07:52,2981.5,839885
2021-06-23 10:07:53,2981.5,839885
2021-06-23 10:07:53,2981.5,839885
2021-06-23 10:07:54,2981.5,839885
2021-06-23 10:07:55,2981.45,839886
2021-06-23 10:07:57,2981.75,839997
