timestamp,ltp,volume
2021-06-23 09:16:26,634.7,182049
2021-06-23 09:16:30,634.65,184637
2021-06-23 09:16:31,634.5,185042
2021-06-23 09:16:32,634.5,185147
2021-06-23 09:16:34,634.65,186457
2021-06-23 09:16:34,634.65,186357
2021-06-23 09:16:36,634.5,186781
2021-06-23 09:16:37,634.65,188356
2021-06-23 09:16:38,634.5,188358
2021-06-23 09:16:40,634.65,188761
2021-06-23 09:16:40,634.65,188761
2021-06-23 09:16:41,634.45,189900
2021-06-23 09:16:42,634.65,190826
2021-06-23 09:16:43,634.5,191263
2021-06-23 09:16:45,634.5,193652
2021-06-23 09:16:45,634.5,193652
2021-06-23 09:16:46,634.7,194762
2021-06-23 09:16:47,634.65,195439
2021-06-23 09:16:48,634.95,199129
2021-06-23 09:16:49,634.95,199972
2021-06-23 09:16:51,634.8,200505
2021-06-23 09:16:51,634.95,200498
2021-06-23 09:16:52,634.95,200740
2021-06-23 09:16:53,634.95,200742
2021-06-23 09:16:54,634.95,201526
2021-06-23 09:16:55,634.95,201571
2021-06-23 09:16:56,634.95,201590
2021-06-23 09:16:58,634.65,202966
2021-06-23 09:16:58,634.55,203665
2021-06-23 09:16:59,634.55,204139
2021-06-23 09:17:00,634.7,205187
2021-06-23 09:17:01,634.7,205420
2021-06-23 09:17:02,634.85,205720
2021-06-23 09:17:04,634.85,205827
2021-06-23 09:17:06,634.85,206785
2021-06-23 09:17:07,634.8,206810
2021-06-23 09:17:09,634.85,207123
2021-06-23 09:17:10,634.85,207657
2021-06-23 09:17:11,634.85,208918
2021-06-23 09:17:12,634.8,209706
2021-06-23 09:17:13,634.6,209861
2021-06-23 09:17:15,634.6,214911
2021-06-23 09:17:15,634.6,214911
2021-06-23 09:17:16,634.7,219339
2021-06-23 09:17:17,634.4,219809
2021-06-23 09:17:18,634.6,220641
2021-06-23 09:17:19,634.7,221158
2021-06-23 09:17:20,634.4,222148
2021-06-23 09:17:21,634.65,222465
2021-06-23 09:17:22,634.4,222531
2021-06-23 09:17:23,634.65,222682
2021-06-23 09:17:24,634.65,222868
2021-06-23 09:17:25,634.5,223117
2021-06-23 09:17:27,634.5,224742
2021-06-23 09:17:27,634.5,224632
2021-06-23 09:17:28,634.6,225901
2021-06-23 09:17:29,634.6,226282
2021-06-23 09:17:30,634.5,227563
2021-06-23 09:17:32,634.5,228436
2021-06-23 09:17:32,634.35,228632
2021-06-23 09:17:34,634.35,228907
2021-06-23 09:17:35,634.25,233265
2021-06-23 09:17:37,633.9,244181
2021-06-23 09:17:37,633.85,244670
2021-06-23 09:17:39,633.9,247361
2021-06-23 09:17:40,633.85,247673
2021-06-23 09:17:42,633.9,247890
2021-06-23 09:17:42,633.9,247890
2021-06-23 09:17:43,633.9,251249
2021-06-23 09:17:44,633.9,251800
2021-06-23 09:17:45,633.9,252844
2021-06-23 09:17:46,633.9,253059
2021-06-23 09:17:48,634.3,256426
2021-06-23 09:17:48,634.3,256426
2021-06-23 09:17:49,634.1,256492
2021-06-23 09:17:50,634.3,257449
2021-06-23 09:17:51,634.3,257449
2021-06-23 09:17:52,634.3,257820
2021-06-23 09:17:54,634.15,258036
2021-06-23 09:17:54,634.3,258047
2021-06-23 09:17:55,634.15,258668
2021-06-23 09:17:56,634.15,258831
2021-06-23 09:17:57,634.15,259012
2021-06-23 09:17:59,634.25,259318
2021-06-23 09:17:59,634.25,259320
2021-06-23 09:18:00,634.3,260766
2021-06-23 09:18:01,634.25,261961
2021-06-23 09:18:02,634.35,266060
2021-06-23 09:18:04,634.15,266663
2021-06-23 09:18:04,634.2,267289
2021-06-23 09:18:05,633.9,269166
2021-06-23 09:18:06,634.15,270639
2021-06-23 09:18:07,634.0,270951
2021-06-23 09:18:08,634.0,271265
2021-06-23 09:18:09,633.9,271487
2021-06-23 09:18:11,633.75,272058
2021-06-23 09:18:11,634.05,272059
2021-06-23 09:18:12,633.85,272374
2021-06-23 09:18:13,633.9,273487
2021-06-23 09:18:14,633.9,274040
2021-06-23 09:18:16,633.7,274674
2021-06-23 09:18:16,633.7,274674
2021-06-23 09:18:17,633.75,275214
2021-06-23 09:18:18,633.7,275491
2021-06-23 09:18:19,633.7,276235
2021-06-23 09:18:20,633.85,280257
2021-06-23 09:18:22,633.85,282415
2021-06-23 09:18:22,633.85,282417
2021-06-23 09:18:23,633.85,282450
2021-06-23 09:18:24,633.75,282846
2021-06-23 09:18:25,634.15,284878
2021-06-23 09:18:27,633.75,286205
2021-06-23 09:18:27,633.75,286205
2021-06-23 09:18:28,633.75,286766
2021-06-23 09:18:29,633.55,287896
2021-06-23 09:18:32,633.7,288407
2021-06-23 09:18:32,633.5,288157
2021-06-23 09:18:33,633.45,289221
2021-06-23 09:18:34,633.4,289519
2021-06-23 09:18:36,633.4,289671
2021-06-23 09:18:37,633.4,289810
2021-06-23 09:18:37,633.4,289810
2021-06-23 09:18:38,633.4,290680
2021-06-23 09:18:39,633.4,293285
2021-06-23 09:18:41,633.35,294060
2021-06-23 09:18:42,633.3,304794
2021-06-23 09:18:43,633.3,305619
2021-06-23 09:18:43,633.3,305975
2021-06-23 09:18:44,633.25,306731
2021-06-23 09:18:45,633.25,308219
2021-06-23 09:18:47,633.25,311294
2021-06-23 09:18:48,633.3,312526
2021-06-23 09:18:48,633.3,312521
2021-06-23 09:18:49,633.25,314029
2021-06-23 09:18:50,633.25,314701
2021-06-23 09:18:51,633.25,317401
2021-06-23 09:18:52,633.05,317729
2021-06-23 09:18:53,633.0,318265
2021-06-23 09:18:54,633.05,318753
2021-06-23 09:18:56,633.05,318955
2021-06-23 09:18:57,633.0,320244
2021-06-23 09:18:58,632.8,320364
2021-06-23 09:18:58,632.8,320364
2021-06-23 09:18:59,632.8,321047
2021-06-23 09:19:00,632.5,321552
2021-06-23 09:19:02,632.4,324274
2021-06-23 09:19:03,632.2,324764
2021-06-23 09:19:03,632.45,324760
2021-06-23 09:19:05,632.3,325845
2021-06-23 09:19:09,632.4,328539
2021-06-23 09:19:10,632.5,330357
2021-06-23 09:19:11,632.75,332434
2021-06-23 09:19:12,632.55,332749
2021-06-23 09:19:14,632.65,332799
2021-06-23 09:19:15,632.75,332813
2021-06-23 09:19:16,632.8,333053
2021-06-23 09:19:16,632.75,333376
2021-06-23 09:19:17,633.0,334211
2021-06-23 09:19:18,633.0,334241
2021-06-23 09:19:19,632.9,334733
2021-06-23 09:19:21,632.85,335112
2021-06-23 09:19:22,633.0,336646
2021-06-23 09:19:23,632.85,337238
2021-06-23 09:19:23,632.85,337238
2021-06-23 09:19:24,632.8,337957
2021-06-23 09:19:25,632.95,338420
2021-06-23 09:19:26,632.85,338671
2021-06-23 09:19:27,632.65,339215
2021-06-23 09:19:29,632.65,339443
2021-06-23 09:19:30,632.65,339848
2021-06-23 09:19:31,632.65,340070
2021-06-23 09:19:32,632.5,340323
2021-06-23 09:19:33,632.4,342603
2021-06-23 09:19:34,632.15,343418
2021-06-23 09:19:36,632.1,343445
2021-06-23 09:19:37,632.1,343909
2021-06-23 09:19:37,632.15,344047
2021-06-23 09:19:38,632.35,344494
2021-06-23 09:19:39,632.15,345055
2021-06-23 09:19:40,632.2,346345
2021-06-23 09:19:42,632.15,348529
2021-06-23 09:19:43,632.15,349147
2021-06-23 09:19:45,632.4,350471
2021-06-23 09:19:47,632.4,350890
2021-06-23 09:19:48,632.15,352915
2021-06-23 09:19:48,632.15,352915
2021-06-23 09:19:49,632.3,353039
2021-06-23 09:19:50,632.5,353111
2021-06-23 09:19:51,632.2,354275
2021-06-23 09:19:53,632.2,354523
2021-06-23 09:19:54,632.2,355450
2021-06-23 09:19:55,632.4,355656
2021-06-23 09:19:55,632.45,355746
2021-06-23 09:19:56,632.45,355977
2021-06-23 09:19:57,632.45,356028
2021-06-23 09:19:59,632.3,356097
2021-06-23 09:20:00,632.45,356198
2021-06-23 09:20:01,632.3,356385
2021-06-23 09:20:02,632.45,356530
2021-06-23 09:20:04,632.35,356646
2021-06-23 09:20:05,632.45,356855
2021-06-23 09:20:05,632.45,356975
2021-06-23 09:20:07,632.3,357663
2021-06-23 09:20:09,632.3,358215
2021-06-23 09:20:10,632.45,358915
2021-06-23 09:20:10,632.45,358915
2021-06-23 09:20:11,632.35,359258
2021-06-23 09:20:12,632.4,360826
2021-06-23 09:20:13,632.3,361246
2021-06-23 09:20:15,632.4,361905
2021-06-23 09:20:16,632.4,362241
2021-06-23 09:20:16,632.4,362241
2021-06-23 09:20:18,632.4,363767
2021-06-23 09:20:20,632.4,363767
2021-06-23 09:20:21,632.4,363993
2021-06-23 09:20:21,632.4,363993
2021-06-23 09:20:22,632.45,364108
2021-06-23 09:20:23,632.5,365584
2021-06-23 09:20:25,632.4,365618
2021-06-23 09:20:26,632.45,365620
2021-06-23 09:20:27,632.4,365890
2021-06-23 09:20:28,632.35,366010
2021-06-23 09:20:29,632.4,366192
2021-06-23 09:20:30,632.3,366492
2021-06-23 09:20:31,632.3,366525
2021-06-23 09:20:32,632.4,366850
2021-06-23 09:20:33,632.3,369763
2021-06-23 09:20:34,632.3,369763
2021-06-23 09:20:35,632.2,369788
2021-06-23 09:20:36,632.2,370098
2021-06-23 09:20:37,632.25,370171
2021-06-23 09:20:39,632.4,372756
2021-06-23 09:20:40,632.4,373614
2021-06-23 09:20:41,632.4,374912
2021-06-23 09:20:42,633.0,378443
2021-06-23 09:20:43,632.75,378999
2021-06-23 09:20:44,632.75,379009
2021-06-23 09:20:45,632.75,379691
2021-06-23 09:20:46,632.9,379791
2021-06-23 09:20:47,632.7,379829
2021-06-23 09:20:48,632.6,380074
2021-06-23 09:20:49,632.85,380089
2021-06-23 09:20:49,632.85,380089
2021-06-23 09:20:50,632.6,380101
2021-06-23 09:20:51,632.65,380399
2021-06-23 09:20:52,632.45,380924
2021-06-23 09:20:53,632.4,382083
2021-06-23 09:20:54,632.45,382358
2021-06-23 09:20:55,632.4,382702
2021-06-23 09:20:56,632.5,382977
2021-06-23 09:20:57,632.55,383179
2021-06-23 09:20:58,632.5,383617
2021-06-23 09:20:59,632.4,383677
2021-06-23 09:21:00,632.35,383987
2021-06-23 09:21:01,632.35,384638
2021-06-23 09:21:02,632.35,384763
2021-06-23 09:21:04,632.35,385688
2021-06-23 09:21:06,632.2,387348
2021-06-23 09:21:08,632.15,391930
2021-06-23 09:21:09,631.9,408011
2021-06-23 09:21:10,631.9,408290
2021-06-23 09:21:11,631.9,409166
2021-06-23 09:21:14,631.7,410126
2021-06-23 09:21:15,631.75,412200
2021-06-23 09:21:16,631.9,412533
2021-06-23 09:21:16,631.8,412413
2021-06-23 09:21:17,631.85,417088
2021-06-23 09:21:18,632.2,423164
2021-06-23 09:21:19,631.9,423672
2021-06-23 09:21:20,632.1,423894
2021-06-23 09:21:21,632.2,425159
2021-06-23 09:21:22,632.2,426004
2021-06-23 09:21:23,632.2,426218
2021-06-23 09:21:24,632.05,426855
2021-06-23 09:21:25,632.05,426905
2021-06-23 09:21:26,632.0,427186
2021-06-23 09:21:27,632.0,427186
2021-06-23 09:21:28,632.2,427358
2021-06-23 09:21:29,632.0,427369
2021-06-23 09:21:30,632.15,427512
2021-06-23 09:21:31,632.0,427574
2021-06-23 09:21:32,632.15,427707
2021-06-23 09:21:33,632.15,427861
2021-06-23 09:21:34,632.15,428006
2021-06-23 09:21:35,632.15,429978
2021-06-23 09:21:36,632.15,429978
2021-06-23 09:21:38,632.15,431966
2021-06-23 09:21:39,632.2,432090
2021-06-23 09:21:40,632.2,432096
2021-06-23 09:21:41,632.15,433047
2021-06-23 09:21:42,632.15,433047
2021-06-23 09:21:43,632.2,433197
2021-06-23 09:21:44,632.7,436067
2021-06-23 09:21:45,632.35,436606
2021-06-23 09:21:46,632.3,439182
2021-06-23 09:21:47,632.2,439736
2021-06-23 09:21:48,632.25,441144
2021-06-23 09:21:49,632.2,442279
2021-06-23 09:21:50,632.25,442599
2021-06-23 09:21:51,632.25,443228
2021-06-23 09:21:52,632.0,443436
2021-06-23 09:21:53,631.95,445793
2021-06-23 09:21:54,631.95,445797
2021-06-23 09:21:55,632.0,446584
2021-06-23 09:21:56,631.95,446824
2021-06-23 09:21:57,632.0,446916
2021-06-23 09:21:58,631.9,448098
2021-06-23 09:21:59,632.0,449000
2021-06-23 09:22:00,631.75,449224
2021-06-23 09:22:01,631.8,449955
2021-06-23 09:22:02,631.6,452526
2021-06-23 09:22:03,631.75,453190
2021-06-23 09:22:04,631.75,453240
2021-06-23 09:22:05,631.75,453716
2021-06-23 09:22:06,631.75,453776
2021-06-23 09:22:07,631.75,453786
2021-06-23 09:22:08,631.75,456770
2021-06-23 09:22:09,631.75,457939
2021-06-23 09:22:10,631.95,459825
2021-06-23 09:22:11,631.95,460175
2021-06-23 09:22:12,632.0,460569
2021-06-23 09:22:13,632.0,460783
2021-06-23 09:22:14,632.0,460823
2021-06-23 09:22:15,632.0,461175
2021-06-23 09:22:16,631.95,461907
2021-06-23 09:22:17,631.8,461957
2021-06-23 09:22:18,631.75,462686
2021-06-23 09:22:19,631.8,463469
2021-06-23 09:22:20,631.65,465007
2021-06-23 09:22:21,631.85,465057
2021-06-23 09:22:22,631.85,465526
2021-06-23 09:22:23,631.85,466037
2021-06-23 09:22:24,631.8,467303
2021-06-23 09:22:25,631.8,467433
2021-06-23 09:22:26,631.8,467960
2021-06-23 09:22:27,631.8,468012
2021-06-23 09:22:28,631.75,468146
2021-06-23 09:22:29,631.75,469462
2021-06-23 09:22:30,631.8,471239
2021-06-23 09:22:31,631.8,471564
2021-06-23 09:22:33,631.8,471786
2021-06-23 09:22:34,631.8,472793
2021-06-23 09:22:35,631.8,473411
2021-06-23 09:22:36,631.85,473699
2021-06-23 09:22:37,631.65,474077
2021-06-23 09:22:38,631.8,474899
2021-06-23 09:22:39,632.0,475630
2021-06-23 09:22:40,631.8,475890
2021-06-23 09:22:41,631.75,475980
2021-06-23 09:22:42,631.8,475985
2021-06-23 09:22:43,631.8,475998
2021-06-23 09:22:45,631.8,476108
2021-06-23 09:22:46,631.8,476265
2021-06-23 09:22:48,631.8,478968
2021-06-23 09:22:49,631.8,480620
2021-06-23 09:22:50,631.8,481478
2021-06-23 09:22:51,631.8,481678
2021-06-23 09:22:52,631.8,481828
2021-06-23 09:22:53,631.75,482329
2021-06-23 09:22:54,631.75,482379
2021-06-23 09:22:55,631.75,482432
2021-06-23 09:22:56,631.75,482432
2021-06-23 09:22:57,631.75,484001
2021-06-23 09:22:58,631.65,484534
2021-06-23 09:22:59,631.6,487788
2021-06-23 09:23:00,631.2,495913
2021-06-23 09:23:02,631.45,498590
2021-06-23 09:23:03,631.2,499533
2021-06-23 09:23:04,631.6,500292
2021-06-23 09:23:05,631.6,500300
2021-06-23 09:23:06,631.6,500811
2021-06-23 09:23:07,631.45,501119
2021-06-23 09:23:08,631.45,502382
2021-06-23 09:23:09,631.45,502512
2021-06-23 09:23:10,631.45,502710
2021-06-23 09:23:11,631.4,503218
2021-06-23 09:23:12,631.4,503218
2021-06-23 09:23:13,631.35,503233
2021-06-23 09:23:13,631.2,503346
2021-06-23 09:23:14,631.35,505625
2021-06-23 09:23:15,631.25,505825
2021-06-23 09:23:16,631.45,505876
2021-06-23 09:23:17,631.25,505996
2021-06-23 09:23:18,631.5,507558
2021-06-23 09:23:20,631.35,508123
2021-06-23 09:23:21,631.35,508520
2021-06-23 09:23:22,631.45,509821
2021-06-23 09:23:23,631.45,510065
2021-06-23 09:23:24,631.45,510265
2021-06-23 09:23:24,631.45,510267
2021-06-23 09:23:25,631.5,510592
2021-06-23 09:23:26,631.5,510998
2021-06-23 09:23:27,631.45,511437
2021-06-23 09:23:28,631.25,515739
2021-06-23 09:23:29,631.25,517621
2021-06-23 09:23:30,631.0,519178
2021-06-23 09:23:31,631.2,520081
2021-06-23 09:23:32,631.2,520087
2021-06-23 09:23:33,631.25,520700
2021-06-23 09:23:34,631.0,531454
2021-06-23 09:23:35,631.05,532665
2021-06-23 09:23:36,631.05,534595
2021-06-23 09:23:37,631.25,534600
2021-06-23 09:23:38,631.25,534840
2021-06-23 09:23:39,631.45,535210
2021-06-23 09:23:40,631.25,536499
2021-06-23 09:23:41,631.25,536499
2021-06-23 09:23:42,631.2,537539
2021-06-23 09:23:44,631.25,537784
2021-06-23 09:23:45,631.1,537886
2021-06-23 09:23:46,631.2,537925
2021-06-23 09:23:47,631.2,537927
2021-06-23 09:23:48,631.1,537937
2021-06-23 09:23:49,631.1,538499
2021-06-23 09:23:50,631.2,538560
2021-06-23 09:23:51,631.1,539242
2021-06-23 09:23:52,631.15,542008
2021-06-23 09:23:53,631.1,542749
2021-06-23 09:23:55,631.1,548430
2021-06-23 09:23:56,631.2,548611
2021-06-23 09:23:57,631.2,549011
2021-06-23 09:23:58,631.2,549161
2021-06-23 09:23:59,631.15,549762
2021-06-23 09:24:00,631.35,549918
2021-06-23 09:24:01,631.15,551004
2021-06-23 09:24:02,631.2,551031
2021-06-23 09:24:03,631.15,551241
2021-06-23 09:24:04,631.2,551347
2021-06-23 09:24:05,631.05,551864
2021-06-23 09:24:07,631.15,551890
2021-06-23 09:24:08,631.55,557385
2021-06-23 09:24:08,631.15,551907
2021-06-23 09:24:09,631.35,557503
2021-06-23 09:24:11,631.35,558409
2021-06-23 09:24:11,631.4,558509
2021-06-23 09:24:12,631.35,558826
2021-06-23 09:24:13,631.4,558854
2021-06-23 09:24:14,631.4,559075
2021-06-23 09:24:15,631.5,561721
2021-06-23 09:24:16,631.65,561838
2021-06-23 09:24:17,631.75,563495
2021-06-23 09:24:18,631.75,565059
2021-06-23 09:24:19,631.75,565059
2021-06-23 09:24:20,631.85,565063
2021-06-23 09:24:21,632.0,566438
2021-06-23 09:24:22,631.95,566553
2021-06-23 09:24:23,631.95,566904
2021-06-23 09:24:24,631.9,567555
2021-06-23 09:24:25,631.9,567811
2021-06-23 09:24:26,632.05,570794
2021-06-23 09:24:27,632.2,571307
2021-06-23 09:24:28,632.0,571327
2021-06-23 09:24:30,632.0,571331
2021-06-23 09:24:31,632.25,572366
2021-06-23 09:24:32,632.0,572750
2021-06-23 09:24:33,632.15,572800
2021-06-23 09:24:35,631.95,574414
2021-06-23 09:24:37,631.85,575274
2021-06-23 09:24:38,631.95,575294
2021-06-23 09:24:39,631.95,575307
2021-06-23 09:24:40,632.0,575905
2021-06-23 09:24:41,632.2,576346
2021-06-23 09:24:43,632.1,577315
2021-06-23 09:24:44,632.1,577416
2021-06-23 09:24:45,632.1,577471
2021-06-23 09:24:46,632.1,577975
2021-06-23 09:24:47,632.1,577976
2021-06-23 09:24:48,632.15,578476
2021-06-23 09:24:49,632.05,579295
2021-06-23 09:24:50,632.05,579520
2021-06-23 09:24:51,632.2,579570
2021-06-23 09:24:52,632.1,579600
2021-06-23 09:24:53,632.1,579770
2021-06-23 09:24:55,632.15,589981
2021-06-23 09:24:56,632.15,590825
2021-06-23 09:24:57,632.15,590958
2021-06-23 09:24:58,632.2,590961
2021-06-23 09:24:59,632.15,591819
2021-06-23 09:25:00,632.15,591819
2021-06-23 09:25:01,632.15,591954
2021-06-23 09:25:02,632.15,592447
2021-06-23 09:25:03,632.15,592497
2021-06-23 09:25:04,632.15,592760
2021-06-23 09:25:06,632.1,594667
2021-06-23 09:25:07,632.1,594877
2021-06-23 09:25:08,632.15,594902
2021-06-23 09:25:09,632.15,594932
2021-06-23 09:25:11,632.4,596765
2021-06-23 09:25:12,632.4,596816
2021-06-23 09:25:13,632.4,596845
2021-06-23 09:25:14,632.4,596845
2021-06-23 09:25:16,632.45,599281
2021-06-23 09:25:17,632.7,599325
2021-06-23 09:25:18,632.7,599625
2021-06-23 09:25:19,632.55,599967
2021-06-23 09:25:20,632.75,599992
2021-06-23 09:25:21,632.75,599997
2021-06-23 09:25:22,632.7,600155
2021-06-23 09:25:23,632.7,600276
2021-06-23 09:25:24,632.75,601169
2021-06-23 09:25:25,632.95,602338
2021-06-23 09:25:26,632.95,602740
2021-06-23 09:25:27,632.95,602740
2021-06-23 09:25:28,632.95,602740
2021-06-23 09:25:29,632.75,603340
2021-06-23 09:25:30,632.75,603635
2021-06-23 09:25:31,632.95,603943
2021-06-23 09:25:32,632.95,603950
2021-06-23 09:25:33,632.95,604407
2021-06-23 09:25:34,632.9,604501
2021-06-23 09:25:35,633.0,605837
2021-06-23 09:25:36,633.05,606191
2021-06-23 09:25:37,633.05,606894
2021-06-23 09:25:38,633.0,607099
2021-06-23 09:25:39,633.2,607142
2021-06-23 09:25:40,633.05,607197
2021-06-23 09:25:43,633.1,608188
2021-06-23 09:25:46,633.3,609734
2021-06-23 09:25:47,633.35,610789
2021-06-23 09:25:49,633.4,614947
2021-06-23 09:25:50,633.2,615068
2021-06-23 09:25:51,633.1,621481
2021-06-23 09:25:52,633.3,621616
2021-06-23 09:25:53,633.05,621836
2021-06-23 09:25:54,633.25,622168
2021-06-23 09:25:55,633.0,622690
2021-06-23 09:25:56,633.2,622693
2021-06-23 09:25:57,633.0,623064
2021-06-23 09:25:58,633.0,623064
2021-06-23 09:25:59,633.0,626475
2021-06-23 09:26:00,633.0,626478
2021-06-23 09:26:01,633.1,626522
2021-06-23 09:26:02,633.1,626960
2021-06-23 09:26:03,633.1,627163
2021-06-23 09:26:04,633.05,627417
2021-06-23 09:26:05,633.05,627417
2021-06-23 09:26:06,633.0,627757
2021-06-23 09:26:07,633.0,628092
2021-06-23 09:26:08,633.0,628665
2021-06-23 09:26:09,633.0,628676
2021-06-23 09:26:10,633.0,629349
2021-06-23 09:26:11,633.4,632460
2021-06-23 09:26:12,633.2,632666
2021-06-23 09:26:13,633.25,634766
2021-06-23 09:26:14,633.25,634766
2021-06-23 09:26:15,633.25,634910
2021-06-23 09:26:16,633.4,635520
2021-06-23 09:26:17,633.4,635527
2021-06-23 09:26:18,633.45,637984
2021-06-23 09:26:19,633.4,638891
2021-06-23 09:26:20,633.4,639245
2021-06-23 09:26:21,633.35,640350
2021-06-23 09:26:22,633.4,642945
2021-06-23 09:26:23,633.5,643560
2021-06-23 09:26:24,633.5,643560
2021-06-23 09:26:25,633.35,643734
2021-06-23 09:26:26,633.45,643834
2021-06-23 09:26:28,633.45,643875
2021-06-23 09:26:29,633.45,643875
2021-06-23 09:26:30,633.65,646925
2021-06-23 09:26:31,633.45,649110
2021-06-23 09:26:32,633.6,649260
2021-06-23 09:26:33,633.6,649287
2021-06-23 09:26:34,633.6,649287
2021-06-23 09:26:35,633.65,649673
2021-06-23 09:26:36,633.5,649724
2021-06-23 09:26:37,633.6,650274
2021-06-23 09:26:38,633.6,650784
2021-06-23 09:26:39,633.6,651184
2021-06-23 09:26:40,633.5,652264
2021-06-23 09:26:41,633.6,652691
2021-06-23 09:26:42,633.5,653011
2021-06-23 09:26:43,633.55,653128
2021-06-23 09:26:44,633.6,653228
2021-06-23 09:26:45,633.55,653432
2021-06-23 09:26:46,633.55,653482
2021-06-23 09:26:47,633.5,654069
2021-06-23 09:26:48,633.55,654171
2021-06-23 09:26:49,633.55,654761
2021-06-23 09:26:50,633.55,654811
2021-06-23 09:26:51,633.55,654811
2021-06-23 09:26:52,633.45,654951
2021-06-23 09:26:53,633.55,654981
2021-06-23 09:26:54,633.55,655522
2021-06-23 09:26:55,633.45,656022
2021-06-23 09:26:56,633.55,656118
2021-06-23 09:26:57,633.55,656207
2021-06-23 09:26:58,633.55,656258
2021-06-23 09:26:59,633.55,656278
2021-06-23 09:27:00,633.5,656686
2021-06-23 09:27:01,633.55,657733
2021-06-23 09:27:02,633.45,657830
2021-06-23 09:27:03,633.45,657835
2021-06-23 09:27:04,633.5,657859
2021-06-23 09:27:05,633.5,658379
2021-06-23 09:27:06,633.5,658586
2021-06-23 09:27:07,633.5,658631
2021-06-23 09:27:08,633.5,658731
2021-06-23 09:27:09,633.5,658923
2021-06-23 09:27:10,633.5,658929
2021-06-23 09:27:11,633.5,658967
2021-06-23 09:27:12,633.5,658967
2021-06-23 09:27:13,633.4,664829
2021-06-23 09:27:14,633.4,666394
2021-06-23 09:27:16,633.4,666499
2021-06-23 09:27:17,633.4,666500
2021-06-23 09:27:18,633.3,666510
2021-06-23 09:27:18,633.35,666580
2021-06-23 09:27:19,633.35,667550
2021-06-23 09:27:20,633.2,667674
2021-06-23 09:27:21,633.35,668232
2021-06-23 09:27:22,633.35,668258
2021-06-23 09:27:23,633.35,669563
2021-06-23 09:27:24,633.4,669587
2021-06-23 09:27:25,633.35,669652
2021-06-23 09:27:26,633.4,669674
2021-06-23 09:27:27,633.3,669771
2021-06-23 09:27:28,633.3,669906
2021-06-23 09:27:29,633.4,669911
2021-06-23 09:27:30,633.35,672111
2021-06-23 09:27:31,633.35,672332
2021-06-23 09:27:32,633.25,672458
2021-06-23 09:27:33,633.35,672617
2021-06-23 09:27:34,633.3,673017
2021-06-23 09:27:35,633.35,675049
2021-06-23 09:27:36,633.35,675065
2021-06-23 09:27:37,633.3,675195
2021-06-23 09:27:38,633.3,675284
2021-06-23 09:27:40,633.3,676127
2021-06-23 09:27:41,633.35,676169
2021-06-23 09:27:42,633.3,676284
2021-06-23 09:27:43,633.3,676709
2021-06-23 09:27:44,633.3,676940
2021-06-23 09:27:45,633.2,677491
2021-06-23 09:27:46,633.3,677591
2021-06-23 09:27:47,633.3,677592
2021-06-23 09:27:49,633.3,677603
2021-06-23 09:27:49,633.3,677603
2021-06-23 09:27:50,633.3,677603
2021-06-23 09:27:51,633.2,677780
2021-06-23 09:27:52,633.3,677800
2021-06-23 09:27:53,633.2,677833
2021-06-23 09:27:54,633.2,677833
2021-06-23 09:27:55,633.3,677849
2021-06-23 09:27:56,633.3,677849
2021-06-23 09:27:57,633.25,678151
2021-06-23 09:27:58,633.2,678810
2021-06-23 09:27:59,633.25,678812
2021-06-23 09:28:00,633.25,679555
2021-06-23 09:28:01,633.25,679699
2021-06-23 09:28:02,633.25,679699
2021-06-23 09:28:04,633.25,679837
2021-06-23 09:28:05,633.2,679937
2021-06-23 09:28:06,633.2,679987
2021-06-23 09:28:07,633.2,680087
2021-06-23 09:28:08,633.25,680132
2021-06-23 09:28:09,633.25,680234
2021-06-23 09:28:10,633.2,680282
2021-06-23 09:28:11,633.25,680283
2021-06-23 09:28:12,633.25,680347
2021-06-23 09:28:14,633.2,680447
2021-06-23 09:28:15,633.25,680952
2021-06-23 09:28:16,633.25,680952
2021-06-23 09:28:17,633.25,681002
2021-06-23 09:28:18,633.15,681338
2021-06-23 09:28:19,633.05,681440
2021-06-23 09:28:20,633.2,681540
2021-06-23 09:28:21,633.2,681580
2021-06-23 09:28:22,633.2,681690
2021-06-23 09:28:23,633.2,681790
2021-06-23 09:28:24,633.05,681863
2021-06-23 09:28:24,633.2,681873
2021-06-23 09:28:25,633.2,681885
2021-06-23 09:28:26,633.2,681885
2021-06-23 09:28:27,633.2,681960
2021-06-23 09:28:28,633.2,681960
2021-06-23 09:28:29,633.15,682822
2021-06-23 09:28:30,633.15,682848
2021-06-23 09:28:31,633.2,682973
2021-06-23 09:28:32,633.15,683028
2021-06-23 09:28:35,633.25,684705
2021-06-23 09:28:36,633.25,684705
2021-06-23 09:28:37,633.25,684705
2021-06-23 09:28:38,633.25,684730
2021-06-23 09:28:39,633.25,684958
2021-06-23 09:28:41,633.3,686651
2021-06-23 09:28:42,633.25,686708
2021-06-23 09:28:43,633.25,686708
2021-06-23 09:28:44,633.25,687352
2021-06-23 09:28:45,633.25,687364
2021-06-23 09:28:46,633.25,687495
2021-06-23 09:28:47,633.25,687501
2021-06-23 09:28:47,633.25,687501
2021-06-23 09:28:48,633.3,687924
2021-06-23 09:28:49,633.2,687973
2021-06-23 09:28:50,633.3,688074
2021-06-23 09:28:51,633.15,705551
2021-06-23 09:28:52,633.15,706186
2021-06-23 09:28:53,633.15,706208
2021-06-23 09:28:54,633.0,708328
2021-06-23 09:28:55,633.15,708728
2021-06-23 09:28:56,633.15,709110
2021-06-23 09:28:57,633.15,709110
2021-06-23 09:28:58,633.15,709110
2021-06-23 09:29:00,633.0,709167
2021-06-23 09:29:01,633.15,709214
2021-06-23 09:29:01,633.15,709214
2021-06-23 09:29:02,633.1,709324
2021-06-23 09:29:03,633.1,710255
2021-06-23 09:29:04,633.05,710398
2021-06-23 09:29:05,633.05,710398
2021-06-23 09:29:06,633.05,710421
2021-06-23 09:29:07,633.1,710436
2021-06-23 09:29:08,633.1,710436
2021-06-23 09:29:09,633.0,710716
2021-06-23 09:29:10,633.05,711949
2021-06-23 09:29:12,633.0,712617
2021-06-23 09:29:14,632.9,712871
2021-06-23 09:29:15,632.9,712932
2021-06-23 09:29:15,633.0,712936
2021-06-23 09:29:16,632.9,713004
2021-06-23 09:29:17,632.85,713179
2021-06-23 09:29:18,632.9,713184
2021-06-23 09:29:19,632.9,713294
2021-06-23 09:29:21,632.9,713330
2021-06-23 09:29:22,632.85,713401
2021-06-23 09:29:23,632.9,713881
2021-06-23 09:29:24,632.75,715467
2021-06-23 09:29:25,632.75,715490
2021-06-23 09:29:26,632.85,715690
2021-06-23 09:29:28,632.85,715700
2021-06-23 09:29:29,632.75,716289
2021-06-23 09:29:30,632.5,716346
2021-06-23 09:29:31,632.5,716350
2021-06-23 09:29:33,632.55,716609
2021-06-23 09:29:37,632.7,719029
2021-06-23 09:29:38,632.7,719256
2021-06-23 09:29:40,632.65,719541
2021-06-23 09:29:40,632.65,719551
2021-06-23 09:29:41,632.7,719654
2021-06-23 09:29:42,632.7,719654
2021-06-23 09:29:43,632.7,719700
2021-06-23 09:29:44,632.7,719758
2021-06-23 09:29:46,632.5,719838
2021-06-23 09:29:48,632.5,719955
2021-06-23 09:29:48,632.5,719955
2021-06-23 09:29:49,632.45,719994
2021-06-23 09:29:50,632.0,721460
2021-06-23 09:29:51,632.15,722180
2021-06-23 09:29:52,632.35,722283
2021-06-23 09:29:53,632.15,722683
2021-06-23 09:29:54,632.15,722783
2021-06-23 09:29:55,632.25,722962
2021-06-23 09:29:56,632.35,722992
2021-06-23 09:29:57,632.25,724103
2021-06-23 09:29:58,632.25,724187
2021-06-23 09:30:00,632.35,724925
2021-06-23 09:30:03,632.5,727092
2021-06-23 09:30:05,632.5,727199
2021-06-23 09:30:06,632.55,727281
2021-06-23 09:30:06,632.55,727281
2021-06-23 09:30:07,632.35,727351
2021-06-23 09:30:08,632.35,727351
2021-06-23 09:30:09,632.5,727464
2021-06-23 09:30:11,632.5,728288
2021-06-23 09:30:12,632.6,728589
2021-06-23 09:30:13,632.5,728639
2021-06-23 09:30:14,632.5,735583
2021-06-23 09:30:15,632.4,739569
2021-06-23 09:30:17,632.35,740605
2021-06-23 09:30:19,632.35,741218
2021-06-23 09:30:20,632.25,741378
2021-06-23 09:30:21,632.15,741488
2021-06-23 09:30:22,632.15,741588
2021-06-23 09:30:23,632.05,747902
2021-06-23 09:30:24,632.0,747928
2021-06-23 09:30:24,632.0,747928
2021-06-23 09:30:25,631.7,751529
2021-06-23 09:30:26,631.7,753705
2021-06-23 09:30:27,631.85,754062
2021-06-23 09:30:28,631.6,754581
2021-06-23 09:30:29,631.8,754656
2021-06-23 09:30:30,631.85,754657
2021-06-23 09:30:31,631.85,756146
2021-06-23 09:30:35,632.4,757163
2021-06-23 09:30:36,632.25,757220
2021-06-23 09:30:37,632.3,757313
2021-06-23 09:30:38,632.25,757515
2021-06-23 09:30:40,632.35,758001
2021-06-23 09:30:41,632.45,758031
2021-06-23 09:30:42,632.45,758031
2021-06-23 09:30:43,632.4,758032
2021-06-23 09:30:44,632.45,758374
2021-06-23 09:30:45,632.45,758374
2021-06-23 09:30:46,632.4,758414
2021-06-23 09:30:47,632.3,758739
2021-06-23 09:30:48,632.0,758963
2021-06-23 09:30:49,632.0,759083
2021-06-23 09:30:50,632.0,759083
2021-06-23 09:30:51,632.05,759508
2021-06-23 09:30:52,632.0,760186
2021-06-23 09:30:53,632.05,760195
2021-06-23 09:30:53,632.05,760195
2021-06-23 09:30:54,632.05,760595
2021-06-23 09:30:55,632.0,760617
2021-06-23 09:30:56,632.05,760619
2021-06-23 09:30:58,632.0,762010
2021-06-23 09:30:59,632.0,762010
2021-06-23 09:31:00,631.85,762135
2021-06-23 09:31:01,631.8,762327
2021-06-23 09:31:02,631.8,762388
2021-06-23 09:31:03,631.75,762493
2021-06-23 09:31:04,631.75,762526
2021-06-23 09:31:05,631.85,763837
2021-06-23 09:31:06,631.85,763837
2021-06-23 09:31:08,631.9,764445
2021-06-23 09:31:09,632.0,764446
2021-06-23 09:31:10,632.0,764446
2021-06-23 09:31:11,631.95,764484
2021-06-23 09:31:12,631.95,765104
2021-06-23 09:31:13,631.85,765209
2021-06-23 09:31:14,631.8,766113
2021-06-23 09:31:15,631.8,766139
2021-06-23 09:31:16,631.75,766679
2021-06-23 09:31:17,631.75,767303
2021-06-23 09:31:18,631.85,767652
2021-06-23 09:31:20,632.4,769354
2021-06-23 09:31:21,632.4,769354
2021-06-23 09:31:22,632.4,769354
2021-06-23 09:31:24,632.2,769396
2021-06-23 09:31:25,632.25,769697
2021-06-23 09:31:26,632.25,770790
2021-06-23 09:31:27,632.3,770960
2021-06-23 09:31:28,632.4,772238
2021-06-23 09:31:29,632.4,772440
2021-06-23 09:31:30,632.5,773614
2021-06-23 09:31:31,632.45,773634
2021-06-23 09:31:32,632.65,774058
2021-06-23 09:31:35,632.45,775113
2021-06-23 09:31:36,632.45,775527
2021-06-23 09:31:40,632.4,776085
2021-06-23 09:31:41,632.45,776185
2021-06-23 09:31:42,632.45,776398
2021-06-23 09:31:42,632.3,776496
2021-06-23 09:31:43,632.35,776555
2021-06-23 09:31:44,632.35,776555
2021-06-23 09:31:45,632.2,777233
2021-06-23 09:31:46,632.2,777233
2021-06-23 09:31:47,632.2,777233
2021-06-23 09:31:48,632.25,777298
2021-06-23 09:31:50,632.15,777388
2021-06-23 09:31:51,632.05,777488
2021-06-23 09:31:52,632.05,777488
2021-06-23 09:31:53,632.05,777488
2021-06-23 09:31:54,632.0,777573
2021-06-23 09:31:55,632.1,777873
2021-06-23 09:31:56,632.1,778082
2021-06-23 09:31:57,632.0,778133
2021-06-23 09:31:58,631.95,778245
2021-06-23 09:31:59,632.0,778274
2021-06-23 09:32:00,631.95,778596
2021-06-23 09:32:02,632.3,780130
2021-06-23 09:32:03,632.25,780133
2021-06-23 09:32:03,632.35,780145
2021-06-23 09:32:04,632.25,780294
2021-06-23 09:32:05,632.45,780410
2021-06-23 09:32:06,632.45,780940
2021-06-23 09:32:07,632.3,781448
2021-06-23 09:32:09,632.4,782218
2021-06-23 09:32:10,632.4,782218
2021-06-23 09:32:11,632.35,782238
2021-06-23 09:32:12,632.5,783710
2021-06-23 09:32:13,632.5,784031
2021-06-23 09:32:14,632.5,784031
2021-06-23 09:32:15,632.5,784031
2021-06-23 09:32:16,632.4,784381
2021-06-23 09:32:17,632.5,785714
2021-06-23 09:32:18,632.5,785714
2021-06-23 09:32:19,632.6,787104
2021-06-23 09:32:20,632.5,787479
2021-06-23 09:32:21,632.6,787514
2021-06-23 09:32:22,632.6,787873
2021-06-23 09:32:23,632.6,787899
2021-06-23 09:32:24,632.6,787899
2021-06-23 09:32:25,632.5,787919
2021-06-23 09:32:26,632.5,787924
2021-06-23 09:32:27,632.45,788068
2021-06-23 09:32:28,632.45,788068
2021-06-23 09:32:29,632.7,790114
2021-06-23 09:32:30,632.5,790125
2021-06-23 09:32:31,632.85,790984
2021-06-23 09:32:31,632.85,790984
2021-06-23 09:32:33,632.6,791687
2021-06-23 09:32:34,632.7,792277
2021-06-23 09:32:36,633.0,793002
2021-06-23 09:32:37,632.95,793042
2021-06-23 09:32:38,633.0,794189
2021-06-23 09:32:39,632.95,796623
2021-06-23 09:32:40,633.0,796696
2021-06-23 09:32:41,633.2,797699
2021-06-23 09:32:42,633.0,798883
2021-06-23 09:32:44,632.95,799496
2021-06-23 09:32:45,632.8,799598
2021-06-23 09:32:46,632.8,799598
2021-06-23 09:32:47,632.85,799728
2021-06-23 09:32:48,632.85,799806
2021-06-23 09:32:49,632.85,799824
2021-06-23 09:32:50,632.8,800128
2021-06-23 09:32:51,632.7,800493
2021-06-23 09:32:52,632.5,800941
2021-06-23 09:32:53,632.5,800941
2021-06-23 09:32:54,632.5,801010
2021-06-23 09:32:55,632.55,801062
2021-06-23 09:32:56,632.5,801406
2021-06-23 09:32:58,632.5,801684
2021-06-23 09:32:59,632.55,803044
2021-06-23 09:33:00,632.5,803169
2021-06-23 09:33:01,632.4,805298
2021-06-23 09:33:02,632.4,805438
2021-06-23 09:33:03,632.35,805626
2021-06-23 09:33:04,632.3,805651
2021-06-23 09:33:05,632.4,805929
2021-06-23 09:33:06,632.3,805950
2021-06-23 09:33:07,632.25,805984
2021-06-23 09:33:08,632.4,805985
2021-06-23 09:33:09,632.25,806204
2021-06-23 09:33:10,632.25,806204
2021-06-23 09:33:11,632.3,806212
2021-06-23 09:33:12,632.3,806320
2021-06-23 09:33:13,632.35,807272
2021-06-23 09:33:14,632.3,807302
2021-06-23 09:33:15,632.3,807539
2021-06-23 09:33:16,632.3,807799
2021-06-23 09:33:17,632.15,808097
2021-06-23 09:33:18,632.25,808117
2021-06-23 09:33:19,632.6,811275
2021-06-23 09:33:20,632.6,811275
2021-06-23 09:33:21,632.7,811378
2021-06-23 09:33:22,632.7,812157
2021-06-23 09:33:23,632.7,812204
2021-06-23 09:33:24,632.65,812369
2021-06-23 09:33:25,632.65,812369
2021-06-23 09:33:26,632.5,812482
2021-06-23 09:33:26,632.7,812832
2021-06-23 09:33:27,632.55,813235
2021-06-23 09:33:28,632.65,813388
2021-06-23 09:33:30,632.55,813475
2021-06-23 09:33:31,632.55,813475
2021-06-23 09:33:32,632.6,813695
2021-06-23 09:33:34,632.65,814065
2021-06-23 09:33:35,632.65,814375
2021-06-23 09:33:35,632.65,814408
2021-06-23 09:33:36,632.65,814408
2021-06-23 09:33:37,632.6,814598
2021-06-23 09:33:38,632.6,814888
2021-06-23 09:33:39,632.6,814898
2021-06-23 09:33:41,632.65,814953
2021-06-23 09:33:42,632.6,814965
2021-06-23 09:33:43,632.55,815225
2021-06-23 09:33:44,632.65,815344
2021-06-23 09:33:45,632.6,815398
2021-06-23 09:33:46,632.6,815485
2021-06-23 09:33:47,632.6,816485
2021-06-23 09:33:48,632.65,816723
2021-06-23 09:33:49,632.65,816796
2021-06-23 09:33:50,632.6,816798
2021-06-23 09:33:51,632.65,816897
2021-06-23 09:33:52,632.65,817543
2021-06-23 09:33:53,632.6,817602
2021-06-23 09:33:54,632.6,817627
2021-06-23 09:33:55,632.6,818503
2021-06-23 09:33:56,632.65,818513
2021-06-23 09:33:57,632.6,819154
2021-06-23 09:33:58,632.65,819184
2021-06-23 09:33:59,632.65,819225
2021-06-23 09:33:59,632.65,819225
2021-06-23 09:34:00,632.6,819231
2021-06-23 09:34:01,632.6,819412
2021-06-23 09:34:03,632.65,819885
2021-06-23 09:34:04,632.65,819896
2021-06-23 09:34:06,632.65,819935
2021-06-23 09:34:07,632.65,820936
2021-06-23 09:34:08,632.65,820936
2021-06-23 09:34:09,632.5,822616
2021-06-23 09:34:10,632.45,822666
2021-06-23 09:34:11,632.45,823384
2021-06-23 09:34:12,632.6,823535
2021-06-23 09:34:13,632.6,823535
2021-06-23 09:34:14,632.55,823636
2021-06-23 09:34:15,632.5,823727
2021-06-23 09:34:16,632.5,823727
2021-06-23 09:34:17,632.45,823737
2021-06-23 09:34:18,632.45,823737
2021-06-23 09:34:19,632.5,823925
2021-06-23 09:34:20,632.5,823925
2021-06-23 09:34:21,632.4,824308
2021-06-23 09:34:22,632.4,824308
2021-06-23 09:34:23,632.3,824661
2021-06-23 09:34:24,632.65,826184
2021-06-23 09:34:25,632.65,826184
2021-06-23 09:34:26,632.65,826184
2021-06-23 09:34:27,632.35,826199
2021-06-23 09:34:28,632.45,826221
2021-06-23 09:34:30,632.4,827288
2021-06-23 09:34:33,632.3,828038
2021-06-23 09:34:34,632.3,828038
2021-06-23 09:34:35,632.2,828093
2021-06-23 09:34:36,632.15,828095
2021-06-23 09:34:37,632.2,828198
2021-06-23 09:34:38,632.1,828297
2021-06-23 09:34:39,632.05,828518
2021-06-23 09:34:40,632.15,828721
2021-06-23 09:34:41,632.0,829743
2021-06-23 09:34:42,632.0,830508
2021-06-23 09:34:43,632.1,832257
2021-06-23 09:34:44,632.05,832331
2021-06-23 09:34:44,632.05,832336
2021-06-23 09:34:45,632.0,833267
2021-06-23 09:34:46,631.9,841602
2021-06-23 09:34:47,631.9,841998
2021-06-23 09:34:48,631.8,842323
2021-06-23 09:34:49,631.8,842323
2021-06-23 09:34:50,631.8,842719
2021-06-23 09:34:51,631.8,842749
2021-06-23 09:34:52,631.75,842771
2021-06-23 09:34:54,631.75,844179
2021-06-23 09:34:56,631.6,844550
2021-06-23 09:34:57,631.65,845442
2021-06-23 09:34:58,631.65,845442
2021-06-23 09:34:59,631.6,845504
2021-06-23 09:35:00,631.6,845691
2021-06-23 09:35:01,631.6,847890
2021-06-23 09:35:02,631.6,849911
2021-06-23 09:35:03,631.55,849935
2021-06-23 09:35:04,631.5,849970
2021-06-23 09:35:05,631.6,850399
2021-06-23 09:35:06,631.25,851209
2021-06-23 09:35:07,631.5,851361
2021-06-23 09:35:08,631.25,851483
2021-06-23 09:35:09,631.4,852298
2021-06-23 09:35:10,631.4,852489
2021-06-23 09:35:11,631.2,852729
2021-06-23 09:35:12,631.3,852779
2021-06-23 09:35:13,631.3,854154
2021-06-23 09:35:14,631.3,854154
2021-06-23 09:35:15,631.3,854154
2021-06-23 09:35:16,631.25,854254
2021-06-23 09:35:17,631.25,854304
2021-06-23 09:35:18,631.25,869501
2021-06-23 09:35:19,631.05,869847
2021-06-23 09:35:20,630.85,871279
2021-06-23 09:35:21,630.95,873537
2021-06-23 09:35:22,630.85,876469
2021-06-23 09:35:23,630.95,876703
2021-06-23 09:35:24,630.9,876723
2021-06-23 09:35:25,630.9,876948
2021-06-23 09:35:26,630.95,877886
2021-06-23 09:35:27,630.65,879398
2021-06-23 09:35:28,630.8,879972
2021-06-23 09:35:29,630.65,881643
2021-06-23 09:35:30,630.95,885466
2021-06-23 09:35:30,630.7,881649
2021-06-23 09:35:31,630.8,886606
2021-06-23 09:35:33,630.8,889230
2021-06-23 09:35:34,630.9,891602
2021-06-23 09:35:35,630.9,894489
2021-06-23 09:35:36,630.85,895742
2021-06-23 09:35:37,631.0,895832
2021-06-23 09:35:38,630.85,895952
2021-06-23 09:35:38,630.85,895952
2021-06-23 09:35:40,630.9,898915
2021-06-23 09:35:42,630.95,898971
2021-06-23 09:35:43,631.3,899861
2021-06-23 09:35:44,631.3,900882
2021-06-23 09:35:45,631.3,901884
2021-06-23 09:35:46,631.45,901934
2021-06-23 09:35:47,631.3,902860
2021-06-23 09:35:48,631.2,902925
2021-06-23 09:35:49,631.3,903540
2021-06-23 09:35:50,631.3,903540
2021-06-23 09:35:51,631.3,903540
2021-06-23 09:35:53,631.2,903575
2021-06-23 09:35:54,631.4,914195
2021-06-23 09:35:55,631.5,914247
2021-06-23 09:35:56,631.5,914632
2021-06-23 09:35:57,631.55,914647
2021-06-23 09:35:58,631.55,914761
2021-06-23 09:35:59,631.55,915127
2021-06-23 09:36:00,631.7,916176
2021-06-23 09:36:01,631.7,916205
2021-06-23 09:36:02,631.7,916564
2021-06-23 09:36:03,631.7,916596
2021-06-23 09:36:04,631.7,916596
2021-06-23 09:36:05,631.7,916803
2021-06-23 09:36:06,631.7,917936
2021-06-23 09:36:08,631.7,919540
2021-06-23 09:36:09,631.8,919550
2021-06-23 09:36:10,632.0,922844
2021-06-23 09:36:11,631.95,929970
2021-06-23 09:36:12,631.75,929971
2021-06-23 09:36:13,631.9,929976
2021-06-23 09:36:14,631.85,930027
2021-06-23 09:36:15,631.75,930037
2021-06-23 09:36:16,631.9,930056
2021-06-23 09:36:17,631.9,930056
2021-06-23 09:36:18,631.75,931106
2021-06-23 09:36:20,631.75,931741
2021-06-23 09:36:21,631.8,931837
2021-06-23 09:36:22,631.75,932286
2021-06-23 09:36:23,631.75,932318
2021-06-23 09:36:24,631.8,932524
2021-06-23 09:36:26,631.8,932780
2021-06-23 09:36:27,631.8,932900
2021-06-23 09:36:28,631.75,932930
2021-06-23 09:36:29,631.8,933430
2021-06-23 09:36:30,631.8,933530
2021-06-23 09:36:31,631.8,933630
2021-06-23 09:36:32,631.8,935012
2021-06-23 09:36:33,631.75,935135
2021-06-23 09:36:34,631.7,935415
2021-06-23 09:36:35,631.7,935415
2021-06-23 09:36:36,631.75,935448
2021-06-23 09:36:37,631.75,935448
2021-06-23 09:36:38,631.6,937168
2021-06-23 09:36:39,631.55,937749
2021-06-23 09:36:40,631.55,937787
2021-06-23 09:36:41,631.55,937869
2021-06-23 09:36:42,631.6,938225
2021-06-23 09:36:43,631.6,938247
2021-06-23 09:36:44,631.45,938647
2021-06-23 09:36:45,631.45,938647
2021-06-23 09:36:46,631.5,938759
2021-06-23 09:36:47,631.45,939354
2021-06-23 09:36:49,631.55,941119
2021-06-23 09:36:50,631.9,942545
2021-06-23 09:36:51,631.85,942868
2021-06-23 09:36:52,631.85,942908
2021-06-23 09:36:53,631.7,943160
2021-06-23 09:36:54,631.7,943240
2021-06-23 09:36:55,631.85,943250
2021-06-23 09:36:56,631.85,943250
2021-06-23 09:36:57,631.85,943250
2021-06-23 09:36:58,631.85,943275
2021-06-23 09:36:59,631.7,943375
2021-06-23 09:37:00,631.8,943434
2021-06-23 09:37:01,631.8,943434
2021-06-23 09:37:02,631.85,943628
2021-06-23 09:37:03,631.85,943628
2021-06-23 09:37:04,631.85,943748
2021-06-23 09:37:06,632.0,943982
2021-06-23 09:37:07,631.9,944024
2021-06-23 09:37:08,632.0,944345
2021-06-23 09:37:09,632.0,944445
2021-06-23 09:37:10,632.0,944445
2021-06-23 09:37:11,632.0,944445
2021-06-23 09:37:12,632.0,944446
2021-06-23 09:37:13,632.0,944646
2021-06-23 09:37:14,632.0,944646
2021-06-23 09:37:15,631.9,944771
2021-06-23 09:37:16,631.9,944771
2021-06-23 09:37:17,631.9,944771
2021-06-23 09:37:18,631.85,944993
2021-06-23 09:37:19,631.85,944993
2021-06-23 09:37:21,632.0,945144
2021-06-23 09:37:22,632.0,945248
2021-06-23 09:37:23,632.0,945270
2021-06-23 09:37:24,632.0,945297
2021-06-23 09:37:25,632.05,950774
2021-06-23 09:37:26,632.25,951928
2021-06-23 09:37:27,632.3,956944
2021-06-23 09:37:28,632.3,956944
2021-06-23 09:37:29,632.3,956944
2021-06-23 09:37:31,632.25,957552
2021-06-23 09:37:32,632.25,957992
2021-06-23 09:37:33,632.25,958242
2021-06-23 09:37:34,632.25,958294
2021-06-23 09:37:35,632.1,960340
2021-06-23 09:37:36,632.25,960373
2021-06-23 09:37:37,632.25,961373
2021-06-23 09:37:38,632.1,961374
2021-06-23 09:37:39,632.25,962154
2021-06-23 09:37:40,632.25,962154
2021-06-23 09:37:41,632.2,962811
2021-06-23 09:37:42,632.2,963311
2021-06-23 09:37:43,632.2,963364
2021-06-23 09:37:44,632.1,963481
2021-06-23 09:37:45,632.1,964468
2021-06-23 09:37:46,632.2,965493
2021-06-23 09:37:48,632.15,965716
2021-06-23 09:37:49,632.15,965716
2021-06-23 09:37:50,632.15,966346
2021-06-23 09:37:52,632.1,966347
2021-06-23 09:37:53,632.15,966502
2021-06-23 09:37:54,632.15,966507
2021-06-23 09:37:55,632.15,966770
2021-06-23 09:37:57,632.15,966850
2021-06-23 09:37:58,632.2,967819
2021-06-23 09:37:58,632.35,967944
2021-06-23 09:37:59,632.3,967947
2021-06-23 09:38:00,632.25,969122
2021-06-23 09:38:01,632.5,969687
2021-06-23 09:38:02,632.5,969687
2021-06-23 09:38:03,632.35,969935
2021-06-23 09:38:04,632.35,970108
2021-06-23 09:38:05,632.4,970149
2021-06-23 09:38:06,632.5,971184
2021-06-23 09:38:08,632.5,971205
2021-06-23 09:38:09,632.5,971232
2021-06-23 09:38:09,632.5,971232
2021-06-23 09:38:10,632.55,971733
2021-06-23 09:38:11,632.55,971753
2021-06-23 09:38:12,632.7,971978
2021-06-23 09:38:13,632.5,972088
2021-06-23 09:38:15,632.5,972339
2021-06-23 09:38:16,632.5,972397
2021-06-23 09:38:18,632.5,972397
2021-06-23 09:38:18,632.5,972397
2021-06-23 09:38:19,632.65,972398
2021-06-23 09:38:20,632.65,972513
2021-06-23 09:38:21,632.65,972703
2021-06-23 09:38:22,632.65,972903
2021-06-23 09:38:23,632.55,972936
2021-06-23 09:38:24,632.55,973068
2021-06-23 09:38:25,632.55,973073
2021-06-23 09:38:27,632.65,973798
2021-06-23 09:38:29,632.65,973798
2021-06-23 09:38:30,632.65,974320
2021-06-23 09:38:31,632.6,974552
2021-06-23 09:38:32,632.4,978782
2021-06-23 09:38:33,632.45,978905
2021-06-23 09:38:34,632.2,978968
2021-06-23 09:38:35,632.25,978979
2021-06-23 09:38:36,632.2,979080
2021-06-23 09:38:37,632.35,979131
2021-06-23 09:38:39,632.35,979231
2021-06-23 09:38:39,632.35,979231
2021-06-23 09:38:40,632.25,979233
2021-06-23 09:38:41,632.25,979657
2021-06-23 09:38:42,632.25,979657
2021-06-23 09:38:43,632.1,980045
2021-06-23 09:38:44,632.05,980046
2021-06-23 09:38:45,632.15,980086
2021-06-23 09:38:47,632.15,980093
2021-06-23 09:38:48,632.15,980093
2021-06-23 09:38:49,632.0,980305
2021-06-23 09:38:51,632.0,980903
2021-06-23 09:38:52,632.15,981239
2021-06-23 09:38:53,632.15,981329
2021-06-23 09:38:55,632.15,981329
2021-06-23 09:38:55,632.15,981329
2021-06-23 09:38:56,632.15,981888
2021-06-23 09:38:57,632.15,982176
2021-06-23 09:38:58,632.15,982854
2021-06-23 09:38:59,632.15,982857
2021-06-23 09:39:00,632.25,982962
2021-06-23 09:39:01,632.3,984034
2021-06-23 09:39:02,632.25,984046
2021-06-23 09:39:04,632.3,984070
2021-06-23 09:39:04,632.3,984270
2021-06-23 09:39:05,632.5,985147
2021-06-23 09:39:06,632.4,985190
2021-06-23 09:39:07,632.5,985201
2021-06-23 09:39:08,632.5,985202
2021-06-23 09:39:09,632.4,985205
2021-06-23 09:39:10,632.4,985262
2021-06-23 09:39:11,632.5,985461
2021-06-23 09:39:12,632.45,985706
2021-06-23 09:39:13,632.5,985807
2021-06-23 09:39:14,632.5,985807
2021-06-23 09:39:16,632.5,985857
2021-06-23 09:39:16,632.5,985857
2021-06-23 09:39:17,632.55,986054
2021-06-23 09:39:18,632.4,986687
2021-06-23 09:39:19,632.4,986687
2021-06-23 09:39:20,632.65,987822
2021-06-23 09:39:21,632.6,988148
2021-06-23 09:39:22,632.6,988149
2021-06-23 09:39:23,632.6,988149
2021-06-23 09:39:24,632.65,988184
2021-06-23 09:39:26,632.7,988288
2021-06-23 09:39:27,632.7,988288
2021-06-23 09:39:27,632.7,988288
2021-06-23 09:39:28,632.9,989274
2021-06-23 09:39:29,632.85,989503
2021-06-23 09:39:30,632.85,989563
2021-06-23 09:39:31,632.85,989563
2021-06-23 09:39:32,632.85,991573
2021-06-23 09:39:33,632.85,991599
2021-06-23 09:39:34,633.0,991665
2021-06-23 09:39:35,633.0,991998
2021-06-23 09:39:36,633.0,991998
2021-06-23 09:39:38,633.0,992023
2021-06-23 09:39:38,633.0,992123
2021-06-23 09:39:39,633.0,992123
2021-06-23 09:39:40,633.0,992161
2021-06-23 09:39:41,633.0,992958
2021-06-23 09:39:42,633.0,992958
2021-06-23 09:39:43,633.0,994579
2021-06-23 09:39:44,633.05,994822
2021-06-23 09:39:45,633.05,995924
2021-06-23 09:39:47,633.1,996647
2021-06-23 09:39:49,633.25,997395
2021-06-23 09:39:49,633.1,997435
2021-06-23 09:39:50,633.1,997465
2021-06-23 09:39:51,633.2,998276
2021-06-23 09:39:52,633.25,998941
2021-06-23 09:39:53,633.1,999241
2021-06-23 09:39:54,632.95,999336
2021-06-23 09:39:55,633.05,999341
2021-06-23 09:39:56,633.05,999397
2021-06-23 09:39:57,633.05,999408
2021-06-23 09:39:58,632.95,999416
2021-06-23 09:39:59,633.05,999656
2021-06-23 09:40:00,633.1,1000348
2021-06-23 09:40:01,633.1,1001222
2021-06-23 09:40:02,633.1,1001737
2021-06-23 09:40:04,633.1,1002063
2021-06-23 09:40:05,633.15,1002069
2021-06-23 09:40:06,633.25,1002103
2021-06-23 09:40:06,633.25,1002103
2021-06-23 09:40:07,633.3,1002343
2021-06-23 09:40:08,633.25,1005322
2021-06-23 09:40:09,633.25,1013128
2021-06-23 09:40:12,633.25,1014830
2021-06-23 09:40:13,633.25,1014936
2021-06-23 09:40:14,633.15,1015036
2021-06-23 09:40:14,633.15,1015036
2021-06-23 09:40:15,633.15,1015114
2021-06-23 09:40:16,633.0,1015852
2021-06-23 09:40:17,633.0,1016040
2021-06-23 09:40:18,633.0,1016552
2021-06-23 09:40:19,633.0,1016603
2021-06-23 09:40:20,632.95,1016851
2021-06-23 09:40:21,632.85,1017762
2021-06-23 09:40:22,632.9,1018778
2021-06-23 09:40:23,632.95,1019217
2021-06-23 09:40:25,632.7,1021612
2021-06-23 09:40:26,632.65,1021725
2021-06-23 09:40:27,632.9,1022181
2021-06-23 09:40:28,632.75,1022182
2021-06-23 09:40:28,632.75,1022182
2021-06-23 09:40:29,632.7,1023182
2021-06-23 09:40:30,632.95,1023207
2021-06-23 09:40:31,632.95,1023942
2021-06-23 09:40:32,632.95,1023942
2021-06-23 09:40:33,632.9,1023944
2021-06-23 09:40:35,632.85,1023978
2021-06-23 09:40:36,632.85,1024332
2021-06-23 09:40:38,632.85,1024832
2021-06-23 09:40:39,632.85,1024832
2021-06-23 09:40:40,632.85,1024832
2021-06-23 09:40:41,632.85,1025382
2021-06-23 09:40:42,632.85,1025682
2021-06-23 09:40:42,632.8,1025688
2021-06-23 09:40:44,632.85,1025710
2021-06-23 09:40:45,632.85,1025726
2021-06-23 09:40:46,632.85,1025726
2021-06-23 09:40:47,632.75,1025789
2021-06-23 09:40:48,632.85,1025795
2021-06-23 09:40:49,632.75,1025838
2021-06-23 09:40:50,632.6,1025901
2021-06-23 09:40:51,632.85,1027432
2021-06-23 09:40:52,632.95,1028577
2021-06-23 09:40:53,632.95,1030111
2021-06-23 09:40:54,632.95,1030111
2021-06-23 09:40:55,632.95,1030111
2021-06-23 09:40:56,632.95,1030131
2021-06-23 09:40:57,632.95,1030482
2021-06-23 09:40:58,632.95,1030482
2021-06-23 09:40:59,632.95,1030482
2021-06-23 09:41:01,632.95,1030937
2021-06-23 09:41:02,632.95,1030937
2021-06-23 09:41:03,632.95,1030937
2021-06-23 09:41:04,632.95,1030963
2021-06-23 09:41:05,632.85,1030978
2021-06-23 09:41:06,632.95,1031211
2021-06-23 09:41:07,632.85,1031325
2021-06-23 09:41:08,632.85,1031325
2021-06-23 09:41:08,632.95,1031425
2021-06-23 09:41:09,633.05,1032432
2021-06-23 09:41:10,632.85,1035083
2021-06-23 09:41:12,632.85,1035083
2021-06-23 09:41:13,632.85,1035163
2021-06-23 09:41:13,632.85,1035163
2021-06-23 09:41:14,632.95,1035167
2021-06-23 09:41:15,632.85,1035367
2021-06-23 09:41:16,632.95,1035472
2021-06-23 09:41:18,632.95,1036504
2021-06-23 09:41:19,632.95,1036521
2021-06-23 09:41:20,633.25,1041143
2021-06-23 09:41:20,633.1,1041173
2021-06-23 09:41:21,633.45,1042139
2021-06-23 09:41:22,633.05,1043274
2021-06-23 09:41:23,633.1,1043398
2021-06-23 09:41:24,633.1,1043398
2021-06-23 09:41:26,633.15,1043829
2021-06-23 09:41:28,633.15,1043829
2021-06-23 09:41:29,633.15,1043854
2021-06-23 09:41:30,633.25,1043858
2021-06-23 09:41:31,633.15,1044108
2021-06-23 09:41:32,633.25,1044158
2021-06-23 09:41:33,633.25,1044158
2021-06-23 09:41:34,633.2,1044208
2021-06-23 09:41:35,633.2,1044246
2021-06-23 09:41:36,633.2,1044246
2021-06-23 09:41:37,633.3,1044846
2021-06-23 09:41:38,633.4,1044876
2021-06-23 09:41:40,633.15,1045053
2021-06-23 09:41:42,633.45,1046654
2021-06-23 09:41:43,633.45,1046758
2021-06-23 09:41:44,633.4,1047687
2021-06-23 09:41:45,633.4,1047757
2021-06-23 09:41:46,633.2,1047907
2021-06-23 09:41:47,633.3,1047992
2021-06-23 09:41:47,633.3,1047992
2021-06-23 09:41:48,633.4,1048065
2021-06-23 09:41:49,633.3,1048125
2021-06-23 09:41:50,633.4,1048169
2021-06-23 09:41:51,633.3,1048273
2021-06-23 09:41:52,633.2,1048319
2021-06-23 09:41:55,633.2,1049566
2021-06-23 09:41:56,633.2,1049566
2021-06-23 09:41:58,633.2,1049756
2021-06-23 09:41:58,633.2,1049757
2021-06-23 09:41:59,633.2,1054322
2021-06-23 09:42:00,633.2,1054348
2021-06-23 09:42:01,633.4,1054393
2021-06-23 09:42:02,633.35,1054596
2021-06-23 09:42:03,633.35,1054619
2021-06-23 09:42:04,633.15,1054938
2021-06-23 09:42:05,633.2,1054952
2021-06-23 09:42:06,633.2,1055000
2021-06-23 09:42:07,633.15,1055709
2021-06-23 09:42:09,633.0,1055854
2021-06-23 09:42:11,633.2,1055859
2021-06-23 09:42:12,633.0,1055860
2021-06-23 09:42:13,633.15,1056005
2021-06-23 09:42:14,633.15,1056005
2021-06-23 09:42:15,633.0,1056110
2021-06-23 09:42:16,633.0,1057324
2021-06-23 09:42:17,633.0,1059695
2021-06-23 09:42:18,633.0,1059695
2021-06-23 09:42:18,633.0,1059695
2021-06-23 09:42:19,633.0,1060636
2021-06-23 09:42:20,633.0,1060686
2021-06-23 09:42:21,633.0,1060736
2021-06-23 09:42:22,633.0,1060736
2021-06-23 09:42:23,633.0,1062768
2021-06-23 09:42:24,633.0,1062808
2021-06-23 09:42:26,632.95,1064893
2021-06-23 09:42:27,633.2,1064999
2021-06-23 09:42:28,633.2,1064999
2021-06-23 09:42:29,633.15,1065283
2021-06-23 09:42:30,633.15,1065453
2021-06-23 09:42:31,633.15,1065453
2021-06-23 09:42:32,633.15,1065453
2021-06-23 09:42:33,633.2,1065553
2021-06-23 09:42:33,633.15,1065555
2021-06-23 09:42:34,633.2,1065635
2021-06-23 09:42:35,633.2,1065668
2021-06-23 09:42:36,633.2,1065878
2021-06-23 09:42:38,633.2,1065978
2021-06-23 09:42:39,633.2,1066124
2021-06-23 09:42:40,633.15,1066176
2021-06-23 09:42:41,633.2,1066276
2021-06-23 09:42:42,633.15,1066296
2021-06-23 09:42:43,633.2,1066509
2021-06-23 09:42:44,633.2,1066531
2021-06-23 09:42:45,633.15,1066588
2021-06-23 09:42:46,633.15,1066588
2021-06-23 09:42:47,633.2,1066648
2021-06-23 09:42:48,633.2,1066648
2021-06-23 09:42:49,633.15,1066673
2021-06-23 09:42:50,633.15,1067374
2021-06-23 09:42:51,633.05,1067849
2021-06-23 09:42:52,633.05,1067849
2021-06-23 09:42:53,633.1,1067859
2021-06-23 09:42:53,633.1,1067859
2021-06-23 09:42:54,633.1,1068059
2021-06-23 09:42:55,633.0,1068189
2021-06-23 09:42:56,633.0,1068349
2021-06-23 09:42:57,633.0,1069135
2021-06-23 09:42:58,633.0,1069135
2021-06-23 09:43:00,633.0,1069311
2021-06-23 09:43:01,632.95,1069697
2021-06-23 09:43:02,632.8,1070746
2021-06-23 09:43:05,632.7,1071629
2021-06-23 09:43:06,632.85,1071929
2021-06-23 09:43:07,632.7,1072001
2021-06-23 09:43:08,632.7,1072001
2021-06-23 09:43:09,632.85,1072011
2021-06-23 09:43:10,632.7,1073053
2021-06-23 09:43:11,632.85,1073153
2021-06-23 09:43:11,632.85,1073153
2021-06-23 09:43:12,632.7,1073223
2021-06-23 09:43:13,632.7,1073225
2021-06-23 09:43:14,632.75,1073397
2021-06-23 09:43:15,632.75,1073397
2021-06-23 09:43:16,632.75,1073527
2021-06-23 09:43:17,632.75,1074008
2021-06-23 09:43:18,632.75,1074018
2021-06-23 09:43:20,632.7,1075508
2021-06-23 09:43:21,632.75,1075700
2021-06-23 09:43:22,632.55,1075952
2021-06-23 09:43:23,632.55,1076036
2021-06-23 09:43:24,632.75,1076045
2021-06-23 09:43:26,632.75,1076095
2021-06-23 09:43:27,632.75,1076095
2021-06-23 09:43:28,632.55,1076146
2021-06-23 09:43:29,632.75,1076353
2021-06-23 09:43:30,632.85,1076637
2021-06-23 09:43:31,632.85,1076637
2021-06-23 09:43:32,632.85,1076670
2021-06-23 09:43:34,632.8,1076727
2021-06-23 09:43:35,632.8,1076730
2021-06-23 09:43:36,632.85,1076806
2021-06-23 09:43:37,632.85,1076806
2021-06-23 09:43:38,632.8,1076876
2021-06-23 09:43:39,632.85,1077076
2021-06-23 09:43:40,632.8,1077566
2021-06-23 09:43:41,632.8,1077586
2021-06-23 09:43:42,632.9,1078049
2021-06-23 09:43:43,632.9,1078072
2021-06-23 09:43:44,632.85,1078316
2021-06-23 09:43:45,632.85,1078316
2021-06-23 09:43:46,632.85,1078316
2021-06-23 09:43:47,632.9,1078438
2021-06-23 09:43:49,632.9,1078438
2021-06-23 09:43:50,632.85,1079420
2021-06-23 09:43:51,632.8,1080116
2021-06-23 09:43:52,632.85,1080118
2021-06-23 09:43:53,632.8,1080128
2021-06-23 09:43:54,632.8,1080772
2021-06-23 09:43:55,632.85,1082615
2021-06-23 09:43:55,632.85,1082615
2021-06-23 09:43:56,632.85,1082651
2021-06-23 09:43:57,632.85,1082661
2021-06-23 09:43:59,632.85,1082661
2021-06-23 09:44:00,632.85,1082663
2021-06-23 09:44:01,632.85,1082761
2021-06-23 09:44:02,632.85,1082771
2021-06-23 09:44:03,632.85,1083428
2021-06-23 09:44:04,632.8,1084546
2021-06-23 09:44:05,632.65,1084603
2021-06-23 09:44:05,632.65,1084603
2021-06-23 09:44:06,632.85,1084628
2021-06-23 09:44:08,633.0,1086403
2021-06-23 09:44:09,633.0,1086411
2021-06-23 09:44:10,632.95,1086561
2021-06-23 09:44:11,632.95,1086561
2021-06-23 09:44:12,632.8,1086609
2021-06-23 09:44:13,632.8,1086609
2021-06-23 09:44:15,632.8,1086636
2021-06-23 09:44:16,633.0,1086637
2021-06-23 09:44:17,633.0,1086644
2021-06-23 09:44:18,632.85,1086649
2021-06-23 09:44:19,632.85,1086649
2021-06-23 09:44:20,632.85,1086649
2021-06-23 09:44:21,632.8,1086709
2021-06-23 09:44:21,632.8,1086709
2021-06-23 09:44:23,632.8,1086760
2021-06-23 09:44:24,632.8,1086760
2021-06-23 09:44:26,632.85,1086941
2021-06-23 09:44:27,632.85,1087065
2021-06-23 09:44:28,632.9,1087438
2021-06-23 09:44:29,632.9,1087438
2021-06-23 09:44:30,632.95,1087593
2021-06-23 09:44:31,632.85,1087597
2021-06-23 09:44:32,632.95,1087807
2021-06-23 09:44:33,633.0,1087907
2021-06-23 09:44:34,633.0,1087907
2021-06-23 09:44:35,633.0,1087907
2021-06-23 09:44:37,633.0,1087956
2021-06-23 09:44:37,632.9,1087976
2021-06-23 09:44:38,633.3,1089242
2021-06-23 09:44:39,633.5,1090958
2021-06-23 09:44:40,633.5,1090958
2021-06-23 09:44:42,633.1,1091058
2021-06-23 09:44:43,633.1,1091058
2021-06-23 09:44:44,633.3,1091084
2021-06-23 09:44:45,633.3,1091417
2021-06-23 09:44:46,633.3,1091417
2021-06-23 09:44:47,633.15,1091487
2021-06-23 09:44:48,633.3,1091905
2021-06-23 09:44:48,633.3,1091734
2021-06-23 09:44:49,633.1,1093098
2021-06-23 09:44:50,633.3,1093128
2021-06-23 09:44:51,633.3,1093128
2021-06-23 09:44:52,632.95,1093203
2021-06-23 09:44:54,632.95,1093203
2021-06-23 09:44:55,633.0,1093663
2021-06-23 09:44:56,633.0,1093663
2021-06-23 09:44:58,633.0,1093730
2021-06-23 09:44:59,633.0,1093738
2021-06-23 09:45:00,633.0,1093816
2021-06-23 09:45:01,633.0,1093931
2021-06-23 09:45:02,633.0,1094054
2021-06-23 09:45:02,633.0,1094054
2021-06-23 09:45:04,632.95,1094394
2021-06-23 09:45:05,633.0,1094408
2021-06-23 09:45:06,633.0,1094541
2021-06-23 09:45:07,632.95,1094640
2021-06-23 09:45:08,632.95,1094988
2021-06-23 09:45:09,632.95,1094988
2021-06-23 09:45:10,632.85,1111230
2021-06-23 09:45:11,632.85,1111231
2021-06-23 09:45:12,632.65,1113090
2021-06-23 09:45:14,632.65,1113571
2021-06-23 09:45:15,632.55,1113840
2021-06-23 09:45:16,632.4,1115984
2021-06-23 09:45:17,632.45,1116095
2021-06-23 09:45:18,632.0,1117885
2021-06-23 09:45:18,632.0,1117885
2021-06-23 09:45:19,632.0,1117885
2021-06-23 09:45:21,632.2,1117891
2021-06-23 09:45:22,632.05,1117895
2021-06-23 09:45:23,632.2,1117937
2021-06-23 09:45:24,632.2,1117965
2021-06-23 09:45:25,632.2,1121682
2021-06-23 09:45:26,632.5,1122009
2021-06-23 09:45:27,632.6,1122069
2021-06-23 09:45:29,632.7,1122075
2021-06-23 09:45:30,632.65,1123078
2021-06-23 09:45:31,632.6,1123082
2021-06-23 09:45:31,632.6,1123082
2021-06-23 09:45:33,632.6,1123100
2021-06-23 09:45:34,632.65,1123151
2021-06-23 09:45:35,632.55,1123178
2021-06-23 09:45:36,632.3,1123231
2021-06-23 09:45:38,632.5,1123275
2021-06-23 09:45:39,632.25,1123375
2021-06-23 09:45:40,632.55,1123390
2021-06-23 09:45:41,632.5,1123413
2021-06-23 09:45:42,632.5,1123413
2021-06-23 09:45:43,632.3,1123476
2021-06-23 09:45:43,632.4,1123576
2021-06-23 09:45:44,632.4,1124437
2021-06-23 09:45:45,632.4,1124438
2021-06-23 09:45:47,632.4,1124445
2021-06-23 09:45:48,632.4,1125041
2021-06-23 09:45:49,632.4,1125191
2021-06-23 09:45:50,632.4,1125191
2021-06-23 09:45:51,632.25,1125432
2021-06-23 09:45:52,632.0,1125688
2021-06-23 09:45:53,632.0,1125688
2021-06-23 09:45:54,632.25,1125691
2021-06-23 09:45:55,632.25,1125741
2021-06-23 09:45:56,632.05,1125781
2021-06-23 09:45:56,632.05,1125781
2021-06-23 09:45:58,632.25,1125786
2021-06-23 09:45:59,632.05,1125834
2021-06-23 09:46:00,632.2,1125880
2021-06-23 09:46:01,632.2,1125880
2021-06-23 09:46:02,632.0,1127383
2021-06-23 09:46:03,632.0,1127596
2021-06-23 09:46:04,632.0,1127706
2021-06-23 09:46:05,632.0,1127756
2021-06-23 09:46:07,632.0,1128261
2021-06-23 09:46:07,632.0,1128261
2021-06-23 09:46:09,632.0,1128288
2021-06-23 09:46:10,631.8,1128404
2021-06-23 09:46:11,632.0,1128405
2021-06-23 09:46:12,631.85,1128455
2021-06-23 09:46:13,631.85,1128455
2021-06-23 09:46:14,631.85,1128481
2021-06-23 09:46:15,631.85,1128525
2021-06-23 09:46:16,631.8,1128625
2021-06-23 09:46:17,632.0,1128650
2021-06-23 09:46:18,631.8,1128772
2021-06-23 09:46:18,631.8,1128772
2021-06-23 09:46:19,631.8,1132787
2021-06-23 09:46:20,631.75,1132792
2021-06-23 09:46:21,631.8,1133367
2021-06-23 09:46:22,631.8,1133408
2021-06-23 09:46:23,631.8,1133433
2021-06-23 09:46:24,631.45,1139370
2021-06-23 09:46:25,631.45,1139473
2021-06-23 09:46:26,631.5,1139574
2021-06-23 09:46:27,631.45,1140867
2021-06-23 09:46:28,631.5,1141183
2021-06-23 09:46:30,631.5,1141258
2021-06-23 09:46:31,631.5,1141260
2021-06-23 09:46:32,631.45,1141304
2021-06-23 09:46:33,631.45,1141304
2021-06-23 09:46:34,631.45,1142554
2021-06-23 09:46:35,631.4,1142696
2021-06-23 09:46:36,631.5,1148082
2021-06-23 09:46:37,631.55,1148091
2021-06-23 09:46:39,631.55,1148091
2021-06-23 09:46:38,631.55,1148091
2021-06-23 09:46:40,631.75,1148106
2021-06-23 09:46:41,631.75,1148222
2021-06-23 09:46:43,631.75,1149467
2021-06-23 09:46:46,631.8,1149670
2021-06-23 09:46:48,631.75,1149686
2021-06-23 09:46:49,631.8,1149880
2021-06-23 09:46:50,631.75,1150068
2021-06-23 09:46:51,631.65,1150162
2021-06-23 09:46:52,631.65,1150178
2021-06-23 09:46:53,631.55,1151280
2021-06-23 09:46:54,631.7,1151872
2021-06-23 09:46:55,631.5,1151972
2021-06-23 09:46:56,631.6,1152127
2021-06-23 09:46:57,631.6,1152127
2021-06-23 09:46:58,631.4,1153337
2021-06-23 09:46:59,631.4,1153464
2021-06-23 09:47:00,631.1,1153759
2021-06-23 09:47:01,631.3,1153861
2021-06-23 09:47:02,631.05,1155182
2021-06-23 09:47:03,630.95,1161308
2021-06-23 09:47:05,631.05,1162541
2021-06-23 09:47:06,631.05,1162555
2021-06-23 09:47:08,631.05,1163108
2021-06-23 09:47:09,631.2,1163138
2021-06-23 09:47:10,631.2,1163559
2021-06-23 09:47:11,631.2,1163559
2021-06-23 09:47:12,631.2,1164321
2021-06-23 09:47:13,631.15,1164680
2021-06-23 09:47:14,631.3,1164780
2021-06-23 09:47:15,631.3,1164780
2021-06-23 09:47:17,631.3,1165082
2021-06-23 09:47:18,631.2,1165782
2021-06-23 09:47:19,631.2,1165782
2021-06-23 09:47:20,631.35,1165844
2021-06-23 09:47:21,631.2,1165948
2021-06-23 09:47:22,631.2,1166049
2021-06-23 09:47:23,631.3,1166118
2021-06-23 09:47:24,631.3,1166118
2021-06-23 09:47:25,631.25,1166228
2021-06-23 09:47:26,631.25,1166528
2021-06-23 09:47:27,631.3,1166533
2021-06-23 09:47:28,631.25,1166623
2021-06-23 09:47:29,631.25,1166623
2021-06-23 09:47:30,631.25,1166623
2021-06-23 09:47:31,631.3,1167774
2021-06-23 09:47:32,631.3,1167774
2021-06-23 09:47:33,631.3,1167804
2021-06-23 09:47:34,631.25,1168440
2021-06-23 09:47:35,631.5,1169480
2021-06-23 09:47:36,631.5,1169480
2021-06-23 09:47:37,631.5,1169480
2021-06-23 09:47:38,631.65,1169600
2021-06-23 09:47:39,631.65,1169600
2021-06-23 09:47:40,631.4,1169620
2021-06-23 09:47:41,631.5,1169669
2021-06-23 09:47:42,631.4,1169719
2021-06-23 09:47:43,631.4,1169828
2021-06-23 09:47:44,631.5,1169868
2021-06-23 09:47:45,631.5,1169968
2021-06-23 09:47:46,631.5,1169968
2021-06-23 09:47:47,631.5,1169983
2021-06-23 09:47:48,631.5,1169992
2021-06-23 09:47:49,631.45,1170042
2021-06-23 09:47:50,631.5,1170186
2021-06-23 09:47:51,631.5,1170496
2021-06-23 09:47:53,631.5,1170506
2021-06-23 09:47:52,631.5,1170506
2021-06-23 09:47:54,631.5,1170808
2021-06-23 09:47:56,631.5,1173427
2021-06-23 09:47:57,631.5,1173428
2021-06-23 09:47:59,631.5,1175123
2021-06-23 09:48:00,631.5,1175176
2021-06-23 09:48:02,631.5,1175183
2021-06-23 09:48:01,631.5,1175182
2021-06-23 09:48:03,631.5,1175733
2021-06-23 09:48:04,631.5,1175767
2021-06-23 09:48:05,631.5,1175767
2021-06-23 09:48:06,631.5,1176000
2021-06-23 09:48:07,631.45,1176005
2021-06-23 09:48:08,631.5,1176107
2021-06-23 09:48:09,631.5,1176110
2021-06-23 09:48:10,631.5,1176110
2021-06-23 09:48:11,631.5,1176862
2021-06-23 09:48:12,631.5,1176862
2021-06-23 09:48:13,631.65,1176982
2021-06-23 09:48:14,631.55,1181567
2021-06-23 09:48:15,631.9,1181740
2021-06-23 09:48:16,631.7,1181841
2021-06-23 09:48:17,631.85,1181866
2021-06-23 09:48:18,631.85,1181866
2021-06-23 09:48:19,631.85,1181901
2021-06-23 09:48:20,631.85,1182040
2021-06-23 09:48:21,631.85,1182041
2021-06-23 09:48:22,631.85,1182041
2021-06-23 09:48:23,631.85,1182041
2021-06-23 09:48:24,631.85,1182950
2021-06-23 09:48:25,632.0,1184251
2021-06-23 09:48:26,631.8,1184301
2021-06-23 09:48:27,631.85,1184321
2021-06-23 09:48:28,631.85,1184321
2021-06-23 09:48:29,631.9,1184371
2021-06-23 09:48:30,631.9,1184640
2021-06-23 09:48:32,631.9,1184710
2021-06-23 09:48:33,631.85,1184720
2021-06-23 09:48:34,631.85,1184720
2021-06-23 09:48:35,631.9,1184822
2021-06-23 09:48:36,631.9,1185655
2021-06-23 09:48:37,631.9,1185655
2021-06-23 09:48:38,631.9,1185706
2021-06-23 09:48:40,631.8,1185809
2021-06-23 09:48:41,631.9,1185813
2021-06-23 09:48:42,631.85,1185815
2021-06-23 09:48:43,631.85,1185818
2021-06-23 09:48:44,631.85,1185840
2021-06-23 09:48:45,631.85,1185843
2021-06-23 09:48:46,631.8,1185857
2021-06-23 09:48:47,631.85,1186007
2021-06-23 09:48:48,631.85,1186008
2021-06-23 09:48:49,631.8,1187656
2021-06-23 09:48:50,631.5,1188860
2021-06-23 09:48:51,631.65,1188864
2021-06-23 09:48:53,631.65,1189580
2021-06-23 09:48:55,631.65,1189712
2021-06-23 09:48:55,631.55,1189714
2021-06-23 09:48:56,631.65,1189829
2021-06-23 09:48:57,631.65,1189829
2021-06-23 09:48:58,631.65,1189829
2021-06-23 09:48:59,631.65,1189829
2021-06-23 09:49:00,631.55,1189907
2021-06-23 09:49:01,631.65,1189952
2021-06-23 09:49:02,631.55,1190104
2021-06-23 09:49:03,631.65,1190129
2021-06-23 09:49:04,631.65,1190188
2021-06-23 09:49:06,631.65,1190472
2021-06-23 09:49:07,631.55,1190543
2021-06-23 09:49:07,631.55,1190743
2021-06-23 09:49:08,631.8,1192597
2021-06-23 09:49:09,631.8,1192597
2021-06-23 09:49:10,631.8,1192597
2021-06-23 09:49:11,631.8,1192597
2021-06-23 09:49:12,631.7,1192606
2021-06-23 09:49:13,631.8,1192656
2021-06-23 09:49:14,631.75,1192676
2021-06-23 09:49:15,631.75,1192676
2021-06-23 09:49:16,631.75,1192676
2021-06-23 09:49:17,631.8,1192978
2021-06-23 09:49:18,631.8,1193129
2021-06-23 09:49:19,631.7,1193240
2021-06-23 09:49:21,631.7,1193290
2021-06-23 09:49:22,631.7,1193290
2021-06-23 09:49:23,631.7,1193290
2021-06-23 09:49:23,631.75,1193318
2021-06-23 09:49:25,631.75,1193318
2021-06-23 09:49:26,631.7,1193338
2021-06-23 09:49:26,631.65,1193840
2021-06-23 09:49:27,631.6,1194041
2021-06-23 09:49:28,631.55,1194379
2021-06-23 09:49:29,631.55,1194930
2021-06-23 09:49:30,631.6,1195189
2021-06-23 09:49:31,631.55,1195190
2021-06-23 09:49:32,631.55,1195190
2021-06-23 09:49:34,631.55,1195190
2021-06-23 09:49:35,631.6,1195193
2021-06-23 09:49:37,631.6,1195416
2021-06-23 09:49:38,631.55,1195418
2021-06-23 09:49:39,631.55,1195418
2021-06-23 09:49:40,631.6,1195469
2021-06-23 09:49:41,631.6,1195471
2021-06-23 09:49:42,631.6,1196177
2021-06-23 09:49:43,631.6,1196200
2021-06-23 09:49:44,631.6,1196200
2021-06-23 09:49:46,631.6,1197557
2021-06-23 09:49:46,631.55,1196201
2021-06-23 09:49:47,631.55,1197701
2021-06-23 09:49:48,631.55,1198230
2021-06-23 09:49:49,631.55,1198410
2021-06-23 09:49:50,631.5,1199036
2021-06-23 09:49:51,631.55,1199145
2021-06-23 09:49:52,631.55,1199145
2021-06-23 09:49:53,631.6,1199246
2021-06-23 09:49:54,631.5,1199370
2021-06-23 09:49:55,631.55,1199375
2021-06-23 09:49:57,631.55,1199386
2021-06-23 09:49:57,631.55,1199386
2021-06-23 09:49:58,631.55,1199386
2021-06-23 09:49:59,631.5,1199508
2021-06-23 09:50:00,631.6,1199943
2021-06-23 09:50:01,631.6,1199943
2021-06-23 09:50:02,631.6,1199943
2021-06-23 09:50:03,631.6,1199968
2021-06-23 09:50:04,631.6,1200018
2021-06-23 09:50:05,631.6,1200062
2021-06-23 09:50:06,631.5,1200082
2021-06-23 09:50:08,631.55,1200142
2021-06-23 09:50:09,631.6,1200243
2021-06-23 09:50:09,631.6,1200243
2021-06-23 09:50:10,631.55,1200318
2021-06-23 09:50:11,631.55,1200352
2021-06-23 09:50:12,631.4,1200626
2021-06-23 09:50:13,631.45,1200653
2021-06-23 09:50:14,631.45,1200678
2021-06-23 09:50:15,631.4,1200690
2021-06-23 09:50:16,631.4,1201038
2021-06-23 09:50:19,631.45,1201223
2021-06-23 09:50:19,631.45,1201223
2021-06-23 09:50:20,631.45,1201388
2021-06-23 09:50:21,631.3,1201413
2021-06-23 09:50:22,631.35,1201463
2021-06-23 09:50:23,631.35,1201463
2021-06-23 09:50:24,631.35,1201463
2021-06-23 09:50:25,631.35,1201463
2021-06-23 09:50:26,631.35,1201501
2021-06-23 09:50:27,631.35,1201502
2021-06-23 09:50:28,631.25,1201620
2021-06-23 09:50:29,631.35,1201678
2021-06-23 09:50:30,631.25,1201683
2021-06-23 09:50:31,631.25,1201751
2021-06-23 09:50:32,631.35,1202251
2021-06-23 09:50:33,631.35,1202251
2021-06-23 09:50:34,631.35,1202251
2021-06-23 09:50:35,631.35,1202352
2021-06-23 09:50:36,631.35,1202386
2021-06-23 09:50:37,631.35,1202426
2021-06-23 09:50:38,631.15,1203343
2021-06-23 09:50:39,631.25,1203545
2021-06-23 09:50:40,631.0,1203847
2021-06-23 09:50:41,631.25,1203848
2021-06-23 09:50:42,631.25,1203848
2021-06-23 09:50:43,631.25,1203919
2021-06-23 09:50:44,631.25,1203919
2021-06-23 09:50:45,631.05,1203926
2021-06-23 09:50:46,631.05,1203926
2021-06-23 09:50:47,631.25,1207791
2021-06-23 09:50:49,631.25,1209186
2021-06-23 09:50:49,631.3,1209187
2021-06-23 09:50:50,631.3,1209315
2021-06-23 09:50:51,631.25,1209349
2021-06-23 09:50:52,631.25,1210593
2021-06-23 09:50:53,631.25,1210715
2021-06-23 09:50:54,631.25,1210735
2021-06-23 09:50:55,631.25,1210735
2021-06-23 09:50:56,631.25,1211088
2021-06-23 09:50:57,631.35,1211288
2021-06-23 09:50:58,631.3,1211344
2021-06-23 09:50:59,631.25,1211707
2021-06-23 09:51:00,631.2,1212856
2021-06-23 09:51:01,631.2,1212968
2021-06-23 09:51:02,631.25,1213068
2021-06-23 09:51:03,631.1,1213099
2021-06-23 09:51:05,631.2,1213514
2021-06-23 09:51:06,631.2,1213514
2021-06-23 09:51:06,631.2,1213614
2021-06-23 09:51:07,631.05,1213616
2021-06-23 09:51:08,631.2,1213695
2021-06-23 09:51:09,631.25,1214299
2021-06-23 09:51:10,631.2,1214388
2021-06-23 09:51:12,631.35,1214398
2021-06-23 09:51:12,631.2,1214401
2021-06-23 09:51:13,631.2,1214401
2021-06-23 09:51:15,631.25,1214521
2021-06-23 09:51:16,631.15,1215023
2021-06-23 09:51:18,631.35,1215329
2021-06-23 09:51:19,631.25,1215479
2021-06-23 09:51:19,631.3,1215484
2021-06-23 09:51:20,631.35,1215534
2021-06-23 09:51:21,631.8,1217893
2021-06-23 09:51:22,631.7,1217914
2021-06-23 09:51:23,631.7,1218843
2021-06-23 09:51:24,631.8,1219238
2021-06-23 09:51:26,631.8,1219403
2021-06-23 09:51:27,631.8,1219403
2021-06-23 09:51:28,631.7,1219414
2021-06-23 09:51:29,631.75,1219714
2021-06-23 09:51:30,631.75,1219724
2021-06-23 09:51:31,631.75,1219732
2021-06-23 09:51:32,631.75,1220018
2021-06-23 09:51:33,631.75,1220026
2021-06-23 09:51:35,631.7,1220356
2021-06-23 09:51:36,631.75,1220389
2021-06-23 09:51:37,631.7,1220865
2021-06-23 09:51:38,631.7,1220865
2021-06-23 09:51:39,631.7,1220897
2021-06-23 09:51:40,631.7,1220897
2021-06-23 09:51:41,631.7,1220897
2021-06-23 09:51:42,631.7,1220947
2021-06-23 09:51:43,631.7,1220970
2021-06-23 09:51:44,631.7,1220985
2021-06-23 09:51:46,631.45,1221038
2021-06-23 09:51:46,631.45,1221038
2021-06-23 09:51:47,631.45,1221388
2021-06-23 09:51:48,631.4,1221588
2021-06-23 09:51:49,631.4,1221588
2021-06-23 09:51:50,631.4,1221588
2021-06-23 09:51:51,631.5,1223645
2021-06-23 09:51:52,631.65,1224155
2021-06-23 09:51:53,631.4,1224205
2021-06-23 09:51:54,631.4,1224205
2021-06-23 09:51:55,631.4,1224205
2021-06-23 09:51:56,631.4,1224312
2021-06-23 09:51:57,631.4,1224312
2021-06-23 09:51:58,631.4,1224313
2021-06-23 09:51:59,631.4,1224313
2021-06-23 09:52:00,631.4,1224413
2021-06-23 09:52:01,631.5,1224458
2021-06-23 09:52:02,631.4,1224534
2021-06-23 09:52:03,631.35,1225158
2021-06-23 09:52:04,631.4,1225178
2021-06-23 09:52:05,631.25,1225205
2021-06-23 09:52:06,631.4,1225240
2021-06-23 09:52:07,631.35,1226682
2021-06-23 09:52:09,631.3,1227465
2021-06-23 09:52:10,631.25,1228249
2021-06-23 09:52:11,631.25,1228299
2021-06-23 09:52:12,631.25,1228299
2021-06-23 09:52:14,631.25,1228299
2021-06-23 09:52:15,631.25,1228299
2021-06-23 09:52:16,631.2,1228300
2021-06-23 09:52:17,631.2,1228305
2021-06-23 09:52:17,631.2,1228305
2021-06-23 09:52:18,631.2,1228305
2021-06-23 09:52:19,631.2,1228305
2021-06-23 09:52:20,631.2,1228340
2021-06-23 09:52:21,631.2,1228340
2021-06-23 09:52:22,631.2,1228340
2021-06-23 09:52:23,631.2,1228366
2021-06-23 09:52:24,631.2,1228366
2021-06-23 09:52:25,631.2,1228567
2021-06-23 09:52:26,631.1,1228570
2021-06-23 09:52:27,631.2,1228574
2021-06-23 09:52:28,631.2,1228679
2021-06-23 09:52:29,631.2,1228679
2021-06-23 09:52:30,631.2,1228679
2021-06-23 09:52:32,631.2,1228685
2021-06-23 09:52:33,631.2,1228685
2021-06-23 09:52:34,631.2,1230126
2021-06-23 09:52:35,631.2,1230126
2021-06-23 09:52:35,631.2,1230126
2021-06-23 09:52:37,631.2,1230177
2021-06-23 09:52:38,631.1,1230828
2021-06-23 09:52:40,631.1,1230855
2021-06-23 09:52:41,631.1,1230985
2021-06-23 09:52:42,631.2,1231148
2021-06-23 09:52:43,631.2,1231271
2021-06-23 09:52:43,631.2,1231271
2021-06-23 09:52:44,630.8,1235859
2021-06-23 09:52:45,630.8,1236525
2021-06-23 09:52:47,630.9,1237351
2021-06-23 09:52:48,630.85,1237530
2021-06-23 09:52:49,630.95,1237569
2021-06-23 09:52:50,630.95,1237579
2021-06-23 09:52:52,630.95,1238519
2021-06-23 09:52:53,631.0,1239376
2021-06-23 09:52:54,630.95,1239909
2021-06-23 09:52:55,631.0,1239919
2021-06-23 09:52:56,631.0,1239920
2021-06-23 09:52:57,631.0,1239920
2021-06-23 09:52:58,631.0,1240031
2021-06-23 09:52:59,631.0,1240032
2021-06-23 09:53:00,630.95,1240118
2021-06-23 09:53:01,631.0,1240240
2021-06-23 09:53:02,631.0,1240240
2021-06-23 09:53:03,631.0,1241269
2021-06-23 09:53:05,630.9,1241478
2021-06-23 09:53:05,631.0,1241483
2021-06-23 09:53:06,631.0,1241766
2021-06-23 09:53:07,631.1,1245864
2021-06-23 09:53:08,631.0,1247070
2021-06-23 09:53:09,631.0,1247916
2021-06-23 09:53:10,631.0,1247916
2021-06-23 09:53:11,631.0,1247944
2021-06-23 09:53:12,631.0,1248194
2021-06-23 09:53:13,631.0,1248194
2021-06-23 09:53:14,631.0,1248194
2021-06-23 09:53:16,630.95,1249194
2021-06-23 09:53:17,630.95,1249197
2021-06-23 09:53:18,630.95,1249218
2021-06-23 09:53:19,630.95,1249219
2021-06-23 09:53:20,630.95,1249219
2021-06-23 09:53:21,630.85,1249370
2021-06-23 09:53:22,630.8,1250278
2021-06-23 09:53:23,630.85,1250367
2021-06-23 09:53:24,630.8,1250953
2021-06-23 09:53:26,630.8,1250953
2021-06-23 09:53:27,630.8,1250956
2021-06-23 09:53:28,630.85,1251511
2021-06-23 09:53:29,630.8,1252131
2021-06-23 09:53:30,630.85,1252431
2021-06-23 09:53:31,630.85,1252436
2021-06-23 09:53:32,630.85,1252436
2021-06-23 09:53:33,630.85,1252436
2021-06-23 09:53:34,630.8,1252536
2021-06-23 09:53:35,630.85,1252551
2021-06-23 09:53:36,630.8,1252601
2021-06-23 09:53:36,630.8,1252601
2021-06-23 09:53:38,630.8,1252601
2021-06-23 09:53:39,630.8,1252714
2021-06-23 09:53:39,630.8,1253188
2021-06-23 09:53:40,630.6,1255751
2021-06-23 09:53:41,630.6,1255751
2021-06-23 09:53:42,630.55,1256097
2021-06-23 09:53:43,630.55,1256124
2021-06-23 09:53:44,630.6,1256457
2021-06-23 09:53:45,630.55,1256771
2021-06-23 09:53:46,630.5,1256792
2021-06-23 09:53:48,630.55,1256992
2021-06-23 09:53:49,630.5,1257811
2021-06-23 09:53:50,630.25,1259517
2021-06-23 09:53:51,630.3,1259894
2021-06-23 09:53:52,630.3,1260260
2021-06-23 09:53:52,630.3,1260260
2021-06-23 09:53:53,630.4,1260835
2021-06-23 09:53:54,630.4,1261158
2021-06-23 09:53:55,630.35,1261746
2021-06-23 09:53:56,630.55,1263551
2021-06-23 09:53:57,630.5,1264297
2021-06-23 09:53:58,630.85,1267170
2021-06-23 09:53:59,630.6,1267173
2021-06-23 09:54:00,630.9,1267718
2021-06-23 09:54:01,630.6,1267968
2021-06-23 09:54:02,630.85,1268159
2021-06-23 09:54:03,630.85,1268306
2021-06-23 09:54:04,630.7,1269306
2021-06-23 09:54:05,630.85,1269589
2021-06-23 09:54:06,630.7,1269592
2021-06-23 09:54:07,630.85,1269809
2021-06-23 09:54:08,630.75,1270258
2021-06-23 09:54:09,630.85,1270318
2021-06-23 09:54:10,630.85,1270319
2021-06-23 09:54:11,630.8,1270352
2021-06-23 09:54:12,630.8,1270453
2021-06-23 09:54:13,630.85,1270458
2021-06-23 09:54:15,630.85,1270576
2021-06-23 09:54:16,630.85,1270633
2021-06-23 09:54:17,630.85,1270633
2021-06-23 09:54:18,630.85,1270643
2021-06-23 09:54:19,630.8,1272219
2021-06-23 09:54:20,630.75,1272765
2021-06-23 09:54:20,630.75,1272765
2021-06-23 09:54:21,630.8,1272769
2021-06-23 09:54:22,630.8,1272785
2021-06-23 09:54:23,630.8,1275213
2021-06-23 09:54:24,630.8,1275263
2021-06-23 09:54:25,630.7,1275288
2021-06-23 09:54:26,630.8,1275338
2021-06-23 09:54:28,630.8,1275594
2021-06-23 09:54:28,630.8,1275601
2021-06-23 09:54:29,630.8,1275604
2021-06-23 09:54:31,630.8,1275659
2021-06-23 09:54:32,630.8,1275684
2021-06-23 09:54:32,630.7,1275935
2021-06-23 09:54:33,630.8,1276185
2021-06-23 09:54:35,630.8,1276274
2021-06-23 09:54:36,630.8,1276316
2021-06-23 09:54:37,630.8,1276316
2021-06-23 09:54:38,630.7,1276416
2021-06-23 09:54:39,630.85,1276556
2021-06-23 09:54:40,630.85,1276556
2021-06-23 09:54:41,630.75,1276565
2021-06-23 09:54:42,630.8,1276580
2021-06-23 09:54:42,630.8,1276580
2021-06-23 09:54:44,630.8,1276812
2021-06-23 09:54:46,630.8,1276813
2021-06-23 09:54:47,630.75,1276819
2021-06-23 09:54:47,630.75,1276819
2021-06-23 09:54:48,630.75,1276844
2021-06-23 09:54:49,630.8,1276860
2021-06-23 09:54:50,630.8,1276894
2021-06-23 09:54:51,630.75,1276899
2021-06-23 09:54:52,630.8,1277100
2021-06-23 09:54:54,630.75,1277122
2021-06-23 09:54:56,630.8,1277226
2021-06-23 09:54:57,630.8,1277226
2021-06-23 09:54:58,630.8,1277251
2021-06-23 09:54:59,630.75,1277579
2021-06-23 09:55:00,630.8,1280398
2021-06-23 09:55:01,630.7,1281187
2021-06-23 09:55:02,630.7,1281290
2021-06-23 09:55:04,630.75,1281351
2021-06-23 09:55:04,630.75,1281351
2021-06-23 09:55:06,630.75,1281428
2021-06-23 09:55:07,630.75,1281428
2021-06-23 09:55:08,630.75,1281478
2021-06-23 09:55:09,630.75,1283187
2021-06-23 09:55:10,630.7,1283352
2021-06-23 09:55:11,630.7,1283372
2021-06-23 09:55:12,630.85,1284980
2021-06-23 09:55:13,630.85,1285482
2021-06-23 09:55:14,630.8,1285497
2021-06-23 09:55:15,630.85,1285548
2021-06-23 09:55:16,630.8,1285638
2021-06-23 09:55:17,630.85,1285639
2021-06-23 09:55:18,630.8,1285669
2021-06-23 09:55:19,630.75,1286470
2021-06-23 09:55:20,630.8,1286622
2021-06-23 09:55:22,630.85,1286840
2021-06-23 09:55:23,630.75,1286940
2021-06-23 09:55:24,630.8,1286966
2021-06-23 09:55:25,630.8,1286966
2021-06-23 09:55:26,630.75,1286991
2021-06-23 09:55:27,630.7,1287091
2021-06-23 09:55:28,630.8,1287241
2021-06-23 09:55:29,630.8,1287307
2021-06-23 09:55:30,630.8,1287337
2021-06-23 09:55:31,630.85,1289454
2021-06-23 09:55:32,630.85,1289704
2021-06-23 09:55:33,630.85,1289704
2021-06-23 09:55:34,630.75,1289709
2021-06-23 09:55:35,630.75,1289709
2021-06-23 09:55:36,630.8,1289769
2021-06-23 09:55:37,630.8,1289844
2021-06-23 09:55:38,630.85,1289856
2021-06-23 09:55:39,630.85,1290861
2021-06-23 09:55:40,630.85,1290876
2021-06-23 09:55:41,630.9,1291442
2021-06-23 09:55:42,630.95,1291452
2021-06-23 09:55:43,630.95,1291475
2021-06-23 09:55:43,630.95,1291475
2021-06-23 09:55:44,630.95,1291484
2021-06-23 09:55:45,630.9,1291684
2021-06-23 09:55:46,630.95,1291764
2021-06-23 09:55:48,631.05,1297546
2021-06-23 09:55:49,631.0,1298573
2021-06-23 09:55:50,631.05,1298578
2021-06-23 09:55:51,631.05,1298613
2021-06-23 09:55:52,631.05,1298634
2021-06-23 09:55:53,631.0,1298734
2021-06-23 09:55:54,631.0,1298855
2021-06-23 09:55:55,630.85,1299959
2021-06-23 09:55:56,630.85,1300197
2021-06-23 09:55:57,630.85,1300731
2021-06-23 09:55:58,630.65,1304139
2021-06-23 09:55:59,630.65,1304922
2021-06-23 09:56:00,630.6,1305195
2021-06-23 09:56:01,630.75,1305340
2021-06-23 09:56:02,630.75,1305441
2021-06-23 09:56:03,630.9,1305949
2021-06-23 09:56:04,630.8,1305978
2021-06-23 09:56:05,630.8,1305979
2021-06-23 09:56:06,630.6,1306036
2021-06-23 09:56:07,630.6,1306041
2021-06-23 09:56:08,630.6,1306061
2021-06-23 09:56:09,630.7,1306121
2021-06-23 09:56:10,630.7,1306121
2021-06-23 09:56:11,630.6,1306483
2021-06-23 09:56:12,630.5,1306803
2021-06-23 09:56:13,630.5,1306804
2021-06-23 09:56:14,630.5,1308182
2021-06-23 09:56:14,630.5,1308182
2021-06-23 09:56:15,630.4,1308196
2021-06-23 09:56:17,630.5,1308496
2021-06-23 09:56:18,630.35,1308809
2021-06-23 09:56:19,630.5,1308810
2021-06-23 09:56:20,630.5,1308814
2021-06-23 09:56:21,630.5,1308814
2021-06-23 09:56:22,630.3,1308953
2021-06-23 09:56:23,630.45,1309813
2021-06-23 09:56:24,630.35,1309833
2021-06-23 09:56:26,630.2,1310253
2021-06-23 09:56:28,630.35,1310753
2021-06-23 09:56:29,630.2,1310754
2021-06-23 09:56:30,630.35,1310755
2021-06-23 09:56:31,630.2,1310758
2021-06-23 09:56:32,630.2,1310758
2021-06-23 09:56:33,630.05,1312925
2021-06-23 09:56:35,630.25,1314249
2021-06-23 09:56:37,630.4,1318586
2021-06-23 09:56:40,630.35,1318800
2021-06-23 09:56:43,630.45,1323664
2021-06-23 09:56:45,630.45,1323692
2021-06-23 09:56:46,630.5,1324399
2021-06-23 09:56:47,630.65,1325434
2021-06-23 09:56:47,630.65,1325634
2021-06-23 09:56:48,630.7,1326363
2021-06-23 09:56:50,630.7,1326363
2021-06-23 09:56:51,631.0,1327917
2021-06-23 09:56:52,630.85,1328264
2021-06-23 09:56:53,630.8,1329061
2021-06-23 09:56:54,630.7,1329894
2021-06-23 09:56:55,630.7,1329904
2021-06-23 09:56:56,630.65,1330053
2021-06-23 09:56:57,630.55,1330145
2021-06-23 09:56:58,630.55,1330145
2021-06-23 09:56:59,630.65,1330385
2021-06-23 09:56:59,630.65,1330385
2021-06-23 09:57:00,630.65,1330766
2021-06-23 09:57:01,630.65,1330812
2021-06-23 09:57:02,630.6,1330844
2021-06-23 09:57:03,630.75,1331354
2021-06-23 09:57:04,630.9,1331763
2021-06-23 09:57:05,631.0,1331879
2021-06-23 09:57:07,630.85,1331918
2021-06-23 09:57:08,630.75,1333303
2021-06-23 09:57:09,630.85,1333531
2021-06-23 09:57:10,630.85,1333531
2021-06-23 09:57:11,630.85,1333736
2021-06-23 09:57:12,630.85,1333736
2021-06-23 09:57:13,630.65,1333810
2021-06-23 09:57:14,630.75,1333960
2021-06-23 09:57:15,630.65,1334111
2021-06-23 09:57:16,630.65,1334112
2021-06-23 09:57:17,630.8,1334172
2021-06-23 09:57:18,630.8,1334172
2021-06-23 09:57:20,630.8,1334941
2021-06-23 09:57:22,630.75,1334993
2021-06-23 09:57:24,630.85,1335056
2021-06-23 09:57:25,630.7,1335076
2021-06-23 09:57:26,630.75,1335096
2021-06-23 09:57:27,630.85,1335106
2021-06-23 09:57:28,630.85,1335556
2021-06-23 09:57:29,630.85,1335561
2021-06-23 09:57:30,630.85,1335561
2021-06-23 09:57:31,630.8,1335636
2021-06-23 09:57:32,630.75,1335652
2021-06-23 09:57:33,630.75,1335652
2021-06-23 09:57:34,630.85,1335769
2021-06-23 09:57:35,630.85,1335769
2021-06-23 09:57:36,630.85,1335769
2021-06-23 09:57:37,630.8,1335820
2021-06-23 09:57:38,630.85,1336185
2021-06-23 09:57:39,630.85,1336364
2021-06-23 09:57:40,630.8,1336798
2021-06-23 09:57:41,630.8,1336898
2021-06-23 09:57:42,630.8,1336898
2021-06-23 09:57:43,630.85,1337217
2021-06-23 09:57:44,630.85,1338612
2021-06-23 09:57:45,630.85,1338742
2021-06-23 09:57:46,630.85,1339243
2021-06-23 09:57:47,630.9,1341594
2021-06-23 09:57:48,630.9,1341692
2021-06-23 09:57:49,630.9,1341892
2021-06-23 09:57:50,630.9,1341932
2021-06-23 09:57:51,630.8,1341973
2021-06-23 09:57:52,630.9,1341996
2021-06-23 09:57:53,630.9,1342062
2021-06-23 09:57:54,630.85,1343603
2021-06-23 09:57:55,630.8,1343794
2021-06-23 09:57:56,630.8,1343845
2021-06-23 09:57:57,630.8,1343845
2021-06-23 09:57:58,630.9,1343900
2021-06-23 09:57:59,630.9,1343900
2021-06-23 09:58:00,630.9,1344031
2021-06-23 09:58:01,631.0,1344227
2021-06-23 09:58:02,630.95,1344278
2021-06-23 09:58:03,631.0,1344301
2021-06-23 09:58:04,631.0,1344397
2021-06-23 09:58:05,630.95,1344472
2021-06-23 09:58:06,630.95,1344482
2021-06-23 09:58:07,630.95,1344682
2021-06-23 09:58:08,630.95,1344682
2021-06-23 09:58:12,630.9,1345597
2021-06-23 09:58:13,630.95,1345858
2021-06-23 09:58:15,630.9,1345864
2021-06-23 09:58:17,631.0,1346095
2021-06-23 09:58:18,630.95,1346159
2021-06-23 09:58:19,631.0,1346160
2021-06-23 09:58:22,631.0,1351600
2021-06-23 09:58:23,631.4,1353089
2021-06-23 09:58:24,631.5,1353385
2021-06-23 09:58:25,631.3,1353411
2021-06-23 09:58:26,631.55,1354425
2021-06-23 09:58:27,631.4,1354426
2021-06-23 09:58:28,631.4,1354426
2021-06-23 09:58:29,631.35,1354820
2021-06-23 09:58:30,631.25,1355338
2021-06-23 09:58:31,631.35,1355638
2021-06-23 09:58:32,631.3,1355738
2021-06-23 09:58:33,631.25,1355740
2021-06-23 09:58:34,631.3,1355813
2021-06-23 09:58:35,631.3,1355839
2021-06-23 09:58:36,631.3,1355970
2021-06-23 09:58:37,631.3,1356469
2021-06-23 09:58:38,631.4,1356579
2021-06-23 09:58:39,631.3,1356599
2021-06-23 09:58:40,631.4,1357456
2021-06-23 09:58:41,631.4,1357456
2021-06-23 09:58:42,631.35,1358184
2021-06-23 09:58:43,631.35,1358806
2021-06-23 09:58:44,631.2,1359166
2021-06-23 09:58:45,631.2,1359166
2021-06-23 09:58:46,631.0,1359336
2021-06-23 09:58:47,631.2,1359437
2021-06-23 09:58:48,631.25,1359688
2021-06-23 09:58:49,631.25,1359738
2021-06-23 09:58:50,631.05,1359768
2021-06-23 09:58:51,631.25,1359810
2021-06-23 09:58:52,631.25,1359820
2021-06-23 09:58:53,631.25,1359820
2021-06-23 09:58:54,631.25,1360221
2021-06-23 09:58:55,631.05,1360268
2021-06-23 09:58:56,631.05,1360278
2021-06-23 09:58:57,631.05,1360278
2021-06-23 09:59:00,631.2,1361137
2021-06-23 09:59:01,631.2,1361137
2021-06-23 09:59:02,631.2,1361252
2021-06-23 09:59:03,631.2,1361386
2021-06-23 09:59:04,631.2,1361392
2021-06-23 09:59:05,631.2,1361392
2021-06-23 09:59:06,631.25,1362215
2021-06-23 09:59:07,631.2,1362568
2021-06-23 09:59:08,631.25,1362718
2021-06-23 09:59:09,631.25,1362718
2021-06-23 09:59:10,631.25,1362720
2021-06-23 09:59:11,631.1,1362735
2021-06-23 09:59:12,631.1,1362935
2021-06-23 09:59:13,631.1,1362935
2021-06-23 09:59:14,631.1,1363135
2021-06-23 09:59:16,631.1,1363320
2021-06-23 09:59:17,631.25,1363720
2021-06-23 09:59:18,631.25,1363720
2021-06-23 09:59:19,631.25,1363720
2021-06-23 09:59:20,631.25,1363721
2021-06-23 09:59:21,631.25,1363721
2021-06-23 09:59:22,631.2,1363791
2021-06-23 09:59:23,631.2,1363824
2021-06-23 09:59:24,631.2,1363824
2021-06-23 09:59:25,631.25,1363826
2021-06-23 09:59:26,631.25,1364015
2021-06-23 09:59:27,631.35,1364115
2021-06-23 09:59:28,631.35,1364115
2021-06-23 09:59:29,631.35,1364130
2021-06-23 09:59:30,631.25,1364134
2021-06-23 09:59:32,631.25,1364134
2021-06-23 09:59:32,631.25,1364134
2021-06-23 09:59:33,631.35,1364334
2021-06-23 09:59:34,631.35,1364454
2021-06-23 09:59:35,631.25,1364462
2021-06-23 09:59:36,631.35,1364472
2021-06-23 09:59:37,631.15,1364690
2021-06-23 09:59:38,631.15,1364690
2021-06-23 09:59:39,631.35,1364699
2021-06-23 09:59:41,631.35,1364699
2021-06-23 09:59:42,631.35,1364699
2021-06-23 09:59:42,631.35,1364699
2021-06-23 09:59:43,631.15,1365199
2021-06-23 09:59:44,631.25,1365347
2021-06-23 09:59:45,631.3,1365419
2021-06-23 09:59:46,631.25,1365449
2021-06-23 09:59:47,631.25,1365449
2021-06-23 09:59:48,631.2,1365724
2021-06-23 09:59:49,631.25,1365773
2021-06-23 09:59:50,631.2,1366468
2021-06-23 09:59:51,631.2,1366468
2021-06-23 09:59:53,631.25,1366471
2021-06-23 09:59:53,631.25,1366471
2021-06-23 09:59:54,631.25,1366481
2021-06-23 09:59:55,631.25,1366586
2021-06-23 09:59:56,631.25,1366621
2021-06-23 09:59:57,631.25,1366671
2021-06-23 10:00:00,631.25,1366681
2021-06-23 10:00:01,631.2,1366774
2021-06-23 10:00:01,631.15,1366769
2021-06-23 10:00:02,631.1,1367302
2021-06-23 10:00:03,631.15,1367359
2021-06-23 10:00:04,631.0,1367909
2021-06-23 10:00:05,631.0,1367957
2021-06-23 10:00:06,631.15,1367992
2021-06-23 10:00:07,631.0,1368004
2021-06-23 10:00:08,631.0,1368004
2021-06-23 10:00:09,631.0,1368015
2021-06-23 10:00:11,631.15,1368238
2021-06-23 10:00:11,631.15,1368263
2021-06-23 10:00:13,631.2,1369576
2021-06-23 10:00:13,631.2,1369576
2021-06-23 10:00:14,631.2,1369576
2021-06-23 10:00:15,631.2,1369681
2021-06-23 10:00:16,631.35,1370980
2021-06-23 10:00:17,631.35,1372439
2021-06-23 10:00:18,631.4,1372963
2021-06-23 10:00:19,631.35,1374489
2021-06-23 10:00:20,631.55,1376552
2021-06-23 10:00:21,631.5,1376652
2021-06-23 10:00:22,631.6,1377010
2021-06-23 10:00:23,631.6,1377035
2021-06-23 10:00:24,631.6,1377035
2021-06-23 10:00:25,631.6,1377036
2021-06-23 10:00:26,631.6,1377036
2021-06-23 10:00:27,631.6,1377386
2021-06-23 10:00:28,631.6,1377390
2021-06-23 10:00:29,631.6,1377495
2021-06-23 10:00:30,631.6,1377495
2021-06-23 10:00:31,631.6,1377498
2021-06-23 10:00:32,631.6,1377648
2021-06-23 10:00:33,631.5,1378223
2021-06-23 10:00:36,631.8,1387019
2021-06-23 10:00:37,631.8,1387274
2021-06-23 10:00:38,631.7,1387313
2021-06-23 10:00:39,631.8,1387417
2021-06-23 10:00:40,631.8,1387477
2021-06-23 10:00:41,631.8,1387510
2021-06-23 10:00:42,631.8,1387513
2021-06-23 10:00:43,631.7,1387545
2021-06-23 10:00:44,631.7,1387572
2021-06-23 10:00:46,631.8,1387695
2021-06-23 10:00:47,631.7,1387708
2021-06-23 10:00:48,631.8,1387739
2021-06-23 10:00:49,631.8,1387787
2021-06-23 10:00:49,631.8,1387787
2021-06-23 10:00:50,631.85,1388289
2021-06-23 10:00:51,631.7,1388789
2021-06-23 10:00:52,631.85,1388807
2021-06-23 10:00:53,631.85,1388817
2021-06-23 10:00:54,631.8,1389167
2021-06-23 10:00:55,631.85,1389467
2021-06-23 10:00:56,631.85,1389583
2021-06-23 10:00:57,631.85,1389583
2021-06-23 10:00:58,631.85,1389583
2021-06-23 10:00:59,631.85,1389583
2021-06-23 10:01:00,631.8,1389630
2021-06-23 10:01:01,631.8,1389711
2021-06-23 10:01:02,631.65,1389820
2021-06-23 10:01:03,631.8,1390192
2021-06-23 10:01:04,631.65,1390397
2021-06-23 10:01:05,631.65,1390497
2021-06-23 10:01:06,631.65,1390515
2021-06-23 10:01:09,631.6,1390876
2021-06-23 10:01:10,631.6,1390878
2021-06-23 10:01:10,631.75,1390888
2021-06-23 10:01:11,631.65,1391098
2021-06-23 10:01:12,631.75,1391102
2021-06-23 10:01:13,631.65,1391104
2021-06-23 10:01:14,631.65,1391104
2021-06-23 10:01:15,631.65,1391104
2021-06-23 10:01:16,631.7,1391114
2021-06-23 10:01:18,631.45,1391430
2021-06-23 10:01:18,631.45,1391430
2021-06-23 10:01:20,631.55,1392348
2021-06-23 10:01:22,631.6,1392400
2021-06-23 10:01:23,631.6,1392500
2021-06-23 10:01:24,631.6,1392522
2021-06-23 10:01:24,631.6,1392522
2021-06-23 10:01:25,631.6,1392762
2021-06-23 10:01:26,631.6,1392763
2021-06-23 10:01:27,631.6,1392763
2021-06-23 10:01:28,631.6,1392813
2021-06-23 10:01:29,631.6,1393013
2021-06-23 10:01:30,631.6,1393040
2021-06-23 10:01:31,631.5,1393127
2021-06-23 10:01:32,631.55,1393227
2021-06-23 10:01:33,631.55,1393275
2021-06-23 10:01:34,631.55,1393305
2021-06-23 10:01:35,631.55,1393355
2021-06-23 10:01:36,631.55,1393355
2021-06-23 10:01:37,631.55,1393477
2021-06-23 10:01:38,631.55,1393479
2021-06-23 10:01:40,631.55,1393479
2021-06-23 10:01:41,631.5,1393985
2021-06-23 10:01:42,631.5,1393985
2021-06-23 10:01:43,631.5,1394000
2021-06-23 10:01:44,631.5,1394024
2021-06-23 10:01:45,631.5,1394024
2021-06-23 10:01:46,631.55,1394134
2021-06-23 10:01:47,631.55,1394134
2021-06-23 10:01:48,631.5,1394153
2021-06-23 10:01:49,631.55,1394471
2021-06-23 10:01:50,631.55,1394471
2021-06-23 10:01:51,631.55,1394471
2021-06-23 10:01:52,631.5,1394490
2021-06-23 10:01:53,631.5,1394490
2021-06-23 10:01:54,631.8,1399490
2021-06-23 10:01:55,631.6,1400360
2021-06-23 10:01:55,631.6,1400360
2021-06-23 10:01:56,631.6,1400404
2021-06-23 10:01:57,631.6,1400404
2021-06-23 10:01:58,631.65,1400971
2021-06-23 10:01:59,631.65,1400971
2021-06-23 10:02:00,631.65,1401016
2021-06-23 10:02:01,631.75,1402349
2021-06-23 10:02:02,631.75,1402349
2021-06-23 10:02:03,631.8,1402422
2021-06-23 10:02:05,631.75,1402514
2021-06-23 10:02:06,631.75,1402514
2021-06-23 10:02:07,632.05,1407625
2021-06-23 10:02:08,631.8,1407775
2021-06-23 10:02:09,632.05,1407776
2021-06-23 10:02:10,632.05,1407776
2021-06-23 10:02:11,632.0,1407876
2021-06-23 10:02:12,632.05,1407901
2021-06-23 10:02:13,632.05,1408001
2021-06-23 10:02:15,632.05,1408001
2021-06-23 10:02:16,632.0,1408051
2021-06-23 10:02:17,632.0,1408051
2021-06-23 10:02:18,632.0,1408052
2021-06-23 10:02:18,632.0,1408052
2021-06-23 10:02:19,632.0,1408386
2021-06-23 10:02:20,632.0,1408386
2021-06-23 10:02:21,632.0,1408986
2021-06-23 10:02:22,632.0,1408986
2021-06-23 10:02:23,632.1,1409890
2021-06-23 10:02:24,632.05,1409916
2021-06-23 10:02:25,632.05,1409916
2021-06-23 10:02:26,632.05,1409916
2021-06-23 10:02:27,632.05,1409974
2021-06-23 10:02:29,632.05,1410034
2021-06-23 10:02:30,632.05,1410034
2021-06-23 10:02:31,632.1,1410035
2021-06-23 10:02:32,632.1,1410060
2021-06-23 10:02:33,632.05,1410287
2021-06-23 10:02:34,632.1,1410419
2021-06-23 10:02:35,632.05,1410583
2021-06-23 10:02:35,632.05,1410583
2021-06-23 10:02:36,632.05,1411915
2021-06-23 10:02:37,631.85,1417124
2021-06-23 10:02:38,631.8,1417377
2021-06-23 10:02:39,631.8,1417413
2021-06-23 10:02:41,631.8,1417470
2021-06-23 10:02:43,631.9,1417747
2021-06-23 10:02:44,631.9,1418803
2021-06-23 10:02:45,631.85,1418863
2021-06-23 10:02:46,631.85,1419067
2021-06-23 10:02:47,631.85,1420333
2021-06-23 10:02:48,631.85,1420382
2021-06-23 10:02:49,631.85,1420382
2021-06-23 10:02:51,631.8,1420457
2021-06-23 10:02:52,631.8,1420457
2021-06-23 10:02:53,631.85,1420477
2021-06-23 10:02:55,631.8,1420749
2021-06-23 10:02:56,631.85,1420799
2021-06-23 10:02:57,631.8,1420809
2021-06-23 10:02:58,631.85,1420875
2021-06-23 10:02:59,631.85,1420875
2021-06-23 10:02:59,631.85,1420880
2021-06-23 10:03:01,631.8,1420934
2021-06-23 10:03:01,631.8,1420934
2021-06-23 10:03:03,631.85,1421175
2021-06-23 10:03:04,631.85,1421354
2021-06-23 10:03:05,631.85,1421357
2021-06-23 10:03:06,631.95,1422994
2021-06-23 10:03:07,632.0,1425369
2021-06-23 10:03:08,631.85,1425519
2021-06-23 10:03:09,632.0,1426224
2021-06-23 10:03:10,632.0,1426224
2021-06-23 10:03:11,632.05,1426894
2021-06-23 10:03:11,632.05,1427094
2021-06-23 10:03:12,632.05,1427094
2021-06-23 10:03:14,632.0,1427113
2021-06-23 10:03:15,631.95,1427381
2021-06-23 10:03:16,631.95,1427381
2021-06-23 10:03:17,631.85,1427387
2021-06-23 10:03:18,632.0,1427889
2021-06-23 10:03:19,632.0,1427909
2021-06-23 10:03:21,632.0,1427909
2021-06-23 10:03:22,632.0,1427909
2021-06-23 10:03:23,632.0,1428031
2021-06-23 10:03:24,631.85,1428370
2021-06-23 10:03:26,631.8,1429837
2021-06-23 10:03:27,631.85,1430189
2021-06-23 10:03:28,631.8,1430318
2021-06-23 10:03:29,631.75,1430389
2021-06-23 10:03:29,631.75,1430389
2021-06-23 10:03:30,631.75,1430435
2021-06-23 10:03:31,631.65,1430463
2021-06-23 10:03:32,631.75,1430670
2021-06-23 10:03:33,631.75,1430819
2021-06-23 10:03:34,631.75,1430994
2021-06-23 10:03:35,631.75,1430998
2021-06-23 10:03:36,631.75,1431048
2021-06-23 10:03:38,631.65,1431059
2021-06-23 10:03:39,631.75,1431836
2021-06-23 10:03:40,631.85,1431939
2021-06-23 10:03:41,631.8,1432020
2021-06-23 10:03:42,631.8,1432020
2021-06-23 10:03:43,631.95,1432781
2021-06-23 10:03:43,631.95,1432801
2021-06-23 10:03:45,631.95,1432871
2021-06-23 10:03:46,631.95,1432871
2021-06-23 10:03:47,631.85,1432892
2021-06-23 10:03:48,631.85,1432893
2021-06-23 10:03:49,631.95,1432941
2021-06-23 10:03:49,631.95,1432941
2021-06-23 10:03:50,631.95,1432941
2021-06-23 10:03:51,631.85,1432953
2021-06-23 10:03:53,631.95,1432963
2021-06-23 10:03:54,631.95,1434338
2021-06-23 10:03:55,631.95,1434338
2021-06-23 10:03:56,631.95,1434342
2021-06-23 10:03:57,631.95,1434656
2021-06-23 10:03:58,631.95,1434865
2021-06-23 10:03:58,631.95,1434865
2021-06-23 10:03:59,631.95,1435996
2021-06-23 10:04:02,631.9,1436313
2021-06-23 10:04:03,631.9,1436326
2021-06-23 10:04:04,631.85,1436447
2021-06-23 10:04:06,631.85,1436497
2021-06-23 10:04:07,631.85,1436503
2021-06-23 10:04:08,631.85,1436503
2021-06-23 10:04:09,631.75,1436757
2021-06-23 10:04:10,631.55,1437152
2021-06-23 10:04:11,631.7,1437222
2021-06-23 10:04:12,631.7,1437222
2021-06-23 10:04:13,631.7,1437284
2021-06-23 10:04:14,631.7,1437284
2021-06-23 10:04:15,631.7,1437284
2021-06-23 10:04:16,631.7,1437509
2021-06-23 10:04:16,631.55,1437560
2021-06-23 10:04:18,631.55,1437560
2021-06-23 10:04:19,631.5,1437672
2021-06-23 10:04:20,631.7,1437722
2021-06-23 10:04:20,631.7,1437722
2021-06-23 10:04:21,631.7,1437722
2021-06-23 10:04:22,631.7,1437722
2021-06-23 10:04:23,631.65,1437746
2021-06-23 10:04:24,631.65,1437760
2021-06-23 10:04:25,631.65,1437860
2021-06-23 10:04:27,631.65,1437860
2021-06-23 10:04:28,631.5,1438860
2021-06-23 10:04:29,631.65,1438862
2021-06-23 10:04:30,631.65,1438862
2021-06-23 10:04:31,631.5,1438863
2021-06-23 10:04:32,631.5,1438863
2021-06-23 10:04:33,631.5,1438863
2021-06-23 10:04:34,631.65,1438911
2021-06-23 10:04:34,631.65,1438911
2021-06-23 10:04:36,631.5,1439081
2021-06-23 10:04:37,631.65,1439091
2021-06-23 10:04:38,631.65,1439091
2021-06-23 10:04:39,631.65,1439091
2021-06-23 10:04:40,631.5,1439226
2021-06-23 10:04:41,631.5,1439226
2021-06-23 10:04:42,631.65,1439244
2021-06-23 10:04:43,631.65,1439266
2021-06-23 10:04:44,631.65,1439269
2021-06-23 10:04:45,631.65,1439269
2021-06-23 10:04:46,631.65,1439369
2021-06-23 10:04:47,631.65,1439430
2021-06-23 10:04:47,631.65,1439430
2021-06-23 10:04:48,631.65,1439543
2021-06-23 10:04:49,631.65,1439543
2021-06-23 10:04:50,631.65,1439667
2021-06-23 10:04:51,631.65,1439667
2021-06-23 10:04:52,631.55,1439769
2021-06-23 10:04:54,631.45,1440339
2021-06-23 10:04:55,631.45,1440349
2021-06-23 10:04:56,631.45,1440349
2021-06-23 10:04:57,631.2,1440530
2021-06-23 10:04:58,631.45,1440640
2021-06-23 10:04:58,631.4,1440540
2021-06-23 10:04:59,631.45,1440640
2021-06-23 10:05:00,631.2,1440694
2021-06-23 10:05:01,631.55,1444024
2021-06-23 10:05:03,631.55,1444097
2021-06-23 10:05:04,631.55,1444097
2021-06-23 10:05:05,631.55,1444097
2021-06-23 10:05:06,631.55,1444097
2021-06-23 10:05:07,631.55,1444097
2021-06-23 10:05:08,631.55,1444147
2021-06-23 10:05:09,631.55,1444147
2021-06-23 10:05:10,631.5,1444471
2021-06-23 10:05:15,631.25,1444880
2021-06-23 10:05:15,631.45,1444879
2021-06-23 10:05:16,631.2,1444992
2021-06-23 10:05:18,631.3,1445096
2021-06-23 10:05:19,631.3,1445096
2021-06-23 10:05:20,631.25,1445132
2021-06-23 10:05:20,631.45,1445116
2021-06-23 10:05:21,631.45,1445532
2021-06-23 10:05:24,631.45,1445714
2021-06-23 10:05:25,631.45,1446279
2021-06-23 10:05:26,631.4,1446479
2021-06-23 10:05:27,631.4,1446479
2021-06-23 10:05:29,631.55,1446731
2021-06-23 10:05:30,631.55,1447087
2021-06-23 10:05:31,631.5,1447187
2021-06-23 10:05:32,631.55,1447238
2021-06-23 10:05:33,631.55,1447336
2021-06-23 10:05:34,631.55,1447336
2021-06-23 10:05:35,631.5,1447362
2021-06-23 10:05:37,631.55,1447381
2021-06-23 10:05:38,631.55,1447491
2021-06-23 10:05:39,631.55,1447501
2021-06-23 10:05:40,631.55,1447503
2021-06-23 10:05:41,631.55,1447503
2021-06-23 10:05:42,631.5,1447506
2021-06-23 10:05:43,631.55,1447529
2021-06-23 10:05:45,631.55,1447529
2021-06-23 10:05:46,631.55,1447529
2021-06-23 10:05:47,631.55,1447529
2021-06-23 10:05:48,631.55,1447578
2021-06-23 10:05:49,631.55,1447581
2021-06-23 10:05:49,631.5,1447582
2021-06-23 10:05:51,631.5,1447582
2021-06-23 10:05:52,631.55,1448461
2021-06-23 10:05:53,631.55,1448462
2021-06-23 10:05:54,631.55,1448462
2021-06-23 10:05:55,631.55,1448474
2021-06-23 10:05:56,631.55,1448474
2021-06-23 10:05:57,631.55,1448474
2021-06-23 10:05:57,631.45,1448495
2021-06-23 10:05:59,631.45,1448795
2021-06-23 10:06:00,631.55,1448845
2021-06-23 10:06:01,631.55,1448890
2021-06-23 10:06:02,631.45,1448905
2021-06-23 10:06:03,631.55,1448986
2021-06-23 10:06:04,631.5,1448996
2021-06-23 10:06:05,631.5,1448996
2021-06-23 10:06:06,631.5,1448997
2021-06-23 10:06:07,631.55,1449076
2021-06-23 10:06:08,631.5,1449083
2021-06-23 10:06:09,631.55,1449086
2021-06-23 10:06:10,631.55,1449326
2021-06-23 10:06:11,631.5,1449357
2021-06-23 10:06:12,631.5,1449357
2021-06-23 10:06:13,631.5,1449357
2021-06-23 10:06:14,631.5,1449357
2021-06-23 10:06:15,631.5,1449357
2021-06-23 10:06:16,631.55,1449914
2021-06-23 10:06:17,631.55,1449940
2021-06-23 10:06:18,631.55,1449940
2021-06-23 10:06:19,631.55,1449989
2021-06-23 10:06:20,631.55,1450521
2021-06-23 10:06:20,631.55,1450521
2021-06-23 10:06:22,631.55,1450521
2021-06-23 10:06:23,631.55,1450521
2021-06-23 10:06:24,631.55,1450544
2021-06-23 10:06:25,631.55,1450544
2021-06-23 10:06:26,631.55,1450574
2021-06-23 10:06:27,631.55,1450574
2021-06-23 10:06:28,631.5,1450584
2021-06-23 10:06:29,631.55,1450614
2021-06-23 10:06:30,631.55,1450614
2021-06-23 10:06:31,631.55,1451205
2021-06-23 10:06:32,631.6,1451867
2021-06-23 10:06:33,631.6,1451907
2021-06-23 10:06:34,631.6,1452454
2021-06-23 10:06:35,631.65,1452479
2021-06-23 10:06:36,631.7,1454973
2021-06-23 10:06:37,632.1,1456911
2021-06-23 10:06:37,632.1,1456911
2021-06-23 10:06:39,631.75,1457544
2021-06-23 10:06:40,631.7,1457554
2021-06-23 10:06:41,631.7,1457554
2021-06-23 10:06:42,631.7,1457554
2021-06-23 10:06:43,631.7,1457677
2021-06-23 10:06:43,631.7,1457677
2021-06-23 10:06:44,631.7,1457677
2021-06-23 10:06:45,631.75,1457727
2021-06-23 10:06:46,631.75,1457747
2021-06-23 10:06:47,631.75,1457747
2021-06-23 10:06:48,631.9,1458660
2021-06-23 10:06:50,631.9,1458661
2021-06-23 10:06:51,631.9,1458661
2021-06-23 10:06:52,631.7,1458761
2021-06-23 10:06:53,631.7,1458761
2021-06-23 10:06:55,631.7,1458761
2021-06-23 10:06:55,631.7,1458761
2021-06-23 10:06:58,631.7,1458786
2021-06-23 10:06:59,631.7,1458791
2021-06-23 10:07:00,631.7,1458792
2021-06-23 10:07:01,631.8,1458839
2021-06-23 10:07:01,631.8,1458849
2021-06-23 10:07:02,631.7,1458899
2021-06-23 10:07:04,631.7,1459038
2021-06-23 10:07:05,631.7,1460600
2021-06-23 10:07:07,631.8,1461374
2021-06-23 10:07:08,631.9,1461385
2021-06-23 10:07:09,631.9,1461385
2021-06-23 10:07:09,631.9,1461385
2021-06-23 10:07:11,631.9,1461412
2021-06-23 10:07:12,631.8,1461712
2021-06-23 10:07:13,631.8,1461712
2021-06-23 10:07:14,631.8,1461712
2021-06-23 10:07:15,631.85,1461714
2021-06-23 10:07:16,631.9,1461754
2021-06-23 10:07:17,631.9,1461754
2021-06-23 10:07:18,631.9,1462181
2021-06-23 10:07:19,631.85,1466987
2021-06-23 10:07:21,631.8,1467694
2021-06-23 10:07:22,631.85,1467759
2021-06-23 10:07:23,631.85,1468016
2021-06-23 10:07:24,631.85,1468017
2021-06-23 10:07:25,631.85,1468017
2021-06-23 10:07:26,631.85,1468362
2021-06-23 10:07:27,631.8,1468387
2021-06-23 10:07:28,631.8,1468387
2021-06-23 10:07:29,631.8,1468387
2021-06-23 10:07:30,631.8,1468387
2021-06-23 10:07:31,631.8,1468387
2021-06-23 10:07:32,631.85,1468401
2021-06-23 10:07:32,631.85,1468401
2021-06-23 10:07:34,631.8,1468549
2021-06-23 10:07:35,631.8,1468657
2021-06-23 10:07:36,631.8,1468672
2021-06-23 10:07:37,631.8,1469322
2021-06-23 10:07:38,631.8,1469322
2021-06-23 10:07:39,631.8,1469416
2021-06-23 10:07:40,631.9,1469544
2021-06-23 10:07:41,631.85,1469576
2021-06-23 10:07:42,631.85,1469576
2021-06-23 10:07:43,631.9,1470921
2021-06-23 10:07:44,631.9,1470972
2021-06-23 10:07:45,631.9,1470972
2021-06-23 10:07:46,631.9,1470983
2021-06-23 10:07:47,631.9,1471083
2021-06-23 10:07:48,631.9,1471231
2021-06-23 10:07:49,631.9,1471231
2021-06-23 10:07:50,631.9,1471379
2021-06-23 10:07:50,631.9,1471379
2021-06-23 10:07:52,631.9,1471384
2021-06-23 10:07:53,631.9,1471389
2021-06-23 10:07:54,631.9,1471409
2021-06-23 10:07:55,631.9,1471409
2021-06-23 10:07:56,631.85,1471498
2021-06-23 10:07:57,631.85,1471498
2021-06-23 10:07:58,631.85,1471498
2021-06-23 10:07:58,631.85,1471498
2021-06-23 10:07:59,631.9,1471500
2021-06-23 10:08:00,631.9,1471501
2021-06-23 10:08:02,631.9,1471546
2021-06-23 10:08:03,631.85,1471548
2021-06-23 10:08:04,631.9,1471620
2021-06-23 10:08:05,631.9,1471643
2021-06-23 10:08:06,631.85,1471743
2021-06-23 10:08:07,631.9,1471756
2021-06-23 10:08:08,631.9,1471756
2021-06-23 10:08:09,631.85,1471764
2021-06-23 10:08:10,631.85,1471764
2021-06-23 10:08:11,631.85,1471764
2021-06-23 10:08:12,631.85,1471764
2021-06-23 10:08:13,631.85,1471764
2021-06-23 10:08:14,631.9,1471766
2021-06-23 10:08:15,631.9,1471766
2021-06-23 10:08:16,631.9,1471766
2021-06-23 10:08:17,631.9,1471795
2021-06-23 10:08:18,631.9,1471874
2021-06-23 10:08:19,631.9,1471884
2021-06-23 10:08:20,631.9,1471885
2021-06-23 10:08:21,631.9,1471885
2021-06-23 10:08:22,631.9,1471885
2021-06-23 10:08:23,631.9,1471885
2021-06-23 10:08:25,631.9,1471924
2021-06-23 10:08:26,632.0,1474924
2021-06-23 10:08:27,631.85,1474934
2021-06-23 10:08:28,631.9,1475134
2021-06-23 10:08:29,631.9,1475234
2021-06-23 10:08:30,631.9,1475234
2021-06-23 10:08:31,631.9,1475364
2021-06-23 10:08:32,631.9,1475364
2021-06-23 10:08:33,631.9,1475464
2021-06-23 10:08:34,631.9,1475567
2021-06-23 10:08:35,631.9,1475567
2021-06-23 10:08:36,631.9,1476992
2021-06-23 10:08:37,631.9,1477092
2021-06-23 10:08:38,631.9,1477100
2021-06-23 10:08:39,631.9,1477100
2021-06-23 10:08:40,631.9,1477100
2021-06-23 10:08:41,631.9,1477111
2021-06-23 10:08:42,631.9,1477111
2021-06-23 10:08:43,631.9,1477133
2021-06-23 10:08:44,631.9,1477133
