timestamp,ltp,volume
2021-06-23 09:16:38,113.7,221559
2021-06-23 09:16:43,113.65,224245
2021-06-23 09:16:47,113.7,227379
2021-06-23 09:16:55,113.75,265065
2021-06-23 09:17:00,113.75,267396
2021-06-23 09:17:04,113.7,271217
2021-06-23 09:17:09,113.75,277123
2021-06-23 09:17:13,113.8,279911
2021-06-23 09:17:17,113.9,280653
2021-06-23 09:17:21,113.85,283288
2021-06-23 09:17:26,113.9,285639
2021-06-23 09:17:34,114.05,289512
2021-06-23 09:17:38,114.0,290122
2021-06-23 09:17:43,114.05,293692
2021-06-23 09:17:47,114.05,295567
2021-06-23 09:17:51,114.1,298313
2021-06-23 09:17:55,114.05,303219
2021-06-23 09:17:59,114.0,303272
2021-06-23 09:18:03,113.95,312273
2021-06-23 09:18:07,113.9,321090
2021-06-23 09:18:12,113.9,321352
2021-06-23 09:18:16,113.8,325361
2021-06-23 09:18:20,113.65,332755
2021-06-23 09:18:28,113.75,337157
2021-06-23 09:18:33,113.75,338635
2021-06-23 09:18:37,113.85,339253
2021-06-23 09:18:41,113.8,340503
2021-06-23 09:18:45,113.85,342014
2021-06-23 09:18:49,113.75,342940
2021-06-23 09:18:54,113.9,350158
2021-06-23 09:18:58,113.85,350175
2021-06-23 09:19:02,113.75,353513
2021-06-23 09:19:10,113.65,386946
2021-06-23 09:19:15,113.75,389907
2021-06-23 09:19:19,113.8,390904
2021-06-23 09:19:23,113.7,392724
2021-06-23 09:19:27,113.7,394543
2021-06-23 09:19:35,113.7,396724
2021-06-23 09:19:39,113.75,409842
2021-06-23 09:19:51,113.7,410334
2021-06-23 09:19:55,113.75,412467
2021-06-23 09:19:59,113.85,414197
2021-06-23 09:20:03,113.75,418455
2021-06-23 09:20:07,113.8,419503
2021-06-23 09:20:11,113.75,420563
2021-06-23 09:20:15,113.8,421157
2021-06-23 09:20:19,113.8,422498
2021-06-23 09:20:23,113.8,422793
2021-06-23 09:20:27,113.8,422864
2021-06-23 09:20:31,113.75,426594
2021-06-23 09:20:35,113.8,427406
2021-06-23 09:20:39,113.8,427978
2021-06-23 09:20:43,113.7,438670
2021-06-23 09:20:47,113.8,439678
2021-06-23 09:20:52,113.75,440179
2021-06-23 09:21:00,113.7,451988
2021-06-23 09:21:04,113.7,452018
2021-06-23 09:21:08,113.6,476841
2021-06-23 09:21:12,113.5,508750
2021-06-23 09:21:16,113.55,514910
2021-06-23 09:21:20,113.4,520976
2021-06-23 09:21:24,113.4,523337
2021-06-23 09:21:28,113.4,525861
2021-06-23 09:21:32,113.35,530636
2021-06-23 09:21:36,113.35,530790
2021-06-23 09:21:40,113.4,530971
2021-06-23 09:21:44,113.45,532268
2021-06-23 09:21:48,113.5,533968
2021-06-23 09:21:52,113.4,536686
2021-06-23 09:21:56,113.35,540853
2021-06-23 09:22:00,113.35,552528
2021-06-23 09:22:04,113.35,556475
2021-06-23 09:22:08,113.35,557862
2021-06-23 09:22:12,113.4,561770
2021-06-23 09:22:16,113.35,566793
2021-06-23 09:22:20,113.4,570450
2021-06-23 09:22:24,113.4,571526
2021-06-23 09:22:28,113.4,574808
2021-06-23 09:22:32,113.3,576105
2021-06-23 09:22:36,113.4,576624
2021-06-23 09:22:40,113.3,587968
2021-06-23 09:22:44,113.4,588172
2021-06-23 09:22:48,113.3,589190
2021-06-23 09:22:52,113.3,595963
2021-06-23 09:22:56,113.2,609208
2021-06-23 09:23:00,113.25,609278
2021-06-23 09:23:04,113.2,610949
2021-06-23 09:23:08,113.3,611716
2021-06-23 09:23:12,113.2,619676
2021-06-23 09:23:16,113.25,620028
2021-06-23 09:23:20,113.3,620286
2021-06-23 09:23:24,113.35,622385
2021-06-23 09:23:28,113.35,622927
2021-06-23 09:23:32,113.3,624308
2021-06-23 09:23:36,113.25,629051
2021-06-23 09:23:40,113.35,629380
2021-06-23 09:23:44,113.35,630458
2021-06-23 09:23:48,113.25,631654
2021-06-23 09:23:52,113.3,633167
2021-06-23 09:23:56,113.3,635843
2021-06-23 09:24:00,113.4,638708
2021-06-23 09:24:04,113.35,640494
2021-06-23 09:24:08,113.3,646521
2021-06-23 09:24:12,113.4,649005
2021-06-23 09:24:16,113.35,650309
2021-06-23 09:24:20,113.5,661321
2021-06-23 09:24:24,113.5,661496
2021-06-23 09:24:28,113.5,661940
2021-06-23 09:24:32,113.5,665155
2021-06-23 09:24:36,113.5,665898
2021-06-23 09:24:40,113.4,668594
2021-06-23 09:24:44,113.5,668970
2021-06-23 09:24:48,113.5,668986
2021-06-23 09:24:51,113.5,670900
2021-06-23 09:24:55,113.55,671051
2021-06-23 09:25:00,113.5,673151
2021-06-23 09:25:04,113.5,673152
2021-06-23 09:25:08,113.55,673252
2021-06-23 09:25:12,113.65,679465
2021-06-23 09:25:16,113.55,679665
2021-06-23 09:25:20,113.55,680175
2021-06-23 09:25:24,113.55,680200
2021-06-23 09:25:28,113.65,685349
2021-06-23 09:25:32,113.65,687591
2021-06-23 09:25:35,113.7,688013
2021-06-23 09:25:39,113.7,699220
2021-06-23 09:25:43,113.75,700299
2021-06-23 09:25:47,113.75,701489
2021-06-23 09:25:51,113.75,705525
2021-06-23 09:25:54,113.75,705725
2021-06-23 09:25:58,113.65,709458
2021-06-23 09:26:02,113.7,712276
2021-06-23 09:26:06,113.7,712898
2021-06-23 09:26:14,113.75,717202
2021-06-23 09:26:18,113.8,723297
2021-06-23 09:26:21,113.8,723856
2021-06-23 09:26:25,113.8,723931
2021-06-23 09:26:29,113.8,725905
2021-06-23 09:26:32,113.7,726050
2021-06-23 09:26:36,113.7,726455
2021-06-23 09:26:40,113.75,727360
2021-06-23 09:26:44,113.8,727465
2021-06-23 09:26:47,113.75,728467
2021-06-23 09:26:51,113.7,734102
2021-06-23 09:26:55,113.8,737517
2021-06-23 09:26:58,113.8,737608
2021-06-23 09:27:02,113.8,739381
2021-06-23 09:27:06,113.75,739414
2021-06-23 09:27:10,113.7,743324
2021-06-23 09:27:13,113.75,743782
2021-06-23 09:27:17,113.7,760804
2021-06-23 09:27:25,113.65,763288
2021-06-23 09:27:29,113.6,780590
2021-06-23 09:27:32,113.6,780821
2021-06-23 09:27:36,113.6,782534
2021-06-23 09:27:40,113.6,782673
2021-06-23 09:27:43,113.6,783124
2021-06-23 09:27:47,113.6,785089
2021-06-23 09:27:50,113.65,789685
2021-06-23 09:27:54,113.6,789727
2021-06-23 09:27:57,113.6,789932
2021-06-23 09:28:04,113.55,794984
2021-06-23 09:28:08,113.65,795607
2021-06-23 09:28:11,113.65,796429
2021-06-23 09:28:15,113.65,804200
2021-06-23 09:28:19,113.7,806198
2021-06-23 09:28:22,113.7,806593
2021-06-23 09:28:26,113.65,806844
2021-06-23 09:28:30,113.6,808624
2021-06-23 09:28:33,113.65,808949
2021-06-23 09:28:37,113.65,808951
2021-06-23 09:28:40,113.6,810274
2021-06-23 09:28:44,113.6,810907
2021-06-23 09:28:47,113.6,811541
2021-06-23 09:28:51,113.65,813477
2021-06-23 09:28:55,113.55,822038
2021-06-23 09:28:59,113.6,822043
2021-06-23 09:29:03,113.55,822172
2021-06-23 09:29:07,113.55,822269
2021-06-23 09:29:11,113.55,822803
2021-06-23 09:29:14,113.5,824143
2021-06-23 09:29:18,113.5,858449
2021-06-23 09:29:25,113.45,860619
2021-06-23 09:29:29,113.5,860960
2021-06-23 09:29:33,113.45,861313
2021-06-23 09:29:36,113.4,865795
2021-06-23 09:29:40,113.45,865796
2021-06-23 09:29:43,113.4,868400
2021-06-23 09:29:47,113.3,871105
2021-06-23 09:29:50,113.35,871112
2021-06-23 09:29:54,113.35,873412
2021-06-23 09:29:58,113.35,873666
2021-06-23 09:30:01,113.45,877783
2021-06-23 09:30:05,113.35,878283
2021-06-23 09:30:12,113.45,880446
2021-06-23 09:30:20,113.35,889303
2021-06-23 09:30:24,113.35,889854
2021-06-23 09:30:28,113.35,893867
2021-06-23 09:30:31,113.35,894917
2021-06-23 09:30:35,113.35,898068
2021-06-23 09:30:42,113.35,901364
2021-06-23 09:30:46,113.35,901834
2021-06-23 09:30:50,113.35,902636
2021-06-23 09:30:53,113.25,904326
2021-06-23 09:31:01,113.3,904908
2021-06-23 09:31:08,113.25,920127
2021-06-23 09:31:12,113.25,922294
2021-06-23 09:31:16,113.25,924388
2021-06-23 09:31:20,113.2,924917
2021-06-23 09:31:24,113.2,927801
2021-06-23 09:31:28,113.3,928268
2021-06-23 09:31:36,113.25,930426
2021-06-23 09:31:40,113.3,932444
2021-06-23 09:31:44,113.3,933096
2021-06-23 09:31:47,113.2,936931
2021-06-23 09:31:51,113.2,937061
2021-06-23 09:31:55,113.3,937319
2021-06-23 09:31:58,113.25,937368
2021-06-23 09:32:10,113.35,939958
2021-06-23 09:32:13,113.4,944476
2021-06-23 09:32:17,113.35,944841
2021-06-23 09:32:21,113.35,945742
2021-06-23 09:32:25,113.4,945907
2021-06-23 09:32:28,113.35,945968
2021-06-23 09:32:36,113.4,951254
2021-06-23 09:32:43,113.5,953548
2021-06-23 09:32:47,113.45,955478
2021-06-23 09:32:51,113.4,957325
2021-06-23 09:32:55,113.4,957455
2021-06-23 09:32:58,113.45,958057
2021-06-23 09:33:02,113.3,962718
2021-06-23 09:33:06,113.4,965186
2021-06-23 09:33:10,113.45,966708
2021-06-23 09:33:17,113.45,966997
2021-06-23 09:33:21,113.45,967048
2021-06-23 09:33:24,113.35,968090
2021-06-23 09:33:28,113.45,968160
2021-06-23 09:33:32,113.45,968865
2021-06-23 09:33:36,113.4,969878
2021-06-23 09:33:39,113.45,970413
2021-06-23 09:33:43,113.45,970433
2021-06-23 09:33:47,113.35,971193
2021-06-23 09:33:50,113.4,973995
2021-06-23 09:33:54,113.45,974118
2021-06-23 09:33:57,113.4,974437
2021-06-23 09:34:01,113.45,974780
2021-06-23 09:34:04,113.4,981281
2021-06-23 09:34:08,113.4,982187
2021-06-23 09:34:12,113.4,982187
2021-06-23 09:34:16,113.45,983229
2021-06-23 09:34:20,113.45,983239
2021-06-23 09:34:24,113.45,983245
2021-06-23 09:34:27,113.4,983345
2021-06-23 09:34:31,113.4,983546
2021-06-23 09:34:34,113.4,983777
2021-06-23 09:34:38,113.4,983783
2021-06-23 09:34:42,113.45,985115
2021-06-23 09:34:45,113.4,985169
2021-06-23 09:34:49,113.4,985193
2021-06-23 09:34:53,113.45,985293
2021-06-23 09:34:56,113.4,985548
2021-06-23 09:34:59,113.45,985915
2021-06-23 09:35:03,113.45,986516
2021-06-23 09:35:06,113.45,986736
2021-06-23 09:35:10,113.4,987540
2021-06-23 09:35:14,113.4,988542
2021-06-23 09:35:17,113.4,989096
2021-06-23 09:35:21,113.4,989297
2021-06-23 09:35:25,113.4,989428
2021-06-23 09:35:28,113.4,990004
2021-06-23 09:35:32,113.4,990324
2021-06-23 09:35:35,113.4,990729
2021-06-23 09:35:38,113.45,990830
2021-06-23 09:35:42,113.4,990932
2021-06-23 09:35:46,113.4,990972
2021-06-23 09:35:50,113.45,999836
2021-06-23 09:35:53,113.45,999936
2021-06-23 09:35:57,113.4,1001056
2021-06-23 09:36:01,113.4,1001381
2021-06-23 09:36:04,113.4,1001381
2021-06-23 09:36:08,113.45,1001383
2021-06-23 09:36:18,113.45,1004302
2021-06-23 09:36:22,113.5,1006891
2021-06-23 09:36:31,113.4,1007752
2021-06-23 09:36:35,113.5,1008338
2021-06-23 09:36:38,113.45,1008340
2021-06-23 09:36:42,113.4,1008344
2021-06-23 09:36:45,113.45,1008409
2021-06-23 09:36:48,113.4,1008710
2021-06-23 09:36:52,113.45,1008754
2021-06-23 09:36:56,113.45,1009177
2021-06-23 09:36:59,113.4,1009190
2021-06-23 09:37:03,113.5,1009621
2021-06-23 09:37:06,113.45,1010044
2021-06-23 09:37:10,113.5,1017723
2021-06-23 09:37:13,113.45,1017903
2021-06-23 09:37:17,113.5,1017996
2021-06-23 09:37:23,113.5,1027505
2021-06-23 09:37:27,113.5,1028284
2021-06-23 09:37:30,113.55,1028380
2021-06-23 09:37:34,113.55,1033701
2021-06-23 09:37:37,113.55,1033716
2021-06-23 09:37:41,113.55,1034900
2021-06-23 09:37:44,113.55,1034900
2021-06-23 09:37:48,113.5,1034904
2021-06-23 09:37:51,113.6,1047545
2021-06-23 09:37:55,113.5,1047677
2021-06-23 09:37:59,113.6,1047799
2021-06-23 09:38:02,113.5,1048321
2021-06-23 09:38:06,113.5,1048412
2021-06-23 09:38:10,113.6,1049312
2021-06-23 09:38:13,113.6,1049562
2021-06-23 09:38:16,113.5,1049673
2021-06-23 09:38:20,113.5,1051318
2021-06-23 09:38:23,113.55,1066316
2021-06-23 09:38:26,113.5,1066418
2021-06-23 09:38:30,113.55,1066468
2021-06-23 09:38:33,113.5,1066520
2021-06-23 09:38:39,113.55,1066652
2021-06-23 09:38:42,113.55,1066692
2021-06-23 09:38:46,113.55,1067058
2021-06-23 09:38:49,113.55,1077085
2021-06-23 09:38:52,113.55,1077158
2021-06-23 09:38:55,113.5,1077159
2021-06-23 09:38:59,113.55,1077361
2021-06-23 09:39:02,113.5,1077861
2021-06-23 09:39:05,113.5,1078671
2021-06-23 09:39:09,113.5,1078694
2021-06-23 09:39:12,113.55,1092087
2021-06-23 09:39:15,113.55,1092624
2021-06-23 09:39:18,113.55,1094119
2021-06-23 09:39:21,113.55,1094125
2021-06-23 09:39:23,113.55,1094126
2021-06-23 09:39:26,113.6,1094127
2021-06-23 09:39:30,113.6,1094197
2021-06-23 09:39:33,113.55,1094298
2021-06-23 09:39:37,113.55,1094389
2021-06-23 09:39:40,113.6,1098440
2021-06-23 09:39:43,113.6,1098440
2021-06-23 09:39:47,113.65,1098875
2021-06-23 09:39:50,113.65,1098919
2021-06-23 09:39:54,113.7,1100392
2021-06-23 09:39:57,113.7,1102740
2021-06-23 09:40:01,113.7,1103947
2021-06-23 09:40:04,113.7,1104040
2021-06-23 09:40:08,113.65,1108017
2021-06-23 09:40:11,113.65,1108136
2021-06-23 09:40:14,113.65,1108384
2021-06-23 09:40:18,113.6,1114146
2021-06-23 09:40:22,113.65,1114726
2021-06-23 09:40:26,113.6,1115440
2021-06-23 09:40:29,113.65,1115701
2021-06-23 09:40:33,113.65,1116534
2021-06-23 09:40:36,113.6,1116676
2021-06-23 09:40:40,113.6,1220010
2021-06-23 09:40:43,113.55,1225623
2021-06-23 09:40:46,113.55,1225673
2021-06-23 09:40:49,113.55,1225723
2021-06-23 09:40:53,113.55,1225723
2021-06-23 09:40:56,113.6,1225738
2021-06-23 09:40:59,113.6,1225839
2021-06-23 09:41:02,113.55,1226683
2021-06-23 09:41:05,113.6,1227115
2021-06-23 09:41:09,113.6,1227115
2021-06-23 09:41:12,113.55,1227566
2021-06-23 09:41:15,113.6,1227578
2021-06-23 09:41:18,113.55,1228050
2021-06-23 09:41:22,113.55,1228162
2021-06-23 09:41:25,113.6,1228192
2021-06-23 09:41:29,113.6,1228494
2021-06-23 09:41:32,113.6,1228502
2021-06-23 09:41:35,113.6,1228512
2021-06-23 09:41:38,113.6,1228518
2021-06-23 09:41:41,113.55,1233019
2021-06-23 09:41:44,113.6,1233905
2021-06-23 09:41:48,113.6,1234009
2021-06-23 09:41:51,113.6,1234009
2021-06-23 09:41:54,113.55,1234029
2021-06-23 09:41:57,113.55,1234351
2021-06-23 09:42:00,113.6,1234980
2021-06-23 09:42:03,113.55,1234992
2021-06-23 09:42:07,113.55,1235003
2021-06-23 09:42:10,113.6,1235310
2021-06-23 09:42:13,113.6,1235324
2021-06-23 09:42:16,113.55,1235710
2021-06-23 09:42:20,113.5,1236026
2021-06-23 09:42:23,113.55,1236676
2021-06-23 09:42:26,113.55,1237180
2021-06-23 09:42:29,113.55,1237480
2021-06-23 09:42:32,113.6,1238292
2021-06-23 09:42:39,113.5,1238882
2021-06-23 09:42:42,113.55,1239387
2021-06-23 09:42:46,113.5,1255739
2021-06-23 09:42:49,113.55,1255919
2021-06-23 09:42:52,113.55,1256019
2021-06-23 09:42:55,113.6,1256049
2021-06-23 09:42:58,113.6,1256054
2021-06-23 09:43:01,113.55,1257069
2021-06-23 09:43:05,113.5,1257807
2021-06-23 09:43:08,113.45,1258811
2021-06-23 09:43:11,113.55,1258819
2021-06-23 09:43:14,113.5,1258929
2021-06-23 09:43:17,113.5,1259113
2021-06-23 09:43:20,113.5,1259113
2021-06-23 09:43:26,113.4,1279289
2021-06-23 09:43:29,113.45,1280562
2021-06-23 09:43:33,113.45,1281068
2021-06-23 09:43:36,113.4,1281218
2021-06-23 09:43:43,113.4,1281220
2021-06-23 09:43:46,113.4,1281222
2021-06-23 09:43:49,113.45,1281650
2021-06-23 09:43:52,113.45,1281650
2021-06-23 09:43:55,113.45,1281815
2021-06-23 09:43:58,113.4,1282215
2021-06-23 09:44:01,113.4,1282465
2021-06-23 09:44:05,113.4,1283601
2021-06-23 09:44:08,113.4,1284041
2021-06-23 09:44:11,113.45,1284573
2021-06-23 09:44:15,113.4,1301078
2021-06-23 09:44:18,113.35,1301778
2021-06-23 09:44:21,113.35,1302271
2021-06-23 09:44:24,113.4,1302334
2021-06-23 09:44:27,113.4,1302439
2021-06-23 09:44:30,113.35,1302459
2021-06-23 09:44:33,113.35,1302761
2021-06-23 09:44:36,113.4,1302763
2021-06-23 09:44:40,113.35,1302815
2021-06-23 09:44:43,113.35,1303306
2021-06-23 09:44:50,113.35,1303733
2021-06-23 09:44:54,113.4,1303808
2021-06-23 09:44:57,113.35,1304023
2021-06-23 09:45:00,113.4,1304307
2021-06-23 09:45:04,113.4,1304318
2021-06-23 09:45:07,113.4,1305159
2021-06-23 09:45:10,113.4,1308390
2021-06-23 09:45:14,113.4,1308400
2021-06-23 09:45:17,113.35,1308936
2021-06-23 09:45:21,113.35,1318684
2021-06-23 09:45:24,113.35,1318688
2021-06-23 09:45:28,113.3,1318790
2021-06-23 09:45:32,113.35,1318792
2021-06-23 09:45:35,113.35,1318793
2021-06-23 09:45:39,113.35,1318803
2021-06-23 09:45:42,113.35,1318814
2021-06-23 09:45:45,113.3,1319160
2021-06-23 09:45:49,113.3,1319531
2021-06-23 09:45:52,113.3,1319931
2021-06-23 09:45:55,113.3,1320039
2021-06-23 09:45:58,113.3,1320039
2021-06-23 09:46:01,113.3,1320540
2021-06-23 09:46:04,113.3,1322550
2021-06-23 09:46:07,113.3,1322840
2021-06-23 09:46:10,113.35,1323072
2021-06-23 09:46:13,113.35,1324204
2021-06-23 09:46:16,113.35,1324949
2021-06-23 09:46:19,113.3,1325239
2021-06-23 09:46:22,113.35,1325240
2021-06-23 09:46:26,113.35,1325342
2021-06-23 09:46:29,113.3,1325600
2021-06-23 09:46:32,113.35,1325638
2021-06-23 09:46:35,113.35,1325695
2021-06-23 09:46:39,113.35,1325800
2021-06-23 09:46:42,113.3,1328984
2021-06-23 09:46:45,113.35,1329184
2021-06-23 09:46:48,113.3,1335835
2021-06-23 09:46:51,113.35,1335868
2021-06-23 09:46:54,113.3,1336318
2021-06-23 09:46:58,113.35,1336369
2021-06-23 09:47:01,113.35,1336394
2021-06-23 09:47:07,113.3,1347490
2021-06-23 09:47:11,113.35,1347580
2021-06-23 09:47:14,113.35,1347801
2021-06-23 09:47:18,113.3,1347935
2021-06-23 09:47:21,113.3,1348040
2021-06-23 09:47:23,113.35,1348091
2021-06-23 09:47:26,113.35,1348606
2021-06-23 09:47:29,113.3,1348626
2021-06-23 09:47:32,113.3,1348909
2021-06-23 09:47:35,113.35,1349081
2021-06-23 09:47:38,113.35,1349090
2021-06-23 09:47:42,113.3,1349095
2021-06-23 09:47:45,113.35,1349206
2021-06-23 09:47:48,113.35,1349211
2021-06-23 09:47:52,113.35,1350839
2021-06-23 09:48:02,113.35,1355079
2021-06-23 09:48:05,113.35,1355079
2021-06-23 09:48:07,113.4,1355245
2021-06-23 09:48:10,113.35,1357178
2021-06-23 09:48:13,113.4,1357190
2021-06-23 09:48:16,113.4,1357190
2021-06-23 09:48:20,113.35,1357509
2021-06-23 09:48:23,113.35,1358691
2021-06-23 09:48:26,113.45,1358793
2021-06-23 09:48:29,113.45,1358993
2021-06-23 09:48:32,113.45,1359005
2021-06-23 09:48:35,113.45,1359030
2021-06-23 09:48:38,113.45,1359175
2021-06-23 09:48:41,113.45,1359186
2021-06-23 09:48:44,113.4,1359193
2021-06-23 09:48:47,113.4,1359401
2021-06-23 09:48:50,113.4,1360365
2021-06-23 09:48:54,113.4,1361007
2021-06-23 09:48:57,113.4,1361627
2021-06-23 09:49:00,113.4,1362002
2021-06-23 09:49:03,113.35,1364634
2021-06-23 09:49:06,113.35,1364728
2021-06-23 09:49:08,113.35,1365231
2021-06-23 09:49:11,113.35,1365231
2021-06-23 09:49:14,113.35,1365262
2021-06-23 09:49:17,113.4,1365322
2021-06-23 09:49:23,113.4,1365526
2021-06-23 09:49:26,113.4,1365526
2021-06-23 09:49:29,113.4,1365526
2021-06-23 09:49:32,113.4,1365526
2021-06-23 09:49:35,113.4,1365534
2021-06-23 09:49:38,113.4,1367145
2021-06-23 09:49:41,113.35,1367845
2021-06-23 09:49:44,113.4,1368097
2021-06-23 09:49:47,113.4,1368162
2021-06-23 09:49:50,113.4,1368523
2021-06-23 09:49:53,113.4,1368523
2021-06-23 09:49:57,113.4,1368604
2021-06-23 09:49:59,113.4,1368646
2021-06-23 09:50:03,113.35,1369897
2021-06-23 09:50:05,113.3,1374897
2021-06-23 09:50:08,113.4,1374908
2021-06-23 09:50:11,113.4,1375039
2021-06-23 09:50:14,113.4,1375139
2021-06-23 09:50:17,113.4,1375139
2021-06-23 09:50:20,113.35,1375280
2021-06-23 09:50:23,113.35,1375280
2021-06-23 09:50:27,113.35,1375286
2021-06-23 09:50:30,113.35,1375351
2021-06-23 09:50:33,113.35,1375353
2021-06-23 09:50:36,113.45,1377743
2021-06-23 09:50:39,113.45,1377743
2021-06-23 09:50:42,113.4,1377745
2021-06-23 09:50:44,113.4,1377746
2021-06-23 09:50:47,113.45,1378046
2021-06-23 09:50:50,113.45,1378046
2021-06-23 09:50:53,113.4,1379112
2021-06-23 09:50:56,113.45,1379179
2021-06-23 09:50:59,113.45,1379179
2021-06-23 09:51:02,113.45,1379184
2021-06-23 09:51:05,113.45,1379210
2021-06-23 09:51:08,113.4,1379214
2021-06-23 09:51:11,113.4,1379834
2021-06-23 09:51:14,113.4,1379835
2021-06-23 09:51:17,113.4,1379938
2021-06-23 09:51:19,113.4,1380039
2021-06-23 09:51:22,113.45,1380049
2021-06-23 09:51:30,113.35,1385464
2021-06-23 09:51:33,113.45,1385505
2021-06-23 09:51:35,113.4,1385561
2021-06-23 09:51:38,113.35,1385566
2021-06-23 09:51:41,113.35,1385941
2021-06-23 09:51:43,113.4,1385965
2021-06-23 09:51:46,113.4,1386544
2021-06-23 09:51:49,113.35,1386665
2021-06-23 09:51:52,113.4,1386766
2021-06-23 09:51:55,113.4,1386841
2021-06-23 09:51:58,113.4,1386843
2021-06-23 09:52:01,113.35,1386894
2021-06-23 09:52:04,113.3,1388274
2021-06-23 09:52:07,113.4,1388285
2021-06-23 09:52:10,113.4,1388364
2021-06-23 09:52:16,113.4,1388454
2021-06-23 09:52:19,113.4,1388734
2021-06-23 09:52:22,113.35,1392837
2021-06-23 09:52:25,113.35,1392837
2021-06-23 09:52:27,113.35,1392837
2021-06-23 09:52:30,113.3,1392937
2021-06-23 09:52:33,113.3,1393141
2021-06-23 09:52:36,113.3,1393366
2021-06-23 09:52:41,113.35,1394509
2021-06-23 09:52:44,113.35,1394509
2021-06-23 09:52:47,113.3,1394510
2021-06-23 09:52:50,113.3,1394613
2021-06-23 09:52:53,113.3,1394701
2021-06-23 09:52:56,113.3,1395160
2021-06-23 09:53:00,113.35,1395166
2021-06-23 09:53:03,113.3,1395932
2021-06-23 09:53:06,113.3,1395932
2021-06-23 09:53:10,113.35,1395950
2021-06-23 09:53:13,113.35,1395963
2021-06-23 09:53:18,113.35,1397119
2021-06-23 09:53:21,113.3,1397364
2021-06-23 09:53:24,113.35,1397376
2021-06-23 09:53:27,113.3,1397620
2021-06-23 09:53:30,113.3,1397675
2021-06-23 09:53:32,113.3,1397675
2021-06-23 09:53:35,113.35,1397790
2021-06-23 09:53:38,113.3,1397834
2021-06-23 09:53:41,113.3,1398534
2021-06-23 09:53:44,113.35,1399535
2021-06-23 09:53:47,113.35,1399559
2021-06-23 09:53:50,113.35,1399584
2021-06-23 09:53:53,113.35,1401693
2021-06-23 09:53:55,113.35,1402233
2021-06-23 09:53:58,113.35,1402233
2021-06-23 09:54:02,113.3,1402263
2021-06-23 09:54:05,113.35,1402264
2021-06-23 09:54:08,113.35,1402352
2021-06-23 09:54:11,113.35,1402362
2021-06-23 09:54:15,113.35,1402362
2021-06-23 09:54:18,113.35,1402371
2021-06-23 09:54:21,113.3,1402425
2021-06-23 09:54:24,113.25,1412705
2021-06-23 09:54:26,113.3,1412905
2021-06-23 09:54:30,113.3,1412905
2021-06-23 09:54:33,113.3,1412909
2021-06-23 09:54:38,113.3,1413302
2021-06-23 09:54:42,113.3,1413642
2021-06-23 09:54:45,113.3,1413642
2021-06-23 09:54:48,113.25,1413662
2021-06-23 09:54:51,113.3,1413667
2021-06-23 09:54:54,113.25,1413867
2021-06-23 09:54:57,113.25,1413880
2021-06-23 09:55:00,113.25,1414511
2021-06-23 09:55:04,113.25,1416494
2021-06-23 09:55:07,113.3,1416495
2021-06-23 09:55:10,113.25,1417242
2021-06-23 09:55:13,113.25,1417447
2021-06-23 09:55:16,113.25,1417552
2021-06-23 09:55:20,113.3,1417617
2021-06-23 09:55:23,113.3,1417647
2021-06-23 09:55:26,113.3,1417947
2021-06-23 09:55:29,113.3,1418400
2021-06-23 09:55:33,113.25,1419149
2021-06-23 09:55:36,113.25,1419803
2021-06-23 09:55:40,113.3,1420513
2021-06-23 09:55:43,113.3,1422015
2021-06-23 09:55:46,113.3,1422035
2021-06-23 09:55:49,113.25,1422550
2021-06-23 09:55:52,113.3,1422750
2021-06-23 09:55:55,113.3,1422793
2021-06-23 09:55:58,113.3,1423797
2021-06-23 09:56:02,113.25,1423894
2021-06-23 09:56:06,113.25,1426092
2021-06-23 09:56:09,113.25,1426643
2021-06-23 09:56:12,113.25,1429233
2021-06-23 09:56:18,113.25,1431005
2021-06-23 09:56:21,113.3,1431153
2021-06-23 09:56:24,113.3,1433261
2021-06-23 09:56:27,113.25,1434649
2021-06-23 09:56:30,113.25,1434699
2021-06-23 09:56:33,113.2,1498035
2021-06-23 09:56:36,113.25,1498526
2021-06-23 09:56:40,113.25,1498665
2021-06-23 09:56:44,113.15,1499065
2021-06-23 09:56:47,113.15,1507701
2021-06-23 09:56:50,113.15,1507844
2021-06-23 09:56:53,113.2,1508108
2021-06-23 09:56:56,113.2,1508232
2021-06-23 09:56:58,113.2,1508695
2021-06-23 09:57:01,113.2,1508847
2021-06-23 09:57:04,113.2,1510096
2021-06-23 09:57:08,113.2,1513626
2021-06-23 09:57:11,113.25,1514072
2021-06-23 09:57:18,113.2,1514253
2021-06-23 09:57:21,113.15,1515774
2021-06-23 09:57:24,113.15,1516876
2021-06-23 09:57:27,113.2,1517097
2021-06-23 09:57:30,113.15,1518392
2021-06-23 09:57:33,113.15,1518728
2021-06-23 09:57:36,113.15,1519144
2021-06-23 09:57:39,113.15,1519534
2021-06-23 09:57:43,113.2,1519760
2021-06-23 09:57:49,113.2,1521504
2021-06-23 09:57:51,113.2,1521865
2021-06-23 09:57:54,113.25,1521872
2021-06-23 09:57:57,113.25,1521977
2021-06-23 09:58:00,113.25,1522318
2021-06-23 09:58:03,113.15,1522319
2021-06-23 09:58:06,113.2,1522549
2021-06-23 09:58:09,113.2,1522970
2021-06-23 09:58:11,113.25,1523040
2021-06-23 09:58:14,113.25,1525633
2021-06-23 09:58:17,113.25,1525643
2021-06-23 09:58:20,113.2,1525990
2021-06-23 09:58:24,113.25,1526378
2021-06-23 09:58:27,113.2,1527381
2021-06-23 09:58:30,113.2,1527892
2021-06-23 09:58:34,113.2,1528096
2021-06-23 09:58:37,113.2,1528196
2021-06-23 09:58:39,113.2,1528196
2021-06-23 09:58:42,113.2,1528197
2021-06-23 09:58:45,113.2,1528213
2021-06-23 09:58:48,113.25,1528356
2021-06-23 09:58:51,113.2,1528406
2021-06-23 09:58:54,113.25,1528407
2021-06-23 09:58:58,113.2,1529542
2021-06-23 09:59:01,113.2,1529543
2021-06-23 09:59:04,113.25,1529794
2021-06-23 09:59:06,113.25,1529794
2021-06-23 09:59:10,113.25,1530794
2021-06-23 09:59:13,113.2,1530895
2021-06-23 09:59:15,113.2,1530945
2021-06-23 09:59:18,113.2,1531686
2021-06-23 09:59:21,113.2,1531686
2021-06-23 09:59:24,113.2,1531837
2021-06-23 09:59:27,113.2,1531837
2021-06-23 09:59:30,113.2,1531843
2021-06-23 09:59:32,113.2,1532592
2021-06-23 09:59:35,113.2,1532592
2021-06-23 09:59:37,113.2,1532745
2021-06-23 09:59:40,113.2,1532896
2021-06-23 09:59:43,113.25,1532921
2021-06-23 09:59:45,113.25,1536606
2021-06-23 09:59:48,113.3,1536691
2021-06-23 09:59:51,113.3,1536691
2021-06-23 09:59:53,113.3,1536709
2021-06-23 09:59:56,113.3,1536719
2021-06-23 09:59:58,113.3,1537219
2021-06-23 10:00:01,113.3,1537219
2021-06-23 10:00:04,113.3,1537441
2021-06-23 10:00:06,113.25,1537713
2021-06-23 10:00:09,113.25,1537713
2021-06-23 10:00:12,113.3,1537723
2021-06-23 10:00:15,113.35,1583844
2021-06-23 10:00:18,113.3,1590222
2021-06-23 10:00:22,113.35,1590429
2021-06-23 10:00:24,113.35,1590484
2021-06-23 10:00:27,113.35,1590834
2021-06-23 10:00:30,113.4,1591135
2021-06-23 10:00:36,113.45,1596652
2021-06-23 10:00:39,113.45,1596664
2021-06-23 10:00:42,113.45,1596856
2021-06-23 10:00:45,113.4,1596915
2021-06-23 10:00:48,113.4,1597016
2021-06-23 10:00:51,113.45,1597158
2021-06-23 10:00:53,113.45,1597330
2021-06-23 10:00:56,113.45,1597428
2021-06-23 10:00:59,113.45,1599320
2021-06-23 10:01:02,113.4,1599597
2021-06-23 10:01:05,113.45,1599604
2021-06-23 10:01:08,113.35,1599618
2021-06-23 10:01:10,113.4,1600023
2021-06-23 10:01:13,113.45,1600427
2021-06-23 10:01:16,113.45,1600839
2021-06-23 10:01:19,113.4,1600847
2021-06-23 10:01:21,113.4,1601022
2021-06-23 10:01:23,113.45,1601482
2021-06-23 10:01:26,113.45,1601482
2021-06-23 10:01:28,113.4,1601488
2021-06-23 10:01:30,113.45,1601496
2021-06-23 10:01:33,113.45,1601591
2021-06-23 10:01:35,113.45,1601855
2021-06-23 10:01:38,113.4,1602008
2021-06-23 10:01:41,113.45,1602108
2021-06-23 10:01:44,113.45,1602228
2021-06-23 10:01:46,113.4,1603231
2021-06-23 10:01:49,113.4,1603431
2021-06-23 10:01:52,113.4,1603882
2021-06-23 10:01:54,113.4,1603882
2021-06-23 10:01:57,113.4,1603892
2021-06-23 10:01:59,113.4,1603928
2021-06-23 10:02:02,113.4,1603928
2021-06-23 10:02:05,113.4,1604080
2021-06-23 10:02:07,113.4,1604080
2021-06-23 10:02:10,113.4,1604686
2021-06-23 10:02:13,113.45,1604687
2021-06-23 10:02:15,113.45,1604687
2021-06-23 10:02:18,113.45,1604688
2021-06-23 10:02:20,113.45,1604688
2021-06-23 10:02:23,113.45,1604688
2021-06-23 10:02:26,113.45,1605189
2021-06-23 10:02:29,113.45,1605193
2021-06-23 10:02:31,113.45,1605918
2021-06-23 10:02:34,113.45,1605918
2021-06-23 10:02:36,113.45,1605943
2021-06-23 10:02:38,113.45,1605993
2021-06-23 10:02:41,113.45,1605995
2021-06-23 10:02:44,113.4,1607019
2021-06-23 10:02:46,113.4,1608028
2021-06-23 10:02:49,113.4,1608255
2021-06-23 10:02:51,113.45,1608265
2021-06-23 10:02:54,113.4,1608330
2021-06-23 10:02:57,113.4,1608333
2021-06-23 10:03:00,113.45,1620228
2021-06-23 10:03:02,113.45,1620228
2021-06-23 10:03:05,113.45,1620248
2021-06-23 10:03:08,113.45,1620255
2021-06-23 10:03:10,113.4,1620625
2021-06-23 10:03:15,113.4,1620729
2021-06-23 10:03:18,113.45,1620739
2021-06-23 10:03:27,113.45,1620910
2021-06-23 10:03:33,113.4,1621108
2021-06-23 10:03:36,113.45,1621326
2021-06-23 10:03:39,113.45,1621328
2021-06-23 10:03:42,113.45,1621328
2021-06-23 10:03:45,113.45,1621333
2021-06-23 10:03:48,113.45,1621933
2021-06-23 10:03:51,113.4,1621954
2021-06-23 10:03:54,113.4,1622954
2021-06-23 10:03:56,113.4,1622954
2021-06-23 10:03:59,113.4,1622957
2021-06-23 10:04:02,113.45,1622960
2021-06-23 10:04:04,113.4,1623061
2021-06-23 10:04:07,113.4,1623099
2021-06-23 10:04:09,113.4,1623339
2021-06-23 10:04:12,113.4,1623339
2021-06-23 10:04:15,113.4,1623339
2021-06-23 10:04:18,113.45,1623342
2021-06-23 10:04:21,113.45,1623450
2021-06-23 10:04:26,113.4,1623500
2021-06-23 10:04:29,113.4,1623503
2021-06-23 10:04:32,113.45,1623753
2021-06-23 10:04:35,113.45,1623753
2021-06-23 10:04:38,113.45,1634231
2021-06-23 10:04:43,113.5,1634258
2021-06-23 10:04:46,113.5,1634285
2021-06-23 10:04:49,113.45,1634290
2021-06-23 10:04:52,113.5,1634310
2021-06-23 10:04:55,113.4,1635341
2021-06-23 10:04:57,113.4,1635341
2021-06-23 10:05:00,113.45,1638594
2021-06-23 10:05:05,113.45,1638604
2021-06-23 10:05:08,113.45,1638604
2021-06-23 10:05:11,113.45,1638604
2021-06-23 10:05:14,113.45,1638604
2021-06-23 10:05:16,113.5,1638754
2021-06-23 10:05:19,113.5,1638764
2021-06-23 10:05:22,113.5,1638790
2021-06-23 10:05:25,113.5,1638843
2021-06-23 10:05:31,113.55,1643882
2021-06-23 10:05:34,113.5,1643892
2021-06-23 10:05:37,113.6,1647245
2021-06-23 10:05:41,113.5,1647296
2021-06-23 10:05:44,113.5,1647366
2021-06-23 10:05:46,113.6,1647676
2021-06-23 10:05:49,113.6,1647702
2021-06-23 10:05:51,113.55,1648213
2021-06-23 10:05:54,113.6,1648214
2021-06-23 10:05:57,113.6,1648214
2021-06-23 10:05:59,113.55,1648249
2021-06-23 10:06:02,113.55,1648380
2021-06-23 10:06:04,113.55,1648885
2021-06-23 10:06:07,113.55,1648885
2021-06-23 10:06:10,113.55,1650188
2021-06-23 10:06:12,113.6,1650196
2021-06-23 10:06:15,113.6,1650666
2021-06-23 10:06:17,113.6,1651207
2021-06-23 10:06:20,113.6,1651458
2021-06-23 10:06:23,113.6,1651571
2021-06-23 10:06:25,113.6,1652276
2021-06-23 10:06:27,113.55,1652559
2021-06-23 10:06:30,113.55,1652559
2021-06-23 10:06:32,113.55,1652559
2021-06-23 10:06:35,113.55,1652559
2021-06-23 10:06:38,113.55,1652569
2021-06-23 10:06:41,113.55,1652619
2021-06-23 10:06:44,113.55,1652690
2021-06-23 10:06:49,113.55,1654307
2021-06-23 10:06:52,113.55,1654313
2021-06-23 10:06:56,113.55,1654414
2021-06-23 10:06:58,113.55,1654666
2021-06-23 10:07:01,113.55,1654767
2021-06-23 10:07:03,113.55,1659891
2021-06-23 10:07:06,113.55,1659891
2021-06-23 10:07:09,113.55,1659997
2021-06-23 10:07:11,113.45,1667097
2021-06-23 10:07:13,113.55,1667600
2021-06-23 10:07:15,113.45,1667625
2021-06-23 10:07:17,113.55,1667627
2021-06-23 10:07:19,113.55,1667627
2021-06-23 10:07:22,113.55,1667643
2021-06-23 10:07:25,113.55,1667658
2021-06-23 10:07:28,113.5,1667875
2021-06-23 10:07:30,113.5,1667875
2021-06-23 10:07:33,113.5,1667965
2021-06-23 10:07:36,113.55,1668273
2021-06-23 10:07:39,113.55,1668317
2021-06-23 10:07:42,113.55,1668321
2021-06-23 10:07:45,113.55,1668342
2021-06-23 10:07:47,113.55,1668347
2021-06-23 10:07:50,113.5,1668704
2021-06-23 10:07:53,113.55,1669225
2021-06-23 10:07:55,113.55,1669238
2021-06-23 10:07:58,113.55,1669241
2021-06-23 10:08:00,113.55,1669344
2021-06-23 10:08:06,113.5,1669420
2021-06-23 10:08:09,113.5,1674436
2021-06-23 10:08:11,113.5,1674437
2021-06-23 10:08:14,113.5,1674538
2021-06-23 10:08:17,113.45,1675368
2021-06-23 10:08:20,113.45,1675389
2021-06-23 10:08:22,113.5,1675414
2021-06-23 10:08:25,113.5,1675452
2021-06-23 10:08:28,113.5,1675452
2021-06-23 10:08:31,113.4,1682593
2021-06-23 10:08:34,113.45,1682727
2021-06-23 10:08:37,113.45,1683728
2021-06-23 10:08:40,113.45,1683750
2021-06-23 10:08:42,113.45,1683762
2021-06-23 10:08:45,113.45,1683852
2021-06-23 10:08:47,113.45,1683852
2021-06-23 10:08:52,113.4,1683853
2021-06-23 10:08:55,113.4,1683873
2021-06-23 10:08:57,113.4,1684049
2021-06-23 10:09:00,113.4,1684049
2021-06-23 10:09:02,113.4,1684570
2021-06-23 10:09:05,113.45,1684611
2021-06-23 10:09:07,113.45,1684615
2021-06-23 10:09:10,113.45,1684665
2021-06-23 10:09:13,113.45,1684753
2021-06-23 10:09:15,113.45,1684953
2021-06-23 10:09:17,113.4,1684963
2021-06-23 10:09:20,113.45,1687078
2021-06-23 10:09:22,113.5,1687079
2021-06-23 10:09:24,113.45,1687099
2021-06-23 10:09:27,113.45,1687100
2021-06-23 10:09:29,113.45,1687100
2021-06-23 10:09:31,113.5,1687247
2021-06-23 10:09:36,113.45,1687478
2021-06-23 10:09:39,113.4,1688079
2021-06-23 10:09:41,113.45,1688081
2021-06-23 10:09:43,113.45,1688171
2021-06-23 10:09:45,113.4,1688301
2021-06-23 10:09:47,113.4,1688321
2021-06-23 10:09:49,113.5,1688827
2021-06-23 10:09:51,113.5,1688918
2021-06-23 10:09:54,113.45,1688923
2021-06-23 10:09:56,113.5,1688924
2021-06-23 10:09:58,113.45,1688946
2021-06-23 10:10:00,113.4,1689196
2021-06-23 10:10:02,113.4,1689197
2021-06-23 10:10:05,113.4,1689347
2021-06-23 10:10:07,113.4,1689447
2021-06-23 10:10:09,113.4,1689447
2021-06-23 10:10:12,113.45,1689538
2021-06-23 10:10:14,113.4,1692238
2021-06-23 10:10:16,113.4,1692238
2021-06-23 10:10:19,113.4,1692238
2021-06-23 10:10:21,113.4,1692238
2021-06-23 10:10:23,113.4,1692438
2021-06-23 10:10:25,113.4,1692438
2021-06-23 10:10:29,113.4,1692438
2021-06-23 10:10:32,113.4,1692448
2021-06-23 10:10:35,113.35,1711722
2021-06-23 10:10:38,113.4,1711772
2021-06-23 10:10:41,113.3,1712897
2021-06-23 10:10:44,113.4,1713177
2021-06-23 10:10:46,113.35,1713215
2021-06-23 10:10:49,113.4,1713289
2021-06-23 10:10:52,113.35,1713299
2021-06-23 10:10:55,113.35,1713543
2021-06-23 10:10:57,113.4,1713843
2021-06-23 10:10:59,113.4,1713843
2021-06-23 10:11:02,113.35,1713895
2021-06-23 10:11:05,113.3,1721858
2021-06-23 10:11:08,113.25,1721889
2021-06-23 10:11:11,113.25,1721896
2021-06-23 10:11:14,113.25,1721902
2021-06-23 10:11:19,113.3,1722119
2021-06-23 10:11:22,113.3,1722129
2021-06-23 10:11:24,113.3,1722170
2021-06-23 10:11:29,113.25,1722279
2021-06-23 10:11:33,113.35,1722636
2021-06-23 10:11:39,113.3,1723687
2021-06-23 10:11:41,113.3,1723887
2021-06-23 10:11:44,113.35,1724550
2021-06-23 10:11:47,113.35,1724751
2021-06-23 10:11:50,113.35,1725222
2021-06-23 10:11:53,113.35,1725224
2021-06-23 10:11:56,113.25,1727224
2021-06-23 10:12:02,113.35,1727326
2021-06-23 10:12:05,113.3,1727356
2021-06-23 10:12:09,113.25,1727612
2021-06-23 10:12:12,113.25,1727612
2021-06-23 10:12:14,113.25,1727613
2021-06-23 10:12:17,113.25,1727819
2021-06-23 10:12:20,113.2,1753447
2021-06-23 10:12:23,113.25,1753448
2021-06-23 10:12:26,113.15,1757149
2021-06-23 10:12:29,113.15,1757282
2021-06-23 10:12:32,113.25,1757513
2021-06-23 10:12:35,113.2,1757647
2021-06-23 10:12:38,113.2,1758261
2021-06-23 10:12:41,113.15,1759849
2021-06-23 10:12:44,113.15,1759857
2021-06-23 10:12:47,113.2,1759861
2021-06-23 10:12:51,113.15,1760196
2021-06-23 10:12:54,113.2,1760198
2021-06-23 10:12:57,113.2,1760198
2021-06-23 10:13:00,113.15,1760424
2021-06-23 10:13:03,113.15,1760625
2021-06-23 10:13:09,113.2,1761127
2021-06-23 10:13:12,113.2,1763410
2021-06-23 10:13:15,113.2,1763511
2021-06-23 10:13:18,113.2,1764019
2021-06-23 10:13:20,113.25,1764156
2021-06-23 10:13:23,113.25,1764371
2021-06-23 10:13:26,113.25,1764415
2021-06-23 10:13:29,113.25,1764480
2021-06-23 10:13:32,113.15,1765662
2021-06-23 10:13:34,113.15,1765730
2021-06-23 10:13:37,113.2,1765798
2021-06-23 10:13:40,113.15,1766244
2021-06-23 10:13:43,113.2,1766286
2021-06-23 10:13:46,113.2,1766935
2021-06-23 10:13:49,113.2,1766947
2021-06-23 10:13:51,113.2,1767094
2021-06-23 10:13:54,113.2,1767094
2021-06-23 10:13:57,113.2,1767306
2021-06-23 10:14:00,113.2,1768026
2021-06-23 10:14:03,113.15,1768126
2021-06-23 10:14:06,113.15,1768166
2021-06-23 10:14:08,113.2,1768171
2021-06-23 10:14:10,113.2,1768180
2021-06-23 10:14:13,113.2,1769428
2021-06-23 10:14:15,113.2,1769428
2021-06-23 10:14:18,113.2,1769544
2021-06-23 10:14:21,113.2,1771512
2021-06-23 10:14:27,113.15,1771716
2021-06-23 10:14:29,113.2,1772271
2021-06-23 10:14:32,113.2,1772326
2021-06-23 10:14:35,113.2,1772326
2021-06-23 10:14:37,113.2,1772326
2021-06-23 10:14:40,113.2,1772378
2021-06-23 10:14:42,113.2,1772402
2021-06-23 10:14:44,113.15,1772502
2021-06-23 10:14:47,113.2,1772602
2021-06-23 10:14:50,113.15,1772604
2021-06-23 10:14:56,113.1,1781551
2021-06-23 10:15:05,113.05,1791481
2021-06-23 10:15:09,113.05,1794225
2021-06-23 10:15:12,113.0,1799348
2021-06-23 10:15:15,113.05,1828014
2021-06-23 10:15:18,113.0,1857867
2021-06-23 10:15:21,112.95,1860251
2021-06-23 10:15:24,113.0,1860479
2021-06-23 10:15:27,112.9,1863415
2021-06-23 10:15:30,112.95,1863796
2021-06-23 10:15:33,112.9,1865750
2021-06-23 10:15:40,112.95,1866970
2021-06-23 10:15:43,112.95,1867088
2021-06-23 10:15:46,112.95,1867113
2021-06-23 10:15:52,112.95,1868932
2021-06-23 10:15:56,112.95,1870153
2021-06-23 10:16:03,112.9,1877634
2021-06-23 10:16:07,112.9,1878017
2021-06-23 10:16:10,112.95,1878157
2021-06-23 10:16:14,112.95,1878387
2021-06-23 10:16:20,112.9,1879098
2021-06-23 10:16:24,112.95,1879200
2021-06-23 10:16:27,112.9,1879422
2021-06-23 10:16:30,112.95,1879758
2021-06-23 10:16:33,112.9,1891637
2021-06-23 10:16:36,112.9,1893293
2021-06-23 10:16:38,112.85,1893354
2021-06-23 10:16:42,112.85,1894001
2021-06-23 10:16:51,112.85,1894332
2021-06-23 10:16:54,112.9,1894352
2021-06-23 10:17:00,112.9,1894411
2021-06-23 10:17:04,112.85,1905577
2021-06-23 10:17:07,112.85,1906282
2021-06-23 10:17:10,112.95,1906784
2021-06-23 10:17:14,112.85,1906984
2021-06-23 10:17:17,112.9,1907263
2021-06-23 10:17:20,112.85,1908324
2021-06-23 10:17:23,112.85,1908374
2021-06-23 10:17:26,112.9,1908538
2021-06-23 10:17:29,112.9,1908538
2021-06-23 10:17:32,112.95,1917422
2021-06-23 10:17:35,112.95,1917533
2021-06-23 10:17:38,113.0,1920243
2021-06-23 10:17:42,112.9,1920303
2021-06-23 10:17:45,112.95,1920633
2021-06-23 10:17:49,112.95,1920778
2021-06-23 10:17:52,113.0,1921878
2021-06-23 10:17:56,113.0,1921879
2021-06-23 10:17:59,113.0,1922182
2021-06-23 10:18:02,113.0,1922190
2021-06-23 10:18:05,112.95,1922592
2021-06-23 10:18:08,112.95,1923403
2021-06-23 10:18:12,112.95,1923403
2021-06-23 10:18:15,112.95,1923446
2021-06-23 10:18:18,112.95,1923512
2021-06-23 10:18:21,112.95,1923914
2021-06-23 10:18:25,112.95,1924314
2021-06-23 10:18:28,112.95,1924570
2021-06-23 10:18:31,113.0,1924683
2021-06-23 10:18:34,112.95,1925703
2021-06-23 10:18:37,112.95,1925704
2021-06-23 10:18:39,112.95,1925704
2021-06-23 10:18:41,112.95,1925824
2021-06-23 10:18:44,113.0,1925964
2021-06-23 10:18:48,113.0,1926026
2021-06-23 10:18:50,113.0,1926087
2021-06-23 10:18:53,113.0,1926181
2021-06-23 10:18:56,113.0,1926381
2021-06-23 10:18:59,112.95,1926527
2021-06-23 10:19:01,112.95,1926713
2021-06-23 10:19:04,113.0,1926824
2021-06-23 10:19:08,113.0,1926824
2021-06-23 10:19:11,112.95,1927389
2021-06-23 10:19:13,113.0,1927490
2021-06-23 10:19:16,113.0,1927490
2021-06-23 10:19:18,113.0,1927685
2021-06-23 10:19:20,112.95,1927810
2021-06-23 10:19:23,112.95,1928315
2021-06-23 10:19:25,112.95,1928725
2021-06-23 10:19:28,112.95,1928775
2021-06-23 10:19:30,113.0,1928863
2021-06-23 10:19:33,112.95,1931075
2021-06-23 10:19:36,113.0,1931330
2021-06-23 10:19:39,112.95,1931340
2021-06-23 10:19:48,112.95,1932683
2021-06-23 10:19:51,113.0,1961854
2021-06-23 10:19:53,113.0,1962894
2021-06-23 10:19:57,113.0,1963050
2021-06-23 10:20:00,113.0,1963350
2021-06-23 10:20:03,113.0,1963350
2021-06-23 10:20:09,113.05,1966814
2021-06-23 10:20:12,113.0,1966964
2021-06-23 10:20:15,113.05,1968103
2021-06-23 10:20:18,113.0,1968156
2021-06-23 10:20:21,113.05,1968196
2021-06-23 10:20:24,113.0,1968496
2021-06-23 10:20:27,113.05,1968696
2021-06-23 10:20:30,113.05,1969312
2021-06-23 10:20:33,113.0,1969409
2021-06-23 10:20:36,113.0,1969641
2021-06-23 10:20:39,113.05,1969667
2021-06-23 10:20:42,113.0,1969692
2021-06-23 10:20:45,113.05,1969743
2021-06-23 10:20:47,113.0,1969813
2021-06-23 10:20:50,113.0,1969969
2021-06-23 10:20:52,113.05,1972569
2021-06-23 10:20:57,113.0,1972691
2021-06-23 10:20:59,113.0,1972896
2021-06-23 10:21:02,113.05,1972897
2021-06-23 10:21:07,113.0,1974261
2021-06-23 10:21:10,113.0,1974261
2021-06-23 10:21:12,113.05,1974562
2021-06-23 10:21:15,113.0,1975192
2021-06-23 10:21:17,113.0,1975493
2021-06-23 10:21:19,113.05,1975914
2021-06-23 10:21:23,113.05,1975914
2021-06-23 10:21:25,113.0,1975921
2021-06-23 10:21:28,113.0,1976029
2021-06-23 10:21:31,113.05,1976129
2021-06-23 10:21:34,113.05,1976129
2021-06-23 10:21:36,113.0,1976230
2021-06-23 10:21:39,113.1,1977412
2021-06-23 10:21:42,113.1,1977412
2021-06-23 10:21:44,113.1,1977433
2021-06-23 10:21:50,113.1,1978653
2021-06-23 10:21:52,113.05,1978660
2021-06-23 10:21:55,113.05,1979160
2021-06-23 10:21:58,113.05,1982324
2021-06-23 10:22:01,113.0,1982525
2021-06-23 10:22:03,113.05,1982634
2021-06-23 10:22:06,113.0,1982635
2021-06-23 10:22:08,113.0,1982635
2021-06-23 10:22:10,113.05,1982686
2021-06-23 10:22:12,113.05,1982686
2021-06-23 10:22:14,113.05,1982686
2021-06-23 10:22:17,113.05,1982687
2021-06-23 10:22:19,113.0,1982787
2021-06-23 10:22:21,113.0,1982787
2021-06-23 10:22:26,113.05,1983023
2021-06-23 10:22:28,113.05,1983023
2021-06-23 10:22:30,113.05,1983156
2021-06-23 10:22:33,113.0,1983166
2021-06-23 10:22:36,113.0,1983167
2021-06-23 10:22:38,113.05,1983171
2021-06-23 10:22:41,113.0,1983173
2021-06-23 10:22:43,113.05,1983305
2021-06-23 10:22:46,113.0,1983306
2021-06-23 10:22:48,113.0,1983306
2021-06-23 10:22:51,113.05,1983307
2021-06-23 10:22:54,113.05,1983307
2021-06-23 10:22:57,113.0,1983310
2021-06-23 10:23:00,113.1,1984184
2021-06-23 10:23:03,113.05,1984187
2021-06-23 10:23:06,113.1,1984202
2021-06-23 10:23:08,113.05,1984328
2021-06-23 10:23:11,113.05,1984328
2021-06-23 10:23:14,113.1,1986388
2021-06-23 10:23:17,113.1,1986388
2021-06-23 10:23:19,113.1,1986519
2021-06-23 10:23:22,113.1,1986520
2021-06-23 10:23:24,113.1,1986909
2021-06-23 10:23:26,113.1,1986909
2021-06-23 10:23:29,113.1,1986910
2021-06-23 10:23:32,113.1,1986910
2021-06-23 10:23:36,113.1,1987301
2021-06-23 10:23:39,113.1,1987301
2021-06-23 10:23:42,113.15,1987308
2021-06-23 10:23:45,113.1,1987809
2021-06-23 10:23:48,113.1,1994319
2021-06-23 10:23:51,113.15,1994400
2021-06-23 10:23:54,113.15,1994500
2021-06-23 10:23:58,113.15,1997102
2021-06-23 10:24:01,113.15,1998465
2021-06-23 10:24:03,113.1,2008528
2021-06-23 10:24:06,113.15,2008548
2021-06-23 10:24:09,113.15,2008569
2021-06-23 10:24:12,113.15,2008569
2021-06-23 10:24:16,113.15,2009682
2021-06-23 10:24:19,113.15,2013184
2021-06-23 10:24:21,113.25,2013201
2021-06-23 10:24:24,113.15,2013311
2021-06-23 10:24:26,113.25,2013338
2021-06-23 10:24:29,113.25,2013346
2021-06-23 10:24:31,113.2,2013983
2021-06-23 10:24:34,113.2,2014033
2021-06-23 10:24:36,113.25,2014683
2021-06-23 10:24:39,113.2,2014694
2021-06-23 10:24:41,113.2,2014694
2021-06-23 10:24:44,113.25,2014781
2021-06-23 10:24:46,113.2,2015056
2021-06-23 10:24:48,113.25,2015059
2021-06-23 10:36:48,113.4,2150906
2021-06-23 10:36:50,113.45,2151215
2021-06-23 10:36:53,113.4,2151715
2021-06-23 10:36:55,113.45,2151716
2021-06-23 10:36:58,113.4,2151718
2021-06-23 10:37:00,113.4,2151718
2021-06-23 10:37:03,113.45,2152133
2021-06-23 10:37:08,113.45,2152137
2021-06-23 10:37:10,113.4,2152637
2021-06-23 10:37:12,113.4,2152647
2021-06-23 10:37:15,113.45,2152667
2021-06-23 10:37:17,113.4,2152720
2021-06-23 10:37:19,113.4,2152720
2021-06-23 10:37:21,113.4,2152720
2021-06-23 10:37:23,113.4,2152725
2021-06-23 10:37:26,113.4,2152725
2021-06-23 10:37:28,113.45,2152745
2021-06-23 10:37:30,113.45,2152745
2021-06-23 10:37:34,113.45,2152750
2021-06-23 10:37:36,113.45,2153450
2021-06-23 10:37:39,113.4,2153454
2021-06-23 10:37:41,113.4,2154234
2021-06-23 10:37:43,113.4,2154238
2021-06-23 10:37:45,113.4,2154342
2021-06-23 10:37:47,113.4,2154342
2021-06-23 10:37:49,113.4,2154371
2021-06-23 10:37:52,113.4,2154371
2021-06-23 10:37:54,113.45,2154772
2021-06-23 10:37:56,113.45,2155102
2021-06-23 10:37:58,113.45,2155102
2021-06-23 10:38:00,113.45,2155102
2021-06-23 10:38:02,113.45,2155102
2021-06-23 10:38:04,113.45,2155103
2021-06-23 10:38:06,113.4,2155105
2021-06-23 10:38:08,113.45,2155107
2021-06-23 10:38:10,113.45,2155177
2021-06-23 10:38:12,113.45,2155179
2021-06-23 10:38:14,113.45,2155179
2021-06-23 10:38:16,113.45,2155269
2021-06-23 10:38:19,113.45,2155276
2021-06-23 10:38:21,113.45,2155276
2021-06-23 10:38:23,113.45,2155526
2021-06-23 10:38:25,113.45,2155763
2021-06-23 10:38:27,113.4,2155765
2021-06-23 10:38:32,113.45,2155790
2021-06-23 10:38:34,113.45,2156690
2021-06-23 10:38:36,113.45,2156690
2021-06-23 10:38:38,113.4,2156691
2021-06-23 10:38:41,113.4,2156691
2021-06-23 10:38:43,113.4,2156691
2021-06-23 10:38:45,113.4,2156691
2021-06-23 10:38:47,113.4,2156691
2021-06-23 10:38:49,113.45,2156746
2021-06-23 10:38:50,113.45,2156746
2021-06-23 10:38:52,113.4,2156849
2021-06-23 10:38:54,113.45,2156870
2021-06-23 10:38:56,113.4,2157100
2021-06-23 10:38:58,113.4,2157102
2021-06-23 10:39:00,113.4,2157102
2021-06-23 10:39:02,113.45,2157327
2021-06-23 10:39:05,113.4,2159417
2021-06-23 10:39:07,113.4,2159417
2021-06-23 10:39:08,113.45,2159917
2021-06-23 10:39:10,113.45,2159917
2021-06-23 10:39:12,113.45,2159917
2021-06-23 10:39:14,113.4,2160017
2021-06-23 10:39:16,113.4,2160017
2021-06-23 10:39:18,113.4,2160017
2021-06-23 10:39:20,113.45,2160018
2021-06-23 10:39:22,113.4,2163729
2021-06-23 10:39:24,113.4,2163729
2021-06-23 10:39:26,113.4,2163879
2021-06-23 10:39:29,113.4,2163939
2021-06-23 10:39:32,113.4,2163939
2021-06-23 10:39:34,113.4,2163940
2021-06-23 10:39:36,113.35,2163990
2021-06-23 10:39:39,113.35,2164011
2021-06-23 10:39:42,113.35,2165211
2021-06-23 10:39:44,113.35,2165211
2021-06-23 10:39:47,113.4,2165318
2021-06-23 10:39:50,113.4,2165769
2021-06-23 10:39:53,113.35,2166020
2021-06-23 10:39:55,113.3,2168460
2021-06-23 10:39:58,113.35,2168470
2021-06-23 10:40:00,113.35,2168473
2021-06-23 10:40:02,113.35,2168473
2021-06-23 10:40:04,113.35,2173473
2021-06-23 10:40:06,113.35,2173474
2021-06-23 10:40:09,113.35,2173506
2021-06-23 10:40:11,113.35,2173506
2021-06-23 10:40:14,113.35,2173506
2021-06-23 10:40:16,113.35,2173512
2021-06-23 10:40:19,113.35,2173517
2021-06-23 10:40:21,113.3,2173618
2021-06-23 10:40:23,113.3,2173618
2021-06-23 10:40:25,113.3,2174643
2021-06-23 10:40:27,113.35,2174648
2021-06-23 10:40:29,113.35,2174648
2021-06-23 10:40:31,113.35,2174649
2021-06-23 10:40:33,113.3,2174675
2021-06-23 10:40:35,113.3,2174675
2021-06-23 10:40:38,113.3,2174675
2021-06-23 10:40:41,113.3,2175216
2021-06-23 10:40:43,113.3,2175266
2021-06-23 10:40:45,113.35,2175286
2021-06-23 10:40:47,113.35,2175649
2021-06-23 10:40:49,113.35,2175649
2021-06-23 10:40:51,113.3,2175858
2021-06-23 10:40:53,113.35,2175862
2021-06-23 10:40:55,113.35,2175962
2021-06-23 10:40:57,113.35,2175962
2021-06-23 10:40:59,113.35,2175962
2021-06-23 10:41:01,113.35,2175962
2021-06-23 10:41:04,113.35,2175962
2021-06-23 10:41:07,113.35,2176091
2021-06-23 10:41:09,113.35,2176551
2021-06-23 10:41:11,113.3,2176651
2021-06-23 10:41:13,113.35,2176660
2021-06-23 10:41:15,113.3,2176765
2021-06-23 10:41:18,113.3,2178558
2021-06-23 10:41:20,113.25,2178941
2021-06-23 10:41:22,113.25,2178987
2021-06-23 10:41:24,113.25,2178987
2021-06-23 10:41:26,113.25,2178987
2021-06-23 10:41:27,113.25,2178990
2021-06-23 10:41:29,113.25,2179040
2021-06-23 10:41:32,113.25,2179040
2021-06-23 10:41:34,113.3,2179540
2021-06-23 10:41:36,113.25,2179541
2021-06-23 10:41:38,113.3,2179545
2021-06-23 10:41:40,113.3,2179711
2021-06-23 10:41:42,113.3,2179711
2021-06-23 10:41:44,113.3,2180267
2021-06-23 10:41:46,113.3,2180267
2021-06-23 10:41:48,113.3,2180297
2021-06-23 10:41:49,113.3,2180297
2021-06-23 10:41:51,113.3,2180297
2021-06-23 10:41:53,113.3,2180297
2021-06-23 10:41:55,113.3,2180297
2021-06-23 10:41:56,113.3,2180301
2021-06-23 10:41:58,113.3,2180301
2021-06-23 10:42:00,113.25,2180303
2021-06-23 10:42:03,113.25,2180303
2021-06-23 10:42:05,113.25,2180303
2021-06-23 10:42:07,113.25,2183651
2021-06-23 10:42:09,113.25,2183724
2021-06-23 10:42:11,113.25,2183724
2021-06-23 10:42:13,113.3,2184726
2021-06-23 10:42:16,113.25,2185736
2021-06-23 10:42:18,113.25,2185736
2021-06-23 10:42:19,113.25,2185736
2021-06-23 10:42:21,113.25,2185736
2021-06-23 10:42:23,113.25,2186746
2021-06-23 10:42:26,113.25,2186949
2021-06-23 10:42:28,113.25,2187064
2021-06-23 10:42:31,113.25,2187184
2021-06-23 10:42:55,113.3,2189037
2021-06-23 10:42:57,113.25,2191041
2021-06-23 10:43:00,113.3,2191341
2021-06-23 10:43:02,113.3,2192117
2021-06-23 10:43:04,113.3,2192117
2021-06-23 10:43:07,113.25,2193627
2021-06-23 10:43:09,113.3,2194127
2021-06-23 10:43:11,113.25,2194147
2021-06-23 10:43:13,113.25,2194147
2021-06-23 10:43:15,113.3,2194148
2021-06-23 10:43:18,113.3,2194151
2021-06-23 10:43:20,113.3,2194158
2021-06-23 10:43:22,113.3,2194294
2021-06-23 10:43:24,113.25,2194322
2021-06-23 10:43:25,113.25,2194372
2021-06-23 10:43:27,113.3,2194373
2021-06-23 10:43:29,113.3,2194373
2021-06-23 10:43:31,113.3,2194378
2021-06-23 10:43:33,113.3,2194378
2021-06-23 10:43:35,113.3,2194378
2021-06-23 10:43:37,113.3,2194378
2021-06-23 10:43:39,113.3,2194383
2021-06-23 10:43:40,113.3,2194383
2021-06-23 10:43:42,113.25,2194432
2021-06-23 10:43:44,113.25,2194432
2021-06-23 10:43:47,113.25,2194442
2021-06-23 10:43:49,113.3,2194443
2021-06-23 10:43:50,113.3,2194586
2021-06-23 10:43:52,113.25,2194596
2021-06-23 10:43:54,113.25,2194596
2021-06-23 10:43:57,113.25,2194696
2021-06-23 10:43:59,113.25,2194707
2021-06-23 10:44:02,113.3,2194846
2021-06-23 10:44:04,113.3,2210893
2021-06-23 10:44:07,113.3,2210995
2021-06-23 10:44:09,113.35,2211005
2021-06-23 10:44:12,113.35,2211007
2021-06-23 10:44:14,113.35,2211007
2021-06-23 10:44:16,113.3,2213008
2021-06-23 10:44:19,113.3,2213008
2021-06-23 10:44:21,113.3,2213008
2021-06-23 10:44:23,113.3,2213151
2021-06-23 10:44:25,113.25,2213399
2021-06-23 10:44:27,113.25,2213444
2021-06-23 10:44:29,113.3,2213484
2021-06-23 10:44:31,113.3,2213503
2021-06-23 10:44:33,113.3,2213504
2021-06-23 10:44:35,113.25,2213509
2021-06-23 10:44:37,113.25,2213509
2021-06-23 10:44:40,113.25,2213525
2021-06-23 10:44:42,113.25,2213525
2021-06-23 10:44:44,113.25,2213525
2021-06-23 10:44:46,113.3,2213530
2021-06-23 10:44:48,113.3,2213595
2021-06-23 10:44:50,113.25,2213710
2021-06-23 10:44:52,113.3,2213725
2021-06-23 10:44:54,113.3,2213725
2021-06-23 10:44:56,113.3,2215430
2021-06-23 10:44:58,113.3,2215430
2021-06-23 10:44:58,113.3,2215430
2021-06-23 10:44:59,113.25,2215457
2021-06-23 10:45:02,113.25,2215457
2021-06-23 10:45:04,113.25,2215467
2021-06-23 10:45:06,113.25,2215467
2021-06-23 10:45:08,113.25,2215467
2021-06-23 10:45:10,113.3,2215473
2021-06-23 10:45:15,113.25,2215476
2021-06-23 10:45:17,113.25,2215604
2021-06-23 10:45:19,113.25,2215604
2021-06-23 10:45:22,113.25,2215604
2021-06-23 10:45:24,113.3,2215659
2021-06-23 10:45:27,113.25,2215779
2021-06-23 10:45:29,113.25,2215956
2021-06-23 10:45:31,113.3,2217659
2021-06-23 10:45:34,113.25,2217660
2021-06-23 10:45:37,113.25,2217810
2021-06-23 10:45:39,113.25,2218810
2021-06-23 10:45:41,113.25,2218810
2021-06-23 10:45:43,113.3,2218811
2021-06-23 10:45:45,113.3,2218811
2021-06-23 10:45:46,113.3,2218921
2021-06-23 10:45:48,113.3,2218921
2021-06-23 10:45:51,113.3,2218921
2021-06-23 10:45:53,113.25,2218926
2021-06-23 10:45:55,113.25,2218926
2021-06-23 10:45:58,113.25,2218926
2021-06-23 10:46:00,113.25,2219975
2021-06-23 10:46:00,113.25,2219975
2021-06-23 10:46:02,113.3,2219983
2021-06-23 10:46:04,113.3,2220083
2021-06-23 10:46:06,113.3,2220083
2021-06-23 10:46:08,113.25,2220183
2021-06-23 10:46:10,113.25,2220192
2021-06-23 10:46:12,113.25,2220192
2021-06-23 10:46:13,113.25,2220192
2021-06-23 10:46:15,113.25,2220295
2021-06-23 10:46:17,113.3,2220298
2021-06-23 10:46:20,113.3,2220298
2021-06-23 10:46:22,113.25,2220513
2021-06-23 10:46:24,113.25,2220720
2021-06-23 10:46:26,113.3,2221497
2021-06-23 10:46:28,113.3,2221696
2021-06-23 10:46:31,113.35,2222268
2021-06-23 10:46:33,113.35,2222268
2021-06-23 10:46:35,113.35,2222268
2021-06-23 10:46:37,113.35,2222268
2021-06-23 10:46:39,113.35,2222268
2021-06-23 10:46:43,113.35,2223288
2021-06-23 10:46:45,113.35,2223288
2021-06-23 10:46:47,113.35,2228388
2021-06-23 10:46:49,113.3,2229488
2021-06-23 10:46:52,113.3,2229489
2021-06-23 10:46:54,113.25,2229510
2021-06-23 10:46:56,113.3,2229610
2021-06-23 10:46:58,113.3,2229712
2021-06-23 10:47:00,113.3,2229725
2021-06-23 10:47:00,113.3,2229725
2021-06-23 10:47:02,113.3,2229742
2021-06-23 10:47:05,113.3,2229742
2021-06-23 10:47:07,113.3,2229743
2021-06-23 10:47:09,113.3,2230162
2021-06-23 10:47:10,113.35,2230164
2021-06-23 10:47:14,113.3,2231815
2021-06-23 10:47:17,113.3,2231855
2021-06-23 10:47:19,113.3,2231980
2021-06-23 10:47:21,113.3,2231980
2021-06-23 10:47:23,113.3,2231980
2021-06-23 10:47:24,113.3,2231986
2021-06-23 10:47:26,113.35,2232026
2021-06-23 10:47:28,113.35,2232078
2021-06-23 10:47:30,113.35,2232078
2021-06-23 10:47:32,113.35,2232078
2021-06-23 10:47:34,113.35,2232494
2021-06-23 10:47:36,113.35,2232494
2021-06-23 10:47:38,113.35,2233494
2021-06-23 10:47:40,113.35,2233815
2021-06-23 10:47:43,113.35,2233815
2021-06-23 10:47:45,113.35,2234016
2021-06-23 10:47:47,113.35,2234031
2021-06-23 10:47:49,113.35,2234131
2021-06-23 10:47:51,113.35,2234132
2021-06-23 10:47:54,113.35,2234133
2021-06-23 10:47:56,113.35,2234133
2021-06-23 10:47:59,113.35,2234133
2021-06-23 10:48:01,113.35,2234154
2021-06-23 10:48:01,113.35,2234154
2021-06-23 10:48:02,113.35,2234166
2021-06-23 10:48:04,113.35,2234666
2021-06-23 10:48:06,113.3,2234676
2021-06-23 10:48:08,113.35,2234677
2021-06-23 10:48:10,113.3,2234687
2021-06-23 10:48:13,113.35,2234690
2021-06-23 10:48:15,113.3,2234692
2021-06-23 10:48:17,113.3,2234695
2021-06-23 10:48:19,113.3,2234812
2021-06-23 10:48:21,113.3,2234812
2021-06-23 10:48:23,113.3,2234812
2021-06-23 10:48:26,113.35,2235012
2021-06-23 10:48:27,113.3,2235020
2021-06-23 10:48:29,113.35,2238770
2021-06-23 10:48:31,113.35,2238770
2021-06-23 10:48:34,113.35,2238770
2021-06-23 10:48:37,113.35,2238770
2021-06-23 10:48:39,113.35,2238875
2021-06-23 10:48:43,113.35,2238875
2021-06-23 10:48:45,113.35,2238901
2021-06-23 10:48:48,113.35,2238902
2021-06-23 10:48:50,113.3,2239053
2021-06-23 10:48:52,113.35,2239054
2021-06-23 10:48:53,113.35,2239057
2021-06-23 10:48:56,113.35,2239258
2021-06-23 10:48:58,113.35,2239259
2021-06-23 10:48:59,113.35,2239477
2021-06-23 10:49:01,113.35,2239477
2021-06-23 10:49:01,113.35,2239477
2021-06-23 10:49:03,113.35,2239477
2021-06-23 10:49:05,113.35,2239477
2021-06-23 10:49:07,113.3,2240002
2021-06-23 10:49:09,113.3,2240104
2021-06-23 10:49:12,113.3,2240104
2021-06-23 10:49:14,113.35,2240109
2021-06-23 10:49:16,113.3,2240409
2021-06-23 10:49:18,113.3,2240409
2021-06-23 10:49:20,113.3,2240409
2021-06-23 10:49:23,113.35,2240410
2021-06-23 10:49:25,113.35,2240510
2021-06-23 10:49:27,113.35,2240510
2021-06-23 10:49:30,113.35,2240511
2021-06-23 10:49:32,113.35,2240511
2021-06-23 10:49:34,113.35,2240511
2021-06-23 10:49:36,113.35,2240511
2021-06-23 10:49:38,113.35,2240511
2021-06-23 10:49:40,113.35,2240521
2021-06-23 10:49:42,113.35,2240523
2021-06-23 10:49:44,113.35,2240528
2021-06-23 10:49:46,113.35,2240528
2021-06-23 10:49:48,113.35,2240538
2021-06-23 10:49:49,113.35,2240542
2021-06-23 10:49:51,113.35,2240847
2021-06-23 10:49:53,113.35,2240907
2021-06-23 10:49:55,113.35,2240920
2021-06-23 10:49:57,113.3,2240942
2021-06-23 10:49:59,113.35,2240943
2021-06-23 10:50:01,113.3,2241043
2021-06-23 10:50:01,113.3,2241043
2021-06-23 10:50:03,113.3,2241043
2021-06-23 10:50:05,113.3,2241053
2021-06-23 10:50:07,113.35,2241062
2021-06-23 10:50:09,113.35,2241062
2021-06-23 10:50:11,113.3,2241072
2021-06-23 10:50:13,113.3,2241072
2021-06-23 10:50:16,113.35,2241102
2021-06-23 10:50:20,113.35,2241202
2021-06-23 10:50:22,113.35,2241202
2021-06-23 10:50:25,113.35,2241202
2021-06-23 10:50:27,113.35,2241207
2021-06-23 10:50:29,113.35,2241207
2021-06-23 10:50:31,113.35,2241207
2021-06-23 10:50:33,113.35,2241212
2021-06-23 10:50:35,113.3,2241242
2021-06-23 10:50:37,113.3,2241242
2021-06-23 10:50:39,113.35,2241252
2021-06-23 10:50:42,113.35,2249112
2021-06-23 10:50:47,113.35,2249696
2021-06-23 10:50:49,113.4,2251197
2021-06-23 10:50:51,113.4,2251197
2021-06-23 10:50:53,113.4,2251210
2021-06-23 10:50:55,113.4,2251210
2021-06-23 10:50:57,113.4,2251460
2021-06-23 10:50:59,113.4,2251560
2021-06-23 10:51:01,113.4,2251564
2021-06-23 10:51:02,113.4,2251678
2021-06-23 10:51:02,113.4,2251678
2021-06-23 10:51:04,113.35,2251882
2021-06-23 10:51:06,113.4,2251885
2021-06-23 10:51:08,113.35,2251917
2021-06-23 10:51:10,113.4,2251927
2021-06-23 10:51:12,113.35,2252627
2021-06-23 10:51:13,113.4,2252637
2021-06-23 10:51:16,113.4,2252637
2021-06-23 10:51:17,113.4,2252644
2021-06-23 10:51:19,113.4,2252645
2021-06-23 10:51:21,113.4,2252655
2021-06-23 10:51:23,113.4,2252655
2021-06-23 10:51:25,113.35,2252710
2021-06-23 10:51:26,113.4,2252822
2021-06-23 10:51:28,113.4,2252822
2021-06-23 10:51:31,113.35,2252848
2021-06-23 10:51:33,113.4,2252850
2021-06-23 10:51:35,113.35,2252900
2021-06-23 10:51:37,113.35,2252914
2021-06-23 10:51:39,113.4,2252924
2021-06-23 10:51:41,113.35,2252925
2021-06-23 10:51:42,113.35,2252925
2021-06-23 10:51:44,113.35,2252925
2021-06-23 10:51:47,113.4,2252927
2021-06-23 10:51:49,113.4,2252957
2021-06-23 10:51:50,113.4,2252957
2021-06-23 10:51:53,113.35,2253078
2021-06-23 10:51:54,113.4,2253133
2021-06-23 10:51:56,113.4,2253133
2021-06-23 10:51:58,113.35,2253134
2021-06-23 10:52:00,113.4,2253159
2021-06-23 10:52:02,113.4,2253165
2021-06-23 10:52:02,113.4,2253165
2021-06-23 10:52:04,113.35,2253185
2021-06-23 10:52:06,113.4,2253214
2021-06-23 10:52:08,113.4,2253260
2021-06-23 10:52:13,113.4,2253640
2021-06-23 10:52:15,113.4,2253791
2021-06-23 10:52:18,113.4,2253805
2021-06-23 10:52:20,113.4,2253805
2021-06-23 10:52:26,113.4,2253860
2021-06-23 10:52:28,113.4,2253860
2021-06-23 10:52:30,113.4,2253862
2021-06-23 10:52:32,113.4,2254062
2021-06-23 10:52:34,113.4,2254062
2021-06-23 10:52:36,113.4,2257852
2021-06-23 10:52:38,113.4,2258852
2021-06-23 10:52:40,113.35,2258877
2021-06-23 10:52:42,113.4,2259677
2021-06-23 10:52:44,113.4,2259677
2021-06-23 10:52:46,113.4,2259677
2021-06-23 10:52:48,113.4,2259687
2021-06-23 10:52:50,113.4,2259688
2021-06-23 10:52:52,113.4,2259691
2021-06-23 10:52:54,113.4,2259891
2021-06-23 10:52:56,113.4,2259891
2021-06-23 10:52:58,113.4,2259892
2021-06-23 10:53:01,113.4,2259893
2021-06-23 10:53:03,113.35,2260143
2021-06-23 10:53:03,113.35,2260143
2021-06-23 10:53:05,113.35,2260143
2021-06-23 10:53:07,113.35,2260143
2021-06-23 10:53:09,113.35,2260143
2021-06-23 10:53:11,113.35,2260143
2021-06-23 10:53:13,113.4,2260183
2021-06-23 10:53:15,113.4,2260183
2021-06-23 10:53:16,113.4,2260183
2021-06-23 10:53:18,113.35,2260574
2021-06-23 10:53:20,113.35,2260574
2021-06-23 10:53:22,113.35,2260574
2021-06-23 10:53:24,113.4,2268607
2021-06-23 10:53:25,113.4,2268607
2021-06-23 10:53:27,113.4,2268607
2021-06-23 10:53:29,113.45,2268732
2021-06-23 10:53:30,113.45,2268747
2021-06-23 10:53:32,113.45,2268747
2021-06-23 10:53:34,113.45,2268747
2021-06-23 10:53:36,113.4,2268848
2021-06-23 10:53:37,113.45,2268903
2021-06-23 10:53:39,113.4,2268923
2021-06-23 10:53:41,113.4,2268924
2021-06-23 10:53:43,113.4,2268924
2021-06-23 10:53:45,113.4,2268934
2021-06-23 10:53:47,113.45,2268935
2021-06-23 10:53:49,113.4,2268942
2021-06-23 10:53:51,113.45,2269342
2021-06-23 10:53:53,113.45,2269342
2021-06-23 10:53:57,113.45,2270067
2021-06-23 10:53:59,113.45,2270087
2021-06-23 10:54:01,113.45,2270188
2021-06-23 10:54:03,113.45,2271238
2021-06-23 10:54:03,113.45,2271238
2021-06-23 10:54:06,113.4,2271248
2021-06-23 10:54:08,113.45,2271448
2021-06-23 10:54:11,113.45,2271448
2021-06-23 10:54:13,113.45,2271477
2021-06-23 10:54:15,113.4,2271642
2021-06-23 10:54:17,113.45,2271757
2021-06-23 10:54:18,113.45,2271857
2021-06-23 10:54:20,113.45,2271867
2021-06-23 10:54:22,113.4,2272367
2021-06-23 10:54:25,113.4,2273292
2021-06-23 10:54:27,113.4,2273293
2021-06-23 10:54:30,113.4,2273304
2021-06-23 10:54:32,113.4,2273304
2021-06-23 10:54:35,113.4,2275305
2021-06-23 10:54:37,113.4,2275310
2021-06-23 10:54:38,113.4,2275316
2021-06-23 10:54:40,113.4,2276366
2021-06-23 10:54:42,113.45,2276381
2021-06-23 10:54:44,113.45,2276389
2021-06-23 10:54:46,113.4,2276390
2021-06-23 10:54:48,113.4,2276390
2021-06-23 10:54:50,113.4,2276390
2021-06-23 10:54:53,113.4,2276390
2021-06-23 10:54:55,113.4,2278405
2021-06-23 10:54:57,113.45,2278407
2021-06-23 10:54:59,113.4,2278502
2021-06-23 10:55:01,113.4,2278519
2021-06-23 10:55:04,113.45,2278844
2021-06-23 10:55:04,113.45,2278844
2021-06-23 10:55:07,113.45,2278844
2021-06-23 10:55:09,113.4,2278868
2021-06-23 10:55:11,113.4,2278868
2021-06-23 10:55:14,113.35,2278869
2021-06-23 10:55:17,113.4,2278880
2021-06-23 10:55:19,113.4,2278899
2021-06-23 10:55:21,113.4,2278899
2021-06-23 10:55:24,113.45,2279088
2021-06-23 10:55:26,113.4,2279097
2021-06-23 10:55:28,113.35,2279180
2021-06-23 10:55:29,113.35,2279180
2021-06-23 10:55:31,113.35,2279180
2021-06-23 10:55:33,113.35,2279180
2021-06-23 10:55:35,113.4,2279234
2021-06-23 10:55:37,113.4,2279244
2021-06-23 10:55:39,113.35,2279264
2021-06-23 10:55:42,113.35,2279594
2021-06-23 10:55:44,113.35,2279594
2021-06-23 10:55:46,113.35,2279594
2021-06-23 10:55:48,113.35,2279594
2021-06-23 10:55:52,113.35,2279594
2021-06-23 10:55:54,113.35,2280011
2021-06-23 10:55:56,113.35,2280040
2021-06-23 10:55:58,113.35,2280040
2021-06-23 10:56:00,113.4,2280042
2021-06-23 10:56:02,113.35,2280047
2021-06-23 10:56:04,113.4,2280097
2021-06-23 10:56:07,113.35,2280098
2021-06-23 10:56:09,113.35,2280298
2021-06-23 10:56:11,113.4,2280313
2021-06-23 10:56:13,113.4,2280313
2021-06-23 10:56:15,113.4,2280313
2021-06-23 10:56:16,113.4,2280313
2021-06-23 10:56:18,113.4,2280314
2021-06-23 10:56:20,113.4,2280314
2021-06-23 10:56:22,113.35,2280358
2021-06-23 10:56:25,113.4,2280608
2021-06-23 10:56:27,113.4,2280608
2021-06-23 10:56:29,113.35,2280609
2021-06-23 10:56:31,113.35,2280609
2021-06-23 10:56:33,113.35,2280609
2021-06-23 10:56:35,113.4,2281109
2021-06-23 10:56:37,113.4,2281115
2021-06-23 10:56:39,113.4,2281115
2021-06-23 10:56:41,113.35,2281150
2021-06-23 10:56:43,113.4,2281151
2021-06-23 10:56:44,113.4,2281151
2021-06-23 10:56:47,113.4,2281151
2021-06-23 10:56:50,113.4,2281166
2021-06-23 10:56:52,113.35,2281212
2021-06-23 10:56:55,113.35,2286566
2021-06-23 10:56:57,113.35,2286566
2021-06-23 10:56:59,113.35,2286566
2021-06-23 10:57:01,113.35,2286566
2021-06-23 10:57:04,113.35,2286568
2021-06-23 10:57:09,113.35,2286645
2021-06-23 10:57:11,113.35,2286645
2021-06-23 10:57:13,113.35,2286755
2021-06-23 10:57:16,113.35,2286760
2021-06-23 10:57:18,113.35,2286760
2021-06-23 10:57:21,113.35,2287168
2021-06-23 10:57:23,113.35,2287168
2021-06-23 10:57:25,113.35,2287168
2021-06-23 10:57:27,113.35,2291303
2021-06-23 10:57:29,113.35,2291303
2021-06-23 10:57:31,113.35,2291303
2021-06-23 10:57:35,113.35,2291363
2021-06-23 10:57:37,113.3,2291364
2021-06-23 10:57:39,113.35,2291366
2021-06-23 10:57:41,113.35,2291866
2021-06-23 10:57:43,113.35,2291866
2021-06-23 10:57:44,113.35,2291866
2021-06-23 10:57:46,113.3,2291867
2021-06-23 10:57:48,113.3,2291867
2021-06-23 10:57:50,113.3,2291867
2021-06-23 10:57:52,113.3,2291867
2021-06-23 10:57:54,113.35,2291872
2021-06-23 10:57:58,113.35,2292372
2021-06-23 10:58:00,113.3,2292442
2021-06-23 10:58:02,113.35,2292447
2021-06-23 10:58:04,113.35,2292462
2021-06-23 10:58:06,113.35,2292542
2021-06-23 10:58:08,113.3,2294542
2021-06-23 10:58:10,113.35,2294592
2021-06-23 10:58:12,113.35,2294592
2021-06-23 10:58:16,113.35,2294593
2021-06-23 10:58:18,113.3,2294628
2021-06-23 10:58:20,113.35,2294645
2021-06-23 10:58:22,113.35,2294645
2021-06-23 10:58:23,113.35,2295645
2021-06-23 10:58:25,113.35,2295645
2021-06-23 10:58:27,113.3,2295646
2021-06-23 10:58:29,113.3,2295646
2021-06-23 10:58:32,113.3,2296153
2021-06-23 10:58:34,113.35,2296161
2021-06-23 10:58:37,113.3,2296201
2021-06-23 10:58:39,113.3,2296201
2021-06-23 10:58:41,113.3,2296353
2021-06-23 10:58:43,113.35,2296360
2021-06-23 10:58:45,113.35,2296365
2021-06-23 10:58:46,113.35,2296365
2021-06-23 10:58:48,113.35,2296465
2021-06-23 10:58:49,113.3,2296475
2021-06-23 10:58:51,113.3,2296477
2021-06-23 10:58:53,113.3,2296477
2021-06-23 10:58:55,113.3,2296477
2021-06-23 10:58:56,113.35,2296494
2021-06-23 10:58:58,113.35,2296494
2021-06-23 10:59:00,113.3,2297493
2021-06-23 10:59:02,113.35,2297678
2021-06-23 10:59:03,113.3,2297853
2021-06-23 10:59:06,113.3,2297853
2021-06-23 10:59:07,113.3,2297873
2021-06-23 10:59:09,113.35,2297882
2021-06-23 10:59:11,113.35,2297892
2021-06-23 10:59:13,113.35,2297892
2021-06-23 10:59:15,113.35,2297892
2021-06-23 10:59:17,113.3,2298092
2021-06-23 10:59:19,113.3,2298892
2021-06-23 10:59:21,113.3,2298992
2021-06-23 10:59:23,113.3,2298992
2021-06-23 10:59:25,113.3,2299992
2021-06-23 10:59:27,113.3,2299992
2021-06-23 10:59:29,113.3,2299992
2021-06-23 10:59:31,113.3,2299994
2021-06-23 10:59:33,113.35,2300004
2021-06-23 10:59:35,113.3,2301004
2021-06-23 10:59:37,113.3,2301004
2021-06-23 10:59:39,113.3,2301049
2021-06-23 10:59:40,113.3,2301049
2021-06-23 10:59:42,113.35,2301050
2021-06-23 10:59:44,113.35,2301050
2021-06-23 10:59:46,113.35,2301050
2021-06-23 10:59:48,113.35,2301140
2021-06-23 10:59:50,113.35,2301140
2021-06-23 10:59:52,113.35,2301140
2021-06-23 10:59:54,113.35,2301140
2021-06-23 10:59:56,113.3,2301141
2021-06-23 10:59:58,113.35,2301216
2021-06-23 10:59:59,113.35,2301216
2021-06-23 11:00:01,113.35,2301216
2021-06-23 11:00:04,113.35,2301319
2021-06-23 11:00:07,113.3,2301421
2021-06-23 11:00:09,113.35,2301461
2021-06-23 11:00:11,113.35,2301462
2021-06-23 11:00:13,113.3,2301492
2021-06-23 11:00:15,113.3,2301512
2021-06-23 11:00:17,113.3,2301716
2021-06-23 11:00:22,113.3,2301866
2021-06-23 11:00:25,113.3,2301875
2021-06-23 11:00:28,113.3,2301920
2021-06-23 11:00:31,113.35,2304012
2021-06-23 11:00:33,113.35,2304012
2021-06-23 11:00:36,113.35,2304012
2021-06-23 11:00:38,113.35,2304017
2021-06-23 11:00:39,113.3,2304117
2021-06-23 11:00:41,113.3,2304118
2021-06-23 11:00:44,113.3,2304118
2021-06-23 11:00:45,113.3,2304619
2021-06-23 11:00:48,113.3,2304619
2021-06-23 11:00:49,113.3,2304620
2021-06-23 11:00:51,113.35,2304621
2021-06-23 11:00:53,113.3,2304721
2021-06-23 11:00:56,113.3,2304721
2021-06-23 11:00:58,113.3,2305121
2021-06-23 11:01:01,113.3,2305456
2021-06-23 11:01:03,113.35,2305556
2021-06-23 11:01:05,113.3,2305606
2021-06-23 11:01:06,113.35,2306456
2021-06-23 11:01:08,113.4,2306457
2021-06-23 11:01:10,113.35,2306466
2021-06-23 11:01:12,113.4,2306506
2021-06-23 11:01:14,113.35,2306507
2021-06-23 11:01:16,113.4,2306518
2021-06-23 11:01:17,113.4,2306518
2021-06-23 11:01:20,113.4,2306518
2021-06-23 11:01:21,113.4,2306518
2021-06-23 11:01:25,113.4,2306518
2021-06-23 11:01:27,113.4,2306518
2021-06-23 11:01:29,113.4,2306518
2021-06-23 11:01:31,113.35,2306520
2021-06-23 11:01:34,113.35,2306520
2021-06-23 11:01:36,113.35,2306521
2021-06-23 11:01:39,113.4,2306523
2021-06-23 11:01:41,113.4,2306523
2021-06-23 11:01:42,113.4,2306523
2021-06-23 11:01:44,113.4,2306573
2021-06-23 11:01:46,113.35,2306853
2021-06-23 11:01:48,113.4,2306859
2021-06-23 11:01:50,113.35,2306889
2021-06-23 11:01:52,113.35,2307189
2021-06-23 11:01:55,113.4,2307397
2021-06-23 11:01:57,113.35,2307407
2021-06-23 11:01:59,113.35,2307407
2021-06-23 11:02:01,113.35,2307414
2021-06-23 11:02:03,113.4,2307426
2021-06-23 11:02:05,113.4,2307426
2021-06-23 11:02:07,113.4,2307426
2021-06-23 11:02:09,113.35,2307431
2021-06-23 11:02:11,113.35,2307432
2021-06-23 11:02:13,113.4,2307613
2021-06-23 11:02:16,113.4,2307613
2021-06-23 11:02:18,113.35,2307713
2021-06-23 11:02:20,113.35,2309714
2021-06-23 11:02:22,113.4,2310064
2021-06-23 11:02:24,113.4,2310065
2021-06-23 11:02:26,113.4,2310065
2021-06-23 11:02:28,113.4,2310571
2021-06-23 11:02:29,113.4,2311071
2021-06-23 11:02:31,113.4,2311171
2021-06-23 11:02:33,113.35,2311174
2021-06-23 11:02:34,113.35,2311224
2021-06-23 11:02:36,113.35,2311224
2021-06-23 11:02:38,113.4,2311225
2021-06-23 11:02:41,113.35,2311325
2021-06-23 11:02:42,113.4,2311418
2021-06-23 11:02:44,113.4,2311445
2021-06-23 11:02:47,113.3,2316640
2021-06-23 11:02:49,113.3,2316640
2021-06-23 11:02:51,113.3,2316640
2021-06-23 11:02:52,113.3,2316640
2021-06-23 11:02:54,113.35,2316740
2021-06-23 11:02:57,113.35,2316917
2021-06-23 11:02:59,113.3,2316924
2021-06-23 11:03:01,113.3,2316924
2021-06-23 11:03:03,113.3,2316924
2021-06-23 11:03:05,113.35,2316934
2021-06-23 11:03:06,113.3,2317024
2021-06-23 11:03:08,113.3,2317024
2021-06-23 11:03:12,113.3,2317024
2021-06-23 11:03:14,113.3,2317024
2021-06-23 11:03:16,113.35,2317026
2021-06-23 11:03:18,113.35,2317026
2021-06-23 11:03:20,113.35,2317026
2021-06-23 11:03:21,113.35,2317028
2021-06-23 11:03:24,113.35,2317028
2021-06-23 11:03:26,113.35,2317028
2021-06-23 11:03:27,113.35,2317028
2021-06-23 11:03:30,113.3,2317138
2021-06-23 11:03:33,113.3,2317182
2021-06-23 11:03:35,113.4,2318903
2021-06-23 11:03:38,113.4,2318903
2021-06-23 11:03:40,113.3,2325433
2021-06-23 11:03:42,113.3,2325444
2021-06-23 11:03:44,113.3,2325454
2021-06-23 11:03:46,113.35,2325555
2021-06-23 11:03:48,113.3,2327055
2021-06-23 11:03:50,113.3,2327055
2021-06-23 11:03:53,113.35,2327056
2021-06-23 11:03:54,113.3,2327157
2021-06-23 11:03:56,113.35,2328057
2021-06-23 11:03:58,113.35,2328057
2021-06-23 11:04:00,113.35,2328060
2021-06-23 11:04:02,113.35,2328060
2021-06-23 11:04:05,113.3,2329286
2021-06-23 11:04:07,113.3,2329286
2021-06-23 11:04:09,113.25,2329486
2021-06-23 11:04:10,113.3,2329494
2021-06-23 11:04:12,113.3,2329494
2021-06-23 11:04:14,113.3,2329494
2021-06-23 11:04:16,113.25,2329498
2021-06-23 11:04:16,113.25,2329498
2021-06-23 11:04:18,113.25,2329498
2021-06-23 11:04:20,113.3,2332998
2021-06-23 11:04:22,113.3,2332998
2021-06-23 11:04:24,113.3,2332999
2021-06-23 11:04:26,113.3,2333001
2021-06-23 11:04:29,113.3,2333074
2021-06-23 11:04:32,113.3,2333096
2021-06-23 11:04:34,113.3,2333649
2021-06-23 11:04:37,113.3,2333650
2021-06-23 11:04:39,113.3,2333650
2021-06-23 11:04:41,113.3,2333650
2021-06-23 11:04:43,113.3,2333650
2021-06-23 11:04:46,113.3,2333650
2021-06-23 11:04:48,113.3,2333726
2021-06-23 11:04:50,113.3,2333766
2021-06-23 11:04:52,113.25,2335273
2021-06-23 11:04:54,113.25,2335423
2021-06-23 11:04:56,113.25,2335423
2021-06-23 11:04:58,113.25,2335423
2021-06-23 11:05:01,113.25,2338123
2021-06-23 11:05:03,113.25,2338123
2021-06-23 11:05:04,113.25,2338131
2021-06-23 11:05:06,113.3,2338133
2021-06-23 11:05:09,113.3,2338139
2021-06-23 11:05:12,113.3,2338227
2021-06-23 11:05:14,113.3,2338233
2021-06-23 11:05:16,113.3,2338239
2021-06-23 11:05:20,113.25,2339240
2021-06-23 11:05:22,113.3,2339241
2021-06-23 11:05:24,113.3,2339251
2021-06-23 11:05:26,113.35,2339260
2021-06-23 11:05:27,113.35,2339260
2021-06-23 11:05:29,113.3,2339349
2021-06-23 11:05:31,113.3,2339352
2021-06-23 11:05:33,113.35,2339402
2021-06-23 11:05:35,113.3,2339510
2021-06-23 11:05:37,113.3,2339510
2021-06-23 11:05:40,113.3,2339560
2021-06-23 11:05:42,113.3,2339560
2021-06-23 11:05:44,113.3,2339566
2021-06-23 11:05:46,113.3,2339566
2021-06-23 11:05:48,113.3,2339578
2021-06-23 11:05:49,113.3,2339583
2021-06-23 11:05:53,113.35,2339601
2021-06-23 11:05:55,113.3,2339610
2021-06-23 11:05:56,113.3,2339610
2021-06-23 11:05:58,113.3,2339610
2021-06-23 11:06:00,113.3,2339711
2021-06-23 11:06:02,113.3,2339761
2021-06-23 11:06:03,113.35,2339762
2021-06-23 11:06:04,113.35,2339762
2021-06-23 11:06:06,113.35,2339762
2021-06-23 11:06:07,113.35,2339762
2021-06-23 11:06:11,113.3,2339772
2021-06-23 11:06:13,113.3,2339772
2021-06-23 11:06:15,113.3,2339872
2021-06-23 11:06:18,113.3,2339933
2021-06-23 11:06:20,113.3,2340034
2021-06-23 11:06:23,113.3,2340084
2021-06-23 11:06:25,113.3,2340084
2021-06-23 11:06:29,113.3,2341093
2021-06-23 11:06:32,113.35,2341095
2021-06-23 11:06:35,113.3,2341096
2021-06-23 11:06:37,113.35,2341446
2021-06-23 11:06:39,113.3,2341746
2021-06-23 11:06:41,113.3,2341838
2021-06-23 11:06:42,113.3,2341981
2021-06-23 11:06:44,113.3,2341983
2021-06-23 11:06:45,113.35,2342028
2021-06-23 11:06:47,113.35,2342038
2021-06-23 11:06:49,113.3,2343038
2021-06-23 11:06:51,113.3,2343038
2021-06-23 11:06:54,113.3,2343038
2021-06-23 11:06:56,113.3,2343038
2021-06-23 11:06:58,113.3,2343038
2021-06-23 11:07:01,113.35,2343238
2021-06-23 11:07:03,113.35,2343539
2021-06-23 11:07:05,113.35,2343539
2021-06-23 11:07:07,113.35,2343539
2021-06-23 11:07:10,113.35,2343605
2021-06-23 11:07:12,113.35,2343605
2021-06-23 11:07:14,113.35,2343605
2021-06-23 11:07:16,113.35,2343830
2021-06-23 11:07:18,113.3,2344030
2021-06-23 11:07:20,113.3,2344938
2021-06-23 11:07:22,113.3,2344955
2021-06-23 11:07:24,113.3,2344955
2021-06-23 11:07:24,113.3,2344955
2021-06-23 11:07:26,113.35,2345355
2021-06-23 11:07:28,113.35,2345475
2021-06-23 11:07:30,113.35,2345475
2021-06-23 11:07:32,113.35,2345475
2021-06-23 11:07:34,113.35,2345500
2021-06-23 11:07:37,113.35,2345500
2021-06-23 11:07:39,113.35,2345500
2021-06-23 11:07:43,113.35,2345515
2021-06-23 11:07:44,113.35,2345515
2021-06-23 11:07:46,113.3,2345565
2021-06-23 11:07:48,113.3,2345565
2021-06-23 11:07:50,113.35,2347893
2021-06-23 11:07:52,113.35,2347893
2021-06-23 11:07:54,113.35,2347893
2021-06-23 11:07:56,113.35,2347893
2021-06-23 11:07:58,113.35,2347893
2021-06-23 11:07:59,113.3,2347895
2021-06-23 11:08:01,113.3,2347995
2021-06-23 11:08:03,113.35,2348000
2021-06-23 11:08:05,113.35,2348000
2021-06-23 11:08:07,113.3,2348001
2021-06-23 11:08:09,113.3,2348146
2021-06-23 11:08:12,113.3,2348147
2021-06-23 11:08:14,113.3,2348150
2021-06-23 11:08:16,113.3,2348150
2021-06-23 11:08:17,113.3,2348258
2021-06-23 11:08:19,113.3,2348258
2021-06-23 11:08:21,113.35,2348346
2021-06-23 11:08:23,113.35,2348346
2021-06-23 11:08:24,113.35,2348346
2021-06-23 11:08:24,113.35,2348346
2021-06-23 11:08:26,113.3,2348462
2021-06-23 11:08:28,113.3,2348462
2021-06-23 11:08:30,113.3,2348462
2021-06-23 11:08:32,113.35,2348485
2021-06-23 11:08:34,113.35,2348485
2021-06-23 11:08:37,113.3,2348789
2021-06-23 11:08:39,113.35,2348790
2021-06-23 11:08:40,113.35,2348933
2021-06-23 11:08:42,113.35,2348933
2021-06-23 11:08:44,113.35,2348933
2021-06-23 11:08:46,113.35,2348933
2021-06-23 11:08:48,113.35,2348933
2021-06-23 11:08:50,113.3,2348958
2021-06-23 11:08:51,113.3,2348966
2021-06-23 11:08:53,113.35,2348974
2021-06-23 11:08:55,113.35,2348974
2021-06-23 11:08:57,113.3,2348994
2021-06-23 11:08:58,113.3,2348997
2021-06-23 11:09:00,113.35,2349008
2021-06-23 11:09:02,113.35,2349008
2021-06-23 11:09:04,113.35,2349008
2021-06-23 11:09:06,113.3,2349319
2021-06-23 11:09:08,113.3,2349319
2021-06-23 11:09:10,113.35,2349320
2021-06-23 11:09:12,113.35,2349320
2021-06-23 11:09:14,113.3,2349371
2021-06-23 11:09:16,113.35,2349421
2021-06-23 11:09:18,113.35,2349421
2021-06-23 11:09:20,113.3,2349425
2021-06-23 11:09:22,113.3,2349637
2021-06-23 11:09:24,113.35,2349639
2021-06-23 11:09:24,113.35,2349639
2021-06-23 11:09:26,113.3,2349642
2021-06-23 11:09:28,113.35,2349752
2021-06-23 11:09:30,113.4,2351163
2021-06-23 11:09:32,113.4,2351163
2021-06-23 11:09:34,113.4,2351983
2021-06-23 11:09:36,113.3,2352213
2021-06-23 11:09:39,113.3,2352218
2021-06-23 11:09:41,113.4,2352226
2021-06-23 11:09:44,113.4,2352226
2021-06-23 11:09:46,113.4,2352226
2021-06-23 11:09:48,113.3,2352236
2021-06-23 11:09:50,113.4,2352241
2021-06-23 11:09:52,113.4,2352241
2021-06-23 11:09:54,113.3,2352291
2021-06-23 11:09:56,113.4,2352301
2021-06-23 11:09:58,113.4,2352413
2021-06-23 11:10:00,113.4,2352413
2021-06-23 11:10:03,113.4,2352423
2021-06-23 11:10:05,113.4,2352474
2021-06-23 11:10:08,113.4,2352486
2021-06-23 11:10:10,113.4,2352486
2021-06-23 11:10:12,113.35,2352500
2021-06-23 11:10:14,113.35,2352500
2021-06-23 11:10:17,113.4,2353500
2021-06-23 11:10:19,113.35,2353601
2021-06-23 11:10:22,113.35,2353643
2021-06-23 11:10:25,113.35,2353643
2021-06-23 11:10:27,113.35,2353643
2021-06-23 11:10:29,113.35,2353643
2021-06-23 11:10:31,113.35,2353643
2021-06-23 11:10:33,113.35,2353643
2021-06-23 11:10:35,113.35,2353843
2021-06-23 11:10:37,113.4,2358843
2021-06-23 11:10:39,113.4,2358843
2021-06-23 11:10:41,113.4,2358843
2021-06-23 11:10:43,113.4,2361498
2021-06-23 11:10:44,113.45,2361583
2021-06-23 11:10:46,113.4,2361683
2021-06-23 11:10:48,113.45,2361699
2021-06-23 11:10:50,113.4,2361729
2021-06-23 11:10:52,113.4,2361729
2021-06-23 11:10:53,113.4,2361729
2021-06-23 11:10:55,113.45,2362736
2021-06-23 11:10:57,113.45,2362736
2021-06-23 11:10:58,113.45,2362736
2021-06-23 11:11:00,113.45,2362736
2021-06-23 11:11:01,113.4,2362737
2021-06-23 11:11:03,113.4,2362737
2021-06-23 11:11:06,113.4,2362737
2021-06-23 11:11:09,113.45,2363247
2021-06-23 11:11:11,113.45,2363247
2021-06-23 11:11:13,113.45,2363948
2021-06-23 11:11:14,113.45,2364148
2021-06-23 11:11:15,113.45,2364148
2021-06-23 11:11:17,113.45,2364168
2021-06-23 11:11:18,113.45,2364169
2021-06-23 11:11:19,113.45,2364169
2021-06-23 11:11:21,113.45,2364213
2021-06-23 11:11:24,113.4,2364338
2021-06-23 11:11:26,113.45,2364560
2021-06-23 11:11:27,113.45,2364563
2021-06-23 11:11:27,113.45,2364563
2021-06-23 11:11:29,113.45,2364663
2021-06-23 11:11:31,113.45,2364688
2021-06-23 11:11:33,113.4,2364690
2021-06-23 11:11:35,113.45,2365290
2021-06-23 11:11:37,113.45,2365290
2021-06-23 11:11:42,113.4,2366097
2021-06-23 11:11:43,113.4,2366097
2021-06-23 11:11:46,113.4,2366097
2021-06-23 11:11:48,113.4,2366097
2021-06-23 11:11:49,113.45,2366897
2021-06-23 11:11:51,113.45,2366897
2021-06-23 11:11:53,113.45,2366963
2021-06-23 11:11:54,113.45,2366963
2021-06-23 11:11:55,113.45,2366969
2021-06-23 11:11:57,113.4,2366970
2021-06-23 11:11:59,113.45,2367021
2021-06-23 11:12:02,113.45,2367021
2021-06-23 11:12:04,113.4,2367022
2021-06-23 11:12:06,113.45,2367053
2021-06-23 11:12:09,113.4,2367063
2021-06-23 11:12:11,113.4,2367073
2021-06-23 11:12:13,113.4,2367073
2021-06-23 11:12:15,113.4,2367073
2021-06-23 11:12:16,113.4,2367073
2021-06-23 11:12:18,113.45,2367089
2021-06-23 11:12:19,113.45,2367189
2021-06-23 11:12:21,113.45,2367214
2021-06-23 11:12:23,113.4,2367215
2021-06-23 11:12:24,113.4,2367219
2021-06-23 11:12:26,113.45,2367519
2021-06-23 11:12:28,113.45,2369536
2021-06-23 11:12:33,113.45,2369711
2021-06-23 11:12:35,113.45,2369711
2021-06-23 11:12:36,113.45,2369711
2021-06-23 11:12:38,113.45,2369711
2021-06-23 11:12:39,113.4,2369761
2021-06-23 11:12:41,113.45,2369766
2021-06-23 11:12:43,113.45,2370268
2021-06-23 11:12:45,113.45,2370308
2021-06-23 11:12:46,113.45,2370308
2021-06-23 11:12:48,113.4,2370417
2021-06-23 11:12:51,113.45,2371419
2021-06-23 11:12:53,113.45,2371464
2021-06-23 11:12:54,113.45,2372464
2021-06-23 11:12:56,113.45,2372464
2021-06-23 11:12:57,113.45,2372464
2021-06-23 11:12:59,113.45,2372474
2021-06-23 11:13:01,113.45,2372501
2021-06-23 11:13:03,113.45,2372521
2021-06-23 11:13:05,113.45,2372529
2021-06-23 11:13:07,113.4,2372749
2021-06-23 11:13:09,113.45,2372774
2021-06-23 11:13:12,113.45,2372774
2021-06-23 11:13:13,113.45,2372974
2021-06-23 11:13:15,113.45,2372984
2021-06-23 11:13:17,113.45,2373184
2021-06-23 11:13:20,113.45,2373199
2021-06-23 11:13:22,113.45,2373199
2021-06-23 11:13:24,113.45,2373199
2021-06-23 11:13:26,113.45,2373199
2021-06-23 11:13:28,113.45,2373359
2021-06-23 11:13:30,113.45,2373359
2021-06-23 11:13:32,113.35,2374869
2021-06-23 11:13:32,113.35,2374869
2021-06-23 11:13:34,113.45,2374874
2021-06-23 11:13:36,113.45,2374874
2021-06-23 11:13:38,113.45,2374874
2021-06-23 11:13:40,113.45,2374874
2021-06-23 11:13:41,113.45,2374874
2021-06-23 11:13:43,113.35,2374886
2021-06-23 11:13:45,113.45,2374888
2021-06-23 11:13:48,113.35,2375088
2021-06-23 11:13:50,113.35,2375088
2021-06-23 11:13:52,113.45,2375090
2021-06-23 11:13:54,113.45,2375090
2021-06-23 11:13:55,113.45,2375110
2021-06-23 11:13:57,113.45,2377112
2021-06-23 11:13:58,113.45,2377112
2021-06-23 11:14:00,113.45,2378112
2021-06-23 11:14:02,113.4,2378259
2021-06-23 11:14:04,113.45,2378269
2021-06-23 11:14:06,113.4,2378283
2021-06-23 11:14:07,113.35,2378333
2021-06-23 11:14:09,113.4,2379213
2021-06-23 11:14:11,113.45,2379222
2021-06-23 11:14:13,113.45,2379230
2021-06-23 11:14:15,113.35,2380337
2021-06-23 11:14:17,113.35,2380339
2021-06-23 11:14:19,113.35,2380339
2021-06-23 11:14:22,113.35,2380339
2021-06-23 11:14:24,113.45,2390339
2021-06-23 11:14:26,113.45,2390339
2021-06-23 11:14:28,113.45,2390351
2021-06-23 11:14:30,113.4,2390793
2021-06-23 11:14:32,113.35,2390883
2021-06-23 11:14:34,113.45,2390901
2021-06-23 11:14:37,113.45,2390901
2021-06-23 11:14:38,113.45,2393601
2021-06-23 11:14:40,113.35,2393692
2021-06-23 11:14:42,113.35,2393692
2021-06-23 11:14:44,113.35,2393692
2021-06-23 11:14:45,113.35,2393692
2021-06-23 11:14:47,113.45,2393693
2021-06-23 11:14:49,113.45,2393693
2021-06-23 11:14:51,113.45,2393693
2021-06-23 11:14:52,113.45,2393893
2021-06-23 11:14:54,113.45,2393893
2021-06-23 11:14:56,113.4,2394894
2021-06-23 11:14:59,113.45,2395081
2021-06-23 11:15:01,113.4,2395096
2021-06-23 11:15:03,113.45,2395106
2021-06-23 11:15:05,113.45,2395106
2021-06-23 11:15:07,113.45,2395106
2021-06-23 11:15:09,113.45,2395106
2021-06-23 11:15:11,113.45,2395108
2021-06-23 11:15:13,113.45,2395108
2021-06-23 11:15:16,113.4,2395613
2021-06-23 11:15:18,113.4,2395615
2021-06-23 11:15:20,113.4,2395615
2021-06-23 11:15:23,113.4,2395615
2021-06-23 11:15:26,113.4,2395628
2021-06-23 11:15:28,113.4,2395628
2021-06-23 11:15:34,113.45,2397144
2021-06-23 11:15:34,113.45,2397144
2021-06-23 11:15:36,113.45,2397144
2021-06-23 11:15:39,113.45,2397154
2021-06-23 11:15:41,113.4,2397254
2021-06-23 11:15:43,113.4,2397255
2021-06-23 11:15:46,113.35,2402483
2021-06-23 11:15:48,113.45,2406907
2021-06-23 11:15:50,113.35,2406917
2021-06-23 11:15:52,113.45,2406918
2021-06-23 11:15:54,113.45,2406918
2021-06-23 11:15:56,113.45,2406919
2021-06-23 11:15:58,113.45,2406919
2021-06-23 11:16:02,113.45,2407029
2021-06-23 11:16:04,113.45,2407029
2021-06-23 11:16:06,113.45,2407029
2021-06-23 11:16:08,113.45,2407029
2021-06-23 11:16:09,113.45,2407029
2021-06-23 11:16:11,113.45,2407229
2021-06-23 11:16:12,113.45,2407229
2021-06-23 11:16:14,113.35,2408508
2021-06-23 11:16:15,113.35,2408508
2021-06-23 11:16:17,113.45,2408509
2021-06-23 11:16:19,113.45,2408509
2021-06-23 11:16:22,113.45,2408559
2021-06-23 11:16:24,113.45,2408561
2021-06-23 11:16:25,113.45,2408561
2021-06-23 11:16:27,113.35,2408571
2021-06-23 11:16:29,113.35,2408671
2021-06-23 11:16:32,113.45,2408696
2021-06-23 11:16:34,113.45,2408750
2021-06-23 11:16:36,113.45,2408750
2021-06-23 11:16:36,113.45,2408750
2021-06-23 11:16:38,113.45,2408750
2021-06-23 11:16:39,113.45,2408850
2021-06-23 11:16:43,113.4,2408971
2021-06-23 11:16:44,113.4,2408971
2021-06-23 11:16:46,113.4,2409015
2021-06-23 11:16:48,113.35,2409054
2021-06-23 11:16:51,113.35,2409054
2021-06-23 11:16:53,113.4,2409061
2021-06-23 11:16:55,113.35,2409202
2021-06-23 11:16:58,113.35,2409522
2021-06-23 11:17:01,113.4,2409526
2021-06-23 11:17:04,113.4,2409527
2021-06-23 11:17:06,113.35,2409650
2021-06-23 11:17:09,113.35,2409650
2021-06-23 11:17:10,113.35,2409650
2021-06-23 11:17:12,113.35,2410650
2021-06-23 11:17:16,113.35,2412850
2021-06-23 11:17:18,113.35,2412882
2021-06-23 11:17:20,113.4,2413182
2021-06-23 11:17:22,113.4,2413182
2021-06-23 11:17:24,113.4,2413217
2021-06-23 11:17:26,113.4,2413217
2021-06-23 11:17:28,113.35,2413536
2021-06-23 11:17:30,113.35,2413536
2021-06-23 11:17:32,113.35,2414537
2021-06-23 11:17:35,113.4,2414539
2021-06-23 11:17:37,113.4,2414539
2021-06-23 11:17:37,113.4,2414539
2021-06-23 11:17:39,113.35,2416040
2021-06-23 11:17:41,113.35,2416040
2021-06-23 11:17:43,113.35,2421823
2021-06-23 11:17:45,113.3,2422023
2021-06-23 11:17:47,113.35,2422323
2021-06-23 11:17:49,113.3,2422423
2021-06-23 11:17:55,113.35,2422433
2021-06-23 11:17:57,113.35,2422448
2021-06-23 11:18:00,113.35,2422448
2021-06-23 11:18:02,113.35,2422454
2021-06-23 11:18:04,113.3,2422455
2021-06-23 11:18:06,113.35,2422457
2021-06-23 11:18:08,113.3,2422458
2021-06-23 11:18:10,113.3,2422463
2021-06-23 11:18:12,113.3,2422482
2021-06-23 11:18:13,113.4,2422532
2021-06-23 11:18:16,113.4,2422532
2021-06-23 11:18:18,113.4,2422532
2021-06-23 11:18:19,113.3,2424532
2021-06-23 11:18:21,113.35,2424533
2021-06-23 11:18:23,113.35,2424533
2021-06-23 11:18:24,113.35,2424533
2021-06-23 11:18:26,113.35,2424533
2021-06-23 11:18:27,113.35,2424555
2021-06-23 11:18:29,113.35,2424555
2021-06-23 11:18:31,113.35,2424555
2021-06-23 11:18:33,113.3,2425655
2021-06-23 11:18:36,113.35,2425760
2021-06-23 11:18:38,113.35,2425760
2021-06-23 11:18:41,113.3,2433047
2021-06-23 11:18:43,113.3,2433147
2021-06-23 11:18:44,113.3,2433147
2021-06-23 11:18:48,113.3,2433148
2021-06-23 11:18:49,113.3,2433148
2021-06-23 11:18:52,113.3,2433150
2021-06-23 11:18:54,113.3,2433151
2021-06-23 11:18:57,113.35,2433161
2021-06-23 11:19:00,113.35,2433161
2021-06-23 11:19:01,113.35,2433161
2021-06-23 11:19:03,113.35,2433661
2021-06-23 11:19:05,113.3,2433686
2021-06-23 11:19:07,113.35,2433696
2021-06-23 11:19:09,113.3,2433715
2021-06-23 11:19:10,113.3,2433715
2021-06-23 11:19:12,113.3,2433725
2021-06-23 11:19:14,113.3,2433725
2021-06-23 11:19:15,113.35,2433745
2021-06-23 11:19:17,113.25,2434400
2021-06-23 11:19:19,113.25,2434425
2021-06-23 11:19:21,113.25,2434425
2021-06-23 11:19:23,113.25,2434425
2021-06-23 11:19:25,113.3,2434426
2021-06-23 11:19:27,113.25,2434427
2021-06-23 11:19:29,113.25,2434427
2021-06-23 11:19:31,113.25,2434427
2021-06-23 11:19:33,113.25,2434427
2021-06-23 11:19:35,113.25,2434503
2021-06-23 11:19:37,113.3,2434516
2021-06-23 11:19:39,113.3,2434560
2021-06-23 11:19:41,113.3,2434560
2021-06-23 11:19:42,113.25,2434561
2021-06-23 11:19:42,113.25,2434561
2021-06-23 11:19:44,113.3,2434563
2021-06-23 11:19:46,113.3,2434565
2021-06-23 11:19:48,113.25,2434596
2021-06-23 11:19:50,113.3,2434601
2021-06-23 11:19:51,113.3,2434651
2021-06-23 11:19:53,113.3,2434651
2021-06-23 11:19:55,113.3,2434651
2021-06-23 11:19:56,113.3,2434651
2021-06-23 11:20:00,113.3,2435151
2021-06-23 11:20:01,113.3,2436056
2021-06-23 11:20:03,113.3,2436232
2021-06-23 11:20:05,113.3,2436232
2021-06-23 11:20:06,113.3,2436232
2021-06-23 11:20:08,113.3,2436232
2021-06-23 11:20:10,113.3,2436232
2021-06-23 11:20:12,113.3,2436234
2021-06-23 11:20:14,113.3,2436245
2021-06-23 11:20:16,113.3,2436259
2021-06-23 11:20:17,113.25,2436579
2021-06-23 11:20:19,113.25,2436579
2021-06-23 11:20:20,113.25,2436579
2021-06-23 11:20:22,113.25,2436614
2021-06-23 11:20:23,113.25,2436716
2021-06-23 11:20:25,113.3,2436724
2021-06-23 11:20:28,113.25,2436729
2021-06-23 11:20:30,113.25,2436729
2021-06-23 11:20:31,113.25,2436729
2021-06-23 11:20:33,113.25,2436729
2021-06-23 11:20:35,113.3,2437239
2021-06-23 11:20:37,113.3,2437300
2021-06-23 11:20:39,113.3,2437300
2021-06-23 11:20:41,113.3,2437300
2021-06-23 11:20:45,113.3,2437412
2021-06-23 11:20:47,113.3,2437412
2021-06-23 11:20:50,113.3,2439793
2021-06-23 11:20:53,113.35,2441793
2021-06-23 11:20:56,113.3,2441798
2021-06-23 11:20:58,113.3,2441902
2021-06-23 11:21:01,113.3,2441902
2021-06-23 11:21:03,113.3,2441922
2021-06-23 11:21:05,113.3,2441922
2021-06-23 11:21:07,113.3,2441922
2021-06-23 11:21:09,113.3,2441922
2021-06-23 11:21:11,113.3,2441922
2021-06-23 11:21:13,113.3,2441922
2021-06-23 11:21:15,113.35,2442424
2021-06-23 11:21:16,113.35,2443428
2021-06-23 11:21:18,113.3,2443429
2021-06-23 11:21:20,113.3,2443429
2021-06-23 11:21:22,113.3,2443746
2021-06-23 11:21:24,113.35,2443748
2021-06-23 11:21:26,113.35,2443748
2021-06-23 11:21:28,113.35,2443748
2021-06-23 11:21:30,113.3,2443749
2021-06-23 11:21:32,113.35,2443753
2021-06-23 11:21:35,113.35,2443915
2021-06-23 11:21:37,113.3,2443937
2021-06-23 11:21:39,113.3,2443937
2021-06-23 11:21:41,113.3,2443937
2021-06-23 11:21:42,113.3,2443937
2021-06-23 11:21:44,113.3,2443937
2021-06-23 11:21:46,113.3,2443978
2021-06-23 11:21:46,113.3,2443978
2021-06-23 11:21:48,113.35,2444817
2021-06-23 11:21:49,113.35,2444818
2021-06-23 11:21:51,113.25,2444834
2021-06-23 11:21:53,113.25,2444834
2021-06-23 11:21:54,113.25,2444834
2021-06-23 11:21:56,113.35,2444835
2021-06-23 11:21:57,113.35,2444835
2021-06-23 11:21:59,113.35,2445418
2021-06-23 11:22:01,113.35,2445418
2021-06-23 11:22:03,113.3,2445429
2021-06-23 11:22:05,113.3,2445445
2021-06-23 11:22:07,113.3,2445532
2021-06-23 11:22:09,113.3,2445532
2021-06-23 11:22:13,113.3,2445543
2021-06-23 11:22:15,113.3,2445543
2021-06-23 11:22:17,113.3,2445543
2021-06-23 11:22:19,113.35,2445693
2021-06-23 11:22:22,113.35,2445743
2021-06-23 11:22:24,113.35,2445743
2021-06-23 11:22:26,113.3,2445883
2021-06-23 11:22:28,113.3,2445886
2021-06-23 11:22:30,113.25,2445941
2021-06-23 11:22:32,113.3,2445945
2021-06-23 11:22:34,113.3,2445945
2021-06-23 11:22:36,113.3,2445945
2021-06-23 11:22:38,113.3,2445945
2021-06-23 11:22:39,113.3,2445955
2021-06-23 11:22:41,113.3,2445969
2021-06-23 11:22:43,113.3,2445969
2021-06-23 11:22:45,113.3,2445979
2021-06-23 11:22:47,113.3,2446090
2021-06-23 11:22:49,113.3,2446640
2021-06-23 11:22:50,113.3,2446640
2021-06-23 11:22:52,113.3,2446675
2021-06-23 11:22:54,113.3,2446676
2021-06-23 11:22:57,113.25,2446688
2021-06-23 11:22:58,113.25,2446698
2021-06-23 11:23:00,113.3,2446708
2021-06-23 11:23:02,113.3,2446734
2021-06-23 11:23:04,113.25,2446750
2021-06-23 11:23:06,113.3,2447250
2021-06-23 11:23:07,113.3,2447256
2021-06-23 11:23:09,113.3,2447256
2021-06-23 11:23:11,113.25,2447356
2021-06-23 11:23:13,113.25,2447358
2021-06-23 11:23:14,113.25,2447363
2021-06-23 11:23:16,113.3,2448863
2021-06-23 11:23:18,113.3,2448863
2021-06-23 11:23:21,113.3,2448863
2021-06-23 11:23:23,113.3,2448863
2021-06-23 11:23:25,113.3,2448987
2021-06-23 11:23:27,113.3,2448987
2021-06-23 11:23:28,113.35,2448997
2021-06-23 11:23:30,113.35,2448997
2021-06-23 11:23:32,113.25,2450425
2021-06-23 11:23:34,113.3,2451926
2021-06-23 11:23:36,113.3,2451926
2021-06-23 11:23:39,113.25,2451932
2021-06-23 11:23:41,113.3,2451956
2021-06-23 11:23:43,113.3,2451956
2021-06-23 11:23:45,113.3,2451960
2021-06-23 11:23:49,113.25,2451962
2021-06-23 11:23:51,113.25,2451962
2021-06-23 11:23:54,113.25,2451962
2021-06-23 11:23:56,113.25,2451962
2021-06-23 11:23:58,113.25,2451962
2021-06-23 11:24:02,113.25,2452468
2021-06-23 11:24:04,113.25,2452468
2021-06-23 11:24:05,113.25,2452470
2021-06-23 11:24:07,113.25,2452470
2021-06-23 11:24:08,113.25,2452470
2021-06-23 11:24:10,113.25,2452470
2021-06-23 11:24:12,113.25,2452470
2021-06-23 11:24:14,113.25,2452470
2021-06-23 11:24:15,113.25,2452470
2021-06-23 11:24:17,113.25,2452475
2021-06-23 11:24:19,113.3,2452490
2021-06-23 11:24:21,113.3,2452490
2021-06-23 11:24:22,113.3,2452490
2021-06-23 11:24:26,113.3,2452490
2021-06-23 11:24:27,113.3,2452490
2021-06-23 11:24:29,113.25,2452847
2021-06-23 11:24:32,113.3,2453867
2021-06-23 11:24:34,113.35,2454667
2021-06-23 11:24:35,113.35,2454685
2021-06-23 11:24:37,113.35,2454685
2021-06-23 11:24:38,113.25,2455685
2021-06-23 11:24:40,113.25,2455890
2021-06-23 11:24:41,113.25,2455890
2021-06-23 11:24:43,113.25,2455917
2021-06-23 11:24:44,113.25,2455917
2021-06-23 11:24:46,113.25,2455927
2021-06-23 11:24:48,113.3,2455929
2021-06-23 11:24:49,113.3,2455929
2021-06-23 11:24:52,113.3,2455929
2021-06-23 11:24:53,113.2,2469133
2021-06-23 11:24:55,113.3,2469183
2021-06-23 11:24:56,113.2,2469194
2021-06-23 11:25:00,113.2,2469294
2021-06-23 11:25:02,113.2,2469294
2021-06-23 11:25:03,113.25,2469296
2021-06-23 11:25:05,113.2,2469346
2021-06-23 11:25:07,113.2,2469346
2021-06-23 11:25:09,113.2,2469646
2021-06-23 11:25:11,113.2,2470649
2021-06-23 11:25:13,113.2,2470699
2021-06-23 11:25:15,113.2,2471202
2021-06-23 11:25:16,113.2,2471202
2021-06-23 11:25:18,113.2,2471234
2021-06-23 11:25:19,113.2,2471234
2021-06-23 11:25:21,113.2,2471234
2021-06-23 11:25:23,113.2,2471234
2021-06-23 11:25:25,113.25,2471235
2021-06-23 11:25:26,113.25,2471235
2021-06-23 11:25:28,113.3,2471238
2021-06-23 11:25:29,113.3,2471238
2021-06-23 11:25:31,113.3,2471238
2021-06-23 11:25:32,113.3,2471238
2021-06-23 11:25:36,113.2,2471768
2021-06-23 11:25:38,113.2,2471768
2021-06-23 11:25:40,113.2,2471768
2021-06-23 11:25:42,113.2,2471768
2021-06-23 11:25:43,113.2,2471768
2021-06-23 11:25:45,113.2,2471768
2021-06-23 11:25:47,113.2,2471768
2021-06-23 11:25:50,113.2,2471768
2021-06-23 11:25:51,113.2,2471768
2021-06-23 11:25:51,113.2,2471768
2021-06-23 11:25:53,113.2,2471768
2021-06-23 11:25:55,113.25,2472158
2021-06-23 11:25:56,113.3,2472167
2021-06-23 11:25:57,113.3,2472167
2021-06-23 11:26:00,113.25,2472208
2021-06-23 11:26:02,113.25,2472208
2021-06-23 11:26:03,113.3,2472209
2021-06-23 11:26:06,113.3,2473389
2021-06-23 11:26:07,113.3,2473390
2021-06-23 11:26:10,113.25,2473436
2021-06-23 11:26:11,113.3,2473447
2021-06-23 11:26:13,113.3,2473447
2021-06-23 11:26:14,113.3,2473447
2021-06-23 11:26:16,113.25,2473499
2021-06-23 11:26:18,113.25,2473499
2021-06-23 11:26:19,113.25,2473499
2021-06-23 11:26:20,113.3,2473599
2021-06-23 11:26:22,113.3,2473608
2021-06-23 11:26:24,113.3,2473608
2021-06-23 11:26:26,113.3,2473609
2021-06-23 11:26:28,113.3,2473628
2021-06-23 11:26:30,113.3,2473628
2021-06-23 11:26:31,113.3,2473628
2021-06-23 11:26:33,113.3,2473628
2021-06-23 11:26:34,113.25,2473673
2021-06-23 11:26:36,113.25,2473673
2021-06-23 11:26:37,113.25,2473673
2021-06-23 11:26:39,113.25,2473677
2021-06-23 11:26:40,113.25,2473677
2021-06-23 11:26:42,113.25,2473677
2021-06-23 11:26:44,113.25,2473677
2021-06-23 11:26:47,113.25,2473677
2021-06-23 11:26:48,113.3,2473679
2021-06-23 11:26:50,113.3,2473679
2021-06-23 11:26:52,113.3,2473679
2021-06-23 11:26:55,113.3,2473792
2021-06-23 11:26:57,113.25,2473831
2021-06-23 11:26:58,113.25,2473831
2021-06-23 11:27:00,113.3,2473851
2021-06-23 11:27:02,113.3,2473851
2021-06-23 11:27:03,113.25,2473856
2021-06-23 11:27:04,113.3,2473860
2021-06-23 11:27:06,113.3,2473912
2021-06-23 11:27:08,113.3,2473912
2021-06-23 11:27:09,113.25,2473969
2021-06-23 11:27:11,113.3,2474044
2021-06-23 11:27:13,113.3,2474044
2021-06-23 11:27:14,113.25,2474045
2021-06-23 11:27:16,113.3,2474046
2021-06-23 11:27:18,113.3,2474046
2021-06-23 11:27:20,113.3,2474046
2021-06-23 11:27:21,113.25,2474146
2021-06-23 11:27:23,113.3,2474166
2021-06-23 11:27:25,113.3,2474166
2021-06-23 11:27:27,113.3,2474166
2021-06-23 11:27:28,113.3,2474166
2021-06-23 11:27:30,113.3,2474166
2021-06-23 11:27:32,113.3,2474166
2021-06-23 11:27:34,113.3,2474171
2021-06-23 11:27:35,113.3,2474171
2021-06-23 11:27:37,113.3,2474177
2021-06-23 11:27:39,113.25,2474649
2021-06-23 11:27:41,113.25,2474653
2021-06-23 11:27:43,113.25,2474653
2021-06-23 11:27:45,113.25,2474663
2021-06-23 11:27:47,113.25,2474663
2021-06-23 11:27:49,113.25,2474663
2021-06-23 11:27:51,113.25,2474683
2021-06-23 11:27:53,113.3,2474708
2021-06-23 11:27:54,113.3,2474708
2021-06-23 11:27:54,113.3,2474708
2021-06-23 11:27:56,113.25,2474711
2021-06-23 11:27:57,113.25,2474711
2021-06-23 11:27:59,113.25,2475027
2021-06-23 11:28:00,113.3,2475117
2021-06-23 11:28:02,113.3,2475117
2021-06-23 11:28:04,113.3,2475127
2021-06-23 11:28:06,113.3,2475152
2021-06-23 11:28:09,113.25,2475177
2021-06-23 11:28:10,113.3,2475178
2021-06-23 11:28:12,113.3,2475178
2021-06-23 11:28:14,113.3,2475178
2021-06-23 11:28:17,113.3,2475178
2021-06-23 11:28:19,113.3,2475178
2021-06-23 11:28:21,113.3,2476181
2021-06-23 11:28:23,113.3,2476381
2021-06-23 11:28:25,113.3,2476381
2021-06-23 11:28:26,113.25,2476631
2021-06-23 11:28:28,113.25,2476631
2021-06-23 11:28:30,113.3,2476632
2021-06-23 11:28:32,113.25,2476638
2021-06-23 11:28:34,113.25,2476638
2021-06-23 11:28:35,113.25,2476643
2021-06-23 11:28:37,113.3,2476711
2021-06-23 11:28:41,113.3,2476715
2021-06-23 11:28:43,113.3,2477431
2021-06-23 11:28:45,113.25,2477513
2021-06-23 11:28:48,113.25,2478023
2021-06-23 11:28:49,113.3,2478024
2021-06-23 11:28:51,113.3,2478024
2021-06-23 11:28:53,113.3,2478024
2021-06-23 11:28:55,113.25,2478114
2021-06-23 11:28:55,113.25,2478114
2021-06-23 11:28:57,113.25,2478134
2021-06-23 11:28:59,113.25,2478134
2021-06-23 11:29:01,113.3,2478135
2021-06-23 11:29:04,113.3,2478136
2021-06-23 11:29:07,113.3,2478136
2021-06-23 11:29:08,113.3,2478236
2021-06-23 11:29:10,113.25,2478958
2021-06-23 11:29:12,113.3,2478983
2021-06-23 11:29:14,113.3,2478983
2021-06-23 11:29:16,113.3,2478983
2021-06-23 11:29:18,113.3,2478984
2021-06-23 11:29:19,113.3,2479274
2021-06-23 11:29:20,113.3,2479285
2021-06-23 11:29:22,113.3,2479359
2021-06-23 11:29:23,113.25,2479360
2021-06-23 11:29:25,113.3,2479385
2021-06-23 11:29:27,113.3,2479385
2021-06-23 11:29:29,113.3,2480486
2021-06-23 11:29:31,113.3,2480663
2021-06-23 11:29:33,113.3,2480663
2021-06-23 11:29:35,113.3,2481263
2021-06-23 11:29:37,113.3,2481263
2021-06-23 11:29:39,113.3,2481263
2021-06-23 11:29:40,113.3,2481303
2021-06-23 11:29:42,113.3,2481317
2021-06-23 11:29:43,113.3,2481317
2021-06-23 11:29:45,113.3,2481317
2021-06-23 11:29:47,113.25,2481328
2021-06-23 11:29:48,113.3,2481828
2021-06-23 11:29:50,113.3,2481828
2021-06-23 11:29:51,113.3,2481828
2021-06-23 11:29:54,113.3,2481828
2021-06-23 11:29:54,113.3,2481828
2021-06-23 11:29:58,113.3,2481828
2021-06-23 11:29:59,113.25,2482328
2021-06-23 11:30:00,113.3,2482353
2021-06-23 11:30:02,113.3,2482411
2021-06-23 11:30:04,113.3,2482461
2021-06-23 11:30:06,113.3,2482461
2021-06-23 11:30:08,113.3,2482461
2021-06-23 11:30:10,113.3,2482461
2021-06-23 11:30:12,113.3,2482461
2021-06-23 11:30:16,113.25,2483461
2021-06-23 11:30:18,113.3,2483498
2021-06-23 11:30:20,113.25,2483517
2021-06-23 11:30:22,113.25,2483517
2021-06-23 11:30:24,113.3,2484429
2021-06-23 11:30:26,113.25,2484737
2021-06-23 11:30:27,113.3,2484761
2021-06-23 11:30:29,113.25,2484811
2021-06-23 11:30:30,113.3,2485020
2021-06-23 11:30:31,113.3,2486409
2021-06-23 11:30:33,113.3,2486409
2021-06-23 11:30:36,113.35,2486868
2021-06-23 11:30:38,113.35,2486882
2021-06-23 11:30:40,113.35,2486883
2021-06-23 11:30:42,113.3,2486893
2021-06-23 11:30:44,113.35,2486894
2021-06-23 11:30:46,113.35,2486894
2021-06-23 11:30:48,113.3,2486896
2021-06-23 11:30:50,113.3,2486896
2021-06-23 11:30:52,113.3,2486946
2021-06-23 11:30:54,113.3,2486946
2021-06-23 11:30:57,113.3,2486947
2021-06-23 11:30:57,113.3,2486947
2021-06-23 11:30:58,113.35,2487047
2021-06-23 11:31:00,113.35,2487333
2021-06-23 11:31:02,113.3,2487833
2021-06-23 11:31:04,113.35,2489283
2021-06-23 11:31:05,113.35,2489283
2021-06-23 11:31:07,113.35,2489283
2021-06-23 11:31:09,113.35,2489283
2021-06-23 11:31:10,113.3,2489284
2021-06-23 11:31:12,113.35,2489309
2021-06-23 11:31:14,113.35,2492794
2021-06-23 11:31:16,113.35,2493594
2021-06-23 11:31:18,113.35,2493594
2021-06-23 11:31:20,113.35,2493694
2021-06-23 11:31:24,113.35,2493694
2021-06-23 11:31:27,113.4,2493716
2021-06-23 11:31:30,113.4,2493716
2021-06-23 11:31:32,113.4,2493762
2021-06-23 11:31:34,113.35,2493770
2021-06-23 11:31:36,113.35,2493770
2021-06-23 11:31:38,113.35,2493870
2021-06-23 11:31:39,113.35,2493870
2021-06-23 11:31:41,113.35,2493871
2021-06-23 11:31:43,113.35,2493871
2021-06-23 11:31:45,113.35,2493871
2021-06-23 11:31:47,113.35,2493871
2021-06-23 11:31:49,113.35,2493872
2021-06-23 11:31:50,113.35,2493872
2021-06-23 11:31:53,113.35,2493872
2021-06-23 11:31:54,113.35,2493872
2021-06-23 11:31:56,113.35,2493872
2021-06-23 11:31:58,113.35,2493873
2021-06-23 11:32:00,113.35,2493873
2021-06-23 11:32:02,113.4,2495273
2021-06-23 11:32:03,113.4,2495273
2021-06-23 11:32:05,113.4,2495273
2021-06-23 11:32:06,113.35,2495323
2021-06-23 11:32:08,113.35,2495323
2021-06-23 11:32:10,113.35,2495327
2021-06-23 11:32:13,113.35,2495327
2021-06-23 11:32:15,113.35,2495687
2021-06-23 11:32:17,113.4,2495788
2021-06-23 11:32:19,113.35,2495838
2021-06-23 11:32:21,113.35,2496238
2021-06-23 11:32:23,113.35,2496238
2021-06-23 11:32:25,113.35,2496241
2021-06-23 11:32:27,113.4,2496741
2021-06-23 11:32:29,113.35,2496759
2021-06-23 11:32:32,113.35,2496763
2021-06-23 11:32:34,113.35,2496812
2021-06-23 11:32:37,113.35,2496812
2021-06-23 11:32:39,113.4,2496884
2021-06-23 11:32:41,113.4,2497284
2021-06-23 11:32:43,113.35,2497341
2021-06-23 11:32:45,113.35,2497341
2021-06-23 11:32:46,113.35,2497351
2021-06-23 11:32:48,113.4,2498351
2021-06-23 11:32:50,113.4,2498351
2021-06-23 11:32:52,113.35,2498356
2021-06-23 11:32:54,113.35,2498356
2021-06-23 11:32:55,113.35,2498356
2021-06-23 11:32:57,113.35,2498356
2021-06-23 11:32:59,113.35,2498356
2021-06-23 11:33:00,113.35,2498356
2021-06-23 11:33:02,113.35,2498356
2021-06-23 11:33:05,113.35,2498356
2021-06-23 11:33:08,113.35,2500717
2021-06-23 11:33:11,113.35,2500717
2021-06-23 11:33:15,113.35,2500717
2021-06-23 11:33:18,113.35,2500717
2021-06-23 11:33:21,113.35,2500717
2021-06-23 11:33:22,113.35,2500717
2021-06-23 11:33:24,113.35,2500724
2021-06-23 11:33:28,113.35,2508824
2021-06-23 11:33:29,113.4,2508859
2021-06-23 11:33:33,113.4,2508859
2021-06-23 11:33:35,113.4,2508859
2021-06-23 11:33:37,113.4,2508859
2021-06-23 11:33:39,113.4,2509659
2021-06-23 11:33:40,113.4,2509659
2021-06-23 11:33:42,113.4,2509684
2021-06-23 11:33:44,113.4,2509706
2021-06-23 11:33:46,113.4,2509706
2021-06-23 11:33:50,113.4,2509717
2021-06-23 11:33:51,113.4,2509717
2021-06-23 11:33:53,113.4,2509717
2021-06-23 11:33:55,113.4,2509717
2021-06-23 11:33:57,113.35,2509767
2021-06-23 11:33:58,113.4,2510181
2021-06-23 11:33:58,113.4,2510181
2021-06-23 11:34:00,113.4,2510201
2021-06-23 11:34:02,113.35,2511001
2021-06-23 11:34:04,113.4,2511011
2021-06-23 11:34:05,113.4,2511111
2021-06-23 11:34:07,113.4,2511111
2021-06-23 11:34:09,113.4,2511111
2021-06-23 11:34:11,113.4,2511311
2021-06-23 11:34:13,113.4,2511312
2021-06-23 11:34:16,113.4,2511362
2021-06-23 11:34:20,113.4,2511362
2021-06-23 11:34:23,113.35,2511372
2021-06-23 11:34:24,113.35,2511372
2021-06-23 11:34:26,113.35,2511372
