timestamp,ltp,volume
2021-06-23 09:16:25,205.2,268902
2021-06-23 09:16:30,205.15,279394
2021-06-23 09:16:34,205.05,304755
2021-06-23 09:16:38,204.95,310103
2021-06-23 09:16:43,205.0,317943
2021-06-23 09:16:47,205.0,321388
2021-06-23 09:16:55,205.1,340929
2021-06-23 09:17:00,205.2,342735
2021-06-23 09:17:04,205.1,348177
2021-06-23 09:17:09,205.2,355792
2021-06-23 09:17:13,205.1,359066
2021-06-23 09:17:17,205.15,373379
2021-06-23 09:17:21,205.2,381307
2021-06-23 09:17:26,205.15,389090
2021-06-23 09:17:34,205.2,404929
2021-06-23 09:17:38,205.2,405645
2021-06-23 09:17:43,205.2,411956
2021-06-23 09:17:47,205.2,416993
2021-06-23 09:17:51,205.2,418807
2021-06-23 09:17:55,205.25,422780
2021-06-23 09:17:59,205.2,423342
2021-06-23 09:18:03,205.25,435894
2021-06-23 09:18:07,205.25,436839
2021-06-23 09:18:12,205.25,448078
2021-06-23 09:18:16,205.25,461711
2021-06-23 09:18:29,205.25,469108
2021-06-23 09:18:33,205.2,472264
2021-06-23 09:18:37,205.3,474798
2021-06-23 09:18:41,205.3,475471
2021-06-23 09:18:45,205.3,486370
2021-06-23 09:18:49,205.25,487037
2021-06-23 09:18:54,205.3,489020
2021-06-23 09:18:58,205.35,492897
2021-06-23 09:19:02,205.35,493736
2021-06-23 09:19:10,205.25,499660
2021-06-23 09:19:15,205.35,500710
2021-06-23 09:19:19,205.4,501387
2021-06-23 09:19:23,205.3,502082
2021-06-23 09:19:27,205.4,503806
2021-06-23 09:19:35,205.3,513536
2021-06-23 09:19:39,205.4,537236
2021-06-23 09:19:51,205.2,549449
2021-06-23 09:19:55,205.3,551018
2021-06-23 09:19:59,205.2,551743
2021-06-23 09:20:03,205.2,554641
2021-06-23 09:20:07,205.25,558814
2021-06-23 09:20:11,205.35,560291
2021-06-23 09:20:15,205.35,562516
2021-06-23 09:20:19,205.35,564871
2021-06-23 09:20:23,205.25,565449
2021-06-23 09:20:23,205.3,565450
2021-06-23 09:20:24,205.3,565450
2021-06-23 09:20:25,205.25,565891
2021-06-23 09:20:26,205.3,565896
2021-06-23 09:20:28,205.3,565977
2021-06-23 09:20:29,205.25,566385
2021-06-23 09:20:30,205.3,566914
2021-06-23 09:20:31,205.35,567214
2021-06-23 09:20:32,205.35,567517
2021-06-23 09:20:33,205.35,567762
2021-06-23 09:20:34,205.35,568328
2021-06-23 09:20:35,205.35,568440
2021-06-23 09:20:36,205.25,569049
2021-06-23 09:20:37,205.3,569751
2021-06-23 09:20:38,205.25,570027
2021-06-23 09:20:39,205.35,570728
2021-06-23 09:20:40,205.3,574428
2021-06-23 09:20:41,205.3,575634
2021-06-23 09:20:42,205.2,576042
2021-06-23 09:20:43,205.3,576328
2021-06-23 09:20:44,205.3,576740
2021-06-23 09:20:45,205.3,577045
2021-06-23 09:20:46,205.3,577404
2021-06-23 09:20:47,205.25,577630
2021-06-23 09:20:48,205.2,578337
2021-06-23 09:20:49,205.2,578587
2021-06-23 09:20:49,205.25,578792
2021-06-23 09:20:51,205.2,579892
2021-06-23 09:20:52,205.25,579992
2021-06-23 09:20:52,205.25,579992
2021-06-23 09:20:53,205.2,587629
2021-06-23 09:20:54,205.2,587913
2021-06-23 09:20:55,205.15,587960
2021-06-23 09:20:56,205.15,588350
2021-06-23 09:20:57,205.15,591162
2021-06-23 09:20:58,205.2,591271
2021-06-23 09:20:59,205.2,591492
2021-06-23 09:21:00,205.2,591622
2021-06-23 09:21:01,205.1,591980
2021-06-23 09:21:02,205.15,592815
2021-06-23 09:21:03,205.15,593084
2021-06-23 09:21:05,205.1,594515
2021-06-23 09:21:07,205.15,594645
2021-06-23 09:21:07,205.15,594645
2021-06-23 09:21:08,205.1,595073
2021-06-23 09:21:10,205.15,595224
2021-06-23 09:21:11,205.15,595363
2021-06-23 09:21:12,205.15,595373
2021-06-23 09:21:13,205.1,597005
2021-06-23 09:21:14,205.15,597321
2021-06-23 09:21:15,205.1,597722
2021-06-23 09:21:16,205.15,602040
2021-06-23 09:21:17,205.1,602282
2021-06-23 09:21:18,205.05,602823
2021-06-23 09:21:19,205.1,605882
2021-06-23 09:21:20,205.1,605884
2021-06-23 09:21:21,205.1,605937
2021-06-23 09:21:22,205.1,607423
2021-06-23 09:21:23,205.1,607461
2021-06-23 09:21:24,205.1,608226
2021-06-23 09:21:25,205.1,610352
2021-06-23 09:21:26,205.15,610422
2021-06-23 09:21:27,205.1,611447
2021-06-23 09:21:28,205.1,611611
2021-06-23 09:21:29,205.15,613737
2021-06-23 09:21:30,205.15,613739
2021-06-23 09:21:31,205.1,613912
2021-06-23 09:21:32,205.15,614031
2021-06-23 09:21:33,205.1,614846
2021-06-23 09:21:34,205.15,614871
2021-06-23 09:21:35,205.15,615723
2021-06-23 09:21:36,205.05,617631
2021-06-23 09:21:38,205.1,617960
2021-06-23 09:21:39,205.1,618195
2021-06-23 09:21:40,205.1,618667
2021-06-23 09:21:41,205.1,618807
2021-06-23 09:21:42,205.1,618833
2021-06-23 09:21:43,205.1,619151
2021-06-23 09:21:44,205.15,620964
2021-06-23 09:21:45,205.15,621269
2021-06-23 09:21:46,205.15,622426
2021-06-23 09:21:47,205.15,622866
2021-06-23 09:21:48,205.15,623232
2021-06-23 09:21:49,205.1,623959
2021-06-23 09:21:50,205.15,624239
2021-06-23 09:21:51,205.15,628113
2021-06-23 09:21:52,205.15,628268
2021-06-23 09:21:53,205.15,628915
2021-06-23 09:21:54,205.1,628980
2021-06-23 09:21:55,205.1,632652
2021-06-23 09:21:56,205.15,632699
2021-06-23 09:21:57,205.15,632874
2021-06-23 09:21:58,205.1,634280
2021-06-23 09:21:59,205.1,634671
2021-06-23 09:22:00,205.1,634952
2021-06-23 09:22:01,205.1,635064
2021-06-23 09:22:02,205.1,644262
2021-06-23 09:22:03,205.05,644476
2021-06-23 09:22:04,205.0,699815
2021-06-23 09:22:05,205.0,700089
2021-06-23 09:22:06,205.0,700321
2021-06-23 09:22:07,205.0,700591
2021-06-23 09:22:08,205.0,703605
2021-06-23 09:22:09,205.0,703673
2021-06-23 09:22:10,205.0,703696
2021-06-23 09:22:11,205.0,704245
2021-06-23 09:22:12,205.0,704692
2021-06-23 09:22:13,205.0,705024
2021-06-23 09:22:14,204.9,715129
2021-06-23 09:22:15,205.0,717207
2021-06-23 09:22:16,205.0,717570
2021-06-23 09:22:17,205.0,717580
2021-06-23 09:22:18,204.9,717686
2021-06-23 09:22:19,205.05,727703
2021-06-23 09:22:20,205.05,727904
2021-06-23 09:22:21,205.05,728008
2021-06-23 09:22:22,205.05,729668
2021-06-23 09:22:23,205.05,729976
2021-06-23 09:22:24,205.05,730543
2021-06-23 09:22:25,205.05,730888
2021-06-23 09:22:26,205.05,731214
2021-06-23 09:22:27,205.05,731319
2021-06-23 09:22:28,205.05,732012
2021-06-23 09:22:29,205.05,732219
2021-06-23 09:22:30,205.0,732338
2021-06-23 09:22:31,205.0,732520
2021-06-23 09:22:33,204.9,732835
2021-06-23 09:22:34,205.0,733095
2021-06-23 09:22:35,204.9,733367
2021-06-23 09:22:36,205.0,733420
2021-06-23 09:22:37,205.0,733646
2021-06-23 09:22:38,205.0,733954
2021-06-23 09:22:40,204.9,734472
2021-06-23 09:22:41,205.0,734752
2021-06-23 09:22:42,205.0,735155
2021-06-23 09:22:43,204.95,735745
2021-06-23 09:22:44,204.95,743218
2021-06-23 09:22:45,204.95,743396
2021-06-23 09:22:46,204.9,744241
2021-06-23 09:22:46,204.9,744241
2021-06-23 09:22:47,204.9,744241
2021-06-23 09:22:48,204.95,744251
2021-06-23 09:22:49,204.9,746803
2021-06-23 09:22:51,204.9,748936
2021-06-23 09:22:52,204.9,750194
2021-06-23 09:22:53,204.9,750221
2021-06-23 09:22:54,204.9,750869
2021-06-23 09:22:55,204.9,759323
2021-06-23 09:22:56,204.8,763289
2021-06-23 09:22:57,204.85,764986
2021-06-23 09:22:58,204.85,764989
2021-06-23 09:22:59,204.8,771171
2021-06-23 09:23:00,204.85,771717
2021-06-23 09:23:01,204.85,772482
2021-06-23 09:23:02,204.85,773468
2021-06-23 09:23:03,204.75,773690
2021-06-23 09:23:04,204.75,774165
2021-06-23 09:23:05,204.8,801669
2021-06-23 09:23:06,204.8,802169
2021-06-23 09:23:07,204.85,802694
2021-06-23 09:23:08,204.85,802997
2021-06-23 09:23:09,204.85,802997
2021-06-23 09:23:10,204.85,803019
2021-06-23 09:23:11,204.9,803231
2021-06-23 09:23:12,204.9,803890
2021-06-23 09:23:13,204.8,806190
2021-06-23 09:23:14,204.9,809220
2021-06-23 09:23:15,204.9,809302
2021-06-23 09:23:16,204.8,811302
2021-06-23 09:23:17,204.8,811360
2021-06-23 09:23:18,204.9,811486
2021-06-23 09:23:19,204.8,812616
2021-06-23 09:23:19,204.8,812616
2021-06-23 09:23:22,204.8,815319
2021-06-23 09:23:22,204.8,816297
2021-06-23 09:23:24,204.85,816963
2021-06-23 09:23:25,204.9,818083
2021-06-23 09:23:26,204.9,819088
2021-06-23 09:23:27,204.8,819188
2021-06-23 09:23:28,204.9,819372
2021-06-23 09:23:29,204.9,819438
2021-06-23 09:23:30,204.9,819492
2021-06-23 09:23:31,204.9,819518
2021-06-23 09:23:32,204.85,820628
2021-06-23 09:23:33,204.85,820991
2021-06-23 09:23:34,204.85,820992
2021-06-23 09:23:35,204.9,821593
2021-06-23 09:23:36,204.9,821596
2021-06-23 09:23:37,204.85,821706
2021-06-23 09:23:38,204.9,822010
2021-06-23 09:23:39,204.9,822344
2021-06-23 09:23:40,204.9,822389
2021-06-23 09:23:41,204.9,822448
2021-06-23 09:23:42,204.85,822869
2021-06-23 09:23:43,204.9,823208
2021-06-23 09:23:43,204.9,823207
2021-06-23 09:23:45,204.9,824719
2021-06-23 09:23:46,204.85,827404
2021-06-23 09:23:47,204.9,827525
2021-06-23 09:23:48,204.8,838631
2021-06-23 09:23:49,204.85,838703
2021-06-23 09:23:50,204.8,838820
2021-06-23 09:23:51,204.85,839711
2021-06-23 09:23:52,204.85,840241
2021-06-23 09:23:53,204.8,840441
2021-06-23 09:23:53,204.85,840451
2021-06-23 09:23:55,204.85,845668
2021-06-23 09:23:56,204.85,845754
2021-06-23 09:23:56,204.85,845754
2021-06-23 09:23:58,204.8,850027
2021-06-23 09:23:59,204.75,850080
2021-06-23 09:24:00,204.8,850105
2021-06-23 09:24:01,204.75,857213
2021-06-23 09:24:02,204.8,859333
2021-06-23 09:24:03,204.85,859654
2021-06-23 09:24:04,204.75,859763
2021-06-23 09:24:05,204.85,859886
2021-06-23 09:24:05,204.85,859881
2021-06-23 09:24:07,204.85,860166
2021-06-23 09:24:08,204.85,860401
2021-06-23 09:24:08,204.85,860401
2021-06-23 09:24:10,204.8,862043
2021-06-23 09:24:11,204.8,862228
2021-06-23 09:24:12,204.8,865889
2021-06-23 09:24:13,204.8,870973
2021-06-23 09:24:14,204.8,870984
2021-06-23 09:24:16,204.9,890959
2021-06-23 09:24:17,204.9,890964
2021-06-23 09:24:18,204.8,891459
2021-06-23 09:24:19,204.8,891459
2021-06-23 09:24:20,204.9,891469
2021-06-23 09:24:21,204.9,891711
2021-06-23 09:24:22,204.9,902455
2021-06-23 09:24:23,204.8,902456
2021-06-23 09:24:24,204.8,902487
2021-06-23 09:24:25,204.9,903211
2021-06-23 09:24:26,204.9,903237
2021-06-23 09:24:27,204.85,903627
2021-06-23 09:24:28,204.85,903678
2021-06-23 09:24:29,204.85,904229
2021-06-23 09:24:29,204.9,905421
2021-06-23 09:24:32,204.9,905997
2021-06-23 09:24:31,204.85,905975
2021-06-23 09:24:33,204.85,906457
2021-06-23 09:24:34,204.95,906735
2021-06-23 09:24:36,204.95,907340
2021-06-23 09:24:37,204.9,907555
2021-06-23 09:24:38,204.95,907595
2021-06-23 09:24:39,204.95,907595
2021-06-23 09:24:40,204.9,907758
2021-06-23 09:24:41,204.9,907841
2021-06-23 09:24:42,204.95,907961
2021-06-23 09:24:43,204.9,908912
2021-06-23 09:24:44,204.9,908940
2021-06-23 09:24:45,204.85,909027
2021-06-23 09:24:47,204.9,909157
2021-06-23 09:24:48,204.85,909206
2021-06-23 09:24:49,204.95,909898
2021-06-23 09:24:50,204.9,910013
2021-06-23 09:24:51,204.95,910227
2021-06-23 09:24:52,204.95,910306
2021-06-23 09:24:53,204.95,910314
2021-06-23 09:24:55,205.0,946201
2021-06-23 09:24:56,205.0,946427
2021-06-23 09:24:57,205.0,949997
2021-06-23 09:24:59,205.0,950100
2021-06-23 09:25:00,205.0,950307
2021-06-23 09:25:01,204.95,950488
2021-06-23 09:25:02,204.95,951115
2021-06-23 09:25:03,204.95,951303
2021-06-23 09:25:04,205.0,951613
2021-06-23 09:25:05,205.0,951624
2021-06-23 09:25:06,205.0,956677
2021-06-23 09:25:07,204.95,975398
2021-06-23 09:25:08,205.0,975598
2021-06-23 09:25:09,205.0,975599
2021-06-23 09:25:10,205.0,977539
2021-06-23 09:25:11,205.1,977601
2021-06-23 09:25:12,205.1,977609
2021-06-23 09:25:13,205.0,977741
2021-06-23 09:25:14,205.0,977741
2021-06-23 09:25:15,205.0,977797
2021-06-23 09:25:16,205.0,977797
2021-06-23 09:25:17,205.1,978098
2021-06-23 09:25:18,205.1,978268
2021-06-23 09:25:19,205.05,978337
2021-06-23 09:25:20,205.0,978338
2021-06-23 09:25:21,205.0,978684
2021-06-23 09:25:22,205.05,978798
2021-06-23 09:25:23,205.0,979717
2021-06-23 09:25:24,205.1,979727
2021-06-23 09:25:28,205.0,981710
2021-06-23 09:25:32,205.15,998155
2021-06-23 09:25:35,205.1,999332
2021-06-23 09:25:39,205.0,1003612
2021-06-23 09:25:43,205.0,1004352
2021-06-23 09:25:47,205.0,1008134
2021-06-23 09:25:51,205.0,1011326
2021-06-23 09:25:54,204.95,1015382
2021-06-23 09:25:58,204.9,1017102
2021-06-23 09:26:02,205.0,1017863
2021-06-23 09:26:06,204.95,1019256
2021-06-23 09:26:14,205.0,1027745
2021-06-23 09:26:18,205.0,1033429
2021-06-23 09:26:21,205.0,1035028
2021-06-23 09:26:25,204.95,1037640
2021-06-23 09:26:29,205.0,1039290
2021-06-23 09:26:32,205.0,1042097
2021-06-23 09:26:36,205.0,1042452
2021-06-23 09:26:40,205.0,1043380
2021-06-23 09:26:44,205.0,1045806
2021-06-23 09:26:47,205.0,1046315
2021-06-23 09:26:51,204.95,1048763
2021-06-23 09:26:55,205.05,1048872
2021-06-23 09:26:58,205.05,1049111
2021-06-23 09:27:02,205.05,1049363
2021-06-23 09:27:06,205.05,1051611
2021-06-23 09:27:10,205.05,1053252
2021-06-23 09:27:13,205.05,1070570
2021-06-23 09:27:17,205.0,1074230
2021-06-23 09:27:21,205.05,1074299
2021-06-23 09:27:25,205.05,1076013
2021-06-23 09:27:29,205.0,1077813
2021-06-23 09:27:36,205.05,1083039
2021-06-23 09:27:40,205.0,1084550
2021-06-23 09:27:43,205.05,1084960
2021-06-23 09:27:47,205.05,1086018
2021-06-23 09:27:50,205.05,1088046
2021-06-23 09:27:54,205.05,1088652
2021-06-23 09:27:57,204.95,1091156
2021-06-23 09:28:04,205.05,1093826
2021-06-23 09:28:08,205.0,1094201
2021-06-23 09:28:11,205.0,1094849
2021-06-23 09:28:15,205.0,1097134
2021-06-23 09:28:19,205.05,1098426
2021-06-23 09:28:22,205.0,1102031
2021-06-23 09:28:26,205.05,1121864
2021-06-23 09:28:30,205.0,1127164
2021-06-23 09:28:33,205.0,1131236
2021-06-23 09:28:37,204.9,1132439
2021-06-23 09:28:40,204.95,1133381
2021-06-23 09:28:44,204.9,1133912
2021-06-23 09:28:47,205.0,1136863
2021-06-23 09:28:51,205.0,1143955
2021-06-23 09:28:55,204.9,1155678
2021-06-23 09:28:59,204.9,1157218
2021-06-23 09:29:03,204.9,1161337
2021-06-23 09:29:07,204.85,1162354
2021-06-23 09:29:11,204.9,1163528
2021-06-23 09:29:14,204.9,1164476
2021-06-23 09:29:18,204.85,1164804
2021-06-23 09:29:25,204.9,1169157
2021-06-23 09:29:29,204.9,1171851
2021-06-23 09:29:33,204.9,1175994
2021-06-23 09:29:36,204.9,1177722
2021-06-23 09:29:40,204.85,1178150
2021-06-23 09:29:43,204.85,1178893
2021-06-23 09:29:47,204.9,1182789
2021-06-23 09:29:50,204.9,1183360
2021-06-23 09:29:54,204.9,1185451
2021-06-23 09:30:01,204.95,1193762
2021-06-23 09:30:05,204.9,1194118
2021-06-23 09:30:09,205.1,1230967
2021-06-23 09:30:12,205.1,1231813
2021-06-23 09:30:20,205.0,1236138
2021-06-23 09:30:24,204.95,1237127
2021-06-23 09:30:28,204.95,1242460
2021-06-23 09:30:31,204.9,1242701
2021-06-23 09:30:35,204.9,1244072
2021-06-23 09:30:42,204.95,1248026
2021-06-23 09:30:46,204.95,1251587
2021-06-23 09:30:50,204.95,1252095
2021-06-23 09:30:53,205.0,1252248
2021-06-23 09:31:01,205.0,1254281
2021-06-23 09:31:08,204.9,1256006
2021-06-23 09:31:12,205.0,1263305
2021-06-23 09:31:16,204.95,1267399
2021-06-23 09:31:20,204.95,1267551
2021-06-23 09:31:24,204.9,1271621
2021-06-23 09:31:28,205.0,1272587
2021-06-23 09:31:36,204.95,1275004
2021-06-23 09:31:40,204.95,1275395
2021-06-23 09:31:44,205.0,1281206
2021-06-23 09:31:48,205.0,1287080
2021-06-23 09:31:51,204.95,1287216
2021-06-23 09:31:55,204.95,1287276
2021-06-23 09:31:58,205.0,1287592
2021-06-23 09:32:10,204.95,1291975
2021-06-23 09:32:13,205.0,1292944
2021-06-23 09:32:17,205.0,1294355
2021-06-23 09:32:21,205.0,1294414
2021-06-23 09:32:25,205.05,1295359
2021-06-23 09:32:28,205.0,1297970
2021-06-23 09:32:36,205.0,1298921
2021-06-23 09:32:43,205.1,1304364
2021-06-23 09:32:47,205.05,1306727
2021-06-23 09:32:51,205.1,1309092
2021-06-23 09:32:55,205.1,1314119
2021-06-23 09:32:58,205.05,1322081
2021-06-23 09:33:02,204.95,1322716
2021-06-23 09:33:06,205.0,1322810
2021-06-23 09:33:10,205.0,1324853
2021-06-23 09:33:17,205.05,1331820
2021-06-23 09:33:21,205.0,1334518
2021-06-23 09:33:25,205.05,1334649
2021-06-23 09:33:28,205.05,1336410
2021-06-23 09:33:32,205.05,1341418
2021-06-23 09:33:36,205.05,1346610
2021-06-23 09:33:40,205.05,1350306
2021-06-23 09:33:43,205.1,1352644
2021-06-23 09:33:47,205.1,1353328
2021-06-23 09:33:50,205.1,1356752
2021-06-23 09:33:54,205.1,1358842
2021-06-23 09:33:57,205.05,1360211
2021-06-23 09:34:01,205.1,1364598
2021-06-23 09:34:05,205.05,1367735
2021-06-23 09:34:08,205.05,1378796
2021-06-23 09:34:12,205.0,1379197
2021-06-23 09:34:16,205.05,1379444
2021-06-23 09:34:20,205.15,1414571
2021-06-23 09:34:24,205.05,1415546
2021-06-23 09:34:27,205.05,1416310
2021-06-23 09:34:31,205.1,1422090
2021-06-23 09:34:35,205.0,1432416
2021-06-23 09:34:38,205.0,1434514
2021-06-23 09:34:42,205.05,1435238
2021-06-23 09:34:45,205.1,1439387
2021-06-23 09:34:49,205.0,1439548
2021-06-23 09:34:53,205.05,1439787
2021-06-23 09:34:56,205.0,1455221
2021-06-23 09:34:59,204.9,1455479
2021-06-23 09:35:03,204.9,1456196
2021-06-23 09:35:06,204.95,1456811
2021-06-23 09:35:10,205.0,1457029
2021-06-23 09:35:14,204.95,1460108
2021-06-23 09:35:17,205.0,1461018
2021-06-23 09:35:21,205.0,1461574
2021-06-23 09:35:25,205.0,1461861
2021-06-23 09:35:28,205.0,1462456
2021-06-23 09:35:32,205.0,1464614
2021-06-23 09:35:35,205.05,1467867
2021-06-23 09:35:39,205.0,1467931
2021-06-23 09:35:42,205.05,1471103
2021-06-23 09:35:46,205.05,1472706
2021-06-23 09:35:50,205.05,1473615
2021-06-23 09:35:53,205.1,1480830
2021-06-23 09:35:57,205.1,1482020
2021-06-23 09:36:01,205.1,1482785
2021-06-23 09:36:04,205.1,1484160
2021-06-23 09:36:08,205.1,1484366
2021-06-23 09:36:11,205.05,1492443
2021-06-23 09:36:18,205.0,1496602
2021-06-23 09:36:22,205.0,1496729
2021-06-23 09:36:25,204.95,1497072
2021-06-23 09:36:31,204.95,1499746
2021-06-23 09:36:35,205.0,1502130
2021-06-23 09:36:38,205.0,1506027
2021-06-23 09:36:42,205.05,1507430
2021-06-23 09:36:45,205.0,1508309
2021-06-23 09:36:48,204.95,1511975
2021-06-23 09:36:52,205.0,1512663
2021-06-23 09:36:56,205.05,1512889
2021-06-23 09:36:59,205.0,1513247
2021-06-23 09:37:03,205.05,1513821
2021-06-23 09:37:06,205.05,1518196
2021-06-23 09:37:10,205.0,1518510
2021-06-23 09:37:13,205.0,1518783
2021-06-23 09:37:17,205.0,1521836
2021-06-23 09:37:20,205.05,1522096
2021-06-23 09:37:24,205.0,1524681
2021-06-23 09:37:27,204.95,1525420
2021-06-23 09:37:30,205.0,1529230
2021-06-23 09:37:34,205.0,1530032
2021-06-23 09:37:37,205.05,1531449
2021-06-23 09:37:41,205.05,1531778
2021-06-23 09:37:44,205.0,1532371
2021-06-23 09:37:48,205.05,1535864
2021-06-23 09:37:51,205.0,1536116
2021-06-23 09:37:55,205.05,1536691
2021-06-23 09:37:59,205.0,1540441
2021-06-23 09:38:02,205.0,1540486
2021-06-23 09:38:06,205.0,1542722
2021-06-23 09:38:10,205.0,1550536
2021-06-23 09:38:13,205.0,1550976
2021-06-23 09:38:16,205.0,1551636
2021-06-23 09:38:20,205.0,1552109
2021-06-23 09:38:23,205.0,1553365
2021-06-23 09:38:26,205.0,1555548
2021-06-23 09:38:30,205.0,1558019
2021-06-23 09:38:33,205.0,1559279
2021-06-23 09:38:39,204.95,1561465
2021-06-23 09:38:42,205.0,1561882
2021-06-23 09:38:46,205.0,1564383
2021-06-23 09:38:49,205.0,1564468
2021-06-23 09:38:52,205.0,1568325
2021-06-23 09:38:56,204.95,1568516
2021-06-23 09:38:59,204.95,1569453
2021-06-23 09:39:02,204.95,1571755
2021-06-23 09:39:05,205.0,1585610
2021-06-23 09:39:09,204.9,1586162
2021-06-23 09:39:12,205.0,1586609
2021-06-23 09:39:15,205.0,1591685
2021-06-23 09:39:18,204.95,1591954
2021-06-23 09:39:21,205.0,1593198
2021-06-23 09:39:24,204.95,1593784
2021-06-23 09:39:26,205.05,1594855
2021-06-23 09:39:30,205.05,1595042
2021-06-23 09:39:33,204.95,1597198
2021-06-23 09:39:37,205.05,1602007
2021-06-23 09:39:40,205.0,1611535
2021-06-23 09:39:43,205.0,1612122
2021-06-23 09:39:47,205.05,1614996
2021-06-23 09:39:50,205.05,1617247
2021-06-23 09:39:54,205.0,1618815
2021-06-23 09:39:57,205.0,1619106
2021-06-23 09:40:01,205.05,1623285
2021-06-23 09:40:04,205.0,1623689
2021-06-23 09:40:08,205.1,1630735
2021-06-23 09:40:11,205.05,1630754
2021-06-23 09:40:14,205.1,1631939
2021-06-23 09:40:18,205.0,1638561
2021-06-23 09:40:22,205.05,1639150
2021-06-23 09:40:26,205.05,1640500
2021-06-23 09:40:29,205.0,1642730
2021-06-23 09:40:33,205.0,1643816
2021-06-23 09:40:36,205.05,1647926
2021-06-23 09:40:40,205.0,1648304
2021-06-23 09:40:43,205.0,1655810
2021-06-23 09:40:46,205.05,1657437
2021-06-23 09:40:49,205.0,1664645
2021-06-23 09:40:53,205.0,1666384
2021-06-23 09:40:56,205.0,1667656
2021-06-23 09:40:59,204.95,1678715
2021-06-23 09:41:02,204.95,1684424
2021-06-23 09:41:05,205.0,1686489
2021-06-23 09:41:09,205.0,1687387
2021-06-23 09:41:12,205.0,1688875
2021-06-23 09:41:15,205.0,1689028
2021-06-23 09:41:18,205.0,1690349
2021-06-23 09:41:22,205.0,1695633
2021-06-23 09:41:25,205.0,1695679
2021-06-23 09:41:29,204.95,1695829
2021-06-23 09:41:32,204.95,1696150
2021-06-23 09:41:35,205.0,1696604
2021-06-23 09:41:38,205.0,1696887
2021-06-23 09:41:41,205.0,1696966
2021-06-23 09:41:44,205.0,1699190
2021-06-23 09:41:48,204.95,1701177
2021-06-23 09:41:51,205.0,1701182
2021-06-23 09:41:54,205.0,1702525
2021-06-23 09:41:57,204.95,1702879
2021-06-23 09:42:00,205.0,1707780
2021-06-23 09:42:03,205.0,1711409
2021-06-23 09:42:07,205.0,1712505
2021-06-23 09:42:10,204.95,1713627
2021-06-23 09:42:13,204.95,1714076
2021-06-23 09:42:16,204.95,1716623
2021-06-23 09:42:20,204.95,1719879
2021-06-23 09:42:23,205.0,1721730
2021-06-23 09:42:26,205.0,1722355
2021-06-23 09:42:29,205.0,1722413
2021-06-23 09:42:32,204.95,1722564
2021-06-23 09:42:39,205.0,1736961
2021-06-23 09:42:42,205.0,1741143
2021-06-23 09:42:46,205.0,1741652
2021-06-23 09:42:49,205.0,1742294
2021-06-23 09:42:52,205.0,1743817
2021-06-23 09:42:55,205.0,1744707
2021-06-23 09:42:58,204.95,1744724
2021-06-23 09:43:01,205.0,1746450
2021-06-23 09:43:05,204.9,1747923
2021-06-23 09:43:08,205.0,1748379
2021-06-23 09:43:11,204.9,1748961
2021-06-23 09:43:14,204.95,1749122
2021-06-23 09:43:17,204.95,1749278
2021-06-23 09:43:20,204.9,1750999
2021-06-23 09:43:26,205.0,1751883
2021-06-23 09:43:29,204.95,1755771
2021-06-23 09:43:33,205.0,1756173
2021-06-23 09:43:36,205.0,1756435
2021-06-23 09:43:43,205.0,1762385
2021-06-23 09:43:46,205.0,1767568
2021-06-23 09:43:49,205.0,1767677
2021-06-23 09:43:52,204.9,1768728
2021-06-23 09:43:55,204.9,1769476
2021-06-23 09:43:58,204.95,1769798
2021-06-23 09:44:01,204.95,1773408
2021-06-23 09:44:05,205.0,1777600
2021-06-23 09:44:08,204.95,1778414
2021-06-23 09:44:11,204.95,1778626
2021-06-23 09:44:15,204.95,1778881
2021-06-23 09:44:18,204.95,1781482
2021-06-23 09:44:21,205.0,1782995
2021-06-23 09:44:24,205.0,1783201
2021-06-23 09:44:27,204.95,1784944
2021-06-23 09:44:30,204.95,1788496
2021-06-23 09:44:33,204.95,1791053
2021-06-23 09:44:36,204.95,1791098
2021-06-23 09:44:40,204.95,1794346
2021-06-23 09:44:43,204.95,1795805
2021-06-23 09:44:50,204.95,1819185
2021-06-23 09:44:54,204.9,1819622
2021-06-23 09:44:57,204.95,1821090
2021-06-23 09:45:00,204.85,1822621
2021-06-23 09:45:04,204.85,1823196
2021-06-23 09:45:07,204.95,1823421
2021-06-23 09:45:10,204.9,1826596
2021-06-23 09:45:14,204.95,1827147
2021-06-23 09:45:17,204.95,1827801
2021-06-23 09:45:21,204.9,1827844
2021-06-23 09:45:24,205.0,1831809
2021-06-23 09:45:25,205.0,1832310
2021-06-23 09:45:26,205.0,1832402
2021-06-23 09:45:27,204.95,1832418
2021-06-23 09:45:28,204.95,1832940
2021-06-23 09:45:29,204.95,1832940
2021-06-23 09:45:30,205.0,1832941
2021-06-23 09:45:31,204.95,1832991
2021-06-23 09:45:33,205.0,1833026
2021-06-23 09:45:34,204.95,1833399
2021-06-23 09:45:35,205.0,1833542
2021-06-23 09:45:35,204.95,1833593
2021-06-23 09:45:36,205.0,1833713
2021-06-23 09:45:37,204.95,1833719
2021-06-23 09:45:38,205.0,1834015
2021-06-23 09:45:39,204.9,1842836
2021-06-23 09:45:40,204.95,1842997
2021-06-23 09:45:42,204.95,1843311
2021-06-23 09:45:42,204.95,1843421
2021-06-23 09:45:44,204.8,1845744
2021-06-23 09:45:44,204.85,1845745
2021-06-23 09:45:45,204.95,1845748
2021-06-23 09:45:46,204.95,1845753
2021-06-23 09:45:47,204.85,1845773
2021-06-23 09:45:48,204.95,1845823
2021-06-23 09:45:49,204.85,1848415
2021-06-23 09:45:50,204.85,1848515
2021-06-23 09:45:51,204.9,1848528
2021-06-23 09:45:52,204.85,1848665
2021-06-23 09:45:53,204.9,1853683
2021-06-23 09:45:54,205.0,1862795
2021-06-23 09:45:55,204.9,1862806
2021-06-23 09:45:57,204.9,1863538
2021-06-23 09:45:58,205.0,1863597
2021-06-23 09:45:58,205.0,1863728
2021-06-23 09:45:59,205.0,1863731
2021-06-23 09:46:00,204.9,1863826
2021-06-23 09:46:01,204.9,1863826
2021-06-23 09:46:02,204.9,1863826
2021-06-23 09:46:04,204.95,1863860
2021-06-23 09:46:05,205.0,1863919
2021-06-23 09:46:07,204.9,1865819
2021-06-23 09:46:08,205.0,1865841
2021-06-23 09:46:08,205.0,1865841
2021-06-23 09:46:10,204.9,1865941
2021-06-23 09:46:11,204.9,1865941
2021-06-23 09:46:12,205.0,1866103
2021-06-23 09:46:13,204.9,1866116
2021-06-23 09:46:14,205.0,1866166
2021-06-23 09:46:15,205.0,1866208
2021-06-23 09:46:15,205.0,1866183
2021-06-23 09:46:16,205.0,1866220
2021-06-23 09:46:17,205.0,1868263
2021-06-23 09:46:18,205.0,1868347
2021-06-23 09:46:20,205.0,1868354
2021-06-23 09:46:21,205.0,1868354
2021-06-23 09:46:22,205.0,1868369
2021-06-23 09:46:23,205.0,1868922
2021-06-23 09:46:23,204.95,1869052
2021-06-23 09:46:24,204.95,1870057
2021-06-23 09:46:25,205.0,1870169
2021-06-23 09:46:26,204.95,1870229
2021-06-23 09:46:27,204.95,1870272
2021-06-23 09:46:28,205.0,1870875
2021-06-23 09:46:30,205.0,1870966
2021-06-23 09:46:30,205.0,1870966
2021-06-23 09:46:32,204.95,1871067
2021-06-23 09:46:33,205.0,1871095
2021-06-23 09:46:35,205.0,1871106
2021-06-23 09:46:36,205.0,1871114
2021-06-23 09:46:36,205.0,1871127
2021-06-23 09:46:39,205.0,1879200
2021-06-23 09:46:40,205.0,1879280
2021-06-23 09:46:41,205.0,1879280
2021-06-23 09:46:43,205.0,1879367
2021-06-23 09:46:44,205.0,1879433
2021-06-23 09:46:45,205.0,1879441
2021-06-23 09:46:46,205.05,1879562
2021-06-23 09:46:47,205.05,1879562
2021-06-23 09:46:48,205.05,1879671
2021-06-23 09:46:49,205.05,1879671
2021-06-23 09:46:50,205.05,1881324
2021-06-23 09:46:51,205.0,1881456
2021-06-23 09:46:52,205.0,1881456
2021-06-23 09:46:53,205.05,1881524
2021-06-23 09:46:54,205.05,1881524
2021-06-23 09:46:55,205.0,1883340
2021-06-23 09:46:56,204.95,1884705
2021-06-23 09:46:57,204.95,1884842
2021-06-23 09:46:58,204.95,1884842
2021-06-23 09:46:59,205.0,1884969
2021-06-23 09:47:00,205.0,1885479
2021-06-23 09:47:01,205.0,1885504
2021-06-23 09:47:02,205.0,1888147
2021-06-23 09:47:03,205.05,1888237
2021-06-23 09:47:05,205.0,1890006
2021-06-23 09:47:06,205.0,1890091
2021-06-23 09:47:08,204.95,1890385
2021-06-23 09:47:09,205.0,1890745
2021-06-23 09:47:10,205.0,1890808
2021-06-23 09:47:11,205.0,1890858
2021-06-23 09:47:12,205.0,1891608
2021-06-23 09:47:13,205.0,1891618
2021-06-23 09:47:14,205.0,1891749
2021-06-23 09:47:15,205.0,1893806
2021-06-23 09:47:18,205.0,1895494
2021-06-23 09:47:17,205.0,1894482
2021-06-23 09:47:19,204.95,1895497
2021-06-23 09:47:20,205.0,1895560
2021-06-23 09:47:21,205.0,1895644
2021-06-23 09:47:22,205.0,1896156
2021-06-23 09:47:23,205.0,1896157
2021-06-23 09:47:24,205.0,1896257
2021-06-23 09:47:25,205.0,1896257
2021-06-23 09:47:26,205.0,1896316
2021-06-23 09:47:27,205.0,1896391
2021-06-23 09:47:29,205.0,1901410
2021-06-23 09:47:28,205.0,1898426
2021-06-23 09:47:30,204.95,1901938
2021-06-23 09:47:31,205.0,1902030
2021-06-23 09:47:32,205.0,1902030
2021-06-23 09:47:33,205.0,1902042
2021-06-23 09:47:34,205.0,1902150
2021-06-23 09:47:35,204.95,1902206
2021-06-23 09:47:36,204.95,1902206
2021-06-23 09:47:37,204.95,1902308
2021-06-23 09:47:38,205.0,1902399
2021-06-23 09:47:39,204.95,1902645
2021-06-23 09:47:40,205.0,1902791
2021-06-23 09:47:41,205.0,1902801
2021-06-23 09:47:43,205.0,1902967
2021-06-23 09:47:42,205.0,1902801
2021-06-23 09:47:44,205.0,1903117
2021-06-23 09:47:45,204.95,1903121
2021-06-23 09:47:46,204.95,1903126
2021-06-23 09:47:47,205.0,1903167
2021-06-23 09:47:48,205.0,1903169
2021-06-23 09:47:49,205.0,1903269
2021-06-23 09:47:50,204.95,1903427
2021-06-23 09:47:51,204.95,1903627
2021-06-23 09:47:53,204.95,1903727
2021-06-23 09:47:52,204.95,1903727
2021-06-23 09:47:54,205.0,1904984
2021-06-23 09:47:55,204.9,1910975
2021-06-23 09:47:56,205.0,1912975
2021-06-23 09:47:57,205.0,1913325
2021-06-23 09:47:58,205.0,1913348
2021-06-23 09:47:59,205.0,1914545
2021-06-23 09:48:00,205.0,1915036
2021-06-23 09:48:01,205.0,1915056
2021-06-23 09:48:02,205.0,1915264
2021-06-23 09:48:03,205.0,1917264
2021-06-23 09:48:04,205.0,1917264
2021-06-23 09:48:05,204.95,1917364
2021-06-23 09:48:06,204.95,1917364
2021-06-23 09:48:07,204.95,1919173
2021-06-23 09:48:08,205.0,1919813
2021-06-23 09:48:09,205.0,1919922
2021-06-23 09:48:10,204.95,1923997
2021-06-23 09:48:11,205.0,1924067
2021-06-23 09:48:12,204.95,1924463
2021-06-23 09:48:13,204.95,1924510
2021-06-23 09:48:14,205.0,1924611
2021-06-23 09:48:15,205.0,1924811
2021-06-23 09:48:16,205.0,1924812
2021-06-23 09:48:17,205.0,1924812
2021-06-23 09:48:18,205.0,1925008
2021-06-23 09:48:19,205.0,1925016
2021-06-23 09:48:20,205.0,1925319
2021-06-23 09:48:21,205.0,1926547
2021-06-23 09:48:22,204.95,1929021
2021-06-23 09:48:23,204.95,1929021
2021-06-23 09:48:24,205.0,1929076
2021-06-23 09:48:25,205.0,1929537
2021-06-23 09:48:26,205.0,1930132
2021-06-23 09:48:27,205.0,1932532
2021-06-23 09:48:28,205.0,1934641
2021-06-23 09:48:29,205.0,1934642
2021-06-23 09:48:30,205.0,1934652
2021-06-23 09:48:31,205.0,1934677
2021-06-23 09:48:32,205.0,1934728
2021-06-23 09:48:33,205.0,1934855
2021-06-23 09:48:34,205.0,1934913
2021-06-23 09:48:35,205.0,1934918
2021-06-23 09:48:37,205.0,1938866
2021-06-23 09:48:38,204.9,1940828
2021-06-23 09:48:39,204.95,1940928
2021-06-23 09:48:40,204.9,1940978
2021-06-23 09:48:41,204.95,1940999
2021-06-23 09:48:42,204.9,1941505
2021-06-23 09:48:43,204.95,1941558
2021-06-23 09:48:44,204.95,1941771
2021-06-23 09:48:45,204.95,1941871
2021-06-23 09:48:46,204.95,1941871
2021-06-23 09:48:49,204.9,1942300
2021-06-23 09:48:50,204.9,1952336
2021-06-23 09:48:51,204.9,1952557
2021-06-23 09:48:52,204.95,1953060
2021-06-23 09:48:53,204.95,1953060
2021-06-23 09:48:54,204.95,1953288
2021-06-23 09:48:55,204.9,1953324
2021-06-23 09:48:56,204.95,1953374
2021-06-23 09:48:57,204.95,1953380
2021-06-23 09:48:58,204.9,1953393
2021-06-23 09:48:59,204.95,1953593
2021-06-23 09:49:00,204.9,1953600
2021-06-23 09:49:01,204.9,1954101
2021-06-23 09:49:02,204.9,1954137
2021-06-23 09:49:03,204.95,1954141
2021-06-23 09:49:04,204.95,1954141
2021-06-23 09:49:05,204.95,1954170
2021-06-23 09:49:06,204.95,1954179
2021-06-23 09:49:07,204.9,1954188
2021-06-23 09:49:08,204.95,1954788
2021-06-23 09:49:09,204.95,1954950
2021-06-23 09:49:10,204.95,1958150
2021-06-23 09:49:12,204.95,1958308
2021-06-23 09:49:13,204.95,1961553
2021-06-23 09:49:14,204.95,1961604
2021-06-23 09:49:14,204.95,1961604
2021-06-23 09:49:15,204.95,1961608
2021-06-23 09:49:16,204.95,1965236
2021-06-23 09:49:17,204.95,1965250
2021-06-23 09:49:18,204.95,1965462
2021-06-23 09:49:19,204.95,1965479
2021-06-23 09:49:21,204.95,1967259
2021-06-23 09:49:22,205.0,1967309
2021-06-23 09:49:23,204.9,1967465
2021-06-23 09:49:24,204.9,1967465
2021-06-23 09:49:25,204.9,1967465
2021-06-23 09:49:26,205.0,1967665
2021-06-23 09:49:28,204.95,1967692
2021-06-23 09:49:29,204.9,1967705
2021-06-23 09:49:30,205.0,1967715
2021-06-23 09:49:31,204.9,1967869
2021-06-23 09:49:32,205.0,1967900
2021-06-23 09:49:33,204.9,1967927
2021-06-23 09:49:35,205.0,1967942
2021-06-23 09:49:37,205.0,1971426
2021-06-23 09:49:39,205.0,1971465
2021-06-23 09:49:41,205.0,1971705
2021-06-23 09:49:42,205.0,1971903
2021-06-23 09:49:44,205.0,1971918
2021-06-23 09:49:45,205.0,1971971
2021-06-23 09:49:45,205.0,1971971
2021-06-23 09:49:47,205.0,1972172
2021-06-23 09:49:47,204.95,1972287
2021-06-23 09:49:49,205.0,1972495
2021-06-23 09:49:50,205.0,1973263
2021-06-23 09:49:50,205.0,1973263
2021-06-23 09:49:51,204.9,1973557
2021-06-23 09:49:52,205.0,1973782
2021-06-23 09:49:53,205.0,1973882
2021-06-23 09:49:54,204.9,1973971
2021-06-23 09:49:55,204.95,1974001
2021-06-23 09:49:56,205.0,1979004
2021-06-23 09:49:57,205.0,1979056
2021-06-23 09:49:58,205.0,1979199
2021-06-23 09:49:59,205.0,1979702
2021-06-23 09:50:01,205.0,1981203
2021-06-23 09:50:02,205.0,1981216
2021-06-23 09:50:03,205.0,1981427
2021-06-23 09:50:03,205.0,1981447
2021-06-23 09:50:04,205.0,1981493
2021-06-23 09:50:05,204.95,1981615
2021-06-23 09:50:06,205.0,1983291
2021-06-23 09:50:08,205.0,1983391
2021-06-23 09:50:08,205.0,1983391
2021-06-23 09:50:09,205.0,1983398
2021-06-23 09:50:10,205.0,1983398
2021-06-23 09:50:11,205.0,1983602
2021-06-23 09:50:12,205.0,1983603
2021-06-23 09:50:13,205.0,1983660
2021-06-23 09:50:14,205.0,1983660
2021-06-23 09:50:16,205.0,1983667
2021-06-23 09:50:17,204.95,1983731
2021-06-23 09:50:18,204.95,1983731
2021-06-23 09:50:20,205.0,1984014
2021-06-23 09:50:20,205.0,1984029
2021-06-23 09:50:22,205.0,1984212
2021-06-23 09:50:22,205.0,1984312
2021-06-23 09:50:23,205.0,1984317
2021-06-23 09:50:27,204.95,1985049
2021-06-23 09:50:30,205.0,1985602
2021-06-23 09:50:33,205.0,1986903
2021-06-23 09:50:36,205.0,1990386
2021-06-23 09:50:39,204.95,1990458
2021-06-23 09:50:42,205.0,1990615
2021-06-23 09:50:44,204.95,1994235
2021-06-23 09:50:47,205.0,1994590
2021-06-23 09:50:50,204.9,1995393
2021-06-23 09:50:53,205.0,1998753
2021-06-23 09:50:56,204.9,1998876
2021-06-23 09:50:59,204.95,1999053
2021-06-23 09:51:02,204.9,2000098
2021-06-23 09:51:05,205.0,2017338
2021-06-23 09:51:08,205.0,2021170
2021-06-23 09:51:11,205.0,2021407
2021-06-23 09:51:14,205.0,2021510
2021-06-23 09:51:17,205.0,2022816
2021-06-23 09:51:19,205.0,2024350
2021-06-23 09:51:22,204.9,2024417
2021-06-23 09:51:30,205.0,2028923
2021-06-23 09:51:33,205.0,2029054
2021-06-23 09:51:35,205.0,2029325
2021-06-23 09:51:38,204.9,2033411
2021-06-23 09:51:41,205.0,2033692
2021-06-23 09:51:43,205.0,2033809
2021-06-23 09:51:46,204.95,2036946
2021-06-23 09:51:49,205.0,2037111
2021-06-23 09:51:52,205.0,2038766
2021-06-23 09:51:55,205.0,2039190
2021-06-23 09:51:58,204.95,2072507
2021-06-23 09:52:01,204.95,2073799
2021-06-23 09:52:04,204.95,2088334
2021-06-23 09:52:07,204.95,2091739
2021-06-23 09:52:10,204.95,2091766
2021-06-23 09:52:16,204.9,2098473
2021-06-23 09:52:19,204.95,2099051
2021-06-23 09:52:22,204.9,2099162
2021-06-23 09:52:25,204.9,2099439
2021-06-23 09:52:27,204.95,2099525
2021-06-23 09:52:30,204.95,2099665
2021-06-23 09:52:33,204.95,2100061
2021-06-23 09:52:36,205.05,2129341
2021-06-23 09:52:38,205.05,2129458
2021-06-23 09:52:41,205.0,2130897
2021-06-23 09:52:44,205.05,2132722
2021-06-23 09:52:47,205.0,2138017
2021-06-23 09:52:50,205.0,2142803
2021-06-23 09:52:53,205.05,2143310
2021-06-23 09:52:56,205.0,2144948
2021-06-23 09:53:00,205.0,2145042
2021-06-23 09:53:03,205.05,2148860
2021-06-23 09:53:06,204.95,2156576
2021-06-23 09:53:10,205.0,2159180
2021-06-23 09:53:13,205.0,2159210
2021-06-23 09:53:18,205.0,2165917
2021-06-23 09:53:21,205.0,2167026
2021-06-23 09:53:24,205.05,2167607
2021-06-23 09:53:27,205.0,2168440
2021-06-23 09:53:30,205.0,2168489
2021-06-23 09:53:32,205.05,2169834
2021-06-23 09:53:35,205.05,2169942
2021-06-23 09:53:38,205.0,2170118
2021-06-23 09:53:41,204.95,2185823
2021-06-23 09:53:44,205.0,2186368
2021-06-23 09:53:47,204.95,2186699
2021-06-23 09:53:50,205.0,2189695
2021-06-23 09:53:53,205.0,2189840
2021-06-23 09:53:55,204.95,2196612
2021-06-23 09:53:58,204.95,2196836
2021-06-23 09:54:02,204.95,2197331
2021-06-23 09:54:05,205.0,2198300
2021-06-23 09:54:08,205.0,2200032
2021-06-23 09:54:11,204.95,2201135
2021-06-23 09:54:15,205.0,2201672
2021-06-23 09:54:18,204.95,2202119
2021-06-23 09:54:21,205.0,2202290
2021-06-23 09:54:24,205.0,2202525
2021-06-23 09:54:26,205.0,2205642
2021-06-23 09:54:30,205.0,2205936
2021-06-23 09:54:33,204.95,2205965
2021-06-23 09:54:38,204.95,2220314
2021-06-23 09:54:42,204.95,2220492
2021-06-23 09:54:45,204.95,2222508
2021-06-23 09:54:48,204.95,2223209
2021-06-23 09:54:51,205.0,2244209
2021-06-23 09:54:54,205.0,2244279
2021-06-23 09:54:57,204.9,2254421
2021-06-23 09:55:00,204.8,2255309
2021-06-23 09:55:04,204.9,2255341
2021-06-23 09:55:07,204.9,2255695
2021-06-23 09:55:10,204.9,2259680
2021-06-23 09:55:13,204.9,2264774
2021-06-23 09:55:16,204.9,2264946
2021-06-23 09:55:20,204.9,2271466
2021-06-23 09:55:23,204.9,2271619
2021-06-23 09:55:26,204.9,2271961
2021-06-23 09:55:29,204.85,2273366
2021-06-23 09:55:33,204.9,2276620
2021-06-23 09:55:36,204.9,2276664
2021-06-23 09:55:43,204.9,2278163
2021-06-23 09:55:46,204.9,2278769
2021-06-23 09:55:49,204.9,2279232
2021-06-23 09:55:52,204.85,2280711
2021-06-23 09:55:55,204.9,2281126
2021-06-23 09:55:58,204.9,2281495
2021-06-23 09:56:02,204.9,2291689
2021-06-23 09:56:06,204.95,2296400
2021-06-23 09:56:09,204.9,2299568
2021-06-23 09:56:12,204.85,2300135
2021-06-23 09:56:18,204.9,2300757
2021-06-23 09:56:21,204.9,2300779
2021-06-23 09:56:24,204.9,2300942
2021-06-23 09:56:27,204.9,2303963
2021-06-23 09:56:30,204.9,2304602
2021-06-23 09:56:33,204.9,2304613
2021-06-23 09:56:36,204.9,2307072
2021-06-23 09:56:40,204.85,2308333
2021-06-23 09:56:44,204.9,2308829
2021-06-23 09:56:47,204.9,2308836
2021-06-23 09:56:50,204.9,2309258
2021-06-23 09:56:53,204.9,2310272
2021-06-23 09:56:56,204.9,2310347
2021-06-23 09:56:58,204.9,2310832
2021-06-23 09:57:01,204.85,2311277
2021-06-23 09:57:05,204.85,2312069
2021-06-23 09:57:08,205.0,2338623
2021-06-23 09:57:11,205.0,2339269
2021-06-23 09:57:14,204.9,2339370
2021-06-23 09:57:18,205.0,2339378
2021-06-23 09:57:21,204.95,2341069
2021-06-23 09:57:24,204.95,2341079
2021-06-23 09:57:27,205.0,2341286
2021-06-23 09:57:30,205.0,2341846
2021-06-23 09:57:33,204.85,2355767
2021-06-23 09:57:36,204.95,2356472
2021-06-23 09:57:39,204.85,2369102
2021-06-23 09:57:43,204.9,2369873
2021-06-23 09:57:46,204.9,2373209
2021-06-23 09:57:49,204.9,2373336
2021-06-23 09:57:51,204.9,2373654
2021-06-23 09:57:54,204.9,2374130
2021-06-23 09:57:57,204.9,2375774
2021-06-23 09:58:00,204.85,2379262
2021-06-23 09:58:03,204.95,2380974
2021-06-23 09:58:06,204.9,2381861
2021-06-23 09:58:09,204.95,2382312
2021-06-23 09:58:11,204.9,2382824
2021-06-23 09:58:14,204.95,2383145
2021-06-23 09:58:17,204.95,2383272
2021-06-23 09:58:21,204.9,2383317
2021-06-23 09:58:24,205.0,2387726
2021-06-23 09:58:27,205.0,2387828
2021-06-23 09:58:30,204.95,2387968
2021-06-23 09:58:34,204.95,2388000
2021-06-23 09:58:37,204.9,2388220
2021-06-23 09:58:39,204.95,2388757
2021-06-23 09:58:42,204.95,2388814
2021-06-23 09:58:45,204.95,2389204
2021-06-23 09:58:48,204.95,2389268
2021-06-23 09:58:51,204.95,2391340
2021-06-23 09:58:54,204.95,2391441
2021-06-23 09:58:58,205.0,2391908
2021-06-23 09:59:01,205.0,2392090
2021-06-23 09:59:04,204.95,2392641
2021-06-23 09:59:06,204.9,2392901
2021-06-23 09:59:10,204.95,2392944
2021-06-23 09:59:13,204.9,2393604
2021-06-23 09:59:15,204.95,2395216
2021-06-23 09:59:18,204.95,2396349
2021-06-23 09:59:21,205.0,2396720
2021-06-23 09:59:24,205.0,2396751
2021-06-23 09:59:27,204.95,2397011
2021-06-23 09:59:30,205.0,2397126
2021-06-23 09:59:32,205.0,2397602
2021-06-23 09:59:35,205.0,2399186
2021-06-23 09:59:37,204.95,2400047
2021-06-23 09:59:40,204.95,2400172
2021-06-23 09:59:43,204.95,2402248
2021-06-23 09:59:46,205.0,2405897
2021-06-23 09:59:48,205.0,2405919
2021-06-23 09:59:51,205.0,2406011
2021-06-23 09:59:53,204.95,2411752
2021-06-23 09:59:56,204.9,2412160
2021-06-23 09:59:58,204.95,2415399
2021-06-23 10:00:01,205.0,2416146
2021-06-23 10:00:04,205.0,2416962
2021-06-23 10:00:06,204.9,2417515
2021-06-23 10:00:09,204.9,2423937
2021-06-23 10:00:12,204.9,2424301
2021-06-23 10:00:15,204.95,2424338
2021-06-23 10:00:18,204.95,2426470
2021-06-23 10:00:22,204.95,2434233
2021-06-23 10:00:24,204.95,2434379
2021-06-23 10:00:27,204.9,2434425
2021-06-23 10:00:30,204.9,2434676
2021-06-23 10:00:36,204.9,2443291
2021-06-23 10:00:39,204.9,2443714
2021-06-23 10:00:42,204.85,2447078
2021-06-23 10:00:45,204.95,2447159
2021-06-23 10:00:48,204.9,2447225
2021-06-23 10:00:51,204.95,2447329
2021-06-23 10:00:53,204.9,2450647
2021-06-23 10:00:56,204.85,2451012
2021-06-23 10:00:59,204.95,2454659
2021-06-23 10:01:02,204.95,2454809
2021-06-23 10:01:05,204.95,2455008
2021-06-23 10:01:08,204.95,2455111
2021-06-23 10:01:10,204.95,2458336
2021-06-23 10:01:13,204.95,2458712
2021-06-23 10:01:16,204.95,2458719
2021-06-23 10:01:19,204.9,2458776
2021-06-23 10:01:21,204.9,2462032
2021-06-23 10:01:23,204.9,2462242
2021-06-23 10:01:26,204.9,2462270
2021-06-23 10:01:28,204.9,2462449
2021-06-23 10:01:30,204.9,2466005
2021-06-23 10:01:33,204.85,2466156
2021-06-23 10:01:35,204.9,2466971
2021-06-23 10:01:38,204.9,2467021
2021-06-23 10:01:41,204.85,2467254
2021-06-23 10:01:44,204.9,2470819
2021-06-23 10:01:49,204.9,2470982
2021-06-23 10:01:52,204.9,2477760
2021-06-23 10:01:54,204.9,2478216
2021-06-23 10:01:57,204.95,2478421
2021-06-23 10:01:59,204.9,2478613
2021-06-23 10:02:02,204.9,2482150
2021-06-23 10:02:05,204.85,2482218
2021-06-23 10:02:07,204.9,2482504
2021-06-23 10:02:10,204.85,2483353
2021-06-23 10:02:13,204.9,2484459
2021-06-23 10:02:16,204.9,2485102
2021-06-23 10:02:18,204.85,2485223
2021-06-23 10:02:20,204.9,2488384
2021-06-23 10:02:23,204.9,2488935
2021-06-23 10:02:26,204.95,2508772
2021-06-23 10:02:29,205.0,2509832
2021-06-23 10:02:31,205.0,2510842
2021-06-23 10:02:34,205.0,2511246
2021-06-23 10:02:36,204.95,2511357
2021-06-23 10:02:39,205.0,2513759
2021-06-23 10:02:41,205.0,2517030
2021-06-23 10:02:44,205.0,2517282
2021-06-23 10:02:46,204.95,2517866
2021-06-23 10:02:49,204.95,2524723
2021-06-23 10:02:51,205.0,2529858
2021-06-23 10:02:54,205.05,2529958
2021-06-23 10:02:57,205.0,2530349
2021-06-23 10:03:00,205.0,2536539
2021-06-23 10:03:02,205.05,2541139
2021-06-23 10:03:05,205.0,2541193
2021-06-23 10:03:08,205.05,2541307
2021-06-23 10:03:10,205.05,2543177
2021-06-23 10:03:15,205.0,2547744
2021-06-23 10:03:18,205.0,2551026
2021-06-23 10:03:27,205.05,2553676
2021-06-23 10:03:33,205.05,2554717
2021-06-23 10:03:36,205.0,2554965
2021-06-23 10:03:39,205.05,2555126
2021-06-23 10:03:42,205.0,2555266
2021-06-23 10:03:45,205.05,2556510
2021-06-23 10:03:48,205.0,2558284
2021-06-23 10:03:51,205.05,2558363
2021-06-23 10:03:54,205.0,2558561
2021-06-23 10:03:56,205.0,2558864
2021-06-23 10:03:59,205.1,2572160
2021-06-23 10:04:02,204.95,2598371
2021-06-23 10:04:04,204.9,2598387
2021-06-23 10:04:07,204.9,2598441
2021-06-23 10:04:10,204.9,2598441
2021-06-23 10:04:12,204.9,2601745
2021-06-23 10:04:15,204.95,2601950
2021-06-23 10:04:18,204.9,2602605
2021-06-23 10:04:21,204.9,2602696
2021-06-23 10:04:26,204.95,2602762
2021-06-23 10:04:29,204.9,2602883
2021-06-23 10:04:32,204.95,2603070
2021-06-23 10:04:35,204.9,2607101
2021-06-23 10:04:38,204.9,2607611
2021-06-23 10:04:41,204.9,2607808
2021-06-23 10:04:43,204.9,2607912
2021-06-23 10:04:46,204.9,2611134
2021-06-23 10:04:49,204.9,2613021
2021-06-23 10:04:52,204.95,2613108
2021-06-23 10:04:55,204.95,2613118
2021-06-23 10:04:57,204.95,2613905
2021-06-23 10:05:00,204.9,2613919
2021-06-23 10:05:02,204.85,2616016
2021-06-23 10:05:05,204.95,2617291
2021-06-23 10:05:08,204.95,2620171
2021-06-23 10:05:11,204.95,2620570
2021-06-23 10:05:14,204.95,2620916
2021-06-23 10:05:16,204.95,2621023
2021-06-23 10:05:19,204.95,2621056
2021-06-23 10:05:22,204.9,2621193
2021-06-23 10:05:25,204.95,2621346
2021-06-23 10:05:28,204.95,2621405
2021-06-23 10:05:31,204.9,2621872
2021-06-23 10:05:34,204.9,2622576
2021-06-23 10:05:37,204.95,2622780
2021-06-23 10:05:41,204.9,2622816
2021-06-23 10:05:44,204.95,2624539
2021-06-23 10:05:46,204.95,2624699
2021-06-23 10:05:49,204.9,2626975
2021-06-23 10:05:51,204.9,2626981
2021-06-23 10:05:54,204.9,2627206
2021-06-23 10:05:57,204.95,2628149
2021-06-23 10:05:59,204.95,2628535
2021-06-23 10:06:02,204.9,2628546
2021-06-23 10:06:04,204.9,2632406
2021-06-23 10:06:07,204.95,2632924
2021-06-23 10:06:10,204.9,2636239
2021-06-23 10:06:12,204.95,2636541
2021-06-23 10:06:15,204.95,2643442
2021-06-23 10:06:17,204.95,2643697
2021-06-23 10:06:20,204.9,2644551
2021-06-23 10:06:23,204.95,2644593
2021-06-23 10:06:25,204.9,2645197
2021-06-23 10:06:27,204.9,2645418
2021-06-23 10:06:30,204.95,2651641
2021-06-23 10:06:32,204.9,2652120
2021-06-23 10:06:35,204.95,2655321
2021-06-23 10:06:38,204.95,2655528
2021-06-23 10:06:41,204.9,2655679
2021-06-23 10:06:44,204.9,2670072
2021-06-23 10:06:47,204.9,2670193
2021-06-23 10:06:49,204.9,2670529
2021-06-23 10:06:52,204.9,2670965
2021-06-23 10:06:56,204.95,2673628
2021-06-23 10:06:58,204.95,2673848
2021-06-23 10:07:01,204.9,2677881
2021-06-23 10:07:03,204.95,2682431
2021-06-23 10:07:06,204.95,2685170
2021-06-23 10:07:09,204.95,2685210
2021-06-23 10:07:11,204.95,2685210
2021-06-23 10:07:13,204.95,2685268
2021-06-23 10:07:15,204.9,2686296
2021-06-23 10:07:17,204.95,2686361
2021-06-23 10:07:19,204.9,2686382
2021-06-23 10:07:22,204.9,2691930
2021-06-23 10:07:25,204.9,2692253
2021-06-23 10:07:28,204.8,2869815
2021-06-23 10:07:30,204.85,2873656
2021-06-23 10:07:33,204.8,2874296
2021-06-23 10:07:36,204.8,2881246
2021-06-23 10:07:39,204.9,2881880
2021-06-23 10:07:42,204.9,2881993
2021-06-23 10:07:45,204.85,2882110
2021-06-23 10:07:47,204.9,2882317
2021-06-23 10:07:50,204.85,2882341
2021-06-23 10:07:53,204.9,2882399
2021-06-23 10:07:55,204.9,2882411
2021-06-23 10:07:58,204.85,2882434
2021-06-23 10:08:00,204.9,2882755
2021-06-23 10:08:03,204.9,2882988
2021-06-23 10:08:06,204.9,2883002
2021-06-23 10:08:09,204.9,2883256
2021-06-23 10:08:11,204.9,2883391
2021-06-23 10:08:14,204.9,2883555
2021-06-23 10:08:17,204.9,2887062
2021-06-23 10:08:20,204.9,2887123
2021-06-23 10:08:22,204.9,2889133
2021-06-23 10:08:25,204.9,2889263
2021-06-23 10:08:28,204.85,2889615
2021-06-23 10:08:31,204.9,2889811
2021-06-23 10:08:34,204.9,2890111
2021-06-23 10:08:37,204.9,2890156
2021-06-23 10:08:40,204.85,2890670
2021-06-23 10:08:43,204.85,2890895
2021-06-23 10:08:45,204.9,2891269
2021-06-23 10:08:47,204.85,2895069
2021-06-23 10:08:52,204.9,2900044
2021-06-23 10:08:55,204.9,2900220
2021-06-23 10:08:58,204.8,2900899
2021-06-23 10:09:00,204.9,2904864
2021-06-23 10:09:02,204.9,2906998
2021-06-23 10:09:05,204.9,2908902
2021-06-23 10:09:07,204.9,2909073
2021-06-23 10:09:10,204.9,2909350
2021-06-23 10:09:13,204.9,2909469
2021-06-23 10:09:15,204.9,2909688
2021-06-23 10:09:17,204.9,2909827
2021-06-23 10:09:20,204.85,2910056
2021-06-23 10:09:22,204.8,2911166
2021-06-23 10:09:24,204.9,2911216
2021-06-23 10:09:27,204.9,2912367
2021-06-23 10:09:29,204.85,2912887
2021-06-23 10:09:31,204.9,2913042
2021-06-23 10:09:36,204.9,2913076
2021-06-23 10:09:39,204.9,2913272
2021-06-23 10:09:41,204.9,2913310
2021-06-23 10:09:43,204.85,2913800
2021-06-23 10:09:45,204.9,2913849
2021-06-23 10:09:47,204.9,2913960
2021-06-23 10:09:49,204.9,2914170
2021-06-23 10:09:51,204.85,2914622
2021-06-23 10:09:54,204.9,2915182
2021-06-23 10:09:56,204.9,2915367
2021-06-23 10:09:58,204.9,2915479
2021-06-23 10:10:00,204.85,2915891
2021-06-23 10:10:02,204.85,2916248
2021-06-23 10:10:05,204.9,2916838
2021-06-23 10:10:07,204.9,2917694
2021-06-23 10:10:09,204.9,2917762
2021-06-23 10:10:12,204.85,2920093
2021-06-23 10:10:14,204.8,2923688
2021-06-23 10:10:16,204.85,2927145
2021-06-23 10:10:19,204.85,2927464
2021-06-23 10:10:21,204.85,2927666
2021-06-23 10:10:23,204.85,2927666
2021-06-23 10:10:25,204.85,2931550
2021-06-23 10:10:29,204.85,2932624
2021-06-23 10:10:32,204.85,2934058
2021-06-23 10:10:35,204.8,2934264
2021-06-23 10:10:38,204.85,2949457
2021-06-23 10:10:41,204.9,2952928
2021-06-23 10:10:44,204.9,2953091
2021-06-23 10:10:46,204.85,2953179
2021-06-23 10:10:49,204.85,2953242
2021-06-23 10:10:52,204.85,2956516
2021-06-23 10:10:55,204.8,2963557
2021-06-23 10:10:57,204.85,2963607
2021-06-23 10:10:59,204.85,2964518
2021-06-23 10:11:02,204.85,2964668
2021-06-23 10:11:05,204.85,2964711
2021-06-23 10:11:08,204.85,2966461
2021-06-23 10:11:11,204.8,2967327
2021-06-23 10:11:14,204.8,2967447
2021-06-23 10:11:19,204.75,2974615
2021-06-23 10:11:22,204.8,2980486
2021-06-23 10:11:24,204.8,2981605
2021-06-23 10:11:29,204.75,2985444
2021-06-23 10:11:33,204.8,2990476
2021-06-23 10:11:39,204.8,2995763
2021-06-23 10:11:41,204.8,2995864
2021-06-23 10:11:44,204.75,3003245
2021-06-23 10:11:47,204.8,3003427
2021-06-23 10:11:50,204.8,3005511
2021-06-23 10:11:53,204.8,3005644
2021-06-23 10:11:56,204.8,3005760
2021-06-23 10:12:02,204.8,3008063
2021-06-23 10:12:05,204.8,3008229
2021-06-23 10:12:09,204.8,3009374
2021-06-23 10:12:12,204.8,3009848
2021-06-23 10:12:14,204.7,3019076
2021-06-23 10:12:17,204.8,3020177
2021-06-23 10:12:20,204.75,3023551
2021-06-23 10:12:23,204.75,3023819
2021-06-23 10:12:26,204.75,3024341
2021-06-23 10:12:29,204.6,3029623
2021-06-23 10:12:32,204.7,3031695
2021-06-23 10:12:35,204.7,3057050
2021-06-23 10:12:38,204.65,3057223
2021-06-23 10:12:41,204.65,3057324
2021-06-23 10:12:44,204.65,3057466
2021-06-23 10:12:47,204.65,3057894
2021-06-23 10:12:51,204.65,3058462
2021-06-23 10:12:54,204.7,3058702
2021-06-23 10:12:57,204.75,3060251
2021-06-23 10:13:00,204.75,3062438
2021-06-23 10:13:03,204.75,3089657
2021-06-23 10:13:09,204.85,3090009
2021-06-23 10:13:12,204.75,3091172
2021-06-23 10:13:15,204.7,3092278
2021-06-23 10:13:18,204.75,3093031
2021-06-23 10:13:20,204.75,3093618
2021-06-23 10:13:23,204.8,3096287
2021-06-23 10:13:26,204.8,3096464
2021-06-23 10:13:29,204.75,3097051
2021-06-23 10:13:32,204.75,3098068
2021-06-23 10:13:34,204.75,3099033
2021-06-23 10:13:37,204.8,3099531
2021-06-23 10:13:40,204.8,3100856
2021-06-23 10:13:43,204.8,3101452
2021-06-23 10:13:46,204.75,3101602
2021-06-23 10:13:49,204.8,3101617
2021-06-23 10:13:51,204.8,3101826
2021-06-23 10:13:54,204.8,3105211
2021-06-23 10:13:57,204.8,3105945
2021-06-23 10:14:00,204.8,3106068
2021-06-23 10:14:03,204.8,3106106
2021-06-23 10:14:06,204.85,3107109
2021-06-23 10:14:08,204.85,3111149
2021-06-23 10:14:10,204.8,3111329
2021-06-23 10:14:13,204.85,3111983
2021-06-23 10:14:16,204.85,3134129
2021-06-23 10:14:18,204.8,3134303
2021-06-23 10:14:21,204.8,3139002
2021-06-23 10:14:27,204.9,3141408
2021-06-23 10:14:29,204.9,3142489
2021-06-23 10:14:35,204.9,3149854
2021-06-23 10:14:37,204.85,3149936
2021-06-23 10:14:40,204.85,3152709
2021-06-23 10:14:42,204.8,3152809
2021-06-23 10:14:44,204.8,3156958
2021-06-23 10:14:47,204.8,3157586
2021-06-23 10:14:50,204.75,3158183
2021-06-23 10:14:56,204.65,3162917
2021-06-23 10:15:02,204.7,3166315
2021-06-23 10:15:05,204.65,3169476
2021-06-23 10:15:09,204.65,3169761
2021-06-23 10:15:12,204.65,3171677
2021-06-23 10:15:15,204.6,3193375
2021-06-23 10:15:18,204.6,3204766
2021-06-23 10:15:21,204.6,3204977
2021-06-23 10:15:24,204.6,3206369
2021-06-23 10:15:25,204.6,3206520
2021-06-23 10:15:25,204.6,3210074
2021-06-23 10:15:26,204.6,3210091
2021-06-23 10:15:27,204.6,3211830
2021-06-23 10:15:28,204.6,3211998
2021-06-23 10:15:29,204.5,3212325
2021-06-23 10:15:31,204.55,3212749
2021-06-23 10:15:32,204.55,3213947
2021-06-23 10:15:33,204.6,3214178
2021-06-23 10:15:34,204.6,3214545
2021-06-23 10:15:35,204.6,3215075
2021-06-23 10:15:35,204.55,3214753
2021-06-23 10:15:36,204.6,3215555
2021-06-23 10:15:37,204.6,3215781
2021-06-23 10:15:38,204.6,3249988
2021-06-23 10:15:39,204.55,3252240
2021-06-23 10:15:40,204.55,3252352
2021-06-23 10:15:41,204.6,3252852
2021-06-23 10:15:42,204.6,3256583
2021-06-23 10:15:43,204.6,3256603
2021-06-23 10:15:44,204.55,3256614
2021-06-23 10:15:49,204.5,3261763
2021-06-23 10:15:47,204.6,3257478
2021-06-23 10:15:50,204.5,3262353
2021-06-23 10:15:53,204.55,3265750
2021-06-23 10:15:55,204.6,3265907
2021-06-23 10:15:56,204.55,3266939
2021-06-23 10:15:57,204.65,3267263
2021-06-23 10:15:58,204.55,3267476
2021-06-23 10:15:58,204.65,3267526
2021-06-23 10:15:59,204.65,3268042
2021-06-23 10:16:01,204.65,3268092
2021-06-23 10:16:02,204.65,3268155
2021-06-23 10:16:03,204.6,3268375
2021-06-23 10:16:04,204.65,3268426
2021-06-23 10:16:05,204.65,3268466
2021-06-23 10:16:06,204.65,3268518
2021-06-23 10:16:07,204.65,3268541
2021-06-23 10:16:08,204.65,3268597
2021-06-23 10:16:08,204.65,3268597
2021-06-23 10:16:10,204.65,3270735
2021-06-23 10:16:10,204.65,3270735
2021-06-23 10:16:11,204.6,3270833
2021-06-23 10:16:12,204.6,3270906
2021-06-23 10:16:13,204.6,3274139
2021-06-23 10:16:14,204.6,3274678
2021-06-23 10:16:15,204.6,3274696
2021-06-23 10:16:16,204.6,3274760
2021-06-23 10:16:17,204.6,3274774
2021-06-23 10:16:18,204.6,3274900
2021-06-23 10:16:19,204.55,3275406
2021-06-23 10:16:20,204.55,3277318
2021-06-23 10:16:21,204.55,3277445
2021-06-23 10:16:22,204.55,3277505
2021-06-23 10:16:23,204.55,3278352
2021-06-23 10:16:24,204.55,3279135
2021-06-23 10:16:25,204.55,3279218
2021-06-23 10:16:26,204.5,3279787
2021-06-23 10:16:27,204.55,3280297
2021-06-23 10:16:28,204.55,3280389
2021-06-23 10:16:29,204.55,3280425
2021-06-23 10:16:30,204.65,3299576
2021-06-23 10:16:31,204.65,3299614
2021-06-23 10:16:32,204.7,3299615
2021-06-23 10:16:34,204.7,3299615
2021-06-23 10:16:35,204.65,3300639
2021-06-23 10:16:36,204.6,3300709
2021-06-23 10:16:36,204.6,3300709
2021-06-23 10:16:37,204.6,3305505
2021-06-23 10:16:39,204.6,3305773
2021-06-23 10:16:40,204.6,3305918
2021-06-23 10:16:41,204.55,3306029
2021-06-23 10:16:41,204.5,3306141
2021-06-23 10:16:42,204.55,3306215
2021-06-23 10:16:43,204.55,3306271
2021-06-23 10:16:45,204.55,3306948
2021-06-23 10:16:46,204.5,3307053
2021-06-23 10:16:47,204.55,3307163
2021-06-23 10:16:48,204.5,3307890
2021-06-23 10:16:49,204.55,3310302
2021-06-23 10:16:50,204.55,3310848
2021-06-23 10:16:51,204.6,3310868
2021-06-23 10:16:52,204.55,3310958
2021-06-23 10:16:52,204.55,3310958
2021-06-23 10:16:53,204.6,3311140
2021-06-23 10:16:55,204.6,3311220
2021-06-23 10:16:56,204.6,3311527
2021-06-23 10:16:56,204.6,3311527
2021-06-23 10:16:57,204.55,3312551
2021-06-23 10:16:58,204.55,3312551
2021-06-23 10:16:59,204.55,3312914
2021-06-23 10:17:01,204.6,3313229
2021-06-23 10:17:02,204.6,3314294
2021-06-23 10:17:03,204.6,3314674
2021-06-23 10:17:04,204.55,3314858
2021-06-23 10:17:04,204.55,3314958
2021-06-23 10:17:06,204.6,3316461
2021-06-23 10:17:06,204.6,3316306
2021-06-23 10:17:07,204.55,3316506
2021-06-23 10:17:09,204.55,3316713
2021-06-23 10:17:11,204.6,3317682
2021-06-23 10:17:12,204.6,3319645
2021-06-23 10:17:13,204.65,3319743
2021-06-23 10:17:14,204.65,3341904
2021-06-23 10:17:15,204.65,3341904
2021-06-23 10:17:17,204.6,3341924
2021-06-23 10:17:17,204.6,3341940
2021-06-23 10:17:18,204.65,3344498
2021-06-23 10:17:19,204.65,3344499
2021-06-23 10:17:21,204.65,3344505
2021-06-23 10:17:23,204.6,3344942
2021-06-23 10:17:23,204.6,3344953
2021-06-23 10:17:25,204.65,3348318
2021-06-23 10:17:26,204.65,3349132
2021-06-23 10:17:27,204.6,3349148
2021-06-23 10:17:28,204.65,3352599
2021-06-23 10:17:29,204.65,3352946
2021-06-23 10:17:30,204.6,3353107
2021-06-23 10:17:33,204.65,3358261
2021-06-23 10:17:34,204.6,3358390
2021-06-23 10:17:35,204.65,3362573
2021-06-23 10:17:35,204.65,3362574
2021-06-23 10:17:37,204.65,3362607
2021-06-23 10:17:37,204.65,3362908
2021-06-23 10:17:40,204.65,3363631
2021-06-23 10:17:40,204.65,3363631
2021-06-23 10:17:41,204.65,3363681
2021-06-23 10:17:42,204.6,3363844
2021-06-23 10:17:43,204.6,3363844
2021-06-23 10:17:44,204.65,3367589
2021-06-23 10:17:46,204.65,3367821
2021-06-23 10:17:46,204.65,3367821
2021-06-23 10:17:48,204.6,3367832
2021-06-23 10:17:49,204.65,3368416
2021-06-23 10:17:50,204.6,3370432
2021-06-23 10:17:51,204.6,3370545
2021-06-23 10:17:51,204.65,3370845
2021-06-23 10:17:53,204.6,3371735
2021-06-23 10:17:53,204.65,3371737
2021-06-23 10:17:54,204.65,3372129
2021-06-23 10:17:56,204.6,3372892
2021-06-23 10:17:57,204.6,3372925
2021-06-23 10:17:59,204.65,3373231
2021-06-23 10:17:59,204.65,3373491
2021-06-23 10:18:00,204.65,3373669
2021-06-23 10:18:02,204.6,3373803
2021-06-23 10:18:03,204.6,3377018
2021-06-23 10:18:05,204.6,3377173
2021-06-23 10:18:06,204.55,3377262
2021-06-23 10:18:07,204.6,3377371
2021-06-23 10:18:08,204.6,3377381
2021-06-23 10:18:09,204.6,3380499
2021-06-23 10:18:09,204.6,3380512
2021-06-23 10:18:11,204.6,3381591
2021-06-23 10:18:12,204.6,3381713
2021-06-23 10:18:13,204.55,3387205
2021-06-23 10:18:14,204.55,3387205
2021-06-23 10:18:15,204.6,3388233
2021-06-23 10:18:17,204.6,3388247
2021-06-23 10:18:18,204.6,3388287
2021-06-23 10:18:19,204.6,3388597
2021-06-23 10:18:21,204.55,3388978
2021-06-23 10:18:21,204.55,3389055
2021-06-23 10:18:23,204.55,3389088
2021-06-23 10:18:23,204.55,3389591
2021-06-23 10:18:24,204.6,3389941
2021-06-23 10:18:25,204.6,3389941
2021-06-23 10:18:26,204.65,3390340
2021-06-23 10:18:28,204.6,3390493
2021-06-23 10:18:29,204.65,3390515
2021-06-23 10:18:30,204.65,3390545
2021-06-23 10:18:31,204.6,3390645
2021-06-23 10:18:32,204.65,3390661
2021-06-23 10:18:33,204.65,3390662
2021-06-23 10:18:33,204.65,3390662
2021-06-23 10:18:34,204.65,3390910
2021-06-23 10:18:36,204.65,3391508
2021-06-23 10:18:37,204.65,3391517
2021-06-23 10:18:38,204.7,3391760
2021-06-23 10:18:39,204.7,3391764
2021-06-23 10:18:40,204.65,3391790
2021-06-23 10:18:41,204.7,3392000
2021-06-23 10:18:43,204.7,3392023
2021-06-23 10:18:44,204.7,3392029
2021-06-23 10:18:45,204.7,3392070
2021-06-23 10:18:46,204.7,3394371
2021-06-23 10:18:48,204.65,3395667
2021-06-23 10:18:49,204.6,3398047
2021-06-23 10:18:52,204.75,3414153
2021-06-23 10:18:54,204.75,3417420
2021-06-23 10:18:55,204.75,3420832
2021-06-23 10:18:56,204.75,3420832
2021-06-23 10:18:57,204.75,3420896
2021-06-23 10:18:58,204.75,3421210
2021-06-23 10:19:01,204.75,3423435
2021-06-23 10:19:02,204.75,3426789
2021-06-23 10:19:03,204.75,3426793
2021-06-23 10:19:04,204.75,3426893
2021-06-23 10:19:05,204.75,3432279
2021-06-23 10:19:06,204.75,3432279
2021-06-23 10:19:07,204.7,3432284
2021-06-23 10:19:09,204.75,3432324
2021-06-23 10:19:10,204.7,3432418
2021-06-23 10:19:12,204.7,3438858
2021-06-23 10:19:11,204.7,3438858
2021-06-23 10:19:13,204.75,3439168
2021-06-23 10:19:14,204.75,3439178
2021-06-23 10:19:15,204.75,3439278
2021-06-23 10:19:16,204.7,3442086
2021-06-23 10:19:17,204.75,3442131
2021-06-23 10:19:18,204.65,3449335
2021-06-23 10:19:19,204.6,3449358
2021-06-23 10:19:20,204.65,3449367
2021-06-23 10:19:21,204.7,3452463
2021-06-23 10:19:22,204.65,3452635
2021-06-23 10:19:23,204.65,3452785
2021-06-23 10:19:24,204.6,3453043
2021-06-23 10:19:25,204.65,3453093
2021-06-23 10:19:26,204.7,3453606
2021-06-23 10:19:27,204.65,3454239
2021-06-23 10:19:28,204.65,3454263
2021-06-23 10:19:29,204.65,3454698
2021-06-23 10:19:30,204.65,3455654
2021-06-23 10:19:31,204.65,3455654
2021-06-23 10:19:32,204.75,3455681
2021-06-23 10:19:34,204.65,3457255
2021-06-23 10:19:35,204.65,3457255
2021-06-23 10:19:36,204.7,3457325
2021-06-23 10:19:37,204.6,3457835
2021-06-23 10:19:39,204.6,3459731
2021-06-23 10:19:40,204.65,3459926
2021-06-23 10:19:41,204.65,3460059
2021-06-23 10:19:42,204.65,3460059
2021-06-23 10:19:43,204.65,3460082
2021-06-23 10:19:44,204.6,3460318
2021-06-23 10:19:45,204.65,3460659
2021-06-23 10:19:47,204.65,3460695
2021-06-23 10:19:46,204.65,3460695
2021-06-23 10:19:48,204.6,3460773
2021-06-23 10:19:49,204.65,3461072
2021-06-23 10:19:50,204.65,3461085
2021-06-23 10:19:51,204.65,3461136
2021-06-23 10:19:52,204.6,3463861
2021-06-23 10:19:53,204.65,3465862
2021-06-23 10:19:54,204.65,3466499
2021-06-23 10:19:55,204.65,3466499
2021-06-23 10:19:56,204.65,3466540
2021-06-23 10:19:57,204.65,3466541
2021-06-23 10:19:58,204.6,3466615
2021-06-23 10:19:59,204.65,3466631
2021-06-23 10:20:00,204.65,3466654
2021-06-23 10:20:01,204.65,3466803
2021-06-23 10:20:02,204.6,3467023
2021-06-23 10:20:03,204.6,3467023
2021-06-23 10:20:04,204.65,3467589
2021-06-23 10:20:05,204.65,3467732
2021-06-23 10:20:07,204.65,3467870
2021-06-23 10:20:08,204.65,3468086
2021-06-23 10:20:09,204.65,3468147
2021-06-23 10:20:10,204.65,3468188
2021-06-23 10:20:11,204.65,3468211
2021-06-23 10:20:12,204.6,3468267
2021-06-23 10:20:13,204.6,3468522
2021-06-23 10:20:15,204.6,3469219
2021-06-23 10:20:16,204.65,3469267
2021-06-23 10:20:17,204.6,3469398
2021-06-23 10:20:18,204.7,3470816
2021-06-23 10:20:19,204.7,3470826
2021-06-23 10:20:20,204.7,3472631
2021-06-23 10:20:21,204.6,3472641
2021-06-23 10:20:22,204.7,3472844
2021-06-23 10:20:23,204.65,3472869
2021-06-23 10:20:25,204.65,3473357
2021-06-23 10:20:26,204.6,3473413
2021-06-23 10:20:27,204.7,3473613
2021-06-23 10:20:28,204.65,3473805
2021-06-23 10:20:29,204.65,3473855
2021-06-23 10:20:30,204.65,3474014
2021-06-23 10:20:31,204.6,3474295
2021-06-23 10:20:32,204.7,3474461
2021-06-23 10:20:33,204.7,3474521
2021-06-23 10:20:34,204.7,3474521
2021-06-23 10:20:35,204.6,3474522
2021-06-23 10:20:36,204.65,3474547
2021-06-23 10:20:37,204.65,3474714
2021-06-23 10:20:39,204.7,3474789
2021-06-23 10:20:38,204.7,3474787
2021-06-23 10:20:40,204.6,3474894
2021-06-23 10:20:41,204.6,3475179
2021-06-23 10:20:42,204.65,3475315
2021-06-23 10:20:43,204.65,3475315
2021-06-23 10:20:45,204.7,3475540
2021-06-23 10:20:46,204.65,3475542
2021-06-23 10:20:47,204.65,3475548
2021-06-23 10:20:49,204.7,3475661
2021-06-23 10:20:51,204.65,3476001
2021-06-23 10:20:52,204.65,3476003
2021-06-23 10:20:53,204.7,3476503
2021-06-23 10:20:54,204.65,3476651
2021-06-23 10:20:55,204.65,3476672
2021-06-23 10:20:56,204.7,3477254
2021-06-23 10:20:57,204.7,3477255
2021-06-23 10:20:59,204.65,3477402
2021-06-23 10:21:00,204.65,3477405
2021-06-23 10:21:01,204.65,3477453
2021-06-23 10:21:02,204.7,3477512
2021-06-23 10:21:03,204.65,3478092
2021-06-23 10:21:04,204.65,3478092
2021-06-23 10:21:05,204.65,3478136
2021-06-23 10:21:06,204.65,3478139
2021-06-23 10:21:07,204.7,3478626
2021-06-23 10:21:08,204.7,3479626
2021-06-23 10:21:09,204.7,3479920
2021-06-23 10:21:10,204.65,3479930
2021-06-23 10:21:11,204.7,3481055
2021-06-23 10:21:12,204.65,3481082
2021-06-23 10:21:13,204.7,3481098
2021-06-23 10:21:15,204.65,3485107
2021-06-23 10:21:15,204.65,3485107
2021-06-23 10:21:16,204.7,3485116
2021-06-23 10:21:17,204.7,3485293
2021-06-23 10:21:18,204.7,3486453
2021-06-23 10:21:20,204.65,3486499
2021-06-23 10:21:20,204.7,3486545
2021-06-23 10:21:21,204.65,3486908
2021-06-23 10:21:22,204.7,3487178
2021-06-23 10:21:23,204.65,3487284
2021-06-23 10:21:24,204.65,3487287
2021-06-23 10:21:25,204.7,3487899
2021-06-23 10:21:26,204.65,3487900
2021-06-23 10:21:27,204.65,3488026
2021-06-23 10:21:29,204.65,3491444
2021-06-23 10:21:29,204.7,3491449
2021-06-23 10:21:30,204.65,3491461
2021-06-23 10:21:31,204.65,3491468
2021-06-23 10:21:32,204.7,3491524
2021-06-23 10:21:33,204.7,3491948
2021-06-23 10:21:34,204.65,3492214
2021-06-23 10:21:35,204.7,3495195
2021-06-23 10:21:36,204.75,3495209
2021-06-23 10:21:37,204.75,3495209
2021-06-23 10:21:38,204.75,3495529
2021-06-23 10:21:39,204.7,3495564
2021-06-23 10:21:41,204.75,3495566
2021-06-23 10:21:41,204.7,3495570
2021-06-23 10:21:42,204.75,3495585
2021-06-23 10:21:43,204.75,3495585
2021-06-23 10:21:44,204.75,3495585
2021-06-23 10:21:45,204.7,3497185
2021-06-23 10:21:46,204.7,3497295
2021-06-23 10:21:47,204.7,3499527
2021-06-23 10:21:48,204.75,3500194
2021-06-23 10:21:51,204.7,3500387
2021-06-23 10:21:52,204.75,3500391
2021-06-23 10:21:53,204.75,3500391
2021-06-23 10:21:54,204.75,3502026
2021-06-23 10:21:55,204.75,3502560
2021-06-23 10:21:57,204.7,3502734
2021-06-23 10:21:57,204.7,3502734
2021-06-23 10:21:58,204.7,3502757
2021-06-23 10:21:59,204.7,3502858
2021-06-23 10:22:00,204.65,3509600
2021-06-23 10:22:01,204.65,3509850
2021-06-23 10:22:02,204.65,3509850
2021-06-23 10:22:03,204.65,3509852
2021-06-23 10:22:04,204.75,3509902
2021-06-23 10:22:05,204.7,3510161
2021-06-23 10:22:06,204.75,3510289
2021-06-23 10:22:07,204.7,3510385
2021-06-23 10:22:08,204.75,3510391
2021-06-23 10:22:09,204.7,3510675
2021-06-23 10:22:10,204.7,3511690
2021-06-23 10:22:11,204.65,3514890
2021-06-23 10:22:12,204.7,3514895
2021-06-23 10:22:13,204.7,3514905
2021-06-23 10:22:14,204.65,3515052
2021-06-23 10:22:15,204.7,3515093
2021-06-23 10:22:16,204.65,3515323
2021-06-23 10:22:18,204.65,3515529
2021-06-23 10:22:18,204.65,3515549
2021-06-23 10:22:19,204.65,3517540
2021-06-23 10:22:20,204.7,3517592
2021-06-23 10:22:21,204.7,3517751
2021-06-23 10:22:22,204.65,3518396
2021-06-23 10:22:23,204.7,3520408
2021-06-23 10:22:24,204.7,3520413
2021-06-23 10:22:25,204.65,3520475
2021-06-23 10:22:26,204.65,3522853
2021-06-23 10:22:27,204.65,3522909
2021-06-23 10:22:28,204.7,3522968
2021-06-23 10:22:30,204.65,3523871
2021-06-23 10:22:31,204.65,3523871
2021-06-23 10:22:32,204.65,3523895
2021-06-23 10:22:33,204.65,3523996
2021-06-23 10:22:34,204.65,3527998
2021-06-23 10:22:35,204.65,3527999
2021-06-23 10:22:36,204.7,3528160
2021-06-23 10:22:37,204.65,3530090
2021-06-23 10:22:38,204.65,3530102
2021-06-23 10:22:39,204.65,3530361
2021-06-23 10:22:40,204.65,3530466
2021-06-23 10:22:41,204.7,3530739
2021-06-23 10:22:42,204.7,3530893
2021-06-23 10:22:43,204.7,3531006
2021-06-23 10:22:44,204.65,3531489
2021-06-23 10:22:47,204.65,3531751
2021-06-23 10:22:47,204.7,3531756
2021-06-23 10:22:50,204.7,3532091
2021-06-23 10:22:51,204.75,3532612
2021-06-23 10:22:52,204.65,3533083
2021-06-23 10:22:53,204.7,3533092
2021-06-23 10:22:56,204.65,3534411
2021-06-23 10:22:57,204.65,3534411
2021-06-23 10:22:57,204.65,3534411
2021-06-23 10:22:58,204.7,3534475
2021-06-23 10:22:59,204.75,3534495
2021-06-23 10:23:00,204.75,3534551
2021-06-23 10:23:01,204.75,3534551
2021-06-23 10:23:02,204.7,3534797
2021-06-23 10:23:03,204.75,3534901
2021-06-23 10:23:04,204.75,3534911
2021-06-23 10:23:05,204.75,3536045
2021-06-23 10:23:06,204.7,3536101
2021-06-23 10:23:07,204.75,3536112
2021-06-23 10:23:08,204.7,3536556
2021-06-23 10:23:09,204.7,3536635
2021-06-23 10:23:10,204.7,3536645
2021-06-23 10:23:11,204.7,3536845
2021-06-23 10:23:12,204.7,3536882
2021-06-23 10:23:14,204.7,3536902
2021-06-23 10:23:15,204.7,3539767
2021-06-23 10:23:16,204.65,3539938
2021-06-23 10:23:17,204.7,3539989
2021-06-23 10:23:18,204.7,3539998
2021-06-23 10:23:18,204.7,3540048
2021-06-23 10:23:19,204.7,3540117
2021-06-23 10:23:20,204.7,3541249
2021-06-23 10:23:21,204.65,3542026
2021-06-23 10:23:22,204.65,3542056
2021-06-23 10:23:23,204.7,3543685
2021-06-23 10:23:24,204.7,3543747
2021-06-23 10:23:25,204.65,3544235
2021-06-23 10:23:27,204.7,3544266
2021-06-23 10:23:27,204.65,3544287
2021-06-23 10:23:29,204.65,3544308
2021-06-23 10:23:29,204.7,3544417
2021-06-23 10:23:31,204.65,3544671
2021-06-23 10:23:32,204.7,3544814
2021-06-23 10:23:33,204.7,3545239
2021-06-23 10:23:34,204.65,3545495
2021-06-23 10:23:35,204.65,3545504
2021-06-23 10:23:36,204.65,3545608
2021-06-23 10:23:37,204.65,3545661
2021-06-23 10:23:38,204.7,3546773
2021-06-23 10:23:40,204.7,3546808
2021-06-23 10:23:41,204.65,3547258
2021-06-23 10:23:42,204.7,3547518
2021-06-23 10:23:42,204.7,3547518
2021-06-23 10:23:43,204.7,3547999
2021-06-23 10:23:44,204.7,3551508
2021-06-23 10:23:45,204.7,3551566
2021-06-23 10:23:46,204.7,3551567
2021-06-23 10:23:47,204.7,3551617
2021-06-23 10:23:48,204.7,3551617
2021-06-23 10:23:49,204.7,3551669
2021-06-23 10:23:50,204.65,3551695
2021-06-23 10:23:51,204.7,3555399
2021-06-23 10:23:53,204.75,3556365
2021-06-23 10:23:54,204.75,3556465
2021-06-23 10:23:55,204.75,3556469
2021-06-23 10:23:56,204.75,3556471
2021-06-23 10:23:57,204.75,3556471
2021-06-23 10:23:58,204.7,3556484
2021-06-23 10:23:59,204.75,3556544
2021-06-23 10:23:59,204.75,3556544
2021-06-23 10:24:01,204.75,3556602
2021-06-23 10:24:02,204.75,3556856
2021-06-23 10:24:03,204.7,3557006
2021-06-23 10:24:03,204.7,3557006
2021-06-23 10:24:05,204.75,3557027
2021-06-23 10:24:07,204.75,3557123
2021-06-23 10:24:08,204.7,3558773
2021-06-23 10:24:09,204.75,3558894
2021-06-23 10:24:09,204.7,3558965
2021-06-23 10:24:10,204.75,3559192
2021-06-23 10:24:11,204.7,3559200
2021-06-23 10:24:13,204.7,3561355
2021-06-23 10:24:15,204.7,3561874
2021-06-23 10:24:16,204.7,3561946
2021-06-23 10:24:17,204.65,3562098
2021-06-23 10:24:18,204.65,3562348
2021-06-23 10:24:19,204.65,3562377
2021-06-23 10:24:20,204.7,3562462
2021-06-23 10:24:21,204.7,3562483
2021-06-23 10:24:22,204.7,3562497
2021-06-23 10:24:24,204.7,3564449
2021-06-23 10:24:24,204.7,3563456
2021-06-23 10:24:26,204.7,3564514
2021-06-23 10:24:27,204.7,3568130
2021-06-23 10:24:28,204.65,3568201
2021-06-23 10:24:28,204.65,3568201
2021-06-23 10:24:29,204.7,3568272
2021-06-23 10:24:30,204.7,3569304
2021-06-23 10:24:31,204.65,3569316
2021-06-23 10:24:32,204.75,3571655
2021-06-23 10:24:33,204.75,3571655
2021-06-23 10:24:34,204.75,3571655
2021-06-23 10:24:35,204.75,3571656
2021-06-23 10:24:36,204.7,3572657
2021-06-23 10:24:38,204.65,3572790
2021-06-23 10:24:39,204.65,3572947
2021-06-23 10:24:40,204.65,3572983
2021-06-23 10:24:42,204.75,3572984
2021-06-23 10:24:43,204.65,3572986
2021-06-23 10:24:44,204.65,3573037
2021-06-23 10:24:45,204.7,3574073
2021-06-23 10:24:46,204.7,3574078
2021-06-23 10:24:47,204.7,3574634
2021-06-23 10:24:47,204.7,3574634
2021-06-23 10:24:48,204.7,3574634
2021-06-23 10:24:49,204.7,3574705
2021-06-23 10:24:50,204.65,3575594
2021-06-23 10:24:51,204.65,3575699
2021-06-23 10:24:52,204.7,3575807
2021-06-23 10:24:53,204.7,3576223
2021-06-23 10:24:54,204.7,3576674
2021-06-23 10:24:55,204.65,3576775
2021-06-23 10:24:56,204.65,3576775
2021-06-23 10:24:57,204.65,3576775
2021-06-23 10:24:58,204.7,3576822
2021-06-23 10:24:59,204.7,3576827
2021-06-23 10:25:00,204.7,3576827
2021-06-23 10:25:01,204.7,3576988
2021-06-23 10:25:02,204.7,3577307
2021-06-23 10:25:03,204.75,3577325
2021-06-23 10:25:05,204.7,3577345
2021-06-23 10:25:06,204.7,3578850
2021-06-23 10:25:07,204.7,3578880
2021-06-23 10:25:08,204.7,3578880
2021-06-23 10:25:09,204.7,3578880
2021-06-23 10:25:10,204.7,3578880
2021-06-23 10:25:10,204.7,3578881
2021-06-23 10:25:11,204.75,3578885
2021-06-23 10:25:12,204.7,3579886
2021-06-23 10:25:13,204.7,3579934
2021-06-23 10:25:14,204.75,3580001
2021-06-23 10:25:15,204.7,3580004
2021-06-23 10:25:16,204.7,3580244
2021-06-23 10:25:18,204.7,3580443
2021-06-23 10:25:19,204.75,3581545
2021-06-23 10:25:20,204.75,3581567
2021-06-23 10:25:22,204.7,3581818
2021-06-23 10:25:23,204.75,3581972
2021-06-23 10:25:24,204.7,3582019
2021-06-23 10:25:26,204.7,3582101
2021-06-23 10:25:29,204.7,3582332
2021-06-23 10:25:32,204.7,3582601
2021-06-23 10:25:34,204.7,3582680
2021-06-23 10:25:36,204.7,3583385
2021-06-23 10:25:39,204.75,3583531
2021-06-23 10:25:41,204.75,3586278
2021-06-23 10:25:44,204.75,3586561
2021-06-23 10:25:46,204.8,3587000
2021-06-23 10:25:49,204.8,3587010
2021-06-23 10:25:51,204.8,3594853
2021-06-23 10:25:54,204.75,3595232
2021-06-23 10:38:10,204.85,3839901
2021-06-23 10:38:10,204.85,3839901
2021-06-23 10:38:12,204.8,3839954
2021-06-23 10:38:14,204.9,3840213
2021-06-23 10:38:17,204.9,3840247
2021-06-23 10:38:19,204.9,3840347
2021-06-23 10:38:21,204.85,3840407
2021-06-23 10:38:23,204.85,3840425
2021-06-23 10:38:25,204.85,3840477
2021-06-23 10:38:32,204.9,3855632
2021-06-23 10:38:34,204.9,3855917
2021-06-23 10:38:36,204.9,3855968
2021-06-23 10:38:38,204.8,3856210
2021-06-23 10:38:41,204.85,3856660
2021-06-23 10:38:43,204.85,3857708
2021-06-23 10:38:45,204.8,3857775
2021-06-23 10:38:47,204.8,3857952
2021-06-23 10:38:49,204.85,3858525
2021-06-23 10:38:50,204.8,3858578
2021-06-23 10:38:52,204.85,3858608
2021-06-23 10:38:54,204.85,3858786
2021-06-23 10:38:56,204.85,3858852
2021-06-23 10:38:58,204.8,3858930
2021-06-23 10:39:00,204.85,3859048
2021-06-23 10:39:02,204.9,3859287
2021-06-23 10:39:05,204.9,3859488
2021-06-23 10:39:07,204.9,3859489
2021-06-23 10:39:09,204.9,3859489
2021-06-23 10:39:16,204.9,3861122
2021-06-23 10:39:18,204.95,3861638
2021-06-23 10:39:20,204.95,3861746
2021-06-23 10:39:22,204.95,3862006
2021-06-23 10:39:24,204.95,3862035
2021-06-23 10:39:26,204.85,3862166
2021-06-23 10:39:29,204.85,3862300
2021-06-23 10:39:32,204.85,3862321
2021-06-23 10:39:34,204.9,3862481
2021-06-23 10:39:36,204.9,3862538
2021-06-23 10:39:39,204.9,3862761
2021-06-23 10:39:42,204.85,3862776
2021-06-23 10:39:44,204.9,3862989
2021-06-23 10:39:47,204.95,3863545
2021-06-23 10:39:50,204.9,3865075
2021-06-23 10:39:53,204.9,3865100
2021-06-23 10:39:55,204.9,3865636
2021-06-23 10:39:58,204.85,3866677
2021-06-23 10:40:00,204.85,3867012
2021-06-23 10:40:02,204.9,3867167
2021-06-23 10:40:04,204.9,3867175
2021-06-23 10:40:06,204.9,3867543
2021-06-23 10:40:09,204.9,3867987
2021-06-23 10:40:11,204.85,3868315
2021-06-23 10:40:14,204.9,3868401
2021-06-23 10:40:16,204.85,3873021
2021-06-23 10:40:16,204.85,3873021
2021-06-23 10:40:19,204.85,3873097
2021-06-23 10:40:21,204.85,3873318
2021-06-23 10:40:23,204.85,3873499
2021-06-23 10:40:25,204.85,3873617
2021-06-23 10:40:29,204.85,3874430
2021-06-23 10:40:31,204.85,3874890
2021-06-23 10:40:33,204.85,3874890
2021-06-23 10:40:35,204.85,3874917
2021-06-23 10:40:38,204.85,3874981
2021-06-23 10:40:41,204.9,3875902
2021-06-23 10:40:43,204.9,3876051
2021-06-23 10:40:45,204.9,3876059
2021-06-23 10:40:47,204.9,3876074
2021-06-23 10:40:49,204.85,3876090
2021-06-23 10:40:51,204.9,3876337
2021-06-23 10:40:53,204.9,3876497
2021-06-23 10:40:55,204.85,3876587
2021-06-23 10:40:57,204.85,3876622
2021-06-23 10:40:59,204.9,3876654
2021-06-23 10:41:01,204.85,3876872
2021-06-23 10:41:04,204.85,3877359
2021-06-23 10:41:07,204.85,3878760
2021-06-23 10:41:09,204.9,3878821
2021-06-23 10:41:11,204.9,3878850
2021-06-23 10:41:13,204.8,3881233
2021-06-23 10:41:15,204.85,3881528
2021-06-23 10:41:18,204.8,3881878
2021-06-23 10:41:40,204.9,3889520
2021-06-23 10:41:42,204.9,3890261
2021-06-23 10:41:44,204.85,3890905
2021-06-23 10:41:46,204.9,3891004
2021-06-23 10:41:48,204.85,3892072
2021-06-23 10:41:49,204.85,3892177
2021-06-23 10:41:51,204.9,3892296
2021-06-23 10:41:53,204.9,3893205
2021-06-23 10:41:55,204.85,3893384
2021-06-23 10:41:57,204.9,3893521
2021-06-23 10:41:58,204.9,3893749
2021-06-23 10:42:00,204.85,3893966
2021-06-23 10:42:03,204.85,3894003
2021-06-23 10:42:05,204.9,3894200
2021-06-23 10:42:07,204.85,3894426
2021-06-23 10:42:09,204.85,3894549
2021-06-23 10:42:11,204.85,3894605
2021-06-23 10:42:13,204.85,3894617
2021-06-23 10:42:16,204.9,3894670
2021-06-23 10:42:18,204.85,3894827
2021-06-23 10:42:19,204.9,3894884
2021-06-23 10:42:21,204.9,3895006
2021-06-23 10:42:23,204.9,3895424
2021-06-23 10:42:26,204.85,3895625
2021-06-23 10:42:28,204.85,3895696
2021-06-23 10:42:31,204.85,3895744
2021-06-23 10:42:33,204.8,3895869
2021-06-23 10:42:35,204.85,3896077
2021-06-23 10:42:38,204.85,3896341
2021-06-23 10:42:40,204.85,3897280
2021-06-23 10:42:49,204.75,3941387
2021-06-23 10:42:51,204.8,3944114
2021-06-23 10:42:53,204.75,3946543
2021-06-23 10:42:55,204.75,3946698
2021-06-23 10:42:57,204.7,3953308
2021-06-23 10:43:00,204.75,3953417
2021-06-23 10:43:02,204.75,3954569
2021-06-23 10:43:04,204.75,3954616
2021-06-23 10:43:07,204.75,3954761
2021-06-23 10:43:09,204.7,3955450
2021-06-23 10:43:11,204.7,3955579
2021-06-23 10:43:13,204.8,3956212
2021-06-23 10:43:15,204.8,3956214
2021-06-23 10:43:18,204.8,3956220
2021-06-23 10:43:20,204.7,3956236
2021-06-23 10:43:22,204.7,3959176
2021-06-23 10:43:24,204.8,3959225
2021-06-23 10:43:25,204.8,3959786
2021-06-23 10:43:27,204.7,3959792
2021-06-23 10:43:29,204.8,3960383
2021-06-23 10:43:31,204.8,3960436
2021-06-23 10:43:33,204.8,3961134
2021-06-23 10:43:35,204.8,3961138
2021-06-23 10:43:37,204.8,3961514
2021-06-23 10:43:39,204.8,3961517
2021-06-23 10:43:40,204.75,3961636
2021-06-23 10:43:42,204.75,3961651
2021-06-23 10:43:44,204.8,3961800
2021-06-23 10:43:47,204.75,3961962
2021-06-23 10:43:49,204.75,3962085
2021-06-23 10:43:59,204.75,3964185
2021-06-23 10:44:02,204.8,3964736
2021-06-23 10:44:04,204.75,3964767
2021-06-23 10:44:07,204.75,3964964
2021-06-23 10:44:09,204.75,3965475
2021-06-23 10:44:12,204.8,3965777
2021-06-23 10:44:14,204.8,3965777
2021-06-23 10:44:16,204.8,3965948
2021-06-23 10:44:19,204.75,3966018
2021-06-23 10:44:21,204.75,3966021
2021-06-23 10:44:23,204.75,3966138
2021-06-23 10:44:25,204.8,3966756
2021-06-23 10:44:27,204.75,3966797
2021-06-23 10:44:29,204.75,3967125
2021-06-23 10:44:31,204.8,3967155
2021-06-23 10:44:33,204.75,3967242
2021-06-23 10:44:36,204.75,3968416
2021-06-23 10:44:37,204.75,3968464
2021-06-23 10:44:40,204.8,3968672
2021-06-23 10:44:42,204.75,3969794
2021-06-23 10:44:44,204.75,3970065
2021-06-23 10:44:46,204.75,3970465
2021-06-23 10:44:48,204.8,3971036
2021-06-23 10:44:50,204.8,3971036
2021-06-23 10:44:52,204.8,3971138
2021-06-23 10:44:54,204.7,3971153
2021-06-23 10:44:56,204.8,3972810
2021-06-23 10:44:58,204.75,3972903
2021-06-23 10:44:59,204.8,3973023
2021-06-23 10:45:06,204.75,3973910
2021-06-23 10:45:08,204.8,3974831
2021-06-23 10:45:10,204.8,3975300
2021-06-23 10:45:15,204.75,3975886
2021-06-23 10:45:17,204.8,3976102
2021-06-23 10:45:19,204.8,3976336
2021-06-23 10:45:22,204.8,3976471
2021-06-23 10:45:24,204.8,3977748
2021-06-23 10:45:27,204.8,3977884
2021-06-23 10:45:29,204.75,3978697
2021-06-23 10:45:31,204.8,3984879
2021-06-23 10:45:34,204.8,3985883
2021-06-23 10:45:37,204.75,3986559
2021-06-23 10:45:39,204.75,3986763
2021-06-23 10:45:41,204.75,3987272
2021-06-23 10:45:43,204.75,3987610
2021-06-23 10:45:45,204.75,3987734
2021-06-23 10:45:47,204.8,3988090
2021-06-23 10:45:48,204.75,3988143
2021-06-23 10:45:51,204.7,3988222
2021-06-23 10:45:53,204.7,3988456
2021-06-23 10:45:55,204.75,3988721
2021-06-23 10:45:58,204.75,3988810
2021-06-23 10:46:00,204.75,3988816
2021-06-23 10:46:02,204.8,3989019
2021-06-23 10:46:04,204.8,3989027
2021-06-23 10:46:06,204.85,3989263
2021-06-23 10:46:08,204.75,3989898
2021-06-23 10:46:10,204.75,3990215
2021-06-23 10:46:12,204.8,3990219
2021-06-23 10:46:13,204.8,3990263
2021-06-23 10:46:15,204.85,3990325
2021-06-23 10:46:17,204.8,3990561
2021-06-23 10:46:20,204.85,3991159
2021-06-23 10:46:22,204.8,3991231
2021-06-23 10:46:24,204.8,3991273
2021-06-23 10:46:26,204.8,3992453
2021-06-23 10:46:28,204.85,3992614
2021-06-23 10:46:31,204.75,3993271
2021-06-23 10:46:33,204.8,3993315
2021-06-23 10:46:35,204.75,3993334
2021-06-23 10:46:37,204.75,3994640
2021-06-23 10:46:39,204.75,3994774
2021-06-23 10:46:43,204.8,3995026
2021-06-23 10:46:45,204.8,3995038
2021-06-23 10:46:47,204.8,3995286
2021-06-23 10:46:49,204.75,3995457
2021-06-23 10:46:52,204.7,3995546
2021-06-23 10:46:54,204.7,3995550
2021-06-23 10:46:56,204.7,3997052
2021-06-23 10:46:58,204.75,3997411
2021-06-23 10:47:00,204.75,3997473
2021-06-23 10:47:02,204.7,4008403
2021-06-23 10:47:05,204.75,4008444
2021-06-23 10:47:07,204.7,4008558
2021-06-23 10:47:09,204.75,4008849
2021-06-23 10:47:14,204.75,4010991
2021-06-23 10:47:17,204.75,4011306
2021-06-23 10:47:19,204.75,4011567
2021-06-23 10:47:21,204.75,4011707
2021-06-23 10:47:23,204.7,4011797
2021-06-23 10:47:24,204.75,4011922
2021-06-23 10:47:26,204.75,4012001
2021-06-23 10:47:28,204.8,4012074
2021-06-23 10:47:30,204.75,4012143
2021-06-23 10:47:32,204.8,4012584
2021-06-23 10:47:34,204.8,4013675
2021-06-23 10:47:36,204.75,4013974
2021-06-23 10:47:38,204.8,4014440
2021-06-23 10:47:40,204.8,4015741
2021-06-23 10:47:43,204.75,4015951
2021-06-23 10:47:45,204.8,4016544
2021-06-23 10:47:48,204.8,4016604
2021-06-23 10:47:50,204.8,4016905
2021-06-23 10:47:51,204.8,4018262
2021-06-23 10:47:53,204.75,4018793
2021-06-23 10:47:54,204.8,4018827
2021-06-23 10:47:57,204.8,4019053
2021-06-23 10:47:59,204.75,4019066
2021-06-23 10:48:01,204.7,4025982
2021-06-23 10:48:02,204.75,4026009
2021-06-23 10:48:04,204.75,4026616
2021-06-23 10:48:06,204.75,4026623
2021-06-23 10:48:08,204.7,4026737
2021-06-23 10:48:10,204.75,4026964
2021-06-23 10:48:13,204.7,4027294
2021-06-23 10:48:15,204.65,4028555
2021-06-23 10:48:17,204.75,4028622
2021-06-23 10:48:19,204.7,4028650
2021-06-23 10:48:21,204.7,4029211
2021-06-23 10:48:26,204.7,4029452
2021-06-23 10:48:27,204.7,4029515
2021-06-23 10:48:29,204.65,4029882
2021-06-23 10:48:31,204.7,4030033
2021-06-23 10:48:34,204.7,4030309
2021-06-23 10:48:37,204.75,4030351
2021-06-23 10:48:39,204.7,4031551
2021-06-23 10:48:43,204.75,4032158
2021-06-23 10:48:45,204.7,4032268
2021-06-23 10:48:48,204.75,4032428
2021-06-23 10:48:50,204.7,4032874
2021-06-23 10:48:52,204.65,4033212
2021-06-23 10:48:53,204.7,4033322
2021-06-23 10:48:56,204.65,4033822
2021-06-23 10:48:58,204.65,4033877
2021-06-23 10:48:59,204.65,4033905
2021-06-23 10:49:01,204.7,4033923
2021-06-23 10:49:03,204.7,4033971
2021-06-23 10:49:05,204.65,4033980
2021-06-23 10:49:07,204.75,4034457
2021-06-23 10:49:09,204.75,4034607
2021-06-23 10:49:12,204.75,4034828
2021-06-23 10:49:14,204.75,4034829
2021-06-23 10:49:16,204.7,4035174
2021-06-23 10:49:19,204.75,4035820
2021-06-23 10:49:20,204.75,4035872
2021-06-23 10:49:23,204.8,4045469
2021-06-23 10:49:25,204.8,4046480
2021-06-23 10:49:27,204.75,4047249
2021-06-23 10:49:29,204.8,4047373
2021-06-23 10:49:30,204.8,4047480
2021-06-23 10:49:32,204.75,4047994
2021-06-23 10:49:34,204.8,4049581
2021-06-23 10:49:36,204.75,4049877
2021-06-23 10:49:38,204.75,4050495
2021-06-23 10:49:40,204.8,4050540
2021-06-23 10:49:42,204.75,4050672
2021-06-23 10:49:44,204.8,4060291
2021-06-23 10:49:46,204.8,4060294
2021-06-23 10:49:48,204.75,4060496
2021-06-23 10:49:49,204.85,4060574
2021-06-23 10:49:51,204.75,4061097
2021-06-23 10:49:53,204.75,4061101
2021-06-23 10:49:55,204.75,4062574
2021-06-23 10:49:57,204.75,4062882
2021-06-23 10:49:59,204.7,4063039
2021-06-23 10:50:01,204.8,4063753
2021-06-23 10:50:03,204.75,4063846
2021-06-23 10:50:05,204.75,4065346
2021-06-23 10:50:07,204.85,4065424
2021-06-23 10:50:09,204.85,4065471
2021-06-23 10:50:11,204.85,4065471
2021-06-23 10:50:13,204.85,4065986
2021-06-23 10:50:16,204.75,4066586
2021-06-23 10:50:20,204.8,4066702
2021-06-23 10:50:22,204.75,4066872
2021-06-23 10:50:24,204.75,4067124
2021-06-23 10:50:25,204.8,4067504
2021-06-23 10:50:25,204.75,4067339
2021-06-23 10:50:26,204.75,4067624
2021-06-23 10:50:28,204.8,4067839
2021-06-23 10:50:29,204.8,4068040
2021-06-23 10:50:30,204.8,4068338
2021-06-23 10:50:30,204.8,4068351
2021-06-23 10:50:31,204.8,4068512
2021-06-23 10:50:32,204.75,4068517
2021-06-23 10:50:34,204.8,4068556
2021-06-23 10:50:35,204.75,4068607
2021-06-23 10:50:35,204.75,4068650
2021-06-23 10:50:36,204.75,4068692
2021-06-23 10:50:37,204.75,4068716
2021-06-23 10:50:39,204.75,4068767
2021-06-23 10:50:40,204.8,4068966
2021-06-23 10:50:40,204.8,4069021
2021-06-23 10:50:42,204.75,4069037
2021-06-23 10:50:43,204.75,4069046
2021-06-23 10:50:44,204.75,4069046
2021-06-23 10:50:46,204.8,4070451
2021-06-23 10:50:47,204.8,4070569
2021-06-23 10:50:48,204.8,4071719
2021-06-23 10:50:49,204.8,4071719
2021-06-23 10:50:50,204.8,4071820
2021-06-23 10:50:51,204.8,4071820
2021-06-23 10:50:52,204.8,4071824
2021-06-23 10:50:53,204.8,4071826
2021-06-23 10:50:54,204.8,4071838
2021-06-23 10:50:55,204.75,4072051
2021-06-23 10:50:56,204.8,4073047
2021-06-23 10:50:57,204.8,4073047
2021-06-23 10:50:58,204.75,4073135
2021-06-23 10:50:59,204.8,4073369
2021-06-23 10:51:01,204.8,4073644
2021-06-23 10:51:02,204.8,4074146
2021-06-23 10:51:03,204.8,4074183
2021-06-23 10:51:04,204.75,4074194
2021-06-23 10:51:05,204.8,4074236
2021-06-23 10:51:06,204.8,4074318
2021-06-23 10:51:07,204.8,4074325
2021-06-23 10:51:08,204.8,4074337
2021-06-23 10:51:09,204.8,4074355
2021-06-23 10:51:10,204.8,4074360
2021-06-23 10:51:12,204.8,4074369
2021-06-23 10:51:13,204.8,4074386
2021-06-23 10:51:14,204.8,4074387
2021-06-23 10:51:15,204.8,4074410
2021-06-23 10:51:16,204.85,4074611
2021-06-23 10:51:17,204.75,4074830
2021-06-23 10:51:18,204.75,4074830
2021-06-23 10:51:19,204.85,4074832
2021-06-23 10:51:20,204.85,4074840
2021-06-23 10:51:30,204.85,4076422
2021-06-23 10:51:31,204.85,4076479
2021-06-23 10:51:32,204.85,4076644
2021-06-23 10:51:33,204.8,4077145
2021-06-23 10:51:34,204.85,4077166
2021-06-23 10:51:35,204.8,4077198
2021-06-23 10:51:36,204.8,4077199
2021-06-23 10:51:37,204.8,4077199
2021-06-23 10:51:38,204.8,4077199
2021-06-23 10:51:39,204.85,4077472
2021-06-23 10:51:40,204.85,4077544
2021-06-23 10:51:41,204.85,4078144
2021-06-23 10:51:42,204.85,4078189
2021-06-23 10:51:43,204.8,4078214
2021-06-23 10:51:44,204.85,4078299
2021-06-23 10:51:45,204.85,4078322
2021-06-23 10:51:46,204.85,4078359
2021-06-23 10:51:47,204.8,4078365
2021-06-23 10:51:48,204.8,4078390
2021-06-23 10:51:50,204.8,4078438
2021-06-23 10:51:49,204.8,4078390
2021-06-23 10:51:51,204.8,4078452
2021-06-23 10:51:52,204.8,4078572
2021-06-23 10:51:53,204.85,4078591
2021-06-23 10:51:54,204.8,4078603
2021-06-23 10:51:55,204.8,4078620
2021-06-23 10:51:56,204.8,4079224
2021-06-23 10:51:57,204.8,4079232
2021-06-23 10:51:58,204.8,4079246
2021-06-23 10:51:59,204.8,4079355
2021-06-23 10:52:00,204.8,4080676
2021-06-23 10:52:01,204.8,4080678
2021-06-23 10:52:02,204.85,4081152
2021-06-23 10:52:03,204.85,4081157
2021-06-23 10:52:04,204.85,4081409
2021-06-23 10:52:05,204.9,4081979
2021-06-23 10:52:06,204.9,4081980
2021-06-23 10:52:07,204.9,4081982
2021-06-23 10:52:08,204.9,4081994
2021-06-23 10:52:09,204.9,4081994
2021-06-23 10:52:10,204.9,4082214
2021-06-23 10:52:11,204.9,4082223
2021-06-23 10:52:12,204.9,4082498
2021-06-23 10:52:13,204.9,4082553
2021-06-23 10:52:14,204.9,4082553
2021-06-23 10:52:16,204.85,4083218
2021-06-23 10:52:17,204.9,4083219
2021-06-23 10:52:18,204.9,4086814
2021-06-23 10:52:19,204.9,4086831
2021-06-23 10:52:20,204.9,4087726
2021-06-23 10:52:23,204.85,4090624
2021-06-23 10:52:24,204.85,4090625
2021-06-23 10:52:25,204.85,4090648
2021-06-23 10:52:26,204.85,4090648
2021-06-23 10:52:27,204.85,4091619
2021-06-23 10:52:28,204.85,4091619
2021-06-23 10:52:29,204.85,4092129
2021-06-23 10:52:30,204.85,4092129
2021-06-23 10:52:33,204.8,4092617
2021-06-23 10:52:34,204.85,4092694
2021-06-23 10:52:35,204.8,4092794
2021-06-23 10:52:36,204.9,4092949
2021-06-23 10:52:37,204.9,4093740
2021-06-23 10:52:38,204.9,4093740
2021-06-23 10:52:39,204.85,4093905
2021-06-23 10:52:40,204.9,4095974
2021-06-23 10:52:41,204.9,4096675
2021-06-23 10:52:42,204.9,4096676
2021-06-23 10:52:43,204.8,4096696
2021-06-23 10:52:44,204.85,4098890
2021-06-23 10:52:45,204.9,4098895
2021-06-23 10:52:46,204.8,4100929
2021-06-23 10:52:47,204.85,4100942
2021-06-23 10:52:48,204.85,4101094
2021-06-23 10:52:49,204.9,4103488
2021-06-23 10:52:50,204.95,4104719
2021-06-23 10:52:51,204.9,4107648
2021-06-23 10:52:52,204.95,4107659
2021-06-23 10:52:53,204.95,4107678
2021-06-23 10:52:54,204.95,4107683
2021-06-23 10:52:55,204.95,4107685
2021-06-23 10:52:56,204.95,4107687
2021-06-23 10:52:57,204.95,4107687
2021-06-23 10:52:58,204.9,4107822
2021-06-23 10:52:59,204.9,4107882
2021-06-23 10:53:00,204.9,4108361
2021-06-23 10:53:01,204.9,4108632
2021-06-23 10:53:02,204.95,4109248
2021-06-23 10:53:03,204.9,4109251
2021-06-23 10:53:04,204.95,4109265
2021-06-23 10:53:05,204.9,4109266
2021-06-23 10:53:06,204.95,4109336
2021-06-23 10:53:07,204.95,4109342
2021-06-23 10:53:08,204.9,4109446
2021-06-23 10:53:09,204.9,4112458
2021-06-23 10:53:11,204.9,4112555
2021-06-23 10:53:11,204.9,4112609
2021-06-23 10:53:12,204.9,4112743
2021-06-23 10:53:13,204.95,4113743
2021-06-23 10:53:14,204.9,4113758
2021-06-23 10:53:15,204.95,4114531
2021-06-23 10:53:16,204.9,4114572
2021-06-23 10:53:17,204.9,4118424
2021-06-23 10:53:18,204.9,4118424
2021-06-23 10:53:19,204.95,4118626
2021-06-23 10:53:20,204.9,4119779
2021-06-23 10:53:21,204.9,4119796
2021-06-23 10:53:22,204.95,4119821
2021-06-23 10:53:23,204.95,4120588
2021-06-23 10:53:24,204.95,4120592
2021-06-23 10:53:25,204.95,4120794
2021-06-23 10:53:26,204.95,4121332
2021-06-23 10:53:27,204.9,4121339
2021-06-23 10:53:28,204.9,4122224
2021-06-23 10:53:29,204.95,4122278
2021-06-23 10:53:30,204.9,4122318
2021-06-23 10:53:31,204.95,4122654
2021-06-23 10:53:32,204.9,4122657
2021-06-23 10:53:33,204.95,4122800
2021-06-23 10:53:42,204.9,4126463
2021-06-23 10:53:43,204.95,4126563
2021-06-23 10:53:44,204.95,4126722
2021-06-23 10:53:45,204.9,4126791
2021-06-23 10:53:46,204.9,4126799
2021-06-23 10:53:47,204.9,4126822
2021-06-23 10:53:48,204.9,4126837
2021-06-23 10:53:49,204.9,4127073
2021-06-23 10:53:51,204.8,4136878
2021-06-23 10:53:52,204.85,4137820
2021-06-23 10:53:53,204.85,4140505
2021-06-23 10:53:54,204.85,4140536
2021-06-23 10:53:55,204.85,4140551
2021-06-23 10:53:56,204.85,4140605
2021-06-23 10:53:57,204.9,4140928
2021-06-23 10:53:58,204.85,4140931
2021-06-23 10:53:59,204.85,4141009
2021-06-23 10:54:01,204.9,4141020
2021-06-23 10:54:01,204.9,4141020
2021-06-23 10:54:03,204.9,4141077
2021-06-23 10:54:04,204.9,4141616
2021-06-23 10:54:06,204.85,4141647
2021-06-23 10:54:07,204.9,4141692
2021-06-23 10:54:08,204.9,4141927
2021-06-23 10:54:09,204.9,4141957
2021-06-23 10:54:10,204.85,4142023
2021-06-23 10:54:12,204.85,4142065
2021-06-23 10:54:13,204.85,4142070
2021-06-23 10:54:14,204.9,4142071
2021-06-23 10:54:15,204.85,4142180
2021-06-23 10:54:16,204.9,4142201
2021-06-23 10:54:18,204.85,4142361
2021-06-23 10:54:18,204.85,4142361
2021-06-23 10:54:19,204.85,4142409
2021-06-23 10:54:20,204.9,4142430
2021-06-23 10:54:21,204.85,4142461
2021-06-23 10:54:23,204.9,4144358
2021-06-23 10:54:24,204.85,4145395
2021-06-23 10:54:25,204.85,4145396
2021-06-23 10:54:26,204.85,4145407
2021-06-23 10:54:27,204.85,4145410
2021-06-23 10:54:28,204.85,4145426
2021-06-23 10:54:29,204.85,4145426
2021-06-23 10:54:30,204.95,4148201
2021-06-23 10:54:31,204.95,4148201
2021-06-23 10:54:32,204.95,4148202
2021-06-23 10:54:33,204.8,4149192
2021-06-23 10:54:34,204.8,4149368
2021-06-23 10:54:35,204.85,4149410
2021-06-23 10:54:36,204.8,4150689
2021-06-23 10:54:38,204.8,4150789
2021-06-23 10:54:38,204.8,4150789
2021-06-23 10:54:39,204.85,4158646
2021-06-23 10:54:40,204.85,4158698
2021-06-23 10:54:41,204.75,4158700
2021-06-23 10:54:42,204.8,4158747
2021-06-23 10:54:53,204.75,4161697
2021-06-23 10:54:55,204.75,4161968
2021-06-23 10:54:56,204.75,4162319
2021-06-23 10:54:57,204.75,4162643
2021-06-23 10:54:58,204.8,4162741
2021-06-23 10:54:59,204.8,4162894
2021-06-23 10:55:00,204.8,4163024
2021-06-23 10:55:01,204.8,4163070
2021-06-23 10:55:02,204.75,4163181
2021-06-23 10:55:03,204.85,4163183
2021-06-23 10:55:05,204.85,4163185
2021-06-23 10:55:05,204.85,4163186
2021-06-23 10:55:06,204.85,4163206
2021-06-23 10:55:07,204.85,4163333
2021-06-23 10:55:08,204.85,4163355
2021-06-23 10:55:09,204.85,4163447
2021-06-23 10:55:10,204.85,4163485
2021-06-23 10:55:11,204.85,4163722
2021-06-23 10:55:13,204.85,4163884
2021-06-23 10:55:14,204.8,4163909
2021-06-23 10:55:14,204.85,4163911
2021-06-23 10:55:15,204.85,4163938
2021-06-23 10:55:16,204.85,4163943
2021-06-23 10:55:17,204.85,4167123
2021-06-23 10:55:18,204.85,4167197
2021-06-23 10:55:19,204.8,4167251
2021-06-23 10:55:20,204.85,4167275
2021-06-23 10:55:22,204.8,4167321
2021-06-23 10:55:23,204.85,4167325
2021-06-23 10:55:23,204.85,4167352
2021-06-23 10:55:24,204.85,4167356
2021-06-23 10:55:25,204.85,4167413
2021-06-23 10:55:27,204.85,4167681
2021-06-23 10:55:27,204.85,4167682
2021-06-23 10:55:29,204.85,4167757
2021-06-23 10:55:31,204.85,4167769
2021-06-23 10:55:32,204.85,4167808
2021-06-23 10:55:33,204.85,4167815
2021-06-23 10:55:34,204.85,4168094
2021-06-23 10:55:34,204.85,4168094
2021-06-23 10:55:36,204.8,4168509
2021-06-23 10:55:37,204.8,4168711
2021-06-23 10:55:37,204.8,4168711
2021-06-23 10:55:38,204.85,4168811
2021-06-23 10:55:39,204.85,4168823
2021-06-23 10:55:41,204.9,4168932
2021-06-23 10:55:42,204.85,4168933
2021-06-23 10:55:43,204.85,4168933
2021-06-23 10:55:44,204.85,4168938
2021-06-23 10:55:45,204.85,4168978
2021-06-23 10:55:46,204.85,4168978
2021-06-23 10:55:47,204.85,4169003
2021-06-23 10:55:48,204.85,4169008
2021-06-23 10:55:49,204.85,4169008
2021-06-23 10:55:50,204.8,4169023
2021-06-23 10:55:51,204.8,4169023
2021-06-23 10:55:52,204.85,4169138
2021-06-23 10:55:53,204.8,4169139
2021-06-23 10:56:04,204.85,4174871
2021-06-23 10:56:05,204.8,4175033
2021-06-23 10:56:06,204.8,4175047
2021-06-23 10:56:07,204.8,4175047
2021-06-23 10:56:08,204.8,4175047
2021-06-23 10:56:09,204.85,4175094
2021-06-23 10:56:10,204.8,4175119
2021-06-23 10:56:12,204.8,4175707
2021-06-23 10:56:13,204.8,4175708
2021-06-23 10:56:14,204.8,4175827
2021-06-23 10:56:14,204.75,4176125
2021-06-23 10:56:15,204.8,4176273
2021-06-23 10:56:16,204.9,4178274
2021-06-23 10:56:17,204.85,4178275
2021-06-23 10:56:18,204.85,4178291
2021-06-23 10:56:19,204.85,4178377
2021-06-23 10:56:21,204.9,4178388
2021-06-23 10:56:22,204.85,4178389
2021-06-23 10:56:23,204.9,4179494
2021-06-23 10:56:24,204.9,4180495
2021-06-23 10:56:24,204.9,4180496
2021-06-23 10:56:25,204.9,4180496
2021-06-23 10:56:26,204.9,4180496
2021-06-23 10:56:27,204.85,4180624
2021-06-23 10:56:28,204.8,4180638
2021-06-23 10:56:29,204.9,4181258
2021-06-23 10:56:30,204.85,4181264
2021-06-23 10:56:31,204.8,4181649
2021-06-23 10:56:33,204.85,4181655
2021-06-23 10:56:34,204.8,4181665
2021-06-23 10:56:35,204.8,4182078
2021-06-23 10:56:36,204.9,4182313
2021-06-23 10:56:38,204.85,4182428
2021-06-23 10:56:38,204.8,4182432
2021-06-23 10:56:39,204.8,4182557
2021-06-23 10:56:40,204.8,4182557
2021-06-23 10:56:41,204.8,4182562
2021-06-23 10:56:43,204.85,4182583
2021-06-23 10:56:44,204.85,4182608
2021-06-23 10:56:45,204.85,4182921
2021-06-23 10:56:46,204.85,4182984
2021-06-23 10:56:47,204.85,4183061
2021-06-23 10:56:47,204.85,4183061
2021-06-23 10:56:48,204.85,4183187
2021-06-23 10:56:49,204.8,4183232
2021-06-23 10:56:50,204.9,4183442
2021-06-23 10:56:51,204.9,4183442
2021-06-23 10:56:52,204.9,4183462
2021-06-23 10:56:53,204.8,4183472
2021-06-23 10:56:55,204.8,4183483
2021-06-23 10:56:55,204.8,4184320
2021-06-23 10:56:56,204.9,4184344
2021-06-23 10:56:57,204.9,4184344
2021-06-23 10:56:58,204.8,4184564
2021-06-23 10:56:59,204.8,4185364
2021-06-23 10:57:01,204.75,4185407
2021-06-23 10:57:02,204.75,4185409
2021-06-23 10:57:03,204.75,4185493
2021-06-23 10:57:04,204.8,4186099
2021-06-23 10:57:20,204.85,4188070
2021-06-23 10:57:21,204.8,4188230
2021-06-23 10:57:22,204.8,4188267
2021-06-23 10:57:23,204.8,4188272
2021-06-23 10:57:24,204.8,4188389
2021-06-23 10:57:25,204.8,4188452
2021-06-23 10:57:25,204.8,4188452
2021-06-23 10:57:26,204.85,4188467
2021-06-23 10:57:27,204.8,4188996
2021-06-23 10:57:28,204.8,4189271
2021-06-23 10:57:30,204.85,4189348
2021-06-23 10:57:29,204.85,4189348
2021-06-23 10:57:31,204.8,4189371
2021-06-23 10:57:32,204.8,4189389
2021-06-23 10:57:34,204.75,4190150
2021-06-23 10:57:36,204.75,4190150
2021-06-23 10:57:37,204.9,4191948
2021-06-23 10:57:38,204.8,4192428
2021-06-23 10:57:39,204.9,4192528
2021-06-23 10:57:40,204.8,4192571
2021-06-23 10:57:41,204.8,4192571
2021-06-23 10:57:42,204.8,4192571
2021-06-23 10:57:43,204.8,4192571
2021-06-23 10:57:43,204.8,4192571
2021-06-23 10:57:44,204.9,4194171
2021-06-23 10:57:45,204.8,4195033
2021-06-23 10:57:46,204.8,4195034
2021-06-23 10:57:47,204.8,4195395
2021-06-23 10:57:48,204.8,4195705
2021-06-23 10:57:49,204.8,4195790
2021-06-23 10:57:50,204.85,4196031
2021-06-23 10:57:51,204.85,4196042
2021-06-23 10:57:52,204.8,4196069
2021-06-23 10:57:53,204.75,4196079
2021-06-23 10:57:54,204.9,4196922
2021-06-23 10:57:55,204.9,4196922
2021-06-23 10:57:56,204.85,4196934
2021-06-23 10:57:57,204.75,4206934
2021-06-23 10:57:59,204.8,4207045
2021-06-23 10:58:00,204.8,4207120
2021-06-23 10:58:01,204.75,4207133
2021-06-23 10:58:02,204.8,4207136
2021-06-23 10:58:03,204.8,4207136
2021-06-23 10:58:04,204.8,4207919
2021-06-23 10:58:05,204.75,4208609
2021-06-23 10:58:06,204.8,4208610
2021-06-23 10:58:07,204.8,4208653
2021-06-23 10:58:08,204.75,4208867
2021-06-23 10:58:09,204.7,4208886
2021-06-23 10:58:09,204.75,4208986
2021-06-23 10:58:10,204.7,4209001
2021-06-23 10:58:11,204.75,4209033
2021-06-23 10:58:12,204.75,4209033
2021-06-23 10:58:13,204.75,4209038
2021-06-23 10:58:14,204.7,4209179
2021-06-23 10:58:15,204.75,4210367
2021-06-23 10:58:16,204.75,4210367
2021-06-23 10:58:17,204.7,4210841
2021-06-23 10:58:18,204.75,4210866
2021-06-23 10:58:19,204.8,4211876
2021-06-23 10:58:52,204.75,4215453
2021-06-23 10:58:53,204.75,4215465
2021-06-23 10:58:54,204.75,4215779
2021-06-23 10:58:55,204.7,4215802
2021-06-23 10:58:56,204.75,4215811
2021-06-23 10:58:56,204.75,4215946
2021-06-23 10:58:58,204.7,4216062
2021-06-23 10:58:59,204.75,4216063
2021-06-23 10:59:00,204.7,4216083
2021-06-23 10:59:01,204.7,4217294
2021-06-23 10:59:02,204.7,4217372
2021-06-23 10:59:02,204.7,4217372
2021-06-23 10:59:03,204.7,4217372
2021-06-23 10:59:04,204.75,4218352
2021-06-23 10:59:05,204.75,4218427
2021-06-23 10:59:06,204.75,4218469
2021-06-23 10:59:07,204.7,4218588
2021-06-23 10:59:08,204.7,4218613
2021-06-23 10:59:09,204.75,4218670
2021-06-23 10:59:11,204.7,4218723
2021-06-23 10:59:12,204.8,4220590
2021-06-23 10:59:13,204.8,4220601
2021-06-23 10:59:14,204.8,4220625
2021-06-23 10:59:15,204.8,4220625
2021-06-23 10:59:16,204.8,4220680
2021-06-23 10:59:16,204.7,4220703
2021-06-23 10:59:17,204.8,4220706
2021-06-23 10:59:18,204.8,4220758
2021-06-23 10:59:19,204.8,4220768
2021-06-23 10:59:20,204.8,4221314
2021-06-23 10:59:21,204.8,4221325
2021-06-23 10:59:23,204.75,4221326
2021-06-23 10:59:24,204.75,4221329
2021-06-23 10:59:25,204.75,4226466
2021-06-23 10:59:26,204.75,4226467
2021-06-23 10:59:27,204.75,4226494
2021-06-23 10:59:28,204.7,4227149
2021-06-23 10:59:29,204.75,4227186
2021-06-23 10:59:30,204.75,4227189
2021-06-23 10:59:31,204.75,4227614
2021-06-23 10:59:32,204.7,4227782
2021-06-23 10:59:33,204.75,4228148
2021-06-23 10:59:34,204.75,4228149
2021-06-23 10:59:35,204.75,4231408
2021-06-23 10:59:36,204.75,4231609
2021-06-23 10:59:38,204.75,4231627
2021-06-23 10:59:39,204.75,4231688
2021-06-23 10:59:39,204.7,4231690
2021-06-23 10:59:40,204.75,4231722
2021-06-23 10:59:42,204.75,4231809
2021-06-23 10:59:43,204.75,4231887
2021-06-23 10:59:44,204.75,4231954
2021-06-23 10:59:45,204.75,4231955
2021-06-23 10:59:46,204.75,4232609
2021-06-23 10:59:47,204.75,4232675
2021-06-23 10:59:48,204.7,4233566
2021-06-23 10:59:49,204.75,4233653
2021-06-23 10:59:50,204.75,4233675
2021-06-23 10:59:50,204.75,4233674
2021-06-23 10:59:51,204.7,4256399
2021-06-23 10:59:52,204.7,4256449
2021-06-23 10:59:57,204.7,4261612
2021-06-23 10:59:57,204.7,4261612
2021-06-23 10:59:58,204.65,4261638
2021-06-23 10:59:59,204.6,4262022
2021-06-23 11:00:00,204.65,4262032
2021-06-23 11:00:01,204.7,4262560
2021-06-23 11:00:02,204.65,4262872
2021-06-23 11:00:03,204.65,4262892
2021-06-23 11:00:03,204.65,4262892
2021-06-23 11:00:07,204.6,4263877
2021-06-23 11:00:08,204.7,4267872
2021-06-23 11:00:09,204.65,4269082
2021-06-23 11:00:09,204.65,4269082
2021-06-23 11:00:10,204.65,4269082
2021-06-23 11:00:11,204.6,4269298
2021-06-23 11:00:13,204.6,4272750
2021-06-23 11:00:15,204.65,4273067
2021-06-23 11:00:16,204.65,4273067
2021-06-23 11:00:17,204.65,4273272
2021-06-23 11:00:18,204.65,4273665
2021-06-23 11:00:18,204.6,4274464
2021-06-23 11:00:20,204.65,4274796
2021-06-23 11:00:22,204.6,4276340
2021-06-23 11:00:23,204.65,4276392
2021-06-23 11:00:25,204.6,4277679
2021-06-23 11:00:28,204.6,4280416
2021-06-23 11:00:31,204.65,4281259
2021-06-23 11:00:33,204.65,4282507
2021-06-23 11:00:36,204.6,4285740
2021-06-23 11:00:38,204.6,4292767
2021-06-23 11:00:41,204.6,4298566
2021-06-23 11:00:44,204.6,4298746
2021-06-23 11:00:45,204.6,4298916
2021-06-23 11:00:48,204.6,4299996
2021-06-23 11:00:49,204.6,4301885
2021-06-23 11:00:51,204.6,4303549
2021-06-23 11:00:53,204.6,4305161
2021-06-23 11:00:56,204.65,4306412
2021-06-23 11:01:03,204.6,4307697
2021-06-23 11:01:05,204.65,4307708
2021-06-23 11:01:06,204.6,4308055
2021-06-23 11:01:08,204.65,4308686
2021-06-23 11:01:10,204.65,4308792
2021-06-23 11:01:14,204.65,4309583
2021-06-23 11:01:16,204.6,4309616
2021-06-23 11:01:17,204.65,4309709
2021-06-23 11:01:20,204.6,4309835
2021-06-23 11:01:21,204.65,4310356
2021-06-23 11:01:23,204.6,4311123
2021-06-23 11:01:25,204.6,4311207
2021-06-23 11:01:27,204.55,4312259
2021-06-23 11:01:29,204.6,4312490
2021-06-23 11:01:32,204.55,4312644
2021-06-23 11:01:34,204.6,4313014
2021-06-23 11:01:36,204.6,4313095
2021-06-23 11:01:39,204.55,4313119
2021-06-23 11:01:41,204.6,4313173
2021-06-23 11:01:42,204.6,4313176
2021-06-23 11:01:44,204.6,4313653
2021-06-23 11:01:47,204.6,4313768
2021-06-23 11:01:50,204.6,4314234
2021-06-23 11:01:53,204.6,4314266
2021-06-23 11:01:55,204.55,4314427
2021-06-23 11:01:57,204.55,4314856
2021-06-23 11:01:59,204.55,4314902
2021-06-23 11:02:01,204.6,4317779
2021-06-23 11:02:07,204.6,4318521
2021-06-23 11:02:09,204.55,4319367
2021-06-23 11:02:11,204.55,4319417
2021-06-23 11:02:13,204.6,4320083
2021-06-23 11:02:16,204.6,4320168
2021-06-23 11:02:18,204.6,4320470
2021-06-23 11:02:20,204.55,4323799
2021-06-23 11:02:22,204.6,4323839
2021-06-23 11:02:24,204.6,4324122
2021-06-23 11:02:26,204.55,4324523
2021-06-23 11:02:28,204.55,4330971
2021-06-23 11:02:29,204.6,4332531
2021-06-23 11:02:31,204.55,4333283
2021-06-23 11:02:33,204.6,4333333
2021-06-23 11:02:34,204.55,4333460
2021-06-23 11:02:36,204.55,4333779
2021-06-23 11:02:38,204.55,4335160
2021-06-23 11:02:41,204.55,4336993
2021-06-23 11:02:42,204.6,4337191
2021-06-23 11:02:44,204.55,4341755
2021-06-23 11:02:47,204.5,4343303
2021-06-23 11:02:49,204.5,4343689
2021-06-23 11:02:51,204.55,4344543
2021-06-23 11:02:52,204.55,4345216
2021-06-23 11:02:54,204.55,4345336
2021-06-23 11:02:57,204.5,4345648
2021-06-23 11:02:59,204.55,4346682
2021-06-23 11:03:01,204.6,4346943
2021-06-23 11:03:03,204.6,4360575
2021-06-23 11:03:05,204.55,4360625
2021-06-23 11:03:20,204.6,4365682
2021-06-23 11:03:21,204.6,4366143
2021-06-23 11:03:24,204.6,4366971
2021-06-23 11:03:26,204.6,4367868
2021-06-23 11:03:28,204.55,4367938
2021-06-23 11:03:30,204.6,4367988
2021-06-23 11:03:33,204.6,4368495
2021-06-23 11:03:35,204.6,4368665
2021-06-23 11:03:38,204.6,4368916
2021-06-23 11:03:40,204.6,4369079
2021-06-23 11:03:42,204.6,4369247
2021-06-23 11:03:44,204.6,4369523
2021-06-23 11:03:46,204.6,4369658
2021-06-23 11:03:48,204.55,4371545
2021-06-23 11:03:50,204.6,4372072
2021-06-23 11:03:53,204.55,4372693
2021-06-23 11:03:54,204.55,4372749
