timestamp,ltp,volume
2021-06-23 09:16:26,1755.2,131832
2021-06-23 09:16:30,1754.45,132051
2021-06-23 09:16:31,1754.45,132051
2021-06-23 09:16:32,1755.2,132113
2021-06-23 09:16:33,1755.2,132129
2021-06-23 09:16:33,1755.25,132620
2021-06-23 09:16:34,1755.2,132653
2021-06-23 09:16:36,1755.0,133812
2021-06-23 09:16:38,1755.2,134007
2021-06-23 09:16:40,1755.2,134502
2021-06-23 09:16:42,1755.0,134695
2021-06-23 09:16:43,1755.6,135316
2021-06-23 09:16:44,1756.15,135565
2021-06-23 09:16:45,1755.85,136065
2021-06-23 09:16:46,1756.15,136203
2021-06-23 09:16:47,1756.15,136404
2021-06-23 09:16:48,1756.15,136404
2021-06-23 09:16:49,1756.6,136544
2021-06-23 09:16:50,1756.6,136544
2021-06-23 09:16:51,1755.45,136554
2021-06-23 09:16:52,1756.15,136602
2021-06-23 09:16:53,1756.3,137234
2021-06-23 09:16:55,1755.1,137445
2021-06-23 09:16:56,1756.05,137515
2021-06-23 09:16:57,1754.85,138712
2021-06-23 09:16:59,1754.8,138907
2021-06-23 09:16:58,1755.8,138767
2021-06-23 09:17:00,1755.55,139175
2021-06-23 09:17:01,1755.55,140052
2021-06-23 09:17:02,1755.15,140054
2021-06-23 09:17:03,1755.05,140099
2021-06-23 09:17:04,1755.05,140293
2021-06-23 09:17:06,1754.9,140420
2021-06-23 09:17:05,1754.9,140419
2021-06-23 09:17:07,1754.25,140785
2021-06-23 09:17:08,1754.05,142588
2021-06-23 09:17:10,1754.8,142825
2021-06-23 09:17:11,1754.7,142929
2021-06-23 09:17:12,1754.5,143087
2021-06-23 09:17:13,1754.25,143092
2021-06-23 09:17:14,1754.45,143218
2021-06-23 09:17:15,1753.55,143378
2021-06-23 09:17:16,1753.6,143379
2021-06-23 09:17:17,1754.05,143700
2021-06-23 09:17:18,1754.0,143772
2021-06-23 09:17:20,1753.9,144193
2021-06-23 09:17:21,1753.0,145921
2021-06-23 09:17:22,1753.1,146521
2021-06-23 09:17:24,1752.65,147851
2021-06-23 09:17:25,1752.65,147851
2021-06-23 09:17:26,1751.65,148142
2021-06-23 09:17:27,1751.7,148159
2021-06-23 09:17:28,1751.7,148938
2021-06-23 09:17:29,1751.7,149237
2021-06-23 09:17:30,1751.7,149351
2021-06-23 09:17:31,1751.05,149466
2021-06-23 09:17:32,1751.8,149520
2021-06-23 09:17:33,1751.0,149597
2021-06-23 09:17:35,1751.9,150819
2021-06-23 09:17:36,1751.25,151477
2021-06-23 09:17:38,1750.25,152224
2021-06-23 09:17:39,1751.9,152498
2021-06-23 09:17:40,1751.9,152886
2021-06-23 09:17:41,1751.35,153088
2021-06-23 09:17:42,1751.45,153164
2021-06-23 09:17:43,1751.25,153500
2021-06-23 09:17:44,1751.9,153675
2021-06-23 09:17:45,1751.9,153818
2021-06-23 09:17:46,1751.9,153885
2021-06-23 09:17:47,1751.9,154142
2021-06-23 09:17:48,1751.9,154178
2021-06-23 09:17:49,1751.9,154178
2021-06-23 09:17:50,1752.1,154216
2021-06-23 09:17:51,1753.0,154575
2021-06-23 09:17:52,1751.5,155676
2021-06-23 09:17:53,1751.5,155903
2021-06-23 09:17:54,1752.05,155943
2021-06-23 09:17:55,1752.7,156104
2021-06-23 09:17:56,1752.6,156517
2021-06-23 09:17:57,1752.05,156542
2021-06-23 09:17:58,1752.9,156606
2021-06-23 09:17:59,1752.9,156860
2021-06-23 09:18:00,1751.5,158435
2021-06-23 09:18:01,1752.35,159106
2021-06-23 09:18:02,1752.0,159332
2021-06-23 09:18:03,1752.25,159401
2021-06-23 09:18:04,1752.25,159401
2021-06-23 09:18:05,1752.25,159712
2021-06-23 09:18:06,1752.0,159987
2021-06-23 09:18:07,1752.05,160250
2021-06-23 09:18:08,1752.0,160320
2021-06-23 09:18:09,1752.05,160735
2021-06-23 09:18:10,1751.4,160767
2021-06-23 09:18:11,1751.35,160822
2021-06-23 09:18:12,1751.15,161006
2021-06-23 09:18:13,1751.25,161027
2021-06-23 09:18:14,1751.2,161227
2021-06-23 09:18:15,1752.0,161257
2021-06-23 09:18:16,1751.9,161416
2021-06-23 09:18:17,1751.85,161569
2021-06-23 09:18:18,1751.95,161616
2021-06-23 09:18:19,1751.45,161699
2021-06-23 09:18:20,1751.95,161809
2021-06-23 09:18:21,1751.95,161809
2021-06-23 09:18:22,1751.95,161977
2021-06-23 09:18:23,1751.85,162215
2021-06-23 09:18:24,1751.4,162444
2021-06-23 09:18:25,1751.95,162656
2021-06-23 09:18:26,1751.95,164211
2021-06-23 09:18:28,1752.0,164428
2021-06-23 09:18:30,1752.0,164467
2021-06-23 09:18:31,1751.4,164628
2021-06-23 09:18:32,1751.95,164631
2021-06-23 09:18:33,1751.4,164669
2021-06-23 09:18:34,1751.95,164708
2021-06-23 09:18:35,1751.4,164729
2021-06-23 09:18:36,1751.3,165003
2021-06-23 09:18:37,1751.95,165006
2021-06-23 09:18:38,1751.75,165109
2021-06-23 09:18:39,1752.2,165337
2021-06-23 09:18:40,1751.95,165634
2021-06-23 09:18:41,1752.1,165871
2021-06-23 09:18:43,1752.0,166300
2021-06-23 09:18:44,1751.35,166336
2021-06-23 09:18:45,1751.95,166422
2021-06-23 09:18:46,1752.0,168513
2021-06-23 09:18:47,1752.05,168768
2021-06-23 09:18:48,1752.0,168778
2021-06-23 09:18:50,1751.65,169154
2021-06-23 09:18:50,1751.95,168836
2021-06-23 09:18:51,1751.1,169761
2021-06-23 09:18:52,1751.1,170239
2021-06-23 09:18:53,1752.0,170417
2021-06-23 09:18:54,1751.75,170551
2021-06-23 09:18:56,1751.2,170671
2021-06-23 09:18:56,1751.2,170671
2021-06-23 09:18:57,1751.65,170714
2021-06-23 09:18:58,1751.7,170920
2021-06-23 09:18:59,1751.15,171083
2021-06-23 09:19:00,1751.15,171106
2021-06-23 09:19:01,1750.3,175472
2021-06-23 09:19:02,1750.2,176118
2021-06-23 09:19:03,1750.2,176816
2021-06-23 09:19:04,1750.65,177234
2021-06-23 09:19:06,1750.75,178281
2021-06-23 09:19:07,1750.7,178673
2021-06-23 09:19:09,1750.7,179136
2021-06-23 09:19:10,1750.85,179907
2021-06-23 09:19:11,1750.9,180479
2021-06-23 09:19:12,1750.9,180502
2021-06-23 09:19:13,1750.9,180629
2021-06-23 09:19:14,1750.9,180681
2021-06-23 09:19:15,1750.9,180792
2021-06-23 09:19:16,1750.75,180939
2021-06-23 09:19:17,1751.7,181126
2021-06-23 09:19:18,1750.8,181219
2021-06-23 09:19:19,1750.9,181566
2021-06-23 09:19:20,1750.95,181635
2021-06-23 09:19:21,1751.7,181735
2021-06-23 09:19:22,1752.0,182235
2021-06-23 09:19:24,1751.85,182523
2021-06-23 09:19:25,1751.5,182597
2021-06-23 09:19:25,1751.8,182561
2021-06-23 09:19:26,1751.65,182683
2021-06-23 09:19:27,1751.65,182697
2021-06-23 09:19:28,1752.0,182886
2021-06-23 09:19:29,1751.7,182927
2021-06-23 09:19:30,1751.7,182927
2021-06-23 09:19:31,1751.7,182952
2021-06-23 09:19:32,1751.5,182954
2021-06-23 09:19:34,1751.7,183105
2021-06-23 09:19:34,1751.5,183146
2021-06-23 09:19:38,1751.35,193870
2021-06-23 09:19:39,1750.8,194011
2021-06-23 09:19:40,1751.7,194240
2021-06-23 09:19:41,1751.95,194386
2021-06-23 09:19:43,1751.1,194441
2021-06-23 09:19:43,1751.1,194442
2021-06-23 09:19:44,1751.95,194464
2021-06-23 09:19:45,1751.0,199464
2021-06-23 09:19:46,1751.4,199474
2021-06-23 09:19:47,1752.0,199566
2021-06-23 09:19:48,1751.95,200082
2021-06-23 09:19:49,1751.9,200319
2021-06-23 09:19:50,1752.0,200324
2021-06-23 09:19:51,1751.35,200540
2021-06-23 09:19:52,1751.35,200609
2021-06-23 09:19:53,1751.0,206281
2021-06-23 09:19:54,1750.7,207094
2021-06-23 09:19:55,1750.65,207303
2021-06-23 09:19:56,1751.0,207681
2021-06-23 09:19:58,1751.0,210200
2021-06-23 09:20:00,1751.0,210528
2021-06-23 09:20:01,1751.0,215909
2021-06-23 09:20:02,1750.8,216801
2021-06-23 09:20:02,1750.8,216801
2021-06-23 09:20:03,1751.0,217101
2021-06-23 09:20:04,1751.0,220026
2021-06-23 09:20:05,1751.0,227745
2021-06-23 09:20:06,1751.35,228526
2021-06-23 09:20:07,1751.35,228528
2021-06-23 09:20:08,1751.4,228649
2021-06-23 09:20:09,1751.4,228668
2021-06-23 09:20:11,1751.0,230781
2021-06-23 09:20:12,1750.95,232427
2021-06-23 09:20:12,1750.95,230932
2021-06-23 09:20:13,1751.0,232810
2021-06-23 09:20:14,1751.0,233005
2021-06-23 09:20:15,1751.0,233060
2021-06-23 09:20:16,1750.9,233255
2021-06-23 09:20:17,1750.95,233285
2021-06-23 09:20:18,1751.0,233325
2021-06-23 09:20:19,1751.0,234658
2021-06-23 09:20:20,1751.0,234939
2021-06-23 09:20:21,1751.0,235006
2021-06-23 09:20:22,1751.0,235917
2021-06-23 09:20:23,1750.95,235967
2021-06-23 09:20:24,1751.0,236211
2021-06-23 09:20:25,1751.0,236545
2021-06-23 09:20:26,1751.0,236870
2021-06-23 09:20:27,1751.0,238505
2021-06-23 09:20:28,1751.0,238605
2021-06-23 09:20:29,1750.8,238902
2021-06-23 09:20:30,1750.95,239267
2021-06-23 09:20:31,1750.95,239393
2021-06-23 09:20:32,1750.45,239510
2021-06-23 09:20:34,1750.1,239747
2021-06-23 09:20:35,1750.1,239747
2021-06-23 09:20:36,1751.0,239847
2021-06-23 09:20:39,1752.0,251978
2021-06-23 09:20:40,1751.55,252161
2021-06-23 09:20:41,1752.0,259726
2021-06-23 09:20:42,1752.0,271553
2021-06-23 09:20:43,1752.0,271853
2021-06-23 09:20:44,1752.0,273664
2021-06-23 09:20:45,1752.0,273853
2021-06-23 09:20:46,1752.0,274084
2021-06-23 09:20:47,1752.0,274247
2021-06-23 09:20:47,1752.0,274247
2021-06-23 09:20:48,1752.0,274504
2021-06-23 09:20:49,1751.9,277323
2021-06-23 09:20:50,1752.0,277478
2021-06-23 09:20:51,1751.95,277837
2021-06-23 09:20:52,1751.95,277913
2021-06-23 09:20:53,1751.8,277972
2021-06-23 09:20:54,1751.85,278371
2021-06-23 09:20:55,1751.6,280743
2021-06-23 09:20:56,1751.0,281148
2021-06-23 09:20:57,1751.0,281351
2021-06-23 09:20:58,1751.0,281687
2021-06-23 09:20:59,1751.65,281745
2021-06-23 09:21:00,1751.0,281804
2021-06-23 09:21:01,1751.55,282647
2021-06-23 09:21:02,1751.2,282752
2021-06-23 09:21:03,1751.65,282802
2021-06-23 09:21:05,1751.6,283038
2021-06-23 09:21:06,1751.55,283093
2021-06-23 09:21:07,1751.8,283108
2021-06-23 09:21:08,1751.8,283140
2021-06-23 09:21:09,1751.8,283140
2021-06-23 09:21:10,1751.8,283140
2021-06-23 09:21:11,1751.8,283140
2021-06-23 09:21:14,1751.8,283474
2021-06-23 09:21:15,1751.8,283721
2021-06-23 09:21:16,1752.0,285600
2021-06-23 09:21:17,1752.0,285711
2021-06-23 09:21:18,1751.8,286062
2021-06-23 09:21:19,1751.8,286680
2021-06-23 09:21:19,1751.75,286771
2021-06-23 09:21:22,1752.55,295316
2021-06-23 09:21:22,1752.55,295316
2021-06-23 09:21:23,1752.8,299837
2021-06-23 09:21:24,1751.25,304802
2021-06-23 09:21:25,1751.8,305342
2021-06-23 09:21:27,1752.0,305624
2021-06-23 09:21:28,1752.0,305781
2021-06-23 09:21:29,1752.0,305814
2021-06-23 09:21:30,1752.0,305836
2021-06-23 09:21:31,1752.0,305898
2021-06-23 09:21:32,1751.8,306016
2021-06-23 09:21:33,1751.8,306034
2021-06-23 09:21:34,1751.8,306141
2021-06-23 09:21:36,1752.0,306379
2021-06-23 09:21:37,1752.0,306423
2021-06-23 09:21:38,1752.0,306452
2021-06-23 09:21:39,1751.8,306480
2021-06-23 09:21:40,1751.8,306480
2021-06-23 09:21:41,1752.0,306491
2021-06-23 09:21:42,1752.0,306491
2021-06-23 09:21:44,1753.1,306567
2021-06-23 09:21:45,1753.25,306643
2021-06-23 09:21:46,1752.45,306742
2021-06-23 09:21:46,1752.45,306756
2021-06-23 09:21:48,1752.7,306791
2021-06-23 09:21:49,1752.45,307285
2021-06-23 09:21:50,1752.95,308060
2021-06-23 09:21:50,1752.0,308075
2021-06-23 09:21:51,1752.4,308256
2021-06-23 09:21:52,1752.6,308341
2021-06-23 09:21:53,1751.3,308957
2021-06-23 09:21:54,1752.45,309609
2021-06-23 09:21:55,1751.8,309724
2021-06-23 09:21:56,1752.05,309779
2021-06-23 09:21:57,1752.05,309805
2021-06-23 09:21:58,1752.05,309930
2021-06-23 09:21:59,1752.0,310047
2021-06-23 09:22:01,1751.3,310110
2021-06-23 09:22:02,1751.8,310131
2021-06-23 09:22:03,1751.75,310195
2021-06-23 09:22:04,1751.6,310233
2021-06-23 09:22:06,1751.2,310439
2021-06-23 09:22:07,1751.2,311116
2021-06-23 09:22:07,1751.1,311162
2021-06-23 09:22:08,1751.5,311185
2021-06-23 09:22:10,1751.5,311297
2021-06-23 09:22:11,1751.5,311347
2021-06-23 09:22:12,1751.5,311347
2021-06-23 09:22:13,1751.5,311348
2021-06-23 09:22:14,1751.0,311827
2021-06-23 09:22:15,1751.25,311919
2021-06-23 09:22:16,1751.25,311974
2021-06-23 09:22:18,1751.0,312003
2021-06-23 09:22:19,1749.8,315972
2021-06-23 09:22:20,1749.25,316116
2021-06-23 09:22:21,1749.8,317133
2021-06-23 09:22:22,1749.8,317514
2021-06-23 09:22:23,1750.25,318294
2021-06-23 09:22:23,1751.4,318646
2021-06-23 09:22:25,1751.3,319051
2021-06-23 09:22:26,1751.6,319157
2021-06-23 09:22:27,1751.2,320209
2021-06-23 09:22:28,1751.0,320369
2021-06-23 09:22:28,1751.0,320485
2021-06-23 09:22:29,1751.4,320580
2021-06-23 09:22:30,1751.25,320590
2021-06-23 09:22:31,1750.75,320610
2021-06-23 09:22:33,1751.3,320645
2021-06-23 09:22:35,1751.3,320728
2021-06-23 09:22:37,1751.3,320778
2021-06-23 09:22:38,1751.0,320840
2021-06-23 09:22:39,1750.9,320884
2021-06-23 09:22:40,1751.0,320887
2021-06-23 09:22:40,1751.0,320887
2021-06-23 09:22:41,1751.0,320887
2021-06-23 09:22:42,1750.95,320897
2021-06-23 09:22:43,1751.0,320898
2021-06-23 09:22:44,1751.0,320898
2021-06-23 09:22:45,1751.35,320908
2021-06-23 09:22:46,1750.75,320979
2021-06-23 09:22:48,1751.0,320996
2021-06-23 09:22:49,1750.8,321221
2021-06-23 09:22:50,1751.35,321246
2021-06-23 09:22:51,1750.7,321266
2021-06-23 09:22:52,1750.5,321492
2021-06-23 09:22:52,1750.55,321508
2021-06-23 09:22:53,1751.15,321544
2021-06-23 09:22:54,1751.15,321544
2021-06-23 09:22:56,1750.25,321576
2021-06-23 09:22:57,1750.25,321581
2021-06-23 09:22:58,1750.8,322177
2021-06-23 09:22:58,1750.8,322002
2021-06-23 09:22:59,1750.0,322208
2021-06-23 09:23:00,1749.8,322593
2021-06-23 09:23:02,1750.2,322801
2021-06-23 09:23:04,1750.2,322917
2021-06-23 09:23:05,1750.2,322941
2021-06-23 09:23:05,1750.2,322941
2021-06-23 09:23:07,1750.2,322947
2021-06-23 09:23:08,1750.2,323212
2021-06-23 09:23:08,1750.05,323256
2021-06-23 09:23:09,1750.0,323306
2021-06-23 09:23:10,1750.0,323310
2021-06-23 09:23:11,1749.3,323560
2021-06-23 09:23:12,1749.3,323660
2021-06-23 09:23:13,1750.1,323661
2021-06-23 09:23:14,1750.1,323663
2021-06-23 09:23:15,1750.1,323663
2021-06-23 09:23:17,1749.5,323821
2021-06-23 09:23:18,1749.2,323874
2021-06-23 09:23:20,1750.0,323997
2021-06-23 09:23:20,1750.0,323997
2021-06-23 09:23:21,1749.6,324197
2021-06-23 09:23:22,1750.1,324328
2021-06-23 09:23:23,1749.6,324334
2021-06-23 09:23:24,1749.6,324334
2021-06-23 09:23:25,1749.6,324335
2021-06-23 09:23:26,1750.0,324347
2021-06-23 09:23:28,1750.0,324347
2021-06-23 09:23:29,1749.6,324467
2021-06-23 09:23:30,1749.6,324467
2021-06-23 09:23:31,1750.2,324958
2021-06-23 09:23:32,1750.2,325040
2021-06-23 09:23:33,1750.95,325161
2021-06-23 09:23:34,1750.3,325295
2021-06-23 09:23:34,1750.3,325319
2021-06-23 09:23:35,1750.1,325442
2021-06-23 09:23:36,1750.05,325464
2021-06-23 09:23:37,1750.0,325472
2021-06-23 09:23:38,1750.1,325524
2021-06-23 09:23:40,1749.6,325832
2021-06-23 09:23:41,1750.0,325862
2021-06-23 09:23:42,1750.0,325873
2021-06-23 09:23:43,1750.0,326177
2021-06-23 09:23:44,1750.0,326285
2021-06-23 09:23:45,1750.0,326285
2021-06-23 09:23:46,1750.0,326285
2021-06-23 09:23:47,1750.0,326285
2021-06-23 09:23:49,1750.0,326286
2021-06-23 09:23:50,1749.7,326310
2021-06-23 09:23:51,1750.0,326316
2021-06-23 09:23:52,1750.0,326316
2021-06-23 09:23:53,1750.0,326928
2021-06-23 09:23:54,1750.0,327058
2021-06-23 09:23:55,1750.0,327108
2021-06-23 09:23:56,1749.65,327273
2021-06-23 09:23:57,1750.0,327414
2021-06-23 09:23:58,1751.0,328891
2021-06-23 09:23:58,1750.4,329155
2021-06-23 09:23:59,1750.4,329278
2021-06-23 09:24:00,1750.4,329308
2021-06-23 09:24:01,1750.4,329368
2021-06-23 09:24:02,1750.4,329434
2021-06-23 09:24:03,1750.45,329488
2021-06-23 09:24:04,1750.95,329879
2021-06-23 09:24:06,1750.45,329955
2021-06-23 09:24:08,1751.0,329993
2021-06-23 09:24:09,1751.0,329993
2021-06-23 09:24:10,1751.0,329993
2021-06-23 09:24:12,1751.0,329993
2021-06-23 09:24:13,1750.55,330288
2021-06-23 09:24:14,1750.55,330561
2021-06-23 09:24:16,1750.95,330718
2021-06-23 09:24:17,1750.5,330749
2021-06-23 09:24:18,1751.0,331953
2021-06-23 09:24:20,1751.0,332073
2021-06-23 09:24:21,1751.0,332079
2021-06-23 09:24:22,1750.95,332089
2021-06-23 09:24:23,1750.95,332245
2021-06-23 09:24:24,1750.4,332299
2021-06-23 09:24:25,1751.0,332303
2021-06-23 09:24:25,1751.0,332303
2021-06-23 09:24:26,1751.0,332328
2021-06-23 09:24:27,1751.0,332409
2021-06-23 09:24:28,1751.0,332459
2021-06-23 09:24:29,1751.0,332469
2021-06-23 09:24:30,1750.9,332510
2021-06-23 09:24:31,1750.45,332535
2021-06-23 09:24:32,1751.0,332981
2021-06-23 09:24:34,1750.4,333123
2021-06-23 09:24:36,1750.95,333674
2021-06-23 09:24:37,1750.3,333687
2021-06-23 09:24:38,1750.3,333690
2021-06-23 09:24:39,1750.3,333690
2021-06-23 09:24:42,1751.0,333706
2021-06-23 09:24:42,1751.0,333696
2021-06-23 09:24:43,1751.0,333706
2021-06-23 09:24:44,1750.95,333731
2021-06-23 09:24:45,1750.95,333752
2021-06-23 09:24:46,1751.0,336603
2021-06-23 09:24:48,1750.95,337525
2021-06-23 09:24:48,1750.95,337932
2021-06-23 09:24:49,1751.0,337963
2021-06-23 09:24:50,1750.95,338032
2021-06-23 09:24:51,1751.0,338177
2021-06-23 09:24:52,1750.95,338180
2021-06-23 09:24:55,1751.0,338218
2021-06-23 09:24:56,1750.95,340864
2021-06-23 09:24:57,1751.0,342261
2021-06-23 09:24:58,1751.0,342620
2021-06-23 09:24:59,1750.55,343853
2021-06-23 09:25:00,1750.25,344028
2021-06-23 09:25:00,1750.8,344110
2021-06-23 09:25:01,1750.35,344258
2021-06-23 09:25:02,1750.8,344287
2021-06-23 09:25:03,1750.4,344295
2021-06-23 09:25:04,1750.4,344295
2021-06-23 09:25:05,1750.8,344297
2021-06-23 09:25:07,1750.8,344387
2021-06-23 09:25:08,1750.8,344387
2021-06-23 09:25:09,1750.8,344388
2021-06-23 09:25:10,1750.8,344415
2021-06-23 09:25:11,1750.8,344415
2021-06-23 09:25:12,1751.0,347986
2021-06-23 09:25:13,1751.0,348646
2021-06-23 09:25:13,1750.9,348836
2021-06-23 09:25:14,1751.0,349033
2021-06-23 09:25:15,1750.9,349035
2021-06-23 09:25:16,1750.95,349148
2021-06-23 09:25:18,1751.0,349921
2021-06-23 09:25:19,1751.0,350041
2021-06-23 09:25:20,1751.0,350142
2021-06-23 09:25:21,1751.0,350143
2021-06-23 09:25:22,1751.0,350143
2021-06-23 09:25:23,1751.0,350171
2021-06-23 09:25:24,1751.0,350171
2021-06-23 09:25:25,1750.95,350238
2021-06-23 09:25:26,1750.95,350320
2021-06-23 09:25:27,1750.95,350320
2021-06-23 09:25:28,1751.0,350605
2021-06-23 09:25:29,1750.95,350771
2021-06-23 09:25:30,1750.95,351291
2021-06-23 09:25:30,1751.0,351202
2021-06-23 09:25:31,1750.95,351536
2021-06-23 09:25:32,1751.0,351792
2021-06-23 09:25:34,1751.0,351892
2021-06-23 09:25:35,1751.0,352479
2021-06-23 09:25:37,1751.0,355827
2021-06-23 09:25:37,1751.0,355973
2021-06-23 09:25:38,1751.0,355981
2021-06-23 09:25:41,1751.3,363369
2021-06-23 09:25:41,1751.8,364562
2021-06-23 09:25:43,1751.8,364861
2021-06-23 09:25:44,1751.8,364989
2021-06-23 09:25:45,1751.8,365009
2021-06-23 09:25:46,1751.8,365208
2021-06-23 09:25:47,1751.8,365340
2021-06-23 09:25:48,1751.8,365398
2021-06-23 09:25:49,1751.45,366863
2021-06-23 09:25:49,1751.5,368587
2021-06-23 09:25:50,1751.5,369496
2021-06-23 09:25:52,1751.15,369640
2021-06-23 09:25:53,1751.5,369890
2021-06-23 09:25:54,1751.2,370377
2021-06-23 09:25:55,1751.5,370580
2021-06-23 09:25:56,1751.5,370617
2021-06-23 09:25:57,1751.5,371617
2021-06-23 09:25:58,1751.5,371863
2021-06-23 09:25:59,1751.0,373563
2021-06-23 09:26:00,1750.55,373727
2021-06-23 09:26:01,1750.6,373773
2021-06-23 09:26:02,1750.7,373895
2021-06-23 09:26:02,1751.0,373920
2021-06-23 09:26:03,1751.0,373924
2021-06-23 09:26:04,1751.2,373936
2021-06-23 09:26:06,1750.35,378168
2021-06-23 09:26:07,1750.45,378179
2021-06-23 09:26:08,1750.6,378459
2021-06-23 09:26:09,1750.45,378613
2021-06-23 09:26:10,1750.95,378926
2021-06-23 09:26:11,1751.35,378981
2021-06-23 09:26:12,1751.35,378981
2021-06-23 09:26:13,1750.95,378984
2021-06-23 09:26:14,1750.95,378984
2021-06-23 09:26:15,1750.95,378984
2021-06-23 09:26:16,1751.35,379034
2021-06-23 09:26:17,1751.35,379034
2021-06-23 09:26:18,1751.35,379054
2021-06-23 09:26:19,1751.35,379054
2021-06-23 09:26:20,1751.5,380794
2021-06-23 09:26:21,1751.5,380995
2021-06-23 09:26:22,1751.5,381132
2021-06-23 09:26:23,1751.45,381163
2021-06-23 09:26:24,1751.5,381363
2021-06-23 09:26:25,1751.5,381498
2021-06-23 09:26:26,1751.5,381940
2021-06-23 09:26:27,1751.45,382007
2021-06-23 09:26:28,1751.5,382128
2021-06-23 09:26:29,1751.5,382182
2021-06-23 09:26:30,1751.5,382182
2021-06-23 09:26:31,1751.5,382290
2021-06-23 09:26:32,1751.45,382345
2021-06-23 09:26:33,1751.5,382378
2021-06-23 09:26:34,1751.45,382832
2021-06-23 09:26:35,1751.45,383059
2021-06-23 09:26:35,1751.35,383128
2021-06-23 09:26:37,1750.8,383329
2021-06-23 09:26:38,1751.3,383374
2021-06-23 09:26:39,1751.0,383400
2021-06-23 09:26:40,1751.3,383401
2021-06-23 09:26:40,1751.3,383401
2021-06-23 09:26:41,1751.0,383431
2021-06-23 09:26:42,1751.3,383486
2021-06-23 09:26:43,1751.3,383515
2021-06-23 09:26:44,1751.3,383517
2021-06-23 09:26:46,1751.0,383927
2021-06-23 09:26:47,1751.3,383958
2021-06-23 09:26:48,1751.3,384018
2021-06-23 09:26:49,1751.3,384018
2021-06-23 09:26:50,1750.8,384209
2021-06-23 09:26:51,1750.25,384357
2021-06-23 09:26:52,1750.25,384379
2021-06-23 09:26:53,1750.8,384399
2021-06-23 09:26:54,1750.3,384404
2021-06-23 09:26:55,1750.8,384446
2021-06-23 09:26:56,1750.8,384446
2021-06-23 09:26:57,1750.8,384471
2021-06-23 09:26:58,1750.8,384471
2021-06-23 09:26:59,1750.8,384471
2021-06-23 09:27:00,1750.8,384471
2021-06-23 09:27:01,1750.8,384493
2021-06-23 09:27:02,1750.3,384609
2021-06-23 09:27:03,1750.8,384759
2021-06-23 09:27:04,1750.35,384830
2021-06-23 09:27:05,1750.35,384832
2021-06-23 09:27:06,1750.8,384833
2021-06-23 09:27:07,1750.8,384833
2021-06-23 09:27:08,1750.8,384868
2021-06-23 09:27:09,1750.8,384868
2021-06-23 09:27:09,1750.35,384884
2021-06-23 09:27:10,1750.35,384887
2021-06-23 09:27:12,1750.8,384918
2021-06-23 09:27:12,1750.35,384933
2021-06-23 09:27:13,1750.3,385990
2021-06-23 09:27:15,1750.3,386150
2021-06-23 09:27:16,1750.35,386360
2021-06-23 09:27:17,1750.2,386364
2021-06-23 09:27:18,1750.3,386424
2021-06-23 09:27:19,1750.3,386424
2021-06-23 09:27:21,1750.05,386733
2021-06-23 09:27:22,1751.0,386858
2021-06-23 09:27:23,1751.0,386889
2021-06-23 09:27:24,1750.3,386893
2021-06-23 09:27:25,1750.3,386893
2021-06-23 09:27:26,1750.8,386993
2021-06-23 09:27:27,1750.9,387093
2021-06-23 09:27:28,1750.55,387124
2021-06-23 09:27:30,1750.25,387453
2021-06-23 09:27:32,1749.8,389214
2021-06-23 09:27:33,1750.65,389279
2021-06-23 09:27:34,1750.0,389330
2021-06-23 09:27:35,1750.55,389331
2021-06-23 09:27:38,1749.8,390901
2021-06-23 09:27:39,1750.0,390906
2021-06-23 09:27:40,1750.0,395996
2021-06-23 09:27:41,1750.0,396025
2021-06-23 09:27:42,1750.0,399431
2021-06-23 09:27:43,1750.0,399431
2021-06-23 09:27:44,1750.0,399468
2021-06-23 09:27:45,1750.0,399468
2021-06-23 09:27:46,1749.9,401498
2021-06-23 09:27:47,1749.9,401583
2021-06-23 09:27:48,1749.9,401583
2021-06-23 09:27:49,1749.9,401584
2021-06-23 09:27:50,1749.9,401584
2021-06-23 09:27:51,1749.9,402085
2021-06-23 09:27:52,1749.9,402090
2021-06-23 09:27:53,1749.9,402272
2021-06-23 09:27:54,1749.9,402292
2021-06-23 09:27:55,1749.9,402792
2021-06-23 09:27:56,1749.9,402908
2021-06-23 09:27:57,1749.9,403008
2021-06-23 09:27:58,1749.9,403033
2021-06-23 09:27:59,1749.9,403051
2021-06-23 09:28:00,1749.8,403300
2021-06-23 09:28:02,1749.9,403303
2021-06-23 09:28:03,1749.9,403303
2021-06-23 09:28:04,1749.9,403485
2021-06-23 09:28:05,1749.9,404591
2021-06-23 09:28:06,1749.9,404811
2021-06-23 09:28:07,1749.9,404811
2021-06-23 09:28:08,1749.9,405004
2021-06-23 09:28:09,1749.9,405010
2021-06-23 09:28:11,1749.9,405380
2021-06-23 09:28:12,1749.9,405449
2021-06-23 09:28:13,1749.85,405552
2021-06-23 09:28:14,1749.9,405562
2021-06-23 09:28:15,1749.9,405562
2021-06-23 09:28:16,1749.9,406472
2021-06-23 09:28:17,1749.85,406657
2021-06-23 09:28:18,1749.9,406659
2021-06-23 09:28:19,1749.85,406749
2021-06-23 09:28:20,1749.85,406779
2021-06-23 09:28:21,1749.85,406779
2021-06-23 09:28:22,1749.85,406779
2021-06-23 09:28:23,1749.85,406779
2021-06-23 09:28:24,1749.95,407792
2021-06-23 09:28:25,1749.95,408714
2021-06-23 09:28:26,1749.95,408716
2021-06-23 09:28:27,1749.95,409041
2021-06-23 09:28:28,1749.95,409051
2021-06-23 09:28:29,1749.95,409416
2021-06-23 09:28:30,1749.9,409923
2021-06-23 09:28:31,1749.9,409923
2021-06-23 09:28:32,1749.9,409923
2021-06-23 09:28:33,1749.95,410023
2021-06-23 09:28:34,1749.95,412887
2021-06-23 09:28:35,1750.0,414552
2021-06-23 09:28:36,1750.0,415591
2021-06-23 09:28:37,1750.0,415591
2021-06-23 09:28:38,1750.0,415704
2021-06-23 09:28:39,1750.0,415976
2021-06-23 09:28:40,1750.0,416186
2021-06-23 09:28:41,1750.0,418902
2021-06-23 09:28:42,1750.0,418902
2021-06-23 09:28:43,1750.0,418942
2021-06-23 09:28:44,1750.0,418942
2021-06-23 09:28:45,1750.0,419070
2021-06-23 09:28:46,1750.0,419070
2021-06-23 09:28:47,1750.0,419131
2021-06-23 09:28:48,1750.0,419352
2021-06-23 09:28:49,1750.0,419463
2021-06-23 09:28:50,1749.2,421116
2021-06-23 09:28:51,1749.7,421126
2021-06-23 09:28:53,1749.75,421566
2021-06-23 09:28:54,1749.75,421571
2021-06-23 09:28:55,1749.75,421571
2021-06-23 09:28:56,1749.75,421596
2021-06-23 09:28:57,1749.75,421598
2021-06-23 09:28:58,1749.75,421807
2021-06-23 09:28:59,1749.75,421838
2021-06-23 09:29:00,1749.75,421916
2021-06-23 09:29:01,1749.75,421916
2021-06-23 09:29:02,1749.6,422474
2021-06-23 09:29:03,1749.75,422475
2021-06-23 09:29:04,1749.75,422475
2021-06-23 09:29:05,1749.75,422475
2021-06-23 09:29:06,1749.75,422703
2021-06-23 09:29:07,1749.75,422703
2021-06-23 09:29:08,1749.75,422806
2021-06-23 09:29:09,1749.5,422849
2021-06-23 09:29:10,1749.75,422870
2021-06-23 09:29:11,1749.75,422902
2021-06-23 09:29:12,1749.75,422912
2021-06-23 09:29:13,1749.75,423097
2021-06-23 09:29:14,1749.75,423128
2021-06-23 09:29:15,1749.75,423140
2021-06-23 09:29:16,1749.75,423160
2021-06-23 09:29:17,1749.5,423588
2021-06-23 09:29:19,1749.5,423753
2021-06-23 09:29:20,1749.75,423773
2021-06-23 09:29:21,1749.75,423775
2021-06-23 09:29:22,1749.75,423777
2021-06-23 09:29:23,1749.75,423830
2021-06-23 09:29:24,1749.75,423842
2021-06-23 09:29:25,1749.75,424879
2021-06-23 09:29:27,1749.5,424881
2021-06-23 09:29:28,1749.75,425391
2021-06-23 09:29:29,1749.75,425416
2021-06-23 09:29:30,1749.75,425645
2021-06-23 09:29:31,1749.75,425745
2021-06-23 09:29:32,1749.5,425998
2021-06-23 09:29:33,1749.75,426070
2021-06-23 09:29:34,1749.75,426099
2021-06-23 09:29:35,1749.75,426142
2021-06-23 09:29:36,1749.4,426332
2021-06-23 09:29:37,1749.4,426332
2021-06-23 09:29:38,1749.4,426332
2021-06-23 09:29:39,1749.75,426384
2021-06-23 09:29:40,1749.75,426434
2021-06-23 09:29:41,1749.75,426434
2021-06-23 09:29:42,1749.0,429515
2021-06-23 09:29:43,1748.9,429914
2021-06-23 09:29:45,1748.55,429934
2021-06-23 09:29:45,1749.0,429935
2021-06-23 09:29:46,1749.0,430060
2021-06-23 09:29:49,1749.0,430094
2021-06-23 09:29:50,1748.0,430662
2021-06-23 09:29:53,1748.4,431116
2021-06-23 09:29:54,1748.0,431335
2021-06-23 09:29:55,1748.0,431437
2021-06-23 09:29:56,1748.0,431508
2021-06-23 09:29:57,1748.4,431608
2021-06-23 09:30:02,1748.4,431855
2021-06-23 09:30:04,1748.0,432815
2021-06-23 09:30:05,1748.5,432994
2021-06-23 09:30:06,1748.5,433100
2021-06-23 09:30:07,1748.7,433115
2021-06-23 09:30:09,1748.5,433116
2021-06-23 09:30:10,1748.7,433150
2021-06-23 09:30:12,1748.7,433150
2021-06-23 09:30:12,1748.7,433150
2021-06-23 09:30:13,1748.7,433151
2021-06-23 09:30:14,1748.7,433212
2021-06-23 09:30:16,1748.7,433314
2021-06-23 09:30:17,1748.7,433315
2021-06-23 09:30:17,1748.7,433319
2021-06-23 09:30:18,1748.7,433320
2021-06-23 09:30:19,1748.7,433350
2021-06-23 09:30:20,1748.5,433433
2021-06-23 09:30:21,1748.7,433473
2021-06-23 09:30:22,1748.7,433558
2021-06-23 09:30:23,1748.4,434296
2021-06-23 09:30:24,1748.4,434318
2021-06-23 09:30:25,1747.8,435050
2021-06-23 09:30:26,1748.25,435499
2021-06-23 09:30:27,1747.95,435552
2021-06-23 09:30:28,1747.7,435662
2021-06-23 09:30:29,1748.0,435674
2021-06-23 09:30:30,1748.2,435679
2021-06-23 09:30:31,1748.0,435699
2021-06-23 09:30:35,1747.7,435764
2021-06-23 09:30:35,1747.7,435764
2021-06-23 09:30:36,1747.7,435784
2021-06-23 09:30:37,1747.7,435819
2021-06-23 09:30:38,1747.7,435833
2021-06-23 09:30:39,1747.65,436019
2021-06-23 09:30:40,1747.65,436144
2021-06-23 09:30:41,1747.6,436281
2021-06-23 09:30:42,1747.65,436467
2021-06-23 09:30:43,1747.65,436834
2021-06-23 09:30:44,1747.65,436834
2021-06-23 09:30:45,1747.7,436986
2021-06-23 09:30:46,1747.7,437048
2021-06-23 09:30:47,1747.7,437283
2021-06-23 09:30:48,1747.7,437383
2021-06-23 09:30:49,1747.7,437383
2021-06-23 09:30:50,1747.7,437422
2021-06-23 09:30:51,1747.0,438696
2021-06-23 09:30:52,1747.0,438697
2021-06-23 09:30:53,1747.0,438709
2021-06-23 09:30:54,1746.85,438822
2021-06-23 09:30:55,1746.95,438830
2021-06-23 09:30:56,1746.85,439013
2021-06-23 09:30:57,1747.0,439016
2021-06-23 09:30:58,1747.0,439016
2021-06-23 09:30:59,1747.0,439109
2021-06-23 09:31:00,1746.85,439129
2021-06-23 09:31:01,1746.75,439314
2021-06-23 09:31:02,1746.35,439664
2021-06-23 09:31:03,1747.0,439864
2021-06-23 09:31:04,1747.0,439864
2021-06-23 09:31:05,1747.0,440290
2021-06-23 09:31:06,1747.0,440467
2021-06-23 09:31:07,1747.0,440471
2021-06-23 09:31:08,1746.95,440601
2021-06-23 09:31:09,1746.95,440603
2021-06-23 09:31:10,1747.0,441076
2021-06-23 09:31:11,1746.95,441083
2021-06-23 09:31:12,1746.95,441230
2021-06-23 09:31:13,1746.85,441313
2021-06-23 09:31:14,1746.85,441371
2021-06-23 09:31:15,1746.85,441421
2021-06-23 09:31:16,1746.85,441441
2021-06-23 09:31:17,1746.85,441642
2021-06-23 09:31:18,1746.9,441753
2021-06-23 09:31:19,1746.55,441758
2021-06-23 09:31:20,1746.85,441778
2021-06-23 09:31:21,1747.0,441788
2021-06-23 09:31:22,1747.0,441799
2021-06-23 09:31:23,1747.0,442002
2021-06-23 09:31:24,1747.0,442410
2021-06-23 09:31:25,1747.0,442689
2021-06-23 09:31:26,1747.0,442689
2021-06-23 09:31:27,1747.0,442725
2021-06-23 09:31:28,1747.0,443232
2021-06-23 09:31:29,1747.0,443233
2021-06-23 09:31:30,1747.0,444358
2021-06-23 09:31:31,1747.0,447819
2021-06-23 09:31:32,1747.0,448210
2021-06-23 09:31:33,1747.0,448648
2021-06-23 09:31:34,1747.0,449387
2021-06-23 09:31:36,1747.0,449487
2021-06-23 09:31:37,1747.0,449492
2021-06-23 09:31:38,1747.0,449515
2021-06-23 09:31:40,1746.95,449980
2021-06-23 09:31:41,1747.0,450043
2021-06-23 09:31:42,1747.0,450044
2021-06-23 09:31:43,1747.0,450085
2021-06-23 09:31:45,1747.0,450150
2021-06-23 09:31:46,1747.0,450660
2021-06-23 09:31:47,1747.0,450725
2021-06-23 09:31:48,1747.0,450876
2021-06-23 09:31:48,1747.0,450876
2021-06-23 09:31:50,1746.95,451943
2021-06-23 09:31:51,1746.6,452111
2021-06-23 09:31:52,1746.6,452111
2021-06-23 09:31:53,1746.95,452131
2021-06-23 09:31:54,1746.95,452131
2021-06-23 09:31:55,1746.95,452132
2021-06-23 09:31:56,1746.75,452245
2021-06-23 09:31:57,1746.95,452404
2021-06-23 09:31:58,1746.95,452584
2021-06-23 09:31:59,1746.55,452640
2021-06-23 09:32:00,1746.95,452644
2021-06-23 09:32:02,1746.95,453094
2021-06-23 09:32:03,1746.55,453119
2021-06-23 09:32:03,1746.55,453119
2021-06-23 09:32:05,1746.55,453119
2021-06-23 09:32:06,1746.6,453303
2021-06-23 09:32:07,1746.6,453340
2021-06-23 09:32:08,1746.6,453450
2021-06-23 09:32:09,1746.6,453460
2021-06-23 09:32:10,1746.6,453460
2021-06-23 09:32:11,1746.45,453721
2021-06-23 09:32:12,1746.6,453917
2021-06-23 09:32:14,1746.6,453944
2021-06-23 09:32:14,1746.6,453944
2021-06-23 09:32:15,1746.6,454044
2021-06-23 09:32:16,1746.4,454046
2021-06-23 09:32:17,1746.55,454545
2021-06-23 09:32:18,1746.6,454568
2021-06-23 09:32:19,1746.6,454568
2021-06-23 09:32:20,1746.6,454570
2021-06-23 09:32:21,1746.5,454664
2021-06-23 09:32:22,1746.6,454667
2021-06-23 09:32:23,1746.6,454730
2021-06-23 09:32:25,1746.6,454839
2021-06-23 09:32:26,1746.6,454875
2021-06-23 09:32:28,1746.95,455025
2021-06-23 09:32:28,1747.0,455210
2021-06-23 09:32:29,1747.0,455210
2021-06-23 09:32:30,1747.0,455210
2021-06-23 09:32:31,1747.0,455210
2021-06-23 09:32:32,1747.0,455311
2021-06-23 09:32:33,1747.0,455311
2021-06-23 09:32:34,1746.95,457809
2021-06-23 09:32:36,1747.0,457896
2021-06-23 09:32:38,1747.0,458841
2021-06-23 09:32:39,1747.0,459899
2021-06-23 09:32:40,1747.0,461472
2021-06-23 09:32:41,1747.0,461532
2021-06-23 09:32:42,1746.95,461659
2021-06-23 09:32:43,1747.0,461694
2021-06-23 09:32:44,1747.0,462496
2021-06-23 09:32:45,1747.0,463430
2021-06-23 09:32:46,1747.0,463453
2021-06-23 09:32:47,1747.0,463853
2021-06-23 09:32:48,1747.0,463963
2021-06-23 09:32:49,1747.0,464440
2021-06-23 09:32:50,1747.0,464934
2021-06-23 09:32:51,1747.0,464934
2021-06-23 09:32:52,1747.0,464936
2021-06-23 09:32:53,1747.0,465293
2021-06-23 09:32:54,1746.95,465745
2021-06-23 09:32:55,1746.95,465745
2021-06-23 09:32:56,1746.95,465745
2021-06-23 09:32:57,1747.0,465785
2021-06-23 09:33:00,1747.0,466126
2021-06-23 09:33:01,1747.0,466259
2021-06-23 09:33:02,1747.0,466350
2021-06-23 09:33:02,1747.0,466360
2021-06-23 09:33:03,1747.0,466460
2021-06-23 09:33:04,1747.0,466862
2021-06-23 09:33:06,1747.0,466903
2021-06-23 09:33:07,1747.0,466904
2021-06-23 09:33:07,1747.0,466904
2021-06-23 09:33:08,1747.0,467004
2021-06-23 09:33:09,1747.0,467074
2021-06-23 09:33:10,1747.0,467274
2021-06-23 09:33:11,1746.95,467293
2021-06-23 09:33:12,1746.95,467293
2021-06-23 09:33:13,1747.0,467305
2021-06-23 09:33:14,1747.0,467336
2021-06-23 09:33:16,1747.0,467627
2021-06-23 09:33:17,1747.0,467649
2021-06-23 09:33:18,1747.0,467650
2021-06-23 09:33:19,1747.25,468199
2021-06-23 09:33:20,1747.4,468217
2021-06-23 09:33:21,1747.5,468253
2021-06-23 09:33:22,1747.5,468253
2021-06-23 09:33:24,1747.5,468253
2021-06-23 09:33:25,1747.7,468254
2021-06-23 09:33:25,1747.7,468254
2021-06-23 09:33:26,1747.7,468288
2021-06-23 09:33:27,1747.7,468288
2021-06-23 09:33:29,1747.8,468294
2021-06-23 09:33:30,1747.9,468327
2021-06-23 09:33:31,1747.7,468329
2021-06-23 09:33:32,1747.95,468390
2021-06-23 09:33:33,1747.95,468390
2021-06-23 09:33:34,1747.8,468637
2021-06-23 09:33:35,1747.9,468683
2021-06-23 09:33:36,1747.9,468683
2021-06-23 09:33:37,1747.9,468684
2021-06-23 09:33:38,1747.3,468809
2021-06-23 09:33:39,1747.3,468809
2021-06-23 09:33:41,1747.85,468931
2021-06-23 09:33:42,1747.85,469142
2021-06-23 09:33:42,1747.85,469142
2021-06-23 09:33:43,1747.85,469181
2021-06-23 09:33:44,1747.85,469213
2021-06-23 09:33:45,1747.3,469393
2021-06-23 09:33:46,1748.0,470008
2021-06-23 09:33:47,1748.0,470411
2021-06-23 09:33:48,1748.0,470481
2021-06-23 09:33:49,1747.9,470501
2021-06-23 09:33:50,1747.95,470536
2021-06-23 09:33:51,1748.0,470562
2021-06-23 09:33:52,1748.0,470585
2021-06-23 09:33:53,1748.0,470585
2021-06-23 09:33:54,1748.0,470586
2021-06-23 09:33:55,1748.0,470588
2021-06-23 09:33:56,1747.6,472990
2021-06-23 09:33:57,1749.05,473012
2021-06-23 09:33:58,1748.7,473083
2021-06-23 09:33:59,1749.2,473091
2021-06-23 09:34:00,1748.6,473252
2021-06-23 09:34:02,1748.55,473268
2021-06-23 09:34:02,1748.55,473268
2021-06-23 09:34:03,1748.6,473296
2021-06-23 09:34:04,1748.6,473327
2021-06-23 09:34:05,1748.6,473327
2021-06-23 09:34:07,1748.55,473697
2021-06-23 09:34:08,1748.45,473698
2021-06-23 09:34:09,1748.1,473912
2021-06-23 09:34:10,1747.85,473916
2021-06-23 09:34:11,1748.1,474016
2021-06-23 09:34:13,1748.1,474069
2021-06-23 09:34:14,1748.1,474090
2021-06-23 09:34:15,1748.1,474243
2021-06-23 09:34:16,1748.6,474248
2021-06-23 09:34:17,1748.6,474249
2021-06-23 09:34:18,1748.6,474249
2021-06-23 09:34:18,1748.6,474275
2021-06-23 09:34:19,1748.6,474275
2021-06-23 09:34:20,1750.0,477275
2021-06-23 09:34:21,1748.6,477295
2021-06-23 09:34:23,1749.45,477296
2021-06-23 09:34:23,1749.45,477296
2021-06-23 09:34:24,1748.8,477422
2021-06-23 09:34:25,1749.45,477457
2021-06-23 09:34:26,1749.45,477457
2021-06-23 09:34:27,1749.65,477540
2021-06-23 09:34:28,1749.65,477540
2021-06-23 09:34:29,1748.95,477672
2021-06-23 09:34:30,1749.6,477673
2021-06-23 09:34:32,1749.55,477725
2021-06-23 09:34:31,1749.65,477715
2021-06-23 09:34:34,1749.0,477727
2021-06-23 09:34:35,1749.0,477727
2021-06-23 09:34:36,1749.0,478294
2021-06-23 09:34:37,1749.35,478295
2021-06-23 09:34:38,1749.0,479406
2021-06-23 09:34:39,1748.85,479431
2021-06-23 09:34:39,1748.85,479431
2021-06-23 09:34:40,1748.8,479435
2021-06-23 09:34:41,1748.95,479445
2021-06-23 09:34:42,1748.95,479446
2021-06-23 09:34:44,1748.4,479633
2021-06-23 09:34:47,1748.15,479790
2021-06-23 09:34:48,1748.4,479796
2021-06-23 09:34:49,1748.4,479796
2021-06-23 09:34:50,1748.4,479798
2021-06-23 09:34:51,1748.4,479808
2021-06-23 09:34:52,1748.4,479908
2021-06-23 09:34:53,1748.4,480391
2021-06-23 09:34:54,1748.4,480391
2021-06-23 09:34:56,1748.05,480541
2021-06-23 09:34:57,1748.05,480541
2021-06-23 09:34:57,1748.05,480541
2021-06-23 09:34:59,1748.05,480541
2021-06-23 09:35:00,1748.0,480551
2021-06-23 09:35:00,1748.4,480554
2021-06-23 09:35:01,1748.4,480557
2021-06-23 09:35:02,1748.4,480567
2021-06-23 09:35:04,1748.1,480591
2021-06-23 09:35:04,1748.4,480611
2021-06-23 09:35:05,1748.1,480613
2021-06-23 09:35:06,1748.1,480613
2021-06-23 09:35:07,1748.1,480615
2021-06-23 09:35:09,1748.1,480766
2021-06-23 09:35:09,1748.35,480769
2021-06-23 09:35:10,1747.35,481211
2021-06-23 09:35:12,1747.2,481216
2021-06-23 09:35:13,1747.75,481273
2021-06-23 09:35:14,1747.75,481273
2021-06-23 09:35:15,1747.75,481273
2021-06-23 09:35:16,1747.8,481274
2021-06-23 09:35:17,1747.25,481299
2021-06-23 09:35:18,1747.0,481482
2021-06-23 09:35:18,1747.8,481512
2021-06-23 09:35:20,1747.8,481512
2021-06-23 09:35:21,1747.8,481732
2021-06-23 09:35:22,1747.8,481769
2021-06-23 09:35:23,1747.8,481781
2021-06-23 09:35:24,1748.4,481807
2021-06-23 09:35:25,1747.8,481812
2021-06-23 09:35:25,1747.8,481812
2021-06-23 09:35:26,1748.4,481840
2021-06-23 09:35:27,1747.8,481879
2021-06-23 09:35:28,1747.8,482116
2021-06-23 09:35:29,1747.8,482116
2021-06-23 09:35:30,1748.4,482121
2021-06-23 09:35:33,1748.4,482221
2021-06-23 09:35:34,1748.9,482337
2021-06-23 09:35:35,1748.4,482338
2021-06-23 09:35:35,1748.4,482338
2021-06-23 09:35:36,1748.4,482338
2021-06-23 09:35:37,1748.4,482338
2021-06-23 09:35:38,1748.4,482338
2021-06-23 09:35:39,1748.4,482338
2021-06-23 09:35:40,1748.4,482338
2021-06-23 09:35:41,1748.4,482338
2021-06-23 09:35:42,1748.4,482338
2021-06-23 09:35:43,1748.9,482399
2021-06-23 09:35:45,1748.9,482409
2021-06-23 09:35:46,1748.9,482415
2021-06-23 09:35:47,1748.25,482522
2021-06-23 09:35:48,1748.25,482522
2021-06-23 09:35:49,1748.6,482523
2021-06-23 09:35:50,1748.3,482555
2021-06-23 09:35:52,1748.3,482565
2021-06-23 09:35:53,1748.6,482566
2021-06-23 09:35:54,1748.65,482596
2021-06-23 09:35:55,1748.25,482656
2021-06-23 09:35:56,1747.7,483156
2021-06-23 09:35:57,1747.7,483156
2021-06-23 09:35:58,1747.7,483156
2021-06-23 09:35:59,1748.55,483176
2021-06-23 09:36:00,1747.75,483358
2021-06-23 09:36:01,1748.0,483383
2021-06-23 09:36:02,1748.05,483465
2021-06-23 09:36:03,1748.05,483465
2021-06-23 09:36:04,1747.9,483495
2021-06-23 09:36:04,1747.9,483495
2021-06-23 09:36:05,1747.7,483595
2021-06-23 09:36:06,1747.7,483595
2021-06-23 09:36:07,1747.75,483609
2021-06-23 09:36:08,1747.75,483634
2021-06-23 09:36:09,1747.85,484146
2021-06-23 09:36:10,1747.85,484152
2021-06-23 09:36:11,1747.85,484152
2021-06-23 09:36:12,1747.85,484157
2021-06-23 09:36:14,1747.85,484158
2021-06-23 09:36:15,1747.85,484268
2021-06-23 09:36:16,1747.85,484518
2021-06-23 09:36:17,1747.85,484518
2021-06-23 09:36:18,1747.75,484544
2021-06-23 09:36:20,1747.85,484552
2021-06-23 09:36:21,1747.7,484677
2021-06-23 09:36:21,1747.7,484677
2021-06-23 09:36:23,1747.85,484763
2021-06-23 09:36:24,1747.85,484763
2021-06-23 09:36:25,1747.3,484792
2021-06-23 09:36:26,1747.3,484792
2021-06-23 09:36:27,1748.0,484838
2021-06-23 09:36:28,1748.0,484838
2021-06-23 09:36:29,1748.0,484838
2021-06-23 09:36:30,1748.0,484838
2021-06-23 09:36:31,1747.85,484932
2021-06-23 09:36:32,1747.85,484955
2021-06-23 09:36:34,1747.3,485063
2021-06-23 09:36:35,1747.85,485088
2021-06-23 09:36:35,1747.2,485073
2021-06-23 09:36:36,1747.15,485116
2021-06-23 09:36:37,1747.85,485168
2021-06-23 09:36:39,1747.75,485354
2021-06-23 09:36:40,1747.2,485398
2021-06-23 09:36:41,1747.75,485408
2021-06-23 09:36:42,1747.75,485408
2021-06-23 09:36:42,1747.75,485408
2021-06-23 09:36:44,1747.75,485408
2021-06-23 09:36:45,1747.35,485413
2021-06-23 09:36:47,1747.8,485415
2021-06-23 09:36:48,1747.8,485477
2021-06-23 09:36:49,1747.8,485532
2021-06-23 09:36:50,1747.8,485696
2021-06-23 09:36:51,1747.8,485783
2021-06-23 09:36:52,1747.8,485800
2021-06-23 09:36:53,1747.8,485812
2021-06-23 09:36:54,1747.8,485887
2021-06-23 09:36:55,1747.5,485900
2021-06-23 09:36:56,1747.25,486046
2021-06-23 09:36:57,1747.8,486047
2021-06-23 09:36:57,1747.5,486049
2021-06-23 09:36:58,1747.8,486123
2021-06-23 09:36:59,1747.8,486127
2021-06-23 09:37:01,1747.5,486139
2021-06-23 09:37:02,1747.8,486140
2021-06-23 09:37:03,1747.8,486150
2021-06-23 09:37:04,1747.8,486150
2021-06-23 09:37:05,1747.8,486150
2021-06-23 09:37:05,1747.8,486150
2021-06-23 09:37:06,1747.8,486150
2021-06-23 09:37:08,1747.8,486224
2021-06-23 09:37:09,1747.3,486325
2021-06-23 09:37:10,1747.8,486341
2021-06-23 09:37:11,1747.8,486341
2021-06-23 09:37:12,1747.6,486526
2021-06-23 09:37:13,1748.3,486752
2021-06-23 09:37:14,1748.1,486786
2021-06-23 09:37:15,1748.1,486792
2021-06-23 09:37:17,1748.1,486793
2021-06-23 09:37:18,1748.1,486793
2021-06-23 09:37:19,1748.1,486793
2021-06-23 09:37:20,1748.35,486828
2021-06-23 09:37:21,1748.4,486851
2021-06-23 09:37:22,1748.4,486855
2021-06-23 09:37:23,1748.8,486876
2021-06-23 09:37:24,1748.8,486876
2021-06-23 09:37:25,1748.8,486877
2021-06-23 09:37:26,1748.8,486877
2021-06-23 09:37:27,1749.0,486887
2021-06-23 09:37:28,1748.8,486897
2021-06-23 09:37:29,1749.0,487029
2021-06-23 09:37:30,1749.0,487029
2021-06-23 09:37:31,1749.0,487131
2021-06-23 09:37:32,1749.0,487425
2021-06-23 09:37:33,1749.0,487586
2021-06-23 09:37:34,1748.35,487641
2021-06-23 09:37:35,1748.35,487641
2021-06-23 09:37:36,1748.35,487641
2021-06-23 09:37:37,1748.35,487641
2021-06-23 09:37:38,1749.0,487814
2021-06-23 09:37:39,1749.0,487814
2021-06-23 09:37:40,1748.3,487824
2021-06-23 09:37:41,1749.0,487992
2021-06-23 09:37:42,1748.8,488119
2021-06-23 09:37:44,1749.0,488281
2021-06-23 09:37:46,1748.8,488293
2021-06-23 09:37:47,1748.8,488311
2021-06-23 09:37:48,1748.95,488341
2021-06-23 09:37:49,1749.0,488351
2021-06-23 09:37:50,1748.85,488353
2021-06-23 09:37:52,1748.5,488361
2021-06-23 09:37:53,1748.5,488361
2021-06-23 09:37:54,1748.8,488556
2021-06-23 09:37:55,1748.8,488557
2021-06-23 09:37:56,1748.8,488558
2021-06-23 09:37:57,1748.8,488558
2021-06-23 09:37:58,1748.95,488737
2021-06-23 09:37:59,1749.55,489138
2021-06-23 09:38:00,1748.85,489230
2021-06-23 09:38:01,1749.45,489262
2021-06-23 09:38:02,1748.85,489296
2021-06-23 09:38:03,1748.65,489311
2021-06-23 09:38:04,1748.75,489342
2021-06-23 09:38:05,1748.75,489392
2021-06-23 09:38:06,1748.75,489392
2021-06-23 09:38:07,1748.75,489392
2021-06-23 09:38:08,1748.85,489406
2021-06-23 09:38:09,1748.85,489417
2021-06-23 09:38:10,1749.45,489487
2021-06-23 09:38:11,1749.45,489487
2021-06-23 09:38:12,1749.45,489487
2021-06-23 09:38:13,1749.45,489487
2021-06-23 09:38:15,1748.95,489510
2021-06-23 09:38:16,1748.95,489510
2021-06-23 09:38:17,1748.95,489510
2021-06-23 09:38:18,1748.95,489510
2021-06-23 09:38:19,1748.95,489512
2021-06-23 09:38:20,1749.35,489522
2021-06-23 09:38:21,1749.0,489562
2021-06-23 09:38:22,1749.0,489562
2021-06-23 09:38:23,1748.85,489737
2021-06-23 09:38:26,1749.6,489980
2021-06-23 09:38:27,1749.55,490000
2021-06-23 09:38:28,1749.35,490003
2021-06-23 09:38:29,1749.35,490028
2021-06-23 09:38:31,1749.35,490033
2021-06-23 09:38:32,1749.2,490034
2021-06-23 09:38:33,1749.2,490034
2021-06-23 09:38:34,1749.0,490087
2021-06-23 09:38:35,1749.0,490090
2021-06-23 09:38:36,1749.0,490090
2021-06-23 09:38:37,1749.2,490091
2021-06-23 09:38:38,1749.2,490091
2021-06-23 09:38:39,1748.8,490177
2021-06-23 09:38:40,1749.2,490344
2021-06-23 09:38:41,1748.5,490513
2021-06-23 09:38:42,1748.0,490568
2021-06-23 09:38:43,1748.3,490569
2021-06-23 09:38:44,1748.0,490734
2021-06-23 09:38:45,1748.9,490745
2021-06-23 09:38:46,1748.85,490765
2021-06-23 09:38:48,1748.85,490765
2021-06-23 09:38:49,1748.2,490768
2021-06-23 09:38:50,1748.9,490896
2021-06-23 09:38:51,1748.35,490914
2021-06-23 09:38:52,1748.85,491024
2021-06-23 09:38:53,1748.85,491024
2021-06-23 09:38:54,1748.35,491040
2021-06-23 09:38:55,1748.35,491040
2021-06-23 09:38:56,1748.35,491040
2021-06-23 09:38:57,1748.85,491044
2021-06-23 09:38:58,1748.85,491046
2021-06-23 09:38:59,1748.85,491138
2021-06-23 09:39:00,1748.7,491237
2021-06-23 09:39:01,1748.85,491248
2021-06-23 09:39:02,1748.8,491281
2021-06-23 09:39:03,1748.85,491313
2021-06-23 09:39:04,1748.8,491323
2021-06-23 09:39:05,1748.8,491323
2021-06-23 09:39:06,1748.75,491381
2021-06-23 09:39:07,1748.85,491730
2021-06-23 09:39:08,1748.7,491791
2021-06-23 09:39:09,1748.7,491791
2021-06-23 09:39:10,1748.7,491791
2021-06-23 09:39:11,1748.95,491825
2021-06-23 09:39:12,1748.7,491830
2021-06-23 09:39:13,1748.8,491833
2021-06-23 09:39:14,1748.8,491833
2021-06-23 09:39:15,1749.6,492363
2021-06-23 09:39:16,1749.6,492450
2021-06-23 09:39:17,1749.6,492450
2021-06-23 09:39:18,1749.45,492469
2021-06-23 09:39:19,1749.45,492469
2021-06-23 09:39:20,1748.95,492853
2021-06-23 09:39:21,1749.2,492923
2021-06-23 09:39:22,1749.2,492941
2021-06-23 09:39:23,1748.85,492995
2021-06-23 09:39:24,1748.55,493234
2021-06-23 09:39:25,1749.25,493275
2021-06-23 09:39:26,1749.25,493275
2021-06-23 09:39:27,1749.35,493316
2021-06-23 09:39:28,1748.95,493381
2021-06-23 09:39:29,1749.75,493406
2021-06-23 09:39:30,1749.55,493470
2021-06-23 09:39:31,1748.75,493480
2021-06-23 09:39:32,1749.6,493580
2021-06-23 09:39:33,1749.6,493580
2021-06-23 09:39:34,1749.6,493580
2021-06-23 09:39:35,1749.6,493580
2021-06-23 09:39:36,1749.6,493580
2021-06-23 09:39:37,1749.6,493591
2021-06-23 09:39:38,1749.6,493591
2021-06-23 09:39:39,1749.0,493592
2021-06-23 09:39:40,1749.0,493863
2021-06-23 09:39:41,1748.95,493925
2021-06-23 09:39:42,1749.6,493988
2021-06-23 09:39:43,1749.6,493998
2021-06-23 09:39:44,1749.6,494048
2021-06-23 09:39:45,1749.6,494050
2021-06-23 09:39:46,1749.6,494076
2021-06-23 09:39:47,1749.6,494301
2021-06-23 09:39:48,1749.05,494323
2021-06-23 09:39:50,1749.1,494410
2021-06-23 09:39:49,1749.5,494396
2021-06-23 09:39:51,1749.5,494652
2021-06-23 09:39:52,1749.55,494962
2021-06-23 09:39:53,1749.5,494982
2021-06-23 09:39:54,1749.8,495029
2021-06-23 09:39:55,1749.75,495081
2021-06-23 09:39:56,1749.05,495189
2021-06-23 09:39:58,1749.7,495200
2021-06-23 09:39:59,1749.8,495295
2021-06-23 09:40:00,1749.8,495403
2021-06-23 09:40:01,1749.8,495429
2021-06-23 09:40:02,1749.25,495437
2021-06-23 09:40:03,1749.0,499693
2021-06-23 09:40:04,1749.0,501623
2021-06-23 09:40:05,1749.0,501748
2021-06-23 09:40:06,1748.85,502148
2021-06-23 09:40:07,1748.85,502427
2021-06-23 09:40:08,1748.75,502746
2021-06-23 09:40:09,1748.75,502800
2021-06-23 09:40:10,1748.75,502800
2021-06-23 09:40:11,1749.0,502806
2021-06-23 09:40:12,1749.0,502892
2021-06-23 09:40:13,1749.0,502892
2021-06-23 09:40:14,1748.75,502974
2021-06-23 09:40:15,1748.65,503118
2021-06-23 09:40:17,1748.7,503218
2021-06-23 09:40:18,1748.2,503233
2021-06-23 09:40:19,1748.0,503406
2021-06-23 09:40:19,1748.0,503406
2021-06-23 09:40:20,1748.0,503406
2021-06-23 09:40:21,1748.95,503457
2021-06-23 09:40:22,1748.9,503658
2021-06-23 09:40:27,1748.75,505386
2021-06-23 09:40:28,1749.0,505786
2021-06-23 09:40:29,1749.0,508591
2021-06-23 09:40:31,1748.9,509177
2021-06-23 09:40:33,1749.0,509192
2021-06-23 09:40:33,1749.0,509192
2021-06-23 09:40:35,1749.0,510085
2021-06-23 09:40:36,1749.0,512114
2021-06-23 09:40:37,1749.0,512668
2021-06-23 09:40:38,1748.95,512859
2021-06-23 09:40:39,1748.95,512909
2021-06-23 09:40:40,1749.0,512910
2021-06-23 09:40:41,1748.95,512972
2021-06-23 09:40:42,1749.0,513019
2021-06-23 09:40:43,1748.95,513330
2021-06-23 09:40:45,1748.95,513386
2021-06-23 09:40:46,1748.95,513386
2021-06-23 09:40:47,1748.95,513479
2021-06-23 09:40:48,1749.0,513538
2021-06-23 09:40:48,1748.95,513561
2021-06-23 09:40:49,1749.0,514895
2021-06-23 09:40:50,1749.0,515233
2021-06-23 09:40:51,1748.95,515277
2021-06-23 09:40:52,1748.6,515423
2021-06-23 09:40:53,1749.0,515438
2021-06-23 09:40:55,1748.95,515573
2021-06-23 09:40:55,1748.95,515573
2021-06-23 09:40:56,1748.2,515576
2021-06-23 09:40:57,1748.2,515612
2021-06-23 09:40:58,1749.0,515744
2021-06-23 09:40:59,1748.6,515746
2021-06-23 09:41:00,1748.75,515839
2021-06-23 09:41:01,1748.05,515865
2021-06-23 09:41:02,1748.2,515866
2021-06-23 09:41:03,1748.2,515866
2021-06-23 09:41:04,1748.2,515867
2021-06-23 09:41:05,1748.6,515877
2021-06-23 09:41:06,1748.2,515883
2021-06-23 09:41:07,1748.2,515884
2021-06-23 09:41:08,1748.15,515984
2021-06-23 09:41:10,1748.6,516075
2021-06-23 09:41:10,1748.05,516087
2021-06-23 09:41:11,1748.0,516097
2021-06-23 09:41:12,1748.0,516173
2021-06-23 09:41:13,1748.6,516187
2021-06-23 09:41:15,1748.0,516373
2021-06-23 09:41:15,1748.0,516425
2021-06-23 09:41:16,1748.0,516425
2021-06-23 09:41:17,1748.55,516640
2021-06-23 09:41:18,1748.0,516698
2021-06-23 09:41:19,1747.7,519887
2021-06-23 09:41:20,1748.2,520173
2021-06-23 09:41:21,1748.15,520408
2021-06-23 09:41:22,1748.0,520661
2021-06-23 09:41:23,1748.0,521215
2021-06-23 09:41:25,1747.3,521307
2021-06-23 09:41:25,1747.3,521249
2021-06-23 09:41:27,1747.3,521386
2021-06-23 09:41:27,1747.3,521386
2021-06-23 09:41:28,1748.0,521617
2021-06-23 09:41:30,1748.1,521800
2021-06-23 09:41:31,1748.1,521800
2021-06-23 09:41:32,1748.0,521801
2021-06-23 09:41:34,1748.0,521889
2021-06-23 09:41:35,1747.3,521936
2021-06-23 09:41:36,1747.3,521936
2021-06-23 09:41:37,1747.55,521946
2021-06-23 09:41:39,1748.0,521962
2021-06-23 09:41:39,1747.55,521963
2021-06-23 09:41:40,1748.0,521973
2021-06-23 09:41:41,1748.0,521973
2021-06-23 09:41:42,1747.5,521977
2021-06-23 09:41:43,1747.35,522207
2021-06-23 09:41:44,1747.5,522260
2021-06-23 09:41:46,1748.0,522323
2021-06-23 09:41:46,1747.5,522333
2021-06-23 09:41:47,1747.5,522334
2021-06-23 09:41:48,1747.4,522354
2021-06-23 09:41:49,1747.4,522354
2021-06-23 09:41:50,1747.4,522354
2021-06-23 09:41:52,1747.5,522359
2021-06-23 09:41:53,1747.55,522801
2021-06-23 09:41:54,1747.55,522801
2021-06-23 09:41:55,1747.55,522801
2021-06-23 09:41:56,1747.4,522802
2021-06-23 09:41:57,1747.3,522975
2021-06-23 09:41:58,1747.3,522975
2021-06-23 09:41:59,1747.35,523083
2021-06-23 09:42:00,1747.55,523280
2021-06-23 09:42:01,1747.55,523280
2021-06-23 09:42:02,1747.55,523281
2021-06-23 09:42:04,1747.4,523302
2021-06-23 09:42:04,1747.4,523312
2021-06-23 09:42:05,1747.55,523377
2021-06-23 09:42:06,1747.55,523377
2021-06-23 09:42:07,1747.0,527941
2021-06-23 09:42:08,1747.0,528078
2021-06-23 09:42:09,1746.9,528081
2021-06-23 09:42:11,1746.95,528129
2021-06-23 09:42:11,1747.0,528375
2021-06-23 09:42:12,1747.0,528524
2021-06-23 09:42:14,1746.95,528546
2021-06-23 09:42:14,1746.95,528751
2021-06-23 09:42:16,1746.95,528928
2021-06-23 09:42:17,1746.95,528933
2021-06-23 09:42:18,1746.65,529193
2021-06-23 09:42:19,1747.0,529234
2021-06-23 09:42:20,1746.9,529237
2021-06-23 09:42:21,1746.95,529480
2021-06-23 09:42:23,1746.85,529723
2021-06-23 09:42:24,1747.0,530193
2021-06-23 09:42:25,1747.0,530643
2021-06-23 09:42:26,1747.0,533097
2021-06-23 09:42:27,1746.95,534321
2021-06-23 09:42:28,1746.95,534397
2021-06-23 09:42:30,1747.0,535233
2021-06-23 09:42:33,1746.9,535872
2021-06-23 09:42:34,1746.9,535897
2021-06-23 09:42:35,1747.0,535974
2021-06-23 09:42:36,1746.55,536191
2021-06-23 09:42:37,1746.55,536213
2021-06-23 09:42:39,1747.0,536218
2021-06-23 09:42:40,1747.0,536218
2021-06-23 09:42:40,1747.0,536218
2021-06-23 09:42:41,1747.0,536218
2021-06-23 09:42:42,1746.55,536314
2021-06-23 09:42:43,1747.0,536754
2021-06-23 09:42:45,1746.6,536874
2021-06-23 09:42:47,1746.6,536874
2021-06-23 09:42:48,1746.95,536903
2021-06-23 09:42:49,1746.95,536915
2021-06-23 09:42:50,1747.0,536920
2021-06-23 09:42:51,1747.0,536925
2021-06-23 09:42:51,1746.95,536929
2021-06-23 09:42:52,1747.0,536939
2021-06-23 09:42:53,1746.55,537065
2021-06-23 09:42:54,1747.0,537749
2021-06-23 09:42:56,1746.95,537890
2021-06-23 09:42:57,1746.8,537947
2021-06-23 09:43:02,1746.1,540749
2021-06-23 09:43:03,1746.25,541090
2021-06-23 09:43:04,1746.25,541090
2021-06-23 09:43:05,1746.2,541162
2021-06-23 09:43:06,1746.2,541403
2021-06-23 09:43:07,1746.2,541453
2021-06-23 09:43:09,1746.7,541910
2021-06-23 09:43:10,1746.7,541910
2021-06-23 09:43:10,1746.2,542019
2021-06-23 09:43:11,1746.2,542019
2021-06-23 09:43:12,1746.2,542092
2021-06-23 09:43:13,1746.2,542092
2021-06-23 09:43:14,1746.5,542109
2021-06-23 09:43:16,1746.2,542123
2021-06-23 09:43:17,1746.5,542187
2021-06-23 09:43:17,1746.2,542185
2021-06-23 09:43:18,1746.5,542187
2021-06-23 09:43:19,1746.5,542192
2021-06-23 09:43:20,1746.5,542192
2021-06-23 09:43:21,1746.5,542202
2021-06-23 09:43:22,1746.8,542415
2021-06-23 09:43:24,1746.5,542672
2021-06-23 09:43:25,1746.7,542690
2021-06-23 09:43:26,1746.5,542774
2021-06-23 09:43:27,1746.5,542819
2021-06-23 09:43:28,1746.7,542860
2021-06-23 09:43:29,1746.5,542980
2021-06-23 09:43:32,1746.5,543009
2021-06-23 09:43:33,1746.5,543009
2021-06-23 09:43:33,1746.7,543015
2021-06-23 09:43:34,1746.5,543234
2021-06-23 09:43:35,1746.05,543411
2021-06-23 09:43:36,1746.05,543411
2021-06-23 09:43:37,1746.7,543471
2021-06-23 09:43:38,1746.7,543605
2021-06-23 09:43:40,1746.35,543658
2021-06-23 09:43:42,1746.35,543695
2021-06-23 09:43:43,1746.7,543755
2021-06-23 09:43:44,1746.9,544205
2021-06-23 09:43:44,1746.35,544208
2021-06-23 09:43:45,1746.35,544208
2021-06-23 09:43:46,1746.7,544230
2021-06-23 09:43:49,1746.15,546274
2021-06-23 09:43:50,1746.15,547289
2021-06-23 09:43:51,1746.15,547289
2021-06-23 09:43:53,1745.5,547745
2021-06-23 09:43:53,1745.35,547884
2021-06-23 09:43:54,1745.35,547884
2021-06-23 09:43:55,1746.1,548180
2021-06-23 09:43:56,1746.1,548180
2021-06-23 09:43:57,1745.5,548259
2021-06-23 09:43:58,1746.0,548278
2021-06-23 09:43:59,1746.0,548292
2021-06-23 09:44:00,1744.9,558933
2021-06-23 09:44:01,1745.0,559141
2021-06-23 09:44:02,1745.0,559242
2021-06-23 09:44:03,1745.0,559524
2021-06-23 09:44:04,1745.0,559676
2021-06-23 09:44:06,1745.0,560204
2021-06-23 09:44:07,1745.0,560333
2021-06-23 09:44:08,1745.0,560424
2021-06-23 09:44:08,1745.0,560424
2021-06-23 09:44:09,1745.0,560478
2021-06-23 09:44:10,1744.9,561025
2021-06-23 09:44:11,1744.9,561086
2021-06-23 09:44:12,1745.0,562393
2021-06-23 09:44:13,1744.4,562620
2021-06-23 09:44:14,1744.4,562620
2021-06-23 09:44:16,1745.0,562921
2021-06-23 09:44:17,1745.0,563342
2021-06-23 09:44:18,1745.0,563745
2021-06-23 09:44:18,1744.9,563799
2021-06-23 09:44:20,1744.8,563967
2021-06-23 09:44:21,1744.8,563967
2021-06-23 09:44:22,1745.0,564068
2021-06-23 09:44:23,1744.95,564300
2021-06-23 09:44:23,1745.0,564315
2021-06-23 09:44:24,1744.95,564346
2021-06-23 09:44:25,1745.0,564459
2021-06-23 09:44:26,1745.0,564910
2021-06-23 09:44:28,1745.0,565829
2021-06-23 09:44:28,1744.8,566255
2021-06-23 09:44:30,1744.8,566290
2021-06-23 09:44:31,1744.95,566292
2021-06-23 09:44:32,1745.0,566527
2021-06-23 09:44:33,1745.0,566643
2021-06-23 09:44:34,1745.0,566772
2021-06-23 09:44:35,1745.0,566973
2021-06-23 09:44:37,1745.0,567339
2021-06-23 09:44:37,1744.95,567340
2021-06-23 09:44:38,1745.0,567838
2021-06-23 09:44:39,1745.0,569257
2021-06-23 09:44:40,1745.0,570612
2021-06-23 09:44:41,1744.1,570846
2021-06-23 09:44:43,1744.0,571653
2021-06-23 09:44:44,1744.85,571708
2021-06-23 09:44:45,1745.0,573063
2021-06-23 09:44:45,1744.5,573659
2021-06-23 09:44:46,1745.0,574222
2021-06-23 09:44:47,1744.35,574408
2021-06-23 09:44:48,1745.0,574983
2021-06-23 09:44:50,1745.0,575435
2021-06-23 09:44:51,1744.75,575505
2021-06-23 09:44:53,1745.0,577679
2021-06-23 09:44:54,1745.0,577834
2021-06-23 09:44:55,1744.85,578995
2021-06-23 09:44:56,1745.0,579025
2021-06-23 09:44:57,1744.75,579086
2021-06-23 09:44:58,1745.0,579441
2021-06-23 09:45:00,1745.0,579944
2021-06-23 09:45:01,1745.0,580024
2021-06-23 09:45:02,1745.0,580024
2021-06-23 09:45:03,1745.0,580306
2021-06-23 09:45:04,1744.0,580776
2021-06-23 09:45:05,1744.25,582125
2021-06-23 09:45:06,1744.95,582189
2021-06-23 09:45:07,1744.9,582244
2021-06-23 09:45:08,1744.2,582976
2021-06-23 09:45:09,1745.0,583046
2021-06-23 09:45:09,1745.0,583046
2021-06-23 09:45:10,1744.75,583226
2021-06-23 09:45:12,1744.7,583269
2021-06-23 09:45:13,1744.1,583551
2021-06-23 09:45:14,1744.1,583632
2021-06-23 09:45:15,1744.55,583713
2021-06-23 09:45:15,1744.55,583713
2021-06-23 09:45:16,1744.8,584223
2021-06-23 09:45:17,1744.8,584343
2021-06-23 09:45:18,1744.05,584370
2021-06-23 09:45:19,1744.05,584370
2021-06-23 09:45:20,1744.1,584401
2021-06-23 09:45:21,1744.1,584401
2021-06-23 09:45:23,1744.75,584431
2021-06-23 09:45:24,1744.1,584462
2021-06-23 09:45:25,1744.75,584467
2021-06-23 09:45:26,1744.75,584470
2021-06-23 09:45:28,1744.75,584514
2021-06-23 09:45:29,1744.75,584518
2021-06-23 09:45:30,1744.75,584645
2021-06-23 09:45:31,1744.75,585044
2021-06-23 09:45:31,1744.75,585128
2021-06-23 09:45:33,1744.45,585615
2021-06-23 09:45:34,1744.75,585700
2021-06-23 09:45:35,1744.75,585827
2021-06-23 09:45:36,1745.0,586229
2021-06-23 09:45:37,1744.45,586250
2021-06-23 09:45:38,1744.95,586362
2021-06-23 09:45:40,1744.8,586673
2021-06-23 09:45:41,1744.4,586742
2021-06-23 09:45:42,1744.3,586793
2021-06-23 09:45:43,1744.45,586814
2021-06-23 09:45:43,1745.0,586819
2021-06-23 09:45:44,1744.9,587103
2021-06-23 09:45:46,1744.35,587191
2021-06-23 09:45:47,1745.0,587193
2021-06-23 09:45:48,1745.0,587194
2021-06-23 09:45:49,1744.55,587244
2021-06-23 09:45:50,1744.55,588248
2021-06-23 09:45:51,1744.45,588286
2021-06-23 09:45:52,1744.45,588340
2021-06-23 09:45:53,1744.95,588485
2021-06-23 09:45:54,1744.95,588485
2021-06-23 09:45:54,1744.95,588485
2021-06-23 09:45:55,1744.45,588539
2021-06-23 09:45:56,1744.65,588765
2021-06-23 09:45:57,1744.95,588788
2021-06-23 09:45:58,1744.45,588890
2021-06-23 09:45:59,1745.0,588891
2021-06-23 09:46:00,1744.3,588897
2021-06-23 09:46:01,1744.55,588978
2021-06-23 09:46:02,1744.45,588985
2021-06-23 09:46:03,1744.3,589002
2021-06-23 09:46:04,1744.3,589019
2021-06-23 09:46:06,1744.5,589025
2021-06-23 09:46:07,1745.0,589260
2021-06-23 09:46:08,1744.15,589304
2021-06-23 09:46:09,1745.0,589331
2021-06-23 09:46:09,1745.0,589331
2021-06-23 09:46:10,1744.5,589335
2021-06-23 09:46:11,1744.5,589386
2021-06-23 09:46:12,1744.5,589420
2021-06-23 09:46:13,1744.35,589524
2021-06-23 09:46:15,1744.5,589544
2021-06-23 09:46:16,1744.5,589544
2021-06-23 09:46:18,1744.35,590681
2021-06-23 09:46:19,1744.35,590681
2021-06-23 09:46:21,1744.5,590739
2021-06-23 09:46:21,1744.65,590802
2021-06-23 09:46:22,1744.5,590827
2021-06-23 09:46:23,1744.65,590832
2021-06-23 09:46:24,1744.5,590842
2021-06-23 09:46:25,1744.65,590997
2021-06-23 09:46:28,1744.4,591056
2021-06-23 09:46:29,1744.15,591236
2021-06-23 09:46:30,1744.1,591239
2021-06-23 09:46:30,1744.1,591239
2021-06-23 09:46:31,1744.65,591266
2021-06-23 09:46:32,1744.5,591276
2021-06-23 09:46:33,1744.35,591374
2021-06-23 09:46:34,1744.35,591374
2021-06-23 09:46:37,1744.65,591890
2021-06-23 09:46:38,1744.3,591895
2021-06-23 09:46:39,1744.3,591908
2021-06-23 09:46:40,1744.6,591930
2021-06-23 09:46:41,1744.6,591937
2021-06-23 09:46:42,1744.3,592153
2021-06-23 09:46:42,1744.3,592153
2021-06-23 09:46:43,1744.6,592190
2021-06-23 09:46:45,1744.6,592298
2021-06-23 09:46:46,1744.3,592413
2021-06-23 09:46:47,1744.6,592434
2021-06-23 09:46:48,1744.6,592444
2021-06-23 09:46:49,1744.6,592456
2021-06-23 09:46:50,1744.6,592537
2021-06-23 09:46:51,1744.6,592587
2021-06-23 09:46:52,1744.5,592589
2021-06-23 09:46:53,1744.6,592595
2021-06-23 09:46:54,1744.3,592830
2021-06-23 09:46:55,1744.15,592877
2021-06-23 09:46:56,1744.15,592877
2021-06-23 09:46:57,1744.2,592933
2021-06-23 09:46:58,1744.6,593430
2021-06-23 09:46:59,1744.6,593430
2021-06-23 09:47:00,1744.1,593649
2021-06-23 09:47:01,1744.8,593657
2021-06-23 09:47:02,1744.8,593670
2021-06-23 09:47:03,1744.75,593701
2021-06-23 09:47:04,1744.8,593702
2021-06-23 09:47:04,1744.8,593702
2021-06-23 09:47:05,1744.8,593976
2021-06-23 09:47:06,1744.15,594035
2021-06-23 09:47:07,1744.9,594045
2021-06-23 09:47:08,1744.35,594150
2021-06-23 09:47:10,1744.95,594154
2021-06-23 09:47:11,1744.8,594355
2021-06-23 09:47:12,1744.45,594579
2021-06-23 09:47:14,1744.5,594619
2021-06-23 09:47:15,1744.6,594621
2021-06-23 09:47:17,1744.6,594641
2021-06-23 09:47:18,1744.6,594663
2021-06-23 09:47:18,1744.45,594867
2021-06-23 09:47:19,1744.6,594888
2021-06-23 09:47:21,1744.6,594965
2021-06-23 09:47:22,1744.3,595112
2021-06-23 09:47:23,1744.3,595112
2021-06-23 09:47:24,1744.6,595123
2021-06-23 09:47:25,1744.6,595142
2021-06-23 09:47:26,1744.55,597232
2021-06-23 09:47:27,1744.15,597333
2021-06-23 09:47:27,1744.1,597663
2021-06-23 09:47:28,1744.0,597819
2021-06-23 09:47:30,1743.5,599636
2021-06-23 09:47:31,1744.1,600728
2021-06-23 09:47:32,1743.35,600932
2021-06-23 09:47:33,1743.45,601072
2021-06-23 09:47:34,1744.0,601076
2021-06-23 09:47:35,1744.0,601157
2021-06-23 09:47:36,1743.65,601332
2021-06-23 09:47:37,1743.65,601424
2021-06-23 09:47:38,1743.65,601424
2021-06-23 09:47:39,1743.7,601438
2021-06-23 09:47:41,1744.2,601501
2021-06-23 09:47:42,1744.15,601586
2021-06-23 09:47:42,1744.15,601586
2021-06-23 09:47:43,1744.15,601666
2021-06-23 09:47:44,1744.15,602008
2021-06-23 09:47:46,1744.0,602292
2021-06-23 09:47:47,1744.55,602293
2021-06-23 09:47:48,1743.85,602418
2021-06-23 09:47:49,1743.6,602769
2021-06-23 09:47:50,1744.2,602778
2021-06-23 09:47:51,1744.2,602779
2021-06-23 09:47:51,1744.2,602779
2021-06-23 09:47:52,1744.2,602779
2021-06-23 09:47:54,1744.2,602779
2021-06-23 09:47:55,1744.2,602836
2021-06-23 09:47:56,1744.2,602861
2021-06-23 09:47:57,1744.05,602897
2021-06-23 09:47:58,1744.2,603117
2021-06-23 09:47:59,1744.5,603118
2021-06-23 09:48:00,1744.2,603119
2021-06-23 09:48:01,1744.05,603169
2021-06-23 09:48:02,1744.0,603258
2021-06-23 09:48:03,1744.1,603392
2021-06-23 09:48:04,1744.0,603437
2021-06-23 09:48:05,1744.0,603437
2021-06-23 09:48:06,1744.0,603437
2021-06-23 09:48:07,1744.0,603437
2021-06-23 09:48:08,1744.0,603437
2021-06-23 09:48:08,1744.0,603437
2021-06-23 09:48:09,1744.0,603437
2021-06-23 09:48:10,1744.75,603457
2021-06-23 09:48:11,1744.75,603602
2021-06-23 09:48:12,1744.25,603648
2021-06-23 09:48:13,1744.25,603648
2021-06-23 09:48:14,1744.15,603706
2021-06-23 09:48:16,1744.15,603706
2021-06-23 09:48:16,1744.8,603770
2021-06-23 09:48:18,1744.85,603790
2021-06-23 09:48:19,1744.85,603790
2021-06-23 09:48:20,1744.85,603790
2021-06-23 09:48:21,1744.85,603790
2021-06-23 09:48:22,1744.8,603990
2021-06-23 09:48:23,1744.3,604060
2021-06-23 09:48:24,1744.8,604184
2021-06-23 09:48:25,1744.4,604707
2021-06-23 09:48:26,1744.4,604707
2021-06-23 09:48:26,1744.35,604714
2021-06-23 09:48:27,1744.35,604904
2021-06-23 09:48:28,1744.4,604956
2021-06-23 09:48:29,1744.95,604976
2021-06-23 09:48:31,1744.85,605051
2021-06-23 09:48:32,1744.85,605051
2021-06-23 09:48:33,1744.95,605071
2021-06-23 09:48:34,1745.0,605661
2021-06-23 09:48:35,1744.85,606141
2021-06-23 09:48:36,1744.85,606141
2021-06-23 09:48:37,1744.95,606142
2021-06-23 09:48:38,1744.5,606475
2021-06-23 09:48:38,1744.95,606487
2021-06-23 09:48:39,1744.5,606509
2021-06-23 09:48:40,1744.95,606540
2021-06-23 09:48:41,1744.4,606577
2021-06-23 09:48:42,1744.4,606579
2021-06-23 09:48:43,1744.5,606880
2021-06-23 09:48:45,1744.85,607201
2021-06-23 09:48:46,1745.0,607301
2021-06-23 09:48:47,1744.5,607370
2021-06-23 09:48:49,1744.9,607472
2021-06-23 09:48:50,1744.85,607747
2021-06-23 09:48:51,1744.85,607957
2021-06-23 09:48:52,1744.85,608362
2021-06-23 09:48:53,1744.85,608602
2021-06-23 09:48:55,1744.5,608655
2021-06-23 09:48:56,1744.5,608655
2021-06-23 09:48:58,1744.85,608835
2021-06-23 09:48:57,1744.85,608826
2021-06-23 09:48:59,1744.9,608839
2021-06-23 09:49:00,1744.4,608991
2021-06-23 09:49:01,1744.4,608991
2021-06-23 09:49:02,1745.0,608992
2021-06-23 09:49:03,1744.95,608993
2021-06-23 09:49:04,1744.95,609020
2021-06-23 09:49:05,1744.95,609070
2021-06-23 09:49:06,1744.95,609070
2021-06-23 09:49:07,1744.95,609070
2021-06-23 09:49:08,1744.95,609072
2021-06-23 09:49:09,1744.95,609072
2021-06-23 09:49:10,1744.45,609172
2021-06-23 09:49:11,1744.45,609172
2021-06-23 09:49:12,1744.4,609208
2021-06-23 09:49:13,1744.95,609568
2021-06-23 09:49:14,1744.95,609993
2021-06-23 09:49:15,1745.0,611653
2021-06-23 09:49:16,1745.0,611653
2021-06-23 09:49:17,1744.4,611883
2021-06-23 09:49:18,1744.4,611935
2021-06-23 09:49:19,1744.4,611935
2021-06-23 09:49:20,1744.95,611936
2021-06-23 09:49:21,1744.95,611936
2021-06-23 09:49:22,1744.95,611936
2021-06-23 09:49:23,1744.95,611936
2021-06-23 09:49:25,1744.55,612171
2021-06-23 09:49:26,1744.95,612172
2021-06-23 09:49:27,1744.95,612321
2021-06-23 09:49:28,1744.1,612962
2021-06-23 09:49:29,1744.1,612962
2021-06-23 09:49:31,1744.65,612999
2021-06-23 09:49:32,1744.5,613054
2021-06-23 09:49:33,1744.65,613058
2021-06-23 09:49:34,1744.65,613086
2021-06-23 09:49:35,1744.65,613100
2021-06-23 09:49:36,1744.65,613421
2021-06-23 09:49:37,1744.4,614335
2021-06-23 09:49:38,1744.65,614435
2021-06-23 09:49:39,1744.65,614460
2021-06-23 09:49:40,1744.15,614634
2021-06-23 09:49:41,1744.15,614634
2021-06-23 09:49:42,1744.25,614748
2021-06-23 09:49:43,1744.25,614799
2021-06-23 09:49:44,1744.25,614842
2021-06-23 09:49:45,1744.25,614842
2021-06-23 09:49:46,1744.25,614842
2021-06-23 09:49:47,1744.35,614848
2021-06-23 09:49:48,1744.65,614969
2021-06-23 09:49:49,1744.65,615099
2021-06-23 09:49:50,1744.15,615290
2021-06-23 09:49:51,1744.65,615372
2021-06-23 09:49:52,1744.25,615403
2021-06-23 09:49:53,1744.25,615486
2021-06-23 09:49:54,1744.7,615586
2021-06-23 09:49:55,1744.7,615586
2021-06-23 09:49:57,1744.65,615654
2021-06-23 09:49:58,1744.65,615656
2021-06-23 09:49:59,1744.7,615658
2021-06-23 09:50:00,1744.7,615663
2021-06-23 09:50:01,1744.2,615666
2021-06-23 09:50:02,1744.7,615669
2021-06-23 09:50:03,1744.7,615669
2021-06-23 09:50:04,1744.7,615708
2021-06-23 09:50:05,1744.25,615709
2021-06-23 09:50:06,1744.9,615844
2021-06-23 09:50:07,1744.25,615866
2021-06-23 09:50:08,1744.7,615881
2021-06-23 09:50:09,1744.7,615881
2021-06-23 09:50:10,1744.25,615903
2021-06-23 09:50:11,1744.3,615939
2021-06-23 09:50:12,1744.3,615939
2021-06-23 09:50:13,1744.1,616530
2021-06-23 09:50:14,1744.6,616654
2021-06-23 09:50:15,1744.25,616754
2021-06-23 09:50:16,1744.55,617315
2021-06-23 09:50:17,1744.6,617360
2021-06-23 09:50:18,1744.55,617370
2021-06-23 09:50:19,1744.0,617435
2021-06-23 09:50:21,1744.6,617479
2021-06-23 09:50:20,1744.6,617479
2021-06-23 09:50:22,1744.6,617495
2021-06-23 09:50:23,1744.6,617695
2021-06-23 09:50:24,1744.6,618145
2021-06-23 09:50:25,1744.5,618229
2021-06-23 09:50:27,1743.7,619204
2021-06-23 09:50:26,1744.0,618270
2021-06-23 09:50:28,1744.0,619209
2021-06-23 09:50:29,1743.6,619396
2021-06-23 09:50:30,1743.7,619495
2021-06-23 09:50:31,1743.6,619602
2021-06-23 09:50:32,1744.0,619606
2021-06-23 09:50:33,1744.0,619630
2021-06-23 09:50:34,1744.0,619635
2021-06-23 09:50:35,1744.0,619635
2021-06-23 09:50:36,1744.0,619663
2021-06-23 09:50:37,1744.0,619670
2021-06-23 09:50:38,1743.65,619680
2021-06-23 09:50:39,1743.65,619680
2021-06-23 09:50:40,1743.65,619680
2021-06-23 09:50:41,1743.5,619717
2021-06-23 09:50:42,1743.5,619753
2021-06-23 09:50:43,1743.5,619753
2021-06-23 09:50:44,1744.0,619853
2021-06-23 09:50:45,1744.0,619878
2021-06-23 09:50:46,1744.0,619882
2021-06-23 09:50:47,1744.0,619882
2021-06-23 09:50:48,1744.0,619887
2021-06-23 09:50:49,1743.7,619897
2021-06-23 09:50:50,1744.0,620287
2021-06-23 09:50:51,1744.0,620287
2021-06-23 09:50:52,1744.0,620287
2021-06-23 09:50:53,1744.0,620343
2021-06-23 09:50:54,1744.0,620395
2021-06-23 09:50:55,1743.55,620545
2021-06-23 09:50:56,1743.55,620585
2021-06-23 09:50:57,1743.55,620585
2021-06-23 09:50:58,1743.5,620757
2021-06-23 09:50:59,1744.0,620859
2021-06-23 09:51:00,1743.5,620887
2021-06-23 09:51:01,1743.6,620968
2021-06-23 09:51:02,1744.05,621219
2021-06-23 09:51:03,1743.6,621340
2021-06-23 09:51:05,1744.1,621341
2021-06-23 09:51:06,1744.2,621438
2021-06-23 09:51:06,1744.2,621438
2021-06-23 09:51:08,1744.0,621726
2021-06-23 09:51:09,1744.05,621779
2021-06-23 09:51:10,1744.3,621884
2021-06-23 09:51:11,1744.3,621916
2021-06-23 09:51:12,1744.3,621943
2021-06-23 09:51:13,1744.0,622287
2021-06-23 09:51:14,1744.0,622374
2021-06-23 09:51:15,1744.3,622384
2021-06-23 09:51:17,1744.0,622409
2021-06-23 09:51:18,1744.3,622410
2021-06-23 09:51:18,1744.3,622410
2021-06-23 09:51:19,1744.3,622430
2021-06-23 09:51:20,1744.35,623473
2021-06-23 09:51:21,1744.35,624158
2021-06-23 09:51:22,1744.2,624170
2021-06-23 09:51:24,1744.8,624171
2021-06-23 09:51:24,1744.65,624546
2021-06-23 09:51:25,1744.9,624646
2021-06-23 09:51:27,1744.25,624752
2021-06-23 09:51:28,1744.0,625970
2021-06-23 09:51:29,1743.65,625972
2021-06-23 09:51:30,1743.6,625983
2021-06-23 09:51:31,1744.0,626053
2021-06-23 09:51:32,1744.0,626053
2021-06-23 09:51:33,1744.0,626359
2021-06-23 09:51:34,1744.0,626388
2021-06-23 09:51:35,1743.5,626444
2021-06-23 09:51:36,1744.0,626679
2021-06-23 09:51:37,1743.95,627265
2021-06-23 09:51:39,1743.95,627372
2021-06-23 09:51:40,1743.95,627392
2021-06-23 09:51:42,1743.9,627431
2021-06-23 09:51:43,1743.95,627612
2021-06-23 09:51:44,1743.95,627612
2021-06-23 09:51:45,1743.7,627772
2021-06-23 09:51:47,1743.7,627800
2021-06-23 09:51:47,1743.7,627800
2021-06-23 09:51:48,1744.0,627801
2021-06-23 09:51:49,1744.0,627826
2021-06-23 09:51:50,1743.5,627870
2021-06-23 09:51:51,1743.5,627870
2021-06-23 09:51:52,1744.0,628031
2021-06-23 09:51:53,1743.7,628051
2021-06-23 09:51:55,1744.0,628285
2021-06-23 09:51:55,1743.5,628306
2021-06-23 09:51:56,1743.5,628308
2021-06-23 09:51:57,1743.4,628394
2021-06-23 09:51:58,1743.85,628736
2021-06-23 09:51:59,1743.35,628813
2021-06-23 09:52:00,1743.85,628828
2021-06-23 09:52:01,1743.85,628850
2021-06-23 09:52:03,1743.55,628956
2021-06-23 09:52:03,1743.5,628958
2021-06-23 09:52:04,1743.35,629563
2021-06-23 09:52:05,1743.3,629692
2021-06-23 09:52:06,1743.5,629705
2021-06-23 09:52:07,1743.05,629942
2021-06-23 09:52:08,1743.5,629970
2021-06-23 09:52:10,1743.5,630076
2021-06-23 09:52:10,1743.0,630361
2021-06-23 09:52:12,1743.0,630434
2021-06-23 09:52:13,1743.8,630484
2021-06-23 09:52:14,1743.0,631523
2021-06-23 09:52:16,1742.75,631644
2021-06-23 09:52:17,1743.8,631645
2021-06-23 09:52:17,1743.0,631655
2021-06-23 09:52:18,1743.7,631731
2021-06-23 09:52:19,1742.9,631794
2021-06-23 09:52:20,1742.9,631794
2021-06-23 09:52:21,1743.0,631799
2021-06-23 09:52:22,1743.5,631870
2021-06-23 09:52:23,1743.5,631870
2021-06-23 09:52:24,1743.0,631882
2021-06-23 09:52:25,1743.25,631984
2021-06-23 09:52:26,1743.15,632141
2021-06-23 09:52:27,1743.15,632177
2021-06-23 09:52:28,1743.25,632229
2021-06-23 09:52:29,1743.25,632230
2021-06-23 09:52:31,1743.2,632494
2021-06-23 09:52:32,1743.2,632533
2021-06-23 09:52:32,1743.2,632533
2021-06-23 09:52:33,1743.2,632569
2021-06-23 09:52:34,1742.9,632570
2021-06-23 09:52:35,1742.65,632590
2021-06-23 09:52:36,1742.65,632590
2021-06-23 09:52:39,1743.25,632805
2021-06-23 09:52:39,1743.25,632805
2021-06-23 09:52:40,1743.25,632816
2021-06-23 09:52:41,1742.6,632902
2021-06-23 09:52:43,1742.65,633683
2021-06-23 09:52:44,1742.6,633808
2021-06-23 09:52:45,1742.95,633855
2021-06-23 09:52:46,1742.95,633855
2021-06-23 09:52:48,1742.95,633855
2021-06-23 09:52:49,1742.95,633944
2021-06-23 09:52:50,1742.95,633985
2021-06-23 09:52:50,1742.55,634477
2021-06-23 09:52:51,1742.75,635688
2021-06-23 09:52:52,1742.25,636020
2021-06-23 09:52:53,1742.4,636091
2021-06-23 09:52:54,1742.8,636255
2021-06-23 09:52:55,1742.8,636508
2021-06-23 09:52:56,1742.2,636564
2021-06-23 09:52:58,1742.6,636579
2021-06-23 09:52:58,1742.6,636579
2021-06-23 09:52:59,1742.8,636600
2021-06-23 09:53:00,1742.25,636690
2021-06-23 09:53:02,1742.8,636694
2021-06-23 09:53:03,1742.25,636805
2021-06-23 09:53:04,1742.25,636805
2021-06-23 09:53:06,1742.8,637152
2021-06-23 09:53:07,1742.6,637194
2021-06-23 09:53:08,1742.8,637195
2021-06-23 09:53:09,1742.8,637239
2021-06-23 09:53:10,1742.8,637343
2021-06-23 09:53:11,1742.8,637353
2021-06-23 09:53:12,1742.25,637434
2021-06-23 09:53:13,1742.8,637469
2021-06-23 09:53:14,1742.8,637497
2021-06-23 09:53:15,1742.55,637659
2021-06-23 09:53:16,1742.25,637826
2021-06-23 09:53:17,1742.3,638567
2021-06-23 09:53:19,1742.55,638823
2021-06-23 09:53:20,1742.8,638841
2021-06-23 09:53:20,1742.55,638823
2021-06-23 09:53:22,1742.85,638861
2021-06-23 09:53:24,1742.3,638896
2021-06-23 09:53:25,1742.9,639097
2021-06-23 09:53:25,1742.9,639098
2021-06-23 09:53:26,1742.7,639261
2021-06-23 09:53:28,1742.9,639335
2021-06-23 09:53:29,1742.9,639391
2021-06-23 09:53:29,1742.9,639391
2021-06-23 09:53:30,1742.9,642601
2021-06-23 09:53:31,1742.9,642601
2021-06-23 09:53:32,1742.65,643077
2021-06-23 09:53:33,1742.7,643184
2021-06-23 09:53:35,1742.8,643254
2021-06-23 09:53:36,1742.8,643321
2021-06-23 09:53:37,1742.8,643333
2021-06-23 09:53:37,1742.8,643333
2021-06-23 09:53:38,1742.8,643365
2021-06-23 09:53:39,1743.3,643375
2021-06-23 09:53:40,1742.0,652019
2021-06-23 09:53:42,1741.75,652122
2021-06-23 09:53:43,1742.75,652153
2021-06-23 09:53:43,1742.75,652173
2021-06-23 09:53:44,1742.9,652193
2021-06-23 09:53:45,1742.9,652243
2021-06-23 09:53:46,1742.25,652489
2021-06-23 09:53:48,1742.2,652726
2021-06-23 09:53:49,1742.95,652728
2021-06-23 09:53:50,1742.95,652729
2021-06-23 09:53:50,1742.95,652729
2021-06-23 09:53:51,1742.95,652729
2021-06-23 09:53:52,1742.95,652769
2021-06-23 09:53:53,1742.95,652784
2021-06-23 09:53:55,1742.9,652994
2021-06-23 09:53:56,1742.7,653114
2021-06-23 09:53:56,1742.7,653114
2021-06-23 09:53:57,1742.6,653150
2021-06-23 09:53:58,1743.55,653476
2021-06-23 09:53:59,1742.9,653742
2021-06-23 09:54:00,1742.9,653742
2021-06-23 09:54:02,1743.65,653778
2021-06-23 09:54:03,1743.5,653779
2021-06-23 09:54:03,1743.5,653779
2021-06-23 09:54:04,1743.5,653779
2021-06-23 09:54:05,1743.05,653916
2021-06-23 09:54:06,1743.0,653936
2021-06-23 09:54:07,1743.35,654136
2021-06-23 09:54:08,1743.55,654241
2021-06-23 09:54:09,1743.0,654251
2021-06-23 09:54:11,1742.6,654357
2021-06-23 09:54:12,1742.7,654464
2021-06-23 09:54:13,1742.6,654791
2021-06-23 09:54:13,1742.6,654791
2021-06-23 09:54:14,1742.8,654802
2021-06-23 09:54:15,1743.4,656292
2021-06-23 09:54:16,1743.4,656292
2021-06-23 09:54:17,1743.45,656342
2021-06-23 09:54:18,1742.8,656508
2021-06-23 09:54:19,1742.8,656508
2021-06-23 09:54:20,1742.8,656508
2021-06-23 09:54:21,1743.45,656513
2021-06-23 09:54:22,1743.0,656523
2021-06-23 09:54:24,1742.9,656563
2021-06-23 09:54:25,1742.9,656563
2021-06-23 09:54:26,1742.9,656563
2021-06-23 09:54:27,1742.6,656599
2021-06-23 09:54:28,1742.6,656599
2021-06-23 09:54:29,1742.6,656599
2021-06-23 09:54:30,1743.0,656621
2021-06-23 09:54:30,1743.0,656621
2021-06-23 09:54:31,1742.35,656822
2021-06-23 09:54:32,1743.0,656842
2021-06-23 09:54:33,1743.0,656842
2021-06-23 09:54:34,1743.0,656862
2021-06-23 09:54:35,1742.9,656873
2021-06-23 09:54:36,1744.05,665366
2021-06-23 09:54:38,1744.05,665396
2021-06-23 09:54:39,1744.85,665421
2021-06-23 09:54:40,1745.0,665496
2021-06-23 09:54:41,1745.0,665506
2021-06-23 09:54:41,1745.0,665531
2021-06-23 09:54:42,1745.0,665531
2021-06-23 09:54:43,1744.45,665538
2021-06-23 09:54:44,1743.8,715307
2021-06-23 09:54:45,1742.95,715332
2021-06-23 09:54:46,1742.95,715332
2021-06-23 09:54:48,1744.0,763550
2021-06-23 09:54:49,1744.0,763550
2021-06-23 09:54:49,1744.0,763550
2021-06-23 09:54:50,1744.0,763550
2021-06-23 09:54:51,1744.0,788580
2021-06-23 09:54:52,1744.0,788580
2021-06-23 09:54:53,1744.0,814120
2021-06-23 09:54:54,1744.0,904842
2021-06-23 09:54:56,1744.0,905242
2021-06-23 09:54:57,1743.85,905299
2021-06-23 09:54:57,1743.85,905299
2021-06-23 09:54:58,1744.0,925423
2021-06-23 09:54:59,1743.85,956439
2021-06-23 09:55:01,1744.1,966920
2021-06-23 09:55:02,1744.05,966921
2021-06-23 09:55:04,1744.85,966926
2021-06-23 09:55:05,1744.15,967125
2021-06-23 09:55:06,1744.85,967345
2021-06-23 09:55:06,1744.85,967345
2021-06-23 09:55:07,1744.95,967347
2021-06-23 09:55:08,1744.95,967398
2021-06-23 09:55:09,1745.0,968051
2021-06-23 09:55:10,1744.5,968058
2021-06-23 09:55:12,1745.0,968259
2021-06-23 09:55:13,1745.0,968309
2021-06-23 09:55:14,1744.7,968609
2021-06-23 09:55:14,1745.0,968559
2021-06-23 09:55:15,1745.0,968868
2021-06-23 09:55:16,1745.0,969418
2021-06-23 09:55:17,1745.0,969934
2021-06-23 09:55:18,1745.0,969974
2021-06-23 09:55:19,1744.85,970000
2021-06-23 09:55:20,1745.0,970005
2021-06-23 09:55:21,1745.0,970755
2021-06-23 09:55:22,1744.1,970861
2021-06-23 09:55:24,1744.95,971464
2021-06-23 09:55:25,1744.95,971475
2021-06-23 09:55:25,1744.95,971475
2021-06-23 09:55:26,1744.5,971498
2021-06-23 09:55:27,1744.5,971535
2021-06-23 09:55:28,1744.5,971735
2021-06-23 09:55:29,1744.5,971747
2021-06-23 09:55:31,1744.95,971855
2021-06-23 09:55:32,1744.95,971855
2021-06-23 09:55:33,1744.95,971855
2021-06-23 09:55:33,1744.5,971860
2021-06-23 09:55:34,1744.95,971890
2021-06-23 09:55:35,1744.95,971890
2021-06-23 09:55:36,1744.95,972094
2021-06-23 09:55:37,1745.0,972602
2021-06-23 09:55:38,1745.0,972654
2021-06-23 09:55:39,1746.15,973814
2021-06-23 09:55:41,1745.75,974284
2021-06-23 09:55:42,1746.75,974562
2021-06-23 09:55:43,1746.65,974614
2021-06-23 09:55:44,1747.0,975329
2021-06-23 09:55:45,1747.0,975445
2021-06-23 09:55:45,1746.65,975455
2021-06-23 09:55:46,1746.65,975455
2021-06-23 09:55:47,1747.0,976271
2021-06-23 09:55:48,1747.7,976382
2021-06-23 09:55:50,1747.0,976434
2021-06-23 09:55:51,1748.2,976659
2021-06-23 09:55:52,1748.0,977188
2021-06-23 09:55:52,1747.4,977256
2021-06-23 09:55:53,1748.0,977765
2021-06-23 09:55:55,1747.5,977799
2021-06-23 09:55:56,1747.0,977940
2021-06-23 09:55:57,1746.9,978090
2021-06-23 09:55:58,1747.0,978312
2021-06-23 09:55:58,1747.0,978312
2021-06-23 09:55:59,1747.0,978362
2021-06-23 09:56:00,1746.7,978405
2021-06-23 09:56:01,1746.7,978511
2021-06-23 09:56:02,1747.0,978679
2021-06-23 09:56:04,1747.0,978783
2021-06-23 09:56:05,1747.0,978799
2021-06-23 09:56:06,1746.6,978800
2021-06-23 09:56:08,1745.5,979004
2021-06-23 09:56:09,1746.35,979034
2021-06-23 09:56:09,1746.35,979034
2021-06-23 09:56:10,1746.3,979069
2021-06-23 09:56:11,1745.35,979072
2021-06-23 09:56:13,1745.3,979258
2021-06-23 09:56:14,1746.0,979309
2021-06-23 09:56:15,1745.45,979375
2021-06-23 09:56:16,1745.2,979376
2021-06-23 09:56:17,1745.0,979562
2021-06-23 09:56:19,1745.0,980375
2021-06-23 09:56:19,1745.0,980370
2021-06-23 09:56:20,1745.0,980406
2021-06-23 09:56:22,1745.0,980508
2021-06-23 09:56:23,1745.0,980513
2021-06-23 09:56:24,1745.0,981332
2021-06-23 09:56:26,1745.0,981684
2021-06-23 09:56:27,1745.0,981714
2021-06-23 09:56:28,1745.6,981794
2021-06-23 09:56:29,1745.0,981900
2021-06-23 09:56:31,1745.35,982063
2021-06-23 09:56:31,1745.0,983307
2021-06-23 09:56:32,1745.0,983329
2021-06-23 09:56:33,1745.25,983561
2021-06-23 09:56:34,1745.7,983713
2021-06-23 09:56:36,1746.0,984266
2021-06-23 09:56:37,1746.0,984403
2021-06-23 09:56:39,1745.4,984558
2021-06-23 09:56:40,1746.0,984671
2021-06-23 09:56:41,1745.5,984707
2021-06-23 09:56:42,1746.0,984784
2021-06-23 09:56:44,1746.0,984784
2021-06-23 09:56:45,1746.0,984794
2021-06-23 09:56:46,1746.0,984804
2021-06-23 09:56:47,1746.0,987280
2021-06-23 09:56:47,1746.0,986919
2021-06-23 09:56:48,1746.0,987406
2021-06-23 09:56:49,1745.75,987442
2021-06-23 09:56:50,1746.0,987468
2021-06-23 09:56:51,1746.0,987566
2021-06-23 09:56:53,1746.0,987592
2021-06-23 09:56:54,1745.85,987671
2021-06-23 09:56:55,1745.35,987683
2021-06-23 09:56:56,1745.35,987683
2021-06-23 09:56:56,1745.35,987736
2021-06-23 09:56:57,1745.85,987874
2021-06-23 09:56:58,1745.85,987916
2021-06-23 09:56:59,1746.0,988220
2021-06-23 09:57:01,1745.85,988302
2021-06-23 09:57:02,1745.4,988524
2021-06-23 09:57:03,1745.5,988664
2021-06-23 09:57:04,1746.0,988690
2021-06-23 09:57:05,1746.0,988690
2021-06-23 09:57:06,1745.85,989108
2021-06-23 09:57:07,1745.85,989198
2021-06-23 09:57:08,1745.85,989575
2021-06-23 09:57:10,1745.2,989662
2021-06-23 09:57:11,1745.2,989662
2021-06-23 09:57:12,1745.35,989715
2021-06-23 09:57:13,1745.85,989717
2021-06-23 09:57:14,1745.85,989717
2021-06-23 09:57:15,1745.85,989717
2021-06-23 09:57:15,1745.85,989717
2021-06-23 09:57:16,1745.85,989717
2021-06-23 09:57:17,1745.9,989718
2021-06-23 09:57:20,1745.5,990132
2021-06-23 09:57:21,1746.0,990556
2021-06-23 09:57:22,1745.45,990581
2021-06-23 09:57:23,1746.0,990759
2021-06-23 09:57:25,1745.5,990788
2021-06-23 09:57:26,1745.6,991008
2021-06-23 09:57:27,1746.0,991445
2021-06-23 09:57:28,1746.0,991604
2021-06-23 09:57:28,1745.55,993219
2021-06-23 09:57:30,1746.0,993587
2021-06-23 09:57:31,1745.5,993646
2021-06-23 09:57:31,1745.5,993646
2021-06-23 09:57:32,1745.35,993947
2021-06-23 09:57:33,1745.35,993947
2021-06-23 09:57:36,1746.0,994153
2021-06-23 09:57:38,1745.5,994224
2021-06-23 09:57:39,1746.0,994324
2021-06-23 09:57:40,1745.5,994329
2021-06-23 09:57:41,1746.0,994519
2021-06-23 09:57:42,1746.0,994779
2021-06-23 09:57:43,1746.0,994784
2021-06-23 09:57:44,1746.0,994786
2021-06-23 09:57:46,1746.0,994787
2021-06-23 09:57:46,1746.0,994787
2021-06-23 09:57:48,1746.0,994802
2021-06-23 09:57:49,1746.0,994802
2021-06-23 09:57:49,1746.0,994802
2021-06-23 09:57:50,1745.3,994987
2021-06-23 09:57:51,1745.3,994987
2021-06-23 09:57:53,1745.5,994992
2021-06-23 09:57:54,1745.5,994992
2021-06-23 09:57:55,1745.95,994993
2021-06-23 09:57:56,1745.95,994999
2021-06-23 09:57:57,1745.45,995035
2021-06-23 09:57:57,1745.45,995035
2021-06-23 09:57:58,1745.95,995137
2021-06-23 09:57:59,1745.9,995147
2021-06-23 09:58:01,1745.9,995182
2021-06-23 09:58:01,1745.9,995182
2021-06-23 09:58:02,1746.0,995582
2021-06-23 09:58:04,1746.0,995582
2021-06-23 09:58:05,1745.95,995603
2021-06-23 09:58:06,1746.0,995728
2021-06-23 09:58:06,1746.0,995728
2021-06-23 09:58:08,1745.55,995753
2021-06-23 09:58:10,1746.0,995763
2021-06-23 09:58:12,1745.95,996011
2021-06-23 09:58:12,1745.5,996056
2021-06-23 09:58:13,1745.55,996064
2021-06-23 09:58:14,1746.0,996314
2021-06-23 09:58:16,1745.55,996436
2021-06-23 09:58:17,1745.55,996436
2021-06-23 09:58:18,1745.55,996436
2021-06-23 09:58:19,1745.55,996436
2021-06-23 09:58:20,1745.5,996526
2021-06-23 09:58:21,1745.5,996526
2021-06-23 09:58:21,1745.5,996526
2021-06-23 09:58:22,1745.9,996561
2021-06-23 09:58:23,1745.9,996586
2021-06-23 09:58:24,1745.9,996588
2021-06-23 09:58:25,1745.9,996588
2021-06-23 09:58:27,1745.9,996740
2021-06-23 09:58:28,1745.9,996754
2021-06-23 09:58:29,1745.9,996779
2021-06-23 09:58:30,1745.9,996789
2021-06-23 09:58:31,1745.9,996789
2021-06-23 09:58:32,1745.9,996789
2021-06-23 09:58:33,1745.9,996799
2021-06-23 09:58:34,1745.9,996799
2021-06-23 09:58:35,1745.9,996802
2021-06-23 09:58:36,1745.9,996802
2021-06-23 09:58:37,1745.9,996813
2021-06-23 09:58:38,1745.9,996813
2021-06-23 09:58:39,1745.9,996813
2021-06-23 09:58:40,1745.5,997014
2021-06-23 09:58:41,1745.9,997087
2021-06-23 09:58:41,1745.5,997124
2021-06-23 09:58:42,1745.9,997126
2021-06-23 09:58:43,1745.9,997126
2021-06-23 09:58:44,1745.5,997133
2021-06-23 09:58:45,1745.8,997276
2021-06-23 09:58:46,1745.8,997334
2021-06-23 09:58:48,1745.5,997347
2021-06-23 09:58:49,1745.5,997347
2021-06-23 09:58:50,1745.5,997352
2021-06-23 09:58:51,1745.5,997352
2021-06-23 09:58:52,1745.5,997352
2021-06-23 09:58:53,1745.5,997627
2021-06-23 09:58:54,1745.0,999550
2021-06-23 09:58:55,1745.4,1000000
2021-06-23 09:58:55,1745.0,1000091
2021-06-23 09:58:56,1745.0,1002421
2021-06-23 09:58:57,1745.0,1004759
2021-06-23 09:59:00,1745.45,1005902
2021-06-23 09:59:00,1745.45,1005902
2021-06-23 09:59:01,1745.05,1006111
2021-06-23 09:59:03,1745.35,1006245
2021-06-23 09:59:04,1745.0,1006388
2021-06-23 09:59:05,1745.0,1006390
2021-06-23 09:59:06,1745.3,1006415
2021-06-23 09:59:07,1745.3,1006415
2021-06-23 09:59:08,1745.0,1006465
2021-06-23 09:59:10,1745.0,1006508
2021-06-23 09:59:11,1745.3,1006536
2021-06-23 09:59:12,1745.0,1006573
2021-06-23 09:59:13,1745.0,1006577
2021-06-23 09:59:14,1745.0,1006753
2021-06-23 09:59:15,1745.3,1006908
2021-06-23 09:59:15,1745.3,1006908
2021-06-23 09:59:16,1745.3,1006915
2021-06-23 09:59:17,1745.3,1006915
2021-06-23 09:59:19,1745.3,1006920
2021-06-23 09:59:20,1745.1,1006921
2021-06-23 09:59:21,1745.1,1006921
2021-06-23 09:59:21,1745.1,1006921
2021-06-23 09:59:22,1745.1,1006921
2021-06-23 09:59:24,1745.0,1007071
2021-06-23 09:59:25,1745.45,1008131
2021-06-23 09:59:25,1745.2,1008231
2021-06-23 09:59:26,1745.2,1008434
2021-06-23 09:59:28,1745.2,1008492
2021-06-23 09:59:29,1745.2,1008492
2021-06-23 09:59:30,1745.0,1008782
2021-06-23 09:59:31,1745.95,1009843
2021-06-23 09:59:32,1745.05,1009853
2021-06-23 09:59:33,1745.0,1010026
2021-06-23 09:59:34,1745.8,1010259
2021-06-23 09:59:35,1745.05,1010269
2021-06-23 09:59:36,1745.05,1010269
2021-06-23 09:59:37,1745.1,1010276
2021-06-23 09:59:38,1745.75,1010289
2021-06-23 09:59:39,1745.9,1010299
2021-06-23 09:59:40,1745.9,1010357
2021-06-23 09:59:41,1745.85,1010477
2021-06-23 09:59:42,1745.65,1010484
2021-06-23 09:59:43,1745.65,1010484
2021-06-23 09:59:43,1745.2,1010504
2021-06-23 09:59:45,1745.75,1010704
2021-06-23 09:59:46,1745.15,1010721
2021-06-23 09:59:47,1745.1,1010732
2021-06-23 09:59:48,1745.0,1017677
2021-06-23 09:59:49,1745.0,1017677
2021-06-23 09:59:50,1745.0,1017678
2021-06-23 09:59:51,1745.0,1017708
2021-06-23 09:59:52,1745.0,1017709
2021-06-23 09:59:53,1745.0,1017709
2021-06-23 09:59:55,1744.5,1017738
2021-06-23 09:59:54,1745.0,1017714
2021-06-23 09:59:56,1744.05,1019938
2021-06-23 09:59:57,1744.65,1019977
2021-06-23 09:59:58,1744.75,1020067
2021-06-23 09:59:59,1744.75,1020067
2021-06-23 10:00:00,1744.75,1020067
2021-06-23 10:00:01,1744.75,1020169
2021-06-23 10:00:02,1744.75,1020169
2021-06-23 10:00:03,1744.05,1020199
2021-06-23 10:00:04,1744.0,1030826
2021-06-23 10:00:05,1744.0,1030846
2021-06-23 10:00:06,1744.4,1030876
2021-06-23 10:00:07,1744.4,1030876
2021-06-23 10:00:08,1744.0,1030913
2021-06-23 10:00:09,1744.35,1031018
2021-06-23 10:00:10,1744.0,1031021
2021-06-23 10:00:11,1744.35,1031026
2021-06-23 10:00:12,1744.3,1031066
2021-06-23 10:00:13,1743.1,1031650
2021-06-23 10:00:14,1743.1,1031650
2021-06-23 10:00:15,1744.1,1032001
2021-06-23 10:00:16,1744.1,1032001
2021-06-23 10:00:17,1743.75,1032334
2021-06-23 10:00:18,1743.85,1032441
2021-06-23 10:00:19,1743.05,1032686
2021-06-23 10:00:20,1743.9,1032695
2021-06-23 10:00:22,1743.9,1032695
2021-06-23 10:00:21,1743.9,1032695
2021-06-23 10:00:23,1743.35,1032795
2021-06-23 10:00:24,1743.9,1032982
2021-06-23 10:00:25,1743.3,1032992
2021-06-23 10:00:26,1743.9,1033092
2021-06-23 10:00:27,1743.25,1033128
2021-06-23 10:00:30,1743.9,1033131
2021-06-23 10:00:31,1743.25,1033174
2021-06-23 10:00:32,1743.3,1033374
2021-06-23 10:00:33,1743.3,1033374
2021-06-23 10:00:35,1743.8,1033585
2021-06-23 10:00:36,1743.25,1033635
2021-06-23 10:00:37,1743.5,1033870
2021-06-23 10:00:38,1743.4,1034070
2021-06-23 10:00:39,1743.25,1034110
2021-06-23 10:00:40,1743.25,1034110
2021-06-23 10:00:41,1743.25,1034110
2021-06-23 10:00:42,1743.25,1034146
2021-06-23 10:00:43,1743.25,1034146
2021-06-23 10:00:44,1743.25,1034146
2021-06-23 10:00:45,1743.25,1034146
2021-06-23 10:00:46,1743.85,1034316
2021-06-23 10:00:47,1743.85,1034316
2021-06-23 10:00:48,1743.6,1034323
2021-06-23 10:00:49,1744.0,1036121
2021-06-23 10:00:50,1744.0,1036268
2021-06-23 10:00:51,1744.0,1036268
2021-06-23 10:00:52,1744.0,1036268
2021-06-23 10:00:53,1744.0,1036268
2021-06-23 10:00:54,1744.35,1036269
2021-06-23 10:00:55,1744.35,1036269
2021-06-23 10:00:56,1745.0,1036451
2021-06-23 10:00:57,1745.0,1036451
2021-06-23 10:00:59,1744.95,1036722
2021-06-23 10:01:00,1744.95,1036722
2021-06-23 10:01:01,1744.95,1036722
2021-06-23 10:01:02,1744.25,1036732
2021-06-23 10:01:03,1744.25,1036732
2021-06-23 10:01:04,1744.9,1036932
2021-06-23 10:01:05,1744.9,1036932
2021-06-23 10:01:06,1744.9,1036932
2021-06-23 10:01:07,1744.9,1036932
2021-06-23 10:01:08,1744.4,1036972
2021-06-23 10:01:09,1744.9,1037000
2021-06-23 10:01:10,1744.85,1037010
2021-06-23 10:01:11,1744.85,1037011
2021-06-23 10:01:12,1744.3,1037232
2021-06-23 10:01:13,1744.85,1037242
2021-06-23 10:01:14,1744.85,1037242
2021-06-23 10:01:15,1744.85,1037242
2021-06-23 10:01:16,1744.85,1037542
2021-06-23 10:01:17,1744.85,1037553
2021-06-23 10:01:18,1744.85,1037554
2021-06-23 10:01:19,1744.5,1037555
2021-06-23 10:01:20,1744.85,1037590
2021-06-23 10:01:21,1744.85,1037590
2021-06-23 10:01:22,1744.85,1037600
2021-06-23 10:01:23,1744.85,1037626
2021-06-23 10:01:24,1744.85,1037630
2021-06-23 10:01:25,1744.5,1037631
2021-06-23 10:01:26,1744.5,1037631
2021-06-23 10:01:27,1744.5,1037667
2021-06-23 10:01:28,1744.5,1037667
2021-06-23 10:01:29,1744.85,1037690
2021-06-23 10:01:30,1744.85,1037690
2021-06-23 10:01:31,1744.85,1037692
2021-06-23 10:01:32,1744.85,1037692
2021-06-23 10:01:33,1744.85,1037717
2021-06-23 10:01:34,1744.85,1037717
2021-06-23 10:01:35,1744.85,1037769
2021-06-23 10:01:36,1744.85,1037821
2021-06-23 10:01:37,1744.85,1037846
2021-06-23 10:01:38,1744.85,1038129
2021-06-23 10:01:39,1744.5,1038187
2021-06-23 10:01:40,1744.5,1038208
2021-06-23 10:01:41,1745.0,1044042
2021-06-23 10:01:42,1745.0,1044043
2021-06-23 10:01:43,1745.0,1044043
2021-06-23 10:01:44,1745.0,1044043
2021-06-23 10:01:45,1745.0,1044053
2021-06-23 10:01:46,1745.0,1044053
2021-06-23 10:01:47,1745.0,1044177
2021-06-23 10:01:48,1745.0,1044179
2021-06-23 10:01:49,1745.0,1044182
2021-06-23 10:01:50,1745.0,1044189
2021-06-23 10:01:51,1745.0,1044214
2021-06-23 10:01:52,1745.0,1044218
2021-06-23 10:01:53,1745.0,1044442
2021-06-23 10:01:54,1745.0,1044592
2021-06-23 10:01:55,1745.0,1046135
2021-06-23 10:01:56,1745.0,1049135
2021-06-23 10:01:57,1745.0,1049207
2021-06-23 10:01:58,1745.0,1049228
2021-06-23 10:01:59,1744.95,1049285
2021-06-23 10:02:00,1744.95,1049688
2021-06-23 10:02:01,1744.95,1051295
2021-06-23 10:02:03,1745.0,1053958
2021-06-23 10:02:03,1745.0,1053958
2021-06-23 10:02:05,1744.9,1054391
2021-06-23 10:02:05,1744.9,1054391
2021-06-23 10:02:06,1744.9,1054441
2021-06-23 10:02:07,1744.9,1054441
2021-06-23 10:02:08,1744.9,1055321
2021-06-23 10:02:09,1744.9,1055331
2021-06-23 10:02:10,1744.9,1055339
2021-06-23 10:02:12,1744.85,1055386
2021-06-23 10:02:12,1744.9,1055546
2021-06-23 10:02:13,1744.9,1055611
2021-06-23 10:02:14,1744.9,1055611
2021-06-23 10:02:15,1744.45,1055787
2021-06-23 10:02:16,1744.45,1055787
2021-06-23 10:02:17,1744.45,1055787
2021-06-23 10:02:18,1744.55,1055799
2021-06-23 10:02:19,1744.55,1055799
2021-06-23 10:02:21,1744.3,1055836
2021-06-23 10:02:21,1744.3,1055836
2021-06-23 10:02:23,1744.55,1055838
2021-06-23 10:02:23,1744.55,1055838
2021-06-23 10:02:24,1744.55,1055838
2021-06-23 10:02:25,1744.55,1055838
2021-06-23 10:02:26,1744.45,1055864
2021-06-23 10:02:27,1744.3,1056032
2021-06-23 10:02:28,1744.3,1056032
2021-06-23 10:02:29,1744.3,1056032
2021-06-23 10:02:31,1744.5,1056279
2021-06-23 10:02:32,1744.55,1056673
2021-06-23 10:02:32,1744.45,1056698
2021-06-23 10:02:34,1744.45,1056698
2021-06-23 10:02:34,1744.45,1056699
2021-06-23 10:02:36,1744.45,1056709
2021-06-23 10:02:37,1744.45,1056729
2021-06-23 10:02:38,1744.55,1056861
2021-06-23 10:02:39,1744.9,1057211
2021-06-23 10:02:40,1744.9,1057211
2021-06-23 10:02:41,1744.9,1057211
2021-06-23 10:02:42,1744.9,1057211
2021-06-23 10:02:43,1744.9,1057211
2021-06-23 10:02:44,1744.9,1057211
2021-06-23 10:02:47,1744.9,1057315
2021-06-23 10:02:48,1744.9,1057315
2021-06-23 10:02:49,1744.9,1057715
2021-06-23 10:02:51,1744.9,1057715
2021-06-23 10:02:52,1744.9,1057737
2021-06-23 10:02:53,1744.9,1057742
2021-06-23 10:02:54,1744.9,1057753
2021-06-23 10:02:55,1744.9,1057758
2021-06-23 10:02:56,1744.85,1057761
2021-06-23 10:02:57,1744.9,1057801
2021-06-23 10:02:58,1744.9,1057802
2021-06-23 10:02:59,1744.55,1057811
2021-06-23 10:03:00,1744.85,1058648
2021-06-23 10:03:01,1744.9,1059057
2021-06-23 10:03:02,1744.9,1059057
2021-06-23 10:03:04,1744.9,1059068
2021-06-23 10:03:05,1744.65,1059089
2021-06-23 10:03:06,1745.0,1067052
2021-06-23 10:03:06,1745.0,1067052
2021-06-23 10:03:07,1745.0,1067623
2021-06-23 10:03:08,1745.0,1067623
2021-06-23 10:03:10,1745.0,1067624
2021-06-23 10:03:11,1745.0,1067624
2021-06-23 10:03:12,1744.9,1067683
2021-06-23 10:03:14,1745.0,1067743
2021-06-23 10:03:15,1745.0,1068144
2021-06-23 10:03:16,1744.6,1068204
2021-06-23 10:03:17,1744.6,1068204
2021-06-23 10:03:18,1744.6,1068204
2021-06-23 10:03:19,1744.85,1068214
2021-06-23 10:03:20,1744.5,1068389
2021-06-23 10:03:22,1744.85,1068409
2021-06-23 10:03:25,1744.25,1068584
2021-06-23 10:03:26,1744.25,1069236
2021-06-23 10:03:27,1744.25,1069246
2021-06-23 10:03:28,1744.25,1069246
2021-06-23 10:03:30,1744.25,1069306
2021-06-23 10:03:30,1744.25,1069306
2021-06-23 10:03:31,1744.75,1069312
2021-06-23 10:03:32,1744.75,1069341
2021-06-23 10:03:33,1744.75,1069341
2021-06-23 10:03:34,1744.75,1069341
2021-06-23 10:03:35,1744.75,1069360
2021-06-23 10:03:36,1744.8,1069496
2021-06-23 10:03:37,1744.8,1069504
2021-06-23 10:03:38,1744.8,1069505
2021-06-23 10:03:39,1744.9,1070547
2021-06-23 10:03:40,1744.9,1070547
2021-06-23 10:03:41,1744.9,1070547
2021-06-23 10:03:42,1744.45,1070959
2021-06-23 10:03:43,1744.3,1071000
2021-06-23 10:03:45,1744.9,1071212
2021-06-23 10:03:49,1744.25,1071923
2021-06-23 10:03:50,1744.9,1071926
2021-06-23 10:03:52,1744.25,1072014
2021-06-23 10:03:52,1744.25,1072014
2021-06-23 10:03:53,1744.25,1072014
2021-06-23 10:03:54,1744.25,1072014
2021-06-23 10:03:55,1744.9,1072064
2021-06-23 10:03:56,1744.9,1072084
2021-06-23 10:03:57,1744.9,1072140
2021-06-23 10:03:58,1744.25,1072726
2021-06-23 10:03:59,1744.25,1072726
2021-06-23 10:04:00,1744.15,1072948
2021-06-23 10:04:01,1744.7,1072960
2021-06-23 10:04:02,1744.7,1072960
2021-06-23 10:04:04,1744.3,1072981
2021-06-23 10:04:05,1744.3,1072981
2021-06-23 10:04:05,1744.3,1072981
2021-06-23 10:04:07,1744.3,1072981
2021-06-23 10:04:08,1744.3,1072986
2021-06-23 10:04:09,1744.3,1072986
2021-06-23 10:04:10,1744.0,1073503
2021-06-23 10:04:11,1744.0,1073539
2021-06-23 10:04:12,1744.25,1073565
2021-06-23 10:04:13,1744.3,1073642
2021-06-23 10:04:14,1744.3,1073642
2021-06-23 10:04:15,1744.3,1073645
2021-06-23 10:04:17,1744.3,1073656
2021-06-23 10:04:18,1744.0,1073772
2021-06-23 10:04:19,1744.3,1073774
2021-06-23 10:04:21,1744.3,1073834
2021-06-23 10:04:21,1744.0,1073895
2021-06-23 10:04:22,1744.3,1073900
2021-06-23 10:04:23,1744.3,1074296
2021-06-23 10:04:25,1744.3,1074296
2021-06-23 10:04:26,1744.3,1074301
2021-06-23 10:04:27,1744.3,1074384
2021-06-23 10:04:28,1744.3,1074384
2021-06-23 10:04:28,1744.3,1074384
2021-06-23 10:04:29,1744.3,1074384
2021-06-23 10:04:30,1744.3,1074765
2021-06-23 10:04:31,1744.3,1074765
2021-06-23 10:04:33,1744.3,1074765
2021-06-23 10:04:34,1744.0,1074811
2021-06-23 10:04:35,1744.3,1075013
2021-06-23 10:04:36,1744.3,1075013
2021-06-23 10:04:36,1744.3,1075033
2021-06-23 10:04:37,1744.3,1075033
2021-06-23 10:04:38,1744.4,1075044
2021-06-23 10:04:39,1744.4,1075044
2021-06-23 10:04:40,1744.4,1075044
2021-06-23 10:04:42,1744.0,1075109
2021-06-23 10:04:43,1744.3,1075149
2021-06-23 10:04:43,1744.3,1075149
2021-06-23 10:04:44,1744.3,1075159
2021-06-23 10:04:45,1744.4,1075205
2021-06-23 10:04:46,1744.4,1075230
2021-06-23 10:04:47,1744.0,1075332
2021-06-23 10:04:48,1744.0,1075332
2021-06-23 10:04:49,1744.0,1075332
2021-06-23 10:04:50,1744.0,1075332
2021-06-23 10:04:52,1743.3,1075631
2021-06-23 10:04:53,1743.25,1075641
2021-06-23 10:04:54,1743.25,1075641
2021-06-23 10:04:55,1743.25,1075641
2021-06-23 10:04:56,1743.9,1075667
2021-06-23 10:04:57,1743.4,1075703
2021-06-23 10:04:58,1743.8,1075708
2021-06-23 10:04:59,1743.8,1075708
2021-06-23 10:05:00,1743.8,1075708
2021-06-23 10:05:01,1743.9,1075726
2021-06-23 10:05:02,1743.9,1075726
2021-06-23 10:05:03,1743.9,1075726
2021-06-23 10:05:04,1743.9,1075726
2021-06-23 10:05:05,1743.9,1075726
2021-06-23 10:05:07,1743.9,1075726
2021-06-23 10:05:08,1743.8,1075758
2021-06-23 10:05:09,1743.8,1076462
2021-06-23 10:05:09,1743.2,1075979
2021-06-23 10:05:11,1743.15,1076463
2021-06-23 10:05:11,1743.85,1076519
2021-06-23 10:05:13,1743.85,1076519
2021-06-23 10:05:14,1743.85,1076554
2021-06-23 10:05:15,1743.2,1076564
2021-06-23 10:05:16,1743.2,1076564
2021-06-23 10:05:16,1743.2,1076564
2021-06-23 10:05:17,1743.85,1076565
2021-06-23 10:05:19,1743.85,1076585
2021-06-23 10:05:20,1743.85,1076585
2021-06-23 10:05:21,1743.85,1076585
2021-06-23 10:05:22,1743.85,1076585
2021-06-23 10:05:23,1743.8,1076771
2021-06-23 10:05:24,1743.8,1076771
2021-06-23 10:05:26,1743.2,1076799
2021-06-23 10:05:27,1743.8,1076990
2021-06-23 10:05:28,1743.55,1077280
2021-06-23 10:05:29,1743.6,1077286
2021-06-23 10:05:30,1743.6,1077286
2021-06-23 10:05:31,1743.5,1077546
2021-06-23 10:05:32,1743.65,1077552
2021-06-23 10:05:33,1743.8,1077961
2021-06-23 10:05:33,1743.8,1077961
2021-06-23 10:05:35,1743.75,1077966
2021-06-23 10:05:36,1743.75,1077966
2021-06-23 10:05:37,1743.65,1078010
2021-06-23 10:05:38,1743.2,1078212
2021-06-23 10:05:39,1743.35,1078490
2021-06-23 10:05:40,1743.35,1078500
2021-06-23 10:05:41,1743.75,1078548
2021-06-23 10:05:42,1743.7,1078851
2021-06-23 10:05:42,1743.75,1078861
2021-06-23 10:05:44,1743.75,1078871
2021-06-23 10:05:45,1743.7,1078875
2021-06-23 10:05:46,1743.75,1079232
2021-06-23 10:05:47,1743.8,1079295
2021-06-23 10:05:48,1743.8,1079314
2021-06-23 10:05:50,1743.8,1079344
2021-06-23 10:05:50,1743.8,1079344
2021-06-23 10:05:52,1743.8,1079360
2021-06-23 10:05:53,1743.8,1079360
2021-06-23 10:05:53,1743.8,1079360
2021-06-23 10:05:55,1743.75,1079381
2021-06-23 10:05:56,1743.8,1079466
2021-06-23 10:05:57,1743.75,1079902
2021-06-23 10:05:57,1743.8,1079918
2021-06-23 10:05:58,1743.9,1080335
2021-06-23 10:05:59,1743.9,1080335
2021-06-23 10:06:01,1743.75,1081146
2021-06-23 10:06:02,1743.9,1081209
2021-06-23 10:06:04,1743.9,1081733
2021-06-23 10:06:06,1743.9,1081733
2021-06-23 10:06:06,1744.0,1082024
2021-06-23 10:06:07,1744.0,1082024
2021-06-23 10:06:08,1744.0,1082424
2021-06-23 10:06:09,1744.0,1082431
2021-06-23 10:06:11,1743.8,1082931
2021-06-23 10:06:12,1743.8,1082931
2021-06-23 10:06:13,1743.75,1082936
2021-06-23 10:06:14,1744.0,1083282
2021-06-23 10:06:14,1744.0,1083282
2021-06-23 10:06:15,1744.0,1083282
2021-06-23 10:06:16,1743.6,1083448
2021-06-23 10:06:17,1743.6,1083448
2021-06-23 10:06:18,1744.0,1083738
2021-06-23 10:06:19,1744.0,1083739
2021-06-23 10:06:21,1744.0,1083749
2021-06-23 10:06:22,1744.0,1083749
2021-06-23 10:06:23,1743.9,1083755
2021-06-23 10:06:25,1743.95,1083758
2021-06-23 10:06:26,1743.95,1083758
2021-06-23 10:06:27,1743.8,1084271
2021-06-23 10:06:27,1743.8,1084271
2021-06-23 10:06:28,1744.0,1084371
2021-06-23 10:06:29,1743.9,1084391
2021-06-23 10:06:30,1743.9,1084391
2021-06-23 10:06:31,1744.0,1084395
2021-06-23 10:06:32,1744.0,1084406
2021-06-23 10:06:33,1744.0,1084423
2021-06-23 10:06:34,1744.0,1084438
2021-06-23 10:06:35,1744.0,1084538
2021-06-23 10:06:37,1743.7,1084539
2021-06-23 10:06:38,1744.0,1084690
2021-06-23 10:06:39,1744.0,1084700
2021-06-23 10:06:40,1744.0,1084700
2021-06-23 10:06:41,1744.0,1085100
2021-06-23 10:06:41,1744.0,1085100
2021-06-23 10:06:42,1744.0,1085336
2021-06-23 10:06:43,1743.7,1085337
2021-06-23 10:06:45,1744.0,1085346
2021-06-23 10:06:46,1744.0,1085347
2021-06-23 10:06:47,1744.0,1085526
2021-06-23 10:06:48,1744.0,1085526
2021-06-23 10:06:49,1744.0,1085727
2021-06-23 10:06:50,1743.55,1085760
2021-06-23 10:06:51,1744.0,1085780
2021-06-23 10:06:52,1744.0,1086089
2021-06-23 10:06:53,1744.0,1086109
2021-06-23 10:06:54,1744.0,1086109
2021-06-23 10:06:55,1744.0,1086109
2021-06-23 10:06:55,1744.0,1086109
2021-06-23 10:06:56,1744.0,1086211
2021-06-23 10:06:57,1744.0,1086647
2021-06-23 10:06:58,1744.0,1086648
2021-06-23 10:06:59,1744.0,1086659
2021-06-23 10:07:00,1744.0,1086659
2021-06-23 10:07:01,1743.55,1087069
2021-06-23 10:07:03,1744.0,1087263
2021-06-23 10:07:07,1744.0,1087986
2021-06-23 10:07:08,1744.0,1087986
2021-06-23 10:07:08,1744.0,1088005
2021-06-23 10:07:09,1744.0,1088006
2021-06-23 10:07:10,1743.75,1088090
2021-06-23 10:07:11,1743.75,1088090
2021-06-23 10:07:12,1743.7,1088126
2021-06-23 10:07:13,1743.7,1088126
2021-06-23 10:07:14,1744.0,1088130
2021-06-23 10:07:16,1744.0,1088230
2021-06-23 10:07:17,1744.0,1088230
2021-06-23 10:07:18,1744.0,1088236
2021-06-23 10:07:19,1744.0,1088252
2021-06-23 10:07:20,1744.0,1088272
2021-06-23 10:07:21,1743.95,1089525
2021-06-23 10:07:22,1743.95,1089525
2021-06-23 10:07:23,1743.95,1089525
2021-06-23 10:07:24,1743.95,1089525
2021-06-23 10:07:24,1743.95,1089525
2021-06-23 10:07:25,1743.85,1089535
2021-06-23 10:07:26,1743.5,1089572
2021-06-23 10:07:28,1743.85,1089578
2021-06-23 10:07:29,1743.85,1089578
2021-06-23 10:07:30,1743.5,1089628
2021-06-23 10:07:32,1743.5,1089628
2021-06-23 10:07:33,1743.85,1089630
2021-06-23 10:07:34,1743.85,1089630
2021-06-23 10:07:35,1743.85,1089630
2021-06-23 10:07:36,1743.5,1090053
2021-06-23 10:07:37,1743.85,1090303
2021-06-23 10:07:38,1743.85,1090304
2021-06-23 10:07:38,1743.85,1090304
2021-06-23 10:07:40,1743.9,1090622
2021-06-23 10:07:42,1744.0,1090672
2021-06-23 10:07:43,1744.0,1090672
2021-06-23 10:07:44,1744.0,1090754
2021-06-23 10:07:45,1744.0,1090754
2021-06-23 10:07:46,1744.0,1090754
2021-06-23 10:07:46,1744.0,1090754
2021-06-23 10:07:48,1744.0,1090759
2021-06-23 10:07:49,1744.0,1090759
2021-06-23 10:07:50,1743.5,1090804
2021-06-23 10:07:50,1743.5,1090804
2021-06-23 10:07:51,1743.9,1090947
2021-06-23 10:07:52,1743.9,1091134
2021-06-23 10:07:54,1743.9,1091139
2021-06-23 10:07:55,1743.9,1091139
2021-06-23 10:07:55,1743.9,1091139
2021-06-23 10:07:56,1743.95,1091140
2021-06-23 10:07:58,1743.4,1091177
2021-06-23 10:07:59,1743.4,1091177
2021-06-23 10:08:00,1743.4,1091177
2021-06-23 10:08:01,1743.4,1091177
