timestamp,ltp,volume
2021-06-23 09:16:26,2235.5,373349
2021-06-23 09:16:29,2234.15,382960
2021-06-23 09:16:29,2234.4,383174
2021-06-23 09:16:30,2234.4,385585
2021-06-23 09:16:32,2235.55,386839
2021-06-23 09:16:33,2234.85,388394
2021-06-23 09:16:34,2235.0,393093
2021-06-23 09:16:35,2234.15,395796
2021-06-23 09:16:36,2234.1,397812
2021-06-23 09:16:37,2233.3,400667
2021-06-23 09:16:38,2234.2,401627
2021-06-23 09:16:39,2234.2,402997
2021-06-23 09:16:39,2235.0,404677
2021-06-23 09:16:41,2235.45,405880
2021-06-23 09:16:42,2235.45,407461
2021-06-23 09:16:43,2234.55,423892
2021-06-23 09:16:44,2234.75,425379
2021-06-23 09:16:45,2235.1,426842
2021-06-23 09:16:46,2234.8,432095
2021-06-23 09:16:47,2234.75,433915
2021-06-23 09:16:48,2235.35,434648
2021-06-23 09:16:49,2234.15,438703
2021-06-23 09:16:49,2234.75,438743
2021-06-23 09:16:50,2234.75,439536
2021-06-23 09:16:53,2233.7,442077
2021-06-23 09:16:54,2234.4,443219
2021-06-23 09:16:57,2234.95,448318
2021-06-23 09:16:58,2234.75,451022
2021-06-23 09:17:00,2235.65,453078
2021-06-23 09:17:01,2235.65,453438
2021-06-23 09:17:02,2235.35,453923
2021-06-23 09:17:06,2234.6,460563
2021-06-23 09:17:07,2235.1,461948
2021-06-23 09:17:08,2235.55,463503
2021-06-23 09:17:08,2234.65,464072
2021-06-23 09:17:09,2234.7,465636
2021-06-23 09:17:13,2234.9,467772
2021-06-23 09:17:14,2235.2,468059
2021-06-23 09:17:19,2235.0,475394
2021-06-23 09:17:20,2234.55,479555
2021-06-23 09:17:22,2234.55,482636
2021-06-23 09:17:24,2234.1,488044
2021-06-23 09:17:25,2235.0,496833
2021-06-23 09:17:25,2235.45,497037
2021-06-23 09:17:26,2235.45,497832
2021-06-23 09:17:28,2234.65,500436
2021-06-23 09:17:29,2233.5,501482
2021-06-23 09:17:30,2234.25,503065
2021-06-23 09:17:31,2234.25,503509
2021-06-23 09:17:32,2234.25,506863
2021-06-23 09:17:34,2234.0,507695
2021-06-23 09:17:34,2234.2,507710
2021-06-23 09:17:35,2234.25,509198
2021-06-23 09:17:36,2234.65,510293
2021-06-23 09:17:38,2234.75,511673
2021-06-23 09:17:39,2234.9,512755
2021-06-23 09:17:40,2234.95,512786
2021-06-23 09:17:42,2234.55,514978
2021-06-23 09:17:43,2234.05,517012
2021-06-23 09:17:44,2234.0,518061
2021-06-23 09:17:45,2233.35,518656
2021-06-23 09:17:46,2233.9,518868
2021-06-23 09:17:47,2233.75,521904
2021-06-23 09:17:48,2233.85,522030
2021-06-23 09:17:49,2233.8,522615
2021-06-23 09:17:50,2233.8,522730
2021-06-23 09:17:51,2233.8,524026
2021-06-23 09:17:52,2233.8,524076
2021-06-23 09:17:53,2233.8,524570
2021-06-23 09:17:54,2233.7,524786
2021-06-23 09:17:55,2233.35,524916
2021-06-23 09:17:57,2233.85,527316
2021-06-23 09:17:58,2233.85,528464
2021-06-23 09:17:59,2233.35,528839
2021-06-23 09:18:00,2233.45,529458
2021-06-23 09:18:01,2233.7,530973
2021-06-23 09:18:02,2233.95,532312
2021-06-23 09:18:03,2233.8,532847
2021-06-23 09:18:04,2233.8,532901
2021-06-23 09:18:05,2233.75,533524
2021-06-23 09:18:06,2233.35,534797
2021-06-23 09:18:07,2233.75,534881
2021-06-23 09:18:08,2233.75,536018
2021-06-23 09:18:09,2233.75,536697
2021-06-23 09:18:10,2233.4,541053
2021-06-23 09:18:11,2233.35,541181
2021-06-23 09:18:12,2233.35,541826
2021-06-23 09:18:13,2232.45,542205
2021-06-23 09:18:15,2233.0,542939
2021-06-23 09:18:14,2233.35,542830
2021-06-23 09:18:16,2233.35,543282
2021-06-23 09:18:17,2233.35,543902
2021-06-23 09:18:18,2233.1,547408
2021-06-23 09:18:19,2233.1,547706
2021-06-23 09:18:20,2233.6,548160
2021-06-23 09:18:21,2233.8,548340
2021-06-23 09:18:22,2233.35,548458
2021-06-23 09:18:23,2233.0,549573
2021-06-23 09:18:24,2233.0,549703
2021-06-23 09:18:25,2233.8,549990
2021-06-23 09:18:26,2233.7,550811
2021-06-23 09:18:28,2234.0,551784
2021-06-23 09:18:27,2234.0,551371
2021-06-23 09:18:29,2233.2,552734
2021-06-23 09:18:30,2233.05,553830
2021-06-23 09:18:31,2233.05,553991
2021-06-23 09:18:32,2233.0,554934
2021-06-23 09:18:33,2233.3,555510
2021-06-23 09:18:34,2233.3,555798
2021-06-23 09:18:35,2234.9,558391
2021-06-23 09:18:36,2233.2,559974
2021-06-23 09:18:38,2233.4,561330
2021-06-23 09:18:37,2234.0,561138
2021-06-23 09:18:40,2234.05,562279
2021-06-23 09:18:41,2234.0,562918
2021-06-23 09:18:42,2234.05,563646
2021-06-23 09:18:43,2234.65,564653
2021-06-23 09:18:44,2234.7,565312
2021-06-23 09:18:45,2235.0,567741
2021-06-23 09:18:46,2235.0,568082
2021-06-23 09:18:47,2234.95,568783
2021-06-23 09:18:48,2234.55,571622
2021-06-23 09:18:49,2234.55,571632
2021-06-23 09:18:50,2234.25,571759
2021-06-23 09:18:51,2234.95,573993
2021-06-23 09:18:52,2234.95,574571
2021-06-23 09:18:53,2235.0,575594
2021-06-23 09:18:54,2234.95,576057
2021-06-23 09:18:55,2235.0,576632
2021-06-23 09:18:56,2235.9,577202
2021-06-23 09:18:57,2235.7,577754
2021-06-23 09:18:58,2235.05,577960
2021-06-23 09:18:59,2235.05,579334
2021-06-23 09:19:00,2235.5,581484
2021-06-23 09:19:02,2235.5,581844
2021-06-23 09:19:03,2235.5,582328
2021-06-23 09:19:04,2235.5,582458
2021-06-23 09:19:05,2235.05,583600
2021-06-23 09:19:06,2235.5,585240
2021-06-23 09:19:07,2235.0,585445
2021-06-23 09:19:08,2235.05,586173
2021-06-23 09:19:09,2235.5,586697
2021-06-23 09:19:11,2235.0,587230
2021-06-23 09:19:10,2235.5,587030
2021-06-23 09:19:12,2235.5,587735
2021-06-23 09:19:13,2235.5,588418
2021-06-23 09:19:14,2235.1,589033
2021-06-23 09:19:15,2235.5,589656
2021-06-23 09:19:16,2235.5,590671
2021-06-23 09:19:17,2235.55,591095
2021-06-23 09:19:18,2235.55,591095
2021-06-23 09:19:19,2235.55,591194
2021-06-23 09:19:20,2235.65,591697
2021-06-23 09:19:21,2235.9,592067
2021-06-23 09:19:22,2237.0,592831
2021-06-23 09:19:23,2237.0,595287
2021-06-23 09:19:24,2236.35,595638
2021-06-23 09:19:25,2236.1,599347
2021-06-23 09:19:26,2235.8,599632
2021-06-23 09:19:27,2235.0,600008
2021-06-23 09:19:28,2235.1,602446
2021-06-23 09:19:29,2234.15,603230
2021-06-23 09:19:30,2234.15,603678
2021-06-23 09:19:31,2234.05,603928
2021-06-23 09:19:32,2233.35,605585
2021-06-23 09:19:33,2233.35,608343
2021-06-23 09:19:34,2233.0,608456
2021-06-23 09:19:35,2233.0,608748
2021-06-23 09:19:36,2232.95,608965
2021-06-23 09:19:37,2232.95,609365
2021-06-23 09:19:38,2232.75,609455
2021-06-23 09:19:39,2232.75,609869
2021-06-23 09:19:40,2232.45,610213
2021-06-23 09:19:41,2232.3,612661
2021-06-23 09:19:42,2232.75,613247
2021-06-23 09:19:43,2232.75,613676
2021-06-23 09:19:45,2232.75,616294
2021-06-23 09:19:46,2232.4,617101
2021-06-23 09:19:48,2232.65,618388
2021-06-23 09:19:49,2232.75,618742
2021-06-23 09:19:50,2232.6,619165
2021-06-23 09:19:51,2232.75,619230
2021-06-23 09:19:52,2232.9,619577
2021-06-23 09:19:53,2233.95,619744
2021-06-23 09:19:54,2233.2,619975
2021-06-23 09:19:56,2233.85,620292
2021-06-23 09:19:57,2233.8,620374
2021-06-23 09:19:58,2233.8,620549
2021-06-23 09:19:59,2233.1,620576
2021-06-23 09:20:00,2233.8,620889
2021-06-23 09:20:01,2233.6,621296
2021-06-23 09:20:03,2233.8,621460
2021-06-23 09:20:04,2233.8,622243
2021-06-23 09:20:05,2233.8,623529
2021-06-23 09:20:06,2233.85,623854
2021-06-23 09:20:07,2234.0,624832
2021-06-23 09:20:08,2233.35,625882
2021-06-23 09:20:10,2233.8,626467
2021-06-23 09:20:13,2234.05,628172
2021-06-23 09:20:14,2234.7,629209
2021-06-23 09:20:15,2234.05,629251
2021-06-23 09:20:16,2234.7,629527
2021-06-23 09:20:17,2235.1,630056
2021-06-23 09:20:19,2234.0,631543
2021-06-23 09:20:19,2234.0,631394
2021-06-23 09:20:20,2234.65,632247
2021-06-23 09:20:21,2234.65,632779
2021-06-23 09:20:22,2234.0,633499
2021-06-23 09:20:23,2234.65,634205
2021-06-23 09:20:24,2234.7,634983
2021-06-23 09:20:27,2234.7,635447
2021-06-23 09:20:27,2234.7,635466
2021-06-23 09:20:28,2234.2,636996
2021-06-23 09:20:29,2234.7,637192
2021-06-23 09:20:30,2234.7,637686
2021-06-23 09:20:32,2235.0,639882
2021-06-23 09:20:33,2235.15,640206
2021-06-23 09:20:34,2235.15,640828
2021-06-23 09:20:39,2234.95,642720
2021-06-23 09:20:39,2234.95,642720
2021-06-23 09:20:40,2235.15,643634
2021-06-23 09:20:41,2235.15,646766
2021-06-23 09:20:42,2235.0,647477
2021-06-23 09:20:43,2235.1,648396
2021-06-23 09:20:44,2236.0,650358
2021-06-23 09:20:45,2235.4,650443
2021-06-23 09:20:46,2235.3,651138
2021-06-23 09:20:47,2235.4,651474
2021-06-23 09:20:48,2235.55,651896
2021-06-23 09:20:49,2235.1,652140
2021-06-23 09:20:50,2234.6,654300
2021-06-23 09:20:51,2235.0,655175
2021-06-23 09:20:52,2234.6,655240
2021-06-23 09:20:54,2234.6,655972
2021-06-23 09:20:53,2234.6,655453
2021-06-23 09:20:55,2234.6,656442
2021-06-23 09:20:56,2234.3,656690
2021-06-23 09:20:57,2234.5,656960
2021-06-23 09:20:58,2234.6,657381
2021-06-23 09:20:59,2234.6,657999
2021-06-23 09:21:00,2234.35,658197
2021-06-23 09:21:01,2234.35,658897
2021-06-23 09:21:02,2234.6,658924
2021-06-23 09:21:03,2233.85,660656
2021-06-23 09:21:04,2234.35,660829
2021-06-23 09:21:05,2234.0,661002
2021-06-23 09:21:06,2233.95,661263
2021-06-23 09:21:07,2233.8,661279
2021-06-23 09:21:08,2233.8,661590
2021-06-23 09:21:09,2233.2,663996
2021-06-23 09:21:10,2233.55,664033
2021-06-23 09:21:11,2233.45,667555
2021-06-23 09:21:12,2233.45,667676
2021-06-23 09:21:13,2233.2,667735
2021-06-23 09:21:14,2232.9,668254
2021-06-23 09:21:15,2233.0,668485
2021-06-23 09:21:16,2232.9,669173
2021-06-23 09:21:17,2233.0,669476
2021-06-23 09:21:18,2232.8,669824
2021-06-23 09:21:19,2232.95,669891
2021-06-23 09:21:20,2232.9,670252
2021-06-23 09:21:21,2232.55,670513
2021-06-23 09:21:22,2232.75,670963
2021-06-23 09:21:23,2232.3,671075
2021-06-23 09:21:24,2231.95,675843
2021-06-23 09:21:25,2231.95,676218
2021-06-23 09:21:26,2231.5,676778
2021-06-23 09:21:27,2231.5,676943
2021-06-23 09:21:29,2231.5,678196
2021-06-23 09:21:30,2231.0,679658
2021-06-23 09:21:31,2231.0,680142
2021-06-23 09:21:33,2230.1,680385
2021-06-23 09:21:34,2230.15,680630
2021-06-23 09:21:35,2230.0,681091
2021-06-23 09:21:36,2229.55,687769
2021-06-23 09:21:37,2229.2,692263
2021-06-23 09:21:38,2229.1,692968
2021-06-23 09:21:39,2229.2,693740
2021-06-23 09:21:40,2229.0,694403
2021-06-23 09:21:41,2228.3,694542
2021-06-23 09:21:42,2229.0,695516
2021-06-23 09:21:43,2228.8,695714
2021-06-23 09:21:44,2228.65,698666
2021-06-23 09:21:45,2228.65,698957
2021-06-23 09:21:46,2228.65,699520
2021-06-23 09:21:47,2227.7,699730
2021-06-23 09:21:48,2228.0,699954
2021-06-23 09:21:49,2228.0,701129
2021-06-23 09:21:50,2227.0,702170
2021-06-23 09:21:51,2226.45,702557
2021-06-23 09:21:52,2226.9,702822
2021-06-23 09:21:53,2226.85,703574
2021-06-23 09:21:54,2226.85,706529
2021-06-23 09:21:55,2227.45,710583
2021-06-23 09:21:56,2226.95,710879
2021-06-23 09:21:57,2227.1,711369
2021-06-23 09:21:58,2227.0,712234
2021-06-23 09:21:58,2227.4,713337
2021-06-23 09:21:59,2227.15,714071
2021-06-23 09:22:00,2226.7,714698
2021-06-23 09:22:01,2226.95,714980
2021-06-23 09:22:02,2225.7,722239
2021-06-23 09:22:03,2225.7,723788
2021-06-23 09:22:04,2225.7,724281
2021-06-23 09:22:06,2225.25,725775
2021-06-23 09:22:08,2226.8,726987
2021-06-23 09:22:09,2226.85,727588
2021-06-23 09:22:10,2225.8,728604
2021-06-23 09:22:11,2226.2,728937
2021-06-23 09:22:12,2226.65,729226
2021-06-23 09:22:13,2226.65,729941
2021-06-23 09:22:14,2225.75,730558
2021-06-23 09:22:15,2226.6,731069
2021-06-23 09:22:16,2226.45,731973
2021-06-23 09:22:17,2226.2,732893
2021-06-23 09:22:18,2225.7,733438
2021-06-23 09:22:19,2226.1,734103
2021-06-23 09:22:20,2226.0,734232
2021-06-23 09:22:21,2225.85,734920
2021-06-23 09:22:22,2225.95,735185
2021-06-23 09:22:23,2225.7,737006
2021-06-23 09:22:24,2225.95,737941
2021-06-23 09:22:25,2226.0,738934
2021-06-23 09:22:27,2226.2,739241
2021-06-23 09:22:28,2226.0,739440
2021-06-23 09:22:29,2226.0,740264
2021-06-23 09:22:29,2226.0,740274
2021-06-23 09:22:30,2226.1,740681
2021-06-23 09:22:31,2226.1,740769
2021-06-23 09:22:32,2226.85,742699
2021-06-23 09:22:33,2226.85,743324
2021-06-23 09:22:34,2226.1,744338
2021-06-23 09:22:35,2226.0,745323
2021-06-23 09:22:36,2226.2,745666
2021-06-23 09:22:37,2226.2,745964
2021-06-23 09:22:38,2226.2,746156
2021-06-23 09:22:39,2226.2,746381
2021-06-23 09:22:40,2226.2,746899
2021-06-23 09:22:41,2226.2,747671
2021-06-23 09:22:42,2226.65,752492
2021-06-23 09:22:43,2226.65,752510
2021-06-23 09:22:44,2226.65,755285
2021-06-23 09:22:45,2226.65,755658
2021-06-23 09:22:46,2226.65,755840
2021-06-23 09:22:47,2226.65,756011
2021-06-23 09:22:48,2226.95,756898
2021-06-23 09:22:50,2226.0,763304
2021-06-23 09:22:51,2223.9,782052
2021-06-23 09:22:52,2224.2,787110
2021-06-23 09:22:53,2223.3,788063
2021-06-23 09:22:54,2222.8,788374
2021-06-23 09:22:55,2222.0,792483
2021-06-23 09:22:56,2222.1,796789
2021-06-23 09:22:57,2221.3,797590
2021-06-23 09:22:58,2221.1,798196
2021-06-23 09:22:59,2221.05,800744
2021-06-23 09:23:00,2220.7,802497
2021-06-23 09:23:01,2220.25,802845
2021-06-23 09:23:02,2220.6,808202
2021-06-23 09:23:03,2220.05,809249
2021-06-23 09:23:04,2220.9,816712
2021-06-23 09:23:05,2221.55,818405
2021-06-23 09:23:06,2220.9,820264
2021-06-23 09:23:07,2221.45,820985
2021-06-23 09:23:08,2220.9,821940
2021-06-23 09:23:09,2221.3,822584
2021-06-23 09:23:10,2221.2,824676
2021-06-23 09:23:11,2221.0,825243
2021-06-23 09:23:12,2220.5,827460
2021-06-23 09:23:13,2221.0,829103
2021-06-23 09:23:14,2221.0,830208
2021-06-23 09:23:15,2221.35,831186
2021-06-23 09:23:16,2221.7,831732
2021-06-23 09:23:17,2221.7,832606
2021-06-23 09:23:18,2221.7,832964
2021-06-23 09:23:19,2221.65,833508
2021-06-23 09:23:20,2221.65,837176
2021-06-23 09:23:21,2221.05,838259
2021-06-23 09:23:22,2221.65,838649
2021-06-23 09:23:23,2221.35,839961
2021-06-23 09:23:24,2221.3,840739
2021-06-23 09:23:25,2221.2,841895
2021-06-23 09:23:26,2221.15,843119
2021-06-23 09:23:29,2220.3,859443
2021-06-23 09:23:30,2220.1,861933
2021-06-23 09:23:31,2220.2,864289
2021-06-23 09:23:32,2220.0,864801
2021-06-23 09:23:33,2220.2,866251
2021-06-23 09:23:34,2220.0,868484
2021-06-23 09:23:35,2220.1,869230
2021-06-23 09:23:36,2220.2,870162
2021-06-23 09:23:37,2220.1,870844
2021-06-23 09:23:37,2220.1,870844
2021-06-23 09:23:38,2220.4,875220
2021-06-23 09:23:39,2220.2,875811
2021-06-23 09:23:40,2220.95,876223
2021-06-23 09:23:41,2220.5,876767
2021-06-23 09:23:43,2220.5,878473
2021-06-23 09:23:44,2220.7,879103
2021-06-23 09:23:47,2220.7,880813
2021-06-23 09:23:48,2220.7,881073
2021-06-23 09:23:49,2221.0,883029
2021-06-23 09:23:50,2221.65,883411
2021-06-23 09:23:51,2221.15,883974
2021-06-23 09:23:52,2221.2,884029
2021-06-23 09:23:53,2221.65,884275
2021-06-23 09:23:54,2221.65,884510
2021-06-23 09:23:57,2221.9,886427
2021-06-23 09:23:58,2223.25,887368
2021-06-23 09:24:00,2223.0,887667
2021-06-23 09:24:01,2223.1,888143
2021-06-23 09:24:02,2223.1,888853
2021-06-23 09:24:03,2223.1,889218
2021-06-23 09:24:04,2223.0,889700
2021-06-23 09:24:05,2222.85,889931
2021-06-23 09:24:06,2222.85,890151
2021-06-23 09:24:07,2222.75,892550
2021-06-23 09:24:08,2223.0,893346
2021-06-23 09:24:09,2222.65,893797
2021-06-23 09:24:10,2222.65,894128
2021-06-23 09:24:11,2223.0,894547
2021-06-23 09:24:12,2224.4,896023
2021-06-23 09:24:12,2223.0,894682
2021-06-23 09:24:13,2224.4,896233
2021-06-23 09:24:14,2224.4,896386
2021-06-23 09:24:15,2224.45,898010
2021-06-23 09:24:16,2224.5,898887
2021-06-23 09:24:18,2225.45,899041
2021-06-23 09:24:19,2224.75,899809
2021-06-23 09:24:20,2224.4,900077
2021-06-23 09:24:21,2224.75,900336
2021-06-23 09:24:22,2226.0,901086
2021-06-23 09:24:23,2225.45,901306
2021-06-23 09:24:23,2225.5,901319
2021-06-23 09:24:25,2225.5,901577
2021-06-23 09:24:27,2225.5,902397
2021-06-23 09:24:28,2225.5,903425
2021-06-23 09:24:29,2225.05,903601
2021-06-23 09:24:30,2225.5,904367
2021-06-23 09:24:31,2225.5,904744
2021-06-23 09:24:32,2225.5,905445
2021-06-23 09:24:33,2224.95,907075
2021-06-23 09:24:34,2224.0,907554
2021-06-23 09:24:35,2225.0,908263
2021-06-23 09:24:36,2224.7,908807
2021-06-23 09:24:37,2225.0,909034
2021-06-23 09:24:38,2225.0,910218
2021-06-23 09:24:39,2225.5,910944
2021-06-23 09:24:41,2225.55,911622
2021-06-23 09:24:42,2225.25,912635
2021-06-23 09:24:44,2225.55,912947
2021-06-23 09:24:45,2225.7,913067
2021-06-23 09:24:46,2225.7,913385
2021-06-23 09:24:47,2225.45,913903
2021-06-23 09:24:48,2225.95,914046
2021-06-23 09:24:49,2225.95,914288
2021-06-23 09:24:50,2225.6,914302
2021-06-23 09:24:51,2225.95,915961
2021-06-23 09:24:52,2225.95,916162
2021-06-23 09:24:53,2225.95,916656
2021-06-23 09:24:54,2225.45,916854
2021-06-23 09:24:55,2227.1,919185
2021-06-23 09:24:56,2226.95,919258
2021-06-23 09:24:57,2226.95,919490
2021-06-23 09:24:58,2227.8,920243
2021-06-23 09:24:59,2227.7,921678
2021-06-23 09:25:00,2227.7,921954
2021-06-23 09:25:01,2227.7,922688
2021-06-23 09:25:01,2227.05,923194
2021-06-23 09:25:02,2227.65,923485
2021-06-23 09:25:03,2227.1,923696
2021-06-23 09:25:04,2227.65,924615
2021-06-23 09:25:05,2227.65,925049
2021-06-23 09:25:07,2227.45,926402
2021-06-23 09:25:08,2227.45,926480
2021-06-23 09:25:09,2227.45,927190
2021-06-23 09:25:11,2227.1,928420
2021-06-23 09:25:12,2227.5,930754
2021-06-23 09:25:14,2227.1,932253
2021-06-23 09:25:15,2227.5,932933
2021-06-23 09:25:16,2227.0,933449
2021-06-23 09:25:17,2227.5,934199
2021-06-23 09:25:18,2227.5,934221
2021-06-23 09:25:19,2227.15,938921
2021-06-23 09:25:20,2227.25,939229
2021-06-23 09:25:22,2227.25,941004
2021-06-23 09:25:23,2227.25,941336
2021-06-23 09:25:23,2227.25,941185
2021-06-23 09:25:24,2227.25,941612
2021-06-23 09:25:25,2227.2,941916
2021-06-23 09:25:26,2227.2,943523
2021-06-23 09:25:27,2226.95,943627
2021-06-23 09:25:28,2227.25,944285
2021-06-23 09:25:30,2227.1,945637
2021-06-23 09:25:31,2227.6,946819
2021-06-23 09:25:32,2227.25,946977
2021-06-23 09:25:33,2227.3,947666
2021-06-23 09:25:34,2227.9,949241
2021-06-23 09:25:35,2227.6,949970
2021-06-23 09:25:36,2227.95,950522
2021-06-23 09:25:37,2227.7,951827
2021-06-23 09:25:38,2227.8,951914
2021-06-23 09:25:39,2228.0,952569
2021-06-23 09:25:40,2227.9,952632
2021-06-23 09:25:41,2228.7,953195
2021-06-23 09:25:42,2228.2,955960
2021-06-23 09:25:43,2228.55,956007
2021-06-23 09:25:44,2228.55,956273
2021-06-23 09:25:45,2228.55,956593
2021-06-23 09:25:46,2228.8,958084
2021-06-23 09:25:47,2228.7,958234
2021-06-23 09:25:49,2228.95,959025
2021-06-23 09:25:51,2229.45,959873
2021-06-23 09:25:52,2229.05,960373
2021-06-23 09:25:54,2228.85,964475
2021-06-23 09:25:55,2229.0,964876
2021-06-23 09:25:56,2229.05,965669
2021-06-23 09:25:57,2229.45,967443
2021-06-23 09:25:58,2229.45,967763
2021-06-23 09:25:59,2229.45,967885
2021-06-23 09:26:00,2229.45,968626
2021-06-23 09:26:01,2229.45,968759
2021-06-23 09:26:02,2229.95,969580
2021-06-23 09:26:03,2229.95,969825
2021-06-23 09:26:04,2229.5,969900
2021-06-23 09:26:05,2229.5,970228
2021-06-23 09:26:06,2229.5,970282
2021-06-23 09:26:07,2229.5,971165
2021-06-23 09:26:08,2229.75,971901
2021-06-23 09:26:09,2229.45,972540
2021-06-23 09:26:09,2229.8,972128
2021-06-23 09:26:10,2229.8,972742
2021-06-23 09:26:11,2229.8,972798
2021-06-23 09:26:12,2229.45,972894
2021-06-23 09:26:14,2229.75,973571
2021-06-23 09:26:15,2229.8,973729
2021-06-23 09:26:16,2229.8,973894
2021-06-23 09:26:17,2230.0,975348
2021-06-23 09:26:18,2230.0,975648
2021-06-23 09:26:19,2230.05,976672
2021-06-23 09:26:20,2230.05,977360
2021-06-23 09:26:21,2230.8,977498
2021-06-23 09:26:22,2230.05,977604
2021-06-23 09:26:23,2230.85,977652
2021-06-23 09:26:24,2230.75,978682
2021-06-23 09:26:25,2230.7,978770
2021-06-23 09:26:26,2230.8,978898
2021-06-23 09:26:28,2230.0,980070
2021-06-23 09:26:29,2230.0,980425
2021-06-23 09:26:30,2230.0,980604
2021-06-23 09:26:31,2230.0,980872
2021-06-23 09:26:32,2230.0,981670
2021-06-23 09:26:34,2229.95,982960
2021-06-23 09:26:36,2229.6,984720
2021-06-23 09:26:37,2229.6,985057
2021-06-23 09:26:38,2228.55,985415
2021-06-23 09:26:39,2229.45,985605
2021-06-23 09:26:40,2228.6,985801
2021-06-23 09:26:41,2229.45,986248
2021-06-23 09:26:42,2229.45,986526
2021-06-23 09:26:43,2229.95,989717
2021-06-23 09:26:43,2229.95,989747
2021-06-23 09:26:45,2229.95,992122
2021-06-23 09:26:46,2229.6,992405
2021-06-23 09:26:47,2229.45,992722
2021-06-23 09:26:48,2229.95,992753
2021-06-23 09:26:49,2229.95,992803
2021-06-23 09:26:50,2229.95,992806
2021-06-23 09:26:51,2229.8,992960
2021-06-23 09:26:52,2229.9,993195
2021-06-23 09:26:53,2229.9,993199
2021-06-23 09:26:54,2229.3,994910
2021-06-23 09:26:55,2229.3,995727
2021-06-23 09:26:56,2229.3,995813
2021-06-23 09:26:57,2229.3,996586
2021-06-23 09:26:58,2229.75,996917
2021-06-23 09:26:59,2229.9,997004
2021-06-23 09:27:00,2229.45,997593
2021-06-23 09:27:01,2229.9,997639
2021-06-23 09:27:02,2230.35,998575
2021-06-23 09:27:02,2230.35,998575
2021-06-23 09:27:03,2229.9,998628
2021-06-23 09:27:04,2229.9,998803
2021-06-23 09:27:05,2231.0,1001964
2021-06-23 09:27:06,2230.95,1002066
2021-06-23 09:27:08,2230.9,1002303
2021-06-23 09:27:09,2230.35,1002429
2021-06-23 09:27:10,2230.75,1002662
2021-06-23 09:27:11,2230.45,1003223
2021-06-23 09:27:12,2230.5,1003926
2021-06-23 09:27:13,2230.5,1004045
2021-06-23 09:27:14,2229.45,1006671
2021-06-23 09:27:16,2230.3,1007153
2021-06-23 09:27:17,2230.3,1007517
2021-06-23 09:27:21,2230.3,1008620
2021-06-23 09:27:22,2230.3,1008742
2021-06-23 09:27:23,2230.3,1009620
2021-06-23 09:27:24,2230.0,1010009
2021-06-23 09:27:25,2229.8,1010763
2021-06-23 09:27:27,2229.75,1011427
2021-06-23 09:27:28,2229.55,1011856
2021-06-23 09:27:29,2229.7,1011897
2021-06-23 09:27:30,2229.45,1012173
2021-06-23 09:27:31,2229.5,1012369
2021-06-23 09:27:32,2229.5,1012391
2021-06-23 09:27:33,2229.5,1013231
2021-06-23 09:27:34,2229.5,1013237
2021-06-23 09:27:35,2230.15,1016040
2021-06-23 09:27:36,2229.0,1016144
2021-06-23 09:27:37,2229.35,1016276
2021-06-23 09:27:37,2229.35,1016276
2021-06-23 09:27:38,2229.55,1016404
2021-06-23 09:27:39,2229.55,1017100
2021-06-23 09:27:40,2229.55,1017537
2021-06-23 09:27:41,2229.55,1017547
2021-06-23 09:27:43,2229.5,1018062
2021-06-23 09:27:44,2229.55,1018185
2021-06-23 09:27:45,2230.05,1018205
2021-06-23 09:27:46,2230.05,1018429
2021-06-23 09:27:47,2230.05,1018618
2021-06-23 09:27:48,2229.55,1019479
2021-06-23 09:27:49,2229.8,1019704
2021-06-23 09:27:50,2229.55,1019716
2021-06-23 09:27:51,2229.8,1019816
2021-06-23 09:27:52,2229.8,1020641
2021-06-23 09:27:52,2229.8,1020641
2021-06-23 09:27:53,2229.8,1020825
2021-06-23 09:27:55,2229.55,1020845
2021-06-23 09:27:56,2229.55,1020923
2021-06-23 09:27:57,2229.55,1021069
2021-06-23 09:27:58,2229.55,1021553
2021-06-23 09:27:59,2229.55,1021639
2021-06-23 09:28:00,2229.55,1021656
2021-06-23 09:28:01,2229.55,1022132
2021-06-23 09:28:02,2229.8,1022813
2021-06-23 09:28:03,2229.8,1022863
2021-06-23 09:28:04,2229.8,1022908
2021-06-23 09:28:05,2229.8,1023763
2021-06-23 09:28:06,2229.8,1024137
2021-06-23 09:28:06,2229.85,1024195
2021-06-23 09:28:07,2229.85,1024226
2021-06-23 09:28:09,2229.85,1024226
2021-06-23 09:28:10,2229.85,1024467
2021-06-23 09:28:11,2229.85,1024541
2021-06-23 09:28:12,2229.85,1025018
2021-06-23 09:28:13,2229.85,1025214
2021-06-23 09:28:14,2229.95,1025450
2021-06-23 09:28:15,2230.15,1025790
2021-06-23 09:28:16,2230.0,1026240
2021-06-23 09:28:17,2229.75,1027582
2021-06-23 09:28:18,2229.3,1029493
2021-06-23 09:28:19,2229.3,1029552
2021-06-23 09:28:20,2228.5,1030141
2021-06-23 09:28:21,2228.7,1030550
2021-06-23 09:28:22,2228.0,1031373
2021-06-23 09:28:23,2228.5,1031632
2021-06-23 09:28:24,2228.5,1031658
2021-06-23 09:28:25,2228.0,1031786
2021-06-23 09:28:28,2228.5,1034374
2021-06-23 09:28:29,2229.0,1035294
2021-06-23 09:28:30,2229.5,1035424
2021-06-23 09:28:31,2229.1,1035527
2021-06-23 09:28:32,2229.5,1035783
2021-06-23 09:28:33,2228.7,1036140
2021-06-23 09:28:34,2229.0,1036148
2021-06-23 09:28:35,2229.0,1036821
2021-06-23 09:28:36,2229.5,1036851
2021-06-23 09:28:37,2229.5,1037415
2021-06-23 09:28:38,2229.5,1037460
2021-06-23 09:28:39,2229.3,1037480
2021-06-23 09:28:40,2229.5,1037779
2021-06-23 09:28:41,2229.5,1037794
2021-06-23 09:28:42,2228.85,1038465
2021-06-23 09:28:43,2228.65,1038665
2021-06-23 09:28:44,2229.4,1038719
2021-06-23 09:28:45,2229.45,1038819
2021-06-23 09:28:46,2229.45,1038976
2021-06-23 09:28:47,2228.8,1039004
2021-06-23 09:28:48,2229.35,1039291
2021-06-23 09:28:49,2229.35,1039372
2021-06-23 09:28:50,2229.5,1040648
2021-06-23 09:28:51,2229.45,1040651
2021-06-23 09:28:52,2229.4,1040676
2021-06-23 09:28:53,2229.2,1040729
2021-06-23 09:28:54,2229.2,1040734
2021-06-23 09:28:55,2229.4,1040930
2021-06-23 09:28:56,2229.4,1041122
2021-06-23 09:28:57,2229.45,1042318
2021-06-23 09:28:58,2229.5,1043694
2021-06-23 09:28:59,2229.45,1043984
2021-06-23 09:29:00,2230.0,1044028
2021-06-23 09:29:01,2230.0,1044038
2021-06-23 09:29:02,2230.0,1044324
2021-06-23 09:29:03,2230.0,1044337
2021-06-23 09:29:04,2230.0,1044758
2021-06-23 09:29:06,2230.0,1045792
2021-06-23 09:29:07,2230.0,1045797
2021-06-23 09:29:08,2229.4,1045914
2021-06-23 09:29:09,2230.0,1048883
2021-06-23 09:29:10,2230.0,1049293
2021-06-23 09:29:11,2230.0,1049644
2021-06-23 09:29:12,2230.0,1050236
2021-06-23 09:29:13,2230.0,1050621
2021-06-23 09:29:14,2230.0,1050961
2021-06-23 09:29:15,2229.0,1051018
2021-06-23 09:29:16,2229.45,1051440
2021-06-23 09:29:17,2229.4,1051445
2021-06-23 09:29:18,2229.0,1051447
2021-06-23 09:29:19,2228.8,1051479
2021-06-23 09:29:20,2229.0,1051520
2021-06-23 09:29:21,2229.0,1051545
2021-06-23 09:29:22,2229.45,1052026
2021-06-23 09:29:23,2229.45,1052074
2021-06-23 09:29:24,2228.8,1052537
2021-06-23 09:29:25,2229.0,1052738
2021-06-23 09:29:26,2229.2,1052971
2021-06-23 09:29:27,2229.4,1053083
2021-06-23 09:29:28,2228.65,1053488
2021-06-23 09:29:29,2228.75,1056346
2021-06-23 09:29:30,2228.75,1056499
2021-06-23 09:29:31,2228.75,1056734
2021-06-23 09:29:32,2228.75,1056763
2021-06-23 09:29:33,2228.75,1056789
2021-06-23 09:29:34,2228.75,1056900
2021-06-23 09:29:35,2228.75,1057154
2021-06-23 09:29:36,2228.75,1057159
2021-06-23 09:29:37,2228.75,1057340
2021-06-23 09:29:38,2228.25,1057721
2021-06-23 09:29:39,2228.65,1058244
2021-06-23 09:29:40,2228.25,1058373
2021-06-23 09:29:42,2228.65,1059353
2021-06-23 09:29:43,2228.0,1059482
2021-06-23 09:29:44,2227.9,1061823
2021-06-23 09:29:45,2227.9,1061823
2021-06-23 09:29:47,2227.5,1062494
2021-06-23 09:29:48,2227.9,1062629
2021-06-23 09:29:49,2227.9,1063662
2021-06-23 09:29:50,2227.9,1063810
2021-06-23 09:29:51,2227.1,1063910
2021-06-23 09:29:52,2227.85,1064160
2021-06-23 09:29:54,2227.1,1064672
2021-06-23 09:29:55,2227.45,1065438
2021-06-23 09:29:56,2227.0,1065582
2021-06-23 09:29:57,2227.5,1066054
2021-06-23 09:29:58,2227.5,1066055
2021-06-23 09:29:59,2227.5,1066747
2021-06-23 09:30:00,2227.5,1066778
2021-06-23 09:30:01,2228.05,1067003
2021-06-23 09:30:02,2227.6,1069607
2021-06-23 09:30:03,2228.15,1070113
2021-06-23 09:30:04,2228.15,1070617
2021-06-23 09:30:05,2227.05,1072584
2021-06-23 09:30:06,2227.55,1074121
2021-06-23 09:30:07,2227.1,1074181
2021-06-23 09:30:08,2226.5,1074316
2021-06-23 09:30:11,2227.0,1077489
2021-06-23 09:30:14,2227.0,1077774
2021-06-23 09:30:17,2226.35,1080809
2021-06-23 09:30:18,2225.45,1081034
2021-06-23 09:30:19,2226.35,1081408
2021-06-23 09:30:20,2226.3,1081448
2021-06-23 09:30:21,2226.1,1081605
2021-06-23 09:30:22,2225.25,1081710
2021-06-23 09:30:23,2226.15,1082294
2021-06-23 09:30:24,2226.15,1082423
2021-06-23 09:30:25,2223.75,1092857
2021-06-23 09:30:26,2223.6,1093429
2021-06-23 09:30:27,2224.5,1093568
2021-06-23 09:30:28,2223.55,1093875
2021-06-23 09:30:29,2224.5,1094494
2021-06-23 09:30:30,2224.5,1094494
2021-06-23 09:30:31,2224.45,1095094
2021-06-23 09:30:32,2223.5,1095547
2021-06-23 09:30:33,2223.5,1096425
2021-06-23 09:30:34,2224.45,1096688
2021-06-23 09:30:35,2224.45,1096778
2021-06-23 09:30:36,2224.5,1100886
2021-06-23 09:30:37,2224.5,1101547
2021-06-23 09:30:38,2224.45,1101616
2021-06-23 09:30:40,2224.25,1102079
2021-06-23 09:30:41,2224.25,1102089
2021-06-23 09:30:44,2224.0,1103202
2021-06-23 09:30:45,2224.0,1103296
2021-06-23 09:30:47,2224.55,1103459
2021-06-23 09:30:48,2224.55,1103463
2021-06-23 09:30:49,2224.25,1104060
2021-06-23 09:30:50,2224.0,1104165
2021-06-23 09:30:51,2223.9,1105366
2021-06-23 09:30:51,2223.9,1105366
2021-06-23 09:30:52,2224.95,1106679
2021-06-23 09:30:53,2223.9,1106863
2021-06-23 09:30:54,2223.9,1107156
2021-06-23 09:30:56,2223.65,1107456
2021-06-23 09:30:57,2224.0,1107517
2021-06-23 09:30:58,2224.0,1107565
2021-06-23 09:30:59,2224.0,1107565
2021-06-23 09:31:00,2223.95,1108498
2021-06-23 09:31:01,2223.95,1108738
2021-06-23 09:31:02,2223.0,1109488
2021-06-23 09:31:03,2224.0,1110666
2021-06-23 09:31:04,2224.0,1111119
2021-06-23 09:31:06,2224.0,1111250
2021-06-23 09:31:07,2223.15,1111388
2021-06-23 09:31:08,2224.0,1111494
2021-06-23 09:31:09,2224.0,1111503
2021-06-23 09:31:09,2223.05,1111526
2021-06-23 09:31:10,2223.05,1111606
2021-06-23 09:31:11,2222.65,1111767
2021-06-23 09:31:12,2223.0,1112781
2021-06-23 09:31:13,2223.05,1113687
2021-06-23 09:31:14,2222.0,1113924
2021-06-23 09:31:15,2222.85,1114604
2021-06-23 09:31:16,2223.0,1114824
2021-06-23 09:31:18,2222.85,1115427
2021-06-23 09:31:19,2222.85,1116027
2021-06-23 09:31:20,2222.85,1116125
2021-06-23 09:31:21,2222.85,1116147
2021-06-23 09:31:22,2222.95,1116157
2021-06-23 09:31:23,2222.9,1116311
2021-06-23 09:31:24,2222.9,1116880
2021-06-23 09:31:26,2222.9,1117139
2021-06-23 09:31:27,2222.6,1117362
2021-06-23 09:31:28,2222.9,1117844
2021-06-23 09:31:29,2222.9,1117958
2021-06-23 09:31:30,2222.6,1118345
2021-06-23 09:31:31,2223.3,1119970
2021-06-23 09:31:32,2224.0,1120158
2021-06-23 09:31:33,2224.0,1120178
2021-06-23 09:31:34,2224.0,1120178
2021-06-23 09:31:35,2223.2,1120283
2021-06-23 09:31:36,2223.95,1120360
2021-06-23 09:31:37,2223.25,1120543
2021-06-23 09:31:38,2223.95,1120993
2021-06-23 09:31:39,2223.95,1121067
2021-06-23 09:31:40,2223.95,1121331
2021-06-23 09:31:41,2223.2,1123536
2021-06-23 09:31:43,2222.95,1124790
2021-06-23 09:31:44,2223.9,1124831
2021-06-23 09:31:44,2223.9,1125051
2021-06-23 09:31:47,2223.05,1126237
2021-06-23 09:31:48,2223.35,1126382
2021-06-23 09:31:49,2223.25,1126433
2021-06-23 09:31:51,2222.85,1128363
2021-06-23 09:31:53,2222.85,1129160
2021-06-23 09:31:54,2222.85,1129190
2021-06-23 09:31:55,2222.85,1129602
2021-06-23 09:31:56,2222.85,1130052
2021-06-23 09:31:57,2222.85,1130059
2021-06-23 09:31:58,2223.0,1130216
2021-06-23 09:31:59,2223.0,1130386
2021-06-23 09:32:00,2223.0,1130682
2021-06-23 09:32:01,2222.95,1130823
2021-06-23 09:32:02,2223.0,1130868
2021-06-23 09:32:03,2222.85,1130974
2021-06-23 09:32:04,2223.0,1131444
2021-06-23 09:32:05,2223.9,1131771
2021-06-23 09:32:07,2223.9,1132157
2021-06-23 09:32:08,2223.9,1132193
2021-06-23 09:32:09,2223.05,1132337
2021-06-23 09:32:10,2223.9,1132348
2021-06-23 09:32:11,2223.9,1132442
2021-06-23 09:32:12,2223.9,1132470
2021-06-23 09:32:13,2223.5,1132709
2021-06-23 09:32:14,2223.9,1132716
2021-06-23 09:32:15,2223.9,1132786
2021-06-23 09:32:16,2223.9,1132941
2021-06-23 09:32:17,2224.0,1135296
2021-06-23 09:32:18,2224.65,1135444
2021-06-23 09:32:20,2223.85,1135975
2021-06-23 09:32:20,2223.85,1135975
2021-06-23 09:32:21,2224.65,1136548
2021-06-23 09:32:22,2224.05,1136632
2021-06-23 09:32:23,2224.45,1136929
2021-06-23 09:32:24,2225.0,1137222
2021-06-23 09:32:25,2225.0,1137227
2021-06-23 09:32:26,2225.0,1137455
2021-06-23 09:32:27,2224.95,1137656
2021-06-23 09:32:28,2224.95,1137685
2021-06-23 09:32:29,2224.5,1138307
2021-06-23 09:32:30,2224.05,1138782
2021-06-23 09:32:31,2224.6,1138842
2021-06-23 09:32:33,2224.5,1139005
2021-06-23 09:32:34,2224.8,1139264
2021-06-23 09:32:34,2224.8,1139269
2021-06-23 09:32:35,2224.8,1139592
2021-06-23 09:32:36,2224.8,1139644
2021-06-23 09:32:37,2224.8,1139750
2021-06-23 09:32:38,2225.55,1141800
2021-06-23 09:32:39,2225.65,1142576
2021-06-23 09:32:40,2226.0,1142655
2021-06-23 09:32:41,2226.35,1143459
2021-06-23 09:32:42,2226.9,1143646
2021-06-23 09:32:43,2226.3,1143747
2021-06-23 09:32:44,2226.4,1144807
2021-06-23 09:32:45,2226.25,1144906
2021-06-23 09:32:46,2226.65,1147329
2021-06-23 09:32:47,2226.15,1147374
2021-06-23 09:32:48,2226.15,1147428
2021-06-23 09:32:49,2226.15,1147717
2021-06-23 09:32:51,2226.15,1147963
2021-06-23 09:32:52,2226.0,1148636
2021-06-23 09:32:53,2225.1,1148661
2021-06-23 09:32:57,2225.95,1149243
2021-06-23 09:32:58,2225.95,1149373
2021-06-23 09:32:59,2225.95,1149555
2021-06-23 09:33:00,2225.85,1149765
2021-06-23 09:33:02,2225.9,1149770
2021-06-23 09:33:03,2225.5,1150830
2021-06-23 09:33:03,2225.5,1150393
2021-06-23 09:33:04,2225.8,1151728
2021-06-23 09:33:05,2225.8,1152464
2021-06-23 09:33:07,2226.0,1152653
2021-06-23 09:33:08,2225.2,1152769
2021-06-23 09:33:10,2225.95,1152848
2021-06-23 09:33:11,2225.2,1153137
2021-06-23 09:33:11,2225.2,1153137
2021-06-23 09:33:12,2225.1,1153479
2021-06-23 09:33:13,2225.1,1154090
2021-06-23 09:33:14,2225.55,1154268
2021-06-23 09:33:16,2225.55,1154404
2021-06-23 09:33:17,2225.5,1154425
2021-06-23 09:33:18,2225.55,1154843
2021-06-23 09:33:19,2225.55,1154873
2021-06-23 09:33:20,2225.55,1154916
2021-06-23 09:33:21,2225.15,1154973
2021-06-23 09:33:22,2225.75,1155243
2021-06-23 09:33:23,2225.8,1155303
2021-06-23 09:33:25,2225.6,1155338
2021-06-23 09:33:26,2225.8,1155455
2021-06-23 09:33:26,2225.3,1155976
2021-06-23 09:33:27,2225.25,1156189
2021-06-23 09:33:29,2225.7,1156219
2021-06-23 09:33:30,2225.6,1156259
2021-06-23 09:33:30,2225.65,1156274
2021-06-23 09:33:31,2225.7,1156536
2021-06-23 09:33:32,2225.55,1156582
2021-06-23 09:33:33,2225.85,1157573
2021-06-23 09:33:34,2225.8,1157761
2021-06-23 09:33:35,2225.8,1157864
2021-06-23 09:33:36,2225.3,1158114
2021-06-23 09:33:39,2225.85,1158599
2021-06-23 09:33:41,2225.05,1160462
2021-06-23 09:33:42,2225.2,1160725
2021-06-23 09:33:43,2225.2,1160754
2021-06-23 09:33:44,2225.25,1160810
2021-06-23 09:33:44,2225.25,1160810
2021-06-23 09:33:46,2225.1,1161267
2021-06-23 09:33:47,2225.15,1161387
2021-06-23 09:33:48,2225.1,1161586
2021-06-23 09:33:49,2225.15,1161856
2021-06-23 09:33:50,2225.15,1162012
2021-06-23 09:33:51,2225.0,1162282
2021-06-23 09:33:52,2225.1,1162452
2021-06-23 09:33:54,2225.15,1162480
2021-06-23 09:33:55,2225.0,1162815
2021-06-23 09:33:56,2225.2,1162915
2021-06-23 09:33:56,2225.2,1162915
2021-06-23 09:33:57,2225.0,1162955
2021-06-23 09:33:58,2225.2,1163085
2021-06-23 09:33:59,2225.2,1163147
2021-06-23 09:34:00,2225.1,1163358
2021-06-23 09:34:01,2225.15,1163629
2021-06-23 09:34:02,2225.15,1163710
2021-06-23 09:34:03,2225.15,1163777
2021-06-23 09:34:04,2225.0,1163782
2021-06-23 09:34:05,2225.1,1163802
2021-06-23 09:34:07,2225.0,1166748
2021-06-23 09:34:08,2225.05,1167070
2021-06-23 09:34:09,2224.95,1167072
2021-06-23 09:34:10,2225.0,1167744
2021-06-23 09:34:11,2225.0,1167920
2021-06-23 09:34:12,2225.0,1168333
2021-06-23 09:34:13,2224.6,1168409
2021-06-23 09:34:14,2224.95,1168780
2021-06-23 09:34:15,2224.6,1169325
2021-06-23 09:34:16,2225.05,1169339
2021-06-23 09:34:17,2225.05,1169339
2021-06-23 09:34:18,2224.75,1169462
2021-06-23 09:34:19,2225.05,1171436
2021-06-23 09:34:20,2225.25,1171501
2021-06-23 09:34:21,2225.25,1171614
2021-06-23 09:34:22,2225.25,1171814
2021-06-23 09:34:23,2225.1,1172041
2021-06-23 09:34:25,2225.25,1172073
2021-06-23 09:34:26,2225.15,1172141
2021-06-23 09:34:26,2225.25,1172191
2021-06-23 09:34:27,2225.15,1172211
2021-06-23 09:34:28,2225.1,1172222
2021-06-23 09:34:29,2225.1,1172344
2021-06-23 09:34:30,2225.25,1172390
2021-06-23 09:34:31,2225.25,1172416
2021-06-23 09:34:32,2225.45,1172747
2021-06-23 09:34:33,2225.6,1172842
2021-06-23 09:34:34,2225.6,1172887
2021-06-23 09:34:35,2225.6,1172914
2021-06-23 09:34:36,2225.6,1172915
2021-06-23 09:34:37,2225.6,1173015
2021-06-23 09:34:38,2225.6,1173023
2021-06-23 09:34:39,2225.6,1173023
2021-06-23 09:34:41,2225.6,1173164
2021-06-23 09:34:42,2225.6,1176421
2021-06-23 09:34:42,2225.6,1176421
2021-06-23 09:34:43,2226.05,1177275
2021-06-23 09:34:44,2225.7,1177280
2021-06-23 09:34:45,2225.7,1177280
2021-06-23 09:34:46,2226.65,1178051
2021-06-23 09:34:47,2226.75,1178066
2021-06-23 09:34:48,2226.75,1178094
2021-06-23 09:34:49,2226.75,1178094
2021-06-23 09:34:51,2226.65,1178107
2021-06-23 09:34:52,2226.65,1178122
2021-06-23 09:34:53,2226.0,1178503
2021-06-23 09:34:54,2226.4,1178614
2021-06-23 09:34:55,2226.0,1178956
2021-06-23 09:34:56,2226.0,1178956
2021-06-23 09:34:57,2225.95,1178988
2021-06-23 09:34:58,2225.95,1179348
2021-06-23 09:34:59,2226.4,1179350
2021-06-23 09:35:00,2226.0,1179417
2021-06-23 09:35:01,2225.6,1179637
2021-06-23 09:35:02,2226.0,1179671
2021-06-23 09:35:03,2226.4,1179874
2021-06-23 09:35:04,2226.0,1180369
2021-06-23 09:35:05,2226.0,1180619
2021-06-23 09:35:06,2226.4,1180650
2021-06-23 09:35:07,2226.4,1181299
2021-06-23 09:35:08,2226.4,1181339
2021-06-23 09:35:09,2226.4,1181505
2021-06-23 09:35:10,2225.6,1181719
2021-06-23 09:35:11,2226.05,1183835
2021-06-23 09:35:12,2226.4,1183964
2021-06-23 09:35:12,2226.4,1183964
2021-06-23 09:35:13,2226.4,1184088
2021-06-23 09:35:16,2226.4,1184225
2021-06-23 09:35:17,2226.4,1184355
2021-06-23 09:35:18,2226.4,1184410
2021-06-23 09:35:19,2226.4,1184414
2021-06-23 09:35:20,2226.4,1184514
2021-06-23 09:35:21,2226.0,1184676
2021-06-23 09:35:22,2225.95,1184789
2021-06-23 09:35:23,2226.0,1184979
2021-06-23 09:35:24,2226.0,1185138
2021-06-23 09:35:25,2225.7,1185412
2021-06-23 09:35:25,2225.7,1185412
2021-06-23 09:35:26,2225.95,1185442
2021-06-23 09:35:28,2226.0,1185567
2021-06-23 09:35:29,2226.0,1185605
2021-06-23 09:35:30,2226.0,1186421
2021-06-23 09:35:31,2226.0,1186514
2021-06-23 09:35:31,2226.0,1186518
2021-06-23 09:35:32,2226.0,1186574
2021-06-23 09:35:34,2226.0,1186882
2021-06-23 09:35:35,2226.0,1186892
2021-06-23 09:35:36,2226.0,1187076
2021-06-23 09:35:36,2225.85,1187077
2021-06-23 09:35:37,2225.6,1187145
2021-06-23 09:35:38,2225.9,1188576
2021-06-23 09:35:41,2226.0,1188875
2021-06-23 09:35:42,2226.0,1188990
2021-06-23 09:35:42,2226.0,1189000
2021-06-23 09:35:43,2226.0,1189112
2021-06-23 09:35:45,2226.0,1189120
2021-06-23 09:35:47,2225.6,1189312
2021-06-23 09:35:48,2226.0,1189917
2021-06-23 09:35:51,2226.0,1190079
2021-06-23 09:35:52,2226.0,1190374
2021-06-23 09:35:53,2226.0,1190691
2021-06-23 09:35:53,2226.0,1190691
2021-06-23 09:35:54,2226.0,1190951
2021-06-23 09:35:56,2226.0,1190986
2021-06-23 09:35:57,2225.6,1191355
2021-06-23 09:35:58,2225.8,1191680
2021-06-23 09:35:58,2226.0,1191830
2021-06-23 09:35:59,2225.85,1192259
2021-06-23 09:36:01,2226.65,1192285
2021-06-23 09:36:02,2226.0,1192536
2021-06-23 09:36:03,2226.1,1192656
2021-06-23 09:36:03,2226.1,1192656
2021-06-23 09:36:04,2226.5,1192997
2021-06-23 09:36:06,2226.6,1193151
2021-06-23 09:36:07,2226.6,1193182
2021-06-23 09:36:08,2226.65,1193436
2021-06-23 09:36:08,2226.65,1193436
2021-06-23 09:36:09,2226.45,1193491
2021-06-23 09:36:11,2226.45,1193691
2021-06-23 09:36:12,2226.4,1193850
2021-06-23 09:36:13,2226.4,1193910
2021-06-23 09:36:13,2226.4,1193910
2021-06-23 09:36:14,2226.0,1194138
2021-06-23 09:36:16,2226.0,1197051
2021-06-23 09:36:17,2225.95,1197056
2021-06-23 09:36:18,2225.95,1197056
2021-06-23 09:36:18,2225.95,1197086
2021-06-23 09:36:19,2225.9,1197224
2021-06-23 09:36:20,2225.5,1197498
2021-06-23 09:36:22,2225.65,1197711
2021-06-23 09:36:23,2225.65,1197711
2021-06-23 09:36:24,2225.65,1197750
2021-06-23 09:36:25,2225.65,1197861
2021-06-23 09:36:28,2225.65,1198474
2021-06-23 09:36:28,2225.15,1198494
2021-06-23 09:36:29,2225.6,1198553
2021-06-23 09:36:31,2225.6,1198602
2021-06-23 09:36:32,2225.6,1199602
2021-06-23 09:36:33,2225.25,1200146
2021-06-23 09:36:33,2225.25,1200146
2021-06-23 09:36:34,2225.25,1200213
2021-06-23 09:36:35,2225.25,1200428
2021-06-23 09:36:37,2224.7,1205579
2021-06-23 09:36:38,2224.1,1206755
2021-06-23 09:36:39,2224.1,1206761
2021-06-23 09:36:40,2224.75,1206928
2021-06-23 09:36:40,2224.75,1206928
2021-06-23 09:36:41,2224.75,1206953
2021-06-23 09:36:43,2224.75,1207080
2021-06-23 09:36:44,2224.75,1207210
2021-06-23 09:36:45,2224.75,1208321
2021-06-23 09:36:46,2224.4,1208398
2021-06-23 09:36:48,2224.6,1208410
2021-06-23 09:36:49,2224.75,1208465
2021-06-23 09:36:50,2224.75,1208622
2021-06-23 09:36:50,2224.75,1208642
2021-06-23 09:36:51,2224.75,1208757
2021-06-23 09:36:53,2224.75,1208792
2021-06-23 09:36:54,2224.1,1209077
2021-06-23 09:36:55,2224.75,1210002
2021-06-23 09:36:55,2224.75,1210002
2021-06-23 09:36:56,2224.75,1210390
2021-06-23 09:36:58,2224.1,1210890
2021-06-23 09:36:59,2224.1,1211085
2021-06-23 09:37:00,2224.65,1211609
2021-06-23 09:37:03,2224.05,1215568
2021-06-23 09:37:04,2224.05,1215683
2021-06-23 09:37:05,2223.3,1215733
2021-06-23 09:37:06,2224.0,1216477
2021-06-23 09:37:07,2223.95,1216494
2021-06-23 09:37:08,2223.05,1216599
2021-06-23 09:37:10,2223.05,1216610
2021-06-23 09:37:11,2223.2,1216819
2021-06-23 09:37:12,2223.05,1217641
2021-06-23 09:37:13,2223.2,1219373
2021-06-23 09:37:14,2223.2,1219383
2021-06-23 09:37:14,2223.2,1219383
2021-06-23 09:37:16,2223.05,1219851
2021-06-23 09:37:17,2223.15,1220205
2021-06-23 09:37:18,2223.05,1220541
2021-06-23 09:37:19,2223.15,1220597
2021-06-23 09:37:19,2223.15,1220599
2021-06-23 09:37:21,2223.1,1220969
2021-06-23 09:37:22,2223.15,1221073
2021-06-23 09:37:23,2223.15,1221119
2021-06-23 09:37:24,2223.1,1222027
2021-06-23 09:37:25,2223.15,1222517
2021-06-23 09:37:25,2223.15,1222527
2021-06-23 09:37:27,2223.15,1222527
2021-06-23 09:37:28,2223.15,1222685
2021-06-23 09:37:29,2223.15,1222685
2021-06-23 09:37:30,2223.1,1223002
2021-06-23 09:37:30,2223.15,1223227
2021-06-23 09:37:32,2223.2,1225144
2021-06-23 09:37:33,2223.8,1227361
2021-06-23 09:37:34,2224.0,1230941
2021-06-23 09:37:35,2223.8,1231214
2021-06-23 09:37:35,2223.8,1231214
2021-06-23 09:37:37,2224.0,1231314
2021-06-23 09:37:38,2224.0,1231380
2021-06-23 09:37:39,2224.0,1231801
2021-06-23 09:37:41,2223.8,1233070
2021-06-23 09:37:41,2223.8,1233070
2021-06-23 09:37:43,2223.75,1233160
2021-06-23 09:37:44,2224.0,1233307
2021-06-23 09:37:45,2223.95,1233988
2021-06-23 09:37:46,2224.0,1234081
2021-06-23 09:37:47,2223.85,1234111
2021-06-23 09:37:47,2223.7,1234113
2021-06-23 09:37:48,2223.7,1234233
2021-06-23 09:37:50,2223.85,1234568
2021-06-23 09:37:51,2223.7,1234641
2021-06-23 09:37:52,2224.0,1235199
2021-06-23 09:37:53,2223.7,1235454
2021-06-23 09:37:53,2224.0,1235586
2021-06-23 09:37:55,2224.0,1235692
2021-06-23 09:37:56,2223.7,1236075
2021-06-23 09:37:57,2224.0,1236325
2021-06-23 09:37:58,2224.0,1237392
2021-06-23 09:37:58,2224.0,1237392
2021-06-23 09:38:00,2224.0,1237573
2021-06-23 09:38:01,2223.7,1237681
2021-06-23 09:38:02,2223.5,1238538
2021-06-23 09:38:03,2223.5,1238836
2021-06-23 09:38:03,2223.5,1238837
2021-06-23 09:38:06,2223.5,1239525
2021-06-23 09:38:07,2223.5,1239526
2021-06-23 09:38:08,2223.5,1239532
2021-06-23 09:38:09,2223.05,1240158
2021-06-23 09:38:09,2223.15,1240159
2021-06-23 09:38:11,2223.5,1240470
2021-06-23 09:38:12,2223.5,1240553
2021-06-23 09:38:13,2223.2,1240582
2021-06-23 09:38:14,2223.2,1240601
2021-06-23 09:38:16,2223.5,1240651
2021-06-23 09:38:17,2223.5,1240721
2021-06-23 09:38:18,2223.1,1241066
2021-06-23 09:38:19,2223.5,1241217
2021-06-23 09:38:19,2223.5,1241242
2021-06-23 09:38:21,2223.5,1241337
2021-06-23 09:38:22,2223.5,1241523
2021-06-23 09:38:23,2223.45,1242184
2021-06-23 09:38:24,2223.05,1242380
2021-06-23 09:38:24,2223.55,1242420
2021-06-23 09:38:26,2223.5,1242695
2021-06-23 09:38:27,2223.3,1243274
2021-06-23 09:38:28,2223.2,1243397
2021-06-23 09:38:29,2223.55,1243594
2021-06-23 09:38:30,2223.55,1243860
2021-06-23 09:38:31,2223.5,1244284
2021-06-23 09:38:32,2223.05,1244352
2021-06-23 09:38:33,2223.5,1244600
2021-06-23 09:38:33,2223.5,1244631
2021-06-23 09:38:35,2223.5,1244759
2021-06-23 09:38:37,2223.0,1247087
2021-06-23 09:38:38,2223.0,1247292
2021-06-23 09:38:39,2223.0,1247361
2021-06-23 09:38:40,2223.0,1247656
2021-06-23 09:38:40,2223.0,1247727
2021-06-23 09:38:42,2223.0,1248056
2021-06-23 09:38:44,2221.65,1254555
2021-06-23 09:38:45,2221.65,1255354
2021-06-23 09:38:46,2221.65,1255893
2021-06-23 09:38:47,2222.3,1257158
2021-06-23 09:38:49,2221.7,1258293
2021-06-23 09:38:50,2222.15,1258655
2021-06-23 09:38:51,2222.15,1259046
2021-06-23 09:38:52,2222.0,1259082
2021-06-23 09:38:52,2222.7,1260112
2021-06-23 09:38:54,2222.55,1260253
2021-06-23 09:38:55,2222.55,1260409
2021-06-23 09:38:56,2222.15,1260677
2021-06-23 09:38:57,2222.0,1261111
2021-06-23 09:38:58,2222.7,1261349
2021-06-23 09:38:58,2222.7,1261447
2021-06-23 09:39:00,2223.5,1262176
2021-06-23 09:39:01,2222.8,1262652
2021-06-23 09:39:03,2222.75,1263616
2021-06-23 09:39:03,2222.75,1263616
2021-06-23 09:39:05,2223.5,1264083
2021-06-23 09:39:06,2223.6,1265428
2021-06-23 09:39:08,2223.25,1267243
2021-06-23 09:39:08,2223.25,1267227
2021-06-23 09:39:10,2223.25,1267256
2021-06-23 09:39:11,2223.25,1267340
2021-06-23 09:39:12,2223.25,1267497
2021-06-23 09:39:13,2223.25,1267512
2021-06-23 09:39:14,2223.25,1267738
2021-06-23 09:39:15,2223.25,1267904
2021-06-23 09:39:16,2223.25,1267924
2021-06-23 09:39:17,2223.25,1268496
2021-06-23 09:39:18,2223.25,1268848
2021-06-23 09:39:19,2224.0,1269811
2021-06-23 09:39:20,2223.2,1269977
2021-06-23 09:39:21,2223.25,1270050
2021-06-23 09:39:22,2224.0,1270087
2021-06-23 09:39:23,2224.0,1270087
2021-06-23 09:39:24,2223.9,1270292
2021-06-23 09:39:25,2223.85,1270321
2021-06-23 09:39:26,2223.85,1270366
2021-06-23 09:39:27,2223.85,1270403
2021-06-23 09:39:28,2223.85,1270488
2021-06-23 09:39:29,2223.85,1270579
2021-06-23 09:39:30,2223.85,1270605
2021-06-23 09:39:31,2223.8,1270613
2021-06-23 09:39:32,2223.8,1270775
2021-06-23 09:39:34,2223.8,1271353
2021-06-23 09:39:35,2223.5,1271574
2021-06-23 09:39:36,2223.5,1271596
2021-06-23 09:39:37,2223.55,1271781
2021-06-23 09:39:38,2223.75,1272755
2021-06-23 09:39:39,2223.8,1273014
2021-06-23 09:39:40,2224.0,1273128
2021-06-23 09:39:41,2224.0,1277064
2021-06-23 09:39:42,2223.95,1278139
2021-06-23 09:39:43,2223.75,1278565
2021-06-23 09:39:44,2224.0,1278898
2021-06-23 09:39:45,2224.0,1282958
2021-06-23 09:39:46,2225.25,1283668
2021-06-23 09:39:47,2224.4,1285190
2021-06-23 09:39:48,2224.85,1285656
2021-06-23 09:39:49,2225.35,1285999
2021-06-23 09:39:50,2225.0,1286238
2021-06-23 09:39:51,2225.4,1286974
2021-06-23 09:39:52,2226.05,1287295
2021-06-23 09:39:53,2226.05,1287614
2021-06-23 09:39:55,2226.35,1288763
2021-06-23 09:39:56,2226.0,1289093
2021-06-23 09:39:57,2225.05,1289957
2021-06-23 09:39:58,2224.3,1290113
2021-06-23 09:39:59,2224.85,1290230
2021-06-23 09:40:00,2224.3,1290258
2021-06-23 09:40:01,2224.8,1290498
2021-06-23 09:40:02,2224.3,1290604
2021-06-23 09:40:03,2224.85,1290784
2021-06-23 09:40:04,2224.85,1291169
2021-06-23 09:40:05,2224.85,1291195
2021-06-23 09:40:06,2224.85,1291195
2021-06-23 09:40:07,2225.9,1296299
2021-06-23 09:40:08,2224.95,1297390
2021-06-23 09:40:09,2224.55,1299347
2021-06-23 09:40:10,2224.35,1299688
2021-06-23 09:40:11,2224.35,1299720
2021-06-23 09:40:12,2224.3,1299819
2021-06-23 09:40:13,2224.0,1300986
2021-06-23 09:40:14,2224.3,1301470
2021-06-23 09:40:15,2223.9,1301964
2021-06-23 09:40:16,2223.8,1302001
2021-06-23 09:40:17,2223.8,1302001
2021-06-23 09:40:18,2223.15,1302545
2021-06-23 09:40:19,2223.75,1302801
2021-06-23 09:40:20,2223.2,1307094
2021-06-23 09:40:21,2224.2,1307983
2021-06-23 09:40:22,2223.55,1309476
2021-06-23 09:40:23,2223.55,1310095
2021-06-23 09:40:24,2223.55,1310211
2021-06-23 09:40:25,2223.65,1310356
2021-06-23 09:40:27,2224.6,1310836
2021-06-23 09:40:28,2223.75,1310839
2021-06-23 09:40:29,2224.4,1310840
2021-06-23 09:40:30,2224.4,1310859
2021-06-23 09:40:31,2223.75,1311149
2021-06-23 09:40:32,2224.4,1311160
2021-06-23 09:40:33,2224.35,1311196
2021-06-23 09:40:34,2223.9,1311303
2021-06-23 09:40:35,2223.9,1311434
2021-06-23 09:40:36,2223.9,1311438
2021-06-23 09:40:37,2223.9,1311555
2021-06-23 09:40:38,2223.9,1311774
2021-06-23 09:40:40,2223.85,1311981
2021-06-23 09:40:39,2223.9,1311971
2021-06-23 09:40:41,2223.85,1312476
2021-06-23 09:40:42,2223.9,1313929
2021-06-23 09:40:43,2224.0,1313930
2021-06-23 09:40:44,2223.9,1314470
2021-06-23 09:40:45,2223.95,1315766
2021-06-23 09:40:46,2223.85,1316491
2021-06-23 09:40:47,2225.0,1317123
2021-06-23 09:40:48,2224.2,1317138
2021-06-23 09:40:49,2224.2,1317138
2021-06-23 09:40:50,2224.2,1317208
2021-06-23 09:40:51,2225.0,1317215
2021-06-23 09:40:52,2224.9,1317222
2021-06-23 09:40:53,2224.9,1317232
2021-06-23 09:40:54,2225.0,1320619
2021-06-23 09:40:55,2225.6,1320909
2021-06-23 09:40:56,2225.85,1321358
2021-06-23 09:40:57,2225.85,1321391
2021-06-23 09:40:58,2225.85,1321436
2021-06-23 09:40:59,2224.95,1321470
2021-06-23 09:41:00,2225.85,1321472
2021-06-23 09:41:01,2225.85,1321571
2021-06-23 09:41:02,2225.85,1321599
2021-06-23 09:41:03,2225.85,1321655
2021-06-23 09:41:04,2225.3,1323207
2021-06-23 09:41:05,2225.8,1323334
2021-06-23 09:41:06,2225.8,1323470
2021-06-23 09:41:08,2225.85,1324291
2021-06-23 09:41:09,2225.4,1324331
2021-06-23 09:41:10,2225.8,1324369
2021-06-23 09:41:12,2225.8,1324586
2021-06-23 09:41:13,2225.75,1324720
2021-06-23 09:41:14,2225.85,1324920
2021-06-23 09:41:15,2225.05,1325310
2021-06-23 09:41:16,2225.8,1325395
2021-06-23 09:41:17,2225.85,1325871
2021-06-23 09:41:18,2225.85,1326327
2021-06-23 09:41:19,2225.75,1326473
2021-06-23 09:41:20,2225.6,1328570
2021-06-23 09:41:21,2225.6,1328734
2021-06-23 09:41:22,2225.85,1328989
2021-06-23 09:41:23,2225.6,1329373
2021-06-23 09:41:26,2225.25,1329449
2021-06-23 09:41:26,2225.25,1329488
2021-06-23 09:41:27,2225.1,1329508
2021-06-23 09:41:28,2225.1,1329532
2021-06-23 09:41:29,2225.25,1329636
2021-06-23 09:41:30,2225.2,1329820
2021-06-23 09:41:31,2225.3,1331312
2021-06-23 09:41:32,2225.3,1331367
2021-06-23 09:41:35,2225.3,1331731
2021-06-23 09:41:35,2225.3,1331731
2021-06-23 09:41:36,2225.3,1331731
2021-06-23 09:41:37,2225.3,1332226
2021-06-23 09:41:38,2225.3,1332825
2021-06-23 09:41:39,2225.25,1332943
2021-06-23 09:41:40,2225.3,1333313
2021-06-23 09:41:41,2225.3,1333313
2021-06-23 09:41:42,2225.35,1333735
2021-06-23 09:41:43,2226.0,1334616
2021-06-23 09:41:44,2226.05,1334903
2021-06-23 09:41:46,2225.6,1334959
2021-06-23 09:41:46,2225.6,1334959
2021-06-23 09:41:47,2225.6,1334959
2021-06-23 09:41:48,2225.75,1335149
2021-06-23 09:41:49,2226.4,1335713
2021-06-23 09:41:50,2225.75,1336073
2021-06-23 09:41:51,2226.4,1336081
2021-06-23 09:41:52,2226.4,1336181
2021-06-23 09:41:53,2226.4,1336235
2021-06-23 09:41:54,2226.4,1336367
2021-06-23 09:41:55,2226.4,1336423
2021-06-23 09:41:57,2225.85,1336768
2021-06-23 09:41:58,2226.4,1337064
2021-06-23 09:41:59,2226.0,1338034
2021-06-23 09:42:00,2226.0,1338335
2021-06-23 09:42:01,2225.95,1338410
2021-06-23 09:42:02,2226.2,1338729
2021-06-23 09:42:03,2226.2,1338779
2021-06-23 09:42:04,2226.0,1339006
2021-06-23 09:42:05,2226.1,1339054
2021-06-23 09:42:06,2226.1,1339116
2021-06-23 09:42:07,2226.1,1339126
2021-06-23 09:42:08,2226.2,1339821
2021-06-23 09:42:09,2226.2,1341089
2021-06-23 09:42:10,2226.95,1341500
2021-06-23 09:42:11,2226.1,1341570
2021-06-23 09:42:12,2226.95,1341575
2021-06-23 09:42:14,2226.9,1341706
2021-06-23 09:42:14,2226.85,1341765
2021-06-23 09:42:15,2226.85,1341821
2021-06-23 09:42:16,2226.85,1341930
2021-06-23 09:42:17,2226.85,1341979
2021-06-23 09:42:18,2226.2,1342517
2021-06-23 09:42:19,2226.7,1342656
2021-06-23 09:42:20,2226.7,1342681
2021-06-23 09:42:21,2226.7,1342722
2021-06-23 09:42:23,2226.7,1342751
2021-06-23 09:42:23,2226.7,1342751
2021-06-23 09:42:24,2226.6,1342815
2021-06-23 09:42:25,2226.65,1343110
2021-06-23 09:42:26,2226.6,1343197
2021-06-23 09:42:27,2226.6,1343255
2021-06-23 09:42:28,2226.65,1343736
2021-06-23 09:42:29,2226.7,1345650
2021-06-23 09:42:30,2226.65,1345770
2021-06-23 09:42:31,2226.65,1346210
2021-06-23 09:42:33,2226.7,1346448
2021-06-23 09:42:33,2226.7,1346448
2021-06-23 09:42:34,2226.7,1346603
2021-06-23 09:42:35,2226.7,1346609
2021-06-23 09:42:36,2227.85,1349484
2021-06-23 09:42:37,2227.0,1349880
2021-06-23 09:42:38,2227.0,1349898
2021-06-23 09:42:39,2227.65,1350169
2021-06-23 09:42:40,2227.65,1350257
2021-06-23 09:42:42,2227.65,1350270
2021-06-23 09:42:43,2227.65,1350295
2021-06-23 09:42:43,2227.65,1350295
2021-06-23 09:42:44,2228.9,1351994
2021-06-23 09:42:45,2228.75,1352531
2021-06-23 09:42:46,2228.75,1353316
2021-06-23 09:42:47,2227.65,1355320
2021-06-23 09:42:48,2227.65,1358183
2021-06-23 09:42:49,2227.65,1358665
2021-06-23 09:42:51,2228.35,1358984
2021-06-23 09:42:51,2228.55,1359551
2021-06-23 09:42:52,2228.0,1359807
2021-06-23 09:42:53,2228.75,1360124
2021-06-23 09:42:54,2228.75,1361540
2021-06-23 09:42:55,2228.55,1361791
2021-06-23 09:42:56,2228.45,1361844
2021-06-23 09:42:57,2228.65,1362337
2021-06-23 09:42:58,2228.55,1362358
2021-06-23 09:43:00,2228.55,1362390
2021-06-23 09:43:01,2228.65,1363445
2021-06-23 09:43:02,2228.0,1363559
2021-06-23 09:43:03,2227.85,1364141
2021-06-23 09:43:04,2228.6,1364535
2021-06-23 09:43:05,2228.6,1364634
2021-06-23 09:43:06,2228.55,1364910
2021-06-23 09:43:07,2228.6,1365069
2021-06-23 09:43:09,2228.7,1366172
2021-06-23 09:43:09,2228.95,1366362
2021-06-23 09:43:10,2228.6,1366887
2021-06-23 09:43:11,2228.55,1367444
2021-06-23 09:43:12,2228.55,1368981
2021-06-23 09:43:13,2229.0,1369342
2021-06-23 09:43:14,2228.5,1369817
2021-06-23 09:43:15,2228.95,1370023
2021-06-23 09:43:16,2228.7,1370715
2021-06-23 09:43:17,2229.0,1371190
2021-06-23 09:43:19,2228.95,1371600
2021-06-23 09:43:19,2229.0,1371737
2021-06-23 09:43:20,2229.0,1371907
2021-06-23 09:43:21,2229.0,1376592
2021-06-23 09:43:22,2229.0,1377859
2021-06-23 09:43:23,2228.95,1378202
2021-06-23 09:43:24,2228.95,1378283
2021-06-23 09:43:26,2228.85,1378961
2021-06-23 09:43:27,2228.95,1379626
2021-06-23 09:43:28,2228.95,1380488
2021-06-23 09:43:29,2228.75,1380758
2021-06-23 09:43:30,2228.95,1381450
2021-06-23 09:43:32,2228.95,1383973
2021-06-23 09:43:34,2228.85,1384614
2021-06-23 09:43:35,2228.95,1385370
2021-06-23 09:43:35,2228.95,1385382
2021-06-23 09:43:36,2228.95,1386673
2021-06-23 09:43:38,2228.95,1386936
2021-06-23 09:43:38,2228.95,1387636
2021-06-23 09:43:39,2228.95,1387695
2021-06-23 09:43:41,2228.75,1388031
2021-06-23 09:43:41,2228.95,1388307
2021-06-23 09:43:42,2229.0,1388458
2021-06-23 09:43:44,2228.95,1389368
2021-06-23 09:43:45,2228.95,1389416
2021-06-23 09:43:46,2228.5,1389569
2021-06-23 09:43:46,2228.95,1389599
2021-06-23 09:43:47,2228.95,1389748
2021-06-23 09:43:48,2228.5,1390163
2021-06-23 09:43:50,2228.6,1390198
2021-06-23 09:43:52,2228.5,1391820
2021-06-23 09:43:53,2228.7,1393667
2021-06-23 09:43:53,2228.9,1393685
2021-06-23 09:43:54,2228.9,1394073
2021-06-23 09:43:55,2228.4,1394303
2021-06-23 09:43:57,2228.6,1394658
2021-06-23 09:43:58,2228.6,1394712
2021-06-23 09:43:59,2228.5,1395089
2021-06-23 09:44:00,2228.8,1395321
2021-06-23 09:44:00,2228.6,1395371
2021-06-23 09:44:01,2228.4,1398542
2021-06-23 09:44:02,2228.65,1398566
2021-06-23 09:44:03,2228.6,1399026
2021-06-23 09:44:04,2228.5,1399028
2021-06-23 09:44:06,2228.1,1399078
2021-06-23 09:44:07,2228.1,1399518
2021-06-23 09:44:09,2228.1,1400918
2021-06-23 09:44:10,2227.85,1401001
2021-06-23 09:44:11,2228.05,1401924
2021-06-23 09:44:12,2228.0,1402044
2021-06-23 09:44:13,2228.0,1402057
2021-06-23 09:44:14,2228.0,1402077
2021-06-23 09:44:15,2228.05,1402673
2021-06-23 09:44:16,2228.05,1402723
2021-06-23 09:44:18,2228.05,1402773
2021-06-23 09:44:18,2227.75,1402840
2021-06-23 09:44:19,2228.05,1403301
2021-06-23 09:44:20,2228.0,1403371
2021-06-23 09:44:21,2227.75,1404113
2021-06-23 09:44:22,2227.5,1404254
2021-06-23 09:44:24,2227.0,1404668
2021-06-23 09:44:26,2227.45,1405424
2021-06-23 09:44:27,2226.6,1405651
2021-06-23 09:44:27,2227.15,1405701
2021-06-23 09:44:29,2226.2,1405794
2021-06-23 09:44:29,2227.15,1406088
2021-06-23 09:44:31,2227.0,1407281
2021-06-23 09:44:32,2226.6,1407308
2021-06-23 09:44:33,2226.8,1407570
2021-06-23 09:44:34,2226.8,1408024
2021-06-23 09:44:34,2227.0,1409170
2021-06-23 09:44:35,2226.85,1409946
2021-06-23 09:44:36,2227.15,1410424
2021-06-23 09:44:37,2227.15,1410445
2021-06-23 09:44:39,2227.0,1410486
2021-06-23 09:44:40,2227.0,1410589
2021-06-23 09:44:41,2227.0,1410639
2021-06-23 09:44:42,2227.0,1410641
2021-06-23 09:44:44,2227.0,1411207
2021-06-23 09:44:45,2227.5,1411886
2021-06-23 09:44:46,2227.85,1411910
2021-06-23 09:44:46,2228.0,1412110
2021-06-23 09:44:47,2227.8,1413068
2021-06-23 09:44:49,2227.3,1414163
2021-06-23 09:44:50,2227.3,1414163
2021-06-23 09:44:51,2228.0,1414183
2021-06-23 09:44:52,2228.0,1414695
2021-06-23 09:44:53,2227.55,1414899
2021-06-23 09:44:56,2227.95,1415123
2021-06-23 09:44:57,2227.75,1415136
2021-06-23 09:44:58,2228.4,1416175
2021-06-23 09:44:58,2228.4,1416175
2021-06-23 09:44:59,2227.25,1416322
2021-06-23 09:45:00,2228.15,1416362
2021-06-23 09:45:01,2227.5,1416515
2021-06-23 09:45:02,2228.15,1416786
2021-06-23 09:45:03,2227.45,1416895
2021-06-23 09:45:04,2228.05,1417009
2021-06-23 09:45:05,2228.05,1417114
2021-06-23 09:45:06,2227.5,1417177
2021-06-23 09:45:08,2227.45,1417502
2021-06-23 09:45:09,2228.0,1418586
2021-06-23 09:45:10,2227.65,1419372
2021-06-23 09:45:10,2227.65,1419359
2021-06-23 09:45:11,2227.7,1420249
2021-06-23 09:45:12,2227.7,1420261
2021-06-23 09:45:13,2227.6,1420329
2021-06-23 09:45:14,2226.8,1420408
2021-06-23 09:45:15,2226.15,1420589
2021-06-23 09:45:16,2226.15,1420589
2021-06-23 09:45:17,2226.6,1420659
2021-06-23 09:45:18,2226.1,1420770
2021-06-23 09:45:20,2225.3,1422978
2021-06-23 09:45:21,2226.0,1423709
2021-06-23 09:45:22,2225.0,1423895
2021-06-23 09:45:22,2225.85,1423896
2021-06-23 09:45:24,2225.85,1423968
2021-06-23 09:45:25,2225.85,1424481
2021-06-23 09:45:26,2227.15,1426870
2021-06-23 09:45:27,2228.0,1427751
2021-06-23 09:45:28,2228.0,1427804
2021-06-23 09:45:30,2227.95,1428208
2021-06-23 09:45:32,2228.0,1428229
2021-06-23 09:45:33,2227.95,1428367
2021-06-23 09:45:34,2228.0,1428599
2021-06-23 09:45:34,2228.0,1428599
2021-06-23 09:45:35,2228.0,1428668
2021-06-23 09:45:36,2227.8,1428716
2021-06-23 09:45:37,2227.65,1428741
2021-06-23 09:45:38,2227.45,1428848
2021-06-23 09:45:39,2227.9,1428869
2021-06-23 09:45:40,2227.45,1428874
2021-06-23 09:45:42,2227.45,1428884
2021-06-23 09:45:43,2227.85,1428906
2021-06-23 09:45:44,2226.55,1429756
2021-06-23 09:45:45,2227.6,1429786
2021-06-23 09:45:46,2227.6,1429858
2021-06-23 09:45:47,2227.6,1430362
2021-06-23 09:45:49,2227.45,1430431
2021-06-23 09:45:50,2227.85,1430542
2021-06-23 09:45:52,2227.4,1430593
2021-06-23 09:45:53,2227.85,1430605
2021-06-23 09:45:54,2227.7,1430760
2021-06-23 09:45:55,2227.85,1431589
2021-06-23 09:45:56,2227.85,1431710
2021-06-23 09:45:57,2227.75,1431711
2021-06-23 09:45:58,2227.5,1431898
2021-06-23 09:45:59,2227.5,1431949
2021-06-23 09:46:00,2226.8,1432249
2021-06-23 09:46:01,2227.5,1432270
2021-06-23 09:46:02,2227.45,1432680
2021-06-23 09:46:03,2227.35,1432760
2021-06-23 09:46:04,2226.5,1432789
2021-06-23 09:46:05,2227.25,1432825
2021-06-23 09:46:06,2227.0,1432842
2021-06-23 09:46:07,2227.0,1433038
2021-06-23 09:46:08,2227.0,1433099
2021-06-23 09:46:09,2227.0,1433724
2021-06-23 09:46:10,2227.0,1433724
2021-06-23 09:46:11,2226.55,1433849
2021-06-23 09:46:12,2226.55,1433866
2021-06-23 09:46:13,2226.55,1433866
2021-06-23 09:46:14,2227.0,1435150
2021-06-23 09:46:15,2227.5,1435219
2021-06-23 09:46:16,2227.2,1435594
2021-06-23 09:46:17,2227.0,1435628
2021-06-23 09:46:18,2227.2,1435742
2021-06-23 09:46:18,2227.2,1435746
2021-06-23 09:46:19,2227.2,1435806
2021-06-23 09:46:20,2227.75,1436261
2021-06-23 09:46:21,2227.75,1436276
2021-06-23 09:46:22,2227.8,1436312
2021-06-23 09:46:24,2227.2,1436751
2021-06-23 09:46:25,2227.6,1436817
2021-06-23 09:46:26,2227.0,1436859
2021-06-23 09:46:28,2227.55,1437110
2021-06-23 09:46:29,2227.4,1437525
2021-06-23 09:46:30,2227.0,1439010
2021-06-23 09:46:31,2226.0,1440164
2021-06-23 09:46:33,2225.85,1441018
2021-06-23 09:46:34,2226.05,1441348
2021-06-23 09:46:35,2226.8,1441491
2021-06-23 09:46:36,2225.6,1441693
2021-06-23 09:46:37,2226.7,1441842
2021-06-23 09:46:37,2226.75,1441912
2021-06-23 09:46:38,2226.75,1442011
2021-06-23 09:46:40,2226.8,1442172
2021-06-23 09:46:42,2226.75,1442227
2021-06-23 09:46:43,2226.8,1442323
2021-06-23 09:46:44,2226.8,1442344
2021-06-23 09:46:45,2226.6,1442554
2021-06-23 09:46:46,2226.6,1442599
2021-06-23 09:46:46,2226.6,1442599
2021-06-23 09:46:47,2226.6,1442644
2021-06-23 09:46:48,2226.6,1442656
2021-06-23 09:46:50,2226.6,1443187
2021-06-23 09:46:51,2226.6,1443193
2021-06-23 09:46:52,2226.5,1443205
2021-06-23 09:46:53,2226.6,1443215
2021-06-23 09:46:54,2226.5,1443255
2021-06-23 09:46:55,2226.5,1443469
2021-06-23 09:46:55,2226.6,1443492
2021-06-23 09:46:56,2226.5,1443499
2021-06-23 09:46:57,2226.5,1443868
2021-06-23 09:46:59,2226.6,1445329
2021-06-23 09:47:00,2226.6,1445540
2021-06-23 09:47:02,2226.5,1445745
2021-06-23 09:47:03,2226.5,1445765
2021-06-23 09:47:04,2226.5,1445890
2021-06-23 09:47:06,2226.4,1446002
2021-06-23 09:47:07,2226.4,1446002
2021-06-23 09:47:08,2226.5,1446012
2021-06-23 09:47:09,2226.4,1446025
2021-06-23 09:47:09,2226.4,1446025
2021-06-23 09:47:10,2226.05,1446038
2021-06-23 09:47:11,2226.05,1446680
2021-06-23 09:47:12,2226.4,1446706
2021-06-23 09:47:14,2226.4,1450925
2021-06-23 09:47:15,2226.35,1451950
2021-06-23 09:47:16,2226.3,1452207
2021-06-23 09:47:17,2226.3,1452560
2021-06-23 09:47:18,2226.5,1452787
2021-06-23 09:47:18,2226.5,1452783
2021-06-23 09:47:19,2226.5,1453048
2021-06-23 09:47:21,2226.2,1453065
2021-06-23 09:47:22,2226.2,1453073
2021-06-23 09:47:24,2226.0,1453664
2021-06-23 09:47:25,2225.95,1453991
2021-06-23 09:47:25,2225.95,1453991
2021-06-23 09:47:26,2225.95,1454127
2021-06-23 09:47:27,2225.65,1454301
2021-06-23 09:47:29,2226.2,1454889
2021-06-23 09:47:30,2226.1,1455102
2021-06-23 09:47:31,2226.6,1456105
2021-06-23 09:47:32,2226.6,1456303
2021-06-23 09:47:34,2226.6,1457066
2021-06-23 09:47:34,2226.6,1457066
2021-06-23 09:47:35,2226.6,1457326
2021-06-23 09:47:37,2226.35,1457350
2021-06-23 09:47:38,2226.35,1457361
2021-06-23 09:47:41,2226.1,1457784
2021-06-23 09:47:44,2226.0,1458242
2021-06-23 09:47:44,2226.0,1458242
2021-06-23 09:47:45,2226.0,1458242
2021-06-23 09:47:46,2226.0,1459797
2021-06-23 09:47:48,2225.75,1459883
2021-06-23 09:47:49,2226.0,1459933
2021-06-23 09:47:50,2225.7,1459973
2021-06-23 09:47:51,2225.95,1459976
2021-06-23 09:47:52,2226.0,1460323
2021-06-23 09:47:53,2226.0,1460343
2021-06-23 09:47:54,2225.5,1460708
2021-06-23 09:47:55,2226.0,1460740
2021-06-23 09:47:56,2225.75,1460812
2021-06-23 09:47:56,2226.0,1460817
2021-06-23 09:47:57,2226.0,1460852
2021-06-23 09:47:58,2226.0,1462704
2021-06-23 09:47:59,2226.4,1466374
2021-06-23 09:48:00,2226.4,1466437
2021-06-23 09:48:02,2226.4,1467238
2021-06-23 09:48:03,2226.2,1467405
2021-06-23 09:48:04,2226.4,1467414
2021-06-23 09:48:05,2225.9,1467415
2021-06-23 09:48:06,2226.4,1467427
2021-06-23 09:48:07,2226.0,1467468
2021-06-23 09:48:08,2225.75,1467555
2021-06-23 09:48:08,2225.7,1467586
2021-06-23 09:48:09,2226.0,1467588
2021-06-23 09:48:11,2226.7,1467963
2021-06-23 09:48:12,2225.85,1469035
2021-06-23 09:48:13,2226.55,1469036
2021-06-23 09:48:14,2226.2,1469037
2021-06-23 09:48:15,2226.1,1469040
2021-06-23 09:48:16,2226.2,1469060
2021-06-23 09:48:17,2226.2,1469070
2021-06-23 09:48:18,2226.2,1469130
2021-06-23 09:48:19,2226.1,1469190
2021-06-23 09:48:20,2226.0,1469235
2021-06-23 09:48:21,2226.15,1469242
2021-06-23 09:48:22,2226.15,1469254
2021-06-23 09:48:22,2226.15,1469243
2021-06-23 09:48:23,2226.1,1469379
2021-06-23 09:48:24,2226.15,1469394
2021-06-23 09:48:25,2226.1,1469454
2021-06-23 09:48:26,2226.1,1469454
2021-06-23 09:48:28,2226.1,1469541
2021-06-23 09:48:29,2226.15,1469613
2021-06-23 09:48:30,2226.1,1469675
2021-06-23 09:48:31,2226.2,1470475
2021-06-23 09:48:32,2226.0,1470733
2021-06-23 09:48:32,2226.0,1470733
2021-06-23 09:48:33,2226.0,1470818
2021-06-23 09:48:34,2226.2,1470997
2021-06-23 09:48:35,2226.25,1471394
2021-06-23 09:48:36,2226.2,1471489
2021-06-23 09:48:37,2226.0,1472031
2021-06-23 09:48:39,2225.85,1472061
2021-06-23 09:48:40,2226.0,1472089
2021-06-23 09:48:41,2226.0,1472105
2021-06-23 09:48:42,2226.0,1472110
2021-06-23 09:48:43,2226.0,1472871
2021-06-23 09:48:44,2226.0,1473088
2021-06-23 09:48:45,2225.55,1474327
2021-06-23 09:48:46,2226.0,1474407
2021-06-23 09:48:47,2226.0,1474548
2021-06-23 09:48:48,2226.0,1474656
2021-06-23 09:48:49,2225.5,1474859
2021-06-23 09:48:50,2225.2,1475068
2021-06-23 09:48:51,2225.2,1475105
2021-06-23 09:48:52,2225.3,1475316
2021-06-23 09:48:52,2225.35,1475296
2021-06-23 09:48:54,2224.6,1481149
2021-06-23 09:48:55,2224.0,1482417
2021-06-23 09:48:56,2224.0,1482551
2021-06-23 09:48:57,2224.0,1483178
2021-06-23 09:48:58,2224.0,1483688
2021-06-23 09:48:59,2224.0,1483831
2021-06-23 09:49:00,2223.9,1483882
2021-06-23 09:49:00,2223.9,1483882
2021-06-23 09:49:01,2223.9,1485093
2021-06-23 09:49:03,2224.1,1485595
2021-06-23 09:49:04,2224.55,1485645
2021-06-23 09:49:05,2224.7,1486042
2021-06-23 09:49:06,2225.35,1486546
2021-06-23 09:49:07,2224.5,1486944
2021-06-23 09:49:08,2225.35,1487174
2021-06-23 09:49:08,2225.1,1487203
2021-06-23 09:49:09,2225.1,1487206
2021-06-23 09:49:11,2225.1,1487283
2021-06-23 09:49:12,2225.1,1487338
2021-06-23 09:49:13,2224.5,1487379
2021-06-23 09:49:14,2225.0,1487529
2021-06-23 09:49:15,2225.0,1487555
2021-06-23 09:49:16,2224.2,1487684
2021-06-23 09:49:16,2224.2,1487684
2021-06-23 09:49:17,2225.0,1487714
2021-06-23 09:49:19,2225.0,1487735
2021-06-23 09:49:20,2224.05,1488063
2021-06-23 09:49:21,2224.05,1488063
2021-06-23 09:49:22,2224.5,1488093
2021-06-23 09:49:23,2224.5,1488228
2021-06-23 09:49:24,2224.5,1488228
2021-06-23 09:49:25,2224.15,1489229
2021-06-23 09:49:26,2224.85,1489330
2021-06-23 09:49:27,2224.85,1489335
2021-06-23 09:49:28,2224.75,1489478
2021-06-23 09:49:29,2224.75,1489486
2021-06-23 09:49:30,2224.75,1489585
2021-06-23 09:49:31,2224.75,1489585
2021-06-23 09:49:31,2224.75,1489585
2021-06-23 09:49:33,2224.75,1490085
2021-06-23 09:49:34,2224.75,1490102
2021-06-23 09:49:35,2224.75,1490273
2021-06-23 09:49:36,2224.75,1490274
2021-06-23 09:49:37,2224.75,1490350
2021-06-23 09:49:38,2224.75,1490391
2021-06-23 09:49:39,2224.75,1490404
2021-06-23 09:49:39,2224.75,1491404
2021-06-23 09:49:41,2224.75,1491454
2021-06-23 09:49:42,2224.75,1491555
2021-06-23 09:49:43,2224.75,1491758
2021-06-23 09:49:44,2224.75,1491783
2021-06-23 09:49:45,2224.75,1491923
2021-06-23 09:49:46,2224.75,1491945
2021-06-23 09:49:47,2224.75,1492267
2021-06-23 09:49:48,2224.5,1492681
2021-06-23 09:49:49,2224.75,1492805
2021-06-23 09:49:50,2224.5,1492846
2021-06-23 09:49:50,2224.5,1492846
2021-06-23 09:49:52,2224.75,1492903
2021-06-23 09:49:53,2224.65,1493018
2021-06-23 09:49:54,2224.75,1493150
2021-06-23 09:49:55,2224.75,1493272
2021-06-23 09:49:56,2224.75,1493602
2021-06-23 09:49:57,2224.75,1493784
2021-06-23 09:49:58,2224.75,1494096
2021-06-23 09:49:59,2224.75,1494149
2021-06-23 09:50:00,2224.5,1494203
2021-06-23 09:50:01,2224.5,1494284
2021-06-23 09:50:02,2224.5,1494284
2021-06-23 09:50:03,2224.35,1494653
2021-06-23 09:50:04,2224.75,1494794
2021-06-23 09:50:05,2224.75,1494794
2021-06-23 09:50:06,2224.75,1494855
2021-06-23 09:50:07,2224.65,1494870
2021-06-23 09:50:08,2224.75,1494952
2021-06-23 09:50:09,2224.75,1494952
2021-06-23 09:50:10,2224.75,1495138
2021-06-23 09:50:11,2224.75,1495398
2021-06-23 09:50:12,2224.75,1495517
2021-06-23 09:50:13,2224.65,1495783
2021-06-23 09:50:14,2224.65,1496711
2021-06-23 09:50:15,2224.15,1497838
2021-06-23 09:50:16,2224.4,1499548
2021-06-23 09:50:17,2224.4,1499548
2021-06-23 09:50:18,2224.5,1499558
2021-06-23 09:50:19,2224.0,1499650
2021-06-23 09:50:20,2224.0,1499750
2021-06-23 09:50:21,2224.0,1499803
2021-06-23 09:50:22,2224.0,1500209
2021-06-23 09:50:23,2224.0,1500337
2021-06-23 09:50:25,2224.0,1500940
2021-06-23 09:50:24,2224.0,1500940
2021-06-23 09:50:26,2224.0,1501060
2021-06-23 09:50:27,2223.55,1501129
2021-06-23 09:50:28,2224.0,1501554
2021-06-23 09:50:29,2224.0,1501556
2021-06-23 09:50:30,2224.0,1501921
2021-06-23 09:50:31,2224.0,1501963
2021-06-23 09:50:32,2223.35,1501974
2021-06-23 09:50:33,2224.0,1502043
2021-06-23 09:50:34,2224.0,1502076
2021-06-23 09:50:35,2224.0,1502121
2021-06-23 09:50:36,2223.25,1502151
2021-06-23 09:50:37,2224.0,1502153
2021-06-23 09:50:38,2223.2,1502268
2021-06-23 09:50:39,2223.9,1502294
2021-06-23 09:50:40,2223.9,1502450
2021-06-23 09:50:41,2223.9,1502460
2021-06-23 09:50:42,2223.9,1502462
2021-06-23 09:50:43,2223.55,1502474
2021-06-23 09:50:44,2223.55,1502612
2021-06-23 09:50:45,2223.55,1502612
2021-06-23 09:50:46,2223.2,1502613
2021-06-23 09:50:47,2224.0,1504710
2021-06-23 09:50:48,2224.0,1504786
2021-06-23 09:50:49,2224.0,1504836
2021-06-23 09:50:50,2223.9,1504844
2021-06-23 09:50:52,2223.9,1504849
2021-06-23 09:50:53,2223.55,1504990
2021-06-23 09:50:54,2223.9,1505113
2021-06-23 09:50:55,2223.2,1505303
2021-06-23 09:50:56,2223.9,1505403
2021-06-23 09:50:57,2223.9,1505653
2021-06-23 09:50:58,2223.9,1505813
2021-06-23 09:50:59,2224.0,1505932
2021-06-23 09:51:00,2223.2,1505993
2021-06-23 09:51:01,2223.55,1506028
2021-06-23 09:51:02,2223.55,1506028
2021-06-23 09:51:03,2223.95,1506033
2021-06-23 09:51:04,2223.9,1506168
2021-06-23 09:51:05,2223.9,1506180
2021-06-23 09:51:06,2223.95,1506182
2021-06-23 09:51:07,2223.7,1506407
2021-06-23 09:51:08,2223.7,1506407
2021-06-23 09:51:09,2223.7,1506409
2021-06-23 09:51:10,2223.7,1506414
2021-06-23 09:51:11,2223.6,1506433
2021-06-23 09:51:12,2223.7,1506438
2021-06-23 09:51:13,2223.7,1506505
2021-06-23 09:51:14,2223.25,1506518
2021-06-23 09:51:15,2223.7,1506521
2021-06-23 09:51:16,2223.7,1506601
2021-06-23 09:51:17,2223.2,1506746
2021-06-23 09:51:18,2223.2,1507210
2021-06-23 09:51:19,2223.2,1507335
2021-06-23 09:51:20,2223.7,1507358
2021-06-23 09:51:22,2223.95,1507788
2021-06-23 09:51:23,2223.5,1507859
2021-06-23 09:51:24,2223.5,1507859
2021-06-23 09:51:25,2223.5,1507859
2021-06-23 09:51:26,2223.5,1507933
2021-06-23 09:51:27,2223.5,1507983
2021-06-23 09:51:28,2223.5,1508048
2021-06-23 09:51:29,2223.25,1508091
2021-06-23 09:51:31,2223.5,1508133
2021-06-23 09:51:30,2223.25,1508130
2021-06-23 09:51:32,2223.5,1508143
2021-06-23 09:51:33,2223.5,1508809
2021-06-23 09:51:34,2223.5,1509107
2021-06-23 09:51:35,2223.5,1509183
2021-06-23 09:51:36,2223.5,1509550
2021-06-23 09:51:37,2223.55,1509748
2021-06-23 09:51:38,2223.55,1509760
2021-06-23 09:51:39,2223.55,1509849
2021-06-23 09:51:40,2223.55,1509893
2021-06-23 09:51:41,2224.0,1510143
2021-06-23 09:51:42,2223.55,1510185
2021-06-23 09:51:43,2224.0,1510680
2021-06-23 09:51:44,2224.0,1510680
2021-06-23 09:51:45,2224.0,1510747
2021-06-23 09:51:46,2224.0,1510755
2021-06-23 09:51:47,2223.55,1510757
2021-06-23 09:51:48,2223.55,1510836
2021-06-23 09:51:49,2224.0,1510907
2021-06-23 09:51:50,2224.0,1512756
2021-06-23 09:51:51,2224.0,1512756
2021-06-23 09:51:52,2224.0,1512882
2021-06-23 09:51:54,2224.0,1513097
2021-06-23 09:51:55,2224.0,1513203
2021-06-23 09:51:56,2224.0,1514170
2021-06-23 09:51:57,2223.55,1514380
2021-06-23 09:51:59,2224.0,1514391
2021-06-23 09:51:59,2224.0,1514391
2021-06-23 09:52:01,2223.6,1514593
2021-06-23 09:52:02,2223.6,1514593
2021-06-23 09:52:03,2223.6,1514644
2021-06-23 09:52:04,2223.9,1514714
2021-06-23 09:52:06,2223.9,1514742
2021-06-23 09:52:06,2223.9,1514869
2021-06-23 09:52:07,2224.0,1515240
2021-06-23 09:52:08,2224.0,1515240
2021-06-23 09:52:09,2223.9,1515242
2021-06-23 09:52:10,2224.0,1517890
2021-06-23 09:52:12,2224.0,1518420
2021-06-23 09:52:13,2224.0,1518431
2021-06-23 09:52:14,2224.0,1518436
2021-06-23 09:52:15,2224.0,1518607
2021-06-23 09:52:16,2224.0,1518886
2021-06-23 09:52:17,2223.95,1518953
2021-06-23 09:52:18,2223.95,1519008
2021-06-23 09:52:19,2223.85,1519803
2021-06-23 09:52:20,2223.25,1522071
2021-06-23 09:52:21,2223.8,1522124
2021-06-23 09:52:23,2223.2,1522149
2021-06-23 09:52:24,2223.2,1522149
2021-06-23 09:52:25,2223.55,1522173
2021-06-23 09:52:26,2223.6,1522273
2021-06-23 09:52:27,2223.25,1522352
2021-06-23 09:52:29,2223.25,1522420
2021-06-23 09:52:29,2223.5,1522510
2021-06-23 09:52:30,2222.85,1528725
2021-06-23 09:52:31,2222.85,1528826
2021-06-23 09:52:34,2222.8,1529163
2021-06-23 09:52:35,2222.8,1529167
2021-06-23 09:52:36,2222.2,1529272
2021-06-23 09:52:37,2222.8,1529373
2021-06-23 09:52:39,2222.75,1529378
2021-06-23 09:52:39,2222.75,1529393
2021-06-23 09:52:41,2222.75,1529485
2021-06-23 09:52:42,2222.0,1536248
2021-06-23 09:52:42,2222.0,1537000
2021-06-23 09:52:43,2221.9,1537062
2021-06-23 09:52:44,2221.8,1537096
2021-06-23 09:52:45,2221.1,1537118
2021-06-23 09:52:46,2221.8,1537230
2021-06-23 09:52:47,2221.7,1537235
2021-06-23 09:52:48,2221.7,1537320
2021-06-23 09:52:49,2221.7,1537376
2021-06-23 09:52:50,2221.7,1537449
2021-06-23 09:52:51,2221.7,1537454
2021-06-23 09:52:52,2221.7,1537483
2021-06-23 09:52:53,2221.3,1539472
2021-06-23 09:52:55,2221.7,1539827
2021-06-23 09:52:55,2221.25,1539927
2021-06-23 09:52:57,2221.35,1541009
2021-06-23 09:52:58,2221.25,1541480
2021-06-23 09:52:59,2221.7,1541501
2021-06-23 09:53:00,2221.7,1541625
2021-06-23 09:53:00,2221.1,1541659
2021-06-23 09:53:01,2221.7,1541829
2021-06-23 09:53:02,2221.35,1541844
2021-06-23 09:53:03,2221.3,1541940
2021-06-23 09:53:04,2221.3,1541983
2021-06-23 09:53:05,2221.65,1542800
2021-06-23 09:53:06,2221.3,1543371
2021-06-23 09:53:07,2221.3,1543897
2021-06-23 09:53:08,2221.15,1543927
2021-06-23 09:53:09,2221.15,1544128
2021-06-23 09:53:10,2221.8,1544416
2021-06-23 09:53:11,2221.8,1544911
2021-06-23 09:53:12,2221.85,1545153
2021-06-23 09:53:13,2221.8,1545536
2021-06-23 09:53:14,2221.8,1545998
2021-06-23 09:53:16,2221.8,1546183
2021-06-23 09:53:17,2221.85,1546364
2021-06-23 09:53:18,2221.85,1546486
2021-06-23 09:53:19,2221.85,1547721
2021-06-23 09:53:20,2221.85,1547761
2021-06-23 09:53:21,2221.85,1548026
2021-06-23 09:53:22,2221.9,1548276
2021-06-23 09:53:23,2221.8,1548698
2021-06-23 09:53:24,2221.9,1548739
2021-06-23 09:53:25,2221.9,1548740
2021-06-23 09:53:26,2221.85,1549146
2021-06-23 09:53:27,2221.9,1549157
2021-06-23 09:53:28,2221.85,1549392
2021-06-23 09:53:30,2221.9,1549775
2021-06-23 09:53:30,2221.9,1549659
2021-06-23 09:53:31,2221.85,1549927
2021-06-23 09:53:32,2221.85,1549938
2021-06-23 09:53:33,2221.85,1549955
2021-06-23 09:53:34,2221.9,1549964
2021-06-23 09:53:35,2221.9,1550116
2021-06-23 09:53:36,2221.9,1550180
2021-06-23 09:53:37,2221.9,1550180
2021-06-23 09:53:38,2221.9,1550181
2021-06-23 09:53:39,2221.9,1550266
2021-06-23 09:53:40,2221.75,1550346
2021-06-23 09:53:41,2221.75,1550379
2021-06-23 09:53:42,2221.9,1550489
2021-06-23 09:53:43,2221.75,1550509
2021-06-23 09:53:44,2221.9,1550525
2021-06-23 09:53:45,2221.9,1550640
2021-06-23 09:53:46,2221.9,1550655
2021-06-23 09:53:48,2221.75,1550658
2021-06-23 09:53:48,2221.75,1550838
2021-06-23 09:53:49,2221.75,1550920
2021-06-23 09:53:50,2221.75,1551199
2021-06-23 09:53:51,2221.85,1551256
2021-06-23 09:53:52,2221.85,1551363
2021-06-23 09:53:55,2221.85,1552211
2021-06-23 09:53:55,2221.85,1552211
2021-06-23 09:53:56,2221.9,1552317
2021-06-23 09:53:57,2221.9,1552325
2021-06-23 09:53:58,2221.85,1552461
2021-06-23 09:53:59,2221.9,1552471
2021-06-23 09:54:00,2221.9,1552500
2021-06-23 09:54:01,2221.9,1552539
2021-06-23 09:54:02,2221.9,1552763
2021-06-23 09:54:03,2221.9,1552921
2021-06-23 09:54:04,2221.95,1552976
2021-06-23 09:54:05,2221.9,1553194
2021-06-23 09:54:06,2221.95,1553201
2021-06-23 09:54:07,2222.0,1556474
2021-06-23 09:54:08,2222.15,1556777
2021-06-23 09:54:09,2222.5,1557191
2021-06-23 09:54:10,2222.05,1557474
2021-06-23 09:54:11,2222.05,1557580
2021-06-23 09:54:12,2222.05,1557587
2021-06-23 09:54:13,2222.5,1557613
2021-06-23 09:54:14,2222.0,1557713
2021-06-23 09:54:15,2222.5,1557913
2021-06-23 09:54:17,2222.5,1557921
2021-06-23 09:54:18,2222.05,1557940
2021-06-23 09:54:19,2222.5,1558549
2021-06-23 09:54:20,2222.05,1558670
2021-06-23 09:54:21,2222.05,1558677
2021-06-23 09:54:22,2222.05,1558691
2021-06-23 09:54:22,2222.45,1558690
2021-06-23 09:54:23,2222.45,1558704
2021-06-23 09:54:25,2222.45,1558763
2021-06-23 09:54:26,2222.45,1558763
2021-06-23 09:54:27,2222.05,1558830
2021-06-23 09:54:28,2222.45,1558980
2021-06-23 09:54:29,2222.5,1559040
2021-06-23 09:54:30,2222.5,1559527
2021-06-23 09:54:31,2222.45,1559547
2021-06-23 09:54:32,2222.0,1559647
2021-06-23 09:54:33,2222.45,1559652
2021-06-23 09:54:34,2222.45,1559957
2021-06-23 09:54:35,2222.45,1559957
2021-06-23 09:54:36,2222.45,1559957
2021-06-23 09:54:37,2222.45,1559988
2021-06-23 09:54:38,2222.0,1560262
2021-06-23 09:54:40,2222.45,1560735
2021-06-23 09:54:41,2222.45,1560760
2021-06-23 09:54:42,2222.4,1560805
2021-06-23 09:54:43,2222.1,1560817
2021-06-23 09:54:44,2222.0,1561122
2021-06-23 09:54:45,2222.25,1561343
2021-06-23 09:54:46,2222.25,1561354
2021-06-23 09:54:47,2222.25,1561360
2021-06-23 09:54:49,2222.1,1561453
2021-06-23 09:54:50,2222.25,1561549
2021-06-23 09:54:51,2222.25,1562113
2021-06-23 09:54:52,2222.1,1562194
2021-06-23 09:54:53,2222.1,1562216
2021-06-23 09:54:53,2222.1,1562214
2021-06-23 09:54:54,2222.1,1562276
2021-06-23 09:54:55,2222.1,1562281
2021-06-23 09:54:56,2222.05,1562358
2021-06-23 09:54:57,2222.1,1562885
2021-06-23 09:54:58,2222.1,1562948
2021-06-23 09:54:59,2222.1,1563202
2021-06-23 09:55:00,2222.15,1563491
2021-06-23 09:55:01,2222.15,1564089
2021-06-23 09:55:02,2222.2,1565407
2021-06-23 09:55:03,2222.1,1565432
2021-06-23 09:55:04,2222.1,1565438
2021-06-23 09:55:06,2222.15,1565625
2021-06-23 09:55:07,2222.15,1565625
2021-06-23 09:55:08,2222.15,1565629
2021-06-23 09:55:09,2222.15,1565862
2021-06-23 09:55:10,2222.0,1565932
2021-06-23 09:55:10,2222.1,1565962
2021-06-23 09:55:11,2222.1,1565996
2021-06-23 09:55:12,2221.95,1569151
2021-06-23 09:55:13,2222.05,1569189
2021-06-23 09:55:14,2221.9,1569329
2021-06-23 09:55:17,2221.7,1569949
2021-06-23 09:55:18,2221.7,1570099
2021-06-23 09:55:18,2221.7,1570099
2021-06-23 09:55:19,2221.7,1570134
2021-06-23 09:55:20,2221.7,1570845
2021-06-23 09:55:21,2221.7,1570898
2021-06-23 09:55:22,2221.3,1570918
2021-06-23 09:55:23,2221.65,1570940
2021-06-23 09:55:24,2221.7,1571164
2021-06-23 09:55:25,2221.25,1571375
2021-06-23 09:55:26,2221.2,1572139
2021-06-23 09:55:27,2221.3,1572151
2021-06-23 09:55:29,2221.85,1572398
2021-06-23 09:55:30,2221.15,1572698
2021-06-23 09:55:31,2221.85,1572842
2021-06-23 09:55:32,2221.8,1572873
2021-06-23 09:55:32,2221.8,1572873
2021-06-23 09:55:33,2221.65,1573913
2021-06-23 09:55:34,2221.2,1573922
2021-06-23 09:55:35,2221.65,1574121
2021-06-23 09:55:36,2221.2,1574359
2021-06-23 09:55:38,2221.15,1577062
2021-06-23 09:55:39,2221.75,1579061
2021-06-23 09:55:40,2221.15,1582173
2021-06-23 09:55:41,2221.15,1582181
2021-06-23 09:55:41,2221.15,1582181
2021-06-23 09:55:42,2221.0,1582190
2021-06-23 09:55:43,2221.15,1582198
2021-06-23 09:55:44,2221.0,1582219
2021-06-23 09:55:45,2221.15,1582220
2021-06-23 09:55:46,2221.15,1582457
2021-06-23 09:55:47,2221.15,1582579
2021-06-23 09:55:49,2221.0,1583641
2021-06-23 09:55:50,2220.95,1586562
2021-06-23 09:55:51,2220.15,1586879
2021-06-23 09:55:53,2220.2,1587441
2021-06-23 09:55:54,2221.0,1588818
2021-06-23 09:55:55,2220.6,1593338
2021-06-23 09:55:56,2220.55,1593342
2021-06-23 09:55:57,2220.0,1593566
2021-06-23 09:55:58,2217.45,1626490
2021-06-23 09:55:59,2216.5,1630129
2021-06-23 09:56:00,2216.6,1631322
2021-06-23 09:56:01,2216.35,1636514
2021-06-23 09:56:02,2217.2,1638849
2021-06-23 09:56:03,2218.0,1639776
2021-06-23 09:56:04,2217.95,1640184
2021-06-23 09:56:05,2217.95,1640422
2021-06-23 09:56:06,2217.8,1640793
2021-06-23 09:56:07,2217.75,1640906
2021-06-23 09:56:08,2217.75,1641462
2021-06-23 09:56:09,2217.75,1643111
2021-06-23 09:56:10,2217.05,1643781
2021-06-23 09:56:11,2217.0,1644065
2021-06-23 09:56:12,2217.2,1644377
2021-06-23 09:56:14,2217.0,1644692
2021-06-23 09:56:15,2217.4,1645047
2021-06-23 09:56:16,2216.85,1645144
2021-06-23 09:56:17,2217.4,1645739
2021-06-23 09:56:17,2217.4,1645770
2021-06-23 09:56:18,2217.0,1645833
2021-06-23 09:56:20,2217.0,1646166
2021-06-23 09:56:21,2216.25,1647316
2021-06-23 09:56:22,2216.3,1647481
2021-06-23 09:56:23,2217.0,1647852
2021-06-23 09:56:32,2215.7,1658411
2021-06-23 09:56:33,2215.65,1658870
2021-06-23 09:56:34,2215.65,1671807
2021-06-23 09:56:35,2215.6,1672147
2021-06-23 09:56:36,2215.6,1675715
2021-06-23 09:56:37,2215.7,1677386
2021-06-23 09:56:38,2215.7,1681209
2021-06-23 09:56:39,2215.7,1681378
2021-06-23 09:56:41,2215.0,1682452
2021-06-23 09:56:42,2215.7,1682640
2021-06-23 09:56:43,2215.5,1682684
2021-06-23 09:56:43,2215.95,1682695
2021-06-23 09:56:44,2216.35,1683572
2021-06-23 09:56:45,2215.7,1683856
2021-06-23 09:56:46,2215.7,1684219
2021-06-23 09:56:49,2215.7,1684909
2021-06-23 09:56:50,2216.05,1685861
2021-06-23 09:56:51,2216.05,1686215
2021-06-23 09:56:52,2215.75,1686461
2021-06-23 09:56:52,2216.05,1686376
2021-06-23 09:56:55,2216.0,1687301
2021-06-23 09:56:56,2216.3,1687735
2021-06-23 09:56:58,2216.55,1687971
2021-06-23 09:56:58,2216.35,1688021
2021-06-23 09:56:59,2216.55,1688269
2021-06-23 09:57:01,2216.8,1688978
2021-06-23 09:57:02,2216.1,1689069
2021-06-23 09:57:03,2216.1,1689632
2021-06-23 09:57:04,2216.05,1690018
2021-06-23 09:57:07,2216.3,1690750
2021-06-23 09:57:08,2216.55,1691373
2021-06-23 09:57:09,2216.55,1691621
2021-06-23 09:57:09,2216.2,1691518
2021-06-23 09:57:10,2216.55,1691621
2021-06-23 09:57:11,2217.0,1692271
2021-06-23 09:57:12,2216.8,1692456
2021-06-23 09:57:13,2217.0,1692721
2021-06-23 09:57:14,2216.55,1692978
2021-06-23 09:57:16,2217.0,1693139
2021-06-23 09:57:17,2217.05,1693607
2021-06-23 09:57:18,2217.0,1694000
2021-06-23 09:57:19,2218.0,1695503
2021-06-23 09:57:20,2218.0,1695863
2021-06-23 09:57:21,2218.6,1696444
2021-06-23 09:57:22,2218.6,1696649
2021-06-23 09:57:23,2218.6,1696667
2021-06-23 09:57:23,2218.6,1696667
2021-06-23 09:57:24,2218.5,1697803
2021-06-23 09:57:26,2218.65,1698037
2021-06-23 09:57:27,2218.65,1698474
2021-06-23 09:57:28,2218.65,1698507
2021-06-23 09:57:29,2218.6,1698883
2021-06-23 09:57:29,2218.6,1698910
2021-06-23 09:57:30,2218.65,1698937
2021-06-23 09:57:31,2218.1,1699136
2021-06-23 09:57:32,2219.0,1699516
2021-06-23 09:57:33,2219.0,1699898
2021-06-23 09:57:38,2218.1,1700299
2021-06-23 09:57:39,2218.65,1701147
2021-06-23 09:57:40,2218.65,1701284
2021-06-23 09:57:41,2218.0,1701376
2021-06-23 09:57:42,2219.0,1701625
2021-06-23 09:57:43,2218.2,1701706
2021-06-23 09:57:43,2219.0,1701826
2021-06-23 09:57:44,2219.0,1702277
2021-06-23 09:57:45,2219.0,1702282
2021-06-23 09:57:47,2219.0,1702487
2021-06-23 09:57:48,2218.9,1702560
2021-06-23 09:57:49,2218.95,1702577
2021-06-23 09:57:50,2218.3,1702672
2021-06-23 09:57:51,2219.0,1703103
2021-06-23 09:57:51,2219.0,1703108
2021-06-23 09:57:52,2219.0,1703492
2021-06-23 09:57:54,2218.95,1703790
2021-06-23 09:57:55,2219.0,1703854
2021-06-23 09:57:56,2218.95,1703941
2021-06-23 09:57:57,2219.0,1704223
2021-06-23 09:57:57,2219.0,1704233
2021-06-23 09:57:58,2219.0,1704347
2021-06-23 09:57:59,2218.9,1704528
2021-06-23 09:58:00,2218.9,1704830
2021-06-23 09:58:01,2219.0,1704882
2021-06-23 09:58:02,2219.0,1704924
2021-06-23 09:58:03,2218.65,1705052
2021-06-23 09:58:04,2218.6,1705193
2021-06-23 09:58:05,2219.3,1707987
2021-06-23 09:58:07,2219.3,1708093
2021-06-23 09:58:08,2219.3,1708203
2021-06-23 09:58:09,2219.3,1708259
2021-06-23 09:58:10,2219.3,1708357
2021-06-23 09:58:10,2219.3,1708360
2021-06-23 09:58:11,2219.3,1708636
2021-06-23 09:58:13,2219.3,1708969
2021-06-23 09:58:14,2219.35,1709137
2021-06-23 09:58:15,2219.7,1709447
2021-06-23 09:58:16,2219.7,1709467
2021-06-23 09:58:17,2219.0,1710097
2021-06-23 09:58:17,2219.7,1709592
2021-06-23 09:58:18,2219.3,1710098
2021-06-23 09:58:19,2219.35,1710148
2021-06-23 09:58:20,2219.2,1710662
2021-06-23 09:58:21,2219.0,1710684
2021-06-23 09:58:23,2219.2,1710991
2021-06-23 09:58:24,2219.2,1711135
2021-06-23 09:58:25,2219.2,1711522
2021-06-23 09:58:26,2219.5,1711642
2021-06-23 09:58:27,2219.25,1711877
2021-06-23 09:58:27,2219.25,1711877
2021-06-23 09:58:29,2219.25,1711920
2021-06-23 09:58:30,2219.0,1712463
2021-06-23 09:58:31,2218.5,1713144
2021-06-23 09:58:32,2218.45,1713406
2021-06-23 09:58:34,2218.45,1715460
2021-06-23 09:58:36,2218.45,1716057
2021-06-23 09:58:37,2217.65,1716827
2021-06-23 09:58:38,2217.55,1716994
2021-06-23 09:58:38,2218.4,1716966
2021-06-23 09:58:39,2218.3,1717506
2021-06-23 09:58:41,2218.0,1717631
2021-06-23 09:58:42,2217.35,1718441
2021-06-23 09:58:43,2218.0,1719064
2021-06-23 09:58:45,2218.35,1719639
2021-06-23 09:58:45,2218.0,1719635
2021-06-23 09:58:47,2218.25,1719737
2021-06-23 09:58:47,2218.25,1719742
2021-06-23 09:58:48,2218.25,1719759
2021-06-23 09:58:50,2217.95,1719818
2021-06-23 09:58:51,2217.75,1719908
2021-06-23 09:58:52,2217.75,1720059
2021-06-23 09:58:53,2217.75,1720270
2021-06-23 09:58:54,2217.0,1720307
2021-06-23 09:58:55,2217.75,1720354
2021-06-23 09:58:55,2217.75,1720354
2021-06-23 09:58:57,2217.0,1721108
2021-06-23 09:58:58,2217.05,1722293
2021-06-23 09:58:59,2218.0,1722486
2021-06-23 09:59:00,2217.95,1722637
2021-06-23 09:59:01,2217.75,1722698
2021-06-23 09:59:02,2217.75,1723286
2021-06-23 09:59:04,2218.0,1724277
2021-06-23 09:59:05,2218.0,1724432
2021-06-23 09:59:05,2218.55,1726305
2021-06-23 09:59:07,2218.7,1726935
2021-06-23 09:59:08,2218.05,1727065
2021-06-23 09:59:09,2218.7,1727316
2021-06-23 09:59:10,2218.7,1727379
2021-06-23 09:59:11,2218.7,1727621
2021-06-23 09:59:12,2218.0,1727663
2021-06-23 09:59:12,2218.0,1727663
2021-06-23 09:59:13,2218.05,1727669
2021-06-23 09:59:15,2218.7,1727970
2021-06-23 09:59:16,2218.7,1728178
2021-06-23 09:59:17,2218.05,1728784
2021-06-23 09:59:18,2218.95,1729034
2021-06-23 09:59:19,2218.95,1729108
2021-06-23 09:59:20,2219.0,1730167
2021-06-23 09:59:21,2218.4,1730177
2021-06-23 09:59:21,2219.0,1730397
2021-06-23 09:59:22,2218.45,1730512
2021-06-23 09:59:23,2219.25,1730642
2021-06-23 09:59:25,2218.55,1730808
2021-06-23 09:59:26,2218.8,1731409
2021-06-23 09:59:27,2219.7,1731535
2021-06-23 09:59:28,2219.6,1731845
2021-06-23 09:59:29,2219.0,1732020
2021-06-23 09:59:30,2219.6,1732316
2021-06-23 09:59:31,2219.6,1732538
2021-06-23 09:59:31,2219.6,1732540
2021-06-23 09:59:32,2219.6,1732735
2021-06-23 09:59:34,2219.6,1732990
2021-06-23 09:59:35,2218.85,1733013
2021-06-23 09:59:36,2218.95,1733023
2021-06-23 09:59:37,2219.6,1733133
2021-06-23 09:59:38,2219.6,1733296
2021-06-23 09:59:39,2219.25,1733417
2021-06-23 09:59:40,2219.6,1733463
2021-06-23 09:59:41,2219.85,1733740
2021-06-23 09:59:41,2219.85,1733740
2021-06-23 09:59:43,2219.7,1733750
2021-06-23 09:59:44,2219.85,1733810
2021-06-23 09:59:45,2219.85,1733902
2021-06-23 09:59:46,2219.85,1733936
2021-06-23 09:59:47,2219.6,1734416
2021-06-23 09:59:47,2219.6,1734416
2021-06-23 09:59:49,2219.8,1735542
2021-06-23 09:59:50,2219.6,1736474
2021-06-23 09:59:51,2219.6,1736474
2021-06-23 09:59:52,2219.85,1736512
2021-06-23 09:59:52,2219.85,1736512
2021-06-23 09:59:54,2219.8,1736526
2021-06-23 09:59:55,2219.85,1736587
2021-06-23 09:59:56,2219.95,1736861
2021-06-23 09:59:57,2219.95,1737394
2021-06-23 09:59:57,2219.95,1737394
2021-06-23 09:59:59,2219.95,1737409
2021-06-23 10:00:00,2219.85,1738220
2021-06-23 10:00:01,2220.0,1739508
2021-06-23 10:00:02,2220.0,1739634
2021-06-23 10:00:03,2220.0,1740885
2021-06-23 10:00:04,2220.0,1740973
2021-06-23 10:00:04,2220.0,1740973
2021-06-23 10:00:06,2219.95,1741559
2021-06-23 10:00:07,2220.0,1741948
2021-06-23 10:00:08,2220.9,1742037
2021-06-23 10:00:09,2220.05,1742178
2021-06-23 10:00:10,2220.0,1742400
2021-06-23 10:00:11,2220.8,1742450
2021-06-23 10:00:12,2220.8,1742503
2021-06-23 10:00:13,2220.75,1742569
2021-06-23 10:00:13,2220.75,1742569
2021-06-23 10:00:14,2220.3,1742789
2021-06-23 10:00:15,2220.8,1743111
2021-06-23 10:00:17,2220.8,1743253
2021-06-23 10:00:18,2220.9,1743843
2021-06-23 10:00:19,2220.95,1744265
2021-06-23 10:00:20,2220.7,1744397
2021-06-23 10:00:20,2220.7,1744397
2021-06-23 10:00:22,2221.0,1745046
2021-06-23 10:00:23,2221.0,1745047
2021-06-23 10:00:23,2220.7,1745198
2021-06-23 10:00:24,2221.0,1747383
2021-06-23 10:00:26,2220.35,1747952
2021-06-23 10:00:27,2221.0,1747985
2021-06-23 10:00:28,2220.8,1748013
2021-06-23 10:00:29,2220.35,1748352
2021-06-23 10:00:29,2220.35,1748352
2021-06-23 10:00:31,2221.05,1748537
2021-06-23 10:00:32,2220.9,1748717
2021-06-23 10:00:33,2221.0,1748847
2021-06-23 10:00:36,2221.05,1749370
2021-06-23 10:00:37,2220.5,1749421
2021-06-23 10:00:38,2221.05,1749687
2021-06-23 10:00:39,2221.05,1749841
2021-06-23 10:00:40,2220.55,1750612
2021-06-23 10:00:41,2221.1,1751332
2021-06-23 10:00:42,2221.1,1751337
2021-06-23 10:00:43,2221.1,1751713
2021-06-23 10:00:45,2220.8,1752771
2021-06-23 10:00:47,2221.05,1753451
2021-06-23 10:00:48,2220.55,1753516
2021-06-23 10:00:51,2221.0,1754306
2021-06-23 10:00:52,2221.0,1754339
2021-06-23 10:00:53,2221.0,1754342
2021-06-23 10:00:54,2221.1,1754600
2021-06-23 10:00:55,2221.0,1754687
2021-06-23 10:00:56,2221.1,1755259
2021-06-23 10:00:57,2221.1,1755480
2021-06-23 10:00:58,2221.1,1755608
2021-06-23 10:00:59,2221.1,1755663
2021-06-23 10:01:00,2221.1,1755663
2021-06-23 10:01:01,2221.1,1755677
2021-06-23 10:01:02,2221.1,1755871
2021-06-23 10:01:03,2221.0,1755916
2021-06-23 10:01:04,2221.0,1756026
2021-06-23 10:01:05,2221.0,1756961
2021-06-23 10:01:07,2221.1,1757274
2021-06-23 10:01:06,2221.1,1757274
2021-06-23 10:01:08,2221.0,1757276
2021-06-23 10:01:09,2221.1,1757411
2021-06-23 10:01:12,2220.7,1758144
2021-06-23 10:01:11,2221.1,1757684
2021-06-23 10:01:13,2221.1,1758549
2021-06-23 10:01:14,2221.15,1758846
2021-06-23 10:01:15,2221.15,1758958
2021-06-23 10:01:16,2220.65,1758965
2021-06-23 10:01:18,2221.15,1758966
2021-06-23 10:01:17,2221.15,1758966
2021-06-23 10:01:19,2221.15,1758976
2021-06-23 10:01:20,2220.7,1759196
2021-06-23 10:01:21,2220.8,1759433
2021-06-23 10:01:22,2220.6,1759448
2021-06-23 10:01:23,2220.5,1759728
2021-06-23 10:01:24,2221.0,1759784
2021-06-23 10:01:26,2220.5,1759893
2021-06-23 10:01:25,2220.5,1759893
2021-06-23 10:01:27,2220.6,1759969
2021-06-23 10:01:28,2221.0,1759993
2021-06-23 10:01:29,2221.0,1760171
2021-06-23 10:01:31,2221.05,1760690
2021-06-23 10:01:32,2221.1,1761215
2021-06-23 10:01:33,2220.6,1761566
2021-06-23 10:01:34,2220.6,1761596
2021-06-23 10:01:35,2220.6,1762682
2021-06-23 10:01:36,2220.6,1762733
2021-06-23 10:01:37,2220.6,1762733
2021-06-23 10:01:38,2220.8,1762845
2021-06-23 10:01:39,2220.8,1762935
2021-06-23 10:01:40,2220.8,1763432
2021-06-23 10:01:41,2220.8,1763432
2021-06-23 10:01:42,2220.8,1763492
2021-06-23 10:01:43,2220.8,1763514
2021-06-23 10:01:44,2220.8,1763514
2021-06-23 10:01:45,2220.6,1763693
2021-06-23 10:01:46,2220.6,1763803
2021-06-23 10:01:47,2220.8,1763903
2021-06-23 10:01:48,2220.8,1763928
2021-06-23 10:01:49,2220.6,1764033
2021-06-23 10:01:50,2220.7,1764116
2021-06-23 10:01:51,2220.35,1764958
2021-06-23 10:01:52,2219.0,1769257
2021-06-23 10:01:53,2219.0,1769257
2021-06-23 10:01:54,2219.0,1769881
2021-06-23 10:01:55,2218.6,1769984
2021-06-23 10:01:56,2219.4,1775320
2021-06-23 10:01:57,2220.3,1775347
2021-06-23 10:01:58,2219.45,1775358
2021-06-23 10:01:59,2220.0,1775448
2021-06-23 10:02:00,2219.25,1776088
2021-06-23 10:02:01,2219.2,1776201
2021-06-23 10:02:02,2219.2,1776256
2021-06-23 10:02:03,2219.4,1776278
2021-06-23 10:02:04,2219.95,1776322
2021-06-23 10:02:05,2219.2,1776514
2021-06-23 10:02:06,2219.95,1777614
2021-06-23 10:02:07,2219.5,1777865
2021-06-23 10:02:08,2219.5,1777875
2021-06-23 10:02:09,2219.95,1778034
2021-06-23 10:02:10,2219.95,1778345
2021-06-23 10:02:11,2219.95,1778460
2021-06-23 10:02:12,2219.15,1778542
2021-06-23 10:02:13,2219.35,1778572
2021-06-23 10:02:14,2219.5,1778597
2021-06-23 10:02:15,2219.8,1778651
2021-06-23 10:02:16,2219.8,1780598
2021-06-23 10:02:17,2219.8,1780698
2021-06-23 10:02:18,2219.75,1780898
2021-06-23 10:02:19,2219.75,1780898
2021-06-23 10:02:20,2219.7,1780945
2021-06-23 10:02:21,2219.95,1780975
2021-06-23 10:02:22,2219.95,1780977
2021-06-23 10:02:23,2219.95,1781177
2021-06-23 10:02:24,2219.95,1781183
2021-06-23 10:02:26,2219.95,1781282
2021-06-23 10:02:25,2219.95,1781281
2021-06-23 10:02:27,2219.75,1781594
2021-06-23 10:02:28,2219.95,1781648
2021-06-23 10:02:29,2219.75,1781888
2021-06-23 10:02:30,2219.45,1782082
2021-06-23 10:02:32,2219.45,1782082
2021-06-23 10:02:33,2219.9,1782629
2021-06-23 10:02:34,2219.75,1782921
2021-06-23 10:02:35,2219.75,1783302
2021-06-23 10:02:36,2219.75,1783302
2021-06-23 10:02:37,2219.75,1783398
2021-06-23 10:02:38,2219.95,1783402
2021-06-23 10:02:39,2219.95,1783402
2021-06-23 10:02:40,2219.9,1783650
2021-06-23 10:02:41,2219.95,1783781
2021-06-23 10:02:42,2219.95,1783781
2021-06-23 10:02:43,2219.9,1783803
2021-06-23 10:02:44,2219.9,1783920
2021-06-23 10:02:46,2219.95,1783951
2021-06-23 10:02:46,2219.95,1783951
2021-06-23 10:02:48,2219.95,1784174
2021-06-23 10:02:49,2219.9,1784330
2021-06-23 10:02:50,2219.9,1784376
2021-06-23 10:02:52,2219.8,1784379
2021-06-23 10:02:52,2219.9,1784393
2021-06-23 10:02:53,2219.85,1785572
2021-06-23 10:02:54,2219.8,1786249
2021-06-23 10:02:55,2219.8,1786306
2021-06-23 10:02:56,2219.8,1786381
2021-06-23 10:02:58,2219.75,1786439
2021-06-23 10:02:58,2219.75,1786455
2021-06-23 10:02:59,2219.75,1786720
2021-06-23 10:03:00,2219.75,1787332
2021-06-23 10:03:01,2219.25,1787350
2021-06-23 10:03:02,2219.75,1787357
2021-06-23 10:03:03,2219.75,1787444
2021-06-23 10:03:04,2219.75,1787444
2021-06-23 10:03:06,2220.25,1790548
2021-06-23 10:03:06,2220.25,1790548
2021-06-23 10:03:09,2220.8,1791258
2021-06-23 10:03:10,2220.8,1791591
2021-06-23 10:03:11,2220.05,1791686
2021-06-23 10:03:12,2220.8,1791706
2021-06-23 10:03:13,2220.8,1791709
2021-06-23 10:03:14,2220.8,1791710
2021-06-23 10:03:16,2220.8,1791775
2021-06-23 10:03:16,2220.8,1791775
2021-06-23 10:03:17,2220.8,1791807
2021-06-23 10:03:18,2220.8,1791809
2021-06-23 10:03:19,2220.8,1792518
2021-06-23 10:03:20,2221.0,1792520
2021-06-23 10:03:21,2221.0,1792520
2021-06-23 10:03:23,2220.8,1793324
2021-06-23 10:03:23,2220.8,1793324
2021-06-23 10:03:25,2221.05,1793438
2021-06-23 10:03:26,2221.3,1793518
2021-06-23 10:03:27,2221.4,1793520
2021-06-23 10:03:28,2221.05,1793635
2021-06-23 10:03:29,2221.4,1794151
2021-06-23 10:03:30,2221.0,1794352
2021-06-23 10:03:33,2221.0,1794445
2021-06-23 10:03:33,2221.0,1794445
2021-06-23 10:03:34,2221.5,1794452
2021-06-23 10:03:35,2221.4,1794579
2021-06-23 10:03:36,2221.4,1794621
2021-06-23 10:03:37,2221.4,1794823
2021-06-23 10:03:39,2221.4,1794827
2021-06-23 10:03:39,2221.4,1794827
2021-06-23 10:03:40,2221.4,1794898
2021-06-23 10:03:42,2221.4,1795173
2021-06-23 10:03:43,2221.4,1795183
2021-06-23 10:03:44,2221.0,1795284
2021-06-23 10:03:45,2221.4,1795429
2021-06-23 10:03:47,2221.4,1795480
2021-06-23 10:03:47,2221.4,1795481
2021-06-23 10:03:48,2221.4,1795596
2021-06-23 10:03:49,2221.0,1795635
2021-06-23 10:03:50,2221.4,1795664
2021-06-23 10:03:52,2221.4,1795764
2021-06-23 10:03:53,2221.4,1795764
2021-06-23 10:03:54,2221.3,1795815
2021-06-23 10:03:54,2221.4,1795820
2021-06-23 10:03:55,2221.4,1796120
2021-06-23 10:03:56,2221.4,1796176
2021-06-23 10:03:57,2221.4,1796196
2021-06-23 10:03:58,2221.4,1796217
2021-06-23 10:03:59,2221.4,1796248
2021-06-23 10:04:02,2221.3,1796484
2021-06-23 10:04:02,2221.4,1796485
2021-06-23 10:04:03,2221.4,1796587
2021-06-23 10:04:04,2221.4,1796883
2021-06-23 10:04:05,2221.05,1796918
2021-06-23 10:04:06,2221.05,1796918
2021-06-23 10:04:08,2221.1,1796924
2021-06-23 10:04:08,2221.1,1796924
2021-06-23 10:04:09,2221.3,1796934
2021-06-23 10:04:10,2221.1,1797145
2021-06-23 10:04:11,2221.0,1797236
2021-06-23 10:04:12,2221.0,1797646
2021-06-23 10:04:13,2221.2,1797647
2021-06-23 10:04:16,2221.0,1797782
2021-06-23 10:04:17,2221.0,1797984
2021-06-23 10:04:17,2221.0,1797984
2021-06-23 10:04:18,2221.0,1798359
2021-06-23 10:04:19,2220.5,1798389
2021-06-23 10:04:20,2220.5,1798389
2021-06-23 10:04:21,2220.5,1798537
2021-06-23 10:04:22,2220.5,1798537
2021-06-23 10:04:23,2220.35,1798548
2021-06-23 10:04:24,2220.1,1798562
2021-06-23 10:04:25,2220.1,1798812
2021-06-23 10:04:27,2220.1,1798942
2021-06-23 10:04:27,2220.1,1798942
2021-06-23 10:04:28,2220.1,1798989
2021-06-23 10:04:29,2220.1,1799117
2021-06-23 10:04:30,2220.1,1799170
2021-06-23 10:04:32,2220.1,1799698
2021-06-23 10:04:32,2220.1,1799698
2021-06-23 10:04:33,2220.1,1799698
2021-06-23 10:04:34,2220.1,1800274
2021-06-23 10:04:35,2220.1,1800375
2021-06-23 10:04:36,2220.1,1800397
2021-06-23 10:04:38,2220.1,1800520
2021-06-23 10:04:38,2220.1,1800530
2021-06-23 10:04:39,2220.1,1800778
2021-06-23 10:04:40,2220.1,1800778
2021-06-23 10:04:41,2220.0,1802025
2021-06-23 10:04:42,2220.0,1802030
2021-06-23 10:04:43,2220.0,1802037
2021-06-23 10:04:45,2220.0,1802040
2021-06-23 10:04:45,2219.75,1802206
2021-06-23 10:04:46,2219.95,1802726
2021-06-23 10:04:47,2219.8,1802742
2021-06-23 10:04:48,2219.75,1802768
2021-06-23 10:04:50,2219.0,1802931
2021-06-23 10:04:51,2219.75,1802932
2021-06-23 10:04:51,2219.75,1802932
2021-06-23 10:04:52,2218.3,1805205
2021-06-23 10:04:53,2219.05,1805328
2021-06-23 10:04:54,2218.25,1805385
2021-06-23 10:04:56,2218.2,1805485
2021-06-23 10:04:57,2218.8,1805672
2021-06-23 10:04:57,2218.85,1805671
2021-06-23 10:04:58,2218.85,1805723
2021-06-23 10:04:59,2218.85,1805764
2021-06-23 10:05:00,2219.1,1807949
2021-06-23 10:05:02,2219.1,1807965
2021-06-23 10:05:03,2219.1,1807989
2021-06-23 10:05:03,2219.1,1807989
2021-06-23 10:05:04,2219.1,1808507
2021-06-23 10:05:05,2219.75,1808512
2021-06-23 10:05:06,2218.75,1808779
2021-06-23 10:05:08,2219.1,1808832
2021-06-23 10:05:09,2219.1,1808832
2021-06-23 10:05:10,2218.85,1808845
2021-06-23 10:05:11,2218.85,1808855
2021-06-23 10:05:13,2219.1,1808859
2021-06-23 10:05:14,2219.1,1808871
2021-06-23 10:05:15,2219.0,1808885
2021-06-23 10:05:15,2219.1,1808904
2021-06-23 10:05:16,2218.55,1808996
2021-06-23 10:05:17,2219.0,1809048
2021-06-23 10:05:18,2219.0,1809050
2021-06-23 10:05:19,2218.65,1809075
2021-06-23 10:05:21,2218.65,1809101
2021-06-23 10:05:22,2218.65,1809111
2021-06-23 10:05:23,2218.5,1809414
2021-06-23 10:05:24,2218.55,1811475
2021-06-23 10:05:25,2218.55,1811506
2021-06-23 10:05:26,2218.55,1811655
2021-06-23 10:05:28,2218.55,1811737
2021-06-23 10:05:29,2219.0,1812681
2021-06-23 10:05:30,2219.45,1813052
2021-06-23 10:05:31,2219.2,1813191
2021-06-23 10:05:32,2219.2,1813282
2021-06-23 10:05:32,2219.2,1813282
2021-06-23 10:05:35,2219.4,1813617
2021-06-23 10:05:36,2219.4,1813617
2021-06-23 10:05:37,2219.2,1813621
2021-06-23 10:05:38,2219.4,1813622
2021-06-23 10:05:39,2219.4,1813654
2021-06-23 10:05:42,2219.4,1813910
2021-06-23 10:05:43,2219.4,1814955
2021-06-23 10:05:44,2219.4,1814986
2021-06-23 10:05:44,2219.4,1815013
2021-06-23 10:05:45,2219.4,1815013
2021-06-23 10:05:46,2219.4,1815178
2021-06-23 10:05:47,2219.4,1815190
2021-06-23 10:05:49,2219.4,1815225
2021-06-23 10:05:50,2219.4,1815230
2021-06-23 10:05:51,2219.0,1815300
2021-06-23 10:05:52,2218.6,1815516
2021-06-23 10:05:53,2219.1,1815573
2021-06-23 10:05:54,2219.0,1815592
2021-06-23 10:05:55,2219.05,1815613
2021-06-23 10:05:56,2219.0,1815628
2021-06-23 10:05:57,2219.05,1815640
2021-06-23 10:05:58,2219.0,1816457
2021-06-23 10:05:59,2219.0,1816495
2021-06-23 10:06:00,2219.05,1816743
2021-06-23 10:06:01,2219.0,1816847
2021-06-23 10:06:01,2219.0,1816847
2021-06-23 10:06:02,2219.05,1816912
2021-06-23 10:06:03,2219.05,1816968
2021-06-23 10:06:04,2219.05,1817060
2021-06-23 10:06:05,2220.0,1818357
2021-06-23 10:06:07,2219.3,1818368
2021-06-23 10:06:08,2219.3,1818414
2021-06-23 10:06:08,2219.3,1818414
2021-06-23 10:06:09,2219.65,1818444
2021-06-23 10:06:10,2219.15,1818844
2021-06-23 10:06:11,2219.15,1818844
2021-06-23 10:06:12,2219.65,1818847
2021-06-23 10:06:13,2219.9,1818857
2021-06-23 10:06:17,2221.0,1821177
2021-06-23 10:06:18,2220.1,1821316
2021-06-23 10:06:19,2220.95,1821343
2021-06-23 10:06:19,2220.95,1821343
2021-06-23 10:06:20,2220.95,1821378
2021-06-23 10:06:22,2220.15,1821574
2021-06-23 10:06:23,2220.95,1821649
2021-06-23 10:06:23,2220.95,1821649
2021-06-23 10:06:24,2220.95,1821654
2021-06-23 10:06:26,2220.95,1822674
2021-06-23 10:06:27,2220.95,1822685
2021-06-23 10:06:27,2220.95,1822685
2021-06-23 10:06:28,2220.3,1822712
2021-06-23 10:06:29,2220.9,1822713
2021-06-23 10:06:30,2220.35,1822735
2021-06-23 10:06:31,2220.9,1822747
2021-06-23 10:06:33,2220.35,1822888
2021-06-23 10:06:34,2220.95,1822898
2021-06-23 10:06:35,2220.35,1822996
2021-06-23 10:06:37,2220.9,1823006
2021-06-23 10:06:38,2220.85,1823034
2021-06-23 10:06:38,2220.85,1823034
2021-06-23 10:06:39,2220.0,1823256
2021-06-23 10:06:40,2220.0,1823256
2021-06-23 10:06:41,2220.6,1823323
2021-06-23 10:06:42,2220.6,1823325
2021-06-23 10:06:43,2220.35,1823345
2021-06-23 10:06:44,2220.0,1823385
2021-06-23 10:06:45,2220.35,1823549
2021-06-23 10:06:46,2220.05,1823649
2021-06-23 10:06:48,2220.05,1823649
2021-06-23 10:06:49,2220.35,1823749
2021-06-23 10:06:50,2220.05,1824016
2021-06-23 10:06:50,2220.05,1824016
2021-06-23 10:06:51,2220.25,1824261
2021-06-23 10:06:52,2219.95,1825068
2021-06-23 10:06:53,2220.0,1825303
2021-06-23 10:06:54,2220.0,1825345
2021-06-23 10:06:55,2219.95,1825478
2021-06-23 10:06:56,2219.95,1825567
2021-06-23 10:06:58,2219.9,1825599
2021-06-23 10:06:59,2219.95,1825807
2021-06-23 10:07:01,2219.9,1825872
2021-06-23 10:07:02,2219.2,1825922
2021-06-23 10:07:03,2219.15,1825972
2021-06-23 10:07:06,2219.4,1826126
2021-06-23 10:07:07,2219.4,1826141
2021-06-23 10:07:08,2219.4,1826143
2021-06-23 10:07:10,2219.25,1826184
2021-06-23 10:07:11,2219.15,1826205
2021-06-23 10:07:12,2219.25,1826216
2021-06-23 10:07:13,2219.4,1826225
2021-06-23 10:07:14,2219.4,1826362
2021-06-23 10:07:15,2219.4,1826513
2021-06-23 10:07:16,2219.4,1826542
2021-06-23 10:07:17,2219.4,1826551
2021-06-23 10:07:18,2219.25,1826554
2021-06-23 10:07:19,2219.4,1826556
2021-06-23 10:07:19,2219.4,1826556
2021-06-23 10:07:20,2219.4,1826681
