timestamp,ltp,volume
2021-06-23 09:16:29,1007.6,66477
2021-06-23 09:16:30,1007.6,66477
2021-06-23 09:16:31,1007.1,66587
2021-06-23 09:16:32,1007.05,66646
2021-06-23 09:16:33,1007.0,66711
2021-06-23 09:16:34,1007.55,66731
2021-06-23 09:16:35,1007.0,67374
2021-06-23 09:16:35,1007.05,68605
2021-06-23 09:16:37,1007.8,68824
2021-06-23 09:16:38,1007.4,69085
2021-06-23 09:16:39,1007.4,69085
2021-06-23 09:16:40,1007.8,69646
2021-06-23 09:16:41,1007.95,70146
2021-06-23 09:16:42,1007.95,70565
2021-06-23 09:16:43,1007.8,70849
2021-06-23 09:16:44,1007.8,70934
2021-06-23 09:16:44,1007.8,70961
2021-06-23 09:16:45,1007.85,72336
2021-06-23 09:16:46,1007.25,72508
2021-06-23 09:16:47,1008.0,74015
2021-06-23 09:16:48,1008.4,74515
2021-06-23 09:16:49,1008.25,74805
2021-06-23 09:16:51,1008.85,75120
2021-06-23 09:16:52,1008.5,75209
2021-06-23 09:16:53,1008.05,75262
2021-06-23 09:16:54,1008.05,75262
2021-06-23 09:16:57,1008.6,77856
2021-06-23 09:16:58,1008.65,77889
2021-06-23 09:16:59,1008.65,77889
2021-06-23 09:17:00,1008.0,78211
2021-06-23 09:17:01,1008.6,78213
2021-06-23 09:17:01,1008.6,78313
2021-06-23 09:17:02,1008.6,78329
2021-06-23 09:17:03,1008.45,79116
2021-06-23 09:17:04,1008.4,79181
2021-06-23 09:17:05,1008.2,80297
2021-06-23 09:17:08,1008.1,81547
2021-06-23 09:17:10,1008.6,82312
2021-06-23 09:17:11,1007.2,83094
2021-06-23 09:17:12,1008.1,83119
2021-06-23 09:17:13,1008.0,83164
2021-06-23 09:17:16,1008.15,83803
2021-06-23 09:17:17,1007.95,84345
2021-06-23 09:17:18,1008.2,84500
2021-06-23 09:17:20,1008.4,84955
2021-06-23 09:17:21,1007.6,85374
2021-06-23 09:17:22,1008.0,85844
2021-06-23 09:17:23,1007.9,85849
2021-06-23 09:17:26,1007.5,86364
2021-06-23 09:17:27,1007.85,86766
2021-06-23 09:17:28,1008.0,87126
2021-06-23 09:17:29,1007.85,87176
2021-06-23 09:17:30,1007.6,87341
2021-06-23 09:17:31,1008.0,87417
2021-06-23 09:17:32,1007.85,87517
2021-06-23 09:17:34,1008.0,88014
2021-06-23 09:17:35,1007.6,88115
2021-06-23 09:17:36,1008.0,88315
2021-06-23 09:17:36,1007.5,88325
2021-06-23 09:17:37,1007.9,88406
2021-06-23 09:17:38,1007.9,88615
2021-06-23 09:17:39,1007.65,89003
2021-06-23 09:17:41,1008.0,89123
2021-06-23 09:17:42,1008.0,89383
2021-06-23 09:17:43,1007.95,89503
2021-06-23 09:17:44,1008.0,89667
2021-06-23 09:17:44,1008.0,89788
2021-06-23 09:17:46,1008.0,89814
2021-06-23 09:17:47,1008.4,89984
2021-06-23 09:17:48,1007.85,91114
2021-06-23 09:17:49,1008.35,91222
2021-06-23 09:17:50,1008.35,91232
2021-06-23 09:17:51,1008.75,92814
2021-06-23 09:17:52,1008.7,92900
2021-06-23 09:17:53,1008.4,92911
2021-06-23 09:17:54,1008.4,92911
2021-06-23 09:17:55,1008.7,92942
2021-06-23 09:17:56,1008.7,92949
2021-06-23 09:17:57,1008.75,93056
2021-06-23 09:17:58,1008.1,93187
2021-06-23 09:17:59,1008.1,93325
2021-06-23 09:18:00,1008.1,93325
2021-06-23 09:18:01,1008.6,93346
2021-06-23 09:18:02,1008.6,93351
2021-06-23 09:18:03,1008.55,93411
2021-06-23 09:18:04,1008.6,93591
2021-06-23 09:18:06,1008.5,93951
2021-06-23 09:18:07,1008.1,94096
2021-06-23 09:18:08,1008.1,97139
2021-06-23 09:18:09,1008.0,97169
2021-06-23 09:18:10,1008.05,97184
2021-06-23 09:18:11,1008.1,97218
2021-06-23 09:18:12,1007.6,97292
2021-06-23 09:18:13,1007.55,97442
2021-06-23 09:18:14,1008.15,97552
2021-06-23 09:18:15,1007.65,97906
2021-06-23 09:18:16,1008.45,98543
2021-06-23 09:18:17,1008.05,98692
2021-06-23 09:18:18,1008.7,98792
2021-06-23 09:18:19,1008.7,98892
2021-06-23 09:18:20,1007.95,99412
2021-06-23 09:18:21,1008.0,99562
2021-06-23 09:18:22,1008.7,99783
2021-06-23 09:18:23,1008.7,99843
2021-06-23 09:18:24,1008.7,100174
2021-06-23 09:18:25,1008.4,100485
2021-06-23 09:18:26,1008.95,100500
2021-06-23 09:18:27,1008.7,102510
2021-06-23 09:18:28,1008.25,102710
2021-06-23 09:18:29,1008.8,102811
2021-06-23 09:18:30,1008.6,103271
2021-06-23 09:18:31,1008.95,103326
2021-06-23 09:18:32,1008.6,104427
2021-06-23 09:18:33,1008.25,104529
2021-06-23 09:18:34,1008.9,104704
2021-06-23 09:18:35,1009.1,105313
2021-06-23 09:18:36,1009.9,106513
2021-06-23 09:18:37,1009.8,107040
2021-06-23 09:18:38,1009.85,107276
2021-06-23 09:18:39,1009.85,107406
2021-06-23 09:18:40,1009.15,107432
2021-06-23 09:18:41,1009.8,107472
2021-06-23 09:18:42,1009.9,107584
2021-06-23 09:18:43,1009.95,107715
2021-06-23 09:18:44,1009.2,108681
2021-06-23 09:18:46,1010.0,109256
2021-06-23 09:18:47,1010.0,109467
2021-06-23 09:18:48,1010.0,109684
2021-06-23 09:18:49,1010.0,109877
2021-06-23 09:18:50,1010.0,111090
2021-06-23 09:18:51,1010.0,113789
2021-06-23 09:18:52,1010.0,113913
2021-06-23 09:18:53,1010.0,113970
2021-06-23 09:18:54,1010.0,113981
2021-06-23 09:18:55,1010.0,114155
2021-06-23 09:18:56,1009.4,114223
2021-06-23 09:18:57,1009.4,114256
2021-06-23 09:18:58,1010.0,114714
2021-06-23 09:18:59,1010.0,114792
2021-06-23 09:19:00,1009.5,114843
2021-06-23 09:19:01,1009.5,114861
2021-06-23 09:19:02,1009.8,115096
2021-06-23 09:19:03,1009.5,115413
2021-06-23 09:19:04,1009.5,115446
2021-06-23 09:19:05,1009.5,115611
2021-06-23 09:19:08,1010.0,116336
2021-06-23 09:19:09,1010.0,116351
2021-06-23 09:19:10,1010.0,116351
2021-06-23 09:19:11,1010.0,117219
2021-06-23 09:19:12,1010.25,117525
2021-06-23 09:19:13,1010.25,117648
2021-06-23 09:19:14,1010.25,117865
2021-06-23 09:19:15,1008.85,120372
2021-06-23 09:19:16,1009.5,120689
2021-06-23 09:19:17,1009.8,121575
2021-06-23 09:19:19,1009.5,121831
2021-06-23 09:19:20,1010.25,122240
2021-06-23 09:19:21,1010.0,122260
2021-06-23 09:19:22,1010.0,122308
2021-06-23 09:19:23,1010.6,123728
2021-06-23 09:19:24,1010.6,123728
2021-06-23 09:19:26,1010.8,124503
2021-06-23 09:19:27,1010.6,124624
2021-06-23 09:19:28,1010.55,124869
2021-06-23 09:19:29,1010.25,124870
2021-06-23 09:19:30,1010.5,125284
2021-06-23 09:19:31,1010.6,126837
2021-06-23 09:19:33,1011.1,126955
2021-06-23 09:19:34,1011.1,127221
2021-06-23 09:19:35,1010.55,127798
2021-06-23 09:19:36,1010.95,128054
2021-06-23 09:19:37,1011.25,128732
2021-06-23 09:19:38,1011.1,128915
2021-06-23 09:19:39,1011.15,129248
2021-06-23 09:19:40,1011.15,129273
2021-06-23 09:19:41,1011.45,129690
2021-06-23 09:19:42,1011.25,131385
2021-06-23 09:19:43,1011.0,131403
2021-06-23 09:19:45,1011.25,131745
2021-06-23 09:19:46,1011.0,131947
2021-06-23 09:19:47,1011.55,132563
2021-06-23 09:19:48,1011.5,132690
2021-06-23 09:19:49,1011.15,133168
2021-06-23 09:19:50,1011.7,133788
2021-06-23 09:19:51,1011.75,133877
2021-06-23 09:19:52,1011.75,134212
2021-06-23 09:19:53,1011.7,134408
2021-06-23 09:19:54,1011.25,135220
2021-06-23 09:19:55,1011.0,135742
2021-06-23 09:19:56,1011.9,136122
2021-06-23 09:19:57,1011.15,136178
2021-06-23 09:19:58,1011.55,136356
2021-06-23 09:19:59,1011.5,136881
2021-06-23 09:20:00,1011.65,136962
2021-06-23 09:20:01,1011.5,137132
2021-06-23 09:20:03,1011.25,137548
2021-06-23 09:20:03,1011.25,137548
2021-06-23 09:20:04,1011.4,138510
2021-06-23 09:20:06,1011.5,138856
2021-06-23 09:20:07,1011.4,139077
2021-06-23 09:20:07,1011.4,139077
2021-06-23 09:20:08,1010.55,147669
2021-06-23 09:20:09,1010.8,147904
2021-06-23 09:20:10,1010.6,148046
2021-06-23 09:20:11,1010.0,148212
2021-06-23 09:20:12,1010.15,148217
2021-06-23 09:20:13,1010.5,148717
2021-06-23 09:20:14,1010.55,148937
2021-06-23 09:20:15,1010.65,149627
2021-06-23 09:20:16,1010.05,149652
2021-06-23 09:20:17,1010.1,150770
2021-06-23 09:20:18,1010.1,150770
2021-06-23 09:20:19,1010.1,150770
2021-06-23 09:20:20,1010.25,150875
2021-06-23 09:20:21,1011.0,150915
2021-06-23 09:20:22,1011.0,151336
2021-06-23 09:20:23,1010.65,151578
2021-06-23 09:20:24,1010.65,151578
2021-06-23 09:20:25,1010.85,152529
2021-06-23 09:20:26,1010.95,152732
2021-06-23 09:20:27,1010.95,152782
2021-06-23 09:20:28,1010.9,152885
2021-06-23 09:20:29,1010.9,153191
2021-06-23 09:20:30,1010.9,153243
2021-06-23 09:20:31,1010.95,153258
2021-06-23 09:20:33,1010.5,153959
2021-06-23 09:20:32,1010.35,153458
2021-06-23 09:20:34,1010.95,153979
2021-06-23 09:20:35,1010.95,154474
2021-06-23 09:20:36,1010.95,154484
2021-06-23 09:20:37,1010.95,154553
2021-06-23 09:20:38,1011.0,154556
2021-06-23 09:20:39,1010.95,154568
2021-06-23 09:20:40,1010.95,154618
2021-06-23 09:20:41,1010.95,154633
2021-06-23 09:20:42,1010.95,156059
2021-06-23 09:20:43,1010.45,156154
2021-06-23 09:20:44,1010.45,156154
2021-06-23 09:20:45,1011.0,156199
2021-06-23 09:20:46,1010.9,156306
2021-06-23 09:20:47,1010.9,156385
2021-06-23 09:20:48,1011.0,156408
2021-06-23 09:20:49,1010.9,156509
2021-06-23 09:20:50,1010.85,156560
2021-06-23 09:20:51,1010.85,156715
2021-06-23 09:20:52,1010.25,156740
2021-06-23 09:20:53,1010.8,157168
2021-06-23 09:20:54,1010.05,157606
2021-06-23 09:20:55,1009.0,161488
2021-06-23 09:20:56,1009.65,161569
2021-06-23 09:20:57,1009.05,161752
2021-06-23 09:20:58,1008.5,162956
2021-06-23 09:20:59,1008.75,163071
2021-06-23 09:21:01,1008.25,163686
2021-06-23 09:21:02,1008.85,165686
2021-06-23 09:21:03,1008.1,166222
2021-06-23 09:21:04,1008.0,167260
2021-06-23 09:21:05,1009.05,173564
2021-06-23 09:21:06,1009.0,173584
2021-06-23 09:21:07,1010.05,183251
2021-06-23 09:21:08,1010.05,183251
2021-06-23 09:21:09,1010.2,183252
2021-06-23 09:21:10,1010.2,183252
2021-06-23 09:21:11,1010.0,183578
2021-06-23 09:21:12,1009.8,183628
2021-06-23 09:21:14,1009.2,183753
2021-06-23 09:21:15,1009.2,183893
2021-06-23 09:21:16,1009.8,183914
2021-06-23 09:21:17,1010.4,185538
2021-06-23 09:21:18,1010.65,186111
2021-06-23 09:21:19,1010.65,186111
2021-06-23 09:21:20,1010.1,187137
2021-06-23 09:21:21,1010.8,191509
2021-06-23 09:21:22,1011.3,192311
2021-06-23 09:21:23,1011.45,192532
2021-06-23 09:21:24,1011.4,192533
2021-06-23 09:21:25,1011.45,192569
2021-06-23 09:21:26,1011.45,192733
2021-06-23 09:21:27,1011.55,194536
2021-06-23 09:21:28,1011.75,194661
2021-06-23 09:21:29,1011.65,194710
2021-06-23 09:21:30,1011.75,195004
2021-06-23 09:21:31,1011.45,195049
2021-06-23 09:21:32,1011.7,196296
2021-06-23 09:21:33,1011.45,196297
2021-06-23 09:21:34,1011.6,196430
2021-06-23 09:21:35,1011.75,202828
2021-06-23 09:21:36,1011.45,203112
2021-06-23 09:21:38,1011.5,207201
2021-06-23 09:21:39,1012.05,209554
2021-06-23 09:21:40,1012.05,210543
2021-06-23 09:21:41,1012.25,213004
2021-06-23 09:21:42,1012.25,213934
2021-06-23 09:21:43,1012.3,214480
2021-06-23 09:21:44,1012.8,215780
2021-06-23 09:21:45,1013.3,230389
2021-06-23 09:21:46,1013.0,230828
2021-06-23 09:21:47,1013.55,232901
2021-06-23 09:21:48,1013.6,236238
2021-06-23 09:21:49,1014.25,239031
2021-06-23 09:21:50,1014.1,240654
2021-06-23 09:21:51,1014.6,242553
2021-06-23 09:21:52,1013.9,243543
2021-06-23 09:21:53,1013.0,245124
2021-06-23 09:21:54,1013.9,246877
2021-06-23 09:21:55,1013.9,249263
2021-06-23 09:21:56,1013.6,250565
2021-06-23 09:21:57,1014.0,251789
2021-06-23 09:21:58,1013.75,253357
2021-06-23 09:21:59,1014.0,256268
2021-06-23 09:22:00,1013.8,257292
2021-06-23 09:22:01,1013.85,261739
2021-06-23 09:22:02,1015.0,266258
2021-06-23 09:22:03,1014.25,271769
2021-06-23 09:22:04,1014.3,274728
2021-06-23 09:22:06,1014.8,281124
2021-06-23 09:22:07,1015.05,282289
2021-06-23 09:22:08,1014.5,283570
2021-06-23 09:22:09,1014.45,284590
2021-06-23 09:22:10,1014.5,285800
2021-06-23 09:22:11,1014.85,288019
2021-06-23 09:22:12,1015.0,289239
2021-06-23 09:22:13,1014.65,291462
2021-06-23 09:22:14,1015.05,292242
2021-06-23 09:22:15,1014.9,293658
2021-06-23 09:22:16,1014.8,294598
2021-06-23 09:22:17,1014.95,295373
2021-06-23 09:22:18,1015.0,295864
2021-06-23 09:22:20,1015.0,297164
2021-06-23 09:22:21,1014.5,297737
2021-06-23 09:22:23,1014.05,299403
2021-06-23 09:22:24,1014.9,299921
2021-06-23 09:22:25,1014.1,300201
2021-06-23 09:22:26,1014.0,302002
2021-06-23 09:22:27,1013.0,304870
2021-06-23 09:22:28,1014.45,305888
2021-06-23 09:22:29,1014.2,306367
2021-06-23 09:22:30,1013.9,306757
2021-06-23 09:22:31,1013.4,307780
2021-06-23 09:22:32,1013.95,308180
2021-06-23 09:22:33,1013.8,308547
2021-06-23 09:22:34,1013.75,308733
2021-06-23 09:22:35,1013.0,314286
2021-06-23 09:22:36,1013.25,315957
2021-06-23 09:22:37,1013.1,317214
2021-06-23 09:22:38,1012.55,317344
2021-06-23 09:22:39,1012.45,318463
2021-06-23 09:22:40,1012.75,319839
2021-06-23 09:22:41,1012.95,320152
2021-06-23 09:22:42,1012.55,320237
2021-06-23 09:22:43,1012.0,321542
2021-06-23 09:22:44,1012.9,323327
2021-06-23 09:22:45,1012.35,323908
2021-06-23 09:22:46,1011.75,323985
2021-06-23 09:22:47,1012.35,324142
2021-06-23 09:22:48,1012.35,324202
2021-06-23 09:22:50,1012.35,326409
2021-06-23 09:22:51,1012.1,327448
2021-06-23 09:22:52,1011.8,327699
2021-06-23 09:22:53,1011.3,329757
2021-06-23 09:22:55,1011.75,331577
2021-06-23 09:22:56,1011.1,331711
2021-06-23 09:22:57,1011.8,332099
2021-06-23 09:22:58,1011.7,333550
2021-06-23 09:22:59,1011.05,333726
2021-06-23 09:23:00,1011.0,335504
2021-06-23 09:23:01,1011.0,335536
2021-06-23 09:23:02,1011.3,337097
2021-06-23 09:23:04,1011.05,337293
2021-06-23 09:23:05,1010.45,338019
2021-06-23 09:23:07,1010.35,339381
2021-06-23 09:23:08,1010.65,339457
2021-06-23 09:23:08,1010.65,339457
2021-06-23 09:23:09,1010.95,339620
2021-06-23 09:23:10,1010.65,339784
2021-06-23 09:23:11,1010.65,339840
2021-06-23 09:23:12,1010.1,340676
2021-06-23 09:23:13,1010.2,340935
2021-06-23 09:23:14,1010.65,340940
2021-06-23 09:23:15,1010.65,341005
2021-06-23 09:23:16,1010.65,341390
2021-06-23 09:23:17,1010.2,341753
2021-06-23 09:23:18,1010.65,341933
2021-06-23 09:23:20,1010.65,342590
2021-06-23 09:23:21,1010.65,342679
2021-06-23 09:23:22,1010.65,342807
2021-06-23 09:23:23,1010.65,343091
2021-06-23 09:23:24,1010.65,343621
2021-06-23 09:23:25,1010.65,343696
2021-06-23 09:23:26,1010.7,344206
2021-06-23 09:23:29,1011.1,344649
2021-06-23 09:23:30,1010.7,344679
2021-06-23 09:23:31,1011.2,344785
2021-06-23 09:23:32,1011.25,345775
2021-06-23 09:23:33,1010.8,346068
2021-06-23 09:23:34,1010.8,346298
2021-06-23 09:23:35,1011.0,346555
2021-06-23 09:23:36,1011.1,346946
2021-06-23 09:23:37,1010.7,347113
2021-06-23 09:23:38,1011.45,347442
2021-06-23 09:23:39,1011.25,347555
2021-06-23 09:23:40,1011.3,347807
2021-06-23 09:23:40,1011.7,347821
2021-06-23 09:23:41,1011.7,347821
2021-06-23 09:23:42,1011.7,347821
2021-06-23 09:23:43,1011.65,347829
2021-06-23 09:23:44,1011.3,347935
2021-06-23 09:23:45,1012.0,348059
2021-06-23 09:23:46,1012.0,348185
2021-06-23 09:23:47,1012.0,349217
2021-06-23 09:23:48,1012.0,349414
2021-06-23 09:23:49,1012.05,350438
2021-06-23 09:23:50,1011.85,351503
2021-06-23 09:23:51,1012.0,352563
2021-06-23 09:23:52,1012.2,352918
2021-06-23 09:23:53,1012.2,352918
2021-06-23 09:23:54,1012.2,353070
2021-06-23 09:23:55,1012.2,353191
2021-06-23 09:23:56,1012.3,353472
2021-06-23 09:23:57,1012.15,354432
2021-06-23 09:23:58,1012.7,354612
2021-06-23 09:23:59,1012.2,354892
2021-06-23 09:24:00,1012.45,354945
2021-06-23 09:24:01,1012.6,355247
2021-06-23 09:24:02,1012.4,355780
2021-06-23 09:24:03,1011.9,356132
2021-06-23 09:24:04,1011.8,357147
2021-06-23 09:24:05,1012.3,357153
2021-06-23 09:24:06,1011.9,357187
2021-06-23 09:24:07,1012.45,357188
2021-06-23 09:24:08,1011.85,357866
2021-06-23 09:24:09,1012.2,358021
2021-06-23 09:24:10,1012.1,358436
2021-06-23 09:24:11,1012.2,358604
2021-06-23 09:24:12,1011.7,358667
2021-06-23 09:24:13,1012.0,359461
2021-06-23 09:24:15,1012.35,359721
2021-06-23 09:24:16,1012.35,359746
2021-06-23 09:24:16,1012.35,359759
2021-06-23 09:24:17,1012.5,359830
2021-06-23 09:24:18,1011.9,359831
2021-06-23 09:24:19,1012.45,359883
2021-06-23 09:24:20,1011.9,360113
2021-06-23 09:24:21,1012.3,360125
2021-06-23 09:24:22,1012.0,360336
2021-06-23 09:24:24,1012.25,361111
2021-06-23 09:24:25,1011.7,361350
2021-06-23 09:24:26,1012.2,361430
2021-06-23 09:24:27,1011.55,361524
2021-06-23 09:24:28,1010.8,364001
2021-06-23 09:24:29,1011.4,364021
2021-06-23 09:24:30,1011.4,364021
2021-06-23 09:24:31,1011.4,364041
2021-06-23 09:24:32,1010.9,364169
2021-06-23 09:24:33,1010.9,365673
2021-06-23 09:24:34,1011.0,365674
2021-06-23 09:24:35,1011.4,365797
2021-06-23 09:24:37,1010.75,367710
2021-06-23 09:24:38,1010.0,372025
2021-06-23 09:24:39,1010.2,372075
2021-06-23 09:24:40,1009.7,372150
2021-06-23 09:24:41,1010.0,372223
2021-06-23 09:24:42,1010.0,372292
2021-06-23 09:24:43,1010.0,372292
2021-06-23 09:24:44,1010.0,372294
2021-06-23 09:24:45,1010.0,372504
2021-06-23 09:24:46,1009.7,372789
2021-06-23 09:24:47,1010.0,372892
2021-06-23 09:24:48,1010.0,373611
2021-06-23 09:24:49,1010.4,373651
2021-06-23 09:24:50,1010.25,373807
2021-06-23 09:24:51,1010.35,374020
2021-06-23 09:24:52,1010.0,374482
2021-06-23 09:24:54,1010.4,374552
2021-06-23 09:24:55,1010.0,374721
2021-06-23 09:24:56,1010.15,374915
2021-06-23 09:24:57,1010.3,375082
2021-06-23 09:24:57,1010.3,375082
2021-06-23 09:24:58,1010.2,375175
2021-06-23 09:24:59,1010.0,375295
2021-06-23 09:25:00,1010.0,375692
2021-06-23 09:25:01,1010.0,375793
2021-06-23 09:25:02,1010.3,376021
2021-06-23 09:25:03,1010.4,376911
2021-06-23 09:25:04,1010.5,377021
2021-06-23 09:25:05,1010.5,377021
2021-06-23 09:25:07,1010.0,377354
2021-06-23 09:25:08,1010.0,377384
2021-06-23 09:25:09,1010.0,377484
2021-06-23 09:25:11,1010.4,377595
2021-06-23 09:25:12,1010.0,377860
2021-06-23 09:25:14,1010.0,378263
2021-06-23 09:25:15,1010.0,378378
2021-06-23 09:25:16,1010.0,378887
2021-06-23 09:25:17,1009.7,379205
2021-06-23 09:25:18,1010.35,379231
2021-06-23 09:25:18,1009.8,379239
2021-06-23 09:25:19,1010.35,379241
2021-06-23 09:25:20,1010.35,379241
2021-06-23 09:25:21,1009.7,379564
2021-06-23 09:25:22,1010.35,379600
2021-06-23 09:25:25,1010.0,380268
2021-06-23 09:25:28,1009.85,381623
2021-06-23 09:25:29,1010.0,381673
2021-06-23 09:25:30,1009.85,381780
2021-06-23 09:25:31,1010.0,381809
2021-06-23 09:25:32,1010.0,382541
2021-06-23 09:25:33,1010.0,382657
2021-06-23 09:25:34,1010.0,382673
2021-06-23 09:25:35,1010.0,382713
2021-06-23 09:25:36,1010.0,382915
2021-06-23 09:25:36,1009.85,382926
2021-06-23 09:25:37,1009.85,383471
2021-06-23 09:25:38,1010.2,383622
2021-06-23 09:25:39,1009.6,384095
2021-06-23 09:25:40,1010.3,384303
2021-06-23 09:25:41,1010.3,384303
2021-06-23 09:25:42,1010.0,384353
2021-06-23 09:25:43,1009.95,384406
2021-06-23 09:25:44,1010.0,384912
2021-06-23 09:25:45,1009.85,385042
2021-06-23 09:25:46,1010.3,385097
2021-06-23 09:25:47,1010.0,385427
2021-06-23 09:25:48,1010.0,385621
2021-06-23 09:25:49,1010.0,385621
2021-06-23 09:25:50,1010.15,385701
2021-06-23 09:25:51,1010.45,385771
2021-06-23 09:25:52,1010.45,385771
2021-06-23 09:25:53,1010.3,386475
2021-06-23 09:25:54,1010.1,386897
2021-06-23 09:25:55,1010.1,386957
2021-06-23 09:25:56,1010.0,386987
2021-06-23 09:25:57,1010.05,387030
2021-06-23 09:25:58,1010.0,387130
2021-06-23 09:25:59,1010.05,387195
2021-06-23 09:26:00,1010.0,387943
2021-06-23 09:26:01,1010.0,388043
2021-06-23 09:26:02,1010.0,388243
2021-06-23 09:26:03,1010.05,388324
2021-06-23 09:26:04,1010.0,388499
2021-06-23 09:26:05,1010.05,388516
2021-06-23 09:26:06,1010.0,388527
2021-06-23 09:26:07,1010.05,388568
2021-06-23 09:26:08,1010.05,388573
2021-06-23 09:26:10,1010.05,388573
2021-06-23 09:26:11,1010.45,388905
2021-06-23 09:26:12,1010.45,388905
2021-06-23 09:26:13,1010.0,388955
2021-06-23 09:26:14,1010.45,388961
2021-06-23 09:26:15,1010.45,388961
2021-06-23 09:26:16,1010.05,388986
2021-06-23 09:26:16,1010.05,388963
2021-06-23 09:26:17,1010.5,389106
2021-06-23 09:26:18,1010.5,389191
2021-06-23 09:26:19,1010.0,389491
2021-06-23 09:26:20,1010.5,389492
2021-06-23 09:26:21,1010.0,389542
2021-06-23 09:26:22,1010.5,389559
2021-06-23 09:26:23,1010.5,389684
2021-06-23 09:26:24,1010.5,389734
2021-06-23 09:26:25,1010.5,389734
2021-06-23 09:26:26,1010.0,389809
2021-06-23 09:26:27,1010.0,389849
2021-06-23 09:26:28,1010.0,389880
2021-06-23 09:26:29,1010.5,389890
2021-06-23 09:26:30,1010.05,389945
2021-06-23 09:26:31,1010.05,389945
2021-06-23 09:26:32,1010.5,389952
2021-06-23 09:26:33,1010.5,389952
2021-06-23 09:26:34,1010.5,389967
2021-06-23 09:26:36,1010.5,390017
2021-06-23 09:26:37,1010.5,390155
2021-06-23 09:26:38,1010.5,390156
2021-06-23 09:26:39,1010.5,390230
2021-06-23 09:26:40,1010.05,390266
2021-06-23 09:26:41,1010.5,390276
2021-06-23 09:26:42,1010.5,390686
2021-06-23 09:26:43,1010.5,390686
2021-06-23 09:26:44,1010.05,390697
2021-06-23 09:26:45,1010.5,390797
2021-06-23 09:26:46,1010.5,390797
2021-06-23 09:26:47,1010.05,390852
2021-06-23 09:26:48,1010.5,390917
2021-06-23 09:26:49,1010.5,390917
2021-06-23 09:26:50,1010.5,391022
2021-06-23 09:26:51,1010.5,391022
2021-06-23 09:26:52,1010.5,391022
2021-06-23 09:26:53,1010.5,391022
2021-06-23 09:26:53,1010.5,391022
2021-06-23 09:26:54,1010.3,391034
2021-06-23 09:26:56,1010.3,391112
2021-06-23 09:26:57,1010.5,391113
2021-06-23 09:26:58,1010.1,391163
2021-06-23 09:26:59,1010.1,391163
2021-06-23 09:27:00,1010.1,391163
2021-06-23 09:27:01,1010.3,391932
2021-06-23 09:27:03,1010.3,391932
2021-06-23 09:27:04,1010.25,391953
2021-06-23 09:27:05,1010.25,391953
2021-06-23 09:27:06,1010.05,392153
2021-06-23 09:27:07,1010.05,392155
2021-06-23 09:27:08,1010.25,392387
2021-06-23 09:27:09,1010.6,392912
2021-06-23 09:27:10,1010.6,392912
2021-06-23 09:27:11,1010.65,393122
2021-06-23 09:27:12,1010.7,393137
2021-06-23 09:27:13,1010.7,393187
2021-06-23 09:27:14,1010.7,393197
2021-06-23 09:27:15,1010.7,393197
2021-06-23 09:27:17,1010.65,393613
2021-06-23 09:27:18,1010.0,393946
2021-06-23 09:27:19,1010.0,393946
2021-06-23 09:27:20,1010.0,393946
2021-06-23 09:27:21,1010.6,393966
2021-06-23 09:27:22,1009.9,396214
2021-06-23 09:27:23,1010.1,396220
2021-06-23 09:27:24,1010.1,396438
2021-06-23 09:27:25,1009.9,396500
2021-06-23 09:27:26,1009.95,396552
2021-06-23 09:27:27,1009.55,397023
2021-06-23 09:27:28,1009.55,397023
2021-06-23 09:27:29,1009.55,397023
2021-06-23 09:27:30,1009.3,398067
2021-06-23 09:27:31,1009.45,399479
2021-06-23 09:27:32,1009.45,399480
2021-06-23 09:27:33,1008.8,399762
2021-06-23 09:27:34,1008.85,399817
2021-06-23 09:27:34,1008.65,399857
2021-06-23 09:27:35,1008.65,399897
2021-06-23 09:27:36,1009.2,399967
2021-06-23 09:27:38,1008.6,400212
2021-06-23 09:27:39,1008.55,400432
2021-06-23 09:27:40,1009.2,400642
2021-06-23 09:27:41,1008.55,400649
2021-06-23 09:27:42,1009.05,401310
2021-06-23 09:27:43,1008.55,401472
2021-06-23 09:27:44,1009.05,401521
2021-06-23 09:27:45,1008.7,401722
2021-06-23 09:27:46,1008.65,402022
2021-06-23 09:27:47,1008.65,402069
2021-06-23 09:27:48,1009.0,402169
2021-06-23 09:27:48,1009.0,402169
2021-06-23 09:27:49,1008.55,402398
2021-06-23 09:27:50,1009.0,402504
2021-06-23 09:27:51,1009.0,402570
2021-06-23 09:27:53,1009.0,402820
2021-06-23 09:27:54,1008.75,402920
2021-06-23 09:27:55,1008.75,402955
2021-06-23 09:27:56,1009.4,403620
2021-06-23 09:27:57,1009.0,403970
2021-06-23 09:27:58,1009.0,404600
2021-06-23 09:27:59,1008.85,404612
2021-06-23 09:28:00,1009.0,404684
2021-06-23 09:28:00,1009.0,404684
2021-06-23 09:28:01,1008.75,404784
2021-06-23 09:28:02,1008.75,404825
2021-06-23 09:28:03,1008.75,404825
2021-06-23 09:28:04,1009.0,404835
2021-06-23 09:28:05,1008.75,404954
2021-06-23 09:28:07,1009.05,405915
2021-06-23 09:28:08,1009.05,406015
2021-06-23 09:28:09,1008.8,406255
2021-06-23 09:28:10,1008.8,406255
2021-06-23 09:28:11,1008.75,406258
2021-06-23 09:28:13,1008.65,406420
2021-06-23 09:28:15,1009.4,406650
2021-06-23 09:28:16,1008.7,406715
2021-06-23 09:28:17,1008.7,406715
2021-06-23 09:28:18,1009.4,406765
2021-06-23 09:28:20,1009.0,406813
2021-06-23 09:28:21,1008.8,406910
2021-06-23 09:28:22,1008.8,406910
2021-06-23 09:28:23,1009.15,406960
2021-06-23 09:28:24,1008.8,406995
2021-06-23 09:28:25,1009.25,406996
2021-06-23 09:28:25,1008.8,407038
2021-06-23 09:28:27,1009.35,407088
2021-06-23 09:28:28,1009.35,407088
2021-06-23 09:28:29,1009.35,407088
2021-06-23 09:28:30,1009.35,407088
2021-06-23 09:28:31,1008.8,407310
2021-06-23 09:28:32,1008.65,407445
2021-06-23 09:28:33,1008.65,407445
2021-06-23 09:28:34,1009.3,407448
2021-06-23 09:28:35,1009.05,407454
2021-06-23 09:28:36,1009.05,407650
2021-06-23 09:28:37,1009.05,407735
2021-06-23 09:28:38,1009.1,407745
2021-06-23 09:28:39,1009.5,407803
2021-06-23 09:28:40,1009.35,407823
2021-06-23 09:28:41,1009.35,407823
2021-06-23 09:28:42,1009.5,407863
2021-06-23 09:28:43,1009.5,407878
2021-06-23 09:28:44,1009.05,407928
2021-06-23 09:28:45,1009.5,407932
2021-06-23 09:28:48,1009.5,408255
2021-06-23 09:28:49,1009.0,408335
2021-06-23 09:28:53,1009.1,408501
2021-06-23 09:28:54,1008.8,408576
2021-06-23 09:28:55,1008.8,408576
2021-06-23 09:28:56,1008.8,408609
2021-06-23 09:28:57,1008.8,408609
2021-06-23 09:28:58,1008.8,408609
2021-06-23 09:28:59,1008.45,409058
2021-06-23 09:29:00,1008.45,409058
2021-06-23 09:29:01,1008.1,410035
2021-06-23 09:29:02,1008.2,410077
2021-06-23 09:29:03,1008.5,410281
2021-06-23 09:29:04,1008.5,411582
2021-06-23 09:29:05,1008.0,412452
2021-06-23 09:29:06,1008.5,412623
2021-06-23 09:29:07,1008.05,412717
2021-06-23 09:29:08,1008.05,412717
2021-06-23 09:29:09,1008.05,412717
2021-06-23 09:29:10,1008.05,412717
2021-06-23 09:29:11,1008.0,412797
2021-06-23 09:29:12,1008.05,413002
2021-06-23 09:29:14,1008.0,413232
2021-06-23 09:29:15,1008.0,413341
2021-06-23 09:29:16,1008.0,413406
2021-06-23 09:29:17,1008.05,413504
2021-06-23 09:29:18,1008.5,413704
2021-06-23 09:29:19,1008.05,413729
2021-06-23 09:29:20,1008.8,413789
2021-06-23 09:29:21,1008.8,413940
2021-06-23 09:29:22,1008.8,413940
2021-06-23 09:29:23,1008.8,413962
2021-06-23 09:29:24,1008.85,413963
2021-06-23 09:29:26,1008.2,414042
2021-06-23 09:29:27,1008.75,414047
2021-06-23 09:29:28,1008.8,414097
2021-06-23 09:29:29,1008.8,414097
2021-06-23 09:29:30,1008.7,414137
2021-06-23 09:29:31,1008.65,414475
2021-06-23 09:29:32,1008.5,414490
2021-06-23 09:29:33,1008.65,414909
2021-06-23 09:29:34,1008.65,414910
2021-06-23 09:29:35,1008.65,414917
2021-06-23 09:29:36,1008.2,414930
2021-06-23 09:29:37,1008.25,414960
2021-06-23 09:29:38,1008.25,414980
2021-06-23 09:29:39,1008.25,414985
2021-06-23 09:29:40,1008.0,415270
2021-06-23 09:29:41,1008.05,415288
2021-06-23 09:29:42,1008.0,415438
2021-06-23 09:29:43,1008.2,415439
2021-06-23 09:29:44,1008.25,415463
2021-06-23 09:29:46,1008.1,415584
2021-06-23 09:29:47,1008.1,415603
2021-06-23 09:29:48,1008.25,415748
2021-06-23 09:29:49,1008.25,415748
2021-06-23 09:29:50,1008.65,415773
2021-06-23 09:29:51,1008.6,415798
2021-06-23 09:29:52,1008.6,415798
2021-06-23 09:29:53,1008.5,415800
2021-06-23 09:29:54,1008.25,415810
2021-06-23 09:29:55,1008.5,415825
2021-06-23 09:29:56,1008.5,415885
2021-06-23 09:29:57,1008.25,415908
2021-06-23 09:29:58,1008.25,415918
2021-06-23 09:29:59,1008.25,415918
2021-06-23 09:30:00,1008.25,415918
2021-06-23 09:30:01,1008.25,415938
2021-06-23 09:30:02,1008.25,415938
2021-06-23 09:30:03,1008.3,415954
2021-06-23 09:30:04,1008.25,416007
2021-06-23 09:30:05,1008.5,416182
2021-06-23 09:30:07,1008.75,416699
2021-06-23 09:30:08,1008.5,416871
2021-06-23 09:30:09,1008.8,416951
2021-06-23 09:30:11,1008.05,417531
2021-06-23 09:30:12,1008.05,418130
2021-06-23 09:30:13,1008.05,418135
2021-06-23 09:30:14,1008.0,418475
2021-06-23 09:30:15,1008.0,418562
2021-06-23 09:30:16,1008.0,418590
2021-06-23 09:30:18,1008.0,418653
2021-06-23 09:30:19,1008.05,418734
2021-06-23 09:30:20,1008.05,418784
2021-06-23 09:30:21,1008.05,418867
2021-06-23 09:30:22,1008.05,418873
2021-06-23 09:30:23,1008.05,418985
2021-06-23 09:30:24,1008.05,418985
2021-06-23 09:30:25,1008.05,418997
2021-06-23 09:30:26,1008.0,419025
2021-06-23 09:30:27,1008.0,419242
2021-06-23 09:30:28,1008.0,419257
2021-06-23 09:30:29,1008.05,419313
2021-06-23 09:30:30,1008.05,419487
2021-06-23 09:30:31,1008.05,419554
2021-06-23 09:30:33,1008.05,419574
2021-06-23 09:30:34,1008.05,419575
2021-06-23 09:30:35,1008.05,419606
2021-06-23 09:30:36,1008.05,419616
2021-06-23 09:30:37,1008.05,419616
2021-06-23 09:30:39,1008.0,420919
2021-06-23 09:30:41,1008.2,420976
2021-06-23 09:30:43,1008.0,420991
2021-06-23 09:30:44,1008.0,421020
2021-06-23 09:30:45,1008.0,421030
2021-06-23 09:30:45,1008.0,421038
2021-06-23 09:30:47,1008.15,421099
2021-06-23 09:30:47,1008.15,421099
2021-06-23 09:30:48,1008.0,421143
2021-06-23 09:30:52,1008.15,421558
2021-06-23 09:30:52,1008.15,421558
2021-06-23 09:30:54,1008.15,421563
2021-06-23 09:30:54,1008.15,421563
2021-06-23 09:30:56,1008.0,421714
2021-06-23 09:30:58,1008.05,421740
2021-06-23 09:30:59,1008.05,421914
2021-06-23 09:31:00,1008.0,421970
2021-06-23 09:31:02,1008.0,421972
2021-06-23 09:31:03,1008.15,422084
2021-06-23 09:31:03,1008.0,422094
2021-06-23 09:31:05,1008.05,422154
2021-06-23 09:31:05,1008.0,422129
2021-06-23 09:31:07,1008.15,422276
2021-06-23 09:31:08,1008.0,422458
2021-06-23 09:31:09,1008.15,422538
2021-06-23 09:31:09,1008.15,422548
2021-06-23 09:31:10,1008.15,422548
2021-06-23 09:31:12,1008.0,422699
2021-06-23 09:31:13,1008.0,423229
2021-06-23 09:31:16,1007.95,427391
2021-06-23 09:31:17,1007.35,427439
2021-06-23 09:31:18,1007.9,427553
2021-06-23 09:31:19,1007.1,427880
2021-06-23 09:31:21,1007.1,428215
2021-06-23 09:31:22,1007.1,428262
2021-06-23 09:31:23,1007.05,428392
2021-06-23 09:31:24,1003.75,470465
2021-06-23 09:31:25,1003.5,470732
2021-06-23 09:31:25,1002.95,471466
2021-06-23 09:31:26,1004.15,472677
2021-06-23 09:31:28,1003.45,474572
2021-06-23 09:31:28,1003.1,474851
2021-06-23 09:31:29,1003.45,474862
2021-06-23 09:31:30,1004.35,476292
2021-06-23 09:31:31,1003.55,476832
2021-06-23 09:31:32,1003.45,477335
2021-06-23 09:31:33,1003.05,477508
2021-06-23 09:31:34,1003.45,478176
2021-06-23 09:31:35,1003.5,478458
2021-06-23 09:31:36,1003.45,479421
2021-06-23 09:31:37,1003.25,482993
2021-06-23 09:31:39,1003.5,483148
2021-06-23 09:31:40,1003.35,483361
2021-06-23 09:31:41,1003.85,483423
2021-06-23 09:31:42,1003.15,485341
2021-06-23 09:31:44,1002.85,486110
2021-06-23 09:31:44,1002.85,486110
2021-06-23 09:31:46,1002.7,486868
2021-06-23 09:31:46,1003.15,487421
2021-06-23 09:31:47,1002.8,488536
2021-06-23 09:31:49,1002.7,489840
2021-06-23 09:31:49,1002.95,490092
2021-06-23 09:31:50,1002.35,490334
2021-06-23 09:31:51,1002.65,490701
2021-06-23 09:31:52,1002.7,490851
2021-06-23 09:31:54,1002.0,492257
2021-06-23 09:31:55,1002.4,492971
2021-06-23 09:31:55,1002.4,493108
2021-06-23 09:31:56,1001.95,493308
2021-06-23 09:31:57,1002.0,493333
2021-06-23 09:31:58,1001.7,494315
2021-06-23 09:31:59,1002.0,494627
2021-06-23 09:32:00,1001.1,497494
2021-06-23 09:32:02,1001.4,499213
2021-06-23 09:32:03,1002.35,499362
2021-06-23 09:32:05,1001.6,500021
2021-06-23 09:32:07,1001.45,500093
2021-06-23 09:32:08,1001.95,500386
2021-06-23 09:32:09,1001.5,500702
2021-06-23 09:32:09,1001.7,500747
2021-06-23 09:32:10,1001.45,501497
2021-06-23 09:32:11,1001.6,501726
2021-06-23 09:32:12,1001.65,502915
2021-06-23 09:32:14,1002.0,503558
2021-06-23 09:32:14,1002.0,503773
2021-06-23 09:32:16,1002.2,504623
2021-06-23 09:32:17,1002.8,504793
2021-06-23 09:32:18,1002.95,504855
2021-06-23 09:32:18,1002.5,504995
2021-06-23 09:32:19,1003.05,505083
2021-06-23 09:32:20,1003.0,505638
2021-06-23 09:32:21,1003.3,505745
2021-06-23 09:32:22,1003.0,505881
2021-06-23 09:32:23,1002.85,505921
2021-06-23 09:32:25,1004.0,506135
2021-06-23 09:32:27,1004.65,506446
2021-06-23 09:32:27,1004.0,506450
2021-06-23 09:32:29,1003.15,507114
2021-06-23 09:32:30,1003.7,507135
2021-06-23 09:32:31,1003.5,507212
2021-06-23 09:32:31,1004.0,507241
2021-06-23 09:32:32,1004.0,507365
2021-06-23 09:32:33,1003.95,507383
2021-06-23 09:32:34,1003.65,507423
2021-06-23 09:32:36,1003.95,507477
2021-06-23 09:32:37,1003.6,507632
2021-06-23 09:32:38,1004.0,507917
2021-06-23 09:32:39,1003.75,508141
2021-06-23 09:32:40,1003.95,508152
2021-06-23 09:32:41,1004.6,508316
2021-06-23 09:32:42,1004.0,508827
2021-06-23 09:32:43,1005.0,509526
2021-06-23 09:32:44,1004.2,509981
2021-06-23 09:32:45,1004.2,509981
2021-06-23 09:32:46,1004.7,510082
2021-06-23 09:32:47,1004.95,510542
2021-06-23 09:32:48,1004.9,510562
2021-06-23 09:32:49,1004.2,510566
2021-06-23 09:32:50,1004.8,510756
2021-06-23 09:32:51,1004.15,510858
2021-06-23 09:32:52,1003.65,511683
2021-06-23 09:32:53,1004.35,512090
2021-06-23 09:32:56,1004.0,512266
2021-06-23 09:32:57,1003.8,512324
2021-06-23 09:32:58,1003.2,512569
2021-06-23 09:32:59,1003.2,512569
2021-06-23 09:33:00,1003.25,512713
2021-06-23 09:33:01,1003.45,512765
2021-06-23 09:33:02,1003.3,512769
2021-06-23 09:33:03,1003.3,513077
2021-06-23 09:33:03,1003.0,513212
2021-06-23 09:33:04,1003.95,513896
2021-06-23 09:33:05,1004.0,514171
2021-06-23 09:33:06,1003.25,514257
2021-06-23 09:33:07,1003.8,514287
2021-06-23 09:33:08,1003.8,514312
2021-06-23 09:33:09,1003.8,514312
2021-06-23 09:33:11,1003.75,514322
2021-06-23 09:33:12,1003.55,514342
2021-06-23 09:33:13,1003.4,514376
2021-06-23 09:33:13,1003.4,514376
2021-06-23 09:33:14,1003.4,514378
2021-06-23 09:33:15,1003.35,514577
2021-06-23 09:33:16,1003.35,514637
2021-06-23 09:33:17,1003.2,514787
2021-06-23 09:33:18,1003.25,514890
2021-06-23 09:33:19,1003.8,514922
2021-06-23 09:33:20,1003.15,515394
2021-06-23 09:33:22,1003.75,515402
2021-06-23 09:33:23,1003.5,515432
2021-06-23 09:33:24,1003.2,515632
2021-06-23 09:33:25,1003.2,515707
2021-06-23 09:33:26,1003.5,516000
2021-06-23 09:33:28,1003.25,516274
2021-06-23 09:33:29,1003.35,516379
2021-06-23 09:33:29,1003.35,516379
2021-06-23 09:33:30,1003.35,516439
2021-06-23 09:33:33,1003.65,516587
2021-06-23 09:33:35,1003.25,516737
2021-06-23 09:33:36,1003.5,516762
2021-06-23 09:33:37,1003.2,516897
2021-06-23 09:33:38,1003.2,517383
2021-06-23 09:33:39,1003.2,517383
2021-06-23 09:33:40,1003.5,517399
2021-06-23 09:33:42,1003.35,517416
2021-06-23 09:33:43,1003.5,517444
2021-06-23 09:33:44,1003.35,518164
2021-06-23 09:33:45,1003.35,518170
2021-06-23 09:33:46,1003.2,518180
2021-06-23 09:33:46,1003.2,518180
2021-06-23 09:33:47,1003.1,518336
2021-06-23 09:33:49,1003.1,518688
2021-06-23 09:33:50,1003.1,518697
2021-06-23 09:33:51,1003.8,518803
2021-06-23 09:33:51,1003.8,518803
2021-06-23 09:33:52,1003.7,518885
2021-06-23 09:33:53,1003.0,518903
2021-06-23 09:33:54,1004.4,520067
2021-06-23 09:33:55,1004.0,520112
2021-06-23 09:33:56,1003.9,520378
2021-06-23 09:33:58,1002.85,530724
2021-06-23 09:33:59,1002.1,530928
2021-06-23 09:34:00,1002.45,531031
2021-06-23 09:34:01,1002.2,531059
2021-06-23 09:34:02,1002.15,531138
2021-06-23 09:34:02,1002.1,531173
2021-06-23 09:34:03,1002.2,531332
2021-06-23 09:34:05,1002.0,531389
2021-06-23 09:34:05,1002.0,531389
2021-06-23 09:34:06,1002.0,531407
2021-06-23 09:34:07,1002.0,531417
2021-06-23 09:34:11,1002.8,532290
2021-06-23 09:34:13,1002.8,532290
2021-06-23 09:34:16,1002.5,532518
2021-06-23 09:34:17,1003.2,532894
2021-06-23 09:34:18,1003.0,532915
2021-06-23 09:34:19,1003.2,533326
2021-06-23 09:34:20,1003.2,533476
2021-06-23 09:34:21,1003.7,533482
2021-06-23 09:34:22,1003.8,533537
2021-06-23 09:34:23,1003.8,533537
2021-06-23 09:34:24,1003.65,534057
2021-06-23 09:34:24,1003.8,534083
2021-06-23 09:34:25,1003.6,534158
2021-06-23 09:34:26,1004.15,534287
2021-06-23 09:34:27,1004.35,535299
2021-06-23 09:34:28,1004.5,535551
2021-06-23 09:34:30,1003.75,535618
2021-06-23 09:34:31,1003.75,535687
2021-06-23 09:34:32,1004.0,535717
2021-06-23 09:34:32,1004.0,535717
2021-06-23 09:34:33,1004.0,535717
2021-06-23 09:34:34,1003.95,535777
2021-06-23 09:34:35,1002.45,536342
2021-06-23 09:34:36,1002.95,536445
2021-06-23 09:34:39,1002.8,536885
2021-06-23 09:34:39,1002.8,536900
2021-06-23 09:34:41,1003.45,537150
2021-06-23 09:34:42,1003.0,537154
2021-06-23 09:34:42,1003.0,537229
2021-06-23 09:34:43,1003.0,537248
2021-06-23 09:34:44,1003.4,537324
2021-06-23 09:34:47,1002.95,537443
2021-06-23 09:34:48,1003.0,537469
2021-06-23 09:34:50,1002.95,537588
2021-06-23 09:34:51,1002.8,537668
2021-06-23 09:34:51,1002.8,537668
2021-06-23 09:34:52,1002.4,537693
2021-06-23 09:34:53,1002.5,537733
2021-06-23 09:34:55,1002.5,537821
2021-06-23 09:34:56,1002.5,537844
2021-06-23 09:34:57,1002.5,537954
2021-06-23 09:34:59,1002.85,538041
2021-06-23 09:35:00,1002.85,538041
2021-06-23 09:35:01,1002.5,538341
2021-06-23 09:35:02,1004.5,543755
2021-06-23 09:35:03,1004.0,543773
2021-06-23 09:35:04,1004.5,544083
2021-06-23 09:35:05,1004.5,544083
2021-06-23 09:35:06,1004.5,544083
2021-06-23 09:35:07,1004.1,544085
2021-06-23 09:35:08,1004.0,544138
2021-06-23 09:35:08,1004.0,544138
2021-06-23 09:35:09,1003.8,544300
2021-06-23 09:35:11,1004.35,544320
2021-06-23 09:35:12,1004.1,544323
2021-06-23 09:35:13,1003.8,545113
2021-06-23 09:35:14,1003.8,545236
2021-06-23 09:35:16,1003.75,545406
2021-06-23 09:35:17,1003.85,545420
2021-06-23 09:35:18,1003.85,545460
2021-06-23 09:35:19,1003.9,545487
2021-06-23 09:35:20,1004.0,545507
2021-06-23 09:35:21,1004.0,545507
2021-06-23 09:35:22,1003.8,545757
2021-06-23 09:35:23,1003.8,545758
2021-06-23 09:35:23,1004.0,545803
2021-06-23 09:35:24,1004.0,545803
2021-06-23 09:35:26,1004.0,545974
2021-06-23 09:35:27,1004.0,546349
2021-06-23 09:35:28,1004.2,546399
2021-06-23 09:35:29,1004.2,546399
2021-06-23 09:35:30,1004.2,546399
2021-06-23 09:35:30,1003.5,546699
2021-06-23 09:35:32,1004.0,546739
2021-06-23 09:35:33,1004.0,546739
2021-06-23 09:35:34,1004.0,546739
2021-06-23 09:35:34,1004.0,546739
2021-06-23 09:35:35,1004.0,546789
2021-06-23 09:35:36,1003.8,546807
2021-06-23 09:35:38,1004.2,547174
2021-06-23 09:35:39,1004.2,547174
2021-06-23 09:35:40,1004.2,547274
2021-06-23 09:35:41,1004.2,547304
2021-06-23 09:35:41,1004.05,547310
2021-06-23 09:35:42,1004.05,547310
2021-06-23 09:35:44,1004.65,547609
2021-06-23 09:35:45,1004.2,548796
2021-06-23 09:35:46,1004.2,548824
2021-06-23 09:35:46,1004.2,548824
2021-06-23 09:35:47,1005.0,548985
2021-06-23 09:35:50,1004.3,549237
2021-06-23 09:35:51,1004.3,549237
2021-06-23 09:35:51,1004.3,549237
2021-06-23 09:35:52,1004.3,549237
2021-06-23 09:35:53,1004.9,549247
2021-06-23 09:35:55,1004.85,549255
2021-06-23 09:35:56,1004.85,549255
2021-06-23 09:35:57,1004.5,549298
2021-06-23 09:35:57,1004.85,549301
2021-06-23 09:35:58,1004.5,549311
2021-06-23 09:36:00,1004.5,549311
2021-06-23 09:36:01,1004.85,549321
2021-06-23 09:36:02,1004.5,549531
2021-06-23 09:36:02,1004.55,549541
2021-06-23 09:36:03,1004.95,549663
2021-06-23 09:36:05,1004.9,549673
2021-06-23 09:36:06,1004.9,549693
2021-06-23 09:36:07,1004.55,549694
2021-06-23 09:36:07,1004.55,549694
2021-06-23 09:36:08,1004.55,549794
2021-06-23 09:36:10,1004.55,549794
2021-06-23 09:36:11,1004.55,549800
2021-06-23 09:36:12,1004.55,549970
2021-06-23 09:36:12,1004.55,549970
2021-06-23 09:36:13,1004.55,549981
2021-06-23 09:36:15,1004.55,550181
2021-06-23 09:36:16,1004.55,550181
2021-06-23 09:36:17,1004.5,550251
2021-06-23 09:36:17,1004.5,550251
2021-06-23 09:36:18,1004.5,550251
2021-06-23 09:36:20,1004.55,550756
2021-06-23 09:36:21,1004.55,550881
2021-06-23 09:36:22,1004.55,550881
2021-06-23 09:36:23,1004.55,550881
2021-06-23 09:36:24,1004.55,550881
2021-06-23 09:36:25,1004.55,550911
2021-06-23 09:36:26,1004.55,550933
2021-06-23 09:36:27,1004.55,550933
2021-06-23 09:36:29,1004.55,550933
2021-06-23 09:36:30,1004.55,550933
2021-06-23 09:36:31,1004.85,550987
2021-06-23 09:36:31,1004.85,550987
2021-06-23 09:36:32,1004.65,550999
2021-06-23 09:36:33,1004.65,551007
2021-06-23 09:36:35,1005.0,551037
2021-06-23 09:36:36,1004.65,551122
2021-06-23 09:36:37,1004.65,551148
2021-06-23 09:36:38,1004.7,551166
2021-06-23 09:36:39,1004.8,551196
2021-06-23 09:36:39,1004.7,551166
2021-06-23 09:36:41,1004.55,551221
2021-06-23 09:36:42,1004.55,551321
2021-06-23 09:36:43,1004.55,551321
2021-06-23 09:36:43,1004.55,551321
2021-06-23 09:36:44,1004.8,551433
2021-06-23 09:36:46,1004.95,551453
2021-06-23 09:36:47,1004.95,551455
2021-06-23 09:36:48,1004.95,551455
2021-06-23 09:36:49,1004.95,551462
2021-06-23 09:36:51,1005.1,553215
2021-06-23 09:36:53,1005.35,553235
2021-06-23 09:36:53,1005.0,553275
2021-06-23 09:36:54,1005.8,554575
2021-06-23 09:36:56,1005.8,554575
2021-06-23 09:36:57,1005.15,554595
2021-06-23 09:36:58,1005.3,554645
2021-06-23 09:36:59,1005.3,554669
2021-06-23 09:36:59,1005.3,554669
2021-06-23 09:37:00,1005.4,554749
2021-06-23 09:37:02,1005.9,554750
2021-06-23 09:37:03,1005.45,554751
2021-06-23 09:37:04,1006.0,554984
2021-06-23 09:37:05,1005.45,554985
2021-06-23 09:37:06,1006.45,555585
2021-06-23 09:37:08,1006.35,555600
2021-06-23 09:37:09,1006.35,555602
2021-06-23 09:37:10,1006.35,555606
2021-06-23 09:37:11,1006.35,555612
2021-06-23 09:37:12,1006.35,555680
2021-06-23 09:37:12,1006.35,555690
2021-06-23 09:37:13,1006.5,555811
2021-06-23 09:37:15,1006.0,555993
2021-06-23 09:37:16,1006.25,556064
2021-06-23 09:37:17,1006.3,556075
2021-06-23 09:37:18,1005.85,556950
2021-06-23 09:37:18,1005.85,556950
2021-06-23 09:37:20,1006.55,557047
2021-06-23 09:37:21,1006.15,557169
2021-06-23 09:37:22,1006.65,557207
2021-06-23 09:37:23,1006.0,557407
2021-06-23 09:37:23,1006.0,557407
2021-06-23 09:37:25,1007.35,557924
2021-06-23 09:37:26,1007.0,557950
2021-06-23 09:37:27,1007.0,558000
2021-06-23 09:37:28,1006.95,558010
2021-06-23 09:37:30,1007.0,558060
2021-06-23 09:37:31,1007.35,558065
2021-06-23 09:37:32,1006.95,558368
2021-06-23 09:37:33,1007.05,558418
2021-06-23 09:37:34,1007.4,558433
2021-06-23 09:37:36,1007.05,558752
2021-06-23 09:37:37,1007.05,558882
2021-06-23 09:37:38,1007.05,558883
2021-06-23 09:37:39,1007.0,558897
2021-06-23 09:37:40,1007.4,558898
2021-06-23 09:37:41,1007.0,558899
2021-06-23 09:37:42,1007.2,559482
2021-06-23 09:37:43,1007.0,559548
2021-06-23 09:37:44,1007.0,559553
2021-06-23 09:37:45,1007.0,559568
2021-06-23 09:37:45,1007.0,559574
2021-06-23 09:37:47,1006.5,559716
2021-06-23 09:37:48,1006.95,559736
2021-06-23 09:37:49,1006.5,559838
2021-06-23 09:37:50,1006.95,559908
2021-06-23 09:37:51,1006.5,559938
2021-06-23 09:37:51,1006.5,559938
2021-06-23 09:37:53,1006.5,559938
2021-06-23 09:37:54,1006.3,561096
2021-06-23 09:37:55,1006.35,561099
2021-06-23 09:37:56,1006.35,561122
2021-06-23 09:37:56,1006.35,561122
2021-06-23 09:37:58,1006.35,561122
2021-06-23 09:38:00,1006.35,561122
2021-06-23 09:38:01,1006.8,561133
2021-06-23 09:38:02,1006.8,561133
2021-06-23 09:38:02,1006.8,561133
2021-06-23 09:38:05,1006.3,561288
2021-06-23 09:38:06,1006.35,561299
2021-06-23 09:38:07,1006.3,561314
2021-06-23 09:38:08,1006.3,561314
2021-06-23 09:38:10,1006.0,562191
2021-06-23 09:38:11,1006.25,562212
2021-06-23 09:38:12,1006.25,562212
2021-06-23 09:38:12,1006.25,562212
2021-06-23 09:38:15,1006.7,562265
2021-06-23 09:38:16,1006.7,562265
2021-06-23 09:38:17,1006.3,562418
2021-06-23 09:38:18,1006.0,562754
2021-06-23 09:38:18,1006.0,562754
2021-06-23 09:38:20,1006.1,562785
2021-06-23 09:38:21,1006.0,562900
2021-06-23 09:38:22,1006.0,562900
2021-06-23 09:38:23,1006.0,562900
2021-06-23 09:38:23,1006.0,562900
2021-06-23 09:38:25,1006.1,562910
2021-06-23 09:38:26,1006.4,562919
2021-06-23 09:38:27,1006.1,562941
2021-06-23 09:38:28,1006.1,562958
2021-06-23 09:38:29,1006.1,562958
2021-06-23 09:38:30,1006.4,562968
2021-06-23 09:38:31,1006.4,562968
2021-06-23 09:38:32,1006.15,563072
2021-06-23 09:38:33,1006.15,563072
2021-06-23 09:38:35,1005.95,563104
2021-06-23 09:38:37,1005.95,563162
2021-06-23 09:38:38,1005.95,563162
2021-06-23 09:38:38,1005.95,563169
2021-06-23 09:38:40,1006.4,563175
2021-06-23 09:38:42,1006.4,563177
2021-06-23 09:38:43,1006.0,563547
2021-06-23 09:38:45,1006.0,563547
2021-06-23 09:38:46,1006.35,563552
2021-06-23 09:38:47,1006.35,563554
2021-06-23 09:38:48,1006.3,563556
2021-06-23 09:38:49,1006.3,563556
2021-06-23 09:38:51,1006.0,563569
2021-06-23 09:38:51,1006.0,563569
2021-06-23 09:38:53,1006.0,563569
2021-06-23 09:38:54,1006.4,563677
2021-06-23 09:38:56,1006.0,563704
2021-06-23 09:38:56,1006.0,563704
2021-06-23 09:38:57,1006.0,563704
2021-06-23 09:38:59,1006.0,563704
2021-06-23 09:39:00,1006.0,563704
2021-06-23 09:39:01,1006.3,564402
2021-06-23 09:39:02,1006.3,564403
2021-06-23 09:39:02,1006.3,564403
2021-06-23 09:39:04,1006.3,564403
2021-06-23 09:39:05,1006.5,564413
2021-06-23 09:39:06,1006.5,564413
2021-06-23 09:39:07,1006.4,564535
2021-06-23 09:39:09,1006.4,564535
2021-06-23 09:39:10,1006.5,564565
2021-06-23 09:39:11,1006.5,564571
2021-06-23 09:39:12,1006.5,564571
2021-06-23 09:39:13,1006.3,564629
2021-06-23 09:39:14,1006.3,564629
2021-06-23 09:39:15,1006.5,564653
2021-06-23 09:39:16,1006.5,564799
2021-06-23 09:39:17,1006.5,564826
2021-06-23 09:39:18,1006.45,564827
2021-06-23 09:39:19,1006.8,564882
2021-06-23 09:39:20,1006.5,565082
2021-06-23 09:39:21,1006.5,565083
2021-06-23 09:39:22,1006.5,565133
2021-06-23 09:39:23,1006.8,565288
2021-06-23 09:39:24,1006.55,565299
2021-06-23 09:39:25,1006.55,565311
2021-06-23 09:39:26,1006.55,565311
2021-06-23 09:39:27,1006.5,565341
2021-06-23 09:39:28,1006.5,565343
2021-06-23 09:39:29,1006.55,565426
2021-06-23 09:39:30,1006.95,568413
2021-06-23 09:39:31,1007.5,568478
2021-06-23 09:39:33,1007.5,568698
2021-06-23 09:39:35,1007.45,568798
2021-06-23 09:39:36,1007.85,569111
2021-06-23 09:39:37,1007.85,569111
2021-06-23 09:39:38,1007.85,569111
2021-06-23 09:39:39,1007.85,569161
2021-06-23 09:39:40,1007.85,569167
2021-06-23 09:39:41,1007.85,569167
2021-06-23 09:39:42,1007.5,569173
2021-06-23 09:39:43,1007.55,569225
2021-06-23 09:39:44,1007.85,569232
2021-06-23 09:39:45,1007.55,569233
2021-06-23 09:39:46,1007.5,569397
2021-06-23 09:39:47,1008.05,569906
2021-06-23 09:39:48,1008.05,569906
2021-06-23 09:39:49,1008.05,569974
2021-06-23 09:39:50,1008.4,570793
2021-06-23 09:39:51,1008.0,570808
2021-06-23 09:39:52,1008.0,570808
2021-06-23 09:39:53,1008.0,570815
2021-06-23 09:39:54,1007.95,570927
2021-06-23 09:39:55,1007.7,570951
2021-06-23 09:39:56,1007.85,571545
2021-06-23 09:39:57,1008.0,572224
2021-06-23 09:39:58,1008.0,572224
2021-06-23 09:39:59,1008.45,572731
2021-06-23 09:40:00,1008.35,572751
2021-06-23 09:40:01,1008.45,572767
2021-06-23 09:40:02,1008.05,572779
2021-06-23 09:40:03,1008.0,572799
2021-06-23 09:40:04,1008.0,572799
2021-06-23 09:40:05,1008.4,572842
2021-06-23 09:40:06,1008.0,573008
2021-06-23 09:40:07,1008.0,573023
2021-06-23 09:40:08,1008.4,573143
2021-06-23 09:40:09,1008.45,573148
2021-06-23 09:40:10,1008.45,573148
2021-06-23 09:40:11,1008.45,573148
2021-06-23 09:40:12,1008.5,573454
2021-06-23 09:40:13,1008.5,573454
2021-06-23 09:40:14,1008.5,573454
2021-06-23 09:40:15,1008.55,573455
2021-06-23 09:40:17,1008.0,573497
2021-06-23 09:40:18,1008.4,574254
2021-06-23 09:40:19,1007.85,574264
2021-06-23 09:40:20,1007.85,574264
2021-06-23 09:40:21,1008.45,574271
2021-06-23 09:40:22,1008.5,574371
2021-06-23 09:40:23,1008.6,574578
2021-06-23 09:40:24,1008.6,574597
2021-06-23 09:40:25,1008.6,574597
2021-06-23 09:40:27,1008.4,574778
2021-06-23 09:40:28,1008.0,574784
2021-06-23 09:40:29,1008.0,574784
2021-06-23 09:40:30,1008.0,574784
2021-06-23 09:40:31,1008.6,574941
2021-06-23 09:40:32,1008.6,574941
2021-06-23 09:40:33,1008.6,574941
2021-06-23 09:40:34,1008.0,574973
2021-06-23 09:40:35,1008.4,574986
2021-06-23 09:40:36,1008.4,574986
2021-06-23 09:40:37,1007.85,575138
2021-06-23 09:40:38,1007.8,575240
2021-06-23 09:40:39,1008.4,575782
2021-06-23 09:40:40,1008.4,575782
2021-06-23 09:40:41,1008.45,575788
2021-06-23 09:40:42,1008.45,576074
2021-06-23 09:40:43,1008.45,576074
2021-06-23 09:40:44,1008.1,576099
2021-06-23 09:40:45,1008.05,576199
2021-06-23 09:40:46,1008.5,576209
2021-06-23 09:40:47,1008.6,576309
2021-06-23 09:40:48,1008.05,576313
2021-06-23 09:40:49,1008.05,576313
2021-06-23 09:40:50,1008.1,576339
2021-06-23 09:40:51,1008.1,576340
2021-06-23 09:40:52,1008.1,576340
2021-06-23 09:40:53,1008.4,576640
2021-06-23 09:40:54,1008.0,576766
2021-06-23 09:40:55,1008.0,577766
2021-06-23 09:40:56,1008.0,577766
2021-06-23 09:40:57,1007.65,577919
2021-06-23 09:40:58,1007.65,577976
2021-06-23 09:41:00,1007.6,577989
2021-06-23 09:41:01,1007.6,577989
2021-06-23 09:41:02,1007.6,577989
2021-06-23 09:41:03,1007.55,578039
2021-06-23 09:41:04,1007.55,578039
2021-06-23 09:41:05,1007.55,578039
2021-06-23 09:41:08,1007.65,578064
2021-06-23 09:41:10,1007.95,578089
2021-06-23 09:41:11,1007.5,578176
2021-06-23 09:41:12,1007.55,578341
2021-06-23 09:41:13,1007.55,578341
2021-06-23 09:41:14,1007.55,578341
2021-06-23 09:41:15,1008.0,578371
2021-06-23 09:41:16,1008.0,578410
2021-06-23 09:41:17,1008.0,578567
2021-06-23 09:41:18,1008.0,578567
2021-06-23 09:41:19,1007.7,578618
2021-06-23 09:41:20,1008.0,578668
2021-06-23 09:41:21,1008.0,578668
2021-06-23 09:41:22,1008.0,578668
2021-06-23 09:41:23,1008.0,578668
2021-06-23 09:41:25,1007.95,578669
2021-06-23 09:41:27,1008.0,579076
2021-06-23 09:41:27,1008.0,579076
2021-06-23 09:41:28,1008.0,579078
2021-06-23 09:41:29,1008.0,579103
2021-06-23 09:41:30,1008.0,579103
2021-06-23 09:41:31,1008.0,579103
2021-06-23 09:41:33,1008.0,579113
2021-06-23 09:41:33,1008.0,579113
2021-06-23 09:41:34,1008.35,579120
2021-06-23 09:41:35,1008.35,579120
2021-06-23 09:41:36,1008.0,579140
2021-06-23 09:41:37,1008.5,579166
2021-06-23 09:41:38,1008.5,579169
2021-06-23 09:41:39,1008.1,579211
2021-06-23 09:41:40,1008.1,579211
2021-06-23 09:41:41,1008.1,579211
2021-06-23 09:41:42,1008.5,579276
2021-06-23 09:41:43,1008.35,579336
2021-06-23 09:41:44,1008.5,579451
2021-06-23 09:41:46,1008.05,579548
2021-06-23 09:41:46,1008.05,579548
2021-06-23 09:41:47,1008.5,579575
2021-06-23 09:41:49,1008.5,579675
2021-06-23 09:41:50,1008.5,579676
2021-06-23 09:41:51,1008.05,579731
2021-06-23 09:41:52,1008.75,580393
2021-06-23 09:41:53,1008.75,580393
2021-06-23 09:41:54,1008.75,580393
2021-06-23 09:41:55,1008.3,580413
2021-06-23 09:41:56,1008.2,580422
2021-06-23 09:41:57,1008.5,580429
2021-06-23 09:41:58,1008.05,580789
2021-06-23 09:42:00,1008.75,580799
2021-06-23 09:42:00,1008.75,580799
2021-06-23 09:42:01,1008.2,580850
2021-06-23 09:42:02,1008.7,580852
2021-06-23 09:42:03,1008.8,581002
2021-06-23 09:42:04,1008.7,581027
2021-06-23 09:42:05,1008.2,581061
2021-06-23 09:42:06,1008.2,581091
2021-06-23 09:42:07,1008.2,581091
2021-06-23 09:42:09,1008.2,581144
2021-06-23 09:42:10,1008.2,581144
2021-06-23 09:42:11,1008.2,581144
2021-06-23 09:42:11,1008.2,581144
2021-06-23 09:42:12,1008.1,581151
2021-06-23 09:42:13,1008.1,581151
2021-06-23 09:42:15,1008.5,581298
2021-06-23 09:42:15,1008.05,581288
2021-06-23 09:42:16,1008.05,581300
2021-06-23 09:42:17,1008.4,581335
2021-06-23 09:42:19,1008.4,581396
2021-06-23 09:42:20,1008.05,581397
2021-06-23 09:42:21,1008.05,581407
2021-06-23 09:42:22,1008.0,581707
2021-06-23 09:42:23,1008.2,581808
2021-06-23 09:42:24,1007.65,582206
2021-06-23 09:42:25,1007.65,582206
2021-06-23 09:42:26,1008.25,582213
2021-06-23 09:42:27,1007.75,582235
2021-06-23 09:42:28,1007.75,582235
2021-06-23 09:42:29,1007.8,582377
2021-06-23 09:42:30,1008.75,582627
2021-06-23 09:42:31,1008.75,582627
2021-06-23 09:42:32,1008.1,582657
2021-06-23 09:42:34,1008.1,582657
2021-06-23 09:42:34,1008.0,582666
2021-06-23 09:42:35,1008.0,582676
2021-06-23 09:42:36,1008.0,582794
2021-06-23 09:42:37,1008.6,582894
2021-06-23 09:42:39,1008.6,582894
2021-06-23 09:42:39,1008.6,582894
2021-06-23 09:42:41,1008.5,582919
2021-06-23 09:42:42,1008.5,582919
2021-06-23 09:42:43,1008.1,582929
2021-06-23 09:42:43,1008.0,583254
2021-06-23 09:42:44,1008.25,583341
2021-06-23 09:42:45,1008.25,583341
2021-06-23 09:42:46,1008.0,583349
2021-06-23 09:42:47,1008.0,583363
2021-06-23 09:42:48,1008.0,583363
2021-06-23 09:42:49,1008.0,583363
2021-06-23 09:42:50,1008.0,583364
2021-06-23 09:42:52,1008.0,583465
2021-06-23 09:42:53,1008.0,583465
2021-06-23 09:42:53,1008.0,583465
2021-06-23 09:42:54,1008.0,583470
2021-06-23 09:42:55,1008.0,583471
2021-06-23 09:42:56,1008.0,583506
2021-06-23 09:42:57,1008.0,583507
2021-06-23 09:42:58,1008.0,583507
2021-06-23 09:42:59,1008.05,584363
2021-06-23 09:43:00,1008.0,584371
2021-06-23 09:43:01,1008.0,584422
2021-06-23 09:43:02,1008.0,584423
2021-06-23 09:43:03,1008.15,584776
2021-06-23 09:43:04,1007.65,584778
2021-06-23 09:43:06,1007.65,584778
2021-06-23 09:43:06,1007.65,584779
2021-06-23 09:43:07,1007.65,584779
2021-06-23 09:43:08,1007.65,584780
2021-06-23 09:43:09,1007.65,584899
2021-06-23 09:43:10,1007.65,584899
2021-06-23 09:43:11,1007.55,585074
2021-06-23 09:43:12,1007.6,585075
2021-06-23 09:43:14,1007.7,585187
2021-06-23 09:43:15,1007.7,585187
2021-06-23 09:43:15,1007.55,585188
2021-06-23 09:43:16,1007.6,585189
2021-06-23 09:43:17,1007.65,585191
2021-06-23 09:43:18,1007.6,585192
2021-06-23 09:43:19,1007.6,585198
2021-06-23 09:43:20,1007.65,585237
2021-06-23 09:43:21,1007.65,585240
2021-06-23 09:43:23,1007.65,585240
2021-06-23 09:43:24,1007.7,585584
2021-06-23 09:43:24,1007.7,585584
2021-06-23 09:43:25,1007.7,585655
2021-06-23 09:43:26,1007.7,585655
2021-06-23 09:43:27,1007.7,585655
2021-06-23 09:43:28,1007.7,585655
2021-06-23 09:43:29,1007.65,585657
2021-06-23 09:43:32,1007.7,586067
2021-06-23 09:43:34,1007.7,586067
2021-06-23 09:43:35,1007.7,586068
2021-06-23 09:43:35,1007.7,586168
2021-06-23 09:43:36,1007.7,586168
2021-06-23 09:43:37,1007.75,586834
2021-06-23 09:43:38,1007.65,586884
2021-06-23 09:43:39,1007.65,586884
2021-06-23 09:43:41,1007.65,586884
2021-06-23 09:43:41,1007.95,587089
2021-06-23 09:43:43,1007.55,587501
2021-06-23 09:43:44,1007.55,587601
2021-06-23 09:43:45,1008.15,587641
2021-06-23 09:43:46,1008.15,587641
2021-06-23 09:43:47,1008.15,587641
2021-06-23 09:43:48,1007.55,587644
2021-06-23 09:43:49,1008.15,587650
2021-06-23 09:43:50,1008.0,587651
2021-06-23 09:43:51,1008.0,587654
2021-06-23 09:43:52,1008.0,587756
2021-06-23 09:43:53,1007.55,587777
2021-06-23 09:43:53,1006.65,590922
2021-06-23 09:43:54,1007.0,590932
2021-06-23 09:43:55,1006.05,591848
2021-06-23 09:43:56,1006.05,591871
2021-06-23 09:43:57,1006.0,591971
2021-06-23 09:43:59,1006.0,591981
2021-06-23 09:44:01,1006.0,591981
2021-06-23 09:44:03,1006.0,592215
2021-06-23 09:44:05,1006.2,592231
2021-06-23 09:44:06,1006.0,592331
2021-06-23 09:44:07,1006.75,592532
2021-06-23 09:44:08,1006.75,592532
2021-06-23 09:44:10,1006.75,592532
2021-06-23 09:44:11,1006.3,592583
2021-06-23 09:44:11,1006.3,592583
2021-06-23 09:44:12,1006.3,592583
2021-06-23 09:44:13,1006.05,593033
2021-06-23 09:44:15,1006.05,593053
2021-06-23 09:44:16,1006.0,593078
2021-06-23 09:44:17,1006.0,593301
2021-06-23 09:44:18,1006.15,593302
2021-06-23 09:44:18,1006.15,593303
2021-06-23 09:44:19,1006.0,593335
2021-06-23 09:44:20,1006.15,593341
2021-06-23 09:44:21,1006.5,593510
2021-06-23 09:44:22,1006.5,593510
2021-06-23 09:44:24,1006.4,593560
2021-06-23 09:44:25,1006.4,593560
2021-06-23 09:44:26,1006.4,593560
2021-06-23 09:44:27,1006.4,593560
2021-06-23 09:44:28,1006.4,593560
2021-06-23 09:44:29,1006.35,593581
2021-06-23 09:44:30,1006.35,593583
2021-06-23 09:44:31,1006.3,593784
2021-06-23 09:44:31,1006.3,593785
2021-06-23 09:44:32,1006.25,593786
2021-06-23 09:44:33,1005.8,593861
2021-06-23 09:44:34,1005.8,593861
2021-06-23 09:44:35,1005.8,593861
2021-06-23 09:44:36,1006.5,594509
2021-06-23 09:44:37,1006.0,594540
2021-06-23 09:44:40,1006.0,594540
2021-06-23 09:44:41,1006.0,594670
2021-06-23 09:44:43,1006.05,594732
2021-06-23 09:44:43,1006.0,594832
2021-06-23 09:44:44,1006.0,595291
2021-06-23 09:44:45,1006.0,595291
2021-06-23 09:44:46,1006.6,595293
2021-06-23 09:44:48,1006.75,595320
2021-06-23 09:44:49,1006.85,595322
2021-06-23 09:44:50,1006.8,595374
2021-06-23 09:44:51,1006.75,595377
2021-06-23 09:44:52,1006.75,595391
2021-06-23 09:44:53,1006.5,595393
2021-06-23 09:44:54,1006.5,595408
2021-06-23 09:44:55,1006.5,595411
2021-06-23 09:44:57,1006.0,595434
2021-06-23 09:44:58,1006.0,595434
2021-06-23 09:44:59,1006.45,595436
2021-06-23 09:45:00,1006.0,595440
2021-06-23 09:45:01,1006.0,595440
2021-06-23 09:45:02,1006.0,595475
2021-06-23 09:45:03,1006.25,595476
2021-06-23 09:45:04,1006.25,595477
2021-06-23 09:45:05,1006.25,595505
2021-06-23 09:45:06,1005.8,595529
2021-06-23 09:45:07,1006.25,595530
2021-06-23 09:45:08,1006.25,595541
2021-06-23 09:45:10,1006.0,595544
2021-06-23 09:45:10,1006.0,595546
2021-06-23 09:45:11,1006.0,595557
2021-06-23 09:45:12,1006.0,595559
2021-06-23 09:45:13,1005.8,595761
2021-06-23 09:45:14,1006.0,595813
2021-06-23 09:45:15,1006.0,595822
2021-06-23 09:45:16,1006.0,595822
2021-06-23 09:45:17,1005.8,595943
2021-06-23 09:45:18,1005.75,595955
2021-06-23 09:45:19,1005.8,595958
2021-06-23 09:45:20,1005.95,596240
2021-06-23 09:45:21,1005.75,596241
2021-06-23 09:45:22,1005.5,596266
2021-06-23 09:45:24,1005.5,596266
2021-06-23 09:45:25,1005.75,596347
2021-06-23 09:45:25,1005.75,596353
2021-06-23 09:45:26,1005.7,596623
2021-06-23 09:45:27,1005.7,596623
2021-06-23 09:45:28,1006.0,596624
2021-06-23 09:45:30,1005.55,596644
2021-06-23 09:45:32,1006.65,597144
2021-06-23 09:45:33,1005.65,597169
2021-06-23 09:45:34,1006.0,597219
2021-06-23 09:45:35,1006.2,597225
2021-06-23 09:45:36,1006.2,597225
2021-06-23 09:45:37,1006.2,597225
2021-06-23 09:45:37,1005.6,597425
2021-06-23 09:45:39,1006.2,597438
2021-06-23 09:45:40,1006.2,597439
2021-06-23 09:45:41,1006.0,597642
2021-06-23 09:45:42,1006.2,597643
2021-06-23 09:45:43,1006.2,597666
2021-06-23 09:45:44,1006.0,597947
2021-06-23 09:45:45,1005.5,597950
2021-06-23 09:45:46,1005.5,597950
2021-06-23 09:45:47,1006.05,597973
2021-06-23 09:45:48,1006.05,597974
2021-06-23 09:45:49,1006.05,597990
2021-06-23 09:45:50,1006.05,597990
2021-06-23 09:45:51,1005.6,597999
2021-06-23 09:45:52,1006.05,598000
2021-06-23 09:45:52,1006.05,598000
2021-06-23 09:45:53,1006.05,598097
2021-06-23 09:45:55,1006.05,598103
2021-06-23 09:45:56,1005.25,598458
2021-06-23 09:45:57,1005.45,598502
2021-06-23 09:45:58,1006.0,598506
2021-06-23 09:45:59,1006.0,598507
2021-06-23 09:45:59,1006.0,598507
2021-06-23 09:46:01,1005.35,598558
2021-06-23 09:46:02,1005.85,598559
2021-06-23 09:46:03,1005.85,598559
2021-06-23 09:46:04,1005.35,598629
2021-06-23 09:46:05,1005.35,598629
2021-06-23 09:46:06,1005.5,598633
2021-06-23 09:46:07,1005.35,598647
2021-06-23 09:46:08,1005.35,598647
2021-06-23 09:46:09,1005.35,598647
2021-06-23 09:46:10,1005.5,598667
2021-06-23 09:46:10,1005.5,598667
2021-06-23 09:46:11,1005.15,598737
2021-06-23 09:46:12,1005.15,598743
2021-06-23 09:46:14,1005.2,598787
2021-06-23 09:46:15,1005.0,599678
2021-06-23 09:46:16,1005.0,599678
2021-06-23 09:46:17,1005.2,599741
2021-06-23 09:46:18,1005.5,599742
2021-06-23 09:46:19,1005.15,599792
2021-06-23 09:46:20,1005.15,599792
2021-06-23 09:46:21,1005.15,599792
2021-06-23 09:46:22,1005.15,599792
2021-06-23 09:46:23,1005.15,599792
2021-06-23 09:46:24,1005.1,600112
2021-06-23 09:46:25,1005.1,600112
2021-06-23 09:46:26,1005.1,600112
2021-06-23 09:46:27,1005.2,600126
2021-06-23 09:46:28,1005.5,600134
2021-06-23 09:46:29,1005.5,600134
2021-06-23 09:46:30,1005.5,600134
2021-06-23 09:46:32,1005.15,600234
2021-06-23 09:46:33,1005.15,600234
2021-06-23 09:46:34,1005.35,600240
2021-06-23 09:46:35,1005.8,600573
2021-06-23 09:46:36,1005.8,600573
2021-06-23 09:46:37,1005.8,600573
2021-06-23 09:46:37,1005.8,600573
2021-06-23 09:46:38,1005.8,600573
2021-06-23 09:46:39,1005.8,600573
2021-06-23 09:46:40,1005.8,600573
2021-06-23 09:46:41,1005.3,600654
2021-06-23 09:46:42,1005.3,600656
2021-06-23 09:46:43,1005.2,600659
2021-06-23 09:46:44,1005.2,600659
2021-06-23 09:46:46,1005.2,600659
2021-06-23 09:46:47,1005.2,600732
2021-06-23 09:46:48,1005.2,600742
2021-06-23 09:46:49,1005.75,600792
2021-06-23 09:46:50,1005.75,600792
2021-06-23 09:46:51,1005.6,600799
2021-06-23 09:46:52,1005.1,601320
2021-06-23 09:46:52,1005.1,601320
2021-06-23 09:46:54,1005.1,601320
2021-06-23 09:46:55,1005.1,601320
2021-06-23 09:46:56,1005.1,601388
2021-06-23 09:46:57,1005.05,601558
2021-06-23 09:46:58,1005.05,601656
2021-06-23 09:46:59,1005.05,601656
2021-06-23 09:47:00,1005.05,601766
2021-06-23 09:47:01,1005.55,602046
2021-06-23 09:47:01,1005.55,602046
2021-06-23 09:47:02,1005.05,602066
2021-06-23 09:47:04,1005.05,602071
2021-06-23 09:47:06,1005.05,602084
2021-06-23 09:47:07,1005.5,602253
2021-06-23 09:47:07,1005.0,602403
2021-06-23 09:47:09,1005.45,602404
2021-06-23 09:47:09,1005.0,602405
2021-06-23 09:47:11,1005.0,602405
2021-06-23 09:47:12,1005.05,602407
2021-06-23 09:47:13,1005.05,602407
2021-06-23 09:47:14,1005.1,602447
2021-06-23 09:47:15,1005.1,602447
2021-06-23 09:47:18,1004.85,603551
2021-06-23 09:47:19,1004.85,603603
2021-06-23 09:47:20,1004.85,603603
2021-06-23 09:47:20,1004.85,603603
2021-06-23 09:47:21,1004.55,603605
2021-06-23 09:47:22,1004.55,603605
2021-06-23 09:47:23,1004.55,603686
2021-06-23 09:47:25,1004.55,603686
2021-06-23 09:47:26,1004.55,603686
2021-06-23 09:47:27,1004.65,603718
2021-06-23 09:47:27,1004.65,603763
2021-06-23 09:47:29,1004.65,603763
2021-06-23 09:47:31,1005.0,603863
2021-06-23 09:47:32,1005.0,603863
2021-06-23 09:47:33,1005.0,603863
2021-06-23 09:47:34,1004.65,604065
2021-06-23 09:47:37,1005.0,604173
2021-06-23 09:47:37,1005.0,604173
2021-06-23 09:47:39,1004.7,604174
2021-06-23 09:47:40,1004.7,604174
2021-06-23 09:47:41,1004.6,604229
2021-06-23 09:47:42,1004.6,604229
2021-06-23 09:47:43,1004.6,604263
2021-06-23 09:47:44,1004.6,604263
2021-06-23 09:47:45,1004.6,604263
2021-06-23 09:47:46,1004.6,604263
2021-06-23 09:47:47,1004.6,604285
2021-06-23 09:47:48,1004.6,604285
2021-06-23 09:47:48,1004.6,604285
2021-06-23 09:47:50,1005.0,604384
2021-06-23 09:47:51,1004.6,604386
2021-06-23 09:47:52,1005.4,604745
2021-06-23 09:47:53,1005.4,604745
2021-06-23 09:47:54,1005.2,604749
2021-06-23 09:47:55,1005.2,604749
2021-06-23 09:47:56,1005.4,604772
2021-06-23 09:47:57,1005.4,604772
2021-06-23 09:47:58,1005.4,604772
2021-06-23 09:47:59,1005.4,604772
2021-06-23 09:48:00,1005.4,604867
2021-06-23 09:48:01,1005.4,604867
2021-06-23 09:48:02,1005.4,604867
2021-06-23 09:48:03,1005.4,604867
2021-06-23 09:48:04,1005.4,604867
2021-06-23 09:48:05,1005.4,604867
2021-06-23 09:48:06,1005.4,604867
2021-06-23 09:48:07,1005.0,604887
2021-06-23 09:48:08,1005.4,604937
2021-06-23 09:48:09,1005.4,604937
2021-06-23 09:48:09,1004.9,604957
2021-06-23 09:48:10,1004.9,604957
2021-06-23 09:48:11,1004.9,604957
2021-06-23 09:48:12,1004.9,604957
2021-06-23 09:48:14,1005.4,604960
2021-06-23 09:48:15,1005.4,604960
2021-06-23 09:48:16,1005.4,604960
2021-06-23 09:48:17,1004.9,605283
2021-06-23 09:48:18,1004.9,605283
2021-06-23 09:48:19,1004.9,605283
2021-06-23 09:48:19,1004.9,605283
2021-06-23 09:48:20,1004.9,605283
2021-06-23 09:48:22,1004.9,605283
2021-06-23 09:48:23,1005.0,605313
2021-06-23 09:48:24,1005.0,605313
2021-06-23 09:48:25,1005.0,605415
2021-06-23 09:48:26,1005.0,605415
2021-06-23 09:48:27,1005.0,605415
2021-06-23 09:48:27,1004.95,605516
2021-06-23 09:48:28,1004.95,605516
2021-06-23 09:48:30,1004.95,605516
2021-06-23 09:48:31,1004.95,605516
2021-06-23 09:48:32,1005.35,605544
2021-06-23 09:48:34,1005.35,605544
2021-06-23 09:48:35,1005.3,605678
2021-06-23 09:48:36,1005.3,605678
2021-06-23 09:48:37,1004.75,605701
2021-06-23 09:48:38,1004.7,606053
2021-06-23 09:48:39,1004.7,606058
2021-06-23 09:48:40,1004.7,606063
2021-06-23 09:48:41,1004.7,606063
2021-06-23 09:48:42,1004.7,606063
2021-06-23 09:48:44,1004.7,606063
2021-06-23 09:48:45,1004.7,606063
2021-06-23 09:48:46,1004.95,606135
2021-06-23 09:48:47,1004.95,606135
2021-06-23 09:48:48,1004.95,606160
2021-06-23 09:48:48,1004.95,606735
2021-06-23 09:48:51,1004.7,606745
2021-06-23 09:48:52,1004.7,606788
2021-06-23 09:48:53,1004.7,606793
2021-06-23 09:48:54,1004.7,606793
2021-06-23 09:48:55,1004.7,606903
2021-06-23 09:48:56,1004.7,606904
2021-06-23 09:48:57,1004.7,606970
2021-06-23 09:48:58,1004.7,606970
2021-06-23 09:48:59,1004.7,606970
2021-06-23 09:49:00,1004.7,606970
2021-06-23 09:49:01,1004.7,606970
2021-06-23 09:49:02,1004.7,606970
2021-06-23 09:49:03,1004.7,606970
2021-06-23 09:49:04,1005.0,607010
2021-06-23 09:49:05,1005.0,607010
2021-06-23 09:49:05,1005.0,607010
2021-06-23 09:49:06,1004.7,607039
2021-06-23 09:49:07,1004.7,607044
2021-06-23 09:49:10,1004.7,607044
2021-06-23 09:49:11,1005.0,607049
2021-06-23 09:49:12,1005.0,607049
2021-06-23 09:49:13,1005.0,607055
2021-06-23 09:49:14,1005.0,607055
2021-06-23 09:49:15,1005.0,607055
2021-06-23 09:49:16,1005.0,607055
2021-06-23 09:49:17,1004.75,607120
2021-06-23 09:49:18,1005.4,608545
2021-06-23 09:49:19,1005.4,608545
2021-06-23 09:49:20,1004.95,608550
2021-06-23 09:49:21,1005.4,608562
2021-06-23 09:49:22,1005.4,608562
2021-06-23 09:49:23,1005.0,608652
2021-06-23 09:49:24,1005.0,608752
2021-06-23 09:49:25,1005.0,608752
2021-06-23 09:49:26,1005.25,609147
2021-06-23 09:49:27,1004.8,609205
2021-06-23 09:49:28,1004.8,609205
2021-06-23 09:49:29,1004.8,609205
2021-06-23 09:49:30,1004.8,609205
2021-06-23 09:49:31,1004.8,609205
2021-06-23 09:49:32,1005.0,609213
2021-06-23 09:49:33,1005.0,609213
2021-06-23 09:49:34,1005.0,609213
2021-06-23 09:49:35,1005.0,609213
2021-06-23 09:49:36,1005.0,609213
2021-06-23 09:49:37,1004.65,609257
2021-06-23 09:49:38,1004.95,610025
2021-06-23 09:49:38,1004.95,610025
2021-06-23 09:49:39,1004.95,610025
2021-06-23 09:49:40,1004.6,610026
2021-06-23 09:49:41,1004.6,610026
2021-06-23 09:49:43,1004.75,610029
2021-06-23 09:49:44,1004.75,610031
2021-06-23 09:49:45,1004.75,610034
2021-06-23 09:49:46,1004.75,610035
2021-06-23 09:49:47,1004.6,610087
2021-06-23 09:49:48,1004.6,610089
2021-06-23 09:49:48,1004.6,610090
2021-06-23 09:49:49,1004.6,610092
2021-06-23 09:49:51,1004.6,610146
2021-06-23 09:49:52,1004.55,610151
2021-06-23 09:49:54,1004.5,610481
2021-06-23 09:49:55,1004.7,610483
2021-06-23 09:49:56,1004.7,610486
2021-06-23 09:49:57,1004.95,610523
2021-06-23 09:49:58,1004.7,610524
2021-06-23 09:49:59,1004.7,610529
2021-06-23 09:50:00,1004.7,610529
2021-06-23 09:50:01,1004.7,610534
2021-06-23 09:50:02,1004.7,610536
2021-06-23 09:50:03,1004.7,610553
2021-06-23 09:50:04,1004.7,610555
2021-06-23 09:50:05,1004.7,610557
2021-06-23 09:50:06,1004.7,610602
2021-06-23 09:50:07,1005.0,610628
2021-06-23 09:50:08,1005.0,610630
2021-06-23 09:50:09,1005.0,610631
2021-06-23 09:50:10,1005.0,610631
2021-06-23 09:50:11,1005.0,610633
2021-06-23 09:50:12,1005.0,610635
2021-06-23 09:50:13,1005.0,610637
2021-06-23 09:50:14,1005.0,610639
2021-06-23 09:50:15,1005.0,610720
2021-06-23 09:50:16,1005.0,610720
2021-06-23 09:50:17,1004.6,610723
2021-06-23 09:50:18,1004.5,610783
2021-06-23 09:50:21,1004.95,610837
2021-06-23 09:50:24,1005.0,610841
2021-06-23 09:50:29,1005.0,610904
2021-06-23 09:50:34,1005.0,610913
2021-06-23 09:50:39,1004.55,611056
2021-06-23 09:50:43,1004.65,611909
2021-06-23 09:50:48,1004.75,611943
2021-06-23 09:50:52,1005.0,611968
2021-06-23 09:50:57,1004.75,612146
2021-06-23 09:51:01,1005.0,612246
2021-06-23 09:51:06,1005.0,612349
2021-06-23 09:51:11,1005.15,612805
2021-06-23 09:51:15,1005.0,612855
2021-06-23 09:51:20,1005.0,612920
2021-06-23 09:51:24,1005.05,612956
2021-06-23 09:51:33,1005.45,613213
2021-06-23 09:51:38,1005.05,613236
2021-06-23 09:51:42,1005.5,613406
2021-06-23 09:51:47,1005.05,613443
2021-06-23 09:51:52,1005.5,613734
2021-06-23 09:51:56,1005.5,613799
2021-06-23 09:52:01,1005.0,613843
2021-06-23 09:52:06,1005.1,613984
2021-06-23 09:52:16,1005.45,614139
2021-06-23 09:52:20,1005.1,614289
2021-06-23 09:52:25,1005.05,614599
2021-06-23 09:52:29,1004.5,614622
2021-06-23 09:52:34,1004.5,614809
2021-06-23 09:52:38,1004.5,614850
2021-06-23 09:52:43,1004.6,614891
2021-06-23 09:52:48,1004.6,615033
2021-06-23 09:52:53,1004.6,615082
2021-06-23 09:52:58,1005.3,615382
2021-06-23 09:53:03,1005.3,615394
2021-06-23 09:53:09,1004.95,615451
2021-06-23 09:53:14,1004.95,615656
2021-06-23 09:53:18,1004.75,615708
2021-06-23 09:53:24,1005.15,615798
2021-06-23 09:53:28,1004.7,615827
2021-06-23 09:53:33,1005.0,615998
2021-06-23 09:53:37,1004.7,616021
2021-06-23 09:53:42,1004.7,616027
2021-06-23 09:53:47,1004.8,616879
2021-06-23 09:53:52,1005.0,616889
2021-06-23 09:53:56,1004.6,616932
2021-06-23 09:54:02,1004.75,617048
2021-06-23 09:54:07,1005.25,617142
2021-06-23 09:54:17,1004.9,617188
2021-06-23 09:54:22,1004.8,617700
2021-06-23 09:54:27,1004.5,617794
2021-06-23 09:54:32,1004.85,617823
2021-06-23 09:54:37,1004.5,617896
2021-06-23 09:54:42,1004.5,617923
2021-06-23 09:54:52,1004.95,618213
2021-06-23 09:54:57,1004.5,618236
2021-06-23 09:55:01,1004.6,618335
2021-06-23 09:55:07,1004.3,619849
2021-06-23 09:55:12,1004.2,620925
2021-06-23 09:55:17,1004.05,621064
2021-06-23 09:55:23,1004.9,622196
2021-06-23 09:55:23,1004.9,622196
2021-06-23 09:55:24,1004.9,622196
2021-06-23 09:55:25,1004.2,622203
2021-06-23 09:55:26,1004.2,622203
2021-06-23 09:55:27,1004.2,622248
2021-06-23 09:55:28,1004.2,622248
2021-06-23 09:55:30,1004.2,622248
2021-06-23 09:55:31,1004.2,622249
2021-06-23 09:55:33,1004.2,622249
2021-06-23 09:55:34,1004.2,622249
2021-06-23 09:55:35,1004.75,622343
2021-06-23 09:55:35,1004.35,622593
2021-06-23 09:55:36,1004.4,622604
2021-06-23 09:55:37,1004.4,622604
2021-06-23 09:55:38,1004.75,622614
2021-06-23 09:55:39,1004.75,622614
2021-06-23 09:55:40,1004.75,622614
2021-06-23 09:55:41,1004.75,622614
2021-06-23 09:55:42,1004.75,622614
2021-06-23 09:55:43,1004.75,622614
2021-06-23 09:55:45,1004.75,622614
2021-06-23 09:55:46,1004.75,622620
2021-06-23 09:55:46,1004.75,622620
2021-06-23 09:55:48,1004.75,622648
2021-06-23 09:55:49,1004.75,622648
2021-06-23 09:55:50,1004.75,622655
2021-06-23 09:55:51,1004.75,622657
2021-06-23 09:55:53,1004.75,622657
2021-06-23 09:55:54,1004.75,622657
2021-06-23 09:55:55,1004.4,623078
2021-06-23 09:55:56,1004.4,623078
2021-06-23 09:55:57,1004.4,623101
2021-06-23 09:55:58,1004.4,623101
2021-06-23 09:55:58,1004.75,623108
2021-06-23 09:56:01,1004.4,623123
2021-06-23 09:56:02,1004.75,623127
2021-06-23 09:56:03,1004.5,623143
2021-06-23 09:56:04,1004.75,623162
2021-06-23 09:56:05,1004.75,623195
2021-06-23 09:56:06,1004.75,623199
2021-06-23 09:56:08,1004.5,623255
2021-06-23 09:56:09,1004.5,623255
2021-06-23 09:56:10,1004.7,623447
2021-06-23 09:56:11,1004.7,623454
2021-06-23 09:56:12,1004.4,623964
2021-06-23 09:56:13,1004.5,624264
2021-06-23 09:56:14,1003.85,624419
2021-06-23 09:56:14,1003.85,624419
2021-06-23 09:56:16,1004.45,624422
2021-06-23 09:56:17,1003.9,624443
2021-06-23 09:56:18,1003.9,624443
2021-06-23 09:56:19,1003.9,624443
2021-06-23 09:56:21,1003.9,624443
2021-06-23 09:56:22,1003.8,624446
2021-06-23 09:56:23,1003.8,624446
2021-06-23 09:56:24,1003.8,624446
2021-06-23 09:56:25,1003.8,624446
2021-06-23 09:56:26,1003.8,624453
2021-06-23 09:56:27,1003.8,624462
2021-06-23 09:56:28,1003.8,624462
2021-06-23 09:56:29,1003.6,624586
2021-06-23 09:56:29,1003.8,624462
2021-06-23 09:56:32,1002.8,626584
2021-06-23 09:56:33,1002.8,626584
2021-06-23 09:56:34,1003.45,626611
2021-06-23 09:56:35,1003.45,626625
2021-06-23 09:56:36,1003.45,626653
2021-06-23 09:56:37,1003.45,626714
2021-06-23 09:56:38,1003.45,626714
2021-06-23 09:56:39,1003.45,626714
2021-06-23 09:56:40,1003.45,626714
2021-06-23 09:56:41,1003.45,626714
2021-06-23 09:56:43,1003.45,626714
2021-06-23 09:56:43,1003.45,626714
2021-06-23 09:56:44,1003.45,626714
2021-06-23 09:56:46,1003.0,626764
2021-06-23 09:56:47,1003.0,626786
2021-06-23 09:56:49,1003.45,626814
2021-06-23 09:56:48,1003.15,626807
2021-06-23 09:56:50,1003.45,626814
2021-06-23 09:56:51,1003.45,626821
2021-06-23 09:56:51,1003.45,626841
2021-06-23 09:56:53,1003.0,626941
2021-06-23 09:56:54,1003.0,626941
2021-06-23 09:56:55,1003.0,626942
2021-06-23 09:56:56,1003.45,626992
2021-06-23 09:56:57,1003.0,627063
2021-06-23 09:56:58,1003.1,627098
2021-06-23 09:56:59,1003.1,627098
2021-06-23 09:57:00,1003.45,627119
2021-06-23 09:57:01,1003.1,627219
2021-06-23 09:57:02,1003.1,627240
2021-06-23 09:57:03,1003.45,627255
2021-06-23 09:57:04,1003.3,627536
2021-06-23 09:57:05,1003.8,627563
2021-06-23 09:57:06,1003.8,627563
2021-06-23 09:57:07,1003.45,627564
2021-06-23 09:57:08,1003.8,627657
2021-06-23 09:57:09,1003.9,627671
2021-06-23 09:57:10,1003.35,627676
2021-06-23 09:57:11,1003.9,627686
2021-06-23 09:57:12,1003.35,627690
2021-06-23 09:57:13,1003.9,627710
2021-06-23 09:57:14,1003.85,627740
2021-06-23 09:57:15,1003.85,627740
2021-06-23 09:57:16,1003.65,627745
2021-06-23 09:57:17,1003.35,627768
2021-06-23 09:57:18,1003.35,627768
2021-06-23 09:57:19,1003.35,627768
2021-06-23 09:57:20,1003.65,627778
2021-06-23 09:57:21,1003.65,627778
2021-06-23 09:57:22,1003.35,627779
2021-06-23 09:57:23,1003.8,627907
2021-06-23 09:57:24,1003.9,628023
2021-06-23 09:57:25,1003.9,628023
2021-06-23 09:57:26,1004.0,628674
2021-06-23 09:57:26,1004.0,628674
2021-06-23 09:57:27,1004.5,628676
2021-06-23 09:57:29,1003.9,628712
2021-06-23 09:57:30,1003.9,628712
2021-06-23 09:57:31,1003.9,628712
2021-06-23 09:57:32,1003.9,628712
2021-06-23 09:57:33,1003.9,628712
2021-06-23 09:57:34,1003.9,628712
2021-06-23 09:57:35,1004.25,628843
2021-06-23 09:57:36,1004.25,628843
2021-06-23 09:57:37,1004.25,628843
2021-06-23 09:57:38,1004.25,628843
2021-06-23 09:57:39,1004.7,628888
2021-06-23 09:57:40,1004.7,628888
2021-06-23 09:57:41,1004.7,628888
2021-06-23 09:57:41,1004.7,628888
2021-06-23 09:57:42,1004.25,628909
2021-06-23 09:57:43,1004.7,628910
2021-06-23 09:57:44,1004.7,628910
2021-06-23 09:57:46,1004.7,628910
2021-06-23 09:57:47,1004.25,628913
2021-06-23 09:57:48,1004.2,628958
2021-06-23 09:57:49,1004.2,628958
2021-06-23 09:57:50,1004.2,628958
2021-06-23 09:57:52,1004.2,629062
2021-06-23 09:57:54,1004.2,629062
2021-06-23 09:57:55,1004.25,629072
2021-06-23 09:57:56,1004.0,629073
2021-06-23 09:57:58,1004.3,629172
2021-06-23 09:58:00,1004.3,629207
2021-06-23 09:58:01,1004.3,629207
2021-06-23 09:58:02,1004.3,629207
2021-06-23 09:58:03,1004.2,629209
2021-06-23 09:58:04,1004.2,629209
2021-06-23 09:58:05,1003.9,629309
2021-06-23 09:58:06,1003.9,629312
2021-06-23 09:58:06,1003.9,629334
2021-06-23 09:58:07,1004.2,629353
2021-06-23 09:58:08,1004.2,629353
2021-06-23 09:58:09,1004.2,629353
2021-06-23 09:58:11,1004.2,629359
2021-06-23 09:58:13,1004.2,629359
2021-06-23 09:58:14,1004.2,629359
2021-06-23 09:58:14,1004.2,629359
2021-06-23 09:58:15,1004.2,629359
2021-06-23 09:58:17,1003.75,629382
2021-06-23 09:58:18,1003.75,629382
2021-06-23 09:58:19,1003.75,629432
2021-06-23 09:58:20,1004.65,629609
2021-06-23 09:58:22,1004.7,629667
2021-06-23 09:58:24,1004.2,629705
2021-06-23 09:58:26,1004.2,629705
2021-06-23 09:58:28,1004.2,629728
2021-06-23 09:58:29,1004.2,629728
2021-06-23 09:58:30,1004.2,629758
2021-06-23 09:58:31,1004.2,629758
2021-06-23 09:58:32,1004.2,629858
2021-06-23 09:58:34,1004.2,629858
2021-06-23 09:58:34,1004.2,629858
2021-06-23 09:58:35,1004.2,629868
2021-06-23 09:58:36,1004.2,629882
2021-06-23 09:58:37,1004.6,630244
2021-06-23 09:58:38,1004.2,630254
2021-06-23 09:58:40,1004.2,630254
2021-06-23 09:58:41,1004.2,630254
2021-06-23 09:58:42,1004.2,630254
2021-06-23 09:58:43,1004.2,630254
2021-06-23 09:58:43,1004.2,630254
2021-06-23 09:58:45,1004.2,630254
2021-06-23 09:58:46,1004.45,630259
2021-06-23 09:58:46,1004.0,630276
2021-06-23 09:58:47,1004.0,630276
2021-06-23 09:58:48,1004.0,630276
2021-06-23 09:58:49,1004.0,630276
2021-06-23 09:58:51,1004.0,630281
2021-06-23 09:58:52,1004.0,630286
2021-06-23 09:58:53,1004.0,630311
2021-06-23 09:58:54,1004.0,630346
2021-06-23 09:58:55,1004.0,630371
2021-06-23 09:58:57,1004.4,630487
2021-06-23 09:58:58,1004.2,630497
2021-06-23 09:58:59,1004.2,630497
2021-06-23 09:59:00,1004.3,630522
2021-06-23 09:59:01,1004.3,630522
2021-06-23 09:59:02,1004.3,630522
2021-06-23 09:59:03,1004.3,630522
2021-06-23 09:59:05,1004.3,630522
2021-06-23 09:59:06,1004.2,630544
2021-06-23 09:59:07,1004.2,630544
2021-06-23 09:59:09,1004.2,630544
2021-06-23 09:59:09,1004.2,630544
2021-06-23 09:59:11,1004.25,630744
2021-06-23 09:59:11,1004.25,630744
2021-06-23 09:59:13,1004.25,630744
2021-06-23 09:59:14,1004.25,630744
2021-06-23 09:59:15,1004.25,630744
2021-06-23 09:59:16,1004.25,630744
2021-06-23 09:59:17,1004.25,630767
2021-06-23 09:59:18,1004.4,630769
2021-06-23 09:59:19,1004.4,630770
2021-06-23 09:59:20,1004.25,630810
2021-06-23 09:59:21,1004.4,630826
2021-06-23 09:59:22,1004.4,630826
2021-06-23 09:59:23,1004.4,630826
2021-06-23 09:59:24,1004.4,630826
2021-06-23 09:59:25,1004.4,630826
2021-06-23 09:59:26,1004.25,630832
2021-06-23 09:59:27,1004.25,630856
2021-06-23 09:59:28,1004.25,630856
2021-06-23 09:59:29,1004.25,630956
2021-06-23 09:59:30,1004.25,630956
2021-06-23 09:59:31,1004.45,631610
2021-06-23 09:59:32,1004.45,631610
2021-06-23 09:59:32,1004.45,631610
2021-06-23 09:59:34,1004.25,631690
2021-06-23 09:59:35,1004.7,631720
2021-06-23 09:59:36,1004.7,631720
2021-06-23 09:59:37,1004.7,631720
2021-06-23 09:59:38,1004.7,631720
2021-06-23 09:59:39,1004.25,631851
2021-06-23 09:59:40,1004.25,631851
2021-06-23 09:59:41,1004.25,631851
2021-06-23 09:59:42,1004.55,631852
2021-06-23 09:59:43,1004.2,632184
2021-06-23 09:59:44,1004.45,632349
2021-06-23 09:59:45,1003.8,632381
2021-06-23 09:59:46,1003.8,632399
2021-06-23 09:59:47,1003.8,632403
2021-06-23 09:59:47,1003.8,632403
2021-06-23 09:59:48,1003.8,632403
2021-06-23 09:59:50,1004.4,632590
2021-06-23 09:59:52,1004.4,632590
2021-06-23 09:59:53,1004.4,632590
2021-06-23 09:59:54,1004.4,632590
2021-06-23 09:59:55,1004.4,632590
2021-06-23 09:59:56,1004.0,632610
2021-06-23 09:59:57,1004.4,633276
2021-06-23 09:59:58,1004.4,633276
2021-06-23 09:59:59,1004.4,633276
2021-06-23 10:00:00,1004.4,633276
2021-06-23 10:00:01,1004.4,633418
2021-06-23 10:00:02,1004.4,633418
2021-06-23 10:00:03,1004.4,633418
2021-06-23 10:00:04,1004.4,633418
2021-06-23 10:00:05,1004.4,633418
2021-06-23 10:00:06,1004.0,633675
2021-06-23 10:00:07,1003.75,633700
2021-06-23 10:00:08,1003.75,633700
2021-06-23 10:00:09,1003.75,633700
2021-06-23 10:00:10,1004.0,633831
2021-06-23 10:00:11,1004.0,633831
2021-06-23 10:00:12,1003.75,633890
2021-06-23 10:00:13,1003.75,633940
2021-06-23 10:00:13,1003.75,633940
2021-06-23 10:00:14,1003.75,633965
2021-06-23 10:00:15,1003.75,633965
2021-06-23 10:00:16,1003.8,633978
2021-06-23 10:00:19,1003.8,633981
2021-06-23 10:00:21,1004.0,634010
2021-06-23 10:00:22,1004.0,634010
2021-06-23 10:00:23,1004.0,634010
2021-06-23 10:00:24,1004.0,634010
2021-06-23 10:00:29,1003.75,634084
2021-06-23 10:00:33,1003.75,634084
2021-06-23 10:00:38,1004.0,634390
2021-06-23 10:00:43,1004.4,634592
2021-06-23 10:00:48,1004.0,634736
2021-06-23 10:00:53,1004.4,634793
2021-06-23 10:00:57,1003.9,634816
2021-06-23 10:01:02,1004.0,635476
2021-06-23 10:01:07,1003.9,635598
2021-06-23 10:01:12,1004.05,636775
2021-06-23 10:01:17,1004.0,636792
2021-06-23 10:01:22,1004.0,636796
2021-06-23 10:01:26,1003.85,636971
2021-06-23 10:01:30,1003.75,637387
2021-06-23 10:01:34,1003.75,637483
2021-06-23 10:01:38,1003.5,637635
2021-06-23 10:01:43,1003.55,637806
2021-06-23 10:01:47,1004.15,637892
2021-06-23 10:01:52,1004.15,637892
2021-06-23 10:01:56,1003.6,637915
2021-06-23 10:02:01,1003.95,638039
2021-06-23 10:02:06,1003.45,638040
2021-06-23 10:02:11,1003.9,638087
2021-06-23 10:02:16,1003.8,638088
2021-06-23 10:02:20,1003.8,638116
2021-06-23 10:02:24,1003.9,638132
2021-06-23 10:02:29,1003.8,638160
2021-06-23 10:02:33,1003.9,638165
2021-06-23 10:02:38,1003.5,638175
2021-06-23 10:02:42,1003.5,638609
2021-06-23 10:02:46,1003.5,638784
2021-06-23 10:02:51,1003.5,638785
2021-06-23 10:02:55,1003.9,639334
2021-06-23 10:02:59,1003.85,639396
2021-06-23 10:03:04,1003.3,639406
2021-06-23 10:03:08,1003.25,639428
2021-06-23 10:03:13,1003.3,639434
2021-06-23 10:03:17,1003.3,639468
2021-06-23 10:03:22,1003.25,639496
2021-06-23 10:03:27,1003.65,639604
2021-06-23 10:03:31,1003.85,639712
2021-06-23 10:03:36,1003.8,639718
2021-06-23 10:03:41,1003.8,639851
2021-06-23 10:03:46,1003.8,639851
2021-06-23 10:03:50,1003.25,640019
2021-06-23 10:03:54,1003.25,640052
2021-06-23 10:03:59,1003.0,640358
2021-06-23 10:04:03,1003.65,640368
2021-06-23 10:04:07,1003.65,640529
2021-06-23 10:04:12,1003.25,640671
2021-06-23 10:04:16,1003.25,640726
2021-06-23 10:04:25,1003.25,641480
2021-06-23 10:04:29,1003.65,641481
2021-06-23 10:04:34,1003.25,641493
2021-06-23 10:04:38,1003.25,641918
2021-06-23 10:04:43,1003.65,641936
2021-06-23 10:04:48,1003.5,642007
2021-06-23 10:04:52,1003.65,642017
2021-06-23 10:04:57,1003.3,642193
2021-06-23 10:05:01,1003.5,642921
2021-06-23 10:05:06,1003.5,643041
2021-06-23 10:05:11,1003.5,643096
2021-06-23 10:05:15,1003.25,643157
2021-06-23 10:05:20,1003.5,643385
2021-06-23 10:05:24,1003.5,643505
2021-06-23 10:05:29,1003.6,643749
2021-06-23 10:05:33,1003.5,643963
2021-06-23 10:05:39,1003.85,644008
2021-06-23 10:05:44,1003.65,644093
2021-06-23 10:05:48,1003.65,644126
2021-06-23 10:05:53,1003.65,644186
2021-06-23 10:05:58,1003.65,644270
2021-06-23 10:06:07,1003.65,644419
2021-06-23 10:06:11,1003.65,644509
2021-06-23 10:06:15,1003.85,644547
2021-06-23 10:06:20,1003.85,644576
2021-06-23 10:06:24,1003.65,644941
2021-06-23 10:06:28,1003.65,645008
2021-06-23 10:06:33,1003.85,645069
2021-06-23 10:06:37,1003.95,645160
2021-06-23 10:06:42,1003.95,645160
2021-06-23 10:06:47,1003.85,645192
2021-06-23 10:06:51,1003.85,645217
2021-06-23 10:07:01,1003.95,645643
2021-06-23 10:07:05,1003.95,645654
2021-06-23 10:07:13,1004.0,645834
2021-06-23 10:07:17,1003.65,645867
2021-06-23 10:07:21,1003.65,645867
2021-06-23 10:07:26,1003.5,645897
2021-06-23 10:07:30,1003.95,645934
2021-06-23 10:07:34,1003.95,645934
2021-06-23 10:07:39,1003.5,645961
2021-06-23 10:07:44,1003.5,645961
2021-06-23 10:07:48,1003.9,645992
2021-06-23 10:07:53,1003.9,645995
2021-06-23 10:07:58,1003.9,646022
2021-06-23 10:08:03,1003.85,646079
2021-06-23 10:08:07,1003.55,646101
2021-06-23 10:08:12,1003.85,646111
2021-06-23 10:08:16,1003.5,646533
2021-06-23 10:08:21,1003.05,646693
2021-06-23 10:08:26,1003.1,646748
2021-06-23 10:08:30,1003.0,646806
2021-06-23 10:08:35,1004.0,647443
2021-06-23 10:08:40,1003.85,647445
2021-06-23 10:08:45,1003.3,647465
2021-06-23 10:08:49,1003.45,647492
2021-06-23 10:08:53,1003.4,647507
2021-06-23 10:08:58,1003.5,647536
2021-06-23 10:09:06,1003.75,647633
2021-06-23 10:09:11,1003.5,647777
2021-06-23 10:09:14,1003.5,647792
2021-06-23 10:09:19,1003.5,647845
2021-06-23 10:09:23,1003.5,647845
2021-06-23 10:09:27,1003.5,647938
2021-06-23 10:09:32,1003.5,647973
2021-06-23 10:09:36,1003.8,648066
2021-06-23 10:09:40,1003.4,648073
2021-06-23 10:09:44,1003.3,648080
2021-06-23 10:09:48,1003.2,648220
2021-06-23 10:09:52,1003.5,648343
2021-06-23 10:09:56,1003.5,648343
2021-06-23 10:10:00,1003.5,648343
2021-06-23 10:10:04,1004.2,650338
2021-06-23 10:10:08,1003.7,650438
2021-06-23 10:10:12,1004.2,650748
2021-06-23 10:10:16,1004.2,650748
2021-06-23 10:10:20,1004.2,650755
2021-06-23 10:10:24,1004.2,651088
2021-06-23 10:10:29,1004.2,651088
2021-06-23 10:10:34,1004.65,651093
2021-06-23 10:10:39,1004.85,651912
2021-06-23 10:10:44,1004.65,652078
2021-06-23 10:10:48,1004.65,652437
2021-06-23 10:10:53,1004.7,652666
2021-06-23 10:10:57,1004.3,652708
2021-06-23 10:11:01,1004.2,652829
2021-06-23 10:11:06,1004.65,652858
2021-06-23 10:11:11,1004.8,652919
2021-06-23 10:11:16,1004.8,652939
2021-06-23 10:11:21,1004.8,652972
2021-06-23 10:11:25,1004.8,652982
2021-06-23 10:11:30,1004.8,653012
2021-06-23 10:11:35,1005.4,653826
2021-06-23 10:11:40,1005.65,654005
2021-06-23 10:11:45,1005.1,654225
2021-06-23 10:11:50,1005.15,654265
2021-06-23 10:11:55,1005.15,654679
2021-06-23 10:12:01,1004.7,654776
2021-06-23 10:12:06,1004.7,654785
2021-06-23 10:12:16,1004.0,657268
2021-06-23 10:12:20,1004.0,657378
2021-06-23 10:12:24,1004.25,657840
2021-06-23 10:12:29,1004.4,658196
2021-06-23 10:12:34,1004.4,658232
2021-06-23 10:12:38,1004.7,658262
2021-06-23 10:12:44,1004.4,658263
2021-06-23 10:12:49,1004.0,658462
2021-06-23 10:12:55,1004.0,658464
2021-06-23 10:13:00,1003.7,658641
2021-06-23 10:13:05,1003.7,658659
2021-06-23 10:13:09,1003.5,658714
2021-06-23 10:13:15,1003.65,658723
2021-06-23 10:13:20,1003.7,658984
2021-06-23 10:13:25,1003.7,659138
2021-06-23 10:13:30,1003.7,659398
2021-06-23 10:13:34,1003.7,659404
2021-06-23 10:13:39,1003.65,659470
2021-06-23 10:13:44,1003.7,660196
2021-06-23 10:13:49,1004.0,660217
2021-06-23 10:13:54,1003.6,660330
2021-06-23 10:13:58,1003.85,660819
2021-06-23 10:14:03,1003.65,660880
2021-06-23 10:14:08,1003.6,660907
2021-06-23 10:14:12,1004.0,660950
2021-06-23 10:14:16,1004.0,660950
2021-06-23 10:14:21,1003.5,661447
2021-06-23 10:14:26,1003.6,661504
2021-06-23 10:14:30,1003.6,661526
2021-06-23 10:14:34,1004.0,661530
2021-06-23 10:14:38,1003.65,661583
2021-06-23 10:14:42,1003.65,661734
2021-06-23 10:14:46,1003.65,661767
2021-06-23 10:14:52,1003.9,661813
2021-06-23 10:14:57,1004.0,662001
2021-06-23 10:15:02,1003.5,662748
2021-06-23 10:15:08,1003.45,662832
2021-06-23 10:15:13,1003.45,662834
2021-06-23 10:15:18,1002.0,668074
2021-06-23 10:15:23,1002.0,668550
2021-06-23 10:15:24,1002.05,668566
2021-06-23 10:15:25,1002.05,668720
2021-06-23 10:15:26,1002.0,669233
2021-06-23 10:15:27,1001.7,669294
2021-06-23 10:15:28,1001.65,669302
2021-06-23 10:15:29,1001.3,672925
2021-06-23 10:15:30,1001.3,672977
2021-06-23 10:15:31,1001.3,672977
2021-06-23 10:15:32,1001.2,673019
2021-06-23 10:15:33,1001.2,673019
2021-06-23 10:15:34,1001.3,673034
2021-06-23 10:15:35,1001.35,673144
2021-06-23 10:15:36,1001.35,673144
2021-06-23 10:15:37,1001.4,673161
2021-06-23 10:15:38,1001.75,673210
2021-06-23 10:15:39,1001.75,673210
2021-06-23 10:15:41,1001.75,673210
2021-06-23 10:15:42,1001.75,673219
2021-06-23 10:15:43,1001.5,673248
2021-06-23 10:15:44,1001.5,673263
2021-06-23 10:15:45,1001.5,673263
2021-06-23 10:15:46,1001.5,673263
2021-06-23 10:15:47,1001.5,673395
2021-06-23 10:15:50,1001.75,673418
2021-06-23 10:15:51,1001.5,673419
2021-06-23 10:15:52,1001.85,673842
2021-06-23 10:15:54,1002.65,674061
2021-06-23 10:15:55,1002.05,674086
2021-06-23 10:15:57,1002.85,674134
2021-06-23 10:15:59,1002.9,674188
2021-06-23 10:16:02,1002.05,674623
2021-06-23 10:16:04,1002.6,674665
2021-06-23 10:16:06,1002.0,674670
2021-06-23 10:16:10,1002.05,674804
2021-06-23 10:16:11,1002.05,674804
2021-06-23 10:16:12,1002.05,674804
2021-06-23 10:16:13,1002.6,674934
2021-06-23 10:16:14,1001.9,675134
2021-06-23 10:16:15,1001.9,675134
2021-06-23 10:16:16,1001.9,675234
2021-06-23 10:16:17,1001.9,675235
2021-06-23 10:16:18,1002.55,675245
2021-06-23 10:16:19,1002.05,675295
2021-06-23 10:16:20,1002.05,675357
2021-06-23 10:16:21,1001.95,675653
2021-06-23 10:16:22,1002.4,675691
2021-06-23 10:16:23,1001.85,675701
2021-06-23 10:16:24,1001.8,675726
2021-06-23 10:16:25,1001.8,675726
2021-06-23 10:16:26,1001.8,675726
2021-06-23 10:16:27,1002.0,675748
2021-06-23 10:16:28,1002.5,675768
2021-06-23 10:16:29,1002.5,675768
2021-06-23 10:16:30,1002.5,675768
2021-06-23 10:16:31,1002.0,675818
2021-06-23 10:16:32,1002.0,675818
2021-06-23 10:16:33,1002.0,675818
2021-06-23 10:16:35,1002.0,675818
2021-06-23 10:16:36,1002.0,675823
2021-06-23 10:16:37,1002.0,675846
2021-06-23 10:16:38,1002.5,676146
2021-06-23 10:16:39,1002.5,676146
2021-06-23 10:16:40,1002.5,676146
2021-06-23 10:16:41,1001.8,676271
2021-06-23 10:16:42,1001.8,676271
2021-06-23 10:16:43,1001.8,676276
2021-06-23 10:16:44,1001.8,676276
2021-06-23 10:16:45,1002.4,676284
2021-06-23 10:16:46,1002.4,676284
2021-06-23 10:16:47,1002.0,676307
2021-06-23 10:16:48,1002.0,676307
2021-06-23 10:16:49,1002.0,676357
2021-06-23 10:16:50,1002.0,676376
2021-06-23 10:16:51,1002.0,676376
2021-06-23 10:16:52,1002.0,676376
2021-06-23 10:16:53,1002.0,676381
2021-06-23 10:16:54,1002.0,676381
2021-06-23 10:16:55,1001.75,676491
2021-06-23 10:16:56,1001.75,676491
2021-06-23 10:16:57,1001.75,676514
2021-06-23 10:16:58,1001.75,676514
2021-06-23 10:16:59,1001.8,676532
2021-06-23 10:17:00,1001.8,676532
2021-06-23 10:17:01,1001.8,676582
2021-06-23 10:17:02,1001.8,676582
2021-06-23 10:17:03,1001.8,676796
2021-06-23 10:17:04,1001.75,677048
2021-06-23 10:17:05,1002.0,677055
2021-06-23 10:17:06,1002.0,677062
2021-06-23 10:17:07,1001.8,677104
2021-06-23 10:17:08,1001.8,677104
2021-06-23 10:17:08,1001.8,677104
2021-06-23 10:17:09,1002.0,677105
2021-06-23 10:17:10,1002.0,677105
2021-06-23 10:17:11,1002.0,677105
2021-06-23 10:17:12,1001.8,677125
2021-06-23 10:17:13,1002.0,677176
2021-06-23 10:17:14,1002.0,677176
2021-06-23 10:17:15,1002.0,677205
2021-06-23 10:17:17,1001.8,677239
2021-06-23 10:17:18,1001.8,677239
2021-06-23 10:17:19,1001.8,677239
2021-06-23 10:17:20,1002.0,677250
2021-06-23 10:17:21,1002.0,677250
2021-06-23 10:17:22,1001.8,677262
2021-06-23 10:17:23,1001.8,677262
2021-06-23 10:17:24,1002.4,678153
2021-06-23 10:17:25,1002.4,678153
2021-06-23 10:17:26,1002.4,678166
2021-06-23 10:17:27,1002.4,678166
2021-06-23 10:17:28,1001.9,678266
2021-06-23 10:17:29,1001.9,678266
2021-06-23 10:17:30,1001.9,678298
2021-06-23 10:17:31,1002.4,678305
2021-06-23 10:17:32,1002.4,678305
2021-06-23 10:17:33,1001.9,678310
2021-06-23 10:17:34,1001.9,678310
2021-06-23 10:17:35,1002.4,678410
2021-06-23 10:17:36,1002.4,678410
2021-06-23 10:17:37,1001.95,678420
2021-06-23 10:17:38,1002.4,678428
2021-06-23 10:17:39,1002.4,678428
2021-06-23 10:17:40,1002.4,678438
2021-06-23 10:17:41,1001.95,678440
2021-06-23 10:17:42,1001.9,678490
2021-06-23 10:17:43,1002.35,678500
2021-06-23 10:17:44,1002.35,678501
2021-06-23 10:17:45,1002.35,678501
2021-06-23 10:17:46,1001.9,678552
2021-06-23 10:17:47,1001.9,678696
2021-06-23 10:17:48,1002.35,678702
2021-06-23 10:17:49,1002.35,678702
2021-06-23 10:17:50,1001.9,678768
2021-06-23 10:17:51,1001.9,678778
2021-06-23 10:17:52,1002.4,678808
2021-06-23 10:17:53,1001.95,679808
2021-06-23 10:17:54,1001.95,679808
2021-06-23 10:17:55,1002.35,679818
2021-06-23 10:17:56,1002.35,679818
2021-06-23 10:17:57,1002.4,680066
2021-06-23 10:17:58,1002.4,680075
2021-06-23 10:17:59,1001.9,681017
2021-06-23 10:18:00,1001.9,681017
2021-06-23 10:18:01,1001.9,681017
2021-06-23 10:18:01,1001.9,681017
2021-06-23 10:18:03,1002.25,681019
2021-06-23 10:18:04,1002.0,681028
2021-06-23 10:18:05,1002.15,681280
2021-06-23 10:18:06,1001.8,681317
2021-06-23 10:18:06,1001.8,681317
2021-06-23 10:18:08,1001.75,681365
2021-06-23 10:18:09,1001.65,681391
2021-06-23 10:18:09,1001.65,681391
2021-06-23 10:18:11,1002.1,681594
2021-06-23 10:18:12,1002.15,681603
2021-06-23 10:18:13,1002.15,681603
2021-06-23 10:18:14,1001.65,681608
2021-06-23 10:18:15,1001.65,681608
2021-06-23 10:18:17,1001.65,681631
2021-06-23 10:18:18,1002.2,681652
2021-06-23 10:18:18,1001.65,681682
2021-06-23 10:18:19,1001.65,681682
2021-06-23 10:18:20,1001.65,681682
2021-06-23 10:18:21,1001.75,681722
2021-06-23 10:18:22,1001.75,681723
2021-06-23 10:18:23,1001.8,681740
2021-06-23 10:18:24,1001.8,681765
2021-06-23 10:18:25,1002.15,681815
2021-06-23 10:18:27,1001.8,681837
2021-06-23 10:18:28,1001.8,681837
2021-06-23 10:18:29,1002.0,681838
2021-06-23 10:18:31,1002.0,681868
2021-06-23 10:18:31,1002.0,681894
2021-06-23 10:18:32,1002.0,681904
2021-06-23 10:18:34,1002.0,681904
2021-06-23 10:18:36,1002.05,681927
2021-06-23 10:18:37,1002.05,681950
2021-06-23 10:18:38,1002.05,681950
2021-06-23 10:18:39,1002.05,681950
2021-06-23 10:18:40,1002.05,682000
2021-06-23 10:18:41,1002.05,682000
2021-06-23 10:18:41,1002.05,682000
2021-06-23 10:18:43,1002.0,682254
2021-06-23 10:18:44,1002.0,682254
2021-06-23 10:18:46,1002.05,682261
2021-06-23 10:18:47,1002.05,682283
2021-06-23 10:18:47,1002.05,682283
2021-06-23 10:18:48,1002.05,682323
2021-06-23 10:18:49,1002.05,682333
2021-06-23 10:18:50,1002.05,682333
2021-06-23 10:18:51,1002.05,682333
2021-06-23 10:18:52,1002.05,682333
2021-06-23 10:18:54,1002.05,682433
2021-06-23 10:18:54,1002.05,682433
2021-06-23 10:18:56,1002.05,682633
2021-06-23 10:18:56,1002.05,682666
2021-06-23 10:18:57,1002.25,682669
2021-06-23 10:18:58,1002.25,682669
2021-06-23 10:18:59,1002.25,682669
2021-06-23 10:19:01,1002.15,682679
2021-06-23 10:19:01,1002.15,682679
2021-06-23 10:19:03,1002.15,682679
2021-06-23 10:19:04,1002.15,682679
2021-06-23 10:19:07,1002.05,682751
2021-06-23 10:19:09,1002.05,682751
2021-06-23 10:19:09,1002.05,682751
2021-06-23 10:19:11,1002.05,682795
2021-06-23 10:19:12,1002.05,682795
2021-06-23 10:19:13,1002.05,682795
2021-06-23 10:19:14,1002.1,682805
2021-06-23 10:19:15,1002.1,682805
2021-06-23 10:19:16,1002.1,682826
2021-06-23 10:19:17,1002.1,682826
2021-06-23 10:19:18,1002.1,682828
2021-06-23 10:19:19,1002.1,682828
2021-06-23 10:19:21,1002.1,682828
2021-06-23 10:19:23,1002.1,682828
2021-06-23 10:19:22,1002.1,682828
2021-06-23 10:19:25,1002.1,682828
2021-06-23 10:19:25,1002.1,682838
2021-06-23 10:19:26,1002.1,682857
2021-06-23 10:19:29,1002.1,682857
2021-06-23 10:19:30,1002.1,682860
2021-06-23 10:19:30,1002.1,682860
2021-06-23 10:19:32,1002.15,683380
2021-06-23 10:19:33,1002.05,683390
2021-06-23 10:19:33,1002.05,683390
2021-06-23 10:19:34,1002.05,683490
2021-06-23 10:19:35,1002.05,683490
2021-06-23 10:19:36,1002.1,683493
2021-06-23 10:19:37,1002.1,683493
2021-06-23 10:19:38,1002.1,683498
2021-06-23 10:19:39,1002.1,683498
2021-06-23 10:19:41,1002.1,683498
2021-06-23 10:19:41,1002.05,683504
2021-06-23 10:19:44,1002.1,683526
2021-06-23 10:19:45,1002.4,683527
2021-06-23 10:19:46,1002.4,683527
2021-06-23 10:19:47,1002.4,683531
2021-06-23 10:19:49,1002.4,683531
2021-06-23 10:19:50,1002.5,683754
2021-06-23 10:19:51,1002.5,683754
2021-06-23 10:19:51,1002.5,683754
2021-06-23 10:19:52,1002.25,683775
2021-06-23 10:19:54,1002.7,683779
2021-06-23 10:19:54,1002.3,683780
2021-06-23 10:19:56,1002.3,683828
2021-06-23 10:19:57,1002.55,683931
2021-06-23 10:19:59,1002.55,683931
2021-06-23 10:20:00,1002.55,683931
2021-06-23 10:20:01,1002.55,683931
2021-06-23 10:20:01,1002.55,683931
2021-06-23 10:20:02,1002.55,683931
2021-06-23 10:20:05,1002.55,683932
2021-06-23 10:20:06,1002.55,683937
2021-06-23 10:20:07,1002.05,683999
2021-06-23 10:20:08,1002.05,683999
2021-06-23 10:20:10,1002.55,684016
2021-06-23 10:20:11,1002.55,684016
2021-06-23 10:20:11,1002.55,684016
2021-06-23 10:20:12,1002.4,684018
2021-06-23 10:20:15,1002.5,684032
2021-06-23 10:20:16,1002.4,684050
2021-06-23 10:20:17,1002.1,684064
2021-06-23 10:20:18,1002.1,684064
2021-06-23 10:20:19,1002.1,684064
2021-06-23 10:20:20,1002.1,684073
2021-06-23 10:20:21,1002.1,684073
2021-06-23 10:20:22,1002.1,684073
2021-06-23 10:20:26,1002.1,684073
2021-06-23 10:20:30,1002.1,684320
2021-06-23 10:20:35,1002.1,684320
2021-06-23 10:20:44,1002.45,684344
2021-06-23 10:20:48,1002.1,684368
2021-06-23 10:20:52,1002.1,684575
2021-06-23 10:20:56,1002.1,684634
2021-06-23 10:21:00,1002.1,684657
2021-06-23 10:21:05,1002.1,684860
2021-06-23 10:21:09,1002.4,685037
2021-06-23 10:21:13,1002.4,685037
2021-06-23 10:21:17,1002.15,685065
2021-06-23 10:21:21,1002.1,685365
2021-06-23 10:21:26,1002.1,685365
2021-06-23 10:21:31,1002.1,685389
2021-06-23 10:21:36,1002.4,685419
2021-06-23 10:21:40,1002.4,685567
2021-06-23 10:21:45,1002.4,685617
2021-06-23 10:21:49,1002.1,685639
2021-06-23 10:21:53,1002.4,685673
2021-06-23 10:21:58,1002.1,685696
2021-06-23 10:22:02,1002.1,685702
2021-06-23 10:22:06,1002.1,685785
2021-06-23 10:22:11,1002.1,685886
2021-06-23 10:22:15,1002.1,685886
2021-06-23 10:22:18,1002.1,685909
2021-06-23 10:22:23,1002.3,686181
2021-06-23 10:22:28,1002.1,686367
2021-06-23 10:22:32,1002.35,686934
2021-06-23 10:22:36,1002.5,686957
2021-06-23 10:22:41,1002.5,686957
2021-06-23 10:22:46,1002.75,686962
2021-06-23 10:22:54,1002.75,687105
2021-06-23 10:23:00,1002.75,687115
2021-06-23 10:23:04,1003.0,687512
2021-06-23 10:23:08,1003.0,687547
2021-06-23 10:23:13,1002.5,687549
2021-06-23 10:23:17,1003.2,687759
2021-06-23 10:23:22,1003.55,687764
2021-06-23 10:23:26,1003.05,687765
2021-06-23 10:23:30,1003.4,687789
2021-06-23 10:23:36,1003.25,687797
2021-06-23 10:23:41,1003.0,687820
2021-06-23 10:23:45,1003.4,687908
2021-06-23 10:23:50,1003.4,687908
2021-06-23 10:24:00,1003.45,687990
2021-06-23 10:24:05,1003.6,688247
2021-06-23 10:24:10,1003.6,688363
2021-06-23 10:24:14,1003.1,688427
2021-06-23 10:24:18,1003.15,688450
2021-06-23 10:24:22,1003.45,688810
2021-06-23 10:24:26,1003.0,689021
2021-06-23 10:24:30,1003.0,689058
2021-06-23 10:24:34,1003.0,689058
2021-06-23 10:24:38,1002.6,689078
2021-06-23 10:24:43,1002.75,689141
2021-06-23 10:24:48,1002.75,689164
2021-06-23 10:24:52,1003.35,689255
2021-06-23 10:24:57,1002.9,689400
2021-06-23 10:25:01,1002.9,689400
2021-06-23 10:25:05,1002.55,689407
2021-06-23 10:25:10,1002.5,689429
2021-06-23 10:25:14,1002.5,689434
2021-06-23 10:25:19,1003.1,689623
2021-06-23 10:25:22,1003.1,689623
2021-06-23 10:25:24,1003.1,689623
2021-06-23 10:25:24,1003.1,689623
2021-06-23 10:25:26,1003.1,689623
2021-06-23 10:25:27,1002.55,689647
2021-06-23 10:25:28,1002.5,690134
2021-06-23 10:25:29,1002.5,690134
2021-06-23 10:25:30,1002.5,690134
2021-06-23 10:25:32,1002.5,690134
2021-06-23 10:25:32,1002.5,690134
2021-06-23 10:25:33,1002.5,690134
2021-06-23 10:25:34,1002.5,690144
2021-06-23 10:25:35,1002.5,690144
2021-06-23 10:25:38,1002.5,690167
2021-06-23 10:25:39,1002.5,690167
2021-06-23 10:25:40,1002.5,690167
2021-06-23 10:25:41,1003.0,690175
2021-06-23 10:25:42,1003.0,690175
2021-06-23 10:25:45,1003.0,690175
2021-06-23 10:25:46,1003.0,690175
2021-06-23 10:25:47,1002.55,690197
2021-06-23 10:25:48,1003.0,690202
2021-06-23 10:25:49,1003.35,690247
2021-06-23 10:25:50,1003.35,690247
2021-06-23 10:25:51,1003.35,690247
2021-06-23 10:25:52,1002.95,690357
2021-06-23 10:25:53,1002.95,690357
2021-06-23 10:25:54,1002.95,690357
2021-06-23 10:38:10,1008.5,734489
2021-06-23 10:38:10,1008.5,734489
2021-06-23 10:38:12,1008.6,734761
2021-06-23 10:38:13,1009.25,737212
2021-06-23 10:38:13,1009.25,737262
2021-06-23 10:38:14,1009.25,737263
2021-06-23 10:38:15,1008.45,737464
2021-06-23 10:38:16,1008.45,737464
2021-06-23 10:38:18,1008.65,737544
2021-06-23 10:38:18,1008.65,737544
2021-06-23 10:38:19,1009.1,737568
2021-06-23 10:38:20,1009.1,737678
2021-06-23 10:38:22,1008.7,737688
2021-06-23 10:38:23,1009.1,737812
2021-06-23 10:38:24,1009.1,737812
2021-06-23 10:38:25,1009.05,738077
2021-06-23 10:38:26,1009.0,738107
2021-06-23 10:38:27,1008.5,738252
2021-06-23 10:38:28,1009.2,738560
2021-06-23 10:38:29,1009.0,738717
2021-06-23 10:38:30,1009.0,738827
2021-06-23 10:38:31,1009.0,738898
2021-06-23 10:38:32,1008.5,738948
2021-06-23 10:38:33,1009.0,738954
2021-06-23 10:38:34,1009.0,738954
2021-06-23 10:38:35,1008.5,739035
2021-06-23 10:38:36,1008.5,739035
2021-06-23 10:38:37,1008.5,739058
2021-06-23 10:38:38,1009.0,739584
2021-06-23 10:38:39,1009.0,739584
2021-06-23 10:38:40,1009.0,739604
2021-06-23 10:38:41,1009.0,739604
2021-06-23 10:38:42,1008.6,739605
2021-06-23 10:38:43,1008.95,739780
2021-06-23 10:38:44,1008.6,739781
2021-06-23 10:38:45,1008.6,739781
2021-06-23 10:38:47,1008.5,739788
2021-06-23 10:38:47,1008.3,739798
2021-06-23 10:38:48,1008.3,739798
2021-06-23 10:38:49,1009.0,739893
2021-06-23 10:38:50,1009.0,739894
2021-06-23 10:38:52,1008.2,742059
2021-06-23 10:38:53,1008.5,742166
2021-06-23 10:38:55,1008.6,742557
2021-06-23 10:38:57,1008.2,742667
2021-06-23 10:38:58,1008.2,742667
2021-06-23 10:38:59,1008.75,742875
2021-06-23 10:38:59,1008.75,742876
2021-06-23 10:39:00,1008.75,742925
2021-06-23 10:39:01,1008.75,742925
2021-06-23 10:39:02,1008.25,743462
2021-06-23 10:39:03,1008.75,743582
2021-06-23 10:39:04,1008.8,743590
2021-06-23 10:39:05,1008.8,743590
2021-06-23 10:39:06,1008.8,743590
2021-06-23 10:39:08,1008.15,743740
2021-06-23 10:39:08,1008.8,743590
2021-06-23 10:39:09,1008.25,743746
2021-06-23 10:39:10,1008.25,743746
2021-06-23 10:39:17,1008.8,743989
2021-06-23 10:39:18,1008.3,744008
2021-06-23 10:39:19,1008.3,744008
2021-06-23 10:39:20,1008.8,744158
2021-06-23 10:39:22,1008.75,744163
2021-06-23 10:39:24,1008.75,744163
2021-06-23 10:39:25,1008.75,744163
2021-06-23 10:39:26,1008.75,744163
2021-06-23 10:39:27,1008.3,744221
2021-06-23 10:39:28,1008.3,744221
2021-06-23 10:39:28,1008.3,744221
2021-06-23 10:39:30,1008.0,744578
2021-06-23 10:39:30,1008.0,744578
2021-06-23 10:39:31,1008.0,744578
2021-06-23 10:39:32,1008.0,744578
2021-06-23 10:39:33,1008.0,744578
2021-06-23 10:39:34,1008.55,744688
2021-06-23 10:39:35,1008.0,744700
2021-06-23 10:39:36,1008.05,744703
2021-06-23 10:39:39,1008.0,747085
2021-06-23 10:39:39,1008.0,747085
2021-06-23 10:39:40,1008.0,747085
2021-06-23 10:39:41,1007.75,747086
2021-06-23 10:39:42,1007.75,747091
2021-06-23 10:39:43,1007.75,747091
2021-06-23 10:39:44,1007.5,747598
2021-06-23 10:39:45,1007.45,747663
2021-06-23 10:39:46,1007.45,747663
2021-06-23 10:39:47,1007.85,747701
2021-06-23 10:39:48,1007.85,747753
2021-06-23 10:39:49,1008.0,748088
2021-06-23 10:39:50,1007.55,748338
2021-06-23 10:39:51,1007.55,748338
2021-06-23 10:39:52,1007.55,748338
2021-06-23 10:39:53,1008.0,748349
2021-06-23 10:39:54,1007.55,748402
2021-06-23 10:39:55,1007.55,748402
2021-06-23 10:39:56,1007.55,748425
2021-06-23 10:39:58,1007.55,748425
2021-06-23 10:39:59,1007.55,748432
2021-06-23 10:39:59,1008.05,749291
2021-06-23 10:40:00,1008.0,749391
2021-06-23 10:40:01,1008.0,749391
2021-06-23 10:40:02,1008.0,750241
2021-06-23 10:40:03,1008.0,750241
2021-06-23 10:40:04,1008.0,750241
2021-06-23 10:40:06,1008.25,750243
2021-06-23 10:40:08,1008.55,750272
2021-06-23 10:40:09,1008.25,750297
2021-06-23 10:40:10,1008.25,750322
2021-06-23 10:40:11,1008.25,750322
2021-06-23 10:40:11,1008.25,750322
2021-06-23 10:40:12,1008.25,750324
2021-06-23 10:40:13,1008.25,750327
2021-06-23 10:40:15,1008.25,750327
2021-06-23 10:40:15,1008.25,750328
2021-06-23 10:40:16,1008.25,750342
2021-06-23 10:40:17,1008.0,750362
2021-06-23 10:40:18,1007.8,750371
2021-06-23 10:40:19,1007.85,750373
2021-06-23 10:40:20,1007.8,750374
2021-06-23 10:40:21,1008.3,750375
2021-06-23 10:40:22,1008.3,750375
2021-06-23 10:40:23,1008.1,750471
2021-06-23 10:40:24,1008.1,750483
2021-06-23 10:40:26,1008.1,750484
2021-06-23 10:40:27,1008.1,750491
2021-06-23 10:40:28,1008.15,750497
2021-06-23 10:40:29,1008.1,750530
2021-06-23 10:40:30,1008.1,750536
