timestamp,ltp,volume
2021-06-23 09:16:26,421.1,550712
2021-06-23 09:16:30,421.2,559581
2021-06-23 09:16:31,421.2,561191
2021-06-23 09:16:32,421.2,567980
2021-06-23 09:16:33,421.2,569767
2021-06-23 09:16:34,421.1,570518
2021-06-23 09:16:35,421.1,574151
2021-06-23 09:16:35,421.05,574320
2021-06-23 09:16:37,421.05,579226
2021-06-23 09:16:38,421.1,582734
2021-06-23 09:16:39,421.25,584216
2021-06-23 09:16:40,421.15,584585
2021-06-23 09:16:41,421.2,597898
2021-06-23 09:16:42,421.2,604441
2021-06-23 09:16:43,421.25,608731
2021-06-23 09:16:44,421.25,613743
2021-06-23 09:16:44,421.3,613793
2021-06-23 09:16:45,421.35,615995
2021-06-23 09:16:46,421.45,619990
2021-06-23 09:16:47,421.4,624036
2021-06-23 09:16:48,421.5,627136
2021-06-23 09:16:49,421.55,634223
2021-06-23 09:16:51,421.5,634946
2021-06-23 09:16:52,421.6,636732
2021-06-23 09:16:53,421.55,637249
2021-06-23 09:16:54,421.45,646785
2021-06-23 09:16:57,421.5,651211
2021-06-23 09:16:58,421.65,654470
2021-06-23 09:16:59,421.55,655497
2021-06-23 09:17:00,421.7,657304
2021-06-23 09:17:01,421.65,667767
2021-06-23 09:17:01,421.5,668467
2021-06-23 09:17:02,421.65,671637
2021-06-23 09:17:03,421.8,675204
2021-06-23 09:17:05,421.75,678967
2021-06-23 09:17:08,421.8,688127
2021-06-23 09:17:09,421.6,691150
2021-06-23 09:17:10,421.85,701829
2021-06-23 09:17:11,421.85,705287
2021-06-23 09:17:12,421.8,707111
2021-06-23 09:17:13,421.6,707476
2021-06-23 09:17:15,421.75,718442
2021-06-23 09:17:16,421.4,726163
2021-06-23 09:17:16,421.55,726476
2021-06-23 09:17:17,421.65,736370
2021-06-23 09:17:20,421.65,744070
2021-06-23 09:17:21,421.45,748983
2021-06-23 09:17:22,421.7,750982
2021-06-23 09:17:26,421.75,758459
2021-06-23 09:17:27,421.6,758873
2021-06-23 09:17:28,421.75,759633
2021-06-23 09:17:29,421.7,760046
2021-06-23 09:17:30,421.6,760763
2021-06-23 09:17:31,421.55,763121
2021-06-23 09:17:32,421.55,765737
2021-06-23 09:17:34,421.5,769814
2021-06-23 09:17:34,421.6,770014
2021-06-23 09:17:35,421.25,780104
2021-06-23 09:17:36,421.4,809803
2021-06-23 09:17:37,421.05,810651
2021-06-23 09:17:38,421.2,813224
2021-06-23 09:17:39,421.2,814195
2021-06-23 09:17:41,421.15,816101
2021-06-23 09:17:42,421.2,818834
2021-06-23 09:17:43,421.2,820654
2021-06-23 09:17:44,421.2,820936
2021-06-23 09:17:44,421.2,820941
2021-06-23 09:17:46,421.25,827549
2021-06-23 09:17:47,421.2,829571
2021-06-23 09:17:48,421.35,830746
2021-06-23 09:17:49,421.25,831587
2021-06-23 09:17:50,421.25,831839
2021-06-23 09:17:51,421.4,834409
2021-06-23 09:17:52,421.45,835596
2021-06-23 09:17:53,421.45,837735
2021-06-23 09:17:54,421.35,838161
2021-06-23 09:17:56,421.45,838201
2021-06-23 09:17:57,421.4,840124
2021-06-23 09:17:58,421.35,840433
2021-06-23 09:17:59,421.4,840833
2021-06-23 09:18:00,421.4,843060
2021-06-23 09:18:01,421.25,843391
2021-06-23 09:18:02,421.35,843721
2021-06-23 09:18:03,421.25,843934
2021-06-23 09:18:04,421.4,844304
2021-06-23 09:18:06,421.35,850118
2021-06-23 09:18:07,421.35,855992
2021-06-23 09:18:08,421.25,858015
2021-06-23 09:18:09,421.25,859858
2021-06-23 09:18:10,421.2,860018
2021-06-23 09:18:11,421.4,863757
2021-06-23 09:18:12,421.25,869378
2021-06-23 09:18:13,421.1,870525
2021-06-23 09:18:14,421.25,870827
2021-06-23 09:18:15,421.1,870920
2021-06-23 09:18:16,421.2,871336
2021-06-23 09:18:17,421.25,880414
2021-06-23 09:18:19,421.3,882749
2021-06-23 09:18:18,421.2,882717
2021-06-23 09:18:20,421.2,883168
2021-06-23 09:18:21,421.25,884709
2021-06-23 09:18:22,421.25,885971
2021-06-23 09:18:23,421.2,886981
2021-06-23 09:18:24,421.35,888130
2021-06-23 09:18:25,421.4,890313
2021-06-23 09:18:26,421.45,895955
2021-06-23 09:18:27,421.25,898345
2021-06-23 09:18:28,421.2,900290
2021-06-23 09:18:29,421.1,900961
2021-06-23 09:18:30,421.3,902525
2021-06-23 09:18:31,421.2,906351
2021-06-23 09:18:32,421.25,909236
2021-06-23 09:18:33,421.2,909955
2021-06-23 09:18:34,421.2,910455
2021-06-23 09:18:35,421.05,910840
2021-06-23 09:18:36,421.1,912567
2021-06-23 09:18:37,421.1,912815
2021-06-23 09:18:38,421.25,916735
2021-06-23 09:18:39,421.25,916885
2021-06-23 09:18:40,421.25,917972
2021-06-23 09:18:41,421.3,918610
2021-06-23 09:18:42,421.25,919622
2021-06-23 09:18:43,421.15,920611
2021-06-23 09:18:44,421.25,921789
2021-06-23 09:18:46,421.15,922798
2021-06-23 09:18:47,421.25,922813
2021-06-23 09:18:48,421.05,926959
2021-06-23 09:18:49,421.15,928014
2021-06-23 09:18:50,420.7,987876
2021-06-23 09:18:51,420.95,993006
2021-06-23 09:18:52,420.75,993475
2021-06-23 09:18:53,420.85,996037
2021-06-23 09:18:54,420.75,996048
2021-06-23 09:18:55,420.75,997598
2021-06-23 09:18:56,420.75,1002058
2021-06-23 09:18:57,420.75,1002818
2021-06-23 09:18:58,420.7,1004775
2021-06-23 09:18:59,420.8,1008155
2021-06-23 09:19:00,420.2,1033496
2021-06-23 09:19:01,420.15,1047800
2021-06-23 09:19:02,420.0,1079286
2021-06-23 09:19:03,419.9,1081866
2021-06-23 09:19:04,419.75,1087184
2021-06-23 09:19:05,419.8,1088973
2021-06-23 09:19:08,419.95,1108803
2021-06-23 09:19:07,419.75,1101125
2021-06-23 09:19:09,420.0,1111853
2021-06-23 09:19:10,420.3,1116106
2021-06-23 09:19:11,420.3,1123004
2021-06-23 09:19:12,420.15,1123413
2021-06-23 09:19:13,420.3,1124363
2021-06-23 09:19:14,420.35,1126619
2021-06-23 09:19:15,420.1,1128144
2021-06-23 09:19:16,420.3,1129436
2021-06-23 09:19:17,420.4,1131758
2021-06-23 09:19:19,420.4,1133899
2021-06-23 09:19:20,420.6,1140224
2021-06-23 09:19:21,420.6,1140524
2021-06-23 09:19:22,420.55,1142305
2021-06-23 09:19:23,420.55,1142535
2021-06-23 09:19:24,420.7,1142693
2021-06-23 09:19:25,420.6,1143064
2021-06-23 09:19:26,420.6,1145853
2021-06-23 09:19:27,420.6,1147615
2021-06-23 09:19:28,420.65,1148673
2021-06-23 09:19:29,420.5,1149273
2021-06-23 09:19:30,420.5,1150917
2021-06-23 09:19:31,420.5,1151669
2021-06-23 09:19:33,420.2,1155377
2021-06-23 09:19:34,420.25,1157780
2021-06-23 09:19:35,420.35,1159334
2021-06-23 09:19:36,420.4,1159475
2021-06-23 09:19:37,420.45,1162458
2021-06-23 09:19:38,420.6,1162745
2021-06-23 09:19:39,420.6,1162745
2021-06-23 09:19:40,420.55,1166386
2021-06-23 09:19:41,420.8,1168111
2021-06-23 09:19:42,420.8,1170479
2021-06-23 09:19:43,421.0,1171746
2021-06-23 09:19:45,421.0,1181526
2021-06-23 09:19:46,421.1,1183471
2021-06-23 09:19:48,420.75,1188817
2021-06-23 09:19:49,420.9,1188820
2021-06-23 09:19:50,420.75,1189685
2021-06-23 09:19:51,420.9,1190426
2021-06-23 09:19:52,420.75,1197455
2021-06-23 09:19:53,420.9,1199115
2021-06-23 09:19:54,420.75,1200690
2021-06-23 09:19:55,420.9,1203063
2021-06-23 09:19:56,421.0,1205932
2021-06-23 09:19:57,421.0,1206482
2021-06-23 09:19:58,421.05,1207988
2021-06-23 09:19:59,421.05,1208875
2021-06-23 09:20:01,420.95,1210724
2021-06-23 09:20:01,421.05,1210829
2021-06-23 09:20:03,420.85,1216260
2021-06-23 09:20:03,421.1,1224564
2021-06-23 09:20:05,421.0,1226482
2021-06-23 09:20:05,421.0,1226482
2021-06-23 09:20:06,421.05,1228331
2021-06-23 09:20:07,421.1,1233868
2021-06-23 09:20:08,421.25,1234219
2021-06-23 09:20:09,421.15,1235240
2021-06-23 09:20:10,421.1,1235595
2021-06-23 09:20:11,421.0,1239836
2021-06-23 09:20:13,421.1,1241710
2021-06-23 09:20:14,421.05,1241872
2021-06-23 09:20:15,421.05,1241878
2021-06-23 09:20:16,421.05,1253524
2021-06-23 09:20:17,420.9,1258624
2021-06-23 09:20:18,421.0,1259837
2021-06-23 09:20:19,420.85,1259979
2021-06-23 09:20:20,420.9,1266105
2021-06-23 09:20:21,420.9,1269991
2021-06-23 09:20:24,421.0,1272304
2021-06-23 09:20:25,420.95,1273982
2021-06-23 09:20:25,420.95,1273982
2021-06-23 09:20:26,421.05,1275147
2021-06-23 09:20:27,421.1,1276634
2021-06-23 09:20:30,420.95,1278203
2021-06-23 09:20:31,420.95,1278504
2021-06-23 09:20:31,420.95,1278524
2021-06-23 09:20:32,420.95,1279117
2021-06-23 09:20:33,420.95,1280124
2021-06-23 09:20:34,421.0,1280224
2021-06-23 09:20:35,420.95,1280760
2021-06-23 09:20:36,420.95,1281357
2021-06-23 09:20:37,420.95,1281357
2021-06-23 09:20:38,420.9,1282408
2021-06-23 09:20:39,421.0,1292600
2021-06-23 09:20:40,421.05,1293943
2021-06-23 09:20:41,421.2,1305319
2021-06-23 09:20:42,421.3,1306520
2021-06-23 09:20:43,421.25,1307754
2021-06-23 09:20:44,421.05,1312308
2021-06-23 09:20:45,421.2,1312405
2021-06-23 09:20:46,421.2,1314037
2021-06-23 09:20:48,421.3,1316327
2021-06-23 09:20:49,421.2,1316499
2021-06-23 09:20:50,421.25,1316528
2021-06-23 09:20:54,420.95,1325446
2021-06-23 09:20:55,420.85,1327689
2021-06-23 09:20:56,420.9,1338709
2021-06-23 09:20:57,420.8,1351496
2021-06-23 09:20:58,420.7,1375720
2021-06-23 09:20:59,420.7,1376115
2021-06-23 09:21:00,420.7,1378571
2021-06-23 09:21:01,420.45,1387221
2021-06-23 09:21:02,420.45,1394924
2021-06-23 09:21:03,420.4,1403893
2021-06-23 09:21:04,420.3,1407251
2021-06-23 09:21:05,420.25,1408616
2021-06-23 09:21:06,420.3,1412511
2021-06-23 09:21:07,420.25,1413307
2021-06-23 09:21:08,420.25,1417470
2021-06-23 09:21:09,420.15,1417793
2021-06-23 09:21:10,420.0,1446160
2021-06-23 09:21:11,419.85,1451776
2021-06-23 09:21:12,419.8,1453048
2021-06-23 09:21:13,419.8,1454053
2021-06-23 09:21:14,419.75,1459468
2021-06-23 09:21:15,419.75,1460539
2021-06-23 09:21:16,419.7,1465571
2021-06-23 09:21:17,419.75,1468298
2021-06-23 09:21:18,419.7,1474186
2021-06-23 09:21:19,419.7,1475149
2021-06-23 09:21:21,419.7,1475808
2021-06-23 09:21:21,419.7,1475808
2021-06-23 09:21:22,419.7,1477732
2021-06-23 09:21:23,419.8,1478053
2021-06-23 09:21:24,419.8,1481643
2021-06-23 09:21:25,419.7,1486713
2021-06-23 09:21:26,419.85,1492429
2021-06-23 09:21:27,419.8,1493204
2021-06-23 09:21:28,419.75,1496784
2021-06-23 09:21:30,419.9,1512247
2021-06-23 09:21:31,419.75,1514469
2021-06-23 09:21:32,419.9,1515548
2021-06-23 09:21:33,419.8,1519227
2021-06-23 09:21:34,419.85,1523226
2021-06-23 09:21:35,420.0,1523406
2021-06-23 09:21:36,419.9,1524962
2021-06-23 09:21:38,420.0,1527131
2021-06-23 09:21:39,420.0,1527673
2021-06-23 09:21:40,419.95,1528585
2021-06-23 09:21:41,420.1,1530133
2021-06-23 09:21:42,419.95,1531496
2021-06-23 09:21:43,420.0,1532235
2021-06-23 09:21:44,420.1,1533639
2021-06-23 09:21:45,420.1,1535838
2021-06-23 09:21:46,419.9,1542779
2021-06-23 09:21:47,419.95,1545863
2021-06-23 09:21:48,419.85,1563744
2021-06-23 09:21:49,419.7,1565368
2021-06-23 09:21:50,419.9,1568258
2021-06-23 09:21:51,419.95,1570723
2021-06-23 09:21:52,419.7,1571942
2021-06-23 09:21:53,419.8,1576760
2021-06-23 09:21:54,419.8,1579761
2021-06-23 09:21:55,419.75,1581649
2021-06-23 09:21:56,419.55,1582830
2021-06-23 09:21:57,419.75,1584588
2021-06-23 09:21:58,419.7,1585553
2021-06-23 09:21:59,419.7,1586067
2021-06-23 09:22:00,419.65,1590069
2021-06-23 09:22:01,419.6,1590600
2021-06-23 09:22:02,419.6,1606758
2021-06-23 09:22:03,419.65,1607924
2021-06-23 09:22:04,419.6,1621906
2021-06-23 09:22:05,419.6,1622123
2021-06-23 09:22:07,419.6,1624463
2021-06-23 09:22:08,419.7,1624747
2021-06-23 09:22:10,419.7,1631647
2021-06-23 09:22:11,419.6,1631790
2021-06-23 09:22:12,419.65,1632683
2021-06-23 09:22:13,419.6,1633691
2021-06-23 09:22:14,419.6,1634742
2021-06-23 09:22:15,419.65,1635157
2021-06-23 09:22:16,419.6,1635284
2021-06-23 09:22:17,419.65,1636299
2021-06-23 09:22:18,419.65,1636640
2021-06-23 09:22:19,419.6,1646926
2021-06-23 09:22:20,419.65,1648663
2021-06-23 09:22:21,419.6,1649288
2021-06-23 09:22:22,419.7,1650437
2021-06-23 09:22:23,419.65,1650907
2021-06-23 09:22:24,419.8,1654941
2021-06-23 09:22:25,419.7,1655460
2021-06-23 09:22:26,419.8,1655947
2021-06-23 09:22:26,419.85,1656726
2021-06-23 09:22:27,419.85,1657683
2021-06-23 09:22:28,419.85,1657710
2021-06-23 09:22:29,419.95,1660038
2021-06-23 09:22:30,419.8,1662165
2021-06-23 09:22:31,419.85,1662215
2021-06-23 09:22:32,419.95,1662993
2021-06-23 09:22:33,419.9,1663187
2021-06-23 09:22:34,419.9,1663402
2021-06-23 09:22:36,420.25,1685219
2021-06-23 09:22:38,420.15,1686079
2021-06-23 09:22:39,420.25,1686449
2021-06-23 09:22:40,420.15,1686499
2021-06-23 09:22:41,420.35,1688084
2021-06-23 09:22:42,420.2,1688326
2021-06-23 09:22:43,420.3,1689132
2021-06-23 09:22:44,420.45,1689971
2021-06-23 09:22:45,420.45,1692208
2021-06-23 09:22:46,420.35,1692319
2021-06-23 09:22:47,420.5,1692395
2021-06-23 09:22:49,420.35,1698632
2021-06-23 09:22:50,420.35,1699316
2021-06-23 09:22:51,420.35,1701785
2021-06-23 09:22:53,420.05,1710252
2021-06-23 09:22:54,420.05,1710579
2021-06-23 09:22:55,419.95,1711083
2021-06-23 09:22:56,420.05,1712650
2021-06-23 09:22:57,419.9,1714390
2021-06-23 09:22:58,419.9,1714621
2021-06-23 09:22:59,419.35,1762379
2021-06-23 09:23:00,419.15,1781694
2021-06-23 09:23:01,419.1,1825619
2021-06-23 09:23:02,419.05,1827712
2021-06-23 09:23:03,419.25,1829481
2021-06-23 09:23:04,419.4,1830825
2021-06-23 09:23:05,419.25,1833865
2021-06-23 09:23:06,419.3,1836046
2021-06-23 09:23:07,419.5,1836893
2021-06-23 09:23:09,419.4,1838594
2021-06-23 09:23:10,419.5,1840755
2021-06-23 09:23:11,419.5,1840911
2021-06-23 09:23:12,419.45,1842915
2021-06-23 09:23:13,419.55,1844701
2021-06-23 09:23:14,419.4,1845554
2021-06-23 09:23:15,419.55,1846273
2021-06-23 09:23:20,419.6,1852796
2021-06-23 09:23:23,419.55,1854392
2021-06-23 09:23:25,419.45,1855971
2021-06-23 09:23:26,419.4,1866376
2021-06-23 09:23:27,419.45,1867935
2021-06-23 09:23:27,419.4,1868985
2021-06-23 09:23:28,419.4,1874384
2021-06-23 09:23:29,419.3,1875049
2021-06-23 09:23:30,419.45,1875306
2021-06-23 09:23:31,419.5,1878830
2021-06-23 09:23:32,419.7,1879093
2021-06-23 09:23:33,419.6,1880228
2021-06-23 09:23:34,419.6,1881317
2021-06-23 09:23:35,419.75,1884959
2021-06-23 09:23:36,419.65,1888135
2021-06-23 09:23:37,419.6,1890314
2021-06-23 09:23:38,419.6,1890652
2021-06-23 09:23:40,419.75,1890869
2021-06-23 09:23:42,419.7,1893001
2021-06-23 09:23:42,419.55,1893022
2021-06-23 09:23:43,419.55,1893970
2021-06-23 09:23:44,419.6,1895725
2021-06-23 09:23:45,419.6,1896117
2021-06-23 09:23:46,419.55,1897297
2021-06-23 09:23:47,419.4,1897521
2021-06-23 09:23:48,419.4,1899471
2021-06-23 09:23:49,419.5,1902229
2021-06-23 09:23:50,419.45,1903064
2021-06-23 09:23:51,419.4,1903917
2021-06-23 09:23:52,419.4,1904058
2021-06-23 09:23:53,419.4,1904135
2021-06-23 09:23:54,419.3,1904344
2021-06-23 09:23:55,419.4,1905810
2021-06-23 09:23:56,419.4,1907516
2021-06-23 09:23:57,419.5,1912387
2021-06-23 09:23:58,419.4,1915575
2021-06-23 09:23:59,419.35,1915578
2021-06-23 09:24:00,419.35,1915690
2021-06-23 09:24:01,419.35,1916263
2021-06-23 09:24:02,419.35,1918060
2021-06-23 09:24:03,419.4,1918460
2021-06-23 09:24:04,419.4,1918603
2021-06-23 09:24:05,419.4,1920013
2021-06-23 09:24:07,419.5,1921876
2021-06-23 09:24:08,419.5,1924259
2021-06-23 09:24:09,419.45,1924977
2021-06-23 09:24:10,419.45,1927007
2021-06-23 09:24:11,419.45,1927186
2021-06-23 09:24:14,419.6,1938294
2021-06-23 09:24:15,419.65,1938548
2021-06-23 09:24:16,419.8,1939265
2021-06-23 09:24:17,419.75,1944622
2021-06-23 09:24:18,419.8,1948481
2021-06-23 09:24:20,419.8,1949403
2021-06-23 09:24:20,419.8,1949403
2021-06-23 09:24:21,419.9,1951980
2021-06-23 09:24:22,419.9,1952120
2021-06-23 09:24:24,419.7,1967192
2021-06-23 09:24:25,419.55,1967292
2021-06-23 09:24:26,419.65,1968105
2021-06-23 09:24:27,419.9,1979902
2021-06-23 09:24:28,419.9,1980161
2021-06-23 09:24:29,419.9,1980279
2021-06-23 09:24:30,419.8,1980487
2021-06-23 09:24:31,419.7,1991282
2021-06-23 09:24:32,419.55,1993276
2021-06-23 09:24:33,419.55,1994482
2021-06-23 09:24:34,419.55,1996242
2021-06-23 09:24:35,419.55,1996560
2021-06-23 09:24:38,419.85,2002794
2021-06-23 09:24:39,419.65,2002884
2021-06-23 09:24:40,419.65,2010028
2021-06-23 09:24:41,419.7,2014247
2021-06-23 09:24:42,419.85,2018397
2021-06-23 09:24:43,419.8,2018938
2021-06-23 09:24:44,419.6,2019942
2021-06-23 09:24:45,419.6,2020802
2021-06-23 09:24:46,419.8,2023360
2021-06-23 09:24:46,419.75,2023435
2021-06-23 09:24:47,419.55,2024992
2021-06-23 09:24:48,419.7,2029195
2021-06-23 09:24:49,419.55,2033072
2021-06-23 09:24:50,419.65,2033719
2021-06-23 09:24:51,419.6,2038605
2021-06-23 09:24:52,419.8,2039610
2021-06-23 09:24:53,419.7,2041330
2021-06-23 09:24:54,419.8,2044039
2021-06-23 09:24:55,419.8,2044569
2021-06-23 09:24:56,419.9,2046061
2021-06-23 09:24:57,419.85,2050596
2021-06-23 09:24:58,419.85,2050626
2021-06-23 09:24:59,419.85,2051607
2021-06-23 09:25:00,419.7,2055534
2021-06-23 09:25:03,419.8,2058653
2021-06-23 09:25:04,419.8,2059929
2021-06-23 09:25:06,419.95,2066941
2021-06-23 09:25:07,419.95,2070111
2021-06-23 09:25:08,419.9,2071486
2021-06-23 09:25:09,419.9,2072031
2021-06-23 09:25:10,419.9,2076220
2021-06-23 09:25:11,419.9,2077630
2021-06-23 09:25:12,420.05,2099709
2021-06-23 09:25:13,420.1,2099881
2021-06-23 09:25:14,420.1,2100345
2021-06-23 09:25:15,420.1,2100910
2021-06-23 09:25:16,420.1,2102737
2021-06-23 09:25:17,420.2,2104883
2021-06-23 09:25:18,420.2,2105053
2021-06-23 09:25:19,420.2,2105090
2021-06-23 09:25:20,420.2,2106927
2021-06-23 09:25:21,420.15,2132259
2021-06-23 09:25:21,420.15,2132259
2021-06-23 09:25:22,420.15,2132800
2021-06-23 09:25:25,420.1,2132995
2021-06-23 09:25:28,420.2,2135686
2021-06-23 09:25:29,420.05,2138967
2021-06-23 09:25:30,420.1,2140560
2021-06-23 09:25:31,420.1,2142016
2021-06-23 09:25:32,420.1,2143308
2021-06-23 09:25:33,420.2,2143579
2021-06-23 09:25:34,420.2,2143725
2021-06-23 09:25:35,420.3,2144615
2021-06-23 09:25:36,420.35,2144954
2021-06-23 09:25:36,420.35,2145494
2021-06-23 09:25:37,420.35,2145620
2021-06-23 09:25:38,420.4,2145661
2021-06-23 09:25:39,420.45,2146878
2021-06-23 09:25:40,420.6,2155422
2021-06-23 09:25:41,420.65,2156326
2021-06-23 09:25:42,420.3,2162329
2021-06-23 09:25:43,420.35,2162555
2021-06-23 09:25:44,420.45,2163431
2021-06-23 09:25:45,420.25,2170252
2021-06-23 09:25:46,420.75,2174311
2021-06-23 09:25:47,420.5,2179948
2021-06-23 09:25:48,420.4,2180628
2021-06-23 09:25:49,420.6,2183271
2021-06-23 09:25:50,420.5,2183494
2021-06-23 09:25:51,420.5,2185001
2021-06-23 09:25:52,420.55,2186136
2021-06-23 09:25:53,420.55,2188357
2021-06-23 09:25:54,420.55,2191113
2021-06-23 09:25:55,420.5,2193528
2021-06-23 09:25:56,420.5,2193612
2021-06-23 09:25:57,420.55,2194672
2021-06-23 09:25:58,420.65,2197962
2021-06-23 09:25:59,420.5,2202682
2021-06-23 09:26:00,420.55,2202853
2021-06-23 09:26:01,420.6,2207774
2021-06-23 09:26:02,420.7,2207948
2021-06-23 09:26:03,420.7,2209313
2021-06-23 09:26:04,420.7,2210838
2021-06-23 09:26:05,420.65,2214861
2021-06-23 09:26:06,420.55,2217388
2021-06-23 09:26:07,420.75,2226155
2021-06-23 09:26:08,420.8,2232179
2021-06-23 09:26:10,420.8,2232831
2021-06-23 09:26:11,420.95,2235994
2021-06-23 09:26:12,420.9,2270870
2021-06-23 09:26:13,421.0,2271734
2021-06-23 09:26:14,421.1,2274079
2021-06-23 09:26:15,420.95,2274575
2021-06-23 09:26:16,421.1,2282285
2021-06-23 09:26:16,421.0,2278977
2021-06-23 09:26:17,421.2,2283413
2021-06-23 09:26:18,421.2,2286034
2021-06-23 09:26:19,421.2,2287473
2021-06-23 09:26:20,421.3,2298629
2021-06-23 09:26:21,421.3,2305610
2021-06-23 09:26:22,421.3,2309407
2021-06-23 09:26:23,421.45,2309686
2021-06-23 09:26:24,421.05,2316532
2021-06-23 09:26:25,421.2,2317494
2021-06-23 09:26:26,421.35,2319021
2021-06-23 09:26:27,421.2,2323504
2021-06-23 09:26:28,421.35,2347058
2021-06-23 09:26:29,421.3,2351198
2021-06-23 09:26:30,421.25,2353506
2021-06-23 09:26:31,421.25,2356254
2021-06-23 09:26:32,421.2,2357349
2021-06-23 09:26:33,421.3,2357995
2021-06-23 09:26:34,421.15,2362540
2021-06-23 09:26:36,421.15,2365617
2021-06-23 09:26:37,421.2,2367158
2021-06-23 09:26:38,421.2,2367376
2021-06-23 09:26:39,421.15,2369948
2021-06-23 09:26:40,421.0,2386436
2021-06-23 09:26:41,421.05,2387653
2021-06-23 09:26:42,421.0,2390191
2021-06-23 09:26:43,421.15,2390395
2021-06-23 09:26:44,421.0,2390700
2021-06-23 09:26:45,421.0,2393802
2021-06-23 09:26:46,420.95,2393861
2021-06-23 09:26:47,421.0,2394980
2021-06-23 09:26:48,421.0,2395812
2021-06-23 09:26:49,421.0,2396713
2021-06-23 09:26:49,420.95,2396718
2021-06-23 09:26:50,421.0,2396939
2021-06-23 09:26:54,420.85,2400955
2021-06-23 09:26:55,420.95,2401829
2021-06-23 09:26:56,421.0,2402339
2021-06-23 09:26:57,421.0,2403251
2021-06-23 09:26:58,420.95,2403617
2021-06-23 09:26:59,420.95,2404117
2021-06-23 09:27:00,420.95,2404274
2021-06-23 09:27:01,420.85,2404518
2021-06-23 09:27:02,420.85,2405407
2021-06-23 09:27:03,420.95,2406337
2021-06-23 09:27:04,420.95,2406538
2021-06-23 09:27:05,420.95,2407795
2021-06-23 09:27:06,420.85,2410317
2021-06-23 09:27:07,420.9,2412045
2021-06-23 09:27:08,420.9,2415428
2021-06-23 09:27:09,420.85,2419939
2021-06-23 09:27:10,420.9,2428241
2021-06-23 09:27:11,420.85,2430991
2021-06-23 09:27:12,420.85,2432121
2021-06-23 09:27:13,420.55,2436034
2021-06-23 09:27:14,420.7,2438913
2021-06-23 09:27:15,420.5,2443365
2021-06-23 09:27:16,420.65,2443566
2021-06-23 09:27:17,420.65,2444052
2021-06-23 09:27:18,420.55,2452805
2021-06-23 09:27:19,420.5,2454071
2021-06-23 09:27:20,420.6,2459321
2021-06-23 09:27:21,420.45,2460446
2021-06-23 09:27:22,420.6,2462850
2021-06-23 09:27:23,420.6,2466372
2021-06-23 09:27:24,420.55,2466962
2021-06-23 09:27:25,420.6,2468827
2021-06-23 09:27:27,420.8,2469962
2021-06-23 09:27:28,420.65,2470082
2021-06-23 09:27:29,420.8,2471671
2021-06-23 09:27:30,420.8,2472980
2021-06-23 09:27:31,420.85,2473941
2021-06-23 09:27:32,420.8,2473951
2021-06-23 09:27:32,420.65,2473964
2021-06-23 09:27:33,420.75,2474131
2021-06-23 09:27:35,420.65,2475716
2021-06-23 09:27:36,420.75,2477063
2021-06-23 09:27:37,420.85,2477139
2021-06-23 09:27:38,420.65,2484557
2021-06-23 09:27:39,420.75,2484700
2021-06-23 09:27:40,420.5,2487654
2021-06-23 09:27:41,420.55,2488692
2021-06-23 09:27:42,420.55,2488692
2021-06-23 09:27:44,420.65,2489710
2021-06-23 09:27:45,420.55,2490482
2021-06-23 09:27:46,420.6,2490674
2021-06-23 09:27:46,420.6,2490674
2021-06-23 09:27:47,420.75,2490675
2021-06-23 09:27:49,420.75,2492250
2021-06-23 09:27:50,420.7,2493898
2021-06-23 09:27:51,420.75,2496701
2021-06-23 09:27:52,420.75,2507764
2021-06-23 09:27:53,420.75,2507767
2021-06-23 09:27:54,420.85,2509465
2021-06-23 09:27:55,420.9,2510404
2021-06-23 09:27:56,420.75,2510741
2021-06-23 09:27:57,420.75,2510953
2021-06-23 09:27:57,420.9,2511653
2021-06-23 09:27:58,420.85,2512587
2021-06-23 09:27:59,420.9,2515837
2021-06-23 09:28:01,420.9,2515943
2021-06-23 09:28:02,420.9,2516868
2021-06-23 09:28:03,420.9,2517919
2021-06-23 09:28:04,420.85,2518069
2021-06-23 09:28:05,420.95,2519069
2021-06-23 09:28:06,421.0,2530027
2021-06-23 09:28:07,420.95,2530232
2021-06-23 09:28:08,421.0,2530262
2021-06-23 09:28:09,421.0,2530874
2021-06-23 09:28:10,421.0,2531447
2021-06-23 09:28:11,421.05,2531552
2021-06-23 09:28:12,421.0,2533018
2021-06-23 09:28:13,421.1,2533328
2021-06-23 09:28:14,421.05,2535085
2021-06-23 09:28:15,421.0,2535638
2021-06-23 09:28:16,421.05,2537065
2021-06-23 09:28:17,421.15,2537191
2021-06-23 09:28:18,421.15,2537395
2021-06-23 09:28:19,421.1,2537575
2021-06-23 09:28:20,421.1,2537600
2021-06-23 09:28:21,421.1,2539640
2021-06-23 09:28:22,421.2,2545621
2021-06-23 09:28:23,421.15,2545622
2021-06-23 09:28:26,421.1,2546908
2021-06-23 09:28:27,421.2,2547604
2021-06-23 09:28:28,421.3,2563305
2021-06-23 09:28:29,421.3,2563305
2021-06-23 09:28:30,421.35,2563608
2021-06-23 09:28:31,421.35,2564841
2021-06-23 09:28:32,421.3,2565676
2021-06-23 09:28:33,421.35,2567296
2021-06-23 09:28:34,421.35,2567367
2021-06-23 09:28:35,421.35,2570537
2021-06-23 09:28:36,421.3,2571079
2021-06-23 09:28:37,421.35,2572425
2021-06-23 09:28:38,421.35,2572440
2021-06-23 09:28:39,421.3,2572663
2021-06-23 09:28:40,421.3,2572853
2021-06-23 09:28:41,421.35,2573103
2021-06-23 09:28:42,421.3,2573343
2021-06-23 09:28:43,421.3,2574604
2021-06-23 09:28:44,421.35,2576479
2021-06-23 09:28:45,421.35,2577069
2021-06-23 09:28:46,421.3,2578421
2021-06-23 09:28:47,421.25,2580397
2021-06-23 09:28:48,421.3,2581905
2021-06-23 09:28:49,421.2,2583932
2021-06-23 09:28:50,421.1,2585800
2021-06-23 09:28:51,421.05,2586154
2021-06-23 09:28:52,421.0,2587821
2021-06-23 09:28:53,420.95,2588135
2021-06-23 09:28:54,421.0,2589608
2021-06-23 09:28:55,420.95,2589609
2021-06-23 09:28:56,421.0,2589634
2021-06-23 09:28:57,421.15,2590195
2021-06-23 09:28:59,421.05,2590301
2021-06-23 09:29:00,421.15,2590391
2021-06-23 09:29:01,421.05,2590662
2021-06-23 09:29:02,421.05,2590975
2021-06-23 09:29:03,420.95,2593028
2021-06-23 09:29:04,421.0,2593899
2021-06-23 09:29:05,421.0,2594952
2021-06-23 09:29:06,421.0,2595569
2021-06-23 09:29:07,421.05,2595819
2021-06-23 09:29:08,421.0,2595919
2021-06-23 09:29:09,421.0,2596220
2021-06-23 09:29:11,421.0,2598553
2021-06-23 09:29:13,421.05,2599437
2021-06-23 09:29:14,420.9,2600711
2021-06-23 09:29:15,420.85,2608951
2021-06-23 09:29:16,420.75,2609201
2021-06-23 09:29:17,420.75,2610167
2021-06-23 09:29:18,420.75,2611709
2021-06-23 09:29:19,420.75,2611745
2021-06-23 09:29:20,420.8,2614746
2021-06-23 09:29:21,420.8,2619716
2021-06-23 09:29:22,420.9,2624343
2021-06-23 09:29:23,420.75,2625893
2021-06-23 09:29:24,420.8,2626293
2021-06-23 09:29:25,420.9,2626717
2021-06-23 09:29:26,420.95,2627856
2021-06-23 09:29:27,420.8,2627888
2021-06-23 09:29:28,420.85,2630406
2021-06-23 09:29:29,420.85,2630457
2021-06-23 09:29:30,420.65,2631961
2021-06-23 09:29:31,420.65,2631961
2021-06-23 09:29:32,420.65,2632013
2021-06-23 09:29:33,420.8,2633402
2021-06-23 09:29:34,420.7,2639956
2021-06-23 09:29:35,420.85,2641517
2021-06-23 09:29:36,420.65,2642131
2021-06-23 09:29:37,420.6,2642631
2021-06-23 09:29:38,420.75,2642647
2021-06-23 09:29:39,420.65,2643513
2021-06-23 09:29:40,420.8,2643713
2021-06-23 09:29:41,420.7,2643753
2021-06-23 09:29:42,420.8,2643821
2021-06-23 09:29:43,420.7,2651169
2021-06-23 09:29:44,420.85,2652242
2021-06-23 09:29:46,420.7,2652437
2021-06-23 09:29:47,420.7,2652557
2021-06-23 09:29:48,420.5,2668147
2021-06-23 09:29:49,420.6,2670803
2021-06-23 09:29:50,420.15,2676246
2021-06-23 09:29:51,420.45,2678017
2021-06-23 09:29:52,420.45,2678747
2021-06-23 09:29:53,420.45,2678747
2021-06-23 09:29:54,420.3,2678773
2021-06-23 09:29:55,420.45,2679168
2021-06-23 09:29:56,420.35,2679535
2021-06-23 09:29:57,420.4,2681277
2021-06-23 09:29:58,420.4,2681898
2021-06-23 09:29:59,420.6,2682708
2021-06-23 09:30:00,420.5,2682767
2021-06-23 09:30:01,420.45,2683062
2021-06-23 09:30:03,420.6,2685975
2021-06-23 09:30:04,420.5,2686096
2021-06-23 09:30:05,420.5,2686872
2021-06-23 09:30:06,420.5,2687684
2021-06-23 09:30:08,420.5,2692226
2021-06-23 09:30:09,420.5,2692381
2021-06-23 09:30:11,420.55,2695043
2021-06-23 09:30:12,420.55,2695369
2021-06-23 09:30:13,420.4,2697030
2021-06-23 09:30:14,420.35,2698155
2021-06-23 09:30:15,420.3,2699968
2021-06-23 09:30:16,420.3,2701428
2021-06-23 09:30:17,420.3,2701690
2021-06-23 09:30:18,420.2,2701719
2021-06-23 09:30:19,420.3,2701826
2021-06-23 09:30:20,420.25,2705281
2021-06-23 09:30:21,420.25,2705581
2021-06-23 09:30:22,420.05,2707181
2021-06-23 09:30:23,420.05,2727048
2021-06-23 09:30:24,420.0,2729802
2021-06-23 09:30:25,419.95,2731805
2021-06-23 09:30:26,419.85,2734644
2021-06-23 09:30:27,419.8,2739880
2021-06-23 09:30:29,419.9,2742068
2021-06-23 09:30:28,420.0,2741368
2021-06-23 09:30:30,420.05,2742769
2021-06-23 09:30:31,420.05,2742988
2021-06-23 09:30:32,420.0,2744309
2021-06-23 09:30:33,420.0,2744754
2021-06-23 09:30:34,420.2,2745882
2021-06-23 09:30:35,420.1,2746723
2021-06-23 09:30:36,420.2,2746778
2021-06-23 09:30:37,420.15,2746980
2021-06-23 09:30:38,420.2,2747385
2021-06-23 09:30:39,420.2,2747957
2021-06-23 09:30:40,420.25,2749007
2021-06-23 09:30:41,420.1,2749753
2021-06-23 09:30:43,420.2,2749859
2021-06-23 09:30:44,420.2,2750161
2021-06-23 09:30:45,420.1,2751043
2021-06-23 09:30:46,420.2,2751235
2021-06-23 09:30:46,420.2,2751940
2021-06-23 09:30:47,420.2,2752018
2021-06-23 09:30:48,420.1,2752620
2021-06-23 09:30:49,420.15,2752928
2021-06-23 09:30:51,419.85,2765468
2021-06-23 09:30:52,420.0,2766913
2021-06-23 09:30:53,419.8,2768585
2021-06-23 09:30:54,420.05,2769520
2021-06-23 09:30:55,420.0,2769864
2021-06-23 09:30:56,419.75,2780571
2021-06-23 09:30:58,419.85,2784424
2021-06-23 09:30:59,419.95,2784602
2021-06-23 09:31:00,419.95,2786819
2021-06-23 09:31:01,419.8,2788599
2021-06-23 09:31:02,419.95,2789048
2021-06-23 09:31:04,419.9,2789434
2021-06-23 09:31:05,419.85,2789635
2021-06-23 09:31:05,419.9,2789655
2021-06-23 09:31:07,419.95,2791495
2021-06-23 09:31:08,419.95,2791696
2021-06-23 09:31:09,419.95,2791981
2021-06-23 09:31:10,419.95,2792522
2021-06-23 09:31:12,419.85,2795039
2021-06-23 09:31:13,420.0,2796877
2021-06-23 09:31:14,419.95,2797751
2021-06-23 09:31:15,419.8,2798853
2021-06-23 09:31:16,419.95,2799850
2021-06-23 09:31:17,419.8,2801887
2021-06-23 09:31:18,419.95,2804389
2021-06-23 09:31:19,420.0,2809868
2021-06-23 09:31:20,420.0,2810899
2021-06-23 09:31:21,420.0,2811541
2021-06-23 09:31:22,420.0,2816342
2021-06-23 09:31:23,419.95,2817588
2021-06-23 09:31:24,420.15,2817889
2021-06-23 09:31:25,420.2,2818764
2021-06-23 09:31:26,420.15,2822807
2021-06-23 09:31:27,420.2,2823295
2021-06-23 09:31:28,420.25,2823493
2021-06-23 09:31:29,420.25,2824966
2021-06-23 09:31:30,420.25,2825124
2021-06-23 09:31:31,420.3,2829994
2021-06-23 09:31:32,420.2,2830899
2021-06-23 09:31:33,420.25,2831091
2021-06-23 09:31:34,420.25,2832829
2021-06-23 09:31:35,420.15,2833237
2021-06-23 09:31:36,420.15,2833567
2021-06-23 09:31:37,420.15,2835767
2021-06-23 09:31:39,420.15,2836251
2021-06-23 09:31:40,420.05,2843238
2021-06-23 09:31:41,420.1,2843651
2021-06-23 09:31:42,420.1,2846062
2021-06-23 09:31:43,420.0,2849208
2021-06-23 09:31:44,420.0,2849305
2021-06-23 09:31:45,420.05,2850572
2021-06-23 09:31:46,420.15,2851373
2021-06-23 09:31:47,420.0,2853105
2021-06-23 09:31:48,420.0,2855171
2021-06-23 09:31:49,420.0,2858301
2021-06-23 09:31:50,419.95,2861444
2021-06-23 09:31:51,420.1,2861659
2021-06-23 09:31:52,419.95,2862785
2021-06-23 09:31:53,420.0,2863181
2021-06-23 09:31:54,420.05,2863622
2021-06-23 09:31:55,420.05,2864679
2021-06-23 09:31:56,419.95,2866642
2021-06-23 09:31:57,420.0,2867671
2021-06-23 09:31:58,420.05,2868456
2021-06-23 09:32:00,420.05,2868684
2021-06-23 09:32:01,420.0,2869822
2021-06-23 09:32:02,420.05,2870064
2021-06-23 09:32:03,420.05,2872017
2021-06-23 09:32:04,420.15,2872706
2021-06-23 09:32:04,420.15,2872708
2021-06-23 09:32:05,420.15,2873499
2021-06-23 09:32:06,420.15,2873775
2021-06-23 09:32:07,420.15,2887617
2021-06-23 09:32:08,420.15,2887877
2021-06-23 09:32:09,420.15,2888397
2021-06-23 09:32:10,420.2,2891408
2021-06-23 09:32:11,420.45,2894249
2021-06-23 09:32:12,420.3,2894331
2021-06-23 09:32:13,420.35,2896116
2021-06-23 09:32:15,420.35,2896495
2021-06-23 09:32:16,420.35,2897262
2021-06-23 09:32:17,420.5,2898564
2021-06-23 09:32:18,420.45,2898570
2021-06-23 09:32:18,420.45,2898570
2021-06-23 09:32:19,420.5,2900368
2021-06-23 09:32:20,420.5,2900658
2021-06-23 09:32:21,420.4,2901348
2021-06-23 09:32:22,420.5,2901944
2021-06-23 09:32:23,420.5,2902560
2021-06-23 09:32:25,420.5,2903550
2021-06-23 09:32:26,420.55,2903661
2021-06-23 09:32:28,420.5,2903961
2021-06-23 09:32:29,420.55,2904530
2021-06-23 09:32:30,420.5,2907381
2021-06-23 09:32:31,420.5,2907381
2021-06-23 09:32:32,420.7,2907945
2021-06-23 09:32:32,420.7,2908145
2021-06-23 09:32:33,420.55,2909375
2021-06-23 09:32:34,420.75,2914968
2021-06-23 09:32:35,420.65,2916758
2021-06-23 09:32:36,420.65,2917148
2021-06-23 09:32:37,420.65,2919040
2021-06-23 09:32:38,420.7,2919349
2021-06-23 09:32:39,420.85,2924885
2021-06-23 09:32:40,420.85,2925029
2021-06-23 09:32:41,420.9,2925270
2021-06-23 09:32:42,420.75,2926242
2021-06-23 09:32:44,420.9,2932422
2021-06-23 09:32:45,420.9,2932529
2021-06-23 09:32:46,420.85,2933450
2021-06-23 09:32:47,420.8,2934045
2021-06-23 09:32:49,420.9,2935504
2021-06-23 09:32:50,420.8,2935854
2021-06-23 09:32:51,420.85,2936641
2021-06-23 09:32:51,420.65,2942037
2021-06-23 09:32:52,420.65,2942038
2021-06-23 09:32:54,420.6,2943759
2021-06-23 09:32:55,420.6,2943966
2021-06-23 09:32:56,420.6,2944574
2021-06-23 09:32:57,420.4,2948689
2021-06-23 09:32:58,420.4,2948891
2021-06-23 09:32:59,420.4,2948937
2021-06-23 09:33:00,420.4,2950556
2021-06-23 09:33:01,420.3,2951241
2021-06-23 09:33:02,420.3,2951947
2021-06-23 09:33:02,420.3,2951947
2021-06-23 09:33:03,420.15,2953439
2021-06-23 09:33:04,420.2,2953472
2021-06-23 09:33:05,420.3,2953679
2021-06-23 09:33:07,420.25,2953879
2021-06-23 09:33:08,420.3,2954003
2021-06-23 09:33:09,420.35,2954699
2021-06-23 09:33:10,420.25,2954850
2021-06-23 09:33:10,420.35,2954969
2021-06-23 09:33:11,420.35,2955062
2021-06-23 09:33:12,420.35,2955062
2021-06-23 09:33:14,420.35,2961228
2021-06-23 09:33:15,420.3,2961309
2021-06-23 09:33:16,420.3,2963170
2021-06-23 09:33:16,420.3,2963170
2021-06-23 09:33:17,420.35,2963817
2021-06-23 09:33:18,420.4,2964542
2021-06-23 09:33:19,420.4,2965048
2021-06-23 09:33:20,420.45,2965619
2021-06-23 09:33:21,420.45,2966404
2021-06-23 09:33:23,420.45,2967082
2021-06-23 09:33:24,420.7,2968425
2021-06-23 09:33:25,420.55,2968470
2021-06-23 09:33:25,420.7,2968475
2021-06-23 09:33:28,420.65,2969367
2021-06-23 09:33:29,420.6,2969692
2021-06-23 09:33:29,420.65,2969417
2021-06-23 09:33:30,420.55,2969779
2021-06-23 09:33:31,420.55,2969779
2021-06-23 09:33:32,420.7,2969835
2021-06-23 09:33:33,420.55,2969908
2021-06-23 09:33:34,420.7,2970808
2021-06-23 09:33:36,420.65,2971411
2021-06-23 09:33:38,420.7,2973306
2021-06-23 09:33:39,420.65,2973755
2021-06-23 09:33:40,420.7,2973912
2021-06-23 09:33:41,420.55,2974430
2021-06-23 09:33:41,420.55,2974467
2021-06-23 09:33:42,420.55,2974481
2021-06-23 09:33:44,420.55,2975385
2021-06-23 09:33:45,420.55,2976760
2021-06-23 09:33:46,420.7,2977047
2021-06-23 09:33:48,420.7,2977602
2021-06-23 09:33:49,420.65,2978053
2021-06-23 09:33:50,420.65,2978981
2021-06-23 09:33:51,420.65,2979232
2021-06-23 09:33:52,420.65,2980146
2021-06-23 09:33:53,420.75,2980302
2021-06-23 09:33:54,420.75,2980403
2021-06-23 09:33:54,420.8,2980503
2021-06-23 09:33:55,420.7,2980979
2021-06-23 09:33:56,420.7,2981010
2021-06-23 09:33:57,420.75,2981245
2021-06-23 09:33:58,420.7,2981565
2021-06-23 09:33:59,420.75,2981690
2021-06-23 09:34:01,420.75,2982208
2021-06-23 09:34:02,420.8,2982537
2021-06-23 09:34:03,420.75,2983802
2021-06-23 09:34:04,420.85,2984659
2021-06-23 09:34:05,420.75,2987022
2021-06-23 09:34:06,420.7,2988022
2021-06-23 09:34:11,420.4,2995149
2021-06-23 09:34:12,420.5,2995199
2021-06-23 09:34:13,420.5,2995210
2021-06-23 09:34:15,420.65,2995803
2021-06-23 09:34:16,420.55,2996826
2021-06-23 09:34:17,420.7,2997398
2021-06-23 09:34:18,420.6,2997703
2021-06-23 09:34:19,420.7,2997713
2021-06-23 09:34:20,420.65,2997790
2021-06-23 09:34:22,420.7,2999246
2021-06-23 09:34:23,420.7,2999430
2021-06-23 09:34:24,420.65,2999925
2021-06-23 09:34:25,420.65,3000126
2021-06-23 09:34:25,420.7,3001278
2021-06-23 09:34:26,420.7,3001380
2021-06-23 09:34:27,420.8,3002110
2021-06-23 09:34:28,420.75,3003981
2021-06-23 09:34:29,420.8,3004181
2021-06-23 09:34:30,420.8,3004696
2021-06-23 09:34:31,420.8,3005008
2021-06-23 09:34:33,420.55,3007063
2021-06-23 09:34:34,420.55,3007078
2021-06-23 09:34:35,420.7,3007108
2021-06-23 09:34:36,420.7,3009371
2021-06-23 09:34:37,420.55,3013260
2021-06-23 09:34:38,420.55,3014710
2021-06-23 09:34:39,420.45,3016925
2021-06-23 09:34:40,420.45,3017000
2021-06-23 09:34:41,420.45,3017567
2021-06-23 09:34:41,420.45,3017567
2021-06-23 09:34:42,420.55,3018678
2021-06-23 09:34:43,420.6,3018833
2021-06-23 09:34:44,420.6,3018833
2021-06-23 09:34:45,420.5,3020680
2021-06-23 09:34:46,420.6,3020981
2021-06-23 09:34:47,420.6,3021089
2021-06-23 09:34:49,420.5,3022189
2021-06-23 09:34:50,420.6,3022389
2021-06-23 09:34:51,420.55,3022594
2021-06-23 09:34:51,420.55,3022594
2021-06-23 09:34:52,420.6,3022794
2021-06-23 09:34:53,420.6,3023155
2021-06-23 09:34:55,420.55,3024362
2021-06-23 09:34:54,420.6,3023315
2021-06-23 09:34:56,420.6,3025153
2021-06-23 09:34:57,420.6,3025153
2021-06-23 09:34:58,420.6,3025156
2021-06-23 09:34:59,420.6,3025306
2021-06-23 09:35:01,420.6,3025687
2021-06-23 09:35:02,420.6,3025832
2021-06-23 09:35:03,420.55,3026282
2021-06-23 09:35:04,420.5,3026973
2021-06-23 09:35:05,420.45,3027446
2021-06-23 09:35:06,420.5,3027547
2021-06-23 09:35:07,420.45,3027622
2021-06-23 09:35:08,420.35,3029712
2021-06-23 09:35:08,420.45,3030012
2021-06-23 09:35:09,420.35,3031932
2021-06-23 09:35:10,420.4,3031935
2021-06-23 09:35:11,420.35,3032541
2021-06-23 09:35:14,420.3,3033587
2021-06-23 09:35:15,420.4,3033782
2021-06-23 09:35:16,420.35,3034185
2021-06-23 09:35:17,420.4,3034285
2021-06-23 09:35:18,420.4,3034401
2021-06-23 09:35:19,420.4,3034411
2021-06-23 09:35:20,420.1,3043061
2021-06-23 09:35:21,420.3,3044762
2021-06-23 09:35:22,420.3,3044848
2021-06-23 09:35:23,420.15,3045020
2021-06-23 09:35:24,420.3,3045296
2021-06-23 09:35:24,420.3,3045296
2021-06-23 09:35:25,420.25,3045908
2021-06-23 09:35:27,420.25,3046245
2021-06-23 09:35:28,420.25,3046307
2021-06-23 09:35:29,420.2,3046407
2021-06-23 09:35:29,420.2,3046407
2021-06-23 09:35:30,420.25,3047472
2021-06-23 09:35:31,420.25,3047822
2021-06-23 09:35:33,420.25,3047842
2021-06-23 09:35:34,420.3,3050016
2021-06-23 09:35:35,420.3,3050172
2021-06-23 09:35:35,420.3,3050422
2021-06-23 09:35:36,420.4,3051032
2021-06-23 09:35:37,420.4,3051745
2021-06-23 09:35:39,420.35,3052343
2021-06-23 09:35:40,420.45,3052501
2021-06-23 09:35:41,420.45,3052724
2021-06-23 09:35:41,420.5,3052845
2021-06-23 09:35:42,420.45,3053688
2021-06-23 09:35:44,420.55,3059115
2021-06-23 09:35:45,420.3,3065291
2021-06-23 09:35:46,420.3,3065322
2021-06-23 09:35:46,420.3,3065322
2021-06-23 09:35:47,419.8,3098840
2021-06-23 09:35:50,419.75,3101938
2021-06-23 09:35:52,419.85,3105995
2021-06-23 09:35:52,419.85,3105996
2021-06-23 09:35:53,419.8,3107071
2021-06-23 09:35:55,420.0,3107244
2021-06-23 09:35:56,419.85,3108664
2021-06-23 09:35:57,420.0,3109243
2021-06-23 09:35:57,420.0,3109249
2021-06-23 09:35:58,420.0,3109884
2021-06-23 09:36:00,420.0,3110066
2021-06-23 09:36:01,419.9,3110822
2021-06-23 09:36:02,420.0,3111054
2021-06-23 09:36:02,420.0,3111055
2021-06-23 09:36:03,419.9,3111218
2021-06-23 09:36:05,420.0,3112354
2021-06-23 09:36:06,420.0,3112455
2021-06-23 09:36:07,420.0,3112670
2021-06-23 09:36:07,420.0,3112670
2021-06-23 09:36:08,419.95,3113230
2021-06-23 09:36:10,419.9,3128391
2021-06-23 09:36:11,419.8,3135175
2021-06-23 09:36:12,419.65,3138394
2021-06-23 09:36:12,419.6,3138476
2021-06-23 09:36:13,419.65,3141598
2021-06-23 09:36:15,419.65,3141648
2021-06-23 09:36:16,419.5,3146998
2021-06-23 09:36:17,419.65,3148910
2021-06-23 09:36:17,419.5,3150485
2021-06-23 09:36:18,419.55,3151107
2021-06-23 09:36:19,419.55,3151859
2021-06-23 09:36:21,419.7,3152379
2021-06-23 09:36:23,419.65,3152634
2021-06-23 09:36:24,419.65,3153059
2021-06-23 09:36:26,419.65,3157160
2021-06-23 09:36:26,419.7,3157391
2021-06-23 09:36:27,419.7,3157650
2021-06-23 09:36:28,419.65,3158220
2021-06-23 09:36:30,419.8,3159123
2021-06-23 09:36:31,419.75,3159884
2021-06-23 09:36:32,419.65,3176524
2021-06-23 09:36:32,419.6,3176531
2021-06-23 09:36:33,419.6,3176665
2021-06-23 09:36:34,419.6,3179140
2021-06-23 09:36:36,419.6,3180510
2021-06-23 09:36:37,419.6,3182480
2021-06-23 09:36:38,419.6,3183426
2021-06-23 09:36:38,419.6,3183392
2021-06-23 09:36:39,419.6,3184250
2021-06-23 09:36:40,419.6,3190465
2021-06-23 09:36:42,419.6,3191743
2021-06-23 09:36:43,419.7,3192211
2021-06-23 09:36:44,419.8,3192292
2021-06-23 09:36:45,419.8,3197357
2021-06-23 09:36:47,419.8,3198623
2021-06-23 09:36:48,419.75,3198635
2021-06-23 09:36:49,419.9,3200015
2021-06-23 09:36:50,420.0,3209916
2021-06-23 09:36:52,420.0,3210112
2021-06-23 09:36:53,420.0,3215518
2021-06-23 09:36:54,419.95,3216222
2021-06-23 09:36:54,420.0,3216227
2021-06-23 09:36:55,419.95,3216258
2021-06-23 09:36:57,419.95,3216448
2021-06-23 09:36:58,419.95,3216556
2021-06-23 09:36:59,420.0,3216751
2021-06-23 09:37:00,419.95,3216797
2021-06-23 09:37:00,420.0,3216796
2021-06-23 09:37:02,420.0,3217047
2021-06-23 09:37:03,420.0,3226756
2021-06-23 09:37:04,420.05,3228012
2021-06-23 09:37:06,420.2,3229152
2021-06-23 09:37:06,420.2,3229162
2021-06-23 09:37:08,420.2,3233559
2021-06-23 09:37:09,420.15,3234328
2021-06-23 09:37:10,420.15,3234432
2021-06-23 09:37:11,420.05,3235137
2021-06-23 09:37:12,420.1,3235738
2021-06-23 09:37:13,420.1,3235955
2021-06-23 09:37:13,420.1,3235955
2021-06-23 09:37:15,420.15,3236313
2021-06-23 09:37:16,420.1,3237242
2021-06-23 09:37:17,420.3,3241698
2021-06-23 09:37:18,420.2,3242554
2021-06-23 09:37:18,420.2,3242554
2021-06-23 09:37:20,420.3,3243138
2021-06-23 09:37:21,420.35,3245069
2021-06-23 09:37:22,420.35,3245134
2021-06-23 09:37:23,420.35,3245134
2021-06-23 09:37:24,420.35,3245243
2021-06-23 09:37:24,420.3,3245253
2021-06-23 09:37:26,420.3,3247674
2021-06-23 09:37:27,420.2,3247868
2021-06-23 09:37:28,420.2,3249010
2021-06-23 09:37:29,420.0,3250682
2021-06-23 09:37:29,420.15,3250582
2021-06-23 09:37:31,420.0,3252966
2021-06-23 09:37:32,420.1,3253796
2021-06-23 09:37:33,420.3,3255522
2021-06-23 09:37:34,420.05,3256182
2021-06-23 09:37:36,420.3,3256562
2021-06-23 09:37:37,420.3,3257142
2021-06-23 09:37:38,420.25,3257280
2021-06-23 09:37:39,420.25,3258040
2021-06-23 09:37:39,420.25,3258040
2021-06-23 09:37:40,420.1,3258838
2021-06-23 09:37:42,420.1,3258977
2021-06-23 09:37:43,420.2,3259241
2021-06-23 09:37:44,419.85,3266554
2021-06-23 09:37:45,419.95,3266844
2021-06-23 09:37:46,419.85,3267200
2021-06-23 09:37:46,419.85,3267200
2021-06-23 09:37:48,419.95,3268041
2021-06-23 09:37:49,420.05,3269804
2021-06-23 09:37:50,420.1,3270050
2021-06-23 09:37:52,420.05,3271480
2021-06-23 09:37:54,420.05,3272185
2021-06-23 09:37:55,420.05,3272636
2021-06-23 09:37:56,420.05,3272771
2021-06-23 09:37:57,420.1,3272889
2021-06-23 09:37:57,420.05,3273371
2021-06-23 09:37:59,420.1,3273696
2021-06-23 09:38:00,420.2,3278489
2021-06-23 09:38:01,420.05,3279029
2021-06-23 09:38:02,420.05,3279616
2021-06-23 09:38:02,420.05,3279876
2021-06-23 09:38:05,420.05,3280573
2021-06-23 09:38:06,420.25,3282723
2021-06-23 09:38:07,420.2,3283184
2021-06-23 09:38:07,420.2,3283184
2021-06-23 09:38:08,420.2,3283237
2021-06-23 09:38:10,420.25,3284435
2021-06-23 09:38:11,420.25,3284560
2021-06-23 09:38:12,420.3,3285146
2021-06-23 09:38:13,420.35,3288927
2021-06-23 09:38:15,420.3,3289612
2021-06-23 09:38:16,420.3,3291504
2021-06-23 09:38:17,420.35,3291554
2021-06-23 09:38:18,420.35,3292048
2021-06-23 09:38:18,420.35,3292050
2021-06-23 09:38:20,420.35,3292955
2021-06-23 09:38:21,420.4,3293160
2021-06-23 09:38:22,420.05,3299136
2021-06-23 09:38:23,420.15,3299161
2021-06-23 09:38:23,420.15,3299161
2021-06-23 09:38:25,420.05,3299450
2021-06-23 09:38:26,420.15,3299451
2021-06-23 09:38:27,420.15,3299451
2021-06-23 09:38:28,420.3,3299891
2021-06-23 09:38:29,420.3,3300412
2021-06-23 09:38:30,420.3,3300597
2021-06-23 09:38:31,420.25,3301148
2021-06-23 09:38:31,420.15,3301151
2021-06-23 09:38:32,420.2,3301157
2021-06-23 09:38:35,420.3,3302360
2021-06-23 09:38:37,420.2,3302575
2021-06-23 09:38:38,420.2,3303078
2021-06-23 09:38:39,420.3,3304680
2021-06-23 09:38:39,420.2,3305098
2021-06-23 09:38:41,420.15,3305319
2021-06-23 09:38:43,420.15,3306261
2021-06-23 09:38:44,420.15,3306436
2021-06-23 09:38:44,420.15,3306436
2021-06-23 09:38:45,420.05,3309220
2021-06-23 09:38:46,420.15,3309357
2021-06-23 09:38:48,420.15,3309456
2021-06-23 09:38:49,420.15,3310675
2021-06-23 09:38:51,420.15,3310977
2021-06-23 09:38:51,420.2,3311007
2021-06-23 09:38:53,420.1,3311403
2021-06-23 09:38:54,420.2,3311404
2021-06-23 09:38:56,420.1,3313148
2021-06-23 09:38:57,420.2,3313205
2021-06-23 09:38:57,420.3,3313245
2021-06-23 09:38:59,420.3,3315305
2021-06-23 09:39:00,420.25,3315381
2021-06-23 09:39:01,420.3,3317004
2021-06-23 09:39:02,420.3,3317053
2021-06-23 09:39:02,420.25,3317068
2021-06-23 09:39:04,420.25,3317425
2021-06-23 09:39:05,420.5,3342479
2021-06-23 09:39:06,420.4,3343429
2021-06-23 09:39:07,420.45,3344411
2021-06-23 09:39:09,420.5,3344726
2021-06-23 09:39:10,420.5,3346844
2021-06-23 09:39:11,420.45,3347398
2021-06-23 09:39:12,420.5,3348693
2021-06-23 09:39:13,420.5,3348704
2021-06-23 09:39:15,420.5,3349333
2021-06-23 09:39:14,420.45,3349132
2021-06-23 09:39:16,420.45,3349417
2021-06-23 09:39:17,420.5,3349917
2021-06-23 09:39:18,420.45,3351064
2021-06-23 09:39:19,420.5,3351795
2021-06-23 09:39:21,420.5,3352952
2021-06-23 09:39:20,420.5,3351952
2021-06-23 09:39:22,420.45,3353281
2021-06-23 09:39:23,420.45,3356887
2021-06-23 09:39:24,420.5,3357327
2021-06-23 09:39:25,420.55,3358129
2021-06-23 09:39:26,420.5,3359212
2021-06-23 09:39:27,420.5,3359214
2021-06-23 09:39:28,420.6,3368118
2021-06-23 09:39:29,420.65,3368245
2021-06-23 09:39:30,420.65,3368245
2021-06-23 09:39:31,420.8,3369868
2021-06-23 09:39:33,420.65,3371077
2021-06-23 09:39:35,420.65,3372343
2021-06-23 09:39:36,420.7,3372351
2021-06-23 09:39:37,420.65,3372582
2021-06-23 09:39:38,420.65,3373826
2021-06-23 09:39:39,420.65,3373826
2021-06-23 09:39:40,420.85,3374881
2021-06-23 09:39:41,420.75,3375089
2021-06-23 09:39:42,420.85,3375577
2021-06-23 09:39:43,420.85,3376458
2021-06-23 09:39:44,420.85,3376857
2021-06-23 09:39:45,420.8,3376957
2021-06-23 09:39:46,420.8,3377160
2021-06-23 09:39:47,420.85,3377814
2021-06-23 09:39:48,420.7,3378189
2021-06-23 09:39:49,420.85,3378423
2021-06-23 09:39:50,420.85,3380987
2021-06-23 09:39:51,420.75,3382245
2021-06-23 09:39:52,420.6,3384849
2021-06-23 09:39:53,420.6,3386349
2021-06-23 09:39:54,420.6,3386780
2021-06-23 09:39:55,420.65,3387444
2021-06-23 09:39:56,420.65,3387750
2021-06-23 09:39:57,420.55,3387857
2021-06-23 09:39:59,420.65,3388115
2021-06-23 09:39:58,420.65,3388015
2021-06-23 09:40:00,420.65,3388298
2021-06-23 09:40:01,420.65,3388367
2021-06-23 09:40:02,420.65,3389454
2021-06-23 09:40:03,420.75,3391005
2021-06-23 09:40:04,420.75,3391206
2021-06-23 09:40:05,420.65,3391319
2021-06-23 09:40:06,420.5,3392870
2021-06-23 09:40:07,420.65,3392914
2021-06-23 09:40:08,420.65,3394101
2021-06-23 09:40:09,420.6,3394202
2021-06-23 09:40:10,420.65,3394303
2021-06-23 09:40:11,420.5,3394646
2021-06-23 09:40:12,420.55,3394806
2021-06-23 09:40:13,420.55,3394836
2021-06-23 09:40:14,420.45,3402573
2021-06-23 09:40:15,420.45,3404234
2021-06-23 09:40:17,420.3,3423711
2021-06-23 09:40:18,420.35,3423820
2021-06-23 09:40:19,420.25,3424970
2021-06-23 09:40:20,420.35,3425736
2021-06-23 09:40:21,420.4,3425869
2021-06-23 09:40:22,420.45,3427622
2021-06-23 09:40:23,420.35,3427922
2021-06-23 09:40:24,420.45,3428285
2021-06-23 09:40:25,420.45,3428400
2021-06-23 09:40:27,420.35,3429934
2021-06-23 09:40:28,420.45,3430176
2021-06-23 09:40:29,420.35,3430296
2021-06-23 09:40:30,420.45,3430547
2021-06-23 09:40:31,420.35,3431031
2021-06-23 09:40:32,420.35,3432031
2021-06-23 09:40:33,420.45,3432620
2021-06-23 09:40:34,420.4,3433665
2021-06-23 09:40:35,420.4,3433665
2021-06-23 09:40:36,420.45,3433780
2021-06-23 09:40:37,420.25,3438018
2021-06-23 09:40:38,420.25,3438018
2021-06-23 09:40:39,420.4,3438044
2021-06-23 09:40:40,420.45,3439048
2021-06-23 09:40:42,420.35,3439863
2021-06-23 09:40:43,420.35,3440464
2021-06-23 09:40:44,420.4,3441236
2021-06-23 09:40:45,420.45,3441725
2021-06-23 09:40:46,420.45,3441740
2021-06-23 09:40:47,420.45,3441825
2021-06-23 09:40:48,420.45,3441826
2021-06-23 09:40:49,420.45,3441826
2021-06-23 09:40:50,420.45,3442029
2021-06-23 09:40:51,420.45,3442230
2021-06-23 09:40:52,420.35,3442363
2021-06-23 09:40:53,420.45,3442366
2021-06-23 09:40:54,420.35,3442416
2021-06-23 09:40:55,420.45,3443728
2021-06-23 09:40:56,420.45,3443739
2021-06-23 09:40:57,420.5,3443756
2021-06-23 09:40:58,420.5,3443757
2021-06-23 09:40:59,420.45,3443934
2021-06-23 09:41:00,420.45,3444048
2021-06-23 09:41:01,420.4,3444049
2021-06-23 09:41:02,420.4,3444129
2021-06-23 09:41:03,420.35,3444410
2021-06-23 09:41:04,420.35,3445040
2021-06-23 09:41:05,420.35,3445210
2021-06-23 09:41:06,420.4,3445689
2021-06-23 09:41:07,420.4,3445715
2021-06-23 09:41:08,420.4,3445941
2021-06-23 09:41:10,420.4,3447942
2021-06-23 09:41:11,420.35,3448608
2021-06-23 09:41:12,420.45,3449109
2021-06-23 09:41:13,420.3,3449609
2021-06-23 09:41:14,420.35,3449709
2021-06-23 09:41:15,420.45,3450154
2021-06-23 09:41:16,420.45,3450376
2021-06-23 09:41:17,420.5,3453461
2021-06-23 09:41:18,420.5,3454277
2021-06-23 09:41:19,420.5,3455860
2021-06-23 09:41:20,420.75,3458479
2021-06-23 09:41:21,420.6,3458739
2021-06-23 09:41:22,420.7,3459189
2021-06-23 09:41:23,420.6,3459230
2021-06-23 09:41:25,420.6,3459240
2021-06-23 09:41:25,420.6,3459240
2021-06-23 09:41:26,420.6,3461508
2021-06-23 09:41:27,420.6,3461966
2021-06-23 09:41:28,420.6,3463198
2021-06-23 09:41:29,420.6,3463198
2021-06-23 09:41:30,420.5,3465143
2021-06-23 09:41:31,420.6,3465873
2021-06-23 09:41:32,420.5,3466104
2021-06-23 09:41:34,420.5,3466104
2021-06-23 09:41:34,420.5,3466104
2021-06-23 09:41:35,420.55,3466243
2021-06-23 09:41:36,420.6,3466711
2021-06-23 09:41:37,420.55,3468549
2021-06-23 09:41:38,420.55,3469299
2021-06-23 09:41:39,420.7,3469385
2021-06-23 09:41:41,420.6,3469552
2021-06-23 09:41:41,420.6,3469645
2021-06-23 09:41:42,420.65,3469856
2021-06-23 09:41:43,420.45,3472844
2021-06-23 09:41:45,420.4,3475243
2021-06-23 09:41:45,420.4,3475243
2021-06-23 09:41:46,420.55,3475273
2021-06-23 09:41:47,420.55,3475298
2021-06-23 09:41:48,420.6,3475302
2021-06-23 09:41:49,420.55,3476277
2021-06-23 09:41:50,420.6,3478503
2021-06-23 09:41:51,420.55,3478624
2021-06-23 09:41:52,420.55,3479006
2021-06-23 09:41:53,420.55,3479082
2021-06-23 09:41:54,420.4,3479901
2021-06-23 09:41:56,420.4,3479901
2021-06-23 09:41:56,420.4,3479901
2021-06-23 09:41:58,420.45,3480433
2021-06-23 09:41:59,420.6,3480483
2021-06-23 09:42:00,420.6,3480534
2021-06-23 09:42:01,420.35,3482471
2021-06-23 09:42:02,420.5,3483030
2021-06-23 09:42:03,420.5,3483140
2021-06-23 09:42:04,420.5,3483375
2021-06-23 09:42:05,420.5,3483625
2021-06-23 09:42:06,420.45,3483667
2021-06-23 09:42:07,420.4,3484674
2021-06-23 09:42:08,420.3,3488701
2021-06-23 09:42:09,420.25,3488961
2021-06-23 09:42:10,420.4,3489211
2021-06-23 09:42:11,420.35,3489613
2021-06-23 09:42:12,420.35,3489614
2021-06-23 09:42:14,420.35,3489780
2021-06-23 09:42:14,420.3,3489730
2021-06-23 09:42:15,420.35,3491011
2021-06-23 09:42:16,420.3,3491102
2021-06-23 09:42:17,420.35,3491382
2021-06-23 09:42:18,420.25,3492307
2021-06-23 09:42:19,420.4,3493230
2021-06-23 09:42:20,420.35,3493231
2021-06-23 09:42:22,420.45,3493542
2021-06-23 09:42:23,420.45,3495792
2021-06-23 09:42:24,420.4,3495818
2021-06-23 09:42:25,420.5,3496674
2021-06-23 09:42:26,420.45,3496675
2021-06-23 09:42:27,420.55,3496741
2021-06-23 09:42:28,420.6,3500708
2021-06-23 09:42:29,420.6,3500858
2021-06-23 09:42:30,420.6,3500858
2021-06-23 09:42:32,420.55,3501163
2021-06-23 09:42:32,420.65,3502223
2021-06-23 09:42:33,420.45,3512048
2021-06-23 09:42:34,420.7,3512099
2021-06-23 09:42:35,420.55,3512199
2021-06-23 09:42:36,420.7,3512699
2021-06-23 09:42:37,420.6,3512729
2021-06-23 09:42:38,420.7,3513324
2021-06-23 09:42:39,420.6,3513436
2021-06-23 09:42:41,420.7,3513646
2021-06-23 09:42:41,420.7,3513646
2021-06-23 09:42:43,420.7,3514054
2021-06-23 09:42:44,420.6,3514292
2021-06-23 09:42:45,420.7,3515869
2021-06-23 09:42:46,420.7,3542013
2021-06-23 09:42:47,420.7,3542799
2021-06-23 09:42:48,420.7,3543060
2021-06-23 09:42:49,420.7,3543110
2021-06-23 09:42:51,420.6,3550199
2021-06-23 09:42:51,420.65,3550209
2021-06-23 09:42:52,420.7,3552114
2021-06-23 09:42:53,420.7,3553985
2021-06-23 09:42:54,420.7,3554763
2021-06-23 09:42:55,420.7,3555426
2021-06-23 09:42:56,420.7,3556423
2021-06-23 09:42:57,420.55,3559731
2021-06-23 09:42:59,420.65,3560401
2021-06-23 09:42:59,420.65,3560336
2021-06-23 09:43:00,420.65,3560676
2021-06-23 09:43:01,420.65,3560708
2021-06-23 09:43:02,420.45,3565979
2021-06-23 09:43:03,420.4,3566668
2021-06-23 09:43:04,420.4,3566668
2021-06-23 09:43:05,420.5,3566743
2021-06-23 09:43:06,420.5,3567565
2021-06-23 09:43:08,420.4,3567578
2021-06-23 09:43:08,420.4,3567578
2021-06-23 09:43:09,420.4,3567578
2021-06-23 09:43:10,420.5,3568597
2021-06-23 09:43:11,420.5,3568706
2021-06-23 09:43:12,420.5,3568706
2021-06-23 09:43:13,420.45,3569247
2021-06-23 09:43:14,420.45,3569499
2021-06-23 09:43:15,420.35,3570999
2021-06-23 09:43:16,420.35,3573270
2021-06-23 09:43:18,420.45,3574308
2021-06-23 09:43:18,420.45,3574318
2021-06-23 09:43:19,420.45,3574318
2021-06-23 09:43:20,420.45,3574328
2021-06-23 09:43:21,420.45,3574488
2021-06-23 09:43:22,420.4,3575190
2021-06-23 09:43:23,420.4,3575290
2021-06-23 09:43:25,420.4,3575290
2021-06-23 09:43:26,420.5,3575800
2021-06-23 09:43:27,420.3,3577319
2021-06-23 09:43:28,420.35,3577326
2021-06-23 09:43:29,420.5,3577687
2021-06-23 09:43:30,420.5,3577852
2021-06-23 09:43:31,420.5,3578759
2021-06-23 09:43:32,420.5,3578928
2021-06-23 09:43:33,420.6,3579478
2021-06-23 09:43:34,420.5,3579498
2021-06-23 09:43:35,420.45,3579849
2021-06-23 09:43:36,420.35,3580176
2021-06-23 09:43:37,420.45,3580182
2021-06-23 09:43:38,420.35,3580273
2021-06-23 09:43:39,420.45,3580275
2021-06-23 09:43:40,420.35,3580331
2021-06-23 09:43:41,420.4,3580701
2021-06-23 09:43:42,420.4,3580976
2021-06-23 09:43:43,420.4,3582226
2021-06-23 09:43:44,420.4,3582421
2021-06-23 09:43:45,420.4,3583384
2021-06-23 09:43:45,420.45,3583371
2021-06-23 09:43:47,420.4,3583384
2021-06-23 09:43:48,420.45,3583669
2021-06-23 09:43:49,420.45,3583680
2021-06-23 09:43:50,420.45,3583684
2021-06-23 09:43:52,420.4,3583725
2021-06-23 09:43:52,420.4,3583725
2021-06-23 09:43:53,420.45,3583735
2021-06-23 09:43:54,420.45,3584285
2021-06-23 09:43:55,420.45,3584385
2021-06-23 09:43:57,420.4,3585085
2021-06-23 09:43:58,420.45,3585221
2021-06-23 09:43:59,420.5,3586071
2021-06-23 09:44:00,420.4,3587702
2021-06-23 09:44:01,420.35,3591945
2021-06-23 09:44:03,420.35,3594732
2021-06-23 09:44:05,420.35,3595037
2021-06-23 09:44:06,420.25,3597012
2021-06-23 09:44:06,420.45,3597032
2021-06-23 09:44:09,420.45,3597436
2021-06-23 09:44:09,420.45,3597436
2021-06-23 09:44:10,420.35,3598610
2021-06-23 09:44:11,420.5,3598860
2021-06-23 09:44:12,420.45,3598909
2021-06-23 09:44:13,420.4,3599121
2021-06-23 09:44:15,420.4,3599122
2021-06-23 09:44:16,420.45,3599911
2021-06-23 09:44:17,420.45,3599951
2021-06-23 09:44:18,420.35,3600155
2021-06-23 09:44:19,420.35,3600205
2021-06-23 09:44:20,420.35,3600220
2021-06-23 09:44:21,420.35,3600732
2021-06-23 09:44:22,420.3,3601008
2021-06-23 09:44:23,420.35,3601148
2021-06-23 09:44:24,420.4,3601213
2021-06-23 09:44:25,420.4,3602334
2021-06-23 09:44:25,420.3,3602233
2021-06-23 09:44:26,420.3,3602941
2021-06-23 09:44:28,420.3,3603178
2021-06-23 09:44:29,420.4,3603269
2021-06-23 09:44:30,420.4,3603302
2021-06-23 09:44:31,420.4,3603765
2021-06-23 09:44:32,420.3,3603890
2021-06-23 09:44:33,420.45,3608469
2021-06-23 09:44:33,420.45,3608467
2021-06-23 09:44:34,420.5,3611712
2021-06-23 09:44:35,420.5,3612416
2021-06-23 09:44:36,420.45,3612811
2021-06-23 09:44:37,420.45,3614143
2021-06-23 09:44:39,420.55,3622166
2021-06-23 09:44:41,420.55,3622767
2021-06-23 09:44:43,420.65,3623242
2021-06-23 09:44:44,420.55,3623512
2021-06-23 09:44:45,420.7,3626050
2021-06-23 09:44:45,420.7,3626050
2021-06-23 09:44:46,420.55,3626250
2021-06-23 09:44:47,420.5,3629251
2021-06-23 09:44:48,420.7,3630934
2021-06-23 09:44:49,420.55,3631667
2021-06-23 09:44:50,420.65,3631767
2021-06-23 09:44:51,420.65,3632467
2021-06-23 09:44:52,420.55,3632472
2021-06-23 09:44:54,420.55,3633373
2021-06-23 09:44:55,420.6,3633630
2021-06-23 09:44:56,420.55,3633986
2021-06-23 09:44:57,420.4,3637236
2021-06-23 09:44:57,420.4,3637241
2021-06-23 09:44:58,420.35,3637504
2021-06-23 09:44:59,420.5,3638041
2021-06-23 09:45:00,420.5,3638158
2021-06-23 09:45:01,420.55,3638179
2021-06-23 09:45:02,420.55,3638187
2021-06-23 09:45:03,420.4,3638459
2021-06-23 09:45:04,420.5,3639749
2021-06-23 09:45:05,420.4,3639961
2021-06-23 09:45:07,420.4,3640691
2021-06-23 09:45:08,420.3,3642483
2021-06-23 09:45:09,420.1,3650419
2021-06-23 09:45:10,420.05,3651630
2021-06-23 09:45:11,420.0,3672419
2021-06-23 09:45:12,419.75,3680589
2021-06-23 09:45:13,419.7,3680604
2021-06-23 09:45:14,419.7,3681598
2021-06-23 09:45:15,419.8,3683558
2021-06-23 09:45:16,419.65,3700025
2021-06-23 09:45:17,419.7,3700275
2021-06-23 09:45:19,419.65,3700350
2021-06-23 09:45:20,419.55,3700435
2021-06-23 09:45:21,419.55,3700912
2021-06-23 09:45:22,419.55,3701498
2021-06-23 09:45:22,419.55,3701698
2021-06-23 09:45:24,419.85,3704764
2021-06-23 09:45:26,420.1,3705676
2021-06-23 09:45:27,420.15,3706791
2021-06-23 09:45:28,420.25,3707232
2021-06-23 09:45:29,420.15,3708858
2021-06-23 09:45:30,420.25,3708946
2021-06-23 09:45:31,420.15,3709446
2021-06-23 09:45:33,420.15,3709620
2021-06-23 09:45:34,420.15,3710716
2021-06-23 09:45:35,420.1,3711229
2021-06-23 09:45:37,420.05,3711292
2021-06-23 09:45:38,420.15,3712389
2021-06-23 09:45:39,420.1,3712699
2021-06-23 09:45:40,420.2,3715676
2021-06-23 09:45:41,420.25,3715698
2021-06-23 09:45:42,420.25,3716228
2021-06-23 09:45:42,420.25,3716228
2021-06-23 09:45:44,420.1,3718195
2021-06-23 09:45:45,420.1,3718195
2021-06-23 09:45:47,420.25,3718295
2021-06-23 09:45:48,420.25,3718395
2021-06-23 09:45:49,420.1,3719279
2021-06-23 09:45:50,420.25,3719496
2021-06-23 09:45:51,420.15,3719508
2021-06-23 09:45:52,420.1,3719578
2021-06-23 09:45:52,420.1,3719578
2021-06-23 09:45:53,420.15,3719741
2021-06-23 09:45:54,420.15,3719843
2021-06-23 09:45:55,420.15,3720759
2021-06-23 09:45:56,420.4,3721835
2021-06-23 09:45:57,420.3,3721875
2021-06-23 09:45:58,420.35,3721878
2021-06-23 09:45:59,420.35,3721878
2021-06-23 09:46:00,420.3,3722497
2021-06-23 09:46:01,420.25,3722759
2021-06-23 09:46:02,420.2,3723804
2021-06-23 09:46:03,420.2,3723804
2021-06-23 09:46:04,420.1,3724662
2021-06-23 09:46:05,420.1,3725280
2021-06-23 09:46:06,420.1,3725287
2021-06-23 09:46:07,420.0,3726387
2021-06-23 09:46:08,420.15,3726451
2021-06-23 09:46:09,420.15,3726876
2021-06-23 09:46:10,420.1,3726916
2021-06-23 09:46:11,420.1,3726916
2021-06-23 09:46:12,420.0,3727165
2021-06-23 09:46:13,420.1,3727215
2021-06-23 09:46:14,420.15,3729031
2021-06-23 09:46:16,420.0,3730567
2021-06-23 09:46:17,420.15,3730775
2021-06-23 09:46:18,420.0,3731532
2021-06-23 09:46:19,420.15,3731533
2021-06-23 09:46:20,420.15,3731534
2021-06-23 09:46:21,420.1,3731636
2021-06-23 09:46:22,420.0,3733293
2021-06-23 09:46:23,420.0,3733493
2021-06-23 09:46:24,419.95,3734327
2021-06-23 09:46:25,420.0,3734611
2021-06-23 09:46:26,419.8,3735131
2021-06-23 09:46:27,419.95,3735942
2021-06-23 09:46:27,419.95,3735945
2021-06-23 09:46:28,419.95,3736195
2021-06-23 09:46:29,419.8,3737456
2021-06-23 09:46:32,419.85,3738116
2021-06-23 09:46:33,419.85,3738126
2021-06-23 09:46:34,420.1,3739308
2021-06-23 09:46:35,420.0,3739409
2021-06-23 09:46:37,420.0,3739414
2021-06-23 09:46:38,420.0,3739533
2021-06-23 09:46:39,420.0,3740259
2021-06-23 09:46:40,420.05,3740416
2021-06-23 09:46:40,420.05,3740416
2021-06-23 09:46:41,420.05,3740618
2021-06-23 09:46:42,420.1,3740819
2021-06-23 09:46:43,420.05,3740868
2021-06-23 09:46:44,420.05,3740878
2021-06-23 09:46:45,420.1,3741928
2021-06-23 09:46:47,420.05,3742282
2021-06-23 09:46:48,420.05,3742336
2021-06-23 09:46:49,419.9,3743790
2021-06-23 09:46:50,420.0,3743906
2021-06-23 09:46:50,420.0,3743906
2021-06-23 09:46:51,419.85,3744958
2021-06-23 09:46:52,420.0,3745115
2021-06-23 09:46:53,420.0,3745183
2021-06-23 09:46:55,419.95,3745335
2021-06-23 09:46:56,420.0,3745701
2021-06-23 09:46:57,419.85,3746058
2021-06-23 09:46:58,419.85,3746058
2021-06-23 09:46:58,419.85,3746058
2021-06-23 09:46:59,419.9,3746081
2021-06-23 09:47:00,419.9,3751231
2021-06-23 09:47:01,419.9,3751441
2021-06-23 09:47:02,419.6,3753591
2021-06-23 09:47:03,419.6,3753786
2021-06-23 09:47:05,419.7,3754724
2021-06-23 09:47:05,419.6,3753786
2021-06-23 09:47:06,419.65,3754894
2021-06-23 09:47:08,419.7,3758006
2021-06-23 09:47:08,419.6,3758011
2021-06-23 09:47:10,419.6,3759714
2021-06-23 09:47:11,419.6,3761734
2021-06-23 09:47:12,419.9,3763884
2021-06-23 09:47:13,419.85,3764992
2021-06-23 09:47:14,419.95,3765612
2021-06-23 09:47:15,419.95,3767632
2021-06-23 09:47:15,419.95,3767632
2021-06-23 09:47:16,419.9,3767692
2021-06-23 09:47:17,419.9,3768043
2021-06-23 09:47:19,419.9,3768063
2021-06-23 09:47:20,419.9,3768363
2021-06-23 09:47:21,420.0,3768489
2021-06-23 09:47:22,419.95,3768607
2021-06-23 09:47:22,419.95,3768607
2021-06-23 09:47:23,419.8,3769708
2021-06-23 09:47:25,419.9,3769859
2021-06-23 09:47:26,419.95,3770359
2021-06-23 09:47:27,419.75,3772357
2021-06-23 09:47:28,419.95,3773432
2021-06-23 09:47:28,419.95,3773457
2021-06-23 09:47:29,419.85,3773458
2021-06-23 09:47:30,419.85,3773458
2021-06-23 09:47:31,419.85,3773604
2021-06-23 09:47:32,419.8,3774133
2021-06-23 09:47:34,419.9,3774202
2021-06-23 09:47:37,419.9,3778056
2021-06-23 09:47:37,419.9,3778056
2021-06-23 09:47:38,420.0,3778073
2021-06-23 09:47:39,420.0,3778128
2021-06-23 09:47:40,419.9,3778616
2021-06-23 09:47:41,419.9,3779142
2021-06-23 09:47:43,419.9,3780044
2021-06-23 09:47:44,419.8,3780109
2021-06-23 09:47:45,419.8,3781594
2021-06-23 09:47:46,419.75,3781656
2021-06-23 09:47:47,419.75,3781764
2021-06-23 09:47:47,419.8,3781954
2021-06-23 09:47:48,419.8,3782060
2021-06-23 09:47:49,419.8,3782225
2021-06-23 09:47:50,419.8,3782225
2021-06-23 09:47:52,419.75,3782453
2021-06-23 09:47:53,419.75,3782453
2021-06-23 09:47:53,419.7,3782783
2021-06-23 09:47:55,419.8,3783051
2021-06-23 09:47:56,419.75,3784291
2021-06-23 09:47:57,419.85,3789751
2021-06-23 09:47:58,419.9,3790844
2021-06-23 09:47:59,419.9,3790844
2021-06-23 09:48:00,419.9,3791210
2021-06-23 09:48:01,419.9,3791342
2021-06-23 09:48:02,420.0,3792358
2021-06-23 09:48:03,419.9,3792758
2021-06-23 09:48:04,419.95,3792905
2021-06-23 09:48:05,420.0,3794145
2021-06-23 09:48:07,419.9,3794150
2021-06-23 09:48:08,420.0,3795155
2021-06-23 09:48:09,419.9,3795168
2021-06-23 09:48:10,419.9,3795168
2021-06-23 09:48:11,419.9,3795314
2021-06-23 09:48:12,419.9,3795314
2021-06-23 09:48:12,419.9,3795314
2021-06-23 09:48:13,420.0,3795424
2021-06-23 09:48:14,420.15,3817327
2021-06-23 09:48:15,420.3,3819409
2021-06-23 09:48:16,420.3,3820992
2021-06-23 09:48:17,420.15,3821592
2021-06-23 09:48:19,420.35,3822091
2021-06-23 09:48:20,420.2,3822192
2021-06-23 09:48:21,420.25,3822393
2021-06-23 09:48:22,420.35,3822443
2021-06-23 09:48:23,420.25,3822602
2021-06-23 09:48:24,420.35,3823641
2021-06-23 09:48:25,420.3,3828539
2021-06-23 09:48:26,420.3,3828630
2021-06-23 09:48:27,420.5,3829632
2021-06-23 09:48:28,420.35,3829940
2021-06-23 09:48:29,420.35,3830531
2021-06-23 09:48:29,420.35,3830531
2021-06-23 09:48:31,420.25,3831958
2021-06-23 09:48:32,420.25,3831958
2021-06-23 09:48:33,420.35,3832440
2021-06-23 09:48:34,420.3,3832518
2021-06-23 09:48:35,420.35,3832665
2021-06-23 09:48:36,420.35,3832666
2021-06-23 09:48:37,420.35,3832796
2021-06-23 09:48:38,420.35,3833174
2021-06-23 09:48:39,420.3,3833227
2021-06-23 09:48:40,420.35,3833287
2021-06-23 09:48:41,420.3,3834317
2021-06-23 09:48:42,420.3,3836205
2021-06-23 09:48:42,420.15,3835317
2021-06-23 09:48:43,420.25,3836307
2021-06-23 09:48:45,420.1,3836873
2021-06-23 09:48:45,420.1,3836873
2021-06-23 09:48:46,420.25,3836989
2021-06-23 09:48:48,420.25,3837039
2021-06-23 09:48:49,420.25,3837139
2021-06-23 09:48:50,420.0,3837986
2021-06-23 09:48:51,420.0,3838732
2021-06-23 09:48:52,420.0,3838805
2021-06-23 09:48:53,420.0,3839064
2021-06-23 09:48:54,420.1,3839239
2021-06-23 09:48:54,420.1,3839239
2021-06-23 09:48:55,420.1,3839329
2021-06-23 09:48:57,420.1,3839664
2021-06-23 09:48:58,420.0,3839914
2021-06-23 09:48:59,420.0,3841070
2021-06-23 09:49:00,420.0,3841168
2021-06-23 09:49:01,419.85,3844411
2021-06-23 09:49:02,420.0,3844856
2021-06-23 09:49:03,420.0,3845012
2021-06-23 09:49:03,420.0,3845012
2021-06-23 09:49:04,420.0,3845173
2021-06-23 09:49:06,420.1,3845455
2021-06-23 09:49:07,419.95,3846034
2021-06-23 09:49:08,420.05,3846035
2021-06-23 09:49:09,420.1,3846760
2021-06-23 09:49:10,420.05,3847195
2021-06-23 09:49:11,419.95,3847307
2021-06-23 09:49:11,419.95,3847307
2021-06-23 09:49:12,420.0,3847316
2021-06-23 09:49:13,420.0,3847552
2021-06-23 09:49:16,420.0,3847956
2021-06-23 09:49:17,419.95,3848356
2021-06-23 09:49:18,419.95,3848636
2021-06-23 09:49:19,419.95,3848636
2021-06-23 09:49:19,419.95,3848636
2021-06-23 09:49:20,420.0,3848935
2021-06-23 09:49:22,420.0,3849191
2021-06-23 09:49:23,419.95,3849545
2021-06-23 09:49:23,419.95,3849948
2021-06-23 09:49:25,419.95,3850259
2021-06-23 09:49:26,419.9,3851110
2021-06-23 09:49:26,419.8,3851128
2021-06-23 09:49:27,419.9,3851198
2021-06-23 09:49:29,419.95,3852177
2021-06-23 09:49:30,419.95,3852199
2021-06-23 09:49:31,419.95,3852224
2021-06-23 09:49:32,419.85,3852539
2021-06-23 09:49:33,420.0,3853722
2021-06-23 09:49:34,420.0,3853722
2021-06-23 09:49:35,420.0,3853722
2021-06-23 09:49:36,419.9,3854314
2021-06-23 09:49:36,419.9,3854314
2021-06-23 09:49:38,419.9,3854321
2021-06-23 09:49:39,419.8,3854413
2021-06-23 09:49:40,420.0,3854614
2021-06-23 09:49:41,420.0,3854614
2021-06-23 09:49:42,419.8,3859654
2021-06-23 09:49:43,420.0,3859670
2021-06-23 09:49:43,420.0,3859670
2021-06-23 09:49:44,419.85,3860170
2021-06-23 09:49:45,419.85,3860350
2021-06-23 09:49:46,420.0,3860955
2021-06-23 09:49:47,419.9,3861010
2021-06-23 09:49:48,420.0,3861730
2021-06-23 09:49:50,419.9,3861800
2021-06-23 09:49:51,419.9,3862039
2021-06-23 09:49:52,420.0,3862756
2021-06-23 09:49:53,419.9,3862815
2021-06-23 09:49:55,419.9,3862817
2021-06-23 09:49:54,419.9,3862817
2021-06-23 09:49:56,419.9,3862817
2021-06-23 09:49:57,420.0,3862918
2021-06-23 09:49:58,419.9,3862958
2021-06-23 09:49:59,419.9,3863029
2021-06-23 09:50:00,419.9,3863545
2021-06-23 09:50:01,419.85,3867910
2021-06-23 09:50:02,419.75,3868114
2021-06-23 09:50:03,419.9,3868184
2021-06-23 09:50:04,419.75,3868324
2021-06-23 09:50:05,419.9,3868356
2021-06-23 09:50:07,419.75,3868997
2021-06-23 09:50:08,419.75,3870520
2021-06-23 09:50:10,419.8,3870893
2021-06-23 09:50:11,419.75,3870898
2021-06-23 09:50:12,419.85,3871028
2021-06-23 09:50:13,419.75,3871255
2021-06-23 09:50:14,419.75,3871375
2021-06-23 09:50:15,419.75,3875713
2021-06-23 09:50:16,419.75,3876064
2021-06-23 09:50:17,419.8,3880513
2021-06-23 09:50:18,419.7,3881053
2021-06-23 09:50:20,419.85,3882860
2021-06-23 09:50:22,419.85,3883110
2021-06-23 09:50:21,420.0,3883035
2021-06-23 09:50:23,419.9,3883734
2021-06-23 09:50:24,419.75,3885348
2021-06-23 09:50:25,419.65,3896237
2021-06-23 09:50:26,419.65,3896293
2021-06-23 09:50:27,419.65,3899236
2021-06-23 09:50:28,419.7,3899551
2021-06-23 09:50:29,419.7,3899851
2021-06-23 09:50:30,419.6,3900608
2021-06-23 09:50:31,419.6,3902176
2021-06-23 09:50:32,419.65,3902231
2021-06-23 09:50:33,419.65,3902524
2021-06-23 09:50:35,419.75,3903575
2021-06-23 09:50:34,419.75,3903555
2021-06-23 09:50:36,419.75,3903678
2021-06-23 09:50:37,419.8,3904180
2021-06-23 09:50:38,419.65,3904380
2021-06-23 09:50:39,419.7,3905432
2021-06-23 09:50:40,419.7,3905607
2021-06-23 09:50:41,419.7,3905756
2021-06-23 09:50:42,419.75,3905979
2021-06-23 09:50:43,419.65,3906011
2021-06-23 09:50:44,419.65,3906011
2021-06-23 09:50:45,419.75,3906638
2021-06-23 09:50:46,419.65,3906750
2021-06-23 09:50:47,419.85,3907641
2021-06-23 09:50:48,419.85,3907808
2021-06-23 09:50:49,419.7,3907911
2021-06-23 09:50:50,419.75,3909467
2021-06-23 09:50:51,419.65,3909492
2021-06-23 09:50:52,419.65,3909492
2021-06-23 09:50:53,419.8,3909700
2021-06-23 09:50:54,419.8,3909700
2021-06-23 09:50:55,419.75,3909807
2021-06-23 09:50:56,419.75,3909934
2021-06-23 09:50:57,419.65,3912287
2021-06-23 09:50:58,419.7,3912887
2021-06-23 09:50:59,419.6,3914127
2021-06-23 09:51:00,419.7,3916745
2021-06-23 09:51:01,419.7,3916750
2021-06-23 09:51:02,419.65,3917860
2021-06-23 09:51:03,419.6,3919784
2021-06-23 09:51:04,419.7,3920607
2021-06-23 09:51:05,419.7,3920751
2021-06-23 09:51:06,419.7,3920751
2021-06-23 09:51:08,419.65,3924690
2021-06-23 09:51:09,419.65,3924700
2021-06-23 09:51:10,419.75,3924800
2021-06-23 09:51:11,419.7,3924817
2021-06-23 09:51:12,419.65,3924920
2021-06-23 09:51:13,419.75,3925135
2021-06-23 09:51:14,419.7,3925165
2021-06-23 09:51:15,419.65,3925657
2021-06-23 09:51:16,419.75,3925667
2021-06-23 09:51:17,419.65,3925668
2021-06-23 09:51:19,419.75,3925901
2021-06-23 09:51:20,419.7,3926020
2021-06-23 09:51:21,419.8,3927274
2021-06-23 09:51:22,419.8,3927274
2021-06-23 09:51:23,419.75,3928567
2021-06-23 09:51:24,419.95,3929923
2021-06-23 09:51:25,419.95,3929923
2021-06-23 09:51:26,419.75,3930923
2021-06-23 09:51:31,419.85,3935180
2021-06-23 09:51:32,419.85,3935180
2021-06-23 09:51:33,420.0,3935441
2021-06-23 09:51:34,420.0,3935461
2021-06-23 09:51:35,420.0,3935531
2021-06-23 09:51:36,420.0,3936964
2021-06-23 09:51:38,419.85,3937001
2021-06-23 09:51:40,419.85,3937647
2021-06-23 09:51:41,419.85,3937647
2021-06-23 09:51:42,419.9,3937773
2021-06-23 09:51:43,419.85,3937938
2021-06-23 09:51:44,419.85,3937939
2021-06-23 09:51:45,419.85,3938288
2021-06-23 09:51:46,419.95,3938457
2021-06-23 09:51:47,419.95,3938463
2021-06-23 09:51:48,419.85,3938664
2021-06-23 09:51:49,419.95,3938694
2021-06-23 09:51:50,419.95,3938694
2021-06-23 09:51:52,419.95,3938828
2021-06-23 09:51:54,419.85,3939763
2021-06-23 09:51:55,419.85,3939819
2021-06-23 09:51:56,419.9,3939944
2021-06-23 09:51:58,419.8,3940972
2021-06-23 09:51:58,419.8,3940972
2021-06-23 09:52:00,419.8,3941327
2021-06-23 09:52:01,419.6,3951377
2021-06-23 09:52:03,419.7,3951492
2021-06-23 09:52:04,419.7,3952392
2021-06-23 09:52:05,419.6,3952940
2021-06-23 09:52:05,419.7,3952990
2021-06-23 09:52:07,419.7,3953449
2021-06-23 09:52:08,419.7,3953501
2021-06-23 09:52:09,419.65,3954341
2021-06-23 09:52:11,419.65,3955618
2021-06-23 09:52:12,419.65,3955718
2021-06-23 09:52:13,419.7,3955738
2021-06-23 09:52:14,419.7,3955932
2021-06-23 09:52:15,419.65,3955942
2021-06-23 09:52:16,419.65,3956302
2021-06-23 09:52:17,419.65,3957022
2021-06-23 09:52:18,419.65,3957362
2021-06-23 09:52:19,419.55,4036215
2021-06-23 09:52:20,419.55,4036436
2021-06-23 09:52:21,419.6,4038176
2021-06-23 09:52:22,419.5,4039756
2021-06-23 09:52:23,419.6,4039806
2021-06-23 09:52:24,419.7,4044032
2021-06-23 09:52:25,419.6,4044467
2021-06-23 09:52:26,419.6,4044528
2021-06-23 09:52:28,419.65,4044554
2021-06-23 09:52:28,419.6,4044564
2021-06-23 09:52:29,419.6,4044914
2021-06-23 09:52:30,419.65,4046685
2021-06-23 09:52:31,419.65,4046753
2021-06-23 09:52:32,419.65,4047128
2021-06-23 09:52:33,419.55,4047241
2021-06-23 09:52:34,419.55,4047386
2021-06-23 09:52:35,419.55,4047961
2021-06-23 09:52:37,419.65,4048022
2021-06-23 09:52:38,419.65,4048143
2021-06-23 09:52:38,419.5,4049143
2021-06-23 09:52:39,419.55,4049248
2021-06-23 09:52:40,419.6,4051346
2021-06-23 09:52:41,419.6,4051861
2021-06-23 09:52:42,419.6,4053863
2021-06-23 09:52:43,419.6,4053865
2021-06-23 09:52:44,419.45,4059671
2021-06-23 09:52:45,419.5,4060237
2021-06-23 09:52:46,419.55,4061076
2021-06-23 09:52:47,419.4,4061227
2021-06-23 09:52:48,419.55,4061267
2021-06-23 09:52:49,419.55,4061812
2021-06-23 09:52:52,419.5,4063476
2021-06-23 09:52:54,419.65,4065405
2021-06-23 09:52:54,419.65,4065405
2021-06-23 09:52:55,419.65,4065821
2021-06-23 09:52:56,419.55,4065921
2021-06-23 09:52:57,419.45,4072972
2021-06-23 09:52:58,419.55,4073242
2021-06-23 09:52:59,419.55,4073242
2021-06-23 09:53:00,419.55,4073477
2021-06-23 09:53:01,419.35,4074377
2021-06-23 09:53:02,419.6,4075635
2021-06-23 09:53:03,419.6,4075641
2021-06-23 09:53:04,419.55,4076011
2021-06-23 09:53:05,419.55,4077007
2021-06-23 09:53:06,419.6,4077368
2021-06-23 09:53:07,419.6,4078499
2021-06-23 09:53:08,419.5,4078599
2021-06-23 09:53:09,419.4,4081608
2021-06-23 09:53:10,419.3,4086232
2021-06-23 09:53:11,419.3,4086362
2021-06-23 09:53:12,419.3,4086637
2021-06-23 09:53:15,419.25,4088773
2021-06-23 09:53:15,419.35,4088973
2021-06-23 09:53:16,419.2,4092553
2021-06-23 09:53:17,419.3,4094214
2021-06-23 09:53:18,419.35,4095279
2021-06-23 09:53:19,419.25,4095281
2021-06-23 09:53:20,419.25,4097399
2021-06-23 09:53:21,419.2,4099217
2021-06-23 09:53:22,419.3,4099400
2021-06-23 09:53:23,419.3,4099848
2021-06-23 09:53:24,419.25,4100344
2021-06-23 09:53:25,419.2,4100860
2021-06-23 09:53:26,419.15,4102176
2021-06-23 09:53:28,419.3,4103166
2021-06-23 09:53:28,419.3,4103166
2021-06-23 09:53:29,419.25,4104002
2021-06-23 09:53:30,419.2,4104122
2021-06-23 09:53:31,419.15,4106228
2021-06-23 09:53:32,419.2,4106528
2021-06-23 09:53:33,419.2,4106595
2021-06-23 09:53:34,419.2,4107672
2021-06-23 09:53:35,419.2,4107698
2021-06-23 09:53:36,419.3,4107846
2021-06-23 09:53:37,419.3,4109288
2021-06-23 09:53:38,419.2,4109520
2021-06-23 09:53:39,419.25,4109768
2021-06-23 09:53:40,419.1,4145091
2021-06-23 09:53:41,419.1,4146141
2021-06-23 09:53:42,419.05,4148198
2021-06-23 09:53:43,419.0,4148528
2021-06-23 09:53:44,419.05,4150855
2021-06-23 09:53:47,418.7,4241348
2021-06-23 09:53:47,418.75,4241168
2021-06-23 09:53:48,418.75,4242581
2021-06-23 09:53:49,418.9,4253217
2021-06-23 09:53:50,418.9,4253379
2021-06-23 09:53:51,419.1,4266745
2021-06-23 09:53:52,418.95,4267335
2021-06-23 09:53:54,419.0,4268880
2021-06-23 09:53:54,419.0,4268930
2021-06-23 09:53:55,418.9,4273054
2021-06-23 09:53:56,419.05,4276540
2021-06-23 09:53:57,418.95,4277934
2021-06-23 09:53:58,419.3,4281842
2021-06-23 09:53:59,419.25,4286347
2021-06-23 09:54:00,419.3,4288089
2021-06-23 09:54:01,419.35,4288955
2021-06-23 09:54:02,419.25,4289032
2021-06-23 09:54:03,419.2,4289107
2021-06-23 09:54:04,419.25,4290380
2021-06-23 09:54:05,419.3,4291836
2021-06-23 09:54:06,419.3,4292659
2021-06-23 09:54:07,419.25,4293832
2021-06-23 09:54:08,419.2,4294324
2021-06-23 09:54:09,419.1,4295270
2021-06-23 09:54:11,419.35,4295884
2021-06-23 09:54:11,419.3,4296934
2021-06-23 09:54:12,419.35,4299055
2021-06-23 09:54:13,419.35,4299094
2021-06-23 09:54:15,419.3,4300184
2021-06-23 09:54:16,419.4,4303060
2021-06-23 09:54:17,419.3,4303332
2021-06-23 09:54:18,419.3,4303342
2021-06-23 09:54:18,419.4,4303412
2021-06-23 09:54:21,419.35,4305756
2021-06-23 09:54:22,419.35,4308733
2021-06-23 09:54:23,419.25,4310748
2021-06-23 09:54:24,419.25,4310940
2021-06-23 09:54:25,419.2,4312272
2021-06-23 09:54:26,419.15,4312873
2021-06-23 09:54:27,419.05,4315434
2021-06-23 09:54:28,419.05,4341971
2021-06-23 09:54:29,419.15,4348305
2021-06-23 09:54:30,419.05,4348582
2021-06-23 09:54:31,419.15,4351105
2021-06-23 09:54:33,419.1,4352241
2021-06-23 09:54:33,419.15,4352917
2021-06-23 09:54:34,419.0,4353338
2021-06-23 09:54:35,419.0,4353648
2021-06-23 09:54:36,419.05,4359295
2021-06-23 09:54:38,419.1,4362426
2021-06-23 09:54:39,419.25,4362518
2021-06-23 09:54:40,419.15,4362608
2021-06-23 09:54:40,419.15,4362858
2021-06-23 09:54:41,419.25,4363257
2021-06-23 09:54:42,419.2,4363962
2021-06-23 09:54:43,419.05,4366100
2021-06-23 09:54:44,419.05,4366100
2021-06-23 09:54:45,419.15,4366615
2021-06-23 09:54:46,419.15,4367415
2021-06-23 09:54:48,419.15,4367618
2021-06-23 09:54:49,419.1,4370013
2021-06-23 09:54:49,419.1,4370013
2021-06-23 09:54:50,419.1,4373500
2021-06-23 09:54:51,419.1,4374611
2021-06-23 09:54:52,419.2,4374636
2021-06-23 09:54:53,419.25,4375936
2021-06-23 09:54:54,419.2,4376051
2021-06-23 09:54:55,419.2,4376279
2021-06-23 09:54:56,419.2,4376559
2021-06-23 09:54:57,419.2,4376731
2021-06-23 09:54:58,419.15,4380794
2021-06-23 09:54:59,419.2,4380831
2021-06-23 09:55:00,419.3,4383591
2021-06-23 09:55:02,419.15,4385362
2021-06-23 09:55:03,419.15,4385693
2021-06-23 09:55:04,419.15,4392844
2021-06-23 09:55:05,419.15,4392890
2021-06-23 09:55:06,419.15,4393398
2021-06-23 09:55:07,419.15,4393598
2021-06-23 09:55:07,419.15,4393599
2021-06-23 09:55:08,419.15,4393816
2021-06-23 09:55:09,419.15,4395329
2021-06-23 09:55:10,419.2,4401399
2021-06-23 09:55:11,419.2,4403800
2021-06-23 09:55:12,419.1,4406372
2021-06-23 09:55:14,419.2,4407024
2021-06-23 09:55:15,419.05,4407124
2021-06-23 09:55:16,419.15,4407634
2021-06-23 09:55:17,419.0,4409233
2021-06-23 09:55:17,419.1,4409253
2021-06-23 09:55:18,419.05,4409333
2021-06-23 09:55:19,419.05,4409958
2021-06-23 09:55:20,419.1,4410701
2021-06-23 09:55:21,419.1,4411530
2021-06-23 09:55:23,419.05,4413458
2021-06-23 09:55:23,419.1,4413758
2021-06-23 09:55:24,419.05,4414134
2021-06-23 09:55:25,419.0,4414714
2021-06-23 09:55:26,419.05,4415172
2021-06-23 09:55:27,419.05,4415515
2021-06-23 09:55:28,419.1,4415675
2021-06-23 09:55:30,419.05,4416476
2021-06-23 09:55:31,419.05,4416526
2021-06-23 09:55:32,419.05,4416580
2021-06-23 09:55:33,419.05,4417080
2021-06-23 09:55:33,419.05,4417080
2021-06-23 09:55:34,419.05,4417680
2021-06-23 09:55:35,419.1,4418265
2021-06-23 09:55:36,419.15,4418716
2021-06-23 09:55:38,419.1,4418856
2021-06-23 09:55:39,419.1,4419156
2021-06-23 09:55:40,419.2,4424835
2021-06-23 09:55:41,419.25,4428185
2021-06-23 09:55:43,419.25,4428532
2021-06-23 09:55:43,419.25,4428567
2021-06-23 09:55:44,419.2,4429546
2021-06-23 09:55:45,419.3,4430735
2021-06-23 09:55:46,419.3,4431290
2021-06-23 09:55:47,419.35,4436120
2021-06-23 09:55:49,419.3,4436961
2021-06-23 09:55:50,419.35,4438806
2021-06-23 09:55:51,419.35,4442357
2021-06-23 09:55:52,419.25,4442629
2021-06-23 09:55:53,419.35,4443198
2021-06-23 09:55:55,419.2,4447504
2021-06-23 09:55:56,419.1,4447865
2021-06-23 09:55:57,419.1,4449083
2021-06-23 09:55:58,418.9,4458519
2021-06-23 09:55:59,419.0,4460561
2021-06-23 09:56:00,418.85,4462692
2021-06-23 09:56:01,418.95,4463186
2021-06-23 09:56:02,418.95,4463188
2021-06-23 09:56:03,418.95,4463407
2021-06-23 09:56:04,418.85,4463654
2021-06-23 09:56:05,418.85,4463755
2021-06-23 09:56:06,418.85,4465050
2021-06-23 09:56:07,418.85,4467299
2021-06-23 09:56:08,418.95,4467549
2021-06-23 09:56:09,418.85,4467594
2021-06-23 09:56:10,418.95,4467631
2021-06-23 09:56:11,418.8,4468264
2021-06-23 09:56:12,418.85,4468613
2021-06-23 09:56:13,418.8,4469273
2021-06-23 09:56:15,418.95,4469959
2021-06-23 09:56:16,418.85,4470009
2021-06-23 09:56:17,418.85,4470130
2021-06-23 09:56:18,418.9,4471152
2021-06-23 09:56:19,418.8,4471757
2021-06-23 09:56:20,418.85,4471959
2021-06-23 09:56:21,418.65,4481382
2021-06-23 09:56:22,418.7,4483408
2021-06-23 09:56:23,418.7,4483409
2021-06-23 09:56:32,418.25,4535445
2021-06-23 09:56:33,418.15,4536517
2021-06-23 09:56:35,418.15,4539602
2021-06-23 09:56:34,418.2,4539112
2021-06-23 09:56:36,418.4,4546632
2021-06-23 09:56:37,418.5,4548477
2021-06-23 09:56:38,418.3,4548528
2021-06-23 09:56:39,418.4,4550249
2021-06-23 09:56:40,418.3,4550558
2021-06-23 09:56:41,418.35,4552089
2021-06-23 09:56:42,418.4,4556573
2021-06-23 09:56:43,418.4,4557575
2021-06-23 09:56:44,418.3,4558266
2021-06-23 09:56:45,418.45,4560032
2021-06-23 09:56:45,418.45,4560032
2021-06-23 09:56:46,418.4,4562969
2021-06-23 09:56:49,418.45,4566094
2021-06-23 09:56:50,418.5,4566314
2021-06-23 09:56:51,418.55,4568738
2021-06-23 09:56:52,418.55,4569935
2021-06-23 09:56:53,418.4,4571755
2021-06-23 09:56:54,418.35,4575562
2021-06-23 09:56:55,418.5,4577812
2021-06-23 09:56:55,418.55,4577292
2021-06-23 09:56:56,418.35,4588525
2021-06-23 09:56:57,418.35,4588749
2021-06-23 09:56:58,418.35,4589797
2021-06-23 09:56:59,418.3,4590525
2021-06-23 09:57:00,418.3,4591559
2021-06-23 09:57:02,418.4,4591888
2021-06-23 09:57:03,418.35,4592679
2021-06-23 09:57:04,418.35,4594505
2021-06-23 09:57:07,418.5,4597276
2021-06-23 09:57:08,418.55,4598427
2021-06-23 09:57:09,418.45,4600725
2021-06-23 09:57:10,418.5,4601535
2021-06-23 09:57:10,418.5,4601535
2021-06-23 09:57:11,418.45,4602640
2021-06-23 09:57:12,418.4,4603831
2021-06-23 09:57:13,418.35,4606282
2021-06-23 09:57:14,418.35,4607267
2021-06-23 09:57:15,418.35,4607950
2021-06-23 09:57:17,418.5,4611968
2021-06-23 09:57:18,418.5,4613514
2021-06-23 09:57:19,418.45,4614288
2021-06-23 09:57:20,418.45,4614364
2021-06-23 09:57:21,418.45,4616704
2021-06-23 09:57:22,418.45,4617298
2021-06-23 09:57:23,418.35,4623656
2021-06-23 09:57:23,418.45,4623661
2021-06-23 09:57:24,418.35,4625424
2021-06-23 09:57:26,418.45,4626945
2021-06-23 09:57:27,418.45,4627317
2021-06-23 09:57:28,418.4,4629609
2021-06-23 09:57:29,418.4,4630469
2021-06-23 09:57:29,418.4,4630469
2021-06-23 09:57:30,418.4,4631039
2021-06-23 09:57:31,418.35,4631682
2021-06-23 09:57:32,418.45,4632594
2021-06-23 09:57:33,418.4,4633299
2021-06-23 09:57:34,418.45,4633391
2021-06-23 09:57:35,418.45,4634331
2021-06-23 09:57:36,418.45,4634331
2021-06-23 09:57:37,418.4,4635885
2021-06-23 09:57:39,418.45,4635991
2021-06-23 09:57:40,418.5,4638299
2021-06-23 09:57:41,418.45,4638509
2021-06-23 09:57:42,418.5,4638651
2021-06-23 09:57:43,418.05,4705484
2021-06-23 09:57:43,418.0,4706633
2021-06-23 09:57:44,418.1,4708349
2021-06-23 09:57:45,418.05,4711287
2021-06-23 09:57:47,418.15,4714275
2021-06-23 09:57:48,417.8,4747428
2021-06-23 09:57:49,417.95,4749019
2021-06-23 09:57:50,417.9,4750841
2021-06-23 09:57:51,417.9,4754499
2021-06-23 09:57:51,417.95,4757684
2021-06-23 09:57:52,417.95,4758879
2021-06-23 09:57:54,417.9,4761640
2021-06-23 09:57:55,417.9,4763179
2021-06-23 09:57:56,417.95,4764935
2021-06-23 09:57:57,418.0,4765285
2021-06-23 09:57:58,417.95,4765985
2021-06-23 09:57:59,418.0,4766330
2021-06-23 09:57:59,418.0,4766433
2021-06-23 09:58:00,418.0,4767181
2021-06-23 09:58:01,418.0,4767226
2021-06-23 09:58:02,418.0,4769096
2021-06-23 09:58:03,418.0,4770705
2021-06-23 09:58:04,418.0,4770856
2021-06-23 09:58:05,418.0,4773025
2021-06-23 09:58:07,418.0,4778095
2021-06-23 09:58:08,418.05,4781448
2021-06-23 09:58:09,418.05,4782134
2021-06-23 09:58:10,418.25,4786787
2021-06-23 09:58:10,418.1,4787188
2021-06-23 09:58:11,418.1,4788073
2021-06-23 09:58:13,418.15,4789773
2021-06-23 09:58:14,418.1,4791293
2021-06-23 09:58:15,418.25,4791808
2021-06-23 09:58:16,418.25,4791927
2021-06-23 09:58:18,418.3,4793625
2021-06-23 09:58:18,418.3,4793625
2021-06-23 09:58:19,418.3,4794474
2021-06-23 09:58:20,418.3,4794709
2021-06-23 09:58:21,418.3,4794869
2021-06-23 09:58:23,418.35,4800827
2021-06-23 09:58:24,418.4,4801599
2021-06-23 09:58:25,418.35,4803578
2021-06-23 09:58:26,418.25,4804053
2021-06-23 09:58:27,418.45,4805744
2021-06-23 09:58:27,418.45,4805744
2021-06-23 09:58:28,418.35,4807839
2021-06-23 09:58:30,418.1,4812675
2021-06-23 09:58:31,418.2,4813728
2021-06-23 09:58:32,418.25,4814810
2021-06-23 09:58:33,418.35,4821412
2021-06-23 09:58:34,418.3,4821463
2021-06-23 09:58:35,418.35,4822274
2021-06-23 09:58:36,418.3,4822977
2021-06-23 09:58:37,418.4,4824750
2021-06-23 09:58:38,418.3,4825001
2021-06-23 09:58:39,418.55,4841080
2021-06-23 09:58:39,418.55,4841080
2021-06-23 09:58:40,418.55,4841680
2021-06-23 09:58:42,418.55,4843744
2021-06-23 09:58:43,418.4,4844438
2021-06-23 09:58:44,418.4,4844776
2021-06-23 09:58:45,418.35,4846884
2021-06-23 09:58:46,418.4,4847319
2021-06-23 09:58:47,418.35,4848467
2021-06-23 09:58:48,418.4,4850518
2021-06-23 09:58:49,418.4,4851114
2021-06-23 09:58:51,418.4,4851765
2021-06-23 09:58:53,418.4,4852597
2021-06-23 09:58:54,418.45,4853676
2021-06-23 09:58:55,418.4,4855688
2021-06-23 09:58:55,418.4,4855686
2021-06-23 09:58:57,418.5,4855969
2021-06-23 09:58:58,418.4,4874691
2021-06-23 09:58:59,418.3,4875216
2021-06-23 09:59:00,418.4,4875629
2021-06-23 09:59:01,418.35,4878780
2021-06-23 09:59:02,418.45,4881173
2021-06-23 09:59:03,418.4,4884812
2021-06-23 09:59:03,418.4,4884812
2021-06-23 09:59:05,418.5,4887859
2021-06-23 09:59:05,418.5,4887979
2021-06-23 09:59:07,418.5,4888304
2021-06-23 09:59:08,418.45,4888698
2021-06-23 09:59:09,418.5,4889318
2021-06-23 09:59:10,418.45,4889561
2021-06-23 09:59:11,418.55,4890687
2021-06-23 09:59:12,418.5,4890800
2021-06-23 09:59:13,418.45,4892095
2021-06-23 09:59:13,418.5,4892210
2021-06-23 09:59:14,418.55,4893570
2021-06-23 09:59:16,418.45,4895421
2021-06-23 09:59:17,418.5,4896461
2021-06-23 09:59:18,418.55,4897077
2021-06-23 09:59:19,418.5,4898813
2021-06-23 09:59:20,418.6,4898878
2021-06-23 09:59:21,418.55,4899069
2021-06-23 09:59:22,418.5,4899100
2021-06-23 09:59:23,418.55,4900065
2021-06-23 09:59:24,418.55,4900091
2021-06-23 09:59:24,418.5,4900094
2021-06-23 09:59:25,418.55,4902516
2021-06-23 09:59:27,418.65,4904219
2021-06-23 09:59:27,418.65,4905058
2021-06-23 09:59:29,418.6,4907892
2021-06-23 09:59:30,418.5,4908097
2021-06-23 09:59:31,418.6,4908131
2021-06-23 09:59:32,418.6,4909266
2021-06-23 09:59:32,418.6,4909241
2021-06-23 09:59:34,418.55,4910483
2021-06-23 09:59:35,418.6,4910493
2021-06-23 09:59:36,418.65,4912794
2021-06-23 09:59:37,418.5,4914186
2021-06-23 09:59:38,418.65,4914286
2021-06-23 09:59:39,418.65,4915489
2021-06-23 09:59:40,418.55,4915900
2021-06-23 09:59:41,418.65,4916381
2021-06-23 09:59:42,418.6,4916687
2021-06-23 09:59:43,418.55,4917857
2021-06-23 09:59:44,418.6,4918726
2021-06-23 09:59:45,418.6,4920125
2021-06-23 09:59:46,418.55,4920156
2021-06-23 09:59:47,418.6,4920358
2021-06-23 09:59:47,418.6,4920358
2021-06-23 09:59:49,418.65,4920608
2021-06-23 09:59:50,418.65,4921118
2021-06-23 09:59:51,418.6,4922322
2021-06-23 09:59:52,418.65,4922702
2021-06-23 09:59:53,418.6,4922917
2021-06-23 09:59:53,418.6,4922992
2021-06-23 09:59:55,418.5,4927434
2021-06-23 09:59:56,418.55,4928296
2021-06-23 09:59:57,418.55,4928323
2021-06-23 09:59:58,418.55,4928357
2021-06-23 09:59:58,418.5,4928382
2021-06-23 09:59:59,418.55,4929567
2021-06-23 10:00:01,418.6,4943447
2021-06-23 10:00:02,418.45,4948779
2021-06-23 10:00:03,418.3,4951818
2021-06-23 10:00:04,418.3,4952258
2021-06-23 10:00:04,418.4,4952268
2021-06-23 10:00:06,418.2,4957582
2021-06-23 10:00:07,418.2,4961030
2021-06-23 10:00:08,418.35,4961329
2021-06-23 10:00:09,418.35,4961432
2021-06-23 10:00:10,418.3,4961659
2021-06-23 10:00:11,418.3,4961833
2021-06-23 10:00:12,418.25,4961878
2021-06-23 10:00:13,418.5,4972432
2021-06-23 10:00:14,418.55,4974306
2021-06-23 10:00:14,418.45,4974356
2021-06-23 10:00:15,418.45,4974356
2021-06-23 10:00:17,418.6,4979165
2021-06-23 10:00:18,418.6,4979765
2021-06-23 10:00:19,418.7,4981572
2021-06-23 10:00:20,418.65,4981588
2021-06-23 10:00:20,418.65,4981638
2021-06-23 10:00:22,418.65,4981938
2021-06-23 10:00:23,418.65,4983129
2021-06-23 10:00:24,418.8,4986891
2021-06-23 10:00:25,418.8,4986917
2021-06-23 10:00:26,418.8,4987153
2021-06-23 10:00:27,418.85,4988484
2021-06-23 10:00:27,418.85,4988484
2021-06-23 10:00:29,418.9,4988967
2021-06-23 10:00:30,418.8,4989270
2021-06-23 10:00:31,418.85,4991766
2021-06-23 10:00:32,418.9,4993144
2021-06-23 10:00:33,418.8,4993284
2021-06-23 10:00:34,418.8,4993284
2021-06-23 10:00:36,418.9,4994981
2021-06-23 10:00:37,418.95,4996164
2021-06-23 10:00:38,418.95,4999169
2021-06-23 10:00:39,418.95,4999320
2021-06-23 10:00:40,418.95,4999320
2021-06-23 10:00:41,418.95,4999960
2021-06-23 10:00:43,419.0,5004577
2021-06-23 10:00:44,419.0,5005994
2021-06-23 10:00:45,419.0,5009438
2021-06-23 10:00:46,419.15,5012704
2021-06-23 10:00:47,419.15,5015688
2021-06-23 10:00:48,419.0,5017819
2021-06-23 10:00:49,419.2,5018151
2021-06-23 10:00:51,419.15,5020216
2021-06-23 10:00:50,419.15,5020216
2021-06-23 10:00:52,419.2,5021641
2021-06-23 10:00:54,419.05,5022475
2021-06-23 10:00:55,419.1,5022659
2021-06-23 10:00:56,419.15,5023714
2021-06-23 10:00:57,419.15,5023714
2021-06-23 10:00:59,419.15,5025122
2021-06-23 10:01:00,419.2,5027291
2021-06-23 10:01:01,419.15,5029910
2021-06-23 10:01:02,419.15,5030232
2021-06-23 10:01:03,419.15,5030232
2021-06-23 10:01:04,419.15,5030614
2021-06-23 10:01:05,419.1,5031044
2021-06-23 10:01:06,419.15,5033825
2021-06-23 10:01:07,419.05,5034429
2021-06-23 10:01:08,419.15,5035248
2021-06-23 10:01:09,419.25,5036526
2021-06-23 10:01:10,419.25,5036526
2021-06-23 10:01:11,419.2,5037077
2021-06-23 10:01:12,419.2,5037398
2021-06-23 10:01:13,419.25,5037508
2021-06-23 10:01:15,419.2,5037648
2021-06-23 10:01:16,419.15,5037913
2021-06-23 10:01:17,419.15,5042846
2021-06-23 10:01:18,419.2,5043578
2021-06-23 10:01:19,419.2,5044029
2021-06-23 10:01:22,419.15,5045566
2021-06-23 10:01:23,419.1,5045591
2021-06-23 10:01:25,419.1,5056789
2021-06-23 10:01:26,419.2,5056899
2021-06-23 10:01:29,419.2,5059591
2021-06-23 10:01:28,419.2,5059571
2021-06-23 10:01:31,419.25,5060357
2021-06-23 10:01:32,419.25,5061989
2021-06-23 10:01:33,419.25,5062114
2021-06-23 10:01:34,419.25,5062462
2021-06-23 10:01:36,419.2,5063517
2021-06-23 10:01:37,419.25,5064171
2021-06-23 10:01:38,419.3,5065057
2021-06-23 10:01:39,419.3,5065847
2021-06-23 10:01:40,419.3,5066147
2021-06-23 10:01:41,419.3,5066247
2021-06-23 10:01:42,419.25,5066635
2021-06-23 10:01:43,419.3,5069445
2021-06-23 10:01:44,419.3,5069654
2021-06-23 10:01:45,419.3,5069925
2021-06-23 10:01:46,419.2,5069956
2021-06-23 10:01:47,419.3,5070235
2021-06-23 10:01:48,419.3,5070885
2021-06-23 10:01:50,419.3,5071307
2021-06-23 10:01:51,419.25,5072039
2021-06-23 10:01:52,419.35,5075336
2021-06-23 10:01:53,419.25,5075340
2021-06-23 10:01:54,419.3,5075581
2021-06-23 10:01:55,419.2,5079424
2021-06-23 10:01:56,419.25,5079633
2021-06-23 10:01:57,419.25,5079753
2021-06-23 10:01:58,419.25,5080296
2021-06-23 10:02:00,419.2,5080514
2021-06-23 10:02:01,419.2,5080766
2021-06-23 10:02:02,419.3,5081022
2021-06-23 10:02:03,419.25,5081027
2021-06-23 10:02:04,419.3,5081326
2021-06-23 10:02:05,419.3,5081426
2021-06-23 10:02:06,419.3,5081446
2021-06-23 10:02:07,419.25,5082821
2021-06-23 10:02:08,419.3,5083132
2021-06-23 10:02:09,419.3,5083338
2021-06-23 10:02:11,419.3,5083363
2021-06-23 10:02:10,419.3,5083363
2021-06-23 10:02:12,419.3,5085088
2021-06-23 10:02:13,419.3,5085472
2021-06-23 10:02:14,419.3,5088826
2021-06-23 10:02:15,419.25,5090279
2021-06-23 10:02:16,419.3,5090625
2021-06-23 10:02:17,419.3,5091027
2021-06-23 10:02:18,419.3,5091203
2021-06-23 10:02:19,419.35,5091453
2021-06-23 10:02:20,419.35,5091453
2021-06-23 10:02:21,419.3,5092967
2021-06-23 10:02:22,419.35,5093018
2021-06-23 10:02:23,419.35,5093018
2021-06-23 10:02:24,419.35,5094250
2021-06-23 10:02:25,419.35,5094250
2021-06-23 10:02:26,419.4,5094756
2021-06-23 10:02:27,419.35,5095082
2021-06-23 10:02:28,419.4,5095202
2021-06-23 10:02:29,419.4,5095202
2021-06-23 10:02:30,419.4,5095447
2021-06-23 10:02:31,419.3,5095996
2021-06-23 10:02:32,419.4,5096046
2021-06-23 10:02:33,419.4,5096679
2021-06-23 10:02:34,419.35,5096880
2021-06-23 10:02:35,419.35,5096880
2021-06-23 10:02:36,419.4,5097104
2021-06-23 10:02:37,419.4,5097584
2021-06-23 10:02:38,419.35,5097786
2021-06-23 10:02:39,419.3,5099101
2021-06-23 10:02:40,419.45,5099110
2021-06-23 10:02:41,419.3,5100251
2021-06-23 10:02:42,419.45,5100902
2021-06-23 10:02:44,419.3,5101407
2021-06-23 10:02:45,419.35,5101408
2021-06-23 10:02:45,419.3,5101678
2021-06-23 10:02:46,419.4,5101734
2021-06-23 10:02:47,419.3,5102282
2021-06-23 10:02:49,419.4,5103432
2021-06-23 10:02:49,419.4,5103632
2021-06-23 10:02:50,419.35,5103682
2021-06-23 10:02:51,419.35,5103732
2021-06-23 10:02:52,419.4,5103957
2021-06-23 10:02:53,419.4,5104017
2021-06-23 10:02:55,419.4,5104905
2021-06-23 10:02:55,419.4,5104905
2021-06-23 10:02:56,419.35,5104915
2021-06-23 10:02:58,419.35,5107573
2021-06-23 10:02:59,419.35,5107673
2021-06-23 10:03:00,419.35,5108057
2021-06-23 10:03:01,419.35,5108082
2021-06-23 10:03:03,419.35,5108160
2021-06-23 10:03:03,419.35,5108140
2021-06-23 10:03:04,419.35,5108470
2021-06-23 10:03:05,419.35,5108518
2021-06-23 10:03:06,419.3,5108728
2021-06-23 10:03:07,419.3,5108747
2021-06-23 10:03:08,419.4,5108878
2021-06-23 10:03:09,419.3,5109136
2021-06-23 10:03:11,419.35,5109361
2021-06-23 10:03:11,419.35,5109361
2021-06-23 10:03:12,419.35,5109478
2021-06-23 10:03:13,419.3,5110318
2021-06-23 10:03:14,419.3,5110452
2021-06-23 10:03:15,419.3,5110698
2021-06-23 10:03:16,419.3,5110973
2021-06-23 10:03:17,419.25,5111178
2021-06-23 10:03:19,419.2,5111182
2021-06-23 10:03:20,419.25,5111288
2021-06-23 10:03:20,419.25,5111288
2021-06-23 10:03:21,419.3,5111490
2021-06-23 10:03:22,419.25,5111790
2021-06-23 10:03:26,418.9,5126748
2021-06-23 10:03:26,418.85,5126791
2021-06-23 10:03:28,418.95,5126862
2021-06-23 10:03:28,418.85,5126882
2021-06-23 10:03:29,418.95,5127090
2021-06-23 10:03:30,418.95,5127620
2021-06-23 10:03:31,418.95,5127951
2021-06-23 10:03:32,418.95,5128012
2021-06-23 10:03:33,418.95,5129174
2021-06-23 10:03:34,419.0,5129523
2021-06-23 10:03:37,419.05,5130408
2021-06-23 10:03:37,419.05,5130522
2021-06-23 10:03:38,419.05,5130878
2021-06-23 10:03:39,419.15,5132770
2021-06-23 10:03:40,419.25,5140494
2021-06-23 10:03:42,419.25,5142385
2021-06-23 10:03:42,419.35,5141835
2021-06-23 10:03:43,419.1,5142687
2021-06-23 10:03:44,419.2,5142770
2021-06-23 10:03:45,419.1,5143020
2021-06-23 10:03:46,419.1,5143320
2021-06-23 10:03:47,419.15,5144596
2021-06-23 10:03:48,419.2,5146300
2021-06-23 10:03:50,419.0,5147364
2021-06-23 10:03:50,419.0,5147364
2021-06-23 10:03:51,419.2,5147604
2021-06-23 10:03:52,419.1,5147665
2021-06-23 10:03:53,419.1,5148801
2021-06-23 10:03:54,419.05,5149051
2021-06-23 10:03:55,419.2,5149176
2021-06-23 10:03:56,419.1,5150951
2021-06-23 10:03:58,419.1,5151036
2021-06-23 10:03:58,419.1,5151036
2021-06-23 10:03:59,419.1,5151037
2021-06-23 10:04:00,419.1,5151037
2021-06-23 10:04:01,419.15,5151048
2021-06-23 10:04:02,419.2,5151259
2021-06-23 10:04:03,419.2,5152724
2021-06-23 10:04:04,419.15,5153731
2021-06-23 10:04:06,419.05,5153831
2021-06-23 10:04:07,419.0,5154381
2021-06-23 10:04:08,419.1,5154388
2021-06-23 10:04:09,418.9,5160132
2021-06-23 10:04:11,418.75,5160642
2021-06-23 10:04:13,418.85,5160988
2021-06-23 10:04:14,418.9,5161218
2021-06-23 10:04:13,418.75,5161209
2021-06-23 10:04:15,418.85,5161273
2021-06-23 10:04:16,418.85,5161344
2021-06-23 10:04:17,418.85,5161397
2021-06-23 10:04:18,418.85,5161578
2021-06-23 10:04:19,418.9,5161608
2021-06-23 10:04:21,418.85,5161760
2021-06-23 10:04:22,419.05,5176810
2021-06-23 10:04:23,418.9,5177187
2021-06-23 10:04:25,419.0,5179040
2021-06-23 10:04:25,418.85,5179038
2021-06-23 10:04:26,419.0,5179642
2021-06-23 10:04:27,419.0,5180147
2021-06-23 10:04:28,418.95,5180281
2021-06-23 10:04:29,419.0,5180307
2021-06-23 10:04:30,419.1,5180312
2021-06-23 10:04:31,419.1,5180373
2021-06-23 10:04:32,419.0,5180885
2021-06-23 10:04:33,419.1,5180965
2021-06-23 10:04:35,419.0,5180975
2021-06-23 10:04:36,419.1,5181021
2021-06-23 10:04:36,419.1,5180980
2021-06-23 10:04:37,419.05,5181253
2021-06-23 10:04:38,418.95,5186753
2021-06-23 10:04:39,419.05,5186869
2021-06-23 10:04:41,419.1,5186937
2021-06-23 10:04:42,419.0,5187048
2021-06-23 10:04:43,419.0,5187073
2021-06-23 10:04:44,419.0,5187406
2021-06-23 10:04:45,419.0,5187495
2021-06-23 10:04:46,419.0,5187757
2021-06-23 10:04:47,419.05,5187945
2021-06-23 10:04:49,419.0,5188236
2021-06-23 10:04:50,419.0,5188649
2021-06-23 10:04:51,419.0,5188749
2021-06-23 10:04:52,419.0,5188789
2021-06-23 10:04:54,418.9,5191351
2021-06-23 10:04:55,418.9,5191652
2021-06-23 10:04:56,418.9,5192037
2021-06-23 10:04:57,418.9,5194202
2021-06-23 10:04:58,418.85,5194261
2021-06-23 10:05:00,418.85,5194312
2021-06-23 10:05:01,418.85,5194437
2021-06-23 10:05:01,418.7,5194477
2021-06-23 10:05:02,418.85,5194700
2021-06-23 10:05:03,418.8,5194861
2021-06-23 10:05:05,418.85,5194887
2021-06-23 10:05:06,418.8,5195264
2021-06-23 10:05:07,418.7,5195771
2021-06-23 10:05:07,418.85,5195802
2021-06-23 10:05:08,418.7,5196217
2021-06-23 10:05:09,418.85,5196352
2021-06-23 10:05:11,418.7,5196452
2021-06-23 10:05:12,418.85,5196645
2021-06-23 10:05:12,418.85,5196640
2021-06-23 10:05:13,418.85,5196757
2021-06-23 10:05:14,418.85,5196810
2021-06-23 10:05:15,418.85,5196811
2021-06-23 10:05:16,418.8,5196851
2021-06-23 10:05:18,418.85,5196903
2021-06-23 10:05:19,418.85,5197369
2021-06-23 10:05:20,418.8,5197391
2021-06-23 10:05:20,418.8,5197391
2021-06-23 10:05:21,418.85,5198401
2021-06-23 10:05:22,418.9,5199560
2021-06-23 10:05:23,418.9,5199800
2021-06-23 10:05:24,419.1,5214867
2021-06-23 10:05:25,419.25,5228127
2021-06-23 10:05:27,419.15,5229962
2021-06-23 10:05:28,419.15,5230064
2021-06-23 10:05:29,419.15,5230245
2021-06-23 10:05:30,419.15,5230245
2021-06-23 10:05:31,419.25,5230602
2021-06-23 10:05:32,419.2,5230950
2021-06-23 10:05:33,419.2,5231183
2021-06-23 10:05:34,419.1,5231848
2021-06-23 10:05:35,419.1,5231848
2021-06-23 10:05:36,419.1,5231873
2021-06-23 10:05:37,419.0,5232373
2021-06-23 10:05:37,419.0,5232373
2021-06-23 10:05:39,419.0,5232373
2021-06-23 10:05:39,419.2,5232548
2021-06-23 10:05:42,419.1,5232549
2021-06-23 10:05:43,419.1,5232580
2021-06-23 10:05:44,419.2,5232680
2021-06-23 10:05:45,419.1,5232790
2021-06-23 10:05:45,419.1,5232790
2021-06-23 10:05:47,419.2,5233270
2021-06-23 10:05:47,419.2,5233270
2021-06-23 10:05:48,419.2,5233374
2021-06-23 10:05:49,419.1,5233586
2021-06-23 10:05:50,419.2,5233588
2021-06-23 10:05:51,419.1,5233869
2021-06-23 10:05:52,419.15,5235494
2021-06-23 10:05:53,419.0,5235524
2021-06-23 10:05:55,419.15,5235574
2021-06-23 10:05:55,419.15,5235574
2021-06-23 10:05:56,419.0,5235699
2021-06-23 10:05:57,419.1,5235705
2021-06-23 10:05:58,419.1,5235724
2021-06-23 10:05:59,419.15,5235776
2021-06-23 10:06:00,419.0,5236226
2021-06-23 10:06:01,419.05,5236335
2021-06-23 10:06:03,419.1,5236774
2021-06-23 10:06:04,419.1,5236839
2021-06-23 10:06:05,419.15,5237740
2021-06-23 10:06:07,419.15,5238244
2021-06-23 10:06:08,419.15,5238449
2021-06-23 10:06:09,419.2,5238549
2021-06-23 10:06:09,419.2,5238549
2021-06-23 10:06:10,419.1,5240279
2021-06-23 10:06:11,419.1,5240429
2021-06-23 10:06:12,419.1,5240494
2021-06-23 10:06:13,419.2,5240509
2021-06-23 10:06:14,419.2,5240509
2021-06-23 10:06:15,419.15,5240710
2021-06-23 10:06:16,419.2,5241210
2021-06-23 10:06:17,419.2,5241230
2021-06-23 10:06:19,419.15,5241233
2021-06-23 10:06:20,419.15,5241422
2021-06-23 10:06:21,419.1,5241512
2021-06-23 10:06:22,419.1,5241516
2021-06-23 10:06:23,419.2,5241536
2021-06-23 10:06:24,419.2,5241536
2021-06-23 10:06:25,419.2,5242188
2021-06-23 10:06:26,419.2,5242211
2021-06-23 10:06:27,419.2,5242462
2021-06-23 10:06:28,419.2,5242487
2021-06-23 10:06:29,419.2,5246358
2021-06-23 10:06:30,419.25,5246374
2021-06-23 10:06:31,419.2,5246375
2021-06-23 10:06:31,419.2,5246375
2021-06-23 10:06:32,419.25,5247268
2021-06-23 10:06:33,419.25,5247301
2021-06-23 10:06:34,419.25,5247323
2021-06-23 10:06:35,419.25,5248496
2021-06-23 10:06:37,419.3,5250414
2021-06-23 10:06:40,419.3,5251816
2021-06-23 10:06:40,419.3,5251904
2021-06-23 10:06:41,419.3,5251933
2021-06-23 10:06:43,419.25,5251990
2021-06-23 10:06:44,419.25,5252097
2021-06-23 10:06:44,419.25,5252097
2021-06-23 10:06:45,419.3,5252217
2021-06-23 10:06:46,419.25,5252388
2021-06-23 10:06:47,419.25,5252388
2021-06-23 10:06:48,419.25,5252588
2021-06-23 10:06:49,419.25,5254743
2021-06-23 10:06:50,419.25,5254804
2021-06-23 10:06:51,419.2,5255826
2021-06-23 10:06:52,419.2,5256165
2021-06-23 10:06:53,419.2,5256388
2021-06-23 10:06:55,419.1,5256838
2021-06-23 10:06:57,419.1,5256838
2021-06-23 10:06:58,419.25,5257148
2021-06-23 10:06:59,419.2,5257170
2021-06-23 10:07:00,419.25,5257520
2021-06-23 10:07:00,419.2,5257897
2021-06-23 10:07:02,419.2,5257898
2021-06-23 10:07:03,419.2,5257898
2021-06-23 10:07:03,419.2,5257989
2021-06-23 10:07:05,419.2,5258145
2021-06-23 10:07:07,419.2,5258347
2021-06-23 10:07:08,419.2,5258347
2021-06-23 10:07:10,419.2,5259820
2021-06-23 10:07:11,419.2,5260120
2021-06-23 10:07:12,419.2,5260621
2021-06-23 10:07:13,419.2,5260621
2021-06-23 10:07:14,419.2,5260661
2021-06-23 10:07:15,419.2,5260708
2021-06-23 10:07:16,419.2,5260874
2021-06-23 10:07:17,419.1,5262357
2021-06-23 10:07:18,419.2,5262591
2021-06-23 10:07:19,419.05,5263191
2021-06-23 10:07:19,419.05,5263191
2021-06-23 10:07:20,419.15,5263512
2021-06-23 10:07:21,419.15,5263729
2021-06-23 10:07:22,419.2,5264284
2021-06-23 10:07:23,419.2,5264295
2021-06-23 10:07:24,419.05,5264420
2021-06-23 10:07:25,419.15,5266566
2021-06-23 10:07:26,419.15,5266582
2021-06-23 10:07:28,419.15,5266588
2021-06-23 10:07:30,419.15,5266664
2021-06-23 10:07:31,419.15,5266841
2021-06-23 10:07:32,419.1,5266852
2021-06-23 10:07:33,419.1,5266913
2021-06-23 10:07:33,419.1,5267138
2021-06-23 10:07:35,419.15,5267144
2021-06-23 10:07:36,419.15,5267556
2021-06-23 10:07:37,419.15,5267556
2021-06-23 10:07:38,419.2,5267658
2021-06-23 10:07:39,419.1,5267660
2021-06-23 10:07:42,419.15,5267807
2021-06-23 10:07:41,419.15,5267807
2021-06-23 10:07:43,419.2,5268307
2021-06-23 10:07:44,419.2,5268307
2021-06-23 10:07:45,419.2,5268457
2021-06-23 10:07:46,419.2,5268462
2021-06-23 10:07:47,419.2,5268462
2021-06-23 10:07:48,419.2,5268830
2021-06-23 10:07:49,419.2,5268965
2021-06-23 10:07:50,419.2,5268978
2021-06-23 10:07:51,419.15,5268979
2021-06-23 10:07:52,419.2,5269011
2021-06-23 10:07:53,419.2,5269021
2021-06-23 10:07:54,419.2,5269058
2021-06-23 10:07:55,419.15,5269613
2021-06-23 10:07:56,419.15,5269618
2021-06-23 10:07:56,419.15,5269618
2021-06-23 10:07:58,419.15,5269730
2021-06-23 10:07:58,419.15,5269732
2021-06-23 10:07:59,419.15,5271260
2021-06-23 10:08:00,419.1,5272093
2021-06-23 10:08:02,419.1,5272099
2021-06-23 10:08:03,419.1,5272099
2021-06-23 10:08:04,419.1,5273100
2021-06-23 10:08:05,419.1,5273100
2021-06-23 10:08:06,419.1,5273500
2021-06-23 10:08:07,419.15,5274110
2021-06-23 10:08:08,419.15,5274215
2021-06-23 10:08:08,419.05,5274365
2021-06-23 10:08:09,419.1,5274372
2021-06-23 10:08:10,419.1,5274698
2021-06-23 10:08:11,419.05,5274750
