timestamp,ltp,volume
2021-06-23 09:16:36,666.9,58540
2021-06-23 09:16:43,666.9,58931
2021-06-23 09:16:49,666.95,62594
2021-06-23 09:16:56,667.6,68978
2021-06-23 09:17:03,667.15,70706
2021-06-23 09:17:09,667.0,71880
2021-06-23 09:17:16,667.0,76194
2021-06-23 09:17:23,667.15,78755
2021-06-23 09:17:29,667.45,79091
2021-06-23 09:17:35,667.45,81361
2021-06-23 09:17:42,667.85,83974
2021-06-23 09:17:48,668.0,86028
2021-06-23 09:17:55,667.9,86768
2021-06-23 09:18:02,668.2,88105
2021-06-23 09:18:09,668.3,90215
2021-06-23 09:18:15,668.35,90888
2021-06-23 09:18:21,668.3,92070
2021-06-23 09:18:28,668.1,93203
2021-06-23 09:18:41,668.3,95799
2021-06-23 09:18:47,668.4,96399
2021-06-23 09:18:54,668.3,98056
2021-06-23 09:19:00,668.15,101139
2021-06-23 09:19:13,667.95,102701
2021-06-23 09:19:20,667.85,103655
2021-06-23 09:19:26,668.1,105377
2021-06-23 09:19:33,668.0,106781
2021-06-23 09:19:39,668.2,106978
2021-06-23 09:19:45,668.25,108749
2021-06-23 09:19:51,667.7,109659
2021-06-23 09:19:58,668.1,110395
2021-06-23 09:20:04,667.75,111612
2021-06-23 09:20:17,667.8,112189
2021-06-23 09:20:23,667.5,113130
2021-06-23 09:20:29,667.9,114525
2021-06-23 09:20:42,667.75,115828
2021-06-23 09:20:48,667.8,116616
2021-06-23 09:20:55,667.05,120741
2021-06-23 09:21:01,666.95,123669
2021-06-23 09:21:08,667.05,124283
2021-06-23 09:21:14,666.9,125379
2021-06-23 09:21:21,666.7,126179
2021-06-23 09:21:28,667.0,126446
2021-06-23 09:21:34,667.0,126732
2021-06-23 09:21:40,667.0,127089
2021-06-23 09:21:47,666.6,129867
2021-06-23 09:21:53,666.35,130979
2021-06-23 09:21:59,666.25,131352
2021-06-23 09:22:05,666.25,132929
2021-06-23 09:22:12,666.25,136954
2021-06-23 09:22:19,666.25,138259
2021-06-23 09:22:25,666.4,143460
2021-06-23 09:22:31,666.25,144066
2021-06-23 09:22:37,666.4,144777
2021-06-23 09:22:44,666.4,145234
2021-06-23 09:22:50,666.35,146548
2021-06-23 09:22:56,666.65,148498
2021-06-23 09:23:02,666.45,148864
2021-06-23 09:23:08,667.0,149700
2021-06-23 09:23:15,667.0,150360
2021-06-23 09:23:21,667.6,151537
2021-06-23 09:23:27,667.35,152828
2021-06-23 09:23:40,667.5,155655
2021-06-23 09:23:52,667.4,156607
2021-06-23 09:23:58,667.65,156793
2021-06-23 09:24:05,667.5,157664
2021-06-23 09:24:11,667.8,158058
2021-06-23 09:24:17,667.55,158922
2021-06-23 09:24:23,667.75,159747
2021-06-23 09:24:30,667.75,162293
2021-06-23 09:24:36,668.0,164723
2021-06-23 09:24:42,668.0,164900
2021-06-23 09:24:49,667.8,165082
2021-06-23 09:24:55,668.0,165214
2021-06-23 09:25:01,667.8,165698
2021-06-23 09:25:07,667.95,166022
2021-06-23 09:25:13,668.0,166346
2021-06-23 09:25:19,668.1,167326
2021-06-23 09:25:23,668.1,167677
2021-06-23 09:25:24,668.1,167751
2021-06-23 09:25:25,668.1,167776
2021-06-23 09:25:26,668.1,167776
2021-06-23 09:25:28,668.1,167822
2021-06-23 09:25:28,668.1,167822
2021-06-23 09:25:29,668.1,167822
2021-06-23 09:25:30,668.1,167892
2021-06-23 09:25:31,668.1,167920
2021-06-23 09:25:32,668.1,167976
2021-06-23 09:25:33,668.05,168034
2021-06-23 09:25:34,668.05,168034
2021-06-23 09:25:35,668.05,168102
2021-06-23 09:25:36,668.05,168102
2021-06-23 09:25:37,668.0,168169
2021-06-23 09:25:38,668.0,168169
2021-06-23 09:25:39,668.0,168169
2021-06-23 09:25:40,667.8,168701
2021-06-23 09:25:41,668.0,168702
2021-06-23 09:25:42,668.0,168962
2021-06-23 09:25:43,668.0,168962
2021-06-23 09:25:44,668.0,168962
2021-06-23 09:25:45,668.0,168962
2021-06-23 09:25:46,668.0,168962
2021-06-23 09:25:47,668.0,169012
2021-06-23 09:25:48,667.8,169041
2021-06-23 09:25:49,667.8,169041
2021-06-23 09:25:50,667.8,169041
2021-06-23 09:25:51,667.8,169041
2021-06-23 09:25:52,667.8,169543
2021-06-23 09:25:54,667.8,169663
2021-06-23 09:25:55,667.8,169854
2021-06-23 09:25:56,667.95,169864
2021-06-23 09:25:57,667.75,170136
2021-06-23 09:25:58,667.55,170191
2021-06-23 09:25:59,667.8,170351
2021-06-23 09:26:00,667.9,170585
2021-06-23 09:26:01,667.5,170756
2021-06-23 09:26:02,667.5,170756
2021-06-23 09:26:03,667.5,170925
2021-06-23 09:26:04,667.4,170978
2021-06-23 09:26:05,667.6,171179
2021-06-23 09:26:06,667.65,171497
2021-06-23 09:26:07,667.6,171527
2021-06-23 09:26:08,667.65,171679
2021-06-23 09:26:09,667.65,171681
2021-06-23 09:26:10,667.65,171681
2021-06-23 09:26:11,667.65,171681
2021-06-23 09:26:12,667.65,171681
2021-06-23 09:26:13,667.65,171681
2021-06-23 09:26:14,667.65,171716
2021-06-23 09:26:15,667.65,171716
2021-06-23 09:26:16,667.65,171716
2021-06-23 09:26:16,667.6,171742
2021-06-23 09:26:17,667.6,171742
2021-06-23 09:26:18,667.7,171842
2021-06-23 09:26:19,667.7,171842
2021-06-23 09:26:20,667.6,171872
2021-06-23 09:26:21,667.6,171872
2021-06-23 09:26:22,667.6,172129
2021-06-23 09:26:23,667.6,172129
2021-06-23 09:26:24,667.55,172255
2021-06-23 09:26:25,667.55,172256
2021-06-23 09:26:26,667.55,172256
2021-06-23 09:26:27,667.55,172256
2021-06-23 09:26:28,667.55,172256
2021-06-23 09:26:30,667.55,172325
2021-06-23 09:26:31,667.55,172325
2021-06-23 09:26:32,667.55,172325
2021-06-23 09:26:33,667.55,172364
2021-06-23 09:26:34,667.55,172414
2021-06-23 09:26:35,667.55,172414
2021-06-23 09:26:36,667.55,172417
2021-06-23 09:26:37,667.4,172442
2021-06-23 09:26:38,667.4,172442
2021-06-23 09:26:39,667.4,172442
2021-06-23 09:26:40,667.4,172580
2021-06-23 09:26:41,667.2,172632
2021-06-23 09:26:42,667.5,172991
2021-06-23 09:26:43,667.5,172991
2021-06-23 09:26:43,667.5,172991
2021-06-23 09:26:45,667.3,173021
2021-06-23 09:26:46,667.3,173021
2021-06-23 09:26:47,667.5,173031
2021-06-23 09:26:48,667.5,173031
2021-06-23 09:26:49,667.5,173031
2021-06-23 09:26:50,667.5,173031
2021-06-23 09:26:51,667.5,173331
2021-06-23 09:26:52,667.5,173331
2021-06-23 09:26:53,667.5,173331
2021-06-23 09:26:54,667.5,173331
2021-06-23 09:26:55,667.5,173331
2021-06-23 09:26:56,667.5,173331
2021-06-23 09:26:57,667.55,173612
2021-06-23 09:26:58,667.55,173707
2021-06-23 09:26:59,667.55,173707
2021-06-23 09:27:00,667.55,173707
2021-06-23 09:27:02,667.65,175713
2021-06-23 09:27:03,667.65,175713
2021-06-23 09:27:04,667.65,175724
2021-06-23 09:27:05,667.65,175724
2021-06-23 09:27:06,667.65,175724
2021-06-23 09:27:07,667.65,175724
2021-06-23 09:27:07,667.65,175724
2021-06-23 09:27:08,667.45,175754
2021-06-23 09:27:09,667.45,175754
2021-06-23 09:27:10,667.65,175755
2021-06-23 09:27:11,667.65,175805
2021-06-23 09:27:12,667.65,175861
2021-06-23 09:27:13,667.4,175876
2021-06-23 09:27:14,667.4,175876
2021-06-23 09:27:15,667.4,175876
2021-06-23 09:27:16,667.35,175911
2021-06-23 09:27:17,667.35,175911
2021-06-23 09:27:18,667.65,175913
2021-06-23 09:27:19,667.65,175913
2021-06-23 09:27:20,667.65,175913
2021-06-23 09:27:21,667.4,175963
2021-06-23 09:27:22,667.4,175963
2021-06-23 09:27:23,667.65,176638
2021-06-23 09:27:24,667.45,176639
2021-06-23 09:27:25,667.45,176639
2021-06-23 09:27:27,667.7,176713
2021-06-23 09:27:27,667.7,176713
2021-06-23 09:27:28,667.45,176720
2021-06-23 09:27:29,667.45,176742
2021-06-23 09:27:30,667.7,176747
2021-06-23 09:27:32,667.45,177017
2021-06-23 09:27:33,667.5,177018
2021-06-23 09:27:34,667.4,177030
2021-06-23 09:27:35,667.4,177030
2021-06-23 09:27:36,667.4,177030
2021-06-23 09:27:37,667.5,177035
2021-06-23 09:27:38,667.5,177035
2021-06-23 09:27:38,667.5,177035
2021-06-23 09:27:40,667.5,177109
2021-06-23 09:27:41,667.5,177139
2021-06-23 09:27:42,667.7,177144
2021-06-23 09:27:43,667.7,177144
2021-06-23 09:27:44,667.7,177144
2021-06-23 09:27:45,667.7,177144
2021-06-23 09:27:45,667.7,177144
2021-06-23 09:27:47,667.5,177151
2021-06-23 09:27:47,667.7,177152
2021-06-23 09:27:49,667.75,177157
2021-06-23 09:27:49,667.75,177157
2021-06-23 09:27:50,667.75,177157
2021-06-23 09:27:51,667.75,177157
2021-06-23 09:27:53,667.75,177157
2021-06-23 09:27:53,667.45,177357
2021-06-23 09:27:55,667.7,177364
2021-06-23 09:27:56,667.7,177414
2021-06-23 09:27:57,667.7,177414
2021-06-23 09:27:58,667.75,177415
2021-06-23 09:27:59,667.75,177475
2021-06-23 09:28:00,667.75,177495
2021-06-23 09:28:01,667.75,177495
2021-06-23 09:28:02,667.7,177512
2021-06-23 09:28:03,667.7,177512
2021-06-23 09:28:04,667.5,178410
2021-06-23 09:28:05,667.5,178410
2021-06-23 09:28:06,667.55,178510
2021-06-23 09:28:06,667.55,178510
2021-06-23 09:28:07,667.75,178511
2021-06-23 09:28:08,667.75,178511
2021-06-23 09:28:10,667.75,178725
2021-06-23 09:28:11,667.75,178725
2021-06-23 09:28:12,667.75,178725
2021-06-23 09:28:13,667.75,178725
2021-06-23 09:28:14,667.75,178892
2021-06-23 09:28:15,667.75,178892
2021-06-23 09:28:16,667.75,179174
2021-06-23 09:28:17,667.75,179174
2021-06-23 09:28:18,667.5,179249
2021-06-23 09:28:19,667.75,179301
2021-06-23 09:28:20,667.75,179501
2021-06-23 09:28:20,667.75,179511
2021-06-23 09:28:21,667.75,179511
2021-06-23 09:28:22,667.75,179713
2021-06-23 09:28:23,667.75,179723
2021-06-23 09:28:26,667.75,179804
2021-06-23 09:28:27,667.75,179804
2021-06-23 09:28:28,667.7,179809
2021-06-23 09:28:29,667.7,179809
2021-06-23 09:28:30,667.75,179959
2021-06-23 09:28:31,667.75,179959
2021-06-23 09:28:32,667.5,179965
2021-06-23 09:28:33,667.5,180065
2021-06-23 09:28:34,667.5,180065
2021-06-23 09:28:35,667.5,180065
2021-06-23 09:28:36,667.5,180065
2021-06-23 09:28:37,667.5,180065
2021-06-23 09:28:38,667.5,180065
2021-06-23 09:28:39,667.5,180065
2021-06-23 09:28:40,667.7,180411
2021-06-23 09:28:41,667.7,180411
2021-06-23 09:28:42,667.7,180411
2021-06-23 09:28:43,667.7,180461
2021-06-23 09:28:44,667.5,182910
2021-06-23 09:28:45,667.5,182910
2021-06-23 09:28:46,667.5,182910
2021-06-23 09:28:47,667.45,183161
2021-06-23 09:28:48,667.55,183375
2021-06-23 09:28:49,667.5,183380
2021-06-23 09:28:50,667.35,183605
2021-06-23 09:28:51,667.4,184107
2021-06-23 09:28:52,667.1,184602
2021-06-23 09:28:53,667.1,184602
2021-06-23 09:28:54,667.1,184602
2021-06-23 09:28:55,667.1,184602
2021-06-23 09:28:56,667.4,184851
2021-06-23 09:28:57,667.4,184876
2021-06-23 09:28:58,667.4,184876
2021-06-23 09:28:59,667.4,184876
2021-06-23 09:29:00,667.4,184877
2021-06-23 09:29:01,667.4,184877
2021-06-23 09:29:02,667.4,184977
2021-06-23 09:29:03,667.1,185127
2021-06-23 09:29:04,667.4,186063
2021-06-23 09:29:05,667.45,186083
2021-06-23 09:29:06,667.45,186083
2021-06-23 09:29:07,667.45,186083
2021-06-23 09:29:08,667.45,186183
2021-06-23 09:29:09,667.45,186183
2021-06-23 09:29:10,667.4,186218
2021-06-23 09:29:11,667.5,186292
2021-06-23 09:29:12,667.4,186307
2021-06-23 09:29:13,667.4,186307
2021-06-23 09:29:14,667.4,186307
2021-06-23 09:29:15,667.4,186307
2021-06-23 09:29:16,667.45,186407
2021-06-23 09:29:17,667.45,186407
2021-06-23 09:29:18,667.45,186407
2021-06-23 09:29:19,667.45,186499
2021-06-23 09:29:20,667.45,186549
2021-06-23 09:29:21,667.45,189218
2021-06-23 09:29:22,667.45,189218
2021-06-23 09:29:23,667.4,189468
2021-06-23 09:29:24,667.4,189510
2021-06-23 09:29:25,667.4,189515
2021-06-23 09:29:26,667.3,189537
2021-06-23 09:29:27,667.3,189537
2021-06-23 09:29:28,667.4,189538
2021-06-23 09:29:29,667.4,189538
2021-06-23 09:29:30,667.3,189588
2021-06-23 09:29:31,667.4,189598
2021-06-23 09:29:32,667.3,189608
2021-06-23 09:29:33,667.4,189613
2021-06-23 09:29:34,667.4,189613
2021-06-23 09:29:35,667.45,189635
2021-06-23 09:29:37,667.3,189636
2021-06-23 09:29:38,667.3,189636
2021-06-23 09:29:39,667.3,189636
2021-06-23 09:29:40,667.45,189637
2021-06-23 09:29:41,667.55,189697
2021-06-23 09:29:42,667.15,189809
2021-06-23 09:29:43,667.15,189809
2021-06-23 09:29:44,667.15,189809
2021-06-23 09:29:47,667.3,189810
2021-06-23 09:29:48,667.3,189835
2021-06-23 09:29:49,667.3,189835
2021-06-23 09:29:50,667.4,189865
2021-06-23 09:29:51,667.15,189875
2021-06-23 09:29:52,667.15,189875
2021-06-23 09:29:54,667.45,189876
2021-06-23 09:29:55,667.45,189886
2021-06-23 09:29:56,667.45,189886
2021-06-23 09:29:57,667.45,189886
2021-06-23 09:29:58,667.3,190036
2021-06-23 09:29:59,667.45,190087
2021-06-23 09:30:00,667.45,190087
2021-06-23 09:30:01,667.3,190392
2021-06-23 09:30:02,667.3,190392
2021-06-23 09:30:03,667.45,190395
2021-06-23 09:30:04,667.45,190395
2021-06-23 09:30:05,667.45,190506
2021-06-23 09:30:06,667.45,190506
2021-06-23 09:30:08,667.2,190556
2021-06-23 09:30:09,667.2,190556
2021-06-23 09:30:11,667.2,190606
2021-06-23 09:30:14,667.45,190618
2021-06-23 09:30:15,667.2,190638
2021-06-23 09:30:16,667.4,190853
2021-06-23 09:30:17,667.45,190903
2021-06-23 09:30:18,667.45,190962
2021-06-23 09:30:19,667.2,190987
2021-06-23 09:30:20,667.2,190987
2021-06-23 09:30:21,667.45,190998
2021-06-23 09:30:22,667.2,191016
2021-06-23 09:30:25,667.2,191076
2021-06-23 09:30:31,667.4,191364
2021-06-23 09:30:37,667.3,191397
2021-06-23 09:30:43,667.2,191466
2021-06-23 09:30:49,667.15,191882
2021-06-23 09:30:55,667.3,192244
2021-06-23 09:31:01,667.2,192291
2021-06-23 09:31:06,667.15,192366
2021-06-23 09:31:12,667.15,192472
2021-06-23 09:31:18,667.15,192572
2021-06-23 09:31:24,667.15,192907
2021-06-23 09:31:31,667.1,194427
2021-06-23 09:31:37,667.0,194665
2021-06-23 09:31:43,667.15,194783
2021-06-23 09:31:49,667.25,195471
2021-06-23 09:31:55,667.05,196378
2021-06-23 09:32:01,667.2,197912
2021-06-23 09:32:07,667.25,198587
2021-06-23 09:32:13,667.25,201747
2021-06-23 09:32:18,667.2,202256
2021-06-23 09:32:24,667.2,202384
2021-06-23 09:32:30,667.45,202881
2021-06-23 09:32:36,667.3,202921
2021-06-23 09:32:42,667.25,203171
2021-06-23 09:32:48,667.2,203546
2021-06-23 09:32:54,667.1,204346
2021-06-23 09:33:00,667.3,205167
2021-06-23 09:33:06,667.05,206971
2021-06-23 09:33:12,667.3,207321
2021-06-23 09:33:17,667.25,207876
2021-06-23 09:33:23,667.3,208906
2021-06-23 09:33:28,667.3,209007
2021-06-23 09:33:34,667.3,210079
2021-06-23 09:33:39,667.3,210377
2021-06-23 09:33:50,667.3,210551
2021-06-23 09:33:56,667.3,210886
2021-06-23 09:34:02,667.4,210951
2021-06-23 09:34:07,667.25,211557
2021-06-23 09:34:13,667.1,211758
2021-06-23 09:34:20,667.45,213012
2021-06-23 09:34:26,667.35,215050
2021-06-23 09:34:37,667.5,215180
2021-06-23 09:34:43,667.5,215257
2021-06-23 09:34:49,667.5,215509
2021-06-23 09:35:00,667.5,215734
2021-06-23 09:35:06,667.55,216253
2021-06-23 09:35:11,667.8,216326
2021-06-23 09:35:17,667.8,216348
2021-06-23 09:35:22,667.55,216949
2021-06-23 09:35:28,667.85,217277
2021-06-23 09:35:33,667.8,217308
2021-06-23 09:35:38,667.65,219469
2021-06-23 09:35:44,667.9,219583
2021-06-23 09:35:50,667.95,219912
2021-06-23 09:35:56,668.0,220137
2021-06-23 09:36:01,668.0,223315
2021-06-23 09:36:07,668.0,223334
2021-06-23 09:36:12,667.6,223951
2021-06-23 09:36:18,667.5,226309
2021-06-23 09:36:24,667.35,227812
2021-06-23 09:36:29,667.55,227886
2021-06-23 09:36:34,667.55,228041
2021-06-23 09:36:39,667.2,228231
2021-06-23 09:36:44,667.35,228539
2021-06-23 09:36:50,667.35,228682
2021-06-23 09:36:56,667.4,229712
2021-06-23 09:37:01,667.45,229738
2021-06-23 09:37:07,667.45,229762
2021-06-23 09:37:12,667.45,229881
2021-06-23 09:37:17,667.1,230068
2021-06-23 09:37:22,667.2,230550
2021-06-23 09:37:28,667.2,230653
2021-06-23 09:37:33,667.45,230863
2021-06-23 09:37:39,667.45,231280
2021-06-23 09:37:45,667.45,231293
2021-06-23 09:37:51,667.45,231373
2021-06-23 09:37:56,667.45,231448
2021-06-23 09:38:02,667.45,231929
2021-06-23 09:38:07,667.2,231979
2021-06-23 09:38:13,667.45,232348
2021-06-23 09:38:18,667.25,232530
2021-06-23 09:38:23,667.15,232790
2021-06-23 09:38:28,667.45,232813
2021-06-23 09:38:33,667.45,233008
2021-06-23 09:38:38,667.2,233118
2021-06-23 09:38:44,667.45,233668
2021-06-23 09:38:49,667.45,234278
2021-06-23 09:38:54,667.55,234979
2021-06-23 09:38:59,667.55,234999
2021-06-23 09:39:05,667.55,235031
2021-06-23 09:39:10,667.55,235056
2021-06-23 09:39:16,667.25,235248
2021-06-23 09:39:21,667.5,235258
2021-06-23 09:39:26,667.5,235342
2021-06-23 09:39:31,667.55,235875
2021-06-23 09:39:36,667.7,239960
2021-06-23 09:39:42,667.75,240810
2021-06-23 09:39:47,668.0,244636
2021-06-23 09:39:52,668.2,245370
2021-06-23 09:39:57,668.25,248375
2021-06-23 09:40:03,667.95,248900
2021-06-23 09:40:08,667.95,248904
2021-06-23 09:40:14,668.0,248959
2021-06-23 09:40:19,668.0,248963
2021-06-23 09:40:24,668.0,249006
2021-06-23 09:40:25,668.1,249243
2021-06-23 09:40:26,668.1,249243
2021-06-23 09:40:27,668.05,249304
2021-06-23 09:40:28,667.8,249334
2021-06-23 09:40:29,667.8,249334
2021-06-23 09:40:30,668.1,249335
2021-06-23 09:40:31,668.25,249809
2021-06-23 09:40:32,668.25,249819
2021-06-23 09:40:33,668.25,249821
2021-06-23 09:40:34,668.05,249825
2021-06-23 09:40:35,668.05,249825
2021-06-23 09:40:36,668.05,249825
2021-06-23 09:40:37,668.05,249825
2021-06-23 09:40:38,668.05,249971
2021-06-23 09:40:39,668.05,249971
2021-06-23 09:40:40,668.05,249971
2021-06-23 09:40:41,668.05,250021
2021-06-23 09:40:42,668.05,250021
2021-06-23 09:40:43,668.05,250121
2021-06-23 09:40:44,667.85,250131
2021-06-23 09:40:45,667.85,250135
2021-06-23 09:40:47,668.05,250239
2021-06-23 09:40:48,668.05,250326
2021-06-23 09:40:49,667.9,250983
2021-06-23 09:40:50,667.9,250983
2021-06-23 09:40:51,667.9,250983
2021-06-23 09:40:52,667.9,250983
2021-06-23 09:40:53,667.9,250983
2021-06-23 09:40:54,667.9,250983
2021-06-23 09:40:55,667.9,250983
2021-06-23 09:40:56,667.9,250983
2021-06-23 09:40:57,667.9,250983
2021-06-23 09:40:58,667.9,250983
2021-06-23 09:40:59,667.95,251058
2021-06-23 09:41:00,667.95,251058
2021-06-23 09:41:01,667.95,251058
2021-06-23 09:41:02,667.95,251058
2021-06-23 09:41:03,667.95,251058
2021-06-23 09:41:04,667.95,251058
2021-06-23 09:41:05,667.8,251115
2021-06-23 09:41:06,667.95,251126
2021-06-23 09:41:07,667.95,251126
2021-06-23 09:41:08,667.95,251126
2021-06-23 09:41:09,667.95,251127
2021-06-23 09:41:10,667.95,251135
2021-06-23 09:41:11,667.8,251170
2021-06-23 09:41:12,667.95,251517
2021-06-23 09:41:13,667.95,251517
2021-06-23 09:41:14,667.95,251853
2021-06-23 09:41:15,667.95,251853
2021-06-23 09:41:16,667.85,251854
2021-06-23 09:41:17,667.95,252012
2021-06-23 09:41:19,667.95,252012
2021-06-23 09:41:20,667.95,252694
2021-06-23 09:41:20,667.95,252694
2021-06-23 09:41:22,667.95,252694
2021-06-23 09:41:24,667.9,252715
2021-06-23 09:41:24,667.9,252715
2021-06-23 09:41:25,667.9,252715
2021-06-23 09:41:26,667.95,252738
2021-06-23 09:41:27,667.95,252738
2021-06-23 09:41:29,667.95,252738
2021-06-23 09:41:30,668.05,253505
2021-06-23 09:41:31,668.25,253515
2021-06-23 09:41:31,668.25,253515
2021-06-23 09:41:32,668.05,253725
2021-06-23 09:41:33,667.95,253985
2021-06-23 09:41:34,667.95,253985
2021-06-23 09:41:35,667.95,254000
2021-06-23 09:41:36,667.95,254000
2021-06-23 09:41:37,667.95,254100
2021-06-23 09:41:39,668.25,254279
2021-06-23 09:41:40,668.25,254279
2021-06-23 09:41:40,668.25,254279
2021-06-23 09:41:42,668.25,254501
2021-06-23 09:41:42,668.25,254501
2021-06-23 09:41:43,668.0,254591
2021-06-23 09:41:44,668.0,254776
2021-06-23 09:41:45,667.95,254786
2021-06-23 09:41:46,667.95,254786
2021-06-23 09:41:48,668.05,254815
2021-06-23 09:41:49,668.05,254815
2021-06-23 09:41:50,668.4,255015
2021-06-23 09:41:50,668.4,255015
2021-06-23 09:41:52,668.25,255020
2021-06-23 09:41:52,668.25,255122
2021-06-23 09:41:53,668.25,255122
2021-06-23 09:41:54,668.25,255122
2021-06-23 09:41:55,668.1,255129
2021-06-23 09:41:56,668.1,255129
2021-06-23 09:41:58,668.25,255139
2021-06-23 09:41:59,668.0,255414
2021-06-23 09:42:00,668.0,255414
2021-06-23 09:42:01,668.35,255424
2021-06-23 09:42:02,668.35,255425
2021-06-23 09:42:03,668.35,255425
2021-06-23 09:42:04,668.35,255425
2021-06-23 09:42:07,668.4,255506
2021-06-23 09:42:07,668.4,255506
2021-06-23 09:42:08,668.35,255766
2021-06-23 09:42:09,668.35,255766
2021-06-23 09:42:12,668.05,255867
2021-06-23 09:42:13,668.35,255869
2021-06-23 09:42:13,668.35,255869
2021-06-23 09:42:14,668.35,255869
2021-06-23 09:42:16,668.4,255923
2021-06-23 09:42:15,668.35,255871
2021-06-23 09:42:17,668.4,255923
2021-06-23 09:42:18,668.4,255925
2021-06-23 09:42:19,668.1,256061
2021-06-23 09:42:20,668.4,256564
2021-06-23 09:42:21,668.4,256573
2021-06-23 09:42:22,668.4,256641
2021-06-23 09:42:25,668.4,257533
2021-06-23 09:42:26,668.45,257683
2021-06-23 09:42:27,668.5,257700
2021-06-23 09:42:28,668.5,257700
2021-06-23 09:42:29,668.5,257700
2021-06-23 09:42:30,668.5,257700
2021-06-23 09:42:31,668.5,257735
2021-06-23 09:42:32,668.5,260427
2021-06-23 09:42:33,668.55,260538
2021-06-23 09:42:34,668.6,260564
2021-06-23 09:42:35,668.4,260569
2021-06-23 09:42:36,668.4,260572
2021-06-23 09:42:37,668.4,260673
2021-06-23 09:42:38,668.5,260695
2021-06-23 09:42:39,668.5,260695
2021-06-23 09:42:40,668.5,260695
2021-06-23 09:42:41,668.5,260795
2021-06-23 09:42:43,668.6,260800
2021-06-23 09:42:43,668.6,260800
2021-06-23 09:42:44,668.6,260800
2021-06-23 09:42:46,668.4,260950
2021-06-23 09:42:47,668.4,260950
2021-06-23 09:42:47,668.4,260950
2021-06-23 09:42:49,668.4,260950
2021-06-23 09:42:49,668.7,263028
2021-06-23 09:42:51,668.35,263359
2021-06-23 09:42:52,668.4,263417
2021-06-23 09:42:53,668.4,263417
2021-06-23 09:42:54,668.4,263517
2021-06-23 09:42:56,668.4,264167
2021-06-23 09:42:58,668.5,264683
2021-06-23 09:42:58,668.5,264683
2021-06-23 09:42:59,668.4,264729
2021-06-23 09:43:02,668.6,266396
2021-06-23 09:43:03,668.6,266495
2021-06-23 09:43:03,668.6,266495
2021-06-23 09:43:05,668.7,266684
2021-06-23 09:43:06,668.7,266737
2021-06-23 09:43:07,668.45,267181
2021-06-23 09:43:08,668.5,267191
2021-06-23 09:43:09,668.75,267291
2021-06-23 09:43:10,668.75,267291
2021-06-23 09:43:12,668.75,267296
2021-06-23 09:43:12,668.75,267296
2021-06-23 09:43:13,668.7,267351
2021-06-23 09:43:14,668.7,267351
2021-06-23 09:43:15,668.7,267351
2021-06-23 09:43:17,668.75,267647
2021-06-23 09:43:17,668.75,267647
2021-06-23 09:43:18,668.75,267647
2021-06-23 09:43:19,668.75,267647
2021-06-23 09:43:20,668.7,267649
2021-06-23 09:43:21,668.75,268169
2021-06-23 09:43:22,668.75,268170
2021-06-23 09:43:23,668.75,268170
2021-06-23 09:43:24,668.75,268170
2021-06-23 09:43:25,668.75,268172
2021-06-23 09:43:27,668.75,268172
2021-06-23 09:43:28,668.75,268177
2021-06-23 09:43:29,668.9,269177
2021-06-23 09:43:30,668.7,269306
2021-06-23 09:43:31,668.8,269316
2021-06-23 09:43:32,668.8,269316
2021-06-23 09:43:33,668.75,269317
2021-06-23 09:43:33,668.75,269317
2021-06-23 09:43:34,669.0,270068
2021-06-23 09:43:36,669.0,270143
2021-06-23 09:43:37,668.8,270165
2021-06-23 09:43:38,668.8,270165
2021-06-23 09:43:39,668.7,270865
2021-06-23 09:43:40,668.95,270965
2021-06-23 09:43:40,668.95,270965
2021-06-23 09:43:42,668.9,271086
2021-06-23 09:43:42,668.9,270982
2021-06-23 09:43:43,668.6,271292
2021-06-23 09:43:44,668.6,271292
2021-06-23 09:43:45,668.95,271342
2021-06-23 09:43:46,668.75,271449
2021-06-23 09:43:47,668.95,271484
2021-06-23 09:43:48,668.95,271484
2021-06-23 09:43:49,669.0,271534
2021-06-23 09:43:50,669.0,271534
2021-06-23 09:43:51,669.0,271534
2021-06-23 09:43:55,668.95,271586
2021-06-23 09:43:56,668.95,271734
2021-06-23 09:43:57,669.0,271742
2021-06-23 09:43:57,669.0,271742
2021-06-23 09:43:58,669.0,271992
2021-06-23 09:43:59,669.0,271992
2021-06-23 09:44:00,668.9,274659
2021-06-23 09:44:02,669.1,279631
2021-06-23 09:44:03,669.1,279741
2021-06-23 09:44:03,669.0,279876
2021-06-23 09:44:04,669.25,279890
2021-06-23 09:44:05,669.25,279893
2021-06-23 09:44:06,669.25,279953
2021-06-23 09:44:08,668.95,281117
2021-06-23 09:44:09,669.0,281371
2021-06-23 09:44:09,669.0,281371
2021-06-23 09:44:10,669.15,281661
2021-06-23 09:44:12,669.15,281661
2021-06-23 09:44:13,669.0,283454
2021-06-23 09:44:14,669.15,283456
2021-06-23 09:44:14,669.15,283456
2021-06-23 09:44:15,669.15,283520
2021-06-23 09:44:16,669.25,283950
2021-06-23 09:44:17,669.3,284415
2021-06-23 09:44:19,669.0,284459
2021-06-23 09:44:19,669.0,284858
2021-06-23 09:44:21,668.95,284885
2021-06-23 09:44:22,669.0,284915
2021-06-23 09:44:22,669.15,284900
2021-06-23 09:44:23,669.0,284965
2021-06-23 09:44:24,669.0,285171
2021-06-23 09:44:26,669.0,285171
2021-06-23 09:44:26,669.0,285171
2021-06-23 09:44:27,669.0,285171
2021-06-23 09:44:28,669.0,285171
2021-06-23 09:44:29,669.15,285373
2021-06-23 09:44:30,669.15,285523
2021-06-23 09:44:32,669.0,285621
2021-06-23 09:44:33,669.15,285661
2021-06-23 09:44:34,669.0,285681
2021-06-23 09:44:35,669.0,285693
2021-06-23 09:44:37,669.0,285693
2021-06-23 09:44:37,669.15,285713
2021-06-23 09:44:38,669.15,285713
2021-06-23 09:44:39,669.0,286209
2021-06-23 09:44:40,669.3,286459
2021-06-23 09:44:41,669.2,286511
2021-06-23 09:44:42,669.05,286731
2021-06-23 09:44:43,669.1,286823
2021-06-23 09:44:44,669.0,286873
2021-06-23 09:44:45,669.15,287102
2021-06-23 09:44:46,669.2,287103
2021-06-23 09:44:47,669.2,287103
2021-06-23 09:44:48,669.1,287108
2021-06-23 09:44:49,668.9,287295
2021-06-23 09:44:50,669.15,287445
2021-06-23 09:44:52,669.15,287445
2021-06-23 09:44:53,669.15,287445
2021-06-23 09:44:54,669.05,287447
2021-06-23 09:44:55,669.05,287447
2021-06-23 09:44:56,669.0,287467
2021-06-23 09:44:57,669.0,287513
2021-06-23 09:44:58,669.0,287565
2021-06-23 09:44:58,669.0,287647
2021-06-23 09:45:00,668.8,287999
2021-06-23 09:45:01,669.0,288031
2021-06-23 09:45:02,668.8,288117
2021-06-23 09:45:04,669.0,288353
2021-06-23 09:45:05,669.0,288353
2021-06-23 09:45:06,669.0,288358
2021-06-23 09:45:10,669.05,291758
2021-06-23 09:45:12,669.05,291848
2021-06-23 09:45:16,669.05,291966
2021-06-23 09:45:16,669.1,292135
2021-06-23 09:45:17,669.15,292510
2021-06-23 09:45:20,669.55,296657
2021-06-23 09:45:19,669.2,293251
2021-06-23 09:45:21,669.65,296708
2021-06-23 09:45:22,669.55,296758
2021-06-23 09:45:23,669.75,297572
2021-06-23 09:45:24,669.75,297572
2021-06-23 09:45:25,669.75,298043
2021-06-23 09:45:25,669.55,298068
2021-06-23 09:45:27,669.5,298154
2021-06-23 09:45:27,669.75,298155
2021-06-23 09:45:28,669.8,298359
2021-06-23 09:45:31,669.85,298434
2021-06-23 09:45:32,669.85,298484
2021-06-23 09:45:33,669.85,298534
2021-06-23 09:45:34,669.75,298689
2021-06-23 09:45:35,669.8,298989
2021-06-23 09:45:36,669.85,299001
2021-06-23 09:45:37,669.85,299001
2021-06-23 09:45:37,669.9,299311
2021-06-23 09:45:39,669.8,300010
2021-06-23 09:45:40,669.8,300130
2021-06-23 09:45:41,669.75,300146
2021-06-23 09:45:42,669.75,300147
2021-06-23 09:45:43,669.75,300172
2021-06-23 09:45:44,669.65,300338
2021-06-23 09:45:45,669.65,300538
2021-06-23 09:45:46,669.65,300538
2021-06-23 09:45:47,669.55,300558
2021-06-23 09:45:48,669.55,300558
2021-06-23 09:45:49,669.55,300558
2021-06-23 09:45:50,669.55,300558
2021-06-23 09:45:51,669.55,300669
2021-06-23 09:45:51,669.55,300669
2021-06-23 09:45:52,669.55,300669
2021-06-23 09:45:53,669.7,300869
2021-06-23 09:45:55,669.7,300869
2021-06-23 09:45:56,669.75,300870
2021-06-23 09:45:57,669.55,300909
2021-06-23 09:45:58,669.55,300909
2021-06-23 09:45:59,669.55,300974
2021-06-23 09:45:59,669.55,301065
2021-06-23 09:46:01,669.7,301073
2021-06-23 09:46:02,669.75,301143
2021-06-23 09:46:02,669.75,301143
2021-06-23 09:46:04,669.75,301779
2021-06-23 09:46:05,669.75,301779
2021-06-23 09:46:06,669.75,301779
2021-06-23 09:46:07,669.65,301909
2021-06-23 09:46:07,669.65,301909
2021-06-23 09:46:09,669.65,301909
2021-06-23 09:46:09,669.35,302459
2021-06-23 09:46:10,669.7,302711
2021-06-23 09:46:11,669.7,303181
2021-06-23 09:46:12,669.6,303231
2021-06-23 09:46:14,669.65,304297
2021-06-23 09:46:15,669.65,304297
2021-06-23 09:46:16,669.65,304307
2021-06-23 09:46:17,669.65,304307
2021-06-23 09:46:17,669.65,304307
2021-06-23 09:46:19,669.65,304796
2021-06-23 09:46:20,669.75,305043
2021-06-23 09:46:21,669.95,305189
2021-06-23 09:46:22,669.95,305192
2021-06-23 09:46:23,670.0,305462
2021-06-23 09:46:24,669.8,305507
2021-06-23 09:46:25,669.8,305507
2021-06-23 09:46:26,670.0,305814
2021-06-23 09:46:27,670.0,306220
2021-06-23 09:46:27,670.0,306220
2021-06-23 09:46:29,669.95,312855
2021-06-23 09:46:30,669.95,312886
2021-06-23 09:46:32,670.15,313827
2021-06-23 09:46:33,670.15,313827
2021-06-23 09:46:34,670.15,313837
2021-06-23 09:46:35,670.15,314347
2021-06-23 09:46:36,670.0,314402
2021-06-23 09:46:36,670.0,314402
2021-06-23 09:46:37,670.0,314830
2021-06-23 09:46:38,670.2,315045
2021-06-23 09:46:39,670.15,315275
2021-06-23 09:46:40,670.25,316568
2021-06-23 09:46:41,670.05,316573
2021-06-23 09:46:42,670.25,316598
2021-06-23 09:46:43,670.3,316830
2021-06-23 09:46:44,670.2,317603
2021-06-23 09:46:46,670.5,317703
2021-06-23 09:46:47,670.5,317703
2021-06-23 09:46:48,670.25,317980
2021-06-23 09:46:49,670.5,318892
2021-06-23 09:46:50,670.75,320103
2021-06-23 09:46:50,670.75,320103
2021-06-23 09:46:51,670.5,320113
2021-06-23 09:46:52,670.5,320174
2021-06-23 09:46:54,670.5,320267
2021-06-23 09:46:55,670.5,320267
2021-06-23 09:46:56,670.75,320522
2021-06-23 09:46:57,670.55,320743
2021-06-23 09:46:58,670.55,320743
2021-06-23 09:46:59,670.5,320752
2021-06-23 09:46:59,670.5,320752
2021-06-23 09:47:00,670.5,320752
2021-06-23 09:47:01,670.5,320972
2021-06-23 09:47:02,670.5,320973
2021-06-23 09:47:04,670.5,321409
2021-06-23 09:47:06,670.6,322059
2021-06-23 09:47:07,670.6,322059
2021-06-23 09:47:08,670.6,322059
2021-06-23 09:47:09,670.45,322166
2021-06-23 09:47:10,670.5,322175
2021-06-23 09:47:11,670.5,322197
2021-06-23 09:47:12,670.45,322198
2021-06-23 09:47:13,670.35,322398
2021-06-23 09:47:14,670.45,322529
2021-06-23 09:47:15,670.6,322863
2021-06-23 09:47:18,670.5,323380
2021-06-23 09:47:18,670.5,323380
2021-06-23 09:47:19,670.5,323380
2021-06-23 09:47:20,670.25,323980
2021-06-23 09:47:21,670.25,324020
2021-06-23 09:47:22,670.25,324022
2021-06-23 09:47:23,670.25,324022
2021-06-23 09:47:25,670.25,324545
2021-06-23 09:47:26,670.5,324745
2021-06-23 09:47:27,670.5,325753
2021-06-23 09:47:27,670.2,325745
2021-06-23 09:47:31,670.35,328452
2021-06-23 09:47:32,670.4,328502
2021-06-23 09:47:36,670.4,328829
2021-06-23 09:47:36,670.4,328829
2021-06-23 09:47:37,670.35,329996
2021-06-23 09:47:38,670.35,330006
2021-06-23 09:47:39,670.65,330066
2021-06-23 09:47:40,670.3,330466
2021-06-23 09:47:41,670.3,330466
2021-06-23 09:47:42,670.5,330468
2021-06-23 09:47:43,670.5,331381
2021-06-23 09:47:45,670.7,331819
2021-06-23 09:47:46,670.7,331919
2021-06-23 09:47:47,670.7,331949
2021-06-23 09:47:48,670.7,332151
2021-06-23 09:47:49,670.7,332485
2021-06-23 09:47:50,670.7,332485
2021-06-23 09:47:50,670.7,332485
2021-06-23 09:47:52,670.6,332859
2021-06-23 09:47:53,670.6,332859
2021-06-23 09:47:54,670.6,332864
2021-06-23 09:47:55,670.6,333064
2021-06-23 09:47:56,670.6,333170
2021-06-23 09:47:57,670.65,333467
2021-06-23 09:47:58,670.6,333517
2021-06-23 09:47:59,670.7,333567
2021-06-23 09:48:00,670.7,333660
2021-06-23 09:48:01,670.7,333660
2021-06-23 09:48:03,670.55,334085
2021-06-23 09:48:04,670.55,334085
2021-06-23 09:48:05,670.8,334104
2021-06-23 09:48:06,670.6,334203
2021-06-23 09:48:07,670.8,334223
2021-06-23 09:48:08,670.8,334223
2021-06-23 09:48:09,670.6,334228
2021-06-23 09:48:10,670.6,334228
2021-06-23 09:48:11,670.8,334234
2021-06-23 09:48:12,670.8,334244
2021-06-23 09:48:13,670.8,334429
2021-06-23 09:48:14,670.85,336270
2021-06-23 09:48:15,670.8,336326
2021-06-23 09:48:16,670.8,336359
2021-06-23 09:48:17,670.8,339117
2021-06-23 09:48:18,670.8,339317
2021-06-23 09:48:19,670.7,339817
2021-06-23 09:48:19,670.7,339817
2021-06-23 09:48:21,671.0,340397
2021-06-23 09:48:22,670.75,340404
2021-06-23 09:48:23,671.0,341853
2021-06-23 09:48:24,671.0,344246
2021-06-23 09:48:25,671.0,344246
2021-06-23 09:48:26,671.0,344346
2021-06-23 09:48:27,670.9,344351
2021-06-23 09:48:28,671.0,344401
2021-06-23 09:48:29,671.0,344552
2021-06-23 09:48:30,670.9,345254
2021-06-23 09:48:31,671.0,345329
2021-06-23 09:48:33,671.0,345478
2021-06-23 09:48:34,671.1,345560
2021-06-23 09:48:35,671.1,345616
2021-06-23 09:48:36,671.0,345619
2021-06-23 09:48:37,671.0,345891
2021-06-23 09:48:37,671.0,345620
2021-06-23 09:48:39,671.15,346241
2021-06-23 09:48:40,670.9,346409
2021-06-23 09:48:41,670.9,346550
2021-06-23 09:48:42,671.0,346570
2021-06-23 09:48:42,671.0,346676
2021-06-23 09:48:44,671.0,346838
2021-06-23 09:48:45,671.0,346948
2021-06-23 09:48:45,671.0,346948
2021-06-23 09:48:47,671.2,348049
2021-06-23 09:48:48,671.15,348254
2021-06-23 09:48:49,671.15,348254
2021-06-23 09:48:51,670.95,348609
2021-06-23 09:48:52,671.15,348620
2021-06-23 09:48:53,671.0,348754
2021-06-23 09:48:54,671.2,350078
2021-06-23 09:48:55,671.0,350498
2021-06-23 09:48:56,671.25,350572
2021-06-23 09:48:57,671.25,350612
2021-06-23 09:48:59,671.2,351018
2021-06-23 09:49:00,671.05,351039
2021-06-23 09:49:01,671.25,351069
2021-06-23 09:49:02,671.25,351069
2021-06-23 09:49:03,671.25,351119
2021-06-23 09:49:04,671.15,351144
2021-06-23 09:49:04,671.15,351144
2021-06-23 09:49:05,671.25,351514
2021-06-23 09:49:07,671.25,351901
2021-06-23 09:49:08,671.25,352429
2021-06-23 09:49:11,671.05,353297
2021-06-23 09:49:12,671.25,353619
2021-06-23 09:49:13,671.15,353719
2021-06-23 09:49:14,671.05,354135
2021-06-23 09:49:15,671.05,354157
2021-06-23 09:49:16,671.3,354902
2021-06-23 09:49:16,671.3,354902
2021-06-23 09:49:18,671.3,354902
2021-06-23 09:49:19,671.25,354904
2021-06-23 09:49:20,671.25,354954
2021-06-23 09:49:21,671.35,356448
2021-06-23 09:49:22,671.25,356533
2021-06-23 09:49:23,671.3,356647
2021-06-23 09:49:24,671.3,356647
2021-06-23 09:49:25,671.3,356676
2021-06-23 09:49:26,671.3,356677
2021-06-23 09:49:27,671.1,358688
2021-06-23 09:49:28,671.3,358698
2021-06-23 09:49:29,671.1,358784
2021-06-23 09:49:30,671.3,368884
2021-06-23 09:49:31,671.3,369084
2021-06-23 09:49:32,671.5,369884
2021-06-23 09:49:33,671.5,369884
2021-06-23 09:49:34,671.4,369979
2021-06-23 09:49:34,671.4,370006
2021-06-23 09:49:36,671.5,370015
2021-06-23 09:49:36,671.5,370025
2021-06-23 09:49:37,671.4,370590
2021-06-23 09:49:38,671.4,370716
2021-06-23 09:49:39,671.3,370966
2021-06-23 09:49:41,671.4,370969
2021-06-23 09:49:42,671.4,371019
2021-06-23 09:49:43,671.4,371019
2021-06-23 09:49:44,671.3,371021
2021-06-23 09:49:45,671.4,371043
2021-06-23 09:49:46,671.5,371347
2021-06-23 09:49:46,671.3,371397
2021-06-23 09:49:47,671.45,371422
2021-06-23 09:49:48,671.25,374114
2021-06-23 09:49:49,671.3,374195
2021-06-23 09:49:51,671.35,374459
2021-06-23 09:49:52,671.2,374576
2021-06-23 09:49:53,671.2,374576
2021-06-23 09:49:54,671.2,374676
2021-06-23 09:49:55,671.2,374676
2021-06-23 09:49:56,671.2,374676
2021-06-23 09:49:57,671.2,374676
2021-06-23 09:49:58,671.15,374827
2021-06-23 09:49:59,671.1,375148
2021-06-23 09:50:00,671.0,375276
2021-06-23 09:50:01,671.0,375286
2021-06-23 09:50:02,671.05,375287
2021-06-23 09:50:03,671.1,375639
2021-06-23 09:50:04,671.0,375641
2021-06-23 09:50:05,671.3,376042
2021-06-23 09:50:06,671.35,376197
2021-06-23 09:50:07,671.35,376197
2021-06-23 09:50:08,671.1,376327
2021-06-23 09:50:09,671.1,376427
2021-06-23 09:50:10,671.4,377152
2021-06-23 09:50:11,671.35,377454
2021-06-23 09:50:12,671.35,377466
2021-06-23 09:50:13,671.15,377586
2021-06-23 09:50:14,671.15,377586
2021-06-23 09:50:15,671.15,377586
2021-06-23 09:50:16,671.15,377656
2021-06-23 09:50:17,671.15,377658
2021-06-23 09:50:18,671.15,377658
2021-06-23 09:50:20,671.15,378183
2021-06-23 09:50:21,671.1,378239
2021-06-23 09:50:23,671.45,378709
2021-06-23 09:50:24,671.15,378759
2021-06-23 09:50:25,671.15,378759
2021-06-23 09:50:26,671.25,378803
2021-06-23 09:50:27,671.25,378803
2021-06-23 09:50:28,671.25,378803
2021-06-23 09:50:29,671.3,379349
2021-06-23 09:50:30,671.0,379469
2021-06-23 09:50:31,671.0,379469
2021-06-23 09:50:32,671.0,379469
2021-06-23 09:50:33,671.1,379470
2021-06-23 09:50:34,671.15,379524
2021-06-23 09:50:35,671.15,379604
2021-06-23 09:50:36,671.0,380254
2021-06-23 09:50:37,671.0,380254
2021-06-23 09:50:38,671.35,380354
2021-06-23 09:50:39,671.15,380474
2021-06-23 09:50:40,671.15,380545
2021-06-23 09:50:41,671.4,380595
2021-06-23 09:50:42,671.15,380596
2021-06-23 09:50:43,671.1,380900
2021-06-23 09:50:44,671.1,380900
2021-06-23 09:50:45,671.1,380900
2021-06-23 09:50:46,671.1,380900
2021-06-23 09:50:47,671.1,380970
2021-06-23 09:50:48,671.1,380970
2021-06-23 09:50:49,671.35,381026
2021-06-23 09:50:50,671.1,381096
2021-06-23 09:50:51,671.1,381146
2021-06-23 09:50:52,671.35,381196
2021-06-23 09:50:54,671.15,381207
2021-06-23 09:50:55,671.3,381215
2021-06-23 09:50:56,671.3,381218
2021-06-23 09:50:57,671.3,381218
2021-06-23 09:50:58,671.35,381363
2021-06-23 09:50:59,671.35,384828
2021-06-23 09:51:00,671.3,385082
2021-06-23 09:51:01,671.3,386662
2021-06-23 09:51:02,671.1,388212
2021-06-23 09:51:03,671.3,388217
2021-06-23 09:51:04,671.3,388218
2021-06-23 09:51:05,671.3,388271
2021-06-23 09:51:06,671.3,388306
2021-06-23 09:51:08,671.25,391682
2021-06-23 09:51:09,671.25,391682
2021-06-23 09:51:10,671.3,391732
2021-06-23 09:51:11,671.3,391835
2021-06-23 09:51:12,671.3,391835
2021-06-23 09:51:13,671.3,391835
2021-06-23 09:51:14,671.3,392591
2021-06-23 09:51:15,671.25,392736
2021-06-23 09:51:16,671.5,392756
2021-06-23 09:51:17,671.25,392956
2021-06-23 09:51:18,671.25,393070
2021-06-23 09:51:19,671.25,393350
2021-06-23 09:51:20,671.3,393393
2021-06-23 09:51:21,671.2,393556
2021-06-23 09:51:23,671.15,393781
2021-06-23 09:51:22,671.2,393556
2021-06-23 09:51:24,671.3,393914
2021-06-23 09:51:25,671.3,394284
2021-06-23 09:51:26,671.3,394284
2021-06-23 09:51:27,671.3,394284
2021-06-23 09:51:28,671.3,394284
2021-06-23 09:51:30,671.1,394390
2021-06-23 09:51:31,671.25,394490
2021-06-23 09:51:32,671.25,394552
2021-06-23 09:51:33,671.1,394557
2021-06-23 09:51:34,671.1,394557
2021-06-23 09:51:35,671.1,394557
2021-06-23 09:51:36,671.25,394825
2021-06-23 09:51:38,671.15,394831
2021-06-23 09:51:39,671.15,394907
2021-06-23 09:51:40,671.15,394925
2021-06-23 09:51:41,671.15,394944
2021-06-23 09:51:42,671.15,394944
2021-06-23 09:51:43,671.15,395059
2021-06-23 09:51:44,671.15,395059
2021-06-23 09:51:45,671.15,395192
2021-06-23 09:51:46,671.2,395207
2021-06-23 09:51:47,671.1,395418
2021-06-23 09:51:48,671.15,395518
2021-06-23 09:51:49,671.1,395978
2021-06-23 09:51:50,671.1,395993
2021-06-23 09:51:51,671.25,395997
2021-06-23 09:51:52,671.1,396126
2021-06-23 09:51:54,671.15,398802
2021-06-23 09:51:55,671.2,398806
2021-06-23 09:51:56,671.2,398806
2021-06-23 09:51:57,671.2,398806
2021-06-23 09:52:00,671.0,398887
2021-06-23 09:52:01,671.0,398887
2021-06-23 09:52:02,671.0,399192
2021-06-23 09:52:03,671.0,399192
2021-06-23 09:52:04,671.0,399192
2021-06-23 09:52:05,670.9,399297
2021-06-23 09:52:06,671.0,399812
2021-06-23 09:52:07,670.85,401081
2021-06-23 09:52:08,670.85,401081
2021-06-23 09:52:09,671.1,401148
2021-06-23 09:52:11,671.05,401744
2021-06-23 09:52:12,671.0,401871
2021-06-23 09:52:13,671.05,402336
2021-06-23 09:52:14,671.35,404686
2021-06-23 09:52:15,671.55,404696
2021-06-23 09:52:16,671.55,404696
2021-06-23 09:52:17,671.45,404829
2021-06-23 09:52:18,671.35,404960
2021-06-23 09:52:19,671.5,405044
2021-06-23 09:52:20,671.5,405044
2021-06-23 09:52:21,671.25,405122
2021-06-23 09:52:22,671.5,405177
2021-06-23 09:52:23,671.5,405177
2021-06-23 09:52:24,671.2,405208
2021-06-23 09:52:25,671.2,405208
2021-06-23 09:52:26,671.1,405408
2021-06-23 09:52:27,671.3,405480
2021-06-23 09:52:28,671.3,405480
2021-06-23 09:52:29,671.55,405533
2021-06-23 09:52:30,671.55,405533
2021-06-23 09:52:31,671.65,405583
2021-06-23 09:52:32,671.65,405598
2021-06-23 09:52:33,671.6,405599
2021-06-23 09:52:34,671.4,405650
2021-06-23 09:52:35,671.6,405870
2021-06-23 09:52:36,671.6,405870
2021-06-23 09:52:37,671.5,405970
2021-06-23 09:52:38,671.5,406080
2021-06-23 09:52:39,671.4,406145
2021-06-23 09:52:40,671.4,406145
2021-06-23 09:52:41,671.45,406347
2021-06-23 09:52:42,671.5,406547
2021-06-23 09:52:43,671.45,406597
2021-06-23 09:52:44,671.45,406614
2021-06-23 09:52:45,671.45,406743
2021-06-23 09:52:46,671.7,407189
2021-06-23 09:52:47,671.45,407219
2021-06-23 09:52:48,671.45,407233
2021-06-23 09:52:49,671.6,407443
2021-06-23 09:52:52,671.75,408634
2021-06-23 09:52:53,671.8,410127
2021-06-23 09:52:54,671.75,410376
2021-06-23 09:52:55,671.75,410692
2021-06-23 09:52:56,671.85,410792
2021-06-23 09:52:57,671.95,410797
2021-06-23 09:52:58,671.85,410803
2021-06-23 09:52:59,671.85,410863
2021-06-23 09:53:00,671.85,410913
2021-06-23 09:53:01,671.85,410955
2021-06-23 09:53:02,672.0,411774
2021-06-23 09:53:03,671.75,412076
2021-06-23 09:53:04,671.95,412176
2021-06-23 09:53:05,672.0,412824
2021-06-23 09:53:07,671.85,413393
2021-06-23 09:53:08,671.85,413393
2021-06-23 09:53:11,672.0,413418
2021-06-23 09:53:12,672.0,413450
2021-06-23 09:53:13,672.0,413450
2021-06-23 09:53:14,671.95,414050
2021-06-23 09:53:15,671.85,414260
2021-06-23 09:53:16,672.0,414784
2021-06-23 09:53:17,671.9,414839
2021-06-23 09:53:18,671.9,414839
2021-06-23 09:53:19,672.0,414882
2021-06-23 09:53:20,671.85,415112
2021-06-23 09:53:21,671.85,415112
2021-06-23 09:53:22,672.0,415123
2021-06-23 09:53:23,671.9,415126
2021-06-23 09:53:24,671.9,415286
2021-06-23 09:53:25,671.85,415346
2021-06-23 09:53:26,671.9,415356
2021-06-23 09:53:27,671.9,415383
2021-06-23 09:53:28,671.8,416258
2021-06-23 09:53:29,671.8,417008
2021-06-23 09:53:30,671.9,417011
2021-06-23 09:53:31,671.95,417256
2021-06-23 09:53:32,671.95,417256
2021-06-23 09:53:33,672.0,417458
2021-06-23 09:53:34,672.0,417458
2021-06-23 09:53:35,671.9,417468
2021-06-23 09:53:37,672.0,417478
2021-06-23 09:53:37,672.0,417478
2021-06-23 09:53:38,671.9,417480
2021-06-23 09:53:39,672.0,417709
2021-06-23 09:53:40,671.9,417903
2021-06-23 09:53:41,671.9,417939
2021-06-23 09:53:42,671.95,419571
2021-06-23 09:53:43,671.95,419571
2021-06-23 09:53:44,671.9,419581
2021-06-23 09:53:45,671.75,419848
2021-06-23 09:53:46,671.8,419883
2021-06-23 09:53:47,671.8,419944
2021-06-23 09:53:48,671.8,419945
2021-06-23 09:53:50,671.8,419990
2021-06-23 09:53:51,671.95,420135
2021-06-23 09:53:51,671.95,420135
2021-06-23 09:53:52,671.6,420145
2021-06-23 09:53:53,672.0,423145
2021-06-23 09:53:54,671.7,423368
2021-06-23 09:53:55,671.95,423468
2021-06-23 09:53:56,671.95,423468
2021-06-23 09:53:57,671.7,425160
2021-06-23 09:53:58,671.75,425381
2021-06-23 09:53:59,671.7,426147
2021-06-23 09:54:00,671.95,426199
2021-06-23 09:54:01,671.75,426459
2021-06-23 09:54:02,671.75,426509
2021-06-23 09:54:03,671.75,426509
2021-06-23 09:54:04,671.95,426709
2021-06-23 09:54:05,671.95,426759
2021-06-23 09:54:06,671.8,426769
2021-06-23 09:54:07,671.95,427219
2021-06-23 09:54:08,671.95,427286
2021-06-23 09:54:10,671.75,427287
2021-06-23 09:54:11,671.75,427290
2021-06-23 09:54:12,672.0,427561
2021-06-23 09:54:13,671.95,427634
2021-06-23 09:54:14,671.7,427773
2021-06-23 09:54:15,671.75,428119
2021-06-23 09:54:16,671.75,428119
2021-06-23 09:54:17,671.75,428119
2021-06-23 09:54:17,671.75,428169
2021-06-23 09:54:18,671.85,428346
2021-06-23 09:54:19,671.6,428839
2021-06-23 09:54:20,671.6,428849
2021-06-23 09:54:21,671.6,428849
2021-06-23 09:54:22,671.6,428849
2021-06-23 09:54:23,671.85,429158
2021-06-23 09:54:24,671.75,429288
2021-06-23 09:54:25,671.75,429302
2021-06-23 09:54:26,671.6,431356
2021-06-23 09:54:28,671.55,431449
2021-06-23 09:54:29,671.55,431449
2021-06-23 09:54:29,671.85,432157
2021-06-23 09:54:30,671.75,432167
2021-06-23 09:54:31,671.75,432188
2021-06-23 09:54:33,671.55,433416
2021-06-23 09:54:33,671.55,433416
2021-06-23 09:54:35,671.55,433546
2021-06-23 09:54:36,671.55,433546
2021-06-23 09:54:38,671.5,433581
2021-06-23 09:54:39,671.8,433611
2021-06-23 09:54:40,671.8,433646
2021-06-23 09:54:41,671.8,433656
2021-06-23 09:54:42,671.8,433758
2021-06-23 09:54:43,671.8,433758
2021-06-23 09:54:44,671.5,433958
2021-06-23 09:54:45,671.5,433968
2021-06-23 09:54:46,671.4,434453
2021-06-23 09:54:46,671.4,434595
2021-06-23 09:54:47,671.6,434745
2021-06-23 09:54:48,671.3,434770
2021-06-23 09:54:50,671.35,434910
2021-06-23 09:54:51,671.35,434910
2021-06-23 09:54:52,671.35,434910
2021-06-23 09:54:53,671.6,435060
2021-06-23 09:54:54,671.3,435130
2021-06-23 09:54:55,671.3,435400
2021-06-23 09:54:56,671.3,435521
2021-06-23 09:54:57,671.3,435521
2021-06-23 09:54:58,671.55,435813
2021-06-23 09:54:58,671.35,435811
2021-06-23 09:54:59,671.55,435818
2021-06-23 09:55:00,671.3,435959
2021-06-23 09:55:01,671.3,435968
2021-06-23 09:55:02,671.5,436978
2021-06-23 09:55:03,671.5,436978
2021-06-23 09:55:04,671.3,436993
2021-06-23 09:55:05,671.3,437113
2021-06-23 09:55:06,671.3,437113
2021-06-23 09:55:08,671.5,437333
2021-06-23 09:55:10,671.5,437390
2021-06-23 09:55:11,671.5,437427
2021-06-23 09:55:12,671.5,437466
2021-06-23 09:55:13,671.5,437917
2021-06-23 09:55:14,671.5,438123
2021-06-23 09:55:15,671.5,438123
2021-06-23 09:55:16,671.5,438123
2021-06-23 09:55:17,671.4,438135
2021-06-23 09:55:18,671.3,438175
2021-06-23 09:55:20,671.05,438831
2021-06-23 09:55:21,671.0,439491
2021-06-23 09:55:21,671.0,439491
2021-06-23 09:55:22,671.2,439591
2021-06-23 09:55:24,670.85,440290
2021-06-23 09:55:25,671.15,440291
2021-06-23 09:55:26,670.85,440341
2021-06-23 09:55:27,671.0,440367
2021-06-23 09:55:29,671.05,440561
2021-06-23 09:55:30,671.05,440571
2021-06-23 09:55:31,671.05,440571
2021-06-23 09:55:31,671.05,440571
2021-06-23 09:55:32,671.0,440902
2021-06-23 09:55:33,670.8,441007
2021-06-23 09:55:34,670.8,441215
2021-06-23 09:55:35,671.1,441543
2021-06-23 09:55:37,670.95,441726
2021-06-23 09:55:38,670.95,441726
2021-06-23 09:55:39,671.3,442226
2021-06-23 09:55:40,671.0,442326
2021-06-23 09:55:41,671.0,442326
2021-06-23 09:55:42,671.0,442500
2021-06-23 09:55:42,671.0,442500
2021-06-23 09:55:43,671.0,442500
2021-06-23 09:55:44,671.0,442500
2021-06-23 09:55:45,671.25,442615
2021-06-23 09:55:46,671.0,443785
2021-06-23 09:55:47,671.3,443842
2021-06-23 09:55:49,671.15,444992
2021-06-23 09:55:50,671.1,445012
2021-06-23 09:55:51,671.1,445012
2021-06-23 09:55:52,671.1,445012
2021-06-23 09:55:54,671.3,445162
2021-06-23 09:55:54,671.3,445162
2021-06-23 09:55:55,671.3,445427
2021-06-23 09:55:56,671.15,445442
2021-06-23 09:55:57,671.25,445642
2021-06-23 09:55:58,671.4,445946
2021-06-23 09:55:59,671.3,445996
2021-06-23 09:56:00,671.3,445996
2021-06-23 09:56:01,671.2,446100
2021-06-23 09:56:02,671.2,446100
2021-06-23 09:56:03,671.35,446141
2021-06-23 09:56:04,671.5,448423
2021-06-23 09:56:05,671.45,448452
2021-06-23 09:56:06,671.45,448460
2021-06-23 09:56:07,671.5,448763
2021-06-23 09:56:08,671.45,449098
2021-06-23 09:56:09,671.45,449398
2021-06-23 09:56:10,671.45,450829
2021-06-23 09:56:11,671.35,451873
2021-06-23 09:56:12,671.4,451973
2021-06-23 09:56:13,671.3,451984
2021-06-23 09:56:14,671.3,451984
2021-06-23 09:56:15,671.3,451984
2021-06-23 09:56:16,671.4,452083
2021-06-23 09:56:17,671.15,452219
2021-06-23 09:56:18,671.15,452234
2021-06-23 09:56:19,671.15,452234
2021-06-23 09:56:21,671.3,452450
2021-06-23 09:56:21,671.05,452799
2021-06-23 09:56:22,671.3,452800
2021-06-23 09:56:23,671.2,452801
2021-06-23 09:56:24,671.2,452801
2021-06-23 09:56:26,671.0,452901
2021-06-23 09:56:27,671.45,454211
2021-06-23 09:56:28,671.45,454211
2021-06-23 09:56:30,671.05,454836
2021-06-23 09:56:30,671.3,454908
2021-06-23 09:56:31,671.3,454967
2021-06-23 09:56:32,671.05,455217
2021-06-23 09:56:33,671.0,455226
2021-06-23 09:56:34,671.3,455302
2021-06-23 09:56:35,671.3,455358
2021-06-23 09:56:36,671.3,455453
2021-06-23 09:56:38,671.45,456536
2021-06-23 09:56:39,671.45,456667
2021-06-23 09:56:41,671.25,456677
2021-06-23 09:56:42,671.15,456827
2021-06-23 09:56:43,671.1,456882
2021-06-23 09:56:44,671.1,456893
2021-06-23 09:56:45,671.1,456893
2021-06-23 09:56:46,671.1,456893
2021-06-23 09:56:46,671.1,456893
2021-06-23 09:56:47,671.1,456893
2021-06-23 09:56:48,671.25,456912
2021-06-23 09:56:49,671.1,457133
2021-06-23 09:56:50,671.25,457149
2021-06-23 09:56:52,671.3,457225
2021-06-23 09:56:53,671.3,457225
2021-06-23 09:56:54,671.3,457225
2021-06-23 09:56:55,671.1,457525
2021-06-23 09:56:56,671.3,457575
2021-06-23 09:56:56,671.15,457595
2021-06-23 09:56:57,671.15,457617
2021-06-23 09:57:01,671.3,457993
2021-06-23 09:57:02,671.1,458093
2021-06-23 09:57:04,671.1,458202
2021-06-23 09:57:05,671.1,459212
2021-06-23 09:57:06,671.3,459274
2021-06-23 09:57:07,671.35,459294
2021-06-23 09:57:08,671.35,459323
2021-06-23 09:57:09,671.35,459342
2021-06-23 09:57:10,671.1,459673
2021-06-23 09:57:11,671.25,460046
2021-06-23 09:57:12,671.25,460147
2021-06-23 09:57:13,671.25,460147
2021-06-23 09:57:14,671.0,460317
2021-06-23 09:57:16,671.0,460417
2021-06-23 09:57:17,671.3,460437
2021-06-23 09:57:17,671.25,462543
2021-06-23 09:57:18,671.0,462548
2021-06-23 09:57:19,671.0,462548
2021-06-23 09:57:20,671.25,462549
2021-06-23 09:57:21,671.25,462549
2021-06-23 09:57:22,671.25,462549
2021-06-23 09:57:23,671.0,462569
2021-06-23 09:57:24,671.0,462594
2021-06-23 09:57:27,671.0,462744
2021-06-23 09:57:28,671.0,462794
2021-06-23 09:57:28,671.0,462794
2021-06-23 09:57:30,671.0,462874
2021-06-23 09:57:31,671.0,462978
2021-06-23 09:57:32,671.0,462978
2021-06-23 09:57:33,671.2,463225
2021-06-23 09:57:34,671.2,463225
2021-06-23 09:57:35,671.25,463275
2021-06-23 09:57:36,671.0,463948
2021-06-23 09:57:37,671.0,463958
2021-06-23 09:57:38,671.0,463958
2021-06-23 09:57:39,670.9,463979
2021-06-23 09:57:41,670.85,464953
2021-06-23 09:57:42,670.6,466188
2021-06-23 09:57:43,670.6,466188
2021-06-23 09:57:44,670.8,466198
2021-06-23 09:57:45,670.8,466198
2021-06-23 09:57:45,670.8,466198
2021-06-23 09:57:46,670.6,466348
2021-06-23 09:57:47,670.6,466365
2021-06-23 09:57:49,670.6,466465
2021-06-23 09:57:50,670.6,466465
2021-06-23 09:57:51,670.6,466475
2021-06-23 09:57:52,670.6,466580
2021-06-23 09:57:53,670.6,466580
2021-06-23 09:57:53,670.6,466580
2021-06-23 09:57:54,670.6,466590
2021-06-23 09:57:55,670.6,466590
2021-06-23 09:57:56,670.9,466600
2021-06-23 09:57:57,670.65,466800
2021-06-23 09:57:58,670.6,469307
2021-06-23 09:57:59,670.95,469482
2021-06-23 09:58:02,670.75,469570
2021-06-23 09:58:03,670.75,469570
2021-06-23 09:58:04,670.75,469570
2021-06-23 09:58:04,670.75,469570
2021-06-23 09:58:06,670.75,469570
2021-06-23 09:58:07,670.8,471152
2021-06-23 09:58:08,670.8,471158
2021-06-23 09:58:09,671.0,471231
2021-06-23 09:58:10,671.05,472359
2021-06-23 09:58:11,671.2,472514
2021-06-23 09:58:12,671.0,472559
2021-06-23 09:58:12,671.2,472514
2021-06-23 09:58:13,671.0,472659
2021-06-23 09:58:15,671.0,472882
2021-06-23 09:58:16,671.0,472882
2021-06-23 09:58:17,671.0,472892
2021-06-23 09:58:17,671.0,472892
2021-06-23 09:58:18,671.2,473240
2021-06-23 09:58:19,671.2,473240
2021-06-23 09:58:20,671.15,477442
2021-06-23 09:58:21,671.1,477456
2021-06-23 09:58:22,671.15,477475
2021-06-23 09:58:24,671.15,477493
2021-06-23 09:58:24,671.1,477594
2021-06-23 09:58:25,671.15,477669
2021-06-23 09:58:27,671.15,477669
2021-06-23 09:58:28,671.1,477919
2021-06-23 09:58:29,671.1,477919
2021-06-23 09:58:30,671.1,478473
2021-06-23 09:58:31,671.1,478473
2021-06-23 09:58:32,671.15,478493
2021-06-23 09:58:33,671.15,478536
2021-06-23 09:58:34,671.1,478636
2021-06-23 09:58:36,671.2,478736
2021-06-23 09:58:37,671.2,478836
2021-06-23 09:58:38,671.15,478852
2021-06-23 09:58:39,671.15,478952
2021-06-23 09:58:39,671.15,478952
2021-06-23 09:58:40,671.15,479061
2021-06-23 09:58:41,671.15,479061
2021-06-23 09:58:43,671.15,479061
2021-06-23 09:58:44,671.15,479061
2021-06-23 09:58:44,671.1,479161
2021-06-23 09:58:45,671.1,479161
2021-06-23 09:58:47,671.1,479541
2021-06-23 09:58:48,671.1,479843
2021-06-23 09:58:49,671.1,479843
2021-06-23 09:58:50,671.2,480393
2021-06-23 09:58:51,671.1,480433
2021-06-23 09:58:52,671.2,480593
2021-06-23 09:58:52,671.2,480593
2021-06-23 09:58:53,671.2,480593
2021-06-23 09:58:54,671.2,480643
2021-06-23 09:58:55,671.2,481218
2021-06-23 09:58:57,671.2,481238
2021-06-23 09:58:58,671.1,481257
2021-06-23 09:58:58,671.2,481479
2021-06-23 09:58:59,671.2,481479
2021-06-23 09:59:00,671.2,482280
2021-06-23 09:59:02,671.2,482980
2021-06-23 09:59:03,671.2,482980
2021-06-23 09:59:04,671.25,483008
2021-06-23 09:59:05,671.05,483052
2021-06-23 09:59:06,671.35,483782
2021-06-23 09:59:07,671.4,483832
2021-06-23 09:59:08,671.1,483862
2021-06-23 09:59:09,671.4,483962
2021-06-23 09:59:10,671.15,483966
2021-06-23 09:59:11,671.15,484036
2021-06-23 09:59:12,671.15,484036
2021-06-23 09:59:13,671.4,484257
2021-06-23 09:59:14,671.15,484408
2021-06-23 09:59:15,671.35,484508
2021-06-23 09:59:16,671.15,484676
2021-06-23 09:59:17,671.1,485123
2021-06-23 09:59:17,671.1,485123
2021-06-23 09:59:19,671.05,485124
2021-06-23 09:59:20,671.35,485126
2021-06-23 09:59:21,671.15,485146
2021-06-23 09:59:22,671.15,485146
2021-06-23 09:59:23,671.35,485156
2021-06-23 09:59:24,671.25,485296
2021-06-23 09:59:25,671.25,485340
2021-06-23 09:59:26,671.25,485877
2021-06-23 09:59:26,671.25,486156
2021-06-23 09:59:27,671.25,486156
2021-06-23 09:59:28,671.1,486317
2021-06-23 09:59:30,671.1,486317
2021-06-23 09:59:31,671.3,486567
2021-06-23 09:59:32,671.05,486594
2021-06-23 09:59:33,671.05,487559
2021-06-23 09:59:34,671.1,487560
2021-06-23 09:59:35,671.0,487660
2021-06-23 09:59:36,671.15,487811
2021-06-23 09:59:37,670.95,489090
2021-06-23 09:59:38,670.95,489090
2021-06-23 09:59:38,670.95,489090
2021-06-23 09:59:40,671.0,489101
2021-06-23 09:59:40,670.8,489106
2021-06-23 09:59:41,670.8,489192
2021-06-23 09:59:42,670.8,489192
2021-06-23 09:59:43,671.05,489222
2021-06-23 09:59:45,671.05,489372
2021-06-23 09:59:46,671.05,489372
2021-06-23 09:59:47,671.05,489372
2021-06-23 09:59:48,670.8,489492
2021-06-23 09:59:49,670.95,489637
2021-06-23 09:59:50,671.05,489818
2021-06-23 09:59:51,671.05,489818
2021-06-23 09:59:52,671.0,489839
2021-06-23 09:59:53,671.0,489839
2021-06-23 09:59:54,670.8,489876
2021-06-23 09:59:54,670.8,489876
2021-06-23 09:59:55,670.8,490877
2021-06-23 09:59:57,670.8,490877
2021-06-23 09:59:58,670.8,490878
2021-06-23 09:59:59,671.1,490978
2021-06-23 09:59:59,671.1,490978
2021-06-23 10:00:00,671.1,490978
2021-06-23 10:00:02,671.1,490978
2021-06-23 10:00:03,671.0,490993
2021-06-23 10:00:04,671.0,491793
2021-06-23 10:00:05,671.0,491793
2021-06-23 10:00:06,671.0,491828
2021-06-23 10:00:06,671.0,491828
2021-06-23 10:00:07,670.8,491838
2021-06-23 10:00:08,670.8,491838
2021-06-23 10:00:09,670.8,491849
2021-06-23 10:00:10,670.8,491849
2021-06-23 10:00:12,670.8,492909
2021-06-23 10:00:13,670.8,492909
2021-06-23 10:00:14,670.7,493059
2021-06-23 10:00:15,671.0,493109
2021-06-23 10:00:16,671.0,493109
2021-06-23 10:00:17,671.0,493129
2021-06-23 10:00:18,670.75,494306
2021-06-23 10:00:19,670.75,494306
2021-06-23 10:00:20,670.75,494306
2021-06-23 10:00:21,670.8,494341
2021-06-23 10:00:22,670.8,494370
2021-06-23 10:00:23,670.8,494370
2021-06-23 10:00:24,670.65,494870
2021-06-23 10:00:25,670.65,494870
2021-06-23 10:00:25,670.65,494870
2021-06-23 10:00:27,670.65,494870
2021-06-23 10:00:28,670.65,494870
2021-06-23 10:00:29,670.95,494871
2021-06-23 10:00:30,670.7,494925
2021-06-23 10:00:31,670.7,494925
2021-06-23 10:00:32,670.65,495331
2021-06-23 10:00:33,670.65,495331
2021-06-23 10:00:36,670.6,495911
2021-06-23 10:00:38,670.7,496262
2021-06-23 10:00:37,670.7,496262
2021-06-23 10:00:39,670.7,496262
2021-06-23 10:00:40,670.7,496262
2021-06-23 10:00:41,670.7,496262
2021-06-23 10:00:42,670.8,496303
2021-06-23 10:00:43,670.8,496303
2021-06-23 10:00:45,670.8,496408
2021-06-23 10:00:44,670.8,496408
2021-06-23 10:00:46,670.65,496409
2021-06-23 10:00:47,670.6,496429
2021-06-23 10:00:52,670.9,498176
2021-06-23 10:00:54,670.8,498220
2021-06-23 10:00:55,670.85,500271
2021-06-23 10:00:56,670.85,500276
2021-06-23 10:00:57,671.0,500281
2021-06-23 10:00:58,671.1,501089
2021-06-23 10:00:59,671.15,501288
2021-06-23 10:01:00,671.0,501334
2021-06-23 10:01:01,671.0,501339
2021-06-23 10:01:02,671.0,501339
2021-06-23 10:01:03,671.0,501339
2021-06-23 10:01:04,671.0,501339
2021-06-23 10:01:05,670.85,502566
2021-06-23 10:01:06,670.85,502566
2021-06-23 10:01:08,671.0,502576
2021-06-23 10:01:09,671.2,502626
2021-06-23 10:01:10,671.2,502626
2021-06-23 10:01:11,671.25,503470
2021-06-23 10:01:12,670.95,503495
2021-06-23 10:01:13,670.85,503520
2021-06-23 10:01:14,670.85,503520
2021-06-23 10:01:15,671.25,504180
2021-06-23 10:01:16,671.25,504180
2021-06-23 10:01:17,671.25,504180
2021-06-23 10:01:18,671.25,504180
2021-06-23 10:01:19,671.05,504480
2021-06-23 10:01:20,671.05,504480
2021-06-23 10:01:21,671.05,504480
2021-06-23 10:01:22,671.25,504500
2021-06-23 10:01:23,671.25,507072
2021-06-23 10:01:24,671.2,507573
2021-06-23 10:01:25,671.0,507587
2021-06-23 10:01:28,671.05,507737
2021-06-23 10:01:29,671.25,507860
2021-06-23 10:01:30,671.25,507860
2021-06-23 10:01:31,671.25,507861
2021-06-23 10:01:33,671.3,507981
2021-06-23 10:01:35,671.25,508170
2021-06-23 10:01:36,671.25,508170
2021-06-23 10:01:37,671.25,508170
2021-06-23 10:01:38,671.25,508170
2021-06-23 10:01:39,671.3,508380
2021-06-23 10:01:40,671.3,508380
2021-06-23 10:01:41,671.3,508380
2021-06-23 10:01:42,671.3,508380
2021-06-23 10:01:43,671.3,508380
2021-06-23 10:01:44,671.1,508396
2021-06-23 10:01:45,671.2,508406
2021-06-23 10:01:46,671.2,508406
2021-06-23 10:01:47,671.25,509036
2021-06-23 10:01:48,671.3,509172
2021-06-23 10:01:49,671.15,509186
2021-06-23 10:01:50,671.3,509256
2021-06-23 10:01:51,671.3,509386
2021-06-23 10:01:52,671.3,509386
2021-06-23 10:01:53,671.3,509587
2021-06-23 10:01:54,671.25,509601
2021-06-23 10:01:55,671.3,509781
2021-06-23 10:01:56,671.3,509781
2021-06-23 10:01:57,671.1,510781
2021-06-23 10:01:58,671.25,511047
2021-06-23 10:02:00,671.3,511078
2021-06-23 10:02:01,671.3,511774
2021-06-23 10:02:02,671.3,511824
2021-06-23 10:02:03,671.15,511828
2021-06-23 10:02:04,671.15,511828
2021-06-23 10:02:05,671.15,511835
2021-06-23 10:02:06,671.15,511835
2021-06-23 10:02:07,671.3,511995
2021-06-23 10:02:08,671.3,512232
2021-06-23 10:02:10,671.25,512632
2021-06-23 10:02:11,671.4,512633
2021-06-23 10:02:13,671.5,515234
2021-06-23 10:02:12,671.5,515234
2021-06-23 10:02:14,671.45,515236
2021-06-23 10:02:15,671.45,515261
2021-06-23 10:02:16,671.45,515261
2021-06-23 10:02:17,671.5,515263
2021-06-23 10:02:18,671.45,515265
2021-06-23 10:02:19,671.45,515275
2021-06-23 10:02:20,671.4,515295
2021-06-23 10:02:21,671.4,515295
2021-06-23 10:02:22,671.5,515446
2021-06-23 10:02:23,671.45,515661
2021-06-23 10:02:24,671.65,515719
2021-06-23 10:02:25,671.65,515719
2021-06-23 10:02:26,671.65,515719
2021-06-23 10:02:27,671.65,515719
2021-06-23 10:02:28,671.65,515729
2021-06-23 10:02:29,671.65,515729
2021-06-23 10:02:30,671.7,515750
2021-06-23 10:02:31,671.7,515815
2021-06-23 10:02:32,671.65,515915
2021-06-23 10:02:33,671.65,515915
2021-06-23 10:02:34,671.65,515930
2021-06-23 10:02:35,671.65,516081
2021-06-23 10:02:36,671.65,516091
2021-06-23 10:02:38,671.65,516491
2021-06-23 10:02:37,671.65,516491
2021-06-23 10:02:39,671.65,516491
2021-06-23 10:02:40,671.65,516491
2021-06-23 10:02:41,671.65,516491
2021-06-23 10:02:42,671.65,516516
2021-06-23 10:02:43,671.65,516516
2021-06-23 10:02:44,671.65,516865
2021-06-23 10:02:46,671.65,516865
2021-06-23 10:02:46,671.65,516865
2021-06-23 10:02:47,671.65,516865
2021-06-23 10:02:48,671.65,517134
2021-06-23 10:02:49,671.65,517134
2021-06-23 10:02:50,671.5,517307
2021-06-23 10:02:51,671.65,517355
2021-06-23 10:02:52,671.65,517355
2021-06-23 10:02:53,671.65,517355
2021-06-23 10:02:54,671.65,517385
2021-06-23 10:02:55,671.5,517677
2021-06-23 10:02:56,671.6,517704
2021-06-23 10:02:57,671.5,518205
2021-06-23 10:02:59,671.45,518421
2021-06-23 10:02:59,671.6,518646
2021-06-23 10:03:01,671.45,518654
2021-06-23 10:03:01,671.55,518647
2021-06-23 10:03:02,671.45,518654
2021-06-23 10:03:03,671.6,519054
2021-06-23 10:03:04,671.6,519054
2021-06-23 10:03:05,671.6,519054
2021-06-23 10:03:06,671.65,519184
2021-06-23 10:03:08,671.45,519194
2021-06-23 10:03:09,671.65,519249
2021-06-23 10:03:10,671.65,519266
2021-06-23 10:03:11,671.6,519318
2021-06-23 10:03:12,671.65,519378
2021-06-23 10:03:13,671.6,519393
2021-06-23 10:03:14,671.65,519583
2021-06-23 10:03:15,671.65,519583
2021-06-23 10:03:16,671.45,519663
2021-06-23 10:03:17,671.35,519804
2021-06-23 10:03:18,671.6,519811
2021-06-23 10:03:19,671.6,519811
2021-06-23 10:03:20,671.6,519811
2021-06-23 10:03:21,671.6,519811
2021-06-23 10:03:22,671.55,519819
2021-06-23 10:03:23,671.55,519819
2021-06-23 10:03:25,671.3,520533
2021-06-23 10:03:26,671.3,520533
2021-06-23 10:03:27,671.55,520740
2021-06-23 10:03:28,671.3,520741
2021-06-23 10:03:29,671.3,520889
2021-06-23 10:03:30,671.3,520889
2021-06-23 10:03:31,671.5,520892
2021-06-23 10:03:32,671.5,520892
2021-06-23 10:03:33,671.5,521042
2021-06-23 10:03:34,671.5,522364
2021-06-23 10:03:36,671.2,522473
2021-06-23 10:03:37,671.15,522517
2021-06-23 10:03:39,671.45,522530
2021-06-23 10:03:39,671.45,522530
2021-06-23 10:03:40,671.6,523532
2021-06-23 10:03:41,671.6,523532
2021-06-23 10:03:42,671.6,523532
2021-06-23 10:03:45,671.4,523537
2021-06-23 10:03:46,671.05,524553
2021-06-23 10:03:47,671.35,524703
2021-06-23 10:03:48,671.35,524703
2021-06-23 10:03:49,671.35,524703
2021-06-23 10:03:50,671.45,524803
2021-06-23 10:03:51,671.3,524928
2021-06-23 10:03:53,671.3,524928
2021-06-23 10:03:53,671.3,524928
2021-06-23 10:03:54,671.3,524928
2021-06-23 10:03:55,671.3,524928
2021-06-23 10:03:57,671.3,524978
2021-06-23 10:03:57,671.4,524983
2021-06-23 10:03:58,671.4,524983
2021-06-23 10:03:59,671.3,524993
2021-06-23 10:04:00,671.5,524997
2021-06-23 10:04:01,671.3,525008
2021-06-23 10:04:02,671.3,525008
2021-06-23 10:04:03,671.3,525011
2021-06-23 10:04:04,671.5,525975
2021-06-23 10:04:05,671.3,526073
2021-06-23 10:04:06,671.3,526163
2021-06-23 10:04:07,671.3,526164
2021-06-23 10:04:08,671.3,526164
2021-06-23 10:04:09,671.3,526174
2021-06-23 10:04:10,671.3,526174
2021-06-23 10:04:11,671.3,526207
2021-06-23 10:04:12,671.3,526207
2021-06-23 10:04:13,671.3,526207
2021-06-23 10:04:14,671.5,526491
2021-06-23 10:04:15,671.5,527069
2021-06-23 10:04:16,671.5,527069
2021-06-23 10:04:17,671.35,527112
2021-06-23 10:04:18,671.5,527213
2021-06-23 10:04:19,671.3,527219
2021-06-23 10:04:21,671.5,529269
2021-06-23 10:04:22,671.5,529269
2021-06-23 10:04:23,671.7,529539
2021-06-23 10:04:24,671.7,529539
2021-06-23 10:04:26,671.7,529539
2021-06-23 10:04:26,671.7,529539
2021-06-23 10:04:27,671.7,529584
2021-06-23 10:04:29,671.45,530287
2021-06-23 10:04:30,671.8,531179
2021-06-23 10:04:31,671.8,531229
2021-06-23 10:04:32,671.8,531445
2021-06-23 10:04:33,671.8,531596
2021-06-23 10:04:34,671.9,532753
2021-06-23 10:04:35,672.05,542329
2021-06-23 10:04:36,672.25,542768
2021-06-23 10:04:37,672.05,542962
2021-06-23 10:04:38,672.05,542969
2021-06-23 10:04:39,672.25,543073
2021-06-23 10:04:40,672.25,543073
2021-06-23 10:04:41,672.3,543673
2021-06-23 10:04:42,672.3,543675
2021-06-23 10:04:43,672.3,543731
2021-06-23 10:04:45,672.25,544957
2021-06-23 10:04:45,672.25,544957
2021-06-23 10:04:46,672.0,547089
2021-06-23 10:04:47,672.1,547099
2021-06-23 10:04:48,672.1,547104
2021-06-23 10:04:49,672.1,547104
2021-06-23 10:04:50,671.85,547340
2021-06-23 10:04:51,671.85,547340
2021-06-23 10:04:52,671.85,547340
2021-06-23 10:04:53,671.6,547540
2021-06-23 10:04:54,671.95,547550
2021-06-23 10:04:56,671.65,547688
2021-06-23 10:04:57,671.65,547688
2021-06-23 10:04:58,671.8,547938
2021-06-23 10:04:59,671.85,548268
2021-06-23 10:05:00,671.85,548268
2021-06-23 10:05:01,671.9,548277
2021-06-23 10:05:02,671.9,548377
2021-06-23 10:05:03,671.95,548484
2021-06-23 10:05:04,671.95,548584
2021-06-23 10:05:04,671.7,548614
2021-06-23 10:05:05,672.0,548688
2021-06-23 10:05:06,672.0,548717
2021-06-23 10:05:07,671.75,548917
2021-06-23 10:05:08,672.0,548927
2021-06-23 10:05:09,672.0,548948
2021-06-23 10:05:10,671.9,549048
2021-06-23 10:05:11,671.95,549098
2021-06-23 10:05:13,672.0,549118
2021-06-23 10:05:14,671.9,549121
2021-06-23 10:05:15,672.0,549176
2021-06-23 10:05:15,672.0,549176
2021-06-23 10:05:16,672.0,549263
2021-06-23 10:05:17,671.9,549275
2021-06-23 10:05:19,671.75,549281
2021-06-23 10:05:20,671.75,549281
2021-06-23 10:05:21,671.95,549382
2021-06-23 10:05:22,671.95,549382
2021-06-23 10:05:25,671.75,549664
2021-06-23 10:05:26,671.75,549714
2021-06-23 10:05:27,672.0,549794
2021-06-23 10:05:28,672.0,549864
2021-06-23 10:05:29,671.75,549964
2021-06-23 10:05:30,671.75,549964
2021-06-23 10:05:31,671.75,549964
2021-06-23 10:05:32,672.0,550037
2021-06-23 10:05:33,671.8,550038
2021-06-23 10:05:34,672.0,550112
2021-06-23 10:05:35,671.8,550119
2021-06-23 10:05:36,671.8,550135
2021-06-23 10:05:37,671.8,550135
2021-06-23 10:05:38,672.0,550372
2021-06-23 10:05:39,672.0,550372
2021-06-23 10:05:40,672.0,550562
2021-06-23 10:05:41,672.05,550632
2021-06-23 10:05:42,672.05,550898
2021-06-23 10:05:43,672.0,550903
2021-06-23 10:05:44,672.0,550913
2021-06-23 10:05:46,672.1,550971
2021-06-23 10:05:47,672.0,551025
2021-06-23 10:05:48,672.1,551063
2021-06-23 10:05:49,672.0,551193
2021-06-23 10:05:49,671.8,551965
2021-06-23 10:05:51,671.95,551986
2021-06-23 10:05:52,671.95,551986
2021-06-23 10:05:53,671.95,551986
2021-06-23 10:05:54,671.85,552190
2021-06-23 10:05:54,671.85,552190
2021-06-23 10:05:56,672.05,552550
2021-06-23 10:05:58,672.2,552856
2021-06-23 10:05:59,672.2,552856
2021-06-23 10:06:00,672.2,552856
2021-06-23 10:06:01,672.1,552915
2021-06-23 10:06:01,672.1,552995
2021-06-23 10:06:03,672.2,553240
2021-06-23 10:06:03,672.2,553240
2021-06-23 10:06:04,672.05,553567
2021-06-23 10:06:05,672.0,555515
2021-06-23 10:06:06,672.0,555515
2021-06-23 10:06:07,672.0,555775
2021-06-23 10:06:08,672.0,555775
2021-06-23 10:06:10,672.05,555796
2021-06-23 10:06:11,672.2,556087
2021-06-23 10:06:12,672.2,556087
2021-06-23 10:06:13,672.2,556137
2021-06-23 10:06:14,672.2,556137
2021-06-23 10:06:15,672.0,556987
2021-06-23 10:06:16,672.0,559376
2021-06-23 10:06:17,672.1,559618
2021-06-23 10:06:17,671.8,559628
2021-06-23 10:06:18,671.8,559686
2021-06-23 10:06:19,672.05,559786
2021-06-23 10:06:20,672.05,559786
2021-06-23 10:06:21,672.05,559786
2021-06-23 10:06:23,672.0,560826
2021-06-23 10:06:24,672.1,562221
2021-06-23 10:06:25,672.1,562221
2021-06-23 10:06:26,672.1,562221
2021-06-23 10:06:27,672.0,562835
2021-06-23 10:06:29,672.0,562836
2021-06-23 10:06:30,671.85,562841
2021-06-23 10:06:31,671.85,562841
2021-06-23 10:06:32,671.8,562978
2021-06-23 10:06:33,672.05,563349
2021-06-23 10:06:33,672.05,563349
2021-06-23 10:06:35,671.85,563358
2021-06-23 10:06:36,672.05,563408
2021-06-23 10:06:37,671.85,563478
2021-06-23 10:06:38,671.85,563481
2021-06-23 10:06:39,671.8,563545
2021-06-23 10:06:40,671.8,563555
2021-06-23 10:06:41,671.9,563569
2021-06-23 10:06:42,671.9,563599
2021-06-23 10:06:43,671.8,563669
2021-06-23 10:06:44,671.8,563669
2021-06-23 10:06:45,671.8,563669
2021-06-23 10:06:47,671.8,563669
2021-06-23 10:06:48,671.9,563873
2021-06-23 10:06:49,672.0,563973
2021-06-23 10:06:49,671.9,563873
2021-06-23 10:06:50,672.0,564073
2021-06-23 10:06:51,671.8,564525
2021-06-23 10:06:52,671.8,564525
2021-06-23 10:06:54,671.8,564565
2021-06-23 10:06:55,671.8,564565
2021-06-23 10:06:55,671.8,564565
2021-06-23 10:06:56,671.8,565065
2021-06-23 10:06:58,671.8,565065
2021-06-23 10:06:59,671.8,565065
2021-06-23 10:06:59,671.75,565305
2021-06-23 10:07:01,671.75,565330
2021-06-23 10:07:02,671.8,565430
2021-06-23 10:07:04,671.7,565798
2021-06-23 10:07:06,671.85,566278
2021-06-23 10:07:07,671.6,566411
2021-06-23 10:07:09,671.65,566416
2021-06-23 10:07:10,671.65,566416
2021-06-23 10:07:10,671.8,566431
2021-06-23 10:07:11,671.8,566431
2021-06-23 10:07:12,671.7,566445
2021-06-23 10:07:13,671.7,566445
2021-06-23 10:07:14,671.6,566455
2021-06-23 10:07:15,671.55,566648
2021-06-23 10:07:16,671.7,566658
2021-06-23 10:07:18,671.5,568577
2021-06-23 10:07:19,671.6,568637
2021-06-23 10:07:20,671.6,568642
2021-06-23 10:07:21,671.6,568716
2021-06-23 10:07:22,671.3,569021
2021-06-23 10:07:23,671.55,569324
2021-06-23 10:07:23,671.55,569321
2021-06-23 10:07:24,671.6,569371
2021-06-23 10:07:25,671.4,569391
2021-06-23 10:07:26,671.3,569416
2021-06-23 10:07:27,671.1,569789
2021-06-23 10:07:28,671.1,569989
2021-06-23 10:07:29,671.3,570239
2021-06-23 10:07:30,671.3,570239
2021-06-23 10:07:31,671.3,570239
2021-06-23 10:07:32,671.3,570402
2021-06-23 10:07:33,671.4,570417
2021-06-23 10:07:34,671.4,570417
2021-06-23 10:07:35,671.4,570417
2021-06-23 10:07:36,671.4,570417
2021-06-23 10:07:37,671.1,570617
2021-06-23 10:07:38,671.1,570617
2021-06-23 10:07:40,671.4,570622
2021-06-23 10:07:41,671.4,570622
2021-06-23 10:07:42,671.4,570622
2021-06-23 10:07:43,671.3,570627
2021-06-23 10:07:44,671.3,570627
2021-06-23 10:07:45,671.4,570787
2021-06-23 10:07:46,671.4,570787
2021-06-23 10:07:47,671.2,570860
2021-06-23 10:07:48,671.2,570861
2021-06-23 10:07:49,671.2,570862
2021-06-23 10:07:50,671.2,570922
2021-06-23 10:07:51,671.2,570922
2021-06-23 10:07:52,671.4,571122
2021-06-23 10:07:54,671.1,571127
2021-06-23 10:07:55,671.1,571127
2021-06-23 10:07:56,671.3,571177
2021-06-23 10:07:57,671.1,571202
2021-06-23 10:07:58,671.1,571202
2021-06-23 10:07:59,671.15,571222
2021-06-23 10:08:00,671.3,571227
2021-06-23 10:08:01,671.3,571227
2021-06-23 10:08:01,671.1,571267
2021-06-23 10:08:02,671.1,571267
2021-06-23 10:08:04,671.05,571632
2021-06-23 10:08:07,671.05,571734
2021-06-23 10:08:07,671.05,571734
2021-06-23 10:08:09,671.3,572279
2021-06-23 10:08:10,671.0,572421
2021-06-23 10:08:10,671.0,572421
2021-06-23 10:08:12,671.3,572425
2021-06-23 10:08:13,671.05,572434
2021-06-23 10:08:14,671.05,572434
2021-06-23 10:08:15,670.8,574678
2021-06-23 10:08:16,671.05,574688
2021-06-23 10:08:17,671.3,575608
2021-06-23 10:08:18,671.3,575608
2021-06-23 10:08:19,671.3,575608
2021-06-23 10:08:20,671.3,575608
2021-06-23 10:08:21,670.85,575618
2021-06-23 10:08:21,671.0,575620
2021-06-23 10:08:22,671.0,575640
2021-06-23 10:08:23,671.0,575740
2021-06-23 10:08:25,670.8,576161
2021-06-23 10:08:26,670.8,576191
2021-06-23 10:08:27,670.8,576191
2021-06-23 10:08:28,670.8,576292
2021-06-23 10:08:29,671.0,576427
2021-06-23 10:08:30,671.0,576428
2021-06-23 10:08:31,670.8,576658
2021-06-23 10:08:31,670.8,576488
2021-06-23 10:08:32,670.8,576778
2021-06-23 10:08:33,670.85,576848
2021-06-23 10:08:34,670.85,576848
2021-06-23 10:08:35,671.0,577709
2021-06-23 10:08:36,671.0,577839
2021-06-23 10:08:37,671.25,577932
2021-06-23 10:08:38,670.85,577992
2021-06-23 10:08:39,670.85,577992
2021-06-23 10:08:40,671.0,578017
2021-06-23 10:08:41,670.85,578033
2021-06-23 10:08:42,670.85,578064
2021-06-23 10:08:43,670.85,578064
2021-06-23 10:08:44,670.85,578064
2021-06-23 10:08:46,670.85,578064
2021-06-23 10:08:46,670.85,578064
2021-06-23 10:08:48,670.85,578124
2021-06-23 10:08:49,670.85,578124
2021-06-23 10:08:49,670.85,578124
2021-06-23 10:08:51,670.85,578124
2021-06-23 10:08:52,670.85,578124
2021-06-23 10:08:52,670.85,578124
2021-06-23 10:08:53,670.85,578134
2021-06-23 10:08:55,670.85,578214
2021-06-23 10:08:57,670.85,578224
2021-06-23 10:08:58,670.85,578244
2021-06-23 10:08:58,670.85,578244
2021-06-23 10:08:59,670.8,578309
2021-06-23 10:09:00,670.8,578309
2021-06-23 10:09:01,670.8,578320
2021-06-23 10:09:03,670.8,578320
2021-06-23 10:09:04,670.8,578320
2021-06-23 10:09:05,670.85,578330
2021-06-23 10:09:06,670.85,578355
2021-06-23 10:09:06,670.85,578330
2021-06-23 10:09:07,670.8,578406
2021-06-23 10:09:09,670.8,578406
2021-06-23 10:09:10,670.85,578409
2021-06-23 10:09:11,670.85,578409
2021-06-23 10:09:12,670.85,578409
2021-06-23 10:09:13,670.85,578409
2021-06-23 10:09:14,670.85,578411
2021-06-23 10:09:15,670.95,578613
2021-06-23 10:09:16,670.8,578678
2021-06-23 10:09:17,670.8,578678
2021-06-23 10:09:18,670.8,578678
2021-06-23 10:09:19,670.8,578678
2021-06-23 10:09:20,670.8,578678
2021-06-23 10:09:21,670.8,579265
2021-06-23 10:09:21,670.8,579265
2021-06-23 10:09:22,670.85,579395
2021-06-23 10:09:23,670.85,580175
2021-06-23 10:09:24,670.85,580175
2021-06-23 10:09:26,670.9,580405
2021-06-23 10:09:27,670.95,580415
2021-06-23 10:09:28,670.95,580415
2021-06-23 10:09:28,670.95,580415
2021-06-23 10:09:29,670.85,580425
2021-06-23 10:09:30,670.85,580425
2021-06-23 10:09:32,670.95,580444
2021-06-23 10:09:33,670.95,580444
2021-06-23 10:09:34,670.95,580449
2021-06-23 10:09:35,670.95,580464
2021-06-23 10:09:36,670.95,580464
2021-06-23 10:09:37,670.8,580482
2021-06-23 10:09:38,670.9,580807
2021-06-23 10:09:39,670.95,580881
2021-06-23 10:09:40,670.75,581131
2021-06-23 10:09:41,670.75,581131
2021-06-23 10:09:42,670.75,581131
2021-06-23 10:09:43,670.85,581309
2021-06-23 10:09:43,670.95,581313
2021-06-23 10:09:44,670.85,581321
2021-06-23 10:09:45,670.95,581380
2021-06-23 10:09:47,670.95,581380
2021-06-23 10:09:48,670.85,581480
2021-06-23 10:09:49,670.85,581530
2021-06-23 10:09:50,670.85,581576
2021-06-23 10:09:51,670.95,581587
2021-06-23 10:09:52,670.75,581617
2021-06-23 10:09:53,670.95,582117
2021-06-23 10:09:54,670.8,582124
2021-06-23 10:09:55,671.05,584303
2021-06-23 10:09:56,671.2,584395
2021-06-23 10:09:57,671.2,584395
2021-06-23 10:09:58,671.05,584430
2021-06-23 10:09:59,671.05,584490
2021-06-23 10:10:00,671.05,584540
2021-06-23 10:10:01,671.25,584791
2021-06-23 10:10:02,671.25,584851
2021-06-23 10:10:03,671.25,584882
2021-06-23 10:10:04,671.25,585082
2021-06-23 10:10:05,671.25,585082
2021-06-23 10:10:06,671.25,585117
2021-06-23 10:10:07,671.5,585683
2021-06-23 10:10:08,671.5,585708
2021-06-23 10:10:09,671.5,585708
2021-06-23 10:10:10,671.5,585778
2021-06-23 10:10:11,671.6,586528
2021-06-23 10:10:12,671.55,586538
2021-06-23 10:10:13,671.2,586608
2021-06-23 10:10:14,671.2,586608
2021-06-23 10:10:15,671.5,586658
2021-06-23 10:10:15,671.5,586658
2021-06-23 10:10:17,671.65,587431
2021-06-23 10:10:18,671.65,587431
2021-06-23 10:10:19,671.35,588476
2021-06-23 10:10:20,671.25,589106
2021-06-23 10:10:21,671.3,589116
2021-06-23 10:10:22,671.6,589367
2021-06-23 10:10:23,671.6,589377
2021-06-23 10:10:24,671.25,590077
2021-06-23 10:10:25,671.2,590080
2021-06-23 10:10:26,671.2,590080
2021-06-23 10:10:27,671.2,590100
2021-06-23 10:10:28,671.2,590100
2021-06-23 10:10:29,671.2,590100
2021-06-23 10:10:30,671.0,590410
2021-06-23 10:10:31,671.0,590475
2021-06-23 10:10:32,671.0,590476
2021-06-23 10:10:33,671.0,590476
2021-06-23 10:10:34,670.85,590506
2021-06-23 10:10:35,671.0,590914
2021-06-23 10:10:37,671.0,590925
2021-06-23 10:10:38,670.8,591672
2021-06-23 10:10:39,671.0,591681
2021-06-23 10:10:40,670.75,592428
2021-06-23 10:10:41,670.75,592428
2021-06-23 10:10:42,670.75,592432
2021-06-23 10:10:43,670.75,592434
2021-06-23 10:10:44,670.75,592652
2021-06-23 10:10:47,670.95,592932
2021-06-23 10:10:48,670.95,592932
2021-06-23 10:10:49,670.6,594313
2021-06-23 10:10:50,670.75,594383
2021-06-23 10:10:51,670.9,595383
2021-06-23 10:10:52,670.9,595383
2021-06-23 10:10:53,670.6,595601
2021-06-23 10:10:53,670.6,595601
2021-06-23 10:10:54,670.6,595601
2021-06-23 10:10:56,670.6,595601
2021-06-23 10:10:57,670.6,595611
2021-06-23 10:10:58,670.8,595941
2021-06-23 10:10:59,670.8,595941
2021-06-23 10:11:00,670.8,595941
2021-06-23 10:11:01,670.55,595951
2021-06-23 10:11:02,670.35,598208
2021-06-23 10:11:03,670.35,598208
2021-06-23 10:11:04,670.3,598730
2021-06-23 10:11:05,670.3,598730
2021-06-23 10:11:07,670.5,598735
2021-06-23 10:11:08,670.5,598736
2021-06-23 10:11:09,670.5,598736
2021-06-23 10:11:10,670.5,598771
2021-06-23 10:11:11,670.5,598771
2021-06-23 10:11:12,670.5,598871
2021-06-23 10:11:13,670.5,599380
2021-06-23 10:11:14,670.3,599880
2021-06-23 10:11:15,670.3,599930
2021-06-23 10:11:16,670.3,599930
2021-06-23 10:11:17,670.5,599931
2021-06-23 10:11:19,670.3,600893
2021-06-23 10:11:20,670.25,600933
2021-06-23 10:11:21,670.5,601083
2021-06-23 10:11:22,670.5,601083
2021-06-23 10:11:23,670.5,601105
2021-06-23 10:11:24,670.3,601106
2021-06-23 10:11:25,670.5,601518
2021-06-23 10:11:26,670.0,608937
2021-06-23 10:11:28,670.0,609159
2021-06-23 10:11:29,670.25,609167
2021-06-23 10:11:31,670.25,609738
2021-06-23 10:11:32,670.05,609924
2021-06-23 10:11:33,670.25,610122
2021-06-23 10:11:34,670.25,610142
2021-06-23 10:11:35,670.25,610160
2021-06-23 10:11:36,670.25,610236
2021-06-23 10:11:37,670.05,610317
2021-06-23 10:11:38,670.25,610439
2021-06-23 10:11:39,670.05,610441
2021-06-23 10:11:40,670.0,611443
2021-06-23 10:11:41,670.0,611443
2021-06-23 10:11:42,670.1,611445
2021-06-23 10:11:43,670.25,612652
2021-06-23 10:11:44,670.3,612670
2021-06-23 10:11:45,670.0,612853
2021-06-23 10:11:46,670.3,612955
2021-06-23 10:11:47,670.3,612970
2021-06-23 10:11:48,670.25,612980
2021-06-23 10:11:49,670.3,613058
2021-06-23 10:11:50,670.45,613096
2021-06-23 10:11:51,670.45,613133
2021-06-23 10:11:52,670.4,613193
2021-06-23 10:11:53,670.1,613213
2021-06-23 10:11:54,670.1,613213
2021-06-23 10:11:55,670.25,613534
2021-06-23 10:11:56,670.25,613534
2021-06-23 10:11:57,670.3,613578
2021-06-23 10:11:58,670.05,613759
2021-06-23 10:12:00,670.35,613861
2021-06-23 10:12:01,670.35,613861
2021-06-23 10:12:02,670.45,613873
2021-06-23 10:12:03,670.3,613973
2021-06-23 10:12:04,670.25,613983
2021-06-23 10:12:05,670.0,614216
2021-06-23 10:12:06,670.05,614421
2021-06-23 10:12:07,670.0,614646
2021-06-23 10:12:08,670.05,614648
2021-06-23 10:12:09,670.05,614648
2021-06-23 10:12:10,670.05,614648
2021-06-23 10:12:12,670.25,614671
2021-06-23 10:12:13,670.25,614671
2021-06-23 10:12:14,670.25,614771
2021-06-23 10:12:15,670.25,614811
2021-06-23 10:12:16,670.05,614822
2021-06-23 10:12:17,670.05,614824
2021-06-23 10:12:18,670.35,615474
2021-06-23 10:12:19,670.35,615474
2021-06-23 10:12:20,670.25,615554
2021-06-23 10:12:21,670.05,615654
2021-06-23 10:12:22,670.25,615669
2021-06-23 10:12:23,670.3,615679
2021-06-23 10:12:24,670.0,616427
2021-06-23 10:12:25,670.25,616677
2021-06-23 10:12:26,670.0,616882
2021-06-23 10:12:27,670.0,616883
2021-06-23 10:12:28,670.25,616893
2021-06-23 10:12:29,670.0,616903
2021-06-23 10:12:30,670.25,616941
2021-06-23 10:12:31,670.3,616978
2021-06-23 10:12:32,670.3,617007
2021-06-23 10:12:33,670.3,617007
2021-06-23 10:12:34,670.3,617007
2021-06-23 10:12:35,670.1,620594
2021-06-23 10:12:36,670.3,621190
2021-06-23 10:12:37,670.1,621295
2021-06-23 10:12:38,670.1,621345
2021-06-23 10:12:39,669.95,622055
2021-06-23 10:12:40,669.95,622055
2021-06-23 10:12:41,670.1,622130
2021-06-23 10:12:42,670.3,622278
2021-06-23 10:12:43,670.0,622393
2021-06-23 10:12:44,670.1,622398
2021-06-23 10:12:45,670.2,622405
2021-06-23 10:12:46,670.2,622405
2021-06-23 10:12:47,670.1,622641
2021-06-23 10:12:48,670.1,622888
2021-06-23 10:12:49,670.1,622907
2021-06-23 10:12:50,669.9,623042
2021-06-23 10:12:51,670.0,623642
2021-06-23 10:12:52,670.2,624169
2021-06-23 10:12:53,670.2,624170
2021-06-23 10:12:54,670.2,624170
2021-06-23 10:12:55,670.2,624170
2021-06-23 10:12:56,670.2,624170
2021-06-23 10:12:57,670.2,624170
2021-06-23 10:12:58,670.1,624192
2021-06-23 10:12:59,669.95,624388
2021-06-23 10:13:00,669.95,624388
2021-06-23 10:13:01,670.0,624513
2021-06-23 10:13:02,670.0,624516
2021-06-23 10:13:05,669.9,624725
2021-06-23 10:13:06,670.0,624727
2021-06-23 10:13:08,670.0,626097
2021-06-23 10:13:07,669.9,625472
2021-06-23 10:13:09,670.0,626297
2021-06-23 10:13:10,670.0,626316
2021-06-23 10:13:11,670.0,626316
2021-06-23 10:13:12,669.75,626516
2021-06-23 10:13:13,669.75,626516
2021-06-23 10:13:14,669.75,626516
2021-06-23 10:13:15,670.0,626791
2021-06-23 10:13:16,670.1,627747
2021-06-23 10:13:17,669.75,627771
2021-06-23 10:13:18,670.0,627800
2021-06-23 10:13:19,670.0,627800
2021-06-23 10:13:20,669.8,627816
2021-06-23 10:13:21,670.05,627902
2021-06-23 10:13:22,670.05,627926
2021-06-23 10:13:23,669.8,627938
2021-06-23 10:13:24,669.8,627938
2021-06-23 10:13:25,669.8,627962
2021-06-23 10:13:26,670.05,627963
2021-06-23 10:13:27,670.05,627963
2021-06-23 10:13:28,670.1,627982
2021-06-23 10:13:30,670.1,628432
2021-06-23 10:13:30,670.1,628432
2021-06-23 10:13:31,669.75,628639
2021-06-23 10:13:32,669.75,628639
2021-06-23 10:13:33,669.85,628648
2021-06-23 10:13:34,669.75,628755
2021-06-23 10:13:35,669.85,628970
2021-06-23 10:13:36,669.6,629170
2021-06-23 10:13:37,669.8,629195
2021-06-23 10:13:38,669.8,629195
2021-06-23 10:13:39,669.8,629214
2021-06-23 10:13:40,669.6,629234
2021-06-23 10:13:41,669.8,629284
2021-06-23 10:13:42,669.55,629314
2021-06-23 10:13:43,669.5,629620
2021-06-23 10:13:44,669.5,629660
2021-06-23 10:13:45,669.8,629671
2021-06-23 10:13:46,669.8,629681
2021-06-23 10:13:47,669.55,629751
2021-06-23 10:13:48,669.85,629811
2021-06-23 10:13:49,669.55,629813
2021-06-23 10:13:50,669.8,629815
2021-06-23 10:13:51,669.8,629815
2021-06-23 10:13:53,669.8,629826
2021-06-23 10:13:53,669.8,629826
2021-06-23 10:13:54,669.8,629826
2021-06-23 10:13:55,669.8,629826
2021-06-23 10:13:56,669.65,629849
2021-06-23 10:13:57,669.65,629849
2021-06-23 10:13:58,669.65,629849
2021-06-23 10:13:59,669.85,630265
2021-06-23 10:14:01,669.75,630355
2021-06-23 10:14:01,669.75,630355
2021-06-23 10:14:02,669.75,630355
2021-06-23 10:14:03,669.75,630355
2021-06-23 10:14:04,669.85,630455
2021-06-23 10:14:06,669.7,630655
2021-06-23 10:14:07,669.6,630705
2021-06-23 10:14:08,669.6,630735
2021-06-23 10:14:09,669.85,630755
2021-06-23 10:14:10,669.65,630765
2021-06-23 10:14:11,669.65,630765
2021-06-23 10:14:12,669.65,630765
2021-06-23 10:14:14,669.55,631089
2021-06-23 10:14:15,669.55,631089
2021-06-23 10:14:16,669.55,631609
2021-06-23 10:14:17,669.55,631609
2021-06-23 10:14:18,669.55,631609
2021-06-23 10:14:20,669.55,631616
2021-06-23 10:14:20,669.55,631616
2021-06-23 10:14:21,669.55,631616
2021-06-23 10:14:22,669.55,631616
2021-06-23 10:14:24,669.8,631621
2021-06-23 10:14:24,669.8,631621
2021-06-23 10:14:25,669.8,631621
2021-06-23 10:14:26,669.75,631631
2021-06-23 10:14:27,669.8,632201
2021-06-23 10:14:28,669.6,632207
2021-06-23 10:14:29,669.8,632236
2021-06-23 10:14:30,669.8,632236
2021-06-23 10:14:31,669.8,632236
2021-06-23 10:14:32,669.8,632247
2021-06-23 10:14:33,669.8,632298
2021-06-23 10:14:34,669.8,632299
2021-06-23 10:14:35,669.8,632299
2021-06-23 10:14:36,669.7,632309
2021-06-23 10:14:38,669.7,632309
2021-06-23 10:14:39,669.55,632409
2021-06-23 10:14:39,669.55,632419
2021-06-23 10:14:40,669.55,632519
2021-06-23 10:14:42,669.55,632519
2021-06-23 10:14:43,669.55,632519
2021-06-23 10:14:44,669.55,632581
2021-06-23 10:14:45,669.55,632581
2021-06-23 10:14:46,669.7,632729
2021-06-23 10:14:48,669.7,632884
2021-06-23 10:14:49,669.8,633134
2021-06-23 10:14:50,669.8,633134
2021-06-23 10:14:52,669.65,633136
2021-06-23 10:14:52,669.7,633138
2021-06-23 10:14:53,669.7,633138
2021-06-23 10:14:54,669.85,633415
2021-06-23 10:14:55,669.8,633417
2021-06-23 10:14:56,669.8,633417
2021-06-23 10:14:57,669.8,633417
2021-06-23 10:14:58,669.6,634268
2021-06-23 10:14:59,669.5,640134
2021-06-23 10:15:00,669.65,640174
2021-06-23 10:15:01,669.4,640261
2021-06-23 10:15:02,669.4,640267
2021-06-23 10:15:03,669.4,640367
2021-06-23 10:15:04,669.65,640379
2021-06-23 10:15:05,669.65,640379
2021-06-23 10:15:06,669.45,640401
2021-06-23 10:15:07,669.45,640401
2021-06-23 10:15:08,669.45,640406
2021-06-23 10:15:09,669.7,640416
2021-06-23 10:15:10,669.35,640774
2021-06-23 10:15:11,669.65,640984
2021-06-23 10:15:12,669.65,640984
2021-06-23 10:15:13,669.25,641084
2021-06-23 10:15:14,669.25,641423
2021-06-23 10:15:16,669.5,642301
2021-06-23 10:15:17,669.4,642350
2021-06-23 10:15:18,669.4,642350
2021-06-23 10:15:19,669.1,642647
2021-06-23 10:15:22,668.9,645241
2021-06-23 10:15:24,668.95,646542
2021-06-23 10:15:25,669.35,646809
2021-06-23 10:15:26,669.35,646809
2021-06-23 10:15:27,669.35,646809
2021-06-23 10:15:28,669.1,647039
2021-06-23 10:15:29,669.2,648006
2021-06-23 10:15:30,669.2,648006
2021-06-23 10:15:31,669.3,648130
2021-06-23 10:15:32,669.3,648130
2021-06-23 10:15:33,669.1,648138
2021-06-23 10:15:34,669.15,648317
2021-06-23 10:15:35,669.1,648387
2021-06-23 10:15:36,669.0,648581
2021-06-23 10:15:37,669.15,648582
2021-06-23 10:15:38,669.0,648732
2021-06-23 10:15:39,669.2,648842
2021-06-23 10:15:40,669.05,648867
2021-06-23 10:15:41,669.0,649149
2021-06-23 10:15:42,669.2,649150
2021-06-23 10:15:43,669.1,649170
2021-06-23 10:15:44,669.2,649314
2021-06-23 10:15:45,669.1,649482
2021-06-23 10:15:46,669.0,649582
2021-06-23 10:15:47,669.1,651582
2021-06-23 10:15:50,669.1,652346
2021-06-23 10:15:51,669.25,652347
2021-06-23 10:15:52,669.25,652549
2021-06-23 10:15:54,669.3,652735
2021-06-23 10:15:55,669.3,655275
2021-06-23 10:15:57,669.95,655633
2021-06-23 10:15:59,669.65,655783
2021-06-23 10:16:02,669.5,655836
2021-06-23 10:16:04,669.5,656289
2021-06-23 10:16:06,669.5,656317
2021-06-23 10:16:10,669.75,656327
2021-06-23 10:16:11,669.8,656427
2021-06-23 10:16:12,669.8,656429
2021-06-23 10:16:13,669.6,656442
2021-06-23 10:16:14,669.8,656447
2021-06-23 10:16:15,669.8,656447
2021-06-23 10:16:16,669.8,656447
2021-06-23 10:16:17,669.6,656477
2021-06-23 10:16:18,669.6,656477
2021-06-23 10:16:19,669.6,656477
2021-06-23 10:16:20,669.6,656477
2021-06-23 10:16:21,669.6,656477
2021-06-23 10:16:21,669.95,656813
2021-06-23 10:16:22,670.0,657063
2021-06-23 10:16:24,669.75,657111
2021-06-23 10:16:24,669.7,657912
2021-06-23 10:16:25,669.7,657912
2021-06-23 10:16:26,669.7,657912
2021-06-23 10:16:27,669.6,658012
2021-06-23 10:16:28,669.5,658082
2021-06-23 10:16:29,669.55,658085
2021-06-23 10:16:31,669.7,658299
2021-06-23 10:16:32,669.45,658319
2021-06-23 10:16:35,669.45,658519
2021-06-23 10:16:36,669.45,658519
2021-06-23 10:16:37,669.45,658519
2021-06-23 10:16:38,669.45,658519
2021-06-23 10:16:39,669.55,658524
2021-06-23 10:16:40,669.55,658524
2021-06-23 10:16:41,669.55,658524
2021-06-23 10:16:42,669.55,658524
2021-06-23 10:16:43,669.55,658524
2021-06-23 10:16:44,669.55,658524
2021-06-23 10:16:45,669.75,658534
2021-06-23 10:16:46,669.75,658534
2021-06-23 10:16:47,669.7,658535
2021-06-23 10:16:48,669.5,658536
2021-06-23 10:16:49,669.2,660541
2021-06-23 10:16:49,669.5,660565
2021-06-23 10:16:50,669.25,660665
2021-06-23 10:16:52,669.55,660667
2021-06-23 10:16:53,669.55,660667
2021-06-23 10:16:54,669.6,661197
2021-06-23 10:16:55,669.6,661197
2021-06-23 10:16:56,669.7,661212
2021-06-23 10:16:57,669.7,661212
2021-06-23 10:16:58,669.25,661712
2021-06-23 10:16:59,669.3,661717
2021-06-23 10:17:00,669.4,661899
2021-06-23 10:17:01,669.4,661899
2021-06-23 10:17:02,669.55,661936
2021-06-23 10:17:03,669.55,661937
2021-06-23 10:17:05,669.65,661958
2021-06-23 10:17:06,669.7,661990
2021-06-23 10:17:07,669.7,661993
2021-06-23 10:17:08,669.8,662043
2021-06-23 10:17:09,669.8,662043
2021-06-23 10:17:10,669.8,662043
2021-06-23 10:17:11,669.8,662043
2021-06-23 10:17:12,669.8,662043
2021-06-23 10:17:13,669.55,662144
2021-06-23 10:17:14,669.55,662144
2021-06-23 10:17:15,669.6,662145
2021-06-23 10:17:17,669.6,662180
2021-06-23 10:17:18,669.6,662180
2021-06-23 10:17:19,669.6,662180
2021-06-23 10:17:20,669.85,662390
2021-06-23 10:17:21,669.55,662391
2021-06-23 10:17:22,669.85,662487
2021-06-23 10:17:22,669.85,662487
2021-06-23 10:17:24,669.85,662496
2021-06-23 10:17:25,669.6,662526
2021-06-23 10:17:26,669.85,662563
2021-06-23 10:17:27,669.85,662563
2021-06-23 10:17:28,669.65,662928
2021-06-23 10:17:29,669.8,662936
2021-06-23 10:17:30,669.9,663226
2021-06-23 10:17:31,669.9,663401
2021-06-23 10:17:32,669.9,663401
2021-06-23 10:17:33,669.9,663401
2021-06-23 10:17:34,669.9,663401
2021-06-23 10:17:35,669.9,663401
2021-06-23 10:17:36,669.9,663401
2021-06-23 10:17:37,669.85,663461
2021-06-23 10:17:38,669.85,663461
2021-06-23 10:17:39,669.85,663461
2021-06-23 10:17:40,669.85,663464
2021-06-23 10:17:41,669.85,663464
2021-06-23 10:17:42,669.8,663468
2021-06-23 10:17:43,669.85,663768
2021-06-23 10:17:44,669.9,663778
2021-06-23 10:17:45,669.9,663783
2021-06-23 10:17:46,669.9,663893
2021-06-23 10:17:47,669.75,664671
2021-06-23 10:17:48,669.75,664671
2021-06-23 10:17:49,669.75,664671
2021-06-23 10:17:50,669.8,664771
2021-06-23 10:17:51,669.9,664821
2021-06-23 10:17:52,669.85,665021
2021-06-23 10:17:53,669.85,665021
2021-06-23 10:17:54,669.85,665021
2021-06-23 10:17:55,669.9,665037
2021-06-23 10:17:56,669.9,665037
2021-06-23 10:17:57,669.95,665687
2021-06-23 10:17:58,669.95,665687
2021-06-23 10:17:59,669.85,665717
2021-06-23 10:18:00,669.65,665769
2021-06-23 10:18:01,669.65,665769
2021-06-23 10:18:01,669.65,665769
2021-06-23 10:18:03,669.65,665769
2021-06-23 10:18:04,669.65,665769
2021-06-23 10:18:05,669.85,665820
2021-06-23 10:18:06,669.9,666270
2021-06-23 10:18:06,669.9,666270
2021-06-23 10:18:08,669.9,666270
2021-06-23 10:18:09,669.9,666270
2021-06-23 10:18:09,669.9,666270
2021-06-23 10:18:11,669.85,666437
2021-06-23 10:18:12,669.9,666482
2021-06-23 10:18:12,669.9,666482
2021-06-23 10:18:14,669.9,666484
2021-06-23 10:18:15,669.9,666484
2021-06-23 10:18:17,669.9,666484
2021-06-23 10:18:18,669.75,666494
2021-06-23 10:18:18,669.75,666494
2021-06-23 10:18:19,669.75,666494
2021-06-23 10:18:20,669.75,666559
2021-06-23 10:18:21,669.75,666559
2021-06-23 10:18:22,669.75,666559
2021-06-23 10:18:23,669.75,666559
2021-06-23 10:18:24,669.9,666641
2021-06-23 10:18:25,669.75,666717
2021-06-23 10:18:27,669.75,666828
2021-06-23 10:18:28,669.9,667916
2021-06-23 10:18:29,670.0,668716
2021-06-23 10:18:30,669.7,668750
2021-06-23 10:18:31,669.7,668750
2021-06-23 10:18:32,670.0,668830
2021-06-23 10:18:33,669.7,668865
2021-06-23 10:18:36,670.0,668894
2021-06-23 10:18:37,670.0,668894
2021-06-23 10:18:38,670.0,668894
2021-06-23 10:18:39,670.0,668894
2021-06-23 10:18:40,669.75,669094
2021-06-23 10:18:41,669.75,669094
2021-06-23 10:18:41,669.75,669494
2021-06-23 10:18:43,669.75,669827
2021-06-23 10:18:44,669.75,669827
2021-06-23 10:18:44,669.7,670134
2021-06-23 10:18:46,669.65,670986
2021-06-23 10:18:47,669.65,670986
2021-06-23 10:18:48,669.85,671037
2021-06-23 10:18:48,669.85,671047
2021-06-23 10:18:49,669.85,671047
2021-06-23 10:18:50,669.75,671197
2021-06-23 10:18:51,669.75,671197
2021-06-23 10:18:52,669.75,671197
2021-06-23 10:18:53,669.75,671197
2021-06-23 10:18:54,669.75,671197
2021-06-23 10:18:55,669.75,671197
2021-06-23 10:18:56,669.75,671197
2021-06-23 10:18:57,669.85,671339
2021-06-23 10:18:58,669.85,671339
2021-06-23 10:18:59,669.85,671339
2021-06-23 10:19:01,669.85,671339
2021-06-23 10:19:01,669.85,671339
2021-06-23 10:19:03,669.85,671339
2021-06-23 10:19:04,669.7,671440
2021-06-23 10:19:06,669.9,671455
2021-06-23 10:19:07,669.9,671460
2021-06-23 10:19:08,669.9,671461
2021-06-23 10:19:09,669.9,671461
2021-06-23 10:19:11,669.9,671463
2021-06-23 10:19:12,669.7,671707
2021-06-23 10:19:13,669.7,671707
2021-06-23 10:19:14,669.9,671737
2021-06-23 10:19:14,669.9,671737
2021-06-23 10:19:16,669.85,672352
2021-06-23 10:19:17,669.9,672442
2021-06-23 10:19:18,669.9,672442
2021-06-23 10:19:19,669.9,672442
2021-06-23 10:19:20,669.9,672442
2021-06-23 10:19:21,669.9,672442
2021-06-23 10:19:23,669.95,672562
2021-06-23 10:19:22,669.95,672462
2021-06-23 10:19:24,669.95,672562
2021-06-23 10:19:25,669.95,672562
2021-06-23 10:19:26,669.95,672675
2021-06-23 10:19:27,670.0,673075
2021-06-23 10:19:29,670.0,673075
2021-06-23 10:19:30,670.0,673113
2021-06-23 10:19:30,670.0,673113
2021-06-23 10:19:32,669.95,673617
2021-06-23 10:19:32,669.95,673617
2021-06-23 10:19:36,670.0,673634
2021-06-23 10:19:36,670.0,673634
2021-06-23 10:19:37,670.0,674084
2021-06-23 10:19:38,669.9,674246
2021-06-23 10:19:39,669.9,674246
2021-06-23 10:19:41,670.0,674354
2021-06-23 10:19:41,670.0,674354
2021-06-23 10:19:42,670.0,675054
2021-06-23 10:19:44,670.0,677154
2021-06-23 10:19:46,669.7,677209
2021-06-23 10:19:47,669.7,677311
2021-06-23 10:19:48,669.7,677311
2021-06-23 10:19:49,669.7,677311
2021-06-23 10:19:51,669.7,677311
2021-06-23 10:19:50,669.7,677311
2021-06-23 10:19:52,669.75,677320
2021-06-23 10:19:52,669.75,677320
2021-06-23 10:19:54,670.0,677400
2021-06-23 10:19:55,670.0,677400
2021-06-23 10:19:56,670.0,677400
2021-06-23 10:19:57,670.0,677400
2021-06-23 10:19:57,670.0,677400
2021-06-23 10:19:59,670.0,677400
2021-06-23 10:20:00,669.7,677435
2021-06-23 10:20:01,669.75,677466
2021-06-23 10:20:02,669.7,677566
2021-06-23 10:20:02,669.7,677566
2021-06-23 10:20:03,669.7,677566
2021-06-23 10:20:06,669.7,677566
2021-06-23 10:20:07,669.7,677666
2021-06-23 10:20:08,669.7,677666
2021-06-23 10:20:09,669.7,677666
2021-06-23 10:20:09,669.7,678016
2021-06-23 10:20:10,669.7,678016
2021-06-23 10:20:11,669.9,678020
2021-06-23 10:20:12,669.9,678020
2021-06-23 10:20:15,669.9,678081
2021-06-23 10:20:16,669.9,678082
2021-06-23 10:20:17,669.9,678082
2021-06-23 10:20:18,669.9,678082
2021-06-23 10:20:19,669.9,678242
2021-06-23 10:20:20,669.9,678242
2021-06-23 10:20:21,669.9,678742
2021-06-23 10:20:22,669.9,678847
2021-06-23 10:20:23,669.7,678949
2021-06-23 10:20:25,669.8,683862
2021-06-23 10:20:26,669.8,683862
2021-06-23 10:20:27,669.5,683932
2021-06-23 10:20:28,669.8,683934
2021-06-23 10:20:29,669.8,683982
2021-06-23 10:20:30,669.8,683986
2021-06-23 10:20:31,669.8,683997
2021-06-23 10:20:32,669.8,683997
2021-06-23 10:20:33,669.8,683997
2021-06-23 10:20:34,669.8,683997
2021-06-23 10:20:35,669.8,683997
2021-06-23 10:20:36,669.8,684272
2021-06-23 10:20:37,669.8,684272
2021-06-23 10:20:38,669.8,684307
2021-06-23 10:20:39,669.8,684464
2021-06-23 10:20:40,669.8,684464
2021-06-23 10:20:41,669.8,684464
2021-06-23 10:20:42,669.6,684471
2021-06-23 10:20:43,669.6,684471
2021-06-23 10:20:43,669.6,684471
2021-06-23 10:20:44,669.6,684471
2021-06-23 10:20:46,669.6,684471
2021-06-23 10:20:47,669.55,684489
2021-06-23 10:20:48,669.55,684489
2021-06-23 10:20:49,669.55,684489
2021-06-23 10:20:50,669.7,684504
2021-06-23 10:20:52,669.5,685679
2021-06-23 10:20:53,669.8,685779
2021-06-23 10:20:54,669.85,686176
2021-06-23 10:20:55,669.85,686176
2021-06-23 10:20:56,669.85,686176
2021-06-23 10:20:57,669.8,686186
2021-06-23 10:20:57,669.8,686187
2021-06-23 10:20:58,669.9,686207
2021-06-23 10:20:59,669.9,686212
2021-06-23 10:21:01,669.9,686215
2021-06-23 10:21:02,669.8,686228
2021-06-23 10:21:03,669.8,686330
2021-06-23 10:21:04,669.9,686337
2021-06-23 10:21:05,669.9,686337
2021-06-23 10:21:06,669.8,686377
2021-06-23 10:21:07,669.6,686380
2021-06-23 10:21:08,669.55,686480
2021-06-23 10:21:08,669.55,686480
2021-06-23 10:21:09,669.55,686480
2021-06-23 10:21:11,669.55,686480
2021-06-23 10:21:12,669.6,686490
2021-06-23 10:21:13,669.6,686490
2021-06-23 10:21:13,669.55,687234
2021-06-23 10:21:14,669.55,687234
2021-06-23 10:21:16,669.55,687234
2021-06-23 10:21:17,669.5,687334
2021-06-23 10:21:18,669.5,687334
2021-06-23 10:21:19,669.5,687344
2021-06-23 10:21:20,669.5,687344
2021-06-23 10:21:22,669.5,687344
2021-06-23 10:21:23,669.5,687344
2021-06-23 10:21:24,669.6,687350
2021-06-23 10:21:25,669.6,687350
2021-06-23 10:21:26,669.5,687421
2021-06-23 10:21:27,669.75,688280
2021-06-23 10:21:28,669.5,689549
2021-06-23 10:21:29,669.6,689575
2021-06-23 10:21:30,669.7,689777
2021-06-23 10:21:31,669.7,689777
2021-06-23 10:21:33,669.6,689877
2021-06-23 10:21:34,669.6,689877
2021-06-23 10:21:34,669.6,689877
2021-06-23 10:21:36,669.6,689877
2021-06-23 10:21:37,669.6,689877
2021-06-23 10:21:38,669.5,689928
2021-06-23 10:21:40,669.55,690128
2021-06-23 10:21:41,669.55,690128
2021-06-23 10:21:42,669.55,690135
2021-06-23 10:21:43,669.55,690135
2021-06-23 10:21:44,669.55,690135
2021-06-23 10:21:45,669.55,690335
2021-06-23 10:21:45,669.55,690335
2021-06-23 10:21:47,669.6,690355
2021-06-23 10:21:48,669.6,690355
2021-06-23 10:21:49,669.35,690368
2021-06-23 10:21:50,669.35,690368
2021-06-23 10:21:51,669.5,690428
2021-06-23 10:21:52,669.5,690428
2021-06-23 10:21:53,669.5,690428
2021-06-23 10:21:54,669.5,690428
2021-06-23 10:21:55,669.5,690428
2021-06-23 10:21:56,669.5,690428
2021-06-23 10:21:57,669.4,690443
2021-06-23 10:21:58,669.4,690518
2021-06-23 10:21:59,669.4,690518
2021-06-23 10:22:00,669.4,690518
2021-06-23 10:22:01,669.4,690518
2021-06-23 10:22:02,669.4,690518
2021-06-23 10:22:03,669.35,690568
2021-06-23 10:22:04,669.35,690568
2021-06-23 10:22:05,669.35,690569
2021-06-23 10:22:06,669.6,690699
2021-06-23 10:22:07,669.6,690699
2021-06-23 10:22:08,669.35,690709
2021-06-23 10:22:10,669.35,690709
2021-06-23 10:22:09,669.35,690709
2021-06-23 10:22:11,669.35,690709
2021-06-23 10:22:12,669.35,690709
2021-06-23 10:22:13,669.6,691331
2021-06-23 10:22:14,669.55,691333
2021-06-23 10:22:15,669.55,691348
2021-06-23 10:22:16,669.55,691348
2021-06-23 10:22:17,669.55,691348
2021-06-23 10:22:18,669.55,691348
2021-06-23 10:22:19,669.45,691350
2021-06-23 10:22:20,669.55,691360
2021-06-23 10:22:21,669.7,692111
2021-06-23 10:22:22,669.7,692111
2021-06-23 10:22:23,669.6,692211
2021-06-23 10:22:24,669.6,692281
2021-06-23 10:22:25,669.6,692281
2021-06-23 10:22:26,669.6,692281
2021-06-23 10:22:27,669.6,692281
2021-06-23 10:22:28,669.6,692281
2021-06-23 10:22:29,669.6,692281
2021-06-23 10:22:30,669.6,692281
2021-06-23 10:22:31,669.6,693115
2021-06-23 10:22:32,669.6,693115
2021-06-23 10:22:33,669.45,693225
2021-06-23 10:22:34,669.6,693275
2021-06-23 10:22:35,669.6,693275
2021-06-23 10:22:36,669.6,693891
2021-06-23 10:22:37,669.6,693893
2021-06-23 10:22:38,669.7,693895
2021-06-23 10:22:39,669.7,693895
2021-06-23 10:22:40,669.7,693895
2021-06-23 10:22:41,669.7,693895
2021-06-23 10:22:42,669.6,693910
2021-06-23 10:22:43,669.6,693910
2021-06-23 10:22:44,669.7,693935
2021-06-23 10:22:45,669.7,694435
2021-06-23 10:22:46,669.6,694486
2021-06-23 10:22:47,669.65,695531
2021-06-23 10:22:48,669.65,695531
2021-06-23 10:22:49,669.65,695531
2021-06-23 10:22:51,669.65,695531
2021-06-23 10:22:52,669.6,695544
2021-06-23 10:22:53,669.6,695544
2021-06-23 10:22:54,669.6,695759
2021-06-23 10:22:55,669.85,695921
2021-06-23 10:22:56,669.6,695924
2021-06-23 10:22:57,670.0,697224
2021-06-23 10:22:58,670.0,697224
2021-06-23 10:22:59,670.0,697436
2021-06-23 10:23:00,670.0,697497
2021-06-23 10:23:01,669.7,697527
2021-06-23 10:23:02,669.7,697527
2021-06-23 10:23:03,669.7,697527
2021-06-23 10:23:04,669.6,699027
2021-06-23 10:23:05,670.0,700027
2021-06-23 10:23:06,670.0,700027
2021-06-23 10:23:08,670.0,700218
2021-06-23 10:23:09,670.0,700218
2021-06-23 10:23:10,670.0,700218
2021-06-23 10:23:12,670.0,700218
2021-06-23 10:23:14,669.8,700223
2021-06-23 10:23:13,670.0,700218
2021-06-23 10:23:15,669.8,700223
2021-06-23 10:23:16,669.7,700273
2021-06-23 10:23:17,669.7,700273
2021-06-23 10:23:18,669.7,700273
2021-06-23 10:23:19,670.0,700485
2021-06-23 10:23:20,670.0,700486
2021-06-23 10:23:21,670.0,700500
2021-06-23 10:23:22,669.7,700575
2021-06-23 10:23:23,669.8,700580
2021-06-23 10:23:24,669.8,700580
2021-06-23 10:23:25,669.75,700581
2021-06-23 10:23:26,669.75,700581
2021-06-23 10:23:27,669.75,700581
2021-06-23 10:23:28,669.75,700581
2021-06-23 10:23:29,669.75,700581
2021-06-23 10:23:30,669.75,700581
2021-06-23 10:23:31,669.75,700581
2021-06-23 10:23:32,669.7,700689
2021-06-23 10:23:33,669.75,700789
2021-06-23 10:23:34,669.95,700889
2021-06-23 10:23:35,670.0,702584
2021-06-23 10:23:36,669.9,702586
2021-06-23 10:23:37,670.1,702703
2021-06-23 10:23:38,669.9,702773
2021-06-23 10:23:39,669.9,702773
2021-06-23 10:23:40,669.9,702773
2021-06-23 10:23:42,670.0,702810
2021-06-23 10:23:44,670.1,702827
2021-06-23 10:23:45,670.1,702827
2021-06-23 10:23:47,670.15,703162
2021-06-23 10:23:49,670.15,703162
2021-06-23 10:23:50,670.15,703162
2021-06-23 10:23:51,670.15,703162
2021-06-23 10:23:52,670.5,703218
2021-06-23 10:23:53,670.5,703718
2021-06-23 10:23:54,670.55,703831
2021-06-23 10:23:55,670.25,703861
2021-06-23 10:23:56,670.5,703862
2021-06-23 10:23:57,670.25,704062
2021-06-23 10:23:58,670.25,704062
2021-06-23 10:23:59,670.55,704077
2021-06-23 10:24:00,670.6,704127
2021-06-23 10:24:01,670.25,704128
2021-06-23 10:24:02,670.25,704128
2021-06-23 10:24:03,670.55,704148
2021-06-23 10:24:04,670.55,704148
2021-06-23 10:24:05,670.1,705148
2021-06-23 10:24:07,670.5,705248
2021-06-23 10:24:08,670.5,705248
2021-06-23 10:24:09,670.5,705352
2021-06-23 10:24:10,670.5,705352
2021-06-23 10:24:11,670.5,705352
2021-06-23 10:24:12,670.5,705352
2021-06-23 10:24:13,670.5,705352
2021-06-23 10:24:16,670.5,705414
2021-06-23 10:24:17,670.05,705714
2021-06-23 10:24:18,670.05,705714
2021-06-23 10:24:19,670.4,705719
2021-06-23 10:24:20,670.4,705760
2021-06-23 10:24:21,670.4,705760
2021-06-23 10:24:22,670.4,705760
2021-06-23 10:24:23,670.15,705764
2021-06-23 10:24:24,670.15,705764
2021-06-23 10:24:25,670.15,705774
2021-06-23 10:24:26,670.15,705774
2021-06-23 10:24:27,670.1,705818
2021-06-23 10:24:28,670.15,705863
2021-06-23 10:24:29,670.15,705864
2021-06-23 10:24:32,670.25,705969
2021-06-23 10:24:33,670.4,706069
2021-06-23 10:24:34,670.4,706069
2021-06-23 10:24:35,670.15,706174
2021-06-23 10:24:36,670.15,706549
2021-06-23 10:24:37,670.15,706549
2021-06-23 10:24:37,670.15,706549
2021-06-23 10:24:38,670.4,706724
2021-06-23 10:24:39,670.4,706724
2021-06-23 10:24:40,670.4,706774
2021-06-23 10:24:41,670.1,706779
2021-06-23 10:24:42,670.3,706808
2021-06-23 10:24:43,670.4,706838
2021-06-23 10:24:44,670.4,706838
2021-06-23 10:24:45,670.2,706850
2021-06-23 10:24:46,670.2,706850
2021-06-23 10:24:47,670.4,706940
2021-06-23 10:24:48,670.4,706940
2021-06-23 10:24:49,670.4,706940
2021-06-23 10:36:47,671.4,790991
2021-06-23 10:36:48,671.4,791021
2021-06-23 10:36:49,671.4,792449
2021-06-23 10:36:51,671.15,792593
2021-06-23 10:36:52,671.15,792593
2021-06-23 10:36:53,671.15,792593
2021-06-23 10:36:54,671.1,792594
2021-06-23 10:36:55,671.2,792624
2021-06-23 10:36:56,671.1,792629
2021-06-23 10:36:57,671.1,792629
2021-06-23 10:36:59,671.1,792636
2021-06-23 10:37:00,671.1,792636
2021-06-23 10:37:01,671.1,792636
2021-06-23 10:37:02,671.1,792636
2021-06-23 10:37:03,671.05,792893
2021-06-23 10:37:04,671.1,793201
2021-06-23 10:37:05,671.1,793201
2021-06-23 10:37:06,671.1,793201
2021-06-23 10:37:07,671.0,793251
2021-06-23 10:37:07,671.0,793251
2021-06-23 10:37:10,671.2,793321
2021-06-23 10:37:10,671.2,793321
2021-06-23 10:37:11,671.2,793321
