timestamp,ltp,volume
2021-06-23 09:16:28,3313.5,52019
2021-06-23 09:16:29,3312.25,52170
2021-06-23 09:16:31,3312.0,53027
2021-06-23 09:16:31,3312.3,53062
2021-06-23 09:16:32,3312.85,53087
2021-06-23 09:16:33,3313.15,53351
2021-06-23 09:16:34,3312.3,53360
2021-06-23 09:16:36,3313.25,53463
2021-06-23 09:16:36,3312.3,53483
2021-06-23 09:16:37,3313.25,53513
2021-06-23 09:16:38,3313.25,53662
2021-06-23 09:16:39,3313.25,53663
2021-06-23 09:16:41,3316.4,54779
2021-06-23 09:16:42,3315.55,55000
2021-06-23 09:16:43,3315.45,55200
2021-06-23 09:16:44,3315.45,55310
2021-06-23 09:16:45,3314.25,55595
2021-06-23 09:16:46,3314.25,55595
2021-06-23 09:16:47,3315.35,55714
2021-06-23 09:16:48,3314.5,55751
2021-06-23 09:16:49,3315.45,56187
2021-06-23 09:16:50,3315.85,56387
2021-06-23 09:16:51,3316.1,56482
2021-06-23 09:16:51,3316.1,56482
2021-06-23 09:16:54,3315.1,56591
2021-06-23 09:16:54,3315.1,56673
2021-06-23 09:16:55,3315.1,56957
2021-06-23 09:16:57,3315.1,56957
2021-06-23 09:16:58,3315.25,57438
2021-06-23 09:17:00,3314.5,57745
2021-06-23 09:17:01,3313.75,57776
2021-06-23 09:17:03,3314.5,57911
2021-06-23 09:17:04,3314.5,58001
2021-06-23 09:17:06,3313.85,58322
2021-06-23 09:17:07,3314.45,58323
2021-06-23 09:17:07,3314.45,58338
2021-06-23 09:17:09,3314.45,58878
2021-06-23 09:17:10,3314.45,58908
2021-06-23 09:17:11,3313.75,58999
2021-06-23 09:17:12,3313.75,59098
2021-06-23 09:17:14,3314.95,59769
2021-06-23 09:17:15,3314.45,59862
2021-06-23 09:17:17,3315.0,60015
2021-06-23 09:17:18,3315.0,60180
2021-06-23 09:17:18,3315.1,60194
2021-06-23 09:17:20,3315.05,60279
2021-06-23 09:17:22,3315.45,60437
2021-06-23 09:17:22,3315.15,60613
2021-06-23 09:17:23,3315.15,60639
2021-06-23 09:17:24,3315.15,60659
2021-06-23 09:17:26,3315.9,60694
2021-06-23 09:17:26,3315.4,60719
2021-06-23 09:17:28,3315.9,61043
2021-06-23 09:17:29,3316.0,62002
2021-06-23 09:17:29,3316.0,62108
2021-06-23 09:17:31,3316.15,62215
2021-06-23 09:17:32,3316.15,62528
2021-06-23 09:17:33,3316.15,62963
2021-06-23 09:17:34,3316.15,63115
2021-06-23 09:17:35,3317.1,64055
2021-06-23 09:17:36,3315.3,64220
2021-06-23 09:17:40,3315.6,64601
2021-06-23 09:17:40,3315.6,64601
2021-06-23 09:17:41,3316.2,64607
2021-06-23 09:17:43,3315.45,64707
2021-06-23 09:17:44,3316.8,64757
2021-06-23 09:17:45,3316.85,65248
2021-06-23 09:17:45,3318.0,65334
2021-06-23 09:17:46,3318.0,65368
2021-06-23 09:17:47,3318.0,65369
2021-06-23 09:17:49,3317.25,65371
2021-06-23 09:17:50,3317.25,65371
2021-06-23 09:17:51,3317.45,65640
2021-06-23 09:17:52,3318.0,65675
2021-06-23 09:17:53,3318.0,65682
2021-06-23 09:17:54,3318.85,65783
2021-06-23 09:17:55,3318.05,66635
2021-06-23 09:17:57,3318.1,66711
2021-06-23 09:17:56,3318.4,66659
2021-06-23 09:17:58,3318.4,66817
2021-06-23 09:17:59,3318.1,66877
2021-06-23 09:18:00,3318.4,66901
2021-06-23 09:18:01,3318.1,67160
2021-06-23 09:18:02,3318.1,67816
2021-06-23 09:18:03,3318.05,67865
2021-06-23 09:18:04,3318.05,67944
2021-06-23 09:18:05,3318.05,67989
2021-06-23 09:18:06,3318.05,67989
2021-06-23 09:18:08,3318.1,68125
2021-06-23 09:18:09,3318.4,68432
2021-06-23 09:18:10,3318.4,68432
2021-06-23 09:18:11,3318.4,68520
2021-06-23 09:18:12,3318.1,68576
2021-06-23 09:18:13,3318.1,68614
2021-06-23 09:18:14,3318.1,68629
2021-06-23 09:18:15,3319.0,68732
2021-06-23 09:18:16,3318.05,69656
2021-06-23 09:18:17,3318.05,69656
2021-06-23 09:18:18,3319.0,69665
2021-06-23 09:18:19,3318.9,70197
2021-06-23 09:18:20,3318.9,70323
2021-06-23 09:18:21,3318.9,70327
2021-06-23 09:18:22,3319.85,70572
2021-06-23 09:18:23,3319.85,70572
2021-06-23 09:18:24,3320.0,70672
2021-06-23 09:18:25,3319.85,70692
2021-06-23 09:18:26,3318.95,70741
2021-06-23 09:18:27,3319.95,70762
2021-06-23 09:18:28,3319.65,71143
2021-06-23 09:18:29,3320.0,71744
2021-06-23 09:18:30,3320.0,72650
2021-06-23 09:18:31,3319.5,72760
2021-06-23 09:18:32,3319.9,72865
2021-06-23 09:18:33,3320.0,73083
2021-06-23 09:18:34,3320.0,73113
2021-06-23 09:18:35,3319.5,73668
2021-06-23 09:18:36,3318.75,73741
2021-06-23 09:18:37,3318.75,73741
2021-06-23 09:18:38,3319.45,73746
2021-06-23 09:18:40,3319.0,73770
2021-06-23 09:18:41,3319.6,73821
2021-06-23 09:18:42,3319.6,73824
2021-06-23 09:18:43,3319.6,73898
2021-06-23 09:18:45,3319.5,74225
2021-06-23 09:18:46,3319.95,74428
2021-06-23 09:18:47,3319.95,74428
2021-06-23 09:18:48,3319.95,74503
2021-06-23 09:18:49,3321.0,75131
2021-06-23 09:18:50,3321.0,76171
2021-06-23 09:18:51,3320.0,76174
2021-06-23 09:18:52,3320.1,76183
2021-06-23 09:18:53,3320.85,76189
2021-06-23 09:18:54,3320.85,76202
2021-06-23 09:18:55,3320.8,76226
2021-06-23 09:18:56,3320.8,76236
2021-06-23 09:18:57,3320.8,76271
2021-06-23 09:18:58,3320.8,76324
2021-06-23 09:18:59,3320.35,76332
2021-06-23 09:19:00,3320.8,77387
2021-06-23 09:19:01,3320.65,77396
2021-06-23 09:19:02,3320.8,77433
2021-06-23 09:19:03,3320.8,77764
2021-06-23 09:19:04,3321.9,77765
2021-06-23 09:19:05,3321.9,77769
2021-06-23 09:19:06,3321.75,77963
2021-06-23 09:19:07,3321.75,77979
2021-06-23 09:19:08,3321.75,78222
2021-06-23 09:19:09,3321.75,78228
2021-06-23 09:19:10,3321.75,78288
2021-06-23 09:19:11,3321.75,78296
2021-06-23 09:19:12,3321.75,78544
2021-06-23 09:19:13,3321.7,78978
2021-06-23 09:19:14,3321.7,79387
2021-06-23 09:19:15,3321.7,79965
2021-06-23 09:19:16,3320.8,80288
2021-06-23 09:19:17,3320.7,80361
2021-06-23 09:19:18,3320.8,80372
2021-06-23 09:19:19,3320.8,80372
2021-06-23 09:19:20,3320.8,80498
2021-06-23 09:19:21,3320.1,80559
2021-06-23 09:19:22,3319.55,80821
2021-06-23 09:19:23,3319.8,80836
2021-06-23 09:19:24,3320.35,80878
2021-06-23 09:19:25,3320.0,80979
2021-06-23 09:19:26,3319.85,81076
2021-06-23 09:19:27,3320.55,81112
2021-06-23 09:19:28,3319.8,81163
2021-06-23 09:19:29,3320.1,82033
2021-06-23 09:19:30,3321.0,82158
2021-06-23 09:19:31,3320.1,82380
2021-06-23 09:19:32,3320.35,82426
2021-06-23 09:19:33,3321.7,82430
2021-06-23 09:19:34,3321.75,82654
2021-06-23 09:19:35,3321.0,82659
2021-06-23 09:19:36,3322.0,82768
2021-06-23 09:19:37,3322.0,83024
2021-06-23 09:19:38,3322.6,83091
2021-06-23 09:19:39,3321.45,83102
2021-06-23 09:19:40,3321.4,83207
2021-06-23 09:19:41,3321.85,83210
2021-06-23 09:19:42,3323.0,83560
2021-06-23 09:19:43,3323.0,83610
2021-06-23 09:19:44,3321.85,83710
2021-06-23 09:19:45,3322.65,83791
2021-06-23 09:19:46,3322.85,83838
2021-06-23 09:19:47,3323.15,83859
2021-06-23 09:19:48,3324.0,83915
2021-06-23 09:19:49,3324.2,83965
2021-06-23 09:19:50,3324.85,84177
2021-06-23 09:19:51,3324.9,84315
2021-06-23 09:19:52,3325.0,84611
2021-06-23 09:19:53,3325.0,84696
2021-06-23 09:19:54,3324.85,84721
2021-06-23 09:19:56,3323.95,84845
2021-06-23 09:19:57,3324.0,84925
2021-06-23 09:19:58,3323.55,84940
2021-06-23 09:20:00,3323.95,84941
2021-06-23 09:20:00,3323.95,85031
2021-06-23 09:20:01,3323.95,85031
2021-06-23 09:20:02,3323.65,85141
2021-06-23 09:20:03,3323.65,85141
2021-06-23 09:20:04,3323.95,85660
2021-06-23 09:20:05,3323.95,86296
2021-06-23 09:20:06,3323.65,86300
2021-06-23 09:20:08,3323.95,86314
2021-06-23 09:20:08,3323.55,86315
2021-06-23 09:20:09,3323.5,86614
2021-06-23 09:20:10,3323.0,86769
2021-06-23 09:20:11,3322.35,86794
2021-06-23 09:20:13,3322.15,87023
2021-06-23 09:20:13,3322.15,87023
2021-06-23 09:20:14,3323.0,87095
2021-06-23 09:20:15,3322.8,87134
2021-06-23 09:20:16,3321.85,87387
2021-06-23 09:20:17,3321.85,87393
2021-06-23 09:20:18,3322.35,87425
2021-06-23 09:20:19,3322.2,87467
2021-06-23 09:20:20,3322.2,87495
2021-06-23 09:20:21,3322.35,87507
2021-06-23 09:20:22,3322.8,87516
2021-06-23 09:20:23,3321.0,87659
2021-06-23 09:20:24,3321.0,87710
2021-06-23 09:20:25,3321.0,87744
2021-06-23 09:20:26,3321.0,87745
2021-06-23 09:20:27,3321.85,88106
2021-06-23 09:20:30,3321.0,88445
2021-06-23 09:20:32,3321.8,88493
2021-06-23 09:20:33,3321.0,88506
2021-06-23 09:20:34,3321.0,88531
2021-06-23 09:20:35,3321.0,88542
2021-06-23 09:20:36,3321.0,88557
2021-06-23 09:20:37,3321.65,88608
2021-06-23 09:20:38,3321.2,88868
2021-06-23 09:20:39,3321.6,88917
2021-06-23 09:20:40,3321.2,89071
2021-06-23 09:20:41,3321.2,89169
2021-06-23 09:20:42,3321.65,89244
2021-06-23 09:20:43,3321.65,89245
2021-06-23 09:20:44,3320.0,89367
2021-06-23 09:20:45,3320.15,89423
2021-06-23 09:20:46,3320.15,89469
2021-06-23 09:20:47,3320.9,89504
2021-06-23 09:20:48,3320.9,89504
2021-06-23 09:20:49,3320.9,89520
2021-06-23 09:20:50,3320.9,89520
2021-06-23 09:20:51,3320.15,89521
2021-06-23 09:20:52,3321.0,89601
2021-06-23 09:20:53,3320.0,89704
2021-06-23 09:20:54,3320.0,89713
2021-06-23 09:20:55,3320.6,89718
2021-06-23 09:20:56,3319.0,89829
2021-06-23 09:20:57,3318.9,89870
2021-06-23 09:20:58,3318.9,89870
2021-06-23 09:20:59,3318.9,90032
2021-06-23 09:21:00,3319.75,90372
2021-06-23 09:21:01,3319.75,90616
2021-06-23 09:21:02,3319.75,90616
2021-06-23 09:21:03,3320.0,91219
2021-06-23 09:21:04,3320.0,91241
2021-06-23 09:21:05,3319.75,91341
2021-06-23 09:21:06,3319.75,91343
2021-06-23 09:21:07,3319.15,91397
2021-06-23 09:21:08,3319.8,91939
2021-06-23 09:21:10,3321.0,92962
2021-06-23 09:21:11,3320.0,93104
2021-06-23 09:21:12,3320.85,93114
2021-06-23 09:21:13,3320.0,93129
2021-06-23 09:21:14,3320.0,93129
2021-06-23 09:21:15,3320.8,93346
2021-06-23 09:21:16,3322.0,93558
2021-06-23 09:21:17,3323.6,94124
2021-06-23 09:21:18,3322.85,94235
2021-06-23 09:21:19,3322.85,94410
2021-06-23 09:21:20,3322.85,94463
2021-06-23 09:21:21,3322.9,94484
2021-06-23 09:21:22,3321.85,94499
2021-06-23 09:21:23,3322.9,94564
2021-06-23 09:21:24,3322.4,94565
2021-06-23 09:21:25,3322.4,94693
2021-06-23 09:21:26,3320.9,94695
2021-06-23 09:21:27,3321.0,94696
2021-06-23 09:21:29,3321.05,94711
2021-06-23 09:21:30,3321.5,94732
2021-06-23 09:21:31,3321.5,94740
2021-06-23 09:21:32,3321.5,94740
2021-06-23 09:21:33,3321.5,94786
2021-06-23 09:21:34,3321.0,94801
2021-06-23 09:21:35,3321.05,94812
2021-06-23 09:21:36,3321.05,94812
2021-06-23 09:21:37,3321.05,94812
2021-06-23 09:21:38,3321.0,94986
2021-06-23 09:21:39,3321.0,95039
2021-06-23 09:21:40,3321.0,95104
2021-06-23 09:21:41,3321.0,95106
2021-06-23 09:21:42,3321.0,95116
2021-06-23 09:21:43,3320.35,95134
2021-06-23 09:21:44,3320.35,95294
2021-06-23 09:21:45,3320.35,95294
2021-06-23 09:21:46,3320.1,95548
2021-06-23 09:21:47,3319.95,96278
2021-06-23 09:21:48,3319.0,96398
2021-06-23 09:21:49,3319.7,96464
2021-06-23 09:21:50,3319.4,96483
2021-06-23 09:21:51,3319.4,96596
2021-06-23 09:21:52,3319.4,96831
2021-06-23 09:21:53,3318.75,96921
2021-06-23 09:21:54,3319.4,97235
2021-06-23 09:21:55,3318.0,97245
2021-06-23 09:21:56,3317.75,97295
2021-06-23 09:21:57,3317.9,97403
2021-06-23 09:21:58,3319.0,97452
2021-06-23 09:21:59,3318.0,97471
2021-06-23 09:22:00,3318.95,97508
2021-06-23 09:22:01,3318.95,97528
2021-06-23 09:22:02,3318.95,97749
2021-06-23 09:22:03,3318.0,97790
2021-06-23 09:22:04,3317.55,98021
2021-06-23 09:22:05,3318.75,98042
2021-06-23 09:22:06,3318.75,98042
2021-06-23 09:22:07,3317.5,98207
2021-06-23 09:22:08,3318.45,98208
2021-06-23 09:22:09,3317.55,98224
2021-06-23 09:22:10,3318.45,98275
2021-06-23 09:22:11,3317.65,98302
2021-06-23 09:22:12,3317.55,98307
2021-06-23 09:22:13,3318.4,98321
2021-06-23 09:22:14,3317.5,98364
2021-06-23 09:22:15,3318.3,98600
2021-06-23 09:22:16,3318.3,98691
2021-06-23 09:22:17,3318.3,98728
2021-06-23 09:22:18,3318.0,99048
2021-06-23 09:22:19,3317.4,99275
2021-06-23 09:22:20,3317.45,99294
2021-06-23 09:22:21,3316.0,99386
2021-06-23 09:22:22,3316.95,99439
2021-06-23 09:22:23,3316.05,99529
2021-06-23 09:22:24,3316.95,99567
2021-06-23 09:22:25,3316.95,99594
2021-06-23 09:22:26,3316.95,99813
2021-06-23 09:22:28,3316.95,99900
2021-06-23 09:22:28,3316.9,99935
2021-06-23 09:22:30,3316.5,100072
2021-06-23 09:22:31,3316.8,100802
2021-06-23 09:22:32,3316.85,100855
2021-06-23 09:22:33,3316.85,100933
2021-06-23 09:22:34,3316.85,100979
2021-06-23 09:22:35,3316.85,101006
2021-06-23 09:22:36,3316.55,101051
2021-06-23 09:22:37,3316.0,101208
2021-06-23 09:22:38,3316.55,101409
2021-06-23 09:22:39,3316.55,101425
2021-06-23 09:22:40,3315.4,101582
2021-06-23 09:22:41,3316.5,101618
2021-06-23 09:22:42,3316.45,101771
2021-06-23 09:22:43,3315.3,101823
2021-06-23 09:22:44,3315.3,101823
2021-06-23 09:22:45,3315.3,101823
2021-06-23 09:22:46,3315.0,101904
2021-06-23 09:22:47,3315.45,102081
2021-06-23 09:22:49,3315.0,103470
2021-06-23 09:22:50,3314.15,103630
2021-06-23 09:22:51,3315.1,103640
2021-06-23 09:22:53,3313.8,103660
2021-06-23 09:22:54,3313.8,103660
2021-06-23 09:22:55,3314.9,103695
2021-06-23 09:22:56,3313.4,104132
2021-06-23 09:22:57,3312.8,104195
2021-06-23 09:22:58,3313.05,104198
2021-06-23 09:22:59,3313.05,104344
2021-06-23 09:23:00,3313.55,104366
2021-06-23 09:23:01,3312.15,104883
2021-06-23 09:23:02,3312.15,105027
2021-06-23 09:23:03,3313.55,105089
2021-06-23 09:23:04,3313.55,105173
2021-06-23 09:23:05,3312.05,105203
2021-06-23 09:23:06,3312.1,105229
2021-06-23 09:23:07,3313.3,105283
2021-06-23 09:23:08,3313.3,105321
2021-06-23 09:23:09,3313.3,105344
2021-06-23 09:23:10,3311.8,105521
2021-06-23 09:23:11,3311.8,105521
2021-06-23 09:23:12,3312.0,105547
2021-06-23 09:23:13,3312.6,105603
2021-06-23 09:23:14,3312.2,105667
2021-06-23 09:23:15,3312.6,105710
2021-06-23 09:23:16,3312.6,105823
2021-06-23 09:23:17,3312.2,105932
2021-06-23 09:23:18,3312.0,105984
2021-06-23 09:23:19,3312.6,106008
2021-06-23 09:23:20,3312.0,106077
2021-06-23 09:23:23,3312.0,106119
2021-06-23 09:23:25,3312.55,106788
2021-06-23 09:23:26,3312.0,106872
2021-06-23 09:23:27,3312.55,106873
2021-06-23 09:23:28,3311.65,107413
2021-06-23 09:23:28,3311.65,107413
2021-06-23 09:23:29,3311.65,107464
2021-06-23 09:23:30,3310.6,107616
2021-06-23 09:23:31,3310.0,107973
2021-06-23 09:23:32,3310.6,108083
2021-06-23 09:23:33,3310.6,108154
2021-06-23 09:23:34,3310.6,108154
2021-06-23 09:23:35,3310.1,108174
2021-06-23 09:23:36,3310.3,108251
2021-06-23 09:23:37,3311.0,108288
2021-06-23 09:23:38,3311.0,108417
2021-06-23 09:23:39,3311.4,108473
2021-06-23 09:23:40,3311.4,108474
2021-06-23 09:23:41,3311.0,108583
2021-06-23 09:23:42,3311.0,108586
2021-06-23 09:23:43,3311.0,108669
2021-06-23 09:23:44,3311.0,108693
2021-06-23 09:23:45,3310.6,108700
2021-06-23 09:23:46,3310.6,108700
2021-06-23 09:23:47,3311.0,108753
2021-06-23 09:23:48,3310.75,108913
2021-06-23 09:23:49,3310.1,108914
2021-06-23 09:23:50,3310.25,108939
2021-06-23 09:23:51,3310.2,108949
2021-06-23 09:23:52,3311.0,109949
2021-06-23 09:23:53,3311.0,109971
2021-06-23 09:23:54,3311.0,110089
2021-06-23 09:23:55,3311.0,110198
2021-06-23 09:23:56,3311.0,110198
2021-06-23 09:23:57,3310.1,110283
2021-06-23 09:23:58,3311.0,110285
2021-06-23 09:23:59,3311.0,110288
2021-06-23 09:24:00,3311.0,110308
2021-06-23 09:24:01,3311.0,110310
2021-06-23 09:24:02,3311.0,110310
2021-06-23 09:24:03,3311.0,110390
2021-06-23 09:24:04,3311.0,110502
2021-06-23 09:24:05,3311.0,110502
2021-06-23 09:24:06,3310.1,110721
2021-06-23 09:24:07,3310.95,110722
2021-06-23 09:24:08,3311.0,110823
2021-06-23 09:24:10,3311.0,110823
2021-06-23 09:24:11,3309.8,111250
2021-06-23 09:24:12,3310.0,111287
2021-06-23 09:24:13,3310.0,111349
2021-06-23 09:24:14,3310.0,111375
2021-06-23 09:24:14,3310.1,111415
2021-06-23 09:24:15,3310.25,111523
2021-06-23 09:24:16,3310.85,111528
2021-06-23 09:24:18,3310.85,111638
2021-06-23 09:24:19,3310.25,111712
2021-06-23 09:24:19,3310.2,111739
2021-06-23 09:24:21,3310.35,111811
2021-06-23 09:24:22,3311.15,111826
2021-06-23 09:24:23,3310.3,111913
2021-06-23 09:24:24,3310.3,111944
2021-06-23 09:24:25,3310.3,111944
2021-06-23 09:24:26,3311.15,111992
2021-06-23 09:24:27,3311.15,111992
2021-06-23 09:24:28,3311.15,112078
2021-06-23 09:24:29,3311.15,112103
2021-06-23 09:24:30,3311.15,112203
2021-06-23 09:24:31,3310.35,112213
2021-06-23 09:24:32,3310.2,112274
2021-06-23 09:24:33,3311.0,112422
2021-06-23 09:24:34,3309.55,112499
2021-06-23 09:24:35,3310.3,112504
2021-06-23 09:24:36,3309.55,112586
2021-06-23 09:24:37,3310.3,112620
2021-06-23 09:24:38,3310.3,112750
2021-06-23 09:24:38,3310.25,112783
2021-06-23 09:24:39,3310.3,113047
2021-06-23 09:24:41,3312.15,113309
2021-06-23 09:24:42,3312.25,113332
2021-06-23 09:24:44,3311.3,113349
2021-06-23 09:24:45,3311.3,113368
2021-06-23 09:24:46,3311.3,113369
2021-06-23 09:24:47,3312.25,113384
2021-06-23 09:24:48,3312.25,113384
2021-06-23 09:24:49,3312.25,113408
2021-06-23 09:24:50,3312.25,113450
2021-06-23 09:24:51,3311.9,113451
2021-06-23 09:24:52,3311.9,113509
2021-06-23 09:24:53,3312.25,113579
2021-06-23 09:24:53,3312.25,113579
2021-06-23 09:24:54,3312.2,113589
2021-06-23 09:24:55,3312.2,113610
2021-06-23 09:24:56,3312.2,113625
2021-06-23 09:24:58,3313.0,114153
2021-06-23 09:24:59,3311.35,114208
2021-06-23 09:25:00,3312.15,114486
2021-06-23 09:25:01,3311.9,114553
2021-06-23 09:25:02,3312.15,114626
2021-06-23 09:25:03,3311.25,114680
2021-06-23 09:25:04,3312.2,114793
2021-06-23 09:25:06,3311.25,114870
2021-06-23 09:25:07,3312.05,114871
2021-06-23 09:25:08,3312.05,114892
2021-06-23 09:25:09,3312.05,115028
2021-06-23 09:25:10,3313.25,115186
2021-06-23 09:25:11,3313.25,115197
2021-06-23 09:25:12,3313.0,115216
2021-06-23 09:25:13,3313.3,115219
2021-06-23 09:25:14,3313.15,115243
2021-06-23 09:25:16,3313.25,115507
2021-06-23 09:25:17,3313.0,115638
2021-06-23 09:25:18,3312.65,115659
2021-06-23 09:25:19,3312.65,115659
2021-06-23 09:25:20,3312.5,115688
2021-06-23 09:25:22,3312.9,115698
2021-06-23 09:25:24,3312.1,115727
2021-06-23 09:25:25,3312.1,115732
2021-06-23 09:25:26,3312.1,115732
2021-06-23 09:25:27,3312.1,115896
2021-06-23 09:25:28,3312.1,115938
2021-06-23 09:25:29,3312.3,115954
2021-06-23 09:25:30,3312.3,115975
2021-06-23 09:25:31,3312.3,115975
2021-06-23 09:25:32,3312.3,116049
2021-06-23 09:25:33,3311.3,116080
2021-06-23 09:25:34,3312.05,116130
2021-06-23 09:25:35,3311.3,116135
2021-06-23 09:25:36,3311.25,116316
2021-06-23 09:25:37,3311.25,116367
2021-06-23 09:25:38,3312.2,116368
2021-06-23 09:25:39,3312.0,116393
2021-06-23 09:25:40,3312.0,116393
2021-06-23 09:25:41,3312.0,116393
2021-06-23 09:25:42,3312.2,116418
2021-06-23 09:25:43,3312.0,116537
2021-06-23 09:25:44,3312.2,116699
2021-06-23 09:25:45,3312.0,116710
2021-06-23 09:25:46,3312.2,116798
2021-06-23 09:25:47,3312.2,116891
2021-06-23 09:25:48,3312.2,116911
2021-06-23 09:25:49,3312.2,117001
2021-06-23 09:25:50,3312.15,117021
2021-06-23 09:25:51,3312.05,117054
2021-06-23 09:25:52,3312.2,117057
2021-06-23 09:25:53,3312.2,117060
2021-06-23 09:25:53,3312.2,117060
2021-06-23 09:25:54,3312.2,117060
2021-06-23 09:25:55,3312.15,117061
2021-06-23 09:25:56,3312.15,117061
2021-06-23 09:25:57,3312.15,117061
2021-06-23 09:25:58,3312.15,117126
2021-06-23 09:25:59,3312.2,117128
2021-06-23 09:26:00,3312.2,117149
2021-06-23 09:26:01,3312.2,117163
2021-06-23 09:26:02,3312.05,117307
2021-06-23 09:26:03,3312.05,117307
2021-06-23 09:26:04,3312.15,117314
2021-06-23 09:26:05,3312.15,117355
2021-06-23 09:26:06,3312.15,117447
2021-06-23 09:26:07,3312.15,117447
2021-06-23 09:26:08,3312.05,117496
2021-06-23 09:26:09,3312.15,117500
2021-06-23 09:26:10,3312.15,117500
2021-06-23 09:26:11,3312.15,117500
2021-06-23 09:26:12,3312.15,117500
2021-06-23 09:26:14,3312.05,117503
2021-06-23 09:26:15,3312.15,117546
2021-06-23 09:26:16,3312.05,117728
2021-06-23 09:26:17,3312.15,117738
2021-06-23 09:26:18,3312.15,117778
2021-06-23 09:26:19,3312.15,117812
2021-06-23 09:26:20,3312.2,117948
2021-06-23 09:26:21,3312.3,117975
2021-06-23 09:26:22,3313.3,118093
2021-06-23 09:26:23,3313.3,118105
2021-06-23 09:26:24,3313.3,118140
2021-06-23 09:26:25,3312.25,118150
2021-06-23 09:26:26,3312.25,118151
2021-06-23 09:26:28,3313.25,118201
2021-06-23 09:26:29,3313.25,118204
2021-06-23 09:26:29,3313.25,118204
2021-06-23 09:26:30,3312.3,118372
2021-06-23 09:26:31,3313.2,118373
2021-06-23 09:26:32,3313.2,118379
2021-06-23 09:26:33,3313.35,118614
2021-06-23 09:26:34,3313.15,118646
2021-06-23 09:26:36,3313.3,118730
2021-06-23 09:26:37,3313.3,118731
2021-06-23 09:26:38,3313.3,118731
2021-06-23 09:26:39,3313.55,118836
2021-06-23 09:26:40,3313.55,118836
2021-06-23 09:26:41,3313.6,118846
2021-06-23 09:26:42,3313.7,118889
2021-06-23 09:26:43,3313.25,119628
2021-06-23 09:26:44,3313.7,119892
2021-06-23 09:26:45,3313.7,119920
2021-06-23 09:26:46,3313.55,120920
2021-06-23 09:26:47,3313.55,120920
2021-06-23 09:26:47,3313.6,121098
2021-06-23 09:26:50,3314.0,121116
2021-06-23 09:26:50,3313.55,121117
2021-06-23 09:26:54,3313.65,121136
2021-06-23 09:26:54,3313.65,121146
2021-06-23 09:26:56,3313.65,121146
2021-06-23 09:26:57,3313.65,121146
2021-06-23 09:26:58,3313.65,121146
2021-06-23 09:26:59,3313.65,121151
2021-06-23 09:27:00,3313.65,121231
2021-06-23 09:27:01,3313.65,121231
2021-06-23 09:27:02,3314.0,121510
2021-06-23 09:27:03,3314.0,121510
2021-06-23 09:27:05,3314.0,121510
2021-06-23 09:27:05,3314.0,121510
2021-06-23 09:27:07,3314.0,121510
2021-06-23 09:27:08,3313.55,121546
2021-06-23 09:27:09,3314.0,121606
2021-06-23 09:27:10,3314.0,121606
2021-06-23 09:27:11,3314.0,121951
2021-06-23 09:27:12,3314.0,121951
2021-06-23 09:27:13,3314.0,121951
2021-06-23 09:27:14,3313.55,122092
2021-06-23 09:27:15,3313.95,122095
2021-06-23 09:27:16,3313.95,122134
2021-06-23 09:27:17,3313.95,122134
2021-06-23 09:27:18,3313.95,122134
2021-06-23 09:27:19,3313.95,122136
2021-06-23 09:27:20,3313.95,122163
2021-06-23 09:27:21,3313.95,122209
2021-06-23 09:27:22,3313.95,122478
2021-06-23 09:27:23,3313.0,122512
2021-06-23 09:27:24,3313.95,122513
2021-06-23 09:27:25,3314.0,122628
2021-06-23 09:27:27,3314.05,122700
2021-06-23 09:27:28,3314.0,122720
2021-06-23 09:27:29,3314.05,122750
2021-06-23 09:27:30,3314.05,122825
2021-06-23 09:27:31,3314.05,122825
2021-06-23 09:27:31,3314.05,122825
2021-06-23 09:27:33,3314.05,122825
2021-06-23 09:27:33,3314.05,122875
2021-06-23 09:27:34,3314.0,122888
2021-06-23 09:27:35,3314.0,122950
2021-06-23 09:27:36,3314.05,123027
2021-06-23 09:27:37,3314.0,123028
2021-06-23 09:27:40,3314.05,123203
2021-06-23 09:27:41,3314.05,123238
2021-06-23 09:27:42,3314.05,123241
2021-06-23 09:27:44,3314.0,123253
2021-06-23 09:27:45,3314.05,123257
2021-06-23 09:27:46,3314.0,123387
2021-06-23 09:27:47,3313.9,123692
2021-06-23 09:27:48,3313.9,123732
2021-06-23 09:27:49,3313.9,123732
2021-06-23 09:27:50,3313.9,123732
2021-06-23 09:27:51,3314.0,123832
2021-06-23 09:27:52,3314.0,123832
2021-06-23 09:27:53,3313.9,123932
2021-06-23 09:27:54,3314.0,124018
2021-06-23 09:27:55,3313.9,124051
2021-06-23 09:27:55,3313.9,124051
2021-06-23 09:27:56,3313.95,124057
2021-06-23 09:27:57,3313.95,124058
2021-06-23 09:27:58,3313.9,124158
2021-06-23 09:27:59,3313.9,124252
2021-06-23 09:28:01,3313.1,124353
2021-06-23 09:28:02,3313.0,124372
2021-06-23 09:28:03,3313.0,124372
2021-06-23 09:28:04,3312.5,124421
2021-06-23 09:28:05,3313.1,124425
2021-06-23 09:28:06,3313.1,124425
2021-06-23 09:28:07,3313.1,124425
2021-06-23 09:28:08,3313.1,124425
2021-06-23 09:28:09,3313.1,124427
2021-06-23 09:28:09,3313.1,124427
2021-06-23 09:28:11,3313.1,124427
2021-06-23 09:28:11,3313.1,124427
2021-06-23 09:28:12,3313.1,124427
2021-06-23 09:28:13,3312.85,124432
2021-06-23 09:28:14,3313.1,124534
2021-06-23 09:28:15,3313.1,124558
2021-06-23 09:28:16,3313.1,124558
2021-06-23 09:28:17,3313.1,124558
2021-06-23 09:28:18,3313.1,124738
2021-06-23 09:28:19,3313.1,124763
2021-06-23 09:28:21,3313.1,124796
2021-06-23 09:28:22,3313.1,124796
2021-06-23 09:28:23,3313.1,124866
2021-06-23 09:28:24,3313.1,124896
2021-06-23 09:28:25,3313.65,125096
2021-06-23 09:28:27,3313.65,125096
2021-06-23 09:28:28,3312.3,125196
2021-06-23 09:28:30,3312.85,125206
2021-06-23 09:28:31,3312.85,125232
2021-06-23 09:28:32,3312.3,125267
2021-06-23 09:28:33,3312.3,125267
2021-06-23 09:28:34,3312.0,125459
2021-06-23 09:28:35,3312.85,125479
2021-06-23 09:28:36,3312.85,125479
2021-06-23 09:28:37,3312.85,125567
2021-06-23 09:28:38,3312.3,125568
2021-06-23 09:28:39,3312.85,125579
2021-06-23 09:28:40,3312.85,125580
2021-06-23 09:28:41,3312.0,125764
2021-06-23 09:28:42,3312.05,125765
2021-06-23 09:28:43,3312.85,125766
2021-06-23 09:28:44,3312.85,125778
2021-06-23 09:28:45,3312.85,125778
2021-06-23 09:28:47,3312.65,125783
2021-06-23 09:28:48,3312.65,125783
2021-06-23 09:28:49,3312.65,125886
2021-06-23 09:28:50,3312.55,125890
2021-06-23 09:28:51,3312.5,125896
2021-06-23 09:28:53,3312.5,125896
2021-06-23 09:28:54,3312.5,125896
2021-06-23 09:28:55,3312.45,125911
2021-06-23 09:28:56,3312.1,125942
2021-06-23 09:28:57,3312.45,125982
2021-06-23 09:28:59,3312.0,126807
2021-06-23 09:29:00,3311.25,126899
2021-06-23 09:29:01,3311.55,127428
2021-06-23 09:29:02,3311.0,127506
2021-06-23 09:29:03,3311.0,127532
2021-06-23 09:29:04,3311.45,127613
2021-06-23 09:29:05,3311.15,127625
2021-06-23 09:29:06,3311.15,127625
2021-06-23 09:29:07,3311.15,127626
2021-06-23 09:29:08,3311.15,127626
2021-06-23 09:29:09,3311.55,127631
2021-06-23 09:29:10,3311.15,127648
2021-06-23 09:29:11,3311.15,127650
2021-06-23 09:29:12,3311.15,127667
2021-06-23 09:29:13,3311.0,127828
2021-06-23 09:29:14,3311.45,127929
2021-06-23 09:29:15,3310.05,127934
2021-06-23 09:29:16,3310.0,128178
2021-06-23 09:29:17,3310.0,128178
2021-06-23 09:29:18,3310.75,128187
2021-06-23 09:29:19,3310.0,128302
2021-06-23 09:29:20,3310.0,128302
2021-06-23 09:29:21,3310.0,128313
2021-06-23 09:29:22,3310.0,128313
2021-06-23 09:29:23,3310.95,128315
2021-06-23 09:29:24,3310.0,128316
2021-06-23 09:29:25,3310.0,128322
2021-06-23 09:29:26,3310.0,128322
2021-06-23 09:29:27,3310.0,128323
2021-06-23 09:29:28,3310.0,128880
2021-06-23 09:29:29,3310.45,128918
2021-06-23 09:29:30,3310.45,128918
2021-06-23 09:29:31,3310.0,128997
2021-06-23 09:29:32,3310.0,129189
2021-06-23 09:29:33,3310.0,129289
2021-06-23 09:29:34,3310.0,129324
2021-06-23 09:29:36,3310.0,129496
2021-06-23 09:29:37,3310.0,129597
2021-06-23 09:29:38,3310.0,129607
2021-06-23 09:29:39,3310.0,129607
2021-06-23 09:29:40,3310.0,129623
2021-06-23 09:29:41,3310.0,129643
2021-06-23 09:29:43,3310.2,129697
2021-06-23 09:29:44,3310.05,129805
2021-06-23 09:29:45,3310.05,129810
2021-06-23 09:29:46,3310.4,130232
2021-06-23 09:29:47,3310.1,130234
2021-06-23 09:29:48,3310.1,130234
2021-06-23 09:29:49,3310.1,130240
2021-06-23 09:29:50,3310.4,130241
2021-06-23 09:29:51,3310.4,130293
2021-06-23 09:29:52,3310.1,130294
2021-06-23 09:29:53,3310.1,130295
2021-06-23 09:29:54,3310.0,130511
2021-06-23 09:29:55,3310.4,130587
2021-06-23 09:29:56,3310.4,130587
2021-06-23 09:29:57,3310.05,130622
2021-06-23 09:29:58,3310.0,130672
2021-06-23 09:29:59,3310.05,130673
2021-06-23 09:30:00,3310.4,130693
2021-06-23 09:30:01,3310.4,130694
2021-06-23 09:30:03,3310.4,130740
2021-06-23 09:30:04,3310.15,130758
2021-06-23 09:30:05,3310.15,130763
2021-06-23 09:30:07,3310.4,130765
2021-06-23 09:30:08,3310.4,130778
2021-06-23 09:30:10,3310.15,130784
2021-06-23 09:30:11,3310.4,130786
2021-06-23 09:30:12,3310.4,130786
2021-06-23 09:30:13,3310.15,131141
2021-06-23 09:30:14,3310.15,131319
2021-06-23 09:30:15,3310.15,131319
2021-06-23 09:30:16,3310.35,131453
2021-06-23 09:30:18,3310.05,131512
2021-06-23 09:30:19,3310.05,131545
2021-06-23 09:30:20,3310.05,131545
2021-06-23 09:30:21,3310.0,131687
2021-06-23 09:30:23,3310.1,132009
2021-06-23 09:30:27,3309.2,132269
2021-06-23 09:30:33,3309.9,132392
2021-06-23 09:30:45,3309.35,133043
2021-06-23 09:30:51,3309.0,133129
2021-06-23 09:30:57,3308.6,133512
2021-06-23 09:31:03,3307.9,133994
2021-06-23 09:31:08,3307.15,134586
2021-06-23 09:31:14,3305.05,136096
2021-06-23 09:31:20,3307.25,137365
2021-06-23 09:31:27,3307.75,137908
2021-06-23 09:31:33,3307.15,138226
2021-06-23 09:31:51,3305.7,139058
2021-06-23 09:31:57,3305.65,139608
2021-06-23 09:32:03,3305.65,139681
2021-06-23 09:32:09,3305.65,139939
2021-06-23 09:32:15,3305.65,140668
2021-06-23 09:32:20,3305.65,141561
2021-06-23 09:32:26,3307.0,142758
2021-06-23 09:32:32,3307.2,143002
2021-06-23 09:32:38,3307.2,143253
2021-06-23 09:32:44,3307.2,143364
2021-06-23 09:32:50,3307.9,143445
2021-06-23 09:32:56,3307.2,143806
2021-06-23 09:33:02,3307.3,144258
2021-06-23 09:33:08,3307.4,144673
2021-06-23 09:33:14,3307.1,144823
2021-06-23 09:33:19,3307.0,145372
2021-06-23 09:33:25,3307.0,145551
2021-06-23 09:33:30,3307.0,145747
2021-06-23 09:33:35,3306.7,145874
2021-06-23 09:33:41,3306.7,147099
2021-06-23 09:33:47,3306.0,147244
2021-06-23 09:33:52,3305.0,147895
2021-06-23 09:33:58,3305.65,148030
2021-06-23 09:34:04,3305.65,148128
2021-06-23 09:34:09,3304.8,149691
2021-06-23 09:34:15,3304.0,150009
2021-06-23 09:34:22,3303.4,150869
2021-06-23 09:34:27,3303.4,151006
2021-06-23 09:34:33,3303.95,151061
2021-06-23 09:34:39,3303.45,151260
2021-06-23 09:34:45,3303.0,151740
2021-06-23 09:34:51,3303.0,151930
2021-06-23 09:34:56,3303.0,152024
2021-06-23 09:35:02,3303.35,152158
2021-06-23 09:35:07,3303.0,152235
2021-06-23 09:35:13,3302.95,152951
2021-06-23 09:35:19,3302.95,153330
2021-06-23 09:35:24,3302.0,153624
2021-06-23 09:35:25,3302.0,153684
2021-06-23 09:35:26,3302.0,153684
2021-06-23 09:35:27,3302.9,153713
2021-06-23 09:35:28,3302.0,153743
2021-06-23 09:35:29,3302.0,153768
2021-06-23 09:35:30,3302.9,153804
2021-06-23 09:35:30,3302.9,153804
2021-06-23 09:35:31,3302.9,153804
2021-06-23 09:35:32,3302.0,154039
2021-06-23 09:35:34,3302.0,154107
2021-06-23 09:35:35,3301.8,154130
2021-06-23 09:35:36,3302.6,154271
2021-06-23 09:35:37,3301.3,154391
2021-06-23 09:35:37,3301.3,154391
2021-06-23 09:35:38,3302.0,154398
2021-06-23 09:35:39,3301.3,154427
2021-06-23 09:35:40,3301.35,154428
2021-06-23 09:35:42,3301.35,154428
2021-06-23 09:35:43,3302.0,154642
2021-06-23 09:35:44,3302.0,154642
2021-06-23 09:35:45,3301.45,154666
2021-06-23 09:35:48,3301.2,154863
2021-06-23 09:35:49,3301.9,154875
2021-06-23 09:35:49,3301.9,154875
2021-06-23 09:35:50,3301.2,154890
2021-06-23 09:35:51,3301.9,154894
2021-06-23 09:35:52,3301.55,155350
2021-06-23 09:35:53,3301.55,155383
2021-06-23 09:35:55,3301.9,155617
2021-06-23 09:35:56,3301.85,155623
2021-06-23 09:35:57,3301.4,155640
2021-06-23 09:35:58,3301.9,155691
2021-06-23 09:35:59,3301.85,155697
2021-06-23 09:36:00,3301.9,155911
2021-06-23 09:36:00,3301.85,155940
2021-06-23 09:36:01,3301.4,155957
2021-06-23 09:36:02,3301.5,156010
2021-06-23 09:36:03,3301.9,156011
2021-06-23 09:36:04,3301.9,156011
2021-06-23 09:36:06,3301.9,156011
2021-06-23 09:36:07,3301.4,156031
2021-06-23 09:36:08,3301.3,156107
2021-06-23 09:36:09,3301.4,156142
2021-06-23 09:36:10,3301.4,156144
2021-06-23 09:36:11,3301.4,156163
2021-06-23 09:36:11,3301.4,156163
2021-06-23 09:36:12,3301.4,156289
2021-06-23 09:36:14,3301.2,156357
2021-06-23 09:36:15,3301.4,156365
2021-06-23 09:36:16,3301.3,156371
2021-06-23 09:36:17,3301.2,156377
2021-06-23 09:36:18,3301.2,156399
2021-06-23 09:36:19,3301.2,156404
2021-06-23 09:36:20,3301.2,156508
2021-06-23 09:36:21,3301.3,156879
2021-06-23 09:36:22,3301.0,157179
2021-06-23 09:36:24,3301.0,157179
2021-06-23 09:36:24,3301.0,157179
2021-06-23 09:36:25,3301.2,157330
2021-06-23 09:36:26,3301.1,157370
2021-06-23 09:36:28,3300.55,157380
2021-06-23 09:36:29,3300.45,157471
2021-06-23 09:36:30,3301.75,159084
2021-06-23 09:36:31,3301.3,159169
2021-06-23 09:36:32,3300.45,159179
2021-06-23 09:36:33,3301.1,159228
2021-06-23 09:36:34,3300.45,159273
2021-06-23 09:36:35,3300.45,159273
2021-06-23 09:36:35,3300.45,159273
2021-06-23 09:36:36,3300.45,159293
2021-06-23 09:36:37,3300.45,159293
2021-06-23 09:36:38,3301.25,159294
2021-06-23 09:36:39,3300.95,160754
2021-06-23 09:36:40,3299.65,160787
2021-06-23 09:36:42,3298.7,161061
2021-06-23 09:36:43,3299.2,161078
2021-06-23 09:36:44,3299.35,161880
2021-06-23 09:36:45,3299.45,161980
2021-06-23 09:36:46,3299.4,162007
2021-06-23 09:36:47,3300.45,162017
2021-06-23 09:36:49,3300.45,162572
2021-06-23 09:36:50,3300.45,162572
2021-06-23 09:36:51,3300.85,162627
2021-06-23 09:36:53,3300.8,162637
2021-06-23 09:36:54,3300.8,162637
2021-06-23 09:36:55,3300.8,162638
2021-06-23 09:36:56,3300.45,162761
2021-06-23 09:36:56,3300.45,162755
2021-06-23 09:36:57,3300.45,162790
2021-06-23 09:36:58,3300.8,162802
2021-06-23 09:36:59,3300.8,162816
2021-06-23 09:37:01,3300.8,162841
2021-06-23 09:37:02,3300.8,162841
2021-06-23 09:37:03,3300.8,162847
2021-06-23 09:37:04,3300.75,162907
2021-06-23 09:37:06,3300.5,162930
2021-06-23 09:37:06,3300.5,162930
2021-06-23 09:37:07,3300.75,162940
2021-06-23 09:37:09,3300.75,162954
2021-06-23 09:37:10,3300.75,162964
2021-06-23 09:37:11,3300.75,163000
2021-06-23 09:37:12,3300.75,163005
2021-06-23 09:37:13,3300.5,163316
2021-06-23 09:37:14,3300.5,163352
2021-06-23 09:37:15,3300.75,163653
2021-06-23 09:37:17,3300.5,163684
2021-06-23 09:37:17,3300.5,163784
2021-06-23 09:37:18,3300.0,163810
2021-06-23 09:37:20,3300.5,163848
2021-06-23 09:37:21,3300.5,163859
2021-06-23 09:37:22,3300.0,163864
2021-06-23 09:37:23,3300.5,163885
2021-06-23 09:37:24,3300.5,163890
2021-06-23 09:37:25,3300.5,163890
2021-06-23 09:37:26,3300.5,163897
2021-06-23 09:37:26,3300.5,163897
2021-06-23 09:37:29,3300.5,164002
2021-06-23 09:37:30,3300.5,164136
2021-06-23 09:37:31,3300.5,164378
2021-06-23 09:37:32,3300.5,164428
2021-06-23 09:37:33,3300.0,164748
2021-06-23 09:37:34,3300.05,164779
2021-06-23 09:37:35,3300.05,164915
2021-06-23 09:37:36,3300.05,164926
2021-06-23 09:37:37,3300.05,165308
2021-06-23 09:37:38,3300.05,165319
2021-06-23 09:37:39,3300.05,165319
2021-06-23 09:37:39,3300.05,165319
2021-06-23 09:37:40,3300.05,165319
2021-06-23 09:37:42,3300.5,165384
2021-06-23 09:37:43,3300.05,165405
2021-06-23 09:37:44,3300.5,165447
2021-06-23 09:37:45,3302.25,166103
2021-06-23 09:37:46,3302.25,166103
2021-06-23 09:37:47,3300.9,166104
2021-06-23 09:37:48,3300.95,166391
2021-06-23 09:37:48,3300.1,166411
2021-06-23 09:37:49,3300.95,166501
2021-06-23 09:37:50,3300.2,166519
2021-06-23 09:37:52,3300.15,166579
2021-06-23 09:37:53,3300.15,166579
2021-06-23 09:37:54,3300.95,166617
2021-06-23 09:37:55,3300.5,166630
2021-06-23 09:37:56,3300.5,166633
2021-06-23 09:37:57,3300.95,166844
2021-06-23 09:37:58,3301.0,166932
2021-06-23 09:37:59,3302.35,167027
2021-06-23 09:37:59,3302.35,167027
2021-06-23 09:38:00,3302.9,167052
2021-06-23 09:38:03,3302.95,167107
2021-06-23 09:38:04,3302.95,167107
2021-06-23 09:38:05,3303.0,167137
2021-06-23 09:38:06,3303.0,167242
2021-06-23 09:38:07,3303.0,167304
2021-06-23 09:38:07,3303.0,167304
2021-06-23 09:38:08,3303.0,167369
2021-06-23 09:38:10,3303.0,167370
2021-06-23 09:38:11,3303.0,167451
2021-06-23 09:38:12,3303.0,167453
2021-06-23 09:38:13,3303.0,167565
2021-06-23 09:38:15,3303.0,167581
2021-06-23 09:38:16,3303.0,167601
2021-06-23 09:38:17,3303.0,167601
2021-06-23 09:38:18,3303.0,167624
2021-06-23 09:38:18,3303.0,167621
2021-06-23 09:38:20,3303.0,167724
2021-06-23 09:38:21,3302.3,167734
2021-06-23 09:38:22,3303.0,167737
2021-06-23 09:38:23,3303.0,167737
2021-06-23 09:38:24,3302.3,167747
2021-06-23 09:38:25,3302.3,167749
2021-06-23 09:38:26,3303.0,167808
2021-06-23 09:38:26,3303.0,167803
2021-06-23 09:38:28,3302.3,167928
2021-06-23 09:38:28,3303.0,168008
2021-06-23 09:38:30,3302.5,168049
2021-06-23 09:38:31,3303.0,168205
2021-06-23 09:38:32,3303.0,168235
2021-06-23 09:38:33,3303.0,168235
2021-06-23 09:38:34,3302.6,168255
2021-06-23 09:38:35,3302.6,168255
2021-06-23 09:38:37,3302.6,168288
2021-06-23 09:38:38,3303.9,168488
2021-06-23 09:38:39,3303.7,168490
2021-06-23 09:38:40,3303.75,168591
2021-06-23 09:38:41,3303.75,168593
2021-06-23 09:38:42,3303.8,168725
2021-06-23 09:38:42,3303.8,168732
2021-06-23 09:38:44,3303.55,168758
2021-06-23 09:38:45,3304.0,168889
2021-06-23 09:38:46,3304.0,168929
2021-06-23 09:38:47,3303.6,168931
2021-06-23 09:38:48,3303.6,168933
2021-06-23 09:38:49,3303.6,168936
2021-06-23 09:38:50,3302.9,169110
2021-06-23 09:38:51,3303.6,169200
2021-06-23 09:38:52,3303.2,169274
2021-06-23 09:38:53,3303.6,169324
2021-06-23 09:38:54,3303.6,169432
2021-06-23 09:38:54,3303.6,169432
2021-06-23 09:38:55,3303.6,169432
2021-06-23 09:38:56,3303.6,169432
2021-06-23 09:38:58,3304.05,169613
2021-06-23 09:38:59,3304.0,169744
2021-06-23 09:39:00,3304.3,169865
2021-06-23 09:39:01,3304.3,169968
2021-06-23 09:39:02,3303.9,170001
2021-06-23 09:39:03,3304.0,170029
2021-06-23 09:39:04,3303.9,170037
2021-06-23 09:39:06,3304.3,170071
2021-06-23 09:39:08,3304.3,170088
2021-06-23 09:39:08,3304.3,170072
2021-06-23 09:39:09,3304.3,170093
2021-06-23 09:39:11,3305.0,170380
2021-06-23 09:39:12,3305.3,170444
2021-06-23 09:39:13,3305.3,170501
2021-06-23 09:39:14,3305.75,170839
2021-06-23 09:39:15,3304.35,170848
2021-06-23 09:39:16,3306.0,171300
2021-06-23 09:39:17,3305.0,171435
2021-06-23 09:39:18,3305.0,171436
2021-06-23 09:39:19,3305.0,171439
2021-06-23 09:39:20,3305.0,171971
2021-06-23 09:39:21,3305.0,171971
2021-06-23 09:39:22,3305.0,171971
2021-06-23 09:39:23,3305.0,171972
2021-06-23 09:39:24,3305.0,172018
2021-06-23 09:39:26,3306.8,172359
2021-06-23 09:39:27,3306.8,172359
2021-06-23 09:39:28,3306.2,172360
2021-06-23 09:39:29,3306.2,172459
2021-06-23 09:39:32,3305.9,172537
2021-06-23 09:39:33,3305.9,172558
2021-06-23 09:39:35,3306.25,172763
2021-06-23 09:39:36,3307.35,172773
2021-06-23 09:39:37,3307.35,172805
2021-06-23 09:39:38,3307.35,172815
2021-06-23 09:39:39,3307.4,172845
2021-06-23 09:39:41,3306.35,172883
2021-06-23 09:39:42,3306.35,172884
2021-06-23 09:39:43,3307.4,172918
2021-06-23 09:39:44,3307.4,172918
2021-06-23 09:39:45,3307.4,172972
2021-06-23 09:39:46,3307.45,173083
2021-06-23 09:39:47,3307.4,173217
2021-06-23 09:39:48,3307.35,173246
2021-06-23 09:39:49,3307.4,173480
2021-06-23 09:39:50,3307.4,173490
2021-06-23 09:39:51,3307.4,173748
2021-06-23 09:39:52,3307.35,173784
2021-06-23 09:39:53,3307.4,173844
2021-06-23 09:39:55,3307.35,173895
2021-06-23 09:39:56,3307.35,173905
2021-06-23 09:39:57,3306.95,174352
2021-06-23 09:39:58,3306.7,174392
2021-06-23 09:39:59,3306.0,174433
2021-06-23 09:40:00,3307.25,174853
2021-06-23 09:40:01,3306.9,174933
2021-06-23 09:40:04,3306.0,174948
2021-06-23 09:40:05,3306.95,175029
2021-06-23 09:40:06,3306.95,175029
2021-06-23 09:40:07,3306.65,175109
2021-06-23 09:40:08,3306.65,175109
2021-06-23 09:40:09,3306.4,175110
2021-06-23 09:40:10,3306.4,175110
2021-06-23 09:40:11,3306.4,175110
2021-06-23 09:40:12,3306.4,175112
2021-06-23 09:40:13,3306.4,175122
2021-06-23 09:40:14,3306.0,175334
2021-06-23 09:40:15,3306.35,175339
2021-06-23 09:40:16,3306.3,175341
2021-06-23 09:40:17,3306.3,175341
2021-06-23 09:40:19,3306.3,175464
2021-06-23 09:40:20,3305.3,175564
2021-06-23 09:40:21,3306.35,175640
2021-06-23 09:40:24,3306.35,175680
2021-06-23 09:40:25,3306.35,175691
2021-06-23 09:40:26,3306.0,175701
2021-06-23 09:40:27,3306.0,175703
2021-06-23 09:40:28,3306.35,175903
2021-06-23 09:40:29,3306.3,175918
2021-06-23 09:40:30,3306.3,175939
2021-06-23 09:40:31,3306.05,175944
2021-06-23 09:40:32,3306.3,176076
2021-06-23 09:40:33,3306.3,176076
2021-06-23 09:40:34,3306.3,176118
2021-06-23 09:40:35,3306.3,176118
2021-06-23 09:40:37,3306.05,176204
2021-06-23 09:40:39,3306.05,176284
2021-06-23 09:40:40,3306.15,176320
2021-06-23 09:40:42,3306.05,176370
2021-06-23 09:40:43,3306.05,176370
2021-06-23 09:40:44,3306.15,176376
2021-06-23 09:40:45,3306.15,176382
2021-06-23 09:40:46,3306.15,176382
2021-06-23 09:40:47,3306.15,176387
2021-06-23 09:40:48,3306.15,176387
2021-06-23 09:40:49,3306.15,176394
2021-06-23 09:40:50,3306.15,176394
2021-06-23 09:40:51,3306.15,176414
2021-06-23 09:40:52,3306.15,176416
2021-06-23 09:40:53,3306.05,176426
2021-06-23 09:40:54,3306.05,176436
2021-06-23 09:40:55,3306.05,176436
2021-06-23 09:40:56,3306.05,176620
2021-06-23 09:40:57,3306.05,176620
2021-06-23 09:40:58,3306.1,176655
2021-06-23 09:40:59,3306.1,176705
2021-06-23 09:41:00,3306.1,176725
2021-06-23 09:41:01,3306.1,176725
2021-06-23 09:41:02,3306.1,176726
2021-06-23 09:41:03,3306.1,176753
2021-06-23 09:41:04,3306.1,176753
2021-06-23 09:41:05,3306.1,176753
2021-06-23 09:41:06,3306.1,176834
2021-06-23 09:41:07,3306.1,176834
2021-06-23 09:41:08,3306.05,176938
2021-06-23 09:41:09,3306.1,177054
2021-06-23 09:41:10,3306.05,177180
2021-06-23 09:41:12,3306.1,177190
2021-06-23 09:41:13,3306.05,177281
2021-06-23 09:41:14,3306.1,177306
2021-06-23 09:41:15,3306.1,177308
2021-06-23 09:41:16,3306.1,177308
2021-06-23 09:41:17,3306.15,177460
2021-06-23 09:41:18,3306.15,177460
2021-06-23 09:41:19,3306.35,177476
2021-06-23 09:41:20,3306.35,177477
2021-06-23 09:41:21,3306.35,177482
2021-06-23 09:41:22,3306.5,177497
2021-06-23 09:41:23,3306.5,177497
2021-06-23 09:41:24,3306.5,177497
2021-06-23 09:41:25,3306.5,177498
2021-06-23 09:41:26,3305.95,177998
2021-06-23 09:41:27,3305.95,177998
2021-06-23 09:41:28,3306.35,178023
2021-06-23 09:41:29,3306.35,178023
2021-06-23 09:41:30,3306.5,178094
2021-06-23 09:41:31,3306.35,178109
2021-06-23 09:41:32,3306.1,178372
2021-06-23 09:41:35,3306.0,178597
2021-06-23 09:41:35,3306.0,178597
2021-06-23 09:41:36,3306.5,178654
2021-06-23 09:41:37,3306.1,178675
2021-06-23 09:41:38,3306.5,178730
2021-06-23 09:41:39,3306.5,178830
2021-06-23 09:41:40,3306.5,178852
2021-06-23 09:41:41,3306.05,178853
2021-06-23 09:41:42,3306.05,178853
2021-06-23 09:41:43,3304.85,178980
2021-06-23 09:41:44,3305.95,178995
2021-06-23 09:41:45,3305.7,179005
2021-06-23 09:41:46,3305.7,179005
2021-06-23 09:41:48,3305.7,179005
2021-06-23 09:41:49,3305.25,179020
2021-06-23 09:41:50,3305.25,179020
2021-06-23 09:41:51,3305.4,179021
2021-06-23 09:41:52,3305.4,179021
2021-06-23 09:41:53,3305.4,179100
2021-06-23 09:41:54,3305.4,179288
2021-06-23 09:41:55,3305.7,179328
2021-06-23 09:41:56,3305.7,179328
2021-06-23 09:41:57,3305.7,179328
2021-06-23 09:41:58,3305.7,179378
2021-06-23 09:41:59,3305.5,179388
2021-06-23 09:42:02,3305.7,179413
2021-06-23 09:42:02,3305.7,179414
2021-06-23 09:42:04,3305.7,179544
2021-06-23 09:42:04,3305.7,179544
2021-06-23 09:42:06,3305.7,179581
2021-06-23 09:42:07,3305.7,179596
2021-06-23 09:42:08,3305.7,179596
2021-06-23 09:42:09,3305.7,179596
2021-06-23 09:42:10,3305.5,179697
2021-06-23 09:42:11,3305.5,179697
2021-06-23 09:42:12,3305.45,179699
2021-06-23 09:42:13,3305.45,179699
2021-06-23 09:42:14,3305.5,180029
2021-06-23 09:42:15,3305.5,180035
2021-06-23 09:42:17,3305.5,180035
2021-06-23 09:42:18,3305.4,180176
2021-06-23 09:42:19,3305.5,180448
2021-06-23 09:42:20,3305.7,180557
2021-06-23 09:42:22,3305.5,180558
2021-06-23 09:42:23,3305.65,180581
2021-06-23 09:42:24,3305.65,180581
2021-06-23 09:42:26,3306.0,180607
2021-06-23 09:42:27,3306.45,181449
2021-06-23 09:42:27,3306.45,181449
2021-06-23 09:42:28,3306.45,181449
2021-06-23 09:42:29,3306.45,181449
2021-06-23 09:42:30,3307.0,181480
2021-06-23 09:42:31,3307.0,181480
2021-06-23 09:42:32,3307.0,181552
2021-06-23 09:42:34,3306.55,181592
2021-06-23 09:42:35,3307.0,181597
2021-06-23 09:42:36,3306.7,181619
2021-06-23 09:42:37,3307.0,181669
2021-06-23 09:42:38,3307.0,181669
2021-06-23 09:42:39,3306.65,181688
2021-06-23 09:42:40,3306.65,181688
2021-06-23 09:42:41,3306.65,181793
2021-06-23 09:42:42,3306.65,181793
2021-06-23 09:42:43,3307.0,181819
2021-06-23 09:42:44,3307.0,181820
2021-06-23 09:42:45,3307.0,181823
2021-06-23 09:42:46,3307.0,181823
2021-06-23 09:42:47,3307.0,181823
2021-06-23 09:42:48,3306.7,181824
2021-06-23 09:42:49,3306.7,181830
2021-06-23 09:42:50,3307.0,181831
2021-06-23 09:42:51,3307.0,181913
2021-06-23 09:42:52,3307.0,181999
2021-06-23 09:42:54,3307.0,182100
2021-06-23 09:42:55,3306.6,182225
2021-06-23 09:42:56,3307.0,182415
2021-06-23 09:42:57,3306.6,182441
2021-06-23 09:42:58,3306.6,182441
2021-06-23 09:42:59,3306.6,182441
2021-06-23 09:43:00,3307.0,182461
2021-06-23 09:43:01,3307.0,182461
2021-06-23 09:43:02,3307.0,182470
2021-06-23 09:43:03,3306.5,182647
2021-06-23 09:43:04,3306.95,182677
2021-06-23 09:43:05,3306.95,182677
2021-06-23 09:43:06,3306.95,182677
2021-06-23 09:43:08,3306.65,182877
2021-06-23 09:43:08,3306.95,182882
2021-06-23 09:43:09,3307.0,183084
2021-06-23 09:43:10,3307.0,183084
2021-06-23 09:43:11,3307.0,183119
2021-06-23 09:43:12,3307.0,183120
2021-06-23 09:43:13,3306.65,183140
2021-06-23 09:43:14,3307.0,183264
2021-06-23 09:43:15,3307.0,183265
2021-06-23 09:43:16,3307.0,183265
2021-06-23 09:43:17,3306.8,183266
2021-06-23 09:43:18,3306.8,183266
2021-06-23 09:43:20,3307.0,183459
2021-06-23 09:43:21,3307.0,183459
2021-06-23 09:43:22,3307.0,183471
2021-06-23 09:43:23,3306.65,183495
2021-06-23 09:43:24,3307.0,183552
2021-06-23 09:43:26,3307.0,183552
2021-06-23 09:43:27,3307.0,183562
2021-06-23 09:43:27,3307.0,183562
2021-06-23 09:43:28,3307.0,183688
2021-06-23 09:43:29,3306.65,183792
2021-06-23 09:43:30,3307.05,183848
2021-06-23 09:43:31,3306.75,183852
2021-06-23 09:43:32,3306.75,183852
2021-06-23 09:43:33,3307.05,183854
2021-06-23 09:43:34,3307.0,183862
2021-06-23 09:43:35,3307.0,183862
2021-06-23 09:43:36,3307.05,183863
2021-06-23 09:43:38,3307.05,183863
2021-06-23 09:43:39,3307.0,183874
2021-06-23 09:43:40,3307.35,184044
2021-06-23 09:43:41,3307.05,184077
2021-06-23 09:43:42,3307.05,184092
2021-06-23 09:43:43,3307.35,184282
2021-06-23 09:43:45,3307.0,184309
2021-06-23 09:43:46,3307.0,184317
2021-06-23 09:43:46,3307.3,184418
2021-06-23 09:43:47,3307.05,184422
2021-06-23 09:43:49,3307.05,184422
2021-06-23 09:43:50,3307.3,184566
2021-06-23 09:43:52,3307.3,184566
2021-06-23 09:43:53,3307.3,184576
2021-06-23 09:43:54,3307.3,184576
2021-06-23 09:43:55,3307.3,184576
2021-06-23 09:43:56,3307.3,184591
2021-06-23 09:43:57,3307.3,184616
2021-06-23 09:43:58,3307.5,184857
2021-06-23 09:43:59,3307.75,184904
2021-06-23 09:44:00,3307.75,184925
2021-06-23 09:44:01,3307.75,184925
2021-06-23 09:44:02,3307.75,184935
2021-06-23 09:44:03,3307.3,185062
2021-06-23 09:44:04,3307.3,185084
2021-06-23 09:44:05,3307.75,185086
2021-06-23 09:44:06,3307.75,185088
2021-06-23 09:44:07,3307.75,185088
2021-06-23 09:44:08,3307.75,185123
2021-06-23 09:44:09,3307.75,185130
2021-06-23 09:44:10,3307.75,185130
2021-06-23 09:44:11,3307.75,185230
2021-06-23 09:44:12,3307.75,185230
2021-06-23 09:44:13,3307.3,185231
2021-06-23 09:44:14,3307.75,185241
2021-06-23 09:44:15,3307.75,185241
2021-06-23 09:44:16,3307.75,185251
2021-06-23 09:44:18,3307.75,185253
2021-06-23 09:44:19,3307.75,185257
2021-06-23 09:44:20,3307.75,185257
2021-06-23 09:44:20,3307.3,185363
2021-06-23 09:44:21,3307.3,185363
2021-06-23 09:44:22,3307.3,185363
2021-06-23 09:44:23,3307.3,185454
2021-06-23 09:44:24,3307.75,185468
2021-06-23 09:44:25,3307.75,185468
2021-06-23 09:44:27,3307.75,185468
2021-06-23 09:44:28,3307.3,185603
2021-06-23 09:44:29,3307.75,185613
2021-06-23 09:44:30,3307.3,185614
2021-06-23 09:44:31,3307.75,185636
2021-06-23 09:44:31,3307.75,185636
2021-06-23 09:44:32,3307.75,185636
2021-06-23 09:44:33,3307.3,185637
2021-06-23 09:44:34,3307.75,185879
2021-06-23 09:44:35,3307.15,186083
2021-06-23 09:44:36,3307.15,186083
2021-06-23 09:44:37,3307.75,186104
2021-06-23 09:44:38,3307.1,186107
2021-06-23 09:44:39,3307.1,186163
2021-06-23 09:44:40,3307.05,186173
2021-06-23 09:44:41,3307.05,186173
2021-06-23 09:44:43,3307.05,186210
2021-06-23 09:44:44,3307.0,186212
2021-06-23 09:44:45,3307.0,186213
2021-06-23 09:44:46,3307.0,186213
2021-06-23 09:44:47,3307.05,186251
2021-06-23 09:44:48,3307.0,186281
2021-06-23 09:44:49,3307.0,186403
2021-06-23 09:44:50,3307.0,186561
2021-06-23 09:44:51,3306.0,186693
2021-06-23 09:44:51,3306.0,186693
2021-06-23 09:44:52,3305.25,186893
2021-06-23 09:44:53,3305.25,186893
2021-06-23 09:44:54,3305.0,187184
2021-06-23 09:44:55,3305.0,187279
2021-06-23 09:44:56,3305.0,187279
2021-06-23 09:44:57,3305.7,187282
2021-06-23 09:44:58,3305.55,187283
2021-06-23 09:44:59,3304.65,187292
2021-06-23 09:45:00,3305.6,187312
2021-06-23 09:45:01,3305.65,187336
2021-06-23 09:45:02,3304.7,187416
2021-06-23 09:45:03,3304.9,187426
2021-06-23 09:45:04,3304.9,187426
2021-06-23 09:45:05,3305.65,187480
2021-06-23 09:45:07,3305.65,187480
2021-06-23 09:45:08,3305.65,187480
2021-06-23 09:45:09,3304.75,187481
2021-06-23 09:45:10,3304.75,187481
2021-06-23 09:45:11,3304.25,187834
2021-06-23 09:45:12,3304.4,187944
2021-06-23 09:45:13,3304.55,187982
2021-06-23 09:45:14,3303.35,187983
2021-06-23 09:45:15,3304.4,187984
2021-06-23 09:45:17,3303.0,188198
2021-06-23 09:45:18,3303.0,188249
2021-06-23 09:45:19,3302.15,188437
2021-06-23 09:45:20,3303.0,188442
2021-06-23 09:45:21,3303.0,188445
2021-06-23 09:45:22,3303.4,188565
2021-06-23 09:45:24,3303.4,188636
2021-06-23 09:45:24,3303.0,188575
2021-06-23 09:45:25,3305.05,188840
2021-06-23 09:45:26,3305.05,188840
2021-06-23 09:45:27,3305.05,188840
2021-06-23 09:45:28,3305.05,188841
2021-06-23 09:45:30,3304.8,189061
2021-06-23 09:45:32,3305.5,189326
2021-06-23 09:45:33,3305.5,189328
2021-06-23 09:45:34,3305.6,189541
2021-06-23 09:45:34,3305.6,189541
2021-06-23 09:45:35,3305.55,189581
2021-06-23 09:45:37,3305.6,189589
2021-06-23 09:45:37,3305.6,189760
2021-06-23 09:45:39,3305.5,189806
2021-06-23 09:45:40,3305.5,189826
2021-06-23 09:45:41,3305.5,189826
2021-06-23 09:45:42,3305.5,189831
2021-06-23 09:45:43,3305.6,189841
2021-06-23 09:45:44,3305.5,190107
2021-06-23 09:45:45,3305.5,190107
2021-06-23 09:45:46,3305.5,190110
2021-06-23 09:45:47,3305.6,190120
2021-06-23 09:45:48,3305.5,190170
2021-06-23 09:45:49,3305.5,190170
2021-06-23 09:45:50,3305.6,190175
2021-06-23 09:45:51,3305.6,190186
2021-06-23 09:45:52,3305.6,190187
2021-06-23 09:45:53,3305.6,190187
2021-06-23 09:45:53,3305.6,190187
2021-06-23 09:45:55,3305.6,190191
2021-06-23 09:45:56,3305.6,190191
2021-06-23 09:45:57,3305.6,190191
2021-06-23 09:45:58,3305.6,190191
2021-06-23 09:45:59,3305.6,190191
2021-06-23 09:45:59,3305.6,190241
2021-06-23 09:46:01,3305.6,190263
2021-06-23 09:46:02,3305.5,190450
2021-06-23 09:46:03,3305.6,190494
2021-06-23 09:46:04,3305.6,190494
2021-06-23 09:46:05,3305.6,190494
2021-06-23 09:46:06,3305.6,190494
2021-06-23 09:46:07,3305.6,190494
2021-06-23 09:46:08,3305.5,190536
2021-06-23 09:46:09,3305.5,190536
2021-06-23 09:46:09,3305.5,190536
2021-06-23 09:46:10,3307.55,192636
2021-06-23 09:46:11,3305.55,192638
2021-06-23 09:46:12,3305.45,192773
2021-06-23 09:46:14,3305.45,192920
2021-06-23 09:46:15,3305.35,193140
2021-06-23 09:46:16,3305.05,193142
2021-06-23 09:46:17,3305.05,193142
2021-06-23 09:46:18,3305.35,193244
2021-06-23 09:46:19,3305.35,193244
2021-06-23 09:46:20,3305.35,193244
2021-06-23 09:46:21,3305.35,193244
2021-06-23 09:46:22,3305.35,193286
2021-06-23 09:46:23,3305.45,193296
2021-06-23 09:46:24,3305.45,193296
2021-06-23 09:46:25,3305.45,193301
2021-06-23 09:46:26,3305.4,193316
2021-06-23 09:46:27,3305.4,193317
2021-06-23 09:46:28,3305.4,193332
2021-06-23 09:46:29,3305.4,193332
2021-06-23 09:46:30,3305.45,193353
2021-06-23 09:46:33,3305.45,193355
2021-06-23 09:46:34,3305.45,193356
2021-06-23 09:46:35,3305.45,193357
2021-06-23 09:46:36,3305.45,193358
2021-06-23 09:46:37,3305.45,193358
2021-06-23 09:46:38,3305.45,193358
2021-06-23 09:46:39,3305.45,193358
2021-06-23 09:46:40,3305.45,193393
2021-06-23 09:46:41,3305.45,193398
2021-06-23 09:46:42,3305.45,193398
2021-06-23 09:46:43,3305.4,193463
2021-06-23 09:46:44,3305.45,193471
2021-06-23 09:46:44,3305.4,193490
2021-06-23 09:46:46,3305.4,193498
2021-06-23 09:46:47,3305.4,193498
2021-06-23 09:46:48,3305.4,193498
2021-06-23 09:46:49,3305.4,193498
2021-06-23 09:46:50,3305.4,193498
2021-06-23 09:46:51,3305.45,193499
2021-06-23 09:46:52,3305.45,193599
2021-06-23 09:46:53,3305.45,193599
2021-06-23 09:46:54,3305.45,193599
2021-06-23 09:46:55,3305.45,193725
2021-06-23 09:46:56,3305.45,193725
2021-06-23 09:46:57,3305.45,193740
2021-06-23 09:46:58,3305.45,193740
2021-06-23 09:46:59,3305.45,193740
2021-06-23 09:47:00,3305.45,193898
2021-06-23 09:47:00,3305.4,193899
2021-06-23 09:47:01,3305.4,193901
2021-06-23 09:47:02,3305.45,193902
2021-06-23 09:47:04,3305.4,193907
2021-06-23 09:47:06,3305.4,193909
2021-06-23 09:47:07,3305.4,193919
2021-06-23 09:47:07,3305.4,193909
2021-06-23 09:47:09,3305.4,193919
2021-06-23 09:47:09,3305.45,193944
2021-06-23 09:47:11,3305.45,194053
2021-06-23 09:47:12,3305.45,194057
2021-06-23 09:47:13,3305.45,194057
2021-06-23 09:47:14,3305.4,194061
2021-06-23 09:47:15,3305.4,194061
2021-06-23 09:47:17,3305.4,194061
2021-06-23 09:47:18,3305.4,194061
2021-06-23 09:47:19,3305.45,194197
2021-06-23 09:47:20,3305.4,194322
2021-06-23 09:47:20,3305.4,194348
2021-06-23 09:47:21,3305.45,194355
2021-06-23 09:47:22,3305.4,194375
2021-06-23 09:47:23,3305.4,194475
2021-06-23 09:47:24,3305.4,194495
2021-06-23 09:47:26,3304.15,194585
2021-06-23 09:47:27,3304.15,194585
2021-06-23 09:47:29,3305.4,194586
2021-06-23 09:47:30,3305.4,194586
2021-06-23 09:47:31,3305.4,194815
2021-06-23 09:47:32,3305.35,194916
2021-06-23 09:47:33,3305.35,194916
2021-06-23 09:47:34,3305.35,194916
2021-06-23 09:47:37,3305.25,194951
2021-06-23 09:47:37,3305.25,194951
2021-06-23 09:47:38,3305.25,194951
2021-06-23 09:47:40,3305.3,194961
2021-06-23 09:47:41,3305.3,194961
2021-06-23 09:47:42,3305.3,194961
2021-06-23 09:47:43,3304.45,194986
2021-06-23 09:47:43,3305.3,195086
2021-06-23 09:47:44,3305.3,195086
2021-06-23 09:47:46,3305.3,195097
2021-06-23 09:47:47,3305.3,195097
2021-06-23 09:47:48,3305.3,195097
2021-06-23 09:47:48,3304.45,195107
2021-06-23 09:47:50,3304.45,195107
2021-06-23 09:47:50,3304.45,195107
2021-06-23 09:47:52,3304.45,195217
2021-06-23 09:47:53,3304.45,195218
2021-06-23 09:47:54,3304.45,195220
2021-06-23 09:47:55,3305.3,195520
2021-06-23 09:47:56,3305.3,195652
2021-06-23 09:47:57,3304.45,195662
2021-06-23 09:47:58,3304.45,195662
2021-06-23 09:47:59,3304.45,195667
2021-06-23 09:48:00,3304.45,195701
2021-06-23 09:48:01,3304.45,195741
2021-06-23 09:48:02,3305.0,195757
2021-06-23 09:48:03,3304.45,195807
2021-06-23 09:48:04,3304.45,195807
2021-06-23 09:48:05,3304.45,195807
2021-06-23 09:48:06,3304.45,195812
2021-06-23 09:48:07,3304.45,195812
2021-06-23 09:48:08,3304.45,195812
2021-06-23 09:48:09,3304.45,195813
2021-06-23 09:48:09,3304.55,195863
2021-06-23 09:48:10,3305.0,195894
2021-06-23 09:48:11,3305.0,195894
2021-06-23 09:48:12,3305.0,195894
2021-06-23 09:48:14,3305.0,195894
2021-06-23 09:48:15,3305.0,195930
2021-06-23 09:48:16,3304.55,195958
2021-06-23 09:48:17,3304.55,195958
2021-06-23 09:48:18,3304.45,196129
2021-06-23 09:48:19,3304.45,196129
2021-06-23 09:48:19,3304.45,196129
2021-06-23 09:48:20,3304.45,196129
2021-06-23 09:48:22,3304.95,196147
2021-06-23 09:48:23,3304.95,196147
2021-06-23 09:48:25,3304.6,196266
2021-06-23 09:48:26,3304.6,196284
2021-06-23 09:48:27,3305.0,196314
2021-06-23 09:48:27,3305.0,196314
2021-06-23 09:48:28,3305.0,196325
2021-06-23 09:48:30,3305.0,196325
2021-06-23 09:48:31,3305.0,196619
2021-06-23 09:48:32,3304.6,196741
2021-06-23 09:48:34,3305.45,197042
2021-06-23 09:48:35,3305.15,197077
2021-06-23 09:48:36,3304.45,197151
2021-06-23 09:48:37,3304.55,197157
2021-06-23 09:48:38,3304.55,197157
2021-06-23 09:48:39,3305.0,197161
2021-06-23 09:48:40,3305.0,197161
2021-06-23 09:48:41,3305.05,197162
2021-06-23 09:48:42,3305.05,197162
2021-06-23 09:48:44,3305.05,197166
2021-06-23 09:48:45,3305.05,197169
2021-06-23 09:48:46,3305.05,197170
2021-06-23 09:48:47,3305.05,197170
2021-06-23 09:48:48,3305.05,197170
2021-06-23 09:48:48,3305.05,197170
2021-06-23 09:48:49,3305.05,197170
2021-06-23 09:48:50,3305.05,197310
2021-06-23 09:48:52,3305.0,197329
2021-06-23 09:48:53,3305.0,197329
2021-06-23 09:48:54,3305.05,197364
2021-06-23 09:48:55,3305.05,197364
2021-06-23 09:48:56,3305.05,197364
2021-06-23 09:48:57,3305.0,197367
2021-06-23 09:48:58,3305.0,197367
2021-06-23 09:48:59,3305.0,197525
2021-06-23 09:49:00,3304.6,197601
2021-06-23 09:49:01,3304.55,197627
2021-06-23 09:49:02,3304.6,197635
2021-06-23 09:49:03,3304.6,197645
2021-06-23 09:49:04,3304.6,197645
2021-06-23 09:49:05,3304.6,197675
2021-06-23 09:49:05,3304.6,197675
2021-06-23 09:49:06,3304.6,197678
2021-06-23 09:49:07,3304.55,197688
2021-06-23 09:49:08,3304.6,197718
2021-06-23 09:49:11,3304.5,197793
2021-06-23 09:49:12,3304.0,197892
2021-06-23 09:49:13,3304.6,197927
2021-06-23 09:49:14,3303.5,197997
2021-06-23 09:49:15,3303.5,197997
2021-06-23 09:49:16,3303.0,198118
2021-06-23 09:49:17,3303.45,198133
2021-06-23 09:49:18,3303.45,198133
2021-06-23 09:49:19,3303.45,198133
2021-06-23 09:49:20,3303.45,198153
2021-06-23 09:49:21,3303.45,198153
2021-06-23 09:49:22,3303.45,198350
2021-06-23 09:49:23,3303.45,198350
2021-06-23 09:49:24,3303.45,198350
2021-06-23 09:49:25,3303.45,198350
2021-06-23 09:49:26,3303.95,198358
2021-06-23 09:49:27,3303.95,198358
2021-06-23 09:49:28,3303.95,198358
2021-06-23 09:49:29,3303.35,198360
2021-06-23 09:49:30,3303.9,198390
2021-06-23 09:49:31,3303.9,198390
2021-06-23 09:49:32,3303.9,198426
2021-06-23 09:49:33,3303.9,198436
2021-06-23 09:49:34,3303.9,198436
2021-06-23 09:49:35,3303.45,198456
2021-06-23 09:49:36,3303.45,198456
2021-06-23 09:49:37,3303.9,198457
2021-06-23 09:49:38,3303.9,198457
2021-06-23 09:49:39,3303.45,198484
2021-06-23 09:49:39,3303.9,198485
2021-06-23 09:49:40,3303.35,198644
2021-06-23 09:49:41,3303.9,198664
2021-06-23 09:49:42,3303.9,198683
2021-06-23 09:49:44,3303.9,198683
2021-06-23 09:49:45,3303.9,198686
2021-06-23 09:49:46,3303.9,198687
2021-06-23 09:49:47,3303.35,198699
2021-06-23 09:49:48,3303.35,198699
2021-06-23 09:49:49,3303.35,198699
2021-06-23 09:49:49,3303.35,198699
2021-06-23 09:49:50,3303.9,198815
2021-06-23 09:49:52,3303.35,198824
2021-06-23 09:49:53,3303.9,198826
2021-06-23 09:49:54,3303.25,198973
2021-06-23 09:49:55,3303.25,198987
2021-06-23 09:49:56,3303.25,198987
2021-06-23 09:49:57,3303.7,199037
2021-06-23 09:49:58,3303.7,199037
2021-06-23 09:49:59,3303.7,199067
2021-06-23 09:50:00,3303.7,199087
2021-06-23 09:50:01,3303.7,199087
2021-06-23 09:50:02,3303.7,199087
2021-06-23 09:50:03,3303.7,199087
2021-06-23 09:50:04,3303.5,199107
2021-06-23 09:50:05,3303.5,199113
2021-06-23 09:50:06,3303.5,199116
2021-06-23 09:50:07,3303.5,199116
2021-06-23 09:50:08,3303.5,199116
2021-06-23 09:50:10,3303.5,199355
2021-06-23 09:50:11,3303.5,199355
2021-06-23 09:50:12,3303.5,199377
2021-06-23 09:50:13,3303.5,199377
2021-06-23 09:50:14,3303.5,199377
2021-06-23 09:50:15,3303.5,199387
2021-06-23 09:50:16,3303.3,199407
2021-06-23 09:50:17,3303.3,199407
2021-06-23 09:50:18,3303.3,199409
2021-06-23 09:50:21,3303.3,199506
2021-06-23 09:50:22,3303.3,199515
2021-06-23 09:50:27,3303.3,199619
2021-06-23 09:50:32,3303.0,199887
2021-06-23 09:50:37,3303.05,200003
2021-06-23 09:50:41,3303.4,200039
2021-06-23 09:50:46,3303.4,200061
2021-06-23 09:50:50,3303.4,200126
2021-06-23 09:50:55,3303.4,200148
2021-06-23 09:51:00,3303.4,200172
2021-06-23 09:51:04,3303.0,200562
2021-06-23 09:51:09,3302.55,200621
2021-06-23 09:51:14,3302.1,200741
2021-06-23 09:51:18,3302.45,201569
2021-06-23 09:51:23,3302.0,201790
2021-06-23 09:51:27,3302.0,201835
2021-06-23 09:51:31,3301.0,202072
2021-06-23 09:51:36,3300.75,202317
2021-06-23 09:51:40,3300.5,202474
2021-06-23 09:51:45,3300.4,202646
2021-06-23 09:51:50,3300.4,202796
2021-06-23 09:51:54,3300.0,203215
2021-06-23 09:52:04,3300.4,204033
2021-06-23 09:52:09,3299.25,204188
2021-06-23 09:52:14,3300.0,204618
2021-06-23 09:52:19,3299.95,204705
2021-06-23 09:52:23,3299.95,204903
2021-06-23 09:52:27,3299.6,204973
2021-06-23 09:52:32,3298.5,205492
2021-06-23 09:52:36,3299.6,206063
2021-06-23 09:52:41,3299.55,206124
2021-06-23 09:52:46,3298.45,206345
2021-06-23 09:52:51,3298.0,207059
2021-06-23 09:52:56,3298.65,207351
2021-06-23 09:53:01,3298.6,207575
2021-06-23 09:53:07,3297.75,207668
2021-06-23 09:53:12,3298.0,208080
2021-06-23 09:53:17,3297.3,208667
2021-06-23 09:53:22,3297.75,209123
2021-06-23 09:53:26,3297.25,209408
2021-06-23 09:53:31,3298.0,210117
2021-06-23 09:53:36,3296.7,210276
2021-06-23 09:53:40,3296.9,210488
2021-06-23 09:53:45,3297.6,210781
2021-06-23 09:53:50,3295.6,211599
2021-06-23 09:53:55,3295.1,212483
2021-06-23 09:53:59,3295.05,213775
2021-06-23 09:54:05,3293.6,214094
2021-06-23 09:54:15,3293.65,216280
2021-06-23 09:54:20,3292.05,216918
2021-06-23 09:54:25,3291.05,217466
2021-06-23 09:54:30,3291.0,218298
2021-06-23 09:54:35,3291.0,219252
2021-06-23 09:54:40,3291.0,221205
2021-06-23 09:54:45,3290.55,221441
2021-06-23 09:54:50,3290.0,223461
2021-06-23 09:54:55,3290.5,224727
2021-06-23 09:54:59,3290.5,225563
2021-06-23 09:55:05,3290.5,226729
2021-06-23 09:55:10,3291.0,227854
2021-06-23 09:55:15,3290.25,228763
2021-06-23 09:55:20,3289.5,229238
2021-06-23 09:55:24,3290.25,229614
2021-06-23 09:55:24,3289.15,229669
2021-06-23 09:55:27,3290.0,229695
2021-06-23 09:55:27,3289.25,229798
2021-06-23 09:55:28,3289.25,229798
2021-06-23 09:55:29,3290.0,229807
2021-06-23 09:55:31,3290.0,229908
2021-06-23 09:55:32,3289.3,229938
2021-06-23 09:55:33,3290.0,230024
2021-06-23 09:55:33,3290.0,230024
2021-06-23 09:55:34,3290.0,230660
2021-06-23 09:55:35,3290.0,230830
2021-06-23 09:55:36,3290.0,230941
2021-06-23 09:55:38,3289.5,230991
2021-06-23 09:55:38,3289.5,231040
2021-06-23 09:55:39,3290.0,231071
2021-06-23 09:55:40,3289.3,231147
2021-06-23 09:55:43,3290.0,231172
2021-06-23 09:55:44,3290.0,231327
2021-06-23 09:55:45,3289.35,231633
2021-06-23 09:55:46,3290.0,231674
2021-06-23 09:55:46,3290.0,231674
2021-06-23 09:55:47,3290.0,231689
2021-06-23 09:55:48,3290.0,231775
2021-06-23 09:55:49,3290.0,231784
2021-06-23 09:55:50,3290.0,231790
2021-06-23 09:55:51,3290.0,231826
2021-06-23 09:55:52,3290.0,231900
2021-06-23 09:55:53,3290.0,231912
2021-06-23 09:55:54,3290.0,231912
2021-06-23 09:55:55,3290.0,231934
2021-06-23 09:55:56,3290.0,231999
2021-06-23 09:55:57,3289.55,232000
2021-06-23 09:55:59,3290.0,232051
2021-06-23 09:55:59,3290.0,232056
2021-06-23 09:56:00,3290.0,232222
2021-06-23 09:56:01,3290.0,232232
2021-06-23 09:56:02,3290.0,232237
2021-06-23 09:56:03,3290.0,232330
2021-06-23 09:56:04,3290.0,232427
2021-06-23 09:56:05,3290.0,232441
2021-06-23 09:56:06,3290.0,232474
2021-06-23 09:56:07,3290.0,232479
2021-06-23 09:56:08,3290.95,232681
2021-06-23 09:56:09,3290.95,232748
2021-06-23 09:56:10,3290.2,232829
2021-06-23 09:56:11,3290.95,232922
2021-06-23 09:56:12,3290.95,233067
2021-06-23 09:56:13,3290.15,233124
2021-06-23 09:56:14,3290.15,233133
2021-06-23 09:56:16,3290.5,233134
2021-06-23 09:56:17,3290.5,233172
2021-06-23 09:56:17,3290.9,233155
2021-06-23 09:56:18,3290.5,233174
2021-06-23 09:56:20,3290.5,233176
2021-06-23 09:56:20,3290.5,233176
2021-06-23 09:56:21,3290.85,233373
2021-06-23 09:56:23,3290.85,233478
2021-06-23 09:56:28,3290.5,234792
2021-06-23 09:56:28,3290.0,233791
2021-06-23 09:56:30,3290.5,234870
2021-06-23 09:56:30,3290.5,234904
2021-06-23 09:56:31,3290.5,234986
2021-06-23 09:56:32,3290.5,235043
2021-06-23 09:56:33,3290.5,235097
2021-06-23 09:56:34,3290.5,235188
2021-06-23 09:56:35,3290.0,235252
2021-06-23 09:56:36,3290.5,235395
2021-06-23 09:56:38,3290.5,235603
2021-06-23 09:56:39,3290.05,235634
2021-06-23 09:56:40,3290.5,235641
2021-06-23 09:56:41,3290.15,235682
2021-06-23 09:56:42,3290.5,235719
2021-06-23 09:56:43,3290.4,235846
2021-06-23 09:56:44,3290.5,236077
2021-06-23 09:56:45,3290.85,236194
2021-06-23 09:56:46,3291.15,236366
2021-06-23 09:56:47,3291.15,236391
2021-06-23 09:56:48,3291.4,236460
2021-06-23 09:56:49,3291.4,236488
2021-06-23 09:56:50,3290.6,236595
2021-06-23 09:56:52,3290.6,236717
2021-06-23 09:56:53,3291.05,237001
2021-06-23 09:56:54,3291.4,237056
2021-06-23 09:56:55,3291.0,237074
2021-06-23 09:56:56,3291.4,237138
2021-06-23 09:56:57,3291.15,237145
2021-06-23 09:56:58,3291.1,237198
2021-06-23 09:56:59,3291.65,237392
2021-06-23 09:57:01,3292.95,237770
2021-06-23 09:57:01,3292.0,237771
2021-06-23 09:57:02,3292.0,237921
2021-06-23 09:57:04,3292.0,238018
2021-06-23 09:57:06,3292.0,238041
2021-06-23 09:57:07,3292.0,238142
2021-06-23 09:57:09,3294.0,238689
2021-06-23 09:57:09,3292.05,238715
2021-06-23 09:57:11,3292.0,239089
2021-06-23 09:57:11,3293.9,239019
2021-06-23 09:57:12,3292.1,239143
2021-06-23 09:57:13,3292.45,239931
2021-06-23 09:57:14,3292.4,240092
2021-06-23 09:57:15,3292.0,240226
2021-06-23 09:57:16,3292.0,240421
2021-06-23 09:57:18,3292.6,240789
2021-06-23 09:57:18,3291.1,240799
2021-06-23 09:57:20,3291.05,240808
2021-06-23 09:57:20,3291.0,240847
2021-06-23 09:57:22,3292.0,240953
2021-06-23 09:57:23,3291.0,240969
2021-06-23 09:57:24,3292.1,240983
2021-06-23 09:57:24,3291.0,240985
2021-06-23 09:57:25,3292.1,241102
2021-06-23 09:57:26,3292.1,241156
2021-06-23 09:57:27,3291.05,241164
2021-06-23 09:57:29,3292.0,241251
2021-06-23 09:57:29,3292.1,241265
2021-06-23 09:57:31,3291.0,241598
2021-06-23 09:57:32,3291.05,241649
2021-06-23 09:57:33,3291.0,242054
2021-06-23 09:57:34,3291.0,242115
2021-06-23 09:57:35,3291.0,242128
2021-06-23 09:57:36,3291.05,242131
2021-06-23 09:57:37,3291.05,242131
2021-06-23 09:57:38,3291.05,242513
2021-06-23 09:57:38,3291.0,242570
2021-06-23 09:57:39,3292.1,242884
2021-06-23 09:57:40,3291.55,242917
2021-06-23 09:57:41,3291.55,242981
2021-06-23 09:57:42,3292.0,243008
2021-06-23 09:57:44,3292.85,243015
2021-06-23 09:57:45,3292.85,243017
2021-06-23 09:57:46,3292.0,243219
2021-06-23 09:57:47,3291.9,243433
2021-06-23 09:57:47,3292.0,243361
2021-06-23 09:57:48,3291.9,243454
2021-06-23 09:57:50,3291.9,243510
2021-06-23 09:57:51,3292.0,243537
2021-06-23 09:57:52,3291.1,243541
2021-06-23 09:57:53,3291.95,243914
2021-06-23 09:57:54,3291.0,244199
2021-06-23 09:57:54,3291.95,244023
2021-06-23 09:57:55,3292.0,244528
2021-06-23 09:57:57,3291.2,244855
2021-06-23 09:57:58,3293.65,245921
2021-06-23 09:57:59,3292.05,245986
2021-06-23 09:57:59,3291.75,245995
2021-06-23 09:58:00,3291.7,246106
2021-06-23 09:58:01,3291.3,246122
2021-06-23 09:58:03,3291.15,246137
2021-06-23 09:58:03,3291.1,246187
2021-06-23 09:58:04,3291.3,246506
2021-06-23 09:58:05,3292.35,246899
2021-06-23 09:58:06,3291.95,247077
2021-06-23 09:58:07,3293.25,247214
2021-06-23 09:58:09,3292.85,247300
2021-06-23 09:58:10,3292.85,247412
2021-06-23 09:58:11,3292.85,247540
2021-06-23 09:58:12,3293.5,247603
2021-06-23 09:58:14,3295.0,247638
2021-06-23 09:58:15,3295.0,247644
2021-06-23 09:58:16,3295.55,247654
2021-06-23 09:58:18,3295.05,247971
2021-06-23 09:58:19,3295.05,247993
2021-06-23 09:58:20,3295.45,248077
2021-06-23 09:58:21,3295.45,248090
2021-06-23 09:58:21,3295.5,248092
2021-06-23 09:58:22,3296.45,248115
2021-06-23 09:58:24,3296.4,248173
2021-06-23 09:58:25,3296.25,248194
2021-06-23 09:58:26,3296.45,248266
2021-06-23 09:58:27,3296.6,248368
2021-06-23 09:58:29,3296.55,248484
2021-06-23 09:58:30,3296.45,248681
2021-06-23 09:58:30,3296.55,248743
2021-06-23 09:58:32,3296.55,248775
2021-06-23 09:58:33,3296.6,248851
2021-06-23 09:58:34,3296.55,248868
2021-06-23 09:58:35,3295.25,248919
2021-06-23 09:58:36,3295.2,249228
2021-06-23 09:58:37,3295.25,249369
2021-06-23 09:58:38,3295.25,249403
2021-06-23 09:58:39,3295.2,249408
2021-06-23 09:58:40,3295.2,249583
2021-06-23 09:58:41,3294.55,249746
2021-06-23 09:58:41,3294.8,249721
2021-06-23 09:58:42,3293.8,249857
2021-06-23 09:58:44,3295.25,250185
2021-06-23 09:58:45,3295.25,250235
2021-06-23 09:58:45,3294.2,250243
2021-06-23 09:58:47,3295.0,250245
2021-06-23 09:58:48,3295.0,250246
2021-06-23 09:58:49,3295.0,250246
2021-06-23 09:58:50,3295.0,250246
2021-06-23 09:58:51,3295.0,250246
2021-06-23 09:58:52,3293.85,250428
2021-06-23 09:58:53,3295.0,250631
2021-06-23 09:58:54,3295.0,250666
2021-06-23 09:58:54,3295.0,250672
2021-06-23 09:58:56,3295.0,250999
2021-06-23 09:58:57,3294.35,251018
2021-06-23 09:59:00,3294.75,251052
2021-06-23 09:59:01,3295.0,251087
2021-06-23 09:59:02,3295.0,251100
2021-06-23 09:59:04,3294.95,251111
2021-06-23 09:59:05,3294.75,251113
2021-06-23 09:59:06,3294.75,251116
2021-06-23 09:59:07,3294.75,251117
2021-06-23 09:59:08,3294.95,251218
2021-06-23 09:59:09,3294.95,251238
2021-06-23 09:59:10,3294.55,251424
2021-06-23 09:59:11,3294.75,251478
2021-06-23 09:59:12,3294.75,251486
2021-06-23 09:59:13,3294.75,251809
2021-06-23 09:59:14,3294.9,251859
2021-06-23 09:59:15,3294.9,251938
2021-06-23 09:59:16,3294.75,251950
2021-06-23 09:59:17,3294.9,251953
2021-06-23 09:59:18,3294.75,251972
2021-06-23 09:59:19,3294.75,251975
2021-06-23 09:59:20,3294.75,251976
2021-06-23 09:59:21,3294.9,252006
2021-06-23 09:59:22,3294.95,252011
2021-06-23 09:59:23,3294.55,252033
2021-06-23 09:59:24,3294.55,252041
2021-06-23 09:59:25,3294.0,252064
2021-06-23 09:59:26,3295.0,252077
2021-06-23 09:59:27,3295.0,252119
2021-06-23 09:59:28,3294.0,252125
2021-06-23 09:59:29,3294.1,252162
2021-06-23 09:59:29,3295.0,252157
2021-06-23 09:59:30,3295.0,252184
2021-06-23 09:59:32,3294.1,252187
2021-06-23 09:59:33,3294.1,252187
2021-06-23 09:59:34,3294.1,252187
2021-06-23 09:59:35,3295.0,252337
2021-06-23 09:59:36,3295.0,252506
2021-06-23 09:59:37,3294.75,252515
2021-06-23 09:59:38,3294.75,252540
2021-06-23 09:59:39,3295.0,252678
2021-06-23 09:59:39,3295.0,252699
2021-06-23 09:59:41,3295.25,252703
2021-06-23 09:59:42,3295.1,252706
2021-06-23 09:59:43,3295.25,252716
2021-06-23 09:59:44,3295.25,252730
2021-06-23 09:59:44,3295.25,252737
2021-06-23 09:59:45,3295.25,252826
2021-06-23 09:59:46,3295.25,252839
2021-06-23 09:59:48,3295.25,252841
2021-06-23 09:59:49,3295.25,252843
2021-06-23 09:59:50,3295.25,252843
2021-06-23 09:59:51,3295.25,252843
2021-06-23 09:59:52,3295.0,253025
2021-06-23 09:59:53,3295.15,253052
2021-06-23 09:59:54,3295.15,253056
2021-06-23 09:59:55,3295.15,253077
2021-06-23 09:59:56,3295.15,253229
2021-06-23 09:59:56,3295.15,253267
2021-06-23 09:59:57,3295.3,253304
2021-06-23 09:59:59,3295.0,253408
2021-06-23 10:00:00,3294.95,253474
2021-06-23 10:00:00,3294.95,253511
2021-06-23 10:00:01,3295.0,253716
2021-06-23 10:00:02,3294.95,253789
2021-06-23 10:00:04,3294.95,254000
2021-06-23 10:00:05,3294.0,254031
2021-06-23 10:00:06,3294.0,254036
2021-06-23 10:00:07,3294.0,254048
2021-06-23 10:00:08,3294.7,254068
2021-06-23 10:00:09,3294.6,254075
2021-06-23 10:00:09,3294.0,254072
2021-06-23 10:00:11,3294.6,254080
2021-06-23 10:00:11,3294.6,254080
2021-06-23 10:00:12,3293.45,254177
2021-06-23 10:00:17,3293.85,254207
2021-06-23 10:00:18,3293.85,254271
2021-06-23 10:00:19,3293.05,254313
2021-06-23 10:00:20,3292.8,254477
2021-06-23 10:00:21,3292.8,254490
2021-06-23 10:00:22,3292.75,254545
2021-06-23 10:00:23,3292.75,254563
2021-06-23 10:00:24,3292.8,254575
2021-06-23 10:00:25,3292.75,254617
2021-06-23 10:00:25,3292.8,254612
2021-06-23 10:00:27,3292.75,254618
2021-06-23 10:00:29,3293.1,254907
2021-06-23 10:00:30,3292.85,254945
2021-06-23 10:00:30,3293.2,254938
2021-06-23 10:00:31,3292.85,254946
2021-06-23 10:00:33,3293.2,254947
2021-06-23 10:00:36,3293.2,255104
2021-06-23 10:00:37,3293.0,255115
2021-06-23 10:00:38,3293.0,255132
2021-06-23 10:00:39,3293.2,255149
2021-06-23 10:00:40,3293.0,255152
2021-06-23 10:00:41,3293.2,255209
2021-06-23 10:00:42,3293.2,255368
2021-06-23 10:00:43,3293.2,255411
2021-06-23 10:00:44,3293.2,255423
2021-06-23 10:00:45,3293.2,255477
2021-06-23 10:00:46,3293.95,255570
2021-06-23 10:00:47,3293.1,255584
2021-06-23 10:00:48,3293.1,255586
2021-06-23 10:00:49,3293.1,255586
2021-06-23 10:00:50,3293.1,255586
2021-06-23 10:00:52,3293.95,255783
2021-06-23 10:00:53,3293.05,255811
2021-06-23 10:00:54,3293.05,255815
2021-06-23 10:00:55,3293.05,255816
2021-06-23 10:00:56,3293.05,255816
2021-06-23 10:00:57,3293.4,255844
2021-06-23 10:00:59,3293.05,255903
2021-06-23 10:01:00,3293.05,256027
2021-06-23 10:01:02,3292.9,256065
2021-06-23 10:01:01,3293.0,256060
2021-06-23 10:01:03,3293.05,256082
2021-06-23 10:01:04,3293.05,256173
2021-06-23 10:01:05,3293.95,256227
2021-06-23 10:01:06,3293.1,256235
2021-06-23 10:01:08,3293.15,256246
2021-06-23 10:01:09,3293.15,256246
2021-06-23 10:01:10,3293.15,256246
2021-06-23 10:01:11,3293.85,256252
2021-06-23 10:01:12,3293.15,256253
2021-06-23 10:01:13,3293.15,256253
2021-06-23 10:01:14,3293.15,256253
2021-06-23 10:01:15,3293.15,256398
2021-06-23 10:01:16,3293.15,256422
2021-06-23 10:01:17,3293.15,256423
2021-06-23 10:01:18,3293.0,256478
2021-06-23 10:01:19,3293.15,256496
2021-06-23 10:01:21,3293.0,256543
2021-06-23 10:01:20,3293.0,256528
2021-06-23 10:01:22,3292.75,256692
2021-06-23 10:01:23,3293.15,256724
2021-06-23 10:01:24,3292.75,256736
2021-06-23 10:01:25,3292.75,256912
2021-06-23 10:01:27,3292.5,256941
2021-06-23 10:01:28,3292.0,256945
2021-06-23 10:01:29,3292.0,256945
2021-06-23 10:01:30,3293.0,257040
2021-06-23 10:01:31,3293.0,257075
2021-06-23 10:01:32,3293.0,257081
2021-06-23 10:01:34,3293.15,257203
2021-06-23 10:01:33,3293.45,257193
2021-06-23 10:01:35,3292.5,257351
2021-06-23 10:01:36,3292.4,257502
2021-06-23 10:01:37,3293.0,257526
2021-06-23 10:01:38,3292.5,257529
2021-06-23 10:01:39,3292.2,257530
2021-06-23 10:01:40,3292.2,257530
2021-06-23 10:01:41,3292.2,257530
2021-06-23 10:01:42,3293.8,257993
2021-06-23 10:01:43,3292.65,258011
2021-06-23 10:01:44,3292.25,258065
2021-06-23 10:01:45,3292.2,258073
2021-06-23 10:01:46,3292.2,258074
2021-06-23 10:01:47,3292.65,258085
2021-06-23 10:01:48,3292.65,258088
2021-06-23 10:01:49,3292.65,258120
2021-06-23 10:01:50,3292.45,258133
2021-06-23 10:01:51,3292.45,258135
2021-06-23 10:01:52,3292.65,258197
2021-06-23 10:01:53,3292.35,258206
2021-06-23 10:01:55,3292.35,258410
2021-06-23 10:01:56,3292.2,258467
2021-06-23 10:01:57,3292.2,258475
2021-06-23 10:01:58,3293.85,258757
2021-06-23 10:01:59,3292.75,258897
2021-06-23 10:02:01,3292.55,258944
2021-06-23 10:02:02,3292.25,258955
2021-06-23 10:02:03,3292.25,258957
2021-06-23 10:02:04,3292.65,258983
2021-06-23 10:02:05,3292.2,258987
2021-06-23 10:02:06,3292.2,258987
2021-06-23 10:02:07,3292.65,259002
2021-06-23 10:02:08,3292.65,259055
2021-06-23 10:02:10,3292.65,259114
2021-06-23 10:02:09,3292.2,259063
2021-06-23 10:02:11,3292.85,259774
2021-06-23 10:02:12,3292.85,259898
2021-06-23 10:02:13,3292.85,259978
2021-06-23 10:02:14,3292.35,259990
2021-06-23 10:02:15,3292.2,259992
2021-06-23 10:02:16,3292.25,259994
2021-06-23 10:02:18,3292.25,259995
2021-06-23 10:02:17,3292.25,259995
2021-06-23 10:02:19,3293.95,260332
2021-06-23 10:02:20,3292.75,260382
2021-06-23 10:02:21,3292.6,260390
2021-06-23 10:02:22,3292.6,260391
2021-06-23 10:02:23,3292.6,260391
2021-06-23 10:02:24,3292.6,260391
2021-06-23 10:02:25,3292.6,260391
2021-06-23 10:02:26,3294.5,260706
2021-06-23 10:02:27,3294.45,260756
2021-06-23 10:02:28,3293.75,260764
2021-06-23 10:02:29,3293.75,260765
2021-06-23 10:02:30,3294.55,260822
2021-06-23 10:02:31,3293.75,260831
2021-06-23 10:02:32,3294.55,260942
2021-06-23 10:02:33,3293.75,261059
2021-06-23 10:02:34,3294.55,261077
2021-06-23 10:02:35,3293.6,261080
2021-06-23 10:02:36,3294.55,261083
2021-06-23 10:02:37,3293.6,261084
2021-06-23 10:02:38,3293.6,261084
2021-06-23 10:02:39,3294.45,261086
2021-06-23 10:02:40,3293.6,261096
2021-06-23 10:02:42,3293.6,261098
2021-06-23 10:02:42,3293.6,261098
2021-06-23 10:02:43,3294.45,261123
2021-06-23 10:02:44,3293.6,261127
2021-06-23 10:02:45,3293.6,261127
2021-06-23 10:02:46,3293.6,261127
2021-06-23 10:02:48,3293.7,261163
2021-06-23 10:02:48,3294.0,261168
2021-06-23 10:02:49,3294.0,261204
2021-06-23 10:02:51,3294.45,261215
2021-06-23 10:02:53,3294.0,261216
2021-06-23 10:02:53,3294.0,261216
2021-06-23 10:02:54,3293.7,261412
2021-06-23 10:02:55,3294.4,261449
2021-06-23 10:02:56,3293.5,263198
2021-06-23 10:02:57,3293.0,263276
2021-06-23 10:02:58,3292.95,263294
2021-06-23 10:02:59,3292.0,263540
2021-06-23 10:03:01,3292.7,263596
2021-06-23 10:03:01,3292.0,263605
2021-06-23 10:03:03,3292.1,263750
2021-06-23 10:03:04,3292.55,264084
2021-06-23 10:03:05,3292.1,264174
2021-06-23 10:03:06,3292.05,264193
2021-06-23 10:03:08,3292.05,264223
2021-06-23 10:03:09,3292.05,264264
2021-06-23 10:03:09,3292.0,264270
2021-06-23 10:03:10,3291.5,264577
2021-06-23 10:03:11,3291.2,264602
2021-06-23 10:03:12,3291.05,264868
2021-06-23 10:03:14,3291.05,265458
2021-06-23 10:03:15,3291.05,265496
2021-06-23 10:03:17,3291.0,265503
2021-06-23 10:03:17,3291.0,265502
2021-06-23 10:03:18,3291.0,265503
2021-06-23 10:03:19,3291.05,265564
2021-06-23 10:03:20,3291.05,265660
2021-06-23 10:03:21,3291.05,265714
2021-06-23 10:03:22,3291.0,265743
2021-06-23 10:03:24,3291.0,265771
2021-06-23 10:03:24,3291.0,265775
2021-06-23 10:03:25,3290.5,265882
2021-06-23 10:03:26,3290.05,266134
2021-06-23 10:03:27,3290.95,266190
2021-06-23 10:03:29,3290.05,266439
2021-06-23 10:03:30,3290.95,266503
2021-06-23 10:03:31,3290.95,266678
2021-06-23 10:03:32,3290.95,266705
2021-06-23 10:03:33,3290.95,267012
2021-06-23 10:03:35,3290.1,267085
2021-06-23 10:03:35,3290.1,267096
2021-06-23 10:03:36,3290.1,267234
2021-06-23 10:03:37,3290.95,267270
2021-06-23 10:03:38,3290.1,267275
2021-06-23 10:03:40,3290.95,267350
2021-06-23 10:03:40,3290.15,267297
2021-06-23 10:03:41,3290.15,267358
2021-06-23 10:03:42,3290.15,267378
2021-06-23 10:03:44,3290.2,267402
2021-06-23 10:03:45,3290.95,267418
2021-06-23 10:03:46,3290.95,267455
2021-06-23 10:03:48,3290.15,267519
2021-06-23 10:03:48,3290.25,267528
2021-06-23 10:03:49,3290.25,267530
2021-06-23 10:03:50,3290.25,267535
2021-06-23 10:03:51,3290.25,267538
2021-06-23 10:03:52,3290.25,267561
2021-06-23 10:03:53,3290.8,267572
2021-06-23 10:03:55,3290.25,267573
2021-06-23 10:03:55,3290.25,267573
2021-06-23 10:03:56,3290.25,267573
2021-06-23 10:03:57,3290.25,267573
2021-06-23 10:03:58,3290.05,267760
2021-06-23 10:03:59,3290.05,267761
2021-06-23 10:04:00,3290.05,267810
2021-06-23 10:04:01,3290.05,267818
2021-06-23 10:04:02,3290.05,267822
2021-06-23 10:04:04,3290.25,267872
2021-06-23 10:04:04,3290.05,267866
2021-06-23 10:04:05,3290.45,267910
2021-06-23 10:04:06,3290.45,267922
2021-06-23 10:04:07,3290.0,268049
2021-06-23 10:04:09,3290.25,268078
2021-06-23 10:04:09,3290.25,268180
2021-06-23 10:04:11,3290.0,268195
2021-06-23 10:04:12,3290.0,268200
2021-06-23 10:04:12,3290.0,268200
2021-06-23 10:04:13,3290.0,268200
2021-06-23 10:04:14,3290.0,268352
2021-06-23 10:04:15,3290.0,268375
2021-06-23 10:04:20,3289.45,269763
2021-06-23 10:04:21,3289.25,269834
2021-06-23 10:04:21,3289.45,269839
2021-06-23 10:04:23,3288.6,270577
2021-06-23 10:04:23,3288.3,270586
2021-06-23 10:04:24,3288.3,270650
2021-06-23 10:04:25,3288.95,270688
2021-06-23 10:04:26,3288.35,271012
2021-06-23 10:04:29,3288.0,271300
2021-06-23 10:04:30,3288.35,271321
2021-06-23 10:04:31,3288.35,271655
2021-06-23 10:04:33,3288.35,271655
2021-06-23 10:04:33,3288.15,271665
2021-06-23 10:04:34,3288.0,271954
2021-06-23 10:04:35,3288.0,271954
2021-06-23 10:04:36,3288.0,272508
2021-06-23 10:04:37,3287.0,272555
2021-06-23 10:04:38,3287.6,272652
2021-06-23 10:04:40,3287.6,272692
2021-06-23 10:04:40,3287.6,272692
2021-06-23 10:04:41,3287.55,272793
2021-06-23 10:04:42,3287.55,272863
2021-06-23 10:04:43,3287.6,272932
2021-06-23 10:04:44,3287.55,272968
2021-06-23 10:04:45,3287.55,272979
2021-06-23 10:04:46,3287.6,273005
2021-06-23 10:04:48,3287.6,273010
2021-06-23 10:04:48,3287.6,273010
2021-06-23 10:04:49,3287.55,273023
2021-06-23 10:04:50,3287.55,273079
2021-06-23 10:04:52,3287.55,273080
2021-06-23 10:04:53,3287.55,273082
2021-06-23 10:04:53,3287.2,273085
2021-06-23 10:04:54,3287.2,273093
2021-06-23 10:04:55,3287.5,273094
2021-06-23 10:04:56,3287.55,273124
2021-06-23 10:04:58,3287.5,273270
2021-06-23 10:04:59,3287.0,273348
2021-06-23 10:05:00,3286.4,273457
2021-06-23 10:05:00,3286.35,273437
2021-06-23 10:05:01,3286.4,273457
2021-06-23 10:05:02,3287.45,274163
2021-06-23 10:05:04,3286.8,274245
2021-06-23 10:05:05,3286.8,274247
2021-06-23 10:05:06,3286.5,274254
2021-06-23 10:05:06,3286.8,274251
2021-06-23 10:05:07,3286.65,274261
2021-06-23 10:05:08,3286.5,274266
2021-06-23 10:05:10,3286.5,274278
2021-06-23 10:05:11,3286.65,274347
2021-06-23 10:05:11,3286.5,274357
2021-06-23 10:05:12,3286.65,274843
2021-06-23 10:05:13,3287.55,275219
2021-06-23 10:05:15,3287.45,275355
2021-06-23 10:05:16,3286.75,275421
2021-06-23 10:05:17,3286.75,275456
2021-06-23 10:05:17,3286.75,275461
2021-06-23 10:05:19,3286.75,275557
2021-06-23 10:05:20,3286.75,275563
2021-06-23 10:05:21,3287.45,275601
2021-06-23 10:05:22,3287.45,275614
2021-06-23 10:05:24,3287.0,275805
2021-06-23 10:05:25,3287.35,275950
2021-06-23 10:05:26,3287.0,276260
2021-06-23 10:05:26,3287.0,276307
2021-06-23 10:05:27,3287.0,276349
2021-06-23 10:05:29,3287.2,276426
2021-06-23 10:05:30,3287.0,276462
2021-06-23 10:05:31,3287.0,276467
2021-06-23 10:05:32,3287.0,276487
2021-06-23 10:05:34,3287.0,276496
2021-06-23 10:05:36,3287.0,276512
2021-06-23 10:05:38,3287.0,276514
2021-06-23 10:05:38,3287.15,276515
2021-06-23 10:05:40,3287.15,276515
2021-06-23 10:05:41,3287.15,276550
2021-06-23 10:05:41,3287.0,276555
2021-06-23 10:05:42,3287.15,276705
2021-06-23 10:05:43,3287.15,276729
2021-06-23 10:05:44,3287.15,277040
2021-06-23 10:05:45,3287.0,277087
2021-06-23 10:05:46,3287.0,277094
2021-06-23 10:05:47,3287.0,277095
2021-06-23 10:05:48,3287.15,277117
2021-06-23 10:05:50,3287.15,277152
2021-06-23 10:05:50,3287.0,277168
2021-06-23 10:05:51,3287.15,277181
2021-06-23 10:05:52,3287.0,277235
2021-06-23 10:05:53,3287.15,277257
2021-06-23 10:05:54,3287.15,277261
2021-06-23 10:05:55,3287.15,277267
2021-06-23 10:05:56,3287.15,277288
2021-06-23 10:05:57,3287.15,277391
2021-06-23 10:05:59,3287.55,278844
2021-06-23 10:06:00,3288.25,279322
2021-06-23 10:06:02,3288.55,279355
2021-06-23 10:06:02,3289.85,279513
2021-06-23 10:06:04,3288.2,279537
2021-06-23 10:06:05,3288.3,279540
2021-06-23 10:06:06,3289.75,279837
2021-06-23 10:06:06,3288.35,279881
2021-06-23 10:06:07,3288.35,279909
2021-06-23 10:06:08,3289.65,279912
2021-06-23 10:06:09,3288.35,279916
2021-06-23 10:06:10,3289.65,279917
2021-06-23 10:06:11,3288.35,279921
2021-06-23 10:06:13,3289.75,279932
2021-06-23 10:06:13,3289.65,279942
2021-06-23 10:06:15,3288.5,279945
2021-06-23 10:06:16,3288.5,279945
2021-06-23 10:06:18,3288.95,279972
2021-06-23 10:06:18,3288.95,280012
2021-06-23 10:06:19,3288.45,280018
2021-06-23 10:06:20,3288.95,280028
2021-06-23 10:06:21,3288.45,280029
2021-06-23 10:06:22,3288.95,280349
2021-06-23 10:06:23,3288.45,280397
2021-06-23 10:06:24,3288.45,280404
2021-06-23 10:06:25,3288.45,280406
2021-06-23 10:06:26,3288.45,280406
2021-06-23 10:06:27,3288.45,280406
2021-06-23 10:06:28,3288.5,280711
2021-06-23 10:06:29,3288.5,280739
2021-06-23 10:06:30,3289.5,280771
2021-06-23 10:06:31,3288.55,280779
2021-06-23 10:06:34,3288.55,280807
2021-06-23 10:06:35,3289.0,280845
2021-06-23 10:06:36,3289.0,280851
2021-06-23 10:06:37,3289.0,280852
2021-06-23 10:06:38,3289.25,280890
2021-06-23 10:06:38,3289.5,280915
2021-06-23 10:06:39,3289.5,280964
2021-06-23 10:06:41,3289.5,280975
2021-06-23 10:06:41,3289.25,280976
2021-06-23 10:06:42,3291.85,281730
2021-06-23 10:06:43,3291.7,282318
2021-06-23 10:06:45,3291.15,282502
2021-06-23 10:06:46,3289.75,282518
2021-06-23 10:06:46,3291.0,282732
2021-06-23 10:06:47,3289.6,282764
2021-06-23 10:06:49,3289.65,282907
2021-06-23 10:06:51,3290.0,282910
2021-06-23 10:06:52,3291.0,282920
2021-06-23 10:06:53,3290.15,282937
2021-06-23 10:06:53,3291.1,282941
2021-06-23 10:06:54,3290.15,282942
2021-06-23 10:06:56,3291.0,282965
2021-06-23 10:06:57,3290.15,283010
2021-06-23 10:06:58,3290.15,283020
2021-06-23 10:07:00,3291.0,283140
2021-06-23 10:07:01,3291.0,283201
2021-06-23 10:07:02,3291.15,283220
2021-06-23 10:07:04,3291.15,283401
2021-06-23 10:07:07,3291.05,283440
2021-06-23 10:07:07,3291.05,283440
2021-06-23 10:07:08,3291.15,283460
2021-06-23 10:07:09,3291.15,283488
2021-06-23 10:07:11,3291.05,283551
2021-06-23 10:07:12,3291.05,283792
2021-06-23 10:07:12,3291.15,283761
2021-06-23 10:07:14,3291.0,283905
2021-06-23 10:07:14,3291.05,283807
2021-06-23 10:07:15,3291.15,283960
2021-06-23 10:07:16,3291.15,283973
2021-06-23 10:07:17,3291.15,284009
2021-06-23 10:07:18,3291.05,284019
2021-06-23 10:07:20,3291.05,284103
2021-06-23 10:07:22,3291.15,284185
2021-06-23 10:07:23,3291.15,284228
2021-06-23 10:07:24,3291.0,284234
2021-06-23 10:07:25,3291.15,284250
2021-06-23 10:07:26,3291.0,284252
2021-06-23 10:07:27,3291.15,284254
2021-06-23 10:07:28,3291.15,284255
2021-06-23 10:07:29,3291.05,284256
2021-06-23 10:07:30,3291.15,284282
2021-06-23 10:07:31,3291.15,284289
2021-06-23 10:07:31,3291.05,284290
2021-06-23 10:07:33,3291.05,284299
2021-06-23 10:07:34,3291.15,284303
2021-06-23 10:07:35,3291.15,284338
2021-06-23 10:07:36,3291.05,284350
2021-06-23 10:07:37,3291.05,284354
2021-06-23 10:07:38,3291.15,284568
2021-06-23 10:07:39,3291.15,284813
2021-06-23 10:07:40,3291.15,284852
2021-06-23 10:07:41,3291.1,284858
2021-06-23 10:07:42,3291.15,284860
2021-06-23 10:07:42,3291.1,284863
2021-06-23 10:07:44,3291.15,284928
2021-06-23 10:07:44,3291.15,284940
2021-06-23 10:07:46,3291.1,284983
2021-06-23 10:07:47,3291.05,285105
2021-06-23 10:07:47,3291.15,285089
2021-06-23 10:07:48,3291.4,285429
2021-06-23 10:07:51,3289.5,288276
2021-06-23 10:07:52,3289.0,288319
2021-06-23 10:07:52,3288.95,288334
2021-06-23 10:07:53,3288.5,288419
2021-06-23 10:07:54,3288.1,288423
2021-06-23 10:07:55,3288.0,288564
2021-06-23 10:07:57,3288.0,288605
2021-06-23 10:07:57,3287.35,288611
2021-06-23 10:07:59,3288.0,288613
2021-06-23 10:08:00,3288.0,288615
2021-06-23 10:08:01,3288.0,288635
2021-06-23 10:08:02,3288.0,288663
2021-06-23 10:08:02,3287.35,288666
2021-06-23 10:08:03,3288.0,288669
2021-06-23 10:08:05,3287.3,288701
2021-06-23 10:08:05,3287.3,288706
2021-06-23 10:08:06,3287.35,288707
2021-06-23 10:08:08,3288.0,288713
2021-06-23 10:08:08,3287.3,288714
2021-06-23 10:08:10,3287.25,288715
2021-06-23 10:08:11,3287.25,288815
2021-06-23 10:08:12,3287.25,288830
2021-06-23 10:08:13,3287.1,289056
2021-06-23 10:08:14,3287.1,289073
2021-06-23 10:08:14,3287.0,289149
2021-06-23 10:08:15,3286.95,289176
2021-06-23 10:08:16,3287.0,289285
2021-06-23 10:08:17,3286.95,289302
2021-06-23 10:08:18,3286.95,289304
2021-06-23 10:08:19,3287.0,289414
2021-06-23 10:08:20,3287.0,289734
2021-06-23 10:08:22,3286.95,289783
2021-06-23 10:08:22,3286.8,289790
2021-06-23 10:08:24,3286.95,289807
2021-06-23 10:08:25,3286.75,289810
2021-06-23 10:08:26,3286.75,289810
2021-06-23 10:08:27,3286.75,289826
2021-06-23 10:08:28,3286.55,289833
2021-06-23 10:08:29,3286.95,290036
2021-06-23 10:08:30,3286.55,290063
2021-06-23 10:08:31,3286.55,290092
2021-06-23 10:08:32,3286.95,290443
2021-06-23 10:08:33,3286.55,290522
2021-06-23 10:08:34,3290.7,291536
2021-06-23 10:08:35,3289.7,291682
2021-06-23 10:08:36,3289.6,292015
2021-06-23 10:08:37,3289.6,292065
2021-06-23 10:08:38,3289.4,292088
2021-06-23 10:08:39,3289.65,292121
2021-06-23 10:08:40,3289.65,292138
2021-06-23 10:08:40,3290.7,292136
2021-06-23 10:08:42,3290.7,292144
2021-06-23 10:08:43,3289.65,292145
2021-06-23 10:08:43,3289.65,292145
2021-06-23 10:08:44,3290.2,292149
2021-06-23 10:08:45,3290.2,292149
2021-06-23 10:08:46,3290.2,292159
2021-06-23 10:08:47,3290.0,292165
2021-06-23 10:08:48,3289.9,292176
2021-06-23 10:08:50,3289.95,292185
2021-06-23 10:08:51,3289.9,292222
2021-06-23 10:08:52,3290.0,292260
2021-06-23 10:08:53,3289.9,292311
2021-06-23 10:08:54,3289.65,292320
2021-06-23 10:08:55,3289.65,292321
2021-06-23 10:08:55,3289.65,292321
2021-06-23 10:08:56,3289.65,292454
2021-06-23 10:08:57,3288.6,292475
2021-06-23 10:08:59,3289.8,292510
2021-06-23 10:09:00,3288.6,292785
2021-06-23 10:09:01,3288.4,292878
2021-06-23 10:09:01,3289.75,292866
2021-06-23 10:09:02,3288.4,292904
2021-06-23 10:09:03,3288.4,292908
2021-06-23 10:09:05,3288.4,292915
2021-06-23 10:09:06,3288.2,292916
2021-06-23 10:09:07,3288.2,292935
2021-06-23 10:09:08,3288.15,292973
2021-06-23 10:09:09,3288.15,293297
2021-06-23 10:09:09,3288.6,293255
2021-06-23 10:09:10,3288.2,293303
2021-06-23 10:09:11,3288.6,293540
2021-06-23 10:09:13,3288.05,293604
2021-06-23 10:09:14,3287.65,293607
2021-06-23 10:09:15,3288.6,293624
2021-06-23 10:09:16,3287.15,293877
2021-06-23 10:09:17,3288.5,293916
2021-06-23 10:09:18,3287.1,293972
2021-06-23 10:09:20,3287.65,293992
2021-06-23 10:09:19,3287.65,293990
2021-06-23 10:09:21,3288.0,293994
2021-06-23 10:09:22,3287.2,294114
2021-06-23 10:09:23,3287.2,294132
2021-06-23 10:09:25,3287.7,294143
2021-06-23 10:09:29,3288.15,294150
2021-06-23 10:09:30,3288.4,294222
2021-06-23 10:09:31,3288.4,294263
2021-06-23 10:09:31,3287.7,294269
2021-06-23 10:09:32,3288.4,294281
2021-06-23 10:09:34,3288.4,294288
2021-06-23 10:09:35,3287.7,294289
2021-06-23 10:09:36,3288.15,294291
2021-06-23 10:09:37,3287.7,294313
2021-06-23 10:09:38,3287.7,294322
2021-06-23 10:09:39,3287.7,294323
2021-06-23 10:09:40,3287.7,294323
2021-06-23 10:09:41,3288.75,294798
2021-06-23 10:09:42,3288.15,294877
2021-06-23 10:09:43,3288.15,294888
2021-06-23 10:09:44,3288.75,294908
2021-06-23 10:09:45,3288.15,294911
2021-06-23 10:09:46,3288.15,294912
2021-06-23 10:09:47,3288.75,294947
2021-06-23 10:09:47,3288.3,294952
2021-06-23 10:09:49,3288.3,294953
2021-06-23 10:09:49,3288.3,294953
2021-06-23 10:09:51,3288.75,295040
2021-06-23 10:09:52,3288.25,295085
2021-06-23 10:09:53,3288.25,295088
2021-06-23 10:09:54,3288.2,295092
2021-06-23 10:09:55,3288.2,295093
2021-06-23 10:09:56,3288.2,295093
2021-06-23 10:09:56,3288.75,295187
2021-06-23 10:09:58,3288.75,295206
2021-06-23 10:09:59,3288.75,295224
2021-06-23 10:10:00,3288.75,295247
2021-06-23 10:10:01,3288.3,295266
2021-06-23 10:10:02,3288.3,295269
2021-06-23 10:10:03,3288.3,295314
2021-06-23 10:10:03,3288.3,295321
2021-06-23 10:10:04,3288.75,295334
2021-06-23 10:10:06,3288.75,295355
2021-06-23 10:10:07,3288.75,295388
2021-06-23 10:10:08,3288.9,295393
2021-06-23 10:10:09,3288.3,295459
2021-06-23 10:10:10,3289.0,295519
2021-06-23 10:10:11,3288.75,295674
2021-06-23 10:10:12,3288.75,295685
2021-06-23 10:10:13,3288.25,295699
2021-06-23 10:10:14,3289.0,295707
2021-06-23 10:10:15,3289.0,295708
2021-06-23 10:10:16,3288.9,295773
2021-06-23 10:10:17,3288.9,295783
2021-06-23 10:10:18,3288.9,295784
2021-06-23 10:10:19,3289.45,295847
2021-06-23 10:10:20,3288.9,295856
2021-06-23 10:10:20,3289.05,295858
2021-06-23 10:10:21,3289.45,295871
2021-06-23 10:10:23,3288.9,295876
2021-06-23 10:10:24,3288.9,295886
2021-06-23 10:10:25,3289.05,295904
2021-06-23 10:10:26,3289.05,295942
2021-06-23 10:10:27,3289.05,296017
2021-06-23 10:10:28,3288.95,296028
2021-06-23 10:10:29,3288.95,296030
2021-06-23 10:10:29,3289.05,296035
2021-06-23 10:10:31,3288.95,296067
2021-06-23 10:10:32,3289.05,296076
2021-06-23 10:10:33,3288.95,296077
2021-06-23 10:10:34,3288.95,296077
2021-06-23 10:10:36,3288.95,296077
2021-06-23 10:10:37,3289.05,296078
2021-06-23 10:10:38,3288.95,296079
2021-06-23 10:10:39,3289.05,296083
2021-06-23 10:10:40,3288.95,296240
2021-06-23 10:10:42,3288.95,296300
2021-06-23 10:10:41,3288.95,296291
2021-06-23 10:10:43,3288.9,296408
2021-06-23 10:10:44,3289.0,296439
2021-06-23 10:10:46,3289.2,296482
2021-06-23 10:10:47,3289.0,296486
2021-06-23 10:10:48,3289.0,296487
2021-06-23 10:10:49,3289.0,296487
2021-06-23 10:10:50,3289.0,296487
2021-06-23 10:10:51,3289.0,296532
2021-06-23 10:10:52,3288.9,296541
2021-06-23 10:10:53,3289.0,296560
2021-06-23 10:10:54,3289.0,296565
2021-06-23 10:10:55,3289.0,296629
2021-06-23 10:10:55,3289.0,296647
2021-06-23 10:10:56,3289.0,296651
2021-06-23 10:10:57,3289.0,296653
2021-06-23 10:10:59,3288.9,296733
2021-06-23 10:11:01,3288.45,296891
2021-06-23 10:11:02,3288.25,296901
2021-06-23 10:11:03,3288.25,296903
2021-06-23 10:11:04,3288.45,296928
2021-06-23 10:11:05,3288.7,296939
2021-06-23 10:11:06,3288.8,296961
2021-06-23 10:11:08,3288.7,296964
2021-06-23 10:11:08,3288.7,296965
2021-06-23 10:11:10,3288.2,297064
2021-06-23 10:11:11,3287.2,297746
2021-06-23 10:11:12,3287.0,297832
2021-06-23 10:11:13,3288.3,297950
2021-06-23 10:11:14,3288.4,298018
2021-06-23 10:11:15,3287.0,298029
2021-06-23 10:11:16,3287.0,298030
2021-06-23 10:11:17,3286.95,298036
2021-06-23 10:11:19,3288.0,298098
2021-06-23 10:11:20,3287.05,298103
2021-06-23 10:11:22,3288.0,298113
2021-06-23 10:11:25,3287.05,298300
2021-06-23 10:11:26,3288.0,298311
2021-06-23 10:11:27,3287.0,298313
2021-06-23 10:11:28,3288.0,298404
2021-06-23 10:11:29,3287.35,298418
2021-06-23 10:11:30,3288.0,298725
2021-06-23 10:11:31,3286.6,298896
2021-06-23 10:11:32,3288.4,298982
2021-06-23 10:11:33,3286.7,299191
2021-06-23 10:11:34,3287.2,299241
2021-06-23 10:11:35,3287.2,299332
2021-06-23 10:11:36,3288.8,299366
2021-06-23 10:11:37,3288.0,299386
2021-06-23 10:11:38,3287.45,299410
2021-06-23 10:11:39,3288.45,299513
2021-06-23 10:11:40,3286.85,299529
2021-06-23 10:11:41,3288.0,299539
2021-06-23 10:11:42,3288.6,299613
2021-06-23 10:11:43,3288.85,299806
2021-06-23 10:11:44,3288.45,299848
2021-06-23 10:11:45,3287.65,299881
2021-06-23 10:11:46,3287.1,299886
2021-06-23 10:11:47,3287.65,299906
2021-06-23 10:11:48,3287.65,299932
2021-06-23 10:11:49,3287.65,299954
2021-06-23 10:11:50,3287.65,300005
2021-06-23 10:11:52,3287.2,300220
2021-06-23 10:11:53,3287.65,300252
2021-06-23 10:11:54,3287.2,300262
2021-06-23 10:11:57,3287.25,300264
2021-06-23 10:11:58,3287.65,300275
2021-06-23 10:12:00,3287.65,300566
2021-06-23 10:12:01,3287.65,300581
2021-06-23 10:12:02,3287.2,300583
2021-06-23 10:12:03,3287.2,300583
2021-06-23 10:12:05,3287.2,300583
2021-06-23 10:12:06,3287.2,300583
2021-06-23 10:12:08,3287.2,300595
2021-06-23 10:12:09,3287.65,300613
2021-06-23 10:12:10,3287.65,300626
2021-06-23 10:12:11,3287.2,300628
2021-06-23 10:12:12,3287.2,300628
2021-06-23 10:12:13,3287.2,300677
2021-06-23 10:12:14,3287.0,300684
2021-06-23 10:12:15,3286.5,301090
2021-06-23 10:12:16,3286.4,301245
2021-06-23 10:12:17,3286.4,301269
2021-06-23 10:12:18,3286.95,301292
2021-06-23 10:12:19,3287.0,301405
2021-06-23 10:12:20,3286.4,301417
2021-06-23 10:12:21,3286.25,301423
2021-06-23 10:12:23,3286.25,301454
2021-06-23 10:12:24,3286.2,301456
2021-06-23 10:12:25,3286.2,301456
2021-06-23 10:12:27,3286.4,301457
2021-06-23 10:12:26,3286.4,301457
2021-06-23 10:12:28,3286.4,301478
2021-06-23 10:12:29,3286.25,301554
2021-06-23 10:12:31,3286.4,301729
2021-06-23 10:12:33,3286.2,301841
2021-06-23 10:12:34,3286.2,301853
2021-06-23 10:12:35,3286.4,301902
2021-06-23 10:12:36,3286.0,302009
2021-06-23 10:12:37,3286.0,302025
2021-06-23 10:12:38,3286.0,302145
2021-06-23 10:12:39,3286.85,302191
2021-06-23 10:12:40,3286.95,302302
2021-06-23 10:12:41,3286.4,302342
2021-06-23 10:12:42,3286.85,302550
2021-06-23 10:12:43,3286.0,302581
2021-06-23 10:12:44,3286.0,302728
2021-06-23 10:12:45,3286.0,302750
2021-06-23 10:12:47,3286.0,302756
2021-06-23 10:12:46,3286.0,302755
2021-06-23 10:12:48,3286.75,302774
2021-06-23 10:12:49,3286.75,302814
2021-06-23 10:12:50,3286.0,302820
2021-06-23 10:12:51,3286.75,302826
2021-06-23 10:12:52,3286.0,302830
2021-06-23 10:12:53,3286.0,302830
2021-06-23 10:12:54,3286.75,302930
2021-06-23 10:12:55,3286.0,302945
2021-06-23 10:12:56,3286.75,303049
2021-06-23 10:12:57,3286.75,303118
2021-06-23 10:12:58,3286.0,303214
2021-06-23 10:12:59,3286.75,303278
2021-06-23 10:13:00,3286.75,303308
2021-06-23 10:13:01,3286.0,303312
2021-06-23 10:13:03,3286.05,303357
2021-06-23 10:13:04,3287.6,303684
2021-06-23 10:13:05,3286.35,303866
2021-06-23 10:13:06,3286.3,303893
2021-06-23 10:13:07,3286.2,303912
2021-06-23 10:13:08,3287.0,303925
2021-06-23 10:13:09,3287.0,303945
2021-06-23 10:13:10,3287.0,303953
2021-06-23 10:13:11,3286.05,303954
2021-06-23 10:13:12,3286.05,303954
2021-06-23 10:13:13,3286.05,304119
2021-06-23 10:13:14,3286.05,304144
2021-06-23 10:13:15,3287.0,304150
2021-06-23 10:13:16,3287.0,304150
2021-06-23 10:13:17,3287.0,304574
2021-06-23 10:13:18,3287.0,304694
2021-06-23 10:13:19,3287.0,304709
2021-06-23 10:13:20,3287.0,304745
2021-06-23 10:13:21,3287.5,304797
2021-06-23 10:13:22,3287.5,304827
2021-06-23 10:13:23,3286.0,304832
2021-06-23 10:13:24,3287.45,304856
2021-06-23 10:13:25,3287.0,304860
2021-06-23 10:13:26,3286.05,304865
2021-06-23 10:13:27,3286.05,304883
2021-06-23 10:13:28,3287.45,304903
2021-06-23 10:13:29,3287.0,304924
2021-06-23 10:13:30,3287.0,305001
2021-06-23 10:13:33,3286.45,305014
2021-06-23 10:13:34,3287.0,305032
2021-06-23 10:13:34,3287.0,305085
2021-06-23 10:13:35,3287.0,305128
2021-06-23 10:13:36,3287.0,305144
2021-06-23 10:13:37,3287.0,305148
2021-06-23 10:13:38,3286.6,305171
2021-06-23 10:13:39,3287.0,305181
2021-06-23 10:13:40,3286.6,305182
2021-06-23 10:13:41,3286.6,305191
2021-06-23 10:13:42,3287.0,305211
2021-06-23 10:13:43,3286.6,305214
2021-06-23 10:13:44,3286.6,305214
2021-06-23 10:13:45,3287.6,305592
2021-06-23 10:13:46,3289.2,306004
2021-06-23 10:13:47,3288.65,306387
2021-06-23 10:13:48,3288.3,306884
2021-06-23 10:13:49,3289.15,306962
2021-06-23 10:13:50,3288.3,306973
2021-06-23 10:13:51,3288.3,306975
2021-06-23 10:13:52,3289.15,306979
2021-06-23 10:13:54,3289.15,306981
2021-06-23 10:13:55,3290.35,307422
2021-06-23 10:13:55,3289.25,307455
2021-06-23 10:13:56,3289.2,307493
2021-06-23 10:13:57,3289.7,307718
2021-06-23 10:13:58,3289.7,307752
2021-06-23 10:13:59,3289.6,307859
2021-06-23 10:14:00,3290.75,307895
2021-06-23 10:14:01,3289.7,307900
2021-06-23 10:14:02,3289.7,307901
2021-06-23 10:14:03,3289.7,307905
2021-06-23 10:14:04,3289.7,307906
2021-06-23 10:14:06,3290.95,307907
2021-06-23 10:14:07,3290.95,307914
2021-06-23 10:14:08,3289.65,307915
2021-06-23 10:14:09,3289.7,307917
2021-06-23 10:14:10,3290.9,308365
2021-06-23 10:14:11,3289.65,308382
2021-06-23 10:14:12,3290.85,308640
2021-06-23 10:14:13,3289.65,308653
2021-06-23 10:14:14,3290.95,308739
2021-06-23 10:14:16,3290.95,308802
2021-06-23 10:14:17,3290.15,308809
2021-06-23 10:14:18,3290.95,308813
2021-06-23 10:14:19,3290.95,308854
2021-06-23 10:14:20,3290.15,308861
2021-06-23 10:14:21,3290.15,308862
2021-06-23 10:14:22,3290.95,308863
2021-06-23 10:14:23,3290.95,308863
2021-06-23 10:14:24,3290.95,308869
2021-06-23 10:14:25,3290.15,308870
2021-06-23 10:14:26,3290.95,308939
2021-06-23 10:14:27,3290.95,308962
2021-06-23 10:14:28,3290.95,308988
2021-06-23 10:14:29,3290.15,309004
2021-06-23 10:14:30,3290.95,309031
2021-06-23 10:14:31,3290.15,309036
2021-06-23 10:14:32,3290.95,309072
2021-06-23 10:14:33,3290.15,309078
2021-06-23 10:14:34,3290.15,309079
2021-06-23 10:14:35,3290.05,309091
2021-06-23 10:14:36,3290.15,309282
2021-06-23 10:14:37,3289.6,309338
2021-06-23 10:14:38,3289.75,309456
2021-06-23 10:14:39,3289.7,309499
2021-06-23 10:14:40,3289.5,309523
2021-06-23 10:14:41,3288.05,309526
2021-06-23 10:14:42,3288.0,309527
2021-06-23 10:14:45,3287.7,309544
2021-06-23 10:14:44,3287.7,309542
2021-06-23 10:14:46,3288.0,309555
2021-06-23 10:14:48,3288.6,309878
2021-06-23 10:14:49,3288.0,309991
2021-06-23 10:14:50,3288.6,310042
2021-06-23 10:14:51,3287.35,310139
2021-06-23 10:14:52,3287.35,310154
2021-06-23 10:14:53,3287.0,310156
2021-06-23 10:14:54,3287.0,310156
2021-06-23 10:14:55,3287.0,310156
2021-06-23 10:14:56,3287.95,310162
2021-06-23 10:14:57,3287.95,310165
2021-06-23 10:14:58,3287.0,310166
2021-06-23 10:15:00,3287.8,310464
2021-06-23 10:15:01,3287.75,310518
2021-06-23 10:15:02,3286.45,310626
2021-06-23 10:15:03,3286.6,310684
2021-06-23 10:15:04,3287.65,310758
2021-06-23 10:15:05,3286.6,310791
2021-06-23 10:15:06,3287.75,310896
2021-06-23 10:15:07,3286.45,310959
2021-06-23 10:15:08,3287.55,311001
2021-06-23 10:15:09,3287.5,311020
2021-06-23 10:15:10,3286.25,311061
2021-06-23 10:15:11,3287.55,311396
2021-06-23 10:15:12,3286.1,311496
2021-06-23 10:15:13,3287.3,311561
2021-06-23 10:15:14,3285.55,312371
2021-06-23 10:15:16,3285.3,312778
2021-06-23 10:15:17,3285.65,312836
2021-06-23 10:15:18,3285.65,312859
2021-06-23 10:15:19,3285.0,314352
2021-06-23 10:15:20,3284.95,315364
2021-06-23 10:15:21,3285.0,315519
2021-06-23 10:15:24,3284.5,315588
2021-06-23 10:15:26,3284.5,315598
2021-06-23 10:15:27,3284.5,315598
2021-06-23 10:15:28,3284.5,315611
2021-06-23 10:15:29,3284.5,315664
2021-06-23 10:15:30,3284.5,315700
2021-06-23 10:15:34,3284.0,315872
2021-06-23 10:15:35,3284.5,315882
2021-06-23 10:15:35,3284.5,315883
2021-06-23 10:15:36,3284.5,315883
2021-06-23 10:15:37,3284.5,315884
2021-06-23 10:15:38,3284.5,316204
2021-06-23 10:15:39,3284.5,316243
2021-06-23 10:15:40,3284.5,316243
2021-06-23 10:15:41,3284.5,316243
2021-06-23 10:15:42,3284.5,316254
2021-06-23 10:15:43,3284.5,316254
2021-06-23 10:15:44,3284.5,316259
2021-06-23 10:15:45,3284.5,316259
2021-06-23 10:15:46,3284.0,316284
2021-06-23 10:15:47,3284.5,316384
2021-06-23 10:15:50,3284.5,316694
2021-06-23 10:15:51,3284.5,316810
2021-06-23 10:15:52,3284.5,316835
2021-06-23 10:15:53,3284.5,316840
2021-06-23 10:15:54,3284.5,316858
2021-06-23 10:15:55,3284.5,316947
2021-06-23 10:15:56,3284.0,317011
2021-06-23 10:15:57,3283.45,317363
2021-06-23 10:15:58,3283.4,317434
2021-06-23 10:15:59,3284.1,317438
2021-06-23 10:16:00,3284.15,317458
2021-06-23 10:16:01,3284.15,317458
2021-06-23 10:16:02,3284.75,317863
2021-06-23 10:16:03,3284.75,317952
2021-06-23 10:16:04,3284.45,317967
2021-06-23 10:16:05,3283.35,318009
2021-06-23 10:16:06,3283.35,318009
2021-06-23 10:16:07,3284.2,318053
2021-06-23 10:16:08,3284.15,318059
2021-06-23 10:16:09,3283.95,318064
2021-06-23 10:16:10,3283.95,318064
2021-06-23 10:16:11,3283.25,318070
2021-06-23 10:16:12,3285.0,318449
2021-06-23 10:16:13,3283.55,318460
2021-06-23 10:16:14,3283.55,318460
2021-06-23 10:16:15,3283.55,318536
2021-06-23 10:16:16,3283.5,318568
2021-06-23 10:16:17,3283.5,318568
2021-06-23 10:16:18,3283.5,318568
2021-06-23 10:16:19,3283.5,318568
2021-06-23 10:16:20,3284.55,318684
2021-06-23 10:16:21,3284.6,318709
2021-06-23 10:16:22,3284.6,318709
2021-06-23 10:16:23,3284.35,318710
2021-06-23 10:16:24,3284.35,318725
2021-06-23 10:16:25,3284.35,318729
2021-06-23 10:16:26,3284.6,318731
2021-06-23 10:16:27,3285.0,318758
2021-06-23 10:16:28,3285.25,318781
2021-06-23 10:16:29,3284.95,318890
2021-06-23 10:16:30,3284.75,319037
2021-06-23 10:16:31,3284.05,319059
