timestamp,ltp,volume
2021-06-23 09:16:28,1768.75,29835
2021-06-23 09:16:29,1768.75,29835
2021-06-23 09:16:31,1767.55,30066
2021-06-23 09:16:32,1768.6,30099
2021-06-23 09:16:33,1768.15,30197
2021-06-23 09:16:34,1768.4,30281
2021-06-23 09:16:35,1768.6,30359
2021-06-23 09:16:36,1769.0,30983
2021-06-23 09:16:37,1768.85,31361
2021-06-23 09:16:38,1768.9,31386
2021-06-23 09:16:38,1768.9,31386
2021-06-23 09:16:40,1767.75,31446
2021-06-23 09:16:41,1767.95,31662
2021-06-23 09:16:42,1769.05,31717
2021-06-23 09:16:43,1768.0,32748
2021-06-23 09:16:44,1768.4,32821
2021-06-23 09:16:45,1768.0,33010
2021-06-23 09:16:46,1768.0,33013
2021-06-23 09:16:47,1768.0,33195
2021-06-23 09:16:47,1768.0,33201
2021-06-23 09:16:48,1767.5,33481
2021-06-23 09:16:51,1767.45,34311
2021-06-23 09:16:53,1768.5,34328
2021-06-23 09:16:54,1768.5,34341
2021-06-23 09:16:57,1768.95,35002
2021-06-23 09:16:58,1768.8,35938
2021-06-23 09:17:00,1769.0,36231
2021-06-23 09:17:01,1769.0,36896
2021-06-23 09:17:02,1769.55,37163
2021-06-23 09:17:05,1769.55,37632
2021-06-23 09:17:06,1769.5,38126
2021-06-23 09:17:07,1767.8,38625
2021-06-23 09:17:07,1767.8,38625
2021-06-23 09:17:08,1769.15,38663
2021-06-23 09:17:10,1768.05,38817
2021-06-23 09:17:11,1768.95,38856
2021-06-23 09:17:13,1768.7,40169
2021-06-23 09:17:20,1770.5,43881
2021-06-23 09:17:22,1771.0,44042
2021-06-23 09:17:23,1771.15,44053
2021-06-23 09:17:24,1771.15,44054
2021-06-23 09:17:25,1771.15,44054
2021-06-23 09:17:25,1771.15,44054
2021-06-23 09:17:26,1770.8,44185
2021-06-23 09:17:28,1771.0,44480
2021-06-23 09:17:29,1771.0,44535
2021-06-23 09:17:30,1771.3,45277
2021-06-23 09:17:31,1770.15,45334
2021-06-23 09:17:32,1770.0,45653
2021-06-23 09:17:33,1770.05,45775
2021-06-23 09:17:33,1770.85,45825
2021-06-23 09:17:34,1770.4,46255
2021-06-23 09:17:35,1769.2,46584
2021-06-23 09:17:37,1770.2,46632
2021-06-23 09:17:38,1770.35,46884
2021-06-23 09:17:39,1769.95,46944
2021-06-23 09:17:42,1769.95,47070
2021-06-23 09:17:43,1769.05,47075
2021-06-23 09:17:44,1769.95,47101
2021-06-23 09:17:45,1770.0,47317
2021-06-23 09:17:46,1770.0,47353
2021-06-23 09:17:47,1770.7,47354
2021-06-23 09:17:48,1769.95,47389
2021-06-23 09:17:49,1769.25,47548
2021-06-23 09:17:50,1770.65,47768
2021-06-23 09:17:51,1770.65,47858
2021-06-23 09:17:52,1770.65,47858
2021-06-23 09:17:53,1769.4,47981
2021-06-23 09:17:54,1770.55,48594
2021-06-23 09:17:55,1770.4,48727
2021-06-23 09:17:56,1770.55,48954
2021-06-23 09:17:57,1770.0,48997
2021-06-23 09:17:58,1770.0,49050
2021-06-23 09:17:59,1769.5,49055
2021-06-23 09:18:00,1770.0,49056
2021-06-23 09:18:01,1770.0,49389
2021-06-23 09:18:02,1770.0,49429
2021-06-23 09:18:03,1770.35,49479
2021-06-23 09:18:04,1770.35,49533
2021-06-23 09:18:05,1770.4,49635
2021-06-23 09:18:06,1770.45,49659
2021-06-23 09:18:07,1770.0,49660
2021-06-23 09:18:08,1770.4,49711
2021-06-23 09:18:09,1770.45,49723
2021-06-23 09:18:10,1770.7,50392
2021-06-23 09:18:11,1770.75,50470
2021-06-23 09:18:12,1769.35,50827
2021-06-23 09:18:13,1769.45,50994
2021-06-23 09:18:14,1769.45,50994
2021-06-23 09:18:15,1769.5,51003
2021-06-23 09:18:16,1770.5,51040
2021-06-23 09:18:17,1770.5,51052
2021-06-23 09:18:18,1770.9,51152
2021-06-23 09:18:19,1770.4,51276
2021-06-23 09:18:20,1770.75,51537
2021-06-23 09:18:21,1772.0,54505
2021-06-23 09:18:22,1772.6,55330
2021-06-23 09:18:23,1774.2,57990
2021-06-23 09:18:24,1772.45,59366
2021-06-23 09:18:25,1773.75,60209
2021-06-23 09:18:26,1774.2,60647
2021-06-23 09:18:27,1774.2,60647
2021-06-23 09:18:28,1774.2,60697
2021-06-23 09:18:29,1774.05,61284
2021-06-23 09:18:30,1774.5,61409
2021-06-23 09:18:31,1774.3,62446
2021-06-23 09:18:32,1773.7,63086
2021-06-23 09:18:33,1773.25,63315
2021-06-23 09:18:34,1773.3,63347
2021-06-23 09:18:35,1774.5,63631
2021-06-23 09:18:37,1773.2,64175
2021-06-23 09:18:36,1773.2,64175
2021-06-23 09:18:38,1772.25,64854
2021-06-23 09:18:40,1773.95,65644
2021-06-23 09:18:41,1773.0,66428
2021-06-23 09:18:42,1773.2,66504
2021-06-23 09:18:43,1773.45,66927
2021-06-23 09:18:44,1773.3,67576
2021-06-23 09:18:45,1772.25,67928
2021-06-23 09:18:46,1773.25,67978
2021-06-23 09:18:48,1773.05,68141
2021-06-23 09:18:47,1772.05,68136
2021-06-23 09:18:49,1772.1,68198
2021-06-23 09:18:50,1772.75,68759
2021-06-23 09:18:51,1773.7,68859
2021-06-23 09:18:52,1772.45,69136
2021-06-23 09:18:53,1773.95,69236
2021-06-23 09:18:54,1772.55,69337
2021-06-23 09:18:55,1773.4,69503
2021-06-23 09:18:56,1772.85,70106
2021-06-23 09:18:57,1772.95,70175
2021-06-23 09:18:58,1773.0,70446
2021-06-23 09:18:59,1771.7,71055
2021-06-23 09:19:01,1772.85,71122
2021-06-23 09:19:00,1772.85,71122
2021-06-23 09:19:02,1771.35,71305
2021-06-23 09:19:03,1772.65,71312
2021-06-23 09:19:05,1773.0,71612
2021-06-23 09:19:06,1773.0,71657
2021-06-23 09:19:08,1773.95,74337
2021-06-23 09:19:09,1773.75,74347
2021-06-23 09:19:10,1774.0,74447
2021-06-23 09:19:11,1774.2,74715
2021-06-23 09:19:12,1774.6,75479
2021-06-23 09:19:13,1773.45,76011
2021-06-23 09:19:14,1774.75,76383
2021-06-23 09:19:15,1774.7,76449
2021-06-23 09:19:16,1773.75,76762
2021-06-23 09:19:17,1775.5,78664
2021-06-23 09:19:18,1775.5,78999
2021-06-23 09:19:19,1775.5,79022
2021-06-23 09:19:20,1775.8,80204
2021-06-23 09:19:21,1775.8,80477
2021-06-23 09:19:22,1775.95,81088
2021-06-23 09:19:23,1775.0,81212
2021-06-23 09:19:24,1775.95,81758
2021-06-23 09:19:25,1774.55,81901
2021-06-23 09:19:26,1775.35,81910
2021-06-23 09:19:27,1774.9,82153
2021-06-23 09:19:28,1776.0,82202
2021-06-23 09:19:29,1775.0,82392
2021-06-23 09:19:30,1774.6,82465
2021-06-23 09:19:31,1773.5,82641
2021-06-23 09:19:33,1774.9,82947
2021-06-23 09:19:35,1775.15,84027
2021-06-23 09:19:36,1775.0,84288
2021-06-23 09:19:37,1775.95,84316
2021-06-23 09:19:38,1775.0,84421
2021-06-23 09:19:39,1776.0,84720
2021-06-23 09:19:40,1776.35,85268
2021-06-23 09:19:41,1776.0,85862
2021-06-23 09:19:42,1777.85,87263
2021-06-23 09:19:45,1777.05,88821
2021-06-23 09:19:46,1777.1,89094
2021-06-23 09:19:47,1778.0,89505
2021-06-23 09:19:48,1778.0,89505
2021-06-23 09:19:49,1777.65,89655
2021-06-23 09:19:50,1777.7,89750
2021-06-23 09:19:51,1777.85,89942
2021-06-23 09:19:52,1778.75,91284
2021-06-23 09:19:53,1777.2,91434
2021-06-23 09:19:54,1777.0,93833
2021-06-23 09:19:55,1776.3,93977
2021-06-23 09:19:56,1778.55,95061
2021-06-23 09:19:57,1778.0,96453
2021-06-23 09:19:58,1778.65,97000
2021-06-23 09:20:00,1779.95,99432
2021-06-23 09:20:02,1778.85,101510
2021-06-23 09:20:02,1779.4,101535
2021-06-23 09:20:03,1779.5,102560
2021-06-23 09:20:04,1778.75,102892
2021-06-23 09:20:05,1779.7,103543
2021-06-23 09:20:06,1778.75,104562
2021-06-23 09:20:07,1779.95,104755
2021-06-23 09:20:08,1779.85,105664
2021-06-23 09:20:09,1780.0,106306
2021-06-23 09:20:10,1779.2,106496
2021-06-23 09:20:11,1779.9,106654
2021-06-23 09:20:12,1779.85,106962
2021-06-23 09:20:13,1779.9,107014
2021-06-23 09:20:14,1780.0,107711
2021-06-23 09:20:15,1780.0,107987
2021-06-23 09:20:16,1780.0,109327
2021-06-23 09:20:18,1780.15,112849
2021-06-23 09:20:18,1780.95,112871
2021-06-23 09:20:19,1779.6,113752
2021-06-23 09:20:20,1780.35,115723
2021-06-23 09:20:21,1780.0,117459
2021-06-23 09:20:22,1780.0,118600
2021-06-23 09:20:24,1779.9,119471
2021-06-23 09:20:25,1779.25,121876
2021-06-23 09:20:28,1779.25,122897
2021-06-23 09:20:28,1778.9,122930
2021-06-23 09:20:29,1778.7,123183
2021-06-23 09:20:30,1778.7,124353
2021-06-23 09:20:31,1778.75,125035
2021-06-23 09:20:32,1779.65,127791
2021-06-23 09:20:33,1779.75,128250
2021-06-23 09:20:34,1779.1,128622
2021-06-23 09:20:35,1779.95,129124
2021-06-23 09:20:36,1779.55,129328
2021-06-23 09:20:37,1779.7,129698
2021-06-23 09:20:38,1778.35,130383
2021-06-23 09:20:40,1778.95,131593
2021-06-23 09:20:41,1777.95,132317
2021-06-23 09:20:42,1779.2,132990
2021-06-23 09:20:43,1778.75,133756
2021-06-23 09:20:44,1779.95,134275
2021-06-23 09:20:45,1778.15,134978
2021-06-23 09:20:46,1778.85,135088
2021-06-23 09:20:47,1779.35,135194
2021-06-23 09:20:47,1779.0,135276
2021-06-23 09:20:48,1779.0,136206
2021-06-23 09:20:49,1778.7,136791
2021-06-23 09:20:50,1778.6,137098
2021-06-23 09:20:51,1777.5,138320
2021-06-23 09:20:52,1778.6,138452
2021-06-23 09:20:53,1778.7,138666
2021-06-23 09:20:54,1777.55,138886
2021-06-23 09:20:55,1778.8,139852
2021-06-23 09:20:56,1778.95,140257
2021-06-23 09:20:57,1779.0,141213
2021-06-23 09:20:58,1778.95,141773
2021-06-23 09:20:59,1779.0,141831
2021-06-23 09:21:01,1778.45,142727
2021-06-23 09:21:02,1778.0,143003
2021-06-23 09:21:03,1777.5,143682
2021-06-23 09:21:04,1778.1,144156
2021-06-23 09:21:05,1778.1,144444
2021-06-23 09:21:06,1777.3,145204
2021-06-23 09:21:07,1778.8,146473
2021-06-23 09:21:08,1778.9,146523
2021-06-23 09:21:09,1779.0,147244
2021-06-23 09:21:10,1779.0,147412
2021-06-23 09:21:11,1777.4,147897
2021-06-23 09:21:12,1778.7,148387
2021-06-23 09:21:14,1778.6,150066
2021-06-23 09:21:15,1777.7,150167
2021-06-23 09:21:16,1778.0,150293
2021-06-23 09:21:17,1778.0,151096
2021-06-23 09:21:18,1778.3,151369
2021-06-23 09:21:19,1777.25,152233
2021-06-23 09:21:20,1777.9,152373
2021-06-23 09:21:21,1777.0,154995
2021-06-23 09:21:22,1778.0,155474
2021-06-23 09:21:23,1777.05,155884
2021-06-23 09:21:24,1778.05,156510
2021-06-23 09:21:25,1777.55,156941
2021-06-23 09:21:26,1776.95,157927
2021-06-23 09:21:27,1776.8,158552
2021-06-23 09:21:28,1777.0,159293
2021-06-23 09:21:29,1777.0,159715
2021-06-23 09:21:30,1776.8,160214
2021-06-23 09:21:31,1776.8,161859
2021-06-23 09:21:32,1777.1,162427
2021-06-23 09:21:33,1777.4,162624
2021-06-23 09:21:34,1777.1,163135
2021-06-23 09:21:35,1776.0,163429
2021-06-23 09:21:36,1776.8,163629
2021-06-23 09:21:37,1776.05,164036
2021-06-23 09:21:38,1776.95,164450
2021-06-23 09:21:39,1776.8,164660
2021-06-23 09:21:40,1776.25,164777
2021-06-23 09:21:41,1776.8,165182
2021-06-23 09:21:42,1775.7,165727
2021-06-23 09:21:43,1775.65,166700
2021-06-23 09:21:44,1776.95,167085
2021-06-23 09:21:45,1775.1,168257
2021-06-23 09:21:46,1775.0,168897
2021-06-23 09:21:47,1775.15,169869
2021-06-23 09:21:48,1775.0,170908
2021-06-23 09:21:49,1775.65,171960
2021-06-23 09:21:50,1776.55,172078
2021-06-23 09:21:51,1776.45,172527
2021-06-23 09:21:52,1775.0,174029
2021-06-23 09:21:53,1776.05,175108
2021-06-23 09:21:54,1775.3,175515
2021-06-23 09:21:55,1776.3,175738
2021-06-23 09:21:56,1776.7,176081
2021-06-23 09:21:57,1776.5,176127
2021-06-23 09:21:59,1775.7,176325
2021-06-23 09:22:00,1776.4,176458
2021-06-23 09:22:01,1776.35,176490
2021-06-23 09:22:02,1775.4,176760
2021-06-23 09:22:03,1775.4,176922
2021-06-23 09:22:04,1775.4,177357
2021-06-23 09:22:05,1775.0,177546
2021-06-23 09:22:06,1775.35,177991
2021-06-23 09:22:06,1775.05,178001
2021-06-23 09:22:07,1775.05,178001
2021-06-23 09:22:08,1775.0,178220
2021-06-23 09:22:09,1775.0,178499
2021-06-23 09:22:10,1775.7,178810
2021-06-23 09:22:11,1775.0,179118
2021-06-23 09:22:12,1776.2,179323
2021-06-23 09:22:13,1775.0,179482
2021-06-23 09:22:14,1775.25,179993
2021-06-23 09:22:15,1774.85,187473
2021-06-23 09:22:16,1775.15,187802
2021-06-23 09:22:17,1775.1,187912
2021-06-23 09:22:18,1774.9,187990
2021-06-23 09:22:20,1774.95,188481
2021-06-23 09:22:21,1774.15,188536
2021-06-23 09:22:23,1774.95,188577
2021-06-23 09:22:24,1775.1,189281
2021-06-23 09:22:25,1774.15,189347
2021-06-23 09:22:26,1775.0,189409
2021-06-23 09:22:28,1775.15,189680
2021-06-23 09:22:30,1774.45,190674
2021-06-23 09:22:31,1775.0,190801
2021-06-23 09:22:32,1774.05,190834
2021-06-23 09:22:33,1775.0,190899
2021-06-23 09:22:34,1775.0,190955
2021-06-23 09:22:35,1775.0,191015
2021-06-23 09:22:36,1775.0,191099
2021-06-23 09:22:37,1774.95,191676
2021-06-23 09:22:38,1775.05,191688
2021-06-23 09:22:39,1775.0,191713
2021-06-23 09:22:40,1774.2,191959
2021-06-23 09:22:41,1774.0,192838
2021-06-23 09:22:42,1775.3,193843
2021-06-23 09:22:43,1775.1,193870
2021-06-23 09:22:44,1775.15,193880
2021-06-23 09:22:45,1775.15,193880
2021-06-23 09:22:46,1775.15,193880
2021-06-23 09:22:47,1775.45,193882
2021-06-23 09:22:48,1775.0,193932
2021-06-23 09:22:49,1775.3,194126
2021-06-23 09:22:50,1774.6,194146
2021-06-23 09:22:51,1775.0,194197
2021-06-23 09:22:52,1774.55,194246
2021-06-23 09:22:53,1773.2,195821
2021-06-23 09:22:54,1774.0,196023
2021-06-23 09:22:55,1773.05,196223
2021-06-23 09:22:56,1772.8,196431
2021-06-23 09:22:57,1772.8,196431
2021-06-23 09:22:58,1773.85,196441
2021-06-23 09:22:59,1773.9,196442
2021-06-23 09:23:00,1774.15,196482
2021-06-23 09:23:01,1773.85,196582
2021-06-23 09:23:02,1772.6,198371
2021-06-23 09:23:03,1772.6,198371
2021-06-23 09:23:04,1773.45,198470
2021-06-23 09:23:05,1773.45,198471
2021-06-23 09:23:07,1772.45,198662
2021-06-23 09:23:08,1773.7,198881
2021-06-23 09:23:08,1773.9,198931
2021-06-23 09:23:09,1773.9,198931
2021-06-23 09:23:10,1773.9,199015
2021-06-23 09:23:11,1773.8,199045
2021-06-23 09:23:12,1773.2,199104
2021-06-23 09:23:13,1773.1,199347
2021-06-23 09:23:14,1773.9,199402
2021-06-23 09:23:15,1773.45,199446
2021-06-23 09:23:16,1773.75,199980
2021-06-23 09:23:17,1773.95,200013
2021-06-23 09:23:18,1774.9,200063
2021-06-23 09:23:20,1774.75,200537
2021-06-23 09:23:22,1774.9,200638
2021-06-23 09:23:23,1774.85,200639
2021-06-23 09:23:24,1774.85,200639
2021-06-23 09:23:25,1774.85,200890
2021-06-23 09:23:26,1774.95,201015
2021-06-23 09:23:27,1773.85,201187
2021-06-23 09:23:28,1773.6,202607
2021-06-23 09:23:29,1772.95,202626
2021-06-23 09:23:30,1774.2,202758
2021-06-23 09:23:31,1773.25,202759
2021-06-23 09:23:32,1774.45,202859
2021-06-23 09:23:33,1774.75,202954
2021-06-23 09:23:34,1774.8,203035
2021-06-23 09:23:35,1774.0,203137
2021-06-23 09:23:36,1772.95,204286
2021-06-23 09:23:38,1773.0,204367
2021-06-23 09:23:39,1773.15,204547
2021-06-23 09:23:40,1773.95,204558
2021-06-23 09:23:40,1773.95,204558
2021-06-23 09:23:41,1773.75,204579
2021-06-23 09:23:42,1773.0,204590
2021-06-23 09:23:43,1773.85,204597
2021-06-23 09:23:44,1773.15,204612
2021-06-23 09:23:45,1773.2,204740
2021-06-23 09:23:46,1773.25,204746
2021-06-23 09:23:47,1773.5,204771
2021-06-23 09:23:48,1773.5,204887
2021-06-23 09:23:49,1773.1,205001
2021-06-23 09:23:50,1773.75,205012
2021-06-23 09:23:51,1773.75,205012
2021-06-23 09:23:52,1772.55,205554
2021-06-23 09:23:53,1773.0,205587
2021-06-23 09:23:54,1773.6,205698
2021-06-23 09:23:55,1772.6,205848
2021-06-23 09:23:56,1773.0,205862
2021-06-23 09:23:57,1772.55,205930
2021-06-23 09:23:58,1773.0,206007
2021-06-23 09:23:59,1773.0,206018
2021-06-23 09:24:00,1773.0,206068
2021-06-23 09:24:01,1772.5,206102
2021-06-23 09:24:02,1773.0,206112
2021-06-23 09:24:03,1772.5,206313
2021-06-23 09:24:04,1773.1,207176
2021-06-23 09:24:05,1772.95,207257
2021-06-23 09:24:06,1772.7,208178
2021-06-23 09:24:08,1772.7,208190
2021-06-23 09:24:09,1772.75,208504
2021-06-23 09:24:10,1772.0,208505
2021-06-23 09:24:11,1772.85,208606
2021-06-23 09:24:12,1772.0,208726
2021-06-23 09:24:13,1772.85,208997
2021-06-23 09:24:14,1772.85,209270
2021-06-23 09:24:15,1772.05,209677
2021-06-23 09:24:16,1772.85,209784
2021-06-23 09:24:17,1772.15,209814
2021-06-23 09:24:17,1772.15,209814
2021-06-23 09:24:18,1772.85,211065
2021-06-23 09:24:19,1771.1,212265
2021-06-23 09:24:20,1772.3,212697
2021-06-23 09:24:22,1772.85,212808
2021-06-23 09:24:23,1772.8,212824
2021-06-23 09:24:24,1772.65,213201
2021-06-23 09:24:25,1771.45,213251
2021-06-23 09:24:26,1772.6,213653
2021-06-23 09:24:27,1771.9,214031
2021-06-23 09:24:28,1772.4,214515
2021-06-23 09:24:29,1772.15,215326
2021-06-23 09:24:31,1771.4,215432
2021-06-23 09:24:31,1770.9,215447
2021-06-23 09:24:32,1772.1,215582
2021-06-23 09:24:33,1771.35,215589
2021-06-23 09:24:34,1771.3,215596
2021-06-23 09:24:35,1771.65,215914
2021-06-23 09:24:36,1771.5,216294
2021-06-23 09:24:37,1771.5,216294
2021-06-23 09:24:38,1771.5,216294
2021-06-23 09:24:39,1771.1,216308
2021-06-23 09:24:40,1771.1,216308
2021-06-23 09:24:41,1771.95,216795
2021-06-23 09:24:42,1771.9,216900
2021-06-23 09:24:43,1770.5,217763
2021-06-23 09:24:44,1770.45,218238
2021-06-23 09:24:45,1771.95,218550
2021-06-23 09:24:47,1771.1,218738
2021-06-23 09:24:48,1771.85,218813
2021-06-23 09:24:49,1772.0,218816
2021-06-23 09:24:50,1772.0,218816
2021-06-23 09:24:51,1771.9,218824
2021-06-23 09:24:52,1771.2,218827
2021-06-23 09:24:53,1771.9,218901
2021-06-23 09:24:55,1772.05,219925
2021-06-23 09:24:56,1771.9,219939
2021-06-23 09:24:57,1772.7,219957
2021-06-23 09:24:58,1772.0,219973
2021-06-23 09:24:59,1772.0,220052
2021-06-23 09:25:00,1772.85,220553
2021-06-23 09:25:01,1771.85,220645
2021-06-23 09:25:02,1772.95,220731
2021-06-23 09:25:03,1773.0,220831
2021-06-23 09:25:04,1773.0,220831
2021-06-23 09:25:05,1772.0,220912
2021-06-23 09:25:05,1772.0,220912
2021-06-23 09:25:06,1771.85,221106
2021-06-23 09:25:07,1773.0,221623
2021-06-23 09:25:08,1773.55,222225
2021-06-23 09:25:09,1773.55,222225
2021-06-23 09:25:10,1773.75,222392
2021-06-23 09:25:11,1772.85,222402
2021-06-23 09:25:12,1773.35,222680
2021-06-23 09:25:13,1773.15,222726
2021-06-23 09:25:14,1774.2,222734
2021-06-23 09:25:15,1774.2,222735
2021-06-23 09:25:16,1774.3,222923
2021-06-23 09:25:17,1773.45,222958
2021-06-23 09:25:18,1774.4,223503
2021-06-23 09:25:19,1773.75,223540
2021-06-23 09:25:20,1774.0,223740
2021-06-23 09:25:23,1775.0,223930
2021-06-23 09:25:24,1774.4,223935
2021-06-23 09:25:25,1775.25,224286
2021-06-23 09:25:26,1775.4,224311
2021-06-23 09:25:27,1775.5,224568
2021-06-23 09:25:29,1775.15,224579
2021-06-23 09:25:30,1775.95,224784
2021-06-23 09:25:31,1775.15,225086
2021-06-23 09:25:32,1776.2,225243
2021-06-23 09:25:33,1775.1,225829
2021-06-23 09:25:34,1775.85,225874
2021-06-23 09:25:35,1776.1,225884
2021-06-23 09:25:36,1776.25,225915
2021-06-23 09:25:37,1776.25,225948
2021-06-23 09:25:38,1776.0,225963
2021-06-23 09:25:39,1776.55,226001
2021-06-23 09:25:40,1776.8,226016
2021-06-23 09:25:41,1777.0,226615
2021-06-23 09:25:42,1776.2,226673
2021-06-23 09:25:43,1776.1,227180
2021-06-23 09:25:44,1776.05,227560
2021-06-23 09:25:45,1776.0,227987
2021-06-23 09:25:46,1776.55,228112
2021-06-23 09:25:47,1775.05,228488
2021-06-23 09:25:48,1776.15,228615
2021-06-23 09:25:49,1775.2,228667
2021-06-23 09:25:50,1776.1,229354
2021-06-23 09:25:51,1775.05,229594
2021-06-23 09:25:52,1774.65,230649
2021-06-23 09:25:53,1775.0,230651
2021-06-23 09:25:53,1775.0,230651
2021-06-23 09:25:54,1775.15,230661
2021-06-23 09:25:55,1775.95,230736
2021-06-23 09:25:56,1776.1,230737
2021-06-23 09:25:57,1774.4,231184
2021-06-23 09:25:58,1774.45,231190
2021-06-23 09:25:59,1775.75,231344
2021-06-23 09:26:00,1774.45,231488
2021-06-23 09:26:01,1775.65,231585
2021-06-23 09:26:02,1774.45,234385
2021-06-23 09:26:03,1775.65,234457
2021-06-23 09:26:04,1776.3,234461
2021-06-23 09:26:05,1776.2,234471
2021-06-23 09:26:06,1775.05,234703
2021-06-23 09:26:07,1775.9,234760
2021-06-23 09:26:08,1776.5,234980
2021-06-23 09:26:09,1776.4,234996
2021-06-23 09:26:11,1776.4,235078
2021-06-23 09:26:12,1775.5,235175
2021-06-23 09:26:13,1776.5,235420
2021-06-23 09:26:14,1776.8,235448
2021-06-23 09:26:15,1776.3,235520
2021-06-23 09:26:16,1775.25,235670
2021-06-23 09:26:17,1775.25,235670
2021-06-23 09:26:18,1775.9,235720
2021-06-23 09:26:23,1775.7,236395
2021-06-23 09:26:24,1775.65,236803
2021-06-23 09:26:25,1776.65,236914
2021-06-23 09:26:26,1775.7,236915
2021-06-23 09:26:27,1775.75,237018
2021-06-23 09:26:28,1775.25,237393
2021-06-23 09:26:29,1776.6,237595
2021-06-23 09:26:30,1776.6,237595
2021-06-23 09:26:31,1776.4,237635
2021-06-23 09:26:32,1776.4,237665
2021-06-23 09:26:33,1776.45,237675
2021-06-23 09:26:34,1776.35,237791
2021-06-23 09:26:35,1776.35,237791
2021-06-23 09:26:35,1776.35,237791
2021-06-23 09:26:36,1776.55,237998
2021-06-23 09:26:37,1775.75,237999
2021-06-23 09:26:38,1775.75,238012
2021-06-23 09:26:39,1775.7,238085
2021-06-23 09:26:40,1776.6,238547
2021-06-23 09:26:41,1777.0,239567
2021-06-23 09:26:42,1775.95,239593
2021-06-23 09:26:44,1775.95,239993
2021-06-23 09:26:45,1776.8,240014
2021-06-23 09:26:46,1776.65,240163
2021-06-23 09:26:47,1776.7,240193
2021-06-23 09:26:48,1776.7,240201
2021-06-23 09:26:49,1776.7,240201
2021-06-23 09:26:50,1776.8,240251
2021-06-23 09:26:51,1777.0,240554
2021-06-23 09:26:52,1777.15,240557
2021-06-23 09:26:53,1776.7,240610
2021-06-23 09:26:53,1776.7,240610
2021-06-23 09:26:54,1776.7,240670
2021-06-23 09:26:56,1776.2,240725
2021-06-23 09:26:57,1776.5,240875
2021-06-23 09:26:58,1776.5,240925
2021-06-23 09:26:59,1776.2,240929
2021-06-23 09:27:00,1776.15,240955
2021-06-23 09:27:01,1776.7,240965
2021-06-23 09:27:03,1776.15,241735
2021-06-23 09:27:04,1776.2,241936
2021-06-23 09:27:05,1776.8,241948
2021-06-23 09:27:06,1776.6,241949
2021-06-23 09:27:07,1776.2,241967
2021-06-23 09:27:08,1775.95,242079
2021-06-23 09:27:09,1776.65,242179
2021-06-23 09:27:10,1775.9,242773
2021-06-23 09:27:11,1776.3,243279
2021-06-23 09:27:12,1775.4,243288
2021-06-23 09:27:13,1776.2,243294
2021-06-23 09:27:14,1776.2,243310
2021-06-23 09:27:15,1776.3,243366
2021-06-23 09:27:17,1776.5,243779
2021-06-23 09:27:18,1776.65,243879
2021-06-23 09:27:19,1775.7,243941
2021-06-23 09:27:20,1776.65,243956
2021-06-23 09:27:21,1776.65,243956
2021-06-23 09:27:22,1776.75,244169
2021-06-23 09:27:23,1777.0,244216
2021-06-23 09:27:24,1777.4,244501
2021-06-23 09:27:25,1776.5,248522
2021-06-23 09:27:26,1776.75,248543
2021-06-23 09:27:27,1776.75,248544
2021-06-23 09:27:28,1777.65,248644
2021-06-23 09:27:29,1777.65,248644
2021-06-23 09:27:30,1776.75,248984
2021-06-23 09:27:31,1776.75,248985
2021-06-23 09:27:32,1776.5,249360
2021-06-23 09:27:33,1776.95,250008
2021-06-23 09:27:34,1776.95,250019
2021-06-23 09:27:34,1776.0,250039
2021-06-23 09:27:35,1776.85,250129
2021-06-23 09:27:36,1775.0,251655
2021-06-23 09:27:38,1774.7,252076
2021-06-23 09:27:39,1774.2,252191
2021-06-23 09:27:40,1775.0,252201
2021-06-23 09:27:41,1774.65,252660
2021-06-23 09:27:42,1774.85,253201
2021-06-23 09:27:43,1775.3,253228
2021-06-23 09:27:44,1774.4,253265
2021-06-23 09:27:45,1774.55,254116
2021-06-23 09:27:46,1775.0,254327
2021-06-23 09:27:47,1774.8,254413
2021-06-23 09:27:48,1774.8,254433
2021-06-23 09:27:48,1775.7,254439
2021-06-23 09:27:49,1774.35,254603
2021-06-23 09:27:50,1773.45,255052
2021-06-23 09:27:51,1774.65,255057
2021-06-23 09:27:53,1774.1,255088
2021-06-23 09:27:54,1775.05,255093
2021-06-23 09:27:55,1774.85,255118
2021-06-23 09:27:56,1774.7,255240
2021-06-23 09:27:57,1774.95,255361
2021-06-23 09:27:58,1774.05,255371
2021-06-23 09:27:59,1774.05,255471
2021-06-23 09:28:00,1774.65,255487
2021-06-23 09:28:00,1773.9,255503
2021-06-23 09:28:01,1773.9,255503
2021-06-23 09:28:02,1774.05,255618
2021-06-23 09:28:03,1773.7,255622
2021-06-23 09:28:04,1773.45,255856
2021-06-23 09:28:05,1773.35,255866
2021-06-23 09:28:07,1774.4,255872
2021-06-23 09:28:08,1774.5,255938
2021-06-23 09:28:09,1774.5,255944
2021-06-23 09:28:10,1775.0,256086
2021-06-23 09:28:11,1775.0,256086
2021-06-23 09:28:13,1775.45,256670
2021-06-23 09:28:15,1775.45,256670
2021-06-23 09:28:16,1775.65,256983
2021-06-23 09:28:17,1774.65,257119
2021-06-23 09:28:18,1776.0,257149
2021-06-23 09:28:20,1775.4,257710
2021-06-23 09:28:21,1776.15,259229
2021-06-23 09:28:22,1776.45,259317
2021-06-23 09:28:23,1776.65,259339
2021-06-23 09:28:24,1776.75,259344
2021-06-23 09:28:25,1777.35,259549
2021-06-23 09:28:25,1777.35,259570
2021-06-23 09:28:27,1776.35,259892
2021-06-23 09:28:28,1776.35,260097
2021-06-23 09:28:29,1776.65,260180
2021-06-23 09:28:30,1777.35,260435
2021-06-23 09:28:31,1776.3,260436
2021-06-23 09:28:32,1777.45,260686
2021-06-23 09:28:33,1777.05,262666
2021-06-23 09:28:34,1777.05,262716
2021-06-23 09:28:35,1777.5,262856
2021-06-23 09:28:36,1777.5,262886
2021-06-23 09:28:37,1777.5,262886
2021-06-23 09:28:38,1778.25,263009
2021-06-23 09:28:39,1777.4,263011
2021-06-23 09:28:40,1778.25,263013
2021-06-23 09:28:41,1777.4,263134
2021-06-23 09:28:42,1777.45,263221
2021-06-23 09:28:43,1777.1,263596
2021-06-23 09:28:44,1777.8,263669
2021-06-23 09:28:45,1776.95,263830
2021-06-23 09:28:48,1777.85,264045
2021-06-23 09:28:49,1777.85,264047
2021-06-23 09:28:53,1777.7,264443
2021-06-23 09:28:54,1776.65,264444
2021-06-23 09:28:55,1777.95,264601
2021-06-23 09:28:57,1777.05,264610
2021-06-23 09:28:56,1777.05,264610
2021-06-23 09:28:58,1778.0,264767
2021-06-23 09:28:59,1777.8,264771
2021-06-23 09:29:00,1776.35,264772
2021-06-23 09:29:01,1775.95,265147
2021-06-23 09:29:02,1776.9,265219
2021-06-23 09:29:03,1777.1,265277
2021-06-23 09:29:04,1777.4,265427
2021-06-23 09:29:05,1777.7,265828
2021-06-23 09:29:06,1777.6,266158
2021-06-23 09:29:07,1777.2,266208
2021-06-23 09:29:08,1778.0,266317
2021-06-23 09:29:09,1778.0,266322
2021-06-23 09:29:10,1778.3,266600
2021-06-23 09:29:11,1778.3,266600
2021-06-23 09:29:12,1778.0,266829
2021-06-23 09:29:14,1777.8,267685
2021-06-23 09:29:15,1777.8,267906
2021-06-23 09:29:16,1777.8,267906
2021-06-23 09:29:17,1776.5,268190
2021-06-23 09:29:18,1776.5,268190
2021-06-23 09:29:19,1777.45,268396
2021-06-23 09:29:20,1777.45,268396
2021-06-23 09:29:21,1776.9,268489
2021-06-23 09:29:22,1776.35,268510
2021-06-23 09:29:23,1777.5,268647
2021-06-23 09:29:24,1777.5,268647
2021-06-23 09:29:26,1777.4,268648
2021-06-23 09:29:27,1779.45,269558
2021-06-23 09:29:28,1779.0,269688
2021-06-23 09:29:29,1779.0,269688
2021-06-23 09:29:30,1779.85,269931
2021-06-23 09:29:31,1779.0,270003
2021-06-23 09:29:32,1779.9,270171
2021-06-23 09:29:33,1779.95,270393
2021-06-23 09:29:34,1779.95,270404
2021-06-23 09:29:35,1778.4,271506
2021-06-23 09:29:36,1779.7,271606
2021-06-23 09:29:37,1779.0,271690
2021-06-23 09:29:38,1778.45,271790
2021-06-23 09:29:39,1779.0,271961
2021-06-23 09:29:40,1779.5,272090
2021-06-23 09:29:41,1779.85,272112
2021-06-23 09:29:42,1779.85,272155
2021-06-23 09:29:43,1779.75,272225
2021-06-23 09:29:44,1779.75,272225
2021-06-23 09:29:46,1779.15,272671
2021-06-23 09:29:47,1779.2,272674
2021-06-23 09:29:48,1779.9,272815
2021-06-23 09:29:49,1779.9,272815
2021-06-23 09:29:50,1779.95,273092
2021-06-23 09:29:51,1780.0,273096
2021-06-23 09:29:52,1779.2,273235
2021-06-23 09:29:53,1779.2,273630
2021-06-23 09:29:54,1779.95,273955
2021-06-23 09:29:55,1779.0,273980
2021-06-23 09:29:56,1779.95,274002
2021-06-23 09:29:57,1779.95,274012
2021-06-23 09:29:58,1779.2,274788
2021-06-23 09:29:59,1779.1,274790
2021-06-23 09:30:00,1779.1,275100
2021-06-23 09:30:01,1779.9,275136
2021-06-23 09:30:02,1779.05,275187
2021-06-23 09:30:03,1779.0,275227
2021-06-23 09:30:04,1779.8,275338
2021-06-23 09:30:05,1779.7,275348
2021-06-23 09:30:07,1779.0,278533
2021-06-23 09:30:08,1779.0,278533
2021-06-23 09:30:09,1779.7,278563
2021-06-23 09:30:11,1779.2,278622
2021-06-23 09:30:12,1779.0,278881
2021-06-23 09:30:13,1779.95,279008
2021-06-23 09:30:14,1779.95,279008
2021-06-23 09:30:15,1779.25,279033
2021-06-23 09:30:16,1779.85,279246
2021-06-23 09:30:18,1779.9,279419
2021-06-23 09:30:19,1779.2,279825
2021-06-23 09:30:20,1778.45,280269
2021-06-23 09:30:21,1779.55,280280
2021-06-23 09:30:22,1778.65,280767
2021-06-23 09:30:23,1779.7,280868
2021-06-23 09:30:24,1779.75,280896
2021-06-23 09:30:25,1778.4,281235
2021-06-23 09:30:26,1779.5,281436
2021-06-23 09:30:27,1779.25,281645
2021-06-23 09:30:28,1778.15,281685
2021-06-23 09:30:29,1778.15,281685
2021-06-23 09:30:30,1778.85,281843
2021-06-23 09:30:31,1779.05,281889
2021-06-23 09:30:32,1778.0,283330
2021-06-23 09:30:33,1777.3,283804
2021-06-23 09:30:34,1778.95,284126
2021-06-23 09:30:35,1777.75,284142
2021-06-23 09:30:36,1778.95,284190
2021-06-23 09:30:37,1778.1,284196
2021-06-23 09:30:38,1778.95,284201
2021-06-23 09:30:39,1778.05,284434
2021-06-23 09:30:40,1778.9,284540
2021-06-23 09:30:41,1778.1,284589
2021-06-23 09:30:44,1778.75,285886
2021-06-23 09:30:45,1778.0,285936
2021-06-23 09:30:47,1778.65,285962
2021-06-23 09:30:48,1777.6,286008
2021-06-23 09:30:49,1778.45,286013
2021-06-23 09:30:50,1777.2,286158
2021-06-23 09:30:51,1777.2,286178
2021-06-23 09:30:51,1777.2,286178
2021-06-23 09:30:52,1777.6,286270
2021-06-23 09:30:53,1777.5,286272
2021-06-23 09:30:54,1776.75,286720
2021-06-23 09:30:55,1777.0,286753
2021-06-23 09:30:56,1777.05,286832
2021-06-23 09:30:58,1776.65,287385
2021-06-23 09:30:59,1776.65,287485
2021-06-23 09:31:00,1776.55,288290
2021-06-23 09:31:01,1776.9,288340
2021-06-23 09:31:02,1776.1,288360
2021-06-23 09:31:04,1776.6,288366
2021-06-23 09:31:05,1775.6,288691
2021-06-23 09:31:05,1775.6,288691
2021-06-23 09:31:07,1775.45,288898
2021-06-23 09:31:08,1776.1,290168
2021-06-23 09:31:09,1775.4,290223
2021-06-23 09:31:10,1775.2,291955
2021-06-23 09:31:12,1774.0,292589
2021-06-23 09:31:13,1774.0,292659
2021-06-23 09:31:14,1773.45,292672
2021-06-23 09:31:15,1773.95,292842
2021-06-23 09:31:16,1773.95,292842
2021-06-23 09:31:17,1773.95,292842
2021-06-23 09:31:18,1773.7,293242
2021-06-23 09:31:19,1773.3,293449
2021-06-23 09:31:20,1773.7,293656
2021-06-23 09:31:21,1773.25,293776
2021-06-23 09:31:22,1773.0,293997
2021-06-23 09:31:23,1773.0,294030
2021-06-23 09:31:24,1774.05,294070
2021-06-23 09:31:25,1773.95,294075
2021-06-23 09:31:26,1773.25,294125
2021-06-23 09:31:27,1773.25,294324
2021-06-23 09:31:28,1773.25,294324
2021-06-23 09:31:29,1774.4,294619
2021-06-23 09:31:30,1773.95,294641
2021-06-23 09:31:31,1773.95,294677
2021-06-23 09:31:32,1773.2,294711
2021-06-23 09:31:33,1773.85,294861
2021-06-23 09:31:34,1774.2,295161
2021-06-23 09:31:35,1774.35,295162
2021-06-23 09:31:36,1774.6,295267
2021-06-23 09:31:37,1774.6,295267
2021-06-23 09:31:38,1774.45,295307
2021-06-23 09:31:39,1774.4,295317
2021-06-23 09:31:40,1774.1,295624
2021-06-23 09:31:41,1774.1,295624
2021-06-23 09:31:43,1773.2,295715
2021-06-23 09:31:44,1773.75,295846
2021-06-23 09:31:44,1773.75,295846
2021-06-23 09:31:47,1773.4,300985
2021-06-23 09:31:48,1773.4,301017
2021-06-23 09:31:49,1773.4,301017
2021-06-23 09:31:51,1773.4,301271
2021-06-23 09:31:53,1773.0,301484
2021-06-23 09:31:54,1773.0,301594
2021-06-23 09:31:55,1773.0,301651
2021-06-23 09:31:56,1773.05,301791
2021-06-23 09:31:57,1773.4,302346
2021-06-23 09:31:58,1772.4,302362
2021-06-23 09:31:59,1772.4,302362
2021-06-23 09:32:00,1772.4,302362
2021-06-23 09:32:01,1772.4,302362
2021-06-23 09:32:02,1772.95,302371
2021-06-23 09:32:03,1772.95,302479
2021-06-23 09:32:04,1773.3,302505
2021-06-23 09:32:05,1773.1,302938
2021-06-23 09:32:06,1773.1,303343
2021-06-23 09:32:07,1772.0,303345
2021-06-23 09:32:08,1772.8,303425
2021-06-23 09:32:09,1772.4,303539
2021-06-23 09:32:10,1772.4,303539
2021-06-23 09:32:11,1772.4,303539
2021-06-23 09:32:12,1772.35,303561
2021-06-23 09:32:13,1772.15,303633
2021-06-23 09:32:14,1772.0,303831
2021-06-23 09:32:15,1772.35,303836
2021-06-23 09:32:16,1772.95,303886
2021-06-23 09:32:17,1773.0,303904
2021-06-23 09:32:19,1772.95,304025
2021-06-23 09:32:19,1772.95,304025
2021-06-23 09:32:20,1772.0,304131
2021-06-23 09:32:21,1772.0,304131
2021-06-23 09:32:22,1772.95,304136
2021-06-23 09:32:23,1772.25,304137
2021-06-23 09:32:25,1772.95,305273
2021-06-23 09:32:26,1772.95,305273
2021-06-23 09:32:28,1774.0,305583
2021-06-23 09:32:29,1773.3,305632
2021-06-23 09:32:30,1773.3,305632
2021-06-23 09:32:31,1773.3,305632
2021-06-23 09:32:32,1773.3,305632
2021-06-23 09:32:32,1773.3,305632
2021-06-23 09:32:33,1773.35,305633
2021-06-23 09:32:34,1773.35,305633
2021-06-23 09:32:35,1773.5,305635
2021-06-23 09:32:36,1773.35,305664
2021-06-23 09:32:37,1773.2,305769
2021-06-23 09:32:38,1773.2,305862
2021-06-23 09:32:39,1773.1,305926
2021-06-23 09:32:40,1773.1,305926
2021-06-23 09:32:41,1773.5,305927
2021-06-23 09:32:42,1774.0,305928
2021-06-23 09:32:44,1774.0,306443
2021-06-23 09:32:45,1774.9,306448
2021-06-23 09:32:46,1774.9,306456
2021-06-23 09:32:47,1774.9,306456
2021-06-23 09:32:48,1774.0,306467
2021-06-23 09:32:50,1774.85,306482
2021-06-23 09:32:51,1773.85,306599
2021-06-23 09:32:51,1773.85,306599
2021-06-23 09:32:52,1774.6,306729
2021-06-23 09:32:57,1774.0,307198
2021-06-23 09:32:58,1775.05,307698
2021-06-23 09:33:00,1775.3,307699
2021-06-23 09:33:00,1775.3,307699
2021-06-23 09:33:02,1775.3,307699
2021-06-23 09:33:03,1775.3,307699
2021-06-23 09:33:04,1775.45,307899
2021-06-23 09:33:04,1775.45,307899
2021-06-23 09:33:05,1775.55,307929
2021-06-23 09:33:07,1775.2,308015
2021-06-23 09:33:07,1775.3,308210
2021-06-23 09:33:09,1775.3,308210
2021-06-23 09:33:10,1775.1,308623
2021-06-23 09:33:10,1775.15,308645
2021-06-23 09:33:11,1775.15,308661
2021-06-23 09:33:12,1775.15,308661
2021-06-23 09:33:13,1773.85,308890
2021-06-23 09:33:15,1773.95,308895
2021-06-23 09:33:16,1774.0,308910
2021-06-23 09:33:17,1774.95,308950
2021-06-23 09:33:17,1774.95,308950
2021-06-23 09:33:19,1775.0,308985
2021-06-23 09:33:20,1775.0,308985
2021-06-23 09:33:21,1774.45,309001
2021-06-23 09:33:22,1774.45,309042
2021-06-23 09:33:24,1775.0,309105
2021-06-23 09:33:25,1774.25,309106
2021-06-23 09:33:26,1774.95,309218
2021-06-23 09:33:26,1774.95,309218
2021-06-23 09:33:28,1774.1,309243
2021-06-23 09:33:29,1774.1,309367
2021-06-23 09:33:29,1774.85,309362
2021-06-23 09:33:30,1774.0,309474
2021-06-23 09:33:31,1774.0,309474
2021-06-23 09:33:32,1774.9,309509
2021-06-23 09:33:33,1774.25,309510
2021-06-23 09:33:34,1774.25,309510
2021-06-23 09:33:35,1774.25,309510
2021-06-23 09:33:38,1774.75,309700
2021-06-23 09:33:39,1773.65,310024
2021-06-23 09:33:40,1774.65,310124
2021-06-23 09:33:41,1773.6,310231
2021-06-23 09:33:41,1773.6,310231
2021-06-23 09:33:42,1774.0,310233
2021-06-23 09:33:44,1774.1,310260
2021-06-23 09:33:45,1773.75,310283
2021-06-23 09:33:46,1773.6,310308
2021-06-23 09:33:47,1773.6,310359
2021-06-23 09:33:48,1773.2,310496
2021-06-23 09:33:50,1773.2,310584
2021-06-23 09:33:50,1773.2,310584
2021-06-23 09:33:52,1773.2,310584
2021-06-23 09:33:53,1773.15,310609
2021-06-23 09:33:54,1773.0,310663
2021-06-23 09:33:55,1773.0,310663
2021-06-23 09:33:55,1773.0,310863
2021-06-23 09:33:56,1773.0,310863
2021-06-23 09:33:57,1773.0,310864
2021-06-23 09:33:58,1773.0,310864
2021-06-23 09:33:59,1773.0,310864
2021-06-23 09:34:01,1774.0,311819
2021-06-23 09:34:02,1774.0,311819
2021-06-23 09:34:03,1774.0,311829
2021-06-23 09:34:04,1773.9,311932
2021-06-23 09:34:05,1773.2,312019
2021-06-23 09:34:06,1773.35,312076
2021-06-23 09:34:11,1774.0,312549
2021-06-23 09:34:12,1774.0,312549
2021-06-23 09:34:13,1773.1,312569
2021-06-23 09:34:14,1773.8,312736
2021-06-23 09:34:15,1773.8,312756
2021-06-23 09:34:16,1773.1,312758
2021-06-23 09:34:17,1773.8,313261
2021-06-23 09:34:18,1773.15,313262
2021-06-23 09:34:19,1773.85,313278
2021-06-23 09:34:20,1774.55,313776
2021-06-23 09:34:21,1774.0,313957
2021-06-23 09:34:22,1773.9,313967
2021-06-23 09:34:23,1775.0,314226
2021-06-23 09:34:25,1773.9,314240
2021-06-23 09:34:26,1774.9,314267
2021-06-23 09:34:26,1774.9,314267
2021-06-23 09:34:27,1774.9,314272
2021-06-23 09:34:28,1774.9,314343
2021-06-23 09:34:29,1775.0,314373
2021-06-23 09:34:30,1774.9,314557
2021-06-23 09:34:31,1774.9,314557
2021-06-23 09:34:32,1774.9,314609
2021-06-23 09:34:33,1775.45,314619
2021-06-23 09:34:34,1775.5,314774
2021-06-23 09:34:35,1775.5,314774
2021-06-23 09:34:36,1775.5,314774
2021-06-23 09:34:38,1774.7,314776
2021-06-23 09:34:39,1774.7,314776
2021-06-23 09:34:40,1774.7,314776
2021-06-23 09:34:41,1775.55,314882
2021-06-23 09:34:41,1775.55,314882
2021-06-23 09:34:42,1775.55,314882
2021-06-23 09:34:43,1775.55,314882
2021-06-23 09:34:44,1774.9,314887
2021-06-23 09:34:45,1774.9,314892
2021-06-23 09:34:46,1774.9,314893
2021-06-23 09:34:47,1774.9,314903
2021-06-23 09:34:48,1775.0,315003
2021-06-23 09:34:49,1774.8,315226
2021-06-23 09:34:51,1775.0,315228
2021-06-23 09:34:52,1775.0,315228
2021-06-23 09:34:53,1775.05,315233
2021-06-23 09:34:54,1775.05,315233
2021-06-23 09:34:55,1775.05,315265
2021-06-23 09:34:56,1775.55,315279
2021-06-23 09:34:57,1775.55,315286
2021-06-23 09:34:57,1775.55,315286
2021-06-23 09:34:58,1775.55,315297
2021-06-23 09:34:59,1775.55,315398
2021-06-23 09:35:01,1775.8,315423
2021-06-23 09:35:02,1775.8,315423
2021-06-23 09:35:03,1775.55,315433
2021-06-23 09:35:04,1775.1,315438
2021-06-23 09:35:05,1775.1,315446
2021-06-23 09:35:06,1775.1,315446
2021-06-23 09:35:07,1775.55,315497
2021-06-23 09:35:08,1775.55,315497
2021-06-23 09:35:09,1775.0,315498
2021-06-23 09:35:10,1775.0,315527
2021-06-23 09:35:11,1774.9,315826
2021-06-23 09:35:12,1774.9,315826
2021-06-23 09:35:12,1774.9,315826
2021-06-23 09:35:13,1774.9,315826
2021-06-23 09:35:16,1774.7,315848
2021-06-23 09:35:17,1775.0,315873
2021-06-23 09:35:18,1775.0,315875
2021-06-23 09:35:19,1774.9,315896
2021-06-23 09:35:20,1774.9,315948
2021-06-23 09:35:21,1774.9,315948
2021-06-23 09:35:22,1775.0,316013
2021-06-23 09:35:23,1775.0,316023
2021-06-23 09:35:24,1774.7,316024
2021-06-23 09:35:24,1774.15,316025
2021-06-23 09:35:25,1775.05,316173
2021-06-23 09:35:27,1774.45,316193
2021-06-23 09:35:28,1774.4,316594
2021-06-23 09:35:29,1774.4,316594
2021-06-23 09:35:30,1775.0,316596
2021-06-23 09:35:30,1774.2,316617
2021-06-23 09:35:31,1775.0,316664
2021-06-23 09:35:33,1775.45,316724
2021-06-23 09:35:34,1775.35,316785
2021-06-23 09:35:35,1774.45,316822
2021-06-23 09:35:36,1774.15,316929
2021-06-23 09:35:37,1774.15,316929
2021-06-23 09:35:37,1774.15,316929
2021-06-23 09:35:39,1774.7,316934
2021-06-23 09:35:40,1774.25,316935
2021-06-23 09:35:41,1774.25,316946
2021-06-23 09:35:42,1774.2,316947
2021-06-23 09:35:42,1774.25,316946
2021-06-23 09:35:43,1774.25,316987
2021-06-23 09:35:45,1774.3,316990
2021-06-23 09:35:47,1774.25,317041
2021-06-23 09:35:48,1774.85,317151
2021-06-23 09:35:52,1775.0,317439
2021-06-23 09:35:53,1774.4,317497
2021-06-23 09:35:53,1774.4,317497
2021-06-23 09:35:54,1775.3,317505
2021-06-23 09:35:56,1774.4,317539
2021-06-23 09:35:57,1775.3,317542
2021-06-23 09:35:58,1775.4,317671
2021-06-23 09:35:58,1775.4,317671
2021-06-23 09:35:59,1775.45,317711
2021-06-23 09:36:01,1774.8,317922
2021-06-23 09:36:02,1774.55,317957
2021-06-23 09:36:03,1775.3,317967
2021-06-23 09:36:03,1775.3,317967
2021-06-23 09:36:04,1775.3,317967
2021-06-23 09:36:06,1774.55,317969
2021-06-23 09:36:07,1774.55,317969
2021-06-23 09:36:08,1774.35,318047
2021-06-23 09:36:08,1774.95,318052
2021-06-23 09:36:09,1775.2,318160
2021-06-23 09:36:11,1774.45,318161
2021-06-23 09:36:12,1775.0,318266
2021-06-23 09:36:13,1775.0,318266
2021-06-23 09:36:13,1775.0,318266
2021-06-23 09:36:14,1774.9,318268
2021-06-23 09:36:16,1775.0,318324
2021-06-23 09:36:17,1774.55,318339
2021-06-23 09:36:18,1774.2,318529
2021-06-23 09:36:18,1774.2,318529
2021-06-23 09:36:19,1774.4,318530
2021-06-23 09:36:21,1774.35,318546
2021-06-23 09:36:23,1774.1,318953
2021-06-23 09:36:24,1774.9,318963
2021-06-23 09:36:27,1774.2,319056
2021-06-23 09:36:27,1775.0,319061
2021-06-23 09:36:28,1775.45,319128
2021-06-23 09:36:30,1775.4,319186
2021-06-23 09:36:31,1775.0,319207
2021-06-23 09:36:32,1774.5,319247
2021-06-23 09:36:33,1775.3,319252
2021-06-23 09:36:33,1775.3,319252
2021-06-23 09:36:34,1774.4,319627
2021-06-23 09:36:36,1774.7,319755
2021-06-23 09:36:37,1774.7,319805
2021-06-23 09:36:38,1774.7,319905
2021-06-23 09:36:39,1774.5,319941
2021-06-23 09:36:39,1774.5,319941
2021-06-23 09:36:40,1775.25,319951
2021-06-23 09:36:42,1775.3,319971
2021-06-23 09:36:43,1774.55,319972
2021-06-23 09:36:44,1774.55,319972
2021-06-23 09:36:45,1774.5,319979
2021-06-23 09:36:47,1774.5,319988
2021-06-23 09:36:48,1775.0,319992
2021-06-23 09:36:49,1775.0,320148
2021-06-23 09:36:50,1775.35,321687
2021-06-23 09:36:52,1775.35,321687
2021-06-23 09:36:53,1775.35,321687
2021-06-23 09:36:54,1775.3,321689
2021-06-23 09:36:54,1775.3,321689
2021-06-23 09:36:55,1775.3,321689
2021-06-23 09:36:57,1775.35,321709
2021-06-23 09:36:58,1775.35,321710
2021-06-23 09:36:59,1776.2,321711
2021-06-23 09:37:00,1776.2,321713
2021-06-23 09:37:03,1775.65,321840
2021-06-23 09:37:04,1775.65,321840
2021-06-23 09:37:06,1776.6,322056
2021-06-23 09:37:07,1776.3,322190
2021-06-23 09:37:09,1776.3,322190
2021-06-23 09:37:10,1776.95,322206
2021-06-23 09:37:11,1776.95,322227
2021-06-23 09:37:12,1776.95,322227
2021-06-23 09:37:13,1776.3,322274
2021-06-23 09:37:14,1776.3,322729
2021-06-23 09:37:14,1776.95,322735
2021-06-23 09:37:16,1776.95,323352
2021-06-23 09:37:17,1776.3,323420
2021-06-23 09:37:18,1776.95,323495
2021-06-23 09:37:19,1776.15,323539
2021-06-23 09:37:19,1776.15,323706
2021-06-23 09:37:21,1776.95,323789
2021-06-23 09:37:22,1776.05,324321
2021-06-23 09:37:23,1776.05,324480
2021-06-23 09:37:24,1776.9,324631
2021-06-23 09:37:24,1776.9,324631
2021-06-23 09:37:26,1776.95,324863
2021-06-23 09:37:27,1776.9,324949
2021-06-23 09:37:28,1776.75,324990
2021-06-23 09:37:29,1776.95,325188
2021-06-23 09:37:29,1776.95,325188
2021-06-23 09:37:31,1776.95,327054
2021-06-23 09:37:32,1776.95,327108
2021-06-23 09:37:33,1776.95,327606
2021-06-23 09:37:34,1777.7,328345
2021-06-23 09:37:35,1777.55,328657
2021-06-23 09:37:35,1777.55,328657
2021-06-23 09:37:37,1778.0,328748
2021-06-23 09:37:38,1776.55,329052
2021-06-23 09:37:39,1776.5,329270
2021-06-23 09:37:40,1777.45,329311
2021-06-23 09:37:40,1777.45,329311
2021-06-23 09:37:41,1777.65,329336
2021-06-23 09:37:43,1777.95,329495
2021-06-23 09:37:44,1777.35,329513
2021-06-23 09:37:45,1776.95,329530
2021-06-23 09:37:46,1777.5,329536
2021-06-23 09:37:46,1777.0,329538
2021-06-23 09:37:47,1777.5,329539
2021-06-23 09:37:49,1777.55,329599
2021-06-23 09:37:50,1777.35,331010
2021-06-23 09:37:52,1777.65,331212
2021-06-23 09:37:54,1776.95,331960
2021-06-23 09:37:55,1776.95,332001
2021-06-23 09:37:56,1777.9,332041
2021-06-23 09:37:57,1778.0,332046
2021-06-23 09:37:57,1777.1,332066
2021-06-23 09:37:59,1777.9,332219
2021-06-23 09:38:00,1777.95,332229
2021-06-23 09:38:01,1777.95,332229
2021-06-23 09:38:02,1777.95,332229
2021-06-23 09:38:03,1777.0,332230
2021-06-23 09:38:03,1777.0,332230
2021-06-23 09:38:06,1777.15,332274
2021-06-23 09:38:07,1777.5,332526
2021-06-23 09:38:08,1777.1,332593
2021-06-23 09:38:08,1777.95,332793
2021-06-23 09:38:10,1777.95,332793
2021-06-23 09:38:11,1778.0,332813
2021-06-23 09:38:12,1778.0,332819
2021-06-23 09:38:13,1777.35,332822
2021-06-23 09:38:14,1777.35,332834
2021-06-23 09:38:14,1777.35,332834
2021-06-23 09:38:16,1777.7,332837
2021-06-23 09:38:17,1777.7,332847
2021-06-23 09:38:18,1777.0,333130
2021-06-23 09:38:19,1776.9,333132
2021-06-23 09:38:19,1776.9,333132
2021-06-23 09:38:21,1777.5,333142
2021-06-23 09:38:22,1777.5,333142
2021-06-23 09:38:23,1776.95,333146
2021-06-23 09:38:24,1776.45,333446
2021-06-23 09:38:24,1777.5,333456
2021-06-23 09:38:26,1777.5,333521
2021-06-23 09:38:27,1776.95,333522
2021-06-23 09:38:28,1777.8,333572
2021-06-23 09:38:29,1777.8,333572
2021-06-23 09:38:30,1777.85,333956
2021-06-23 09:38:31,1777.05,333959
2021-06-23 09:38:32,1777.85,334060
2021-06-23 09:38:32,1777.85,334060
2021-06-23 09:38:33,1777.05,334161
2021-06-23 09:38:35,1778.0,334311
2021-06-23 09:38:37,1777.05,334610
2021-06-23 09:38:38,1777.05,334610
2021-06-23 09:38:39,1777.0,334711
2021-06-23 09:38:39,1777.0,334711
2021-06-23 09:38:41,1777.0,334736
2021-06-23 09:38:43,1777.0,335059
2021-06-23 09:38:44,1776.95,335168
2021-06-23 09:38:44,1776.95,335168
2021-06-23 09:38:45,1776.95,335183
2021-06-23 09:38:46,1777.0,335316
2021-06-23 09:38:48,1777.0,335343
2021-06-23 09:38:49,1777.9,335348
2021-06-23 09:38:50,1777.5,335349
2021-06-23 09:38:51,1777.5,335419
2021-06-23 09:38:52,1778.0,335463
2021-06-23 09:38:52,1778.0,335463
2021-06-23 09:38:54,1778.0,335463
2021-06-23 09:38:55,1777.5,335514
2021-06-23 09:38:56,1777.5,335571
2021-06-23 09:38:57,1778.45,336646
2021-06-23 09:38:58,1777.6,337046
2021-06-23 09:38:58,1777.6,337046
2021-06-23 09:39:00,1778.65,338236
2021-06-23 09:39:01,1778.85,339434
2021-06-23 09:39:03,1779.2,342269
2021-06-23 09:39:03,1779.2,342269
2021-06-23 09:39:05,1779.4,342657
2021-06-23 09:39:06,1779.9,343002
2021-06-23 09:39:08,1779.1,343754
2021-06-23 09:39:08,1779.1,343754
2021-06-23 09:39:10,1779.5,343848
2021-06-23 09:39:11,1779.65,344098
2021-06-23 09:39:12,1779.1,344161
2021-06-23 09:39:13,1779.7,344412
2021-06-23 09:39:14,1779.9,344613
2021-06-23 09:39:15,1779.85,344723
2021-06-23 09:39:16,1779.85,344723
2021-06-23 09:39:17,1779.9,345238
2021-06-23 09:39:18,1779.9,345275
2021-06-23 09:39:19,1779.7,346913
2021-06-23 09:39:20,1779.8,347561
2021-06-23 09:39:21,1780.75,350078
2021-06-23 09:39:22,1780.5,350125
2021-06-23 09:39:23,1780.55,351084
2021-06-23 09:39:24,1781.0,351960
2021-06-23 09:39:25,1781.5,360163
2021-06-23 09:39:26,1782.85,362201
2021-06-23 09:39:27,1782.7,364530
2021-06-23 09:39:28,1784.1,365980
2021-06-23 09:39:29,1782.2,367932
2021-06-23 09:39:30,1783.75,368582
2021-06-23 09:39:31,1784.05,368946
2021-06-23 09:39:32,1783.35,369842
2021-06-23 09:39:34,1783.15,370258
2021-06-23 09:39:35,1783.0,370847
2021-06-23 09:39:36,1783.45,372092
2021-06-23 09:39:37,1783.65,373352
2021-06-23 09:39:38,1783.9,373637
2021-06-23 09:39:39,1782.3,374344
2021-06-23 09:39:40,1783.5,374508
2021-06-23 09:39:41,1783.4,374726
2021-06-23 09:39:42,1782.05,375265
2021-06-23 09:39:43,1782.85,375846
2021-06-23 09:39:44,1783.15,376241
2021-06-23 09:39:45,1783.15,376747
2021-06-23 09:39:46,1783.85,376827
2021-06-23 09:39:47,1783.0,377272
2021-06-23 09:39:48,1783.05,378708
2021-06-23 09:39:49,1783.7,379014
2021-06-23 09:39:50,1783.75,379260
2021-06-23 09:39:51,1782.95,380624
2021-06-23 09:39:52,1782.2,381016
2021-06-23 09:39:53,1783.0,381516
2021-06-23 09:39:55,1783.85,382583
2021-06-23 09:39:56,1783.15,383660
2021-06-23 09:39:57,1783.2,383969
2021-06-23 09:39:58,1782.95,384210
2021-06-23 09:39:59,1783.5,384609
2021-06-23 09:40:00,1783.6,384651
2021-06-23 09:40:01,1783.0,384703
2021-06-23 09:40:02,1783.0,385203
2021-06-23 09:40:03,1783.35,385421
2021-06-23 09:40:05,1783.8,385640
2021-06-23 09:40:04,1783.8,385630
2021-06-23 09:40:06,1783.9,386483
2021-06-23 09:40:07,1783.5,387542
2021-06-23 09:40:08,1783.5,387906
2021-06-23 09:40:09,1783.25,388164
2021-06-23 09:40:10,1783.45,388663
2021-06-23 09:40:11,1782.4,389189
2021-06-23 09:40:12,1783.15,389190
2021-06-23 09:40:13,1783.15,389565
2021-06-23 09:40:14,1783.15,389740
2021-06-23 09:40:15,1783.0,389971
2021-06-23 09:40:17,1783.0,390042
2021-06-23 09:40:16,1783.0,390042
2021-06-23 09:40:18,1782.3,390424
2021-06-23 09:40:19,1783.15,390701
2021-06-23 09:40:20,1782.2,390748
2021-06-23 09:40:21,1783.0,390949
2021-06-23 09:40:22,1783.0,390950
2021-06-23 09:40:23,1783.0,391146
2021-06-23 09:40:24,1783.0,391307
2021-06-23 09:40:25,1782.8,391330
2021-06-23 09:40:27,1783.0,391635
2021-06-23 09:40:28,1783.0,392276
2021-06-23 09:40:29,1783.3,393600
2021-06-23 09:40:30,1782.8,393658
2021-06-23 09:40:31,1783.0,393878
2021-06-23 09:40:32,1783.4,396464
2021-06-23 09:40:33,1783.7,396505
2021-06-23 09:40:34,1783.35,397564
2021-06-23 09:40:35,1783.75,397750
2021-06-23 09:40:36,1783.0,397930
2021-06-23 09:40:37,1783.4,398145
2021-06-23 09:40:38,1783.4,398170
2021-06-23 09:40:39,1782.85,398282
2021-06-23 09:40:41,1783.7,398354
2021-06-23 09:40:42,1783.7,398396
2021-06-23 09:40:43,1782.8,398458
2021-06-23 09:40:44,1782.85,398918
2021-06-23 09:40:45,1782.8,399012
2021-06-23 09:40:46,1782.55,399044
2021-06-23 09:40:47,1783.4,399168
2021-06-23 09:40:48,1783.0,399380
2021-06-23 09:40:49,1782.5,399558
2021-06-23 09:40:50,1783.0,399593
2021-06-23 09:40:51,1782.8,399594
2021-06-23 09:40:52,1783.0,399724
2021-06-23 09:40:53,1783.35,400149
2021-06-23 09:40:54,1783.4,400270
2021-06-23 09:40:55,1780.85,408053
2021-06-23 09:40:56,1779.75,408640
2021-06-23 09:40:57,1780.9,409385
2021-06-23 09:40:58,1780.3,410352
2021-06-23 09:40:59,1780.35,410358
2021-06-23 09:41:00,1779.6,410732
2021-06-23 09:41:01,1780.0,410763
2021-06-23 09:41:02,1780.3,410844
2021-06-23 09:41:03,1781.35,410984
2021-06-23 09:41:04,1781.7,411113
2021-06-23 09:41:05,1782.0,411709
2021-06-23 09:41:06,1781.95,411738
2021-06-23 09:41:08,1782.15,411850
2021-06-23 09:41:09,1782.4,411994
2021-06-23 09:41:10,1782.4,411994
2021-06-23 09:41:12,1782.6,412217
2021-06-23 09:41:13,1781.95,412654
2021-06-23 09:41:14,1781.7,412791
2021-06-23 09:41:15,1781.95,412826
2021-06-23 09:41:16,1782.0,412863
2021-06-23 09:41:17,1781.7,412964
2021-06-23 09:41:18,1781.6,413119
2021-06-23 09:41:19,1782.0,413143
2021-06-23 09:41:20,1781.7,413144
2021-06-23 09:41:21,1781.2,413619
2021-06-23 09:41:22,1781.5,413652
2021-06-23 09:41:23,1781.15,413681
2021-06-23 09:41:25,1780.35,414092
2021-06-23 09:41:27,1781.15,414166
2021-06-23 09:41:27,1781.15,414166
2021-06-23 09:41:28,1781.15,414178
2021-06-23 09:41:29,1781.0,414237
2021-06-23 09:41:30,1781.6,414787
2021-06-23 09:41:31,1781.2,415094
2021-06-23 09:41:32,1780.6,415614
2021-06-23 09:41:35,1781.2,415765
2021-06-23 09:41:35,1781.2,415765
2021-06-23 09:41:36,1781.7,415799
2021-06-23 09:41:37,1781.7,415922
2021-06-23 09:41:38,1781.7,417107
2021-06-23 09:41:39,1781.7,417302
2021-06-23 09:41:40,1780.75,418321
2021-06-23 09:41:41,1780.95,419949
2021-06-23 09:41:42,1781.45,420151
2021-06-23 09:41:43,1781.65,420255
2021-06-23 09:41:44,1780.95,420735
2021-06-23 09:41:47,1781.6,421762
2021-06-23 09:41:48,1781.2,421764
2021-06-23 09:41:49,1781.2,421777
2021-06-23 09:41:49,1781.2,421777
2021-06-23 09:41:50,1781.2,421782
2021-06-23 09:41:51,1781.2,421802
2021-06-23 09:41:52,1781.0,421843
2021-06-23 09:41:53,1780.45,422218
2021-06-23 09:41:54,1781.2,422258
2021-06-23 09:41:55,1781.6,422805
2021-06-23 09:41:56,1781.6,422882
2021-06-23 09:41:57,1781.95,423391
2021-06-23 09:41:58,1781.45,423454
2021-06-23 09:41:59,1781.2,423465
2021-06-23 09:42:02,1780.3,424610
2021-06-23 09:42:02,1780.3,424610
2021-06-23 09:42:03,1781.45,424616
2021-06-23 09:42:04,1780.65,425028
2021-06-23 09:42:05,1781.3,425089
2021-06-23 09:42:06,1781.3,425146
2021-06-23 09:42:07,1780.75,425235
2021-06-23 09:42:08,1780.75,425235
2021-06-23 09:42:09,1781.0,425335
2021-06-23 09:42:10,1781.3,425430
2021-06-23 09:42:11,1780.65,425988
2021-06-23 09:42:12,1781.9,426093
2021-06-23 09:42:13,1780.75,426478
2021-06-23 09:42:15,1781.8,426519
2021-06-23 09:42:15,1781.8,426519
2021-06-23 09:42:16,1780.85,426520
2021-06-23 09:42:17,1780.85,426520
2021-06-23 09:42:18,1781.05,426988
2021-06-23 09:42:19,1781.05,426988
2021-06-23 09:42:20,1781.05,426988
2021-06-23 09:42:21,1780.85,427788
2021-06-23 09:42:22,1780.75,428038
2021-06-23 09:42:25,1780.5,429372
2021-06-23 09:42:26,1781.25,430123
2021-06-23 09:42:27,1780.55,430741
2021-06-23 09:42:28,1781.25,431996
2021-06-23 09:42:29,1781.25,431997
2021-06-23 09:42:30,1781.3,432072
2021-06-23 09:42:31,1780.4,432123
2021-06-23 09:42:32,1780.25,432403
2021-06-23 09:42:34,1780.85,432589
2021-06-23 09:42:34,1780.85,432589
2021-06-23 09:42:35,1781.1,432600
2021-06-23 09:42:36,1781.35,432602
2021-06-23 09:42:37,1781.7,432878
2021-06-23 09:42:38,1781.95,432900
2021-06-23 09:42:39,1781.95,432900
2021-06-23 09:42:40,1781.95,433507
2021-06-23 09:42:42,1781.95,433542
2021-06-23 09:42:43,1782.75,433557
2021-06-23 09:42:43,1782.75,433557
2021-06-23 09:42:44,1782.0,433737
2021-06-23 09:42:45,1782.4,433960
2021-06-23 09:42:46,1781.95,434456
2021-06-23 09:42:47,1781.1,434851
2021-06-23 09:42:48,1782.25,435057
2021-06-23 09:42:49,1782.0,435059
2021-06-23 09:42:50,1782.3,435084
2021-06-23 09:42:52,1781.5,435101
2021-06-23 09:42:52,1782.25,435102
2021-06-23 09:42:53,1781.95,435134
2021-06-23 09:42:54,1782.4,435179
2021-06-23 09:42:55,1782.4,435192
2021-06-23 09:42:56,1782.4,435199
2021-06-23 09:42:57,1782.4,435211
2021-06-23 09:42:58,1782.4,435363
2021-06-23 09:43:00,1782.4,435968
2021-06-23 09:43:01,1782.4,435998
2021-06-23 09:43:02,1782.4,436000
2021-06-23 09:43:03,1782.4,436643
2021-06-23 09:43:04,1782.35,437076
2021-06-23 09:43:05,1782.2,437824
2021-06-23 09:43:06,1781.15,437831
2021-06-23 09:43:07,1782.25,437841
2021-06-23 09:43:08,1782.2,437858
2021-06-23 09:43:10,1782.4,437945
2021-06-23 09:43:10,1782.2,438046
2021-06-23 09:43:11,1782.3,438228
2021-06-23 09:43:12,1782.35,438478
2021-06-23 09:43:13,1782.4,438628
2021-06-23 09:43:14,1782.4,438633
2021-06-23 09:43:15,1781.8,438646
2021-06-23 09:43:16,1782.35,438770
2021-06-23 09:43:17,1782.5,438776
2021-06-23 09:43:19,1782.35,438802
2021-06-23 09:43:20,1782.35,438802
2021-06-23 09:43:21,1781.85,438990
2021-06-23 09:43:22,1782.35,439014
2021-06-23 09:43:22,1782.0,439015
2021-06-23 09:43:23,1782.0,439083
2021-06-23 09:43:24,1781.45,439114
2021-06-23 09:43:25,1782.0,439124
2021-06-23 09:43:26,1782.0,439127
2021-06-23 09:43:27,1782.35,439172
2021-06-23 09:43:28,1782.35,439172
2021-06-23 09:43:30,1782.5,440197
2021-06-23 09:43:32,1781.75,443307
2021-06-23 09:43:33,1780.85,443332
2021-06-23 09:43:35,1781.1,445032
2021-06-23 09:43:35,1780.2,445073
2021-06-23 09:43:36,1779.05,448886
2021-06-23 09:43:37,1779.25,449957
2021-06-23 09:43:38,1780.5,449977
2021-06-23 09:43:39,1780.75,450132
2021-06-23 09:43:40,1779.95,451257
2021-06-23 09:43:41,1780.0,451292
2021-06-23 09:43:42,1779.95,451304
2021-06-23 09:43:43,1778.9,453153
2021-06-23 09:43:45,1777.0,455541
2021-06-23 09:43:46,1777.2,457948
2021-06-23 09:43:46,1777.55,458068
2021-06-23 09:43:47,1777.55,458115
2021-06-23 09:43:48,1777.55,458115
2021-06-23 09:43:49,1777.3,458667
2021-06-23 09:43:50,1777.4,458767
2021-06-23 09:43:52,1777.35,458776
2021-06-23 09:43:53,1777.3,459301
2021-06-23 09:43:54,1776.35,459414
2021-06-23 09:43:54,1776.7,459419
2021-06-23 09:43:55,1775.35,459894
2021-06-23 09:43:56,1774.45,462377
2021-06-23 09:43:58,1774.45,462497
2021-06-23 09:43:59,1773.4,466317
2021-06-23 09:44:00,1773.35,467034
2021-06-23 09:44:00,1773.65,467375
2021-06-23 09:44:01,1774.05,467596
2021-06-23 09:44:02,1774.05,468127
2021-06-23 09:44:03,1775.25,469462
2021-06-23 09:44:04,1775.95,470146
2021-06-23 09:44:06,1777.1,470221
2021-06-23 09:44:07,1777.0,471089
2021-06-23 09:44:09,1777.15,471440
2021-06-23 09:44:10,1777.6,472044
2021-06-23 09:44:11,1777.95,472201
2021-06-23 09:44:12,1778.05,472238
2021-06-23 09:44:12,1778.0,472338
2021-06-23 09:44:13,1777.25,472644
2021-06-23 09:44:14,1778.55,472965
2021-06-23 09:44:15,1778.55,472995
2021-06-23 09:44:16,1777.55,473192
2021-06-23 09:44:17,1777.55,473200
2021-06-23 09:44:18,1777.55,473285
2021-06-23 09:44:19,1777.3,473535
2021-06-23 09:44:20,1777.95,473645
2021-06-23 09:44:21,1777.95,473646
2021-06-23 09:44:22,1777.55,473676
2021-06-23 09:44:23,1777.9,473711
2021-06-23 09:44:26,1777.05,474182
2021-06-23 09:44:27,1778.4,474232
2021-06-23 09:44:27,1776.8,474657
2021-06-23 09:44:28,1777.8,474667
2021-06-23 09:44:29,1777.95,474793
2021-06-23 09:44:30,1778.2,474878
2021-06-23 09:44:32,1777.3,474978
2021-06-23 09:44:33,1777.05,475654
2021-06-23 09:44:34,1778.1,475704
2021-06-23 09:44:35,1778.0,475804
2021-06-23 09:44:35,1778.0,475804
2021-06-23 09:44:36,1778.5,476289
2021-06-23 09:44:37,1779.0,476592
2021-06-23 09:44:38,1778.5,477004
2021-06-23 09:44:39,1779.0,477175
2021-06-23 09:44:40,1779.0,477555
2021-06-23 09:44:41,1779.4,478056
2021-06-23 09:44:42,1779.0,478906
2021-06-23 09:44:43,1778.6,479022
2021-06-23 09:44:45,1778.55,479027
2021-06-23 09:44:46,1779.75,479405
2021-06-23 09:44:47,1779.05,479506
2021-06-23 09:44:48,1779.3,480011
2021-06-23 09:44:49,1779.55,480313
2021-06-23 09:44:50,1780.0,480574
2021-06-23 09:44:51,1781.0,480602
2021-06-23 09:44:52,1779.9,480622
2021-06-23 09:44:53,1780.95,480692
2021-06-23 09:44:55,1779.9,481123
2021-06-23 09:44:57,1780.4,481148
2021-06-23 09:44:58,1780.45,481150
2021-06-23 09:44:59,1780.45,481150
2021-06-23 09:45:00,1780.0,481252
2021-06-23 09:45:01,1779.15,481629
2021-06-23 09:45:01,1779.15,481629
2021-06-23 09:45:02,1780.35,481637
2021-06-23 09:45:03,1779.3,481639
2021-06-23 09:45:04,1780.25,481746
2021-06-23 09:45:05,1780.25,481774
2021-06-23 09:45:06,1780.0,481775
2021-06-23 09:45:07,1780.0,481776
2021-06-23 09:45:09,1779.35,481787
2021-06-23 09:45:10,1779.1,482561
2021-06-23 09:45:12,1778.2,482647
2021-06-23 09:45:12,1779.0,482648
2021-06-23 09:45:13,1779.0,482678
2021-06-23 09:45:14,1778.25,482721
2021-06-23 09:45:15,1779.0,482727
2021-06-23 09:45:16,1778.25,483112
2021-06-23 09:45:17,1778.25,483112
2021-06-23 09:45:18,1778.15,483292
2021-06-23 09:45:19,1778.2,483463
2021-06-23 09:45:21,1778.65,483528
2021-06-23 09:45:22,1778.75,483553
2021-06-23 09:45:23,1778.2,483585
2021-06-23 09:45:24,1778.5,483841
2021-06-23 09:45:25,1778.5,483841
2021-06-23 09:45:25,1778.6,483844
2021-06-23 09:45:26,1778.6,483860
2021-06-23 09:45:27,1777.75,484235
2021-06-23 09:45:28,1777.5,484243
2021-06-23 09:45:30,1777.5,484334
2021-06-23 09:45:31,1777.5,484335
2021-06-23 09:45:33,1778.0,484343
2021-06-23 09:45:34,1778.0,484360
2021-06-23 09:45:35,1777.15,484716
2021-06-23 09:45:35,1777.15,484716
2021-06-23 09:45:36,1778.5,485216
2021-06-23 09:45:37,1778.5,485216
2021-06-23 09:45:38,1777.75,485227
2021-06-23 09:45:39,1777.75,485300
2021-06-23 09:45:40,1777.75,485301
2021-06-23 09:45:41,1778.6,485302
2021-06-23 09:45:43,1778.6,485543
2021-06-23 09:45:44,1777.75,485698
2021-06-23 09:45:45,1777.75,485698
2021-06-23 09:45:46,1778.55,485777
2021-06-23 09:45:47,1778.55,485777
2021-06-23 09:45:48,1778.55,485777
2021-06-23 09:45:49,1778.55,485777
2021-06-23 09:45:50,1778.55,485777
2021-06-23 09:45:51,1778.6,485802
2021-06-23 09:45:53,1778.6,485804
2021-06-23 09:45:54,1778.6,485804
2021-06-23 09:45:55,1778.7,486586
2021-06-23 09:45:56,1778.6,486647
2021-06-23 09:45:58,1777.85,486650
2021-06-23 09:45:59,1778.55,486700
2021-06-23 09:46:00,1778.55,486700
2021-06-23 09:46:01,1778.4,486701
2021-06-23 09:46:02,1778.6,486721
2021-06-23 09:46:04,1779.0,486822
2021-06-23 09:46:05,1778.85,486827
2021-06-23 09:46:06,1778.85,486880
2021-06-23 09:46:07,1779.0,487061
2021-06-23 09:46:08,1778.95,487571
2021-06-23 09:46:09,1778.95,487596
2021-06-23 09:46:10,1778.1,487692
2021-06-23 09:46:11,1778.1,487708
2021-06-23 09:46:12,1778.1,487738
2021-06-23 09:46:13,1778.0,487909
2021-06-23 09:46:14,1779.15,487920
2021-06-23 09:46:15,1778.85,487922
2021-06-23 09:46:16,1779.0,487981
2021-06-23 09:46:17,1779.5,487983
2021-06-23 09:46:18,1779.5,487987
2021-06-23 09:46:18,1779.7,488159
2021-06-23 09:46:19,1779.65,488161
2021-06-23 09:46:20,1778.35,488556
2021-06-23 09:46:21,1778.35,488556
2021-06-23 09:46:22,1779.15,488573
2021-06-23 09:46:24,1778.5,488971
2021-06-23 09:46:25,1778.5,488971
2021-06-23 09:46:26,1778.5,488971
2021-06-23 09:46:28,1778.95,489514
2021-06-23 09:46:29,1778.9,489516
2021-06-23 09:46:30,1778.9,489546
2021-06-23 09:46:31,1778.9,489606
2021-06-23 09:46:33,1778.5,489632
2021-06-23 09:46:34,1778.5,489732
2021-06-23 09:46:35,1778.5,489732
2021-06-23 09:46:36,1778.5,489732
2021-06-23 09:46:37,1778.5,489732
2021-06-23 09:46:38,1778.5,489732
2021-06-23 09:46:38,1778.5,489732
2021-06-23 09:46:39,1778.5,489732
2021-06-23 09:46:42,1779.55,489832
2021-06-23 09:46:43,1778.95,489835
2021-06-23 09:46:44,1778.95,489835
2021-06-23 09:46:45,1778.95,489836
2021-06-23 09:46:46,1779.0,489866
2021-06-23 09:46:47,1779.6,489867
2021-06-23 09:46:47,1779.6,489867
2021-06-23 09:46:48,1779.6,489867
2021-06-23 09:46:49,1779.6,489867
2021-06-23 09:46:51,1779.7,489892
2021-06-23 09:46:52,1779.7,489892
2021-06-23 09:46:53,1779.7,489892
2021-06-23 09:46:54,1778.45,490504
2021-06-23 09:46:55,1778.75,490944
2021-06-23 09:46:55,1778.75,490944
2021-06-23 09:46:56,1778.75,490994
2021-06-23 09:46:57,1778.75,491004
2021-06-23 09:46:59,1777.8,491028
2021-06-23 09:47:00,1777.8,491028
2021-06-23 09:47:02,1777.8,491028
2021-06-23 09:47:03,1777.8,491028
2021-06-23 09:47:04,1778.0,491455
2021-06-23 09:47:06,1778.75,491465
2021-06-23 09:47:07,1778.75,491465
2021-06-23 09:47:08,1778.75,491465
2021-06-23 09:47:09,1778.75,491545
2021-06-23 09:47:10,1778.0,491667
2021-06-23 09:47:10,1778.85,491665
2021-06-23 09:47:11,1778.7,492012
2021-06-23 09:47:12,1778.8,492112
2021-06-23 09:47:13,1778.9,492116
2021-06-23 09:47:14,1778.9,492116
2021-06-23 09:47:16,1778.9,492174
2021-06-23 09:47:17,1778.9,492174
2021-06-23 09:47:18,1778.9,492185
2021-06-23 09:47:19,1779.0,492186
2021-06-23 09:47:19,1779.0,492187
2021-06-23 09:47:20,1778.9,492191
2021-06-23 09:47:21,1778.9,492249
2021-06-23 09:47:23,1779.0,492775
2021-06-23 09:47:24,1777.6,492975
2021-06-23 09:47:25,1777.6,492975
2021-06-23 09:47:25,1777.6,492975
2021-06-23 09:47:26,1777.6,492975
2021-06-23 09:47:27,1778.9,493031
2021-06-23 09:47:29,1778.9,493170
2021-06-23 09:47:30,1778.9,493245
2021-06-23 09:47:31,1778.9,493247
2021-06-23 09:47:32,1778.9,493257
2021-06-23 09:47:34,1778.9,493320
2021-06-23 09:47:34,1778.9,493320
2021-06-23 09:47:35,1778.9,493367
2021-06-23 09:47:36,1778.9,493381
2021-06-23 09:47:38,1778.05,493581
2021-06-23 09:47:39,1779.0,493781
2021-06-23 09:47:40,1779.0,493781
2021-06-23 09:47:41,1779.0,493812
2021-06-23 09:47:42,1779.0,493812
2021-06-23 09:47:44,1778.9,493821
2021-06-23 09:47:45,1778.9,493821
2021-06-23 09:47:46,1778.9,493826
2021-06-23 09:47:46,1778.9,493826
2021-06-23 09:47:48,1779.0,494544
2021-06-23 09:47:49,1778.9,494549
2021-06-23 09:47:50,1778.9,494579
2021-06-23 09:47:51,1778.9,494579
2021-06-23 09:47:52,1778.9,494984
2021-06-23 09:47:53,1779.0,495001
2021-06-23 09:47:54,1779.0,495001
2021-06-23 09:47:55,1779.0,495001
2021-06-23 09:47:56,1779.0,495004
2021-06-23 09:47:57,1779.0,495044
2021-06-23 09:47:58,1778.25,495049
2021-06-23 09:47:59,1779.0,495050
2021-06-23 09:48:00,1779.0,495071
2021-06-23 09:48:01,1779.0,495088
2021-06-23 09:48:01,1779.0,495088
2021-06-23 09:48:02,1778.3,495104
2021-06-23 09:48:03,1778.3,495104
2021-06-23 09:48:05,1778.3,495104
2021-06-23 09:48:06,1778.3,495104
2021-06-23 09:48:07,1778.3,495104
2021-06-23 09:48:08,1779.8,496028
2021-06-23 09:48:09,1779.0,496295
2021-06-23 09:48:09,1779.0,496295
2021-06-23 09:48:10,1779.0,496295
2021-06-23 09:48:12,1779.95,496377
2021-06-23 09:48:13,1779.0,496378
2021-06-23 09:48:14,1780.0,496393
2021-06-23 09:48:15,1780.0,496453
2021-06-23 09:48:16,1780.0,496478
2021-06-23 09:48:17,1780.0,496478
2021-06-23 09:48:18,1780.0,496523
2021-06-23 09:48:19,1780.0,497094
2021-06-23 09:48:20,1779.95,497120
2021-06-23 09:48:21,1779.25,497220
2021-06-23 09:48:22,1780.55,497353
2021-06-23 09:48:22,1780.55,497358
2021-06-23 09:48:23,1780.55,497358
2021-06-23 09:48:24,1781.0,497486
2021-06-23 09:48:25,1781.0,497514
2021-06-23 09:48:26,1780.55,497616
2021-06-23 09:48:28,1781.25,498168
2021-06-23 09:48:29,1780.75,498188
2021-06-23 09:48:30,1781.7,498238
2021-06-23 09:48:31,1781.8,498439
2021-06-23 09:48:32,1781.8,498490
2021-06-23 09:48:33,1780.9,498595
2021-06-23 09:48:34,1781.95,498874
2021-06-23 09:48:35,1781.85,498885
2021-06-23 09:48:36,1781.85,499001
2021-06-23 09:48:37,1782.0,499426
2021-06-23 09:48:38,1782.0,499552
2021-06-23 09:48:38,1782.0,499552
2021-06-23 09:48:40,1782.0,499552
2021-06-23 09:48:41,1782.0,499617
2021-06-23 09:48:42,1782.0,499620
2021-06-23 09:48:43,1782.0,499645
2021-06-23 09:48:44,1782.0,499746
2021-06-23 09:48:45,1781.1,499747
2021-06-23 09:48:46,1781.1,499747
2021-06-23 09:48:47,1781.95,499817
2021-06-23 09:48:48,1781.9,499960
2021-06-23 09:48:49,1781.95,499961
2021-06-23 09:48:50,1781.85,499966
2021-06-23 09:48:51,1781.85,499966
2021-06-23 09:48:52,1779.45,501471
2021-06-23 09:48:52,1781.15,499967
2021-06-23 09:48:54,1779.2,501902
2021-06-23 09:48:55,1779.3,502073
2021-06-23 09:48:56,1779.3,502073
2021-06-23 09:48:57,1779.75,502153
2021-06-23 09:48:58,1779.75,502153
2021-06-23 09:48:59,1780.85,502158
2021-06-23 09:49:00,1779.8,502308
2021-06-23 09:49:01,1779.7,502448
2021-06-23 09:49:01,1779.7,502448
2021-06-23 09:49:03,1780.9,502453
2021-06-23 09:49:04,1779.85,502553
2021-06-23 09:49:05,1780.0,502635
2021-06-23 09:49:06,1780.75,502661
2021-06-23 09:49:07,1780.5,502669
2021-06-23 09:49:08,1779.0,503150
2021-06-23 09:49:09,1779.55,504222
2021-06-23 09:49:09,1779.0,504242
2021-06-23 09:49:11,1778.8,504463
2021-06-23 09:49:12,1780.35,504640
2021-06-23 09:49:13,1779.0,504651
2021-06-23 09:49:14,1779.1,504652
2021-06-23 09:49:15,1779.15,506611
2021-06-23 09:49:16,1780.25,507017
2021-06-23 09:49:16,1780.25,507017
2021-06-23 09:49:17,1779.85,507057
2021-06-23 09:49:19,1780.65,507107
2021-06-23 09:49:20,1780.65,507107
2021-06-23 09:49:21,1780.7,507183
2021-06-23 09:49:22,1779.9,507223
2021-06-23 09:49:23,1779.9,507223
2021-06-23 09:49:24,1779.95,507233
2021-06-23 09:49:25,1779.95,507252
2021-06-23 09:49:26,1779.95,508787
2021-06-23 09:49:27,1779.95,509177
2021-06-23 09:49:28,1779.95,509177
2021-06-23 09:49:29,1780.0,509185
2021-06-23 09:49:30,1779.2,509195
2021-06-23 09:49:31,1779.35,509307
2021-06-23 09:49:32,1779.35,509307
2021-06-23 09:49:32,1779.35,509307
2021-06-23 09:49:33,1779.4,509316
2021-06-23 09:49:35,1779.4,509316
2021-06-23 09:49:36,1779.4,509350
2021-06-23 09:49:37,1780.45,509365
2021-06-23 09:49:38,1780.45,509365
2021-06-23 09:49:39,1779.15,509469
2021-06-23 09:49:39,1779.15,509469
2021-06-23 09:49:40,1780.3,509479
2021-06-23 09:49:42,1780.3,509479
2021-06-23 09:49:43,1780.3,509484
2021-06-23 09:49:44,1780.3,509484
2021-06-23 09:49:45,1780.0,509485
2021-06-23 09:49:46,1778.35,510226
2021-06-23 09:49:47,1778.85,510651
2021-06-23 09:49:48,1778.85,510655
2021-06-23 09:49:49,1778.85,510665
2021-06-23 09:49:50,1778.95,510776
2021-06-23 09:49:51,1779.2,510907
2021-06-23 09:49:52,1779.2,510907
2021-06-23 09:49:53,1779.2,510907
2021-06-23 09:49:54,1779.2,510907
2021-06-23 09:49:55,1779.95,511207
2021-06-23 09:49:56,1779.95,511237
2021-06-23 09:49:57,1779.0,511238
2021-06-23 09:49:58,1779.0,511259
2021-06-23 09:50:01,1779.85,511282
2021-06-23 09:50:02,1778.9,511331
2021-06-23 09:50:03,1779.85,511431
2021-06-23 09:50:04,1779.55,511529
2021-06-23 09:50:05,1779.55,511531
2021-06-23 09:50:06,1779.0,511552
2021-06-23 09:50:08,1778.8,511581
2021-06-23 09:50:09,1779.0,511582
2021-06-23 09:50:10,1779.7,511693
2021-06-23 09:50:11,1778.45,511745
2021-06-23 09:50:12,1778.45,511745
2021-06-23 09:50:13,1778.45,511745
2021-06-23 09:50:14,1779.0,511795
2021-06-23 09:50:15,1779.55,511825
2021-06-23 09:50:16,1779.55,511826
2021-06-23 09:50:18,1779.55,511828
2021-06-23 09:50:19,1779.85,511838
2021-06-23 09:50:20,1779.85,511838
2021-06-23 09:50:21,1779.85,511838
2021-06-23 09:50:22,1779.55,511859
2021-06-23 09:50:23,1779.85,511884
2021-06-23 09:50:24,1779.85,511884
2021-06-23 09:50:25,1779.55,511909
2021-06-23 09:50:26,1779.55,511909
2021-06-23 09:50:27,1779.55,511909
2021-06-23 09:50:28,1779.55,511909
2021-06-23 09:50:30,1779.55,511909
2021-06-23 09:50:31,1780.0,511919
2021-06-23 09:50:32,1780.0,511929
2021-06-23 09:50:33,1780.65,512785
2021-06-23 09:50:34,1780.75,512796
2021-06-23 09:50:35,1780.1,512798
2021-06-23 09:50:36,1780.1,512798
2021-06-23 09:50:37,1780.0,513008
2021-06-23 09:50:38,1779.1,514278
2021-06-23 09:50:39,1780.45,514293
2021-06-23 09:50:40,1780.45,514293
2021-06-23 09:50:41,1780.0,514343
2021-06-23 09:50:42,1780.2,514363
2021-06-23 09:50:43,1780.7,514463
2021-06-23 09:50:44,1780.2,514468
2021-06-23 09:50:46,1780.65,514469
2021-06-23 09:50:47,1780.65,514474
2021-06-23 09:50:48,1780.1,514558
2021-06-23 09:50:49,1780.0,514658
2021-06-23 09:50:50,1780.5,514758
2021-06-23 09:50:51,1780.5,514758
2021-06-23 09:50:52,1780.5,514758
2021-06-23 09:50:53,1780.5,514758
2021-06-23 09:50:54,1780.6,514808
2021-06-23 09:50:55,1780.7,514959
2021-06-23 09:50:56,1780.7,514959
2021-06-23 09:50:57,1780.0,514994
2021-06-23 09:50:58,1779.5,515097
2021-06-23 09:50:59,1779.5,515097
2021-06-23 09:51:00,1780.0,515100
2021-06-23 09:51:01,1779.2,515158
2021-06-23 09:51:02,1779.2,515158
2021-06-23 09:51:03,1779.2,515158
2021-06-23 09:51:04,1780.0,515159
2021-06-23 09:51:05,1780.6,515176
2021-06-23 09:51:06,1780.6,515176
2021-06-23 09:51:07,1780.65,515181
2021-06-23 09:51:08,1780.0,515207
2021-06-23 09:51:09,1780.0,515207
2021-06-23 09:51:10,1779.55,515208
2021-06-23 09:51:11,1780.0,515234
2021-06-23 09:51:12,1780.0,515234
2021-06-23 09:51:13,1780.0,515234
2021-06-23 09:51:14,1780.0,515234
2021-06-23 09:51:15,1779.6,515339
2021-06-23 09:51:16,1780.0,515387
2021-06-23 09:51:17,1780.0,515387
2021-06-23 09:51:18,1780.0,515387
2021-06-23 09:51:20,1780.0,515428
2021-06-23 09:51:19,1780.0,515428
2021-06-23 09:51:21,1780.0,515428
2021-06-23 09:51:22,1780.0,515428
2021-06-23 09:51:23,1780.0,515438
2021-06-23 09:51:24,1780.0,515459
2021-06-23 09:51:25,1780.0,515459
2021-06-23 09:51:26,1780.0,515460
2021-06-23 09:51:27,1780.0,515470
2021-06-23 09:51:28,1780.0,515470
2021-06-23 09:51:29,1780.0,515485
2021-06-23 09:51:30,1780.0,515485
2021-06-23 09:51:31,1780.0,515485
2021-06-23 09:51:32,1780.0,515485
2021-06-23 09:51:33,1780.0,515535
2021-06-23 09:51:34,1780.0,515672
2021-06-23 09:51:35,1780.0,515672
2021-06-23 09:51:36,1780.45,515944
2021-06-23 09:51:37,1780.0,516049
2021-06-23 09:51:38,1780.0,516049
2021-06-23 09:51:39,1780.0,516099
2021-06-23 09:51:40,1780.0,516099
2021-06-23 09:51:41,1780.45,516100
2021-06-23 09:51:42,1779.0,516400
2021-06-23 09:51:43,1779.0,516400
2021-06-23 09:51:44,1779.0,516400
2021-06-23 09:51:45,1780.0,516411
2021-06-23 09:51:46,1780.0,516411
2021-06-23 09:51:47,1779.25,516483
2021-06-23 09:51:48,1779.25,516483
2021-06-23 09:51:49,1779.25,516483
2021-06-23 09:51:50,1779.2,516533
2021-06-23 09:51:51,1779.95,516534
2021-06-23 09:51:52,1779.2,516535
2021-06-23 09:51:53,1779.2,516545
2021-06-23 09:51:55,1779.95,516559
2021-06-23 09:51:56,1779.2,516629
2021-06-23 09:51:57,1778.85,518112
2021-06-23 09:51:58,1777.0,519125
2021-06-23 09:52:00,1777.0,519125
2021-06-23 09:52:00,1777.25,519275
2021-06-23 09:52:01,1778.55,519360
2021-06-23 09:52:02,1777.3,519435
2021-06-23 09:52:04,1778.0,519441
2021-06-23 09:52:05,1778.8,519487
2021-06-23 09:52:07,1778.85,519587
2021-06-23 09:52:07,1778.85,519587
2021-06-23 09:52:09,1778.1,519597
2021-06-23 09:52:09,1778.1,519597
2021-06-23 09:52:11,1778.1,519600
2021-06-23 09:52:12,1778.1,519660
2021-06-23 09:52:13,1779.1,519662
2021-06-23 09:52:13,1778.15,519667
2021-06-23 09:52:15,1778.5,519672
2021-06-23 09:52:16,1778.15,519922
2021-06-23 09:52:16,1778.15,519922
2021-06-23 09:52:17,1778.15,519922
2021-06-23 09:52:18,1778.15,519922
2021-06-23 09:52:19,1778.5,519929
2021-06-23 09:52:20,1778.15,519934
2021-06-23 09:52:21,1778.15,519934
2021-06-23 09:52:22,1778.15,520030
2021-06-23 09:52:23,1778.15,520039
2021-06-23 09:52:24,1778.15,520262
2021-06-23 09:52:25,1778.15,520262
2021-06-23 09:52:26,1778.15,520262
2021-06-23 09:52:27,1778.15,520262
2021-06-23 09:52:28,1778.8,520344
2021-06-23 09:52:30,1778.8,520344
2021-06-23 09:52:30,1778.8,520344
2021-06-23 09:52:31,1778.8,520478
2021-06-23 09:52:32,1778.8,520478
2021-06-23 09:52:33,1778.2,520495
2021-06-23 09:52:34,1778.15,520505
2021-06-23 09:52:35,1778.15,520505
2021-06-23 09:52:36,1778.15,520505
2021-06-23 09:52:37,1778.1,520525
2021-06-23 09:52:38,1778.1,520526
2021-06-23 09:52:39,1778.1,520526
2021-06-23 09:52:40,1778.1,520528
2021-06-23 09:52:41,1778.1,520528
2021-06-23 09:52:43,1778.1,520528
2021-06-23 09:52:43,1778.85,520553
2021-06-23 09:52:45,1778.85,520553
2021-06-23 09:52:46,1778.2,520586
2021-06-23 09:52:46,1778.2,520586
2021-06-23 09:52:47,1778.85,520612
2021-06-23 09:52:48,1779.0,520652
2021-06-23 09:52:49,1779.0,520732
2021-06-23 09:52:50,1779.0,520732
2021-06-23 09:52:51,1777.0,521645
2021-06-23 09:52:52,1778.65,521866
2021-06-23 09:52:53,1778.65,521866
2021-06-23 09:52:54,1778.0,522156
2021-06-23 09:52:55,1778.0,522161
2021-06-23 09:52:56,1777.5,522536
2021-06-23 09:52:57,1777.5,522536
2021-06-23 09:52:58,1777.45,522636
2021-06-23 09:52:59,1777.45,522636
2021-06-23 09:53:01,1778.0,522640
2021-06-23 09:53:02,1778.0,522640
2021-06-23 09:53:03,1778.0,522641
2021-06-23 09:53:03,1778.0,522641
2021-06-23 09:53:04,1778.65,522666
2021-06-23 09:53:06,1777.7,522890
2021-06-23 09:53:07,1777.7,522890
2021-06-23 09:53:07,1777.7,522890
2021-06-23 09:53:08,1778.0,522919
2021-06-23 09:53:09,1778.85,522945
2021-06-23 09:53:10,1778.5,523022
2021-06-23 09:53:11,1778.5,523025
2021-06-23 09:53:12,1778.5,523085
2021-06-23 09:53:13,1778.5,523085
2021-06-23 09:53:14,1778.45,523111
2021-06-23 09:53:15,1778.45,523114
2021-06-23 09:53:17,1777.5,523222
2021-06-23 09:53:17,1777.45,523232
2021-06-23 09:53:18,1775.0,527876
2021-06-23 09:53:19,1776.45,527976
2021-06-23 09:53:20,1776.45,527976
2021-06-23 09:53:21,1775.9,528196
2021-06-23 09:53:22,1775.8,528294
2021-06-23 09:53:23,1775.8,528295
2021-06-23 09:53:24,1775.65,528548
2021-06-23 09:53:25,1775.7,528552
2021-06-23 09:53:26,1775.0,528667
2021-06-23 09:53:27,1775.0,528667
2021-06-23 09:53:28,1775.05,529007
2021-06-23 09:53:29,1775.9,529027
2021-06-23 09:53:30,1775.9,529027
2021-06-23 09:53:32,1776.0,529132
2021-06-23 09:53:32,1776.0,529132
2021-06-23 09:53:33,1776.0,529134
2021-06-23 09:53:34,1775.1,529199
2021-06-23 09:53:35,1775.0,529307
2021-06-23 09:53:37,1775.8,529530
2021-06-23 09:53:37,1774.75,529655
2021-06-23 09:53:38,1775.0,529657
2021-06-23 09:53:39,1775.2,529668
2021-06-23 09:53:41,1774.9,530049
2021-06-23 09:53:41,1774.6,529998
2021-06-23 09:53:42,1774.75,530344
2021-06-23 09:53:43,1774.75,530674
2021-06-23 09:53:44,1774.75,530674
2021-06-23 09:53:45,1775.0,530807
2021-06-23 09:53:46,1775.0,530812
2021-06-23 09:53:47,1775.0,530828
2021-06-23 09:53:48,1775.0,530828
2021-06-23 09:53:50,1776.0,530928
2021-06-23 09:53:51,1775.65,531163
2021-06-23 09:53:51,1775.65,531163
2021-06-23 09:53:52,1775.65,531164
2021-06-23 09:53:53,1775.2,531590
2021-06-23 09:53:54,1776.0,531820
2021-06-23 09:53:56,1776.0,531880
2021-06-23 09:53:57,1775.1,531980
2021-06-23 09:53:59,1776.5,532357
2021-06-23 09:54:00,1776.75,532367
2021-06-23 09:54:01,1776.65,532375
2021-06-23 09:54:02,1775.85,532376
2021-06-23 09:54:02,1775.85,532376
2021-06-23 09:54:04,1775.85,532389
2021-06-23 09:54:04,1776.7,532464
2021-06-23 09:54:06,1776.75,532514
2021-06-23 09:54:07,1774.0,534636
2021-06-23 09:54:07,1774.25,533819
2021-06-23 09:54:08,1775.4,535214
2021-06-23 09:54:09,1774.4,535235
2021-06-23 09:54:10,1774.4,535235
2021-06-23 09:54:11,1775.45,535310
2021-06-23 09:54:13,1775.0,535480
2021-06-23 09:54:14,1775.0,535480
2021-06-23 09:54:15,1775.6,535500
2021-06-23 09:54:16,1775.0,535873
2021-06-23 09:54:17,1774.0,536123
2021-06-23 09:54:19,1774.0,536123
2021-06-23 09:54:20,1774.0,536123
2021-06-23 09:54:21,1774.45,536758
2021-06-23 09:54:22,1774.55,536783
2021-06-23 09:54:23,1774.55,536803
2021-06-23 09:54:24,1774.55,536843
2021-06-23 09:54:25,1774.55,537093
2021-06-23 09:54:26,1775.0,537343
2021-06-23 09:54:27,1774.45,537344
2021-06-23 09:54:27,1774.45,537344
2021-06-23 09:54:28,1775.0,537372
2021-06-23 09:54:29,1774.3,537396
2021-06-23 09:54:30,1774.3,537396
2021-06-23 09:54:31,1775.0,537512
2021-06-23 09:54:32,1774.35,537553
2021-06-23 09:54:33,1774.35,537557
2021-06-23 09:54:34,1774.35,537557
2021-06-23 09:54:35,1775.5,537578
2021-06-23 09:54:36,1775.0,537580
2021-06-23 09:54:37,1775.0,537646
2021-06-23 09:54:38,1775.5,537647
2021-06-23 09:54:39,1775.6,537704
2021-06-23 09:54:41,1775.65,537822
2021-06-23 09:54:42,1774.65,537873
2021-06-23 09:54:44,1774.55,537967
2021-06-23 09:54:45,1775.3,538010
2021-06-23 09:54:45,1775.3,538010
2021-06-23 09:54:47,1775.3,538112
2021-06-23 09:54:48,1775.0,538772
2021-06-23 09:54:50,1775.3,538800
2021-06-23 09:54:51,1774.45,539176
2021-06-23 09:54:52,1774.55,539179
2021-06-23 09:54:53,1775.4,539209
2021-06-23 09:54:54,1774.3,539412
2021-06-23 09:54:55,1774.3,539412
2021-06-23 09:54:56,1774.3,539412
2021-06-23 09:54:57,1774.55,539420
2021-06-23 09:54:58,1774.55,539420
2021-06-23 09:54:59,1774.55,539420
2021-06-23 09:55:00,1774.55,539448
2021-06-23 09:55:00,1774.55,539448
2021-06-23 09:55:01,1774.55,539674
2021-06-23 09:55:02,1774.55,539778
2021-06-23 09:55:03,1774.3,539868
2021-06-23 09:55:04,1773.5,542001
2021-06-23 09:55:05,1773.5,542414
2021-06-23 09:55:06,1774.45,542424
2021-06-23 09:55:08,1773.55,542739
2021-06-23 09:55:09,1773.55,543089
2021-06-23 09:55:10,1773.5,543396
2021-06-23 09:55:11,1773.55,543405
2021-06-23 09:55:12,1774.5,543448
2021-06-23 09:55:13,1773.55,543915
2021-06-23 09:55:14,1774.0,543929
2021-06-23 09:55:15,1773.5,543934
2021-06-23 09:55:16,1773.6,543936
2021-06-23 09:55:18,1773.65,544173
2021-06-23 09:55:19,1773.6,544277
2021-06-23 09:55:20,1773.6,544277
2021-06-23 09:55:20,1773.6,544277
2021-06-23 09:55:21,1774.0,544327
2021-06-23 09:55:22,1773.65,544407
2021-06-23 09:55:24,1773.65,544407
2021-06-23 09:55:25,1773.65,544407
2021-06-23 09:55:25,1774.45,544417
2021-06-23 09:55:26,1774.45,544496
2021-06-23 09:55:27,1774.0,544549
2021-06-23 09:55:28,1773.6,544704
2021-06-23 09:55:29,1774.0,545085
2021-06-23 09:55:30,1774.4,545240
2021-06-23 09:55:31,1774.4,545240
2021-06-23 09:55:33,1774.0,545246
2021-06-23 09:55:34,1774.0,545246
2021-06-23 09:55:35,1774.0,545246
2021-06-23 09:55:35,1774.0,545246
2021-06-23 09:55:36,1774.0,545281
2021-06-23 09:55:37,1774.4,545492
2021-06-23 09:55:38,1773.75,545494
2021-06-23 09:55:39,1773.7,545594
2021-06-23 09:55:41,1774.55,546293
2021-06-23 09:55:43,1773.7,546843
2021-06-23 09:55:44,1774.7,546893
2021-06-23 09:55:44,1774.7,546893
2021-06-23 09:55:45,1774.7,546899
2021-06-23 09:55:46,1773.9,546906
2021-06-23 09:55:47,1773.85,546922
2021-06-23 09:55:48,1774.1,546964
2021-06-23 09:55:49,1774.0,547064
2021-06-23 09:55:50,1774.4,548153
2021-06-23 09:55:51,1774.25,548280
2021-06-23 09:55:52,1774.25,548280
2021-06-23 09:55:53,1774.55,548282
2021-06-23 09:55:54,1774.5,548382
2021-06-23 09:55:55,1774.5,548382
2021-06-23 09:55:57,1774.7,548383
2021-06-23 09:55:58,1774.5,548401
2021-06-23 09:55:59,1774.7,548419
2021-06-23 09:55:59,1774.7,548419
2021-06-23 09:56:00,1774.7,548430
2021-06-23 09:56:01,1774.5,548475
2021-06-23 09:56:02,1774.5,548485
2021-06-23 09:56:03,1774.5,548524
2021-06-23 09:56:05,1774.7,548558
2021-06-23 09:56:06,1774.5,548585
2021-06-23 09:56:06,1774.5,548585
2021-06-23 09:56:07,1774.5,548592
2021-06-23 09:56:08,1774.5,548592
2021-06-23 09:56:09,1774.5,548592
2021-06-23 09:56:10,1774.7,548677
2021-06-23 09:56:11,1774.55,548777
2021-06-23 09:56:12,1774.55,548946
2021-06-23 09:56:13,1774.55,548946
2021-06-23 09:56:15,1774.55,549053
2021-06-23 09:56:17,1774.8,549058
2021-06-23 09:56:18,1774.6,549068
2021-06-23 09:56:19,1774.5,551264
2021-06-23 09:56:19,1774.95,551275
2021-06-23 09:56:21,1774.8,551605
2021-06-23 09:56:22,1774.8,551605
2021-06-23 09:56:23,1774.8,551633
2021-06-23 09:56:24,1774.8,551668
2021-06-23 09:56:25,1774.8,551668
2021-06-23 09:56:26,1774.75,551817
2021-06-23 09:56:27,1774.75,551817
2021-06-23 09:56:28,1774.75,551817
2021-06-23 09:56:29,1773.8,551882
2021-06-23 09:56:30,1773.75,551884
2021-06-23 09:56:31,1774.65,551904
2021-06-23 09:56:32,1774.65,551904
2021-06-23 09:56:33,1773.8,551910
2021-06-23 09:56:34,1774.65,551924
2021-06-23 09:56:34,1774.75,552329
2021-06-23 09:56:35,1774.95,552350
2021-06-23 09:56:36,1774.8,552674
2021-06-23 09:56:37,1774.8,552691
2021-06-23 09:56:38,1774.25,552692
2021-06-23 09:56:40,1773.8,552974
2021-06-23 09:56:41,1773.8,552974
2021-06-23 09:56:42,1773.55,553256
2021-06-23 09:56:43,1774.65,553259
2021-06-23 09:56:44,1774.0,553299
2021-06-23 09:56:45,1774.65,553399
2021-06-23 09:56:46,1774.4,553514
2021-06-23 09:56:46,1774.45,553464
2021-06-23 09:56:47,1773.55,553708
2021-06-23 09:56:48,1774.0,554047
2021-06-23 09:56:50,1774.0,554065
2021-06-23 09:56:51,1774.2,554106
2021-06-23 09:56:52,1774.0,554123
2021-06-23 09:56:53,1774.25,554226
2021-06-23 09:56:54,1773.4,554383
2021-06-23 09:56:55,1774.3,554640
2021-06-23 09:56:56,1774.3,554642
2021-06-23 09:56:56,1774.3,554642
2021-06-23 09:56:57,1774.2,554756
2021-06-23 09:56:58,1774.2,554756
2021-06-23 09:57:00,1774.15,555092
2021-06-23 09:57:01,1774.15,555092
2021-06-23 09:57:02,1773.4,555530
2021-06-23 09:57:04,1774.15,555559
2021-06-23 09:57:05,1774.7,555642
2021-06-23 09:57:06,1774.4,555726
2021-06-23 09:57:07,1774.4,555726
2021-06-23 09:57:08,1774.75,555795
2021-06-23 09:57:09,1774.75,555802
2021-06-23 09:57:10,1774.15,555842
2021-06-23 09:57:11,1774.15,555842
2021-06-23 09:57:11,1774.15,555842
2021-06-23 09:57:12,1774.15,555842
2021-06-23 09:57:14,1774.75,555856
2021-06-23 09:57:14,1774.75,555856
2021-06-23 09:57:15,1774.75,555917
2021-06-23 09:57:16,1774.75,555917
2021-06-23 09:57:17,1774.15,555951
2021-06-23 09:57:20,1774.15,555951
2021-06-23 09:57:21,1774.15,555951
2021-06-23 09:57:22,1774.15,555951
2021-06-23 09:57:23,1774.15,555951
2021-06-23 09:57:24,1774.15,555951
2021-06-23 09:57:24,1774.15,555951
2021-06-23 09:57:27,1774.5,556208
2021-06-23 09:57:28,1774.25,556233
2021-06-23 09:57:29,1774.25,556243
2021-06-23 09:57:30,1774.25,556243
2021-06-23 09:57:31,1774.25,556243
2021-06-23 09:57:32,1774.25,556243
2021-06-23 09:57:33,1775.0,556443
2021-06-23 09:57:34,1774.35,556493
2021-06-23 09:57:35,1775.0,556538
2021-06-23 09:57:36,1775.0,556538
2021-06-23 09:57:37,1775.0,556538
2021-06-23 09:57:37,1775.0,556538
2021-06-23 09:57:38,1774.4,557688
2021-06-23 09:57:39,1775.15,557759
2021-06-23 09:57:41,1775.0,557859
2021-06-23 09:57:42,1774.35,557867
2021-06-23 09:57:43,1775.15,557967
2021-06-23 09:57:44,1775.15,557967
2021-06-23 09:57:45,1774.5,557980
2021-06-23 09:57:46,1774.5,557980
2021-06-23 09:57:46,1774.1,558154
2021-06-23 09:57:48,1775.05,558164
2021-06-23 09:57:50,1775.05,558164
2021-06-23 09:57:51,1775.0,558210
2021-06-23 09:57:52,1774.15,558303
2021-06-23 09:57:52,1774.15,558303
2021-06-23 09:57:53,1775.1,558343
2021-06-23 09:57:54,1775.1,558343
2021-06-23 09:57:56,1775.1,558343
2021-06-23 09:57:58,1775.0,558355
2021-06-23 09:57:59,1775.0,558355
2021-06-23 09:58:00,1775.0,558355
2021-06-23 09:58:00,1775.0,558355
2021-06-23 09:58:02,1774.35,558490
2021-06-23 09:58:03,1774.35,558490
2021-06-23 09:58:04,1774.35,558490
2021-06-23 09:58:05,1775.05,558550
2021-06-23 09:58:05,1775.05,558550
2021-06-23 09:58:06,1774.35,558696
2021-06-23 09:58:07,1775.35,558796
2021-06-23 09:58:10,1775.35,558963
2021-06-23 09:58:11,1775.35,558963
2021-06-23 09:58:11,1775.35,558963
2021-06-23 09:58:12,1775.35,558963
2021-06-23 09:58:14,1775.35,558963
2021-06-23 09:58:15,1775.35,558963
2021-06-23 09:58:16,1775.35,558963
2021-06-23 09:58:17,1775.35,558968
2021-06-23 09:58:18,1775.35,558968
2021-06-23 09:58:19,1775.35,559013
2021-06-23 09:58:20,1774.6,559015
2021-06-23 09:58:21,1775.35,559020
2021-06-23 09:58:21,1775.35,559020
2021-06-23 09:58:22,1775.35,559027
2021-06-23 09:58:24,1775.35,559034
2021-06-23 09:58:25,1775.25,559549
2021-06-23 09:58:26,1775.25,559549
2021-06-23 09:58:28,1775.25,559599
2021-06-23 09:58:28,1775.25,559599
2021-06-23 09:58:29,1775.25,559599
2021-06-23 09:58:30,1775.25,559599
2021-06-23 09:58:33,1775.0,560374
2021-06-23 09:58:34,1775.0,560388
2021-06-23 09:58:35,1775.0,560388
2021-06-23 09:58:36,1775.0,560388
2021-06-23 09:58:37,1775.0,560388
2021-06-23 09:58:38,1775.0,560388
2021-06-23 09:58:39,1775.0,560388
2021-06-23 09:58:40,1774.95,560528
2021-06-23 09:58:40,1774.95,560528
2021-06-23 09:58:41,1774.35,560578
2021-06-23 09:58:43,1774.35,560578
2021-06-23 09:58:44,1774.85,560590
2021-06-23 09:58:45,1774.35,560712
2021-06-23 09:58:46,1774.35,560712
2021-06-23 09:58:47,1774.85,560722
2021-06-23 09:58:48,1774.85,560723
2021-06-23 09:58:49,1774.2,560836
2021-06-23 09:58:50,1774.2,560836
2021-06-23 09:58:50,1774.75,560863
2021-06-23 09:58:52,1774.1,560879
2021-06-23 09:58:53,1774.85,560886
2021-06-23 09:58:54,1774.0,561203
2021-06-23 09:58:55,1773.3,561481
2021-06-23 09:58:56,1773.3,561481
2021-06-23 09:58:58,1773.3,561481
2021-06-23 09:58:59,1773.25,561501
2021-06-23 09:59:00,1773.0,561569
2021-06-23 09:59:02,1773.85,561570
2021-06-23 09:59:03,1773.85,561590
2021-06-23 09:59:06,1773.8,561679
2021-06-23 09:59:08,1773.25,561736
2021-06-23 09:59:09,1773.0,561936
2021-06-23 09:59:10,1773.25,561962
2021-06-23 09:59:11,1773.0,562062
2021-06-23 09:59:12,1773.0,562089
2021-06-23 09:59:13,1773.0,562650
2021-06-23 09:59:14,1773.0,562650
2021-06-23 09:59:14,1773.25,562651
2021-06-23 09:59:15,1773.0,562661
2021-06-23 09:59:17,1772.45,563084
2021-06-23 09:59:18,1773.25,563100
2021-06-23 09:59:19,1773.2,563291
2021-06-23 09:59:20,1773.0,563419
2021-06-23 09:59:21,1773.0,563555
2021-06-23 09:59:22,1773.0,563560
2021-06-23 09:59:23,1773.55,563660
2021-06-23 09:59:24,1773.0,563700
2021-06-23 09:59:25,1773.0,563700
2021-06-23 09:59:26,1773.0,563795
2021-06-23 09:59:27,1773.0,563795
2021-06-23 09:59:28,1773.0,563795
2021-06-23 09:59:28,1773.0,563795
2021-06-23 09:59:30,1773.05,563860
2021-06-23 09:59:31,1773.0,563910
2021-06-23 09:59:32,1773.0,563920
2021-06-23 09:59:33,1773.0,563920
2021-06-23 09:59:33,1773.0,563920
2021-06-23 09:59:34,1773.9,564120
2021-06-23 09:59:36,1773.55,564237
2021-06-23 09:59:37,1773.55,564238
2021-06-23 09:59:38,1774.0,564293
2021-06-23 09:59:40,1773.55,564334
2021-06-23 09:59:41,1773.55,564345
2021-06-23 09:59:42,1773.55,564345
2021-06-23 09:59:43,1773.55,564345
2021-06-23 09:59:44,1773.55,564345
2021-06-23 09:59:45,1773.55,564350
2021-06-23 09:59:46,1773.55,564360
2021-06-23 09:59:47,1773.55,564360
2021-06-23 09:59:48,1773.95,564361
2021-06-23 09:59:50,1773.55,564391
2021-06-23 09:59:51,1774.0,564451
2021-06-23 09:59:52,1773.55,564453
2021-06-23 09:59:53,1773.55,564493
2021-06-23 09:59:54,1774.0,564505
2021-06-23 09:59:54,1774.0,564505
2021-06-23 09:59:56,1773.9,565237
2021-06-23 09:59:57,1774.0,565337
2021-06-23 09:59:58,1774.0,565486
2021-06-23 09:59:59,1774.1,565503
2021-06-23 10:00:00,1774.1,565553
2021-06-23 10:00:00,1774.1,565553
2021-06-23 10:00:02,1774.1,565553
2021-06-23 10:00:03,1774.1,565553
2021-06-23 10:00:04,1774.1,565553
2021-06-23 10:00:05,1774.95,565556
2021-06-23 10:00:05,1774.95,565556
2021-06-23 10:00:06,1774.95,565556
2021-06-23 10:00:08,1774.95,565556
2021-06-23 10:00:09,1774.9,565557
2021-06-23 10:00:10,1774.1,565560
2021-06-23 10:00:11,1774.1,565560
2021-06-23 10:00:12,1774.1,565560
2021-06-23 10:00:13,1774.1,565560
2021-06-23 10:00:14,1774.1,565560
2021-06-23 10:00:15,1774.1,565560
2021-06-23 10:00:16,1774.2,565561
2021-06-23 10:00:16,1774.2,565561
2021-06-23 10:00:19,1774.2,565561
2021-06-23 10:00:20,1774.2,565561
2021-06-23 10:00:21,1774.2,565561
2021-06-23 10:00:21,1774.2,565561
2021-06-23 10:00:23,1774.2,565561
2021-06-23 10:00:23,1774.2,565561
2021-06-23 10:00:25,1774.2,565561
2021-06-23 10:00:26,1774.2,565566
2021-06-23 10:00:27,1775.0,565903
2021-06-23 10:00:28,1775.0,565962
2021-06-23 10:00:29,1775.0,565987
2021-06-23 10:00:29,1775.0,565987
2021-06-23 10:00:30,1775.0,565987
2021-06-23 10:00:31,1775.0,565987
2021-06-23 10:00:32,1775.15,565999
2021-06-23 10:00:34,1775.05,566109
2021-06-23 10:00:36,1775.65,566232
2021-06-23 10:00:38,1775.7,566367
2021-06-23 10:00:37,1775.05,566237
2021-06-23 10:00:39,1775.7,566377
2021-06-23 10:00:40,1775.7,566377
2021-06-23 10:00:41,1775.85,566393
2021-06-23 10:00:43,1775.65,566513
2021-06-23 10:00:44,1775.65,566513
2021-06-23 10:00:45,1775.1,566539
2021-06-23 10:00:46,1774.3,567139
2021-06-23 10:00:47,1775.45,567142
2021-06-23 10:00:48,1775.5,567147
2021-06-23 10:00:49,1775.5,567147
2021-06-23 10:00:51,1775.5,567148
2021-06-23 10:00:50,1775.5,567148
2021-06-23 10:00:52,1775.7,567267
2021-06-23 10:00:53,1775.7,567267
2021-06-23 10:00:54,1775.65,567528
2021-06-23 10:00:56,1775.0,567700
2021-06-23 10:00:57,1775.55,567704
2021-06-23 10:00:59,1775.55,567707
2021-06-23 10:01:00,1775.55,567720
2021-06-23 10:01:01,1775.55,567733
2021-06-23 10:01:02,1775.55,567743
2021-06-23 10:01:03,1776.0,567793
2021-06-23 10:01:04,1776.0,567793
2021-06-23 10:01:05,1776.0,567793
2021-06-23 10:01:06,1775.5,567805
2021-06-23 10:01:07,1776.0,567817
2021-06-23 10:01:08,1775.5,568018
2021-06-23 10:01:09,1775.5,568315
2021-06-23 10:01:10,1775.5,568365
2021-06-23 10:01:11,1776.0,568366
2021-06-23 10:01:12,1776.0,568366
2021-06-23 10:01:13,1776.0,568366
2021-06-23 10:01:14,1776.0,568366
2021-06-23 10:01:15,1776.0,568366
2021-06-23 10:01:16,1776.0,568366
2021-06-23 10:01:17,1775.95,568374
2021-06-23 10:01:18,1775.95,568394
2021-06-23 10:01:19,1775.95,568394
2021-06-23 10:01:20,1775.5,568404
2021-06-23 10:01:21,1775.5,568404
2021-06-23 10:01:22,1775.5,568404
2021-06-23 10:01:24,1775.5,568474
2021-06-23 10:01:25,1775.5,568474
2021-06-23 10:01:26,1775.5,568474
2021-06-23 10:01:27,1775.1,568511
2021-06-23 10:01:28,1775.5,568637
2021-06-23 10:01:29,1775.5,568637
2021-06-23 10:01:30,1775.5,568637
2021-06-23 10:01:31,1775.5,568637
2021-06-23 10:01:32,1775.5,568638
2021-06-23 10:01:33,1775.95,568650
2021-06-23 10:01:34,1775.95,568650
2021-06-23 10:01:35,1775.9,568676
2021-06-23 10:01:36,1776.0,568776
2021-06-23 10:01:37,1775.5,568795
2021-06-23 10:01:38,1775.0,568922
2021-06-23 10:01:39,1775.0,568922
2021-06-23 10:01:40,1775.0,568922
2021-06-23 10:01:41,1775.5,568973
2021-06-23 10:01:42,1775.85,569041
2021-06-23 10:01:43,1775.85,569041
2021-06-23 10:01:44,1775.9,569141
2021-06-23 10:01:45,1775.9,569141
2021-06-23 10:01:46,1775.05,569152
2021-06-23 10:01:47,1775.05,569152
2021-06-23 10:01:48,1775.05,569152
2021-06-23 10:01:49,1775.5,569202
2021-06-23 10:01:50,1775.5,569202
2021-06-23 10:01:51,1775.5,569202
2021-06-23 10:01:52,1775.5,569202
2021-06-23 10:01:53,1775.5,569202
2021-06-23 10:01:54,1775.5,569202
2021-06-23 10:01:55,1775.5,569202
2021-06-23 10:01:56,1775.85,569207
2021-06-23 10:01:57,1775.85,569210
2021-06-23 10:01:58,1775.85,569210
2021-06-23 10:01:59,1775.85,569210
2021-06-23 10:02:00,1775.35,569230
2021-06-23 10:02:01,1775.35,569230
2021-06-23 10:02:02,1775.35,569230
2021-06-23 10:02:03,1775.85,569234
2021-06-23 10:02:04,1775.35,569244
2021-06-23 10:02:05,1775.35,569284
2021-06-23 10:02:06,1775.35,569284
2021-06-23 10:02:07,1775.35,569284
2021-06-23 10:02:08,1775.35,569284
2021-06-23 10:02:09,1775.35,569284
2021-06-23 10:02:10,1775.35,569284
2021-06-23 10:02:12,1776.0,569334
2021-06-23 10:02:11,1775.35,569284
2021-06-23 10:02:13,1775.0,569362
2021-06-23 10:02:14,1775.0,569372
2021-06-23 10:02:15,1775.0,569372
2021-06-23 10:02:16,1775.05,569390
2021-06-23 10:02:17,1775.05,569390
2021-06-23 10:02:18,1775.05,569415
2021-06-23 10:02:19,1775.7,569495
2021-06-23 10:02:20,1775.0,569675
2021-06-23 10:02:21,1775.0,569675
2021-06-23 10:02:22,1775.0,569675
2021-06-23 10:02:23,1775.0,569675
2021-06-23 10:02:24,1775.0,569675
2021-06-23 10:02:25,1775.8,569685
2021-06-23 10:02:26,1775.0,569686
2021-06-23 10:02:28,1775.85,569736
2021-06-23 10:02:29,1775.85,569756
2021-06-23 10:02:31,1775.15,569762
2021-06-23 10:02:30,1775.85,569756
2021-06-23 10:02:32,1775.15,569765
2021-06-23 10:02:33,1775.15,569765
2021-06-23 10:02:34,1775.8,569768
2021-06-23 10:02:35,1775.8,569936
2021-06-23 10:02:36,1775.8,569951
2021-06-23 10:02:37,1775.8,569951
2021-06-23 10:02:38,1775.0,570063
2021-06-23 10:02:39,1775.0,570063
2021-06-23 10:02:41,1775.0,570063
2021-06-23 10:02:42,1775.0,570063
2021-06-23 10:02:43,1775.15,570093
2021-06-23 10:02:44,1775.0,570094
2021-06-23 10:02:45,1775.0,570094
2021-06-23 10:02:46,1775.0,570094
2021-06-23 10:02:49,1775.1,570194
2021-06-23 10:02:51,1775.2,570273
2021-06-23 10:02:52,1775.2,570273
2021-06-23 10:02:53,1775.2,570273
2021-06-23 10:02:54,1775.2,570273
2021-06-23 10:02:55,1775.2,570273
2021-06-23 10:02:56,1776.0,570333
2021-06-23 10:02:58,1776.0,570333
2021-06-23 10:02:59,1775.2,570340
2021-06-23 10:03:00,1775.3,570370
2021-06-23 10:03:01,1775.3,570370
2021-06-23 10:03:02,1775.25,570398
2021-06-23 10:03:03,1775.25,570398
2021-06-23 10:03:04,1775.15,570402
2021-06-23 10:03:05,1775.15,570402
2021-06-23 10:03:06,1775.15,570402
2021-06-23 10:03:07,1775.15,570402
2021-06-23 10:03:09,1775.15,570625
2021-06-23 10:03:10,1775.1,570633
2021-06-23 10:03:11,1774.5,571033
2021-06-23 10:03:12,1774.5,571033
2021-06-23 10:03:14,1774.5,571033
2021-06-23 10:03:16,1774.25,571206
2021-06-23 10:03:17,1774.25,571206
2021-06-23 10:03:18,1774.25,571206
2021-06-23 10:03:19,1774.25,571206
2021-06-23 10:03:20,1775.0,571360
2021-06-23 10:03:21,1774.0,573600
2021-06-23 10:03:23,1774.35,573603
2021-06-23 10:03:26,1774.35,573603
2021-06-23 10:03:26,1774.35,573603
2021-06-23 10:03:27,1773.5,573973
2021-06-23 10:03:28,1773.5,573992
2021-06-23 10:03:29,1773.5,574102
2021-06-23 10:03:30,1773.5,574102
2021-06-23 10:03:32,1774.35,574148
2021-06-23 10:03:34,1773.4,574235
2021-06-23 10:03:34,1773.4,574235
2021-06-23 10:03:35,1773.4,574235
2021-06-23 10:03:36,1773.4,574235
2021-06-23 10:03:37,1773.35,574280
2021-06-23 10:03:38,1773.35,574280
2021-06-23 10:03:39,1774.8,574447
2021-06-23 10:03:41,1773.65,574505
2021-06-23 10:03:42,1774.65,574511
2021-06-23 10:03:44,1773.65,574524
2021-06-23 10:03:45,1773.65,574527
2021-06-23 10:03:45,1773.65,574527
2021-06-23 10:03:46,1773.65,574527
2021-06-23 10:03:47,1773.65,574527
2021-06-23 10:03:48,1774.65,574594
2021-06-23 10:03:49,1774.65,574594
2021-06-23 10:03:50,1773.8,574604
2021-06-23 10:03:51,1774.65,574616
2021-06-23 10:03:52,1774.65,574616
2021-06-23 10:03:54,1774.65,574631
2021-06-23 10:03:54,1774.65,574631
2021-06-23 10:03:55,1775.0,574637
2021-06-23 10:03:56,1774.65,574753
2021-06-23 10:03:57,1774.65,574753
2021-06-23 10:03:58,1774.65,574753
2021-06-23 10:03:59,1774.85,574754
2021-06-23 10:04:00,1773.8,574782
2021-06-23 10:04:01,1773.8,574782
2021-06-23 10:04:02,1773.7,574793
2021-06-23 10:04:03,1773.7,574793
2021-06-23 10:04:04,1773.7,574793
2021-06-23 10:04:05,1773.7,574793
2021-06-23 10:04:06,1774.0,574813
2021-06-23 10:04:08,1774.0,574888
2021-06-23 10:04:08,1774.0,574888
2021-06-23 10:04:09,1774.0,574888
2021-06-23 10:04:11,1774.6,574889
2021-06-23 10:04:13,1774.6,574889
2021-06-23 10:04:14,1774.05,574895
2021-06-23 10:04:16,1774.05,574895
2021-06-23 10:04:18,1774.65,574896
2021-06-23 10:04:20,1774.65,574896
2021-06-23 10:04:21,1774.65,574896
2021-06-23 10:04:22,1774.65,574918
2021-06-23 10:04:23,1774.65,574918
2021-06-23 10:04:24,1774.65,574918
2021-06-23 10:04:25,1774.4,574968
2021-06-23 10:04:26,1774.4,574968
2021-06-23 10:04:27,1774.4,574968
2021-06-23 10:04:28,1774.15,574970
2021-06-23 10:04:29,1774.0,575050
2021-06-23 10:04:30,1774.0,575050
2021-06-23 10:04:31,1774.1,575100
2021-06-23 10:04:32,1774.1,575100
2021-06-23 10:04:33,1774.1,575105
2021-06-23 10:04:34,1774.35,575106
2021-06-23 10:04:35,1774.1,575116
2021-06-23 10:04:36,1774.1,575217
2021-06-23 10:04:38,1774.1,575227
2021-06-23 10:04:38,1774.1,575227
2021-06-23 10:04:39,1774.4,575278
2021-06-23 10:04:40,1774.4,575285
2021-06-23 10:04:42,1774.4,575285
2021-06-23 10:04:43,1774.4,575385
2021-06-23 10:04:44,1774.05,575439
2021-06-23 10:04:45,1774.05,575439
2021-06-23 10:04:46,1774.05,575439
2021-06-23 10:04:47,1774.05,575439
2021-06-23 10:04:48,1774.05,575439
2021-06-23 10:04:49,1774.05,575439
2021-06-23 10:04:51,1774.05,575439
2021-06-23 10:04:52,1774.05,575439
2021-06-23 10:04:53,1774.05,575439
2021-06-23 10:04:53,1774.05,575439
2021-06-23 10:04:54,1774.05,575439
2021-06-23 10:04:55,1774.05,575439
2021-06-23 10:04:56,1774.05,575439
2021-06-23 10:04:57,1774.05,575439
2021-06-23 10:04:58,1774.05,575439
2021-06-23 10:04:59,1774.05,575439
2021-06-23 10:05:00,1774.1,575449
2021-06-23 10:05:01,1774.0,575891
2021-06-23 10:05:02,1774.0,575950
2021-06-23 10:05:03,1774.0,575950
2021-06-23 10:05:04,1773.65,576047
2021-06-23 10:05:05,1773.65,576047
2021-06-23 10:05:06,1773.65,576047
2021-06-23 10:05:08,1774.0,576084
2021-06-23 10:05:09,1773.65,576094
2021-06-23 10:05:10,1773.65,576094
2021-06-23 10:05:10,1773.65,576094
2021-06-23 10:05:11,1773.65,576094
2021-06-23 10:05:12,1773.65,576174
2021-06-23 10:05:13,1774.0,576183
2021-06-23 10:05:14,1774.0,576184
2021-06-23 10:05:16,1774.0,576249
2021-06-23 10:05:18,1773.6,576256
2021-06-23 10:05:18,1774.0,576257
2021-06-23 10:05:19,1773.6,576357
2021-06-23 10:05:20,1773.2,576657
2021-06-23 10:05:21,1774.0,579277
2021-06-23 10:05:22,1774.0,579277
2021-06-23 10:05:23,1773.3,579332
2021-06-23 10:05:24,1774.0,579382
2021-06-23 10:05:25,1774.45,579433
2021-06-23 10:05:27,1774.45,579433
2021-06-23 10:05:28,1773.05,580094
2021-06-23 10:05:29,1773.85,580095
2021-06-23 10:05:30,1773.85,580121
2021-06-23 10:05:31,1773.95,580131
2021-06-23 10:05:32,1773.1,580136
2021-06-23 10:05:32,1773.1,580136
2021-06-23 10:05:35,1773.9,580189
2021-06-23 10:05:36,1773.0,580214
2021-06-23 10:05:37,1773.0,580239
2021-06-23 10:05:38,1773.2,580242
2021-06-23 10:05:39,1773.2,580244
2021-06-23 10:05:41,1773.2,580254
2021-06-23 10:05:42,1773.2,580254
2021-06-23 10:05:43,1773.5,580326
2021-06-23 10:05:44,1773.5,580326
2021-06-23 10:05:44,1773.5,580326
2021-06-23 10:05:45,1773.5,580331
2021-06-23 10:05:46,1773.5,580331
2021-06-23 10:05:47,1773.5,580331
2021-06-23 10:05:49,1774.0,580371
2021-06-23 10:05:50,1774.0,580371
2021-06-23 10:05:51,1774.0,580371
2021-06-23 10:05:52,1773.85,580491
2021-06-23 10:05:52,1773.85,580491
2021-06-23 10:05:54,1773.85,580590
2021-06-23 10:05:55,1773.85,580590
2021-06-23 10:05:56,1773.85,580590
2021-06-23 10:05:56,1773.85,580590
2021-06-23 10:05:57,1773.85,580590
2021-06-23 10:05:59,1773.85,580590
2021-06-23 10:06:00,1773.5,580693
2021-06-23 10:06:01,1773.05,580758
2021-06-23 10:06:01,1773.05,580758
2021-06-23 10:06:02,1773.05,580817
2021-06-23 10:06:03,1773.5,581223
2021-06-23 10:06:04,1773.5,581343
2021-06-23 10:06:06,1773.5,581343
2021-06-23 10:06:07,1773.05,581358
2021-06-23 10:06:07,1773.05,581358
2021-06-23 10:06:08,1773.05,581358
2021-06-23 10:06:09,1773.05,581368
2021-06-23 10:06:10,1773.05,581368
2021-06-23 10:06:11,1773.05,581568
2021-06-23 10:06:12,1773.05,581570
2021-06-23 10:06:14,1773.05,581570
2021-06-23 10:06:15,1773.5,581575
2021-06-23 10:06:16,1773.5,581839
2021-06-23 10:06:17,1773.5,581839
2021-06-23 10:06:18,1773.0,581939
2021-06-23 10:06:18,1773.5,581953
2021-06-23 10:06:19,1773.5,581953
2021-06-23 10:06:20,1773.35,581963
2021-06-23 10:06:22,1773.35,581963
2021-06-23 10:06:22,1773.35,581963
2021-06-23 10:06:23,1773.35,581963
2021-06-23 10:06:24,1773.5,581988
2021-06-23 10:06:26,1773.95,582038
2021-06-23 10:06:26,1773.95,582038
2021-06-23 10:06:27,1773.2,582129
2021-06-23 10:06:28,1773.2,582129
2021-06-23 10:06:29,1773.5,582134
2021-06-23 10:06:30,1773.5,582134
2021-06-23 10:06:31,1773.5,582145
2021-06-23 10:06:34,1773.65,582352
2021-06-23 10:06:35,1773.65,582352
2021-06-23 10:06:36,1773.65,582352
2021-06-23 10:06:37,1773.65,582357
2021-06-23 10:06:37,1773.65,582357
2021-06-23 10:06:38,1773.65,582366
2021-06-23 10:06:39,1773.65,582366
2021-06-23 10:06:40,1773.65,582366
2021-06-23 10:06:41,1773.0,582866
2021-06-23 10:06:42,1773.0,582866
2021-06-23 10:06:43,1773.05,583008
2021-06-23 10:06:44,1773.05,583008
2021-06-23 10:06:45,1773.05,583008
2021-06-23 10:06:47,1773.6,583018
2021-06-23 10:06:48,1773.6,583018
2021-06-23 10:06:49,1773.05,583077
2021-06-23 10:06:49,1773.8,583380
2021-06-23 10:06:50,1773.05,583404
2021-06-23 10:06:51,1773.05,583404
2021-06-23 10:06:52,1773.05,583636
2021-06-23 10:06:53,1773.0,583637
2021-06-23 10:06:54,1773.0,583641
2021-06-23 10:06:55,1773.0,583741
2021-06-23 10:06:57,1773.0,585404
2021-06-23 10:06:58,1773.0,585411
2021-06-23 10:06:59,1771.6,589224
2021-06-23 10:07:01,1771.25,589573
2021-06-23 10:07:02,1770.25,591425
2021-06-23 10:07:02,1770.25,591425
2021-06-23 10:07:07,1769.6,603684
2021-06-23 10:07:08,1768.8,604732
2021-06-23 10:07:10,1768.6,604787
2021-06-23 10:07:11,1769.85,605038
2021-06-23 10:07:12,1769.4,605076
2021-06-23 10:07:13,1769.55,605629
2021-06-23 10:07:14,1769.25,605717
2021-06-23 10:07:15,1769.35,605906
2021-06-23 10:07:16,1769.4,605956
2021-06-23 10:07:17,1768.85,606242
2021-06-23 10:07:17,1769.9,606262
2021-06-23 10:07:18,1769.25,606422
2021-06-23 10:07:19,1770.1,606547
2021-06-23 10:07:20,1769.2,606570
2021-06-23 10:07:21,1769.35,606602
2021-06-23 10:07:22,1769.25,606687
2021-06-23 10:07:24,1768.9,607151
2021-06-23 10:07:25,1768.5,607753
2021-06-23 10:07:26,1769.35,610789
2021-06-23 10:07:27,1768.75,611176
2021-06-23 10:07:29,1768.5,611414
2021-06-23 10:07:30,1767.4,611937
2021-06-23 10:07:31,1767.3,611974
2021-06-23 10:07:32,1767.45,612229
2021-06-23 10:07:33,1768.65,612314
2021-06-23 10:07:34,1768.65,612314
2021-06-23 10:07:34,1767.7,612345
2021-06-23 10:07:35,1768.9,613451
2021-06-23 10:07:36,1767.8,613537
2021-06-23 10:07:37,1768.65,613916
2021-06-23 10:07:38,1768.7,613931
2021-06-23 10:07:40,1767.8,614605
2021-06-23 10:07:41,1767.4,615429
2021-06-23 10:07:42,1768.6,615539
2021-06-23 10:07:43,1768.0,615640
2021-06-23 10:07:44,1767.5,615645
2021-06-23 10:07:45,1768.45,615947
2021-06-23 10:07:46,1768.85,616046
2021-06-23 10:07:48,1767.5,616590
2021-06-23 10:07:49,1767.85,616610
2021-06-23 10:07:50,1768.65,616618
2021-06-23 10:07:51,1767.6,616783
2021-06-23 10:07:52,1768.6,616801
2021-06-23 10:07:53,1768.0,616846
2021-06-23 10:07:54,1767.65,617509
2021-06-23 10:07:55,1768.6,617978
2021-06-23 10:07:56,1767.7,618028
2021-06-23 10:07:57,1767.65,618345
2021-06-23 10:07:58,1769.0,619383
2021-06-23 10:07:59,1768.5,619564
2021-06-23 10:07:59,1768.5,619564
2021-06-23 10:08:00,1768.0,619592
2021-06-23 10:08:02,1768.0,619592
2021-06-23 10:08:02,1768.0,619592
2021-06-23 10:08:03,1768.65,619732
2021-06-23 10:08:07,1768.3,620667
2021-06-23 10:08:08,1767.8,621085
2021-06-23 10:08:09,1768.45,621209
2021-06-23 10:08:10,1768.7,621426
2021-06-23 10:08:11,1767.8,621443
2021-06-23 10:08:12,1768.05,621984
2021-06-23 10:08:13,1768.7,621988
2021-06-23 10:08:14,1769.0,622091
2021-06-23 10:08:15,1768.9,622513
2021-06-23 10:08:16,1769.4,622538
2021-06-23 10:08:17,1769.4,622548
2021-06-23 10:08:18,1769.35,622595
2021-06-23 10:08:19,1769.3,622655
2021-06-23 10:08:20,1768.5,622748
2021-06-23 10:08:21,1768.5,622848
2021-06-23 10:08:21,1768.5,622848
2021-06-23 10:08:22,1769.25,622872
2021-06-23 10:08:23,1769.25,622872
2021-06-23 10:08:24,1769.25,622872
