timestamp,ltp,volume
2021-06-23 09:16:40,804.5,132633
2021-06-23 09:16:41,804.05,133371
2021-06-23 09:16:41,804.45,133092
2021-06-23 09:16:42,804.4,133500
2021-06-23 09:16:43,803.35,137655
2021-06-23 09:16:45,804.05,138643
2021-06-23 09:16:46,804.25,141156
2021-06-23 09:16:47,804.75,142241
2021-06-23 09:16:48,804.75,142649
2021-06-23 09:16:49,804.75,143067
2021-06-23 09:16:50,804.85,143672
2021-06-23 09:16:51,804.9,143768
2021-06-23 09:16:52,804.85,146030
2021-06-23 09:16:53,804.2,146683
2021-06-23 09:16:53,804.65,146738
2021-06-23 09:16:54,804.65,146995
2021-06-23 09:16:55,804.75,147400
2021-06-23 09:16:56,804.75,148112
2021-06-23 09:16:57,804.9,149321
2021-06-23 09:16:58,805.0,151672
2021-06-23 09:16:59,804.95,151914
2021-06-23 09:17:00,805.0,152075
2021-06-23 09:17:01,805.0,153005
2021-06-23 09:17:02,804.9,153026
2021-06-23 09:17:03,804.9,153125
2021-06-23 09:17:06,805.35,156575
2021-06-23 09:17:07,805.2,157031
2021-06-23 09:17:08,805.2,157116
2021-06-23 09:17:09,805.1,157303
2021-06-23 09:17:10,805.35,157459
2021-06-23 09:17:10,805.35,157591
2021-06-23 09:17:11,805.6,158316
2021-06-23 09:17:12,805.5,159192
2021-06-23 09:17:13,805.65,160636
2021-06-23 09:17:14,805.7,161272
2021-06-23 09:17:15,805.8,162572
2021-06-23 09:17:16,805.9,163122
2021-06-23 09:17:17,805.65,164692
2021-06-23 09:17:18,805.45,164781
2021-06-23 09:17:19,805.35,165206
2021-06-23 09:17:20,805.9,165322
2021-06-23 09:17:21,805.95,166056
2021-06-23 09:17:23,806.0,166640
2021-06-23 09:17:24,806.0,166640
2021-06-23 09:17:26,806.0,166987
2021-06-23 09:17:27,806.4,167518
2021-06-23 09:17:28,805.8,168085
2021-06-23 09:17:28,806.0,168090
2021-06-23 09:17:29,806.2,168577
2021-06-23 09:17:30,806.0,168850
2021-06-23 09:17:32,806.0,169126
2021-06-23 09:17:33,805.85,169377
2021-06-23 09:17:34,806.0,169991
2021-06-23 09:17:35,806.0,172112
2021-06-23 09:17:36,806.5,172429
2021-06-23 09:17:37,806.25,172960
2021-06-23 09:17:37,806.25,172960
2021-06-23 09:17:38,806.5,173378
2021-06-23 09:17:40,806.5,173756
2021-06-23 09:17:41,806.45,173921
2021-06-23 09:17:41,806.5,174181
2021-06-23 09:17:42,806.65,175156
2021-06-23 09:17:43,806.7,175642
2021-06-23 09:17:44,806.55,176083
2021-06-23 09:17:45,806.5,177065
2021-06-23 09:17:47,806.6,178188
2021-06-23 09:17:48,806.7,178967
2021-06-23 09:17:49,806.95,179287
2021-06-23 09:17:50,806.5,180132
2021-06-23 09:17:51,806.5,181081
2021-06-23 09:17:52,806.95,182367
2021-06-23 09:17:53,806.4,184838
2021-06-23 09:17:54,805.6,191845
2021-06-23 09:17:56,806.35,194868
2021-06-23 09:17:57,806.25,195294
2021-06-23 09:17:58,806.15,196121
2021-06-23 09:18:00,806.2,198099
2021-06-23 09:18:01,806.2,198282
2021-06-23 09:18:02,805.85,198332
2021-06-23 09:18:03,805.85,198332
2021-06-23 09:18:04,806.2,198471
2021-06-23 09:18:05,806.4,199021
2021-06-23 09:18:06,806.15,199390
2021-06-23 09:18:08,806.15,199491
2021-06-23 09:18:09,806.0,200165
2021-06-23 09:18:10,805.95,201876
2021-06-23 09:18:11,805.45,202219
2021-06-23 09:18:12,805.5,202748
2021-06-23 09:18:13,805.95,203263
2021-06-23 09:18:14,805.55,203442
2021-06-23 09:18:15,805.95,205975
2021-06-23 09:18:16,805.95,206985
2021-06-23 09:18:17,805.95,207336
2021-06-23 09:18:18,806.15,207639
2021-06-23 09:18:19,806.15,207649
2021-06-23 09:18:20,806.0,207651
2021-06-23 09:18:21,805.75,207734
2021-06-23 09:18:22,806.0,207793
2021-06-23 09:18:23,805.95,208108
2021-06-23 09:18:24,806.0,208395
2021-06-23 09:18:25,806.0,210614
2021-06-23 09:18:26,806.3,210735
2021-06-23 09:18:27,805.95,210760
2021-06-23 09:18:28,806.2,211084
2021-06-23 09:18:29,806.4,211849
2021-06-23 09:18:30,806.05,212308
2021-06-23 09:18:31,806.05,212375
2021-06-23 09:18:32,806.3,212491
2021-06-23 09:18:33,806.35,212843
2021-06-23 09:18:34,806.4,212907
2021-06-23 09:18:35,806.05,213074
2021-06-23 09:18:36,806.4,213184
2021-06-23 09:18:37,806.1,213284
2021-06-23 09:18:38,806.4,213488
2021-06-23 09:18:39,806.3,213697
2021-06-23 09:18:40,806.05,215877
2021-06-23 09:18:41,806.0,216216
2021-06-23 09:18:42,806.3,216266
2021-06-23 09:18:43,806.0,216673
2021-06-23 09:18:44,806.4,217245
2021-06-23 09:18:45,806.05,217280
2021-06-23 09:18:46,806.3,217295
2021-06-23 09:18:47,806.05,217305
2021-06-23 09:18:48,806.4,217458
2021-06-23 09:18:49,806.4,218524
2021-06-23 09:18:50,806.4,218604
2021-06-23 09:18:52,806.45,219123
2021-06-23 09:18:51,806.1,218619
2021-06-23 09:18:53,806.6,219723
2021-06-23 09:18:54,806.7,220025
2021-06-23 09:18:55,806.7,220159
2021-06-23 09:18:56,806.25,221061
2021-06-23 09:18:57,806.6,221344
2021-06-23 09:18:58,806.4,222964
2021-06-23 09:18:59,806.55,223065
2021-06-23 09:19:00,806.55,223115
2021-06-23 09:19:01,805.85,225437
2021-06-23 09:19:02,806.0,226071
2021-06-23 09:19:04,805.9,226699
2021-06-23 09:19:03,805.85,226573
2021-06-23 09:19:05,806.0,226886
2021-06-23 09:19:08,806.0,227391
2021-06-23 09:19:09,806.0,227859
2021-06-23 09:19:10,806.0,227859
2021-06-23 09:19:11,806.0,228433
2021-06-23 09:19:12,806.0,228642
2021-06-23 09:19:13,806.0,228642
2021-06-23 09:19:14,806.0,228692
2021-06-23 09:19:15,805.9,228969
2021-06-23 09:19:17,805.65,229390
2021-06-23 09:19:18,805.55,229510
2021-06-23 09:19:19,805.95,230296
2021-06-23 09:19:20,805.95,230296
2021-06-23 09:19:21,805.95,230296
2021-06-23 09:19:22,805.9,230306
2021-06-23 09:19:23,805.45,230900
2021-06-23 09:19:24,805.75,230950
2021-06-23 09:19:25,805.35,230971
2021-06-23 09:19:26,805.35,231879
2021-06-23 09:19:27,805.65,232429
2021-06-23 09:19:28,805.65,232429
2021-06-23 09:19:29,805.15,232435
2021-06-23 09:19:30,805.4,232554
2021-06-23 09:19:31,805.15,232914
2021-06-23 09:19:32,805.15,232948
2021-06-23 09:19:33,805.1,233505
2021-06-23 09:19:34,805.35,233770
2021-06-23 09:19:35,805.35,233770
2021-06-23 09:19:36,805.35,233772
2021-06-23 09:19:37,805.0,234022
2021-06-23 09:19:38,805.15,234332
2021-06-23 09:19:39,805.15,234332
2021-06-23 09:19:40,805.35,234449
2021-06-23 09:19:41,805.35,234449
2021-06-23 09:19:42,805.0,235009
2021-06-23 09:19:43,805.0,235009
2021-06-23 09:19:44,805.0,235260
2021-06-23 09:19:45,805.0,235547
2021-06-23 09:19:46,805.1,236007
2021-06-23 09:19:47,805.3,236321
2021-06-23 09:19:48,805.0,236371
2021-06-23 09:19:49,805.3,236406
2021-06-23 09:19:50,805.3,236527
2021-06-23 09:19:51,805.0,236650
2021-06-23 09:19:52,805.3,236685
2021-06-23 09:19:53,805.3,236685
2021-06-23 09:19:54,805.3,237860
2021-06-23 09:19:55,805.3,237860
2021-06-23 09:19:56,805.3,237949
2021-06-23 09:19:57,805.3,238032
2021-06-23 09:19:58,805.15,238076
2021-06-23 09:19:59,805.3,238311
2021-06-23 09:20:00,805.0,239188
2021-06-23 09:20:01,805.0,239722
2021-06-23 09:20:03,804.6,256839
2021-06-23 09:20:04,804.4,257080
2021-06-23 09:20:06,804.2,260702
2021-06-23 09:20:06,804.65,261220
2021-06-23 09:20:08,804.2,261267
2021-06-23 09:20:09,804.5,261300
2021-06-23 09:20:09,804.5,261300
2021-06-23 09:20:10,804.1,261699
2021-06-23 09:20:11,804.35,261750
2021-06-23 09:20:12,804.1,261801
2021-06-23 09:20:13,804.0,262117
2021-06-23 09:20:14,804.2,262968
2021-06-23 09:20:15,804.0,263570
2021-06-23 09:20:16,804.0,264981
2021-06-23 09:20:17,804.0,265631
2021-06-23 09:20:18,803.85,265778
2021-06-23 09:20:19,803.65,266758
2021-06-23 09:20:21,803.7,267218
2021-06-23 09:20:21,803.7,267088
2021-06-23 09:20:22,803.95,267228
2021-06-23 09:20:23,804.0,267678
2021-06-23 09:20:24,804.0,267924
2021-06-23 09:20:25,804.0,268001
2021-06-23 09:20:26,804.0,268043
2021-06-23 09:20:27,804.0,268453
2021-06-23 09:20:28,803.95,268806
2021-06-23 09:20:30,804.0,269731
2021-06-23 09:20:32,803.5,272578
2021-06-23 09:20:33,803.5,272654
2021-06-23 09:20:34,803.6,273600
2021-06-23 09:20:35,803.55,274770
2021-06-23 09:20:36,803.85,275346
2021-06-23 09:20:37,803.55,275655
2021-06-23 09:20:38,803.65,275664
2021-06-23 09:20:39,803.85,276346
2021-06-23 09:20:40,803.65,276386
2021-06-23 09:20:41,803.7,276443
2021-06-23 09:20:42,803.7,277754
2021-06-23 09:20:43,803.65,278462
2021-06-23 09:20:44,803.65,279023
2021-06-23 09:20:45,803.65,279023
2021-06-23 09:20:46,804.0,279323
2021-06-23 09:20:47,804.0,279443
2021-06-23 09:20:48,804.25,281176
2021-06-23 09:20:49,804.25,281176
2021-06-23 09:20:50,804.25,281371
2021-06-23 09:20:51,804.25,281371
2021-06-23 09:20:52,804.65,282102
2021-06-23 09:20:53,804.35,282122
2021-06-23 09:20:54,804.5,282642
2021-06-23 09:20:55,804.5,282642
2021-06-23 09:20:56,804.4,282763
2021-06-23 09:20:57,804.4,282926
2021-06-23 09:20:58,804.1,283263
2021-06-23 09:20:59,803.95,284788
2021-06-23 09:21:00,803.95,284962
2021-06-23 09:21:01,803.9,285312
2021-06-23 09:21:02,803.9,285362
2021-06-23 09:21:03,803.6,285412
2021-06-23 09:21:04,803.55,290868
2021-06-23 09:21:05,803.0,291368
2021-06-23 09:21:06,803.0,291690
2021-06-23 09:21:07,803.4,291831
2021-06-23 09:21:08,803.4,291909
2021-06-23 09:21:09,803.35,291974
2021-06-23 09:21:10,803.0,292002
2021-06-23 09:21:11,803.2,295843
2021-06-23 09:21:12,803.25,295996
2021-06-23 09:21:13,803.0,296296
2021-06-23 09:21:14,803.25,296576
2021-06-23 09:21:15,803.0,296583
2021-06-23 09:21:16,803.0,297948
2021-06-23 09:21:17,803.0,298101
2021-06-23 09:21:18,803.15,298295
2021-06-23 09:21:19,803.05,299060
2021-06-23 09:21:20,803.0,299426
2021-06-23 09:21:21,802.85,299790
2021-06-23 09:21:22,802.75,300499
2021-06-23 09:21:23,803.05,300614
2021-06-23 09:21:24,803.0,300624
2021-06-23 09:21:25,802.65,300798
2021-06-23 09:21:26,802.55,301035
2021-06-23 09:21:27,802.8,301100
2021-06-23 09:21:29,802.6,302241
2021-06-23 09:21:30,802.5,302259
2021-06-23 09:21:31,802.5,302334
2021-06-23 09:21:32,802.55,302453
2021-06-23 09:21:33,802.5,302508
2021-06-23 09:21:34,802.55,302695
2021-06-23 09:21:35,802.25,304654
2021-06-23 09:21:36,802.35,304755
2021-06-23 09:21:37,802.35,304855
2021-06-23 09:21:38,802.25,304871
2021-06-23 09:21:39,802.25,305051
2021-06-23 09:21:40,802.2,305056
2021-06-23 09:21:41,802.25,305136
2021-06-23 09:21:42,802.15,305636
2021-06-23 09:21:43,802.25,305893
2021-06-23 09:21:44,802.1,306150
2021-06-23 09:21:45,802.1,306283
2021-06-23 09:21:46,801.8,314186
2021-06-23 09:21:47,801.55,314429
2021-06-23 09:21:48,801.2,316440
2021-06-23 09:21:49,801.0,318095
2021-06-23 09:21:50,801.35,318602
2021-06-23 09:21:51,801.0,320120
2021-06-23 09:21:52,801.0,321072
2021-06-23 09:21:53,800.95,321649
2021-06-23 09:21:54,801.55,326743
2021-06-23 09:21:55,801.0,327121
2021-06-23 09:21:56,800.75,327516
2021-06-23 09:21:57,801.0,327666
2021-06-23 09:21:58,800.95,328690
2021-06-23 09:21:59,801.0,329035
2021-06-23 09:22:00,801.0,329138
2021-06-23 09:22:01,801.25,329423
2021-06-23 09:22:02,800.9,329525
2021-06-23 09:22:03,801.25,330144
2021-06-23 09:22:04,801.25,330206
2021-06-23 09:22:05,801.0,331617
2021-06-23 09:22:06,801.15,332272
2021-06-23 09:22:08,801.3,332999
2021-06-23 09:22:09,801.1,333163
2021-06-23 09:22:10,801.15,333788
2021-06-23 09:22:11,801.1,333917
2021-06-23 09:22:12,801.3,333957
2021-06-23 09:22:13,801.2,334017
2021-06-23 09:22:14,801.0,334408
2021-06-23 09:22:15,801.3,334618
2021-06-23 09:22:16,801.0,334652
2021-06-23 09:22:17,801.0,337763
2021-06-23 09:22:18,801.15,337898
2021-06-23 09:22:19,801.3,338234
2021-06-23 09:22:20,801.3,338277
2021-06-23 09:22:21,801.0,338377
2021-06-23 09:22:22,801.2,338768
2021-06-23 09:22:23,801.2,338838
2021-06-23 09:22:24,801.0,339405
2021-06-23 09:22:25,801.3,340408
2021-06-23 09:22:26,801.25,340494
2021-06-23 09:22:27,801.3,340545
2021-06-23 09:22:28,801.3,340759
2021-06-23 09:22:29,801.3,340887
2021-06-23 09:22:30,801.2,341005
2021-06-23 09:22:31,801.25,341008
2021-06-23 09:22:32,801.2,341043
2021-06-23 09:22:33,801.2,341195
2021-06-23 09:22:34,801.05,341481
2021-06-23 09:22:36,801.2,342253
2021-06-23 09:22:38,800.85,343298
2021-06-23 09:22:39,801.2,343922
2021-06-23 09:22:40,801.2,344060
2021-06-23 09:22:41,801.0,344320
2021-06-23 09:22:42,801.0,344378
2021-06-23 09:22:43,800.3,354531
2021-06-23 09:22:44,800.0,354886
2021-06-23 09:22:45,800.0,355206
2021-06-23 09:22:46,800.35,355872
2021-06-23 09:22:47,800.95,356968
2021-06-23 09:22:48,800.45,357038
2021-06-23 09:22:49,800.5,357439
2021-06-23 09:22:50,800.9,357938
2021-06-23 09:22:51,800.4,358138
2021-06-23 09:22:52,800.4,358138
2021-06-23 09:22:53,800.45,363530
2021-06-23 09:22:54,800.05,363849
2021-06-23 09:22:55,800.4,364249
2021-06-23 09:22:56,800.4,364869
2021-06-23 09:22:57,800.35,365433
2021-06-23 09:22:58,800.0,370681
2021-06-23 09:22:59,800.05,371585
2021-06-23 09:23:00,800.0,372700
2021-06-23 09:23:01,800.3,372783
2021-06-23 09:23:02,800.3,373093
2021-06-23 09:23:03,800.3,373608
2021-06-23 09:23:04,800.45,376395
2021-06-23 09:23:05,800.15,378450
2021-06-23 09:23:06,800.75,378619
2021-06-23 09:23:07,800.35,378852
2021-06-23 09:23:08,800.5,378929
2021-06-23 09:23:09,800.75,379037
2021-06-23 09:23:10,800.25,380619
2021-06-23 09:23:11,800.55,380807
2021-06-23 09:23:12,800.2,380876
2021-06-23 09:23:13,800.55,382368
2021-06-23 09:23:14,800.9,385482
2021-06-23 09:23:15,800.8,385808
2021-06-23 09:23:16,800.6,386932
2021-06-23 09:23:17,800.6,387133
2021-06-23 09:23:18,800.6,387261
2021-06-23 09:23:19,800.9,387787
2021-06-23 09:23:20,801.05,388095
2021-06-23 09:23:23,800.95,390141
2021-06-23 09:23:25,800.85,390662
2021-06-23 09:23:25,801.35,390714
2021-06-23 09:23:27,801.0,391201
2021-06-23 09:23:28,801.0,391397
2021-06-23 09:23:28,801.0,391397
2021-06-23 09:23:29,800.6,391778
2021-06-23 09:23:30,801.0,391880
2021-06-23 09:23:31,801.0,392307
2021-06-23 09:23:32,801.5,393790
2021-06-23 09:23:33,801.4,394230
2021-06-23 09:23:34,801.1,394239
2021-06-23 09:23:35,801.2,394263
2021-06-23 09:23:36,801.1,394380
2021-06-23 09:23:37,801.35,394705
2021-06-23 09:23:38,801.35,394809
2021-06-23 09:23:39,801.0,395630
2021-06-23 09:23:40,801.35,395679
2021-06-23 09:23:41,801.1,396735
2021-06-23 09:23:42,801.25,396884
2021-06-23 09:23:43,801.25,396980
2021-06-23 09:23:44,801.25,396980
2021-06-23 09:23:45,801.2,396990
2021-06-23 09:23:46,800.55,399530
2021-06-23 09:23:47,800.9,399754
2021-06-23 09:23:48,800.05,400391
2021-06-23 09:23:49,800.5,400858
2021-06-23 09:23:50,800.1,401478
2021-06-23 09:23:51,800.05,401571
2021-06-23 09:23:52,800.4,401813
2021-06-23 09:23:53,800.0,401904
2021-06-23 09:23:54,800.4,402576
2021-06-23 09:23:55,800.2,402586
2021-06-23 09:23:56,800.4,402601
2021-06-23 09:23:57,800.15,403147
2021-06-23 09:23:58,800.1,403526
2021-06-23 09:23:59,800.4,403994
2021-06-23 09:24:00,800.8,404823
2021-06-23 09:24:01,800.3,404963
2021-06-23 09:24:02,800.4,405039
2021-06-23 09:24:03,800.4,405146
2021-06-23 09:24:04,800.5,405346
2021-06-23 09:24:05,800.5,405346
2021-06-23 09:24:07,800.7,405569
2021-06-23 09:24:08,800.5,405722
2021-06-23 09:24:09,800.3,405865
2021-06-23 09:24:10,800.5,406075
2021-06-23 09:24:11,800.5,408185
2021-06-23 09:24:13,800.35,408307
2021-06-23 09:24:14,800.35,408307
2021-06-23 09:24:14,800.45,408436
2021-06-23 09:24:15,800.75,408521
2021-06-23 09:24:16,801.25,410128
2021-06-23 09:24:17,800.85,410386
2021-06-23 09:24:18,800.8,410489
2021-06-23 09:24:19,800.8,410629
2021-06-23 09:24:20,800.8,410629
2021-06-23 09:24:22,800.9,410829
2021-06-23 09:24:23,800.9,411295
2021-06-23 09:24:24,800.8,412406
2021-06-23 09:24:25,800.45,412420
2021-06-23 09:24:26,800.95,412654
2021-06-23 09:24:28,800.6,413233
2021-06-23 09:24:29,800.6,413246
2021-06-23 09:24:30,800.55,413426
2021-06-23 09:24:31,800.45,413456
2021-06-23 09:24:32,800.6,413548
2021-06-23 09:24:33,800.5,413643
2021-06-23 09:24:34,800.3,414236
2021-06-23 09:24:35,800.1,414743
2021-06-23 09:24:36,800.45,414793
2021-06-23 09:24:37,800.45,415048
2021-06-23 09:24:37,800.2,415126
2021-06-23 09:24:38,800.2,415126
2021-06-23 09:24:39,800.2,415126
2021-06-23 09:24:40,800.25,415140
2021-06-23 09:24:41,800.5,415761
2021-06-23 09:24:42,800.15,416003
2021-06-23 09:24:43,800.5,416278
2021-06-23 09:24:44,800.2,416408
2021-06-23 09:24:45,800.25,416418
2021-06-23 09:24:47,800.45,416696
2021-06-23 09:24:47,800.3,417215
2021-06-23 09:24:48,800.6,417216
2021-06-23 09:24:50,800.6,417216
2021-06-23 09:24:51,800.6,417386
2021-06-23 09:24:52,800.65,417388
2021-06-23 09:24:52,800.45,417468
2021-06-23 09:24:53,800.6,417488
2021-06-23 09:24:54,801.0,420485
2021-06-23 09:24:55,800.8,420535
2021-06-23 09:24:56,800.85,420635
2021-06-23 09:24:58,800.9,421725
2021-06-23 09:24:59,800.9,421725
2021-06-23 09:25:00,800.85,421957
2021-06-23 09:25:01,801.2,422195
2021-06-23 09:25:03,800.9,422477
2021-06-23 09:25:03,801.2,422750
2021-06-23 09:25:04,801.2,422790
2021-06-23 09:25:06,801.0,422810
2021-06-23 09:25:07,801.0,422888
2021-06-23 09:25:08,801.05,423847
2021-06-23 09:25:09,801.05,423902
2021-06-23 09:25:10,800.65,424002
2021-06-23 09:25:11,800.9,425519
2021-06-23 09:25:12,801.0,426150
2021-06-23 09:25:13,800.85,426432
2021-06-23 09:25:14,800.9,426453
2021-06-23 09:25:16,801.2,429354
2021-06-23 09:25:17,801.3,429846
2021-06-23 09:25:18,801.3,429846
2021-06-23 09:25:18,801.0,429947
2021-06-23 09:25:19,801.0,430162
2021-06-23 09:25:20,801.0,430493
2021-06-23 09:25:24,801.0,432232
2021-06-23 09:25:25,801.05,433570
2021-06-23 09:25:26,801.0,433854
2021-06-23 09:25:27,800.5,435154
2021-06-23 09:25:27,800.5,435155
2021-06-23 09:25:29,800.5,435390
2021-06-23 09:25:30,800.85,441137
2021-06-23 09:25:31,800.7,442497
2021-06-23 09:25:32,800.8,442502
2021-06-23 09:25:33,800.8,442759
2021-06-23 09:25:34,801.0,442977
2021-06-23 09:25:35,801.0,443065
2021-06-23 09:25:36,801.0,443265
2021-06-23 09:25:37,801.0,443265
2021-06-23 09:25:38,801.0,443265
2021-06-23 09:25:39,801.0,443490
2021-06-23 09:25:40,800.8,443516
2021-06-23 09:25:41,800.9,443517
2021-06-23 09:25:42,800.9,443657
2021-06-23 09:25:43,800.9,443801
2021-06-23 09:25:44,801.0,444438
2021-06-23 09:25:45,801.0,444544
2021-06-23 09:25:46,801.0,444551
2021-06-23 09:25:47,800.8,444751
2021-06-23 09:25:48,801.0,445334
2021-06-23 09:25:49,801.0,445372
2021-06-23 09:25:50,801.0,445372
2021-06-23 09:25:51,801.0,445472
2021-06-23 09:25:52,801.0,445564
2021-06-23 09:25:53,800.9,445693
2021-06-23 09:25:53,800.8,445921
2021-06-23 09:25:54,800.75,446123
2021-06-23 09:25:55,800.55,448219
2021-06-23 09:25:56,800.55,448221
2021-06-23 09:25:57,800.25,449214
2021-06-23 09:25:58,800.15,457023
2021-06-23 09:25:59,800.1,480743
2021-06-23 09:26:00,800.2,480783
2021-06-23 09:26:01,800.25,480828
2021-06-23 09:26:02,800.4,481050
2021-06-23 09:26:03,800.15,481092
2021-06-23 09:26:04,800.0,482306
2021-06-23 09:26:05,800.7,482973
2021-06-23 09:26:06,800.7,482973
2021-06-23 09:26:07,800.7,482973
2021-06-23 09:26:08,800.45,483386
2021-06-23 09:26:09,800.85,484472
2021-06-23 09:26:10,800.85,484472
2021-06-23 09:26:11,800.75,484997
2021-06-23 09:26:12,800.75,485093
2021-06-23 09:26:14,800.75,485093
2021-06-23 09:26:15,801.15,492339
2021-06-23 09:26:16,801.15,492339
2021-06-23 09:26:17,801.7,492489
2021-06-23 09:26:18,801.3,492586
2021-06-23 09:26:19,801.3,492597
2021-06-23 09:26:20,801.7,492757
2021-06-23 09:26:21,801.35,493010
2021-06-23 09:26:22,801.7,493023
2021-06-23 09:26:23,801.4,493050
2021-06-23 09:26:24,801.4,493165
2021-06-23 09:26:25,801.4,493240
2021-06-23 09:26:26,801.7,493725
2021-06-23 09:26:28,802.0,498292
2021-06-23 09:26:29,802.0,498292
2021-06-23 09:26:29,801.75,498389
2021-06-23 09:26:30,802.15,498627
2021-06-23 09:26:31,802.0,498667
2021-06-23 09:26:32,802.15,499172
2021-06-23 09:26:33,801.75,499300
2021-06-23 09:26:34,801.75,499535
2021-06-23 09:26:36,802.15,500140
2021-06-23 09:26:37,802.15,500310
2021-06-23 09:26:38,802.0,500610
2021-06-23 09:26:39,802.15,501026
2021-06-23 09:26:40,802.4,501415
2021-06-23 09:26:41,802.45,501865
2021-06-23 09:26:42,802.45,501865
2021-06-23 09:26:43,802.45,501865
2021-06-23 09:26:44,802.35,501993
2021-06-23 09:26:45,802.45,502593
2021-06-23 09:26:46,802.45,503304
2021-06-23 09:26:47,802.45,503404
2021-06-23 09:26:47,802.45,503474
2021-06-23 09:26:49,802.4,504141
2021-06-23 09:26:50,802.4,504241
2021-06-23 09:26:53,802.1,504399
2021-06-23 09:26:54,802.15,504401
2021-06-23 09:26:56,802.6,505211
2021-06-23 09:26:57,802.5,505416
2021-06-23 09:26:58,802.2,505602
2021-06-23 09:26:59,802.45,505686
2021-06-23 09:27:00,802.5,506456
2021-06-23 09:27:01,802.5,506476
2021-06-23 09:27:02,802.5,506706
2021-06-23 09:27:03,802.4,506946
2021-06-23 09:27:04,802.5,507032
2021-06-23 09:27:05,802.5,507052
2021-06-23 09:27:07,802.85,507951
2021-06-23 09:27:08,802.45,508053
2021-06-23 09:27:09,802.5,508135
2021-06-23 09:27:10,802.95,510143
2021-06-23 09:27:11,802.9,510145
2021-06-23 09:27:12,802.5,510190
2021-06-23 09:27:13,803.0,511330
2021-06-23 09:27:14,802.75,511407
2021-06-23 09:27:15,803.0,511736
2021-06-23 09:27:16,803.0,512036
2021-06-23 09:27:17,803.0,512202
2021-06-23 09:27:18,802.75,513015
2021-06-23 09:27:19,803.0,514005
2021-06-23 09:27:20,803.0,514815
2021-06-23 09:27:21,802.8,515037
2021-06-23 09:27:22,803.0,515993
2021-06-23 09:27:23,803.1,517206
2021-06-23 09:27:24,803.0,517273
2021-06-23 09:27:25,803.0,517273
2021-06-23 09:27:27,803.25,519415
2021-06-23 09:27:28,803.0,519652
2021-06-23 09:27:29,803.6,521903
2021-06-23 09:27:30,803.6,521903
2021-06-23 09:27:31,803.65,522264
2021-06-23 09:27:31,803.65,522264
2021-06-23 09:27:33,803.0,523417
2021-06-23 09:27:33,803.1,523869
2021-06-23 09:27:34,803.2,524534
2021-06-23 09:27:35,803.1,524771
2021-06-23 09:27:36,803.4,524991
2021-06-23 09:27:37,803.1,525289
2021-06-23 09:27:40,803.45,525804
2021-06-23 09:27:41,803.45,526068
2021-06-23 09:27:42,803.1,526258
2021-06-23 09:27:44,803.45,527149
2021-06-23 09:27:45,803.4,527379
2021-06-23 09:27:46,803.1,528089
2021-06-23 09:27:47,803.45,528874
2021-06-23 09:27:48,803.35,528977
2021-06-23 09:27:49,803.35,529152
2021-06-23 09:27:50,803.35,529304
2021-06-23 09:27:51,803.3,529449
2021-06-23 09:27:52,803.35,529649
2021-06-23 09:27:53,803.55,531217
2021-06-23 09:27:54,803.7,531623
2021-06-23 09:27:55,803.5,531633
2021-06-23 09:27:55,803.5,531633
2021-06-23 09:27:56,803.6,531798
2021-06-23 09:27:57,803.6,531846
2021-06-23 09:27:58,803.55,532213
2021-06-23 09:27:59,803.7,532226
2021-06-23 09:28:00,803.7,532403
2021-06-23 09:28:02,804.0,533246
2021-06-23 09:28:03,804.0,534484
2021-06-23 09:28:04,803.95,535613
2021-06-23 09:28:05,803.5,536768
2021-06-23 09:28:06,804.4,538358
2021-06-23 09:28:07,804.3,538599
2021-06-23 09:28:08,803.95,538621
2021-06-23 09:28:09,804.3,538887
2021-06-23 09:28:09,804.3,538887
2021-06-23 09:28:11,804.0,538923
2021-06-23 09:28:11,804.0,538923
2021-06-23 09:28:12,804.45,539094
2021-06-23 09:28:13,804.45,539294
2021-06-23 09:28:14,804.15,541119
2021-06-23 09:28:15,803.9,541508
2021-06-23 09:28:16,803.9,543859
2021-06-23 09:28:17,803.9,543859
2021-06-23 09:28:18,803.15,554808
2021-06-23 09:28:19,802.6,555583
2021-06-23 09:28:21,803.1,555623
2021-06-23 09:28:22,803.1,556933
2021-06-23 09:28:23,803.15,556936
2021-06-23 09:28:24,803.15,556976
2021-06-23 09:28:25,803.15,556976
2021-06-23 09:28:27,803.15,557117
2021-06-23 09:28:28,803.15,557190
2021-06-23 09:28:30,803.15,557190
2021-06-23 09:28:31,803.15,557426
2021-06-23 09:28:32,803.25,558331
2021-06-23 09:28:33,803.2,558483
2021-06-23 09:28:34,803.2,558638
2021-06-23 09:28:35,803.2,558687
2021-06-23 09:28:36,803.6,558694
2021-06-23 09:28:37,803.6,558746
2021-06-23 09:28:38,803.05,559413
2021-06-23 09:28:39,803.5,559418
2021-06-23 09:28:40,803.5,559425
2021-06-23 09:28:41,803.5,559425
2021-06-23 09:28:42,803.5,559425
2021-06-23 09:28:43,803.25,559759
2021-06-23 09:28:44,803.5,560065
2021-06-23 09:28:45,803.5,560215
2021-06-23 09:28:47,803.5,560350
2021-06-23 09:28:48,803.5,560610
2021-06-23 09:28:49,803.5,560610
2021-06-23 09:28:50,803.25,560814
2021-06-23 09:28:51,803.25,560814
2021-06-23 09:28:53,803.4,561022
2021-06-23 09:28:54,803.25,561178
2021-06-23 09:28:55,803.4,561497
2021-06-23 09:28:56,802.6,565808
2021-06-23 09:28:57,802.6,565810
2021-06-23 09:28:59,802.9,566520
2021-06-23 09:29:00,802.6,566588
2021-06-23 09:29:01,803.0,566692
2021-06-23 09:29:02,802.55,566772
2021-06-23 09:29:03,802.55,566772
2021-06-23 09:29:04,802.95,566892
2021-06-23 09:29:05,802.85,566936
2021-06-23 09:29:06,802.85,566936
2021-06-23 09:29:07,802.85,566941
2021-06-23 09:29:08,802.85,566951
2021-06-23 09:29:09,802.85,567111
2021-06-23 09:29:10,802.85,567112
2021-06-23 09:29:11,802.85,567151
2021-06-23 09:29:12,802.85,567252
2021-06-23 09:29:13,802.55,567522
2021-06-23 09:29:14,802.8,567537
2021-06-23 09:29:15,802.6,568038
2021-06-23 09:29:16,802.95,568388
2021-06-23 09:29:17,802.85,568389
2021-06-23 09:29:18,802.6,568394
2021-06-23 09:29:19,802.85,568404
2021-06-23 09:29:20,802.8,569105
2021-06-23 09:29:21,802.95,570687
2021-06-23 09:29:22,803.0,570891
2021-06-23 09:29:23,802.95,571041
2021-06-23 09:29:24,802.6,571043
2021-06-23 09:29:25,802.95,572543
2021-06-23 09:29:26,802.45,572638
2021-06-23 09:29:27,802.9,572663
2021-06-23 09:29:28,802.9,572723
2021-06-23 09:29:29,802.45,573284
2021-06-23 09:29:30,802.7,573384
2021-06-23 09:29:31,802.2,576862
2021-06-23 09:29:32,802.8,577039
2021-06-23 09:29:33,802.75,577057
2021-06-23 09:29:34,802.75,577057
2021-06-23 09:29:36,802.75,577553
2021-06-23 09:29:37,802.7,577663
2021-06-23 09:29:38,802.4,577790
2021-06-23 09:29:39,802.4,577790
2021-06-23 09:29:40,802.3,578540
2021-06-23 09:29:41,802.3,578540
2021-06-23 09:29:43,802.35,578883
2021-06-23 09:29:44,802.65,579629
2021-06-23 09:29:45,802.4,579695
2021-06-23 09:29:46,802.4,579695
2021-06-23 09:29:47,802.35,579755
2021-06-23 09:29:48,802.35,579755
2021-06-23 09:29:49,802.0,584048
2021-06-23 09:29:50,802.3,584410
2021-06-23 09:29:51,802.15,585010
2021-06-23 09:29:52,802.1,585233
2021-06-23 09:29:53,801.7,585283
2021-06-23 09:29:54,802.1,585507
2021-06-23 09:29:55,801.75,585579
2021-06-23 09:29:56,802.1,585631
2021-06-23 09:29:57,802.0,585731
2021-06-23 09:29:58,802.0,585840
2021-06-23 09:29:59,802.0,585918
2021-06-23 09:30:00,801.8,586118
2021-06-23 09:30:01,802.0,586136
2021-06-23 09:30:03,802.0,586544
2021-06-23 09:30:04,802.0,588250
2021-06-23 09:30:05,802.0,588250
2021-06-23 09:30:07,802.0,588532
2021-06-23 09:30:08,801.65,588747
2021-06-23 09:30:10,801.7,588822
2021-06-23 09:30:11,801.65,588823
2021-06-23 09:30:12,802.0,588948
2021-06-23 09:30:13,802.0,588973
2021-06-23 09:30:14,801.55,589722
2021-06-23 09:30:15,801.7,589745
2021-06-23 09:30:16,801.65,589770
2021-06-23 09:30:18,801.25,590120
2021-06-23 09:30:19,801.25,590268
2021-06-23 09:30:20,801.25,590328
2021-06-23 09:30:21,801.15,590410
2021-06-23 09:30:23,800.75,596527
2021-06-23 09:30:24,801.2,596615
2021-06-23 09:30:25,801.2,596815
2021-06-23 09:30:26,801.2,596825
2021-06-23 09:30:27,801.2,596840
2021-06-23 09:30:28,801.15,597118
2021-06-23 09:30:29,801.25,597668
2021-06-23 09:30:30,801.25,597753
2021-06-23 09:30:31,801.2,597859
2021-06-23 09:30:32,801.0,598009
2021-06-23 09:30:33,800.95,598274
2021-06-23 09:30:34,800.85,598974
2021-06-23 09:30:35,801.3,599394
2021-06-23 09:30:36,801.0,599404
2021-06-23 09:30:37,801.1,599534
2021-06-23 09:30:38,801.6,600113
2021-06-23 09:30:40,801.25,600453
2021-06-23 09:30:41,801.7,600469
2021-06-23 09:30:42,801.7,600489
2021-06-23 09:30:43,801.6,600567
2021-06-23 09:30:44,801.6,600602
2021-06-23 09:30:45,801.7,600641
2021-06-23 09:30:46,801.5,601043
2021-06-23 09:30:48,801.1,601121
2021-06-23 09:30:49,801.1,601121
2021-06-23 09:30:50,801.0,602804
2021-06-23 09:30:51,801.1,602824
2021-06-23 09:30:52,801.0,602904
2021-06-23 09:30:53,801.0,603185
2021-06-23 09:30:54,801.3,603186
2021-06-23 09:30:56,801.35,603617
2021-06-23 09:30:57,801.35,603617
2021-06-23 09:30:58,801.1,604048
2021-06-23 09:30:59,801.35,604098
2021-06-23 09:31:00,801.05,604298
2021-06-23 09:31:01,801.05,604298
2021-06-23 09:31:02,801.3,604318
2021-06-23 09:31:04,801.0,605906
2021-06-23 09:31:05,801.3,605959
2021-06-23 09:31:06,801.3,605959
2021-06-23 09:31:07,801.0,606114
2021-06-23 09:31:08,801.0,607489
2021-06-23 09:31:09,801.0,607489
2021-06-23 09:31:10,801.3,607719
2021-06-23 09:31:11,801.05,608480
2021-06-23 09:31:14,801.0,609116
2021-06-23 09:31:14,801.05,609117
2021-06-23 09:31:15,800.75,611237
2021-06-23 09:31:16,800.75,611248
2021-06-23 09:31:18,801.0,611364
2021-06-23 09:31:19,800.6,611679
2021-06-23 09:31:20,800.7,611729
2021-06-23 09:31:21,801.0,611979
2021-06-23 09:31:22,800.75,611983
2021-06-23 09:31:23,800.75,612174
2021-06-23 09:31:24,800.75,612174
2021-06-23 09:31:26,800.95,612949
2021-06-23 09:31:27,800.75,612999
2021-06-23 09:31:28,800.55,613864
2021-06-23 09:31:29,801.7,626012
2021-06-23 09:31:30,801.65,626625
2021-06-23 09:31:31,801.55,627275
2021-06-23 09:31:32,801.7,627429
2021-06-23 09:31:33,801.9,627509
2021-06-23 09:31:34,801.35,627783
2021-06-23 09:31:35,801.35,627783
2021-06-23 09:31:36,801.35,627783
2021-06-23 09:31:37,801.9,628323
2021-06-23 09:31:38,801.5,628439
2021-06-23 09:31:39,801.9,628441
2021-06-23 09:31:40,801.9,628446
2021-06-23 09:31:41,801.15,628546
2021-06-23 09:31:42,801.6,628666
2021-06-23 09:31:43,801.15,628706
2021-06-23 09:31:44,801.6,628707
2021-06-23 09:31:45,801.15,628740
2021-06-23 09:31:46,801.7,628812
2021-06-23 09:31:47,801.3,629489
2021-06-23 09:31:48,801.25,629504
2021-06-23 09:31:49,801.6,629507
2021-06-23 09:31:50,801.6,629522
2021-06-23 09:31:51,801.6,629772
2021-06-23 09:31:52,801.25,629848
2021-06-23 09:31:53,801.25,629863
2021-06-23 09:31:54,801.8,629895
2021-06-23 09:31:55,801.75,630305
2021-06-23 09:31:56,801.4,630328
2021-06-23 09:31:57,801.6,630482
2021-06-23 09:31:58,801.15,630532
2021-06-23 09:32:00,801.55,630621
2021-06-23 09:32:00,801.35,630622
2021-06-23 09:32:01,801.4,630922
2021-06-23 09:32:02,801.45,631044
2021-06-23 09:32:03,801.75,631088
2021-06-23 09:32:04,801.5,631588
2021-06-23 09:32:05,801.5,631588
2021-06-23 09:32:06,801.8,631793
2021-06-23 09:32:08,801.9,632377
2021-06-23 09:32:09,801.9,632377
2021-06-23 09:32:10,802.0,632477
2021-06-23 09:32:11,802.0,632477
2021-06-23 09:32:12,802.0,632477
2021-06-23 09:32:14,801.9,632573
2021-06-23 09:32:15,801.9,632573
2021-06-23 09:32:16,801.9,632573
2021-06-23 09:32:18,802.2,634722
2021-06-23 09:32:19,802.4,634741
2021-06-23 09:32:20,802.4,634741
2021-06-23 09:32:21,802.4,634741
2021-06-23 09:32:22,802.4,635091
2021-06-23 09:32:23,802.1,635163
2021-06-23 09:32:25,802.1,635188
2021-06-23 09:32:26,802.4,635206
2021-06-23 09:32:27,802.1,635609
2021-06-23 09:32:29,802.1,635703
2021-06-23 09:32:30,802.1,635703
2021-06-23 09:32:31,801.5,646124
2021-06-23 09:32:33,801.7,646478
2021-06-23 09:32:35,801.65,646589
2021-06-23 09:32:35,801.65,646589
2021-06-23 09:32:36,801.7,646634
2021-06-23 09:32:37,801.7,646634
2021-06-23 09:32:38,801.7,646689
2021-06-23 09:32:39,801.4,646773
2021-06-23 09:32:40,801.7,646841
2021-06-23 09:32:41,801.7,646861
2021-06-23 09:32:42,801.7,646873
2021-06-23 09:32:43,801.8,647400
2021-06-23 09:32:44,801.85,648024
2021-06-23 09:32:45,801.4,648234
2021-06-23 09:32:46,801.4,648234
2021-06-23 09:32:47,801.0,650892
2021-06-23 09:32:48,801.4,651042
2021-06-23 09:32:49,801.45,651619
2021-06-23 09:32:51,801.45,651619
2021-06-23 09:32:52,801.45,651619
2021-06-23 09:32:53,801.25,653084
2021-06-23 09:32:54,800.75,653183
2021-06-23 09:32:54,800.75,653185
2021-06-23 09:32:55,801.0,653195
2021-06-23 09:32:56,800.75,654928
2021-06-23 09:32:57,801.1,655028
2021-06-23 09:32:58,801.0,655043
2021-06-23 09:32:59,800.75,655417
2021-06-23 09:33:00,800.75,655417
2021-06-23 09:33:01,800.75,655417
2021-06-23 09:33:02,800.75,655437
2021-06-23 09:33:03,800.75,656391
2021-06-23 09:33:04,800.75,656692
2021-06-23 09:33:06,800.75,656799
2021-06-23 09:33:07,800.75,656829
2021-06-23 09:33:08,801.0,656921
2021-06-23 09:33:09,801.0,657016
2021-06-23 09:33:09,801.0,657016
2021-06-23 09:33:11,801.0,657111
2021-06-23 09:33:12,800.6,657161
2021-06-23 09:33:13,800.95,657163
2021-06-23 09:33:14,800.6,657570
2021-06-23 09:33:15,800.55,657843
2021-06-23 09:33:16,800.9,657844
2021-06-23 09:33:18,800.9,657844
2021-06-23 09:33:19,800.85,657849
2021-06-23 09:33:21,800.6,658125
2021-06-23 09:33:22,800.9,658191
2021-06-23 09:33:23,800.75,658194
2021-06-23 09:33:24,800.75,658194
2021-06-23 09:33:25,800.75,658194
2021-06-23 09:33:26,800.9,658376
2021-06-23 09:33:27,800.9,658698
2021-06-23 09:33:28,800.9,658703
2021-06-23 09:33:29,800.9,658703
2021-06-23 09:33:30,800.75,658778
2021-06-23 09:33:31,800.9,658804
2021-06-23 09:33:32,800.9,658804
2021-06-23 09:33:33,800.75,659894
2021-06-23 09:33:34,800.5,659988
2021-06-23 09:33:36,800.5,659988
2021-06-23 09:33:38,800.5,660063
2021-06-23 09:33:39,800.65,660073
2021-06-23 09:33:40,800.65,660073
2021-06-23 09:33:41,800.65,660108
2021-06-23 09:33:41,800.65,660108
2021-06-23 09:33:42,800.65,660110
2021-06-23 09:33:44,800.65,660381
2021-06-23 09:33:45,800.65,660521
2021-06-23 09:33:46,800.65,660616
2021-06-23 09:33:47,800.6,660768
2021-06-23 09:33:48,800.65,660868
2021-06-23 09:33:49,800.5,661139
2021-06-23 09:33:50,800.5,661329
2021-06-23 09:33:51,800.5,661330
2021-06-23 09:33:52,800.5,661355
2021-06-23 09:33:53,800.5,661816
2021-06-23 09:33:55,800.55,661988
2021-06-23 09:33:55,800.55,661988
2021-06-23 09:33:57,800.5,663814
2021-06-23 09:33:57,800.5,663814
2021-06-23 09:33:58,800.35,663914
2021-06-23 09:33:59,800.5,664014
2021-06-23 09:34:00,800.35,664064
2021-06-23 09:34:01,800.5,664194
2021-06-23 09:34:02,800.5,664568
2021-06-23 09:34:04,800.5,664570
2021-06-23 09:34:04,800.5,664670
2021-06-23 09:34:06,800.15,664969
2021-06-23 09:34:08,800.1,665046
2021-06-23 09:34:08,800.1,665413
2021-06-23 09:34:09,800.45,665446
2021-06-23 09:34:10,800.45,665497
2021-06-23 09:34:11,800.1,665598
2021-06-23 09:34:12,800.4,665829
2021-06-23 09:34:13,800.4,665829
2021-06-23 09:34:14,800.15,666131
2021-06-23 09:34:15,800.15,666257
2021-06-23 09:34:16,800.35,666482
2021-06-23 09:34:17,800.1,666495
2021-06-23 09:34:18,800.4,666631
2021-06-23 09:34:19,800.4,666990
2021-06-23 09:34:20,800.15,667016
2021-06-23 09:34:21,800.15,667136
2021-06-23 09:34:22,800.15,667436
2021-06-23 09:34:23,800.15,667437
2021-06-23 09:34:24,800.1,667568
2021-06-23 09:34:25,800.1,667636
2021-06-23 09:34:27,800.35,667662
2021-06-23 09:34:28,800.1,667765
2021-06-23 09:34:29,800.2,668106
2021-06-23 09:34:28,800.1,668055
2021-06-23 09:34:30,800.3,668287
2021-06-23 09:34:31,800.05,669520
2021-06-23 09:34:32,800.2,669747
2021-06-23 09:34:33,800.2,669788
2021-06-23 09:34:34,800.2,670435
2021-06-23 09:34:35,800.0,671694
2021-06-23 09:34:37,800.15,671695
2021-06-23 09:34:38,800.15,671774
2021-06-23 09:34:39,800.0,671826
2021-06-23 09:34:40,800.0,671940
2021-06-23 09:34:42,800.05,672140
2021-06-23 09:34:44,800.0,672151
2021-06-23 09:34:45,800.0,672642
2021-06-23 09:34:47,798.55,686090
2021-06-23 09:34:47,798.55,686165
2021-06-23 09:34:49,798.55,686944
2021-06-23 09:34:49,798.85,687429
2021-06-23 09:34:50,798.6,687545
2021-06-23 09:34:51,798.75,688177
2021-06-23 09:34:53,798.1,690088
2021-06-23 09:34:53,798.15,690193
2021-06-23 09:34:55,798.05,690611
2021-06-23 09:34:55,798.0,691945
2021-06-23 09:34:56,798.0,692277
2021-06-23 09:34:58,798.0,692617
2021-06-23 09:34:58,798.3,692632
2021-06-23 09:34:59,798.0,693586
2021-06-23 09:35:00,798.0,694967
2021-06-23 09:35:01,798.0,695056
2021-06-23 09:35:02,798.0,695477
2021-06-23 09:35:03,798.0,695843
2021-06-23 09:35:04,797.8,696786
2021-06-23 09:35:05,798.1,697261
2021-06-23 09:35:08,797.65,697715
2021-06-23 09:35:10,797.65,697879
2021-06-23 09:35:10,797.55,698026
2021-06-23 09:35:11,797.8,698443
2021-06-23 09:35:12,797.6,699281
2021-06-23 09:35:13,797.6,699383
2021-06-23 09:35:15,797.65,699895
2021-06-23 09:35:16,798.4,708687
2021-06-23 09:35:17,798.1,709980
2021-06-23 09:35:18,798.1,710473
2021-06-23 09:35:19,798.45,711237
2021-06-23 09:35:20,798.7,711272
2021-06-23 09:35:21,798.7,711321
2021-06-23 09:35:21,798.7,711321
2021-06-23 09:35:22,798.5,712101
2021-06-23 09:35:24,798.4,712265
2021-06-23 09:35:25,798.75,719675
2021-06-23 09:35:27,799.0,719731
2021-06-23 09:35:28,798.5,720155
2021-06-23 09:35:29,798.5,720155
2021-06-23 09:35:30,798.75,720176
2021-06-23 09:35:31,798.8,720667
2021-06-23 09:35:32,798.8,720670
2021-06-23 09:35:32,798.75,721270
2021-06-23 09:35:33,798.7,721519
2021-06-23 09:35:34,799.0,721787
2021-06-23 09:35:36,798.65,722348
2021-06-23 09:35:37,799.0,722915
2021-06-23 09:35:39,798.8,723148
2021-06-23 09:35:39,798.7,723222
2021-06-23 09:35:40,798.7,723464
2021-06-23 09:35:41,799.0,723552
2021-06-23 09:35:42,799.0,724309
2021-06-23 09:35:43,798.95,724339
2021-06-23 09:35:44,799.1,724396
2021-06-23 09:35:50,799.3,724585
2021-06-23 09:35:51,799.4,725997
2021-06-23 09:35:51,799.4,725997
2021-06-23 09:35:52,799.05,726057
2021-06-23 09:35:53,799.05,726719
2021-06-23 09:35:54,799.35,726730
2021-06-23 09:35:55,799.05,726802
2021-06-23 09:35:56,799.35,726812
2021-06-23 09:35:58,799.15,727069
2021-06-23 09:36:00,799.5,728709
2021-06-23 09:36:01,799.0,730913
2021-06-23 09:36:02,799.0,731144
2021-06-23 09:36:02,798.95,731170
2021-06-23 09:36:03,798.95,731290
2021-06-23 09:36:04,799.35,731441
2021-06-23 09:36:05,799.05,731660
2021-06-23 09:36:06,799.05,731863
2021-06-23 09:36:07,799.05,731952
2021-06-23 09:36:09,798.85,732632
2021-06-23 09:36:10,798.85,732699
2021-06-23 09:36:11,798.85,732794
2021-06-23 09:36:12,798.85,732907
2021-06-23 09:36:12,798.8,732917
2021-06-23 09:36:13,798.85,732977
2021-06-23 09:36:14,798.8,733277
2021-06-23 09:36:15,798.8,733277
2021-06-23 09:36:17,798.8,733663
2021-06-23 09:36:18,798.8,733663
2021-06-23 09:36:21,798.8,733938
2021-06-23 09:36:21,798.95,734038
2021-06-23 09:36:23,798.7,734462
2021-06-23 09:36:25,798.65,734696
2021-06-23 09:36:26,798.65,734786
2021-06-23 09:36:27,799.1,736786
2021-06-23 09:36:28,799.05,737108
2021-06-23 09:36:29,798.75,737137
2021-06-23 09:36:31,798.7,737189
2021-06-23 09:36:32,799.05,737240
2021-06-23 09:36:33,798.85,737245
2021-06-23 09:36:34,799.0,737580
2021-06-23 09:36:35,799.0,738010
2021-06-23 09:36:36,798.75,738243
2021-06-23 09:36:37,799.0,738543
2021-06-23 09:36:38,799.0,738608
2021-06-23 09:36:38,799.0,738608
2021-06-23 09:36:39,799.0,738968
2021-06-23 09:36:40,799.0,738978
2021-06-23 09:36:41,798.65,739263
2021-06-23 09:36:42,798.75,739788
2021-06-23 09:36:43,798.75,739801
2021-06-23 09:36:45,798.85,739901
2021-06-23 09:36:46,798.75,740051
2021-06-23 09:36:47,799.0,740201
2021-06-23 09:36:48,798.7,740376
2021-06-23 09:36:49,799.0,740379
2021-06-23 09:36:50,799.0,740428
2021-06-23 09:36:51,799.2,741159
2021-06-23 09:36:54,799.0,741593
2021-06-23 09:36:55,799.2,742064
2021-06-23 09:36:56,799.2,742064
2021-06-23 09:36:57,799.3,742085
2021-06-23 09:36:58,799.1,742480
2021-06-23 09:36:59,799.05,742606
2021-06-23 09:36:59,799.3,742658
2021-06-23 09:37:00,799.55,742922
2021-06-23 09:37:02,799.5,742932
2021-06-23 09:37:03,799.8,743511
2021-06-23 09:37:04,799.6,743611
2021-06-23 09:37:05,799.55,743705
2021-06-23 09:37:06,799.55,743805
2021-06-23 09:37:07,799.9,743953
2021-06-23 09:37:08,799.65,744351
2021-06-23 09:37:08,799.65,744351
2021-06-23 09:37:09,800.0,744551
2021-06-23 09:37:10,799.95,744591
2021-06-23 09:37:11,799.65,745434
2021-06-23 09:37:12,799.65,745434
2021-06-23 09:37:14,799.65,745450
2021-06-23 09:37:15,799.95,745460
2021-06-23 09:37:16,799.65,745841
2021-06-23 09:37:17,799.95,745868
2021-06-23 09:37:18,799.6,746368
2021-06-23 09:37:19,799.7,746488
2021-06-23 09:37:19,799.95,746478
2021-06-23 09:37:20,799.95,746573
2021-06-23 09:37:22,799.95,746694
2021-06-23 09:37:23,799.65,746800
2021-06-23 09:37:24,799.95,746900
2021-06-23 09:37:25,799.95,747054
2021-06-23 09:37:26,799.65,747058
2021-06-23 09:37:27,799.9,747375
2021-06-23 09:37:28,799.65,747695
2021-06-23 09:37:29,799.95,747705
2021-06-23 09:37:29,799.95,747705
2021-06-23 09:37:30,799.95,747705
2021-06-23 09:37:32,799.7,747790
2021-06-23 09:37:33,799.8,747865
2021-06-23 09:37:33,799.9,747867
2021-06-23 09:37:35,799.9,747952
2021-06-23 09:37:36,799.8,747962
2021-06-23 09:37:37,800.0,749295
2021-06-23 09:37:38,800.0,755386
2021-06-23 09:37:39,800.0,755386
2021-06-23 09:37:41,799.95,755388
2021-06-23 09:37:41,799.95,755388
2021-06-23 09:37:42,799.95,755431
2021-06-23 09:37:43,799.95,755431
2021-06-23 09:37:45,799.6,755905
2021-06-23 09:37:46,799.75,756105
2021-06-23 09:37:47,799.75,756105
2021-06-23 09:37:48,799.85,756605
2021-06-23 09:37:50,799.6,756737
2021-06-23 09:37:51,799.6,756890
2021-06-23 09:37:51,799.55,757123
2021-06-23 09:37:53,799.7,757500
2021-06-23 09:37:55,800.1,758249
2021-06-23 09:37:56,799.9,758553
2021-06-23 09:37:57,799.95,758907
2021-06-23 09:37:58,800.05,758987
2021-06-23 09:38:00,800.3,759225
2021-06-23 09:38:01,799.9,759510
2021-06-23 09:38:03,800.25,759623
2021-06-23 09:38:06,800.3,760342
2021-06-23 09:38:08,800.25,760582
2021-06-23 09:38:09,800.0,760607
2021-06-23 09:38:09,800.0,760619
2021-06-23 09:38:10,800.4,760919
2021-06-23 09:38:11,800.4,761061
2021-06-23 09:38:15,799.9,762110
2021-06-23 09:38:16,799.55,762810
2021-06-23 09:38:17,799.8,762902
2021-06-23 09:38:18,799.9,762920
2021-06-23 09:38:19,799.9,763001
2021-06-23 09:38:19,799.9,763001
2021-06-23 09:38:20,799.65,763044
2021-06-23 09:38:22,799.55,763126
2021-06-23 09:38:23,799.55,763126
2021-06-23 09:38:24,799.9,763226
2021-06-23 09:38:25,799.9,763351
2021-06-23 09:38:26,799.55,763427
2021-06-23 09:38:27,799.9,763432
2021-06-23 09:38:28,799.55,763636
2021-06-23 09:38:29,799.6,763644
2021-06-23 09:38:29,799.6,763644
2021-06-23 09:38:30,799.6,763644
2021-06-23 09:38:32,799.55,763844
2021-06-23 09:38:33,799.9,763922
2021-06-23 09:38:35,800.0,764942
2021-06-23 09:38:36,800.0,764942
2021-06-23 09:38:37,799.75,764949
2021-06-23 09:38:38,799.75,764949
2021-06-23 09:38:39,799.7,765024
2021-06-23 09:38:41,800.0,765236
2021-06-23 09:38:42,800.0,765283
2021-06-23 09:38:43,800.0,765333
2021-06-23 09:38:45,799.9,765434
2021-06-23 09:38:46,799.7,765520
2021-06-23 09:38:46,799.7,765520
2021-06-23 09:38:49,799.95,765725
2021-06-23 09:38:50,800.0,765825
2021-06-23 09:38:51,800.0,766928
2021-06-23 09:38:52,800.0,766928
2021-06-23 09:38:53,800.0,767023
2021-06-23 09:38:54,800.0,767028
2021-06-23 09:38:56,799.75,768560
2021-06-23 09:38:57,800.0,768789
2021-06-23 09:38:57,799.7,768610
2021-06-23 09:38:58,800.05,768804
2021-06-23 09:38:59,799.95,768863
2021-06-23 09:39:01,799.9,769063
2021-06-23 09:39:02,800.1,769179
2021-06-23 09:39:03,800.3,769186
2021-06-23 09:39:04,799.95,769287
2021-06-23 09:39:05,800.1,769614
2021-06-23 09:39:06,800.05,769665
2021-06-23 09:39:08,800.05,769749
2021-06-23 09:39:09,800.05,769780
2021-06-23 09:39:10,800.05,769880
2021-06-23 09:39:11,800.05,769880
2021-06-23 09:39:12,800.05,769888
2021-06-23 09:39:13,800.35,770201
2021-06-23 09:39:14,800.3,770375
2021-06-23 09:39:15,800.1,770752
2021-06-23 09:39:16,800.3,770758
2021-06-23 09:39:17,800.3,770778
2021-06-23 09:39:18,800.1,770819
2021-06-23 09:39:19,799.95,771269
2021-06-23 09:39:20,800.05,771356
2021-06-23 09:39:21,800.05,771356
2021-06-23 09:39:22,800.05,771356
2021-06-23 09:39:23,799.95,771525
2021-06-23 09:39:24,800.0,771554
2021-06-23 09:39:25,800.0,771554
2021-06-23 09:39:26,800.1,771566
2021-06-23 09:39:27,799.95,772140
2021-06-23 09:39:28,799.95,772140
2021-06-23 09:39:29,800.2,772365
2021-06-23 09:39:30,800.2,772565
2021-06-23 09:39:31,800.2,772565
2021-06-23 09:39:33,800.2,772612
2021-06-23 09:39:34,800.2,772792
2021-06-23 09:39:35,800.15,772793
2021-06-23 09:39:36,800.15,772793
2021-06-23 09:39:37,799.95,772843
2021-06-23 09:39:38,799.95,772843
2021-06-23 09:39:39,800.15,772866
2021-06-23 09:39:40,799.9,772948
2021-06-23 09:39:42,800.15,773145
2021-06-23 09:39:41,800.15,773145
2021-06-23 09:39:43,799.9,773150
2021-06-23 09:39:44,799.9,773250
2021-06-23 09:39:45,800.15,773259
2021-06-23 09:39:46,799.95,773685
2021-06-23 09:39:47,800.15,773754
2021-06-23 09:39:48,800.15,773848
2021-06-23 09:39:49,800.15,773858
2021-06-23 09:39:50,800.0,773915
2021-06-23 09:39:51,800.15,774861
2021-06-23 09:39:52,800.15,774861
2021-06-23 09:39:53,800.25,776668
2021-06-23 09:39:54,800.15,776827
2021-06-23 09:39:55,800.3,778388
2021-06-23 09:39:56,800.15,778492
2021-06-23 09:39:57,800.15,778592
2021-06-23 09:39:58,800.15,778592
2021-06-23 09:39:59,800.3,778602
2021-06-23 09:40:00,800.15,778612
2021-06-23 09:40:01,800.3,778671
2021-06-23 09:40:02,800.15,778849
2021-06-23 09:40:04,800.15,778856
2021-06-23 09:40:03,800.15,778856
2021-06-23 09:40:05,800.15,779456
2021-06-23 09:40:06,800.35,779543
2021-06-23 09:40:07,800.35,779543
2021-06-23 09:40:08,800.35,779549
2021-06-23 09:40:09,800.35,779826
2021-06-23 09:40:10,800.15,779827
2021-06-23 09:40:11,800.0,780252
2021-06-23 09:40:12,800.1,780267
2021-06-23 09:40:13,800.4,780837
2021-06-23 09:40:14,800.4,780837
2021-06-23 09:40:15,800.3,780937
2021-06-23 09:40:16,799.9,783415
2021-06-23 09:40:17,800.0,784379
2021-06-23 09:40:18,799.95,784499
2021-06-23 09:40:19,800.0,784539
2021-06-23 09:40:20,799.7,784742
2021-06-23 09:40:21,799.7,784833
2021-06-23 09:40:22,799.7,784851
2021-06-23 09:40:23,800.0,784949
2021-06-23 09:40:24,800.25,785059
2021-06-23 09:40:25,800.25,785059
2021-06-23 09:40:26,799.7,785174
2021-06-23 09:40:27,800.0,785193
2021-06-23 09:40:28,800.0,785193
2021-06-23 09:40:29,800.0,785203
2021-06-23 09:40:30,799.8,785280
2021-06-23 09:40:31,799.8,785280
2021-06-23 09:40:32,799.75,785540
2021-06-23 09:40:33,799.75,785540
2021-06-23 09:40:34,799.7,785640
2021-06-23 09:40:35,799.5,786356
2021-06-23 09:40:36,799.65,786766
2021-06-23 09:40:37,799.0,787328
2021-06-23 09:40:38,799.0,787338
2021-06-23 09:40:39,799.0,787640
2021-06-23 09:40:40,798.95,788641
2021-06-23 09:40:41,798.95,788641
2021-06-23 09:40:42,799.4,788757
2021-06-23 09:40:43,798.85,789144
2021-06-23 09:40:44,798.85,789144
2021-06-23 09:40:45,799.45,789394
2021-06-23 09:40:46,799.45,789394
2021-06-23 09:40:47,799.55,790114
2021-06-23 09:40:48,799.55,790114
2021-06-23 09:40:49,799.55,790114
2021-06-23 09:40:50,799.15,790192
2021-06-23 09:40:51,799.15,790192
2021-06-23 09:40:52,799.1,790202
2021-06-23 09:40:53,799.1,790302
2021-06-23 09:40:54,799.2,790502
2021-06-23 09:40:55,799.2,790502
2021-06-23 09:40:56,799.45,790877
2021-06-23 09:40:57,799.25,790954
2021-06-23 09:40:58,799.25,790954
2021-06-23 09:40:59,799.45,790962
2021-06-23 09:41:00,799.1,790975
2021-06-23 09:41:01,799.45,790979
2021-06-23 09:41:02,799.45,790999
2021-06-23 09:41:03,799.45,791048
2021-06-23 09:41:04,799.45,791230
2021-06-23 09:41:05,799.45,791430
2021-06-23 09:41:06,799.65,791450
2021-06-23 09:41:07,799.45,791650
2021-06-23 09:41:08,799.45,791900
2021-06-23 09:41:09,799.65,792097
2021-06-23 09:41:10,799.55,792199
2021-06-23 09:41:12,799.1,792414
2021-06-23 09:41:13,799.4,792449
2021-06-23 09:41:14,799.1,792544
2021-06-23 09:41:15,799.1,792594
2021-06-23 09:41:16,799.1,792594
2021-06-23 09:41:17,799.4,792675
2021-06-23 09:41:18,799.1,792842
2021-06-23 09:41:19,799.1,792843
2021-06-23 09:41:20,799.1,792893
2021-06-23 09:41:21,799.1,792893
2021-06-23 09:41:22,799.1,792944
2021-06-23 09:41:23,799.1,792944
2021-06-23 09:41:24,799.1,792944
2021-06-23 09:41:25,799.1,793095
2021-06-23 09:41:26,799.15,793282
2021-06-23 09:41:27,799.2,793287
2021-06-23 09:41:28,799.2,793287
2021-06-23 09:41:29,799.1,793297
2021-06-23 09:41:30,799.2,793308
2021-06-23 09:41:31,799.1,793381
2021-06-23 09:41:32,799.1,793606
2021-06-23 09:41:34,799.1,793700
2021-06-23 09:41:36,799.1,793780
2021-06-23 09:41:36,799.1,793843
2021-06-23 09:41:37,799.1,793843
2021-06-23 09:41:38,799.2,794343
2021-06-23 09:41:39,799.1,794467
2021-06-23 09:41:40,799.2,794517
2021-06-23 09:41:41,799.2,794517
2021-06-23 09:41:42,799.2,794567
2021-06-23 09:41:43,799.1,795154
2021-06-23 09:41:44,799.35,795555
2021-06-23 09:41:45,799.2,795586
2021-06-23 09:41:47,799.4,797073
2021-06-23 09:41:46,799.2,795957
2021-06-23 09:41:48,799.4,797073
2021-06-23 09:41:49,799.45,797701
2021-06-23 09:41:50,799.45,798006
2021-06-23 09:41:51,799.45,798057
2021-06-23 09:41:52,799.45,798330
2021-06-23 09:41:53,799.45,798954
2021-06-23 09:41:54,799.45,799084
2021-06-23 09:41:55,799.35,799086
2021-06-23 09:41:56,799.35,799086
2021-06-23 09:41:57,799.35,799086
2021-06-23 09:41:58,799.35,799086
2021-06-23 09:41:59,799.35,799086
2021-06-23 09:42:00,799.1,801259
2021-06-23 09:42:01,799.1,801678
2021-06-23 09:42:02,799.1,801678
2021-06-23 09:42:04,799.0,801683
2021-06-23 09:42:04,799.0,801683
2021-06-23 09:42:05,799.3,801692
2021-06-23 09:42:06,799.1,801792
2021-06-23 09:42:07,799.0,801866
2021-06-23 09:42:08,799.1,802866
2021-06-23 09:42:09,799.1,802866
2021-06-23 09:42:10,799.1,802866
2021-06-23 09:42:11,799.1,802866
2021-06-23 09:42:12,799.1,802866
2021-06-23 09:42:13,799.1,802866
2021-06-23 09:42:15,799.2,803299
2021-06-23 09:42:16,799.2,803399
2021-06-23 09:42:17,799.0,803949
2021-06-23 09:42:18,799.0,804019
2021-06-23 09:42:19,799.0,804074
2021-06-23 09:42:20,799.0,804074
2021-06-23 09:42:21,799.25,804274
2021-06-23 09:42:23,799.0,804347
2021-06-23 09:42:23,799.2,805345
2021-06-23 09:42:24,799.2,805345
2021-06-23 09:42:26,799.05,805839
2021-06-23 09:42:26,799.0,805880
2021-06-23 09:42:28,798.9,805905
2021-06-23 09:42:28,798.9,805905
2021-06-23 09:42:29,798.9,805922
2021-06-23 09:42:30,798.85,806001
2021-06-23 09:42:31,798.85,806006
2021-06-23 09:42:32,799.0,806017
2021-06-23 09:42:33,798.85,806026
2021-06-23 09:42:34,798.85,806026
2021-06-23 09:42:35,798.85,806026
2021-06-23 09:42:36,799.0,806027
2021-06-23 09:42:37,798.85,806102
2021-06-23 09:42:38,798.9,806112
2021-06-23 09:42:39,798.85,806714
2021-06-23 09:42:40,798.9,806870
2021-06-23 09:42:41,798.9,806875
2021-06-23 09:42:43,798.9,806875
2021-06-23 09:42:44,798.85,806990
2021-06-23 09:42:45,798.9,807686
2021-06-23 09:42:46,799.2,809169
2021-06-23 09:42:47,799.05,809476
2021-06-23 09:42:48,799.05,809525
2021-06-23 09:42:49,798.95,810641
2021-06-23 09:42:50,798.95,810641
2021-06-23 09:42:51,799.05,810645
2021-06-23 09:42:52,799.0,810983
2021-06-23 09:42:53,798.9,811104
2021-06-23 09:42:55,799.3,811124
2021-06-23 09:42:56,799.3,811124
2021-06-23 09:42:57,799.3,811124
2021-06-23 09:42:58,799.3,811124
2021-06-23 09:42:59,799.3,811124
2021-06-23 09:43:00,798.9,811865
2021-06-23 09:43:01,799.3,811867
2021-06-23 09:43:02,799.3,812032
2021-06-23 09:43:03,799.0,812149
2021-06-23 09:43:04,799.0,812149
2021-06-23 09:43:05,799.35,812394
2021-06-23 09:43:06,799.35,812406
2021-06-23 09:43:08,799.3,812482
2021-06-23 09:43:08,799.3,812482
2021-06-23 09:43:10,799.3,812560
2021-06-23 09:43:10,799.3,812560
2021-06-23 09:43:11,799.35,812570
2021-06-23 09:43:12,799.3,812896
2021-06-23 09:43:13,799.35,812902
2021-06-23 09:43:14,799.3,812939
2021-06-23 09:43:15,799.65,814169
2021-06-23 09:43:16,799.25,814351
2021-06-23 09:43:17,799.25,814351
2021-06-23 09:43:18,799.25,814351
2021-06-23 09:43:19,799.1,814357
2021-06-23 09:43:20,799.1,814357
2021-06-23 09:43:21,799.25,814360
2021-06-23 09:43:22,799.35,814365
2021-06-23 09:43:23,799.35,814415
2021-06-23 09:43:24,799.3,814585
2021-06-23 09:43:26,799.0,816468
2021-06-23 09:43:27,799.1,816572
2021-06-23 09:43:28,798.9,816782
2021-06-23 09:43:28,798.9,816782
2021-06-23 09:43:29,799.1,816882
2021-06-23 09:43:30,799.0,816892
2021-06-23 09:43:31,799.0,816892
2021-06-23 09:43:32,799.0,816968
2021-06-23 09:43:33,799.1,816988
2021-06-23 09:43:34,799.0,817588
2021-06-23 09:43:35,799.1,817591
2021-06-23 09:43:36,799.1,817591
2021-06-23 09:43:37,799.1,817591
2021-06-23 09:43:38,799.1,817591
2021-06-23 09:43:39,799.3,818591
2021-06-23 09:43:40,799.0,818693
2021-06-23 09:43:41,799.0,818693
2021-06-23 09:43:42,799.0,818843
2021-06-23 09:43:43,799.2,818943
2021-06-23 09:43:44,799.2,819043
2021-06-23 09:43:45,799.0,819143
2021-06-23 09:43:46,799.0,819203
2021-06-23 09:43:47,799.0,819379
2021-06-23 09:43:48,799.2,819380
2021-06-23 09:43:50,799.2,819380
2021-06-23 09:43:52,799.2,819444
2021-06-23 09:43:53,799.2,819469
2021-06-23 09:43:54,799.2,819469
2021-06-23 09:43:54,799.2,819469
2021-06-23 09:43:55,799.2,819569
2021-06-23 09:43:56,799.0,819832
2021-06-23 09:43:57,799.2,819932
2021-06-23 09:43:58,799.0,820062
2021-06-23 09:43:59,799.2,820063
2021-06-23 09:44:00,799.0,820183
2021-06-23 09:44:01,798.8,822960
2021-06-23 09:44:02,798.8,822960
2021-06-23 09:44:03,799.1,823180
2021-06-23 09:44:04,798.8,823274
2021-06-23 09:44:05,798.8,823274
2021-06-23 09:44:06,798.8,823274
2021-06-23 09:44:07,798.8,823274
2021-06-23 09:44:08,799.0,823283
2021-06-23 09:44:09,799.0,823283
2021-06-23 09:44:11,799.15,823493
2021-06-23 09:44:12,799.15,823880
2021-06-23 09:44:13,799.15,823880
2021-06-23 09:44:13,799.15,823880
2021-06-23 09:44:14,799.15,823880
2021-06-23 09:44:15,799.15,823894
2021-06-23 09:44:16,798.8,823996
2021-06-23 09:44:17,798.8,823996
2021-06-23 09:44:18,798.8,823996
2021-06-23 09:44:20,798.8,824080
2021-06-23 09:44:20,798.85,824139
2021-06-23 09:44:21,798.45,825494
2021-06-23 09:44:22,798.45,825494
2021-06-23 09:44:23,798.45,825494
2021-06-23 09:44:24,798.5,825544
2021-06-23 09:44:25,798.3,825594
2021-06-23 09:44:27,798.5,825754
2021-06-23 09:44:28,798.1,825997
2021-06-23 09:44:29,798.1,825997
2021-06-23 09:44:29,798.1,826007
2021-06-23 09:44:31,798.1,826192
2021-06-23 09:44:31,798.3,826193
2021-06-23 09:44:32,798.0,828276
2021-06-23 09:44:33,798.0,828281
2021-06-23 09:44:34,798.1,828282
2021-06-23 09:44:35,798.3,828983
2021-06-23 09:44:36,798.0,829058
2021-06-23 09:44:37,798.0,829109
2021-06-23 09:44:38,798.3,829170
2021-06-23 09:44:39,798.3,829172
2021-06-23 09:44:40,798.3,829172
2021-06-23 09:44:41,798.3,829274
2021-06-23 09:44:42,798.0,829434
2021-06-23 09:44:43,798.05,829614
2021-06-23 09:44:44,798.05,829614
2021-06-23 09:44:46,798.0,830216
2021-06-23 09:44:47,798.3,830644
2021-06-23 09:44:47,798.3,830646
2021-06-23 09:44:48,798.05,831176
2021-06-23 09:44:49,798.05,831246
2021-06-23 09:44:50,798.0,831590
2021-06-23 09:44:51,798.3,831941
2021-06-23 09:44:52,798.0,832115
2021-06-23 09:44:53,798.0,832269
2021-06-23 09:44:54,798.0,832269
2021-06-23 09:44:55,798.0,832282
2021-06-23 09:44:56,798.1,832372
2021-06-23 09:44:57,798.1,832372
2021-06-23 09:44:58,798.0,833319
2021-06-23 09:44:59,798.0,833319
2021-06-23 09:45:00,798.0,834457
2021-06-23 09:45:01,797.75,835967
2021-06-23 09:45:02,797.7,835970
2021-06-23 09:45:03,798.0,836131
2021-06-23 09:45:04,798.0,836131
2021-06-23 09:45:05,798.0,836131
2021-06-23 09:45:07,797.8,836613
2021-06-23 09:45:08,797.65,836919
2021-06-23 09:45:09,797.65,837270
2021-06-23 09:45:10,797.65,837270
2021-06-23 09:45:11,797.65,837930
2021-06-23 09:45:12,797.9,838075
2021-06-23 09:45:13,797.65,838192
2021-06-23 09:45:14,797.6,839027
2021-06-23 09:45:15,797.6,839169
2021-06-23 09:45:17,797.75,839299
2021-06-23 09:45:18,797.6,839349
2021-06-23 09:45:19,797.55,840350
2021-06-23 09:45:20,797.5,841361
2021-06-23 09:45:21,797.65,841403
2021-06-23 09:45:22,797.65,841436
2021-06-23 09:45:29,798.5,848944
2021-06-23 09:45:35,798.55,850000
2021-06-23 09:45:40,798.45,851144
2021-06-23 09:45:46,798.65,851755
2021-06-23 09:45:51,798.4,851852
2021-06-23 09:45:56,798.25,852366
2021-06-23 09:46:02,797.75,852813
2021-06-23 09:46:07,797.5,853309
2021-06-23 09:46:12,797.7,853903
2021-06-23 09:46:17,797.5,854990
2021-06-23 09:46:22,797.5,855729
2021-06-23 09:46:27,797.4,858014
2021-06-23 09:46:33,797.1,862399
2021-06-23 09:46:38,796.75,864321
2021-06-23 09:46:43,796.55,865277
2021-06-23 09:46:48,796.55,866948
2021-06-23 09:46:53,796.5,870075
2021-06-23 09:46:58,796.6,874345
2021-06-23 09:47:03,796.4,875947
2021-06-23 09:47:09,796.4,878909
2021-06-23 09:47:15,796.95,884248
2021-06-23 09:47:20,796.6,886215
2021-06-23 09:47:25,796.9,886977
2021-06-23 09:47:29,796.6,887163
2021-06-23 09:47:34,796.9,887632
2021-06-23 09:47:44,796.7,888195
2021-06-23 09:47:50,796.9,889387
2021-06-23 09:47:55,796.8,902305
2021-06-23 09:48:01,796.75,902900
2021-06-23 09:48:06,796.8,903031
2021-06-23 09:48:11,796.8,903747
2021-06-23 09:48:15,797.0,904798
2021-06-23 09:48:20,797.0,905906
2021-06-23 09:48:26,797.6,906384
2021-06-23 09:48:31,797.6,906987
2021-06-23 09:48:36,797.65,907596
2021-06-23 09:48:41,797.6,908094
2021-06-23 09:48:46,797.6,908281
2021-06-23 09:48:52,797.6,908499
2021-06-23 09:48:57,797.55,908840
2021-06-23 09:49:03,797.55,908973
2021-06-23 09:49:08,797.35,909773
2021-06-23 09:49:12,797.35,910005
2021-06-23 09:49:17,797.2,910789
2021-06-23 09:49:22,797.2,911943
2021-06-23 09:49:27,796.95,913183
2021-06-23 09:49:32,796.85,915350
2021-06-23 09:49:38,796.7,915671
2021-06-23 09:49:42,796.7,915776
2021-06-23 09:49:52,796.9,918006
2021-06-23 09:49:57,796.95,918498
2021-06-23 09:50:02,796.7,918805
2021-06-23 09:50:12,796.55,921137
2021-06-23 09:50:17,796.4,922875
2021-06-23 09:50:22,796.55,923296
2021-06-23 09:50:23,796.35,923401
2021-06-23 09:50:25,796.3,923482
2021-06-23 09:50:26,796.3,923482
2021-06-23 09:50:27,796.3,923482
2021-06-23 09:50:28,796.3,923482
2021-06-23 09:50:29,796.25,923492
2021-06-23 09:50:30,796.25,923740
2021-06-23 09:50:31,796.45,923810
2021-06-23 09:50:32,796.25,923827
2021-06-23 09:50:33,796.25,923906
2021-06-23 09:50:34,796.4,923932
2021-06-23 09:50:35,796.45,923933
2021-06-23 09:50:36,796.45,924110
2021-06-23 09:50:37,796.45,924110
2021-06-23 09:50:38,796.25,924255
2021-06-23 09:50:39,796.25,924372
2021-06-23 09:50:41,796.25,924476
2021-06-23 09:50:40,796.25,924458
2021-06-23 09:50:42,796.15,925067
2021-06-23 09:50:43,796.3,925082
2021-06-23 09:50:44,796.3,925134
2021-06-23 09:50:45,796.3,925239
2021-06-23 09:50:46,796.15,925241
2021-06-23 09:50:47,796.25,925269
2021-06-23 09:50:48,796.1,925782
2021-06-23 09:50:49,796.05,925965
2021-06-23 09:50:50,796.05,925965
2021-06-23 09:50:51,796.05,925978
2021-06-23 09:50:52,796.25,926113
2021-06-23 09:50:53,796.0,926501
2021-06-23 09:50:54,796.0,926501
2021-06-23 09:50:55,796.0,927086
2021-06-23 09:50:56,796.2,927336
2021-06-23 09:50:57,796.0,927937
2021-06-23 09:50:58,796.0,928237
2021-06-23 09:50:59,796.0,928240
2021-06-23 09:51:00,795.75,929906
2021-06-23 09:51:02,795.8,929931
2021-06-23 09:51:01,795.8,929921
2021-06-23 09:51:03,795.8,930008
2021-06-23 09:51:04,796.0,930239
2021-06-23 09:51:05,795.75,930487
2021-06-23 09:51:06,795.8,930537
2021-06-23 09:51:08,795.75,931452
2021-06-23 09:51:09,795.65,932620
2021-06-23 09:51:10,795.8,933057
2021-06-23 09:51:11,795.6,933061
2021-06-23 09:51:12,795.6,933062
2021-06-23 09:51:13,795.6,933078
2021-06-23 09:51:14,795.65,933080
2021-06-23 09:51:15,795.5,933786
2021-06-23 09:51:16,795.5,934108
2021-06-23 09:51:17,795.5,934128
2021-06-23 09:51:18,795.5,934143
2021-06-23 09:51:19,795.5,934354
2021-06-23 09:51:20,795.5,934474
2021-06-23 09:51:21,795.6,934524
2021-06-23 09:51:22,795.65,934751
2021-06-23 09:51:23,795.65,935595
2021-06-23 09:51:24,795.55,935704
2021-06-23 09:51:25,795.4,936097
2021-06-23 09:51:26,795.65,936185
2021-06-23 09:51:27,795.65,936185
2021-06-23 09:51:28,795.65,936405
2021-06-23 09:51:29,795.6,936924
2021-06-23 09:51:30,795.3,936995
2021-06-23 09:51:31,795.3,937578
2021-06-23 09:51:32,795.2,938395
2021-06-23 09:51:33,795.5,938539
2021-06-23 09:51:34,795.5,938539
2021-06-23 09:51:35,795.35,938970
2021-06-23 09:51:36,795.05,940959
2021-06-23 09:51:38,795.1,941993
2021-06-23 09:51:39,795.05,942496
2021-06-23 09:51:40,795.1,943235
2021-06-23 09:51:41,795.15,944028
2021-06-23 09:51:42,795.15,945101
2021-06-23 09:51:43,795.1,945214
2021-06-23 09:51:44,795.15,945260
2021-06-23 09:51:45,795.15,946453
2021-06-23 09:51:46,795.4,947222
2021-06-23 09:51:47,795.5,949172
2021-06-23 09:51:48,795.15,949721
2021-06-23 09:51:49,795.05,950276
2021-06-23 09:51:50,795.15,950520
2021-06-23 09:51:51,795.45,950672
2021-06-23 09:51:52,795.45,950968
2021-06-23 09:51:53,795.5,951500
2021-06-23 09:51:54,795.15,951833
2021-06-23 09:51:55,795.15,951953
2021-06-23 09:51:56,795.15,952032
2021-06-23 09:51:57,795.15,952032
2021-06-23 09:51:58,795.6,952790
2021-06-23 09:51:59,795.3,953192
2021-06-23 09:52:00,795.2,953565
2021-06-23 09:52:01,795.45,953684
2021-06-23 09:52:02,795.15,954098
2021-06-23 09:52:03,795.15,954098
2021-06-23 09:52:04,795.2,954156
2021-06-23 09:52:05,795.6,956637
2021-06-23 09:52:06,795.3,957006
2021-06-23 09:52:07,795.45,957418
2021-06-23 09:52:08,795.45,957418
2021-06-23 09:52:09,795.45,957418
2021-06-23 09:52:11,795.5,957671
2021-06-23 09:52:12,795.75,958456
2021-06-23 09:52:13,795.65,960273
2021-06-23 09:52:14,795.55,960854
2021-06-23 09:52:15,795.55,960861
2021-06-23 09:52:16,795.5,960959
2021-06-23 09:52:17,795.55,961059
2021-06-23 09:52:18,795.55,961086
2021-06-23 09:52:19,795.85,961546
2021-06-23 09:52:20,795.55,961765
2021-06-23 09:52:21,795.85,961875
2021-06-23 09:52:23,795.85,961931
2021-06-23 09:52:23,795.85,961931
2021-06-23 09:52:24,795.9,962076
2021-06-23 09:52:25,795.85,962255
2021-06-23 09:52:26,795.85,962259
2021-06-23 09:52:27,795.9,962265
2021-06-23 09:52:28,795.85,962401
2021-06-23 09:52:29,795.85,962446
2021-06-23 09:52:30,795.85,962483
2021-06-23 09:52:31,795.85,962513
2021-06-23 09:52:33,795.85,962568
2021-06-23 09:52:34,795.85,962568
2021-06-23 09:52:35,795.85,962588
2021-06-23 09:52:36,795.85,962620
2021-06-23 09:52:37,795.85,962620
2021-06-23 09:52:38,795.85,962665
2021-06-23 09:52:39,795.85,962670
2021-06-23 09:52:40,796.0,964010
2021-06-23 09:52:41,796.2,964623
2021-06-23 09:52:42,795.9,964630
2021-06-23 09:52:43,795.65,964720
2021-06-23 09:52:44,795.65,964720
2021-06-23 09:52:45,795.85,964791
2021-06-23 09:52:46,795.65,965059
2021-06-23 09:52:47,795.7,965379
2021-06-23 09:52:48,795.95,965784
2021-06-23 09:52:49,795.7,965855
2021-06-23 09:52:50,795.7,965952
2021-06-23 09:52:52,796.0,966149
2021-06-23 09:52:53,795.75,967150
2021-06-23 09:52:55,795.75,967150
2021-06-23 09:52:55,795.75,967302
2021-06-23 09:52:56,795.7,967657
2021-06-23 09:52:57,796.0,967658
2021-06-23 09:52:58,795.7,967842
2021-06-23 09:52:59,796.0,968062
2021-06-23 09:53:00,795.75,968117
2021-06-23 09:53:01,795.7,968267
2021-06-23 09:53:02,795.65,968798
2021-06-23 09:53:03,796.05,970224
2021-06-23 09:53:04,796.0,971224
2021-06-23 09:53:05,796.0,972025
2021-06-23 09:53:08,795.6,972647
2021-06-23 09:53:08,796.0,972756
2021-06-23 09:53:11,795.6,972896
2021-06-23 09:53:12,795.6,973042
2021-06-23 09:53:13,795.5,973911
2021-06-23 09:53:14,795.3,974139
2021-06-23 09:53:15,795.3,974139
2021-06-23 09:53:16,795.7,974194
2021-06-23 09:53:17,795.3,976074
2021-06-23 09:53:18,795.2,976393
2021-06-23 09:53:19,795.65,976394
2021-06-23 09:53:20,795.2,976444
2021-06-23 09:53:21,795.6,976594
2021-06-23 09:53:22,795.2,976850
2021-06-23 09:53:23,795.35,976974
2021-06-23 09:53:24,795.35,976974
2021-06-23 09:53:25,795.35,976974
2021-06-23 09:53:26,795.35,976974
2021-06-23 09:53:27,795.35,976993
2021-06-23 09:53:28,795.5,976998
2021-06-23 09:53:29,795.25,977198
2021-06-23 09:53:30,795.15,977250
2021-06-23 09:53:31,795.2,977387
2021-06-23 09:53:32,795.45,977642
2021-06-23 09:53:33,795.2,977980
2021-06-23 09:53:35,795.4,978368
2021-06-23 09:53:35,795.25,978562
2021-06-23 09:53:37,795.45,978682
2021-06-23 09:53:37,795.45,978829
2021-06-23 09:53:38,795.45,978829
2021-06-23 09:53:39,795.2,979095
2021-06-23 09:53:40,795.2,979157
2021-06-23 09:53:41,795.2,979157
2021-06-23 09:53:42,795.45,979343
2021-06-23 09:53:43,795.4,979663
2021-06-23 09:53:44,795.15,979913
2021-06-23 09:53:45,795.4,980406
2021-06-23 09:53:46,795.15,980513
2021-06-23 09:53:48,795.15,980539
2021-06-23 09:53:49,795.2,980790
2021-06-23 09:53:49,795.4,980770
2021-06-23 09:53:50,795.15,980801
2021-06-23 09:53:51,795.15,980844
2021-06-23 09:53:52,795.4,980896
2021-06-23 09:53:53,795.4,981071
2021-06-23 09:53:54,795.15,981111
2021-06-23 09:53:55,795.15,981111
2021-06-23 09:53:56,795.15,981111
2021-06-23 09:53:57,795.15,981111
2021-06-23 09:53:59,795.15,981202
2021-06-23 09:53:59,795.15,981202
2021-06-23 09:54:00,795.15,981514
2021-06-23 09:54:01,795.2,981587
2021-06-23 09:54:03,795.15,981609
2021-06-23 09:54:03,795.15,989056
2021-06-23 09:54:05,795.2,990618
2021-06-23 09:54:05,795.2,990774
2021-06-23 09:54:06,795.15,991187
2021-06-23 09:54:07,795.15,991375
2021-06-23 09:54:09,795.2,991399
2021-06-23 09:54:10,795.2,991478
2021-06-23 09:54:12,795.15,991647
2021-06-23 09:54:13,795.15,991809
2021-06-23 09:54:14,795.2,993209
2021-06-23 09:54:14,795.5,996059
2021-06-23 09:54:16,795.5,996368
2021-06-23 09:54:16,795.25,996787
2021-06-23 09:54:17,795.5,997294
2021-06-23 09:54:18,795.2,997482
2021-06-23 09:54:19,795.15,997509
2021-06-23 09:54:20,795.15,997509
2021-06-23 09:54:21,795.15,997509
2021-06-23 09:54:22,795.15,997608
2021-06-23 09:54:23,795.2,997747
2021-06-23 09:54:24,795.5,997887
2021-06-23 09:54:25,795.5,998056
2021-06-23 09:54:27,795.6,999422
2021-06-23 09:54:28,795.2,999869
2021-06-23 09:54:29,795.2,999869
2021-06-23 09:54:30,795.5,1000035
2021-06-23 09:54:30,795.15,1000195
2021-06-23 09:54:31,795.2,1000302
2021-06-23 09:54:33,795.2,1000302
2021-06-23 09:54:33,795.45,1000397
2021-06-23 09:54:35,795.45,1000514
2021-06-23 09:54:36,795.45,1000514
2021-06-23 09:54:37,795.45,1000521
2021-06-23 09:54:38,795.45,1000521
2021-06-23 09:54:39,795.2,1000536
2021-06-23 09:54:40,795.2,1000717
2021-06-23 09:54:41,795.2,1000767
2021-06-23 09:54:42,795.2,1000777
2021-06-23 09:54:42,795.2,1000777
2021-06-23 09:54:44,795.2,1000834
2021-06-23 09:54:45,795.45,1000876
2021-06-23 09:54:45,795.2,1000866
2021-06-23 09:54:46,795.2,1001086
2021-06-23 09:54:47,795.2,1001143
2021-06-23 09:54:49,795.2,1001149
2021-06-23 09:54:50,795.5,1001449
2021-06-23 09:54:51,795.5,1002151
2021-06-23 09:54:52,795.15,1002753
2021-06-23 09:54:53,795.5,1002770
2021-06-23 09:54:54,795.25,1002856
2021-06-23 09:54:55,795.5,1002860
2021-06-23 09:54:56,795.5,1002860
2021-06-23 09:54:57,795.5,1002880
2021-06-23 09:54:58,795.5,1002880
2021-06-23 09:54:58,795.5,1002900
2021-06-23 09:54:59,795.25,1002906
2021-06-23 09:55:00,795.25,1002926
2021-06-23 09:55:02,795.5,1002969
2021-06-23 09:55:02,795.25,1003042
2021-06-23 09:55:03,795.7,1006992
2021-06-23 09:55:04,795.2,1007083
2021-06-23 09:55:05,795.2,1008483
2021-06-23 09:55:06,795.15,1009147
2021-06-23 09:55:08,795.1,1010834
2021-06-23 09:55:08,795.0,1011556
2021-06-23 09:55:10,794.3,1014163
2021-06-23 09:55:11,794.7,1015618
2021-06-23 09:55:12,794.3,1016011
2021-06-23 09:55:14,794.35,1016081
2021-06-23 09:55:14,794.7,1016524
2021-06-23 09:55:15,794.65,1016531
2021-06-23 09:55:16,794.25,1016644
2021-06-23 09:55:17,794.6,1018565
2021-06-23 09:55:18,794.15,1018705
2021-06-23 09:55:20,794.1,1019588
2021-06-23 09:55:20,794.6,1020088
2021-06-23 09:55:21,794.15,1020286
2021-06-23 09:55:22,794.45,1020306
2021-06-23 09:55:23,794.15,1020728
2021-06-23 09:55:24,794.1,1021078
2021-06-23 09:55:25,794.45,1021192
2021-06-23 09:55:26,794.45,1021841
2021-06-23 09:55:28,794.1,1022082
2021-06-23 09:55:29,794.1,1022373
2021-06-23 09:55:29,794.1,1022373
2021-06-23 09:55:30,794.35,1024336
2021-06-23 09:55:31,794.25,1024536
2021-06-23 09:55:32,794.1,1024919
2021-06-23 09:55:33,794.15,1025047
2021-06-23 09:55:34,794.35,1026750
2021-06-23 09:55:36,794.25,1028579
2021-06-23 09:55:37,794.2,1029429
2021-06-23 09:55:37,794.2,1029429
2021-06-23 09:55:39,794.45,1032113
2021-06-23 09:55:40,794.25,1033144
2021-06-23 09:55:40,794.25,1033144
2021-06-23 09:55:41,794.7,1035155
2021-06-23 09:55:42,794.0,1038392
2021-06-23 09:55:43,794.1,1038900
2021-06-23 09:55:44,793.75,1040425
2021-06-23 09:55:45,794.2,1041916
2021-06-23 09:55:47,794.3,1042383
2021-06-23 09:55:47,794.05,1042464
2021-06-23 09:55:48,793.8,1042992
2021-06-23 09:55:49,794.2,1043100
2021-06-23 09:55:50,794.0,1043392
2021-06-23 09:55:51,794.3,1047952
2021-06-23 09:55:53,794.15,1048824
2021-06-23 09:55:54,794.55,1050393
2021-06-23 09:55:57,794.0,1056540
2021-06-23 09:55:57,794.0,1056742
2021-06-23 09:55:58,793.85,1057373
2021-06-23 09:55:59,794.2,1058157
2021-06-23 09:56:00,794.2,1058474
2021-06-23 09:56:01,793.7,1059078
2021-06-23 09:56:02,794.0,1059396
2021-06-23 09:56:03,794.2,1060021
2021-06-23 09:56:04,793.8,1060157
2021-06-23 09:56:05,793.8,1060157
2021-06-23 09:56:06,793.65,1060821
2021-06-23 09:56:07,793.9,1061042
2021-06-23 09:56:08,793.5,1062060
2021-06-23 09:56:09,793.5,1062652
2021-06-23 09:56:10,793.5,1062934
2021-06-23 09:56:11,793.5,1062934
2021-06-23 09:56:12,793.55,1063189
2021-06-23 09:56:13,793.55,1063196
2021-06-23 09:56:15,793.5,1065366
2021-06-23 09:56:15,793.5,1065366
2021-06-23 09:56:16,793.7,1065718
2021-06-23 09:56:18,793.75,1066389
2021-06-23 09:56:19,793.75,1066916
2021-06-23 09:56:19,793.85,1066623
2021-06-23 09:56:21,793.75,1067019
2021-06-23 09:56:21,793.75,1066946
2021-06-23 09:56:22,793.9,1068308
2021-06-23 09:56:23,793.5,1068959
2021-06-23 09:56:24,793.75,1069320
2021-06-23 09:56:26,793.5,1069532
2021-06-23 09:56:27,793.5,1069703
2021-06-23 09:56:28,793.9,1070613
2021-06-23 09:56:30,793.3,1073243
2021-06-23 09:56:31,793.7,1073668
2021-06-23 09:56:32,793.8,1073922
2021-06-23 09:56:33,793.25,1074382
2021-06-23 09:56:34,793.7,1074724
2021-06-23 09:56:35,794.0,1081647
2021-06-23 09:56:36,794.5,1083882
2021-06-23 09:56:37,794.3,1085337
2021-06-23 09:56:38,794.45,1085501
2021-06-23 09:56:39,794.6,1086237
2021-06-23 09:56:39,794.6,1086237
2021-06-23 09:56:41,794.2,1086364
2021-06-23 09:56:42,794.6,1086575
2021-06-23 09:56:43,794.15,1086726
2021-06-23 09:56:43,794.2,1086626
2021-06-23 09:56:45,794.1,1086876
2021-06-23 09:56:45,794.1,1086876
2021-06-23 09:56:46,794.3,1087491
2021-06-23 09:56:48,794.7,1087594
2021-06-23 09:56:49,794.75,1088401
2021-06-23 09:56:50,794.2,1088752
2021-06-23 09:56:52,794.55,1088947
2021-06-23 09:56:55,794.5,1089225
2021-06-23 09:56:56,794.5,1089577
2021-06-23 09:56:57,794.2,1089904
2021-06-23 09:56:58,794.2,1089904
2021-06-23 09:56:59,794.25,1090061
2021-06-23 09:57:00,794.05,1090185
2021-06-23 09:57:01,794.0,1090473
2021-06-23 09:57:02,794.35,1090503
2021-06-23 09:57:03,794.0,1090645
2021-06-23 09:57:05,794.1,1090796
2021-06-23 09:57:06,794.6,1093819
2021-06-23 09:57:07,794.3,1093844
2021-06-23 09:57:07,794.05,1094780
2021-06-23 09:57:08,794.5,1095169
2021-06-23 09:57:09,794.25,1095382
2021-06-23 09:57:10,794.25,1095382
2021-06-23 09:57:11,794.45,1095548
2021-06-23 09:57:13,794.3,1095668
2021-06-23 09:57:14,794.25,1095711
2021-06-23 09:57:15,794.5,1095906
2021-06-23 09:57:16,794.25,1096038
2021-06-23 09:57:17,794.6,1097148
2021-06-23 09:57:17,794.25,1097338
2021-06-23 09:57:18,794.7,1097359
2021-06-23 09:57:19,794.25,1097616
2021-06-23 09:57:21,794.75,1097695
2021-06-23 09:57:21,794.5,1098181
2021-06-23 09:57:22,794.5,1098191
2021-06-23 09:57:23,794.5,1098241
2021-06-23 09:57:24,794.7,1098376
2021-06-23 09:57:26,794.3,1098855
2021-06-23 09:57:27,794.5,1098875
2021-06-23 09:57:28,794.3,1099002
2021-06-23 09:57:28,794.5,1099017
2021-06-23 09:57:30,794.5,1099027
2021-06-23 09:57:31,794.5,1099613
2021-06-23 09:57:33,794.75,1099834
2021-06-23 09:57:35,794.5,1100786
2021-06-23 09:57:36,794.5,1100786
2021-06-23 09:57:37,794.75,1101654
2021-06-23 09:57:39,794.8,1101889
2021-06-23 09:57:40,794.8,1101889
2021-06-23 09:57:41,794.75,1102221
2021-06-23 09:57:42,794.75,1102236
2021-06-23 09:57:43,794.4,1103658
2021-06-23 09:57:44,794.4,1104403
2021-06-23 09:57:45,794.4,1104403
2021-06-23 09:57:45,794.2,1104517
2021-06-23 09:57:46,794.4,1104630
2021-06-23 09:57:47,794.1,1104647
2021-06-23 09:57:49,794.0,1105727
2021-06-23 09:57:50,794.4,1106077
2021-06-23 09:57:51,794.35,1106475
2021-06-23 09:57:51,794.35,1106475
2021-06-23 09:57:52,794.45,1106525
2021-06-23 09:57:53,794.05,1106594
2021-06-23 09:57:54,794.45,1106831
2021-06-23 09:57:56,794.45,1107046
2021-06-23 09:57:56,794.0,1107103
2021-06-23 09:57:57,794.1,1107306
2021-06-23 09:57:58,794.45,1107442
2021-06-23 09:57:59,794.4,1107496
2021-06-23 09:58:02,794.2,1108107
2021-06-23 09:58:03,794.4,1110947
2021-06-23 09:58:04,794.4,1111395
2021-06-23 09:58:05,794.4,1111882
2021-06-23 09:58:06,794.5,1112203
2021-06-23 09:58:07,794.2,1112332
2021-06-23 09:58:08,794.5,1112532
2021-06-23 09:58:09,794.2,1113045
2021-06-23 09:58:10,794.3,1113075
2021-06-23 09:58:10,794.3,1113160
2021-06-23 09:58:11,794.3,1113160
2021-06-23 09:58:12,794.35,1113190
2021-06-23 09:58:13,794.25,1113690
2021-06-23 09:58:14,794.3,1113783
2021-06-23 09:58:15,794.3,1113783
2021-06-23 09:58:16,794.5,1113868
2021-06-23 09:58:17,794.25,1114112
2021-06-23 09:58:18,794.45,1115721
2021-06-23 09:58:19,795.25,1128878
2021-06-23 09:58:20,795.55,1129152
2021-06-23 09:58:21,795.05,1130715
2021-06-23 09:58:23,795.15,1131095
2021-06-23 09:58:24,795.5,1131986
2021-06-23 09:58:25,795.1,1132153
2021-06-23 09:58:26,794.65,1132414
2021-06-23 09:58:27,794.7,1132551
2021-06-23 09:58:28,795.0,1133238
2021-06-23 09:58:29,794.95,1133386
2021-06-23 09:58:30,794.5,1133537
2021-06-23 09:58:31,794.65,1133771
2021-06-23 09:58:32,794.45,1133849
2021-06-23 09:58:34,794.7,1134201
2021-06-23 09:58:36,794.7,1136580
2021-06-23 09:58:37,794.65,1136938
2021-06-23 09:58:38,794.55,1137088
2021-06-23 09:58:39,794.7,1137242
2021-06-23 09:58:40,794.55,1137300
2021-06-23 09:58:41,794.55,1137300
2021-06-23 09:58:42,794.5,1137450
2021-06-23 09:58:43,794.7,1137491
2021-06-23 09:58:45,794.65,1137492
2021-06-23 09:58:44,794.7,1137491
2021-06-23 09:58:46,794.95,1137617
2021-06-23 09:58:47,794.9,1137756
2021-06-23 09:58:48,794.65,1138964
2021-06-23 09:58:49,794.95,1139164
2021-06-23 09:58:50,794.65,1139165
2021-06-23 09:58:51,794.95,1139294
2021-06-23 09:58:51,794.7,1139314
2021-06-23 09:58:52,794.7,1139314
2021-06-23 09:58:54,794.95,1139414
2021-06-23 09:58:55,794.95,1139414
2021-06-23 09:58:56,794.65,1139564
2021-06-23 09:58:57,795.0,1139626
2021-06-23 09:58:58,795.1,1142462
2021-06-23 09:58:59,794.75,1142896
2021-06-23 09:59:00,795.05,1142926
2021-06-23 09:59:01,794.6,1142995
2021-06-23 09:59:02,794.95,1143495
2021-06-23 09:59:03,794.95,1143780
2021-06-23 09:59:04,794.6,1143922
2021-06-23 09:59:05,795.05,1143942
2021-06-23 09:59:06,795.05,1143942
2021-06-23 09:59:07,795.1,1144023
2021-06-23 09:59:08,794.8,1144199
2021-06-23 09:59:09,794.8,1144207
2021-06-23 09:59:10,794.8,1144234
2021-06-23 09:59:11,795.15,1145148
2021-06-23 09:59:12,794.8,1145499
2021-06-23 09:59:13,794.6,1145551
2021-06-23 09:59:14,794.8,1145602
2021-06-23 09:59:15,794.6,1145607
2021-06-23 09:59:15,794.6,1145607
2021-06-23 09:59:16,794.5,1145993
2021-06-23 09:59:18,794.5,1146068
2021-06-23 09:59:19,794.75,1146114
2021-06-23 09:59:20,794.75,1146114
2021-06-23 09:59:21,794.75,1146114
2021-06-23 09:59:21,794.75,1146114
2021-06-23 09:59:23,794.8,1146115
2021-06-23 09:59:24,794.8,1146150
2021-06-23 09:59:24,794.6,1146162
2021-06-23 09:59:25,794.6,1146162
2021-06-23 09:59:26,794.55,1146311
2021-06-23 09:59:27,794.5,1146398
2021-06-23 09:59:29,794.75,1146400
2021-06-23 09:59:30,794.75,1146462
2021-06-23 09:59:31,794.75,1146494
2021-06-23 09:59:32,795.0,1146601
2021-06-23 09:59:33,795.0,1146866
2021-06-23 09:59:34,795.1,1147591
2021-06-23 09:59:35,794.75,1147737
2021-06-23 09:59:35,794.75,1147737
2021-06-23 09:59:36,794.8,1147837
2021-06-23 09:59:37,794.8,1147875
2021-06-23 09:59:39,795.0,1147885
2021-06-23 09:59:40,795.0,1147885
2021-06-23 09:59:41,795.0,1147885
2021-06-23 09:59:42,794.8,1147905
2021-06-23 09:59:43,794.8,1147936
2021-06-23 09:59:44,795.0,1147940
2021-06-23 09:59:45,795.0,1148041
2021-06-23 09:59:46,795.0,1148173
2021-06-23 09:59:47,795.0,1148223
2021-06-23 09:59:48,795.0,1148223
2021-06-23 09:59:49,795.2,1148380
2021-06-23 09:59:50,795.2,1148559
2021-06-23 09:59:51,795.0,1148679
2021-06-23 09:59:52,794.8,1148710
2021-06-23 09:59:53,795.0,1148725
2021-06-23 09:59:53,795.0,1148725
2021-06-23 09:59:54,795.0,1148725
2021-06-23 09:59:56,795.2,1148825
2021-06-23 09:59:57,795.0,1148963
2021-06-23 09:59:58,795.0,1148964
2021-06-23 09:59:59,795.0,1148994
2021-06-23 10:00:00,795.0,1149151
2021-06-23 10:00:01,795.0,1149151
2021-06-23 10:00:02,795.0,1149237
2021-06-23 10:00:03,795.2,1149404
2021-06-23 10:00:04,795.2,1149460
2021-06-23 10:00:05,795.0,1150003
2021-06-23 10:00:06,794.9,1151316
2021-06-23 10:00:07,794.8,1151687
2021-06-23 10:00:08,794.8,1153094
2021-06-23 10:00:09,795.0,1153198
2021-06-23 10:00:10,795.0,1153353
2021-06-23 10:00:11,795.05,1154333
2021-06-23 10:00:12,794.65,1154555
2021-06-23 10:00:13,795.05,1154556
2021-06-23 10:00:14,794.65,1154587
2021-06-23 10:00:15,795.05,1154871
2021-06-23 10:00:16,795.3,1155110
2021-06-23 10:00:17,795.2,1155130
2021-06-23 10:00:18,795.5,1156237
2021-06-23 10:00:19,795.2,1156401
2021-06-23 10:00:21,795.25,1157434
2021-06-23 10:00:20,795.65,1157258
2021-06-23 10:00:23,795.75,1157567
2021-06-23 10:00:24,795.5,1157693
2021-06-23 10:00:25,795.5,1157693
2021-06-23 10:00:26,795.95,1158699
2021-06-23 10:00:27,795.9,1159148
2021-06-23 10:00:28,796.45,1160849
2021-06-23 10:00:28,796.45,1160849
2021-06-23 10:00:29,796.0,1161376
2021-06-23 10:00:30,796.4,1161524
2021-06-23 10:00:31,796.05,1163350
2021-06-23 10:00:33,796.45,1164357
2021-06-23 10:00:36,796.0,1164784
2021-06-23 10:00:37,796.3,1164969
2021-06-23 10:00:38,796.4,1165319
2021-06-23 10:00:39,796.05,1165740
2021-06-23 10:00:40,796.4,1165990
2021-06-23 10:00:41,796.4,1166659
2021-06-23 10:00:42,796.45,1167465
2021-06-23 10:00:43,796.45,1167465
2021-06-23 10:00:44,796.25,1167909
2021-06-23 10:00:45,796.3,1167910
2021-06-23 10:00:46,796.45,1168077
2021-06-23 10:00:47,796.45,1169227
2021-06-23 10:00:48,796.1,1169422
2021-06-23 10:00:49,796.1,1169422
2021-06-23 10:00:50,796.4,1169463
2021-06-23 10:00:51,796.45,1169573
2021-06-23 10:00:52,796.4,1169774
2021-06-23 10:00:53,796.3,1170125
2021-06-23 10:00:54,796.0,1170217
2021-06-23 10:00:55,796.3,1170229
2021-06-23 10:00:56,796.4,1170614
2021-06-23 10:00:57,796.45,1173091
2021-06-23 10:00:58,796.4,1173429
2021-06-23 10:00:59,796.4,1173501
2021-06-23 10:01:00,796.45,1173546
2021-06-23 10:01:01,796.1,1173664
2021-06-23 10:01:02,796.4,1173695
2021-06-23 10:01:03,796.55,1174207
2021-06-23 10:01:04,796.0,1174597
2021-06-23 10:01:05,796.6,1176909
2021-06-23 10:01:06,796.85,1177385
2021-06-23 10:01:07,796.75,1177898
2021-06-23 10:01:08,796.75,1178078
2021-06-23 10:01:09,796.75,1178108
2021-06-23 10:01:10,796.35,1178160
2021-06-23 10:01:11,796.75,1178240
2021-06-23 10:01:12,796.5,1179127
2021-06-23 10:01:13,796.75,1179227
2021-06-23 10:01:15,796.75,1179570
2021-06-23 10:01:16,796.95,1179631
2021-06-23 10:01:17,796.95,1180041
2021-06-23 10:01:18,796.95,1180127
2021-06-23 10:01:19,796.95,1180139
2021-06-23 10:01:20,796.95,1180140
2021-06-23 10:01:21,796.75,1180527
2021-06-23 10:01:22,797.0,1181077
2021-06-23 10:01:23,796.65,1181243
2021-06-23 10:01:25,796.95,1182462
2021-06-23 10:01:26,796.75,1183230
2021-06-23 10:01:27,797.3,1183352
2021-06-23 10:01:28,797.25,1183397
2021-06-23 10:01:29,796.8,1184039
2021-06-23 10:01:31,796.65,1189686
2021-06-23 10:01:32,796.5,1190374
2021-06-23 10:01:33,796.65,1190476
2021-06-23 10:01:34,796.15,1191273
2021-06-23 10:01:35,796.85,1191498
2021-06-23 10:01:36,796.85,1191694
2021-06-23 10:01:37,796.65,1191764
2021-06-23 10:01:38,796.55,1192099
2021-06-23 10:01:39,796.55,1192250
2021-06-23 10:01:40,796.55,1192259
2021-06-23 10:01:41,796.55,1192631
2021-06-23 10:01:42,796.55,1192811
2021-06-23 10:01:43,796.95,1192844
2021-06-23 10:01:44,796.95,1192899
2021-06-23 10:01:45,796.6,1193102
2021-06-23 10:01:46,796.55,1193133
2021-06-23 10:01:47,796.9,1193143
2021-06-23 10:01:48,796.9,1193853
2021-06-23 10:01:49,796.9,1193982
2021-06-23 10:01:50,796.9,1194132
2021-06-23 10:01:51,796.55,1194175
2021-06-23 10:01:52,796.9,1194275
2021-06-23 10:01:53,796.9,1194300
2021-06-23 10:01:55,796.65,1195565
2021-06-23 10:01:56,796.15,1195783
2021-06-23 10:01:58,796.55,1196017
2021-06-23 10:01:59,796.55,1196022
2021-06-23 10:02:00,796.85,1201089
2021-06-23 10:02:01,796.9,1202118
2021-06-23 10:02:02,796.5,1202163
2021-06-23 10:02:03,796.5,1202163
2021-06-23 10:02:04,796.85,1202349
2021-06-23 10:02:05,796.9,1202362
2021-06-23 10:02:06,796.55,1202743
2021-06-23 10:02:07,796.85,1202773
2021-06-23 10:02:08,796.55,1202837
2021-06-23 10:02:09,796.55,1202837
2021-06-23 10:02:10,796.8,1205327
2021-06-23 10:02:11,796.55,1205732
2021-06-23 10:02:12,796.75,1205742
2021-06-23 10:02:13,796.85,1206385
2021-06-23 10:02:14,796.85,1206486
2021-06-23 10:02:15,796.95,1208291
2021-06-23 10:02:16,797.2,1209092
2021-06-23 10:02:17,796.85,1209385
2021-06-23 10:02:18,797.2,1209587
2021-06-23 10:02:19,796.85,1211456
2021-06-23 10:02:20,796.95,1211815
2021-06-23 10:02:21,796.85,1212215
2021-06-23 10:02:22,797.0,1212300
2021-06-23 10:02:23,797.0,1212310
2021-06-23 10:02:24,797.35,1212966
2021-06-23 10:02:25,797.0,1213797
2021-06-23 10:02:26,796.75,1214101
2021-06-23 10:02:27,796.95,1214116
2021-06-23 10:02:28,797.1,1214515
2021-06-23 10:02:29,797.0,1214620
2021-06-23 10:02:31,797.0,1214880
2021-06-23 10:02:30,797.0,1214880
2021-06-23 10:02:32,796.7,1215093
2021-06-23 10:02:33,796.85,1215395
2021-06-23 10:02:34,797.3,1215745
2021-06-23 10:02:35,797.0,1216365
2021-06-23 10:02:36,797.0,1216416
2021-06-23 10:02:37,797.0,1216796
2021-06-23 10:02:38,797.0,1216977
2021-06-23 10:02:39,796.75,1218089
2021-06-23 10:02:40,796.75,1218089
2021-06-23 10:02:41,797.0,1218159
2021-06-23 10:02:42,796.8,1219183
2021-06-23 10:02:43,796.9,1219276
2021-06-23 10:02:44,796.9,1219475
2021-06-23 10:02:45,797.55,1223445
2021-06-23 10:02:46,797.5,1224535
2021-06-23 10:02:47,797.45,1224536
2021-06-23 10:02:48,796.95,1225564
2021-06-23 10:02:49,796.95,1225564
2021-06-23 10:02:51,796.95,1225739
2021-06-23 10:02:52,797.1,1226385
2021-06-23 10:02:53,796.6,1226659
2021-06-23 10:02:54,796.6,1227055
2021-06-23 10:02:55,796.8,1227105
2021-06-23 10:02:56,796.6,1228569
2021-06-23 10:02:58,796.65,1231471
2021-06-23 10:02:59,796.7,1232046
2021-06-23 10:03:00,796.15,1233208
2021-06-23 10:03:01,796.6,1233412
2021-06-23 10:03:02,796.2,1233677
2021-06-23 10:03:03,796.2,1233677
2021-06-23 10:03:04,796.55,1234564
2021-06-23 10:03:05,796.55,1234564
2021-06-23 10:03:06,796.25,1234699
2021-06-23 10:03:07,796.25,1234699
2021-06-23 10:03:08,796.5,1234703
2021-06-23 10:03:09,796.55,1234843
2021-06-23 10:03:10,796.6,1234894
2021-06-23 10:03:11,796.6,1234894
2021-06-23 10:03:12,797.0,1236648
2021-06-23 10:03:13,796.95,1237171
2021-06-23 10:03:14,796.55,1237450
2021-06-23 10:03:15,796.9,1237950
2021-06-23 10:03:16,796.6,1238119
2021-06-23 10:03:18,796.85,1238236
2021-06-23 10:03:19,796.5,1238674
2021-06-23 10:03:19,796.5,1238774
2021-06-23 10:03:20,796.5,1238785
2021-06-23 10:03:21,796.15,1238899
2021-06-23 10:03:22,796.15,1238959
2021-06-23 10:03:23,796.0,1240441
2021-06-23 10:03:25,796.0,1241723
2021-06-23 10:03:25,796.0,1241723
2021-06-23 10:03:26,795.95,1243057
2021-06-23 10:03:28,796.0,1243272
2021-06-23 10:03:29,795.75,1243520
2021-06-23 10:03:29,795.6,1243820
2021-06-23 10:03:30,795.5,1243956
2021-06-23 10:03:33,795.5,1244110
2021-06-23 10:03:33,795.5,1244110
2021-06-23 10:03:34,795.35,1244291
2021-06-23 10:03:35,795.25,1244405
2021-06-23 10:03:36,795.25,1244452
2021-06-23 10:03:37,795.35,1244552
2021-06-23 10:03:38,795.3,1244590
2021-06-23 10:03:39,795.3,1244590
2021-06-23 10:03:40,795.85,1245590
2021-06-23 10:03:41,795.55,1246052
2021-06-23 10:03:43,795.55,1246052
2021-06-23 10:03:43,795.55,1246053
2021-06-23 10:03:44,795.85,1246128
2021-06-23 10:03:45,795.55,1246228
2021-06-23 10:03:46,795.85,1246266
2021-06-23 10:03:47,795.85,1246266
2021-06-23 10:03:48,795.75,1246495
2021-06-23 10:03:49,795.5,1246535
2021-06-23 10:03:50,795.85,1246550
2021-06-23 10:03:51,795.85,1246550
2021-06-23 10:03:52,795.85,1246550
2021-06-23 10:03:53,795.85,1246550
2021-06-23 10:03:54,795.8,1246760
2021-06-23 10:03:55,795.8,1246883
2021-06-23 10:03:56,795.8,1246883
2021-06-23 10:03:57,795.8,1246883
2021-06-23 10:03:58,795.8,1246898
2021-06-23 10:03:59,795.8,1246898
2021-06-23 10:04:00,795.6,1246960
2021-06-23 10:04:01,795.55,1247501
2021-06-23 10:04:02,795.55,1247640
2021-06-23 10:04:03,795.85,1247890
2021-06-23 10:04:05,795.9,1247978
2021-06-23 10:04:06,795.9,1247978
2021-06-23 10:04:07,795.9,1247979
2021-06-23 10:04:07,795.9,1247989
2021-06-23 10:04:08,795.65,1247990
2021-06-23 10:04:10,795.9,1248527
2021-06-23 10:04:11,795.65,1248633
2021-06-23 10:04:11,795.9,1248639
2021-06-23 10:04:13,795.95,1248689
2021-06-23 10:04:14,795.7,1248949
2021-06-23 10:04:15,795.95,1249081
2021-06-23 10:04:15,795.95,1249081
2021-06-23 10:04:17,795.75,1249145
2021-06-23 10:04:17,795.75,1249145
2021-06-23 10:04:20,796.25,1251045
2021-06-23 10:04:20,796.25,1251045
2021-06-23 10:04:21,796.25,1251263
2021-06-23 10:04:22,796.7,1251264
2021-06-23 10:04:23,796.25,1251298
2021-06-23 10:04:24,796.25,1251298
2021-06-23 10:04:25,796.25,1251298
2021-06-23 10:04:26,796.25,1251299
2021-06-23 10:04:27,796.25,1251299
2021-06-23 10:04:28,796.25,1251299
2021-06-23 10:04:29,796.35,1251462
2021-06-23 10:04:30,797.0,1252932
2021-06-23 10:04:31,796.6,1253104
2021-06-23 10:04:32,797.0,1253532
2021-06-23 10:04:33,796.95,1254187
2021-06-23 10:04:34,796.5,1254501
2021-06-23 10:04:35,796.6,1254752
2021-06-23 10:04:36,796.6,1254752
2021-06-23 10:04:38,796.6,1254791
2021-06-23 10:04:38,796.6,1254791
2021-06-23 10:04:39,796.6,1254791
2021-06-23 10:04:40,797.0,1254800
2021-06-23 10:04:41,797.3,1256123
2021-06-23 10:04:42,796.65,1256308
2021-06-23 10:04:43,796.65,1256308
2021-06-23 10:04:44,796.65,1256337
2021-06-23 10:04:45,797.0,1256563
2021-06-23 10:04:46,796.7,1256606
2021-06-23 10:04:47,796.7,1256630
2021-06-23 10:04:48,796.7,1256737
2021-06-23 10:04:50,796.7,1256747
2021-06-23 10:04:50,797.0,1256749
2021-06-23 10:04:51,797.0,1256749
2021-06-23 10:04:52,797.0,1256749
2021-06-23 10:04:53,797.0,1258063
2021-06-23 10:04:54,796.95,1258483
2021-06-23 10:04:55,797.0,1258618
2021-06-23 10:04:56,797.05,1258658
2021-06-23 10:04:57,796.7,1258745
2021-06-23 10:04:58,796.75,1258771
2021-06-23 10:04:59,797.15,1259266
2021-06-23 10:05:00,797.15,1259266
2021-06-23 10:05:01,797.0,1259362
2021-06-23 10:05:02,796.75,1259363
2021-06-23 10:05:03,796.55,1260691
2021-06-23 10:05:04,796.55,1261110
2021-06-23 10:05:05,796.55,1261176
2021-06-23 10:05:07,796.55,1261176
2021-06-23 10:05:08,796.5,1261186
2021-06-23 10:05:09,796.55,1261188
2021-06-23 10:05:10,796.55,1261188
2021-06-23 10:05:11,796.55,1261189
2021-06-23 10:05:11,796.55,1261339
2021-06-23 10:05:12,796.5,1261467
2021-06-23 10:05:13,796.5,1261487
2021-06-23 10:05:14,796.9,1262787
2021-06-23 10:05:15,796.5,1263206
2021-06-23 10:05:17,796.85,1264298
2021-06-23 10:05:18,796.85,1264299
2021-06-23 10:05:18,796.55,1264463
2021-06-23 10:05:19,796.55,1264463
2021-06-23 10:05:20,796.55,1264510
2021-06-23 10:05:21,796.8,1264513
2021-06-23 10:05:22,796.8,1264529
2021-06-23 10:05:24,797.0,1266018
2021-06-23 10:05:25,796.5,1266238
2021-06-23 10:05:26,796.5,1266238
2021-06-23 10:05:27,796.55,1266271
2021-06-23 10:05:27,796.55,1266271
2021-06-23 10:05:29,796.7,1266381
2021-06-23 10:05:30,796.7,1266381
2021-06-23 10:05:32,796.6,1266388
2021-06-23 10:05:32,796.6,1266411
2021-06-23 10:05:34,796.6,1266474
2021-06-23 10:05:35,796.6,1266474
2021-06-23 10:05:36,796.6,1266474
2021-06-23 10:05:37,796.7,1266482
2021-06-23 10:05:38,796.9,1266507
2021-06-23 10:05:39,796.55,1266842
2021-06-23 10:05:40,796.9,1266906
2021-06-23 10:05:41,796.9,1266906
2021-06-23 10:05:42,796.9,1266906
2021-06-23 10:05:42,796.9,1266906
2021-06-23 10:05:43,796.7,1266921
2021-06-23 10:05:44,796.5,1266931
2021-06-23 10:05:45,796.5,1266941
2021-06-23 10:05:46,796.85,1267141
2021-06-23 10:05:47,796.5,1267179
2021-06-23 10:05:48,796.5,1267200
2021-06-23 10:05:49,796.55,1268745
2021-06-23 10:05:50,796.5,1269159
2021-06-23 10:05:51,796.5,1269222
2021-06-23 10:05:52,796.5,1269222
2021-06-23 10:05:53,796.75,1269322
2021-06-23 10:05:54,796.75,1269472
2021-06-23 10:05:55,796.5,1269820
2021-06-23 10:05:56,796.5,1269820
2021-06-23 10:05:57,796.35,1269870
2021-06-23 10:05:59,796.75,1270156
2021-06-23 10:06:00,796.5,1270190
2021-06-23 10:06:01,796.5,1270190
2021-06-23 10:06:02,796.75,1270290
2021-06-23 10:06:05,796.4,1270676
2021-06-23 10:06:06,796.3,1270758
2021-06-23 10:06:07,796.3,1270758
2021-06-23 10:06:07,796.3,1270758
2021-06-23 10:06:08,796.75,1270759
2021-06-23 10:06:09,796.75,1270759
2021-06-23 10:06:10,796.75,1270860
2021-06-23 10:06:11,796.75,1270895
2021-06-23 10:06:12,797.0,1272370
2021-06-23 10:06:13,796.6,1272588
2021-06-23 10:06:14,797.1,1276488
2021-06-23 10:06:15,796.65,1276939
2021-06-23 10:06:16,796.6,1277006
2021-06-23 10:06:18,796.6,1277009
2021-06-23 10:06:19,796.6,1277012
2021-06-23 10:06:19,796.6,1277012
2021-06-23 10:06:20,796.6,1277012
2021-06-23 10:06:21,796.6,1277012
2021-06-23 10:06:22,797.0,1277062
2021-06-23 10:06:23,797.0,1277062
2021-06-23 10:06:24,796.85,1277207
2021-06-23 10:06:25,796.65,1277227
2021-06-23 10:06:26,796.65,1277227
2021-06-23 10:06:27,796.85,1277263
2021-06-23 10:06:28,796.85,1277263
2021-06-23 10:06:29,797.0,1277363
2021-06-23 10:06:30,797.0,1277363
2021-06-23 10:06:31,797.0,1277474
2021-06-23 10:06:33,797.3,1280059
2021-06-23 10:06:35,797.2,1280211
2021-06-23 10:06:35,797.05,1280365
2021-06-23 10:06:37,797.5,1280370
2021-06-23 10:06:38,797.2,1280380
2021-06-23 10:06:39,797.55,1280580
2021-06-23 10:06:39,797.55,1280580
2021-06-23 10:06:41,797.55,1280580
2021-06-23 10:06:42,797.1,1280685
2021-06-23 10:06:43,797.1,1280693
2021-06-23 10:06:44,797.5,1280844
2021-06-23 10:06:45,797.5,1280844
2021-06-23 10:06:46,797.5,1280844
2021-06-23 10:06:46,797.1,1280915
2021-06-23 10:06:47,797.1,1280915
2021-06-23 10:06:48,797.1,1280915
2021-06-23 10:06:49,797.55,1281215
2021-06-23 10:06:50,797.6,1283237
2021-06-23 10:06:51,797.65,1283560
2021-06-23 10:06:53,797.35,1283697
2021-06-23 10:06:53,797.35,1283697
2021-06-23 10:06:54,797.5,1283705
2021-06-23 10:06:56,797.5,1283705
2021-06-23 10:06:57,797.65,1284035
2021-06-23 10:06:57,797.65,1284035
2021-06-23 10:06:58,797.55,1284066
2021-06-23 10:07:00,797.55,1284185
2021-06-23 10:07:02,797.65,1284840
2021-06-23 10:07:03,797.6,1284992
2021-06-23 10:07:03,797.05,1287992
2021-06-23 10:07:06,797.7,1288607
2021-06-23 10:07:07,797.75,1288904
2021-06-23 10:07:08,797.6,1288968
2021-06-23 10:07:08,797.6,1288968
2021-06-23 10:07:09,797.8,1290273
2021-06-23 10:07:11,797.8,1290500
2021-06-23 10:07:12,797.8,1290766
2021-06-23 10:07:13,797.95,1293367
2021-06-23 10:07:14,797.6,1293636
2021-06-23 10:07:15,797.6,1294246
2021-06-23 10:07:16,797.9,1294751
2021-06-23 10:07:16,797.9,1294601
2021-06-23 10:07:17,797.9,1294806
2021-06-23 10:07:18,797.6,1295122
2021-06-23 10:07:20,797.6,1296365
2021-06-23 10:07:21,797.6,1297009
2021-06-23 10:07:23,797.85,1297047
2021-06-23 10:07:24,797.6,1297117
2021-06-23 10:07:25,797.6,1297168
2021-06-23 10:07:26,797.6,1297373
2021-06-23 10:07:27,797.6,1297407
2021-06-23 10:07:28,797.85,1297663
2021-06-23 10:07:29,797.6,1297695
2021-06-23 10:07:30,797.85,1297829
2021-06-23 10:07:31,797.9,1298037
2021-06-23 10:07:32,797.9,1298197
2021-06-23 10:07:33,797.65,1298212
2021-06-23 10:07:34,797.9,1298236
2021-06-23 10:07:35,797.9,1298479
2021-06-23 10:07:36,797.9,1298479
2021-06-23 10:07:37,797.9,1298479
2021-06-23 10:07:38,797.95,1298529
2021-06-23 10:07:39,798.0,1299786
2021-06-23 10:07:40,797.75,1299796
2021-06-23 10:07:41,798.0,1299938
2021-06-23 10:07:42,798.0,1299938
2021-06-23 10:07:43,797.6,1300585
2021-06-23 10:07:44,798.0,1300916
2021-06-23 10:07:45,797.6,1301289
2021-06-23 10:07:46,797.95,1301439
2021-06-23 10:07:47,797.9,1301547
2021-06-23 10:07:48,797.6,1301714
2021-06-23 10:07:49,797.9,1301814
2021-06-23 10:07:50,797.9,1301814
2021-06-23 10:07:51,797.95,1302664
2021-06-23 10:07:52,797.6,1302772
2021-06-23 10:07:53,797.7,1303393
2021-06-23 10:07:53,797.7,1303393
2021-06-23 10:07:54,798.0,1303453
2021-06-23 10:07:55,797.7,1303516
2021-06-23 10:07:56,798.0,1303616
2021-06-23 10:07:57,798.0,1303708
2021-06-23 10:07:58,798.0,1303754
2021-06-23 10:08:00,798.0,1303754
2021-06-23 10:08:00,797.75,1303755
2021-06-23 10:08:02,797.75,1304060
2021-06-23 10:08:03,797.95,1304400
2021-06-23 10:08:03,797.95,1304400
2021-06-23 10:08:05,797.9,1304534
2021-06-23 10:08:06,797.75,1304596
2021-06-23 10:08:06,797.75,1304596
2021-06-23 10:08:08,797.75,1304596
2021-06-23 10:08:08,797.7,1304916
2021-06-23 10:08:09,797.7,1305071
2021-06-23 10:08:11,797.95,1305221
2021-06-23 10:08:12,797.7,1305253
2021-06-23 10:08:13,797.7,1305301
2021-06-23 10:08:13,797.7,1305301
2021-06-23 10:08:14,797.8,1305361
2021-06-23 10:08:15,797.95,1305562
2021-06-23 10:08:16,797.7,1305572
2021-06-23 10:08:18,797.7,1305678
2021-06-23 10:08:19,797.95,1305684
2021-06-23 10:08:20,797.6,1306184
2021-06-23 10:08:22,797.6,1306508
2021-06-23 10:08:23,797.75,1306528
2021-06-23 10:08:24,797.4,1307113
2021-06-23 10:08:24,797.4,1307113
2021-06-23 10:08:26,797.65,1307359
2021-06-23 10:08:26,797.65,1307359
2021-06-23 10:08:27,797.2,1307736
2021-06-23 10:08:28,797.35,1307900
2021-06-23 10:08:29,797.35,1307900
2021-06-23 10:08:31,797.35,1307900
2021-06-23 10:08:32,797.1,1307905
2021-06-23 10:08:33,797.1,1307905
2021-06-23 10:08:34,797.35,1307955
2021-06-23 10:08:35,797.2,1308155
2021-06-23 10:08:36,797.25,1308401
2021-06-23 10:08:37,797.65,1308451
2021-06-23 10:08:38,797.65,1308549
2021-06-23 10:08:39,797.65,1308549
2021-06-23 10:08:40,797.3,1308760
2021-06-23 10:08:41,797.75,1309104
2021-06-23 10:08:42,797.35,1309157
2021-06-23 10:08:43,797.35,1309157
2021-06-23 10:08:44,797.35,1309157
2021-06-23 10:08:45,797.35,1309157
2021-06-23 10:08:46,797.35,1309157
2021-06-23 10:08:47,797.7,1309562
2021-06-23 10:08:47,797.65,1309609
2021-06-23 10:08:48,797.55,1309865
2021-06-23 10:08:50,797.6,1309866
2021-06-23 10:08:50,797.4,1309892
2021-06-23 10:08:52,797.4,1309892
2021-06-23 10:08:53,797.3,1309906
2021-06-23 10:08:54,797.3,1309906
2021-06-23 10:08:55,797.75,1310307
2021-06-23 10:08:56,797.4,1310385
2021-06-23 10:08:56,797.4,1310385
2021-06-23 10:08:57,797.4,1310385
2021-06-23 10:08:59,797.45,1310440
2021-06-23 10:09:00,797.35,1310740
2021-06-23 10:09:01,797.2,1311308
2021-06-23 10:09:02,797.5,1311410
2021-06-23 10:09:03,797.35,1311413
2021-06-23 10:09:04,797.35,1311413
2021-06-23 10:09:06,797.35,1311413
2021-06-23 10:09:07,797.35,1311413
2021-06-23 10:09:08,797.35,1311413
2021-06-23 10:09:09,797.5,1311698
2021-06-23 10:09:10,797.3,1311735
2021-06-23 10:09:10,797.5,1311835
2021-06-23 10:09:11,797.5,1311845
2021-06-23 10:09:12,797.5,1312163
2021-06-23 10:09:14,797.2,1312203
2021-06-23 10:09:15,797.2,1312205
2021-06-23 10:09:16,797.5,1312505
2021-06-23 10:09:17,797.2,1312517
2021-06-23 10:09:18,797.2,1312563
2021-06-23 10:09:19,797.3,1312714
2021-06-23 10:09:20,797.3,1312714
2021-06-23 10:09:21,797.2,1312812
2021-06-23 10:09:22,797.2,1313037
2021-06-23 10:09:23,797.3,1313218
2021-06-23 10:09:25,797.1,1313234
2021-06-23 10:09:26,797.1,1313234
2021-06-23 10:09:28,797.3,1313264
2021-06-23 10:09:29,797.3,1313304
2021-06-23 10:09:30,797.3,1313314
2021-06-23 10:09:31,797.1,1313471
2021-06-23 10:09:32,797.1,1313476
2021-06-23 10:09:32,797.1,1313486
2021-06-23 10:09:33,797.15,1314011
2021-06-23 10:09:35,797.15,1314063
2021-06-23 10:09:35,797.5,1314083
2021-06-23 10:09:37,797.5,1314083
2021-06-23 10:09:38,797.15,1314088
2021-06-23 10:09:39,797.15,1314088
2021-06-23 10:09:40,797.15,1314088
2021-06-23 10:09:41,797.15,1314088
2021-06-23 10:09:42,797.2,1314138
2021-06-23 10:09:43,797.2,1314140
2021-06-23 10:09:44,797.2,1314191
2021-06-23 10:09:45,797.2,1314191
2021-06-23 10:09:46,797.2,1314203
2021-06-23 10:09:47,797.2,1314203
2021-06-23 10:09:48,797.2,1314413
2021-06-23 10:09:49,797.15,1314423
2021-06-23 10:09:50,797.15,1314449
2021-06-23 10:09:50,797.15,1314449
2021-06-23 10:09:51,797.15,1314449
2021-06-23 10:09:53,797.5,1315754
2021-06-23 10:09:54,797.15,1315893
2021-06-23 10:09:55,797.15,1315895
2021-06-23 10:09:56,797.15,1315945
2021-06-23 10:09:57,797.15,1315950
2021-06-23 10:09:57,797.15,1315950
2021-06-23 10:09:59,797.0,1316450
2021-06-23 10:10:00,797.0,1317915
2021-06-23 10:10:01,797.0,1317915
2021-06-23 10:10:02,796.65,1319155
2021-06-23 10:10:03,796.7,1319272
2021-06-23 10:10:04,797.05,1319378
2021-06-23 10:10:05,796.7,1319428
2021-06-23 10:10:05,796.65,1319443
2021-06-23 10:10:07,797.05,1319447
2021-06-23 10:10:08,797.05,1319447
2021-06-23 10:10:09,797.05,1319467
2021-06-23 10:10:10,797.05,1319467
2021-06-23 10:10:11,797.05,1319467
2021-06-23 10:10:12,796.6,1320817
2021-06-23 10:10:13,796.65,1321971
2021-06-23 10:10:14,796.65,1321985
2021-06-23 10:10:15,796.65,1322098
2021-06-23 10:10:16,796.9,1322220
2021-06-23 10:10:17,796.9,1322222
2021-06-23 10:10:18,796.9,1322222
2021-06-23 10:10:19,796.6,1322223
2021-06-23 10:10:20,796.95,1322558
2021-06-23 10:10:21,796.7,1322610
2021-06-23 10:10:21,796.7,1322610
2021-06-23 10:10:23,796.7,1322610
2021-06-23 10:10:24,796.7,1322635
2021-06-23 10:10:25,796.7,1323351
2021-06-23 10:10:26,796.7,1323398
2021-06-23 10:10:27,796.7,1323398
2021-06-23 10:10:28,796.7,1323743
2021-06-23 10:10:29,796.95,1323857
2021-06-23 10:10:30,796.95,1323857
2021-06-23 10:10:31,796.85,1323891
2021-06-23 10:10:32,796.7,1323911
2021-06-23 10:10:33,796.7,1323916
2021-06-23 10:10:34,796.7,1323916
2021-06-23 10:10:35,796.7,1323942
2021-06-23 10:10:37,796.7,1323954
2021-06-23 10:10:38,797.5,1326699
2021-06-23 10:10:39,796.9,1327368
2021-06-23 10:10:40,796.9,1327368
2021-06-23 10:10:40,796.95,1327436
2021-06-23 10:10:42,796.95,1327436
2021-06-23 10:10:43,796.85,1327540
2021-06-23 10:10:44,797.25,1327652
2021-06-23 10:10:47,797.2,1327961
2021-06-23 10:10:48,796.8,1328011
2021-06-23 10:10:49,796.8,1328011
2021-06-23 10:10:50,796.8,1328163
2021-06-23 10:10:51,796.85,1328173
2021-06-23 10:10:52,797.0,1328600
2021-06-23 10:10:52,797.15,1328538
2021-06-23 10:10:53,797.05,1328672
2021-06-23 10:10:54,797.05,1328683
2021-06-23 10:10:56,797.05,1328695
2021-06-23 10:10:57,797.05,1328705
2021-06-23 10:10:58,797.05,1328777
2021-06-23 10:10:59,796.95,1328923
2021-06-23 10:11:00,797.05,1328925
2021-06-23 10:11:01,797.05,1328925
2021-06-23 10:11:02,797.0,1328935
2021-06-23 10:11:03,796.8,1329888
2021-06-23 10:11:04,796.8,1330143
2021-06-23 10:11:05,796.6,1330248
2021-06-23 10:11:06,796.8,1330282
2021-06-23 10:11:07,796.8,1330348
2021-06-23 10:11:08,796.8,1330348
2021-06-23 10:11:09,796.8,1330348
2021-06-23 10:11:10,796.8,1330348
2021-06-23 10:11:11,797.35,1333259
2021-06-23 10:11:12,797.25,1333695
2021-06-23 10:11:14,797.6,1335143
2021-06-23 10:11:15,797.3,1335243
2021-06-23 10:11:16,797.15,1335410
2021-06-23 10:11:17,797.15,1335410
2021-06-23 10:11:18,796.8,1335420
2021-06-23 10:11:19,796.65,1335539
2021-06-23 10:11:20,797.4,1337447
2021-06-23 10:11:21,797.0,1337666
2021-06-23 10:11:22,797.0,1337666
2021-06-23 10:11:23,797.0,1337666
2021-06-23 10:11:24,797.25,1338166
2021-06-23 10:11:25,797.2,1338244
2021-06-23 10:11:26,797.2,1338244
2021-06-23 10:11:27,796.9,1338289
2021-06-23 10:11:28,796.9,1338289
2021-06-23 10:11:29,796.9,1338289
2021-06-23 10:11:31,797.95,1341505
2021-06-23 10:11:32,797.5,1342032
2021-06-23 10:11:33,797.9,1342097
2021-06-23 10:11:34,797.5,1342176
2021-06-23 10:11:35,797.95,1342186
2021-06-23 10:11:36,797.95,1342214
2021-06-23 10:11:37,797.5,1342264
2021-06-23 10:11:38,797.3,1344473
2021-06-23 10:11:39,797.45,1344491
2021-06-23 10:11:41,797.1,1344858
2021-06-23 10:11:42,797.45,1345036
2021-06-23 10:11:43,797.45,1345036
2021-06-23 10:11:44,797.6,1345149
2021-06-23 10:11:45,797.6,1345149
2021-06-23 10:11:46,797.6,1345149
2021-06-23 10:11:47,797.6,1345149
2021-06-23 10:11:48,797.5,1345153
2021-06-23 10:11:49,797.7,1345371
2021-06-23 10:11:50,797.7,1345482
2021-06-23 10:11:51,797.5,1345502
2021-06-23 10:11:52,797.7,1345504
2021-06-23 10:11:53,797.7,1345504
2021-06-23 10:11:54,797.7,1345504
2021-06-23 10:11:55,797.65,1345549
2021-06-23 10:11:57,797.7,1345716
2021-06-23 10:11:58,797.7,1345716
2021-06-23 10:11:59,797.5,1345866
2021-06-23 10:12:00,797.5,1345866
2021-06-23 10:12:01,797.5,1347198
2021-06-23 10:12:02,797.5,1347308
2021-06-23 10:12:03,797.65,1347515
2021-06-23 10:12:04,797.65,1347515
2021-06-23 10:12:05,797.65,1347515
2021-06-23 10:12:06,797.35,1347912
2021-06-23 10:12:07,797.15,1347978
2021-06-23 10:12:08,797.15,1347978
2021-06-23 10:12:09,797.15,1347978
2021-06-23 10:12:10,797.15,1347978
2021-06-23 10:12:11,797.1,1347982
2021-06-23 10:12:12,797.1,1347982
2021-06-23 10:12:13,797.15,1347992
2021-06-23 10:12:14,797.1,1348027
2021-06-23 10:12:15,797.1,1348027
2021-06-23 10:12:16,797.45,1348527
2021-06-23 10:12:17,797.05,1348594
2021-06-23 10:12:18,797.05,1348594
2021-06-23 10:12:19,797.0,1348596
2021-06-23 10:12:20,797.0,1348596
2021-06-23 10:12:21,797.0,1348596
2021-06-23 10:12:22,797.0,1348596
2021-06-23 10:12:23,797.0,1348846
2021-06-23 10:12:24,797.0,1348881
2021-06-23 10:12:25,796.9,1349551
2021-06-23 10:12:26,797.05,1349630
2021-06-23 10:12:27,797.05,1349630
2021-06-23 10:12:28,797.0,1349640
2021-06-23 10:12:30,797.1,1349669
2021-06-23 10:12:31,797.1,1349689
2021-06-23 10:12:32,797.1,1349701
2021-06-23 10:12:33,797.1,1349701
2021-06-23 10:12:34,797.1,1349701
2021-06-23 10:12:35,797.1,1350014
2021-06-23 10:12:36,797.5,1350067
2021-06-23 10:12:37,797.15,1350073
2021-06-23 10:12:38,797.0,1350115
2021-06-23 10:12:39,797.0,1350115
2021-06-23 10:12:40,797.35,1350265
2021-06-23 10:12:41,797.0,1350293
2021-06-23 10:12:42,797.0,1350293
2021-06-23 10:12:43,797.2,1350347
2021-06-23 10:12:44,797.2,1350347
2021-06-23 10:12:45,797.2,1350347
2021-06-23 10:12:46,796.8,1350618
2021-06-23 10:12:47,796.7,1350764
2021-06-23 10:12:48,796.9,1351805
2021-06-23 10:12:49,796.55,1352072
