timestamp,ltp,volume
2021-06-23 09:16:23,556.5,119975
2021-06-23 09:16:30,557.4,128665
2021-06-23 09:16:37,557.4,134173
2021-06-23 09:16:43,557.15,138483
2021-06-23 09:16:50,557.4,141618
2021-06-23 09:16:56,557.2,155606
2021-06-23 09:17:03,556.95,175136
2021-06-23 09:17:10,556.95,182222
2021-06-23 09:17:16,556.85,185338
2021-06-23 09:17:23,556.85,189707
2021-06-23 09:17:30,556.6,192085
2021-06-23 09:17:36,556.6,195074
2021-06-23 09:17:42,557.0,199134
2021-06-23 09:17:49,556.55,201697
2021-06-23 09:17:56,556.85,208455
2021-06-23 09:18:03,556.8,210768
2021-06-23 09:18:16,556.5,217643
2021-06-23 09:18:22,556.55,220569
2021-06-23 09:18:28,556.5,222233
2021-06-23 09:18:35,556.35,229639
2021-06-23 09:18:41,556.35,232855
2021-06-23 09:18:48,556.35,238675
2021-06-23 09:18:54,556.55,240738
2021-06-23 09:19:01,556.7,243447
2021-06-23 09:19:14,556.85,253622
2021-06-23 09:19:20,556.95,258157
2021-06-23 09:19:27,557.85,263096
2021-06-23 09:19:33,558.3,269302
2021-06-23 09:19:39,558.25,270796
2021-06-23 09:19:46,559.0,278598
2021-06-23 09:19:52,559.35,290190
2021-06-23 09:19:59,559.35,292076
2021-06-23 09:20:05,559.2,293819
2021-06-23 09:20:11,559.5,301226
2021-06-23 09:20:17,559.8,310259
2021-06-23 09:20:23,559.55,321122
2021-06-23 09:20:24,559.9,325193
2021-06-23 09:20:25,560.0,327508
2021-06-23 09:20:26,559.9,329012
2021-06-23 09:20:27,559.8,329974
2021-06-23 09:20:30,559.9,332153
2021-06-23 09:20:32,559.85,333104
2021-06-23 09:20:33,559.9,333999
2021-06-23 09:20:34,559.6,334309
2021-06-23 09:20:35,559.8,334807
2021-06-23 09:20:36,559.85,336037
2021-06-23 09:20:37,559.8,336080
2021-06-23 09:20:38,559.8,336463
2021-06-23 09:20:39,560.0,343937
2021-06-23 09:20:40,560.2,348909
2021-06-23 09:20:41,560.5,351292
2021-06-23 09:20:42,560.5,352022
2021-06-23 09:20:43,560.25,353117
2021-06-23 09:20:44,560.4,353442
2021-06-23 09:20:45,560.05,357355
2021-06-23 09:20:46,560.65,360161
2021-06-23 09:20:47,560.75,361436
2021-06-23 09:20:48,560.75,361854
2021-06-23 09:20:49,560.75,362651
2021-06-23 09:20:50,560.75,364298
2021-06-23 09:20:51,560.75,365174
2021-06-23 09:20:52,560.75,365588
2021-06-23 09:20:53,560.5,368942
2021-06-23 09:20:54,560.25,372836
2021-06-23 09:20:55,560.25,373438
2021-06-23 09:20:56,560.3,375335
2021-06-23 09:20:57,560.3,375784
2021-06-23 09:20:58,560.3,377306
2021-06-23 09:20:59,560.25,377443
2021-06-23 09:21:00,560.3,379868
2021-06-23 09:21:01,560.5,382479
2021-06-23 09:21:02,560.35,383790
2021-06-23 09:21:03,560.55,384340
2021-06-23 09:21:04,560.3,386066
2021-06-23 09:21:05,560.55,386538
2021-06-23 09:21:06,560.5,386605
2021-06-23 09:21:07,560.45,388949
2021-06-23 09:21:08,560.35,389550
2021-06-23 09:21:09,560.25,389934
2021-06-23 09:21:10,560.35,390444
2021-06-23 09:21:11,560.35,391143
2021-06-23 09:21:12,560.35,394261
2021-06-23 09:21:13,560.25,394639
2021-06-23 09:21:14,560.1,394850
2021-06-23 09:21:15,560.35,395194
2021-06-23 09:21:16,560.35,398346
2021-06-23 09:21:17,560.3,399372
2021-06-23 09:21:18,560.3,401536
2021-06-23 09:21:19,560.3,401886
2021-06-23 09:21:20,560.15,402148
2021-06-23 09:21:21,560.2,403572
2021-06-23 09:21:22,560.2,406144
2021-06-23 09:21:23,560.05,406324
2021-06-23 09:21:24,560.05,406758
2021-06-23 09:21:25,560.0,412470
2021-06-23 09:21:26,560.0,412631
2021-06-23 09:21:27,560.0,413880
2021-06-23 09:21:29,560.0,413927
2021-06-23 09:21:30,559.8,414055
2021-06-23 09:21:31,559.75,414834
2021-06-23 09:21:32,559.6,414860
2021-06-23 09:21:33,559.8,415519
2021-06-23 09:21:34,558.95,442005
2021-06-23 09:21:35,558.95,442627
2021-06-23 09:21:36,558.95,442762
2021-06-23 09:21:37,558.45,444210
2021-06-23 09:21:38,558.35,445108
2021-06-23 09:21:39,558.35,445313
2021-06-23 09:21:40,558.3,445341
2021-06-23 09:21:41,558.0,446901
2021-06-23 09:21:42,558.25,447836
2021-06-23 09:21:43,558.05,448079
2021-06-23 09:21:44,558.3,448460
2021-06-23 09:21:45,558.3,450511
2021-06-23 09:21:46,558.0,450931
2021-06-23 09:21:47,558.25,451420
2021-06-23 09:21:48,558.0,451737
2021-06-23 09:21:49,558.0,455778
2021-06-23 09:21:50,558.0,457180
2021-06-23 09:21:51,557.65,457477
2021-06-23 09:21:52,557.85,457851
2021-06-23 09:21:53,557.8,459376
2021-06-23 09:21:54,557.95,460472
2021-06-23 09:21:55,557.5,466945
2021-06-23 09:21:56,557.45,468977
2021-06-23 09:21:57,557.45,469393
2021-06-23 09:21:58,557.5,470845
2021-06-23 09:21:59,557.55,471743
2021-06-23 09:22:00,557.35,472614
2021-06-23 09:22:01,557.15,473064
2021-06-23 09:22:02,557.15,473968
2021-06-23 09:22:03,557.0,474376
2021-06-23 09:22:04,557.1,474838
2021-06-23 09:22:05,557.1,475516
2021-06-23 09:22:06,557.05,476951
2021-06-23 09:22:08,557.0,477703
2021-06-23 09:22:09,557.05,477893
2021-06-23 09:22:10,556.95,478740
2021-06-23 09:22:11,556.85,480415
2021-06-23 09:22:12,556.9,481255
2021-06-23 09:22:13,556.9,483755
2021-06-23 09:22:14,556.75,484737
2021-06-23 09:22:15,556.6,486026
2021-06-23 09:22:16,556.55,486444
2021-06-23 09:22:17,556.35,486571
2021-06-23 09:22:18,556.45,486823
2021-06-23 09:22:19,556.35,487725
2021-06-23 09:22:20,556.35,493270
2021-06-23 09:22:21,556.3,494162
2021-06-23 09:22:22,556.35,496573
2021-06-23 09:22:23,556.35,497620
2021-06-23 09:22:24,556.35,498526
2021-06-23 09:22:25,556.45,498945
2021-06-23 09:22:26,556.35,500124
2021-06-23 09:22:28,556.55,501058
2021-06-23 09:22:28,556.35,501283
2021-06-23 09:22:30,556.3,502237
2021-06-23 09:22:31,556.35,503181
2021-06-23 09:22:32,556.2,503490
2021-06-23 09:22:33,556.15,506247
2021-06-23 09:22:34,556.3,509956
2021-06-23 09:22:35,556.2,510711
2021-06-23 09:22:36,556.3,512809
2021-06-23 09:22:37,556.25,513621
2021-06-23 09:22:38,556.55,516725
2021-06-23 09:22:39,556.35,517081
2021-06-23 09:22:40,556.45,517459
2021-06-23 09:22:41,556.4,517773
2021-06-23 09:22:42,557.1,529509
2021-06-23 09:22:43,557.1,530824
2021-06-23 09:22:44,557.0,531565
2021-06-23 09:22:45,557.05,533527
2021-06-23 09:22:46,556.75,533837
2021-06-23 09:22:47,556.2,559696
2021-06-23 09:22:48,556.5,575480
2021-06-23 09:22:49,556.5,575685
2021-06-23 09:22:50,556.65,578804
2021-06-23 09:22:51,556.5,579741
2021-06-23 09:22:52,556.5,580970
2021-06-23 09:22:53,556.5,582180
2021-06-23 09:22:54,556.6,582915
2021-06-23 09:22:55,556.6,583147
2021-06-23 09:22:56,556.65,583935
2021-06-23 09:22:57,556.8,585740
2021-06-23 09:22:58,556.55,586144
2021-06-23 09:22:59,556.55,586184
2021-06-23 09:23:00,556.5,586342
2021-06-23 09:23:01,556.65,588412
2021-06-23 09:23:02,556.6,591463
2021-06-23 09:23:03,556.35,591686
2021-06-23 09:23:04,556.6,592159
2021-06-23 09:23:05,556.6,592310
2021-06-23 09:23:06,556.6,592522
2021-06-23 09:23:07,556.6,592633
2021-06-23 09:23:08,556.6,596018
2021-06-23 09:23:09,556.6,596023
2021-06-23 09:23:10,556.5,596271
2021-06-23 09:23:11,556.65,597199
2021-06-23 09:23:12,556.6,597229
2021-06-23 09:23:13,556.6,597941
2021-06-23 09:23:14,556.6,597966
2021-06-23 09:23:15,556.6,598170
2021-06-23 09:23:16,556.6,600855
2021-06-23 09:23:17,556.45,601107
2021-06-23 09:23:18,556.65,602167
2021-06-23 09:23:19,556.45,602188
2021-06-23 09:23:20,556.45,602218
2021-06-23 09:23:23,556.65,602856
2021-06-23 09:23:25,556.6,603012
2021-06-23 09:23:26,556.65,604014
2021-06-23 09:23:27,556.7,605425
2021-06-23 09:23:28,556.7,606817
2021-06-23 09:23:28,556.7,607095
2021-06-23 09:23:29,556.75,607364
2021-06-23 09:23:30,556.65,609520
2021-06-23 09:23:31,556.95,610568
2021-06-23 09:23:32,556.95,611428
2021-06-23 09:23:33,556.95,611479
2021-06-23 09:23:34,556.7,611895
2021-06-23 09:23:35,556.95,614014
2021-06-23 09:23:36,556.95,615049
2021-06-23 09:23:37,556.95,615319
2021-06-23 09:23:38,557.0,616049
2021-06-23 09:23:39,557.0,616210
2021-06-23 09:23:40,556.7,616730
2021-06-23 09:23:41,556.95,616847
2021-06-23 09:23:42,557.0,616898
2021-06-23 09:23:43,556.95,617016
2021-06-23 09:23:44,556.95,617117
2021-06-23 09:23:45,556.85,617873
2021-06-23 09:23:46,556.85,618027
2021-06-23 09:23:47,556.95,618235
2021-06-23 09:23:48,557.0,618319
2021-06-23 09:23:49,556.85,618404
2021-06-23 09:23:50,556.85,618542
2021-06-23 09:23:51,556.7,618797
2021-06-23 09:23:52,556.85,618888
2021-06-23 09:23:53,557.0,619420
2021-06-23 09:23:54,556.85,619520
2021-06-23 09:23:55,557.2,624272
2021-06-23 09:23:56,557.2,624598
2021-06-23 09:23:57,557.2,625095
2021-06-23 09:23:58,557.15,625135
2021-06-23 09:23:59,557.15,628410
2021-06-23 09:24:00,557.05,628992
2021-06-23 09:24:01,557.15,629176
2021-06-23 09:24:02,557.15,629190
2021-06-23 09:24:03,557.05,629326
2021-06-23 09:24:04,557.3,629856
2021-06-23 09:24:05,557.2,630367
2021-06-23 09:24:06,557.2,630392
2021-06-23 09:24:07,557.2,630642
2021-06-23 09:24:08,557.25,630792
2021-06-23 09:24:10,557.25,630797
2021-06-23 09:24:11,557.15,630985
2021-06-23 09:24:11,557.25,631176
2021-06-23 09:24:13,557.1,631412
2021-06-23 09:24:14,557.25,631936
2021-06-23 09:24:14,557.1,631950
2021-06-23 09:24:15,557.3,632517
2021-06-23 09:24:16,557.3,633702
2021-06-23 09:24:18,557.3,633752
2021-06-23 09:24:19,557.3,633852
2021-06-23 09:24:19,557.3,634491
2021-06-23 09:24:21,557.3,634619
2021-06-23 09:24:22,557.35,635014
2021-06-23 09:24:23,557.35,635021
2021-06-23 09:24:24,557.3,635179
2021-06-23 09:24:25,557.3,635210
2021-06-23 09:24:26,557.3,636088
2021-06-23 09:24:28,557.5,637116
2021-06-23 09:24:29,557.3,638116
2021-06-23 09:24:30,557.3,638358
2021-06-23 09:24:31,557.25,638569
2021-06-23 09:24:32,557.5,638646
2021-06-23 09:24:33,557.3,638677
2021-06-23 09:24:34,557.3,638738
2021-06-23 09:24:35,557.35,639359
2021-06-23 09:24:36,557.35,641700
2021-06-23 09:24:37,557.25,641753
2021-06-23 09:24:38,557.35,641818
2021-06-23 09:24:38,557.35,641833
2021-06-23 09:24:39,557.35,641901
2021-06-23 09:24:41,557.35,641994
2021-06-23 09:24:42,557.35,642224
2021-06-23 09:24:44,557.3,643585
2021-06-23 09:24:45,557.35,643764
2021-06-23 09:24:46,557.35,643764
2021-06-23 09:24:47,557.35,643819
2021-06-23 09:24:48,557.35,644652
2021-06-23 09:24:49,557.35,644653
2021-06-23 09:24:50,557.3,644867
2021-06-23 09:24:51,557.3,645161
2021-06-23 09:24:52,557.3,645979
2021-06-23 09:24:53,557.35,646152
2021-06-23 09:24:53,557.35,646266
2021-06-23 09:24:54,557.35,647363
2021-06-23 09:24:55,557.4,649084
2021-06-23 09:24:56,557.5,649869
2021-06-23 09:24:58,557.5,650232
2021-06-23 09:24:59,557.5,650482
2021-06-23 09:25:00,557.5,650585
2021-06-23 09:25:01,557.4,650867
2021-06-23 09:25:02,557.5,651240
2021-06-23 09:25:03,557.5,651242
2021-06-23 09:25:04,557.5,655150
2021-06-23 09:25:06,557.5,655690
2021-06-23 09:25:07,557.4,657573
2021-06-23 09:25:08,557.5,658459
2021-06-23 09:25:09,557.4,658812
2021-06-23 09:25:10,557.45,658998
2021-06-23 09:25:11,557.5,659959
2021-06-23 09:25:12,557.4,660143
2021-06-23 09:25:13,557.4,660199
2021-06-23 09:25:14,557.4,660220
2021-06-23 09:25:16,557.4,660247
2021-06-23 09:25:17,557.5,660903
2021-06-23 09:25:18,557.4,661035
2021-06-23 09:25:19,557.5,661259
2021-06-23 09:25:20,557.5,661459
2021-06-23 09:25:25,557.45,661950
2021-06-23 09:25:27,557.45,662538
2021-06-23 09:25:28,557.4,663783
2021-06-23 09:25:30,557.4,666564
2021-06-23 09:25:31,557.4,666625
2021-06-23 09:25:32,557.3,668935
2021-06-23 09:25:33,557.3,669132
2021-06-23 09:25:34,557.3,669139
2021-06-23 09:25:35,557.05,669211
2021-06-23 09:25:36,557.1,669247
2021-06-23 09:25:37,557.05,669853
2021-06-23 09:25:38,557.05,670076
2021-06-23 09:25:39,557.05,670166
2021-06-23 09:25:40,557.1,670491
2021-06-23 09:25:41,557.1,670492
2021-06-23 09:25:42,557.1,670518
2021-06-23 09:25:43,557.1,670625
2021-06-23 09:25:44,557.1,670858
2021-06-23 09:25:45,557.0,671416
2021-06-23 09:25:46,557.0,671677
2021-06-23 09:25:47,557.0,672997
2021-06-23 09:25:49,557.1,674394
2021-06-23 09:25:51,557.0,674652
2021-06-23 09:25:52,557.1,674764
2021-06-23 09:25:53,557.1,675346
2021-06-23 09:25:54,557.25,677126
2021-06-23 09:25:58,557.0,678236
2021-06-23 09:26:00,556.7,678687
2021-06-23 09:26:01,556.95,678701
2021-06-23 09:26:02,556.95,678834
2021-06-23 09:26:03,556.6,679834
2021-06-23 09:26:04,556.95,680079
2021-06-23 09:26:05,556.95,680091
2021-06-23 09:26:06,556.65,680411
2021-06-23 09:26:07,556.9,680560
2021-06-23 09:26:08,556.85,680770
2021-06-23 09:26:09,556.65,681125
2021-06-23 09:26:10,556.65,681156
2021-06-23 09:26:11,556.6,681456
2021-06-23 09:26:12,556.6,682275
2021-06-23 09:26:13,556.6,682465
2021-06-23 09:26:13,556.6,682465
2021-06-23 09:26:14,556.55,682551
2021-06-23 09:26:15,556.55,683080
2021-06-23 09:26:16,556.5,684183
2021-06-23 09:26:17,556.35,685099
2021-06-23 09:26:19,556.45,685308
2021-06-23 09:26:20,556.45,685367
2021-06-23 09:26:21,556.3,685670
2021-06-23 09:26:22,556.45,685849
2021-06-23 09:26:23,556.45,687119
2021-06-23 09:26:24,556.35,687250
2021-06-23 09:26:25,556.35,687313
2021-06-23 09:26:26,556.2,689295
2021-06-23 09:26:27,556.4,689913
2021-06-23 09:26:28,556.4,690014
2021-06-23 09:26:29,556.4,690893
2021-06-23 09:26:30,556.4,691554
2021-06-23 09:26:31,556.35,691760
2021-06-23 09:26:32,556.4,692060
2021-06-23 09:26:33,556.35,692092
2021-06-23 09:26:34,556.4,692376
2021-06-23 09:26:35,556.3,694582
2021-06-23 09:26:35,556.3,695033
2021-06-23 09:26:37,556.4,695569
2021-06-23 09:26:38,556.25,695781
2021-06-23 09:26:39,556.35,696103
2021-06-23 09:26:40,556.25,696117
2021-06-23 09:26:41,556.3,698474
2021-06-23 09:26:42,556.25,698860
2021-06-23 09:26:43,556.25,699024
2021-06-23 09:26:44,556.2,699073
2021-06-23 09:26:45,556.25,699216
2021-06-23 09:26:46,556.2,699309
2021-06-23 09:26:47,556.25,699342
2021-06-23 09:26:48,556.3,701742
2021-06-23 09:26:49,556.3,701908
2021-06-23 09:26:49,556.2,701947
2021-06-23 09:26:51,556.3,702069
2021-06-23 09:26:52,556.25,703886
2021-06-23 09:26:53,556.25,704057
2021-06-23 09:26:54,556.25,704442
2021-06-23 09:26:55,556.25,704451
2021-06-23 09:26:56,556.3,705193
2021-06-23 09:26:57,556.3,705243
2021-06-23 09:26:59,556.3,705659
2021-06-23 09:27:00,556.25,705671
2021-06-23 09:27:01,556.25,707497
2021-06-23 09:27:02,556.25,707710
2021-06-23 09:27:03,556.3,709193
2021-06-23 09:27:04,556.4,709565
2021-06-23 09:27:04,556.4,709951
2021-06-23 09:27:06,556.35,711587
2021-06-23 09:27:07,556.6,713945
2021-06-23 09:27:08,556.5,713947
2021-06-23 09:27:09,556.45,714457
2021-06-23 09:27:10,556.4,715211
2021-06-23 09:27:11,556.4,716154
2021-06-23 09:27:12,556.6,716578
2021-06-23 09:27:13,556.45,716678
2021-06-23 09:27:14,556.4,716706
2021-06-23 09:27:15,556.45,716714
2021-06-23 09:27:17,556.6,716810
2021-06-23 09:27:18,556.55,716910
2021-06-23 09:27:19,556.45,717020
2021-06-23 09:27:20,556.55,717067
2021-06-23 09:27:21,556.6,717666
2021-06-23 09:27:22,556.6,717916
2021-06-23 09:27:23,556.6,718002
2021-06-23 09:27:24,556.75,718324
2021-06-23 09:27:25,556.75,718324
2021-06-23 09:27:26,556.65,718328
2021-06-23 09:27:27,556.75,718353
2021-06-23 09:27:28,556.6,719008
2021-06-23 09:27:29,556.65,719430
2021-06-23 09:27:30,556.9,719516
2021-06-23 09:27:31,556.9,719518
2021-06-23 09:27:32,557.55,727248
2021-06-23 09:27:32,557.55,727248
2021-06-23 09:27:34,557.25,729861
2021-06-23 09:27:35,557.25,729882
2021-06-23 09:27:36,557.25,729882
2021-06-23 09:27:37,557.15,729907
2021-06-23 09:27:38,557.25,731160
2021-06-23 09:27:39,557.25,731160
2021-06-23 09:27:40,557.25,731305
2021-06-23 09:27:41,557.25,731526
2021-06-23 09:27:42,557.25,731526
2021-06-23 09:27:43,557.25,731768
2021-06-23 09:27:44,557.25,731818
2021-06-23 09:27:45,557.25,731820
2021-06-23 09:27:46,557.25,731830
2021-06-23 09:27:47,557.25,732012
2021-06-23 09:27:48,557.05,734992
2021-06-23 09:27:49,556.8,735982
2021-06-23 09:27:50,556.8,736094
2021-06-23 09:27:51,557.0,736212
2021-06-23 09:27:52,557.0,736432
2021-06-23 09:27:53,556.75,736532
2021-06-23 09:27:54,556.9,737017
2021-06-23 09:27:55,556.9,737059
2021-06-23 09:27:56,556.8,737113
2021-06-23 09:27:57,556.9,738724
2021-06-23 09:27:58,556.8,741746
2021-06-23 09:27:59,556.8,742211
2021-06-23 09:28:00,556.8,742311
2021-06-23 09:28:01,556.75,742815
2021-06-23 09:28:02,556.6,742830
2021-06-23 09:28:03,556.4,743505
2021-06-23 09:28:04,556.45,744156
2021-06-23 09:28:05,556.6,744507
2021-06-23 09:28:06,556.45,744607
2021-06-23 09:28:07,556.3,745654
2021-06-23 09:28:08,556.55,746474
2021-06-23 09:28:09,556.35,746490
2021-06-23 09:28:10,556.35,746543
2021-06-23 09:28:10,556.35,746554
2021-06-23 09:28:12,556.55,746598
2021-06-23 09:28:13,556.3,747117
2021-06-23 09:28:14,556.25,748053
2021-06-23 09:28:15,556.5,748626
2021-06-23 09:28:16,556.5,748861
2021-06-23 09:28:17,556.4,748989
2021-06-23 09:28:18,556.4,749451
2021-06-23 09:28:20,556.3,749571
2021-06-23 09:28:21,556.3,749598
2021-06-23 09:28:22,556.3,750129
2021-06-23 09:28:23,556.3,750403
2021-06-23 09:28:24,556.25,750681
2021-06-23 09:28:25,556.35,753660
2021-06-23 09:28:26,556.25,754451
2021-06-23 09:28:27,556.6,755864
2021-06-23 09:28:28,556.35,757190
2021-06-23 09:28:29,556.4,757576
2021-06-23 09:28:30,556.45,757661
2021-06-23 09:28:31,556.4,758278
2021-06-23 09:28:32,556.6,758411
2021-06-23 09:28:33,556.7,759225
2021-06-23 09:28:34,556.8,760236
2021-06-23 09:28:35,556.8,760236
2021-06-23 09:28:36,556.5,760561
2021-06-23 09:28:37,556.5,760698
2021-06-23 09:28:38,556.8,760740
2021-06-23 09:28:39,556.75,760791
2021-06-23 09:28:40,556.5,760796
2021-06-23 09:28:41,556.5,760797
2021-06-23 09:28:42,556.35,762191
2021-06-23 09:28:43,556.35,762470
2021-06-23 09:28:44,556.35,762508
2021-06-23 09:28:45,556.4,762545
2021-06-23 09:28:46,556.35,762551
2021-06-23 09:28:47,556.6,762813
2021-06-23 09:28:48,556.6,763242
2021-06-23 09:28:49,556.45,763571
2021-06-23 09:28:50,556.5,763672
2021-06-23 09:28:51,556.35,766809
2021-06-23 09:28:52,556.35,767034
2021-06-23 09:28:53,556.25,767035
2021-06-23 09:28:54,556.35,767645
2021-06-23 09:28:55,556.25,770050
2021-06-23 09:28:56,556.4,772303
2021-06-23 09:28:57,556.2,774457
2021-06-23 09:28:58,556.2,774485
2021-06-23 09:28:59,556.15,774588
2021-06-23 09:29:00,556.15,774605
2021-06-23 09:29:01,556.15,774605
2021-06-23 09:29:02,556.15,774763
2021-06-23 09:29:03,556.15,774858
2021-06-23 09:29:04,556.15,775337
2021-06-23 09:29:06,556.15,778102
2021-06-23 09:29:05,556.15,778102
2021-06-23 09:29:07,556.15,778375
2021-06-23 09:29:08,556.0,778476
2021-06-23 09:29:09,556.15,778616
2021-06-23 09:29:11,556.0,779305
2021-06-23 09:29:14,556.2,786240
2021-06-23 09:29:15,556.45,787377
2021-06-23 09:29:16,556.1,787550
2021-06-23 09:29:17,556.35,788128
2021-06-23 09:29:18,556.35,788550
2021-06-23 09:29:19,556.35,788590
2021-06-23 09:29:20,556.35,788590
2021-06-23 09:29:21,556.35,788590
2021-06-23 09:29:22,556.35,788615
2021-06-23 09:29:23,556.1,788668
2021-06-23 09:29:24,556.35,788681
2021-06-23 09:29:25,556.1,788991
2021-06-23 09:29:26,556.3,789070
2021-06-23 09:29:27,556.3,789073
2021-06-23 09:29:28,556.1,789075
2021-06-23 09:29:29,556.1,789076
2021-06-23 09:29:30,556.15,789158
2021-06-23 09:29:31,556.15,789158
2021-06-23 09:29:32,556.1,789239
2021-06-23 09:29:33,556.1,789512
2021-06-23 09:29:34,556.15,789635
2021-06-23 09:29:35,556.3,789899
2021-06-23 09:29:36,556.3,789937
2021-06-23 09:29:37,556.2,789953
2021-06-23 09:29:38,556.25,790593
2021-06-23 09:29:39,556.45,794986
2021-06-23 09:29:41,556.25,795106
2021-06-23 09:29:43,556.45,795113
2021-06-23 09:29:44,556.25,795143
2021-06-23 09:29:46,556.45,795164
2021-06-23 09:29:47,556.45,795175
2021-06-23 09:29:48,556.45,795181
2021-06-23 09:29:49,556.35,795540
2021-06-23 09:29:50,556.35,795546
2021-06-23 09:29:51,556.4,795647
2021-06-23 09:29:52,556.2,795649
2021-06-23 09:29:53,556.2,795682
2021-06-23 09:29:54,556.25,795747
2021-06-23 09:29:55,556.25,795760
2021-06-23 09:29:56,556.25,795825
2021-06-23 09:29:57,556.25,795864
2021-06-23 09:29:58,556.25,795932
2021-06-23 09:29:59,556.25,796146
2021-06-23 09:30:00,556.3,796540
2021-06-23 09:30:01,556.3,799244
2021-06-23 09:30:04,556.3,799947
2021-06-23 09:30:05,556.25,799956
2021-06-23 09:30:06,556.2,800118
2021-06-23 09:30:07,556.2,800173
2021-06-23 09:30:08,556.3,800354
2021-06-23 09:30:09,556.25,800360
2021-06-23 09:30:10,556.25,800780
2021-06-23 09:30:11,556.25,801795
2021-06-23 09:30:12,556.2,801808
2021-06-23 09:30:13,556.2,802037
2021-06-23 09:30:14,556.2,803173
2021-06-23 09:30:17,556.15,813136
2021-06-23 09:30:18,556.1,813480
2021-06-23 09:30:19,556.15,813573
2021-06-23 09:30:20,556.1,813685
2021-06-23 09:30:21,556.1,813745
2021-06-23 09:30:22,556.0,813765
2021-06-23 09:30:23,556.0,813831
2021-06-23 09:30:24,556.0,814488
2021-06-23 09:30:25,556.1,814777
2021-06-23 09:30:26,556.1,816204
2021-06-23 09:30:27,555.8,823946
2021-06-23 09:30:28,555.8,823976
2021-06-23 09:30:29,555.7,824110
2021-06-23 09:30:30,555.55,826811
2021-06-23 09:30:31,555.8,828863
2021-06-23 09:30:32,555.8,829636
2021-06-23 09:30:33,555.55,835038
2021-06-23 09:30:34,555.55,836493
2021-06-23 09:30:35,555.7,836786
2021-06-23 09:30:36,555.5,836808
2021-06-23 09:30:37,555.5,836872
2021-06-23 09:30:38,555.5,837078
2021-06-23 09:30:40,555.7,837231
2021-06-23 09:30:41,555.7,837837
2021-06-23 09:30:44,555.4,840754
2021-06-23 09:30:45,555.35,840865
2021-06-23 09:30:46,555.35,841555
2021-06-23 09:30:47,555.35,841859
2021-06-23 09:30:49,555.65,843318
2021-06-23 09:30:50,555.3,844820
2021-06-23 09:30:51,555.25,846122
2021-06-23 09:30:52,555.25,846444
2021-06-23 09:30:53,555.25,846502
2021-06-23 09:30:54,555.15,847073
2021-06-23 09:30:55,555.55,851995
2021-06-23 09:30:56,555.4,852568
2021-06-23 09:30:58,555.35,852981
2021-06-23 09:30:59,555.4,853076
2021-06-23 09:31:00,555.4,853559
2021-06-23 09:31:01,555.55,853936
2021-06-23 09:31:02,555.4,854136
2021-06-23 09:31:03,555.5,854280
2021-06-23 09:31:04,555.95,858427
2021-06-23 09:31:05,555.95,858682
2021-06-23 09:31:06,555.95,858732
2021-06-23 09:31:07,555.85,859150
2021-06-23 09:31:08,555.6,859207
2021-06-23 09:31:09,555.7,859317
2021-06-23 09:31:10,555.6,859332
2021-06-23 09:31:11,555.65,859595
2021-06-23 09:31:12,555.55,861077
2021-06-23 09:31:13,555.5,861404
2021-06-23 09:31:14,555.8,861538
2021-06-23 09:31:15,555.6,863153
2021-06-23 09:31:16,555.95,863589
2021-06-23 09:31:17,555.85,863624
2021-06-23 09:31:18,555.7,863764
2021-06-23 09:31:20,555.75,864415
2021-06-23 09:31:21,555.75,864486
2021-06-23 09:31:22,555.95,864588
2021-06-23 09:31:23,555.95,864588
2021-06-23 09:31:24,555.65,864738
2021-06-23 09:31:25,555.95,864770
2021-06-23 09:31:26,556.0,870905
2021-06-23 09:31:27,556.0,874793
2021-06-23 09:31:28,556.0,875263
2021-06-23 09:31:29,555.95,875313
2021-06-23 09:31:30,555.95,878282
2021-06-23 09:31:31,556.0,878879
2021-06-23 09:31:32,556.0,878880
2021-06-23 09:31:33,556.05,879162
2021-06-23 09:31:34,556.0,880221
2021-06-23 09:31:35,556.0,880253
2021-06-23 09:31:36,555.85,882609
2021-06-23 09:31:37,555.75,883242
2021-06-23 09:31:38,555.75,883650
2021-06-23 09:31:39,555.75,883654
2021-06-23 09:31:40,555.6,883666
2021-06-23 09:31:41,555.6,883668
2021-06-23 09:31:42,555.7,883679
2021-06-23 09:31:43,555.7,883679
2021-06-23 09:31:44,556.0,885488
2021-06-23 09:31:45,555.85,885489
2021-06-23 09:31:47,555.85,885519
2021-06-23 09:31:48,555.65,885719
2021-06-23 09:31:49,555.7,885769
2021-06-23 09:31:51,555.9,885880
2021-06-23 09:31:52,555.7,885890
2021-06-23 09:31:53,555.7,885992
2021-06-23 09:31:53,555.75,886125
2021-06-23 09:31:54,555.85,886192
2021-06-23 09:31:56,555.7,886713
2021-06-23 09:31:57,555.7,888419
2021-06-23 09:31:57,555.7,889050
2021-06-23 09:31:59,555.7,889183
2021-06-23 09:31:59,555.7,889209
2021-06-23 09:32:00,555.7,889586
2021-06-23 09:32:01,555.8,889663
2021-06-23 09:32:02,555.8,889688
2021-06-23 09:32:03,555.7,889839
2021-06-23 09:32:04,555.7,891187
2021-06-23 09:32:05,555.9,891459
2021-06-23 09:32:07,555.7,892025
2021-06-23 09:32:08,555.9,892118
2021-06-23 09:32:09,555.9,892121
2021-06-23 09:32:10,555.7,892321
2021-06-23 09:32:11,555.7,892497
2021-06-23 09:32:13,555.7,892533
2021-06-23 09:32:13,555.95,894150
2021-06-23 09:32:14,556.0,896161
2021-06-23 09:32:15,555.95,896163
2021-06-23 09:32:16,555.95,896167
2021-06-23 09:32:17,556.1,897651
2021-06-23 09:32:18,556.35,900657
2021-06-23 09:32:19,556.35,900659
2021-06-23 09:32:21,556.35,900740
2021-06-23 09:32:21,556.35,900740
2021-06-23 09:32:23,556.35,900826
2021-06-23 09:32:24,556.15,900828
2021-06-23 09:32:24,556.15,900828
2021-06-23 09:32:26,556.15,900829
2021-06-23 09:32:26,556.15,900833
2021-06-23 09:32:27,556.15,900930
2021-06-23 09:32:28,556.15,900949
2021-06-23 09:32:29,556.15,901478
2021-06-23 09:32:30,556.15,901538
2021-06-23 09:32:31,556.15,901547
2021-06-23 09:32:32,556.05,901559
2021-06-23 09:32:33,556.05,901561
2021-06-23 09:32:34,556.05,902097
2021-06-23 09:32:36,556.1,902688
2021-06-23 09:32:37,556.4,904390
2021-06-23 09:32:38,556.15,904606
2021-06-23 09:32:39,556.2,904679
2021-06-23 09:32:40,556.2,904694
2021-06-23 09:32:41,556.2,904697
2021-06-23 09:32:42,556.5,906573
2021-06-23 09:32:43,556.5,906609
2021-06-23 09:32:44,556.35,906613
2021-06-23 09:32:46,556.5,906754
2021-06-23 09:32:47,556.5,906819
2021-06-23 09:32:49,556.35,907915
2021-06-23 09:32:50,556.45,908136
2021-06-23 09:32:51,556.35,908227
2021-06-23 09:32:51,556.35,908246
2021-06-23 09:32:53,556.4,908724
2021-06-23 09:32:54,556.35,910077
2021-06-23 09:32:57,556.35,914514
2021-06-23 09:32:58,556.4,914598
2021-06-23 09:33:00,556.35,914605
2021-06-23 09:33:00,556.4,914826
2021-06-23 09:33:01,556.35,914855
2021-06-23 09:33:02,556.4,914865
2021-06-23 09:33:04,556.35,914878
2021-06-23 09:33:05,556.35,916050
2021-06-23 09:33:06,556.35,916675
2021-06-23 09:33:06,556.35,916800
2021-06-23 09:33:07,556.4,917006
2021-06-23 09:33:09,556.45,918737
2021-06-23 09:33:10,556.45,918737
2021-06-23 09:33:11,556.4,918776
2021-06-23 09:33:12,556.4,918794
2021-06-23 09:33:13,556.45,918800
2021-06-23 09:33:14,556.45,918800
2021-06-23 09:33:16,556.5,920964
2021-06-23 09:33:17,556.5,920964
2021-06-23 09:33:17,556.45,921021
2021-06-23 09:33:19,556.4,921277
2021-06-23 09:33:20,556.4,921427
2021-06-23 09:33:21,556.4,921578
2021-06-23 09:33:22,556.4,921975
2021-06-23 09:33:23,556.4,922254
2021-06-23 09:33:24,556.5,922497
2021-06-23 09:33:25,556.45,922697
2021-06-23 09:33:26,556.4,923678
2021-06-23 09:33:28,556.4,925100
2021-06-23 09:33:27,556.35,924438
2021-06-23 09:33:31,555.95,928003
2021-06-23 09:33:31,555.95,928003
2021-06-23 09:33:32,555.95,928023
2021-06-23 09:33:33,555.95,928108
2021-06-23 09:33:34,555.85,928832
2021-06-23 09:33:35,555.85,928983
2021-06-23 09:33:36,555.85,929034
2021-06-23 09:33:37,555.85,929100
2021-06-23 09:33:38,555.95,929219
2021-06-23 09:33:39,555.95,929325
2021-06-23 09:33:40,555.95,929424
2021-06-23 09:33:41,555.85,929436
2021-06-23 09:33:42,555.85,929462
2021-06-23 09:33:43,555.85,929599
2021-06-23 09:33:44,555.8,929709
2021-06-23 09:33:45,555.8,930017
2021-06-23 09:33:47,555.8,930084
2021-06-23 09:33:48,555.85,931107
2021-06-23 09:33:48,555.85,931157
2021-06-23 09:33:50,555.75,931197
2021-06-23 09:33:50,555.75,931606
2021-06-23 09:33:52,555.85,932065
2021-06-23 09:33:53,555.85,932065
2021-06-23 09:33:54,555.8,932094
2021-06-23 09:33:55,555.8,933722
2021-06-23 09:33:56,555.8,934100
2021-06-23 09:33:57,556.0,935826
2021-06-23 09:33:57,556.0,935826
2021-06-23 09:33:58,555.8,935846
2021-06-23 09:33:59,556.0,935900
2021-06-23 09:34:00,556.0,936003
2021-06-23 09:34:01,555.8,937492
2021-06-23 09:34:02,555.75,937535
2021-06-23 09:34:03,555.8,937569
2021-06-23 09:34:04,555.85,937897
2021-06-23 09:34:05,555.8,937902
2021-06-23 09:34:06,555.8,937903
2021-06-23 09:34:07,555.85,937904
2021-06-23 09:34:09,555.6,940985
2021-06-23 09:34:10,555.5,941416
2021-06-23 09:34:10,555.6,941522
2021-06-23 09:34:13,555.55,942257
2021-06-23 09:34:14,555.55,942264
2021-06-23 09:34:15,555.5,942283
2021-06-23 09:34:16,555.5,942307
2021-06-23 09:34:17,555.55,942528
2021-06-23 09:34:18,555.55,943996
2021-06-23 09:34:19,555.55,944325
2021-06-23 09:34:20,555.55,944708
2021-06-23 09:34:21,555.6,944880
2021-06-23 09:34:22,555.55,944980
2021-06-23 09:34:23,555.5,946254
2021-06-23 09:34:25,555.5,946430
2021-06-23 09:34:26,555.45,946446
2021-06-23 09:34:27,555.4,946672
2021-06-23 09:34:27,555.45,946659
2021-06-23 09:34:29,555.45,946905
2021-06-23 09:34:29,555.45,946905
2021-06-23 09:34:30,555.45,946982
2021-06-23 09:34:31,555.45,947012
2021-06-23 09:34:33,555.4,947042
2021-06-23 09:34:34,555.3,947258
2021-06-23 09:34:35,555.3,947421
2021-06-23 09:34:36,555.3,947549
2021-06-23 09:34:37,555.3,947596
2021-06-23 09:34:37,555.3,947656
2021-06-23 09:34:38,555.3,948116
2021-06-23 09:34:39,555.4,948219
2021-06-23 09:34:40,555.3,948256
2021-06-23 09:34:41,555.3,948269
2021-06-23 09:34:42,555.4,948590
2021-06-23 09:34:44,555.3,949285
2021-06-23 09:34:45,555.3,949434
2021-06-23 09:34:46,555.3,949489
2021-06-23 09:34:47,555.3,949561
2021-06-23 09:34:48,555.3,950201
2021-06-23 09:34:48,555.3,950095
2021-06-23 09:34:49,555.3,950628
2021-06-23 09:34:50,555.25,950848
2021-06-23 09:34:52,555.25,951018
2021-06-23 09:34:53,555.2,951667
2021-06-23 09:34:54,555.2,951762
2021-06-23 09:34:54,555.15,951820
2021-06-23 09:34:56,555.1,953107
2021-06-23 09:34:57,555.2,953412
2021-06-23 09:34:58,555.0,957953
2021-06-23 09:34:59,555.0,958886
2021-06-23 09:35:00,555.0,959125
2021-06-23 09:35:01,555.0,960434
2021-06-23 09:35:02,555.0,962168
2021-06-23 09:35:03,555.0,962579
2021-06-23 09:35:04,555.0,964779
2021-06-23 09:35:05,555.0,965057
2021-06-23 09:35:06,555.0,965211
2021-06-23 09:35:07,554.65,968227
2021-06-23 09:35:08,554.45,970820
2021-06-23 09:35:09,554.5,971479
2021-06-23 09:35:09,554.6,974197
2021-06-23 09:35:11,554.65,976598
2021-06-23 09:35:14,554.0,982151
2021-06-23 09:35:14,554.2,982974
2021-06-23 09:35:16,554.35,985549
2021-06-23 09:35:18,554.15,985662
2021-06-23 09:35:19,554.15,986996
2021-06-23 09:35:20,554.1,987481
2021-06-23 09:35:21,554.05,988139
2021-06-23 09:35:22,554.0,988224
2021-06-23 09:35:25,554.05,992623
2021-06-23 09:35:26,554.05,993247
2021-06-23 09:35:27,554.2,994091
2021-06-23 09:35:28,554.0,994329
2021-06-23 09:35:29,554.55,998413
2021-06-23 09:35:30,554.25,998692
2021-06-23 09:35:30,554.25,998769
2021-06-23 09:35:31,554.2,999359
2021-06-23 09:35:32,554.2,999749
2021-06-23 09:35:34,554.25,1000117
2021-06-23 09:35:35,554.1,1000396
2021-06-23 09:35:36,554.15,1002217
2021-06-23 09:35:37,554.25,1004030
2021-06-23 09:35:37,554.25,1004302
2021-06-23 09:35:38,554.5,1004353
2021-06-23 09:35:39,554.25,1004364
2021-06-23 09:35:40,554.55,1004453
2021-06-23 09:35:41,554.45,1007370
2021-06-23 09:35:43,554.4,1008077
2021-06-23 09:35:44,554.4,1008434
2021-06-23 09:35:45,554.4,1008609
2021-06-23 09:35:48,554.6,1009524
2021-06-23 09:35:49,554.45,1009704
2021-06-23 09:35:49,554.45,1009741
2021-06-23 09:35:50,554.6,1009766
2021-06-23 09:35:51,554.6,1009778
2021-06-23 09:35:52,554.9,1011851
2021-06-23 09:35:53,554.65,1012065
2021-06-23 09:35:54,554.65,1012156
2021-06-23 09:35:56,554.65,1012169
2021-06-23 09:35:57,554.9,1012181
2021-06-23 09:35:58,554.9,1012181
2021-06-23 09:35:59,554.9,1012181
2021-06-23 09:36:00,554.65,1012278
2021-06-23 09:36:01,555.0,1014665
2021-06-23 09:36:01,555.0,1014665
2021-06-23 09:36:02,554.7,1014785
2021-06-23 09:36:03,555.1,1019167
2021-06-23 09:36:04,555.1,1019167
2021-06-23 09:36:06,555.1,1019167
2021-06-23 09:36:07,555.0,1019217
2021-06-23 09:36:08,555.0,1019240
2021-06-23 09:36:09,555.1,1019259
2021-06-23 09:36:10,555.0,1019275
2021-06-23 09:36:11,555.1,1019779
2021-06-23 09:36:11,554.9,1019374
2021-06-23 09:36:12,555.0,1020085
2021-06-23 09:36:13,555.05,1021105
2021-06-23 09:36:15,555.0,1021260
2021-06-23 09:36:16,555.0,1021263
2021-06-23 09:36:17,555.0,1021396
2021-06-23 09:36:18,555.0,1021414
2021-06-23 09:36:19,554.85,1022025
2021-06-23 09:36:20,555.0,1022669
2021-06-23 09:36:21,554.95,1022725
2021-06-23 09:36:22,554.9,1022735
2021-06-23 09:36:23,554.9,1022736
2021-06-23 09:36:24,554.85,1022767
2021-06-23 09:36:25,554.85,1022979
2021-06-23 09:36:26,554.85,1023252
2021-06-23 09:36:27,554.85,1023252
2021-06-23 09:36:29,554.8,1023462
2021-06-23 09:36:30,554.8,1023513
2021-06-23 09:36:31,554.8,1023896
2021-06-23 09:36:32,554.85,1024005
2021-06-23 09:36:33,555.05,1025739
2021-06-23 09:36:34,554.95,1025741
2021-06-23 09:36:35,554.75,1026251
2021-06-23 09:36:35,554.75,1026327
2021-06-23 09:36:36,554.95,1026407
2021-06-23 09:36:37,554.8,1026433
2021-06-23 09:36:38,554.9,1026518
2021-06-23 09:36:39,554.75,1026633
2021-06-23 09:36:40,554.8,1028362
2021-06-23 09:36:41,554.8,1028726
2021-06-23 09:36:43,554.95,1028782
2021-06-23 09:36:44,554.95,1028802
2021-06-23 09:36:45,554.8,1028852
2021-06-23 09:36:46,554.95,1029182
2021-06-23 09:36:47,555.05,1030092
2021-06-23 09:36:49,555.0,1030296
2021-06-23 09:36:50,555.05,1031622
2021-06-23 09:36:51,555.05,1031726
2021-06-23 09:36:53,555.05,1031726
2021-06-23 09:36:54,555.0,1031736
2021-06-23 09:36:55,555.05,1032107
2021-06-23 09:36:56,554.95,1032416
2021-06-23 09:36:57,555.05,1032472
2021-06-23 09:36:57,555.05,1032472
2021-06-23 09:36:58,554.95,1032841
2021-06-23 09:36:59,555.05,1032905
2021-06-23 09:37:00,554.95,1036301
2021-06-23 09:37:02,554.95,1036773
2021-06-23 09:37:03,554.95,1036981
2021-06-23 09:37:04,555.0,1037096
2021-06-23 09:37:06,555.0,1037196
2021-06-23 09:37:07,554.95,1037202
2021-06-23 09:37:09,554.9,1037258
2021-06-23 09:37:10,554.95,1037316
2021-06-23 09:37:11,554.9,1037621
2021-06-23 09:37:12,554.9,1037682
2021-06-23 09:37:13,554.95,1037693
2021-06-23 09:37:14,554.95,1038394
2021-06-23 09:37:15,554.95,1038399
2021-06-23 09:37:17,554.95,1038664
2021-06-23 09:37:17,554.95,1038564
2021-06-23 09:37:18,554.9,1039717
2021-06-23 09:37:20,554.95,1039905
2021-06-23 09:37:21,554.9,1039935
2021-06-23 09:37:22,554.85,1040023
2021-06-23 09:37:23,554.9,1040041
2021-06-23 09:37:24,554.95,1040464
2021-06-23 09:37:25,554.9,1041037
2021-06-23 09:37:26,554.95,1041150
2021-06-23 09:37:27,554.95,1041302
2021-06-23 09:37:29,554.95,1041327
2021-06-23 09:37:30,554.9,1041423
2021-06-23 09:37:31,555.0,1043088
2021-06-23 09:37:32,554.95,1043282
2021-06-23 09:37:33,554.95,1043418
2021-06-23 09:37:34,555.0,1043580
2021-06-23 09:37:35,555.0,1043580
2021-06-23 09:37:36,554.95,1043600
2021-06-23 09:37:37,555.0,1043644
2021-06-23 09:37:38,554.95,1043710
2021-06-23 09:37:39,555.0,1043902
2021-06-23 09:37:39,555.0,1043902
2021-06-23 09:37:40,554.95,1044587
2021-06-23 09:37:42,554.95,1044701
2021-06-23 09:37:43,554.95,1044719
2021-06-23 09:37:44,554.95,1045087
2021-06-23 09:37:45,554.95,1045195
2021-06-23 09:37:46,554.95,1045480
2021-06-23 09:37:47,554.95,1045822
2021-06-23 09:37:48,554.95,1045980
2021-06-23 09:37:49,554.95,1046033
2021-06-23 09:37:49,554.95,1046041
2021-06-23 09:37:50,554.95,1046283
2021-06-23 09:37:51,555.0,1046449
2021-06-23 09:37:53,554.95,1046457
2021-06-23 09:37:54,554.95,1046461
2021-06-23 09:37:55,554.95,1046534
2021-06-23 09:37:56,555.05,1048891
2021-06-23 09:37:57,555.05,1050668
2021-06-23 09:37:58,555.15,1051364
2021-06-23 09:37:59,555.3,1051504
2021-06-23 09:38:00,555.3,1051548
2021-06-23 09:38:00,555.3,1051548
2021-06-23 09:38:03,555.3,1052161
2021-06-23 09:38:04,555.3,1052532
2021-06-23 09:38:05,555.3,1052569
2021-06-23 09:38:06,555.3,1052570
2021-06-23 09:38:07,555.3,1052622
2021-06-23 09:38:07,555.3,1052622
2021-06-23 09:38:08,555.3,1052627
2021-06-23 09:38:09,555.3,1052627
2021-06-23 09:38:11,555.3,1052937
2021-06-23 09:38:12,555.3,1052938
2021-06-23 09:38:15,555.3,1053006
2021-06-23 09:38:16,555.3,1053031
2021-06-23 09:38:17,555.25,1053033
2021-06-23 09:38:18,555.2,1053104
2021-06-23 09:38:18,555.5,1058313
2021-06-23 09:38:20,555.6,1060152
2021-06-23 09:38:21,555.6,1060152
2021-06-23 09:38:22,555.55,1060552
2021-06-23 09:38:23,555.55,1060637
2021-06-23 09:38:24,555.6,1060712
2021-06-23 09:38:25,555.55,1060812
2021-06-23 09:38:26,555.55,1060867
2021-06-23 09:38:26,555.55,1060867
2021-06-23 09:38:27,555.5,1060897
2021-06-23 09:38:28,555.5,1060897
2021-06-23 09:38:29,555.5,1061214
2021-06-23 09:38:31,555.35,1061323
2021-06-23 09:38:32,555.35,1061845
2021-06-23 09:38:33,555.35,1061999
2021-06-23 09:38:34,555.35,1062429
2021-06-23 09:38:35,555.35,1063012
2021-06-23 09:38:37,555.45,1063238
2021-06-23 09:38:38,555.5,1063588
2021-06-23 09:38:39,555.35,1063623
2021-06-23 09:38:40,555.5,1063683
2021-06-23 09:38:41,555.5,1064088
2021-06-23 09:38:41,555.5,1064088
2021-06-23 09:38:42,555.35,1064318
2021-06-23 09:38:44,555.35,1064415
2021-06-23 09:38:45,555.35,1064435
2021-06-23 09:38:46,555.35,1064998
2021-06-23 09:38:47,555.35,1064998
2021-06-23 09:38:48,555.3,1065153
2021-06-23 09:38:49,555.3,1065878
2021-06-23 09:38:50,555.35,1066053
2021-06-23 09:38:51,555.35,1066053
2021-06-23 09:38:52,555.35,1066115
2021-06-23 09:38:53,555.3,1066186
2021-06-23 09:38:54,555.3,1069005
2021-06-23 09:38:55,555.55,1069613
2021-06-23 09:38:55,555.55,1069613
2021-06-23 09:38:56,555.55,1069617
2021-06-23 09:38:57,555.55,1069687
2021-06-23 09:38:59,555.65,1070387
2021-06-23 09:39:00,555.65,1070441
2021-06-23 09:39:01,555.45,1070480
2021-06-23 09:39:02,555.5,1070543
2021-06-23 09:39:03,555.65,1070756
2021-06-23 09:39:04,555.65,1071124
2021-06-23 09:39:06,555.5,1071371
2021-06-23 09:39:07,555.65,1073196
2021-06-23 09:39:08,555.65,1073225
2021-06-23 09:39:09,555.65,1073240
2021-06-23 09:39:10,555.5,1073491
2021-06-23 09:39:12,555.55,1073541
2021-06-23 09:39:13,555.65,1073571
2021-06-23 09:39:14,555.55,1073676
2021-06-23 09:39:15,555.5,1073683
2021-06-23 09:39:16,555.55,1073725
2021-06-23 09:39:17,555.65,1073745
2021-06-23 09:39:18,555.7,1080310
2021-06-23 09:39:19,555.95,1081650
2021-06-23 09:39:20,555.95,1081680
2021-06-23 09:39:21,555.95,1081870
2021-06-23 09:39:22,555.95,1081870
2021-06-23 09:39:23,555.95,1082057
2021-06-23 09:39:24,555.95,1082062
2021-06-23 09:39:25,555.75,1082270
2021-06-23 09:39:26,555.95,1082527
2021-06-23 09:39:27,555.95,1082606
2021-06-23 09:39:28,555.95,1082665
2021-06-23 09:39:29,555.85,1083366
2021-06-23 09:39:30,555.75,1083689
2021-06-23 09:39:32,555.85,1083865
2021-06-23 09:39:31,555.85,1083854
2021-06-23 09:39:33,555.85,1084029
2021-06-23 09:39:35,555.85,1084142
2021-06-23 09:39:36,555.85,1084148
2021-06-23 09:39:37,555.75,1084378
2021-06-23 09:39:38,555.85,1084461
2021-06-23 09:39:39,555.75,1084464
2021-06-23 09:39:41,555.85,1084666
2021-06-23 09:39:42,555.85,1085398
2021-06-23 09:39:43,555.85,1085697
2021-06-23 09:39:44,555.75,1085711
2021-06-23 09:39:45,555.75,1085823
2021-06-23 09:39:46,555.85,1085860
2021-06-23 09:39:47,555.75,1085920
2021-06-23 09:39:48,555.75,1086106
2021-06-23 09:39:49,555.85,1086195
2021-06-23 09:39:50,555.75,1086201
2021-06-23 09:39:51,555.75,1086312
2021-06-23 09:39:52,555.85,1086335
2021-06-23 09:39:53,555.75,1086403
2021-06-23 09:39:55,555.6,1090723
2021-06-23 09:39:56,555.6,1090771
2021-06-23 09:39:57,555.6,1090900
2021-06-23 09:39:58,555.55,1090954
2021-06-23 09:39:59,555.6,1091118
2021-06-23 09:40:00,555.6,1091119
2021-06-23 09:40:01,555.55,1091162
2021-06-23 09:40:02,555.55,1091201
2021-06-23 09:40:04,555.6,1091226
2021-06-23 09:40:05,555.6,1091404
2021-06-23 09:40:06,555.55,1091412
2021-06-23 09:40:07,555.55,1091415
2021-06-23 09:40:08,555.55,1091421
2021-06-23 09:40:09,555.6,1091447
2021-06-23 09:40:10,555.6,1092153
2021-06-23 09:40:11,555.55,1092162
2021-06-23 09:40:12,555.55,1092180
2021-06-23 09:40:13,555.55,1092184
2021-06-23 09:40:14,555.55,1092735
2021-06-23 09:40:15,555.6,1092850
2021-06-23 09:40:16,555.6,1092851
2021-06-23 09:40:17,555.6,1092861
2021-06-23 09:40:19,555.5,1092942
2021-06-23 09:40:20,555.5,1093018
2021-06-23 09:40:21,555.6,1093335
2021-06-23 09:40:23,555.6,1094019
2021-06-23 09:40:24,555.5,1094079
2021-06-23 09:40:25,555.5,1094256
2021-06-23 09:40:27,555.5,1094580
2021-06-23 09:40:28,555.5,1094591
2021-06-23 09:40:29,555.6,1094594
2021-06-23 09:40:30,555.5,1094664
2021-06-23 09:40:31,555.5,1094678
2021-06-23 09:40:33,555.5,1094908
2021-06-23 09:40:32,555.5,1094870
2021-06-23 09:40:34,555.5,1094942
2021-06-23 09:40:35,555.5,1094950
2021-06-23 09:40:36,555.5,1095008
2021-06-23 09:40:37,555.5,1095130
2021-06-23 09:40:38,555.6,1095189
2021-06-23 09:40:39,555.55,1095246
2021-06-23 09:40:40,555.6,1095294
2021-06-23 09:40:41,555.6,1095294
2021-06-23 09:40:43,555.55,1095592
2021-06-23 09:40:44,555.55,1095604
2021-06-23 09:40:45,555.55,1095607
2021-06-23 09:40:46,555.6,1095756
2021-06-23 09:40:47,555.55,1095818
2021-06-23 09:40:48,555.6,1095843
2021-06-23 09:40:49,555.55,1096426
2021-06-23 09:40:50,555.6,1096593
2021-06-23 09:40:51,555.55,1097289
2021-06-23 09:40:52,555.6,1097433
2021-06-23 09:40:53,555.55,1097447
2021-06-23 09:40:54,555.6,1097469
2021-06-23 09:40:55,555.55,1097476
2021-06-23 09:40:56,555.6,1097557
2021-06-23 09:40:57,555.55,1097608
2021-06-23 09:40:58,555.6,1097622
2021-06-23 09:40:59,555.6,1097677
2021-06-23 09:41:00,555.6,1097867
2021-06-23 09:41:01,555.6,1097867
2021-06-23 09:41:02,555.6,1097905
2021-06-23 09:41:03,555.6,1097920
2021-06-23 09:41:04,555.6,1098420
2021-06-23 09:41:05,555.55,1098550
2021-06-23 09:41:06,555.6,1098580
2021-06-23 09:41:07,555.55,1098606
2021-06-23 09:41:08,555.6,1098616
2021-06-23 09:41:10,555.55,1098843
2021-06-23 09:41:11,555.55,1098894
2021-06-23 09:41:12,555.6,1099554
2021-06-23 09:41:13,555.6,1099554
2021-06-23 09:41:14,555.6,1099555
2021-06-23 09:41:15,555.55,1099663
2021-06-23 09:41:16,555.55,1099685
2021-06-23 09:41:17,555.6,1099933
2021-06-23 09:41:18,555.55,1100344
2021-06-23 09:41:19,555.55,1100395
2021-06-23 09:41:20,555.55,1100407
2021-06-23 09:41:21,555.5,1100413
2021-06-23 09:41:22,555.5,1100615
2021-06-23 09:41:23,555.6,1100843
2021-06-23 09:41:26,555.55,1101092
2021-06-23 09:41:26,555.55,1101092
2021-06-23 09:41:27,555.5,1101803
2021-06-23 09:41:28,555.55,1102509
2021-06-23 09:41:29,555.5,1102517
2021-06-23 09:41:30,555.5,1102593
2021-06-23 09:41:32,555.55,1102799
2021-06-23 09:41:32,555.5,1102849
2021-06-23 09:41:33,555.55,1102969
2021-06-23 09:41:34,555.55,1102994
2021-06-23 09:41:35,555.55,1103279
2021-06-23 09:41:36,555.55,1103279
2021-06-23 09:41:37,555.55,1103279
2021-06-23 09:41:38,555.5,1103325
2021-06-23 09:41:39,555.55,1103665
2021-06-23 09:41:41,555.5,1103675
2021-06-23 09:41:41,555.55,1103683
2021-06-23 09:41:42,555.55,1103686
2021-06-23 09:41:43,555.5,1104000
2021-06-23 09:41:45,555.5,1104063
2021-06-23 09:41:45,555.5,1104076
2021-06-23 09:41:46,555.55,1104088
2021-06-23 09:41:47,555.5,1104199
2021-06-23 09:41:48,555.55,1104262
2021-06-23 09:41:49,555.5,1104266
2021-06-23 09:41:50,555.5,1104324
2021-06-23 09:41:51,555.55,1104343
2021-06-23 09:41:52,555.55,1104393
2021-06-23 09:41:53,555.55,1104393
2021-06-23 09:41:55,555.5,1104532
2021-06-23 09:41:56,555.55,1104673
2021-06-23 09:41:57,555.5,1104774
2021-06-23 09:41:57,555.5,1104794
2021-06-23 09:41:59,555.5,1104798
2021-06-23 09:41:59,555.5,1104799
2021-06-23 09:42:00,555.55,1104809
2021-06-23 09:42:01,555.5,1104811
2021-06-23 09:42:02,555.5,1104816
2021-06-23 09:42:03,555.5,1104817
2021-06-23 09:42:04,555.5,1104853
2021-06-23 09:42:05,555.5,1104861
2021-06-23 09:42:06,555.5,1104886
2021-06-23 09:42:08,555.5,1105119
2021-06-23 09:42:08,555.5,1105080
2021-06-23 09:42:09,555.55,1105242
2021-06-23 09:42:10,555.55,1105390
2021-06-23 09:42:11,555.5,1105455
2021-06-23 09:42:12,555.55,1105670
2021-06-23 09:42:14,555.55,1105890
2021-06-23 09:42:14,555.55,1105890
2021-06-23 09:42:15,555.5,1106632
2021-06-23 09:42:17,555.5,1106829
2021-06-23 09:42:18,555.5,1106836
2021-06-23 09:42:19,555.55,1107677
2021-06-23 09:42:20,555.55,1107782
2021-06-23 09:42:21,555.55,1108038
2021-06-23 09:42:22,555.55,1108058
2021-06-23 09:42:24,555.55,1108287
2021-06-23 09:42:25,555.5,1108308
2021-06-23 09:42:26,555.5,1108333
2021-06-23 09:42:27,555.55,1108352
2021-06-23 09:42:28,555.5,1108385
2021-06-23 09:42:29,555.5,1108426
2021-06-23 09:42:31,555.5,1108444
2021-06-23 09:42:31,555.55,1113294
2021-06-23 09:42:33,555.55,1113325
2021-06-23 09:42:33,555.55,1113327
2021-06-23 09:42:35,555.55,1114037
2021-06-23 09:42:36,555.55,1114037
2021-06-23 09:42:36,555.55,1114038
2021-06-23 09:42:38,555.5,1114461
2021-06-23 09:42:38,555.5,1114546
2021-06-23 09:42:40,555.5,1114592
2021-06-23 09:42:40,555.5,1114584
2021-06-23 09:42:41,555.5,1114594
2021-06-23 09:42:42,555.55,1114694
2021-06-23 09:42:43,555.55,1114724
2021-06-23 09:42:44,555.55,1115041
2021-06-23 09:42:45,555.5,1115093
2021-06-23 09:42:46,555.5,1115759
2021-06-23 09:42:48,555.45,1115763
2021-06-23 09:42:48,555.45,1115766
2021-06-23 09:42:49,555.45,1115767
2021-06-23 09:42:51,555.45,1116291
2021-06-23 09:42:51,555.45,1116204
2021-06-23 09:42:52,555.45,1116319
2021-06-23 09:42:53,555.35,1119518
2021-06-23 09:42:54,555.6,1124776
2021-06-23 09:42:55,555.55,1124783
2021-06-23 09:42:56,555.55,1124783
2021-06-23 09:42:57,555.55,1124784
2021-06-23 09:42:58,555.6,1124794
2021-06-23 09:42:59,555.6,1124794
2021-06-23 09:43:00,555.6,1124892
2021-06-23 09:43:02,555.6,1124892
2021-06-23 09:43:03,555.5,1125153
2021-06-23 09:43:05,555.6,1125215
2021-06-23 09:43:05,555.6,1125215
2021-06-23 09:43:06,555.6,1125220
2021-06-23 09:43:07,555.7,1128340
2021-06-23 09:43:08,555.7,1128340
2021-06-23 09:43:09,555.6,1128385
2021-06-23 09:43:10,555.6,1128394
2021-06-23 09:43:11,555.55,1129021
2021-06-23 09:43:13,555.7,1129840
2021-06-23 09:43:13,555.7,1129840
2021-06-23 09:43:14,555.6,1129880
2021-06-23 09:43:15,555.7,1130088
2021-06-23 09:43:16,555.7,1130104
2021-06-23 09:43:17,555.7,1130104
2021-06-23 09:43:18,555.7,1130611
2021-06-23 09:43:19,555.7,1130612
2021-06-23 09:43:20,555.7,1130612
2021-06-23 09:43:22,555.65,1130632
2021-06-23 09:43:22,555.85,1142046
2021-06-23 09:43:23,555.8,1142659
2021-06-23 09:43:24,555.85,1142783
2021-06-23 09:43:25,555.85,1142783
2021-06-23 09:43:26,555.85,1142790
2021-06-23 09:43:27,555.8,1142885
2021-06-23 09:43:28,555.85,1143046
2021-06-23 09:43:30,555.75,1143116
2021-06-23 09:43:31,555.85,1143242
2021-06-23 09:43:32,555.85,1143243
2021-06-23 09:43:33,555.7,1143343
2021-06-23 09:43:34,555.75,1143363
2021-06-23 09:43:35,555.85,1143372
2021-06-23 09:43:36,555.7,1143472
2021-06-23 09:43:37,555.7,1143550
2021-06-23 09:43:38,555.7,1145750
2021-06-23 09:43:39,555.85,1146210
2021-06-23 09:43:40,556.2,1152191
2021-06-23 09:43:41,556.2,1152291
2021-06-23 09:43:42,556.0,1152541
2021-06-23 09:43:43,556.2,1152593
2021-06-23 09:43:44,556.2,1152604
2021-06-23 09:43:44,556.2,1152614
2021-06-23 09:43:45,556.05,1152620
2021-06-23 09:43:47,556.2,1152846
2021-06-23 09:43:47,556.2,1152746
2021-06-23 09:43:48,556.2,1152866
2021-06-23 09:43:49,556.2,1152866
2021-06-23 09:43:50,556.2,1153254
2021-06-23 09:43:51,556.2,1153262
2021-06-23 09:43:52,556.2,1153275
2021-06-23 09:43:53,556.1,1153526
2021-06-23 09:43:54,556.2,1153633
2021-06-23 09:43:55,556.2,1154048
2021-06-23 09:43:57,556.2,1154153
2021-06-23 09:43:58,556.1,1154240
2021-06-23 09:43:59,556.25,1154352
2021-06-23 09:44:00,556.25,1154375
2021-06-23 09:44:01,556.1,1154517
2021-06-23 09:44:02,556.1,1154616
2021-06-23 09:44:03,556.3,1154638
2021-06-23 09:44:04,556.2,1154828
2021-06-23 09:44:05,556.3,1154896
2021-06-23 09:44:06,556.4,1155043
2021-06-23 09:44:06,556.4,1155168
2021-06-23 09:44:09,556.35,1156909
2021-06-23 09:44:10,556.5,1157413
2021-06-23 09:44:11,556.5,1157433
2021-06-23 09:44:12,556.5,1157933
2021-06-23 09:44:14,556.5,1158117
2021-06-23 09:44:15,556.5,1158247
2021-06-23 09:44:16,556.5,1158251
2021-06-23 09:44:17,556.5,1158445
2021-06-23 09:44:17,556.5,1158521
2021-06-23 09:44:18,556.4,1159610
2021-06-23 09:44:19,556.6,1159847
2021-06-23 09:44:21,556.65,1159946
2021-06-23 09:44:22,556.5,1159947
2021-06-23 09:44:23,556.65,1160268
2021-06-23 09:44:24,556.65,1160352
2021-06-23 09:44:24,556.65,1160352
2021-06-23 09:44:25,556.5,1160364
2021-06-23 09:44:26,556.5,1160367
2021-06-23 09:44:27,556.65,1160507
2021-06-23 09:44:28,556.5,1161104
2021-06-23 09:44:29,556.6,1161284
2021-06-23 09:44:30,556.5,1161354
2021-06-23 09:44:32,556.65,1161450
2021-06-23 09:44:33,556.7,1162965
2021-06-23 09:44:34,556.7,1162965
2021-06-23 09:44:36,556.65,1163483
2021-06-23 09:44:38,556.6,1163560
2021-06-23 09:44:39,556.6,1164337
2021-06-23 09:44:40,556.6,1164607
2021-06-23 09:44:41,556.65,1164761
2021-06-23 09:44:42,556.65,1164880
2021-06-23 09:44:42,556.65,1164880
2021-06-23 09:44:43,556.65,1165017
2021-06-23 09:44:44,556.7,1165218
2021-06-23 09:44:45,556.6,1165318
2021-06-23 09:44:46,556.6,1165848
2021-06-23 09:44:47,556.65,1165979
2021-06-23 09:44:49,556.75,1167041
2021-06-23 09:44:52,556.65,1171217
2021-06-23 09:44:54,556.65,1171217
2021-06-23 09:44:55,556.6,1173903
2021-06-23 09:44:56,556.65,1174723
2021-06-23 09:44:58,556.6,1174761
2021-06-23 09:44:59,556.6,1174874
2021-06-23 09:44:59,556.6,1174874
2021-06-23 09:45:00,556.5,1175179
2021-06-23 09:45:01,556.6,1175390
2021-06-23 09:45:03,556.5,1175400
2021-06-23 09:45:04,556.6,1175414
2021-06-23 09:45:05,556.5,1176180
2021-06-23 09:45:06,556.6,1176624
2021-06-23 09:45:07,556.5,1176791
2021-06-23 09:45:08,556.5,1177503
2021-06-23 09:45:09,556.5,1177952
2021-06-23 09:45:10,556.45,1178002
2021-06-23 09:45:11,556.5,1178052
2021-06-23 09:45:12,556.3,1179188
2021-06-23 09:45:13,556.25,1179416
2021-06-23 09:45:14,556.25,1180180
2021-06-23 09:45:14,556.25,1180333
2021-06-23 09:45:15,556.2,1180334
2021-06-23 09:45:16,556.2,1180334
2021-06-23 09:45:17,556.2,1182937
2021-06-23 09:45:18,556.15,1183159
2021-06-23 09:45:19,556.15,1183205
2021-06-23 09:45:21,556.05,1183300
2021-06-23 09:45:21,556.05,1183319
2021-06-23 09:45:22,556.15,1183475
2021-06-23 09:45:27,556.15,1185282
2021-06-23 09:45:33,556.2,1186346
2021-06-23 09:45:39,556.25,1186671
2021-06-23 09:45:44,556.25,1187755
2021-06-23 09:45:50,556.25,1187932
2021-06-23 09:45:55,556.2,1188024
2021-06-23 09:46:00,556.2,1188392
2021-06-23 09:46:05,556.1,1188749
2021-06-23 09:46:11,556.15,1189084
2021-06-23 09:46:16,556.2,1189527
2021-06-23 09:46:21,556.2,1190226
2021-06-23 09:46:26,556.05,1190941
2021-06-23 09:46:37,556.0,1192607
2021-06-23 09:46:42,556.0,1192947
2021-06-23 09:46:47,556.0,1193569
2021-06-23 09:46:52,556.0,1194276
2021-06-23 09:46:57,556.0,1195446
2021-06-23 09:47:02,556.05,1196192
2021-06-23 09:47:08,555.95,1201520
2021-06-23 09:47:13,556.0,1207001
2021-06-23 09:47:19,556.0,1207801
2021-06-23 09:47:24,556.0,1209958
2021-06-23 09:47:28,555.85,1210004
2021-06-23 09:47:33,555.85,1211020
2021-06-23 09:47:38,555.7,1211486
2021-06-23 09:47:43,555.75,1212200
2021-06-23 09:47:49,555.65,1215088
2021-06-23 09:47:54,555.75,1215779
2021-06-23 09:48:00,555.75,1217289
2021-06-23 09:48:05,555.7,1217603
2021-06-23 09:48:10,555.6,1218512
2021-06-23 09:48:14,555.6,1218522
2021-06-23 09:48:19,555.75,1224265
2021-06-23 09:48:24,555.85,1227065
2021-06-23 09:48:30,555.85,1227101
2021-06-23 09:48:35,555.75,1228102
2021-06-23 09:48:40,555.8,1229353
2021-06-23 09:48:45,555.8,1229714
2021-06-23 09:48:50,555.8,1229831
2021-06-23 09:48:56,555.65,1230170
2021-06-23 09:49:01,555.7,1232324
2021-06-23 09:49:06,555.9,1233399
2021-06-23 09:49:11,555.85,1239178
2021-06-23 09:49:16,555.85,1241826
2021-06-23 09:49:21,555.75,1243106
2021-06-23 09:49:26,555.75,1243732
2021-06-23 09:49:31,556.0,1244210
2021-06-23 09:49:37,555.95,1244675
2021-06-23 09:49:41,555.95,1244911
2021-06-23 09:49:46,555.95,1245096
2021-06-23 09:49:51,555.95,1245373
2021-06-23 09:49:56,555.95,1245822
2021-06-23 09:50:01,555.9,1246061
2021-06-23 09:50:06,555.9,1246905
2021-06-23 09:50:11,555.9,1247403
2021-06-23 09:50:16,555.85,1248031
2021-06-23 09:50:21,555.9,1248365
2021-06-23 09:50:26,555.85,1248478
2021-06-23 09:50:31,555.8,1248734
2021-06-23 09:50:36,555.8,1249339
2021-06-23 09:50:40,555.7,1253742
2021-06-23 09:50:45,555.7,1256063
2021-06-23 09:50:49,555.55,1257376
2021-06-23 09:50:54,555.35,1259911
2021-06-23 09:50:59,555.2,1261919
2021-06-23 09:51:03,555.2,1262885
2021-06-23 09:51:08,555.0,1267516
2021-06-23 09:51:12,555.0,1269305
2021-06-23 09:51:17,554.9,1272205
2021-06-23 09:51:22,554.9,1272643
2021-06-23 09:51:26,554.85,1277885
2021-06-23 09:51:30,554.6,1278262
2021-06-23 09:51:35,554.55,1278579
2021-06-23 09:51:39,554.6,1279204
2021-06-23 09:51:44,554.55,1279791
2021-06-23 09:51:49,554.6,1281608
2021-06-23 09:51:53,554.45,1283824
2021-06-23 09:51:58,554.35,1284995
2021-06-23 09:52:03,554.4,1288132
2021-06-23 09:52:08,554.4,1289049
2021-06-23 09:52:13,554.35,1290531
2021-06-23 09:52:18,554.35,1290999
2021-06-23 09:52:22,554.25,1292098
2021-06-23 09:52:26,554.1,1292532
2021-06-23 09:52:31,554.1,1293566
2021-06-23 09:52:35,554.2,1293921
2021-06-23 09:52:40,554.1,1295302
2021-06-23 09:52:45,554.1,1295578
2021-06-23 09:52:50,554.1,1297077
2021-06-23 09:52:55,554.1,1297712
2021-06-23 09:53:00,554.1,1299163
2021-06-23 09:53:05,554.2,1299742
2021-06-23 09:53:15,554.1,1301901
2021-06-23 09:53:20,554.1,1302792
2021-06-23 09:53:25,554.2,1303774
2021-06-23 09:53:30,554.2,1305607
2021-06-23 09:53:34,554.2,1305633
2021-06-23 09:53:39,554.2,1305805
2021-06-23 09:53:44,554.15,1307571
2021-06-23 09:53:48,554.25,1308911
2021-06-23 09:53:53,554.25,1309743
2021-06-23 09:53:58,554.25,1309834
2021-06-23 09:54:04,554.2,1310702
2021-06-23 09:54:14,554.15,1311210
2021-06-23 09:54:19,554.15,1311651
2021-06-23 09:54:24,554.2,1312130
2021-06-23 09:54:29,554.2,1312303
2021-06-23 09:54:34,554.15,1312838
2021-06-23 09:54:39,554.15,1313715
2021-06-23 09:54:44,554.15,1315516
2021-06-23 09:54:49,554.15,1316071
2021-06-23 09:54:54,554.0,1324898
2021-06-23 09:54:58,554.0,1327681
2021-06-23 09:55:03,554.05,1329713
2021-06-23 09:55:08,554.05,1329999
2021-06-23 09:55:14,554.0,1330971
2021-06-23 09:55:19,554.0,1331738
2021-06-23 09:55:24,554.05,1332825
2021-06-23 09:55:29,554.0,1337991
2021-06-23 09:55:34,553.85,1340393
2021-06-23 09:55:39,553.65,1342685
2021-06-23 09:55:44,553.5,1346229
2021-06-23 09:55:49,553.55,1347439
2021-06-23 09:55:54,553.5,1351128
2021-06-23 09:56:00,553.55,1355575
2021-06-23 09:56:05,553.5,1373669
2021-06-23 09:56:10,553.45,1378177
2021-06-23 09:56:16,553.45,1379467
2021-06-23 09:56:21,553.35,1380967
2021-06-23 09:56:26,553.45,1383375
2021-06-23 09:56:31,553.45,1385647
2021-06-23 09:56:37,553.25,1389504
2021-06-23 09:56:43,553.1,1391748
2021-06-23 09:56:48,553.1,1392458
2021-06-23 09:56:53,553.0,1396546
2021-06-23 09:56:58,553.0,1397703
2021-06-23 09:57:03,553.8,1408896
2021-06-23 09:57:08,553.75,1409344
2021-06-23 09:57:13,553.65,1411313
2021-06-23 09:57:18,553.45,1413506
2021-06-23 09:57:23,553.5,1416111
2021-06-23 09:57:28,553.55,1418751
2021-06-23 09:57:33,553.55,1419688
2021-06-23 09:57:39,553.7,1419848
2021-06-23 09:57:44,553.65,1420127
2021-06-23 09:57:49,553.7,1423510
2021-06-23 09:57:53,553.55,1424355
2021-06-23 09:57:58,553.75,1425355
2021-06-23 09:58:03,553.7,1425498
2021-06-23 09:58:07,553.75,1426786
2021-06-23 09:58:12,553.55,1428075
2021-06-23 09:58:17,553.75,1428872
2021-06-23 09:58:22,553.85,1430809
2021-06-23 09:58:27,554.0,1433104
2021-06-23 09:58:32,553.95,1433470
2021-06-23 09:58:38,553.95,1433902
2021-06-23 09:58:43,553.85,1435336
2021-06-23 09:58:47,553.95,1435633
2021-06-23 09:58:52,553.85,1436264
2021-06-23 09:58:57,553.85,1436752
2021-06-23 09:59:05,553.85,1437913
2021-06-23 09:59:11,553.85,1438210
2021-06-23 09:59:15,553.85,1438258
2021-06-23 09:59:20,553.8,1438880
2021-06-23 09:59:25,553.8,1439684
2021-06-23 09:59:30,553.75,1440485
2021-06-23 09:59:34,553.75,1440643
2021-06-23 09:59:39,553.8,1441009
2021-06-23 09:59:43,553.8,1443239
2021-06-23 09:59:48,553.8,1443316
2021-06-23 09:59:52,553.75,1443632
2021-06-23 09:59:57,553.8,1444523
2021-06-23 10:00:01,553.75,1447008
2021-06-23 10:00:06,553.75,1448981
2021-06-23 10:00:10,553.65,1451055
2021-06-23 10:00:15,553.7,1451623
2021-06-23 10:00:21,553.7,1452440
2021-06-23 10:00:23,553.7,1452463
2021-06-23 10:00:25,553.7,1452493
2021-06-23 10:00:26,553.7,1452495
2021-06-23 10:00:27,553.7,1452495
2021-06-23 10:00:28,553.7,1452805
2021-06-23 10:00:29,553.55,1452900
2021-06-23 10:00:30,553.55,1452914
2021-06-23 10:00:31,553.55,1453032
2021-06-23 10:00:32,553.55,1453050
2021-06-23 10:00:32,553.55,1453050
2021-06-23 10:00:34,553.55,1455291
2021-06-23 10:00:36,553.5,1456563
2021-06-23 10:00:37,553.7,1456698
2021-06-23 10:00:38,553.7,1456698
2021-06-23 10:00:39,553.5,1456706
2021-06-23 10:00:40,553.5,1456736
2021-06-23 10:00:41,553.65,1456776
2021-06-23 10:00:43,553.65,1456927
2021-06-23 10:00:45,553.65,1457082
2021-06-23 10:00:46,553.65,1457112
2021-06-23 10:00:47,553.5,1457132
2021-06-23 10:00:48,553.65,1457153
2021-06-23 10:00:49,553.65,1457268
2021-06-23 10:00:50,553.5,1457529
2021-06-23 10:00:51,553.65,1457570
2021-06-23 10:00:52,553.65,1457611
2021-06-23 10:00:53,553.5,1457621
2021-06-23 10:00:54,553.5,1457777
2021-06-23 10:00:55,553.6,1457805
2021-06-23 10:00:57,553.5,1457951
2021-06-23 10:00:56,553.5,1457932
2021-06-23 10:00:59,553.4,1459050
2021-06-23 10:01:00,553.4,1459244
2021-06-23 10:01:01,553.3,1459574
2021-06-23 10:01:02,553.3,1459811
2021-06-23 10:01:03,553.4,1459857
2021-06-23 10:01:04,553.4,1459870
2021-06-23 10:01:05,553.35,1460345
2021-06-23 10:01:06,553.25,1461235
2021-06-23 10:01:07,553.25,1461576
2021-06-23 10:01:08,553.3,1461648
2021-06-23 10:01:09,553.3,1461670
2021-06-23 10:01:10,553.3,1461674
2021-06-23 10:01:11,553.3,1461675
2021-06-23 10:01:12,553.5,1462016
2021-06-23 10:01:13,553.25,1462445
2021-06-23 10:01:14,553.25,1462507
2021-06-23 10:01:15,553.15,1464053
2021-06-23 10:01:16,553.15,1464285
2021-06-23 10:01:17,553.15,1464319
2021-06-23 10:01:18,553.1,1464674
2021-06-23 10:01:19,553.1,1464712
2021-06-23 10:01:22,553.05,1465062
2021-06-23 10:01:21,553.05,1465055
2021-06-23 10:01:24,553.1,1467528
2021-06-23 10:01:25,553.05,1468643
2021-06-23 10:01:26,553.25,1470243
2021-06-23 10:01:27,553.1,1470334
2021-06-23 10:01:28,553.1,1470429
2021-06-23 10:01:29,553.25,1470469
2021-06-23 10:01:30,553.1,1471487
2021-06-23 10:01:31,553.25,1471650
2021-06-23 10:01:32,553.1,1471652
2021-06-23 10:01:33,553.1,1471726
2021-06-23 10:01:34,553.1,1471985
2021-06-23 10:01:35,553.1,1472017
2021-06-23 10:01:36,553.1,1472069
2021-06-23 10:01:37,553.25,1472499
2021-06-23 10:01:38,553.25,1472499
2021-06-23 10:01:39,553.05,1472666
2021-06-23 10:01:40,553.25,1472744
2021-06-23 10:01:41,553.1,1473136
2021-06-23 10:01:42,553.1,1473196
2021-06-23 10:01:43,553.1,1473205
2021-06-23 10:01:44,553.1,1473754
2021-06-23 10:01:45,553.1,1473887
2021-06-23 10:01:46,553.1,1473992
2021-06-23 10:01:47,553.25,1474027
2021-06-23 10:01:48,553.25,1474027
2021-06-23 10:01:49,553.1,1474078
2021-06-23 10:01:50,553.1,1474085
2021-06-23 10:01:51,553.25,1474138
2021-06-23 10:01:52,553.2,1474289
2021-06-23 10:01:53,553.1,1474458
2021-06-23 10:01:54,553.2,1474501
2021-06-23 10:01:55,553.2,1475056
2021-06-23 10:01:56,553.1,1475072
2021-06-23 10:01:57,553.1,1475082
2021-06-23 10:01:58,553.1,1475084
2021-06-23 10:01:59,553.2,1475086
2021-06-23 10:02:00,553.1,1475352
2021-06-23 10:02:01,553.1,1475672
2021-06-23 10:02:03,553.15,1477837
2021-06-23 10:02:04,553.15,1477837
2021-06-23 10:02:05,553.15,1477943
2021-06-23 10:02:06,553.1,1477944
2021-06-23 10:02:07,553.1,1477959
2021-06-23 10:02:08,553.1,1479662
2021-06-23 10:02:09,553.1,1480158
2021-06-23 10:02:10,553.2,1480333
2021-06-23 10:02:11,553.1,1480470
2021-06-23 10:02:12,553.2,1481041
2021-06-23 10:02:13,553.2,1481251
2021-06-23 10:02:14,553.2,1481270
2021-06-23 10:02:15,553.2,1481277
2021-06-23 10:02:16,553.1,1481375
2021-06-23 10:02:17,553.1,1481394
2021-06-23 10:02:18,553.1,1485962
2021-06-23 10:02:19,553.05,1487006
2021-06-23 10:02:20,553.05,1487038
2021-06-23 10:02:21,553.05,1487054
2021-06-23 10:02:22,553.05,1487204
2021-06-23 10:02:23,553.0,1487258
2021-06-23 10:02:24,553.05,1487269
2021-06-23 10:02:25,553.05,1487269
2021-06-23 10:02:26,553.05,1487298
2021-06-23 10:02:28,553.05,1487434
2021-06-23 10:02:29,553.0,1487462
2021-06-23 10:02:30,553.0,1487537
2021-06-23 10:02:31,553.05,1487630
2021-06-23 10:02:32,553.05,1489336
2021-06-23 10:02:33,553.05,1489801
2021-06-23 10:02:34,553.05,1489920
2021-06-23 10:02:35,553.05,1489992
2021-06-23 10:02:36,553.05,1490002
2021-06-23 10:02:37,552.3,1509761
2021-06-23 10:02:38,552.0,1515168
2021-06-23 10:02:39,552.1,1519372
2021-06-23 10:02:40,552.1,1522104
2021-06-23 10:02:42,552.05,1524320
2021-06-23 10:02:42,552.05,1525410
2021-06-23 10:02:43,552.5,1527573
2021-06-23 10:02:44,551.85,1534594
2021-06-23 10:02:45,552.15,1539113
2021-06-23 10:02:46,552.15,1539250
2021-06-23 10:02:49,551.85,1541127
2021-06-23 10:02:50,552.15,1542382
2021-06-23 10:02:51,551.8,1544110
2021-06-23 10:02:52,551.75,1544498
2021-06-23 10:02:53,551.75,1544501
2021-06-23 10:02:54,551.85,1546403
2021-06-23 10:02:55,551.75,1547553
2021-06-23 10:02:56,551.65,1548422
2021-06-23 10:02:57,551.7,1548726
2021-06-23 10:02:58,551.6,1549426
2021-06-23 10:02:59,551.55,1550486
2021-06-23 10:03:00,551.55,1552202
2021-06-23 10:03:01,551.7,1554887
2021-06-23 10:03:03,551.55,1559335
2021-06-23 10:03:04,551.5,1560969
2021-06-23 10:03:05,551.0,1573917
2021-06-23 10:03:06,551.0,1577003
2021-06-23 10:03:07,551.0,1581364
2021-06-23 10:03:09,550.8,1584904
2021-06-23 10:03:10,550.8,1587802
2021-06-23 10:03:11,550.8,1589096
2021-06-23 10:03:12,550.95,1590069
2021-06-23 10:03:14,550.85,1594986
2021-06-23 10:03:16,551.0,1595542
2021-06-23 10:03:17,550.9,1596815
2021-06-23 10:03:18,550.65,1600897
2021-06-23 10:03:19,550.65,1605453
2021-06-23 10:03:20,550.6,1608727
2021-06-23 10:03:21,550.4,1616539
2021-06-23 10:03:25,550.35,1624986
2021-06-23 10:03:26,550.4,1625737
2021-06-23 10:03:27,550.4,1630018
2021-06-23 10:03:28,550.3,1632653
2021-06-23 10:03:29,550.35,1633887
2021-06-23 10:03:30,550.0,1654673
2021-06-23 10:03:32,550.0,1670412
2021-06-23 10:03:34,549.85,1676317
2021-06-23 10:03:34,549.85,1676317
2021-06-23 10:03:35,549.85,1678219
2021-06-23 10:03:36,549.85,1679079
2021-06-23 10:03:37,550.25,1684791
2021-06-23 10:03:38,550.25,1684950
2021-06-23 10:03:39,549.95,1687130
2021-06-23 10:03:42,550.05,1691775
2021-06-23 10:03:44,550.05,1692760
2021-06-23 10:03:44,550.0,1693415
2021-06-23 10:03:46,550.0,1693698
2021-06-23 10:03:46,550.15,1694077
2021-06-23 10:03:47,550.15,1695016
2021-06-23 10:03:48,550.05,1695242
2021-06-23 10:03:49,550.05,1695459
2021-06-23 10:03:50,550.1,1695796
2021-06-23 10:03:51,550.1,1696973
2021-06-23 10:03:52,550.05,1697121
2021-06-23 10:03:53,550.0,1698560
2021-06-23 10:03:55,550.05,1699861
2021-06-23 10:03:55,550.05,1699879
2021-06-23 10:03:56,550.1,1700403
2021-06-23 10:03:57,550.1,1700710
2021-06-23 10:03:58,550.1,1700882
2021-06-23 10:03:59,550.1,1700970
2021-06-23 10:04:00,550.05,1701464
2021-06-23 10:04:01,550.0,1703280
2021-06-23 10:04:02,550.05,1704054
2021-06-23 10:04:03,550.0,1706810
2021-06-23 10:04:04,549.95,1707534
2021-06-23 10:04:05,549.95,1708102
2021-06-23 10:04:06,550.0,1709024
2021-06-23 10:04:07,549.85,1710776
2021-06-23 10:04:09,549.85,1712257
2021-06-23 10:04:09,549.95,1716159
2021-06-23 10:04:11,549.95,1717312
2021-06-23 10:04:12,549.9,1717645
2021-06-23 10:04:13,549.95,1718007
2021-06-23 10:04:16,549.9,1720640
2021-06-23 10:04:18,549.9,1722429
2021-06-23 10:04:20,549.9,1722970
2021-06-23 10:04:22,549.9,1726422
2021-06-23 10:04:22,549.9,1726422
2021-06-23 10:04:23,549.9,1728187
2021-06-23 10:04:24,549.85,1728327
2021-06-23 10:04:25,549.85,1728531
2021-06-23 10:04:26,549.8,1728784
2021-06-23 10:04:27,549.75,1731068
2021-06-23 10:04:28,549.75,1731465
2021-06-23 10:04:30,549.75,1732389
2021-06-23 10:04:30,549.75,1732389
2021-06-23 10:04:31,549.75,1732395
2021-06-23 10:04:32,549.75,1732527
2021-06-23 10:04:33,549.7,1732813
2021-06-23 10:04:34,549.7,1733032
2021-06-23 10:04:35,549.75,1733585
2021-06-23 10:04:36,549.75,1734113
2021-06-23 10:04:37,549.75,1734754
2021-06-23 10:04:39,549.65,1735358
2021-06-23 10:04:39,549.75,1735728
2021-06-23 10:04:40,549.75,1736027
2021-06-23 10:04:42,549.8,1738004
2021-06-23 10:04:43,549.75,1738537
2021-06-23 10:04:44,549.75,1739770
2021-06-23 10:04:45,549.75,1740485
2021-06-23 10:04:46,549.85,1741049
2021-06-23 10:04:47,549.8,1741094
2021-06-23 10:04:48,549.85,1741340
2021-06-23 10:04:49,549.85,1741387
2021-06-23 10:04:51,549.85,1741433
2021-06-23 10:04:53,549.85,1741767
2021-06-23 10:04:54,549.85,1743481
2021-06-23 10:04:54,549.85,1743481
2021-06-23 10:04:55,549.85,1743578
2021-06-23 10:04:56,549.85,1743732
2021-06-23 10:04:57,549.85,1744237
2021-06-23 10:04:58,549.8,1744442
2021-06-23 10:04:59,549.8,1744621
2021-06-23 10:05:00,549.8,1744835
2021-06-23 10:05:01,549.8,1745115
2021-06-23 10:05:02,549.7,1745174
2021-06-23 10:05:03,549.7,1745340
2021-06-23 10:05:04,549.65,1745729
2021-06-23 10:05:05,549.7,1746414
2021-06-23 10:05:06,549.65,1747539
2021-06-23 10:05:07,549.65,1747612
2021-06-23 10:05:09,549.55,1748321
2021-06-23 10:05:10,549.55,1748382
2021-06-23 10:05:11,549.55,1749706
2021-06-23 10:05:12,549.5,1750317
2021-06-23 10:05:12,549.55,1750651
2021-06-23 10:05:13,549.55,1750661
2021-06-23 10:05:14,549.55,1750903
2021-06-23 10:05:16,549.6,1753178
2021-06-23 10:05:18,549.6,1753396
2021-06-23 10:05:18,549.65,1753779
2021-06-23 10:05:19,549.75,1754077
2021-06-23 10:05:20,549.7,1754948
2021-06-23 10:05:21,549.7,1754993
2021-06-23 10:05:22,549.7,1755004
2021-06-23 10:05:24,549.7,1755939
2021-06-23 10:05:25,549.65,1756117
2021-06-23 10:05:26,549.65,1756431
2021-06-23 10:05:26,549.65,1756416
2021-06-23 10:05:27,549.65,1756792
2021-06-23 10:05:29,549.75,1759886
2021-06-23 10:05:30,549.8,1761561
2021-06-23 10:05:31,549.8,1761565
2021-06-23 10:05:32,549.8,1762975
2021-06-23 10:05:33,549.8,1763107
2021-06-23 10:05:34,549.8,1763324
2021-06-23 10:05:35,549.85,1765174
2021-06-23 10:05:37,549.8,1765284
2021-06-23 10:05:38,549.8,1765313
2021-06-23 10:05:39,549.85,1765410
2021-06-23 10:05:40,549.9,1766913
2021-06-23 10:05:40,549.85,1766919
2021-06-23 10:05:41,549.9,1767134
2021-06-23 10:05:42,549.9,1767134
2021-06-23 10:05:43,549.9,1767161
2021-06-23 10:05:44,549.9,1767617
2021-06-23 10:05:46,549.9,1767930
2021-06-23 10:05:47,549.9,1768078
2021-06-23 10:05:48,549.9,1768189
2021-06-23 10:05:48,549.9,1768200
2021-06-23 10:05:49,549.9,1768479
2021-06-23 10:05:50,550.2,1769995
2021-06-23 10:05:51,550.2,1770177
2021-06-23 10:05:52,550.2,1770399
2021-06-23 10:05:53,550.2,1770684
2021-06-23 10:05:54,550.4,1771926
2021-06-23 10:05:55,550.4,1772559
2021-06-23 10:05:56,550.45,1774575
2021-06-23 10:05:57,550.45,1775222
2021-06-23 10:05:59,550.5,1777680
2021-06-23 10:06:00,550.5,1777942
2021-06-23 10:06:01,550.5,1778061
2021-06-23 10:06:02,550.5,1778639
2021-06-23 10:06:04,550.5,1779175
2021-06-23 10:06:05,550.6,1779989
2021-06-23 10:06:05,550.6,1780249
2021-06-23 10:06:06,550.75,1780345
2021-06-23 10:06:07,550.75,1780965
2021-06-23 10:06:08,550.75,1781071
2021-06-23 10:06:09,550.6,1781264
2021-06-23 10:06:11,550.5,1781731
2021-06-23 10:06:12,550.55,1782275
2021-06-23 10:06:13,550.6,1784437
2021-06-23 10:06:13,550.6,1785263
2021-06-23 10:06:14,550.75,1786181
2021-06-23 10:06:15,550.75,1786781
2021-06-23 10:06:16,550.75,1787228
2021-06-23 10:06:17,550.75,1787388
2021-06-23 10:06:18,550.75,1787509
2021-06-23 10:06:19,550.75,1788060
2021-06-23 10:06:20,550.75,1789460
2021-06-23 10:06:21,550.65,1789462
2021-06-23 10:06:22,550.7,1789815
2021-06-23 10:06:24,550.7,1791444
2021-06-23 10:06:25,550.7,1791504
2021-06-23 10:06:26,550.7,1791707
2021-06-23 10:06:27,550.75,1792013
2021-06-23 10:06:28,550.65,1792633
2021-06-23 10:06:29,550.75,1792887
2021-06-23 10:06:30,550.7,1793281
2021-06-23 10:06:32,550.7,1793370
2021-06-23 10:06:33,550.65,1794087
2021-06-23 10:06:33,550.7,1794086
2021-06-23 10:06:35,550.7,1796062
2021-06-23 10:06:36,550.7,1796326
2021-06-23 10:06:37,550.7,1796647
2021-06-23 10:06:38,550.7,1797056
2021-06-23 10:06:40,550.6,1797369
2021-06-23 10:06:40,550.7,1798015
2021-06-23 10:06:42,550.7,1798729
2021-06-23 10:06:43,550.65,1798768
2021-06-23 10:06:44,550.65,1799004
2021-06-23 10:06:45,550.6,1799245
2021-06-23 10:06:46,550.65,1799443
2021-06-23 10:06:46,550.6,1799394
2021-06-23 10:06:47,550.65,1799453
2021-06-23 10:06:48,550.6,1800305
2021-06-23 10:06:49,550.6,1800502
2021-06-23 10:06:50,550.5,1800967
2021-06-23 10:06:51,550.5,1801196
2021-06-23 10:06:52,550.5,1802366
2021-06-23 10:06:53,550.45,1803074
2021-06-23 10:06:55,550.5,1803849
2021-06-23 10:06:56,550.45,1803998
2021-06-23 10:06:57,550.45,1804206
2021-06-23 10:06:58,550.45,1804746
2021-06-23 10:06:58,550.45,1804746
2021-06-23 10:06:59,550.55,1804997
2021-06-23 10:07:00,550.4,1805176
2021-06-23 10:07:01,550.45,1805246
2021-06-23 10:07:03,550.55,1805520
2021-06-23 10:07:02,550.5,1805449
2021-06-23 10:07:04,550.5,1805581
2021-06-23 10:07:07,550.55,1805669
2021-06-23 10:07:08,550.55,1805669
2021-06-23 10:07:10,550.55,1805823
2021-06-23 10:07:11,550.55,1805830
2021-06-23 10:07:12,550.55,1806224
2021-06-23 10:07:12,550.6,1806497
2021-06-23 10:07:13,550.6,1806527
2021-06-23 10:07:14,550.6,1806528
2021-06-23 10:07:15,550.55,1806618
2021-06-23 10:07:16,550.55,1806628
2021-06-23 10:07:17,550.55,1806795
2021-06-23 10:07:18,550.5,1806994
2021-06-23 10:07:20,550.55,1807236
2021-06-23 10:07:21,550.5,1807258
2021-06-23 10:07:22,550.4,1810448
2021-06-23 10:07:23,550.4,1810476
2021-06-23 10:07:24,550.4,1811011
2021-06-23 10:07:25,550.4,1811552
2021-06-23 10:07:26,550.4,1811603
2021-06-23 10:07:27,550.35,1811668
2021-06-23 10:07:28,550.2,1811732
2021-06-23 10:07:29,550.2,1811833
2021-06-23 10:07:29,550.35,1811782
2021-06-23 10:07:30,550.2,1812268
2021-06-23 10:07:31,550.35,1812926
2021-06-23 10:07:32,550.25,1812942
2021-06-23 10:07:33,550.1,1813960
2021-06-23 10:07:34,550.1,1815329
2021-06-23 10:07:36,550.1,1815780
2021-06-23 10:07:37,550.0,1815991
2021-06-23 10:07:38,550.0,1816388
2021-06-23 10:07:39,550.05,1816536
2021-06-23 10:07:40,550.0,1816875
2021-06-23 10:07:41,550.0,1817141
2021-06-23 10:07:42,549.9,1817200
2021-06-23 10:07:43,549.9,1817322
2021-06-23 10:07:44,550.05,1817568
2021-06-23 10:07:45,549.9,1818053
2021-06-23 10:07:46,549.9,1818069
2021-06-23 10:07:47,549.9,1818190
2021-06-23 10:07:48,549.9,1818215
2021-06-23 10:07:48,549.9,1818215
2021-06-23 10:07:49,549.9,1818348
2021-06-23 10:07:50,549.85,1819115
2021-06-23 10:07:51,549.9,1819452
2021-06-23 10:07:52,549.9,1819685
2021-06-23 10:07:53,549.9,1819885
2021-06-23 10:07:54,549.9,1820159
2021-06-23 10:07:55,549.9,1820174
2021-06-23 10:07:56,549.85,1820224
2021-06-23 10:07:57,549.8,1820394
2021-06-23 10:07:58,549.9,1820570
2021-06-23 10:07:59,549.9,1820676
2021-06-23 10:08:01,549.9,1820814
2021-06-23 10:08:01,549.9,1820894
2021-06-23 10:08:03,549.9,1821278
2021-06-23 10:08:04,549.9,1822669
2021-06-23 10:08:05,549.85,1823298
2021-06-23 10:08:06,549.85,1823442
2021-06-23 10:08:07,549.85,1823540
2021-06-23 10:08:07,549.8,1823674
2021-06-23 10:08:08,549.8,1823913
2021-06-23 10:08:09,549.75,1824047
2021-06-23 10:08:10,549.7,1824103
2021-06-23 10:08:11,549.75,1824329
2021-06-23 10:08:12,549.75,1824410
2021-06-23 10:08:13,549.75,1824536
2021-06-23 10:08:14,549.75,1824672
2021-06-23 10:08:15,549.8,1824771
2021-06-23 10:08:16,549.75,1824805
2021-06-23 10:08:17,549.75,1824929
2021-06-23 10:08:18,549.8,1826856
2021-06-23 10:08:19,549.8,1827345
2021-06-23 10:08:21,549.75,1827422
2021-06-23 10:08:22,549.8,1827692
2021-06-23 10:08:23,549.8,1827783
2021-06-23 10:08:24,549.75,1828163
2021-06-23 10:08:25,549.75,1828414
2021-06-23 10:08:26,549.8,1828604
2021-06-23 10:08:27,549.8,1828604
2021-06-23 10:08:28,549.75,1828694
2021-06-23 10:08:29,549.7,1828910
2021-06-23 10:08:30,549.75,1830681
2021-06-23 10:08:31,549.7,1830796
2021-06-23 10:08:32,549.7,1830979
2021-06-23 10:08:32,549.75,1831932
2021-06-23 10:08:33,549.7,1831983
2021-06-23 10:08:34,549.8,1836103
2021-06-23 10:08:35,549.8,1836259
2021-06-23 10:08:36,549.75,1836268
2021-06-23 10:08:37,549.75,1836310
2021-06-23 10:08:38,549.8,1837950
2021-06-23 10:08:39,549.75,1838127
2021-06-23 10:08:40,549.8,1838293
2021-06-23 10:08:42,550.35,1848711
2021-06-23 10:08:42,550.35,1848728
2021-06-23 10:08:43,550.15,1849538
2021-06-23 10:08:44,550.15,1849954
2021-06-23 10:08:45,550.35,1850091
2021-06-23 10:08:47,550.35,1850095
2021-06-23 10:08:48,550.15,1850612
2021-06-23 10:08:49,550.15,1850646
2021-06-23 10:08:50,550.15,1850673
2021-06-23 10:08:51,550.0,1850704
2021-06-23 10:08:51,550.0,1850713
2021-06-23 10:08:52,550.15,1852157
2021-06-23 10:08:53,550.15,1852258
2021-06-23 10:08:56,550.05,1852379
2021-06-23 10:08:57,550.05,1853516
2021-06-23 10:08:58,550.05,1853739
2021-06-23 10:08:59,550.0,1853833
2021-06-23 10:09:00,550.05,1855160
2021-06-23 10:09:01,550.05,1855612
2021-06-23 10:09:02,550.05,1855672
2021-06-23 10:09:03,550.05,1855809
2021-06-23 10:09:05,550.0,1855843
2021-06-23 10:09:06,550.05,1855953
2021-06-23 10:09:07,550.15,1856118
2021-06-23 10:09:08,550.05,1856197
2021-06-23 10:09:09,550.15,1856254
2021-06-23 10:09:09,550.15,1856264
2021-06-23 10:09:10,550.15,1857044
2021-06-23 10:09:11,550.15,1859741
2021-06-23 10:09:13,550.15,1859801
2021-06-23 10:09:14,550.1,1860002
2021-06-23 10:09:15,550.05,1860014
2021-06-23 10:09:16,550.1,1860317
2021-06-23 10:09:17,550.05,1860417
2021-06-23 10:09:18,550.05,1861552
2021-06-23 10:09:19,550.05,1861572
2021-06-23 10:09:20,550.0,1861942
2021-06-23 10:09:21,550.0,1862215
2021-06-23 10:09:22,550.0,1862970
2021-06-23 10:09:23,550.1,1864322
2021-06-23 10:09:25,550.05,1864495
2021-06-23 10:09:26,550.1,1864689
2021-06-23 10:09:27,550.0,1865343
2021-06-23 10:09:27,550.05,1865814
2021-06-23 10:09:29,550.0,1866111
2021-06-23 10:09:30,550.05,1866216
2021-06-23 10:09:31,550.05,1866791
2021-06-23 10:09:32,550.05,1867016
2021-06-23 10:09:33,550.05,1867088
2021-06-23 10:09:35,550.05,1867488
2021-06-23 10:09:35,550.05,1867595
2021-06-23 10:09:36,550.1,1867659
2021-06-23 10:09:37,550.1,1867659
2021-06-23 10:09:38,550.1,1868040
2021-06-23 10:09:39,550.1,1868040
2021-06-23 10:09:40,550.05,1868213
2021-06-23 10:09:41,550.0,1868287
2021-06-23 10:09:43,550.0,1868383
2021-06-23 10:09:44,550.0,1868486
2021-06-23 10:09:45,550.1,1868522
2021-06-23 10:09:46,550.1,1868572
2021-06-23 10:09:47,550.0,1868743
2021-06-23 10:09:48,550.0,1868798
2021-06-23 10:09:49,550.1,1868954
2021-06-23 10:09:50,550.1,1869044
2021-06-23 10:09:51,550.1,1869077
2021-06-23 10:09:51,550.0,1869288
2021-06-23 10:09:52,550.1,1869411
2021-06-23 10:09:54,550.1,1869483
2021-06-23 10:09:55,550.1,1869518
2021-06-23 10:09:56,550.05,1869558
2021-06-23 10:09:57,550.1,1869603
2021-06-23 10:09:58,550.1,1869677
2021-06-23 10:09:59,550.05,1869780
2021-06-23 10:10:00,550.05,1869823
2021-06-23 10:10:01,550.05,1869876
2021-06-23 10:10:01,550.05,1869893
2021-06-23 10:10:02,550.05,1869925
2021-06-23 10:10:04,550.05,1869950
2021-06-23 10:10:05,550.1,1870082
2021-06-23 10:10:06,550.1,1870109
2021-06-23 10:10:07,550.1,1870131
2021-06-23 10:10:08,550.05,1870742
2021-06-23 10:10:09,550.05,1870853
2021-06-23 10:10:10,550.0,1870881
2021-06-23 10:10:11,550.05,1871431
2021-06-23 10:10:11,550.05,1871551
2021-06-23 10:10:12,550.0,1871570
2021-06-23 10:10:13,550.05,1871639
2021-06-23 10:10:15,550.05,1871815
2021-06-23 10:10:16,550.0,1871916
2021-06-23 10:10:17,550.05,1872028
2021-06-23 10:10:18,550.05,1872028
2021-06-23 10:10:19,550.05,1872147
2021-06-23 10:10:20,550.05,1872734
2021-06-23 10:10:21,550.0,1872742
2021-06-23 10:10:21,550.0,1872746
2021-06-23 10:10:22,550.05,1872767
2021-06-23 10:10:24,550.05,1872773
2021-06-23 10:10:25,550.05,1872804
2021-06-23 10:10:26,550.05,1874758
2021-06-23 10:10:27,550.0,1874778
2021-06-23 10:10:28,550.05,1874887
2021-06-23 10:10:29,550.0,1874893
2021-06-23 10:10:30,550.0,1874915
2021-06-23 10:10:31,550.05,1874936
2021-06-23 10:10:32,550.0,1875244
2021-06-23 10:10:33,550.05,1875456
2021-06-23 10:10:34,550.05,1876884
2021-06-23 10:10:35,550.0,1876909
2021-06-23 10:10:36,550.05,1876952
2021-06-23 10:10:37,550.05,1877345
2021-06-23 10:10:38,550.0,1877430
2021-06-23 10:10:39,550.05,1877488
2021-06-23 10:10:40,550.0,1878173
2021-06-23 10:10:41,550.0,1878449
2021-06-23 10:10:42,550.05,1878663
2021-06-23 10:10:43,550.05,1878879
2021-06-23 10:10:44,550.0,1878980
2021-06-23 10:10:46,550.05,1879171
2021-06-23 10:10:47,550.05,1880073
2021-06-23 10:10:48,550.0,1880180
2021-06-23 10:10:49,550.0,1880385
2021-06-23 10:10:50,550.0,1880637
2021-06-23 10:10:51,550.05,1880866
2021-06-23 10:10:52,550.05,1881056
2021-06-23 10:10:53,550.05,1881339
2021-06-23 10:10:54,550.05,1881469
2021-06-23 10:10:55,550.05,1881569
2021-06-23 10:10:55,550.0,1881624
2021-06-23 10:10:56,550.0,1881861
2021-06-23 10:10:58,550.0,1882081
2021-06-23 10:10:59,550.1,1882693
2021-06-23 10:11:00,550.05,1883013
2021-06-23 10:11:01,550.1,1883125
2021-06-23 10:11:02,550.1,1883129
2021-06-23 10:11:03,550.0,1883289
2021-06-23 10:11:04,550.0,1883689
2021-06-23 10:11:07,550.05,1884116
2021-06-23 10:11:08,550.1,1884291
2021-06-23 10:11:09,550.1,1884297
2021-06-23 10:11:10,550.05,1884418
2021-06-23 10:11:11,550.05,1884657
2021-06-23 10:11:12,550.05,1884657
2021-06-23 10:11:13,550.0,1884773
2021-06-23 10:11:14,550.0,1884898
2021-06-23 10:11:15,550.05,1885003
2021-06-23 10:11:16,550.0,1885139
2021-06-23 10:11:17,550.05,1885236
2021-06-23 10:11:19,550.05,1887057
2021-06-23 10:11:20,550.0,1887078
2021-06-23 10:11:22,550.0,1887171
2021-06-23 10:11:25,550.05,1887362
2021-06-23 10:11:26,550.0,1887567
2021-06-23 10:11:28,550.0,1887746
2021-06-23 10:11:29,550.0,1887777
2021-06-23 10:11:30,550.05,1888042
2021-06-23 10:11:31,550.05,1888062
2021-06-23 10:11:32,550.0,1888770
2021-06-23 10:11:33,550.0,1889017
2021-06-23 10:11:34,550.0,1889445
2021-06-23 10:11:35,550.05,1889953
2021-06-23 10:11:36,550.05,1890037
2021-06-23 10:11:37,550.05,1890038
2021-06-23 10:11:38,550.0,1890047
2021-06-23 10:11:39,550.0,1890594
2021-06-23 10:11:40,550.05,1890840
2021-06-23 10:11:41,550.05,1890941
2021-06-23 10:11:42,550.05,1891080
2021-06-23 10:11:43,550.05,1891206
2021-06-23 10:11:44,550.0,1891292
2021-06-23 10:11:45,550.0,1891492
2021-06-23 10:11:46,550.0,1893526
2021-06-23 10:11:47,550.05,1895174
2021-06-23 10:11:48,549.95,1895239
2021-06-23 10:11:49,549.95,1895239
2021-06-23 10:11:50,549.95,1895987
2021-06-23 10:11:51,549.9,1896061
2021-06-23 10:11:52,550.0,1896358
2021-06-23 10:11:53,549.9,1896839
2021-06-23 10:11:54,550.05,1897026
2021-06-23 10:11:55,549.95,1897068
2021-06-23 10:11:56,549.9,1897376
2021-06-23 10:11:57,549.9,1897700
2021-06-23 10:11:58,549.85,1897854
2021-06-23 10:12:00,549.85,1898816
2021-06-23 10:12:01,549.85,1899096
2021-06-23 10:12:02,549.9,1901166
2021-06-23 10:12:03,549.9,1903848
2021-06-23 10:12:05,549.85,1907030
2021-06-23 10:12:06,549.85,1907066
2021-06-23 10:12:08,549.8,1908058
2021-06-23 10:12:09,549.8,1908306
2021-06-23 10:12:10,549.65,1908972
2021-06-23 10:12:12,549.8,1909934
2021-06-23 10:12:13,549.6,1910074
2021-06-23 10:12:14,549.6,1910283
2021-06-23 10:12:15,549.6,1910685
2021-06-23 10:12:16,549.5,1911650
2021-06-23 10:12:17,549.5,1912459
2021-06-23 10:12:18,549.6,1913581
2021-06-23 10:12:19,549.65,1914445
2021-06-23 10:12:20,549.5,1915613
2021-06-23 10:12:21,549.55,1916043
2021-06-23 10:12:22,549.55,1916508
2021-06-23 10:12:23,549.5,1917113
2021-06-23 10:12:24,549.5,1917512
2021-06-23 10:12:25,549.4,1918917
2021-06-23 10:12:26,549.6,1922824
2021-06-23 10:12:27,549.35,1922909
2021-06-23 10:12:28,549.4,1923258
2021-06-23 10:12:29,549.25,1924518
2021-06-23 10:12:31,549.35,1925514
2021-06-23 10:12:34,549.2,1926765
2021-06-23 10:12:35,549.25,1928289
2021-06-23 10:12:37,549.25,1929455
2021-06-23 10:12:36,549.25,1928973
2021-06-23 10:12:38,549.1,1930646
2021-06-23 10:12:39,549.2,1931186
2021-06-23 10:12:40,549.35,1935978
2021-06-23 10:12:41,549.15,1938984
2021-06-23 10:12:42,549.25,1941117
2021-06-23 10:12:43,549.1,1941855
2021-06-23 10:12:44,549.25,1942632
2021-06-23 10:12:45,549.1,1942647
2021-06-23 10:12:46,549.15,1942922
2021-06-23 10:12:47,549.15,1943389
2021-06-23 10:12:48,549.25,1944801
2021-06-23 10:12:49,549.2,1945528
2021-06-23 10:12:50,549.15,1945766
2021-06-23 10:12:51,549.2,1946092
2021-06-23 10:12:52,549.15,1946259
2021-06-23 10:12:53,549.05,1947430
2021-06-23 10:12:54,549.05,1949720
2021-06-23 10:12:55,549.0,1950499
2021-06-23 10:12:56,549.0,1951150
2021-06-23 10:12:57,549.0,1953680
2021-06-23 10:12:58,549.05,1954541
2021-06-23 10:12:59,549.05,1954682
2021-06-23 10:13:00,549.05,1955537
2021-06-23 10:13:01,549.05,1955605
2021-06-23 10:13:03,549.0,1956708
2021-06-23 10:13:05,549.0,1957871
2021-06-23 10:13:06,549.05,1958617
2021-06-23 10:13:07,549.0,1959275
2021-06-23 10:13:08,548.95,1960829
2021-06-23 10:13:09,548.85,1961409
2021-06-23 10:13:10,548.8,1962164
2021-06-23 10:13:11,548.8,1963354
2021-06-23 10:13:12,548.85,1964266
2021-06-23 10:13:13,549.0,1966223
2021-06-23 10:13:14,548.85,1966629
2021-06-23 10:13:15,548.8,1967718
2021-06-23 10:13:16,548.85,1968237
2021-06-23 10:13:17,548.85,1968914
2021-06-23 10:13:18,548.95,1969246
2021-06-23 10:13:19,548.9,1969979
2021-06-23 10:13:20,548.9,1970552
2021-06-23 10:13:21,548.85,1971513
2021-06-23 10:13:22,548.7,1972470
2021-06-23 10:13:23,548.7,1972604
2021-06-23 10:13:24,548.85,1973285
2021-06-23 10:13:25,548.95,1975648
2021-06-23 10:13:26,548.65,1981203
2021-06-23 10:13:27,548.55,1983432
2021-06-23 10:13:28,548.65,1985735
2021-06-23 10:13:29,548.65,1986123
2021-06-23 10:13:31,548.6,1989687
2021-06-23 10:13:32,548.55,1990579
2021-06-23 10:13:33,548.5,1992325
2021-06-23 10:13:34,548.55,1995158
2021-06-23 10:13:35,548.5,1997290
2021-06-23 10:13:36,548.55,1998067
2021-06-23 10:13:37,548.65,1998434
2021-06-23 10:13:38,548.6,1999772
2021-06-23 10:13:39,548.6,2000305
2021-06-23 10:13:40,548.6,2002355
2021-06-23 10:13:41,548.7,2004207
2021-06-23 10:13:42,548.85,2007107
2021-06-23 10:13:43,548.85,2008169
2021-06-23 10:13:44,548.6,2008569
2021-06-23 10:13:45,548.7,2009197
2021-06-23 10:13:46,548.6,2009773
2021-06-23 10:13:47,548.6,2010621
2021-06-23 10:13:48,548.55,2011293
2021-06-23 10:13:49,548.65,2014072
2021-06-23 10:13:50,548.65,2015595
2021-06-23 10:13:51,548.6,2016067
2021-06-23 10:13:52,548.6,2016336
2021-06-23 10:13:54,548.65,2017112
2021-06-23 10:13:54,548.65,2017361
2021-06-23 10:13:55,548.65,2018190
2021-06-23 10:13:56,548.6,2018429
2021-06-23 10:13:57,548.6,2018722
2021-06-23 10:13:58,548.65,2018936
2021-06-23 10:13:59,548.6,2021693
2021-06-23 10:14:00,548.65,2022920
2021-06-23 10:14:02,548.6,2023317
2021-06-23 10:14:02,548.6,2023594
2021-06-23 10:14:03,548.7,2027837
2021-06-23 10:14:04,548.65,2028721
2021-06-23 10:14:06,548.7,2031915
2021-06-23 10:14:07,548.7,2032696
2021-06-23 10:14:08,548.65,2033160
2021-06-23 10:14:09,548.65,2034290
2021-06-23 10:14:10,548.65,2035686
2021-06-23 10:14:12,548.7,2037963
2021-06-23 10:14:13,548.7,2038177
2021-06-23 10:14:14,548.65,2038266
2021-06-23 10:14:15,548.95,2041525
2021-06-23 10:14:16,548.7,2041700
2021-06-23 10:14:17,548.8,2041768
2021-06-23 10:14:18,548.8,2041954
2021-06-23 10:14:19,548.75,2042048
2021-06-23 10:14:21,548.65,2044241
2021-06-23 10:14:21,548.75,2045124
2021-06-23 10:14:22,548.75,2045390
2021-06-23 10:14:23,548.7,2045565
2021-06-23 10:14:25,548.7,2045766
2021-06-23 10:14:25,548.7,2045930
2021-06-23 10:14:26,548.7,2046580
2021-06-23 10:14:27,548.7,2047253
2021-06-23 10:14:28,548.75,2047584
2021-06-23 10:14:29,548.7,2047629
2021-06-23 10:14:30,548.7,2048087
2021-06-23 10:14:31,548.65,2049080
2021-06-23 10:14:32,548.7,2049716
2021-06-23 10:14:33,548.7,2050003
2021-06-23 10:14:34,548.6,2050077
2021-06-23 10:14:35,548.65,2050181
2021-06-23 10:14:36,548.6,2050417
2021-06-23 10:14:37,548.5,2053149
2021-06-23 10:14:38,548.5,2054744
2021-06-23 10:14:39,548.45,2055698
2021-06-23 10:14:40,548.4,2056153
2021-06-23 10:14:42,548.4,2057169
2021-06-23 10:14:44,548.2,2057571
2021-06-23 10:14:45,548.2,2057682
2021-06-23 10:14:46,548.3,2057926
2021-06-23 10:14:48,548.2,2058812
2021-06-23 10:14:49,548.2,2059321
2021-06-23 10:14:50,548.2,2059553
2021-06-23 10:14:51,548.2,2060857
2021-06-23 10:14:52,548.2,2062009
2021-06-23 10:14:53,548.15,2062357
2021-06-23 10:14:54,548.15,2063325
2021-06-23 10:14:55,548.1,2064465
2021-06-23 10:14:56,548.1,2064920
2021-06-23 10:14:57,548.2,2065251
2021-06-23 10:14:58,548.15,2065783
2021-06-23 10:15:00,548.05,2069746
2021-06-23 10:15:01,548.05,2072203
2021-06-23 10:15:02,548.05,2072493
2021-06-23 10:15:03,548.1,2073454
2021-06-23 10:15:04,548.05,2073952
2021-06-23 10:15:05,548.15,2074894
2021-06-23 10:15:06,548.1,2075171
2021-06-23 10:15:07,548.1,2075322
2021-06-23 10:15:08,548.0,2075447
2021-06-23 10:15:09,548.0,2075666
2021-06-23 10:15:10,548.05,2075796
2021-06-23 10:15:11,548.1,2076330
2021-06-23 10:15:12,548.0,2076627
2021-06-23 10:15:13,548.1,2077155
2021-06-23 10:15:14,548.0,2082496
2021-06-23 10:15:16,547.9,2099108
2021-06-23 10:15:17,547.9,2099887
2021-06-23 10:15:18,547.85,2099953
2021-06-23 10:15:19,547.9,2101547
2021-06-23 10:15:27,547.5,2109275
2021-06-23 10:15:30,547.55,2112797
2021-06-23 10:15:31,547.5,2117559
2021-06-23 10:15:33,547.45,2120455
2021-06-23 10:15:34,547.5,2122527
2021-06-23 10:15:37,547.25,2125387
2021-06-23 10:15:36,547.35,2125275
2021-06-23 10:15:38,547.2,2126786
2021-06-23 10:15:39,547.35,2127263
2021-06-23 10:15:40,547.25,2127536
2021-06-23 10:15:40,547.25,2127668
2021-06-23 10:15:41,547.25,2127946
2021-06-23 10:15:42,547.15,2129171
2021-06-23 10:15:43,547.1,2130912
2021-06-23 10:15:44,547.15,2131603
2021-06-23 10:15:45,547.3,2132068
2021-06-23 10:15:46,547.25,2134443
2021-06-23 10:15:47,547.2,2134476
2021-06-23 10:15:50,547.2,2136692
2021-06-23 10:15:51,547.15,2137718
2021-06-23 10:15:52,547.15,2139555
2021-06-23 10:15:53,547.2,2141801
2021-06-23 10:15:54,547.15,2142227
2021-06-23 10:15:55,547.25,2143501
2021-06-23 10:15:56,547.25,2144334
2021-06-23 10:15:57,547.25,2144609
2021-06-23 10:15:58,547.25,2145505
2021-06-23 10:15:59,547.25,2147410
2021-06-23 10:16:01,547.25,2147860
2021-06-23 10:16:02,547.2,2148804
2021-06-23 10:16:03,547.2,2149166
2021-06-23 10:16:04,547.25,2150478
2021-06-23 10:16:05,547.2,2150503
2021-06-23 10:16:06,547.55,2162050
2021-06-23 10:16:07,547.55,2162514
2021-06-23 10:16:08,547.5,2164806
2021-06-23 10:16:09,547.45,2166194
2021-06-23 10:16:10,547.4,2166549
2021-06-23 10:16:11,547.4,2166618
2021-06-23 10:16:12,547.35,2167481
2021-06-23 10:16:13,547.4,2169201
2021-06-23 10:16:14,547.4,2169353
2021-06-23 10:16:15,547.4,2169586
2021-06-23 10:16:16,547.3,2169990
2021-06-23 10:16:18,547.8,2172651
2021-06-23 10:16:19,547.8,2173780
2021-06-23 10:16:20,547.95,2175694
2021-06-23 10:16:24,547.65,2177783
2021-06-23 10:16:23,547.65,2177577
2021-06-23 10:16:25,547.7,2178259
2021-06-23 10:16:26,547.6,2178392
2021-06-23 10:16:27,547.75,2179626
2021-06-23 10:16:29,547.6,2182560
2021-06-23 10:16:30,547.6,2182661
2021-06-23 10:16:31,547.55,2183265
2021-06-23 10:16:32,547.6,2183579
2021-06-23 10:16:33,547.55,2183924
2021-06-23 10:16:34,547.55,2184048
2021-06-23 10:16:35,547.55,2184461
2021-06-23 10:16:36,547.55,2184805
2021-06-23 10:16:37,547.5,2185468
2021-06-23 10:16:38,547.4,2186305
2021-06-23 10:16:39,547.4,2187592
2021-06-23 10:16:40,547.4,2187698
2021-06-23 10:16:41,547.4,2188216
2021-06-23 10:16:42,547.35,2188271
2021-06-23 10:16:43,547.3,2188503
2021-06-23 10:16:44,547.25,2188878
2021-06-23 10:16:45,547.25,2189319
2021-06-23 10:16:46,547.25,2189779
2021-06-23 10:16:47,547.3,2190017
2021-06-23 10:16:48,547.4,2190785
2021-06-23 10:16:49,547.35,2190852
2021-06-23 10:16:50,547.25,2190853
2021-06-23 10:16:51,547.3,2191259
2021-06-23 10:16:52,547.4,2191515
2021-06-23 10:16:53,547.4,2191654
2021-06-23 10:16:54,547.35,2191722
2021-06-23 10:16:55,547.35,2191791
2021-06-23 10:16:56,547.45,2193174
2021-06-23 10:16:58,547.45,2193188
2021-06-23 10:16:59,547.55,2196896
2021-06-23 10:17:00,547.7,2198270
2021-06-23 10:17:01,547.6,2198397
2021-06-23 10:17:02,547.65,2198539
2021-06-23 10:17:03,547.7,2198597
2021-06-23 10:17:06,547.55,2200358
2021-06-23 10:17:10,547.65,2201801
2021-06-23 10:17:11,547.8,2203395
2021-06-23 10:17:12,547.8,2203614
2021-06-23 10:17:13,547.75,2203713
2021-06-23 10:17:14,547.7,2203780
2021-06-23 10:17:15,547.8,2203810
2021-06-23 10:17:16,547.75,2204137
2021-06-23 10:17:17,547.7,2204193
2021-06-23 10:17:19,547.8,2204777
2021-06-23 10:17:20,547.8,2204831
2021-06-23 10:17:21,547.8,2205135
2021-06-23 10:17:22,547.8,2205249
2021-06-23 10:17:23,547.7,2205315
2021-06-23 10:17:24,547.75,2205837
2021-06-23 10:17:25,547.9,2206761
2021-06-23 10:17:26,547.8,2206854
2021-06-23 10:17:27,547.65,2207312
2021-06-23 10:17:28,547.9,2207715
2021-06-23 10:17:29,547.9,2207766
2021-06-23 10:17:30,547.9,2207894
2021-06-23 10:17:31,547.9,2208082
2021-06-23 10:17:32,547.85,2208127
2021-06-23 10:17:33,547.9,2208309
2021-06-23 10:17:34,547.8,2208502
2021-06-23 10:17:35,547.8,2208556
2021-06-23 10:17:36,547.9,2208826
2021-06-23 10:17:37,547.9,2208985
2021-06-23 10:17:38,547.85,2209411
2021-06-23 10:17:39,547.95,2209865
2021-06-23 10:17:40,547.7,2210154
2021-06-23 10:17:41,547.8,2210298
2021-06-23 10:17:42,547.8,2210410
2021-06-23 10:17:43,547.75,2212788
2021-06-23 10:17:44,547.7,2212941
2021-06-23 10:17:45,547.75,2213339
2021-06-23 10:17:46,547.75,2213656
2021-06-23 10:17:47,548.0,2214231
2021-06-23 10:17:50,548.0,2214770
2021-06-23 10:17:55,547.75,2218831
2021-06-23 10:17:58,547.8,2219952
2021-06-23 10:18:00,547.8,2220670
2021-06-23 10:18:02,547.8,2220944
2021-06-23 10:18:02,547.75,2221096
2021-06-23 10:18:03,547.8,2221373
2021-06-23 10:18:05,547.75,2222570
2021-06-23 10:18:07,547.8,2222876
2021-06-23 10:18:07,547.8,2222922
2021-06-23 10:18:08,547.75,2223108
2021-06-23 10:18:10,547.85,2223960
2021-06-23 10:18:11,547.85,2224005
2021-06-23 10:18:12,547.8,2224032
2021-06-23 10:18:13,547.85,2224093
2021-06-23 10:18:14,547.85,2224273
2021-06-23 10:18:15,547.85,2224324
2021-06-23 10:18:16,547.85,2224552
2021-06-23 10:18:17,547.8,2224784
2021-06-23 10:18:19,547.8,2225950
2021-06-23 10:18:20,547.8,2226589
2021-06-23 10:18:21,547.85,2227144
2021-06-23 10:18:22,547.85,2227232
2021-06-23 10:18:23,547.85,2227277
2021-06-23 10:18:24,548.15,2230027
2021-06-23 10:18:26,548.1,2230066
2021-06-23 10:18:27,548.1,2230152
2021-06-23 10:18:28,547.8,2230689
2021-06-23 10:18:29,547.85,2230956
2021-06-23 10:18:30,547.85,2231242
2021-06-23 10:18:31,547.85,2231450
2021-06-23 10:18:32,547.8,2231501
2021-06-23 10:18:33,548.15,2232189
2021-06-23 10:18:34,548.1,2232190
2021-06-23 10:18:35,548.1,2232231
2021-06-23 10:18:35,548.1,2232231
2021-06-23 10:18:36,548.1,2232250
2021-06-23 10:18:37,548.1,2232254
2021-06-23 10:18:38,547.9,2232613
2021-06-23 10:18:39,547.9,2233791
2021-06-23 10:18:40,547.85,2234913
2021-06-23 10:18:42,547.85,2235231
2021-06-23 10:18:42,547.85,2235305
2021-06-23 10:18:43,547.85,2235828
2021-06-23 10:18:44,547.85,2236095
2021-06-23 10:18:45,547.75,2242226
2021-06-23 10:18:46,547.75,2242563
2021-06-23 10:18:47,547.7,2242601
2021-06-23 10:18:49,547.75,2242945
2021-06-23 10:18:50,547.55,2243046
2021-06-23 10:18:51,547.55,2243911
2021-06-23 10:18:52,547.5,2244094
2021-06-23 10:18:53,547.55,2244553
2021-06-23 10:18:55,547.55,2244768
2021-06-23 10:18:56,547.55,2244897
2021-06-23 10:18:57,547.55,2244962
2021-06-23 10:19:01,547.55,2246028
2021-06-23 10:19:02,547.5,2246123
2021-06-23 10:19:02,547.55,2246240
2021-06-23 10:19:03,547.5,2246675
2021-06-23 10:19:04,547.55,2247063
2021-06-23 10:19:05,547.55,2247485
2021-06-23 10:19:06,547.55,2248499
2021-06-23 10:19:08,547.55,2248608
2021-06-23 10:19:09,547.5,2248614
2021-06-23 10:19:10,547.5,2248900
2021-06-23 10:19:10,547.55,2249068
2021-06-23 10:19:11,547.4,2249395
2021-06-23 10:19:12,547.5,2249814
2021-06-23 10:19:13,547.55,2250527
2021-06-23 10:19:15,547.55,2250581
2021-06-23 10:19:15,547.75,2252140
2021-06-23 10:19:16,547.7,2252247
2021-06-23 10:19:17,547.7,2252257
2021-06-23 10:19:18,547.55,2252258
2021-06-23 10:19:19,547.55,2252299
2021-06-23 10:19:20,547.7,2252551
2021-06-23 10:19:21,547.6,2253499
2021-06-23 10:19:22,547.6,2253676
2021-06-23 10:19:24,547.55,2254701
2021-06-23 10:19:25,547.55,2254802
2021-06-23 10:19:26,547.55,2254808
2021-06-23 10:19:27,547.55,2254940
2021-06-23 10:19:28,547.55,2255009
2021-06-23 10:19:29,547.5,2255191
2021-06-23 10:19:29,547.55,2255298
2021-06-23 10:19:31,547.5,2255415
2021-06-23 10:19:31,547.55,2255477
2021-06-23 10:19:33,547.55,2255605
2021-06-23 10:19:34,547.55,2255986
2021-06-23 10:19:35,547.5,2256584
2021-06-23 10:19:36,547.55,2256814
2021-06-23 10:19:37,547.55,2259047
2021-06-23 10:19:38,547.5,2259212
2021-06-23 10:19:39,547.55,2259499
2021-06-23 10:19:40,547.55,2259563
2021-06-23 10:19:42,547.5,2259604
2021-06-23 10:19:43,547.5,2259968
2021-06-23 10:19:44,547.5,2260167
2021-06-23 10:19:45,547.55,2260515
2021-06-23 10:19:46,547.5,2260538
2021-06-23 10:19:48,547.55,2260577
2021-06-23 10:19:49,547.5,2260917
2021-06-23 10:19:50,547.55,2261209
2021-06-23 10:19:51,547.5,2261267
2021-06-23 10:19:52,547.55,2261842
2021-06-23 10:19:53,547.5,2262384
2021-06-23 10:19:54,547.5,2262494
2021-06-23 10:19:55,547.5,2262542
2021-06-23 10:19:56,547.55,2262855
2021-06-23 10:19:57,547.5,2264079
2021-06-23 10:19:58,547.5,2264179
2021-06-23 10:19:59,547.35,2264181
2021-06-23 10:20:00,547.5,2264463
2021-06-23 10:20:01,547.4,2265640
2021-06-23 10:20:02,547.4,2265754
2021-06-23 10:20:03,547.35,2266594
2021-06-23 10:20:04,547.3,2266910
2021-06-23 10:20:05,547.35,2267124
2021-06-23 10:20:07,547.3,2267468
2021-06-23 10:20:08,547.3,2267591
2021-06-23 10:20:09,547.35,2267732
2021-06-23 10:20:10,547.35,2267732
2021-06-23 10:20:11,547.3,2267890
2021-06-23 10:20:12,547.1,2269418
2021-06-23 10:20:14,547.05,2269928
2021-06-23 10:20:15,547.3,2270240
2021-06-23 10:20:17,546.8,2277722
2021-06-23 10:20:18,546.8,2277838
2021-06-23 10:20:18,546.8,2277888
2021-06-23 10:20:20,546.75,2278150
2021-06-23 10:20:21,546.75,2278225
2021-06-23 10:20:22,546.7,2278304
2021-06-23 10:20:23,546.7,2279806
2021-06-23 10:20:25,546.5,2280936
2021-06-23 10:20:25,546.7,2281343
2021-06-23 10:20:26,546.7,2281652
2021-06-23 10:20:28,546.5,2282889
2021-06-23 10:20:29,546.55,2284020
2021-06-23 10:20:30,546.55,2287734
2021-06-23 10:20:30,546.55,2287880
2021-06-23 10:20:31,546.55,2289299
2021-06-23 10:20:32,546.55,2290622
2021-06-23 10:20:33,546.5,2290691
2021-06-23 10:20:36,546.55,2291140
2021-06-23 10:20:37,546.5,2291198
2021-06-23 10:20:38,546.5,2291311
2021-06-23 10:20:39,546.55,2293849
2021-06-23 10:20:41,546.5,2294274
2021-06-23 10:20:42,546.35,2295913
2021-06-23 10:20:43,546.5,2296620
2021-06-23 10:20:44,546.5,2296880
2021-06-23 10:20:45,546.3,2297005
2021-06-23 10:20:46,546.35,2297338
2021-06-23 10:20:47,546.3,2297526
2021-06-23 10:20:47,546.3,2297740
2021-06-23 10:20:48,546.35,2299272
2021-06-23 10:20:49,546.3,2299929
2021-06-23 10:20:51,546.3,2300895
2021-06-23 10:20:52,546.35,2301404
2021-06-23 10:20:53,546.35,2301856
2021-06-23 10:20:54,546.35,2302592
2021-06-23 10:20:55,546.3,2302805
2021-06-23 10:20:56,546.2,2303445
2021-06-23 10:20:57,546.3,2303951
2021-06-23 10:20:58,546.35,2304911
2021-06-23 10:20:59,546.2,2305025
2021-06-23 10:21:00,546.45,2306188
2021-06-23 10:21:01,546.3,2306298
2021-06-23 10:21:02,546.45,2306533
2021-06-23 10:21:02,546.2,2306833
2021-06-23 10:21:03,546.25,2307464
2021-06-23 10:21:04,546.45,2307691
2021-06-23 10:21:06,546.3,2307892
2021-06-23 10:21:07,546.3,2309834
2021-06-23 10:21:08,546.3,2311660
2021-06-23 10:21:09,546.3,2312047
2021-06-23 10:21:10,546.3,2312384
2021-06-23 10:21:11,546.4,2316062
2021-06-23 10:21:12,546.4,2317158
2021-06-23 10:21:13,546.95,2320565
2021-06-23 10:21:15,546.9,2321263
2021-06-23 10:21:16,546.9,2321284
2021-06-23 10:21:17,546.9,2321616
2021-06-23 10:21:17,546.9,2321616
2021-06-23 10:21:18,546.65,2321940
2021-06-23 10:21:19,546.65,2322636
2021-06-23 10:21:20,546.7,2322917
2021-06-23 10:21:21,546.6,2323822
2021-06-23 10:21:22,546.6,2324151
2021-06-23 10:21:23,546.85,2324509
2021-06-23 10:21:24,546.85,2324897
2021-06-23 10:21:25,546.65,2325377
2021-06-23 10:21:27,546.65,2325663
2021-06-23 10:21:28,546.8,2325860
2021-06-23 10:21:29,546.85,2327001
2021-06-23 10:21:30,546.65,2327014
2021-06-23 10:21:31,546.85,2327509
2021-06-23 10:21:32,546.85,2327629
2021-06-23 10:21:33,546.6,2327879
2021-06-23 10:21:34,546.6,2327980
2021-06-23 10:21:35,546.85,2328681
2021-06-23 10:21:36,546.7,2328834
2021-06-23 10:21:37,546.7,2328967
2021-06-23 10:21:38,546.85,2329112
2021-06-23 10:21:38,546.85,2329115
2021-06-23 10:21:40,546.85,2329265
2021-06-23 10:21:41,546.7,2329405
2021-06-23 10:21:42,546.7,2329843
2021-06-23 10:21:43,546.8,2330099
2021-06-23 10:21:44,546.65,2330541
2021-06-23 10:21:45,546.8,2330944
2021-06-23 10:21:46,546.65,2331038
2021-06-23 10:21:47,546.8,2331707
2021-06-23 10:21:50,546.75,2331911
2021-06-23 10:21:50,546.75,2331911
2021-06-23 10:21:51,546.7,2333583
2021-06-23 10:21:52,546.7,2334308
2021-06-23 10:21:54,546.65,2334348
2021-06-23 10:21:56,546.65,2335063
2021-06-23 10:21:55,546.6,2334883
2021-06-23 10:21:57,546.65,2335063
2021-06-23 10:21:58,546.65,2335543
2021-06-23 10:22:00,546.65,2337479
2021-06-23 10:22:01,546.5,2337835
2021-06-23 10:22:02,546.55,2338693
2021-06-23 10:22:03,546.5,2339212
2021-06-23 10:22:04,546.65,2339591
2021-06-23 10:22:05,546.5,2340081
2021-06-23 10:22:06,546.5,2340106
2021-06-23 10:22:07,546.45,2340223
2021-06-23 10:22:08,546.65,2340720
2021-06-23 10:22:09,546.65,2340731
2021-06-23 10:22:10,546.65,2340798
2021-06-23 10:22:11,546.6,2340835
2021-06-23 10:22:12,546.6,2340985
2021-06-23 10:22:13,546.55,2341009
2021-06-23 10:22:14,546.6,2341264
2021-06-23 10:22:15,546.55,2341437
2021-06-23 10:22:16,546.55,2341691
2021-06-23 10:22:17,546.55,2341826
2021-06-23 10:22:19,546.6,2341945
2021-06-23 10:22:18,546.6,2341917
2021-06-23 10:22:20,546.65,2342106
2021-06-23 10:22:21,546.65,2342207
2021-06-23 10:22:22,546.65,2342452
2021-06-23 10:22:24,546.6,2342854
2021-06-23 10:22:26,546.65,2343129
2021-06-23 10:22:25,546.65,2343129
2021-06-23 10:22:27,546.65,2343476
2021-06-23 10:22:28,546.9,2345376
2021-06-23 10:22:29,546.9,2345444
2021-06-23 10:22:30,546.9,2346112
2021-06-23 10:22:31,546.9,2346173
2021-06-23 10:22:32,546.9,2346173
2021-06-23 10:22:34,546.85,2346835
2021-06-23 10:22:33,546.85,2346785
2021-06-23 10:22:36,546.8,2349991
2021-06-23 10:22:37,546.85,2350292
2021-06-23 10:22:38,547.0,2352034
2021-06-23 10:22:39,547.0,2352045
2021-06-23 10:22:40,546.85,2353982
2021-06-23 10:22:41,547.0,2354910
2021-06-23 10:22:42,547.0,2355001
2021-06-23 10:22:43,547.0,2355007
2021-06-23 10:22:44,546.9,2355159
2021-06-23 10:22:45,547.0,2355488
2021-06-23 10:22:46,547.0,2355614
2021-06-23 10:22:47,546.9,2355731
2021-06-23 10:22:50,546.95,2356645
2021-06-23 10:22:51,546.95,2357932
2021-06-23 10:22:52,546.9,2357945
2021-06-23 10:22:53,546.9,2358259
2021-06-23 10:22:54,546.95,2358570
2021-06-23 10:22:55,546.95,2358570
2021-06-23 10:22:56,546.95,2358816
2021-06-23 10:22:57,546.9,2359408
2021-06-23 10:22:58,546.9,2359466
2021-06-23 10:22:59,546.95,2359835
2021-06-23 10:23:00,546.95,2359980
2021-06-23 10:23:01,546.9,2360045
2021-06-23 10:23:02,546.9,2360047
2021-06-23 10:23:03,546.9,2360089
2021-06-23 10:23:04,546.9,2360190
2021-06-23 10:23:05,547.0,2366824
2021-06-23 10:23:06,547.0,2366824
2021-06-23 10:23:07,547.0,2366848
2021-06-23 10:23:08,547.15,2372437
2021-06-23 10:23:10,547.15,2372647
2021-06-23 10:23:11,547.0,2372869
2021-06-23 10:23:13,547.0,2374050
2021-06-23 10:23:14,547.0,2374467
2021-06-23 10:23:15,547.1,2375044
2021-06-23 10:23:16,547.1,2375094
2021-06-23 10:23:17,547.1,2375129
2021-06-23 10:23:18,547.15,2375534
2021-06-23 10:23:19,547.15,2375544
2021-06-23 10:23:21,547.0,2376027
2021-06-23 10:23:20,547.0,2375916
2021-06-23 10:23:22,547.1,2376109
2021-06-23 10:23:23,547.15,2377211
2021-06-23 10:23:24,547.0,2377258
2021-06-23 10:23:25,547.15,2377372
2021-06-23 10:23:26,547.15,2377928
2021-06-23 10:23:27,547.0,2378148
2021-06-23 10:23:28,547.1,2378335
2021-06-23 10:23:29,547.15,2378744
2021-06-23 10:23:30,547.05,2378784
2021-06-23 10:23:31,547.05,2378962
2021-06-23 10:23:32,547.05,2379052
2021-06-23 10:23:33,547.0,2380364
2021-06-23 10:23:34,547.15,2380858
2021-06-23 10:23:35,547.1,2380861
2021-06-23 10:23:37,547.1,2381208
2021-06-23 10:23:38,547.1,2381208
2021-06-23 10:23:39,547.1,2381217
2021-06-23 10:23:40,547.1,2381399
2021-06-23 10:23:41,547.1,2381542
2021-06-23 10:23:42,547.1,2381576
2021-06-23 10:23:43,547.2,2382307
2021-06-23 10:23:44,547.25,2382794
2021-06-23 10:23:45,547.25,2382795
2021-06-23 10:23:46,547.25,2382866
2021-06-23 10:23:47,547.25,2382866
2021-06-23 10:23:48,547.25,2382982
2021-06-23 10:23:49,547.1,2383055
2021-06-23 10:23:50,547.25,2383164
2021-06-23 10:23:51,547.45,2383621
2021-06-23 10:23:52,547.5,2383821
2021-06-23 10:23:53,547.5,2383822
2021-06-23 10:23:54,547.25,2384077
2021-06-23 10:23:55,547.45,2384619
2021-06-23 10:23:56,547.4,2384730
2021-06-23 10:23:57,547.45,2385189
2021-06-23 10:23:58,547.55,2386706
2021-06-23 10:23:59,547.55,2386891
2021-06-23 10:24:00,547.45,2386925
2021-06-23 10:24:02,547.55,2387238
2021-06-23 10:24:03,547.75,2387888
2021-06-23 10:24:03,547.75,2387888
2021-06-23 10:24:04,547.75,2387888
2021-06-23 10:24:05,547.75,2388043
2021-06-23 10:24:06,547.55,2388165
2021-06-23 10:24:07,547.75,2389130
2021-06-23 10:24:08,547.55,2389131
2021-06-23 10:24:09,547.75,2390346
2021-06-23 10:24:10,547.75,2390453
2021-06-23 10:24:11,547.75,2390630
2021-06-23 10:24:12,547.75,2390978
2021-06-23 10:24:13,547.75,2391431
2021-06-23 10:24:14,547.75,2392031
2021-06-23 10:24:15,547.6,2392507
2021-06-23 10:24:16,547.75,2392656
2021-06-23 10:24:17,547.6,2393011
2021-06-23 10:24:18,547.6,2393152
